|j|ŌśåMarzipanTheFirst
|j|Ōśåcillianvgc
|html|MarzipanTheFirstcillianvgc    
|uhtml|bestof|Game 3 of a best-of-3
|t:|1785926673
|gametype|doubles
|player|p1|MarzipanTheFirst|wallace|1099
|player|p2|cillianvgc|nate|1330
|gen|9
|tier|[Gen 9 Champions] VGC 2026 Reg M-B (Bo3)
|rated|
|rule|Species Clause: Limit one of each Pok├®mon
|rule|Item Clause: Limit 1 of each item
|clearpoke
|poke|p1|Dragalge, L50, M|
|poke|p1|Mamoswine, L50, F|
|poke|p1|Aerodactyl, L50, F|
|poke|p1|Lopunny, L50, M|
|poke|p1|Kingambit, L50, M|
|poke|p1|Sinistcha-Masterpiece, L50|
|poke|p2|Froslass, L50, F|
|poke|p2|Gholdengo, L50|
|poke|p2|Milotic, L50, M|
|poke|p2|Kommo-o, L50, M|
|poke|p2|Incineroar, L50, M|
|poke|p2|Sinistcha, L50|
|teampreview|4
|showteam|p1|Dragalge||Dragalgite|Adaptability|DracoMeteor,FlipTurn,SludgeBomb,Protect|Modest||M|||50|]Mamoswine||LifeOrb|Oblivious|IceShard,HighHorsepower,IcicleCrash,Protect|Adamant||F|||50|]Aerodactyl||FocusSash|Unnerve|RockSlide,DualWingbeat,Tailwind,Protect|Jolly||F|||50|]Lopunny||Lopunnite|CuteCharm|CloseCombat,TripleAxel,Pounce,FakeOut|Jolly||M|||50|]Kingambit||BlackGlasses|Defiant|KowtowCleave,SuckerPunch,IronHead,Protect|Adamant||M|||50|]Sinistcha-Masterpiece||ColburBerry|Hospitality|MatchaGotcha,RagePowder,TrickRoom,Protect|Bold|||||50|
|showteam|p2|Froslass||Froslassite|SnowCloak|Protect,ShadowBall,Blizzard,AuroraVeil|Timid||F|||50|]Gholdengo||LifeOrb|GoodasGold|MakeItRain,ShadowBall,NastyPlot,Protect|Modest|||||50|]Milotic||Leftovers|Competitive|Coil,MuddyWater,Recover,Hypnosis|Modest||M|||50|]Kommo-o||DragonFang|Soundproof|ClangorousSoul,AuraSphere,Protect,ClangingScales|Modest||M|||50|]Incineroar||SitrusBerry|Intimidate|FlareBlitz,FakeOut,PartingShot,WillOWisp|Relaxed||M|||50|]Sinistcha||BrightPowder|Hospitality|MatchaGotcha,RagePowder,LifeDew,TrickRoom|Sassy|||||50|
|inactive|Battle timer is ON: inactive players will automatically lose when time's up. (requested by MarzipanTheFirst)
|inactive|cillianvgc has 60 seconds left.
|
|t:|1785926734
|teamsize|p1|4
|teamsize|p2|4
|start
|switch|p1a: Mamoswine|Mamoswine, L50, F|100/100
|switch|p1b: Lopunny|Lopunny, L50, M|100/100
|switch|p2a: KommUh-oh|Kommo-o, L50, M|100/100
|switch|p2b: Incineroar|Incineroar, L50, M|100/100
|-ability|p2b: Incineroar|Intimidate|boost
|-fail|p1a: Mamoswine|unboost|Attack|[from] ability: Oblivious|[of] p1a: Mamoswine
|-unboost|p1b: Lopunny|atk|1
|turn|1
|
|t:|1785926755
|switch|p2b: Sinistcha|Sinistcha, L50|100/100
|detailschange|p1b: Lopunny|Lopunny-Mega, L50, M
|-mega|p1b: Lopunny|Lopunny|Lopunnite
|move|p2a: KommUh-oh|Protect|p2a: KommUh-oh
|-singleturn|p2a: KommUh-oh|Protect
|move|p1b: Lopunny|Fake Out|p2b: Sinistcha
|-damage|p2b: Sinistcha|85/100
|move|p1a: Mamoswine|Ice Shard|p2a: KommUh-oh
|-activate|p2a: KommUh-oh|move: Protect
|
|upkeep
|turn|2
|
|t:|1785926774
|switch|p1b: Aerodactyl|Aerodactyl, L50, F|100/100
|-ability|p1b: Aerodactyl|Unnerve
|switch|p2a: Froslass|Froslass, L50, F|100/100
|switch|p2b: Incineroar|Incineroar, L50, M|100/100
|-ability|p2b: Incineroar|Intimidate|boost
|-fail|p1a: Mamoswine|unboost|Attack|[from] ability: Oblivious|[of] p1a: Mamoswine
|-unboost|p1b: Aerodactyl|atk|1
|move|p1a: Mamoswine|Protect||[still]
|-fail|p1a: Mamoswine
|
|upkeep
|turn|3
|
|t:|1785926797
|detailschange|p2a: Froslass|Froslass-Mega, L50, F
|-mega|p2a: Froslass|Froslass|Froslassite
|-weather|Snowscape|[from] ability: Snow Warning|[of] p2a: Froslass
|move|p1a: Mamoswine|Protect|p1a: Mamoswine
|-singleturn|p1a: Mamoswine|Protect
|move|p2b: Incineroar|Fake Out|p1b: Aerodactyl
|-resisted|p1b: Aerodactyl|1
|-damage|p1b: Aerodactyl|90/100
|cant|p1b: Aerodactyl|flinch
|move|p2a: Froslass|Aurora Veil|p2a: Froslass
|-sidestart|p2: cillianvgc|move: Aurora Veil
|
|-weather|Snowscape|[upkeep]
|upkeep
|turn|4
|
|t:|1785926819
|move|p1b: Aerodactyl|Tailwind|p1b: Aerodactyl
|-sidestart|p1: MarzipanTheFirst|move: Tailwind
|move|p1a: Mamoswine|High Horsepower|p2b: Incineroar
|-supereffective|p2b: Incineroar|1
|-damage|p2b: Incineroar|30/100
|-damage|p1a: Mamoswine|90/100|[from] item: Life Orb
|move|p2a: Froslass|Blizzard|p1a: Mamoswine|[spread] p1a,p1b
|-supereffective|p1b: Aerodactyl|1
|-damage|p1a: Mamoswine|27/100
|-damage|p1b: Aerodactyl|0 fnt
|-enditem|p2b: Incineroar|Sitrus Berry|[eat]
|-heal|p2b: Incineroar|55/100|[from] item: Sitrus Berry
|faint|p1b: Aerodactyl
|move|p2b: Incineroar|Parting Shot|p1a: Mamoswine
|-unboost|p1a: Mamoswine|atk|1
|-unboost|p1a: Mamoswine|spa|1
|
|t:|1785926835
|switch|p2b: KommUh-oh|Kommo-o, L50, M|100/100|[from] Parting Shot
|
|-weather|Snowscape|[upkeep]
|upkeep
|
|t:|1785926839
|switch|p1b: Lopunny|Lopunny-Mega, L50, M|100/100
|turn|5
|
|t:|1785926855
|move|p2a: Froslass|Protect|p2a: Froslass
|-singleturn|p2a: Froslass|Protect
|move|p2b: KommUh-oh|Protect|p2b: KommUh-oh
|-singleturn|p2b: KommUh-oh|Protect
|move|p1b: Lopunny|Close Combat|p2a: Froslass
|-activate|p2a: Froslass|move: Protect
|move|p1a: Mamoswine|Icicle Crash|p2b: KommUh-oh
|-activate|p2b: KommUh-oh|move: Protect
|
|-weather|Snowscape|[upkeep]
|upkeep
|turn|6
|inactive|cillianvgc has 30 seconds left.
|
|t:|1785926890
|move|p1b: Lopunny|Close Combat|p2a: Froslass
|-supereffective|p2a: Froslass|1
|-damage|p2a: Froslass|17/100
|-unboost|p1b: Lopunny|def|1
|-unboost|p1b: Lopunny|spd|1
|move|p1a: Mamoswine|Icicle Crash|p2b: KommUh-oh
|-supereffective|p2b: KommUh-oh|1
|-damage|p2b: KommUh-oh|49/100
|-damage|p1a: Mamoswine|18/100|[from] item: Life Orb
|move|p2a: Froslass|Blizzard|p1a: Mamoswine|[spread] p1a,p1b
|-damage|p1a: Mamoswine|0 fnt
|-damage|p1b: Lopunny|4/100
|faint|p1a: Mamoswine
|cant|p2b: KommUh-oh|flinch
|
|-weather|Snowscape|[upkeep]
|upkeep
|
|t:|1785926905
|switch|p1a: Kingambit|Kingambit, L50, M|100/100
|turn|7
|
|t:|1785926923
|switch|p2b: Sinistcha|Sinistcha, L50|85/100
|-heal|p2a: Froslass|42/100|[from] ability: Hospitality|[of] p2b: Sinistcha
|move|p2a: Froslass|Protect|p2a: Froslass
|-singleturn|p2a: Froslass|Protect
|move|p1a: Kingambit|Sucker Punch||[still]
|-fail|p1a: Kingambit
|move|p1b: Lopunny|Close Combat|p2b: Sinistcha
|-damage|p2b: Sinistcha|50/100g
|-unboost|p1b: Lopunny|def|1
|-unboost|p1b: Lopunny|spd|1
|
|-weather|none
|-sideend|p1: MarzipanTheFirst|move: Tailwind
|-sideend|p2: cillianvgc|move: Aurora Veil
|upkeep
|turn|8
|inactive|MarzipanTheFirst has 30 seconds left.
|inactive|MarzipanTheFirst has 20 seconds left.
|inactive|MarzipanTheFirst has 15 seconds left.
|
|t:|1785926965
|move|p2b: Sinistcha|Rage Powder|p2b: Sinistcha
|-singleturn|p2b: Sinistcha|move: Rage Powder
|move|p1b: Lopunny|Triple Axel|p2b: Sinistcha
|-supereffective|p2b: Sinistcha|1
|-damage|p2b: Sinistcha|35/100
|-supereffective|p2b: Sinistcha|1
|-damage|p2b: Sinistcha|11/100
|-supereffective|p2b: Sinistcha|1
|-damage|p2b: Sinistcha|0 fnt
|faint|p2b: Sinistcha
|-hitcount|p2: Sinistcha|3
|move|p2a: Froslass|Blizzard|p1a: Kingambit|[spread] p1a,p1b
|-resisted|p1a: Kingambit|1
|-damage|p1a: Kingambit|76/100
|-damage|p1b: Lopunny|0 fnt
|-status|p1a: Kingambit|frz
|faint|p1b: Lopunny
|cant|p1a: Kingambit|frz
|
|upkeep
|
|t:|1785926981
|switch|p2b: KommUh-oh|Kommo-o, L50, M|49/100
|turn|9
|c|ŌśåMarzipanTheFirst|Luck as hell
|
|t:|1785926992
|move|p2a: Froslass|Shadow Ball|p1a: Kingambit
|-resisted|p1a: Kingambit|1
|-damage|p1a: Kingambit|55/100 frz
|move|p2b: KommUh-oh|Aura Sphere|p1a: Kingambit
|-supereffective|p1a: Kingambit|2
|-damage|p1a: Kingambit|0 fnt
|faint|p1a: Kingambit
|
|win|cillianvgc
|raw|MarzipanTheFirst's rating: 1099 → 1089(-10 for losing)
|raw|cillianvgc's rating: 1330 → 1338(+8 for winning)
|c|ŌśåMarzipanTheFirst|Ggs wp
|c|Ōśåcillianvgc|gg
|c|ŌśåMarzipanTheFirst|I'm tanking so hard rn
|c|ŌśåMarzipanTheFirst|What do you think I can do to improve my team?
|c|Ōśåcillianvgc|Whats dragalge do?
|c|ŌśåMarzipanTheFirst|Second mega
|c|ŌśåMarzipanTheFirst|Can sweep with tr or tw
|c|ŌśåMarzipanTheFirst|Ohkos most fairy grass and dragons
|c|Ōśåcillianvgc|Hows your rain mu?
|c|ŌśåMarzipanTheFirst|As in swampert rain?
|c|Ōśåcillianvgc|yeah
|c|ŌśåMarzipanTheFirst|It's fine
|c|ŌśåMarzipanTheFirst|Biggest problem is arch but I can deal with it consistently
|c|Ōśåcillianvgc|Why Mamo over chomp?
|c|ŌśåMarzipanTheFirst|Mamo is better chomp counter
|c|ŌśåMarzipanTheFirst|And I don't need to be weaker to chomp than I already am
|c|Ōśåcillianvgc|Fair
|c|ŌśåMarzipanTheFirst|Plus mamo can sweep if left unchecked
|c|Ōśåcillianvgc|Hard for me to figure out what you're losing to
|c|Ōśåcillianvgc|you're running an interesting team
|c|ŌśåMarzipanTheFirst|Thx
|c|ŌśåMarzipanTheFirst|Mega y-chus and starphox and problems for my team
|c|ŌśåMarzipanTheFirst|I can beat raptor and phix but it's a bit of a struggle
|c|ŌśåMarzipanTheFirst|Phox*
|c|Ōśåcillianvgc|yeah, i'm trying to figure out how to beat starapter sand
|c|Ōśåcillianvgc|It's why i'm running this team now
|c|ŌśåMarzipanTheFirst|Staraptor sand is easy for my team lol
|c|ŌśåMarzipanTheFirst|Mega lop , aero and mamo counter it
|c|Ōśåcillianvgc|true
|c|ŌśåMarzipanTheFirst|Mega lop is great anti meta
|c|ŌśåMarzipanTheFirst|I GTG dude
|c|ŌśåMarzipanTheFirst|Cya
|l|ŌśåMarzipanTheFirst
|player|p1|
|c|Ōśåcillianvgc|Cya, sorry i couldn't be more of a help lmao
|j|ŌśåMarzipanTheFirst
|player|p1|MarzipanTheFirst|wallace|
