|j|☆strifesada
|j|☆ismaaelh_
|html|strifesadaismaaelh_    
|uhtml|bestof|Game 1 of a best-of-3
|t:|1783902317
|gametype|doubles
|player|p1|strifesada|piers|1252
|player|p2|ismaaelh_|1|1110
|gen|9
|tier|[Gen 9 Champions] VGC 2026 Reg M-B (Bo3)
|rated|
|rule|Species Clause: Limit one of each Pokémon
|rule|Item Clause: Limit 1 of each item
|clearpoke
|poke|p1|Raichu, L50, F|
|poke|p1|Incineroar, L50, M|
|poke|p1|Sylveon, L50, F|
|poke|p1|Whimsicott, L50, F|
|poke|p1|Basculegion, L50, M|
|poke|p1|Metagross, L50|
|poke|p2|Jolteon, L50, M|
|poke|p2|Raichu, L50, F|
|poke|p2|Vanilluxe, L50, F|
|poke|p2|Annihilape, L50, F|
|poke|p2|Aerodactyl, L50, F|
|poke|p2|Basculegion, L50, M|
|teampreview|4
|showteam|p1|Raichu||RaichuniteY|LightningRod|ZapCannon,FocusBlast,FakeOut,Protect|Timid||F|||50|]Incineroar||Charcoal|Intimidate|FlareBlitz,DarkestLariat,FakeOut,PartingShot|Brave||M|||50|]Sylveon||FairyFeather|Pixilate|HyperVoice,CalmMind,QuickAttack,Protect|Modest||F|||50|]Whimsicott||FocusSash|Prankster|EnergyBall,Encore,Protect,Tailwind|Timid||F|||50|]Basculegion||LifeOrb|Adaptability|WaveCrash,LastRespects,Protect,AquaJet|Adamant||M|||50|]Metagross||Metagrossite|ClearBody|MeteorMash,RockSlide,PsychicFangs,Protect|Jolly|||||50|
|showteam|p2|Jolteon||LifeOrb|VoltAbsorb|RisingVoltage,WeatherBall,Electroweb,Protect|Timid||M|||50|]Raichu||RaichuniteX|LightningRod|FakeOut,VoltTackle,HelpingHand,Protect|Adamant||F|||50|]Vanilluxe||ChoiceScarf|SnowWarning|Blizzard,WeatherBall,IcyWind,IceBeam|Timid||F|||50|]Annihilape||Leftovers|Defiant|RageFist,DrainPunch,BulkUp,Protect|Adamant||F|||50|]Aerodactyl||FocusSash|Unnerve|RockSlide,DualWingbeat,WideGuard,Protect|Jolly||F|||50|]Basculegion||MysticWater|Adaptability|LastRespects,WaveCrash,AquaJet,Protect|Jolly||M|||50|
|inactive|Battle timer is ON: inactive players will automatically lose when time's up. (requested by ismaaelh_)
|inactive|strifesada has 60 seconds left.
|
|t:|1783902545
|teamsize|p1|4
|teamsize|p2|4
|start
|switch|p1a: Whimsicott|Whimsicott, L50, F|100/100
|switch|p1b: Sylveon|Sylveon, L50, F|100/100
|switch|p2a: Raichu|Raichu, L50, F|100/100
|switch|p2b: Annihilape|Annihilape, L50, F|100/100
|turn|1
|inactive|ismaaelh_ has 30 seconds left.
|
|t:|1783902572
|detailschange|p2a: Raichu|Raichu-Mega-X, L50, F
|-mega|p2a: Raichu|Raichu|Raichunite X
|-fieldstart|move: Electric Terrain|[from] ability: Electric Surge|[of] p2a: Raichu
|move|p1a: Whimsicott|Protect|p1a: Whimsicott
|-singleturn|p1a: Whimsicott|Protect
|move|p1b: Sylveon|Protect|p1b: Sylveon
|-singleturn|p1b: Sylveon|Protect
|move|p2a: Raichu|Fake Out|p1a: Whimsicott
|-activate|p1a: Whimsicott|move: Protect
|move|p2b: Annihilape|Rage Fist|p1b: Sylveon
|-activate|p1b: Sylveon|move: Protect
|
|upkeep
|turn|2
|
|t:|1783902587
|move|p2b: Annihilape|Protect|p2b: Annihilape
|-singleturn|p2b: Annihilape|Protect
|move|p1a: Whimsicott|Tailwind|p1a: Whimsicott
|-sidestart|p1: strifesada|move: Tailwind
|move|p1b: Sylveon|Hyper Voice|p2a: Raichu|[spread] p2a
|-activate|p2b: Annihilape|move: Protect
|-damage|p2a: Raichu|47/100
|move|p2a: Raichu|Volt Tackle|p1b: Sylveon
|-damage|p1b: Sylveon|1/100
|-status|p1b: Sylveon|par
|-damage|p2a: Raichu|13/100|[from] Recoil
|
|upkeep
|turn|3
|inactive|ismaaelh_ has 30 seconds left.
|
|t:|1783902620
|switch|p1b: Raichu|Raichu, L50, F|100/100
|move|p2a: Raichu|Protect|p2a: Raichu
|-singleturn|p2a: Raichu|Protect
|move|p1a: Whimsicott|Encore|p2b: Annihilape
|-start|p2b: Annihilape|Encore
|move|p2b: Annihilape|Protect||[still]
|-fail|p2b: Annihilape
|
|upkeep
|turn|4
|
|t:|1783902633
|switch|p1b: Metagross|Metagross, L50|100/100
|move|p2b: Annihilape|Protect|p2b: Annihilape
|-singleturn|p2b: Annihilape|Protect
|move|p1a: Whimsicott|Encore|p2a: Raichu
|-start|p2a: Raichu|Encore
|move|p2a: Raichu|Protect||[still]
|-fail|p2a: Raichu
|
|upkeep
|turn|5
|
|t:|1783902648
|switch|p2a: Basculegion|Basculegion, L50, M|100/100
|detailschange|p1b: Metagross|Metagross-Mega, L50
|-mega|p1b: Metagross|Metagross|Metagrossite
|move|p2b: Annihilape|Protect||[still]
|-fail|p2b: Annihilape
|move|p1a: Whimsicott|Energy Ball|p2a: Basculegion
|-supereffective|p2a: Basculegion|1
|-damage|p2a: Basculegion|38/100
|move|p1b: Metagross|Psychic Fangs|p2b: Annihilape
|-supereffective|p2b: Annihilape|1
|-damage|p2b: Annihilape|0 fnt
|faint|p2b: Annihilape
|
|-sideend|p1: strifesada|move: Tailwind
|-fieldend|move: Electric Terrain
|upkeep
|
|t:|1783902661
|switch|p2b: Jolteon|Jolteon, L50, M|100/100
|turn|6
|-message|strifesada forfeited.
|raw|strifesada's rating: 1252 → 1217(-35 for losing)
|raw|ismaaelh_'s rating: 1110 → 1145(+35 for winning)
|
|win|ismaaelh_
