|j|☆wat2199
|j|☆Cannon14
|html|wat2199Cannon14    
|uhtml|bestof|Game 2 of a best-of-3
|t:|1784527299
|gametype|doubles
|player|p1|wat2199|nurse|1182
|player|p2|Cannon14|steven|1221
|gen|9
|tier|[Gen 9 Champions] VGC 2026 Reg M-B (Bo3)
|rated|
|rule|Species Clause: Limit one of each Pokémon
|rule|Item Clause: Limit 1 of each item
|clearpoke
|poke|p1|Floette-Eternal, L50, F|
|poke|p1|Metagross, L50, shiny|
|poke|p1|Sinistcha, L50|
|poke|p1|Sneasler, L50, M|
|poke|p1|Incineroar, L50, M|
|poke|p1|Aerodactyl, L50, M|
|poke|p2|Lycanroc-Dusk, L50, F|
|poke|p2|Froslass, L50, F|
|poke|p2|Scovillain, L50, M|
|poke|p2|Gholdengo, L50|
|poke|p2|Incineroar, L50, M, shiny|
|poke|p2|Dragonite, L50, F|
|teampreview|4
|showteam|p1|Floette-Eternal||Floettite|FlowerVeil|DazzlingGleam,DrainingKiss,CalmMind,Protect|Modest||F|||50|]Metagross||Metagrossite|ClearBody|PsychicFangs,StompingTantrum,BulletPunch,Protect|Adamant|||||50|]Sinistcha||FocusSash|Hospitality|ShadowBall,MatchaGotcha,RagePowder,Protect|Modest|||||50|]Sneasler||WhiteHerb|Unburden|CloseCombat,DireClaw,Coaching,FakeOut|Jolly||M|||50|]Incineroar||SitrusBerry|Intimidate|FlareBlitz,FakeOut,PartingShot,Roar|Careful||M|||50|]Aerodactyl||WideLens|Unnerve|RockSlide,IceFang,Tailwind,Protect|Jolly||M|||50|
|showteam|p2|Lycanroc-Dusk||FocusSash|ToughClaws|Accelerock,RockSlide,CloseCombat,Protect|Jolly||F|||50|]Froslass||Froslassite|CursedBody|ShadowBall,Blizzard,AuroraVeil,Protect|Timid||F|||50|]Scovillain||Scovillainite|Chlorophyll|GigaDrain,Overheat,RagePowder,Protect|Calm||M|||50|]Gholdengo||Leftovers|GoodasGold|ShadowBall,MakeItRain,NastyPlot,Protect|Modest|||||50|]Incineroar||PasshoBerry|Intimidate|FakeOut,FlareBlitz,ThroatChop,PartingShot|Careful||M|||50|]Dragonite||DragonFang|Multiscale|DragonClaw,LowKick,Tailwind,Protect|Adamant||F|||50|
|inactive|Battle timer is ON: inactive players will automatically lose when time's up. (requested by wat2199)
|inactive|Cannon14 also wants the timer to be on.
|inactive|wat2199 has 60 seconds left.
|inactive|Cannon14 has 60 seconds left.
|
|t:|1784527355
|teamsize|p1|4
|teamsize|p2|4
|start
|switch|p1a: Rey|Sneasler, L50, M|100/100
|switch|p1b: Suzzy|Metagross, L50, shiny|100/100
|switch|p2a: Dragonite|Dragonite, L50, F|100/100
|switch|p2b: Gholdengo|Gholdengo, L50|100/100
|turn|1
|inactive|wat2199 has 30 seconds left.
|inactive|Cannon14 has 30 seconds left.
|inactive|Cannon14 has 20 seconds left.
|
|t:|1784527391
|detailschange|p1b: Suzzy|Metagross-Mega, L50, shiny
|-mega|p1b: Suzzy|Metagross|Metagrossite
|move|p1a: Rey|Coaching|p1b: Suzzy
|-boost|p1b: Suzzy|atk|1
|-boost|p1b: Suzzy|def|1
|move|p1b: Suzzy|Stomping Tantrum|p2b: Gholdengo
|-supereffective|p2b: Gholdengo|1
|-damage|p2b: Gholdengo|0 fnt
|faint|p2b: Gholdengo
|move|p2a: Dragonite|Dragon Claw|p1a: Rey
|-damage|p1a: Rey|21/100
|
|upkeep
|
|t:|1784527405
|switch|p2b: Incineroar|Incineroar, L50, M, shiny|100/100
|-ability|p2b: Incineroar|Intimidate|boost
|-unboost|p1a: Rey|atk|1
|-unboost|p1b: Suzzy|atk|1
|-enditem|p1a: Rey|White Herb
|-clearnegativeboost|p1a: Rey|[silent]
|turn|2
|inactive|wat2199 has 30 seconds left.
|inactive|Cannon14 has 30 seconds left.
|inactive|wat2199 has 20 seconds left.
|inactive|Cannon14 has 20 seconds left.
|inactive|wat2199 has 15 seconds left.
|
|t:|1784527449
|switch|p1a: Laukea|Incineroar, L50, M|100/100
|-ability|p1a: Laukea|Intimidate|boost
|-unboost|p2a: Dragonite|atk|1
|-unboost|p2b: Incineroar|atk|1
|switch|p1b: Khing|Aerodactyl, L50, M|100/100
|-ability|p1b: Khing|Unnerve
|move|p2b: Incineroar|Fake Out|p1b: Khing
|-resisted|p1b: Khing|1
|-damage|p1b: Khing|95/100
|move|p2a: Dragonite|Tailwind|p2a: Dragonite
|-sidestart|p2: Cannon14|move: Tailwind
|
|upkeep
|turn|3
|
|t:|1784527468
|switch|p2a: Froslass|Froslass, L50, F|100/100
|move|p1a: Laukea|Fake Out|p2b: Incineroar
|-damage|p2b: Incineroar|90/100
|move|p1b: Khing|Tailwind|p1b: Khing
|-sidestart|p1: wat2199|move: Tailwind
|cant|p2b: Incineroar|flinch
|
|upkeep
|turn|4
|inactive|Cannon14 has 30 seconds left.
|inactive|Cannon14 has 20 seconds left.
|
|t:|1784527507
|detailschange|p2a: Froslass|Froslass-Mega, L50, F
|-mega|p2a: Froslass|Froslass|Froslassite
|-weather|Snowscape|[from] ability: Snow Warning|[of] p2a: Froslass
|move|p1b: Khing|Protect|p1b: Khing
|-singleturn|p1b: Khing|Protect
|move|p2a: Froslass|Blizzard|p1b: Khing|[spread] p1a
|-activate|p1b: Khing|move: Protect
|-resisted|p1a: Laukea|1
|-damage|p1a: Laukea|84/100
|move|p2b: Incineroar|Parting Shot|p1a: Laukea
|-unboost|p1a: Laukea|atk|1
|-unboost|p1a: Laukea|spa|1
|
|t:|1784527519
|switch|p2b: Dragonite|Dragonite, L50, F|100/100|[from] Parting Shot
|move|p1a: Laukea|Roar|p2a: Froslass
|drag|p2a: Incineroar|Incineroar, L50, M, shiny|90/100
|-ability|p2a: Incineroar|Intimidate|boost
|-unboost|p1a: Laukea|atk|1
|-unboost|p1b: Khing|atk|1
|
|-weather|Snowscape|[upkeep]
|upkeep
|turn|5
|
|t:|1784527541
|switch|p1a: Suzzy|Metagross-Mega, L50, shiny|100/100
|move|p2a: Incineroar|Fake Out|p1b: Khing
|-resisted|p1b: Khing|1
|-damage|p1b: Khing|88/100
|cant|p1b: Khing|flinch
|move|p2b: Dragonite|Dragon Claw|p1b: Khing
|-damage|p1b: Khing|17/100
|
|-weather|Snowscape|[upkeep]
|-sideend|p2: Cannon14|move: Tailwind
|upkeep
|turn|6
|inactive|wat2199 has 30 seconds left.
|inactive|Cannon14 has 30 seconds left.
|
|t:|1784527571
|move|p1b: Khing|Rock Slide|p2b: Dragonite|[spread] p2a,p2b
|-supereffective|p2a: Incineroar|1
|-supereffective|p2b: Dragonite|1
|-damage|p2a: Incineroar|63/100
|-damage|p2b: Dragonite|86/100
|move|p1a: Suzzy|Stomping Tantrum|p2a: Incineroar
|-supereffective|p2a: Incineroar|1
|-damage|p2a: Incineroar|0 fnt
|faint|p2a: Incineroar
|move|p2b: Dragonite|Dragon Claw|p1b: Khing
|-damage|p1b: Khing|0 fnt
|faint|p1b: Khing
|
|-weather|Snowscape|[upkeep]
|-sideend|p1: wat2199|move: Tailwind
|upkeep
|
|t:|1784527589
|switch|p1b: Laukea|Incineroar, L50, M|84/100
|switch|p2a: Froslass|Froslass-Mega, L50, F|100/100
|-ability|p1b: Laukea|Intimidate|boost
|-unboost|p2a: Froslass|atk|1
|-unboost|p2b: Dragonite|atk|1
|turn|7
|inactive|wat2199 has 30 seconds left.
|inactive|wat2199 has 20 seconds left.
|
|t:|1784527627
|switch|p1b: Rey|Sneasler, L50, M|21/100
|move|p1a: Suzzy|Bullet Punch|p2a: Froslass
|-supereffective|p2a: Froslass|1
|-damage|p2a: Froslass|52/100
|move|p2a: Froslass|Aurora Veil|p2a: Froslass
|-sidestart|p2: Cannon14|move: Aurora Veil
|move|p2b: Dragonite|Low Kick|p1b: Rey
|-resisted|p1b: Rey|1
|-crit|p1b: Rey
|-damage|p1b: Rey|0 fnt
|faint|p1b: Rey
|
|-weather|Snowscape|[upkeep]
|upkeep
|
|t:|1784527637
|switch|p1b: Laukea|Incineroar, L50, M|84/100
|-ability|p1b: Laukea|Intimidate|boost
|-unboost|p2a: Froslass|atk|1
|-unboost|p2b: Dragonite|atk|1
|turn|8
|
|t:|1784527655
|move|p2a: Froslass|Protect|p2a: Froslass
|-singleturn|p2a: Froslass|Protect
|move|p1a: Suzzy|Protect|p1a: Suzzy
|-singleturn|p1a: Suzzy|Protect
|move|p2b: Dragonite|Low Kick|p1a: Suzzy
|-activate|p1a: Suzzy|move: Protect
|move|p1b: Laukea|Flare Blitz|p2a: Froslass
|-activate|p2a: Froslass|move: Protect
|
|-weather|none
|upkeep
|turn|9
|
|t:|1784527679
|move|p1a: Suzzy|Bullet Punch|p2a: Froslass
|-supereffective|p2a: Froslass|1
|-damage|p2a: Froslass|4/100
|move|p2a: Froslass|Shadow Ball|p1a: Suzzy
|-supereffective|p1a: Suzzy|1
|-damage|p1a: Suzzy|28/100
|-unboost|p1a: Suzzy|spd|1
|move|p2b: Dragonite|Low Kick|p1a: Suzzy
|-damage|p1a: Suzzy|11/100
|move|p1b: Laukea|Flare Blitz|p2a: Froslass
|-supereffective|p2a: Froslass|1
|-damage|p2a: Froslass|0 fnt
|faint|p2a: Froslass
|-damage|p1b: Laukea|82/100|[from] Recoil
|
|upkeep
|turn|10
|inactive|wat2199 has 30 seconds left.
|
|t:|1784527706
|move|p1a: Suzzy|Protect|p1a: Suzzy
|-singleturn|p1a: Suzzy|Protect
|move|p2b: Dragonite|Protect|p2b: Dragonite
|-singleturn|p2b: Dragonite|Protect
|move|p1b: Laukea|Parting Shot|p2b: Dragonite
|-activate|p2b: Dragonite|move: Protect
|
|upkeep
|turn|11
|
|t:|1784527713
|move|p1a: Suzzy|Psychic Fangs|p2b: Dragonite
|-sideend|p2: Cannon14|move: Aurora Veil
|-damage|p2b: Dragonite|28/100
|move|p2b: Dragonite|Low Kick|p1a: Suzzy
|-damage|p1a: Suzzy|0 fnt
|faint|p1a: Suzzy
|move|p1b: Laukea|Parting Shot|p2b: Dragonite
|-unboost|p2b: Dragonite|atk|1
|-unboost|p2b: Dragonite|spa|1
|
|upkeep
|turn|12
|
|t:|1784527722
|move|p2b: Dragonite|Low Kick|p1b: Laukea
|-supereffective|p1b: Laukea|1
|-damage|p1b: Laukea|60/100
|move|p1b: Laukea|Flare Blitz|p2b: Dragonite
|-resisted|p2b: Dragonite|1
|-crit|p2b: Dragonite
|-damage|p2b: Dragonite|0 fnt
|faint|p2b: Dragonite
|-damage|p1b: Laukea|51/100|[from] Recoil
|
|win|wat2199
|raw|wat2199's rating: 1182 → 1210(+28 for winning)
|raw|Cannon14's rating: 1221 → 1193(-28 for losing)
|l|☆Cannon14
|player|p2|
