|j|☆valxrie
|j|☆tidal otter
|html|valxrietidal otter    
|uhtml|bestof|Game 2 of a best-of-3
|t:|1784489922
|gametype|doubles
|player|p1|valxrie|101|
|player|p2|tidal otter|siebold|
|gen|9
|tier|[Gen 9 Champions] VGC 2026 Reg M-B (Bo3)
|rule|Species Clause: Limit one of each Pokémon
|rule|Item Clause: Limit 1 of each item
|clearpoke
|poke|p1|Garchomp, L50, M|
|poke|p1|Sableye, L50, F|
|poke|p1|Metagross, L50|
|poke|p1|Delphox, L50, M|
|poke|p1|Sneasler, L50, M|
|poke|p1|Floette-Eternal, L50, F|
|poke|p2|Charizard, L50, F|
|poke|p2|Venusaur, L50, M|
|poke|p2|Annihilape, L50, F|
|poke|p2|Maushold, L50|
|poke|p2|Grimmsnarl, L50, M|
|poke|p2|Glimmora, L50, F|
|teampreview|4
|showteam|p1|Garchomp||ChoiceScarf|RoughSkin|Earthquake,RockSlide,DragonClaw,FireBlast|Naive||M|||50|]Sableye||RoseliBerry|Prankster|FakeOut,Encore,KnockOff,WillOWisp|Careful||F|||50|]Metagross||Metagrossite|ClearBody|MeteorMash,PsychicFangs,RockSlide,BulletPunch|Jolly|||||50|]Delphox||Delphoxite|Blaze|HeatWave,Psychic,Overheat,DazzlingGleam|Timid||M|||50|]Sneasler||WhiteHerb|Unburden|UpperHand,CloseCombat,DireClaw,FakeOut|Adamant||M|||50|]Floette-Eternal||LifeOrb|Symbiosis|Synthesis,LightofRuin,EnergyBall,Trailblaze|Hasty||F|||50|
|showteam|p2|Charizard||CharizarditeY|Blaze|HeatWave,SolarBeam,WeatherBall,Protect|Timid||F|||50|]Venusaur||LifeOrb|Chlorophyll|EarthPower,GigaDrain,SleepPowder,Protect|Modest||M|||50|]Annihilape||Leftovers|Defiant|RageFist,DrainPunch,BulkUp,Protect|Adamant||F|||50|]Maushold||ChopleBerry|FriendGuard|BeatUp,SuperFang,FollowMe,Protect|Jolly|||||50|]Grimmsnarl||LightClay|Prankster|FakeOut,LightScreen,Reflect,SpiritBreak|Adamant||M|||50|]Glimmora||FocusSash|ToxicDebris|PowerGem,SludgeBomb,DazzlingGleam,SpikyShield|Timid||F|||50|
|j| Milkshook♡
|
|t:|1784489966
|teamsize|p1|4
|teamsize|p2|4
|start
|switch|p1a: Sneasler|Sneasler, L50, M|100/100
|switch|p1b: Delphox|Delphox, L50, M|100/100
|switch|p2a: Igneel|Charizard, L50, F|100/100
|switch|p2b: Aldoron|Venusaur, L50, M|100/100
|turn|1
|
|t:|1784490014
|detailschange|p1b: Delphox|Delphox-Mega, L50, M
|-mega|p1b: Delphox|Delphox|Delphoxite
|detailschange|p2a: Igneel|Charizard-Mega-Y, L50, F
|-mega|p2a: Igneel|Charizard|Charizardite Y
|-weather|SunnyDay|[from] ability: Drought|[of] p2a: Igneel
|move|p1a: Sneasler|Fake Out|p2b: Aldoron
|-damage|p2b: Aldoron|79/100
|cant|p2b: Aldoron|flinch
|move|p1b: Delphox|Psychic|p2b: Aldoron
|-supereffective|p2b: Aldoron|1
|-damage|p2b: Aldoron|0 fnt
|faint|p2b: Aldoron
|move|p2a: Igneel|Weather Ball|p1a: Sneasler
|-damage|p1a: Sneasler|0 fnt
|faint|p1a: Sneasler
|
|-weather|SunnyDay|[upkeep]
|upkeep
|
|t:|1784490024
|switch|p1a: Garchomp|Garchomp, L50, M|100/100
|switch|p2b: Elefseria|Maushold, L50|100/100
|turn|2
|
|t:|1784490057
|switch|p2a: Skiadrum|Annihilape, L50, F|100/100
|move|p1a: Garchomp|Rock Slide|p2b: Elefseria|[spread] p2a,p2b
|-resisted|p2a: Skiadrum|1
|-damage|p2a: Skiadrum|93/100
|-damage|p2b: Elefseria|74/100
|move|p1b: Delphox|Psychic|p2a: Skiadrum
|-supereffective|p2a: Skiadrum|1
|-damage|p2a: Skiadrum|26/100
|cant|p2b: Elefseria|flinch
|
|-weather|SunnyDay|[upkeep]
|-heal|p2a: Skiadrum|32/100|[from] item: Leftovers
|upkeep
|turn|3
|
|t:|1784490076
|move|p2a: Skiadrum|Protect|p2a: Skiadrum
|-singleturn|p2a: Skiadrum|Protect
|move|p1a: Garchomp|Rock Slide|p2b: Elefseria|[spread] p2b
|-activate|p2a: Skiadrum|move: Protect
|-damage|p2b: Elefseria|48/100
|move|p1b: Delphox|Psychic|p2a: Skiadrum
|-activate|p2a: Skiadrum|move: Protect
|move|p2b: Elefseria|Super Fang|p1a: Garchomp
|-damage|p1a: Garchomp|50/100g
|-damage|p2b: Elefseria|36/100|[from] ability: Rough Skin|[of] p1a: Garchomp
|
|-weather|SunnyDay|[upkeep]
|-heal|p2a: Skiadrum|38/100|[from] item: Leftovers
|upkeep
|turn|4
|
|t:|1784490097
|move|p2b: Elefseria|Follow Me|p2b: Elefseria
|-singleturn|p2b: Elefseria|move: Follow Me
|move|p1a: Garchomp|Rock Slide|p2a: Skiadrum|[spread] p2a,p2b
|-resisted|p2a: Skiadrum|1
|-damage|p2a: Skiadrum|31/100
|-damage|p2b: Elefseria|9/100
|move|p1b: Delphox|Heat Wave|p2a: Skiadrum|[spread] p2a,p2b
|-crit|p2a: Skiadrum
|-damage|p2a: Skiadrum|0 fnt
|-damage|p2b: Elefseria|0 fnt
|faint|p2a: Skiadrum
|faint|p2b: Elefseria
|
|-weather|SunnyDay|[upkeep]
|upkeep
|
|t:|1784490104
|switch|p2b: Igneel|Charizard-Mega-Y, L50, F|100/100
|turn|5
|
|t:|1784490111
|move|p1a: Garchomp|Rock Slide|p2b: Igneel
|-supereffective|p2b: Igneel|2
|-damage|p2b: Igneel|0 fnt
|faint|p2b: Igneel
|
|win|valxrie
|c|☆tidal otter|gg
||tidal otter is ready for game 3.
||valxrie is ready for game 3.
|uhtml|next|Next: Game 3 of 3
|c|☆valxrie|gg
|l| Milkshook♡
|j| frostwandered
|l| frostwandered
|l|☆valxrie
|player|p1|
