|j|☆Vinzmoke
|j|☆Plus2OnBlock
|html|VinzmokePlus2OnBlock    
|uhtml|bestof|Game 2 of a best-of-3
|t:|1783292942
|gametype|doubles
|player|p1|Vinzmoke|blue|1054
|player|p2|Plus2OnBlock|clerkf|1000
|gen|9
|tier|[Gen 9 Champions] VGC 2026 Reg M-B (Bo3)
|rated|
|rule|Species Clause: Limit one of each Pokémon
|rule|Item Clause: Limit 1 of each item
|clearpoke
|poke|p1|Swampert, L50, F|
|poke|p1|Pelipper, L50, M|
|poke|p1|Archaludon, L50, M|
|poke|p1|Sableye, L50, F|
|poke|p1|Raichu, L50, F|
|poke|p1|Basculegion, L50, M|
|poke|p2|Blastoise, L50, M, shiny|
|poke|p2|Delphox, L50, M, shiny|
|poke|p2|Sinistcha, L50, shiny|
|poke|p2|Sneasler, L50, F, shiny|
|poke|p2|Kingambit, L50, F, shiny|
|poke|p2|Incineroar, L50, M, shiny|
|teampreview|4
|showteam|p1|Swampert||Swampertite|Torrent|Earthquake,Protect,WaveCrash,IcePunch|Serious||F|||50|]Pelipper||FocusSash|Drizzle|Hurricane,Tailwind,WideGuard,WeatherBall|Modest||M|||50|]Archaludon|||Stamina|ElectroShot,DracoMeteor,Protect,FlashCannon|Serious||M|||50|]Sableye||Leftovers|Prankster|RainDance,WillOWisp,FoulPlay,LightScreen|Calm||F|||50|]Raichu||RaichuniteY|LightningRod|FocusBlast,Thunder,FakeOut,Protect|Timid||F|||50|]Basculegion||ChoiceScarf|Adaptability|AquaJet,FlipTurn,LastRespects,WaveCrash|Jolly||M|||50|
|showteam|p2|Blastoise||Blastoisinite|RainDish|WaterSpout,DarkPulse,ShellSmash,Protect|Modest||M|||50|]Delphox||Delphoxite|Blaze|HeatWave,Psyshock,NastyPlot,Protect|Timid||M|||50|]Sinistcha||KasibBerry|Hospitality|MatchaGotcha,RagePowder,TrickRoom,Protect|Bold|||||50|]Sneasler||FocusSash|PoisonTouch|CloseCombat,PoisonJab,FakeOut,QuickGuard|Jolly||F|||50|]Kingambit||BlackGlasses|Defiant|KowtowCleave,SuckerPunch,SwordsDance,Protect|Adamant||F|||50|]Incineroar||SitrusBerry|Intimidate|FlareBlitz,FakeOut,HelpingHand,PartingShot|Impish||M|||50|
|inactive|Battle timer is ON: inactive players will automatically lose when time's up. (requested by Vinzmoke)
|
|t:|1783292963
|teamsize|p1|4
|teamsize|p2|4
|start
|switch|p1a: Sableye|Sableye, L50, F|100/100
|switch|p1b: Basculegion|Basculegion, L50, M|100/100
|switch|p2a: Blastoise|Blastoise, L50, M, shiny|100/100
|switch|p2b: Sneasler|Sneasler, L50, F, shiny|100/100
|turn|1
|
|t:|1783292985
|detailschange|p2a: Blastoise|Blastoise-Mega, L50, M, shiny
|-mega|p2a: Blastoise|Blastoise|Blastoisinite
|move|p1a: Sableye|Rain Dance|p1a: Sableye
|-weather|RainDance
|move|p1b: Basculegion|Wave Crash|p2b: Sneasler
|-enditem|p2b: Sneasler|Focus Sash
|-damage|p2b: Sneasler|1/100
|-damage|p1b: Basculegion|74/100|[from] Recoil
|move|p2b: Sneasler|Poison Jab|p1b: Basculegion
|-resisted|p1b: Basculegion|1
|-damage|p1b: Basculegion|49/100
|move|p2a: Blastoise|Water Spout|p1b: Basculegion|[spread] p1a,p1b
|-resisted|p1b: Basculegion|1
|-damage|p1a: Sableye|0 fnt
|-damage|p1b: Basculegion|0 fnt
|faint|p1a: Sableye
|faint|p1b: Basculegion
|
|-weather|RainDance|[upkeep]
|upkeep
|
|t:|1783293001
|switch|p1b: Swampert|Swampert, L50, F|100/100
|switch|p1a: Archaludon|Archaludon, L50, M|100/100
|turn|2
|inactive|Plus2OnBlock has 30 seconds left.
|
|t:|1783293029
|switch|p2b: Sinistcha|Sinistcha, L50, shiny|100/100
|detailschange|p1b: Swampert|Swampert-Mega, L50, F
|-mega|p1b: Swampert|Swampert|Swampertite
|move|p2a: Blastoise|Protect|p2a: Blastoise
|-singleturn|p2a: Blastoise|Protect
|move|p1b: Swampert|Ice Punch|p2b: Sinistcha
|-supereffective|p2b: Sinistcha|1
|-damage|p2b: Sinistcha|57/100
|move|p1a: Archaludon|Electro Shot||[still]
|-prepare|p1a: Archaludon|Electro Shot
|-boost|p1a: Archaludon|spa|1
|-anim|p1a: Archaludon|Electro Shot|p2a: Blastoise
|-activate|p2a: Blastoise|move: Protect
|
|-weather|RainDance|[upkeep]
|upkeep
|turn|3
|
|t:|1783293050
|move|p2b: Sinistcha|Rage Powder|p2b: Sinistcha
|-singleturn|p2b: Sinistcha|move: Rage Powder
|move|p1b: Swampert|Ice Punch|p2b: Sinistcha
|-supereffective|p2b: Sinistcha|1
|-damage|p2b: Sinistcha|14/100
|move|p1a: Archaludon|Electro Shot||[still]
|-prepare|p1a: Archaludon|Electro Shot
|-boost|p1a: Archaludon|spa|1
|-anim|p1a: Archaludon|Electro Shot|p2b: Sinistcha
|-resisted|p2b: Sinistcha|1
|-damage|p2b: Sinistcha|0 fnt
|faint|p2b: Sinistcha
|move|p2a: Blastoise|Water Spout|p1a: Archaludon|[spread] p1a,p1b
|-resisted|p1a: Archaludon|1
|-damage|p1a: Archaludon|27/100
|-damage|p1b: Swampert|16/100
|-ability|p1a: Archaludon|Stamina|boost
|-boost|p1a: Archaludon|def|1
|
|-weather|RainDance|[upkeep]
|upkeep
|
|t:|1783293074
|switch|p2b: Kingambit|Kingambit, L50, F, shiny|100/100
|turn|4
|
|t:|1783293088
|move|p1a: Archaludon|Protect|p1a: Archaludon
|-singleturn|p1a: Archaludon|Protect
|move|p2a: Blastoise|Protect|p2a: Blastoise
|-singleturn|p2a: Blastoise|Protect
|move|p2b: Kingambit|Protect|p2b: Kingambit
|-singleturn|p2b: Kingambit|Protect
|move|p1b: Swampert|Earthquake|p2b: Kingambit|[spread] 
|-activate|p1a: Archaludon|move: Protect
|-activate|p2a: Blastoise|move: Protect
|-activate|p2b: Kingambit|move: Protect
|
|-weather|RainDance|[upkeep]
|upkeep
|turn|5
|inactive|Plus2OnBlock has 30 seconds left.
|
|t:|1783293121
|move|p1b: Swampert|Wave Crash|p2b: Kingambit
|-damage|p2b: Kingambit|18/100
|-damage|p1b: Swampert|0 fnt|[from] Recoil
|faint|p1b: Swampert
|move|p1a: Archaludon|Electro Shot||[still]
|-prepare|p1a: Archaludon|Electro Shot
|-boost|p1a: Archaludon|spa|1
|-anim|p1a: Archaludon|Electro Shot|p2a: Blastoise
|-supereffective|p2a: Blastoise|1
|-damage|p2a: Blastoise|0 fnt
|faint|p2a: Blastoise
|move|p2b: Kingambit|Kowtow Cleave|p1a: Archaludon
|-damage|p1a: Archaludon|0 fnt
|faint|p1a: Archaludon
|
|win|Plus2OnBlock
||Vinzmoke is ready for game 3.
|inactive|Plus2OnBlock has 30 seconds to confirm battle start!
||Plus2OnBlock is ready for game 3.
|uhtml|next|Next: Game 3 of 3
