|j|☆kaosman94
|j|☆tulpeon
|html|kaosman94tulpeon    
|uhtml|bestof|Game 3 of a best-of-3
|t:|1756315609
|gametype|doubles
|player|p1|kaosman94|lucas|1057
|player|p2|tulpeon|hilda|1049
|gen|9
|tier|[Gen 9] VGC 2025 Reg H (Bo3)
|rated|
|rule|Species Clause: Limit one of each Pokémon
|rule|Item Clause: Limit 1 of each item
|clearpoke
|poke|p1|Amoonguss, L50, M|
|poke|p1|Sneasler, L50, F|
|poke|p1|Gholdengo, L50|
|poke|p1|Incineroar, L50, M|
|poke|p1|Ursaluna-Bloodmoon, L50, M|
|poke|p1|Dragonite, L50, F|
|poke|p2|Archaludon, L50, M|
|poke|p2|Pelipper, L50, M|
|poke|p2|Grimmsnarl, L50, M|
|poke|p2|Amoonguss, L50, M|
|poke|p2|Basculegion, L50, M|
|poke|p2|Incineroar, L50, M|
|teampreview|4
|showteam|p1|Amoonguss||SitrusBerry|Regenerator|RagePowder,Spore,PollenPuff,Protect|||M|||50|,,,,,Psychic]Sneasler||FocusSash|Unburden|Protect,DireClaw,CloseCombat,ThroatChop|||F|||50|,,,,,Stellar]Gholdengo||LifeOrb|GoodasGold|Protect,MakeItRain,ShadowBall,NastyPlot||||||50|,,,,,Water]Incineroar||SafetyGoggles|Intimidate|KnockOff,PartingShot,FlareBlitz,FakeOut|||M|||50|,,,,,Ghost]Ursaluna-Bloodmoon||AssaultVest|MindsEye|BloodMoon,EarthPower,VacuumWave,HyperVoice|||M|||50|,,,,,Water]Dragonite||LoadedDice|Multiscale|ScaleShot,Tailwind,Haze,Protect|||F|||50|,,,,,Fairy
|showteam|p2|Archaludon||AssaultVest|Stamina|ElectroShot,BodyPress,FlashCannon,DracoMeteor|||M|||50|,,,,,Flying]Pelipper||FocusSash|Drizzle|Tailwind,Hurricane,WeatherBall,Protect|||M|||50|,,,,,Ghost]Grimmsnarl||LightClay|Prankster|PartingShot,SpiritBreak,LightScreen,Reflect|||M|||50|,,,,,Steel]Amoonguss||RockyHelmet|Regenerator|PollenPuff,RagePowder,Spore,Protect|||M|||50|,,,,,Dark]Basculegion||ChoiceBand|Adaptability|WaveCrash,LastRespects,FlipTurn,TeraBlast|||M|||50|,,,,,Stellar]Incineroar||SafetyGoggles|Intimidate|FakeOut,PartingShot,KnockOff,FlareBlitz|||M|||50|,,,,,Ghost
|
|t:|1756315646
|teamsize|p1|4
|teamsize|p2|4
|start
|switch|p1a: Say Cheese|Gholdengo, L50|100/100
|switch|p1b: zzzzzzz|Amoonguss, L50, M|100/100
|switch|p2a: la poste|Pelipper, L50, M|100/100
|switch|p2b: M$|Incineroar, L50, M, shiny|100/100
|-weather|RainDance|[from] ability: Drizzle|[of] p2a: la poste
|-ability|p2b: M$|Intimidate|boost
|-unboost|p1a: Say Cheese|atk|1
|-unboost|p1b: zzzzzzz|atk|1
|turn|1
|
|t:|1756315693
|-terastallize|p1a: Say Cheese|Water
|move|p1a: Say Cheese|Nasty Plot|p1a: Say Cheese
|-boost|p1a: Say Cheese|spa|2
|move|p2a: la poste|Tailwind|p2a: la poste
|-sidestart|p2: tulpeon|move: Tailwind
|move|p2b: M$|Knock Off|p1a: Say Cheese
|-damage|p1a: Say Cheese|53/100
|-enditem|p1a: Say Cheese|Life Orb|[from] move: Knock Off|[of] p2b: M$
|move|p1b: zzzzzzz|Spore|p2a: la poste
|-status|p2a: la poste|slp|[from] move: Spore
|
|-weather|RainDance|[upkeep]
|upkeep
|turn|2
|
|t:|1756315735
|switch|p2b: arch btw|Archaludon, L50, M, shiny|100/100
|cant|p2a: la poste|slp
|move|p1a: Say Cheese|Make It Rain|p2b: arch btw|[spread] p2a,p2b
|-resisted|p2a: la poste
|-resisted|p2b: arch btw
|-crit|p2b: arch btw
|-damage|p2a: la poste|26/100 slp
|-damage|p2b: arch btw|39/100
|-unboost|p1a: Say Cheese|spa|1
|-ability|p2b: arch btw|Stamina|boost
|-boost|p2b: arch btw|def|1
|move|p1b: zzzzzzz|Pollen Puff|p1a: Say Cheese
|-heal|p1a: Say Cheese|100/100
|
|-weather|RainDance|[upkeep]
|upkeep
|turn|3
|
|t:|1756315756
|cant|p2a: la poste|slp
|move|p2b: arch btw|Electro Shot||[still]
|-prepare|p2b: arch btw|Electro Shot
|-boost|p2b: arch btw|spa|1
|-anim|p2b: arch btw|Electro Shot|p1a: Say Cheese
|-supereffective|p1a: Say Cheese
|-crit|p1a: Say Cheese
|-damage|p1a: Say Cheese|0 fnt
|faint|p1a: Say Cheese
|move|p1b: zzzzzzz|Spore|p2b: arch btw
|-status|p2b: arch btw|slp|[from] move: Spore
|
|-weather|RainDance|[upkeep]
|upkeep
|
|t:|1756315773
|switch|p1a: 8|Sneasler, L50, F|100/100
|turn|4
|
|t:|1756315797
|switch|p2a: M$|Incineroar, L50, M, shiny|100/100
|-ability|p2a: M$|Intimidate|boost
|-unboost|p1a: 8|atk|1
|-unboost|p1b: zzzzzzz|atk|1
|-terastallize|p2b: arch btw|Flying
|move|p1b: zzzzzzz|Rage Powder|p1b: zzzzzzz
|-singleturn|p1b: zzzzzzz|move: Rage Powder
|cant|p2b: arch btw|slp
|move|p1a: 8|Close Combat|p2a: M$
|-supereffective|p2a: M$
|-damage|p2a: M$|23/100
|-unboost|p1a: 8|def|1
|-unboost|p1a: 8|spd|1
|
|-weather|RainDance|[upkeep]
|-sideend|p2: tulpeon|move: Tailwind
|upkeep
|turn|5
|
|t:|1756315827
|move|p1a: 8|Protect|p1a: 8
|-singleturn|p1a: 8|Protect
|move|p1b: zzzzzzz|Protect|p1b: zzzzzzz
|-singleturn|p1b: zzzzzzz|Protect
|move|p2a: M$|Fake Out|p1a: 8
|-activate|p1a: 8|move: Protect
|cant|p2b: arch btw|slp
|
|-weather|none
|upkeep
|turn|6
|
|t:|1756315856
|move|p1a: 8|Close Combat|p2a: M$
|-supereffective|p2a: M$
|-damage|p2a: M$|0 fnt
|-unboost|p1a: 8|def|1
|-unboost|p1a: 8|spd|1
|faint|p2a: M$
|cant|p2b: arch btw|slp
|move|p1b: zzzzzzz|Spore|p2b: arch btw
|-fail|p2b: arch btw|slp
|
|upkeep
|
|t:|1756315865
|switch|p2a: la poste|Pelipper, L50, M|26/100 slp
|-weather|RainDance|[from] ability: Drizzle|[of] p2a: la poste
|turn|7
|
|t:|1756315876
|move|p1a: 8|Close Combat|p2a: la poste
|-resisted|p2a: la poste
|-damage|p2a: la poste|0 fnt
|-unboost|p1a: 8|def|1
|-unboost|p1a: 8|spd|1
|faint|p2a: la poste
|-curestatus|p2b: arch btw|slp|[msg]
|move|p2b: arch btw|Draco Meteor|p1b: zzzzzzz
|-damage|p1b: zzzzzzz|16/100
|-unboost|p2b: arch btw|spa|2
|-enditem|p1b: zzzzzzz|Sitrus Berry|[eat]
|-heal|p1b: zzzzzzz|41/100|[from] item: Sitrus Berry
|move|p1b: zzzzzzz|Spore|p2b: arch btw
|-status|p2b: arch btw|slp|[from] move: Spore
|
|-weather|RainDance|[upkeep]
|upkeep
|
|t:|1756315891
|switch|p2a: Basculegion|Basculegion, L50, M, shiny|100/100
|turn|8
|
|t:|1756315926
|move|p1b: zzzzzzz|Rage Powder|p1b: zzzzzzz
|-singleturn|p1b: zzzzzzz|move: Rage Powder
|move|p1a: 8|Throat Chop|p2a: Basculegion
|-supereffective|p2a: Basculegion
|-damage|p2a: Basculegion|53/100
|-start|p2a: Basculegion|Throat Chop|[silent]
|move|p2a: Basculegion|Last Respects|p1b: zzzzzzz
|-damage|p1b: zzzzzzz|0 fnt
|faint|p1b: zzzzzzz
|cant|p2b: arch btw|slp
|
|-weather|RainDance|[upkeep]
|upkeep
|
|t:|1756315938
|switch|p1b: Tony|Ursaluna-Bloodmoon, L50, M|100/100
|turn|9
|
|t:|1756315954
|move|p1a: 8|Throat Chop|p2a: Basculegion
|-supereffective|p2a: Basculegion
|-damage|p2a: Basculegion|1/100
|move|p2a: Basculegion|Last Respects|p1a: 8
|-crit|p1a: 8
|-enditem|p1a: 8|Focus Sash
|-damage|p1a: 8|1/100
|-curestatus|p2b: arch btw|slp|[msg]
|move|p2b: arch btw|Body Press|p1b: Tony
|-supereffective|p1b: Tony
|-damage|p1b: Tony|35/100
|move|p1b: Tony|Hyper Voice|p2b: arch btw|[spread] p2a,p2b
|-damage|p2a: Basculegion|0 fnt
|-damage|p2b: arch btw|2/100
|-ability|p2b: arch btw|Stamina|boost
|-boost|p2b: arch btw|def|1
|faint|p2a: Basculegion
|
|-weather|RainDance|[upkeep]
|upkeep
|turn|10
|
|t:|1756315979
|move|p1a: 8|Dire Claw|p2b: arch btw
|-damage|p2b: arch btw|0 fnt
|faint|p2b: arch btw
|
|win|kaosman94
|raw|kaosman94's rating: 1057 → 1088(+31 for winning)
|raw|tulpeon's rating: 1049 → 1032(-17 for losing)
|c|☆tulpeon|ggs
