|j|☆sbhaga34
|j|☆liv&large27
|html|sbhaga34liv&large27    
|uhtml|bestof|Game 1 of a best-of-3
|t:|1784334674
|gametype|doubles
|player|p1|sbhaga34|hugh|1370
|player|p2|liv&large27|steven|1452
|gen|9
|tier|[Gen 9 Champions] VGC 2026 Reg M-B (Bo3)
|rated|
|rule|Species Clause: Limit one of each Pokémon
|rule|Item Clause: Limit 1 of each item
|clearpoke
|poke|p1|Excadrill, L50, M|
|poke|p1|Tyranitar, L50, F|
|poke|p1|Corviknight, L50, F|
|poke|p1|Rotom-Wash, L50|
|poke|p1|Sinistcha, L50|
|poke|p1|Pyroar, L50, M|
|poke|p2|Mamoswine, L50, M|
|poke|p2|Gholdengo, L50|
|poke|p2|Raichu, L50, M|
|poke|p2|Sinistcha, L50|
|poke|p2|Incineroar, L50, M|
|poke|p2|Blastoise, L50, F|
|teampreview|4
|showteam|p1|Excadrill||FocusSash|SandRush|Earthquake,IronHead,SwordsDance,Protect|Adamant||M|||50|]Tyranitar||Tyranitarite|SandStream|RockSlide,KnockOff,LowKick,Protect|Adamant||F|||50|]Corviknight||SharpBeak|MirrorArmor|BraveBird,Tailwind,BulkUp,Roost|Careful||F|||50|]Rotom-Wash||ChoiceScarf|Levitate|VoltSwitch,Thunderbolt,Electroweb,HydroPump|Timid|||||50|]Sinistcha||SitrusBerry|Hospitality|MatchaGotcha,TrickRoom,RagePowder,StrengthSap|Calm|||||50|]Pyroar||Pyroarite|Rivalry|Overheat,HeatWave,Flamethrower,Protect|Timid||M|||50|
|showteam|p2|Mamoswine||LifeOrb|Oblivious|IceShard,Protect,HighHorsepower,RockSlide|Adamant||M|||50|]Gholdengo||FocusSash|GoodasGold|MakeItRain,Protect,ShadowBall,PowerGem|Timid|||||50|]Raichu||RaichuniteY|Static|ZapCannon,Protect,FocusBlast,FakeOut|Timid||M|||50|]Sinistcha||KasibBerry|Hospitality|MatchaGotcha,RagePowder,TrickRoom,Imprison|Bold|||||50|]Incineroar||SitrusBerry|Intimidate|FakeOut,FlareBlitz,ThroatChop,PartingShot|Careful||M|||50|]Blastoise||Blastoisinite|RainDish|Protect,WaterSpout,DarkPulse,ShellSmash|Modest||F|||50|
|inactive|Battle timer is ON: inactive players will automatically lose when time's up. (requested by sbhaga34)
|
|t:|1784334706
|teamsize|p1|4
|teamsize|p2|4
|start
|switch|p1a: Corviknight|Corviknight, L50, F|100/100
|switch|p1b: Rotom|Rotom-Wash, L50|100/100
|switch|p2a: Raichu|Raichu, L50, M|100/100
|switch|p2b: Incineroar|Incineroar, L50, M|100/100
|-ability|p2b: Incineroar|Intimidate|boost
|-ability|p1a: Corviknight|Mirror Armor
|-unboost|p2b: Incineroar|atk|1
|-unboost|p1b: Rotom|atk|1
|turn|1
|
|t:|1784334725
|switch|p1b: Tyranitar|Tyranitar, L50, F|100/100
|-weather|Sandstorm|[from] ability: Sand Stream|[of] p1b: Tyranitar
|switch|p1a: Excadrill|Excadrill, L50, M|100/100
|detailschange|p2a: Raichu|Raichu-Mega-Y, L50, M
|-mega|p2a: Raichu|Raichu|Raichunite Y
|move|p2a: Raichu|Zap Cannon|p1a: Excadrill
|-immune|p1a: Excadrill
|move|p2b: Incineroar|Parting Shot|p1b: Tyranitar
|-unboost|p1b: Tyranitar|atk|1
|-unboost|p1b: Tyranitar|spa|1
|
|t:|1784334733
|switch|p2b: Gholdengo|Gholdengo, L50|100/100|[from] Parting Shot
|
|-weather|Sandstorm|[upkeep]
|-damage|p2a: Raichu|94/100|[from] Sandstorm
|upkeep
|turn|2
|
|t:|1784334739
|switch|p2a: Incineroar|Incineroar, L50, M|100/100
|-ability|p2a: Incineroar|Intimidate|boost
|-unboost|p1a: Excadrill|atk|1
|-unboost|p1b: Tyranitar|atk|1
|switch|p1b: Rotom|Rotom-Wash, L50|100/100
|move|p2b: Gholdengo|Protect|p2b: Gholdengo
|-singleturn|p2b: Gholdengo|Protect
|move|p1a: Excadrill|Earthquake|p2a: Incineroar|[spread] p2a
|-activate|p2b: Gholdengo|move: Protect
|-immune|p1b: Rotom|[from] ability: Levitate
|-supereffective|p2a: Incineroar|1
|-damage|p2a: Incineroar|48/100
|-enditem|p2a: Incineroar|Sitrus Berry|[eat]
|-heal|p2a: Incineroar|73/100|[from] item: Sitrus Berry
|
|-weather|Sandstorm|[upkeep]
|-damage|p1b: Rotom|94/100|[from] Sandstorm
|-damage|p2a: Incineroar|67/100|[from] Sandstorm
|upkeep
|turn|3
|
|t:|1784334758
|move|p1a: Excadrill|Protect|p1a: Excadrill
|-singleturn|p1a: Excadrill|Protect
|move|p2a: Incineroar|Fake Out|p1b: Rotom
|-damage|p1b: Rotom|82/100
|cant|p1b: Rotom|flinch
|move|p2b: Gholdengo|Shadow Ball|p1b: Rotom
|-damage|p1b: Rotom|40/100
|
|-weather|Sandstorm|[upkeep]
|-damage|p1b: Rotom|34/100|[from] Sandstorm
|-damage|p2a: Incineroar|61/100|[from] Sandstorm
|upkeep
|turn|4
|inactive|liv&large27 has 30 seconds left.
|inactive|liv&large27 has 20 seconds left.
|inactive|liv&large27 has 15 seconds left.
|inactive|liv&large27 has 10 seconds left.
|inactive|liv&large27 has 5 seconds left.
|
|t:|1784334808
|move|p1a: Excadrill|Earthquake|p2b: Gholdengo|[spread] p2a,p2b
|-immune|p1b: Rotom|[from] ability: Levitate
|-supereffective|p2a: Incineroar|1
|-supereffective|p2b: Gholdengo|1
|-damage|p2a: Incineroar|9/100
|-damage|p2b: Gholdengo|37/100
|move|p1b: Rotom|Volt Switch|p2a: Incineroar
|-damage|p2a: Incineroar|0 fnt
|faint|p2a: Incineroar
|
|t:|1784334816
|switch|p1b: Corviknight|Corviknight, L50, F|100/100|[from] Volt Switch
|move|p2b: Gholdengo|Shadow Ball|p1a: Excadrill
|-damage|p1a: Excadrill|41/100
|-unboost|p1a: Excadrill|spd|1
|
|-weather|Sandstorm|[upkeep]
|upkeep
|
|t:|1784334827
|switch|p2a: Sinistcha|Sinistcha, L50|100/100
|-heal|p2b: Gholdengo|62/100|[from] ability: Hospitality|[of] p2a: Sinistcha
|turn|5
|
|t:|1784334837
|switch|p2b: Raichu|Raichu-Mega-Y, L50, M|94/100
|move|p1a: Excadrill|Earthquake|p2b: Raichu|[spread] p2a,p2b
|-immune|p1b: Corviknight
|-resisted|p2a: Sinistcha|1
|-crit|p2a: Sinistcha
|-supereffective|p2b: Raichu|1
|-damage|p2a: Sinistcha|74/100
|-damage|p2b: Raichu|0 fnt
|faint|p2b: Raichu
|move|p1b: Corviknight|Brave Bird|p2a: Sinistcha
|-supereffective|p2a: Sinistcha|1
|-damage|p2a: Sinistcha|0 fnt
|faint|p2a: Sinistcha
|-damage|p1b: Corviknight|78/100|[from] Recoil
|
|-weather|none
|upkeep
|-message|liv&large27 forfeited.
|
|win|sbhaga34
