|j|☆pandabro24711
|j|☆natsukookie
|html|pandabro24711natsukookie    
|uhtml|bestof|Game 2 of a best-of-3
|t:|1785599807
|gametype|doubles
|player|p1|pandabro24711|gentleman-gen4|1000
|player|p2|natsukookie|102|1081
|gen|9
|tier|[Gen 9 Champions] VGC 2026 Reg M-B (Bo3)
|rated|
|rule|Species Clause: Limit one of each Pokémon
|rule|Item Clause: Limit 1 of each item
|clearpoke
|poke|p1|Mawile, L50, F|
|poke|p1|Sneasler, L50, M|
|poke|p1|Sinistcha, L50|
|poke|p1|Meowscarada, L50, F|
|poke|p1|Milotic, L50, F|
|poke|p1|Raichu, L50, M|
|poke|p2|Hatterene, L50, F|
|poke|p2|Oranguru, L50, F|
|poke|p2|Mawile, L50, M|
|poke|p2|Kangaskhan, L50, F|
|poke|p2|Venusaur, L50, F|
|poke|p2|Torkoal, L50, F|
|teampreview|4
|showteam|p1|Mawile||Mawilite|Intimidate|SwordsDance,SuckerPunch,PlayRough,Protect|Adamant||F|||50|]Sneasler||WhiteHerb|Unburden|FakeOut,CloseCombat,RockSlide,Coaching|Jolly||M|||50|]Sinistcha||SitrusBerry|Hospitality|RagePowder,LifeDew,TrickRoom,MatchaGotcha|Relaxed|||||50|]Meowscarada||ChoiceScarf|Protean|TripleAxel,FlowerTrick,KnockOff,PlayRough|Jolly||F|||50|]Milotic||Leftovers|Competitive|MuddyWater,Protect,IceBeam,Scald|Modest||F|||50|]Raichu||RaichuniteY|LightningRod|FakeOut,ZapCannon,FocusBlast,Protect|Hasty||M|||50|
|showteam|p2|Hatterene||LifeOrb|MagicBounce|Protect,Psychic,TrickRoom,DazzlingGleam|Quiet||F|||50|]Oranguru||MentalHerb|InnerFocus|Protect,Instruct,Psychic,TrickRoom|Bold||F|||50|]Mawile||Mawilite|HyperCutter|SuckerPunch,PlayRough,Protect,IronHead|Brave||M|||50|]Kangaskhan||SilkScarf|Scrappy|LastResort,FakeOut|Brave||F|||50|]Venusaur||FocusSash|Chlorophyll|LeafStorm,SludgeBomb,SleepPowder,Protect|Modest||F|||50|]Torkoal||Charcoal|Drought|Eruption,Protect,EarthPower,HeatWave|Quiet||F|||50|
|inactive|Battle timer is ON: inactive players will automatically lose when time's up. (requested by pandabro24711)
|
|t:|1785599834
|teamsize|p1|4
|teamsize|p2|4
|start
|switch|p1a: Mawile|Mawile, L50, F|100/100
|switch|p1b: Sneasler|Sneasler, L50, M|100/100
|switch|p2a: Venusaur|Venusaur, L50, F|100/100
|switch|p2b: Torkoal|Torkoal, L50, F|100/100
|-ability|p1a: Mawile|Intimidate|boost
|-unboost|p2a: Venusaur|atk|1
|-unboost|p2b: Torkoal|atk|1
|-weather|SunnyDay|[from] ability: Drought|[of] p2b: Torkoal
|turn|1
|
|t:|1785599851
|detailschange|p1a: Mawile|Mawile-Mega, L50, F
|-mega|p1a: Mawile|Mawile|Mawilite
|move|p2a: Venusaur|Protect|p2a: Venusaur
|-singleturn|p2a: Venusaur|Protect
|move|p2b: Torkoal|Protect|p2b: Torkoal
|-singleturn|p2b: Torkoal|Protect
|move|p1b: Sneasler|Fake Out|p2a: Venusaur
|-activate|p2a: Venusaur|move: Protect
|move|p1a: Mawile|Play Rough|p2b: Torkoal
|-activate|p2b: Torkoal|move: Protect
|
|-weather|SunnyDay|[upkeep]
|upkeep
|turn|2
|inactive|natsukookie has 30 seconds left.
|inactive|natsukookie has 20 seconds left.
|inactive|natsukookie has 15 seconds left.
|
|t:|1785599892
|switch|p2b: Oranguru|Oranguru, L50, F|100/100
|move|p1a: Mawile|Protect|p1a: Mawile
|-singleturn|p1a: Mawile|Protect
|move|p2a: Venusaur|Sleep Powder|p1a: Mawile
|-activate|p1a: Mawile|move: Protect
|move|p1b: Sneasler|Close Combat|p2b: Oranguru
|-damage|p2b: Oranguru|52/100
|-unboost|p1b: Sneasler|def|1
|-unboost|p1b: Sneasler|spd|1
|-enditem|p1b: Sneasler|White Herb
|-clearnegativeboost|p1b: Sneasler|[silent]
|
|-weather|SunnyDay|[upkeep]
|upkeep
|turn|3
|inactive|natsukookie has 30 seconds left.
|
|t:|1785599925
|switch|p1a: Sinistcha|Sinistcha, L50|100/100
|move|p1b: Sneasler|Rock Slide|p2b: Oranguru|[spread] p2a,p2b
|-damage|p2a: Venusaur|71/100
|-damage|p2b: Oranguru|35/100
|cant|p2a: Venusaur|flinch
|move|p2b: Oranguru|Trick Room|p2b: Oranguru
|-fieldstart|move: Trick Room|[of] p2b: Oranguru
|
|-weather|SunnyDay|[upkeep]
|upkeep
|turn|4
|
|t:|1785599950
|move|p1a: Sinistcha|Rage Powder|p1a: Sinistcha
|-singleturn|p1a: Sinistcha|move: Rage Powder
|move|p2b: Oranguru|Psychic|p1a: Sinistcha
|-damage|p1a: Sinistcha|64/100
|move|p2a: Venusaur|Sludge Bomb|p1a: Sinistcha
|-damage|p1a: Sinistcha|11/100
|-status|p1a: Sinistcha|psn
|-enditem|p1a: Sinistcha|Sitrus Berry|[eat]
|-heal|p1a: Sinistcha|35/100 psn|[from] item: Sitrus Berry
|move|p1b: Sneasler|Rock Slide|p2a: Venusaur|[spread] p2a,p2b
|-crit|p2b: Oranguru
|-damage|p2a: Venusaur|47/100
|-damage|p2b: Oranguru|12/100
|
|-weather|SunnyDay|[upkeep]
|-damage|p1a: Sinistcha|23/100 psn|[from] psn
|upkeep
|turn|5
|
|t:|1785599970
|switch|p2b: Mawile|Mawile, L50, M|100/100
|move|p2a: Venusaur|Protect|p2a: Venusaur
|-singleturn|p2a: Venusaur|Protect
|move|p1a: Sinistcha|Matcha Gotcha|p2a: Venusaur|[spread] 
|-activate|p2a: Venusaur|move: Protect
|-miss|p1a: Sinistcha|p2b: Mawile
|move|p1b: Sneasler|Rock Slide|p2a: Venusaur|[spread] 
|-activate|p2a: Venusaur|move: Protect
|-miss|p1b: Sneasler|p2b: Mawile
|
|-weather|none
|-damage|p1a: Sinistcha|11/100 psn|[from] psn
|upkeep
|turn|6
|inactive|natsukookie has 30 seconds left.
|inactive|natsukookie has 20 seconds left.
|inactive|natsukookie has 15 seconds left.
|inactive|natsukookie has 10 seconds left.
|
|t:|1785600016
|detailschange|p2b: Mawile|Mawile-Mega, L50, M
|-mega|p2b: Mawile|Mawile|Mawilite
|move|p1a: Sinistcha|Rage Powder|p1a: Sinistcha
|-singleturn|p1a: Sinistcha|move: Rage Powder
|move|p2b: Mawile|Sucker Punch||[still]
|-fail|p2b: Mawile
|move|p2a: Venusaur|Sleep Powder|p1b: Sneasler
|-status|p1b: Sneasler|slp|[from] move: Sleep Powder
|cant|p1b: Sneasler|slp
|
|-damage|p1a: Sinistcha|0 fnt|[from] psn
|faint|p1a: Sinistcha
|upkeep
|
|t:|1785600026
|switch|p1a: Mawile|Mawile-Mega, L50, F|100/100
|turn|7
|
|t:|1785600051
|move|p1a: Mawile|Protect|p1a: Mawile
|-singleturn|p1a: Mawile|Protect
|move|p2b: Mawile|Iron Head|p1b: Sneasler
|-damage|p1b: Sneasler|0 fnt
|faint|p1b: Sneasler
|move|p2a: Venusaur|Sleep Powder|p1a: Mawile
|-activate|p1a: Mawile|move: Protect
|
|-fieldend|move: Trick Room
|upkeep
|
|t:|1785600057
|switch|p1b: Milotic|Milotic, L50, F|100/100
|turn|8
|inactive|natsukookie has 30 seconds left.
|
|t:|1785600083
|move|p2a: Venusaur|Sleep Powder|p1b: Milotic
|-status|p1b: Milotic|slp|[from] move: Sleep Powder
|cant|p1b: Milotic|slp
|move|p1a: Mawile|Swords Dance|p1a: Mawile
|-boost|p1a: Mawile|atk|2
|move|p2b: Mawile|Iron Head|p1a: Mawile
|-damage|p1a: Mawile|31/100
|
|upkeep
|turn|9
|
|t:|1785600101
|move|p1a: Mawile|Protect|p1a: Mawile
|-singleturn|p1a: Mawile|Protect
|move|p2a: Venusaur|Sleep Powder|p1a: Mawile
|-activate|p1a: Mawile|move: Protect
|-curestatus|p1b: Milotic|slp|[msg]
|move|p1b: Milotic|Ice Beam|p2a: Venusaur
|-supereffective|p2a: Venusaur|1
|-damage|p2a: Venusaur|0 fnt
|faint|p2a: Venusaur
|move|p2b: Mawile|Iron Head|p1a: Mawile
|-activate|p1a: Mawile|move: Protect
|
|upkeep
|
|t:|1785600118
|switch|p2a: Oranguru|Oranguru, L50, F|12/100
|turn|10
|
|t:|1785600136
|move|p1a: Mawile|Sucker Punch|p2b: Mawile
|-resisted|p2b: Mawile|1
|-damage|p2b: Mawile|59/100
|move|p1b: Milotic|Muddy Water|p2a: Oranguru|[spread] p2a,p2b
|-damage|p2a: Oranguru|0 fnt
|-damage|p2b: Mawile|18/100
|-unboost|p2b: Mawile|accuracy|1
|faint|p2a: Oranguru
|move|p2b: Mawile|Iron Head|p1a: Mawile|[miss]
|-miss|p2b: Mawile|p1a: Mawile
|
|upkeep
|
|t:|1785600145
|switch|p2a: Torkoal|Torkoal, L50, F|100/100
|-weather|SunnyDay|[from] ability: Drought|[of] p2a: Torkoal
|turn|11
|inactive|natsukookie has 30 seconds left.
|
|t:|1785600171
|move|p1a: Mawile|Sucker Punch|p2a: Torkoal
|-damage|p2a: Torkoal|36/100
|move|p2b: Mawile|Sucker Punch|p1b: Milotic
|-damage|p1b: Milotic|49/100
|move|p1b: Milotic|Muddy Water|p2a: Torkoal|[spread] p2a,p2b
|-supereffective|p2a: Torkoal|1
|-damage|p2a: Torkoal|0 fnt
|-damage|p2b: Mawile|1/100
|-unboost|p2b: Mawile|accuracy|1
|faint|p2a: Torkoal
|
|-weather|SunnyDay|[upkeep]
|-heal|p1b: Milotic|54/100|[from] item: Leftovers
|upkeep
|turn|12
|-message|natsukookie forfeited.
|
|win|pandabro24711
|raw|pandabro24711's rating: 1000 → 1049(+49 for winning)
|raw|natsukookie's rating: 1081 → 1054(-27 for losing)
|l|☆pandabro24711
|player|p1|
