|j|☆heartsrepeating
|j|☆KodeBeast0526
|html|heartsrepeatingKodeBeast0526    
|uhtml|bestof|Game 1 of a best-of-3
|t:|1783400355
|gametype|doubles
|player|p1|heartsrepeating|parasollady|1122
|player|p2|KodeBeast0526|sailor|1191
|gen|9
|tier|[Gen 9 Champions] VGC 2026 Reg M-B (Bo3)
|rated|
|rule|Species Clause: Limit one of each Pokémon
|rule|Item Clause: Limit 1 of each item
|clearpoke
|poke|p1|Dragalge, L50, F, shiny|
|poke|p1|Incineroar, L50, M|
|poke|p1|Sinistcha, L50, shiny|
|poke|p1|Basculegion, L50, M, shiny|
|poke|p1|Kingambit, L50, M, shiny|
|poke|p1|Floette-Eternal, L50, F|
|poke|p2|Gengar, L50, F, shiny|
|poke|p2|Swampert, L50, M, shiny|
|poke|p2|Incineroar, L50, M, shiny|
|poke|p2|Politoed, L50, F, shiny|
|poke|p2|Archaludon, L50, M|
|poke|p2|Vivillon-Ocean, L50, M|
|teampreview|4
|showteam|p1|Dragalge||Dragalgite|Adaptability|SludgeBomb,DracoMeteor,FlipTurn,Protect|Quiet||F|||50|]Incineroar||SitrusBerry|Intimidate|FlareBlitz,FakeOut,ThroatChop,PartingShot|Impish||M|||50|]Sinistcha||KasibBerry|Hospitality|MatchaGotcha,RagePowder,TrickRoom,Protect|Bold|||||50|]Basculegion||ChoiceScarf|Adaptability|WaveCrash,FlipTurn,LastRespects,AquaJet|Adamant||M|||50|]Kingambit||BlackGlasses|Defiant|SuckerPunch,KowtowCleave,SwordsDance,Protect|Adamant||M|||50|]Floette-Eternal||Floettite|FlowerVeil|Moonblast,DazzlingGleam,CalmMind,Protect|Modest||F|||50|
|showteam|p2|Gengar||Gengarite|CursedBody|ShadowBall,PerishSong,SludgeBomb,Protect|Timid||F|||50|]Swampert||Swampertite|Torrent|WaveCrash,Earthquake,IcePunch,Protect|Adamant||M|||50|]Incineroar||PasshoBerry|Intimidate|ThroatChop,PartingShot,FakeOut,Protect|Sassy||M|||50|]Politoed||SitrusBerry|Drizzle|WeatherBall,PerishSong,Encore,Protect|Calm||F|||50|]Archaludon||Leftovers|Stamina|DragonPulse,FlashCannon,ElectroShot,Protect|Bold||M|||50|]Vivillon-Ocean||FocusSash|CompoundEyes|Hurricane,SleepPowder,RagePowder,Protect|Timid||M|||50|
|
|t:|1783400391
|teamsize|p1|4
|teamsize|p2|4
|start
|switch|p1a: Mel <3|Floette-Eternal, L50, F|100/100
|switch|p1b: Mega Chimecho|Incineroar, L50, M|100/100
|switch|p2a: Politoed|Politoed, L50, F, shiny|100/100
|switch|p2b: Archaludon|Archaludon, L50, M|100/100
|-weather|RainDance|[from] ability: Drizzle|[of] p2a: Politoed
|-ability|p1b: Mega Chimecho|Intimidate|boost
|-unboost|p2a: Politoed|atk|1
|-unboost|p2b: Archaludon|atk|1
|turn|1
|
|t:|1783400408
|switch|p2a: Gengar|Gengar, L50, F, shiny|100/100
|detailschange|p1a: Mel <3|Floette-Mega, L50, F
|-mega|p1a: Mel <3|Floette|Floettite
|-ability|p1a: Mel <3|Fairy Aura
|move|p1b: Mega Chimecho|Fake Out|p2a: Gengar
|-immune|p2a: Gengar
|move|p1a: Mel <3|Calm Mind|p1a: Mel <3
|-boost|p1a: Mel <3|spa|1
|-boost|p1a: Mel <3|spd|1
|move|p2b: Archaludon|Flash Cannon|p1a: Mel <3
|-supereffective|p1a: Mel <3|1
|-damage|p1a: Mel <3|66/100
|
|-weather|RainDance|[upkeep]
|upkeep
|turn|2
|
|t:|1783400430
|switch|p2b: Incineroar|Incineroar, L50, M, shiny|100/100
|-ability|p2b: Incineroar|Intimidate|boost
|-unboost|p1a: Mel <3|atk|1
|-unboost|p1b: Mega Chimecho|atk|1
|switch|p1b: Carmine|Sinistcha, L50, shiny|100/100
|-heal|p1a: Mel <3|91/100|[from] ability: Hospitality|[of] p1b: Carmine
|detailschange|p2a: Gengar|Gengar-Mega, L50, F, shiny
|-mega|p2a: Gengar|Gengar|Gengarite
|move|p2a: Gengar|Protect|p2a: Gengar
|-singleturn|p2a: Gengar|Protect
|move|p1a: Mel <3|Calm Mind|p1a: Mel <3
|-boost|p1a: Mel <3|spa|1
|-boost|p1a: Mel <3|spd|1
|
|-weather|RainDance|[upkeep]
|upkeep
|turn|3
|
|t:|1783400451
|move|p1b: Carmine|Rage Powder|p1b: Carmine
|-singleturn|p1b: Carmine|move: Rage Powder
|move|p2a: Gengar|Sludge Bomb|p1b: Carmine
|-damage|p1b: Carmine|53/100
|-status|p1b: Carmine|psn
|move|p1a: Mel <3|Dazzling Gleam|p2b: Incineroar|[spread] p2a,p2b
|-resisted|p2a: Gengar|1
|-damage|p2a: Gengar|49/100
|-damage|p2b: Incineroar|33/100
|move|p2b: Incineroar|Throat Chop|p1b: Carmine
|-supereffective|p1b: Carmine|1
|-damage|p1b: Carmine|5/100 psn
|-start|p1b: Carmine|Throat Chop|[silent]
|
|-weather|RainDance|[upkeep]
|-damage|p1b: Carmine|0 fnt|[from] psn
|faint|p1b: Carmine
|upkeep
|inactive|Battle timer is ON: inactive players will automatically lose when time's up. (requested by KodeBeast0526)
|
|t:|1783400474
|switch|p1b: Mega Chimecho|Incineroar, L50, M|100/100
|-ability|p1b: Mega Chimecho|Intimidate|boost
|-unboost|p2a: Gengar|atk|1
|-unboost|p2b: Incineroar|atk|1
|turn|4
|
|t:|1783400492
|switch|p2b: Archaludon|Archaludon, L50, M|100/100
|move|p1b: Mega Chimecho|Fake Out|p2b: Archaludon
|-resisted|p2b: Archaludon|1
|-damage|p2b: Archaludon|96/100
|-ability|p2b: Archaludon|Stamina|boost
|-boost|p2b: Archaludon|def|1
|move|p2a: Gengar|Sludge Bomb|p1a: Mel <3
|-supereffective|p1a: Mel <3|1
|-damage|p1a: Mel <3|57/100
|move|p1a: Mel <3|Dazzling Gleam|p2b: Archaludon|[spread] p2a,p2b
|-resisted|p2a: Gengar|1
|-damage|p2a: Gengar|0 fnt
|-damage|p2b: Archaludon|0 fnt
|faint|p2a: Gengar
|faint|p2b: Archaludon
|
|-weather|RainDance|[upkeep]
|upkeep
|
|t:|1783400503
|switch|p2a: Politoed|Politoed, L50, F, shiny|100/100
|switch|p2b: Incineroar|Incineroar, L50, M, shiny|33/100
|-ability|p2b: Incineroar|Intimidate|boost
|-unboost|p1a: Mel <3|atk|1
|-unboost|p1b: Mega Chimecho|atk|1
|turn|5
|
|t:|1783400516
|switch|p1b: RAINFXLL!|Basculegion, L50, M, shiny|100/100
|move|p1a: Mel <3|Protect|p1a: Mel <3
|-singleturn|p1a: Mel <3|Protect
|move|p2b: Incineroar|Fake Out|p1a: Mel <3
|-activate|p1a: Mel <3|move: Protect
|move|p2a: Politoed|Weather Ball|p1b: RAINFXLL!
|-resisted|p1b: RAINFXLL!|1
|-damage|p1b: RAINFXLL!|70/100
|
|-weather|none
|upkeep
|turn|6
|
|t:|1783400530
|move|p1b: RAINFXLL!|Last Respects|p2a: Politoed
|-damage|p2a: Politoed|44/100
|-enditem|p2a: Politoed|Sitrus Berry|[eat]
|-heal|p2a: Politoed|69/100|[from] item: Sitrus Berry
|move|p1a: Mel <3|Dazzling Gleam|p2a: Politoed|[spread] p2a,p2b
|-damage|p2a: Politoed|1/100
|-damage|p2b: Incineroar|0 fnt
|faint|p2b: Incineroar
|move|p2a: Politoed|Encore|p1a: Mel <3
|-start|p1a: Mel <3|Encore
|
|upkeep
|turn|7
|
|t:|1783400543
|move|p2a: Politoed|Protect|p2a: Politoed
|-singleturn|p2a: Politoed|Protect
|move|p1b: RAINFXLL!|Last Respects|p2a: Politoed
|-activate|p2a: Politoed|move: Protect
|move|p1a: Mel <3|Dazzling Gleam|p2a: Politoed
|-activate|p2a: Politoed|move: Protect
|
|upkeep
|turn|8
|-message|KodeBeast0526 forfeited.
|
|win|heartsrepeating
|l|☆KodeBeast0526
|player|p2|
||heartsrepeating is ready for game 2.
||KodeBeast0526 is ready for game 2.
|uhtml|next|Next: Game 2 of 3
|j|☆KodeBeast0526
|player|p2|KodeBeast0526|sailor|
