|j|☆PizzaSanwitch
|j|☆newtopokemonteehee
|html|PizzaSanwitchnewtopokemonteehee    
|uhtml|bestof|Game 2 of a best-of-3
|t:|1783555972
|gametype|doubles
|player|p1|PizzaSanwitch|2|1000
|player|p2|newtopokemonteehee|170|1117
|gen|9
|tier|[Gen 9 Champions] VGC 2026 Reg M-B (Bo3)
|rated|
|rule|Species Clause: Limit one of each Pokémon
|rule|Item Clause: Limit 1 of each item
|clearpoke
|poke|p1|Pelipper, L50, F|
|poke|p1|Archaludon, L50, F|
|poke|p1|Swampert, L50, F|
|poke|p1|Venusaur, L50, F|
|poke|p1|Basculegion, L50, M|
|poke|p1|Grimmsnarl, L50, M|
|poke|p2|Basculegion, L50, M|
|poke|p2|Spiritomb, L50, M|
|poke|p2|Conkeldurr, L50, F|
|poke|p2|Mawile, L50, M|
|poke|p2|Aegislash, L50, F|
|poke|p2|Dragonite, L50, M|
|teampreview|4
|showteam|p1|Pelipper||FocusSash|Drizzle|WeatherBall,Hurricane,Tailwind,Protect|Modest||F|||50|]Archaludon||Leftovers|Stamina|ElectroShot,FlashCannon,DragonPulse,Protect|Modest||F|||50|]Swampert||Swampertite|Damp|WaveCrash,Earthquake,IcePunch,Protect|Adamant||F|||50|]Venusaur||Venusaurite|Chlorophyll|GigaDrain,SludgeBomb,EarthPower,Protect|Modest||F|||50|]Basculegion||ChoiceScarf|Adaptability|WaveCrash,LastRespects,AquaJet,FlipTurn|Jolly||M|||50|]Grimmsnarl||LightClay|Prankster|SpiritBreak,Reflect,LightScreen,PartingShot|Careful||M|||50|
|showteam|p2|Basculegion||ChoiceScarf|Adaptability|LastRespects,FlipTurn,WaveCrash,IceFang|Jolly||M|||50|]Spiritomb||RoseliBerry|Infiltrator|TrickRoom,DestinyBond,WillOWisp,DarkPulse|Relaxed||M|||50|]Conkeldurr||LifeOrb|Guts|DrainPunch,MachPunch,RockSlide,Protect|Relaxed||F|||50|]Mawile||Mawilite|HyperCutter|PlayRough,SwordsDance,IronHead,Protect|Brave||M|||50|]Aegislash||Leftovers|StanceChange|WideGuard,ShadowBall,RainDance,KingsShield|Quiet||F|||50|]Dragonite||Dragoninite|InnerFocus|IceBeam,Protect,DracoMeteor,ThunderWave|Serious||M|||50|
|
|t:|1783555995
|teamsize|p1|4
|teamsize|p2|4
|start
|switch|p1a: Grimmsnarl|Grimmsnarl, L50, M|100/100
|switch|p1b: Venusaur|Venusaur, L50, F|100/100
|switch|p2a: Spiritomb|Spiritomb, L50, M|100/100
|switch|p2b: Mawile|Mawile, L50, M|100/100
|turn|1
|inactive|Battle timer is ON: inactive players will automatically lose when time's up. (requested by PizzaSanwitch)
|
|t:|1783556018
|detailschange|p1b: Venusaur|Venusaur-Mega, L50, F
|-mega|p1b: Venusaur|Venusaur|Venusaurite
|move|p2b: Mawile|Protect|p2b: Mawile
|-singleturn|p2b: Mawile|Protect
|move|p1a: Grimmsnarl|Reflect|p1a: Grimmsnarl
|-sidestart|p1: PizzaSanwitch|Reflect
|move|p1b: Venusaur|Earth Power|p2b: Mawile
|-activate|p2b: Mawile|move: Protect
|move|p2a: Spiritomb|Trick Room|p2a: Spiritomb
|-fieldstart|move: Trick Room|[of] p2a: Spiritomb
|
|upkeep
|turn|2
|
|t:|1783556038
|detailschange|p2b: Mawile|Mawile-Mega, L50, M
|-mega|p2b: Mawile|Mawile|Mawilite
|move|p1a: Grimmsnarl|Parting Shot|p2b: Mawile
|-unboost|p2b: Mawile|atk|1
|-unboost|p2b: Mawile|spa|1
|
|t:|1783556043
|switch|p1a: Archaludon|Archaludon, L50, F|100/100|[from] Parting Shot
|move|p2a: Spiritomb|Dark Pulse|p1b: Venusaur
|-damage|p1b: Venusaur|80/100
|move|p2b: Mawile|Iron Head|p1b: Venusaur
|-damage|p1b: Venusaur|54/100
|move|p1b: Venusaur|Earth Power|p2b: Mawile
|-supereffective|p2b: Mawile|1
|-damage|p2b: Mawile|6/100
|
|upkeep
|turn|3
|inactive|PizzaSanwitch has 30 seconds left.
|inactive|PizzaSanwitch has 20 seconds left.
|
|t:|1783556082
|switch|p2b: Basculegion|Basculegion, L50, M|100/100
|move|p1b: Venusaur|Protect|p1b: Venusaur
|-singleturn|p1b: Venusaur|Protect
|move|p2a: Spiritomb|Dark Pulse|p1a: Archaludon
|-damage|p1a: Archaludon|76/100
|-ability|p1a: Archaludon|Stamina|boost
|-boost|p1a: Archaludon|def|1
|move|p1a: Archaludon|Flash Cannon|p2b: Basculegion
|-resisted|p2b: Basculegion|1
|-damage|p2b: Basculegion|77/100
|-unboost|p2b: Basculegion|spd|1
|
|-heal|p1a: Archaludon|82/100|[from] item: Leftovers
|upkeep
|turn|4
|inactive|newtopokemonteehee has 30 seconds left.
|
|t:|1783556113
|move|p2a: Spiritomb|Dark Pulse|p1b: Venusaur
|-damage|p1b: Venusaur|31/100
|move|p1b: Venusaur|Giga Drain|p2b: Basculegion
|-supereffective|p2b: Basculegion|1
|-damage|p2b: Basculegion|0 fnt
|-heal|p1b: Venusaur|71/100|[from] drain|[of] p2b: Basculegion
|faint|p2b: Basculegion
|move|p1a: Archaludon|Flash Cannon|p2a: Spiritomb
|-damage|p2a: Spiritomb|65/100
|
|-heal|p1a: Archaludon|88/100|[from] item: Leftovers
|upkeep
|
|t:|1783556123
|switch|p2b: Conkeldurr|Conkeldurr, L50, F|100/100
|turn|5
|
|t:|1783556138
|switch|p1b: Pelipper|Pelipper, L50, F|100/100
|-weather|RainDance|[from] ability: Drizzle|[of] p1b: Pelipper
|move|p2b: Conkeldurr|Protect|p2b: Conkeldurr
|-singleturn|p2b: Conkeldurr|Protect
|move|p1a: Archaludon|Protect|p1a: Archaludon
|-singleturn|p1a: Archaludon|Protect
|move|p2a: Spiritomb|Destiny Bond|p2a: Spiritomb
|-singlemove|p2a: Spiritomb|Destiny Bond
|
|-weather|RainDance|[upkeep]
|-heal|p1a: Archaludon|94/100|[from] item: Leftovers
|-fieldend|move: Trick Room
|upkeep
|turn|6
|
|t:|1783556157
|switch|p2b: Mawile|Mawile-Mega, L50, M|6/100
|move|p1b: Pelipper|Hurricane|p2b: Mawile
|-resisted|p2b: Mawile|1
|-damage|p2b: Mawile|0 fnt
|faint|p2b: Mawile
|move|p1a: Archaludon|Electro Shot||[still]
|-prepare|p1a: Archaludon|Electro Shot
|-boost|p1a: Archaludon|spa|1
|-anim|p1a: Archaludon|Electro Shot|p2a: Spiritomb
|-damage|p2a: Spiritomb|11/100
|move|p2a: Spiritomb|Trick Room|p2a: Spiritomb
|-fieldstart|move: Trick Room|[of] p2a: Spiritomb
|
|-weather|RainDance|[upkeep]
|-heal|p1a: Archaludon|100/100|[from] item: Leftovers
|upkeep
|
|t:|1783556171
|switch|p2b: Conkeldurr|Conkeldurr, L50, F|100/100
|turn|7
|
|t:|1783556185
|move|p2a: Spiritomb|Destiny Bond|p2a: Spiritomb
|-singlemove|p2a: Spiritomb|Destiny Bond
|move|p2b: Conkeldurr|Rock Slide|p1a: Archaludon|[spread] p1a,p1b
|-resisted|p1a: Archaludon|1
|-supereffective|p1b: Pelipper|1
|-damage|p1a: Archaludon|95/100
|-damage|p1b: Pelipper|55/100
|-ability|p1a: Archaludon|Stamina|boost
|-boost|p1a: Archaludon|def|1
|-damage|p2b: Conkeldurr|90/100|[from] item: Life Orb
|move|p1a: Archaludon|Electro Shot||[still]
|-prepare|p1a: Archaludon|Electro Shot
|-boost|p1a: Archaludon|spa|1
|-anim|p1a: Archaludon|Electro Shot|p2b: Conkeldurr
|-damage|p2b: Conkeldurr|0 fnt
|faint|p2b: Conkeldurr
|move|p1b: Pelipper|Hurricane|p2a: Spiritomb
|-damage|p2a: Spiritomb|0 fnt
|faint|p2a: Spiritomb
|-activate|p2a: Spiritomb|move: Destiny Bond
|faint|p1b: Pelipper
|
|win|PizzaSanwitch
|raw|PizzaSanwitch's rating: 1000 → 1053(+53 for winning)
|raw|newtopokemonteehee's rating: 1117 → 1084(-33 for losing)
|l|☆newtopokemonteehee
|player|p2|
