|j|☆SitrusC
|j|☆magicalarcher57
|html|SitrusCmagicalarcher57    
|uhtml|bestof|Game 1 of a best-of-3
|t:|1783516105
|gametype|doubles
|player|p1|SitrusC|lucas|
|player|p2|magicalarcher57|diantha|
|gen|9
|tier|[Gen 9 Champions] VGC 2026 Reg M-B (Bo3)
|rule|Species Clause: Limit one of each Pokémon
|rule|Item Clause: Limit 1 of each item
|clearpoke
|poke|p1|Charizard, L50, M, shiny|
|poke|p1|Garchomp, L50, M|
|poke|p1|Kingambit, L50, M|
|poke|p1|Aerodactyl, L50, M|
|poke|p1|Sylveon, L50, M|
|poke|p1|Farigiraf, L50, M|
|poke|p2|Delphox, L50, F|
|poke|p2|Incineroar, L50, F|
|poke|p2|Maushold-Four, L50|
|poke|p2|Sinistcha, L50|
|poke|p2|Sneasler, L50, M|
|poke|p2|Blastoise, L50, M|
|teampreview|4
|showteam|p1|Charizard||CharizarditeY|Blaze|Protect,HeatWave,SolarBeam,WeatherBall|Modest||M|||50|]Garchomp||LifeOrb|RoughSkin|Protect,Earthquake,DragonClaw,StompingTantrum|Jolly||M|||50|]Kingambit||FocusSash|Defiant|LowKick,IronHead,SuckerPunch,KowtowCleave|Adamant||M|||50|]Aerodactyl||Aerodactylite|Unnerve|Tailwind,IceFang,RockSlide,WideGuard|Jolly||M|||50|]Sylveon||FairyFeather|Pixilate|Protect,HyperVoice,HyperBeam,QuickAttack|Modest||M|||50|]Farigiraf||SitrusBerry|ArmorTail|TrickRoom,TwinBeam,Thunderbolt,HelpingHand|Bold||M|||50|
|showteam|p2|Delphox||Delphoxite|Blaze|HeatWave,Psychic,NastyPlot,Protect|Timid||F|||50|]Incineroar||SitrusBerry|Intimidate|FakeOut,PartingShot,FlareBlitz,ThroatChop|Impish||F|||50|]Maushold-Four||ChopleBerry|FriendGuard|Feint,HelpingHand,Protect,FollowMe|Impish|||||50|]Sinistcha||KasibBerry|Hospitality|Protect,MatchaGotcha,LifeDew,RagePowder|Bold|||||50|]Sneasler||FocusSash|PoisonTouch|CloseCombat,DireClaw,QuickGuard,FakeOut|Adamant||M|||50|]Blastoise||Blastoisinite|RainDish|Protect,WaterSpout,DarkPulse,ShellSmash|Modest||M|||50|
|inactive|Battle timer is ON: inactive players will automatically lose when time's up. (requested by SitrusC)
|inactive|magicalarcher57 also wants the timer to be on.
|c|☆magicalarcher57|glhf
|c|☆SitrusC|Glhf
|inactive|SitrusC has 60 seconds left.
|inactive|magicalarcher57 has 60 seconds left.
|inactive|SitrusC has 30 seconds left.
|inactive|SitrusC has 20 seconds left.
|inactive|SitrusC has 15 seconds left.
|inactive|SitrusC has 10 seconds left.
|
|t:|1783516187
|teamsize|p1|4
|teamsize|p2|4
|start
|switch|p1a: Aerodactyl|Aerodactyl, L50, M|100/100
|switch|p1b: Charizard|Charizard, L50, M, shiny|100/100
|switch|p2a: Delphox|Delphox, L50, F|100/100
|switch|p2b: Incineroar|Incineroar, L50, F|100/100
|-ability|p1a: Aerodactyl|Unnerve
|-ability|p2b: Incineroar|Intimidate|boost
|-unboost|p1a: Aerodactyl|atk|1
|-unboost|p1b: Charizard|atk|1
|turn|1
|inactive|magicalarcher57 no longer wants the timer on, but the timer is staying on because sitrusc still does.
|c|☆magicalarcher57|if u want timer off im ok
|inactive|SitrusC has 30 seconds left.
|inactive|SitrusC has 20 seconds left.
|
|t:|1783516223
|switch|p1b: Farigiraf|Farigiraf, L50, M|100/100
|move|p2a: Delphox|Protect|p2a: Delphox
|-singleturn|p2a: Delphox|Protect
|move|p1a: Aerodactyl|Rock Slide|p2b: Incineroar|[spread] p2b
|-activate|p2a: Delphox|move: Protect
|-supereffective|p2b: Incineroar|1
|-damage|p2b: Incineroar|76/100
|move|p2b: Incineroar|Parting Shot|p1a: Aerodactyl
|-unboost|p1a: Aerodactyl|atk|1
|-unboost|p1a: Aerodactyl|spa|1
|
|t:|1783516243
|switch|p2b: Maushold|Maushold-Four, L50|100/100|[from] Parting Shot
|
|upkeep
|turn|2
|inactive|SitrusC has 30 seconds left.
|
|t:|1783516269
|switch|p1a: Sylveon|Sylveon, L50, M|100/100
|switch|p2b: Incineroar|Incineroar, L50, F|76/100
|-ability|p2b: Incineroar|Intimidate|boost
|-unboost|p1a: Sylveon|atk|1
|-unboost|p1b: Farigiraf|atk|1
|detailschange|p2a: Delphox|Delphox-Mega, L50, F
|-mega|p2a: Delphox|Delphox|Delphoxite
|move|p2a: Delphox|Nasty Plot|p2a: Delphox
|-boost|p2a: Delphox|spa|2
|move|p1b: Farigiraf|Trick Room|p1b: Farigiraf
|-fieldstart|move: Trick Room|[of] p1b: Farigiraf
|
|upkeep
|turn|3
|inactive|SitrusC has 30 seconds left.
|
|t:|1783516300
|move|p1b: Farigiraf|Helping Hand|p1a: Sylveon
|-singleturn|p1a: Sylveon|Helping Hand|[of] p1b: Farigiraf
|move|p2a: Delphox|Protect|p2a: Delphox
|-singleturn|p2a: Delphox|Protect
|move|p2b: Incineroar|Parting Shot|p1a: Sylveon
|-unboost|p1a: Sylveon|atk|1
|-unboost|p1a: Sylveon|spa|1
|
|t:|1783516315
|switch|p2b: Maushold|Maushold-Four, L50|100/100|[from] Parting Shot
|move|p1a: Sylveon|Hyper Voice|p2a: Delphox|[spread] p2b
|-activate|p2a: Delphox|move: Protect
|-damage|p2b: Maushold|44/100
|
|upkeep
|turn|4
|inactive|SitrusC has 30 seconds left.
|
|t:|1783516342
|switch|p1a: Aerodactyl|Aerodactyl, L50, M|100/100
|-ability|p1a: Aerodactyl|Unnerve
|move|p2b: Maushold|Follow Me|p2b: Maushold
|-singleturn|p2b: Maushold|move: Follow Me
|move|p1b: Farigiraf|Twin Beam|p2b: Maushold
|-damage|p2b: Maushold|28/100
|-damage|p2b: Maushold|9/100
|-hitcount|p2b: Maushold|2
|move|p2a: Delphox|Heat Wave|p1b: Farigiraf|[spread] p1a,p1b
|-resisted|p1a: Aerodactyl|1
|-damage|p1a: Aerodactyl|45/100
|-damage|p1b: Farigiraf|38/100
|-enditem|p1b: Farigiraf|Sitrus Berry|[eat]
|-heal|p1b: Farigiraf|63/100|[from] item: Sitrus Berry
|
|upkeep
|turn|5
|inactive|SitrusC has 30 seconds left.
|
|t:|1783516374
|move|p2b: Maushold|Helping Hand|p2a: Delphox
|-singleturn|p2a: Delphox|Helping Hand|[of] p2b: Maushold
|move|p1b: Farigiraf|Thunderbolt|p2a: Delphox
|-crit|p2a: Delphox
|-damage|p2a: Delphox|78/100
|-status|p2a: Delphox|par
|cant|p2a: Delphox|par
|move|p1a: Aerodactyl|Rock Slide|p2b: Maushold|[spread] p2b
|-miss|p1a: Aerodactyl|p2a: Delphox
|-damage|p2b: Maushold|0 fnt
|faint|p2b: Maushold
|
|upkeep
|
|t:|1783516383
|switch|p2b: Incineroar|Incineroar, L50, F|76/100
|-ability|p2b: Incineroar|Intimidate|boost
|-unboost|p1a: Aerodactyl|atk|1
|-unboost|p1b: Farigiraf|atk|1
|turn|6
|c|☆SitrusC|Lol
|c|☆magicalarcher57|lol
|inactive|SitrusC has 30 seconds left.
|inactive|SitrusC has 20 seconds left.
|inactive|SitrusC has 15 seconds left.
|
|t:|1783516427
|move|p1a: Aerodactyl|Wide Guard|p1a: Aerodactyl
|-singleturn|p1a: Aerodactyl|Wide Guard
|move|p1b: Farigiraf|Thunderbolt|p2a: Delphox
|-crit|p2a: Delphox
|-damage|p2a: Delphox|46/100 par
|move|p2b: Incineroar|Throat Chop|p1b: Farigiraf
|-supereffective|p1b: Farigiraf|1
|-damage|p1b: Farigiraf|10/100
|-start|p1b: Farigiraf|Throat Chop|[silent]
|move|p2a: Delphox|Psychic|p1a: Aerodactyl
|-damage|p1a: Aerodactyl|0 fnt
|faint|p1a: Aerodactyl
|
|-fieldend|move: Trick Room
|upkeep
|c|☆magicalarcher57|oh god
|
|t:|1783516442
|switch|p1a: Charizard|Charizard, L50, M, shiny|100/100
|turn|7
|
|t:|1783516451
|switch|p2b: Sinistcha|Sinistcha, L50|100/100
|-heal|p2a: Delphox|70/100 par|[from] ability: Hospitality|[of] p2b: Sinistcha
|switch|p1b: Sylveon|Sylveon, L50, M|100/100
|move|p1a: Charizard|Protect|p1a: Charizard
|-singleturn|p1a: Charizard|Protect
|move|p2a: Delphox|Heat Wave|p1b: Sylveon|[spread] p1b
|-activate|p1a: Charizard|move: Protect
|-damage|p1b: Sylveon|34/100
|
|upkeep
|turn|8
|
|t:|1783516475
|detailschange|p1a: Charizard|Charizard-Mega-Y, L50, M, shiny
|-mega|p1a: Charizard|Charizard|Charizardite Y
|-weather|SunnyDay|[from] ability: Drought|[of] p1a: Charizard
|move|p1a: Charizard|Heat Wave|p2b: Sinistcha|[spread] p2a
|-miss|p1a: Charizard|p2b: Sinistcha
|-resisted|p2a: Delphox|1
|-damage|p2a: Delphox|44/100 par
|move|p1b: Sylveon|Hyper Voice|p2a: Delphox|[spread] p2a,p2b
|-resisted|p2a: Delphox|1
|-damage|p2a: Delphox|21/100 par
|-damage|p2b: Sinistcha|50/100g
|move|p2a: Delphox|Heat Wave|p1b: Sylveon|[spread] p1a,p1b
|-resisted|p1a: Charizard|1
|-damage|p1a: Charizard|51/100
|-damage|p1b: Sylveon|0 fnt
|faint|p1b: Sylveon
|move|p2b: Sinistcha|Life Dew|p2b: Sinistcha|[spread] p2a,p2b
|-heal|p2a: Delphox|46/100 par
|-heal|p2b: Sinistcha|75/100
|
|-weather|SunnyDay|[upkeep]
|upkeep
|
|t:|1783516494
|switch|p1b: Farigiraf|Farigiraf, L50, M|10/100
|turn|9
|
|t:|1783516502
|switch|p2b: Incineroar|Incineroar, L50, F|76/100
|-ability|p2b: Incineroar|Intimidate|boost
|-unboost|p1a: Charizard|atk|1
|-unboost|p1b: Farigiraf|atk|1
|move|p1b: Farigiraf|Helping Hand|p1a: Charizard
|-singleturn|p1a: Charizard|Helping Hand|[of] p1b: Farigiraf
|move|p1a: Charizard|Heat Wave|p2a: Delphox|[spread] p2b
|-miss|p1a: Charizard|p2a: Delphox
|-resisted|p2b: Incineroar|1
|-damage|p2b: Incineroar|36/100
|-enditem|p2b: Incineroar|Sitrus Berry|[eat]
|-heal|p2b: Incineroar|61/100|[from] item: Sitrus Berry
|move|p2a: Delphox|Heat Wave|p1b: Farigiraf|[spread] p1a,p1b
|-resisted|p1a: Charizard|1
|-damage|p1a: Charizard|0 fnt
|-damage|p1b: Farigiraf|0 fnt
|faint|p1a: Charizard
|faint|p1b: Farigiraf
|
|win|magicalarcher57
