|j|☆moth.o
|j|☆mariocansado
|html|moth.omariocansado    
|uhtml|bestof|Game 2 of a best-of-3
|t:|1756332560
|gametype|doubles
|player|p1|moth.o|roxie|1064
|player|p2|mariocansado|arven-v|1133
|gen|9
|tier|[Gen 9] VGC 2025 Reg H (Bo3)
|rated|
|rule|Species Clause: Limit one of each Pokémon
|rule|Item Clause: Limit 1 of each item
|clearpoke
|poke|p1|Arcanine-Hisui, L50, M|
|poke|p1|Indeedee-F, L50, F|
|poke|p1|Gallade, L50, M|
|poke|p1|Gholdengo, L50|
|poke|p1|Whimsicott, L50, M|
|poke|p1|Hydreigon, L50, M|
|poke|p2|Gholdengo, L50|
|poke|p2|Rillaboom, L50, F|
|poke|p2|Dragapult, L50, F|
|poke|p2|Electabuzz, L50, F|
|poke|p2|Volcarona, L50, M|
|poke|p2|Gyarados, L50, F|
|teampreview|4
|showteam|p1|Arcanine-Hisui||SafetyGoggles|Intimidate|Protect,RockSlide,FlareBlitz,ExtremeSpeed|||M|||50|,,,,,Fairy]Indeedee-F||SitrusBerry|PsychicSurge|TrickRoom,FollowMe,Psychic,HelpingHand|||F|||50|,,,,,Fairy]Gallade||LifeOrb|Sharpness|Protect,NightSlash,SacredSword,PsychoCut|||M|||50|,,,,,Grass]Gholdengo||ChoiceSpecs|GoodasGold|MakeItRain,ShadowBall,PowerGem,Trick||||||50|,,,,,Steel]Whimsicott||CovertCloak|Prankster|CottonSpore,Moonblast,Encore,Tailwind|||M|||50|,,,,,Dark]Hydreigon||AssaultVest|Levitate|FireSpin,Snarl,DarkPulse,DracoMeteor|||M|||50|,,,,,Ghost
|showteam|p2|Gholdengo||ChoiceScarf|GoodasGold|MakeItRain,ShadowBall,PowerGem,Trick||||||50|,,,,,Steel]Rillaboom||AssaultVest|GrassySurge|FakeOut,WoodHammer,GrassyGlide,Uturn|||F|||50|,,,,,Fire]Dragapult||ChoiceBand|ClearBody|DragonDarts,DragonClaw,PhantomForce,Uturn|||F|||50|,,,,,Dragon]Electabuzz||Eviolite|VitalSpirit|Electroweb,Taunt,FollowMe,Protect|||F|||50|,,,,,Ghost]Volcarona||Leftovers|FlameBody|HeatWave,QuiverDance,Protect,GigaDrain|||M|||50|,,,,,Grass]Gyarados||RockyHelmet|Intimidate|Waterfall,HelpingHand,ThunderWave,Protect|||F|||50|,,,,,Grass
|j| pedrito70043
|
|t:|1756332676
|teamsize|p1|4
|teamsize|p2|4
|start
|switch|p1a: Gholdengo|Gholdengo, L50|100/100
|switch|p1b: Meigallo|Whimsicott, L50, M, shiny|100/100
|switch|p2a: Gholdengo|Gholdengo, L50|100/100
|switch|p2b: Electabuzz|Electabuzz, L50, F|100/100
|turn|1
|
|t:|1756332709
|switch|p1a: Servicial|Indeedee-F, L50, F|100/100
|-fieldstart|move: Psychic Terrain|[from] ability: Psychic Surge|[of] p1a: Servicial
|move|p2b: Electabuzz|Follow Me|p2b: Electabuzz
|-singleturn|p2b: Electabuzz|move: Follow Me
|move|p1b: Meigallo|Tailwind|p1b: Meigallo
|-sidestart|p1: moth.o|move: Tailwind
|move|p2a: Gholdengo|Make It Rain|p1b: Meigallo|[spread] p1a,p1b
|-supereffective|p1b: Meigallo
|-damage|p1a: Servicial|49/100
|-damage|p1b: Meigallo|0 fnt
|-unboost|p2a: Gholdengo|spa|1
|-enditem|p1a: Servicial|Sitrus Berry|[eat]
|-heal|p1a: Servicial|74/100|[from] item: Sitrus Berry
|faint|p1b: Meigallo
|
|upkeep
|
|t:|1756332726
|switch|p1b: Galantería|Gallade, L50, M, shiny|100/100
|turn|2
|
|t:|1756332748
|switch|p2a: Gyarados|Gyarados, L50, F|100/100
|-ability|p2a: Gyarados|Intimidate|boost
|-unboost|p1a: Servicial|atk|1
|-unboost|p1b: Galantería|atk|1
|move|p1a: Servicial|Helping Hand|p1b: Galantería
|-singleturn|p1b: Galantería|Helping Hand|[of] p1a: Servicial
|move|p1b: Galantería|Psycho Cut|p2b: Electabuzz
|-damage|p2b: Electabuzz|12/100
|-damage|p1b: Galantería|91/100|[from] item: Life Orb
|move|p2b: Electabuzz|Taunt|p1a: Servicial
|-start|p1a: Servicial|move: Taunt
|
|upkeep
|turn|3
|
|t:|1756332785
|switch|p1b: Gholdengo|Gholdengo, L50|100/100
|move|p2b: Electabuzz|Protect|p2b: Electabuzz
|-singleturn|p2b: Electabuzz|Protect
|move|p1a: Servicial|Psychic|p2b: Electabuzz
|-activate|p2b: Electabuzz|move: Protect
|move|p2a: Gyarados|Waterfall|p1a: Servicial
|-damage|p1a: Servicial|38/100
|
|upkeep
|turn|4
|
|t:|1756332809
|-terastallize|p1b: Gholdengo|Steel
|move|p2a: Gyarados|Protect|p2a: Gyarados
|-singleturn|p2a: Gyarados|Protect
|move|p1b: Gholdengo|Make It Rain|p2b: Electabuzz|[spread] p2b
|-activate|p2a: Gyarados|move: Protect
|-resisted|p2b: Electabuzz
|-damage|p2b: Electabuzz|0 fnt
|-unboost|p1b: Gholdengo|spa|1
|faint|p2b: Electabuzz
|move|p1a: Servicial|Psychic|p2a: Gyarados
|-activate|p2a: Gyarados|move: Protect
|
|-sideend|p1: moth.o|move: Tailwind
|upkeep
|
|t:|1756332820
|switch|p2b: Gholdengo|Gholdengo, L50|100/100
|turn|5
|
|t:|1756332836
|move|p2b: Gholdengo|Shadow Ball|p1b: Gholdengo
|-crit|p1b: Gholdengo
|-damage|p1b: Gholdengo|26/100
|move|p1b: Gholdengo|Make It Rain|p2a: Gyarados|[spread] p2a,p2b
|-resisted|p2a: Gyarados
|-resisted|p2b: Gholdengo
|-damage|p2a: Gyarados|71/100
|-damage|p2b: Gholdengo|59/100
|-unboost|p1b: Gholdengo|spa|1
|move|p2a: Gyarados|Waterfall|p1a: Servicial
|-damage|p1a: Servicial|2/100
|cant|p1a: Servicial|flinch
|
|-end|p1a: Servicial|move: Taunt
|-fieldend|move: Psychic Terrain
|upkeep
|turn|6
|
|t:|1756332871
|switch|p2b: Big Jerry|Rillaboom, L50, F|100/100
|-fieldstart|move: Grassy Terrain|[from] ability: Grassy Surge|[of] p2b: Big Jerry
|switch|p1b: Galantería|Gallade, L50, M, shiny|91/100
|move|p1a: Servicial|Follow Me|p1a: Servicial
|-singleturn|p1a: Servicial|move: Follow Me
|move|p2a: Gyarados|Waterfall|p1a: Servicial
|-damage|p1a: Servicial|0 fnt
|faint|p1a: Servicial
|
|-heal|p1b: Galantería|96/100|[from] Grassy Terrain
|upkeep
|
|t:|1756332886
|switch|p1a: Gholdengo|Gholdengo, L50, tera:Steel|26/100
|turn|7
|
|t:|1756332904
|move|p2b: Big Jerry|Fake Out|p1b: Galantería
|-damage|p1b: Galantería|71/100
|cant|p1b: Galantería|flinch
|move|p1a: Gholdengo|Trick|p2b: Big Jerry
|-activate|p1a: Gholdengo|move: Trick|[of] p2b: Big Jerry
|-item|p2b: Big Jerry|Choice Specs|[from] move: Trick
|-item|p1a: Gholdengo|Assault Vest|[from] move: Trick
|move|p2a: Gyarados|Waterfall|p1a: Gholdengo
|-damage|p1a: Gholdengo|0 fnt
|faint|p1a: Gholdengo
|
|-heal|p1b: Galantería|77/100|[from] Grassy Terrain
|upkeep
|turn|8
|-message|moth.o forfeited.
|
|win|mariocansado
||moth.o is ready for game 3.
||mariocansado is ready for game 3.
|uhtml|next|Next: Game 3 of 3
|j| ranakos
|l| pedrito70043
