|j|☆Luckstat10
|j|☆Jakobtc
|html|Luckstat10Jakobtc    
|uhtml|bestof|Game 2 of a best-of-3
|t:|1756672504
|gametype|doubles
|player|p1|Luckstat10|266|1178
|player|p2|Jakobtc|riley|1166
|gen|9
|tier|[Gen 9] VGC 2025 Reg H (Bo3)
|rated|
|rule|Species Clause: Limit one of each Pokémon
|rule|Item Clause: Limit 1 of each item
|clearpoke
|poke|p1|Rillaboom, L50, M|
|poke|p1|Sneasler, L50, F|
|poke|p1|Gholdengo, L50|
|poke|p1|Milotic, L50, F|
|poke|p1|Garchomp, L50, M|
|poke|p1|Volcarona, L50, F|
|poke|p2|Gholdengo, L50|
|poke|p2|Incineroar, L50, M|
|poke|p2|Ursaluna, L50, M|
|poke|p2|Porygon2, L50|
|poke|p2|Kilowattrel, L50, M|
|poke|p2|Sneasler, L50, F|
|teampreview|4
|showteam|p1|Rillaboom||AssaultVest|GrassySurge|FakeOut,WoodHammer,GrassyGlide,HighHorsepower|||M|||50|,,,,,Fire]Sneasler||FocusSash|PoisonTouch|FakeOut,CloseCombat,DireClaw,Protect|||F|||50|,,,,,Stellar]Gholdengo||LifeOrb|GoodasGold|NastyPlot,MakeItRain,ShadowBall,Protect||||||50|,,,,,Water]Milotic||FlameOrb|MarvelScale|IcyWind,Scald,Haze,Recover|||F|||50|,,,,,Dragon]Garchomp||ChoiceScarf|RoughSkin|DragonClaw,StompingTantrum,Earthquake,RockSlide|||M|||50|,,,,,Fairy]Volcarona||CovertCloak|FlameBody|QuiverDance,HeatWave,GigaDrain,Protect|||F|||50|,,,,,Grass
|showteam|p2|Gholdengo||LifeOrb|GoodasGold|MakeItRain,ShadowBall,NastyPlot,Protect||||||50|,,,,,Dragon]Incineroar||SafetyGoggles|Intimidate|FakeOut,FlareBlitz,KnockOff,PartingShot|||M|||50|,,,,,Bug]Ursaluna||FlameOrb|Guts|Facade,HeadlongRush,Earthquake,Protect|||M|||50|,,,,,Ghost]Porygon2||Eviolite|Download|TeraBlast,IceBeam,Recover,TrickRoom||||||50|,,,,,Flying]Kilowattrel||FocusSash|Competitive|AirSlash,Thunderbolt,Tailwind,Protect|||M|||50|,,,,,Ghost]Sneasler||WhiteHerb|Pressure|DireClaw,CloseCombat,ThroatChop,Protect|||F|||50|,,,,,Stellar
|
|t:|1756672538
|teamsize|p1|4
|teamsize|p2|4
|start
|switch|p1a: Dare|Sneasler, L50, F|100/100
|switch|p1b: Midas|Gholdengo, L50|100/100
|switch|p2a: Sneasler|Sneasler, L50, F|100/100
|switch|p2b: Kilowattrel|Kilowattrel, L50, M|100/100
|-ability|p2a: Sneasler|Pressure
|turn|1
|
|t:|1756672556
|move|p1a: Dare|Fake Out|p2b: Kilowattrel
|-damage|p2b: Kilowattrel|73/100
|cant|p2b: Kilowattrel|flinch
|move|p2a: Sneasler|Throat Chop|p1b: Midas
|-supereffective|p1b: Midas
|-damage|p1b: Midas|49/100
|-start|p1b: Midas|Throat Chop|[silent]
|move|p1b: Midas|Nasty Plot|p1b: Midas
|-boost|p1b: Midas|spa|2
|
|upkeep
|turn|2
|
|t:|1756672613
|move|p1b: Midas|Protect|p1b: Midas
|-singleturn|p1b: Midas|Protect
|move|p2b: Kilowattrel|Tailwind|p2b: Kilowattrel
|-sidestart|p2: Jakobtc|move: Tailwind
|move|p2a: Sneasler|Throat Chop|p1b: Midas
|-activate|p1b: Midas|move: Protect
|move|p1a: Dare|Dire Claw|p2b: Kilowattrel
|-damage|p2b: Kilowattrel|0 fnt
|faint|p2b: Kilowattrel
|
|-end|p1b: Midas|Throat Chop|[silent]
|upkeep
|
|t:|1756672627
|switch|p2b: Ursaluna|Ursaluna, L50, M|100/100
|turn|3
|
|t:|1756672651
|switch|p1b: Koba|Rillaboom, L50, M, shiny|100/100
|-fieldstart|move: Grassy Terrain|[from] ability: Grassy Surge|[of] p1b: Koba
|-terastallize|p2b: Ursaluna|Ghost
|move|p1a: Dare|Protect|p1a: Dare
|-singleturn|p1a: Dare|Protect
|move|p2a: Sneasler|Throat Chop|p1b: Koba
|-damage|p1b: Koba|73/100
|-start|p1b: Koba|Throat Chop|[silent]
|move|p2b: Ursaluna|Facade|p1b: Koba
|-damage|p1b: Koba|34/100
|
|-heal|p1b: Koba|40/100|[from] Grassy Terrain
|-status|p2b: Ursaluna|brn|[from] item: Flame Orb
|upkeep
|turn|4
|
|t:|1756672676
|switch|p2a: Porygon2|Porygon2, L50, shiny|100/100
|-ability|p2a: Porygon2|Download|boost
|-boost|p2a: Porygon2|atk|1
|switch|p1a: Mothra|Volcarona, L50, F, shiny|100/100
|move|p1b: Koba|Fake Out|p2a: Porygon2
|-damage|p2a: Porygon2|91/100
|move|p2b: Ursaluna|Facade|p1b: Koba
|-damage|p1b: Koba|0 fnt
|faint|p1b: Koba
|
|-heal|p2a: Porygon2|97/100|[from] Grassy Terrain
|-damage|p2b: Ursaluna|94/100 brn|[from] brn
|upkeep
|
|t:|1756672679
|switch|p1b: Dare|Sneasler, L50, F|100/100
|turn|5
|
|t:|1756672699
|switch|p2a: Sneasler|Sneasler, L50, F|100/100
|-ability|p2a: Sneasler|Pressure
|move|p1b: Dare|Fake Out|p2a: Sneasler
|-damage|p2a: Sneasler|79/100
|move|p2b: Ursaluna|Facade|p1a: Mothra
|-damage|p1a: Mothra|0 fnt
|faint|p1a: Mothra
|
|-heal|p2a: Sneasler|85/100|[from] Grassy Terrain
|-heal|p2b: Ursaluna|100/100 brn|[from] Grassy Terrain
|-damage|p2b: Ursaluna|94/100 brn|[from] brn
|-sideend|p2: Jakobtc|move: Tailwind
|upkeep
|
|t:|1756672701
|switch|p1a: Midas|Gholdengo, L50|49/100
|turn|6
|
|t:|1756672725
|move|p1b: Dare|Dire Claw|p2b: Ursaluna
|-resisted|p2b: Ursaluna
|-damage|p2b: Ursaluna|80/100 brn
|move|p2a: Sneasler|Throat Chop|p1a: Midas
|-supereffective|p1a: Midas
|-crit|p1a: Midas
|-damage|p1a: Midas|0 fnt
|faint|p1a: Midas
|move|p2b: Ursaluna|Earthquake|p1b: Dare|[spread] p2a,p1b
|-supereffective|p2a: Sneasler
|-supereffective|p1b: Dare
|-damage|p2a: Sneasler|0 fnt
|-enditem|p1b: Dare|Focus Sash
|-damage|p1b: Dare|1/100
|faint|p2a: Sneasler
|
|-heal|p1b: Dare|7/100|[from] Grassy Terrain
|-heal|p2b: Ursaluna|87/100 brn|[from] Grassy Terrain
|-damage|p2b: Ursaluna|80/100 brn|[from] brn
|upkeep
|
|t:|1756672745
|switch|p2a: Porygon2|Porygon2, L50, shiny|97/100
|-ability|p2a: Porygon2|Download|boost
|-boost|p2a: Porygon2|atk|1
|turn|7
|
|t:|1756672755
|-terastallize|p1b: Dare|Stellar
|move|p1b: Dare|Close Combat|p2a: Porygon2
|-supereffective|p2a: Porygon2
|-damage|p2a: Porygon2|0 fnt
|-unboost|p1b: Dare|def|1
|-unboost|p1b: Dare|spd|1
|faint|p2a: Porygon2
|move|p2b: Ursaluna|Facade|p1b: Dare
|-damage|p1b: Dare|0 fnt
|faint|p1b: Dare
|
|win|Jakobtc
||Luckstat10 is ready for game 3.
|inactive|Jakobtc has 30 seconds to confirm battle start!
