|j|☆FollowBrandn
|j|☆GreyJohn
|html|FollowBrandnGreyJohn    
|uhtml|bestof|Game 1 of a best-of-3
|t:|1784166249
|gametype|doubles
|player|p1|FollowBrandn|unknown|
|player|p2|GreyJohn|blackbelt-gen4dp|
|gen|9
|tier|[Gen 9 Champions] VGC 2026 Reg M-B (Bo3)
|rule|Species Clause: Limit one of each Pokémon
|rule|Item Clause: Limit 1 of each item
|clearpoke
|poke|p1|Metagross, L50|
|poke|p1|Incineroar, L50, F|
|poke|p1|Palafin, L50, F|
|poke|p1|Rotom-Wash, L50, shiny|
|poke|p1|Ariados, L50, M|
|poke|p1|Scrafty, L50, M|
|poke|p2|Vivillon, L50, F|
|poke|p2|Starmie, L50|
|poke|p2|Kangaskhan, L50, F|
|poke|p2|Ceruledge, L50, F|
|poke|p2|Rhyperior, L50, M|
|poke|p2|Decidueye-Hisui, L50, M|
|teampreview|4
|showteam|p1|Metagross||Metagrossite|ClearBody|IronHead,ThunderPunch,StompingTantrum,Protect|Jolly|||||50|]Incineroar||PasshoBerry|Intimidate|FakeOut,FlareBlitz,PartingShot,DarkestLariat|Adamant||F|||50|]Palafin||Leftovers|ZerotoHero|JetPunch,BulkUp,DrainPunch,Taunt|Impish||F|||50|]Rotom-Wash||ChoiceScarf|Levitate|VoltSwitch,Thunderbolt,HydroPump,Trick|Modest|||||50|]Ariados||SitrusBerry|Insomnia|KnockOff,RagePowder,StringShot,Protect|Impish||M|||50|]Scrafty||Scraftinite|Intimidate|FakeOut,KnockOff,DrainPunch,Protect|Careful||M|||50|
|showteam|p2|Vivillon||FocusSash|CompoundEyes|BugBuzz,SleepPowder,Tailwind,RagePowder|Bold||F|||50|]Starmie||Starminite|NaturalCure|Liquidation,ZenHeadbutt,BulkUp,Protect|Jolly|||||50|]Kangaskhan||ExpertBelt|InnerFocus|FakeOut,SuckerPunch,ThunderPunch,Protect|Adamant||F|||50|]Ceruledge||LifeOrb|FlashFire|BitterBlade,ShadowSneak,AllySwitch,Protect|Adamant||F|||50|]Rhyperior||SoftSand|SolidRock|HighHorsepower,StoneEdge,RockSlide,Protect|Adamant||M|||50|]Decidueye-Hisui||ChoiceScarf|Scrappy|TripleArrows,LeafBlade,KnockOff,Uturn|Jolly||M|||50|
|
|t:|1784166330
|teamsize|p1|4
|teamsize|p2|4
|start
|switch|p1a: Scrafty|Scrafty, L50, M|100/100
|switch|p1b: Ariados|Ariados, L50, M|100/100
|switch|p2a: Vivillon|Vivillon, L50, F|100/100
|switch|p2b: Kangaskhan|Kangaskhan, L50, F|100/100
|-ability|p1a: Scrafty|Intimidate|boost
|-unboost|p2a: Vivillon|atk|1
|-fail|p2b: Kangaskhan|unboost|Attack|[from] ability: Inner Focus|[of] p2b: Kangaskhan
|turn|1
|
|t:|1784166363
|move|p1a: Scrafty|Protect|p1a: Scrafty
|-singleturn|p1a: Scrafty|Protect
|move|p1b: Ariados|Protect|p1b: Ariados
|-singleturn|p1b: Ariados|Protect
|move|p2b: Kangaskhan|Fake Out|p1b: Ariados
|-activate|p1b: Ariados|move: Protect
|move|p2a: Vivillon|Sleep Powder|p1a: Scrafty
|-activate|p1a: Scrafty|move: Protect
|
|upkeep
|turn|2
|
|t:|1784166403
|detailschange|p1a: Scrafty|Scrafty-Mega, L50, M
|-mega|p1a: Scrafty|Scrafty|Scraftinite
|-ability|p1a: Scrafty|Intimidate|boost
|-unboost|p2a: Vivillon|atk|1
|-fail|p2b: Kangaskhan|unboost|Attack|[from] ability: Inner Focus|[of] p2b: Kangaskhan
|move|p1b: Ariados|Rage Powder|p1b: Ariados
|-singleturn|p1b: Ariados|move: Rage Powder
|move|p2b: Kangaskhan|Thunder Punch|p1b: Ariados
|-damage|p1b: Ariados|80/100
|move|p2a: Vivillon|Sleep Powder|p1b: Ariados
|-immune|p1b: Ariados|[from] ability: Insomnia
|move|p1a: Scrafty|Drain Punch|p2b: Kangaskhan
|-supereffective|p2b: Kangaskhan|1
|-damage|p2b: Kangaskhan|40/100
|
|upkeep
|turn|3
|
|t:|1784166438
|switch|p2b: Ceruledge|Ceruledge, L50, F|100/100
|move|p2a: Vivillon|Tailwind|p2a: Vivillon
|-sidestart|p2: GreyJohn|move: Tailwind
|move|p1a: Scrafty|Drain Punch|p2b: Ceruledge
|-immune|p2b: Ceruledge
|move|p1b: Ariados|Knock Off|p2a: Vivillon
|-damage|p2a: Vivillon|80/100
|-enditem|p2a: Vivillon|Focus Sash|[from] move: Knock Off|[of] p1b: Ariados
|
|upkeep
|turn|4
|
|t:|1784166495
|switch|p1b: Incineroar|Incineroar, L50, F|100/100
|-ability|p1b: Incineroar|Intimidate|boost
|-unboost|p2a: Vivillon|atk|1
|-unboost|p2b: Ceruledge|atk|1
|move|p1a: Scrafty|Protect|p1a: Scrafty
|-singleturn|p1a: Scrafty|Protect
|move|p2a: Vivillon|Rage Powder|p2a: Vivillon
|-singleturn|p2a: Vivillon|move: Rage Powder
|move|p2b: Ceruledge|Bitter Blade|p1b: Incineroar
|-resisted|p1b: Incineroar|1
|-damage|p1b: Incineroar|82/100
|-damage|p2b: Ceruledge|90/100|[from] item: Life Orb
|
|upkeep
|turn|5
|
|t:|1784166566
|move|p1b: Incineroar|Fake Out|p2a: Vivillon
|-damage|p2a: Vivillon|66/100
|cant|p2a: Vivillon|flinch
|move|p2b: Ceruledge|Bitter Blade|p1a: Scrafty
|-damage|p1a: Scrafty|61/100
|-heal|p2b: Ceruledge|100/100|[from] drain|[of] p1a: Scrafty
|-damage|p2b: Ceruledge|90/100|[from] item: Life Orb
|move|p1a: Scrafty|Knock Off|p2b: Ceruledge
|-supereffective|p2b: Ceruledge|1
|-damage|p2b: Ceruledge|1/100
|-enditem|p2b: Ceruledge|Life Orb|[from] move: Knock Off|[of] p1a: Scrafty
|
|upkeep
|turn|6
|
|t:|1784166615
|switch|p1a: Rotom|Rotom-Wash, L50, shiny|100/100
|move|p2a: Vivillon|Sleep Powder|p1b: Incineroar
|-status|p1b: Incineroar|slp|[from] move: Sleep Powder
|move|p2b: Ceruledge|Bitter Blade|p1a: Rotom
|-resisted|p1a: Rotom|1
|-damage|p1a: Rotom|80/100
|-heal|p2b: Ceruledge|12/100|[from] drain|[of] p1a: Rotom
|cant|p1b: Incineroar|slp
|
|-sideend|p2: GreyJohn|move: Tailwind
|upkeep
|turn|7
|
|t:|1784166638
|move|p1a: Rotom|Trick|p2a: Vivillon
|-activate|p1a: Rotom|move: Trick|[of] p2a: Vivillon
|-item|p2a: Vivillon|Choice Scarf|[from] move: Trick
|-enditem|p1a: Rotom|Choice Scarf|[silent]|[from] move: Trick
|move|p2a: Vivillon|Sleep Powder|p1a: Rotom
|-status|p1a: Rotom|slp|[from] move: Sleep Powder
|move|p2b: Ceruledge|Bitter Blade|p1b: Incineroar
|-resisted|p1b: Incineroar|1
|-damage|p1b: Incineroar|70/100 slp
|-heal|p2b: Ceruledge|20/100y|[from] drain|[of] p1b: Incineroar
|-curestatus|p1b: Incineroar|slp|[msg]
|move|p1b: Incineroar|Darkest Lariat|p2b: Ceruledge
|-supereffective|p2b: Ceruledge|1
|-damage|p2b: Ceruledge|0 fnt
|faint|p2b: Ceruledge
|
|upkeep
|
|t:|1784166656
|switch|p2b: Rhyperior|Rhyperior, L50, M|100/100
|turn|8
|
|t:|1784166693
|switch|p1b: Scrafty|Scrafty-Mega, L50, M|61/100
|-ability|p1b: Scrafty|Intimidate|boost
|-unboost|p2a: Vivillon|atk|1
|-unboost|p2b: Rhyperior|atk|1
|move|p2a: Vivillon|Sleep Powder|p1b: Scrafty
|-status|p1b: Scrafty|slp|[from] move: Sleep Powder
|cant|p1a: Rotom|slp
|move|p2b: Rhyperior|Stone Edge|p1a: Rotom|[miss]
|-miss|p2b: Rhyperior|p1a: Rotom
|
|upkeep
|turn|9
|
|t:|1784166723
|switch|p2a: Kangaskhan|Kangaskhan, L50, F|40/100
|cant|p1a: Rotom|slp
|cant|p1b: Scrafty|slp
|move|p2b: Rhyperior|High Horsepower|p1b: Scrafty
|-damage|p1b: Scrafty|23/100 slp
|
|upkeep
|turn|10
|
|t:|1784166756
|cant|p1b: Scrafty|slp
|move|p2a: Kangaskhan|Fake Out|p1a: Rotom
|-damage|p1a: Rotom|59/100 slp
|-curestatus|p1a: Rotom|slp|[msg]
|cant|p1a: Rotom|flinch
|move|p2b: Rhyperior|Stone Edge|p1a: Rotom
|-damage|p1a: Rotom|13/100
|
|upkeep
|turn|11
|
|t:|1784166779
|switch|p2b: Vivillon|Vivillon, L50, F|66/100
|move|p2a: Kangaskhan|Sucker Punch|p1a: Rotom
|-damage|p1a: Rotom|0 fnt
|faint|p1a: Rotom
|-curestatus|p1b: Scrafty|slp|[msg]
|move|p1b: Scrafty|Drain Punch|p2a: Kangaskhan
|-supereffective|p2a: Kangaskhan|1
|-crit|p2a: Kangaskhan
|-damage|p2a: Kangaskhan|0 fnt
|-heal|p1b: Scrafty|44/100|[from] drain|[of] p2a: Kangaskhan
|faint|p2a: Kangaskhan
|
|upkeep
|
|t:|1784166795
|switch|p1a: Incineroar|Incineroar, L50, F|70/100
|switch|p2a: Rhyperior|Rhyperior, L50, M|100/100
|-ability|p1a: Incineroar|Intimidate|boost
|-unboost|p2a: Rhyperior|atk|1
|-unboost|p2b: Vivillon|atk|1
|turn|12
|
|t:|1784166809
|move|p1a: Incineroar|Fake Out|p2b: Vivillon
|-damage|p2b: Vivillon|54/100
|cant|p2b: Vivillon|flinch
|move|p1b: Scrafty|Drain Punch|p2a: Rhyperior
|-supereffective|p2a: Rhyperior|1
|-damage|p2a: Rhyperior|62/100
|-heal|p1b: Scrafty|65/100|[from] drain|[of] p2a: Rhyperior
|move|p2a: Rhyperior|High Horsepower|p1a: Incineroar
|-supereffective|p1a: Incineroar|1
|-damage|p1a: Incineroar|1/100
|
|upkeep
|turn|13
|
|t:|1784166834
|switch|p1b: Ariados|Ariados, L50, M|80/100
|move|p2b: Vivillon|Sleep Powder|p1b: Ariados
|-immune|p1b: Ariados|[from] ability: Insomnia
|move|p1a: Incineroar|Flare Blitz|p2b: Vivillon
|-supereffective|p2b: Vivillon|1
|-damage|p2b: Vivillon|0 fnt
|faint|p2b: Vivillon
|-damage|p1a: Incineroar|0 fnt|[from] Recoil
|faint|p1a: Incineroar
|move|p2a: Rhyperior|High Horsepower|p1b: Ariados
|-damage|p1b: Ariados|38/100
|-enditem|p1b: Ariados|Sitrus Berry|[eat]
|-heal|p1b: Ariados|63/100|[from] item: Sitrus Berry
|
|upkeep
|
|t:|1784166849
|switch|p1a: Scrafty|Scrafty-Mega, L50, M|65/100
|-ability|p1a: Scrafty|Intimidate|boost
|-unboost|p2a: Rhyperior|atk|1
|turn|14
|
|t:|1784166858
|move|p1b: Ariados|Rage Powder|p1b: Ariados
|-singleturn|p1b: Ariados|move: Rage Powder
|move|p1a: Scrafty|Drain Punch|p2a: Rhyperior
|-supereffective|p2a: Rhyperior|1
|-damage|p2a: Rhyperior|24/100
|-heal|p1a: Scrafty|86/100|[from] drain|[of] p2a: Rhyperior
|move|p2a: Rhyperior|Stone Edge|p1b: Ariados
|-supereffective|p1b: Ariados|1
|-damage|p1b: Ariados|5/100
|
|upkeep
|turn|15
|
|t:|1784166881
|move|p1b: Ariados|Rage Powder|p1b: Ariados
|-singleturn|p1b: Ariados|move: Rage Powder
|move|p1a: Scrafty|Drain Punch|p2a: Rhyperior
|-supereffective|p2a: Rhyperior|1
|-damage|p2a: Rhyperior|0 fnt
|-heal|p1a: Scrafty|100/100|[from] drain|[of] p2a: Rhyperior
|faint|p2a: Rhyperior
|
|win|FollowBrandn
|inactive|FollowBrandn has 30 seconds to confirm battle start!
|inactive|GreyJohn has 30 seconds to confirm battle start!
||GreyJohn is ready for game 2.
||FollowBrandn is ready for game 2.
|uhtml|next|Next: Game 2 of 3
