|j|☆Googy11
|j|☆starcrashvgc
|html|Googy11starcrashvgc    
|uhtml|bestof|Game 2 of a best-of-3
|t:|1783480650
|gametype|doubles
|player|p1|Googy11|ethan|
|player|p2|starcrashvgc|2|
|gen|9
|tier|[Gen 9 Champions] VGC 2026 Reg M-B (Bo3)
|rule|Species Clause: Limit one of each Pokémon
|rule|Item Clause: Limit 1 of each item
|clearpoke
|poke|p1|Sceptile, L50, F|
|poke|p1|Rotom-Heat, L50|
|poke|p1|Basculegion, L50, M|
|poke|p1|Gardevoir, L50, F, shiny|
|poke|p1|Mamoswine, L50, F|
|poke|p1|Tinkaton, L50, F|
|poke|p2|Krookodile, L50, M|
|poke|p2|Charizard, L50, M|
|poke|p2|Rotom-Wash, L50|
|poke|p2|Mimikyu, L50, F|
|poke|p2|Venusaur, L50, F|
|poke|p2|Goodra-Hisui, L50, F|
|teampreview|4
|showteam|p1|Sceptile||Sceptilite|Overgrow|RockTomb,EarthPower,EnergyBall,Detect|Lonely||F|||50|]Rotom-Heat||ChoiceScarf|Levitate|Electroweb,Discharge,Overheat,RainDance|Timid|||||50|]Basculegion||LifeOrb|Adaptability|WaveCrash,AquaJet,LastRespects,Protect|Adamant||M|||50|]Gardevoir||Gardevoirite|Synchronize|HyperVoice,Psyshock,TrickRoom,Protect|Modest||F|||50|]Mamoswine||FocusSash|Oblivious|RockSlide,IceShard,HighHorsepower,IcicleCrash|Jolly||F|||50|]Tinkaton||SitrusBerry|MoldBreaker|FakeOut,GigatonHammer,RockSlide,FakeTears|Adamant||F|||50|
|showteam|p2|Krookodile||ChopleBerry|Intimidate|Earthquake,Taunt,KnockOff,Protect|Adamant||M|||50|]Charizard||CharizarditeY|SolarPower|HeatWave,WeatherBall,SolarBeam,Protect|Timid||M|||50|]Rotom-Wash||ChoiceScarf|Levitate|HydroPump,VoltSwitch,Trick,Electroweb|Timid|||||50|]Mimikyu||LifeOrb|Disguise|PlayRough,ShadowClaw,ShadowSneak,Protect|Adamant||F|||50|]Venusaur||FocusSash|Chlorophyll|SludgeBomb,SleepPowder,LeafStorm,Protect|Modest||F|||50|]Goodra-Hisui||Leftovers|ShellArmor|DracoMeteor,Shelter,BodyPress,Protect|Sassy||F|||50|
|
|t:|1783480670
|teamsize|p1|4
|teamsize|p2|4
|start
|switch|p1a: Gardevoir|Gardevoir, L50, F, shiny|100/100
|switch|p1b: Tinkaton|Tinkaton, L50, F|100/100
|switch|p2a: Charizard|Charizard, L50, M|100/100
|switch|p2b: Venusaur|Venusaur, L50, F|100/100
|-ability|p1b: Tinkaton|Mold Breaker
|turn|1
|
|t:|1783480749
|detailschange|p2a: Charizard|Charizard-Mega-Y, L50, M
|-mega|p2a: Charizard|Charizard|Charizardite Y
|-weather|SunnyDay|[from] ability: Drought|[of] p2a: Charizard
|detailschange|p1a: Gardevoir|Gardevoir-Mega, L50, F, shiny
|-mega|p1a: Gardevoir|Gardevoir|Gardevoirite
|move|p2a: Charizard|Protect|p2a: Charizard
|-singleturn|p2a: Charizard|Protect
|move|p1b: Tinkaton|Fake Out|p2b: Venusaur
|-damage|p2b: Venusaur|85/100
|cant|p2b: Venusaur|flinch
|move|p1a: Gardevoir|Trick Room|p1a: Gardevoir
|-fieldstart|move: Trick Room|[of] p1a: Gardevoir
|
|-weather|SunnyDay|[upkeep]
|upkeep
|turn|2
|
|t:|1783480785
|switch|p2a: Mimikyu|Mimikyu, L50, F|100/100
|move|p2b: Venusaur|Protect|p2b: Venusaur
|-singleturn|p2b: Venusaur|Protect
|move|p1b: Tinkaton|Rock Slide|p2b: Venusaur|[spread] p2a
|-activate|p2b: Venusaur|move: Protect
|-damage|p2a: Mimikyu|77/100
|move|p1a: Gardevoir|Psyshock|p2b: Venusaur
|-activate|p2b: Venusaur|move: Protect
|
|-weather|SunnyDay|[upkeep]
|upkeep
|turn|3
|
|t:|1783480818
|move|p1a: Gardevoir|Protect|p1a: Gardevoir
|-singleturn|p1a: Gardevoir|Protect
|move|p2a: Mimikyu|Protect|p2a: Mimikyu
|-singleturn|p2a: Mimikyu|Protect
|move|p1b: Tinkaton|Gigaton Hammer|p2a: Mimikyu
|-activate|p2a: Mimikyu|move: Protect
|move|p2b: Venusaur|Sleep Powder|p1b: Tinkaton
|-status|p1b: Tinkaton|slp|[from] move: Sleep Powder
|
|-weather|SunnyDay|[upkeep]
|upkeep
|turn|4
|
|t:|1783480848
|move|p2b: Venusaur|Protect|p2b: Venusaur
|-singleturn|p2b: Venusaur|Protect
|cant|p1b: Tinkaton|slp
|move|p1a: Gardevoir|Psyshock|p2b: Venusaur
|-activate|p2b: Venusaur|move: Protect
|move|p2a: Mimikyu|Shadow Claw|p1a: Gardevoir
|-supereffective|p1a: Gardevoir|1
|-damage|p1a: Gardevoir|0 fnt
|faint|p1a: Gardevoir
|-damage|p2a: Mimikyu|67/100|[from] item: Life Orb
|
|-weather|SunnyDay|[upkeep]
|upkeep
|
|t:|1783480862
|switch|p1a: Basculegion|Basculegion, L50, M|100/100
|turn|5
|
|t:|1783480905
|switch|p1b: Mamoswine|Mamoswine, L50, F|100/100
|switch|p2b: Rotom|Rotom-Wash, L50|100/100
|move|p2a: Mimikyu|Protect|p2a: Mimikyu
|-singleturn|p2a: Mimikyu|Protect
|move|p1a: Basculegion|Last Respects|p2b: Rotom
|-damage|p2b: Rotom|0 fnt
|faint|p2b: Rotom
|-damage|p1a: Basculegion|90/100|[from] item: Life Orb
|
|-weather|none
|-fieldend|move: Trick Room
|upkeep
|
|t:|1783480926
|switch|p2b: Venusaur|Venusaur, L50, F|85/100
|turn|6
|
|t:|1783480952
|move|p2a: Mimikyu|Shadow Sneak|p1a: Basculegion
|-supereffective|p1a: Basculegion|1
|-damage|p1a: Basculegion|33/100
|-damage|p2a: Mimikyu|57/100|[from] item: Life Orb
|move|p1b: Mamoswine|Icicle Crash|p2b: Venusaur
|-supereffective|p2b: Venusaur|1
|-damage|p2b: Venusaur|0 fnt
|faint|p2b: Venusaur
|move|p1a: Basculegion|Last Respects|p2a: Mimikyu
|-activate|p2a: Mimikyu|ability: Disguise
|-damage|p2a: Mimikyu|57/100
|detailschange|p2a: Mimikyu|Mimikyu-Busted, L50, F
|-damage|p2a: Mimikyu|45/100|[from] pokemon: Mimikyu-Busted
|-damage|p1a: Basculegion|23/100|[from] item: Life Orb
|
|upkeep
|
|t:|1783480965
|switch|p2b: Charizard|Charizard-Mega-Y, L50, M|100/100
|-weather|SunnyDay|[from] ability: Drought|[of] p2b: Charizard
|turn|7
|
|t:|1783481031
|move|p2a: Mimikyu|Shadow Sneak|p1a: Basculegion
|-supereffective|p1a: Basculegion|1
|-damage|p1a: Basculegion|0 fnt
|faint|p1a: Basculegion
|-damage|p2a: Mimikyu|35/100|[from] item: Life Orb
|move|p2b: Charizard|Weather Ball|p1b: Mamoswine
|-supereffective|p1b: Mamoswine|1
|-enditem|p1b: Mamoswine|Focus Sash
|-damage|p1b: Mamoswine|1/100
|move|p1b: Mamoswine|Rock Slide|p2a: Mimikyu|[spread] p2b
|-miss|p1b: Mamoswine|p2a: Mimikyu
|-supereffective|p2b: Charizard|2
|-damage|p2b: Charizard|0 fnt
|faint|p2b: Charizard
|
|-weather|SunnyDay|[upkeep]
|upkeep
|
|t:|1783481044
|switch|p1a: Tinkaton|Tinkaton, L50, F|100/100 slp
|-ability|p1a: Tinkaton|Mold Breaker
|turn|8
|
|t:|1783481069
|move|p2a: Mimikyu|Shadow Sneak|p1b: Mamoswine
|-damage|p1b: Mamoswine|0 fnt
|faint|p1b: Mamoswine
|-damage|p2a: Mimikyu|25/100|[from] item: Life Orb
|-curestatus|p1a: Tinkaton|slp|[msg]
|move|p1a: Tinkaton|Gigaton Hammer|p2a: Mimikyu
|-supereffective|p2a: Mimikyu|1
|-damage|p2a: Mimikyu|0 fnt
|faint|p2a: Mimikyu
|
|win|Googy11
|c|☆Googy11|gg
|inactive|Googy11 has 30 seconds to confirm battle start!
|inactive|starcrashvgc has 30 seconds to confirm battle start!
|c|☆starcrashvgc|gg
