|j|☆Mamoswinefanboi
|j|☆Cristante terabug
|html|MamoswinefanboiCristante terabug    
|uhtml|bestof|Game 3 of a best-of-3
|t:|1754901403
|gametype|doubles
|player|p1|Mamoswinefanboi|266|1304
|player|p2|Cristante terabug|kieran-champion|1319
|gen|9
|tier|[Gen 9] VGC 2025 Reg H (Bo3)
|rated|
|rule|Species Clause: Limit one of each Pokémon
|rule|Item Clause: Limit 1 of each item
|clearpoke
|poke|p1|Ursaluna, L50, M|
|poke|p1|Gholdengo, L50|
|poke|p1|Porygon2, L50|
|poke|p1|Amoonguss, L50, M|
|poke|p1|Incineroar, L50, F|
|poke|p1|Hydreigon, L50, F|
|poke|p2|Incineroar, L50, F|
|poke|p2|Pelipper, L50, M|
|poke|p2|Archaludon, L50, M|
|poke|p2|Dragonite, L50, M|
|poke|p2|Sinistcha, L50|
|poke|p2|Ursaluna, L50, M|
|teampreview|4
|showteam|p1|Ursaluna||FlameOrb|Guts|Facade,Earthquake,HeadlongRush,Protect|||M|||50|,,,,,Ghost]Gholdengo||LifeOrb|GoodasGold|MakeItRain,ShadowBall,NastyPlot,Protect||||||50|,,,,,Steel]Porygon2||Eviolite|Download|TeraBlast,IceBeam,TrickRoom,Recover||||||50|,,,,,Fighting]Amoonguss||CovertCloak|Regenerator|Spore,RagePowder,PollenPuff,Protect|||M|||50|,,,,,Water]Incineroar||SitrusBerry|Intimidate|FakeOut,FlareBlitz,KnockOff,PartingShot|||F|||50|,,,,,Ghost]Hydreigon||SafetyGoggles|Levitate|DragonPulse,Snarl,Tailwind,Protect|||F|||50|,,,,,Rock
|showteam|p2|Incineroar||SafetyGoggles|Intimidate|FlareBlitz,KnockOff,PartingShot,FakeOut|||F|||50|,,,,,Ghost]Pelipper||FocusSash|Drizzle|Hurricane,MuddyWater,Tailwind,Protect|||M|||50|,,,,,Ghost]Archaludon||AssaultVest|Stamina|ElectroShot,Snarl,FlashCannon,BodyPress|||M|||50|,,,,,Bug]Dragonite||LoadedDice|Multiscale|ScaleShot,Tailwind,Haze,Protect|||M|||50|,,,,,Fairy]Sinistcha||SitrusBerry|Hospitality|MatchaGotcha,RagePowder,LifeDew,TrickRoom||||||50|,,,,,Dark]Ursaluna||FlameOrb|Guts|Earthquake,Facade,HeadlongRush,Protect|||M|||50|,,,,,Ghost
|
|t:|1754901443
|teamsize|p1|4
|teamsize|p2|4
|start
|switch|p1a: Porygon2|Porygon2, L50|100/100
|switch|p1b: Incineroar|Incineroar, L50, F|100/100
|switch|p2a: Incineroar|Incineroar, L50, F|100/100
|switch|p2b: Archaludon|Archaludon, L50, M|100/100
|-ability|p2a: Incineroar|Intimidate|boost
|-unboost|p1a: Porygon2|atk|1
|-unboost|p1b: Incineroar|atk|1
|-ability|p1b: Incineroar|Intimidate|boost
|-unboost|p2a: Incineroar|atk|1
|-unboost|p2b: Archaludon|atk|1
|-ability|p1a: Porygon2|Download|boost
|-boost|p1a: Porygon2|spa|1
|turn|1
|
|t:|1754901487
|move|p2a: Incineroar|Fake Out|p1a: Porygon2
|-damage|p1a: Porygon2|96/100
|move|p1b: Incineroar|Fake Out|p2b: Archaludon
|-resisted|p2b: Archaludon
|-damage|p2b: Archaludon|98/100
|-ability|p2b: Archaludon|Stamina|boost
|-boost|p2b: Archaludon|def|1
|cant|p2b: Archaludon|flinch
|cant|p1a: Porygon2|flinch
|
|upkeep
|turn|2
|
|t:|1754901502
|-terastallize|p1a: Porygon2|Fighting
|move|p2b: Archaludon|Body Press|p1a: Porygon2
|-damage|p1a: Porygon2|69/100
|move|p2a: Incineroar|Parting Shot|p1a: Porygon2
|-unboost|p1a: Porygon2|atk|1
|-unboost|p1a: Porygon2|spa|1
|
|t:|1754901524
|switch|p2a: Ursaluna|Ursaluna, L50, M|100/100|[from] Parting Shot
|move|p1b: Incineroar|Knock Off|p2b: Archaludon
|-damage|p2b: Archaludon|87/100
|-ability|p2b: Archaludon|Stamina|boost
|-boost|p2b: Archaludon|def|1
|-enditem|p2b: Archaludon|Assault Vest|[from] move: Knock Off|[of] p1b: Incineroar
|move|p1a: Porygon2|Trick Room|p1a: Porygon2
|-fieldstart|move: Trick Room|[of] p1a: Porygon2
|
|-status|p2a: Ursaluna|brn|[from] item: Flame Orb
|upkeep
|turn|3
|
|t:|1754901550
|-terastallize|p2a: Ursaluna|Ghost
|move|p1a: Porygon2|Tera Blast|p2b: Archaludon|[anim] Tera Blast Fighting
|-supereffective|p2b: Archaludon
|-damage|p2b: Archaludon|0 fnt
|faint|p2b: Archaludon
|move|p1b: Incineroar|Knock Off|p2a: Ursaluna
|-supereffective|p2a: Ursaluna
|-damage|p2a: Ursaluna|63/100 brn
|-enditem|p2a: Ursaluna|Flame Orb|[from] move: Knock Off|[of] p1b: Incineroar
|move|p2a: Ursaluna|Facade|p1a: Porygon2
|-damage|p1a: Porygon2|0 fnt
|faint|p1a: Porygon2
|
|-damage|p2a: Ursaluna|56/100 brn|[from] brn
|upkeep
|
|t:|1754901564
|switch|p1a: Ursaluna|Ursaluna, L50, M|100/100
|switch|p2b: Sinistcha|Sinistcha, L50, shiny|100/100
|-heal|p2a: Ursaluna|81/100 brn|[from] ability: Hospitality|[of] p2b: Sinistcha
|turn|4
|
|t:|1754901579
|move|p1a: Ursaluna|Protect|p1a: Ursaluna
|-singleturn|p1a: Ursaluna|Protect
|move|p2b: Sinistcha|Rage Powder|p2b: Sinistcha
|-singleturn|p2b: Sinistcha|move: Rage Powder
|move|p1b: Incineroar|Parting Shot|p2b: Sinistcha
|-unboost|p2b: Sinistcha|atk|1
|-unboost|p2b: Sinistcha|spa|1
|
|t:|1754901585
|switch|p1b: Amoonguss|Amoonguss, L50, M|100/100|[from] Parting Shot
|move|p2a: Ursaluna|Facade|p1b: Amoonguss
|-damage|p1b: Amoonguss|3/100
|
|-damage|p2a: Ursaluna|75/100 brn|[from] brn
|-status|p1a: Ursaluna|brn|[from] item: Flame Orb
|upkeep
|turn|5
|
|t:|1754901610
|move|p1b: Amoonguss|Protect|p1b: Amoonguss
|-singleturn|p1b: Amoonguss|Protect
|move|p2b: Sinistcha|Rage Powder|p2b: Sinistcha
|-singleturn|p2b: Sinistcha|move: Rage Powder
|move|p1a: Ursaluna|Earthquake|p2b: Sinistcha|[spread] p2a,p2b
|-activate|p1b: Amoonguss|move: Protect
|-resisted|p2b: Sinistcha
|-damage|p2a: Ursaluna|18/100 brn
|-damage|p2b: Sinistcha|71/100
|move|p2a: Ursaluna|Earthquake|p1b: Amoonguss|[spread] p2b,p1a
|-activate|p1b: Amoonguss|move: Protect
|-resisted|p2b: Sinistcha
|-damage|p2b: Sinistcha|38/100
|-damage|p1a: Ursaluna|53/100 brn
|-enditem|p2b: Sinistcha|Sitrus Berry|[eat]
|-heal|p2b: Sinistcha|63/100|[from] item: Sitrus Berry
|
|-damage|p1a: Ursaluna|47/100 brn|[from] brn
|-damage|p2a: Ursaluna|11/100 brn|[from] brn
|upkeep
|turn|6
|
|t:|1754901641
|move|p2a: Ursaluna|Protect|p2a: Ursaluna
|-singleturn|p2a: Ursaluna|Protect
|move|p1b: Amoonguss|Pollen Puff|p1a: Ursaluna
|-heal|p1a: Ursaluna|97/100 brn
|move|p1a: Ursaluna|Earthquake|p2a: Ursaluna|[spread] p1b,p2b
|-activate|p2a: Ursaluna|move: Protect
|-resisted|p2b: Sinistcha
|-damage|p1b: Amoonguss|0 fnt
|-damage|p2b: Sinistcha|31/100
|faint|p1b: Amoonguss
|move|p2b: Sinistcha|Life Dew|p2b: Sinistcha|[spread] p2a,p2b
|-heal|p2a: Ursaluna|37/100 brn
|-heal|p2b: Sinistcha|56/100
|
|-damage|p1a: Ursaluna|91/100 brn|[from] brn
|-damage|p2a: Ursaluna|30/100 brn|[from] brn
|-fieldend|move: Trick Room
|upkeep
|
|t:|1754901651
|switch|p1b: Incineroar|Incineroar, L50, F|100/100
|-ability|p1b: Incineroar|Intimidate|boost
|-unboost|p2a: Ursaluna|atk|1
|-unboost|p2b: Sinistcha|atk|1
|turn|7
|
|t:|1754901690
|switch|p2b: Incineroar|Incineroar, L50, F|100/100
|-ability|p2b: Incineroar|Intimidate|boost
|-unboost|p1a: Ursaluna|atk|1
|-unboost|p1b: Incineroar|atk|1
|move|p2a: Ursaluna|Protect||[still]
|-fail|p2a: Ursaluna
|move|p1b: Incineroar|Flare Blitz|p2b: Incineroar
|-resisted|p2b: Incineroar
|-damage|p2b: Incineroar|86/100
|-damage|p1b: Incineroar|96/100|[from] Recoil
|move|p1a: Ursaluna|Earthquake|p2b: Incineroar|[spread] p1b,p2a,p2b
|-supereffective|p1b: Incineroar
|-supereffective|p2b: Incineroar
|-crit|p2b: Incineroar
|-damage|p1b: Incineroar|17/100
|-damage|p2a: Ursaluna|0 fnt
|-damage|p2b: Incineroar|0 fnt
|-enditem|p1b: Incineroar|Sitrus Berry|[eat]
|-heal|p1b: Incineroar|42/100|[from] item: Sitrus Berry
|faint|p2a: Ursaluna
|faint|p2b: Incineroar
|
|-damage|p1a: Ursaluna|85/100 brn|[from] brn
|upkeep
|
|t:|1754901704
|switch|p2b: Sinistcha|Sinistcha, L50, shiny|56/100
|turn|8
|
|t:|1754901715
|move|p1a: Ursaluna|Protect|p1a: Ursaluna
|-singleturn|p1a: Ursaluna|Protect
|move|p1b: Incineroar|Flare Blitz|p2b: Sinistcha
|-supereffective|p2b: Sinistcha
|-damage|p2b: Sinistcha|4/100
|-damage|p1b: Incineroar|27/100|[from] Recoil
|move|p2b: Sinistcha|Matcha Gotcha|p1a: Ursaluna|[spread] p1b
|-activate|p1a: Ursaluna|move: Protect
|-resisted|p1b: Incineroar
|-damage|p1b: Incineroar|17/100
|-heal|p2b: Sinistcha|11/100|[from] drain|[of] p1b: Incineroar
|
|-damage|p1a: Ursaluna|79/100 brn|[from] brn
|upkeep
|turn|9
|
|t:|1754901727
|move|p1b: Incineroar|Flare Blitz|p2b: Sinistcha
|-supereffective|p2b: Sinistcha
|-damage|p2b: Sinistcha|0 fnt
|faint|p2b: Sinistcha
|-damage|p1b: Incineroar|14/100|[from] Recoil
|
|win|Mamoswinefanboi
|raw|Mamoswinefanboi's rating: 1304 → 1325(+21 for winning)
|raw|Cristante terabug's rating: 1319 → 1298(-21 for losing)
|c|☆Cristante terabug|missclick on protect
|c|☆Cristante terabug|damn
|c|☆Cristante terabug|gg
