|j|☆Novacast
|j|☆redvelvetash
|html|Novacastredvelvetash    
|uhtml|bestof|Game 1 of a best-of-3
|t:|1782320199
|gametype|doubles
|player|p1|Novacast|101|1094
|player|p2|redvelvetash|lance|1051
|gen|9
|tier|[Gen 9 Champions] VGC 2026 Reg M-B (Bo3)
|rated|
|rule|Species Clause: Limit one of each Pokémon
|rule|Item Clause: Limit 1 of each item
|clearpoke
|poke|p1|Swampert, L50, M|
|poke|p1|Pelipper, L50, F|
|poke|p1|Hydreigon, L50, F|
|poke|p1|Sinistcha, L50|
|poke|p1|Metagross, L50|
|poke|p1|Sneasler, L50, F|
|poke|p2|Tyranitar, L50, F|
|poke|p2|Meganium, L50, F|
|poke|p2|Corviknight, L50, F|
|poke|p2|Sinistcha, L50|
|poke|p2|Grimmsnarl, L50, M|
|poke|p2|Garchomp, L50, F|
|teampreview|4
|showteam|p1|Swampert||Swampertite|Torrent|Protect,WaveCrash,HighHorsepower,Earthquake|Adamant||M|||50|]Pelipper||SitrusBerry|Drizzle|Protect,WeatherBall,Hurricane,Tailwind|Modest||F|||50|]Hydreigon||ChoiceScarf|Levitate|DracoMeteor,DarkPulse,Snarl,EarthPower|Modest||F|||50|]Sinistcha||KasibBerry|Hospitality|Protect,MatchaGotcha,RagePowder,TrickRoom|Bold|||||50|]Metagross||Metagrossite|ClearBody|Protect,MeteorMash,PsychicFangs,BulletPunch|Adamant|||||50|]Sneasler||FocusSash|Unburden|CloseCombat,DireClaw,QuickGuard,FakeOut|Jolly||F|||50|
|showteam|p2|Tyranitar||Tyranitarite|SandStream|RockSlide,KnockOff,IcePunch,Protect|Adamant||F|||50|]Meganium||Meganiumite|LeafGuard|SolarBeam,DazzlingGleam,WeatherBall,Protect|Modest||F|||50|]Corviknight||Leftovers|MirrorArmor|IronHead,BraveBird,Tailwind,Taunt|Careful||F|||50|]Sinistcha||CobaBerry|Hospitality|MatchaGotcha,RagePowder,TrickRoom,LifeDew|Sassy|||||50|]Grimmsnarl||LightClay|Prankster|SpiritBreak,Taunt,LightScreen,Reflect|Careful||M|||50|]Garchomp||HabanBerry|RoughSkin|DragonClaw,Earthquake,RockSlide,Protect|Adamant||F|||50|
|inactive|Battle timer is ON: inactive players will automatically lose when time's up. (requested by Novacast)
|inactive|redvelvetash has 60 seconds left.
|
|t:|1782320262
|teamsize|p1|4
|teamsize|p2|4
|start
|switch|p1a: Metagross|Metagross, L50|100/100
|switch|p1b: Sneasler|Sneasler, L50, F|100/100
|switch|p2a: Grimmsnarl|Grimmsnarl, L50, M|100/100
|switch|p2b: Corviknight|Corviknight, L50, F|100/100
|turn|1
|inactive|redvelvetash has 30 seconds left.
|
|t:|1782320296
|detailschange|p1a: Metagross|Metagross-Mega, L50
|-mega|p1a: Metagross|Metagross|Metagrossite
|move|p1b: Sneasler|Fake Out|p2a: Grimmsnarl
|-damage|p2a: Grimmsnarl|85/100
|cant|p2a: Grimmsnarl|flinch
|move|p1a: Metagross|Meteor Mash|p2a: Grimmsnarl
|-supereffective|p2a: Grimmsnarl|1
|-damage|p2a: Grimmsnarl|0 fnt
|faint|p2a: Grimmsnarl
|move|p2b: Corviknight|Brave Bird|p1b: Sneasler
|-supereffective|p1b: Sneasler|1
|-enditem|p1b: Sneasler|Focus Sash
|-damage|p1b: Sneasler|1/100
|-damage|p2b: Corviknight|74/100|[from] Recoil
|
|-heal|p2b: Corviknight|80/100|[from] item: Leftovers
|upkeep
|
|t:|1782320319
|switch|p2a: Tyranitar|Tyranitar, L50, F|100/100
|-weather|Sandstorm|[from] ability: Sand Stream|[of] p2a: Tyranitar
|turn|2
|
|t:|1782320336
|move|p2a: Tyranitar|Protect|p2a: Tyranitar
|-singleturn|p2a: Tyranitar|Protect
|move|p1b: Sneasler|Close Combat|p2b: Corviknight
|-damage|p2b: Corviknight|26/100
|-unboost|p1b: Sneasler|def|1
|-unboost|p1b: Sneasler|spd|1
|move|p1a: Metagross|Meteor Mash|p2a: Tyranitar
|-activate|p2a: Tyranitar|move: Protect
|move|p2b: Corviknight|Tailwind|p2b: Corviknight
|-sidestart|p2: redvelvetash|move: Tailwind
|
|-weather|Sandstorm|[upkeep]
|-damage|p1b: Sneasler|0 fnt|[from] Sandstorm
|faint|p1b: Sneasler
|-heal|p2b: Corviknight|32/100|[from] item: Leftovers
|upkeep
|
|t:|1782320341
|switch|p1b: Hydreigon|Hydreigon, L50, F|100/100
|turn|3
|inactive|redvelvetash has 30 seconds left.
|inactive|redvelvetash has 20 seconds left.
|inactive|redvelvetash has 15 seconds left.
|
|t:|1782320383
|switch|p2a: Sinistcha|Sinistcha, L50|100/100
|-heal|p2b: Corviknight|57/100|[from] ability: Hospitality|[of] p2a: Sinistcha
|move|p1b: Hydreigon|Dark Pulse|p2b: Corviknight
|-damage|p2b: Corviknight|18/100
|move|p2b: Corviknight|Brave Bird|p1b: Hydreigon
|-damage|p1b: Hydreigon|48/100
|-damage|p2b: Corviknight|3/100|[from] Recoil
|move|p1a: Metagross|Meteor Mash|p2a: Sinistcha
|-damage|p2a: Sinistcha|39/100
|
|-weather|Sandstorm|[upkeep]
|-damage|p1b: Hydreigon|42/100|[from] Sandstorm
|-damage|p2a: Sinistcha|33/100|[from] Sandstorm
|-heal|p2b: Corviknight|9/100|[from] item: Leftovers
|upkeep
|turn|4
|inactive|redvelvetash has 30 seconds left.
|inactive|redvelvetash has 20 seconds left.
|inactive|redvelvetash has 15 seconds left.
|inactive|redvelvetash has 10 seconds left.
|inactive|redvelvetash has 5 seconds left.
|
|t:|1782320435
|switch|p1b: Sinistcha|Sinistcha, L50|100/100
|move|p2a: Sinistcha|Rage Powder|p2a: Sinistcha
|-singleturn|p2a: Sinistcha|move: Rage Powder
|move|p2b: Corviknight|Brave Bird|p1b: Sinistcha
|-supereffective|p1b: Sinistcha|1
|-damage|p1b: Sinistcha|25/100
|-damage|p2b: Corviknight|0 fnt|[from] Recoil
|faint|p2b: Corviknight
|move|p1a: Metagross|Meteor Mash|p2a: Sinistcha|[miss]
|-miss|p1a: Metagross|p2a: Sinistcha
|
|-weather|Sandstorm|[upkeep]
|-damage|p2a: Sinistcha|26/100|[from] Sandstorm
|-damage|p1b: Sinistcha|19/100|[from] Sandstorm
|upkeep
|
|t:|1782320449
|switch|p2b: Tyranitar|Tyranitar, L50, F|100/100
|turn|5
|
|t:|1782320471
|detailschange|p2b: Tyranitar|Tyranitar-Mega, L50, F
|-mega|p2b: Tyranitar|Tyranitar|Tyranitarite
|move|p1b: Sinistcha|Rage Powder|p1b: Sinistcha
|-singleturn|p1b: Sinistcha|move: Rage Powder
|move|p1a: Metagross|Bullet Punch|p2a: Sinistcha
|-damage|p2a: Sinistcha|0 fnt
|faint|p2a: Sinistcha
|move|p2b: Tyranitar|Knock Off|p1b: Sinistcha
|-supereffective|p1b: Sinistcha|1
|-damage|p1b: Sinistcha|0 fnt
|-enditem|p1b: Sinistcha|Kasib Berry|[from] move: Knock Off|[of] p2b: Tyranitar
|faint|p1b: Sinistcha
|
|-weather|Sandstorm|[upkeep]
|-sideend|p2: redvelvetash|move: Tailwind
|upkeep
|
|t:|1782320473
|switch|p1b: Hydreigon|Hydreigon, L50, F|42/100
|turn|6
|
|t:|1782320491
|move|p1b: Hydreigon|Earth Power|p2b: Tyranitar
|-supereffective|p2b: Tyranitar|1
|-damage|p2b: Tyranitar|67/100
|move|p1a: Metagross|Meteor Mash|p2b: Tyranitar
|-supereffective|p2b: Tyranitar|1
|-damage|p2b: Tyranitar|0 fnt
|faint|p2b: Tyranitar
|
|win|Novacast
||Novacast is ready for game 2.
||redvelvetash is ready for game 2.
|uhtml|next|Next: Game 2 of 3
