|j|☆Shifty38
|j|☆ThePhantom6969
|html|Shifty38ThePhantom6969    
|uhtml|bestof|Game 1 of a best-of-3
|t:|1783675909
|gametype|doubles
|player|p1|Shifty38|blaine|1000
|player|p2|ThePhantom6969|cynthia|1065
|gen|9
|tier|[Gen 9 Champions] VGC 2026 Reg M-B (Bo3)
|rated|
|rule|Species Clause: Limit one of each Pokémon
|rule|Item Clause: Limit 1 of each item
|clearpoke
|poke|p1|Slowbro, L50, F|
|poke|p1|Incineroar, L50, F|
|poke|p1|Sinistcha, L50|
|poke|p1|Camerupt, L50, M|
|poke|p1|Abomasnow, L50, F|
|poke|p1|Hatterene, L50, F|
|poke|p2|Staraptor, L50, M, shiny|
|poke|p2|Aegislash, L50, M|
|poke|p2|Whimsicott, L50, M|
|poke|p2|Garchomp, L50, M|
|poke|p2|Sinistcha, L50|
|poke|p2|Kingambit, L50, F|
|teampreview|4
|showteam|p1|Slowbro||ColburBerry|Oblivious|HelpingHand,TrickRoom,HealPulse,MuddyWater|Relaxed||F|||50|]Incineroar||Leftovers|Intimidate|FakeOut,PartingShot,FlareBlitz,ThroatChop|Adamant||F|||50|]Sinistcha||FocusSash|Hospitality|MatchaGotcha,TrickRoom,RagePowder,LifeDew|Bold|||||50|]Camerupt||Cameruptite|MagmaArmor|Protect,EarthPower,HeatWave,AncientPower|Quiet||M|||50|]Abomasnow||Abomasite|SnowWarning|Protect,GigaDrain,Blizzard,EarthPower|Modest||F|||50|]Hatterene||FairyFeather|MagicBounce|Protect,TrickRoom,DazzlingGleam,Psychic|Quiet||F|||50|
|showteam|p2|Staraptor||Staraptite|Intimidate|CloseCombat,BraveBird,Roost,Protect|Jolly||M|||50|]Aegislash||ColburBerry|StanceChange|Poltergeist,IronHead,WideGuard,KingsShield|Brave||M|||50|]Whimsicott||FocusSash|Prankster|Moonblast,Charm,Tailwind,Encore|Timid||M|||50|]Garchomp||ChoiceScarf|RoughSkin|Earthquake,StompingTantrum,RockSlide,DragonClaw|Adamant||M|||50|]Sinistcha||SitrusBerry|Hospitality|MatchaGotcha,StrengthSap,RagePowder,LifeDew|Sassy|||||50|]Kingambit||ChopleBerry|Defiant|KowtowCleave,SuckerPunch,IronHead,Protect|Adamant||F|||50|
|
|t:|1783675979
|teamsize|p1|4
|teamsize|p2|4
|start
|switch|p1a: Slowbro|Slowbro, L50, F|100/100
|switch|p1b: Hatterene|Hatterene, L50, F|100/100
|switch|p2a: MUSTACHE|Kingambit, L50, F|100/100
|switch|p2b: Green|Sinistcha, L50|100/100
|turn|1
|
|t:|1783676021
|move|p2b: Green|Matcha Gotcha|p1a: Slowbro|[spread] p1a,p1b
|-supereffective|p1a: Slowbro|1
|-damage|p1a: Slowbro|46/100
|-damage|p1b: Hatterene|74/100
|move|p2a: MUSTACHE|Iron Head|p1b: Hatterene
|-supereffective|p1b: Hatterene|1
|-damage|p1b: Hatterene|0 fnt
|faint|p1b: Hatterene
|move|p1a: Slowbro|Trick Room|p1a: Slowbro
|-fieldstart|move: Trick Room|[of] p1a: Slowbro
|
|upkeep
|
|t:|1783676028
|switch|p1b: Camerupt|Camerupt, L50, M|100/100
|turn|2
|
|t:|1783676042
|detailschange|p1b: Camerupt|Camerupt-Mega, L50, M
|-mega|p1b: Camerupt|Camerupt|Cameruptite
|move|p1a: Slowbro|Helping Hand|p1b: Camerupt
|-singleturn|p1b: Camerupt|Helping Hand|[of] p1a: Slowbro
|move|p2a: MUSTACHE|Protect|p2a: MUSTACHE
|-singleturn|p2a: MUSTACHE|Protect
|move|p1b: Camerupt|Heat Wave|p2b: Green|[spread] p2b
|-activate|p2a: MUSTACHE|move: Protect
|-supereffective|p2b: Green|1
|-damage|p2b: Green|0 fnt
|faint|p2b: Green
|
|upkeep
|
|t:|1783676050
|switch|p2b: Aegis|Aegislash, L50, M|100/100
|turn|3
|
|t:|1783676057
|move|p1a: Slowbro|Helping Hand|p1b: Camerupt
|-singleturn|p1b: Camerupt|Helping Hand|[of] p1a: Slowbro
|move|p2b: Aegis|Wide Guard|p2b: Aegis
|-singleturn|p2b: Aegis|Wide Guard
|move|p1b: Camerupt|Heat Wave|p2b: Aegis|[spread] 
|-activate|p2a: MUSTACHE|move: Wide Guard
|-activate|p2b: Aegis|move: Wide Guard
|move|p2a: MUSTACHE|Kowtow Cleave|p1b: Camerupt
|-damage|p1b: Camerupt|54/100
|
|upkeep
|turn|4
|
|t:|1783676073
|move|p1a: Slowbro|Helping Hand|p1b: Camerupt
|-singleturn|p1b: Camerupt|Helping Hand|[of] p1a: Slowbro
|move|p2a: MUSTACHE|Sucker Punch|p1b: Camerupt
|-damage|p1b: Camerupt|18/100
|move|p1b: Camerupt|Heat Wave|p2a: MUSTACHE|[spread] p2a,p2b
|-supereffective|p2a: MUSTACHE|1
|-supereffective|p2b: Aegis|1
|-damage|p2a: MUSTACHE|0 fnt
|-damage|p2b: Aegis|0 fnt
|faint|p2a: MUSTACHE
|faint|p2b: Aegis
|
|upkeep
|
|t:|1783676080
|switch|p2b: Berdly|Staraptor, L50, M, shiny|100/100
|-ability|p2b: Berdly|Intimidate|boost
|-fail|p1a: Slowbro|unboost|Attack|[from] ability: Oblivious|[of] p1a: Slowbro
|-unboost|p1b: Camerupt|atk|1
|turn|5
|
|t:|1783676102
|detailschange|p2b: Berdly|Staraptor-Mega, L50, M, shiny
|-mega|p2b: Berdly|Staraptor|Staraptite
|move|p2b: Berdly|Protect|p2b: Berdly
|-singleturn|p2b: Berdly|Protect
|move|p1b: Camerupt|Heat Wave|p2b: Berdly
|-activate|p2b: Berdly|move: Protect
|move|p1a: Slowbro|Heal Pulse|p1b: Camerupt
|-heal|p1b: Camerupt|68/100
|
|-fieldend|move: Trick Room
|upkeep
|turn|6
|
|t:|1783676117
|move|p1b: Camerupt|Protect|p1b: Camerupt
|-singleturn|p1b: Camerupt|Protect
|move|p2b: Berdly|Close Combat|p1b: Camerupt
|-activate|p1b: Camerupt|move: Protect
|move|p1a: Slowbro|Trick Room|p1a: Slowbro
|-fieldstart|move: Trick Room|[of] p1a: Slowbro
|
|upkeep
|turn|7
|-message|ThePhantom6969 forfeited.
|
|win|Shifty38
|l|☆ThePhantom6969
|player|p2|
||ThePhantom6969 is ready for game 2.
|inactive|Shifty38 has 30 seconds to confirm battle start!
||Shifty38 is ready for game 2.
|uhtml|next|Next: Game 2 of 3
