|j|☆ToneryX
|j|☆testdigi
|html|ToneryXtestdigi    
|uhtml|bestof|Game 2 of a best-of-3
|t:|1784902699
|gametype|doubles
|player|p1|ToneryX|170|1151
|player|p2|testdigi|101|1113
|gen|9
|tier|[Gen 9 Champions] VGC 2026 Reg M-B (Bo3)
|rated|
|rule|Species Clause: Limit one of each Pokémon
|rule|Item Clause: Limit 1 of each item
|clearpoke
|poke|p1|Charizard, L50, M|
|poke|p1|Garchomp, L50, F|
|poke|p1|Sylveon, L50, F|
|poke|p1|Farigiraf, L50, M|
|poke|p1|Kingambit, L50, F|
|poke|p1|Aerodactyl, L50, F|
|poke|p2|Raichu, L50, F|
|poke|p2|Sinistcha, L50|
|poke|p2|Corviknight, L50, F|
|poke|p2|Sylveon, L50, M|
|poke|p2|Garchomp, L50, F|
|poke|p2|Tyranitar, L50, F|
|teampreview|4
|showteam|p1|Charizard||CharizarditeY|Blaze|Protect,HeatWave,WeatherBall,SolarBeam|Modest||M|||50|]Garchomp||LifeOrb|RoughSkin|Protect,DragonClaw,StompingTantrum,Earthquake|Jolly||F|||50|]Sylveon||FairyFeather|Pixilate|Detect,QuickAttack,HyperVoice,HyperBeam|Modest||F|||50|]Farigiraf||SitrusBerry|ArmorTail|TwinBeam,Thunderbolt,Roar,TrickRoom|Bold||M|||50|]Kingambit||FocusSash|Defiant|KowtowCleave,IronHead,SuckerPunch,LowKick|Adamant||F|||50|]Aerodactyl||Aerodactylite|Unnerve|RockSlide,DualWingbeat,IceFang,Tailwind|Jolly||F|||50|
|showteam|p2|Raichu||RaichuniteY|LightningRod|ZapCannon,FocusBlast,FakeOut,Protect|Timid||F|||50|]Sinistcha||KasibBerry|Hospitality|MatchaGotcha,ShadowBall,RagePowder,Protect|Modest|||||50|]Corviknight||Leftovers|MirrorArmor|IronHead,BraveBird,Tailwind,Protect|Adamant||F|||50|]Sylveon||FairyFeather|Pixilate|HyperVoice,QuickAttack,Yawn,Detect|Modest||M|||50|]Garchomp||SitrusBerry|RoughSkin|DragonClaw,StompingTantrum,RockSlide,Protect|Adamant||F|||50|]Tyranitar||FocusSash|SandStream|RockSlide,KnockOff,Superpower,Protect|Adamant||F|||50|
|inactive|Battle timer is ON: inactive players will automatically lose when time's up. (requested by ToneryX)
|inactive|testdigi has 60 seconds left.
|
|t:|1784902747
|teamsize|p1|4
|teamsize|p2|4
|start
|switch|p1a: Farigiraf|Farigiraf, L50, M|100/100
|switch|p1b: Garchomp|Garchomp, L50, F|100/100
|switch|p2a: Sylveon|Sylveon, L50, M|100/100
|switch|p2b: Corviknight|Corviknight, L50, F|100/100
|turn|1
|inactive|testdigi has 30 seconds left.
|
|t:|1784902776
|switch|p1b: Charizard|Charizard, L50, M|100/100
|move|p2b: Corviknight|Brave Bird|p1a: Farigiraf
|-damage|p1a: Farigiraf|58/100
|-damage|p2b: Corviknight|83/100|[from] Recoil
|move|p2a: Sylveon|Yawn|p1a: Farigiraf
|-start|p1a: Farigiraf|move: Yawn|[of] p2a: Sylveon
|move|p1a: Farigiraf|Thunderbolt|p2b: Corviknight
|-supereffective|p2b: Corviknight|1
|-damage|p2b: Corviknight|33/100
|
|-heal|p2b: Corviknight|40/100|[from] item: Leftovers
|upkeep
|turn|2
|
|t:|1784902791
|switch|p1a: Kingambit|Kingambit, L50, F|100/100
|detailschange|p1b: Charizard|Charizard-Mega-Y, L50, M
|-mega|p1b: Charizard|Charizard|Charizardite Y
|-weather|SunnyDay|[from] ability: Drought|[of] p1b: Charizard
|move|p2b: Corviknight|Protect|p2b: Corviknight
|-singleturn|p2b: Corviknight|Protect
|move|p1b: Charizard|Heat Wave|p2b: Corviknight|[spread] p2a
|-activate|p2b: Corviknight|move: Protect
|-damage|p2a: Sylveon|52/100
|move|p2a: Sylveon|Yawn|p1b: Charizard
|-start|p1b: Charizard|move: Yawn|[of] p2a: Sylveon
|
|-weather|SunnyDay|[upkeep]
|-heal|p2b: Corviknight|46/100|[from] item: Leftovers
|upkeep
|turn|3
|
|t:|1784902802
|switch|p1b: Farigiraf|Farigiraf, L50, M|58/100
|switch|p2b: Tyranitar|Tyranitar, L50, F|100/100
|-weather|Sandstorm|[from] ability: Sand Stream|[of] p2b: Tyranitar
|move|p1a: Kingambit|Iron Head|p2a: Sylveon
|-supereffective|p2a: Sylveon|1
|-damage|p2a: Sylveon|0 fnt
|faint|p2a: Sylveon
|
|-weather|Sandstorm|[upkeep]
|-damage|p1b: Farigiraf|52/100|[from] Sandstorm
|upkeep
|
|t:|1784902813
|switch|p2a: Corviknight|Corviknight, L50, F|46/100
|turn|4
|
|t:|1784902825
|move|p2b: Tyranitar|Knock Off|p1b: Farigiraf
|-supereffective|p1b: Farigiraf|1
|-damage|p1b: Farigiraf|0 fnt
|-enditem|p1b: Farigiraf|Sitrus Berry|[from] move: Knock Off|[of] p2b: Tyranitar
|faint|p1b: Farigiraf
|move|p2a: Corviknight|Tailwind|p2a: Corviknight
|-sidestart|p2: testdigi|move: Tailwind
|move|p1a: Kingambit|Low Kick|p2b: Tyranitar
|-supereffective|p2b: Tyranitar|2
|-enditem|p2b: Tyranitar|Focus Sash
|-damage|p2b: Tyranitar|1/100
|
|-weather|Sandstorm|[upkeep]
|-heal|p2a: Corviknight|52/100|[from] item: Leftovers
|upkeep
|
|t:|1784902838
|switch|p1b: Garchomp|Garchomp, L50, F|100/100
|turn|5
|
|t:|1784902852
|switch|p2b: Sinistcha|Sinistcha, L50|100/100
|-heal|p2a: Corviknight|77/100|[from] ability: Hospitality|[of] p2b: Sinistcha
|move|p2a: Corviknight|Protect|p2a: Corviknight
|-singleturn|p2a: Corviknight|Protect
|move|p1b: Garchomp|Protect|p1b: Garchomp
|-singleturn|p1b: Garchomp|Protect
|move|p1a: Kingambit|Kowtow Cleave|p2b: Sinistcha
|-supereffective|p2b: Sinistcha|1
|-damage|p2b: Sinistcha|16/100
|
|-weather|Sandstorm|[upkeep]
|-damage|p2b: Sinistcha|10/100|[from] Sandstorm
|-heal|p2a: Corviknight|83/100|[from] item: Leftovers
|upkeep
|turn|6
|-message|testdigi forfeited.
|
|win|ToneryX
