|j|☆wott vgc
|j|☆davirru6
|html|wott vgcdavirru6    
|uhtml|bestof|Game 1 of a best-of-3
|t:|1756909414
|gametype|doubles
|player|p1|wott vgc|marlon|1038
|player|p2|davirru6|1|1157
|gen|9
|tier|[Gen 9] VGC 2025 Reg H (Bo3)
|rated|
|rule|Species Clause: Limit one of each Pokémon
|rule|Item Clause: Limit 1 of each item
|clearpoke
|poke|p1|Tyranitar, L50, F|
|poke|p1|Excadrill, L50, M|
|poke|p1|Indeedee, L50, M|
|poke|p1|Talonflame, L50, F|
|poke|p1|Sneasler, L50, M|
|poke|p1|Electabuzz, L50, F|
|poke|p2|Pelipper, L50, F|
|poke|p2|Archaludon, L50, M|
|poke|p2|Basculegion, L50, M|
|poke|p2|Amoonguss, L50, F|
|poke|p2|Gholdengo, L50|
|poke|p2|Incineroar, L50, F|
|teampreview|4
|showteam|p1|Tyranitar||AssaultVest|SandStream|RockSlide,KnockOff,LowKick,IcePunch|||F|||50|,,,,,Dragon]Excadrill||FocusSash|SandRush|IronHead,HighHorsepower,SwordsDance,Protect|||M|||50|,,,,,Ground]Indeedee||ChoiceScarf|PsychicSurge|ExpandingForce,TeraBlast,Trick,Protect|||M|||50|,,,,,Psychic]Talonflame||CovertCloak|GaleWings|Tailwind,BraveBird,FlareBlitz,Taunt|||F|||50|,,,,,Grass]Sneasler||PsychicSeed|Unburden|FakeOut,CloseCombat,DireClaw,Coaching|||M|||50|,,,,,Ghost]Electabuzz||Eviolite|VitalSpirit|FollowMe,HelpingHand,Thunderbolt,Protect|||F|||50|,,,,,Dragon
|showteam|p2|Pelipper||FocusSash|Drizzle|Hurricane,WeatherBall,Tailwind,Protect|||F|||50|,,,,,Stellar]Archaludon||AssaultVest|Stamina|ElectroShot,DracoMeteor,Snarl,BodyPress|||M|||50|,,,,,Grass]Basculegion||ChoiceBand|SwiftSwim|WaveCrash,FlipTurn,AquaJet,LastRespects|||M|||50|,,,,,Water]Amoonguss||SitrusBerry|Regenerator|Spore,PollenPuff,RagePowder,Protect|||F|||50|,,,,,Water]Gholdengo||LifeOrb|GoodasGold|MakeItRain,ShadowBall,NastyPlot,Protect||||||50|,,,,,Water]Incineroar||RockyHelmet|Intimidate|KnockOff,FakeOut,Taunt,PartingShot|||F|||50|,,,,,Ghost
|inactive|Battle timer is ON: inactive players will automatically lose when time's up. (requested by davirru6)
|inactive|wott vgc has 60 seconds left.
|inactive|davirru6 has 60 seconds left.
|inactive|davirru6 has 30 seconds left.
|
|t:|1756909479
|teamsize|p1|4
|teamsize|p2|4
|start
|switch|p1a: Indeedee|Indeedee, L50, M|100/100
|switch|p1b: Electabuzz|Electabuzz, L50, F|100/100
|switch|p2a: Archaludon|Archaludon, L50, M|100/100
|switch|p2b: Incineroar|Incineroar, L50, F|100/100
|-fieldstart|move: Psychic Terrain|[from] ability: Psychic Surge|[of] p1a: Indeedee
|-ability|p2b: Incineroar|Intimidate|boost
|-unboost|p1a: Indeedee|atk|1
|-unboost|p1b: Electabuzz|atk|1
|turn|1
|inactive|wott vgc has 30 seconds left.
|inactive|wott vgc has 20 seconds left.
|inactive|wott vgc has 15 seconds left.
|inactive|wott vgc has 10 seconds left.
|
|t:|1756909528
|move|p1b: Electabuzz|Protect|p1b: Electabuzz
|-singleturn|p1b: Electabuzz|Protect
|move|p1a: Indeedee|Trick|p2b: Incineroar
|-activate|p1a: Indeedee|move: Trick|[of] p2b: Incineroar
|-item|p2b: Incineroar|Choice Scarf|[from] move: Trick
|-item|p1a: Indeedee|Rocky Helmet|[from] move: Trick
|move|p2b: Incineroar|Knock Off|p1b: Electabuzz
|-activate|p1b: Electabuzz|move: Protect
|move|p2a: Archaludon|Snarl|p1a: Indeedee|[spread] p1a
|-activate|p1b: Electabuzz|move: Protect
|-supereffective|p1a: Indeedee
|-crit|p1a: Indeedee
|-damage|p1a: Indeedee|42/100
|-unboost|p1a: Indeedee|spa|1
|
|upkeep
|turn|2
|inactive|wott vgc has 30 seconds left.
|
|t:|1756909559
|switch|p1a: Excadrill|Excadrill, L50, M|100/100
|move|p1b: Electabuzz|Follow Me|p1b: Electabuzz
|-singleturn|p1b: Electabuzz|move: Follow Me
|move|p2b: Incineroar|Knock Off|p1b: Electabuzz
|-damage|p1b: Electabuzz|69/100
|-enditem|p1b: Electabuzz|Eviolite|[from] move: Knock Off|[of] p2b: Incineroar
|move|p2a: Archaludon|Snarl|p1a: Excadrill|[spread] p1a,p1b
|-damage|p1a: Excadrill|83/100
|-damage|p1b: Electabuzz|56/100
|-unboost|p1a: Excadrill|spa|1
|-unboost|p1b: Electabuzz|spa|1
|
|upkeep
|turn|3
|
|t:|1756909578
|switch|p2b: Pelipper|Pelipper, L50, F|100/100
|-weather|RainDance|[from] ability: Drizzle|[of] p2b: Pelipper
|-terastallize|p2a: Archaludon|Grass
|move|p1b: Electabuzz|Follow Me|p1b: Electabuzz
|-singleturn|p1b: Electabuzz|move: Follow Me
|move|p1a: Excadrill|Swords Dance|p1a: Excadrill
|-boost|p1a: Excadrill|atk|2
|move|p2a: Archaludon|Body Press|p1b: Electabuzz
|-damage|p1b: Electabuzz|29/100
|
|-weather|RainDance|[upkeep]
|upkeep
|turn|4
|inactive|wott vgc has 30 seconds left.
|inactive|wott vgc has 20 seconds left.
|inactive|wott vgc has 15 seconds left.
|inactive|wott vgc has 10 seconds left.
|inactive|wott vgc has 5 seconds left.
|
|t:|1756909630
|switch|p1b: Indeedee|Indeedee, L50, M|42/100
|move|p1a: Excadrill|Protect|p1a: Excadrill
|-singleturn|p1a: Excadrill|Protect
|move|p2b: Pelipper|Tailwind|p2b: Pelipper
|-sidestart|p2: davirru6|move: Tailwind
|move|p2a: Archaludon|Body Press|p1a: Excadrill
|-activate|p1a: Excadrill|move: Protect
|
|-weather|RainDance|[upkeep]
|upkeep
|turn|5
|
|t:|1756909652
|switch|p1b: Tyranitar|Tyranitar, L50, F|100/100
|-weather|Sandstorm|[from] ability: Sand Stream|[of] p1b: Tyranitar
|move|p1a: Excadrill|Iron Head|p2a: Archaludon
|-damage|p2a: Archaludon|40/100
|-ability|p2a: Archaludon|Stamina|boost
|-boost|p2a: Archaludon|def|1
|move|p2b: Pelipper|Weather Ball|p1a: Excadrill
|-resisted|p1a: Excadrill
|-damage|p1a: Excadrill|73/100
|move|p2a: Archaludon|Electro Shot||[still]
|-prepare|p2a: Archaludon|Electro Shot
|-boost|p2a: Archaludon|spa|1
|
|-weather|Sandstorm|[upkeep]
|-damage|p2b: Pelipper|95/100|[from] Sandstorm
|-damage|p2a: Archaludon|34/100|[from] Sandstorm
|-fieldend|move: Psychic Terrain
|upkeep
|turn|6
|inactive|wott vgc has 30 seconds left.
|
|t:|1756909680
|switch|p2b: Incineroar|Incineroar, L50, F|100/100
|-ability|p2b: Incineroar|Intimidate|boost
|-unboost|p1a: Excadrill|atk|1
|-unboost|p1b: Tyranitar|atk|1
|move|p1a: Excadrill|High Horsepower|p2b: Incineroar
|-supereffective|p2b: Incineroar
|-damage|p2b: Incineroar|0 fnt
|faint|p2b: Incineroar
|move|p2a: Archaludon|Electro Shot|p1b: Tyranitar|[from] lockedmove
|-damage|p1b: Tyranitar|76/100
|move|p1b: Tyranitar|Rock Slide|p2a: Archaludon
|-damage|p2a: Archaludon|20/100
|-ability|p2a: Archaludon|Stamina|boost
|-boost|p2a: Archaludon|def|1
|
|-weather|Sandstorm|[upkeep]
|-damage|p2a: Archaludon|14/100|[from] Sandstorm
|upkeep
|
|t:|1756909691
|switch|p2b: Pelipper|Pelipper, L50, F|95/100
|-weather|RainDance|[from] ability: Drizzle|[of] p2b: Pelipper
|turn|7
|
|t:|1756909708
|switch|p1b: Indeedee|Indeedee, L50, M|42/100
|-fieldstart|move: Psychic Terrain|[from] ability: Psychic Surge|[of] p1b: Indeedee
|move|p1a: Excadrill|Protect|p1a: Excadrill
|-singleturn|p1a: Excadrill|Protect
|move|p2b: Pelipper|Weather Ball|p1a: Excadrill
|-activate|p1a: Excadrill|move: Protect
|move|p2a: Archaludon|Body Press|p1b: Indeedee
|-damage|p1b: Indeedee|0 fnt
|-damage|p2a: Archaludon|0 fnt|[from] item: Rocky Helmet|[of] p1b: Indeedee
|faint|p1b: Indeedee
|faint|p2a: Archaludon
|
|-weather|RainDance|[upkeep]
|-sideend|p2: davirru6|move: Tailwind
|upkeep
|
|t:|1756909725
|switch|p1b: Tyranitar|Tyranitar, L50, F|76/100
|switch|p2a: Basculegion|Basculegion, L50, M|100/100
|-weather|Sandstorm|[from] ability: Sand Stream|[of] p1b: Tyranitar
|turn|8
|inactive|wott vgc has 30 seconds left.
|inactive|wott vgc has 20 seconds left.
|inactive|wott vgc has 15 seconds left.
|inactive|wott vgc has 10 seconds left.
|inactive|wott vgc has 5 seconds left.
|
|t:|1756909776
|-terastallize|p1a: Excadrill|Ground
|move|p2a: Basculegion|Aqua Jet|p1a: Excadrill
|-activate|p1a: Excadrill|move: Psychic Terrain
|move|p1a: Excadrill|High Horsepower|p2a: Basculegion
|-damage|p2a: Basculegion|0 fnt
|faint|p2a: Basculegion
|move|p2b: Pelipper|Tailwind|p2b: Pelipper
|-sidestart|p2: davirru6|move: Tailwind
|move|p1b: Tyranitar|Rock Slide|p2b: Pelipper
|-supereffective|p2b: Pelipper
|-damage|p2b: Pelipper|0 fnt
|faint|p2b: Pelipper
|
|win|wott vgc
||davirru6 is ready for game 2.
|inactive|wott vgc has 30 seconds to confirm battle start!
|l|☆wott vgc
|player|p1|
||wott vgc is ready for game 2.
|uhtml|next|Next: Game 2 of 3
