|j|☆Chukimori
|j|☆James Ferraro
|html|ChukimoriJames Ferraro    
|uhtml|bestof|Game 1 of a best-of-3
|t:|1782215939
|gametype|doubles
|player|p1|Chukimori|gambler|1156
|player|p2|James Ferraro|veteranf|1164
|gen|9
|tier|[Gen 9 Champions] VGC 2026 Reg M-B (Bo3)
|rated|
|rule|Species Clause: Limit one of each Pokémon
|rule|Item Clause: Limit 1 of each item
|clearpoke
|poke|p1|Annihilape, L50, F|
|poke|p1|Metagross, L50|
|poke|p1|Whimsicott, L50, M|
|poke|p1|Basculegion, L50, M|
|poke|p1|Charizard, L50, F|
|poke|p1|Hydreigon, L50, M|
|poke|p2|Basculegion, L50, M|
|poke|p2|Kingambit, L50, F|
|poke|p2|Sneasler, L50, M|
|poke|p2|Incineroar, L50, F|
|poke|p2|Sinistcha, L50|
|poke|p2|Floette-Eternal, L50, F|
|teampreview|4
|showteam|p1|Annihilape||SpellTag|Defiant|RageFist,Taunt,CloseCombat,Protect|Jolly||F|||50|]Metagross||Metagrossite|ClearBody|Protect,PsychicFangs,IronHead,RockSlide|Jolly|||||50|]Whimsicott||FocusSash|Prankster|BeatUp,Tailwind,Protect,Moonblast|Timid||M|||50|]Basculegion||LifeOrb|Adaptability|WaveCrash,LastRespects,Protect,AquaJet|Adamant||M|||50|]Charizard||CharizarditeY|Blaze|Protect,HeatWave,WeatherBall,SolarBeam|Modest||F|||50|]Hydreigon||ChoiceScarf|Levitate|DracoMeteor,Snarl,HeatWave,DarkPulse|Modest||M|||50|
|showteam|p2|Basculegion||ChoiceScarf|Adaptability|LastRespects,WaveCrash,FlipTurn,AquaJet|Adamant||M|||50|]Kingambit||BlackGlasses|Defiant|KowtowCleave,SuckerPunch,SwordsDance,Protect|Adamant||F|||50|]Sneasler||FocusSash|PoisonTouch|CloseCombat,DireClaw,FakeOut,Protect|Jolly||M|||50|]Incineroar||SitrusBerry|Intimidate|FlareBlitz,ThroatChop,FakeOut,PartingShot|Impish||F|||50|]Sinistcha||KasibBerry|Hospitality|MatchaGotcha,LifeDew,RagePowder,Protect|Relaxed|||||50|]Floette-Eternal||Floettite|FlowerVeil|DazzlingGleam,DrainingKiss,CalmMind,Protect|Timid||F|||50|
|inactive|Battle timer is ON: inactive players will automatically lose when time's up. (requested by Chukimori)
|
|t:|1782215965
|teamsize|p1|4
|teamsize|p2|4
|start
|switch|p1a: Metagross|Metagross, L50|100/100
|switch|p1b: Annihilape|Annihilape, L50, F|100/100
|switch|p2a: Incineroar|Incineroar, L50, F|100/100
|switch|p2b: Basculegion|Basculegion, L50, M|100/100
|-ability|p2a: Incineroar|Intimidate|boost
|-fail|p1a: Metagross|unboost|[from] ability: Clear Body|[of] p1a: Metagross
|-unboost|p1b: Annihilape|atk|1
|-ability|p1b: Annihilape|Defiant|boost
|-boost|p1b: Annihilape|atk|2
|turn|1
|inactive|Chukimori has 30 seconds left.
|
|t:|1782215993
|move|p1a: Metagross|Protect|p1a: Metagross
|-singleturn|p1a: Metagross|Protect
|move|p2b: Basculegion|Flip Turn|p1a: Metagross
|-activate|p1a: Metagross|move: Protect
|move|p1b: Annihilape|Close Combat|p2a: Incineroar
|-supereffective|p2a: Incineroar|1
|-damage|p2a: Incineroar|0 fnt
|-unboost|p1b: Annihilape|def|1
|-unboost|p1b: Annihilape|spd|1
|faint|p2a: Incineroar
|
|upkeep
|
|t:|1782216000
|switch|p2a: Kingambit|Kingambit, L50, F|100/100
|turn|2
|
|t:|1782216016
|switch|p1a: Whimsicott|Whimsicott, L50, M|100/100
|move|p1b: Annihilape|Protect|p1b: Annihilape
|-singleturn|p1b: Annihilape|Protect
|move|p2a: Kingambit|Protect|p2a: Kingambit
|-singleturn|p2a: Kingambit|Protect
|move|p2b: Basculegion|Flip Turn|p1b: Annihilape
|-activate|p1b: Annihilape|move: Protect
|
|upkeep
|turn|3
|
|t:|1782216031
|move|p1a: Whimsicott|Tailwind|p1a: Whimsicott
|-sidestart|p1: Chukimori|move: Tailwind
|move|p2a: Kingambit|Sucker Punch|p1b: Annihilape
|-damage|p1b: Annihilape|23/100
|move|p1b: Annihilape|Close Combat|p2a: Kingambit
|-supereffective|p2a: Kingambit|2
|-damage|p2a: Kingambit|0 fnt
|-unboost|p1b: Annihilape|def|1
|-unboost|p1b: Annihilape|spd|1
|faint|p2a: Kingambit
|move|p2b: Basculegion|Flip Turn|p1b: Annihilape
|-damage|p1b: Annihilape|0 fnt
|faint|p1b: Annihilape
|
|t:|1782216038
|switch|p2b: Floette|Floette-Eternal, L50, F|100/100|[from] Flip Turn
|
|upkeep
|
|t:|1782216040
|switch|p1b: Metagross|Metagross, L50|100/100
|switch|p2a: Basculegion|Basculegion, L50, M|100/100
|turn|4
|
|t:|1782216054
|switch|p1a: Basculegion|Basculegion, L50, M|100/100
|detailschange|p2b: Floette|Floette-Mega, L50, F
|-mega|p2b: Floette|Floette|Floettite
|-ability|p2b: Floette|Fairy Aura
|move|p1b: Metagross|Protect|p1b: Metagross
|-singleturn|p1b: Metagross|Protect
|move|p2a: Basculegion|Last Respects|p1b: Metagross
|-activate|p1b: Metagross|move: Protect
|move|p2b: Floette|Dazzling Gleam|p1b: Metagross|[spread] p1a
|-activate|p1b: Metagross|move: Protect
|-damage|p1a: Basculegion|53/100
|
|upkeep
|turn|5
|
|t:|1782216069
|detailschange|p1b: Metagross|Metagross-Mega, L50
|-mega|p1b: Metagross|Metagross|Metagrossite
|move|p1b: Metagross|Iron Head|p2b: Floette
|-supereffective|p2b: Floette|1
|-damage|p2b: Floette|0 fnt
|faint|p2b: Floette
|move|p1a: Basculegion|Last Respects|p2a: Basculegion
|-supereffective|p2a: Basculegion|1
|-damage|p2a: Basculegion|0 fnt
|faint|p2a: Basculegion
|-damage|p1a: Basculegion|43/100|[from] item: Life Orb
|
|win|Chukimori
||Chukimori is ready for game 2.
||James Ferraro is ready for game 2.
|uhtml|next|Next: Game 2 of 3
|l|☆Chukimori
|player|p1|
