|j|☆silver moon boy
|j|☆TopekaMelon
|html|silver moon boyTopekaMelon    
|uhtml|bestof|Game 3 of a best-of-3
|t:|1783627423
|gametype|doubles
|player|p1|silver moon boy|unknown|1121
|player|p2|TopekaMelon|sabrina|1112
|gen|9
|tier|[Gen 9 Champions] VGC 2026 Reg M-B (Bo3)
|rated|
|rule|Species Clause: Limit one of each Pokémon
|rule|Item Clause: Limit 1 of each item
|clearpoke
|poke|p1|Charizard, L50, F|
|poke|p1|Aerodactyl, L50, F|
|poke|p1|Incineroar, L50, M|
|poke|p1|Sylveon, L50, F, shiny|
|poke|p1|Farigiraf, L50, M, shiny|
|poke|p1|Garchomp, L50, F|
|poke|p2|Kangaskhan, L50, F|
|poke|p2|Farigiraf, L50, M|
|poke|p2|Torkoal, L50, F|
|poke|p2|Mawile, L50, M|
|poke|p2|Pyroar, L50, F|
|poke|p2|Gallade, L50, M|
|teampreview|4
|showteam|p1|Charizard||CharizarditeY|Blaze|Protect,HeatWave,SolarBeam,WeatherBall|Modest||F|||50|]Aerodactyl||FocusSash|Unnerve|RockSlide,Tailwind,Protect,WideGuard|Jolly||F|||50|]Incineroar||Charcoal|Intimidate|FakeOut,FlareBlitz,DarkestLariat,PartingShot|Brave||M|||50|]Sylveon||FairyFeather|Pixilate|HyperVoice,QuickAttack,Yawn,Detect|Quiet||F|||50|]Farigiraf||SitrusBerry|ArmorTail|Protect,TrickRoom,Psyshock,HelpingHand|Relaxed||M|||50|]Garchomp||LifeOrb|RoughSkin|Earthquake,StompingTantrum,DragonClaw,Protect|Jolly||F|||50|
|showteam|p2|Kangaskhan||SilkScarf|Scrappy|FakeOut,LastResort|Brave||F|||50|]Farigiraf||SitrusBerry|ArmorTail|HelpingHand,TrickRoom,Psychic,Thunderbolt|Quiet||M|||50|]Torkoal||Charcoal|Drought|Protect,Eruption,WeatherBall,EarthPower|Quiet||F|||50|]Mawile||Mawilite|Intimidate|Protect,SuckerPunch,PlayRough,RockSlide|Brave||M|||50|]Pyroar||Pyroarite|Rivalry|Protect,HeatWave,Overheat,SolarBeam|Timid||F|||50|]Gallade||WhiteHerb|Sharpness|SacredSword,PsychoCut,LeafBlade,TrickRoom|Brave||M|||50|
|inactive|Battle timer is ON: inactive players will automatically lose when time's up. (requested by silver moon boy)
|inactive|silver moon boy has 60 seconds left.
|inactive|TopekaMelon has 60 seconds left.
|inactive|silver moon boy has 30 seconds left.
|inactive|silver moon boy has 20 seconds left.
|inactive|silver moon boy has 15 seconds left.
|inactive|silver moon boy has 10 seconds left.
|inactive|silver moon boy has 5 seconds left.
|
|t:|1783627524
|teamsize|p1|4
|teamsize|p2|4
|start
|switch|p1a: Incineroar|Incineroar, L50, M|100/100
|switch|p1b: Farigiraf|Farigiraf, L50, M, shiny|100/100
|switch|p2a: Farigiraf|Farigiraf, L50, M|100/100
|switch|p2b: Gallade|Gallade, L50, M|100/100
|-ability|p1a: Incineroar|Intimidate|boost
|-unboost|p2a: Farigiraf|atk|1
|-unboost|p2b: Gallade|atk|1
|-enditem|p2b: Gallade|White Herb
|-clearnegativeboost|p2b: Gallade|[silent]
|turn|1
|inactive|silver moon boy has 30 seconds left.
|inactive|TopekaMelon has 30 seconds left.
|inactive|silver moon boy has 20 seconds left.
|inactive|TopekaMelon has 20 seconds left.
|inactive|silver moon boy has 15 seconds left.
|inactive|TopekaMelon has 15 seconds left.
|inactive|silver moon boy has 10 seconds left.
|inactive|silver moon boy has 5 seconds left.
|
|t:|1783627578
|move|p2b: Gallade|Sacred Sword|p1a: Incineroar
|-supereffective|p1a: Incineroar|1
|-damage|p1a: Incineroar|0 fnt
|faint|p1a: Incineroar
|move|p1b: Farigiraf|Trick Room|p1b: Farigiraf
|-fieldstart|move: Trick Room|[of] p1b: Farigiraf
|move|p2a: Farigiraf|Trick Room|p2a: Farigiraf
|-fieldend|move: Trick Room
|
|upkeep
|inactive|silver moon boy has 30 seconds left.
|inactive|silver moon boy has 20 seconds left.
|
|t:|1783627614
|switch|p1a: Charizard|Charizard, L50, F|100/100
|turn|2
|inactive|TopekaMelon has 30 seconds left.
|
|t:|1783627649
|detailschange|p1a: Charizard|Charizard-Mega-Y, L50, F
|-mega|p1a: Charizard|Charizard|Charizardite Y
|-weather|SunnyDay|[from] ability: Drought|[of] p1a: Charizard
|move|p2a: Farigiraf|Helping Hand|p2b: Gallade
|-singleturn|p2b: Gallade|Helping Hand|[of] p2a: Farigiraf
|move|p1b: Farigiraf|Helping Hand|p1a: Charizard
|-singleturn|p1a: Charizard|Helping Hand|[of] p1b: Farigiraf
|move|p1a: Charizard|Heat Wave|p2a: Farigiraf|[spread] p2a,p2b
|-damage|p2a: Farigiraf|22/100
|-damage|p2b: Gallade|5/100
|-enditem|p2a: Farigiraf|Sitrus Berry|[eat]
|-heal|p2a: Farigiraf|47/100|[from] item: Sitrus Berry
|move|p2b: Gallade|Psycho Cut|p1a: Charizard
|-damage|p1a: Charizard|0 fnt
|faint|p1a: Charizard
|
|-weather|SunnyDay|[upkeep]
|upkeep
|
|t:|1783627671
|switch|p1a: Garchomp|Garchomp, L50, F|100/100
|turn|3
|inactive|silver moon boy has 30 seconds left.
|
|t:|1783627696
|switch|p2b: Mawile|Mawile, L50, M|100/100
|-ability|p2b: Mawile|Intimidate|boost
|-unboost|p1a: Garchomp|atk|1
|-unboost|p1b: Farigiraf|atk|1
|move|p1b: Farigiraf|Protect|p1b: Farigiraf
|-singleturn|p1b: Farigiraf|Protect
|move|p1a: Garchomp|Earthquake|p2b: Mawile|[spread] p2a,p2b
|-activate|p1b: Farigiraf|move: Protect
|-supereffective|p2b: Mawile|1
|-damage|p2a: Farigiraf|12/100
|-damage|p2b: Mawile|14/100
|-damage|p1a: Garchomp|90/100|[from] item: Life Orb
|move|p2a: Farigiraf|Trick Room|p2a: Farigiraf
|-fieldstart|move: Trick Room|[of] p2a: Farigiraf
|
|-weather|SunnyDay|[upkeep]
|upkeep
|turn|4
|inactive|silver moon boy has 30 seconds left.
|inactive|TopekaMelon has 30 seconds left.
|inactive|silver moon boy has 20 seconds left.
|inactive|TopekaMelon has 20 seconds left.
|inactive|silver moon boy has 15 seconds left.
|inactive|TopekaMelon has 15 seconds left.
|inactive|silver moon boy has 10 seconds left.
|inactive|TopekaMelon has 10 seconds left.
|inactive|silver moon boy has 5 seconds left.
|
|t:|1783627748
|detailschange|p2b: Mawile|Mawile-Mega, L50, M
|-mega|p2b: Mawile|Mawile|Mawilite
|move|p1a: Garchomp|Protect|p1a: Garchomp
|-singleturn|p1a: Garchomp|Protect
|move|p2b: Mawile|Play Rough|p1b: Farigiraf
|-damage|p1b: Farigiraf|29/100
|-enditem|p1b: Farigiraf|Sitrus Berry|[eat]
|-heal|p1b: Farigiraf|54/100|[from] item: Sitrus Berry
|move|p2a: Farigiraf|Thunderbolt|p1b: Farigiraf
|-damage|p1b: Farigiraf|31/100
|move|p1b: Farigiraf|Trick Room|p1b: Farigiraf
|-fieldend|move: Trick Room
|
|-weather|SunnyDay|[upkeep]
|upkeep
|turn|5
|inactive|TopekaMelon has 30 seconds left.
|inactive|TopekaMelon has 20 seconds left.
|inactive|TopekaMelon has 15 seconds left.
|
|t:|1783627791
|switch|p2b: Torkoal|Torkoal, L50, F|100/100
|move|p1b: Farigiraf|Protect|p1b: Farigiraf
|-singleturn|p1b: Farigiraf|Protect
|move|p1a: Garchomp|Earthquake|p2b: Torkoal|[spread] p2a,p2b
|-activate|p1b: Farigiraf|move: Protect
|-supereffective|p2b: Torkoal|1
|-damage|p2a: Farigiraf|0 fnt
|-damage|p2b: Torkoal|50/100g
|faint|p2a: Farigiraf
|-damage|p1a: Garchomp|80/100|[from] item: Life Orb
|
|-weather|SunnyDay|[upkeep]
|upkeep
|
|t:|1783627805
|switch|p2a: Mawile|Mawile-Mega, L50, M|14/100
|turn|6
|inactive|silver moon boy has 30 seconds left.
|inactive|silver moon boy has 20 seconds left.
|inactive|silver moon boy has 15 seconds left.
|inactive|silver moon boy has 10 seconds left.
|inactive|silver moon boy has 5 seconds left.
|
|t:|1783627858
|move|p2b: Torkoal|Protect|p2b: Torkoal
|-singleturn|p2b: Torkoal|Protect
|move|p1a: Garchomp|Stomping Tantrum|p2a: Mawile
|-supereffective|p2a: Mawile|1
|-damage|p2a: Mawile|0 fnt
|faint|p2a: Mawile
|-damage|p1a: Garchomp|70/100|[from] item: Life Orb
|move|p1b: Farigiraf|Psyshock|p2b: Torkoal
|-activate|p2b: Torkoal|move: Protect
|
|-weather|none
|upkeep
|
|t:|1783627868
|switch|p2a: Gallade|Gallade, L50, M|5/100
|turn|7
|
|t:|1783627879
|move|p1b: Farigiraf|Helping Hand|p1a: Garchomp
|-singleturn|p1a: Garchomp|Helping Hand|[of] p1b: Farigiraf
|move|p1a: Garchomp|Earthquake|p2b: Torkoal|[spread] p1b,p2a,p2b
|-supereffective|p2b: Torkoal|1
|-damage|p1b: Farigiraf|0 fnt
|-damage|p2a: Gallade|0 fnt
|-damage|p2b: Torkoal|0 fnt
|faint|p1b: Farigiraf
|faint|p2a: Gallade
|faint|p2b: Torkoal
|-damage|p1a: Garchomp|61/100|[from] item: Life Orb
|
|win|silver moon boy
|raw|silver moon boy's rating: 1121 → 1145(+24 for winning)
|raw|TopekaMelon's rating: 1112 → 1088(-24 for losing)
