|j|☆MegaJouleVGC
|j|☆rustychair13
|html|MegaJouleVGCrustychair13    
|uhtml|bestof|Game 1 of a best-of-3
|t:|1783873217
|gametype|doubles
|player|p1|MegaJouleVGC|artist|1412
|player|p2|rustychair13|1|1385
|gen|9
|tier|[Gen 9 Champions] VGC 2026 Reg M-B (Bo3)
|rated|
|rule|Species Clause: Limit one of each Pokémon
|rule|Item Clause: Limit 1 of each item
|clearpoke
|poke|p1|Charizard, L50, M|
|poke|p1|Garchomp, L50, M|
|poke|p1|Toxapex, L50, M|
|poke|p1|Sinistcha, L50|
|poke|p1|Dragapult, L50, M|
|poke|p1|Incineroar, L50, F|
|poke|p2|Garchomp, L50, F|
|poke|p2|Charizard, L50, F|
|poke|p2|Aerodactyl, L50, M|
|poke|p2|Sylveon, L50, M|
|poke|p2|Farigiraf, L50, M|
|poke|p2|Incineroar, L50, M|
|teampreview|4
|showteam|p1|Charizard||CharizarditeY|Blaze|HeatWave,WeatherBall,SolarBeam,Protect|Timid||M|||50|]Garchomp||LifeOrb|RoughSkin|Earthquake,RockSlide,DragonClaw,Protect|Adamant||M|||50|]Toxapex||Leftovers|Regenerator|WideGuard,Toxic,Infestation,BanefulBunker|Sassy||M|||50|]Sinistcha||CobaBerry|Hospitality|TrickRoom,RagePowder,MatchaGotcha,Protect|Relaxed|||||50|]Dragapult||FocusSash|ClearBody|DragonDance,DragonDarts,SteelWing,Protect|Jolly||M|||50|]Incineroar||SitrusBerry|Intimidate|FakeOut,FlareBlitz,ThroatChop,PartingShot|Adamant||F|||50|
|showteam|p2|Garchomp||LifeOrb|RoughSkin|DragonClaw,Earthquake,StompingTantrum,Protect|Jolly||F|||50|]Charizard||CharizarditeY|SolarPower|WeatherBall,HeatWave,SolarBeam,Protect|Modest||F|||50|]Aerodactyl||FocusSash|Unnerve|RockSlide,Tailwind,WideGuard,Protect|Jolly||M|||50|]Sylveon||FairyFeather|Pixilate|HyperVoice,QuickAttack,Yawn,Detect|Modest||M|||50|]Farigiraf||SitrusBerry|ArmorTail|Psychic,HelpingHand,TrickRoom,Protect|Calm||M|||50|]Incineroar||Charcoal|Intimidate|FlareBlitz,DarkestLariat,PartingShot,FakeOut|Brave||M|||50|
|inactive|Battle timer is ON: inactive players will automatically lose when time's up. (requested by MegaJouleVGC)
|inactive|MegaJouleVGC has 60 seconds left.
|inactive|rustychair13 has 60 seconds left.
|inactive|MegaJouleVGC has 30 seconds left.
|inactive|rustychair13 has 30 seconds left.
|inactive|rustychair13 has 20 seconds left.
|
|t:|1783873290
|teamsize|p1|4
|teamsize|p2|4
|start
|switch|p1a: Garchomp|Garchomp, L50, M|100/100
|switch|p1b: Incineroar|Incineroar, L50, F|100/100
|switch|p2a: Incineroar|Incineroar, L50, M|100/100
|switch|p2b: Farigiraf|Farigiraf, L50, M|100/100
|-ability|p1b: Incineroar|Intimidate|boost
|-unboost|p2a: Incineroar|atk|1
|-unboost|p2b: Farigiraf|atk|1
|-ability|p2a: Incineroar|Intimidate|boost
|-unboost|p1a: Garchomp|atk|1
|-unboost|p1b: Incineroar|atk|1
|turn|1
|inactive|MegaJouleVGC has 30 seconds left.
|
|t:|1783873318
|move|p2a: Incineroar|Fake Out|p1a: Garchomp
|-damage|p1a: Garchomp|91/100
|-damage|p2a: Incineroar|87/100|[from] ability: Rough Skin|[of] p1a: Garchomp
|cant|p1a: Garchomp|flinch
|move|p1b: Incineroar|Throat Chop|p2b: Farigiraf
|-supereffective|p2b: Farigiraf|1
|-damage|p2b: Farigiraf|49/100
|-start|p2b: Farigiraf|Throat Chop|[silent]
|-enditem|p2b: Farigiraf|Sitrus Berry|[eat]
|-heal|p2b: Farigiraf|74/100|[from] item: Sitrus Berry
|move|p2b: Farigiraf|Psychic|p1a: Garchomp
|-damage|p1a: Garchomp|58/100
|
|upkeep
|turn|2
|inactive|MegaJouleVGC has 30 seconds left.
|inactive|MegaJouleVGC has 20 seconds left.
|
|t:|1783873353
|switch|p1b: Sinistcha|Sinistcha, L50|100/100
|-heal|p1a: Garchomp|83/100|[from] ability: Hospitality|[of] p1b: Sinistcha
|move|p2b: Farigiraf|Protect|p2b: Farigiraf
|-singleturn|p2b: Farigiraf|Protect
|move|p1a: Garchomp|Earthquake|p2a: Incineroar|[spread] p1b,p2a
|-activate|p2b: Farigiraf|move: Protect
|-resisted|p1b: Sinistcha|1
|-supereffective|p2a: Incineroar|1
|-damage|p1b: Sinistcha|87/100
|-damage|p2a: Incineroar|17/100
|-damage|p1a: Garchomp|73/100|[from] item: Life Orb
|move|p2a: Incineroar|Parting Shot|p1a: Garchomp
|-unboost|p1a: Garchomp|atk|1
|-unboost|p1a: Garchomp|spa|1
|
|t:|1783873372
|switch|p2a: Aerodactyl|Aerodactyl, L50, M|100/100|[from] Parting Shot
|-ability|p2a: Aerodactyl|Unnerve
|
|-end|p2b: Farigiraf|Throat Chop|[silent]
|upkeep
|turn|3
|inactive|MegaJouleVGC has 30 seconds left.
|
|t:|1783873403
|move|p2a: Aerodactyl|Rock Slide|p1b: Sinistcha|[spread] p1a,p1b
|-resisted|p1a: Garchomp|1
|-damage|p1a: Garchomp|63/100
|-damage|p1b: Sinistcha|67/100
|cant|p1a: Garchomp|flinch
|move|p1b: Sinistcha|Matcha Gotcha|p2b: Farigiraf|[spread] p2b
|-miss|p1b: Sinistcha|p2a: Aerodactyl
|-damage|p2b: Farigiraf|53/100
|-heal|p1b: Sinistcha|81/100|[from] drain|[of] p2b: Farigiraf
|-status|p2b: Farigiraf|brn
|move|p2b: Farigiraf|Psychic|p1b: Sinistcha
|-damage|p1b: Sinistcha|46/100
|
|-damage|p2b: Farigiraf|46/100 brn|[from] brn
|upkeep
|turn|4
|inactive|MegaJouleVGC has 30 seconds left.
|inactive|MegaJouleVGC has 20 seconds left.
|
|t:|1783873442
|move|p2a: Aerodactyl|Wide Guard|p2a: Aerodactyl
|-singleturn|p2a: Aerodactyl|Wide Guard
|move|p1a: Garchomp|Dragon Claw|p2a: Aerodactyl
|-damage|p2a: Aerodactyl|47/100
|-damage|p1a: Garchomp|53/100|[from] item: Life Orb
|move|p1b: Sinistcha|Matcha Gotcha|p2b: Farigiraf|[spread] 
|-activate|p2a: Aerodactyl|move: Wide Guard
|-activate|p2b: Farigiraf|move: Wide Guard
|move|p2b: Farigiraf|Psychic|p1a: Garchomp
|-damage|p1a: Garchomp|19/100
|
|-damage|p2b: Farigiraf|40/100 brn|[from] brn
|upkeep
|turn|5
|inactive|MegaJouleVGC has 30 seconds left.
|inactive|MegaJouleVGC has 20 seconds left.
|
|t:|1783873481
|switch|p1b: Incineroar|Incineroar, L50, F|100/100
|-ability|p1b: Incineroar|Intimidate|boost
|-unboost|p2a: Aerodactyl|atk|1
|-unboost|p2b: Farigiraf|atk|1
|switch|p2b: Incineroar|Incineroar, L50, M|17/100
|-ability|p2b: Incineroar|Intimidate|boost
|-unboost|p1a: Garchomp|atk|1
|-unboost|p1b: Incineroar|atk|1
|move|p1a: Garchomp|Protect|p1a: Garchomp
|-singleturn|p1a: Garchomp|Protect
|move|p2a: Aerodactyl|Rock Slide|p1a: Garchomp|[spread] p1b
|-activate|p1a: Garchomp|move: Protect
|-supereffective|p1b: Incineroar|1
|-damage|p1b: Incineroar|69/100
|
|upkeep
|turn|6
|
|t:|1783873499
|switch|p2a: Farigiraf|Farigiraf, L50, M|40/100 brn
|switch|p1a: Sinistcha|Sinistcha, L50|46/100
|-heal|p1b: Incineroar|93/100|[from] ability: Hospitality|[of] p1a: Sinistcha
|move|p1b: Incineroar|Fake Out||[still]
|cant|p2a: Farigiraf|ability: Armor Tail|Fake Out|[of] p1b: Incineroar
|move|p2b: Incineroar|Fake Out|p1a: Sinistcha
|-immune|p1a: Sinistcha
|
|-damage|p2a: Farigiraf|34/100 brn|[from] brn
|upkeep
|turn|7
|
|t:|1783873516
|move|p1b: Incineroar|Flare Blitz|p2b: Incineroar
|-resisted|p2b: Incineroar|1
|-damage|p2b: Incineroar|0 fnt
|faint|p2b: Incineroar
|-damage|p1b: Incineroar|87/100|[from] Recoil
|move|p1a: Sinistcha|Matcha Gotcha|p2a: Farigiraf
|-damage|p2a: Farigiraf|10/100 brn
|-heal|p1a: Sinistcha|62/100|[from] drain|[of] p2a: Farigiraf
|move|p2a: Farigiraf|Psychic|p1a: Sinistcha
|-crit|p1a: Sinistcha
|-damage|p1a: Sinistcha|6/100
|
|-damage|p2a: Farigiraf|3/100 brn|[from] brn
|upkeep
|
|t:|1783873520
|switch|p2b: Garchomp|Garchomp, L50, F|100/100
|turn|8
|inactive|MegaJouleVGC has 30 seconds left.
|
|t:|1783873550
|switch|p1b: Garchomp|Garchomp, L50, M|19/100
|move|p2a: Farigiraf|Helping Hand|p2b: Garchomp
|-singleturn|p2b: Garchomp|Helping Hand|[of] p2a: Farigiraf
|move|p2b: Garchomp|Earthquake|p1a: Sinistcha|[spread] p2a,p1a,p1b
|-resisted|p1a: Sinistcha|1
|-crit|p1a: Sinistcha
|-damage|p2a: Farigiraf|0 fnt
|-damage|p1a: Sinistcha|0 fnt
|-damage|p1b: Garchomp|0 fnt
|faint|p2a: Farigiraf
|faint|p1a: Sinistcha
|faint|p1b: Garchomp
|-damage|p2b: Garchomp|90/100|[from] item: Life Orb
|
|upkeep
|
|t:|1783873556
|switch|p1b: Incineroar|Incineroar, L50, F|87/100
|switch|p1a: Charizard|Charizard, L50, M|100/100
|switch|p2a: Aerodactyl|Aerodactyl, L50, M|47/100
|-ability|p2a: Aerodactyl|Unnerve
|-ability|p1b: Incineroar|Intimidate|boost
|-unboost|p2a: Aerodactyl|atk|1
|-unboost|p2b: Garchomp|atk|1
|turn|9
|
|t:|1783873579
|detailschange|p1a: Charizard|Charizard-Mega-Y, L50, M
|-mega|p1a: Charizard|Charizard|Charizardite Y
|-weather|SunnyDay|[from] ability: Drought|[of] p1a: Charizard
|move|p2a: Aerodactyl|Protect|p2a: Aerodactyl
|-singleturn|p2a: Aerodactyl|Protect
|move|p1b: Incineroar|Fake Out|p2a: Aerodactyl
|-activate|p2a: Aerodactyl|move: Protect
|move|p2b: Garchomp|Stomping Tantrum|p1b: Incineroar
|-supereffective|p1b: Incineroar|1
|-damage|p1b: Incineroar|21/100
|-damage|p2b: Garchomp|80/100|[from] item: Life Orb
|move|p1a: Charizard|Solar Beam||[still]
|-prepare|p1a: Charizard|Solar Beam
|-anim|p1a: Charizard|Solar Beam|p2b: Garchomp
|-damage|p2b: Garchomp|27/100
|
|-weather|SunnyDay|[upkeep]
|upkeep
|turn|10
|
|t:|1783873599
|move|p2a: Aerodactyl|Rock Slide|p1b: Incineroar|[spread] p1a,p1b
|-supereffective|p1a: Charizard|2
|-supereffective|p1b: Incineroar|1
|-crit|p1b: Incineroar
|-damage|p1a: Charizard|5/100
|-damage|p1b: Incineroar|0 fnt
|faint|p1b: Incineroar
|move|p2b: Garchomp|Dragon Claw|p1a: Charizard
|-damage|p1a: Charizard|0 fnt
|faint|p1a: Charizard
|-damage|p2b: Garchomp|17/100|[from] item: Life Orb
|
|win|rustychair13
||MegaJouleVGC is ready for game 2.
|inactive|rustychair13 has 30 seconds to confirm battle start!
||rustychair13 is ready for game 2.
|uhtml|next|Next: Game 2 of 3
|l|☆rustychair13
|player|p2|
