|j|☆PinkSpaceDragon
|j|☆glofer
|html|PinkSpaceDragonglofer    
|uhtml|bestof|Game 2 of a best-of-3
|t:|1785790455
|gametype|doubles
|player|p1|PinkSpaceDragon|irida-masters2|1077
|player|p2|glofer|blackbelt|1064
|gen|9
|tier|[Gen 9 Champions] VGC 2026 Reg M-B (Bo3)
|rated|
|rule|Species Clause: Limit one of each Pokémon
|rule|Item Clause: Limit 1 of each item
|clearpoke
|poke|p1|Charizard, L50, M|
|poke|p1|Tsareena, L50, F|
|poke|p1|Aromatisse, L50, F|
|poke|p1|Garchomp, L50, M|
|poke|p1|Kingambit, L50, M|
|poke|p1|Aerodactyl, L50, M|
|poke|p2|Bellibolt, L50, M|
|poke|p2|Raichu, L50, M|
|poke|p2|Emolga, L50, M|
|poke|p2|Heliolisk, L50, M|
|poke|p2|Eelektross, L50, M|
|poke|p2|Jolteon, L50, F|
|teampreview|4
|showteam|p1|Charizard||CharizarditeY|Blaze|Protect,WeatherBall,HeatWave,SolarBeam|Modest||M|||50|]Tsareena||WideLens|QueenlyMajesty|Protect,PowerWhip,TripleAxel,LowKick|Adamant||F|||50|]Aromatisse||SitrusBerry|AromaVeil|Moonblast,HelpingHand,Encore,TrickRoom|Sassy||F|||50|]Garchomp||LifeOrb|RoughSkin|Protect,DragonClaw,Earthquake,RockSlide|Jolly||M|||50|]Kingambit||FocusSash|Defiant|KowtowCleave,IronHead,LowKick,SuckerPunch|Adamant||M|||50|]Aerodactyl||Aerodactylite|Unnerve|WideGuard,RockSlide,DualWingbeat,Tailwind|Jolly||M|||50|
|showteam|p2|Bellibolt||Leftovers|Electromorphosis|ParabolicCharge,AcidSpray,Soak,Protect|Quiet||M|||50|]Raichu||RaichuniteY|LightningRod|ZapCannon,FocusBlast,FakeOut,Protect|Hasty||M|||50|]Emolga||FocusSash|MotorDrive|ElectroBall,AirSlash,Taunt,Encore|Timid||M|||50|]Heliolisk||ChoiceScarf|DrySkin|Discharge,HyperVoice,GrassKnot,DragonPulse|Timid||M|||50|]Eelektross||Eelektrossite|Levitate|SupercellSlam,DrainPunch,Bulldoze,Coil|Serious||M|||50|]Jolteon||LifeOrb|VoltAbsorb|Electroweb,ShadowBall,AlluringVoice,Protect|Timid||F|||50|
|
|t:|1785790475
|teamsize|p1|4
|teamsize|p2|4
|start
|switch|p1a: Garchomp|Garchomp, L50, M|100/100
|switch|p1b: Kingambit|Kingambit, L50, M|100/100
|switch|p2a: Raichu|Raichu, L50, M|100/100
|switch|p2b: Heliolisk|Heliolisk, L50, M|100/100
|turn|1
|inactive|Battle timer is ON: inactive players will automatically lose when time's up. (requested by glofer)
|
|t:|1785790487
|switch|p1b: Tsareena|Tsareena, L50, F|100/100
|detailschange|p2a: Raichu|Raichu-Mega-Y, L50, M
|-mega|p2a: Raichu|Raichu|Raichunite Y
|move|p2b: Heliolisk|Dragon Pulse|p1a: Garchomp
|-supereffective|p1a: Garchomp|1
|-damage|p1a: Garchomp|36/100
|move|p2a: Raichu|Focus Blast|p1b: Tsareena
|-damage|p1b: Tsareena|50/100g
|move|p1a: Garchomp|Earthquake|p2a: Raichu|[spread] p1b,p2a,p2b
|-resisted|p1b: Tsareena|1
|-supereffective|p2a: Raichu|1
|-supereffective|p2b: Heliolisk|1
|-damage|p1b: Tsareena|25/100
|-damage|p2a: Raichu|0 fnt
|-damage|p2b: Heliolisk|0 fnt
|faint|p2a: Raichu
|faint|p2b: Heliolisk
|-damage|p1a: Garchomp|26/100|[from] item: Life Orb
|
|upkeep
|
|t:|1785790501
|switch|p2a: Jolteon|Jolteon, L50, F|100/100
|switch|p2b: Bellibolt|Bellibolt, L50, M|100/100
|turn|2
|
|t:|1785790516
|switch|p1a: Aromatisse|Aromatisse, L50, F|100/100
|move|p2a: Jolteon|Shadow Ball|p1a: Aromatisse
|-damage|p1a: Aromatisse|72/100
|-unboost|p1a: Aromatisse|spd|1
|-damage|p2a: Jolteon|90/100|[from] item: Life Orb
|move|p1b: Tsareena|Power Whip|p2a: Jolteon
|-damage|p2a: Jolteon|0 fnt
|faint|p2a: Jolteon
|move|p2b: Bellibolt|Acid Spray|p1b: Tsareena
|-supereffective|p1b: Tsareena|1
|-damage|p1b: Tsareena|0 fnt
|faint|p1b: Tsareena
|
|upkeep
|
|t:|1785790522
|switch|p1b: Kingambit|Kingambit, L50, M|100/100
|turn|3
|
|t:|1785790528
|move|p1a: Aromatisse|Helping Hand|p1b: Kingambit
|-singleturn|p1b: Kingambit|Helping Hand|[of] p1a: Aromatisse
|move|p1b: Kingambit|Kowtow Cleave|p2b: Bellibolt
|-damage|p2b: Bellibolt|38/100
|-start|p2b: Bellibolt|Charge|Kowtow Cleave|[from] ability: Electromorphosis
|move|p2b: Bellibolt|Parabolic Charge|p1a: Aromatisse|[spread] p1a,p1b
|-damage|p1a: Aromatisse|15/100
|-heal|p2b: Bellibolt|65/100|[from] drain|[of] p1a: Aromatisse
|-damage|p1b: Kingambit|47/100
|-heal|p2b: Bellibolt|88/100|[from] drain|[of] p1b: Kingambit
|-enditem|p1a: Aromatisse|Sitrus Berry|[eat]
|-heal|p1a: Aromatisse|40/100|[from] item: Sitrus Berry
|-end|p2b: Bellibolt|Charge|[silent]
|
|-heal|p2b: Bellibolt|94/100|[from] item: Leftovers
|upkeep
|turn|4
|
|t:|1785790537
|switch|p1b: Garchomp|Garchomp, L50, M|26/100
|move|p2b: Bellibolt|Parabolic Charge|p1b: Garchomp|[spread] p1a
|-immune|p1b: Garchomp
|-damage|p1a: Aromatisse|11/100
|-heal|p2b: Bellibolt|100/100|[from] drain|[of] p1a: Aromatisse
|move|p1a: Aromatisse|Encore|p2b: Bellibolt
|-start|p2b: Bellibolt|Encore
|
|upkeep
|turn|5
|
|t:|1785790551
|move|p1a: Aromatisse|Helping Hand|p1b: Garchomp
|-singleturn|p1b: Garchomp|Helping Hand|[of] p1a: Aromatisse
|move|p1b: Garchomp|Earthquake|p2b: Bellibolt|[spread] p1a,p2b
|-supereffective|p2b: Bellibolt|1
|-crit|p2b: Bellibolt
|-damage|p1a: Aromatisse|0 fnt
|-damage|p2b: Bellibolt|0 fnt
|faint|p1a: Aromatisse
|faint|p2b: Bellibolt
|-damage|p1b: Garchomp|16/100|[from] item: Life Orb
|
|win|PinkSpaceDragon
|raw|PinkSpaceDragon's rating: 1077 → 1104(+27 for winning)
|raw|glofer's rating: 1064 → 1045(-19 for losing)
