|j|☆Chewe_60111
|j|☆Professor_J93
|html|Chewe_60111Professor_J93    
|uhtml|bestof|Game 1 of a best-of-3
|t:|1783562534
|gametype|doubles
|player|p1|Chewe_60111|265|1228
|player|p2|Professor_J93|miku-ghost|1229
|gen|9
|tier|[Gen 9 Champions] VGC 2026 Reg M-B (Bo3)
|rated|
|rule|Species Clause: Limit one of each Pokémon
|rule|Item Clause: Limit 1 of each item
|clearpoke
|poke|p1|Scovillain, L50, F|
|poke|p1|Garchomp, L50, F|
|poke|p1|Sneasler, L50, M|
|poke|p1|Kingambit, L50, F|
|poke|p1|Dragonite, L50, F|
|poke|p1|Gyarados, L50, M|
|poke|p2|Aerodactyl, L50, F|
|poke|p2|Garchomp, L50, F|
|poke|p2|Floette-Eternal, L50, F|
|poke|p2|Basculegion, L50, M|
|poke|p2|Sneasler, L50, M|
|poke|p2|Kingambit, L50, M|
|teampreview|4
|showteam|p1|Scovillain||Scovillainite|Moody|LeechSeed,Flamethrower,Protect,RagePowder|Calm||F|||50|]Garchomp||ChoiceScarf|RoughSkin|RockSlide,Earthquake,StompingTantrum,DragonClaw|Adamant||F|||50|]Sneasler||WhiteHerb|Unburden|FakeOut,CloseCombat,DireClaw,Protect|Jolly||M|||50|]Kingambit||BlackGlasses|Defiant|KowtowCleave,SuckerPunch,SwordsDance,Protect|Adamant||F|||50|]Dragonite||Dragoninite|Multiscale|DragonPulse,Roost,Tailwind,Thunderbolt|Timid||F|||50|]Gyarados||SitrusBerry|Intimidate|Waterfall,ThunderWave,IceFang,HelpingHand|Careful||M|||50|
|showteam|p2|Aerodactyl||Aerodactylite|Unnerve|RockSlide,IceFang,Tailwind,DualWingbeat|Jolly||F|||50|]Garchomp||LifeOrb|RoughSkin|DragonClaw,Earthquake,RockSlide,Protect|Jolly||F|||50|]Floette-Eternal||Floettite|FlowerVeil|Moonblast,DazzlingGleam,CalmMind,Protect|Timid||F|||50|]Basculegion||ChoiceScarf|Adaptability|FlipTurn,LastRespects,WaveCrash,AquaJet|Jolly||M|||50|]Sneasler||WhiteHerb|Unburden|DireClaw,CloseCombat,FakeOut,Protect|Jolly||M|||50|]Kingambit||FocusSash|Defiant|KowtowCleave,SuckerPunch,IronHead,LowKick|Adamant||M|||50|
|inactive|Battle timer is ON: inactive players will automatically lose when time's up. (requested by Chewe_60111)
|inactive|Professor_J93 has 60 seconds left.
|inactive|Chewe_60111 has 60 seconds left.
|
|t:|1783562614
|teamsize|p1|4
|teamsize|p2|4
|start
|switch|p1a: Scovillain|Scovillain, L50, F|100/100
|switch|p1b: Gyarados|Gyarados, L50, M|100/100
|switch|p2a: Aerodactyl|Aerodactyl, L50, F|100/100
|switch|p2b: Kingambit|Kingambit, L50, M|100/100
|-ability|p2a: Aerodactyl|Unnerve
|-ability|p1b: Gyarados|Intimidate|boost
|-unboost|p2a: Aerodactyl|atk|1
|-unboost|p2b: Kingambit|atk|1
|-ability|p2b: Kingambit|Defiant|boost
|-boost|p2b: Kingambit|atk|2
|turn|1
|inactive|Professor_J93 has 30 seconds left.
|
|t:|1783562643
|detailschange|p2a: Aerodactyl|Aerodactyl-Mega, L50, F
|-mega|p2a: Aerodactyl|Aerodactyl|Aerodactylite
|detailschange|p1a: Scovillain|Scovillain-Mega, L50, F
|-mega|p1a: Scovillain|Scovillain|Scovillainite
|move|p1a: Scovillain|Rage Powder|p1a: Scovillain
|-singleturn|p1a: Scovillain|move: Rage Powder
|move|p2b: Kingambit|Sucker Punch||[still]
|-fail|p2b: Kingambit
|move|p2a: Aerodactyl|Rock Slide|p1b: Gyarados|[spread] p1a,p1b
|-supereffective|p1a: Scovillain|1
|-crit|p1a: Scovillain
|-supereffective|p1b: Gyarados|1
|-damage|p1a: Scovillain|19/100
|-damage|p1b: Gyarados|56/100
|-status|p2a: Aerodactyl|brn|[from] ability: Spicy Spray|[of] p1a: Scovillain
|cant|p1b: Gyarados|flinch
|
|-damage|p2a: Aerodactyl|94/100 brn|[from] brn
|upkeep
|turn|2
|inactive|Chewe_60111 has 30 seconds left.
|
|t:|1783562672
|switch|p1b: Garchomp|Garchomp, L50, F|100/100
|move|p1a: Scovillain|Protect|p1a: Scovillain
|-singleturn|p1a: Scovillain|Protect
|move|p2b: Kingambit|Sucker Punch||[still]
|-fail|p2b: Kingambit
|move|p2a: Aerodactyl|Rock Slide|p1b: Garchomp|[spread] p1b
|-activate|p1a: Scovillain|move: Protect
|-resisted|p1b: Garchomp|1
|-damage|p1b: Garchomp|95/100
|
|-damage|p2a: Aerodactyl|88/100 brn|[from] brn
|upkeep
|turn|3
|
|t:|1783562693
|move|p1a: Scovillain|Rage Powder|p1a: Scovillain
|-singleturn|p1a: Scovillain|move: Rage Powder
|move|p1b: Garchomp|Rock Slide|p2b: Kingambit|[spread] p2a,p2b
|-supereffective|p2a: Aerodactyl|1
|-resisted|p2b: Kingambit|1
|-damage|p2a: Aerodactyl|37/100 brn
|-damage|p2b: Kingambit|91/100
|cant|p2a: Aerodactyl|flinch
|move|p2b: Kingambit|Kowtow Cleave|p1a: Scovillain
|-damage|p1a: Scovillain|0 fnt
|-status|p2b: Kingambit|brn|[from] ability: Spicy Spray|[of] p1a: Scovillain
|faint|p1a: Scovillain
|
|-damage|p2a: Aerodactyl|31/100 brn|[from] brn
|-damage|p2b: Kingambit|85/100 brn|[from] brn
|upkeep
|
|t:|1783562709
|switch|p1a: Sneasler|Sneasler, L50, M|100/100
|turn|4
|inactive|Chewe_60111 has 30 seconds left.
|
|t:|1783562739
|switch|p2a: Garchomp|Garchomp, L50, F|100/100
|move|p1a: Sneasler|Fake Out|p2b: Kingambit
|-resisted|p2b: Kingambit|1
|-damage|p2b: Kingambit|80/100 brn
|cant|p2b: Kingambit|flinch
|move|p1b: Garchomp|Rock Slide|p2a: Garchomp|[spread] p2a,p2b
|-resisted|p2a: Garchomp|1
|-resisted|p2b: Kingambit|1
|-damage|p2a: Garchomp|90/100
|-damage|p2b: Kingambit|71/100 brn
|
|-damage|p2b: Kingambit|65/100 brn|[from] brn
|upkeep
|turn|5
|
|t:|1783562761
|switch|p1b: Gyarados|Gyarados, L50, M|56/100
|-ability|p1b: Gyarados|Intimidate|boost
|-unboost|p2a: Garchomp|atk|1
|-unboost|p2b: Kingambit|atk|1
|-ability|p2b: Kingambit|Defiant|boost
|-boost|p2b: Kingambit|atk|2
|move|p1a: Sneasler|Close Combat|p2b: Kingambit
|-supereffective|p2b: Kingambit|2
|-damage|p2b: Kingambit|0 fnt
|-unboost|p1a: Sneasler|def|1
|-unboost|p1a: Sneasler|spd|1
|faint|p2b: Kingambit
|-enditem|p1a: Sneasler|White Herb
|-clearnegativeboost|p1a: Sneasler|[silent]
|move|p2a: Garchomp|Dragon Claw|p1b: Gyarados
|-damage|p1b: Gyarados|15/100
|-enditem|p1b: Gyarados|Sitrus Berry|[eat]
|-heal|p1b: Gyarados|40/100|[from] item: Sitrus Berry
|-damage|p2a: Garchomp|80/100|[from] item: Life Orb
|
|upkeep
|
|t:|1783562778
|switch|p2b: Basculegion|Basculegion, L50, M|100/100
|turn|6
|
|t:|1783562802
|switch|p2a: Aerodactyl|Aerodactyl-Mega, L50, F|31/100 brn
|switch|p1b: Garchomp|Garchomp, L50, F|95/100
|move|p1a: Sneasler|Protect|p1a: Sneasler
|-singleturn|p1a: Sneasler|Protect
|move|p2b: Basculegion|Last Respects|p1b: Garchomp
|-crit|p1b: Garchomp
|-damage|p1b: Garchomp|0 fnt
|faint|p1b: Garchomp
|
|-damage|p2a: Aerodactyl|25/100 brn|[from] brn
|upkeep
|
|t:|1783562815
|switch|p1b: Gyarados|Gyarados, L50, M|40/100
|-ability|p1b: Gyarados|Intimidate|boost
|-unboost|p2a: Aerodactyl|atk|1
|-unboost|p2b: Basculegion|atk|1
|turn|7
|inactive|Chewe_60111 has 30 seconds left.
|
|t:|1783562847
|switch|p2b: Garchomp|Garchomp, L50, F|80/100
|move|p1a: Sneasler|Close Combat|p2a: Aerodactyl
|-damage|p2a: Aerodactyl|0 fnt
|-unboost|p1a: Sneasler|def|1
|-unboost|p1a: Sneasler|spd|1
|faint|p2a: Aerodactyl
|move|p1b: Gyarados|Thunder Wave|p2b: Garchomp
|-immune|p2b: Garchomp
|
|upkeep
|
|t:|1783562856
|switch|p2a: Basculegion|Basculegion, L50, M|100/100
|turn|8
|inactive|Chewe_60111 has 30 seconds left.
|
|t:|1783562886
|move|p1a: Sneasler|Close Combat|p2b: Garchomp
|-damage|p2b: Garchomp|18/100
|-unboost|p1a: Sneasler|def|1
|-unboost|p1a: Sneasler|spd|1
|-damage|p1a: Sneasler|87/100|[from] ability: Rough Skin|[of] p2b: Garchomp
|move|p2a: Basculegion|Last Respects|p1b: Gyarados
|-damage|p1b: Gyarados|0 fnt
|faint|p1b: Gyarados
|move|p2b: Garchomp|Dragon Claw|p1a: Sneasler
|-damage|p1a: Sneasler|0 fnt
|faint|p1a: Sneasler
|-damage|p2b: Garchomp|9/100|[from] item: Life Orb
|
|win|Professor_J93
||Professor_J93 is ready for game 2.
|inactive|Chewe_60111 has 30 seconds to confirm battle start!
|inactive|Chewe_60111 has 20 seconds to confirm battle start!
||Chewe_60111 is ready for game 2.
|uhtml|next|Next: Game 2 of 3
