|j|Ōśågokturkxd
|j|Ōśåroot2iris
|html|gokturkxdroot2iris    
|uhtml|bestof|Game 2 of a best-of-3
|t:|1756222952
|gametype|doubles
|player|p1|gokturkxd|n-masters3|1262
|player|p2|root2iris|guitarist|1227
|gen|9
|tier|[Gen 9] VGC 2025 Reg H (Bo3)
|rated|
|rule|Species Clause: Limit one of each Pok├®mon
|rule|Item Clause: Limit 1 of each item
|clearpoke
|poke|p1|Volcarona, L50, M|
|poke|p1|Rillaboom, L50, M|
|poke|p1|Clefairy, L50, F|
|poke|p1|Sneasler, L50, F|
|poke|p1|Whimsicott, L50, F|
|poke|p1|Gholdengo, L50|
|poke|p2|Archaludon, L50, F|
|poke|p2|Pelipper, L50, F|
|poke|p2|Amoonguss, L50, F|
|poke|p2|Incineroar, L50, F|
|poke|p2|Baxcalibur, L50, F|
|poke|p2|Annihilape, L50, M|
|teampreview|4
|showteam|p1|Volcarona||Leftovers|FlameBody|Protect,QuiverDance,HeatWave,GigaDrain|||M|||50|,,,,,Grass]Rillaboom||AssaultVest|GrassySurge|FakeOut,GrassyGlide,WoodHammer,HighHorsepower|||M|||50|,,,,,Fire]Clefairy||Eviolite|FriendGuard|Protect,FollowMe,LifeDew,HelpingHand|||F|||50|,,,,,Grass]Sneasler||GrassySeed|Unburden|FakeOut,DireClaw,CloseCombat,Coaching|||F|||50|,,,,,Ghost]Whimsicott||CovertCloak|Prankster|Moonblast,SunnyDay,Tailwind,Encore|||F|||50|,,,,,Fire]Gholdengo||ChoiceSpecs|GoodasGold|MakeItRain,ShadowBall,Thunderbolt,Trick||||||50|,,,,,Steel
|showteam|p2|Archaludon||AssaultVest|Stamina|DragonPulse,ElectroShot,BodyPress,Thunderbolt|||F|||50|,,,,,Bug]Pelipper||FocusSash|Drizzle|MuddyWater,Hurricane,Tailwind,Protect|||F|||50|,,,,,Ghost]Amoonguss||CovertCloak|Regenerator|PollenPuff,RagePowder,Spore,Protect|||F|||50|,,,,,Fairy]Incineroar||SafetyGoggles|Intimidate|KnockOff,BurningJealousy,PartingShot,FakeOut|||F|||50|,,,,,Ghost]Baxcalibur||LoadedDice|ThermalExchange|IcicleSpear,ScaleShot,HighHorsepower,Protect|||F|||50|,,,,,Ghost]Annihilape||SitrusBerry|Defiant|RageFist,FinalGambit,Coaching,Taunt|||M|||50|,,,,,Fire
|inactive|Battle timer is ON: inactive players will automatically lose when time's up. (requested by root2iris)
|inactive|gokturkxd has 60 seconds left.
|inactive|root2iris has 60 seconds left.
|
|t:|1756222994
|teamsize|p1|4
|teamsize|p2|4
|start
|switch|p1a: Volcarona|Volcarona, L50, M|100/100
|switch|p1b: Sneasler|Sneasler, L50, F|100/100
|switch|p2a: RC|Incineroar, L50, F|100/100
|switch|p2b: Roxas|Archaludon, L50, F|100/100
|-ability|p2a: RC|Intimidate|boost
|-unboost|p1a: Volcarona|atk|1
|-unboost|p1b: Sneasler|atk|1
|turn|1
|inactive|root2iris has 30 seconds left.
|
|t:|1756223024
|switch|p2a: Oathkeeper|Pelipper, L50, F, shiny|100/100
|-weather|RainDance|[from] ability: Drizzle|[of] p2a: Oathkeeper
|-terastallize|p1b: Sneasler|Ghost
|move|p1b: Sneasler|Close Combat|p2b: Roxas
|-supereffective|p2b: Roxas
|-damage|p2b: Roxas|37/100
|-unboost|p1b: Sneasler|def|1
|-unboost|p1b: Sneasler|spd|1
|-ability|p2b: Roxas|Stamina|boost
|-boost|p2b: Roxas|def|1
|move|p1a: Volcarona|Quiver Dance|p1a: Volcarona
|-boost|p1a: Volcarona|spa|1
|-boost|p1a: Volcarona|spd|1
|-boost|p1a: Volcarona|spe|1
|move|p2b: Roxas|Electro Shot||[still]
|-prepare|p2b: Roxas|Electro Shot
|-boost|p2b: Roxas|spa|1
|-anim|p2b: Roxas|Electro Shot|p1b: Sneasler
|-damage|p1b: Sneasler|0 fnt
|faint|p1b: Sneasler
|
|-weather|RainDance|[upkeep]
|upkeep
|
|t:|1756223035
|switch|p1b: Whimsicott|Whimsicott, L50, F|100/100
|turn|2
|inactive|root2iris has 30 seconds left.
|
|t:|1756223070
|switch|p2b: RC|Incineroar, L50, F|100/100
|-ability|p2b: RC|Intimidate|boost
|-unboost|p1a: Volcarona|atk|1
|-unboost|p1b: Whimsicott|atk|1
|move|p1b: Whimsicott|Sunny Day|p1b: Whimsicott
|-weather|SunnyDay
|move|p1a: Volcarona|Heat Wave|p2a: Oathkeeper|[spread] p2a
|-miss|p1a: Volcarona|p2b: RC
|-resisted|p2a: Oathkeeper
|-damage|p2a: Oathkeeper|38/100
|move|p2a: Oathkeeper|Muddy Water|p1b: Whimsicott|[spread] p1b
|-miss|p2a: Oathkeeper|p1a: Volcarona
|-resisted|p1b: Whimsicott
|-damage|p1b: Whimsicott|92/100
|
|-weather|SunnyDay|[upkeep]
|upkeep
|turn|3
|inactive|gokturkxd has 30 seconds left.
|c|Ōśågokturkxd|try weather ball instead of muddy water
|c|Ōśågokturkxd|just as a recommendation
|inactive|gokturkxd has 20 seconds left.
|inactive|gokturkxd has 15 seconds left.
|
|t:|1756223114
|switch|p2a: Mikael Mouse|Amoonguss, L50, F|100/100
|move|p1a: Volcarona|Protect|p1a: Volcarona
|-singleturn|p1a: Volcarona|Protect
|move|p2b: RC|Fake Out|p1a: Volcarona
|-activate|p1a: Volcarona|move: Protect
|move|p1b: Whimsicott|Moonblast|p2a: Mikael Mouse
|-resisted|p2a: Mikael Mouse
|-damage|p2a: Mikael Mouse|90/100
|
|-weather|SunnyDay|[upkeep]
|upkeep
|turn|4
|c|Ōśåroot2iris|try thinking of a better play than fake out protect in 90 seconds
|c|Ōśågokturkxd|?
|c|Ōśågokturkxd|I was doing something else
|inactive|root2iris has 30 seconds left.
|c|Ōśågokturkxd|forgot I was in a match lmao
|
|t:|1756223144
|move|p2a: Mikael Mouse|Protect|p2a: Mikael Mouse
|-singleturn|p2a: Mikael Mouse|Protect
|move|p1b: Whimsicott|Sunny Day||[still]
|-fail|p1b: Whimsicott
|move|p1a: Volcarona|Heat Wave|p2a: Mikael Mouse|[spread] p2b
|-activate|p2a: Mikael Mouse|move: Protect
|-resisted|p2b: RC
|-damage|p2b: RC|66/100
|move|p2b: RC|Knock Off|p1a: Volcarona
|-damage|p1a: Volcarona|56/100
|-enditem|p1a: Volcarona|Leftovers|[from] move: Knock Off|[of] p2b: RC
|
|-weather|SunnyDay|[upkeep]
|upkeep
|turn|5
|c|Ōśågokturkxd|did not do a single turn until turn 3
|inactive|root2iris has 30 seconds left.
|
|t:|1756223173
|-terastallize|p2a: Mikael Mouse|Fairy
|move|p1b: Whimsicott|Sunny Day||[still]
|-fail|p1b: Whimsicott
|move|p1a: Volcarona|Heat Wave|p2b: RC|[spread] p2a,p2b
|-resisted|p2b: RC
|-damage|p2a: Mikael Mouse|29/100
|-damage|p2b: RC|29/100
|move|p2b: RC|Parting Shot|p1a: Volcarona
|-unboost|p1a: Volcarona|atk|1
|-unboost|p1a: Volcarona|spa|1
|
|t:|1756223180
|switch|p2b: Roxas|Archaludon, L50, F|37/100|[from] Parting Shot
|move|p2a: Mikael Mouse|Spore|p1a: Volcarona
|-status|p1a: Volcarona|slp|[from] move: Spore
|
|-weather|SunnyDay|[upkeep]
|upkeep
|turn|6
|
|t:|1756223197
|move|p1b: Whimsicott|Encore|p2a: Mikael Mouse
|-start|p2a: Mikael Mouse|Encore
|cant|p1a: Volcarona|slp
|move|p2b: Roxas|Dragon Pulse|p1a: Volcarona
|-damage|p1a: Volcarona|34/100 slp
|move|p2a: Mikael Mouse|Spore|p1a: Volcarona
|-fail|p1a: Volcarona|slp
|
|-weather|none
|upkeep
|turn|7
|
|t:|1756223211
|switch|p2a: Oathkeeper|Pelipper, L50, F, shiny|38/100
|-weather|RainDance|[from] ability: Drizzle|[of] p2a: Oathkeeper
|move|p1b: Whimsicott|Sunny Day|p1b: Whimsicott
|-weather|SunnyDay
|cant|p1a: Volcarona|slp
|move|p2b: Roxas|Electro Shot||[still]
|-prepare|p2b: Roxas|Electro Shot
|-boost|p2b: Roxas|spa|1
|
|-weather|SunnyDay|[upkeep]
|upkeep
|turn|8
|
|t:|1756223223
|switch|p2a: RC|Incineroar, L50, F|29/100
|-ability|p2a: RC|Intimidate|boost
|-unboost|p1a: Volcarona|atk|1
|-unboost|p1b: Whimsicott|atk|1
|cant|p1a: Volcarona|slp
|move|p1b: Whimsicott|Moonblast|p2b: Roxas
|-damage|p2b: Roxas|16/100
|-ability|p2b: Roxas|Stamina|boost
|-boost|p2b: Roxas|def|1
|move|p2b: Roxas|Electro Shot|p1a: Volcarona|[from] lockedmove
|-damage|p1a: Volcarona|3/100 slp
|
|-weather|SunnyDay|[upkeep]
|upkeep
|turn|9
|c|Ōśågokturkxd|yours is some nice luck
|c|Ōśågokturkxd|share a bit
|c|Ōśågokturkxd|lmao
|inactive|root2iris has 30 seconds left.
|
|t:|1756223250
|-curestatus|p1a: Volcarona|slp|[msg]
|move|p1a: Volcarona|Protect|p1a: Volcarona
|-singleturn|p1a: Volcarona|Protect
|move|p1b: Whimsicott|Moonblast|p2b: Roxas
|-damage|p2b: Roxas|0 fnt
|faint|p2b: Roxas
|move|p2a: RC|Parting Shot|p1b: Whimsicott
|-unboost|p1b: Whimsicott|atk|1
|-unboost|p1b: Whimsicott|spa|1
|
|t:|1756223266
|switch|p2a: Mikael Mouse|Amoonguss, L50, F, tera:Fairy|63/100|[from] Parting Shot
|
|-weather|SunnyDay|[upkeep]
|upkeep
|
|t:|1756223268
|switch|p2b: RC|Incineroar, L50, F|29/100
|-ability|p2b: RC|Intimidate|boost
|-unboost|p1a: Volcarona|atk|1
|-unboost|p1b: Whimsicott|atk|1
|turn|10
|
|t:|1756223284
|switch|p1a: PokeVic|Rillaboom, L50, M|100/100
|-fieldstart|move: Grassy Terrain|[from] ability: Grassy Surge|[of] p1a: PokeVic
|move|p2b: RC|Fake Out|p1a: PokeVic
|-damage|p1a: PokeVic|91/100
|move|p1b: Whimsicott|Moonblast|p2b: RC
|-damage|p2b: RC|12/100
|move|p2a: Mikael Mouse|Pollen Puff|p2b: RC
|-heal|p2b: RC|62/100
|
|-weather|SunnyDay|[upkeep]
|-heal|p1b: Whimsicott|98/100|[from] Grassy Terrain
|-heal|p2b: RC|68/100|[from] Grassy Terrain
|-heal|p1a: PokeVic|97/100|[from] Grassy Terrain
|-heal|p2a: Mikael Mouse|69/100|[from] Grassy Terrain
|upkeep
|turn|11
|inactive|gokturkxd has 30 seconds left.
|inactive|root2iris has 30 seconds left.
|
|t:|1756223315
|move|p2a: Mikael Mouse|Protect|p2a: Mikael Mouse
|-singleturn|p2a: Mikael Mouse|Protect
|move|p1a: PokeVic|Fake Out|p2b: RC
|-damage|p2b: RC|56/100
|move|p1b: Whimsicott|Encore|p2a: Mikael Mouse
|-activate|p2a: Mikael Mouse|move: Protect
|cant|p2b: RC|flinch
|
|-weather|none
|-heal|p1b: Whimsicott|100/100|[from] Grassy Terrain
|-heal|p2b: RC|62/100|[from] Grassy Terrain
|-heal|p1a: PokeVic|100/100|[from] Grassy Terrain
|-heal|p2a: Mikael Mouse|74/100|[from] Grassy Terrain
|upkeep
|turn|12
|
|t:|1756223331
|switch|p2a: Oathkeeper|Pelipper, L50, F, shiny|38/100
|-weather|RainDance|[from] ability: Drizzle|[of] p2a: Oathkeeper
|move|p1b: Whimsicott|Encore||[still]
|-fail|p1b: Whimsicott
|move|p2b: RC|Parting Shot|p1a: PokeVic
|-unboost|p1a: PokeVic|atk|1
|-unboost|p1a: PokeVic|spa|1
|
|t:|1756223338
|switch|p2b: Mikael Mouse|Amoonguss, L50, F, tera:Fairy|100/100|[from] Parting Shot
|move|p1a: PokeVic|High Horsepower|p2b: Mikael Mouse
|-damage|p2b: Mikael Mouse|82/100
|
|-weather|RainDance|[upkeep]
|-heal|p2b: Mikael Mouse|88/100|[from] Grassy Terrain
|upkeep
|turn|13
|
|t:|1756223346
|switch|p2a: RC|Incineroar, L50, F|62/100
|-ability|p2a: RC|Intimidate|boost
|-unboost|p1a: PokeVic|atk|1
|-unboost|p1b: Whimsicott|atk|1
|move|p1b: Whimsicott|Tailwind|p1b: Whimsicott
|-sidestart|p1: gokturkxd|move: Tailwind
|move|p1a: PokeVic|Wood Hammer|p2a: RC
|-resisted|p2a: RC
|-damage|p2a: RC|45/100
|-damage|p1a: PokeVic|94/100|[from] Recoil
|move|p2b: Mikael Mouse|Pollen Puff|p2a: RC
|-heal|p2a: RC|95/100
|
|-weather|RainDance|[upkeep]
|-heal|p1a: PokeVic|100/100|[from] Grassy Terrain
|-heal|p2a: RC|100/100|[from] Grassy Terrain
|-heal|p2b: Mikael Mouse|94/100|[from] Grassy Terrain
|upkeep
|turn|14
|
|t:|1756223365
|switch|p1a: Volcarona|Volcarona, L50, M|3/100
|move|p2a: RC|Fake Out|p1a: Volcarona
|-crit|p1a: Volcarona
|-damage|p1a: Volcarona|0 fnt
|faint|p1a: Volcarona
|move|p1b: Whimsicott|Moonblast|p2b: Mikael Mouse
|-damage|p2b: Mikael Mouse|79/100
|move|p2b: Mikael Mouse|Pollen Puff|p1b: Whimsicott
|-damage|p1b: Whimsicott|79/100
|
|-weather|RainDance|[upkeep]
|-heal|p1b: Whimsicott|85/100|[from] Grassy Terrain
|-heal|p2b: Mikael Mouse|85/100|[from] Grassy Terrain
|-fieldend|move: Grassy Terrain
|upkeep
|
|t:|1756223368
|switch|p1a: PokeVic|Rillaboom, L50, M|100/100
|-fieldstart|move: Grassy Terrain|[from] ability: Grassy Surge|[of] p1a: PokeVic
|turn|15
|
|t:|1756223385
|move|p2b: Mikael Mouse|Protect|p2b: Mikael Mouse
|-singleturn|p2b: Mikael Mouse|Protect
|move|p1b: Whimsicott|Moonblast|p2b: Mikael Mouse
|-activate|p2b: Mikael Mouse|move: Protect
|move|p1a: PokeVic|Wood Hammer|p2b: Mikael Mouse
|-activate|p2b: Mikael Mouse|move: Protect
|move|p2a: RC|Parting Shot|p1a: PokeVic
|-unboost|p1a: PokeVic|atk|1
|-unboost|p1a: PokeVic|spa|1
|c|Ōśågokturkxd|wp =)
|c|Ōśåroot2iris|what are any of those plays
|
|t:|1756223396
|switch|p2a: Oathkeeper|Pelipper, L50, F, shiny|38/100|[from] Parting Shot
|
|-weather|RainDance|[upkeep]
|-heal|p1b: Whimsicott|92/100|[from] Grassy Terrain
|-heal|p2b: Mikael Mouse|91/100|[from] Grassy Terrain
|upkeep
|turn|16
|c|Ōśågokturkxd|idk
|c|Ōśågokturkxd|I'm watching a stream
|c|Ōśågokturkxd|and gifted you game 1 xD
|c|Ōśågokturkxd|if you want a proper bo3, let me know after this one
|inactive|gokturkxd has 30 seconds left.
|c|Ōśågokturkxd|otherwise gl on ladder
|inactive|gokturkxd has 20 seconds left.
|c|Ōśågokturkxd|I'll get this elo back in a moment
|inactive|gokturkxd has 15 seconds left.
|
|t:|1756223438
|switch|p2a: RC|Incineroar, L50, F|100/100
|-ability|p2a: RC|Intimidate|boost
|-unboost|p1a: PokeVic|atk|1
|-unboost|p1b: Whimsicott|atk|1
|move|p1b: Whimsicott|Moonblast|p2b: Mikael Mouse
|-damage|p2b: Mikael Mouse|76/100
|move|p1a: PokeVic|Wood Hammer|p2b: Mikael Mouse
|-damage|p2b: Mikael Mouse|43/100
|-damage|p1a: PokeVic|88/100|[from] Recoil
|move|p2b: Mikael Mouse|Pollen Puff|p1a: PokeVic
|-supereffective|p1a: PokeVic
|-damage|p1a: PokeVic|60/100
|
|-weather|none
|-heal|p1b: Whimsicott|98/100|[from] Grassy Terrain
|-heal|p1a: PokeVic|66/100|[from] Grassy Terrain
|-heal|p2b: Mikael Mouse|48/100|[from] Grassy Terrain
|-sideend|p1: gokturkxd|move: Tailwind
|upkeep
|turn|17
|c|Ōśåroot2iris|playing for nothing is never a proper bo3 but you constantly needing to big up your ego sure is something
|c|Ōśågokturkxd|Nope lmao
|c|Ōśågokturkxd|I'm watching a Twitch stream
|inactive|root2iris has 30 seconds left.
|c|Ōśågokturkxd|That's why I almost did not play g1
|
|t:|1756223468
|move|p2b: Mikael Mouse|Protect|p2b: Mikael Mouse
|-singleturn|p2b: Mikael Mouse|Protect
|move|p1b: Whimsicott|Moonblast|p2b: Mikael Mouse
|-activate|p2b: Mikael Mouse|move: Protect
|move|p2a: RC|Parting Shot|p1a: PokeVic
|-unboost|p1a: PokeVic|atk|1
|-unboost|p1a: PokeVic|spa|1
|
|t:|1756223476
|switch|p2a: Oathkeeper|Pelipper, L50, F, shiny|38/100|[from] Parting Shot
|-weather|RainDance|[from] ability: Drizzle|[of] p2a: Oathkeeper
|move|p1a: PokeVic|High Horsepower|p2a: Oathkeeper
|-immune|p2a: Oathkeeper
|
|-weather|RainDance|[upkeep]
|-heal|p1b: Whimsicott|100/100|[from] Grassy Terrain
|-heal|p1a: PokeVic|72/100|[from] Grassy Terrain
|-heal|p2b: Mikael Mouse|54/100|[from] Grassy Terrain
|upkeep
|turn|18
|c|Ōśågokturkxd|did not even select the lead and the back xdxd
|c|Ōśågokturkxd|it selected by itself because of the timer
|
|t:|1756223493
|switch|p2b: RC|Incineroar, L50, F|100/100
|-ability|p2b: RC|Intimidate|boost
|-unboost|p1a: PokeVic|atk|1
|-unboost|p1b: Whimsicott|atk|0
|move|p1b: Whimsicott|Moonblast|p2b: RC
|-damage|p2b: RC|84/100
|move|p2a: Oathkeeper|Hurricane|p1a: PokeVic
|-supereffective|p1a: PokeVic
|-damage|p1a: PokeVic|0 fnt
|faint|p1a: PokeVic
|
|-weather|RainDance|[upkeep]
|-heal|p2b: RC|90/100|[from] Grassy Terrain
|upkeep
|turn|19
|
|t:|1756223508
|switch|p2a: Mikael Mouse|Amoonguss, L50, F, tera:Fairy|88/100
|move|p1b: Whimsicott|Moonblast|p2a: Mikael Mouse
|-damage|p2a: Mikael Mouse|72/100
|move|p2b: RC|Knock Off|p1b: Whimsicott
|-resisted|p1b: Whimsicott
|-damage|p1b: Whimsicott|76/100
|-enditem|p1b: Whimsicott|Covert Cloak|[from] move: Knock Off|[of] p2b: RC
|
|-weather|RainDance|[upkeep]
|-heal|p1b: Whimsicott|82/100|[from] Grassy Terrain
|-heal|p2b: RC|96/100|[from] Grassy Terrain
|-heal|p2a: Mikael Mouse|78/100|[from] Grassy Terrain
|-fieldend|move: Grassy Terrain
|upkeep
|turn|20
|c|Ōśågokturkxd|no need to get angry lol
|c|Ōśågokturkxd|you get gifted game 1 and basically game 2
|inactive|gokturkxd has 30 seconds left.
|
|t:|1756223534
|move|p1b: Whimsicott|Moonblast|p2a: Mikael Mouse
|-damage|p2a: Mikael Mouse|64/100
|move|p2b: RC|Parting Shot|p1b: Whimsicott
|-unboost|p1b: Whimsicott|atk|0
|-unboost|p1b: Whimsicott|spa|1
|c|Ōśågokturkxd|and still will find something to get mad about
|c|Ōśågokturkxd|lmao
|
|t:|1756223541
|switch|p2b: Oathkeeper|Pelipper, L50, F, shiny|38/100|[from] Parting Shot
|move|p2a: Mikael Mouse|Pollen Puff|p2b: Oathkeeper
|-heal|p2b: Oathkeeper|88/100
|
|-weather|RainDance|[upkeep]
|upkeep
|turn|21
|
|t:|1756223554
|move|p1b: Whimsicott|Moonblast|p2a: Mikael Mouse
|-damage|p2a: Mikael Mouse|54/100
|move|p2b: Oathkeeper|Hurricane|p1b: Whimsicott
|-supereffective|p1b: Whimsicott
|-damage|p1b: Whimsicott|0 fnt
|faint|p1b: Whimsicott
|
|win|root2iris
|raw|gokturkxd's rating: 1262 → 1234(-28 for losing)
|raw|root2iris's rating: 1227 → 1255(+28 for winning)
|c|Ōśågokturkxd|GG wp =)
|c|Ōśågokturkxd|that's all
