|j|☆Amonio
|j|☆habeebomarali123
|html|Amoniohabeebomarali123    
|uhtml|bestof|Game 2 of a best-of-3
|t:|1756316851
|gametype|doubles
|player|p1|Amonio|101|1028
|player|p2|habeebomarali123|giovanni|1033
|gen|9
|tier|[Gen 9] VGC 2025 Reg H (Bo3)
|rated|
|rule|Species Clause: Limit one of each Pokémon
|rule|Item Clause: Limit 1 of each item
|clearpoke
|poke|p1|Ursaluna-Bloodmoon, L50, M|
|poke|p1|Clefable, L50, F|
|poke|p1|Incineroar, L50, F|
|poke|p1|Farigiraf, L50, F|
|poke|p1|Gholdengo, L50|
|poke|p1|Flamigo, L50, F|
|poke|p2|Rillaboom, L50, M|
|poke|p2|Volcarona, L50, M|
|poke|p2|Ninetales, L50, M|
|poke|p2|Clefable, L50, M|
|poke|p2|Dragonite, L50, M|
|poke|p2|Snorlax, L50, M|
|teampreview|4
|showteam|p1|Ursaluna-Bloodmoon||LifeOrb|MindsEye|HyperVoice,BloodMoon,EarthPower,Protect|||M|||50|,,,,,Normal]Clefable||SitrusBerry|Unaware|FollowMe,Protect,Moonblast,MistyTerrain|||F|||50|,,,,,Water]Incineroar||AssaultVest|Intimidate|KnockOff,Uturn,FlareBlitz,FakeOut|||F|||50|,,,,,Grass]Farigiraf||ThroatSpray|ArmorTail|HyperVoice,TrickRoom,Psychic,Protect|||F|||50|,,,,,Water]Gholdengo||MetalCoat|GoodasGold|NastyPlot,MakeItRain,ShadowBall,Protect||||||50|,,,,,Dragon]Flamigo||FocusSash|Scrappy|CloseCombat,DualWingbeat,WideGuard,Protect|||F|||50|,,,,,Stellar
|showteam|p2|Rillaboom||AssaultVest|GrassySurge|FakeOut,GrassyGlide,HighHorsepower,WoodHammer|||M|||50|,,,,,Fire]Volcarona||GrassySeed|FlameBody|Protect,QuiverDance,TeraBlast,HeatWave|||M|||50|,,,,,Fairy]Ninetales||EjectPack|Drought|Protect,HelpingHand,SunnyDay,Overheat|||M|||50|,,,,,Ghost]Clefable||SafetyGoggles|Unaware|Protect,FollowMe,LifeDew,IcyWind|||M|||50|,,,,,Ghost]Dragonite||LoadedDice|Multiscale|Tailwind,ExtremeSpeed,Haze,ScaleShot|||M|||50|,,,,,Fairy]Snorlax||Leftovers|ThickFat|BodyPress,SleepTalk,Swallow,Stockpile|||M|||50|,,,,,Ghost
|
|t:|1756316874
|teamsize|p1|4
|teamsize|p2|4
|start
|switch|p1a: Incineroar|Incineroar, L50, F|100/100
|switch|p1b: Flamigo|Flamigo, L50, F|100/100
|switch|p2a: Volcarona|Volcarona, L50, M|100/100
|switch|p2b: Rillaboom|Rillaboom, L50, M|100/100
|-fieldstart|move: Grassy Terrain|[from] ability: Grassy Surge|[of] p2b: Rillaboom
|-enditem|p2a: Volcarona|Grassy Seed
|-boost|p2a: Volcarona|def|1|[from] item: Grassy Seed
|-ability|p1a: Incineroar|Intimidate|boost
|-unboost|p2a: Volcarona|atk|1
|-unboost|p2b: Rillaboom|atk|1
|turn|1
|c|☆habeebomarali123|!dt scrappy
|raw|Scrappy Fighting, Normal moves hit Ghost. Immune to Intimidate. 
|raw|Gen: 4

|
|t:|1756316897
|move|p1b: Flamigo|Protect|p1b: Flamigo
|-singleturn|p1b: Flamigo|Protect
|move|p2b: Rillaboom|Fake Out|p1b: Flamigo
|-activate|p1b: Flamigo|move: Protect
|move|p1a: Incineroar|Fake Out|p2a: Volcarona
|-damage|p2a: Volcarona|89/100
|cant|p2a: Volcarona|flinch
|
|-heal|p2a: Volcarona|95/100|[from] Grassy Terrain
|upkeep
|turn|2
|
|t:|1756316931
|-terastallize|p2a: Volcarona|Fairy
|move|p2b: Rillaboom|Grassy Glide|p1b: Flamigo
|-resisted|p1b: Flamigo
|-damage|p1b: Flamigo|84/100
|move|p1b: Flamigo|Dual Wingbeat|p2b: Rillaboom
|-supereffective|p2b: Rillaboom
|-damage|p2b: Rillaboom|68/100
|-supereffective|p2b: Rillaboom
|-damage|p2b: Rillaboom|36/100
|-hitcount|p2b: Rillaboom|2
|move|p2a: Volcarona|Tera Blast|p1b: Flamigo|[anim] Tera Blast Fairy
|-supereffective|p1b: Flamigo
|-damage|p1b: Flamigo|0 fnt
|faint|p1b: Flamigo
|move|p1a: Incineroar|Flare Blitz|p2b: Rillaboom
|-supereffective|p2b: Rillaboom
|-damage|p2b: Rillaboom|0 fnt
|faint|p2b: Rillaboom
|-damage|p1a: Incineroar|89/100|[from] Recoil
|
|-heal|p2a: Volcarona|100/100|[from] Grassy Terrain
|-heal|p1a: Incineroar|95/100|[from] Grassy Terrain
|upkeep
|
|t:|1756316948
|switch|p1b: Ursaluna|Ursaluna-Bloodmoon, L50, M|100/100
|switch|p2b: Snorlax|Snorlax, L50, M|100/100
|turn|3
|
|t:|1756316966
|move|p1b: Ursaluna|Protect|p1b: Ursaluna
|-singleturn|p1b: Ursaluna|Protect
|move|p2a: Volcarona|Quiver Dance|p2a: Volcarona
|-boost|p2a: Volcarona|spa|1
|-boost|p2a: Volcarona|spd|1
|-boost|p2a: Volcarona|spe|1
|move|p1a: Incineroar|U-turn|p2a: Volcarona
|-resisted|p2a: Volcarona
|-damage|p2a: Volcarona|90/100
|
|t:|1756316972
|switch|p1a: Clefable|Clefable, L50, F|100/100|[from] U-turn
|move|p2b: Snorlax|Stockpile|p2b: Snorlax
|-start|p2b: Snorlax|stockpile1
|-boost|p2b: Snorlax|def|1
|-boost|p2b: Snorlax|spd|1
|
|-heal|p2a: Volcarona|97/100|[from] Grassy Terrain
|upkeep
|turn|4
|
|t:|1756316996
|move|p1a: Clefable|Follow Me|p1a: Clefable
|-singleturn|p1a: Clefable|move: Follow Me
|move|p2a: Volcarona|Quiver Dance|p2a: Volcarona
|-boost|p2a: Volcarona|spa|1
|-boost|p2a: Volcarona|spd|1
|-boost|p2a: Volcarona|spe|1
|move|p1b: Ursaluna|Hyper Voice|p2a: Volcarona|[spread] p2a,p2b
|-crit|p2b: Snorlax
|-damage|p2a: Volcarona|70/100
|-damage|p2b: Snorlax|52/100
|-damage|p1b: Ursaluna|91/100|[from] item: Life Orb
|move|p2b: Snorlax|Stockpile|p2b: Snorlax
|-start|p2b: Snorlax|stockpile2
|-boost|p2b: Snorlax|def|1
|-boost|p2b: Snorlax|spd|1
|
|-heal|p2a: Volcarona|76/100|[from] Grassy Terrain
|-heal|p1b: Ursaluna|97/100|[from] Grassy Terrain
|-heal|p2b: Snorlax|58/100|[from] Grassy Terrain
|-heal|p2b: Snorlax|64/100|[from] item: Leftovers
|upkeep
|turn|5
|inactive|Battle timer is ON: inactive players will automatically lose when time's up. (requested by Amonio)
|
|t:|1756317050
|-terastallize|p1b: Ursaluna|Normal
|move|p1a: Clefable|Follow Me|p1a: Clefable
|-singleturn|p1a: Clefable|move: Follow Me
|move|p2a: Volcarona|Heat Wave|p1b: Ursaluna|[spread] p1a,p1b
|-damage|p1a: Clefable|63/100
|-damage|p1b: Ursaluna|11/100
|move|p1b: Ursaluna|Blood Moon|p2b: Snorlax
|-damage|p2b: Snorlax|21/100
|-damage|p1b: Ursaluna|1/100|[from] item: Life Orb
|move|p2b: Snorlax|Body Press|p1a: Clefable
|-resisted|p1a: Clefable
|-crit|p1a: Clefable
|-damage|p1a: Clefable|50/100
|-enditem|p1a: Clefable|Sitrus Berry|[eat]
|-heal|p1a: Clefable|75/100|[from] item: Sitrus Berry
|
|-heal|p2a: Volcarona|83/100|[from] Grassy Terrain
|-heal|p1a: Clefable|81/100|[from] Grassy Terrain
|-heal|p1b: Ursaluna|8/100|[from] Grassy Terrain
|-heal|p2b: Snorlax|27/100|[from] Grassy Terrain
|-heal|p2b: Snorlax|33/100|[from] item: Leftovers
|-fieldend|move: Grassy Terrain
|upkeep
|turn|6
|
|t:|1756317076
|move|p1b: Ursaluna|Protect|p1b: Ursaluna
|-singleturn|p1b: Ursaluna|Protect
|move|p2a: Volcarona|Heat Wave|p1a: Clefable|[spread] p1a
|-activate|p1b: Ursaluna|move: Protect
|-damage|p1a: Clefable|44/100
|move|p1a: Clefable|Moonblast|p2b: Snorlax
|-damage|p2b: Snorlax|14/100
|move|p2b: Snorlax|Body Press|p1a: Clefable
|-resisted|p1a: Clefable
|-damage|p1a: Clefable|34/100
|
|-heal|p2b: Snorlax|20/100|[from] item: Leftovers
|upkeep
|turn|7
|
|t:|1756317098
|move|p2a: Volcarona|Heat Wave|p1a: Clefable|[spread] p1a,p1b
|-damage|p1a: Clefable|0 fnt
|-damage|p1b: Ursaluna|0 fnt
|faint|p1a: Clefable
|faint|p1b: Ursaluna
|move|p2b: Snorlax|Swallow|p2b: Snorlax
|-heal|p2b: Snorlax|69/100
|-unboost|p2b: Snorlax|def|2
|-unboost|p2b: Snorlax|spd|2
|-end|p2b: Snorlax|Stockpile
|
|-heal|p2b: Snorlax|75/100|[from] item: Leftovers
|upkeep
|c|☆Amonio|gg
|-message|Amonio forfeited.
|
|win|habeebomarali123
|raw|Amonio's rating: 1028 → 1014(-14 for losing)
|raw|habeebomarali123's rating: 1033 → 1068(+35 for winning)
|c|☆habeebomarali123|gg
|l|☆Amonio
|player|p1|
