|j|☆spellbreakvgc
|j|☆LastHorzion
|html|spellbreakvgcLastHorzion    
|uhtml|bestof|Game 1 of a best-of-3
|t:|1757713596
|gametype|doubles
|player|p1|spellbreakvgc|lance|1102
|player|p2|LastHorzion|steven|1154
|gen|9
|tier|[Gen 9] VGC 2025 Reg H (Bo3)
|rated|
|rule|Species Clause: Limit one of each Pokémon
|rule|Item Clause: Limit 1 of each item
|clearpoke
|poke|p1|Dondozo, L50, M|
|poke|p1|Sneasler, L50, F|
|poke|p1|Ursaluna-Bloodmoon, L50, M|
|poke|p1|Indeedee, L50, M|
|poke|p1|Tatsugiri, L50, F|
|poke|p1|Whimsicott, L50, F|
|poke|p2|Sneasler, L50, F|
|poke|p2|Whimsicott, L50, M|
|poke|p2|Typhlosion-Hisui, L50, M|
|poke|p2|Indeedee, L50, M|
|poke|p2|Dragapult, L50, F|
|poke|p2|Ursaluna-Bloodmoon, L50, M|
|teampreview|4
|showteam|p1|Dondozo||Leftovers|Unaware|WaveCrash,OrderUp,Earthquake,Protect|||M|||50|,,,,,Grass]Sneasler||PsychicSeed|Unburden|DireClaw,CloseCombat,ThroatChop,Protect|||F|||50|,,,,,Dark]Ursaluna-Bloodmoon||LifeOrb|MindsEye|BloodMoon,HyperVoice,EarthPower,Protect|||M|||50|,,,,,Normal]Indeedee||FocusSash|PsychicSurge|ExpandingForce,TeraBlast,HelpingHand,Protect|||M|||50|,,,,,Psychic]Tatsugiri||SafetyGoggles|Commander|DracoMeteor,MuddyWater,HelpingHand,Protect|||F|||50|,,,,,Normal]Whimsicott||CovertCloak|Prankster|Moonblast,Tailwind,LightScreen,HelpingHand|||F|||50|,,,,,Poison
|showteam|p2|Sneasler||PsychicSeed|Unburden|CloseCombat,DireClaw,ThroatChop,Protect|||F|||50|,,,,,Dark]Whimsicott||CovertCloak|Prankster|Tailwind,Moonblast,Encore,SunnyDay|||M|||50|,,,,,Water]Typhlosion-Hisui||ChoiceScarf|Blaze|Eruption,ShadowBall,HeatWave,Overheat|||M|||50|,,,,,Fire]Indeedee||FocusSash|PsychicSurge|ExpandingForce,TeraBlast,Imprison,TrickRoom|||M|||50|,,,,,Ground]Dragapult||ChoiceBand|ClearBody|DragonDarts,Uturn,PhantomForce,Outrage|||F|||50|,,,,,Dragon]Ursaluna-Bloodmoon||LifeOrb|MindsEye|BloodMoon,EarthPower,HyperVoice,Protect|||M|||50|,,,,,Ghost
|inactive|Battle timer is ON: inactive players will automatically lose when time's up. (requested by LastHorzion)
|inactive|spellbreakvgc has 60 seconds left.
|
|t:|1757713627
|teamsize|p1|4
|teamsize|p2|4
|start
|switch|p1a: Sneasler|Sneasler, L50, F|100/100
|switch|p1b: Indeedee|Indeedee, L50, M|100/100
|switch|p2a: Whimsicott|Whimsicott, L50, M|100/100
|switch|p2b: Indeedee|Indeedee, L50, M, shiny|100/100
|-fieldstart|move: Psychic Terrain|[from] ability: Psychic Surge|[of] p1b: Indeedee
|-enditem|p1a: Sneasler|Psychic Seed
|-boost|p1a: Sneasler|spd|1|[from] item: Psychic Seed
|turn|1
|
|t:|1757713649
|-terastallize|p1a: Sneasler|Dark
|move|p2a: Whimsicott|Tailwind|p2a: Whimsicott
|-sidestart|p2: LastHorzion|move: Tailwind
|move|p1a: Sneasler|Dire Claw|p2a: Whimsicott
|-supereffective|p2a: Whimsicott
|-damage|p2a: Whimsicott|0 fnt
|faint|p2a: Whimsicott
|move|p2b: Indeedee|Imprison|p2b: Indeedee
|-start|p2b: Indeedee|move: Imprison
|cant|p1b: Indeedee|move: Imprison|Expanding Force
|
|upkeep
|
|t:|1757713668
|switch|p2a: Sneasler|Sneasler, L50, F|100/100
|-enditem|p2a: Sneasler|Psychic Seed
|-boost|p2a: Sneasler|spd|1|[from] item: Psychic Seed
|turn|2
|
|t:|1757713678
|switch|p1a: Tatsugiri|Tatsugiri, L50, F|100/100
|switch|p1b: Dondozo|Dondozo, L50, M|100/100
|-activate|p1a: Tatsugiri|ability: Commander|[of] p1b: Dondozo
|-boost|p1b: Dondozo|atk|2
|-boost|p1b: Dondozo|spa|2
|-boost|p1b: Dondozo|spe|2
|-boost|p1b: Dondozo|def|2
|-boost|p1b: Dondozo|spd|2
|move|p2a: Sneasler|Close Combat|p1a: Tatsugiri|[miss]
|-miss|p2a: Sneasler|p1a: Tatsugiri
|move|p2b: Indeedee|Expanding Force|p1b: Dondozo|[spread] p1b
|-miss|p2b: Indeedee|p1a: Tatsugiri
|-damage|p1b: Dondozo|74/100
|
|-heal|p1b: Dondozo|80/100|[from] item: Leftovers
|upkeep
|turn|3
|inactive|spellbreakvgc has 30 seconds left.
|
|t:|1757713710
|move|p1b: Dondozo|Protect|p1b: Dondozo
|-singleturn|p1b: Dondozo|Protect
|move|p2a: Sneasler|Dire Claw|p1b: Dondozo
|-activate|p1b: Dondozo|move: Protect
|move|p2b: Indeedee|Expanding Force|p1b: Dondozo|[spread] 
|-miss|p2b: Indeedee|p1a: Tatsugiri
|-activate|p1b: Dondozo|move: Protect
|
|-heal|p1b: Dondozo|86/100|[from] item: Leftovers
|upkeep
|turn|4
|
|t:|1757713730
|-terastallize|p2a: Sneasler|Dark
|move|p2a: Sneasler|Dire Claw|p1b: Dondozo
|-damage|p1b: Dondozo|70/100
|move|p2b: Indeedee|Expanding Force|p1a: Tatsugiri|[spread] p1b
|-miss|p2b: Indeedee|p1a: Tatsugiri
|-damage|p1b: Dondozo|46/100
|move|p1b: Dondozo|Earthquake|p2b: Indeedee|[spread] p2a,p2b
|-miss|p1b: Dondozo|p1a: Tatsugiri
|-damage|p2a: Sneasler|35/100
|-damage|p2b: Indeedee|23/100
|
|-heal|p1b: Dondozo|52/100|[from] item: Leftovers
|-sideend|p2: LastHorzion|move: Tailwind
|upkeep
|turn|5
|
|t:|1757713752
|move|p1b: Dondozo|Protect|p1b: Dondozo
|-singleturn|p1b: Dondozo|Protect
|move|p2a: Sneasler|Dire Claw|p1b: Dondozo
|-activate|p1b: Dondozo|move: Protect
|move|p2b: Indeedee|Expanding Force|p1b: Dondozo|[spread] 
|-miss|p2b: Indeedee|p1a: Tatsugiri
|-activate|p1b: Dondozo|move: Protect
|
|-heal|p1b: Dondozo|58/100|[from] item: Leftovers
|-fieldend|move: Psychic Terrain
|upkeep
|turn|6
|
|t:|1757713763
|switch|p2b: Dragapult|Dragapult, L50, F, shiny|100/100
|move|p2a: Sneasler|Dire Claw|p1b: Dondozo
|-damage|p1b: Dondozo|42/100
|move|p1b: Dondozo|Earthquake|p2b: Dragapult|[spread] p2a,p2b
|-miss|p1b: Dondozo|p1a: Tatsugiri
|-damage|p2a: Sneasler|0 fnt
|-damage|p2b: Dragapult|47/100
|faint|p2a: Sneasler
|
|-heal|p1b: Dondozo|48/100|[from] item: Leftovers
|upkeep
|
|t:|1757713772
|switch|p2a: Indeedee|Indeedee, L50, M, shiny|23/100
|-fieldstart|move: Psychic Terrain|[from] ability: Psychic Surge|[of] p2a: Indeedee
|turn|7
|
|t:|1757713783
|move|p1b: Dondozo|Protect|p1b: Dondozo
|-singleturn|p1b: Dondozo|Protect
|move|p2b: Dragapult|Dragon Darts|p1b: Dondozo
|-activate|p1b: Dondozo|move: Protect
|move|p2a: Indeedee|Expanding Force|p1b: Dondozo|[spread] 
|-miss|p2a: Indeedee|p1a: Tatsugiri
|-activate|p1b: Dondozo|move: Protect
|
|-heal|p1b: Dondozo|54/100|[from] item: Leftovers
|upkeep
|turn|8
|
|t:|1757713789
|move|p2b: Dragapult|Dragon Darts|p1b: Dondozo
|-damage|p1b: Dondozo|39/100
|-anim|p2b: Dragapult|Dragon Darts|p1b: Dondozo
|-damage|p1b: Dondozo|24/100
|move|p1b: Dondozo|Earthquake|p2b: Dragapult|[spread] p2a,p2b
|-miss|p1b: Dondozo|p1a: Tatsugiri
|-damage|p2a: Indeedee|0 fnt
|-damage|p2b: Dragapult|0 fnt
|faint|p2a: Indeedee
|faint|p2b: Dragapult
|
|win|spellbreakvgc
||spellbreakvgc is ready for game 2.
||LastHorzion is ready for game 2.
|uhtml|next|Next: Game 2 of 3
