|j|☆laseboya
|j|☆d1mo22
|html|laseboyad1mo22    
|uhtml|bestof|Game 1 of a best-of-3
|t:|1785259092
|gametype|doubles
|player|p1|laseboya|idol|1456
|player|p2|d1mo22|skier|1357
|gen|9
|tier|[Gen 9 Champions] VGC 2026 Reg M-B (Bo3)
|rated|
|rule|Species Clause: Limit one of each Pokémon
|rule|Item Clause: Limit 1 of each item
|clearpoke
|poke|p1|Charizard, L50, M|
|poke|p1|Glimmora, L50, M|
|poke|p1|Kommo-o, L50, M|
|poke|p1|Kingambit, L50, M|
|poke|p1|Ninetales-Alola, L50, F|
|poke|p1|Whimsicott, L50, F|
|poke|p2|Raichu, L50, F|
|poke|p2|Gyarados, L50, M, shiny|
|poke|p2|Mamoswine, L50, F|
|poke|p2|Ceruledge, L50, M|
|poke|p2|Sinistcha, L50|
|poke|p2|Kingambit, L50, M, shiny|
|teampreview|4
|showteam|p1|Charizard||CharizarditeY|Blaze|WeatherBall,SolarBeam,HeatWave,Protect|Modest||M|||50|]Glimmora||Glimmoranite|ToxicDebris|SludgeBomb,PowerGem,EarthPower,SpikyShield|Modest||M|||50|]Kommo-o||LifeOrb|Overcoat|ClangingScales,VacuumWave,AuraSphere,Protect|Modest||M|||50|]Kingambit||BlackGlasses|Defiant|KowtowCleave,SuckerPunch,IronHead,Protect|Adamant||M|||50|]Ninetales-Alola||NeverMeltIce|SnowWarning|FreezeDry,Blizzard,Disable,Protect|Timid||F|||50|]Whimsicott||FocusSash|Prankster|Moonblast,Tailwind,Encore,Protect|Timid||F|||50|
|showteam|p2|Raichu||RaichuniteY|LightningRod|FakeOut,Encore,ZapCannon,FocusBlast|Timid||F|||50|]Gyarados||Gyaradosite|Intimidate|LashOut,Waterfall,DragonDance,Protect|Adamant||M|||50|]Mamoswine||LifeOrb|Oblivious|Protect,IcicleCrash,IceShard,HighHorsepower|Jolly||F|||50|]Ceruledge||ColburBerry|FlashFire|BitterBlade,ShadowSneak,BulkUp,Protect|Adamant||M|||50|]Sinistcha||SitrusBerry|Hospitality|Protect,RagePowder,MatchaGotcha,LifeDew|Bold|||||50|]Kingambit||FocusSash|Defiant|Protect,SuckerPunch,KowtowCleave,IronHead|Adamant||M|||50|
|inactive|Battle timer is ON: inactive players will automatically lose when time's up. (requested by d1mo22)
|inactive|laseboya has 60 seconds left.
|inactive|d1mo22 has 60 seconds left.
|inactive|d1mo22 has 30 seconds left.
|
|t:|1785259152
|teamsize|p1|4
|teamsize|p2|4
|start
|switch|p1a: Glimmora|Glimmora, L50, M|100/100
|switch|p1b: Whimsicott|Whimsicott, L50, F|100/100
|switch|p2a: Raichu|Raichu, L50, F|100/100
|switch|p2b: Mamoswine|Mamoswine, L50, F|100/100
|turn|1
|
|t:|1785259168
|move|p1b: Whimsicott|Protect|p1b: Whimsicott
|-singleturn|p1b: Whimsicott|Protect
|move|p1a: Glimmora|Spiky Shield|p1a: Glimmora
|-singleturn|p1a: Glimmora|move: Protect
|move|p2a: Raichu|Fake Out|p1b: Whimsicott
|-activate|p1b: Whimsicott|move: Protect
|move|p2b: Mamoswine|Ice Shard|p1a: Glimmora
|-activate|p1a: Glimmora|move: Protect
|
|upkeep
|turn|2
|inactive|d1mo22 has 30 seconds left.
|inactive|d1mo22 has 20 seconds left.
|inactive|d1mo22 has 15 seconds left.
|inactive|d1mo22 has 10 seconds left.
|
|t:|1785259215
|switch|p2a: Gyarados|Gyarados, L50, M, shiny|100/100
|-ability|p2a: Gyarados|Intimidate|boost
|-unboost|p1a: Glimmora|atk|1
|-unboost|p1b: Whimsicott|atk|1
|detailschange|p1a: Glimmora|Glimmora-Mega, L50, M
|-mega|p1a: Glimmora|Glimmora|Glimmoranite
|move|p1b: Whimsicott|Encore||[still]
|-fail|p1b: Whimsicott
|move|p1a: Glimmora|Power Gem|p2b: Mamoswine
|-damage|p2b: Mamoswine|5/100
|move|p2b: Mamoswine|High Horsepower|p1a: Glimmora|[miss]
|-miss|p2b: Mamoswine|p1a: Glimmora
|
|upkeep
|turn|3
|inactive|d1mo22 has 30 seconds left.
|inactive|d1mo22 has 20 seconds left.
|
|t:|1785259250
|detailschange|p2a: Gyarados|Gyarados-Mega, L50, M, shiny
|-mega|p2a: Gyarados|Gyarados|Gyaradosite
|-ability|p2a: Gyarados|Mold Breaker
|move|p2b: Mamoswine|Protect|p2b: Mamoswine
|-singleturn|p2b: Mamoswine|Protect
|move|p1b: Whimsicott|Moonblast|p2a: Gyarados
|-supereffective|p2a: Gyarados|1
|-damage|p2a: Gyarados|52/100
|move|p1a: Glimmora|Power Gem|p2a: Gyarados
|-damage|p2a: Gyarados|0 fnt
|faint|p2a: Gyarados
|
|upkeep
|
|t:|1785259262
|switch|p2a: Raichu|Raichu, L50, F|100/100
|turn|4
|
|t:|1785259277
|move|p1b: Whimsicott|Protect|p1b: Whimsicott
|-singleturn|p1b: Whimsicott|Protect
|move|p1a: Glimmora|Spiky Shield|p1a: Glimmora
|-singleturn|p1a: Glimmora|move: Protect
|move|p2a: Raichu|Fake Out|p1b: Whimsicott
|-activate|p1b: Whimsicott|move: Protect
|move|p2b: Mamoswine|High Horsepower|p1a: Glimmora
|-activate|p1a: Glimmora|move: Protect
|-damage|p2b: Mamoswine|0 fnt|[from] Spiky Shield|[of] p1a: Glimmora
|faint|p2b: Mamoswine
|
|upkeep
|
|t:|1785259280
|switch|p2b: Sinistcha|Sinistcha, L50|100/100
|turn|5
|
|t:|1785259288
|move|p1b: Whimsicott|Encore|p2a: Raichu
|-start|p2a: Raichu|Encore
|move|p2a: Raichu|Fake Out||[still]
|-hint|Fake Out only works on your first turn out.
|-fail|p2a: Raichu
|move|p1a: Glimmora|Sludge Bomb|p2b: Sinistcha
|-damage|p2b: Sinistcha|26/100
|-enditem|p2b: Sinistcha|Sitrus Berry|[eat]
|-heal|p2b: Sinistcha|51/100|[from] item: Sitrus Berry
|move|p2b: Sinistcha|Matcha Gotcha|p1a: Glimmora|[spread] p1a
|-miss|p2b: Sinistcha|p1b: Whimsicott
|-damage|p1a: Glimmora|69/100
|-heal|p2b: Sinistcha|65/100|[from] drain|[of] p1a: Glimmora
|
|upkeep
|turn|6
|
|t:|1785259293
|move|p1b: Whimsicott|Moonblast|p2a: Raichu
|-damage|p2a: Raichu|56/100
|-activate|p2a: Raichu|move: Struggle
|move|p2a: Raichu|Struggle|p1a: Glimmora
|-damage|p1a: Glimmora|57/100
|-damage|p2a: Raichu|31/100|[from] recoil
|move|p1a: Glimmora|Sludge Bomb|p2b: Sinistcha
|-damage|p2b: Sinistcha|0 fnt
|faint|p2b: Sinistcha
|
|upkeep
|turn|7
|
|t:|1785259297
|move|p1b: Whimsicott|Moonblast|p2a: Raichu
|-damage|p2a: Raichu|0 fnt
|faint|p2a: Raichu
|
|win|laseboya
