|j|☆javi fuego
|j|☆jit444
|html|javi fuegojit444    
|uhtml|bestof|Game 2 of a best-of-3
|t:|1785754468
|gametype|doubles
|player|p1|javi fuego|265|1343
|player|p2|jit444|dawn|1478
|gen|9
|tier|[Gen 9 Champions] VGC 2026 Reg M-B (Bo3)
|rated|
|rule|Species Clause: Limit one of each Pokémon
|rule|Item Clause: Limit 1 of each item
|clearpoke
|poke|p1|Charizard, L50, M|
|poke|p1|Venusaur, L50, F|
|poke|p1|Archaludon, L50, F|
|poke|p1|Grimmsnarl, L50, M|
|poke|p1|Pelipper, L50, M|
|poke|p1|Basculegion, L50, M|
|poke|p2|Tyranitar, L50, F|
|poke|p2|Excadrill, L50, M|
|poke|p2|Milotic, L50, F|
|poke|p2|Sinistcha, L50|
|poke|p2|Staraptor, L50, F|
|poke|p2|Gholdengo, L50|
|teampreview|4
|showteam|p1|Charizard||CharizarditeY|Blaze|WeatherBall,Protect,HeatWave,SolarBeam|Modest||M|||50|]Venusaur||FocusSash|Chlorophyll|SleepPowder,Protect,SludgeBomb,EarthPower|Modest||F|||50|]Archaludon||Leftovers|Stamina|ElectroShot,Protect,DragonPulse,FlashCannon|Modest||F|||50|]Grimmsnarl||LightClay|Prankster|PartingShot,SpiritBreak,LightScreen,Reflect|Sassy||M|||50|]Pelipper||SitrusBerry|Drizzle|Tailwind,WeatherBall,Hurricane,WideGuard|Modest||M|||50|]Basculegion||ChoiceScarf|Adaptability|LastRespects,WaveCrash,AquaJet,FlipTurn|Jolly||M|||50|
|showteam|p2|Tyranitar||Tyranitarite|SandStream|KnockOff,RockSlide,LowKick,Protect|Jolly||F|||50|]Excadrill||FocusSash|SandRush|HighHorsepower,IronHead,RockSlide,Protect|Jolly||M|||50|]Milotic||SitrusBerry|Competitive|Scald,IcyWind,Haze,Protect|Calm||F|||50|]Sinistcha||ColburBerry|Hospitality|MatchaGotcha,ShadowBall,Protect,RagePowder|Bold|||||50|]Staraptor||Staraptite|Intimidate|CloseCombat,BraveBird,Tailwind,Protect|Jolly||F|||50|]Gholdengo||LifeOrb|GoodasGold|MakeItRain,ShadowBall,NastyPlot,Protect|Modest|||||50|
|inactive|Battle timer is ON: inactive players will automatically lose when time's up. (requested by jit444)
|
|t:|1785754496
|teamsize|p1|4
|teamsize|p2|4
|start
|switch|p1a: Basculegion|Basculegion, L50, M|100/100
|switch|p1b: Grimmsnarl|Grimmsnarl, L50, M|100/100
|switch|p2a: Excadrill|Excadrill, L50, M|100/100
|switch|p2b: Tyranitar|Tyranitar, L50, F|100/100
|-weather|Sandstorm|[from] ability: Sand Stream|[of] p2b: Tyranitar
|turn|1
|
|t:|1785754521
|switch|p2b: Gholdengo|Gholdengo, L50|100/100
|move|p1b: Grimmsnarl|Reflect|p1b: Grimmsnarl
|-sidestart|p1: javi fuego|Reflect
|move|p2a: Excadrill|Iron Head|p1b: Grimmsnarl
|-supereffective|p1b: Grimmsnarl|1
|-damage|p1b: Grimmsnarl|36/100
|move|p1a: Basculegion|Wave Crash|p2b: Gholdengo
|-damage|p2b: Gholdengo|34/100
|-damage|p1a: Basculegion|78/100|[from] Recoil
|
|-weather|Sandstorm|[upkeep]
|-damage|p1a: Basculegion|72/100|[from] Sandstorm
|-damage|p1b: Grimmsnarl|30/100|[from] Sandstorm
|upkeep
|turn|2
|inactive|javi fuego has 30 seconds left.
|inactive|jit444 has 30 seconds left.
|inactive|javi fuego has 20 seconds left.
|inactive|javi fuego has 15 seconds left.
|
|t:|1785754566
|move|p2b: Gholdengo|Protect|p2b: Gholdengo
|-singleturn|p2b: Gholdengo|Protect
|move|p1b: Grimmsnarl|Parting Shot|p2a: Excadrill
|-unboost|p2a: Excadrill|atk|1
|-unboost|p2a: Excadrill|spa|1
|
|t:|1785754571
|switch|p1b: Charizard|Charizard, L50, M|100/100|[from] Parting Shot
|move|p2a: Excadrill|High Horsepower|p1b: Charizard
|-immune|p1b: Charizard
|move|p1a: Basculegion|Wave Crash|p2b: Gholdengo
|-activate|p2b: Gholdengo|move: Protect
|
|-weather|Sandstorm|[upkeep]
|-damage|p1a: Basculegion|66/100|[from] Sandstorm
|-damage|p1b: Charizard|93/100|[from] Sandstorm
|upkeep
|turn|3
|inactive|jit444 has 30 seconds left.
|
|t:|1785754602
|detailschange|p1b: Charizard|Charizard-Mega-Y, L50, M
|-mega|p1b: Charizard|Charizard|Charizardite Y
|-weather|SunnyDay|[from] ability: Drought|[of] p1b: Charizard
|move|p1a: Basculegion|Wave Crash|p2a: Excadrill
|-supereffective|p2a: Excadrill|1
|-damage|p2a: Excadrill|5/100
|-damage|p1a: Basculegion|36/100|[from] Recoil
|move|p2a: Excadrill|Rock Slide|p1a: Basculegion|[spread] p1a,p1b
|-supereffective|p1b: Charizard|2
|-damage|p1a: Basculegion|27/100
|-damage|p1b: Charizard|55/100
|cant|p1b: Charizard|flinch
|move|p2b: Gholdengo|Shadow Ball|p1a: Basculegion
|-supereffective|p1a: Basculegion|1
|-damage|p1a: Basculegion|0 fnt
|faint|p1a: Basculegion
|-damage|p2b: Gholdengo|24/100|[from] item: Life Orb
|
|-weather|SunnyDay|[upkeep]
|upkeep
|
|t:|1785754620
|switch|p1a: Venusaur|Venusaur, L50, F|100/100
|turn|4
|
|t:|1785754628
|switch|p2b: Tyranitar|Tyranitar, L50, F|100/100
|-weather|Sandstorm|[from] ability: Sand Stream|[of] p2b: Tyranitar
|move|p2a: Excadrill|Rock Slide|p1b: Charizard|[spread] p1a,p1b
|-supereffective|p1b: Charizard|2
|-damage|p1a: Venusaur|86/100
|-damage|p1b: Charizard|14/100
|cant|p1b: Charizard|flinch
|move|p1a: Venusaur|Earth Power|p2a: Excadrill
|-supereffective|p2a: Excadrill|1
|-damage|p2a: Excadrill|0 fnt
|faint|p2a: Excadrill
|
|-weather|Sandstorm|[upkeep]
|-damage|p1b: Charizard|8/100|[from] Sandstorm
|-damage|p1a: Venusaur|80/100|[from] Sandstorm
|upkeep
|
|t:|1785754639
|switch|p2a: Staraptor|Staraptor, L50, F|100/100
|-ability|p2a: Staraptor|Intimidate|boost
|-unboost|p1a: Venusaur|atk|1
|-unboost|p1b: Charizard|atk|1
|turn|5
|
|t:|1785754656
|switch|p1b: Grimmsnarl|Grimmsnarl, L50, M|30/100
|move|p2a: Staraptor|Tailwind|p2a: Staraptor
|-sidestart|p2: jit444|move: Tailwind
|move|p2b: Tyranitar|Rock Slide|p1a: Venusaur|[spread] p1a,p1b
|-damage|p1a: Venusaur|54/100
|-damage|p1b: Grimmsnarl|9/100
|cant|p1a: Venusaur|flinch
|
|-weather|Sandstorm|[upkeep]
|-damage|p2a: Staraptor|94/100|[from] Sandstorm
|-damage|p1a: Venusaur|49/100|[from] Sandstorm
|-damage|p1b: Grimmsnarl|3/100|[from] Sandstorm
|upkeep
|turn|6
|inactive|javi fuego has 30 seconds left.
|inactive|jit444 has 30 seconds left.
|inactive|jit444 has 20 seconds left.
|
|t:|1785754691
|switch|p1b: Charizard|Charizard-Mega-Y, L50, M|8/100
|-weather|SunnyDay|[from] ability: Drought|[of] p1b: Charizard
|detailschange|p2b: Tyranitar|Tyranitar-Mega, L50, F
|-mega|p2b: Tyranitar|Tyranitar|Tyranitarite
|-weather|Sandstorm|[from] ability: Sand Stream|[of] p2b: Tyranitar
|move|p2a: Staraptor|Brave Bird|p1a: Venusaur
|-supereffective|p1a: Venusaur|1
|-damage|p1a: Venusaur|0 fnt
|faint|p1a: Venusaur
|-damage|p2a: Staraptor|80/100|[from] Recoil
|move|p2b: Tyranitar|Rock Slide|p1b: Charizard
|-supereffective|p1b: Charizard|2
|-damage|p1b: Charizard|0 fnt
|faint|p1b: Charizard
|
|-weather|Sandstorm|[upkeep]
|-damage|p2a: Staraptor|75/100|[from] Sandstorm
|upkeep
|-message|javi fuego forfeited.
|
|win|jit444
|raw|javi fuego's rating: 1343 → 1330(-13 for losing)
|raw|jit444's rating: 1478 → 1491(+13 for winning)
|l|☆jit444
|player|p2|
