|j|☆SantyAS09
|j|☆sturmkitten69
|html|SantyAS09sturmkitten69    
|uhtml|bestof|Game 3 of a best-of-3
|t:|1782266044
|gametype|doubles
|player|p1|SantyAS09|2|1098
|player|p2|sturmkitten69|fisherman-gen4|1120
|gen|9
|tier|[Gen 9 Champions] VGC 2026 Reg M-B (Bo3)
|rated|
|rule|Species Clause: Limit one of each Pokémon
|rule|Item Clause: Limit 1 of each item
|clearpoke
|poke|p1|Froslass, L50, F, shiny|
|poke|p1|Slowking, L50, M, shiny|
|poke|p1|Rotom-Mow, L50, shiny|
|poke|p1|Incineroar, L50, M, shiny|
|poke|p1|Floette-Eternal, L50, F, shiny|
|poke|p1|Garchomp, L50, M, shiny|
|poke|p2|Sceptile, L50, F|
|poke|p2|Rotom-Heat, L50|
|poke|p2|Garchomp, L50, F|
|poke|p2|Basculegion, L50, M|
|poke|p2|Aerodactyl, L50, F|
|poke|p2|Sylveon, L50, F|
|teampreview|4
|showteam|p1|Froslass||Froslassite|CursedBody|Blizzard,ShadowBall,AuroraVeil,Protect|Modest||F|||50|]Slowking||KasibBerry|Oblivious|PsychicNoise,Scald,TrickRoom,ChillyReception|Calm||M|||50|]Rotom-Mow||WhiteHerb|Levitate|Thunderbolt,LeafStorm,ThunderWave,Protect|Modest|||||50|]Incineroar||PasshoBerry|Intimidate|FlareBlitz,DarkestLariat,FakeOut,PartingShot|Careful||M|||50|]Floette-Eternal||Floettite|FlowerVeil|DrainingKiss,DazzlingGleam,CalmMind,Protect|Modest||F|||50|]Garchomp||LifeOrb|RoughSkin|Earthquake,StompingTantrum,RockSlide,Protect|Adamant||M|||50|
|showteam|p2|Sceptile||Sceptilite|Overgrow|EnergyBall,DragonPulse,Detect,EarthPower|Timid||F|||50|]Rotom-Heat||ChoiceScarf|Levitate|Thunderbolt,Overheat,Discharge,VoltSwitch|Timid|||||50|]Garchomp||LifeOrb|RoughSkin|DragonClaw,Earthquake,RockSlide,Protect|Jolly||F|||50|]Basculegion||SitrusBerry|Adaptability|WaveCrash,LastRespects,AquaJet,Protect|Adamant||M|||50|]Aerodactyl||FocusSash|RockHead|RockSlide,DualWingbeat,Tailwind,WideGuard|Jolly||F|||50|]Sylveon||FairyFeather|CuteCharm|HyperVoice,HyperBeam,QuickAttack,Protect|Modest||F|||50|
|inactive|Battle timer is ON: inactive players will automatically lose when time's up. (requested by SantyAS09)
|inactive|SantyAS09 has 60 seconds left.
|inactive|SantyAS09 has 30 seconds left.
|
|t:|1782266114
|teamsize|p1|4
|teamsize|p2|4
|start
|switch|p1a: Garchomp|Garchomp, L50, M, shiny|100/100
|switch|p1b: Incineroar|Incineroar, L50, M, shiny|100/100
|switch|p2a: Sceptile|Sceptile, L50, F|100/100
|switch|p2b: Aerodactyl|Aerodactyl, L50, F|100/100
|-ability|p1b: Incineroar|Intimidate|boost
|-unboost|p2a: Sceptile|atk|1
|-unboost|p2b: Aerodactyl|atk|1
|turn|1
|inactive|SantyAS09 has 30 seconds left.
|inactive|sturmkitten69 has 30 seconds left.
|inactive|sturmkitten69 has 20 seconds left.
|
|t:|1782266150
|switch|p2b: Rotom|Rotom-Heat, L50|100/100
|move|p2a: Sceptile|Detect|p2a: Sceptile
|-singleturn|p2a: Sceptile|Protect
|move|p1a: Garchomp|Rock Slide|p2b: Rotom|[spread] p2b
|-activate|p2a: Sceptile|move: Protect
|-supereffective|p2b: Rotom|1
|-damage|p2b: Rotom|30/100
|-damage|p1a: Garchomp|90/100|[from] item: Life Orb
|move|p1b: Incineroar|Darkest Lariat|p2b: Rotom
|-damage|p2b: Rotom|0 fnt
|faint|p2b: Rotom
|
|upkeep
|
|t:|1782266163
|switch|p2b: Aerodactyl|Aerodactyl, L50, F|100/100
|turn|2
|
|t:|1782266185
|switch|p1a: Slowking|Slowking, L50, M, shiny|100/100
|detailschange|p2a: Sceptile|Sceptile-Mega, L50, F
|-mega|p2a: Sceptile|Sceptile|Sceptilite
|move|p2a: Sceptile|Earth Power|p1b: Incineroar
|-supereffective|p1b: Incineroar|1
|-damage|p1b: Incineroar|48/100
|move|p2b: Aerodactyl|Tailwind|p2b: Aerodactyl
|-sidestart|p2: sturmkitten69|move: Tailwind
|move|p1b: Incineroar|Parting Shot|p2a: Sceptile
|-unboost|p2a: Sceptile|atk|1
|-unboost|p2a: Sceptile|spa|1
|
|t:|1782266201
|switch|p1b: Froslass|Froslass, L50, F, shiny|100/100|[from] Parting Shot
|
|upkeep
|turn|3
|inactive|sturmkitten69 has 30 seconds left.
|
|t:|1782266234
|detailschange|p1b: Froslass|Froslass-Mega, L50, F, shiny
|-mega|p1b: Froslass|Froslass|Froslassite
|-weather|Snowscape|[from] ability: Snow Warning|[of] p1b: Froslass
|move|p1b: Froslass|Protect|p1b: Froslass
|-singleturn|p1b: Froslass|Protect
|move|p2a: Sceptile|Energy Ball|p1a: Slowking
|-supereffective|p1a: Slowking|1
|-damage|p1a: Slowking|48/100
|move|p2b: Aerodactyl|Rock Slide|p1b: Froslass|[spread] 
|-activate|p1b: Froslass|move: Protect
|-miss|p2b: Aerodactyl|p1a: Slowking
|move|p1a: Slowking|Trick Room|p1a: Slowking
|-fieldstart|move: Trick Room|[of] p1a: Slowking
|
|-weather|Snowscape|[upkeep]
|upkeep
|turn|4
|
|t:|1782266251
|move|p2b: Aerodactyl|Wide Guard|p2b: Aerodactyl
|-singleturn|p2b: Aerodactyl|Wide Guard
|move|p1a: Slowking|Scald|p2b: Aerodactyl
|-supereffective|p2b: Aerodactyl|1
|-damage|p2b: Aerodactyl|23/100
|move|p1b: Froslass|Blizzard|p2b: Aerodactyl|[spread] 
|-activate|p2a: Sceptile|move: Wide Guard
|-activate|p2b: Aerodactyl|move: Wide Guard
|move|p2a: Sceptile|Energy Ball|p1a: Slowking
|-supereffective|p1a: Slowking|1
|-damage|p1a: Slowking|0 fnt
|faint|p1a: Slowking
|
|-weather|Snowscape|[upkeep]
|upkeep
|
|t:|1782266266
|switch|p1a: Incineroar|Incineroar, L50, M, shiny|48/100
|-ability|p1a: Incineroar|Intimidate|boost
|-unboost|p2a: Sceptile|atk|1
|-unboost|p2b: Aerodactyl|atk|1
|turn|5
|
|t:|1782266284
|switch|p2b: Basculegion|Basculegion, L50, M|100/100
|move|p2a: Sceptile|Detect|p2a: Sceptile
|-singleturn|p2a: Sceptile|Protect
|move|p1a: Incineroar|Fake Out|p2b: Basculegion
|-immune|p2b: Basculegion
|move|p1b: Froslass|Blizzard|p2b: Basculegion|[spread] p2b
|-activate|p2a: Sceptile|move: Protect
|-resisted|p2b: Basculegion|1
|-damage|p2b: Basculegion|75/100
|
|-weather|Snowscape|[upkeep]
|-sideend|p2: sturmkitten69|move: Tailwind
|upkeep
|turn|6
|inactive|sturmkitten69 has 30 seconds left.
|inactive|sturmkitten69 has 20 seconds left.
|inactive|sturmkitten69 has 15 seconds left.
|
|t:|1782266327
|switch|p2a: Aerodactyl|Aerodactyl, L50, F|23/100
|move|p2b: Basculegion|Protect|p2b: Basculegion
|-singleturn|p2b: Basculegion|Protect
|move|p1a: Incineroar|Darkest Lariat|p2b: Basculegion
|-activate|p2b: Basculegion|move: Protect
|move|p1b: Froslass|Blizzard|p2b: Basculegion|[spread] p2a
|-activate|p2b: Basculegion|move: Protect
|-supereffective|p2a: Aerodactyl|1
|-damage|p2a: Aerodactyl|0 fnt
|faint|p2a: Aerodactyl
|
|-weather|Snowscape|[upkeep]
|upkeep
|
|t:|1782266339
|switch|p2a: Sceptile|Sceptile-Mega, L50, F|100/100
|turn|7
|
|t:|1782266346
|move|p2a: Sceptile|Detect|p2a: Sceptile
|-singleturn|p2a: Sceptile|Protect
|move|p1a: Incineroar|Darkest Lariat|p2b: Basculegion
|-supereffective|p2b: Basculegion|1
|-damage|p2b: Basculegion|14/100
|-enditem|p2b: Basculegion|Sitrus Berry|[eat]
|-heal|p2b: Basculegion|38/100|[from] item: Sitrus Berry
|move|p2b: Basculegion|Last Respects|p1b: Froslass
|-supereffective|p1b: Froslass|1
|-damage|p1b: Froslass|0 fnt
|faint|p1b: Froslass
|
|-weather|none
|-fieldend|move: Trick Room
|upkeep
|
|t:|1782266356
|switch|p1b: Garchomp|Garchomp, L50, M, shiny|90/100
|turn|8
|inactive|sturmkitten69 has 30 seconds left.
|inactive|sturmkitten69 has 20 seconds left.
|inactive|sturmkitten69 has 15 seconds left.
|
|t:|1782266397
|move|p2a: Sceptile|Dragon Pulse|p1b: Garchomp
|-supereffective|p1b: Garchomp|1
|-damage|p1b: Garchomp|0 fnt
|faint|p1b: Garchomp
|move|p2b: Basculegion|Wave Crash|p1a: Incineroar
|-supereffective|p1a: Incineroar|1
|-enditem|p1a: Incineroar|Passho Berry|[eat]
|-enditem|p1a: Incineroar|Passho Berry|[weaken]
|-damage|p1a: Incineroar|0 fnt
|faint|p1a: Incineroar
|-damage|p2b: Basculegion|22/100|[from] Recoil
|
|win|sturmkitten69
|raw|SantyAS09's rating: 1098 → 1075(-23 for losing)
|raw|sturmkitten69's rating: 1120 → 1143(+23 for winning)
|c|☆sturmkitten69|HHAHAHAHA
|c|☆sturmkitten69|gg
|l|☆SantyAS09
|player|p1|
