|j|☆Luna_walking
|j|☆PenguimSAL
|html|Luna_walkingPenguimSAL    
|uhtml|bestof|Game 2 of a best-of-3
|t:|1786107617
|gametype|doubles
|player|p1|Luna_walking|265|1146
|player|p2|PenguimSAL|266|1179
|gen|9
|tier|[Gen 9 Champions] VGC 2026 Reg M-B (Bo3)
|rated|
|rule|Species Clause: Limit one of each Pokémon
|rule|Item Clause: Limit 1 of each item
|clearpoke
|poke|p1|Charizard, L50, F|
|poke|p1|Floette-Eternal, L50, F|
|poke|p1|Whimsicott, L50, M|
|poke|p1|Incineroar, L50, F|
|poke|p1|Basculegion, L50, M|
|poke|p1|Garchomp, L50, M|
|poke|p2|Charizard, L50, M|
|poke|p2|Venusaur, L50, F|
|poke|p2|Garchomp, L50, M|
|poke|p2|Incineroar, L50, M|
|poke|p2|Toxapex, L50, F|
|poke|p2|Sylveon, L50, F|
|teampreview|4
|showteam|p1|Charizard||CharizarditeY|Blaze|HeatWave,WeatherBall,SolarBeam,Protect|Modest||F|||50|]Floette-Eternal||Floettite|FlowerVeil|Moonblast,DazzlingGleam,LightofRuin,Protect|Modest||F|||50|]Whimsicott||FocusSash|Prankster|Moonblast,Encore,Tailwind,Protect|Timid||M|||50|]Incineroar||SitrusBerry|Intimidate|FlareBlitz,DarkestLariat,PartingShot,FakeOut|Adamant||F|||50|]Basculegion||MysticWater|Adaptability|WaveCrash,LastRespects,AquaJet,Protect|Adamant||M|||50|]Garchomp||LifeOrb|RoughSkin|DragonClaw,Earthquake,Protect,RockSlide|Jolly||M|||50|
|showteam|p2|Charizard||CharizarditeY|Blaze|HeatWave,WeatherBall,AncientPower,Protect|Modest||M|||50|]Venusaur||LifeOrb|Chlorophyll|SolarBeam,SludgeBomb,EarthPower,Protect|Modest||F|||50|]Garchomp||ChoiceScarf|RoughSkin|DragonClaw,Earthquake,RockSlide,StompingTantrum|Adamant||M|||50|]Incineroar||SitrusBerry|Intimidate|FlareBlitz,ThroatChop,PartingShot,FakeOut|Impish||M|||50|]Toxapex||Leftovers|Regenerator|Toxic,Infestation,WideGuard,BanefulBunker|Bold||F|||50|]Sylveon||FairyFeather|Pixilate|HyperVoice,Yawn,Detect,QuickAttack|Modest||F|||50|
|
|t:|1786107648
|teamsize|p1|4
|teamsize|p2|4
|start
|switch|p1a: Garchomp|Garchomp, L50, M|100/100
|switch|p1b: Incineroar|Incineroar, L50, F|100/100
|switch|p2a: Incineroar|Incineroar, L50, M|100/100
|switch|p2b: Garchomp|Garchomp, L50, M|100/100
|-ability|p1b: Incineroar|Intimidate|boost
|-unboost|p2a: Incineroar|atk|1
|-unboost|p2b: Garchomp|atk|1
|-ability|p2a: Incineroar|Intimidate|boost
|-unboost|p1a: Garchomp|atk|1
|-unboost|p1b: Incineroar|atk|1
|turn|1
|
|t:|1786107668
|move|p1b: Incineroar|Fake Out|p2a: Incineroar
|-crit|p2a: Incineroar
|-damage|p2a: Incineroar|85/100
|cant|p2a: Incineroar|flinch
|move|p2b: Garchomp|Dragon Claw|p1a: Garchomp
|-supereffective|p1a: Garchomp|1
|-damage|p1a: Garchomp|40/100
|-damage|p2b: Garchomp|87/100|[from] ability: Rough Skin|[of] p1a: Garchomp
|move|p1a: Garchomp|Dragon Claw|p2b: Garchomp
|-supereffective|p2b: Garchomp|1
|-damage|p2b: Garchomp|7/100
|-damage|p1a: Garchomp|28/100|[from] ability: Rough Skin|[of] p2b: Garchomp
|-damage|p1a: Garchomp|19/100|[from] item: Life Orb
|
|upkeep
|turn|2
|
|t:|1786107690
|switch|p1b: Charizard|Charizard, L50, F|100/100
|move|p2b: Garchomp|Dragon Claw|p1a: Garchomp
|-supereffective|p1a: Garchomp|1
|-damage|p1a: Garchomp|0 fnt
|-damage|p2b: Garchomp|0 fnt|[from] ability: Rough Skin|[of] p1a: Garchomp
|faint|p1a: Garchomp
|faint|p2b: Garchomp
|move|p2a: Incineroar|Parting Shot|p1b: Charizard
|-unboost|p1b: Charizard|atk|1
|-unboost|p1b: Charizard|spa|1
|
|t:|1786107705
|switch|p2a: Charizard|Charizard, L50, M|100/100|[from] Parting Shot
|
|upkeep
|
|t:|1786107709
|switch|p1a: Incineroar|Incineroar, L50, F|100/100
|switch|p2b: Toxapex|Toxapex, L50, F|100/100
|-ability|p1a: Incineroar|Intimidate|boost
|-unboost|p2a: Charizard|atk|1
|-unboost|p2b: Toxapex|atk|1
|turn|3
|
|t:|1786107728
|switch|p1b: Whimsicott|Whimsicott, L50, M|100/100
|move|p2a: Charizard|Protect|p2a: Charizard
|-singleturn|p2a: Charizard|Protect
|move|p1a: Incineroar|Darkest Lariat|p2a: Charizard
|-activate|p2a: Charizard|move: Protect
|move|p2b: Toxapex|Infestation|p1b: Whimsicott
|-crit|p1b: Whimsicott
|-damage|p1b: Whimsicott|92/100
|-activate|p1b: Whimsicott|move: Infestation|[of] p2b: Toxapex
|
|-damage|p1b: Whimsicott|80/100|[from] move: Infestation|[partiallytrapped]
|upkeep
|turn|4
|
|t:|1786107759
|switch|p2a: Incineroar|Incineroar, L50, M|85/100
|-ability|p2a: Incineroar|Intimidate|boost
|-unboost|p1a: Incineroar|atk|1
|-unboost|p1b: Whimsicott|atk|1
|move|p1b: Whimsicott|Moonblast|p2a: Incineroar
|-damage|p2a: Incineroar|55/100
|move|p1a: Incineroar|Darkest Lariat|p2b: Toxapex
|-crit|p2b: Toxapex
|-damage|p2b: Toxapex|65/100
|move|p2b: Toxapex|Toxic|p1a: Incineroar
|-status|p1a: Incineroar|tox
|
|-heal|p2b: Toxapex|71/100|[from] item: Leftovers
|-damage|p1a: Incineroar|94/100 tox|[from] psn
|-damage|p1b: Whimsicott|67/100|[from] move: Infestation|[partiallytrapped]
|upkeep
|turn|5
|
|t:|1786107803
|move|p1b: Whimsicott|Protect|p1b: Whimsicott
|-singleturn|p1b: Whimsicott|Protect
|move|p1a: Incineroar|Parting Shot|p2a: Incineroar
|-unboost|p2a: Incineroar|atk|1
|-unboost|p2a: Incineroar|spa|1
|
|t:|1786107808
|switch|p1a: Charizard|Charizard, L50, F|100/100|[from] Parting Shot
|move|p2a: Incineroar|Throat Chop|p1a: Charizard
|-crit|p1a: Charizard
|-damage|p1a: Charizard|53/100
|-start|p1a: Charizard|Throat Chop|[silent]
|move|p2b: Toxapex|Toxic|p1b: Whimsicott
|-activate|p1b: Whimsicott|move: Protect
|
|-heal|p2b: Toxapex|77/100|[from] item: Leftovers
|-damage|p1b: Whimsicott|55/100|[from] move: Infestation|[partiallytrapped]
|upkeep
|turn|6
|
|t:|1786107829
|detailschange|p1a: Charizard|Charizard-Mega-Y, L50, F
|-mega|p1a: Charizard|Charizard|Charizardite Y
|-weather|SunnyDay|[from] ability: Drought|[of] p1a: Charizard
|move|p1b: Whimsicott|Moonblast|p2a: Incineroar
|-damage|p2a: Incineroar|23/100
|-enditem|p2a: Incineroar|Sitrus Berry|[eat]
|-heal|p2a: Incineroar|48/100|[from] item: Sitrus Berry
|move|p1a: Charizard|Heat Wave|p2a: Incineroar|[spread] p2b
|-miss|p1a: Charizard|p2a: Incineroar
|-resisted|p2b: Toxapex|1
|-damage|p2b: Toxapex|54/100
|move|p2a: Incineroar|Parting Shot|p1a: Charizard
|-unboost|p1a: Charizard|atk|1
|-unboost|p1a: Charizard|spa|1
|
|t:|1786107834
|switch|p2a: Charizard|Charizard, L50, M|100/100|[from] Parting Shot
|move|p2b: Toxapex|Toxic|p1a: Charizard
|-status|p1a: Charizard|tox
|
|-weather|SunnyDay|[upkeep]
|-heal|p2b: Toxapex|60/100|[from] item: Leftovers
|-damage|p1a: Charizard|47/100 tox|[from] psn
|-damage|p1b: Whimsicott|43/100|[from] move: Infestation|[partiallytrapped]
|-end|p1a: Charizard|Throat Chop|[silent]
|upkeep
|turn|7
|
|t:|1786107852
|switch|p1a: Incineroar|Incineroar, L50, F|94/100 tox
|-ability|p1a: Incineroar|Intimidate|boost
|-unboost|p2a: Charizard|atk|1
|-unboost|p2b: Toxapex|atk|1
|detailschange|p2a: Charizard|Charizard-Mega-Y, L50, M
|-mega|p2a: Charizard|Charizard|Charizardite Y
|move|p1b: Whimsicott|Protect|p1b: Whimsicott
|-singleturn|p1b: Whimsicott|Protect
|move|p2a: Charizard|Heat Wave|p1a: Incineroar|[spread] p1a
|-activate|p1b: Whimsicott|move: Protect
|-resisted|p1a: Incineroar|1
|-damage|p1a: Incineroar|65/100 tox
|move|p2b: Toxapex|Infestation|p1a: Incineroar
|-damage|p1a: Incineroar|62/100 tox
|-activate|p1a: Incineroar|move: Infestation|[of] p2b: Toxapex
|
|-weather|SunnyDay|[upkeep]
|-heal|p2b: Toxapex|66/100|[from] item: Leftovers
|-damage|p1a: Incineroar|56/100 tox|[from] psn
|-damage|p1b: Whimsicott|30/100|[from] move: Infestation|[partiallytrapped]
|-damage|p1a: Incineroar|44/100 tox|[from] move: Infestation|[partiallytrapped]
|upkeep
|-enditem|p1a: Incineroar|Sitrus Berry|[eat]
|-heal|p1a: Incineroar|68/100 tox|[from] item: Sitrus Berry
|turn|8
|
|t:|1786107878
|move|p2b: Toxapex|Baneful Bunker|p2b: Toxapex
|-singleturn|p2b: Toxapex|move: Protect
|move|p1b: Whimsicott|Encore|p2b: Toxapex
|-activate|p2b: Toxapex|move: Protect
|move|p2a: Charizard|Heat Wave|p1b: Whimsicott|[spread] p1a,p1b
|-resisted|p1a: Incineroar|1
|-supereffective|p1b: Whimsicott|1
|-crit|p1b: Whimsicott
|-damage|p1a: Incineroar|42/100 tox
|-damage|p1b: Whimsicott|0 fnt
|faint|p1b: Whimsicott
|move|p1a: Incineroar|Darkest Lariat|p2a: Charizard
|-damage|p2a: Charizard|66/100
|
|-weather|SunnyDay|[upkeep]
|-heal|p2b: Toxapex|71/100|[from] item: Leftovers
|-damage|p1a: Incineroar|30/100 tox|[from] psn
|-damage|p1a: Incineroar|18/100 tox|[from] move: Infestation|[partiallytrapped]
|upkeep
|
|t:|1786107892
|switch|p1b: Charizard|Charizard-Mega-Y, L50, F|47/100 tox
|turn|9
|-message|Luna_walking forfeited.
|
|win|PenguimSAL
|raw|Luna_walking's rating: 1146 → 1123(-23 for losing)
|raw|PenguimSAL's rating: 1179 → 1202(+23 for winning)
|l|☆Luna_walking
|player|p1|
