|j|ŌśåCrisVGC CL
|j|ŌśåAstterio
|html|CrisVGC CLAstterio    
|uhtml|bestof|Game 2 of a best-of-3
|t:|1782184037
|gametype|doubles
|player|p1|CrisVGC CL|red|
|player|p2|Astterio|eusine|
|gen|9
|tier|[Gen 9 Champions] VGC 2026 Reg M-B (Bo3)
|rule|Species Clause: Limit one of each Pok├®mon
|rule|Item Clause: Limit 1 of each item
|clearpoke
|poke|p1|Floette-Eternal, L50, F|
|poke|p1|Incineroar, L50, M|
|poke|p1|Kingambit, L50, M|
|poke|p1|Basculegion, L50, M|
|poke|p1|Sinistcha, L50|
|poke|p1|Sneasler, L50, F|
|poke|p2|Floette-Eternal, L50, F|
|poke|p2|Charizard, L50, M, shiny|
|poke|p2|Garchomp, L50, M|
|poke|p2|Kingambit, L50, M|
|poke|p2|Whimsicott, L50, F|
|poke|p2|Basculegion, L50, M|
|teampreview|4
|showteam|p1|Floette-Eternal||Floettite|FlowerVeil|DrainingKiss,DazzlingGleam,CalmMind,Protect|Timid||F|||50|]Incineroar||SitrusBerry|Intimidate|FakeOut,FlareBlitz,ThroatChop,PartingShot|Careful||M|||50|]Kingambit||BlackGlasses|Defiant|Protect,KowtowCleave,SuckerPunch,SwordsDance|Adamant||M|||50|]Basculegion||ChoiceScarf|Adaptability|WaveCrash,LastRespects,FlipTurn,AquaJet|Adamant||M|||50|]Sinistcha||KasibBerry|Hospitality|MatchaGotcha,RagePowder,TrickRoom,Protect|Impish|||||50|]Sneasler||WhiteHerb|Unburden|Protect,FakeOut,CloseCombat,DireClaw|Adamant||F|||50|
|showteam|p2|Floette-Eternal||Floettite|FlowerVeil|DazzlingGleam,Moonblast,LightofRuin,Protect|Timid||F|||50|]Charizard||CharizarditeY|Blaze|HeatWave,WeatherBall,SolarBeam,Protect|Modest||M|||50|]Garchomp||SitrusBerry|RoughSkin|DragonClaw,StompingTantrum,RockTomb,Protect|Jolly||M|||50|]Kingambit||OccaBerry|Defiant|KowtowCleave,SuckerPunch,IronHead,LowKick|Adamant||M|||50|]Whimsicott||FocusSash|Prankster|Moonblast,Tailwind,Encore,Protect|Timid||F|||50|]Basculegion||LifeOrb|Adaptability|AquaJet,Protect,WaveCrash,LastRespects|Adamant||M|||50|
|inactive|Battle timer is ON: inactive players will automatically lose when time's up. (requested by Astterio)
|
|t:|1782184048
|teamsize|p1|4
|teamsize|p2|4
|start
|switch|p1a: Incineroar|Incineroar, L50, M|100/100
|switch|p1b: Floette|Floette-Eternal, L50, F|100/100
|switch|p2a: Kingambit|Kingambit, L50, M|100/100
|switch|p2b: Charizard|Charizard, L50, M, shiny|100/100
|-ability|p1a: Incineroar|Intimidate|boost
|-unboost|p2a: Kingambit|atk|1
|-ability|p2a: Kingambit|Defiant|boost
|-boost|p2a: Kingambit|atk|2
|-unboost|p2b: Charizard|atk|1
|turn|1
|inactive|Astterio has 30 seconds left.
|
|t:|1782184077
|switch|p2b: Whimsicott|Whimsicott, L50, F|100/100
|switch|p2a: Basculegion|Basculegion, L50, M|100/100
|detailschange|p1b: Floette|Floette-Mega, L50, F
|-mega|p1b: Floette|Floette|Floettite
|-ability|p1b: Floette|Fairy Aura
|move|p1a: Incineroar|Fake Out|p2a: Basculegion
|-immune|p2a: Basculegion
|move|p1b: Floette|Calm Mind|p1b: Floette
|-boost|p1b: Floette|spa|1
|-boost|p1b: Floette|spd|1
|
|upkeep
|turn|2
|
|t:|1782184086
|switch|p1a: Sinistcha|Sinistcha, L50|100/100
|move|p1b: Floette|Protect|p1b: Floette
|-singleturn|p1b: Floette|Protect
|move|p2b: Whimsicott|Tailwind|p2b: Whimsicott
|-sidestart|p2: Astterio|move: Tailwind
|move|p2a: Basculegion|Wave Crash|p1b: Floette
|-activate|p1b: Floette|move: Protect
|
|upkeep
|turn|3
|
|t:|1782184096
|switch|p2a: Charizard|Charizard, L50, M, shiny|100/100
|switch|p1b: Incineroar|Incineroar, L50, M|100/100
|-ability|p1b: Incineroar|Intimidate|boost
|-unboost|p2a: Charizard|atk|1
|-unboost|p2b: Whimsicott|atk|1
|move|p2b: Whimsicott|Encore|p1b: Incineroar
|-hint|Since gen 7, Dark is immune to Prankster moves.
|-immune|p1b: Incineroar
|move|p1a: Sinistcha|Matcha Gotcha|p2a: Charizard|[spread] p2a,p2b
|-resisted|p2a: Charizard|2
|-resisted|p2b: Whimsicott|1
|-damage|p2a: Charizard|93/100
|-damage|p2b: Whimsicott|82/100
|-status|p2b: Whimsicott|brn
|
|-damage|p2b: Whimsicott|76/100 brn|[from] brn
|upkeep
|turn|4
|
|t:|1782184103
|detailschange|p2a: Charizard|Charizard-Mega-Y, L50, M, shiny
|-mega|p2a: Charizard|Charizard|Charizardite Y
|-weather|SunnyDay|[from] ability: Drought|[of] p2a: Charizard
|move|p1b: Incineroar|Fake Out|p2a: Charizard
|-damage|p2a: Charizard|82/100
|move|p2b: Whimsicott|Encore|p1a: Sinistcha
|-start|p1a: Sinistcha|Encore
|cant|p2a: Charizard|flinch
|move|p1a: Sinistcha|Matcha Gotcha|p2b: Whimsicott|[spread] p2b
|-miss|p1a: Sinistcha|p2a: Charizard
|-resisted|p2b: Whimsicott|1
|-damage|p2b: Whimsicott|56/100 brn
|
|-weather|SunnyDay|[upkeep]
|-damage|p2b: Whimsicott|51/100 brn|[from] brn
|upkeep
|turn|5
|inactive|CrisVGC CL has 30 seconds left.
|
|t:|1782184133
|switch|p1a: Sneasler|Sneasler, L50, F|100/100
|move|p2b: Whimsicott|Moonblast|p1b: Incineroar
|-damage|p1b: Incineroar|71/100
|move|p2a: Charizard|Weather Ball|p1a: Sneasler
|-damage|p1a: Sneasler|0 fnt
|faint|p1a: Sneasler
|move|p1b: Incineroar|Flare Blitz|p2b: Whimsicott
|-supereffective|p2b: Whimsicott|1
|-damage|p2b: Whimsicott|0 fnt
|faint|p2b: Whimsicott
|-damage|p1b: Incineroar|60/100|[from] Recoil
|
|-weather|SunnyDay|[upkeep]
|-sideend|p2: Astterio|move: Tailwind
|upkeep
|
|t:|1782184149
|switch|p2b: Basculegion|Basculegion, L50, M|100/100
|switch|p1a: Sinistcha|Sinistcha, L50|100/100
|-heal|p1b: Incineroar|85/100|[from] ability: Hospitality|[of] p1a: Sinistcha
|turn|6
|inactive|CrisVGC CL has 30 seconds left.
|
|t:|1782184178
|move|p2a: Charizard|Heat Wave|p1b: Incineroar|[spread] p1a
|-miss|p2a: Charizard|p1b: Incineroar
|-supereffective|p1a: Sinistcha|1
|-damage|p1a: Sinistcha|0 fnt
|faint|p1a: Sinistcha
|move|p2b: Basculegion|Wave Crash|p1b: Incineroar
|-supereffective|p1b: Incineroar|1
|-damage|p1b: Incineroar|0 fnt
|faint|p1b: Incineroar
|-damage|p2b: Basculegion|72/100|[from] Recoil
|-damage|p2b: Basculegion|63/100|[from] item: Life Orb
|
|-weather|SunnyDay|[upkeep]
|upkeep
|c|ŌśåAstterio|Ese doble switch turno 1 fue formidable
|c|ŌśåCrisVGC CL|na fue mi turno 2
|c|ŌśåAstterio|Ooo ctm
|c|ŌśåCrisVGC CL|no fue safe
|c|ŌśåAstterio|Que enfermo
|c|ŌśåAstterio|Bascu
|c|ŌśåCrisVGC CL|si
|c|ŌśåCrisVGC CL|xd
|
|t:|1782184201
|switch|p1b: Floette|Floette-Mega, L50, F|100/100
|-ability|p1b: Floette|Fairy Aura
|turn|7
|c|ŌśåCrisVGC CL|pero no jugu├® safe
|c|ŌśåCrisVGC CL|me comi el encore que era obvio
|c|ŌśåCrisVGC CL|pero clickie muy fast
|c|ŌśåCrisVGC CL|igual nos ibamos a g3
|c|ŌśåCrisVGC CL|ah├Ł yo siempre hago fakeout switch
|inactive|CrisVGC CL has 30 seconds left.
|c|ŌśåCrisVGC CL|y luego pego parting
|inactive|CrisVGC CL has 20 seconds left.
|c|ŌśåAstterio|Cuidado
|c|ŌśåCrisVGC CL|si lo estoy jugando muy mal porque no juego esto
|inactive|CrisVGC CL has 15 seconds left.
|c|ŌśåAstterio|En tr estabamos
|
|t:|1782184246
|move|p1b: Floette|Dazzling Gleam|p2a: Charizard|[spread] p2a,p2b
|-resisted|p2a: Charizard|1
|-damage|p2a: Charizard|62/100
|-damage|p2b: Basculegion|13/100
|move|p2a: Charizard|Weather Ball|p1b: Floette
|-damage|p1b: Floette|28/100
|move|p2b: Basculegion|Last Respects|p1b: Floette
|-damage|p1b: Floette|0 fnt
|faint|p1b: Floette
|-damage|p2b: Basculegion|4/100|[from] item: Life Orb
|
|win|Astterio
|c|ŌśåAstterio|Te chatcheaba el parting
|c|ŌśåAstterio|Caoaz
|c|ŌśåAstterio|Nose
|c|ŌśåCrisVGC CL|na si ganaba
|c|ŌśåCrisVGC CL|estoy troll
|c|ŌśåCrisVGC CL|igual con g1 nos ibamos a g3
|c|ŌśåCrisVGC CL|y era lo mismo
