|j|☆higigig
|j|☆Jj18697
|html|higigigJj18697    
|uhtml|bestof|Game 1 of a best-of-3
|t:|1756712325
|gametype|doubles
|player|p1|higigig|sisandbro|1119
|player|p2|Jj18697|2|1014
|gen|9
|tier|[Gen 9] VGC 2025 Reg H (Bo3)
|rated|
|rule|Species Clause: Limit one of each Pokémon
|rule|Item Clause: Limit 1 of each item
|clearpoke
|poke|p1|Sneasler, L50, M|
|poke|p1|Gholdengo, L50|
|poke|p1|Amoonguss, L50, F|
|poke|p1|Incineroar, L50, F|
|poke|p1|Ursaluna-Bloodmoon, L50, M|
|poke|p1|Farigiraf, L50, M|
|poke|p2|Gholdengo, L50|
|poke|p2|Dragonite, L50, M|
|poke|p2|Ninetales-Alola, L50, F|
|poke|p2|Rillaboom, L50, M|
|poke|p2|Arcanine-Hisui, L50, M|
|poke|p2|Sneasler, L50, M|
|teampreview|4
|showteam|p1|Sneasler||ClearAmulet|PoisonTouch|FakeOut,CloseCombat,DireClaw,Protect|||M|||50|,,,,,Water]Gholdengo||MetalCoat|GoodasGold|NastyPlot,MakeItRain,ShadowBall,Protect||||||50|,,,,,Water]Amoonguss||MentalHerb|Regenerator|Spore,RagePowder,PollenPuff,Protect|||F|||50|,,,,,Water]Incineroar||SafetyGoggles|Intimidate|FakeOut,FlareBlitz,KnockOff,PartingShot|||F|||50|,,,,,Ghost]Ursaluna-Bloodmoon||LifeOrb|MindsEye|CalmMind,HyperVoice,EarthPower,BloodMoon|||M|||50|,,,,,Poison]Farigiraf||ThroatSpray|ArmorTail|HyperVoice,Psychic,TrickRoom,Protect|||M|||50|,,,,,Dragon
|showteam|p2|Gholdengo||GrassySeed|GoodasGold|MakeItRain,ShadowBall,NastyPlot,Protect||||||50|,,,,,Water]Dragonite||LoadedDice|Multiscale|ScaleShot,Tailwind,Haze,Protect|||M|||50|,,,,,Fairy]Ninetales-Alola||FocusSash|SnowWarning|AuroraVeil,IcyWind,FreezeDry,Encore|||F|||50|,,,,,Ghost]Rillaboom||AssaultVest|GrassySurge|FakeOut,WoodHammer,GrassyGlide,Uturn|||M|||50|,,,,,Fire]Arcanine-Hisui||ClearAmulet|Intimidate|RockSlide,FlareBlitz,ExtremeSpeed,Protect|||M|||50|,,,,,Water]Sneasler||WhiteHerb|Unburden|DireClaw,CloseCombat,Coaching,Protect|||M|||50|,,,,,Stellar
|inactive|Battle timer is ON: inactive players will automatically lose when time's up. (requested by Jj18697)
|inactive|higigig also wants the timer to be on.
|inactive|Jj18697 has 60 seconds left.
|
|t:|1756712373
|teamsize|p1|4
|teamsize|p2|4
|start
|switch|p1a: Sneasler|Sneasler, L50, M|100/100
|switch|p1b: Ursaluna|Ursaluna-Bloodmoon, L50, M|100/100
|switch|p2a: Arcanine|Arcanine-Hisui, L50, M, shiny|100/100
|switch|p2b: Gholdengo|Gholdengo, L50|100/100
|-ability|p2a: Arcanine|Intimidate|boost
|-fail|p1a: Sneasler|unboost|[from] item: Clear Amulet|[of] p1a: Sneasler
|-unboost|p1b: Ursaluna|atk|1
|turn|1
|inactive|higigig has 30 seconds left.
|inactive|Jj18697 has 30 seconds left.
|inactive|higigig has 20 seconds left.
|inactive|Jj18697 has 20 seconds left.
|inactive|Jj18697 has 15 seconds left.
|inactive|Jj18697 has 10 seconds left.
|
|t:|1756712419
|-terastallize|p2b: Gholdengo|Water
|move|p2a: Arcanine|Protect|p2a: Arcanine
|-singleturn|p2a: Arcanine|Protect
|move|p1a: Sneasler|Fake Out|p2a: Arcanine
|-activate|p2a: Arcanine|move: Protect
|move|p2b: Gholdengo|Nasty Plot|p2b: Gholdengo
|-boost|p2b: Gholdengo|spa|2
|move|p1b: Ursaluna|Calm Mind|p1b: Ursaluna
|-boost|p1b: Ursaluna|spa|1
|-boost|p1b: Ursaluna|spd|1
|
|upkeep
|turn|2
|
|t:|1756712441
|move|p1a: Sneasler|Close Combat|p2a: Arcanine
|-supereffective|p2a: Arcanine
|-damage|p2a: Arcanine|0 fnt
|-unboost|p1a: Sneasler|def|1
|-unboost|p1a: Sneasler|spd|1
|faint|p2a: Arcanine
|move|p2b: Gholdengo|Make It Rain|p1a: Sneasler|[spread] p1a,p1b
|-damage|p1a: Sneasler|0 fnt
|-damage|p1b: Ursaluna|30/100
|-unboost|p2b: Gholdengo|spa|1
|faint|p1a: Sneasler
|move|p1b: Ursaluna|Blood Moon|p2b: Gholdengo
|-damage|p2b: Gholdengo|0 fnt
|faint|p2b: Gholdengo
|-damage|p1b: Ursaluna|21/100|[from] item: Life Orb
|
|upkeep
|
|t:|1756712461
|switch|p1a: Incineroar|Incineroar, L50, F|100/100
|switch|p2a: Rillaboom|Rillaboom, L50, M, shiny|100/100
|switch|p2b: Ninetales|Ninetales-Alola, L50, F|100/100
|-weather|Snowscape|[from] ability: Snow Warning|[of] p2b: Ninetales
|-fieldstart|move: Grassy Terrain|[from] ability: Grassy Surge|[of] p2a: Rillaboom
|-ability|p1a: Incineroar|Intimidate|boost
|-unboost|p2a: Rillaboom|atk|1
|-unboost|p2b: Ninetales|atk|1
|turn|3
|inactive|higigig has 30 seconds left.
|inactive|higigig has 20 seconds left.
|inactive|higigig has 15 seconds left.
|inactive|higigig has 10 seconds left.
|
|t:|1756712510
|switch|p1a: Farigiraf|Farigiraf, L50, M|100/100
|-terastallize|p1b: Ursaluna|Poison
|move|p2a: Rillaboom|Fake Out||[still]
|cant|p1a: Farigiraf|ability: Armor Tail|Fake Out|[of] p2a: Rillaboom
|move|p2b: Ninetales|Freeze-Dry|p1b: Ursaluna
|-damage|p1b: Ursaluna|5/100
|move|p1b: Ursaluna|Hyper Voice|p2a: Rillaboom|[spread] p2a,p2b
|-damage|p2a: Rillaboom|52/100
|-damage|p2b: Ninetales|30/100
|-damage|p1b: Ursaluna|0 fnt|[from] item: Life Orb
|faint|p1b: Ursaluna
|
|-weather|Snowscape|[upkeep]
|-heal|p2b: Ninetales|36/100|[from] Grassy Terrain
|-heal|p2a: Rillaboom|58/100|[from] Grassy Terrain
|upkeep
|
|t:|1756712518
|switch|p1b: Incineroar|Incineroar, L50, F|100/100
|-ability|p1b: Incineroar|Intimidate|boost
|-unboost|p2a: Rillaboom|atk|1
|-unboost|p2b: Ninetales|atk|1
|turn|4
|
|t:|1756712530
|move|p2b: Ninetales|Aurora Veil|p2b: Ninetales
|-sidestart|p2: Jj18697|move: Aurora Veil
|move|p2a: Rillaboom|U-turn|p1a: Farigiraf
|-supereffective|p1a: Farigiraf
|-damage|p1a: Farigiraf|78/100
|move|p1b: Incineroar|Flare Blitz|p2a: Rillaboom
|-supereffective|p2a: Rillaboom
|-damage|p2a: Rillaboom|0 fnt
|faint|p2a: Rillaboom
|-damage|p1b: Incineroar|81/100|[from] Recoil
|move|p1a: Farigiraf|Trick Room|p1a: Farigiraf
|-fieldstart|move: Trick Room|[of] p1a: Farigiraf
|
|-weather|Snowscape|[upkeep]
|-heal|p1a: Farigiraf|85/100|[from] Grassy Terrain
|-heal|p1b: Incineroar|87/100|[from] Grassy Terrain
|-heal|p2b: Ninetales|42/100|[from] Grassy Terrain
|upkeep
|turn|5
|
|t:|1756712542
|move|p1a: Farigiraf|Hyper Voice|p2b: Ninetales
|-damage|p2b: Ninetales|10/100
|-enditem|p1a: Farigiraf|Throat Spray
|-boost|p1a: Farigiraf|spa|1|[from] item: Throat Spray
|move|p1b: Incineroar|Flare Blitz|p2b: Ninetales
|-supereffective|p2b: Ninetales
|-damage|p2b: Ninetales|0 fnt
|faint|p2b: Ninetales
|-damage|p1b: Incineroar|85/100|[from] Recoil
|
|win|higigig
