|j|☆gundnub
|j|☆vibe-teambuilding
|html|gundnubvibe-teambuilding    
|uhtml|bestof|Game 2 of a best-of-3
|t:|1783343621
|gametype|doubles
|player|p1|gundnub|pokemonranger-gen4|
|player|p2|vibe-teambuilding|guitarist|
|gen|9
|tier|[Gen 9 Champions] VGC 2026 Reg M-B (Bo3)
|rule|Species Clause: Limit one of each Pokémon
|rule|Item Clause: Limit 1 of each item
|clearpoke
|poke|p1|Pidgeot, L50, M|
|poke|p1|Krookodile, L50, M|
|poke|p1|Floette-Eternal, L50, F|
|poke|p1|Toxicroak, L50, M|
|poke|p1|Chandelure, L50, F|
|poke|p1|Feraligatr, L50, M|
|poke|p2|Starmie, L50|
|poke|p2|Infernape, L50, F, shiny|
|poke|p2|Gengar, L50, F|
|poke|p2|Floette-Eternal, L50, F|
|poke|p2|Chesnaught, L50, F|
|poke|p2|Arcanine, L50, M|
|teampreview|4
|showteam|p1|Pidgeot||Pidgeotite|KeenEye|Protect,Hurricane,HeatWave,Tailwind|Timid||M|||50|]Krookodile||RoseliBerry|Intimidate|HighHorsepower,LashOut,Earthquake,RockSlide|Adamant||M|||50|]Floette-Eternal||LifeOrb|FlowerVeil|Protect,Moonblast,DazzlingGleam,LightofRuin|Modest||F|||50|]Toxicroak||WhiteHerb|DrySkin|Protect,GunkShot,CloseCombat,FakeOut|Adamant||M|||50|]Chandelure||KasibBerry|FlashFire|HeatWave,ShadowBall,Haze,TrickRoom|Quiet||F|||50|]Feraligatr||Feraligite|Torrent|Protect,DoubleEdge,Liquidation,AquaJet|Adamant||M|||50|
|showteam|p2|Starmie||Starminite|NaturalCure|AquaJet,Liquidation,PsychoCut,Protect|Adamant|||||50|]Infernape||FocusSash|IronFist|FakeOut,Coaching,CloseCombat,Overheat|Lonely||F|||50|]Gengar||ChoiceScarf|CursedBody|ShadowBall,IcyWind,Thunderbolt,SludgeBomb|Modest||F|||50|]Floette-Eternal||LifeOrb|FlowerVeil|Moonblast,DazzlingGleam,Protect,LightofRuin|Timid||F|||50|]Chesnaught||Leftovers|Bulletproof|SpikyShield,BodyPress,IronDefense,LeechSeed|Bold||F|||50|]Arcanine||SitrusBerry|Intimidate|FlareBlitz,ExtremeSpeed,Protect,WillOWisp|Adamant||M|||50|
|inactive|Battle timer is ON: inactive players will automatically lose when time's up. (requested by gundnub)
|
|t:|1783343645
|teamsize|p1|4
|teamsize|p2|4
|start
|switch|p1a: Toxicroak|Toxicroak, L50, M|100/100
|switch|p1b: Chandelure|Chandelure, L50, F|100/100
|switch|p2a: monkeying around|Infernape, L50, F, shiny|100/100
|switch|p2b: star wars|Starmie, L50|100/100
|turn|1
|inactive|gundnub has 30 seconds left.
|
|t:|1783343670
|switch|p1b: Feraligatr|Feraligatr, L50, M|100/100
|detailschange|p2b: star wars|Starmie-Mega, L50
|-mega|p2b: star wars|Starmie|Starminite
|move|p1a: Toxicroak|Protect|p1a: Toxicroak
|-singleturn|p1a: Toxicroak|Protect
|move|p2a: monkeying around|Fake Out|p1a: Toxicroak
|-activate|p1a: Toxicroak|move: Protect
|move|p2b: star wars|Liquidation|p1b: Feraligatr
|-resisted|p1b: Feraligatr|1
|-damage|p1b: Feraligatr|62/100
|
|upkeep
|turn|2
|inactive|gundnub has 30 seconds left.
|inactive|vibe-teambuilding has 30 seconds left.
|
|t:|1783343702
|switch|p1a: Chandelure|Chandelure, L50, F|100/100
|detailschange|p1b: Feraligatr|Feraligatr-Mega, L50, M
|-mega|p1b: Feraligatr|Feraligatr|Feraligite
|move|p2b: star wars|Protect|p2b: star wars
|-singleturn|p2b: star wars|Protect
|move|p2a: monkeying around|Close Combat|p1b: Feraligatr
|-damage|p1b: Feraligatr|19/100
|-unboost|p2a: monkeying around|def|1
|-unboost|p2a: monkeying around|spd|1
|move|p1b: Feraligatr|Double-Edge|p2b: star wars
|-activate|p2b: star wars|move: Protect
|
|upkeep
|turn|3
|inactive|gundnub has 30 seconds left.
|inactive|vibe-teambuilding has 30 seconds left.
|inactive|gundnub has 20 seconds left.
|inactive|vibe-teambuilding has 20 seconds left.
|
|t:|1783343739
|switch|p1a: Toxicroak|Toxicroak, L50, M|100/100
|move|p1b: Feraligatr|Protect|p1b: Feraligatr
|-singleturn|p1b: Feraligatr|Protect
|move|p2a: monkeying around|Close Combat|p1a: Toxicroak
|-resisted|p1a: Toxicroak|1
|-damage|p1a: Toxicroak|56/100
|-unboost|p2a: monkeying around|def|1
|-unboost|p2a: monkeying around|spd|1
|move|p2b: star wars|Liquidation|p1a: Toxicroak
|-heal|p1a: Toxicroak|80/100|[from] ability: Dry Skin|[of] p2b: star wars
|
|upkeep
|turn|4
|inactive|gundnub has 30 seconds left.
|inactive|vibe-teambuilding has 30 seconds left.
|inactive|vibe-teambuilding has 20 seconds left.
|
|t:|1783343774
|switch|p2a: troublemaker|Gengar, L50, F|100/100
|move|p2b: star wars|Protect|p2b: star wars
|-singleturn|p2b: star wars|Protect
|move|p1a: Toxicroak|Fake Out|p2a: troublemaker
|-immune|p2a: troublemaker
|move|p1b: Feraligatr|Aqua Jet|p2a: troublemaker
|-crit|p2a: troublemaker
|-damage|p2a: troublemaker|22/100
|
|upkeep
|turn|5
|inactive|gundnub has 30 seconds left.
|inactive|vibe-teambuilding has 30 seconds left.
|
|t:|1783343807
|switch|p2a: don't pick me up!!|Chesnaught, L50, F|100/100
|move|p1b: Feraligatr|Aqua Jet|p2a: don't pick me up!!
|-resisted|p2a: don't pick me up!!|1
|-damage|p2a: don't pick me up!!|90/100
|move|p2b: star wars|Psycho Cut|p1b: Feraligatr
|-damage|p1b: Feraligatr|0 fnt
|faint|p1b: Feraligatr
|move|p1a: Toxicroak|Gunk Shot|p2b: star wars
|-damage|p2b: star wars|25/100
|-status|p2b: star wars|psn
|
|-heal|p2a: don't pick me up!!|96/100|[from] item: Leftovers
|-damage|p2b: star wars|13/100 psn|[from] psn
|upkeep
|inactive|gundnub has 30 seconds left.
|
|t:|1783343836
|switch|p1b: Krookodile|Krookodile, L50, M|100/100
|-ability|p1b: Krookodile|Intimidate|boost
|-unboost|p2a: don't pick me up!!|atk|1
|-unboost|p2b: star wars|atk|1
|turn|6
|inactive|gundnub has 30 seconds left.
|
|t:|1783343862
|move|p2b: star wars|Liquidation|p1a: Toxicroak
|-heal|p1a: Toxicroak|100/100|[from] ability: Dry Skin|[of] p2b: star wars
|move|p1a: Toxicroak|Close Combat|p2b: star wars
|-resisted|p2b: star wars|1
|-crit|p2b: star wars
|-damage|p2b: star wars|0 fnt
|-unboost|p1a: Toxicroak|def|1
|-unboost|p1a: Toxicroak|spd|1
|faint|p2b: star wars
|-enditem|p1a: Toxicroak|White Herb
|-clearnegativeboost|p1a: Toxicroak|[silent]
|move|p1b: Krookodile|Lash Out|p2a: don't pick me up!!
|-resisted|p2a: don't pick me up!!|1
|-damage|p2a: don't pick me up!!|84/100
|move|p2a: don't pick me up!!|Iron Defense|p2a: don't pick me up!!
|-boost|p2a: don't pick me up!!|def|2
|
|-heal|p2a: don't pick me up!!|90/100|[from] item: Leftovers
|upkeep
|
|t:|1783343884
|switch|p2b: troublemaker|Gengar, L50, F|22/100
|turn|7
|inactive|gundnub has 30 seconds left.
|
|t:|1783343909
|move|p2b: troublemaker|Shadow Ball|p1a: Toxicroak
|-damage|p1a: Toxicroak|34/100
|move|p1a: Toxicroak|Gunk Shot|p2a: don't pick me up!!
|-supereffective|p2a: don't pick me up!!|1
|-damage|p2a: don't pick me up!!|46/100
|-status|p2a: don't pick me up!!|psn
|move|p1b: Krookodile|High Horsepower|p2b: troublemaker
|-supereffective|p2b: troublemaker|1
|-damage|p2b: troublemaker|0 fnt
|faint|p2b: troublemaker
|move|p2a: don't pick me up!!|Body Press|p1a: Toxicroak
|-resisted|p1a: Toxicroak|1
|-crit|p1a: Toxicroak
|-damage|p1a: Toxicroak|0 fnt
|faint|p1a: Toxicroak
|
|-heal|p2a: don't pick me up!!|52/100 psn|[from] item: Leftovers
|-damage|p2a: don't pick me up!!|40/100 psn|[from] psn
|upkeep
|
|t:|1783343927
|switch|p2b: monkeying around|Infernape, L50, F, shiny|100/100
|switch|p1a: Chandelure|Chandelure, L50, F|100/100
|turn|8
|inactive|vibe-teambuilding has 30 seconds left.
|
|t:|1783343954
|move|p2a: don't pick me up!!|Spiky Shield|p2a: don't pick me up!!
|-singleturn|p2a: don't pick me up!!|move: Protect
|move|p2b: monkeying around|Coaching|p2a: don't pick me up!!
|-boost|p2a: don't pick me up!!|atk|1
|-boost|p2a: don't pick me up!!|def|1
|move|p1b: Krookodile|High Horsepower|p2b: monkeying around
|-supereffective|p2b: monkeying around|1
|-enditem|p2b: monkeying around|Focus Sash
|-damage|p2b: monkeying around|1/100
|move|p1a: Chandelure|Heat Wave|p2a: don't pick me up!!|[spread] 
|-activate|p2a: don't pick me up!!|move: Protect
|-miss|p1a: Chandelure|p2b: monkeying around
|
|-heal|p2a: don't pick me up!!|46/100 psn|[from] item: Leftovers
|-damage|p2a: don't pick me up!!|34/100 psn|[from] psn
|upkeep
|turn|9
|
|t:|1783343972
|move|p2b: monkeying around|Coaching|p2a: don't pick me up!!
|-boost|p2a: don't pick me up!!|atk|1
|-boost|p2a: don't pick me up!!|def|1
|move|p1b: Krookodile|Rock Slide|p2a: don't pick me up!!|[spread] p2a,p2b
|-resisted|p2a: don't pick me up!!|1
|-damage|p2a: don't pick me up!!|32/100 psn
|-damage|p2b: monkeying around|0 fnt
|faint|p2b: monkeying around
|move|p1a: Chandelure|Heat Wave|p2a: don't pick me up!!
|-supereffective|p2a: don't pick me up!!|1
|-damage|p2a: don't pick me up!!|0 fnt
|faint|p2a: don't pick me up!!
|
|win|gundnub
|c|☆vibe-teambuilding|ggs
|c|☆gundnub|ggwp
|c|☆vibe-teambuilding|that damned frog is scary
|l|☆vibe-teambuilding
|player|p2|
|c|☆gundnub|when it hits its gunk shots lol
