|j|☆yunsen
|j|☆rtjhrhreh
|html|yunsenrtjhrhreh    
|uhtml|bestof|Game 1 of a best-of-3
|t:|1782484102
|gametype|doubles
|player|p1|yunsen|n|1100
|player|p2|rtjhrhreh|266|1040
|gen|9
|tier|[Gen 9 Champions] VGC 2026 Reg M-B (Bo3)
|rated|
|rule|Species Clause: Limit one of each Pokémon
|rule|Item Clause: Limit 1 of each item
|clearpoke
|poke|p1|Raichu, L50, F|
|poke|p1|Whimsicott, L50, F|
|poke|p1|Basculegion, L50, M|
|poke|p1|Garchomp, L50, F|
|poke|p1|Floette-Eternal, L50, F|
|poke|p1|Gholdengo, L50|
|poke|p2|Charizard, L50, F|
|poke|p2|Lucario, L50, M|
|poke|p2|Sinistcha, L50|
|poke|p2|Ninetales-Alola, L50, M|
|poke|p2|Staraptor, L50, F|
|poke|p2|Basculegion, L50, M|
|teampreview|4
|showteam|p1|Raichu||RaichuniteY|LightningRod|Protect,ZapCannon,FocusBlast,FakeOut|Modest||F|||50|]Whimsicott||FocusSash|Prankster|Protect,Moonblast,Tailwind,Encore|Timid||F|||50|]Basculegion||MysticWater|Adaptability|Protect,WaveCrash,LastRespects,AquaJet|Adamant||M|||50|]Garchomp||SitrusBerry|RoughSkin|RockSlide,StompingTantrum,DragonClaw,Protect|Jolly||F|||50|]Floette-Eternal||Floettite|FlowerVeil|Protect,Moonblast,DazzlingGleam,Psychic|Timid||F|||50|]Gholdengo||LifeOrb|GoodasGold|Protect,MakeItRain,NastyPlot,ShadowBall|Timid|||||50|
|showteam|p2|Charizard||CharizarditeX|Blaze|BreakingSwipe,FirePunch,ScaleShot,BellyDrum|Jolly||F|||50|]Lucario||FocusSash|InnerFocus|HelpingHand,Feint,HealPulse,Detect|Jolly||M|||50|]Sinistcha||SitrusBerry|Hospitality|MatchaGotcha,StrengthSap,TrickRoom,RagePowder|Calm|||||50|]Ninetales-Alola||NeverMeltIce|SnowWarning|Blizzard,Moonblast,AuroraVeil,Protect|Timid||M|||50|]Staraptor||ChoiceScarf|Intimidate|BraveBird,CloseCombat,Uturn,FinalGambit|Jolly||F|||50|]Basculegion||LifeOrb|Adaptability|WaveCrash,LastRespects,AquaJet,Protect|Adamant||M|||50|
|inactive|Battle timer is ON: inactive players will automatically lose when time's up. (requested by yunsen)
|inactive|yunsen has 60 seconds left.
|inactive|rtjhrhreh has 60 seconds left.
|
|t:|1782484148
|teamsize|p1|4
|teamsize|p2|4
|start
|switch|p1a: Floette|Floette-Eternal, L50, F|100/100
|switch|p1b: Raichu|Raichu, L50, F|100/100
|switch|p2a: Ninetales|Ninetales-Alola, L50, M|100/100
|switch|p2b: Staraptor|Staraptor, L50, F|100/100
|-ability|p2b: Staraptor|Intimidate|boost
|-unboost|p1a: Floette|atk|1
|-unboost|p1b: Raichu|atk|1
|-weather|Snowscape|[from] ability: Snow Warning|[of] p2a: Ninetales
|turn|1
|inactive|rtjhrhreh has 30 seconds left.
|inactive|rtjhrhreh has 20 seconds left.
|
|t:|1782484187
|switch|p2b: Sinistcha|Sinistcha, L50|100/100
|detailschange|p1a: Floette|Floette-Mega, L50, F
|-mega|p1a: Floette|Floette|Floettite
|-ability|p1a: Floette|Fairy Aura
|move|p1b: Raichu|Fake Out|p2b: Sinistcha
|-immune|p2b: Sinistcha
|move|p2a: Ninetales|Aurora Veil|p2a: Ninetales
|-sidestart|p2: rtjhrhreh|move: Aurora Veil
|move|p1a: Floette|Moonblast|p2b: Sinistcha
|-damage|p2b: Sinistcha|51/100
|
|-weather|Snowscape|[upkeep]
|upkeep
|turn|2
|inactive|yunsen has 30 seconds left.
|
|t:|1782484214
|move|p2a: Ninetales|Blizzard|p1a: Floette|[spread] p1a,p1b
|-damage|p1a: Floette|68/100
|-damage|p1b: Raichu|46/100
|move|p1a: Floette|Dazzling Gleam|p2b: Sinistcha|[spread] p2a,p2b
|-damage|p2a: Ninetales|59/100
|-damage|p2b: Sinistcha|22/100
|-enditem|p2b: Sinistcha|Sitrus Berry|[eat]
|-heal|p2b: Sinistcha|47/100|[from] item: Sitrus Berry
|move|p1b: Raichu|Zap Cannon|p2a: Ninetales
|-damage|p2a: Ninetales|21/100
|-status|p2a: Ninetales|par
|move|p2b: Sinistcha|Matcha Gotcha|p1a: Floette|[spread] p1a,p1b
|-damage|p1a: Floette|46/100
|-heal|p2b: Sinistcha|56/100|[from] drain|[of] p1a: Floette
|-damage|p1b: Raichu|8/100
|-heal|p2b: Sinistcha|73/100|[from] drain|[of] p1b: Raichu
|-status|p1b: Raichu|brn
|
|-weather|Snowscape|[upkeep]
|-damage|p1b: Raichu|2/100 brn|[from] brn
|upkeep
|turn|3
|inactive|rtjhrhreh has 30 seconds left.
|
|t:|1782484248
|move|p2a: Ninetales|Protect|p2a: Ninetales
|-singleturn|p2a: Ninetales|Protect
|move|p1a: Floette|Dazzling Gleam|p2a: Ninetales|[spread] p2b
|-activate|p2a: Ninetales|move: Protect
|-damage|p2b: Sinistcha|42/100
|move|p1b: Raichu|Zap Cannon|p2b: Sinistcha|[miss]
|-miss|p1b: Raichu|p2b: Sinistcha
|move|p2b: Sinistcha|Strength Sap|p1a: Floette
|-unboost|p1a: Floette|atk|1
|-heal|p2b: Sinistcha|76/100
|
|-weather|Snowscape|[upkeep]
|-damage|p1b: Raichu|0 fnt|[from] brn
|faint|p1b: Raichu
|upkeep
|
|t:|1782484256
|switch|p1b: Basculegion|Basculegion, L50, M|100/100
|turn|4
|inactive|rtjhrhreh has 30 seconds left.
|
|t:|1782484281
|switch|p2a: Staraptor|Staraptor, L50, F|100/100
|-ability|p2a: Staraptor|Intimidate|boost
|-unboost|p1a: Floette|atk|1
|-unboost|p1b: Basculegion|atk|1
|move|p1a: Floette|Dazzling Gleam|p2a: Staraptor|[spread] p2a,p2b
|-damage|p2a: Staraptor|54/100
|-damage|p2b: Sinistcha|46/100
|move|p1b: Basculegion|Last Respects|p2b: Sinistcha
|-supereffective|p2b: Sinistcha|1
|-damage|p2b: Sinistcha|0 fnt
|faint|p2b: Sinistcha
|
|-weather|Snowscape|[upkeep]
|upkeep
|
|t:|1782484293
|switch|p2b: Charizard|Charizard, L50, F|100/100
|turn|5
|
|t:|1782484317
|detailschange|p2b: Charizard|Charizard-Mega-X, L50, F
|-mega|p2b: Charizard|Charizard|Charizardite X
|move|p2a: Staraptor|Brave Bird|p1a: Floette
|-damage|p1a: Floette|0 fnt
|faint|p1a: Floette
|-damage|p2a: Staraptor|42/100|[from] Recoil
|move|p2b: Charizard|Belly Drum|p2b: Charizard
|-damage|p2b: Charizard|50/100g
|-setboost|p2b: Charizard|atk|6|[from] move: Belly Drum
|move|p1b: Basculegion|Wave Crash|p2b: Charizard
|-damage|p2b: Charizard|9/100
|-damage|p1b: Basculegion|88/100|[from] Recoil
|
|-weather|none
|-sideend|p2: rtjhrhreh|move: Aurora Veil
|upkeep
|
|t:|1782484330
|switch|p1a: Garchomp|Garchomp, L50, F|100/100
|turn|6
|
|t:|1782484346
|move|p1b: Basculegion|Aqua Jet|p2b: Charizard
|-damage|p2b: Charizard|0 fnt
|faint|p2b: Charizard
|move|p2a: Staraptor|Brave Bird|p1b: Basculegion
|-damage|p1b: Basculegion|31/100
|-damage|p2a: Staraptor|21/100|[from] Recoil
|move|p1a: Garchomp|Dragon Claw|p2a: Staraptor
|-damage|p2a: Staraptor|0 fnt
|faint|p2a: Staraptor
|
|upkeep
|
|t:|1782484369
|switch|p2a: Ninetales|Ninetales-Alola, L50, M|21/100 par
|-weather|Snowscape|[from] ability: Snow Warning|[of] p2a: Ninetales
|turn|7
|inactive|rtjhrhreh has 30 seconds left.
|
|t:|1782484403
|move|p1a: Garchomp|Stomping Tantrum|p2a: Ninetales
|-damage|p2a: Ninetales|0 fnt
|faint|p2a: Ninetales
|
|win|yunsen
||rtjhrhreh is ready for game 2.
||yunsen is ready for game 2.
|uhtml|next|Next: Game 2 of 3
|l|☆rtjhrhreh
|player|p2|
