|j|☆pranavg_oat
|j|☆d1mo22
|html|pranavg_oatd1mo22    
|uhtml|bestof|Game 1 of a best-of-3
|t:|1784195241
|gametype|doubles
|player|p1|pranavg_oat|265|1216
|player|p2|d1mo22|skier|1234
|gen|9
|tier|[Gen 9 Champions] VGC 2026 Reg M-B (Bo3)
|rated|
|rule|Species Clause: Limit one of each Pokémon
|rule|Item Clause: Limit 1 of each item
|clearpoke
|poke|p1|Whimsicott, L50, F|
|poke|p1|Staraptor, L50, M|
|poke|p1|Garchomp, L50, M|
|poke|p1|Gholdengo, L50|
|poke|p1|Basculegion, L50, M|
|poke|p1|Kingambit, L50, F|
|poke|p2|Raichu, L50, F|
|poke|p2|Gyarados, L50, F, shiny|
|poke|p2|Mamoswine, L50, F|
|poke|p2|Ceruledge, L50, M|
|poke|p2|Sinistcha, L50|
|poke|p2|Kingambit, L50, F, shiny|
|teampreview|4
|showteam|p1|Whimsicott||FocusSash|Prankster|Charm,Tailwind,Moonblast,Taunt|Timid||F|||50|]Staraptor||Staraptite|Intimidate|CloseCombat,BraveBird,Roost,Protect|Jolly||M|||50|]Garchomp||RoseliBerry|RoughSkin|Earthquake,StompingTantrum,RockSlide,Protect|Jolly||M|||50|]Gholdengo||LifeOrb|GoodasGold|MakeItRain,ShadowBall,PowerGem,Protect|Modest|||||50|]Basculegion||MysticWater|Adaptability|WaveCrash,LastRespects,AquaJet,Protect|Adamant||M|||50|]Kingambit||BlackGlasses|Defiant|SuckerPunch,KowtowCleave,IronHead,Protect|Adamant||F|||50|
|showteam|p2|Raichu||RaichuniteY|LightningRod|FakeOut,Encore,ZapCannon,FocusBlast|Timid||F|||50|]Gyarados||Gyaradosite|Intimidate|LashOut,Waterfall,DragonDance,Protect|Adamant||F|||50|]Mamoswine||LifeOrb|Oblivious|Protect,IcicleCrash,IceShard,HighHorsepower|Jolly||F|||50|]Ceruledge||ColburBerry|FlashFire|BitterBlade,ShadowSneak,BulkUp,Protect|Adamant||M|||50|]Sinistcha||SitrusBerry|Hospitality|Protect,RagePowder,MatchaGotcha,LifeDew|Bold|||||50|]Kingambit||FocusSash|Defiant|Protect,SuckerPunch,KowtowCleave,IronHead|Adamant||F|||50|
|inactive|Battle timer is ON: inactive players will automatically lose when time's up. (requested by d1mo22)
|
|t:|1784195291
|teamsize|p1|4
|teamsize|p2|4
|start
|switch|p1a: Whimsicott|Whimsicott, L50, F|100/100
|switch|p1b: Garchomp|Garchomp, L50, M|100/100
|switch|p2a: Raichu|Raichu, L50, F|100/100
|switch|p2b: Gyarados|Gyarados, L50, F, shiny|100/100
|-ability|p2b: Gyarados|Intimidate|boost
|-unboost|p1a: Whimsicott|atk|1
|-unboost|p1b: Garchomp|atk|1
|turn|1
|inactive|pranavg_oat has 30 seconds left.
|inactive|pranavg_oat has 20 seconds left.
|
|t:|1784195327
|move|p1b: Garchomp|Protect|p1b: Garchomp
|-singleturn|p1b: Garchomp|Protect
|move|p2a: Raichu|Fake Out|p1b: Garchomp
|-activate|p1b: Garchomp|move: Protect
|move|p1a: Whimsicott|Tailwind|p1a: Whimsicott
|-sidestart|p1: pranavg_oat|move: Tailwind
|move|p2b: Gyarados|Dragon Dance|p2b: Gyarados
|-boost|p2b: Gyarados|atk|1
|-boost|p2b: Gyarados|spe|1
|
|upkeep
|turn|2
|inactive|pranavg_oat has 30 seconds left.
|inactive|d1mo22 has 30 seconds left.
|inactive|pranavg_oat has 20 seconds left.
|inactive|d1mo22 has 20 seconds left.
|inactive|pranavg_oat has 15 seconds left.
|inactive|d1mo22 has 15 seconds left.
|inactive|d1mo22 has 10 seconds left.
|inactive|d1mo22 has 5 seconds left.
|
|t:|1784195382
|move|p1a: Whimsicott|Charm|p2b: Gyarados
|-unboost|p2b: Gyarados|atk|2
|move|p1b: Garchomp|Earthquake|p2a: Raichu|[spread] p1a,p2a
|-immune|p2b: Gyarados
|-resisted|p1a: Whimsicott|1
|-supereffective|p2a: Raichu|1
|-damage|p1a: Whimsicott|80/100
|-damage|p2a: Raichu|30/100
|move|p2b: Gyarados|Lash Out|p1b: Garchomp
|-damage|p1b: Garchomp|65/100
|-damage|p2b: Gyarados|87/100|[from] ability: Rough Skin|[of] p1b: Garchomp
|move|p2a: Raichu|Encore|p1a: Whimsicott
|-start|p1a: Whimsicott|Encore
|
|upkeep
|turn|3
|inactive|pranavg_oat has 30 seconds left.
|inactive|d1mo22 has 30 seconds left.
|
|t:|1784195415
|move|p1a: Whimsicott|Charm|p2b: Gyarados
|-unboost|p2b: Gyarados|atk|2
|move|p1b: Garchomp|Earthquake|p2b: Gyarados|[spread] p1a,p2a
|-immune|p2b: Gyarados
|-resisted|p1a: Whimsicott|1
|-supereffective|p2a: Raichu|1
|-damage|p1a: Whimsicott|59/100
|-damage|p2a: Raichu|0 fnt
|faint|p2a: Raichu
|move|p2b: Gyarados|Lash Out|p1b: Garchomp
|-damage|p1b: Garchomp|44/100
|-damage|p2b: Gyarados|75/100|[from] ability: Rough Skin|[of] p1b: Garchomp
|
|upkeep
|
|t:|1784195427
|switch|p2a: Mamoswine|Mamoswine, L50, F|100/100
|turn|4
|
|t:|1784195449
|switch|p2b: Kingambit|Kingambit, L50, F, shiny|100/100
|move|p1b: Garchomp|Protect|p1b: Garchomp
|-singleturn|p1b: Garchomp|Protect
|move|p1a: Whimsicott|Charm|p2a: Mamoswine
|-unboost|p2a: Mamoswine|atk|2
|move|p2a: Mamoswine|Ice Shard|p1b: Garchomp
|-activate|p1b: Garchomp|move: Protect
|
|-sideend|p1: pranavg_oat|move: Tailwind
|upkeep
|turn|5
|
|t:|1784195467
|move|p1a: Whimsicott|Charm|p2a: Mamoswine
|-unboost|p2a: Mamoswine|atk|2
|move|p2a: Mamoswine|Ice Shard|p1b: Garchomp
|-supereffective|p1b: Garchomp|2
|-damage|p1b: Garchomp|7/100
|-damage|p2a: Mamoswine|90/100|[from] item: Life Orb
|move|p1b: Garchomp|Rock Slide|p2b: Kingambit|[spread] p2a,p2b
|-crit|p2a: Mamoswine
|-resisted|p2b: Kingambit|1
|-damage|p2a: Mamoswine|57/100
|-damage|p2b: Kingambit|93/100
|move|p2b: Kingambit|Iron Head|p1a: Whimsicott
|-supereffective|p1a: Whimsicott|1
|-damage|p1a: Whimsicott|0 fnt
|faint|p1a: Whimsicott
|
|upkeep
|
|t:|1784195487
|switch|p1a: Staraptor|Staraptor, L50, M|100/100
|-ability|p1a: Staraptor|Intimidate|boost
|-fail|p2a: Mamoswine|unboost|Attack|[from] ability: Oblivious|[of] p2a: Mamoswine
|-unboost|p2b: Kingambit|atk|1
|-ability|p2b: Kingambit|Defiant|boost
|-boost|p2b: Kingambit|atk|2
|turn|6
|
|t:|1784195506
|switch|p2a: Gyarados|Gyarados, L50, F, shiny|75/100
|-ability|p2a: Gyarados|Intimidate|boost
|-unboost|p1a: Staraptor|atk|1
|-unboost|p1b: Garchomp|atk|1
|detailschange|p1a: Staraptor|Staraptor-Mega, L50, M
|-mega|p1a: Staraptor|Staraptor|Staraptite
|move|p2b: Kingambit|Protect|p2b: Kingambit
|-singleturn|p2b: Kingambit|Protect
|move|p1a: Staraptor|Close Combat|p2b: Kingambit
|-activate|p2b: Kingambit|move: Protect
|move|p1b: Garchomp|Earthquake|p2b: Kingambit|[spread] 
|-activate|p2b: Kingambit|move: Protect
|-immune|p1a: Staraptor
|-immune|p2a: Gyarados
|
|upkeep
|turn|7
|inactive|pranavg_oat has 30 seconds left.
|inactive|d1mo22 has 30 seconds left.
|
|t:|1784195531
|switch|p1a: Basculegion|Basculegion, L50, M|100/100
|move|p2b: Kingambit|Sucker Punch||[still]
|-fail|p2b: Kingambit
|move|p1b: Garchomp|Earthquake|p2a: Gyarados|[spread] p1a,p2b
|-immune|p2a: Gyarados
|-crit|p1a: Basculegion
|-supereffective|p2b: Kingambit|1
|-damage|p1a: Basculegion|36/100
|-damage|p2b: Kingambit|61/100
|move|p2a: Gyarados|Waterfall|p1a: Basculegion
|-resisted|p1a: Basculegion|1
|-damage|p1a: Basculegion|12/100
|
|upkeep
|turn|8
|inactive|pranavg_oat has 30 seconds left.
|inactive|d1mo22 has 30 seconds left.
|
|t:|1784195562
|switch|p1b: Staraptor|Staraptor-Mega, L50, M|100/100
|move|p1a: Basculegion|Protect|p1a: Basculegion
|-singleturn|p1a: Basculegion|Protect
|move|p2b: Kingambit|Protect|p2b: Kingambit
|-singleturn|p2b: Kingambit|Protect
|move|p2a: Gyarados|Dragon Dance|p2a: Gyarados
|-boost|p2a: Gyarados|atk|1
|-boost|p2a: Gyarados|spe|1
|
|upkeep
|turn|9
|inactive|d1mo22 has 30 seconds left.
|inactive|d1mo22 has 20 seconds left.
|inactive|d1mo22 has 15 seconds left.
|
|t:|1784195605
|detailschange|p2a: Gyarados|Gyarados-Mega, L50, F, shiny
|-mega|p2a: Gyarados|Gyarados|Gyaradosite
|-ability|p2a: Gyarados|Mold Breaker
|move|p2a: Gyarados|Waterfall|p1b: Staraptor
|-damage|p1b: Staraptor|16/100
|move|p1b: Staraptor|Close Combat|p2b: Kingambit
|-supereffective|p2b: Kingambit|2
|-damage|p2b: Kingambit|0 fnt
|-boost|p1b: Staraptor|def|1
|-boost|p1b: Staraptor|spd|1
|faint|p2b: Kingambit
|move|p1a: Basculegion|Last Respects|p2a: Gyarados
|-resisted|p2a: Gyarados|1
|-damage|p2a: Gyarados|44/100
|
|upkeep
|
|t:|1784195617
|switch|p2b: Mamoswine|Mamoswine, L50, F|57/100
|turn|10
|
|t:|1784195642
|move|p1b: Staraptor|Protect|p1b: Staraptor
|-singleturn|p1b: Staraptor|Protect
|move|p2b: Mamoswine|Ice Shard|p1b: Staraptor
|-activate|p1b: Staraptor|move: Protect
|move|p1a: Basculegion|Aqua Jet|p2b: Mamoswine
|-supereffective|p2b: Mamoswine|1
|-damage|p2b: Mamoswine|0 fnt
|faint|p2b: Mamoswine
|move|p2a: Gyarados|Lash Out|p1a: Basculegion
|-supereffective|p1a: Basculegion|1
|-damage|p1a: Basculegion|0 fnt
|faint|p1a: Basculegion
|
|upkeep
|
|t:|1784195656
|switch|p1a: Garchomp|Garchomp, L50, M|7/100
|turn|11
|
|t:|1784195663
|move|p2a: Gyarados|Waterfall|p1b: Staraptor
|-damage|p1b: Staraptor|0 fnt
|faint|p1b: Staraptor
|move|p1a: Garchomp|Rock Slide|p2a: Gyarados
|-damage|p2a: Gyarados|22/100
|
|upkeep
|turn|12
|
|t:|1784195673
|move|p2a: Gyarados|Waterfall|p1a: Garchomp
|-damage|p1a: Garchomp|0 fnt
|-damage|p2a: Gyarados|9/100|[from] ability: Rough Skin|[of] p1a: Garchomp
|faint|p1a: Garchomp
|
|win|d1mo22
||pranavg_oat is ready for game 2.
