|j|☆notagamblingaddict
|j|☆afgkhnlagfkl
|html|notagamblingaddictafgkhnlagfkl    
|uhtml|bestof|Game 2 of a best-of-3
|t:|1785189938
|gametype|doubles
|player|p1|notagamblingaddict|drayton|
|player|p2|afgkhnlagfkl|101|
|gen|9
|tier|[Gen 9 Champions] VGC 2026 Reg M-B (Bo3)
|rule|Species Clause: Limit one of each Pokémon
|rule|Item Clause: Limit 1 of each item
|clearpoke
|poke|p1|Delphox, L50, F|
|poke|p1|Meowstic, L50, M|
|poke|p1|Garchomp, L50, F, shiny|
|poke|p1|Milotic, L50, M|
|poke|p1|Toxicroak, L50, F|
|poke|p1|Sinistcha, L50|
|poke|p2|Incineroar, L50, F|
|poke|p2|Aerodactyl, L50, M|
|poke|p2|Rotom-Mow, L50|
|poke|p2|Goodra-Hisui, L50, F|
|poke|p2|Sylveon, L50, M|
|poke|p2|Swampert, L50, F|
|teampreview|4
|showteam|p1|Delphox||Delphoxite|Blaze|HeatWave,ScorchingSands,Protect,NastyPlot|Timid||F|||50|]Meowstic||SitrusBerry|Prankster|Gravity,FakeOut,HelpingHand,ThunderWave|Careful||M|||50|]Garchomp||ChoiceScarf|RoughSkin|Earthquake,DragonClaw,BrickBreak,RockSlide|Adamant||F|||50|]Milotic||Leftovers|Competitive|MuddyWater,IceBeam,Coil,Recover|Modest||M|||50|]Toxicroak||FocusSash|PoisonTouch|PoisonJab,FakeOut,CloseCombat,KnockOff|Adamant||F|||50|]Sinistcha|||Hospitality|MatchaGotcha,RagePowder,ShadowBall,LifeDew|Bold|||||50|
|showteam|p2|Incineroar||SitrusBerry|Intimidate|FakeOut,FlareBlitz,PartingShot,DarkestLariat|Adamant||F|||50|]Aerodactyl||FocusSash|Unnerve|RockSlide,DualWingbeat,Protect,Tailwind|Jolly||M|||50|]Rotom-Mow||ChoiceScarf|Levitate|VoltSwitch,Thunderbolt,LeafStorm,Electroweb|Timid|||||50|]Goodra-Hisui||Leftovers|ShellArmor|Shelter,BodyPress,HeavySlam,Protect|Bold||F|||50|]Sylveon||FairyFeather|Pixilate|HyperVoice,HyperBeam,Protect,QuickAttack|Modest||M|||50|]Swampert||ExpertBelt|Damp|WaveCrash,Avalanche,Blizzard,BrickBreak|Mild||F|||50|
|inactive|Battle timer is ON: inactive players will automatically lose when time's up. (requested by notagamblingaddict)
|
|t:|1785189944
|teamsize|p1|4
|teamsize|p2|4
|start
|switch|p1a: Delphox|Delphox, L50, F|100/100
|switch|p1b: Meowstic|Meowstic, L50, M|100/100
|switch|p2a: Aerodactyl|Aerodactyl, L50, M|100/100
|switch|p2b: Rotom|Rotom-Mow, L50|100/100
|-ability|p2a: Aerodactyl|Unnerve
|turn|1
|
|t:|1785189950
|switch|p2b: Incineroar|Incineroar, L50, F|100/100
|-ability|p2b: Incineroar|Intimidate|boost
|-unboost|p1a: Delphox|atk|1
|-unboost|p1b: Meowstic|atk|1
|detailschange|p1a: Delphox|Delphox-Mega, L50, F
|-mega|p1a: Delphox|Delphox|Delphoxite
|move|p2a: Aerodactyl|Protect|p2a: Aerodactyl
|-singleturn|p2a: Aerodactyl|Protect
|move|p1b: Meowstic|Fake Out|p2b: Incineroar
|-damage|p2b: Incineroar|96/100
|move|p1a: Delphox|Heat Wave|p2b: Incineroar|[spread] p2b
|-activate|p2a: Aerodactyl|move: Protect
|-resisted|p2b: Incineroar|1
|-damage|p2b: Incineroar|77/100
|
|upkeep
|turn|2
|
|t:|1785189959
|switch|p1a: Garchomp|Garchomp, L50, F, shiny|100/100
|move|p1b: Meowstic|Thunder Wave|p2a: Aerodactyl
|-status|p2a: Aerodactyl|par
|move|p2a: Aerodactyl|Rock Slide|p1b: Meowstic|[spread] p1a,p1b
|-resisted|p1a: Garchomp|1
|-damage|p1a: Garchomp|86/100
|-damage|p1b: Meowstic|76/100
|move|p2b: Incineroar|Darkest Lariat|p1a: Garchomp
|-damage|p1a: Garchomp|39/100
|-damage|p2b: Incineroar|64/100|[from] ability: Rough Skin|[of] p1a: Garchomp
|
|upkeep
|turn|3
|inactive|afgkhnlagfkl has 30 seconds left.
|
|t:|1785189987
|switch|p2b: Rotom|Rotom-Mow, L50|100/100
|move|p1b: Meowstic|Gravity|p1b: Meowstic
|-fieldstart|move: Gravity
|move|p1a: Garchomp|Earthquake|p2b: Rotom|[spread] p1b,p2a,p2b
|-supereffective|p2a: Aerodactyl|1
|-damage|p1b: Meowstic|30/100
|-enditem|p2a: Aerodactyl|Focus Sash
|-damage|p2a: Aerodactyl|1/100 par
|-damage|p2b: Rotom|38/100
|move|p2a: Aerodactyl|Tailwind|p2a: Aerodactyl
|-sidestart|p2: afgkhnlagfkl|move: Tailwind
|
|upkeep
|turn|4
|inactive|afgkhnlagfkl has 30 seconds left.
|
|t:|1785190019
|move|p1b: Meowstic|Helping Hand|p1a: Garchomp
|-singleturn|p1a: Garchomp|Helping Hand|[of] p1b: Meowstic
|move|p2b: Rotom|Leaf Storm|p1a: Garchomp
|-damage|p1a: Garchomp|0 fnt
|-unboost|p2b: Rotom|spa|2
|faint|p1a: Garchomp
|move|p2a: Aerodactyl|Rock Slide|p1b: Meowstic
|-damage|p1b: Meowstic|0 fnt
|faint|p1b: Meowstic
|
|upkeep
|
|t:|1785190024
|switch|p1a: Delphox|Delphox-Mega, L50, F|100/100
|switch|p1b: Milotic|Milotic, L50, M|100/100
|turn|5
|
|t:|1785190049
|move|p2b: Rotom|Leaf Storm|p1b: Milotic
|-supereffective|p1b: Milotic|1
|-damage|p1b: Milotic|58/100
|-unboost|p2b: Rotom|spa|2
|move|p1a: Delphox|Heat Wave|p2a: Aerodactyl|[spread] p2a,p2b
|-resisted|p2a: Aerodactyl|1
|-supereffective|p2b: Rotom|1
|-damage|p2a: Aerodactyl|0 fnt
|-damage|p2b: Rotom|0 fnt
|faint|p2a: Aerodactyl
|faint|p2b: Rotom
|move|p1b: Milotic|Coil|p1b: Milotic
|-boost|p1b: Milotic|atk|1
|-boost|p1b: Milotic|def|1
|-boost|p1b: Milotic|accuracy|1
|
|-heal|p1b: Milotic|64/100|[from] item: Leftovers
|upkeep
|
|t:|1785190060
|switch|p2a: Incineroar|Incineroar, L50, F|64/100
|switch|p2b: Goodra|Goodra-Hisui, L50, F|100/100
|-ability|p2a: Incineroar|Intimidate|boost
|-unboost|p1a: Delphox|atk|1
|-unboost|p1b: Milotic|atk|1
|-ability|p1b: Milotic|Competitive|boost
|-boost|p1b: Milotic|spa|2
|turn|6
|inactive|afgkhnlagfkl has 30 seconds left.
|inactive|afgkhnlagfkl has 20 seconds left.
|
|t:|1785190096
|move|p2a: Incineroar|Fake Out|p1b: Milotic
|-damage|p1b: Milotic|55/100
|move|p1a: Delphox|Scorching Sands|p2b: Goodra
|-supereffective|p2b: Goodra|1
|-damage|p2b: Goodra|61/100
|move|p2b: Goodra|Shelter|p2b: Goodra
|-boost|p2b: Goodra|def|2
|cant|p1b: Milotic|flinch
|
|-heal|p2b: Goodra|67/100|[from] item: Leftovers
|-heal|p1b: Milotic|61/100|[from] item: Leftovers
|-sideend|p2: afgkhnlagfkl|move: Tailwind
|upkeep
|turn|7
|
|t:|1785190116
|move|p1a: Delphox|Scorching Sands|p2b: Goodra
|-supereffective|p2b: Goodra|1
|-damage|p2b: Goodra|25/100
|move|p1b: Milotic|Muddy Water|p2b: Goodra|[spread] p2a,p2b
|-supereffective|p2a: Incineroar|1
|-resisted|p2b: Goodra|1
|-damage|p2a: Incineroar|0 fnt
|-damage|p2b: Goodra|6/100
|faint|p2a: Incineroar
|move|p2b: Goodra|Body Press|p1b: Milotic
|-damage|p1b: Milotic|29/100
|
|-heal|p1b: Milotic|35/100|[from] item: Leftovers
|-heal|p2b: Goodra|12/100|[from] item: Leftovers
|-fieldend|move: Gravity
|upkeep
|turn|8
|
|t:|1785190126
|move|p1a: Delphox|Scorching Sands|p2b: Goodra
|-supereffective|p2b: Goodra|1
|-damage|p2b: Goodra|0 fnt
|faint|p2b: Goodra
|
|win|notagamblingaddict
