|j|☆chaoticfarmer
|j|☆CretaceousDraconid
|html|chaoticfarmerCretaceousDraconid    
|uhtml|bestof|Game 2 of a best-of-3
|t:|1757650585
|gametype|doubles
|player|p1|chaoticfarmer|norman|1249
|player|p2|CretaceousDraconid|zinnia-masters|1374
|gen|9
|tier|[Gen 9] VGC 2025 Reg H (Bo3)
|rated|
|rule|Species Clause: Limit one of each Pokémon
|rule|Item Clause: Limit 1 of each item
|clearpoke
|poke|p1|Rillaboom, L50, M|
|poke|p1|Pelipper, L50, M|
|poke|p1|Sneasler, L50, M|
|poke|p1|Malamar, L50, M|
|poke|p1|Ursaluna-Bloodmoon, L50, M|
|poke|p1|Baxcalibur, L50, F|
|poke|p2|Malamar, L50, F|
|poke|p2|Whimsicott, L50, M|
|poke|p2|Farigiraf, L50, M|
|poke|p2|Salamence, L50, F|
|poke|p2|Sneasler, L50, F|
|poke|p2|Ursaluna-Bloodmoon, L50, M|
|teampreview|4
|showteam|p1|Rillaboom||AssaultVest|GrassySurge|FakeOut,GrassyGlide,WoodHammer,Uturn|||M|||50|,,,,,Fire]Pelipper||FocusSash|Drizzle|Tailwind,Hurricane,WideGuard,WeatherBall|||M|||50|,,,,,Ghost]Sneasler||GrassySeed|Unburden|CloseCombat,DireClaw,ThroatChop,Protect|||M|||50|,,,,,Dark]Malamar||CovertCloak|Contrary|TopsyTurvy,KnockOff,Superpower,TrickRoom|||M|||50|,,,,,Steel]Ursaluna-Bloodmoon||SafetyGoggles|MindsEye|BloodMoon,HyperVoice,EarthPower,Protect|||M|||50|,,,,,Ghost]Baxcalibur||WideLens|ThermalExchange|IcicleCrash,AquaTail,IceShard,Protect|||F|||50|,,,,,Water
|showteam|p2|Malamar||SitrusBerry|Contrary|KnockOff,Superpower,PsychoCut,TopsyTurvy|||F|||50|,,,,,Ghost]Whimsicott||CovertCloak|Prankster|Tailwind,FakeTears,Taunt,Moonblast|||M|||50|,,,,,Steel]Farigiraf||ThroatSpray|ArmorTail|PsychicNoise,HelpingHand,TrickRoom,HyperVoice|||M|||50|,,,,,Fairy]Salamence||ChoiceSpecs|Intimidate|DracoMeteor,Hurricane,HeatWave,AirSlash|||F|||50|,,,,,Fire]Sneasler||FocusSash|PoisonTouch|FakeOut,CloseCombat,DireClaw,ThroatChop|||F|||50|,,,,,Fairy]Ursaluna-Bloodmoon||LifeOrb|MindsEye|EarthPower,BloodMoon,HyperVoice,Protect|||M|||50|,,,,,Normal
|inactive|Battle timer is ON: inactive players will automatically lose when time's up. (requested by chaoticfarmer)
|
|t:|1757650616
|teamsize|p1|4
|teamsize|p2|4
|start
|switch|p1a: Malamar|Malamar, L50, M|100/100
|switch|p1b: Rillaboom|Rillaboom, L50, M|100/100
|switch|p2a: Whimsicott|Whimsicott, L50, M|100/100
|switch|p2b: Malamar|Malamar, L50, F|100/100
|-fieldstart|move: Grassy Terrain|[from] ability: Grassy Surge|[of] p1b: Rillaboom
|turn|1
|inactive|CretaceousDraconid has 30 seconds left.
|
|t:|1757650642
|move|p2a: Whimsicott|Moonblast|p1a: Malamar
|-supereffective|p1a: Malamar
|-damage|p1a: Malamar|40/100
|move|p1b: Rillaboom|U-turn|p2b: Malamar
|-supereffective|p2b: Malamar
|-damage|p2b: Malamar|0 fnt
|faint|p2b: Malamar
|
|t:|1757650652
|switch|p1b: Baxcalibur|Baxcalibur, L50, F|100/100|[from] U-turn
|move|p1a: Malamar|Trick Room|p1a: Malamar
|-fieldstart|move: Trick Room|[of] p1a: Malamar
|
|-heal|p1a: Malamar|47/100|[from] Grassy Terrain
|upkeep
|
|t:|1757650658
|switch|p2b: Ursaluna|Ursaluna-Bloodmoon, L50, M|100/100
|turn|2
|j| redshoes7
|
|t:|1757650668
|-terastallize|p2b: Ursaluna|Normal
|move|p1b: Baxcalibur|Protect|p1b: Baxcalibur
|-singleturn|p1b: Baxcalibur|Protect
|move|p2a: Whimsicott|Fake Tears|p1b: Baxcalibur
|-activate|p1b: Baxcalibur|move: Protect
|move|p1a: Malamar|Knock Off|p2b: Ursaluna
|-damage|p2b: Ursaluna|68/100
|-enditem|p2b: Ursaluna|Life Orb|[from] move: Knock Off|[of] p1a: Malamar
|move|p2b: Ursaluna|Hyper Voice|p1a: Malamar|[spread] p1a
|-activate|p1b: Baxcalibur|move: Protect
|-damage|p1a: Malamar|0 fnt
|faint|p1a: Malamar
|
|-heal|p2b: Ursaluna|74/100|[from] Grassy Terrain
|upkeep
|l| redshoes7
|
|t:|1757650679
|switch|p1a: Rillaboom|Rillaboom, L50, M|100/100
|turn|3
|
|t:|1757650686
|switch|p2a: Salamence|Salamence, L50, F|100/100
|-ability|p2a: Salamence|Intimidate|boost
|-unboost|p1a: Rillaboom|atk|1
|-unboost|p1b: Baxcalibur|atk|1
|move|p2b: Ursaluna|Protect|p2b: Ursaluna
|-singleturn|p2b: Ursaluna|Protect
|move|p1a: Rillaboom|Fake Out|p2b: Ursaluna
|-activate|p2b: Ursaluna|move: Protect
|move|p1b: Baxcalibur|Icicle Crash|p2a: Salamence
|-supereffective|p2a: Salamence
|-damage|p2a: Salamence|0 fnt
|faint|p2a: Salamence
|
|-heal|p2b: Ursaluna|80/100|[from] Grassy Terrain
|upkeep
|
|t:|1757650696
|switch|p2a: Whimsicott|Whimsicott, L50, M|100/100
|turn|4
|
|t:|1757650710
|move|p1b: Baxcalibur|Protect|p1b: Baxcalibur
|-singleturn|p1b: Baxcalibur|Protect
|move|p2a: Whimsicott|Fake Tears|p1a: Rillaboom
|-unboost|p1a: Rillaboom|spd|2
|move|p2b: Ursaluna|Blood Moon|p1a: Rillaboom
|-damage|p1a: Rillaboom|0 fnt
|faint|p1a: Rillaboom
|
|-heal|p2b: Ursaluna|86/100|[from] Grassy Terrain
|upkeep
|
|t:|1757650718
|switch|p1a: Pelipper|Pelipper, L50, M|100/100
|-weather|RainDance|[from] ability: Drizzle|[of] p1a: Pelipper
|turn|5
|
|t:|1757650742
|-terastallize|p1b: Baxcalibur|Water
|move|p1a: Pelipper|Wide Guard|p1a: Pelipper
|-singleturn|p1a: Pelipper|Wide Guard
|move|p2a: Whimsicott|Fake Tears|p1b: Baxcalibur
|-unboost|p1b: Baxcalibur|spd|2
|move|p2b: Ursaluna|Earth Power|p1b: Baxcalibur
|-damage|p1b: Baxcalibur|10/100
|move|p1b: Baxcalibur|Aqua Tail|p2b: Ursaluna
|-damage|p2b: Ursaluna|43/100
|
|-weather|RainDance|[upkeep]
|-heal|p2b: Ursaluna|48/100|[from] Grassy Terrain
|-heal|p1b: Baxcalibur|15/100|[from] Grassy Terrain
|-fieldend|move: Trick Room
|-fieldend|move: Grassy Terrain
|upkeep
|turn|6
|inactive|chaoticfarmer has 30 seconds left.
|
|t:|1757650775
|move|p1b: Baxcalibur|Protect|p1b: Baxcalibur
|-singleturn|p1b: Baxcalibur|Protect
|move|p2b: Ursaluna|Protect|p2b: Ursaluna
|-singleturn|p2b: Ursaluna|Protect
|move|p2a: Whimsicott|Tailwind|p2a: Whimsicott
|-sidestart|p2: CretaceousDraconid|move: Tailwind
|move|p1a: Pelipper|Hurricane|p2b: Ursaluna
|-activate|p2b: Ursaluna|move: Protect
|
|-weather|RainDance|[upkeep]
|upkeep
|turn|7
|inactive|chaoticfarmer has 30 seconds left.
|
|t:|1757650804
|move|p1a: Pelipper|Wide Guard|p1a: Pelipper
|-singleturn|p1a: Pelipper|Wide Guard
|move|p2a: Whimsicott|Taunt|p1a: Pelipper
|-start|p1a: Pelipper|move: Taunt
|move|p2b: Ursaluna|Earth Power|p1b: Baxcalibur
|-damage|p1b: Baxcalibur|0 fnt
|faint|p1b: Baxcalibur
|
|-weather|RainDance|[upkeep]
|upkeep
|turn|8
|
|t:|1757650818
|move|p2a: Whimsicott|Moonblast|p1a: Pelipper
|-damage|p1a: Pelipper|54/100
|move|p2b: Ursaluna|Blood Moon|p1a: Pelipper
|-damage|p1a: Pelipper|0 fnt
|faint|p1a: Pelipper
|
|win|CretaceousDraconid
|l|☆chaoticfarmer
|player|p1|
||chaoticfarmer is ready for game 3.
|inactive|CretaceousDraconid has 30 seconds to confirm battle start!
|inactive|CretaceousDraconid has 20 seconds to confirm battle start!
|inactive|CretaceousDraconid has 10 seconds to confirm battle start!
|uhtml|next|Next: Game 3 of 3
|l|☆CretaceousDraconid
|player|p2|
