|j|☆Il Mule
|j|☆la cabra1
|html|Il Mulela cabra1    
|uhtml|bestof|Game 2 of a best-of-3
|t:|1782988228
|gametype|doubles
|player|p1|Il Mule|salvatore|1387
|player|p2|la cabra1|volkner|1337
|gen|9
|tier|[Gen 9 Champions] VGC 2026 Reg M-B (Bo3)
|rated|
|rule|Species Clause: Limit one of each Pokémon
|rule|Item Clause: Limit 1 of each item
|clearpoke
|poke|p1|Excadrill, L50, M|
|poke|p1|Tyranitar, L50, M|
|poke|p1|Sneasler, L50, F|
|poke|p1|Incineroar, L50, F|
|poke|p1|Froslass, L50, F|
|poke|p1|Sinistcha, L50|
|poke|p2|Aerodactyl, L50, M|
|poke|p2|Garchomp, L50, M|
|poke|p2|Kingambit, L50, F|
|poke|p2|Charizard, L50, M|
|poke|p2|Sylveon, L50, M|
|poke|p2|Farigiraf, L50, F|
|teampreview|4
|showteam|p1|Excadrill||FocusSash|SandRush|HighHorsepower,RockSlide,IronHead,Protect|Adamant||M|||50|]Tyranitar||Tyranitarite|SandStream|KnockOff,RockSlide,DragonDance,Protect|Adamant||M|||50|]Sneasler||WhiteHerb|Unburden|CloseCombat,DireClaw,Coaching,FakeOut|Jolly||F|||50|]Incineroar||SitrusBerry|Intimidate|FlareBlitz,HelpingHand,PartingShot,FakeOut|Impish||F|||50|]Froslass||Froslassite|SnowCloak|Blizzard,ShadowBall,NastyPlot,Protect|Timid||F|||50|]Sinistcha||ColburBerry|Hospitality|MatchaGotcha,ShadowBall,RagePowder,Protect|Bold|||||50|
|showteam|p2|Aerodactyl||Aerodactylite|Unnerve|IceFang,RockSlide,Tailwind,DualWingbeat|Jolly||M|||50|]Garchomp||LifeOrb|RoughSkin|DragonClaw,StompingTantrum,Earthquake,Protect|Jolly||M|||50|]Kingambit||FocusSash|Defiant|SuckerPunch,KowtowCleave,IronHead,LowKick|Adamant||F|||50|]Charizard||CharizarditeY|SolarPower|Protect,HeatWave,SolarBeam,WeatherBall|Modest||M|||50|]Sylveon||FairyFeather|Pixilate|Protect,HyperVoice,HyperBeam,QuickAttack|Modest||M|||50|]Farigiraf||SitrusBerry|ArmorTail|TrickRoom,Thunderbolt,Psychic,Roar|Bold||F|||50|
|j| pirro9
|j| Mafav2
|j| rovesciaporci
|j| estupinanthepuledr
|
|t:|1782988289
|teamsize|p1|4
|teamsize|p2|4
|start
|switch|p1a: Sabotage|Sneasler, L50, F|100/100
|switch|p1b: odi et amo|Froslass, L50, F|100/100
|switch|p2a: Garchomp|Garchomp, L50, M|100/100
|switch|p2b: Sylveon|Sylveon, L50, M|100/100
|turn|1
|
|t:|1782988313
|switch|p2a: Kingambit|Kingambit, L50, F|100/100
|detailschange|p1b: odi et amo|Froslass-Mega, L50, F
|-mega|p1b: odi et amo|Froslass|Froslassite
|-weather|Snowscape|[from] ability: Snow Warning|[of] p1b: odi et amo
|move|p1a: Sabotage|Dire Claw|p2b: Sylveon
|-supereffective|p2b: Sylveon|1
|-damage|p2b: Sylveon|28/100
|move|p1b: odi et amo|Blizzard|p2b: Sylveon|[spread] p2a,p2b
|-resisted|p2a: Kingambit|1
|-damage|p2a: Kingambit|77/100
|-damage|p2b: Sylveon|0 fnt
|-status|p2a: Kingambit|frz
|faint|p2b: Sylveon
|
|-weather|Snowscape|[upkeep]
|upkeep
|
|t:|1782988327
|switch|p2b: Charizard|Charizard, L50, M|100/100
|turn|2
|
|t:|1782988350
|detailschange|p2b: Charizard|Charizard-Mega-Y, L50, M
|-mega|p2b: Charizard|Charizard|Charizardite Y
|-weather|SunnyDay|[from] ability: Drought|[of] p2b: Charizard
|cant|p2a: Kingambit|frz
|move|p1a: Sabotage|Close Combat|p2a: Kingambit
|-supereffective|p2a: Kingambit|2
|-damage|p2a: Kingambit|0 fnt
|-unboost|p1a: Sabotage|def|1
|-unboost|p1a: Sabotage|spd|1
|faint|p2a: Kingambit
|-enditem|p1a: Sabotage|White Herb
|-clearnegativeboost|p1a: Sabotage|[silent]
|move|p1b: odi et amo|Blizzard|p2b: Charizard|[miss]
|-miss|p1b: odi et amo|p2b: Charizard
|move|p2b: Charizard|Heat Wave|p1a: Sabotage|[spread] p1a,p1b
|-supereffective|p1b: odi et amo|1
|-damage|p1a: Sabotage|15/100
|-damage|p1b: odi et amo|0 fnt
|faint|p1b: odi et amo
|
|-weather|SunnyDay|[upkeep]
|upkeep
|c| rovesciaporci|fortuna che qui ci lasci la pace
|
|t:|1782988368
|switch|p1b: Quandro provo|Tyranitar, L50, M|100/100
|switch|p2a: Garchomp|Garchomp, L50, M|100/100
|-weather|Sandstorm|[from] ability: Sand Stream|[of] p1b: Quandro provo
|turn|3
|
|t:|1782988375
|move|p1b: Quandro provo|Protect|p1b: Quandro provo
|-singleturn|p1b: Quandro provo|Protect
|move|p1a: Sabotage|Coaching|p1b: Quandro provo
|-boost|p1b: Quandro provo|atk|1
|-boost|p1b: Quandro provo|def|1
|move|p2a: Garchomp|Earthquake|p1a: Sabotage|[spread] p1a
|-activate|p1b: Quandro provo|move: Protect
|-immune|p2b: Charizard
|-supereffective|p1a: Sabotage|1
|-damage|p1a: Sabotage|0 fnt
|faint|p1a: Sabotage
|-damage|p2a: Garchomp|90/100|[from] item: Life Orb
|move|p2b: Charizard|Weather Ball|p1b: Quandro provo
|-activate|p1b: Quandro provo|move: Protect
|
|-weather|Sandstorm|[upkeep]
|-damage|p2b: Charizard|93/100|[from] Sandstorm
|upkeep
|inactive|Battle timer is ON: inactive players will automatically lose when time's up. (requested by la cabra1)
|
|t:|1782988423
|switch|p1a: Sidy|Incineroar, L50, F|100/100
|-ability|p1a: Sidy|Intimidate|boost
|-unboost|p2a: Garchomp|atk|1
|-unboost|p2b: Charizard|atk|1
|turn|4
|
|t:|1782988438
|move|p1a: Sidy|Fake Out|p2a: Garchomp
|-damage|p2a: Garchomp|80/100
|-damage|p1a: Sidy|87/100|[from] ability: Rough Skin|[of] p2a: Garchomp
|cant|p2a: Garchomp|flinch
|move|p2b: Charizard|Weather Ball|p1b: Quandro provo
|-damage|p1b: Quandro provo|77/100
|move|p1b: Quandro provo|Dragon Dance|p1b: Quandro provo
|-boost|p1b: Quandro provo|atk|1
|-boost|p1b: Quandro provo|spe|1
|
|-weather|Sandstorm|[upkeep]
|-damage|p2b: Charizard|87/100|[from] Sandstorm
|-damage|p1a: Sidy|81/100|[from] Sandstorm
|upkeep
|turn|5
|inactive|Il Mule has 30 seconds left.
|inactive|Il Mule has 20 seconds left.
|
|t:|1782988473
|move|p1a: Sidy|Helping Hand|p1b: Quandro provo
|-singleturn|p1b: Quandro provo|Helping Hand|[of] p1a: Sidy
|move|p2a: Garchomp|Earthquake|p1a: Sidy|[spread] p1a,p1b
|-immune|p2b: Charizard
|-supereffective|p1a: Sidy|1
|-supereffective|p1b: Quandro provo|1
|-damage|p1a: Sidy|35/100
|-damage|p1b: Quandro provo|43/100
|-enditem|p1a: Sidy|Sitrus Berry|[eat]
|-heal|p1a: Sidy|59/100|[from] item: Sitrus Berry
|-damage|p2a: Garchomp|71/100|[from] item: Life Orb
|move|p1b: Quandro provo|Knock Off|p2a: Garchomp
|-damage|p2a: Garchomp|0 fnt
|-damage|p1b: Quandro provo|31/100|[from] ability: Rough Skin|[of] p2a: Garchomp
|-enditem|p2a: Garchomp|Life Orb|[from] move: Knock Off|[of] p1b: Quandro provo
|faint|p2a: Garchomp
|move|p2b: Charizard|Weather Ball|p1b: Quandro provo
|-damage|p1b: Quandro provo|7/100
|
|-weather|Sandstorm|[upkeep]
|-damage|p2b: Charizard|81/100|[from] Sandstorm
|-damage|p1a: Sidy|53/100|[from] Sandstorm
|upkeep
|turn|6
|c|☆Il Mule|persa la tie brutto
|c|☆Il Mule|per fortuna il tiranno tanka
|
|t:|1782988498
|move|p1b: Quandro provo|Protect|p1b: Quandro provo
|-singleturn|p1b: Quandro provo|Protect
|move|p2b: Charizard|Heat Wave|p1a: Sidy|[spread] p1a
|-activate|p1b: Quandro provo|move: Protect
|-resisted|p1a: Sidy|1
|-damage|p1a: Sidy|35/100
|move|p1a: Sidy|Parting Shot|p2b: Charizard
|-unboost|p2b: Charizard|atk|1
|-unboost|p2b: Charizard|spa|1
|
|-weather|Sandstorm|[upkeep]
|-damage|p2b: Charizard|75/100|[from] Sandstorm
|-damage|p1a: Sidy|29/100|[from] Sandstorm
|upkeep
|turn|7
|c| Mafav2|Sei in tie?
|c|☆Il Mule|yes
|c|☆Il Mule|non c'è modo per superare
|c|☆Il Mule|basterà off blitzone?
|inactive|Il Mule has 30 seconds left.
|
|t:|1782988528
|move|p1b: Quandro provo|Knock Off|p2b: Charizard
|-damage|p2b: Charizard|18/100
|move|p2b: Charizard|Heat Wave|p1b: Quandro provo|[spread] p1a,p1b
|-resisted|p1a: Sidy|1
|-resisted|p1b: Quandro provo|1
|-damage|p1a: Sidy|17/100
|-damage|p1b: Quandro provo|0 fnt
|faint|p1b: Quandro provo
|move|p1a: Sidy|Flare Blitz|p2b: Charizard
|-resisted|p2b: Charizard|1
|-damage|p2b: Charizard|0 fnt
|faint|p2b: Charizard
|-damage|p1a: Sidy|12/100|[from] Recoil
|
|win|Il Mule
||Il Mule is ready for game 3.
|inactive|la cabra1 has 30 seconds to confirm battle start!
||la cabra1 is ready for game 3.
|uhtml|next|Next: Game 3 of 3
|l| Mafav2
|j| Mafav2
|l| Mafav2
|l| rovesciaporci
|l| estupinanthepuledr
