|j|‽bleib1
|j|☆RegiSIXSEVEN
|html|bleib1RegiSIXSEVEN    
|uhtml|bestof|Game 1 of a best-of-3
|t:|1784901743
|gametype|doubles
|player|p1|bleib1|170|1073
|player|p2|RegiSIXSEVEN|266|1195
|gen|9
|tier|[Gen 9 Champions] VGC 2026 Reg M-B (Bo3)
|rated|
|rule|Species Clause: Limit one of each Pokémon
|rule|Item Clause: Limit 1 of each item
|clearpoke
|poke|p1|Metagross, L50|
|poke|p1|Aurorus, L50, M|
|poke|p1|Salazzle, L50, F|
|poke|p1|Sinistcha-Masterpiece, L50|
|poke|p1|Milotic, L50, M|
|poke|p1|Quaquaval, L50, M|
|poke|p2|Gengar, L50, F, shiny|
|poke|p2|Swampert, L50, M, shiny|
|poke|p2|Incineroar, L50, M, shiny|
|poke|p2|Politoed, L50, F, shiny|
|poke|p2|Archaludon, L50, F, shiny|
|poke|p2|Vivillon-Elegant, L50, M, shiny|
|teampreview|4
|showteam|p1|Metagross||Metagrossite|ClearBody|IronHead,PsychicFangs,Protect,BodyPress|Jolly|||||50|]Aurorus||LifeOrb|SnowWarning|Blizzard,AncientPower,Protect,FreezeDry|Modest||M|||50|]Salazzle||FocusSash|Oblivious|Encore,Disable,Overheat,FakeOut|Timid||F|||50|]Sinistcha-Masterpiece||KasibBerry|Hospitality|Protect,RagePowder,TrickRoom,MatchaGotcha|Bold|||||50|]Milotic||Leftovers|Competitive|Coil,Hypnosis,MuddyWater,Protect|Calm||M|||50|]Quaquaval||MysticWater|Moxie|AquaStep,CloseCombat,Detect,AquaJet|Adamant||M|||50|
|showteam|p2|Gengar||Gengarite|CursedBody|ShadowBall,SludgeBomb,PerishSong,Protect|Timid||F|||50|]Swampert||Swampertite|Damp|WaveCrash,Earthquake,IcePunch,Protect|Adamant||M|||50|]Incineroar||PasshoBerry|Intimidate|FakeOut,ThroatChop,PartingShot,Protect|Sassy||M|||50|]Politoed||ZoomLens|Drizzle|HydroPump,Hypnosis,PerishSong,Protect|Calm||F|||50|]Archaludon||Leftovers|Stamina|DragonPulse,FlashCannon,ElectroShot,Protect|Bold||F|||50|]Vivillon-Elegant||FocusSash|CompoundEyes|Hurricane,SleepPowder,RagePowder,Protect|Timid||M|||50|
|inactive|Battle timer is ON: inactive players will automatically lose when time's up. (requested by RegiSIXSEVEN)
|inactive|bleib1 has 60 seconds left.
|inactive|RegiSIXSEVEN has 60 seconds left.
|inactive|bleib1 has 30 seconds left.
|inactive|bleib1 has 20 seconds left.
|inactive|bleib1 has 15 seconds left.
|inactive|bleib1 has 10 seconds left.
|inactive|bleib1 has 5 seconds left.
|
|t:|1784901829
|teamsize|p1|4
|teamsize|p2|4
|start
|switch|p1a: Salazzle|Salazzle, L50, F|100/100
|switch|p1b: Aurorus|Aurorus, L50, M|100/100
|switch|p2a: Gengar|Gengar, L50, F, shiny|100/100
|switch|p2b: Vivillon|Vivillon-Elegant, L50, M, shiny|100/100
|-weather|Snowscape|[from] ability: Snow Warning|[of] p1b: Aurorus
|turn|1
|
|t:|1784901848
|detailschange|p2a: Gengar|Gengar-Mega, L50, F, shiny
|-mega|p2a: Gengar|Gengar|Gengarite
|move|p1a: Salazzle|Fake Out|p2b: Vivillon
|-damage|p2b: Vivillon|89/100
|move|p2a: Gengar|Perish Song|p2a: Gengar
|-start|p1a: Salazzle|perish3|[silent]
|-start|p1b: Aurorus|perish3|[silent]
|-start|p2a: Gengar|perish3|[silent]
|-start|p2b: Vivillon|perish3|[silent]
|-fieldactivate|move: Perish Song
|cant|p2b: Vivillon|flinch
|move|p1b: Aurorus|Blizzard|p2a: Gengar|[spread] p2a,p2b
|-supereffective|p2b: Vivillon|1
|-damage|p2a: Gengar|47/100
|-damage|p2b: Vivillon|0 fnt
|-status|p2a: Gengar|frz
|faint|p2b: Vivillon
|-damage|p1b: Aurorus|90/100|[from] item: Life Orb
|
|-weather|Snowscape|[upkeep]
|-start|p1a: Salazzle|perish3
|-start|p2a: Gengar|perish3
|-start|p1b: Aurorus|perish3
|upkeep
|
|t:|1784901858
|switch|p2b: Archaludon|Archaludon, L50, F, shiny|100/100
|turn|2
|
|t:|1784901875
|switch|p2a: Politoed|Politoed, L50, F, shiny|100/100
|-weather|RainDance|[from] ability: Drizzle|[of] p2a: Politoed
|move|p1a: Salazzle|Overheat|p2b: Archaludon
|-damage|p2b: Archaludon|72/100
|-unboost|p1a: Salazzle|spa|2
|-ability|p2b: Archaludon|Stamina|boost
|-boost|p2b: Archaludon|def|1
|move|p2b: Archaludon|Flash Cannon|p1b: Aurorus
|-supereffective|p1b: Aurorus|2
|-damage|p1b: Aurorus|0 fnt
|faint|p1b: Aurorus
|
|-weather|RainDance|[upkeep]
|-heal|p2b: Archaludon|78/100|[from] item: Leftovers
|-start|p1a: Salazzle|perish2
|upkeep
|inactive|bleib1 has 30 seconds left.
|inactive|bleib1 has 20 seconds left.
|
|t:|1784901912
|switch|p1b: Quaquaval|Quaquaval, L50, M|100/100
|turn|3
|
|t:|1784901932
|move|p1a: Salazzle|Encore|p2b: Archaludon
|-start|p2b: Archaludon|Encore
|move|p1b: Quaquaval|Close Combat|p2b: Archaludon
|-supereffective|p2b: Archaludon|1
|-damage|p2b: Archaludon|23/100
|-unboost|p1b: Quaquaval|def|1
|-unboost|p1b: Quaquaval|spd|1
|-ability|p2b: Archaludon|Stamina|boost
|-boost|p2b: Archaludon|def|1
|move|p2b: Archaludon|Flash Cannon|p1a: Salazzle
|-resisted|p1a: Salazzle|1
|-damage|p1a: Salazzle|69/100
|-unboost|p1a: Salazzle|spd|1
|move|p2a: Politoed|Hydro Pump|p1a: Salazzle
|-supereffective|p1a: Salazzle|1
|-damage|p1a: Salazzle|0 fnt
|faint|p1a: Salazzle
|
|-weather|RainDance|[upkeep]
|-heal|p2b: Archaludon|29/100|[from] item: Leftovers
|upkeep
|
|t:|1784901944
|switch|p1a: Metagross|Metagross, L50|100/100
|turn|4
|inactive|bleib1 has 30 seconds left.
|
|t:|1784901972
|detailschange|p1a: Metagross|Metagross-Mega, L50
|-mega|p1a: Metagross|Metagross|Metagrossite
|move|p1a: Metagross|Psychic Fangs|p2a: Politoed
|-damage|p2a: Politoed|40/100
|move|p1b: Quaquaval|Close Combat|p2b: Archaludon
|-supereffective|p2b: Archaludon|1
|-damage|p2b: Archaludon|0 fnt
|-unboost|p1b: Quaquaval|def|1
|-unboost|p1b: Quaquaval|spd|1
|faint|p2b: Archaludon
|-ability|p1b: Quaquaval|Moxie|boost
|-boost|p1b: Quaquaval|atk|1
|move|p2a: Politoed|Perish Song|p2a: Politoed
|-start|p1a: Metagross|perish3|[silent]
|-start|p1b: Quaquaval|perish3|[silent]
|-start|p2a: Politoed|perish3|[silent]
|-fieldactivate|move: Perish Song
|
|-weather|RainDance|[upkeep]
|-start|p1a: Metagross|perish3
|-start|p1b: Quaquaval|perish3
|-start|p2a: Politoed|perish3
|upkeep
|
|t:|1784901984
|switch|p2b: Gengar|Gengar-Mega, L50, F, shiny|47/100 frz
|turn|5
|inactive|RegiSIXSEVEN has 30 seconds left.
|
|t:|1784902011
|cant|p2b: Gengar|frz
|move|p1a: Metagross|Psychic Fangs|p2a: Politoed
|-damage|p2a: Politoed|0 fnt
|faint|p2a: Politoed
|move|p1b: Quaquaval|Aqua Step|p2b: Gengar
|-damage|p2b: Gengar|0 fnt
|-boost|p1b: Quaquaval|spe|1
|faint|p2b: Gengar
|
|win|bleib1
