|j|☆Xfile66
|j|☆MEGA FRAUD
|html|Xfile66MEGA FRAUD    
|uhtml|bestof|Game 2 of a best-of-3
|t:|1785319166
|gametype|doubles
|player|p1|Xfile66|benga|1000
|player|p2|MEGA FRAUD|266|1209
|gen|9
|tier|[Gen 9 Champions] VGC 2026 Reg M-B (Bo3)
|rated|
|rule|Species Clause: Limit one of each Pokémon
|rule|Item Clause: Limit 1 of each item
|clearpoke
|poke|p1|Pelipper, L50, F|
|poke|p1|Grimmsnarl, L50, M|
|poke|p1|Archaludon, L50, M|
|poke|p1|Sinistcha-Masterpiece, L50|
|poke|p1|Raichu, L50, M|
|poke|p1|Swampert, L50, F|
|poke|p2|Tyranitar, L50, F|
|poke|p2|Excadrill, L50, F|
|poke|p2|Milotic, L50, M|
|poke|p2|Sinistcha, L50|
|poke|p2|Staraptor, L50, F|
|poke|p2|Gholdengo, L50|
|teampreview|4
|showteam|p1|Pelipper||FocusSash|Drizzle|WideGuard,Hurricane,Tailwind,WeatherBall|Modest||F|||50|]Grimmsnarl||LightClay|Prankster|LightScreen,Reflect,PartingShot,SpiritBreak|Careful||M|||50|]Archaludon||Leftovers|Stamina|ElectroShot,DracoMeteor,FlashCannon,Protect|Modest||M|||50|]Sinistcha-Masterpiece||ColburBerry|Hospitality|LifeDew,TrickRoom,MatchaGotcha,RagePowder|Modest|||||50|]Raichu||RaichuniteY|LightningRod|FakeOut,ZapCannon,FocusBlast,Protect|Modest||M|||50|]Swampert||Swampertite|Damp|Protect,WaveCrash,HighHorsepower,KnockOff|Adamant||F|||50|
|showteam|p2|Tyranitar||Tyranitarite|SandStream|KnockOff,RockSlide,LowKick,Protect|Jolly||F|||50|]Excadrill||FocusSash|SandRush|HighHorsepower,IronHead,RockSlide,Protect|Adamant||F|||50|]Milotic||SitrusBerry|Competitive|Scald,IcyWind,IceBeam,Protect|Calm||M|||50|]Sinistcha||ColburBerry|Hospitality|MatchaGotcha,ShadowBall,Protect,RagePowder|Bold|||||50|]Staraptor||Staraptite|Intimidate|CloseCombat,BraveBird,Tailwind,Protect|Jolly||F|||50|]Gholdengo||LifeOrb|GoodasGold|MakeItRain,ShadowBall,NastyPlot,Protect|Modest|||||50|
|
|t:|1785319177
|teamsize|p1|4
|teamsize|p2|4
|start
|switch|p1a: Grimmsnarl|Grimmsnarl, L50, M|100/100
|switch|p1b: Swampert|Swampert, L50, F|100/100
|switch|p2a: Gholdengo|Gholdengo, L50|100/100
|switch|p2b: Sinistcha|Sinistcha, L50|100/100
|turn|1
|inactive|Battle timer is ON: inactive players will automatically lose when time's up. (requested by Xfile66)
|inactive|MEGA FRAUD also wants the timer to be on.
|
|t:|1785319189
|switch|p2b: Staraptor|Staraptor, L50, F|100/100
|-ability|p2b: Staraptor|Intimidate|boost
|-unboost|p1a: Grimmsnarl|atk|1
|-unboost|p1b: Swampert|atk|1
|detailschange|p1b: Swampert|Swampert-Mega, L50, F
|-mega|p1b: Swampert|Swampert|Swampertite
|move|p1a: Grimmsnarl|Parting Shot|p2b: Staraptor
|-unboost|p2b: Staraptor|atk|1
|-unboost|p2b: Staraptor|spa|1
|
|t:|1785319197
|switch|p1a: Pelipper|Pelipper, L50, F|100/100|[from] Parting Shot
|-weather|RainDance|[from] ability: Drizzle|[of] p1a: Pelipper
|move|p1b: Swampert|Knock Off|p2a: Gholdengo
|-supereffective|p2a: Gholdengo|1
|-damage|p2a: Gholdengo|51/100
|-enditem|p2a: Gholdengo|Life Orb|[from] move: Knock Off|[of] p1b: Swampert
|move|p2a: Gholdengo|Nasty Plot|p2a: Gholdengo
|-boost|p2a: Gholdengo|spa|2
|
|-weather|RainDance|[upkeep]
|upkeep
|turn|2
|
|t:|1785319217
|switch|p1b: Grimmsnarl|Grimmsnarl, L50, M|100/100
|switch|p2b: Tyranitar|Tyranitar, L50, F|100/100
|-weather|Sandstorm|[from] ability: Sand Stream|[of] p2b: Tyranitar
|move|p2a: Gholdengo|Protect|p2a: Gholdengo
|-singleturn|p2a: Gholdengo|Protect
|move|p1a: Pelipper|Hurricane|p2b: Tyranitar|[miss]
|-miss|p1a: Pelipper|p2b: Tyranitar
|
|-weather|Sandstorm|[upkeep]
|-damage|p1a: Pelipper|94/100|[from] Sandstorm
|-damage|p1b: Grimmsnarl|94/100|[from] Sandstorm
|upkeep
|turn|3
|inactive|Xfile66 has 30 seconds left.
|inactive|Xfile66 has 20 seconds left.
|
|t:|1785319253
|switch|p2b: Sinistcha|Sinistcha, L50|100/100
|-heal|p2a: Gholdengo|76/100|[from] ability: Hospitality|[of] p2b: Sinistcha
|move|p1a: Pelipper|Wide Guard|p1a: Pelipper
|-singleturn|p1a: Pelipper|Wide Guard
|move|p1b: Grimmsnarl|Reflect|p1b: Grimmsnarl
|-sidestart|p1: Xfile66|Reflect
|move|p2a: Gholdengo|Shadow Ball|p1a: Pelipper
|-damage|p1a: Pelipper|0 fnt
|faint|p1a: Pelipper
|
|-weather|Sandstorm|[upkeep]
|-damage|p2b: Sinistcha|94/100|[from] Sandstorm
|-damage|p1b: Grimmsnarl|88/100|[from] Sandstorm
|upkeep
|
|t:|1785319266
|switch|p1a: Swampert|Swampert-Mega, L50, F|100/100
|turn|4
|
|t:|1785319278
|move|p2b: Sinistcha|Rage Powder|p2b: Sinistcha
|-singleturn|p2b: Sinistcha|move: Rage Powder
|move|p1b: Grimmsnarl|Light Screen|p1b: Grimmsnarl
|-sidestart|p1: Xfile66|move: Light Screen
|move|p1a: Swampert|Knock Off|p2b: Sinistcha
|-supereffective|p2b: Sinistcha|1
|-enditem|p2b: Sinistcha|Colbur Berry|[eat]
|-enditem|p2b: Sinistcha|Colbur Berry|[weaken]
|-damage|p2b: Sinistcha|60/100
|move|p2a: Gholdengo|Shadow Ball|p1a: Swampert
|-damage|p1a: Swampert|48/100
|
|-weather|Sandstorm|[upkeep]
|-damage|p2b: Sinistcha|54/100|[from] Sandstorm
|-damage|p1b: Grimmsnarl|82/100|[from] Sandstorm
|upkeep
|turn|5
|
|t:|1785319293
|switch|p1a: Archaludon|Archaludon, L50, M|100/100
|move|p2b: Sinistcha|Rage Powder|p2b: Sinistcha
|-singleturn|p2b: Sinistcha|move: Rage Powder
|move|p2a: Gholdengo|Shadow Ball|p1a: Archaludon
|-damage|p1a: Archaludon|50/100g
|-ability|p1a: Archaludon|Stamina|boost
|-boost|p1a: Archaludon|def|1
|move|p1b: Grimmsnarl|Spirit Break|p2b: Sinistcha
|-damage|p2b: Sinistcha|29/100
|-unboost|p2b: Sinistcha|spa|1
|
|-weather|Sandstorm|[upkeep]
|-damage|p2b: Sinistcha|23/100|[from] Sandstorm
|-damage|p1b: Grimmsnarl|76/100|[from] Sandstorm
|-heal|p1a: Archaludon|56/100|[from] item: Leftovers
|upkeep
|turn|6
|
|t:|1785319317
|move|p2b: Sinistcha|Protect|p2b: Sinistcha
|-singleturn|p2b: Sinistcha|Protect
|move|p1b: Grimmsnarl|Parting Shot|p2b: Sinistcha
|-activate|p2b: Sinistcha|move: Protect
|move|p2a: Gholdengo|Shadow Ball|p1a: Archaludon
|-damage|p1a: Archaludon|7/100
|-ability|p1a: Archaludon|Stamina|boost
|-boost|p1a: Archaludon|def|1
|move|p1a: Archaludon|Draco Meteor|p2b: Sinistcha
|-activate|p2b: Sinistcha|move: Protect
|
|-weather|none
|-heal|p1a: Archaludon|13/100|[from] item: Leftovers
|upkeep
|turn|7
|
|t:|1785319335
|switch|p2b: Staraptor|Staraptor, L50, F|100/100
|-ability|p2b: Staraptor|Intimidate|boost
|-unboost|p1a: Archaludon|atk|1
|-unboost|p1b: Grimmsnarl|atk|1
|move|p1a: Archaludon|Protect|p1a: Archaludon
|-singleturn|p1a: Archaludon|Protect
|move|p1b: Grimmsnarl|Parting Shot|p2b: Staraptor
|-unboost|p2b: Staraptor|atk|1
|-unboost|p2b: Staraptor|spa|1
|
|t:|1785319343
|switch|p1b: Swampert|Swampert-Mega, L50, F|48/100|[from] Parting Shot
|move|p2a: Gholdengo|Make It Rain|p1b: Swampert|[spread] p1b
|-activate|p1a: Archaludon|move: Protect
|-resisted|p1b: Swampert|1
|-crit|p1b: Swampert
|-damage|p1b: Swampert|0 fnt
|-unboost|p2a: Gholdengo|spa|2
|faint|p1b: Swampert
|
|-heal|p1a: Archaludon|19/100|[from] item: Leftovers
|upkeep
|
|t:|1785319354
|switch|p1b: Grimmsnarl|Grimmsnarl, L50, M|76/100
|turn|8
|
|t:|1785319372
|detailschange|p2b: Staraptor|Staraptor-Mega, L50, F
|-mega|p2b: Staraptor|Staraptor|Staraptite
|move|p2b: Staraptor|Close Combat|p1a: Archaludon
|-supereffective|p1a: Archaludon|1
|-damage|p1a: Archaludon|0 fnt
|-boost|p2b: Staraptor|def|1
|-boost|p2b: Staraptor|spd|1
|faint|p1a: Archaludon
|move|p2a: Gholdengo|Make It Rain|p1b: Grimmsnarl
|-supereffective|p1b: Grimmsnarl|1
|-damage|p1b: Grimmsnarl|2/100
|-unboost|p2a: Gholdengo|spa|2
|move|p1b: Grimmsnarl|Spirit Break|p2a: Gholdengo
|-resisted|p2a: Gholdengo|1
|-damage|p2a: Gholdengo|63/100
|-unboost|p2a: Gholdengo|spa|1
|
|upkeep
|turn|9
|-message|Xfile66 forfeited.
|
|win|MEGA FRAUD
||Xfile66 is ready for game 3.
||MEGA FRAUD is ready for game 3.
|uhtml|next|Next: Game 3 of 3
|l|☆Xfile66
|player|p1|
