|j|☆hungry hillo
|j|☆kellyvgc
|html|hungry hillokellyvgc    
|uhtml|bestof|Game 2 of a best-of-3
|t:|1756841127
|gametype|doubles
|player|p1|hungry hillo|n|
|player|p2|kellyvgc|pokemonbreeder-gen4|
|gen|9
|tier|[Gen 9] VGC 2025 Reg H (Bo3)
|rule|Species Clause: Limit one of each Pokémon
|rule|Item Clause: Limit 1 of each item
|clearpoke
|poke|p1|Sneasler, L50, F|
|poke|p1|Clefable, L50, M|
|poke|p1|Gholdengo, L50|
|poke|p1|Rillaboom, L50, M|
|poke|p1|Dragapult, L50, M|
|poke|p1|Incineroar, L50, M|
|poke|p2|Annihilape, L50, F|
|poke|p2|Whimsicott, L50, M|
|poke|p2|Dragonite, L50, F|
|poke|p2|Gholdengo, L50|
|poke|p2|Garchomp, L50, F|
|poke|p2|Incineroar, L50, M|
|teampreview|4
|showteam|p1|Sneasler||FocusSash|Unburden|CloseCombat,DireClaw,Protect,ThroatChop|||F|||50|,,,,,Dark]Clefable||RockyHelmet|Unaware|Moonblast,IcyWind,FollowMe,LifeDew|||M|||50|,,,,,Ghost]Gholdengo||LifeOrb|GoodasGold|MakeItRain,ShadowBall,NastyPlot,Protect||||||50|,,,,,Water]Rillaboom||AssaultVest|GrassySurge|WoodHammer,GrassyGlide,HighHorsepower,FakeOut|||M|||50|,,,,,Fire]Dragapult||ChoiceSpecs|ClearBody|ShadowBall,Flamethrower,Thunderbolt,DracoMeteor|||M|||50|,,,,,Fire]Incineroar||MirrorHerb|Intimidate|FakeOut,KnockOff,PartingShot,FlareBlitz|||M|||50|,,,,,Bug
|showteam|p2|Annihilape||Leftovers|Defiant|RageFist,DrainPunch,BulkUp,Protect|||F|||50|,,,,,Fire]Whimsicott||CovertCloak|Prankster|Tailwind,BeatUp,Moonblast,SunnyDay|||M|||50|,,,,,Dark]Dragonite||LoadedDice|InnerFocus|ScaleShot,ExtremeSpeed,Haze,Protect|||F|||50|,,,,,Fairy]Gholdengo||LifeOrb|GoodasGold|MakeItRain,ShadowBall,NastyPlot,Protect||||||50|,,,,,Flying]Garchomp||ChoiceBand|RoughSkin|DragonClaw,Earthquake,IronHead,RockSlide|||F|||50|,,,,,Ground]Incineroar||SafetyGoggles|Intimidate|FakeOut,FlareBlitz,KnockOff,PartingShot|||M|||50|,,,,,Ghost
|c|☆hungry hillo|Gg
|
|t:|1756841160
|teamsize|p1|4
|teamsize|p2|4
|start
|switch|p1a: Incineroar|Incineroar, L50, M|100/100
|switch|p1b: Mr krabe|Gholdengo, L50|100/100
|switch|p2a: Annihilape|Annihilape, L50, F|100/100
|switch|p2b: Whimsicott|Whimsicott, L50, M|100/100
|-ability|p1a: Incineroar|Intimidate|boost
|-unboost|p2a: Annihilape|atk|1
|-ability|p2a: Annihilape|Defiant|boost
|-boost|p2a: Annihilape|atk|2
|-unboost|p2b: Whimsicott|atk|1
|-enditem|p1a: Incineroar|Mirror Herb
|-boost|p1a: Incineroar|atk|2|[from] item: Mirror Herb
|turn|1
|
|t:|1756841206
|-terastallize|p1a: Incineroar|Bug
|move|p1b: Mr krabe|Protect|p1b: Mr krabe
|-singleturn|p1b: Mr krabe|Protect
|move|p2b: Whimsicott|Tailwind|p2b: Whimsicott
|-sidestart|p2: kellyvgc|move: Tailwind
|move|p2a: Annihilape|Bulk Up|p2a: Annihilape
|-boost|p2a: Annihilape|atk|1
|-boost|p2a: Annihilape|def|1
|move|p1a: Incineroar|Knock Off|p2a: Annihilape
|-damage|p2a: Annihilape|45/100
|-enditem|p2a: Annihilape|Leftovers|[from] move: Knock Off|[of] p1a: Incineroar
|
|upkeep
|turn|2
|
|t:|1756841277
|switch|p2b: Gholdengo|Gholdengo, L50|100/100
|-terastallize|p2a: Annihilape|Fire
|move|p2a: Annihilape|Rage Fist|p1b: Mr krabe
|-supereffective|p1b: Mr krabe
|-damage|p1b: Mr krabe|0 fnt
|faint|p1b: Mr krabe
|move|p1a: Incineroar|Flare Blitz|p2a: Annihilape
|-resisted|p2a: Annihilape
|-damage|p2a: Annihilape|9/100
|-damage|p1a: Incineroar|88/100|[from] Recoil
|
|upkeep
|
|t:|1756841289
|switch|p1b: Dk|Rillaboom, L50, M|100/100
|-fieldstart|move: Grassy Terrain|[from] ability: Grassy Surge|[of] p1b: Dk
|turn|3
|
|t:|1756841308
|move|p1b: Dk|Fake Out|p2a: Annihilape
|-damage|p2a: Annihilape|0 fnt
|faint|p2a: Annihilape
|move|p2b: Gholdengo|Make It Rain|p1a: Incineroar|[spread] p1a,p1b
|-damage|p1a: Incineroar|41/100
|-damage|p1b: Dk|54/100
|-unboost|p2b: Gholdengo|spa|1
|-damage|p2b: Gholdengo|91/100|[from] item: Life Orb
|move|p1a: Incineroar|Knock Off|p2b: Gholdengo
|-supereffective|p2b: Gholdengo
|-damage|p2b: Gholdengo|0 fnt
|-enditem|p2b: Gholdengo|Life Orb|[from] move: Knock Off|[of] p1a: Incineroar
|faint|p2b: Gholdengo
|
|-heal|p1b: Dk|60/100|[from] Grassy Terrain
|-heal|p1a: Incineroar|47/100|[from] Grassy Terrain
|upkeep
|
|t:|1756841316
|switch|p2a: Garchomp|Garchomp, L50, F|100/100
|switch|p2b: Whimsicott|Whimsicott, L50, M|100/100
|turn|4
|
|t:|1756841353
|move|p1b: Dk|Grassy Glide|p2a: Garchomp
|-damage|p2a: Garchomp|63/100
|-damage|p1b: Dk|47/100|[from] ability: Rough Skin|[of] p2a: Garchomp
|move|p2a: Garchomp|Rock Slide|p1a: Incineroar|[spread] p1a,p1b
|-supereffective|p1a: Incineroar
|-damage|p1a: Incineroar|0 fnt
|-damage|p1b: Dk|16/100
|faint|p1a: Incineroar
|move|p2b: Whimsicott|Moonblast|p1b: Dk
|-damage|p1b: Dk|0 fnt
|faint|p1b: Dk
|
|-heal|p2a: Garchomp|69/100|[from] Grassy Terrain
|-sideend|p2: kellyvgc|move: Tailwind
|upkeep
|
|t:|1756841362
|switch|p1b: Dragapult|Dragapult, L50, M|100/100
|turn|5
|
|t:|1756841378
|move|p2b: Whimsicott|Tailwind|p2b: Whimsicott
|-sidestart|p2: kellyvgc|move: Tailwind
|move|p2a: Garchomp|Rock Slide|p1b: Dragapult
|-damage|p1b: Dragapult|43/100
|move|p1b: Dragapult|Flamethrower|p2b: Whimsicott
|-supereffective|p2b: Whimsicott
|-damage|p2b: Whimsicott|7/100
|
|-heal|p2a: Garchomp|75/100|[from] Grassy Terrain
|-heal|p2b: Whimsicott|13/100|[from] Grassy Terrain
|-heal|p1b: Dragapult|50/100|[from] Grassy Terrain
|upkeep
|turn|6
|
|t:|1756841387
|move|p2a: Garchomp|Rock Slide|p1b: Dragapult
|-damage|p1b: Dragapult|0 fnt
|faint|p1b: Dragapult
|
|win|kellyvgc
||hungry hillo is ready for game 3.
||kellyvgc is ready for game 3.
|uhtml|next|Next: Game 3 of 3
|l|☆kellyvgc
|player|p2|
