|j|☆ddx9000
|j|☆Lemonade Insurance
|html|ddx9000Lemonade Insurance    
|uhtml|bestof|Game 1 of a best-of-3
|t:|1756837855
|gametype|doubles
|player|p1|ddx9000|elesa|1210
|player|p2|Lemonade Insurance|266|1257
|gen|9
|tier|[Gen 9] VGC 2025 Reg H (Bo3)
|rated|
|rule|Species Clause: Limit one of each Pokémon
|rule|Item Clause: Limit 1 of each item
|clearpoke
|poke|p1|Incineroar, L50, M|
|poke|p1|Porygon2, L50|
|poke|p1|Amoonguss, L50, F|
|poke|p1|Hydreigon, L50, F|
|poke|p1|Ursaluna, L50, F|
|poke|p1|Gholdengo, L50|
|poke|p2|Indeedee, L50, M|
|poke|p2|Sneasler, L50, F|
|poke|p2|Annihilape, L50, M|
|poke|p2|Volcarona, L50, F|
|poke|p2|Excadrill, L50, F|
|poke|p2|Tyranitar, L50, M|
|teampreview|4
|showteam|p1|Incineroar||AssaultVest|Intimidate|FakeOut,Uturn,FlareBlitz,KnockOff|||M|||50|,,,,,Ghost]Porygon2||Eviolite|Download|TeraBlast,IceBeam,Recover,TrickRoom||||||50|,,,,,Fighting]Amoonguss||RockyHelmet|Regenerator|Spore,ClearSmog,RagePowder,PollenPuff|||F|||50|,,,,,Water]Hydreigon||SafetyGoggles|Levitate|Tailwind,Snarl,Protect,DracoMeteor|||F|||50|,,,,,Ghost]Ursaluna||FlameOrb|Guts|Protect,HeadlongRush,Earthquake,Facade|||F|||50|,,,,,Ghost]Gholdengo||LifeOrb|GoodasGold|Protect,NastyPlot,MakeItRain,ShadowBall||||||50|,,,,,Water
|showteam|p2|Indeedee||ChoiceScarf|PsychicSurge|ExpandingForce,TeraBlast,Trick,Protect|||M|||50|,,,,,Psychic]Sneasler||PsychicSeed|Unburden|CloseCombat,DireClaw,ThroatChop,Protect|||F|||50|,,,,,Dark]Annihilape||SafetyGoggles|Defiant|CloseCombat,RageFist,Taunt,FinalGambit|||M|||50|,,,,,Fairy]Volcarona||SitrusBerry|FlameBody|Overheat,StruggleBug,RagePowder,Tailwind|||F|||50|,,,,,Grass]Excadrill||FocusSash|SandRush|RockSlide,HighHorsepower,IronHead,Protect|||F|||50|,,,,,Stellar]Tyranitar||AssaultVest|SandStream|RockSlide,KnockOff,TeraBlast,LowKick|||M|||50|,,,,,Flying
|inactive|Battle timer is ON: inactive players will automatically lose when time's up. (requested by Lemonade Insurance)
|
|t:|1756837924
|teamsize|p1|4
|teamsize|p2|4
|start
|switch|p1a: Hydreigon|Hydreigon, L50, F|100/100
|switch|p1b: Ursaluna|Ursaluna, L50, F|100/100
|switch|p2a: Annihilape|Annihilape, L50, M|100/100
|switch|p2b: Volcarona|Volcarona, L50, F|100/100
|turn|1
|inactive|ddx9000 has 30 seconds left.
|
|t:|1756837954
|-terastallize|p1b: Ursaluna|Ghost
|move|p2b: Volcarona|Tailwind|p2b: Volcarona
|-sidestart|p2: Lemonade Insurance|move: Tailwind
|move|p2a: Annihilape|Final Gambit|p1a: Hydreigon
|-damage|p1a: Hydreigon|0 fnt
|faint|p2a: Annihilape
|faint|p1a: Hydreigon
|move|p1b: Ursaluna|Earthquake|p2b: Volcarona
|-damage|p2b: Volcarona|25/100
|-enditem|p2b: Volcarona|Sitrus Berry|[eat]
|-heal|p2b: Volcarona|50/100|[from] item: Sitrus Berry
|
|-status|p1b: Ursaluna|brn|[from] item: Flame Orb
|upkeep
|
|t:|1756837972
|switch|p1a: Incineroar|Incineroar, L50, M, shiny|100/100
|switch|p2a: Tyranitar|Tyranitar, L50, M|100/100
|-weather|Sandstorm|[from] ability: Sand Stream|[of] p2a: Tyranitar
|-ability|p1a: Incineroar|Intimidate|boost
|-unboost|p2a: Tyranitar|atk|1
|-unboost|p2b: Volcarona|atk|1
|turn|2
|
|t:|1756837993
|-terastallize|p2a: Tyranitar|Flying
|move|p1a: Incineroar|Fake Out|p2a: Tyranitar
|-damage|p2a: Tyranitar|90/100
|move|p2b: Volcarona|Rage Powder|p2b: Volcarona
|-singleturn|p2b: Volcarona|move: Rage Powder
|cant|p2a: Tyranitar|flinch
|move|p1b: Ursaluna|Facade|p2b: Volcarona
|-damage|p2b: Volcarona|0 fnt
|faint|p2b: Volcarona
|
|-weather|Sandstorm|[upkeep]
|-damage|p2a: Tyranitar|84/100|[from] Sandstorm
|-damage|p1a: Incineroar|95/100|[from] Sandstorm
|-damage|p1b: Ursaluna|95/100 brn|[from] Sandstorm
|-damage|p1b: Ursaluna|89/100 brn|[from] brn
|upkeep
|
|t:|1756838006
|switch|p2b: Excadrill|Excadrill, L50, F|100/100
|turn|3
|
|t:|1756838019
|switch|p1a: Gholdengo|Gholdengo, L50|100/100
|move|p1b: Ursaluna|Protect|p1b: Ursaluna
|-singleturn|p1b: Ursaluna|Protect
|move|p2b: Excadrill|Rock Slide|p1a: Gholdengo|[spread] 
|-activate|p1b: Ursaluna|move: Protect
|-miss|p2b: Excadrill|p1a: Gholdengo
|move|p2a: Tyranitar|Knock Off|p1b: Ursaluna
|-activate|p1b: Ursaluna|move: Protect
|
|-weather|Sandstorm|[upkeep]
|-damage|p2a: Tyranitar|78/100|[from] Sandstorm
|-damage|p1b: Ursaluna|83/100 brn|[from] Sandstorm
|-damage|p1b: Ursaluna|77/100 brn|[from] brn
|upkeep
|turn|4
|l|☆ddx9000
|inactive|ddx9000 disconnected and has a minute to reconnect!
|player|p1|
|inactive|ddx9000 has 30 seconds left.
|inactive|ddx9000 has 20 seconds left.
|inactive|ddx9000 has 15 seconds left.
|inactive|ddx9000 has 10 seconds left.
|inactive|ddx9000 has 5 seconds left.
|j|☆ddx9000
|inactive|ddx9000 reconnected and has 5 seconds left.
|player|p1|ddx9000|elesa|
|
|t:|1756838074
|move|p1a: Gholdengo|Protect|p1a: Gholdengo
|-singleturn|p1a: Gholdengo|Protect
|move|p1b: Ursaluna|Protect|p1b: Ursaluna
|-singleturn|p1b: Ursaluna|Protect
|move|p2b: Excadrill|High Horsepower|p1a: Gholdengo
|-activate|p1a: Gholdengo|move: Protect
|move|p2a: Tyranitar|Knock Off|p1b: Ursaluna
|-activate|p1b: Ursaluna|move: Protect
|
|-weather|Sandstorm|[upkeep]
|-damage|p2a: Tyranitar|73/100|[from] Sandstorm
|-damage|p1b: Ursaluna|71/100 brn|[from] Sandstorm
|-damage|p1b: Ursaluna|65/100 brn|[from] brn
|-sideend|p2: Lemonade Insurance|move: Tailwind
|upkeep
|turn|5
|
|t:|1756838091
|switch|p1a: Incineroar|Incineroar, L50, M, shiny|95/100
|-ability|p1a: Incineroar|Intimidate|boost
|-unboost|p2a: Tyranitar|atk|1
|-unboost|p2b: Excadrill|atk|1
|move|p2b: Excadrill|Rock Slide|p1a: Incineroar|[spread] p1a,p1b
|-supereffective|p1a: Incineroar
|-damage|p1a: Incineroar|65/100
|-damage|p1b: Ursaluna|53/100 brn
|move|p2a: Tyranitar|Rock Slide|p1a: Incineroar|[spread] p1a
|-miss|p2a: Tyranitar|p1b: Ursaluna
|-supereffective|p1a: Incineroar
|-crit|p1a: Incineroar
|-damage|p1a: Incineroar|0 fnt
|faint|p1a: Incineroar
|move|p1b: Ursaluna|Facade|p2a: Tyranitar
|-damage|p2a: Tyranitar|0 fnt
|faint|p2a: Tyranitar
|
|-weather|Sandstorm|[upkeep]
|-damage|p1b: Ursaluna|48/100 brn|[from] Sandstorm
|-damage|p1b: Ursaluna|42/100 brn|[from] brn
|upkeep
|
|t:|1756838103
|switch|p1a: Gholdengo|Gholdengo, L50|100/100
|turn|6
|
|t:|1756838115
|move|p2b: Excadrill|Protect|p2b: Excadrill
|-singleturn|p2b: Excadrill|Protect
|move|p1a: Gholdengo|Make It Rain|p2b: Excadrill
|-activate|p2b: Excadrill|move: Protect
|move|p1b: Ursaluna|Headlong Rush|p2b: Excadrill
|-activate|p2b: Excadrill|move: Protect
|
|-weather|none
|-damage|p1b: Ursaluna|36/100 brn|[from] brn
|upkeep
|turn|7
|
|t:|1756838126
|move|p2b: Excadrill|High Horsepower|p1a: Gholdengo
|-supereffective|p1a: Gholdengo
|-damage|p1a: Gholdengo|23/100
|move|p1a: Gholdengo|Shadow Ball|p2b: Excadrill
|-damage|p2b: Excadrill|22/100
|-unboost|p2b: Excadrill|spd|1
|-damage|p1a: Gholdengo|13/100|[from] item: Life Orb
|move|p1b: Ursaluna|Headlong Rush|p2b: Excadrill
|-supereffective|p2b: Excadrill
|-damage|p2b: Excadrill|0 fnt
|-unboost|p1b: Ursaluna|def|1
|-unboost|p1b: Ursaluna|spd|1
|faint|p2b: Excadrill
|
|win|ddx9000
||Lemonade Insurance is ready for game 2.
||ddx9000 is ready for game 2.
|uhtml|next|Next: Game 2 of 3
|l|☆ddx9000
|player|p1|
|l|☆Lemonade Insurance
|player|p2|
|j|☆ddx9000
|player|p1|ddx9000|elesa|
