|j|☆crimsonkidd
|j|☆Dudthestud
|html|crimsonkiddDudthestud    
|uhtml|bestof|Game 2 of a best-of-3
|t:|1757183066
|gametype|doubles
|player|p1|crimsonkidd|lance|1116
|player|p2|Dudthestud|101|1076
|gen|9
|tier|[Gen 9] VGC 2025 Reg H (Bo3)
|rated|
|rule|Species Clause: Limit one of each Pokémon
|rule|Item Clause: Limit 1 of each item
|clearpoke
|poke|p1|Tyranitar, L50, F|
|poke|p1|Garchomp, L50, F|
|poke|p1|Amoonguss, L50, M|
|poke|p1|Archaludon, L50, F|
|poke|p1|Milotic, L50, F|
|poke|p1|Dragonite, L50, M|
|poke|p2|Electabuzz, L50, M|
|poke|p2|Kingambit, L50, M|
|poke|p2|Volcarona, L50, M|
|poke|p2|Dragonite, L50, M|
|poke|p2|Sneasler, L50, F|
|poke|p2|Rillaboom, L50, F|
|teampreview|4
|showteam|p1|Tyranitar||AssaultVest|SandStream|KnockOff,RockSlide,TeraBlast,LowKick|||F|||50|,,,,,Flying]Garchomp||LifeOrb|SandVeil|Earthquake,SwordsDance,Protect,DragonClaw|||F|||50|,,,,,Ground]Amoonguss||CovertCloak|Regenerator|RagePowder,Spore,PollenPuff,SludgeBomb|||M|||50|,,,,,Water]Archaludon||PowerHerb|Sturdy|ElectroShot,AuraSphere,Protect,FlashCannon|||F|||50|,,,,,Stellar]Milotic||SitrusBerry|Competitive|Scald,IcyWind,Protect,Haze|||F|||50|,,,,,Poison]Dragonite||LoadedDice|Multiscale|ScaleShot,TeraBlast,Protect,Tailwind|||M|||50|,,,,,Flying
|showteam|p2|Electabuzz||Eviolite|VitalSpirit|FollowMe,Thunderbolt,Taunt,Protect|||M|||50|,,,,,Ghost]Kingambit||BlackGlasses|Defiant|KowtowCleave,SuckerPunch,SwordsDance,Protect|||M|||50|,,,,,Dark]Volcarona||Leftovers|FlameBody|HeatWave,TeraBlast,QuiverDance,Protect|||M|||50|,,,,,Fairy]Dragonite||LoadedDice|Multiscale|ScaleShot,ExtremeSpeed,Haze,Protect|||M|||50|,,,,,Fairy]Sneasler||FocusSash|Unburden|DireClaw,CloseCombat,Coaching,FakeOut|||F|||50|,,,,,Stellar]Rillaboom||AssaultVest|GrassySurge|FakeOut,WoodHammer,GrassyGlide,HighHorsepower|||F|||50|,,,,,Fire
|inactive|Battle timer is ON: inactive players will automatically lose when time's up. (requested by Dudthestud)
|inactive|crimsonkidd has 60 seconds left.
|
|t:|1757183099
|teamsize|p1|4
|teamsize|p2|4
|start
|switch|p1a: Amoonguss|Amoonguss, L50, M, shiny|100/100
|switch|p1b: Dragonite|Dragonite, L50, M|100/100
|switch|p2a: Volcarona|Volcarona, L50, M|100/100
|switch|p2b: Sneasler|Sneasler, L50, F|100/100
|turn|1
|
|t:|1757183121
|-terastallize|p2a: Volcarona|Fairy
|move|p2b: Sneasler|Fake Out|p1a: Amoonguss
|-damage|p1a: Amoonguss|90/100
|move|p2a: Volcarona|Quiver Dance|p2a: Volcarona
|-boost|p2a: Volcarona|spa|1
|-boost|p2a: Volcarona|spd|1
|-boost|p2a: Volcarona|spe|1
|move|p1b: Dragonite|Tailwind|p1b: Dragonite
|-sidestart|p1: crimsonkidd|move: Tailwind
|move|p1a: Amoonguss|Spore|p2a: Volcarona
|-status|p2a: Volcarona|slp|[from] move: Spore
|
|upkeep
|turn|2
|
|t:|1757183138
|move|p1b: Dragonite|Scale Shot|p2b: Sneasler
|-damage|p2b: Sneasler|75/100
|-damage|p2b: Sneasler|51/100
|-damage|p2b: Sneasler|24/100
|-crit|p2b: Sneasler
|-damage|p2b: Sneasler|0 fnt
|faint|p2b: Sneasler
|-hitcount|p2: Sneasler|4
|-unboost|p1b: Dragonite|def|1
|-boost|p1b: Dragonite|spe|1
|cant|p2a: Volcarona|slp
|move|p1a: Amoonguss|Sludge Bomb|p2a: Volcarona
|-supereffective|p2a: Volcarona
|-damage|p2a: Volcarona|68/100 slp
|
|-heal|p2a: Volcarona|74/100 slp|[from] item: Leftovers
|upkeep
|c|☆Dudthestud|Christ I can’t read
|
|t:|1757183156
|switch|p2b: Dragonite|Dragonite, L50, M|100/100
|turn|3
|c|☆crimsonkidd|its okat
|c|☆crimsonkidd|me too
|
|t:|1757183175
|switch|p2b: Rillaboom|Rillaboom, L50, F|100/100
|-fieldstart|move: Grassy Terrain|[from] ability: Grassy Surge|[of] p2b: Rillaboom
|move|p1b: Dragonite|Scale Shot|p2b: Rillaboom
|-damage|p2b: Rillaboom|87/100
|-damage|p2b: Rillaboom|72/100
|-damage|p2b: Rillaboom|59/100
|-damage|p2b: Rillaboom|45/100
|-hitcount|p2b: Rillaboom|4
|-unboost|p1b: Dragonite|def|1
|-boost|p1b: Dragonite|spe|1
|-curestatus|p2a: Volcarona|slp|[msg]
|move|p2a: Volcarona|Tera Blast|p1b: Dragonite|[anim] Tera Blast Fairy
|-supereffective|p1b: Dragonite
|-damage|p1b: Dragonite|35/100
|move|p1a: Amoonguss|Sludge Bomb|p2a: Volcarona
|-supereffective|p2a: Volcarona
|-damage|p2a: Volcarona|40/100
|
|-heal|p2a: Volcarona|46/100|[from] Grassy Terrain
|-heal|p2a: Volcarona|53/100|[from] item: Leftovers
|-heal|p2b: Rillaboom|51/100|[from] Grassy Terrain
|-heal|p1a: Amoonguss|96/100|[from] Grassy Terrain
|upkeep
|turn|4
|
|t:|1757183187
|move|p1b: Dragonite|Protect|p1b: Dragonite
|-singleturn|p1b: Dragonite|Protect
|move|p2b: Rillaboom|Fake Out|p1b: Dragonite
|-activate|p1b: Dragonite|move: Protect
|move|p2a: Volcarona|Heat Wave|p1a: Amoonguss|[spread] 
|-activate|p1b: Dragonite|move: Protect
|-miss|p2a: Volcarona|p1a: Amoonguss
|move|p1a: Amoonguss|Spore|p2a: Volcarona
|-status|p2a: Volcarona|slp|[from] move: Spore
|
|-heal|p2a: Volcarona|59/100 slp|[from] Grassy Terrain
|-heal|p2a: Volcarona|65/100 slp|[from] item: Leftovers
|-heal|p2b: Rillaboom|57/100|[from] Grassy Terrain
|-heal|p1a: Amoonguss|100/100|[from] Grassy Terrain
|-sideend|p1: crimsonkidd|move: Tailwind
|upkeep
|turn|5
|c|☆crimsonkidd|welp
|c|☆Dudthestud|And Volc needs eyes checked
|inactive|crimsonkidd has 30 seconds left.
|inactive|Dudthestud has 30 seconds left.
|
|t:|1757183218
|-terastallize|p1b: Dragonite|Flying
|move|p1b: Dragonite|Tera Blast|p2b: Rillaboom|[anim] Tera Blast Flying
|-supereffective|p2b: Rillaboom
|-damage|p2b: Rillaboom|0 fnt
|faint|p2b: Rillaboom
|cant|p2a: Volcarona|slp
|move|p1a: Amoonguss|Pollen Puff|p1b: Dragonite
|-heal|p1b: Dragonite|85/100
|
|-heal|p2a: Volcarona|71/100 slp|[from] Grassy Terrain
|-heal|p2a: Volcarona|78/100 slp|[from] item: Leftovers
|upkeep
|
|t:|1757183221
|switch|p2b: Dragonite|Dragonite, L50, M|100/100
|turn|6
|
|t:|1757183238
|move|p2b: Dragonite|Extreme Speed|p1b: Dragonite
|-damage|p1b: Dragonite|18/100
|move|p1a: Amoonguss|Rage Powder|p1a: Amoonguss
|-singleturn|p1a: Amoonguss|move: Rage Powder
|move|p1b: Dragonite|Tera Blast|p2a: Volcarona|[anim] Tera Blast Flying
|-damage|p2a: Volcarona|14/100 slp
|cant|p2a: Volcarona|slp
|
|-heal|p2a: Volcarona|20/100 slp|[from] Grassy Terrain
|-heal|p2a: Volcarona|27/100 slp|[from] item: Leftovers
|upkeep
|turn|7
|
|t:|1757183252
|move|p1b: Dragonite|Protect|p1b: Dragonite
|-singleturn|p1b: Dragonite|Protect
|move|p2b: Dragonite|Extreme Speed|p1b: Dragonite
|-activate|p1b: Dragonite|move: Protect
|-curestatus|p2a: Volcarona|slp|[msg]
|move|p2a: Volcarona|Heat Wave|p1a: Amoonguss|[spread] p1a
|-activate|p1b: Dragonite|move: Protect
|-supereffective|p1a: Amoonguss
|-damage|p1a: Amoonguss|2/100
|move|p1a: Amoonguss|Sludge Bomb|p2a: Volcarona
|-supereffective|p2a: Volcarona
|-damage|p2a: Volcarona|0 fnt
|faint|p2a: Volcarona
|
|-heal|p1a: Amoonguss|9/100|[from] Grassy Terrain
|-fieldend|move: Grassy Terrain
|upkeep
|turn|8
|
|t:|1757183268
|move|p2b: Dragonite|Extreme Speed|p1b: Dragonite
|-damage|p1b: Dragonite|0 fnt
|faint|p1b: Dragonite
|move|p1a: Amoonguss|Spore|p2b: Dragonite
|-status|p2b: Dragonite|slp|[from] move: Spore
|
|upkeep
|
|t:|1757183271
|switch|p1b: Garchomp|Garchomp, L50, F|100/100
|turn|9
|-message|Dudthestud forfeited.
|
|win|crimsonkidd
|l|☆Dudthestud
|player|p2|
||crimsonkidd is ready for game 3.
||Dudthestud is ready for game 3.
|uhtml|next|Next: Game 3 of 3
