|j|âک†Kotestplayer
|j|âک†kuoli00021
|html|Kotestplayerkuoli00021    
|uhtml|bestof|Game 1 of a best-of-3
|t:|1785671699
|gametype|doubles
|player|p1|Kotestplayer|169|
|player|p2|kuoli00021|265|
|gen|9
|tier|[Gen 9 Champions] VGC 2026 Reg M-B (Bo3)
|rule|Species Clause: Limit one of each Pokأ©mon
|rule|Item Clause: Limit 1 of each item
|clearpoke
|poke|p1|Tyranitar, L50, F|
|poke|p1|Incineroar, L50, M|
|poke|p1|Meganium, L50, M|
|poke|p1|Milotic, L50, F|
|poke|p1|Garchomp, L50, F|
|poke|p1|Gholdengo, L50|
|poke|p2|Raichu, L50, M|
|poke|p2|Milotic, L50, F|
|poke|p2|Ceruledge, L50, F|
|poke|p2|Incineroar, L50, M|
|poke|p2|Gengar, L50, F|
|poke|p2|Ninetales-Alola, L50, M|
|teampreview|4
|showteam|p1|Tyranitar||Tyranitarite|SandStream|Protect,RockSlide,KnockOff,IcePunch|Adamant||F|||50|]Incineroar||SitrusBerry|Intimidate|FakeOut,PartingShot,ThroatChop,FlareBlitz|Careful||M|||50|]Meganium||Meganiumite|Overgrow|SolarBeam,DazzlingGleam,WeatherBall,Protect|Modest||M|||50|]Milotic||Leftovers|Competitive|IcyWind,MuddyWater,Recover,Protect|Calm||F|||50|]Garchomp||LifeOrb|RoughSkin|Protect,RockSlide,DragonClaw,StompingTantrum|Jolly||F|||50|]Gholdengo||ChoiceScarf|GoodasGold|MakeItRain,ShadowBall,Thunderbolt,Trick|Modest|||||50|
|showteam|p2|Raichu||RaichuniteY|LightningRod|ZapCannon,FocusBlast,FakeOut,Protect|Timid||M|||50|]Milotic||Leftovers|Competitive|MuddyWater,Hypnosis,Coil,Recover|Calm||F|||50|]Ceruledge||ColburBerry|FlashFire|BitterBlade,ShadowSneak,BulkUp,Protect|Adamant||F|||50|]Incineroar||SitrusBerry|Intimidate|FlareBlitz,FakeOut,PartingShot,Protect|Sassy||M|||50|]Gengar||Gengarite|CursedBody|ShadowBall,PerishSong,Disable,Protect|Modest||F|||50|]Ninetales-Alola||NeverMeltIce|SnowWarning|Blizzard,FreezeDry,Encore,Protect|Timid||M|||50|
|l|âک†Kotestplayer
|player|p1|
|c|âک†kuoli00021|8:00é–‹ه§‹OKم„‡
|j| Jason0103
|j|âک†Kotestplayer
|player|p1|Kotestplayer|169|
|c|âک†Kotestplayer|وˆ‘è²¼ç¶²ه‌€ وˆ‘ç”¨و‰‹و©ںç‰ˆهڈ¯èƒ½وœƒن¸€ç›´و–·و–·ç؛Œç؛Œçڑ„هڈ¯ن»¥ن¸چé–‹و™‚éگکه—ژï¼ں
|c|âک†kuoli00021|OK
|l|âک†Kotestplayer
|player|p1|
|j|âک†Kotestplayer
|player|p1|Kotestplayer|169|
|j| CrazyOz
|l| CrazyOz
|j| CrazyOz
|l| CrazyOz
|j| CrazyOz
|j| Jeniferlowpayz
|c|âک†kuoli00021|GOGO
|
|t:|1785672041
|teamsize|p1|4
|teamsize|p2|4
|start
|switch|p1a: Incineroar|Incineroar, L50, M|100/100
|switch|p1b: Gholdengo|Gholdengo, L50|100/100
|switch|p2a: Raichu|Raichu, L50, M|100/100
|switch|p2b: Incineroar|Incineroar, L50, M|100/100
|-ability|p1a: Incineroar|Intimidate|boost
|-unboost|p2a: Raichu|atk|1
|-unboost|p2b: Incineroar|atk|1
|-ability|p2b: Incineroar|Intimidate|boost
|-unboost|p1a: Incineroar|atk|1
|-unboost|p1b: Gholdengo|atk|1
|turn|1
|c|âک†kuoli00021|è«‹ه¤ڑوŒ‡و•™
|
|t:|1785672088
|detailschange|p2a: Raichu|Raichu-Mega-Y, L50, M
|-mega|p2a: Raichu|Raichu|Raichunite Y
|move|p1a: Incineroar|Fake Out|p2b: Incineroar
|-damage|p2b: Incineroar|93/100
|move|p1b: Gholdengo|Shadow Ball|p2a: Raichu
|-damage|p2a: Raichu|41/100
|move|p2a: Raichu|Zap Cannon|p1b: Gholdengo
|-damage|p1b: Gholdengo|26/100
|-status|p1b: Gholdengo|par
|cant|p2b: Incineroar|flinch
|
|upkeep
|turn|2
|
|t:|1785672122
|move|p2a: Raichu|Protect|p2a: Raichu
|-singleturn|p2a: Raichu|Protect
|move|p1b: Gholdengo|Shadow Ball|p2a: Raichu
|-activate|p2a: Raichu|move: Protect
|move|p1a: Incineroar|Throat Chop|p2a: Raichu
|-activate|p2a: Raichu|move: Protect
|move|p2b: Incineroar|Flare Blitz|p1b: Gholdengo
|-supereffective|p1b: Gholdengo|1
|-damage|p1b: Gholdengo|0 fnt
|faint|p1b: Gholdengo
|-damage|p2b: Incineroar|85/100|[from] Recoil
|
|upkeep
|
|t:|1785672128
|switch|p1b: Tyranitar|Tyranitar, L50, F|100/100
|-weather|Sandstorm|[from] ability: Sand Stream|[of] p1b: Tyranitar
|turn|3
|j| benlulu
|
|t:|1785672154
|detailschange|p1b: Tyranitar|Tyranitar-Mega, L50, F
|-mega|p1b: Tyranitar|Tyranitar|Tyranitarite
|move|p2a: Raichu|Focus Blast|p1a: Incineroar
|-supereffective|p1a: Incineroar|1
|-damage|p1a: Incineroar|29/100
|-enditem|p1a: Incineroar|Sitrus Berry|[eat]
|-heal|p1a: Incineroar|54/100|[from] item: Sitrus Berry
|move|p1b: Tyranitar|Rock Slide|p2a: Raichu|[spread] p2a,p2b
|-supereffective|p2b: Incineroar|1
|-damage|p2a: Raichu|0 fnt
|-damage|p2b: Incineroar|16/100
|-enditem|p2b: Incineroar|Sitrus Berry|[eat]
|-heal|p2b: Incineroar|41/100|[from] item: Sitrus Berry
|faint|p2a: Raichu
|move|p1a: Incineroar|Throat Chop|p2b: Incineroar
|-resisted|p2b: Incineroar|1
|-damage|p2b: Incineroar|31/100
|-start|p2b: Incineroar|Throat Chop|[silent]
|cant|p2b: Incineroar|move: Throat Chop
|
|-weather|Sandstorm|[upkeep]
|-damage|p1a: Incineroar|48/100|[from] Sandstorm
|-damage|p2b: Incineroar|25/100|[from] Sandstorm
|upkeep
|j| Midoria100
|
|t:|1785672182
|switch|p2a: Ceruledge|Ceruledge, L50, F|100/100
|turn|4
|j| Luian VGC
|l| Luian VGC
|
|t:|1785672225
|switch|p1a: Milotic|Milotic, L50, F|100/100
|move|p2a: Ceruledge|Bulk Up|p2a: Ceruledge
|-boost|p2a: Ceruledge|atk|1
|-boost|p2a: Ceruledge|def|1
|move|p1b: Tyranitar|Rock Slide|p2b: Incineroar|[spread] p2b
|-miss|p1b: Tyranitar|p2a: Ceruledge
|-supereffective|p2b: Incineroar|1
|-damage|p2b: Incineroar|0 fnt
|faint|p2b: Incineroar
|
|-weather|Sandstorm|[upkeep]
|-damage|p1a: Milotic|93/100|[from] Sandstorm
|-damage|p2a: Ceruledge|93/100|[from] Sandstorm
|-heal|p1a: Milotic|100/100|[from] item: Leftovers
|upkeep
|
|t:|1785672236
|switch|p2b: Ninetales|Ninetales-Alola, L50, M|100/100
|-weather|Snowscape|[from] ability: Snow Warning|[of] p2b: Ninetales
|turn|5
|j| Luian VGC
|
|t:|1785672255
|switch|p1b: Incineroar|Incineroar, L50, M|48/100
|-ability|p1b: Incineroar|Intimidate|boost
|-unboost|p2a: Ceruledge|atk|1
|-unboost|p2b: Ninetales|atk|1
|move|p1a: Milotic|Protect|p1a: Milotic
|-singleturn|p1a: Milotic|Protect
|move|p2b: Ninetales|Freeze-Dry|p1a: Milotic
|-activate|p1a: Milotic|move: Protect
|move|p2a: Ceruledge|Bulk Up|p2a: Ceruledge
|-boost|p2a: Ceruledge|atk|1
|-boost|p2a: Ceruledge|def|1
|
|-weather|Snowscape|[upkeep]
|upkeep
|turn|6
|
|t:|1785672291
|switch|p1a: Tyranitar|Tyranitar-Mega, L50, F|100/100
|-weather|Sandstorm|[from] ability: Sand Stream|[of] p1a: Tyranitar
|move|p2b: Ninetales|Protect|p2b: Ninetales
|-singleturn|p2b: Ninetales|Protect
|move|p2a: Ceruledge|Bulk Up|p2a: Ceruledge
|-boost|p2a: Ceruledge|atk|1
|-boost|p2a: Ceruledge|def|1
|move|p1b: Incineroar|Flare Blitz|p2b: Ninetales
|-activate|p2b: Ninetales|move: Protect
|
|-weather|Sandstorm|[upkeep]
|-damage|p2b: Ninetales|94/100|[from] Sandstorm
|-damage|p2a: Ceruledge|87/100|[from] Sandstorm
|-damage|p1b: Incineroar|42/100|[from] Sandstorm
|upkeep
|turn|7
|l| CrazyOz
|j| CrazyOz
|
|t:|1785672324
|move|p2b: Ninetales|Blizzard|p1a: Tyranitar|[spread] p1a,p1b
|-resisted|p1b: Incineroar|1
|-damage|p1a: Tyranitar|82/100
|-damage|p1b: Incineroar|27/100
|move|p2a: Ceruledge|Bitter Blade|p1a: Tyranitar
|-resisted|p1a: Tyranitar|1
|-damage|p1a: Tyranitar|52/100
|-heal|p2a: Ceruledge|100/100|[from] drain|[of] p1a: Tyranitar
|move|p1a: Tyranitar|Rock Slide|p2b: Ninetales|[spread] p2a,p2b
|-supereffective|p2a: Ceruledge|1
|-supereffective|p2b: Ninetales|1
|-damage|p2a: Ceruledge|67/100
|-damage|p2b: Ninetales|0 fnt
|faint|p2b: Ninetales
|move|p1b: Incineroar|Parting Shot|p2a: Ceruledge
|-unboost|p2a: Ceruledge|atk|1
|-unboost|p2a: Ceruledge|spa|1
|
|t:|1785672340
|switch|p1b: Milotic|Milotic, L50, F|100/100|[from] Parting Shot
|
|-weather|Sandstorm|[upkeep]
|-damage|p1b: Milotic|93/100|[from] Sandstorm
|-damage|p2a: Ceruledge|60/100|[from] Sandstorm
|-heal|p1b: Milotic|100/100|[from] item: Leftovers
|upkeep
|turn|8
|
|t:|1785672353
|switch|p1a: Incineroar|Incineroar, L50, M|27/100
|-ability|p1a: Incineroar|Intimidate|boost
|-unboost|p2a: Ceruledge|atk|1
|move|p1b: Milotic|Muddy Water|p2a: Ceruledge
|-supereffective|p2a: Ceruledge|1
|-damage|p2a: Ceruledge|0 fnt
|faint|p2a: Ceruledge
|
|win|Kotestplayer
||kuoli00021 is ready for game 2.
|l| Midoria100
|inactive|Kotestplayer has 30 seconds to confirm battle start!
|inactive|Kotestplayer has 20 seconds to confirm battle start!
|l| CrazyOz
|inactive|Kotestplayer has 10 seconds to confirm battle start!
||Kotestplayer is ready for game 2.
|uhtml|next|Next: Game 2 of 3
|j| CrazyOz
|j| Midoria100
|l| CrazyOz
|j| Wow_Yang
|l| Jeniferlowpayz
|j| Hankk1995
|j| E10 parcticeteam
|l| E10 parcticeteam
|j| E10 parcticeteam
|l| benlulu
|l| E10 parcticeteam
|l| Luian VGC
|l| Midoria100
|l|âک†Kotestplayer
|player|p1|
|l| Hankk1995
