|j|☆MaoMaoMyqueen123
|j|☆rdw39
|html|MaoMaoMyqueen123rdw39    
|uhtml|bestof|Game 2 of a best-of-3
|t:|1756823634
|gametype|doubles
|player|p1|MaoMaoMyqueen123|acetrainerf-gen4dp|1000
|player|p2|rdw39|265|1089
|gen|9
|tier|[Gen 9] VGC 2025 Reg H (Bo3)
|rated|
|rule|Species Clause: Limit one of each Pokémon
|rule|Item Clause: Limit 1 of each item
|clearpoke
|poke|p1|Primarina, L50, F|
|poke|p1|Vivillon-Archipelago, L50, F|
|poke|p1|Porygon2, L50|
|poke|p1|Garchomp, L50, M|
|poke|p1|Gholdengo, L50|
|poke|p1|Incineroar, L50, F|
|poke|p2|Sneasler, L50, F|
|poke|p2|Indeedee, L50, M|
|poke|p2|Ursaluna-Bloodmoon, L50, M|
|poke|p2|Electabuzz, L50, F|
|poke|p2|Incineroar, L50, F|
|poke|p2|Talonflame, L50, F|
|teampreview|4
|showteam|p1|Primarina||SitrusBerry|LiquidVoice|HyperVoice,Moonblast,Haze,Protect|||F|||50|,,,,,Grass]Vivillon-Archipelago||FocusSash|CompoundEyes|Tailwind,Protect,RagePowder,SleepPowder|||F|||50|,,,,,Ghost]Porygon2||Eviolite|Download|TrickRoom,IceBeam,TeraBlast,Recover||||||50|,,,,,Fighting]Garchomp||LifeOrb|RoughSkin|StompingTantrum,Earthquake,DragonClaw,Protect|||M|||50|,,,,,Water]Gholdengo||MetalCoat|GoodasGold|NastyPlot,MakeItRain,ShadowBall,Protect||||||50|,,,,,Dragon]Incineroar||SafetyGoggles|Intimidate|FlareBlitz,PartingShot,FakeOut,KnockOff|||F|||50|,,,,,Ghost
|showteam|p2|Sneasler||PsychicSeed|Unburden|CloseCombat,DireClaw,ThroatChop,Protect|||F|||50|,,,,,Dark]Indeedee||FocusSash|PsychicSurge|ExpandingForce,TrickRoom,HelpingHand,Protect|||M|||50|,,,,,Psychic]Ursaluna-Bloodmoon||LifeOrb|MindsEye|BloodMoon,HyperVoice,EarthPower,Protect|||M|||50|,,,,,Normal]Electabuzz||Eviolite|VitalSpirit|Electroweb,FollowMe,Taunt,Protect|||F|||50|,,,,,Dragon]Incineroar||SafetyGoggles|Intimidate|FlareBlitz,KnockOff,PartingShot,FakeOut|||F|||50|,,,,,Ghost]Talonflame||CovertCloak|GaleWings|FlareBlitz,DualWingbeat,WillOWisp,Tailwind|||F|||50|,,,,,Fairy
|inactive|Battle timer is ON: inactive players will automatically lose when time's up. (requested by rdw39)
|
|t:|1756823643
|teamsize|p1|4
|teamsize|p2|4
|start
|switch|p1a: Porygon2|Porygon2, L50|100/100
|switch|p1b: Incineroar|Incineroar, L50, F|100/100
|switch|p2a: Indeedee|Indeedee, L50, M|100/100
|switch|p2b: Sneasler|Sneasler, L50, F|100/100
|-fieldstart|move: Psychic Terrain|[from] ability: Psychic Surge|[of] p2a: Indeedee
|-enditem|p2b: Sneasler|Psychic Seed
|-boost|p2b: Sneasler|spd|1|[from] item: Psychic Seed
|-ability|p1b: Incineroar|Intimidate|boost
|-unboost|p2a: Indeedee|atk|1
|-unboost|p2b: Sneasler|atk|1
|-ability|p1a: Porygon2|Download|boost
|-boost|p1a: Porygon2|atk|1
|turn|1
|inactive|MaoMaoMyqueen123 has 30 seconds left.
|inactive|rdw39 has 30 seconds left.
|inactive|MaoMaoMyqueen123 has 20 seconds left.
|inactive|rdw39 has 20 seconds left.
|inactive|rdw39 has 15 seconds left.
|inactive|MaoMaoMyqueen123 has 15 seconds left.
|inactive|rdw39 has 10 seconds left.
|inactive|MaoMaoMyqueen123 has 10 seconds left.
|
|t:|1756823698
|-terastallize|p1b: Incineroar|Ghost
|move|p2b: Sneasler|Dire Claw|p1a: Porygon2
|-damage|p1a: Porygon2|83/100
|-status|p1a: Porygon2|psn
|move|p2a: Indeedee|Expanding Force|p1b: Incineroar|[spread] p1a,p1b
|-damage|p1a: Porygon2|48/100 psn
|-damage|p1b: Incineroar|58/100
|move|p1b: Incineroar|Knock Off|p2a: Indeedee
|-supereffective|p2a: Indeedee
|-enditem|p2a: Indeedee|Focus Sash
|-damage|p2a: Indeedee|1/100
|move|p1a: Porygon2|Trick Room|p1a: Porygon2
|-fieldstart|move: Trick Room|[of] p1a: Porygon2
|
|-damage|p1a: Porygon2|35/100 psn|[from] psn
|upkeep
|turn|2
|inactive|rdw39 has 30 seconds left.
|inactive|rdw39 has 20 seconds left.
|
|t:|1756823734
|switch|p1a: Garchomp|Garchomp, L50, M|100/100
|-terastallize|p2b: Sneasler|Dark
|move|p1b: Incineroar|Knock Off|p2a: Indeedee
|-supereffective|p2a: Indeedee
|-damage|p2a: Indeedee|0 fnt
|faint|p2a: Indeedee
|move|p2b: Sneasler|Throat Chop|p1b: Incineroar
|-supereffective|p1b: Incineroar
|-damage|p1b: Incineroar|9/100
|-start|p1b: Incineroar|Throat Chop|[silent]
|
|upkeep
|
|t:|1756823744
|switch|p2a: Incineroar|Incineroar, L50, F|100/100
|-ability|p2a: Incineroar|Intimidate|boost
|-unboost|p1a: Garchomp|atk|1
|-unboost|p1b: Incineroar|atk|1
|turn|3
|
|t:|1756823767
|move|p1a: Garchomp|Protect|p1a: Garchomp
|-singleturn|p1a: Garchomp|Protect
|move|p2b: Sneasler|Protect|p2b: Sneasler
|-singleturn|p2b: Sneasler|Protect
|move|p1b: Incineroar|Flare Blitz|p2b: Sneasler
|-activate|p2b: Sneasler|move: Protect
|move|p2a: Incineroar|Parting Shot|p1a: Garchomp
|-activate|p1a: Garchomp|move: Protect
|
|-end|p1b: Incineroar|Throat Chop|[silent]
|upkeep
|turn|4
|inactive|MaoMaoMyqueen123 has 30 seconds left.
|inactive|rdw39 has 30 seconds left.
|inactive|MaoMaoMyqueen123 has 20 seconds left.
|inactive|rdw39 has 20 seconds left.
|
|t:|1756823804
|switch|p1b: Porygon2|Porygon2, L50|35/100 psn
|-ability|p1b: Porygon2|Download|boost
|-boost|p1b: Porygon2|atk|1
|move|p2a: Incineroar|Parting Shot|p1a: Garchomp
|-unboost|p1a: Garchomp|atk|1
|-unboost|p1a: Garchomp|spa|1
|
|t:|1756823811
|switch|p2a: Ursaluna|Ursaluna-Bloodmoon, L50, M|100/100|[from] Parting Shot
|move|p1a: Garchomp|Dragon Claw|p2b: Sneasler
|-damage|p2b: Sneasler|50/100
|-damage|p1a: Garchomp|91/100|[from] item: Life Orb
|move|p2b: Sneasler|Throat Chop|p1b: Porygon2
|-damage|p1b: Porygon2|18/100 psn
|-start|p1b: Porygon2|Throat Chop|[silent]
|
|-damage|p1b: Porygon2|5/100 psn|[from] psn
|upkeep
|turn|5
|inactive|MaoMaoMyqueen123 has 30 seconds left.
|inactive|rdw39 has 30 seconds left.
|inactive|MaoMaoMyqueen123 has 20 seconds left.
|inactive|rdw39 has 20 seconds left.
|inactive|rdw39 has 15 seconds left.
|inactive|rdw39 has 10 seconds left.
|
|t:|1756823859
|switch|p2a: Incineroar|Incineroar, L50, F|100/100
|-ability|p2a: Incineroar|Intimidate|boost
|-unboost|p1a: Garchomp|atk|1
|-unboost|p1b: Porygon2|atk|1
|move|p1b: Porygon2|Ice Beam|p2a: Incineroar
|-resisted|p2a: Incineroar
|-damage|p2a: Incineroar|89/100
|move|p1a: Garchomp|Dragon Claw|p2b: Sneasler
|-damage|p2b: Sneasler|13/100
|-damage|p1a: Garchomp|81/100|[from] item: Life Orb
|move|p2b: Sneasler|Close Combat|p1a: Garchomp
|-damage|p1a: Garchomp|30/100
|-unboost|p2b: Sneasler|def|1
|-unboost|p2b: Sneasler|spd|1
|-damage|p2b: Sneasler|0 fnt|[from] ability: Rough Skin|[of] p1a: Garchomp
|faint|p2b: Sneasler
|
|-damage|p1b: Porygon2|0 fnt|[from] psn
|faint|p1b: Porygon2
|-fieldend|move: Trick Room
|-fieldend|move: Psychic Terrain
|upkeep
|
|t:|1756823879
|switch|p2b: Ursaluna|Ursaluna-Bloodmoon, L50, M|100/100
|switch|p1b: Primarina|Primarina, L50, F|100/100
|turn|6
|inactive|rdw39 has 30 seconds left.
|
|t:|1756823907
|switch|p1a: Incineroar|Incineroar, L50, F, tera:Ghost|9/100
|-ability|p1a: Incineroar|Intimidate|boost
|-unboost|p2a: Incineroar|atk|1
|-unboost|p2b: Ursaluna|atk|1
|move|p1b: Primarina|Protect|p1b: Primarina
|-singleturn|p1b: Primarina|Protect
|move|p2a: Incineroar|Parting Shot|p1b: Primarina
|-activate|p1b: Primarina|move: Protect
|move|p2b: Ursaluna|Hyper Voice|p1a: Incineroar|[spread] p1a
|-activate|p1b: Primarina|move: Protect
|-damage|p1a: Incineroar|0 fnt
|faint|p1a: Incineroar
|-damage|p2b: Ursaluna|91/100|[from] item: Life Orb
|
|upkeep
|
|t:|1756823921
|switch|p1a: Garchomp|Garchomp, L50, M|30/100
|turn|7
|inactive|rdw39 has 30 seconds left.
|
|t:|1756823947
|move|p1a: Garchomp|Earthquake|p2a: Incineroar|[spread] p1b,p2a,p2b
|-supereffective|p2a: Incineroar
|-crit|p2b: Ursaluna
|-damage|p1b: Primarina|41/100
|-damage|p2a: Incineroar|0 fnt
|-damage|p2b: Ursaluna|31/100
|-enditem|p1b: Primarina|Sitrus Berry|[eat]
|-heal|p1b: Primarina|66/100|[from] item: Sitrus Berry
|faint|p2a: Incineroar
|-damage|p1a: Garchomp|20/100|[from] item: Life Orb
|move|p2b: Ursaluna|Blood Moon|p1b: Primarina
|-damage|p1b: Primarina|0 fnt
|faint|p1b: Primarina
|-damage|p2b: Ursaluna|21/100|[from] item: Life Orb
|
|upkeep
|turn|8
|
|t:|1756823964
|move|p1a: Garchomp|Earthquake|p2b: Ursaluna
|-damage|p2b: Ursaluna|0 fnt
|faint|p2b: Ursaluna
|-damage|p1a: Garchomp|10/100|[from] item: Life Orb
|
|win|MaoMaoMyqueen123
|raw|MaoMaoMyqueen123's rating: 1000 → 1050(+50 for winning)
|raw|rdw39's rating: 1089 → 1060(-29 for losing)
|c|☆MaoMaoMyqueen123|gg
|c|☆rdw39|gg
|l|☆rdw39
|player|p2|
