|j|☆RegionalModeSlow
|j|☆sapillo
|html|RegionalModeSlowsapillo    
|uhtml|bestof|Game 1 of a best-of-3
|t:|1756397097
|gametype|doubles
|player|p1|RegionalModeSlow|steven|1174
|player|p2|sapillo|169|1227
|gen|9
|tier|[Gen 9] VGC 2025 Reg H (Bo3)
|rated|
|rule|Species Clause: Limit one of each Pokémon
|rule|Item Clause: Limit 1 of each item
|clearpoke
|poke|p1|Noivern, L50, M|
|poke|p1|Weezing-Galar, L50, M|
|poke|p1|Gholdengo, L50|
|poke|p1|Garchomp, L50, F|
|poke|p1|Annihilape, L50, M|
|poke|p1|Magmar, L50, M|
|poke|p2|Tyranitar, L50, M|
|poke|p2|Garchomp, L50, M|
|poke|p2|Volcarona, L50, F|
|poke|p2|Amoonguss, L50, M|
|poke|p2|Dragonite, L50, F|
|poke|p2|Primarina, L50, F|
|teampreview|4
|showteam|p1|Noivern||CovertCloak|Telepathy|AirSlash,SuperFang,Tailwind,Taunt|||M|||50|,,,,,Steel]Weezing-Galar||ChoiceSpecs|NeutralizingGas|DazzlingGleam,SludgeBomb,StrangeSteam,Flamethrower|||M|||50|,,,,,Flying]Gholdengo||MetalCoat|GoodasGold|MakeItRain,ShadowBall,NastyPlot,Protect||||||50|,,,,,Flying]Garchomp||LifeOrb|RoughSkin|DragonClaw,Earthquake,StompingTantrum,Protect|||F|||50|,,,,,Ground]Annihilape||AssaultVest|Defiant|CloseCombat,ShadowClaw,FinalGambit,Uturn|||M|||50|,,,,,Stellar]Magmar||Eviolite|VitalSpirit|HeatWave,WillOWisp,FollowMe,Protect|||M|||50|,,,,,Ghost
|showteam|p2|Tyranitar||AssaultVest|SandStream|RockSlide,KnockOff,TeraBlast,LowKick|||M|||50|,,,,,Flying]Garchomp||ClearAmulet|RoughSkin|Earthquake,StompingTantrum,DragonClaw,Protect|||M|||50|,,,,,Ghost]Volcarona||CovertCloak|FlameBody|HeatWave,GigaDrain,QuiverDance,Protect|||F|||50|,,,,,Grass]Amoonguss||RockyHelmet|Regenerator|PollenPuff,Spore,Protect,RagePowder|||M|||50|,,,,,Water]Dragonite||LoadedDice|Multiscale|ScaleShot,Haze,Tailwind,Protect|||F|||50|,,,,,Fairy]Primarina||SafetyGoggles|LiquidVoice|Moonblast,HyperVoice,Protect,HelpingHand|||F|||50|,,,,,Poison
|inactive|Battle timer is ON: inactive players will automatically lose when time's up. (requested by RegionalModeSlow)
|inactive|sapillo has 60 seconds left.
|
|t:|1756397135
|teamsize|p1|4
|teamsize|p2|4
|start
|switch|p1a: Ozzy|Noivern, L50, M|100/100
|switch|p1b: Purple💜Haze|Weezing-Galar, L50, M|100/100
|switch|p2a: Garchomp|Garchomp, L50, M|100/100
|switch|p2b: Amoonguss|Amoonguss, L50, M|100/100
|-ability|p1b: Purple💜Haze|Neutralizing Gas
|turn|1
|
|t:|1756397153
|-terastallize|p1b: Purple💜Haze|Flying
|move|p2a: Garchomp|Protect|p2a: Garchomp
|-singleturn|p2a: Garchomp|Protect
|move|p1a: Ozzy|Taunt|p2b: Amoonguss
|-start|p2b: Amoonguss|move: Taunt
|move|p1b: Purple💜Haze|Dazzling Gleam|p2a: Garchomp|[spread] p2b
|-activate|p2a: Garchomp|move: Protect
|-resisted|p2b: Amoonguss
|-damage|p2b: Amoonguss|83/100
|cant|p2b: Amoonguss|move: Taunt|Spore
|
|upkeep
|turn|2
|
|t:|1756397165
|switch|p2a: Volcarona|Volcarona, L50, F|100/100
|move|p1a: Ozzy|Tailwind|p1a: Ozzy
|-sidestart|p1: RegionalModeSlow|move: Tailwind
|move|p1b: Purple💜Haze|Dazzling Gleam|p2a: Volcarona|[spread] p2a,p2b
|-resisted|p2a: Volcarona
|-resisted|p2b: Amoonguss
|-damage|p2a: Volcarona|80/100
|-damage|p2b: Amoonguss|68/100
|move|p2b: Amoonguss|Pollen Puff|p2a: Volcarona
|-heal|p2a: Volcarona|100/100
|
|upkeep
|turn|3
|
|t:|1756397181
|-end|p1b: Purple💜Haze|ability: Neutralizing Gas
|switch|p1b: Blåhaj|Garchomp, L50, F|100/100
|move|p1a: Ozzy|Taunt|p2a: Volcarona
|-start|p2a: Volcarona|move: Taunt
|cant|p2a: Volcarona|move: Taunt|Quiver Dance
|move|p2b: Amoonguss|Pollen Puff|p2a: Volcarona
|
|-end|p2b: Amoonguss|move: Taunt
|upkeep
|turn|4
|
|t:|1756397205
|move|p1a: Ozzy|Air Slash|p2b: Amoonguss
|-supereffective|p2b: Amoonguss
|-damage|p2b: Amoonguss|22/100
|move|p1b: Blåhaj|Earthquake|p2a: Volcarona|[spread] p2a,p2b
|-activate|p1a: Ozzy|ability: Telepathy
|-damage|p2a: Volcarona|30/100
|-damage|p2b: Amoonguss|0 fnt
|faint|p2b: Amoonguss
|-damage|p1b: Blåhaj|91/100|[from] item: Life Orb
|move|p2a: Volcarona|Giga Drain|p1b: Blåhaj
|-damage|p1b: Blåhaj|62/100
|-heal|p2a: Volcarona|46/100|[from] drain|[of] p1b: Blåhaj
|
|upkeep
|
|t:|1756397218
|switch|p2b: Garchomp|Garchomp, L50, M|100/100
|turn|5
|
|t:|1756397232
|switch|p2b: Primarina|Primarina, L50, F|100/100
|move|p1a: Ozzy|Air Slash|p2a: Volcarona
|-supereffective|p2a: Volcarona
|-damage|p2a: Volcarona|0 fnt
|faint|p2a: Volcarona
|move|p1b: Blåhaj|Earthquake|p2b: Primarina|[spread] p2b
|-activate|p1a: Ozzy|ability: Telepathy
|-damage|p2b: Primarina|25/100
|-damage|p1b: Blåhaj|53/100|[from] item: Life Orb
|
|-sideend|p1: RegionalModeSlow|move: Tailwind
|upkeep
|
|t:|1756397233
|switch|p2a: Garchomp|Garchomp, L50, M|100/100
|turn|6
|-message|sapillo forfeited.
|
|win|RegionalModeSlow
||sapillo is ready for game 2.
||RegionalModeSlow is ready for game 2.
|uhtml|next|Next: Game 2 of 3
