|j|☆itsmako psoe
|j|☆TeyVgc
|html|itsmako psoeTeyVgc    
|uhtml|bestof|Game 1 of a best-of-3
|t:|1783043326
|gametype|doubles
|player|p1|itsmako psoe|benga|1217
|player|p2|TeyVgc|rood|1133
|gen|9
|tier|[Gen 9 Champions] VGC 2026 Reg M-B (Bo3)
|rated|
|rule|Species Clause: Limit one of each Pokémon
|rule|Item Clause: Limit 1 of each item
|clearpoke
|poke|p1|Basculegion, L50, M|
|poke|p1|Whimsicott, L50, F|
|poke|p1|Charizard, L50, M|
|poke|p1|Floette-Eternal, L50, F|
|poke|p1|Kingambit, L50, M|
|poke|p1|Garchomp, L50, F|
|poke|p2|Tyranitar, L50, F|
|poke|p2|Excadrill, L50, M|
|poke|p2|Rotom-Wash, L50|
|poke|p2|Sinistcha, L50|
|poke|p2|Corviknight, L50, M|
|poke|p2|Houndstone, L50, M|
|teampreview|4
|showteam|p1|Basculegion||ChoiceScarf|Adaptability|LastRespects,PsychicFangs,WaveCrash,AquaJet|Jolly||M|||50|]Whimsicott||FocusSash|Prankster|Tailwind,Moonblast,Encore,Protect|Timid||F|||50|]Charizard||CharizarditeY|Blaze|HeatWave,SolarBeam,AirSlash,Protect|Modest||M|||50|]Floette-Eternal||Floettite|FlowerVeil|DazzlingGleam,DrainingKiss,LightofRuin,Protect|Modest||F|||50|]Kingambit||BlackGlasses|Defiant|SuckerPunch,KowtowCleave,Protect,SwordsDance|Adamant||M|||50|]Garchomp||LifeOrb|RoughSkin|Earthquake,RockSlide,Protect,DragonClaw|Jolly||F|||50|
|showteam|p2|Tyranitar||Tyranitarite|SandStream|RockSlide,KnockOff,LowKick,Protect|Adamant||F|||50|]Excadrill||FocusSash|SandRush|IronHead,Protect,Earthquake,RockSlide|Adamant||M|||50|]Rotom-Wash||ChoiceScarf|Levitate|VoltSwitch,HydroPump,Electroweb,Thunderbolt|Modest|||||50|]Sinistcha||SitrusBerry|Hospitality|RagePowder,MatchaGotcha,StrengthSap,TrickRoom|Bold|||||50|]Corviknight||Leftovers|MirrorArmor|BulkUp,BraveBird,Roost,Tailwind|Careful||M|||50|]Houndstone||SpellTag|SandRush|LastRespects,PhantomForce,WillOWisp,Protect|Adamant||M|||50|
|inactive|Battle timer is ON: inactive players will automatically lose when time's up. (requested by itsmako psoe)
|inactive|itsmako psoe has 60 seconds left.
|inactive|TeyVgc has 60 seconds left.
|inactive|TeyVgc has 30 seconds left.
|
|t:|1783043388
|teamsize|p1|4
|teamsize|p2|4
|start
|switch|p1a: Whimsicott|Whimsicott, L50, F|100/100
|switch|p1b: Charizard|Charizard, L50, M|100/100
|switch|p2a: Tyranitar|Tyranitar, L50, F|100/100
|switch|p2b: Rotom|Rotom-Wash, L50|100/100
|-weather|Sandstorm|[from] ability: Sand Stream|[of] p2a: Tyranitar
|turn|1
|
|t:|1783043409
|move|p1b: Charizard|Protect|p1b: Charizard
|-singleturn|p1b: Charizard|Protect
|move|p2a: Tyranitar|Protect|p2a: Tyranitar
|-singleturn|p2a: Tyranitar|Protect
|move|p1a: Whimsicott|Tailwind|p1a: Whimsicott
|-sidestart|p1: itsmako psoe|move: Tailwind
|move|p2b: Rotom|Thunderbolt|p1b: Charizard
|-activate|p1b: Charizard|move: Protect
|
|-weather|Sandstorm|[upkeep]
|-damage|p1a: Whimsicott|94/100|[from] Sandstorm
|-damage|p1b: Charizard|94/100|[from] Sandstorm
|-damage|p2b: Rotom|94/100|[from] Sandstorm
|upkeep
|turn|2
|
|t:|1783043432
|switch|p1b: Garchomp|Garchomp, L50, F|100/100
|detailschange|p2a: Tyranitar|Tyranitar-Mega, L50, F
|-mega|p2a: Tyranitar|Tyranitar|Tyranitarite
|move|p1a: Whimsicott|Encore|p2a: Tyranitar
|-hint|Since gen 7, Dark is immune to Prankster moves.
|-immune|p2a: Tyranitar
|move|p2b: Rotom|Thunderbolt|p1b: Garchomp
|-immune|p1b: Garchomp
|move|p2a: Tyranitar|Rock Slide|p1b: Garchomp|[spread] p1a,p1b
|-resisted|p1b: Garchomp|1
|-damage|p1a: Whimsicott|37/100
|-damage|p1b: Garchomp|83/100
|
|-weather|Sandstorm|[upkeep]
|-damage|p1a: Whimsicott|31/100|[from] Sandstorm
|-damage|p2b: Rotom|88/100|[from] Sandstorm
|upkeep
|turn|3
|
|t:|1783043450
|switch|p2a: Excadrill|Excadrill, L50, M|100/100
|move|p1a: Whimsicott|Protect|p1a: Whimsicott
|-singleturn|p1a: Whimsicott|Protect
|move|p1b: Garchomp|Earthquake|p2a: Excadrill|[spread] p2a
|-activate|p1a: Whimsicott|move: Protect
|-immune|p2b: Rotom|[from] ability: Levitate
|-supereffective|p2a: Excadrill|1
|-enditem|p2a: Excadrill|Focus Sash
|-damage|p2a: Excadrill|1/100
|-damage|p1b: Garchomp|74/100|[from] item: Life Orb
|move|p2b: Rotom|Thunderbolt|p1a: Whimsicott
|-activate|p1a: Whimsicott|move: Protect
|
|-weather|Sandstorm|[upkeep]
|-damage|p1a: Whimsicott|25/100|[from] Sandstorm
|-damage|p2b: Rotom|83/100|[from] Sandstorm
|upkeep
|turn|4
|inactive|itsmako psoe has 30 seconds left.
|
|t:|1783043476
|switch|p2b: Corviknight|Corviknight, L50, M|100/100
|move|p1a: Whimsicott|Protect||[still]
|-fail|p1a: Whimsicott
|move|p2a: Excadrill|Protect|p2a: Excadrill
|-singleturn|p2a: Excadrill|Protect
|move|p1b: Garchomp|Earthquake|p2b: Corviknight|[spread] p1a
|-activate|p2a: Excadrill|move: Protect
|-immune|p2b: Corviknight
|-resisted|p1a: Whimsicott|1
|-damage|p1a: Whimsicott|0 fnt
|faint|p1a: Whimsicott
|-damage|p1b: Garchomp|64/100|[from] item: Life Orb
|
|-weather|Sandstorm|[upkeep]
|-sideend|p1: itsmako psoe|move: Tailwind
|upkeep
|
|t:|1783043481
|switch|p1a: Charizard|Charizard, L50, M|94/100
|turn|5
|inactive|TeyVgc has 30 seconds left.
|inactive|TeyVgc has 20 seconds left.
|
|t:|1783043516
|switch|p2b: Rotom|Rotom-Wash, L50|83/100
|detailschange|p1a: Charizard|Charizard-Mega-Y, L50, M
|-mega|p1a: Charizard|Charizard|Charizardite Y
|-weather|SunnyDay|[from] ability: Drought|[of] p1a: Charizard
|move|p1b: Garchomp|Protect|p1b: Garchomp
|-singleturn|p1b: Garchomp|Protect
|move|p2a: Excadrill|Protect||[still]
|-fail|p2a: Excadrill
|move|p1a: Charizard|Heat Wave|p2b: Rotom|[spread] p2a
|-miss|p1a: Charizard|p2b: Rotom
|-supereffective|p2a: Excadrill|1
|-damage|p2a: Excadrill|0 fnt
|faint|p2a: Excadrill
|
|-weather|SunnyDay|[upkeep]
|upkeep
|
|t:|1783043523
|switch|p2a: Tyranitar|Tyranitar-Mega, L50, F|100/100
|-weather|Sandstorm|[from] ability: Sand Stream|[of] p2a: Tyranitar
|turn|6
|
|t:|1783043535
|move|p1a: Charizard|Protect|p1a: Charizard
|-singleturn|p1a: Charizard|Protect
|move|p2b: Rotom|Hydro Pump|p1b: Garchomp
|-damage|p1b: Garchomp|7/100
|move|p1b: Garchomp|Earthquake|p2b: Rotom|[spread] p2a
|-activate|p1a: Charizard|move: Protect
|-immune|p2b: Rotom|[from] ability: Levitate
|-supereffective|p2a: Tyranitar|1
|-damage|p2a: Tyranitar|41/100
|-damage|p1b: Garchomp|0 fnt|[from] item: Life Orb
|faint|p1b: Garchomp
|move|p2a: Tyranitar|Knock Off|p1a: Charizard
|-activate|p1a: Charizard|move: Protect
|
|-weather|Sandstorm|[upkeep]
|-damage|p2b: Rotom|77/100|[from] Sandstorm
|-damage|p1a: Charizard|88/100|[from] Sandstorm
|upkeep
|
|t:|1783043538
|switch|p1b: Basculegion|Basculegion, L50, M|100/100
|turn|7
|
|t:|1783043558
|move|p1b: Basculegion|Wave Crash|p2a: Tyranitar
|-supereffective|p2a: Tyranitar|1
|-damage|p2a: Tyranitar|0 fnt
|faint|p2a: Tyranitar
|-damage|p1b: Basculegion|85/100|[from] Recoil
|move|p2b: Rotom|Hydro Pump|p1a: Charizard
|-supereffective|p1a: Charizard|1
|-damage|p1a: Charizard|0 fnt
|faint|p1a: Charizard
|
|-weather|Sandstorm|[upkeep]
|-damage|p1b: Basculegion|79/100|[from] Sandstorm
|-damage|p2b: Rotom|72/100|[from] Sandstorm
|upkeep
|
|t:|1783043565
|switch|p2a: Corviknight|Corviknight, L50, M|100/100
|turn|8
|
|t:|1783043572
|move|p1b: Basculegion|Wave Crash|p2b: Rotom
|-resisted|p2b: Rotom|1
|-damage|p2b: Rotom|24/100
|-damage|p1b: Basculegion|69/100|[from] Recoil
|move|p2b: Rotom|Hydro Pump|p1b: Basculegion
|-resisted|p1b: Basculegion|1
|-damage|p1b: Basculegion|36/100
|move|p2a: Corviknight|Bulk Up|p2a: Corviknight
|-boost|p2a: Corviknight|atk|1
|-boost|p2a: Corviknight|def|1
|
|-weather|Sandstorm|[upkeep]
|-damage|p1b: Basculegion|29/100|[from] Sandstorm
|-damage|p2b: Rotom|18/100|[from] Sandstorm
|upkeep
|turn|9
|
|t:|1783043586
|move|p1b: Basculegion|Wave Crash|p2b: Rotom
|-resisted|p2b: Rotom|1
|-damage|p2b: Rotom|0 fnt
|faint|p2b: Rotom
|-damage|p1b: Basculegion|25/100|[from] Recoil
|move|p2a: Corviknight|Brave Bird|p1b: Basculegion
|-damage|p1b: Basculegion|0 fnt
|faint|p1b: Basculegion
|-damage|p2a: Corviknight|91/100|[from] Recoil
|
|win|TeyVgc
