|j|☆sloth_wishes
|j|☆Buttonburgh
|html|sloth_wishesButtonburgh    
|uhtml|bestof|Game 1 of a best-of-3
|t:|1757915833
|gametype|doubles
|player|p1|sloth_wishes|pryce-gen2|1078
|player|p2|Buttonburgh|ballguy|1085
|gen|9
|tier|[Gen 9] VGC 2025 Reg H (Bo3)
|rated|
|rule|Species Clause: Limit one of each Pokémon
|rule|Item Clause: Limit 1 of each item
|clearpoke
|poke|p1|Smeargle, L50, M|
|poke|p1|Sneasler, L50, F|
|poke|p1|Muk-Alola, L50, F|
|poke|p1|Flamigo, L50, F|
|poke|p1|Indeedee-F, L50, F|
|poke|p1|Hatterene, L50, F|
|poke|p2|Indeedee-F, L50, F|
|poke|p2|Hatterene, L50, F|
|poke|p2|Ursaluna, L50, F|
|poke|p2|Torkoal, L50, M|
|poke|p2|Gallade, L50, M|
|poke|p2|Charizard, L50, M|
|teampreview|4
|showteam|p1|Smeargle||FocusSash|Moody|FollowMe,Spore,FakeOut,Encore|||M|||50|,,,,,Ghost]Sneasler||PsychicSeed|Unburden|CloseCombat,ThroatChop,DireClaw,Protect|||F|||50|,,,,,Dark]Muk-Alola||Leftovers|PowerofAlchemy|Minimize,Toxic,Protect,KnockOff|||F|||50|,,,,,Ghost]Flamigo||WhiteHerb|Costar|CloseCombat,Detect,DualWingbeat,Roost|||F|||50|,,,,,Steel]Indeedee-F||SitrusBerry|PsychicSurge|FollowMe,DazzlingGleam,TrickRoom,HealPulse|||F|||50|,,,,,Fairy]Hatterene||LifeOrb|MagicBounce|TrickRoom,ExpandingForce,DazzlingGleam,Protect|||F|||50|,,,,,Steel
|showteam|p2|Indeedee-F||EjectButton|PsychicSurge|FollowMe,TrickRoom,HelpingHand,Psychic|||F|||50|,,,,,Fairy]Hatterene||LifeOrb|MagicBounce|Protect,ExpandingForce,DazzlingGleam,TrickRoom|||F|||50|,,,,,Water]Ursaluna||FlameOrb|Guts|Protect,HeadlongRush,Earthquake,Facade|||F|||50|,,,,,Ghost]Torkoal||Charcoal|Drought|Protect,Eruption,WeatherBall,HelpingHand|||M|||50|,,,,,Fire]Gallade||ClearAmulet|Sharpness|PsychoCut,SacredSword,WideGuard,TrickRoom|||M|||50|,,,,,Grass]Charizard||ChoiceScarf|SolarPower|WeatherBall,HeatWave,SolarBeam,Overheat|||M|||50|,,,,,Fire
|inactive|Battle timer is ON: inactive players will automatically lose when time's up. (requested by Buttonburgh)
|l|☆sloth_wishes
|inactive|sloth_wishes disconnected and has a minute to reconnect!
|player|p1|
|j|☆sloth_wishes
|inactive|sloth_wishes reconnected and has 65 seconds left.
|player|p1|sloth_wishes|pryce-gen2|
|inactive|sloth_wishes has 60 seconds left.
|inactive|Buttonburgh has 60 seconds left.
|inactive|Buttonburgh has 30 seconds left.
|inactive|Buttonburgh has 20 seconds left.
|inactive|Buttonburgh has 15 seconds left.
|
|t:|1757915914
|teamsize|p1|4
|teamsize|p2|4
|start
|switch|p1a: Indeed a Woman|Indeedee-F, L50, F, shiny|100/100
|switch|p1b: Slenderman|Sneasler, L50, F, shiny|100/100
|switch|p2a: Indeedee|Indeedee-F, L50, F|100/100
|switch|p2b: Hatterene|Hatterene, L50, F|100/100
|-fieldstart|move: Psychic Terrain|[from] ability: Psychic Surge|[of] p1a: Indeed a Woman
|-enditem|p1b: Slenderman|Psychic Seed
|-boost|p1b: Slenderman|spd|1|[from] item: Psychic Seed
|turn|1
|inactive|sloth_wishes has 30 seconds left.
|
|t:|1757915949
|-terastallize|p1b: Slenderman|Dark
|move|p2a: Indeedee|Follow Me|p2a: Indeedee
|-singleturn|p2a: Indeedee|move: Follow Me
|move|p1b: Slenderman|Dire Claw|p2a: Indeedee
|-damage|p2a: Indeedee|54/100
|-enditem|p2a: Indeedee|Eject Button
|
|t:|1757915958
|switch|p2a: Ursaluna|Ursaluna, L50, F|100/100
|move|p1a: Indeed a Woman|Trick Room|p1a: Indeed a Woman
|-fieldstart|move: Trick Room|[of] p1a: Indeed a Woman
|move|p2b: Hatterene|Trick Room|p2b: Hatterene
|-fieldend|move: Trick Room
|
|-status|p2a: Ursaluna|brn|[from] item: Flame Orb
|upkeep
|turn|2
|inactive|sloth_wishes has 30 seconds left.
|
|t:|1757915987
|-terastallize|p2a: Ursaluna|Ghost
|move|p1b: Slenderman|Close Combat|p2a: Ursaluna
|-immune|p2a: Ursaluna
|move|p2a: Ursaluna|Facade|p1a: Indeed a Woman
|-damage|p1a: Indeed a Woman|0 fnt
|faint|p1a: Indeed a Woman
|move|p2b: Hatterene|Trick Room|p2b: Hatterene
|-fieldstart|move: Trick Room|[of] p2b: Hatterene
|
|-damage|p2a: Ursaluna|95/100 brn|[from] brn
|upkeep
|
|t:|1757915994
|switch|p1a: Sidewalk Gum|Muk-Alola, L50, F, shiny|100/100
|turn|3
|
|t:|1757916012
|move|p1b: Slenderman|Protect|p1b: Slenderman
|-singleturn|p1b: Slenderman|Protect
|move|p2b: Hatterene|Dazzling Gleam|p1a: Sidewalk Gum|[spread] p1a
|-activate|p1b: Slenderman|move: Protect
|-damage|p1a: Sidewalk Gum|75/100
|-damage|p2b: Hatterene|91/100|[from] item: Life Orb
|move|p1a: Sidewalk Gum|Minimize|p1a: Sidewalk Gum
|-boost|p1a: Sidewalk Gum|evasion|2
|move|p2a: Ursaluna|Facade|p1b: Slenderman
|-activate|p1b: Slenderman|move: Protect
|
|-heal|p1a: Sidewalk Gum|81/100|[from] item: Leftovers
|-damage|p2a: Ursaluna|89/100 brn|[from] brn
|upkeep
|turn|4
|inactive|sloth_wishes has 30 seconds left.
|inactive|sloth_wishes has 20 seconds left.
|
|t:|1757916050
|move|p2b: Hatterene|Dazzling Gleam|p1b: Slenderman|[spread] p1a,p1b
|-supereffective|p1b: Slenderman
|-damage|p1a: Sidewalk Gum|50/100
|-damage|p1b: Slenderman|15/100
|-damage|p2b: Hatterene|81/100|[from] item: Life Orb
|move|p1a: Sidewalk Gum|Minimize|p1a: Sidewalk Gum
|-boost|p1a: Sidewalk Gum|evasion|2
|move|p2a: Ursaluna|Facade|p1b: Slenderman
|-damage|p1b: Slenderman|0 fnt
|faint|p1b: Slenderman
|-ability|p1a: Sidewalk Gum|Unburden|Power of Alchemy|[from] ability: Power of Alchemy|[of] p1b: Slenderman
|
|-heal|p1a: Sidewalk Gum|57/100|[from] item: Leftovers
|-damage|p2a: Ursaluna|83/100 brn|[from] brn
|upkeep
|
|t:|1757916059
|switch|p1b: Lava Lamp|Hatterene, L50, F, shiny|100/100
|turn|5
|
|t:|1757916078
|move|p1b: Lava Lamp|Expanding Force|p2a: Ursaluna|[spread] p2a,p2b
|-resisted|p2b: Hatterene
|-damage|p2a: Ursaluna|19/100 brn
|-damage|p2b: Hatterene|38/100
|-damage|p1b: Lava Lamp|91/100|[from] item: Life Orb
|move|p2b: Hatterene|Dazzling Gleam|p1b: Lava Lamp|[spread] p1b
|-miss|p2b: Hatterene|p1a: Sidewalk Gum
|-damage|p1b: Lava Lamp|46/100
|-damage|p2b: Hatterene|29/100|[from] item: Life Orb
|move|p1a: Sidewalk Gum|Minimize|p1a: Sidewalk Gum
|-boost|p1a: Sidewalk Gum|evasion|2
|move|p2a: Ursaluna|Facade|p1b: Lava Lamp
|-damage|p1b: Lava Lamp|0 fnt
|faint|p1b: Lava Lamp
|
|-heal|p1a: Sidewalk Gum|63/100|[from] item: Leftovers
|-damage|p2a: Ursaluna|13/100 brn|[from] brn
|-fieldend|move: Psychic Terrain
|upkeep
|turn|6
|
|t:|1757916101
|move|p2b: Hatterene|Dazzling Gleam|p1a: Sidewalk Gum|[miss]
|-miss|p2b: Hatterene|p1a: Sidewalk Gum
|move|p1a: Sidewalk Gum|Knock Off|p2b: Hatterene
|-damage|p2b: Hatterene|0 fnt
|-enditem|p2b: Hatterene|Life Orb|[from] move: Knock Off|[of] p1a: Sidewalk Gum
|faint|p2b: Hatterene
|move|p2a: Ursaluna|Headlong Rush|p1a: Sidewalk Gum|[miss]
|-miss|p2a: Ursaluna|p1a: Sidewalk Gum
|
|-heal|p1a: Sidewalk Gum|69/100|[from] item: Leftovers
|-damage|p2a: Ursaluna|7/100 brn|[from] brn
|-fieldend|move: Trick Room
|upkeep
|
|t:|1757916107
|switch|p2b: Gallade|Gallade, L50, M|100/100
|turn|7
|inactive|sloth_wishes has 30 seconds left.
|
|t:|1757916140
|move|p2b: Gallade|Sacred Sword|p1a: Sidewalk Gum
|-damage|p1a: Sidewalk Gum|0 fnt
|faint|p1a: Sidewalk Gum
|
|win|Buttonburgh
||Buttonburgh is ready for game 2.
||sloth_wishes is ready for game 2.
|uhtml|next|Next: Game 2 of 3
|l|☆sloth_wishes
|player|p1|
|l|☆Buttonburgh
|player|p2|
