|j|☆princerock54
|j|☆turdshark
|html|princerock54turdshark    
|uhtml|bestof|Game 3 of a best-of-3
|t:|1785377294
|gametype|doubles
|player|p1|princerock54|266|
|player|p2|turdshark|169|
|gen|9
|tier|[Gen 9 Champions] VGC 2026 Reg M-B (Bo3)
|rule|Species Clause: Limit one of each Pokémon
|rule|Item Clause: Limit 1 of each item
|clearpoke
|poke|p1|Zoroark-Hisui, L50, M|
|poke|p1|Corviknight, L50, F, shiny|
|poke|p1|Lycanroc-Dusk, L50, M, shiny|
|poke|p1|Farigiraf, L50, M, shiny|
|poke|p1|Delphox, L50, F, shiny|
|poke|p1|Ninetales-Alola, L50, F, shiny|
|poke|p2|Charizard, L50, F|
|poke|p2|Venusaur, L50, M|
|poke|p2|Mawile, L50, F|
|poke|p2|Empoleon, L50, M|
|poke|p2|Aerodactyl, L50, M|
|poke|p2|Garchomp, L50, M|
|teampreview|4
|showteam|p1|Zoroark-Hisui||FocusSash|Illusion|Snarl,BitterMalice,Psychic,Uturn|Timid||M|||50|]Corviknight||OccaBerry|MirrorArmor|BodyPress,IronHead,BraveBird,Roost|Impish||F|||50|]Lycanroc-Dusk||ExpertBelt|ToughClaws|Accelerock,RockSlide,Protect,PsychicFangs|Adamant||M|||50|]Farigiraf||Leftovers|ArmorTail|TrickRoom,HyperVoice,Psychic,FoulPlay|Bold||M|||50|]Delphox||Delphoxite|Blaze|CalmMind,HeatWave,Psyshock,Protect|Timid||F|||50|]Ninetales-Alola||LightClay|SnowWarning|Blizzard,Encore,Protect,AuroraVeil|Timid||F|||50|
|showteam|p2|Charizard||CharizarditeY|Blaze|HeatWave,SolarBeam,Overheat,Protect|Timid||F|||50|]Venusaur||WideLens|Chlorophyll|SludgeBomb,GigaDrain,SleepPowder,Protect|Modest||M|||50|]Mawile||LifeOrb|Intimidate|PlayRough,SuckerPunch,IronHead,Protect|Adamant||F|||50|]Empoleon||Leftovers|Competitive|FlashCannon,Surf,IceBeam,Protect|Calm||M|||50|]Aerodactyl||FocusSash|Unnerve|Tailwind,WideGuard,RockSlide,Taunt|Jolly||M|||50|]Garchomp||SitrusBerry|RoughSkin|Earthquake,RockSlide,DragonClaw,Protect|Jolly||M|||50|
|
|t:|1785377312
|teamsize|p1|4
|teamsize|p2|4
|start
|switch|p1a: Corviknight|Corviknight, L50, F, shiny|100/100
|switch|p1b: Lycanroc|Lycanroc-Dusk, L50, M, shiny|100/100
|switch|p2a: Charizard|Charizard, L50, F|100/100
|switch|p2b: Garchomp|Garchomp, L50, M|100/100
|turn|1
|
|t:|1785377517
|detailschange|p2a: Charizard|Charizard-Mega-Y, L50, F
|-mega|p2a: Charizard|Charizard|Charizardite Y
|-weather|SunnyDay|[from] ability: Drought|[of] p2a: Charizard
|move|p2a: Charizard|Protect|p2a: Charizard
|-singleturn|p2a: Charizard|Protect
|move|p1b: Lycanroc|Protect|p1b: Lycanroc
|-singleturn|p1b: Lycanroc|Protect
|move|p2b: Garchomp|Earthquake|p1b: Lycanroc|[spread] 
|-activate|p2a: Charizard|move: Protect
|-activate|p1b: Lycanroc|move: Protect
|-immune|p1a: Corviknight
|move|p1a: Corviknight|Body Press|p2b: Garchomp
|-damage|p2b: Garchomp|74/100
|-damage|p1a: Corviknight|87/100|[from] ability: Rough Skin|[of] p2b: Garchomp
|
|-weather|SunnyDay|[upkeep]
|upkeep
|turn|2
|
|t:|1785377604
|switch|p1b: Ninetales|Ninetales-Alola, L50, F, shiny|100/100
|-weather|Snowscape|[from] ability: Snow Warning|[of] p1b: Ninetales
|move|p2a: Charizard|Protect|p2a: Charizard
|-singleturn|p2a: Charizard|Protect
|move|p2b: Garchomp|Rock Slide|p1a: Corviknight|[spread] p1a,p1b
|-supereffective|p1b: Ninetales|1
|-damage|p1a: Corviknight|74/100
|-damage|p1b: Ninetales|58/100
|cant|p1a: Corviknight|flinch
|
|-weather|Snowscape|[upkeep]
|upkeep
|turn|3
|
|t:|1785377659
|move|p1b: Ninetales|Aurora Veil|p1b: Ninetales
|-sidestart|p1: princerock54|move: Aurora Veil
|move|p2b: Garchomp|Earthquake|p1b: Ninetales|[spread] p1b
|-immune|p2a: Charizard
|-immune|p1a: Corviknight
|-damage|p1b: Ninetales|31/100
|move|p2a: Charizard|Overheat|p1b: Ninetales
|-supereffective|p1b: Ninetales|1
|-damage|p1b: Ninetales|0 fnt
|-unboost|p2a: Charizard|spa|2
|faint|p1b: Ninetales
|move|p1a: Corviknight|Body Press|p2a: Charizard
|-resisted|p2a: Charizard|1
|-damage|p2a: Charizard|83/100
|
|-weather|Snowscape|[upkeep]
|upkeep
|
|t:|1785377673
|switch|p1b: Delphox|Delphox, L50, F, shiny|100/100
|turn|4
|
|t:|1785377705
|detailschange|p1b: Delphox|Delphox-Mega, L50, F, shiny
|-mega|p1b: Delphox|Delphox|Delphoxite
|move|p1b: Delphox|Calm Mind|p1b: Delphox
|-boost|p1b: Delphox|spa|1
|-boost|p1b: Delphox|spd|1
|move|p2b: Garchomp|Rock Slide|p1a: Corviknight|[spread] p1a,p1b
|-supereffective|p1b: Delphox|1
|-damage|p1a: Corviknight|66/100
|-damage|p1b: Delphox|60/100
|move|p2a: Charizard|Heat Wave|p1b: Delphox|[spread] p1a,p1b
|-supereffective|p1a: Corviknight|1
|-enditem|p1a: Corviknight|Occa Berry|[eat]
|-enditem|p1a: Corviknight|Occa Berry|[weaken]
|-resisted|p1b: Delphox|1
|-damage|p1a: Corviknight|53/100
|-damage|p1b: Delphox|55/100
|cant|p1a: Corviknight|flinch
|
|-weather|Snowscape|[upkeep]
|upkeep
|turn|5
|
|t:|1785377753
|move|p1b: Delphox|Psyshock|p2b: Garchomp
|-damage|p2b: Garchomp|3/100
|-enditem|p2b: Garchomp|Sitrus Berry|[eat]
|-heal|p2b: Garchomp|28/100|[from] item: Sitrus Berry
|move|p2b: Garchomp|Rock Slide|p1b: Delphox|[spread] p1a,p1b
|-supereffective|p1b: Delphox|1
|-damage|p1a: Corviknight|44/100
|-damage|p1b: Delphox|17/100
|move|p2a: Charizard|Heat Wave|p1a: Corviknight|[spread] p1a,p1b
|-supereffective|p1a: Corviknight|1
|-resisted|p1b: Delphox|1
|-damage|p1a: Corviknight|17/100
|-damage|p1b: Delphox|12/100
|move|p1a: Corviknight|Brave Bird|p2b: Garchomp
|-damage|p2b: Garchomp|0 fnt
|-damage|p1a: Corviknight|5/100|[from] ability: Rough Skin|[of] p2b: Garchomp
|faint|p2b: Garchomp
|-damage|p1a: Corviknight|0 fnt|[from] Recoil
|faint|p1a: Corviknight
|
|-weather|Snowscape|[upkeep]
|upkeep
|
|t:|1785377816
|switch|p2b: Aerodactyl|Aerodactyl, L50, M|100/100
|switch|p1a: Lycanroc|Lycanroc-Dusk, L50, M, shiny|100/100
|-ability|p2b: Aerodactyl|Unnerve
|turn|6
|
|t:|1785377839
|move|p1b: Delphox|Protect|p1b: Delphox
|-singleturn|p1b: Delphox|Protect
|move|p2a: Charizard|Protect|p2a: Charizard
|-singleturn|p2a: Charizard|Protect
|move|p2b: Aerodactyl|Rock Slide|p1a: Lycanroc|[spread] p1a
|-activate|p1b: Delphox|move: Protect
|-damage|p1a: Lycanroc|72/100
|move|p1a: Lycanroc|Rock Slide|p2b: Aerodactyl|[spread] p2b
|-activate|p2a: Charizard|move: Protect
|-supereffective|p2b: Aerodactyl|1
|-damage|p2b: Aerodactyl|4/100
|
|-weather|none
|upkeep
|turn|7
|
|t:|1785377882
|move|p2a: Charizard|Protect|p2a: Charizard
|-singleturn|p2a: Charizard|Protect
|move|p1a: Lycanroc|Accelerock|p2b: Aerodactyl
|-supereffective|p2b: Aerodactyl|1
|-damage|p2b: Aerodactyl|0 fnt
|faint|p2b: Aerodactyl
|move|p1b: Delphox|Psyshock|p2a: Charizard
|-activate|p2a: Charizard|move: Protect
|
|upkeep
|
|t:|1785377894
|switch|p2b: Empoleon|Empoleon, L50, M|100/100
|turn|8
|
|t:|1785377929
|move|p2a: Charizard|Protect||[still]
|-fail|p2a: Charizard
|move|p1b: Delphox|Heat Wave|p2a: Charizard|[spread] p2a,p2b
|-resisted|p2a: Charizard|1
|-crit|p2b: Empoleon
|-damage|p2a: Charizard|50/100g
|-damage|p2b: Empoleon|22/100
|move|p1a: Lycanroc|Rock Slide|p2a: Charizard|[spread] p2a,p2b
|-supereffective|p2a: Charizard|2
|-resisted|p2b: Empoleon|1
|-damage|p2a: Charizard|0 fnt
|-damage|p2b: Empoleon|8/100
|faint|p2a: Charizard
|move|p2b: Empoleon|Surf|p1a: Lycanroc|[spread] p1a,p1b
|-supereffective|p1a: Lycanroc|1
|-crit|p1a: Lycanroc
|-supereffective|p1b: Delphox|1
|-damage|p1a: Lycanroc|0 fnt
|-damage|p1b: Delphox|0 fnt
|faint|p1a: Lycanroc
|faint|p1b: Delphox
|
|win|turdshark
|c|☆princerock54|gg
|c|☆turdshark|gg
|l|☆princerock54
|player|p1|
|l|☆turdshark
|player|p2|
|j|☆turdshark
|player|p2|turdshark|169|
|l|☆turdshark
|player|p2|
|j|☆turdshark
|player|p2|turdshark|169|
