|j|☆gloong
|j|☆jamirolol
|html|gloongjamirolol    
|uhtml|bestof|Game 3 of a best-of-3
|t:|1756974657
|gametype|doubles
|player|p1|gloong|bugcatcher-gen4dp|1173
|player|p2|jamirolol|169|1228
|gen|9
|tier|[Gen 9] VGC 2025 Reg H (Bo3)
|rated|
|rule|Species Clause: Limit one of each Pokémon
|rule|Item Clause: Limit 1 of each item
|clearpoke
|poke|p1|Gholdengo, L50|
|poke|p1|Sneasler, L50, M|
|poke|p1|Rillaboom, L50, F|
|poke|p1|Dragonite, L50, M|
|poke|p1|Ninetales-Alola, L50, M|
|poke|p1|Arcanine-Hisui, L50, M|
|poke|p2|Volcarona, L50, F|
|poke|p2|Rillaboom, L50, M|
|poke|p2|Sneasler, L50, F|
|poke|p2|Dragapult, L50, M|
|poke|p2|Oricorio-Sensu, L50, F|
|poke|p2|Tyranitar, L50, F|
|teampreview|4
|showteam|p1|Gholdengo||GrassySeed|GoodasGold|NastyPlot,MakeItRain,ShadowBall,Protect||||||50|,,,,,Water]Sneasler||WhiteHerb|Unburden|CloseCombat,DireClaw,Coaching,Protect|||M|||50|,,,,,Ghost]Rillaboom||AssaultVest|GrassySurge|FakeOut,GrassyGlide,DrumBeating,HighHorsepower|||F|||50|,,,,,Fire]Dragonite||LoadedDice|Multiscale|ScaleShot,StompingTantrum,Tailwind,Protect|||M|||50|,,,,,Ground]Ninetales-Alola||FocusSash|SnowWarning|Blizzard,IcyWind,Encore,AuroraVeil|||M|||50|,,,,,Ghost]Arcanine-Hisui||ClearAmulet|Intimidate|RockSlide,FlareBlitz,ExtremeSpeed,Protect|||M|||50|,,,,,Water
|showteam|p2|Volcarona||Leftovers|FlameBody|FieryDance,GigaDrain,QuiverDance,Protect|||F|||50|,,,,,Grass]Rillaboom||AssaultVest|GrassySurge|HighHorsepower,FakeOut,GrassyGlide,WoodHammer|||M|||50|,,,,,Fire]Sneasler||GrassySeed|Unburden|DireClaw,FakeOut,CloseCombat,Protect|||F|||50|,,,,,Dark]Dragapult||ChoiceBand|ClearBody|Uturn,DragonDarts,PhantomForce,PsychicFangs|||M|||50|,,,,,Dragon]Oricorio-Sensu||FocusSash|Dancer|RevelationDance,AlluringVoice,Taunt,Protect|||F|||50|,,,,,Fighting]Tyranitar||ClearAmulet|SandStream|Protect,DragonDance,RockSlide,KnockOff|||F|||50|,,,,,Water
|inactive|Battle timer is ON: inactive players will automatically lose when time's up. (requested by jamirolol)
|inactive|gloong also wants the timer to be on.
|
|t:|1756974688
|teamsize|p1|4
|teamsize|p2|4
|start
|switch|p1a: Arcanine|Arcanine-Hisui, L50, M|100/100
|switch|p1b: Sneasler|Sneasler, L50, M|100/100
|switch|p2a: Dragapult|Dragapult, L50, M|100/100
|switch|p2b: Volcarona|Volcarona, L50, F|100/100
|-ability|p1a: Arcanine|Intimidate|boost
|-fail|p2a: Dragapult|unboost|[from] ability: Clear Body|[of] p2a: Dragapult
|-unboost|p2b: Volcarona|atk|1
|turn|1
|inactive|jamirolol has 30 seconds left.
|
|t:|1756974716
|-terastallize|p2a: Dragapult|Dragon
|move|p2a: Dragapult|Dragon Darts|p1b: Sneasler
|-damage|p1b: Sneasler|24/100
|-anim|p2a: Dragapult|Dragon Darts|p1a: Arcanine
|-damage|p1a: Arcanine|28/100
|move|p2b: Volcarona|Giga Drain|p1a: Arcanine
|-damage|p1a: Arcanine|0 fnt
|faint|p1a: Arcanine
|move|p1b: Sneasler|Coaching|p1: Arcanine|[notarget]
|-fail|p1b: Sneasler
|
|upkeep
|
|t:|1756974723
|switch|p1a: Ninetales|Ninetales-Alola, L50, M|100/100
|-weather|Snowscape|[from] ability: Snow Warning|[of] p1a: Ninetales
|turn|2
|
|t:|1756974740
|move|p2a: Dragapult|Dragon Darts|p1b: Sneasler
|-damage|p1b: Sneasler|0 fnt
|faint|p1b: Sneasler
|move|p1a: Ninetales|Blizzard|p2b: Volcarona|[spread] p2a,p2b
|-supereffective|p2a: Dragapult
|-resisted|p2b: Volcarona
|-damage|p2a: Dragapult|11/100
|-damage|p2b: Volcarona|86/100
|-status|p2b: Volcarona|frz
|cant|p2b: Volcarona|frz
|
|-weather|Snowscape|[upkeep]
|-heal|p2b: Volcarona|93/100 frz|[from] item: Leftovers
|upkeep
|
|t:|1756974744
|switch|p1b: Rillaboom|Rillaboom, L50, F|100/100
|-fieldstart|move: Grassy Terrain|[from] ability: Grassy Surge|[of] p1b: Rillaboom
|turn|3
|
|t:|1756974760
|move|p1b: Rillaboom|Grassy Glide|p2a: Dragapult
|-resisted|p2a: Dragapult
|-damage|p2a: Dragapult|0 fnt
|faint|p2a: Dragapult
|move|p1a: Ninetales|Blizzard|p2b: Volcarona
|-resisted|p2b: Volcarona
|-damage|p2b: Volcarona|71/100 frz
|cant|p2b: Volcarona|frz
|
|-weather|Snowscape|[upkeep]
|-heal|p2b: Volcarona|77/100 frz|[from] Grassy Terrain
|-heal|p2b: Volcarona|83/100 frz|[from] item: Leftovers
|upkeep
|
|t:|1756974766
|switch|p2a: Sneasler|Sneasler, L50, F, shiny|100/100
|-enditem|p2a: Sneasler|Grassy Seed
|-boost|p2a: Sneasler|def|1|[from] item: Grassy Seed
|turn|4
|
|t:|1756974780
|-terastallize|p1b: Rillaboom|Fire
|move|p2a: Sneasler|Dire Claw|p1b: Rillaboom
|-damage|p1b: Rillaboom|54/100
|-status|p1b: Rillaboom|psn
|move|p1a: Ninetales|Blizzard|p2a: Sneasler|[spread] p2a,p2b
|-resisted|p2b: Volcarona
|-damage|p2a: Sneasler|66/100
|-damage|p2b: Volcarona|68/100 frz
|cant|p2b: Volcarona|frz
|move|p1b: Rillaboom|High Horsepower|p2a: Sneasler
|-supereffective|p2a: Sneasler
|-damage|p2a: Sneasler|12/100
|
|-weather|Snowscape|[upkeep]
|-heal|p2a: Sneasler|18/100|[from] Grassy Terrain
|-heal|p2b: Volcarona|74/100 frz|[from] Grassy Terrain
|-heal|p2b: Volcarona|80/100 frz|[from] item: Leftovers
|-heal|p1b: Rillaboom|60/100 psn|[from] Grassy Terrain
|-damage|p1b: Rillaboom|48/100 psn|[from] psn
|upkeep
|turn|5
|inactive|gloong has 30 seconds left.
|inactive|jamirolol has 30 seconds left.
|
|t:|1756974811
|move|p2a: Sneasler|Protect|p2a: Sneasler
|-singleturn|p2a: Sneasler|Protect
|move|p1b: Rillaboom|Grassy Glide|p2a: Sneasler
|-activate|p2a: Sneasler|move: Protect
|move|p1a: Ninetales|Blizzard|p2b: Volcarona|[spread] p2b
|-activate|p2a: Sneasler|move: Protect
|-resisted|p2b: Volcarona
|-damage|p2b: Volcarona|65/100 frz
|cant|p2b: Volcarona|frz
|
|-weather|Snowscape|[upkeep]
|-heal|p2a: Sneasler|24/100|[from] Grassy Terrain
|-heal|p2b: Volcarona|71/100 frz|[from] Grassy Terrain
|-heal|p2b: Volcarona|77/100 frz|[from] item: Leftovers
|-heal|p1b: Rillaboom|53/100 psn|[from] Grassy Terrain
|-damage|p1b: Rillaboom|41/100 psn|[from] psn
|upkeep
|turn|6
|
|t:|1756974832
|move|p2a: Sneasler|Dire Claw|p1a: Ninetales
|-supereffective|p1a: Ninetales
|-damage|p1a: Ninetales|19/100
|move|p1a: Ninetales|Blizzard|p2a: Sneasler|[spread] p2a,p2b
|-resisted|p2b: Volcarona
|-damage|p2a: Sneasler|0 fnt
|-damage|p2b: Volcarona|62/100 frz
|faint|p2a: Sneasler
|cant|p2b: Volcarona|frz
|move|p1b: Rillaboom|High Horsepower|p2b: Volcarona
|-damage|p2b: Volcarona|24/100 frz
|
|-weather|none
|-heal|p1a: Ninetales|25/100|[from] Grassy Terrain
|-heal|p2b: Volcarona|30/100 frz|[from] Grassy Terrain
|-heal|p2b: Volcarona|36/100 frz|[from] item: Leftovers
|-heal|p1b: Rillaboom|47/100 psn|[from] Grassy Terrain
|-damage|p1b: Rillaboom|35/100 psn|[from] psn
|upkeep
|
|t:|1756974849
|switch|p2a: Rillaboom|Rillaboom, L50, M|100/100
|turn|7
|
|t:|1756974873
|move|p2a: Rillaboom|Grassy Glide|p1a: Ninetales
|-damage|p1a: Ninetales|0 fnt
|faint|p1a: Ninetales
|cant|p2b: Volcarona|frz
|move|p1b: Rillaboom|Drum Beating|p2a: Rillaboom
|-resisted|p2a: Rillaboom
|-damage|p2a: Rillaboom|77/100
|-unboost|p2a: Rillaboom|spe|1
|
|-heal|p2b: Volcarona|43/100 frz|[from] Grassy Terrain
|-heal|p2b: Volcarona|49/100 frz|[from] item: Leftovers
|-heal|p1b: Rillaboom|41/100 psn|[from] Grassy Terrain
|-heal|p2a: Rillaboom|83/100|[from] Grassy Terrain
|-damage|p1b: Rillaboom|29/100 psn|[from] psn
|-fieldend|move: Grassy Terrain
|upkeep
|turn|8
|-message|gloong forfeited.
|
|win|jamirolol
|raw|gloong's rating: 1173 → 1152(-21 for losing)
|raw|jamirolol's rating: 1228 → 1249(+21 for winning)
|l|☆gloong
|player|p1|
|c|☆jamirolol|We love freeze
|c|☆jamirolol|I wanted to know if I ever thawed out
