|j|☆EBnilla
|j|☆prosta1
|html|EBnillaprosta1    
|uhtml|bestof|Game 1 of a best-of-3
|t:|1784742741
|gametype|doubles
|player|p1|EBnilla|backpacker|1215
|player|p2|prosta1|169|1164
|gen|9
|tier|[Gen 9 Champions] VGC 2026 Reg M-B (Bo3)
|rated|
|rule|Species Clause: Limit one of each Pokémon
|rule|Item Clause: Limit 1 of each item
|clearpoke
|poke|p1|Grimmsnarl, L50, M|
|poke|p1|Archaludon, L50, F|
|poke|p1|Politoed, L50, F|
|poke|p1|Sinistcha, L50|
|poke|p1|Gengar, L50, F|
|poke|p1|Incineroar, L50, F|
|poke|p2|Gengar, L50, M|
|poke|p2|Archaludon, L50, M|
|poke|p2|Politoed, L50, F|
|poke|p2|Swampert, L50, M|
|poke|p2|Vivillon-Fancy, L50, M|
|poke|p2|Incineroar, L50, F|
|teampreview|4
|showteam|p1|Grimmsnarl||LightClay|Prankster|SpiritBreak,Reflect,LightScreen,PartingShot|Relaxed||M|||50|]Archaludon||Leftovers|Stamina|FlashCannon,ElectroShot,Snarl,Protect|Calm||F|||50|]Politoed||MentalHerb|Drizzle|WeatherBall,MuddyWater,PerishSong,Protect|Bold||F|||50|]Sinistcha||SitrusBerry|Hospitality|MatchaGotcha,RagePowder,LifeDew,Protect|Calm|||||50|]Gengar||Gengarite|CursedBody|SludgeWave,ShadowBall,PerishSong,Protect|Timid||F|||50|]Incineroar||ChopleBerry|Intimidate|FlareBlitz,DarkestLariat,FakeOut,PartingShot|Adamant||F|||50|
|showteam|p2|Gengar||Gengarite|CursedBody|ShadowBall,SludgeBomb,PerishSong,Protect|Modest||M|||50|]Archaludon||Leftovers|Stamina|ElectroShot,DragonPulse,FlashCannon,Protect|Bold||M|||50|]Politoed||SitrusBerry|Drizzle|WeatherBall,Hypnosis,PerishSong,Protect|Calm||F|||50|]Swampert||Swampertite|Torrent|WaveCrash,Earthquake,IcePunch,Protect|Adamant||M|||50|]Vivillon-Fancy||FocusSash|CompoundEyes|Hurricane,SleepPowder,RagePowder,Protect|Timid||M|||50|]Incineroar||PasshoBerry|Intimidate|ThroatChop,FakeOut,PartingShot,Protect|Impish||F|||50|
|c|☆prosta1|fck perish users
|
|t:|1784742793
|teamsize|p1|4
|teamsize|p2|4
|start
|switch|p1a: Grimmsnarl|Grimmsnarl, L50, M|100/100
|switch|p1b: Gengar|Gengar, L50, F|100/100
|switch|p2a: Swampert|Swampert, L50, M|100/100
|switch|p2b: Vivillon|Vivillon-Fancy, L50, M|100/100
|turn|1
|c|☆EBnilla|You have it as much as i do? lol
|inactive|Battle timer is ON: inactive players will automatically lose when time's up. (requested by EBnilla)
|
|t:|1784742836
|switch|p2b: Incineroar|Incineroar, L50, F|100/100
|-ability|p2b: Incineroar|Intimidate|boost
|-unboost|p1a: Grimmsnarl|atk|1
|-unboost|p1b: Gengar|atk|1
|switch|p2a: Politoed|Politoed, L50, F|100/100
|-weather|RainDance|[from] ability: Drizzle|[of] p2a: Politoed
|detailschange|p1b: Gengar|Gengar-Mega, L50, F
|-mega|p1b: Gengar|Gengar|Gengarite
|move|p1b: Gengar|Protect|p1b: Gengar
|-singleturn|p1b: Gengar|Protect
|move|p1a: Grimmsnarl|Reflect|p1a: Grimmsnarl
|-sidestart|p1: EBnilla|Reflect
|
|-weather|RainDance|[upkeep]
|upkeep
|turn|2
|inactive|prosta1 has 30 seconds left.
|c|☆prosta1|i just wanted to be on the dark side
|inactive|prosta1 has 20 seconds left.
|inactive|prosta1 has 15 seconds left.
|
|t:|1784742878
|switch|p1a: Archaludon|Archaludon, L50, F|100/100
|move|p1b: Gengar|Sludge Wave|p2b: Incineroar|[spread] p2a,p2b
|-immune|p1a: Archaludon
|-damage|p2a: Politoed|64/100
|-damage|p2b: Incineroar|66/100
|move|p2a: Politoed|Weather Ball|p1b: Gengar
|-damage|p1b: Gengar|35/100
|move|p2b: Incineroar|Throat Chop|p1b: Gengar
|-supereffective|p1b: Gengar|1
|-damage|p1b: Gengar|0 fnt
|faint|p1b: Gengar
|
|-weather|RainDance|[upkeep]
|upkeep
|
|t:|1784742886
|switch|p1b: Grimmsnarl|Grimmsnarl, L50, M|100/100
|turn|3
|
|t:|1784742906
|move|p1b: Grimmsnarl|Light Screen|p1b: Grimmsnarl
|-sidestart|p1: EBnilla|move: Light Screen
|move|p1a: Archaludon|Electro Shot||[still]
|-prepare|p1a: Archaludon|Electro Shot
|-boost|p1a: Archaludon|spa|1
|-anim|p1a: Archaludon|Electro Shot|p2a: Politoed
|-supereffective|p2a: Politoed|1
|-damage|p2a: Politoed|0 fnt
|faint|p2a: Politoed
|move|p2b: Incineroar|Parting Shot|p1a: Archaludon
|-unboost|p1a: Archaludon|atk|1
|-unboost|p1a: Archaludon|spa|1
|
|t:|1784742918
|switch|p2b: Swampert|Swampert, L50, M|100/100|[from] Parting Shot
|
|-weather|RainDance|[upkeep]
|upkeep
|
|t:|1784742922
|switch|p2a: Vivillon|Vivillon-Fancy, L50, M|100/100
|turn|4
|inactive|prosta1 has 30 seconds left.
|
|t:|1784742949
|detailschange|p2b: Swampert|Swampert-Mega, L50, M
|-mega|p2b: Swampert|Swampert|Swampertite
|move|p1a: Archaludon|Protect|p1a: Archaludon
|-singleturn|p1a: Archaludon|Protect
|move|p2b: Swampert|Earthquake|p1a: Archaludon|[spread] p1b
|-activate|p1a: Archaludon|move: Protect
|-immune|p2a: Vivillon
|-damage|p1b: Grimmsnarl|69/100
|move|p2a: Vivillon|Sleep Powder|p1a: Archaludon
|-activate|p1a: Archaludon|move: Protect
|move|p1b: Grimmsnarl|Spirit Break|p2a: Vivillon
|-damage|p2a: Vivillon|35/100
|-unboost|p2a: Vivillon|spa|1
|
|-weather|RainDance|[upkeep]
|upkeep
|turn|5
|inactive|prosta1 has 30 seconds left.
|
|t:|1784742976
|move|p1b: Grimmsnarl|Parting Shot|p2b: Swampert
|-unboost|p2b: Swampert|atk|1
|-unboost|p2b: Swampert|spa|1
|
|t:|1784742979
|switch|p1b: Sinistcha|Sinistcha, L50|100/100|[from] Parting Shot
|move|p2b: Swampert|Earthquake|p1b: Sinistcha|[spread] p1a,p1b
|-immune|p2a: Vivillon
|-supereffective|p1a: Archaludon|1
|-resisted|p1b: Sinistcha|1
|-damage|p1a: Archaludon|71/100
|-damage|p1b: Sinistcha|90/100
|-ability|p1a: Archaludon|Stamina|boost
|-boost|p1a: Archaludon|def|1
|move|p2a: Vivillon|Sleep Powder|p1a: Archaludon
|-status|p1a: Archaludon|slp|[from] move: Sleep Powder
|cant|p1a: Archaludon|slp
|
|-weather|none
|-heal|p1a: Archaludon|77/100 slp|[from] item: Leftovers
|upkeep
|turn|6
|
|t:|1784743000
|move|p2a: Vivillon|Hurricane|p1b: Sinistcha
|-supereffective|p1b: Sinistcha|1
|-damage|p1b: Sinistcha|46/100
|-enditem|p1b: Sinistcha|Sitrus Berry|[eat]
|-heal|p1b: Sinistcha|71/100|[from] item: Sitrus Berry
|move|p2b: Swampert|Earthquake|p1b: Sinistcha|[spread] p1a,p1b
|-immune|p2a: Vivillon
|-supereffective|p1a: Archaludon|1
|-resisted|p1b: Sinistcha|1
|-damage|p1a: Archaludon|57/100 slp
|-damage|p1b: Sinistcha|61/100
|-ability|p1a: Archaludon|Stamina|boost
|-boost|p1a: Archaludon|def|1
|cant|p1a: Archaludon|slp
|move|p1b: Sinistcha|Matcha Gotcha|p2b: Swampert|[spread] p2a,p2b
|-resisted|p2a: Vivillon|2
|-supereffective|p2b: Swampert|2
|-damage|p2a: Vivillon|24/100
|-heal|p1b: Sinistcha|67/100|[from] drain|[of] p2a: Vivillon
|-damage|p2b: Swampert|2/100
|-heal|p1b: Sinistcha|100/100|[from] drain|[of] p2b: Swampert
|
|-heal|p1a: Archaludon|63/100 slp|[from] item: Leftovers
|upkeep
|turn|7
|-message|prosta1 forfeited.
|
|win|EBnilla
