|j|☆gianlucone
|j|☆panijc
|html|gianluconepanijc    
|uhtml|bestof|Game 1 of a best-of-3
|t:|1785604037
|gametype|doubles
|player|p1|gianlucone|102|1177
|player|p2|panijc|2|1236
|gen|9
|tier|[Gen 9 Champions] VGC 2026 Reg M-B (Bo3)
|rated|
|rule|Species Clause: Limit one of each Pokémon
|rule|Item Clause: Limit 1 of each item
|clearpoke
|poke|p1|Staraptor, L50, M|
|poke|p1|Garchomp, L50, M|
|poke|p1|Whimsicott, L50, M|
|poke|p1|Delphox, L50, M|
|poke|p1|Glimmora, L50, M|
|poke|p1|Kingambit, L50, M|
|poke|p2|Raichu, L50, M|
|poke|p2|Mamoswine, L50, M|
|poke|p2|Sylveon, L50, F|
|poke|p2|Incineroar, L50, M|
|poke|p2|Basculegion, L50, M|
|poke|p2|Whimsicott, L50, M|
|teampreview|4
|showteam|p1|Staraptor||Staraptite|Intimidate|Protect,Roost,CloseCombat,BraveBird|Jolly||M|||50|]Garchomp||LifeOrb|RoughSkin|Protect,RockSlide,Earthquake,DragonClaw|Jolly||M|||50|]Whimsicott||OccaBerry|Prankster|Moonblast,Tailwind,Charm,LightScreen|Timid||M|||50|]Delphox||Delphoxite|Magician|Protect,Psychic,HeatWave,Substitute|Timid||M|||50|]Glimmora||FocusSash|ToxicDebris|SpikyShield,SludgeBomb,EarthPower,PowerGem|Timid||M|||50|]Kingambit||ChopleBerry|Defiant|SuckerPunch,LowKick,IronHead,KowtowCleave|Adamant||M|||50|
|showteam|p2|Raichu||RaichuniteY|LightningRod|ZapCannon,FocusBlast,FakeOut,Protect|Timid||M|||50|]Mamoswine||LifeOrb|Oblivious|IcicleCrash,HighHorsepower,IceShard,Protect|Adamant||M|||50|]Sylveon||FairyFeather|Pixilate|HyperVoice,HyperBeam,Detect,Yawn|Modest||F|||50|]Incineroar||SitrusBerry|Intimidate|ThroatChop,FlareBlitz,FakeOut,PartingShot|Impish||M|||50|]Basculegion||MysticWater|Adaptability|WaveCrash,LastRespects,AquaJet,Protect|Adamant||M|||50|]Whimsicott||FocusSash|Prankster|Moonblast,Tailwind,Protect,Encore|Timid||M|||50|
|inactive|Battle timer is ON: inactive players will automatically lose when time's up. (requested by gianlucone)
|inactive|gianlucone has 60 seconds left.
|
|t:|1785604079
|teamsize|p1|4
|teamsize|p2|4
|start
|switch|p1a: Whimsicott|Whimsicott, L50, M|100/100
|switch|p1b: Staraptor|Staraptor, L50, M|100/100
|switch|p2a: Basculegion|Basculegion, L50, M|100/100
|switch|p2b: Whimsicott|Whimsicott, L50, M|100/100
|-ability|p1b: Staraptor|Intimidate|boost
|-unboost|p2a: Basculegion|atk|1
|-unboost|p2b: Whimsicott|atk|1
|turn|1
|
|t:|1785604097
|detailschange|p1b: Staraptor|Staraptor-Mega, L50, M
|-mega|p1b: Staraptor|Staraptor|Staraptite
|move|p1a: Whimsicott|Charm|p1b: Staraptor
|-boost|p1b: Staraptor|atk|2
|move|p2b: Whimsicott|Moonblast|p1b: Staraptor
|-supereffective|p1b: Staraptor|1
|-damage|p1b: Staraptor|26/100
|move|p1b: Staraptor|Close Combat|p2b: Whimsicott
|-resisted|p2b: Whimsicott|1
|-crit|p2b: Whimsicott
|-enditem|p2b: Whimsicott|Focus Sash
|-damage|p2b: Whimsicott|1/100
|-boost|p1b: Staraptor|def|1
|-boost|p1b: Staraptor|spd|1
|move|p2a: Basculegion|Wave Crash|p1b: Staraptor
|-damage|p1b: Staraptor|0 fnt
|faint|p1b: Staraptor
|-damage|p2a: Basculegion|91/100|[from] Recoil
|
|upkeep
|
|t:|1785604114
|switch|p1b: Garchomp|Garchomp, L50, M|100/100
|turn|2
|
|t:|1785604125
|move|p2a: Basculegion|Protect|p2a: Basculegion
|-singleturn|p2a: Basculegion|Protect
|move|p2b: Whimsicott|Tailwind|p2b: Whimsicott
|-sidestart|p2: panijc|move: Tailwind
|move|p1a: Whimsicott|Tailwind|p1a: Whimsicott
|-sidestart|p1: gianlucone|move: Tailwind
|move|p1b: Garchomp|Earthquake|p2b: Whimsicott|[spread] p1a,p2b
|-activate|p2a: Basculegion|move: Protect
|-resisted|p1a: Whimsicott|1
|-resisted|p2b: Whimsicott|1
|-damage|p1a: Whimsicott|65/100
|-damage|p2b: Whimsicott|0 fnt
|faint|p2b: Whimsicott
|-damage|p1b: Garchomp|90/100|[from] item: Life Orb
|
|upkeep
|
|t:|1785604139
|switch|p2b: Mamoswine|Mamoswine, L50, M|100/100
|turn|3
|
|t:|1785604152
|switch|p2a: Raichu|Raichu, L50, M|100/100
|move|p2b: Mamoswine|Ice Shard|p1b: Garchomp
|-supereffective|p1b: Garchomp|2
|-damage|p1b: Garchomp|0 fnt
|faint|p1b: Garchomp
|-damage|p2b: Mamoswine|90/100|[from] item: Life Orb
|move|p1a: Whimsicott|Moonblast|p2a: Raichu
|-damage|p2a: Raichu|55/100
|
|upkeep
|
|t:|1785604158
|switch|p1b: Glimmora|Glimmora, L50, M|100/100
|turn|4
|
|t:|1785604176
|detailschange|p2a: Raichu|Raichu-Mega-Y, L50, M
|-mega|p2a: Raichu|Raichu|Raichunite Y
|move|p2a: Raichu|Fake Out|p1b: Glimmora
|-resisted|p1b: Glimmora|1
|-damage|p1b: Glimmora|94/100
|-activate|p1b: Glimmora|ability: Toxic Debris
|-sidestart|p2: panijc|move: Toxic Spikes
|move|p1a: Whimsicott|Charm|p2b: Mamoswine
|-unboost|p2b: Mamoswine|atk|2
|move|p2b: Mamoswine|Ice Shard|p1a: Whimsicott
|-supereffective|p1a: Whimsicott|1
|-damage|p1a: Whimsicott|25/100
|-damage|p2b: Mamoswine|80/100|[from] item: Life Orb
|cant|p1b: Glimmora|flinch
|
|upkeep
|turn|5
|
|t:|1785604194
|move|p1a: Whimsicott|Light Screen|p1a: Whimsicott
|-sidestart|p1: gianlucone|move: Light Screen
|move|p2b: Mamoswine|Ice Shard|p1a: Whimsicott
|-supereffective|p1a: Whimsicott|1
|-crit|p1a: Whimsicott
|-damage|p1a: Whimsicott|0 fnt
|faint|p1a: Whimsicott
|-damage|p2b: Mamoswine|71/100|[from] item: Life Orb
|move|p2a: Raichu|Zap Cannon|p1b: Glimmora
|-damage|p1b: Glimmora|33/100
|-status|p1b: Glimmora|par
|move|p1b: Glimmora|Earth Power|p2a: Raichu
|-supereffective|p2a: Raichu|1
|-damage|p2a: Raichu|0 fnt
|faint|p2a: Raichu
|
|-sideend|p2: panijc|move: Tailwind
|-sideend|p1: gianlucone|move: Tailwind
|upkeep
|-message|gianlucone forfeited.
|
|win|panijc
|l|☆gianlucone
|player|p1|
||gianlucone is ready for game 2.
||panijc is ready for game 2.
|uhtml|next|Next: Game 2 of 3
