|j|☆hamilton60
|j|☆KodeBeast0526
|html|hamilton60KodeBeast0526    
|uhtml|bestof|Game 1 of a best-of-3
|t:|1783488219
|gametype|doubles
|player|p1|hamilton60|266|1054
|player|p2|KodeBeast0526|hiker|1146
|gen|9
|tier|[Gen 9 Champions] VGC 2026 Reg M-B (Bo3)
|rated|
|rule|Species Clause: Limit one of each Pokémon
|rule|Item Clause: Limit 1 of each item
|clearpoke
|poke|p1|Whimsicott, L50, F|
|poke|p1|Armarouge, L50, M|
|poke|p1|Tyranitar, L50, F|
|poke|p1|Meowscarada, L50, F|
|poke|p1|Metagross, L50|
|poke|p1|Annihilape, L50, F|
|poke|p2|Gengar, L50, M|
|poke|p2|Swampert, L50, M|
|poke|p2|Incineroar, L50, M|
|poke|p2|Politoed, L50, F|
|poke|p2|Archaludon, L50, F|
|poke|p2|Vivillon-Ocean, L50, M|
|teampreview|4
|showteam|p1|Whimsicott||FocusSash|Prankster|Moonblast,Tailwind,Taunt,Encore|Modest||F|||50|]Armarouge||LifeOrb|FlashFire|Flamethrower,AuraSphere,Protect,Psychic|Timid||M|||50|]Tyranitar||Tyranitarite|SandStream|RockSlide,DragonDance,Protect,KnockOff|Adamant||F|||50|]Meowscarada||ChoiceScarf|Protean|FlowerTrick,ShadowClaw,KnockOff,BrickBreak|Jolly||F|||50|]Metagross||Metagrossite|ClearBody|PsychicFangs,IronHead,Protect,BulletPunch|Serious|||||50|]Annihilape||WhiteHerb|Defiant|RageFist,Protect,CloseCombat,DrainPunch|Serious||F|||50|
|showteam|p2|Gengar||Gengarite|CursedBody|ShadowBall,PerishSong,SludgeBomb,Protect|Timid||M|||50|]Swampert||Swampertite|Torrent|WaveCrash,Earthquake,IcePunch,Protect|Adamant||M|||50|]Incineroar||PasshoBerry|Intimidate|ThroatChop,PartingShot,FakeOut,Protect|Sassy||M|||50|]Politoed||SitrusBerry|Drizzle|WeatherBall,PerishSong,Encore,Protect|Calm||F|||50|]Archaludon||Leftovers|Stamina|DragonPulse,FlashCannon,ElectroShot,Protect|Bold||F|||50|]Vivillon-Ocean||FocusSash|CompoundEyes|Hurricane,SleepPowder,RagePowder,Protect|Timid||M|||50|
|inactive|Battle timer is ON: inactive players will automatically lose when time's up. (requested by hamilton60)
|inactive|KodeBeast0526 has 60 seconds left.
|
|t:|1783488251
|teamsize|p1|4
|teamsize|p2|4
|start
|switch|p1a: Meowscarada|Meowscarada, L50, F|100/100
|switch|p1b: Whimsicott|Whimsicott, L50, F|100/100
|switch|p2a: Archaludon|Archaludon, L50, F|100/100
|switch|p2b: Swampert|Swampert, L50, M|100/100
|turn|1
|inactive|KodeBeast0526 has 30 seconds left.
|
|t:|1783488282
|switch|p2b: Politoed|Politoed, L50, F|100/100
|-weather|RainDance|[from] ability: Drizzle|[of] p2b: Politoed
|move|p1b: Whimsicott|Tailwind|p1b: Whimsicott
|-sidestart|p1: hamilton60|move: Tailwind
|move|p1a: Meowscarada|Flower Trick|p2b: Politoed
|-start|p1a: Meowscarada|typechange|Grass|[from] ability: Protean
|-supereffective|p2b: Politoed|1
|-crit|p2b: Politoed
|-damage|p2b: Politoed|8/100
|-enditem|p2b: Politoed|Sitrus Berry|[eat]
|-heal|p2b: Politoed|33/100|[from] item: Sitrus Berry
|move|p2a: Archaludon|Electro Shot||[still]
|-prepare|p2a: Archaludon|Electro Shot
|-boost|p2a: Archaludon|spa|1
|-anim|p2a: Archaludon|Electro Shot|p1a: Meowscarada
|-resisted|p1a: Meowscarada|1
|-damage|p1a: Meowscarada|59/100
|
|-weather|RainDance|[upkeep]
|upkeep
|turn|2
|
|t:|1783488305
|move|p2b: Politoed|Protect|p2b: Politoed
|-singleturn|p2b: Politoed|Protect
|move|p1a: Meowscarada|Flower Trick|p2b: Politoed
|-activate|p2b: Politoed|move: Protect
|move|p1b: Whimsicott|Moonblast|p2a: Archaludon
|-damage|p2a: Archaludon|56/100
|-ability|p2a: Archaludon|Stamina|boost
|-boost|p2a: Archaludon|def|1
|move|p2a: Archaludon|Electro Shot||[still]
|-prepare|p2a: Archaludon|Electro Shot
|-boost|p2a: Archaludon|spa|1
|-anim|p2a: Archaludon|Electro Shot|p1a: Meowscarada
|-resisted|p1a: Meowscarada|1
|-damage|p1a: Meowscarada|1/100
|
|-weather|RainDance|[upkeep]
|-heal|p2a: Archaludon|62/100|[from] item: Leftovers
|upkeep
|turn|3
|
|t:|1783488327
|switch|p2b: Incineroar|Incineroar, L50, M|100/100
|-ability|p2b: Incineroar|Intimidate|boost
|-unboost|p1a: Meowscarada|atk|1
|-unboost|p1b: Whimsicott|atk|1
|move|p1b: Whimsicott|Encore|p2b: Incineroar
|-hint|Since gen 7, Dark is immune to Prankster moves.
|-immune|p2b: Incineroar
|move|p1a: Meowscarada|Flower Trick|p2a: Archaludon
|-resisted|p2a: Archaludon|2
|-crit|p2a: Archaludon
|-damage|p2a: Archaludon|54/100
|-ability|p2a: Archaludon|Stamina|boost
|-boost|p2a: Archaludon|def|1
|move|p2a: Archaludon|Electro Shot||[still]
|-prepare|p2a: Archaludon|Electro Shot
|-boost|p2a: Archaludon|spa|1
|-anim|p2a: Archaludon|Electro Shot|p1a: Meowscarada
|-resisted|p1a: Meowscarada|1
|-damage|p1a: Meowscarada|0 fnt
|faint|p1a: Meowscarada
|
|-weather|RainDance|[upkeep]
|-heal|p2a: Archaludon|60/100|[from] item: Leftovers
|upkeep
|
|t:|1783488342
|switch|p1a: Tyranitar|Tyranitar, L50, F|100/100
|-weather|Sandstorm|[from] ability: Sand Stream|[of] p1a: Tyranitar
|turn|4
|
|t:|1783488351
|move|p1a: Tyranitar|Protect|p1a: Tyranitar
|-singleturn|p1a: Tyranitar|Protect
|move|p2b: Incineroar|Fake Out|p1b: Whimsicott
|-damage|p1b: Whimsicott|83/100
|cant|p1b: Whimsicott|flinch
|move|p2a: Archaludon|Flash Cannon|p1b: Whimsicott
|-supereffective|p1b: Whimsicott|1
|-damage|p1b: Whimsicott|0 fnt
|faint|p1b: Whimsicott
|
|-weather|Sandstorm|[upkeep]
|-damage|p2b: Incineroar|94/100|[from] Sandstorm
|-heal|p2a: Archaludon|66/100|[from] item: Leftovers
|-sideend|p1: hamilton60|move: Tailwind
|upkeep
|
|t:|1783488356
|switch|p1b: Annihilape|Annihilape, L50, F|100/100
|turn|5
|
|t:|1783488377
|detailschange|p1a: Tyranitar|Tyranitar-Mega, L50, F
|-mega|p1a: Tyranitar|Tyranitar|Tyranitarite
|move|p2a: Archaludon|Dragon Pulse|p1b: Annihilape
|-damage|p1b: Annihilape|12/100
|move|p1b: Annihilape|Close Combat|p2a: Archaludon
|-supereffective|p2a: Archaludon|1
|-damage|p2a: Archaludon|25/100
|-unboost|p1b: Annihilape|def|1
|-unboost|p1b: Annihilape|spd|1
|-ability|p2a: Archaludon|Stamina|boost
|-boost|p2a: Archaludon|def|1
|-enditem|p1b: Annihilape|White Herb
|-clearnegativeboost|p1b: Annihilape|[silent]
|move|p1a: Tyranitar|Rock Slide|p2a: Archaludon|[spread] p2a
|-miss|p1a: Tyranitar|p2b: Incineroar
|-resisted|p2a: Archaludon|1
|-damage|p2a: Archaludon|20/100y
|-ability|p2a: Archaludon|Stamina|boost
|-boost|p2a: Archaludon|def|1
|move|p2b: Incineroar|Throat Chop|p1b: Annihilape
|-damage|p1b: Annihilape|0 fnt
|faint|p1b: Annihilape
|
|-weather|Sandstorm|[upkeep]
|-damage|p2b: Incineroar|88/100|[from] Sandstorm
|-heal|p2a: Archaludon|26/100|[from] item: Leftovers
|upkeep
|turn|6
|-message|hamilton60 forfeited.
|
|win|KodeBeast0526
|l|☆hamilton60
|player|p1|
||hamilton60 is ready for game 2.
