|j|☆aussi3vgc
|j|☆Shortslover69
|html|aussi3vgcShortslover69    
|uhtml|bestof|Game 1 of a best-of-3
|t:|1757724718
|gametype|doubles
|player|p1|aussi3vgc|red|1046
|player|p2|Shortslover69|youngster-gen4dp|1071
|gen|9
|tier|[Gen 9] VGC 2025 Reg H (Bo3)
|rated|
|rule|Species Clause: Limit one of each Pokémon
|rule|Item Clause: Limit 1 of each item
|clearpoke
|poke|p1|Archaludon, L50, M|
|poke|p1|Basculegion, L50, M|
|poke|p1|Pelipper, L50, M|
|poke|p1|Amoonguss, L50, M|
|poke|p1|Gholdengo, L50|
|poke|p1|Sneasler, L50, F|
|poke|p2|Indeedee-F, L50, F|
|poke|p2|Amoonguss, L50, M|
|poke|p2|Hatterene, L50, F|
|poke|p2|Vikavolt, L50, F|
|poke|p2|Araquanid, L50, M|
|poke|p2|Porygon2, L50|
|teampreview|4
|showteam|p1|Archaludon||AssaultVest|Stamina|DracoMeteor,FlashCannon,ElectroShot,BodyPress|||M|||50|,,,,,Bug]Basculegion||ChoiceBand|SwiftSwim|WaveCrash,FlipTurn,LastRespects,AquaJet|||M|||50|,,,,,Water]Pelipper||CovertCloak|Drizzle|WeatherBall,Hurricane,Tailwind,Protect|||M|||50|,,,,,Steel]Amoonguss||SitrusBerry|Regenerator|PollenPuff,Spore,RagePowder,Protect|||M|||50|,,,,,Fairy]Gholdengo||LifeOrb|GoodasGold|MakeItRain,ShadowBall,NastyPlot,Protect||||||50|,,,,,Water]Sneasler||FocusSash|PoisonTouch|CloseCombat,DireClaw,FakeOut,Protect|||F|||50|,,,,,Ghost
|showteam|p2|Indeedee-F||SafetyGoggles|PsychicSurge|Psychic,FollowMe,TrickRoom,Protect|||F|||50|,,,,,Poison]Amoonguss||RockyHelmet|Regenerator|RagePowder,PollenPuff,Spore,Protect|||M|||50|,,,,,Ghost]Hatterene||LifeOrb|MagicBounce|DazzlingGleam,ExpandingForce,TrickRoom,Protect|||F|||50|,,,,,Psychic]Vikavolt||ChoiceSpecs|Levitate|VoltSwitch,BugBuzz,Thunderbolt,TeraBlast|||F|||50|,,,,,Ground]Araquanid||ClearAmulet|WaterBubble|Liquidation,WideGuard,LeechLife,Protect|||M|||50|,,,,,Water]Porygon2||Eviolite|Download|TeraBlast,IceBeam,Recover,TrickRoom||||||50|,,,,,Fighting
|inactive|Battle timer is ON: inactive players will automatically lose when time's up. (requested by Shortslover69)
|inactive|aussi3vgc has 60 seconds left.
|inactive|Shortslover69 has 60 seconds left.
|inactive|aussi3vgc has 30 seconds left.
|
|t:|1757724780
|teamsize|p1|4
|teamsize|p2|4
|start
|switch|p1a: Pelipper|Pelipper, L50, M|100/100
|switch|p1b: Basculegion|Basculegion, L50, M|100/100
|switch|p2a: Tricking my Room|Indeedee-F, L50, F|100/100
|switch|p2b: Lumpy Space Prin|Hatterene, L50, F|100/100
|-weather|RainDance|[from] ability: Drizzle|[of] p1a: Pelipper
|-fieldstart|move: Psychic Terrain|[from] ability: Psychic Surge|[of] p2a: Tricking my Room
|turn|1
|
|t:|1757724794
|-terastallize|p1b: Basculegion|Water
|move|p2a: Tricking my Room|Follow Me|p2a: Tricking my Room
|-singleturn|p2a: Tricking my Room|move: Follow Me
|move|p1b: Basculegion|Wave Crash|p2a: Tricking my Room
|-damage|p2a: Tricking my Room|0 fnt
|faint|p2a: Tricking my Room
|-damage|p1b: Basculegion|71/100|[from] Recoil
|move|p1a: Pelipper|Weather Ball|p2b: Lumpy Space Prin
|-damage|p2b: Lumpy Space Prin|44/100
|move|p2b: Lumpy Space Prin|Trick Room|p2b: Lumpy Space Prin
|-fieldstart|move: Trick Room|[of] p2b: Lumpy Space Prin
|
|-weather|RainDance|[upkeep]
|upkeep
|
|t:|1757724811
|switch|p2a: Trans Rights|Amoonguss, L50, M|100/100
|turn|2
|
|t:|1757724818
|switch|p1b: Archaludon|Archaludon, L50, M|100/100
|-terastallize|p2b: Lumpy Space Prin|Psychic
|move|p1a: Pelipper|Protect|p1a: Pelipper
|-singleturn|p1a: Pelipper|Protect
|move|p2b: Lumpy Space Prin|Expanding Force|p1a: Pelipper|[spread] p1b
|-activate|p1a: Pelipper|move: Protect
|-resisted|p1b: Archaludon
|-damage|p1b: Archaludon|52/100
|-ability|p1b: Archaludon|Stamina|boost
|-boost|p1b: Archaludon|def|1
|-damage|p2b: Lumpy Space Prin|34/100|[from] item: Life Orb
|move|p2a: Trans Rights|Pollen Puff|p2b: Lumpy Space Prin
|-heal|p2b: Lumpy Space Prin|84/100
|
|-weather|RainDance|[upkeep]
|upkeep
|turn|3
|
|t:|1757724843
|move|p2b: Lumpy Space Prin|Expanding Force|p1a: Pelipper|[spread] p1a,p1b
|-resisted|p1b: Archaludon
|-crit|p1b: Archaludon
|-damage|p1a: Pelipper|0 fnt
|-damage|p1b: Archaludon|0 fnt
|faint|p1a: Pelipper
|faint|p1b: Archaludon
|-damage|p2b: Lumpy Space Prin|74/100|[from] item: Life Orb
|move|p2a: Trans Rights|Spore|p1: Pelipper|[notarget]
|-fail|p2a: Trans Rights
|
|-weather|RainDance|[upkeep]
|upkeep
|
|t:|1757724846
|switch|p1a: Sneasler|Sneasler, L50, F|100/100
|switch|p1b: Basculegion|Basculegion, L50, M, tera:Water|71/100
|turn|4
|
|t:|1757724858
|move|p1a: Sneasler|Protect|p1a: Sneasler
|-singleturn|p1a: Sneasler|Protect
|move|p2b: Lumpy Space Prin|Expanding Force|p1a: Sneasler|[spread] p1b
|-activate|p1a: Sneasler|move: Protect
|-damage|p1b: Basculegion|0 fnt
|faint|p1b: Basculegion
|-damage|p2b: Lumpy Space Prin|65/100|[from] item: Life Orb
|move|p2a: Trans Rights|Spore|p1a: Sneasler
|-activate|p1a: Sneasler|move: Protect
|
|-weather|RainDance|[upkeep]
|upkeep
|turn|5
|
|t:|1757724870
|move|p1a: Sneasler|Protect|p1a: Sneasler
|-singleturn|p1a: Sneasler|Protect
|move|p2b: Lumpy Space Prin|Expanding Force|p1a: Sneasler
|-activate|p1a: Sneasler|move: Protect
|move|p2a: Trans Rights|Pollen Puff|p2b: Lumpy Space Prin
|-heal|p2b: Lumpy Space Prin|100/100
|
|-weather|none
|-fieldend|move: Trick Room
|-fieldend|move: Psychic Terrain
|upkeep
|turn|6
|
|t:|1757724876
|move|p2a: Trans Rights|Rage Powder|p2a: Trans Rights
|-singleturn|p2a: Trans Rights|move: Rage Powder
|move|p1a: Sneasler|Dire Claw|p2a: Trans Rights
|-damage|p2a: Trans Rights|69/100
|-damage|p1a: Sneasler|84/100|[from] item: Rocky Helmet|[of] p2a: Trans Rights
|move|p2b: Lumpy Space Prin|Expanding Force|p1a: Sneasler
|-supereffective|p1a: Sneasler
|-damage|p1a: Sneasler|0 fnt
|faint|p1a: Sneasler
|-damage|p2b: Lumpy Space Prin|91/100|[from] item: Life Orb
|
|win|Shortslover69
||Shortslover69 is ready for game 2.
||aussi3vgc is ready for game 2.
|uhtml|next|Next: Game 2 of 3
|l|☆aussi3vgc
|player|p1|
