|j|☆Barri Deagol
|j|☆uno33
|html|Barri Deagoluno33    
|uhtml|bestof|Game 1 of a best-of-3
|t:|1756300273
|gametype|doubles
|player|p1|Barri Deagol|brycenman|1068
|player|p2|uno33|youngster-gen4dp|1045
|gen|9
|tier|[Gen 9] VGC 2025 Reg H (Bo3)
|rated|
|rule|Species Clause: Limit one of each Pokémon
|rule|Item Clause: Limit 1 of each item
|clearpoke
|poke|p1|Incineroar, L50, M|
|poke|p1|Pelipper, L50, F|
|poke|p1|Basculegion, L50, M|
|poke|p1|Amoonguss, L50, M|
|poke|p1|Maushold-Four, L50|
|poke|p1|Archaludon, L50, F|
|poke|p2|Charizard, L50, M|
|poke|p2|Torkoal, L50, F|
|poke|p2|Porygon2, L50|
|poke|p2|Incineroar, L50, F|
|poke|p2|Jumpluff, L50, F|
|poke|p2|Ursaluna, L50, M|
|teampreview|4
|showteam|p1|Incineroar||SafetyGoggles|Intimidate|FakeOut,FlareBlitz,KnockOff,PartingShot|||M|||50|,,,,,Ghost]Pelipper||FocusSash|Drizzle|Hurricane,WeatherBall,Tailwind,Protect|||F|||50|,,,,,Ghost]Basculegion||MysticWater|SwiftSwim|Protect,WaveCrash,AquaJet,LastRespects|||M|||50|,,,,,Water]Amoonguss||SitrusBerry|Regenerator|Spore,RagePowder,PollenPuff,ClearSmog|||M|||50|,,,,,Water]Maushold-Four||WideLens|Technician|PopulationBomb,FollowMe,Taunt,Protect||||||50|,,,,,Grass]Archaludon||AssaultVest|Stamina|ElectroShot,DragonPulse,FlashCannon,BodyPress|||F|||50|,,,,,Grass
|showteam|p2|Charizard||ChoiceSpecs|SolarPower|HeatWave,Overheat,WeatherBall,AirSlash|||M|||50|,,,,,Ghost]Torkoal||EjectPack|Drought|Eruption,Overheat,HelpingHand,Protect|||F|||50|,,,,,Fire]Porygon2||Eviolite|Download|TeraBlast,IceBeam,Recover,TrickRoom||||||50|,,,,,Fighting]Incineroar||SitrusBerry|Intimidate|FlareBlitz,KnockOff,FakeOut,PartingShot|||F|||50|,,,,,Ghost]Jumpluff||CovertCloak|Chlorophyll|SleepPowder,SunnyDay,RagePowder,Tailwind|||F|||50|,,,,,Water]Ursaluna||FlameOrb|Guts|HeadlongRush,Facade,Earthquake,Protect|||M|||50|,,,,,Ghost
|inactive|Battle timer is ON: inactive players will automatically lose when time's up. (requested by Barri Deagol)
|inactive|uno33 has 60 seconds left.
|
|t:|1756300356
|teamsize|p1|4
|teamsize|p2|4
|start
|switch|p1a: Incineroar|Incineroar, L50, M|100/100
|switch|p1b: Maushold|Maushold-Four, L50|100/100
|switch|p2a: Incineroar|Incineroar, L50, F|100/100
|switch|p2b: Jumpluff|Jumpluff, L50, F|100/100
|-ability|p2a: Incineroar|Intimidate|boost
|-unboost|p1a: Incineroar|atk|1
|-unboost|p1b: Maushold|atk|1
|-ability|p1a: Incineroar|Intimidate|boost
|-unboost|p2a: Incineroar|atk|1
|-unboost|p2b: Jumpluff|atk|1
|turn|1
|inactive|uno33 has 30 seconds left.
|inactive|uno33 has 20 seconds left.
|inactive|uno33 has 15 seconds left.
|inactive|uno33 has 10 seconds left.
|
|t:|1756300404
|switch|p2b: Porygon2|Porygon2, L50|100/100
|-ability|p2b: Porygon2|Download|boost
|-boost|p2b: Porygon2|atk|1
|move|p1a: Incineroar|Fake Out|p2a: Incineroar
|-damage|p2a: Incineroar|92/100
|move|p1b: Maushold|Taunt|p2b: Porygon2
|-start|p2b: Porygon2|move: Taunt
|cant|p2a: Incineroar|flinch
|
|upkeep
|turn|2
|inactive|Barri Deagol has 30 seconds left.
|inactive|uno33 has 30 seconds left.
|inactive|Barri Deagol has 20 seconds left.
|
|t:|1756300440
|switch|p1b: Pelipper|Pelipper, L50, F|100/100
|-weather|RainDance|[from] ability: Drizzle|[of] p1b: Pelipper
|-terastallize|p2b: Porygon2|Fighting
|move|p2a: Incineroar|Knock Off|p1a: Incineroar
|-resisted|p1a: Incineroar
|-damage|p1a: Incineroar|85/100
|-enditem|p1a: Incineroar|Safety Goggles|[from] move: Knock Off|[of] p2a: Incineroar
|move|p1a: Incineroar|Parting Shot|p2b: Porygon2
|-unboost|p2b: Porygon2|atk|1
|-unboost|p2b: Porygon2|spa|1
|
|t:|1756300453
|switch|p1a: Maushold|Maushold-Four, L50|100/100|[from] Parting Shot
|move|p2b: Porygon2|Tera Blast|p1b: Pelipper|[anim] Tera Blast Fighting
|-resisted|p1b: Pelipper
|-damage|p1b: Pelipper|78/100
|
|-weather|RainDance|[upkeep]
|upkeep
|turn|3
|inactive|uno33 has 30 seconds left.
|
|t:|1756300483
|switch|p2b: Jumpluff|Jumpluff, L50, F|100/100
|move|p1a: Maushold|Population Bomb|p2b: Jumpluff
|-damage|p2b: Jumpluff|86/100
|-damage|p2b: Jumpluff|72/100
|-damage|p2b: Jumpluff|59/100
|-damage|p2b: Jumpluff|45/100
|-damage|p2b: Jumpluff|32/100
|-damage|p2b: Jumpluff|19/100
|-damage|p2b: Jumpluff|4/100
|-damage|p2b: Jumpluff|0 fnt
|faint|p2b: Jumpluff
|-hitcount|p2: Jumpluff|8
|move|p1b: Pelipper|Weather Ball|p2a: Incineroar
|-supereffective|p2a: Incineroar
|-damage|p2a: Incineroar|0 fnt
|faint|p2a: Incineroar
|
|-weather|RainDance|[upkeep]
|upkeep
|
|t:|1756300489
|switch|p2b: Porygon2|Porygon2, L50, tera:Fighting|100/100
|switch|p2a: Ursaluna|Ursaluna, L50, M|100/100
|-ability|p2b: Porygon2|Download|boost
|-boost|p2b: Porygon2|spa|1
|turn|4
|inactive|Barri Deagol has 30 seconds left.
|
|t:|1756300519
|move|p2a: Ursaluna|Protect|p2a: Ursaluna
|-singleturn|p2a: Ursaluna|Protect
|move|p1a: Maushold|Population Bomb|p2b: Porygon2
|-damage|p2b: Porygon2|93/100
|-damage|p2b: Porygon2|85/100
|-damage|p2b: Porygon2|77/100
|-damage|p2b: Porygon2|69/100
|-damage|p2b: Porygon2|61/100
|-damage|p2b: Porygon2|53/100
|-damage|p2b: Porygon2|46/100
|-damage|p2b: Porygon2|38/100
|-damage|p2b: Porygon2|31/100
|-damage|p2b: Porygon2|23/100
|-hitcount|p2b: Porygon2|10
|move|p1b: Pelipper|Weather Ball|p2a: Ursaluna
|-activate|p2a: Ursaluna|move: Protect
|move|p2b: Porygon2|Tera Blast|p1a: Maushold|[anim] Tera Blast Fighting
|-supereffective|p1a: Maushold
|-damage|p1a: Maushold|0 fnt
|faint|p1a: Maushold
|
|-weather|RainDance|[upkeep]
|-status|p2a: Ursaluna|brn|[from] item: Flame Orb
|upkeep
|inactive|Barri Deagol has 30 seconds left.
|
|t:|1756300546
|switch|p1a: Basculegion|Basculegion, L50, M|100/100
|turn|5
|c|☆uno33|gg
|-message|uno33 forfeited.
|
|win|Barri Deagol
||uno33 is ready for game 2.
