|j|☆milkandcereals
|j|☆mjs_12
|html|milkandcerealsmjs_12    
|uhtml|bestof|Game 2 of a best-of-3
|t:|1756558571
|gametype|doubles
|player|p1|milkandcereals|blue|1078
|player|p2|mjs_12|102|1012
|gen|9
|tier|[Gen 9] VGC 2025 Reg H (Bo3)
|rated|
|rule|Species Clause: Limit one of each Pokémon
|rule|Item Clause: Limit 1 of each item
|clearpoke
|poke|p1|Porygon2, L50|
|poke|p1|Rillaboom, L50, M|
|poke|p1|Ursaluna, L50, M|
|poke|p1|Jumpluff, L50, F|
|poke|p1|Charizard, L50, M|
|poke|p1|Torkoal, L50, M|
|poke|p2|Tyranitar, L50, F|
|poke|p2|Kommo-o, L50, M|
|poke|p2|Sinistcha, L50|
|poke|p2|Talonflame, L50, M|
|poke|p2|Annihilape, L50, F|
|poke|p2|Ursaluna-Bloodmoon, L50, M|
|teampreview|4
|showteam|p1|Porygon2||Eviolite|Download|TeraBlast,IceBeam,TrickRoom,Recover||||||50|,,,,,Fighting]Rillaboom||AssaultVest|GrassySurge|FakeOut,GrassyGlide,WoodHammer,HighHorsepower|||M|||50|,,,,,Water]Ursaluna||FlameOrb|Guts|Protect,Facade,Earthquake,HeadlongRush|||M|||50|,,,,,Ghost]Jumpluff||CovertCloak|Chlorophyll|SleepPowder,SunnyDay,Tailwind,RagePowder|||F|||50|,,,,,Fire]Charizard||ChoiceSpecs|SolarPower|HeatWave,Overheat,WeatherBall,DragonPulse|||M|||50|,,,,,Ghost]Torkoal||EjectPack|Drought|Overheat,Eruption,HelpingHand,Protect|||M|||50|,,,,,Fire
|showteam|p2|Tyranitar||AssaultVest|SandStream|RockSlide,KnockOff,HeavySlam,Snarl|||F|||50|,,,,,Ghost]Kommo-o||ThroatSpray|Overcoat|ClangorousSoul,ClangingScales,AuraSphere,Protect|||M|||50|,,,,,Fire]Sinistcha||RockyHelmet|Hospitality|StrengthSap,RagePowder,MatchaGotcha,Protect||||||50|,,,,,Dark]Talonflame||MentalHerb|GaleWings|Tailwind,BraveBird,FlareBlitz,FlameCharge|||M|||50|,,,,,Ghost]Annihilape||ChoiceScarf|Defiant|FinalGambit,Coaching,RageFist,Uturn|||F|||50|,,,,,Fire]Ursaluna-Bloodmoon||CovertCloak|MindsEye|HyperVoice,BloodMoon,EarthPower,Protect|||M|||50|,,,,,Normal
|inactive|Battle timer is ON: inactive players will automatically lose when time's up. (requested by milkandcereals)
|
|t:|1756558597
|teamsize|p1|4
|teamsize|p2|4
|start
|switch|p1a: Jumpluff|Jumpluff, L50, F|100/100
|switch|p1b: Charizard|Charizard, L50, M|100/100
|switch|p2a: Kommo-o|Kommo-o, L50, M|100/100
|switch|p2b: Annihilape|Annihilape, L50, F|100/100
|turn|1
|inactive|milkandcereals has 30 seconds left.
|
|t:|1756558627
|move|p2b: Annihilape|Final Gambit|p1b: Charizard
|-damage|p1b: Charizard|0 fnt
|faint|p2b: Annihilape
|faint|p1b: Charizard
|move|p1a: Jumpluff|Sunny Day|p1a: Jumpluff
|-weather|SunnyDay
|move|p2a: Kommo-o|Clangorous Soul|p2a: Kommo-o
|-boost|p2a: Kommo-o|atk|1
|-boost|p2a: Kommo-o|def|1
|-boost|p2a: Kommo-o|spa|1
|-boost|p2a: Kommo-o|spd|1
|-boost|p2a: Kommo-o|spe|1
|-damage|p2a: Kommo-o|68/100
|-enditem|p2a: Kommo-o|Throat Spray
|-boost|p2a: Kommo-o|spa|1|[from] item: Throat Spray
|
|-weather|SunnyDay|[upkeep]
|upkeep
|
|t:|1756558634
|switch|p1b: Ursaluna|Ursaluna, L50, M|100/100
|switch|p2b: Tyranitar|Tyranitar, L50, F|100/100
|-weather|Sandstorm|[from] ability: Sand Stream|[of] p2b: Tyranitar
|turn|2
|
|t:|1756558651
|switch|p2b: Sinistcha|Sinistcha, L50|100/100
|-heal|p2a: Kommo-o|93/100|[from] ability: Hospitality|[of] p2b: Sinistcha
|move|p1b: Ursaluna|Protect|p1b: Ursaluna
|-singleturn|p1b: Ursaluna|Protect
|move|p2a: Kommo-o|Aura Sphere|p1a: Jumpluff
|-resisted|p1a: Jumpluff
|-damage|p1a: Jumpluff|66/100
|move|p1a: Jumpluff|Tailwind|p1a: Jumpluff
|-sidestart|p1: milkandcereals|move: Tailwind
|
|-weather|Sandstorm|[upkeep]
|-damage|p1a: Jumpluff|60/100|[from] Sandstorm
|-damage|p2b: Sinistcha|94/100|[from] Sandstorm
|-status|p1b: Ursaluna|brn|[from] item: Flame Orb
|upkeep
|turn|3
|inactive|milkandcereals has 30 seconds left.
|
|t:|1756558686
|move|p1a: Jumpluff|Rage Powder|p1a: Jumpluff
|-singleturn|p1a: Jumpluff|move: Rage Powder
|move|p2b: Sinistcha|Rage Powder|p2b: Sinistcha
|-singleturn|p2b: Sinistcha|move: Rage Powder
|move|p2a: Kommo-o|Clangorous Soul|p2a: Kommo-o
|-boost|p2a: Kommo-o|atk|1
|-boost|p2a: Kommo-o|def|1
|-boost|p2a: Kommo-o|spa|1
|-boost|p2a: Kommo-o|spd|1
|-boost|p2a: Kommo-o|spe|1
|-damage|p2a: Kommo-o|60/100
|move|p1b: Ursaluna|Earthquake|p2a: Kommo-o|[spread] p2a,p2b
|-immune|p1a: Jumpluff
|-resisted|p2b: Sinistcha
|-damage|p2a: Kommo-o|26/100
|-damage|p2b: Sinistcha|65/100
|
|-weather|Sandstorm|[upkeep]
|-damage|p1a: Jumpluff|54/100|[from] Sandstorm
|-damage|p2b: Sinistcha|58/100|[from] Sandstorm
|-damage|p1b: Ursaluna|94/100 brn|[from] brn
|upkeep
|turn|4
|inactive|milkandcereals has 30 seconds left.
|inactive|mjs_12 has 30 seconds left.
|inactive|milkandcereals has 20 seconds left.
|inactive|milkandcereals has 15 seconds left.
|inactive|milkandcereals has 10 seconds left.
|inactive|milkandcereals has 5 seconds left.
|
|t:|1756558738
|switch|p1a: Porygon2|Porygon2, L50|100/100
|-ability|p1a: Porygon2|Download|boost
|-boost|p1a: Porygon2|spa|1
|switch|p2b: Tyranitar|Tyranitar, L50, F|100/100
|move|p2a: Kommo-o|Protect|p2a: Kommo-o
|-singleturn|p2a: Kommo-o|Protect
|move|p1b: Ursaluna|Earthquake|p2a: Kommo-o|[spread] p1a,p2b
|-activate|p2a: Kommo-o|move: Protect
|-supereffective|p2b: Tyranitar
|-damage|p1a: Porygon2|55/100
|-damage|p2b: Tyranitar|0 fnt
|faint|p2b: Tyranitar
|
|-weather|Sandstorm|[upkeep]
|-damage|p1a: Porygon2|49/100|[from] Sandstorm
|-damage|p1b: Ursaluna|88/100 brn|[from] brn
|upkeep
|
|t:|1756558742
|switch|p2b: Sinistcha|Sinistcha, L50|58/100
|-heal|p2a: Kommo-o|50/100|[from] ability: Hospitality|[of] p2b: Sinistcha
|turn|5
|
|t:|1756558766
|switch|p1a: Jumpluff|Jumpluff, L50, F|54/100
|move|p2a: Kommo-o|Clanging Scales|p1b: Ursaluna|[spread] p1a,p1b
|-damage|p1a: Jumpluff|0 fnt
|-damage|p1b: Ursaluna|0 fnt
|faint|p1a: Jumpluff
|faint|p1b: Ursaluna
|-unboost|p2a: Kommo-o|def|1
|move|p2b: Sinistcha|Strength Sap|p1: Jumpluff|[notarget]
|-fail|p2b: Sinistcha
|
|-weather|Sandstorm|[upkeep]
|-damage|p2b: Sinistcha|52/100|[from] Sandstorm
|-sideend|p1: milkandcereals|move: Tailwind
|upkeep
|c|☆milkandcereals|yeah, gg
|-message|milkandcereals forfeited.
|
|win|mjs_12
|raw|milkandcereals's rating: 1078 → 1052(-26 for losing)
|raw|mjs_12's rating: 1012 → 1057(+45 for winning)
