|j|☆Brutalandathebozz
|j|☆pandamillonario
|html|Brutalandathebozzpandamillonario    
|uhtml|bestof|Game 1 of a best-of-3
|t:|1784463543
|gametype|doubles
|player|p1|Brutalandathebozz|169|1119
|player|p2|pandamillonario|blackbelt-gen4dp|1154
|gen|9
|tier|[Gen 9 Champions] VGC 2026 Reg M-B (Bo3)
|rated|
|rule|Species Clause: Limit one of each Pokémon
|rule|Item Clause: Limit 1 of each item
|clearpoke
|poke|p1|Kommo-o, L50, F|
|poke|p1|Scizor, L50, M|
|poke|p1|Incineroar, L50, M|
|poke|p1|Sinistcha, L50|
|poke|p1|Tyranitar, L50, F|
|poke|p1|Milotic, L50, F|
|poke|p2|Charizard, L50, M|
|poke|p2|Garchomp, L50, F|
|poke|p2|Whimsicott, L50, F|
|poke|p2|Floette-Eternal, L50, F|
|poke|p2|Kingambit, L50, M|
|poke|p2|Basculegion, L50, M|
|teampreview|4
|showteam|p1|Kommo-o||Leftovers|Soundproof|ClangingScales,AuraSphere,ClangorousSoul,Protect|Modest||F|||50|]Scizor||Scizorite|Technician|BulletPunch,CloseCombat,SwordsDance,Protect|Adamant||M|||50|]Incineroar||ChopleBerry|Intimidate|FlareBlitz,ThroatChop,PartingShot,FakeOut|Impish||M|||50|]Sinistcha||ColburBerry|Hospitality|MatchaGotcha,RagePowder,LifeDew,TrickRoom|Calm|||||50|]Tyranitar||Tyranitarite|SandStream|RockSlide,KnockOff,DragonDance,Protect|Adamant||F|||50|]Milotic||SitrusBerry|Competitive|MuddyWater,IcyWind,Recover,Protect|Calm||F|||50|
|showteam|p2|Charizard||CharizarditeY|Blaze|HeatWave,WeatherBall,SolarBeam,Protect|Modest||M|||50|]Garchomp||RoseliBerry|RoughSkin|Earthquake,RockSlide,DragonClaw,PoisonJab|Adamant||F|||50|]Whimsicott||FocusSash|Prankster|Tailwind,Moonblast,Protect,Encore|Timid||F|||50|]Floette-Eternal||Floettite|FlowerVeil|Moonblast,Protect,DazzlingGleam,LightofRuin|Modest||F|||50|]Kingambit||ChopleBerry|Defiant|KowtowCleave,SuckerPunch,IronHead,LowKick|Adamant||M|||50|]Basculegion||LifeOrb|Adaptability|WaveCrash,Protect,LastRespects,AquaJet|Adamant||M|||50|
|
|t:|1784463581
|teamsize|p1|4
|teamsize|p2|4
|start
|switch|p1a: Scizor|Scizor, L50, M|100/100
|switch|p1b: Incineroar|Incineroar, L50, M|100/100
|switch|p2a: Garchomp|Garchomp, L50, F|100/100
|switch|p2b: Whimsicott|Whimsicott, L50, F|100/100
|-ability|p1b: Incineroar|Intimidate|boost
|-unboost|p2a: Garchomp|atk|1
|-unboost|p2b: Whimsicott|atk|1
|turn|1
|
|t:|1784463607
|switch|p1b: Sinistcha|Sinistcha, L50|100/100
|detailschange|p1a: Scizor|Scizor-Mega, L50, M
|-mega|p1a: Scizor|Scizor|Scizorite
|move|p2b: Whimsicott|Protect|p2b: Whimsicott
|-singleturn|p2b: Whimsicott|Protect
|move|p1a: Scizor|Bullet Punch|p2b: Whimsicott
|-activate|p2b: Whimsicott|move: Protect
|move|p2a: Garchomp|Rock Slide|p1b: Sinistcha|[spread] p1a
|-miss|p2a: Garchomp|p1b: Sinistcha
|-damage|p1a: Scizor|90/100
|
|upkeep
|turn|2
|
|t:|1784463631
|move|p2b: Whimsicott|Tailwind|p2b: Whimsicott
|-sidestart|p2: pandamillonario|move: Tailwind
|move|p2a: Garchomp|Rock Slide|p1b: Sinistcha|[spread] p1a,p1b
|-damage|p1a: Scizor|81/100
|-damage|p1b: Sinistcha|88/100
|move|p1a: Scizor|Swords Dance|p1a: Scizor
|-boost|p1a: Scizor|atk|2
|cant|p1b: Sinistcha|flinch
|
|upkeep
|turn|3
|
|t:|1784463662
|switch|p2b: Basculegion|Basculegion, L50, M|100/100
|switch|p1b: Incineroar|Incineroar, L50, M|100/100
|-ability|p1b: Incineroar|Intimidate|boost
|-unboost|p2a: Garchomp|atk|1
|-unboost|p2b: Basculegion|atk|1
|move|p1a: Scizor|Protect|p1a: Scizor
|-singleturn|p1a: Scizor|Protect
|move|p2a: Garchomp|Rock Slide|p1a: Scizor|[spread] p1b
|-activate|p1a: Scizor|move: Protect
|-supereffective|p1b: Incineroar|1
|-damage|p1b: Incineroar|85/100
|
|upkeep
|turn|4
|
|t:|1784463700
|switch|p2a: Whimsicott|Whimsicott, L50, F|100/100
|switch|p1b: Sinistcha|Sinistcha, L50|88/100
|-heal|p1a: Scizor|100/100|[from] ability: Hospitality|[of] p1b: Sinistcha
|move|p2b: Basculegion|Wave Crash|p1a: Scizor
|-damage|p1a: Scizor|45/100
|-damage|p2b: Basculegion|83/100|[from] Recoil
|-damage|p2b: Basculegion|73/100|[from] item: Life Orb
|move|p1a: Scizor|Swords Dance|p1a: Scizor
|-boost|p1a: Scizor|atk|2
|
|upkeep
|turn|5
|
|t:|1784463729
|move|p1a: Scizor|Protect|p1a: Scizor
|-singleturn|p1a: Scizor|Protect
|move|p2a: Whimsicott|Encore|p1a: Scizor
|-activate|p1a: Scizor|move: Protect
|move|p2b: Basculegion|Wave Crash|p1a: Scizor
|-activate|p1a: Scizor|move: Protect
|move|p1b: Sinistcha|Trick Room|p1b: Sinistcha
|-fieldstart|move: Trick Room|[of] p1b: Sinistcha
|
|-sideend|p2: pandamillonario|move: Tailwind
|upkeep
|turn|6
|
|t:|1784463754
|switch|p1b: Incineroar|Incineroar, L50, M|85/100
|-ability|p1b: Incineroar|Intimidate|boost
|-unboost|p2a: Whimsicott|atk|1
|-unboost|p2b: Basculegion|atk|1
|move|p1a: Scizor|Bullet Punch|p2a: Whimsicott
|-supereffective|p2a: Whimsicott|1
|-enditem|p2a: Whimsicott|Focus Sash
|-damage|p2a: Whimsicott|1/100
|move|p2a: Whimsicott|Encore|p1a: Scizor
|-start|p1a: Scizor|Encore
|move|p2b: Basculegion|Wave Crash|p1a: Scizor
|-damage|p1a: Scizor|1/100
|-damage|p2b: Basculegion|60/100|[from] Recoil
|-damage|p2b: Basculegion|50/100g|[from] item: Life Orb
|
|upkeep
|turn|7
|
|t:|1784463778
|switch|p1b: Sinistcha|Sinistcha, L50|88/100
|-heal|p1a: Scizor|25/100|[from] ability: Hospitality|[of] p1b: Sinistcha
|switch|p2b: Garchomp|Garchomp, L50, F|100/100
|move|p2a: Whimsicott|Protect|p2a: Whimsicott
|-singleturn|p2a: Whimsicott|Protect
|move|p1a: Scizor|Bullet Punch|p2b: Garchomp
|-damage|p2b: Garchomp|0 fnt
|-damage|p1a: Scizor|13/100|[from] ability: Rough Skin|[of] p2b: Garchomp
|faint|p2b: Garchomp
|
|upkeep
|
|t:|1784463797
|switch|p2b: Basculegion|Basculegion, L50, M|50/100g
|turn|8
|
|t:|1784463815
|move|p2b: Basculegion|Aqua Jet|p1a: Scizor
|-damage|p1a: Scizor|0 fnt
|faint|p1a: Scizor
|-damage|p2b: Basculegion|41/100|[from] item: Life Orb
|move|p1b: Sinistcha|Matcha Gotcha|p2b: Basculegion|[spread] p2a,p2b
|-resisted|p2a: Whimsicott|1
|-supereffective|p2b: Basculegion|1
|-damage|p2a: Whimsicott|0 fnt
|-heal|p1b: Sinistcha|88/100|[from] drain|[of] p2a: Whimsicott
|-damage|p2b: Basculegion|0 fnt
|-heal|p1b: Sinistcha|100/100|[from] drain|[of] p2b: Basculegion
|faint|p2a: Whimsicott
|faint|p2b: Basculegion
|
|upkeep
|
|t:|1784463832
|switch|p2b: Floette|Floette-Eternal, L50, F|100/100
|switch|p1a: Incineroar|Incineroar, L50, M|85/100
|-ability|p1a: Incineroar|Intimidate|boost
|-unboost|p2b: Floette|atk|1
|turn|9
|
|t:|1784463852
|switch|p1a: Tyranitar|Tyranitar, L50, F|100/100
|-weather|Sandstorm|[from] ability: Sand Stream|[of] p1a: Tyranitar
|detailschange|p2b: Floette|Floette-Mega, L50, F
|-mega|p2b: Floette|Floette|Floettite
|-ability|p2b: Floette|Fairy Aura
|move|p1b: Sinistcha|Matcha Gotcha|p2b: Floette
|-damage|p2b: Floette|71/100
|move|p2b: Floette|Moonblast|p1b: Sinistcha
|-damage|p1b: Sinistcha|30/100
|
|-weather|Sandstorm|[upkeep]
|-damage|p1b: Sinistcha|24/100|[from] Sandstorm
|-damage|p2b: Floette|66/100|[from] Sandstorm
|-fieldend|move: Trick Room
|upkeep
|turn|10
|
|t:|1784463870
|move|p1a: Tyranitar|Protect|p1a: Tyranitar
|-singleturn|p1a: Tyranitar|Protect
|move|p2b: Floette|Dazzling Gleam|p1b: Sinistcha|[spread] p1b
|-activate|p1a: Tyranitar|move: Protect
|-damage|p1b: Sinistcha|0 fnt
|faint|p1b: Sinistcha
|
|-weather|Sandstorm|[upkeep]
|-damage|p2b: Floette|60/100|[from] Sandstorm
|upkeep
|
|t:|1784463872
|switch|p1b: Incineroar|Incineroar, L50, M|85/100
|-ability|p1b: Incineroar|Intimidate|boost
|-unboost|p2b: Floette|atk|1
|turn|11
|
|t:|1784463880
|move|p1b: Incineroar|Fake Out|p2b: Floette
|-damage|p2b: Floette|47/100
|cant|p2b: Floette|flinch
|move|p1a: Tyranitar|Dragon Dance|p1a: Tyranitar
|-boost|p1a: Tyranitar|atk|1
|-boost|p1a: Tyranitar|spe|1
|
|-weather|Sandstorm|[upkeep]
|-damage|p2b: Floette|41/100|[from] Sandstorm
|-damage|p1b: Incineroar|79/100|[from] Sandstorm
|upkeep
|turn|12
|
|t:|1784463893
|move|p1a: Tyranitar|Rock Slide|p2b: Floette
|-damage|p2b: Floette|0 fnt
|faint|p2b: Floette
|
|win|Brutalandathebozz
|l|☆pandamillonario
|player|p2|
||Brutalandathebozz is ready for game 2.
||pandamillonario is ready for game 2.
|uhtml|next|Next: Game 2 of 3
