|j|☆Paco Amores
|j|☆BelRemiGal
|html|Paco AmoresBelRemiGal    
|uhtml|bestof|Game 1 of a best-of-3
|t:|1782974241
|gametype|doubles
|player|p1|Paco Amores|102|1087
|player|p2|BelRemiGal|flannery|1089
|gen|9
|tier|[Gen 9 Champions] VGC 2026 Reg M-B (Bo3)
|rated|
|rule|Species Clause: Limit one of each Pokémon
|rule|Item Clause: Limit 1 of each item
|clearpoke
|poke|p1|Sylveon, L50, M|
|poke|p1|Incineroar, L50, F|
|poke|p1|Aerodactyl, L50, M|
|poke|p1|Charizard, L50, M|
|poke|p1|Metagross, L50|
|poke|p1|Garchomp, L50, M|
|poke|p2|Lopunny, L50, F|
|poke|p2|Gholdengo, L50|
|poke|p2|Farigiraf, L50, M|
|poke|p2|Zoroark-Hisui, L50, M|
|poke|p2|Incineroar, L50, M|
|poke|p2|Aerodactyl, L50, F|
|teampreview|4
|showteam|p1|Sylveon||FairyFeather|Pixilate|HyperBeam,HyperVoice,Detect,QuickAttack|Modest||M|||50|]Incineroar||SitrusBerry|Intimidate|FakeOut,PartingShot,FlareBlitz,ThroatChop|Careful||F|||50|]Aerodactyl||FocusSash|Unnerve|Tailwind,RockSlide,DualWingbeat,Protect|Jolly||M|||50|]Charizard||CharizarditeY|SolarPower|Protect,WeatherBall,SolarBeam,HeatWave|Modest||M|||50|]Metagross||Metagrossite|ClearBody|BulletPunch,PsychicFangs,BodyPress,Protect|Adamant|||||50|]Garchomp||LifeOrb|RoughSkin|Protect,RockSlide,Earthquake,DragonClaw|Jolly||M|||50|
|showteam|p2|Lopunny||Lopunnite|CuteCharm|CloseCombat,FakeOut,Uturn,Protect|Adamant||F|||50|]Gholdengo||LifeOrb|GoodasGold|MakeItRain,ShadowBall,NastyPlot,Protect|Modest|||||50|]Farigiraf||TwistedSpoon|ArmorTail|Psychic,Protect,TrickRoom,Imprison|Modest||M|||50|]Zoroark-Hisui||ChoiceScarf|Illusion|ShadowBall,IcyWind,Snarl,HyperBeam|Modest||M|||50|]Incineroar||SitrusBerry|Intimidate|PartingShot,FakeOut,FlareBlitz,DarkestLariat|Adamant||M|||50|]Aerodactyl||FocusSash|Unnerve|RockSlide,DualWingbeat,WideGuard,Tailwind|Jolly||F|||50|
|inactive|Battle timer is ON: inactive players will automatically lose when time's up. (requested by BelRemiGal)
|inactive|Paco Amores has 60 seconds left.
|
|t:|1782974316
|teamsize|p1|4
|teamsize|p2|4
|start
|switch|p1a: Aerodactyl|Aerodactyl, L50, M|100/100
|switch|p1b: Incineroar|Incineroar, L50, F|100/100
|switch|p2a: Lopunny|Lopunny, L50, F|100/100
|switch|p2b: Aerodactyl|Aerodactyl, L50, F|100/100
|-ability|p2b: Aerodactyl|Unnerve
|-ability|p1a: Aerodactyl|Unnerve
|-ability|p1b: Incineroar|Intimidate|boost
|-unboost|p2a: Lopunny|atk|1
|-unboost|p2b: Aerodactyl|atk|1
|turn|1
|inactive|BelRemiGal has 30 seconds left.
|inactive|Paco Amores has 30 seconds left.
|inactive|BelRemiGal has 20 seconds left.
|
|t:|1782974353
|detailschange|p2a: Lopunny|Lopunny-Mega, L50, F
|-mega|p2a: Lopunny|Lopunny|Lopunnite
|move|p2a: Lopunny|Fake Out|p1a: Aerodactyl
|-resisted|p1a: Aerodactyl|1
|-damage|p1a: Aerodactyl|86/100
|move|p1b: Incineroar|Fake Out|p2b: Aerodactyl
|-resisted|p2b: Aerodactyl|1
|-damage|p2b: Aerodactyl|91/100
|cant|p1a: Aerodactyl|flinch
|cant|p2b: Aerodactyl|flinch
|
|upkeep
|turn|2
|inactive|Paco Amores has 30 seconds left.
|
|t:|1782974388
|move|p1a: Aerodactyl|Tailwind|p1a: Aerodactyl
|-sidestart|p1: Paco Amores|move: Tailwind
|move|p2b: Aerodactyl|Tailwind|p2b: Aerodactyl
|-sidestart|p2: BelRemiGal|move: Tailwind
|move|p2a: Lopunny|Close Combat|p1a: Aerodactyl
|-damage|p1a: Aerodactyl|13/100
|-unboost|p2a: Lopunny|def|1
|-unboost|p2a: Lopunny|spd|1
|move|p1b: Incineroar|Parting Shot|p2b: Aerodactyl
|-unboost|p2b: Aerodactyl|atk|1
|-unboost|p2b: Aerodactyl|spa|1
|
|t:|1782974400
|switch|p1b: Garchomp|Garchomp, L50, M|100/100|[from] Parting Shot
|
|upkeep
|turn|3
|inactive|Paco Amores has 30 seconds left.
|inactive|Paco Amores has 20 seconds left.
|
|t:|1782974440
|move|p2b: Aerodactyl|Wide Guard|p2b: Aerodactyl
|-singleturn|p2b: Aerodactyl|Wide Guard
|move|p1a: Aerodactyl|Rock Slide|p2a: Lopunny|[spread] 
|-activate|p2a: Lopunny|move: Wide Guard
|-activate|p2b: Aerodactyl|move: Wide Guard
|move|p2a: Lopunny|U-turn|p1a: Aerodactyl
|-resisted|p1a: Aerodactyl|1
|-damage|p1a: Aerodactyl|0 fnt
|faint|p1a: Aerodactyl
|
|t:|1782974458
|switch|p2a: Gholdengo|Gholdengo, L50|100/100|[from] U-turn
|move|p1b: Garchomp|Earthquake|p2a: Gholdengo|[spread] 
|-activate|p2a: Gholdengo|move: Wide Guard
|-activate|p2b: Aerodactyl|move: Wide Guard
|
|upkeep
|
|t:|1782974461
|switch|p1a: Charizard|Charizard, L50, M|100/100
|turn|4
|
|t:|1782974484
|switch|p2b: Incineroar|Incineroar, L50, M|100/100
|-ability|p2b: Incineroar|Intimidate|boost
|-unboost|p1a: Charizard|atk|1
|-unboost|p1b: Garchomp|atk|1
|detailschange|p1a: Charizard|Charizard-Mega-Y, L50, M
|-mega|p1a: Charizard|Charizard|Charizardite Y
|-weather|SunnyDay|[from] ability: Drought|[of] p1a: Charizard
|move|p2a: Gholdengo|Protect|p2a: Gholdengo
|-singleturn|p2a: Gholdengo|Protect
|move|p1b: Garchomp|Dragon Claw|p2b: Incineroar
|-damage|p2b: Incineroar|63/100
|-damage|p1b: Garchomp|90/100|[from] item: Life Orb
|move|p1a: Charizard|Heat Wave|p2a: Gholdengo|[spread] 
|-activate|p2a: Gholdengo|move: Protect
|-miss|p1a: Charizard|p2b: Incineroar
|
|-weather|SunnyDay|[upkeep]
|upkeep
|turn|5
|inactive|BelRemiGal has 30 seconds left.
|
|t:|1782974517
|switch|p2a: Aerodactyl|Aerodactyl, L50, F|91/100
|-ability|p2a: Aerodactyl|Unnerve
|move|p2b: Incineroar|Fake Out|p1a: Charizard
|-damage|p1a: Charizard|87/100
|move|p1b: Garchomp|Earthquake|p2b: Incineroar|[spread] p2b
|-immune|p1a: Charizard
|-immune|p2a: Aerodactyl
|-supereffective|p2b: Incineroar|1
|-damage|p2b: Incineroar|0 fnt
|faint|p2b: Incineroar
|-damage|p1b: Garchomp|80/100|[from] item: Life Orb
|cant|p1a: Charizard|flinch
|
|-weather|SunnyDay|[upkeep]
|-sideend|p2: BelRemiGal|move: Tailwind
|-sideend|p1: Paco Amores|move: Tailwind
|upkeep
|
|t:|1782974535
|switch|p2b: Lopunny|Lopunny-Mega, L50, F|100/100
|turn|6
|
|t:|1782974552
|switch|p1a: Incineroar|Incineroar, L50, F|100/100
|-ability|p1a: Incineroar|Intimidate|boost
|-unboost|p2a: Aerodactyl|atk|1
|-fail|p2b: Lopunny|unboost|Attack|[from] ability: Scrappy|[of] p2b: Lopunny
|move|p2b: Lopunny|Protect|p2b: Lopunny
|-singleturn|p2b: Lopunny|Protect
|move|p2a: Aerodactyl|Rock Slide|p1a: Incineroar|[spread] p1a,p1b
|-supereffective|p1a: Incineroar|1
|-resisted|p1b: Garchomp|1
|-damage|p1a: Incineroar|69/100
|-damage|p1b: Garchomp|72/100
|cant|p1b: Garchomp|flinch
|
|-weather|SunnyDay|[upkeep]
|upkeep
|turn|7
|
|t:|1782974575
|move|p1a: Incineroar|Fake Out|p2a: Aerodactyl
|-resisted|p2a: Aerodactyl|1
|-damage|p2a: Aerodactyl|84/100
|cant|p2a: Aerodactyl|flinch
|move|p2b: Lopunny|Close Combat|p1a: Incineroar
|-supereffective|p1a: Incineroar|1
|-damage|p1a: Incineroar|0 fnt
|-unboost|p2b: Lopunny|def|1
|-unboost|p2b: Lopunny|spd|1
|faint|p1a: Incineroar
|move|p1b: Garchomp|Dragon Claw|p2a: Aerodactyl
|-damage|p2a: Aerodactyl|28/100
|-damage|p1b: Garchomp|62/100|[from] item: Life Orb
|
|-weather|SunnyDay|[upkeep]
|upkeep
|
|t:|1782974588
|switch|p1a: Charizard|Charizard-Mega-Y, L50, M|87/100
|turn|8
|inactive|Paco Amores has 30 seconds left.
|
|t:|1782974620
|move|p2a: Aerodactyl|Rock Slide|p1a: Charizard|[spread] p1a,p1b
|-supereffective|p1a: Charizard|2
|-resisted|p1b: Garchomp|1
|-damage|p1a: Charizard|16/100
|-damage|p1b: Garchomp|55/100
|move|p2b: Lopunny|Close Combat|p1b: Garchomp
|-damage|p1b: Garchomp|0 fnt
|-unboost|p2b: Lopunny|def|1
|-unboost|p2b: Lopunny|spd|1
|-damage|p2b: Lopunny|88/100|[from] ability: Rough Skin|[of] p1b: Garchomp
|faint|p1b: Garchomp
|move|p1a: Charizard|Heat Wave|p2a: Aerodactyl|[spread] p2b
|-miss|p1a: Charizard|p2a: Aerodactyl
|-crit|p2b: Lopunny
|-damage|p2b: Lopunny|0 fnt
|faint|p2b: Lopunny
|
|-weather|none
|upkeep
|
|t:|1782974634
|switch|p2b: Gholdengo|Gholdengo, L50|100/100
|turn|9
|
|t:|1782974646
|move|p2a: Aerodactyl|Wide Guard|p2a: Aerodactyl
|-singleturn|p2a: Aerodactyl|Wide Guard
|move|p2b: Gholdengo|Shadow Ball|p1a: Charizard
|-damage|p1a: Charizard|0 fnt
|faint|p1a: Charizard
|-damage|p2b: Gholdengo|90/100|[from] item: Life Orb
|
|win|BelRemiGal
