|j|☆roccobyleth
|j|☆Zacharykeith
|html|roccobylethZacharykeith    
|uhtml|bestof|Game 2 of a best-of-3
|t:|1757706672
|gametype|doubles
|player|p1|roccobyleth|266|1177
|player|p2|Zacharykeith|fisherman-gen4|1139
|gen|9
|tier|[Gen 9] VGC 2025 Reg H (Bo3)
|rated|
|rule|Species Clause: Limit one of each Pokémon
|rule|Item Clause: Limit 1 of each item
|clearpoke
|poke|p1|Annihilape, L50, M|
|poke|p1|Archaludon, L50, F|
|poke|p1|Electrode-Hisui, L50|
|poke|p1|Pelipper, L50, F|
|poke|p1|Basculegion, L50, M|
|poke|p1|Clefairy, L50, M|
|poke|p2|Zoroark-Hisui, L50, M|
|poke|p2|Kingambit, L50, M|
|poke|p2|Sneasler, L50, F|
|poke|p2|Rillaboom, L50, F|
|poke|p2|Primarina, L50, F|
|poke|p2|Electabuzz, L50, F|
|teampreview|4
|showteam|p1|Annihilape||SafetyGoggles|Defiant|RageFist,DrainPunch,BulkUp,Protect|||M|||50|,,,,,Dark]Archaludon||AssaultVest|Stamina|BodyPress,ElectroShot,FlashCannon,DragonPulse|||F|||50|,,,,,Grass]Electrode-Hisui||LoadedDice|Aftermath|Electroweb,BulletSeed,ThunderWave,Taunt||||||50|,,,,,Ghost]Pelipper||FocusSash|Drizzle|Tailwind,WeatherBall,Hurricane,Protect|||F|||50|,,,,,Ghost]Basculegion||ChoiceBand|SwiftSwim|LastRespects,WaveCrash,AquaJet,FlipTurn|||M|||50|,,,,,Water]Clefairy||Eviolite|FriendGuard|FollowMe,AfterYou,LifeDew,HelpingHand|||M|||50|,,,,,Ghost
|showteam|p2|Zoroark-Hisui||FocusSash|Illusion|HyperVoice,ShadowBall,WillOWisp,Protect|||M|||50|,,,,,Normal]Kingambit||BlackGlasses|Defiant|SuckerPunch,KowtowCleave,SwordsDance,Protect|||M|||50|,,,,,Dark]Sneasler||WhiteHerb|Unburden|DireClaw,CloseCombat,Coaching,Protect|||F|||50|,,,,,Stellar]Rillaboom||AssaultVest|GrassySurge|FakeOut,GrassyGlide,WoodHammer,Uturn|||F|||50|,,,,,Fire]Primarina||ThroatSpray|LiquidVoice|HyperVoice,Moonblast,Haze,Protect|||F|||50|,,,,,Poison]Electabuzz||Eviolite|VitalSpirit|Electroweb,Taunt,FollowMe,Protect|||F|||50|,,,,,Ghost
|
|t:|1757706704
|teamsize|p1|4
|teamsize|p2|4
|start
|switch|p1a: Pelipper|Pelipper, L50, F, shiny|100/100
|switch|p1b: Basculegion|Basculegion, L50, M, shiny|100/100
|switch|p2a: Rillaboom|Rillaboom, L50, F|100/100
|switch|p2b: Primarina|Primarina, L50, F|100/100
|-weather|RainDance|[from] ability: Drizzle|[of] p1a: Pelipper
|-fieldstart|move: Grassy Terrain|[from] ability: Grassy Surge|[of] p2a: Rillaboom
|turn|1
|
|t:|1757706725
|move|p2a: Rillaboom|Grassy Glide|p1b: Basculegion
|-supereffective|p1b: Basculegion
|-damage|p1b: Basculegion|1/100
|move|p1b: Basculegion|Flip Turn|p2b: Primarina
|-resisted|p2b: Primarina
|-damage|p2b: Primarina|65/100
|
|t:|1757706732
|switch|p1b: Archaludon|Archaludon, L50, F|100/100|[from] Flip Turn
|move|p1a: Pelipper|Tailwind|p1a: Pelipper
|-sidestart|p1: roccobyleth|move: Tailwind
|move|p2b: Primarina|Hyper Voice|p1a: Pelipper|[spread] p1a,p1b
|-resisted|p1a: Pelipper
|-resisted|p1b: Archaludon
|-damage|p1a: Pelipper|59/100
|-damage|p1b: Archaludon|80/100
|-ability|p1b: Archaludon|Stamina|boost
|-boost|p1b: Archaludon|def|1
|-enditem|p2b: Primarina|Throat Spray
|-boost|p2b: Primarina|spa|1|[from] item: Throat Spray
|
|-weather|RainDance|[upkeep]
|-heal|p1b: Archaludon|86/100|[from] Grassy Terrain
|-heal|p2b: Primarina|71/100|[from] Grassy Terrain
|upkeep
|turn|2
|
|t:|1757706755
|move|p2b: Primarina|Protect|p2b: Primarina
|-singleturn|p2b: Primarina|Protect
|move|p1a: Pelipper|Hurricane|p2a: Rillaboom
|-supereffective|p2a: Rillaboom
|-damage|p2a: Rillaboom|27/100
|move|p1b: Archaludon|Electro Shot||[still]
|-prepare|p1b: Archaludon|Electro Shot
|-boost|p1b: Archaludon|spa|1
|-anim|p1b: Archaludon|Electro Shot|p2b: Primarina
|-activate|p2b: Primarina|move: Protect
|move|p2a: Rillaboom|U-turn|p1a: Pelipper
|-resisted|p1a: Pelipper
|-damage|p1a: Pelipper|44/100
|
|t:|1757706767
|switch|p2a: Electabuzz|Electabuzz, L50, F|100/100|[from] U-turn
|
|-weather|RainDance|[upkeep]
|-heal|p1b: Archaludon|92/100|[from] Grassy Terrain
|-heal|p2b: Primarina|77/100|[from] Grassy Terrain
|upkeep
|turn|3
|
|t:|1757706792
|move|p2a: Electabuzz|Follow Me|p2a: Electabuzz
|-singleturn|p2a: Electabuzz|move: Follow Me
|move|p1a: Pelipper|Weather Ball|p2a: Electabuzz
|-damage|p2a: Electabuzz|43/100
|move|p1b: Archaludon|Electro Shot||[still]
|-prepare|p1b: Archaludon|Electro Shot
|-boost|p1b: Archaludon|spa|1
|-anim|p1b: Archaludon|Electro Shot|p2a: Electabuzz
|-resisted|p2a: Electabuzz
|-damage|p2a: Electabuzz|8/100
|move|p2b: Primarina|Moonblast|p1b: Archaludon
|-damage|p1b: Archaludon|29/100
|-ability|p1b: Archaludon|Stamina|boost
|-boost|p1b: Archaludon|def|1
|
|-weather|RainDance|[upkeep]
|-heal|p1b: Archaludon|36/100|[from] Grassy Terrain
|-heal|p2a: Electabuzz|14/100|[from] Grassy Terrain
|-heal|p2b: Primarina|83/100|[from] Grassy Terrain
|upkeep
|turn|4
|
|t:|1757706812
|move|p2a: Electabuzz|Protect|p2a: Electabuzz
|-singleturn|p2a: Electabuzz|Protect
|move|p2b: Primarina|Protect|p2b: Primarina
|-singleturn|p2b: Primarina|Protect
|move|p1a: Pelipper|Weather Ball|p2a: Electabuzz
|-activate|p2a: Electabuzz|move: Protect
|move|p1b: Archaludon|Electro Shot||[still]
|-prepare|p1b: Archaludon|Electro Shot
|-boost|p1b: Archaludon|spa|1
|-anim|p1b: Archaludon|Electro Shot|p2b: Primarina
|-activate|p2b: Primarina|move: Protect
|
|-weather|RainDance|[upkeep]
|-heal|p1b: Archaludon|42/100|[from] Grassy Terrain
|-heal|p2a: Electabuzz|20/100|[from] Grassy Terrain
|-heal|p2b: Primarina|89/100|[from] Grassy Terrain
|-sideend|p1: roccobyleth|move: Tailwind
|upkeep
|turn|5
|
|t:|1757706832
|move|p2a: Electabuzz|Electroweb|p1b: Archaludon|[spread] p1a,p1b
|-supereffective|p1a: Pelipper
|-resisted|p1b: Archaludon
|-damage|p1a: Pelipper|0 fnt
|-damage|p1b: Archaludon|36/100
|-unboost|p1b: Archaludon|spe|1
|-ability|p1b: Archaludon|Stamina|boost
|-boost|p1b: Archaludon|def|1
|faint|p1a: Pelipper
|move|p2b: Primarina|Moonblast|p1b: Archaludon
|-damage|p1b: Archaludon|0 fnt
|faint|p1b: Archaludon
|
|-weather|none
|-heal|p2a: Electabuzz|26/100|[from] Grassy Terrain
|-heal|p2b: Primarina|96/100|[from] Grassy Terrain
|-fieldend|move: Grassy Terrain
|upkeep
|
|t:|1757706845
|switch|p1a: Electrode|Electrode-Hisui, L50, shiny|100/100
|switch|p1b: Basculegion|Basculegion, L50, M, shiny|1/100
|turn|6
|
|t:|1757706865
|move|p2b: Primarina|Protect|p2b: Primarina
|-singleturn|p2b: Primarina|Protect
|move|p1a: Electrode|Electroweb|p2b: Primarina|[spread] p2a
|-activate|p2b: Primarina|move: Protect
|-resisted|p2a: Electabuzz
|-damage|p2a: Electabuzz|22/100
|-unboost|p2a: Electabuzz|spe|1
|move|p1b: Basculegion|Last Respects|p2b: Primarina
|-activate|p2b: Primarina|move: Protect
|move|p2a: Electabuzz|Electroweb|p1a: Electrode|[spread] p1a,p1b
|-resisted|p1a: Electrode
|-supereffective|p1b: Basculegion
|-damage|p1a: Electrode|95/100
|-damage|p1b: Basculegion|0 fnt
|-unboost|p1a: Electrode|spe|1
|faint|p1b: Basculegion
|
|upkeep
|turn|7
|-message|roccobyleth forfeited.
|
|win|Zacharykeith
|raw|roccobyleth's rating: 1177 → 1149(-28 for losing)
|raw|Zacharykeith's rating: 1139 → 1167(+28 for winning)
