|j|☆Slackermaru
|j|☆FinaPalomares
|html|SlackermaruFinaPalomares    
|uhtml|bestof|Game 1 of a best-of-3
|t:|1757154921
|gametype|doubles
|player|p1|Slackermaru|workerice|1500
|player|p2|FinaPalomares|170|1355
|gen|9
|tier|[Gen 9] VGC 2025 Reg H (Bo3)
|rated|
|rule|Species Clause: Limit one of each Pokémon
|rule|Item Clause: Limit 1 of each item
|clearpoke
|poke|p1|Rillaboom, L50, M|
|poke|p1|Dragonite, L50, M|
|poke|p1|Sneasler, L50, F|
|poke|p1|Kingambit, L50, F|
|poke|p1|Electabuzz, L50, F|
|poke|p1|Volcarona, L50, F|
|poke|p2|Indeedee-F, L50, F|
|poke|p2|Torkoal, L50, M|
|poke|p2|Ursaluna, L50, M|
|poke|p2|Hatterene, L50, F|
|poke|p2|Annihilape, L50, F|
|poke|p2|Gallade, L50, M|
|teampreview|4
|showteam|p1|Rillaboom||AssaultVest|GrassySurge|FakeOut,HighHorsepower,WoodHammer,GrassyGlide|||M|||50|,,,,,Fire]Dragonite||LoadedDice|Multiscale|ExtremeSpeed,ScaleShot,Protect,Haze|||M|||50|,,,,,Steel]Sneasler||FocusSash|Unburden|DireClaw,CloseCombat,FakeOut,Protect|||F|||50|,,,,,Stellar]Kingambit||SafetyGoggles|Defiant|KowtowCleave,SuckerPunch,SwordsDance,Protect|||F|||50|,,,,,Dark]Electabuzz||Eviolite|VitalSpirit|Thunderbolt,Taunt,FollowMe,Protect|||F|||50|,,,,,Ghost]Volcarona||Leftovers|FlameBody|HeatWave,TeraBlast,QuiverDance,Protect|||F|||50|,,,,,Fairy
|showteam|p2|Indeedee-F||RockyHelmet|PsychicSurge|Psychic,FollowMe,HelpingHand,TrickRoom|||F|||50|,,,,,Grass]Torkoal||Charcoal|Drought|Protect,Eruption,WeatherBall,ClearSmog|||M|||50|,,,,,Fire]Ursaluna||FlameOrb|Guts|Protect,Facade,HeadlongRush,Earthquake|||M|||50|,,,,,Ghost]Hatterene||LifeOrb|MagicBounce|Protect,ExpandingForce,DazzlingGleam,TrickRoom|||F|||50|,,,,,Water]Annihilape||ChoiceScarf|Defiant|CloseCombat,ShadowClaw,Uturn,FinalGambit|||F|||50|,,,,,Stellar]Gallade||ClearAmulet|Sharpness|WideGuard,SacredSword,PsychoCut,TrickRoom|||M|||50|,,,,,Grass
|
|t:|1757154956
|teamsize|p1|4
|teamsize|p2|4
|start
|switch|p1a: Kingambit|Kingambit, L50, F, shiny|100/100
|switch|p1b: Electabuzz|Electabuzz, L50, F|100/100
|switch|p2a: Hatterene|Hatterene, L50, F|100/100
|switch|p2b: Indeedee|Indeedee-F, L50, F|100/100
|-fieldstart|move: Psychic Terrain|[from] ability: Psychic Surge|[of] p2b: Indeedee
|turn|1
|
|t:|1757154969
|-terastallize|p2b: Indeedee|Grass
|move|p2b: Indeedee|Follow Me|p2b: Indeedee
|-singleturn|p2b: Indeedee|move: Follow Me
|move|p1b: Electabuzz|Taunt|p2b: Indeedee
|-start|p2b: Indeedee|move: Taunt
|move|p1a: Kingambit|Swords Dance|p1a: Kingambit
|-boost|p1a: Kingambit|atk|2
|move|p2a: Hatterene|Trick Room|p2a: Hatterene
|-fieldstart|move: Trick Room|[of] p2a: Hatterene
|
|upkeep
|turn|2
|
|t:|1757154993
|switch|p1b: Rillaboom|Rillaboom, L50, M|100/100
|-fieldstart|move: Grassy Terrain|[from] ability: Grassy Surge|[of] p1b: Rillaboom
|move|p2a: Hatterene|Expanding Force|p1b: Rillaboom
|-damage|p1b: Rillaboom|60/100
|-damage|p2a: Hatterene|91/100|[from] item: Life Orb
|move|p1a: Kingambit|Kowtow Cleave|p2b: Indeedee
|-damage|p2b: Indeedee|6/100
|-damage|p1a: Kingambit|84/100|[from] item: Rocky Helmet|[of] p2b: Indeedee
|move|p2b: Indeedee|Psychic|p1b: Rillaboom
|-crit|p1b: Rillaboom
|-damage|p1b: Rillaboom|25/100
|-unboost|p1b: Rillaboom|spd|1
|
|-heal|p2a: Hatterene|97/100|[from] Grassy Terrain
|-heal|p1a: Kingambit|90/100|[from] Grassy Terrain
|-heal|p2b: Indeedee|12/100|[from] Grassy Terrain
|-heal|p1b: Rillaboom|31/100|[from] Grassy Terrain
|upkeep
|turn|3
|
|t:|1757155012
|switch|p2b: Torkoal|Torkoal, L50, M|100/100
|-weather|SunnyDay|[from] ability: Drought|[of] p2b: Torkoal
|move|p1b: Rillaboom|Fake Out|p2a: Hatterene
|-damage|p2a: Hatterene|81/100
|cant|p2a: Hatterene|flinch
|move|p1a: Kingambit|Kowtow Cleave|p2b: Torkoal
|-damage|p2b: Torkoal|30/100
|
|-weather|SunnyDay|[upkeep]
|-heal|p2b: Torkoal|36/100|[from] Grassy Terrain
|-heal|p2a: Hatterene|87/100|[from] Grassy Terrain
|-heal|p1a: Kingambit|96/100|[from] Grassy Terrain
|-heal|p1b: Rillaboom|37/100|[from] Grassy Terrain
|upkeep
|turn|4
|
|t:|1757155028
|switch|p2a: Indeedee|Indeedee-F, L50, F, tera:Grass|12/100
|-fieldstart|move: Psychic Terrain|[from] ability: Psychic Surge|[of] p2a: Indeedee
|switch|p1b: Dragonite|Dragonite, L50, M, shiny|100/100
|move|p1a: Kingambit|Protect|p1a: Kingambit
|-singleturn|p1a: Kingambit|Protect
|move|p2b: Torkoal|Weather Ball|p1a: Kingambit
|-activate|p1a: Kingambit|move: Protect
|
|-weather|SunnyDay|[upkeep]
|upkeep
|turn|5
|
|t:|1757155047
|switch|p1a: Electabuzz|Electabuzz, L50, F|100/100
|move|p2a: Indeedee|Follow Me|p2a: Indeedee
|-singleturn|p2a: Indeedee|move: Follow Me
|move|p2b: Torkoal|Weather Ball|p1a: Electabuzz
|-damage|p1a: Electabuzz|33/100
|move|p1b: Dragonite|Scale Shot|p2a: Indeedee|[miss]
|-miss|p1b: Dragonite|p2a: Indeedee
|
|-weather|SunnyDay|[upkeep]
|-fieldend|move: Trick Room
|upkeep
|turn|6
|
|t:|1757155066
|move|p2a: Indeedee|Follow Me|p2a: Indeedee
|-singleturn|p2a: Indeedee|move: Follow Me
|move|p1a: Electabuzz|Thunderbolt|p2a: Indeedee
|-resisted|p2a: Indeedee
|-damage|p2a: Indeedee|0 fnt
|faint|p2a: Indeedee
|move|p1b: Dragonite|Scale Shot|p2b: Torkoal
|-crit|p2b: Torkoal
|-damage|p2b: Torkoal|19/100
|-damage|p2b: Torkoal|8/100
|-damage|p2b: Torkoal|0 fnt
|faint|p2b: Torkoal
|-hitcount|p2: Torkoal|3
|-unboost|p1b: Dragonite|def|1
|-boost|p1b: Dragonite|spe|1
|
|-weather|SunnyDay|[upkeep]
|upkeep
|
|t:|1757155071
|switch|p2a: Hatterene|Hatterene, L50, F|87/100
|switch|p2b: Gallade|Gallade, L50, M|100/100
|turn|7
|
|t:|1757155094
|move|p1b: Dragonite|Scale Shot|p2b: Gallade
|-damage|p2b: Gallade|78/100
|-damage|p2b: Gallade|54/100
|-damage|p2b: Gallade|34/100
|-damage|p2b: Gallade|10/100
|-damage|p2b: Gallade|0 fnt
|faint|p2b: Gallade
|-hitcount|p2: Gallade|5
|-unboost|p1b: Dragonite|def|1
|-boost|p1b: Dragonite|spe|1
|move|p1a: Electabuzz|Taunt|p2a: Hatterene
|move|p2a: Hatterene|Taunt|p1a: Electabuzz|[from] ability: Magic Bounce
|-start|p1a: Electabuzz|move: Taunt
|move|p2a: Hatterene|Trick Room|p2a: Hatterene
|-fieldstart|move: Trick Room|[of] p2a: Hatterene
|
|-weather|none
|upkeep
|turn|8
|
|t:|1757155114
|move|p1b: Dragonite|Protect|p1b: Dragonite
|-singleturn|p1b: Dragonite|Protect
|move|p2a: Hatterene|Dazzling Gleam|p1a: Electabuzz|[spread] p1a
|-activate|p1b: Dragonite|move: Protect
|-damage|p1a: Electabuzz|0 fnt
|faint|p1a: Electabuzz
|-damage|p2a: Hatterene|77/100|[from] item: Life Orb
|
|-fieldend|move: Psychic Terrain
|upkeep
|
|t:|1757155123
|switch|p1a: Rillaboom|Rillaboom, L50, M|37/100
|-fieldstart|move: Grassy Terrain|[from] ability: Grassy Surge|[of] p1a: Rillaboom
|turn|9
|
|t:|1757155130
|move|p2a: Hatterene|Protect|p2a: Hatterene
|-singleturn|p2a: Hatterene|Protect
|move|p1a: Rillaboom|Fake Out|p2a: Hatterene
|-activate|p2a: Hatterene|move: Protect
|move|p1b: Dragonite|Extreme Speed|p2a: Hatterene
|-activate|p2a: Hatterene|move: Protect
|
|-heal|p2a: Hatterene|83/100|[from] Grassy Terrain
|-heal|p1a: Rillaboom|43/100|[from] Grassy Terrain
|upkeep
|turn|10
|
|t:|1757155143
|-terastallize|p1b: Dragonite|Steel
|move|p1b: Dragonite|Extreme Speed|p2a: Hatterene
|-damage|p2a: Hatterene|47/100
|move|p1a: Rillaboom|Grassy Glide|p2a: Hatterene
|-damage|p2a: Hatterene|9/100
|move|p2a: Hatterene|Dazzling Gleam|p1a: Rillaboom|[spread] p1a,p1b
|-resisted|p1b: Dragonite
|-damage|p1a: Rillaboom|11/100
|-damage|p1b: Dragonite|89/100
|-damage|p2a: Hatterene|0 fnt|[from] item: Life Orb
|faint|p2a: Hatterene
|
|win|Slackermaru
||FinaPalomares is ready for game 2.
|inactive|Slackermaru has 30 seconds to confirm battle start!
||Slackermaru is ready for game 2.
|uhtml|next|Next: Game 2 of 3
|l|☆FinaPalomares
|player|p2|
