|j|☆bogging
|j|☆Sticky55
|html|boggingSticky55    
|uhtml|bestof|Game 2 of a best-of-3
|t:|1782592178
|gametype|doubles
|player|p1|bogging|bugcatcher-gen4dp|1346
|player|p2|Sticky55|265|1315
|gen|9
|tier|[Gen 9 Champions] VGC 2026 Reg M-B (Bo3)
|rated|
|rule|Species Clause: Limit one of each Pokémon
|rule|Item Clause: Limit 1 of each item
|clearpoke
|poke|p1|Staraptor, L50, F|
|poke|p1|Incineroar, L50, F|
|poke|p1|Gholdengo, L50|
|poke|p1|Whimsicott, L50, F|
|poke|p1|Ceruledge, L50, M|
|poke|p1|Dragonite, L50, M|
|poke|p2|Blaziken, L50, F|
|poke|p2|Sneasler, L50, M|
|poke|p2|Aerodactyl, L50, M|
|poke|p2|Sinistcha, L50|
|poke|p2|Kingambit, L50, M|
|poke|p2|Floette-Eternal, L50, F|
|teampreview|4
|showteam|p1|Staraptor||Staraptite|Intimidate|CloseCombat,BraveBird,Roost,Protect|Jolly||F|||50|]Incineroar||SitrusBerry|Intimidate|DarkestLariat,PartingShot,FakeOut,FlareBlitz|Impish||F|||50|]Gholdengo||MetalCoat|GoodasGold|MakeItRain,ShadowBall,NastyPlot,Protect|Modest|||||50|]Whimsicott||FocusSash|Prankster|Moonblast,Protect,Charm,Tailwind|Timid||F|||50|]Ceruledge||ColburBerry|FlashFire|BitterBlade,Protect,BulkUp,ShadowSneak|Adamant||M|||50|]Dragonite||Dragoninite|Multiscale|DragonPulse,Protect,Flamethrower,Hurricane|Modest||M|||50|
|showteam|p2|Blaziken||LifeOrb|SpeedBoost|FlareBlitz,CloseCombat,Protect,RockSlide|Adamant||F|||50|]Sneasler||WhiteHerb|Unburden|DireClaw,CloseCombat,Protect,FakeOut|Adamant||M|||50|]Aerodactyl||Aerodactylite|Unnerve|IceFang,Tailwind,DualWingbeat,RockSlide|Jolly||M|||50|]Sinistcha||SitrusBerry|Hospitality|MatchaGotcha,Protect,TrickRoom,RagePowder|Bold|||||50|]Kingambit||BlackGlasses|Defiant|Protect,SuckerPunch,KowtowCleave,SwordsDance|Adamant||M|||50|]Floette-Eternal||Floettite|FlowerVeil|DazzlingGleam,Moonblast,Protect,CalmMind|Modest||F|||50|
|
|t:|1782592217
|teamsize|p1|4
|teamsize|p2|4
|start
|switch|p1a: Staraptor|Staraptor, L50, F|100/100
|switch|p1b: Ceruledge|Ceruledge, L50, M|100/100
|switch|p2a: Floette|Floette-Eternal, L50, F|100/100
|switch|p2b: Kingambit|Kingambit, L50, M|100/100
|-ability|p1a: Staraptor|Intimidate|boost
|-unboost|p2a: Floette|atk|1
|-unboost|p2b: Kingambit|atk|1
|-ability|p2b: Kingambit|Defiant|boost
|-boost|p2b: Kingambit|atk|2
|turn|1
|
|t:|1782592257
|detailschange|p1a: Staraptor|Staraptor-Mega, L50, F
|-mega|p1a: Staraptor|Staraptor|Staraptite
|detailschange|p2a: Floette|Floette-Mega, L50, F
|-mega|p2a: Floette|Floette|Floettite
|-ability|p2a: Floette|Fairy Aura
|move|p2b: Kingambit|Protect|p2b: Kingambit
|-singleturn|p2b: Kingambit|Protect
|move|p1a: Staraptor|Close Combat|p2b: Kingambit
|-activate|p2b: Kingambit|move: Protect
|move|p2a: Floette|Dazzling Gleam|p1b: Ceruledge|[spread] p1a,p1b
|-supereffective|p1a: Staraptor|1
|-crit|p1a: Staraptor
|-resisted|p1b: Ceruledge|1
|-damage|p1a: Staraptor|0 fnt
|-damage|p1b: Ceruledge|72/100
|faint|p1a: Staraptor
|move|p1b: Ceruledge|Bulk Up|p1b: Ceruledge
|-boost|p1b: Ceruledge|atk|1
|-boost|p1b: Ceruledge|def|1
|
|upkeep
|
|t:|1782592275
|switch|p1a: Incineroar|Incineroar, L50, F|100/100
|-ability|p1a: Incineroar|Intimidate|boost
|-unboost|p2a: Floette|atk|1
|-unboost|p2b: Kingambit|atk|1
|-ability|p2b: Kingambit|Defiant|boost
|-boost|p2b: Kingambit|atk|2
|turn|2
|
|t:|1782592307
|move|p2b: Kingambit|Protect||[still]
|-fail|p2b: Kingambit
|move|p1a: Incineroar|Fake Out|p2b: Kingambit
|-resisted|p2b: Kingambit|1
|-damage|p2b: Kingambit|96/100
|move|p2a: Floette|Moonblast|p1b: Ceruledge
|-resisted|p1b: Ceruledge|1
|-crit|p1b: Ceruledge
|-damage|p1b: Ceruledge|8/100
|move|p1b: Ceruledge|Bitter Blade|p2b: Kingambit
|-supereffective|p2b: Kingambit|1
|-damage|p2b: Kingambit|11/100
|-heal|p1b: Ceruledge|56/100|[from] drain|[of] p2b: Kingambit
|
|upkeep
|turn|3
|
|t:|1782592337
|move|p1b: Ceruledge|Shadow Sneak|p2b: Kingambit
|-resisted|p2b: Kingambit|1
|-damage|p2b: Kingambit|1/100
|move|p2b: Kingambit|Sucker Punch||[still]
|-fail|p2b: Kingambit
|move|p2a: Floette|Moonblast|p1a: Incineroar
|-crit|p1a: Incineroar
|-damage|p1a: Incineroar|0 fnt
|faint|p1a: Incineroar
|
|upkeep
|
|t:|1782592348
|switch|p1a: Whimsicott|Whimsicott, L50, F|100/100
|turn|4
|
|t:|1782592379
|move|p2b: Kingambit|Protect|p2b: Kingambit
|-singleturn|p2b: Kingambit|Protect
|move|p1a: Whimsicott|Moonblast|p2b: Kingambit
|-activate|p2b: Kingambit|move: Protect
|move|p2a: Floette|Dazzling Gleam|p1b: Ceruledge|[spread] p1a,p1b
|-resisted|p1b: Ceruledge|1
|-crit|p1b: Ceruledge
|-damage|p1a: Whimsicott|20/100y
|-damage|p1b: Ceruledge|16/100
|move|p1b: Ceruledge|Bulk Up|p1b: Ceruledge
|-boost|p1b: Ceruledge|atk|1
|-boost|p1b: Ceruledge|def|1
|
|upkeep
|turn|5
|
|t:|1782592406
|move|p1a: Whimsicott|Tailwind|p1a: Whimsicott
|-sidestart|p1: bogging|move: Tailwind
|move|p2b: Kingambit|Sucker Punch||[still]
|-fail|p2b: Kingambit
|move|p1b: Ceruledge|Bitter Blade|p2a: Floette
|-damage|p2a: Floette|8/100
|-heal|p1b: Ceruledge|59/100|[from] drain|[of] p2a: Floette
|move|p2a: Floette|Dazzling Gleam|p1b: Ceruledge|[spread] p1a,p1b
|-resisted|p1b: Ceruledge|1
|-damage|p1a: Whimsicott|0 fnt
|-damage|p1b: Ceruledge|35/100
|faint|p1a: Whimsicott
|
|upkeep
|turn|6
|l|☆bogging
|player|p1|
|inactive|Battle timer is ON: inactive players will automatically lose when time's up. (requested by Sticky55)
|inactive|bogging has 30 seconds to reconnect!
|inactive|bogging has 20 seconds to reconnect!
|inactive|bogging has 15 seconds to reconnect!
|inactive|bogging has 10 seconds to reconnect!
|inactive|bogging has 5 seconds to reconnect!
|-message|bogging lost due to inactivity.
|
|win|Sticky55
|raw|bogging's rating: 1346 → 1324(-22 for losing)
|raw|Sticky55's rating: 1315 → 1337(+22 for winning)
|j|☆bogging
|player|p1|bogging|bugcatcher-gen4dp|
|l|☆bogging
|player|p1|
