|j|☆p1ch1pichi
|j|☆Joker113
|html|p1ch1pichiJoker113    
|uhtml|bestof|Game 2 of a best-of-3
|t:|1784632646
|gametype|doubles
|player|p1|p1ch1pichi|n|1089
|player|p2|Joker113|102|1189
|gen|9
|tier|[Gen 9 Champions] VGC 2026 Reg M-B (Bo3)
|rated|
|rule|Species Clause: Limit one of each Pokémon
|rule|Item Clause: Limit 1 of each item
|clearpoke
|poke|p1|Meganium, L50, M, shiny|
|poke|p1|Swampert, L50, M, shiny|
|poke|p1|Pelipper, L50, M|
|poke|p1|Archaludon, L50, M|
|poke|p1|Sableye, L50, M|
|poke|p1|Sneasler, L50, F|
|poke|p2|Gyarados, L50, F|
|poke|p2|Sneasler, L50, F|
|poke|p2|Garchomp, L50, F|
|poke|p2|Whimsicott, L50, M|
|poke|p2|Floette-Eternal, L50, F|
|poke|p2|Volcarona, L50, M|
|teampreview|4
|showteam|p1|Meganium||Meganiumite|Overgrow|SolarBeam,WeatherBall,DazzlingGleam,Protect|Modest||M|||50|]Swampert||Swampertite|Torrent|HighHorsepower,WaveCrash,KnockOff,Protect|Adamant||M|||50|]Pelipper||FocusSash|Drizzle|WeatherBall,Hurricane,WideGuard,Tailwind|Timid||M|||50|]Archaludon||Leftovers|Stalwart|ElectroShot,AuraSphere,DragonPulse,Protect|Modest||M|||50|]Sableye||WideLens|Prankster|Taunt,Swagger,RainDance,WillOWisp|Calm||M|||50|]Sneasler||LumBerry|Unburden|DireClaw,Acrobatics,CloseCombat,Protect|Adamant||F|||50|
|showteam|p2|Gyarados||Gyaradosite|Intimidate|DragonDance,Waterfall,Crunch,Protect|Adamant||F|||50|]Sneasler||WhiteHerb|Unburden|CloseCombat,FakeOut,DireClaw,Protect|Adamant||F|||50|]Garchomp||LifeOrb|RoughSkin|Protect,StompingTantrum,RockSlide,DragonClaw|Adamant||F|||50|]Whimsicott||FocusSash|Prankster|Encore,Endeavor,Moonblast,Tailwind|Modest||M|||50|]Floette-Eternal||Floettite|FlowerVeil|DrainingKiss,Moonblast,CalmMind,Protect|Timid||F|||50|]Volcarona||SitrusBerry|FlameBody|HeatWave,QuiverDance,RagePowder,Protect|Serious||M|||50|
|inactive|Battle timer is ON: inactive players will automatically lose when time's up. (requested by p1ch1pichi)
|inactive|Joker113 has 60 seconds left.
|
|t:|1784632690
|teamsize|p1|4
|teamsize|p2|4
|start
|switch|p1a: G4MER67|Sableye, L50, M|100/100
|switch|p1b: Jojo Sira|Sneasler, L50, F|100/100
|switch|p2a: Whimsicott|Whimsicott, L50, M|100/100
|switch|p2b: Gyarados|Gyarados, L50, F|100/100
|-ability|p2b: Gyarados|Intimidate|boost
|-unboost|p1a: G4MER67|atk|1
|-unboost|p1b: Jojo Sira|atk|1
|turn|1
|
|t:|1784632712
|move|p1b: Jojo Sira|Protect|p1b: Jojo Sira
|-singleturn|p1b: Jojo Sira|Protect
|move|p1a: G4MER67|Taunt|p2a: Whimsicott
|-start|p2a: Whimsicott|move: Taunt
|move|p2a: Whimsicott|Moonblast|p1a: G4MER67
|-supereffective|p1a: G4MER67|1
|-damage|p1a: G4MER67|8/100
|move|p2b: Gyarados|Waterfall|p1a: G4MER67
|-damage|p1a: G4MER67|0 fnt
|faint|p1a: G4MER67
|
|upkeep
|
|t:|1784632727
|switch|p1a: Inidoro|Pelipper, L50, M|100/100
|-weather|RainDance|[from] ability: Drizzle|[of] p1a: Inidoro
|turn|2
|
|t:|1784632744
|switch|p1b: San Juanico|Archaludon, L50, M|100/100
|move|p2a: Whimsicott|Moonblast|p1b: San Juanico
|-damage|p1b: San Juanico|62/100
|move|p1a: Inidoro|Tailwind|p1a: Inidoro
|-sidestart|p1: p1ch1pichi|move: Tailwind
|move|p2b: Gyarados|Waterfall|p1b: San Juanico
|-resisted|p1b: San Juanico|1
|-damage|p1b: San Juanico|37/100
|
|-weather|RainDance|[upkeep]
|-heal|p1b: San Juanico|43/100|[from] item: Leftovers
|upkeep
|turn|3
|
|t:|1784632761
|switch|p2a: Sneasler|Sneasler, L50, F|100/100
|move|p2b: Gyarados|Protect|p2b: Gyarados
|-singleturn|p2b: Gyarados|Protect
|move|p1a: Inidoro|Hurricane|p2a: Sneasler
|-supereffective|p2a: Sneasler|1
|-damage|p2a: Sneasler|0 fnt
|faint|p2a: Sneasler
|move|p1b: San Juanico|Electro Shot||[still]
|-prepare|p1b: San Juanico|Electro Shot
|-boost|p1b: San Juanico|spa|1
|-anim|p1b: San Juanico|Electro Shot|p2b: Gyarados
|-activate|p2b: Gyarados|move: Protect
|
|-weather|RainDance|[upkeep]
|-heal|p1b: San Juanico|49/100|[from] item: Leftovers
|upkeep
|
|t:|1784632765
|switch|p2a: Whimsicott|Whimsicott, L50, M|100/100
|turn|4
|
|t:|1784632779
|switch|p2b: Garchomp|Garchomp, L50, F|100/100
|move|p2a: Whimsicott|Tailwind|p2a: Whimsicott
|-sidestart|p2: Joker113|move: Tailwind
|move|p1a: Inidoro|Hurricane|p2a: Whimsicott
|-supereffective|p2a: Whimsicott|1
|-enditem|p2a: Whimsicott|Focus Sash
|-damage|p2a: Whimsicott|1/100
|-start|p2a: Whimsicott|confusion
|move|p1b: San Juanico|Electro Shot||[still]
|-prepare|p1b: San Juanico|Electro Shot
|-boost|p1b: San Juanico|spa|1
|-anim|p1b: San Juanico|Electro Shot|p2b: Garchomp
|-immune|p2b: Garchomp
|
|-weather|RainDance|[upkeep]
|-heal|p1b: San Juanico|55/100|[from] item: Leftovers
|upkeep
|turn|5
|
|t:|1784632797
|move|p1b: San Juanico|Protect|p1b: San Juanico
|-singleturn|p1b: San Juanico|Protect
|-activate|p2a: Whimsicott|confusion
|move|p2a: Whimsicott|Endeavor|p1b: San Juanico
|-activate|p1b: San Juanico|move: Protect
|move|p2b: Garchomp|Rock Slide|p1b: San Juanico|[spread] p1a
|-activate|p1b: San Juanico|move: Protect
|-supereffective|p1a: Inidoro|1
|-damage|p1a: Inidoro|20/100y
|-damage|p2b: Garchomp|90/100|[from] item: Life Orb
|move|p1a: Inidoro|Weather Ball|p2a: Whimsicott
|-resisted|p2a: Whimsicott|1
|-damage|p2a: Whimsicott|0 fnt
|faint|p2a: Whimsicott
|
|-weather|RainDance|[upkeep]
|-heal|p1b: San Juanico|61/100|[from] item: Leftovers
|-sideend|p1: p1ch1pichi|move: Tailwind
|upkeep
|
|t:|1784632799
|switch|p2a: Gyarados|Gyarados, L50, F|100/100
|-ability|p2a: Gyarados|Intimidate|boost
|-unboost|p1a: Inidoro|atk|1
|-unboost|p1b: San Juanico|atk|1
|turn|6
|
|t:|1784632823
|move|p1a: Inidoro|Wide Guard|p1a: Inidoro
|-singleturn|p1a: Inidoro|Wide Guard
|move|p2b: Garchomp|Stomping Tantrum|p1b: San Juanico
|-supereffective|p1b: San Juanico|1
|-damage|p1b: San Juanico|0 fnt
|faint|p1b: San Juanico
|-damage|p2b: Garchomp|80/100|[from] item: Life Orb
|move|p2a: Gyarados|Waterfall|p1a: Inidoro
|-resisted|p1a: Inidoro|1
|-damage|p1a: Inidoro|0 fnt
|faint|p1a: Inidoro
|
|-weather|none
|upkeep
|
|t:|1784632836
|switch|p1a: Jojo Sira|Sneasler, L50, F|100/100
|turn|7
|
|t:|1784632843
|move|p1a: Jojo Sira|Protect|p1a: Jojo Sira
|-singleturn|p1a: Jojo Sira|Protect
|move|p2b: Garchomp|Stomping Tantrum|p1a: Jojo Sira
|-activate|p1a: Jojo Sira|move: Protect
|move|p2a: Gyarados|Dragon Dance|p2a: Gyarados
|-boost|p2a: Gyarados|atk|1
|-boost|p2a: Gyarados|spe|1
|
|-sideend|p2: Joker113|move: Tailwind
|upkeep
|turn|8
|
|t:|1784632861
|detailschange|p2a: Gyarados|Gyarados-Mega, L50, F
|-mega|p2a: Gyarados|Gyarados|Gyaradosite
|-ability|p2a: Gyarados|Mold Breaker
|move|p1a: Jojo Sira|Close Combat|p2b: Garchomp
|-damage|p2b: Garchomp|18/100
|-unboost|p1a: Jojo Sira|def|1
|-unboost|p1a: Jojo Sira|spd|1
|-damage|p1a: Jojo Sira|87/100|[from] ability: Rough Skin|[of] p2b: Garchomp
|move|p2a: Gyarados|Waterfall|p1a: Jojo Sira
|-damage|p1a: Jojo Sira|0 fnt
|faint|p1a: Jojo Sira
|
|win|Joker113
||Joker113 is ready for game 3.
||p1ch1pichi is ready for game 3.
|uhtml|next|Next: Game 3 of 3
