|j|☆Linkmasterjr
|j|☆jonathan53332
|html|Linkmasterjrjonathan53332    
|uhtml|bestof|Game 1 of a best-of-3
|t:|1782465434
|gametype|doubles
|player|p1|Linkmasterjr|265|
|player|p2|jonathan53332|266|
|gen|9
|tier|[Gen 9 Champions] VGC 2026 Reg M-B (Bo3)
|rule|Species Clause: Limit one of each Pokémon
|rule|Item Clause: Limit 1 of each item
|clearpoke
|poke|p1|Tyranitar, L50, F|
|poke|p1|Garchomp, L50, F|
|poke|p1|Scizor, L50, M|
|poke|p1|Sandaconda, L50, M|
|poke|p1|Raichu, L50, F|
|poke|p1|Gengar, L50, F|
|poke|p2|Primarina, L50, M|
|poke|p2|Sinistcha-Masterpiece, L50, shiny|
|poke|p2|Pelipper, L50, M|
|poke|p2|Excadrill, L50, M|
|poke|p2|Golurk, L50|
|poke|p2|Eelektross, L50, F, shiny|
|teampreview|4
|showteam|p1|Tyranitar||BrightPowder|SandStream|RockSlide,Avalanche,Crunch,Protect|Adamant||F|||50|]Garchomp||MuscleBand|SandVeil|IronHead,Earthquake,Crunch,Protect|Jolly||F|||50|]Scizor||Scizorite|Technician|Tailwind,SwordsDance,DualWingbeat,CloseCombat|Adamant||M|||50|]Sandaconda||LifeOrb|SandSpit|Coil,Glare,Protect,Substitute|Timid||M|||50|]Raichu||RaichuniteY|LightningRod|FakeOut,AlluringVoice,ZapCannon,FocusBlast|Hasty||F|||50|]Gengar||Gengarite|CursedBody|ShadowBall,SludgeBomb,Thunder,DestinyBond|Timid||F|||50|
|showteam|p2|Primarina||Leftovers|LiquidVoice|HyperVoice,Blizzard,PerishSong,ShadowBall|Modest||M|||50|]Sinistcha-Masterpiece||SitrusBerry|Hospitality|MatchaGotcha,StrengthSap,ShadowBall,Scald|Modest|||||50|]Pelipper||FocusSash|Drizzle|Hurricane,WideGuard,IcyWind,Tailwind|Modest||M|||50|]Excadrill||Excadrite|MoldBreaker|Earthquake,IronHead,BrickBreak,Protect|Jolly||M|||50|]Golurk||Golurkite|NoGuard|DynamicPunch,FirePunch,HeadlongRush,Poltergeist|Adamant|||||50|]Eelektross||Eelektrossite|Levitate|Flamethrower,WildCharge,Crunch,Protect|Hasty||F|||50|
|
|t:|1782465457
|teamsize|p1|4
|teamsize|p2|4
|start
|switch|p1a: Tyranitar|Tyranitar, L50, F|100/100
|switch|p1b: Garchomp|Garchomp, L50, F|100/100
|switch|p2a: Excadrill|Excadrill, L50, M|100/100
|switch|p2b: Eelektross|Eelektross, L50, F, shiny|100/100
|-ability|p2a: Excadrill|Mold Breaker
|-weather|Sandstorm|[from] ability: Sand Stream|[of] p1a: Tyranitar
|turn|1
|
|t:|1782465475
|move|p2b: Eelektross|Protect|p2b: Eelektross
|-singleturn|p2b: Eelektross|Protect
|move|p1a: Tyranitar|Protect|p1a: Tyranitar
|-singleturn|p1a: Tyranitar|Protect
|move|p1b: Garchomp|Earthquake|p2a: Excadrill|[spread] p2a
|-activate|p1a: Tyranitar|move: Protect
|-activate|p2b: Eelektross|move: Protect
|-supereffective|p2a: Excadrill|1
|-damage|p2a: Excadrill|0 fnt
|faint|p2a: Excadrill
|
|-weather|Sandstorm|[upkeep]
|-damage|p2b: Eelektross|93/100|[from] Sandstorm
|upkeep
|
|t:|1782465510
|switch|p2a: Pelipper|Pelipper, L50, M|100/100
|-weather|RainDance|[from] ability: Drizzle|[of] p2a: Pelipper
|turn|2
|
|t:|1782465529
|switch|p2b: Primarina|Primarina, L50, M|100/100
|move|p1b: Garchomp|Protect|p1b: Garchomp
|-singleturn|p1b: Garchomp|Protect
|move|p2a: Pelipper|Icy Wind|p1a: Tyranitar|[spread] 
|-activate|p1b: Garchomp|move: Protect
|-miss|p2a: Pelipper|p1a: Tyranitar
|move|p1a: Tyranitar|Rock Slide|p2b: Primarina|[spread] p2a,p2b
|-supereffective|p2a: Pelipper|1
|-damage|p2a: Pelipper|14/100
|-damage|p2b: Primarina|54/100
|
|-weather|RainDance|[upkeep]
|-heal|p2b: Primarina|59/100|[from] item: Leftovers
|upkeep
|turn|3
|
|t:|1782465543
|move|p1a: Tyranitar|Protect|p1a: Tyranitar
|-singleturn|p1a: Tyranitar|Protect
|move|p2a: Pelipper|Wide Guard|p2a: Pelipper
|-singleturn|p2a: Pelipper|Wide Guard
|move|p1b: Garchomp|Iron Head|p2b: Primarina
|-damage|p2b: Primarina|11/100
|move|p2b: Primarina|Blizzard|p1b: Garchomp|[spread] p1b
|-activate|p1a: Tyranitar|move: Protect
|-supereffective|p1b: Garchomp|2
|-damage|p1b: Garchomp|0 fnt
|faint|p1b: Garchomp
|
|-weather|RainDance|[upkeep]
|-heal|p2b: Primarina|17/100|[from] item: Leftovers
|upkeep
|
|t:|1782465553
|switch|p1b: Gengar|Gengar, L50, F|100/100
|turn|4
|
|t:|1782465568
|switch|p1a: Raichu|Raichu, L50, F|100/100
|move|p1b: Gengar|Shadow Ball|p2b: Primarina
|-damage|p2b: Primarina|0 fnt
|faint|p2b: Primarina
|move|p2a: Pelipper|Hurricane|p1b: Gengar
|-damage|p1b: Gengar|10/100
|
|-weather|RainDance|[upkeep]
|upkeep
|
|t:|1782465577
|switch|p2b: Eelektross|Eelektross, L50, F, shiny|93/100
|turn|5
|
|t:|1782465588
|detailschange|p2b: Eelektross|Eelektross-Mega, L50, F, shiny
|-mega|p2b: Eelektross|Eelektross|Eelektrossite
|move|p1a: Raichu|Fake Out|p2b: Eelektross
|-damage|p2b: Eelektross|81/100
|move|p1b: Gengar|Sludge Bomb|p2a: Pelipper
|-damage|p2a: Pelipper|0 fnt
|faint|p2a: Pelipper
|cant|p2b: Eelektross|flinch
|
|-weather|RainDance|[upkeep]
|upkeep
|turn|6
|
|t:|1782465605
|move|p1a: Raichu|Focus Blast|p2b: Eelektross
|-damage|p2b: Eelektross|41/100
|move|p1b: Gengar|Destiny Bond|p1b: Gengar
|-singlemove|p1b: Gengar|Destiny Bond
|move|p2b: Eelektross|Crunch|p1b: Gengar
|-supereffective|p1b: Gengar|1
|-damage|p1b: Gengar|0 fnt
|-start|p2b: Eelektross|Disable|Crunch|[from] ability: Cursed Body|[of] p1b: Gengar
|faint|p1b: Gengar
|-activate|p1b: Gengar|move: Destiny Bond
|faint|p2b: Eelektross
|
|win|Linkmasterjr
