|j|☆Ghost_Ecutioner
|j|☆Chreis
|html|Ghost_EcutionerChreis    
|uhtml|bestof|Game 1 of a best-of-3
|t:|1757825427
|gametype|doubles
|player|p1|Ghost_Ecutioner|clay|
|player|p2|Chreis|misty|
|gen|9
|tier|[Gen 9] VGC 2025 Reg H (Bo3)
|rule|Species Clause: Limit one of each Pokémon
|rule|Item Clause: Limit 1 of each item
|clearpoke
|poke|p1|Clefairy, L50, F|
|poke|p1|Sinistcha, L50|
|poke|p1|Granbull, L50, F|
|poke|p1|Hitmonchan, L50, M|
|poke|p1|Milotic, L50, F|
|poke|p1|Toxicroak, L50, F|
|poke|p2|Toxtricity, L50, M|
|poke|p2|Primarina, L50, F|
|poke|p2|Dragapult, L50, M|
|poke|p2|Bastiodon, L50, M|
|poke|p2|Volcarona, L50, F|
|poke|p2|Gallade, L50, M|
|teampreview|4
|showteam|p1|Clefairy||Eviolite|FriendGuard|HealPulse,HelpingHand,FollowMe,Protect|||F|||50|,,,,,Water]Sinistcha||AssaultVest|Hospitality|MatchaGotcha,Scald,Hex,TeraBlast||||||50|,,,,,Steel]Granbull||ChoiceBand|Intimidate|PlayRough,Earthquake,FirePunch,Protect|||F|||50|,,,,,Fairy]Hitmonchan||IapapaBerry|IronFist|DrainPunch,MachPunch,Protect,FakeOut|||M|||50|,,,,,Dark]Milotic||FlameOrb|MarvelScale|Recover,Protect,Scald,IceBeam|||F|||50|,,,,,Ice]Toxicroak||LifeOrb|DrySkin|Protect,GunkShot,DrainPunch,SuckerPunch|||F|||50|,,,,,Poison
|showteam|p2|Toxtricity||SitrusBerry|PunkRock|Boomburst,Discharge,SludgeWave,PsychicNoise|||M|||50|,,,,,Poison]Primarina||Leftovers|LiquidVoice|DrainingKiss,HyperVoice,SparklingAria,Protect|||F|||50|,,,,,Steel]Dragapult||ChoiceBand|Infiltrator|DragonDarts,Uturn,PhantomForce,TeraBlast|||M|||50|,,,,,Fighting]Bastiodon||RockyHelmet|Sturdy|Protect,Reflect,StealthRock,Bulldoze|||M|||50|,,,,,Water]Volcarona||FocusSash|Swarm|BugBuzz,FireBlast,FieryDance,QuiverDance|||F|||50|,,,,,Steel]Gallade||LifeOrb|Sharpness|PsychoCut,XScissor,AquaCutter,SacredSword|||M|||50|,,,,,Water
|
|t:|1757825440
|teamsize|p1|4
|teamsize|p2|4
|start
|switch|p1a: Clefairy|Clefairy, L50, F, shiny|100/100
|switch|p1b: Milotic|Milotic, L50, F|100/100
|switch|p2a: Bastiodon|Bastiodon, L50, M|100/100
|switch|p2b: Gallade|Gallade, L50, M, shiny|100/100
|turn|1
|
|t:|1757825473
|move|p1a: Clefairy|Helping Hand|p1b: Milotic
|-singleturn|p1b: Milotic|Helping Hand|[of] p1a: Clefairy
|move|p2b: Gallade|Psycho Cut|p1b: Milotic
|-damage|p1b: Milotic|58/100
|-damage|p2b: Gallade|91/100|[from] item: Life Orb
|move|p1b: Milotic|Scald|p2a: Bastiodon
|-supereffective|p2a: Bastiodon
|-damage|p2a: Bastiodon|37/100
|move|p2a: Bastiodon|Reflect|p2a: Bastiodon
|-sidestart|p2: Chreis|Reflect
|
|-status|p1b: Milotic|brn|[from] item: Flame Orb
|upkeep
|turn|2
|
|t:|1757825506
|move|p2a: Bastiodon|Protect|p2a: Bastiodon
|-singleturn|p2a: Bastiodon|Protect
|move|p1a: Clefairy|Follow Me|p1a: Clefairy
|-singleturn|p1a: Clefairy|move: Follow Me
|move|p2b: Gallade|Psycho Cut|p1a: Clefairy
|-damage|p1a: Clefairy|24/100
|-damage|p2b: Gallade|81/100|[from] item: Life Orb
|move|p1b: Milotic|Scald|p2a: Bastiodon
|-activate|p2a: Bastiodon|move: Protect
|
|-damage|p1b: Milotic|52/100 brn|[from] brn
|upkeep
|turn|3
|
|t:|1757825523
|move|p2b: Gallade|Psycho Cut|p1b: Milotic
|-damage|p1b: Milotic|24/100 brn
|-damage|p2b: Gallade|71/100|[from] item: Life Orb
|move|p1b: Milotic|Scald|p2a: Bastiodon
|-supereffective|p2a: Bastiodon
|-damage|p2a: Bastiodon|0 fnt
|faint|p2a: Bastiodon
|move|p1a: Clefairy|Heal Pulse|p1b: Milotic
|-heal|p1b: Milotic|74/100 brn
|
|-damage|p1b: Milotic|68/100 brn|[from] brn
|upkeep
|
|t:|1757825535
|switch|p2a: Dragapult|Dragapult, L50, M|100/100
|turn|4
|
|t:|1757825546
|-terastallize|p1b: Milotic|Ice
|move|p1a: Clefairy|Helping Hand|p1b: Milotic
|-singleturn|p1b: Milotic|Helping Hand|[of] p1a: Clefairy
|move|p2a: Dragapult|Dragon Darts|p1b: Milotic
|-damage|p1b: Milotic|54/100 brn
|-anim|p2a: Dragapult|Dragon Darts|p1b: Milotic
|-damage|p1b: Milotic|41/100 brn
|move|p2b: Gallade|Psycho Cut|p1b: Milotic
|-damage|p1b: Milotic|14/100 brn
|-damage|p2b: Gallade|61/100|[from] item: Life Orb
|move|p1b: Milotic|Ice Beam|p2a: Dragapult
|-supereffective|p2a: Dragapult
|-damage|p2a: Dragapult|0 fnt
|faint|p2a: Dragapult
|
|-damage|p1b: Milotic|8/100 brn|[from] brn
|upkeep
|
|t:|1757825562
|switch|p2a: Primarina|Primarina, L50, F|100/100
|turn|5
|
|t:|1757825577
|move|p1a: Clefairy|Follow Me|p1a: Clefairy
|-singleturn|p1a: Clefairy|move: Follow Me
|move|p2b: Gallade|X-Scissor|p1a: Clefairy
|-resisted|p1a: Clefairy
|-damage|p1a: Clefairy|0 fnt
|faint|p1a: Clefairy
|-damage|p2b: Gallade|52/100|[from] item: Life Orb
|move|p1b: Milotic|Ice Beam|p2b: Gallade
|-damage|p2b: Gallade|19/100
|move|p2a: Primarina|Hyper Voice|p1b: Milotic
|-crit|p1b: Milotic
|-damage|p1b: Milotic|0 fnt
|faint|p1b: Milotic
|
|-sideend|p2: Chreis|Reflect
|upkeep
|
|t:|1757825599
|switch|p1b: Granbull|Granbull, L50, F|100/100
|switch|p1a: Sinistcha|Sinistcha, L50|100/100
|-ability|p1b: Granbull|Intimidate|boost
|-unboost|p2a: Primarina|atk|1
|-unboost|p2b: Gallade|atk|1
|turn|6
|
|t:|1757825629
|move|p1b: Granbull|Protect|p1b: Granbull
|-singleturn|p1b: Granbull|Protect
|move|p2b: Gallade|X-Scissor|p1a: Sinistcha
|-damage|p1a: Sinistcha|65/100
|-damage|p2b: Gallade|10/100|[from] item: Life Orb
|move|p1a: Sinistcha|Matcha Gotcha|p2b: Gallade|[spread] p2a,p2b
|-supereffective|p2a: Primarina
|-damage|p2a: Primarina|45/100
|-heal|p1a: Sinistcha|89/100|[from] drain|[of] p2a: Primarina
|-damage|p2b: Gallade|0 fnt
|-heal|p1a: Sinistcha|93/100|[from] drain|[of] p2b: Gallade
|faint|p2b: Gallade
|move|p2a: Primarina|Draining Kiss|p1a: Sinistcha
|-damage|p1a: Sinistcha|68/100
|-heal|p2a: Primarina|66/100|[from] drain|[of] p1a: Sinistcha
|
|-heal|p2a: Primarina|71/100|[from] item: Leftovers
|upkeep
|turn|7
|
|t:|1757825661
|move|p1b: Granbull|Protect||[still]
|-fail|p1b: Granbull
|move|p1a: Sinistcha|Hex|p2a: Primarina
|-damage|p2a: Primarina|44/100
|move|p2a: Primarina|Hyper Voice|p1a: Sinistcha|[spread] p1a,p1b
|-resisted|p1a: Sinistcha
|-damage|p1a: Sinistcha|52/100
|-damage|p1b: Granbull|40/100
|
|-heal|p2a: Primarina|50/100|[from] item: Leftovers
|upkeep
|turn|8
|
|t:|1757825671
|move|p1b: Granbull|Protect|p1b: Granbull
|-singleturn|p1b: Granbull|Protect
|move|p2a: Primarina|Protect|p2a: Primarina
|-singleturn|p2a: Primarina|Protect
|move|p1a: Sinistcha|Matcha Gotcha|p2a: Primarina
|-activate|p2a: Primarina|move: Protect
|
|-heal|p2a: Primarina|55/100|[from] item: Leftovers
|upkeep
|turn|9
|
|t:|1757825683
|-terastallize|p2a: Primarina|Steel
|move|p1b: Granbull|Protect|p1b: Granbull
|-singleturn|p1b: Granbull|Protect
|move|p1a: Sinistcha|Matcha Gotcha|p2a: Primarina
|-resisted|p2a: Primarina
|-damage|p2a: Primarina|36/100
|-heal|p1a: Sinistcha|61/100|[from] drain|[of] p2a: Primarina
|move|p2a: Primarina|Hyper Voice|p1a: Sinistcha|[spread] p1a
|-activate|p1b: Granbull|move: Protect
|-resisted|p1a: Sinistcha
|-damage|p1a: Sinistcha|45/100
|
|-heal|p2a: Primarina|42/100|[from] item: Leftovers
|upkeep
|turn|10
|
|t:|1757825718
|move|p1b: Granbull|Protect|p1b: Granbull
|-singleturn|p1b: Granbull|Protect
|move|p2a: Primarina|Protect|p2a: Primarina
|-singleturn|p2a: Primarina|Protect
|move|p1a: Sinistcha|Scald|p2a: Primarina
|-activate|p2a: Primarina|move: Protect
|
|-heal|p2a: Primarina|48/100|[from] item: Leftovers
|upkeep
|turn|11
|
|t:|1757825732
|move|p1b: Granbull|Protect||[still]
|-fail|p1b: Granbull
|move|p1a: Sinistcha|Scald|p2a: Primarina
|-damage|p2a: Primarina|23/100
|-status|p2a: Primarina|brn
|move|p2a: Primarina|Hyper Voice|p1b: Granbull|[spread] p1a,p1b
|-resisted|p1a: Sinistcha
|-crit|p1a: Sinistcha
|-damage|p1a: Sinistcha|21/100
|-damage|p1b: Granbull|0 fnt
|faint|p1b: Granbull
|
|-heal|p2a: Primarina|29/100 brn|[from] item: Leftovers
|-damage|p2a: Primarina|23/100 brn|[from] brn
|upkeep
|turn|12
|
|t:|1757825751
|move|p2a: Primarina|Protect|p2a: Primarina
|-singleturn|p2a: Primarina|Protect
|move|p1a: Sinistcha|Matcha Gotcha|p2a: Primarina
|-activate|p2a: Primarina|move: Protect
|
|-heal|p2a: Primarina|29/100 brn|[from] item: Leftovers
|-damage|p2a: Primarina|23/100 brn|[from] brn
|upkeep
|turn|13
|
|t:|1757825761
|move|p1a: Sinistcha|Matcha Gotcha|p2a: Primarina
|-resisted|p2a: Primarina
|-damage|p2a: Primarina|4/100 brn
|-heal|p1a: Sinistcha|29/100|[from] drain|[of] p2a: Primarina
|move|p2a: Primarina|Draining Kiss|p1a: Sinistcha
|-damage|p1a: Sinistcha|6/100
|-heal|p2a: Primarina|25/100 brn|[from] drain|[of] p1a: Sinistcha
|
|-heal|p2a: Primarina|31/100 brn|[from] item: Leftovers
|-damage|p2a: Primarina|25/100 brn|[from] brn
|upkeep
|turn|14
|
|t:|1757825778
|move|p1a: Sinistcha|Hex|p2a: Primarina
|-damage|p2a: Primarina|0 fnt
|faint|p2a: Primarina
|
|win|Ghost_Ecutioner
||Chreis is ready for game 2.
||Ghost_Ecutioner is ready for game 2.
|uhtml|next|Next: Game 2 of 3
