|j|☆MiiverseVGC
|j|☆supahsanti
|html|MiiverseVGCsupahsanti    
|uhtml|bestof|Game 2 of a best-of-3
|t:|1785075101
|gametype|doubles
|player|p1|MiiverseVGC|266|
|player|p2|supahsanti|clerk-boss|
|gen|9
|tier|[Gen 9 Champions] VGC 2026 Reg M-B (Bo3)
|rule|Species Clause: Limit one of each Pokémon
|rule|Item Clause: Limit 1 of each item
|clearpoke
|poke|p1|Charizard, L50, M|
|poke|p1|Floette-Eternal, L50, F|
|poke|p1|Garchomp, L50, F|
|poke|p1|Basculegion, L50, M|
|poke|p1|Whimsicott, L50, F|
|poke|p1|Incineroar, L50, F|
|poke|p2|Gengar, L50, M|
|poke|p2|Incineroar, L50, F|
|poke|p2|Swampert, L50, M|
|poke|p2|Politoed, L50, F|
|poke|p2|Vivillon, L50, F|
|poke|p2|Kommo-o, L50, M|
|teampreview|4
|showteam|p1|Charizard||CharizarditeY|Blaze|HeatWave,WeatherBall,SolarBeam,Protect|Modest||M|||50|]Floette-Eternal||Floettite|FlowerVeil|DazzlingGleam,LightofRuin,Moonblast,Protect|Modest||F|||50|]Garchomp||LifeOrb|RoughSkin|Earthquake,DragonClaw,RockSlide,Protect|Jolly||F|||50|]Basculegion||MysticWater|Adaptability|WaveCrash,AquaJet,LastRespects,Protect|Adamant||M|||50|]Whimsicott||FocusSash|Prankster|Moonblast,Tailwind,Encore,Protect|Timid||F|||50|]Incineroar||SitrusBerry|Intimidate|FlareBlitz,DarkestLariat,PartingShot,FakeOut|Careful||F|||50|
|showteam|p2|Gengar||Gengarite|CursedBody|Protect,PerishSong,Disable,ShadowBall|Modest||M|||50|]Incineroar||PasshoBerry|Intimidate|Protect,FakeOut,DarkestLariat,PartingShot|Sassy||F|||50|]Swampert||Swampertite|Torrent|Protect,WaveCrash,HighHorsepower,IcePunch|Adamant||M|||50|]Politoed||SitrusBerry|Drizzle|Protect,WeatherBall,PerishSong,Hypnosis|Calm||F|||50|]Vivillon||FocusSash|CompoundEyes|Protect,SleepPowder,RagePowder,Hurricane|Timid||F|||50|]Kommo-o||Leftovers|Soundproof|Protect,ClangorousSoul,ClangingScales,AuraSphere|Modest||M|||50|
|j| sidw
|j|+Aldrich
|l|+Aldrich
|j| thebusinesspiggy2
|j| k0nqueror
|j| Code
|j| SlycedBreadVGC
|j| tedidn
|j| Hecate2
|j| ncl nash
|j|+Aldrich
|j| JeanMrXPaul
|j| Flarefox
|j| Gale Strikes
|
|t:|1785075162
|teamsize|p1|4
|teamsize|p2|4
|start
|switch|p1a: Charizard|Charizard, L50, M|100/100
|switch|p1b: Garchomp|Garchomp, L50, F|100/100
|switch|p2a: Gengar|Gengar, L50, M|100/100
|switch|p2b: Incineroar|Incineroar, L50, F|100/100
|-ability|p2b: Incineroar|Intimidate|boost
|-unboost|p1a: Charizard|atk|1
|-unboost|p1b: Garchomp|atk|1
|turn|1
|j| Mogo
|j| Vikram chan
|j| A Regu1ar Guy
|
|t:|1785075200
|detailschange|p1a: Charizard|Charizard-Mega-Y, L50, M
|-mega|p1a: Charizard|Charizard|Charizardite Y
|-weather|SunnyDay|[from] ability: Drought|[of] p1a: Charizard
|detailschange|p2a: Gengar|Gengar-Mega, L50, M
|-mega|p2a: Gengar|Gengar|Gengarite
|move|p2b: Incineroar|Fake Out|p1a: Charizard
|-damage|p1a: Charizard|88/100
|move|p1b: Garchomp|Earthquake|p2b: Incineroar|[spread] p2a,p2b
|-immune|p1a: Charizard
|-supereffective|p2a: Gengar|1
|-supereffective|p2b: Incineroar|1
|-damage|p2a: Gengar|23/100
|-damage|p2b: Incineroar|44/100
|-damage|p1b: Garchomp|90/100|[from] item: Life Orb
|move|p2a: Gengar|Perish Song|p2a: Gengar
|-start|p1a: Charizard|perish3|[silent]
|-start|p1b: Garchomp|perish3|[silent]
|-start|p2a: Gengar|perish3|[silent]
|-start|p2b: Incineroar|perish3|[silent]
|-fieldactivate|move: Perish Song
|cant|p1a: Charizard|flinch
|
|-weather|SunnyDay|[upkeep]
|-start|p1b: Garchomp|perish3
|-start|p2a: Gengar|perish3
|-start|p1a: Charizard|perish3
|-start|p2b: Incineroar|perish3
|upkeep
|turn|2
|
|t:|1785075232
|move|p2a: Gengar|Protect|p2a: Gengar
|-singleturn|p2a: Gengar|Protect
|move|p2b: Incineroar|Protect|p2b: Incineroar
|-singleturn|p2b: Incineroar|Protect
|move|p1b: Garchomp|Earthquake|p2a: Gengar|[spread] 
|-activate|p2a: Gengar|move: Protect
|-activate|p2b: Incineroar|move: Protect
|-immune|p1a: Charizard
|move|p1a: Charizard|Weather Ball|p2a: Gengar
|-activate|p2a: Gengar|move: Protect
|
|-weather|SunnyDay|[upkeep]
|-start|p1b: Garchomp|perish2
|-start|p2a: Gengar|perish2
|-start|p1a: Charizard|perish2
|-start|p2b: Incineroar|perish2
|upkeep
|turn|3
|j| 8766t
|
|t:|1785075244
|switch|p2a: Politoed|Politoed, L50, F|100/100
|-weather|RainDance|[from] ability: Drizzle|[of] p2a: Politoed
|move|p1b: Garchomp|Rock Slide|p2a: Politoed|[spread] p2a,p2b
|-supereffective|p2b: Incineroar|1
|-damage|p2a: Politoed|85/100
|-damage|p2b: Incineroar|13/100
|-damage|p1b: Garchomp|80/100|[from] item: Life Orb
|move|p1a: Charizard|Weather Ball|p2b: Incineroar
|-supereffective|p2b: Incineroar|1
|-enditem|p2b: Incineroar|Passho Berry|[eat]
|-enditem|p2b: Incineroar|Passho Berry|[weaken]
|-damage|p2b: Incineroar|0 fnt
|faint|p2b: Incineroar
|
|-weather|RainDance|[upkeep]
|-start|p1b: Garchomp|perish1
|-start|p1a: Charizard|perish1
|upkeep
|j| Niccovgc
|l| A Regu1ar Guy
|
|t:|1785075255
|switch|p2b: Gengar|Gengar-Mega, L50, M|23/100
|turn|4
|
|t:|1785075267
|move|p2b: Gengar|Protect|p2b: Gengar
|-singleturn|p2b: Gengar|Protect
|move|p2a: Politoed|Protect|p2a: Politoed
|-singleturn|p2a: Politoed|Protect
|move|p1b: Garchomp|Earthquake|p2a: Politoed|[spread] 
|-activate|p2a: Politoed|move: Protect
|-activate|p2b: Gengar|move: Protect
|-immune|p1a: Charizard
|move|p1a: Charizard|Weather Ball|p2a: Politoed
|-activate|p2a: Politoed|move: Protect
|
|-weather|RainDance|[upkeep]
|-start|p1b: Garchomp|perish0
|-start|p1a: Charizard|perish0
|faint|p1b: Garchomp
|faint|p1a: Charizard
|upkeep
|
|t:|1785075270
|switch|p1b: Whimsicott|Whimsicott, L50, F|100/100
|switch|p1a: Basculegion|Basculegion, L50, M|100/100
|turn|5
|j| A Regu1ar Guy
|j| MajorStar
|l| MajorStar
|l| sidw
|
|t:|1785075316
|switch|p2b: Vivillon|Vivillon, L50, F|100/100
|move|p1b: Whimsicott|Encore|p2a: Politoed
|-start|p2a: Politoed|Encore
|move|p2a: Politoed|Protect||[still]
|-fail|p2a: Politoed
|move|p1a: Basculegion|Aqua Jet|p2b: Vivillon
|-damage|p2b: Vivillon|4/100
|
|-weather|RainDance|[upkeep]
|upkeep
|turn|6
|j| MajorStar
|j| sidw
|j| FBISurveillanceMan
|j| Star Ariaa⋆˙⟡♡
|l| Niccovgc
|j| sohaib
|l| A Regu1ar Guy
|j| A Regu1ar Guy
|
|t:|1785075448
|switch|p2a: Gengar|Gengar-Mega, L50, M|23/100
|move|p2b: Vivillon|Protect|p2b: Vivillon
|-singleturn|p2b: Vivillon|Protect
|move|p1b: Whimsicott|Moonblast|p2b: Vivillon
|-activate|p2b: Vivillon|move: Protect
|move|p1a: Basculegion|Last Respects|p2a: Gengar
|-supereffective|p2a: Gengar|1
|-damage|p2a: Gengar|0 fnt
|faint|p2a: Gengar
|
|-weather|RainDance|[upkeep]
|upkeep
|
|t:|1785075449
|switch|p2a: Politoed|Politoed, L50, F|85/100
|turn|7
|j|+Howkings
|
|t:|1785075464
|move|p1b: Whimsicott|Moonblast|p2b: Vivillon
|-damage|p2b: Vivillon|0 fnt
|faint|p2b: Vivillon
|move|p1a: Basculegion|Last Respects|p2a: Politoed
|-damage|p2a: Politoed|0 fnt
|faint|p2a: Politoed
|
|win|MiiverseVGC
|c|☆supahsanti|ggs
|c|☆MiiverseVGC|ggs
|l| k0nqueror
|j| carneyasada
|l| Star Ariaa⋆˙⟡♡
|l| carneyasada
|l| sidw
|l| Mogo
|l| sohaib
|l| JeanMrXPaul
|l|☆supahsanti
|player|p2|
|l| ncl nash
|l| thebusinesspiggy2
|l| Vikram chan
|l| A Regu1ar Guy
|l| Flarefox
|l| 8766t
|l|☆MiiverseVGC
|player|p1|
|l| MajorStar
|l| FBISurveillanceMan
|j| RK_pocoyo
|l| RK_pocoyo
|l|+Howkings
|j| Galahad Excalibur
|l| Galahad Excalibur
|j|+Howkings
