|j|☆Daniw9
|j|☆Argentavis_Gaming
|html|Daniw9Argentavis_Gaming    
|uhtml|bestof|Game 3 of a best-of-3
|t:|1756398470
|gametype|doubles
|player|p1|Daniw9|101|1142
|player|p2|Argentavis_Gaming|unknown|1289
|gen|9
|tier|[Gen 9] VGC 2025 Reg H (Bo3)
|rated|
|rule|Species Clause: Limit one of each Pokémon
|rule|Item Clause: Limit 1 of each item
|clearpoke
|poke|p1|Garchomp, L50, M|
|poke|p1|Tyranitar, L50, M|
|poke|p1|Delphox, L50, F|
|poke|p1|Indeedee-F, L50, F|
|poke|p1|Gallade, L50, M|
|poke|p1|Whimsicott, L50, M|
|poke|p2|Tyranitar, L50, M|
|poke|p2|Talonflame, L50, M|
|poke|p2|Garchomp, L50, F|
|poke|p2|Gholdengo, L50|
|poke|p2|Amoonguss, L50, M|
|poke|p2|Tauros-Paldea-Aqua, L50, M|
|teampreview|4
|showteam|p1|Garchomp||LifeOrb|SandVeil|Earthquake,StompingTantrum,Protect,DragonClaw|||M|||50|,,,,,Steel]Tyranitar||AssaultVest|SandStream|RockSlide,TeraBlast,KnockOff,LowKick|||M|||50|,,,,,Flying]Delphox||PsychicSeed|Magician|ExpandingForce,HeatWave,TeraBlast,Protect|||F|||50|,,,,,Fairy]Indeedee-F||SafetyGoggles|PsychicSurge|DazzlingGleam,TrickRoom,FollowMe,HelpingHand|||F|||50|,,,,,Water]Gallade||ClearAmulet|Sharpness|SacredSword,PsychoCut,TrickRoom,Protect|||M|||50|,,,,,Grass]Whimsicott||CovertCloak|Prankster|Moonblast,Tailwind,Encore,Protect|||M|||50|,,,,,Ghost
|showteam|p2|Tyranitar||AssaultVest|SandStream|RockSlide,KnockOff,LowKick,TeraBlast|||M|||50|,,,,,Flying]Talonflame||SafetyGoggles|GaleWings|BraveBird,WillOWisp,Taunt,Tailwind|||M|||50|,,,,,Ghost]Garchomp||LifeOrb|SandVeil|StompingTantrum,Earthquake,DragonClaw,Protect|||F|||50|,,,,,Ground]Gholdengo||IronPlate|GoodasGold|MakeItRain,ShadowBall,NastyPlot,Protect||||||50|,,,,,Steel]Amoonguss||SitrusBerry|Regenerator|Spore,RagePowder,ClearSmog,PollenPuff|||M|||50|,,,,,Water]Tauros-Paldea-Aqua||ClearAmulet|Intimidate|CloseCombat,WaveCrash,Protect,AquaJet|||M|||50|,,,,,Grass
|
|t:|1756398491
|teamsize|p1|4
|teamsize|p2|4
|start
|switch|p1a: Delphox|Delphox, L50, F|100/100
|switch|p1b: Indeedee|Indeedee-F, L50, F|100/100
|switch|p2a: Gholdengo|Gholdengo, L50|100/100
|switch|p2b: Tauros|Tauros-Paldea-Aqua, L50, M|100/100
|-ability|p2b: Tauros|Intimidate|boost
|-unboost|p1a: Delphox|atk|1
|-unboost|p1b: Indeedee|atk|1
|-fieldstart|move: Psychic Terrain|[from] ability: Psychic Surge|[of] p1b: Indeedee
|-enditem|p1a: Delphox|Psychic Seed
|-boost|p1a: Delphox|spd|1|[from] item: Psychic Seed
|turn|1
|
|t:|1756398510
|switch|p2b: Tyranitar|Tyranitar, L50, M|100/100
|-weather|Sandstorm|[from] ability: Sand Stream|[of] p2b: Tyranitar
|move|p2a: Gholdengo|Protect|p2a: Gholdengo
|-singleturn|p2a: Gholdengo|Protect
|move|p1b: Indeedee|Follow Me|p1b: Indeedee
|-singleturn|p1b: Indeedee|move: Follow Me
|move|p1a: Delphox|Expanding Force|p2b: Tyranitar|[spread] 
|-activate|p2a: Gholdengo|move: Protect
|-immune|p2b: Tyranitar
|
|-weather|Sandstorm|[upkeep]
|-damage|p1a: Delphox|95/100|[from] Sandstorm
|upkeep
|turn|2
|
|t:|1756398524
|-terastallize|p1a: Delphox|Fairy
|move|p1b: Indeedee|Helping Hand|p1a: Delphox
|-singleturn|p1a: Delphox|Helping Hand|[of] p1b: Indeedee
|move|p1a: Delphox|Heat Wave|p2a: Gholdengo|[spread] p2a,p2b
|-supereffective|p2a: Gholdengo
|-resisted|p2b: Tyranitar
|-damage|p2a: Gholdengo|13/100
|-damage|p2b: Tyranitar|92/100
|-item|p1a: Delphox|Iron Plate|[from] ability: Magician|[of] p2a: Gholdengo
|move|p2a: Gholdengo|Nasty Plot|p2a: Gholdengo
|-boost|p2a: Gholdengo|spa|2
|move|p2b: Tyranitar|Rock Slide|p1b: Indeedee|[spread] p1a,p1b
|-damage|p1a: Delphox|49/100
|-damage|p1b: Indeedee|69/100
|
|-weather|Sandstorm|[upkeep]
|-damage|p1a: Delphox|43/100|[from] Sandstorm
|upkeep
|turn|3
|
|t:|1756398548
|switch|p1b: Whimsicott|Whimsicott, L50, M|100/100
|move|p2a: Gholdengo|Protect|p2a: Gholdengo
|-singleturn|p2a: Gholdengo|Protect
|move|p1a: Delphox|Heat Wave|p2b: Tyranitar|[spread] p2b
|-activate|p2a: Gholdengo|move: Protect
|-resisted|p2b: Tyranitar
|-damage|p2b: Tyranitar|86/100
|move|p2b: Tyranitar|Rock Slide|p1a: Delphox|[spread] p1b
|-miss|p2b: Tyranitar|p1a: Delphox
|-damage|p1b: Whimsicott|63/100
|
|-weather|Sandstorm|[upkeep]
|-damage|p1b: Whimsicott|57/100|[from] Sandstorm
|-damage|p1a: Delphox|37/100|[from] Sandstorm
|upkeep
|turn|4
|
|t:|1756398568
|move|p1b: Whimsicott|Tailwind|p1b: Whimsicott
|-sidestart|p1: Daniw9|move: Tailwind
|move|p1a: Delphox|Heat Wave|p2a: Gholdengo|[spread] p2a,p2b
|-supereffective|p2a: Gholdengo
|-resisted|p2b: Tyranitar
|-damage|p2a: Gholdengo|0 fnt
|-damage|p2b: Tyranitar|80/100
|faint|p2a: Gholdengo
|move|p2b: Tyranitar|Rock Slide|p1b: Whimsicott|[spread] p1a
|-miss|p2b: Tyranitar|p1b: Whimsicott
|-crit|p1a: Delphox
|-damage|p1a: Delphox|0 fnt
|faint|p1a: Delphox
|
|-weather|Sandstorm|[upkeep]
|-damage|p1b: Whimsicott|51/100|[from] Sandstorm
|upkeep
|
|t:|1756398579
|switch|p1a: Tyranitar|Tyranitar, L50, M|100/100
|switch|p2a: Amoonguss|Amoonguss, L50, M|100/100
|turn|5
|
|t:|1756398597
|switch|p2b: Tauros|Tauros-Paldea-Aqua, L50, M|100/100
|-ability|p2b: Tauros|Intimidate|boost
|-unboost|p1a: Tyranitar|atk|1
|-unboost|p1b: Whimsicott|atk|1
|move|p1b: Whimsicott|Moonblast|p2b: Tauros
|-supereffective|p2b: Tauros
|-damage|p2b: Tauros|16/100
|move|p1a: Tyranitar|Rock Slide|p2b: Tauros|[spread] p2a,p2b
|-resisted|p2b: Tauros
|-damage|p2a: Amoonguss|82/100
|-damage|p2b: Tauros|6/100
|cant|p2a: Amoonguss|flinch
|
|-weather|none
|-fieldend|move: Psychic Terrain
|upkeep
|turn|6
|
|t:|1756398620
|switch|p1a: Indeedee|Indeedee-F, L50, F|69/100
|-fieldstart|move: Psychic Terrain|[from] ability: Psychic Surge|[of] p1a: Indeedee
|move|p2b: Tauros|Aqua Jet|p1a: Indeedee
|-activate|p1a: Indeedee|move: Psychic Terrain
|move|p1b: Whimsicott|Moonblast|p2b: Tauros
|-supereffective|p2b: Tauros
|-damage|p2b: Tauros|0 fnt
|faint|p2b: Tauros
|move|p2a: Amoonguss|Spore|p1a: Indeedee
|-activate|p1a: Indeedee|item: Safety Goggles|Spore
|
|upkeep
|
|t:|1756398624
|switch|p2b: Tyranitar|Tyranitar, L50, M|80/100
|-weather|Sandstorm|[from] ability: Sand Stream|[of] p2b: Tyranitar
|turn|7
|
|t:|1756398646
|move|p2a: Amoonguss|Rage Powder|p2a: Amoonguss
|-singleturn|p2a: Amoonguss|move: Rage Powder
|move|p1b: Whimsicott|Tailwind||[still]
|-fail|p1b: Whimsicott
|move|p1a: Indeedee|Dazzling Gleam|p2b: Tyranitar|[spread] p2a,p2b
|-resisted|p2a: Amoonguss
|-supereffective|p2b: Tyranitar
|-damage|p2a: Amoonguss|76/100
|-damage|p2b: Tyranitar|68/100
|move|p2b: Tyranitar|Rock Slide|p1b: Whimsicott|[spread] p1b
|-miss|p2b: Tyranitar|p1a: Indeedee
|-damage|p1b: Whimsicott|13/100
|
|-weather|Sandstorm|[upkeep]
|-damage|p1b: Whimsicott|7/100|[from] Sandstorm
|-damage|p2a: Amoonguss|70/100|[from] Sandstorm
|-sideend|p1: Daniw9|move: Tailwind
|upkeep
|turn|8
|
|t:|1756398657
|move|p1b: Whimsicott|Tailwind|p1b: Whimsicott
|-sidestart|p1: Daniw9|move: Tailwind
|move|p1a: Indeedee|Dazzling Gleam|p2b: Tyranitar|[spread] p2a,p2b
|-resisted|p2a: Amoonguss
|-supereffective|p2b: Tyranitar
|-damage|p2a: Amoonguss|65/100
|-damage|p2b: Tyranitar|57/100
|move|p2b: Tyranitar|Rock Slide|p1a: Indeedee|[spread] p1a
|-miss|p2b: Tyranitar|p1b: Whimsicott
|-damage|p1a: Indeedee|39/100
|move|p2a: Amoonguss|Pollen Puff|p2b: Tyranitar
|-heal|p2b: Tyranitar|100/100
|
|-weather|Sandstorm|[upkeep]
|-damage|p1b: Whimsicott|1/100|[from] Sandstorm
|-damage|p2a: Amoonguss|59/100|[from] Sandstorm
|upkeep
|turn|9
|
|t:|1756398679
|move|p2a: Amoonguss|Rage Powder|p2a: Amoonguss
|-singleturn|p2a: Amoonguss|move: Rage Powder
|move|p1b: Whimsicott|Moonblast|p2b: Tyranitar
|-supereffective|p2b: Tyranitar
|-damage|p2b: Tyranitar|77/100
|move|p1a: Indeedee|Dazzling Gleam|p2b: Tyranitar|[spread] p2a,p2b
|-resisted|p2a: Amoonguss
|-supereffective|p2b: Tyranitar
|-damage|p2a: Amoonguss|53/100
|-damage|p2b: Tyranitar|67/100
|move|p2b: Tyranitar|Rock Slide|p1b: Whimsicott|[spread] p1a,p1b
|-damage|p1a: Indeedee|10/100
|-damage|p1b: Whimsicott|0 fnt
|faint|p1b: Whimsicott
|
|-weather|Sandstorm|[upkeep]
|-damage|p2a: Amoonguss|47/100|[from] Sandstorm
|-enditem|p2a: Amoonguss|Sitrus Berry|[eat]
|-heal|p2a: Amoonguss|72/100|[from] item: Sitrus Berry
|upkeep
|
|t:|1756398689
|switch|p1b: Tyranitar|Tyranitar, L50, M|100/100
|turn|10
|
|t:|1756398700
|-terastallize|p2b: Tyranitar|Flying
|move|p2a: Amoonguss|Rage Powder|p2a: Amoonguss
|-singleturn|p2a: Amoonguss|move: Rage Powder
|move|p1b: Tyranitar|Rock Slide|p2b: Tyranitar|[spread] p2a,p2b
|-supereffective|p2b: Tyranitar
|-damage|p2a: Amoonguss|48/100
|-damage|p2b: Tyranitar|19/100
|move|p1a: Indeedee|Dazzling Gleam|p2a: Amoonguss|[spread] p2a,p2b
|-resisted|p2a: Amoonguss
|-damage|p2a: Amoonguss|42/100
|-damage|p2b: Tyranitar|10/100
|move|p2b: Tyranitar|Rock Slide|p1a: Indeedee|[spread] p1b
|-miss|p2b: Tyranitar|p1a: Indeedee
|-damage|p1b: Tyranitar|77/100
|
|-weather|Sandstorm|[upkeep]
|-damage|p2b: Tyranitar|5/100|[from] Sandstorm
|-damage|p2a: Amoonguss|36/100|[from] Sandstorm
|-fieldend|move: Psychic Terrain
|upkeep
|turn|11
|
|t:|1756398719
|move|p1b: Tyranitar|Rock Slide|p2b: Tyranitar|[spread] p2b
|-miss|p1b: Tyranitar|p2a: Amoonguss
|-supereffective|p2b: Tyranitar
|-damage|p2b: Tyranitar|0 fnt
|faint|p2b: Tyranitar
|move|p1a: Indeedee|Dazzling Gleam|p2a: Amoonguss
|-resisted|p2a: Amoonguss
|-damage|p2a: Amoonguss|29/100
|move|p2a: Amoonguss|Spore|p1b: Tyranitar
|-status|p1b: Tyranitar|slp|[from] move: Spore
|
|-weather|none
|-sideend|p1: Daniw9|move: Tailwind
|upkeep
|turn|12
|
|t:|1756398734
|cant|p1b: Tyranitar|slp
|move|p1a: Indeedee|Dazzling Gleam|p2a: Amoonguss
|-resisted|p2a: Amoonguss
|-damage|p2a: Amoonguss|22/100
|move|p2a: Amoonguss|Pollen Puff|p1b: Tyranitar
|-supereffective|p1b: Tyranitar
|-damage|p1b: Tyranitar|58/100 slp
|
|upkeep
|turn|13
|-message|Argentavis_Gaming forfeited.
|
|win|Daniw9
|raw|Daniw9's rating: 1142 → 1177(+35 for winning)
|raw|Argentavis_Gaming's rating: 1289 → 1254(-35 for losing)
|l|☆Argentavis_Gaming
|player|p2|
