|j|☆maish
|j|☆samurotthisuian
|html|maishsamurotthisuian    
|uhtml|bestof|Game 2 of a best-of-3
|t:|1756491946
|gametype|doubles
|player|p1|maish|roxie|1096
|player|p2|samurotthisuian|101|1145
|gen|9
|tier|[Gen 9] VGC 2025 Reg H (Bo3)
|rated|
|rule|Species Clause: Limit one of each Pokémon
|rule|Item Clause: Limit 1 of each item
|clearpoke
|poke|p1|Pelipper, L50, M|
|poke|p1|Archaludon, L50, M|
|poke|p1|Basculegion, L50, M|
|poke|p1|Amoonguss, L50, F|
|poke|p1|Incineroar, L50, M|
|poke|p1|Gholdengo, L50|
|poke|p2|Toedscruel, L50, F|
|poke|p2|Weezing-Galar, L50, F|
|poke|p2|Corviknight, L50, F|
|poke|p2|Garchomp, L50, F|
|poke|p2|Typhlosion-Hisui, L50, F|
|poke|p2|Meowscarada, L50, F|
|teampreview|4
|showteam|p1|Pelipper||FocusSash|Drizzle|WeatherBall,Hurricane,Tailwind,Protect|||M|||50|,,,,,Ghost]Archaludon||AssaultVest|Stamina|DragonPulse,ElectroShot,Snarl,BodyPress|||M|||50|,,,,,Grass]Basculegion||ChoiceBand|SwiftSwim|WaveCrash,AquaJet,LastRespects,FlipTurn|||M|||50|,,,,,Grass]Amoonguss||RockyHelmet|Regenerator|RagePowder,PollenPuff,Spore,Protect|||F|||50|,,,,,Water]Incineroar||SafetyGoggles|Intimidate|FakeOut,FlareBlitz,PartingShot,KnockOff|||M|||50|,,,,,Water]Gholdengo||LifeOrb|GoodasGold|MakeItRain,ShadowBall,NastyPlot,Protect||||||50|,,,,,Dragon
|showteam|p2|Toedscruel||CovertCloak|MyceliumMight|Spore,EarthPower,AcidSpray,RagePowder|||F|||50|,,,,,Water]Weezing-Galar||ChoiceSpecs|NeutralizingGas|DazzlingGleam,Flamethrower,StrangeSteam,SludgeBomb|||F|||50|,,,,,Fire]Corviknight||SitrusBerry|MirrorArmor|BraveBird,Roost,Tailwind,BodyPress|||F|||50|,,,,,Dragon]Garchomp||LifeOrb|RoughSkin|Protect,Earthquake,StompingTantrum,DragonClaw|||F|||50|,,,,,Ground]Typhlosion-Hisui||ChoiceScarf|Blaze|Eruption,HeatWave,ShadowBall,Overheat|||F|||50|,,,,,Fire]Meowscarada||FocusSash|Overgrow|KnockOff,FlowerTrick,SuckerPunch,Taunt|||F|||50|,,,,,Ghost
|inactive|Battle timer is ON: inactive players will automatically lose when time's up. (requested by samurotthisuian)
|
|t:|1756491964
|teamsize|p1|4
|teamsize|p2|4
|start
|switch|p1a: Amoonguss|Amoonguss, L50, F, shiny|100/100
|switch|p1b: Gholdengo|Gholdengo, L50|100/100
|switch|p2a: Weezing|Weezing-Galar, L50, F, shiny|100/100
|switch|p2b: Toedscruel|Toedscruel, L50, F, shiny|100/100
|-ability|p2a: Weezing|Neutralizing Gas
|turn|1
|inactive|maish has 30 seconds left.
|
|t:|1756491994
|-terastallize|p1b: Gholdengo|Dragon
|move|p2b: Toedscruel|Spore|p1b: Gholdengo
|-status|p1b: Gholdengo|slp|[from] move: Spore
|cant|p1b: Gholdengo|slp
|move|p2a: Weezing|Dazzling Gleam|p1a: Amoonguss|[spread] p1a,p1b
|-resisted|p1a: Amoonguss
|-supereffective|p1b: Gholdengo
|-damage|p1a: Amoonguss|86/100
|-damage|p1b: Gholdengo|34/100 slp
|move|p1a: Amoonguss|Pollen Puff|p1b: Gholdengo
|-heal|p1b: Gholdengo|84/100 slp
|
|upkeep
|turn|2
|
|t:|1756492013
|move|p2b: Toedscruel|Acid Spray|p1b: Gholdengo
|-damage|p1b: Gholdengo|77/100 slp
|-unboost|p1b: Gholdengo|spd|2
|cant|p1b: Gholdengo|slp
|move|p2a: Weezing|Dazzling Gleam|p1a: Amoonguss|[spread] p1a,p1b
|-resisted|p1a: Amoonguss
|-supereffective|p1b: Gholdengo
|-damage|p1a: Amoonguss|71/100
|-damage|p1b: Gholdengo|0 fnt
|faint|p1b: Gholdengo
|move|p1a: Amoonguss|Spore|p2a: Weezing
|-status|p2a: Weezing|slp|[from] move: Spore
|
|upkeep
|
|t:|1756492024
|switch|p1b: Basculegion|Basculegion, L50, M, shiny|100/100
|turn|3
|inactive|maish has 30 seconds left.
|
|t:|1756492051
|move|p2b: Toedscruel|Spore|p1b: Basculegion
|-status|p1b: Basculegion|slp|[from] move: Spore
|cant|p1b: Basculegion|slp
|cant|p2a: Weezing|slp
|move|p1a: Amoonguss|Pollen Puff|p1b: Basculegion
|
|upkeep
|turn|4
|
|t:|1756492075
|move|p2b: Toedscruel|Acid Spray|p1a: Amoonguss
|-damage|p1a: Amoonguss|64/100
|-unboost|p1a: Amoonguss|spd|2
|cant|p1b: Basculegion|slp
|-curestatus|p2a: Weezing|slp|[msg]
|move|p2a: Weezing|Dazzling Gleam|p1a: Amoonguss|[spread] p1a,p1b
|-resisted|p1a: Amoonguss
|-damage|p1a: Amoonguss|34/100
|-damage|p1b: Basculegion|57/100 slp
|move|p1a: Amoonguss|Pollen Puff|p1b: Basculegion
|-heal|p1b: Basculegion|100/100 slp
|
|upkeep
|turn|5
|
|t:|1756492097
|switch|p1a: Pelipper|Pelipper, L50, M, shiny|100/100
|move|p2b: Toedscruel|Earth Power|p1b: Basculegion
|-damage|p1b: Basculegion|70/100 slp
|-curestatus|p1b: Basculegion|slp|[msg]
|move|p1b: Basculegion|Wave Crash|p2a: Weezing
|-damage|p2a: Weezing|13/100
|-damage|p1b: Basculegion|46/100|[from] Recoil
|move|p2a: Weezing|Dazzling Gleam|p1a: Pelipper|[spread] p1a,p1b
|-damage|p1a: Pelipper|35/100
|-damage|p1b: Basculegion|7/100
|
|upkeep
|turn|6
|-message|maish forfeited.
|
|win|samurotthisuian
