|j|☆Oriozz
|j|☆alon34
|html|Oriozzalon34    
|uhtml|bestof|Game 2 of a best-of-3
|t:|1783057022
|gametype|doubles
|player|p1|Oriozz|1|1000
|player|p2|alon34|169|1000
|gen|9
|tier|[Gen 9 Champions] VGC 2026 Reg M-B (Bo3)
|rated|
|rule|Species Clause: Limit one of each Pokémon
|rule|Item Clause: Limit 1 of each item
|clearpoke
|poke|p1|Kingambit, L50, F|
|poke|p1|Floette-Eternal, L50, F|
|poke|p1|Sneasler, L50, F|
|poke|p1|Incineroar, L50, F|
|poke|p1|Garchomp, L50, F|
|poke|p1|Sinistcha, L50|
|poke|p2|Scrafty, L50, F|
|poke|p2|Venusaur, L50, M|
|poke|p2|Torkoal, L50, F|
|poke|p2|Mamoswine, L50, F|
|poke|p2|Farigiraf, L50, M|
|poke|p2|Pyroar, L50, F|
|teampreview|4
|showteam|p1|Kingambit||ChopleBerry|Defiant|KowtowCleave,Protect,SuckerPunch,IronHead|Adamant||F|||50|]Floette-Eternal||Floettite|FlowerVeil|DazzlingGleam,DrainingKiss,Protect,CalmMind|Bold||F|||50|]Sneasler||FocusSash|Unburden|FakeOut,DireClaw,CloseCombat,Coaching|Jolly||F|||50|]Incineroar||Leftovers|Intimidate|FakeOut,FlareBlitz,PartingShot,HelpingHand|Careful||F|||50|]Garchomp||Garchompite|RoughSkin|Earthquake,StompingTantrum,RockSlide,Protect|Adamant||F|||50|]Sinistcha||SitrusBerry|Hospitality|Protect,MatchaGotcha,TrickRoom,RagePowder|Bold|||||50|
|showteam|p2|Scrafty||Scraftinite|Intimidate|KnockOff,FakeOut,DrainPunch,IcePunch|Adamant||F|||50|]Venusaur||LifeOrb|Chlorophyll|SludgeBomb,EarthPower,EnergyBall,Protect|Modest||M|||50|]Torkoal||HeatRock|Drought|WeatherBall,Protect,HelpingHand,Eruption|Quiet||F|||50|]Mamoswine||FocusSash|Oblivious|Protect,RockSlide,IcicleCrash,HighHorsepower|Jolly||F|||50|]Farigiraf||SitrusBerry|ArmorTail|Psychic,Thunderbolt,TrickRoom,Protect|Quiet||M|||50|]Pyroar||Pyroarite|Unnerve|HeatWave,Protect,Yawn,Overheat|Timid||F|||50|
|inactive|Battle timer is ON: inactive players will automatically lose when time's up. (requested by alon34)
|inactive|Oriozz has 60 seconds left.
|
|t:|1783057063
|teamsize|p1|4
|teamsize|p2|4
|start
|switch|p1a: Incineroar|Incineroar, L50, F|100/100
|switch|p1b: Kingambit|Kingambit, L50, F|100/100
|switch|p2a: Farigiraf|Farigiraf, L50, M|100/100
|switch|p2b: Mamoswine|Mamoswine, L50, F|100/100
|-ability|p1a: Incineroar|Intimidate|boost
|-unboost|p2a: Farigiraf|atk|1
|-fail|p2b: Mamoswine|unboost|Attack|[from] ability: Oblivious|[of] p2b: Mamoswine
|turn|1
|inactive|Oriozz has 30 seconds left.
|inactive|alon34 has 30 seconds left.
|inactive|alon34 has 20 seconds left.
|
|t:|1783057100
|move|p1a: Incineroar|Helping Hand|p1b: Kingambit
|-singleturn|p1b: Kingambit|Helping Hand|[of] p1a: Incineroar
|move|p2b: Mamoswine|High Horsepower|p1b: Kingambit
|-supereffective|p1b: Kingambit|1
|-crit|p1b: Kingambit
|-damage|p1b: Kingambit|3/100
|move|p1b: Kingambit|Kowtow Cleave|p2a: Farigiraf
|-supereffective|p2a: Farigiraf|1
|-damage|p2a: Farigiraf|0 fnt
|faint|p2a: Farigiraf
|
|upkeep
|
|t:|1783057114
|switch|p2a: Scrafty|Scrafty, L50, F|100/100
|-ability|p2a: Scrafty|Intimidate|boost
|-unboost|p1a: Incineroar|atk|1
|-unboost|p1b: Kingambit|atk|1
|-ability|p1b: Kingambit|Defiant|boost
|-boost|p1b: Kingambit|atk|2
|turn|2
|inactive|alon34 has 30 seconds left.
|
|t:|1783057145
|move|p1b: Kingambit|Protect|p1b: Kingambit
|-singleturn|p1b: Kingambit|Protect
|move|p2a: Scrafty|Fake Out|p1b: Kingambit
|-activate|p1b: Kingambit|move: Protect
|move|p2b: Mamoswine|High Horsepower|p1a: Incineroar
|-supereffective|p1a: Incineroar|1
|-damage|p1a: Incineroar|9/100
|move|p1a: Incineroar|Flare Blitz|p2b: Mamoswine
|-supereffective|p2b: Mamoswine|1
|-damage|p2b: Mamoswine|22/100
|-damage|p1a: Incineroar|0 fnt|[from] Recoil
|faint|p1a: Incineroar
|
|upkeep
|
|t:|1783057160
|switch|p1a: Floette|Floette-Eternal, L50, F|100/100
|turn|3
|inactive|alon34 has 30 seconds left.
|
|t:|1783057191
|detailschange|p1a: Floette|Floette-Mega, L50, F
|-mega|p1a: Floette|Floette|Floettite
|-ability|p1a: Floette|Fairy Aura
|detailschange|p2a: Scrafty|Scrafty-Mega, L50, F
|-mega|p2a: Scrafty|Scrafty|Scraftinite
|-ability|p2a: Scrafty|Intimidate|boost
|-unboost|p1a: Floette|atk|1
|-unboost|p1b: Kingambit|atk|1
|-ability|p1b: Kingambit|Defiant|boost
|-boost|p1b: Kingambit|atk|2
|move|p2b: Mamoswine|Protect|p2b: Mamoswine
|-singleturn|p2b: Mamoswine|Protect
|move|p1b: Kingambit|Sucker Punch||[still]
|-fail|p1b: Kingambit
|move|p1a: Floette|Calm Mind|p1a: Floette
|-boost|p1a: Floette|spa|1
|-boost|p1a: Floette|spd|1
|move|p2a: Scrafty|Drain Punch|p1b: Kingambit
|-supereffective|p1b: Kingambit|2
|-enditem|p1b: Kingambit|Chople Berry|[eat]
|-enditem|p1b: Kingambit|Chople Berry|[weaken]
|-damage|p1b: Kingambit|0 fnt
|faint|p1b: Kingambit
|
|upkeep
|
|t:|1783057209
|switch|p1b: Garchomp|Garchomp, L50, F|100/100
|turn|4
|inactive|Oriozz has 30 seconds left.
|
|t:|1783057236
|move|p1a: Floette|Dazzling Gleam|p2b: Mamoswine|[spread] p2a,p2b
|-supereffective|p2a: Scrafty|2
|-damage|p2a: Scrafty|0 fnt
|-damage|p2b: Mamoswine|0 fnt
|faint|p2a: Scrafty
|faint|p2b: Mamoswine
|move|p1b: Garchomp|Rock Slide|p2: Scrafty|[notarget]
|-fail|p1b: Garchomp
|
|upkeep
|
|t:|1783057241
|switch|p2b: Torkoal|Torkoal, L50, F|100/100
|-weather|SunnyDay|[from] ability: Drought|[of] p2b: Torkoal
|turn|5
|-message|alon34 forfeited.
|raw|Oriozz's rating: 1000 → 1040(+40 for winning)
|raw|alon34's rating: 1000 → 1000(+0 for losing)
|
|win|Oriozz
|l|☆alon34
|player|p2|
