|j|☆JusttestingforVGC
|j|☆Volanr
|html|JusttestingforVGCVolanr    
|uhtml|bestof|Game 1 of a best-of-3
|t:|1757687268
|gametype|doubles
|player|p1|JusttestingforVGC|steven|1401
|player|p2|Volanr|cynthia-masters3|1378
|gen|9
|tier|[Gen 9] VGC 2025 Reg H (Bo3)
|rated|
|rule|Species Clause: Limit one of each Pokémon
|rule|Item Clause: Limit 1 of each item
|clearpoke
|poke|p1|Garchomp, L50, M|
|poke|p1|Corviknight, L50, M|
|poke|p1|Lycanroc, L50, F|
|poke|p1|Tyranitar, L50, F|
|poke|p1|Blaziken, L50, F|
|poke|p1|Rotom-Mow, L50|
|poke|p2|Archaludon, L50, M|
|poke|p2|Sinistcha-Masterpiece, L50|
|poke|p2|Dragonite, L50, F|
|poke|p2|Pelipper, L50, F|
|poke|p2|Ursaluna, L50, F|
|poke|p2|Gholdengo, L50|
|teampreview|4
|showteam|p1|Garchomp||Leftovers|SandVeil|Earthquake,DragonClaw,Substitute,Protect|||M|||50|,,,,,Steel]Corviknight||SitrusBerry|MirrorArmor|BulkUp,BraveBird,Tailwind,BodyPress|||M|||50|,,,,,Fire]Lycanroc||FocusSash|SandRush|Protect,CloseCombat,RockSlide,Endeavor|||F|||50|,,,,,Ghost]Tyranitar||AssaultVest|SandStream|KnockOff,RockSlide,LowKick,HighHorsepower|||F|||50|,,,,,Flying]Blaziken||LifeOrb|SpeedBoost|Protect,AuraSphere,Flamethrower,HelpingHand|||F|||50|,,,,,Ghost]Rotom-Mow||CovertCloak|Levitate|LeafStorm,Electroweb,Thunderbolt,ElectricTerrain||||||50|,,,,,Water
|showteam|p2|Archaludon||AssaultVest|Stamina|BodyPress,Snarl,ElectroShot,FlashCannon|||M|||50|,,,,,Fighting]Sinistcha-Masterpiece||SitrusBerry|Hospitality|MatchaGotcha,RagePowder,TrickRoom,LifeDew||||||50|,,,,,Dark]Dragonite||LoadedDice|Multiscale|ScaleShot,Protect,Tailwind,Haze|||F|||50|,,,,,Steel]Pelipper||FocusSash|Drizzle|MuddyWater,Hurricane,Tailwind,Protect|||F|||50|,,,,,Ghost]Ursaluna||FlameOrb|Guts|Facade,HeadlongRush,Earthquake,Protect|||F|||50|,,,,,Ghost]Gholdengo||ChoiceScarf|GoodasGold|MakeItRain,TeraBlast,ShadowBall,Trick||||||50|,,,,,Water
|inactive|Battle timer is ON: inactive players will automatically lose when time's up. (requested by JusttestingforVGC)
|inactive|Volanr has 60 seconds left.
|
|t:|1757687310
|teamsize|p1|4
|teamsize|p2|4
|start
|switch|p1a: Rotom|Rotom-Mow, L50|100/100
|switch|p1b: Garchomp|Garchomp, L50, M|100/100
|switch|p2a: Dragonite|Dragonite, L50, F|100/100
|switch|p2b: Ursaluna|Ursaluna, L50, F|100/100
|turn|1
|inactive|JusttestingforVGC has 30 seconds left.
|inactive|Volanr has 30 seconds left.
|inactive|JusttestingforVGC has 20 seconds left.
|inactive|JusttestingforVGC has 15 seconds left.
|
|t:|1757687355
|switch|p1a: Tyranitar|Tyranitar, L50, F|100/100
|-weather|Sandstorm|[from] ability: Sand Stream|[of] p1a: Tyranitar
|-terastallize|p1b: Garchomp|Steel
|-terastallize|p2b: Ursaluna|Ghost
|move|p1b: Garchomp|Substitute|p1b: Garchomp
|-start|p1b: Garchomp|Substitute
|-damage|p1b: Garchomp|75/100
|move|p2a: Dragonite|Tailwind|p2a: Dragonite
|-sidestart|p2: Volanr|move: Tailwind
|move|p2b: Ursaluna|Headlong Rush|p1b: Garchomp
|-supereffective|p1b: Garchomp
|-end|p1b: Garchomp|Substitute
|-unboost|p2b: Ursaluna|def|1
|-unboost|p2b: Ursaluna|spd|1
|
|-weather|Sandstorm|[upkeep]
|-damage|p2a: Dragonite|95/100|[from] Sandstorm
|-damage|p2b: Ursaluna|95/100|[from] Sandstorm
|-heal|p1b: Garchomp|82/100|[from] item: Leftovers
|-status|p2b: Ursaluna|brn|[from] item: Flame Orb
|upkeep
|turn|2
|
|t:|1757687377
|switch|p2a: Pelipper|Pelipper, L50, F|100/100
|-weather|RainDance|[from] ability: Drizzle|[of] p2a: Pelipper
|switch|p1a: Rotom|Rotom-Mow, L50|100/100
|move|p2b: Ursaluna|Earthquake|p1b: Garchomp|[spread] p1b
|-immune|p2a: Pelipper
|-immune|p1a: Rotom|[from] ability: Levitate
|-supereffective|p1b: Garchomp
|-damage|p1b: Garchomp|0 fnt
|faint|p1b: Garchomp
|
|-weather|RainDance|[upkeep]
|-damage|p2b: Ursaluna|89/100 brn|[from] brn
|upkeep
|
|t:|1757687386
|switch|p1b: Tyranitar|Tyranitar, L50, F|100/100
|-weather|Sandstorm|[from] ability: Sand Stream|[of] p1b: Tyranitar
|turn|3
|
|t:|1757687398
|switch|p2a: Dragonite|Dragonite, L50, F|95/100
|move|p2b: Ursaluna|Headlong Rush|p1b: Tyranitar
|-supereffective|p1b: Tyranitar
|-damage|p1b: Tyranitar|0 fnt
|-unboost|p2b: Ursaluna|def|1
|-unboost|p2b: Ursaluna|spd|1
|faint|p1b: Tyranitar
|move|p1a: Rotom|Electroweb|p2b: Ursaluna|[spread] p2a,p2b
|-damage|p2a: Dragonite|77/100
|-damage|p2b: Ursaluna|59/100 brn
|-unboost|p2a: Dragonite|spe|1
|-unboost|p2b: Ursaluna|spe|1
|
|-weather|Sandstorm|[upkeep]
|-damage|p2a: Dragonite|71/100|[from] Sandstorm
|-damage|p2b: Ursaluna|53/100 brn|[from] Sandstorm
|-damage|p1a: Rotom|95/100|[from] Sandstorm
|-damage|p2b: Ursaluna|48/100 brn|[from] brn
|upkeep
|inactive|JusttestingforVGC has 30 seconds left.
|
|t:|1757687429
|switch|p1b: Blaziken|Blaziken, L50, F|100/100
|turn|4
|
|t:|1757687439
|move|p1b: Blaziken|Protect|p1b: Blaziken
|-singleturn|p1b: Blaziken|Protect
|move|p2a: Dragonite|Scale Shot|p1a: Rotom
|-damage|p1a: Rotom|79/100
|-damage|p1a: Rotom|62/100
|-damage|p1a: Rotom|46/100
|-damage|p1a: Rotom|30/100
|-hitcount|p1a: Rotom|4
|-unboost|p2a: Dragonite|def|1
|-boost|p2a: Dragonite|spe|1
|move|p2b: Ursaluna|Facade|p1a: Rotom
|-damage|p1a: Rotom|0 fnt
|faint|p1a: Rotom
|
|-weather|Sandstorm|[upkeep]
|-damage|p2a: Dragonite|65/100|[from] Sandstorm
|-damage|p2b: Ursaluna|42/100 brn|[from] Sandstorm
|-damage|p1b: Blaziken|95/100|[from] Sandstorm
|-damage|p2b: Ursaluna|36/100 brn|[from] brn
|-sideend|p2: Volanr|move: Tailwind
|-ability|p1b: Blaziken|Speed Boost|boost
|-boost|p1b: Blaziken|spe|1
|upkeep
|turn|5
|-message|JusttestingforVGC forfeited.
|
|win|Volanr
||JusttestingforVGC is ready for game 2.
||Volanr is ready for game 2.
|uhtml|next|Next: Game 2 of 3
