|j|☆fudii
|j|☆itbeasher
|html|fudiiitbeasher    
|uhtml|bestof|Game 2 of a best-of-3
|t:|1757755058
|gametype|doubles
|player|p1|fudii|dahlia|1165
|player|p2|itbeasher|1|1141
|gen|9
|tier|[Gen 9] VGC 2025 Reg H (Bo3)
|rated|
|rule|Species Clause: Limit one of each Pokémon
|rule|Item Clause: Limit 1 of each item
|clearpoke
|poke|p1|Annihilape, L50, F|
|poke|p1|Sinistcha, L50|
|poke|p1|Maushold-Four, L50|
|poke|p1|Klefki, L50, F|
|poke|p1|Ursaluna-Bloodmoon, L50, M|
|poke|p1|Ninetales-Alola, L50, F|
|poke|p2|Dondozo, L50, F|
|poke|p2|Tatsugiri, L50, F|
|poke|p2|Whimsicott, L50, F|
|poke|p2|Ursaluna-Bloodmoon, L50, M|
|poke|p2|Indeedee, L50, M|
|poke|p2|Sneasler, L50, M|
|teampreview|4
|showteam|p1|Annihilape||Leftovers|Defiant|Protect,BulkUp,DrainPunch,RageFist|||F|||50|,,,,,Fire]Sinistcha||SitrusBerry|Hospitality|MatchaGotcha,TrickRoom,LifeDew,RagePowder||||||50|,,,,,Water]Maushold-Four||SafetyGoggles|FriendGuard|FollowMe,Taunt,BeatUp,Protect||||||50|,,,,,Ghost]Klefki||LightClay|Prankster|Reflect,LightScreen,MistyTerrain,DazzlingGleam|||F|||50|,,,,,Ghost]Ursaluna-Bloodmoon||AssaultVest|MindsEye|BloodMoon,HyperVoice,EarthPower,VacuumWave|||M|||50|,,,,,Water]Ninetales-Alola||FocusSash|SnowWarning|Protect,Encore,FreezeDry,Blizzard|||F|||50|,,,,,Ghost
|showteam|p2|Dondozo||Leftovers|Unaware|Protect,HeavySlam,WaveCrash,OrderUp|||F|||50|,,,,,Steel]Tatsugiri||FocusSash|Commander|MuddyWater,DracoMeteor,IcyWind,Protect|||F|||50|,,,,,Fairy]Whimsicott||CovertCloak|Prankster|Moonblast,Tailwind,HelpingHand,LightScreen|||F|||50|,,,,,Water]Ursaluna-Bloodmoon||LifeOrb|MindsEye|Protect,HyperVoice,BloodMoon,EarthPower|||M|||50|,,,,,Normal]Indeedee||ChoiceScarf|PsychicSurge|Protect,Trick,ExpandingForce,TeraBlast|||M|||50|,,,,,Psychic]Sneasler||PsychicSeed|Unburden|Protect,DireClaw,CloseCombat,ThroatChop|||M|||50|,,,,,Dark
|inactive|Battle timer is ON: inactive players will automatically lose when time's up. (requested by fudii)
|
|t:|1757755086
|teamsize|p1|4
|teamsize|p2|4
|start
|switch|p1a: Klefki|Klefki, L50, F|100/100
|switch|p1b: Ninetales|Ninetales-Alola, L50, F, shiny|100/100
|switch|p2a: Whimsicott|Whimsicott, L50, F|100/100
|switch|p2b: Ursaluna|Ursaluna-Bloodmoon, L50, M|100/100
|-weather|Snowscape|[from] ability: Snow Warning|[of] p1b: Ninetales
|turn|1
|
|t:|1757755107
|-terastallize|p2b: Ursaluna|Normal
|move|p2a: Whimsicott|Tailwind|p2a: Whimsicott
|-sidestart|p2: itbeasher|move: Tailwind
|move|p1a: Klefki|Light Screen|p1a: Klefki
|-sidestart|p1: fudii|move: Light Screen
|move|p2b: Ursaluna|Earth Power|p1a: Klefki
|-supereffective|p1a: Klefki
|-damage|p1a: Klefki|23/100
|-damage|p2b: Ursaluna|91/100|[from] item: Life Orb
|move|p1b: Ninetales|Blizzard|p2b: Ursaluna|[spread] p2a,p2b
|-supereffective|p2a: Whimsicott
|-damage|p2a: Whimsicott|25/100
|-damage|p2b: Ursaluna|48/100
|
|-weather|Snowscape|[upkeep]
|upkeep
|turn|2
|inactive|fudii has 30 seconds left.
|
|t:|1757755138
|move|p1b: Ninetales|Protect|p1b: Ninetales
|-singleturn|p1b: Ninetales|Protect
|move|p2a: Whimsicott|Moonblast|p1b: Ninetales
|-activate|p1b: Ninetales|move: Protect
|move|p2b: Ursaluna|Hyper Voice|p1b: Ninetales|[spread] p1a
|-activate|p1b: Ninetales|move: Protect
|-resisted|p1a: Klefki
|-damage|p1a: Klefki|4/100
|-damage|p2b: Ursaluna|38/100|[from] item: Life Orb
|move|p1a: Klefki|Dazzling Gleam|p2b: Ursaluna|[spread] p2a,p2b
|-damage|p2a: Whimsicott|2/100
|-damage|p2b: Ursaluna|16/100
|
|-weather|Snowscape|[upkeep]
|upkeep
|turn|3
|inactive|fudii has 30 seconds left.
|
|t:|1757755172
|switch|p1a: Sinistcha|Sinistcha, L50|100/100
|move|p2a: Whimsicott|Moonblast|p1a: Sinistcha
|-damage|p1a: Sinistcha|82/100
|move|p2b: Ursaluna|Blood Moon|p1b: Ninetales
|-enditem|p1b: Ninetales|Focus Sash
|-damage|p1b: Ninetales|1/100
|-damage|p2b: Ursaluna|6/100|[from] item: Life Orb
|move|p1b: Ninetales|Blizzard|p2b: Ursaluna|[spread] p2a,p2b
|-supereffective|p2a: Whimsicott
|-damage|p2a: Whimsicott|0 fnt
|-damage|p2b: Ursaluna|0 fnt
|faint|p2a: Whimsicott
|faint|p2b: Ursaluna
|
|-weather|Snowscape|[upkeep]
|upkeep
|
|t:|1757755181
|switch|p2a: Indeedee|Indeedee, L50, M|100/100
|switch|p2b: Sneasler|Sneasler, L50, M|100/100
|-fieldstart|move: Psychic Terrain|[from] ability: Psychic Surge|[of] p2a: Indeedee
|-enditem|p2b: Sneasler|Psychic Seed
|-boost|p2b: Sneasler|spd|1|[from] item: Psychic Seed
|turn|4
|inactive|fudii has 30 seconds left.
|inactive|fudii has 20 seconds left.
|inactive|fudii has 15 seconds left.
|
|t:|1757755224
|move|p1b: Ninetales|Protect|p1b: Ninetales
|-singleturn|p1b: Ninetales|Protect
|move|p2b: Sneasler|Dire Claw|p1a: Sinistcha
|-damage|p1a: Sinistcha|43/100
|-status|p1a: Sinistcha|par
|-enditem|p1a: Sinistcha|Sitrus Berry|[eat]
|-heal|p1a: Sinistcha|68/100 par|[from] item: Sitrus Berry
|move|p2a: Indeedee|Expanding Force|p1a: Sinistcha|[spread] p1a
|-activate|p1b: Ninetales|move: Protect
|-damage|p1a: Sinistcha|31/100 par
|move|p1a: Sinistcha|Trick Room|p1a: Sinistcha
|-fieldstart|move: Trick Room|[of] p1a: Sinistcha
|
|-weather|Snowscape|[upkeep]
|-sideend|p2: itbeasher|move: Tailwind
|upkeep
|turn|5
|inactive|fudii has 30 seconds left.
|
|t:|1757755256
|move|p1a: Sinistcha|Matcha Gotcha|p2b: Sneasler|[spread] p2a
|-miss|p1a: Sinistcha|p2b: Sneasler
|-damage|p2a: Indeedee|67/100
|-heal|p1a: Sinistcha|44/100 par|[from] drain|[of] p2a: Indeedee
|move|p1b: Ninetales|Blizzard|p2b: Sneasler|[spread] p2a,p2b
|-damage|p2a: Indeedee|27/100
|-damage|p2b: Sneasler|72/100
|move|p2a: Indeedee|Expanding Force|p1b: Ninetales|[spread] p1a,p1b
|-damage|p1a: Sinistcha|5/100 par
|-damage|p1b: Ninetales|0 fnt
|faint|p1b: Ninetales
|move|p2b: Sneasler|Dire Claw|p1a: Sinistcha
|-damage|p1a: Sinistcha|0 fnt
|faint|p1a: Sinistcha
|
|-weather|none
|upkeep
|
|t:|1757755272
|switch|p1a: Klefki|Klefki, L50, F|4/100
|switch|p1b: Annihilape|Annihilape, L50, F, shiny|100/100
|turn|6
|
|t:|1757755288
|-terastallize|p1b: Annihilape|Fire
|move|p1a: Klefki|Misty Terrain|p1a: Klefki
|-fieldstart|move: Misty Terrain
|move|p1b: Annihilape|Bulk Up|p1b: Annihilape
|-boost|p1b: Annihilape|atk|1
|-boost|p1b: Annihilape|def|1
|move|p2a: Indeedee|Expanding Force|p1b: Annihilape
|-damage|p1b: Annihilape|76/100
|move|p2b: Sneasler|Dire Claw|p1b: Annihilape
|-damage|p1b: Annihilape|42/100
|
|-heal|p1b: Annihilape|49/100|[from] item: Leftovers
|upkeep
|turn|7
|
|t:|1757755312
|move|p2b: Sneasler|Protect|p2b: Sneasler
|-singleturn|p2b: Sneasler|Protect
|move|p1a: Klefki|Reflect|p1a: Klefki
|-sidestart|p1: fudii|Reflect
|move|p1b: Annihilape|Drain Punch|p2a: Indeedee
|-damage|p2a: Indeedee|0 fnt
|-heal|p1b: Annihilape|57/100|[from] drain|[of] p2a: Indeedee
|faint|p2a: Indeedee
|
|-heal|p1b: Annihilape|63/100|[from] item: Leftovers
|upkeep
|turn|8
|
|t:|1757755326
|move|p2b: Sneasler|Protect||[still]
|-fail|p2b: Sneasler
|move|p1a: Klefki|Dazzling Gleam|p2b: Sneasler
|-damage|p2b: Sneasler|50/100
|move|p1b: Annihilape|Rage Fist|p2b: Sneasler
|-damage|p2b: Sneasler|0 fnt
|faint|p2b: Sneasler
|
|win|fudii
|raw|fudii's rating: 1165 → 1188(+23 for winning)
|raw|itbeasher's rating: 1141 → 1118(-23 for losing)
