|j|☆Garden Monke
|j|☆schickiniki
|html|Garden Monkeschickiniki    
|uhtml|bestof|Game 3 of a best-of-3
|t:|1784499947
|gametype|doubles
|player|p1|Garden Monke|giacomo|1170
|player|p2|schickiniki|psychic-gen4|1380
|gen|9
|tier|[Gen 9 Champions] VGC 2026 Reg M-B (Bo3)
|rated|
|rule|Species Clause: Limit one of each Pokémon
|rule|Item Clause: Limit 1 of each item
|clearpoke
|poke|p1|Incineroar, L50, F|
|poke|p1|Sinistcha, L50|
|poke|p1|Gengar, L50, F|
|poke|p1|Swampert, L50, M|
|poke|p1|Politoed, L50, M|
|poke|p1|Archaludon, L50, M|
|poke|p2|Dragonite, L50, M|
|poke|p2|Archaludon, L50, M|
|poke|p2|Pelipper, L50, M, shiny|
|poke|p2|Basculegion, L50, M|
|poke|p2|Metagross, L50, shiny|
|poke|p2|Meowscarada, L50, M|
|teampreview|4
|showteam|p1|Incineroar||PasshoBerry|Intimidate|ThroatChop,FakeOut,PartingShot,Protect|Sassy||F|||50|]Sinistcha||ColburBerry|Hospitality|MatchaGotcha,RagePowder,TrickRoom,Protect|Calm|||||50|]Gengar||Gengarite|CursedBody|ShadowBall,Disable,PerishSong,Protect|Timid||F|||50|]Swampert||Swampertite|Damp|WaveCrash,HighHorsepower,IcePunch,Protect|Adamant||M|||50|]Politoed||SitrusBerry|Drizzle|WeatherBall,Encore,PerishSong,Protect|Calm||M|||50|]Archaludon||Leftovers|Stamina|ElectroShot,DragonPulse,FlashCannon,Protect|Modest||M|||50|
|showteam|p2|Dragonite||Dragoninite|Multiscale|Protect,DragonPulse,Hurricane,Flamethrower|Modest||M|||50|]Archaludon||Leftovers|Stamina|Protect,ElectroShot,DragonPulse,AuraSphere|Modest||M|||50|]Pelipper||SitrusBerry|Drizzle|WideGuard,Tailwind,WeatherBall,Hurricane|Bold||M|||50|]Basculegion||LifeOrb|Adaptability|Protect,WaveCrash,LastRespects,AquaJet|Jolly||M|||50|]Metagross||Metagrossite|ClearBody|Protect,BulletPunch,PsychicFangs,BrickBreak|Adamant|||||50|]Meowscarada||FocusSash|Overgrow|Protect,FlowerTrick,SuckerPunch,TripleAxel|Adamant||M|||50|
|inactive|Battle timer is ON: inactive players will automatically lose when time's up. (requested by schickiniki)
|inactive|Garden Monke also wants the timer to be on.
|inactive|schickiniki has 60 seconds left.
|inactive|schickiniki has 30 seconds left.
|inactive|schickiniki has 20 seconds left.
|inactive|schickiniki has 15 seconds left.
|
|t:|1784500023
|teamsize|p1|4
|teamsize|p2|4
|start
|switch|p1a: Gengar|Gengar, L50, F|100/100
|switch|p1b: Archaludon|Archaludon, L50, M|100/100
|switch|p2a: Metagross|Metagross, L50, shiny|100/100
|switch|p2b: Basculegion|Basculegion, L50, M|100/100
|turn|1
|inactive|schickiniki has 30 seconds left.
|inactive|schickiniki has 20 seconds left.
|
|t:|1784500062
|switch|p2b: Dragonite|Dragonite, L50, M|100/100
|detailschange|p1a: Gengar|Gengar-Mega, L50, F
|-mega|p1a: Gengar|Gengar|Gengarite
|move|p1a: Gengar|Protect|p1a: Gengar
|-singleturn|p1a: Gengar|Protect
|move|p1b: Archaludon|Electro Shot||[still]
|-prepare|p1b: Archaludon|Electro Shot
|-boost|p1b: Archaludon|spa|1
|move|p2a: Metagross|Psychic Fangs|p1a: Gengar
|-activate|p1a: Gengar|move: Protect
|
|upkeep
|turn|2
|inactive|schickiniki has 30 seconds left.
|
|t:|1784500094
|switch|p1a: Incineroar|Incineroar, L50, F|100/100
|-ability|p1a: Incineroar|Intimidate|boost
|-fail|p2a: Metagross|unboost|[from] ability: Clear Body|[of] p2a: Metagross
|-unboost|p2b: Dragonite|atk|1
|move|p2b: Dragonite|Protect|p2b: Dragonite
|-singleturn|p2b: Dragonite|Protect
|move|p1b: Archaludon|Electro Shot|p2b: Dragonite|[from] lockedmove
|-activate|p2b: Dragonite|move: Protect
|move|p2a: Metagross|Psychic Fangs|p1a: Incineroar
|-immune|p1a: Incineroar
|
|upkeep
|turn|3
|inactive|schickiniki has 30 seconds left.
|inactive|schickiniki has 20 seconds left.
|inactive|schickiniki has 15 seconds left.
|inactive|schickiniki has 10 seconds left.
|inactive|schickiniki has 5 seconds left.
|
|t:|1784500147
|switch|p2b: Basculegion|Basculegion, L50, M|100/100
|detailschange|p2a: Metagross|Metagross-Mega, L50, shiny
|-mega|p2a: Metagross|Metagross|Metagrossite
|move|p1a: Incineroar|Fake Out|p2b: Basculegion
|-immune|p2b: Basculegion
|move|p2a: Metagross|Brick Break|p1a: Incineroar
|-supereffective|p1a: Incineroar|1
|-damage|p1a: Incineroar|29/100
|move|p1b: Archaludon|Dragon Pulse|p2b: Basculegion
|-damage|p2b: Basculegion|35/100
|
|upkeep
|turn|4
|
|t:|1784500165
|switch|p1a: Sinistcha|Sinistcha, L50|100/100
|move|p2a: Metagross|Brick Break|p1b: Archaludon
|-supereffective|p1b: Archaludon|1
|-crit|p1b: Archaludon
|-damage|p1b: Archaludon|1/100
|-ability|p1b: Archaludon|Stamina|boost
|-boost|p1b: Archaludon|def|1
|move|p2b: Basculegion|Wave Crash|p1a: Sinistcha
|-resisted|p1a: Sinistcha|1
|-damage|p1a: Sinistcha|58/100
|-damage|p2b: Basculegion|23/100|[from] Recoil
|-damage|p2b: Basculegion|13/100|[from] item: Life Orb
|move|p1b: Archaludon|Dragon Pulse|p2b: Basculegion
|-damage|p2b: Basculegion|0 fnt
|faint|p2b: Basculegion
|
|-heal|p1b: Archaludon|7/100|[from] item: Leftovers
|upkeep
|
|t:|1784500174
|switch|p2b: Meowscarada|Meowscarada, L50, M|100/100
|turn|5
|inactive|schickiniki has 30 seconds left.
|
|t:|1784500199
|switch|p1b: Incineroar|Incineroar, L50, F|29/100
|-ability|p1b: Incineroar|Intimidate|boost
|-unboost|p2a: Metagross|atk|1
|-unboost|p2b: Meowscarada|atk|1
|move|p1a: Sinistcha|Protect|p1a: Sinistcha
|-singleturn|p1a: Sinistcha|Protect
|move|p2b: Meowscarada|Triple Axel|p1b: Incineroar
|-resisted|p1b: Incineroar|1
|-damage|p1b: Incineroar|27/100
|-resisted|p1b: Incineroar|1
|-crit|p1b: Incineroar
|-damage|p1b: Incineroar|18/100
|-resisted|p1b: Incineroar|1
|-damage|p1b: Incineroar|12/100
|-hitcount|p1b: Incineroar|3
|move|p2a: Metagross|Psychic Fangs|p1a: Sinistcha
|-activate|p1a: Sinistcha|move: Protect
|
|upkeep
|turn|6
|
|t:|1784500224
|move|p2b: Meowscarada|Protect|p2b: Meowscarada
|-singleturn|p2b: Meowscarada|Protect
|move|p2a: Metagross|Protect|p2a: Metagross
|-singleturn|p2a: Metagross|Protect
|move|p1b: Incineroar|Fake Out|p2b: Meowscarada
|-activate|p2b: Meowscarada|move: Protect
|move|p1a: Sinistcha|Trick Room|p1a: Sinistcha
|-fieldstart|move: Trick Room|[of] p1a: Sinistcha
|
|upkeep
|turn|7
|
|t:|1784500237
|move|p2a: Metagross|Bullet Punch|p1b: Incineroar
|-resisted|p1b: Incineroar|1
|-damage|p1b: Incineroar|3/100
|move|p2b: Meowscarada|Sucker Punch|p1a: Sinistcha
|-supereffective|p1a: Sinistcha|1
|-enditem|p1a: Sinistcha|Colbur Berry|[eat]
|-enditem|p1a: Sinistcha|Colbur Berry|[weaken]
|-damage|p1a: Sinistcha|37/100
|move|p1b: Incineroar|Throat Chop|p2a: Metagross
|-supereffective|p2a: Metagross|1
|-damage|p2a: Metagross|51/100
|-start|p2a: Metagross|Throat Chop|[silent]
|move|p1a: Sinistcha|Matcha Gotcha|p2a: Metagross|[spread] p2a,p2b
|-resisted|p2a: Metagross|1
|-resisted|p2b: Meowscarada|1
|-damage|p2a: Metagross|39/100
|-heal|p1a: Sinistcha|44/100|[from] drain|[of] p2a: Metagross
|-damage|p2b: Meowscarada|80/100
|-heal|p1a: Sinistcha|52/100|[from] drain|[of] p2b: Meowscarada
|-status|p2b: Meowscarada|brn
|
|-damage|p2b: Meowscarada|74/100 brn|[from] brn
|upkeep
|turn|8
|inactive|Garden Monke has 30 seconds left.
|inactive|Garden Monke has 20 seconds left.
|
|t:|1784500273
|move|p1a: Sinistcha|Rage Powder|p1a: Sinistcha
|-singleturn|p1a: Sinistcha|move: Rage Powder
|move|p2b: Meowscarada|Sucker Punch|p1b: Incineroar
|-resisted|p1b: Incineroar|1
|-damage|p1b: Incineroar|0 fnt
|faint|p1b: Incineroar
|move|p2a: Metagross|Psychic Fangs|p1a: Sinistcha
|-damage|p1a: Sinistcha|16/100
|
|-damage|p2b: Meowscarada|68/100 brn|[from] brn
|-end|p2a: Metagross|Throat Chop|[silent]
|upkeep
|
|t:|1784500287
|switch|p1b: Archaludon|Archaludon, L50, M|7/100
|turn|9
|
|t:|1784500303
|move|p1a: Sinistcha|Rage Powder|p1a: Sinistcha
|-singleturn|p1a: Sinistcha|move: Rage Powder
|move|p2a: Metagross|Bullet Punch|p1a: Sinistcha
|-damage|p1a: Sinistcha|0 fnt
|faint|p1a: Sinistcha
|move|p2b: Meowscarada|Sucker Punch|p1b: Archaludon
|-damage|p1b: Archaludon|0 fnt
|faint|p1b: Archaludon
|
|-damage|p2b: Meowscarada|62/100 brn|[from] brn
|upkeep
|
|t:|1784500311
|switch|p1b: Gengar|Gengar-Mega, L50, F|100/100
|turn|10
|inactive|Garden Monke has 30 seconds left.
|-message|Garden Monke forfeited.
|
|win|schickiniki
|raw|Garden Monke's rating: 1170 → 1159(-11 for losing)
|raw|schickiniki's rating: 1380 → 1389(+9 for winning)
|l|☆schickiniki
|player|p2|
