|j|☆YAYOI23
|html|KarmicPines2002YAYOI23    
|uhtml|bestof|Game 2 of a best-of-3
|t:|1784568204
|gametype|doubles
|player|p1|KarmicPines2002|2|1075
|player|p2|YAYOI23|1|1000
|gen|9
|tier|[Gen 9 Champions] VGC 2026 Reg M-B (Bo3)
|rated|
|rule|Species Clause: Limit one of each Pokémon
|rule|Item Clause: Limit 1 of each item
|clearpoke
|poke|p1|Venusaur, L50, M|
|poke|p1|Charizard, L50, M|
|poke|p1|Grimmsnarl, L50, M|
|poke|p1|Archaludon, L50, F|
|poke|p1|Basculegion, L50, M|
|poke|p1|Pelipper, L50, F|
|poke|p2|Blastoise, L50, M|
|poke|p2|Talonflame, L50, F|
|poke|p2|Sableye, L50, M|
|poke|p2|Vivillon, L50, F|
|poke|p2|Archaludon, L50, F|
|poke|p2|Sinistcha, L50|
|teampreview|4
|showteam|p1|Venusaur||FocusSash|Chlorophyll|SludgeBomb,EarthPower,SleepPowder,Protect|Modest||M|||50|]Charizard||CharizarditeY|Blaze|Protect,HeatWave,SolarBeam,WeatherBall|Modest||M|||50|]Grimmsnarl||LightClay|Prankster|SpiritBreak,LightScreen,Reflect,PartingShot|Sassy||M|||50|]Archaludon||Leftovers|Stamina|ElectroShot,DragonPulse,FlashCannon,Protect|Calm||F|||50|]Basculegion||ChoiceScarf|Adaptability|WaveCrash,LastRespects,AquaJet,FlipTurn|Jolly||M|||50|]Pelipper||SitrusBerry|Drizzle|Hurricane,WeatherBall,Tailwind,WideGuard|Modest||F|||50|
|showteam|p2|Blastoise||Blastoisinite|Torrent|WaterSpout,Protect,ShellSmash,DarkPulse|Modest||M|||50|]Talonflame||SharpBeak|FlameBody|DualWingbeat,Tailwind,QuickGuard,BraveBird|Jolly||F|||50|]Sableye||RoseliBerry|KeenEye|Encore,Disable,FakeOut,RainDance|Careful||M|||50|]Vivillon||FocusSash|CompoundEyes|PollenPuff,SleepPowder,RagePowder,Protect|Timid||F|||50|]Archaludon||ChoiceScarf|Sturdy|AuraSphere,ElectroShot,DragonPulse,FlashCannon|Modest||F|||50|]Sinistcha||SitrusBerry|Hospitality|MatchaGotcha,RagePowder,TrickRoom,Imprison|Relaxed|||||50|
|j|☆KarmicPines2002
|player|p1|KarmicPines2002|2|
|inactive|Battle timer is ON: inactive players will automatically lose when time's up. (requested by KarmicPines2002)
|
|t:|1784568348
|teamsize|p1|4
|teamsize|p2|4
|start
|switch|p1a: Archaludon|Archaludon, L50, F|100/100
|switch|p1b: Grimmsnarl|Grimmsnarl, L50, M|100/100
|switch|p2a: Blastoise|Blastoise, L50, M|100/100
|switch|p2b: Sableye|Sableye, L50, M|100/100
|turn|1
|inactive|KarmicPines2002 has 30 seconds left.
|
|t:|1784568374
|switch|p2b: Vivillon|Vivillon, L50, F|100/100
|move|p1b: Grimmsnarl|Light Screen|p1b: Grimmsnarl
|-sidestart|p1: KarmicPines2002|move: Light Screen
|move|p1a: Archaludon|Electro Shot||[still]
|-prepare|p1a: Archaludon|Electro Shot
|-boost|p1a: Archaludon|spa|1
|move|p2a: Blastoise|Shell Smash|p2a: Blastoise
|-unboost|p2a: Blastoise|def|1
|-unboost|p2a: Blastoise|spd|1
|-boost|p2a: Blastoise|atk|2
|-boost|p2a: Blastoise|spa|2
|-boost|p2a: Blastoise|spe|2
|
|upkeep
|turn|2
|
|t:|1784568396
|move|p1b: Grimmsnarl|Parting Shot|p2a: Blastoise
|-unboost|p2a: Blastoise|atk|1
|-unboost|p2a: Blastoise|spa|1
|
|t:|1784568402
|switch|p1b: Basculegion|Basculegion, L50, M|100/100|[from] Parting Shot
|move|p2a: Blastoise|Water Spout|p1b: Basculegion|[spread] p1a,p1b
|-resisted|p1a: Archaludon|1
|-resisted|p1b: Basculegion|1
|-damage|p1a: Archaludon|78/100
|-damage|p1b: Basculegion|73/100
|-ability|p1a: Archaludon|Stamina|boost
|-boost|p1a: Archaludon|def|1
|move|p2b: Vivillon|Sleep Powder|p1a: Archaludon
|-status|p1a: Archaludon|slp|[from] move: Sleep Powder
|cant|p1a: Archaludon|slp
|
|-heal|p1a: Archaludon|84/100 slp|[from] item: Leftovers
|upkeep
|turn|3
|inactive|KarmicPines2002 has 30 seconds left.
|inactive|YAYOI23 has 30 seconds left.
|inactive|KarmicPines2002 has 20 seconds left.
|inactive|KarmicPines2002 has 15 seconds left.
|inactive|KarmicPines2002 has 10 seconds left.
|
|t:|1784568447
|move|p2b: Vivillon|Rage Powder|p2b: Vivillon
|-singleturn|p2b: Vivillon|move: Rage Powder
|move|p2a: Blastoise|Dark Pulse|p1b: Basculegion
|-supereffective|p1b: Basculegion|1
|-damage|p1b: Basculegion|20/100r
|cant|p1b: Basculegion|flinch
|-curestatus|p1a: Archaludon|slp|[msg]
|move|p1a: Archaludon|Electro Shot||[still]
|-prepare|p1a: Archaludon|Electro Shot
|-boost|p1a: Archaludon|spa|1
|
|-heal|p1a: Archaludon|90/100|[from] item: Leftovers
|upkeep
|turn|4
|
|t:|1784568470
|switch|p1b: Grimmsnarl|Grimmsnarl, L50, M|100/100
|move|p2a: Blastoise|Protect|p2a: Blastoise
|-singleturn|p2a: Blastoise|Protect
|move|p2b: Vivillon|Protect|p2b: Vivillon
|-singleturn|p2b: Vivillon|Protect
|move|p1a: Archaludon|Electro Shot|p2a: Blastoise|[from] lockedmove
|-activate|p2a: Blastoise|move: Protect
|
|-heal|p1a: Archaludon|96/100|[from] item: Leftovers
|upkeep
|turn|5
|
|t:|1784568488
|move|p1b: Grimmsnarl|Parting Shot|p2a: Blastoise
|-unboost|p2a: Blastoise|atk|1
|-unboost|p2a: Blastoise|spa|1
|
|t:|1784568491
|switch|p1b: Pelipper|Pelipper, L50, F|100/100|[from] Parting Shot
|-weather|RainDance|[from] ability: Drizzle|[of] p1b: Pelipper
|move|p2a: Blastoise|Water Spout|p1b: Pelipper|[spread] p1a,p1b
|-resisted|p1a: Archaludon|1
|-resisted|p1b: Pelipper|1
|-damage|p1a: Archaludon|77/100
|-damage|p1b: Pelipper|63/100
|-ability|p1a: Archaludon|Stamina|boost
|-boost|p1a: Archaludon|def|1
|move|p2b: Vivillon|Sleep Powder|p1a: Archaludon
|-status|p1a: Archaludon|slp|[from] move: Sleep Powder
|cant|p1a: Archaludon|slp
|
|-weather|RainDance|[upkeep]
|-heal|p1a: Archaludon|83/100 slp|[from] item: Leftovers
|upkeep
|turn|6
|
|t:|1784568516
|move|p1b: Pelipper|Wide Guard|p1b: Pelipper
|-singleturn|p1b: Pelipper|Wide Guard
|move|p2a: Blastoise|Shell Smash|p2a: Blastoise
|-unboost|p2a: Blastoise|def|1
|-unboost|p2a: Blastoise|spd|1
|-boost|p2a: Blastoise|atk|2
|-boost|p2a: Blastoise|spa|2
|-boost|p2a: Blastoise|spe|2
|move|p2b: Vivillon|Sleep Powder|p1b: Pelipper
|-status|p1b: Pelipper|slp|[from] move: Sleep Powder
|cant|p1a: Archaludon|slp
|
|-weather|RainDance|[upkeep]
|-heal|p1a: Archaludon|89/100 slp|[from] item: Leftovers
|upkeep
|turn|7
|
|t:|1784568534
|cant|p1b: Pelipper|slp
|move|p2b: Vivillon|Rage Powder|p2b: Vivillon
|-singleturn|p2b: Vivillon|move: Rage Powder
|move|p2a: Blastoise|Water Spout|p1b: Pelipper|[spread] p1a,p1b
|-resisted|p1a: Archaludon|1
|-resisted|p1b: Pelipper|1
|-damage|p1a: Archaludon|45/100 slp
|-damage|p1b: Pelipper|0 fnt
|-ability|p1a: Archaludon|Stamina|boost
|-boost|p1a: Archaludon|def|1
|faint|p1b: Pelipper
|-curestatus|p1a: Archaludon|slp|[msg]
|move|p1a: Archaludon|Electro Shot||[still]
|-prepare|p1a: Archaludon|Electro Shot
|-boost|p1a: Archaludon|spa|1
|-anim|p1a: Archaludon|Electro Shot|p2b: Vivillon
|-supereffective|p2b: Vivillon|1
|-crit|p2b: Vivillon
|-enditem|p2b: Vivillon|Focus Sash
|-damage|p2b: Vivillon|1/100
|
|-weather|RainDance|[upkeep]
|-heal|p1a: Archaludon|51/100|[from] item: Leftovers
|upkeep
|inactive|KarmicPines2002 has 30 seconds left.
|
|t:|1784568561
|switch|p1b: Grimmsnarl|Grimmsnarl, L50, M|100/100
|turn|8
|
|t:|1784568583
|move|p1b: Grimmsnarl|Parting Shot|p2a: Blastoise
|-unboost|p2a: Blastoise|atk|1
|-unboost|p2a: Blastoise|spa|1
|
|t:|1784568586
|switch|p1b: Basculegion|Basculegion, L50, M|20/100r|[from] Parting Shot
|move|p2a: Blastoise|Water Spout|p1b: Basculegion|[spread] p1a,p1b
|-resisted|p1a: Archaludon|1
|-resisted|p1b: Basculegion|1
|-damage|p1a: Archaludon|20/100y
|-damage|p1b: Basculegion|0 fnt
|-ability|p1a: Archaludon|Stamina|boost
|-boost|p1a: Archaludon|def|1
|faint|p1b: Basculegion
|move|p2b: Vivillon|Sleep Powder|p1a: Archaludon
|-status|p1a: Archaludon|slp|[from] move: Sleep Powder
|cant|p1a: Archaludon|slp
|
|-weather|RainDance|[upkeep]
|-heal|p1a: Archaludon|26/100 slp|[from] item: Leftovers
|-sideend|p1: KarmicPines2002|move: Light Screen
|upkeep
|
|t:|1784568603
|switch|p1b: Grimmsnarl|Grimmsnarl, L50, M|100/100
|turn|9
|
|t:|1784568618
|move|p1b: Grimmsnarl|Parting Shot|p2a: Blastoise
|-unboost|p2a: Blastoise|atk|1
|-unboost|p2a: Blastoise|spa|1
|move|p2a: Blastoise|Water Spout|p1b: Grimmsnarl|[spread] p1a,p1b
|-resisted|p1a: Archaludon|1
|-damage|p1a: Archaludon|0 fnt
|-damage|p1b: Grimmsnarl|40/100
|faint|p1a: Archaludon
|move|p2b: Vivillon|Pollen Puff|p1b: Grimmsnarl
|-crit|p1b: Grimmsnarl
|-damage|p1b: Grimmsnarl|0 fnt
|faint|p1b: Grimmsnarl
|
|win|YAYOI23
|inactive|KarmicPines2002 has 30 seconds to confirm battle start!
|inactive|YAYOI23 has 30 seconds to confirm battle start!
||KarmicPines2002 is ready for game 3.
|inactive|YAYOI23 has 20 seconds to confirm battle start!
