|j|☆thecoolestfridge
|j|☆Mr. Kessler
|html|thecoolestfridgeMr. Kessler    
|uhtml|bestof|Game 1 of a best-of-3
|t:|1785690140
|gametype|doubles
|player|p1|thecoolestfridge|102|
|player|p2|Mr. Kessler|266|
|gen|9
|tier|[Gen 9 Champions] VGC 2026 Reg M-B (Bo3)
|rule|Species Clause: Limit one of each Pokémon
|rule|Item Clause: Limit 1 of each item
|clearpoke
|poke|p1|Weavile, L50, F|
|poke|p1|Decidueye-Hisui, L50, F|
|poke|p1|Charizard, L50, M|
|poke|p1|Gardevoir, L50, F|
|poke|p1|Sableye, L50, F|
|poke|p1|Lycanroc-Midnight, L50, F|
|poke|p2|Gliscor, L50, M|
|poke|p2|Greninja, L50, F|
|poke|p2|Tyrantrum, L50, M|
|poke|p2|Arcanine, L50, F|
|poke|p2|Rotom-Wash, L50|
|poke|p2|Mamoswine, L50, F|
|teampreview|4
|showteam|p1|Weavile||FocusSash|Pressure|TripleAxel,ThroatChop,FakeOut,BrickBreak|Jolly||F|||50|]Decidueye-Hisui||OccaBerry|Scrappy|TripleArrows,LeafBlade,Tailwind,Protect|Adamant||F|||50|]Charizard||CharizarditeY|Blaze|HeatWave,SolarBeam,WeatherBall,Protect|Timid||M|||50|]Gardevoir||Gardevoirite|Trace|HyperVoice,Psyshock,Protect,IcyWind|Timid||F|||50|]Sableye||LightClay|Prankster|Reflect,LightScreen,FoulPlay,FakeOut|Impish||F|||50|]Lycanroc-Midnight||ChoiceScarf|NoGuard|StoneEdge,StompingTantrum,CloseCombat,PsychicFangs|Jolly||F|||50|
|showteam|p2|Gliscor||Leftovers|PoisonHeal|Tailwind,RockSlide,HighHorsepower,StealthRock|Careful||M|||50|]Greninja||Greninjite|Protean|RainDance,HydroPump,DarkPulse,SludgeWave|Timid||F|||50|]Tyrantrum||ChoiceScarf|RockHead|RockSlide,HeadSmash,BreakingSwipe,PlayRough|Jolly||M|||50|]Arcanine||SitrusBerry|FlashFire|Protect,WillOWisp,FlareBlitz,Crunch|Adamant||F|||50|]Rotom-Wash||RindoBerry|Levitate|Discharge,VoltSwitch,HydroPump,Protect|Bold|||||50|]Mamoswine||OccaBerry|ThickFat|RockSlide,Earthquake,IceShard,IcicleCrash|Adamant||F|||50|
|inactive|Battle timer is ON: inactive players will automatically lose when time's up. (requested by Mr. Kessler)
|j| Theaminus
|c|☆Mr. Kessler|gl hf
|inactive|thecoolestfridge has 60 seconds left.
|inactive|Mr. Kessler has 60 seconds left.
|
|t:|1785690190
|teamsize|p1|4
|teamsize|p2|4
|start
|switch|p1a: Gardevoir|Gardevoir, L50, F|100/100
|switch|p1b: Sableye|Sableye, L50, F|100/100
|switch|p2a: Gliscor|Gliscor, L50, M|100/100
|switch|p2b: Rotom|Rotom-Wash, L50|100/100
|-ability|p1a: Gardevoir|Poison Heal|Trace|[from] ability: Trace|[of] p2a: Gliscor
|turn|1
|c|☆thecoolestfridge|wait where's the option to deny team sheet
|c|☆thecoolestfridge|ig it's just honoor system
|c|☆Mr. Kessler|oh shit
|c|☆Mr. Kessler|k yeah agreed
|c|☆Mr. Kessler|i didnt look
|
|t:|1785690215
|detailschange|p1a: Gardevoir|Gardevoir-Mega, L50, F
|-mega|p1a: Gardevoir|Gardevoir|Gardevoirite
|move|p1b: Sableye|Fake Out|p2a: Gliscor
|-damage|p2a: Gliscor|93/100
|move|p1a: Gardevoir|Icy Wind|p2a: Gliscor|[spread] p2a,p2b
|-supereffective|p2a: Gliscor|2
|-crit|p2a: Gliscor
|-resisted|p2b: Rotom|1
|-damage|p2a: Gliscor|8/100
|-damage|p2b: Rotom|91/100
|-unboost|p2a: Gliscor|spe|1
|-unboost|p2b: Rotom|spe|1
|cant|p2a: Gliscor|flinch
|move|p2b: Rotom|Discharge|p1a: Gardevoir|[spread] p1a,p1b
|-immune|p2a: Gliscor
|-damage|p1a: Gardevoir|81/100
|-damage|p1b: Sableye|66/100
|-status|p1a: Gardevoir|par
|-status|p1b: Sableye|par
|
|-heal|p2a: Gliscor|14/100|[from] item: Leftovers
|upkeep
|turn|2
|c|☆thecoolestfridge|ok man
|inactive|thecoolestfridge has 30 seconds left.
|inactive|Mr. Kessler has 30 seconds left.
|
|t:|1785690241
|move|p1b: Sableye|Light Screen|p1b: Sableye
|-sidestart|p1: thecoolestfridge|move: Light Screen
|move|p1a: Gardevoir|Hyper Voice|p2a: Gliscor|[spread] p2a,p2b
|-damage|p2a: Gliscor|0 fnt
|-damage|p2b: Rotom|35/100
|faint|p2a: Gliscor
|move|p2b: Rotom|Hydro Pump|p1b: Sableye|[miss]
|-miss|p2b: Rotom|p1b: Sableye
|
|upkeep
|
|t:|1785690245
|switch|p2a: Tyrantrum|Tyrantrum, L50, M|100/100
|turn|3
|
|t:|1785690255
|cant|p1b: Sableye|par
|move|p2a: Tyrantrum|Head Smash|p1a: Gardevoir
|-damage|p1a: Gardevoir|0 fnt
|faint|p1a: Gardevoir
|move|p2b: Rotom|Hydro Pump|p1b: Sableye
|-damage|p1b: Sableye|22/100 par
|
|upkeep
|
|t:|1785690264
|switch|p1a: Lycanroc|Lycanroc-Midnight, L50, F|100/100
|turn|4
|
|t:|1785690272
|switch|p2a: Arcanine|Arcanine, L50, F|100/100
|move|p1b: Sableye|Reflect|p1b: Sableye
|-sidestart|p1: thecoolestfridge|Reflect
|move|p1a: Lycanroc|Stomping Tantrum|p2a: Arcanine
|-supereffective|p2a: Arcanine|1
|-damage|p2a: Arcanine|51/100
|move|p2b: Rotom|Hydro Pump|p1a: Lycanroc
|-supereffective|p1a: Lycanroc|1
|-damage|p1a: Lycanroc|21/100
|
|upkeep
|turn|5
|
|t:|1785690286
|move|p1a: Lycanroc|Stomping Tantrum|p2a: Arcanine
|-supereffective|p2a: Arcanine|1
|-damage|p2a: Arcanine|3/100
|-enditem|p2a: Arcanine|Sitrus Berry|[eat]
|-heal|p2a: Arcanine|28/100|[from] item: Sitrus Berry
|move|p2a: Arcanine|Flare Blitz|p1b: Sableye
|-crit|p1b: Sableye
|-damage|p1b: Sableye|0 fnt
|faint|p1b: Sableye
|-damage|p2a: Arcanine|22/100|[from] Recoil
|move|p2b: Rotom|Hydro Pump|p1a: Lycanroc
|-supereffective|p1a: Lycanroc|1
|-damage|p1a: Lycanroc|0 fnt
|faint|p1a: Lycanroc
|
|upkeep
|
|t:|1785690294
|switch|p1b: Decidueye|Decidueye-Hisui, L50, F|100/100
|turn|6
|
|t:|1785690310
|move|p1b: Decidueye|Protect|p1b: Decidueye
|-singleturn|p1b: Decidueye|Protect
|move|p2a: Arcanine|Will-O-Wisp|p1b: Decidueye
|-activate|p1b: Decidueye|move: Protect
|move|p2b: Rotom|Volt Switch|p1b: Decidueye
|-activate|p1b: Decidueye|move: Protect
|
|upkeep
|turn|7
|
|t:|1785690326
|move|p2a: Arcanine|Protect|p2a: Arcanine
|-singleturn|p2a: Arcanine|Protect
|move|p2b: Rotom|Protect|p2b: Rotom
|-singleturn|p2b: Rotom|Protect
|move|p1b: Decidueye|Triple Arrows|p2a: Arcanine
|-activate|p2a: Arcanine|move: Protect
|
|upkeep
|turn|8
|
|t:|1785690340
|move|p1b: Decidueye|Protect|p1b: Decidueye
|-singleturn|p1b: Decidueye|Protect
|move|p2a: Arcanine|Will-O-Wisp|p1b: Decidueye
|-activate|p1b: Decidueye|move: Protect
|move|p2b: Rotom|Volt Switch|p1b: Decidueye
|-activate|p1b: Decidueye|move: Protect
|
|upkeep
|turn|9
|
|t:|1785690345
|move|p2a: Arcanine|Protect|p2a: Arcanine
|-singleturn|p2a: Arcanine|Protect
|move|p2b: Rotom|Protect|p2b: Rotom
|-singleturn|p2b: Rotom|Protect
|move|p1b: Decidueye|Tailwind|p1b: Decidueye
|-sidestart|p1: thecoolestfridge|move: Tailwind
|
|-sideend|p1: thecoolestfridge|move: Light Screen
|upkeep
|turn|10
|
|t:|1785690361
|switch|p2a: Tyrantrum|Tyrantrum, L50, M|100/100
|move|p1b: Decidueye|Triple Arrows|p2a: Tyrantrum
|-supereffective|p2a: Tyrantrum|1
|-damage|p2a: Tyrantrum|32/100
|move|p2b: Rotom|Volt Switch|p1b: Decidueye
|-resisted|p1b: Decidueye|1
|-damage|p1b: Decidueye|89/100
|
|t:|1785690365
|switch|p2b: Arcanine|Arcanine, L50, F|22/100|[from] Volt Switch
|
|upkeep
|turn|11
|
|t:|1785690372
|move|p2a: Tyrantrum|Play Rough|p1b: Decidueye|[miss]
|-miss|p2a: Tyrantrum|p1b: Decidueye
|move|p1b: Decidueye|Triple Arrows|p2a: Tyrantrum
|-supereffective|p2a: Tyrantrum|1
|-damage|p2a: Tyrantrum|0 fnt
|faint|p2a: Tyrantrum
|move|p2b: Arcanine|Flare Blitz|p1b: Decidueye
|-supereffective|p1b: Decidueye|1
|-enditem|p1b: Decidueye|Occa Berry|[eat]
|-enditem|p1b: Decidueye|Occa Berry|[weaken]
|-damage|p1b: Decidueye|55/100
|-damage|p2b: Arcanine|11/100|[from] Recoil
|
|-sideend|p1: thecoolestfridge|Reflect
|upkeep
|c|☆Mr. Kessler|son
|
|t:|1785690379
|switch|p2a: Rotom|Rotom-Wash, L50|35/100
|turn|12
|
|t:|1785690390
|move|p2b: Arcanine|Protect|p2b: Arcanine
|-singleturn|p2b: Arcanine|Protect
|move|p1b: Decidueye|Triple Arrows|p2b: Arcanine
|-activate|p2b: Arcanine|move: Protect
|move|p2a: Rotom|Discharge|p1b: Decidueye|[spread] p1b
|-activate|p2b: Arcanine|move: Protect
|-resisted|p1b: Decidueye|1
|-damage|p1b: Decidueye|44/100
|
|-sideend|p1: thecoolestfridge|move: Tailwind
|upkeep
|turn|13
|
|t:|1785690403
|move|p2b: Arcanine|Flare Blitz|p1b: Decidueye
|-supereffective|p1b: Decidueye|1
|-damage|p1b: Decidueye|0 fnt
|faint|p1b: Decidueye
|-damage|p2b: Arcanine|0 fnt|[from] Recoil
|faint|p2b: Arcanine
|
|win|Mr. Kessler
||Mr. Kessler is ready for game 2.
||thecoolestfridge is ready for game 2.
|uhtml|next|Next: Game 2 of 3
