|j|â˜†SuperPokeVGC
|j|â˜†Xthaipe
|html|SuperPokeVGCXthaipe    
|uhtml|bestof|Game 2 of a best-of-3
|t:|1756313719
|gametype|doubles
|player|p1|SuperPokeVGC|ltsurge|1135
|player|p2|Xthaipe|266|1091
|gen|9
|tier|[Gen 9] VGC 2025 Reg H (Bo3)
|rated|
|rule|Species Clause: Limit one of each PokÃ©mon
|rule|Item Clause: Limit 1 of each item
|clearpoke
|poke|p1|Tyranitar, L50, M|
|poke|p1|Garchomp, L50, F|
|poke|p1|Gholdengo, L50|
|poke|p1|Sinistcha, L50|
|poke|p1|Yanmega, L50, F|
|poke|p1|Arcanine, L50, M|
|poke|p2|Tyranitar, L50, F|
|poke|p2|Hitmontop, L50, M|
|poke|p2|Tinkaton, L50, F|
|poke|p2|Gastrodon, L50, F|
|poke|p2|Excadrill, L50, M|
|poke|p2|Kilowattrel, L50, F|
|teampreview|4
|showteam|p1|Tyranitar||LifeOrb|SandStream|KnockOff,RockSlide,TeraBlast,Protect|||M|||50|,,,,,Flying]Garchomp||ClearAmulet|SandVeil|DragonClaw,StompingTantrum,Earthquake,Protect|||F|||50|,,,,,Fire]Gholdengo||Leftovers|GoodasGold|MakeItRain,ShadowBall,NastyPlot,Protect||||||50|,,,,,Water]Sinistcha||SitrusBerry|Hospitality|RagePowder,MatchaGotcha,TrickRoom,Protect||||||50|,,,,,Water]Yanmega||FocusSash|SpeedBoost|Tailwind,AirSlash,BugBuzz,Detect|||F|||50|,,,,,Ghost]Arcanine||MirrorHerb|Intimidate|ExtremeSpeed,FlareBlitz,WillOWisp,Protect|||M|||50|,,,,,Normal
|showteam|p2|Tyranitar||WeaknessPolicy|SandStream|Protect,RockSlide,Crunch,DragonDance|||F|||50|,,,,,Fire]Hitmontop||ClearAmulet|Intimidate|QuickGuard,FakeOut,CloseCombat,WideGuard|||M|||50|,,,,,Fighting]Tinkaton||AssaultVest|MoldBreaker|FakeOut,PlayRough,KnockOff,GigatonHammer|||F|||50|,,,,,Fairy]Gastrodon||RindoBerry|StormDrain|MuddyWater,ClearSmog,IcyWind,Yawn|||F|||50|,,,,,Poison]Excadrill||FocusSash|SandRush|Protect,RockSlide,HighHorsepower,IronHead|||M|||50|,,,,,Steel]Kilowattrel||SafetyGoggles|Competitive|Tailwind,WeatherBall,ElectroBall,AirSlash|||F|||50|,,,,,Electric
|inactive|Battle timer is ON: inactive players will automatically lose when time's up. (requested by SuperPokeVGC)
|
|t:|1756313747
|teamsize|p1|4
|teamsize|p2|4
|start
|switch|p1a: Yanmega|Yanmega, L50, F, shiny|100/100
|switch|p1b: Arcanine|Arcanine, L50, M|100/100
|switch|p2a: Kilowattrel|Kilowattrel, L50, F|100/100
|switch|p2b: Tinkaton|Tinkaton, L50, F|100/100
|-ability|p2b: Tinkaton|Mold Breaker
|-ability|p1b: Arcanine|Intimidate|boost
|-unboost|p2a: Kilowattrel|atk|1
|-ability|p2a: Kilowattrel|Competitive|boost
|-boost|p2a: Kilowattrel|spa|2
|-unboost|p2b: Tinkaton|atk|1
|-enditem|p1b: Arcanine|Mirror Herb
|-boost|p1b: Arcanine|spa|2|[from] item: Mirror Herb
|turn|1
|
|t:|1756313768
|move|p1a: Yanmega|Detect|p1a: Yanmega
|-singleturn|p1a: Yanmega|Protect
|move|p2b: Tinkaton|Fake Out|p1b: Arcanine
|-damage|p1b: Arcanine|91/100
|move|p2a: Kilowattrel|Tailwind|p2a: Kilowattrel
|-sidestart|p2: Xthaipe|move: Tailwind
|cant|p1b: Arcanine|flinch
|
|-ability|p1a: Yanmega|Speed Boost|boost
|-boost|p1a: Yanmega|spe|1
|upkeep
|turn|2
|inactive|SuperPokeVGC has 30 seconds left.
|inactive|SuperPokeVGC has 20 seconds left.
|
|t:|1756313803
|switch|p2b: Tyranitar|Tyranitar, L50, F|100/100
|-weather|Sandstorm|[from] ability: Sand Stream|[of] p2b: Tyranitar
|move|p2a: Kilowattrel|Weather Ball|p1a: Yanmega
|-supereffective|p1a: Yanmega
|-enditem|p1a: Yanmega|Focus Sash
|-damage|p1a: Yanmega|1/100
|move|p1a: Yanmega|Tailwind|p1a: Yanmega
|-sidestart|p1: SuperPokeVGC|move: Tailwind
|move|p1b: Arcanine|Flare Blitz|p2a: Kilowattrel
|-crit|p2a: Kilowattrel
|-damage|p2a: Kilowattrel|0 fnt
|faint|p2a: Kilowattrel
|-damage|p1b: Arcanine|63/100|[from] Recoil
|
|-weather|Sandstorm|[upkeep]
|-damage|p1a: Yanmega|0 fnt|[from] Sandstorm
|-damage|p1b: Arcanine|57/100|[from] Sandstorm
|faint|p1a: Yanmega
|upkeep
|
|t:|1756313825
|switch|p2a: Gastrodon|Gastrodon, L50, F|100/100
|switch|p1a: Garchomp|Garchomp, L50, F|100/100
|turn|3
|inactive|Xthaipe has 30 seconds left.
|
|t:|1756313856
|switch|p1b: Sinistcha|Sinistcha, L50|100/100
|move|p1a: Garchomp|Protect|p1a: Garchomp
|-singleturn|p1a: Garchomp|Protect
|move|p2b: Tyranitar|Protect|p2b: Tyranitar
|-singleturn|p2b: Tyranitar|Protect
|move|p2a: Gastrodon|Muddy Water|p1a: Garchomp|[spread] p1b
|-activate|p1a: Garchomp|move: Protect
|-resisted|p1b: Sinistcha
|-damage|p1b: Sinistcha|86/100
|-unboost|p1b: Sinistcha|accuracy|1
|
|-weather|Sandstorm|[upkeep]
|-damage|p1b: Sinistcha|80/100|[from] Sandstorm
|upkeep
|turn|4
|
|t:|1756313877
|-terastallize|p1a: Garchomp|Fire
|-terastallize|p2a: Gastrodon|Poison
|move|p1a: Garchomp|Stomping Tantrum|p2b: Tyranitar
|-supereffective|p2b: Tyranitar
|-damage|p2b: Tyranitar|31/100
|-enditem|p2b: Tyranitar|Weakness Policy
|-boost|p2b: Tyranitar|atk|2|[from] item: Weakness Policy
|-boost|p2b: Tyranitar|spa|2|[from] item: Weakness Policy
|move|p2b: Tyranitar|Rock Slide|p1b: Sinistcha|[spread] p1b
|-miss|p2b: Tyranitar|p1a: Garchomp
|-damage|p1b: Sinistcha|24/100
|-enditem|p1b: Sinistcha|Sitrus Berry|[eat]
|-heal|p1b: Sinistcha|49/100|[from] item: Sitrus Berry
|cant|p1b: Sinistcha|flinch
|move|p2a: Gastrodon|Icy Wind|p1b: Sinistcha|[spread] p1b
|-miss|p2a: Gastrodon|p1a: Garchomp
|-supereffective|p1b: Sinistcha
|-damage|p1b: Sinistcha|27/100
|-unboost|p1b: Sinistcha|spe|1
|
|-weather|Sandstorm|[upkeep]
|-damage|p1b: Sinistcha|21/100|[from] Sandstorm
|-damage|p2a: Gastrodon|95/100|[from] Sandstorm
|-sideend|p2: Xthaipe|move: Tailwind
|upkeep
|turn|5
|inactive|SuperPokeVGC has 30 seconds left.
|inactive|Xthaipe has 30 seconds left.
|inactive|SuperPokeVGC has 20 seconds left.
|inactive|SuperPokeVGC has 15 seconds left.
|
|t:|1756313919
|move|p1b: Sinistcha|Protect|p1b: Sinistcha
|-singleturn|p1b: Sinistcha|Protect
|move|p2b: Tyranitar|Protect|p2b: Tyranitar
|-singleturn|p2b: Tyranitar|Protect
|move|p1a: Garchomp|Earthquake|p2a: Gastrodon|[spread] p2a
|-activate|p1b: Sinistcha|move: Protect
|-activate|p2b: Tyranitar|move: Protect
|-supereffective|p2a: Gastrodon
|-damage|p2a: Gastrodon|6/100
|move|p2a: Gastrodon|Muddy Water|p1b: Sinistcha|[spread] p1a
|-activate|p1b: Sinistcha|move: Protect
|-supereffective|p1a: Garchomp
|-crit|p1a: Garchomp
|-damage|p1a: Garchomp|0 fnt
|faint|p1a: Garchomp
|
|-weather|Sandstorm|[upkeep]
|-damage|p1b: Sinistcha|15/100|[from] Sandstorm
|-damage|p2a: Gastrodon|0 fnt|[from] Sandstorm
|faint|p2a: Gastrodon
|-sideend|p1: SuperPokeVGC|move: Tailwind
|upkeep
|c|â˜†Xthaipe|Bright powder Chomp? Lol ive done it too.
|inactive|Xthaipe has 30 seconds left.
|c|â˜†SuperPokeVGC|nah just sand veil
|
|t:|1756313945
|switch|p1a: Arcanine|Arcanine, L50, M|57/100
|switch|p2a: Tinkaton|Tinkaton, L50, F|100/100
|-ability|p2a: Tinkaton|Mold Breaker
|-ability|p1a: Arcanine|Intimidate|boost
|-unboost|p2a: Tinkaton|atk|1
|-unboost|p2b: Tyranitar|atk|1
|turn|6
|
|t:|1756313959
|move|p1a: Arcanine|Protect|p1a: Arcanine
|-singleturn|p1a: Arcanine|Protect
|move|p2a: Tinkaton|Fake Out|p1a: Arcanine
|-activate|p1a: Arcanine|move: Protect
|move|p2b: Tyranitar|Rock Slide|p1a: Arcanine|[spread] p1b
|-activate|p1a: Arcanine|move: Protect
|-damage|p1b: Sinistcha|0 fnt
|faint|p1b: Sinistcha
|
|-weather|none
|upkeep
|turn|7
|
|t:|1756313980
|move|p2a: Tinkaton|Play Rough|p1a: Arcanine
|-resisted|p1a: Arcanine
|-damage|p1a: Arcanine|43/100
|move|p1a: Arcanine|Will-O-Wisp|p2b: Tyranitar
|-status|p2b: Tyranitar|brn
|move|p2b: Tyranitar|Rock Slide|p1a: Arcanine
|-supereffective|p1a: Arcanine
|-damage|p1a: Arcanine|0 fnt
|faint|p1a: Arcanine
|
|win|Xthaipe
||SuperPokeVGC is ready for game 3.
|inactive|Xthaipe has 30 seconds to confirm battle start!
||Xthaipe is ready for game 3.
|uhtml|next|Next: Game 3 of 3
|l|â˜†Xthaipe
|player|p2|
