|j|☆int shadowbtl
|j|☆INT JAGUARR
|html|int shadowbtlINT JAGUARR    
|uhtml|bestof|Game 1 of a best-of-3
|t:|1784505267
|gametype|doubles
|player|p1|int shadowbtl|266|
|player|p2|INT JAGUARR|ethan|
|gen|9
|tier|[Gen 9 Champions] VGC 2026 Reg M-B (Bo3)
|rule|Species Clause: Limit one of each Pokémon
|rule|Item Clause: Limit 1 of each item
|clearpoke
|poke|p1|Blaziken, L50, F|
|poke|p1|Aerodactyl, L50, M|
|poke|p1|Kingambit, L50, F|
|poke|p1|Basculegion, L50, M|
|poke|p1|Sylveon, L50, F|
|poke|p1|Torkoal, L50, F|
|poke|p2|Gardevoir, L50, F, shiny|
|poke|p2|Maushold, L50, shiny|
|poke|p2|Kingambit, L50, F, shiny|
|poke|p2|Talonflame, L50, F|
|poke|p2|Basculegion, L50, M|
|poke|p2|Kommo-o, L50, F|
|teampreview|4
|showteam|p1|Blaziken||Blazikenite|SpeedBoost|FlareBlitz,CloseCombat,Protect,RockSlide|Adamant||F|||50|]Aerodactyl||Aerodactylite|Unnerve|RockSlide,DualWingbeat,IceFang,Tailwind|Jolly||M|||50|]Kingambit||LifeOrb|Defiant|KowtowCleave,Protect,IronHead,SuckerPunch|Adamant||F|||50|]Basculegion||FocusSash|Adaptability|Liquidation,Protect,LastRespects,AquaJet|Adamant||M|||50|]Sylveon||FairyFeather|Pixilate|HyperVoice,Moonblast,QuickAttack,Protect|Modest||F|||50|]Torkoal||Leftovers|Drought|BurningJealousy,WeatherBall,Protect,Yawn|Relaxed||F|||50|
|showteam|p2|Gardevoir||Gardevoirite|Trace|HyperVoice,Protect,VacuumWave,Psyshock|Modest||F|||50|]Maushold||FocusSash|FriendGuard|FollowMe,Protect,Taunt,SuperFang|Timid|||||50|]Kingambit||BlackGlasses|Defiant|KowtowCleave,Protect,LowKick,SuckerPunch|Adamant||F|||50|]Talonflame||SharpBeak|GaleWings|BraveBird,Protect,Tailwind,QuickGuard|Adamant||F|||50|]Basculegion||ChoiceScarf|Adaptability|WaveCrash,FlipTurn,AquaJet,LastRespects|Jolly||M|||50|]Kommo-o||LifeOrb|Soundproof|ClangingScales,AuraSphere,DracoMeteor,Protect|Modest||F|||50|
|inactive|Battle timer is ON: inactive players will automatically lose when time's up. (requested by INT JAGUARR)
|inactive|int shadowbtl has 60 seconds left.
|inactive|INT JAGUARR has 60 seconds left.
|
|t:|1784505307
|teamsize|p1|4
|teamsize|p2|4
|start
|switch|p1a: Aerodactyl|Aerodactyl, L50, M|100/100
|switch|p1b: Blaziken|Blaziken, L50, F|100/100
|switch|p2a: Gardevoir|Gardevoir, L50, F, shiny|100/100
|switch|p2b: Maushold|Maushold, L50, shiny|100/100
|-ability|p1a: Aerodactyl|Unnerve
|-ability|p2a: Gardevoir|Unnerve|Trace|[from] ability: Trace|[of] p1a: Aerodactyl
|-ability|p2a: Gardevoir|Unnerve
|turn|1
|inactive|int shadowbtl has 30 seconds left.
|inactive|INT JAGUARR has 30 seconds left.
|inactive|INT JAGUARR has 20 seconds left.
|inactive|INT JAGUARR has 15 seconds left.
|
|t:|1784505349
|detailschange|p1a: Aerodactyl|Aerodactyl-Mega, L50, M
|-mega|p1a: Aerodactyl|Aerodactyl|Aerodactylite
|detailschange|p2a: Gardevoir|Gardevoir-Mega, L50, F, shiny
|-mega|p2a: Gardevoir|Gardevoir|Gardevoirite
|move|p1a: Aerodactyl|Rock Slide|p2b: Maushold|[spread] p2b
|-miss|p1a: Aerodactyl|p2a: Gardevoir
|-damage|p2b: Maushold|60/100
|cant|p2b: Maushold|flinch
|move|p2a: Gardevoir|Hyper Voice|p1b: Blaziken|[spread] p1a,p1b
|-damage|p1a: Aerodactyl|46/100
|-damage|p1b: Blaziken|10/100
|move|p1b: Blaziken|Rock Slide|p2a: Gardevoir|[spread] p2a,p2b
|-damage|p2a: Gardevoir|74/100
|-damage|p2b: Maushold|28/100
|
|-ability|p1b: Blaziken|Speed Boost|boost
|-boost|p1b: Blaziken|spe|1
|upkeep
|turn|2
|inactive|int shadowbtl has 30 seconds left.
|inactive|INT JAGUARR has 30 seconds left.
|
|t:|1784505382
|move|p2b: Maushold|Protect|p2b: Maushold
|-singleturn|p2b: Maushold|Protect
|move|p1a: Aerodactyl|Dual Wingbeat|p2a: Gardevoir
|-damage|p2a: Gardevoir|41/100
|-damage|p2a: Gardevoir|9/100
|-hitcount|p2a: Gardevoir|2
|move|p1b: Blaziken|Close Combat|p2b: Maushold
|-activate|p2b: Maushold|move: Protect
|move|p2a: Gardevoir|Hyper Voice|p1b: Blaziken|[spread] p1a,p1b
|-damage|p1a: Aerodactyl|0 fnt
|-damage|p1b: Blaziken|0 fnt
|faint|p1a: Aerodactyl
|faint|p1b: Blaziken
|
|upkeep
|
|t:|1784505396
|switch|p1a: Sylveon|Sylveon, L50, F|100/100
|switch|p1b: Basculegion|Basculegion, L50, M|100/100
|turn|3
|
|t:|1784505405
|move|p1b: Basculegion|Protect|p1b: Basculegion
|-singleturn|p1b: Basculegion|Protect
|move|p2b: Maushold|Follow Me|p2b: Maushold
|-singleturn|p2b: Maushold|move: Follow Me
|move|p2a: Gardevoir|Hyper Voice|p1a: Sylveon|[spread] p1a
|-activate|p1b: Basculegion|move: Protect
|-damage|p1a: Sylveon|56/100
|move|p1a: Sylveon|Hyper Voice|p2b: Maushold|[spread] p2a,p2b
|-damage|p2a: Gardevoir|0 fnt
|-damage|p2b: Maushold|0 fnt
|faint|p2a: Gardevoir
|faint|p2b: Maushold
|
|upkeep
|
|t:|1784505417
|switch|p2b: Talonflame|Talonflame, L50, F|100/100
|switch|p2a: Basculegion|Basculegion, L50, M|100/100
|turn|4
|
|t:|1784505435
|move|p2b: Talonflame|Brave Bird|p1b: Basculegion
|-damage|p1b: Basculegion|30/100
|-damage|p2b: Talonflame|75/100|[from] Recoil
|move|p1b: Basculegion|Aqua Jet|p2b: Talonflame
|-supereffective|p2b: Talonflame|1
|-damage|p2b: Talonflame|2/100
|move|p2a: Basculegion|Last Respects|p1b: Basculegion
|-supereffective|p1b: Basculegion|1
|-damage|p1b: Basculegion|0 fnt
|faint|p1b: Basculegion
|move|p1a: Sylveon|Moonblast|p2a: Basculegion
|-damage|p2a: Basculegion|30/100
|
|upkeep
|turn|5
|
|t:|1784505451
|move|p2b: Talonflame|Quick Guard|p2b: Talonflame
|-singleturn|p2b: Talonflame|Quick Guard
|move|p2a: Basculegion|Last Respects|p1a: Sylveon
|-damage|p1a: Sylveon|0 fnt
|faint|p1a: Sylveon
|
|win|INT JAGUARR
||int shadowbtl is ready for game 2.
||INT JAGUARR is ready for game 2.
|uhtml|next|Next: Game 2 of 3
|l|☆INT JAGUARR
|player|p2|
