|j|☆exposniffer
|j|☆teddy2gloves
|html|exposnifferteddy2gloves    
|uhtml|bestof|Game 1 of a best-of-3
|t:|1757129478
|gametype|doubles
|player|p1|exposniffer|blue|1196
|player|p2|teddy2gloves|2|1082
|gen|9
|tier|[Gen 9] VGC 2025 Reg H (Bo3)
|rated|
|rule|Species Clause: Limit one of each Pokémon
|rule|Item Clause: Limit 1 of each item
|clearpoke
|poke|p1|Gholdengo, L50|
|poke|p1|Dragonite, L50, M|
|poke|p1|Ursaluna-Bloodmoon, L50, M|
|poke|p1|Ninetales-Alola, L50, F|
|poke|p1|Annihilape, L50, M|
|poke|p1|Incineroar, L50, M|
|poke|p2|Ninetales-Alola, L50, M|
|poke|p2|Sneasler, L50, M|
|poke|p2|Incineroar, L50, F|
|poke|p2|Gholdengo, L50|
|poke|p2|Amoonguss, L50, M|
|poke|p2|Ursaluna-Bloodmoon, L50, M|
|teampreview|4
|showteam|p1|Gholdengo||MetalCoat|GoodasGold|MakeItRain,ShadowBall,NastyPlot,Protect||||||50|,,,,,Water]Dragonite||LoadedDice|Multiscale|ScaleShot,ExtremeSpeed,Haze,Protect|||M|||50|,,,,,Steel]Ursaluna-Bloodmoon||AssaultVest|MindsEye|BloodMoon,HyperVoice,EarthPower,VacuumWave|||M|||50|,,,,,Water]Ninetales-Alola||FocusSash|SnowWarning|Blizzard,IcyWind,AuroraVeil,IcicleSpear|||F|||50|,,,,,Ghost]Annihilape||SafetyGoggles|Defiant|CloseCombat,RageFist,Coaching,Taunt|||M|||50|,,,,,Fire]Incineroar||RockyHelmet|Intimidate|KnockOff,FlareBlitz,PartingShot,FakeOut|||M|||50|,,,,,Ghost
|showteam|p2|Ninetales-Alola||FocusSash|SnowWarning|IcyWind,AuroraVeil,Encore,Blizzard|||M|||50|,,,,,Ghost]Sneasler||WhiteHerb|Unburden|CloseCombat,DireClaw,Protect,Coaching|||M|||50|,,,,,Dark]Incineroar||SafetyGoggles|Intimidate|FlareBlitz,KnockOff,PartingShot,FakeOut|||F|||50|,,,,,Fairy]Gholdengo||Leftovers|GoodasGold|NastyPlot,MakeItRain,ShadowBall,Protect||||||50|,,,,,Water]Amoonguss||RockyHelmet|Regenerator|ClearSmog,Spore,RagePowder,PollenPuff|||M|||50|,,,,,Water]Ursaluna-Bloodmoon||AssaultVest|MindsEye|Moonblast,HyperVoice,BloodMoon,EarthPower|||M|||50|,,,,,Normal
|inactive|Battle timer is ON: inactive players will automatically lose when time's up. (requested by exposniffer)
|inactive|exposniffer has 60 seconds left.
|inactive|exposniffer has 30 seconds left.
|inactive|exposniffer has 20 seconds left.
|inactive|exposniffer has 15 seconds left.
|
|t:|1757129592
|teamsize|p1|4
|teamsize|p2|4
|start
|switch|p1a: Leon|Annihilape, L50, M|100/100
|switch|p1b: Loui|Ninetales-Alola, L50, F|100/100
|switch|p2a: Incineroar|Incineroar, L50, F|100/100
|switch|p2b: Gholdengo|Gholdengo, L50|100/100
|-weather|Snowscape|[from] ability: Snow Warning|[of] p1b: Loui
|-ability|p2a: Incineroar|Intimidate|boost
|-unboost|p1a: Leon|atk|1
|-ability|p1a: Leon|Defiant|boost
|-boost|p1a: Leon|atk|2
|-unboost|p1b: Loui|atk|1
|turn|1
|inactive|exposniffer has 30 seconds left.
|inactive|exposniffer has 20 seconds left.
|inactive|exposniffer has 15 seconds left.
|inactive|exposniffer has 10 seconds left.
|inactive|exposniffer has 5 seconds left.
|
|t:|1757129643
|-terastallize|p1a: Leon|Fire
|-terastallize|p2b: Gholdengo|Water
|move|p1b: Loui|Icy Wind|p2a: Incineroar|[spread] p2a,p2b
|-resisted|p2a: Incineroar
|-resisted|p2b: Gholdengo
|-crit|p2b: Gholdengo
|-damage|p2a: Incineroar|96/100
|-damage|p2b: Gholdengo|89/100
|-unboost|p2a: Incineroar|spe|1
|-unboost|p2b: Gholdengo|spe|1
|move|p1a: Leon|Rage Fist|p2b: Gholdengo
|-damage|p2b: Gholdengo|55/100
|move|p2b: Gholdengo|Shadow Ball|p1a: Leon
|-damage|p1a: Leon|53/100
|move|p2a: Incineroar|Knock Off|p1a: Leon
|-damage|p1a: Leon|12/100
|-enditem|p1a: Leon|Safety Goggles|[from] move: Knock Off|[of] p2a: Incineroar
|
|-weather|Snowscape|[upkeep]
|-heal|p2b: Gholdengo|61/100|[from] item: Leftovers
|upkeep
|turn|2
|
|t:|1757129655
|switch|p1b: Teddy|Incineroar, L50, M|100/100
|-ability|p1b: Teddy|Intimidate|boost
|-unboost|p2a: Incineroar|atk|1
|-unboost|p2b: Gholdengo|atk|1
|move|p2b: Gholdengo|Protect|p2b: Gholdengo
|-singleturn|p2b: Gholdengo|Protect
|move|p1a: Leon|Close Combat|p2a: Incineroar
|-supereffective|p2a: Incineroar
|-damage|p2a: Incineroar|0 fnt
|-unboost|p1a: Leon|def|1
|-unboost|p1a: Leon|spd|1
|faint|p2a: Incineroar
|
|-weather|Snowscape|[upkeep]
|-heal|p2b: Gholdengo|67/100|[from] item: Leftovers
|upkeep
|
|t:|1757129664
|switch|p2a: Sneasler|Sneasler, L50, M|100/100
|turn|3
|
|t:|1757129686
|switch|p2b: Amoonguss|Amoonguss, L50, M|100/100
|move|p2a: Sneasler|Protect|p2a: Sneasler
|-singleturn|p2a: Sneasler|Protect
|move|p1b: Teddy|Fake Out|p2a: Sneasler
|-activate|p2a: Sneasler|move: Protect
|move|p1a: Leon|Rage Fist|p2b: Amoonguss
|-damage|p2b: Amoonguss|20/100
|-damage|p1a: Leon|0 fnt|[from] item: Rocky Helmet|[of] p2b: Amoonguss
|faint|p1a: Leon
|
|-weather|Snowscape|[upkeep]
|upkeep
|
|t:|1757129698
|switch|p1a: Loui|Ninetales-Alola, L50, F|100/100
|turn|4
|
|t:|1757129713
|switch|p2b: Gholdengo|Gholdengo, L50, tera:Water|67/100
|move|p2a: Sneasler|Close Combat|p1b: Teddy
|-supereffective|p1b: Teddy
|-damage|p1b: Teddy|0 fnt
|-unboost|p2a: Sneasler|def|1
|-unboost|p2a: Sneasler|spd|1
|-damage|p2a: Sneasler|84/100|[from] item: Rocky Helmet|[of] p1b: Teddy
|faint|p1b: Teddy
|-enditem|p2a: Sneasler|White Herb
|-clearnegativeboost|p2a: Sneasler|[silent]
|move|p1a: Loui|Blizzard|p2a: Sneasler|[spread] p2a,p2b
|-resisted|p2b: Gholdengo
|-damage|p2a: Sneasler|42/100
|-damage|p2b: Gholdengo|51/100
|
|-weather|Snowscape|[upkeep]
|-heal|p2b: Gholdengo|57/100|[from] item: Leftovers
|upkeep
|
|t:|1757129727
|switch|p1b: Franklin|Dragonite, L50, M|100/100
|turn|5
|
|t:|1757129751
|move|p2a: Sneasler|Dire Claw|p1a: Loui
|-supereffective|p1a: Loui
|-damage|p1a: Loui|19/100
|-status|p1a: Loui|slp
|cant|p1a: Loui|slp
|move|p1b: Franklin|Scale Shot|p2b: Gholdengo|[miss]
|-miss|p1b: Franklin|p2b: Gholdengo
|move|p2b: Gholdengo|Make It Rain|p1a: Loui|[spread] p1a,p1b
|-supereffective|p1a: Loui
|-damage|p1a: Loui|0 fnt
|-damage|p1b: Franklin|76/100
|-unboost|p2b: Gholdengo|spa|1
|faint|p1a: Loui
|
|-weather|none
|-heal|p2b: Gholdengo|63/100|[from] item: Leftovers
|upkeep
|turn|6
|c|☆exposniffer|oof
|-message|exposniffer forfeited.
|
|win|teddy2gloves
||exposniffer is ready for game 2.
||teddy2gloves is ready for game 2.
|uhtml|next|Next: Game 2 of 3
|l|☆teddy2gloves
|player|p2|
