|j|☆iaintwolfey
|j|☆pepelniciq2
|html|iaintwolfeypepelniciq2    
|uhtml|bestof|Game 3 of a best-of-3
|t:|1782533025
|gametype|doubles
|player|p1|iaintwolfey|1|1049
|player|p2|pepelniciq2|miku-ghost|1132
|gen|9
|tier|[Gen 9 Champions] VGC 2026 Reg M-B (Bo3)
|rated|
|rule|Species Clause: Limit one of each Pokémon
|rule|Item Clause: Limit 1 of each item
|clearpoke
|poke|p1|Tyranitar, L50, M|
|poke|p1|Talonflame, L50, M|
|poke|p1|Sneasler, L50, M|
|poke|p1|Sinistcha, L50|
|poke|p1|Steelix, L50, M|
|poke|p1|Rotom-Wash, L50|
|poke|p2|Aerodactyl, L50, F|
|poke|p2|Mawile, L50, M|
|poke|p2|Farigiraf, L50, M|
|poke|p2|Vileplume, L50, M|
|poke|p2|Torkoal, L50, M|
|poke|p2|Staraptor, L50, M|
|teampreview|4
|showteam|p1|Tyranitar||Tyranitarite|SandStream|KnockOff,RockSlide,Protect,DragonDance|Adamant||M|||50|]Talonflame||LifeOrb|GaleWings|FeatherDance,BraveBird,FlareBlitz,Protect|Adamant||M|||50|]Sneasler||WhiteHerb|Unburden|FakeOut,CloseCombat,DireClaw,Protect|Adamant||M|||50|]Sinistcha||Leftovers|Hospitality|RagePowder,Protect,TrickRoom,MatchaGotcha|Bold|||||50|]Steelix||Steelixite|SheerForce|HeavySlam,HighHorsepower,Protect,WideGuard|Impish||M|||50|]Rotom-Wash||ZoomLens|Levitate|WillOWisp,HydroPump,LightScreen,Thunderbolt|Modest|||||50|
|showteam|p2|Aerodactyl||Aerodactylite|Unnerve|RockSlide,DualWingbeat,SunnyDay,Protect|Jolly||F|||50|]Mawile||Mawilite|Intimidate|PlayRough,IronHead,SuckerPunch,Protect|Brave||M|||50|]Farigiraf||SitrusBerry|ArmorTail|Psychic,Thunderbolt,TrickRoom,HelpingHand|Relaxed||M|||50|]Vileplume||FocusSash|Chlorophyll|SolarBeam,SludgeBomb,SleepPowder,AfterYou|Timid||M|||50|]Torkoal||Charcoal|Drought|Eruption,EarthPower,WeatherBall,Protect|Quiet||M|||50|]Staraptor||ChoiceScarf|Intimidate|FinalGambit,BraveBird,SunnyDay,Uturn|Jolly||M|||50|
|inactive|Battle timer is ON: inactive players will automatically lose when time's up. (requested by iaintwolfey)
|
|t:|1782533054
|teamsize|p1|4
|teamsize|p2|4
|start
|switch|p1a: Sneasler|Sneasler, L50, M|100/100
|switch|p1b: Tyranitar|Tyranitar, L50, M|100/100
|switch|p2a: Farigiraf|Farigiraf, L50, M|100/100
|switch|p2b: Staraptor|Staraptor, L50, M|100/100
|-ability|p2b: Staraptor|Intimidate|boost
|-unboost|p1a: Sneasler|atk|1
|-unboost|p1b: Tyranitar|atk|1
|-weather|Sandstorm|[from] ability: Sand Stream|[of] p1b: Tyranitar
|-enditem|p1a: Sneasler|White Herb
|-clearnegativeboost|p1a: Sneasler|[silent]
|turn|1
|
|t:|1782533072
|move|p1b: Tyranitar|Protect|p1b: Tyranitar
|-singleturn|p1b: Tyranitar|Protect
|move|p1a: Sneasler|Close Combat|p2a: Farigiraf
|-damage|p2a: Farigiraf|49/100
|-unboost|p1a: Sneasler|def|1
|-unboost|p1a: Sneasler|spd|1
|-enditem|p2a: Farigiraf|Sitrus Berry|[eat]
|-heal|p2a: Farigiraf|74/100|[from] item: Sitrus Berry
|move|p2b: Staraptor|Final Gambit|p1b: Tyranitar
|-activate|p1b: Tyranitar|move: Protect
|move|p2a: Farigiraf|Trick Room|p2a: Farigiraf
|-fieldstart|move: Trick Room|[of] p2a: Farigiraf
|
|-weather|Sandstorm|[upkeep]
|-damage|p2a: Farigiraf|68/100|[from] Sandstorm
|-damage|p2b: Staraptor|93/100|[from] Sandstorm
|-damage|p1a: Sneasler|94/100|[from] Sandstorm
|upkeep
|turn|2
|inactive|iaintwolfey has 30 seconds left.
|inactive|iaintwolfey has 20 seconds left.
|
|t:|1782533109
|switch|p1b: Sinistcha|Sinistcha, L50|100/100
|-heal|p1a: Sneasler|100/100|[from] ability: Hospitality|[of] p1b: Sinistcha
|move|p2a: Farigiraf|Psychic|p1a: Sneasler
|-supereffective|p1a: Sneasler|2
|-damage|p1a: Sneasler|0 fnt
|faint|p1a: Sneasler
|move|p2b: Staraptor|Final Gambit|p1b: Sinistcha
|-immune|p1b: Sinistcha
|
|-weather|Sandstorm|[upkeep]
|-damage|p2a: Farigiraf|62/100|[from] Sandstorm
|-damage|p1b: Sinistcha|94/100|[from] Sandstorm
|-damage|p2b: Staraptor|87/100|[from] Sandstorm
|-heal|p1b: Sinistcha|100/100|[from] item: Leftovers
|upkeep
|
|t:|1782533118
|switch|p1a: Tyranitar|Tyranitar, L50, M|100/100
|turn|3
|
|t:|1782533135
|switch|p2b: Mawile|Mawile, L50, M|100/100
|-ability|p2b: Mawile|Intimidate|boost
|-unboost|p1a: Tyranitar|atk|1
|-unboost|p1b: Sinistcha|atk|1
|detailschange|p1a: Tyranitar|Tyranitar-Mega, L50, M
|-mega|p1a: Tyranitar|Tyranitar|Tyranitarite
|move|p2a: Farigiraf|Psychic|p1b: Sinistcha
|-damage|p1b: Sinistcha|61/100
|-unboost|p1b: Sinistcha|spd|1
|move|p1b: Sinistcha|Matcha Gotcha|p2a: Farigiraf|[spread] p2a,p2b
|-resisted|p2b: Mawile|1
|-damage|p2a: Farigiraf|37/100
|-heal|p1b: Sinistcha|78/100|[from] drain|[of] p2a: Farigiraf
|-damage|p2b: Mawile|77/100
|-heal|p1b: Sinistcha|89/100|[from] drain|[of] p2b: Mawile
|move|p1a: Tyranitar|Rock Slide|p2a: Farigiraf|[spread] p2a,p2b
|-crit|p2a: Farigiraf
|-resisted|p2b: Mawile|1
|-damage|p2a: Farigiraf|0 fnt
|-damage|p2b: Mawile|62/100
|faint|p2a: Farigiraf
|
|-weather|Sandstorm|[upkeep]
|-damage|p1b: Sinistcha|83/100|[from] Sandstorm
|-heal|p1b: Sinistcha|89/100|[from] item: Leftovers
|upkeep
|
|t:|1782533140
|switch|p2a: Torkoal|Torkoal, L50, M|100/100
|-weather|SunnyDay|[from] ability: Drought|[of] p2a: Torkoal
|turn|4
|
|t:|1782533157
|detailschange|p2b: Mawile|Mawile-Mega, L50, M
|-mega|p2b: Mawile|Mawile|Mawilite
|move|p2a: Torkoal|Eruption|p1a: Tyranitar|[spread] p1a,p1b
|-resisted|p1a: Tyranitar|1
|-supereffective|p1b: Sinistcha|1
|-damage|p1a: Tyranitar|66/100
|-damage|p1b: Sinistcha|0 fnt
|faint|p1b: Sinistcha
|move|p2b: Mawile|Play Rough|p1a: Tyranitar
|-supereffective|p1a: Tyranitar|1
|-damage|p1a: Tyranitar|0 fnt
|faint|p1a: Tyranitar
|
|-weather|SunnyDay|[upkeep]
|upkeep
|
|t:|1782533163
|switch|p1b: Steelix|Steelix, L50, M|100/100
|turn|5
|
|t:|1782533179
|switch|p2a: Staraptor|Staraptor, L50, M|87/100
|-ability|p2a: Staraptor|Intimidate|boost
|-unboost|p1b: Steelix|atk|1
|move|p2b: Mawile|Sucker Punch|p1b: Steelix
|-damage|p1b: Steelix|78/100
|move|p1b: Steelix|High Horsepower|p2a: Staraptor
|-immune|p2a: Staraptor
|
|-weather|SunnyDay|[upkeep]
|-fieldend|move: Trick Room
|upkeep
|turn|6
|inactive|iaintwolfey has 30 seconds left.
|inactive|iaintwolfey has 20 seconds left.
|
|t:|1782533218
|move|p2b: Mawile|Sucker Punch|p1b: Steelix
|-damage|p1b: Steelix|55/100
|move|p2a: Staraptor|Final Gambit|p1b: Steelix
|-damage|p1b: Steelix|0 fnt
|faint|p2a: Staraptor
|faint|p1b: Steelix
|
|win|pepelniciq2
|raw|iaintwolfey's rating: 1049 → 1036(-13 for losing)
|raw|pepelniciq2's rating: 1132 → 1151(+19 for winning)
