|j|☆epicfailtesting
|j|☆Villbs37
|html|epicfailtestingVillbs37    
|uhtml|bestof|Game 2 of a best-of-3
|t:|1757645871
|gametype|doubles
|player|p1|epicfailtesting|169|
|player|p2|Villbs37|102|
|gen|9
|tier|[Gen 9] VGC 2025 Reg H (Bo3)
|rule|Species Clause: Limit one of each Pokémon
|rule|Item Clause: Limit 1 of each item
|clearpoke
|poke|p1|Annihilape, L50, F|
|poke|p1|Sinistcha, L50|
|poke|p1|Maushold-Four, L50|
|poke|p1|Klefki, L50, M|
|poke|p1|Ursaluna-Bloodmoon, L50, M|
|poke|p1|Ninetales-Alola, L50, F|
|poke|p2|Gholdengo, L50|
|poke|p2|Incineroar, L50, M|
|poke|p2|Dragapult, L50, F|
|poke|p2|Sneasler, L50, F|
|poke|p2|Primarina, L50, F|
|poke|p2|Amoonguss, L50, M|
|teampreview|4
|showteam|p1|Annihilape||Leftovers|Defiant|Protect,BulkUp,DrainPunch,RageFist|||F|||50|,,,,,Fire]Sinistcha||SitrusBerry|Hospitality|MatchaGotcha,TrickRoom,LifeDew,RagePowder||||||50|,,,,,Water]Maushold-Four||SafetyGoggles|FriendGuard|FollowMe,Taunt,BeatUp,Protect||||||50|,,,,,Ghost]Klefki||LightClay|Prankster|Reflect,LightScreen,MistyTerrain,DazzlingGleam|||M|||50|,,,,,Ghost]Ursaluna-Bloodmoon||AssaultVest|MindsEye|BloodMoon,HyperVoice,EarthPower,VacuumWave|||M|||50|,,,,,Water]Ninetales-Alola||FocusSash|SnowWarning|Protect,Encore,FreezeDry,Blizzard|||F|||50|,,,,,Ghost
|showteam|p2|Gholdengo||LifeOrb|GoodasGold|MakeItRain,NastyPlot,ShadowBall,Protect||||||50|,,,,,Water]Incineroar||SafetyGoggles|Intimidate|FakeOut,FlareBlitz,KnockOff,PartingShot|||M|||50|,,,,,Fairy]Dragapult||ChoiceBand|ClearBody|DragonDarts,PhantomForce,WillOWisp,PsychicFangs|||F|||50|,,,,,Ghost]Sneasler||FocusSash|Unburden|ThroatChop,DireClaw,FakeOut,CloseCombat|||F|||50|,,,,,Ghost]Primarina||CovertCloak|LiquidVoice|CalmMind,Moonblast,Haze,HyperVoice|||F|||50|,,,,,Poison]Amoonguss||RockyHelmet|Regenerator|PollenPuff,Protect,RagePowder,Spore|||M|||50|,,,,,Water
|inactive|Battle timer is ON: inactive players will automatically lose when time's up. (requested by epicfailtesting)
|
|t:|1757645907
|teamsize|p1|4
|teamsize|p2|4
|start
|switch|p1a: Ursaluna|Ursaluna-Bloodmoon, L50, M|100/100
|switch|p1b: Klefki|Klefki, L50, M|100/100
|switch|p2a: Primarina|Primarina, L50, F|100/100
|switch|p2b: Amoonguss|Amoonguss, L50, M|100/100
|turn|1
|
|t:|1757645929
|-terastallize|p1a: Ursaluna|Water
|move|p2b: Amoonguss|Protect|p2b: Amoonguss
|-singleturn|p2b: Amoonguss|Protect
|move|p1b: Klefki|Misty Terrain|p1b: Klefki
|-fieldstart|move: Misty Terrain
|move|p2a: Primarina|Calm Mind|p2a: Primarina
|-boost|p2a: Primarina|spa|1
|-boost|p2a: Primarina|spd|1
|move|p1a: Ursaluna|Blood Moon|p2a: Primarina
|-damage|p2a: Primarina|56/100
|
|upkeep
|turn|2
|inactive|Villbs37 has 30 seconds left.
|
|t:|1757645955
|move|p1b: Klefki|Light Screen|p1b: Klefki
|-sidestart|p1: epicfailtesting|move: Light Screen
|move|p2a: Primarina|Calm Mind|p2a: Primarina
|-boost|p2a: Primarina|spa|1
|-boost|p2a: Primarina|spd|1
|move|p1a: Ursaluna|Hyper Voice|p2b: Amoonguss|[spread] p2a,p2b
|-damage|p2a: Primarina|38/100
|-damage|p2b: Amoonguss|72/100
|move|p2b: Amoonguss|Pollen Puff|p2a: Primarina
|-heal|p2a: Primarina|88/100
|
|upkeep
|turn|3
|inactive|Villbs37 has 30 seconds left.
|inactive|Villbs37 has 20 seconds left.
|
|t:|1757645993
|switch|p2b: Sneasler|Sneasler, L50, F|100/100
|move|p1b: Klefki|Dazzling Gleam|p2a: Primarina|[spread] p2a,p2b
|-damage|p2a: Primarina|80/100
|-damage|p2b: Sneasler|75/100
|move|p2a: Primarina|Hyper Voice|p1a: Ursaluna|[spread] p1a,p1b
|-resisted|p1a: Ursaluna
|-damage|p1a: Ursaluna|87/100
|-damage|p1b: Klefki|56/100
|move|p1a: Ursaluna|Blood Moon|p2b: Sneasler
|-crit|p2b: Sneasler
|-damage|p2b: Sneasler|0 fnt
|faint|p2b: Sneasler
|
|upkeep
|
|t:|1757646008
|switch|p2b: Gholdengo|Gholdengo, L50|100/100
|turn|4
|
|t:|1757646017
|switch|p1b: Sinistcha|Sinistcha, L50|100/100
|-heal|p1a: Ursaluna|100/100|[from] ability: Hospitality|[of] p1b: Sinistcha
|move|p2b: Gholdengo|Protect|p2b: Gholdengo
|-singleturn|p2b: Gholdengo|Protect
|move|p2a: Primarina|Calm Mind|p2a: Primarina
|-boost|p2a: Primarina|spa|1
|-boost|p2a: Primarina|spd|1
|move|p1a: Ursaluna|Earth Power|p2b: Gholdengo
|-activate|p2b: Gholdengo|move: Protect
|
|upkeep
|turn|5
|
|t:|1757646036
|switch|p2b: Amoonguss|Amoonguss, L50, M|100/100
|switch|p1b: Klefki|Klefki, L50, M|56/100
|move|p2a: Primarina|Moonblast|p1a: Ursaluna
|-damage|p1a: Ursaluna|55/100
|move|p1a: Ursaluna|Earth Power|p2b: Amoonguss
|-damage|p2b: Amoonguss|58/100
|
|-fieldend|Misty Terrain
|upkeep
|turn|6
|inactive|epicfailtesting has 30 seconds left.
|inactive|Villbs37 has 30 seconds left.
|inactive|epicfailtesting has 20 seconds left.
|
|t:|1757646075
|move|p1b: Klefki|Misty Terrain|p1b: Klefki
|-fieldstart|move: Misty Terrain
|move|p2a: Primarina|Moonblast|p1a: Ursaluna
|-crit|p1a: Ursaluna
|-damage|p1a: Ursaluna|0 fnt
|faint|p1a: Ursaluna
|move|p2b: Amoonguss|Spore|p1b: Klefki
|-activate|p1b: Klefki|move: Misty Terrain
|
|upkeep
|
|t:|1757646082
|switch|p1a: Sinistcha|Sinistcha, L50|100/100
|-heal|p1b: Klefki|81/100|[from] ability: Hospitality|[of] p1a: Sinistcha
|turn|7
|
|t:|1757646096
|-terastallize|p2a: Primarina|Poison
|move|p1b: Klefki|Dazzling Gleam|p2b: Amoonguss|[spread] p2a,p2b
|-resisted|p2a: Primarina
|-resisted|p2b: Amoonguss
|-damage|p2a: Primarina|77/100
|-damage|p2b: Amoonguss|51/100
|move|p1a: Sinistcha|Matcha Gotcha|p2b: Amoonguss|[spread] p2a,p2b
|-resisted|p2a: Primarina
|-crit|p2a: Primarina
|-resisted|p2b: Amoonguss
|-damage|p2a: Primarina|60/100
|-damage|p2b: Amoonguss|47/100
|move|p2a: Primarina|Moonblast|p1a: Sinistcha
|-damage|p1a: Sinistcha|17/100
|-enditem|p1a: Sinistcha|Sitrus Berry|[eat]
|-heal|p1a: Sinistcha|42/100|[from] item: Sitrus Berry
|move|p2b: Amoonguss|Pollen Puff|p2a: Primarina
|-heal|p2a: Primarina|100/100
|
|upkeep
|turn|8
|
|t:|1757646120
|switch|p2b: Gholdengo|Gholdengo, L50|100/100
|move|p1b: Klefki|Dazzling Gleam|p2a: Primarina|[spread] p2a,p2b
|-resisted|p2a: Primarina
|-resisted|p2b: Gholdengo
|-damage|p2a: Primarina|98/100
|-damage|p2b: Gholdengo|92/100
|move|p1a: Sinistcha|Matcha Gotcha|p2a: Primarina|[spread] p2a,p2b
|-resisted|p2a: Primarina
|-resisted|p2b: Gholdengo
|-damage|p2a: Primarina|92/100
|-heal|p1a: Sinistcha|44/100|[from] drain|[of] p2a: Primarina
|-damage|p2b: Gholdengo|81/100
|-heal|p1a: Sinistcha|50/100|[from] drain|[of] p2b: Gholdengo
|move|p2a: Primarina|Hyper Voice|p1b: Klefki|[spread] p1a,p1b
|-resisted|p1a: Sinistcha
|-damage|p1a: Sinistcha|22/100
|-damage|p1b: Klefki|32/100
|
|upkeep
|turn|9
|-message|epicfailtesting forfeited.
|
|win|Villbs37
||epicfailtesting is ready for game 3.
||Villbs37 is ready for game 3.
|uhtml|next|Next: Game 3 of 3
