|j|â˜†TobiYume
|j|â˜†practicesemijrlman
|html|TobiYumepracticesemijrlman    
|uhtml|bestof|Game 1 of a best-of-3
|t:|1757627462
|gametype|doubles
|player|p1|TobiYume|roxie|1296
|player|p2|practicesemijrlman|leon-tower|1344
|gen|9
|tier|[Gen 9] VGC 2025 Reg H (Bo3)
|rated|
|rule|Species Clause: Limit one of each PokÃ©mon
|rule|Item Clause: Limit 1 of each item
|clearpoke
|poke|p1|Garchomp, L50, M|
|poke|p1|Talonflame, L50, F|
|poke|p1|Sylveon, L50, F|
|poke|p1|Tyranitar, L50, M|
|poke|p1|Decidueye-Hisui, L50, F|
|poke|p1|Gholdengo, L50|
|poke|p2|Sneasler, L50, M|
|poke|p2|Weavile, L50, F|
|poke|p2|Kleavor, L50, M|
|poke|p2|Scizor, L50, F|
|poke|p2|Politoed, L50, F|
|poke|p2|Poliwrath, L50, M|
|teampreview|4
|showteam|p1|Garchomp||LifeOrb|RoughSkin|DragonClaw,StompingTantrum,Earthquake,Protect|||M|||50|,,,,,Steel]Talonflame||CovertCloak|GaleWings|Tailwind,WillOWisp,BraveBird,Taunt|||F|||50|,,,,,Grass]Sylveon||ThroatSpray|Pixilate|HyperVoice,HyperBeam,TeraBlast,Protect|||F|||50|,,,,,Water]Tyranitar||AssaultVest|SandStream|RockSlide,KnockOff,TeraBlast,LowKick|||M|||50|,,,,,Flying]Decidueye-Hisui||RazorClaw|Scrappy|TripleArrows,LeafBlade,SuckerPunch,Protect|||F|||50|,,,,,Fire]Gholdengo||Leftovers|GoodasGold|MakeItRain,ShadowBall,NastyPlot,Protect||||||50|,,,,,Dragon
|showteam|p2|Sneasler||WhiteHerb|Unburden|DireClaw,CloseCombat,ThroatChop,Protect|||M|||50|,,,,,Dark]Weavile||FocusSash|Pickpocket|FakeOut,IceSpinner,KnockOff,Protect|||F|||50|,,,,,Stellar]Kleavor||AssaultVest|Sharpness|StoneAxe,XScissor,NightSlash,CloseCombat|||M|||50|,,,,,Water]Scizor||OccaBerry|Technician|BugBite,BulletPunch,SwordsDance,Protect|||F|||50|,,,,,Steel]Politoed||SitrusBerry|Drizzle|Whirlpool,PerishSong,WeatherBall,Protect|||F|||50|,,,,,Grass]Poliwrath||ClearAmulet|SwiftSwim|CloseCombat,Haze,Waterfall,Protect|||M|||50|,,,,,Water
|inactive|Battle timer is ON: inactive players will automatically lose when time's up. (requested by practicesemijrlman)
|inactive|TobiYume has 60 seconds left.
|inactive|practicesemijrlman has 60 seconds left.
|
|t:|1757627505
|teamsize|p1|4
|teamsize|p2|4
|start
|switch|p1a: Elie|Talonflame, L50, F|100/100
|switch|p1b: Lloyd|Garchomp, L50, M|100/100
|switch|p2a: Weavile|Weavile, L50, F|100/100
|switch|p2b: Sneasler|Sneasler, L50, M|100/100
|turn|1
|
|t:|1757627512
|move|p1b: Lloyd|Protect|p1b: Lloyd
|-singleturn|p1b: Lloyd|Protect
|move|p2a: Weavile|Fake Out|p1a: Elie
|-damage|p1a: Elie|83/100
|move|p2b: Sneasler|Close Combat|p1b: Lloyd
|-activate|p1b: Lloyd|move: Protect
|move|p1a: Elie|Brave Bird|p2b: Sneasler
|-supereffective|p2b: Sneasler
|-damage|p2b: Sneasler|0 fnt
|faint|p2b: Sneasler
|-damage|p1a: Elie|54/100|[from] Recoil
|
|upkeep
|
|t:|1757627520
|switch|p2b: Poliwrath|Poliwrath, L50, M|100/100
|turn|2
|
|t:|1757627539
|switch|p2a: Politoed|Politoed, L50, F|100/100
|-weather|RainDance|[from] ability: Drizzle|[of] p2a: Politoed
|move|p2b: Poliwrath|Waterfall|p1a: Elie
|-supereffective|p1a: Elie
|-damage|p1a: Elie|0 fnt
|faint|p1a: Elie
|move|p1b: Lloyd|Earthquake|p2b: Poliwrath|[spread] p2a,p2b
|-damage|p2a: Politoed|45/100
|-damage|p2b: Poliwrath|38/100
|-enditem|p2a: Politoed|Sitrus Berry|[eat]
|-heal|p2a: Politoed|70/100|[from] item: Sitrus Berry
|-damage|p1b: Lloyd|91/100|[from] item: Life Orb
|
|-weather|RainDance|[upkeep]
|upkeep
|
|t:|1757627549
|switch|p1a: Randy|Tyranitar, L50, M|100/100
|-weather|Sandstorm|[from] ability: Sand Stream|[of] p1a: Randy
|turn|3
|
|t:|1757627568
|switch|p2a: Weavile|Weavile, L50, F|100/100
|-terastallize|p1a: Randy|Flying
|move|p2b: Poliwrath|Protect|p2b: Poliwrath
|-singleturn|p2b: Poliwrath|Protect
|move|p1b: Lloyd|Earthquake|p2a: Weavile|[spread] p2a
|-activate|p2b: Poliwrath|move: Protect
|-immune|p1a: Randy
|-damage|p2a: Weavile|4/100
|-damage|p1b: Lloyd|81/100|[from] item: Life Orb
|move|p1a: Randy|Rock Slide|p2b: Poliwrath|[spread] p2a
|-activate|p2b: Poliwrath|move: Protect
|-supereffective|p2a: Weavile
|-damage|p2a: Weavile|0 fnt
|faint|p2a: Weavile
|
|-weather|Sandstorm|[upkeep]
|-damage|p2b: Poliwrath|32/100|[from] Sandstorm
|-damage|p1a: Randy|94/100|[from] Sandstorm
|upkeep
|
|t:|1757627575
|switch|p2a: Politoed|Politoed, L50, F|70/100
|-weather|RainDance|[from] ability: Drizzle|[of] p2a: Politoed
|turn|4
|
|t:|1757627587
|switch|p1a: Tio|Sylveon, L50, F|100/100
|-terastallize|p2b: Poliwrath|Water
|move|p1b: Lloyd|Protect|p1b: Lloyd
|-singleturn|p1b: Lloyd|Protect
|move|p2b: Poliwrath|Waterfall|p1b: Lloyd
|-activate|p1b: Lloyd|move: Protect
|move|p2a: Politoed|Weather Ball|p1a: Tio
|-damage|p1a: Tio|62/100
|
|-weather|RainDance|[upkeep]
|upkeep
|turn|5
|inactive|practicesemijrlman has 30 seconds left.
|
|t:|1757627614
|switch|p1a: Randy|Tyranitar, L50, M, tera:Flying|94/100
|-weather|Sandstorm|[from] ability: Sand Stream|[of] p1a: Randy
|move|p1b: Lloyd|Earthquake|p2b: Poliwrath|[spread] p2a,p2b
|-immune|p1a: Randy
|-damage|p2a: Politoed|17/100
|-damage|p2b: Poliwrath|0 fnt
|faint|p2b: Poliwrath
|-damage|p1b: Lloyd|71/100|[from] item: Life Orb
|move|p2a: Politoed|Weather Ball|p1a: Randy
|-supereffective|p1a: Randy
|-damage|p1a: Randy|70/100
|
|-weather|Sandstorm|[upkeep]
|-damage|p2a: Politoed|11/100|[from] Sandstorm
|-damage|p1a: Randy|64/100|[from] Sandstorm
|upkeep
|turn|6
|
|t:|1757627631
|move|p1b: Lloyd|Dragon Claw|p2a: Politoed
|-damage|p2a: Politoed|0 fnt
|faint|p2a: Politoed
|-damage|p1b: Lloyd|61/100|[from] item: Life Orb
|
|win|TobiYume
||TobiYume is ready for game 2.
||practicesemijrlman is ready for game 2.
|uhtml|next|Next: Game 2 of 3
|l|â˜†TobiYume
|player|p1|
|l|â˜†practicesemijrlman
|player|p2|
