|j|☆lukenuke9005
|j|☆AquamarineVGC
|html|lukenuke9005AquamarineVGC    
|uhtml|bestof|Game 1 of a best-of-3
|t:|1784534496
|gametype|doubles
|player|p1|lukenuke9005|169|1178
|player|p2|AquamarineVGC|unknown|1144
|gen|9
|tier|[Gen 9 Champions] VGC 2026 Reg M-B (Bo3)
|rated|
|rule|Species Clause: Limit one of each Pokémon
|rule|Item Clause: Limit 1 of each item
|clearpoke
|poke|p1|Aggron, L50, F|
|poke|p1|Pelipper, L50, M|
|poke|p1|Farigiraf, L50, M|
|poke|p1|Dragapult, L50, F, shiny|
|poke|p1|Tinkaton, L50, F|
|poke|p1|Conkeldurr, L50, F, shiny|
|poke|p2|Pelipper, L50, M|
|poke|p2|Archaludon, L50, M|
|poke|p2|Staraptor, L50, M|
|poke|p2|Glimmora, L50, F|
|poke|p2|Clefable, L50, M|
|poke|p2|Grimmsnarl, L50, M|
|teampreview|4
|showteam|p1|Aggron||Aggronite|Sturdy|BodyPress,IronDefense,HeadSmash,IronHead|Relaxed||F|||50|]Pelipper||MysticWater|Drizzle|AirSlash,Surf,Protect,Roost|Quiet||M|||50|]Farigiraf||ColburBerry|ArmorTail|TrickRoom,Protect,HyperVoice,Psychic|Quiet||M|||50|]Dragapult||FocusSash|ClearBody|Agility,Protect,DragonClaw,PhantomForce|Adamant||F|||50|]Tinkaton||MetalCoat|OwnTempo|GigatonHammer,PlayRough,Protect,SwordsDance|Jolly||F|||50|]Conkeldurr||SitrusBerry|SheerForce|CloseCombat,DrainPunch,Protect,Counter|Brave||F|||50|
|showteam|p2|Pelipper||QuickClaw|Drizzle|Hurricane,WeatherBall,Tailwind,WideGuard|Modest||M|||50|]Archaludon||Leftovers|Stamina|FlashCannon,DragonPulse,ElectroShot,Protect|Modest||M|||50|]Staraptor||Staraptite|Intimidate|BraveBird,CloseCombat,Roost,Protect|Adamant||M|||50|]Glimmora||Glimmoranite|ToxicDebris|PowerGem,SludgeBomb,AcidSpray,SpikyShield|Timid||F|||50|]Clefable||SitrusBerry|Unaware|Moonblast,FollowMe,LifeDew,Protect|Bold||M|||50|]Grimmsnarl||LightClay|Prankster|FoulPlay,Reflect,LightScreen,PartingShot|Calm||M|||50|
|c|☆AquamarineVGC|GLHF
|
|t:|1784534562
|teamsize|p1|4
|teamsize|p2|4
|start
|switch|p1a: Aggron|Aggron, L50, F|100/100
|switch|p1b: Farigiraf|Farigiraf, L50, M|100/100
|switch|p2a: Grimmsnarl|Grimmsnarl, L50, M|100/100
|switch|p2b: Archaludon|Archaludon, L50, M|100/100
|turn|1
|
|t:|1784534588
|switch|p2a: Pelipper|Pelipper, L50, M|100/100
|-weather|RainDance|[from] ability: Drizzle|[of] p2a: Pelipper
|detailschange|p1a: Aggron|Aggron-Mega, L50, F
|-mega|p1a: Aggron|Aggron|Aggronite
|move|p2b: Archaludon|Electro Shot||[still]
|-prepare|p2b: Archaludon|Electro Shot
|-boost|p2b: Archaludon|spa|1
|-anim|p2b: Archaludon|Electro Shot|p1a: Aggron
|-damage|p1a: Aggron|32/100
|move|p1a: Aggron|Iron Defense|p1a: Aggron
|-boost|p1a: Aggron|def|2
|move|p1b: Farigiraf|Trick Room|p1b: Farigiraf
|-fieldstart|move: Trick Room|[of] p1b: Farigiraf
|
|-weather|RainDance|[upkeep]
|upkeep
|turn|2
|
|t:|1784534629
|move|p1b: Farigiraf|Protect|p1b: Farigiraf
|-singleturn|p1b: Farigiraf|Protect
|move|p2b: Archaludon|Protect|p2b: Archaludon
|-singleturn|p2b: Archaludon|Protect
|move|p1a: Aggron|Body Press|p2b: Archaludon
|-activate|p2b: Archaludon|move: Protect
|move|p2a: Pelipper|Weather Ball|p1a: Aggron
|-damage|p1a: Aggron|0 fnt
|faint|p1a: Aggron
|
|-weather|RainDance|[upkeep]
|upkeep
|
|t:|1784534643
|switch|p1a: Conkeldurr|Conkeldurr, L50, F, shiny|100/100
|turn|3
|
|t:|1784534671
|switch|p2a: Staraptor|Staraptor, L50, M|100/100
|-ability|p2a: Staraptor|Intimidate|boost
|-unboost|p1a: Conkeldurr|atk|1
|-unboost|p1b: Farigiraf|atk|1
|move|p1a: Conkeldurr|Close Combat|p2b: Archaludon
|-supereffective|p2b: Archaludon|1
|-damage|p2b: Archaludon|47/100
|-unboost|p1a: Conkeldurr|def|1
|-unboost|p1a: Conkeldurr|spd|1
|-ability|p2b: Archaludon|Stamina|boost
|-boost|p2b: Archaludon|def|1
|move|p1b: Farigiraf|Psychic|p2a: Staraptor
|-crit|p2a: Staraptor
|-damage|p2a: Staraptor|1/100
|move|p2b: Archaludon|Electro Shot||[still]
|-prepare|p2b: Archaludon|Electro Shot
|-boost|p2b: Archaludon|spa|1
|-anim|p2b: Archaludon|Electro Shot|p1b: Farigiraf
|-damage|p1b: Farigiraf|13/100
|
|-weather|RainDance|[upkeep]
|-heal|p2b: Archaludon|53/100|[from] item: Leftovers
|upkeep
|turn|4
|
|t:|1784534721
|switch|p2a: Grimmsnarl|Grimmsnarl, L50, M|100/100
|move|p1a: Conkeldurr|Drain Punch|p2b: Archaludon
|-supereffective|p2b: Archaludon|1
|-damage|p2b: Archaludon|31/100
|-ability|p2b: Archaludon|Stamina|boost
|-boost|p2b: Archaludon|def|1
|move|p1b: Farigiraf|Psychic|p2a: Grimmsnarl
|-immune|p2a: Grimmsnarl
|move|p2b: Archaludon|Electro Shot||[still]
|-prepare|p2b: Archaludon|Electro Shot
|-boost|p2b: Archaludon|spa|1
|-anim|p2b: Archaludon|Electro Shot|p1a: Conkeldurr
|-damage|p1a: Conkeldurr|0 fnt
|faint|p1a: Conkeldurr
|
|-weather|RainDance|[upkeep]
|-heal|p2b: Archaludon|37/100|[from] item: Leftovers
|upkeep
|
|t:|1784534740
|switch|p1a: Dragapult|Dragapult, L50, F, shiny|100/100
|turn|5
|
|t:|1784534755
|move|p1a: Dragapult|Protect|p1a: Dragapult
|-singleturn|p1a: Dragapult|Protect
|move|p1b: Farigiraf|Psychic|p2b: Archaludon
|-resisted|p2b: Archaludon|1
|-damage|p2b: Archaludon|10/100
|-ability|p2b: Archaludon|Stamina|boost
|-boost|p2b: Archaludon|def|1
|move|p2a: Grimmsnarl|Foul Play|p1a: Dragapult
|-activate|p1a: Dragapult|move: Protect
|move|p2b: Archaludon|Electro Shot||[still]
|-prepare|p2b: Archaludon|Electro Shot
|-boost|p2b: Archaludon|spa|1
|-anim|p2b: Archaludon|Electro Shot|p1b: Farigiraf
|-damage|p1b: Farigiraf|0 fnt
|faint|p1b: Farigiraf
|
|-weather|none
|-heal|p2b: Archaludon|16/100|[from] item: Leftovers
|-fieldend|move: Trick Room
|upkeep
|turn|6
|
|t:|1784534786
|move|p2a: Grimmsnarl|Reflect|p2a: Grimmsnarl
|-sidestart|p2: AquamarineVGC|Reflect
|move|p1a: Dragapult|Phantom Force||[still]
|-prepare|p1a: Dragapult|Phantom Force
|move|p2b: Archaludon|Dragon Pulse|p1a: Dragapult|[miss]
|-miss|p2b: Archaludon|p1a: Dragapult
|
|-heal|p2b: Archaludon|22/100|[from] item: Leftovers
|upkeep
|turn|7
|
|t:|1784534794
|move|p1a: Dragapult|Phantom Force|p2b: Archaludon|[from] lockedmove
|-damage|p2b: Archaludon|13/100
|-ability|p2b: Archaludon|Stamina|boost
|-boost|p2b: Archaludon|def|1
|move|p2b: Archaludon|Dragon Pulse|p1a: Dragapult
|-supereffective|p1a: Dragapult|1
|-enditem|p1a: Dragapult|Focus Sash
|-damage|p1a: Dragapult|1/100
|move|p2a: Grimmsnarl|Foul Play|p1a: Dragapult
|-supereffective|p1a: Dragapult|1
|-damage|p1a: Dragapult|0 fnt
|faint|p1a: Dragapult
|
|win|AquamarineVGC
||AquamarineVGC is ready for game 2.
|inactive|lukenuke9005 has 30 seconds to confirm battle start!
|l|☆lukenuke9005
|player|p1|
|inactive|lukenuke9005 has 20 seconds to confirm battle start!
|raw|lukenuke9005's rating: 1178 → 1151(-27 for losing)
|raw|AquamarineVGC's rating: 1144 → 1171(+27 for winning)
