|j|☆TestingB4SpendVP
|j|☆jeanryupr
|html|TestingB4SpendVPjeanryupr    
|uhtml|bestof|Game 1 of a best-of-3
|t:|1785770828
|gametype|doubles
|player|p1|TestingB4SpendVP|rainbowrocketgrunt|1236
|player|p2|jeanryupr|170|1264
|gen|9
|tier|[Gen 9 Champions] VGC 2026 Reg M-B (Bo3)
|rated|
|rule|Species Clause: Limit one of each Pokémon
|rule|Item Clause: Limit 1 of each item
|clearpoke
|poke|p1|Scolipede, L50, M|
|poke|p1|Raichu, L50, M|
|poke|p1|Sinistcha, L50|
|poke|p1|Weavile, L50, M|
|poke|p1|Ceruledge, L50, F|
|poke|p1|Milotic, L50, F|
|poke|p2|Raichu, L50, M|
|poke|p2|Aerodactyl, L50, M|
|poke|p2|Floette-Eternal, L50, F|
|poke|p2|Kingambit, L50, F|
|poke|p2|Farigiraf, L50, M|
|poke|p2|Garchomp, L50, M|
|teampreview|4
|showteam|p1|Scolipede||Scolipite|SpeedBoost|LeechLife,PoisonJab,SwordsDance,Protect|Jolly||M|||50|]Raichu||RaichuniteY|LightningRod|ZapCannon,FocusBlast,Protect,FakeOut|Timid||M|||50|]Sinistcha||KasibBerry|Hospitality|MatchaGotcha,LifeDew,Protect,RagePowder|Relaxed|||||50|]Weavile||FocusSash|Pickpocket|KnockOff,TripleAxel,LowKick,FakeOut|Jolly||M|||50|]Ceruledge||ColburBerry|FlashFire|BitterBlade,ShadowSneak,Protect,BulkUp|Adamant||F|||50|]Milotic||Leftovers|Competitive|MuddyWater,Coil,Protect,Hypnosis|Calm||F|||50|
|showteam|p2|Raichu||RaichuniteY|LightningRod|ZapCannon,FocusBlast,FakeOut,Protect|Timid||M|||50|]Aerodactyl||FocusSash|Unnerve|WideGuard,DualWingbeat,RockSlide,Tailwind|Jolly||M|||50|]Floette-Eternal||Floettite|FlowerVeil|CalmMind,DazzlingGleam,DrainingKiss,Protect|Timid||F|||50|]Kingambit||BlackGlasses|Defiant|KowtowCleave,Protect,SuckerPunch,IronHead|Adamant||F|||50|]Farigiraf||SitrusBerry|ArmorTail|TrickRoom,HelpingHand,Thunderbolt,Psychic|Bold||M|||50|]Garchomp||LifeOrb|RoughSkin|Protect,Earthquake,DragonClaw,RockSlide|Jolly||M|||50|
|
|t:|1785770875
|teamsize|p1|4
|teamsize|p2|4
|start
|switch|p1a: Weavile|Weavile, L50, M|100/100
|switch|p1b: Scolipede|Scolipede, L50, M|100/100
|switch|p2a: Floette|Floette-Eternal, L50, F|100/100
|switch|p2b: Garchomp|Garchomp, L50, M|100/100
|turn|1
|inactive|Battle timer is ON: inactive players will automatically lose when time's up. (requested by TestingB4SpendVP)
|
|t:|1785770892
|switch|p2a: Farigiraf|Farigiraf, L50, M|100/100
|move|p1a: Weavile|Fake Out||[still]
|cant|p2a: Farigiraf|ability: Armor Tail|Fake Out|[of] p1a: Weavile
|move|p1b: Scolipede|Swords Dance|p1b: Scolipede
|-boost|p1b: Scolipede|atk|2
|move|p2b: Garchomp|Earthquake|p1a: Weavile|[spread] p2a,p1a,p1b
|-damage|p2a: Farigiraf|58/100
|-damage|p1a: Weavile|17/100
|-damage|p1b: Scolipede|45/100
|-damage|p2b: Garchomp|90/100|[from] item: Life Orb
|
|-ability|p1b: Scolipede|Speed Boost|boost
|-boost|p1b: Scolipede|spe|1
|upkeep
|turn|2
|
|t:|1785770909
|move|p2b: Garchomp|Protect|p2b: Garchomp
|-singleturn|p2b: Garchomp|Protect
|move|p1b: Scolipede|Leech Life|p2a: Farigiraf
|-supereffective|p2a: Farigiraf|1
|-damage|p2a: Farigiraf|0 fnt
|-heal|p1b: Scolipede|85/100|[from] drain|[of] p2a: Farigiraf
|faint|p2a: Farigiraf
|move|p1a: Weavile|Triple Axel|p2b: Garchomp
|-activate|p2b: Garchomp|move: Protect
|
|-ability|p1b: Scolipede|Speed Boost|boost
|-boost|p1b: Scolipede|spe|1
|upkeep
|
|t:|1785770916
|switch|p2a: Aerodactyl|Aerodactyl, L50, M|100/100
|-ability|p2a: Aerodactyl|Unnerve
|turn|3
|inactive|TestingB4SpendVP has 30 seconds left.
|
|t:|1785770950
|detailschange|p1b: Scolipede|Scolipede-Mega, L50, M
|-mega|p1b: Scolipede|Scolipede|Scolipite
|move|p1b: Scolipede|Poison Jab|p2b: Garchomp
|-resisted|p2b: Garchomp|1
|-damage|p2b: Garchomp|57/100
|-damage|p1b: Scolipede|73/100|[from] ability: Rough Skin|[of] p2b: Garchomp
|move|p2a: Aerodactyl|Tailwind|p2a: Aerodactyl
|-sidestart|p2: jeanryupr|move: Tailwind
|move|p2b: Garchomp|Earthquake|p1b: Scolipede|[spread] p1a,p1b
|-immune|p2a: Aerodactyl
|-damage|p1a: Weavile|0 fnt
|-damage|p1b: Scolipede|37/100
|faint|p1a: Weavile
|-damage|p2b: Garchomp|47/100|[from] item: Life Orb
|
|upkeep
|
|t:|1785770963
|switch|p1a: Sinistcha|Sinistcha, L50|100/100
|-heal|p1b: Scolipede|62/100|[from] ability: Hospitality|[of] p1a: Sinistcha
|turn|4
|
|t:|1785770977
|move|p1b: Scolipede|Protect|p1b: Scolipede
|-singleturn|p1b: Scolipede|Protect
|move|p2a: Aerodactyl|Rock Slide|p1a: Sinistcha|[spread] p1a
|-activate|p1b: Scolipede|move: Protect
|-damage|p1a: Sinistcha|80/100
|move|p2b: Garchomp|Earthquake|p1b: Scolipede|[spread] p1a
|-activate|p1b: Scolipede|move: Protect
|-immune|p2a: Aerodactyl
|-resisted|p1a: Sinistcha|1
|-crit|p1a: Sinistcha
|-damage|p1a: Sinistcha|48/100
|-damage|p2b: Garchomp|37/100|[from] item: Life Orb
|move|p1a: Sinistcha|Matcha Gotcha|p2b: Garchomp|[spread] p2a,p2b
|-damage|p2a: Aerodactyl|67/100
|-heal|p1a: Sinistcha|65/100|[from] drain|[of] p2a: Aerodactyl
|-damage|p2b: Garchomp|10/100
|-heal|p1a: Sinistcha|79/100|[from] drain|[of] p2b: Garchomp
|-status|p2b: Garchomp|brn
|
|-damage|p2b: Garchomp|4/100 brn|[from] brn
|upkeep
|turn|5
|inactive|TestingB4SpendVP has 30 seconds left.
|
|t:|1785771006
|move|p1a: Sinistcha|Rage Powder|p1a: Sinistcha
|-singleturn|p1a: Sinistcha|move: Rage Powder
|move|p2a: Aerodactyl|Dual Wingbeat|p1a: Sinistcha
|-supereffective|p1a: Sinistcha|1
|-damage|p1a: Sinistcha|52/100
|-supereffective|p1a: Sinistcha|1
|-damage|p1a: Sinistcha|21/100
|-hitcount|p1a: Sinistcha|2
|move|p2b: Garchomp|Earthquake|p1b: Scolipede|[spread] p1a,p1b
|-immune|p2a: Aerodactyl
|-resisted|p1a: Sinistcha|1
|-damage|p1a: Sinistcha|11/100
|-damage|p1b: Scolipede|44/100
|-damage|p2b: Garchomp|0 fnt|[from] item: Life Orb
|faint|p2b: Garchomp
|move|p1b: Scolipede|Poison Jab|p2a: Aerodactyl
|-resisted|p2a: Aerodactyl|1
|-damage|p2a: Aerodactyl|10/100
|
|upkeep
|
|t:|1785771017
|switch|p2b: Floette|Floette-Eternal, L50, F|100/100
|turn|6
|
|t:|1785771034
|detailschange|p2b: Floette|Floette-Mega, L50, F
|-mega|p2b: Floette|Floette|Floettite
|-ability|p2b: Floette|Fairy Aura
|move|p1b: Scolipede|Protect|p1b: Scolipede
|-singleturn|p1b: Scolipede|Protect
|move|p2a: Aerodactyl|Rock Slide|p1a: Sinistcha|[spread] p1a
|-activate|p1b: Scolipede|move: Protect
|-damage|p1a: Sinistcha|0 fnt
|faint|p1a: Sinistcha
|move|p2b: Floette|Calm Mind|p2b: Floette
|-boost|p2b: Floette|spa|1
|-boost|p2b: Floette|spd|1
|
|-sideend|p2: jeanryupr|move: Tailwind
|upkeep
|
|t:|1785771042
|switch|p1a: Raichu|Raichu, L50, M|100/100
|turn|7
|
|t:|1785771059
|move|p1a: Raichu|Fake Out|p2a: Aerodactyl
|-resisted|p2a: Aerodactyl|1
|-damage|p2a: Aerodactyl|4/100
|move|p1b: Scolipede|Poison Jab|p2b: Floette
|-supereffective|p2b: Floette|1
|-damage|p2b: Floette|0 fnt
|faint|p2b: Floette
|cant|p2a: Aerodactyl|flinch
|
|upkeep
|turn|8
|
|t:|1785771075
|move|p1b: Scolipede|Poison Jab|p2a: Aerodactyl
|-resisted|p2a: Aerodactyl|1
|-damage|p2a: Aerodactyl|0 fnt
|faint|p2a: Aerodactyl
|
|win|TestingB4SpendVP
