|j|☆sir plaza
|j|☆KisuV
|html|sir plazaKisuV    
|uhtml|bestof|Game 1 of a best-of-3
|t:|1757190314
|gametype|doubles
|player|p1|sir plaza|blackbelt-gen4dp|1061
|player|p2|KisuV|cynthia-anime|1072
|gen|9
|tier|[Gen 9] VGC 2025 Reg H (Bo3)
|rated|
|rule|Species Clause: Limit one of each Pokémon
|rule|Item Clause: Limit 1 of each item
|clearpoke
|poke|p1|Incineroar, L50, F|
|poke|p1|Sneasler, L50, M|
|poke|p1|Talonflame, L50, M|
|poke|p1|Rillaboom, L50, M|
|poke|p1|Gholdengo, L50|
|poke|p1|Kingambit, L50, M|
|poke|p2|Garchomp, L50, M|
|poke|p2|Tyranitar, L50, F|
|poke|p2|Gholdengo, L50|
|poke|p2|Incineroar, L50, F|
|poke|p2|Vivillon, L50, F|
|poke|p2|Electabuzz, L50, M|
|teampreview|4
|showteam|p1|Incineroar||SafetyGoggles|Intimidate|KnockOff,FlareBlitz,FakeOut,PartingShot|||F|||50|,,,,,Ghost]Sneasler||GrassySeed|Unburden|Protect,CloseCombat,DireClaw,FakeOut|||M|||50|,,,,,Stellar]Talonflame||CovertCloak|GaleWings|DualWingbeat,FlareBlitz,Tailwind,WillOWisp|||M|||50|,,,,,Grass]Rillaboom||AssaultVest|GrassySurge|GrassyGlide,WoodHammer,FakeOut,HighHorsepower|||M|||50|,,,,,Grass]Gholdengo||LifeOrb|GoodasGold|MakeItRain,ShadowBall,NastyPlot,Protect||||||50|,,,,,Water]Kingambit||BlackGlasses|Defiant|SuckerPunch,SwordsDance,KowtowCleave,Protect|||M|||50|,,,,,Ghost
|showteam|p2|Garchomp||ClearAmulet|SandVeil|DragonClaw,StompingTantrum,SwordsDance,Protect|||M|||50|,,,,,Fairy]Tyranitar||SitrusBerry|SandStream|RockSlide,KnockOff,HelpingHand,Protect|||F|||50|,,,,,Flying]Gholdengo||LifeOrb|GoodasGold|MakeItRain,ShadowBall,NastyPlot,Protect||||||50|,,,,,Water]Incineroar||SafetyGoggles|Intimidate|FakeOut,FlareBlitz,KnockOff,PartingShot|||F|||50|,,,,,Water]Vivillon||FocusSash|CompoundEyes|Hurricane,SleepPowder,Tailwind,Protect|||F|||50|,,,,,Ghost]Electabuzz||Eviolite|VitalSpirit|Electroweb,FollowMe,Taunt,Protect|||M|||50|,,,,,Ghost
|
|t:|1757190359
|teamsize|p1|4
|teamsize|p2|4
|start
|switch|p1a: Kingambit|Kingambit, L50, M|100/100
|switch|p1b: Rillaboom|Rillaboom, L50, M|100/100
|switch|p2a: Garchomp|Garchomp, L50, M|100/100
|switch|p2b: Incineroar|Incineroar, L50, F|100/100
|-fieldstart|move: Grassy Terrain|[from] ability: Grassy Surge|[of] p1b: Rillaboom
|-ability|p2b: Incineroar|Intimidate|boost
|-unboost|p1a: Kingambit|atk|1
|-ability|p1a: Kingambit|Defiant|boost
|-boost|p1a: Kingambit|atk|2
|-unboost|p1b: Rillaboom|atk|1
|turn|1
|inactive|Battle timer is ON: inactive players will automatically lose when time's up. (requested by sir plaza)
|
|t:|1757190383
|-terastallize|p1a: Kingambit|Ghost
|move|p2a: Garchomp|Protect|p2a: Garchomp
|-singleturn|p2a: Garchomp|Protect
|move|p1b: Rillaboom|Fake Out|p2a: Garchomp
|-activate|p2a: Garchomp|move: Protect
|move|p2b: Incineroar|Fake Out|p1a: Kingambit
|-immune|p1a: Kingambit
|move|p1a: Kingambit|Swords Dance|p1a: Kingambit
|-boost|p1a: Kingambit|atk|2
|
|upkeep
|turn|2
|
|t:|1757190396
|switch|p1b: Incineroar|Incineroar, L50, F|100/100
|-ability|p1b: Incineroar|Intimidate|boost
|-fail|p2a: Garchomp|unboost|[from] item: Clear Amulet|[of] p2a: Garchomp
|-unboost|p2b: Incineroar|atk|1
|switch|p2b: Tyranitar|Tyranitar, L50, F, shiny|100/100
|-weather|Sandstorm|[from] ability: Sand Stream|[of] p2b: Tyranitar
|move|p1a: Kingambit|Protect|p1a: Kingambit
|-singleturn|p1a: Kingambit|Protect
|move|p2a: Garchomp|Stomping Tantrum|p1a: Kingambit
|-activate|p1a: Kingambit|move: Protect
|
|-weather|Sandstorm|[upkeep]
|-damage|p1a: Kingambit|95/100|[from] Sandstorm
|-heal|p1a: Kingambit|100/100|[from] Grassy Terrain
|upkeep
|turn|3
|inactive|sir plaza has 30 seconds left.
|inactive|KisuV has 30 seconds left.
|
|t:|1757190426
|switch|p1b: Rillaboom|Rillaboom, L50, M|100/100
|switch|p2b: Electabuzz|Electabuzz, L50, M|100/100
|move|p2a: Garchomp|Protect|p2a: Garchomp
|-singleturn|p2a: Garchomp|Protect
|move|p1a: Kingambit|Swords Dance|p1a: Kingambit
|-boost|p1a: Kingambit|atk|2
|
|-weather|Sandstorm|[upkeep]
|-damage|p2b: Electabuzz|95/100|[from] Sandstorm
|-damage|p1b: Rillaboom|95/100|[from] Sandstorm
|-damage|p1a: Kingambit|95/100|[from] Sandstorm
|-heal|p2b: Electabuzz|100/100|[from] Grassy Terrain
|-heal|p1b: Rillaboom|100/100|[from] Grassy Terrain
|-heal|p1a: Kingambit|100/100|[from] Grassy Terrain
|upkeep
|turn|4
|inactive|KisuV has 30 seconds left.
|
|t:|1757190453
|move|p1b: Rillaboom|Fake Out|p2b: Electabuzz
|-damage|p2b: Electabuzz|88/100
|cant|p2b: Electabuzz|flinch
|move|p2a: Garchomp|Dragon Claw|p1a: Kingambit
|-damage|p1a: Kingambit|68/100
|move|p1a: Kingambit|Kowtow Cleave|p2a: Garchomp
|-damage|p2a: Garchomp|0 fnt
|faint|p2a: Garchomp
|
|-weather|Sandstorm|[upkeep]
|-damage|p2b: Electabuzz|82/100|[from] Sandstorm
|-damage|p1b: Rillaboom|95/100|[from] Sandstorm
|-damage|p1a: Kingambit|63/100|[from] Sandstorm
|-heal|p2b: Electabuzz|88/100|[from] Grassy Terrain
|-heal|p1b: Rillaboom|100/100|[from] Grassy Terrain
|-heal|p1a: Kingambit|68/100|[from] Grassy Terrain
|upkeep
|
|t:|1757190464
|switch|p2a: Incineroar|Incineroar, L50, F|100/100
|-ability|p2a: Incineroar|Intimidate|boost
|-unboost|p1a: Kingambit|atk|1
|-ability|p1a: Kingambit|Defiant|boost
|-boost|p1a: Kingambit|atk|2
|-unboost|p1b: Rillaboom|atk|1
|turn|5
|
|t:|1757190474
|switch|p1b: Incineroar|Incineroar, L50, F|100/100
|-ability|p1b: Incineroar|Intimidate|boost
|-unboost|p2a: Incineroar|atk|1
|-unboost|p2b: Electabuzz|atk|1
|move|p1a: Kingambit|Protect|p1a: Kingambit
|-singleturn|p1a: Kingambit|Protect
|move|p2b: Electabuzz|Follow Me|p2b: Electabuzz
|-singleturn|p2b: Electabuzz|move: Follow Me
|move|p2a: Incineroar|Knock Off|p1a: Kingambit
|-activate|p1a: Kingambit|move: Protect
|
|-weather|Sandstorm|[upkeep]
|-damage|p2b: Electabuzz|82/100|[from] Sandstorm
|-damage|p1a: Kingambit|63/100|[from] Sandstorm
|-heal|p2b: Electabuzz|88/100|[from] Grassy Terrain
|-heal|p1a: Kingambit|68/100|[from] Grassy Terrain
|-fieldend|move: Grassy Terrain
|upkeep
|turn|6
|
|t:|1757190497
|switch|p2a: Tyranitar|Tyranitar, L50, F, shiny|100/100
|move|p1b: Incineroar|Fake Out|p2b: Electabuzz
|-damage|p2b: Electabuzz|77/100
|cant|p2b: Electabuzz|flinch
|move|p1a: Kingambit|Kowtow Cleave|p2a: Tyranitar
|-resisted|p2a: Tyranitar
|-damage|p2a: Tyranitar|20/100
|-enditem|p2a: Tyranitar|Sitrus Berry|[eat]
|-heal|p2a: Tyranitar|45/100|[from] item: Sitrus Berry
|
|-weather|none
|upkeep
|turn|7
|
|t:|1757190516
|move|p1a: Kingambit|Protect|p1a: Kingambit
|-singleturn|p1a: Kingambit|Protect
|move|p2b: Electabuzz|Electroweb|p1b: Incineroar|[spread] p1b
|-activate|p1a: Kingambit|move: Protect
|-crit|p1b: Incineroar
|-damage|p1b: Incineroar|80/100
|-unboost|p1b: Incineroar|spe|1
|move|p2a: Tyranitar|Knock Off|p1a: Kingambit
|-activate|p1a: Kingambit|move: Protect
|move|p1b: Incineroar|Parting Shot|p2a: Tyranitar
|-unboost|p2a: Tyranitar|atk|1
|-unboost|p2a: Tyranitar|spa|1
|
|t:|1757190528
|switch|p1b: Rillaboom|Rillaboom, L50, M|100/100|[from] Parting Shot
|-fieldstart|move: Grassy Terrain|[from] ability: Grassy Surge|[of] p1b: Rillaboom
|
|-heal|p2b: Electabuzz|82/100|[from] Grassy Terrain
|-heal|p1a: Kingambit|74/100|[from] Grassy Terrain
|-heal|p2a: Tyranitar|51/100|[from] Grassy Terrain
|upkeep
|turn|8
|
|t:|1757190550
|switch|p1b: Incineroar|Incineroar, L50, F|80/100
|-ability|p1b: Incineroar|Intimidate|boost
|-unboost|p2a: Tyranitar|atk|1
|-unboost|p2b: Electabuzz|atk|1
|switch|p2a: Incineroar|Incineroar, L50, F|100/100
|-ability|p2a: Incineroar|Intimidate|boost
|-unboost|p1a: Kingambit|atk|1
|-ability|p1a: Kingambit|Defiant|boost
|-boost|p1a: Kingambit|atk|1
|-unboost|p1b: Incineroar|atk|1
|move|p2b: Electabuzz|Protect|p2b: Electabuzz
|-singleturn|p2b: Electabuzz|Protect
|move|p1a: Kingambit|Kowtow Cleave|p2a: Incineroar
|-resisted|p2a: Incineroar
|-damage|p2a: Incineroar|6/100
|
|-heal|p2b: Electabuzz|88/100|[from] Grassy Terrain
|-heal|p1a: Kingambit|80/100|[from] Grassy Terrain
|-heal|p1b: Incineroar|86/100|[from] Grassy Terrain
|-heal|p2a: Incineroar|12/100|[from] Grassy Terrain
|upkeep
|turn|9
|
|t:|1757190574
|switch|p2a: Tyranitar|Tyranitar, L50, F, shiny|51/100
|-weather|Sandstorm|[from] ability: Sand Stream|[of] p2a: Tyranitar
|move|p1b: Incineroar|Fake Out|p2a: Tyranitar
|-resisted|p2a: Tyranitar
|-damage|p2a: Tyranitar|48/100
|move|p2b: Electabuzz|Electroweb|p1a: Kingambit|[spread] p1a,p1b
|-damage|p1a: Kingambit|64/100
|-damage|p1b: Incineroar|74/100
|-unboost|p1a: Kingambit|spe|1
|-boost|p1a: Kingambit|atk|0
|-unboost|p1b: Incineroar|spe|1
|move|p1a: Kingambit|Kowtow Cleave|p2b: Electabuzz
|-damage|p2b: Electabuzz|0 fnt
|faint|p2b: Electabuzz
|
|-weather|Sandstorm|[upkeep]
|-damage|p1a: Kingambit|58/100|[from] Sandstorm
|-heal|p2a: Tyranitar|54/100|[from] Grassy Terrain
|-heal|p1a: Kingambit|64/100|[from] Grassy Terrain
|-heal|p1b: Incineroar|80/100|[from] Grassy Terrain
|upkeep
|
|t:|1757190589
|switch|p2b: Incineroar|Incineroar, L50, F|12/100
|-ability|p2b: Incineroar|Intimidate|boost
|-unboost|p1a: Kingambit|atk|1
|-ability|p1a: Kingambit|Defiant|boost
|-boost|p1a: Kingambit|atk|1
|-unboost|p1b: Incineroar|atk|1
|turn|10
|
|t:|1757190601
|-terastallize|p2a: Tyranitar|Flying
|move|p1a: Kingambit|Protect|p1a: Kingambit
|-singleturn|p1a: Kingambit|Protect
|move|p2a: Tyranitar|Rock Slide|p1a: Kingambit|[spread] p1b
|-activate|p1a: Kingambit|move: Protect
|-supereffective|p1b: Incineroar
|-crit|p1b: Incineroar
|-damage|p1b: Incineroar|0 fnt
|faint|p1b: Incineroar
|move|p2b: Incineroar|Knock Off|p1a: Kingambit
|-activate|p1a: Kingambit|move: Protect
|
|-weather|Sandstorm|[upkeep]
|-damage|p2a: Tyranitar|48/100|[from] Sandstorm
|-damage|p1a: Kingambit|58/100|[from] Sandstorm
|-heal|p2b: Incineroar|18/100|[from] Grassy Terrain
|-heal|p1a: Kingambit|64/100|[from] Grassy Terrain
|upkeep
|
|t:|1757190617
|switch|p1b: Rillaboom|Rillaboom, L50, M|100/100
|turn|11
|
|t:|1757190625
|move|p1b: Rillaboom|Fake Out|p2a: Tyranitar
|-damage|p2a: Tyranitar|38/100
|move|p1a: Kingambit|Sucker Punch|p2b: Incineroar
|-resisted|p2b: Incineroar
|-damage|p2b: Incineroar|0 fnt
|faint|p2b: Incineroar
|cant|p2a: Tyranitar|flinch
|
|-weather|Sandstorm|[upkeep]
|-damage|p1b: Rillaboom|95/100|[from] Sandstorm
|-damage|p2a: Tyranitar|32/100|[from] Sandstorm
|-damage|p1a: Kingambit|58/100|[from] Sandstorm
|-heal|p1b: Rillaboom|100/100|[from] Grassy Terrain
|-heal|p1a: Kingambit|64/100|[from] Grassy Terrain
|-fieldend|move: Grassy Terrain
|upkeep
|turn|12
|
|t:|1757190644
|switch|p1b: Sneasler|Sneasler, L50, M|100/100
|move|p1a: Kingambit|Sucker Punch|p2a: Tyranitar
|-damage|p2a: Tyranitar|0 fnt
|faint|p2a: Tyranitar
|
|win|sir plaza
||sir plaza is ready for game 2.
||KisuV is ready for game 2.
|uhtml|next|Next: Game 2 of 3
