|j|☆sebastian.gough
|j|‽Streisten
|html|sebastian.goughStreisten    
|uhtml|bestof|Game 2 of a best-of-3
|t:|1756520236
|gametype|doubles
|player|p1|sebastian.gough|rocketgrunt|1000
|player|p2|Streisten|preschooler|1007
|gen|9
|tier|[Gen 9] VGC 2025 Reg H (Bo3)
|rated|
|rule|Species Clause: Limit one of each Pokémon
|rule|Item Clause: Limit 1 of each item
|clearpoke
|poke|p1|Electabuzz, L50, F|
|poke|p1|Incineroar, L50, M|
|poke|p1|Dragonite, L50, F|
|poke|p1|Kommo-o, L50, F|
|poke|p1|Yanmega, L50, M|
|poke|p1|Greninja-*, L50, M|
|poke|p2|Gholdengo, L50|
|poke|p2|Amoonguss, L50, F|
|poke|p2|Porygon2, L50|
|poke|p2|Incineroar, L50, M|
|poke|p2|Ursaluna, L50, F|
|poke|p2|Hydreigon, L50, M|
|teampreview|4
|showteam|p1|Electabuzz||Eviolite|VitalSpirit|Electroweb,FollowMe,HelpingHand,Thunderbolt|||F|||50|,,,,,Water]Incineroar||SafetyGoggles|Intimidate|FakeOut,KnockOff,PartingShot,FlareBlitz|||M|||50|,,,,,Ghost]Dragonite||WeaknessPolicy|Multiscale|Tailwind,DragonDance,Protect,ExtremeSpeed|||F|||50|,,,,,Normal]Kommo-o||CovertCloak|Overcoat|IronDefense,BodyPress,Coaching,Counter|||F|||50|,,,,,Fighting]Yanmega||FocusSash|SpeedBoost|Hypnosis,AirSlash,Tailwind,Detect|||M|||50|,,,,,Bug]Greninja||LifeOrb|Protean|MudSlap,DarkPulse,HydroPump,IcyWind|||M|||50|,,,,,Water
|showteam|p2|Gholdengo||MetalCoat|GoodasGold|MakeItRain,ShadowBall,NastyPlot,Protect||||||50|,,,,,Dragon]Amoonguss||CovertCloak|Regenerator|PollenPuff,Spore,RagePowder,Protect|||F|||50|,,,,,Fire]Porygon2||Eviolite|Download|TeraBlast,IceBeam,TrickRoom,Recover||||||50|,,,,,Fighting]Incineroar||SitrusBerry|Intimidate|FakeOut,FlareBlitz,KnockOff,PartingShot|||M|||50|,,,,,Grass]Ursaluna||FlameOrb|Guts|Facade,HeadlongRush,Earthquake,Protect|||F|||50|,,,,,Ghost]Hydreigon||SafetyGoggles|Levitate|DracoMeteor,Snarl,Tailwind,Protect|||M|||50|,,,,,Ghost
|inactive|Battle timer is ON: inactive players will automatically lose when time's up. (requested by sebastian.gough)
|
|t:|1756520271
|teamsize|p1|4
|teamsize|p2|4
|start
|switch|p1a: Yanmega|Yanmega, L50, M|100/100
|switch|p1b: Incineroar|Incineroar, L50, M|100/100
|switch|p2a: Amoonguss|Amoonguss, L50, F, shiny|100/100
|switch|p2b: Porygon2|Porygon2, L50, shiny|100/100
|-ability|p2b: Porygon2|Download|boost
|-boost|p2b: Porygon2|spa|1
|-ability|p1b: Incineroar|Intimidate|boost
|-unboost|p2a: Amoonguss|atk|1
|-unboost|p2b: Porygon2|atk|1
|turn|1
|inactive|Streisten has 30 seconds left.
|
|t:|1756520304
|move|p1b: Incineroar|Fake Out|p2a: Amoonguss
|-damage|p2a: Amoonguss|90/100
|move|p2a: Amoonguss|Rage Powder|p2a: Amoonguss
|-singleturn|p2a: Amoonguss|move: Rage Powder
|move|p1a: Yanmega|Hypnosis|p2a: Amoonguss|[miss]
|-miss|p1a: Yanmega|p2a: Amoonguss
|move|p2b: Porygon2|Trick Room|p2b: Porygon2
|-fieldstart|move: Trick Room|[of] p2b: Porygon2
|
|-ability|p1a: Yanmega|Speed Boost|boost
|-boost|p1a: Yanmega|spe|1
|upkeep
|turn|2
|inactive|Streisten has 30 seconds left.
|inactive|Streisten has 20 seconds left.
|
|t:|1756520340
|-terastallize|p2b: Porygon2|Fighting
|move|p2a: Amoonguss|Spore|p1a: Yanmega
|-status|p1a: Yanmega|slp|[from] move: Spore
|move|p1b: Incineroar|Flare Blitz|p2a: Amoonguss
|-supereffective|p2a: Amoonguss
|-damage|p2a: Amoonguss|0 fnt
|faint|p2a: Amoonguss
|-damage|p1b: Incineroar|65/100|[from] Recoil
|move|p2b: Porygon2|Tera Blast|p1b: Incineroar|[anim] Tera Blast Fighting
|-supereffective|p1b: Incineroar
|-damage|p1b: Incineroar|0 fnt
|faint|p1b: Incineroar
|cant|p1a: Yanmega|slp
|
|-ability|p1a: Yanmega|Speed Boost|boost
|-boost|p1a: Yanmega|spe|1
|upkeep
|
|t:|1756520358
|switch|p2a: Ursaluna|Ursaluna, L50, F, shiny|100/100
|switch|p1b: Electabuzz|Electabuzz, L50, F|100/100
|turn|3
|
|t:|1756520374
|move|p1b: Electabuzz|Follow Me|p1b: Electabuzz
|-singleturn|p1b: Electabuzz|move: Follow Me
|move|p2b: Porygon2|Tera Blast|p1b: Electabuzz|[anim] Tera Blast Fighting
|-damage|p1b: Electabuzz|59/100
|move|p2a: Ursaluna|Facade|p1b: Electabuzz
|-damage|p1b: Electabuzz|22/100
|-curestatus|p1a: Yanmega|slp|[msg]
|move|p1a: Yanmega|Air Slash|p2b: Porygon2
|-supereffective|p2b: Porygon2
|-damage|p2b: Porygon2|66/100
|
|-status|p2a: Ursaluna|brn|[from] item: Flame Orb
|-ability|p1a: Yanmega|Speed Boost|boost
|-boost|p1a: Yanmega|spe|1
|upkeep
|turn|4
|
|t:|1756520397
|move|p1b: Electabuzz|Follow Me|p1b: Electabuzz
|-singleturn|p1b: Electabuzz|move: Follow Me
|move|p2b: Porygon2|Tera Blast|p1b: Electabuzz|[anim] Tera Blast Fighting
|-damage|p1b: Electabuzz|0 fnt
|faint|p1b: Electabuzz
|move|p2a: Ursaluna|Facade|p1a: Yanmega
|-enditem|p1a: Yanmega|Focus Sash
|-damage|p1a: Yanmega|1/100
|move|p1a: Yanmega|Hypnosis|p2b: Porygon2
|-status|p2b: Porygon2|slp|[from] move: Hypnosis
|
|-damage|p2a: Ursaluna|94/100 brn|[from] brn
|-ability|p1a: Yanmega|Speed Boost|boost
|-boost|p1a: Yanmega|spe|1
|upkeep
|
|t:|1756520413
|switch|p1b: Kommo-o|Kommo-o, L50, F|100/100
|turn|5
|inactive|Streisten has 30 seconds left.
|
|t:|1756520445
|move|p1a: Yanmega|Detect|p1a: Yanmega
|-singleturn|p1a: Yanmega|Protect
|cant|p2b: Porygon2|slp
|move|p2a: Ursaluna|Facade|p1b: Kommo-o
|-damage|p1b: Kommo-o|10/100
|move|p1b: Kommo-o|Counter|p2a: Ursaluna
|-damage|p2a: Ursaluna|0 fnt
|faint|p2a: Ursaluna
|
|-fieldend|move: Trick Room
|-ability|p1a: Yanmega|Speed Boost|boost
|-boost|p1a: Yanmega|spe|1
|upkeep
|
|t:|1756520456
|switch|p2a: Incineroar|Incineroar, L50, M, shiny|100/100
|-ability|p2a: Incineroar|Intimidate|boost
|-unboost|p1a: Yanmega|atk|1
|-unboost|p1b: Kommo-o|atk|1
|turn|6
|
|t:|1756520473
|move|p2a: Incineroar|Fake Out|p1a: Yanmega
|-damage|p1a: Yanmega|0 fnt
|faint|p1a: Yanmega
|move|p1b: Kommo-o|Body Press|p2a: Incineroar
|-supereffective|p2a: Incineroar
|-damage|p2a: Incineroar|19/100
|-enditem|p2a: Incineroar|Sitrus Berry|[eat]
|-heal|p2a: Incineroar|44/100|[from] item: Sitrus Berry
|-curestatus|p2b: Porygon2|slp|[msg]
|move|p2b: Porygon2|Ice Beam|p1b: Kommo-o
|-supereffective|p1b: Kommo-o
|-damage|p1b: Kommo-o|0 fnt
|faint|p1b: Kommo-o
|
|win|Streisten
|raw|sebastian.gough's rating: 1000 → 1000(+0 for losing)
|raw|Streisten's rating: 1007 → 1045(+38 for winning)
|l|☆sebastian.gough
|player|p1|
