|j|☆MrDarki256
|j|☆pokemonalpha.es
|html|MrDarki256pokemonalpha.es    
|uhtml|bestof|Game 1 of a best-of-3
|t:|1783109749
|gametype|doubles
|player|p1|MrDarki256|preschooler|
|player|p2|pokemonalpha.es|lebanne|
|gen|9
|tier|[Gen 9 Champions] VGC 2026 Reg M-B (Bo3)
|rule|Species Clause: Limit one of each Pokémon
|rule|Item Clause: Limit 1 of each item
|clearpoke
|poke|p1|Greninja, L50, M|
|poke|p1|Ceruledge, L50, M|
|poke|p1|Incineroar, L50, F|
|poke|p1|Sinistcha, L50|
|poke|p1|Milotic, L50, F|
|poke|p1|Floette-Eternal, L50, F|
|poke|p2|Sneasler, L50, F|
|poke|p2|Scovillain, L50, F|
|poke|p2|Kingambit, L50, F|
|poke|p2|Toxapex, L50, M|
|poke|p2|Snorlax, L50, M|
|poke|p2|Basculegion, L50, M|
|teampreview|4
|showteam|p1|Greninja||Greninjite|Protean|GunkShot,BrickBreak,DarkPulse,Protect|Naive||M|||50|]Ceruledge||ColburBerry|FlashFire|BitterBlade,ShadowSneak,BulkUp,Protect|Adamant||M|||50|]Incineroar||SitrusBerry|Intimidate|FlareBlitz,ThroatChop,PartingShot,FakeOut|Impish||F|||50|]Sinistcha||KasibBerry|Hospitality|MatchaGotcha,RagePowder,LifeDew,Protect|Bold|||||50|]Milotic||Leftovers|Competitive|MuddyWater,Coil,Hypnosis,Protect|Calm||F|||50|]Floette-Eternal||Floettite|FlowerVeil|DrainingKiss,DazzlingGleam,CalmMind,Protect|Timid||F|||50|
|showteam|p2|Sneasler||WhiteHerb|Unburden|CloseCombat,GunkShot,FakeOut,Protect|Jolly||F|||50|]Scovillain||Scovillainite|Moody|Overheat,RagePowder,LeechSeed,Protect|Calm||F|||50|]Kingambit||ChopleBerry|Defiant|KowtowCleave,SuckerPunch,LowKick,Protect|Adamant||F|||50|]Toxapex||Leftovers|Regenerator|Infestation,WideGuard,Recover,Protect|Bold||M|||50|]Snorlax||SitrusBerry|ThickFat|DoubleEdge,Yawn,Fissure,Protect|Relaxed||M|||50|]Basculegion||ChoiceScarf|Adaptability|WaveCrash,LastRespects,FlipTurn,AquaJet|Jolly||M|||50|
|j| An555gel
|c|☆MrDarki256|Buena suerte!
|c|☆pokemonalpha.es|igualmente rey
|l| An555gel
|
|t:|1783109825
|teamsize|p1|4
|teamsize|p2|4
|start
|switch|p1a: Ceruledge|Ceruledge, L50, M|100/100
|switch|p1b: Incineroar|Incineroar, L50, F|100/100
|switch|p2a: Scovillain|Scovillain, L50, F|100/100
|switch|p2b: Toxapex|Toxapex, L50, M|100/100
|-ability|p1b: Incineroar|Intimidate|boost
|-unboost|p2a: Scovillain|atk|1
|-unboost|p2b: Toxapex|atk|1
|turn|1
|
|t:|1783109852
|move|p1b: Incineroar|Fake Out|p2a: Scovillain
|-damage|p2a: Scovillain|86/100
|move|p1a: Ceruledge|Bulk Up|p1a: Ceruledge
|-boost|p1a: Ceruledge|atk|1
|-boost|p1a: Ceruledge|def|1
|cant|p2a: Scovillain|flinch
|move|p2b: Toxapex|Infestation|p1a: Ceruledge
|-resisted|p1a: Ceruledge|2
|-damage|p1a: Ceruledge|99/100
|-activate|p1a: Ceruledge|move: Infestation|[of] p2b: Toxapex
|
|-damage|p1a: Ceruledge|87/100|[from] move: Infestation|[partiallytrapped]
|-ability|p2a: Scovillain|Moody|boost
|-boost|p2a: Scovillain|spa|2
|-unboost|p2a: Scovillain|def|1
|upkeep
|turn|2
|
|t:|1783109894
|switch|p2a: Snorlax|Snorlax, L50, M|100/100
|move|p1a: Ceruledge|Bitter Blade|p2a: Snorlax
|-damage|p2a: Snorlax|78/100
|-heal|p1a: Ceruledge|100/100|[from] drain|[of] p2a: Snorlax
|move|p1b: Incineroar|Parting Shot|p2a: Snorlax
|-unboost|p2a: Snorlax|atk|1
|-unboost|p2a: Snorlax|spa|1
|inactive|Battle timer is ON: inactive players will automatically lose when time's up. (requested by pokemonalpha.es)
|j| raicune28
|inactive|MrDarki256 has 60 seconds left.
|
|t:|1783109932
|switch|p1b: Sinistcha|Sinistcha, L50|100/100|[from] Parting Shot
|move|p2b: Toxapex|Infestation|p1b: Sinistcha
|-damage|p1b: Sinistcha|96/100
|-activate|p1b: Sinistcha|move: Infestation|[of] p2b: Toxapex
|
|-damage|p1a: Ceruledge|87/100|[from] move: Infestation|[partiallytrapped]
|-damage|p1b: Sinistcha|84/100|[from] move: Infestation|[partiallytrapped]
|upkeep
|turn|3
|j| Prepucio Santos
|
|t:|1783109947
|switch|p2b: Scovillain|Scovillain, L50, F|86/100
|move|p1b: Sinistcha|Rage Powder|p1b: Sinistcha
|-singleturn|p1b: Sinistcha|move: Rage Powder
|move|p1a: Ceruledge|Bulk Up|p1a: Ceruledge
|-boost|p1a: Ceruledge|atk|1
|-boost|p1a: Ceruledge|def|1
|move|p2a: Snorlax|Fissure|p1b: Sinistcha|[miss]
|-miss|p2a: Snorlax|p1b: Sinistcha
|
|-end|p1a: Ceruledge|Infestation|[partiallytrapped]|[silent]
|-end|p1b: Sinistcha|Infestation|[partiallytrapped]|[silent]
|-ability|p2b: Scovillain|Moody|boost
|-boost|p2b: Scovillain|spd|2
|-unboost|p2b: Scovillain|atk|1
|upkeep
|turn|4
|c| Prepucio Santos|pene
|inactive|MrDarki256 has 30 seconds left.
|inactive|MrDarki256 has 20 seconds left.
|
|t:|1783109987
|move|p2b: Scovillain|Protect|p2b: Scovillain
|-singleturn|p2b: Scovillain|Protect
|move|p1b: Sinistcha|Rage Powder|p1b: Sinistcha
|-singleturn|p1b: Sinistcha|move: Rage Powder
|move|p1a: Ceruledge|Bitter Blade|p2b: Scovillain
|-activate|p2b: Scovillain|move: Protect
|move|p2a: Snorlax|Fissure|p1b: Sinistcha
|-damage|p1b: Sinistcha|0 fnt
|faint|p1b: Sinistcha
|-ohko
|
|-ability|p2b: Scovillain|Moody|boost
|-boost|p2b: Scovillain|spa|2
|-unboost|p2b: Scovillain|spd|1
|upkeep
|inactive|MrDarki256 has 30 seconds left.
|inactive|MrDarki256 has 20 seconds left.
|inactive|MrDarki256 has 15 seconds left.
|inactive|MrDarki256 has 10 seconds left.
|
|t:|1783110032
|switch|p1b: Incineroar|Incineroar, L50, F|100/100
|-ability|p1b: Incineroar|Intimidate|boost
|-unboost|p2a: Snorlax|atk|1
|-unboost|p2b: Scovillain|atk|1
|turn|5
|j| Jmf_vgc_92
|l| Jmf_vgc_92
|
|t:|1783110046
|switch|p2b: Toxapex|Toxapex, L50, M|100/100
|move|p1b: Incineroar|Fake Out|p2a: Snorlax
|-damage|p2a: Snorlax|71/100
|move|p1a: Ceruledge|Bitter Blade|p2b: Toxapex
|-resisted|p2b: Toxapex|1
|-damage|p2b: Toxapex|66/100
|-heal|p1a: Ceruledge|100/100|[from] drain|[of] p2b: Toxapex
|cant|p2a: Snorlax|flinch
|
|-heal|p2b: Toxapex|71/100|[from] item: Leftovers
|upkeep
|turn|6
|
|t:|1783110068
|move|p2b: Toxapex|Protect|p2b: Toxapex
|-singleturn|p2b: Toxapex|Protect
|move|p1a: Ceruledge|Bitter Blade|p2a: Snorlax
|-damage|p2a: Snorlax|40/100
|-enditem|p2a: Snorlax|Sitrus Berry|[eat]
|-heal|p2a: Snorlax|65/100|[from] item: Sitrus Berry
|move|p1b: Incineroar|Parting Shot|p2a: Snorlax
|-unboost|p2a: Snorlax|atk|1
|-unboost|p2a: Snorlax|spa|1
|
|t:|1783110078
|switch|p1b: Floette|Floette-Eternal, L50, F|100/100|[from] Parting Shot
|move|p2a: Snorlax|Yawn|p1a: Ceruledge
|-start|p1a: Ceruledge|move: Yawn|[of] p2a: Snorlax
|
|-heal|p2b: Toxapex|77/100|[from] item: Leftovers
|upkeep
|turn|7
|j| shishio_ax
|l| shishio_ax
|j| shishio_ax
|
|t:|1783110101
|detailschange|p1b: Floette|Floette-Mega, L50, F
|-mega|p1b: Floette|Floette|Floettite
|-ability|p1b: Floette|Fairy Aura
|move|p1b: Floette|Calm Mind|p1b: Floette
|-boost|p1b: Floette|spa|1
|-boost|p1b: Floette|spd|1
|move|p1a: Ceruledge|Bulk Up|p1a: Ceruledge
|-boost|p1a: Ceruledge|atk|1
|-boost|p1a: Ceruledge|def|1
|move|p2b: Toxapex|Infestation|p1b: Floette
|-resisted|p1b: Floette|1
|-damage|p1b: Floette|99/100
|-activate|p1b: Floette|move: Infestation|[of] p2b: Toxapex
|move|p2a: Snorlax|Yawn|p1b: Floette
|-start|p1b: Floette|move: Yawn|[of] p2a: Snorlax
|
|-heal|p2b: Toxapex|83/100|[from] item: Leftovers
|-damage|p1b: Floette|87/100|[from] move: Infestation|[partiallytrapped]
|-end|p1a: Ceruledge|move: Yawn|[silent]
|-status|p1a: Ceruledge|slp
|upkeep
|turn|8
|inactive|MrDarki256 has 30 seconds left.
|inactive|pokemonalpha.es has 30 seconds left.
|
|t:|1783110128
|switch|p2a: Basculegion|Basculegion, L50, M|100/100
|move|p1b: Floette|Dazzling Gleam|p2b: Toxapex|[spread] p2a,p2b
|-resisted|p2b: Toxapex|1
|-damage|p2a: Basculegion|35/100
|-damage|p2b: Toxapex|61/100
|cant|p1a: Ceruledge|slp
|move|p2b: Toxapex|Infestation|p1a: Ceruledge
|-resisted|p1a: Ceruledge|2
|-damage|p1a: Ceruledge|99/100 slp
|-activate|p1a: Ceruledge|move: Infestation|[of] p2b: Toxapex
|
|-heal|p2b: Toxapex|66/100|[from] item: Leftovers
|-damage|p1b: Floette|75/100|[from] move: Infestation|[partiallytrapped]
|-damage|p1a: Ceruledge|87/100 slp|[from] move: Infestation|[partiallytrapped]
|-end|p1b: Floette|move: Yawn|[silent]
|-status|p1b: Floette|slp
|upkeep
|turn|9
|c| shishio_ax|Me acabo de dar cuenta
|c| Prepucio Santos|si
|c| shishio_ax|Emilio esta esencialmente llevando Ting-Lu Dondozo
|inactive|MrDarki256 has 30 seconds left.
|
|t:|1783110156
|-heal|p2b: Toxapex|100/100|[from] ability: Regenerator|[silent]
|switch|p2b: Scovillain|Scovillain, L50, F|86/100
|cant|p1a: Ceruledge|slp
|move|p2a: Basculegion|Wave Crash|p1a: Ceruledge
|-supereffective|p1a: Ceruledge|1
|-damage|p1a: Ceruledge|20/100y slp
|-damage|p2a: Basculegion|14/100|[from] Recoil
|cant|p1b: Floette|slp
|
|-end|p1b: Floette|Infestation|[partiallytrapped]|[silent]
|-end|p1a: Ceruledge|Infestation|[partiallytrapped]|[silent]
|-ability|p2b: Scovillain|Moody|boost
|-boost|p2b: Scovillain|def|2
|-unboost|p2b: Scovillain|spa|1
|upkeep
|turn|10
|inactive|MrDarki256 has 30 seconds left.
|
|t:|1783110193
|detailschange|p2b: Scovillain|Scovillain-Mega, L50, F
|-mega|p2b: Scovillain|Scovillain|Scovillainite
|move|p2b: Scovillain|Rage Powder|p2b: Scovillain
|-singleturn|p2b: Scovillain|move: Rage Powder
|-curestatus|p1a: Ceruledge|slp|[msg]
|move|p1a: Ceruledge|Shadow Sneak|p2b: Scovillain
|-damage|p2b: Scovillain|58/100
|-immune|p1a: Ceruledge
|move|p2a: Basculegion|Wave Crash|p1a: Ceruledge
|-supereffective|p1a: Ceruledge|1
|-damage|p1a: Ceruledge|0 fnt
|faint|p1a: Ceruledge
|-damage|p2a: Basculegion|8/100|[from] Recoil
|cant|p1b: Floette|slp
|
|upkeep
|c| Prepucio Santos|emilio esta llevando los crimenes de algeciras
|
|t:|1783110203
|switch|p1a: Incineroar|Incineroar, L50, F|100/100
|-ability|p1a: Incineroar|Intimidate|boost
|-unboost|p2a: Basculegion|atk|1
|-unboost|p2b: Scovillain|atk|1
|turn|11
|
|t:|1783110216
|-curestatus|p1b: Floette|slp|[msg]
|move|p1b: Floette|Protect|p1b: Floette
|-singleturn|p1b: Floette|Protect
|move|p2b: Scovillain|Protect|p2b: Scovillain
|-singleturn|p2b: Scovillain|Protect
|move|p2a: Basculegion|Wave Crash|p1a: Incineroar
|-supereffective|p1a: Incineroar|1
|-damage|p1a: Incineroar|22/100
|-enditem|p1a: Incineroar|Sitrus Berry|[eat]
|-heal|p1a: Incineroar|47/100|[from] item: Sitrus Berry
|-damage|p2a: Basculegion|0 fnt|[from] Recoil
|faint|p2a: Basculegion
|move|p1a: Incineroar|Throat Chop|p2b: Scovillain
|-activate|p2b: Scovillain|move: Protect
|
|upkeep
|
|t:|1783110229
|switch|p2a: Toxapex|Toxapex, L50, M|100/100
|turn|12
|
|t:|1783110247
|move|p2a: Toxapex|Wide Guard|p2a: Toxapex
|-singleturn|p2a: Toxapex|Wide Guard
|move|p1b: Floette|Dazzling Gleam|p2a: Toxapex|[spread] 
|-activate|p2a: Toxapex|move: Wide Guard
|-activate|p2b: Scovillain|move: Wide Guard
|move|p1a: Incineroar|Flare Blitz|p2b: Scovillain
|-damage|p2b: Scovillain|36/100
|-immune|p1a: Incineroar
|-damage|p1a: Incineroar|41/100|[from] Recoil
|move|p2b: Scovillain|Leech Seed|p1b: Floette|[miss]
|-miss|p2b: Scovillain|p1b: Floette
|
|upkeep
|turn|13
|c|☆pokemonalpha.es|noooooo
|inactive|MrDarki256 has 30 seconds left.
|
|t:|1783110277
|move|p2b: Scovillain|Protect|p2b: Scovillain
|-singleturn|p2b: Scovillain|Protect
|move|p1b: Floette|Draining Kiss|p2b: Scovillain
|-activate|p2b: Scovillain|move: Protect
|move|p1a: Incineroar|Flare Blitz|p2b: Scovillain
|-activate|p2b: Scovillain|move: Protect
|move|p2a: Toxapex|Infestation|p1b: Floette
|-resisted|p1b: Floette|1
|-crit|p1b: Floette
|-damage|p1b: Floette|73/100
|-activate|p1b: Floette|move: Infestation|[of] p2a: Toxapex
|
|-damage|p1b: Floette|61/100|[from] move: Infestation|[partiallytrapped]
|upkeep
|turn|14
|c| Prepucio Santos|jaja pimiento ciego
|c| Prepucio Santos|brrrr
|
|t:|1783110291
|move|p2a: Toxapex|Wide Guard|p2a: Toxapex
|-singleturn|p2a: Toxapex|Wide Guard
|move|p1b: Floette|Draining Kiss|p2b: Scovillain
|-resisted|p2b: Scovillain|1
|-damage|p2b: Scovillain|13/100
|-heal|p1b: Floette|80/100|[from] drain|[of] p2b: Scovillain
|-status|p1b: Floette|brn|[from] ability: Spicy Spray|[of] p2b: Scovillain
|move|p1a: Incineroar|Throat Chop|p2b: Scovillain
|-damage|p2b: Scovillain|0 fnt
|-immune|p1a: Incineroar
|faint|p2b: Scovillain
|
|-damage|p1b: Floette|75/100 brn|[from] brn
|-damage|p1b: Floette|62/100 brn|[from] move: Infestation|[partiallytrapped]
|upkeep
|c| Prepucio Santos|pimientos del cegon de la once
|
|t:|1783110300
|switch|p2b: Snorlax|Snorlax, L50, M|65/100
|turn|15
|
|t:|1783110312
|move|p1b: Floette|Draining Kiss|p2b: Snorlax
|-damage|p2b: Snorlax|36/100
|-heal|p1b: Floette|100/100 brn|[from] drain|[of] p2b: Snorlax
|move|p1a: Incineroar|Throat Chop|p2b: Snorlax
|-damage|p2b: Snorlax|17/100
|-start|p2b: Snorlax|Throat Chop|[silent]
|move|p2a: Toxapex|Infestation|p1a: Incineroar
|-damage|p1a: Incineroar|38/100
|-activate|p1a: Incineroar|move: Infestation|[of] p2a: Toxapex
|move|p2b: Snorlax|Double-Edge|p1b: Floette
|-damage|p1b: Floette|51/100 brn
|-damage|p2b: Snorlax|7/100|[from] Recoil
|
|-damage|p1b: Floette|45/100 brn|[from] brn
|-damage|p1b: Floette|33/100 brn|[from] move: Infestation|[partiallytrapped]
|-damage|p1a: Incineroar|26/100|[from] move: Infestation|[partiallytrapped]
|upkeep
|turn|16
|c| shishio_ax|El pimiento es Chi-Yu
|c| shishio_ax|Emilio esta jugando Reg F
|c| Prepucio Santos|que asco da toxapex
|
|t:|1783110336
|move|p2b: Snorlax|Protect|p2b: Snorlax
|-singleturn|p2b: Snorlax|Protect
|move|p1b: Floette|Draining Kiss|p2a: Toxapex
|-resisted|p2a: Toxapex|1
|-damage|p2a: Toxapex|82/100
|-heal|p1b: Floette|46/100 brn|[from] drain|[of] p2a: Toxapex
|move|p1a: Incineroar|Throat Chop|p2b: Snorlax
|-activate|p2b: Snorlax|move: Protect
|move|p2a: Toxapex|Recover|p2a: Toxapex
|-heal|p2a: Toxapex|100/100
|
|-damage|p1b: Floette|41/100 brn|[from] brn
|-damage|p1b: Floette|28/100 brn|[from] move: Infestation|[partiallytrapped]
|-damage|p1a: Incineroar|13/100|[from] move: Infestation|[partiallytrapped]
|-end|p2b: Snorlax|Throat Chop|[silent]
|upkeep
|turn|17
|
|t:|1783110357
|move|p2b: Snorlax|Protect|p2b: Snorlax
|-singleturn|p2b: Snorlax|Protect
|move|p1b: Floette|Calm Mind|p1b: Floette
|-boost|p1b: Floette|spa|1
|-boost|p1b: Floette|spd|1
|move|p1a: Incineroar|Throat Chop|p2b: Snorlax
|-activate|p2b: Snorlax|move: Protect
|move|p2a: Toxapex|Infestation|p1a: Incineroar
|-damage|p1a: Incineroar|10/100
|
|-damage|p1b: Floette|23/100 brn|[from] brn
|-damage|p1b: Floette|10/100 brn|[from] move: Infestation|[partiallytrapped]
|-damage|p1a: Incineroar|0 fnt|[from] move: Infestation|[partiallytrapped]
|faint|p1a: Incineroar
|upkeep
|turn|18
|
|t:|1783110369
|move|p2a: Toxapex|Protect|p2a: Toxapex
|-singleturn|p2a: Toxapex|Protect
|move|p1b: Floette|Draining Kiss|p2b: Snorlax
|-damage|p2b: Snorlax|0 fnt
|-heal|p1b: Floette|21/100 brn|[from] drain|[of] p2b: Snorlax
|faint|p2b: Snorlax
|
|-damage|p1b: Floette|15/100 brn|[from] brn
|-end|p1b: Floette|Infestation|[partiallytrapped]
|upkeep
|turn|19
|
|t:|1783110376
|move|p1b: Floette|Draining Kiss|p2a: Toxapex
|-resisted|p2a: Toxapex|1
|-damage|p2a: Toxapex|75/100
|-heal|p1b: Floette|33/100 brn|[from] drain|[of] p2a: Toxapex
|move|p2a: Toxapex|Infestation|p1b: Floette
|-resisted|p1b: Floette|1
|-damage|p1b: Floette|33/100 brn
|-activate|p1b: Floette|move: Infestation|[of] p2a: Toxapex
|
|-heal|p2a: Toxapex|80/100|[from] item: Leftovers
|-damage|p1b: Floette|27/100 brn|[from] brn
|-damage|p1b: Floette|15/100 brn|[from] move: Infestation|[partiallytrapped]
|upkeep
|turn|20
|
|t:|1783110386
|move|p2a: Toxapex|Protect|p2a: Toxapex
|-singleturn|p2a: Toxapex|Protect
|move|p1b: Floette|Calm Mind|p1b: Floette
|-boost|p1b: Floette|spa|1
|-boost|p1b: Floette|spd|1
|
|-heal|p2a: Toxapex|86/100|[from] item: Leftovers
|-damage|p1b: Floette|9/100 brn|[from] brn
|-damage|p1b: Floette|0 fnt|[from] move: Infestation|[partiallytrapped]
|faint|p1b: Floette
|
|win|pokemonalpha.es
||MrDarki256 is ready for game 2.
|c| shishio_ax|0????
||pokemonalpha.es is ready for game 2.
|uhtml|next|Next: Game 2 of 3
|l| raicune28
|l| shishio_ax
