|j|☆PJG4487
|j|☆applejuice1738
|html|PJG4487applejuice1738    
|uhtml|bestof|Game 1 of a best-of-3
|t:|1783553478
|gametype|doubles
|player|p1|PJG4487|169|
|player|p2|applejuice1738|101|
|gen|9
|tier|[Gen 9 Champions] VGC 2026 Reg M-B (Bo3)
|rule|Species Clause: Limit one of each Pokémon
|rule|Item Clause: Limit 1 of each item
|clearpoke
|poke|p1|Floette-Eternal, L50, F|
|poke|p1|Arcanine-Hisui, L50, F|
|poke|p1|Blastoise, L50, M|
|poke|p1|Sableye, L50, M|
|poke|p1|Umbreon, L50, M|
|poke|p1|Tauros-Paldea-Aqua, L50, M|
|poke|p2|Torterra, L50, M|
|poke|p2|Runerigus, L50, M, shiny|
|poke|p2|Mawile, L50, F|
|poke|p2|Crabominable, L50, M, shiny|
|poke|p2|Gardevoir, L50, F, shiny|
|poke|p2|Spiritomb, L50, M|
|teampreview|4
|showteam|p1|Floette-Eternal||Floettite|FlowerVeil|LightofRuin,DazzlingGleam,Protect,PollenPuff|Modest||F|||50|]Arcanine-Hisui||LifeOrb|RockHead|HeadSmash,FlareBlitz,Snarl,Protect|Adamant||F|||50|]Blastoise||Blastoisinite|Torrent|ShellSmash,DarkPulse,AuraSphere,FakeOut|Modest||M|||50|]Sableye||LightClay|Prankster|WillOWisp,Reflect,KnockOff,FakeOut|Careful||M|||50|]Umbreon||Leftovers|InnerFocus|Toxic,FoulPlay,Protect,Yawn|Impish||M|||50|]Tauros-Paldea-Aqua||FocusSash|Intimidate|WaveCrash,Protect,CloseCombat,HighHorsepower|Adamant||M|||50|
|showteam|p2|Torterra||Leftovers|Overgrow|WoodHammer,HighHorsepower,HeavySlam,Crunch|Brave||M|||50|]Runerigus||BrightPowder|WanderingSpirit|TrickRoom,Psychic,WillOWisp,Taunt|Sassy||M|||50|]Mawile||Mawilite|HyperCutter|SuckerPunch,IcePunch,PlayRough,Protect|Adamant||F|||50|]Crabominable||KingsRock|IronFist|IceBeam,DrainPunch,ThunderPunch,BulkUp|Brave||M|||50|]Gardevoir||Gardevoirite|Trace|TrickRoom,HyperVoice,FocusBlast,Protect|Sassy||F|||50|]Spiritomb||MentalHerb|Infiltrator|TrickRoom,HelpingHand,ShadowBall,IcyWind|Relaxed||M|||50|
|j| NewTrainaOnDaBlock
|j| bphind722
|c| bphind722|This PJ guy smells weirdly like my cum
|l| bphind722
|
|t:|1783553764
|teamsize|p1|4
|teamsize|p2|4
|start
|switch|p1a: Arcanine|Arcanine-Hisui, L50, F|100/100
|switch|p1b: Sableye|Sableye, L50, M|100/100
|switch|p2a: GOAT|Torterra, L50, M|100/100
|switch|p2b: BADDIE ALERT|Gardevoir, L50, F, shiny|100/100
|-ability|p2b: BADDIE ALERT|Prankster|Trace|[from] ability: Trace|[of] p1b: Sableye
|turn|1
|
|t:|1783553872
|move|p1b: Sableye|Fake Out|p2b: BADDIE ALERT
|-damage|p2b: BADDIE ALERT|89/100
|move|p1a: Arcanine|Flare Blitz|p2a: GOAT
|-supereffective|p2a: GOAT|1
|-damage|p2a: GOAT|0 fnt
|faint|p2a: GOAT
|-damage|p1a: Arcanine|90/100|[from] item: Life Orb
|cant|p2b: BADDIE ALERT|flinch
|
|upkeep
|
|t:|1783553885
|switch|p2a: Crab-Daddy Feast|Crabominable, L50, M, shiny|100/100
|turn|2
|
|t:|1783553940
|switch|p1b: Blastoise|Blastoise, L50, M|100/100
|detailschange|p2b: BADDIE ALERT|Gardevoir-Mega, L50, F, shiny
|-mega|p2b: BADDIE ALERT|Gardevoir|Gardevoirite
|move|p1a: Arcanine|Flare Blitz|p2a: Crab-Daddy Feast
|-supereffective|p2a: Crab-Daddy Feast|1
|-damage|p2a: Crab-Daddy Feast|0 fnt
|faint|p2a: Crab-Daddy Feast
|-damage|p1a: Arcanine|80/100|[from] item: Life Orb
|move|p2b: BADDIE ALERT|Hyper Voice|p1b: Blastoise|[spread] p1a,p1b
|-resisted|p1a: Arcanine|1
|-damage|p1a: Arcanine|55/100
|-damage|p1b: Blastoise|59/100
|
|upkeep
|
|t:|1783553953
|switch|p2a: Ghost Pizza|Spiritomb, L50, M|100/100
|turn|3
|
|t:|1783553974
|detailschange|p1b: Blastoise|Blastoise-Mega, L50, M
|-mega|p1b: Blastoise|Blastoise|Blastoisinite
|move|p1b: Blastoise|Fake Out|p2b: BADDIE ALERT
|-damage|p2b: BADDIE ALERT|77/100
|move|p1a: Arcanine|Snarl|p2b: BADDIE ALERT|[spread] p2a,p2b
|-damage|p2a: Ghost Pizza|86/100
|-damage|p2b: BADDIE ALERT|70/100
|-unboost|p2a: Ghost Pizza|spa|1
|-unboost|p2b: BADDIE ALERT|spa|1
|-damage|p1a: Arcanine|45/100|[from] item: Life Orb
|move|p2a: Ghost Pizza|Shadow Ball|p1a: Arcanine
|-damage|p1a: Arcanine|17/100
|cant|p2b: BADDIE ALERT|flinch
|
|upkeep
|turn|4
|
|t:|1783554031
|move|p1a: Arcanine|Snarl|p2b: BADDIE ALERT|[spread] p2a
|-miss|p1a: Arcanine|p2b: BADDIE ALERT
|-damage|p2a: Ghost Pizza|74/100
|-unboost|p2a: Ghost Pizza|spa|1
|-damage|p1a: Arcanine|7/100|[from] item: Life Orb
|move|p2b: BADDIE ALERT|Hyper Voice|p1b: Blastoise|[spread] p1a,p1b
|-resisted|p1a: Arcanine|1
|-damage|p1a: Arcanine|0 fnt
|-damage|p1b: Blastoise|34/100
|faint|p1a: Arcanine
|move|p1b: Blastoise|Dark Pulse|p2b: BADDIE ALERT
|-damage|p2b: BADDIE ALERT|41/100
|move|p2a: Ghost Pizza|Trick Room|p2a: Ghost Pizza
|-fieldstart|move: Trick Room|[of] p2a: Ghost Pizza
|
|upkeep
|
|t:|1783554047
|switch|p1a: Sableye|Sableye, L50, M|100/100
|turn|5
|
|t:|1783554068
|move|p2b: BADDIE ALERT|Protect|p2b: BADDIE ALERT
|-singleturn|p2b: BADDIE ALERT|Protect
|move|p1a: Sableye|Fake Out|p2b: BADDIE ALERT
|-activate|p2b: BADDIE ALERT|move: Protect
|move|p2a: Ghost Pizza|Icy Wind|p1a: Sableye|[spread] p1a,p1b
|-resisted|p1b: Blastoise|1
|-damage|p1a: Sableye|92/100
|-damage|p1b: Blastoise|32/100
|-unboost|p1a: Sableye|spe|1
|-unboost|p1b: Blastoise|spe|1
|move|p1b: Blastoise|Dark Pulse|p2b: BADDIE ALERT
|-activate|p2b: BADDIE ALERT|move: Protect
|
|upkeep
|turn|6
|
|t:|1783554117
|move|p1a: Sableye|Will-O-Wisp|p2b: BADDIE ALERT
|-status|p2b: BADDIE ALERT|brn
|move|p2a: Ghost Pizza|Shadow Ball|p1b: Blastoise
|-damage|p1b: Blastoise|19/100
|move|p1b: Blastoise|Dark Pulse|p2b: BADDIE ALERT
|-damage|p2b: BADDIE ALERT|12/100 brn
|move|p2b: BADDIE ALERT|Hyper Voice|p1b: Blastoise|[spread] p1a,p1b
|-supereffective|p1a: Sableye|1
|-damage|p1a: Sableye|16/100
|-damage|p1b: Blastoise|0 fnt
|faint|p1b: Blastoise
|
|-damage|p2b: BADDIE ALERT|6/100 brn|[from] brn
|upkeep
|
|t:|1783554131
|switch|p1b: Tauros|Tauros-Paldea-Aqua, L50, M|100/100
|-ability|p1b: Tauros|Intimidate|boost
|-unboost|p2a: Ghost Pizza|atk|1
|-unboost|p2b: BADDIE ALERT|atk|1
|turn|7
|
|t:|1783554300
|move|p2a: Ghost Pizza|Helping Hand|p2b: BADDIE ALERT
|-singleturn|p2b: BADDIE ALERT|Helping Hand|[of] p2a: Ghost Pizza
|move|p1b: Tauros|Protect|p1b: Tauros
|-singleturn|p1b: Tauros|Protect
|move|p1a: Sableye|Knock Off|p2a: Ghost Pizza
|-damage|p2a: Ghost Pizza|51/100
|-enditem|p2a: Ghost Pizza|Mental Herb|[from] move: Knock Off|[of] p1a: Sableye
|move|p2b: BADDIE ALERT|Hyper Voice|p1b: Tauros|[spread] p1a
|-activate|p1b: Tauros|move: Protect
|-supereffective|p1a: Sableye|1
|-damage|p1a: Sableye|0 fnt
|faint|p1a: Sableye
|
|-damage|p2b: BADDIE ALERT|1/100 brn|[from] brn
|upkeep
|turn|8
|j| Dlaudibe
|
|t:|1783554380
|move|p2a: Ghost Pizza|Shadow Ball|p1b: Tauros
|-damage|p1b: Tauros|74/100
|move|p2b: BADDIE ALERT|Hyper Voice|p1b: Tauros
|-supereffective|p1b: Tauros|1
|-damage|p1b: Tauros|0 fnt
|faint|p1b: Tauros
|
|win|applejuice1738
||PJG4487 is ready for game 2.
|inactive|applejuice1738 has 30 seconds to confirm battle start!
|inactive|applejuice1738 has 20 seconds to confirm battle start!
|inactive|applejuice1738 has 10 seconds to confirm battle start!
