|j|☆hytori
|j|☆dinosakura
|html|hytoridinosakura    
|uhtml|bestof|Game 1 of a best-of-3
|t:|1757819333
|gametype|doubles
|player|p1|hytori|picnicker|
|player|p2|dinosakura|picnicker|
|gen|9
|tier|[Gen 9] VGC 2025 Reg H (Bo3)
|rule|Species Clause: Limit one of each Pokémon
|rule|Item Clause: Limit 1 of each item
|clearpoke
|poke|p1|Charizard, L50, F|
|poke|p1|Torkoal, L50, M|
|poke|p1|Porygon2, L50|
|poke|p1|Incineroar, L50, F|
|poke|p1|Jumpluff, L50, M|
|poke|p1|Ursaluna, L50, M|
|poke|p2|Jolteon, L50, M|
|poke|p2|Ursaluna-Bloodmoon, L50, M|
|poke|p2|Gholdengo, L50|
|poke|p2|Malamar, L50, M|
|poke|p2|Incineroar, L50, M|
|poke|p2|Ninetales-Alola, L50, F|
|teampreview|4
|showteam|p1|Charizard||ChoiceSpecs|SolarPower|HeatWave,Overheat,WeatherBall,AirSlash|||F|||50|,,,,,Ghost]Torkoal||EjectPack|Drought|Eruption,Overheat,HelpingHand,Protect|||M|||50|,,,,,Fire]Porygon2||Eviolite|Download|TeraBlast,IceBeam,Recover,TrickRoom||||||50|,,,,,Fighting]Incineroar||SitrusBerry|Intimidate|FlareBlitz,KnockOff,FakeOut,PartingShot|||F|||50|,,,,,Ghost]Jumpluff||CovertCloak|Chlorophyll|SleepPowder,SunnyDay,RagePowder,Tailwind|||M|||50|,,,,,Water]Ursaluna||FlameOrb|Guts|HeadlongRush,Facade,Earthquake,Protect|||M|||50|,,,,,Ghost
|showteam|p2|Jolteon||FocusSash|VoltAbsorb|Electroweb,FakeTears,Detect,Thunderbolt|||M|||50|,,,,,Ghost]Ursaluna-Bloodmoon||LifeOrb|MindsEye|HyperVoice,EarthPower,BloodMoon,Protect|||M|||50|,,,,,Ghost]Gholdengo||ChoiceScarf|GoodasGold|MakeItRain,FocusBlast,ShadowBall,PowerGem||||||50|,,,,,Steel]Malamar||SitrusBerry|Contrary|TrickRoom,ThroatChop,Superpower,Protect|||M|||50|,,,,,Steel]Incineroar||RockyHelmet|Intimidate|FakeOut,KnockOff,FlareBlitz,PartingShot|||M|||50|,,,,,Fairy]Ninetales-Alola||CovertCloak|SnowWarning|Blizzard,FreezeDry,AuroraVeil,Protect|||F|||50|,,,,,Water
|j| We_Are_Toasted
|l|☆dinosakura
|player|p2|
|l| We_Are_Toasted
|j|☆dinosakura
|player|p2|dinosakura|picnicker|
|
|t:|1757819460
|teamsize|p1|4
|teamsize|p2|4
|start
|switch|p1a: Charizard|Charizard, L50, F|100/100
|switch|p1b: Jumpluff|Jumpluff, L50, M|100/100
|switch|p2a: Jolteon|Jolteon, L50, M|100/100
|switch|p2b: Malamar|Malamar, L50, M, shiny|100/100
|turn|1
|
|t:|1757819504
|move|p2a: Jolteon|Fake Tears|p2b: Malamar
|-boost|p2b: Malamar|spd|2
|move|p1b: Jumpluff|Sunny Day|p1b: Jumpluff
|-weather|SunnyDay
|move|p1a: Charizard|Overheat|p2b: Malamar|[miss]
|-miss|p1a: Charizard|p2b: Malamar
|move|p2b: Malamar|Throat Chop|p1a: Charizard
|-damage|p1a: Charizard|51/100
|-start|p1a: Charizard|Throat Chop|[silent]
|
|-weather|SunnyDay|[upkeep]
|-damage|p1a: Charizard|39/100|[from] ability: Solar Power|[of] p1a: Charizard
|upkeep
|turn|2
|
|t:|1757819611
|move|p1b: Jumpluff|Sleep Powder|p2b: Malamar
|-status|p2b: Malamar|slp|[from] move: Sleep Powder
|move|p2a: Jolteon|Electroweb|p1a: Charizard|[spread] p1a,p1b
|-supereffective|p1a: Charizard
|-damage|p1a: Charizard|0 fnt
|-damage|p1b: Jumpluff|81/100
|faint|p1a: Charizard
|cant|p2b: Malamar|slp
|
|-weather|SunnyDay|[upkeep]
|upkeep
|
|t:|1757819625
|switch|p1a: Porygon2|Porygon2, L50|100/100
|-ability|p1a: Porygon2|Download|boost
|-boost|p1a: Porygon2|atk|1
|turn|3
|
|t:|1757819672
|-terastallize|p1a: Porygon2|Fighting
|move|p1b: Jumpluff|Sleep Powder|p2a: Jolteon
|-status|p2a: Jolteon|slp|[from] move: Sleep Powder
|cant|p2a: Jolteon|slp
|move|p1a: Porygon2|Tera Blast|p2b: Malamar|[anim] Tera Blast Fighting
|-damage|p2b: Malamar|81/100 slp
|-curestatus|p2b: Malamar|slp|[msg]
|move|p2b: Malamar|Superpower|p1a: Porygon2
|-damage|p1a: Porygon2|79/100
|-boost|p2b: Malamar|atk|1
|-boost|p2b: Malamar|def|1
|
|-weather|SunnyDay|[upkeep]
|upkeep
|turn|4
|
|t:|1757819720
|move|p1b: Jumpluff|Sleep Powder|p2b: Malamar
|-status|p2b: Malamar|slp|[from] move: Sleep Powder
|cant|p2a: Jolteon|slp
|move|p1a: Porygon2|Tera Blast|p2a: Jolteon|[anim] Tera Blast Fighting
|-damage|p2a: Jolteon|51/100 slp
|cant|p2b: Malamar|slp
|
|-weather|SunnyDay|[upkeep]
|upkeep
|turn|5
|
|t:|1757819748
|move|p1b: Jumpluff|Tailwind|p1b: Jumpluff
|-sidestart|p1: hytori|move: Tailwind
|-curestatus|p2a: Jolteon|slp|[msg]
|move|p2a: Jolteon|Thunderbolt|p1b: Jumpluff
|-damage|p1b: Jumpluff|38/100
|move|p1a: Porygon2|Tera Blast|p2a: Jolteon|[anim] Tera Blast Fighting
|-damage|p2a: Jolteon|3/100
|-curestatus|p2b: Malamar|slp|[msg]
|move|p2b: Malamar|Superpower|p1a: Porygon2
|-damage|p1a: Porygon2|48/100
|-boost|p2b: Malamar|atk|1
|-boost|p2b: Malamar|def|1
|
|-weather|none
|upkeep
|turn|6
|
|t:|1757819796
|move|p2a: Jolteon|Detect|p2a: Jolteon
|-singleturn|p2a: Jolteon|Protect
|move|p2b: Malamar|Protect|p2b: Malamar
|-singleturn|p2b: Malamar|Protect
|move|p1b: Jumpluff|Sunny Day|p1b: Jumpluff
|-weather|SunnyDay
|move|p1a: Porygon2|Recover|p1a: Porygon2
|-heal|p1a: Porygon2|98/100
|
|-weather|SunnyDay|[upkeep]
|upkeep
|turn|7
|
|t:|1757819829
|move|p1b: Jumpluff|Sleep Powder|p2b: Malamar
|-status|p2b: Malamar|slp|[from] move: Sleep Powder
|move|p2a: Jolteon|Thunderbolt|p1b: Jumpluff
|-damage|p1b: Jumpluff|0 fnt
|faint|p1b: Jumpluff
|move|p1a: Porygon2|Ice Beam|p2a: Jolteon
|-damage|p2a: Jolteon|0 fnt
|faint|p2a: Jolteon
|cant|p2b: Malamar|slp
|
|-weather|SunnyDay|[upkeep]
|upkeep
|
|t:|1757819843
|switch|p2a: Ursaluna|Ursaluna-Bloodmoon, L50, M|100/100
|switch|p1b: Torkoal|Torkoal, L50, M|100/100
|turn|8
|
|t:|1757819867
|move|p1b: Torkoal|Protect|p1b: Torkoal
|-singleturn|p1b: Torkoal|Protect
|move|p2a: Ursaluna|Blood Moon|p1a: Porygon2
|-damage|p1a: Porygon2|30/100
|-damage|p2a: Ursaluna|91/100|[from] item: Life Orb
|cant|p2b: Malamar|slp
|move|p1a: Porygon2|Trick Room|p1a: Porygon2
|-fieldstart|move: Trick Room|[of] p1a: Porygon2
|
|-weather|SunnyDay|[upkeep]
|-sideend|p1: hytori|move: Tailwind
|upkeep
|turn|9
|
|t:|1757819889
|move|p1b: Torkoal|Eruption|p2a: Ursaluna|[spread] p2a,p2b
|-damage|p2a: Ursaluna|0 fnt
|-damage|p2b: Malamar|45/100 slp
|-enditem|p2b: Malamar|Sitrus Berry|[eat]
|-heal|p2b: Malamar|70/100 slp|[from] item: Sitrus Berry
|faint|p2a: Ursaluna
|cant|p2b: Malamar|slp
|move|p1a: Porygon2|Recover|p1a: Porygon2
|-heal|p1a: Porygon2|80/100
|
|-weather|SunnyDay|[upkeep]
|upkeep
|
|t:|1757819894
|switch|p2a: Ninetales|Ninetales-Alola, L50, F, shiny|100/100
|-weather|Snowscape|[from] ability: Snow Warning|[of] p2a: Ninetales
|turn|10
|
|t:|1757819922
|-terastallize|p2a: Ninetales|Water
|move|p1b: Torkoal|Eruption|p2b: Malamar|[spread] p2a,p2b
|-resisted|p2a: Ninetales
|-damage|p2a: Ninetales|71/100
|-damage|p2b: Malamar|47/100 slp
|-curestatus|p2b: Malamar|slp|[msg]
|move|p2b: Malamar|Superpower|p1b: Torkoal
|-damage|p1b: Torkoal|52/100
|-boost|p2b: Malamar|atk|1
|-boost|p2b: Malamar|def|1
|move|p1a: Porygon2|Tera Blast|p2a: Ninetales|[anim] Tera Blast Fighting
|-damage|p2a: Ninetales|24/100
|move|p2a: Ninetales|Aurora Veil|p2a: Ninetales
|-sidestart|p2: dinosakura|move: Aurora Veil
|
|-weather|Snowscape|[upkeep]
|upkeep
|turn|11
|
|t:|1757819949
|move|p1b: Torkoal|Eruption|p2a: Ninetales|[spread] p2a,p2b
|-resisted|p2a: Ninetales
|-damage|p2a: Ninetales|15/100
|-damage|p2b: Malamar|40/100
|move|p2b: Malamar|Superpower|p1a: Porygon2
|-damage|p1a: Porygon2|28/100
|-boost|p2b: Malamar|atk|1
|-boost|p2b: Malamar|def|1
|move|p1a: Porygon2|Tera Blast|p2a: Ninetales|[anim] Tera Blast Fighting
|-damage|p2a: Ninetales|0 fnt
|faint|p2a: Ninetales
|
|-weather|Snowscape|[upkeep]
|upkeep
|turn|12
|
|t:|1757819963
|move|p1b: Torkoal|Protect|p1b: Torkoal
|-singleturn|p1b: Torkoal|Protect
|move|p2b: Malamar|Throat Chop|p1b: Torkoal
|-activate|p1b: Torkoal|move: Protect
|move|p1a: Porygon2|Tera Blast|p2b: Malamar|[anim] Tera Blast Fighting
|-damage|p2b: Malamar|27/100
|
|-weather|Snowscape|[upkeep]
|-fieldend|move: Trick Room
|upkeep
|turn|13
|
|t:|1757819978
|move|p1a: Porygon2|Tera Blast|p2b: Malamar|[anim] Tera Blast Fighting
|-damage|p2b: Malamar|15/100
|move|p2b: Malamar|Superpower|p1b: Torkoal
|-damage|p1b: Torkoal|0 fnt
|-boost|p2b: Malamar|atk|1
|-boost|p2b: Malamar|def|1
|faint|p1b: Torkoal
|
|-weather|Snowscape|[upkeep]
|upkeep
|turn|14
|
|t:|1757819991
|move|p1a: Porygon2|Ice Beam|p2b: Malamar
|-damage|p2b: Malamar|5/100
|move|p2b: Malamar|Superpower|p1a: Porygon2
|-damage|p1a: Porygon2|0 fnt
|-boost|p2b: Malamar|atk|1
|-boost|p2b: Malamar|def|1
|faint|p1a: Porygon2
|
|win|dinosakura
||dinosakura is ready for game 2.
|inactive|hytori has 30 seconds to confirm battle start!
|j| Duyheeee
||hytori is ready for game 2.
|uhtml|next|Next: Game 2 of 3
|l| Duyheeee
