|j|☆pantsuit
|j|☆dogggybears
|html|pantsuitdogggybears    
|uhtml|bestof|Game 3 of a best-of-3
|t:|1757208003
|gametype|doubles
|player|p1|pantsuit|102|1249
|player|p2|dogggybears|roxie|1208
|gen|9
|tier|[Gen 9] VGC 2025 Reg H (Bo3)
|rated|
|rule|Species Clause: Limit one of each Pokémon
|rule|Item Clause: Limit 1 of each item
|clearpoke
|poke|p1|Sneasler, L50, F|
|poke|p1|Indeedee, L50, M|
|poke|p1|Annihilape, L50, M|
|poke|p1|Tyranitar, L50, M|
|poke|p1|Corviknight, L50, F|
|poke|p1|Excadrill, L50, M|
|poke|p2|Sneasler, L50, F|
|poke|p2|Indeedee, L50, M|
|poke|p2|Volcarona, L50, F|
|poke|p2|Ursaluna-Bloodmoon, L50, M|
|poke|p2|Annihilape, L50, F|
|poke|p2|Tyranitar, L50, M|
|teampreview|4
|showteam|p1|Sneasler||PsychicSeed|Unburden|CloseCombat,DireClaw,ThroatChop,Protect|||F|||50|,,,,,Dark]Indeedee||ChoiceScarf|PsychicSurge|ExpandingForce,TeraBlast,Trick,Protect|||M|||50|,,,,,Psychic]Annihilape||SafetyGoggles|Defiant|CloseCombat,RageFist,Taunt,FinalGambit|||M|||50|,,,,,Water]Tyranitar||AssaultVest|SandStream|RockSlide,KnockOff,TeraBlast,LowKick|||M|||50|,,,,,Flying]Corviknight||Leftovers|MirrorArmor|BraveBird,BulkUp,Roost,Tailwind|||F|||50|,,,,,Dragon]Excadrill||FocusSash|SandRush|IronHead,HighHorsepower,Earthquake,Protect|||M|||50|,,,,,Stellar
|showteam|p2|Sneasler||PsychicSeed|Unburden|CloseCombat,DireClaw,ThroatChop,Protect|||F|||50|,,,,,Dark]Indeedee||ChoiceScarf|PsychicSurge|ExpandingForce,TeraBlast,Trick,Protect|||M|||50|,,,,,Psychic]Volcarona||SitrusBerry|FlameBody|Overheat,StruggleBug,RagePowder,Tailwind|||F|||50|,,,,,Grass]Ursaluna-Bloodmoon||LifeOrb|MindsEye|BloodMoon,HyperVoice,EarthPower,Protect|||M|||50|,,,,,Normal]Annihilape||SafetyGoggles|Defiant|CloseCombat,RageFist,Taunt,FinalGambit|||F|||50|,,,,,Fairy]Tyranitar||AssaultVest|SandStream|RockSlide,KnockOff,TeraBlast,LowKick|||M|||50|,,,,,Flying
|
|t:|1757208046
|teamsize|p1|4
|teamsize|p2|4
|start
|switch|p1a: Tyranitar|Tyranitar, L50, M|100/100
|switch|p1b: Excadrill|Excadrill, L50, M|100/100
|switch|p2a: Annihilape|Annihilape, L50, F|100/100
|switch|p2b: Volcarona|Volcarona, L50, F|100/100
|-weather|Sandstorm|[from] ability: Sand Stream|[of] p1a: Tyranitar
|turn|1
|
|t:|1757208091
|-terastallize|p2b: Volcarona|Grass
|-terastallize|p1a: Tyranitar|Flying
|move|p1b: Excadrill|Earthquake|p2a: Annihilape|[spread] p2a,p2b
|-immune|p1a: Tyranitar
|-resisted|p2b: Volcarona
|-damage|p2a: Annihilape|56/100
|-damage|p2b: Volcarona|75/100
|move|p2b: Volcarona|Tailwind|p2b: Volcarona
|-sidestart|p2: dogggybears|move: Tailwind
|move|p2a: Annihilape|Close Combat|p1b: Excadrill
|-supereffective|p1b: Excadrill
|-enditem|p1b: Excadrill|Focus Sash
|-damage|p1b: Excadrill|1/100
|-unboost|p2a: Annihilape|def|1
|-unboost|p2a: Annihilape|spd|1
|move|p1a: Tyranitar|Rock Slide|p2b: Volcarona|[spread] p2a,p2b
|-resisted|p2a: Annihilape
|-damage|p2a: Annihilape|33/100
|-damage|p2b: Volcarona|35/100
|-enditem|p2b: Volcarona|Sitrus Berry|[eat]
|-heal|p2b: Volcarona|60/100|[from] item: Sitrus Berry
|
|-weather|Sandstorm|[upkeep]
|-damage|p2b: Volcarona|54/100|[from] Sandstorm
|-damage|p1a: Tyranitar|95/100|[from] Sandstorm
|upkeep
|turn|2
|
|t:|1757208118
|move|p1b: Excadrill|Protect|p1b: Excadrill
|-singleturn|p1b: Excadrill|Protect
|move|p2b: Volcarona|Struggle Bug|p1a: Tyranitar|[spread] p1a
|-activate|p1b: Excadrill|move: Protect
|-resisted|p1a: Tyranitar
|-damage|p1a: Tyranitar|89/100
|-unboost|p1a: Tyranitar|spa|1
|move|p2a: Annihilape|Rage Fist|p1a: Tyranitar
|-damage|p1a: Tyranitar|37/100
|move|p1a: Tyranitar|Rock Slide|p2b: Volcarona|[spread] p2a,p2b
|-resisted|p2a: Annihilape
|-damage|p2a: Annihilape|9/100
|-damage|p2b: Volcarona|17/100
|
|-weather|Sandstorm|[upkeep]
|-damage|p2b: Volcarona|11/100|[from] Sandstorm
|-damage|p1a: Tyranitar|31/100|[from] Sandstorm
|upkeep
|turn|3
|
|t:|1757208141
|switch|p1b: Corviknight|Corviknight, L50, F|100/100
|move|p2b: Volcarona|Struggle Bug|p1b: Corviknight|[spread] p1a,p1b
|-resisted|p1a: Tyranitar
|-resisted|p1b: Corviknight
|-damage|p1a: Tyranitar|25/100
|-damage|p1b: Corviknight|97/100
|-unboost|p1a: Tyranitar|spa|1
|-ability|p1b: Corviknight|Mirror Armor
|-unboost|p2b: Volcarona|spa|1
|move|p2a: Annihilape|Rage Fist|p1a: Tyranitar
|-crit|p1a: Tyranitar
|-damage|p1a: Tyranitar|0 fnt
|faint|p1a: Tyranitar
|
|-weather|Sandstorm|[upkeep]
|-damage|p2b: Volcarona|5/100|[from] Sandstorm
|-heal|p1b: Corviknight|100/100|[from] item: Leftovers
|upkeep
|
|t:|1757208164
|switch|p1a: Indeedee|Indeedee, L50, M|100/100
|-fieldstart|move: Psychic Terrain|[from] ability: Psychic Surge|[of] p1a: Indeedee
|turn|4
|
|t:|1757208188
|move|p2b: Volcarona|Struggle Bug|p1a: Indeedee|[spread] p1a,p1b
|-supereffective|p1a: Indeedee
|-resisted|p1b: Corviknight
|-damage|p1a: Indeedee|70/100
|-damage|p1b: Corviknight|98/100
|-unboost|p1a: Indeedee|spa|1
|-ability|p1b: Corviknight|Mirror Armor
|-unboost|p2b: Volcarona|spa|1
|move|p2a: Annihilape|Rage Fist|p1b: Corviknight
|-damage|p1b: Corviknight|30/100
|move|p1a: Indeedee|Expanding Force|p2b: Volcarona|[spread] p2a,p2b
|-supereffective|p2a: Annihilape
|-damage|p2a: Annihilape|0 fnt
|-damage|p2b: Volcarona|0 fnt
|faint|p2a: Annihilape
|faint|p2b: Volcarona
|move|p1b: Corviknight|Tailwind|p1b: Corviknight
|-sidestart|p1: pantsuit|move: Tailwind
|
|-weather|Sandstorm|[upkeep]
|-damage|p1a: Indeedee|64/100|[from] Sandstorm
|-heal|p1b: Corviknight|36/100|[from] item: Leftovers
|-sideend|p2: dogggybears|move: Tailwind
|upkeep
|
|t:|1757208198
|switch|p2b: Indeedee|Indeedee, L50, M|100/100
|switch|p2a: Sneasler|Sneasler, L50, F|100/100
|-enditem|p2a: Sneasler|Psychic Seed
|-boost|p2a: Sneasler|spd|1|[from] item: Psychic Seed
|turn|5
|
|t:|1757208219
|move|p2a: Sneasler|Protect|p2a: Sneasler
|-singleturn|p2a: Sneasler|Protect
|move|p1a: Indeedee|Expanding Force|p2a: Sneasler|[spread] p2b
|-activate|p2a: Sneasler|move: Protect
|-resisted|p2b: Indeedee
|-damage|p2b: Indeedee|73/100
|move|p2b: Indeedee|Tera Blast|p1a: Indeedee
|-damage|p1a: Indeedee|10/100
|move|p1b: Corviknight|Brave Bird|p2b: Indeedee
|-damage|p2b: Indeedee|0 fnt
|faint|p2b: Indeedee
|-damage|p1b: Corviknight|20/100|[from] Recoil
|
|-weather|none
|-heal|p1b: Corviknight|26/100|[from] item: Leftovers
|upkeep
|turn|6
|
|t:|1757208237
|move|p2a: Sneasler|Protect|p2a: Sneasler
|-singleturn|p2a: Sneasler|Protect
|move|p1a: Indeedee|Expanding Force|p2a: Sneasler
|-activate|p2a: Sneasler|move: Protect
|move|p1b: Corviknight|Brave Bird|p2a: Sneasler
|-activate|p2a: Sneasler|move: Protect
|
|-heal|p1b: Corviknight|32/100|[from] item: Leftovers
|upkeep
|turn|7
|
|t:|1757208260
|move|p2a: Sneasler|Protect||[still]
|-fail|p2a: Sneasler
|move|p1a: Indeedee|Expanding Force|p2a: Sneasler
|-supereffective|p2a: Sneasler
|-damage|p2a: Sneasler|0 fnt
|faint|p2a: Sneasler
|
|win|pantsuit
|raw|pantsuit's rating: 1249 → 1271(+22 for winning)
|raw|dogggybears's rating: 1208 → 1186(-22 for losing)
|l|☆pantsuit
|player|p1|
