|j|☆Shahrozkhan096
|j|☆omg_pokemon_wow
|html|Shahrozkhan096omg_pokemon_wow    
|uhtml|bestof|Game 2 of a best-of-3
|t:|1783268735
|gametype|doubles
|player|p1|Shahrozkhan096|102|
|player|p2|omg_pokemon_wow|2|
|gen|9
|tier|[Gen 9 Champions] VGC 2026 Reg M-B (Bo3)
|rule|Species Clause: Limit one of each Pokémon
|rule|Item Clause: Limit 1 of each item
|clearpoke
|poke|p1|Charizard, L50, F, shiny|
|poke|p1|Tyrantrum, L50, F, shiny|
|poke|p1|Talonflame, L50, F|
|poke|p1|Sinistcha, L50|
|poke|p1|Milotic, L50, F, shiny|
|poke|p1|Machamp, L50, F|
|poke|p2|Lucario, L50, F|
|poke|p2|Incineroar, L50, F|
|poke|p2|Gholdengo, L50|
|poke|p2|Snorlax, L50, F|
|poke|p2|Rotom-Wash, L50|
|poke|p2|Corviknight, L50, F|
|teampreview|4
|showteam|p1|Charizard||CharizarditeY|Blaze|HeatWave,WeatherBall,SolarBeam,Protect|Modest||F|||50|]Tyrantrum||ChoiceScarf|RockHead|HeadSmash,RockSlide,DragonClaw,Crunch|Jolly||F|||50|]Talonflame||FocusSash|GaleWings|Tailwind,BraveBird,FlareBlitz,Protect|Adamant||F|||50|]Sinistcha||SitrusBerry|Hospitality|MatchaGotcha,RagePowder,Protect,StrengthSap|Bold|||||50|]Milotic||Leftovers|Competitive|Scald,IceBeam,Protect,Recover|Modest||F|||50|]Machamp||QuickClaw|NoGuard|DynamicPunch,Detect,BulkUp,DarkestLariat|Adamant||F|||50|
|showteam|p2|Lucario||Lucarionite|Steadfast|BulletPunch,CloseCombat,RockSlide,Protect|Jolly||F|||50|]Incineroar||SitrusBerry|Intimidate|FakeOut,PartingShot,FlareBlitz,Protect|Careful||F|||50|]Gholdengo||LifeOrb|GoodasGold|MakeItRain,ShadowBall,PowerGem,Protect|Timid|||||50|]Snorlax||BrightPowder|ThickFat|BodySlam,RockSlide,ThunderPunch,Curse|Adamant||F|||50|]Rotom-Wash||Leftovers|Levitate|VoltSwitch,HydroPump,Thunderbolt,Protect|Modest|||||50|]Corviknight||MetalCoat|MirrorArmor|IronHead,Tailwind,Protect,BraveBird|Impish||F|||50|
|j| babayaga27
|
|t:|1783268820
|teamsize|p1|4
|teamsize|p2|4
|start
|switch|p1a: Talonflame|Talonflame, L50, F|100/100
|switch|p1b: Charizard|Charizard, L50, F, shiny|100/100
|switch|p2a: Rotom|Rotom-Wash, L50|100/100
|switch|p2b: Snorlax|Snorlax, L50, F|100/100
|turn|1
|l|☆Shahrozkhan096
|player|p1|
|j|☆Shahrozkhan096
|player|p1|Shahrozkhan096|102|
|
|t:|1783269048
|switch|p1b: Milotic|Milotic, L50, F, shiny|100/100
|move|p2a: Rotom|Protect|p2a: Rotom
|-singleturn|p2a: Rotom|Protect
|move|p1a: Talonflame|Tailwind|p1a: Talonflame
|-sidestart|p1: Shahrozkhan096|move: Tailwind
|move|p2b: Snorlax|Rock Slide|p1b: Milotic|[spread] p1a,p1b
|-supereffective|p1a: Talonflame|2
|-enditem|p1a: Talonflame|Focus Sash
|-damage|p1a: Talonflame|1/100
|-damage|p1b: Milotic|80/100
|
|-heal|p1b: Milotic|86/100|[from] item: Leftovers
|upkeep
|turn|2
|
|t:|1783269083
|move|p1a: Talonflame|Brave Bird|p2a: Rotom
|-resisted|p2a: Rotom|1
|-damage|p2a: Rotom|71/100
|-damage|p1a: Talonflame|0 fnt|[from] Recoil
|faint|p1a: Talonflame
|move|p1b: Milotic|Scald|p2a: Rotom
|-resisted|p2a: Rotom|1
|-damage|p2a: Rotom|50/100g
|-status|p2a: Rotom|brn
|move|p2a: Rotom|Thunderbolt|p1b: Milotic
|-supereffective|p1b: Milotic|1
|-damage|p1b: Milotic|12/100
|move|p2b: Snorlax|Rock Slide|p1b: Milotic
|-damage|p1b: Milotic|0 fnt
|faint|p1b: Milotic
|
|-heal|p2a: Rotom|56/100 brn|[from] item: Leftovers
|-damage|p2a: Rotom|50/100g brn|[from] brn
|upkeep
|
|t:|1783269101
|switch|p1a: Charizard|Charizard, L50, F, shiny|100/100
|switch|p1b: Sinistcha|Sinistcha, L50|100/100
|turn|3
|
|t:|1783269128
|detailschange|p1a: Charizard|Charizard-Mega-Y, L50, F, shiny
|-mega|p1a: Charizard|Charizard|Charizardite Y
|-weather|SunnyDay|[from] ability: Drought|[of] p1a: Charizard
|move|p2a: Rotom|Protect|p2a: Rotom
|-singleturn|p2a: Rotom|Protect
|move|p1a: Charizard|Weather Ball|p2b: Snorlax
|-damage|p2b: Snorlax|68/100
|move|p1b: Sinistcha|Matcha Gotcha|p2b: Snorlax|[spread] p2b
|-activate|p2a: Rotom|move: Protect
|-damage|p2b: Snorlax|51/100
|move|p2b: Snorlax|Rock Slide|p1b: Sinistcha|[spread] p1a,p1b
|-supereffective|p1a: Charizard|2
|-damage|p1a: Charizard|0 fnt
|-damage|p1b: Sinistcha|82/100
|faint|p1a: Charizard
|
|-weather|SunnyDay|[upkeep]
|-heal|p2a: Rotom|56/100 brn|[from] item: Leftovers
|-damage|p2a: Rotom|50/100g brn|[from] brn
|upkeep
|turn|4
|
|t:|1783269163
|move|p1b: Sinistcha|Matcha Gotcha|p2a: Rotom|[spread] p2a
|-miss|p1b: Sinistcha|p2b: Snorlax
|-supereffective|p2a: Rotom|1
|-damage|p2a: Rotom|0 fnt
|-heal|p1b: Sinistcha|100/100|[from] drain|[of] p2a: Rotom
|faint|p2a: Rotom
|move|p2b: Snorlax|Thunder Punch|p1b: Sinistcha
|-resisted|p1b: Sinistcha|1
|-damage|p1b: Sinistcha|89/100
|-status|p1b: Sinistcha|par
|
|-weather|SunnyDay|[upkeep]
|-sideend|p1: Shahrozkhan096|move: Tailwind
|upkeep
|
|t:|1783269178
|switch|p2a: Incineroar|Incineroar, L50, F|100/100
|-ability|p2a: Incineroar|Intimidate|boost
|-unboost|p1b: Sinistcha|atk|1
|turn|5
|
|t:|1783269190
|move|p2a: Incineroar|Flare Blitz|p1b: Sinistcha
|-supereffective|p1b: Sinistcha|1
|-damage|p1b: Sinistcha|0 fnt
|faint|p1b: Sinistcha
|-damage|p2a: Incineroar|78/100|[from] Recoil
|
|win|omg_pokemon_wow
