|j|☆Pati_Patout
|j|☆blackstorm games
|html|Pati_Patoutblackstorm games    
|uhtml|bestof|Game 1 of a best-of-3
|t:|1756842054
|gametype|doubles
|player|p1|Pati_Patout|unknown|1185
|player|p2|blackstorm games|266|1153
|gen|9
|tier|[Gen 9] VGC 2025 Reg H (Bo3)
|rated|
|rule|Species Clause: Limit one of each Pokémon
|rule|Item Clause: Limit 1 of each item
|clearpoke
|poke|p1|Incineroar, L50, M|
|poke|p1|Gholdengo, L50|
|poke|p1|Archaludon, L50, F|
|poke|p1|Pelipper, L50, M|
|poke|p1|Basculegion, L50, M|
|poke|p1|Amoonguss, L50, M|
|poke|p2|Dragonite, L50, F|
|poke|p2|Pelipper, L50, M|
|poke|p2|Gholdengo, L50|
|poke|p2|Archaludon, L50, M|
|poke|p2|Sinistcha, L50|
|poke|p2|Ursaluna, L50, F|
|teampreview|4
|showteam|p1|Incineroar||SafetyGoggles|Intimidate|FlareBlitz,KnockOff,PartingShot,FakeOut|||M|||50|,,,,,Ghost]Gholdengo||LifeOrb|GoodasGold|MakeItRain,ShadowBall,NastyPlot,Protect||||||50|,,,,,Water]Archaludon||AssaultVest|Stamina|FlashCannon,DracoMeteor,BodyPress,ElectroShot|||F|||50|,,,,,Grass]Pelipper||FocusSash|Drizzle|Protect,WeatherBall,Hurricane,Tailwind|||M|||50|,,,,,Ghost]Basculegion||ChoiceBand|SwiftSwim|WaveCrash,LastRespects,AquaJet,FlipTurn|||M|||50|,,,,,Grass]Amoonguss||SitrusBerry|Regenerator|PollenPuff,Spore,RagePowder,Protect|||M|||50|,,,,,Psychic
|showteam|p2|Dragonite||LoadedDice|Multiscale|ScaleShot,Tailwind,Haze,Protect|||F|||50|,,,,,Fairy]Pelipper||FocusSash|Drizzle|Hurricane,Tailwind,WeatherBall,Protect|||M|||50|,,,,,Ghost]Gholdengo||LifeOrb|GoodasGold|MakeItRain,ShadowBall,NastyPlot,Protect||||||50|,,,,,Water]Archaludon||AssaultVest|Stamina|ElectroShot,BodyPress,DracoMeteor,Snarl|||M|||50|,,,,,Fighting]Sinistcha||SitrusBerry|Hospitality|MatchaGotcha,LifeDew,RagePowder,TrickRoom||||||50|,,,,,Dark]Ursaluna||FlameOrb|Guts|HeadlongRush,Earthquake,Facade,Protect|||F|||50|,,,,,Ghost
|inactive|Battle timer is ON: inactive players will automatically lose when time's up. (requested by blackstorm games)
|
|t:|1756842132
|teamsize|p1|4
|teamsize|p2|4
|start
|switch|p1a: Amoonguss|Amoonguss, L50, M|100/100
|switch|p1b: Gholdengo|Gholdengo, L50|100/100
|switch|p2a: Archaludon|Archaludon, L50, M|100/100
|switch|p2b: Dragonite|Dragonite, L50, F|100/100
|turn|1
|inactive|blackstorm games has 30 seconds left.
|
|t:|1756842158
|switch|p1b: Incineroar|Incineroar, L50, M|100/100
|-ability|p1b: Incineroar|Intimidate|boost
|-unboost|p2a: Archaludon|atk|1
|-unboost|p2b: Dragonite|atk|1
|move|p2b: Dragonite|Scale Shot|p1a: Amoonguss
|-damage|p1a: Amoonguss|92/100
|-damage|p1a: Amoonguss|85/100
|-damage|p1a: Amoonguss|77/100
|-damage|p1a: Amoonguss|70/100
|-damage|p1a: Amoonguss|63/100
|-hitcount|p1a: Amoonguss|5
|-unboost|p2b: Dragonite|def|1
|-boost|p2b: Dragonite|spe|1
|move|p2a: Archaludon|Draco Meteor|p1a: Amoonguss
|-damage|p1a: Amoonguss|6/100
|-unboost|p2a: Archaludon|spa|2
|-enditem|p1a: Amoonguss|Sitrus Berry|[eat]
|-heal|p1a: Amoonguss|31/100|[from] item: Sitrus Berry
|move|p1a: Amoonguss|Spore|p2a: Archaludon
|-status|p2a: Archaludon|slp|[from] move: Spore
|
|upkeep
|turn|2
|inactive|Pati_Patout has 30 seconds left.
|inactive|blackstorm games has 30 seconds left.
|inactive|blackstorm games has 20 seconds left.
|
|t:|1756842197
|switch|p1a: Gholdengo|Gholdengo, L50|100/100
|move|p2b: Dragonite|Protect|p2b: Dragonite
|-singleturn|p2b: Dragonite|Protect
|cant|p2a: Archaludon|slp
|move|p1b: Incineroar|Parting Shot|p2a: Archaludon
|-unboost|p2a: Archaludon|atk|1
|-unboost|p2a: Archaludon|spa|1
|
|t:|1756842208
|switch|p1b: Amoonguss|Amoonguss, L50, M|65/100|[from] Parting Shot
|
|upkeep
|turn|3
|
|t:|1756842225
|move|p2b: Dragonite|Haze|p2b: Dragonite
|-clearallboost
|move|p1a: Gholdengo|Nasty Plot|p1a: Gholdengo
|-boost|p1a: Gholdengo|spa|2
|cant|p2a: Archaludon|slp
|move|p1b: Amoonguss|Spore|p2a: Archaludon
|-fail|p2a: Archaludon|slp
|
|upkeep
|turn|4
|inactive|Pati_Patout has 30 seconds left.
|inactive|Pati_Patout has 20 seconds left.
|inactive|Pati_Patout has 15 seconds left.
|inactive|Pati_Patout has 10 seconds left.
|inactive|Pati_Patout has 5 seconds left.
|
|t:|1756842280
|move|p1a: Gholdengo|Make It Rain|p2a: Archaludon|[spread] p2a,p2b
|-resisted|p2a: Archaludon
|-damage|p2a: Archaludon|54/100 slp
|-damage|p2b: Dragonite|42/100
|-unboost|p1a: Gholdengo|spa|1
|-ability|p2a: Archaludon|Stamina|boost
|-boost|p2a: Archaludon|def|1
|-damage|p1a: Gholdengo|91/100|[from] item: Life Orb
|move|p2b: Dragonite|Haze|p2b: Dragonite
|-clearallboost
|-curestatus|p2a: Archaludon|slp|[msg]
|move|p2a: Archaludon|Snarl|p1b: Amoonguss|[spread] p1a,p1b
|-supereffective|p1a: Gholdengo
|-damage|p1a: Gholdengo|61/100
|-damage|p1b: Amoonguss|53/100
|-unboost|p1a: Gholdengo|spa|1
|-unboost|p1b: Amoonguss|spa|1
|move|p1b: Amoonguss|Pollen Puff|p2a: Archaludon
|-resisted|p2a: Archaludon
|-damage|p2a: Archaludon|49/100
|-ability|p2a: Archaludon|Stamina|boost
|-boost|p2a: Archaludon|def|1
|
|upkeep
|turn|5
|inactive|Pati_Patout has 30 seconds left.
|inactive|blackstorm games has 30 seconds left.
|
|t:|1756842309
|switch|p1a: Incineroar|Incineroar, L50, M|100/100
|-ability|p1a: Incineroar|Intimidate|boost
|-unboost|p2a: Archaludon|atk|1
|-unboost|p2b: Dragonite|atk|1
|switch|p2b: Sinistcha|Sinistcha, L50|100/100
|-heal|p2a: Archaludon|74/100|[from] ability: Hospitality|[of] p2b: Sinistcha
|switch|p1b: Archaludon|Archaludon, L50, F|100/100
|move|p2a: Archaludon|Draco Meteor|p1b: Archaludon
|-damage|p1b: Archaludon|52/100
|-unboost|p2a: Archaludon|spa|2
|-ability|p1b: Archaludon|Stamina|boost
|-boost|p1b: Archaludon|def|1
|
|upkeep
|turn|6
|inactive|Pati_Patout has 30 seconds left.
|inactive|blackstorm games has 30 seconds left.
|inactive|Pati_Patout has 20 seconds left.
|inactive|blackstorm games has 20 seconds left.
|inactive|Pati_Patout has 15 seconds left.
|inactive|blackstorm games has 15 seconds left.
|inactive|blackstorm games has 10 seconds left.
|
|t:|1756842358
|-terastallize|p2a: Archaludon|Fighting
|move|p2a: Archaludon|Body Press|p1b: Archaludon
|-supereffective|p1b: Archaludon
|-damage|p1b: Archaludon|0 fnt
|faint|p1b: Archaludon
|move|p2b: Sinistcha|Life Dew||[still]|[spread] p2a,p2b
|-heal|p2a: Archaludon|99/100
|-fail|p2b: Sinistcha|heal
|move|p1a: Incineroar|Knock Off|p2b: Sinistcha
|-supereffective|p2b: Sinistcha
|-damage|p2b: Sinistcha|16/100
|-enditem|p2b: Sinistcha|Sitrus Berry|[from] move: Knock Off|[of] p1a: Incineroar
|
|upkeep
|
|t:|1756842371
|switch|p1b: Amoonguss|Amoonguss, L50, M|86/100
|turn|7
|
|t:|1756842388
|switch|p2b: Gholdengo|Gholdengo, L50|100/100
|switch|p1a: Gholdengo|Gholdengo, L50|61/100
|move|p2a: Archaludon|Body Press|p1b: Amoonguss
|-resisted|p1b: Amoonguss
|-damage|p1b: Amoonguss|63/100
|move|p1b: Amoonguss|Spore|p2a: Archaludon
|-status|p2a: Archaludon|slp|[from] move: Spore
|
|upkeep
|turn|8
|
|t:|1756842403
|-terastallize|p1a: Gholdengo|Water
|move|p2b: Gholdengo|Protect|p2b: Gholdengo
|-singleturn|p2b: Gholdengo|Protect
|move|p1a: Gholdengo|Nasty Plot|p1a: Gholdengo
|-boost|p1a: Gholdengo|spa|2
|cant|p2a: Archaludon|slp
|move|p1b: Amoonguss|Pollen Puff|p1a: Gholdengo
|-heal|p1a: Gholdengo|100/100
|
|upkeep
|turn|9
|
|t:|1756842423
|move|p1b: Amoonguss|Rage Powder|p1b: Amoonguss
|-singleturn|p1b: Amoonguss|move: Rage Powder
|move|p2b: Gholdengo|Make It Rain|p1b: Amoonguss|[spread] p1a,p1b
|-resisted|p1a: Gholdengo
|-damage|p1a: Gholdengo|70/100
|-damage|p1b: Amoonguss|14/100
|-unboost|p2b: Gholdengo|spa|1
|-damage|p2b: Gholdengo|91/100|[from] item: Life Orb
|move|p1a: Gholdengo|Shadow Ball|p2b: Gholdengo
|-supereffective|p2b: Gholdengo
|-damage|p2b: Gholdengo|0 fnt
|faint|p2b: Gholdengo
|-damage|p1a: Gholdengo|61/100|[from] item: Life Orb
|-curestatus|p2a: Archaludon|slp|[msg]
|move|p2a: Archaludon|Snarl|p1b: Amoonguss|[spread] p1a,p1b
|-damage|p1a: Gholdengo|53/100
|-damage|p1b: Amoonguss|8/100
|-unboost|p1a: Gholdengo|spa|1
|-unboost|p1b: Amoonguss|spa|1
|
|upkeep
|
|t:|1756842442
|switch|p2b: Dragonite|Dragonite, L50, F|42/100
|turn|10
|inactive|blackstorm games has 30 seconds left.
|
|t:|1756842470
|switch|p1b: Incineroar|Incineroar, L50, M|100/100
|-ability|p1b: Incineroar|Intimidate|boost
|-unboost|p2a: Archaludon|atk|1
|-unboost|p2b: Dragonite|atk|1
|move|p1a: Gholdengo|Protect|p1a: Gholdengo
|-singleturn|p1a: Gholdengo|Protect
|move|p2b: Dragonite|Tailwind|p2b: Dragonite
|-sidestart|p2: blackstorm games|move: Tailwind
|move|p2a: Archaludon|Body Press|p1a: Gholdengo
|-activate|p1a: Gholdengo|move: Protect
|
|upkeep
|turn|11
|inactive|Pati_Patout has 30 seconds left.
|
|t:|1756842495
|switch|p2b: Sinistcha|Sinistcha, L50|16/100
|-heal|p2a: Archaludon|100/100|[from] ability: Hospitality|[of] p2b: Sinistcha
|switch|p1a: Amoonguss|Amoonguss, L50, M|41/100
|move|p2a: Archaludon|Body Press|p1a: Amoonguss
|-resisted|p1a: Amoonguss
|-damage|p1a: Amoonguss|18/100
|move|p1b: Incineroar|Parting Shot|p2a: Archaludon
|-unboost|p2a: Archaludon|atk|1
|-unboost|p2a: Archaludon|spa|1
|
|t:|1756842505
|switch|p1b: Gholdengo|Gholdengo, L50, tera:Water|53/100|[from] Parting Shot
|
|upkeep
|turn|12
|
|t:|1756842523
|switch|p1a: Incineroar|Incineroar, L50, M|100/100
|-ability|p1a: Incineroar|Intimidate|boost
|-unboost|p2a: Archaludon|atk|1
|-unboost|p2b: Sinistcha|atk|1
|move|p2a: Archaludon|Body Press|p1b: Gholdengo
|-damage|p1b: Gholdengo|0 fnt
|faint|p1b: Gholdengo
|move|p2b: Sinistcha|Matcha Gotcha|p1a: Incineroar
|-resisted|p1a: Incineroar
|-damage|p1a: Incineroar|86/100
|-heal|p2b: Sinistcha|25/100|[from] drain|[of] p1a: Incineroar
|
|upkeep
|
|t:|1756842530
|switch|p1b: Amoonguss|Amoonguss, L50, M|51/100
|turn|13
|
|t:|1756842544
|move|p1b: Amoonguss|Rage Powder|p1b: Amoonguss
|-singleturn|p1b: Amoonguss|move: Rage Powder
|move|p2a: Archaludon|Body Press|p1b: Amoonguss
|-resisted|p1b: Amoonguss
|-damage|p1b: Amoonguss|30/100
|move|p2b: Sinistcha|Life Dew||[still]|[spread] p2a,p2b
|-fail|p2a: Archaludon|heal
|-heal|p2b: Sinistcha|50/100
|move|p1a: Incineroar|Knock Off|p2b: Sinistcha
|-supereffective|p2b: Sinistcha
|-damage|p2b: Sinistcha|0 fnt
|faint|p2b: Sinistcha
|
|-sideend|p2: blackstorm games|move: Tailwind
|upkeep
|
|t:|1756842555
|switch|p2b: Dragonite|Dragonite, L50, F|42/100
|turn|14
|
|t:|1756842560
|move|p1b: Amoonguss|Rage Powder|p1b: Amoonguss
|-singleturn|p1b: Amoonguss|move: Rage Powder
|move|p2b: Dragonite|Scale Shot|p1b: Amoonguss
|-damage|p1b: Amoonguss|18/100
|-damage|p1b: Amoonguss|8/100
|-damage|p1b: Amoonguss|0 fnt
|faint|p1b: Amoonguss
|-hitcount|p1: Amoonguss|3
|-unboost|p2b: Dragonite|def|1
|-boost|p2b: Dragonite|spe|1
|move|p2a: Archaludon|Body Press|p1a: Incineroar
|-supereffective|p1a: Incineroar
|-damage|p1a: Incineroar|0 fnt
|faint|p1a: Incineroar
|
|win|blackstorm games
||Pati_Patout is ready for game 2.
|inactive|blackstorm games has 30 seconds to confirm battle start!
||blackstorm games is ready for game 2.
|uhtml|next|Next: Game 2 of 3
|l|☆Pati_Patout
|player|p1|
