|j|☆nachorg14
|j|☆shiroblast
|html|nachorg14shiroblast    
|uhtml|bestof|Game 2 of a best-of-3
|t:|1785266191
|gametype|doubles
|player|p1|nachorg14|102|1072
|player|p2|shiroblast|benga|1113
|gen|9
|tier|[Gen 9 Champions] VGC 2026 Reg M-B (Bo3)
|rated|
|rule|Species Clause: Limit one of each Pokémon
|rule|Item Clause: Limit 1 of each item
|clearpoke
|poke|p1|Whimsicott, L50, F|
|poke|p1|Sylveon, L50, M|
|poke|p1|Kingambit, L50, M|
|poke|p1|Charizard, L50, M|
|poke|p1|Basculegion, L50, M|
|poke|p1|Garchomp, L50, F|
|poke|p2|Raichu, L50, M|
|poke|p2|Charizard, L50, F|
|poke|p2|Incineroar, L50, M|
|poke|p2|Farigiraf, L50, M|
|poke|p2|Sylveon, L50, M|
|poke|p2|Kingambit, L50, M|
|teampreview|4
|showteam|p1|Whimsicott||FocusSash|Prankster|Protect,Encore,Tailwind,Moonblast|Timid||F|||50|]Sylveon||FairyFeather|Pixilate|HyperBeam,HyperVoice,Detect,QuickAttack|Modest||M|||50|]Kingambit||ChopleBerry|Defiant|KowtowCleave,SuckerPunch,IronHead,LowKick|Adamant||M|||50|]Charizard||CharizarditeY|Blaze|WeatherBall,HeatWave,Protect,SolarBeam|Modest||M|||50|]Basculegion||MysticWater|Adaptability|LastRespects,AquaJet,Protect,WaveCrash|Adamant||M|||50|]Garchomp||LifeOrb|RoughSkin|Protect,Earthquake,DragonClaw,RockSlide|Jolly||F|||50|
|showteam|p2|Raichu||RaichuniteY|LightningRod|FakeOut,ZapCannon,FocusBlast,Protect|Timid||M|||50|]Charizard||CharizarditeY|Blaze|HeatWave,WeatherBall,SolarBeam,Protect|Modest||F|||50|]Incineroar||SitrusBerry|Intimidate|FakeOut,FlareBlitz,DarkestLariat,PartingShot|Impish||M|||50|]Farigiraf||ColburBerry|ArmorTail|Psychic,Thunderbolt,HelpingHand,TrickRoom|Modest||M|||50|]Sylveon||FairyFeather|Pixilate|HyperVoice,Moonblast,Detect,CalmMind|Modest||M|||50|]Kingambit||LifeOrb|Defiant|SuckerPunch,KowtowCleave,Protect,SwordsDance|Adamant||M|||50|
|inactive|Battle timer is ON: inactive players will automatically lose when time's up. (requested by nachorg14)
|inactive|shiroblast has 60 seconds left.
|
|t:|1785266239
|teamsize|p1|4
|teamsize|p2|4
|start
|switch|p1a: Sra.Fidelia|Whimsicott, L50, F|100/100
|switch|p1b: La Pulga|Garchomp, L50, F|100/100
|switch|p2a: Raichu|Raichu, L50, M|100/100
|switch|p2b: Sylveon|Sylveon, L50, M|100/100
|turn|1
|
|t:|1785266252
|detailschange|p2a: Raichu|Raichu-Mega-Y, L50, M
|-mega|p2a: Raichu|Raichu|Raichunite Y
|move|p1b: La Pulga|Protect|p1b: La Pulga
|-singleturn|p1b: La Pulga|Protect
|move|p2a: Raichu|Fake Out|p1b: La Pulga
|-activate|p1b: La Pulga|move: Protect
|move|p1a: Sra.Fidelia|Tailwind|p1a: Sra.Fidelia
|-sidestart|p1: nachorg14|move: Tailwind
|move|p2b: Sylveon|Hyper Voice|p1a: Sra.Fidelia|[spread] p1a
|-activate|p1b: La Pulga|move: Protect
|-damage|p1a: Sra.Fidelia|30/100
|
|upkeep
|turn|2
|
|t:|1785266269
|switch|p1b: Cheeto|Charizard, L50, M|100/100
|switch|p2a: Farigiraf|Farigiraf, L50, M|100/100
|move|p1a: Sra.Fidelia|Encore||[still]
|cant|p2a: Farigiraf|ability: Armor Tail|Encore|[of] p1a: Sra.Fidelia
|move|p2b: Sylveon|Hyper Voice|p1b: Cheeto|[spread] p1a,p1b
|-resisted|p1b: Cheeto|1
|-damage|p1a: Sra.Fidelia|0 fnt
|-damage|p1b: Cheeto|76/100
|faint|p1a: Sra.Fidelia
|
|upkeep
|
|t:|1785266280
|switch|p1a: Pidaña|Basculegion, L50, M|100/100
|turn|3
|
|t:|1785266289
|detailschange|p1b: Cheeto|Charizard-Mega-Y, L50, M
|-mega|p1b: Cheeto|Charizard|Charizardite Y
|-weather|SunnyDay|[from] ability: Drought|[of] p1b: Cheeto
|move|p1b: Cheeto|Heat Wave|p2a: Farigiraf|[spread] p2a,p2b
|-damage|p2a: Farigiraf|48/100
|-damage|p2b: Sylveon|57/100
|move|p1a: Pidaña|Wave Crash|p2b: Sylveon
|-damage|p2b: Sylveon|10/100
|-damage|p1a: Pidaña|84/100|[from] Recoil
|move|p2b: Sylveon|Hyper Voice|p1b: Cheeto|[spread] p1a,p1b
|-crit|p1a: Pidaña
|-resisted|p1b: Cheeto|1
|-damage|p1a: Pidaña|7/100
|-damage|p1b: Cheeto|56/100
|move|p2a: Farigiraf|Trick Room|p2a: Farigiraf
|-fieldstart|move: Trick Room|[of] p2a: Farigiraf
|
|-weather|SunnyDay|[upkeep]
|upkeep
|turn|4
|
|t:|1785266308
|move|p1a: Pidaña|Aqua Jet||[still]
|cant|p2a: Farigiraf|ability: Armor Tail|Aqua Jet|[of] p1a: Pidaña
|move|p2a: Farigiraf|Thunderbolt|p1b: Cheeto
|-supereffective|p1b: Cheeto|1
|-damage|p1b: Cheeto|13/100
|move|p2b: Sylveon|Hyper Voice|p1a: Pidaña|[spread] p1a,p1b
|-resisted|p1b: Cheeto|1
|-damage|p1a: Pidaña|0 fnt
|-damage|p1b: Cheeto|0 fnt
|faint|p1a: Pidaña
|faint|p1b: Cheeto
|
|-weather|SunnyDay|[upkeep]
|-sideend|p1: nachorg14|move: Tailwind
|upkeep
|
|t:|1785266320
|switch|p1b: La Pulga|Garchomp, L50, F|100/100
|turn|5
|
|t:|1785266331
|move|p2a: Farigiraf|Helping Hand|p2b: Sylveon
|-singleturn|p2b: Sylveon|Helping Hand|[of] p2a: Farigiraf
|move|p1b: La Pulga|Protect|p1b: La Pulga
|-singleturn|p1b: La Pulga|Protect
|move|p2b: Sylveon|Moonblast|p1b: La Pulga
|-activate|p1b: La Pulga|move: Protect
|
|-weather|SunnyDay|[upkeep]
|upkeep
|turn|6
|
|t:|1785266345
|move|p2a: Farigiraf|Helping Hand|p2b: Sylveon
|-singleturn|p2b: Sylveon|Helping Hand|[of] p2a: Farigiraf
|move|p1b: La Pulga|Protect||[still]
|-fail|p1b: La Pulga
|move|p2b: Sylveon|Moonblast|p1b: La Pulga
|-supereffective|p1b: La Pulga|1
|-damage|p1b: La Pulga|0 fnt
|faint|p1b: La Pulga
|
|win|shiroblast
|raw|nachorg14's rating: 1072 → 1054(-18 for losing)
|raw|shiroblast's rating: 1113 → 1135(+22 for winning)
|l|☆nachorg14
|player|p1|
|c|☆shiroblast|ggwp
