|j|☆rodjilius
|j|☆X-4 At Worlds
|html|rodjiliusX-4 At Worlds    
|uhtml|bestof|Game 1 of a best-of-3
|t:|1757785656
|gametype|doubles
|player|p1|rodjilius|unknown|1376
|player|p2|X-4 At Worlds|2|1533
|gen|9
|tier|[Gen 9] VGC 2025 Reg H (Bo3)
|rated|
|rule|Species Clause: Limit one of each Pokémon
|rule|Item Clause: Limit 1 of each item
|clearpoke
|poke|p1|Dragapult, L50, F|
|poke|p1|Sneasler, L50, M|
|poke|p1|Indeedee, L50, M|
|poke|p1|Incineroar, L50, M|
|poke|p1|Typhlosion-Hisui, L50, F|
|poke|p1|Whimsicott, L50, F|
|poke|p2|Basculegion, L50, M|
|poke|p2|Incineroar, L50, F|
|poke|p2|Kilowattrel, L50, M|
|poke|p2|Ursaluna, L50, M|
|poke|p2|Gholdengo, L50|
|poke|p2|Ninetales-Alola, L50, F|
|teampreview|4
|showteam|p1|Dragapult||ChoiceBand|ClearBody|DragonDarts,PhantomForce,Uturn,Outrage|||F|||50|,,,,,Dragon]Sneasler||PsychicSeed|Unburden|DireClaw,CloseCombat,Protect,ThroatChop|||M|||50|,,,,,Dark]Indeedee||FocusSash|PsychicSurge|ExpandingForce,Imprison,TeraBlast,TrickRoom|||M|||50|,,,,,Ground]Incineroar||SafetyGoggles|Intimidate|FakeOut,FlareBlitz,KnockOff,PartingShot|||M|||50|,,,,,Bug]Typhlosion-Hisui||ChoiceSpecs|Blaze|Eruption,HeatWave,ShadowBall,Overheat|||F|||50|,,,,,Fire]Whimsicott||CovertCloak|Prankster|Moonblast,Protect,Tailwind,SunnyDay|||F|||50|,,,,,Steel
|showteam|p2|Basculegion||ChoiceScarf|Adaptability|WaveCrash,LastRespects,FlipTurn,AquaJet|||M|||50|,,,,,Ghost]Incineroar||AssaultVest|Intimidate|KnockOff,FlareBlitz,Uturn,FakeOut|||F|||50|,,,,,Grass]Kilowattrel||FocusSash|Competitive|Thunderbolt,AirSlash,Tailwind,Protect|||M|||50|,,,,,Ghost]Ursaluna||FlameOrb|Guts|HeadlongRush,Facade,Earthquake,Protect|||M|||50|,,,,,Fairy]Gholdengo||LifeOrb|GoodasGold|MakeItRain,ShadowBall,NastyPlot,Protect||||||50|,,,,,Water]Ninetales-Alola||ChoiceSpecs|SnowWarning|Blizzard,FreezeDry,IceBeam,Moonblast|||F|||50|,,,,,Ghost
|inactive|Battle timer is ON: inactive players will automatically lose when time's up. (requested by rodjilius)
|inactive|X-4 At Worlds has 60 seconds left.
|inactive|X-4 At Worlds has 30 seconds left.
|inactive|X-4 At Worlds has 20 seconds left.
|inactive|X-4 At Worlds has 15 seconds left.
|inactive|X-4 At Worlds has 10 seconds left.
|inactive|X-4 At Worlds has 5 seconds left.
|
|t:|1757785747
|teamsize|p1|4
|teamsize|p2|4
|start
|switch|p1a: Indeedee|Indeedee, L50, M|100/100
|switch|p1b: Whimsicott|Whimsicott, L50, F|100/100
|switch|p2a: Basculegion|Basculegion, L50, M|100/100
|switch|p2b: Incineroar|Incineroar, L50, F|100/100
|-fieldstart|move: Psychic Terrain|[from] ability: Psychic Surge|[of] p1a: Indeedee
|-ability|p2b: Incineroar|Intimidate|boost
|-unboost|p1a: Indeedee|atk|1
|-unboost|p1b: Whimsicott|atk|1
|turn|1
|inactive|rodjilius has 30 seconds left.
|
|t:|1757785779
|move|p1b: Whimsicott|Protect|p1b: Whimsicott
|-singleturn|p1b: Whimsicott|Protect
|move|p2a: Basculegion|Flip Turn|p1a: Indeedee
|-damage|p1a: Indeedee|20/100
|
|t:|1757785784
|switch|p2a: Ursaluna|Ursaluna, L50, M|100/100|[from] Flip Turn
|move|p1a: Indeedee|Tera Blast|p2b: Incineroar
|-damage|p2b: Incineroar|78/100
|move|p2b: Incineroar|Flare Blitz|p1b: Whimsicott
|-activate|p1b: Whimsicott|move: Protect
|
|-status|p2a: Ursaluna|brn|[from] item: Flame Orb
|upkeep
|turn|2
|
|t:|1757785801
|move|p1b: Whimsicott|Tailwind|p1b: Whimsicott
|-sidestart|p1: rodjilius|move: Tailwind
|move|p1a: Indeedee|Tera Blast|p2b: Incineroar
|-damage|p2b: Incineroar|56/100
|move|p2b: Incineroar|U-turn|p1a: Indeedee
|-supereffective|p1a: Indeedee
|-damage|p1a: Indeedee|0 fnt
|faint|p1a: Indeedee
|
|t:|1757785807
|switch|p2b: Kilowattrel|Kilowattrel, L50, M|100/100|[from] U-turn
|move|p2a: Ursaluna|Facade|p1b: Whimsicott
|-damage|p1b: Whimsicott|0 fnt
|faint|p1b: Whimsicott
|
|-damage|p2a: Ursaluna|95/100 brn|[from] brn
|upkeep
|
|t:|1757785816
|switch|p1b: Typhlosion|Typhlosion-Hisui, L50, F|100/100
|switch|p1a: Sneasler|Sneasler, L50, M|100/100
|-enditem|p1a: Sneasler|Psychic Seed
|-boost|p1a: Sneasler|spd|1|[from] item: Psychic Seed
|turn|3
|
|t:|1757785831
|-terastallize|p1b: Typhlosion|Fire
|move|p2b: Kilowattrel|Protect|p2b: Kilowattrel
|-singleturn|p2b: Kilowattrel|Protect
|move|p2a: Ursaluna|Protect|p2a: Ursaluna
|-singleturn|p2a: Ursaluna|Protect
|move|p1a: Sneasler|Dire Claw|p2b: Kilowattrel
|-activate|p2b: Kilowattrel|move: Protect
|move|p1b: Typhlosion|Eruption|p2a: Ursaluna|[spread] 
|-activate|p2a: Ursaluna|move: Protect
|-activate|p2b: Kilowattrel|move: Protect
|
|-damage|p2a: Ursaluna|89/100 brn|[from] brn
|upkeep
|turn|4
|inactive|rodjilius has 30 seconds left.
|inactive|X-4 At Worlds has 30 seconds left.
|
|t:|1757785863
|switch|p2b: Incineroar|Incineroar, L50, F|56/100
|-ability|p2b: Incineroar|Intimidate|boost
|-unboost|p1a: Sneasler|atk|1
|-unboost|p1b: Typhlosion|atk|1
|switch|p2a: Basculegion|Basculegion, L50, M|100/100
|move|p1a: Sneasler|Dire Claw|p2b: Incineroar
|-damage|p2b: Incineroar|29/100
|-status|p2b: Incineroar|psn
|move|p1b: Typhlosion|Eruption|p2a: Basculegion|[spread] p2a,p2b
|-resisted|p2a: Basculegion
|-resisted|p2b: Incineroar
|-damage|p2a: Basculegion|42/100
|-damage|p2b: Incineroar|0 fnt
|faint|p2b: Incineroar
|
|upkeep
|inactive|X-4 At Worlds has 30 seconds left.
|
|t:|1757785896
|switch|p2b: Ursaluna|Ursaluna, L50, M|89/100 brn
|turn|5
|
|t:|1757785906
|move|p2b: Ursaluna|Protect|p2b: Ursaluna
|-singleturn|p2b: Ursaluna|Protect
|move|p1a: Sneasler|Close Combat|p2b: Ursaluna
|-activate|p2b: Ursaluna|move: Protect
|move|p1b: Typhlosion|Eruption|p2a: Basculegion|[spread] p2a
|-activate|p2b: Ursaluna|move: Protect
|-resisted|p2a: Basculegion
|-damage|p2a: Basculegion|0 fnt
|faint|p2a: Basculegion
|
|-damage|p2b: Ursaluna|83/100 brn|[from] brn
|-sideend|p1: rodjilius|move: Tailwind
|-fieldend|move: Psychic Terrain
|upkeep
|
|t:|1757785914
|switch|p2a: Kilowattrel|Kilowattrel, L50, M|100/100
|turn|6
|
|t:|1757785921
|-terastallize|p2b: Ursaluna|Fairy
|move|p1a: Sneasler|Close Combat|p2b: Ursaluna
|-resisted|p2b: Ursaluna
|-damage|p2b: Ursaluna|67/100 brn
|-unboost|p1a: Sneasler|def|1
|-unboost|p1a: Sneasler|spd|1
|move|p2a: Kilowattrel|Tailwind|p2a: Kilowattrel
|-sidestart|p2: X-4 At Worlds|move: Tailwind
|move|p2b: Ursaluna|Earthquake|p1a: Sneasler|[spread] p1a,p1b
|-immune|p2a: Kilowattrel
|-supereffective|p1a: Sneasler
|-supereffective|p1b: Typhlosion
|-damage|p1a: Sneasler|0 fnt
|-damage|p1b: Typhlosion|0 fnt
|faint|p1a: Sneasler
|faint|p1b: Typhlosion
|
|win|X-4 At Worlds
||X-4 At Worlds is ready for game 2.
|inactive|rodjilius has 30 seconds to confirm battle start!
||rodjilius is ready for game 2.
|uhtml|next|Next: Game 2 of 3
