|j|☆sapillo
|j|☆silknotsong
|html|sapillosilknotsong    
|uhtml|bestof|Game 3 of a best-of-3
|t:|1756300134
|gametype|doubles
|player|p1|sapillo|266|1202
|player|p2|silknotsong|infielder|1158
|gen|9
|tier|[Gen 9] VGC 2025 Reg H (Bo3)
|rated|
|rule|Species Clause: Limit one of each Pokémon
|rule|Item Clause: Limit 1 of each item
|clearpoke
|poke|p1|Tyranitar, L50, F|
|poke|p1|Excadrill, L50, M|
|poke|p1|Volcarona, L50, M|
|poke|p1|Amoonguss, L50, M|
|poke|p1|Dragonite, L50, M|
|poke|p1|Gholdengo, L50|
|poke|p2|Charizard, L50, F|
|poke|p2|Torkoal, L50, F|
|poke|p2|Porygon2, L50|
|poke|p2|Incineroar, L50, M|
|poke|p2|Jumpluff, L50, F|
|poke|p2|Ursaluna, L50, F|
|teampreview|4
|showteam|p1|Tyranitar||AssaultVest|SandStream|RockSlide,KnockOff,TeraBlast,LowKick|||F|||50|,,,,,Flying]Excadrill||ClearAmulet|SandRush|Protect,HighHorsepower,IronHead,TeraBlast|||M|||50|,,,,,Flying]Volcarona||CovertCloak|FlameBody|HeatWave,GigaDrain,QuiverDance,Protect|||M|||50|,,,,,Grass]Amoonguss||RockyHelmet|Regenerator|PollenPuff,Spore,Protect,RagePowder|||M|||50|,,,,,Water]Dragonite||LoadedDice|Multiscale|ScaleShot,Haze,Tailwind,Protect|||M|||50|,,,,,Fairy]Gholdengo||LifeOrb|GoodasGold|MakeItRain,ShadowBall,Protect,NastyPlot||||||50|,,,,,Water
|showteam|p2|Charizard||ChoiceSpecs|SolarPower|HeatWave,Overheat,WeatherBall,AirSlash|||F|||50|,,,,,Ghost]Torkoal||EjectPack|Drought|Eruption,Overheat,HelpingHand,Protect|||F|||50|,,,,,Fire]Porygon2||Eviolite|Download|TeraBlast,IceBeam,Recover,TrickRoom||||||50|,,,,,Fighting]Incineroar||SitrusBerry|Intimidate|FlareBlitz,KnockOff,FakeOut,PartingShot|||M|||50|,,,,,Ghost]Jumpluff||CovertCloak|Chlorophyll|SleepPowder,SunnyDay,RagePowder,Tailwind|||F|||50|,,,,,Water]Ursaluna||FlameOrb|Guts|HeadlongRush,Facade,Earthquake,Protect|||F|||50|,,,,,Ghost
|
|t:|1756300168
|teamsize|p1|4
|teamsize|p2|4
|start
|switch|p1a: Volcarona|Volcarona, L50, M|100/100
|switch|p1b: Dragonite|Dragonite, L50, M|100/100
|switch|p2a: Jumpluff|Jumpluff, L50, F|100/100
|switch|p2b: Ursaluna|Ursaluna, L50, F|100/100
|turn|1
|
|t:|1756300190
|-terastallize|p1a: Volcarona|Grass
|move|p2a: Jumpluff|Sleep Powder|p1b: Dragonite|[miss]
|-miss|p2a: Jumpluff|p1b: Dragonite
|move|p1a: Volcarona|Heat Wave|p2b: Ursaluna|[spread] p2a,p2b
|-supereffective|p2a: Jumpluff
|-damage|p2a: Jumpluff|24/100
|-damage|p2b: Ursaluna|62/100
|move|p1b: Dragonite|Scale Shot|p2b: Ursaluna
|-damage|p2b: Ursaluna|51/100
|-damage|p2b: Ursaluna|40/100
|-damage|p2b: Ursaluna|30/100
|-crit|p2b: Ursaluna
|-damage|p2b: Ursaluna|14/100
|-hitcount|p2b: Ursaluna|4
|-unboost|p1b: Dragonite|def|1
|-boost|p1b: Dragonite|spe|1
|move|p2b: Ursaluna|Facade|p1a: Volcarona
|-damage|p1a: Volcarona|44/100
|
|-status|p2b: Ursaluna|brn|[from] item: Flame Orb
|upkeep
|turn|2
|
|t:|1756300221
|switch|p2b: Incineroar|Incineroar, L50, M|100/100
|-ability|p2b: Incineroar|Intimidate|boost
|-unboost|p1a: Volcarona|atk|1
|-unboost|p1b: Dragonite|atk|1
|move|p1b: Dragonite|Scale Shot|p2b: Incineroar
|-damage|p2b: Incineroar|90/100
|-damage|p2b: Incineroar|81/100
|-damage|p2b: Incineroar|70/100
|-damage|p2b: Incineroar|60/100
|-damage|p2b: Incineroar|50/100
|-enditem|p2b: Incineroar|Sitrus Berry|[eat]
|-heal|p2b: Incineroar|74/100|[from] item: Sitrus Berry
|-hitcount|p2b: Incineroar|5
|-unboost|p1b: Dragonite|def|1
|-boost|p1b: Dragonite|spe|1
|move|p2a: Jumpluff|Sleep Powder|p1b: Dragonite
|-status|p1b: Dragonite|slp|[from] move: Sleep Powder
|move|p1a: Volcarona|Heat Wave|p2a: Jumpluff|[spread] p2a,p2b
|-supereffective|p2a: Jumpluff
|-resisted|p2b: Incineroar
|-damage|p2a: Jumpluff|0 fnt
|-damage|p2b: Incineroar|56/100
|faint|p2a: Jumpluff
|
|upkeep
|
|t:|1756300240
|switch|p2a: Porygon2|Porygon2, L50|100/100
|-ability|p2a: Porygon2|Download|boost
|-boost|p2a: Porygon2|atk|1
|turn|3
|
|t:|1756300260
|switch|p1a: Tyranitar|Tyranitar, L50, F|100/100
|-weather|Sandstorm|[from] ability: Sand Stream|[of] p1a: Tyranitar
|cant|p1b: Dragonite|slp
|move|p2b: Incineroar|Flare Blitz|p1a: Tyranitar
|-resisted|p1a: Tyranitar
|-damage|p1a: Tyranitar|81/100
|-damage|p2b: Incineroar|50/100|[from] Recoil
|move|p2a: Porygon2|Ice Beam|p1b: Dragonite
|-supereffective|p1b: Dragonite
|-damage|p1b: Dragonite|41/100 slp
|
|-weather|Sandstorm|[upkeep]
|-damage|p1b: Dragonite|35/100 slp|[from] Sandstorm
|-damage|p2b: Incineroar|44/100|[from] Sandstorm
|-damage|p2a: Porygon2|94/100|[from] Sandstorm
|upkeep
|turn|4
|
|t:|1756300287
|-terastallize|p2a: Porygon2|Fighting
|cant|p1b: Dragonite|slp
|move|p2b: Incineroar|Knock Off|p1b: Dragonite
|-damage|p1b: Dragonite|0 fnt
|-enditem|p1b: Dragonite|Loaded Dice|[from] move: Knock Off|[of] p2b: Incineroar
|faint|p1b: Dragonite
|move|p1a: Tyranitar|Knock Off|p2a: Porygon2
|-resisted|p2a: Porygon2
|-damage|p2a: Porygon2|79/100
|-enditem|p2a: Porygon2|Eviolite|[from] move: Knock Off|[of] p1a: Tyranitar
|move|p2a: Porygon2|Tera Blast|p1a: Tyranitar|[anim] Tera Blast Fighting
|-supereffective|p1a: Tyranitar
|-damage|p1a: Tyranitar|31/100
|
|-weather|Sandstorm|[upkeep]
|-damage|p2b: Incineroar|38/100|[from] Sandstorm
|-damage|p2a: Porygon2|72/100|[from] Sandstorm
|upkeep
|
|t:|1756300313
|switch|p1b: Amoonguss|Amoonguss, L50, M|100/100
|turn|5
|
|t:|1756300341
|move|p2b: Incineroar|Flare Blitz|p1b: Amoonguss
|-supereffective|p1b: Amoonguss
|-crit|p1b: Amoonguss
|-damage|p1b: Amoonguss|0 fnt
|-damage|p2b: Incineroar|22/100|[from] item: Rocky Helmet|[of] p1b: Amoonguss
|faint|p1b: Amoonguss
|-damage|p2b: Incineroar|0 fnt|[from] Recoil
|faint|p2b: Incineroar
|move|p1a: Tyranitar|Rock Slide|p2a: Porygon2|[miss]
|-miss|p1a: Tyranitar|p2a: Porygon2
|move|p2a: Porygon2|Tera Blast|p1a: Tyranitar|[anim] Tera Blast Fighting
|-supereffective|p1a: Tyranitar
|-damage|p1a: Tyranitar|0 fnt
|faint|p1a: Tyranitar
|
|-weather|Sandstorm|[upkeep]
|-damage|p2a: Porygon2|66/100|[from] Sandstorm
|upkeep
|
|t:|1756300350
|switch|p2b: Ursaluna|Ursaluna, L50, F|14/100 brn
|switch|p1b: Volcarona|Volcarona, L50, M, tera:Grass|44/100
|turn|6
|
|t:|1756300365
|move|p1b: Volcarona|Heat Wave|p2a: Porygon2|[spread] p2a,p2b
|-crit|p2a: Porygon2
|-damage|p2a: Porygon2|9/100
|-damage|p2b: Ursaluna|0 fnt
|faint|p2b: Ursaluna
|move|p2a: Porygon2|Ice Beam|p1b: Volcarona
|-supereffective|p1b: Volcarona
|-damage|p1b: Volcarona|0 fnt
|faint|p1b: Volcarona
|
|win|silknotsong
|raw|sapillo's rating: 1202 → 1174(-28 for losing)
|raw|silknotsong's rating: 1158 → 1186(+28 for winning)
