|j|☆Scoseb
|j|☆Purp93
|html|ScosebPurp93    
|uhtml|bestof|Game 1 of a best-of-3
|t:|1783433717
|gametype|doubles
|player|p1|Scoseb|brycenman|1074
|player|p2|Purp93|170|1102
|gen|9
|tier|[Gen 9 Champions] VGC 2026 Reg M-B (Bo3)
|rated|
|rule|Species Clause: Limit one of each Pokémon
|rule|Item Clause: Limit 1 of each item
|clearpoke
|poke|p1|Staraptor, L50, F|
|poke|p1|Zoroark-Hisui, L50, F|
|poke|p1|Gholdengo, L50|
|poke|p1|Whimsicott, L50, F|
|poke|p1|Incineroar, L50, F|
|poke|p1|Drampa, L50, F|
|poke|p2|Starmie, L50|
|poke|p2|Kingambit, L50, M|
|poke|p2|Garchomp, L50, M|
|poke|p2|Pelipper, L50, M|
|poke|p2|Incineroar, L50, M|
|poke|p2|Floette-Eternal, L50, F|
|teampreview|4
|showteam|p1|Staraptor||Staraptite|Reckless|CloseCombat,Protect,BraveBird,Roost|Jolly||F|||50|]Zoroark-Hisui||FocusSash|Illusion|BitterMalice,IcyWind,Taunt,FakeTears|Timid||F|||50|]Gholdengo||LifeOrb|GoodasGold|MakeItRain,ShadowBall,Protect,PowerGem|Modest|||||50|]Whimsicott||FairyFeather|Prankster|Tailwind,Moonblast,Charm,Protect|Timid||F|||50|]Incineroar||SitrusBerry|Intimidate|FakeOut,PartingShot,FlareBlitz,DarkestLariat|Careful||F|||50|]Drampa||Drampanite|CloudNine|HyperVoice,DragonPulse,Protect,CalmMind|Timid||F|||50|
|showteam|p2|Starmie||Starminite|NaturalCure|Liquidation,ZenHeadbutt,AquaJet,Protect|Jolly|||||50|]Kingambit||ChopleBerry|Defiant|IronHead,SuckerPunch,KowtowCleave,Protect|Adamant||M|||50|]Garchomp||LifeOrb|RoughSkin|StompingTantrum,DragonClaw,RockSlide,Protect|Jolly||M|||50|]Pelipper||FocusSash|Drizzle|WeatherBall,Hurricane,Tailwind,Protect|Bold||M|||50|]Incineroar||SitrusBerry|Intimidate|FakeOut,FlareBlitz,DarkestLariat,PartingShot|Adamant||M|||50|]Floette-Eternal||Floettite|FlowerVeil|Moonblast,DrainingKiss,CalmMind,Protect|Modest||F|||50|
|inactive|Battle timer is ON: inactive players will automatically lose when time's up. (requested by Scoseb)
|inactive|Scoseb has 60 seconds left.
|inactive|Purp93 has 60 seconds left.
|
|t:|1783433775
|teamsize|p1|4
|teamsize|p2|4
|start
|switch|p1a: Staraptor|Staraptor, L50, F|100/100
|switch|p1b: Incineroar|Incineroar, L50, F|100/100
|switch|p2a: Starmie|Starmie, L50|100/100
|switch|p2b: Kingambit|Kingambit, L50, M|100/100
|-ability|p1b: Incineroar|Intimidate|boost
|-unboost|p2a: Starmie|atk|1
|-unboost|p2b: Kingambit|atk|1
|-ability|p2b: Kingambit|Defiant|boost
|-boost|p2b: Kingambit|atk|2
|turn|1
|inactive|Purp93 has 30 seconds left.
|inactive|Purp93 has 20 seconds left.
|inactive|Purp93 has 15 seconds left.
|inactive|Purp93 has 10 seconds left.
|inactive|Purp93 has 5 seconds left.
|
|t:|1783433828
|switch|p2b: Incineroar|Incineroar, L50, M|100/100
|-ability|p2b: Incineroar|Intimidate|boost
|-unboost|p1a: Staraptor|atk|1
|-unboost|p1b: Incineroar|atk|1
|detailschange|p2a: Starmie|Starmie-Mega, L50
|-mega|p2a: Starmie|Starmie|Starminite
|detailschange|p1a: Staraptor|Staraptor-Mega, L50, F
|-mega|p1a: Staraptor|Staraptor|Staraptite
|move|p1b: Incineroar|Fake Out|p2a: Starmie
|-damage|p2a: Starmie|89/100
|cant|p2a: Starmie|flinch
|move|p1a: Staraptor|Close Combat|p2b: Incineroar
|-supereffective|p2b: Incineroar|1
|-damage|p2b: Incineroar|31/100
|-boost|p1a: Staraptor|def|1
|-boost|p1a: Staraptor|spd|1
|-enditem|p2b: Incineroar|Sitrus Berry|[eat]
|-heal|p2b: Incineroar|56/100|[from] item: Sitrus Berry
|
|upkeep
|turn|2
|
|t:|1783433851
|switch|p1b: Whimsicott|Whimsicott, L50, F|100/100
|move|p1a: Staraptor|Protect|p1a: Staraptor
|-singleturn|p1a: Staraptor|Protect
|move|p2b: Incineroar|Fake Out|p1b: Whimsicott
|-damage|p1b: Whimsicott|83/100
|move|p2a: Starmie|Liquidation|p1b: Whimsicott
|-resisted|p1b: Whimsicott|1
|-damage|p1b: Whimsicott|45/100
|-unboost|p1b: Whimsicott|def|1
|
|upkeep
|turn|3
|
|t:|1783433869
|switch|p2a: Garchomp|Garchomp, L50, M|100/100
|move|p1b: Whimsicott|Tailwind|p1b: Whimsicott
|-sidestart|p1: Scoseb|move: Tailwind
|move|p1a: Staraptor|Close Combat|p2b: Incineroar
|-supereffective|p2b: Incineroar|1
|-damage|p2b: Incineroar|0 fnt
|-boost|p1a: Staraptor|def|1
|-boost|p1a: Staraptor|spd|1
|faint|p2b: Incineroar
|
|upkeep
|
|t:|1783433878
|switch|p2b: Starmie|Starmie-Mega, L50|89/100
|turn|4
|
|t:|1783433886
|move|p1b: Whimsicott|Charm|p1a: Staraptor
|-boost|p1a: Staraptor|atk|2
|move|p1a: Staraptor|Brave Bird|p2b: Starmie
|-damage|p2b: Starmie|0 fnt
|faint|p2b: Starmie
|-damage|p1a: Staraptor|77/100|[from] Recoil
|move|p2a: Garchomp|Rock Slide|p1b: Whimsicott|[spread] p1a,p1b
|-damage|p1a: Staraptor|63/100
|-damage|p1b: Whimsicott|0 fnt
|faint|p1b: Whimsicott
|-damage|p2a: Garchomp|90/100|[from] item: Life Orb
|
|upkeep
|
|t:|1783433901
|switch|p2b: Kingambit|Kingambit, L50, M|100/100
|switch|p1b: Incineroar|Incineroar, L50, F|100/100
|-ability|p1b: Incineroar|Intimidate|boost
|-unboost|p2a: Garchomp|atk|1
|-unboost|p2b: Kingambit|atk|1
|-ability|p2b: Kingambit|Defiant|boost
|-boost|p2b: Kingambit|atk|2
|turn|5
|
|t:|1783433920
|move|p1b: Incineroar|Fake Out|p2b: Kingambit
|-resisted|p2b: Kingambit|1
|-damage|p2b: Kingambit|96/100
|cant|p2b: Kingambit|flinch
|move|p1a: Staraptor|Roost|p1a: Staraptor
|-heal|p1a: Staraptor|100/100
|-singleturn|p1a: Staraptor|move: Roost
|move|p2a: Garchomp|Stomping Tantrum|p1b: Incineroar
|-supereffective|p1b: Incineroar|1
|-damage|p1b: Incineroar|46/100
|-enditem|p1b: Incineroar|Sitrus Berry|[eat]
|-heal|p1b: Incineroar|70/100|[from] item: Sitrus Berry
|-damage|p2a: Garchomp|80/100|[from] item: Life Orb
|
|upkeep
|turn|6
|
|t:|1783433937
|move|p2b: Kingambit|Sucker Punch|p1a: Staraptor
|-resisted|p1a: Staraptor|1
|-damage|p1a: Staraptor|84/100
|move|p1a: Staraptor|Close Combat|p2b: Kingambit
|-supereffective|p2b: Kingambit|2
|-enditem|p2b: Kingambit|Chople Berry|[eat]
|-enditem|p2b: Kingambit|Chople Berry|[weaken]
|-damage|p2b: Kingambit|0 fnt
|-boost|p1a: Staraptor|def|1
|-boost|p1a: Staraptor|spd|1
|faint|p2b: Kingambit
|move|p2a: Garchomp|Stomping Tantrum|p1b: Incineroar
|-supereffective|p1b: Incineroar|1
|-damage|p1b: Incineroar|7/100
|-damage|p2a: Garchomp|70/100|[from] item: Life Orb
|move|p1b: Incineroar|Parting Shot|p2a: Garchomp
|-unboost|p2a: Garchomp|atk|1
|-unboost|p2a: Garchomp|spa|1
|
|t:|1783433952
|switch|p1b: Gholdengo|Gholdengo, L50|100/100|[from] Parting Shot
|
|-sideend|p1: Scoseb|move: Tailwind
|upkeep
|turn|7
|-message|Purp93 forfeited.
|
|win|Scoseb
|l|☆Purp93
|player|p2|
||Purp93 is ready for game 2.
||Scoseb is ready for game 2.
|uhtml|next|Next: Game 2 of 3
