|j|☆lettitripppp
|j|☆Tanisha
|html|lettitrippppTanisha    
|uhtml|bestof|Game 1 of a best-of-3
|t:|1783111266
|gametype|doubles
|player|p1|lettitripppp|lucas|1220
|player|p2|Tanisha|jupiter|1385
|gen|9
|tier|[Gen 9 Champions] VGC 2026 Reg M-B (Bo3)
|rated|
|rule|Species Clause: Limit one of each Pokémon
|rule|Item Clause: Limit 1 of each item
|clearpoke
|poke|p1|Charizard, L50, M|
|poke|p1|Floette-Eternal, L50, F|
|poke|p1|Basculegion, L50, M, shiny|
|poke|p1|Garchomp, L50, M|
|poke|p1|Whimsicott, L50, F, shiny|
|poke|p1|Kingambit, L50, F|
|poke|p2|Blaziken, L50, F|
|poke|p2|Froslass, L50, F, shiny|
|poke|p2|Kingambit, L50, M|
|poke|p2|Sneasler, L50, M|
|poke|p2|Basculegion, L50, M|
|poke|p2|Corviknight, L50, M|
|teampreview|4
|showteam|p1|Charizard||CharizarditeY|Blaze|WeatherBall,SolarBeam,HeatWave,Protect|Modest||M|||50|]Floette-Eternal||Floettite|FlowerVeil|DazzlingGleam,LightofRuin,Moonblast,Protect|Timid||F|||50|]Basculegion||MysticWater|Adaptability|LastRespects,WaveCrash,AquaJet,Protect|Adamant||M|||50|]Garchomp||LifeOrb|RoughSkin|DragonClaw,Earthquake,RockSlide,Protect|Jolly||M|||50|]Whimsicott||FocusSash|Prankster|Moonblast,Tailwind,Encore,Protect|Timid||F|||50|]Kingambit||OccaBerry|Defiant|KowtowCleave,SuckerPunch,IronHead,LowKick|Adamant||F|||50|
|showteam|p2|Blaziken||Blazikenite|SpeedBoost|FlareBlitz,CloseCombat,RockSlide,Protect|Adamant||F|||50|]Froslass||Froslassite|SnowCloak|Blizzard,ShadowBall,AuroraVeil,Protect|Modest||F|||50|]Kingambit||BlackGlasses|Defiant|KowtowCleave,SuckerPunch,SwordsDance,Protect|Adamant||M|||50|]Sneasler||WhiteHerb|Unburden|GunkShot,CloseCombat,FakeOut,Coaching|Jolly||M|||50|]Basculegion||SitrusBerry|Adaptability|WaveCrash,LastRespects,AquaJet,Protect|Adamant||M|||50|]Corviknight||Leftovers|MirrorArmor|BraveBird,IronHead,Tailwind,Protect|Adamant||M|||50|
|inactive|Battle timer is ON: inactive players will automatically lose when time's up. (requested by lettitripppp)
|inactive|lettitripppp has 60 seconds left.
|inactive|Tanisha has 60 seconds left.
|inactive|lettitripppp has 30 seconds left.
|inactive|Tanisha has 30 seconds left.
|inactive|lettitripppp has 20 seconds left.
|inactive|lettitripppp has 15 seconds left.
|inactive|Tanisha has 20 seconds left.
|inactive|lettitripppp has 10 seconds left.
|inactive|Tanisha has 15 seconds left.
|inactive|lettitripppp has 5 seconds left.
|
|t:|1783111356
|teamsize|p1|4
|teamsize|p2|4
|start
|switch|p1a: GHOSTWAVE|Basculegion, L50, M, shiny|100/100
|switch|p1b: LETS GO GO|Whimsicott, L50, F, shiny|100/100
|switch|p2a: Blaziken|Blaziken, L50, F|100/100
|switch|p2b: Sneasler|Sneasler, L50, M|100/100
|turn|1
|inactive|Tanisha has 30 seconds left.
|
|t:|1783111385
|switch|p2b: Kingambit|Kingambit, L50, M|100/100
|detailschange|p2a: Blaziken|Blaziken-Mega, L50, F
|-mega|p2a: Blaziken|Blaziken|Blazikenite
|move|p1b: LETS GO GO|Protect|p1b: LETS GO GO
|-singleturn|p1b: LETS GO GO|Protect
|move|p2a: Blaziken|Protect|p2a: Blaziken
|-singleturn|p2a: Blaziken|Protect
|move|p1a: GHOSTWAVE|Wave Crash|p2a: Blaziken
|-activate|p2a: Blaziken|move: Protect
|
|-ability|p2a: Blaziken|Speed Boost|boost
|-boost|p2a: Blaziken|spe|1
|upkeep
|turn|2
|
|t:|1783111406
|switch|p2a: Corviknight|Corviknight, L50, M|100/100
|move|p1a: GHOSTWAVE|Protect|p1a: GHOSTWAVE
|-singleturn|p1a: GHOSTWAVE|Protect
|move|p1b: LETS GO GO|Encore||[still]
|-fail|p1b: LETS GO GO
|move|p2b: Kingambit|Kowtow Cleave|p1a: GHOSTWAVE
|-activate|p1a: GHOSTWAVE|move: Protect
|
|upkeep
|turn|3
|
|t:|1783111421
|switch|p1a: CRUSH SHARK|Garchomp, L50, M|100/100
|move|p1b: LETS GO GO|Tailwind|p1b: LETS GO GO
|-sidestart|p1: lettitripppp|move: Tailwind
|move|p2a: Corviknight|Iron Head|p1b: LETS GO GO
|-supereffective|p1b: LETS GO GO|1
|-damage|p1b: LETS GO GO|14/100
|move|p2b: Kingambit|Swords Dance|p2b: Kingambit
|-boost|p2b: Kingambit|atk|2
|
|upkeep
|turn|4
|
|t:|1783111442
|move|p2b: Kingambit|Protect|p2b: Kingambit
|-singleturn|p2b: Kingambit|Protect
|move|p1b: LETS GO GO|Encore|p2a: Corviknight
|-start|p2a: Corviknight|Encore
|move|p1a: CRUSH SHARK|Earthquake|p2b: Kingambit|[spread] p1b
|-activate|p2b: Kingambit|move: Protect
|-immune|p2a: Corviknight
|-resisted|p1b: LETS GO GO|1
|-damage|p1b: LETS GO GO|0 fnt
|faint|p1b: LETS GO GO
|-damage|p1a: CRUSH SHARK|90/100|[from] item: Life Orb
|move|p2a: Corviknight|Iron Head|p1a: CRUSH SHARK
|-damage|p1a: CRUSH SHARK|60/100
|-damage|p2a: Corviknight|87/100|[from] ability: Rough Skin|[of] p1a: CRUSH SHARK
|
|-heal|p2a: Corviknight|93/100|[from] item: Leftovers
|upkeep
|
|t:|1783111446
|switch|p1b: AGNI|Charizard, L50, M|100/100
|turn|5
|
|t:|1783111463
|detailschange|p1b: AGNI|Charizard-Mega-Y, L50, M
|-mega|p1b: AGNI|Charizard|Charizardite Y
|-weather|SunnyDay|[from] ability: Drought|[of] p1b: AGNI
|move|p2b: Kingambit|Sucker Punch|p1b: AGNI
|-damage|p1b: AGNI|2/100
|move|p1a: CRUSH SHARK|Earthquake|p2b: Kingambit|[spread] p2b
|-immune|p1b: AGNI
|-immune|p2a: Corviknight
|-supereffective|p2b: Kingambit|1
|-damage|p2b: Kingambit|26/100
|-damage|p1a: CRUSH SHARK|51/100|[from] item: Life Orb
|move|p1b: AGNI|Heat Wave|p2b: Kingambit|[spread] p2a,p2b
|-supereffective|p2a: Corviknight|1
|-supereffective|p2b: Kingambit|1
|-damage|p2a: Corviknight|0 fnt
|-damage|p2b: Kingambit|0 fnt
|faint|p2a: Corviknight
|faint|p2b: Kingambit
|
|-weather|SunnyDay|[upkeep]
|upkeep
|
|t:|1783111484
|switch|p2a: Sneasler|Sneasler, L50, M|100/100
|switch|p2b: Blaziken|Blaziken-Mega, L50, F|100/100
|turn|6
|inactive|Tanisha has 30 seconds left.
|inactive|Tanisha has 20 seconds left.
|
|t:|1783111521
|move|p2a: Sneasler|Fake Out|p1a: CRUSH SHARK
|-damage|p1a: CRUSH SHARK|38/100
|-damage|p2a: Sneasler|87/100|[from] ability: Rough Skin|[of] p1a: CRUSH SHARK
|cant|p1a: CRUSH SHARK|flinch
|move|p1b: AGNI|Weather Ball|p2a: Sneasler
|-damage|p2a: Sneasler|0 fnt
|faint|p2a: Sneasler
|move|p2b: Blaziken|Rock Slide|p1b: AGNI|[spread] p1a,p1b
|-resisted|p1a: CRUSH SHARK|1
|-supereffective|p1b: AGNI|2
|-damage|p1a: CRUSH SHARK|25/100
|-damage|p1b: AGNI|0 fnt
|faint|p1b: AGNI
|
|-weather|SunnyDay|[upkeep]
|-sideend|p1: lettitripppp|move: Tailwind
|-ability|p2b: Blaziken|Speed Boost|boost
|-boost|p2b: Blaziken|spe|1
|upkeep
|
|t:|1783111532
|switch|p1b: GHOSTWAVE|Basculegion, L50, M, shiny|100/100
|turn|7
|
|t:|1783111539
|move|p2b: Blaziken|Rock Slide|p1a: CRUSH SHARK|[spread] p1a
|-miss|p2b: Blaziken|p1b: GHOSTWAVE
|-resisted|p1a: CRUSH SHARK|1
|-damage|p1a: CRUSH SHARK|11/100
|move|p1a: CRUSH SHARK|Dragon Claw|p2b: Blaziken
|-damage|p2b: Blaziken|29/100
|-damage|p1a: CRUSH SHARK|2/100|[from] item: Life Orb
|move|p1b: GHOSTWAVE|Last Respects|p2b: Blaziken
|-damage|p2b: Blaziken|0 fnt
|faint|p2b: Blaziken
|
|win|lettitripppp
||Tanisha is ready for game 2.
|inactive|lettitripppp has 30 seconds to confirm battle start!
