|j|☆phi11y
|j|☆25th_mang
|html|phi11y25th_mang    
|uhtml|bestof|Game 1 of a best-of-3
|t:|1783044524
|gametype|doubles
|player|p1|phi11y|2|1096
|player|p2|25th_mang|ballguy|1206
|gen|9
|tier|[Gen 9 Champions] VGC 2026 Reg M-B (Bo3)
|rated|
|rule|Species Clause: Limit one of each Pokémon
|rule|Item Clause: Limit 1 of each item
|clearpoke
|poke|p1|Sneasler, L50, F|
|poke|p1|Floette-Eternal, L50, F|
|poke|p1|Incineroar, L50, F|
|poke|p1|Gholdengo, L50|
|poke|p1|Venusaur, L50, M|
|poke|p1|Charizard, L50, M|
|poke|p2|Blastoise, L50, M|
|poke|p2|Aerodactyl, L50, M|
|poke|p2|Sinistcha, L50|
|poke|p2|Kingambit, L50, F|
|poke|p2|Tsareena, L50, F|
|poke|p2|Camerupt, L50, M|
|teampreview|4
|showteam|p1|Sneasler||WhiteHerb|Unburden|CloseCombat,DireClaw,FakeOut,Protect|Jolly||F|||50|]Floette-Eternal||Floettite|FlowerVeil|Moonblast,DazzlingGleam,CalmMind,Protect|Modest||F|||50|]Incineroar||SitrusBerry|Intimidate|FlareBlitz,PartingShot,FakeOut,Protect|Impish||F|||50|]Gholdengo||ChoiceScarf|GoodasGold|MakeItRain,ShadowBall,Thunderbolt,Trick|Timid|||||50|]Venusaur||LifeOrb|Chlorophyll|EarthPower,SludgeBomb,SleepPowder,Protect|Modest||M|||50|]Charizard||CharizarditeY|SolarPower|HeatWave,SolarBeam,WeatherBall,Protect|Modest||M|||50|
|showteam|p2|Blastoise||Blastoisinite|RainDish|WaterSpout,AuraSphere,DarkPulse,FakeOut|Timid||M|||50|]Aerodactyl||FocusSash|Unnerve|Tailwind,RainDance,RockSlide,DualWingbeat|Jolly||M|||50|]Sinistcha||SitrusBerry|Hospitality|LifeDew,MatchaGotcha,TrickRoom,RagePowder|Quiet|||||50|]Kingambit||ChopleBerry|Defiant|KowtowCleave,SuckerPunch,LowKick,IronHead|Adamant||F|||50|]Tsareena||WideLens|QueenlyMajesty|TropKick,LowKick,TripleAxel,HelpingHand|Adamant||F|||50|]Camerupt||Cameruptite|SolidRock|EarthPower,Flamethrower,Protect,AncientPower|Quiet||M|||50|
|inactive|Battle timer is ON: inactive players will automatically lose when time's up. (requested by 25th_mang)
|inactive|25th_mang has 60 seconds left.
|
|t:|1783044570
|teamsize|p1|4
|teamsize|p2|4
|start
|switch|p1a: Incineroar|Incineroar, L50, F|100/100
|switch|p1b: Sneasler|Sneasler, L50, F|100/100
|switch|p2a: mc rail|Aerodactyl, L50, M|100/100
|switch|p2b: Nayeon|Blastoise, L50, M|100/100
|-ability|p2a: mc rail|Unnerve
|-ability|p1a: Incineroar|Intimidate|boost
|-unboost|p2a: mc rail|atk|1
|-unboost|p2b: Nayeon|atk|1
|turn|1
|inactive|25th_mang has 30 seconds left.
|
|t:|1783044595
|switch|p2a: Her Majesty 2|Tsareena, L50, F|100/100
|detailschange|p2b: Nayeon|Blastoise-Mega, L50, M
|-mega|p2b: Nayeon|Blastoise|Blastoisinite
|move|p1b: Sneasler|Fake Out||[still]
|cant|p2a: Her Majesty 2|ability: Queenly Majesty|Fake Out|[of] p1b: Sneasler
|move|p2b: Nayeon|Water Spout|p1b: Sneasler|[spread] p1a,p1b
|-supereffective|p1a: Incineroar|1
|-damage|p1a: Incineroar|0 fnt
|-damage|p1b: Sneasler|18/100
|faint|p1a: Incineroar
|
|upkeep
|
|t:|1783044612
|switch|p1a: Charizard|Charizard, L50, M|100/100
|turn|2
|
|t:|1783044632
|switch|p2b: Candyfloss|Kingambit, L50, F|100/100
|detailschange|p1a: Charizard|Charizard-Mega-Y, L50, M
|-mega|p1a: Charizard|Charizard|Charizardite Y
|-weather|SunnyDay|[from] ability: Drought|[of] p1a: Charizard
|move|p1b: Sneasler|Dire Claw|p2a: Her Majesty 2
|-supereffective|p2a: Her Majesty 2|1
|-damage|p2a: Her Majesty 2|19/100
|move|p1a: Charizard|Solar Beam||[still]
|-prepare|p1a: Charizard|Solar Beam
|-anim|p1a: Charizard|Solar Beam|p2b: Candyfloss
|-resisted|p2b: Candyfloss|1
|-damage|p2b: Candyfloss|75/100
|move|p2a: Her Majesty 2|Trop Kick|p1b: Sneasler
|-resisted|p1b: Sneasler|1
|-damage|p1b: Sneasler|0 fnt
|faint|p1b: Sneasler
|
|-weather|SunnyDay|[upkeep]
|upkeep
|
|t:|1783044648
|switch|p1b: Venusaur|Venusaur, L50, M|100/100
|turn|3
|
|t:|1783044668
|move|p2a: Her Majesty 2|Helping Hand|p2b: Candyfloss
|-singleturn|p2b: Candyfloss|Helping Hand|[of] p2a: Her Majesty 2
|move|p2b: Candyfloss|Sucker Punch||[still]
|-fail|p2b: Candyfloss
|move|p1b: Venusaur|Sleep Powder|p2b: Candyfloss|[miss]
|-miss|p1b: Venusaur|p2b: Candyfloss
|move|p1a: Charizard|Heat Wave|p2b: Candyfloss|[spread] p2a,p2b
|-supereffective|p2a: Her Majesty 2|1
|-supereffective|p2b: Candyfloss|1
|-damage|p2a: Her Majesty 2|0 fnt
|-damage|p2b: Candyfloss|0 fnt
|faint|p2a: Her Majesty 2
|faint|p2b: Candyfloss
|
|-weather|SunnyDay|[upkeep]
|upkeep
|
|t:|1783044675
|switch|p2a: mc rail|Aerodactyl, L50, M|100/100
|switch|p2b: Nayeon|Blastoise-Mega, L50, M|100/100
|-ability|p2a: mc rail|Unnerve
|turn|4
|
|t:|1783044689
|move|p1a: Charizard|Protect|p1a: Charizard
|-singleturn|p1a: Charizard|Protect
|move|p2b: Nayeon|Fake Out|p1b: Venusaur
|-damage|p1b: Venusaur|89/100
|cant|p1b: Venusaur|flinch
|move|p2a: mc rail|Rain Dance|p2a: mc rail
|-weather|RainDance
|
|-weather|RainDance|[upkeep]
|upkeep
|turn|5
|inactive|phi11y has 30 seconds left.
|
|t:|1783044716
|move|p2a: mc rail|Dual Wingbeat|p1b: Venusaur
|-supereffective|p1b: Venusaur|1
|-damage|p1b: Venusaur|48/100
|-supereffective|p1b: Venusaur|1
|-damage|p1b: Venusaur|3/100
|-hitcount|p1b: Venusaur|2
|move|p2b: Nayeon|Water Spout|p1a: Charizard|[spread] p1a,p1b
|-supereffective|p1a: Charizard|1
|-resisted|p1b: Venusaur|1
|-damage|p1a: Charizard|0 fnt
|-damage|p1b: Venusaur|0 fnt
|faint|p1a: Charizard
|faint|p1b: Venusaur
|
|win|25th_mang
||phi11y is ready for game 2.
|inactive|25th_mang has 30 seconds to confirm battle start!
