|j|‽godbroj
|j|☆Dawsonschris
|html|godbrojDawsonschris    
|uhtml|bestof|Game 2 of a best-of-3
|t:|1757123392
|gametype|doubles
|player|p1|godbroj|maid|1018
|player|p2|Dawsonschris|artist-gen4|1223
|gen|9
|tier|[Gen 9] VGC 2025 Reg H (Bo3)
|rated|
|rule|Species Clause: Limit one of each Pokémon
|rule|Item Clause: Limit 1 of each item
|clearpoke
|poke|p1|Tyranitar, L50, M|
|poke|p1|Excadrill, L50, M|
|poke|p1|Talonflame, L50, F|
|poke|p1|Hydreigon, L50, M|
|poke|p1|Armarouge, L50, F|
|poke|p1|Indeedee-F, L50, F|
|poke|p2|Ursaluna-Bloodmoon, L50, M|
|poke|p2|Electabuzz, L50, F|
|poke|p2|Sneasler, L50, F|
|poke|p2|Indeedee, L50, M|
|poke|p2|Whimsicott, L50, F|
|poke|p2|Typhlosion-Hisui, L50, F|
|teampreview|4
|showteam|p1|Tyranitar||AssaultVest|SandStream|LowKick,RockSlide,TeraBlast,KnockOff|||M|||50|,,,,,Flying]Excadrill||ClearAmulet|SandRush|Protect,IronHead,RockSlide,Earthquake|||M|||50|,,,,,Ghost]Talonflame||CovertCloak|FlameBody|Tailwind,BraveBird,SunnyDay,WillOWisp|||F|||50|,,,,,Electric]Hydreigon||ChoiceSpecs|Levitate|EarthPower,DarkPulse,HeatWave,DracoMeteor|||M|||50|,,,,,Fire]Armarouge||LifeOrb|FlashFire|Protect,AuraSphere,ArmorCannon,ExpandingForce|||F|||50|,,,,,Grass]Indeedee-F||SafetyGoggles|PsychicSurge|FollowMe,TrickRoom,HelpingHand,DazzlingGleam|||F|||50|,,,,,Psychic
|showteam|p2|Ursaluna-Bloodmoon||LifeOrb|MindsEye|Protect,BloodMoon,EarthPower,HyperVoice|||M|||50|,,,,,Normal]Electabuzz||Eviolite|VitalSpirit|FollowMe,Taunt,Electroweb,Protect|||F|||50|,,,,,Dragon]Sneasler||PsychicSeed|Unburden|ThroatChop,DireClaw,CloseCombat,Protect|||F|||50|,,,,,Dark]Indeedee||FocusSash|PsychicSurge|ExpandingForce,TrickRoom,HelpingHand,Protect|||M|||50|,,,,,Psychic]Whimsicott||CovertCloak|Prankster|Tailwind,Moonblast,Encore,SunnyDay|||F|||50|,,,,,Ghost]Typhlosion-Hisui||ChoiceSpecs|Blaze|Eruption,HeatWave,ShadowBall,Flamethrower|||F|||50|,,,,,Fire
|inactive|Battle timer is ON: inactive players will automatically lose when time's up. (requested by Dawsonschris)
|
|t:|1757123406
|teamsize|p1|4
|teamsize|p2|4
|start
|switch|p1a: Indeedee|Indeedee-F, L50, F|100/100
|switch|p1b: Armarouge|Armarouge, L50, F|100/100
|switch|p2a: Whimsicott|Whimsicott, L50, F|100/100
|switch|p2b: Ursaluna|Ursaluna-Bloodmoon, L50, M|100/100
|-fieldstart|move: Psychic Terrain|[from] ability: Psychic Surge|[of] p1a: Indeedee
|turn|1
|
|t:|1757123430
|move|p2b: Ursaluna|Protect|p2b: Ursaluna
|-singleturn|p2b: Ursaluna|Protect
|move|p1a: Indeedee|Follow Me|p1a: Indeedee
|-singleturn|p1a: Indeedee|move: Follow Me
|move|p2a: Whimsicott|Moonblast|p1a: Indeedee
|-damage|p1a: Indeedee|73/100
|move|p1b: Armarouge|Expanding Force|p2a: Whimsicott|[spread] p2a
|-activate|p2b: Ursaluna|move: Protect
|-crit|p2a: Whimsicott
|-damage|p2a: Whimsicott|0 fnt
|faint|p2a: Whimsicott
|-damage|p1b: Armarouge|91/100|[from] item: Life Orb
|
|upkeep
|
|t:|1757123444
|switch|p2a: Sneasler|Sneasler, L50, F|100/100
|-enditem|p2a: Sneasler|Psychic Seed
|-boost|p2a: Sneasler|spd|1|[from] item: Psychic Seed
|turn|2
|
|t:|1757123464
|-terastallize|p2a: Sneasler|Dark
|move|p1a: Indeedee|Follow Me|p1a: Indeedee
|-singleturn|p1a: Indeedee|move: Follow Me
|move|p2a: Sneasler|Throat Chop|p1a: Indeedee
|-supereffective|p1a: Indeedee
|-damage|p1a: Indeedee|0 fnt
|faint|p1a: Indeedee
|move|p1b: Armarouge|Expanding Force|p2a: Sneasler|[spread] p2b
|-immune|p2a: Sneasler
|-damage|p2b: Ursaluna|4/100
|-damage|p1b: Armarouge|81/100|[from] item: Life Orb
|move|p2b: Ursaluna|Hyper Voice|p1b: Armarouge
|-damage|p1b: Armarouge|0 fnt
|faint|p1b: Armarouge
|-damage|p2b: Ursaluna|0 fnt|[from] item: Life Orb
|faint|p2b: Ursaluna
|
|upkeep
|
|t:|1757123483
|switch|p1b: Hydreigon|Hydreigon, L50, M, shiny|100/100
|switch|p1a: Talonflame|Talonflame, L50, F, shiny|100/100
|switch|p2b: Typhlosion|Typhlosion-Hisui, L50, F|100/100
|turn|3
|inactive|godbroj has 30 seconds left.
|inactive|Dawsonschris has 30 seconds left.
|
|t:|1757123511
|-terastallize|p1b: Hydreigon|Fire
|move|p2a: Sneasler|Protect|p2a: Sneasler
|-singleturn|p2a: Sneasler|Protect
|move|p1a: Talonflame|Tailwind|p1a: Talonflame
|-sidestart|p1: godbroj|move: Tailwind
|move|p1b: Hydreigon|Earth Power|p2b: Typhlosion
|-supereffective|p2b: Typhlosion
|-damage|p2b: Typhlosion|0 fnt
|faint|p2b: Typhlosion
|
|upkeep
|turn|4
|
|t:|1757123525
|move|p1a: Talonflame|Will-O-Wisp|p2a: Sneasler
|-status|p2a: Sneasler|brn
|move|p2a: Sneasler|Dire Claw|p1b: Hydreigon
|-damage|p1b: Hydreigon|73/100
|-status|p1b: Hydreigon|slp
|cant|p1b: Hydreigon|slp
|
|-damage|p2a: Sneasler|95/100 brn|[from] brn
|upkeep
|turn|5
|
|t:|1757123541
|move|p1a: Talonflame|Brave Bird|p2a: Sneasler
|-crit|p2a: Sneasler
|-damage|p2a: Sneasler|11/100 brn
|-damage|p1a: Talonflame|74/100|[from] Recoil
|move|p2a: Sneasler|Dire Claw|p1a: Talonflame
|-damage|p1a: Talonflame|44/100
|-curestatus|p1b: Hydreigon|slp|[msg]
|move|p1b: Hydreigon|Earth Power|p2a: Sneasler
|-damage|p2a: Sneasler|0 fnt
|faint|p2a: Sneasler
|
|win|godbroj
|inactive|godbroj has 30 seconds to confirm battle start!
|inactive|Dawsonschris has 30 seconds to confirm battle start!
||godbroj is ready for game 3.
