|j|☆chocokoala vgc
|j|☆67ToTheTop
|html|chocokoala vgc67ToTheTop    
|uhtml|bestof|Game 3 of a best-of-3
|t:|1784481727
|gametype|doubles
|player|p1|chocokoala vgc|benga|1259
|player|p2|67ToTheTop|serena|1321
|gen|9
|tier|[Gen 9 Champions] VGC 2026 Reg M-B (Bo3)
|rated|
|rule|Species Clause: Limit one of each Pokémon
|rule|Item Clause: Limit 1 of each item
|clearpoke
|poke|p1|Scovillain, L50, M|
|poke|p1|Primarina, L50, F|
|poke|p1|Aerodactyl, L50, M|
|poke|p1|Garchomp, L50, M|
|poke|p1|Gholdengo, L50|
|poke|p1|Grimmsnarl, L50, M|
|poke|p2|Kingambit, L50, F|
|poke|p2|Gardevoir, L50, M|
|poke|p2|Talonflame, L50, F|
|poke|p2|Maushold, L50|
|poke|p2|Basculegion, L50, M|
|poke|p2|Garchomp, L50, M|
|teampreview|4
|showteam|p1|Scovillain||Scovillainite|Moody|Flamethrower,GigaDrain,Protect,RagePowder|Bold||M|||50|]Primarina||Leftovers|LiquidVoice|HyperVoice,Moonblast,Protect,CalmMind|Modest||F|||50|]Aerodactyl||Aerodactylite|Unnerve|RockSlide,DualWingbeat,Protect,Tailwind|Jolly||M|||50|]Garchomp||SoftSand|RoughSkin|Earthquake,StompingTantrum,Protect,DragonClaw|Jolly||M|||50|]Gholdengo||LifeOrb|GoodasGold|MakeItRain,ShadowBall,Protect,NastyPlot|Modest|||||50|]Grimmsnarl||LightClay|Prankster|LightScreen,Reflect,PartingShot,SpiritBreak|Sassy||M|||50|
|showteam|p2|Kingambit||FocusSash|Defiant|KowtowCleave,IronHead,SuckerPunch,LowKick|Adamant||F|||50|]Gardevoir||Gardevoirite|Telepathy|HyperVoice,Psyshock,TrickRoom,Protect|Modest||M|||50|]Talonflame||LifeOrb|GaleWings|DualWingbeat,FlareBlitz,Tailwind,Protect|Jolly||F|||50|]Maushold||ChopleBerry|FriendGuard|Feint,SuperFang,FollowMe,Protect|Impish|||||50|]Basculegion||MysticWater|Adaptability|WaveCrash,LastRespects,AquaJet,Protect|Adamant||M|||50|]Garchomp||SitrusBerry|RoughSkin|Earthquake,StompingTantrum,RockTomb,Protect|Jolly||M|||50|
|inactive|Battle timer is ON: inactive players will automatically lose when time's up. (requested by chocokoala vgc)
|
|t:|1784481748
|teamsize|p1|4
|teamsize|p2|4
|start
|switch|p1a: Grimmsnarl|Grimmsnarl, L50, M|100/100
|switch|p1b: Primarina|Primarina, L50, F|100/100
|switch|p2a: Gardevoir|Gardevoir, L50, M|100/100
|switch|p2b: Kingambit|Kingambit, L50, F|100/100
|turn|1
|inactive|chocokoala vgc has 30 seconds left.
|
|t:|1784481773
|detailschange|p2a: Gardevoir|Gardevoir-Mega, L50, M
|-mega|p2a: Gardevoir|Gardevoir|Gardevoirite
|move|p1a: Grimmsnarl|Light Screen|p1a: Grimmsnarl
|-sidestart|p1: chocokoala vgc|move: Light Screen
|move|p2a: Gardevoir|Hyper Voice|p1a: Grimmsnarl|[spread] p1a,p1b
|-supereffective|p1a: Grimmsnarl|1
|-damage|p1a: Grimmsnarl|47/100
|-damage|p1b: Primarina|72/100
|move|p2b: Kingambit|Iron Head|p1b: Primarina
|-damage|p1b: Primarina|15/100
|move|p1b: Primarina|Calm Mind|p1b: Primarina
|-boost|p1b: Primarina|spa|1
|-boost|p1b: Primarina|spd|1
|
|-heal|p1b: Primarina|21/100|[from] item: Leftovers
|upkeep
|turn|2
|
|t:|1784481788
|move|p1b: Primarina|Protect|p1b: Primarina
|-singleturn|p1b: Primarina|Protect
|move|p1a: Grimmsnarl|Reflect|p1a: Grimmsnarl
|-sidestart|p1: chocokoala vgc|Reflect
|move|p2a: Gardevoir|Hyper Voice|p1a: Grimmsnarl|[spread] p1a
|-activate|p1b: Primarina|move: Protect
|-supereffective|p1a: Grimmsnarl|1
|-damage|p1a: Grimmsnarl|0 fnt
|faint|p1a: Grimmsnarl
|move|p2b: Kingambit|Kowtow Cleave|p1b: Primarina
|-activate|p1b: Primarina|move: Protect
|
|-heal|p1b: Primarina|27/100|[from] item: Leftovers
|upkeep
|
|t:|1784481801
|switch|p1a: Scovillain|Scovillain, L50, M|100/100
|turn|3
|
|t:|1784481822
|detailschange|p1a: Scovillain|Scovillain-Mega, L50, M
|-mega|p1a: Scovillain|Scovillain|Scovillainite
|move|p1a: Scovillain|Rage Powder|p1a: Scovillain
|-singleturn|p1a: Scovillain|move: Rage Powder
|move|p2a: Gardevoir|Hyper Voice|p1a: Scovillain|[spread] p1a,p1b
|-resisted|p1a: Scovillain|1
|-damage|p1a: Scovillain|85/100
|-damage|p1b: Primarina|8/100
|-status|p2a: Gardevoir|brn|[from] ability: Spicy Spray|[of] p1a: Scovillain
|move|p2b: Kingambit|Kowtow Cleave|p1a: Scovillain
|-damage|p1a: Scovillain|50/100g
|-status|p2b: Kingambit|brn|[from] ability: Spicy Spray|[of] p1a: Scovillain
|move|p1b: Primarina|Hyper Voice|p2a: Gardevoir|[spread] p2a,p2b
|-damage|p2a: Gardevoir|55/100 brn
|-damage|p2b: Kingambit|46/100 brn
|
|-heal|p1b: Primarina|14/100|[from] item: Leftovers
|-damage|p2a: Gardevoir|49/100 brn|[from] brn
|-damage|p2b: Kingambit|40/100 brn|[from] brn
|upkeep
|turn|4
|
|t:|1784481844
|move|p1b: Primarina|Protect|p1b: Primarina
|-singleturn|p1b: Primarina|Protect
|move|p2a: Gardevoir|Hyper Voice|p1b: Primarina|[spread] p1a
|-activate|p1b: Primarina|move: Protect
|-resisted|p1a: Scovillain|1
|-damage|p1a: Scovillain|34/100
|move|p2b: Kingambit|Kowtow Cleave|p1a: Scovillain
|-damage|p1a: Scovillain|18/100
|move|p1a: Scovillain|Giga Drain|p2a: Gardevoir
|-damage|p2a: Gardevoir|22/100 brn
|-heal|p1a: Scovillain|31/100|[from] drain|[of] p2a: Gardevoir
|
|-heal|p1b: Primarina|20/100y|[from] item: Leftovers
|-damage|p2a: Gardevoir|16/100 brn|[from] brn
|-damage|p2b: Kingambit|34/100 brn|[from] brn
|upkeep
|turn|5
|inactive|chocokoala vgc has 30 seconds left.
|
|t:|1784481871
|move|p1a: Scovillain|Rage Powder|p1a: Scovillain
|-singleturn|p1a: Scovillain|move: Rage Powder
|move|p2a: Gardevoir|Hyper Voice|p1a: Scovillain|[spread] p1a,p1b
|-resisted|p1a: Scovillain|1
|-damage|p1a: Scovillain|15/100
|-damage|p1b: Primarina|2/100
|move|p2b: Kingambit|Kowtow Cleave|p1a: Scovillain
|-damage|p1a: Scovillain|1/100
|move|p1b: Primarina|Hyper Voice|p2b: Kingambit|[spread] p2a,p2b
|-damage|p2a: Gardevoir|0 fnt
|-damage|p2b: Kingambit|0 fnt
|faint|p2a: Gardevoir
|faint|p2b: Kingambit
|
|-heal|p1b: Primarina|8/100|[from] item: Leftovers
|upkeep
|
|t:|1784481879
|switch|p2a: Talonflame|Talonflame, L50, F|100/100
|switch|p2b: Basculegion|Basculegion, L50, M|100/100
|turn|6
|
|t:|1784481891
|move|p1a: Scovillain|Protect|p1a: Scovillain
|-singleturn|p1a: Scovillain|Protect
|move|p1b: Primarina|Protect|p1b: Primarina
|-singleturn|p1b: Primarina|Protect
|move|p2a: Talonflame|Flare Blitz|p1a: Scovillain
|-activate|p1a: Scovillain|move: Protect
|move|p2b: Basculegion|Last Respects|p1b: Primarina
|-activate|p1b: Primarina|move: Protect
|
|-heal|p1b: Primarina|14/100|[from] item: Leftovers
|upkeep
|turn|7
|
|t:|1784481904
|move|p1a: Scovillain|Rage Powder|p1a: Scovillain
|-singleturn|p1a: Scovillain|move: Rage Powder
|move|p2a: Talonflame|Flare Blitz|p1a: Scovillain
|-damage|p1a: Scovillain|0 fnt
|-immune|p2a: Talonflame
|faint|p1a: Scovillain
|-damage|p2a: Talonflame|99/100|[from] Recoil
|-damage|p2a: Talonflame|89/100|[from] item: Life Orb
|move|p2b: Basculegion|Last Respects|p1b: Primarina
|-damage|p1b: Primarina|0 fnt
|faint|p1b: Primarina
|
|upkeep
|
|t:|1784481915
|switch|p1b: Gholdengo|Gholdengo, L50|100/100
|turn|8
|
|t:|1784481925
|move|p2a: Talonflame|Flare Blitz|p1b: Gholdengo
|-supereffective|p1b: Gholdengo|1
|-damage|p1b: Gholdengo|17/100
|-damage|p2a: Talonflame|60/100|[from] Recoil
|-damage|p2a: Talonflame|50/100g|[from] item: Life Orb
|move|p1b: Gholdengo|Shadow Ball|p2b: Basculegion
|-supereffective|p2b: Basculegion|1
|-damage|p2b: Basculegion|0 fnt
|faint|p2b: Basculegion
|-damage|p1b: Gholdengo|7/100|[from] item: Life Orb
|
|-sideend|p1: chocokoala vgc|move: Light Screen
|upkeep
|turn|9
|
|t:|1784481937
|move|p2a: Talonflame|Flare Blitz|p1b: Gholdengo
|-supereffective|p1b: Gholdengo|1
|-damage|p1b: Gholdengo|0 fnt
|faint|p1b: Gholdengo
|-damage|p2a: Talonflame|48/100|[from] Recoil
|-damage|p2a: Talonflame|38/100|[from] item: Life Orb
|
|win|67ToTheTop
|raw|chocokoala vgc's rating: 1259 → 1238(-21 for losing)
|raw|67ToTheTop's rating: 1321 → 1337(+16 for winning)
