|j|☆ZAMNZAPDOS
|j|☆kimjeesahn
|html|ZAMNZAPDOSkimjeesahn    
|uhtml|bestof|Game 1 of a best-of-3
|t:|1785374311
|gametype|doubles
|player|p1|ZAMNZAPDOS|170|
|player|p2|kimjeesahn|1|
|gen|9
|tier|[Gen 9 Champions] VGC 2026 Reg M-B (Bo3)
|rule|Species Clause: Limit one of each Pokémon
|rule|Item Clause: Limit 1 of each item
|clearpoke
|poke|p1|Metagross, L50, shiny|
|poke|p1|Grimmsnarl, L50, M, shiny|
|poke|p1|Raichu, L50, F, shiny|
|poke|p1|Hydreigon, L50, F, shiny|
|poke|p1|Primarina, L50, M, shiny|
|poke|p1|Dragonite, L50, M, shiny|
|poke|p2|Swampert, L50, M, shiny|
|poke|p2|Pelipper, L50, F, shiny|
|poke|p2|Sneasler, L50, M|
|poke|p2|Gholdengo, L50|
|poke|p2|Orthworm, L50, M, shiny|
|poke|p2|Maushold-Four, L50|
|teampreview|4
|showteam|p1|Metagross||Metagrossite|ClearBody|Trailblaze,PsychicFangs,Protect,BulletPunch|Adamant|||||50|]Grimmsnarl||FocusSash|Prankster|LightScreen,ThroatChop,PartingShot,Reflect|Serious||M|||50|]Raichu||RaichuniteY|Static|GrassKnot,ZapCannon,FakeOut,FocusBlast|Timid||F|||50|]Hydreigon||Leftovers|Levitate|BreakingSwipe,Snarl,SunnyDay,Flamethrower|Modest||F|||50|]Primarina||SitrusBerry|LiquidVoice|CalmMind,EnergyBall,Protect,Psychic|Modest||M|||50|]Dragonite||YacheBerry|InnerFocus|DragonDance,DragonTail,Waterfall,Protect|Adamant||M|||50|
|showteam|p2|Swampert||Swampertite|Torrent|WaveCrash,IcePunch,Earthquake,Protect|Adamant||M|||50|]Pelipper||FocusSash|Drizzle|Tailwind,Hurricane,WeatherBall,Protect|Bold||F|||50|]Sneasler||WhiteHerb|Unburden|DireClaw,FakeOut,CloseCombat,Protect|Jolly||M|||50|]Gholdengo||LifeOrb|GoodasGold|MakeItRain,NastyPlot,ShadowBall,Protect|Timid|||||50|]Orthworm||SitrusBerry|EarthEater|ShedTail,BodyPress,HeavySlam,Protect|Impish||M|||50|]Maushold-Four||ChopleBerry|FriendGuard|SuperFang,FollowMe,Protect,Feint|Jolly|||||50|
|
|t:|1785374398
|teamsize|p1|4
|teamsize|p2|4
|start
|switch|p1a: Hydreigon|Hydreigon, L50, F, shiny|100/100
|switch|p1b: Dragonite|Dragonite, L50, M, shiny|100/100
|switch|p2a: Swampert|Swampert, L50, M, shiny|100/100
|switch|p2b: Pelipper|Pelipper, L50, F, shiny|100/100
|-weather|RainDance|[from] ability: Drizzle|[of] p2b: Pelipper
|turn|1
|
|t:|1785374435
|detailschange|p2a: Swampert|Swampert-Mega, L50, M, shiny
|-mega|p2a: Swampert|Swampert|Swampertite
|move|p1b: Dragonite|Protect|p1b: Dragonite
|-singleturn|p1b: Dragonite|Protect
|move|p2a: Swampert|Ice Punch|p1b: Dragonite
|-activate|p1b: Dragonite|move: Protect
|move|p1a: Hydreigon|Breaking Swipe|p2a: Swampert|[spread] p2a,p2b
|-damage|p2a: Swampert|87/100
|-damage|p2b: Pelipper|88/100
|-unboost|p2a: Swampert|atk|1
|-unboost|p2b: Pelipper|atk|1
|move|p2b: Pelipper|Tailwind|p2b: Pelipper
|-sidestart|p2: kimjeesahn|move: Tailwind
|
|-weather|RainDance|[upkeep]
|upkeep
|turn|2
|
|t:|1785374483
|switch|p2b: Sneasler|Sneasler, L50, M|100/100
|move|p2a: Swampert|Ice Punch|p1b: Dragonite
|-supereffective|p1b: Dragonite|2
|-enditem|p1b: Dragonite|Yache Berry|[eat]
|-enditem|p1b: Dragonite|Yache Berry|[weaken]
|-damage|p1b: Dragonite|58/100
|move|p1b: Dragonite|Dragon Dance|p1b: Dragonite
|-boost|p1b: Dragonite|atk|1
|-boost|p1b: Dragonite|spe|1
|move|p1a: Hydreigon|Breaking Swipe|p2b: Sneasler|[spread] p2a,p2b
|-crit|p2a: Swampert
|-crit|p2b: Sneasler
|-damage|p2a: Swampert|68/100
|-damage|p2b: Sneasler|65/100
|-unboost|p2a: Swampert|atk|1
|-unboost|p2b: Sneasler|atk|1
|-enditem|p2b: Sneasler|White Herb
|-clearnegativeboost|p2b: Sneasler|[silent]
|
|-weather|RainDance|[upkeep]
|upkeep
|turn|3
|
|t:|1785374524
|move|p1b: Dragonite|Protect|p1b: Dragonite
|-singleturn|p1b: Dragonite|Protect
|move|p2b: Sneasler|Close Combat|p1a: Hydreigon
|-supereffective|p1a: Hydreigon|1
|-damage|p1a: Hydreigon|0 fnt
|-unboost|p2b: Sneasler|def|1
|-unboost|p2b: Sneasler|spd|1
|faint|p1a: Hydreigon
|move|p2a: Swampert|Ice Punch|p1b: Dragonite
|-activate|p1b: Dragonite|move: Protect
|
|-weather|RainDance|[upkeep]
|upkeep
|
|t:|1785374530
|switch|p1a: Grimmsnarl|Grimmsnarl, L50, M, shiny|100/100
|turn|4
|
|t:|1785374571
|move|p2b: Sneasler|Protect|p2b: Sneasler
|-singleturn|p2b: Sneasler|Protect
|move|p1a: Grimmsnarl|Reflect|p1a: Grimmsnarl
|-sidestart|p1: ZAMNZAPDOS|Reflect
|move|p2a: Swampert|Ice Punch|p1b: Dragonite
|-supereffective|p1b: Dragonite|2
|-damage|p1b: Dragonite|18/100
|move|p1b: Dragonite|Waterfall|p2b: Sneasler
|-activate|p2b: Sneasler|move: Protect
|
|-weather|RainDance|[upkeep]
|-sideend|p2: kimjeesahn|move: Tailwind
|upkeep
|turn|5
|
|t:|1785374613
|move|p2b: Sneasler|Dire Claw|p1a: Grimmsnarl
|-supereffective|p1a: Grimmsnarl|1
|-damage|p1a: Grimmsnarl|14/100
|move|p2a: Swampert|Ice Punch|p1b: Dragonite
|-supereffective|p1b: Dragonite|2
|-damage|p1b: Dragonite|0 fnt
|faint|p1b: Dragonite
|move|p1a: Grimmsnarl|Throat Chop|p2b: Sneasler
|-resisted|p2b: Sneasler|1
|-damage|p2b: Sneasler|14/100
|-start|p2b: Sneasler|Throat Chop|[silent]
|
|-weather|none
|upkeep
|
|t:|1785374622
|switch|p1b: Raichu|Raichu, L50, F, shiny|100/100
|turn|6
|
|t:|1785374664
|switch|p2b: Pelipper|Pelipper, L50, F, shiny|88/100
|-weather|RainDance|[from] ability: Drizzle|[of] p2b: Pelipper
|detailschange|p1b: Raichu|Raichu-Mega-Y, L50, F, shiny
|-mega|p1b: Raichu|Raichu|Raichunite Y
|move|p2a: Swampert|Protect|p2a: Swampert
|-singleturn|p2a: Swampert|Protect
|move|p1b: Raichu|Fake Out|p2b: Pelipper
|-crit|p2b: Pelipper
|-damage|p2b: Pelipper|77/100
|move|p1a: Grimmsnarl|Parting Shot|p2a: Swampert
|-activate|p2a: Swampert|move: Protect
|
|-weather|RainDance|[upkeep]
|upkeep
|turn|7
|
|t:|1785374694
|move|p1a: Grimmsnarl|Parting Shot|p2a: Swampert
|-unboost|p2a: Swampert|atk|1
|-unboost|p2a: Swampert|spa|1
|move|p2a: Swampert|Earthquake|p1b: Raichu|[spread] p1a,p1b
|-immune|p2b: Pelipper
|-supereffective|p1b: Raichu|1
|-damage|p1a: Grimmsnarl|0 fnt
|-damage|p1b: Raichu|53/100
|faint|p1a: Grimmsnarl
|move|p1b: Raichu|Grass Knot|p2a: Swampert
|-supereffective|p2a: Swampert|2
|-damage|p2a: Swampert|0 fnt
|faint|p2a: Swampert
|move|p2b: Pelipper|Weather Ball|p1b: Raichu
|-damage|p1b: Raichu|0 fnt
|faint|p1b: Raichu
|
|win|kimjeesahn
|inactive|ZAMNZAPDOS has 30 seconds to confirm battle start!
|inactive|kimjeesahn has 30 seconds to confirm battle start!
||ZAMNZAPDOS is ready for game 2.
|inactive|kimjeesahn has 20 seconds to confirm battle start!
|l|☆ZAMNZAPDOS
|player|p1|
||kimjeesahn is ready for game 2.
|uhtml|next|Next: Game 2 of 3
|j|☆ZAMNZAPDOS
|player|p1|ZAMNZAPDOS|170|
