|j|☆Morvs
|j|☆spyjus
|html|Morvsspyjus    
|uhtml|bestof|Game 1 of a best-of-3
|t:|1784832923
|gametype|doubles
|player|p1|Morvs|266|1101
|player|p2|spyjus|266|1054
|gen|9
|tier|[Gen 9 Champions] VGC 2026 Reg M-B (Bo3)
|rated|
|rule|Species Clause: Limit one of each Pokémon
|rule|Item Clause: Limit 1 of each item
|clearpoke
|poke|p1|Grimmsnarl, L50, M|
|poke|p1|Basculegion, L50, M|
|poke|p1|Venusaur, L50, M|
|poke|p1|Pelipper, L50, F|
|poke|p1|Archaludon, L50, M|
|poke|p1|Swampert, L50, M|
|poke|p2|Malamar, L50, F|
|poke|p2|Serperior, L50, F|
|poke|p2|Whimsicott, L50, M|
|poke|p2|Staraptor, L50, F|
|poke|p2|Grimmsnarl, L50, M|
|poke|p2|Toxapex, L50, M|
|teampreview|4
|showteam|p1|Grimmsnarl||LightClay|Prankster|SpiritBreak,Reflect,LightScreen,PartingShot|Careful||M|||50|]Basculegion||ChoiceScarf|Adaptability|WaveCrash,LastRespects,AquaJet,FlipTurn|Jolly||M|||50|]Venusaur||Venusaurite|Chlorophyll|GigaDrain,SludgeBomb,EarthPower,Protect|Modest||M|||50|]Pelipper||SitrusBerry|Drizzle|Hurricane,WeatherBall,Tailwind,RainDance|Modest||F|||50|]Archaludon||Leftovers|Stamina|FlashCannon,DragonPulse,ElectroShot,Protect|Modest||M|||50|]Swampert||Swampertite|Damp|WaveCrash,Earthquake,IcePunch,Protect|Adamant||M|||50|
|showteam|p2|Malamar||Malamarite|Contrary|Superpower,PsychoCut,RockSlide,Protect|Jolly||F|||50|]Serperior||MiracleSeed|Contrary|LeafStorm,DragonPulse,Protect,Taunt|Timid||F|||50|]Whimsicott||FocusSash|Prankster|Charm,Tailwind,DazzlingGleam,Protect|Bold||M|||50|]Staraptor||Staraptite|Intimidate|BlazeKick,CloseCombat,Protect,DualWingbeat|Jolly||F|||50|]Grimmsnarl||QuickClaw|Prankster|FakeOut,PartingShot,SpiritBreak,Taunt|Adamant||M|||50|]Toxapex||Leftovers|Regenerator|BanefulBunker,Venoshock,Toxic,Recover|Bold||M|||50|
|inactive|Battle timer is ON: inactive players will automatically lose when time's up. (requested by spyjus)
|inactive|spyjus has 60 seconds left.
|
|t:|1784832956
|teamsize|p1|4
|teamsize|p2|4
|start
|switch|p1a: Grimmsnarl|Grimmsnarl, L50, M|100/100
|switch|p1b: Archaludon|Archaludon, L50, M|100/100
|switch|p2a: Malamar|Malamar, L50, F|100/100
|switch|p2b: Whimsicott|Whimsicott, L50, M|100/100
|turn|1
|
|t:|1784832979
|detailschange|p2a: Malamar|Malamar-Mega, L50, F
|-mega|p2a: Malamar|Malamar|Malamarite
|move|p1b: Archaludon|Protect|p1b: Archaludon
|-singleturn|p1b: Archaludon|Protect
|move|p2b: Whimsicott|Charm|p2a: Malamar
|-boost|p2a: Malamar|atk|2
|move|p1a: Grimmsnarl|Reflect|p1a: Grimmsnarl
|-sidestart|p1: Morvs|Reflect
|move|p2a: Malamar|Superpower|p1b: Archaludon
|-activate|p1b: Archaludon|move: Protect
|
|upkeep
|turn|2
|
|t:|1784832995
|move|p2b: Whimsicott|Charm|p2a: Malamar
|-boost|p2a: Malamar|atk|2
|move|p1a: Grimmsnarl|Parting Shot|p2b: Whimsicott
|-unboost|p2b: Whimsicott|atk|1
|-unboost|p2b: Whimsicott|spa|1
|
|t:|1784833001
|switch|p1a: Pelipper|Pelipper, L50, F|100/100|[from] Parting Shot
|-weather|RainDance|[from] ability: Drizzle|[of] p1a: Pelipper
|move|p2a: Malamar|Superpower|p1b: Archaludon
|-supereffective|p1b: Archaludon|1
|-damage|p1b: Archaludon|0 fnt
|-boost|p2a: Malamar|atk|1
|-boost|p2a: Malamar|def|1
|faint|p1b: Archaludon
|
|-weather|RainDance|[upkeep]
|upkeep
|
|t:|1784833012
|switch|p1b: Basculegion|Basculegion, L50, M|100/100
|turn|3
|
|t:|1784833024
|move|p2b: Whimsicott|Tailwind|p2b: Whimsicott
|-sidestart|p2: spyjus|move: Tailwind
|move|p2a: Malamar|Rock Slide|p1a: Pelipper|[spread] p1a,p1b
|-supereffective|p1a: Pelipper|1
|-damage|p1a: Pelipper|22/100
|-damage|p1b: Basculegion|50/100g
|-enditem|p1a: Pelipper|Sitrus Berry|[eat]
|-heal|p1a: Pelipper|47/100|[from] item: Sitrus Berry
|move|p1b: Basculegion|Flip Turn|p2a: Malamar
|-damage|p2a: Malamar|49/100
|
|t:|1784833035
|switch|p1b: Grimmsnarl|Grimmsnarl, L50, M|100/100|[from] Flip Turn
|cant|p1a: Pelipper|flinch
|
|-weather|RainDance|[upkeep]
|upkeep
|turn|4
|
|t:|1784833048
|switch|p2b: Toxapex|Toxapex, L50, M|100/100
|move|p2a: Malamar|Rock Slide|p1b: Grimmsnarl|[spread] p1a,p1b
|-supereffective|p1a: Pelipper|1
|-damage|p1a: Pelipper|0 fnt
|-damage|p1b: Grimmsnarl|60/100
|faint|p1a: Pelipper
|move|p1b: Grimmsnarl|Spirit Break|p2a: Malamar
|-supereffective|p2a: Malamar|1
|-damage|p2a: Malamar|0 fnt
|faint|p2a: Malamar
|
|-weather|RainDance|[upkeep]
|upkeep
|
|t:|1784833059
|switch|p2a: Staraptor|Staraptor, L50, F|100/100
|switch|p1a: Basculegion|Basculegion, L50, M|50/100g
|-ability|p2a: Staraptor|Intimidate|boost
|-unboost|p1a: Basculegion|atk|1
|-unboost|p1b: Grimmsnarl|atk|1
|turn|5
|
|t:|1784833072
|move|p2a: Staraptor|Protect|p2a: Staraptor
|-singleturn|p2a: Staraptor|Protect
|move|p1a: Basculegion|Wave Crash|p2a: Staraptor
|-activate|p2a: Staraptor|move: Protect
|move|p2b: Toxapex|Toxic|p1b: Grimmsnarl
|-status|p1b: Grimmsnarl|tox
|move|p1b: Grimmsnarl|Spirit Break|p2a: Staraptor
|-activate|p2a: Staraptor|move: Protect
|
|-weather|RainDance|[upkeep]
|-damage|p1b: Grimmsnarl|54/100 tox|[from] psn
|upkeep
|turn|6
|
|t:|1784833086
|switch|p2a: Whimsicott|Whimsicott, L50, M|100/100
|move|p1a: Basculegion|Wave Crash|p2a: Whimsicott
|-resisted|p2a: Whimsicott|1
|-crit|p2a: Whimsicott
|-damage|p2a: Whimsicott|20/100y
|-damage|p1a: Basculegion|27/100|[from] Recoil
|move|p2b: Toxapex|Toxic|p1a: Basculegion
|-status|p1a: Basculegion|tox
|move|p1b: Grimmsnarl|Spirit Break|p2a: Whimsicott
|-damage|p2a: Whimsicott|2/100
|-unboost|p2a: Whimsicott|spa|1
|
|-weather|none
|-damage|p1a: Basculegion|21/100 tox|[from] psn
|-damage|p1b: Grimmsnarl|43/100 tox|[from] psn
|-sideend|p2: spyjus|move: Tailwind
|upkeep
|turn|7
|
|t:|1784833111
|move|p2a: Whimsicott|Protect|p2a: Whimsicott
|-singleturn|p2a: Whimsicott|Protect
|move|p1a: Basculegion|Wave Crash|p2b: Toxapex
|-resisted|p2b: Toxapex|1
|-damage|p2b: Toxapex|81/100
|-damage|p1a: Basculegion|16/100 tox|[from] Recoil
|move|p1b: Grimmsnarl|Spirit Break|p2a: Whimsicott
|-activate|p2a: Whimsicott|move: Protect
|move|p2b: Toxapex|Venoshock|p1b: Grimmsnarl
|-supereffective|p1b: Grimmsnarl|1
|-damage|p1b: Grimmsnarl|0 fnt
|faint|p1b: Grimmsnarl
|
|-heal|p2b: Toxapex|87/100|[from] item: Leftovers
|-damage|p1a: Basculegion|4/100 tox|[from] psn
|upkeep
|turn|8
|
|t:|1784833132
|switch|p2a: Staraptor|Staraptor, L50, F|100/100
|-ability|p2a: Staraptor|Intimidate|boost
|-unboost|p1a: Basculegion|atk|1
|move|p1a: Basculegion|Wave Crash|p2a: Staraptor
|-damage|p2a: Staraptor|47/100
|-damage|p1a: Basculegion|0 fnt|[from] Recoil
|faint|p1a: Basculegion
|
|win|spyjus
||Morvs is ready for game 2.
||spyjus is ready for game 2.
|uhtml|next|Next: Game 2 of 3
|l|☆spyjus
|player|p2|
