|j|☆Le P VGC
|j|☆branefx
|html|Le P VGCbranefx    
|uhtml|bestof|Game 1 of a best-of-3
|t:|1757927885
|gametype|doubles
|player|p1|Le P VGC|lucian|1295
|player|p2|branefx|scientist-gen4dp|1254
|gen|9
|tier|[Gen 9] VGC 2025 Reg H (Bo3)
|rated|
|rule|Species Clause: Limit one of each Pokémon
|rule|Item Clause: Limit 1 of each item
|clearpoke
|poke|p1|Ninetales-Alola, L50, M|
|poke|p1|Incineroar, L50, M|
|poke|p1|Rillaboom, L50, F|
|poke|p1|Ursaluna, L50, F|
|poke|p1|Dragonite, L50, M|
|poke|p1|Frosmoth, L50, F|
|poke|p2|Sneasler, L50, M|
|poke|p2|Kingambit, L50, F|
|poke|p2|Electabuzz, L50, F|
|poke|p2|Dragapult, L50, M|
|poke|p2|Rillaboom, L50, F|
|poke|p2|Volcarona, L50, M|
|teampreview|4
|showteam|p1|Ninetales-Alola||LightClay|SnowWarning|Blizzard,Disable,AuroraVeil,Encore|||M|||50|,,,,,Ghost]Incineroar||SafetyGoggles|Intimidate|FakeOut,FlareBlitz,KnockOff,PartingShot|||M|||50|,,,,,Ghost]Rillaboom||AssaultVest|GrassySurge|FakeOut,Uturn,WoodHammer,GrassyGlide|||F|||50|,,,,,Fire]Ursaluna||FlameOrb|Guts|Earthquake,Facade,HeadlongRush,Protect|||F|||50|,,,,,Ghost]Dragonite||LoadedDice|Multiscale|ScaleShot,Haze,Protect,Tailwind|||M|||50|,,,,,Steel]Frosmoth||Leftovers|IceScales|QuiverDance,Blizzard,Protect,TeraBlast|||F|||50|,,,,,Water
|showteam|p2|Sneasler||GrassySeed|Unburden|DireClaw,CloseCombat,ThroatChop,Protect|||M|||50|,,,,,Dark]Kingambit||SafetyGoggles|Defiant|KowtowCleave,SuckerPunch,SwordsDance,Protect|||F|||50|,,,,,Dark]Electabuzz||Eviolite|VitalSpirit|FollowMe,HelpingHand,Electroweb,Taunt|||F|||50|,,,,,Ghost]Dragapult||ChoiceBand|ClearBody|DragonDarts,Outrage,PhantomForce,Uturn|||M|||50|,,,,,Dragon]Rillaboom||LoadedDice|GrassySurge|FakeOut,BulletSeed,GrassyGlide,HighHorsepower|||F|||50|,,,,,Fire]Volcarona||RockyHelmet|FlameBody|HeatWave,Protect,GigaDrain,QuiverDance|||M|||50|,,,,,Water
|inactive|Battle timer is ON: inactive players will automatically lose when time's up. (requested by branefx)
|inactive|Le P VGC has 60 seconds left.
|inactive|branefx has 60 seconds left.
|
|t:|1757927932
|teamsize|p1|4
|teamsize|p2|4
|start
|switch|p1a: Ninetales|Ninetales-Alola, L50, M|100/100
|switch|p1b: Dragonite|Dragonite, L50, M|100/100
|switch|p2a: Rillaboom|Rillaboom, L50, F, shiny|100/100
|switch|p2b: Volcarona|Volcarona, L50, M, shiny|100/100
|-weather|Snowscape|[from] ability: Snow Warning|[of] p1a: Ninetales
|-fieldstart|move: Grassy Terrain|[from] ability: Grassy Surge|[of] p2a: Rillaboom
|turn|1
|
|t:|1757927947
|move|p2a: Rillaboom|Fake Out|p1b: Dragonite
|-damage|p1b: Dragonite|92/100
|move|p1a: Ninetales|Aurora Veil|p1a: Ninetales
|-sidestart|p1: Le P VGC|move: Aurora Veil
|cant|p1b: Dragonite|flinch
|move|p2b: Volcarona|Quiver Dance|p2b: Volcarona
|-boost|p2b: Volcarona|spa|1
|-boost|p2b: Volcarona|spd|1
|-boost|p2b: Volcarona|spe|1
|
|-weather|Snowscape|[upkeep]
|upkeep
|turn|2
|
|t:|1757927963
|switch|p2a: Dragapult|Dragapult, L50, M, shiny|100/100
|move|p2b: Volcarona|Heat Wave|p1a: Ninetales|[spread] p1a,p1b
|-supereffective|p1a: Ninetales
|-resisted|p1b: Dragonite
|-damage|p1a: Ninetales|15/100
|-damage|p1b: Dragonite|71/100
|move|p1a: Ninetales|Encore||[still]
|-fail|p1a: Ninetales
|move|p1b: Dragonite|Haze|p1b: Dragonite
|-clearallboost
|
|-weather|Snowscape|[upkeep]
|-heal|p1a: Ninetales|21/100|[from] Grassy Terrain
|upkeep
|turn|3
|inactive|branefx has 30 seconds left.
|
|t:|1757927991
|move|p2a: Dragapult|Phantom Force||[still]
|-prepare|p2a: Dragapult|Phantom Force
|move|p1a: Ninetales|Blizzard|p2b: Volcarona|[spread] p2b
|-miss|p1a: Ninetales|p2a: Dragapult
|-resisted|p2b: Volcarona
|-damage|p2b: Volcarona|87/100
|move|p1b: Dragonite|Tailwind|p1b: Dragonite
|-sidestart|p1: Le P VGC|move: Tailwind
|move|p2b: Volcarona|Quiver Dance|p2b: Volcarona
|-boost|p2b: Volcarona|spa|1
|-boost|p2b: Volcarona|spd|1
|-boost|p2b: Volcarona|spe|1
|
|-weather|Snowscape|[upkeep]
|-heal|p1a: Ninetales|27/100|[from] Grassy Terrain
|-heal|p2b: Volcarona|93/100|[from] Grassy Terrain
|upkeep
|turn|4
|
|t:|1757928010
|move|p2b: Volcarona|Protect|p2b: Volcarona
|-singleturn|p2b: Volcarona|Protect
|move|p1a: Ninetales|Disable|p2b: Volcarona
|-activate|p2b: Volcarona|move: Protect
|move|p1b: Dragonite|Haze|p1b: Dragonite
|-clearallboost
|move|p2a: Dragapult|Phantom Force|p1a: Ninetales|[from] lockedmove
|-damage|p1a: Ninetales|0 fnt
|faint|p1a: Ninetales
|
|-weather|Snowscape|[upkeep]
|-heal|p2b: Volcarona|99/100|[from] Grassy Terrain
|upkeep
|
|t:|1757928020
|switch|p1a: Incineroar|Incineroar, L50, M|100/100
|-ability|p1a: Incineroar|Intimidate|boost
|-fail|p2a: Dragapult|unboost|[from] ability: Clear Body|[of] p2a: Dragapult
|-unboost|p2b: Volcarona|atk|1
|turn|5
|
|t:|1757928041
|switch|p2a: Sneasler|Sneasler, L50, M|100/100
|-enditem|p2a: Sneasler|Grassy Seed
|-boost|p2a: Sneasler|def|1|[from] item: Grassy Seed
|switch|p2b: Rillaboom|Rillaboom, L50, F, shiny|100/100
|move|p1b: Dragonite|Scale Shot|p2a: Sneasler
|-damage|p2a: Sneasler|84/100
|-damage|p2a: Sneasler|68/100
|-damage|p2a: Sneasler|52/100
|-damage|p2a: Sneasler|34/100
|-damage|p2a: Sneasler|19/100
|-hitcount|p2a: Sneasler|5
|-unboost|p1b: Dragonite|def|1
|-boost|p1b: Dragonite|spe|1
|move|p1a: Incineroar|Knock Off|p2b: Rillaboom
|-damage|p2b: Rillaboom|65/100
|-enditem|p2b: Rillaboom|Loaded Dice|[from] move: Knock Off|[of] p1a: Incineroar
|
|-weather|none
|-heal|p2a: Sneasler|25/100|[from] Grassy Terrain
|-heal|p2b: Rillaboom|71/100|[from] Grassy Terrain
|-fieldend|move: Grassy Terrain
|upkeep
|turn|6
|
|t:|1757928062
|-terastallize|p2b: Rillaboom|Fire
|move|p2a: Sneasler|Protect|p2a: Sneasler
|-singleturn|p2a: Sneasler|Protect
|move|p2b: Rillaboom|Fake Out|p1b: Dragonite
|-damage|p1b: Dragonite|55/100
|cant|p1b: Dragonite|flinch
|move|p1a: Incineroar|Parting Shot|p2b: Rillaboom
|-unboost|p2b: Rillaboom|atk|1
|-unboost|p2b: Rillaboom|spa|1
|
|t:|1757928074
|switch|p1a: Frosmoth|Frosmoth, L50, F|100/100|[from] Parting Shot
|
|-sideend|p1: Le P VGC|move: Tailwind
|upkeep
|turn|7
|inactive|branefx has 30 seconds left.
|
|t:|1757928105
|switch|p1a: Incineroar|Incineroar, L50, M|100/100
|-ability|p1a: Incineroar|Intimidate|boost
|-unboost|p2a: Sneasler|atk|1
|-unboost|p2b: Rillaboom|atk|1
|switch|p2b: Volcarona|Volcarona, L50, M, shiny|99/100
|move|p2a: Sneasler|Close Combat|p1b: Dragonite
|-resisted|p1b: Dragonite
|-damage|p1b: Dragonite|31/100
|-unboost|p2a: Sneasler|def|1
|-unboost|p2a: Sneasler|spd|1
|move|p1b: Dragonite|Tailwind|p1b: Dragonite
|-sidestart|p1: Le P VGC|move: Tailwind
|
|upkeep
|turn|8
|
|t:|1757928127
|switch|p2b: Rillaboom|Rillaboom, L50, F, shiny, tera:Fire|71/100
|-fieldstart|move: Grassy Terrain|[from] ability: Grassy Surge|[of] p2b: Rillaboom
|move|p2a: Sneasler|Protect|p2a: Sneasler
|-singleturn|p2a: Sneasler|Protect
|move|p1b: Dragonite|Scale Shot|p2a: Sneasler
|-activate|p2a: Sneasler|move: Protect
|move|p1a: Incineroar|Knock Off|p2b: Rillaboom
|-crit|p2b: Rillaboom
|-damage|p2b: Rillaboom|37/100
|
|-heal|p2a: Sneasler|31/100|[from] Grassy Terrain
|-heal|p2b: Rillaboom|43/100|[from] Grassy Terrain
|-sideend|p1: Le P VGC|move: Aurora Veil
|upkeep
|turn|9
|
|t:|1757928149
|switch|p2a: Volcarona|Volcarona, L50, M, shiny|99/100
|move|p1b: Dragonite|Scale Shot|p2a: Volcarona
|-damage|p2a: Volcarona|79/100
|-damage|p2a: Volcarona|61/100
|-damage|p2a: Volcarona|42/100
|-damage|p2a: Volcarona|23/100
|-hitcount|p2a: Volcarona|4
|-unboost|p1b: Dragonite|def|1
|-boost|p1b: Dragonite|spe|1
|move|p1a: Incineroar|Flare Blitz|p2a: Volcarona
|-damage|p2a: Volcarona|0 fnt
|-damage|p1a: Incineroar|84/100|[from] item: Rocky Helmet|[of] p2a: Volcarona
|faint|p2a: Volcarona
|-damage|p1a: Incineroar|78/100|[from] Recoil
|move|p2b: Rillaboom|High Horsepower|p1a: Incineroar
|-supereffective|p1a: Incineroar
|-damage|p1a: Incineroar|11/100
|
|-heal|p1a: Incineroar|17/100|[from] Grassy Terrain
|-heal|p2b: Rillaboom|49/100|[from] Grassy Terrain
|upkeep
|
|t:|1757928156
|switch|p2a: Sneasler|Sneasler, L50, M|31/100
|turn|10
|
|t:|1757928171
|move|p2b: Rillaboom|Grassy Glide|p1b: Dragonite
|-resisted|p1b: Dragonite
|-damage|p1b: Dragonite|11/100
|move|p1b: Dragonite|Scale Shot|p2a: Sneasler
|-damage|p2a: Sneasler|9/100
|-damage|p2a: Sneasler|0 fnt
|faint|p2a: Sneasler
|-hitcount|p2: Sneasler|2
|-unboost|p1b: Dragonite|def|1
|-boost|p1b: Dragonite|spe|1
|move|p1a: Incineroar|Parting Shot|p2b: Rillaboom
|-unboost|p2b: Rillaboom|atk|1
|-unboost|p2b: Rillaboom|spa|1
|
|t:|1757928184
|switch|p1a: Frosmoth|Frosmoth, L50, F|100/100|[from] Parting Shot
|
|-heal|p2b: Rillaboom|55/100|[from] Grassy Terrain
|-sideend|p1: Le P VGC|move: Tailwind
|upkeep
|
|t:|1757928187
|switch|p2a: Dragapult|Dragapult, L50, M, shiny|100/100
|turn|11
|
|t:|1757928203
|move|p1b: Dragonite|Scale Shot|p2a: Dragapult
|-supereffective|p2a: Dragapult
|-damage|p2a: Dragapult|60/100
|-supereffective|p2a: Dragapult
|-damage|p2a: Dragapult|26/100
|-supereffective|p2a: Dragapult
|-damage|p2a: Dragapult|0 fnt
|faint|p2a: Dragapult
|-hitcount|p2: Dragapult|3
|-unboost|p1b: Dragonite|def|1
|-boost|p1b: Dragonite|spe|1
|move|p1a: Frosmoth|Quiver Dance|p1a: Frosmoth
|-boost|p1a: Frosmoth|spa|1
|-boost|p1a: Frosmoth|spd|1
|-boost|p1a: Frosmoth|spe|1
|move|p2b: Rillaboom|Bullet Seed|p1a: Frosmoth
|-resisted|p1a: Frosmoth
|-damage|p1a: Frosmoth|90/100
|-resisted|p1a: Frosmoth
|-damage|p1a: Frosmoth|80/100
|-resisted|p1a: Frosmoth
|-crit|p1a: Frosmoth
|-damage|p1a: Frosmoth|55/100
|-hitcount|p1a: Frosmoth|3
|
|-heal|p1a: Frosmoth|62/100|[from] Grassy Terrain
|-heal|p1a: Frosmoth|68/100|[from] item: Leftovers
|-heal|p2b: Rillaboom|61/100|[from] Grassy Terrain
|upkeep
|turn|12
|-message|branefx forfeited.
|
|win|Le P VGC
||branefx is ready for game 2.
|inactive|Le P VGC has 30 seconds to confirm battle start!
||Le P VGC is ready for game 2.
|uhtml|next|Next: Game 2 of 3
|l|☆branefx
|player|p2|
|l|☆Le P VGC
|player|p1|
