|j|☆merr123
|j|☆Curebo
|html|merr123Curebo    
|uhtml|bestof|Game 1 of a best-of-3
|t:|1782346571
|gametype|doubles
|player|p1|merr123|169|1147
|player|p2|Curebo|clay|1147
|gen|9
|tier|[Gen 9 Champions] VGC 2026 Reg M-B (Bo3)
|rated|
|rule|Species Clause: Limit one of each Pokémon
|rule|Item Clause: Limit 1 of each item
|clearpoke
|poke|p1|Sneasler, L50, M|
|poke|p1|Staraptor, L50, F|
|poke|p1|Manectric, L50, F|
|poke|p1|Sinistcha, L50|
|poke|p1|Kingambit, L50, F|
|poke|p1|Mamoswine, L50, F|
|poke|p2|Excadrill, L50, F, shiny|
|poke|p2|Tyranitar, L50, M, shiny|
|poke|p2|Corviknight, L50, M, shiny|
|poke|p2|Hydreigon, L50, M, shiny|
|poke|p2|Houndstone, L50, M, shiny|
|poke|p2|Sinistcha-Masterpiece, L50|
|teampreview|4
|showteam|p1|Sneasler||FocusSash|PoisonTouch|FakeOut,CloseCombat,DireClaw,Coaching|Jolly||M|||50|]Staraptor||Staraptite|Intimidate|CloseCombat,BraveBird,Tailwind,Protect|Adamant||F|||50|]Manectric||Manectite|LightningRod|Thunderbolt,Snarl,VoltSwitch,Protect|Timid||F|||50|]Sinistcha||SitrusBerry|Hospitality|MatchaGotcha,RagePowder,TrickRoom,Protect|Calm|||||50|]Kingambit||BlackGlasses|Defiant|SwordsDance,KowtowCleave,SuckerPunch,Protect|Adamant||F|||50|]Mamoswine||ChoiceScarf|Oblivious|IcicleCrash,Earthquake,IceShard,HighHorsepower|Jolly||F|||50|
|showteam|p2|Excadrill||FocusSash|SandRush|Earthquake,IronHead,RockSlide,Protect|Adamant||F|||50|]Tyranitar||Tyranitarite|SandStream|RockSlide,KnockOff,LowKick,Protect|Adamant||M|||50|]Corviknight||Leftovers|MirrorArmor|BraveBird,BulkUp,Roost,Tailwind|Careful||M|||50|]Hydreigon||ChoiceScarf|Levitate|DracoMeteor,DarkPulse,HeatWave,Snarl|Modest||M|||50|]Houndstone||SitrusBerry|SandRush|LastRespects,WillOWisp,BodyPress,Protect|Adamant||M|||50|]Sinistcha-Masterpiece||KasibBerry|Hospitality|MatchaGotcha,Protect,TrickRoom,RagePowder|Relaxed|||||50|
|inactive|Battle timer is ON: inactive players will automatically lose when time's up. (requested by merr123)
|inactive|Curebo also wants the timer to be on.
|inactive|merr123 has 60 seconds left.
|inactive|Curebo has 60 seconds left.
|inactive|Curebo has 30 seconds left.
|
|t:|1782346636
|teamsize|p1|4
|teamsize|p2|4
|start
|switch|p1a: Sneasler|Sneasler, L50, M|100/100
|switch|p1b: Staraptor|Staraptor, L50, F|100/100
|switch|p2a: Corviknight|Corviknight, L50, M, shiny|100/100
|switch|p2b: Hydreigon|Hydreigon, L50, M, shiny|100/100
|-ability|p1b: Staraptor|Intimidate|boost
|-ability|p2a: Corviknight|Mirror Armor
|-unboost|p1b: Staraptor|atk|1
|-unboost|p2b: Hydreigon|atk|1
|turn|1
|inactive|merr123 has 30 seconds left.
|inactive|Curebo has 30 seconds left.
|inactive|merr123 has 20 seconds left.
|inactive|Curebo has 20 seconds left.
|inactive|merr123 has 15 seconds left.
|inactive|Curebo has 15 seconds left.
|
|t:|1782346679
|switch|p2b: Houndstone|Houndstone, L50, M, shiny|100/100
|move|p1a: Sneasler|Coaching|p1b: Staraptor
|-boost|p1b: Staraptor|atk|1
|-boost|p1b: Staraptor|def|1
|move|p1b: Staraptor|Tailwind|p1b: Staraptor
|-sidestart|p1: merr123|move: Tailwind
|move|p2a: Corviknight|Tailwind|p2a: Corviknight
|-sidestart|p2: Curebo|move: Tailwind
|
|upkeep
|turn|2
|
|t:|1782346702
|switch|p1a: Sinistcha|Sinistcha, L50|100/100
|move|p1b: Staraptor|Protect|p1b: Staraptor
|-singleturn|p1b: Staraptor|Protect
|move|p2b: Houndstone|Will-O-Wisp|p1b: Staraptor
|-activate|p1b: Staraptor|move: Protect
|move|p2a: Corviknight|Brave Bird|p1a: Sinistcha
|-supereffective|p1a: Sinistcha|1
|-damage|p1a: Sinistcha|28/100
|-enditem|p1a: Sinistcha|Sitrus Berry|[eat]
|-heal|p1a: Sinistcha|52/100|[from] item: Sitrus Berry
|-damage|p2a: Corviknight|79/100|[from] Recoil
|
|-heal|p2a: Corviknight|85/100|[from] item: Leftovers
|upkeep
|turn|3
|inactive|Curebo has 30 seconds left.
|inactive|Curebo has 20 seconds left.
|inactive|Curebo has 15 seconds left.
|inactive|Curebo has 10 seconds left.
|
|t:|1782346751
|switch|p2a: Hydreigon|Hydreigon, L50, M, shiny|100/100
|detailschange|p1b: Staraptor|Staraptor-Mega, L50, F
|-mega|p1b: Staraptor|Staraptor|Staraptite
|move|p1a: Sinistcha|Rage Powder|p1a: Sinistcha
|-singleturn|p1a: Sinistcha|move: Rage Powder
|move|p1b: Staraptor|Close Combat|p2a: Hydreigon
|-supereffective|p2a: Hydreigon|1
|-damage|p2a: Hydreigon|0 fnt
|-boost|p1b: Staraptor|def|1
|-boost|p1b: Staraptor|spd|1
|faint|p2a: Hydreigon
|move|p2b: Houndstone|Last Respects|p1a: Sinistcha
|-supereffective|p1a: Sinistcha|1
|-damage|p1a: Sinistcha|0 fnt
|faint|p1a: Sinistcha
|
|upkeep
|
|t:|1782346768
|switch|p2a: Tyranitar|Tyranitar, L50, M, shiny|100/100
|switch|p1a: Mamoswine|Mamoswine, L50, F|100/100
|-weather|Sandstorm|[from] ability: Sand Stream|[of] p2a: Tyranitar
|turn|4
|inactive|merr123 has 30 seconds left.
|inactive|Curebo has 30 seconds left.
|inactive|merr123 has 20 seconds left.
|
|t:|1782346806
|move|p1b: Staraptor|Protect|p1b: Staraptor
|-singleturn|p1b: Staraptor|Protect
|move|p2a: Tyranitar|Protect|p2a: Tyranitar
|-singleturn|p2a: Tyranitar|Protect
|move|p2b: Houndstone|Will-O-Wisp|p1b: Staraptor
|-activate|p1b: Staraptor|move: Protect
|move|p1a: Mamoswine|Earthquake|p2a: Tyranitar|[spread] p2b
|-activate|p1b: Staraptor|move: Protect
|-activate|p2a: Tyranitar|move: Protect
|-damage|p2b: Houndstone|64/100
|
|-weather|Sandstorm|[upkeep]
|-damage|p1b: Staraptor|94/100|[from] Sandstorm
|-sideend|p2: Curebo|move: Tailwind
|-sideend|p1: merr123|move: Tailwind
|upkeep
|turn|5
|
|t:|1782346821
|switch|p2a: Corviknight|Corviknight, L50, M, shiny|85/100
|move|p2b: Houndstone|Will-O-Wisp|p1b: Staraptor
|-status|p1b: Staraptor|brn
|move|p1a: Mamoswine|Earthquake|p2b: Houndstone|[spread] p2b
|-immune|p1b: Staraptor
|-immune|p2a: Corviknight
|-damage|p2b: Houndstone|29/100
|-enditem|p2b: Houndstone|Sitrus Berry|[eat]
|-heal|p2b: Houndstone|54/100|[from] item: Sitrus Berry
|move|p1b: Staraptor|Brave Bird|p2b: Houndstone
|-damage|p2b: Houndstone|18/100
|-damage|p1b: Staraptor|83/100 brn|[from] Recoil
|
|-weather|Sandstorm|[upkeep]
|-damage|p1b: Staraptor|78/100 brn|[from] Sandstorm
|-heal|p2a: Corviknight|91/100|[from] item: Leftovers
|-damage|p1b: Staraptor|72/100 brn|[from] brn
|upkeep
|turn|6
|
|t:|1782346831
|move|p2b: Houndstone|Protect|p2b: Houndstone
|-singleturn|p2b: Houndstone|Protect
|move|p1a: Mamoswine|Earthquake|p2a: Corviknight|[spread] 
|-activate|p2b: Houndstone|move: Protect
|-immune|p1b: Staraptor
|-immune|p2a: Corviknight
|move|p1b: Staraptor|Close Combat|p2a: Corviknight
|-damage|p2a: Corviknight|58/100
|-boost|p1b: Staraptor|def|1
|-boost|p1b: Staraptor|spd|1
|move|p2a: Corviknight|Tailwind|p2a: Corviknight
|-sidestart|p2: Curebo|move: Tailwind
|
|-weather|Sandstorm|[upkeep]
|-damage|p1b: Staraptor|66/100 brn|[from] Sandstorm
|-heal|p2a: Corviknight|64/100|[from] item: Leftovers
|-damage|p1b: Staraptor|60/100 brn|[from] brn
|upkeep
|turn|7
|inactive|Curebo has 30 seconds left.
|inactive|Curebo has 20 seconds left.
|inactive|Curebo has 15 seconds left.
|
|t:|1782346871
|switch|p2b: Tyranitar|Tyranitar, L50, M, shiny|100/100
|move|p2a: Corviknight|Bulk Up|p2a: Corviknight
|-boost|p2a: Corviknight|atk|1
|-boost|p2a: Corviknight|def|1
|move|p1a: Mamoswine|Earthquake|p2a: Corviknight|[spread] p2b
|-immune|p1b: Staraptor
|-immune|p2a: Corviknight
|-supereffective|p2b: Tyranitar|1
|-damage|p2b: Tyranitar|34/100
|move|p1b: Staraptor|Close Combat|p2a: Corviknight
|-damage|p2a: Corviknight|43/100
|-boost|p1b: Staraptor|def|1
|-boost|p1b: Staraptor|spd|1
|
|-weather|Sandstorm|[upkeep]
|-damage|p1b: Staraptor|54/100 brn|[from] Sandstorm
|-heal|p2a: Corviknight|49/100|[from] item: Leftovers
|-damage|p1b: Staraptor|49/100 brn|[from] brn
|upkeep
|turn|8
|
|t:|1782346889
|move|p2b: Tyranitar|Protect|p2b: Tyranitar
|-singleturn|p2b: Tyranitar|Protect
|move|p2a: Corviknight|Roost|p2a: Corviknight
|-heal|p2a: Corviknight|99/100
|-singleturn|p2a: Corviknight|move: Roost
|move|p1a: Mamoswine|Earthquake|p2a: Corviknight|[spread] p2a
|-activate|p2b: Tyranitar|move: Protect
|-immune|p1b: Staraptor
|-supereffective|p2a: Corviknight|1
|-damage|p2a: Corviknight|57/100
|move|p1b: Staraptor|Close Combat|p2a: Corviknight
|-supereffective|p2a: Corviknight|1
|-damage|p2a: Corviknight|18/100
|-boost|p1b: Staraptor|def|1
|-boost|p1b: Staraptor|spd|1
|
|-weather|none
|-heal|p2a: Corviknight|24/100|[from] item: Leftovers
|-damage|p1b: Staraptor|43/100 brn|[from] brn
|upkeep
|turn|9
|
|t:|1782346898
|detailschange|p2b: Tyranitar|Tyranitar-Mega, L50, M, shiny
|-mega|p2b: Tyranitar|Tyranitar|Tyranitarite
|-weather|Sandstorm|[from] ability: Sand Stream|[of] p2b: Tyranitar
|move|p2a: Corviknight|Roost|p2a: Corviknight
|-heal|p2a: Corviknight|74/100
|-singleturn|p2a: Corviknight|move: Roost
|move|p1a: Mamoswine|Earthquake|p2a: Corviknight|[spread] p2a,p2b
|-immune|p1b: Staraptor
|-supereffective|p2a: Corviknight|1
|-supereffective|p2b: Tyranitar|1
|-damage|p2a: Corviknight|25/100
|-damage|p2b: Tyranitar|0 fnt
|faint|p2b: Tyranitar
|move|p1b: Staraptor|Close Combat|p2a: Corviknight
|-supereffective|p2a: Corviknight|1
|-damage|p2a: Corviknight|0 fnt
|-boost|p1b: Staraptor|def|1
|-boost|p1b: Staraptor|spd|1
|faint|p2a: Corviknight
|
|-weather|Sandstorm|[upkeep]
|-damage|p1b: Staraptor|37/100 brn|[from] Sandstorm
|-damage|p1b: Staraptor|31/100 brn|[from] brn
|-sideend|p2: Curebo|move: Tailwind
|upkeep
|
|t:|1782346908
|switch|p2a: Houndstone|Houndstone, L50, M, shiny|18/100
|turn|10
|-message|Curebo forfeited.
|
|win|merr123
||Curebo is ready for game 2.
|inactive|merr123 has 30 seconds to confirm battle start!
||merr123 is ready for game 2.
|uhtml|next|Next: Game 2 of 3
