|j|☆I am the Sweeper
|j|☆pinkey569
|html|I am the Sweeperpinkey569    
|uhtml|bestof|Game 2 of a best-of-3
|t:|1756751770
|gametype|doubles
|player|p1|I am the Sweeper|janitor|
|player|p2|pinkey569|170|
|gen|9
|tier|[Gen 9] VGC 2025 Reg H (Bo3)
|rule|Species Clause: Limit one of each Pokémon
|rule|Item Clause: Limit 1 of each item
|clearpoke
|poke|p1|Maushold, L50|
|poke|p1|Annihilape, L50, F|
|poke|p1|Grimmsnarl, L50, M|
|poke|p1|Gholdengo, L50|
|poke|p1|Dragonite, L50, F|
|poke|p1|Garchomp, L50, F|
|poke|p2|Tyranitar, L50, F|
|poke|p2|Dragonite, L50, M|
|poke|p2|Excadrill, L50, F|
|poke|p2|Volcarona, L50, M|
|poke|p2|Kilowattrel, L50, M|
|poke|p2|Indeedee, L50, M|
|teampreview|4
|showteam|p1|Maushold||WideLens|FriendGuard|PopulationBomb,BeatUp,Protect,FollowMe||||||50|,,,,,Ghost]Annihilape||SafetyGoggles|Defiant|RageFist,DrainPunch,Protect,BulkUp|||F|||50|,,,,,Fire]Grimmsnarl||LightClay|Prankster|ThunderWave,LightScreen,SpiritBreak,Reflect|||M|||50|,,,,,Ghost]Gholdengo||Leftovers|GoodasGold|MakeItRain,ShadowBall,Protect,NastyPlot||||||50|,,,,,Water]Dragonite||LoadedDice|Multiscale|ScaleShot,Tailwind,Protect,Haze|||F|||50|,,,,,Fairy]Garchomp||LifeOrb|RoughSkin|StompingTantrum,Earthquake,Protect,DragonClaw|||F|||50|,,,,,Ground
|showteam|p2|Tyranitar||AssaultVest|SandStream|RockSlide,KnockOff,TeraBlast,LowKick|||F|||50|,,,,,Flying]Dragonite||LoadedDice|Multiscale|Protect,ThunderWave,Haze,ScaleShot|||M|||50|,,,,,Fairy]Excadrill||LifeOrb|SandRush|Protect,Earthquake,IronHead,TeraBlast|||F|||50|,,,,,Fairy]Volcarona||SitrusBerry|FlameBody|Tailwind,RagePowder,Overheat,StruggleBug|||M|||50|,,,,,Grass]Kilowattrel||ChoiceSpecs|Competitive|Thunderbolt,Discharge,AirSlash,WeatherBall|||M|||50|,,,,,Ghost]Indeedee||FocusSash|PsychicSurge|TrickRoom,Imprison,ExpandingForce,TeraBlast|||M|||50|,,,,,Fighting
|j| Trestkon
|
|t:|1756751851
|teamsize|p1|4
|teamsize|p2|4
|start
|switch|p1a: Maushold|Maushold, L50|100/100
|switch|p1b: Annihilape|Annihilape, L50, F|100/100
|switch|p2a: Volcarona|Volcarona, L50, M|100/100
|switch|p2b: Indeedee|Indeedee, L50, M|100/100
|-fieldstart|move: Psychic Terrain|[from] ability: Psychic Surge|[of] p2b: Indeedee
|turn|1
|l| Trestkon
|
|t:|1756751879
|-terastallize|p1b: Annihilape|Fire
|move|p2a: Volcarona|Rage Powder|p2a: Volcarona
|-singleturn|p2a: Volcarona|move: Rage Powder
|move|p1a: Maushold|Population Bomb|p2a: Volcarona
|-damage|p2a: Volcarona|92/100
|-damage|p2a: Volcarona|83/100
|-damage|p2a: Volcarona|73/100
|-damage|p2a: Volcarona|65/100
|-damage|p2a: Volcarona|57/100
|-status|p1a: Maushold|brn|[from] ability: Flame Body|[of] p2a: Volcarona
|-damage|p2a: Volcarona|53/100
|-damage|p2a: Volcarona|48/100
|-enditem|p2a: Volcarona|Sitrus Berry|[eat]
|-heal|p2a: Volcarona|73/100|[from] item: Sitrus Berry
|-damage|p2a: Volcarona|69/100
|-damage|p2a: Volcarona|65/100
|-damage|p2a: Volcarona|60/100
|-hitcount|p2a: Volcarona|10
|move|p1b: Annihilape|Rage Fist|p2a: Volcarona
|-damage|p2a: Volcarona|39/100
|move|p2b: Indeedee|Expanding Force|p1a: Maushold|[spread] p1a,p1b
|-damage|p1a: Maushold|10/100 brn
|-damage|p1b: Annihilape|63/100
|
|-damage|p1a: Maushold|4/100 brn|[from] brn
|upkeep
|turn|2
|
|t:|1756751935
|move|p1a: Maushold|Follow Me|p1a: Maushold
|-singleturn|p1a: Maushold|move: Follow Me
|move|p2a: Volcarona|Rage Powder|p2a: Volcarona
|-singleturn|p2a: Volcarona|move: Rage Powder
|move|p1b: Annihilape|Rage Fist|p2b: Indeedee
|-immune|p2b: Indeedee
|move|p2b: Indeedee|Expanding Force|p1a: Maushold|[spread] p1a,p1b
|-damage|p1a: Maushold|0 fnt
|-damage|p1b: Annihilape|23/100
|faint|p1a: Maushold
|
|upkeep
|
|t:|1756751956
|switch|p1a: Garchomp|Garchomp, L50, F|100/100
|turn|3
|
|t:|1756751980
|move|p2a: Volcarona|Rage Powder|p2a: Volcarona
|-singleturn|p2a: Volcarona|move: Rage Powder
|move|p1a: Garchomp|Dragon Claw|p2a: Volcarona
|-damage|p2a: Volcarona|0 fnt
|faint|p2a: Volcarona
|-damage|p1a: Garchomp|91/100|[from] item: Life Orb
|move|p1b: Annihilape|Drain Punch|p2b: Indeedee
|-damage|p2b: Indeedee|35/100
|-heal|p1b: Annihilape|43/100|[from] drain|[of] p2b: Indeedee
|move|p2b: Indeedee|Expanding Force|p1b: Annihilape|[spread] p1a,p1b
|-damage|p1a: Garchomp|31/100
|-damage|p1b: Annihilape|0 fnt
|faint|p1b: Annihilape
|
|upkeep
|
|t:|1756751996
|switch|p1b: Gholdengo|Gholdengo, L50|100/100
|switch|p2a: Excadrill|Excadrill, L50, F|100/100
|turn|4
|
|t:|1756752033
|switch|p2b: Tyranitar|Tyranitar, L50, F|100/100
|-weather|Sandstorm|[from] ability: Sand Stream|[of] p2b: Tyranitar
|move|p1b: Gholdengo|Protect|p1b: Gholdengo
|-singleturn|p1b: Gholdengo|Protect
|move|p2a: Excadrill|Iron Head|p1a: Garchomp
|-damage|p1a: Garchomp|0 fnt
|-damage|p2a: Excadrill|88/100|[from] ability: Rough Skin|[of] p1a: Garchomp
|faint|p1a: Garchomp
|-damage|p2a: Excadrill|78/100|[from] item: Life Orb
|
|-weather|Sandstorm|[upkeep]
|upkeep
|turn|5
|
|t:|1756752055
|-terastallize|p2b: Tyranitar|Flying
|move|p2a: Excadrill|Earthquake|p1b: Gholdengo|[spread] p1b
|-immune|p2b: Tyranitar
|-supereffective|p1b: Gholdengo
|-damage|p1b: Gholdengo|0 fnt
|faint|p1b: Gholdengo
|-damage|p2a: Excadrill|69/100|[from] item: Life Orb
|
|win|pinkey569
