|j|☆Porygon77
|j|☆luislm1995
|html|Porygon77luislm1995    
|uhtml|bestof|Game 2 of a best-of-3
|t:|1757745975
|gametype|doubles
|player|p1|Porygon77|169|1001
|player|p2|luislm1995|riley|1017
|gen|9
|tier|[Gen 9] VGC 2025 Reg H (Bo3)
|rated|
|rule|Species Clause: Limit one of each Pokémon
|rule|Item Clause: Limit 1 of each item
|clearpoke
|poke|p1|Cetitan, L50, M|
|poke|p1|Ninetales-Alola, L50, M|
|poke|p1|Clefairy, L50, M|
|poke|p1|Farigiraf, L50, M|
|poke|p1|Dragapult, L50, M|
|poke|p1|Rillaboom, L50, M|
|poke|p2|Dondozo, L50, M|
|poke|p2|Tatsugiri, L50, M|
|poke|p2|Mismagius, L50, F|
|poke|p2|Dragonite, L50, M|
|poke|p2|Amoonguss, L50, M|
|poke|p2|Clefairy, L50, F|
|teampreview|4
|showteam|p1|Cetitan||SitrusBerry|SlushRush|IceSpinner,BellyDrum,Earthquake,Protect|||M|||50|,,,,,Water]Ninetales-Alola||LightClay|SnowWarning|AuroraVeil,Snowscape,Moonblast,Protect|||M|||50|,,,,,Grass]Clefairy||Eviolite|FriendGuard|FollowMe,AfterYou,Encore,HealPulse|||M|||50|,,,,,Dark]Farigiraf||ThroatSpray|ArmorTail|HyperVoice,DazzlingGleam,TrickRoom,Protect|||M|||50|,,,,,Fairy]Dragapult||LifeOrb|ClearBody|DragonDarts,PhantomForce,WillOWisp,Protect|||M|||50|,,,,,Dragon]Rillaboom||CovertCloak|GrassySurge|FakeOut,GrassyGlide,WoodHammer,Uturn|||M|||50|,,,,,Water
|showteam|p2|Dondozo||ClearAmulet|WaterVeil|Liquidation,IceFang,Yawn,Protect|||M|||50|,,,,,Grass]Tatsugiri||IapapaBerry|Commander|MuddyWater,TeraBlast,NastyPlot,Protect|||M|||50|,,,,,Grass]Mismagius||Leftovers|Levitate|Hex,WillOWisp,PerishSong,Protect|||F|||50|,,,,,Electric]Dragonite||LoadedDice|InnerFocus|ScaleShot,FirePunch,DragonDance,Protect|||M|||50|,,,,,Fire]Amoonguss||BlackSludge|EffectSpore|PollenPuff,ClearSmog,RagePowder,Spore|||M|||50|,,,,,Poison]Clefairy||Eviolite|FriendGuard|DrainingKiss,FollowMe,LifeDew,HelpingHand|||F|||50|,,,,,Grass
|inactive|Battle timer is ON: inactive players will automatically lose when time's up. (requested by Porygon77)
|
|t:|1757745990
|teamsize|p1|4
|teamsize|p2|4
|start
|switch|p1a: Dragapult|Dragapult, L50, M|100/100
|switch|p1b: Ninetales|Ninetales-Alola, L50, M, shiny|100/100
|switch|p2a: Dondozo|Dondozo, L50, M|100/100
|switch|p2b: Clefairy|Clefairy, L50, F|100/100
|-weather|Snowscape|[from] ability: Snow Warning|[of] p1b: Ninetales
|turn|1
|
|t:|1757746011
|move|p2b: Clefairy|Follow Me|p2b: Clefairy
|-singleturn|p2b: Clefairy|move: Follow Me
|move|p1a: Dragapult|Will-O-Wisp|p2b: Clefairy
|-status|p2b: Clefairy|brn
|move|p1b: Ninetales|Aurora Veil|p1b: Ninetales
|-sidestart|p1: Porygon77|move: Aurora Veil
|move|p2a: Dondozo|Yawn|p1b: Ninetales
|-start|p1b: Ninetales|move: Yawn|[of] p2a: Dondozo
|
|-weather|Snowscape|[upkeep]
|-damage|p2b: Clefairy|95/100 brn|[from] brn
|upkeep
|turn|2
|
|t:|1757746026
|switch|p1b: Clefairy|Clefairy, L50, M, shiny|100/100
|move|p2b: Clefairy|Follow Me|p2b: Clefairy
|-singleturn|p2b: Clefairy|move: Follow Me
|move|p1a: Dragapult|Will-O-Wisp|p2b: Clefairy
|-fail|p2b: Clefairy|brn
|move|p2a: Dondozo|Yawn|p1a: Dragapult
|-start|p1a: Dragapult|move: Yawn|[of] p2a: Dondozo
|
|-weather|Snowscape|[upkeep]
|-damage|p2b: Clefairy|89/100 brn|[from] brn
|upkeep
|turn|3
|
|t:|1757746047
|switch|p1a: Ninetales|Ninetales-Alola, L50, M, shiny|100/100
|move|p2a: Dondozo|Liquidation|p1b: Clefairy
|-damage|p1b: Clefairy|85/100
|move|p1b: Clefairy|Encore|p2a: Dondozo
|-start|p2a: Dondozo|Encore
|move|p2b: Clefairy|Life Dew||[still]|[spread] p2a,p2b
|-fail|p2a: Dondozo|heal
|-heal|p2b: Clefairy|100/100 brn
|
|-weather|Snowscape|[upkeep]
|-damage|p2b: Clefairy|95/100 brn|[from] brn
|upkeep
|turn|4
|inactive|Porygon77 has 30 seconds left.
|
|t:|1757746072
|switch|p1a: Cetitan|Cetitan, L50, M, shiny|100/100
|move|p1b: Clefairy|Follow Me|p1b: Clefairy
|-singleturn|p1b: Clefairy|move: Follow Me
|move|p2a: Dondozo|Liquidation|p1b: Clefairy
|-damage|p1b: Clefairy|69/100
|move|p2b: Clefairy|Life Dew||[still]|[spread] p2a,p2b
|-fail|p2a: Dondozo|heal
|-heal|p2b: Clefairy|100/100 brn
|
|-weather|Snowscape|[upkeep]
|-damage|p2b: Clefairy|95/100 brn|[from] brn
|upkeep
|turn|5
|
|t:|1757746087
|move|p1b: Clefairy|Follow Me|p1b: Clefairy
|-singleturn|p1b: Clefairy|move: Follow Me
|move|p1a: Cetitan|Belly Drum|p1a: Cetitan
|-damage|p1a: Cetitan|50/100
|-setboost|p1a: Cetitan|atk|6|[from] move: Belly Drum
|-enditem|p1a: Cetitan|Sitrus Berry|[eat]
|-heal|p1a: Cetitan|75/100|[from] item: Sitrus Berry
|move|p2a: Dondozo|Liquidation|p1b: Clefairy
|-damage|p1b: Clefairy|52/100
|-unboost|p1b: Clefairy|def|1
|move|p2b: Clefairy|Life Dew||[still]|[spread] p2a,p2b
|-fail|p2a: Dondozo|heal
|-heal|p2b: Clefairy|100/100 brn
|
|-weather|none
|-damage|p2b: Clefairy|95/100 brn|[from] brn
|upkeep
|turn|6
|
|t:|1757746109
|move|p2b: Clefairy|Helping Hand|p2a: Dondozo
|-singleturn|p2a: Dondozo|Helping Hand|[of] p2b: Clefairy
|move|p2a: Dondozo|Liquidation|p1b: Clefairy
|-damage|p1b: Clefairy|17/100
|move|p1a: Cetitan|Earthquake|p2b: Clefairy|[spread] p1b,p2a,p2b
|-damage|p1b: Clefairy|0 fnt
|-damage|p2a: Dondozo|54/100
|-damage|p2b: Clefairy|23/100 brn
|faint|p1b: Clefairy
|
|-damage|p2b: Clefairy|17/100 brn|[from] brn
|-end|p2a: Dondozo|Encore
|upkeep
|
|t:|1757746118
|switch|p1b: Ninetales|Ninetales-Alola, L50, M, shiny|100/100
|-weather|Snowscape|[from] ability: Snow Warning|[of] p1b: Ninetales
|turn|7
|
|t:|1757746132
|move|p1b: Ninetales|Protect|p1b: Ninetales
|-singleturn|p1b: Ninetales|Protect
|move|p2a: Dondozo|Protect|p2a: Dondozo
|-singleturn|p2a: Dondozo|Protect
|move|p1a: Cetitan|Earthquake|p2a: Dondozo|[spread] p2b
|-activate|p1b: Ninetales|move: Protect
|-activate|p2a: Dondozo|move: Protect
|-damage|p2b: Clefairy|0 fnt
|faint|p2b: Clefairy
|
|-weather|Snowscape|[upkeep]
|upkeep
|
|t:|1757746143
|switch|p2b: Tatsugiri|Tatsugiri, L50, M|100/100
|-activate|p2b: Tatsugiri|ability: Commander|[of] p2a: Dondozo
|-boost|p2a: Dondozo|atk|2
|-boost|p2a: Dondozo|spa|2
|-boost|p2a: Dondozo|spe|2
|-boost|p2a: Dondozo|def|2
|-boost|p2a: Dondozo|spd|2
|turn|8
|inactive|Porygon77 has 30 seconds left.
|
|t:|1757746176
|-terastallize|p1a: Cetitan|Water
|move|p1b: Ninetales|Moonblast|p2a: Dondozo
|-damage|p2a: Dondozo|41/100
|move|p2a: Dondozo|Liquidation|p1b: Ninetales
|-damage|p1b: Ninetales|62/100
|move|p1a: Cetitan|Ice Spinner|p2a: Dondozo
|-resisted|p2a: Dondozo
|-damage|p2a: Dondozo|17/100
|
|-weather|Snowscape|[upkeep]
|-sideend|p1: Porygon77|move: Aurora Veil
|upkeep
|turn|9
|
|t:|1757746194
|move|p1b: Ninetales|Moonblast|p2a: Dondozo
|-damage|p2a: Dondozo|2/100
|move|p2a: Dondozo|Yawn|p1a: Cetitan
|-start|p1a: Cetitan|move: Yawn|[of] p2a: Dondozo
|move|p1a: Cetitan|Ice Spinner|p2a: Dondozo
|-resisted|p2a: Dondozo
|-damage|p2a: Dondozo|0 fnt
|faint|p2a: Dondozo
|
|-weather|Snowscape|[upkeep]
|upkeep
|
|t:|1757746205
|switch|p2a: Mismagius|Mismagius, L50, F|100/100
|turn|10
|
|t:|1757746222
|move|p2b: Tatsugiri|Protect|p2b: Tatsugiri
|-singleturn|p2b: Tatsugiri|Protect
|move|p1b: Ninetales|Moonblast|p2b: Tatsugiri
|-activate|p2b: Tatsugiri|move: Protect
|move|p2a: Mismagius|Will-O-Wisp|p1b: Ninetales
|-status|p1b: Ninetales|brn
|move|p1a: Cetitan|Earthquake|p2a: Mismagius|[spread] p1b
|-activate|p2b: Tatsugiri|move: Protect
|-immune|p2a: Mismagius|[from] ability: Levitate
|-crit|p1b: Ninetales
|-damage|p1b: Ninetales|0 fnt
|faint|p1b: Ninetales
|
|-weather|Snowscape|[upkeep]
|-end|p1a: Cetitan|move: Yawn|[silent]
|-status|p1a: Cetitan|slp
|upkeep
|
|t:|1757746235
|switch|p1b: Dragapult|Dragapult, L50, M|100/100
|turn|11
|inactive|luislm1995 has 30 seconds left.
|inactive|luislm1995 has 20 seconds left.
|inactive|luislm1995 has 15 seconds left.
|inactive|luislm1995 has 10 seconds left.
|inactive|luislm1995 has 5 seconds left.
|
|t:|1757746290
|move|p1b: Dragapult|Dragon Darts|p2b: Tatsugiri
|-supereffective|p2b: Tatsugiri
|-damage|p2b: Tatsugiri|8/100
|-enditem|p2b: Tatsugiri|Iapapa Berry|[eat]
|-heal|p2b: Tatsugiri|41/100|[from] item: Iapapa Berry
|-anim|p1b: Dragapult|Dragon Darts|p2a: Mismagius
|-damage|p2a: Mismagius|56/100
|-damage|p1b: Dragapult|91/100|[from] item: Life Orb
|move|p2a: Mismagius|Hex|p1b: Dragapult
|-supereffective|p1b: Dragapult
|-damage|p1b: Dragapult|24/100
|move|p2b: Tatsugiri|Muddy Water|p1b: Dragapult|[spread] p1a,p1b
|-resisted|p1a: Cetitan
|-resisted|p1b: Dragapult
|-damage|p1a: Cetitan|64/100 slp
|-damage|p1b: Dragapult|5/100
|cant|p1a: Cetitan|slp
|
|-weather|none
|-heal|p2a: Mismagius|61/100|[from] item: Leftovers
|upkeep
|turn|12
|inactive|luislm1995 has 30 seconds left.
|inactive|luislm1995 has 20 seconds left.
|
|t:|1757746326
|move|p2b: Tatsugiri|Protect|p2b: Tatsugiri
|-singleturn|p2b: Tatsugiri|Protect
|move|p1b: Dragapult|Dragon Darts|p2a: Mismagius
|-damage|p2a: Mismagius|21/100
|-anim|p1b: Dragapult|Dragon Darts|p2a: Mismagius
|-damage|p2a: Mismagius|0 fnt
|faint|p2a: Mismagius
|-damage|p1b: Dragapult|0 fnt|[from] item: Life Orb
|faint|p1b: Dragapult
|cant|p1a: Cetitan|slp
|
|upkeep
|turn|13
|
|t:|1757746339
|move|p2b: Tatsugiri|Nasty Plot|p2b: Tatsugiri
|-boost|p2b: Tatsugiri|spa|2
|cant|p1a: Cetitan|slp
|
|upkeep
|turn|14
|
|t:|1757746350
|-terastallize|p2b: Tatsugiri|Grass
|move|p2b: Tatsugiri|Tera Blast|p1a: Cetitan|[anim] Tera Blast Grass
|-supereffective|p1a: Cetitan
|-damage|p1a: Cetitan|0 fnt
|faint|p1a: Cetitan
|
|win|luislm1995
||luislm1995 is ready for game 3.
||Porygon77 is ready for game 3.
|uhtml|next|Next: Game 3 of 3
|l|☆luislm1995
|player|p2|
|l|☆Porygon77
|player|p1|
