|j|☆Bang Average
|j|☆Chessnuts VGC
|html|Bang AverageChessnuts VGC    
|uhtml|bestof|Game 2 of a best-of-3
|t:|1756206680
|gametype|doubles
|player|p1|Bang Average|170|1064
|player|p2|Chessnuts VGC|miku-ground|1000
|gen|9
|tier|[Gen 9] VGC 2025 Reg H (Bo3)
|rated|
|rule|Species Clause: Limit one of each Pokémon
|rule|Item Clause: Limit 1 of each item
|clearpoke
|poke|p1|Charizard, L50, M|
|poke|p1|Torkoal, L50, F|
|poke|p1|Porygon2, L50|
|poke|p1|Incineroar, L50, M|
|poke|p1|Jumpluff, L50, M|
|poke|p1|Ursaluna, L50, M|
|poke|p2|Dragonite, L50, M|
|poke|p2|Tyranitar, L50, M|
|poke|p2|Arcanine-Hisui, L50, M|
|poke|p2|Gengar, L50, M|
|poke|p2|Indeedee, L50, M|
|poke|p2|Toedscruel, L50, M|
|teampreview|4
|showteam|p1|Charizard||ChoiceSpecs|SolarPower|HeatWave,Overheat,WeatherBall,AirSlash|||M|||50|,,,,,Ghost]Torkoal||EjectPack|Drought|Eruption,Overheat,HelpingHand,Protect|||F|||50|,,,,,Fire]Porygon2||Eviolite|Download|IceBeam,TeraBlast,TrickRoom,Recover||||||50|,,,,,Fighting]Incineroar||SitrusBerry|Intimidate|FlareBlitz,KnockOff,FakeOut,PartingShot|||M|||50|,,,,,Ghost]Jumpluff||CovertCloak|Chlorophyll|SleepPowder,SunnyDay,RagePowder,Tailwind|||M|||50|,,,,,Water]Ursaluna||FlameOrb|Guts|HeadlongRush,Facade,Earthquake,Protect|||M|||50|,,,,,Ghost
|showteam|p2|Dragonite||LoadedDice|InnerFocus|ScaleShot,StompingTantrum,Tailwind,Protect|||M|||50|,,,,,Ground]Tyranitar||AssaultVest|SandStream|LowKick,KnockOff,RockSlide,TeraBlast|||M|||50|,,,,,Flying]Arcanine-Hisui||ChoiceBand|Intimidate|FlareBlitz,ExtremeSpeed,RockSlide,CloseCombat|||M|||50|,,,,,Grass]Gengar||FocusSash|CursedBody|IcyWind,ShadowBall,Taunt,SludgeBomb|||M|||50|,,,,,Fairy]Indeedee||ChoiceScarf|PsychicSurge|ExpandingForce,TeraBlast,Trick,HelpingHand|||M|||50|,,,,,Psychic]Toedscruel||CovertCloak|MyceliumMight|RagePowder,Spore,EarthPower,AcidSpray|||M|||50|,,,,,Water
|inactive|Battle timer is ON: inactive players will automatically lose when time's up. (requested by Bang Average)
|inactive|Bang Average has 60 seconds left.
|inactive|Bang Average has 30 seconds left.
|inactive|Bang Average has 20 seconds left.
|
|t:|1756206755
|teamsize|p1|4
|teamsize|p2|4
|start
|switch|p1a: Torkoal|Torkoal, L50, F|100/100
|switch|p1b: Charizard|Charizard, L50, M|100/100
|switch|p2a: Arcanine|Arcanine-Hisui, L50, M|100/100
|switch|p2b: Gengar|Gengar, L50, M|100/100
|-ability|p2a: Arcanine|Intimidate|boost
|-unboost|p1a: Torkoal|atk|1
|-unboost|p1b: Charizard|atk|1
|-weather|SunnyDay|[from] ability: Drought|[of] p1a: Torkoal
|-enditem|p1a: Torkoal|Eject Pack
|
|t:|1756206768
|switch|p1a: Porygon2|Porygon2, L50|100/100
|-ability|p1a: Porygon2|Download|boost
|-boost|p1a: Porygon2|atk|1
|turn|1
|
|t:|1756206784
|switch|p1b: Ursaluna|Ursaluna, L50, M|100/100
|move|p2b: Gengar|Taunt|p1a: Porygon2
|-start|p1a: Porygon2|move: Taunt
|move|p2a: Arcanine|Rock Slide|p1a: Porygon2|[spread] p1a,p1b
|-resisted|p1b: Ursaluna
|-damage|p1a: Porygon2|75/100
|-damage|p1b: Ursaluna|85/100
|cant|p1a: Porygon2|move: Taunt|Trick Room
|
|-weather|SunnyDay|[upkeep]
|-status|p1b: Ursaluna|brn|[from] item: Flame Orb
|upkeep
|turn|2
|
|t:|1756206806
|-terastallize|p1a: Porygon2|Fighting
|move|p2b: Gengar|Icy Wind|p1b: Ursaluna|[spread] p1a,p1b
|-supereffective|p1b: Ursaluna
|-damage|p1a: Porygon2|66/100
|-damage|p1b: Ursaluna|57/100 brn
|-unboost|p1a: Porygon2|spe|1
|-unboost|p1b: Ursaluna|spe|1
|move|p2a: Arcanine|Rock Slide|p1a: Porygon2|[spread] p1a,p1b
|-resisted|p1a: Porygon2
|-resisted|p1b: Ursaluna
|-damage|p1a: Porygon2|52/100
|-damage|p1b: Ursaluna|41/100 brn
|move|p1b: Ursaluna|Headlong Rush|p2b: Gengar
|-supereffective|p2b: Gengar
|-enditem|p2b: Gengar|Focus Sash
|-damage|p2b: Gengar|1/100
|-unboost|p1b: Ursaluna|def|1
|-unboost|p1b: Ursaluna|spd|1
|move|p1a: Porygon2|Tera Blast|p2a: Arcanine|[anim] Tera Blast Fighting
|-supereffective|p2a: Arcanine
|-damage|p2a: Arcanine|2/100
|
|-weather|SunnyDay|[upkeep]
|-damage|p1b: Ursaluna|35/100 brn|[from] brn
|upkeep
|turn|3
|inactive|Chessnuts VGC has 30 seconds left.
|
|t:|1756206833
|switch|p1b: Charizard|Charizard, L50, M|100/100
|switch|p1a: Torkoal|Torkoal, L50, F|100/100
|move|p2b: Gengar|Icy Wind|p1b: Charizard|[spread] p1a,p1b
|-resisted|p1a: Torkoal
|-damage|p1a: Torkoal|92/100
|-damage|p1b: Charizard|82/100
|-unboost|p1a: Torkoal|spe|1
|-unboost|p1b: Charizard|spe|1
|move|p2a: Arcanine|Rock Slide|p1b: Charizard|[spread] p1a,p1b
|-supereffective|p1a: Torkoal
|-supereffective|p1b: Charizard
|-damage|p1a: Torkoal|28/100
|-damage|p1b: Charizard|0 fnt
|faint|p1b: Charizard
|
|-weather|SunnyDay|[upkeep]
|upkeep
|
|t:|1756206848
|switch|p1b: Porygon2|Porygon2, L50, tera:Fighting|52/100
|-ability|p1b: Porygon2|Download|boost
|-boost|p1b: Porygon2|atk|1
|turn|4
|
|t:|1756206860
|move|p1a: Torkoal|Protect|p1a: Torkoal
|-singleturn|p1a: Torkoal|Protect
|move|p2b: Gengar|Taunt|p1b: Porygon2
|-start|p1b: Porygon2|move: Taunt
|move|p2a: Arcanine|Rock Slide|p1b: Porygon2|[spread] p1b
|-activate|p1a: Torkoal|move: Protect
|-resisted|p1b: Porygon2
|-damage|p1b: Porygon2|39/100
|move|p1b: Porygon2|Ice Beam|p2b: Gengar
|-damage|p2b: Gengar|0 fnt
|-start|p1b: Porygon2|Disable|Ice Beam|[from] ability: Cursed Body|[of] p2b: Gengar
|faint|p2b: Gengar
|
|-weather|SunnyDay|[upkeep]
|upkeep
|
|t:|1756206882
|switch|p2b: Indeedee|Indeedee, L50, M|100/100
|-fieldstart|move: Psychic Terrain|[from] ability: Psychic Surge|[of] p2b: Indeedee
|turn|5
|
|t:|1756206898
|switch|p1b: Ursaluna|Ursaluna, L50, M|35/100 brn
|move|p2b: Indeedee|Expanding Force|p1a: Torkoal|[spread] p1a,p1b
|-damage|p1a: Torkoal|0 fnt
|-damage|p1b: Ursaluna|0 fnt
|faint|p1a: Torkoal
|faint|p1b: Ursaluna
|move|p2a: Arcanine|Rock Slide|p1: Torkoal|[notarget]
|-fail|p2a: Arcanine
|
|-weather|none
|upkeep
|
|t:|1756206904
|switch|p1b: Porygon2|Porygon2, L50, tera:Fighting|39/100
|-ability|p1b: Porygon2|Download|boost
|-boost|p1b: Porygon2|atk|1
|turn|6
|
|t:|1756206915
|move|p2b: Indeedee|Expanding Force|p1b: Porygon2
|-supereffective|p1b: Porygon2
|-damage|p1b: Porygon2|0 fnt
|faint|p1b: Porygon2
|
|win|Chessnuts VGC
|raw|Bang Average's rating: 1064 → 1041(-23 for losing)
|raw|Chessnuts VGC's rating: 1000 → 1047(+47 for winning)
|l|☆Bang Average
|player|p1|
|c|☆Chessnuts VGC|ggwp
