|j|☆NemoAK
|j|☆14#coder9
|html|NemoAK14#coder9    
|uhtml|bestof|Game 3 of a best-of-3
|t:|1786197655
|gametype|doubles
|player|p1|NemoAK|102|1296
|player|p2|14#coder9|unknown|1139
|gen|9
|tier|[Gen 9 Champions] VGC 2026 Reg M-B (Bo3)
|rated|
|rule|Species Clause: Limit one of each Pokémon
|rule|Item Clause: Limit 1 of each item
|clearpoke
|poke|p1|Staraptor, L50, M|
|poke|p1|Sylveon, L50, F|
|poke|p1|Basculegion, L50, M|
|poke|p1|Farigiraf, L50, M|
|poke|p1|Garchomp, L50, M|
|poke|p1|Camerupt, L50, M|
|poke|p2|Charizard, L50, M, shiny|
|poke|p2|Whimsicott, L50, M, shiny|
|poke|p2|Incineroar, L50, M|
|poke|p2|Garchomp, L50, F, shiny|
|poke|p2|Rotom-Wash, L50|
|poke|p2|Staraptor, L50, F, shiny|
|teampreview|4
|showteam|p1|Staraptor||Staraptite|Intimidate|CloseCombat,BraveBird,Tailwind,Protect|Jolly||M|||50|]Sylveon||FairyFeather|Pixilate|HyperVoice,HyperBeam,Yawn,Protect|Modest||F|||50|]Basculegion||ChoiceScarf|Adaptability|LastRespects,WaveCrash,AquaJet,FlipTurn|Adamant||M|||50|]Farigiraf||SitrusBerry|ArmorTail|Psychic,HyperVoice,TrickRoom,HelpingHand|Quiet||M|||50|]Garchomp||LifeOrb|RoughSkin|Earthquake,RockSlide,ScaleShot,Protect|Jolly||M|||50|]Camerupt||Cameruptite|MagmaArmor|HeatWave,EarthPower,AncientPower,Protect|Quiet||M|||50|
|showteam|p2|Charizard||CharizarditeY|Blaze|HeatWave,Overheat,SolarBeam,Protect|Modest||M|||50|]Whimsicott||FocusSash|Prankster|SunnyDay,Tailwind,Moonblast,Encore|Timid||M|||50|]Incineroar||ChopleBerry|Intimidate|FlareBlitz,PartingShot,FakeOut,ThroatChop|Careful||M|||50|]Garchomp||LifeOrb|RoughSkin|RockSlide,DragonClaw,Earthquake,Protect|Jolly||F|||50|]Rotom-Wash||SitrusBerry|Levitate|HydroPump,VoltSwitch,WillOWisp,Electroweb|Bold|||||50|]Staraptor||Staraptite|Intimidate|Protect,CloseCombat,BraveBird,Roost|Jolly||F|||50|
|inactive|Battle timer is ON: inactive players will automatically lose when time's up. (requested by 14#coder9)
|
|t:|1786197720
|teamsize|p1|4
|teamsize|p2|4
|start
|switch|p1a: The Biggest Bird|Staraptor, L50, M|100/100
|switch|p1b: Princess|Sylveon, L50, F|100/100
|switch|p2a: Charizard|Charizard, L50, M, shiny|100/100
|switch|p2b: Garchomp|Garchomp, L50, F, shiny|100/100
|-ability|p1a: The Biggest Bird|Intimidate|boost
|-unboost|p2a: Charizard|atk|1
|-unboost|p2b: Garchomp|atk|1
|turn|1
|inactive|14#coder9 has 30 seconds left.
|
|t:|1786197754
|switch|p2b: Rotom|Rotom-Wash, L50|100/100
|detailschange|p1a: The Biggest Bird|Staraptor-Mega, L50, M
|-mega|p1a: The Biggest Bird|Staraptor|Staraptite
|detailschange|p2a: Charizard|Charizard-Mega-Y, L50, M, shiny
|-mega|p2a: Charizard|Charizard|Charizardite Y
|-weather|SunnyDay|[from] ability: Drought|[of] p2a: Charizard
|move|p1a: The Biggest Bird|Tailwind|p1a: The Biggest Bird
|-sidestart|p1: NemoAK|move: Tailwind
|move|p1b: Princess|Hyper Voice|p2a: Charizard|[spread] p2a,p2b
|-resisted|p2a: Charizard|1
|-damage|p2a: Charizard|79/100
|-damage|p2b: Rotom|47/100
|-enditem|p2b: Rotom|Sitrus Berry|[eat]
|-heal|p2b: Rotom|72/100|[from] item: Sitrus Berry
|move|p2a: Charizard|Heat Wave|p1a: The Biggest Bird|[spread] p1a,p1b
|-damage|p1a: The Biggest Bird|26/100
|-damage|p1b: Princess|50/100y
|
|-weather|SunnyDay|[upkeep]
|upkeep
|turn|2
|inactive|NemoAK has 30 seconds left.
|inactive|14#coder9 has 30 seconds left.
|
|t:|1786197787
|move|p1a: The Biggest Bird|Brave Bird|p2a: Charizard
|-damage|p2a: Charizard|13/100
|-damage|p1a: The Biggest Bird|2/100|[from] Recoil
|move|p1b: Princess|Hyper Voice|p2a: Charizard|[spread] p2a,p2b
|-resisted|p2a: Charizard|1
|-crit|p2a: Charizard
|-damage|p2a: Charizard|0 fnt
|-damage|p2b: Rotom|18/100
|faint|p2a: Charizard
|move|p2b: Rotom|Volt Switch|p1b: Princess
|-damage|p1b: Princess|30/100
|
|t:|1786197797
|switch|p2b: Whimsicott|Whimsicott, L50, M, shiny|100/100|[from] Volt Switch
|
|-weather|SunnyDay|[upkeep]
|upkeep
|
|t:|1786197802
|switch|p2a: Garchomp|Garchomp, L50, F, shiny|100/100
|turn|3
|
|t:|1786197809
|move|p2b: Whimsicott|Tailwind|p2b: Whimsicott
|-sidestart|p2: 14#coder9|move: Tailwind
|move|p1a: The Biggest Bird|Brave Bird|p2b: Whimsicott
|-supereffective|p2b: Whimsicott|1
|-crit|p2b: Whimsicott
|-enditem|p2b: Whimsicott|Focus Sash
|-damage|p2b: Whimsicott|1/100
|-damage|p1a: The Biggest Bird|0 fnt|[from] Recoil
|faint|p1a: The Biggest Bird
|move|p2a: Garchomp|Rock Slide|p1b: Princess
|-damage|p1b: Princess|0 fnt
|faint|p1b: Princess
|-damage|p2a: Garchomp|90/100|[from] item: Life Orb
|
|-weather|SunnyDay|[upkeep]
|upkeep
|
|t:|1786197814
|switch|p1a: Toothless|Garchomp, L50, M|100/100
|switch|p1b: Gary’s Raticate|Basculegion, L50, M|100/100
|turn|4
|
|t:|1786197831
|switch|p2b: Rotom|Rotom-Wash, L50|18/100
|move|p2a: Garchomp|Protect|p2a: Garchomp
|-singleturn|p2a: Garchomp|Protect
|move|p1b: Gary’s Raticate|Last Respects|p2b: Rotom
|-damage|p2b: Rotom|0 fnt
|faint|p2b: Rotom
|move|p1a: Toothless|Scale Shot|p2a: Garchomp
|-activate|p2a: Garchomp|move: Protect
|
|-weather|SunnyDay|[upkeep]
|-sideend|p1: NemoAK|move: Tailwind
|upkeep
|
|t:|1786197841
|switch|p2b: Whimsicott|Whimsicott, L50, M, shiny|1/100
|turn|5
|inactive|14#coder9 has 30 seconds left.
|
|t:|1786197869
|move|p2a: Garchomp|Dragon Claw|p1a: Toothless
|-supereffective|p1a: Toothless|1
|-damage|p1a: Toothless|0 fnt
|-damage|p2a: Garchomp|77/100|[from] ability: Rough Skin|[of] p1a: Toothless
|faint|p1a: Toothless
|-damage|p2a: Garchomp|68/100|[from] item: Life Orb
|move|p2b: Whimsicott|Moonblast|p1b: Gary’s Raticate
|-damage|p1b: Gary’s Raticate|68/100
|move|p1b: Gary’s Raticate|Last Respects|p2a: Garchomp
|-crit|p2a: Garchomp
|-damage|p2a: Garchomp|0 fnt
|faint|p2a: Garchomp
|
|-weather|none
|upkeep
|turn|6
|
|t:|1786197889
|move|p2b: Whimsicott|Moonblast|p1b: Gary’s Raticate
|-damage|p1b: Gary’s Raticate|34/100
|move|p1b: Gary’s Raticate|Last Respects|p2b: Whimsicott
|-damage|p2b: Whimsicott|0 fnt
|faint|p2b: Whimsicott
|
|win|NemoAK
|raw|NemoAK's rating: 1296 → 1310(+14 for winning)
|raw|14#coder9's rating: 1139 → 1125(-14 for losing)
|c|☆14#coder9|gg
