|j|☆toadsamongmen
|j|☆tr4ppy08
|html|toadsamongmentr4ppy08    
|uhtml|bestof|Game 1 of a best-of-3
|t:|1783530320
|gametype|doubles
|player|p1|toadsamongmen|surfer|
|player|p2|tr4ppy08|hilbert|
|gen|9
|tier|[Gen 9 Champions] VGC 2026 Reg M-B (Bo3)
|rule|Species Clause: Limit one of each Pokémon
|rule|Item Clause: Limit 1 of each item
|clearpoke
|poke|p1|Mawile, L50, F|
|poke|p1|Archaludon, L50, M|
|poke|p1|Pelipper, L50, F|
|poke|p1|Swampert, L50, F|
|poke|p1|Incineroar, L50, M|
|poke|p1|Farigiraf, L50, M|
|poke|p2|Gholdengo, L50|
|poke|p2|Hydreigon, L50, M, shiny|
|poke|p2|Staraptor, L50, M, shiny|
|poke|p2|Maushold, L50, shiny|
|poke|p2|Incineroar, L50, F|
|poke|p2|Whimsicott, L50, F, shiny|
|teampreview|4
|showteam|p1|Mawile||Mawilite|HyperCutter|SuckerPunch,RockSlide,PlayRough,IronHead|Brave||F|||50|]Archaludon||Leftovers|Stamina|ElectroShot,DragonPulse,AuraSphere,Protect|Calm||M|||50|]Pelipper||FocusSash|Drizzle|Tailwind,WeatherBall,Hurricane,Protect|Modest||F|||50|]Swampert||Swampertite|Damp|HighHorsepower,WaveCrash,Protect,KnockOff|Adamant||F|||50|]Incineroar||Charcoal|Intimidate|FakeOut,FlareBlitz,CloseCombat,ThroatChop|Adamant||M|||50|]Farigiraf||ColburBerry|ArmorTail|TrickRoom,Psychic,HelpingHand,FoulPlay|Relaxed||M|||50|
|showteam|p2|Gholdengo||LifeOrb|GoodasGold|NastyPlot,MakeItRain,ShadowBall,Protect|Modest|||||50|]Hydreigon||ChoiceScarf|Levitate|Tailwind,DracoMeteor,DarkPulse,Flamethrower|Modest||M|||50|]Staraptor||Staraptite|Intimidate|BraveBird,CloseCombat,Roost,Protect|Adamant||M|||50|]Maushold||SitrusBerry|FriendGuard|Feint,FollowMe,Taunt,Protect|Jolly|||||50|]Incineroar||ChopleBerry|Intimidate|FakeOut,ThroatChop,FlareBlitz,PartingShot|Careful||F|||50|]Whimsicott||FocusSash|Prankster|Moonblast,Tailwind,Charm,Encore|Timid||F|||50|
|c|☆tr4ppy08|glhf
|c|☆toadsamongmen|u2
|
|t:|1783530376
|teamsize|p1|4
|teamsize|p2|4
|start
|switch|p1a: Pelipper|Pelipper, L50, F|100/100
|switch|p1b: Swampert|Swampert, L50, F|100/100
|switch|p2a: Staraptor|Staraptor, L50, M, shiny|100/100
|switch|p2b: Whimsicott|Whimsicott, L50, F, shiny|100/100
|-ability|p2a: Staraptor|Intimidate|boost
|-unboost|p1a: Pelipper|atk|1
|-unboost|p1b: Swampert|atk|1
|-weather|RainDance|[from] ability: Drizzle|[of] p1a: Pelipper
|turn|1
|inactive|Battle timer is ON: inactive players will automatically lose when time's up. (requested by tr4ppy08)
|inactive|tr4ppy08 has 60 seconds left.
|
|t:|1783530415
|move|p2a: Staraptor|Protect|p2a: Staraptor
|-singleturn|p2a: Staraptor|Protect
|move|p1b: Swampert|Protect|p1b: Swampert
|-singleturn|p1b: Swampert|Protect
|move|p2b: Whimsicott|Tailwind|p2b: Whimsicott
|-sidestart|p2: tr4ppy08|move: Tailwind
|move|p1a: Pelipper|Tailwind|p1a: Pelipper
|-sidestart|p1: toadsamongmen|move: Tailwind
|
|-weather|RainDance|[upkeep]
|upkeep
|turn|2
|
|t:|1783530440
|switch|p1a: Farigiraf|Farigiraf, L50, M|100/100
|detailschange|p2a: Staraptor|Staraptor-Mega, L50, M, shiny
|-mega|p2a: Staraptor|Staraptor|Staraptite
|detailschange|p1b: Swampert|Swampert-Mega, L50, F
|-mega|p1b: Swampert|Swampert|Swampertite
|move|p2b: Whimsicott|Encore||[still]
|cant|p1a: Farigiraf|ability: Armor Tail|Encore|[of] p2b: Whimsicott
|move|p1b: Swampert|Wave Crash|p2a: Staraptor
|-damage|p2a: Staraptor|16/100
|-damage|p1b: Swampert|74/100|[from] Recoil
|move|p2a: Staraptor|Close Combat|p1b: Swampert
|-damage|p1b: Swampert|1/100
|-boost|p2a: Staraptor|def|1
|-boost|p2a: Staraptor|spd|1
|
|-weather|RainDance|[upkeep]
|upkeep
|turn|3
|inactive|tr4ppy08 has 30 seconds left.
|inactive|toadsamongmen has 30 seconds left.
|inactive|tr4ppy08 has 20 seconds left.
|inactive|toadsamongmen has 20 seconds left.
|inactive|toadsamongmen has 15 seconds left.
|
|t:|1783530485
|move|p2a: Staraptor|Protect|p2a: Staraptor
|-singleturn|p2a: Staraptor|Protect
|move|p1b: Swampert|Wave Crash|p2a: Staraptor
|-activate|p2a: Staraptor|move: Protect
|move|p2b: Whimsicott|Moonblast|p1b: Swampert
|-damage|p1b: Swampert|0 fnt
|faint|p1b: Swampert
|move|p1a: Farigiraf|Psychic|p2a: Staraptor
|-activate|p2a: Staraptor|move: Protect
|
|-weather|RainDance|[upkeep]
|upkeep
|
|t:|1783530488
|switch|p1b: Pelipper|Pelipper, L50, F|100/100
|turn|4
|inactive|tr4ppy08 has 30 seconds left.
|inactive|toadsamongmen has 30 seconds left.
|inactive|tr4ppy08 has 20 seconds left.
|inactive|tr4ppy08 has 15 seconds left.
|
|t:|1783530531
|switch|p2a: Hydreigon|Hydreigon, L50, M, shiny|100/100
|move|p2b: Whimsicott|Moonblast|p1b: Pelipper
|-damage|p1b: Pelipper|53/100
|-unboost|p1b: Pelipper|spa|1
|move|p1b: Pelipper|Hurricane|p2a: Hydreigon
|-damage|p2a: Hydreigon|57/100
|move|p1a: Farigiraf|Psychic|p2a: Hydreigon
|-immune|p2a: Hydreigon
|
|-weather|RainDance|[upkeep]
|-sideend|p1: toadsamongmen|move: Tailwind
|-sideend|p2: tr4ppy08|move: Tailwind
|upkeep
|turn|5
|inactive|tr4ppy08 has 30 seconds left.
|inactive|tr4ppy08 has 20 seconds left.
|inactive|tr4ppy08 has 15 seconds left.
|inactive|tr4ppy08 has 10 seconds left.
|inactive|toadsamongmen has 30 seconds left.
|
|t:|1783530586
|move|p1b: Pelipper|Protect|p1b: Pelipper
|-singleturn|p1b: Pelipper|Protect
|move|p2a: Hydreigon|Dark Pulse|p1b: Pelipper
|-activate|p1b: Pelipper|move: Protect
|move|p2b: Whimsicott|Moonblast|p1a: Farigiraf
|-damage|p1a: Farigiraf|75/100
|move|p1a: Farigiraf|Trick Room|p1a: Farigiraf
|-fieldstart|move: Trick Room|[of] p1a: Farigiraf
|
|-weather|none
|upkeep
|turn|6
|inactive|toadsamongmen has 30 seconds left.
|inactive|toadsamongmen has 20 seconds left.
|inactive|toadsamongmen has 15 seconds left.
|
|t:|1783530631
|switch|p1a: Archaludon|Archaludon, L50, M|100/100
|switch|p2b: Incineroar|Incineroar, L50, F|100/100
|-ability|p2b: Incineroar|Intimidate|boost
|-unboost|p1a: Archaludon|atk|1
|-unboost|p1b: Pelipper|atk|1
|move|p1b: Pelipper|Hurricane|p2b: Incineroar|[miss]
|-miss|p1b: Pelipper|p2b: Incineroar
|move|p2a: Hydreigon|Dark Pulse|p1b: Pelipper
|-damage|p1b: Pelipper|0 fnt
|faint|p1b: Pelipper
|
|upkeep
|
|t:|1783530636
|switch|p1b: Farigiraf|Farigiraf, L50, M|75/100
|turn|7
|inactive|tr4ppy08 has 30 seconds left.
|inactive|tr4ppy08 has 20 seconds left.
|inactive|tr4ppy08 has 15 seconds left.
|
|t:|1783530681
|switch|p2a: Whimsicott|Whimsicott, L50, F, shiny|100/100
|move|p1b: Farigiraf|Helping Hand|p1a: Archaludon
|-singleturn|p1a: Archaludon|Helping Hand|[of] p1b: Farigiraf
|move|p2b: Incineroar|Parting Shot|p1a: Archaludon
|-unboost|p1a: Archaludon|atk|1
|-unboost|p1a: Archaludon|spa|1
|
|t:|1783530704
|switch|p2b: Staraptor|Staraptor-Mega, L50, M, shiny|16/100|[from] Parting Shot
|move|p1a: Archaludon|Dragon Pulse|p2a: Whimsicott
|-immune|p2a: Whimsicott
|
|upkeep
|turn|8
|inactive|toadsamongmen has 30 seconds left.
|inactive|tr4ppy08 has 30 seconds left.
|
|t:|1783530737
|move|p2b: Staraptor|Protect|p2b: Staraptor
|-singleturn|p2b: Staraptor|Protect
|move|p1b: Farigiraf|Psychic|p2b: Staraptor
|-activate|p2b: Staraptor|move: Protect
|move|p1a: Archaludon|Electro Shot||[still]
|-prepare|p1a: Archaludon|Electro Shot
|-boost|p1a: Archaludon|spa|1
|move|p2a: Whimsicott|Moonblast|p1b: Farigiraf
|-damage|p1b: Farigiraf|48/100
|
|upkeep
|turn|9
|
|t:|1783530762
|switch|p2b: Incineroar|Incineroar, L50, F|100/100
|-ability|p2b: Incineroar|Intimidate|boost
|-unboost|p1a: Archaludon|atk|1
|-unboost|p1b: Farigiraf|atk|1
|move|p1b: Farigiraf|Psychic|p2b: Incineroar
|-immune|p2b: Incineroar
|move|p1a: Archaludon|Electro Shot|p2a: Whimsicott|[from] lockedmove
|-resisted|p2a: Whimsicott|1
|-damage|p2a: Whimsicott|76/100
|move|p2a: Whimsicott|Moonblast|p1b: Farigiraf
|-damage|p1b: Farigiraf|22/100
|
|-fieldend|move: Trick Room
|upkeep
|turn|10
|
|t:|1783530786
|move|p2a: Whimsicott|Moonblast|p1b: Farigiraf
|-damage|p1b: Farigiraf|0 fnt
|faint|p1b: Farigiraf
|move|p1a: Archaludon|Aura Sphere|p2b: Incineroar
|-supereffective|p2b: Incineroar|1
|-enditem|p2b: Incineroar|Chople Berry|[eat]
|-enditem|p2b: Incineroar|Chople Berry|[weaken]
|-damage|p2b: Incineroar|82/100
|move|p2b: Incineroar|Throat Chop|p1a: Archaludon
|-damage|p1a: Archaludon|75/100
|-start|p1a: Archaludon|Throat Chop|[silent]
|-ability|p1a: Archaludon|Stamina|boost
|-boost|p1a: Archaludon|def|1
|
|-heal|p1a: Archaludon|81/100|[from] item: Leftovers
|upkeep
|turn|11
|inactive|tr4ppy08 has 30 seconds left.
|
|t:|1783530820
|move|p2a: Whimsicott|Tailwind|p2a: Whimsicott
|-sidestart|p2: tr4ppy08|move: Tailwind
|move|p2b: Incineroar|Parting Shot|p1a: Archaludon
|-unboost|p1a: Archaludon|atk|1
|-unboost|p1a: Archaludon|spa|1
|
|t:|1783530825
|switch|p2b: Staraptor|Staraptor-Mega, L50, M, shiny|16/100|[from] Parting Shot
|move|p1a: Archaludon|Aura Sphere|p2b: Staraptor
|-resisted|p2b: Staraptor|1
|-damage|p2b: Staraptor|7/100
|
|-heal|p1a: Archaludon|87/100|[from] item: Leftovers
|-end|p1a: Archaludon|Throat Chop|[silent]
|upkeep
|turn|12
|
|t:|1783530841
|move|p2a: Whimsicott|Charm|p2b: Staraptor
|-boost|p2b: Staraptor|atk|2
|move|p2b: Staraptor|Roost|p2b: Staraptor
|-heal|p2b: Staraptor|57/100
|-singleturn|p2b: Staraptor|move: Roost
|move|p1a: Archaludon|Dragon Pulse|p2b: Staraptor
|-damage|p2b: Staraptor|30/100
|
|-heal|p1a: Archaludon|93/100|[from] item: Leftovers
|upkeep
|turn|13
|
|t:|1783530854
|move|p2a: Whimsicott|Charm|p2b: Staraptor
|-boost|p2b: Staraptor|atk|2
|move|p2b: Staraptor|Close Combat|p1a: Archaludon
|-supereffective|p1a: Archaludon|1
|-damage|p1a: Archaludon|0 fnt
|-boost|p2b: Staraptor|def|1
|-boost|p2b: Staraptor|spd|1
|faint|p1a: Archaludon
|
|win|tr4ppy08
||toadsamongmen is ready for game 2.
||tr4ppy08 is ready for game 2.
|uhtml|next|Next: Game 2 of 3
|l|☆tr4ppy08
|player|p2|
