|j|☆FlashStatic
|j|☆Zonzuki
|html|FlashStaticZonzuki    
|uhtml|bestof|Game 1 of a best-of-3
|t:|1784494762
|gametype|doubles
|player|p1|FlashStatic|palmer|
|player|p2|Zonzuki|hilbert-wonderlauncher|
|gen|9
|tier|[Gen 9 Champions] VGC 2026 Reg M-B (Bo3)
|rule|Species Clause: Limit one of each Pokémon
|rule|Item Clause: Limit 1 of each item
|clearpoke
|poke|p1|Greninja, L50, M, shiny|
|poke|p1|Volcarona, L50, M, shiny|
|poke|p1|Starmie, L50|
|poke|p1|Grimmsnarl, L50, M|
|poke|p1|Talonflame, L50, F|
|poke|p1|Roserade, L50, F|
|poke|p2|Garchomp, L50, F|
|poke|p2|Delphox, L50, F|
|poke|p2|Rotom-Wash, L50|
|poke|p2|Kangaskhan, L50, F|
|poke|p2|Gourgeist-Super, L50, F|
|poke|p2|Gholdengo, L50|
|teampreview|4
|showteam|p1|Greninja||Greninjite|Protean|DarkPulse,Extrasensory,GrassKnot,IceBeam|Timid||M|||50|]Volcarona||ChartiBerry|FlameBody|FieryDance,GigaDrain,Psychic,QuiverDance|Modest||M|||50|]Starmie||LifeOrb|NaturalCure|Psychic,Thunderbolt,HydroPump,IceBeam|Timid|||||50|]Grimmsnarl||Leftovers|Prankster|FakeOut,LightScreen,SpiritBreak,SuckerPunch|Adamant||M|||50|]Talonflame||SitrusBerry|GaleWings|DualWingbeat,FlareBlitz,Tailwind,WillOWisp|Jolly||F|||50|]Roserade||ChoiceScarf|PoisonPoint|EnergyBall,DazzlingGleam,ShadowBall,SludgeBomb|Timid||F|||50|
|showteam|p2|Garchomp||LifeOrb|RoughSkin|RockSlide,Earthquake,Protect,IronHead|Adamant||F|||50|]Delphox||Delphoxite|Blaze|HeatWave,CalmMind,Psychic,Protect|Modest||F|||50|]Rotom-Wash||SitrusBerry|Levitate|VoltSwitch,HydroPump,WillOWisp,Protect|Calm|||||50|]Kangaskhan||SilkScarf|InnerFocus|FakeOut,LastResort|Adamant||F|||50|]Gourgeist-Super||ZoomLens|Frisk|ShadowSneak,Protect,LeechSeed,Hypnosis|Sassy||F|||50|]Gholdengo||WhiteHerb|GoodasGold|ShadowBall,MakeItRain,Protect,NastyPlot|Modest|||||50|
|inactive|Battle timer is ON: inactive players will automatically lose when time's up. (requested by FlashStatic)
|
|t:|1784494864
|teamsize|p1|4
|teamsize|p2|4
|start
|switch|p1a: Roserade|Roserade, L50, F|100/100
|switch|p1b: Grimmsnarl|Grimmsnarl, L50, M|100/100
|switch|p2a: Kangaskhan|Kangaskhan, L50, F|100/100
|switch|p2b: Gholdengo|Gholdengo, L50|100/100
|turn|1
|
|t:|1784494887
|move|p2a: Kangaskhan|Fake Out|p1a: Roserade
|-damage|p1a: Roserade|56/100
|move|p1b: Grimmsnarl|Fake Out|p2a: Kangaskhan
|-damage|p2a: Kangaskhan|84/100
|cant|p1a: Roserade|flinch
|move|p2b: Gholdengo|Nasty Plot|p2b: Gholdengo
|-boost|p2b: Gholdengo|spa|2
|
|upkeep
|turn|2
|inactive|Zonzuki has 30 seconds left.
|
|t:|1784494915
|move|p1b: Grimmsnarl|Sucker Punch|p2b: Gholdengo
|-supereffective|p2b: Gholdengo|1
|-damage|p2b: Gholdengo|16/100
|move|p1a: Roserade|Shadow Ball|p2b: Gholdengo
|-supereffective|p2b: Gholdengo|1
|-damage|p2b: Gholdengo|0 fnt
|faint|p2b: Gholdengo
|move|p2a: Kangaskhan|Last Resort|p1b: Grimmsnarl
|-damage|p1b: Grimmsnarl|1/100
|
|-heal|p1b: Grimmsnarl|7/100|[from] item: Leftovers
|upkeep
|
|t:|1784494931
|switch|p2b: Delphox|Delphox, L50, F|100/100
|turn|3
|
|t:|1784494945
|detailschange|p2b: Delphox|Delphox-Mega, L50, F
|-mega|p2b: Delphox|Delphox|Delphoxite
|move|p1b: Grimmsnarl|Light Screen|p1b: Grimmsnarl
|-sidestart|p1: FlashStatic|move: Light Screen
|move|p1a: Roserade|Shadow Ball|p2b: Delphox
|-supereffective|p2b: Delphox|1
|-crit|p2b: Delphox
|-damage|p2b: Delphox|32/100
|move|p2b: Delphox|Calm Mind|p2b: Delphox
|-boost|p2b: Delphox|spa|1
|-boost|p2b: Delphox|spd|1
|move|p2a: Kangaskhan|Last Resort|p1b: Grimmsnarl
|-damage|p1b: Grimmsnarl|0 fnt
|faint|p1b: Grimmsnarl
|
|upkeep
|
|t:|1784494962
|switch|p1b: Volcarona|Volcarona, L50, M, shiny|100/100
|turn|4
|
|t:|1784494977
|move|p1a: Roserade|Shadow Ball|p2b: Delphox
|-supereffective|p2b: Delphox|1
|-damage|p2b: Delphox|0 fnt
|faint|p2b: Delphox
|move|p1b: Volcarona|Quiver Dance|p1b: Volcarona
|-boost|p1b: Volcarona|spa|1
|-boost|p1b: Volcarona|spd|1
|-boost|p1b: Volcarona|spe|1
|move|p2a: Kangaskhan|Last Resort|p1b: Volcarona
|-damage|p1b: Volcarona|0 fnt
|faint|p1b: Volcarona
|
|upkeep
|
|t:|1784494988
|switch|p2b: Rotom|Rotom-Wash, L50|100/100
|switch|p1b: Greninja|Greninja, L50, M, shiny|100/100
|turn|5
|
|t:|1784495003
|detailschange|p1b: Greninja|Greninja-Mega, L50, M, shiny
|-mega|p1b: Greninja|Greninja|Greninjite
|move|p2b: Rotom|Protect|p2b: Rotom
|-singleturn|p2b: Rotom|Protect
|move|p1a: Roserade|Shadow Ball|p2b: Rotom
|-activate|p2b: Rotom|move: Protect
|move|p1b: Greninja|Dark Pulse|p2a: Kangaskhan
|-start|p1b: Greninja|typechange|Dark|[from] ability: Protean
|-damage|p2a: Kangaskhan|42/100
|move|p2a: Kangaskhan|Last Resort|p1a: Roserade
|-damage|p1a: Roserade|0 fnt
|-status|p2a: Kangaskhan|psn|[from] ability: Poison Point|[of] p1a: Roserade
|faint|p1a: Roserade
|
|-damage|p2a: Kangaskhan|30/100 psn|[from] psn
|upkeep
|turn|6
|
|t:|1784495024
|move|p1b: Greninja|Dark Pulse|p2a: Kangaskhan
|-damage|p2a: Kangaskhan|0 fnt
|faint|p2a: Kangaskhan
|move|p2b: Rotom|Hydro Pump|p1b: Greninja
|-damage|p1b: Greninja|59/100
|
|upkeep
|turn|7
|
|t:|1784495036
|move|p2b: Rotom|Protect|p2b: Rotom
|-singleturn|p2b: Rotom|Protect
|move|p1b: Greninja|Grass Knot|p2b: Rotom
|-activate|p2b: Rotom|move: Protect
|
|-sideend|p1: FlashStatic|move: Light Screen
|upkeep
|turn|8
|
|t:|1784495052
|move|p1b: Greninja|Dark Pulse|p2b: Rotom
|-damage|p2b: Rotom|67/100
|move|p2b: Rotom|Hydro Pump|p1b: Greninja
|-damage|p1b: Greninja|2/100
|
|upkeep
|turn|9
|
|t:|1784495067
|move|p2b: Rotom|Protect|p2b: Rotom
|-singleturn|p2b: Rotom|Protect
|move|p1b: Greninja|Dark Pulse|p2b: Rotom
|-activate|p2b: Rotom|move: Protect
|
|upkeep
|turn|10
|
|t:|1784495074
|move|p1b: Greninja|Dark Pulse|p2b: Rotom
|-damage|p2b: Rotom|32/100
|-enditem|p2b: Rotom|Sitrus Berry|[eat]
|-heal|p2b: Rotom|57/100|[from] item: Sitrus Berry
|move|p2b: Rotom|Volt Switch|p1b: Greninja
|-damage|p1b: Greninja|0 fnt
|faint|p1b: Greninja
|
|win|Zonzuki
||FlashStatic is ready for game 2.
|inactive|Zonzuki has 30 seconds to confirm battle start!
