|j|☆That_Leek
|j|☆RICHARDHAVOC
|html|That_LeekRICHARDHAVOC    
|uhtml|bestof|Game 2 of a best-of-3
|t:|1754875842
|gametype|doubles
|player|p1|That_Leek|blue-masters|1317
|player|p2|RICHARDHAVOC|266|1343
|gen|9
|tier|[Gen 9] VGC 2025 Reg H (Bo3)
|rated|
|rule|Species Clause: Limit one of each Pokémon
|rule|Item Clause: Limit 1 of each item
|clearpoke
|poke|p1|Incineroar, L50, M|
|poke|p1|Gholdengo, L50|
|poke|p1|Dragonite, L50, F|
|poke|p1|Amoonguss, L50, F|
|poke|p1|Ursaluna-Bloodmoon, L50, M|
|poke|p1|Gallade, L50, M|
|poke|p2|Whimsicott, L50, M|
|poke|p2|Garchomp, L50, F|
|poke|p2|Gholdengo, L50|
|poke|p2|Incineroar, L50, M|
|poke|p2|Dragonite, L50, M|
|poke|p2|Sneasler, L50, F|
|teampreview|4
|showteam|p1|Incineroar||SafetyGoggles|Intimidate|FakeOut,FlareBlitz,KnockOff,PartingShot|||M|||50|,,,,,Water]Gholdengo||LifeOrb|GoodasGold|MakeItRain,ShadowBall,NastyPlot,Protect||||||50|,,,,,Dragon]Dragonite||LoadedDice|Multiscale|Tailwind,StompingTantrum,ScaleShot,Protect|||F|||50|,,,,,Fairy]Amoonguss||SitrusBerry|Regenerator|PollenPuff,Spore,RagePowder,Protect|||F|||50|,,,,,Fairy]Ursaluna-Bloodmoon||AssaultVest|MindsEye|VacuumWave,BloodMoon,HyperVoice,EarthPower|||M|||50|,,,,,Ghost]Gallade||FocusSash|Sharpness|TrickRoom,SacredSword,WideGuard,PsychoCut|||M|||50|,,,,,Fairy
|showteam|p2|Whimsicott||FocusSash|Prankster|Moonblast,Tailwind,Encore,Protect|||M|||50|,,,,,Ghost]Garchomp||LifeOrb|RoughSkin|Earthquake,DragonClaw,StompingTantrum,Protect|||F|||50|,,,,,Steel]Gholdengo||ChoiceSpecs|GoodasGold|MakeItRain,ShadowBall,Trick,Protect||||||50|,,,,,Steel]Incineroar||AssaultVest|Intimidate|FakeOut,Uturn,KnockOff,FlareBlitz|||M|||50|,,,,,Ghost]Dragonite||ChoiceBand|InnerFocus|ExtremeSpeed,Haze,IceSpinner,Outrage|||M|||50|,,,,,Normal]Sneasler||WhiteHerb|Unburden|FakeOut,DireClaw,CloseCombat,Protect|||F|||50|,,,,,Stellar
|
|t:|1754875888
|teamsize|p1|4
|teamsize|p2|4
|start
|switch|p1a: Amoonguss|Amoonguss, L50, F|100/100
|switch|p1b: Dragonite|Dragonite, L50, F|100/100
|switch|p2a: Incineroar|Incineroar, L50, M, shiny|100/100
|switch|p2b: Gholdengo|Gholdengo, L50, shiny|100/100
|-ability|p2a: Incineroar|Intimidate|boost
|-unboost|p1a: Amoonguss|atk|1
|-unboost|p1b: Dragonite|atk|1
|turn|1
|
|t:|1754875897
|move|p1b: Dragonite|Protect|p1b: Dragonite
|-singleturn|p1b: Dragonite|Protect
|move|p2b: Gholdengo|Shadow Ball|p1b: Dragonite
|-activate|p1b: Dragonite|move: Protect
|move|p2a: Incineroar|U-turn|p1b: Dragonite
|-activate|p1b: Dragonite|move: Protect
|move|p1a: Amoonguss|Spore|p2a: Incineroar
|-status|p2a: Incineroar|slp|[from] move: Spore
|
|upkeep
|turn|2
|
|t:|1754875909
|move|p1a: Amoonguss|Rage Powder|p1a: Amoonguss
|-singleturn|p1a: Amoonguss|move: Rage Powder
|move|p2b: Gholdengo|Shadow Ball|p1a: Amoonguss
|-damage|p1a: Amoonguss|47/100
|-enditem|p1a: Amoonguss|Sitrus Berry|[eat]
|-heal|p1a: Amoonguss|72/100|[from] item: Sitrus Berry
|move|p1b: Dragonite|Scale Shot|p2a: Incineroar
|-damage|p2a: Incineroar|93/100 slp
|-damage|p2a: Incineroar|85/100 slp
|-damage|p2a: Incineroar|77/100 slp
|-damage|p2a: Incineroar|70/100 slp
|-damage|p2a: Incineroar|62/100 slp
|-hitcount|p2a: Incineroar|5
|-unboost|p1b: Dragonite|def|1
|-boost|p1b: Dragonite|spe|1
|cant|p2a: Incineroar|slp
|
|upkeep
|turn|3
|
|t:|1754875939
|switch|p2b: Dragonite|Dragonite, L50, M, shiny|100/100
|move|p1b: Dragonite|Scale Shot|p2a: Incineroar
|-damage|p2a: Incineroar|53/100 slp
|-damage|p2a: Incineroar|45/100 slp
|-damage|p2a: Incineroar|36/100 slp
|-damage|p2a: Incineroar|28/100 slp
|-hitcount|p2a: Incineroar|4
|-unboost|p1b: Dragonite|def|1
|-boost|p1b: Dragonite|spe|1
|cant|p2a: Incineroar|slp
|move|p1a: Amoonguss|Pollen Puff|p1b: Dragonite
|
|upkeep
|turn|4
|
|t:|1754875949
|-terastallize|p2b: Dragonite|Normal
|move|p2b: Dragonite|Extreme Speed|p1b: Dragonite
|-damage|p1b: Dragonite|23/100
|move|p1a: Amoonguss|Rage Powder|p1a: Amoonguss
|-singleturn|p1a: Amoonguss|move: Rage Powder
|move|p1b: Dragonite|Tailwind|p1b: Dragonite
|-sidestart|p1: That_Leek|move: Tailwind
|-curestatus|p2a: Incineroar|slp|[msg]
|move|p2a: Incineroar|Flare Blitz|p1a: Amoonguss
|-supereffective|p1a: Amoonguss
|-damage|p1a: Amoonguss|3/100
|-damage|p2a: Incineroar|3/100|[from] Recoil
|
|upkeep
|turn|5
|
|t:|1754875959
|move|p1b: Dragonite|Protect|p1b: Dragonite
|-singleturn|p1b: Dragonite|Protect
|move|p2b: Dragonite|Extreme Speed|p1b: Dragonite
|-activate|p1b: Dragonite|move: Protect
|move|p1a: Amoonguss|Spore|p2b: Dragonite
|-status|p2b: Dragonite|slp|[from] move: Spore
|move|p2a: Incineroar|U-turn|p1a: Amoonguss
|-damage|p1a: Amoonguss|0 fnt
|faint|p1a: Amoonguss
|
|t:|1754875971
|switch|p2a: Gholdengo|Gholdengo, L50, shiny|100/100|[from] U-turn
|
|upkeep
|
|t:|1754875977
|switch|p1a: Ursaluna|Ursaluna-Bloodmoon, L50, M|100/100
|turn|6
|
|t:|1754875994
|switch|p2a: Incineroar|Incineroar, L50, M, shiny|3/100
|-ability|p2a: Incineroar|Intimidate|boost
|-unboost|p1a: Ursaluna|atk|1
|-unboost|p1b: Dragonite|atk|1
|cant|p2b: Dragonite|slp
|move|p1b: Dragonite|Scale Shot|p2b: Dragonite
|-damage|p2b: Dragonite|93/100 slp
|-damage|p2b: Dragonite|85/100 slp
|-damage|p2b: Dragonite|77/100 slp
|-damage|p2b: Dragonite|68/100 slp
|-crit|p2b: Dragonite
|-damage|p2b: Dragonite|42/100 slp
|-hitcount|p2b: Dragonite|5
|-unboost|p1b: Dragonite|def|1
|-boost|p1b: Dragonite|spe|1
|move|p1a: Ursaluna|Earth Power|p2a: Incineroar
|-supereffective|p2a: Incineroar
|-damage|p2a: Incineroar|0 fnt
|faint|p2a: Incineroar
|
|upkeep
|
|t:|1754876003
|switch|p2a: Sneasler|Sneasler, L50, F, shiny|100/100
|turn|7
|
|t:|1754876027
|switch|p2b: Gholdengo|Gholdengo, L50, shiny|100/100
|-terastallize|p1a: Ursaluna|Ghost
|move|p1b: Dragonite|Protect|p1b: Dragonite
|-singleturn|p1b: Dragonite|Protect
|move|p2a: Sneasler|Fake Out|p1b: Dragonite
|-activate|p1b: Dragonite|move: Protect
|move|p1a: Ursaluna|Hyper Voice|p2b: Gholdengo|[spread] p2a,p2b
|-resisted|p2b: Gholdengo
|-damage|p2a: Sneasler|51/100
|-damage|p2b: Gholdengo|78/100
|
|-sideend|p1: That_Leek|move: Tailwind
|upkeep
|turn|8
|
|t:|1754876045
|move|p1b: Dragonite|Tailwind|p1b: Dragonite
|-sidestart|p1: That_Leek|move: Tailwind
|move|p1a: Ursaluna|Earth Power|p2b: Gholdengo
|-supereffective|p2b: Gholdengo
|-damage|p2b: Gholdengo|0 fnt
|faint|p2b: Gholdengo
|move|p2a: Sneasler|Dire Claw|p1a: Ursaluna
|-resisted|p1a: Ursaluna
|-damage|p1a: Ursaluna|83/100
|
|upkeep
|-message|RICHARDHAVOC forfeited.
|
|win|That_Leek
|raw|That_Leek's rating: 1317 → 1338(+21 for winning)
|raw|RICHARDHAVOC's rating: 1343 → 1322(-21 for losing)
|l|☆RICHARDHAVOC
|player|p2|
