|j|☆lettitripppp
|j|☆A15003606
|html|lettitrippppA15003606    
|uhtml|bestof|Game 1 of a best-of-3
|t:|1783702540
|gametype|doubles
|player|p1|lettitripppp|lucas|1214
|player|p2|A15003606|ethan|1146
|gen|9
|tier|[Gen 9 Champions] VGC 2026 Reg M-B (Bo3)
|rated|
|rule|Species Clause: Limit one of each Pokémon
|rule|Item Clause: Limit 1 of each item
|clearpoke
|poke|p1|Charizard, L50, F|
|poke|p1|Basculegion, L50, M|
|poke|p1|Whimsicott, L50, M, shiny|
|poke|p1|Garchomp, L50, M, shiny|
|poke|p1|Floette-Eternal, L50, F|
|poke|p1|Kingambit, L50, F, shiny|
|poke|p2|Crabominable, L50, M, shiny|
|poke|p2|Slowking, L50, F, shiny|
|poke|p2|Farigiraf, L50, F|
|poke|p2|Primarina, L50, M|
|poke|p2|Tinkaton, L50, F, shiny|
|poke|p2|Mawile, L50, M|
|teampreview|4
|showteam|p1|Charizard||CharizarditeY|Blaze|WeatherBall,SolarBeam,HeatWave,Protect|Modest||F|||50|]Basculegion||MysticWater|Adaptability|LastRespects,WaveCrash,AquaJet,Protect|Adamant||M|||50|]Whimsicott||FocusSash|Prankster|Moonblast,Tailwind,Encore,Protect|Timid||M|||50|]Garchomp||LifeOrb|RoughSkin|DragonClaw,Earthquake,RockSlide,Protect|Jolly||M|||50|]Floette-Eternal||Floettite|FlowerVeil|DazzlingGleam,LightofRuin,Moonblast,Protect|Modest||F|||50|]Kingambit||ChopleBerry|Defiant|KowtowCleave,SuckerPunch,IronHead,LowKick|Adamant||F|||50|
|showteam|p2|Crabominable||Crabominite|HyperCutter|DrainPunch,IceHammer,MachPunch,Protect|Brave||M|||50|]Slowking||MentalHerb|Regenerator|PsychicNoise,ChillyReception,Protect,TrickRoom|Relaxed||F|||50|]Farigiraf||ColburBerry|ArmorTail|PsychicNoise,TrickRoom,Protect,HelpingHand|Bold||F|||50|]Primarina||LifeOrb|LiquidVoice|HyperVoice,Moonblast,CalmMind,Protect|Quiet||M|||50|]Tinkaton||FocusSash|MoldBreaker|PlayRough,GigatonHammer,KnockOff,FakeOut|Brave||F|||50|]Mawile||Mawilite|HyperCutter|IronHead,PlayRough,SuckerPunch,Protect|Brave||M|||50|
|inactive|Battle timer is ON: inactive players will automatically lose when time's up. (requested by lettitripppp)
|inactive|A15003606 also wants the timer to be on.
|inactive|lettitripppp has 60 seconds left.
|
|t:|1783702580
|teamsize|p1|4
|teamsize|p2|4
|start
|switch|p1a: AGNI|Charizard, L50, F|100/100
|switch|p1b: GENERAL BLADUS|Kingambit, L50, F, shiny|100/100
|switch|p2a: Slowking|Slowking, L50, F, shiny|100/100
|switch|p2b: Tinkaton|Tinkaton, L50, F, shiny|100/100
|-ability|p2b: Tinkaton|Mold Breaker
|turn|1
|
|t:|1783702599
|detailschange|p1a: AGNI|Charizard-Mega-Y, L50, F
|-mega|p1a: AGNI|Charizard|Charizardite Y
|-weather|SunnyDay|[from] ability: Drought|[of] p1a: AGNI
|move|p2b: Tinkaton|Fake Out|p1b: GENERAL BLADUS
|-resisted|p1b: GENERAL BLADUS|1
|-damage|p1b: GENERAL BLADUS|96/100
|move|p1a: AGNI|Heat Wave|p2b: Tinkaton|[spread] p2a,p2b
|-resisted|p2a: Slowking|1
|-supereffective|p2b: Tinkaton|1
|-damage|p2a: Slowking|71/100
|-enditem|p2b: Tinkaton|Focus Sash
|-damage|p2b: Tinkaton|1/100
|cant|p1b: GENERAL BLADUS|flinch
|move|p2a: Slowking|Trick Room|p2a: Slowking
|-fieldstart|move: Trick Room|[of] p2a: Slowking
|
|-weather|SunnyDay|[upkeep]
|upkeep
|turn|2
|
|t:|1783702617
|switch|p1a: GHOSTWAVE|Basculegion, L50, M|100/100
|-prepare|p2a: Slowking|Chilly Reception|[premajor]
|move|p2a: Slowking|Chilly Reception|p2a: Slowking
|-weather|Snowscape
|
|t:|1783702628
|-heal|p2a: Slowking|100/100|[from] ability: Regenerator|[silent]
|switch|p2a: Primarina|Primarina, L50, M|100/100|[from] Chilly Reception
|move|p1b: GENERAL BLADUS|Kowtow Cleave|p2a: Primarina
|-resisted|p2a: Primarina|1
|-damage|p2a: Primarina|71/100
|move|p2b: Tinkaton|Play Rough|p1b: GENERAL BLADUS
|-damage|p1b: GENERAL BLADUS|67/100
|
|-weather|Snowscape|[upkeep]
|upkeep
|turn|3
|inactive|A15003606 has 30 seconds left.
|
|t:|1783702653
|move|p1a: GHOSTWAVE|Aqua Jet|p2b: Tinkaton
|-damage|p2b: Tinkaton|0 fnt
|faint|p2b: Tinkaton
|move|p2a: Primarina|Moonblast|p1a: GHOSTWAVE
|-damage|p1a: GHOSTWAVE|24/100
|-damage|p2a: Primarina|61/100|[from] item: Life Orb
|move|p1b: GENERAL BLADUS|Iron Head|p2a: Primarina
|-damage|p2a: Primarina|11/100
|
|-weather|Snowscape|[upkeep]
|upkeep
|
|t:|1783702661
|switch|p2b: Mawile|Mawile, L50, M|100/100
|turn|4
|
|t:|1783702672
|detailschange|p2b: Mawile|Mawile-Mega, L50, M
|-mega|p2b: Mawile|Mawile|Mawilite
|move|p1a: GHOSTWAVE|Protect|p1a: GHOSTWAVE
|-singleturn|p1a: GHOSTWAVE|Protect
|move|p2b: Mawile|Play Rough|p1b: GENERAL BLADUS
|-damage|p1b: GENERAL BLADUS|4/100
|move|p2a: Primarina|Hyper Voice|p1a: GHOSTWAVE|[spread] p1b
|-activate|p1a: GHOSTWAVE|move: Protect
|-damage|p1b: GENERAL BLADUS|0 fnt
|faint|p1b: GENERAL BLADUS
|-damage|p2a: Primarina|1/100|[from] item: Life Orb
|
|-weather|Snowscape|[upkeep]
|upkeep
|
|t:|1783702686
|switch|p1b: AGNI|Charizard-Mega-Y, L50, F|100/100
|-weather|SunnyDay|[from] ability: Drought|[of] p1b: AGNI
|turn|5
|
|t:|1783702705
|switch|p1a: LETS GO GO|Whimsicott, L50, M, shiny|100/100
|move|p2a: Primarina|Protect|p2a: Primarina
|-singleturn|p2a: Primarina|Protect
|move|p1b: AGNI|Protect|p1b: AGNI
|-singleturn|p1b: AGNI|Protect
|move|p2b: Mawile|Iron Head|p1a: LETS GO GO
|-supereffective|p1a: LETS GO GO|1
|-enditem|p1a: LETS GO GO|Focus Sash
|-damage|p1a: LETS GO GO|1/100
|
|-weather|SunnyDay|[upkeep]
|-fieldend|move: Trick Room
|upkeep
|turn|6
|inactive|A15003606 has 30 seconds left.
|
|t:|1783702737
|move|p1a: LETS GO GO|Tailwind|p1a: LETS GO GO
|-sidestart|p1: lettitripppp|move: Tailwind
|move|p2b: Mawile|Sucker Punch|p1b: AGNI
|-damage|p1b: AGNI|52/100
|move|p1b: AGNI|Heat Wave|p2b: Mawile|[spread] p2a,p2b
|-resisted|p2a: Primarina|1
|-supereffective|p2b: Mawile|1
|-damage|p2a: Primarina|0 fnt
|-damage|p2b: Mawile|0 fnt
|faint|p2a: Primarina
|faint|p2b: Mawile
|
|-weather|SunnyDay|[upkeep]
|upkeep
|
|t:|1783702743
|switch|p2b: Slowking|Slowking, L50, F, shiny|100/100
|turn|7
|
|t:|1783702752
|move|p1a: LETS GO GO|Moonblast|p2b: Slowking
|-damage|p2b: Slowking|77/100
|move|p1b: AGNI|Solar Beam||[still]
|-prepare|p1b: AGNI|Solar Beam
|-anim|p1b: AGNI|Solar Beam|p2b: Slowking
|-supereffective|p2b: Slowking|1
|-damage|p2b: Slowking|0 fnt
|faint|p2b: Slowking
|
|win|lettitripppp
||A15003606 is ready for game 2.
