|j|☆ScrewSalesman
|j|☆ddx9000
|html|ScrewSalesmanddx9000    
|uhtml|bestof|Game 1 of a best-of-3
|t:|1756441934
|gametype|doubles
|player|p1|ScrewSalesman|cynthia-gen4|1216
|player|p2|ddx9000|elesa|1184
|gen|9
|tier|[Gen 9] VGC 2025 Reg H (Bo3)
|rated|
|rule|Species Clause: Limit one of each Pokémon
|rule|Item Clause: Limit 1 of each item
|clearpoke
|poke|p1|Porygon2, L50|
|poke|p1|Incineroar, L50, F|
|poke|p1|Ursaluna, L50, F|
|poke|p1|Jumpluff, L50, M|
|poke|p1|Charizard, L50, F|
|poke|p1|Torkoal, L50, F|
|poke|p2|Dragonite, L50, M|
|poke|p2|Volcarona, L50, F|
|poke|p2|Sneasler, L50, M|
|poke|p2|Rillaboom, L50, M|
|poke|p2|Electabuzz, L50, M|
|poke|p2|Kingambit, L50, M|
|teampreview|4
|showteam|p1|Porygon2||Eviolite|Download|TeraBlast,IceBeam,TrickRoom,Recover||||||50|,,,,,Fighting]Incineroar||SitrusBerry|Intimidate|FakeOut,KnockOff,FlareBlitz,PartingShot|||F|||50|,,,,,Ghost]Ursaluna||FlameOrb|Guts|HeadlongRush,Facade,Earthquake,Protect|||F|||50|,,,,,Ghost]Jumpluff||CovertCloak|Chlorophyll|RagePowder,PollenPuff,Tailwind,SleepPowder|||M|||50|,,,,,Water]Charizard||ChoiceSpecs|SolarPower|HeatWave,Overheat,WeatherBall,DragonPulse|||F|||50|,,,,,Ghost]Torkoal||EjectPack|Drought|Overheat,Eruption,HelpingHand,Protect|||F|||50|,,,,,Fire
|showteam|p2|Dragonite||LoadedDice|Multiscale|ScaleShot,ExtremeSpeed,Haze,Protect|||M|||50|,,,,,Fairy]Volcarona||CovertCloak|FlameBody|HeatWave,TeraBlast,QuiverDance,Protect|||F|||50|,,,,,Fairy]Sneasler||FocusSash|Unburden|CloseCombat,DireClaw,Coaching,Protect|||M|||50|,,,,,Stellar]Rillaboom||AssaultVest|GrassySurge|WoodHammer,GrassyGlide,Uturn,FakeOut|||M|||50|,,,,,Water]Electabuzz||Eviolite|VitalSpirit|Electroweb,FollowMe,Taunt,Protect|||M|||50|,,,,,Ghost]Kingambit||BlackGlasses|Defiant|KowtowCleave,SuckerPunch,SwordsDance,Protect|||M|||50|,,,,,Dark
|inactive|Battle timer is ON: inactive players will automatically lose when time's up. (requested by ScrewSalesman)
|inactive|ScrewSalesman has 60 seconds left.
|inactive|ddx9000 has 60 seconds left.
|
|t:|1756441976
|teamsize|p1|4
|teamsize|p2|4
|start
|switch|p1a: Ursaluna|Ursaluna, L50, F|100/100
|switch|p1b: Jumpluff|Jumpluff, L50, M|100/100
|switch|p2a: Electabuzz|Electabuzz, L50, M|100/100
|switch|p2b: Sneasler|Sneasler, L50, M|100/100
|turn|1
|
|t:|1756441992
|switch|p1b: Incineroar|Incineroar, L50, F|100/100
|-ability|p1b: Incineroar|Intimidate|boost
|-unboost|p2a: Electabuzz|atk|1
|-unboost|p2b: Sneasler|atk|1
|move|p2b: Sneasler|Protect|p2b: Sneasler
|-singleturn|p2b: Sneasler|Protect
|move|p1a: Ursaluna|Protect|p1a: Ursaluna
|-singleturn|p1a: Ursaluna|Protect
|move|p2a: Electabuzz|Taunt|p1b: Incineroar
|-start|p1b: Incineroar|move: Taunt
|
|-status|p1a: Ursaluna|brn|[from] item: Flame Orb
|upkeep
|turn|2
|
|t:|1756442016
|switch|p2a: Rillaboom|Rillaboom, L50, M|100/100
|-fieldstart|move: Grassy Terrain|[from] ability: Grassy Surge|[of] p2a: Rillaboom
|move|p2b: Sneasler|Protect||[still]
|-fail|p2b: Sneasler
|move|p1a: Ursaluna|Headlong Rush|p2a: Rillaboom
|-resisted|p2a: Rillaboom
|-damage|p2a: Rillaboom|50/100
|-unboost|p1a: Ursaluna|def|1
|-unboost|p1a: Ursaluna|spd|1
|move|p1b: Incineroar|Flare Blitz|p2b: Sneasler
|-enditem|p2b: Sneasler|Focus Sash
|-damage|p2b: Sneasler|1/100
|-damage|p1b: Incineroar|75/100|[from] Recoil
|
|-heal|p2b: Sneasler|7/100|[from] Grassy Terrain
|-heal|p2a: Rillaboom|56/100|[from] Grassy Terrain
|-heal|p1b: Incineroar|81/100|[from] Grassy Terrain
|-damage|p1a: Ursaluna|95/100 brn|[from] brn
|upkeep
|turn|3
|inactive|ddx9000 has 30 seconds left.
|inactive|ScrewSalesman has 30 seconds left.
|inactive|ddx9000 has 20 seconds left.
|
|t:|1756442053
|switch|p1a: Jumpluff|Jumpluff, L50, M|100/100
|move|p2b: Sneasler|Close Combat|p1b: Incineroar
|-supereffective|p1b: Incineroar
|-damage|p1b: Incineroar|0 fnt
|-unboost|p2b: Sneasler|def|1
|-unboost|p2b: Sneasler|spd|1
|faint|p1b: Incineroar
|move|p2a: Rillaboom|Wood Hammer|p1a: Jumpluff
|-resisted|p1a: Jumpluff
|-damage|p1a: Jumpluff|75/100
|-damage|p2a: Rillaboom|48/100|[from] Recoil
|
|-heal|p2b: Sneasler|13/100|[from] Grassy Terrain
|-heal|p2a: Rillaboom|54/100|[from] Grassy Terrain
|upkeep
|
|t:|1756442064
|switch|p1b: Porygon2|Porygon2, L50, shiny|100/100
|-ability|p1b: Porygon2|Download|boost
|-boost|p1b: Porygon2|spa|1
|turn|4
|inactive|ScrewSalesman has 30 seconds left.
|inactive|ddx9000 has 30 seconds left.
|
|t:|1756442091
|-terastallize|p1b: Porygon2|Fighting
|move|p1a: Jumpluff|Rage Powder|p1a: Jumpluff
|-singleturn|p1a: Jumpluff|move: Rage Powder
|move|p2b: Sneasler|Close Combat|p1a: Jumpluff
|-resisted|p1a: Jumpluff
|-crit|p1a: Jumpluff
|-damage|p1a: Jumpluff|15/100
|-unboost|p2b: Sneasler|def|1
|-unboost|p2b: Sneasler|spd|1
|move|p2a: Rillaboom|Wood Hammer|p1b: Porygon2
|-damage|p1b: Porygon2|46/100
|-damage|p2a: Rillaboom|37/100|[from] Recoil
|move|p1b: Porygon2|Trick Room|p1b: Porygon2
|-fieldstart|move: Trick Room|[of] p1b: Porygon2
|
|-heal|p1b: Porygon2|52/100|[from] Grassy Terrain
|-heal|p2a: Rillaboom|43/100|[from] Grassy Terrain
|-heal|p2b: Sneasler|18/100|[from] Grassy Terrain
|upkeep
|turn|5
|
|t:|1756442108
|move|p2b: Sneasler|Protect|p2b: Sneasler
|-singleturn|p2b: Sneasler|Protect
|move|p1b: Porygon2|Ice Beam|p2a: Rillaboom
|-supereffective|p2a: Rillaboom
|-damage|p2a: Rillaboom|0 fnt
|faint|p2a: Rillaboom
|move|p1a: Jumpluff|Pollen Puff|p2b: Sneasler
|-activate|p2b: Sneasler|move: Protect
|
|-heal|p1b: Porygon2|58/100|[from] Grassy Terrain
|-heal|p2b: Sneasler|24/100|[from] Grassy Terrain
|upkeep
|
|t:|1756442117
|switch|p2a: Electabuzz|Electabuzz, L50, M|100/100
|turn|6
|
|t:|1756442134
|switch|p1a: Ursaluna|Ursaluna, L50, F|95/100 brn
|move|p2a: Electabuzz|Follow Me|p2a: Electabuzz
|-singleturn|p2a: Electabuzz|move: Follow Me
|move|p1b: Porygon2|Recover|p1b: Porygon2
|-heal|p1b: Porygon2|100/100
|move|p2b: Sneasler|Close Combat|p1b: Porygon2
|-damage|p1b: Porygon2|75/100
|-unboost|p2b: Sneasler|def|1
|-unboost|p2b: Sneasler|spd|1
|
|-heal|p1b: Porygon2|82/100|[from] Grassy Terrain
|-heal|p1a: Ursaluna|100/100 brn|[from] Grassy Terrain
|-heal|p2b: Sneasler|30/100|[from] Grassy Terrain
|-damage|p1a: Ursaluna|95/100 brn|[from] brn
|-fieldend|move: Grassy Terrain
|upkeep
|turn|7
|j| chalizhou
|
|t:|1756442153
|switch|p2b: Dragonite|Dragonite, L50, M|100/100
|move|p2a: Electabuzz|Protect|p2a: Electabuzz
|-singleturn|p2a: Electabuzz|Protect
|move|p1b: Porygon2|Tera Blast|p2a: Electabuzz|[anim] Tera Blast Fighting
|-activate|p2a: Electabuzz|move: Protect
|move|p1a: Ursaluna|Earthquake|p2a: Electabuzz|[spread] p1b
|-activate|p2a: Electabuzz|move: Protect
|-immune|p2b: Dragonite
|-damage|p1b: Porygon2|41/100
|
|-damage|p1a: Ursaluna|89/100 brn|[from] brn
|upkeep
|turn|8
|
|t:|1756442166
|-terastallize|p2a: Electabuzz|Ghost
|move|p2b: Dragonite|Protect|p2b: Dragonite
|-singleturn|p2b: Dragonite|Protect
|move|p1b: Porygon2|Recover|p1b: Porygon2
|-heal|p1b: Porygon2|91/100
|move|p1a: Ursaluna|Facade|p2a: Electabuzz
|-immune|p2a: Electabuzz
|move|p2a: Electabuzz|Taunt|p1b: Porygon2
|-start|p1b: Porygon2|move: Taunt
|
|-damage|p1a: Ursaluna|83/100 brn|[from] brn
|-fieldend|move: Trick Room
|upkeep
|turn|9
|inactive|ScrewSalesman has 30 seconds left.
|inactive|ScrewSalesman has 20 seconds left.
|
|t:|1756442204
|move|p2a: Electabuzz|Follow Me|p2a: Electabuzz
|-singleturn|p2a: Electabuzz|move: Follow Me
|move|p2b: Dragonite|Scale Shot|p1a: Ursaluna
|-damage|p1a: Ursaluna|72/100 brn
|-damage|p1a: Ursaluna|60/100 brn
|-damage|p1a: Ursaluna|48/100 brn
|-damage|p1a: Ursaluna|37/100 brn
|-hitcount|p1a: Ursaluna|4
|-unboost|p2b: Dragonite|def|1
|-boost|p2b: Dragonite|spe|1
|move|p1a: Ursaluna|Headlong Rush|p2a: Electabuzz
|-damage|p2a: Electabuzz|0 fnt
|-unboost|p1a: Ursaluna|def|1
|-unboost|p1a: Ursaluna|spd|1
|faint|p2a: Electabuzz
|move|p1b: Porygon2|Ice Beam|p2b: Dragonite
|-supereffective|p2b: Dragonite
|-damage|p2b: Dragonite|3/100
|
|-damage|p1a: Ursaluna|31/100 brn|[from] brn
|upkeep
|
|t:|1756442213
|switch|p2a: Sneasler|Sneasler, L50, M|30/100
|turn|10
|
|t:|1756442232
|switch|p1b: Jumpluff|Jumpluff, L50, M|15/100
|move|p1a: Ursaluna|Protect|p1a: Ursaluna
|-singleturn|p1a: Ursaluna|Protect
|move|p2b: Dragonite|Scale Shot|p1a: Ursaluna
|-activate|p1a: Ursaluna|move: Protect
|move|p2a: Sneasler|Dire Claw|p1b: Jumpluff
|-supereffective|p1b: Jumpluff
|-damage|p1b: Jumpluff|0 fnt
|faint|p1b: Jumpluff
|
|-damage|p1a: Ursaluna|26/100 brn|[from] brn
|upkeep
|
|t:|1756442240
|switch|p1b: Porygon2|Porygon2, L50, shiny, tera:Fighting|91/100
|-ability|p1b: Porygon2|Download|boost
|-boost|p1b: Porygon2|atk|1
|turn|11
|
|t:|1756442253
|move|p2b: Dragonite|Scale Shot|p1a: Ursaluna
|-damage|p1a: Ursaluna|8/100 brn
|-damage|p1a: Ursaluna|0 fnt
|faint|p1a: Ursaluna
|-hitcount|p1: Ursaluna|2
|-unboost|p2b: Dragonite|def|1
|-boost|p2b: Dragonite|spe|1
|move|p2a: Sneasler|Dire Claw|p1b: Porygon2
|-damage|p1b: Porygon2|66/100
|move|p1b: Porygon2|Trick Room|p1b: Porygon2
|-fieldstart|move: Trick Room|[of] p1b: Porygon2
|
|upkeep
|turn|12
|
|t:|1756442263
|move|p2b: Dragonite|Extreme Speed|p1b: Porygon2
|-damage|p1b: Porygon2|47/100
|move|p1b: Porygon2|Ice Beam|p2a: Sneasler
|-damage|p2a: Sneasler|0 fnt
|faint|p2a: Sneasler
|
|upkeep
|turn|13
|
|t:|1756442269
|move|p2b: Dragonite|Protect|p2b: Dragonite
|-singleturn|p2b: Dragonite|Protect
|move|p1b: Porygon2|Ice Beam|p2b: Dragonite
|-activate|p2b: Dragonite|move: Protect
|
|upkeep
|turn|14
|
|t:|1756442271
|move|p2b: Dragonite|Extreme Speed|p1b: Porygon2
|-damage|p1b: Porygon2|25/100
|move|p1b: Porygon2|Ice Beam|p2b: Dragonite
|-supereffective|p2b: Dragonite
|-damage|p2b: Dragonite|0 fnt
|faint|p2b: Dragonite
|
|win|ScrewSalesman
||ddx9000 is ready for game 2.
||ScrewSalesman is ready for game 2.
|uhtml|next|Next: Game 2 of 3
|l| chalizhou
|l|☆ddx9000
|player|p2|
