|j|☆certified urgl
|j|☆Woopah96
|html|certified urglWoopah96    
|uhtml|bestof|Game 1 of a best-of-3
|t:|1756633833
|gametype|doubles
|player|p1|certified urgl|1|1433
|player|p2|Woopah96|2|1355
|gen|9
|tier|[Gen 9] VGC 2025 Reg H (Bo3)
|rated|
|rule|Species Clause: Limit one of each Pokémon
|rule|Item Clause: Limit 1 of each item
|clearpoke
|poke|p1|Gholdengo, L50|
|poke|p1|Sneasler, L50, M|
|poke|p1|Rillaboom, L50, F|
|poke|p1|Dragonite, L50, M|
|poke|p1|Ninetales-Alola, L50, F|
|poke|p1|Arcanine-Hisui, L50, F|
|poke|p2|Sneasler, L50, F|
|poke|p2|Dondozo, L50, M|
|poke|p2|Indeedee, L50, M|
|poke|p2|Tatsugiri, L50, M|
|poke|p2|Maushold-Four, L50|
|poke|p2|Annihilape, L50, F|
|teampreview|4
|showteam|p1|Gholdengo||GrassySeed|GoodasGold|NastyPlot,MakeItRain,ShadowBall,Protect||||||50|,,,,,Dragon]Sneasler||WhiteHerb|Unburden|CloseCombat,DireClaw,Coaching,Protect|||M|||50|,,,,,Ghost]Rillaboom||AssaultVest|GrassySurge|FakeOut,GrassyGlide,DrumBeating,HighHorsepower|||F|||50|,,,,,Fire]Dragonite||LoadedDice|Multiscale|ScaleShot,StompingTantrum,Tailwind,Protect|||M|||50|,,,,,Ground]Ninetales-Alola||FocusSash|SnowWarning|Blizzard,IcyWind,Encore,AuroraVeil|||F|||50|,,,,,Ghost]Arcanine-Hisui||ClearAmulet|Intimidate|RockSlide,FlareBlitz,ExtremeSpeed,Protect|||F|||50|,,,,,Water
|showteam|p2|Sneasler||PsychicSeed|Unburden|DireClaw,CloseCombat,ThroatChop,Protect|||F|||50|,,,,,Dark]Dondozo||Leftovers|Unaware|WaveCrash,Protect,Earthquake,BodyPress|||M|||50|,,,,,Steel]Indeedee||FocusSash|PsychicSurge|ExpandingForce,HelpingHand,Protect,TeraBlast|||M|||50|,,,,,Fairy]Tatsugiri||ChoiceScarf|Commander|MuddyWater,DracoMeteor,IcyWind,SleepTalk|||M|||50|,,,,,Ghost]Maushold-Four||WideLens|Technician|FollowMe,Protect,PopulationBomb,BeatUp||||||50|,,,,,Ghost]Annihilape||SitrusBerry|Defiant|RageFist,DrainPunch,BulkUp,Protect|||F|||50|,,,,,Fire
|inactive|Battle timer is ON: inactive players will automatically lose when time's up. (requested by certified urgl)
|
|t:|1756633853
|teamsize|p1|4
|teamsize|p2|4
|start
|switch|p1a: Ninetales|Ninetales-Alola, L50, F|100/100
|switch|p1b: Dragonite|Dragonite, L50, M|100/100
|switch|p2a: Maushold|Maushold-Four, L50|100/100
|switch|p2b: Annihilape|Annihilape, L50, F|100/100
|-weather|Snowscape|[from] ability: Snow Warning|[of] p1a: Ninetales
|turn|1
|inactive|certified urgl has 30 seconds left.
|inactive|Woopah96 has 30 seconds left.
|
|t:|1756633891
|move|p2a: Maushold|Population Bomb|p1b: Dragonite
|-damage|p1b: Dragonite|94/100
|-damage|p1b: Dragonite|83/100
|-damage|p1b: Dragonite|68/100
|-damage|p1b: Dragonite|57/100
|-damage|p1b: Dragonite|44/100
|-damage|p1b: Dragonite|30/100
|-damage|p1b: Dragonite|18/100
|-damage|p1b: Dragonite|5/100
|-damage|p1b: Dragonite|0 fnt
|faint|p1b: Dragonite
|-hitcount|p1: Dragonite|9
|move|p1a: Ninetales|Icy Wind|p2a: Maushold|[spread] p2a,p2b
|-damage|p2a: Maushold|76/100
|-damage|p2b: Annihilape|88/100
|-unboost|p2a: Maushold|spe|1
|-unboost|p2b: Annihilape|spe|1
|-ability|p2b: Annihilape|Defiant|boost
|-boost|p2b: Annihilape|atk|2
|move|p2b: Annihilape|Bulk Up|p2b: Annihilape
|-boost|p2b: Annihilape|atk|1
|-boost|p2b: Annihilape|def|1
|
|-weather|Snowscape|[upkeep]
|upkeep
|
|t:|1756633903
|switch|p1b: Gholdengo|Gholdengo, L50|100/100
|turn|2
|inactive|Woopah96 has 30 seconds left.
|inactive|Woopah96 has 20 seconds left.
|inactive|Woopah96 has 15 seconds left.
|inactive|Woopah96 has 10 seconds left.
|
|t:|1756633951
|-terastallize|p2b: Annihilape|Fire
|move|p1a: Ninetales|Blizzard|p2b: Annihilape|[spread] p2a,p2b
|-resisted|p2b: Annihilape
|-damage|p2a: Maushold|24/100
|-damage|p2b: Annihilape|76/100
|-status|p2b: Annihilape|frz
|move|p1b: Gholdengo|Make It Rain|p2b: Annihilape|[spread] p2a,p2b
|-resisted|p2b: Annihilape
|-damage|p2a: Maushold|0 fnt
|-damage|p2b: Annihilape|59/100 frz
|-unboost|p1b: Gholdengo|spa|1
|faint|p2a: Maushold
|-curestatus|p2b: Annihilape|frz|[msg]
|move|p2b: Annihilape|Rage Fist|p1b: Gholdengo
|-supereffective|p1b: Gholdengo
|-damage|p1b: Gholdengo|0 fnt
|faint|p1b: Gholdengo
|
|-weather|Snowscape|[upkeep]
|upkeep
|
|t:|1756633972
|switch|p2a: Dondozo|Dondozo, L50, M|100/100
|switch|p1b: Arcanine|Arcanine-Hisui, L50, F|100/100
|-ability|p1b: Arcanine|Intimidate|boost
|-unboost|p2a: Dondozo|atk|1
|-unboost|p2b: Annihilape|atk|1
|-ability|p2b: Annihilape|Defiant|boost
|-boost|p2b: Annihilape|atk|2
|turn|3
|
|t:|1756633988
|switch|p2b: Tatsugiri|Tatsugiri, L50, M|100/100
|-activate|p2b: Tatsugiri|ability: Commander|[of] p2a: Dondozo
|-boost|p2a: Dondozo|atk|2
|-boost|p2a: Dondozo|spa|2
|-boost|p2a: Dondozo|spe|2
|-boost|p2a: Dondozo|def|2
|-boost|p2a: Dondozo|spd|2
|-terastallize|p1b: Arcanine|Water
|move|p1a: Ninetales|Icy Wind|p2a: Dondozo|[spread] p2a
|-miss|p1a: Ninetales|p2b: Tatsugiri
|-resisted|p2a: Dondozo
|-damage|p2a: Dondozo|97/100
|-unboost|p2a: Dondozo|spe|1
|move|p1b: Arcanine|Rock Slide|p2a: Dondozo|[spread] p2a
|-miss|p1b: Arcanine|p2b: Tatsugiri
|-damage|p2a: Dondozo|89/100
|move|p2a: Dondozo|Earthquake|p1a: Ninetales|[spread] p1a,p1b
|-miss|p2a: Dondozo|p2b: Tatsugiri
|-damage|p1a: Ninetales|76/100
|-damage|p1b: Arcanine|70/100
|
|-weather|Snowscape|[upkeep]
|-heal|p2a: Dondozo|96/100|[from] item: Leftovers
|upkeep
|turn|4
|inactive|Woopah96 has 30 seconds left.
|
|t:|1756634018
|move|p1a: Ninetales|Blizzard|p2a: Dondozo|[spread] p2a
|-miss|p1a: Ninetales|p2b: Tatsugiri
|-resisted|p2a: Dondozo
|-damage|p2a: Dondozo|89/100
|-status|p2a: Dondozo|frz
|move|p1b: Arcanine|Rock Slide|p2a: Dondozo|[spread] p2a
|-miss|p1b: Arcanine|p2b: Tatsugiri
|-damage|p2a: Dondozo|81/100 frz
|cant|p2a: Dondozo|frz
|
|-weather|Snowscape|[upkeep]
|-heal|p2a: Dondozo|88/100 frz|[from] item: Leftovers
|upkeep
|turn|5
|
|t:|1756634032
|move|p1a: Ninetales|Blizzard|p2a: Dondozo|[spread] p2a
|-miss|p1a: Ninetales|p2b: Tatsugiri
|-resisted|p2a: Dondozo
|-crit|p2a: Dondozo
|-damage|p2a: Dondozo|64/100 frz
|move|p1b: Arcanine|Rock Slide|p2b: Tatsugiri|[spread] p2a
|-miss|p1b: Arcanine|p2b: Tatsugiri
|-damage|p2a: Dondozo|56/100 frz
|cant|p2a: Dondozo|frz
|
|-weather|none
|-heal|p2a: Dondozo|62/100 frz|[from] item: Leftovers
|upkeep
|turn|6
|
|t:|1756634052
|move|p1a: Ninetales|Icy Wind|p2a: Dondozo|[spread] p2a
|-miss|p1a: Ninetales|p2b: Tatsugiri
|-resisted|p2a: Dondozo
|-damage|p2a: Dondozo|58/100 frz
|-unboost|p2a: Dondozo|spe|1
|move|p1b: Arcanine|Rock Slide|p2b: Tatsugiri|[spread] p2a
|-miss|p1b: Arcanine|p2b: Tatsugiri
|-crit|p2a: Dondozo
|-damage|p2a: Dondozo|34/100 frz
|cant|p2a: Dondozo|frz
|
|-heal|p2a: Dondozo|40/100 frz|[from] item: Leftovers
|upkeep
|turn|7
|
|t:|1756634065
|-curestatus|p2a: Dondozo|frz|[msg]
|move|p2a: Dondozo|Protect|p2a: Dondozo
|-singleturn|p2a: Dondozo|Protect
|move|p1a: Ninetales|Icy Wind|p2b: Tatsugiri|[spread] 
|-miss|p1a: Ninetales|p2b: Tatsugiri
|-activate|p2a: Dondozo|move: Protect
|move|p1b: Arcanine|Rock Slide|p2b: Tatsugiri|[spread] 
|-miss|p1b: Arcanine|p2b: Tatsugiri
|-activate|p2a: Dondozo|move: Protect
|
|-heal|p2a: Dondozo|47/100|[from] item: Leftovers
|upkeep
|turn|8
|
|t:|1756634074
|move|p1a: Ninetales|Encore|p2a: Dondozo
|-start|p2a: Dondozo|Encore
|move|p1b: Arcanine|Rock Slide|p2b: Tatsugiri|[spread] p2a
|-miss|p1b: Arcanine|p2b: Tatsugiri
|-damage|p2a: Dondozo|39/100
|move|p2a: Dondozo|Protect||[still]
|-fail|p2a: Dondozo
|
|-heal|p2a: Dondozo|46/100|[from] item: Leftovers
|upkeep
|turn|9
|
|t:|1756634083
|move|p2a: Dondozo|Protect|p2a: Dondozo
|-singleturn|p2a: Dondozo|Protect
|move|p1a: Ninetales|Blizzard|p2a: Dondozo|[spread] 
|-miss|p1a: Ninetales|p2b: Tatsugiri
|-activate|p2a: Dondozo|move: Protect
|move|p1b: Arcanine|Rock Slide|p2a: Dondozo|[spread] 
|-miss|p1b: Arcanine|p2b: Tatsugiri
|-activate|p2a: Dondozo|move: Protect
|
|-heal|p2a: Dondozo|52/100|[from] item: Leftovers
|upkeep
|turn|10
|
|t:|1756634089
|move|p2a: Dondozo|Protect|p2a: Dondozo
|-singleturn|p2a: Dondozo|Protect
|move|p1a: Ninetales|Blizzard|p2a: Dondozo|[spread] 
|-miss|p1a: Ninetales|p2b: Tatsugiri
|-activate|p2a: Dondozo|move: Protect
|move|p1b: Arcanine|Rock Slide|p2a: Dondozo|[spread] 
|-miss|p1b: Arcanine|p2b: Tatsugiri
|-activate|p2a: Dondozo|move: Protect
|
|-heal|p2a: Dondozo|58/100|[from] item: Leftovers
|-end|p2a: Dondozo|Encore
|upkeep
|turn|11
|-message|certified urgl forfeited.
|
|win|Woopah96
