|j|☆NyulaDraws
|j|☆Passevgc
|html|NyulaDrawsPassevgc    
|uhtml|bestof|Game 3 of a best-of-3
|t:|1783439759
|gametype|doubles
|player|p1|NyulaDraws|backpacker|1129
|player|p2|Passevgc|1|1148
|gen|9
|tier|[Gen 9 Champions] VGC 2026 Reg M-B (Bo3)
|rated|
|rule|Species Clause: Limit one of each Pokémon
|rule|Item Clause: Limit 1 of each item
|clearpoke
|poke|p1|Blastoise, L50, F|
|poke|p1|Delphox, L50, F, shiny|
|poke|p1|Incineroar, L50, M|
|poke|p1|Sneasler, L50, F|
|poke|p1|Sinistcha, L50|
|poke|p1|Maushold-Four, L50|
|poke|p2|Hydreigon, L50, F|
|poke|p2|Incineroar, L50, M|
|poke|p2|Charizard, L50, M|
|poke|p2|Metagross, L50|
|poke|p2|Aerodactyl, L50, F|
|poke|p2|Sinistcha, L50|
|teampreview|4
|showteam|p1|Blastoise||Blastoisinite|RainDish|WaterSpout,DarkPulse,ShellSmash,Protect|Modest||F|||50|]Delphox||Delphoxite|Blaze|HeatWave,Psyshock,NastyPlot,Protect|Timid||F|||50|]Incineroar||SitrusBerry|Intimidate|FakeOut,FlareBlitz,ThroatChop,PartingShot|Impish||M|||50|]Sneasler||FocusSash|PoisonTouch|FakeOut,CloseCombat,DireClaw,QuickGuard|Jolly||F|||50|]Sinistcha||KasibBerry|Hospitality|MatchaGotcha,LifeDew,RagePowder,Protect|Bold|||||50|]Maushold-Four||ChopleBerry|FriendGuard|SuperFang,Feint,FollowMe,SunnyDay|Impish|||||50|
|showteam|p2|Hydreigon||ChoiceScarf|Levitate|DracoMeteor,DarkPulse,FlashCannon,Snarl|Modest||F|||50|]Incineroar||ChopleBerry|Intimidate|FlareBlitz,DarkestLariat,PartingShot,FakeOut|Careful||M|||50|]Charizard||CharizarditeY|Blaze|HeatWave,AncientPower,WeatherBall,Protect|Modest||M|||50|]Metagross||Metagrossite|ClearBody|PsychicFangs,IronHead,BodyPress,Protect|Adamant|||||50|]Aerodactyl||FocusSash|Unnerve|RockSlide,WideGuard,Tailwind,Protect|Jolly||F|||50|]Sinistcha||SitrusBerry|Hospitality|Protect,LifeDew,RagePowder,MatchaGotcha|Calm|||||50|
|inactive|Battle timer is ON: inactive players will automatically lose when time's up. (requested by Passevgc)
|
|t:|1783439787
|teamsize|p1|4
|teamsize|p2|4
|start
|switch|p1a: Sneasler|Sneasler, L50, F|100/100
|switch|p1b: Blastoise|Blastoise, L50, F|100/100
|switch|p2a: Hydreigon|Hydreigon, L50, F|100/100
|switch|p2b: Charizard|Charizard, L50, M|100/100
|turn|1
|
|t:|1783439809
|switch|p2a: Incineroar|Incineroar, L50, M|100/100
|-ability|p2a: Incineroar|Intimidate|boost
|-unboost|p1a: Sneasler|atk|1
|-unboost|p1b: Blastoise|atk|1
|detailschange|p2b: Charizard|Charizard-Mega-Y, L50, M
|-mega|p2b: Charizard|Charizard|Charizardite Y
|-weather|SunnyDay|[from] ability: Drought|[of] p2b: Charizard
|detailschange|p1b: Blastoise|Blastoise-Mega, L50, F
|-mega|p1b: Blastoise|Blastoise|Blastoisinite
|move|p1a: Sneasler|Fake Out|p2a: Incineroar
|-damage|p2a: Incineroar|92/100
|move|p2b: Charizard|Heat Wave|p1b: Blastoise|[spread] p1a,p1b
|-resisted|p1b: Blastoise|1
|-damage|p1a: Sneasler|10/100
|-damage|p1b: Blastoise|66/100
|move|p1b: Blastoise|Shell Smash|p1b: Blastoise
|-unboost|p1b: Blastoise|def|1
|-unboost|p1b: Blastoise|spd|1
|-boost|p1b: Blastoise|atk|2
|-boost|p1b: Blastoise|spa|2
|-boost|p1b: Blastoise|spe|2
|
|-weather|SunnyDay|[upkeep]
|upkeep
|turn|2
|inactive|Passevgc has 30 seconds left.
|
|t:|1783439836
|switch|p1a: Sinistcha|Sinistcha, L50|100/100
|-heal|p1b: Blastoise|91/100|[from] ability: Hospitality|[of] p1a: Sinistcha
|move|p1b: Blastoise|Protect|p1b: Blastoise
|-singleturn|p1b: Blastoise|Protect
|move|p2a: Incineroar|Fake Out|p1a: Sinistcha
|-immune|p1a: Sinistcha
|move|p2b: Charizard|Weather Ball|p1b: Blastoise
|-activate|p1b: Blastoise|move: Protect
|
|-weather|SunnyDay|[upkeep]
|upkeep
|turn|3
|
|t:|1783439858
|move|p1b: Blastoise|Water Spout|p2b: Charizard|[spread] p2a,p2b
|-supereffective|p2a: Incineroar|1
|-supereffective|p2b: Charizard|1
|-damage|p2a: Incineroar|0 fnt
|-damage|p2b: Charizard|0 fnt
|faint|p2a: Incineroar
|faint|p2b: Charizard
|move|p1a: Sinistcha|Life Dew||[still]|[spread] p1a,p1b
|-fail|p1a: Sinistcha|heal
|-heal|p1b: Blastoise|100/100
|
|-weather|SunnyDay|[upkeep]
|upkeep
|
|t:|1783439869
|switch|p2b: Sinistcha|Sinistcha, L50|100/100
|switch|p2a: Hydreigon|Hydreigon, L50, F|100/100
|turn|4
|inactive|Passevgc has 30 seconds left.
|
|t:|1783439896
|move|p2b: Sinistcha|Protect|p2b: Sinistcha
|-singleturn|p2b: Sinistcha|Protect
|move|p1b: Blastoise|Dark Pulse|p2b: Sinistcha
|-activate|p2b: Sinistcha|move: Protect
|move|p2a: Hydreigon|Snarl|p1b: Blastoise|[spread] p1a,p1b
|-supereffective|p1a: Sinistcha|1
|-damage|p1a: Sinistcha|56/100
|-damage|p1b: Blastoise|66/100
|-unboost|p1a: Sinistcha|spa|1
|-unboost|p1b: Blastoise|spa|1
|move|p1a: Sinistcha|Matcha Gotcha|p2b: Sinistcha|[spread] p2a
|-activate|p2b: Sinistcha|move: Protect
|-resisted|p2a: Hydreigon|1
|-damage|p2a: Hydreigon|90/100
|-heal|p1a: Sinistcha|60/100|[from] drain|[of] p2a: Hydreigon
|-status|p2a: Hydreigon|brn
|
|-weather|SunnyDay|[upkeep]
|-damage|p2a: Hydreigon|84/100 brn|[from] brn
|upkeep
|turn|5
|inactive|NyulaDraws has 30 seconds left.
|
|t:|1783439929
|move|p1b: Blastoise|Dark Pulse|p2b: Sinistcha
|-supereffective|p2b: Sinistcha|1
|-damage|p2b: Sinistcha|0 fnt
|faint|p2b: Sinistcha
|move|p2a: Hydreigon|Snarl|p1a: Sinistcha|[spread] p1a,p1b
|-supereffective|p1a: Sinistcha|1
|-damage|p1a: Sinistcha|16/100
|-damage|p1b: Blastoise|33/100
|-unboost|p1a: Sinistcha|spa|1
|-unboost|p1b: Blastoise|spa|1
|move|p1a: Sinistcha|Life Dew|p1a: Sinistcha|[spread] p1a,p1b
|-heal|p1a: Sinistcha|42/100
|-heal|p1b: Blastoise|58/100
|
|-weather|none
|-damage|p2a: Hydreigon|78/100 brn|[from] brn
|upkeep
|turn|6
|
|t:|1783439947
|move|p1b: Blastoise|Protect|p1b: Blastoise
|-singleturn|p1b: Blastoise|Protect
|move|p2a: Hydreigon|Snarl|p1a: Sinistcha|[spread] p1a
|-activate|p1b: Blastoise|move: Protect
|-supereffective|p1a: Sinistcha|1
|-damage|p1a: Sinistcha|0 fnt
|faint|p1a: Sinistcha
|
|-damage|p2a: Hydreigon|72/100 brn|[from] brn
|upkeep
|
|t:|1783439959
|switch|p1a: Sneasler|Sneasler, L50, F|10/100
|turn|7
|
|t:|1783439964
|move|p1a: Sneasler|Fake Out|p2a: Hydreigon
|-damage|p2a: Hydreigon|56/100 brn
|move|p1b: Blastoise|Dark Pulse|p2a: Hydreigon
|-resisted|p2a: Hydreigon|1
|-damage|p2a: Hydreigon|30/100 brn
|cant|p2a: Hydreigon|flinch
|
|-damage|p2a: Hydreigon|24/100 brn|[from] brn
|upkeep
|turn|8
|
|t:|1783439975
|switch|p1a: Incineroar|Incineroar, L50, M|100/100
|-ability|p1a: Incineroar|Intimidate|boost
|-unboost|p2a: Hydreigon|atk|1
|move|p1b: Blastoise|Protect|p1b: Blastoise
|-singleturn|p1b: Blastoise|Protect
|move|p2a: Hydreigon|Snarl|p1b: Blastoise|[spread] p1a
|-activate|p1b: Blastoise|move: Protect
|-resisted|p1a: Incineroar|1
|-damage|p1a: Incineroar|90/100
|-unboost|p1a: Incineroar|spa|1
|
|-damage|p2a: Hydreigon|18/100 brn|[from] brn
|upkeep
|turn|9
|-message|Passevgc forfeited.
|
|win|NyulaDraws
|raw|NyulaDraws's rating: 1129 → 1155(+26 for winning)
|raw|Passevgc's rating: 1148 → 1122(-26 for losing)
|c|☆NyulaDraws|ggs
|c|☆Passevgc|ggs
|l|☆Passevgc
|player|p2|
