|j|☆ThatSteelOwl
|j|☆IngeVGC
|html|ThatSteelOwlIngeVGC    
|uhtml|bestof|Game 2 of a best-of-3
|t:|1784049343
|gametype|doubles
|player|p1|ThatSteelOwl|depotagent|1055
|player|p2|IngeVGC|fisherman-gen4|1133
|gen|9
|tier|[Gen 9 Champions] VGC 2026 Reg M-B (Bo3)
|rated|
|rule|Species Clause: Limit one of each Pokémon
|rule|Item Clause: Limit 1 of each item
|clearpoke
|poke|p1|Blaziken, L50, F|
|poke|p1|Sneasler, L50, F|
|poke|p1|Tsareena, L50, F|
|poke|p1|Basculegion-F, L50, F|
|poke|p1|Chandelure, L50, F|
|poke|p1|Scizor, L50, F|
|poke|p2|Aerodactyl, L50, M|
|poke|p2|Kingambit, L50, M, shiny|
|poke|p2|Farigiraf, L50, F, shiny|
|poke|p2|Charizard, L50, M, shiny|
|poke|p2|Sylveon, L50, M, shiny|
|poke|p2|Garchomp, L50, M, shiny|
|teampreview|4
|showteam|p1|Blaziken||Blazikenite|SpeedBoost|RockSlide,FlareBlitz,CloseCombat,Detect|Adamant||F|||50|]Sneasler||WhiteHerb|Unburden|FakeOut,CloseCombat,DireClaw,Protect|Adamant||F|||50|]Tsareena||Leftovers|QueenlyMajesty|Taunt,TropKick,HelpingHand,Protect|Adamant||F|||50|]Basculegion-F||ChoiceScarf|Adaptability|MuddyWater,HydroPump,ShadowBall,IceBeam|Timid||F|||50|]Chandelure||FocusSash|FlashFire|EnergyBall,ShadowBall,BurningJealousy,Protect|Modest||F|||50|]Scizor||Scizorite|Technician|BulletPunch,BrickBreak,BugBite,Protect|Adamant||F|||50|
|showteam|p2|Aerodactyl||Aerodactylite|Unnerve|IceFang,DualWingbeat,RockSlide,Tailwind|Jolly||M|||50|]Kingambit||FocusSash|Defiant|KowtowCleave,IronHead,SuckerPunch,LowKick|Adamant||M|||50|]Farigiraf||SitrusBerry|ArmorTail|TrickRoom,Psychic,Thunderbolt,Roar|Bold||F|||50|]Charizard||CharizarditeY|SolarPower|HeatWave,WeatherBall,SolarBeam,Protect|Modest||M|||50|]Sylveon||FairyFeather|Pixilate|Detect,HyperVoice,HyperBeam,QuickAttack|Modest||M|||50|]Garchomp||LifeOrb|RoughSkin|Protect,DragonClaw,Earthquake,StompingTantrum|Jolly||M|||50|
|
|t:|1784049380
|teamsize|p1|4
|teamsize|p2|4
|start
|switch|p1a: Basculegion|Basculegion-F, L50, F|100/100
|switch|p1b: Scizor|Scizor, L50, F|100/100
|switch|p2a: Aerodactyl|Aerodactyl, L50, M|100/100
|switch|p2b: Garchomp|Garchomp, L50, M, shiny|100/100
|-ability|p2a: Aerodactyl|Unnerve
|turn|1
|
|t:|1784049398
|detailschange|p2a: Aerodactyl|Aerodactyl-Mega, L50, M
|-mega|p2a: Aerodactyl|Aerodactyl|Aerodactylite
|move|p2a: Aerodactyl|Rock Slide|p1a: Basculegion|[spread] p1a,p1b
|-damage|p1a: Basculegion|65/100
|-damage|p1b: Scizor|72/100
|move|p1a: Basculegion|Ice Beam|p2b: Garchomp
|-supereffective|p2b: Garchomp|2
|-damage|p2b: Garchomp|0 fnt
|faint|p2b: Garchomp
|move|p1b: Scizor|Bug Bite|p2a: Aerodactyl
|-resisted|p2a: Aerodactyl|1
|-damage|p2a: Aerodactyl|69/100
|
|upkeep
|
|t:|1784049407
|switch|p2b: Kingambit|Kingambit, L50, M, shiny|100/100
|turn|2
|
|t:|1784049419
|switch|p1a: Sneasler|Sneasler, L50, F|100/100
|switch|p2b: Farigiraf|Farigiraf, L50, F, shiny|100/100
|move|p1b: Scizor|Bullet Punch||[still]
|cant|p2b: Farigiraf|ability: Armor Tail|Bullet Punch|[of] p1b: Scizor
|move|p2a: Aerodactyl|Dual Wingbeat|p1a: Sneasler
|-supereffective|p1a: Sneasler|1
|-damage|p1a: Sneasler|18/100
|-supereffective|p1a: Sneasler|1
|-damage|p1a: Sneasler|0 fnt
|faint|p1a: Sneasler
|-hitcount|p1: Sneasler|2
|
|upkeep
|
|t:|1784049425
|switch|p1a: Basculegion|Basculegion-F, L50, F|65/100
|turn|3
|
|t:|1784049432
|switch|p2b: Kingambit|Kingambit, L50, M, shiny|100/100
|move|p2a: Aerodactyl|Dual Wingbeat|p1a: Basculegion
|-damage|p1a: Basculegion|33/100
|-damage|p1a: Basculegion|0 fnt
|faint|p1a: Basculegion
|-hitcount|p1: Basculegion|2
|move|p1b: Scizor|Bug Bite|p2b: Kingambit
|-crit|p2b: Kingambit
|-damage|p2b: Kingambit|35/100
|
|upkeep
|
|t:|1784049439
|switch|p1a: Blaziken|Blaziken, L50, F|100/100
|turn|4
|
|t:|1784049450
|detailschange|p1a: Blaziken|Blaziken-Mega, L50, F
|-mega|p1a: Blaziken|Blaziken|Blazikenite
|move|p1a: Blaziken|Detect|p1a: Blaziken
|-singleturn|p1a: Blaziken|Protect
|move|p2b: Kingambit|Sucker Punch|p1b: Scizor
|-damage|p1b: Scizor|31/100
|move|p2a: Aerodactyl|Dual Wingbeat|p1b: Scizor
|-damage|p1b: Scizor|6/100
|-damage|p1b: Scizor|0 fnt
|faint|p1b: Scizor
|-hitcount|p1: Scizor|2
|
|-ability|p1a: Blaziken|Speed Boost|boost
|-boost|p1a: Blaziken|spe|1
|upkeep
|turn|5
|
|t:|1784049467
|move|p1a: Blaziken|Rock Slide|p2a: Aerodactyl|[spread] p2a,p2b
|-supereffective|p2a: Aerodactyl|1
|-resisted|p2b: Kingambit|1
|-damage|p2a: Aerodactyl|15/100
|-damage|p2b: Kingambit|23/100
|cant|p2a: Aerodactyl|flinch
|cant|p2b: Kingambit|flinch
|
|-ability|p1a: Blaziken|Speed Boost|boost
|-boost|p1a: Blaziken|spe|1
|upkeep
|turn|6
|
|t:|1784049481
|move|p1a: Blaziken|Rock Slide|p2b: Kingambit|[spread] p2a,p2b
|-supereffective|p2a: Aerodactyl|1
|-resisted|p2b: Kingambit|1
|-damage|p2a: Aerodactyl|0 fnt
|-damage|p2b: Kingambit|14/100
|faint|p2a: Aerodactyl
|move|p2b: Kingambit|Low Kick|p1a: Blaziken
|-damage|p1a: Blaziken|54/100
|
|-ability|p1a: Blaziken|Speed Boost|boost
|-boost|p1a: Blaziken|spe|1
|upkeep
|
|t:|1784049484
|switch|p2a: Farigiraf|Farigiraf, L50, F, shiny|100/100
|turn|7
|
|t:|1784049493
|move|p2b: Kingambit|Sucker Punch|p1a: Blaziken
|-resisted|p1a: Blaziken|1
|-damage|p1a: Blaziken|26/100
|move|p1a: Blaziken|Rock Slide|p2a: Farigiraf|[spread] p2a,p2b
|-resisted|p2b: Kingambit|1
|-damage|p2a: Farigiraf|79/100
|-damage|p2b: Kingambit|2/100
|move|p2a: Farigiraf|Trick Room|p2a: Farigiraf
|-fieldstart|move: Trick Room|[of] p2a: Farigiraf
|
|-ability|p1a: Blaziken|Speed Boost|boost
|-boost|p1a: Blaziken|spe|1
|upkeep
|turn|8
|-message|ThatSteelOwl forfeited.
|
|win|IngeVGC
|raw|ThatSteelOwl's rating: 1055 → 1041(-14 for losing)
|raw|IngeVGC's rating: 1133 → 1152(+19 for winning)
|l|☆ThatSteelOwl
|player|p1|
