|j|☆x-demon18
|j|☆Mauricio0609!
|html|x-demon18Mauricio0609!    
|uhtml|bestof|Game 2 of a best-of-3
|t:|1785170369
|gametype|doubles
|player|p1|x-demon18|pokefan-gen4|1109
|player|p2|Mauricio0609!|1|1071
|gen|9
|tier|[Gen 9 Champions] VGC 2026 Reg M-B (Bo3)
|rated|
|rule|Species Clause: Limit one of each Pokémon
|rule|Item Clause: Limit 1 of each item
|clearpoke
|poke|p1|Incineroar, L50, F|
|poke|p1|Rotom-Wash, L50|
|poke|p1|Venusaur, L50, M|
|poke|p1|Corviknight, L50, M|
|poke|p1|Sylveon, L50, F|
|poke|p1|Garchomp, L50, M|
|poke|p2|Kingambit, L50, M|
|poke|p2|Aerodactyl, L50, M|
|poke|p2|Sylveon, L50, F|
|poke|p2|Garchomp, L50, M|
|poke|p2|Charizard, L50, F|
|poke|p2|Incineroar, L50, F|
|teampreview|4
|showteam|p1|Incineroar||ExpertBelt|Intimidate|FakeOut,TemperFlare,ThroatChop,PartingShot|Adamant||F|||50|]Rotom-Wash||RindoBerry|Levitate|HydroPump,Electroweb,WillOWisp,VoltSwitch|Modest|||||50|]Venusaur||Venusaurite|Chlorophyll|GigaDrain,SludgeBomb,EarthPower,Protect|Modest||M|||50|]Corviknight||OccaBerry|MirrorArmor|Tailwind,DualWingbeat,IronHead,BodyPress|Adamant||M|||50|]Sylveon||FairyFeather|Pixilate|HyperVoice,QuickAttack,Yawn,Detect|Modest||F|||50|]Garchomp||LifeOrb|RoughSkin|RockSlide,DragonClaw,StompingTantrum,Protect|Jolly||M|||50|
|showteam|p2|Kingambit||FocusSash|Defiant|KowtowCleave,IronHead,Protect,SuckerPunch|Adamant||M|||50|]Aerodactyl||Aerodactylite|Unnerve|RockSlide,IceFang,WideGuard,Tailwind|Jolly||M|||50|]Sylveon||FairyFeather|Pixilate|HyperVoice,HyperBeam,Detect,QuickAttack|Modest||F|||50|]Garchomp||LifeOrb|RoughSkin|Earthquake,StompingTantrum,Protect,DragonClaw|Jolly||M|||50|]Charizard||CharizarditeY|Blaze|HeatWave,WeatherBall,Protect,SolarBeam|Modest||F|||50|]Incineroar||SitrusBerry|Intimidate|FakeOut,PartingShot,ThroatChop,FlareBlitz|Serious||F|||50|
|j| UI Rain
|l|☆x-demon18
|player|p1|
|l| UI Rain
|inactive|Battle timer is ON: inactive players will automatically lose when time's up. (requested by Mauricio0609!)
|inactive|x-demon18 has 30 seconds to reconnect!
|j|☆x-demon18
|inactive|x-demon18 reconnected and has 55 seconds left.
|player|p1|x-demon18|pokefan-gen4|
|
|t:|1785170488
|teamsize|p1|4
|teamsize|p2|4
|start
|switch|p1a: Griffith|Corviknight, L50, M|100/100
|switch|p1b: HydroVolt|Rotom-Wash, L50|100/100
|switch|p2a: Aerodactyl|Aerodactyl, L50, M|100/100
|switch|p2b: Kingambit|Kingambit, L50, M|100/100
|-ability|p2a: Aerodactyl|Unnerve
|turn|1
|inactive|Mauricio0609! has 30 seconds left.
|inactive|Mauricio0609! has 20 seconds left.
|
|t:|1785170525
|move|p2a: Aerodactyl|Rock Slide|p1a: Griffith|[spread] p1a,p1b
|-damage|p1a: Griffith|80/100
|-damage|p1b: HydroVolt|78/100
|move|p1b: HydroVolt|Will-O-Wisp|p2b: Kingambit
|-status|p2b: Kingambit|brn
|move|p2b: Kingambit|Iron Head|p1b: HydroVolt
|-resisted|p1b: HydroVolt|2
|-damage|p1b: HydroVolt|73/100
|cant|p1a: Griffith|flinch
|
|-damage|p2b: Kingambit|94/100 brn|[from] brn
|upkeep
|turn|2
|
|t:|1785170548
|move|p2a: Aerodactyl|Rock Slide|p1b: HydroVolt|[spread] p1a,p1b
|-damage|p1a: Griffith|63/100
|-damage|p1b: HydroVolt|52/100
|move|p1b: HydroVolt|Will-O-Wisp|p2a: Aerodactyl
|-status|p2a: Aerodactyl|brn
|move|p2b: Kingambit|Kowtow Cleave|p1b: HydroVolt
|-damage|p1b: HydroVolt|27/100
|move|p1a: Griffith|Tailwind|p1a: Griffith
|-sidestart|p1: x-demon18|move: Tailwind
|
|-damage|p2a: Aerodactyl|93/100 brn|[from] brn
|-damage|p2b: Kingambit|88/100 brn|[from] brn
|upkeep
|turn|3
|
|t:|1785170569
|move|p1b: HydroVolt|Volt Switch|p2a: Aerodactyl
|-supereffective|p2a: Aerodactyl|1
|-damage|p2a: Aerodactyl|17/100 brn
|
|t:|1785170574
|switch|p1b: Berserk|Garchomp, L50, M|100/100|[from] Volt Switch
|move|p2a: Aerodactyl|Rock Slide|p1a: Griffith|[spread] p1a,p1b
|-resisted|p1b: Berserk|1
|-damage|p1a: Griffith|54/100
|-damage|p1b: Berserk|94/100
|move|p1a: Griffith|Iron Head|p2a: Aerodactyl
|-supereffective|p2a: Aerodactyl|1
|-damage|p2a: Aerodactyl|0 fnt
|faint|p2a: Aerodactyl
|move|p2b: Kingambit|Kowtow Cleave|p1b: Berserk
|-damage|p1b: Berserk|72/100
|-damage|p2b: Kingambit|76/100 brn|[from] ability: Rough Skin|[of] p1b: Berserk
|
|-damage|p2b: Kingambit|70/100 brn|[from] brn
|upkeep
|
|t:|1785170593
|switch|p2a: Sylveon|Sylveon, L50, F|100/100
|turn|4
|
|t:|1785170602
|move|p1b: Berserk|Protect|p1b: Berserk
|-singleturn|p1b: Berserk|Protect
|move|p2b: Kingambit|Sucker Punch|p1a: Griffith
|-damage|p1a: Griffith|38/100
|move|p1a: Griffith|Iron Head|p2a: Sylveon
|-supereffective|p2a: Sylveon|1
|-damage|p2a: Sylveon|28/100
|move|p2a: Sylveon|Hyper Voice|p1a: Griffith|[spread] p1a
|-activate|p1b: Berserk|move: Protect
|-resisted|p1a: Griffith|1
|-damage|p1a: Griffith|19/100
|
|-damage|p2b: Kingambit|64/100 brn|[from] brn
|upkeep
|turn|5
|
|t:|1785170624
|move|p2a: Sylveon|Detect|p2a: Sylveon
|-singleturn|p2a: Sylveon|Protect
|move|p2b: Kingambit|Sucker Punch|p1a: Griffith
|-damage|p1a: Griffith|1/100
|move|p1b: Berserk|Stomping Tantrum|p2b: Kingambit
|-supereffective|p2b: Kingambit|1
|-damage|p2b: Kingambit|0 fnt
|faint|p2b: Kingambit
|-damage|p1b: Berserk|62/100|[from] item: Life Orb
|move|p1a: Griffith|Iron Head|p2a: Sylveon
|-activate|p2a: Sylveon|move: Protect
|
|-sideend|p1: x-demon18|move: Tailwind
|upkeep
|
|t:|1785170640
|switch|p2b: Charizard|Charizard, L50, F|100/100
|turn|6
|
|t:|1785170653
|detailschange|p2b: Charizard|Charizard-Mega-Y, L50, F
|-mega|p2b: Charizard|Charizard|Charizardite Y
|-weather|SunnyDay|[from] ability: Drought|[of] p2b: Charizard
|move|p1b: Berserk|Rock Slide|p2b: Charizard|[spread] p2a,p2b
|-supereffective|p2b: Charizard|2
|-damage|p2a: Sylveon|0 fnt
|-damage|p2b: Charizard|0 fnt
|faint|p2a: Sylveon
|faint|p2b: Charizard
|-damage|p1b: Berserk|53/100|[from] item: Life Orb
|
|win|x-demon18
|raw|x-demon18's rating: 1109 → 1131(+22 for winning)
|raw|Mauricio0609!'s rating: 1071 → 1053(-18 for losing)
