|j|☆ivanmrtnnez
|j|☆kimaxvgc
|html|ivanmrtnnezkimaxvgc    
|uhtml|bestof|Game 1 of a best-of-3
|t:|1784025021
|gametype|doubles
|player|p1|ivanmrtnnez|alder|1149
|player|p2|kimaxvgc|169|1254
|gen|9
|tier|[Gen 9 Champions] VGC 2026 Reg M-B (Bo3)
|rated|
|rule|Species Clause: Limit one of each Pokémon
|rule|Item Clause: Limit 1 of each item
|clearpoke
|poke|p1|Charizard, L50, F|
|poke|p1|Aerodactyl, L50, F|
|poke|p1|Farigiraf, L50, M|
|poke|p1|Kingambit, L50, M|
|poke|p1|Garchomp, L50, M|
|poke|p1|Sylveon, L50, F|
|poke|p2|Blaziken, L50, F|
|poke|p2|Kingambit, L50, F|
|poke|p2|Ninetales-Alola, L50, M, shiny|
|poke|p2|Incineroar, L50, M|
|poke|p2|Aerodactyl, L50, M|
|poke|p2|Sylveon, L50, F, shiny|
|teampreview|4
|showteam|p1|Charizard||CharizarditeY|Blaze|WeatherBall,HeatWave,SolarBeam,Protect|Modest||F|||50|]Aerodactyl||Aerodactylite|Pressure|RockSlide,DualWingbeat,Tailwind,Protect|Jolly||F|||50|]Farigiraf||SitrusBerry|ArmorTail|TrickRoom,TwinBeam,Thunderbolt,Roar|Bold||M|||50|]Kingambit||FocusSash|Defiant|SuckerPunch,KowtowCleave,IronHead,LowKick|Adamant||M|||50|]Garchomp||LifeOrb|RoughSkin|DragonClaw,Earthquake,StompingTantrum,Protect|Jolly||M|||50|]Sylveon||FairyFeather|Pixilate|Detect,HyperVoice,QuickAttack,HyperBeam|Modest||F|||50|
|showteam|p2|Blaziken||Blazikenite|SpeedBoost|FlareBlitz,CloseCombat,RockSlide,Detect|Adamant||F|||50|]Kingambit||BlackGlasses|Defiant|KowtowCleave,IronHead,SuckerPunch,Protect|Adamant||F|||50|]Ninetales-Alola||ChoiceScarf|SnowWarning|Blizzard,DazzlingGleam,FreezeDry,IcyWind|Timid||M|||50|]Incineroar||SitrusBerry|Intimidate|FakeOut,ThroatChop,FlareBlitz,PartingShot|Impish||M|||50|]Aerodactyl||FocusSash|Unnerve|RockSlide,DualWingbeat,WideGuard,Tailwind|Jolly||M|||50|]Sylveon||FairyFeather|Pixilate|Detect,HyperVoice,HyperBeam,QuickAttack|Modest||F|||50|
|
|t:|1784025080
|teamsize|p1|4
|teamsize|p2|4
|start
|switch|p1a: Aerodactyl|Aerodactyl, L50, F|100/100
|switch|p1b: Kingambit|Kingambit, L50, M|100/100
|switch|p2a: Aerodactyl|Aerodactyl, L50, M|100/100
|switch|p2b: Sylveon|Sylveon, L50, F, shiny|100/100
|-ability|p2a: Aerodactyl|Unnerve
|-ability|p1a: Aerodactyl|Pressure
|turn|1
|
|t:|1784025114
|detailschange|p1a: Aerodactyl|Aerodactyl-Mega, L50, F
|-mega|p1a: Aerodactyl|Aerodactyl|Aerodactylite
|move|p1a: Aerodactyl|Tailwind|p1a: Aerodactyl
|-sidestart|p1: ivanmrtnnez|move: Tailwind
|move|p1b: Kingambit|Iron Head|p2a: Aerodactyl
|-supereffective|p2a: Aerodactyl|1
|-enditem|p2a: Aerodactyl|Focus Sash
|-damage|p2a: Aerodactyl|1/100
|cant|p2a: Aerodactyl|flinch
|move|p2b: Sylveon|Hyper Voice|p1b: Kingambit|[spread] p1a,p1b
|-damage|p1a: Aerodactyl|46/100
|-damage|p1b: Kingambit|49/100
|
|upkeep
|turn|2
|inactive|Battle timer is ON: inactive players will automatically lose when time's up. (requested by ivanmrtnnez)
|
|t:|1784025155
|switch|p2b: Blaziken|Blaziken, L50, F|100/100
|move|p2a: Aerodactyl|Wide Guard|p2a: Aerodactyl
|-singleturn|p2a: Aerodactyl|Wide Guard
|move|p1a: Aerodactyl|Rock Slide|p2b: Blaziken|[spread] 
|-activate|p2a: Aerodactyl|move: Wide Guard
|-activate|p2b: Blaziken|move: Wide Guard
|move|p1b: Kingambit|Iron Head|p2b: Blaziken
|-resisted|p2b: Blaziken|1
|-damage|p2b: Blaziken|62/100
|
|upkeep
|turn|3
|inactive|ivanmrtnnez has 30 seconds left.
|inactive|ivanmrtnnez has 20 seconds left.
|inactive|ivanmrtnnez has 15 seconds left.
|inactive|ivanmrtnnez has 10 seconds left.
|inactive|ivanmrtnnez has 5 seconds left.
|
|t:|1784025205
|switch|p2a: Kingambit|Kingambit, L50, F|100/100
|move|p2b: Blaziken|Detect|p2b: Blaziken
|-singleturn|p2b: Blaziken|Protect
|move|p1a: Aerodactyl|Rock Slide|p2a: Kingambit|[spread] p2a
|-activate|p2b: Blaziken|move: Protect
|-resisted|p2a: Kingambit|1
|-damage|p2a: Kingambit|90/100
|move|p1b: Kingambit|Iron Head|p2a: Kingambit
|-resisted|p2a: Kingambit|1
|-damage|p2a: Kingambit|71/100
|
|-ability|p2b: Blaziken|Speed Boost|boost
|-boost|p2b: Blaziken|spe|1
|upkeep
|turn|4
|inactive|ivanmrtnnez has 30 seconds left.
|
|t:|1784025232
|detailschange|p2b: Blaziken|Blaziken-Mega, L50, F
|-mega|p2b: Blaziken|Blaziken|Blazikenite
|move|p2a: Kingambit|Sucker Punch|p1a: Aerodactyl
|-damage|p1a: Aerodactyl|0 fnt
|faint|p1a: Aerodactyl
|move|p2b: Blaziken|Close Combat|p1b: Kingambit
|-supereffective|p1b: Kingambit|2
|-damage|p1b: Kingambit|0 fnt
|-unboost|p2b: Blaziken|def|1
|-unboost|p2b: Blaziken|spd|1
|faint|p1b: Kingambit
|
|-sideend|p1: ivanmrtnnez|move: Tailwind
|-ability|p2b: Blaziken|Speed Boost|boost
|-boost|p2b: Blaziken|spe|1
|upkeep
|
|t:|1784025242
|switch|p1a: Garchomp|Garchomp, L50, M|100/100
|switch|p1b: Sylveon|Sylveon, L50, F|100/100
|turn|5
|inactive|kimaxvgc has 30 seconds left.
|
|t:|1784025276
|move|p2a: Kingambit|Sucker Punch|p1a: Garchomp
|-damage|p1a: Garchomp|55/100
|-damage|p2a: Kingambit|59/100|[from] ability: Rough Skin|[of] p1a: Garchomp
|move|p2b: Blaziken|Close Combat|p1a: Garchomp
|-damage|p1a: Garchomp|0 fnt
|-unboost|p2b: Blaziken|def|1
|-unboost|p2b: Blaziken|spd|1
|-damage|p2b: Blaziken|50/100g|[from] ability: Rough Skin|[of] p1a: Garchomp
|faint|p1a: Garchomp
|move|p1b: Sylveon|Hyper Voice|p2b: Blaziken|[spread] p2a,p2b
|-damage|p2a: Kingambit|8/100
|-damage|p2b: Blaziken|0 fnt
|faint|p2b: Blaziken
|
|upkeep
|
|t:|1784025288
|switch|p2b: Aerodactyl|Aerodactyl, L50, M|1/100
|-ability|p2b: Aerodactyl|Unnerve
|turn|6
|
|t:|1784025305
|move|p1b: Sylveon|Quick Attack|p2a: Kingambit
|-damage|p2a: Kingambit|0 fnt
|faint|p2a: Kingambit
|move|p2b: Aerodactyl|Tailwind|p2b: Aerodactyl
|-sidestart|p2: kimaxvgc|move: Tailwind
|
|upkeep
|
|t:|1784025314
|switch|p2a: Sylveon|Sylveon, L50, F, shiny|100/100
|turn|7
|
|t:|1784025319
|move|p2b: Aerodactyl|Wide Guard|p2b: Aerodactyl
|-singleturn|p2b: Aerodactyl|Wide Guard
|move|p2a: Sylveon|Hyper Voice|p1b: Sylveon
|-damage|p1b: Sylveon|45/100
|move|p1b: Sylveon|Hyper Voice|p2a: Sylveon|[spread] 
|-activate|p2a: Sylveon|move: Wide Guard
|-activate|p2b: Aerodactyl|move: Wide Guard
|
|upkeep
|turn|8
|
|t:|1784025328
|move|p2b: Aerodactyl|Rock Slide|p1b: Sylveon
|-damage|p1b: Sylveon|10/100
|move|p2a: Sylveon|Hyper Voice|p1b: Sylveon
|-damage|p1b: Sylveon|0 fnt
|faint|p1b: Sylveon
|
|win|kimaxvgc
||ivanmrtnnez is ready for game 2.
||kimaxvgc is ready for game 2.
|uhtml|next|Next: Game 2 of 3
|l|☆ivanmrtnnez
|player|p1|
