|j|Ōśåsatandagiii2005
|j|Ōśåbzzzzzzddddz
|html|satandagiii2005bzzzzzzddddz    
|uhtml|bestof|Game 1 of a best-of-3
|t:|1783465540
|gametype|doubles
|player|p1|satandagiii2005|byron|1155
|player|p2|bzzzzzzddddz|102|1240
|gen|9
|tier|[Gen 9 Champions] VGC 2026 Reg M-B (Bo3)
|rated|
|rule|Species Clause: Limit one of each Pok├®mon
|rule|Item Clause: Limit 1 of each item
|clearpoke
|poke|p1|Venusaur, L50, F|
|poke|p1|Swampert, L50, F|
|poke|p1|Pelipper, L50, M|
|poke|p1|Archaludon, L50, F|
|poke|p1|Maushold, L50|
|poke|p1|Gholdengo, L50|
|poke|p2|Scovillain, L50, M|
|poke|p2|Toxapex, L50, F|
|poke|p2|Gholdengo, L50|
|poke|p2|Grimmsnarl, L50, M|
|poke|p2|Politoed, L50, F|
|poke|p2|Hydreigon, L50, F|
|teampreview|4
|showteam|p1|Venusaur||Venusaurite|Overgrow|SludgeBomb,EarthPower,GigaDrain,Protect|Modest||F|||50|]Swampert||Swampertite|Torrent|WaveCrash,Earthquake,IcePunch,Protect|Adamant||F|||50|]Pelipper||SitrusBerry|Drizzle|Hurricane,WeatherBall,Tailwind,WideGuard|Modest||M|||50|]Archaludon||Leftovers|Stamina|ElectroShot,DragonPulse,FlashCannon,Protect|Modest||F|||50|]Maushold||FocusSash|FriendGuard|FollowMe,SuperFang,RainDance,Protect|Jolly|||||50|]Gholdengo||LifeOrb|GoodasGold|MakeItRain,ShadowBall,PowerGem,Protect|Timid|||||50|
|showteam|p2|Scovillain||Scovillainite|Chlorophyll|Flamethrower,LeechSeed,RagePowder,Protect|Bold||M|||50|]Toxapex||Leftovers|Regenerator|Infestation,Toxic,WideGuard,BanefulBunker|Relaxed||F|||50|]Gholdengo||KasibBerry|GoodasGold|MakeItRain,ShadowBall,NastyPlot,Protect|Modest|||||50|]Grimmsnarl||LightClay|Prankster|SpiritBreak,Reflect,LightScreen,PartingShot|Careful||M|||50|]Politoed||SitrusBerry|Drizzle|WeatherBall,IceBeam,PerishSong,Protect|Modest||F|||50|]Hydreigon||ChoiceScarf|Levitate|DracoMeteor,DarkPulse,Snarl,Uturn|Modest||F|||50|
|inactive|Battle timer is ON: inactive players will automatically lose when time's up. (requested by bzzzzzzddddz)
|c|Ōśåbzzzzzzddddz|hi
|c|Ōśåbzzzzzzddddz|glhf
|c|Ōśåsatandagiii2005|hi
|c|Ōśåsatandagiii2005|gl
|inactive|satandagiii2005 has 60 seconds left.
|inactive|bzzzzzzddddz has 60 seconds left.
|inactive|satandagiii2005 has 30 seconds left.
|inactive|bzzzzzzddddz has 30 seconds left.
|
|t:|1783465609
|teamsize|p1|4
|teamsize|p2|4
|start
|switch|p1a: Pelipper|Pelipper, L50, M|100/100
|switch|p1b: Gholdengo|Gholdengo, L50|100/100
|switch|p2a: Grimmsnarl|Grimmsnarl, L50, M|100/100
|switch|p2b: Gholdengo|Gholdengo, L50|100/100
|-weather|RainDance|[from] ability: Drizzle|[of] p1a: Pelipper
|turn|1
|inactive|bzzzzzzddddz has 30 seconds left.
|
|t:|1783465641
|move|p1b: Gholdengo|Protect|p1b: Gholdengo
|-singleturn|p1b: Gholdengo|Protect
|move|p2a: Grimmsnarl|Light Screen|p2a: Grimmsnarl
|-sidestart|p2: bzzzzzzddddz|move: Light Screen
|move|p2b: Gholdengo|Shadow Ball|p1b: Gholdengo
|-activate|p1b: Gholdengo|move: Protect
|move|p1a: Pelipper|Tailwind|p1a: Pelipper
|-sidestart|p1: satandagiii2005|move: Tailwind
|
|-weather|RainDance|[upkeep]
|upkeep
|turn|2
|
|t:|1783465660
|switch|p1b: Maushold|Maushold, L50|100/100
|move|p2a: Grimmsnarl|Parting Shot|p1a: Pelipper
|-unboost|p1a: Pelipper|atk|1
|-unboost|p1a: Pelipper|spa|1
|
|t:|1783465668
|switch|p2a: Scovillain|Scovillain, L50, M|100/100|[from] Parting Shot
|move|p1a: Pelipper|Weather Ball|p2b: Gholdengo
|-damage|p2b: Gholdengo|75/100
|move|p2b: Gholdengo|Shadow Ball|p1b: Maushold
|-immune|p1b: Maushold
|
|-weather|RainDance|[upkeep]
|upkeep
|turn|3
|inactive|bzzzzzzddddz has 30 seconds left.
|
|t:|1783465699
|detailschange|p2a: Scovillain|Scovillain-Mega, L50, M
|-mega|p2a: Scovillain|Scovillain|Scovillainite
|move|p1b: Maushold|Super Fang|p2a: Scovillain
|-damage|p2a: Scovillain|50/100y
|-status|p1b: Maushold|brn|[from] ability: Spicy Spray|[of] p2a: Scovillain
|move|p1a: Pelipper|Hurricane|p2a: Scovillain
|-supereffective|p2a: Scovillain|1
|-crit|p2a: Scovillain
|-damage|p2a: Scovillain|0 fnt
|-status|p1a: Pelipper|brn|[from] ability: Spicy Spray|[of] p2a: Scovillain
|faint|p2a: Scovillain
|move|p2b: Gholdengo|Nasty Plot|p2b: Gholdengo
|-boost|p2b: Gholdengo|spa|2
|
|-weather|RainDance|[upkeep]
|-damage|p1b: Maushold|93/100 brn|[from] brn
|-damage|p1a: Pelipper|93/100 brn|[from] brn
|upkeep
|
|t:|1783465712
|switch|p2a: Toxapex|Toxapex, L50, F|100/100
|turn|4
|inactive|bzzzzzzddddz has 30 seconds left.
|inactive|bzzzzzzddddz has 20 seconds left.
|
|t:|1783465750
|switch|p1b: Gholdengo|Gholdengo, L50|100/100
|switch|p2a: Grimmsnarl|Grimmsnarl, L50, M|100/100
|move|p1a: Pelipper|Wide Guard|p1a: Pelipper
|-singleturn|p1a: Pelipper|Wide Guard
|move|p2b: Gholdengo|Shadow Ball|p1a: Pelipper
|-damage|p1a: Pelipper|0 fnt
|faint|p1a: Pelipper
|
|-weather|RainDance|[upkeep]
|-sideend|p1: satandagiii2005|move: Tailwind
|upkeep
|
|t:|1783465763
|switch|p1a: Swampert|Swampert, L50, F|100/100
|turn|5
|
|t:|1783465775
|detailschange|p1a: Swampert|Swampert-Mega, L50, F
|-mega|p1a: Swampert|Swampert|Swampertite
|move|p2b: Gholdengo|Protect|p2b: Gholdengo
|-singleturn|p2b: Gholdengo|Protect
|move|p2a: Grimmsnarl|Reflect|p2a: Grimmsnarl
|-sidestart|p2: bzzzzzzddddz|Reflect
|move|p1a: Swampert|Wave Crash|p2b: Gholdengo
|-activate|p2b: Gholdengo|move: Protect
|move|p1b: Gholdengo|Shadow Ball|p2b: Gholdengo
|-activate|p2b: Gholdengo|move: Protect
|
|-weather|none
|upkeep
|turn|6
|
|t:|1783465800
|move|p2a: Grimmsnarl|Parting Shot|p1a: Swampert
|-unboost|p1a: Swampert|atk|1
|-unboost|p1a: Swampert|spa|1
|
|t:|1783465802
|switch|p2a: Toxapex|Toxapex, L50, F|100/100|[from] Parting Shot
|move|p1b: Gholdengo|Shadow Ball|p2b: Gholdengo
|-supereffective|p2b: Gholdengo|1
|-enditem|p2b: Gholdengo|Kasib Berry|[eat]
|-enditem|p2b: Gholdengo|Kasib Berry|[weaken]
|-damage|p2b: Gholdengo|40/100
|-unboost|p2b: Gholdengo|spd|1
|-damage|p1b: Gholdengo|90/100|[from] item: Life Orb
|move|p1a: Swampert|Wave Crash|p2b: Gholdengo
|-damage|p2b: Gholdengo|7/100
|-damage|p1a: Swampert|88/100|[from] Recoil
|move|p2b: Gholdengo|Shadow Ball|p1a: Swampert
|-damage|p1a: Swampert|19/100
|
|upkeep
|turn|7
|inactive|satandagiii2005 has 30 seconds left.
|inactive|bzzzzzzddddz has 30 seconds left.
|
|t:|1783465837
|switch|p1a: Maushold|Maushold, L50|93/100 brn
|move|p1b: Gholdengo|Protect|p1b: Gholdengo
|-singleturn|p1b: Gholdengo|Protect
|move|p2b: Gholdengo|Protect|p2b: Gholdengo
|-singleturn|p2b: Gholdengo|Protect
|move|p2a: Toxapex|Toxic||[still]
|-fail|p2a: Toxapex
|
|-damage|p1a: Maushold|87/100 brn|[from] brn
|upkeep
|turn|8
|inactive|bzzzzzzddddz has 30 seconds left.
|inactive|bzzzzzzddddz has 20 seconds left.
|inactive|bzzzzzzddddz has 15 seconds left.
|inactive|bzzzzzzddddz has 10 seconds left.
|
|t:|1783465883
|move|p1a: Maushold|Super Fang|p2a: Toxapex
|-damage|p2a: Toxapex|50/100g
|move|p1b: Gholdengo|Shadow Ball|p2b: Gholdengo
|-supereffective|p2b: Gholdengo|1
|-damage|p2b: Gholdengo|0 fnt
|faint|p2b: Gholdengo
|-damage|p1b: Gholdengo|81/100|[from] item: Life Orb
|move|p2a: Toxapex|Infestation|p1a: Maushold
|-damage|p1a: Maushold|83/100 brn
|-activate|p1a: Maushold|move: Infestation|[of] p2a: Toxapex
|
|-heal|p2a: Toxapex|56/100|[from] item: Leftovers
|-damage|p1a: Maushold|77/100 brn|[from] brn
|-damage|p1a: Maushold|65/100 brn|[from] move: Infestation|[partiallytrapped]
|-sideend|p2: bzzzzzzddddz|move: Light Screen
|upkeep
|
|t:|1783465888
|switch|p2b: Grimmsnarl|Grimmsnarl, L50, M|100/100
|turn|9
|
|t:|1783465904
|move|p2b: Grimmsnarl|Light Screen|p2b: Grimmsnarl
|-sidestart|p2: bzzzzzzddddz|move: Light Screen
|move|p1a: Maushold|Rain Dance|p1a: Maushold
|-weather|RainDance
|move|p1b: Gholdengo|Shadow Ball|p2a: Toxapex
|-damage|p2a: Toxapex|27/100
|-damage|p1b: Gholdengo|71/100|[from] item: Life Orb
|move|p2a: Toxapex|Infestation|p1b: Gholdengo
|-resisted|p1b: Gholdengo|2
|-damage|p1b: Gholdengo|71/100
|-activate|p1b: Gholdengo|move: Infestation|[of] p2a: Toxapex
|
|-weather|RainDance|[upkeep]
|-heal|p2a: Toxapex|33/100|[from] item: Leftovers
|-damage|p1a: Maushold|59/100 brn|[from] brn
|-damage|p1a: Maushold|47/100 brn|[from] move: Infestation|[partiallytrapped]
|-damage|p1b: Gholdengo|58/100|[from] move: Infestation|[partiallytrapped]
|upkeep
|turn|10
|inactive|bzzzzzzddddz has 30 seconds left.
|
|t:|1783465938
|move|p2a: Toxapex|Baneful Bunker|p2a: Toxapex
|-singleturn|p2a: Toxapex|move: Protect
|move|p1a: Maushold|Super Fang|p2b: Grimmsnarl
|-damage|p2b: Grimmsnarl|50/100y
|move|p1b: Gholdengo|Make It Rain|p2a: Toxapex|[spread] p2b
|-activate|p2a: Toxapex|move: Protect
|-supereffective|p2b: Grimmsnarl|1
|-damage|p2b: Grimmsnarl|0 fnt
|-unboost|p1b: Gholdengo|spa|2
|faint|p2b: Grimmsnarl
|-damage|p1b: Gholdengo|49/100|[from] item: Life Orb
|
|-weather|RainDance|[upkeep]
|-heal|p2a: Toxapex|38/100|[from] item: Leftovers
|-damage|p1a: Maushold|41/100 brn|[from] brn
|-damage|p1a: Maushold|29/100 brn|[from] move: Infestation|[partiallytrapped]
|-damage|p1b: Gholdengo|36/100|[from] move: Infestation|[partiallytrapped]
|upkeep
|turn|11
|
|t:|1783465960
|move|p2a: Toxapex|Baneful Bunker|p2a: Toxapex
|-singleturn|p2a: Toxapex|move: Protect
|move|p1a: Maushold|Super Fang|p2a: Toxapex
|-activate|p2a: Toxapex|move: Protect
|move|p1b: Gholdengo|Make It Rain|p2a: Toxapex
|-activate|p2a: Toxapex|move: Protect
|
|-weather|RainDance|[upkeep]
|-heal|p2a: Toxapex|44/100|[from] item: Leftovers
|-damage|p1a: Maushold|23/100 brn|[from] brn
|-damage|p1a: Maushold|11/100 brn|[from] move: Infestation|[partiallytrapped]
|-damage|p1b: Gholdengo|24/100|[from] move: Infestation|[partiallytrapped]
|upkeep
|turn|12
|
|t:|1783465980
|switch|p1b: Swampert|Swampert-Mega, L50, F|19/100
|move|p2a: Toxapex|Baneful Bunker||[still]
|-fail|p2a: Toxapex
|move|p1a: Maushold|Super Fang|p2a: Toxapex
|-damage|p2a: Toxapex|22/100
|
|-weather|RainDance|[upkeep]
|-heal|p2a: Toxapex|28/100|[from] item: Leftovers
|-damage|p1a: Maushold|4/100 brn|[from] brn
|-end|p1a: Maushold|Infestation|[partiallytrapped]
|-sideend|p2: bzzzzzzddddz|Reflect
|upkeep
|turn|13
|
|t:|1783466000
|move|p1a: Maushold|Protect|p1a: Maushold
|-singleturn|p1a: Maushold|Protect
|move|p1b: Swampert|Earthquake|p2a: Toxapex|[spread] p2a
|-activate|p1a: Maushold|move: Protect
|-supereffective|p2a: Toxapex|1
|-damage|p2a: Toxapex|0 fnt
|faint|p2a: Toxapex
|
|win|satandagiii2005
||bzzzzzzddddz is ready for game 2.
||satandagiii2005 is ready for game 2.
|uhtml|next|Next: Game 2 of 3
