|j|☆JNEST
|j|☆encore enjoyer
|html|JNESTencore enjoyer    
|uhtml|bestof|Game 1 of a best-of-3
|t:|1756216011
|gametype|doubles
|player|p1|JNEST|veteran-gen4|1111
|player|p2|encore enjoyer|byron|1049
|gen|9
|tier|[Gen 9] VGC 2025 Reg H (Bo3)
|rated|
|rule|Species Clause: Limit one of each Pokémon
|rule|Item Clause: Limit 1 of each item
|clearpoke
|poke|p1|Weezing, L50, M|
|poke|p1|Incineroar, L50, M|
|poke|p1|Annihilape, L50, F|
|poke|p1|Tyranitar, L50, M|
|poke|p1|Kommo-o, L50, F|
|poke|p2|Dragonite, L50, F|
|poke|p2|Ursaluna-Bloodmoon, L50, M|
|poke|p2|Archaludon, L50, M|
|poke|p2|Whimsicott, L50, F|
|poke|p2|Gholdengo, L50|
|poke|p2|Incineroar, L50, F|
|teampreview|4
|showteam|p1|Weezing||SitrusBerry|NeutralizingGas|Protect,Taunt,WillOWisp,SludgeBomb|||M|||50|,,,,,Ghost]Incineroar||AbilityShield|Intimidate|KnockOff,FlareBlitz,FakeOut,PartingShot|||M|||50|,,,,,Ghost]Annihilape||SafetyGoggles|Defiant|Protect,RageFist,CloseCombat,FinalGambit|||F|||50|,,,,,Fairy]Tyranitar||AssaultVest|SandStream|RockSlide,KnockOff,TeraBlast,LowKick|||M|||50|,,,,,Flying]Kommo-o||ThroatSpray|Overcoat|Protect,ClangorousSoul,ClangingScales,AuraSphere|||F|||50|,,,,,Steel
|showteam|p2|Dragonite||LoadedDice|Multiscale|ScaleShot,ExtremeSpeed,IceSpinner,Protect|||F|||50|,,,,,Fairy]Ursaluna-Bloodmoon||AssaultVest|MindsEye|BloodMoon,HyperVoice,EarthPower,VacuumWave|||M|||50|,,,,,Water]Archaludon||PowerHerb|Sturdy|ElectroShot,FlashCannon,DracoMeteor,Protect|||M|||50|,,,,,Stellar]Whimsicott||CovertCloak|Prankster|FakeTears,Tailwind,Encore,Moonblast|||F|||50|,,,,,Poison]Gholdengo||ChoiceSpecs|GoodasGold|MakeItRain,ShadowBall,PowerGem,SteelBeam||||||50|,,,,,Steel]Incineroar||MirrorHerb|Intimidate|FakeOut,PartingShot,KnockOff,FlareBlitz|||F|||50|,,,,,Ghost
|inactive|Battle timer is ON: inactive players will automatically lose when time's up. (requested by JNEST)
|inactive|JNEST has 60 seconds left.
|inactive|encore enjoyer has 60 seconds left.
|
|t:|1756216057
|teamsize|p1|4
|teamsize|p2|4
|start
|switch|p1a: Weezing|Weezing, L50, M|100/100
|switch|p1b: Incineroar|Incineroar, L50, M|100/100
|switch|p2a: Incineroar|Incineroar, L50, F|100/100
|switch|p2b: Dragonite|Dragonite, L50, F|100/100
|-ability|p1a: Weezing|Neutralizing Gas
|-block|p1b: Incineroar|item: Ability Shield
|-ability|p1b: Incineroar|Intimidate|boost
|-unboost|p2a: Incineroar|atk|1
|-unboost|p2b: Dragonite|atk|1
|turn|1
|
|t:|1756216075
|-terastallize|p1a: Weezing|Ghost
|move|p2a: Incineroar|Fake Out|p1b: Incineroar
|-damage|p1b: Incineroar|93/100
|move|p2b: Dragonite|Scale Shot|p1a: Weezing|[miss]
|-miss|p2b: Dragonite|p1a: Weezing
|cant|p1b: Incineroar|flinch
|move|p1a: Weezing|Will-O-Wisp|p2b: Dragonite
|-status|p2b: Dragonite|brn
|
|-damage|p2b: Dragonite|94/100 brn|[from] brn
|upkeep
|turn|2
|inactive|encore enjoyer has 30 seconds left.
|
|t:|1756216101
|move|p1a: Weezing|Protect|p1a: Weezing
|-singleturn|p1a: Weezing|Protect
|move|p2b: Dragonite|Scale Shot|p1a: Weezing
|-activate|p1a: Weezing|move: Protect
|move|p1b: Incineroar|Knock Off|p2b: Dragonite
|-damage|p2b: Dragonite|41/100 brn
|-enditem|p2b: Dragonite|Loaded Dice|[from] move: Knock Off|[of] p1b: Incineroar
|move|p2a: Incineroar|Knock Off|p1a: Weezing
|-activate|p1a: Weezing|move: Protect
|
|-damage|p2b: Dragonite|35/100 brn|[from] brn
|upkeep
|turn|3
|
|t:|1756216120
|switch|p2b: Whimsicott|Whimsicott, L50, F|100/100
|-end|p1a: Weezing|ability: Neutralizing Gas
|-ability|p2a: Incineroar|Intimidate|boost
|-unboost|p1a: Weezing|atk|1
|-unboost|p1b: Incineroar|atk|1
|switch|p1a: Annihilape|Annihilape, L50, F|100/100
|move|p1b: Incineroar|Parting Shot|p2a: Incineroar
|-unboost|p2a: Incineroar|atk|1
|-unboost|p2a: Incineroar|spa|1
|
|t:|1756216129
|switch|p1b: Weezing|Weezing, L50, M, tera:Ghost|100/100|[from] Parting Shot
|-ability|p1b: Weezing|Neutralizing Gas
|move|p2a: Incineroar|Knock Off|p1a: Annihilape
|-damage|p1a: Annihilape|78/100
|-enditem|p1a: Annihilape|Safety Goggles|[from] move: Knock Off|[of] p2a: Incineroar
|
|upkeep
|turn|4
|
|t:|1756216143
|move|p1a: Annihilape|Protect|p1a: Annihilape
|-singleturn|p1a: Annihilape|Protect
|move|p2b: Whimsicott|Tailwind|p2b: Whimsicott
|-sidestart|p2: encore enjoyer|move: Tailwind
|move|p2a: Incineroar|Knock Off|p1b: Weezing
|-supereffective|p1b: Weezing
|-damage|p1b: Weezing|61/100
|-enditem|p1b: Weezing|Sitrus Berry|[from] move: Knock Off|[of] p2a: Incineroar
|move|p1b: Weezing|Sludge Bomb|p2b: Whimsicott
|-supereffective|p2b: Whimsicott
|-damage|p2b: Whimsicott|0 fnt
|faint|p2b: Whimsicott
|
|upkeep
|
|t:|1756216154
|switch|p2b: Gholdengo|Gholdengo, L50|100/100
|turn|5
|
|t:|1756216163
|-terastallize|p2b: Gholdengo|Steel
|move|p2b: Gholdengo|Make It Rain|p1a: Annihilape|[spread] p1a,p1b
|-damage|p1a: Annihilape|0 fnt
|-damage|p1b: Weezing|0 fnt
|-unboost|p2b: Gholdengo|spa|1
|faint|p1a: Annihilape
|faint|p1b: Weezing
|-end|p1b: Weezing|ability: Neutralizing Gas
|move|p2a: Incineroar|Flare Blitz|p1: Annihilape|[notarget]
|-fail|p2a: Incineroar
|
|upkeep
|
|t:|1756216169
|switch|p1a: Incineroar|Incineroar, L50, M|93/100
|switch|p1b: Tyranitar|Tyranitar, L50, M|100/100
|-weather|Sandstorm|[from] ability: Sand Stream|[of] p1b: Tyranitar
|-ability|p1a: Incineroar|Intimidate|boost
|-unboost|p2a: Incineroar|atk|1
|-unboost|p2b: Gholdengo|atk|1
|turn|6
|inactive|encore enjoyer has 30 seconds left.
|inactive|encore enjoyer has 20 seconds left.
|inactive|encore enjoyer has 15 seconds left.
|
|t:|1756216210
|switch|p2b: Dragonite|Dragonite, L50, F|35/100 brn
|move|p2a: Incineroar|Parting Shot|p1a: Incineroar
|-unboost|p1a: Incineroar|atk|1
|-unboost|p1a: Incineroar|spa|1
|inactive|encore enjoyer has 30 seconds left.
|
|t:|1756216235
|switch|p2a: Gholdengo|Gholdengo, L50, tera:Steel|100/100|[from] Parting Shot
|move|p1a: Incineroar|Flare Blitz|p2b: Dragonite
|-resisted|p2b: Dragonite
|-damage|p2b: Dragonite|16/100 brn
|-damage|p1a: Incineroar|87/100|[from] Recoil
|move|p1b: Tyranitar|Rock Slide|p2a: Gholdengo|[spread] p2a,p2b
|-resisted|p2a: Gholdengo
|-supereffective|p2b: Dragonite
|-damage|p2a: Gholdengo|83/100
|-damage|p2b: Dragonite|0 fnt
|faint|p2b: Dragonite
|
|-weather|Sandstorm|[upkeep]
|-damage|p1a: Incineroar|81/100|[from] Sandstorm
|upkeep
|
|t:|1756216247
|switch|p2b: Incineroar|Incineroar, L50, F|100/100
|-ability|p2b: Incineroar|Intimidate|boost
|-unboost|p1a: Incineroar|atk|1
|-unboost|p1b: Tyranitar|atk|1
|turn|7
|
|t:|1756216265
|move|p2b: Incineroar|Fake Out|p1a: Incineroar
|-damage|p1a: Incineroar|70/100
|move|p2a: Gholdengo|Make It Rain|p1b: Tyranitar|[spread] p1a,p1b
|-resisted|p1a: Incineroar
|-supereffective|p1b: Tyranitar
|-damage|p1a: Incineroar|16/100
|-damage|p1b: Tyranitar|12/100
|-unboost|p2a: Gholdengo|spa|1
|cant|p1a: Incineroar|flinch
|move|p1b: Tyranitar|Low Kick|p2a: Gholdengo
|-supereffective|p2a: Gholdengo
|-damage|p2a: Gholdengo|50/100
|
|-weather|Sandstorm|[upkeep]
|-damage|p2b: Incineroar|95/100|[from] Sandstorm
|-damage|p1a: Incineroar|10/100|[from] Sandstorm
|-sideend|p2: encore enjoyer|move: Tailwind
|upkeep
|turn|8
|-message|JNEST forfeited.
|
|win|encore enjoyer
