|j|☆PreparationHHH
|j|☆zmdkdksks
|html|PreparationHHHzmdkdksks    
|uhtml|bestof|Game 3 of a best-of-3
|t:|1757854840
|gametype|doubles
|player|p1|PreparationHHH|zinzolin|1117
|player|p2|zmdkdksks|iris-gen5bw2|1000
|gen|9
|tier|[Gen 9] VGC 2025 Reg H (Bo3)
|rated|
|rule|Species Clause: Limit one of each Pokémon
|rule|Item Clause: Limit 1 of each item
|clearpoke
|poke|p1|Toedscruel, L50, F|
|poke|p1|Weezing-Galar, L50, F|
|poke|p1|Pelipper, L50, F|
|poke|p1|Archaludon, L50, M|
|poke|p1|Comfey, L50, F|
|poke|p1|Kingdra, L50, M|
|poke|p2|Kommo-o, L50, M|
|poke|p2|Sneasler, L50, M|
|poke|p2|Rillaboom, L50, F|
|poke|p2|Garganacl, L50, M|
|poke|p2|Ursaluna-Bloodmoon, L50, M|
|poke|p2|Sableye, L50, M|
|teampreview|4
|showteam|p1|Toedscruel||CovertCloak|MyceliumMight|Spore,BulletSeed,Protect,EarthPower|||F|||50|,,,,,Water]Weezing-Galar||SitrusBerry|NeutralizingGas|Taunt,SludgeBomb,Protect,DazzlingGleam|||F|||50|,,,,,Ghost]Pelipper||ChoiceScarf|Drizzle|WeatherBall,Hurricane,Tailwind,Uturn|||F|||50|,,,,,Ghost]Archaludon||AssaultVest|Stamina|ElectroShot,Snarl,BodyPress,FlashCannon|||M|||50|,,,,,Grass]Comfey||SafetyGoggles|Triage|DrainingKiss,FloralHealing,LightScreen,Protect|||F|||50|,,,,,Steel]Kingdra||LifeOrb|SwiftSwim|WeatherBall,Surf,DracoMeteor,Protect|||M|||50|,,,,,Steel
|showteam|p2|Kommo-o||SitrusBerry|Overcoat|Coaching,BreakingSwipe,Protect,BodyPress|||M|||50|,,,,,Steel]Sneasler||GrassySeed|Unburden|CloseCombat,DireClaw,Protect,ThroatChop|||M|||50|,,,,,Stellar]Rillaboom||AssaultVest|GrassySurge|Uturn,WoodHammer,FakeOut,GrassyGlide|||F|||50|,,,,,Fire]Garganacl||CovertCloak|PurifyingSalt|SaltCure,WideGuard,RockSlide,Recover|||M|||50|,,,,,Water]Ursaluna-Bloodmoon||LifeOrb|MindsEye|BloodMoon,HyperVoice,EarthPower,Protect|||M|||50|,,,,,Normal]Sableye||SafetyGoggles|Prankster|Taunt,Quash,FoulPlay,WillOWisp|||M|||50|,,,,,Dragon
|inactive|Battle timer is ON: inactive players will automatically lose when time's up. (requested by zmdkdksks)
|
|t:|1757854859
|teamsize|p1|4
|teamsize|p2|4
|start
|switch|p1a: Weezing|Weezing-Galar, L50, F|100/100
|switch|p1b: Toedscruel|Toedscruel, L50, F|100/100
|switch|p2a: Rillaboom|Rillaboom, L50, F|100/100
|switch|p2b: Garganacl|Garganacl, L50, M|100/100
|-ability|p1a: Weezing|Neutralizing Gas
|turn|1
|
|t:|1757854875
|move|p1b: Toedscruel|Spore|p2b: Garganacl
|-status|p2b: Garganacl|slp|[from] move: Spore
|move|p1a: Weezing|Sludge Bomb|p2a: Rillaboom
|-supereffective|p2a: Rillaboom
|-damage|p2a: Rillaboom|61/100
|move|p2a: Rillaboom|Wood Hammer|p1b: Toedscruel
|-damage|p1b: Toedscruel|16/100
|-damage|p2a: Rillaboom|36/100|[from] Recoil
|cant|p2b: Garganacl|slp
|
|upkeep
|turn|2
|
|t:|1757854897
|-end|p1a: Weezing|ability: Neutralizing Gas
|-fieldstart|move: Grassy Terrain|[from] ability: Grassy Surge|[of] p2a: Rillaboom
|switch|p1a: Archaludon|Archaludon, L50, M|100/100
|switch|p2a: Sableye|Sableye, L50, M|100/100
|-terastallize|p2b: Garganacl|Water
|move|p1b: Toedscruel|Bullet Seed|p1a: Archaludon
|-resisted|p1a: Archaludon
|-damage|p1a: Archaludon|99/100
|-ability|p1a: Archaludon|Stamina|boost
|-boost|p1a: Archaludon|def|1
|-resisted|p1a: Archaludon
|-damage|p1a: Archaludon|98/100
|-ability|p1a: Archaludon|Stamina|boost
|-boost|p1a: Archaludon|def|1
|-hitcount|p1a: Archaludon|2
|cant|p2b: Garganacl|slp
|
|-heal|p1b: Toedscruel|22/100|[from] Grassy Terrain
|-heal|p1a: Archaludon|100/100|[from] Grassy Terrain
|upkeep
|turn|3
|inactive|PreparationHHH has 30 seconds left.
|
|t:|1757854924
|switch|p1b: Pelipper|Pelipper, L50, F|100/100
|-weather|RainDance|[from] ability: Drizzle|[of] p1b: Pelipper
|move|p2a: Sableye|Will-O-Wisp|p1a: Archaludon
|-status|p1a: Archaludon|brn
|move|p1a: Archaludon|Electro Shot||[still]
|-prepare|p1a: Archaludon|Electro Shot
|-boost|p1a: Archaludon|spa|1
|-anim|p1a: Archaludon|Electro Shot|p2a: Sableye
|-damage|p2a: Sableye|30/100
|cant|p2b: Garganacl|slp
|
|-weather|RainDance|[upkeep]
|-heal|p2a: Sableye|36/100|[from] Grassy Terrain
|-damage|p1a: Archaludon|94/100 brn|[from] brn
|upkeep
|turn|4
|
|t:|1757854948
|move|p2a: Sableye|Quash|p1a: Archaludon
|-activate|p1a: Archaludon|move: Quash
|move|p1b: Pelipper|Weather Ball|p2a: Sableye
|-damage|p2a: Sableye|0 fnt
|faint|p2a: Sableye
|-curestatus|p2b: Garganacl|slp|[msg]
|move|p2b: Garganacl|Salt Cure|p1a: Archaludon
|-resisted|p1a: Archaludon
|-damage|p1a: Archaludon|91/100 brn
|-start|p1a: Archaludon|Salt Cure
|-ability|p1a: Archaludon|Stamina|boost
|-boost|p1a: Archaludon|def|1
|move|p1a: Archaludon|Electro Shot||[still]
|-prepare|p1a: Archaludon|Electro Shot
|-boost|p1a: Archaludon|spa|1
|-anim|p1a: Archaludon|Electro Shot|p2b: Garganacl
|-supereffective|p2b: Garganacl
|-damage|p2b: Garganacl|0 fnt
|faint|p2b: Garganacl
|
|-weather|RainDance|[upkeep]
|-heal|p1a: Archaludon|97/100 brn|[from] Grassy Terrain
|-damage|p1a: Archaludon|91/100 brn|[from] brn
|-damage|p1a: Archaludon|66/100 brn|[from] Salt Cure
|upkeep
|
|t:|1757854951
|switch|p2a: Rillaboom|Rillaboom, L50, F|36/100
|switch|p2b: Ursaluna|Ursaluna-Bloodmoon, L50, M|100/100
|turn|5
|inactive|PreparationHHH has 30 seconds left.
|
|t:|1757854983
|-terastallize|p1b: Pelipper|Ghost
|move|p2a: Rillaboom|Fake Out|p1b: Pelipper
|-immune|p1b: Pelipper
|move|p1b: Pelipper|Weather Ball|p2b: Ursaluna
|-supereffective|p2b: Ursaluna
|-damage|p2b: Ursaluna|0 fnt
|faint|p2b: Ursaluna
|move|p1a: Archaludon|Snarl|p2a: Rillaboom
|-damage|p2a: Rillaboom|9/100
|-unboost|p2a: Rillaboom|spa|1
|
|-weather|RainDance|[upkeep]
|-heal|p1a: Archaludon|72/100 brn|[from] Grassy Terrain
|-heal|p2a: Rillaboom|15/100|[from] Grassy Terrain
|-damage|p1a: Archaludon|66/100 brn|[from] brn
|-damage|p1a: Archaludon|41/100 brn|[from] Salt Cure
|upkeep
|turn|6
|-message|zmdkdksks forfeited.
|
|win|PreparationHHH
|raw|PreparationHHH's rating: 1117 → 1134(+17 for winning)
|raw|zmdkdksks's rating: 1000 → 1000(+0 for losing)
|l|☆zmdkdksks
|player|p2|
