|j|☆Breloom7
|j|☆matrod
|html|Breloom7matrod    
|uhtml|bestof|Game 1 of a best-of-3
|t:|1757726085
|gametype|doubles
|player|p1|Breloom7|265|1311
|player|p2|matrod|steven|1328
|gen|9
|tier|[Gen 9] VGC 2025 Reg H (Bo3)
|rated|
|rule|Species Clause: Limit one of each Pokémon
|rule|Item Clause: Limit 1 of each item
|clearpoke
|poke|p1|Excadrill, L50, M|
|poke|p1|Tyranitar, L50, M|
|poke|p1|Sneasler, L50, M|
|poke|p1|Indeedee, L50, M|
|poke|p1|Corviknight, L50, M|
|poke|p1|Annihilape, L50, M|
|poke|p2|Volcarona, L50, M|
|poke|p2|Rillaboom, L50, F|
|poke|p2|Annihilape, L50, M|
|poke|p2|Ninetales-Alola, L50, M|
|poke|p2|Tauros-Paldea-Aqua, L50, M|
|poke|p2|Magmar, L50, F|
|teampreview|4
|showteam|p1|Excadrill||FocusSash|SandRush|IronHead,HighHorsepower,Earthquake,Protect|||M|||50|,,,,,Stellar]Tyranitar||AssaultVest|SandStream|RockSlide,KnockOff,TeraBlast,LowKick|||M|||50|,,,,,Flying]Sneasler||PsychicSeed|Unburden|DireClaw,CloseCombat,ThroatChop,Protect|||M|||50|,,,,,Dark]Indeedee||ChoiceScarf|PsychicSurge|ExpandingForce,TeraBlast,Protect,Trick|||M|||50|,,,,,Psychic]Corviknight||Leftovers|MirrorArmor|BraveBird,BulkUp,Roost,Tailwind|||M|||50|,,,,,Dragon]Annihilape||SafetyGoggles|Defiant|CloseCombat,FinalGambit,RageFist,Taunt|||M|||50|,,,,,Water
|showteam|p2|Volcarona||Leftovers|FlameBody|HeatWave,TeraBlast,QuiverDance,Protect|||M|||50|,,,,,Fairy]Rillaboom||AssaultVest|GrassySurge|WoodHammer,GrassyGlide,HighHorsepower,FakeOut|||F|||50|,,,,,Ghost]Annihilape||SafetyGoggles|Defiant|CloseCombat,RageFist,FinalGambit,Taunt|||M|||50|,,,,,Fire]Ninetales-Alola||FocusSash|SnowWarning|AuroraVeil,Blizzard,FreezeDry,Encore|||M|||50|,,,,,Ghost]Tauros-Paldea-Aqua||MirrorHerb|Intimidate|WaveCrash,CloseCombat,Substitute,Protect|||M|||50|,,,,,Grass]Magmar||Eviolite|FlameBody|FollowMe,BurningJealousy,Taunt,Protect|||F|||50|,,,,,Ghost
|inactive|Battle timer is ON: inactive players will automatically lose when time's up. (requested by matrod)
|inactive|Breloom7 has 60 seconds left.
|inactive|matrod has 60 seconds left.
|inactive|Breloom7 has 30 seconds left.
|inactive|matrod has 30 seconds left.
|inactive|Breloom7 has 20 seconds left.
|inactive|matrod has 20 seconds left.
|inactive|matrod has 15 seconds left.
|inactive|matrod has 10 seconds left.
|
|t:|1757726169
|teamsize|p1|4
|teamsize|p2|4
|start
|switch|p1a: Annihilape|Annihilape, L50, M|100/100
|switch|p1b: Tyranitar|Tyranitar, L50, M, shiny|100/100
|switch|p2a: Magmar|Magmar, L50, F|100/100
|switch|p2b: Rillaboom|Rillaboom, L50, F|100/100
|-fieldstart|move: Grassy Terrain|[from] ability: Grassy Surge|[of] p2b: Rillaboom
|-weather|Sandstorm|[from] ability: Sand Stream|[of] p1b: Tyranitar
|turn|1
|inactive|Breloom7 has 30 seconds left.
|
|t:|1757726200
|switch|p1a: Indeedee|Indeedee, L50, M, shiny|100/100
|-fieldstart|move: Psychic Terrain|[from] ability: Psychic Surge|[of] p1a: Indeedee
|switch|p2b: Tauros|Tauros-Paldea-Aqua, L50, M, shiny|100/100
|-ability|p2b: Tauros|Intimidate|boost
|-unboost|p1a: Indeedee|atk|1
|-unboost|p1b: Tyranitar|atk|1
|-terastallize|p1b: Tyranitar|Flying
|move|p2a: Magmar|Burning Jealousy|p1a: Indeedee|[spread] p1a,p1b
|-damage|p1a: Indeedee|74/100
|-damage|p1b: Tyranitar|90/100
|move|p1b: Tyranitar|Rock Slide|p2b: Tauros|[spread] p2a,p2b
|-supereffective|p2a: Magmar
|-resisted|p2b: Tauros
|-damage|p2a: Magmar|69/100
|-damage|p2b: Tauros|91/100
|
|-weather|Sandstorm|[upkeep]
|-damage|p1a: Indeedee|68/100|[from] Sandstorm
|-damage|p2b: Tauros|85/100|[from] Sandstorm
|-damage|p2a: Magmar|63/100|[from] Sandstorm
|-damage|p1b: Tyranitar|85/100|[from] Sandstorm
|upkeep
|turn|2
|inactive|Breloom7 has 30 seconds left.
|inactive|matrod has 30 seconds left.
|
|t:|1757726234
|switch|p2b: Ninetales|Ninetales-Alola, L50, M|100/100
|-weather|Snowscape|[from] ability: Snow Warning|[of] p2b: Ninetales
|switch|p2a: Rillaboom|Rillaboom, L50, F|100/100
|-fieldstart|move: Grassy Terrain|[from] ability: Grassy Surge|[of] p2a: Rillaboom
|move|p1a: Indeedee|Expanding Force|p2b: Ninetales
|-damage|p2b: Ninetales|54/100
|move|p1b: Tyranitar|Rock Slide|p2a: Rillaboom|[spread] p2a,p2b
|-supereffective|p2b: Ninetales
|-damage|p2a: Rillaboom|82/100
|-damage|p2b: Ninetales|13/100
|
|-weather|Snowscape|[upkeep]
|-heal|p1a: Indeedee|74/100|[from] Grassy Terrain
|-heal|p2b: Ninetales|19/100|[from] Grassy Terrain
|-heal|p2a: Rillaboom|87/100|[from] Grassy Terrain
|upkeep
|turn|3
|inactive|Breloom7 has 30 seconds left.
|
|t:|1757726267
|switch|p1a: Sneasler|Sneasler, L50, M, shiny|100/100
|switch|p1b: Annihilape|Annihilape, L50, M|100/100
|move|p2a: Rillaboom|Fake Out|p1b: Annihilape
|-immune|p1b: Annihilape
|move|p2b: Ninetales|Blizzard|p1a: Sneasler|[spread] p1a,p1b
|-damage|p1a: Sneasler|56/100
|-damage|p1b: Annihilape|73/100
|-status|p1a: Sneasler|frz
|
|-weather|Snowscape|[upkeep]
|-heal|p2b: Ninetales|25/100|[from] Grassy Terrain
|-heal|p1a: Sneasler|62/100 frz|[from] Grassy Terrain
|-heal|p1b: Annihilape|79/100|[from] Grassy Terrain
|-heal|p2a: Rillaboom|93/100|[from] Grassy Terrain
|upkeep
|turn|4
|
|t:|1757726289
|switch|p2a: Tauros|Tauros-Paldea-Aqua, L50, M, shiny|85/100
|-ability|p2a: Tauros|Intimidate|boost
|-unboost|p1a: Sneasler|atk|1
|-unboost|p1b: Annihilape|atk|1
|-ability|p1b: Annihilape|Defiant|boost
|-boost|p1b: Annihilape|atk|2
|-enditem|p2a: Tauros|Mirror Herb
|-boost|p2a: Tauros|atk|2|[from] item: Mirror Herb
|move|p2b: Ninetales|Blizzard|p1a: Sneasler|[spread] p1a,p1b
|-damage|p1a: Sneasler|16/100 frz
|-damage|p1b: Annihilape|53/100
|cant|p1a: Sneasler|frz
|move|p1b: Annihilape|Rage Fist|p2b: Ninetales
|-damage|p2b: Ninetales|0 fnt
|faint|p2b: Ninetales
|
|-weather|Snowscape|[upkeep]
|-heal|p1a: Sneasler|22/100 frz|[from] Grassy Terrain
|-heal|p2a: Tauros|91/100|[from] Grassy Terrain
|-heal|p1b: Annihilape|59/100|[from] Grassy Terrain
|upkeep
|inactive|matrod has 30 seconds left.
|
|t:|1757726321
|switch|p2b: Magmar|Magmar, L50, F|63/100
|turn|5
|inactive|Breloom7 has 30 seconds left.
|
|t:|1757726348
|move|p2b: Magmar|Follow Me|p2b: Magmar
|-singleturn|p2b: Magmar|move: Follow Me
|cant|p1a: Sneasler|frz
|move|p2a: Tauros|Substitute|p2a: Tauros
|-start|p2a: Tauros|Substitute
|-damage|p2a: Tauros|66/100
|move|p1b: Annihilape|Close Combat|p2b: Magmar
|-damage|p2b: Magmar|7/100
|-unboost|p1b: Annihilape|def|1
|-unboost|p1b: Annihilape|spd|1
|
|-weather|Snowscape|[upkeep]
|-heal|p1a: Sneasler|27/100 frz|[from] Grassy Terrain
|-heal|p2a: Tauros|72/100|[from] Grassy Terrain
|-heal|p1b: Annihilape|66/100|[from] Grassy Terrain
|-heal|p2b: Magmar|13/100|[from] Grassy Terrain
|upkeep
|turn|6
|c|☆Breloom7|I swear people only play ninetales to freeze
|inactive|Breloom7 has 30 seconds left.
|c|☆Breloom7|Some weird obsession
|inactive|Breloom7 has 20 seconds left.
|
|t:|1757726388
|cant|p1a: Sneasler|frz
|move|p2a: Tauros|Wave Crash|p1b: Annihilape
|-damage|p1b: Annihilape|0 fnt
|faint|p1b: Annihilape
|-damage|p2a: Tauros|42/100|[from] Recoil
|move|p2b: Magmar|Burning Jealousy|p1a: Sneasler
|-damage|p1a: Sneasler|0 fnt
|faint|p1a: Sneasler
|
|-weather|none
|-heal|p2a: Tauros|48/100|[from] Grassy Terrain
|-heal|p2b: Magmar|19/100|[from] Grassy Terrain
|-fieldend|move: Grassy Terrain
|upkeep
|
|t:|1757726390
|switch|p1a: Tyranitar|Tyranitar, L50, M, shiny, tera:Flying|85/100
|switch|p1b: Indeedee|Indeedee, L50, M, shiny|74/100
|-fieldstart|move: Psychic Terrain|[from] ability: Psychic Surge|[of] p1b: Indeedee
|-weather|Sandstorm|[from] ability: Sand Stream|[of] p1a: Tyranitar
|turn|7
|c|☆matrod|nah i just wanted a weather that isnt sun or rain
|c|☆matrod|too meta
|inactive|matrod has 30 seconds left.
|
|t:|1757726419
|switch|p2b: Rillaboom|Rillaboom, L50, F|93/100
|-fieldstart|move: Grassy Terrain|[from] ability: Grassy Surge|[of] p2b: Rillaboom
|move|p1b: Indeedee|Expanding Force|p2a: Tauros
|-supereffective|p2a: Tauros
|-end|p2a: Tauros|Substitute
|move|p2a: Tauros|Wave Crash|p1a: Tyranitar
|-damage|p1a: Tyranitar|0 fnt
|faint|p1a: Tyranitar
|-damage|p2a: Tauros|13/100|[from] Recoil
|
|-weather|Sandstorm|[upkeep]
|-damage|p1b: Indeedee|68/100|[from] Sandstorm
|-damage|p2a: Tauros|7/100|[from] Sandstorm
|-damage|p2b: Rillaboom|87/100|[from] Sandstorm
|-heal|p1b: Indeedee|74/100|[from] Grassy Terrain
|-heal|p2a: Tauros|13/100|[from] Grassy Terrain
|-heal|p2b: Rillaboom|93/100|[from] Grassy Terrain
|upkeep
|turn|8
|
|t:|1757726430
|move|p2b: Rillaboom|Fake Out|p1b: Indeedee
|-damage|p1b: Indeedee|40/100
|cant|p1b: Indeedee|flinch
|move|p2a: Tauros|Wave Crash|p1b: Indeedee
|-damage|p1b: Indeedee|0 fnt
|faint|p1b: Indeedee
|-damage|p2a: Tauros|2/100|[from] Recoil
|
|win|matrod
||matrod is ready for game 2.
||Breloom7 is ready for game 2.
|uhtml|next|Next: Game 2 of 3
