|j|☆wweewwzz
|j|☆ThierryVGC
|html|wweewwzzThierryVGC    
|uhtml|bestof|Game 2 of a best-of-3
|t:|1756489871
|gametype|doubles
|player|p1|wweewwzz|pokekid|1366
|player|p2|ThierryVGC|101|1256
|gen|9
|tier|[Gen 9] VGC 2025 Reg H (Bo3)
|rated|
|rule|Species Clause: Limit one of each Pokémon
|rule|Item Clause: Limit 1 of each item
|clearpoke
|poke|p1|Gholdengo, L50|
|poke|p1|Incineroar, L50, M|
|poke|p1|Ursaluna, L50, F|
|poke|p1|Sinistcha, L50|
|poke|p1|Sneasler, L50, M|
|poke|p1|Dragonite, L50, F|
|poke|p2|Garchomp, L50, F|
|poke|p2|Drifblim, L50, M|
|poke|p2|Indeedee, L50, M|
|poke|p2|Sneasler, L50, F|
|poke|p2|Corviknight, L50, F|
|poke|p2|Gardevoir, L50, F|
|teampreview|4
|showteam|p1|Gholdengo||LifeOrb|GoodasGold|MakeItRain,ShadowBall,NastyPlot,Protect||||||50|,,,,,Water]Incineroar||AssaultVest|Intimidate|FakeOut,Uturn,KnockOff,FlareBlitz|||M|||50|,,,,,Ghost]Ursaluna||FlameOrb|Guts|Earthquake,Facade,HeadlongRush,Protect|||F|||50|,,,,,Ghost]Sinistcha||SitrusBerry|Hospitality|MatchaGotcha,LifeDew,RagePowder,TrickRoom||||||50|,,,,,Dark]Sneasler||FocusSash|PoisonTouch|DireClaw,CloseCombat,Coaching,Protect|||M|||50|,,,,,Flying]Dragonite||LoadedDice|Multiscale|ScaleShot,Haze,Tailwind,Protect|||F|||50|,,,,,Fairy
|showteam|p2|Garchomp||LifeOrb|RoughSkin|Earthquake,StompingTantrum,DragonClaw,Protect|||F|||50|,,,,,Ground]Drifblim||PsychicSeed|Unburden|Acrobatics,Disable,Tailwind,Haze|||M|||50|,,,,,Grass]Indeedee||FocusSash|PsychicSurge|ExpandingForce,TeraBlast,Imprison,TrickRoom|||M|||50|,,,,,Ground]Sneasler||WhiteHerb|Unburden|DireClaw,CloseCombat,ThroatChop,Protect|||F|||50|,,,,,Dark]Corviknight||LumBerry|MirrorArmor|BraveBird,BodyPress,BulkUp,Roost|||F|||50|,,,,,Dragon]Gardevoir||ChoiceScarf|Telepathy|DazzlingGleam,Moonblast,ExpandingForce,Trick|||F|||50|,,,,,Psychic
|inactive|Battle timer is ON: inactive players will automatically lose when time's up. (requested by wweewwzz)
|inactive|ThierryVGC has 60 seconds left.
|
|t:|1756489924
|teamsize|p1|4
|teamsize|p2|4
|start
|switch|p1a: Sinistcha|Sinistcha, L50|100/100
|switch|p1b: Incineroar|Incineroar, L50, M|100/100
|switch|p2a: Sneasler|Sneasler, L50, F|100/100
|switch|p2b: Indeedee|Indeedee, L50, M|100/100
|-fieldstart|move: Psychic Terrain|[from] ability: Psychic Surge|[of] p2b: Indeedee
|-ability|p1b: Incineroar|Intimidate|boost
|-unboost|p2a: Sneasler|atk|1
|-unboost|p2b: Indeedee|atk|1
|-enditem|p2a: Sneasler|White Herb
|-clearnegativeboost|p2a: Sneasler|[silent]
|turn|1
|
|t:|1756489936
|-terastallize|p1b: Incineroar|Ghost
|move|p2a: Sneasler|Dire Claw|p1a: Sinistcha
|-damage|p1a: Sinistcha|61/100
|-status|p1a: Sinistcha|psn
|move|p2b: Indeedee|Expanding Force|p1a: Sinistcha|[spread] p1a,p1b
|-damage|p1a: Sinistcha|12/100 psn
|-damage|p1b: Incineroar|64/100
|-enditem|p1a: Sinistcha|Sitrus Berry|[eat]
|-heal|p1a: Sinistcha|37/100 psn|[from] item: Sitrus Berry
|move|p1b: Incineroar|U-turn|p2b: Indeedee
|-supereffective|p2b: Indeedee
|-crit|p2b: Indeedee
|-enditem|p2b: Indeedee|Focus Sash
|-damage|p2b: Indeedee|1/100
|
|t:|1756489944
|switch|p1b: Gholdengo|Gholdengo, L50, shiny|100/100|[from] U-turn
|move|p1a: Sinistcha|Matcha Gotcha|p2a: Sneasler|[spread] p2a,p2b
|-resisted|p2a: Sneasler
|-damage|p2a: Sneasler|83/100
|-heal|p1a: Sinistcha|45/100 psn|[from] drain|[of] p2a: Sneasler
|-damage|p2b: Indeedee|0 fnt
|-heal|p1a: Sinistcha|45/100 psn|[from] drain|[of] p2b: Indeedee
|faint|p2b: Indeedee
|
|-damage|p1a: Sinistcha|33/100 psn|[from] psn
|upkeep
|
|t:|1756489956
|switch|p2b: Garchomp|Garchomp, L50, F|100/100
|turn|2
|
|t:|1756489977
|switch|p1b: Incineroar|Incineroar, L50, M, tera:Ghost|64/100
|-ability|p1b: Incineroar|Intimidate|boost
|-unboost|p2a: Sneasler|atk|1
|-unboost|p2b: Garchomp|atk|1
|-terastallize|p2b: Garchomp|Ground
|move|p2a: Sneasler|Dire Claw|p1a: Sinistcha
|-crit|p1a: Sinistcha
|-damage|p1a: Sinistcha|0 fnt
|faint|p1a: Sinistcha
|move|p2b: Garchomp|Stomping Tantrum|p1b: Incineroar
|-damage|p1b: Incineroar|25/100
|-damage|p2b: Garchomp|91/100|[from] item: Life Orb
|
|upkeep
|
|t:|1756489992
|switch|p1a: Gholdengo|Gholdengo, L50, shiny|100/100
|turn|3
|
|t:|1756490006
|switch|p2b: Corviknight|Corviknight, L50, F|100/100
|switch|p1b: Ursaluna|Ursaluna, L50, F, shiny|100/100
|move|p1a: Gholdengo|Protect|p1a: Gholdengo
|-singleturn|p1a: Gholdengo|Protect
|move|p2a: Sneasler|Throat Chop|p1b: Ursaluna
|-damage|p1b: Ursaluna|86/100
|-start|p1b: Ursaluna|Throat Chop|[silent]
|
|-status|p1b: Ursaluna|brn|[from] item: Flame Orb
|upkeep
|turn|4
|inactive|ThierryVGC has 30 seconds left.
|
|t:|1756490031
|move|p2a: Sneasler|Throat Chop|p1b: Ursaluna
|-damage|p1b: Ursaluna|72/100 brn
|move|p1a: Gholdengo|Nasty Plot|p1a: Gholdengo
|-boost|p1a: Gholdengo|spa|2
|move|p1b: Ursaluna|Facade|p2a: Sneasler
|-damage|p2a: Sneasler|0 fnt
|faint|p2a: Sneasler
|move|p2b: Corviknight|Body Press|p1b: Ursaluna
|-supereffective|p1b: Ursaluna
|-damage|p1b: Ursaluna|35/100 brn
|
|-damage|p1b: Ursaluna|28/100 brn|[from] brn
|-end|p1b: Ursaluna|Throat Chop|[silent]
|upkeep
|
|t:|1756490035
|switch|p2a: Garchomp|Garchomp, L50, F, tera:Ground|91/100
|turn|5
|
|t:|1756490046
|switch|p1b: Incineroar|Incineroar, L50, M, tera:Ghost|25/100
|-ability|p1b: Incineroar|Intimidate|boost
|-unboost|p2a: Garchomp|atk|1
|-ability|p2b: Corviknight|Mirror Armor
|-unboost|p1b: Incineroar|atk|1
|move|p1a: Gholdengo|Protect|p1a: Gholdengo
|-singleturn|p1a: Gholdengo|Protect
|move|p2a: Garchomp|Earthquake|p1b: Incineroar|[spread] p1b
|-activate|p1a: Gholdengo|move: Protect
|-immune|p2b: Corviknight
|-damage|p1b: Incineroar|0 fnt
|faint|p1b: Incineroar
|-damage|p2a: Garchomp|81/100|[from] item: Life Orb
|move|p2b: Corviknight|Brave Bird|p1a: Gholdengo
|-activate|p1a: Gholdengo|move: Protect
|
|-fieldend|move: Psychic Terrain
|upkeep
|
|t:|1756490047
|switch|p1b: Ursaluna|Ursaluna, L50, F, shiny|28/100 brn
|turn|6
|
|t:|1756490058
|move|p2a: Garchomp|Earthquake|p1b: Ursaluna|[spread] p1a,p1b
|-immune|p2b: Corviknight
|-supereffective|p1a: Gholdengo
|-damage|p1a: Gholdengo|4/100
|-damage|p1b: Ursaluna|0 fnt
|faint|p1b: Ursaluna
|-damage|p2a: Garchomp|72/100|[from] item: Life Orb
|move|p1a: Gholdengo|Make It Rain|p2b: Corviknight|[spread] p2a,p2b
|-resisted|p2b: Corviknight
|-damage|p2a: Garchomp|0 fnt
|-damage|p2b: Corviknight|53/100
|-unboost|p1a: Gholdengo|spa|1
|faint|p2a: Garchomp
|-damage|p1a: Gholdengo|0 fnt|[from] item: Life Orb
|faint|p1a: Gholdengo
|
|win|ThierryVGC
|inactive|wweewwzz has 30 seconds to confirm battle start!
|inactive|ThierryVGC has 30 seconds to confirm battle start!
||wweewwzz is ready for game 3.
||ThierryVGC is ready for game 3.
|uhtml|next|Next: Game 3 of 3
