|j|☆lox1sm
|j|☆Jaime Huertas
|html|lox1smJaime Huertas    
|uhtml|bestof|Game 1 of a best-of-3
|t:|1783358615
|gametype|doubles
|player|p1|lox1sm|veteran|1211
|player|p2|Jaime Huertas|ghetsis|1162
|gen|9
|tier|[Gen 9 Champions] VGC 2026 Reg M-B (Bo3)
|rated|
|rule|Species Clause: Limit one of each Pokémon
|rule|Item Clause: Limit 1 of each item
|clearpoke
|poke|p1|Charizard, L50, M|
|poke|p1|Aerodactyl, L50, M|
|poke|p1|Garchomp, L50, F|
|poke|p1|Kingambit, L50, F|
|poke|p1|Farigiraf, L50, F|
|poke|p1|Primarina, L50, M|
|poke|p2|Blastoise, L50, M|
|poke|p2|Floette-Eternal, L50, F|
|poke|p2|Sinistcha, L50|
|poke|p2|Sneasler, L50, F|
|poke|p2|Kingambit, L50, M|
|poke|p2|Incineroar, L50, F|
|teampreview|4
|showteam|p1|Charizard||CharizarditeY|Blaze|HeatWave,WeatherBall,SolarBeam,Protect|Modest||M|||50|]Aerodactyl||Aerodactylite|Unnerve|RockSlide,IceFang,Tailwind,Protect|Jolly||M|||50|]Garchomp||LifeOrb|RoughSkin|DragonClaw,Earthquake,RockSlide,Protect|Jolly||F|||50|]Kingambit||FocusSash|Defiant|KowtowCleave,SuckerPunch,IronHead,LowKick|Adamant||F|||50|]Farigiraf||ExpertBelt|ArmorTail|Psychic,DazzlingGleam,Thunderbolt,TrickRoom|Modest||F|||50|]Primarina||MysticWater|LiquidVoice|HyperVoice,Moonblast,Haze,Protect|Modest||M|||50|
|showteam|p2|Blastoise||Blastoisinite|Torrent|WaterSpout,Protect,ShellSmash,DarkPulse|Modest||M|||50|]Floette-Eternal||Floettite|FlowerVeil|DazzlingGleam,Protect,CalmMind,Moonblast|Timid||F|||50|]Sinistcha||OccaBerry|Hospitality|TrickRoom,Protect,MatchaGotcha,RagePowder|Calm|||||50|]Sneasler||FocusSash|PoisonTouch|FakeOut,QuickGuard,DireClaw,CloseCombat|Jolly||F|||50|]Kingambit||BlackGlasses|Defiant|SwordsDance,SuckerPunch,KowtowCleave,Protect|Adamant||M|||50|]Incineroar||SitrusBerry|Intimidate|FakeOut,PartingShot,HelpingHand,FlareBlitz|Impish||F|||50|
|inactive|Battle timer is ON: inactive players will automatically lose when time's up. (requested by Jaime Huertas)
|
|t:|1783358725
|teamsize|p1|4
|teamsize|p2|4
|start
|switch|p1a: Farigiraf|Farigiraf, L50, F|100/100
|switch|p1b: Charizard|Charizard, L50, M|100/100
|switch|p2a: Blastoise|Blastoise, L50, M|100/100
|switch|p2b: Sneasler|Sneasler, L50, F|100/100
|turn|1
|inactive|lox1sm has 30 seconds left.
|inactive|Jaime Huertas has 30 seconds left.
|
|t:|1783358760
|switch|p2b: Sinistcha|Sinistcha, L50|100/100
|detailschange|p1b: Charizard|Charizard-Mega-Y, L50, M
|-mega|p1b: Charizard|Charizard|Charizardite Y
|-weather|SunnyDay|[from] ability: Drought|[of] p1b: Charizard
|move|p2a: Blastoise|Protect|p2a: Blastoise
|-singleturn|p2a: Blastoise|Protect
|move|p1b: Charizard|Solar Beam||[still]
|-prepare|p1b: Charizard|Solar Beam
|-anim|p1b: Charizard|Solar Beam|p2a: Blastoise
|-activate|p2a: Blastoise|move: Protect
|move|p1a: Farigiraf|Psychic|p2b: Sinistcha
|-damage|p2b: Sinistcha|57/100
|
|-weather|SunnyDay|[upkeep]
|upkeep
|turn|2
|
|t:|1783358784
|detailschange|p2a: Blastoise|Blastoise-Mega, L50, M
|-mega|p2a: Blastoise|Blastoise|Blastoisinite
|move|p2b: Sinistcha|Rage Powder|p2b: Sinistcha
|-singleturn|p2b: Sinistcha|move: Rage Powder
|move|p1b: Charizard|Heat Wave|p2a: Blastoise|[spread] p2a,p2b
|-resisted|p2a: Blastoise|1
|-supereffective|p2b: Sinistcha|1
|-enditem|p2b: Sinistcha|Occa Berry|[eat]
|-enditem|p2b: Sinistcha|Occa Berry|[weaken]
|-damage|p2a: Blastoise|70/100
|-damage|p2b: Sinistcha|0 fnt
|faint|p2b: Sinistcha
|move|p2a: Blastoise|Dark Pulse|p1a: Farigiraf
|-supereffective|p1a: Farigiraf|1
|-damage|p1a: Farigiraf|4/100
|move|p1a: Farigiraf|Trick Room|p1a: Farigiraf
|-fieldstart|move: Trick Room|[of] p1a: Farigiraf
|
|-weather|SunnyDay|[upkeep]
|upkeep
|
|t:|1783358800
|switch|p2b: Incineroar|Incineroar, L50, F|100/100
|-ability|p2b: Incineroar|Intimidate|boost
|-unboost|p1a: Farigiraf|atk|1
|-unboost|p1b: Charizard|atk|1
|turn|3
|inactive|Jaime Huertas has 30 seconds left.
|inactive|Jaime Huertas has 20 seconds left.
|
|t:|1783358838
|switch|p1a: Primarina|Primarina, L50, M|100/100
|move|p2a: Blastoise|Protect|p2a: Blastoise
|-singleturn|p2a: Blastoise|Protect
|move|p2b: Incineroar|Flare Blitz|p1a: Primarina
|-resisted|p1a: Primarina|1
|-damage|p1a: Primarina|48/100
|-damage|p2b: Incineroar|86/100|[from] Recoil
|move|p1b: Charizard|Solar Beam||[still]
|-prepare|p1b: Charizard|Solar Beam
|-anim|p1b: Charizard|Solar Beam|p2a: Blastoise
|-activate|p2a: Blastoise|move: Protect
|
|-weather|SunnyDay|[upkeep]
|upkeep
|turn|4
|inactive|lox1sm has 30 seconds left.
|inactive|Jaime Huertas has 30 seconds left.
|inactive|lox1sm has 20 seconds left.
|inactive|lox1sm has 15 seconds left.
|
|t:|1783358880
|switch|p2a: Sneasler|Sneasler, L50, F|100/100
|move|p1a: Primarina|Protect|p1a: Primarina
|-singleturn|p1a: Primarina|Protect
|move|p2b: Incineroar|Parting Shot|p1a: Primarina
|-activate|p1a: Primarina|move: Protect
|move|p1b: Charizard|Heat Wave|p2b: Incineroar|[spread] p2a,p2b
|-resisted|p2b: Incineroar|1
|-damage|p2a: Sneasler|7/100
|-damage|p2b: Incineroar|61/100
|
|-weather|SunnyDay|[upkeep]
|upkeep
|turn|5
|inactive|lox1sm has 30 seconds left.
|inactive|Jaime Huertas has 30 seconds left.
|
|t:|1783358911
|switch|p1b: Farigiraf|Farigiraf, L50, F|4/100
|switch|p2a: Blastoise|Blastoise-Mega, L50, M|70/100
|move|p2b: Incineroar|Flare Blitz|p1a: Primarina
|-resisted|p1a: Primarina|1
|-damage|p1a: Primarina|2/100
|-damage|p2b: Incineroar|49/100|[from] Recoil
|-enditem|p2b: Incineroar|Sitrus Berry|[eat]
|-heal|p2b: Incineroar|74/100|[from] item: Sitrus Berry
|move|p1a: Primarina|Hyper Voice|p2b: Incineroar|[spread] p2a,p2b
|-resisted|p2a: Blastoise|1
|-supereffective|p2b: Incineroar|1
|-damage|p2a: Blastoise|60/100
|-damage|p2b: Incineroar|37/100
|
|-weather|none
|upkeep
|turn|6
|inactive|lox1sm has 30 seconds left.
|
|t:|1783358941
|move|p2a: Blastoise|Protect|p2a: Blastoise
|-singleturn|p2a: Blastoise|Protect
|move|p2b: Incineroar|Flare Blitz|p1a: Primarina
|-resisted|p1a: Primarina|1
|-damage|p1a: Primarina|0 fnt
|faint|p1a: Primarina
|-damage|p2b: Incineroar|37/100|[from] Recoil
|move|p1b: Farigiraf|Thunderbolt|p2a: Blastoise
|-activate|p2a: Blastoise|move: Protect
|
|-fieldend|move: Trick Room
|upkeep
|
|t:|1783358951
|switch|p1a: Charizard|Charizard-Mega-Y, L50, M|100/100
|-weather|SunnyDay|[from] ability: Drought|[of] p1a: Charizard
|turn|7
|
|t:|1783358965
|move|p2a: Blastoise|Protect||[still]
|-fail|p2a: Blastoise
|move|p1a: Charizard|Heat Wave|p2a: Blastoise|[spread] p2b
|-miss|p1a: Charizard|p2a: Blastoise
|-resisted|p2b: Incineroar|1
|-damage|p2b: Incineroar|11/100
|move|p1b: Farigiraf|Dazzling Gleam|p2b: Incineroar|[spread] p2a,p2b
|-damage|p2a: Blastoise|41/100
|-damage|p2b: Incineroar|0 fnt
|faint|p2b: Incineroar
|
|-weather|SunnyDay|[upkeep]
|upkeep
|
|t:|1783358973
|switch|p2b: Sneasler|Sneasler, L50, F|7/100
|turn|8
|
|t:|1783358991
|move|p2b: Sneasler|Dire Claw|p1a: Charizard
|-damage|p1a: Charizard|55/100
|move|p1a: Charizard|Heat Wave|p2b: Sneasler|[spread] p2a
|-miss|p1a: Charizard|p2b: Sneasler
|-resisted|p2a: Blastoise|1
|-damage|p2a: Blastoise|7/100
|move|p2a: Blastoise|Water Spout|p1a: Charizard|[spread] p1a,p1b
|-supereffective|p1a: Charizard|1
|-damage|p1a: Charizard|51/100
|-damage|p1b: Farigiraf|1/100
|move|p1b: Farigiraf|Dazzling Gleam|p2b: Sneasler|[spread] p2a,p2b
|-crit|p2a: Blastoise
|-damage|p2a: Blastoise|0 fnt
|-damage|p2b: Sneasler|0 fnt
|faint|p2a: Blastoise
|faint|p2b: Sneasler
|
|win|lox1sm
|inactive|lox1sm has 30 seconds to confirm battle start!
|inactive|Jaime Huertas has 30 seconds to confirm battle start!
||Jaime Huertas is ready for game 2.
|l|☆Jaime Huertas
|player|p2|
||lox1sm is ready for game 2.
|uhtml|next|Next: Game 2 of 3
