|j|☆theboyparris
|j|☆namboyVGC
|html|theboyparrisnamboyVGC    
|uhtml|bestof|Game 3 of a best-of-3
|t:|1785179805
|gametype|doubles
|player|p1|theboyparris|170|1120
|player|p2|namboyVGC|pokemonranger-gen4|1139
|gen|9
|tier|[Gen 9 Champions] VGC 2026 Reg M-B (Bo3)
|rated|
|rule|Species Clause: Limit one of each Pokémon
|rule|Item Clause: Limit 1 of each item
|clearpoke
|poke|p1|Metagross, L50|
|poke|p1|Araquanid, L50, M|
|poke|p1|Ceruledge, L50, M|
|poke|p1|Hydreigon, L50, F|
|poke|p1|Serperior, L50, M|
|poke|p1|Sneasler, L50, M|
|poke|p2|Tyranitar, L50, M|
|poke|p2|Excadrill, L50, F|
|poke|p2|Milotic, L50, F|
|poke|p2|Sinistcha, L50|
|poke|p2|Staraptor, L50, M|
|poke|p2|Gholdengo, L50|
|teampreview|4
|showteam|p1|Metagross||Metagrossite|ClearBody|HardPress,PsychicFangs,BodyPress,Protect|Jolly|||||50|]Araquanid||MysticWater|WaterBubble|Liquidation,LeechLife,WideGuard,Protect|Brave||M|||50|]Ceruledge||Charcoal|FlashFire|BitterBlade,ShadowSneak,BulkUp,Protect|Adamant||M|||50|]Hydreigon||LifeOrb|Levitate|DarkPulse,EarthPower,Tailwind,Protect|Modest||F|||50|]Serperior||WideLens|Contrary|LeafStorm,LightScreen,Reflect,Glare|Timid||M|||50|]Sneasler||FocusSash|PoisonTouch|CloseCombat,DireClaw,FakeOut,Coaching|Jolly||M|||50|
|showteam|p2|Tyranitar||Tyranitarite|SandStream|KnockOff,RockSlide,LowKick,Protect|Jolly||M|||50|]Excadrill||FocusSash|SandRush|HighHorsepower,IronHead,RockSlide,Protect|Adamant||F|||50|]Milotic||SitrusBerry|Competitive|Scald,IcyWind,Haze,Protect|Calm||F|||50|]Sinistcha||ColburBerry|Hospitality|MatchaGotcha,ShadowBall,Protect,RagePowder|Bold|||||50|]Staraptor||Staraptite|Intimidate|CloseCombat,BraveBird,Tailwind,Protect|Jolly||M|||50|]Gholdengo||LifeOrb|GoodasGold|MakeItRain,ShadowBall,NastyPlot,Protect|Modest|||||50|
|inactive|Battle timer is ON: inactive players will automatically lose when time's up. (requested by theboyparris)
|inactive|namboyVGC also wants the timer to be on.
|
|t:|1785179823
|teamsize|p1|4
|teamsize|p2|4
|start
|switch|p1a: Sneasler|Sneasler, L50, M|100/100
|switch|p1b: Hydreigon|Hydreigon, L50, F|100/100
|switch|p2a: Staraptor|Staraptor, L50, M|100/100
|switch|p2b: Gholdengo|Gholdengo, L50|100/100
|-ability|p2a: Staraptor|Intimidate|boost
|-unboost|p1a: Sneasler|atk|1
|-unboost|p1b: Hydreigon|atk|1
|turn|1
|
|t:|1785179838
|detailschange|p2a: Staraptor|Staraptor-Mega, L50, M
|-mega|p2a: Staraptor|Staraptor|Staraptite
|move|p2a: Staraptor|Protect|p2a: Staraptor
|-singleturn|p2a: Staraptor|Protect
|move|p1a: Sneasler|Fake Out|p2a: Staraptor
|-activate|p2a: Staraptor|move: Protect
|move|p1b: Hydreigon|Tailwind|p1b: Hydreigon
|-sidestart|p1: theboyparris|move: Tailwind
|move|p2b: Gholdengo|Make It Rain|p1b: Hydreigon|[spread] p1a,p1b
|-damage|p1a: Sneasler|22/100
|-damage|p1b: Hydreigon|37/100
|-unboost|p2b: Gholdengo|spa|2
|-damage|p2b: Gholdengo|90/100|[from] item: Life Orb
|
|upkeep
|turn|2
|inactive|theboyparris has 30 seconds left.
|inactive|namboyVGC has 30 seconds left.
|
|t:|1785179865
|move|p1b: Hydreigon|Protect|p1b: Hydreigon
|-singleturn|p1b: Hydreigon|Protect
|move|p1a: Sneasler|Dire Claw|p2a: Staraptor
|-damage|p2a: Staraptor|72/100
|-status|p2a: Staraptor|par
|move|p2b: Gholdengo|Make It Rain|p1a: Sneasler|[spread] p1a
|-activate|p1b: Hydreigon|move: Protect
|-damage|p1a: Sneasler|0 fnt
|-unboost|p2b: Gholdengo|spa|2
|faint|p1a: Sneasler
|-damage|p2b: Gholdengo|80/100|[from] item: Life Orb
|move|p2a: Staraptor|Tailwind|p2a: Staraptor
|-sidestart|p2: namboyVGC|move: Tailwind
|
|upkeep
|
|t:|1785179880
|switch|p1a: Metagross|Metagross, L50|100/100
|turn|3
|
|t:|1785179895
|switch|p2b: Excadrill|Excadrill, L50, F|100/100
|switch|p2a: Tyranitar|Tyranitar, L50, M|100/100
|-weather|Sandstorm|[from] ability: Sand Stream|[of] p2a: Tyranitar
|detailschange|p1a: Metagross|Metagross-Mega, L50
|-mega|p1a: Metagross|Metagross|Metagrossite
|move|p1a: Metagross|Psychic Fangs|p2a: Tyranitar
|-immune|p2a: Tyranitar
|move|p1b: Hydreigon|Dark Pulse|p2b: Excadrill
|-damage|p2b: Excadrill|14/100
|-damage|p1b: Hydreigon|28/100|[from] item: Life Orb
|
|-weather|Sandstorm|[upkeep]
|-damage|p1b: Hydreigon|22/100|[from] Sandstorm
|upkeep
|turn|4
|inactive|theboyparris has 30 seconds left.
|inactive|theboyparris has 20 seconds left.
|inactive|theboyparris has 15 seconds left.
|inactive|theboyparris has 10 seconds left.
|
|t:|1785179944
|switch|p1b: Araquanid|Araquanid, L50, M|100/100
|move|p2a: Tyranitar|Protect|p2a: Tyranitar
|-singleturn|p2a: Tyranitar|Protect
|move|p2b: Excadrill|High Horsepower|p1a: Metagross
|-supereffective|p1a: Metagross|1
|-damage|p1a: Metagross|21/100
|move|p1a: Metagross|Psychic Fangs|p2b: Excadrill
|-resisted|p2b: Excadrill|1
|-damage|p2b: Excadrill|0 fnt
|faint|p2b: Excadrill
|
|-weather|Sandstorm|[upkeep]
|-damage|p1b: Araquanid|94/100|[from] Sandstorm
|-sideend|p1: theboyparris|move: Tailwind
|upkeep
|
|t:|1785179968
|switch|p2b: Staraptor|Staraptor-Mega, L50, M|72/100 par
|turn|5
|
|t:|1785179991
|move|p1a: Metagross|Protect|p1a: Metagross
|-singleturn|p1a: Metagross|Protect
|move|p1b: Araquanid|Protect|p1b: Araquanid
|-singleturn|p1b: Araquanid|Protect
|move|p2a: Tyranitar|Rock Slide|p1a: Metagross|[spread] 
|-activate|p1a: Metagross|move: Protect
|-activate|p1b: Araquanid|move: Protect
|move|p2b: Staraptor|Close Combat|p1a: Metagross
|-activate|p1a: Metagross|move: Protect
|
|-weather|Sandstorm|[upkeep]
|-damage|p2b: Staraptor|66/100 par|[from] Sandstorm
|-damage|p1b: Araquanid|88/100|[from] Sandstorm
|-sideend|p2: namboyVGC|move: Tailwind
|upkeep
|turn|6
|
|t:|1785180016
|move|p1a: Metagross|Body Press|p2a: Tyranitar
|-supereffective|p2a: Tyranitar|2
|-damage|p2a: Tyranitar|0 fnt
|faint|p2a: Tyranitar
|move|p2b: Staraptor|Close Combat|p1a: Metagross
|-damage|p1a: Metagross|0 fnt
|-boost|p2b: Staraptor|def|1
|-boost|p2b: Staraptor|spd|1
|faint|p1a: Metagross
|move|p1b: Araquanid|Liquidation|p2b: Staraptor
|-damage|p2b: Staraptor|17/100 par
|-boost|p2b: Staraptor|def|1
|
|-weather|Sandstorm|[upkeep]
|-damage|p2b: Staraptor|11/100 par|[from] Sandstorm
|-damage|p1b: Araquanid|82/100|[from] Sandstorm
|upkeep
|
|t:|1785180031
|switch|p1a: Hydreigon|Hydreigon, L50, F|22/100
|switch|p2a: Gholdengo|Gholdengo, L50|80/100
|turn|7
|
|t:|1785180055
|move|p2b: Staraptor|Protect|p2b: Staraptor
|-singleturn|p2b: Staraptor|Protect
|move|p1a: Hydreigon|Dark Pulse|p2b: Staraptor
|-activate|p2b: Staraptor|move: Protect
|move|p2a: Gholdengo|Shadow Ball|p1a: Hydreigon
|-resisted|p1a: Hydreigon|1
|-damage|p1a: Hydreigon|0 fnt
|faint|p1a: Hydreigon
|-damage|p2a: Gholdengo|71/100|[from] item: Life Orb
|move|p1b: Araquanid|Liquidation|p2a: Gholdengo
|-damage|p2a: Gholdengo|10/100
|
|-weather|none
|upkeep
|turn|8
|
|t:|1785180075
|move|p2a: Gholdengo|Shadow Ball|p1b: Araquanid
|-damage|p1b: Araquanid|40/100
|-damage|p2a: Gholdengo|1/100|[from] item: Life Orb
|move|p2b: Staraptor|Brave Bird|p1b: Araquanid
|-supereffective|p1b: Araquanid|1
|-damage|p1b: Araquanid|0 fnt
|faint|p1b: Araquanid
|-damage|p2b: Staraptor|0 fnt|[from] Recoil
|faint|p2b: Staraptor
|
|win|namboyVGC
|raw|theboyparris's rating: 1120 → 1096(-24 for losing)
|raw|namboyVGC's rating: 1139 → 1163(+24 for winning)
