|j|☆x-demon18
|j|☆marin le paon
|html|x-demon18marin le paon    
|uhtml|bestof|Game 1 of a best-of-3
|t:|1783940028
|gametype|doubles
|player|p1|x-demon18|lucas|1286
|player|p2|marin le paon|169|1177
|gen|9
|tier|[Gen 9 Champions] VGC 2026 Reg M-B (Bo3)
|rated|
|rule|Species Clause: Limit one of each Pokémon
|rule|Item Clause: Limit 1 of each item
|clearpoke
|poke|p1|Incineroar, L50, F|
|poke|p1|Rotom-Wash, L50|
|poke|p1|Venusaur, L50, M|
|poke|p1|Garchomp, L50, M|
|poke|p1|Sylveon, L50, F|
|poke|p1|Corviknight, L50, M|
|poke|p2|Excadrill, L50, F|
|poke|p2|Altaria, L50, F|
|poke|p2|Grimmsnarl, L50, M|
|poke|p2|Venusaur, L50, M|
|poke|p2|Milotic, L50, M|
|poke|p2|Incineroar, L50, F|
|teampreview|4
|showteam|p1|Incineroar||ExpertBelt|Intimidate|FakeOut,TemperFlare,ThroatChop,PartingShot|Adamant||F|||50|]Rotom-Wash||SitrusBerry|Levitate|HydroPump,Electroweb,WillOWisp,VoltSwitch|Modest|||||50|]Venusaur||Venusaurite|Chlorophyll|GigaDrain,SludgeBomb,EarthPower,Protect|Modest||M|||50|]Garchomp||LifeOrb|RoughSkin|RockSlide,DragonClaw,StompingTantrum,Protect|Jolly||M|||50|]Sylveon||FairyFeather|Pixilate|HyperVoice,QuickAttack,Yawn,Detect|Modest||F|||50|]Corviknight||OccaBerry|MirrorArmor|Tailwind,BraveBird,IronHead,BodyPress|Careful||M|||50|
|showteam|p2|Excadrill||Excadrite|SandRush|HornDrill,StompingTantrum,IronHead,Protect|Jolly||F|||50|]Altaria||RoseliBerry|CloudNine|DragonPulse,WillOWisp,Tailwind,Roost|Impish||F|||50|]Grimmsnarl||LightClay|Prankster|SpiritBreak,LightScreen,Reflect,PartingShot|Bold||M|||50|]Venusaur||Venusaurite|Overgrow|GigaDrain,SludgeBomb,EarthPower,Protect|Modest||M|||50|]Milotic||Leftovers|Competitive|MuddyWater,Hypnosis,Coil,Protect|Modest||M|||50|]Incineroar||SitrusBerry|Intimidate|FlareBlitz,DarkestLariat,FakeOut,PartingShot|Careful||F|||50|
|inactive|Battle timer is ON: inactive players will automatically lose when time's up. (requested by marin le paon)
|inactive|x-demon18 has 60 seconds left.
|inactive|marin le paon has 60 seconds left.
|inactive|marin le paon has 30 seconds left.
|inactive|marin le paon has 20 seconds left.
|inactive|marin le paon has 15 seconds left.
|inactive|marin le paon has 10 seconds left.
|
|t:|1783940118
|teamsize|p1|4
|teamsize|p2|4
|start
|switch|p1a: HydroVolt|Rotom-Wash, L50|100/100
|switch|p1b: Griffith|Corviknight, L50, M|100/100
|switch|p2a: Altaria|Altaria, L50, F|100/100
|switch|p2b: Incineroar|Incineroar, L50, F|100/100
|-ability|p2a: Altaria|Cloud Nine
|-ability|p2b: Incineroar|Intimidate|boost
|-unboost|p1a: HydroVolt|atk|1
|-ability|p1b: Griffith|Mirror Armor
|-unboost|p2b: Incineroar|atk|1
|turn|1
|inactive|x-demon18 has 30 seconds left.
|inactive|x-demon18 has 20 seconds left.
|
|t:|1783940158
|move|p2b: Incineroar|Fake Out|p1a: HydroVolt
|-damage|p1a: HydroVolt|92/100
|move|p2a: Altaria|Will-O-Wisp|p1b: Griffith
|-status|p1b: Griffith|brn
|cant|p1a: HydroVolt|flinch
|move|p1b: Griffith|Tailwind|p1b: Griffith
|-sidestart|p1: x-demon18|move: Tailwind
|
|-damage|p1b: Griffith|94/100 brn|[from] brn
|upkeep
|turn|2
|inactive|x-demon18 has 30 seconds left.
|inactive|marin le paon has 30 seconds left.
|
|t:|1783940190
|move|p1a: HydroVolt|Volt Switch|p2a: Altaria
|-damage|p2a: Altaria|71/100
|
|t:|1783940193
|switch|p1a: Wolverine|Incineroar, L50, F|100/100|[from] Volt Switch
|-ability|p1a: Wolverine|Intimidate|boost
|-unboost|p2a: Altaria|atk|1
|-unboost|p2b: Incineroar|atk|1
|move|p1b: Griffith|Body Press|p2b: Incineroar
|-supereffective|p2b: Incineroar|1
|-damage|p2b: Incineroar|81/100
|move|p2a: Altaria|Dragon Pulse|p1a: Wolverine
|-damage|p1a: Wolverine|83/100
|move|p2b: Incineroar|Parting Shot|p1a: Wolverine
|-unboost|p1a: Wolverine|atk|1
|-unboost|p1a: Wolverine|spa|1
|
|t:|1783940208
|switch|p2b: Grimmsnarl|Grimmsnarl, L50, M|100/100|[from] Parting Shot
|
|-damage|p1b: Griffith|88/100 brn|[from] brn
|upkeep
|turn|3
|
|t:|1783940226
|move|p2b: Grimmsnarl|Reflect|p2b: Grimmsnarl
|-sidestart|p2: marin le paon|Reflect
|move|p1b: Griffith|Iron Head|p2b: Grimmsnarl
|-supereffective|p2b: Grimmsnarl|1
|-damage|p2b: Grimmsnarl|79/100
|move|p1a: Wolverine|Parting Shot|p2a: Altaria
|-unboost|p2a: Altaria|atk|1
|-unboost|p2a: Altaria|spa|1
|
|t:|1783940238
|switch|p1a: Yggdrasil|Venusaur, L50, M|100/100|[from] Parting Shot
|move|p2a: Altaria|Roost|p2a: Altaria
|-heal|p2a: Altaria|100/100
|-singleturn|p2a: Altaria|move: Roost
|
|-damage|p1b: Griffith|82/100 brn|[from] brn
|upkeep
|turn|4
|inactive|x-demon18 has 30 seconds left.
|
|t:|1783940265
|switch|p1b: HydroVolt|Rotom-Wash, L50|92/100
|detailschange|p1a: Yggdrasil|Venusaur-Mega, L50, M
|-mega|p1a: Yggdrasil|Venusaur|Venusaurite
|move|p2b: Grimmsnarl|Parting Shot|p1a: Yggdrasil
|-unboost|p1a: Yggdrasil|atk|1
|-unboost|p1a: Yggdrasil|spa|1
|
|t:|1783940278
|switch|p2b: Excadrill|Excadrill, L50, F|100/100|[from] Parting Shot
|move|p1a: Yggdrasil|Sludge Bomb|p2b: Excadrill
|-immune|p2b: Excadrill
|move|p2a: Altaria|Tailwind|p2a: Altaria
|-sidestart|p2: marin le paon|move: Tailwind
|
|-sideend|p1: x-demon18|move: Tailwind
|upkeep
|turn|5
|inactive|marin le paon has 30 seconds left.
|inactive|marin le paon has 20 seconds left.
|inactive|marin le paon has 15 seconds left.
|inactive|marin le paon has 10 seconds left.
|inactive|marin le paon has 5 seconds left.
|
|t:|1783940329
|switch|p2b: Incineroar|Incineroar, L50, F|81/100
|-ability|p2b: Incineroar|Intimidate|boost
|-unboost|p1a: Yggdrasil|atk|1
|-unboost|p1b: HydroVolt|atk|1
|switch|p2a: Grimmsnarl|Grimmsnarl, L50, M|79/100
|move|p1a: Yggdrasil|Giga Drain|p2b: Incineroar
|-resisted|p2b: Incineroar|1
|-damage|p2b: Incineroar|71/100
|move|p1b: HydroVolt|Will-O-Wisp|p2b: Incineroar
|-immune|p2b: Incineroar
|
|upkeep
|turn|6
|
|t:|1783940348
|switch|p1a: Wolverine|Incineroar, L50, F|83/100
|-ability|p1a: Wolverine|Intimidate|boost
|-unboost|p2a: Grimmsnarl|atk|1
|-unboost|p2b: Incineroar|atk|1
|move|p2a: Grimmsnarl|Light Screen|p2a: Grimmsnarl
|-sidestart|p2: marin le paon|move: Light Screen
|move|p2b: Incineroar|Flare Blitz|p1a: Wolverine
|-resisted|p1a: Wolverine|1
|-damage|p1a: Wolverine|67/100
|-damage|p2b: Incineroar|66/100|[from] Recoil
|move|p1b: HydroVolt|Electroweb|p2b: Incineroar|[spread] p2a,p2b
|-damage|p2a: Grimmsnarl|67/100
|-damage|p2b: Incineroar|57/100
|-unboost|p2a: Grimmsnarl|spe|1
|-unboost|p2b: Incineroar|spe|1
|
|upkeep
|turn|7
|inactive|x-demon18 has 30 seconds left.
|
|t:|1783940375
|move|p2a: Grimmsnarl|Parting Shot|p1b: HydroVolt
|-unboost|p1b: HydroVolt|atk|1
|-unboost|p1b: HydroVolt|spa|1
|
|t:|1783940382
|switch|p2a: Excadrill|Excadrill, L50, F|100/100|[from] Parting Shot
|move|p2b: Incineroar|Parting Shot|p1b: HydroVolt
|-unboost|p1b: HydroVolt|atk|1
|-unboost|p1b: HydroVolt|spa|1
|
|t:|1783940394
|switch|p2b: Altaria|Altaria, L50, F|100/100|[from] Parting Shot
|-ability|p2b: Altaria|Cloud Nine
|move|p1b: HydroVolt|Hydro Pump|p2b: Altaria|[miss]
|-miss|p1b: HydroVolt|p2b: Altaria
|move|p1a: Wolverine|Throat Chop|p2a: Excadrill
|-damage|p2a: Excadrill|62/100
|-start|p2a: Excadrill|Throat Chop|[silent]
|
|-sideend|p2: marin le paon|move: Tailwind
|upkeep
|turn|8
|inactive|x-demon18 has 30 seconds left.
|inactive|marin le paon has 30 seconds left.
|
|t:|1783940423
|switch|p1a: Griffith|Corviknight, L50, M|82/100 brn
|detailschange|p2a: Excadrill|Excadrill-Mega, L50, F
|-mega|p2a: Excadrill|Excadrill|Excadrite
|move|p2a: Excadrill|Horn Drill|p1a: Griffith|[miss]
|-miss|p2a: Excadrill|p1a: Griffith
|move|p2b: Altaria|Dragon Pulse|p1b: HydroVolt
|-damage|p1b: HydroVolt|71/100
|move|p1b: HydroVolt|Electroweb|p2a: Excadrill|[spread] p2b
|-immune|p2a: Excadrill
|-damage|p2b: Altaria|93/100
|-unboost|p2b: Altaria|spe|1
|
|-damage|p1a: Griffith|76/100 brn|[from] brn
|-end|p2a: Excadrill|Throat Chop|[silent]
|upkeep
|turn|9
|inactive|marin le paon has 30 seconds left.
|inactive|x-demon18 has 30 seconds left.
|inactive|marin le paon has 20 seconds left.
|inactive|marin le paon has 15 seconds left.
|inactive|marin le paon has 10 seconds left.
|
|t:|1783940473
|move|p2a: Excadrill|Horn Drill|p1b: HydroVolt|[miss]
|-miss|p2a: Excadrill|p1b: HydroVolt
|move|p1b: HydroVolt|Hydro Pump|p2a: Excadrill
|-supereffective|p2a: Excadrill|1
|-damage|p2a: Excadrill|17/100
|move|p1a: Griffith|Tailwind|p1a: Griffith
|-sidestart|p1: x-demon18|move: Tailwind
|move|p2b: Altaria|Tailwind|p2b: Altaria
|-sidestart|p2: marin le paon|move: Tailwind
|
|-damage|p1a: Griffith|71/100 brn|[from] brn
|upkeep
|turn|10
|-message|marin le paon forfeited.
|
|win|x-demon18
|l|☆marin le paon
|player|p2|
|j|☆marin le paon
|player|p2|marin le paon|169|
|l|☆marin le paon
|player|p2|
