|j|☆Advertisementish
|j|☆higigig
|html|Advertisementishhigigig    
|uhtml|bestof|Game 1 of a best-of-3
|t:|1756192294
|gametype|doubles
|player|p1|Advertisementish|n|1136
|player|p2|higigig|sisandbro|1218
|gen|9
|tier|[Gen 9] VGC 2025 Reg H (Bo3)
|rated|
|rule|Species Clause: Limit one of each Pokémon
|rule|Item Clause: Limit 1 of each item
|clearpoke
|poke|p1|Hatterene, L50, F|
|poke|p1|Indeedee-F, L50, F|
|poke|p1|Ursaluna, L50, F|
|poke|p1|Gallade, L50, M|
|poke|p1|Torkoal, L50, M|
|poke|p1|Lilligant-Hisui, L50, F|
|poke|p2|Sneasler, L50, F|
|poke|p2|Gholdengo, L50|
|poke|p2|Farigiraf, L50, F|
|poke|p2|Ursaluna-Bloodmoon, L50, M|
|poke|p2|Amoonguss, L50, F|
|poke|p2|Altaria, L50, F|
|teampreview|4
|showteam|p1|Hatterene||CovertCloak|MagicBounce|TeraBlast,DazzlingGleam,ExpandingForce,TrickRoom|||F|||50|,,,,,Fire]Indeedee-F||PsychicSeed|PsychicSurge|Psychic,FollowMe,HelpingHand,TrickRoom|||F|||50|,,,,,Grass]Ursaluna||FlameOrb|Guts|Facade,Earthquake,HeadlongRush,Protect|||F|||50|,,,,,Ghost]Gallade||ClearAmulet|Sharpness|PsychoCut,SacredSword,WideGuard,TrickRoom|||M|||50|,,,,,Grass]Torkoal||Charcoal|Drought|Eruption,HeatWave,WeatherBall,ClearSmog|||M|||50|,,,,,Fire]Lilligant-Hisui||FocusSash|Chlorophyll|SolarBlade,CloseCombat,AfterYou,SleepPowder|||F|||50|,,,,,Stellar
|showteam|p2|Sneasler||FocusSash|PoisonTouch|FakeOut,CloseCombat,DireClaw,Taunt|||F|||50|,,,,,Ghost]Gholdengo||ChoiceSpecs|GoodasGold|MakeItRain,ShadowBall,DazzlingGleam,PowerGem||||||50|,,,,,Steel]Farigiraf||MentalHerb|ArmorTail|Psychic,Imprison,HelpingHand,TrickRoom|||F|||50|,,,,,Grass]Ursaluna-Bloodmoon||ThroatSpray|MindsEye|HyperVoice,EarthPower,BloodMoon,Protect|||M|||50|,,,,,Normal]Amoonguss||SitrusBerry|Regenerator|SludgeBomb,PollenPuff,Spore,RagePowder|||F|||50|,,,,,Water]Altaria||CovertCloak|CloudNine|BreakingSwipe,HelpingHand,Haze,Tailwind|||F|||50|,,,,,Water
|inactive|Battle timer is ON: inactive players will automatically lose when time's up. (requested by higigig)
|inactive|Advertisementish also wants the timer to be on.
|inactive|Advertisementish has 60 seconds left.
|inactive|higigig has 60 seconds left.
|inactive|Advertisementish has 30 seconds left.
|
|t:|1756192361
|teamsize|p1|4
|teamsize|p2|4
|start
|switch|p1a: Ursaluna|Ursaluna, L50, F|100/100
|switch|p1b: Indeedee|Indeedee-F, L50, F|100/100
|switch|p2a: Altaria|Altaria, L50, F|100/100
|switch|p2b: Sneasler|Sneasler, L50, F|100/100
|-ability|p2a: Altaria|Cloud Nine
|-fieldstart|move: Psychic Terrain|[from] ability: Psychic Surge|[of] p1b: Indeedee
|-enditem|p1b: Indeedee|Psychic Seed
|-boost|p1b: Indeedee|spd|1|[from] item: Psychic Seed
|turn|1
|inactive|Advertisementish has 30 seconds left.
|inactive|higigig has 30 seconds left.
|inactive|Advertisementish has 20 seconds left.
|
|t:|1756192396
|switch|p2a: Gholdengo|Gholdengo, L50|100/100
|-terastallize|p1a: Ursaluna|Ghost
|move|p1b: Indeedee|Follow Me|p1b: Indeedee
|-singleturn|p1b: Indeedee|move: Follow Me
|move|p2b: Sneasler|Taunt|p1b: Indeedee
|-start|p1b: Indeedee|move: Taunt
|move|p1a: Ursaluna|Facade|p2b: Sneasler
|-damage|p2b: Sneasler|29/100
|
|-status|p1a: Ursaluna|brn|[from] item: Flame Orb
|upkeep
|turn|2
|inactive|higigig has 30 seconds left.
|
|t:|1756192427
|-terastallize|p2a: Gholdengo|Steel
|move|p1a: Ursaluna|Protect|p1a: Ursaluna
|-singleturn|p1a: Ursaluna|Protect
|move|p2b: Sneasler|Close Combat|p1b: Indeedee
|-damage|p1b: Indeedee|39/100
|-unboost|p2b: Sneasler|def|1
|-unboost|p2b: Sneasler|spd|1
|move|p2a: Gholdengo|Make It Rain|p1b: Indeedee|[spread] p1b
|-activate|p1a: Ursaluna|move: Protect
|-damage|p1b: Indeedee|0 fnt
|-unboost|p2a: Gholdengo|spa|1
|faint|p1b: Indeedee
|
|-damage|p1a: Ursaluna|95/100 brn|[from] brn
|upkeep
|
|t:|1756192443
|switch|p1b: Torkoal|Torkoal, L50, M|100/100
|-weather|SunnyDay|[from] ability: Drought|[of] p1b: Torkoal
|turn|3
|
|t:|1756192459
|move|p2b: Sneasler|Close Combat|p1b: Torkoal
|-damage|p1b: Torkoal|51/100
|-unboost|p2b: Sneasler|def|1
|-unboost|p2b: Sneasler|spd|1
|move|p2a: Gholdengo|Make It Rain|p1b: Torkoal|[spread] p1a,p1b
|-resisted|p1b: Torkoal
|-damage|p1a: Ursaluna|41/100 brn
|-damage|p1b: Torkoal|5/100
|-unboost|p2a: Gholdengo|spa|1
|move|p1a: Ursaluna|Facade|p2b: Sneasler
|-damage|p2b: Sneasler|0 fnt
|faint|p2b: Sneasler
|move|p1b: Torkoal|Heat Wave|p2a: Gholdengo
|-supereffective|p2a: Gholdengo
|-damage|p2a: Gholdengo|0 fnt
|faint|p2a: Gholdengo
|
|-weather|SunnyDay|[upkeep]
|-damage|p1a: Ursaluna|35/100 brn|[from] brn
|upkeep
|
|t:|1756192467
|switch|p2b: Amoonguss|Amoonguss, L50, F|100/100
|switch|p2a: Altaria|Altaria, L50, F|100/100
|-ability|p2a: Altaria|Cloud Nine
|turn|4
|
|t:|1756192488
|move|p2a: Altaria|Breaking Swipe|p1a: Ursaluna|[spread] p1a,p1b
|-damage|p1a: Ursaluna|26/100 brn
|-damage|p1b: Torkoal|0 fnt
|-unboost|p1a: Ursaluna|atk|1
|faint|p1b: Torkoal
|move|p1a: Ursaluna|Facade|p2b: Amoonguss
|-damage|p2b: Amoonguss|19/100
|-enditem|p2b: Amoonguss|Sitrus Berry|[eat]
|-heal|p2b: Amoonguss|44/100|[from] item: Sitrus Berry
|move|p2b: Amoonguss|Sludge Bomb|p1a: Ursaluna
|-resisted|p1a: Ursaluna
|-damage|p1a: Ursaluna|14/100 brn
|
|-weather|SunnyDay|[upkeep]
|-damage|p1a: Ursaluna|8/100 brn|[from] brn
|upkeep
|
|t:|1756192502
|switch|p1b: Hatterene|Hatterene, L50, F|100/100
|turn|5
|
|t:|1756192513
|move|p2a: Altaria|Breaking Swipe|p1a: Ursaluna|[spread] p1a
|-immune|p1b: Hatterene
|-damage|p1a: Ursaluna|0 fnt
|faint|p1a: Ursaluna
|move|p2b: Amoonguss|Sludge Bomb|p1b: Hatterene
|-supereffective|p1b: Hatterene
|-damage|p1b: Hatterene|38/100
|move|p1b: Hatterene|Trick Room|p1b: Hatterene
|-fieldstart|move: Trick Room|[of] p1b: Hatterene
|
|-weather|SunnyDay|[upkeep]
|-fieldend|move: Psychic Terrain
|upkeep
|turn|6
|
|t:|1756192529
|move|p2a: Altaria|Helping Hand|p2b: Amoonguss
|-singleturn|p2b: Amoonguss|Helping Hand|[of] p2a: Altaria
|move|p1b: Hatterene|Expanding Force|p2b: Amoonguss
|-supereffective|p2b: Amoonguss
|-damage|p2b: Amoonguss|0 fnt
|faint|p2b: Amoonguss
|
|-weather|SunnyDay|[upkeep]
|upkeep
|turn|7
|-message|higigig forfeited.
|
|win|Advertisementish
