|j|☆Magikaliper
|j|☆briandude
|html|Magikaliperbriandude    
|uhtml|bestof|Game 1 of a best-of-3
|t:|1785702438
|gametype|doubles
|player|p1|Magikaliper|101|
|player|p2|briandude|gambler|
|gen|9
|tier|[Gen 9 Champions] VGC 2026 Reg M-B (Bo3)
|rule|Species Clause: Limit one of each Pokémon
|rule|Item Clause: Limit 1 of each item
|clearpoke
|poke|p1|Aerodactyl, L50, M, shiny|
|poke|p1|Scizor, L50, M, shiny|
|poke|p1|Spiritomb, L50, M, shiny|
|poke|p1|Tauros-Paldea-Aqua, L50, M, shiny|
|poke|p1|Camerupt, L50, M, shiny|
|poke|p1|Dragapult, L50, M, shiny|
|poke|p2|Metagross, L50|
|poke|p2|Blastoise, L50, F, shiny|
|poke|p2|Hawlucha, L50, F, shiny|
|poke|p2|Garchomp, L50, M, shiny|
|poke|p2|Audino, L50, F, shiny|
|poke|p2|Gardevoir, L50, M|
|teampreview|4
|showteam|p1|Aerodactyl||FocusSash|Unnerve|RockSlide,DualWingbeat,Tailwind,Protect|Adamant||M|||50|]Scizor||Scizorite|Technician|BugBite,BulletPunch,KnockOff,Protect|Adamant||M|||50|]Spiritomb||MentalHerb|Pressure|Snarl,TrickRoom,WillOWisp,HelpingHand|Relaxed||M|||50|]Tauros-Paldea-Aqua||PayapaBerry|Intimidate|WaveCrash,CloseCombat,Earthquake,Protect|Adamant||M|||50|]Camerupt||Cameruptite|SolidRock|HeatWave,EarthPower,AncientPower,Protect|Quiet||M|||50|]Dragapult||LifeOrb|ClearBody|DracoMeteor,ShadowBall,Uturn,Protect|Timid||M|||50|
|showteam|p2|Metagross||Metagrossite|ClearBody|IronHead,PsychicFangs,BulletPunch,Protect|Jolly|||||50|]Blastoise||MysticWater|Torrent|WaterSpout,ShellSmash,MuddyWater,BrickBreak|Mild||F|||50|]Hawlucha||WhiteHerb|Unburden|Coaching,Taunt,CloseCombat,HelpingHand|Impish||F|||50|]Garchomp||Garchompite|RoughSkin|Earthquake,Flamethrower,ScaleShot,Protect|Naughty||M|||50|]Audino||Leftovers|Healer|TrickRoom,AllySwitch,HelpingHand,HyperVoice|Bold||F|||50|]Gardevoir||FocusSash|Telepathy|HelpingHand,Moonblast,MysticalFire,TrickRoom|Modest||M|||50|
|c|☆briandude|rip open team sheet
|c|☆briandude|im not looking
|c|☆Magikaliper|Oh sorry
|c|☆Magikaliper|I forgot
|c|☆Magikaliper|i aint lookin either but if you want i can change the format
|c|☆briandude|all good i trust you we can just ignore
|c|☆Magikaliper|Aight
|
|t:|1785702539
|teamsize|p1|4
|teamsize|p2|4
|start
|switch|p1a: Dragapult|Dragapult, L50, M, shiny|100/100
|switch|p1b: Aerodactyl|Aerodactyl, L50, M, shiny|100/100
|switch|p2a: Blastoise|Blastoise, L50, F, shiny|100/100
|switch|p2b: Audino|Audino, L50, F, shiny|100/100
|-ability|p1b: Aerodactyl|Unnerve
|turn|1
|
|t:|1785702577
|move|p2b: Audino|Ally Switch|p2b: Audino
|swap|p2b: Audino|0|[from] move: Ally Switch
|move|p1b: Aerodactyl|Rock Slide|p2a: Audino|[spread] p2a
|-miss|p1b: Aerodactyl|p2b: Blastoise
|-damage|p2a: Audino|82/100
|move|p1a: Dragapult|Draco Meteor|p2a: Audino
|-damage|p2a: Audino|12/100
|-unboost|p1a: Dragapult|spa|2
|-damage|p1a: Dragapult|90/100|[from] item: Life Orb
|move|p2b: Blastoise|Shell Smash|p2b: Blastoise
|-unboost|p2b: Blastoise|def|1
|-unboost|p2b: Blastoise|spd|1
|-boost|p2b: Blastoise|atk|2
|-boost|p2b: Blastoise|spa|2
|-boost|p2b: Blastoise|spe|2
|
|-heal|p2a: Audino|18/100|[from] item: Leftovers
|upkeep
|turn|2
|
|t:|1785702634
|move|p2a: Audino|Helping Hand|p2b: Blastoise
|-singleturn|p2b: Blastoise|Helping Hand|[of] p2a: Audino
|move|p1a: Dragapult|Protect|p1a: Dragapult
|-singleturn|p1a: Dragapult|Protect
|move|p2b: Blastoise|Water Spout|p1b: Aerodactyl|[spread] p1b
|-activate|p1a: Dragapult|move: Protect
|-supereffective|p1b: Aerodactyl|1
|-enditem|p1b: Aerodactyl|Focus Sash
|-damage|p1b: Aerodactyl|1/100
|move|p1b: Aerodactyl|Tailwind|p1b: Aerodactyl
|-sidestart|p1: Magikaliper|move: Tailwind
|
|-heal|p2a: Audino|24/100|[from] item: Leftovers
|upkeep
|turn|3
|c|☆Magikaliper|god i hate ally switch XD clever though
|
|t:|1785702721
|move|p2a: Audino|Helping Hand|p2b: Blastoise
|-singleturn|p2b: Blastoise|Helping Hand|[of] p2a: Audino
|move|p1b: Aerodactyl|Rock Slide|p2b: Blastoise|[spread] p2a,p2b
|-damage|p2a: Audino|7/100
|-damage|p2b: Blastoise|49/100
|move|p1a: Dragapult|U-turn|p2a: Audino
|-damage|p2a: Audino|0 fnt
|faint|p2a: Audino
|-damage|p1a: Dragapult|80/100|[from] item: Life Orb
|
|t:|1785702732
|switch|p1a: Tauros|Tauros-Paldea-Aqua, L50, M, shiny|100/100|[from] U-turn
|-ability|p1a: Tauros|Intimidate|boost
|-unboost|p2b: Blastoise|atk|1
|move|p2b: Blastoise|Muddy Water|p1b: Aerodactyl|[spread] p1a
|-miss|p2b: Blastoise|p1b: Aerodactyl
|-resisted|p1a: Tauros|1
|-damage|p1a: Tauros|30/100
|-unboost|p1a: Tauros|accuracy|1
|
|upkeep
|
|t:|1785702760
|switch|p2a: Garchomp|Garchomp, L50, M, shiny|100/100
|turn|4
|
|t:|1785702782
|switch|p1a: Scizor|Scizor, L50, M, shiny|100/100
|detailschange|p2a: Garchomp|Garchomp-Mega, L50, M, shiny
|-mega|p2a: Garchomp|Garchomp|Garchompite
|move|p1b: Aerodactyl|Protect|p1b: Aerodactyl
|-singleturn|p1b: Aerodactyl|Protect
|move|p2b: Blastoise|Muddy Water|p1a: Scizor|[spread] p1a
|-activate|p1b: Aerodactyl|move: Protect
|-damage|p1a: Scizor|23/100
|move|p2a: Garchomp|Scale Shot|p1b: Aerodactyl
|-activate|p1b: Aerodactyl|move: Protect
|
|upkeep
|turn|5
|
|t:|1785702839
|switch|p1a: Tauros|Tauros-Paldea-Aqua, L50, M, shiny|30/100
|-ability|p1a: Tauros|Intimidate|boost
|-unboost|p2a: Garchomp|atk|1
|-unboost|p2b: Blastoise|atk|1
|move|p2a: Garchomp|Protect|p2a: Garchomp
|-singleturn|p2a: Garchomp|Protect
|move|p1b: Aerodactyl|Rock Slide|p2b: Blastoise|[spread] p2b
|-activate|p2a: Garchomp|move: Protect
|-damage|p2b: Blastoise|0 fnt
|faint|p2b: Blastoise
|
|-sideend|p1: Magikaliper|move: Tailwind
|upkeep
|
|t:|1785702849
|switch|p2b: Gardevoir|Gardevoir, L50, M|100/100
|turn|6
|
|t:|1785702878
|move|p1b: Aerodactyl|Rock Slide|p2a: Garchomp|[spread] p2a
|-miss|p1b: Aerodactyl|p2b: Gardevoir
|-resisted|p2a: Garchomp|1
|-damage|p2a: Garchomp|87/100
|move|p2a: Garchomp|Scale Shot|p1b: Aerodactyl
|-damage|p1b: Aerodactyl|0 fnt
|faint|p1b: Aerodactyl
|-hitcount|p1: Aerodactyl|1
|-unboost|p2a: Garchomp|def|1
|-boost|p2a: Garchomp|spe|1
|move|p2b: Gardevoir|Moonblast|p1a: Tauros
|-supereffective|p1a: Tauros|1
|-damage|p1a: Tauros|0 fnt
|faint|p1a: Tauros
|
|upkeep
|
|t:|1785702891
|switch|p1b: Dragapult|Dragapult, L50, M, shiny|80/100
|switch|p1a: Scizor|Scizor, L50, M, shiny|23/100
|turn|7
|
|t:|1785702971
|detailschange|p1a: Scizor|Scizor-Mega, L50, M, shiny
|-mega|p1a: Scizor|Scizor|Scizorite
|move|p1a: Scizor|Bullet Punch|p2a: Garchomp
|-damage|p2a: Garchomp|42/100
|move|p2a: Garchomp|Scale Shot|p1b: Dragapult
|-supereffective|p1b: Dragapult|1
|-damage|p1b: Dragapult|49/100
|-supereffective|p1b: Dragapult|1
|-damage|p1b: Dragapult|18/100
|-supereffective|p1b: Dragapult|1
|-damage|p1b: Dragapult|0 fnt
|faint|p1b: Dragapult
|-hitcount|p1: Dragapult|3
|-unboost|p2a: Garchomp|def|1
|-boost|p2a: Garchomp|spe|1
|move|p2b: Gardevoir|Mystical Fire|p1a: Scizor
|-supereffective|p1a: Scizor|2
|-damage|p1a: Scizor|0 fnt
|faint|p1a: Scizor
|
|win|briandude
|c|☆briandude|gg
|c|☆Magikaliper|ggs
|inactive|Magikaliper has 30 seconds to confirm battle start!
|inactive|briandude has 30 seconds to confirm battle start!
||Magikaliper is ready for game 2.
||briandude is ready for game 2.
|uhtml|next|Next: Game 2 of 3
