|j|☆viatles
|j|☆HunterOnShowdown
|html|viatlesHunterOnShowdown    
|uhtml|bestof|Game 2 of a best-of-3
|t:|1784265597
|gametype|doubles
|player|p1|viatles|hiker|1119
|player|p2|HunterOnShowdown|hilbert|1302
|gen|9
|tier|[Gen 9 Champions] VGC 2026 Reg M-B (Bo3)
|rated|
|rule|Species Clause: Limit one of each Pokémon
|rule|Item Clause: Limit 1 of each item
|clearpoke
|poke|p1|Falinks, L50|
|poke|p1|Maushold, L50|
|poke|p1|Sinistcha, L50|
|poke|p1|Sneasler, L50, F|
|poke|p1|Grimmsnarl, L50, M|
|poke|p1|Gyarados, L50, M|
|poke|p2|Emboar, L50, M|
|poke|p2|Meowscarada, L50, M|
|poke|p2|Ninetales-Alola, L50, F|
|poke|p2|Sneasler, L50, F, shiny|
|poke|p2|Aerodactyl, L50, M|
|poke|p2|Corviknight, L50, M, shiny|
|teampreview|4
|showteam|p1|Falinks||Falinksite|Defiant|NoRetreat,KnockOff,CloseCombat,Protect|Serious|||||50|]Maushold||WideLens|FriendGuard|FollowMe,PopulationBomb,Protect,SuperFang|Jolly|||||50|]Sinistcha||SitrusBerry|Hospitality|MatchaGotcha,RagePowder,Imprison,TrickRoom|Bold|||||50|]Sneasler||WhiteHerb|Unburden|FakeOut,DireClaw,CloseCombat,Protect|Jolly||F|||50|]Grimmsnarl||LightClay|Prankster|SpiritBreak,LightScreen,PartingShot,FakeOut|Careful||M|||50|]Gyarados||Gyaradosite|Intimidate|DragonDance,Protect,Crunch,Waterfall|Adamant||M|||50|
|showteam|p2|Emboar||Emboarite|Reckless|FlareBlitz,CloseCombat,SuckerPunch,Protect|Adamant||M|||50|]Meowscarada||ChoiceScarf|Protean|Uturn,FlowerTrick,ThroatChop,TripleAxel|Adamant||M|||50|]Ninetales-Alola||NeverMeltIce|SnowWarning|IcyWind,FreezeDry,Protect,Encore|Timid||F|||50|]Sneasler||WhiteHerb|Unburden|Coaching,CloseCombat,GunkShot,FakeOut|Jolly||F|||50|]Aerodactyl||Aerodactylite|Unnerve|RockSlide,WideGuard,DualWingbeat,Protect|Jolly||M|||50|]Corviknight||OccaBerry|MirrorArmor|Roost,Tailwind,BraveBird,BulkUp|Careful||M|||50|
|inactive|Battle timer is ON: inactive players will automatically lose when time's up. (requested by HunterOnShowdown)
|
|t:|1784265620
|teamsize|p1|4
|teamsize|p2|4
|start
|switch|p1a: Sneasler|Sneasler, L50, F|100/100
|switch|p1b: Gyarados|Gyarados, L50, M|100/100
|switch|p2a: Ptietro|Aerodactyl, L50, M|100/100
|switch|p2b: Muninn|Corviknight, L50, M, shiny|100/100
|-ability|p2a: Ptietro|Unnerve
|-ability|p1b: Gyarados|Intimidate|boost
|-unboost|p2a: Ptietro|atk|1
|-ability|p2b: Muninn|Mirror Armor
|-unboost|p1b: Gyarados|atk|1
|turn|1
|
|t:|1784265638
|switch|p2a: Misaki|Sneasler, L50, F, shiny|100/100
|move|p1a: Sneasler|Fake Out|p2a: Misaki
|-damage|p2a: Misaki|83/100
|move|p2b: Muninn|Tailwind|p2b: Muninn
|-sidestart|p2: HunterOnShowdown|move: Tailwind
|move|p1b: Gyarados|Dragon Dance|p1b: Gyarados
|-boost|p1b: Gyarados|atk|1
|-boost|p1b: Gyarados|spe|1
|
|upkeep
|turn|2
|
|t:|1784265653
|move|p2a: Misaki|Coaching|p2b: Muninn
|-boost|p2b: Muninn|atk|1
|-boost|p2b: Muninn|def|1
|move|p2b: Muninn|Brave Bird|p1a: Sneasler
|-supereffective|p1a: Sneasler|1
|-damage|p1a: Sneasler|0 fnt
|faint|p1a: Sneasler
|-damage|p2b: Muninn|72/100|[from] Recoil
|move|p1b: Gyarados|Dragon Dance|p1b: Gyarados
|-boost|p1b: Gyarados|atk|1
|-boost|p1b: Gyarados|spe|1
|
|upkeep
|
|t:|1784265666
|switch|p1a: Grimmsnarl|Grimmsnarl, L50, M|100/100
|turn|3
|
|t:|1784265673
|move|p1a: Grimmsnarl|Fake Out|p2b: Muninn
|-resisted|p2b: Muninn|1
|-damage|p2b: Muninn|69/100
|move|p2a: Misaki|Coaching|p2b: Muninn
|-boost|p2b: Muninn|atk|1
|-boost|p2b: Muninn|def|1
|cant|p2b: Muninn|flinch
|move|p1b: Gyarados|Dragon Dance|p1b: Gyarados
|-boost|p1b: Gyarados|atk|1
|-boost|p1b: Gyarados|spe|1
|
|upkeep
|turn|4
|
|t:|1784265692
|move|p2a: Misaki|Gunk Shot|p1a: Grimmsnarl
|-supereffective|p1a: Grimmsnarl|1
|-damage|p1a: Grimmsnarl|0 fnt
|faint|p1a: Grimmsnarl
|move|p1b: Gyarados|Waterfall|p2b: Muninn
|-damage|p2b: Muninn|30/100
|move|p2b: Muninn|Bulk Up|p2b: Muninn
|-boost|p2b: Muninn|atk|1
|-boost|p2b: Muninn|def|1
|
|-sideend|p2: HunterOnShowdown|move: Tailwind
|upkeep
|
|t:|1784265701
|switch|p1a: Maushold|Maushold, L50|100/100
|turn|5
|
|t:|1784265708
|move|p1b: Gyarados|Waterfall|p2b: Muninn
|-damage|p2b: Muninn|0 fnt
|faint|p2b: Muninn
|move|p1a: Maushold|Population Bomb|p2a: Misaki
|-damage|p2a: Misaki|74/100
|-damage|p2a: Misaki|65/100
|-damage|p2a: Misaki|56/100
|-damage|p2a: Misaki|47/100
|-damage|p2a: Misaki|39/100
|-damage|p2a: Misaki|30/100
|-damage|p2a: Misaki|21/100
|-damage|p2a: Misaki|12/100
|-damage|p2a: Misaki|3/100
|-damage|p2a: Misaki|0 fnt
|faint|p2a: Misaki
|-hitcount|p2: Misaki|10
|
|upkeep
|
|t:|1784265712
|switch|p2a: Ptietro|Aerodactyl, L50, M|100/100
|switch|p2b: Nora|Ninetales-Alola, L50, F|100/100
|-ability|p2a: Ptietro|Unnerve
|-weather|Snowscape|[from] ability: Snow Warning|[of] p2b: Nora
|turn|6
|inactive|viatles has 30 seconds left.
|
|t:|1784265741
|detailschange|p2a: Ptietro|Aerodactyl-Mega, L50, M
|-mega|p2a: Ptietro|Aerodactyl|Aerodactylite
|move|p2a: Ptietro|Protect|p2a: Ptietro
|-singleturn|p2a: Ptietro|Protect
|move|p1b: Gyarados|Waterfall|p2a: Ptietro
|-activate|p2a: Ptietro|move: Protect
|move|p1a: Maushold|Population Bomb|p2b: Nora
|-damage|p2b: Nora|93/100
|-damage|p2b: Nora|86/100
|-damage|p2b: Nora|80/100
|-damage|p2b: Nora|73/100
|-damage|p2b: Nora|66/100
|-damage|p2b: Nora|58/100
|-damage|p2b: Nora|51/100
|-damage|p2b: Nora|44/100
|-damage|p2b: Nora|36/100
|-damage|p2b: Nora|30/100
|-hitcount|p2b: Nora|10
|move|p2b: Nora|Icy Wind|p1a: Maushold|[spread] p1a,p1b
|-damage|p1a: Maushold|74/100
|-damage|p1b: Gyarados|89/100
|-unboost|p1a: Maushold|spe|1
|-unboost|p1b: Gyarados|spe|1
|
|-weather|Snowscape|[upkeep]
|upkeep
|turn|7
|inactive|viatles has 30 seconds left.
|inactive|viatles has 20 seconds left.
|
|t:|1784265782
|detailschange|p1b: Gyarados|Gyarados-Mega, L50, M
|-mega|p1b: Gyarados|Gyarados|Gyaradosite
|-ability|p1b: Gyarados|Mold Breaker
|move|p2a: Ptietro|Protect|p2a: Ptietro
|-singleturn|p2a: Ptietro|Protect
|move|p1a: Maushold|Follow Me|p1a: Maushold
|-singleturn|p1a: Maushold|move: Follow Me
|move|p1b: Gyarados|Waterfall|p2a: Ptietro
|-activate|p2a: Ptietro|move: Protect
|move|p2b: Nora|Icy Wind|p1b: Gyarados|[spread] p1a,p1b
|-resisted|p1b: Gyarados|1
|-damage|p1a: Maushold|47/100
|-damage|p1b: Gyarados|85/100
|-unboost|p1a: Maushold|spe|1
|-unboost|p1b: Gyarados|spe|1
|
|-weather|Snowscape|[upkeep]
|upkeep
|turn|8
|
|t:|1784265799
|move|p1a: Maushold|Follow Me|p1a: Maushold
|-singleturn|p1a: Maushold|move: Follow Me
|move|p2a: Ptietro|Rock Slide|p1b: Gyarados|[spread] p1a
|-miss|p2a: Ptietro|p1b: Gyarados
|-damage|p1a: Maushold|5/100
|move|p2b: Nora|Freeze-Dry|p1a: Maushold
|-damage|p1a: Maushold|0 fnt
|faint|p1a: Maushold
|move|p1b: Gyarados|Waterfall|p2a: Ptietro
|-supereffective|p2a: Ptietro|1
|-damage|p2a: Ptietro|0 fnt
|faint|p2a: Ptietro
|
|-weather|Snowscape|[upkeep]
|upkeep
|turn|9
|
|t:|1784265815
|move|p2b: Nora|Freeze-Dry|p1b: Gyarados
|-supereffective|p1b: Gyarados|1
|-damage|p1b: Gyarados|42/100
|move|p1b: Gyarados|Waterfall|p2b: Nora
|-damage|p2b: Nora|0 fnt
|faint|p2b: Nora
|
|win|viatles
||HunterOnShowdown is ready for game 3.
