|j|☆alt1738
|j|☆GAHSJ
|html|alt1738GAHSJ    
|uhtml|bestof|Game 2 of a best-of-3
|t:|1783096902
|gametype|doubles
|player|p1|alt1738|170|
|player|p2|GAHSJ|1|
|gen|9
|tier|[Gen 9 Champions] VGC 2026 Reg M-B (Bo3)
|rule|Species Clause: Limit one of each Pokémon
|rule|Item Clause: Limit 1 of each item
|clearpoke
|poke|p1|Gengar, L50, M, shiny|
|poke|p1|Kangaskhan, L50, F, shiny|
|poke|p1|Zoroark-Hisui, L50, M, shiny|
|poke|p1|Incineroar, L50, M, shiny|
|poke|p1|Farigiraf, L50, M, shiny|
|poke|p1|Orthworm, L50, M, shiny|
|poke|p2|Froslass, L50, F|
|poke|p2|Sinistcha, L50|
|poke|p2|Watchog, L50, M|
|poke|p2|Glimmora, L50, M|
|poke|p2|Corviknight, L50, M|
|poke|p2|Passimian, L50, F|
|teampreview|4
|showteam|p1|Gengar||Gengarite|CursedBody|ShadowBall,SludgeBomb,Thunderbolt,Protect|Timid||M|||50|]Kangaskhan||Kangaskhanite|Scrappy|FakeOut,DoubleEdge,DrainPunch,Protect|Adamant||F|||50|]Zoroark-Hisui||FocusSash|Illusion|BitterMalice,HyperVoice,IcyWind,Protect|Timid||M|||50|]Incineroar||SitrusBerry|Intimidate|FakeOut,PartingShot,FlareBlitz,Protect|Adamant||M|||50|]Farigiraf||ExpertBelt|ArmorTail|Protect,Psychic,EnergyBall,HyperVoice|Serious||M|||50|]Orthworm||Leftovers|EarthEater|Earthquake,IronHead,Protect,BodyPress|Impish||M|||50|
|showteam|p2|Froslass||Froslassite|CursedBody|AuroraVeil,Blizzard,ShadowBall,Protect|Timid||F|||50|]Sinistcha||KasibBerry|Hospitality|MatchaGotcha,ShadowBall,RagePowder,TrickRoom|Relaxed|||||50|]Watchog||IronBall|Analytic|DoubleEdge,LowKick,Fling,Protect|Brave||M|||50|]Glimmora||Glimmoranite|ToxicDebris|SpikyShield,SludgeWave,EarthPower,PowerGem|Timid||M|||50|]Corviknight||LifeOrb|MirrorArmor|Tailwind,BraveBird,Uturn,SteelWing|Adamant||M|||50|]Passimian||ChoiceScarf|Defiant|DrainPunch,Uturn,KnockOff,RockSlide|Jolly||F|||50|
|j| LostInThoughts12
|
|t:|1783096928
|teamsize|p1|4
|teamsize|p2|4
|start
|switch|p1a: Incineroar|Incineroar, L50, M, shiny|100/100
|switch|p1b: Gengar|Gengar, L50, M, shiny|100/100
|switch|p2a: Chill|Froslass, L50, F|100/100
|switch|p2b: Ready for kickoff|Passimian, L50, F|100/100
|-ability|p1a: Incineroar|Intimidate|boost
|-unboost|p2a: Chill|atk|1
|-unboost|p2b: Ready for kickoff|atk|1
|-ability|p2b: Ready for kickoff|Defiant|boost
|-boost|p2b: Ready for kickoff|atk|2
|turn|1
|j| oohboi321
|l| LostInThoughts12
|c| oohboi321|i thought it was bo1?
|
|t:|1783096950
|detailschange|p2a: Chill|Froslass-Mega, L50, F
|-mega|p2a: Chill|Froslass|Froslassite
|-weather|Snowscape|[from] ability: Snow Warning|[of] p2a: Chill
|move|p1a: Incineroar|Fake Out|p2b: Ready for kickoff
|-damage|p2b: Ready for kickoff|85/100
|cant|p2b: Ready for kickoff|flinch
|move|p2a: Chill|Aurora Veil|p2a: Chill
|-sidestart|p2: GAHSJ|move: Aurora Veil
|move|p1b: Gengar|Shadow Ball|p2a: Chill
|-supereffective|p2a: Chill|1
|-damage|p2a: Chill|26/100
|
|-weather|Snowscape|[upkeep]
|upkeep
|turn|2
|
|t:|1783096977
|detailschange|p1b: Gengar|Gengar-Mega, L50, M, shiny
|-mega|p1b: Gengar|Gengar|Gengarite
|move|p1b: Gengar|Protect|p1b: Gengar
|-singleturn|p1b: Gengar|Protect
|move|p2b: Ready for kickoff|Drain Punch|p1a: Incineroar
|-supereffective|p1a: Incineroar|1
|-damage|p1a: Incineroar|1/100
|-heal|p2b: Ready for kickoff|100/100|[from] drain|[of] p1a: Incineroar
|-enditem|p1a: Incineroar|Sitrus Berry|[eat]
|-heal|p1a: Incineroar|25/100|[from] item: Sitrus Berry
|move|p2a: Chill|Shadow Ball|p1b: Gengar
|-activate|p1b: Gengar|move: Protect
|move|p1a: Incineroar|Flare Blitz|p2b: Ready for kickoff
|-damage|p2b: Ready for kickoff|57/100
|-damage|p1a: Incineroar|13/100|[from] Recoil
|
|-weather|Snowscape|[upkeep]
|upkeep
|turn|3
|
|t:|1783097000
|move|p1a: Incineroar|Protect|p1a: Incineroar
|-singleturn|p1a: Incineroar|Protect
|move|p2b: Ready for kickoff|Drain Punch|p1a: Incineroar
|-activate|p1a: Incineroar|move: Protect
|move|p1b: Gengar|Shadow Ball|p2a: Chill
|-supereffective|p2a: Chill|1
|-damage|p2a: Chill|0 fnt
|faint|p2a: Chill
|
|-weather|Snowscape|[upkeep]
|upkeep
|
|t:|1783097008
|switch|p2a: Ultimate life form|Watchog, L50, M|100/100
|turn|4
|
|t:|1783097030
|switch|p1a: Incineroar|Incineroar, L50, M, shiny|100/100
|move|p2b: Ready for kickoff|Drain Punch|p1a: Incineroar
|-immune|p1a: Incineroar
|move|p1b: Gengar|Thunderbolt|p2b: Ready for kickoff
|-damage|p2b: Ready for kickoff|18/100
|move|p2a: Ultimate life form|Fling|p1b: Gengar
|-supereffective|p1b: Gengar|1
|-damage|p1b: Gengar|0 fnt
|-enditem|p2a: Ultimate life form|Iron Ball|[from] move: Fling
|faint|p1b: Gengar
|
|-weather|Snowscape|[upkeep]
|upkeep
|
|t:|1783097048
|switch|p1b: Farigiraf|Farigiraf, L50, M, shiny|100/100
|turn|5
|
|t:|1783097064
|move|p2b: Ready for kickoff|Drain Punch|p1b: Farigiraf
|-damage|p1b: Farigiraf|46/100
|-heal|p2b: Ready for kickoff|53/100|[from] drain|[of] p1b: Farigiraf
|move|p1a: Incineroar|Hyper Voice|p2a: Ultimate life form|[spread] p2a,p2b
|-damage|p2a: Ultimate life form|69/100
|-damage|p2b: Ready for kickoff|16/100
|move|p2a: Ultimate life form|Double-Edge|p1b: Farigiraf
|-damage|p1b: Farigiraf|0 fnt
|faint|p1b: Farigiraf
|-damage|p2a: Ultimate life form|48/100|[from] Recoil
|
|-weather|none
|-sideend|p2: GAHSJ|move: Aurora Veil
|upkeep
|
|t:|1783097079
|switch|p1b: Incineroar|Incineroar, L50, M, shiny|13/100
|-ability|p1b: Incineroar|Intimidate|boost
|-unboost|p2a: Ultimate life form|atk|1
|-unboost|p2b: Ready for kickoff|atk|1
|-ability|p2b: Ready for kickoff|Defiant|boost
|-boost|p2b: Ready for kickoff|atk|2
|turn|6
|
|t:|1783097097
|move|p1b: Incineroar|Fake Out|p2b: Ready for kickoff
|-damage|p2b: Ready for kickoff|3/100
|cant|p2b: Ready for kickoff|flinch
|move|p1a: Incineroar|Hyper Voice|p2a: Ultimate life form|[spread] p2a,p2b
|-crit|p2b: Ready for kickoff
|-damage|p2a: Ultimate life form|2/100
|-damage|p2b: Ready for kickoff|0 fnt
|faint|p2b: Ready for kickoff
|move|p2a: Ultimate life form|Double-Edge|p1b: Incineroar
|-damage|p1b: Incineroar|0 fnt
|faint|p1b: Incineroar
|-damage|p2a: Ultimate life form|0 fnt|[from] Recoil
|faint|p2a: Ultimate life form
|
|upkeep
|
|t:|1783097105
|switch|p2a: Funi rock|Glimmora, L50, M|100/100
|turn|7
|
|t:|1783097124
|move|p1a: Incineroar|Icy Wind|p2a: Funi rock
|-crit|p2a: Funi rock
|-damage|p2a: Funi rock|64/100
|-unboost|p2a: Funi rock|spe|1
|move|p2a: Funi rock|Earth Power|p1a: Incineroar
|-damage|p1a: Incineroar|33/100
|-unboost|p1a: Incineroar|spd|1
|replace|p1a: Zoroark|Zoroark-Hisui, L50, M, shiny
|-end|p1a: Zoroark|Illusion
|
|upkeep
|turn|8
|
|t:|1783097139
|move|p1a: Zoroark|Protect|p1a: Zoroark
|-singleturn|p1a: Zoroark|Protect
|move|p2a: Funi rock|Earth Power|p1a: Zoroark
|-activate|p1a: Zoroark|move: Protect
|
|upkeep
|turn|9
|
|t:|1783097147
|move|p1a: Zoroark|Bitter Malice|p2a: Funi rock
|-damage|p2a: Funi rock|11/100
|-unboost|p2a: Funi rock|atk|1
|move|p2a: Funi rock|Power Gem|p1a: Zoroark
|-damage|p1a: Zoroark|0 fnt
|faint|p1a: Zoroark
|
|win|GAHSJ
|l|☆alt1738
|player|p1|
|l|☆GAHSJ
|player|p2|
