|j|☆wizzcoaster
|j|☆RegiSIXSEVEN
|html|wizzcoasterRegiSIXSEVEN    
|uhtml|bestof|Game 1 of a best-of-3
|t:|1782370380
|gametype|doubles
|player|p1|wizzcoaster|adaman-masters|1173
|player|p2|RegiSIXSEVEN|steven|1152
|gen|9
|tier|[Gen 9 Champions] VGC 2026 Reg M-B (Bo3)
|rated|
|rule|Species Clause: Limit one of each Pokémon
|rule|Item Clause: Limit 1 of each item
|clearpoke
|poke|p1|Staraptor, L50, M|
|poke|p1|Garchomp, L50, M|
|poke|p1|Milotic, L50, F|
|poke|p1|Grimmsnarl, L50, M|
|poke|p1|Gholdengo, L50|
|poke|p1|Venusaur, L50, F|
|poke|p2|Blaziken, L50, M, shiny|
|poke|p2|Kingambit, L50, M, shiny|
|poke|p2|Froslass, L50, F, shiny|
|poke|p2|Aerodactyl, L50, M, shiny|
|poke|p2|Sinistcha, L50, shiny|
|poke|p2|Garchomp, L50, F, shiny|
|teampreview|4
|showteam|p1|Staraptor||Staraptite|Intimidate|BraveBird,CloseCombat,Roost,Protect|Adamant||M|||50|]Garchomp||ExpertBelt|RoughSkin|DragonClaw,StompingTantrum,PoisonJab,RockSlide|Adamant||M|||50|]Milotic||Leftovers|Competitive|MuddyWater,Hypnosis,Coil,LifeDew|Modest||F|||50|]Grimmsnarl||LightClay|Prankster|SpiritBreak,Reflect,LightScreen,PartingShot|Careful||M|||50|]Gholdengo||SitrusBerry|GoodasGold|MakeItRain,ShadowBall,NastyPlot,Protect|Modest|||||50|]Venusaur||Venusaurite|Chlorophyll|GigaDrain,SludgeBomb,EarthPower,Protect|Modest||F|||50|
|showteam|p2|Blaziken||FocusSash|SpeedBoost|HeatWave,AuraSphere,Coaching,Protect|Jolly||M|||50|]Kingambit||ChopleBerry|Defiant|SuckerPunch,KowtowCleave,IronHead,Protect|Adamant||M|||50|]Froslass||Froslassite|SnowCloak|Blizzard,ShadowBall,AuroraVeil,Protect|Timid||F|||50|]Aerodactyl||Aerodactylite|RockHead|RockSlide,DualWingbeat,Tailwind,WideGuard|Jolly||M|||50|]Sinistcha||KasibBerry|Hospitality|MatchaGotcha,RagePowder,TrickRoom,Protect|Bold|||||50|]Garchomp||LifeOrb|RoughSkin|DragonClaw,StompingTantrum,RockSlide,Protect|Jolly||F|||50|
|inactive|Battle timer is ON: inactive players will automatically lose when time's up. (requested by RegiSIXSEVEN)
|inactive|RegiSIXSEVEN has 60 seconds left.
|
|t:|1782370424
|teamsize|p1|4
|teamsize|p2|4
|start
|switch|p1a: Grimmsnarl|Grimmsnarl, L50, M|100/100
|switch|p1b: Staraptor|Staraptor, L50, M|100/100
|switch|p2a: Blaziken|Blaziken, L50, M, shiny|100/100
|switch|p2b: Froslass|Froslass, L50, F, shiny|100/100
|-ability|p1b: Staraptor|Intimidate|boost
|-unboost|p2a: Blaziken|atk|1
|-unboost|p2b: Froslass|atk|1
|turn|1
|
|t:|1782370443
|switch|p1b: Milotic|Milotic, L50, F|100/100
|detailschange|p2b: Froslass|Froslass-Mega, L50, F, shiny
|-mega|p2b: Froslass|Froslass|Froslassite
|-weather|Snowscape|[from] ability: Snow Warning|[of] p2b: Froslass
|move|p1a: Grimmsnarl|Light Screen|p1a: Grimmsnarl
|-sidestart|p1: wizzcoaster|move: Light Screen
|move|p2b: Froslass|Blizzard|p1b: Milotic|[spread] p1a,p1b
|-resisted|p1b: Milotic|1
|-damage|p1a: Grimmsnarl|76/100
|-damage|p1b: Milotic|91/100
|move|p2a: Blaziken|Heat Wave|p1b: Milotic|[spread] p1a
|-miss|p2a: Blaziken|p1b: Milotic
|-damage|p1a: Grimmsnarl|61/100
|
|-weather|Snowscape|[upkeep]
|-heal|p1b: Milotic|97/100|[from] item: Leftovers
|-ability|p2a: Blaziken|Speed Boost|boost
|-boost|p2a: Blaziken|spe|1
|upkeep
|turn|2
|inactive|RegiSIXSEVEN has 30 seconds left.
|
|t:|1782370471
|switch|p2b: Kingambit|Kingambit, L50, M, shiny|100/100
|move|p1a: Grimmsnarl|Reflect|p1a: Grimmsnarl
|-sidestart|p1: wizzcoaster|Reflect
|move|p2a: Blaziken|Coaching|p2b: Kingambit
|-boost|p2b: Kingambit|atk|1
|-boost|p2b: Kingambit|def|1
|move|p1b: Milotic|Coil|p1b: Milotic
|-boost|p1b: Milotic|atk|1
|-boost|p1b: Milotic|def|1
|-boost|p1b: Milotic|accuracy|1
|
|-weather|Snowscape|[upkeep]
|-heal|p1b: Milotic|100/100|[from] item: Leftovers
|-ability|p2a: Blaziken|Speed Boost|boost
|-boost|p2a: Blaziken|spe|1
|upkeep
|turn|3
|
|t:|1782370485
|move|p2a: Blaziken|Coaching|p2b: Kingambit
|-boost|p2b: Kingambit|atk|1
|-boost|p2b: Kingambit|def|1
|move|p1b: Milotic|Coil|p1b: Milotic
|-boost|p1b: Milotic|atk|1
|-boost|p1b: Milotic|def|1
|-boost|p1b: Milotic|accuracy|1
|move|p2b: Kingambit|Kowtow Cleave|p1b: Milotic
|-damage|p1b: Milotic|75/100
|move|p1a: Grimmsnarl|Spirit Break|p2a: Blaziken
|-damage|p2a: Blaziken|56/100
|-unboost|p2a: Blaziken|spa|1
|
|-weather|Snowscape|[upkeep]
|-heal|p1b: Milotic|81/100|[from] item: Leftovers
|-ability|p2a: Blaziken|Speed Boost|boost
|-boost|p2a: Blaziken|spe|1
|upkeep
|turn|4
|
|t:|1782370499
|move|p1a: Grimmsnarl|Parting Shot|p2a: Blaziken
|-unboost|p2a: Blaziken|atk|1
|-unboost|p2a: Blaziken|spa|1
|
|t:|1782370509
|switch|p1a: Staraptor|Staraptor, L50, M|100/100|[from] Parting Shot
|-ability|p1a: Staraptor|Intimidate|boost
|-unboost|p2a: Blaziken|atk|1
|-unboost|p2b: Kingambit|atk|1
|-ability|p2b: Kingambit|Defiant|boost
|-boost|p2b: Kingambit|atk|2
|move|p2a: Blaziken|Coaching|p2b: Kingambit
|-boost|p2b: Kingambit|atk|1
|-boost|p2b: Kingambit|def|1
|move|p1b: Milotic|Hypnosis|p2b: Kingambit
|-status|p2b: Kingambit|slp|[from] move: Hypnosis
|cant|p2b: Kingambit|slp
|
|-weather|Snowscape|[upkeep]
|-heal|p1b: Milotic|87/100|[from] item: Leftovers
|-ability|p2a: Blaziken|Speed Boost|boost
|-boost|p2a: Blaziken|spe|1
|upkeep
|turn|5
|
|t:|1782370527
|switch|p2a: Froslass|Froslass-Mega, L50, F, shiny|100/100
|detailschange|p1a: Staraptor|Staraptor-Mega, L50, M
|-mega|p1a: Staraptor|Staraptor|Staraptite
|move|p1a: Staraptor|Close Combat|p2b: Kingambit
|-supereffective|p2b: Kingambit|2
|-enditem|p2b: Kingambit|Chople Berry|[eat]
|-enditem|p2b: Kingambit|Chople Berry|[weaken]
|-damage|p2b: Kingambit|61/100 slp
|-boost|p1a: Staraptor|def|1
|-boost|p1a: Staraptor|spd|1
|move|p1b: Milotic|Muddy Water|p2a: Froslass|[spread] p2a,p2b
|-damage|p2a: Froslass|72/100
|-damage|p2b: Kingambit|35/100 slp
|cant|p2b: Kingambit|slp
|
|-weather|none
|-heal|p1b: Milotic|93/100|[from] item: Leftovers
|upkeep
|turn|6
|inactive|RegiSIXSEVEN has 30 seconds left.
|
|t:|1782370555
|-curestatus|p2b: Kingambit|slp|[msg]
|move|p2b: Kingambit|Protect|p2b: Kingambit
|-singleturn|p2b: Kingambit|Protect
|move|p2a: Froslass|Blizzard|p1b: Milotic|[spread] p1a
|-miss|p2a: Froslass|p1b: Milotic
|-supereffective|p1a: Staraptor|1
|-damage|p1a: Staraptor|62/100
|move|p1a: Staraptor|Close Combat|p2b: Kingambit
|-activate|p2b: Kingambit|move: Protect
|move|p1b: Milotic|Muddy Water|p2b: Kingambit|[spread] p2a
|-activate|p2b: Kingambit|move: Protect
|-damage|p2a: Froslass|44/100
|
|-heal|p1b: Milotic|99/100|[from] item: Leftovers
|upkeep
|turn|7
|inactive|RegiSIXSEVEN has 30 seconds left.
|
|t:|1782370581
|move|p2b: Kingambit|Sucker Punch||[still]
|-fail|p2b: Kingambit
|move|p2a: Froslass|Blizzard|p1a: Staraptor|[spread] p1a
|-miss|p2a: Froslass|p1b: Milotic
|-supereffective|p1a: Staraptor|1
|-damage|p1a: Staraptor|22/100
|move|p1a: Staraptor|Roost|p1a: Staraptor
|-heal|p1a: Staraptor|72/100
|-singleturn|p1a: Staraptor|move: Roost
|move|p1b: Milotic|Muddy Water|p2b: Kingambit|[spread] p2a,p2b
|-damage|p2a: Froslass|15/100
|-damage|p2b: Kingambit|10/100
|
|-heal|p1b: Milotic|100/100|[from] item: Leftovers
|upkeep
|turn|8
|inactive|wizzcoaster has 30 seconds left.
|
|t:|1782370610
|move|p2b: Kingambit|Sucker Punch||[still]
|-fail|p2b: Kingambit
|move|p2a: Froslass|Blizzard|p1b: Milotic|[spread] p1a,p1b
|-supereffective|p1a: Staraptor|1
|-resisted|p1b: Milotic|1
|-damage|p1a: Staraptor|32/100
|-damage|p1b: Milotic|91/100
|move|p1a: Staraptor|Roost|p1a: Staraptor
|-heal|p1a: Staraptor|82/100
|-singleturn|p1a: Staraptor|move: Roost
|move|p1b: Milotic|Muddy Water|p2a: Froslass|[spread] p2a,p2b
|-damage|p2a: Froslass|0 fnt
|-damage|p2b: Kingambit|0 fnt
|faint|p2a: Froslass
|faint|p2b: Kingambit
|
|-heal|p1b: Milotic|97/100|[from] item: Leftovers
|-sideend|p1: wizzcoaster|move: Light Screen
|upkeep
|
|t:|1782370618
|switch|p2a: Blaziken|Blaziken, L50, M, shiny|56/100
|switch|p2b: Garchomp|Garchomp, L50, F, shiny|100/100
|turn|9
|
|t:|1782370627
|move|p2b: Garchomp|Protect|p2b: Garchomp
|-singleturn|p2b: Garchomp|Protect
|move|p2a: Blaziken|Protect|p2a: Blaziken
|-singleturn|p2a: Blaziken|Protect
|move|p1a: Staraptor|Close Combat|p2b: Garchomp
|-activate|p2b: Garchomp|move: Protect
|move|p1b: Milotic|Muddy Water|p2b: Garchomp|[spread] 
|-activate|p2a: Blaziken|move: Protect
|-activate|p2b: Garchomp|move: Protect
|
|-heal|p1b: Milotic|100/100|[from] item: Leftovers
|-sideend|p1: wizzcoaster|Reflect
|-ability|p2a: Blaziken|Speed Boost|boost
|-boost|p2a: Blaziken|spe|1
|upkeep
|turn|10
|
|t:|1782370644
|move|p2a: Blaziken|Coaching|p2b: Garchomp
|-boost|p2b: Garchomp|atk|1
|-boost|p2b: Garchomp|def|1
|move|p2b: Garchomp|Rock Slide|p1b: Milotic|[spread] p1a,p1b
|-crit|p1b: Milotic
|-damage|p1a: Staraptor|61/100
|-damage|p1b: Milotic|56/100
|-damage|p2b: Garchomp|90/100|[from] item: Life Orb
|cant|p1a: Staraptor|flinch
|cant|p1b: Milotic|flinch
|
|-heal|p1b: Milotic|62/100|[from] item: Leftovers
|-ability|p2a: Blaziken|Speed Boost|boost
|-boost|p2a: Blaziken|spe|1
|upkeep
|turn|11
|
|t:|1782370669
|move|p2a: Blaziken|Coaching|p2b: Garchomp
|-boost|p2b: Garchomp|atk|1
|-boost|p2b: Garchomp|def|1
|move|p2b: Garchomp|Rock Slide|p1a: Staraptor|[spread] p1a,p1b
|-damage|p1a: Staraptor|32/100
|-damage|p1b: Milotic|43/100
|-damage|p2b: Garchomp|80/100|[from] item: Life Orb
|move|p1a: Staraptor|Close Combat|p2b: Garchomp
|-damage|p2b: Garchomp|44/100
|-boost|p1a: Staraptor|def|1
|-boost|p1a: Staraptor|spd|1
|-damage|p1a: Staraptor|19/100|[from] ability: Rough Skin|[of] p2b: Garchomp
|move|p1b: Milotic|Muddy Water|p2b: Garchomp|[spread] p2a,p2b
|-supereffective|p2a: Blaziken|1
|-damage|p2a: Blaziken|0 fnt
|-damage|p2b: Garchomp|17/100
|-unboost|p2b: Garchomp|accuracy|1
|faint|p2a: Blaziken
|
|-heal|p1b: Milotic|49/100|[from] item: Leftovers
|upkeep
|turn|12
|
|t:|1782370688
|move|p2b: Garchomp|Rock Slide|p1b: Milotic|[spread] p1a,p1b
|-damage|p1a: Staraptor|0 fnt
|-damage|p1b: Milotic|28/100
|faint|p1a: Staraptor
|-damage|p2b: Garchomp|7/100|[from] item: Life Orb
|move|p1b: Milotic|Life Dew|p1b: Milotic
|-heal|p1b: Milotic|53/100
|
|-heal|p1b: Milotic|59/100|[from] item: Leftovers
|upkeep
|
|t:|1782370692
|switch|p1a: Grimmsnarl|Grimmsnarl, L50, M|61/100
|turn|13
|
|t:|1782370695
|move|p1a: Grimmsnarl|Parting Shot|p2b: Garchomp
|-unboost|p2b: Garchomp|atk|1
|-unboost|p2b: Garchomp|spa|1
|
|t:|1782370697
|switch|p1a: Garchomp|Garchomp, L50, M|100/100|[from] Parting Shot
|move|p2b: Garchomp|Rock Slide|p1b: Milotic|[spread] p1a
|-miss|p2b: Garchomp|p1b: Milotic
|-resisted|p1a: Garchomp|1
|-damage|p1a: Garchomp|84/100
|-damage|p2b: Garchomp|0 fnt|[from] item: Life Orb
|faint|p2b: Garchomp
|
|win|wizzcoaster
