|j|☆porygon peo
|j|☆Plopy14
|html|porygon peoPlopy14    
|uhtml|bestof|Game 3 of a best-of-3
|t:|1786137125
|gametype|doubles
|player|p1|porygon peo|skier|1363
|player|p2|Plopy14|bugcatcher|1296
|gen|9
|tier|[Gen 9 Champions] VGC 2026 Reg M-B (Bo3)
|rated|
|rule|Species Clause: Limit one of each Pokémon
|rule|Item Clause: Limit 1 of each item
|clearpoke
|poke|p1|Arcanine-Hisui, L50, F|
|poke|p1|Staraptor, L50, M|
|poke|p1|Farigiraf, L50, F|
|poke|p1|Sylveon, L50, M|
|poke|p1|Kingambit, L50, M|
|poke|p1|Raichu, L50, F|
|poke|p2|Floette-Eternal, L50, F|
|poke|p2|Incineroar, L50, M|
|poke|p2|Sneasler, L50, F|
|poke|p2|Kingambit, L50, M|
|poke|p2|Sinistcha, L50|
|poke|p2|Delphox, L50, F|
|teampreview|4
|showteam|p1|Arcanine-Hisui||FocusSash|RockHead|Protect,ExtremeSpeed,HeadSmash,FlareBlitz|Adamant||F|||50|]Staraptor||Staraptite|Intimidate|Tailwind,Protect,CloseCombat,DualWingbeat|Adamant||M|||50|]Farigiraf||SitrusBerry|ArmorTail|Protect,Psychic,TrickRoom,HelpingHand|Bold||F|||50|]Sylveon||FairyFeather|Pixilate|Protect,HyperBeam,HyperVoice,QuickAttack|Modest||M|||50|]Kingambit||LifeOrb|Defiant|Protect,KowtowCleave,SwordsDance,SuckerPunch|Adamant||M|||50|]Raichu||RaichuniteY|LightningRod|Protect,ZapCannon,FakeOut,FocusBlast|Timid||F|||50|
|showteam|p2|Floette-Eternal||Floettite|FlowerVeil|Moonblast,DazzlingGleam,CalmMind,Protect|Modest||F|||50|]Incineroar||SitrusBerry|Intimidate|FakeOut,FlareBlitz,HelpingHand,PartingShot|Careful||M|||50|]Sneasler||FocusSash|PoisonTouch|FakeOut,PoisonJab,CloseCombat,QuickGuard|Jolly||F|||50|]Kingambit||BlackGlasses|Defiant|KowtowCleave,SuckerPunch,SwordsDance,Protect|Adamant||M|||50|]Sinistcha||OccaBerry|Hospitality|MatchaGotcha,RagePowder,TrickRoom,Protect|Bold|||||50|]Delphox||Delphoxite|Blaze|HeatWave,Psychic,NastyPlot,Protect|Timid||F|||50|
|inactive|Battle timer is ON: inactive players will automatically lose when time's up. (requested by porygon peo)
|
|t:|1786137139
|teamsize|p1|4
|teamsize|p2|4
|start
|switch|p1a: Raichu|Raichu, L50, F|100/100
|switch|p1b: Arcanine|Arcanine-Hisui, L50, F|100/100
|switch|p2a: Sinistcha|Sinistcha, L50|100/100
|switch|p2b: Delphox|Delphox, L50, F|100/100
|turn|1
|
|t:|1786137149
|detailschange|p1a: Raichu|Raichu-Mega-Y, L50, F
|-mega|p1a: Raichu|Raichu|Raichunite Y
|detailschange|p2b: Delphox|Delphox-Mega, L50, F
|-mega|p2b: Delphox|Delphox|Delphoxite
|move|p1a: Raichu|Fake Out|p2b: Delphox
|-damage|p2b: Delphox|88/100
|move|p2a: Sinistcha|Rage Powder|p2a: Sinistcha
|-singleturn|p2a: Sinistcha|move: Rage Powder
|cant|p2b: Delphox|flinch
|move|p1b: Arcanine|Flare Blitz|p2a: Sinistcha
|-supereffective|p2a: Sinistcha|1
|-enditem|p2a: Sinistcha|Occa Berry|[eat]
|-enditem|p2a: Sinistcha|Occa Berry|[weaken]
|-damage|p2a: Sinistcha|46/100
|-status|p2a: Sinistcha|brn
|
|-damage|p2a: Sinistcha|41/100 brn|[from] brn
|upkeep
|turn|2
|inactive|porygon peo has 30 seconds left.
|inactive|porygon peo has 20 seconds left.
|inactive|porygon peo has 15 seconds left.
|
|t:|1786137192
|move|p1b: Arcanine|Extreme Speed|p2b: Delphox
|-damage|p2b: Delphox|43/100
|move|p2a: Sinistcha|Rage Powder|p2a: Sinistcha
|-singleturn|p2a: Sinistcha|move: Rage Powder
|move|p2b: Delphox|Nasty Plot|p2b: Delphox
|-boost|p2b: Delphox|spa|2
|move|p1a: Raichu|Zap Cannon|p2a: Sinistcha
|-resisted|p2a: Sinistcha|1
|-damage|p2a: Sinistcha|10/100 brn
|
|-damage|p2a: Sinistcha|5/100 brn|[from] brn
|upkeep
|turn|3
|inactive|Plopy14 has 30 seconds left.
|
|t:|1786137227
|switch|p2a: Kingambit|Kingambit, L50, M|100/100
|move|p2b: Delphox|Protect|p2b: Delphox
|-singleturn|p2b: Delphox|Protect
|move|p1b: Arcanine|Extreme Speed|p2b: Delphox
|-activate|p2b: Delphox|move: Protect
|move|p1a: Raichu|Zap Cannon|p2b: Delphox
|-activate|p2b: Delphox|move: Protect
|
|upkeep
|turn|4
|inactive|porygon peo has 30 seconds left.
|inactive|Plopy14 has 30 seconds left.
|inactive|porygon peo has 20 seconds left.
|inactive|Plopy14 has 20 seconds left.
|inactive|Plopy14 has 15 seconds left.
|
|t:|1786137277
|switch|p1a: Farigiraf|Farigiraf, L50, F|100/100
|move|p2a: Kingambit|Sucker Punch||[still]
|cant|p1a: Farigiraf|ability: Armor Tail|Sucker Punch|[of] p2a: Kingambit
|move|p2b: Delphox|Heat Wave|p1a: Farigiraf|[spread] p1a
|-miss|p2b: Delphox|p1b: Arcanine
|-damage|p1a: Farigiraf|17/100
|-enditem|p1a: Farigiraf|Sitrus Berry|[eat]
|-heal|p1a: Farigiraf|42/100|[from] item: Sitrus Berry
|move|p1b: Arcanine|Head Smash|p2b: Delphox
|-supereffective|p2b: Delphox|1
|-crit|p2b: Delphox
|-damage|p2b: Delphox|0 fnt
|faint|p2b: Delphox
|
|upkeep
|
|t:|1786137281
|switch|p2b: Sneasler|Sneasler, L50, F|100/100
|turn|5
|inactive|porygon peo has 30 seconds left.
|inactive|Plopy14 has 30 seconds left.
|inactive|porygon peo has 20 seconds left.
|
|t:|1786137318
|move|p2b: Sneasler|Close Combat|p1a: Farigiraf
|-damage|p1a: Farigiraf|0 fnt
|-unboost|p2b: Sneasler|def|1
|-unboost|p2b: Sneasler|spd|1
|faint|p1a: Farigiraf
|move|p1b: Arcanine|Flare Blitz|p2a: Kingambit
|-supereffective|p2a: Kingambit|1
|-damage|p2a: Kingambit|6/100
|move|p2a: Kingambit|Kowtow Cleave|p1b: Arcanine
|-damage|p1b: Arcanine|31/100
|
|upkeep
|
|t:|1786137330
|switch|p1a: Raichu|Raichu-Mega-Y, L50, F|100/100
|turn|6
|
|t:|1786137339
|move|p2b: Sneasler|Quick Guard|p2b: Sneasler
|-singleturn|p2b: Sneasler|Quick Guard
|move|p1b: Arcanine|Extreme Speed|p2a: Kingambit
|-activate|p2a: Kingambit|move: Quick Guard
|move|p1a: Raichu|Zap Cannon|p2b: Sneasler
|-enditem|p2b: Sneasler|Focus Sash
|-damage|p2b: Sneasler|1/100
|-status|p2b: Sneasler|par
|move|p2a: Kingambit|Kowtow Cleave|p1a: Raichu
|-damage|p1a: Raichu|15/100
|
|upkeep
|turn|7
|inactive|Plopy14 has 30 seconds left.
|
|t:|1786137367
|move|p1b: Arcanine|Extreme Speed|p2b: Sneasler
|-damage|p2b: Sneasler|0 fnt
|faint|p2b: Sneasler
|move|p2a: Kingambit|Sucker Punch|p1a: Raichu
|-damage|p1a: Raichu|0 fnt
|faint|p1a: Raichu
|
|upkeep
|
|t:|1786137369
|switch|p1a: Kingambit|Kingambit, L50, M|100/100
|switch|p2b: Sinistcha|Sinistcha, L50|5/100 brn
|-heal|p2a: Kingambit|30/100|[from] ability: Hospitality|[of] p2b: Sinistcha
|turn|8
|
|t:|1786137389
|move|p1b: Arcanine|Protect|p1b: Arcanine
|-singleturn|p1b: Arcanine|Protect
|move|p2a: Kingambit|Sucker Punch||[still]
|-fail|p2a: Kingambit
|move|p2b: Sinistcha|Matcha Gotcha|p1a: Kingambit|[spread] p1a
|-activate|p1b: Arcanine|move: Protect
|-resisted|p1a: Kingambit|1
|-damage|p1a: Kingambit|89/100
|-heal|p2b: Sinistcha|11/100 brn|[from] drain|[of] p1a: Kingambit
|move|p1a: Kingambit|Kowtow Cleave|p2a: Kingambit
|-resisted|p2a: Kingambit|1
|-damage|p2a: Kingambit|6/100
|-damage|p1a: Kingambit|80/100|[from] item: Life Orb
|
|-damage|p2b: Sinistcha|5/100 brn|[from] brn
|upkeep
|turn|9
|-message|Plopy14 forfeited.
|
|win|porygon peo
|raw|porygon peo's rating: 1363 → 1379(+16 for winning)
|raw|Plopy14's rating: 1296 → 1276(-20 for losing)
