|j|☆Giraffearmy1717
|j|☆Cristante terabug
|html|Giraffearmy1717Cristante terabug    
|uhtml|bestof|Game 1 of a best-of-3
|t:|1756332664
|gametype|doubles
|player|p1|Giraffearmy1717|2|1008
|player|p2|Cristante terabug|kieran-champion|1137
|gen|9
|tier|[Gen 9] VGC 2025 Reg H (Bo3)
|rated|
|rule|Species Clause: Limit one of each Pokémon
|rule|Item Clause: Limit 1 of each item
|clearpoke
|poke|p1|Mimikyu, L50, F|
|poke|p1|Flamigo, L50, M|
|poke|p1|Incineroar, L50, M|
|poke|p1|Torkoal, L50, F|
|poke|p1|Electabuzz, L50, F|
|poke|p1|Ursaluna, L50, M|
|poke|p2|Tyranitar, L50, F|
|poke|p2|Kommo-o, L50, M|
|poke|p2|Primarina, L50, F|
|poke|p2|Corviknight, L50, F|
|poke|p2|Volcarona, L50, F|
|poke|p2|Sinistcha, L50|
|teampreview|4
|showteam|p1|Mimikyu||LifeOrb|Disguise|TrickRoom,SwordsDance,ShadowClaw,PlayRough|||F|||50|,,,,,Steel]Flamigo||FocusSash|Scrappy|CloseCombat,Protect,Uturn,Acrobatics|||M|||50|,,,,,Ghost]Incineroar||SitrusBerry|Intimidate|FakeOut,PartingShot,KnockOff,FlareBlitz|||M|||50|,,,,,Grass]Torkoal||Charcoal|Drought|Eruption,SolarBeam,HeatWave,Protect|||F|||50|,,,,,Fire]Electabuzz||Eviolite|VitalSpirit|FollowMe,Protect,VoltSwitch,IcePunch|||F|||50|,,,,,Flying]Ursaluna||FlameOrb|Guts|Earthquake,Facade,CloseCombat,Protect|||M|||50|,,,,,Fighting
|showteam|p2|Tyranitar||AssaultVest|SandStream|KnockOff,LowKick,RockSlide,TeraBlast|||F|||50|,,,,,Flying]Kommo-o||Leftovers|Overcoat|BodyPress,IronDefense,ThroatChop,Protect|||M|||50|,,,,,Steel]Primarina||MysticWater|LiquidVoice|Haze,Moonblast,HyperVoice,Protect|||F|||50|,,,,,Poison]Corviknight||SafetyGoggles|MirrorArmor|BraveBird,BulkUp,Roost,Tailwind|||F|||50|,,,,,Ghost]Volcarona||CovertCloak|FlameBody|HeatWave,Protect,RagePowder,StruggleBug|||F|||50|,,,,,Dragon]Sinistcha||SitrusBerry|Hospitality|Protect,MatchaGotcha,RagePowder,ShadowBall||||||50|,,,,,Water
|inactive|Battle timer is ON: inactive players will automatically lose when time's up. (requested by Cristante terabug)
|inactive|Cristante terabug has 60 seconds left.
|
|t:|1756332732
|teamsize|p1|4
|teamsize|p2|4
|start
|switch|p1a: Mimikyu|Mimikyu, L50, F|100/100
|switch|p1b: Incineroar|Incineroar, L50, M|100/100
|switch|p2a: Hero|Tyranitar, L50, F|100/100
|switch|p2b: Omori|Kommo-o, L50, M|100/100
|-weather|Sandstorm|[from] ability: Sand Stream|[of] p2a: Hero
|-ability|p1b: Incineroar|Intimidate|boost
|-unboost|p2a: Hero|atk|1
|-unboost|p2b: Omori|atk|1
|turn|1
|inactive|Giraffearmy1717 has 30 seconds left.
|
|t:|1756332766
|switch|p2b: Aubrey|Primarina, L50, F|100/100
|move|p1b: Incineroar|Fake Out|p2a: Hero
|-resisted|p2a: Hero
|-damage|p2a: Hero|96/100
|move|p1a: Mimikyu|Play Rough|p2b: Aubrey
|-damage|p2b: Aubrey|40/100
|-damage|p1a: Mimikyu|91/100|[from] item: Life Orb
|cant|p2a: Hero|flinch
|
|-weather|Sandstorm|[upkeep]
|-damage|p1a: Mimikyu|84/100|[from] Sandstorm
|-damage|p1b: Incineroar|95/100|[from] Sandstorm
|-damage|p2b: Aubrey|34/100|[from] Sandstorm
|upkeep
|turn|2
|
|t:|1756332787
|move|p2a: Hero|Rock Slide|p1a: Mimikyu|[spread] p1a,p1b
|-supereffective|p1b: Incineroar
|-activate|p1a: Mimikyu|ability: Disguise
|-damage|p1a: Mimikyu|84/100
|-damage|p1b: Incineroar|54/100
|detailschange|p1a: Mimikyu|Mimikyu-Busted, L50, F
|-damage|p1a: Mimikyu|72/100|[from] pokemon: Mimikyu-Busted
|move|p1b: Incineroar|Parting Shot|p2b: Aubrey
|-unboost|p2b: Aubrey|atk|1
|-unboost|p2b: Aubrey|spa|1
|
|t:|1756332797
|switch|p1b: Ursaluna|Ursaluna, L50, M|100/100|[from] Parting Shot
|move|p2b: Aubrey|Hyper Voice|p1a: Mimikyu|[spread] p1a,p1b
|-supereffective|p1b: Ursaluna
|-damage|p1a: Mimikyu|38/100
|-damage|p1b: Ursaluna|48/100
|move|p1a: Mimikyu|Trick Room|p1a: Mimikyu
|-fieldstart|move: Trick Room|[of] p1a: Mimikyu
|
|-weather|Sandstorm|[upkeep]
|-damage|p2b: Aubrey|28/100|[from] Sandstorm
|-damage|p1a: Mimikyu|32/100|[from] Sandstorm
|-status|p1b: Ursaluna|brn|[from] item: Flame Orb
|upkeep
|turn|3
|inactive|Giraffearmy1717 has 30 seconds left.
|inactive|Cristante terabug has 30 seconds left.
|inactive|Giraffearmy1717 has 20 seconds left.
|inactive|Giraffearmy1717 has 15 seconds left.
|inactive|Giraffearmy1717 has 10 seconds left.
|
|t:|1756332846
|switch|p2b: Mari|Sinistcha, L50|100/100
|-heal|p2a: Hero|100/100|[from] ability: Hospitality|[of] p2b: Mari
|-terastallize|p2a: Hero|Flying
|move|p1b: Ursaluna|Close Combat|p2a: Hero
|-resisted|p2a: Hero
|-damage|p2a: Hero|66/100
|-unboost|p1b: Ursaluna|def|1
|-unboost|p1b: Ursaluna|spd|1
|move|p2a: Hero|Low Kick|p1b: Ursaluna
|-supereffective|p1b: Ursaluna
|-damage|p1b: Ursaluna|0 fnt
|faint|p1b: Ursaluna
|move|p1a: Mimikyu|Shadow Claw|p2b: Mari
|-supereffective|p2b: Mari
|-damage|p2b: Mari|37/100
|-enditem|p2b: Mari|Sitrus Berry|[eat]
|-heal|p2b: Mari|62/100|[from] item: Sitrus Berry
|-damage|p1a: Mimikyu|22/100|[from] item: Life Orb
|
|-weather|Sandstorm|[upkeep]
|-damage|p2b: Mari|56/100|[from] Sandstorm
|-damage|p2a: Hero|60/100|[from] Sandstorm
|-damage|p1a: Mimikyu|16/100|[from] Sandstorm
|upkeep
|
|t:|1756332858
|switch|p1b: Electabuzz|Electabuzz, L50, F|100/100
|turn|4
|
|t:|1756332868
|move|p2b: Mari|Rage Powder|p2b: Mari
|-singleturn|p2b: Mari|move: Rage Powder
|move|p2a: Hero|Rock Slide|p1b: Electabuzz|[spread] p1a,p1b
|-damage|p1a: Mimikyu|0 fnt
|-damage|p1b: Electabuzz|77/100
|faint|p1a: Mimikyu
|move|p1b: Electabuzz|Ice Punch|p2b: Mari
|-supereffective|p2b: Mari
|-damage|p2b: Mari|28/100
|
|-weather|Sandstorm|[upkeep]
|-damage|p2b: Mari|21/100|[from] Sandstorm
|-damage|p2a: Hero|55/100|[from] Sandstorm
|-damage|p1b: Electabuzz|71/100|[from] Sandstorm
|upkeep
|
|t:|1756332880
|switch|p1a: Incineroar|Incineroar, L50, M|54/100
|-ability|p1a: Incineroar|Intimidate|boost
|-unboost|p2a: Hero|atk|1
|-unboost|p2b: Mari|atk|1
|turn|5
|
|t:|1756332891
|switch|p2a: Aubrey|Primarina, L50, F|28/100
|move|p1a: Incineroar|Fake Out|p2b: Mari
|-immune|p2b: Mari
|move|p2b: Mari|Matcha Gotcha|p1a: Incineroar|[spread] p1a,p1b
|-resisted|p1a: Incineroar
|-damage|p1a: Incineroar|44/100
|-heal|p2b: Mari|26/100|[from] drain|[of] p1a: Incineroar
|-damage|p1b: Electabuzz|54/100
|-heal|p2b: Mari|35/100|[from] drain|[of] p1b: Electabuzz
|-enditem|p1a: Incineroar|Sitrus Berry|[eat]
|-heal|p1a: Incineroar|69/100|[from] item: Sitrus Berry
|move|p1b: Electabuzz|Ice Punch|p2a: Aubrey
|-resisted|p2a: Aubrey
|-damage|p2a: Aubrey|18/100
|
|-weather|none
|upkeep
|turn|6
|inactive|Giraffearmy1717 has 30 seconds left.
|inactive|Giraffearmy1717 has 20 seconds left.
|inactive|Giraffearmy1717 has 15 seconds left.
|inactive|Giraffearmy1717 has 10 seconds left.
|
|t:|1756332941
|-terastallize|p1a: Incineroar|Grass
|move|p2b: Mari|Rage Powder|p2b: Mari
|-singleturn|p2b: Mari|move: Rage Powder
|move|p2a: Aubrey|Hyper Voice|p1b: Electabuzz|[spread] p1a,p1b
|-resisted|p1a: Incineroar
|-crit|p1b: Electabuzz
|-damage|p1a: Incineroar|53/100
|-damage|p1b: Electabuzz|15/100
|move|p1a: Incineroar|Flare Blitz|p2b: Mari
|-supereffective|p2b: Mari
|-damage|p2b: Mari|0 fnt
|faint|p2b: Mari
|-damage|p1a: Incineroar|42/100|[from] Recoil
|move|p1b: Electabuzz|Volt Switch|p2a: Aubrey
|-supereffective|p2a: Aubrey
|-damage|p2a: Aubrey|0 fnt
|faint|p2a: Aubrey
|
|-fieldend|move: Trick Room
|upkeep
|
|t:|1756332948
|switch|p2a: Omori|Kommo-o, L50, M|100/100
|switch|p2b: Hero|Tyranitar, L50, F, tera:Flying|55/100
|-weather|Sandstorm|[from] ability: Sand Stream|[of] p2b: Hero
|turn|7
|
|t:|1756332960
|move|p2a: Omori|Body Press|p1b: Electabuzz
|-damage|p1b: Electabuzz|0 fnt
|faint|p1b: Electabuzz
|move|p2b: Hero|Tera Blast|p1a: Incineroar|[anim] Tera Blast Flying
|-supereffective|p1a: Incineroar
|-damage|p1a: Incineroar|0 fnt
|faint|p1a: Incineroar
|
|win|Cristante terabug
||Giraffearmy1717 is ready for game 2.
