|j|☆dapmagikarp
|j|☆lucasmalt
|html|dapmagikarplucasmalt    
|uhtml|bestof|Game 1 of a best-of-3
|t:|1784999309
|gametype|doubles
|player|p1|dapmagikarp|sada-ai|1397
|player|p2|lucasmalt|2|1363
|gen|9
|tier|[Gen 9 Champions] VGC 2026 Reg M-B (Bo3)
|rated|
|rule|Species Clause: Limit one of each Pokémon
|rule|Item Clause: Limit 1 of each item
|clearpoke
|poke|p1|Gengar, L50, F, shiny|
|poke|p1|Archaludon, L50, M|
|poke|p1|Politoed, L50, F|
|poke|p1|Swampert, L50, M, shiny|
|poke|p1|Vivillon, L50, M, shiny|
|poke|p1|Incineroar, L50, F|
|poke|p2|Blaziken, L50, F, shiny|
|poke|p2|Incineroar, L50, M, shiny|
|poke|p2|Sinistcha, L50|
|poke|p2|Milotic, L50, M, shiny|
|poke|p2|Hydreigon, L50, F|
|poke|p2|Gardevoir, L50, F, shiny|
|teampreview|4
|showteam|p1|Gengar||Gengarite|CursedBody|ShadowBall,SludgeBomb,PerishSong,Protect|Modest||F|||50|]Archaludon||Leftovers|Stamina|ElectroShot,DragonPulse,FlashCannon,Protect|Bold||M|||50|]Politoed||SitrusBerry|Drizzle|WeatherBall,Hypnosis,PerishSong,Protect|Calm||F|||50|]Swampert||Swampertite|Torrent|WaveCrash,Earthquake,IcePunch,Protect|Adamant||M|||50|]Vivillon||FocusSash|CompoundEyes|Hurricane,SleepPowder,RagePowder,Protect|Timid||M|||50|]Incineroar||PasshoBerry|Intimidate|ThroatChop,FakeOut,PartingShot,Protect|Impish||F|||50|
|showteam|p2|Blaziken||Blazikenite|SpeedBoost|FlareBlitz,CloseCombat,RockSlide,Detect|Adamant||F|||50|]Incineroar||SitrusBerry|Intimidate|FakeOut,FlareBlitz,DarkestLariat,PartingShot|Careful||M|||50|]Sinistcha||KasibBerry|Hospitality|MatchaGotcha,RagePowder,TrickRoom,Protect|Bold|||||50|]Milotic||Leftovers|Competitive|MuddyWater,Coil,Hypnosis,Recover|Calm||M|||50|]Hydreigon||ChoiceScarf|Levitate|Snarl,DracoMeteor,DarkPulse,EarthPower|Modest||F|||50|]Gardevoir||Gardevoirite|Trace|HyperVoice,Psyshock,TrickRoom,Protect|Modest||F|||50|
|inactive|Battle timer is ON: inactive players will automatically lose when time's up. (requested by dapmagikarp)
|inactive|dapmagikarp has 60 seconds left.
|inactive|lucasmalt has 60 seconds left.
|inactive|lucasmalt has 30 seconds left.
|
|t:|1784999371
|teamsize|p1|4
|teamsize|p2|4
|start
|switch|p1a: Gengar|Gengar, L50, F, shiny|100/100
|switch|p1b: Incineroar|Incineroar, L50, F|100/100
|switch|p2a: Hydreigon|Hydreigon, L50, F|100/100
|switch|p2b: Sinistcha|Sinistcha, L50|100/100
|-ability|p1b: Incineroar|Intimidate|boost
|-unboost|p2a: Hydreigon|atk|1
|-unboost|p2b: Sinistcha|atk|1
|turn|1
|inactive|dapmagikarp has 30 seconds left.
|inactive|dapmagikarp has 20 seconds left.
|
|t:|1784999409
|detailschange|p1a: Gengar|Gengar-Mega, L50, F, shiny
|-mega|p1a: Gengar|Gengar|Gengarite
|move|p1b: Incineroar|Fake Out|p2a: Hydreigon
|-damage|p2a: Hydreigon|87/100
|cant|p2a: Hydreigon|flinch
|move|p1a: Gengar|Shadow Ball|p2b: Sinistcha
|-supereffective|p2b: Sinistcha|1
|-enditem|p2b: Sinistcha|Kasib Berry|[eat]
|-enditem|p2b: Sinistcha|Kasib Berry|[weaken]
|-damage|p2b: Sinistcha|52/100
|move|p2b: Sinistcha|Matcha Gotcha|p1a: Gengar|[spread] p1a
|-miss|p2b: Sinistcha|p1b: Incineroar
|-resisted|p1a: Gengar|1
|-damage|p1a: Gengar|89/100
|-heal|p2b: Sinistcha|57/100|[from] drain|[of] p1a: Gengar
|
|upkeep
|turn|2
|inactive|lucasmalt has 30 seconds left.
|
|t:|1784999436
|move|p1a: Gengar|Protect|p1a: Gengar
|-singleturn|p1a: Gengar|Protect
|move|p2b: Sinistcha|Rage Powder|p2b: Sinistcha
|-singleturn|p2b: Sinistcha|move: Rage Powder
|move|p2a: Hydreigon|Snarl|p1b: Incineroar|[spread] p1b
|-activate|p1a: Gengar|move: Protect
|-resisted|p1b: Incineroar|1
|-damage|p1b: Incineroar|91/100
|-unboost|p1b: Incineroar|spa|1
|move|p1b: Incineroar|Parting Shot|p2b: Sinistcha
|-unboost|p2b: Sinistcha|atk|1
|-unboost|p2b: Sinistcha|spa|1
|
|t:|1784999447
|switch|p1b: Politoed|Politoed, L50, F|100/100|[from] Parting Shot
|-weather|RainDance|[from] ability: Drizzle|[of] p1b: Politoed
|
|-weather|RainDance|[upkeep]
|upkeep
|turn|3
|
|t:|1784999455
|switch|p2b: Milotic|Milotic, L50, M, shiny|100/100
|move|p2a: Hydreigon|Snarl|p1a: Gengar|[spread] p1a,p1b
|-supereffective|p1a: Gengar|1
|-damage|p1a: Gengar|44/100
|-damage|p1b: Politoed|81/100
|-unboost|p1a: Gengar|spa|1
|-unboost|p1b: Politoed|spa|1
|move|p1a: Gengar|Shadow Ball|p2b: Milotic
|-damage|p2b: Milotic|80/100
|move|p1b: Politoed|Hypnosis|p2a: Hydreigon
|-status|p2a: Hydreigon|slp|[from] move: Hypnosis
|
|-weather|RainDance|[upkeep]
|-heal|p2b: Milotic|86/100|[from] item: Leftovers
|upkeep
|turn|4
|
|t:|1784999474
|cant|p2a: Hydreigon|slp
|move|p1a: Gengar|Perish Song|p1a: Gengar
|-start|p1a: Gengar|perish3|[silent]
|-start|p1b: Politoed|perish3|[silent]
|-start|p2a: Hydreigon|perish3|[silent]
|-start|p2b: Milotic|perish3|[silent]
|-fieldactivate|move: Perish Song
|move|p2b: Milotic|Muddy Water|p1a: Gengar|[spread] p1a,p1b
|-resisted|p1b: Politoed|1
|-damage|p1a: Gengar|9/100
|-damage|p1b: Politoed|67/100
|-unboost|p1b: Politoed|accuracy|1
|move|p1b: Politoed|Hypnosis|p2b: Milotic|[miss]
|-miss|p1b: Politoed|p2b: Milotic
|
|-weather|RainDance|[upkeep]
|-heal|p2b: Milotic|92/100|[from] item: Leftovers
|-start|p2a: Hydreigon|perish3
|-start|p1a: Gengar|perish3
|-start|p2b: Milotic|perish3
|-start|p1b: Politoed|perish3
|upkeep
|turn|5
|
|t:|1784999492
|move|p1a: Gengar|Protect|p1a: Gengar
|-singleturn|p1a: Gengar|Protect
|move|p1b: Politoed|Protect|p1b: Politoed
|-singleturn|p1b: Politoed|Protect
|cant|p2a: Hydreigon|slp
|move|p2b: Milotic|Muddy Water|p1b: Politoed|[spread] 
|-activate|p1a: Gengar|move: Protect
|-activate|p1b: Politoed|move: Protect
|
|-weather|RainDance|[upkeep]
|-heal|p2b: Milotic|98/100|[from] item: Leftovers
|-start|p2a: Hydreigon|perish2
|-start|p1a: Gengar|perish2
|-start|p2b: Milotic|perish2
|-start|p1b: Politoed|perish2
|upkeep
|turn|6
|
|t:|1784999506
|switch|p1a: Incineroar|Incineroar, L50, F|91/100
|-ability|p1a: Incineroar|Intimidate|boost
|-unboost|p2a: Hydreigon|atk|1
|-unboost|p2b: Milotic|atk|1
|-ability|p2b: Milotic|Competitive|boost
|-boost|p2b: Milotic|spa|2
|-curestatus|p2a: Hydreigon|slp|[msg]
|move|p2a: Hydreigon|Snarl|p1b: Politoed|[spread] p1a,p1b
|-resisted|p1a: Incineroar|1
|-damage|p1a: Incineroar|82/100
|-damage|p1b: Politoed|52/100
|-unboost|p1a: Incineroar|spa|1
|-unboost|p1b: Politoed|spa|1
|move|p2b: Milotic|Muddy Water|p1a: Incineroar|[spread] p1a,p1b
|-supereffective|p1a: Incineroar|1
|-enditem|p1a: Incineroar|Passho Berry|[eat]
|-enditem|p1a: Incineroar|Passho Berry|[weaken]
|-resisted|p1b: Politoed|1
|-damage|p1a: Incineroar|27/100
|-damage|p1b: Politoed|24/100
|-enditem|p1b: Politoed|Sitrus Berry|[eat]
|-heal|p1b: Politoed|49/100|[from] item: Sitrus Berry
|move|p1b: Politoed|Hypnosis|p2b: Milotic
|-status|p2b: Milotic|slp|[from] move: Hypnosis
|
|-weather|none
|-heal|p2b: Milotic|100/100 slp|[from] item: Leftovers
|-start|p2a: Hydreigon|perish1
|-start|p2b: Milotic|perish1
|-start|p1b: Politoed|perish1
|upkeep
|turn|7
|inactive|dapmagikarp has 30 seconds left.
|
|t:|1784999533
|switch|p2a: Gardevoir|Gardevoir, L50, F, shiny|100/100
|-ability|p2a: Gardevoir|Drizzle|Trace|[from] ability: Trace|[of] p1b: Politoed
|-weather|RainDance|[from] ability: Drizzle|[of] p2a: Gardevoir
|switch|p2b: Sinistcha|Sinistcha, L50|57/100
|switch|p1b: Gengar|Gengar-Mega, L50, F, shiny|9/100
|move|p1a: Incineroar|Throat Chop|p2b: Sinistcha
|-supereffective|p2b: Sinistcha|1
|-damage|p2b: Sinistcha|8/100
|-start|p2b: Sinistcha|Throat Chop|[silent]
|
|-weather|RainDance|[upkeep]
|upkeep
|turn|8
|inactive|dapmagikarp has 30 seconds left.
|inactive|dapmagikarp has 20 seconds left.
|inactive|dapmagikarp has 15 seconds left.
|
|t:|1784999578
|detailschange|p2a: Gardevoir|Gardevoir-Mega, L50, F, shiny
|-mega|p2a: Gardevoir|Gardevoir|Gardevoirite
|move|p1b: Gengar|Protect|p1b: Gengar
|-singleturn|p1b: Gengar|Protect
|move|p2b: Sinistcha|Rage Powder|p2b: Sinistcha
|-singleturn|p2b: Sinistcha|move: Rage Powder
|move|p2a: Gardevoir|Hyper Voice|p1b: Gengar|[spread] p1a
|-activate|p1b: Gengar|move: Protect
|-damage|p1a: Incineroar|0 fnt
|faint|p1a: Incineroar
|
|-weather|RainDance|[upkeep]
|-end|p2b: Sinistcha|Throat Chop|[silent]
|upkeep
|
|t:|1784999582
|switch|p1a: Archaludon|Archaludon, L50, M|100/100
|turn|9
|
|t:|1784999595
|switch|p1b: Politoed|Politoed, L50, F|49/100
|move|p2b: Sinistcha|Rage Powder|p2b: Sinistcha
|-singleturn|p2b: Sinistcha|move: Rage Powder
|move|p2a: Gardevoir|Hyper Voice|p1a: Archaludon|[spread] p1a,p1b
|-damage|p1a: Archaludon|52/100
|-damage|p1b: Politoed|13/100
|-ability|p1a: Archaludon|Stamina|boost
|-boost|p1a: Archaludon|def|1
|move|p1a: Archaludon|Electro Shot||[still]
|-prepare|p1a: Archaludon|Electro Shot
|-boost|p1a: Archaludon|spa|1
|-anim|p1a: Archaludon|Electro Shot|p2b: Sinistcha
|-resisted|p2b: Sinistcha|1
|-damage|p2b: Sinistcha|0 fnt
|faint|p2b: Sinistcha
|
|-weather|RainDance|[upkeep]
|-heal|p1a: Archaludon|58/100|[from] item: Leftovers
|upkeep
|
|t:|1784999601
|switch|p2b: Hydreigon|Hydreigon, L50, F|87/100
|turn|10
|
|t:|1784999617
|move|p1a: Archaludon|Protect|p1a: Archaludon
|-singleturn|p1a: Archaludon|Protect
|move|p2b: Hydreigon|Snarl|p1a: Archaludon|[spread] p1b
|-activate|p1a: Archaludon|move: Protect
|-damage|p1b: Politoed|0 fnt
|faint|p1b: Politoed
|move|p2a: Gardevoir|Hyper Voice|p1a: Archaludon
|-activate|p1a: Archaludon|move: Protect
|
|-weather|RainDance|[upkeep]
|-heal|p1a: Archaludon|64/100|[from] item: Leftovers
|upkeep
|
|t:|1784999622
|switch|p1b: Gengar|Gengar-Mega, L50, F, shiny|9/100
|turn|11
|
|t:|1784999630
|move|p1b: Gengar|Protect|p1b: Gengar
|-singleturn|p1b: Gengar|Protect
|move|p2b: Hydreigon|Snarl|p1b: Gengar|[spread] p1a
|-activate|p1b: Gengar|move: Protect
|-damage|p1a: Archaludon|41/100
|-unboost|p1a: Archaludon|spa|1
|-ability|p1a: Archaludon|Stamina|boost
|-boost|p1a: Archaludon|def|1
|move|p2a: Gardevoir|Hyper Voice|p1b: Gengar|[spread] p1a
|-activate|p1b: Gengar|move: Protect
|-damage|p1a: Archaludon|0 fnt
|faint|p1a: Archaludon
|
|-weather|none
|upkeep
|turn|12
|-message|dapmagikarp forfeited.
|
|win|lucasmalt
|l|☆dapmagikarp
|player|p1|
||dapmagikarp is ready for game 2.
||dapmagikarp is ready for game 2.
|inactive|lucasmalt has 30 seconds to confirm battle start!
