|j|☆Squ1dge_
|j|☆Oriozz
|html|Squ1dge_Oriozz    
|uhtml|bestof|Game 2 of a best-of-3
|t:|1783553965
|gametype|doubles
|player|p1|Squ1dge_|101|1168
|player|p2|Oriozz|2|1112
|gen|9
|tier|[Gen 9 Champions] VGC 2026 Reg M-B (Bo3)
|rated|
|rule|Species Clause: Limit one of each Pokémon
|rule|Item Clause: Limit 1 of each item
|clearpoke
|poke|p1|Charizard, L50, M|
|poke|p1|Garchomp, L50, F|
|poke|p1|Whimsicott, L50, M|
|poke|p1|Basculegion, L50, M|
|poke|p1|Kingambit, L50, F|
|poke|p1|Floette-Eternal, L50, F|
|poke|p2|Kingambit, L50, M|
|poke|p2|Floette-Eternal, L50, F|
|poke|p2|Sneasler, L50, M|
|poke|p2|Incineroar, L50, M|
|poke|p2|Garchomp, L50, M|
|poke|p2|Sinistcha, L50|
|teampreview|4
|showteam|p1|Charizard||CharizarditeY|Blaze|HeatWave,SolarBeam,WeatherBall,Protect|Modest||M|||50|]Garchomp||LifeOrb|RoughSkin|DragonClaw,Earthquake,RockSlide,Protect|Jolly||F|||50|]Whimsicott||FocusSash|Prankster|Moonblast,Tailwind,Encore,Protect|Timid||M|||50|]Basculegion||MysticWater|Adaptability|WaveCrash,AquaJet,Protect,LastRespects|Adamant||M|||50|]Kingambit||BlackGlasses|Defiant|KowtowCleave,SuckerPunch,IronHead,Protect|Adamant||F|||50|]Floette-Eternal||Floettite|FlowerVeil|Moonblast,DazzlingGleam,LightofRuin,Protect|Timid||F|||50|
|showteam|p2|Kingambit||ChopleBerry|Defiant|KowtowCleave,Protect,SuckerPunch,IronHead|Adamant||M|||50|]Floette-Eternal||Floettite|FlowerVeil|DazzlingGleam,DrainingKiss,Protect,CalmMind|Bold||F|||50|]Sneasler||FocusSash|Unburden|FakeOut,DireClaw,CloseCombat,Coaching|Jolly||M|||50|]Incineroar||Leftovers|Intimidate|FakeOut,FlareBlitz,PartingShot,HelpingHand|Careful||M|||50|]Garchomp||Garchompite|RoughSkin|Earthquake,StompingTantrum,RockSlide,Protect|Adamant||M|||50|]Sinistcha||SitrusBerry|Hospitality|Protect,MatchaGotcha,TrickRoom,RagePowder|Bold|||||50|
|inactive|Battle timer is ON: inactive players will automatically lose when time's up. (requested by Oriozz)
|inactive|Squ1dge_ has 60 seconds left.
|inactive|Oriozz has 60 seconds left.
|
|t:|1783554008
|teamsize|p1|4
|teamsize|p2|4
|start
|switch|p1a: Whimsicott|Whimsicott, L50, M|100/100
|switch|p1b: Basculegion|Basculegion, L50, M|100/100
|switch|p2a: Garchomp|Garchomp, L50, M|100/100
|switch|p2b: Sneasler|Sneasler, L50, M|100/100
|turn|1
|
|t:|1783554032
|switch|p2a: Incineroar|Incineroar, L50, M|100/100
|-ability|p2a: Incineroar|Intimidate|boost
|-unboost|p1a: Whimsicott|atk|1
|-unboost|p1b: Basculegion|atk|1
|move|p1a: Whimsicott|Protect|p1a: Whimsicott
|-singleturn|p1a: Whimsicott|Protect
|move|p1b: Basculegion|Aqua Jet|p2b: Sneasler
|-damage|p2b: Sneasler|66/100
|move|p2b: Sneasler|Dire Claw|p1b: Basculegion
|-resisted|p1b: Basculegion|1
|-damage|p1b: Basculegion|79/100
|
|upkeep
|turn|2
|
|t:|1783554054
|switch|p2b: Garchomp|Garchomp, L50, M|100/100
|switch|p1a: Garchomp|Garchomp, L50, F|100/100
|move|p1b: Basculegion|Wave Crash|p2b: Garchomp
|-crit|p2b: Garchomp
|-damage|p2b: Garchomp|0 fnt
|-damage|p1b: Basculegion|67/100|[from] ability: Rough Skin|[of] p2b: Garchomp
|faint|p2b: Garchomp
|-damage|p1b: Basculegion|36/100|[from] Recoil
|move|p2a: Incineroar|Flare Blitz|p1a: Garchomp
|-resisted|p1a: Garchomp|1
|-damage|p1a: Garchomp|77/100
|-damage|p2a: Incineroar|87/100|[from] ability: Rough Skin|[of] p1a: Garchomp
|-damage|p2a: Incineroar|80/100|[from] Recoil
|
|-heal|p2a: Incineroar|86/100|[from] item: Leftovers
|upkeep
|
|t:|1783554075
|switch|p2b: Floette|Floette-Eternal, L50, F|100/100
|turn|3
|inactive|Oriozz has 30 seconds left.
|
|t:|1783554103
|detailschange|p2b: Floette|Floette-Mega, L50, F
|-mega|p2b: Floette|Floette|Floettite
|-ability|p2b: Floette|Fairy Aura
|move|p1b: Basculegion|Protect|p1b: Basculegion
|-singleturn|p1b: Basculegion|Protect
|move|p1a: Garchomp|Earthquake|p2b: Floette|[spread] p2a,p2b
|-activate|p1b: Basculegion|move: Protect
|-supereffective|p2a: Incineroar|1
|-damage|p2a: Incineroar|1/100
|-damage|p2b: Floette|45/100
|-damage|p1a: Garchomp|67/100|[from] item: Life Orb
|move|p2b: Floette|Dazzling Gleam|p1b: Basculegion|[spread] p1a
|-activate|p1b: Basculegion|move: Protect
|-supereffective|p1a: Garchomp|1
|-damage|p1a: Garchomp|0 fnt
|faint|p1a: Garchomp
|move|p2a: Incineroar|Parting Shot|p1b: Basculegion
|-activate|p1b: Basculegion|move: Protect
|
|-heal|p2a: Incineroar|7/100|[from] item: Leftovers
|upkeep
|
|t:|1783554118
|switch|p1a: Floette|Floette-Eternal, L50, F|100/100
|turn|4
|
|t:|1783554140
|detailschange|p1a: Floette|Floette-Mega, L50, F
|-mega|p1a: Floette|Floette|Floettite
|-ability|p1a: Floette|Fairy Aura
|move|p2b: Floette|Protect|p2b: Floette
|-singleturn|p2b: Floette|Protect
|move|p1b: Basculegion|Aqua Jet|p2b: Floette
|-activate|p2b: Floette|move: Protect
|move|p1a: Floette|Dazzling Gleam|p2b: Floette|[spread] p2a
|-activate|p2b: Floette|move: Protect
|-damage|p2a: Incineroar|0 fnt
|faint|p2a: Incineroar
|
|upkeep
|
|t:|1783554151
|switch|p2a: Sneasler|Sneasler, L50, M|66/100
|turn|5
|
|t:|1783554173
|move|p1a: Floette|Protect|p1a: Floette
|-singleturn|p1a: Floette|Protect
|move|p1b: Basculegion|Aqua Jet|p2b: Floette
|-damage|p2b: Floette|21/100
|move|p2a: Sneasler|Dire Claw|p1a: Floette
|-activate|p1a: Floette|move: Protect
|move|p2b: Floette|Dazzling Gleam|p1a: Floette|[spread] p1b
|-activate|p1a: Floette|move: Protect
|-damage|p1b: Basculegion|0 fnt
|faint|p1b: Basculegion
|
|upkeep
|
|t:|1783554183
|switch|p1b: Whimsicott|Whimsicott, L50, M|100/100
|turn|6
|
|t:|1783554193
|move|p2b: Floette|Protect|p2b: Floette
|-singleturn|p2b: Floette|Protect
|move|p1b: Whimsicott|Tailwind|p1b: Whimsicott
|-sidestart|p1: Squ1dge_|move: Tailwind
|move|p1a: Floette|Dazzling Gleam|p2a: Sneasler|[spread] p2a
|-activate|p2b: Floette|move: Protect
|-damage|p2a: Sneasler|0 fnt
|faint|p2a: Sneasler
|
|upkeep
|turn|7
|
|t:|1783554204
|move|p1b: Whimsicott|Encore|p2b: Floette
|-start|p2b: Floette|Encore
|move|p2b: Floette|Protect||[still]
|-fail|p2b: Floette
|move|p1a: Floette|Moonblast|p2b: Floette
|-damage|p2b: Floette|0 fnt
|faint|p2b: Floette
|
|win|Squ1dge_
||Squ1dge_ is ready for game 3.
|inactive|Oriozz has 30 seconds to confirm battle start!
||Oriozz is ready for game 3.
|uhtml|next|Next: Game 3 of 3
|l|☆Squ1dge_
|player|p1|
