|j|☆fleamarketninja
|j|☆JNAOFARIA
|html|fleamarketninjaJNAOFARIA    
|uhtml|bestof|Game 1 of a best-of-3
|t:|1756778751
|gametype|doubles
|player|p1|fleamarketninja|baker|1055
|player|p2|JNAOFARIA|1|1149
|gen|9
|tier|[Gen 9] VGC 2025 Reg H (Bo3)
|rated|
|rule|Species Clause: Limit one of each Pokémon
|rule|Item Clause: Limit 1 of each item
|clearpoke
|poke|p1|Electabuzz, L50, F|
|poke|p1|Kingambit, L50, M|
|poke|p1|Volcarona, L50, M|
|poke|p1|Dragonite, L50, M|
|poke|p1|Sneasler, L50, F|
|poke|p1|Rillaboom, L50, F|
|poke|p2|Politoed, L50, F|
|poke|p2|Gothitelle, L50, M|
|poke|p2|Incineroar, L50, F|
|poke|p2|Amoonguss, L50, F|
|poke|p2|Kingdra, L50, F|
|poke|p2|Archaludon, L50, F|
|teampreview|4
|showteam|p1|Electabuzz||Eviolite|VitalSpirit|FollowMe,Thunderbolt,Taunt,Protect|||F|||50|,,,,,Ghost]Kingambit||BlackGlasses|Defiant|KowtowCleave,SuckerPunch,SwordsDance,Protect|||M|||50|,,,,,Dark]Volcarona||Leftovers|FlameBody|HeatWave,TeraBlast,QuiverDance,Protect|||M|||50|,,,,,Fairy]Dragonite||LoadedDice|Multiscale|ScaleShot,ExtremeSpeed,Haze,Protect|||M|||50|,,,,,Fairy]Sneasler||FocusSash|Unburden|DireClaw,CloseCombat,Coaching,FakeOut|||F|||50|,,,,,Stellar]Rillaboom||AssaultVest|GrassySurge|FakeOut,WoodHammer,GrassyGlide,HighHorsepower|||F|||50|,,,,,Fire
|showteam|p2|Politoed||Leftovers|Drizzle|Protect,WeatherBall,PerishSong,Encore|||F|||50|,,,,,Grass]Gothitelle||SitrusBerry|ShadowTag|Protect,Psychic,FakeOut,TrickRoom|||M|||50|,,,,,Dark]Incineroar||SafetyGoggles|Intimidate|Protect,KnockOff,FakeOut,PartingShot|||F|||50|,,,,,Ghost]Amoonguss||EjectButton|Regenerator|Protect,RagePowder,PollenPuff,Spore|||F|||50|,,,,,Fairy]Kingdra||LifeOrb|SwiftSwim|Protect,WeatherBall,DracoMeteor,MuddyWater|||F|||50|,,,,,Stellar]Archaludon||PowerHerb|Sturdy|Protect,ElectroShot,DragonPulse,FlashCannon|||F|||50|,,,,,Electric
|inactive|Battle timer is ON: inactive players will automatically lose when time's up. (requested by fleamarketninja)
|
|t:|1756778827
|teamsize|p1|4
|teamsize|p2|4
|start
|switch|p1a: Electabuzz|Electabuzz, L50, F|100/100
|switch|p1b: Kingambit|Kingambit, L50, M|100/100
|switch|p2a: Politoed|Politoed, L50, F|100/100
|switch|p2b: Amoonguss|Amoonguss, L50, F|100/100
|-weather|RainDance|[from] ability: Drizzle|[of] p2a: Politoed
|turn|1
|inactive|fleamarketninja has 30 seconds left.
|
|t:|1756778858
|move|p1b: Kingambit|Protect|p1b: Kingambit
|-singleturn|p1b: Kingambit|Protect
|move|p2b: Amoonguss|Rage Powder|p2b: Amoonguss
|-singleturn|p2b: Amoonguss|move: Rage Powder
|move|p1a: Electabuzz|Taunt|p2b: Amoonguss
|-start|p2b: Amoonguss|move: Taunt
|move|p2a: Politoed|Perish Song|p2a: Politoed
|-start|p1a: Electabuzz|perish3|[silent]
|-start|p1b: Kingambit|perish3|[silent]
|-start|p2a: Politoed|perish3|[silent]
|-start|p2b: Amoonguss|perish3|[silent]
|-fieldactivate|move: Perish Song
|
|-weather|RainDance|[upkeep]
|-start|p1a: Electabuzz|perish3
|-start|p2a: Politoed|perish3
|-start|p1b: Kingambit|perish3
|-start|p2b: Amoonguss|perish3
|upkeep
|turn|2
|
|t:|1756778880
|switch|p1a: Sneasler|Sneasler, L50, F|100/100
|switch|p1b: Rillaboom|Rillaboom, L50, F|100/100
|-fieldstart|move: Grassy Terrain|[from] ability: Grassy Surge|[of] p1b: Rillaboom
|switch|p2b: Gothitelle|Gothitelle, L50, M|100/100
|move|p2a: Politoed|Encore||[still]
|-fail|p2a: Politoed
|
|-weather|RainDance|[upkeep]
|-start|p2a: Politoed|perish2
|upkeep
|turn|3
|inactive|fleamarketninja has 30 seconds left.
|inactive|JNAOFARIA has 30 seconds left.
|inactive|fleamarketninja has 20 seconds left.
|
|t:|1756778917
|switch|p2a: Incineroar|Incineroar, L50, F|100/100
|-ability|p2a: Incineroar|Intimidate|boost
|-unboost|p1a: Sneasler|atk|1
|-unboost|p1b: Rillaboom|atk|1
|move|p2b: Gothitelle|Protect|p2b: Gothitelle
|-singleturn|p2b: Gothitelle|Protect
|move|p1a: Sneasler|Dire Claw|p2b: Gothitelle
|-activate|p2b: Gothitelle|move: Protect
|move|p1b: Rillaboom|Wood Hammer|p2a: Incineroar
|-resisted|p2a: Incineroar
|-damage|p2a: Incineroar|75/100
|-damage|p1b: Rillaboom|92/100|[from] Recoil
|
|-weather|RainDance|[upkeep]
|-heal|p1b: Rillaboom|98/100|[from] Grassy Terrain
|-heal|p2a: Incineroar|81/100|[from] Grassy Terrain
|upkeep
|turn|4
|inactive|fleamarketninja has 30 seconds left.
|inactive|JNAOFARIA has 30 seconds left.
|inactive|fleamarketninja has 20 seconds left.
|inactive|fleamarketninja has 15 seconds left.
|
|t:|1756778958
|move|p1a: Sneasler|Dire Claw|p2b: Gothitelle
|-damage|p2b: Gothitelle|73/100
|-status|p2b: Gothitelle|psn
|move|p1b: Rillaboom|Wood Hammer|p2b: Gothitelle
|-damage|p2b: Gothitelle|21/100 psn
|-enditem|p2b: Gothitelle|Sitrus Berry|[eat]
|-heal|p2b: Gothitelle|46/100 psn|[from] item: Sitrus Berry
|-damage|p1b: Rillaboom|83/100|[from] Recoil
|move|p2a: Incineroar|Parting Shot|p1b: Rillaboom
|-unboost|p1b: Rillaboom|atk|1
|-unboost|p1b: Rillaboom|spa|1
|
|t:|1756778971
|switch|p2a: Politoed|Politoed, L50, F|100/100|[from] Parting Shot
|move|p2b: Gothitelle|Trick Room|p2b: Gothitelle
|-fieldstart|move: Trick Room|[of] p2b: Gothitelle
|
|-weather|RainDance|[upkeep]
|-heal|p2b: Gothitelle|52/100 psn|[from] Grassy Terrain
|-heal|p1b: Rillaboom|89/100|[from] Grassy Terrain
|-damage|p2b: Gothitelle|39/100 psn|[from] psn
|upkeep
|turn|5
|inactive|fleamarketninja has 30 seconds left.
|inactive|JNAOFARIA has 30 seconds left.
|inactive|fleamarketninja has 20 seconds left.
|inactive|JNAOFARIA has 20 seconds left.
|
|t:|1756779011
|-terastallize|p2a: Politoed|Grass
|move|p2b: Gothitelle|Psychic|p1a: Sneasler
|-supereffective|p1a: Sneasler
|-enditem|p1a: Sneasler|Focus Sash
|-damage|p1a: Sneasler|1/100
|move|p2a: Politoed|Weather Ball|p1a: Sneasler
|-damage|p1a: Sneasler|0 fnt
|faint|p1a: Sneasler
|move|p1b: Rillaboom|Wood Hammer|p2a: Politoed
|-resisted|p2a: Politoed
|-damage|p2a: Politoed|80/100
|-damage|p1b: Rillaboom|83/100|[from] Recoil
|
|-weather|none
|-heal|p2b: Gothitelle|46/100 psn|[from] Grassy Terrain
|-heal|p2a: Politoed|86/100|[from] Grassy Terrain
|-heal|p2a: Politoed|92/100|[from] item: Leftovers
|-heal|p1b: Rillaboom|88/100|[from] Grassy Terrain
|-damage|p2b: Gothitelle|33/100 psn|[from] psn
|upkeep
|
|t:|1756779030
|switch|p1a: Kingambit|Kingambit, L50, M|100/100
|turn|6
|
|t:|1756779044
|switch|p2b: Amoonguss|Amoonguss, L50, F|100/100
|move|p1a: Kingambit|Swords Dance|p1a: Kingambit
|-boost|p1a: Kingambit|atk|2
|move|p2a: Politoed|Perish Song|p2a: Politoed
|-start|p1a: Kingambit|perish3|[silent]
|-start|p1b: Rillaboom|perish3|[silent]
|-start|p2a: Politoed|perish3|[silent]
|-start|p2b: Amoonguss|perish3|[silent]
|-fieldactivate|move: Perish Song
|move|p1b: Rillaboom|High Horsepower|p2a: Politoed
|-resisted|p2a: Politoed
|-damage|p2a: Politoed|84/100
|
|-heal|p2a: Politoed|90/100|[from] Grassy Terrain
|-heal|p2a: Politoed|96/100|[from] item: Leftovers
|-heal|p1b: Rillaboom|94/100|[from] Grassy Terrain
|-start|p2b: Amoonguss|perish3
|-start|p1a: Kingambit|perish3
|-start|p2a: Politoed|perish3
|-start|p1b: Rillaboom|perish3
|-fieldend|move: Grassy Terrain
|upkeep
|turn|7
|inactive|fleamarketninja has 30 seconds left.
|inactive|JNAOFARIA has 30 seconds left.
|inactive|JNAOFARIA has 20 seconds left.
|inactive|JNAOFARIA has 15 seconds left.
|inactive|JNAOFARIA has 10 seconds left.
|
|t:|1756779092
|switch|p1b: Electabuzz|Electabuzz, L50, F|100/100
|move|p1a: Kingambit|Protect|p1a: Kingambit
|-singleturn|p1a: Kingambit|Protect
|move|p2b: Amoonguss|Spore|p1a: Kingambit
|-activate|p1a: Kingambit|move: Protect
|move|p2a: Politoed|Encore||[still]
|-fail|p2a: Politoed
|
|-heal|p2a: Politoed|100/100|[from] item: Leftovers
|-start|p2b: Amoonguss|perish2
|-start|p1a: Kingambit|perish2
|-start|p2a: Politoed|perish2
|upkeep
|turn|8
|inactive|fleamarketninja has 30 seconds left.
|
|t:|1756779126
|switch|p1a: Rillaboom|Rillaboom, L50, F|94/100
|-fieldstart|move: Grassy Terrain|[from] ability: Grassy Surge|[of] p1a: Rillaboom
|move|p2b: Amoonguss|Rage Powder|p2b: Amoonguss
|-singleturn|p2b: Amoonguss|move: Rage Powder
|move|p2a: Politoed|Perish Song|p2a: Politoed
|-start|p1a: Rillaboom|perish3|[silent]
|-start|p1b: Electabuzz|perish3|[silent]
|-fieldactivate|move: Perish Song
|move|p1b: Electabuzz|Taunt|p2b: Amoonguss
|-start|p2b: Amoonguss|move: Taunt
|
|-heal|p1a: Rillaboom|99/100|[from] Grassy Terrain
|-start|p2b: Amoonguss|perish1
|-start|p2a: Politoed|perish1
|-start|p1a: Rillaboom|perish3
|-start|p1b: Electabuzz|perish3
|-fieldend|move: Trick Room
|upkeep
|turn|9
|inactive|fleamarketninja has 30 seconds left.
|inactive|JNAOFARIA has 30 seconds left.
|inactive|fleamarketninja has 20 seconds left.
|inactive|fleamarketninja has 15 seconds left.
|
|t:|1756779166
|switch|p1a: Kingambit|Kingambit, L50, M|100/100
|switch|p2a: Gothitelle|Gothitelle, L50, M|33/100 psn
|switch|p2b: Incineroar|Incineroar, L50, F|81/100
|-ability|p2b: Incineroar|Intimidate|boost
|-unboost|p1a: Kingambit|atk|1
|-ability|p1a: Kingambit|Defiant|boost
|-boost|p1a: Kingambit|atk|2
|-unboost|p1b: Electabuzz|atk|1
|move|p1b: Electabuzz|Thunderbolt|p2b: Incineroar
|-damage|p2b: Incineroar|59/100
|
|-heal|p2a: Gothitelle|39/100 psn|[from] Grassy Terrain
|-heal|p2b: Incineroar|65/100|[from] Grassy Terrain
|-damage|p2a: Gothitelle|27/100 psn|[from] psn
|-start|p1b: Electabuzz|perish2
|upkeep
|turn|10
|inactive|fleamarketninja has 30 seconds left.
|inactive|JNAOFARIA has 30 seconds left.
|inactive|fleamarketninja has 20 seconds left.
|
|t:|1756779201
|switch|p2b: Amoonguss|Amoonguss, L50, F|100/100
|move|p2a: Gothitelle|Fake Out|p1a: Kingambit
|-resisted|p1a: Kingambit
|-damage|p1a: Kingambit|98/100
|move|p1b: Electabuzz|Follow Me|p1b: Electabuzz
|-singleturn|p1b: Electabuzz|move: Follow Me
|cant|p1a: Kingambit|flinch
|
|-heal|p1a: Kingambit|100/100|[from] Grassy Terrain
|-heal|p2a: Gothitelle|33/100 psn|[from] Grassy Terrain
|-damage|p2a: Gothitelle|21/100 psn|[from] psn
|-start|p1b: Electabuzz|perish1
|upkeep
|turn|11
|inactive|fleamarketninja has 30 seconds left.
|inactive|JNAOFARIA has 30 seconds left.
|inactive|fleamarketninja has 20 seconds left.
|
|t:|1756779240
|move|p1a: Kingambit|Protect|p1a: Kingambit
|-singleturn|p1a: Kingambit|Protect
|move|p2a: Gothitelle|Protect|p2a: Gothitelle
|-singleturn|p2a: Gothitelle|Protect
|move|p2b: Amoonguss|Protect|p2b: Amoonguss
|-singleturn|p2b: Amoonguss|Protect
|move|p1b: Electabuzz|Taunt|p2b: Amoonguss
|-activate|p2b: Amoonguss|move: Protect
|
|-heal|p2a: Gothitelle|27/100 psn|[from] Grassy Terrain
|-damage|p2a: Gothitelle|15/100 psn|[from] psn
|-start|p1b: Electabuzz|perish0
|faint|p1b: Electabuzz
|upkeep
|
|t:|1756779252
|switch|p1b: Rillaboom|Rillaboom, L50, F|99/100
|turn|12
|
|t:|1756779269
|move|p1b: Rillaboom|Fake Out|p2b: Amoonguss
|-damage|p2b: Amoonguss|89/100
|-enditem|p2b: Amoonguss|Eject Button
|
|t:|1756779286
|switch|p2b: Politoed|Politoed, L50, F, tera:Grass|100/100
|-weather|RainDance|[from] ability: Drizzle|[of] p2b: Politoed
|move|p1a: Kingambit|Kowtow Cleave|p2a: Gothitelle
|-supereffective|p2a: Gothitelle
|-damage|p2a: Gothitelle|0 fnt
|faint|p2a: Gothitelle
|
|-weather|RainDance|[upkeep]
|-heal|p1b: Rillaboom|100/100|[from] Grassy Terrain
|-fieldend|move: Grassy Terrain
|upkeep
|
|t:|1756779298
|switch|p2a: Amoonguss|Amoonguss, L50, F|100/100
|turn|13
|inactive|fleamarketninja has 30 seconds left.
|
|t:|1756779333
|move|p2a: Amoonguss|Rage Powder|p2a: Amoonguss
|-singleturn|p2a: Amoonguss|move: Rage Powder
|move|p1b: Rillaboom|High Horsepower|p2a: Amoonguss
|-damage|p2a: Amoonguss|75/100
|move|p2b: Politoed|Perish Song|p2b: Politoed
|-start|p1a: Kingambit|perish3|[silent]
|-start|p1b: Rillaboom|perish3|[silent]
|-start|p2a: Amoonguss|perish3|[silent]
|-start|p2b: Politoed|perish3|[silent]
|-fieldactivate|move: Perish Song
|move|p1a: Kingambit|Kowtow Cleave|p2a: Amoonguss
|-damage|p2a: Amoonguss|0 fnt
|faint|p2a: Amoonguss
|
|-weather|RainDance|[upkeep]
|-start|p1b: Rillaboom|perish3
|-start|p2b: Politoed|perish3
|-start|p1a: Kingambit|perish3
|upkeep
|
|t:|1756779347
|switch|p2a: Incineroar|Incineroar, L50, F|65/100
|-ability|p2a: Incineroar|Intimidate|boost
|-unboost|p1a: Kingambit|atk|1
|-ability|p1a: Kingambit|Defiant|boost
|-boost|p1a: Kingambit|atk|2
|-unboost|p1b: Rillaboom|atk|1
|turn|14
|inactive|fleamarketninja has 30 seconds left this turn.
|inactive|fleamarketninja has 20 seconds left.
|inactive|fleamarketninja has 15 seconds left.
|
|t:|1756779370
|move|p2a: Incineroar|Fake Out|p1a: Kingambit
|-resisted|p1a: Kingambit
|-damage|p1a: Kingambit|97/100
|cant|p1a: Kingambit|flinch
|move|p1b: Rillaboom|High Horsepower|p2b: Politoed
|-resisted|p2b: Politoed
|-damage|p2b: Politoed|90/100
|move|p2b: Politoed|Weather Ball|p1b: Rillaboom
|-resisted|p1b: Rillaboom
|-damage|p1b: Rillaboom|84/100
|
|-weather|RainDance|[upkeep]
|-heal|p2b: Politoed|96/100|[from] item: Leftovers
|-start|p1b: Rillaboom|perish2
|-start|p2b: Politoed|perish2
|-start|p1a: Kingambit|perish2
|upkeep
|turn|15
|inactive|fleamarketninja has 15 seconds left this turn.
|inactive|fleamarketninja has 10 seconds left.
|inactive|fleamarketninja has 5 seconds left.
|inactive|JNAOFARIA has 30 seconds left.
|-message|fleamarketninja lost due to inactivity.
|
|win|JNAOFARIA
||fleamarketninja is ready for game 2.
||JNAOFARIA is ready for game 2.
|uhtml|next|Next: Game 2 of 3
|l|☆fleamarketninja
|player|p1|
