|j|☆IronStandsEternal
|j|☆truevillany123
|html|IronStandsEternaltruevillany123    
|uhtml|bestof|Game 1 of a best-of-3
|t:|1757042282
|gametype|doubles
|player|p1|IronStandsEternal|flint|1109
|player|p2|truevillany123|steven|1064
|gen|9
|tier|[Gen 9] VGC 2025 Reg H (Bo3)
|rated|
|rule|Species Clause: Limit one of each Pokémon
|rule|Item Clause: Limit 1 of each item
|clearpoke
|poke|p1|Rillaboom, L50, M|
|poke|p1|Dragonite, L50, M|
|poke|p1|Sneasler, L50, M|
|poke|p1|Ninetales-Alola, L50, F|
|poke|p1|Kingambit, L50, M|
|poke|p1|Volcarona, L50, F|
|poke|p2|Ursaluna-Bloodmoon, L50, M|
|poke|p2|Gholdengo, L50|
|poke|p2|Dragonite, L50, F|
|poke|p2|Sneasler, L50, F|
|poke|p2|Incineroar, L50, F|
|poke|p2|Amoonguss, L50, M|
|teampreview|4
|showteam|p1|Rillaboom||AssaultVest|GrassySurge|WoodHammer,GrassyGlide,HighHorsepower,FakeOut|||M|||50|,,,,,Fire]Dragonite||LoadedDice|Multiscale|Protect,ScaleShot,LowKick,Haze|||M|||50|,,,,,Fairy]Sneasler||WhiteHerb|Unburden|Protect,DireClaw,CloseCombat,Coaching|||M|||50|,,,,,Ghost]Ninetales-Alola||ChoiceSpecs|SnowWarning|Blizzard,IcyWind,Moonblast,FreezeDry|||F|||50|,,,,,Ghost]Kingambit||SafetyGoggles|Defiant|Protect,KowtowCleave,SuckerPunch,SwordsDance|||M|||50|,,,,,Dark]Volcarona||CovertCloak|FlameBody|StruggleBug,RagePowder,Overheat,WillOWisp|||F|||50|,,,,,Fairy
|showteam|p2|Ursaluna-Bloodmoon||AssaultVest|MindsEye|BloodMoon,EarthPower,VacuumWave,HyperVoice|||M|||50|,,,,,Water]Gholdengo||LifeOrb|GoodasGold|Protect,MakeItRain,ShadowBall,NastyPlot||||||50|,,,,,Water]Dragonite||LoadedDice|Multiscale|ScaleShot,Tailwind,Haze,Protect|||F|||50|,,,,,Fairy]Sneasler||FocusSash|Unburden|Protect,DireClaw,CloseCombat,ThroatChop|||F|||50|,,,,,Stellar]Incineroar||SafetyGoggles|Intimidate|KnockOff,PartingShot,FlareBlitz,FakeOut|||F|||50|,,,,,Ghost]Amoonguss||SitrusBerry|Regenerator|RagePowder,Spore,PollenPuff,Protect|||M|||50|,,,,,Psychic
|c|☆truevillany123|ggs wp
|inactive|Battle timer is ON: inactive players will automatically lose when time's up. (requested by truevillany123)
|
|t:|1757042347
|teamsize|p1|4
|teamsize|p2|4
|start
|switch|p1a: Volcarona|Volcarona, L50, F|100/100
|switch|p1b: Kingambit|Kingambit, L50, M|100/100
|switch|p2a: Sneasler|Sneasler, L50, F|100/100
|switch|p2b: Incineroar|Incineroar, L50, F|100/100
|-ability|p2b: Incineroar|Intimidate|boost
|-unboost|p1a: Volcarona|atk|1
|-unboost|p1b: Kingambit|atk|1
|-ability|p1b: Kingambit|Defiant|boost
|-boost|p1b: Kingambit|atk|2
|turn|1
|inactive|IronStandsEternal has 30 seconds left.
|inactive|truevillany123 has 30 seconds left.
|
|t:|1757042378
|switch|p2a: Ursaluna|Ursaluna-Bloodmoon, L50, M|100/100
|move|p1b: Kingambit|Protect|p1b: Kingambit
|-singleturn|p1b: Kingambit|Protect
|move|p1a: Volcarona|Will-O-Wisp|p2a: Ursaluna
|-status|p2a: Ursaluna|brn
|move|p2b: Incineroar|Knock Off|p1b: Kingambit
|-activate|p1b: Kingambit|move: Protect
|
|-damage|p2a: Ursaluna|95/100 brn|[from] brn
|upkeep
|turn|2
|inactive|IronStandsEternal has 30 seconds left.
|inactive|IronStandsEternal has 20 seconds left.
|inactive|IronStandsEternal has 15 seconds left.
|
|t:|1757042419
|-terastallize|p1b: Kingambit|Dark
|move|p1a: Volcarona|Rage Powder|p1a: Volcarona
|-singleturn|p1a: Volcarona|move: Rage Powder
|move|p2a: Ursaluna|Vacuum Wave|p1a: Volcarona
|-resisted|p1a: Volcarona
|-damage|p1a: Volcarona|94/100
|move|p2b: Incineroar|Knock Off|p1b: Kingambit
|-resisted|p1b: Kingambit
|-damage|p1b: Kingambit|85/100
|-enditem|p1b: Kingambit|Safety Goggles|[from] move: Knock Off|[of] p2b: Incineroar
|move|p1b: Kingambit|Kowtow Cleave|p2a: Ursaluna
|-damage|p2a: Ursaluna|21/100 brn
|
|-damage|p2a: Ursaluna|15/100 brn|[from] brn
|upkeep
|turn|3
|inactive|IronStandsEternal has 30 seconds left.
|inactive|IronStandsEternal has 20 seconds left.
|inactive|IronStandsEternal has 15 seconds left.
|
|t:|1757042460
|move|p1a: Volcarona|Struggle Bug|p2a: Ursaluna|[spread] p2a,p2b
|-crit|p2b: Incineroar
|-damage|p2a: Ursaluna|5/100 brn
|-damage|p2b: Incineroar|76/100
|-unboost|p2a: Ursaluna|spa|1
|-unboost|p2b: Incineroar|spa|1
|move|p2b: Incineroar|Flare Blitz|p1b: Kingambit
|-damage|p1b: Kingambit|48/100
|-damage|p2b: Incineroar|64/100|[from] Recoil
|move|p2a: Ursaluna|Blood Moon|p1a: Volcarona
|-damage|p1a: Volcarona|50/100
|move|p1b: Kingambit|Kowtow Cleave|p2a: Ursaluna
|-damage|p2a: Ursaluna|0 fnt
|faint|p2a: Ursaluna
|
|upkeep
|
|t:|1757042474
|switch|p2a: Dragonite|Dragonite, L50, F|100/100
|turn|4
|
|t:|1757042491
|move|p1a: Volcarona|Rage Powder|p1a: Volcarona
|-singleturn|p1a: Volcarona|move: Rage Powder
|move|p2a: Dragonite|Haze|p2a: Dragonite
|-clearallboost
|move|p2b: Incineroar|Knock Off|p1a: Volcarona
|-damage|p1a: Volcarona|0 fnt
|-enditem|p1a: Volcarona|Covert Cloak|[from] move: Knock Off|[of] p2b: Incineroar
|faint|p1a: Volcarona
|move|p1b: Kingambit|Kowtow Cleave|p2a: Dragonite
|-damage|p2a: Dragonite|64/100
|
|upkeep
|
|t:|1757042513
|switch|p1a: Ninetales|Ninetales-Alola, L50, F|100/100
|-weather|Snowscape|[from] ability: Snow Warning|[of] p1a: Ninetales
|turn|5
|
|t:|1757042533
|-terastallize|p2a: Dragonite|Fairy
|move|p1b: Kingambit|Sucker Punch|p2a: Dragonite
|-resisted|p2a: Dragonite
|-damage|p2a: Dragonite|35/100
|move|p1a: Ninetales|Blizzard|p2b: Incineroar|[spread] p2a,p2b
|-resisted|p2b: Incineroar
|-damage|p2a: Dragonite|0 fnt
|-damage|p2b: Incineroar|44/100
|faint|p2a: Dragonite
|move|p2b: Incineroar|Flare Blitz|p1a: Ninetales
|-supereffective|p1a: Ninetales
|-damage|p1a: Ninetales|0 fnt
|faint|p1a: Ninetales
|-damage|p2b: Incineroar|19/100|[from] Recoil
|
|-weather|Snowscape|[upkeep]
|upkeep
|c|☆truevillany123|gg
|c|☆truevillany123|fucking Gambitr
|
|t:|1757042549
|switch|p1a: Dragonite|Dragonite, L50, M|100/100
|switch|p2a: Sneasler|Sneasler, L50, F|100/100
|turn|6
|
|t:|1757042572
|move|p2a: Sneasler|Protect|p2a: Sneasler
|-singleturn|p2a: Sneasler|Protect
|move|p1b: Kingambit|Sucker Punch|p2b: Incineroar
|-resisted|p2b: Incineroar
|-damage|p2b: Incineroar|0 fnt
|faint|p2b: Incineroar
|move|p1a: Dragonite|Scale Shot|p2a: Sneasler
|-activate|p2a: Sneasler|move: Protect
|
|-weather|Snowscape|[upkeep]
|upkeep
|turn|7
|-message|truevillany123 forfeited.
|
|win|IronStandsEternal
|l|☆truevillany123
|player|p2|
||truevillany123 is ready for game 2.
|inactive|IronStandsEternal has 30 seconds to confirm battle start!
||IronStandsEternal is ready for game 2.
|uhtml|next|Next: Game 2 of 3
