|j|☆netheros
|j|☆satandagiii2005
|html|netherossatandagiii2005    
|uhtml|bestof|Game 1 of a best-of-3
|t:|1782513067
|gametype|doubles
|player|p1|netheros|101|1118
|player|p2|satandagiii2005|byron|1100
|gen|9
|tier|[Gen 9 Champions] VGC 2026 Reg M-B (Bo3)
|rated|
|rule|Species Clause: Limit one of each Pokémon
|rule|Item Clause: Limit 1 of each item
|clearpoke
|poke|p1|Raichu, L50, F|
|poke|p1|Whimsicott, L50, M|
|poke|p1|Garchomp, L50, M|
|poke|p1|Basculegion, L50, M|
|poke|p1|Kingambit, L50, M|
|poke|p1|Charizard, L50, M|
|poke|p2|Swampert, L50, M|
|poke|p2|Pelipper, L50, F|
|poke|p2|Archaludon, L50, M|
|poke|p2|Scrafty, L50, F|
|poke|p2|Farigiraf, L50, F|
|poke|p2|Sylveon, L50, M|
|teampreview|4
|showteam|p1|Raichu||RaichuniteY|Static|ZapCannon,FocusBlast,FakeOut,Protect|Timid||F|||50|]Whimsicott||FocusSash|Prankster|Moonblast,Encore,Tailwind,SunnyDay|Timid||M|||50|]Garchomp||LifeOrb|RoughSkin|RockSlide,Protect,DragonClaw,StompingTantrum|Jolly||M|||50|]Basculegion||ChoiceScarf|Adaptability|WaveCrash,AquaJet,LastRespects,FlipTurn|Jolly||M|||50|]Kingambit||BlackGlasses|Defiant|SuckerPunch,KowtowCleave,IronHead,Protect|Adamant||M|||50|]Charizard||CharizarditeY|Blaze|SolarBeam,WeatherBall,HeatWave,Protect|Timid||M|||50|
|showteam|p2|Swampert||Swampertite|Torrent|Protect,WaveCrash,Liquidation,HighHorsepower|Adamant||M|||50|]Pelipper||SitrusBerry|Drizzle|WideGuard,Tailwind,WeatherBall,Hurricane|Modest||F|||50|]Archaludon||Leftovers|Stamina|Protect,ElectroShot,DragonPulse,FlashCannon|Calm||M|||50|]Scrafty||Scraftinite|Intimidate|FakeOut,CloseCombat,ThroatChop,RockSlide|Adamant||F|||50|]Farigiraf||TwistedSpoon|ArmorTail|Roar,TrickRoom,TwinBeam,Protect|Modest||F|||50|]Sylveon||LifeOrb|Pixilate|HyperVoice,HyperBeam,QuickAttack,Detect|Modest||M|||50|
|inactive|Battle timer is ON: inactive players will automatically lose when time's up. (requested by satandagiii2005)
|inactive|satandagiii2005 has 30 seconds left.
|inactive|satandagiii2005 has 20 seconds left.
|
|t:|1782513142
|teamsize|p1|4
|teamsize|p2|4
|start
|switch|p1a: Kingambit|Kingambit, L50, M|100/100
|switch|p1b: Raichu|Raichu, L50, F|100/100
|switch|p2a: Scrafty|Scrafty, L50, F|100/100
|switch|p2b: Farigiraf|Farigiraf, L50, F|100/100
|-ability|p2a: Scrafty|Intimidate|boost
|-unboost|p1a: Kingambit|atk|1
|-ability|p1a: Kingambit|Defiant|boost
|-boost|p1a: Kingambit|atk|2
|-unboost|p1b: Raichu|atk|1
|turn|1
|inactive|netheros has 30 seconds left.
|inactive|satandagiii2005 has 30 seconds left.
|inactive|netheros has 20 seconds left.
|inactive|satandagiii2005 has 20 seconds left.
|inactive|netheros has 15 seconds left.
|inactive|netheros has 10 seconds left.
|
|t:|1782513189
|detailschange|p1b: Raichu|Raichu-Mega-Y, L50, F
|-mega|p1b: Raichu|Raichu|Raichunite Y
|move|p1a: Kingambit|Protect|p1a: Kingambit
|-singleturn|p1a: Kingambit|Protect
|move|p2a: Scrafty|Fake Out|p1a: Kingambit
|-activate|p1a: Kingambit|move: Protect
|move|p1b: Raichu|Zap Cannon|p2a: Scrafty
|-damage|p2a: Scrafty|45/100
|-status|p2a: Scrafty|par
|move|p2b: Farigiraf|Trick Room|p2b: Farigiraf
|-fieldstart|move: Trick Room|[of] p2b: Farigiraf
|
|upkeep
|turn|2
|inactive|netheros has 30 seconds left.
|inactive|satandagiii2005 has 30 seconds left.
|
|t:|1782513222
|switch|p1a: Basculegion|Basculegion, L50, M|100/100
|move|p2a: Scrafty|Close Combat|p1a: Basculegion
|-immune|p1a: Basculegion
|move|p2b: Farigiraf|Twin Beam|p1b: Raichu
|-damage|p1b: Raichu|65/100
|-damage|p1b: Raichu|34/100
|-hitcount|p1b: Raichu|2
|move|p1b: Raichu|Focus Blast|p2a: Scrafty
|-supereffective|p2a: Scrafty|1
|-damage|p2a: Scrafty|0 fnt
|faint|p2a: Scrafty
|
|upkeep
|
|t:|1782513235
|switch|p2a: Sylveon|Sylveon, L50, M|100/100
|turn|3
|
|t:|1782513256
|switch|p1a: Kingambit|Kingambit, L50, M|100/100
|move|p1b: Raichu|Protect|p1b: Raichu
|-singleturn|p1b: Raichu|Protect
|move|p2b: Farigiraf|Twin Beam|p1a: Kingambit
|-immune|p1a: Kingambit
|move|p2a: Sylveon|Hyper Voice|p1a: Kingambit|[spread] p1a
|-activate|p1b: Raichu|move: Protect
|-damage|p1a: Kingambit|47/100
|-damage|p2a: Sylveon|90/100|[from] item: Life Orb
|
|upkeep
|turn|4
|
|t:|1782513271
|move|p1a: Kingambit|Protect|p1a: Kingambit
|-singleturn|p1a: Kingambit|Protect
|move|p1b: Raichu|Protect||[still]
|-fail|p1b: Raichu
|move|p2b: Farigiraf|Twin Beam|p1b: Raichu
|-damage|p1b: Raichu|3/100
|-damage|p1b: Raichu|0 fnt
|faint|p1b: Raichu
|-hitcount|p1: Raichu|2
|move|p2a: Sylveon|Hyper Voice|p1a: Kingambit
|-activate|p1a: Kingambit|move: Protect
|
|upkeep
|
|t:|1782513291
|switch|p1b: Whimsicott|Whimsicott, L50, M|100/100
|turn|5
|inactive|netheros has 30 seconds left.
|
|t:|1782513317
|move|p1a: Kingambit|Iron Head|p2a: Sylveon
|-supereffective|p2a: Sylveon|1
|-damage|p2a: Sylveon|0 fnt
|faint|p2a: Sylveon
|move|p2b: Farigiraf|Twin Beam|p1b: Whimsicott
|-damage|p1b: Whimsicott|68/100
|-crit|p1b: Whimsicott
|-damage|p1b: Whimsicott|21/100
|-hitcount|p1b: Whimsicott|2
|move|p1b: Whimsicott|Moonblast|p2b: Farigiraf
|-crit|p2b: Farigiraf
|-damage|p2b: Farigiraf|50/100y
|
|-fieldend|move: Trick Room
|upkeep
|
|t:|1782513328
|switch|p2a: Pelipper|Pelipper, L50, F|100/100
|-weather|RainDance|[from] ability: Drizzle|[of] p2a: Pelipper
|turn|6
|
|t:|1782513350
|move|p1b: Whimsicott|Tailwind|p1b: Whimsicott
|-sidestart|p1: netheros|move: Tailwind
|move|p1a: Kingambit|Kowtow Cleave|p2b: Farigiraf
|-supereffective|p2b: Farigiraf|1
|-damage|p2b: Farigiraf|0 fnt
|faint|p2b: Farigiraf
|move|p2a: Pelipper|Weather Ball|p1a: Kingambit
|-damage|p1a: Kingambit|0 fnt
|faint|p1a: Kingambit
|
|-weather|RainDance|[upkeep]
|upkeep
|
|t:|1782513359
|switch|p1a: Basculegion|Basculegion, L50, M|100/100
|turn|7
|
|t:|1782513370
|move|p1a: Basculegion|Last Respects|p2a: Pelipper
|-damage|p2a: Pelipper|4/100
|-enditem|p2a: Pelipper|Sitrus Berry|[eat]
|-heal|p2a: Pelipper|29/100|[from] item: Sitrus Berry
|move|p1b: Whimsicott|Moonblast|p2a: Pelipper
|-crit|p2a: Pelipper
|-damage|p2a: Pelipper|0 fnt
|faint|p2a: Pelipper
|
|win|netheros
||satandagiii2005 is ready for game 2.
|inactive|netheros has 29 seconds to confirm battle start!
||netheros is ready for game 2.
|uhtml|next|Next: Game 2 of 3
