|j|☆Nessa333
|j|☆doingVGCthings
|html|Nessa333doingVGCthings    
|uhtml|bestof|Game 3 of a best-of-3
|t:|1756668189
|gametype|doubles
|player|p1|Nessa333|1|1017
|player|p2|doingVGCthings|swimmer-gen4dp|1053
|gen|9
|tier|[Gen 9] VGC 2025 Reg H (Bo3)
|rated|
|rule|Species Clause: Limit one of each Pokémon
|rule|Item Clause: Limit 1 of each item
|clearpoke
|poke|p1|Talonflame, L50, F|
|poke|p1|Garchomp, L50, M|
|poke|p1|Primarina, L50, M|
|poke|p1|Sneasler, L50, F|
|poke|p1|Indeedee, L50, M|
|poke|p1|Gholdengo, L50|
|poke|p2|Volcarona, L50, F|
|poke|p2|Electabuzz, L50, F|
|poke|p2|Kingambit, L50, M|
|poke|p2|Sneasler, L50, M|
|poke|p2|Rillaboom, L50, F|
|poke|p2|Dragonite, L50, M|
|teampreview|4
|showteam|p1|Talonflame||CovertCloak|GaleWings|BraveBird,Tailwind,WillOWisp,FlareBlitz|||F|||50|,,,,,Ghost]Garchomp||LifeOrb|RoughSkin|Protect,Earthquake,StompingTantrum,ScaleShot|||M|||50|,,,,,Ground]Primarina||ThroatSpray|LiquidVoice|Protect,Haze,HyperVoice,Moonblast|||M|||50|,,,,,Poison]Sneasler||PsychicSeed|Unburden|FakeOut,CloseCombat,DireClaw,AcidSpray|||F|||50|,,,,,Dark]Indeedee||FocusSash|PsychicSurge|ExpandingForce,TrickRoom,Imprison,Protect|||M|||50|,,,,,Psychic]Gholdengo||ChoiceSpecs|GoodasGold|MakeItRain,ShadowBall,PowerGem,SteelBeam||||||50|,,,,,Steel
|showteam|p2|Volcarona||CovertCloak|FlameBody|Protect,HeatWave,TeraBlast,QuiverDance|||F|||50|,,,,,Fairy]Electabuzz||Eviolite|VitalSpirit|Protect,Thunderbolt,Taunt,FollowMe|||F|||50|,,,,,Ghost]Kingambit||SafetyGoggles|Defiant|Protect,KowtowCleave,SuckerPunch,SwordsDance|||M|||50|,,,,,Dark]Sneasler||FocusSash|Unburden|Protect,DireClaw,CloseCombat,Coaching|||M|||50|,,,,,Stellar]Rillaboom||AssaultVest|GrassySurge|WoodHammer,GrassyGlide,HighHorsepower,FakeOut|||F|||50|,,,,,Fire]Dragonite||LoadedDice|InnerFocus|Protect,ScaleShot,ExtremeSpeed,Haze|||M|||50|,,,,,Normal
|inactive|Battle timer is ON: inactive players will automatically lose when time's up. (requested by doingVGCthings)
|inactive|doingVGCthings has 60 seconds left.
|inactive|doingVGCthings has 30 seconds left.
|inactive|doingVGCthings has 20 seconds left.
|inactive|doingVGCthings has 15 seconds left.
|inactive|doingVGCthings has 10 seconds left.
|inactive|doingVGCthings has 5 seconds left.
|
|t:|1756668277
|teamsize|p1|4
|teamsize|p2|4
|start
|switch|p1a: Talonflame|Talonflame, L50, F, shiny|100/100
|switch|p1b: Garchomp|Garchomp, L50, M, shiny|100/100
|switch|p2a: Rillaboom|Rillaboom, L50, F|100/100
|switch|p2b: Electabuzz|Electabuzz, L50, F|100/100
|-fieldstart|move: Grassy Terrain|[from] ability: Grassy Surge|[of] p2a: Rillaboom
|turn|1
|inactive|Nessa333 has 30 seconds left.
|
|t:|1756668303
|move|p2a: Rillaboom|Fake Out|p1b: Garchomp
|-damage|p1b: Garchomp|87/100
|-damage|p2a: Rillaboom|88/100|[from] ability: Rough Skin|[of] p1b: Garchomp
|move|p1a: Talonflame|Tailwind|p1a: Talonflame
|-sidestart|p1: Nessa333|move: Tailwind
|cant|p1b: Garchomp|flinch
|move|p2b: Electabuzz|Thunderbolt|p1a: Talonflame
|-supereffective|p1a: Talonflame
|-crit|p1a: Talonflame
|-damage|p1a: Talonflame|0 fnt
|faint|p1a: Talonflame
|
|-heal|p1b: Garchomp|93/100|[from] Grassy Terrain
|-heal|p2a: Rillaboom|94/100|[from] Grassy Terrain
|upkeep
|
|t:|1756668320
|switch|p1a: Indeedee|Indeedee, L50, M, shiny|100/100
|-fieldstart|move: Psychic Terrain|[from] ability: Psychic Surge|[of] p1a: Indeedee
|turn|2
|
|t:|1756668342
|switch|p2a: Dragonite|Dragonite, L50, M|100/100
|-terastallize|p1a: Indeedee|Psychic
|move|p1b: Garchomp|Scale Shot|p2a: Dragonite
|-supereffective|p2a: Dragonite
|-damage|p2a: Dragonite|64/100
|-supereffective|p2a: Dragonite
|-damage|p2a: Dragonite|23/100
|-supereffective|p2a: Dragonite
|-crit|p2a: Dragonite
|-damage|p2a: Dragonite|0 fnt
|faint|p2a: Dragonite
|-hitcount|p2: Dragonite|3
|-unboost|p1b: Garchomp|def|1
|-boost|p1b: Garchomp|spe|1
|-damage|p1b: Garchomp|84/100|[from] item: Life Orb
|move|p1a: Indeedee|Expanding Force|p2b: Electabuzz
|-damage|p2b: Electabuzz|19/100
|move|p2b: Electabuzz|Thunderbolt|p1a: Indeedee
|-damage|p1a: Indeedee|61/100
|-status|p1a: Indeedee|par
|
|upkeep
|
|t:|1756668350
|switch|p2a: Rillaboom|Rillaboom, L50, F|94/100
|-fieldstart|move: Grassy Terrain|[from] ability: Grassy Surge|[of] p2a: Rillaboom
|turn|3
|inactive|Nessa333 has 30 seconds left.
|
|t:|1756668383
|cant|p1a: Indeedee|par
|move|p2a: Rillaboom|Fake Out|p1b: Garchomp
|-damage|p1b: Garchomp|62/100
|-damage|p2a: Rillaboom|82/100|[from] ability: Rough Skin|[of] p1b: Garchomp
|cant|p1b: Garchomp|flinch
|move|p2b: Electabuzz|Thunderbolt|p1a: Indeedee
|-damage|p1a: Indeedee|21/100 par
|
|-heal|p1b: Garchomp|68/100|[from] Grassy Terrain
|-heal|p1a: Indeedee|27/100 par|[from] Grassy Terrain
|-heal|p2b: Electabuzz|25/100|[from] Grassy Terrain
|-heal|p2a: Rillaboom|88/100|[from] Grassy Terrain
|upkeep
|turn|4
|inactive|Nessa333 has 30 seconds left.
|
|t:|1756668409
|switch|p1a: Sneasler|Sneasler, L50, F, shiny|100/100
|move|p2b: Electabuzz|Follow Me|p2b: Electabuzz
|-singleturn|p2b: Electabuzz|move: Follow Me
|move|p1b: Garchomp|Stomping Tantrum|p2b: Electabuzz
|-supereffective|p2b: Electabuzz
|-damage|p2b: Electabuzz|0 fnt
|faint|p2b: Electabuzz
|-damage|p1b: Garchomp|58/100|[from] item: Life Orb
|move|p2a: Rillaboom|Wood Hammer|p1b: Garchomp
|-damage|p1b: Garchomp|0 fnt
|-damage|p2a: Rillaboom|76/100|[from] ability: Rough Skin|[of] p1b: Garchomp
|faint|p1b: Garchomp
|-damage|p2a: Rillaboom|59/100|[from] Recoil
|
|-heal|p2a: Rillaboom|65/100|[from] Grassy Terrain
|-sideend|p1: Nessa333|move: Tailwind
|upkeep
|
|t:|1756668429
|switch|p1b: Indeedee|Indeedee, L50, M, shiny, tera:Psychic|27/100 par
|switch|p2b: Volcarona|Volcarona, L50, F|100/100
|-fieldstart|move: Psychic Terrain|[from] ability: Psychic Surge|[of] p1b: Indeedee
|-enditem|p1a: Sneasler|Psychic Seed
|-boost|p1a: Sneasler|spd|1|[from] item: Psychic Seed
|turn|5
|
|t:|1756668446
|-terastallize|p2a: Rillaboom|Fire
|move|p1a: Sneasler|Acid Spray|p2b: Volcarona
|-damage|p2b: Volcarona|93/100
|move|p2b: Volcarona|Quiver Dance|p2b: Volcarona
|-boost|p2b: Volcarona|spa|1
|-boost|p2b: Volcarona|spd|1
|-boost|p2b: Volcarona|spe|1
|move|p2a: Rillaboom|High Horsepower|p1a: Sneasler
|-supereffective|p1a: Sneasler
|-damage|p1a: Sneasler|0 fnt
|faint|p1a: Sneasler
|move|p1b: Indeedee|Expanding Force|p2b: Volcarona|[spread] p2a,p2b
|-damage|p2a: Rillaboom|13/100
|-damage|p2b: Volcarona|45/100
|
|upkeep
|turn|6
|
|t:|1756668464
|move|p2b: Volcarona|Heat Wave|p1b: Indeedee
|-damage|p1b: Indeedee|0 fnt
|faint|p1b: Indeedee
|
|win|doingVGCthings
|raw|Nessa333's rating: 1017 → 1006(-11 for losing)
|raw|doingVGCthings's rating: 1053 → 1082(+29 for winning)
|l|☆doingVGCthings
|player|p2|
|l|☆Nessa333
|player|p1|
|j|☆Nessa333
|player|p1|Nessa333|1|
