|j|☆watzapwitu
|j|☆Delacruso
|html|watzapwituDelacruso    
|uhtml|bestof|Game 1 of a best-of-3
|t:|1783441655
|gametype|doubles
|player|p1|watzapwitu|102|1051
|player|p2|Delacruso|red|1037
|gen|9
|tier|[Gen 9 Champions] VGC 2026 Reg M-B (Bo3)
|rated|
|rule|Species Clause: Limit one of each Pokémon
|rule|Item Clause: Limit 1 of each item
|clearpoke
|poke|p1|Oranguru, L50, F|
|poke|p1|Primarina, L50, M|
|poke|p1|Bellibolt, L50, F|
|poke|p1|Farigiraf, L50, F, shiny|
|poke|p1|Golurk, L50|
|poke|p1|Drampa, L50, F, shiny|
|poke|p2|Swampert, L50, M|
|poke|p2|Grimmsnarl, L50, M, shiny|
|poke|p2|Archaludon, L50, M|
|poke|p2|Pelipper, L50, F|
|poke|p2|Sinistcha, L50|
|poke|p2|Staraptor, L50, M, shiny|
|teampreview|4
|showteam|p1|Oranguru||ColburBerry|Telepathy|Psychic,TrickRoom,Instruct,Protect|Quiet||F|||50|]Primarina||LifeOrb|LiquidVoice|HyperVoice,Moonblast,EnergyBall,Protect|Quiet||M|||50|]Bellibolt||Leftovers|Electromorphosis|Discharge,ParabolicCharge,Soak,Protect|Quiet||F|||50|]Farigiraf||SitrusBerry|ArmorTail|PsychicFangs,Thunderbolt,TrickRoom,HelpingHand|Relaxed||F|||50|]Golurk||Golurkite|IronFist|Earthquake,Poltergeist,IcePunch,Protect|Brave|||||50|]Drampa||Drampanite|CloudNine|HyperVoice,EarthPower,DragonPulse,Protect|Serious||F|||50|
|showteam|p2|Swampert||Swampertite|Damp|WaveCrash,Earthquake,IcePunch,Protect|Adamant||M|||50|]Grimmsnarl||LightClay|Prankster|FoulPlay,PartingShot,LightScreen,Reflect|Careful||M|||50|]Archaludon||Leftovers|Stamina|ElectroShot,DragonPulse,FlashCannon,Protect|Modest||M|||50|]Pelipper||FocusSash|Drizzle|Hurricane,WeatherBall,Tailwind,WideGuard|Modest||F|||50|]Sinistcha||SitrusBerry|Hospitality|MatchaGotcha,RagePowder,Protect,TrickRoom|Serious|||||50|]Staraptor||Staraptite|Intimidate|CloseCombat,BraveBird,Roost,Protect|Adamant||M|||50|
|inactive|Battle timer is ON: inactive players will automatically lose when time's up. (requested by Delacruso)
|inactive|watzapwitu has 60 seconds left.
|
|t:|1783441707
|teamsize|p1|4
|teamsize|p2|4
|start
|switch|p1a: Farigiraf|Farigiraf, L50, F, shiny|100/100
|switch|p1b: Primarina|Primarina, L50, M|100/100
|switch|p2a: Grimmsnarl|Grimmsnarl, L50, M, shiny|100/100
|switch|p2b: Archaludon|Archaludon, L50, M|100/100
|turn|1
|inactive|Delacruso has 30 seconds left.
|inactive|Delacruso has 20 seconds left.
|
|t:|1783441742
|move|p1b: Primarina|Protect|p1b: Primarina
|-singleturn|p1b: Primarina|Protect
|move|p2a: Grimmsnarl|Light Screen|p2a: Grimmsnarl
|-sidestart|p2: Delacruso|move: Light Screen
|move|p2b: Archaludon|Flash Cannon|p1b: Primarina
|-activate|p1b: Primarina|move: Protect
|move|p1a: Farigiraf|Trick Room|p1a: Farigiraf
|-fieldstart|move: Trick Room|[of] p1a: Farigiraf
|
|upkeep
|turn|2
|
|t:|1783441763
|move|p1a: Farigiraf|Psychic Fangs|p2b: Archaludon
|-sideend|p2: Delacruso|move: Light Screen
|-resisted|p2b: Archaludon|1
|-damage|p2b: Archaludon|90/100
|-ability|p2b: Archaludon|Stamina|boost
|-boost|p2b: Archaludon|def|1
|move|p1b: Primarina|Moonblast|p2b: Archaludon
|-damage|p2b: Archaludon|22/100
|-ability|p2b: Archaludon|Stamina|boost
|-boost|p2b: Archaludon|def|1
|-damage|p1b: Primarina|90/100|[from] item: Life Orb
|move|p2a: Grimmsnarl|Foul Play|p1a: Farigiraf
|-supereffective|p1a: Farigiraf|1
|-damage|p1a: Farigiraf|48/100
|-enditem|p1a: Farigiraf|Sitrus Berry|[eat]
|-heal|p1a: Farigiraf|73/100|[from] item: Sitrus Berry
|move|p2b: Archaludon|Flash Cannon|p1b: Primarina
|-damage|p1b: Primarina|56/100
|
|-heal|p2b: Archaludon|28/100|[from] item: Leftovers
|upkeep
|turn|3
|inactive|Delacruso has 30 seconds left.
|
|t:|1783441796
|move|p2b: Archaludon|Protect|p2b: Archaludon
|-singleturn|p2b: Archaludon|Protect
|move|p1a: Farigiraf|Psychic Fangs|p2b: Archaludon
|-activate|p2b: Archaludon|move: Protect
|move|p1b: Primarina|Moonblast|p2a: Grimmsnarl
|-supereffective|p2a: Grimmsnarl|1
|-damage|p2a: Grimmsnarl|0 fnt
|faint|p2a: Grimmsnarl
|-damage|p1b: Primarina|47/100|[from] item: Life Orb
|
|-heal|p2b: Archaludon|35/100|[from] item: Leftovers
|upkeep
|
|t:|1783441816
|switch|p2a: Pelipper|Pelipper, L50, F|100/100
|-weather|RainDance|[from] ability: Drizzle|[of] p2a: Pelipper
|turn|4
|
|t:|1783441830
|move|p1a: Farigiraf|Thunderbolt|p2a: Pelipper
|-supereffective|p2a: Pelipper|2
|-enditem|p2a: Pelipper|Focus Sash
|-damage|p2a: Pelipper|1/100
|-status|p2a: Pelipper|par
|move|p2a: Pelipper|Hurricane|p1a: Farigiraf
|-damage|p1a: Farigiraf|33/100
|move|p1b: Primarina|Moonblast|p2b: Archaludon
|-damage|p2b: Archaludon|0 fnt
|faint|p2b: Archaludon
|-damage|p1b: Primarina|37/100|[from] item: Life Orb
|
|-weather|RainDance|[upkeep]
|upkeep
|
|t:|1783441843
|switch|p2b: Swampert|Swampert, L50, M|100/100
|turn|5
|
|t:|1783441862
|detailschange|p2b: Swampert|Swampert-Mega, L50, M
|-mega|p2b: Swampert|Swampert|Swampertite
|move|p2b: Swampert|Protect|p2b: Swampert
|-singleturn|p2b: Swampert|Protect
|move|p2a: Pelipper|Hurricane|p1a: Farigiraf
|-damage|p1a: Farigiraf|0 fnt
|faint|p1a: Farigiraf
|move|p1b: Primarina|Energy Ball|p2b: Swampert
|-activate|p2b: Swampert|move: Protect
|
|-weather|RainDance|[upkeep]
|-fieldend|move: Trick Room
|upkeep
|
|t:|1783441876
|switch|p1a: Golurk|Golurk, L50|100/100
|turn|6
|
|t:|1783441892
|detailschange|p1a: Golurk|Golurk-Mega, L50
|-mega|p1a: Golurk|Golurk|Golurkite
|move|p2b: Swampert|Earthquake|p1a: Golurk|[spread] p1a,p1b
|-immune|p2a: Pelipper
|-damage|p1a: Golurk|58/100
|-damage|p1b: Primarina|0 fnt
|faint|p1b: Primarina
|move|p1a: Golurk|Ice Punch|p2a: Pelipper
|-damage|p2a: Pelipper|0 fnt
|faint|p2a: Pelipper
|
|-weather|RainDance|[upkeep]
|upkeep
|
|t:|1783441900
|switch|p1b: Bellibolt|Bellibolt, L50, F|100/100
|turn|7
|
|t:|1783441923
|move|p1b: Bellibolt|Protect|p1b: Bellibolt
|-singleturn|p1b: Bellibolt|Protect
|move|p2b: Swampert|Earthquake|p1b: Bellibolt|[spread] p1a
|-activate|p1b: Bellibolt|move: Protect
|-damage|p1a: Golurk|18/100
|move|p1a: Golurk|Poltergeist|p2b: Swampert|[miss]
|-miss|p1a: Golurk|p2b: Swampert
|
|-weather|RainDance|[upkeep]
|upkeep
|turn|8
|-message|watzapwitu forfeited.
|
|win|Delacruso
|l|☆watzapwitu
|player|p1|
||watzapwitu is ready for game 2.
||Delacruso is ready for game 2.
|uhtml|next|Next: Game 2 of 3
