|j|☆adotismael
|j|☆panijc
|html|adotismaelpanijc    
|uhtml|bestof|Game 1 of a best-of-3
|t:|1785896412
|gametype|doubles
|player|p1|adotismael|hoopster|1113
|player|p2|panijc|101|1192
|gen|9
|tier|[Gen 9 Champions] VGC 2026 Reg M-B (Bo3)
|rated|
|rule|Species Clause: Limit one of each Pokémon
|rule|Item Clause: Limit 1 of each item
|clearpoke
|poke|p1|Blaziken, L50, M|
|poke|p1|Meowscarada, L50, M|
|poke|p1|Gholdengo, L50|
|poke|p1|Dragonite, L50, M|
|poke|p1|Sylveon, L50, M|
|poke|p1|Mudsdale, L50, M|
|poke|p2|Raichu, L50, M|
|poke|p2|Mamoswine, L50, M|
|poke|p2|Sylveon, L50, M|
|poke|p2|Incineroar, L50, F|
|poke|p2|Basculegion, L50, M|
|poke|p2|Whimsicott, L50, M|
|teampreview|4
|showteam|p1|Blaziken||Blazikenite|Blaze|CloseCombat,FlareBlitz,RockSlide,Protect|Jolly||M|||50|]Meowscarada||LifeOrb|Overgrow|FlowerTrick,TripleAxel,SuckerPunch,Protect|Jolly||M|||50|]Gholdengo||ChoiceScarf|GoodasGold|MakeItRain,ShadowBall,PowerGem,FocusBlast|Modest|||||50|]Dragonite||WhiteHerb|Multiscale|ScaleShot,Superpower,ExtremeSpeed,Protect|Adamant||M|||50|]Sylveon||FocusSash|Pixilate|HyperVoice,QuickAttack,Yawn,Detect|Timid||M|||50|]Mudsdale||SitrusBerry|InnerFocus|Earthquake,HeavySlam,Protect,Curse|Brave||M|||50|
|showteam|p2|Raichu||RaichuniteY|LightningRod|ZapCannon,FocusBlast,FakeOut,Protect|Timid||M|||50|]Mamoswine||LifeOrb|Oblivious|IcicleCrash,HighHorsepower,IceShard,Protect|Adamant||M|||50|]Sylveon||FairyFeather|Pixilate|HyperVoice,HyperBeam,Detect,Yawn|Modest||M|||50|]Incineroar||SitrusBerry|Intimidate|ThroatChop,FlareBlitz,FakeOut,PartingShot|Impish||F|||50|]Basculegion||MysticWater|Adaptability|WaveCrash,LastRespects,AquaJet,Protect|Adamant||M|||50|]Whimsicott||FocusSash|Prankster|Moonblast,Tailwind,Protect,Encore|Timid||M|||50|
|inactive|Battle timer is ON: inactive players will automatically lose when time's up. (requested by panijc)
|
|t:|1785896475
|teamsize|p1|4
|teamsize|p2|4
|start
|switch|p1a: Mudsdale|Mudsdale, L50, M|100/100
|switch|p1b: Gholdengo|Gholdengo, L50|100/100
|switch|p2a: Incineroar|Incineroar, L50, F|100/100
|switch|p2b: Raichu|Raichu, L50, M|100/100
|-ability|p2a: Incineroar|Intimidate|boost
|-fail|p1a: Mudsdale|unboost|Attack|[from] ability: Inner Focus|[of] p1a: Mudsdale
|-unboost|p1b: Gholdengo|atk|1
|turn|1
|
|t:|1785896491
|switch|p1b: Sylveon|Sylveon, L50, M|100/100
|detailschange|p2b: Raichu|Raichu-Mega-Y, L50, M
|-mega|p2b: Raichu|Raichu|Raichunite Y
|move|p2a: Incineroar|Fake Out|p1a: Mudsdale
|-damage|p1a: Mudsdale|91/100
|move|p2b: Raichu|Zap Cannon|p1b: Sylveon
|-damage|p1b: Sylveon|42/100
|-status|p1b: Sylveon|par
|move|p1a: Mudsdale|Curse|p1a: Mudsdale
|-unboost|p1a: Mudsdale|spe|1
|-boost|p1a: Mudsdale|atk|1
|-boost|p1a: Mudsdale|def|1
|
|upkeep
|turn|2
|
|t:|1785896510
|move|p2b: Raichu|Protect|p2b: Raichu
|-singleturn|p2b: Raichu|Protect
|move|p1b: Sylveon|Detect|p1b: Sylveon
|-singleturn|p1b: Sylveon|Protect
|move|p2a: Incineroar|Parting Shot|p1a: Mudsdale
|-unboost|p1a: Mudsdale|atk|1
|-unboost|p1a: Mudsdale|spa|1
|
|t:|1785896517
|switch|p2a: Whimsicott|Whimsicott, L50, M|100/100|[from] Parting Shot
|move|p1a: Mudsdale|Earthquake|p2a: Whimsicott|[spread] p2a
|-activate|p1b: Sylveon|move: Protect
|-activate|p2b: Raichu|move: Protect
|-resisted|p2a: Whimsicott|1
|-damage|p2a: Whimsicott|67/100
|
|upkeep
|turn|3
|inactive|adotismael has 30 seconds left.
|
|t:|1785896549
|switch|p2b: Incineroar|Incineroar, L50, F|100/100
|-ability|p2b: Incineroar|Intimidate|boost
|-fail|p1a: Mudsdale|unboost|Attack|[from] ability: Inner Focus|[of] p1a: Mudsdale
|-unboost|p1b: Sylveon|atk|1
|switch|p1b: Gholdengo|Gholdengo, L50|100/100
|move|p2a: Whimsicott|Encore|p1b: Gholdengo
|-immune|p1b: Gholdengo|[from] ability: Good as Gold
|move|p1a: Mudsdale|Curse|p1a: Mudsdale
|-unboost|p1a: Mudsdale|spe|1
|-boost|p1a: Mudsdale|atk|1
|-boost|p1a: Mudsdale|def|1
|
|upkeep
|turn|4
|inactive|panijc has 30 seconds left.
|
|t:|1785896577
|switch|p1b: Sylveon|Sylveon, L50, M|42/100 par
|move|p2a: Whimsicott|Protect|p2a: Whimsicott
|-singleturn|p2a: Whimsicott|Protect
|move|p2b: Incineroar|Flare Blitz|p1b: Sylveon
|-damage|p1b: Sylveon|0 fnt
|faint|p1b: Sylveon
|-damage|p2b: Incineroar|87/100|[from] Recoil
|move|p1a: Mudsdale|Curse|p1a: Mudsdale
|-unboost|p1a: Mudsdale|spe|1
|-boost|p1a: Mudsdale|atk|1
|-boost|p1a: Mudsdale|def|1
|
|upkeep
|
|t:|1785896585
|switch|p1b: Meowscarada|Meowscarada, L50, M|100/100
|turn|5
|inactive|adotismael has 30 seconds left.
|
|t:|1785896614
|move|p1b: Meowscarada|Protect|p1b: Meowscarada
|-singleturn|p1b: Meowscarada|Protect
|move|p2a: Whimsicott|Encore|p1a: Mudsdale
|-start|p1a: Mudsdale|Encore
|move|p2b: Incineroar|Flare Blitz|p1b: Meowscarada
|-activate|p1b: Meowscarada|move: Protect
|move|p1a: Mudsdale|Curse|p1a: Mudsdale
|-unboost|p1a: Mudsdale|spe|1
|-boost|p1a: Mudsdale|atk|1
|-boost|p1a: Mudsdale|def|1
|
|upkeep
|turn|6
|
|t:|1785896627
|move|p1b: Meowscarada|Protect||[still]
|-fail|p1b: Meowscarada
|move|p2a: Whimsicott|Tailwind|p2a: Whimsicott
|-sidestart|p2: panijc|move: Tailwind
|move|p2b: Incineroar|Flare Blitz|p1b: Meowscarada
|-supereffective|p1b: Meowscarada|1
|-damage|p1b: Meowscarada|0 fnt
|faint|p1b: Meowscarada
|-damage|p2b: Incineroar|62/100|[from] Recoil
|move|p1a: Mudsdale|Curse|p1a: Mudsdale
|-unboost|p1a: Mudsdale|spe|1
|-boost|p1a: Mudsdale|atk|1
|-boost|p1a: Mudsdale|def|1
|
|upkeep
|
|t:|1785896632
|switch|p1b: Gholdengo|Gholdengo, L50|100/100
|turn|7
|
|t:|1785896651
|move|p2a: Whimsicott|Protect|p2a: Whimsicott
|-singleturn|p2a: Whimsicott|Protect
|move|p1b: Gholdengo|Make It Rain|p2a: Whimsicott|[spread] p2b
|-activate|p2a: Whimsicott|move: Protect
|-resisted|p2b: Incineroar|1
|-damage|p2b: Incineroar|38/100
|-unboost|p1b: Gholdengo|spa|2
|-enditem|p2b: Incineroar|Sitrus Berry|[eat]
|-heal|p2b: Incineroar|62/100|[from] item: Sitrus Berry
|move|p2b: Incineroar|Flare Blitz|p1b: Gholdengo
|-supereffective|p1b: Gholdengo|1
|-damage|p1b: Gholdengo|0 fnt
|faint|p1b: Gholdengo
|-damage|p2b: Incineroar|35/100|[from] Recoil
|move|p1a: Mudsdale|Curse|p1a: Mudsdale
|-unboost|p1a: Mudsdale|spe|1
|-boost|p1a: Mudsdale|atk|1
|-boost|p1a: Mudsdale|def|1
|
|-end|p1a: Mudsdale|Encore
|upkeep
|turn|8
|
|t:|1785896674
|move|p2a: Whimsicott|Encore|p1a: Mudsdale
|-start|p1a: Mudsdale|Encore
|move|p2b: Incineroar|Throat Chop|p1a: Mudsdale
|-damage|p1a: Mudsdale|84/100
|-start|p1a: Mudsdale|Throat Chop|[silent]
|move|p1a: Mudsdale|Curse|p1a: Mudsdale
|-boost|p1a: Mudsdale|atk|1
|
|upkeep
|turn|9
|
|t:|1785896687
|switch|p2b: Raichu|Raichu-Mega-Y, L50, M|100/100
|move|p2a: Whimsicott|Moonblast|p1a: Mudsdale
|-damage|p1a: Mudsdale|50/100y
|-enditem|p1a: Mudsdale|Sitrus Berry|[eat]
|-heal|p1a: Mudsdale|74/100|[from] item: Sitrus Berry
|move|p1a: Mudsdale|Curse|p1a: Mudsdale
|
|-end|p1a: Mudsdale|Throat Chop|[silent]
|-sideend|p2: panijc|move: Tailwind
|upkeep
|turn|10
|
|t:|1785896699
|move|p2b: Raichu|Focus Blast|p1a: Mudsdale
|-damage|p1a: Mudsdale|27/100
|move|p2a: Whimsicott|Moonblast|p1a: Mudsdale
|-crit|p1a: Mudsdale
|-damage|p1a: Mudsdale|0 fnt
|faint|p1a: Mudsdale
|
|win|panijc
|l|☆adotismael
|player|p1|
||adotismael is ready for game 2.
||panijc is ready for game 2.
|uhtml|next|Next: Game 2 of 3
