|j|☆caseofxtc
|j|☆GIRLHELL1998
|html|caseofxtcGIRLHELL1998    
|uhtml|bestof|Game 2 of a best-of-3
|t:|1757652021
|gametype|doubles
|player|p1|caseofxtc|2|
|player|p2|GIRLHELL1998|roxie|
|gen|9
|tier|[Gen 9] VGC 2025 Reg H (Bo3)
|rule|Species Clause: Limit one of each Pokémon
|rule|Item Clause: Limit 1 of each item
|clearpoke
|poke|p1|Greninja-*, L50, F|
|poke|p1|Ampharos, L50, F|
|poke|p1|Porygon2, L50|
|poke|p1|Archaludon, L50, M|
|poke|p1|Incineroar, L50, F|
|poke|p1|Pelipper, L50, F|
|poke|p2|Incineroar, L50, M|
|poke|p2|Porygon2, L50|
|poke|p2|Amoonguss, L50, M|
|poke|p2|Ursaluna, L50, F|
|poke|p2|Gholdengo, L50|
|poke|p2|Flamigo, L50, M|
|teampreview|4
|showteam|p1|Greninja||LoadedDice|Protean|Protect,DarkPulse,WaterShuriken,Haze|||F|||50|,,,,,Ghost]Ampharos||ChoiceSpecs|Static|Thunder,PowerGem,VoltSwitch,DazzlingGleam|||F|||50|,,,,,Fairy]Porygon2||Eviolite|Download|IceBeam,TeraBlast,TrickRoom,Recover||||||50|,,,,,Fighting]Archaludon||AssaultVest|Stamina|FlashCannon,DragonPulse,ElectroShot,BodyPress|||M|||50|,,,,,Flying]Incineroar||SafetyGoggles|Intimidate|FakeOut,KnockOff,FlareBlitz,PartingShot|||F|||50|,,,,,Ghost]Pelipper||FocusSash|Drizzle|WeatherBall,Hurricane,Tailwind,Protect|||F|||50|,,,,,Water
|showteam|p2|Incineroar||SafetyGoggles|Intimidate|KnockOff,FlareBlitz,PartingShot,FakeOut|||M|||50|,,,,,Grass]Porygon2||Eviolite|Download|TeraBlast,IceBeam,Recover,TrickRoom||||||50|,,,,,Fighting]Amoonguss||MentalHerb|Regenerator|Spore,RagePowder,PollenPuff,SludgeBomb|||M|||50|,,,,,Water]Ursaluna||FlameOrb|Guts|Facade,HeadlongRush,Earthquake,Protect|||F|||50|,,,,,Normal]Gholdengo||LifeOrb|GoodasGold|MakeItRain,ShadowBall,NastyPlot,Protect||||||50|,,,,,Dragon]Flamigo||FocusSash|Scrappy|CloseCombat,BraveBird,WideGuard,Protect|||M|||50|,,,,,Ghost
|inactive|Battle timer is ON: inactive players will automatically lose when time's up. (requested by GIRLHELL1998)
|inactive|caseofxtc has 60 seconds left.
|inactive|GIRLHELL1998 has 60 seconds left.
|
|t:|1757652077
|teamsize|p1|4
|teamsize|p2|4
|start
|switch|p1a: Archaludon|Archaludon, L50, M|100/100
|switch|p1b: Pelipper|Pelipper, L50, F|100/100
|switch|p2a: Amoonguss|Amoonguss, L50, M, shiny|100/100
|switch|p2b: Porygon2|Porygon2, L50, shiny|100/100
|-weather|RainDance|[from] ability: Drizzle|[of] p1b: Pelipper
|-ability|p2b: Porygon2|Download|boost
|-boost|p2b: Porygon2|spa|1
|turn|1
|inactive|caseofxtc has 30 seconds left.
|inactive|GIRLHELL1998 has 30 seconds left.
|
|t:|1757652109
|move|p2a: Amoonguss|Rage Powder|p2a: Amoonguss
|-singleturn|p2a: Amoonguss|move: Rage Powder
|move|p1b: Pelipper|Hurricane|p2a: Amoonguss
|-supereffective|p2a: Amoonguss
|-damage|p2a: Amoonguss|6/100
|move|p1a: Archaludon|Body Press|p2a: Amoonguss
|-resisted|p2a: Amoonguss
|-damage|p2a: Amoonguss|0 fnt
|faint|p2a: Amoonguss
|move|p2b: Porygon2|Trick Room|p2b: Porygon2
|-fieldstart|move: Trick Room|[of] p2b: Porygon2
|
|-weather|RainDance|[upkeep]
|upkeep
|
|t:|1757652121
|switch|p2a: Ursaluna|Ursaluna, L50, F, shiny|100/100
|turn|2
|inactive|caseofxtc has 30 seconds left.
|
|t:|1757652154
|switch|p1b: Greninja|Greninja, L50, F|100/100
|-terastallize|p1a: Archaludon|Flying
|move|p2a: Ursaluna|Protect|p2a: Ursaluna
|-singleturn|p2a: Ursaluna|Protect
|move|p2b: Porygon2|Ice Beam|p1b: Greninja
|-resisted|p1b: Greninja
|-damage|p1b: Greninja|73/100
|move|p1a: Archaludon|Electro Shot||[still]
|-prepare|p1a: Archaludon|Electro Shot
|-boost|p1a: Archaludon|spa|1
|-anim|p1a: Archaludon|Electro Shot|p2b: Porygon2
|-damage|p2b: Porygon2|61/100
|
|-weather|RainDance|[upkeep]
|-status|p2a: Ursaluna|brn|[from] item: Flame Orb
|upkeep
|turn|3
|inactive|GIRLHELL1998 has 30 seconds left.
|inactive|GIRLHELL1998 has 20 seconds left.
|inactive|GIRLHELL1998 has 15 seconds left.
|
|t:|1757652197
|-terastallize|p2b: Porygon2|Fighting
|move|p1b: Greninja|Water Shuriken|p2a: Ursaluna
|-start|p1b: Greninja|typechange|Water|[from] ability: Protean
|-supereffective|p2a: Ursaluna
|-damage|p2a: Ursaluna|81/100 brn
|-supereffective|p2a: Ursaluna
|-damage|p2a: Ursaluna|61/100 brn
|-supereffective|p2a: Ursaluna
|-damage|p2a: Ursaluna|41/100 brn
|-supereffective|p2a: Ursaluna
|-damage|p2a: Ursaluna|24/100 brn
|-hitcount|p2a: Ursaluna|4
|move|p2a: Ursaluna|Facade|p1a: Archaludon
|-damage|p1a: Archaludon|8/100
|-ability|p1a: Archaludon|Stamina|boost
|-boost|p1a: Archaludon|def|1
|move|p2b: Porygon2|Tera Blast|p1b: Greninja|[anim] Tera Blast Fighting
|-damage|p1b: Greninja|1/100
|move|p1a: Archaludon|Electro Shot||[still]
|-prepare|p1a: Archaludon|Electro Shot
|-boost|p1a: Archaludon|spa|1
|-anim|p1a: Archaludon|Electro Shot|p2b: Porygon2
|-damage|p2b: Porygon2|14/100
|
|-weather|RainDance|[upkeep]
|-damage|p2a: Ursaluna|18/100 brn|[from] brn
|upkeep
|turn|4
|inactive|caseofxtc has 30 seconds left.
|inactive|GIRLHELL1998 has 30 seconds left.
|
|t:|1757652231
|switch|p2a: Incineroar|Incineroar, L50, M, shiny|100/100
|-ability|p2a: Incineroar|Intimidate|boost
|-unboost|p1a: Archaludon|atk|1
|-unboost|p1b: Greninja|atk|1
|switch|p1a: Incineroar|Incineroar, L50, F|100/100
|-ability|p1a: Incineroar|Intimidate|boost
|-unboost|p2a: Incineroar|atk|1
|-unboost|p2b: Porygon2|atk|1
|move|p1b: Greninja|Protect|p1b: Greninja
|-singleturn|p1b: Greninja|Protect
|move|p2b: Porygon2|Recover|p2b: Porygon2
|-heal|p2b: Porygon2|64/100
|
|-weather|RainDance|[upkeep]
|upkeep
|turn|5
|
|t:|1757652252
|switch|p1b: Pelipper|Pelipper, L50, F|100/100
|move|p2a: Incineroar|Fake Out|p1b: Pelipper
|-damage|p1b: Pelipper|90/100
|move|p1a: Incineroar|Knock Off|p2b: Porygon2
|-resisted|p2b: Porygon2
|-damage|p2b: Porygon2|54/100
|-enditem|p2b: Porygon2|Eviolite|[from] move: Knock Off|[of] p1a: Incineroar
|move|p2b: Porygon2|Tera Blast|p1a: Incineroar|[anim] Tera Blast Fighting
|-supereffective|p1a: Incineroar
|-damage|p1a: Incineroar|14/100
|
|-weather|none
|-fieldend|move: Trick Room
|upkeep
|turn|6
|inactive|caseofxtc has 30 seconds left.
|inactive|GIRLHELL1998 has 30 seconds left.
|inactive|caseofxtc has 20 seconds left.
|
|t:|1757652291
|move|p1b: Pelipper|Protect|p1b: Pelipper
|-singleturn|p1b: Pelipper|Protect
|move|p2a: Incineroar|Parting Shot|p1b: Pelipper
|-activate|p1b: Pelipper|move: Protect
|move|p1a: Incineroar|Parting Shot|p2b: Porygon2
|-unboost|p2b: Porygon2|atk|1
|-unboost|p2b: Porygon2|spa|1
|
|t:|1757652299
|switch|p1a: Archaludon|Archaludon, L50, M, tera:Flying|8/100|[from] Parting Shot
|move|p2b: Porygon2|Trick Room|p2b: Porygon2
|-fieldstart|move: Trick Room|[of] p2b: Porygon2
|
|upkeep
|turn|7
|inactive|GIRLHELL1998 has 30 seconds left.
|
|t:|1757652327
|switch|p1b: Incineroar|Incineroar, L50, F|14/100
|-ability|p1b: Incineroar|Intimidate|boost
|-unboost|p2a: Incineroar|atk|1
|-unboost|p2b: Porygon2|atk|1
|move|p2b: Porygon2|Tera Blast|p1a: Archaludon|[anim] Tera Blast Fighting
|-resisted|p1a: Archaludon
|-damage|p1a: Archaludon|0 fnt
|faint|p1a: Archaludon
|move|p2a: Incineroar|Parting Shot|p1b: Incineroar
|-unboost|p1b: Incineroar|atk|1
|-unboost|p1b: Incineroar|spa|1
|
|t:|1757652337
|switch|p2a: Ursaluna|Ursaluna, L50, F, shiny|18/100 brn|[from] Parting Shot
|
|-damage|p2a: Ursaluna|13/100 brn|[from] brn
|upkeep
|
|t:|1757652342
|switch|p1a: Greninja|Greninja, L50, F|1/100
|turn|8
|
|t:|1757652364
|switch|p2a: Incineroar|Incineroar, L50, M, shiny|100/100
|-ability|p2a: Incineroar|Intimidate|boost
|-unboost|p1a: Greninja|atk|1
|-unboost|p1b: Incineroar|atk|1
|move|p1b: Incineroar|Fake Out|p2a: Incineroar
|-damage|p2a: Incineroar|95/100
|move|p1a: Greninja|Water Shuriken|p2b: Porygon2
|-start|p1a: Greninja|typechange|Water|[from] ability: Protean
|-damage|p2b: Porygon2|47/100
|-damage|p2b: Porygon2|41/100
|-damage|p2b: Porygon2|34/100
|-damage|p2b: Porygon2|28/100
|-damage|p2b: Porygon2|21/100
|-hitcount|p2b: Porygon2|5
|move|p2b: Porygon2|Recover|p2b: Porygon2
|-heal|p2b: Porygon2|71/100
|
|upkeep
|turn|9
|inactive|GIRLHELL1998 has 30 seconds left.
|inactive|GIRLHELL1998 has 20 seconds left.
|inactive|GIRLHELL1998 has 15 seconds left.
|inactive|GIRLHELL1998 has 10 seconds left.
|
|t:|1757652413
|move|p1a: Greninja|Protect|p1a: Greninja
|-singleturn|p1a: Greninja|Protect
|move|p2b: Porygon2|Ice Beam|p1b: Incineroar
|-resisted|p1b: Incineroar
|-damage|p1b: Incineroar|2/100
|move|p1b: Incineroar|Parting Shot|p2b: Porygon2
|-unboost|p2b: Porygon2|atk|1
|-unboost|p2b: Porygon2|spa|1
|
|t:|1757652421
|switch|p1b: Pelipper|Pelipper, L50, F|90/100|[from] Parting Shot
|-weather|RainDance|[from] ability: Drizzle|[of] p1b: Pelipper
|move|p2a: Incineroar|Knock Off|p1b: Pelipper
|-damage|p1b: Pelipper|30/100
|-enditem|p1b: Pelipper|Focus Sash|[from] move: Knock Off|[of] p2a: Incineroar
|
|-weather|RainDance|[upkeep]
|upkeep
|turn|10
|inactive|GIRLHELL1998 has 30 seconds left.
|inactive|GIRLHELL1998 has 20 seconds left.
|inactive|GIRLHELL1998 has 15 seconds left.
|
|t:|1757652461
|switch|p1a: Incineroar|Incineroar, L50, F|2/100
|-ability|p1a: Incineroar|Intimidate|boost
|-unboost|p2a: Incineroar|atk|1
|-unboost|p2b: Porygon2|atk|1
|move|p1b: Pelipper|Protect|p1b: Pelipper
|-singleturn|p1b: Pelipper|Protect
|move|p2b: Porygon2|Ice Beam|p1a: Incineroar
|-resisted|p1a: Incineroar
|-damage|p1a: Incineroar|0 fnt
|faint|p1a: Incineroar
|move|p2a: Incineroar|Knock Off|p1b: Pelipper
|-activate|p1b: Pelipper|move: Protect
|
|-weather|RainDance|[upkeep]
|-fieldend|move: Trick Room
|upkeep
|
|t:|1757652473
|switch|p1a: Greninja|Greninja, L50, F|1/100
|turn|11
|inactive|caseofxtc has 30 seconds left.
|inactive|GIRLHELL1998 has 30 seconds left.
|inactive|GIRLHELL1998 has 20 seconds left.
|
|t:|1757652512
|move|p1a: Greninja|Water Shuriken|p2a: Incineroar
|-start|p1a: Greninja|typechange|Water|[from] ability: Protean
|-supereffective|p2a: Incineroar
|-damage|p2a: Incineroar|75/100
|-supereffective|p2a: Incineroar
|-damage|p2a: Incineroar|55/100
|-supereffective|p2a: Incineroar
|-crit|p2a: Incineroar
|-damage|p2a: Incineroar|21/100
|-supereffective|p2a: Incineroar
|-damage|p2a: Incineroar|0 fnt
|faint|p2a: Incineroar
|-hitcount|p2: Incineroar|4
|move|p1b: Pelipper|Hurricane|p2b: Porygon2
|-supereffective|p2b: Porygon2
|-damage|p2b: Porygon2|0 fnt
|faint|p2b: Porygon2
|
|-weather|RainDance|[upkeep]
|upkeep
|inactive|GIRLHELL1998 has 30 seconds left.
|
|t:|1757652542
|switch|p2b: Ursaluna|Ursaluna, L50, F, shiny|13/100 brn
|turn|12
|
|t:|1757652550
|move|p1a: Greninja|Water Shuriken|p2b: Ursaluna
|-supereffective|p2b: Ursaluna
|-damage|p2b: Ursaluna|0 fnt
|faint|p2b: Ursaluna
|-hitcount|p2: Ursaluna|1
|
|win|caseofxtc
||GIRLHELL1998 is ready for game 3.
|inactive|caseofxtc has 30 seconds to confirm battle start!
||caseofxtc is ready for game 3.
|uhtml|next|Next: Game 3 of 3
