|j|☆jadenbr09
|j|☆Frakub
|html|jadenbr09Frakub    
|uhtml|bestof|Game 2 of a best-of-3
|t:|1784746154
|gametype|doubles
|player|p1|jadenbr09|roark|1173
|player|p2|Frakub|acetrainer-gen4dp|1132
|gen|9
|tier|[Gen 9 Champions] VGC 2026 Reg M-B (Bo3)
|rated|
|rule|Species Clause: Limit one of each Pokémon
|rule|Item Clause: Limit 1 of each item
|clearpoke
|poke|p1|Delphox, L50, F|
|poke|p1|Maushold-Four, L50|
|poke|p1|Sylveon, L50, F|
|poke|p1|Incineroar, L50, M|
|poke|p1|Sinistcha, L50|
|poke|p1|Vivillon-Fancy, L50, M|
|poke|p2|Mawile, L50, F|
|poke|p2|Farigiraf, L50, M|
|poke|p2|Torkoal, L50, M|
|poke|p2|Incineroar, L50, F|
|poke|p2|Gallade, L50, M|
|poke|p2|Vivillon, L50, M|
|teampreview|4
|showteam|p1|Delphox||Delphoxite|Blaze|HeatWave,Psychic,Protect,NastyPlot|Timid||F|||50|]Maushold-Four||ChopleBerry|FriendGuard|SuperFang,FollowMe,Feint,Protect|Impish|||||50|]Sylveon||FairyFeather|Pixilate|HyperVoice,HyperBeam,Protect,CalmMind|Timid||F|||50|]Incineroar||PasshoBerry|Intimidate|FlareBlitz,FakeOut,ThroatChop,PartingShot|Careful||M|||50|]Sinistcha||KasibBerry|Hospitality|MatchaGotcha,RagePowder,Protect,LifeDew|Bold|||||50|]Vivillon-Fancy||ChoiceScarf|CompoundEyes|SleepPowder,RagePowder,Hurricane,SunnyDay|Timid||M|||50|
|showteam|p2|Mawile||Mawilite|HyperCutter|PlayRough,SuckerPunch,RockSlide,Protect|Brave||F|||50|]Farigiraf||SitrusBerry|ArmorTail|Psychic,Thunderbolt,TrickRoom,Protect|Quiet||M|||50|]Torkoal||Charcoal|Drought|Eruption,WeatherBall,HelpingHand,Protect|Quiet||M|||50|]Incineroar||LifeOrb|Intimidate|FlareBlitz,DarkestLariat,CloseCombat,FakeOut|Brave||F|||50|]Gallade||IronBall|Sharpness|SacredSword,PsychoCut,LeafBlade,TrickRoom|Brave||M|||50|]Vivillon||FocusSash|CompoundEyes|Hurricane,SleepPowder,RagePowder,Protect|Timid||M|||50|
|inactive|Battle timer is ON: inactive players will automatically lose when time's up. (requested by Frakub)
|
|t:|1784746174
|teamsize|p1|4
|teamsize|p2|4
|start
|switch|p1a: Incineroar|Incineroar, L50, M|100/100
|switch|p1b: Vivillon|Vivillon-Fancy, L50, M|100/100
|switch|p2a: Farigiraf|Farigiraf, L50, M|100/100
|switch|p2b: Incineroar|Incineroar, L50, F|100/100
|-ability|p1a: Incineroar|Intimidate|boost
|-unboost|p2a: Farigiraf|atk|1
|-unboost|p2b: Incineroar|atk|1
|-ability|p2b: Incineroar|Intimidate|boost
|-unboost|p1a: Incineroar|atk|1
|-unboost|p1b: Vivillon|atk|1
|turn|1
|
|t:|1784746192
|switch|p1b: Maushold|Maushold-Four, L50|100/100
|move|p2b: Incineroar|Fake Out|p1b: Maushold
|-damage|p1b: Maushold|87/100
|-damage|p2b: Incineroar|90/100|[from] item: Life Orb
|move|p1a: Incineroar|Throat Chop|p2a: Farigiraf
|-supereffective|p2a: Farigiraf|1
|-damage|p2a: Farigiraf|64/100
|-start|p2a: Farigiraf|Throat Chop|[silent]
|move|p2a: Farigiraf|Trick Room|p2a: Farigiraf
|-fieldstart|move: Trick Room|[of] p2a: Farigiraf
|
|upkeep
|turn|2
|inactive|Frakub has 30 seconds left.
|
|t:|1784746222
|move|p2a: Farigiraf|Thunderbolt|p1a: Incineroar
|-damage|p1a: Incineroar|84/100
|move|p2b: Incineroar|Close Combat|p1a: Incineroar
|-supereffective|p1a: Incineroar|1
|-damage|p1a: Incineroar|35/100
|-unboost|p2b: Incineroar|def|1
|-unboost|p2b: Incineroar|spd|1
|-damage|p2b: Incineroar|80/100|[from] item: Life Orb
|move|p1a: Incineroar|Parting Shot|p2b: Incineroar
|-unboost|p2b: Incineroar|atk|1
|-unboost|p2b: Incineroar|spa|1
|
|t:|1784746235
|switch|p1a: Delphox|Delphox, L50, F|100/100|[from] Parting Shot
|move|p1b: Maushold|Super Fang|p2a: Farigiraf
|-damage|p2a: Farigiraf|32/100
|-enditem|p2a: Farigiraf|Sitrus Berry|[eat]
|-heal|p2a: Farigiraf|57/100|[from] item: Sitrus Berry
|
|-end|p2a: Farigiraf|Throat Chop|[silent]
|upkeep
|turn|3
|
|t:|1784746248
|switch|p2b: Torkoal|Torkoal, L50, M|100/100
|-weather|SunnyDay|[from] ability: Drought|[of] p2b: Torkoal
|move|p2a: Farigiraf|Protect|p2a: Farigiraf
|-singleturn|p2a: Farigiraf|Protect
|move|p1a: Delphox|Protect|p1a: Delphox
|-singleturn|p1a: Delphox|Protect
|move|p1b: Maushold|Super Fang|p2b: Torkoal
|-damage|p2b: Torkoal|50/100g
|
|-weather|SunnyDay|[upkeep]
|upkeep
|turn|4
|
|t:|1784746272
|detailschange|p1a: Delphox|Delphox-Mega, L50, F
|-mega|p1a: Delphox|Delphox|Delphoxite
|move|p1b: Maushold|Follow Me|p1b: Maushold
|-singleturn|p1b: Maushold|move: Follow Me
|move|p2b: Torkoal|Weather Ball|p1b: Maushold
|-damage|p1b: Maushold|5/100
|move|p2a: Farigiraf|Thunderbolt|p1b: Maushold
|-damage|p1b: Maushold|0 fnt
|faint|p1b: Maushold
|move|p1a: Delphox|Heat Wave|p2a: Farigiraf|[spread] p2a,p2b
|-resisted|p2b: Torkoal|1
|-damage|p2a: Farigiraf|0 fnt
|-damage|p2b: Torkoal|11/100
|faint|p2a: Farigiraf
|
|-weather|SunnyDay|[upkeep]
|upkeep
|
|t:|1784746293
|switch|p2a: Incineroar|Incineroar, L50, F|80/100
|switch|p1b: Incineroar|Incineroar, L50, M|35/100
|-ability|p2a: Incineroar|Intimidate|boost
|-unboost|p1a: Delphox|atk|1
|-unboost|p1b: Incineroar|atk|1
|-ability|p1b: Incineroar|Intimidate|boost
|-unboost|p2a: Incineroar|atk|1
|-unboost|p2b: Torkoal|atk|1
|turn|5
|
|t:|1784746313
|move|p1b: Incineroar|Fake Out|p2a: Incineroar
|-damage|p2a: Incineroar|72/100
|move|p2b: Torkoal|Weather Ball|p1b: Incineroar
|-resisted|p1b: Incineroar|1
|-damage|p1b: Incineroar|4/100
|cant|p2a: Incineroar|flinch
|move|p1a: Delphox|Nasty Plot|p1a: Delphox
|-boost|p1a: Delphox|spa|2
|
|-weather|SunnyDay|[upkeep]
|-fieldend|move: Trick Room
|upkeep
|turn|6
|l|☆jadenbr09
|inactive|jadenbr09 disconnected and has a minute to reconnect!
|player|p1|
|j|☆jadenbr09
|inactive|jadenbr09 reconnected and has 35 seconds left.
|player|p1|jadenbr09|roark|
|inactive|jadenbr09 has 30 seconds left.
|
|t:|1784746346
|move|p1a: Delphox|Heat Wave|p2a: Incineroar|[spread] p2a
|-miss|p1a: Delphox|p2b: Torkoal
|-resisted|p2a: Incineroar|1
|-damage|p2a: Incineroar|6/100
|move|p1b: Incineroar|Flare Blitz|p2a: Incineroar
|-resisted|p2a: Incineroar|1
|-damage|p2a: Incineroar|0 fnt
|faint|p2a: Incineroar
|-damage|p1b: Incineroar|1/100|[from] Recoil
|move|p2b: Torkoal|Weather Ball|p1a: Delphox
|-resisted|p1a: Delphox|1
|-damage|p1a: Delphox|59/100
|
|-weather|SunnyDay|[upkeep]
|upkeep
|
|t:|1784746355
|switch|p2a: Mawile|Mawile, L50, F|100/100
|turn|7
|
|t:|1784746375
|detailschange|p2a: Mawile|Mawile-Mega, L50, F
|-mega|p2a: Mawile|Mawile|Mawilite
|move|p1a: Delphox|Protect|p1a: Delphox
|-singleturn|p1a: Delphox|Protect
|move|p2a: Mawile|Sucker Punch||[still]
|-fail|p2a: Mawile
|move|p1b: Incineroar|Flare Blitz|p2a: Mawile
|-supereffective|p2a: Mawile|1
|-damage|p2a: Mawile|7/100
|-damage|p1b: Incineroar|0 fnt|[from] Recoil
|faint|p1b: Incineroar
|move|p2b: Torkoal|Weather Ball|p1a: Delphox
|-activate|p1a: Delphox|move: Protect
|
|-weather|none
|upkeep
|
|t:|1784746392
|switch|p1b: Vivillon|Vivillon-Fancy, L50, M|100/100
|turn|8
|
|t:|1784746410
|move|p1b: Vivillon|Rage Powder|p1b: Vivillon
|-singleturn|p1b: Vivillon|move: Rage Powder
|move|p2a: Mawile|Sucker Punch||[still]
|-fail|p2a: Mawile
|move|p1a: Delphox|Heat Wave|p2a: Mawile|[spread] p2a
|-miss|p1a: Delphox|p2b: Torkoal
|-supereffective|p2a: Mawile|1
|-damage|p2a: Mawile|0 fnt
|faint|p2a: Mawile
|move|p2b: Torkoal|Weather Ball|p1b: Vivillon
|-damage|p1b: Vivillon|70/100
|
|upkeep
|turn|9
|-message|Frakub forfeited.
|
|win|jadenbr09
||Frakub is ready for game 3.
|inactive|jadenbr09 has 30 seconds to confirm battle start!
||jadenbr09 is ready for game 3.
|uhtml|next|Next: Game 3 of 3
|l|☆jadenbr09
|player|p1|
