|j|☆irluke
|j|☆PatoGafas
|html|irlukePatoGafas    
|uhtml|bestof|Game 2 of a best-of-3
|t:|1757856482
|gametype|doubles
|player|p1|irluke|n|1121
|player|p2|PatoGafas|swimmer-gen4dp|1184
|gen|9
|tier|[Gen 9] VGC 2025 Reg H (Bo3)
|rated|
|rule|Species Clause: Limit one of each Pokémon
|rule|Item Clause: Limit 1 of each item
|clearpoke
|poke|p1|Torkoal, L50, F|
|poke|p1|Typhlosion-Hisui, L50, M|
|poke|p1|Venusaur, L50, F|
|poke|p1|Garganacl, L50, F|
|poke|p1|Farigiraf, L50, F|
|poke|p1|Kingambit, L50, F|
|poke|p2|Ursaluna-Bloodmoon, L50, M|
|poke|p2|Porygon2, L50|
|poke|p2|Amoonguss, L50, F|
|poke|p2|Incineroar, L50, M|
|poke|p2|Dragapult, L50, F|
|poke|p2|Sneasler, L50, F|
|teampreview|4
|showteam|p1|Torkoal||EjectPack|Drought|Eruption,HelpingHand,Protect,Overheat|||F|||50|,,,,,Fire]Typhlosion-Hisui||ChoiceScarf|Blaze|Eruption,HeatWave,ShadowBall,SolarBeam|||M|||50|,,,,,Fire]Venusaur||CovertCloak|Chlorophyll|SleepPowder,SludgeBomb,Protect,EnergyBall|||F|||50|,,,,,Water]Garganacl||Leftovers|PurifyingSalt|Recover,IronDefense,SaltCure,Protect|||F|||50|,,,,,Water]Farigiraf||SafetyGoggles|ArmorTail|TrickRoom,HelpingHand,HyperVoice,TwinBeam|||F|||50|,,,,,Fairy]Kingambit||BlackGlasses|Defiant|KowtowCleave,SuckerPunch,SwordsDance,Protect|||F|||50|,,,,,Ghost
|showteam|p2|Ursaluna-Bloodmoon||AssaultVest|MindsEye|BloodMoon,HyperVoice,EarthPower,VacuumWave|||M|||50|,,,,,Normal]Porygon2||Eviolite|Trace|IceBeam,Thunderbolt,Recover,TrickRoom||||||50|,,,,,Ghost]Amoonguss||CovertCloak|Regenerator|Spore,RagePowder,PollenPuff,SludgeBomb|||F|||50|,,,,,Water]Incineroar||SafetyGoggles|Intimidate|KnockOff,FakeOut,PartingShot,FlareBlitz|||M|||50|,,,,,Ghost]Dragapult||ChoiceBand|ClearBody|DragonDarts,Outrage,PhantomForce,Uturn|||F|||50|,,,,,Dragon]Sneasler||FocusSash|PoisonTouch|CloseCombat,DireClaw,ThroatChop,FakeOut|||F|||50|,,,,,Dark
|inactive|Battle timer is ON: inactive players will automatically lose when time's up. (requested by irluke)
|
|t:|1757856501
|teamsize|p1|4
|teamsize|p2|4
|start
|switch|p1a: Torkoal|Torkoal, L50, F|100/100
|switch|p1b: Venusaur|Venusaur, L50, F|100/100
|switch|p2a: Dragapult|Dragapult, L50, F|100/100
|switch|p2b: Incineroar|Incineroar, L50, M|100/100
|-ability|p2b: Incineroar|Intimidate|boost
|-unboost|p1a: Torkoal|atk|1
|-unboost|p1b: Venusaur|atk|1
|-weather|SunnyDay|[from] ability: Drought|[of] p1a: Torkoal
|-enditem|p1a: Torkoal|Eject Pack
|
|t:|1757856507
|switch|p1a: Typhlosion|Typhlosion-Hisui, L50, M|100/100
|turn|1
|
|t:|1757856520
|move|p1a: Typhlosion|Shadow Ball|p2a: Dragapult
|-supereffective|p2a: Dragapult
|-damage|p2a: Dragapult|0 fnt
|faint|p2a: Dragapult
|move|p1b: Venusaur|Sludge Bomb|p2b: Incineroar
|-damage|p2b: Incineroar|68/100
|move|p2b: Incineroar|Flare Blitz|p1b: Venusaur
|-supereffective|p1b: Venusaur
|-damage|p1b: Venusaur|0 fnt
|faint|p1b: Venusaur
|-damage|p2b: Incineroar|38/100|[from] Recoil
|
|-weather|SunnyDay|[upkeep]
|upkeep
|
|t:|1757856539
|switch|p2a: Amoonguss|Amoonguss, L50, F|100/100
|switch|p1b: Garganacl|Garganacl, L50, F|100/100
|turn|2
|
|t:|1757856558
|-terastallize|p2a: Amoonguss|Water
|move|p1a: Typhlosion|Shadow Ball|p2b: Incineroar
|-resisted|p2b: Incineroar
|-damage|p2b: Incineroar|19/100
|move|p2b: Incineroar|Flare Blitz|p1b: Garganacl
|-resisted|p1b: Garganacl
|-damage|p1b: Garganacl|72/100
|-damage|p2b: Incineroar|10/100|[from] Recoil
|move|p2a: Amoonguss|Spore|p1a: Typhlosion
|-status|p1a: Typhlosion|slp|[from] move: Spore
|move|p1b: Garganacl|Salt Cure|p2a: Amoonguss
|-damage|p2a: Amoonguss|88/100
|
|-weather|SunnyDay|[upkeep]
|-heal|p1b: Garganacl|79/100|[from] item: Leftovers
|upkeep
|turn|3
|
|t:|1757856581
|switch|p2a: Ursaluna|Ursaluna-Bloodmoon, L50, M|100/100
|cant|p1a: Typhlosion|slp
|move|p2b: Incineroar|Parting Shot|p1a: Typhlosion
|-unboost|p1a: Typhlosion|atk|1
|-unboost|p1a: Typhlosion|spa|1
|
|t:|1757856587
|switch|p2b: Amoonguss|Amoonguss, L50, F, tera:Water|100/100|[from] Parting Shot
|move|p1b: Garganacl|Iron Defense|p1b: Garganacl
|-boost|p1b: Garganacl|def|2
|
|-weather|SunnyDay|[upkeep]
|-heal|p1b: Garganacl|85/100|[from] item: Leftovers
|upkeep
|turn|4
|
|t:|1757856607
|switch|p1a: Torkoal|Torkoal, L50, F|100/100
|move|p2a: Ursaluna|Earth Power|p1a: Torkoal
|-supereffective|p1a: Torkoal
|-damage|p1a: Torkoal|0 fnt
|faint|p1a: Torkoal
|move|p2b: Amoonguss|Spore|p1b: Garganacl
|-immune|p1b: Garganacl|[from] ability: Purifying Salt
|move|p1b: Garganacl|Salt Cure|p2a: Ursaluna
|-resisted|p2a: Ursaluna
|-damage|p2a: Ursaluna|95/100
|-start|p2a: Ursaluna|Salt Cure
|
|-weather|SunnyDay|[upkeep]
|-heal|p1b: Garganacl|91/100|[from] item: Leftovers
|-damage|p2a: Ursaluna|83/100|[from] Salt Cure
|upkeep
|
|t:|1757856621
|switch|p1a: Typhlosion|Typhlosion-Hisui, L50, M|100/100 slp
|turn|5
|inactive|irluke has 30 seconds left.
|inactive|irluke has 20 seconds left.
|inactive|irluke has 15 seconds left.
|
|t:|1757856662
|switch|p2a: Incineroar|Incineroar, L50, M|10/100
|-ability|p2a: Incineroar|Intimidate|boost
|-unboost|p1a: Typhlosion|atk|1
|-unboost|p1b: Garganacl|atk|1
|-terastallize|p1a: Typhlosion|Fire
|-curestatus|p1a: Typhlosion|slp|[msg]
|move|p1a: Typhlosion|Eruption|p2b: Amoonguss|[spread] p2a,p2b
|-resisted|p2a: Incineroar
|-resisted|p2b: Amoonguss
|-damage|p2a: Incineroar|0 fnt
|-damage|p2b: Amoonguss|50/100
|faint|p2a: Incineroar
|move|p2b: Amoonguss|Spore|p1a: Typhlosion
|-status|p1a: Typhlosion|slp|[from] move: Spore
|move|p1b: Garganacl|Iron Defense|p1b: Garganacl
|-boost|p1b: Garganacl|def|2
|
|-weather|none
|-heal|p1b: Garganacl|97/100|[from] item: Leftovers
|upkeep
|
|t:|1757856676
|switch|p2a: Ursaluna|Ursaluna-Bloodmoon, L50, M|83/100
|turn|6
|
|t:|1757856686
|cant|p1a: Typhlosion|slp
|move|p2a: Ursaluna|Earth Power|p1a: Typhlosion
|-supereffective|p1a: Typhlosion
|-damage|p1a: Typhlosion|0 fnt
|faint|p1a: Typhlosion
|move|p2b: Amoonguss|Pollen Puff|p2a: Ursaluna
|-heal|p2a: Ursaluna|100/100
|move|p1b: Garganacl|Salt Cure|p2a: Ursaluna
|-resisted|p2a: Ursaluna
|-damage|p2a: Ursaluna|97/100
|-start|p2a: Ursaluna|Salt Cure
|
|-heal|p1b: Garganacl|100/100|[from] item: Leftovers
|-damage|p2a: Ursaluna|85/100|[from] Salt Cure
|upkeep
|turn|7
|
|t:|1757856711
|move|p2a: Ursaluna|Earth Power|p1b: Garganacl
|-supereffective|p1b: Garganacl
|-damage|p1b: Garganacl|15/100
|move|p2b: Amoonguss|Pollen Puff|p2a: Ursaluna
|-heal|p2a: Ursaluna|100/100
|move|p1b: Garganacl|Salt Cure|p2b: Amoonguss
|-damage|p2b: Amoonguss|43/100
|
|-heal|p1b: Garganacl|21/100|[from] item: Leftovers
|-damage|p2a: Ursaluna|88/100|[from] Salt Cure
|upkeep
|turn|8
|
|t:|1757856721
|move|p1b: Garganacl|Protect|p1b: Garganacl
|-singleturn|p1b: Garganacl|Protect
|move|p2a: Ursaluna|Earth Power|p1b: Garganacl
|-activate|p1b: Garganacl|move: Protect
|move|p2b: Amoonguss|Pollen Puff|p2a: Ursaluna
|-heal|p2a: Ursaluna|100/100
|
|-heal|p1b: Garganacl|28/100|[from] item: Leftovers
|-damage|p2a: Ursaluna|88/100|[from] Salt Cure
|upkeep
|turn|9
|
|t:|1757856733
|move|p2a: Ursaluna|Earth Power|p1b: Garganacl
|-supereffective|p1b: Garganacl
|-crit|p1b: Garganacl
|-damage|p1b: Garganacl|0 fnt
|faint|p1b: Garganacl
|
|win|PatoGafas
||PatoGafas is ready for game 3.
||irluke is ready for game 3.
|uhtml|next|Next: Game 3 of 3
|l|☆irluke
|player|p1|
|l|☆PatoGafas
|player|p2|
