|j|☆BardBard056
|j|☆icedoutobama
|html|BardBard056icedoutobama    
|uhtml|bestof|Game 2 of a best-of-3
|t:|1757004466
|gametype|doubles
|player|p1|BardBard056|170|1125
|player|p2|icedoutobama|skier|1071
|gen|9
|tier|[Gen 9] VGC 2025 Reg H (Bo3)
|rated|
|rule|Species Clause: Limit one of each Pokémon
|rule|Item Clause: Limit 1 of each item
|clearpoke
|poke|p1|Amoonguss, L50, F|
|poke|p1|Dragonite, L50, F|
|poke|p1|Excadrill, L50, F|
|poke|p1|Gholdengo, L50|
|poke|p1|Gyarados, L50, F|
|poke|p1|Tyranitar, L50, M|
|poke|p2|Murkrow, L50, M|
|poke|p2|Abomasnow, L50, F|
|poke|p2|Indeedee, L50, M|
|poke|p2|Sneasler, L50, M|
|poke|p2|Gholdengo, L50|
|poke|p2|Basculegion, L50, M|
|teampreview|4
|showteam|p1|Amoonguss||SitrusBerry|Regenerator|RagePowder,Spore,SludgeBomb,Protect|||F|||50|,,,,,Water]Dragonite||LoadedDice|InnerFocus|ScaleShot,LowKick,Tailwind,Haze|||F|||50|,,,,,Fairy]Excadrill||FocusSash|SandRush|Protect,HighHorsepower,Earthquake,IronHead|||F|||50|,,,,,Ghost]Gholdengo||LifeOrb|GoodasGold|MakeItRain,NastyPlot,Protect,ShadowBall||||||50|,,,,,Dragon]Gyarados||SafetyGoggles|Intimidate|Waterfall,ThunderWave,Taunt,Protect|||F|||50|,,,,,Steel]Tyranitar||AssaultVest|SandStream|RockSlide,KnockOff,LowKick,TeraBlast|||M|||50|,,,,,Flying
|showteam|p2|Murkrow||Eviolite|Prankster|FoulPlay,Tailwind,Haze,Protect|||M|||50|,,,,,Ghost]Abomasnow||AssaultVest|SnowWarning|Blizzard,LeafStorm,EarthPower,WeatherBall|||F|||50|,,,,,Fire]Indeedee||FocusSash|PsychicSurge|ExpandingForce,TeraBlast,Imprison,TrickRoom|||M|||50|,,,,,Fighting]Sneasler||PsychicSeed|Unburden|DireClaw,CloseCombat,ThroatChop,Protect|||M|||50|,,,,,Dark]Gholdengo||LifeOrb|GoodasGold|MakeItRain,ShadowBall,NastyPlot,Protect||||||50|,,,,,Steel]Basculegion||ChoiceScarf|Adaptability|WaveCrash,LastRespects,AquaJet,FlipTurn|||M|||50|,,,,,Grass
|inactive|Battle timer is ON: inactive players will automatically lose when time's up. (requested by icedoutobama)
|
|t:|1757004472
|teamsize|p1|4
|teamsize|p2|4
|start
|switch|p1a: Gyarados|Gyarados, L50, F|100/100
|switch|p1b: Gholdengo|Gholdengo, L50|100/100
|switch|p2a: Brynden Rivers|Murkrow, L50, M|100/100
|switch|p2b: Jet Fuel|Gholdengo, L50|100/100
|-ability|p1a: Gyarados|Intimidate|boost
|-unboost|p2a: Brynden Rivers|atk|1
|-unboost|p2b: Jet Fuel|atk|1
|turn|1
|inactive|BardBard056 has 30 seconds left.
|
|t:|1757004499
|-terastallize|p1b: Gholdengo|Dragon
|-terastallize|p2b: Jet Fuel|Steel
|move|p2a: Brynden Rivers|Protect|p2a: Brynden Rivers
|-singleturn|p2a: Brynden Rivers|Protect
|move|p1b: Gholdengo|Shadow Ball|p2b: Jet Fuel
|-damage|p2b: Jet Fuel|37/100
|-damage|p1b: Gholdengo|91/100|[from] item: Life Orb
|move|p2b: Jet Fuel|Nasty Plot|p2b: Jet Fuel
|-boost|p2b: Jet Fuel|spa|2
|move|p1a: Gyarados|Waterfall|p2b: Jet Fuel
|-damage|p2b: Jet Fuel|0 fnt
|faint|p2b: Jet Fuel
|
|upkeep
|
|t:|1757004509
|switch|p2b: Houndfish|Basculegion, L50, M, shiny|100/100
|turn|2
|
|t:|1757004533
|move|p1b: Gholdengo|Protect|p1b: Gholdengo
|-singleturn|p1b: Gholdengo|Protect
|move|p2a: Brynden Rivers|Tailwind|p2a: Brynden Rivers
|-sidestart|p2: icedoutobama|move: Tailwind
|move|p2b: Houndfish|Last Respects|p1b: Gholdengo
|-activate|p1b: Gholdengo|move: Protect
|move|p1a: Gyarados|Thunder Wave|p2b: Houndfish
|-status|p2b: Houndfish|par
|
|upkeep
|turn|3
|
|t:|1757004544
|move|p2a: Brynden Rivers|Foul Play|p1a: Gyarados
|-damage|p1a: Gyarados|52/100
|move|p2b: Houndfish|Last Respects|p1b: Gholdengo
|-damage|p1b: Gholdengo|6/100
|move|p1b: Gholdengo|Shadow Ball|p2b: Houndfish
|-supereffective|p2b: Houndfish
|-damage|p2b: Houndfish|0 fnt
|faint|p2b: Houndfish
|-damage|p1b: Gholdengo|0 fnt|[from] item: Life Orb
|faint|p1b: Gholdengo
|move|p1a: Gyarados|Waterfall|p2a: Brynden Rivers
|-damage|p2a: Brynden Rivers|64/100
|
|upkeep
|
|t:|1757004552
|switch|p1b: Tyranitar|Tyranitar, L50, M|100/100
|switch|p2b: Evergreen|Abomasnow, L50, F|100/100
|-weather|Snowscape|[from] ability: Snow Warning|[of] p2b: Evergreen
|-weather|Sandstorm|[from] ability: Sand Stream|[of] p1b: Tyranitar
|turn|4
|
|t:|1757004575
|move|p2a: Brynden Rivers|Foul Play|p1b: Tyranitar
|-resisted|p1b: Tyranitar
|-damage|p1b: Tyranitar|79/100
|move|p2b: Evergreen|Blizzard|p1a: Gyarados|[spread] p1a,p1b
|-damage|p1a: Gyarados|26/100
|-damage|p1b: Tyranitar|66/100
|move|p1a: Gyarados|Waterfall|p2a: Brynden Rivers
|-damage|p2a: Brynden Rivers|24/100
|move|p1b: Tyranitar|Low Kick|p2b: Evergreen
|-supereffective|p2b: Evergreen
|-damage|p2b: Evergreen|25/100
|
|-weather|Sandstorm|[upkeep]
|-damage|p2a: Brynden Rivers|18/100|[from] Sandstorm
|-damage|p2b: Evergreen|19/100|[from] Sandstorm
|upkeep
|turn|5
|
|t:|1757004594
|move|p2a: Brynden Rivers|Foul Play|p1b: Tyranitar
|-resisted|p1b: Tyranitar
|-damage|p1b: Tyranitar|43/100
|move|p2b: Evergreen|Blizzard|p1b: Tyranitar|[spread] p1b
|-miss|p2b: Evergreen|p1a: Gyarados
|-damage|p1b: Tyranitar|29/100
|move|p1a: Gyarados|Waterfall|p2a: Brynden Rivers
|-damage|p2a: Brynden Rivers|0 fnt
|faint|p2a: Brynden Rivers
|move|p1b: Tyranitar|Low Kick|p2b: Evergreen
|-supereffective|p2b: Evergreen
|-damage|p2b: Evergreen|0 fnt
|faint|p2b: Evergreen
|
|win|BardBard056
|raw|BardBard056's rating: 1125 → 1146(+21 for winning)
|raw|icedoutobama's rating: 1071 → 1054(-17 for losing)
|l|☆BardBard056
|player|p1|
