|j|☆sttuarrt
|j|☆dimee
|html|sttuarrtdimee    
|uhtml|bestof|Game 1 of a best-of-3
|t:|1782686086
|gametype|doubles
|player|p1|sttuarrt|skier|
|player|p2|dimee|lance|
|gen|9
|tier|[Gen 9 Champions] VGC 2026 Reg M-B (Bo3)
|rule|Species Clause: Limit one of each Pokémon
|rule|Item Clause: Limit 1 of each item
|clearpoke
|poke|p1|Sneasler, L50, M, shiny|
|poke|p1|Blastoise, L50, M|
|poke|p1|Vivillon-Monsoon, L50, F, shiny|
|poke|p1|Farigiraf, L50, M|
|poke|p1|Skarmory, L50, F, shiny|
|poke|p1|Pelipper, L50, M|
|poke|p2|Metagross, L50|
|poke|p2|Mawile, L50, F|
|poke|p2|Pelipper, L50, M|
|poke|p2|Archaludon, L50, F|
|poke|p2|Klefki, L50, F|
|poke|p2|Incineroar, L50, F|
|teampreview|4
|showteam|p1|Sneasler||WhiteHerb|Unburden|FakeOut,DireClaw,CloseCombat,Feint|Jolly||M|||50|]Blastoise||Blastoisinite|Torrent|WaterSpout,DarkPulse,ShellSmash,FakeOut|Modest||M|||50|]Vivillon-Monsoon||ChoiceScarf|CompoundEyes|SleepPowder,Hurricane,RainDance,RagePowder|Timid||F|||50|]Farigiraf||LifeOrb|ArmorTail|TrickRoom,Psychic,HyperVoice,Protect|Modest||M|||50|]Skarmory||Skarmorite|Sturdy|BraveBird,IronHead,RockTomb,Tailwind|Jolly||F|||50|]Pelipper||FocusSash|Drizzle|Tailwind,Hurricane,WeatherBall,Protect|Modest||M|||50|
|showteam|p2|Metagross||Metagrossite|ClearBody|IronHead,BulletPunch,PsychicFangs,Protect|Adamant|||||50|]Mawile||Mawilite|HyperCutter|PlayRough,Protect,IronHead,SuckerPunch|Brave||F|||50|]Pelipper||FocusSash|Drizzle|Tailwind,WeatherBall,Hurricane,WideGuard|Modest||M|||50|]Archaludon||WiseGlasses|Stamina|ElectroShot,DragonPulse,FlashCannon,Protect|Modest||F|||50|]Klefki||Leftovers|Prankster|DazzlingGleam,LightScreen,MetalSound,TrickRoom|Serious||F|||50|]Incineroar||ChopleBerry|Blaze|LowKick,PartingShot,FlareBlitz,DarkestLariat|Impish||F|||50|
|
|t:|1782686218
|teamsize|p1|4
|teamsize|p2|4
|start
|switch|p1a: Sneasler|Sneasler, L50, M, shiny|100/100
|switch|p1b: Blastoise|Blastoise, L50, M|100/100
|switch|p2a: Archaludon|Archaludon, L50, F|100/100
|switch|p2b: Pelipper|Pelipper, L50, M|100/100
|-weather|RainDance|[from] ability: Drizzle|[of] p2b: Pelipper
|turn|1
|
|t:|1782686286
|detailschange|p1b: Blastoise|Blastoise-Mega, L50, M
|-mega|p1b: Blastoise|Blastoise|Blastoisinite
|move|p2a: Archaludon|Protect|p2a: Archaludon
|-singleturn|p2a: Archaludon|Protect
|move|p1a: Sneasler|Fake Out|p2a: Archaludon
|-activate|p2a: Archaludon|move: Protect
|move|p1b: Blastoise|Shell Smash|p1b: Blastoise
|-unboost|p1b: Blastoise|def|1
|-unboost|p1b: Blastoise|spd|1
|-boost|p1b: Blastoise|atk|2
|-boost|p1b: Blastoise|spa|2
|-boost|p1b: Blastoise|spe|2
|move|p2b: Pelipper|Tailwind|p2b: Pelipper
|-sidestart|p2: dimee|move: Tailwind
|
|-weather|RainDance|[upkeep]
|upkeep
|turn|2
|
|t:|1782686325
|move|p1b: Blastoise|Dark Pulse|p2a: Archaludon
|-damage|p2a: Archaludon|0 fnt
|faint|p2a: Archaludon
|move|p1a: Sneasler|Close Combat|p2b: Pelipper
|-resisted|p2b: Pelipper|1
|-damage|p2b: Pelipper|70/100
|-unboost|p1a: Sneasler|def|1
|-unboost|p1a: Sneasler|spd|1
|-enditem|p1a: Sneasler|White Herb
|-clearnegativeboost|p1a: Sneasler|[silent]
|move|p2b: Pelipper|Hurricane|p1a: Sneasler
|-supereffective|p1a: Sneasler|1
|-damage|p1a: Sneasler|0 fnt
|faint|p1a: Sneasler
|
|-weather|RainDance|[upkeep]
|upkeep
|
|t:|1782686349
|switch|p1a: Vivillon|Vivillon-Monsoon, L50, F, shiny|100/100
|switch|p2a: Klefki|Klefki, L50, F|100/100
|turn|3
|
|t:|1782686365
|move|p2a: Klefki|Light Screen|p2a: Klefki
|-sidestart|p2: dimee|move: Light Screen
|move|p1b: Blastoise|Dark Pulse|p2b: Pelipper
|-damage|p2b: Pelipper|0 fnt
|faint|p2b: Pelipper
|move|p1a: Vivillon|Sleep Powder|p2a: Klefki
|-status|p2a: Klefki|slp|[from] move: Sleep Powder
|
|-weather|RainDance|[upkeep]
|upkeep
|
|t:|1782686380
|switch|p2b: Metagross|Metagross, L50|100/100
|turn|4
|
|t:|1782686390
|detailschange|p2b: Metagross|Metagross-Mega, L50
|-mega|p2b: Metagross|Metagross|Metagrossite
|move|p2b: Metagross|Protect|p2b: Metagross
|-singleturn|p2b: Metagross|Protect
|move|p1b: Blastoise|Water Spout|p2a: Klefki|[spread] p2a
|-activate|p2b: Metagross|move: Protect
|-damage|p2a: Klefki|0 fnt
|faint|p2a: Klefki
|move|p1a: Vivillon|Sleep Powder|p2b: Metagross
|-activate|p2b: Metagross|move: Protect
|
|-weather|RainDance|[upkeep]
|-sideend|p2: dimee|move: Tailwind
|upkeep
|turn|5
|
|t:|1782686409
|move|p1b: Blastoise|Dark Pulse|p2b: Metagross
|-supereffective|p2b: Metagross|1
|-damage|p2b: Metagross|0 fnt
|faint|p2b: Metagross
|
|win|sttuarrt
