|j|☆ProfessorSorin
|j|☆Agupon ♥️
|html|ProfessorSorinAgupon ♥️    
|uhtml|bestof|Game 1 of a best-of-3
|t:|1784525919
|gametype|doubles
|player|p1|ProfessorSorin|169|1140
|player|p2|Agupon ♥️|winona-gen6|1098
|gen|9
|tier|[Gen 9 Champions] VGC 2026 Reg M-B (Bo3)
|rated|
|rule|Species Clause: Limit one of each Pokémon
|rule|Item Clause: Limit 1 of each item
|clearpoke
|poke|p1|Farigiraf, L50, F, shiny|
|poke|p1|Blastoise, L50, M, shiny|
|poke|p1|Sylveon, L50, F, shiny|
|poke|p1|Torkoal, L50, F, shiny|
|poke|p1|Vileplume, L50, M, shiny|
|poke|p1|Kingambit, L50, M, shiny|
|poke|p2|Grimmsnarl, L50, M|
|poke|p2|Gholdengo, L50|
|poke|p2|Tyranitar, L50, M|
|poke|p2|Garchomp, L50, M|
|poke|p2|Scovillain, L50, M|
|poke|p2|Rotom-Wash, L50|
|teampreview|4
|showteam|p1|Farigiraf||ColburBerry|ArmorTail|TrickRoom,Protect,Imprison,Psychic|Relaxed||F|||50|]Blastoise||Blastoisinite|RainDish|WaterSpout,AuraSphere,DarkPulse,FakeOut|Quiet||M|||50|]Sylveon||FairyFeather|Pixilate|HyperVoice,MysticalFire,CalmMind,Detect|Quiet||F|||50|]Torkoal||Charcoal|Drought|Eruption,HeatWave,Protect,WeatherBall|Quiet||F|||50|]Vileplume||FocusSash|Chlorophyll|AfterYou,EnergyBall,SludgeBomb,SleepPowder|Timid||M|||50|]Kingambit||BlackGlasses|Defiant|KowtowCleave,IronHead,SuckerPunch,Protect|Brave||M|||50|
|showteam|p2|Grimmsnarl||LightClay|Prankster|SpiritBreak,LightScreen,Reflect,PartingShot|Impish||M|||50|]Gholdengo||Leftovers|GoodasGold|Protect,NastyPlot,ShadowBall,MakeItRain|Serious|||||50|]Tyranitar||Tyranitarite|SandStream|RockSlide,KnockOff,DragonDance,Protect|Adamant||M|||50|]Garchomp||LifeOrb|RoughSkin|StompingTantrum,DragonClaw,RockSlide,Protect|Jolly||M|||50|]Scovillain||Scovillainite|Moody|Protect,GigaDrain,Overheat,RagePowder|Bold||M|||50|]Rotom-Wash||Magnet|Levitate|HydroPump,Thunderbolt,VoltSwitch,Protect|Modest|||||50|
|
|t:|1784525967
|teamsize|p1|4
|teamsize|p2|4
|start
|switch|p1a: Farigiraf|Farigiraf, L50, F, shiny|100/100
|switch|p1b: Blastoise|Blastoise, L50, M, shiny|100/100
|switch|p2a: Scovillain|Scovillain, L50, M|100/100
|switch|p2b: Rotom|Rotom-Wash, L50|100/100
|turn|1
|
|t:|1784526002
|switch|p1b: Sylveon|Sylveon, L50, F, shiny|100/100
|move|p2b: Rotom|Thunderbolt|p1b: Sylveon
|-damage|p1b: Sylveon|67/100
|move|p2a: Scovillain|Giga Drain|p1b: Sylveon
|-damage|p1b: Sylveon|46/100
|move|p1a: Farigiraf|Trick Room|p1a: Farigiraf
|-fieldstart|move: Trick Room|[of] p1a: Farigiraf
|
|-ability|p2a: Scovillain|Moody|boost
|-boost|p2a: Scovillain|spa|2
|-unboost|p2a: Scovillain|spe|1
|upkeep
|turn|2
|
|t:|1784526022
|move|p2a: Scovillain|Giga Drain|p1b: Sylveon
|-damage|p1b: Sylveon|9/100
|move|p1a: Farigiraf|Imprison|p1a: Farigiraf
|-start|p1a: Farigiraf|move: Imprison
|move|p1b: Sylveon|Calm Mind|p1b: Sylveon
|-boost|p1b: Sylveon|spa|1
|-boost|p1b: Sylveon|spd|1
|move|p2b: Rotom|Volt Switch|p1b: Sylveon
|-damage|p1b: Sylveon|0 fnt
|faint|p1b: Sylveon
|
|t:|1784526033
|switch|p2b: Tyranitar|Tyranitar, L50, M|100/100|[from] Volt Switch
|-weather|Sandstorm|[from] ability: Sand Stream|[of] p2b: Tyranitar
|
|-weather|Sandstorm|[upkeep]
|-damage|p2a: Scovillain|94/100|[from] Sandstorm
|-damage|p1a: Farigiraf|93/100|[from] Sandstorm
|-ability|p2a: Scovillain|Moody|boost
|-boost|p2a: Scovillain|spa|2
|-unboost|p2a: Scovillain|def|1
|upkeep
|
|t:|1784526037
|switch|p1b: Torkoal|Torkoal, L50, F, shiny|100/100
|-weather|SunnyDay|[from] ability: Drought|[of] p1b: Torkoal
|turn|3
|
|t:|1784526082
|move|p1b: Torkoal|Eruption|p2b: Tyranitar|[spread] p2a,p2b
|-resisted|p2b: Tyranitar|1
|-crit|p2b: Tyranitar
|-damage|p2a: Scovillain|0 fnt
|-damage|p2b: Tyranitar|36/100
|faint|p2a: Scovillain
|move|p1a: Farigiraf|Psychic|p2b: Tyranitar
|-immune|p2b: Tyranitar
|move|p2b: Tyranitar|Rock Slide|p1a: Farigiraf|[spread] p1a,p1b
|-crit|p1a: Farigiraf
|-supereffective|p1b: Torkoal|1
|-crit|p1b: Torkoal
|-damage|p1a: Farigiraf|60/100
|-damage|p1b: Torkoal|25/100
|
|-weather|SunnyDay|[upkeep]
|upkeep
|
|t:|1784526096
|switch|p2a: Garchomp|Garchomp, L50, M|100/100
|turn|4
|
|t:|1784526104
|move|p1b: Torkoal|Heat Wave|p2b: Tyranitar|[spread] p2a,p2b
|-resisted|p2a: Garchomp|1
|-resisted|p2b: Tyranitar|1
|-damage|p2a: Garchomp|70/100
|-damage|p2b: Tyranitar|8/100
|move|p1a: Farigiraf|Psychic|p2a: Garchomp
|-damage|p2a: Garchomp|37/100
|move|p2b: Tyranitar|Rock Slide|p1a: Farigiraf|[spread] p1a,p1b
|-supereffective|p1b: Torkoal|1
|-damage|p1a: Farigiraf|37/100
|-damage|p1b: Torkoal|0 fnt
|faint|p1b: Torkoal
|move|p2a: Garchomp|Rock Slide|p1a: Farigiraf
|-damage|p1a: Farigiraf|11/100
|-damage|p2a: Garchomp|27/100|[from] item: Life Orb
|
|-weather|SunnyDay|[upkeep]
|upkeep
|
|t:|1784526108
|switch|p1b: Blastoise|Blastoise, L50, M, shiny|100/100
|turn|5
|
|t:|1784526144
|detailschange|p1b: Blastoise|Blastoise-Mega, L50, M, shiny
|-mega|p1b: Blastoise|Blastoise|Blastoisinite
|move|p1a: Farigiraf|Psychic|p2a: Garchomp
|-damage|p2a: Garchomp|0 fnt
|faint|p2a: Garchomp
|move|p1b: Blastoise|Water Spout|p2b: Tyranitar
|-supereffective|p2b: Tyranitar|1
|-crit|p2b: Tyranitar
|-damage|p2b: Tyranitar|0 fnt
|faint|p2b: Tyranitar
|
|-weather|SunnyDay|[upkeep]
|-fieldend|move: Trick Room
|upkeep
|inactive|Battle timer is ON: inactive players will automatically lose when time's up. (requested by ProfessorSorin)
|inactive|Agupon ♥️ has 60 seconds left.
|inactive|Agupon ♥️ has 30 seconds left.
|
|t:|1784526263
|switch|p2b: Rotom|Rotom-Wash, L50|100/100
|turn|6
|inactive|ProfessorSorin has 30 seconds left.
|
|t:|1784526298
|move|p2b: Rotom|Thunderbolt|p1b: Blastoise
|-supereffective|p1b: Blastoise|1
|-damage|p1b: Blastoise|16/100
|move|p1b: Blastoise|Dark Pulse|p2b: Rotom
|-crit|p2b: Rotom
|-damage|p2b: Rotom|26/100
|move|p1a: Farigiraf|Trick Room|p1a: Farigiraf
|-fieldstart|move: Trick Room|[of] p1a: Farigiraf
|
|-weather|SunnyDay|[upkeep]
|upkeep
|turn|7
|inactive|Agupon ♥️ has 30 seconds left.
|
|t:|1784526331
|move|p1a: Farigiraf|Psychic|p2b: Rotom
|-damage|p2b: Rotom|0 fnt
|faint|p2b: Rotom
|
|win|ProfessorSorin
||Agupon ♥️ is ready for game 2.
