|j|☆Zelgius of Begnion
|j|☆Awesome Person III
|html|Zelgius of BegnionAwesome Person III    
|uhtml|bestof|Game 3 of a best-of-3
|t:|1755105368
|gametype|doubles
|player|p1|Zelgius of Begnion|veteranf|1252
|player|p2|Awesome Person III|fisherman-gen4|1391
|gen|9
|tier|[Gen 9] VGC 2025 Reg H (Bo3)
|rated|
|rule|Species Clause: Limit one of each Pokémon
|rule|Item Clause: Limit 1 of each item
|clearpoke
|poke|p1|Rillaboom, L50, F|
|poke|p1|Electabuzz, L50, M|
|poke|p1|Archaludon, L50, F|
|poke|p1|Kingambit, L50, M|
|poke|p1|Pelipper, L50, M|
|poke|p1|Basculegion, L50, M|
|poke|p2|Magmar, L50, M|
|poke|p2|Primarina, L50, F|
|poke|p2|Rillaboom, L50, M|
|poke|p2|Dragapult, L50, M|
|poke|p2|Sneasler, L50, F|
|poke|p2|Kingambit, L50, M|
|teampreview|4
|showteam|p1|Rillaboom||LoadedDice|GrassySurge|HighHorsepower,BulletSeed,GrassyGlide,FakeOut|||F|||50|,,,,,Fire]Electabuzz||Eviolite|VitalSpirit|Electroweb,Taunt,Protect,FollowMe|||M|||50|,,,,,Ghost]Archaludon||AssaultVest|Stamina|ElectroShot,BodyPress,FlashCannon,DracoMeteor|||F|||50|,,,,,Grass]Kingambit||BlackGlasses|Defiant|Protect,KowtowCleave,SwordsDance,SuckerPunch|||M|||50|,,,,,Dark]Pelipper||FocusSash|Drizzle|WeatherBall,Hurricane,Tailwind,Protect|||M|||50|,,,,,Ground]Basculegion||ChoiceBand|SwiftSwim|WaveCrash,AquaJet,FlipTurn,LastRespects|||M|||50|,,,,,Grass
|showteam|p2|Magmar||Eviolite|VitalSpirit|HeatWave,Protect,FollowMe,Taunt|||M|||50|,,,,,Ghost]Primarina||SitrusBerry|LiquidVoice|Moonblast,HyperVoice,Protect,Haze|||F|||50|,,,,,Water]Rillaboom||AssaultVest|GrassySurge|WoodHammer,GrassyGlide,HighHorsepower,FakeOut|||M|||50|,,,,,Fire]Dragapult||ChoiceBand|ClearBody|DragonDarts,PhantomForce,TeraBlast,Uturn|||M|||50|,,,,,Ghost]Sneasler||FocusSash|Unburden|CloseCombat,DireClaw,FakeOut,Coaching|||F|||50|,,,,,Stellar]Kingambit||BlackGlasses|Defiant|KowtowCleave,SuckerPunch,Protect,SwordsDance|||M|||50|,,,,,Dark
|inactive|Battle timer is ON: inactive players will automatically lose when time's up. (requested by Awesome Person III)
|inactive|Zelgius of Begnion has 60 seconds left.
|inactive|Awesome Person III has 60 seconds left.
|
|t:|1755105415
|teamsize|p1|4
|teamsize|p2|4
|start
|switch|p1a: Electabuzz|Electabuzz, L50, M|100/100
|switch|p1b: Rillaboom|Rillaboom, L50, F|100/100
|switch|p2a: Magmar|Magmar, L50, M|100/100
|switch|p2b: Kingambit|Kingambit, L50, M|100/100
|-fieldstart|move: Grassy Terrain|[from] ability: Grassy Surge|[of] p1b: Rillaboom
|turn|1
|
|t:|1755105426
|-terastallize|p1b: Rillaboom|Fire
|move|p2a: Magmar|Protect|p2a: Magmar
|-singleturn|p2a: Magmar|Protect
|move|p2b: Kingambit|Protect|p2b: Kingambit
|-singleturn|p2b: Kingambit|Protect
|move|p1a: Electabuzz|Taunt|p2b: Kingambit
|-activate|p2b: Kingambit|move: Protect
|move|p1b: Rillaboom|High Horsepower|p2a: Magmar
|-activate|p2a: Magmar|move: Protect
|
|upkeep
|turn|2
|
|t:|1755105441
|move|p2a: Magmar|Follow Me|p2a: Magmar
|-singleturn|p2a: Magmar|move: Follow Me
|move|p1a: Electabuzz|Taunt|p2a: Magmar
|-start|p2a: Magmar|move: Taunt
|move|p1b: Rillaboom|High Horsepower|p2a: Magmar
|-supereffective|p2a: Magmar
|-damage|p2a: Magmar|46/100
|move|p2b: Kingambit|Swords Dance|p2b: Kingambit
|-boost|p2b: Kingambit|atk|2
|
|-heal|p2a: Magmar|52/100|[from] Grassy Terrain
|upkeep
|turn|3
|
|t:|1755105454
|switch|p1a: Archaludon|Archaludon, L50, F|100/100
|switch|p2a: Rillaboom|Rillaboom, L50, M|100/100
|move|p1b: Rillaboom|Grassy Glide|p1a: Archaludon
|-resisted|p1a: Archaludon
|-damage|p1a: Archaludon|94/100
|-ability|p1a: Archaludon|Stamina|boost
|-boost|p1a: Archaludon|def|1
|move|p2b: Kingambit|Kowtow Cleave|p1a: Archaludon
|-damage|p1a: Archaludon|39/100
|-ability|p1a: Archaludon|Stamina|boost
|-boost|p1a: Archaludon|def|1
|
|-heal|p1a: Archaludon|45/100|[from] Grassy Terrain
|upkeep
|turn|4
|
|t:|1755105474
|move|p2a: Rillaboom|Fake Out|p1a: Archaludon
|-resisted|p1a: Archaludon
|-crit|p1a: Archaludon
|-damage|p1a: Archaludon|37/100
|-ability|p1a: Archaludon|Stamina|boost
|-boost|p1a: Archaludon|def|1
|move|p1b: Rillaboom|High Horsepower|p2b: Kingambit
|-supereffective|p2b: Kingambit
|-damage|p2b: Kingambit|52/100
|cant|p1a: Archaludon|flinch
|move|p2b: Kingambit|Kowtow Cleave|p1a: Archaludon
|-crit|p1a: Archaludon
|-damage|p1a: Archaludon|0 fnt
|faint|p1a: Archaludon
|
|-heal|p2b: Kingambit|58/100|[from] Grassy Terrain
|upkeep
|
|t:|1755105480
|switch|p1a: Kingambit|Kingambit, L50, M|100/100
|turn|5
|
|t:|1755105503
|move|p2b: Kingambit|Protect|p2b: Kingambit
|-singleturn|p2b: Kingambit|Protect
|move|p2a: Rillaboom|High Horsepower|p1b: Rillaboom
|-supereffective|p1b: Rillaboom
|-damage|p1b: Rillaboom|38/100
|move|p1b: Rillaboom|High Horsepower|p2b: Kingambit
|-activate|p2b: Kingambit|move: Protect
|move|p1a: Kingambit|Swords Dance|p1a: Kingambit
|-boost|p1a: Kingambit|atk|2
|
|-heal|p1b: Rillaboom|44/100|[from] Grassy Terrain
|-heal|p2b: Kingambit|64/100|[from] Grassy Terrain
|-fieldend|move: Grassy Terrain
|upkeep
|turn|6
|
|t:|1755105517
|switch|p1b: Electabuzz|Electabuzz, L50, M|100/100
|move|p2a: Rillaboom|High Horsepower|p1b: Electabuzz
|-supereffective|p1b: Electabuzz
|-damage|p1b: Electabuzz|30/100
|move|p2b: Kingambit|Kowtow Cleave|p1a: Kingambit
|-resisted|p1a: Kingambit
|-damage|p1a: Kingambit|60/100
|move|p1a: Kingambit|Kowtow Cleave|p2b: Kingambit
|-resisted|p2b: Kingambit
|-damage|p2b: Kingambit|20/100
|
|upkeep
|turn|7
|
|t:|1755105534
|move|p1b: Electabuzz|Protect|p1b: Electabuzz
|-singleturn|p1b: Electabuzz|Protect
|move|p2b: Kingambit|Sucker Punch|p1a: Kingambit
|-resisted|p1a: Kingambit
|-crit|p1a: Kingambit
|-damage|p1a: Kingambit|6/100
|move|p1a: Kingambit|Sucker Punch||[still]
|-fail|p1a: Kingambit
|move|p2a: Rillaboom|High Horsepower|p1b: Electabuzz
|-activate|p1b: Electabuzz|move: Protect
|
|upkeep
|turn|8
|-message|Zelgius of Begnion forfeited.
|
|win|Awesome Person III
|raw|Zelgius of Begnion's rating: 1252 → 1237(-15 for losing)
|raw|Awesome Person III's rating: 1391 → 1403(+12 for winning)
