|j|☆lettitripppp
|j|☆TheHiidden
|html|lettitrippppTheHiidden    
|uhtml|bestof|Game 2 of a best-of-3
|t:|1783195455
|gametype|doubles
|player|p1|lettitripppp|lucas|1222
|player|p2|TheHiidden|169|1123
|gen|9
|tier|[Gen 9 Champions] VGC 2026 Reg M-B (Bo3)
|rated|
|rule|Species Clause: Limit one of each Pokémon
|rule|Item Clause: Limit 1 of each item
|clearpoke
|poke|p1|Charizard, L50, M|
|poke|p1|Floette-Eternal, L50, F|
|poke|p1|Basculegion, L50, M|
|poke|p1|Whimsicott, L50, F, shiny|
|poke|p1|Garchomp, L50, F, shiny|
|poke|p1|Kingambit, L50, F, shiny|
|poke|p2|Metagross, L50|
|poke|p2|Altaria, L50, F|
|poke|p2|Gyarados, L50, F|
|poke|p2|Hydreigon, L50, M|
|poke|p2|Blaziken, L50, M|
|poke|p2|Floette-Eternal, L50, F|
|teampreview|4
|showteam|p1|Charizard||CharizarditeY|Blaze|WeatherBall,SolarBeam,HeatWave,Protect|Modest||M|||50|]Floette-Eternal||Floettite|FlowerVeil|DazzlingGleam,LightofRuin,Moonblast,Protect|Timid||F|||50|]Basculegion||MysticWater|Adaptability|LastRespects,WaveCrash,AquaJet,Protect|Adamant||M|||50|]Whimsicott||FocusSash|Prankster|Moonblast,Tailwind,Encore,Protect|Timid||F|||50|]Garchomp||LifeOrb|RoughSkin|DragonClaw,Earthquake,RockSlide,Protect|Jolly||F|||50|]Kingambit||OccaBerry|Defiant|KowtowCleave,SuckerPunch,IronHead,Protect|Adamant||F|||50|
|showteam|p2|Metagross||Metagrossite|ClearBody|Protect,PsychicFangs,BulletPunch,StompingTantrum|Jolly|||||50|]Altaria||RoseliBerry|CloudNine|Tailwind,WillOWisp,Haze,BraveBird|Jolly||F|||50|]Gyarados||BlackBelt|Intimidate|Waterfall,Protect,PowerWhip,IceFang|Adamant||F|||50|]Hydreigon||LifeOrb|Levitate|DracoMeteor,DarkPulse,Protect,EarthPower|Modest||M|||50|]Blaziken||FocusSash|SpeedBoost|Coaching,AuraSphere,Protect,HeatWave|Timid||M|||50|]Floette-Eternal||Floettite|FlowerVeil|Protect,LightofRuin,DazzlingGleam,Moonblast|Timid||F|||50|
|inactive|Battle timer is ON: inactive players will automatically lose when time's up. (requested by lettitripppp)
|inactive|TheHiidden has 60 seconds left.
|inactive|TheHiidden has 30 seconds left.
|
|t:|1783195517
|teamsize|p1|4
|teamsize|p2|4
|start
|switch|p1a: GENERAL BLADUS|Kingambit, L50, F, shiny|100/100
|switch|p1b: LETS GO GO|Whimsicott, L50, F, shiny|100/100
|switch|p2a: Blaziken|Blaziken, L50, M|100/100
|switch|p2b: Metagross|Metagross, L50|100/100
|turn|1
|
|t:|1783195533
|move|p1b: LETS GO GO|Tailwind|p1b: LETS GO GO
|-sidestart|p1: lettitripppp|move: Tailwind
|move|p2b: Metagross|Bullet Punch|p1b: LETS GO GO
|-supereffective|p1b: LETS GO GO|1
|-damage|p1b: LETS GO GO|44/100
|move|p1a: GENERAL BLADUS|Kowtow Cleave|p2b: Metagross
|-supereffective|p2b: Metagross|1
|-damage|p2b: Metagross|18/100
|move|p2a: Blaziken|Coaching|p2b: Metagross
|-boost|p2b: Metagross|atk|1
|-boost|p2b: Metagross|def|1
|
|-ability|p2a: Blaziken|Speed Boost|boost
|-boost|p2a: Blaziken|spe|1
|upkeep
|turn|2
|
|t:|1783195549
|detailschange|p2b: Metagross|Metagross-Mega, L50
|-mega|p2b: Metagross|Metagross|Metagrossite
|move|p2b: Metagross|Protect|p2b: Metagross
|-singleturn|p2b: Metagross|Protect
|move|p1b: LETS GO GO|Encore|p2a: Blaziken
|-start|p2a: Blaziken|Encore
|move|p2a: Blaziken|Coaching|p2b: Metagross
|-boost|p2b: Metagross|atk|1
|-boost|p2b: Metagross|def|1
|move|p1a: GENERAL BLADUS|Kowtow Cleave|p2b: Metagross
|-activate|p2b: Metagross|move: Protect
|
|-ability|p2a: Blaziken|Speed Boost|boost
|-boost|p2a: Blaziken|spe|1
|upkeep
|turn|3
|
|t:|1783195572
|move|p1b: LETS GO GO|Encore|p2b: Metagross
|-start|p2b: Metagross|Encore
|move|p2b: Metagross|Protect|p2b: Metagross
|-singleturn|p2b: Metagross|Protect
|move|p2a: Blaziken|Coaching|p2b: Metagross
|-boost|p2b: Metagross|atk|1
|-boost|p2b: Metagross|def|1
|move|p1a: GENERAL BLADUS|Kowtow Cleave|p2b: Metagross
|-activate|p2b: Metagross|move: Protect
|
|-ability|p2a: Blaziken|Speed Boost|boost
|-boost|p2a: Blaziken|spe|1
|upkeep
|turn|4
|
|t:|1783195589
|switch|p2b: Hydreigon|Hydreigon, L50, M|100/100
|move|p1b: LETS GO GO|Moonblast|p2a: Blaziken
|-damage|p2a: Blaziken|55/100
|-unboost|p2a: Blaziken|spa|1
|move|p2a: Blaziken|Coaching|p2b: Hydreigon
|-boost|p2b: Hydreigon|atk|1
|-boost|p2b: Hydreigon|def|1
|move|p1a: GENERAL BLADUS|Kowtow Cleave|p2b: Hydreigon
|-resisted|p2b: Hydreigon|1
|-damage|p2b: Hydreigon|81/100
|
|-end|p2a: Blaziken|Encore
|-sideend|p1: lettitripppp|move: Tailwind
|-ability|p2a: Blaziken|Speed Boost|boost
|-boost|p2a: Blaziken|spe|1
|upkeep
|turn|5
|inactive|TheHiidden has 30 seconds left.
|inactive|TheHiidden has 20 seconds left.
|
|t:|1783195624
|move|p1a: GENERAL BLADUS|Protect|p1a: GENERAL BLADUS
|-singleturn|p1a: GENERAL BLADUS|Protect
|move|p1b: LETS GO GO|Encore|p2a: Blaziken
|-start|p2a: Blaziken|Encore
|move|p2a: Blaziken|Coaching|p2b: Hydreigon
|-boost|p2b: Hydreigon|atk|1
|-boost|p2b: Hydreigon|def|1
|move|p2b: Hydreigon|Earth Power|p1a: GENERAL BLADUS
|-activate|p1a: GENERAL BLADUS|move: Protect
|
|-ability|p2a: Blaziken|Speed Boost|boost
|-boost|p2a: Blaziken|spe|1
|upkeep
|turn|6
|
|t:|1783195648
|move|p2a: Blaziken|Coaching|p2b: Hydreigon
|-boost|p2b: Hydreigon|atk|1
|-boost|p2b: Hydreigon|def|1
|move|p1b: LETS GO GO|Moonblast|p2b: Hydreigon
|-supereffective|p2b: Hydreigon|2
|-damage|p2b: Hydreigon|0 fnt
|faint|p2b: Hydreigon
|move|p1a: GENERAL BLADUS|Kowtow Cleave|p2a: Blaziken
|-resisted|p2a: Blaziken|1
|-damage|p2a: Blaziken|18/100
|
|-ability|p2a: Blaziken|Speed Boost|boost
|-boost|p2a: Blaziken|spe|1
|upkeep
|
|t:|1783195664
|switch|p2b: Metagross|Metagross-Mega, L50|18/100
|turn|7
|
|t:|1783195670
|move|p2b: Metagross|Protect|p2b: Metagross
|-singleturn|p2b: Metagross|Protect
|move|p1b: LETS GO GO|Tailwind|p1b: LETS GO GO
|-sidestart|p1: lettitripppp|move: Tailwind
|move|p2a: Blaziken|Coaching|p2b: Metagross
|-boost|p2b: Metagross|atk|1
|-boost|p2b: Metagross|def|1
|move|p1a: GENERAL BLADUS|Kowtow Cleave|p2b: Metagross
|-activate|p2b: Metagross|move: Protect
|
|-end|p2a: Blaziken|Encore
|upkeep
|turn|8
|
|t:|1783195684
|move|p1b: LETS GO GO|Encore|p2a: Blaziken
|-start|p2a: Blaziken|Encore
|move|p2b: Metagross|Bullet Punch|p1b: LETS GO GO
|-supereffective|p1b: LETS GO GO|1
|-damage|p1b: LETS GO GO|0 fnt
|faint|p1b: LETS GO GO
|move|p2a: Blaziken|Coaching|p2b: Metagross
|-boost|p2b: Metagross|atk|1
|-boost|p2b: Metagross|def|1
|move|p1a: GENERAL BLADUS|Kowtow Cleave|p2b: Metagross
|-supereffective|p2b: Metagross|1
|-damage|p2b: Metagross|0 fnt
|faint|p2b: Metagross
|
|upkeep
|
|t:|1783195699
|switch|p1b: RUINOUS LIGHT|Floette-Eternal, L50, F|100/100
|switch|p2b: Gyarados|Gyarados, L50, F|100/100
|-ability|p2b: Gyarados|Intimidate|boost
|-unboost|p1a: GENERAL BLADUS|atk|1
|-ability|p1a: GENERAL BLADUS|Defiant|boost
|-boost|p1a: GENERAL BLADUS|atk|2
|-unboost|p1b: RUINOUS LIGHT|atk|1
|turn|9
|
|t:|1783195710
|detailschange|p1b: RUINOUS LIGHT|Floette-Mega, L50, F
|-mega|p1b: RUINOUS LIGHT|Floette|Floettite
|-ability|p1b: RUINOUS LIGHT|Fairy Aura
|move|p2a: Blaziken|Coaching|p2b: Gyarados
|-boost|p2b: Gyarados|atk|1
|-boost|p2b: Gyarados|def|1
|move|p1b: RUINOUS LIGHT|Dazzling Gleam|p2b: Gyarados|[spread] p2a,p2b
|-damage|p2a: Blaziken|0 fnt
|-damage|p2b: Gyarados|58/100
|faint|p2a: Blaziken
|move|p1a: GENERAL BLADUS|Kowtow Cleave|p2b: Gyarados
|-damage|p2b: Gyarados|6/100
|move|p2b: Gyarados|Waterfall|p1b: RUINOUS LIGHT
|-damage|p1b: RUINOUS LIGHT|26/100
|
|upkeep
|turn|10
|
|t:|1783195726
|move|p2b: Gyarados|Protect|p2b: Gyarados
|-singleturn|p2b: Gyarados|Protect
|move|p1a: GENERAL BLADUS|Sucker Punch||[still]
|-fail|p1a: GENERAL BLADUS
|move|p1b: RUINOUS LIGHT|Moonblast|p2b: Gyarados
|-activate|p2b: Gyarados|move: Protect
|
|-sideend|p1: lettitripppp|move: Tailwind
|upkeep
|turn|11
|c|☆lettitripppp|gg
|
|t:|1783195736
|move|p1a: GENERAL BLADUS|Sucker Punch|p2b: Gyarados
|-damage|p2b: Gyarados|0 fnt
|faint|p2b: Gyarados
|
|win|lettitripppp
|raw|lettitripppp's rating: 1222 → 1240(+18 for winning)
|raw|TheHiidden's rating: 1123 → 1105(-18 for losing)
|l|☆TheHiidden
|player|p2|
