|j|☆emptinessmach
|j|☆Kurolax
|html|emptinessmachKurolax    
|uhtml|bestof|Game 2 of a best-of-3
|t:|1756951165
|gametype|doubles
|player|p1|emptinessmach|red|1007
|player|p2|Kurolax|169|1153
|gen|9
|tier|[Gen 9] VGC 2025 Reg H (Bo3)
|rated|
|rule|Species Clause: Limit one of each Pokémon
|rule|Item Clause: Limit 1 of each item
|clearpoke
|poke|p1|Porygon2, L50|
|poke|p1|Incineroar, L50, F|
|poke|p1|Garchomp, L50, F|
|poke|p1|Gholdengo, L50|
|poke|p1|Amoonguss, L50, M|
|poke|p1|Sneasler, L50, M|
|poke|p2|Electabuzz, L50, M|
|poke|p2|Ursaluna-Bloodmoon, L50, M|
|poke|p2|Arcanine-Hisui, L50, F|
|poke|p2|Tyranitar, L50, M|
|poke|p2|Sneasler, L50, M|
|poke|p2|Indeedee, L50, M|
|teampreview|4
|showteam|p1|Porygon2||Eviolite|Download|TeraBlast,IceBeam,Recover,TrickRoom||||||50|,,,,,Ground]Incineroar||SafetyGoggles|Intimidate|FlareBlitz,KnockOff,FakeOut,PartingShot|||F|||50|,,,,,Ghost]Garchomp||ClearAmulet|RoughSkin|Earthquake,Protect,StompingTantrum,DragonClaw|||F|||50|,,,,,Fire]Gholdengo||LifeOrb|GoodasGold|Protect,NastyPlot,MakeItRain,ShadowBall||||||50|,,,,,Water]Amoonguss||SitrusBerry|Regenerator|Spore,RagePowder,Protect,PollenPuff|||M|||50|,,,,,Fairy]Sneasler||FocusSash|PoisonTouch|DireClaw,CloseCombat,Coaching,Protect|||M|||50|,,,,,Flying
|showteam|p2|Electabuzz||Eviolite|VitalSpirit|Electroweb,FollowMe,Taunt,Thunderbolt|||M|||50|,,,,,Electric]Ursaluna-Bloodmoon||ThroatSpray|MindsEye|HyperVoice,BloodMoon,Protect,EarthPower|||M|||50|,,,,,Ghost]Arcanine-Hisui||ClearAmulet|Intimidate|RockSlide,WildCharge,FlareBlitz,Protect|||F|||50|,,,,,Water]Tyranitar||AssaultVest|SandStream|RockSlide,TeraBlast,KnockOff,HighHorsepower|||M|||50|,,,,,Flying]Sneasler||PsychicSeed|Unburden|DireClaw,CloseCombat,Protect,Acrobatics|||M|||50|,,,,,Flying]Indeedee||FocusSash|PsychicSurge|DazzlingGleam,ExpandingForce,Psychic,TrickRoom|||M|||50|,,,,,Dark
|
|t:|1756951186
|teamsize|p1|4
|teamsize|p2|4
|start
|switch|p1a: Sneasler|Sneasler, L50, M|100/100
|switch|p1b: Gholdengo|Gholdengo, L50|100/100
|switch|p2a: Indeedee|Indeedee, L50, M|100/100
|switch|p2b: Arcanine|Arcanine-Hisui, L50, F|100/100
|-ability|p2b: Arcanine|Intimidate|boost
|-unboost|p1a: Sneasler|atk|1
|-unboost|p1b: Gholdengo|atk|1
|-fieldstart|move: Psychic Terrain|[from] ability: Psychic Surge|[of] p2a: Indeedee
|turn|1
|
|t:|1756951205
|move|p1a: Sneasler|Dire Claw|p2b: Arcanine
|-resisted|p2b: Arcanine
|-damage|p2b: Arcanine|84/100
|-status|p2b: Arcanine|psn
|move|p2b: Arcanine|Wild Charge|p1b: Gholdengo
|-damage|p1b: Gholdengo|74/100
|-damage|p2b: Arcanine|77/100 psn|[from] Recoil
|move|p1b: Gholdengo|Make It Rain|p2b: Arcanine|[spread] p2a,p2b
|-damage|p2a: Indeedee|35/100
|-damage|p2b: Arcanine|9/100 psn
|-unboost|p1b: Gholdengo|spa|1
|-damage|p1b: Gholdengo|64/100|[from] item: Life Orb
|move|p2a: Indeedee|Expanding Force|p1a: Sneasler|[spread] p1a,p1b
|-supereffective|p1a: Sneasler
|-resisted|p1b: Gholdengo
|-enditem|p1a: Sneasler|Focus Sash
|-damage|p1a: Sneasler|1/100
|-damage|p1b: Gholdengo|39/100
|
|-damage|p2b: Arcanine|0 fnt|[from] psn
|faint|p2b: Arcanine
|upkeep
|
|t:|1756951228
|switch|p2b: Sneasler|Sneasler, L50, M|100/100
|-enditem|p2b: Sneasler|Psychic Seed
|-boost|p2b: Sneasler|spd|1|[from] item: Psychic Seed
|turn|2
|
|t:|1756951248
|move|p2b: Sneasler|Protect|p2b: Sneasler
|-singleturn|p2b: Sneasler|Protect
|move|p1a: Sneasler|Protect|p1a: Sneasler
|-singleturn|p1a: Sneasler|Protect
|move|p1b: Gholdengo|Make It Rain|p2a: Indeedee|[spread] p2a
|-activate|p2b: Sneasler|move: Protect
|-damage|p2a: Indeedee|0 fnt
|-unboost|p1b: Gholdengo|spa|1
|faint|p2a: Indeedee
|-damage|p1b: Gholdengo|29/100|[from] item: Life Orb
|
|upkeep
|
|t:|1756951258
|switch|p2a: Ursaluna|Ursaluna-Bloodmoon, L50, M|100/100
|turn|3
|
|t:|1756951269
|switch|p1a: Incineroar|Incineroar, L50, F|100/100
|-ability|p1a: Incineroar|Intimidate|boost
|-unboost|p2a: Ursaluna|atk|1
|-unboost|p2b: Sneasler|atk|1
|-terastallize|p2b: Sneasler|Flying
|move|p2b: Sneasler|Acrobatics|p1b: Gholdengo
|-resisted|p1b: Gholdengo
|-damage|p1b: Gholdengo|10/100
|move|p1b: Gholdengo|Make It Rain|p2b: Sneasler|[spread] p2a,p2b
|-damage|p2a: Ursaluna|66/100
|-damage|p2b: Sneasler|73/100
|-unboost|p1b: Gholdengo|spa|1
|-damage|p1b: Gholdengo|0 fnt|[from] item: Life Orb
|faint|p1b: Gholdengo
|move|p2a: Ursaluna|Hyper Voice|p1a: Incineroar
|-damage|p1a: Incineroar|59/100
|-enditem|p2a: Ursaluna|Throat Spray
|-boost|p2a: Ursaluna|spa|1|[from] item: Throat Spray
|
|upkeep
|
|t:|1756951275
|switch|p1b: Sneasler|Sneasler, L50, M|1/100
|turn|4
|
|t:|1756951292
|move|p1b: Sneasler|Protect|p1b: Sneasler
|-singleturn|p1b: Sneasler|Protect
|move|p2b: Sneasler|Close Combat|p1a: Incineroar
|-supereffective|p1a: Incineroar
|-damage|p1a: Incineroar|0 fnt
|-unboost|p2b: Sneasler|def|1
|-unboost|p2b: Sneasler|spd|1
|faint|p1a: Incineroar
|move|p2a: Ursaluna|Hyper Voice|p1b: Sneasler
|-activate|p1b: Sneasler|move: Protect
|
|upkeep
|
|t:|1756951296
|switch|p1a: Garchomp|Garchomp, L50, F|100/100
|turn|5
|
|t:|1756951309
|move|p2b: Sneasler|Close Combat|p1a: Garchomp
|-damage|p1a: Garchomp|56/100
|-unboost|p2b: Sneasler|def|1
|-unboost|p2b: Sneasler|spd|1
|-damage|p2b: Sneasler|60/100|[from] ability: Rough Skin|[of] p1a: Garchomp
|move|p1b: Sneasler|Close Combat|p2a: Ursaluna
|-supereffective|p2a: Ursaluna
|-damage|p2a: Ursaluna|0 fnt
|-unboost|p1b: Sneasler|def|1
|-unboost|p1b: Sneasler|spd|1
|faint|p2a: Ursaluna
|move|p1a: Garchomp|Dragon Claw|p2b: Sneasler
|-damage|p2b: Sneasler|0 fnt
|faint|p2b: Sneasler
|
|win|emptinessmach
|raw|emptinessmach's rating: 1007 → 1061(+54 for winning)
|raw|Kurolax's rating: 1153 → 1118(-35 for losing)
|l|☆Kurolax
|player|p2|
