|j|☆ToastTopping
|j|☆renfero suicida
|html|ToastToppingrenfero suicida    
|uhtml|bestof|Game 3 of a best-of-3
|t:|1784474077
|gametype|doubles
|player|p1|ToastTopping|101|1119
|player|p2|renfero suicida|101|1052
|gen|9
|tier|[Gen 9 Champions] VGC 2026 Reg M-B (Bo3)
|rated|
|rule|Species Clause: Limit one of each Pokémon
|rule|Item Clause: Limit 1 of each item
|clearpoke
|poke|p1|Delphox, L50, F|
|poke|p1|Sinistcha, L50|
|poke|p1|Aerodactyl, L50, F|
|poke|p1|Kingambit, L50, F|
|poke|p1|Sneasler, L50, M|
|poke|p1|Raichu, L50, M|
|poke|p2|Whimsicott, L50, F|
|poke|p2|Staraptor, L50, M|
|poke|p2|Garchomp, L50, M|
|poke|p2|Gholdengo, L50|
|poke|p2|Basculegion, L50, M|
|poke|p2|Typhlosion-Hisui, L50, M|
|teampreview|4
|showteam|p1|Delphox||Delphoxite|Blaze|HeatWave,Psychic,NastyPlot,Protect|Timid||F|||50|]Sinistcha||SitrusBerry|Hospitality|MatchaGotcha,LifeDew,TrickRoom,RagePowder|Calm|||||50|]Aerodactyl||FocusSash|Unnerve|RockSlide,DualWingbeat,Tailwind,WideGuard|Jolly||F|||50|]Kingambit||ChopleBerry|Defiant|KowtowCleave,SuckerPunch,IronHead,Protect|Adamant||F|||50|]Sneasler||WhiteHerb|Unburden|CloseCombat,DireClaw,FakeOut,Protect|Adamant||M|||50|]Raichu||RaichuniteY|LightningRod|ZapCannon,FocusBlast,FakeOut,Protect|Hasty||M|||50|
|showteam|p2|Whimsicott||FocusSash|Prankster|Tickle,Tailwind,Moonblast,FakeTears|Timid||F|||50|]Staraptor||Staraptite|Intimidate|BraveBird,CloseCombat,Roost,Protect|Jolly||M|||50|]Garchomp||RoseliBerry|RoughSkin|DragonClaw,StompingTantrum,RockTomb,PoisonJab|Jolly||M|||50|]Gholdengo||LifeOrb|GoodasGold|MakeItRain,ShadowBall,PowerGem,Protect|Modest|||||50|]Basculegion||MysticWater|Adaptability|WaveCrash,LastRespects,AquaJet,Protect|Adamant||M|||50|]Typhlosion-Hisui||ChoiceScarf|Frisk|Eruption,HeatWave,BurnUp,ShadowBall|Modest||M|||50|
|inactive|Battle timer is ON: inactive players will automatically lose when time's up. (requested by renfero suicida)
|inactive|ToastTopping has 60 seconds left.
|inactive|renfero suicida has 60 seconds left.
|
|t:|1784474131
|teamsize|p1|4
|teamsize|p2|4
|start
|switch|p1a: Sneasler|Sneasler, L50, M|100/100
|switch|p1b: Delphox|Delphox, L50, F|100/100
|switch|p2a: Whimsicott|Whimsicott, L50, F|100/100
|switch|p2b: Staraptor|Staraptor, L50, M|100/100
|-ability|p2b: Staraptor|Intimidate|boost
|-unboost|p1a: Sneasler|atk|1
|-unboost|p1b: Delphox|atk|1
|-enditem|p1a: Sneasler|White Herb
|-clearnegativeboost|p1a: Sneasler|[silent]
|turn|1
|inactive|ToastTopping has 30 seconds left.
|inactive|renfero suicida has 30 seconds left.
|
|t:|1784474164
|switch|p2a: Basculegion|Basculegion, L50, M|100/100
|detailschange|p1b: Delphox|Delphox-Mega, L50, F
|-mega|p1b: Delphox|Delphox|Delphoxite
|detailschange|p2b: Staraptor|Staraptor-Mega, L50, M
|-mega|p2b: Staraptor|Staraptor|Staraptite
|move|p2b: Staraptor|Protect|p2b: Staraptor
|-singleturn|p2b: Staraptor|Protect
|move|p1a: Sneasler|Fake Out|p2a: Basculegion
|-immune|p2a: Basculegion
|move|p1b: Delphox|Psychic|p2b: Staraptor
|-activate|p2b: Staraptor|move: Protect
|
|upkeep
|turn|2
|inactive|renfero suicida has 30 seconds left.
|inactive|renfero suicida has 20 seconds left.
|inactive|renfero suicida has 15 seconds left.
|
|t:|1784474207
|move|p1b: Delphox|Protect|p1b: Delphox
|-singleturn|p1b: Delphox|Protect
|move|p1a: Sneasler|Dire Claw|p2a: Basculegion
|-resisted|p2a: Basculegion|1
|-damage|p2a: Basculegion|73/100
|-status|p2a: Basculegion|slp
|move|p2b: Staraptor|Brave Bird|p1a: Sneasler
|-supereffective|p1a: Sneasler|1
|-damage|p1a: Sneasler|0 fnt
|faint|p1a: Sneasler
|-damage|p2b: Staraptor|67/100|[from] Recoil
|cant|p2a: Basculegion|slp
|
|upkeep
|
|t:|1784474222
|switch|p1a: Kingambit|Kingambit, L50, F|100/100
|turn|3
|inactive|renfero suicida has 30 seconds left.
|
|t:|1784474252
|switch|p2a: Whimsicott|Whimsicott, L50, F|100/100
|move|p2b: Staraptor|Protect|p2b: Staraptor
|-singleturn|p2b: Staraptor|Protect
|move|p1b: Delphox|Psychic|p2b: Staraptor
|-activate|p2b: Staraptor|move: Protect
|move|p1a: Kingambit|Kowtow Cleave|p2a: Whimsicott
|-resisted|p2a: Whimsicott|1
|-damage|p2a: Whimsicott|62/100
|
|upkeep
|turn|4
|
|t:|1784474272
|move|p2a: Whimsicott|Fake Tears|p2b: Staraptor
|-boost|p2b: Staraptor|spd|2
|move|p1b: Delphox|Psychic|p2b: Staraptor
|-supereffective|p2b: Staraptor|1
|-damage|p2b: Staraptor|0 fnt
|faint|p2b: Staraptor
|move|p1a: Kingambit|Iron Head|p2a: Whimsicott
|-supereffective|p2a: Whimsicott|1
|-damage|p2a: Whimsicott|0 fnt
|faint|p2a: Whimsicott
|
|upkeep
|
|t:|1784474281
|switch|p2a: Basculegion|Basculegion, L50, M|73/100 slp
|switch|p2b: Garchomp|Garchomp, L50, M|100/100
|turn|5
|inactive|ToastTopping has 30 seconds left.
|
|t:|1784474310
|switch|p1a: Aerodactyl|Aerodactyl, L50, F|100/100
|-ability|p1a: Aerodactyl|Unnerve
|cant|p2a: Basculegion|slp
|move|p1b: Delphox|Psychic|p2b: Garchomp
|-damage|p2b: Garchomp|43/100
|-unboost|p2b: Garchomp|spd|1
|move|p2b: Garchomp|Stomping Tantrum|p1a: Aerodactyl
|-immune|p1a: Aerodactyl
|
|upkeep
|turn|6
|inactive|ToastTopping has 30 seconds left.
|inactive|ToastTopping has 20 seconds left.
|inactive|ToastTopping has 15 seconds left.
|inactive|ToastTopping has 10 seconds left.
|
|t:|1784474357
|move|p1b: Delphox|Psychic|p2b: Garchomp
|-damage|p2b: Garchomp|0 fnt
|faint|p2b: Garchomp
|move|p1a: Aerodactyl|Tailwind|p1a: Aerodactyl
|-sidestart|p1: ToastTopping|move: Tailwind
|-curestatus|p2a: Basculegion|slp|[msg]
|move|p2a: Basculegion|Last Respects|p1a: Aerodactyl
|-enditem|p1a: Aerodactyl|Focus Sash
|-damage|p1a: Aerodactyl|1/100
|
|upkeep
|turn|7
|c|☆renfero suicida|gg
|inactive|ToastTopping has 30 seconds left.
|
|t:|1784474390
|move|p2a: Basculegion|Aqua Jet|p1a: Aerodactyl
|-supereffective|p1a: Aerodactyl|1
|-damage|p1a: Aerodactyl|0 fnt
|faint|p1a: Aerodactyl
|move|p1b: Delphox|Psychic|p2a: Basculegion
|-damage|p2a: Basculegion|15/100
|
|upkeep
|
|t:|1784474398
|switch|p1a: Kingambit|Kingambit, L50, F|100/100
|turn|8
|-message|renfero suicida forfeited.
|
|win|ToastTopping
|raw|ToastTopping's rating: 1119 → 1139(+20 for winning)
|raw|renfero suicida's rating: 1052 → 1038(-14 for losing)
|l|☆renfero suicida
|player|p2|
