|j|☆MidoMidori
|j|☆chaoticfarmer
|html|MidoMidorichaoticfarmer    
|uhtml|bestof|Game 1 of a best-of-3
|t:|1756599598
|gametype|doubles
|player|p1|MidoMidori|roxanne-gen6|1184
|player|p2|chaoticfarmer|norman|1277
|gen|9
|tier|[Gen 9] VGC 2025 Reg H (Bo3)
|rated|
|rule|Species Clause: Limit one of each Pokémon
|rule|Item Clause: Limit 1 of each item
|clearpoke
|poke|p1|Sneasler, L50, F|
|poke|p1|Indeedee, L50, M|
|poke|p1|Volcarona, L50, M|
|poke|p1|Ursaluna-Bloodmoon, L50, M|
|poke|p1|Annihilape, L50, F|
|poke|p1|Tyranitar, L50, M|
|poke|p2|Rillaboom, L50, M|
|poke|p2|Pelipper, L50, M|
|poke|p2|Sneasler, L50, F|
|poke|p2|Cetitan, L50, F|
|poke|p2|Malamar, L50, M|
|poke|p2|Ursaluna-Bloodmoon, L50, M|
|teampreview|4
|showteam|p1|Sneasler||PsychicSeed|Unburden|CloseCombat,DireClaw,ThroatChop,Protect|||F|||50|,,,,,Dark]Indeedee||ChoiceScarf|PsychicSurge|ExpandingForce,TeraBlast,Trick,Protect|||M|||50|,,,,,Psychic]Volcarona||SitrusBerry|FlameBody|Overheat,StruggleBug,RagePowder,Tailwind|||M|||50|,,,,,Grass]Ursaluna-Bloodmoon||LifeOrb|MindsEye|BloodMoon,HyperVoice,EarthPower,Protect|||M|||50|,,,,,Normal]Annihilape||SafetyGoggles|Defiant|CloseCombat,RageFist,Taunt,FinalGambit|||F|||50|,,,,,Fairy]Tyranitar||AssaultVest|SandStream|RockSlide,KnockOff,TeraBlast,LowKick|||M|||50|,,,,,Flying
|showteam|p2|Rillaboom||AssaultVest|GrassySurge|FakeOut,GrassyGlide,WoodHammer,Uturn|||M|||50|,,,,,Fire]Pelipper||FocusSash|Drizzle|Tailwind,Hurricane,WideGuard,WeatherBall|||M|||50|,,,,,Ghost]Sneasler||GrassySeed|Unburden|CloseCombat,DireClaw,Taunt,Protect|||F|||50|,,,,,Dark]Cetitan||LifeOrb|SheerForce|IcicleCrash,Liquidation,IceShard,Protect|||F|||50|,,,,,Water]Malamar||CovertCloak|Contrary|PsychoCut,KnockOff,Superpower,TrickRoom|||M|||50|,,,,,Steel]Ursaluna-Bloodmoon||SilkScarf|MindsEye|BloodMoon,HyperVoice,EarthPower,Protect|||M|||50|,,,,,Ghost
|inactive|Battle timer is ON: inactive players will automatically lose when time's up. (requested by chaoticfarmer)
|inactive|MidoMidori has 60 seconds left.
|
|t:|1756599635
|teamsize|p1|4
|teamsize|p2|4
|start
|switch|p1a: Indeedee|Indeedee, L50, M|100/100
|switch|p1b: Sneasler|Sneasler, L50, F|100/100
|switch|p2a: Malamar|Malamar, L50, M|100/100
|switch|p2b: Sneasler|Sneasler, L50, F|100/100
|-fieldstart|move: Psychic Terrain|[from] ability: Psychic Surge|[of] p1a: Indeedee
|-enditem|p1b: Sneasler|Psychic Seed
|-boost|p1b: Sneasler|spd|1|[from] item: Psychic Seed
|turn|1
|
|t:|1756599655
|switch|p1a: Volcarona|Volcarona, L50, M|100/100
|switch|p2b: Rillaboom|Rillaboom, L50, M|100/100
|-fieldstart|move: Grassy Terrain|[from] ability: Grassy Surge|[of] p2b: Rillaboom
|move|p1b: Sneasler|Dire Claw|p2a: Malamar
|-damage|p2a: Malamar|55/100
|move|p2a: Malamar|Trick Room|p2a: Malamar
|-fieldstart|move: Trick Room|[of] p2a: Malamar
|
|-heal|p2a: Malamar|61/100|[from] Grassy Terrain
|upkeep
|turn|2
|inactive|chaoticfarmer has 30 seconds left.
|
|t:|1756599680
|-terastallize|p2b: Rillaboom|Fire
|move|p1b: Sneasler|Protect|p1b: Sneasler
|-singleturn|p1b: Sneasler|Protect
|move|p2b: Rillaboom|Fake Out|p1a: Volcarona
|-damage|p1a: Volcarona|80/100
|move|p2a: Malamar|Superpower|p1b: Sneasler
|-activate|p1b: Sneasler|move: Protect
|cant|p1a: Volcarona|flinch
|
|-heal|p2a: Malamar|66/100|[from] Grassy Terrain
|-heal|p1a: Volcarona|87/100|[from] Grassy Terrain
|upkeep
|turn|3
|
|t:|1756599703
|move|p1a: Volcarona|Rage Powder|p1a: Volcarona
|-singleturn|p1a: Volcarona|move: Rage Powder
|move|p2a: Malamar|Psycho Cut|p1a: Volcarona
|-damage|p1a: Volcarona|49/100
|-enditem|p1a: Volcarona|Sitrus Berry|[eat]
|-heal|p1a: Volcarona|74/100|[from] item: Sitrus Berry
|move|p2b: Rillaboom|U-turn|p1a: Volcarona
|-resisted|p1a: Volcarona
|-damage|p1a: Volcarona|58/100
|
|t:|1756599711
|switch|p2b: Pelipper|Pelipper, L50, M|100/100|[from] U-turn
|-weather|RainDance|[from] ability: Drizzle|[of] p2b: Pelipper
|move|p1b: Sneasler|Dire Claw|p2a: Malamar
|-damage|p2a: Malamar|24/100
|
|-weather|RainDance|[upkeep]
|-heal|p2a: Malamar|30/100|[from] Grassy Terrain
|-heal|p1a: Volcarona|64/100|[from] Grassy Terrain
|upkeep
|turn|4
|inactive|chaoticfarmer has 30 seconds left.
|
|t:|1756599746
|switch|p2a: Sneasler|Sneasler, L50, F|100/100
|-enditem|p2a: Sneasler|Grassy Seed
|-boost|p2a: Sneasler|def|1|[from] item: Grassy Seed
|-terastallize|p1b: Sneasler|Dark
|move|p1a: Volcarona|Rage Powder|p1a: Volcarona
|-singleturn|p1a: Volcarona|move: Rage Powder
|move|p2b: Pelipper|Hurricane|p1a: Volcarona
|-supereffective|p1a: Volcarona
|-damage|p1a: Volcarona|0 fnt
|faint|p1a: Volcarona
|move|p1b: Sneasler|Dire Claw|p2a: Sneasler
|-resisted|p2a: Sneasler
|-damage|p2a: Sneasler|73/100
|-status|p2a: Sneasler|par
|
|-weather|RainDance|[upkeep]
|-heal|p2a: Sneasler|79/100 par|[from] Grassy Terrain
|upkeep
|
|t:|1756599752
|switch|p1a: Ursaluna|Ursaluna-Bloodmoon, L50, M|100/100
|turn|5
|
|t:|1756599776
|move|p2a: Sneasler|Protect|p2a: Sneasler
|-singleturn|p2a: Sneasler|Protect
|move|p1a: Ursaluna|Earth Power|p2a: Sneasler
|-activate|p2a: Sneasler|move: Protect
|move|p2b: Pelipper|Weather Ball|p1a: Ursaluna
|-supereffective|p1a: Ursaluna
|-damage|p1a: Ursaluna|0 fnt
|faint|p1a: Ursaluna
|move|p1b: Sneasler|Dire Claw|p2b: Pelipper
|-damage|p2b: Pelipper|45/100
|
|-weather|RainDance|[upkeep]
|-heal|p2a: Sneasler|85/100 par|[from] Grassy Terrain
|-fieldend|move: Trick Room
|-fieldend|move: Grassy Terrain
|upkeep
|
|t:|1756599779
|switch|p1a: Indeedee|Indeedee, L50, M|100/100
|-fieldstart|move: Psychic Terrain|[from] ability: Psychic Surge|[of] p1a: Indeedee
|turn|6
|
|t:|1756599802
|switch|p2a: Rillaboom|Rillaboom, L50, M, tera:Fire|100/100
|-fieldstart|move: Grassy Terrain|[from] ability: Grassy Surge|[of] p2a: Rillaboom
|move|p1b: Sneasler|Dire Claw|p2b: Pelipper
|-damage|p2b: Pelipper|0 fnt
|faint|p2b: Pelipper
|move|p1a: Indeedee|Expanding Force|p2a: Rillaboom
|-damage|p2a: Rillaboom|72/100
|
|-weather|RainDance|[upkeep]
|-heal|p2a: Rillaboom|78/100|[from] Grassy Terrain
|upkeep
|
|t:|1756599817
|switch|p2b: Sneasler|Sneasler, L50, F|85/100 par
|turn|7
|
|t:|1756599831
|move|p1b: Sneasler|Protect|p1b: Sneasler
|-singleturn|p1b: Sneasler|Protect
|move|p2a: Rillaboom|Fake Out|p1a: Indeedee
|-damage|p1a: Indeedee|73/100
|cant|p1a: Indeedee|flinch
|move|p2b: Sneasler|Dire Claw|p1a: Indeedee
|-damage|p1a: Indeedee|0 fnt
|faint|p1a: Indeedee
|
|-weather|none
|-heal|p2a: Rillaboom|84/100|[from] Grassy Terrain
|-heal|p2b: Sneasler|91/100 par|[from] Grassy Terrain
|upkeep
|turn|8
|
|t:|1756599844
|move|p1b: Sneasler|Dire Claw|p2a: Rillaboom
|-damage|p2a: Rillaboom|38/100
|-status|p2a: Rillaboom|psn
|move|p2a: Rillaboom|U-turn|p1b: Sneasler
|-supereffective|p1b: Sneasler
|-damage|p1b: Sneasler|20/100
|
|t:|1756599850
|switch|p2a: Malamar|Malamar, L50, M|30/100|[from] U-turn
|cant|p2b: Sneasler|par
|
|-heal|p1b: Sneasler|26/100|[from] Grassy Terrain
|-heal|p2a: Malamar|36/100|[from] Grassy Terrain
|-heal|p2b: Sneasler|97/100 par|[from] Grassy Terrain
|upkeep
|turn|9
|
|t:|1756599854
|move|p1b: Sneasler|Dire Claw|p2a: Malamar
|-damage|p2a: Malamar|0 fnt
|faint|p2a: Malamar
|move|p2b: Sneasler|Close Combat|p1b: Sneasler
|-supereffective|p1b: Sneasler
|-damage|p1b: Sneasler|0 fnt
|-unboost|p2b: Sneasler|def|1
|-unboost|p2b: Sneasler|spd|1
|faint|p1b: Sneasler
|
|win|chaoticfarmer
||MidoMidori is ready for game 2.
||chaoticfarmer is ready for game 2.
|uhtml|next|Next: Game 2 of 3
