|j|☆hexagonfoot
|j|☆Marcored87
|html|hexagonfootMarcored87    
|uhtml|bestof|Game 1 of a best-of-3
|t:|1756408537
|gametype|doubles
|player|p1|hexagonfoot|caitlin|1175
|player|p2|Marcored87|170|1100
|gen|9
|tier|[Gen 9] VGC 2025 Reg H (Bo3)
|rated|
|rule|Species Clause: Limit one of each Pokémon
|rule|Item Clause: Limit 1 of each item
|clearpoke
|poke|p1|Kingambit, L50, F|
|poke|p1|Primarina, L50, M|
|poke|p1|Sneasler, L50, M|
|poke|p1|Magmar, L50, M|
|poke|p1|Rillaboom, L50, M|
|poke|p1|Dragapult, L50, F|
|poke|p2|Magmar, L50, M|
|poke|p2|Kingambit, L50, M|
|poke|p2|Primarina, L50, F|
|poke|p2|Rillaboom, L50, M|
|poke|p2|Sneasler, L50, M|
|poke|p2|Dragapult, L50, F|
|teampreview|4
|showteam|p1|Kingambit||BlackGlasses|Defiant|KowtowCleave,SuckerPunch,SwordsDance,Protect|||F|||50|,,,,,Ghost]Primarina||SitrusBerry|LiquidVoice|HyperVoice,Moonblast,Haze,Protect|||M|||50|,,,,,Water]Sneasler||FocusSash|PoisonTouch|CloseCombat,DireClaw,FakeOut,Protect|||M|||50|,,,,,Stellar]Magmar||Eviolite|VitalSpirit|Overheat,WillOWisp,FollowMe,Protect|||M|||50|,,,,,Ghost]Rillaboom||AssaultVest|GrassySurge|WoodHammer,GrassyGlide,HighHorsepower,FakeOut|||M|||50|,,,,,Fire]Dragapult||ChoiceBand|ClearBody|DragonDarts,PhantomForce,TeraBlast,Uturn|||F|||50|,,,,,Ghost
|showteam|p2|Magmar||Eviolite|VitalSpirit|HeatWave,WillOWisp,FollowMe,ClearSmog|||M|||50|,,,,,Ghost]Kingambit||BlackGlasses|Defiant|SuckerPunch,KowtowCleave,SwordsDance,Protect|||M|||50|,,,,,Dark]Primarina||LifeOrb|LiquidVoice|Protect,Haze,Moonblast,HyperVoice|||F|||50|,,,,,Poison]Rillaboom||AssaultVest|GrassySurge|FakeOut,WoodHammer,HighHorsepower,GrassyGlide|||M|||50|,,,,,Fire]Sneasler||FocusSash|Unburden|CloseCombat,DireClaw,FakeOut,Protect|||M|||50|,,,,,Stellar]Dragapult||ChoiceBand|ClearBody|DragonDarts,Outrage,PhantomForce,Uturn|||F|||50|,,,,,Dragon
|inactive|Battle timer is ON: inactive players will automatically lose when time's up. (requested by Marcored87)
|
|t:|1756408569
|teamsize|p1|4
|teamsize|p2|4
|start
|switch|p1a: Sneasler|Sneasler, L50, M|100/100
|switch|p1b: Magmar|Magmar, L50, M|100/100
|switch|p2a: Magmar|Magmar, L50, M|100/100
|switch|p2b: Dragapult|Dragapult, L50, F, shiny|100/100
|turn|1
|inactive|hexagonfoot has 30 seconds left.
|
|t:|1756408599
|-terastallize|p2a: Magmar|Ghost
|move|p1a: Sneasler|Protect|p1a: Sneasler
|-singleturn|p1a: Sneasler|Protect
|move|p1b: Magmar|Protect|p1b: Magmar
|-singleturn|p1b: Magmar|Protect
|move|p2a: Magmar|Follow Me|p2a: Magmar
|-singleturn|p2a: Magmar|move: Follow Me
|move|p2b: Dragapult|Dragon Darts|p1a: Sneasler
|-activate|p1b: Magmar|move: Protect
|
|upkeep
|turn|2
|
|t:|1756408611
|switch|p1a: Kingambit|Kingambit, L50, F|100/100
|move|p2b: Dragapult|Dragon Darts|p1a: Kingambit
|-resisted|p1a: Kingambit
|-damage|p1a: Kingambit|85/100
|-anim|p2b: Dragapult|Dragon Darts|p1b: Magmar
|-damage|p1b: Magmar|67/100
|move|p1b: Magmar|Will-O-Wisp|p2b: Dragapult
|-status|p2b: Dragapult|brn
|move|p2a: Magmar|Heat Wave|p1b: Magmar|[spread] p1a,p1b
|-supereffective|p1a: Kingambit
|-resisted|p1b: Magmar
|-damage|p1a: Kingambit|33/100
|-damage|p1b: Magmar|56/100
|
|-damage|p2b: Dragapult|94/100 brn|[from] brn
|upkeep
|turn|3
|inactive|hexagonfoot has 30 seconds left.
|inactive|hexagonfoot has 20 seconds left.
|
|t:|1756408648
|move|p2b: Dragapult|Dragon Darts|p1a: Kingambit
|-resisted|p1a: Kingambit
|-crit|p1a: Kingambit
|-damage|p1a: Kingambit|21/100
|-anim|p2b: Dragapult|Dragon Darts|p1b: Magmar
|-damage|p1b: Magmar|39/100
|move|p1b: Magmar|Overheat|p2a: Magmar
|-damage|p2a: Magmar|59/100
|-unboost|p1b: Magmar|spa|2
|move|p2a: Magmar|Heat Wave|p1b: Magmar|[spread] p1a
|-miss|p2a: Magmar|p1b: Magmar
|-supereffective|p1a: Kingambit
|-damage|p1a: Kingambit|0 fnt
|faint|p1a: Kingambit
|
|-damage|p2b: Dragapult|88/100 brn|[from] brn
|upkeep
|
|t:|1756408661
|switch|p1a: Rillaboom|Rillaboom, L50, M|100/100
|-fieldstart|move: Grassy Terrain|[from] ability: Grassy Surge|[of] p1a: Rillaboom
|turn|4
|
|t:|1756408672
|-terastallize|p1a: Rillaboom|Fire
|move|p1b: Magmar|Protect|p1b: Magmar
|-singleturn|p1b: Magmar|Protect
|move|p2b: Dragapult|Dragon Darts|p1a: Rillaboom
|-damage|p1a: Rillaboom|81/100
|-anim|p2b: Dragapult|Dragon Darts|p1a: Rillaboom
|-damage|p1a: Rillaboom|59/100
|move|p1a: Rillaboom|Wood Hammer|p2a: Magmar
|-damage|p2a: Magmar|0 fnt
|faint|p2a: Magmar
|-damage|p1a: Rillaboom|43/100|[from] Recoil
|
|-heal|p2b: Dragapult|94/100 brn|[from] Grassy Terrain
|-heal|p1b: Magmar|45/100|[from] Grassy Terrain
|-heal|p1a: Rillaboom|49/100|[from] Grassy Terrain
|-damage|p2b: Dragapult|88/100 brn|[from] brn
|upkeep
|
|t:|1756408682
|switch|p2a: Primarina|Primarina, L50, F|100/100
|turn|5
|
|t:|1756408692
|move|p1b: Magmar|Follow Me|p1b: Magmar
|-singleturn|p1b: Magmar|move: Follow Me
|move|p2b: Dragapult|Dragon Darts|p1b: Magmar
|-damage|p1b: Magmar|28/100
|-anim|p2b: Dragapult|Dragon Darts|p1b: Magmar
|-damage|p1b: Magmar|11/100
|move|p1a: Rillaboom|Wood Hammer|p2a: Primarina
|-supereffective|p2a: Primarina
|-damage|p2a: Primarina|0 fnt
|faint|p2a: Primarina
|-damage|p1a: Rillaboom|18/100|[from] Recoil
|
|-heal|p2b: Dragapult|94/100 brn|[from] Grassy Terrain
|-heal|p1b: Magmar|17/100|[from] Grassy Terrain
|-heal|p1a: Rillaboom|24/100|[from] Grassy Terrain
|-damage|p2b: Dragapult|88/100 brn|[from] brn
|upkeep
|
|t:|1756408703
|switch|p2a: Sneasler|Sneasler, L50, M|100/100
|turn|6
|
|t:|1756408724
|move|p1a: Rillaboom|Grassy Glide|p2a: Sneasler
|-resisted|p2a: Sneasler
|-damage|p2a: Sneasler|66/100
|move|p2b: Dragapult|Dragon Darts|p1b: Magmar
|-damage|p1b: Magmar|0 fnt
|-anim|p2b: Dragapult|Dragon Darts|p1a: Rillaboom
|-damage|p1a: Rillaboom|4/100
|faint|p1b: Magmar
|move|p2a: Sneasler|Dire Claw|p1a: Rillaboom
|-damage|p1a: Rillaboom|0 fnt
|faint|p1a: Rillaboom
|
|-heal|p2b: Dragapult|94/100 brn|[from] Grassy Terrain
|-heal|p2a: Sneasler|71/100|[from] Grassy Terrain
|-damage|p2b: Dragapult|88/100 brn|[from] brn
|upkeep
|
|t:|1756408732
|switch|p1b: Sneasler|Sneasler, L50, M|100/100
|turn|7
|
|t:|1756408741
|move|p2b: Dragapult|Dragon Darts|p1b: Sneasler
|-damage|p1b: Sneasler|62/100
|-anim|p2b: Dragapult|Dragon Darts|p1b: Sneasler
|-damage|p1b: Sneasler|28/100
|move|p1b: Sneasler|Dire Claw|p2a: Sneasler
|-resisted|p2a: Sneasler
|-damage|p2a: Sneasler|37/100
|move|p2a: Sneasler|Dire Claw|p1b: Sneasler
|-resisted|p1b: Sneasler
|-crit|p1b: Sneasler
|-damage|p1b: Sneasler|0 fnt
|faint|p1b: Sneasler
|
|win|Marcored87
||hexagonfoot is ready for game 2.
||Marcored87 is ready for game 2.
|uhtml|next|Next: Game 2 of 3
