|j|☆m00nless
|j|☆joshez
|html|m00nlessjoshez    
|uhtml|bestof|Game 1 of a best-of-3
|t:|1756271271
|gametype|doubles
|player|p1|m00nless|clair|1015
|player|p2|joshez|102|1000
|gen|9
|tier|[Gen 9] VGC 2025 Reg H (Bo3)
|rated|
|rule|Species Clause: Limit one of each Pokémon
|rule|Item Clause: Limit 1 of each item
|clearpoke
|poke|p1|Archaludon, L50, F|
|poke|p1|Bronzong, L50|
|poke|p1|Ursaluna, L50, M|
|poke|p1|Politoed, L50, M|
|poke|p1|Incineroar, L50, F|
|poke|p1|Basculegion, L50, M|
|poke|p2|Amoonguss, L50, F|
|poke|p2|Sneasler, L50, F|
|poke|p2|Gholdengo, L50|
|poke|p2|Incineroar, L50, F|
|poke|p2|Ursaluna-Bloodmoon, L50, M|
|poke|p2|Dragonite, L50, F|
|teampreview|4
|showteam|p1|Archaludon||PowerHerb|Sturdy|ElectroShot,DragonPulse,FlashCannon,Protect|||F|||50|,,,,,Electric]Bronzong||SafetyGoggles|Levitate|TrickRoom,GyroBall,IronDefense,BodyPress||||||50|,,,,,Dark]Ursaluna||FlameOrb|Guts|HeadlongRush,Facade,Earthquake,Protect|||M|||50|,,,,,Ghost]Politoed||Leftovers|Drizzle|WeatherBall,Haze,Encore,Protect|||M|||50|,,,,,Grass]Incineroar||AssaultVest|Intimidate|Uturn,FakeOut,KnockOff,FlareBlitz|||F|||50|,,,,,Grass]Basculegion||LifeOrb|SwiftSwim|WaveCrash,LastRespects,AquaJet,Protect|||M|||50|,,,,,Ghost
|showteam|p2|Amoonguss||SitrusBerry|Regenerator|RagePowder,Spore,PollenPuff,Protect|||F|||50|,,,,,Psychic]Sneasler||FocusSash|Unburden|Protect,DireClaw,CloseCombat,ThroatChop|||F|||50|,,,,,Stellar]Gholdengo||LifeOrb|GoodasGold|Protect,MakeItRain,ShadowBall,NastyPlot||||||50|,,,,,Water]Incineroar||SafetyGoggles|Intimidate|KnockOff,PartingShot,FlareBlitz,FakeOut|||F|||50|,,,,,Ghost]Ursaluna-Bloodmoon||AssaultVest|MindsEye|BloodMoon,EarthPower,VacuumWave,HyperVoice|||M|||50|,,,,,Water]Dragonite||LoadedDice|Multiscale|ScaleShot,Tailwind,Haze,Protect|||F|||50|,,,,,Fairy
|inactive|Battle timer is ON: inactive players will automatically lose when time's up. (requested by m00nless)
|
|t:|1756271351
|teamsize|p1|4
|teamsize|p2|4
|start
|switch|p1a: BIG BELL|Bronzong, L50, shiny|100/100
|switch|p1b: THE AGENDA|Incineroar, L50, F|100/100
|switch|p2a: Incineroar|Incineroar, L50, F|100/100
|switch|p2b: Gholdengo|Gholdengo, L50|100/100
|-ability|p2a: Incineroar|Intimidate|boost
|-unboost|p1a: BIG BELL|atk|1
|-unboost|p1b: THE AGENDA|atk|1
|-ability|p1b: THE AGENDA|Intimidate|boost
|-unboost|p2a: Incineroar|atk|1
|-unboost|p2b: Gholdengo|atk|1
|turn|1
|inactive|joshez has 30 seconds left.
|
|t:|1756271377
|-terastallize|p1a: BIG BELL|Dark
|move|p2b: Gholdengo|Nasty Plot|p2b: Gholdengo
|-boost|p2b: Gholdengo|spa|2
|move|p2a: Incineroar|Knock Off|p1a: BIG BELL
|-resisted|p1a: BIG BELL
|-damage|p1a: BIG BELL|89/100
|-enditem|p1a: BIG BELL|Safety Goggles|[from] move: Knock Off|[of] p2a: Incineroar
|move|p1b: THE AGENDA|Knock Off|p2b: Gholdengo
|-supereffective|p2b: Gholdengo
|-damage|p2b: Gholdengo|47/100
|-enditem|p2b: Gholdengo|Life Orb|[from] move: Knock Off|[of] p1b: THE AGENDA
|move|p1a: BIG BELL|Trick Room|p1a: BIG BELL
|-fieldstart|move: Trick Room|[of] p1a: BIG BELL
|
|upkeep
|turn|2
|inactive|joshez has 30 seconds left.
|inactive|joshez has 20 seconds left.
|inactive|joshez has 15 seconds left.
|inactive|joshez has 10 seconds left.
|
|t:|1756271423
|switch|p2b: Dragonite|Dragonite, L50, F|100/100
|move|p1a: BIG BELL|Iron Defense|p1a: BIG BELL
|-boost|p1a: BIG BELL|def|2
|move|p1b: THE AGENDA|Flare Blitz|p2b: Dragonite
|-resisted|p2b: Dragonite
|-damage|p2b: Dragonite|93/100
|-status|p2b: Dragonite|brn
|-damage|p1b: THE AGENDA|99/100|[from] Recoil
|move|p2a: Incineroar|Flare Blitz|p1a: BIG BELL
|-damage|p1a: BIG BELL|73/100
|-damage|p2a: Incineroar|96/100|[from] Recoil
|
|-damage|p2b: Dragonite|87/100 brn|[from] brn
|upkeep
|turn|3
|inactive|m00nless has 30 seconds left.
|inactive|m00nless has 20 seconds left.
|inactive|m00nless has 15 seconds left.
|
|t:|1756271465
|move|p1a: BIG BELL|Gyro Ball|p2b: Dragonite
|-damage|p2b: Dragonite|64/100 brn
|move|p1b: THE AGENDA|Knock Off|p2b: Dragonite
|-damage|p2b: Dragonite|37/100 brn
|-enditem|p2b: Dragonite|Loaded Dice|[from] move: Knock Off|[of] p1b: THE AGENDA
|move|p2a: Incineroar|Knock Off|p1b: THE AGENDA
|-resisted|p1b: THE AGENDA
|-damage|p1b: THE AGENDA|87/100
|-enditem|p1b: THE AGENDA|Assault Vest|[from] move: Knock Off|[of] p2a: Incineroar
|move|p2b: Dragonite|Scale Shot|p1a: BIG BELL
|-damage|p1a: BIG BELL|70/100
|-damage|p1a: BIG BELL|67/100
|-hitcount|p1a: BIG BELL|2
|-unboost|p2b: Dragonite|def|1
|-boost|p2b: Dragonite|spe|1
|
|-damage|p2b: Dragonite|31/100 brn|[from] brn
|upkeep
|turn|4
|inactive|joshez has 30 seconds left.
|
|t:|1756271499
|move|p2b: Dragonite|Protect|p2b: Dragonite
|-singleturn|p2b: Dragonite|Protect
|move|p1a: BIG BELL|Gyro Ball|p2b: Dragonite
|-activate|p2b: Dragonite|move: Protect
|move|p1b: THE AGENDA|U-turn|p2a: Incineroar
|-damage|p2a: Incineroar|84/100
|
|t:|1756271506
|switch|p1b: COUGHING BABY|Politoed, L50, M|100/100|[from] U-turn
|-weather|RainDance|[from] ability: Drizzle|[of] p1b: COUGHING BABY
|move|p2a: Incineroar|Parting Shot|p1b: COUGHING BABY
|-unboost|p1b: COUGHING BABY|atk|1
|-unboost|p1b: COUGHING BABY|spa|1
|
|t:|1756271513
|switch|p2a: Ursaluna|Ursaluna-Bloodmoon, L50, M|100/100|[from] Parting Shot
|
|-weather|RainDance|[upkeep]
|-damage|p2b: Dragonite|25/100 brn|[from] brn
|upkeep
|turn|5
|
|t:|1756271534
|-terastallize|p2a: Ursaluna|Water
|move|p1a: BIG BELL|Body Press|p2a: Ursaluna
|-damage|p2a: Ursaluna|66/100
|move|p2a: Ursaluna|Blood Moon|p1a: BIG BELL
|-damage|p1a: BIG BELL|13/100
|move|p1b: COUGHING BABY|Weather Ball|p2a: Ursaluna
|-resisted|p2a: Ursaluna
|-damage|p2a: Ursaluna|55/100
|move|p2b: Dragonite|Scale Shot|p1a: BIG BELL
|-damage|p1a: BIG BELL|10/100
|-damage|p1a: BIG BELL|6/100
|-damage|p1a: BIG BELL|3/100
|-hitcount|p1a: BIG BELL|3
|-unboost|p2b: Dragonite|def|1
|-boost|p2b: Dragonite|spe|1
|
|-weather|RainDance|[upkeep]
|-damage|p2b: Dragonite|19/100 brn|[from] brn
|-fieldend|move: Trick Room
|upkeep
|turn|6
|inactive|m00nless has 30 seconds left.
|inactive|joshez has 30 seconds left.
|inactive|m00nless has 20 seconds left.
|inactive|m00nless has 15 seconds left.
|
|t:|1756271578
|switch|p2b: Incineroar|Incineroar, L50, F|84/100
|-ability|p2b: Incineroar|Intimidate|boost
|-unboost|p1a: BIG BELL|atk|1
|-unboost|p1b: COUGHING BABY|atk|1
|switch|p1a: Basculegion|Basculegion, L50, M|100/100
|move|p2a: Ursaluna|Vacuum Wave|p1a: Basculegion
|-damage|p1a: Basculegion|86/100
|move|p1b: COUGHING BABY|Encore|p2a: Ursaluna
|-start|p2a: Ursaluna|Encore
|
|-weather|RainDance|[upkeep]
|upkeep
|turn|7
|inactive|m00nless has 30 seconds left.
|inactive|joshez has 30 seconds left.
|
|t:|1756271603
|switch|p1b: THE AGENDA|Incineroar, L50, F|87/100
|-ability|p1b: THE AGENDA|Intimidate|boost
|-unboost|p2a: Ursaluna|atk|1
|-unboost|p2b: Incineroar|atk|1
|switch|p2a: Dragonite|Dragonite, L50, F|19/100 brn
|move|p2b: Incineroar|Fake Out|p1a: Basculegion
|-immune|p1a: Basculegion
|move|p1a: Basculegion|Wave Crash|p2b: Incineroar
|-supereffective|p2b: Incineroar
|-damage|p2b: Incineroar|0 fnt
|faint|p2b: Incineroar
|-damage|p1a: Basculegion|59/100|[from] Recoil
|-damage|p1a: Basculegion|50/100|[from] item: Life Orb
|
|-weather|RainDance|[upkeep]
|-damage|p2a: Dragonite|13/100 brn|[from] brn
|upkeep
|
|t:|1756271620
|switch|p2b: Gholdengo|Gholdengo, L50|47/100
|turn|8
|
|t:|1756271633
|move|p1a: Basculegion|Protect|p1a: Basculegion
|-singleturn|p1a: Basculegion|Protect
|move|p2b: Gholdengo|Make It Rain|p1b: THE AGENDA|[spread] p1b
|-activate|p1a: Basculegion|move: Protect
|-resisted|p1b: THE AGENDA
|-damage|p1b: THE AGENDA|68/100
|-unboost|p2b: Gholdengo|spa|1
|move|p2a: Dragonite|Scale Shot|p1a: Basculegion
|-activate|p1a: Basculegion|move: Protect
|move|p1b: THE AGENDA|U-turn|p2a: Dragonite
|-resisted|p2a: Dragonite
|-damage|p2a: Dragonite|2/100 brn
|
|t:|1756271645
|switch|p1b: BIG BELL|Bronzong, L50, shiny, tera:Dark|3/100|[from] U-turn
|
|-weather|none
|-damage|p2a: Dragonite|0 fnt|[from] brn
|faint|p2a: Dragonite
|upkeep
|
|t:|1756271650
|switch|p2a: Ursaluna|Ursaluna-Bloodmoon, L50, M, tera:Water|55/100
|turn|9
|inactive|m00nless has 30 seconds left.
|
|t:|1756271677
|switch|p1a: COUGHING BABY|Politoed, L50, M|100/100
|-weather|RainDance|[from] ability: Drizzle|[of] p1a: COUGHING BABY
|move|p2b: Gholdengo|Shadow Ball|p1a: COUGHING BABY
|-damage|p1a: COUGHING BABY|79/100
|move|p2a: Ursaluna|Hyper Voice|p1a: COUGHING BABY|[spread] p1a,p1b
|-damage|p1a: COUGHING BABY|51/100
|-damage|p1b: BIG BELL|0 fnt
|faint|p1b: BIG BELL
|
|-weather|RainDance|[upkeep]
|-heal|p1a: COUGHING BABY|57/100|[from] item: Leftovers
|upkeep
|
|t:|1756271688
|switch|p1b: Basculegion|Basculegion, L50, M|50/100
|turn|10
|
|t:|1756271713
|move|p1b: Basculegion|Last Respects|p2a: Ursaluna
|-damage|p2a: Ursaluna|0 fnt
|faint|p2a: Ursaluna
|-damage|p1b: Basculegion|40/100|[from] item: Life Orb
|move|p2b: Gholdengo|Make It Rain|p1a: COUGHING BABY|[spread] p1a,p1b
|-resisted|p1a: COUGHING BABY
|-resisted|p1b: Basculegion
|-damage|p1a: COUGHING BABY|46/100
|-damage|p1b: Basculegion|25/100
|-unboost|p2b: Gholdengo|spa|1
|move|p1a: COUGHING BABY|Weather Ball|p2b: Gholdengo
|-damage|p2b: Gholdengo|0 fnt
|faint|p2b: Gholdengo
|
|win|m00nless
||m00nless is ready for game 2.
|inactive|joshez has 30 seconds to confirm battle start!
||joshez is ready for game 2.
|uhtml|next|Next: Game 2 of 3
|l|☆joshez
|player|p2|
