|j|☆MidoMidori
|j|☆MoltresMania
|html|MidoMidoriMoltresMania    
|uhtml|bestof|Game 3 of a best-of-3
|t:|1755720097
|gametype|doubles
|player|p1|MidoMidori|roxanne-gen6|1253
|player|p2|MoltresMania|169|1366
|gen|9
|tier|[Gen 9] VGC 2025 Reg H (Bo3)
|rated|
|rule|Species Clause: Limit one of each Pokémon
|rule|Item Clause: Limit 1 of each item
|clearpoke
|poke|p1|Annihilape, L50, M|
|poke|p1|Maushold, L50|
|poke|p1|Sinistcha, L50|
|poke|p1|Ninetales-Alola, L50, F|
|poke|p1|Garchomp, L50, F|
|poke|p1|Klefki, L50, F|
|poke|p2|Volcarona, L50, M|
|poke|p2|Golduck, L50, F|
|poke|p2|Gholdengo, L50|
|poke|p2|Rillaboom, L50, M|
|poke|p2|Smeargle, L50, F|
|poke|p2|Garchomp, L50, M|
|teampreview|4
|showteam|p1|Annihilape||Leftovers|Defiant|RageFist,DrainPunch,BulkUp,Protect|||M|||50|,,,,,Fire]Maushold||SafetyGoggles|FriendGuard|FollowMe,BeatUp,Taunt,Protect||||||50|,,,,,Ghost]Sinistcha||SitrusBerry|Hospitality|MatchaGotcha,ShadowBall,TrickRoom,RagePowder||||||50|,,,,,Fire]Ninetales-Alola||FocusSash|SnowWarning|Encore,Blizzard,FreezeDry,Protect|||F|||50|,,,,,Ice]Garchomp||ClearAmulet|RoughSkin|StompingTantrum,DragonClaw,SwordsDance,Protect|||F|||50|,,,,,Water]Klefki||LightClay|Prankster|Reflect,LightScreen,MistyTerrain,FoulPlay|||F|||50|,,,,,Ghost
|showteam|p2|Volcarona||Leftovers|FlameBody|HeatWave,TeraBlast,QuiverDance,Protect|||M|||50|,,,,,Fairy]Golduck||CovertCloak|CloudNine|HydroPump,IcyWind,Haze,GrassKnot|||F|||50|,,,,,Grass]Gholdengo||LifeOrb|GoodasGold|MakeItRain,NastyPlot,ShadowBall,Protect||||||50|,,,,,Water]Rillaboom||AssaultVest|GrassySurge|WoodHammer,FakeOut,GrassyGlide,HighHorsepower|||M|||50|,,,,,Fire]Smeargle||FocusSash|Moody|SpikyShield,WideGuard,FollowMe,Spore|||F|||50|,,,,,Steel]Garchomp||LoadedDice|RoughSkin|ScaleShot,SwordsDance,Protect,StompingTantrum|||M|||50|,,,,,Fire
|inactive|Battle timer is ON: inactive players will automatically lose when time's up. (requested by MoltresMania)
|inactive|MoltresMania has 60 seconds left.
|
|t:|1755720146
|teamsize|p1|4
|teamsize|p2|4
|start
|switch|p1a: Annihilape|Annihilape, L50, M|100/100
|switch|p1b: Maushold|Maushold, L50|100/100
|switch|p2a: Garchomp|Garchomp, L50, M|100/100
|switch|p2b: Rillaboom|Rillaboom, L50, M|100/100
|-fieldstart|move: Grassy Terrain|[from] ability: Grassy Surge|[of] p2b: Rillaboom
|turn|1
|
|t:|1755720162
|-terastallize|p1b: Maushold|Ghost
|move|p2b: Rillaboom|Fake Out|p1b: Maushold
|-immune|p1b: Maushold
|move|p1b: Maushold|Taunt|p2a: Garchomp
|-start|p2a: Garchomp|move: Taunt
|cant|p2a: Garchomp|move: Taunt|Swords Dance
|move|p1a: Annihilape|Bulk Up|p1a: Annihilape
|-boost|p1a: Annihilape|atk|1
|-boost|p1a: Annihilape|def|1
|
|upkeep
|turn|2
|inactive|MoltresMania has 30 seconds left.
|inactive|MoltresMania has 20 seconds left.
|
|t:|1755720200
|move|p1b: Maushold|Beat Up|p1a: Annihilape
|-damage|p1a: Annihilape|99/100
|-damage|p1a: Annihilape|98/100
|-damage|p1a: Annihilape|97/100
|-damage|p1a: Annihilape|95/100
|-hitcount|p1a: Annihilape|4
|move|p2a: Garchomp|Scale Shot|p1a: Annihilape
|-damage|p1a: Annihilape|88/100
|-damage|p1a: Annihilape|81/100
|-damage|p1a: Annihilape|74/100
|-damage|p1a: Annihilape|68/100
|-hitcount|p1a: Annihilape|4
|-unboost|p2a: Garchomp|def|1
|-boost|p2a: Garchomp|spe|1
|move|p2b: Rillaboom|Wood Hammer|p1b: Maushold
|-damage|p1b: Maushold|11/100
|-damage|p2b: Rillaboom|75/100|[from] Recoil
|move|p1a: Annihilape|Rage Fist|p2a: Garchomp
|-damage|p2a: Garchomp|0 fnt
|-damage|p1a: Annihilape|55/100|[from] ability: Rough Skin|[of] p2a: Garchomp
|faint|p2a: Garchomp
|
|-heal|p1b: Maushold|17/100|[from] Grassy Terrain
|-heal|p2b: Rillaboom|81/100|[from] Grassy Terrain
|-heal|p1a: Annihilape|61/100|[from] Grassy Terrain
|-heal|p1a: Annihilape|67/100|[from] item: Leftovers
|upkeep
|
|t:|1755720203
|switch|p2a: Volcarona|Volcarona, L50, M|100/100
|turn|3
|
|t:|1755720211
|switch|p1b: Sinistcha|Sinistcha, L50|100/100
|-heal|p1a: Annihilape|92/100|[from] ability: Hospitality|[of] p1b: Sinistcha
|-terastallize|p2a: Volcarona|Fairy
|move|p2b: Rillaboom|Grassy Glide|p1b: Sinistcha
|-resisted|p1b: Sinistcha
|-damage|p1b: Sinistcha|84/100
|move|p2a: Volcarona|Tera Blast|p1a: Annihilape|[anim] Tera Blast Fairy
|-supereffective|p1a: Annihilape
|-damage|p1a: Annihilape|34/100
|move|p1a: Annihilape|Rage Fist|p2a: Volcarona
|-damage|p2a: Volcarona|0 fnt
|faint|p2a: Volcarona
|
|-heal|p2b: Rillaboom|86/100|[from] Grassy Terrain
|-heal|p1a: Annihilape|40/100|[from] Grassy Terrain
|-heal|p1a: Annihilape|46/100|[from] item: Leftovers
|-heal|p1b: Sinistcha|90/100|[from] Grassy Terrain
|upkeep
|
|t:|1755720218
|switch|p2a: Smeargle|Smeargle, L50, F|100/100
|turn|4
|
|t:|1755720227
|switch|p1b: Maushold|Maushold, L50, tera:Ghost|17/100
|move|p1a: Annihilape|Protect|p1a: Annihilape
|-singleturn|p1a: Annihilape|Protect
|move|p2a: Smeargle|Follow Me|p2a: Smeargle
|-singleturn|p2a: Smeargle|move: Follow Me
|move|p2b: Rillaboom|Wood Hammer|p1a: Annihilape
|-activate|p1a: Annihilape|move: Protect
|
|-heal|p1b: Maushold|23/100|[from] Grassy Terrain
|-heal|p2b: Rillaboom|92/100|[from] Grassy Terrain
|-heal|p1a: Annihilape|52/100|[from] Grassy Terrain
|-heal|p1a: Annihilape|58/100|[from] item: Leftovers
|-ability|p2a: Smeargle|Moody|boost
|-boost|p2a: Smeargle|def|2
|-unboost|p2a: Smeargle|spa|1
|upkeep
|turn|5
|
|t:|1755720236
|move|p2b: Rillaboom|Grassy Glide|p1b: Maushold
|-damage|p1b: Maushold|0 fnt
|faint|p1b: Maushold
|move|p2a: Smeargle|Spore|p1a: Annihilape
|-status|p1a: Annihilape|slp|[from] move: Spore
|cant|p1a: Annihilape|slp
|
|-heal|p2b: Rillaboom|98/100|[from] Grassy Terrain
|-heal|p1a: Annihilape|64/100 slp|[from] Grassy Terrain
|-heal|p1a: Annihilape|70/100 slp|[from] item: Leftovers
|-fieldend|move: Grassy Terrain
|-ability|p2a: Smeargle|Moody|boost
|-boost|p2a: Smeargle|spa|2
|-unboost|p2a: Smeargle|spd|1
|upkeep
|
|t:|1755720239
|switch|p1b: Sinistcha|Sinistcha, L50|90/100
|-heal|p1a: Annihilape|95/100 slp|[from] ability: Hospitality|[of] p1b: Sinistcha
|turn|6
|
|t:|1755720247
|move|p2a: Smeargle|Wide Guard|p2a: Smeargle
|-singleturn|p2a: Smeargle|Wide Guard
|move|p2b: Rillaboom|Wood Hammer|p1a: Annihilape
|-damage|p1a: Annihilape|56/100 slp
|-damage|p2b: Rillaboom|85/100|[from] Recoil
|cant|p1a: Annihilape|slp
|move|p1b: Sinistcha|Matcha Gotcha|p2b: Rillaboom|[spread] 
|-activate|p2a: Smeargle|move: Wide Guard
|-activate|p2b: Rillaboom|move: Wide Guard
|
|-heal|p1a: Annihilape|62/100 slp|[from] item: Leftovers
|-ability|p2a: Smeargle|Moody|boost
|-boost|p2a: Smeargle|atk|2
|-unboost|p2a: Smeargle|spd|1
|upkeep
|turn|7
|
|t:|1755720252
|move|p2a: Smeargle|Wide Guard|p2a: Smeargle
|-singleturn|p2a: Smeargle|Wide Guard
|move|p2b: Rillaboom|Wood Hammer|p1a: Annihilape
|-damage|p1a: Annihilape|23/100 slp
|-damage|p2b: Rillaboom|71/100|[from] Recoil
|-curestatus|p1a: Annihilape|slp|[msg]
|move|p1a: Annihilape|Rage Fist|p2b: Rillaboom
|-damage|p2b: Rillaboom|0 fnt
|faint|p2b: Rillaboom
|move|p1b: Sinistcha|Shadow Ball|p2a: Smeargle
|-immune|p2a: Smeargle
|
|-heal|p1a: Annihilape|29/100|[from] item: Leftovers
|-ability|p2a: Smeargle|Moody|boost
|-boost|p2a: Smeargle|spd|2
|-unboost|p2a: Smeargle|spa|1
|upkeep
|turn|8
|-message|MoltresMania forfeited.
|
|win|MidoMidori
|raw|MidoMidori's rating: 1253 → 1286(+33 for winning)
|raw|MoltresMania's rating: 1366 → 1340(-26 for losing)
|l|☆MoltresMania
|player|p2|
