|j|☆LimYYY
|j|☆starsmile
|html|LimYYYstarsmile    
|uhtml|bestof|Game 2 of a best-of-3
|t:|1785593384
|gametype|doubles
|player|p1|LimYYY|101|
|player|p2|starsmile|schoolkid-gen4|
|gen|9
|tier|[Gen 9 Champions] VGC 2026 Reg M-B (Bo3)
|rule|Species Clause: Limit one of each Pokémon
|rule|Item Clause: Limit 1 of each item
|clearpoke
|poke|p1|Kangaskhan, L50, F, shiny|
|poke|p1|Toxapex, L50, M|
|poke|p1|Incineroar, L50, M|
|poke|p1|Grimmsnarl, L50, M, shiny|
|poke|p1|Pelipper, L50, M|
|poke|p1|Archaludon, L50, F|
|poke|p2|Charizard, L50, M, shiny|
|poke|p2|Maushold, L50|
|poke|p2|Garchomp, L50, F|
|poke|p2|Whimsicott, L50, M|
|poke|p2|Annihilape, L50, F|
|poke|p2|Floette-Eternal, L50, F|
|teampreview|4
|showteam|p1|Kangaskhan||Kangaskhanite|Scrappy|BodySlam,FakeOut,RockSlide,SuckerPunch|Adamant||F|||50|]Toxapex||QuickClaw|Regenerator|Infestation,WideGuard,Recover,IcyWind|Calm||M|||50|]Incineroar||PasshoBerry|Intimidate|FlareBlitz,DarkestLariat,FakeOut,PartingShot|Impish||M|||50|]Grimmsnarl||LightClay|Prankster|SpiritBreak,LightScreen,Reflect,PartingShot|Jolly||M|||50|]Pelipper||FocusSash|Drizzle|WeatherBall,Hurricane,Tailwind,WideGuard|Timid||M|||50|]Archaludon||Leftovers|Stamina|DragonPulse,ElectroShot,Protect,FlashCannon|Modest||F|||50|
|showteam|p2|Charizard||CharizarditeY|Blaze|HeatWave,WeatherBall,SolarBeam,Protect|Modest||M|||50|]Maushold||WideLens|Technician|PopulationBomb,Taunt,FollowMe,Protect|Jolly|||||50|]Garchomp||LifeOrb|RoughSkin|Earthquake,DragonClaw,RockSlide,Protect|Jolly||F|||50|]Whimsicott||SitrusBerry|Prankster|Moonblast,Tailwind,WorrySeed,SunnyDay|Bold||M|||50|]Annihilape||FocusSash|Defiant|CloseCombat,RageFist,IcePunch,Protect|Adamant||F|||50|]Floette-Eternal||Floettite|FlowerVeil|DazzlingGleam,Moonblast,LightofRuin,Protect|Modest||F|||50|
|j| Luian VGC
|j| Jason0103
|j| Hankk1995
|j| Tera Ozone
|l| Tera Ozone
|inactive|Battle timer is ON: inactive players will automatically lose when time's up. (requested by LimYYY)
|j| hanfugun
|j| xm3u4tp6
|j| Tera Ozone
|
|t:|1785593426
|teamsize|p1|4
|teamsize|p2|4
|start
|switch|p1a: Archaludon|Archaludon, L50, F|100/100
|switch|p1b: Kangaskhan|Kangaskhan, L50, F, shiny|100/100
|switch|p2a: Floette|Floette-Eternal, L50, F|100/100
|switch|p2b: 我只開8槍|Maushold, L50|100/100
|turn|1
|l| hanfugun
|inactive|LimYYY has 30 seconds left.
|
|t:|1785593460
|detailschange|p1b: Kangaskhan|Kangaskhan-Mega, L50, F, shiny
|-mega|p1b: Kangaskhan|Kangaskhan|Kangaskhanite
|move|p2b: 我只開8槍|Protect|p2b: 我只開8槍
|-singleturn|p2b: 我只開8槍|Protect
|move|p2a: Floette|Protect|p2a: Floette
|-singleturn|p2a: Floette|Protect
|move|p1a: Archaludon|Protect|p1a: Archaludon
|-singleturn|p1a: Archaludon|Protect
|move|p1b: Kangaskhan|Body Slam|p2a: Floette
|-activate|p2a: Floette|move: Protect
|
|upkeep
|turn|2
|inactive|starsmile has 30 seconds left.
|
|t:|1785593490
|switch|p1a: Incineroar|Incineroar, L50, M|100/100
|-ability|p1a: Incineroar|Intimidate|boost
|-unboost|p2a: Floette|atk|1
|-unboost|p2b: 我只開8槍|atk|1
|detailschange|p2a: Floette|Floette-Mega, L50, F
|-mega|p2a: Floette|Floette|Floettite
|-ability|p2a: Floette|Fairy Aura
|move|p2b: 我只開8槍|Follow Me|p2b: 我只開8槍
|-singleturn|p2b: 我只開8槍|move: Follow Me
|move|p2a: Floette|Dazzling Gleam|p1a: Incineroar|[spread] p1a,p1b
|-damage|p1a: Incineroar|49/100
|-damage|p1b: Kangaskhan|59/100
|move|p1b: Kangaskhan|Body Slam|p2b: 我只開8槍
|-damage|p2b: 我只開8槍|23/100
|-status|p2b: 我只開8槍|par
|-damage|p2b: 我只開8槍|5/100 par
|-hitcount|p2b: 我只開8槍|2
|
|upkeep
|turn|3
|j| hanfugun
|inactive|LimYYY has 30 seconds left.
|inactive|starsmile has 30 seconds left.
|
|t:|1785593524
|switch|p1a: Archaludon|Archaludon, L50, F|100/100
|move|p2a: Floette|Protect|p2a: Floette
|-singleturn|p2a: Floette|Protect
|move|p2b: 我只開8槍|Protect|p2b: 我只開8槍
|-singleturn|p2b: 我只開8槍|Protect
|move|p1b: Kangaskhan|Body Slam|p2a: Floette
|-activate|p2a: Floette|move: Protect
|
|upkeep
|turn|4
|l| hanfugun
|l| xm3u4tp6
|
|t:|1785593541
|move|p1a: Archaludon|Protect|p1a: Archaludon
|-singleturn|p1a: Archaludon|Protect
|move|p2b: 我只開8槍|Protect||[still]
|-fail|p2b: 我只開8槍
|move|p2a: Floette|Moonblast|p1b: Kangaskhan
|-damage|p1b: Kangaskhan|0 fnt
|faint|p1b: Kangaskhan
|
|upkeep
|
|t:|1785593549
|switch|p1b: Pelipper|Pelipper, L50, M|100/100
|-weather|RainDance|[from] ability: Drizzle|[of] p1b: Pelipper
|turn|5
|l| Tera Ozone
|j| benlulu
|j| FongSC
|inactive|LimYYY has 30 seconds left.
|inactive|starsmile has 30 seconds left.
|j| Tera Ozone
|
|t:|1785593582
|switch|p1a: Incineroar|Incineroar, L50, M|49/100
|-ability|p1a: Incineroar|Intimidate|boost
|-unboost|p2a: Floette|atk|1
|-unboost|p2b: 我只開8槍|atk|1
|move|p2b: 我只開8槍|Follow Me|p2b: 我只開8槍
|-singleturn|p2b: 我只開8槍|move: Follow Me
|move|p2a: Floette|Moonblast|p1a: Incineroar
|-damage|p1a: Incineroar|0 fnt
|faint|p1a: Incineroar
|move|p1b: Pelipper|Tailwind|p1b: Pelipper
|-sidestart|p1: LimYYY|move: Tailwind
|
|-weather|RainDance|[upkeep]
|upkeep
|
|t:|1785593590
|switch|p1a: Archaludon|Archaludon, L50, F|100/100
|turn|6
|
|t:|1785593605
|move|p2a: Floette|Protect|p2a: Floette
|-singleturn|p2a: Floette|Protect
|move|p2b: 我只開8槍|Protect|p2b: 我只開8槍
|-singleturn|p2b: 我只開8槍|Protect
|move|p1b: Pelipper|Hurricane|p2b: 我只開8槍
|-activate|p2b: 我只開8槍|move: Protect
|move|p1a: Archaludon|Electro Shot||[still]
|-prepare|p1a: Archaludon|Electro Shot
|-boost|p1a: Archaludon|spa|1
|-anim|p1a: Archaludon|Electro Shot|p2a: Floette
|-activate|p2a: Floette|move: Protect
|
|-weather|RainDance|[upkeep]
|upkeep
|turn|7
|inactive|starsmile has 30 seconds left.
|
|t:|1785593639
|move|p1b: Pelipper|Weather Ball|p2b: 我只開8槍
|-damage|p2b: 我只開8槍|0 fnt
|faint|p2b: 我只開8槍
|move|p1a: Archaludon|Flash Cannon|p2a: Floette
|-supereffective|p2a: Floette|1
|-damage|p2a: Floette|0 fnt
|faint|p2a: Floette
|
|-weather|RainDance|[upkeep]
|upkeep
|
|t:|1785593649
|switch|p2b: 大姐頭|Garchomp, L50, F|100/100
|switch|p2a: 吉祥物|Whimsicott, L50, M|100/100
|turn|8
|j| hanfugun
|
|t:|1785593671
|move|p2b: 大姐頭|Protect|p2b: 大姐頭
|-singleturn|p2b: 大姐頭|Protect
|move|p2a: 吉祥物|Worry Seed|p1a: Archaludon
|-ability|p1a: Archaludon|Insomnia|Stamina|[from] move: Worry Seed
|move|p1b: Pelipper|Weather Ball|p2a: 吉祥物
|-resisted|p2a: 吉祥物|1
|-damage|p2a: 吉祥物|71/100
|move|p1a: Archaludon|Flash Cannon|p2a: 吉祥物
|-supereffective|p2a: 吉祥物|1
|-crit|p2a: 吉祥物
|-damage|p2a: 吉祥物|0 fnt
|faint|p2a: 吉祥物
|
|-weather|RainDance|[upkeep]
|-sideend|p1: LimYYY|move: Tailwind
|upkeep
|turn|9
|l| Tera Ozone
|j| xm3u4tp6
|l| xm3u4tp6
|inactive|starsmile has 30 seconds left.
|
|t:|1785593699
|move|p1a: Archaludon|Protect|p1a: Archaludon
|-singleturn|p1a: Archaludon|Protect
|move|p2b: 大姐頭|Rock Slide|p1a: Archaludon|[spread] p1b
|-activate|p1a: Archaludon|move: Protect
|-supereffective|p1b: Pelipper|1
|-damage|p1b: Pelipper|42/100
|-damage|p2b: 大姐頭|90/100|[from] item: Life Orb
|move|p1b: Pelipper|Tailwind|p1b: Pelipper
|-sidestart|p1: LimYYY|move: Tailwind
|
|-weather|none
|upkeep
|turn|10
|j| Tera Ozone
|
|t:|1785593721
|move|p2b: 大姐頭|Protect|p2b: 大姐頭
|-singleturn|p2b: 大姐頭|Protect
|move|p1b: Pelipper|Weather Ball|p2b: 大姐頭
|-activate|p2b: 大姐頭|move: Protect
|move|p1a: Archaludon|Dragon Pulse|p2b: 大姐頭
|-activate|p2b: 大姐頭|move: Protect
|
|upkeep
|turn|11
|
|t:|1785593741
|move|p1b: Pelipper|Weather Ball|p2b: 大姐頭
|-damage|p2b: 大姐頭|77/100
|move|p1a: Archaludon|Dragon Pulse|p2b: 大姐頭
|-supereffective|p2b: 大姐頭|1
|-damage|p2b: 大姐頭|0 fnt
|faint|p2b: 大姐頭
|
|win|LimYYY
|c|☆starsmile|gg
|l| FongSC
|l| Tera Ozone
|l| hanfugun
|l| Luian VGC
|l|☆starsmile
|player|p2|
|j| hanfugun
|l|☆LimYYY
|player|p1|
|j| Luian VGC
|l| hanfugun
|j| Tera Ozone
|l| Hankk1995
|l| Luian VGC
|j| Luian VGC
|l| Luian VGC
|l| Tera Ozone
|j| Luian VGC
|j| hanfugun
|l| Luian VGC
|l| hanfugun
|j| hanfugun
|j| kuoli00021
|j|☆LimYYY
|player|p1|LimYYY|101|
