|j|☆Alysa Liu
|j|☆T-block
|html|Alysa LiuT-block    
|uhtml|bestof|Game 2 of a best-of-3
|t:|1756673544
|gametype|doubles
|player|p1|Alysa Liu|lady|1462
|player|p2|T-block|170|1426
|gen|9
|tier|[Gen 9] VGC 2025 Reg H (Bo3)
|rated|
|rule|Species Clause: Limit one of each Pokémon
|rule|Item Clause: Limit 1 of each item
|clearpoke
|poke|p1|Dachsbun, L50, F|
|poke|p1|Typhlosion-Hisui, L50, F|
|poke|p1|Kingambit, L50, M|
|poke|p1|Jumpluff, L50, M|
|poke|p1|Rillaboom, L50, M|
|poke|p1|Torkoal, L50, F|
|poke|p2|Rillaboom, L50, M|
|poke|p2|Ninetales-Alola, L50, M|
|poke|p2|Gholdengo, L50|
|poke|p2|Garchomp, L50, M|
|poke|p2|Incineroar, L50, M|
|poke|p2|Dragonite, L50, F|
|teampreview|4
|showteam|p1|Dachsbun||Leftovers|WellBakedBody|BodyPress,Snarl,HelpingHand,Protect|||F|||50|,,,,,Steel]Typhlosion-Hisui||ChoiceSpecs|Blaze|Eruption,LavaPlume,Overheat,ShadowBall|||F|||50|,,,,,Fire]Kingambit||SafetyGoggles|Defiant|Protect,KowtowCleave,SuckerPunch,SwordsDance|||M|||50|,,,,,Dark]Jumpluff||CovertCloak|Chlorophyll|SleepPowder,SunnyDay,RagePowder,Tailwind|||M|||50|,,,,,Water]Rillaboom||AssaultVest|GrassySurge|WoodHammer,GrassyGlide,FakeOut,HighHorsepower|||M|||50|,,,,,Water]Torkoal||SitrusBerry|Drought|HeatWave,LavaPlume,ClearSmog,Protect|||F|||50|,,,,,Fairy
|showteam|p2|Rillaboom||AssaultVest|GrassySurge|GrassyGlide,WoodHammer,FakeOut,HighHorsepower|||M|||50|,,,,,Fire]Ninetales-Alola||FocusSash|SnowWarning|Blizzard,IcyWind,Encore,AuroraVeil|||M|||50|,,,,,Ghost]Gholdengo||GrassySeed|GoodasGold|NastyPlot,MakeItRain,ShadowBall,Protect||||||50|,,,,,Water]Garchomp||LifeOrb|RoughSkin|StompingTantrum,RockSlide,DragonClaw,Protect|||M|||50|,,,,,Fire]Incineroar||SitrusBerry|Intimidate|FlareBlitz,KnockOff,FakeOut,PartingShot|||M|||50|,,,,,Water]Dragonite||LoadedDice|Multiscale|ScaleShot,Haze,Tailwind,Protect|||F|||50|,,,,,Fairy
|inactive|Battle timer is ON: inactive players will automatically lose when time's up. (requested by Alysa Liu)
|inactive|Alysa Liu has 60 seconds left.
|inactive|T-block has 60 seconds left.
|
|t:|1756673602
|teamsize|p1|4
|teamsize|p2|4
|start
|switch|p1a: Rillaboom|Rillaboom, L50, M|100/100
|switch|p1b: Torkoal|Torkoal, L50, F|100/100
|switch|p2a: Incineroar|Incineroar, L50, M|100/100
|switch|p2b: Gholdengo|Gholdengo, L50|100/100
|-fieldstart|move: Grassy Terrain|[from] ability: Grassy Surge|[of] p1a: Rillaboom
|-enditem|p2b: Gholdengo|Grassy Seed
|-boost|p2b: Gholdengo|def|1|[from] item: Grassy Seed
|-ability|p2a: Incineroar|Intimidate|boost
|-unboost|p1a: Rillaboom|atk|1
|-unboost|p1b: Torkoal|atk|1
|-weather|SunnyDay|[from] ability: Drought|[of] p1b: Torkoal
|turn|1
|inactive|T-block has 30 seconds left.
|inactive|T-block has 20 seconds left.
|inactive|T-block has 15 seconds left.
|inactive|T-block has 10 seconds left.
|inactive|T-block has 5 seconds left.
|
|t:|1756673652
|-terastallize|p2b: Gholdengo|Water
|move|p2b: Gholdengo|Nasty Plot|p2b: Gholdengo
|-boost|p2b: Gholdengo|spa|2
|move|p1a: Rillaboom|Wood Hammer|p2b: Gholdengo
|-supereffective|p2b: Gholdengo
|-crit|p2b: Gholdengo
|-damage|p2b: Gholdengo|0 fnt
|faint|p2b: Gholdengo
|-damage|p1a: Rillaboom|69/100|[from] Recoil
|move|p2a: Incineroar|Parting Shot|p1a: Rillaboom
|-unboost|p1a: Rillaboom|atk|1
|-unboost|p1a: Rillaboom|spa|1
|
|t:|1756673664
|switch|p2a: Garchomp|Garchomp, L50, M|100/100|[from] Parting Shot
|move|p1b: Torkoal|Heat Wave|p2a: Garchomp
|-resisted|p2a: Garchomp
|-damage|p2a: Garchomp|76/100
|
|-weather|SunnyDay|[upkeep]
|-heal|p2a: Garchomp|82/100|[from] Grassy Terrain
|-heal|p1a: Rillaboom|75/100|[from] Grassy Terrain
|upkeep
|
|t:|1756673666
|switch|p2b: Incineroar|Incineroar, L50, M|100/100
|-ability|p2b: Incineroar|Intimidate|boost
|-unboost|p1a: Rillaboom|atk|1
|-unboost|p1b: Torkoal|atk|1
|turn|2
|inactive|T-block has 30 seconds left.
|
|t:|1756673697
|move|p1b: Torkoal|Protect|p1b: Torkoal
|-singleturn|p1b: Torkoal|Protect
|move|p2a: Garchomp|Stomping Tantrum|p1a: Rillaboom
|-resisted|p1a: Rillaboom
|-damage|p1a: Rillaboom|52/100
|-damage|p2a: Garchomp|72/100|[from] item: Life Orb
|move|p1a: Rillaboom|Wood Hammer|p2a: Garchomp
|-damage|p2a: Garchomp|41/100
|-damage|p1a: Rillaboom|40/100|[from] ability: Rough Skin|[of] p2a: Garchomp
|-damage|p1a: Rillaboom|30/100|[from] Recoil
|move|p2b: Incineroar|Knock Off|p1a: Rillaboom
|-damage|p1a: Rillaboom|0 fnt
|-enditem|p1a: Rillaboom|Assault Vest|[from] move: Knock Off|[of] p2b: Incineroar
|faint|p1a: Rillaboom
|
|-weather|SunnyDay|[upkeep]
|-heal|p2a: Garchomp|47/100|[from] Grassy Terrain
|upkeep
|
|t:|1756673707
|switch|p1a: Dachsbun|Dachsbun, L50, F|100/100
|turn|3
|inactive|T-block has 30 seconds left.
|
|t:|1756673734
|-terastallize|p1b: Torkoal|Fairy
|move|p2a: Garchomp|Rock Slide|p1a: Dachsbun|[spread] p1a,p1b
|-damage|p1a: Dachsbun|81/100
|-damage|p1b: Torkoal|83/100
|-damage|p2a: Garchomp|37/100|[from] item: Life Orb
|move|p1a: Dachsbun|Body Press|p2b: Incineroar
|-supereffective|p2b: Incineroar
|-damage|p2b: Incineroar|45/100
|-enditem|p2b: Incineroar|Sitrus Berry|[eat]
|-heal|p2b: Incineroar|70/100|[from] item: Sitrus Berry
|move|p2b: Incineroar|Knock Off|p1b: Torkoal
|-resisted|p1b: Torkoal
|-damage|p1b: Torkoal|68/100
|-enditem|p1b: Torkoal|Sitrus Berry|[from] move: Knock Off|[of] p2b: Incineroar
|move|p1b: Torkoal|Lava Plume|p2b: Incineroar|[spread] p2a,p2b
|-ability|p1a: Dachsbun|Well-Baked Body|boost
|-boost|p1a: Dachsbun|def|2
|-resisted|p2a: Garchomp
|-resisted|p2b: Incineroar
|-damage|p2a: Garchomp|21/100
|-damage|p2b: Incineroar|56/100
|
|-weather|SunnyDay|[upkeep]
|-heal|p2a: Garchomp|27/100|[from] Grassy Terrain
|-heal|p1a: Dachsbun|87/100|[from] Grassy Terrain
|-heal|p1a: Dachsbun|93/100|[from] item: Leftovers
|-heal|p2b: Incineroar|62/100|[from] Grassy Terrain
|-heal|p1b: Torkoal|74/100|[from] Grassy Terrain
|upkeep
|turn|4
|
|t:|1756673754
|move|p2a: Garchomp|Rock Slide|p1b: Torkoal|[spread] p1a,p1b
|-crit|p1b: Torkoal
|-damage|p1a: Dachsbun|83/100
|-damage|p1b: Torkoal|47/100
|-damage|p2a: Garchomp|17/100|[from] item: Life Orb
|cant|p1a: Dachsbun|flinch
|move|p2b: Incineroar|Knock Off|p1a: Dachsbun
|-resisted|p1a: Dachsbun
|-damage|p1a: Dachsbun|75/100
|-enditem|p1a: Dachsbun|Leftovers|[from] move: Knock Off|[of] p2b: Incineroar
|move|p1b: Torkoal|Lava Plume|p2a: Garchomp|[spread] p2a,p2b
|-ability|p1a: Dachsbun|Well-Baked Body|boost
|-boost|p1a: Dachsbun|def|2
|-resisted|p2a: Garchomp
|-resisted|p2b: Incineroar
|-damage|p2a: Garchomp|1/100
|-damage|p2b: Incineroar|49/100
|-status|p2a: Garchomp|brn
|
|-weather|SunnyDay|[upkeep]
|-heal|p2a: Garchomp|7/100 brn|[from] Grassy Terrain
|-heal|p1a: Dachsbun|81/100|[from] Grassy Terrain
|-heal|p2b: Incineroar|55/100|[from] Grassy Terrain
|-heal|p1b: Torkoal|53/100|[from] Grassy Terrain
|-damage|p2a: Garchomp|1/100 brn|[from] brn
|upkeep
|turn|5
|
|t:|1756673775
|move|p2a: Garchomp|Stomping Tantrum|p1b: Torkoal
|-damage|p1b: Torkoal|36/100
|-damage|p2a: Garchomp|0 fnt|[from] item: Life Orb
|faint|p2a: Garchomp
|move|p1a: Dachsbun|Body Press|p2b: Incineroar
|-supereffective|p2b: Incineroar
|-damage|p2b: Incineroar|0 fnt
|faint|p2b: Incineroar
|move|p1b: Torkoal|Lava Plume|p1a: Dachsbun
|-ability|p1a: Dachsbun|Well-Baked Body|boost
|-boost|p1a: Dachsbun|def|2
|
|-weather|none
|-heal|p1a: Dachsbun|87/100|[from] Grassy Terrain
|-heal|p1b: Torkoal|43/100|[from] Grassy Terrain
|-fieldend|move: Grassy Terrain
|upkeep
|
|t:|1756673780
|switch|p2b: Rillaboom|Rillaboom, L50, M|100/100
|-fieldstart|move: Grassy Terrain|[from] ability: Grassy Surge|[of] p2b: Rillaboom
|turn|6
|
|t:|1756673789
|move|p1a: Dachsbun|Protect|p1a: Dachsbun
|-singleturn|p1a: Dachsbun|Protect
|move|p1b: Torkoal|Protect|p1b: Torkoal
|-singleturn|p1b: Torkoal|Protect
|move|p2b: Rillaboom|Wood Hammer|p1a: Dachsbun
|-activate|p1a: Dachsbun|move: Protect
|
|-heal|p1a: Dachsbun|93/100|[from] Grassy Terrain
|-heal|p1b: Torkoal|49/100|[from] Grassy Terrain
|upkeep
|turn|7
|
|t:|1756673795
|move|p1a: Dachsbun|Body Press|p2b: Rillaboom
|-damage|p2b: Rillaboom|4/100
|move|p2b: Rillaboom|Wood Hammer|p1a: Dachsbun
|-damage|p1a: Dachsbun|77/100
|-damage|p2b: Rillaboom|0 fnt|[from] Recoil
|faint|p2b: Rillaboom
|
|win|Alysa Liu
|raw|Alysa Liu's rating: 1462 → 1480(+18 for winning)
|raw|T-block's rating: 1426 → 1408(-18 for losing)
