|j|☆testdigi
|j|☆Servalve
|html|testdigiServalve    
|uhtml|bestof|Game 2 of a best-of-3
|t:|1784907459
|gametype|doubles
|player|p1|testdigi|101|1084
|player|p2|Servalve|102|1102
|gen|9
|tier|[Gen 9 Champions] VGC 2026 Reg M-B (Bo3)
|rated|
|rule|Species Clause: Limit one of each Pokémon
|rule|Item Clause: Limit 1 of each item
|clearpoke
|poke|p1|Raichu, L50, M|
|poke|p1|Sinistcha, L50|
|poke|p1|Corviknight, L50, M|
|poke|p1|Sylveon, L50, M|
|poke|p1|Garchomp, L50, F|
|poke|p1|Tyranitar, L50, F|
|poke|p2|Scrafty, L50, M|
|poke|p2|Morpeko, L50, M|
|poke|p2|Armarouge, L50, M|
|poke|p2|Sinistcha, L50|
|poke|p2|Empoleon, L50, F|
|poke|p2|Whimsicott, L50, F|
|teampreview|4
|showteam|p1|Raichu||RaichuniteY|LightningRod|ZapCannon,FocusBlast,FakeOut,Protect|Timid||M|||50|]Sinistcha||KasibBerry|Hospitality|MatchaGotcha,ShadowBall,RagePowder,Protect|Modest|||||50|]Corviknight||OccaBerry|MirrorArmor|IronHead,BraveBird,Tailwind,Protect|Adamant||M|||50|]Sylveon||FairyFeather|Pixilate|HyperVoice,QuickAttack,Yawn,Detect|Modest||M|||50|]Garchomp||SitrusBerry|RoughSkin|DragonClaw,StompingTantrum,RockSlide,Protect|Adamant||F|||50|]Tyranitar||FocusSash|SandStream|RockSlide,KnockOff,Superpower,Protect|Adamant||F|||50|
|showteam|p2|Scrafty||Scraftinite|Intimidate|FakeOut,KnockOff,DrainPunch,CloseCombat|Adamant||M|||50|]Morpeko||FocusSash|HungerSwitch|AuraWheel,Protect,FakeOut,Taunt|Jolly||M|||50|]Armarouge||Leftovers|FlashFire|ArmorCannon,Psychic,TrickRoom,WideGuard|Quiet||M|||50|]Sinistcha||KasibBerry|Hospitality|MatchaGotcha,RagePowder,TrickRoom,Protect|Modest|||||50|]Empoleon||SitrusBerry|Competitive|Protect,FlashCannon,IceBeam,HydroPump|Modest||F|||50|]Whimsicott||WhiteHerb|Prankster|Tailwind,Moonblast,Encore,Protect|Calm||F|||50|
|inactive|Battle timer is ON: inactive players will automatically lose when time's up. (requested by Servalve)
|inactive|testdigi has 60 seconds left.
|
|t:|1784907516
|teamsize|p1|4
|teamsize|p2|4
|start
|switch|p1a: Corviknight|Corviknight, L50, M|100/100
|switch|p1b: Raichu|Raichu, L50, M|100/100
|switch|p2a: Armarouge|Armarouge, L50, M|100/100
|switch|p2b: Scrafty|Scrafty, L50, M|100/100
|-ability|p2b: Scrafty|Intimidate|boost
|-ability|p1a: Corviknight|Mirror Armor
|-unboost|p2b: Scrafty|atk|1
|-unboost|p1b: Raichu|atk|1
|turn|1
|inactive|testdigi has 30 seconds left.
|
|t:|1784907544
|detailschange|p1b: Raichu|Raichu-Mega-Y, L50, M
|-mega|p1b: Raichu|Raichu|Raichunite Y
|move|p2b: Scrafty|Fake Out|p1a: Corviknight
|-resisted|p1a: Corviknight|1
|-damage|p1a: Corviknight|96/100
|move|p1b: Raichu|Zap Cannon|p2a: Armarouge
|-damage|p2a: Armarouge|31/100
|-status|p2a: Armarouge|par
|cant|p1a: Corviknight|flinch
|move|p2a: Armarouge|Trick Room|p2a: Armarouge
|-fieldstart|move: Trick Room|[of] p2a: Armarouge
|
|-heal|p2a: Armarouge|37/100 par|[from] item: Leftovers
|upkeep
|turn|2
|
|t:|1784907568
|switch|p2b: Sinistcha|Sinistcha, L50|100/100
|-heal|p2a: Armarouge|62/100 par|[from] ability: Hospitality|[of] p2b: Sinistcha
|move|p1a: Corviknight|Protect|p1a: Corviknight
|-singleturn|p1a: Corviknight|Protect
|move|p1b: Raichu|Protect|p1b: Raichu
|-singleturn|p1b: Raichu|Protect
|move|p2a: Armarouge|Armor Cannon|p1b: Raichu
|-activate|p1b: Raichu|move: Protect
|
|-heal|p2a: Armarouge|68/100 par|[from] item: Leftovers
|upkeep
|turn|3
|
|t:|1784907590
|move|p2a: Armarouge|Armor Cannon|p1a: Corviknight
|-supereffective|p1a: Corviknight|1
|-enditem|p1a: Corviknight|Occa Berry|[eat]
|-enditem|p1a: Corviknight|Occa Berry|[weaken]
|-damage|p1a: Corviknight|30/100
|-unboost|p2a: Armarouge|def|1
|-unboost|p2a: Armarouge|spd|1
|move|p1a: Corviknight|Brave Bird|p2b: Sinistcha
|-supereffective|p2b: Sinistcha|1
|-damage|p2b: Sinistcha|0 fnt
|faint|p2b: Sinistcha
|-damage|p1a: Corviknight|5/100|[from] Recoil
|move|p1b: Raichu|Zap Cannon|p2a: Armarouge
|-damage|p2a: Armarouge|0 fnt
|faint|p2a: Armarouge
|
|upkeep
|
|t:|1784907603
|switch|p2a: Morpeko|Morpeko, L50, M|100/100
|switch|p2b: Scrafty|Scrafty, L50, M|100/100
|-ability|p2b: Scrafty|Intimidate|boost
|-ability|p1a: Corviknight|Mirror Armor
|-unboost|p2b: Scrafty|atk|1
|-unboost|p1b: Raichu|atk|1
|turn|4
|inactive|testdigi has 30 seconds left.
|
|t:|1784907631
|move|p1a: Corviknight|Protect|p1a: Corviknight
|-singleturn|p1a: Corviknight|Protect
|move|p1b: Raichu|Protect|p1b: Raichu
|-singleturn|p1b: Raichu|Protect
|move|p2b: Scrafty|Fake Out|p1a: Corviknight
|-activate|p1a: Corviknight|move: Protect
|move|p2a: Morpeko|Fake Out|p1b: Raichu
|-activate|p1b: Raichu|move: Protect
|
|-formechange|p2a: Morpeko|Morpeko-Hangry|
|upkeep
|turn|5
|inactive|testdigi has 30 seconds left.
|
|t:|1784907657
|switch|p1a: Garchomp|Garchomp, L50, F|100/100
|switch|p1b: Tyranitar|Tyranitar, L50, F|100/100
|-weather|Sandstorm|[from] ability: Sand Stream|[of] p1b: Tyranitar
|move|p2b: Scrafty|Drain Punch|p1a: Garchomp
|-damage|p1a: Garchomp|78/100
|-damage|p2b: Scrafty|87/100|[from] ability: Rough Skin|[of] p1a: Garchomp
|move|p2a: Morpeko|Aura Wheel|p1b: Tyranitar
|-resisted|p1b: Tyranitar|1
|-damage|p1b: Tyranitar|78/100
|-boost|p2a: Morpeko|spe|1
|
|-weather|Sandstorm|[upkeep]
|-damage|p2b: Scrafty|82/100|[from] Sandstorm
|-damage|p2a: Morpeko|93/100|[from] Sandstorm
|-fieldend|move: Trick Room
|-formechange|p2a: Morpeko|Morpeko|
|upkeep
|turn|6
|inactive|Servalve has 30 seconds left.
|
|t:|1784907683
|detailschange|p2b: Scrafty|Scrafty-Mega, L50, M
|-mega|p2b: Scrafty|Scrafty|Scraftinite
|-ability|p2b: Scrafty|Intimidate|boost
|-unboost|p1a: Garchomp|atk|1
|-unboost|p1b: Tyranitar|atk|1
|move|p2a: Morpeko|Aura Wheel|p1b: Tyranitar
|-damage|p1b: Tyranitar|37/100
|-boost|p2a: Morpeko|spe|1
|move|p1a: Garchomp|Stomping Tantrum|p2a: Morpeko
|-supereffective|p2a: Morpeko|1
|-damage|p2a: Morpeko|0 fnt
|faint|p2a: Morpeko
|move|p1b: Tyranitar|Superpower|p2b: Scrafty
|-supereffective|p2b: Scrafty|1
|-crit|p2b: Scrafty
|-damage|p2b: Scrafty|0 fnt
|-unboost|p1b: Tyranitar|atk|1
|-unboost|p1b: Tyranitar|def|1
|faint|p2b: Scrafty
|
|win|testdigi
