|j|☆Advertisementish
|j|☆javi fuego
|html|Advertisementishjavi fuego    
|uhtml|bestof|Game 1 of a best-of-3
|t:|1785744670
|gametype|doubles
|player|p1|Advertisementish|ghetsis|1314
|player|p2|javi fuego|266|1338
|gen|9
|tier|[Gen 9 Champions] VGC 2026 Reg M-B (Bo3)
|rated|
|rule|Species Clause: Limit one of each Pokémon
|rule|Item Clause: Limit 1 of each item
|clearpoke
|poke|p1|Floette-Eternal, L50, F|
|poke|p1|Sneasler, L50, F|
|poke|p1|Incineroar, L50, M|
|poke|p1|Talonflame, L50, M|
|poke|p1|Garchomp, L50, F|
|poke|p1|Gyarados, L50, F|
|poke|p2|Charizard, L50, F|
|poke|p2|Venusaur, L50, M|
|poke|p2|Archaludon, L50, F|
|poke|p2|Grimmsnarl, L50, M|
|poke|p2|Pelipper, L50, F|
|poke|p2|Basculegion, L50, M|
|teampreview|4
|showteam|p1|Floette-Eternal||Floettite|FlowerVeil|DazzlingGleam,DrainingKiss,CalmMind,Protect|Modest||F|||50|]Sneasler||FocusSash|PoisonTouch|FakeOut,CloseCombat,Coaching,PoisonJab|Jolly||F|||50|]Incineroar||SitrusBerry|Intimidate|FakeOut,FlareBlitz,PartingShot,HelpingHand|Careful||M|||50|]Talonflame||SharpBeak|GaleWings|DualWingbeat,Tailwind,Protect,WillOWisp|Jolly||M|||50|]Garchomp||RoseliBerry|RoughSkin|StompingTantrum,RockSlide,DragonClaw,PoisonJab|Jolly||F|||50|]Gyarados||Gyaradosite|Intimidate|Waterfall,LashOut,Protect,DragonDance|Adamant||F|||50|
|showteam|p2|Charizard||CharizarditeY|Blaze|WeatherBall,Protect,HeatWave,SolarBeam|Modest||F|||50|]Venusaur||FocusSash|Chlorophyll|SleepPowder,Protect,SludgeBomb,EarthPower|Modest||M|||50|]Archaludon||Leftovers|Stamina|ElectroShot,Protect,DragonPulse,FlashCannon|Modest||F|||50|]Grimmsnarl||LightClay|Prankster|PartingShot,SpiritBreak,LightScreen,Reflect|Sassy||M|||50|]Pelipper||SitrusBerry|Drizzle|Tailwind,WeatherBall,Hurricane,WideGuard|Modest||F|||50|]Basculegion||ChoiceScarf|Adaptability|LastRespects,WaveCrash,AquaJet,FlipTurn|Jolly||M|||50|
|inactive|Battle timer is ON: inactive players will automatically lose when time's up. (requested by Advertisementish)
|inactive|javi fuego has 60 seconds left.
|inactive|Advertisementish has 60 seconds left.
|
|t:|1785744726
|teamsize|p1|4
|teamsize|p2|4
|start
|switch|p1a: Floette|Floette-Eternal, L50, F|100/100
|switch|p1b: Incineroar|Incineroar, L50, M|100/100
|switch|p2a: Basculegion|Basculegion, L50, M|100/100
|switch|p2b: Archaludon|Archaludon, L50, F|100/100
|-ability|p1b: Incineroar|Intimidate|boost
|-unboost|p2a: Basculegion|atk|1
|-unboost|p2b: Archaludon|atk|1
|turn|1
|inactive|javi fuego has 30 seconds left.
|inactive|javi fuego has 20 seconds left.
|
|t:|1785744765
|switch|p2b: Charizard|Charizard, L50, F|100/100
|move|p1a: Floette|Protect|p1a: Floette
|-singleturn|p1a: Floette|Protect
|move|p2a: Basculegion|Wave Crash|p1a: Floette
|-activate|p1a: Floette|move: Protect
|move|p1b: Incineroar|Parting Shot|p2b: Charizard
|-unboost|p2b: Charizard|atk|1
|-unboost|p2b: Charizard|spa|1
|
|t:|1785744774
|switch|p1b: Talonflame|Talonflame, L50, M|100/100|[from] Parting Shot
|
|upkeep
|turn|2
|inactive|javi fuego has 30 seconds left.
|
|t:|1785744799
|switch|p2a: Pelipper|Pelipper, L50, F|100/100
|-weather|RainDance|[from] ability: Drizzle|[of] p2a: Pelipper
|switch|p1b: Incineroar|Incineroar, L50, M|100/100
|-ability|p1b: Incineroar|Intimidate|boost
|-unboost|p2a: Pelipper|atk|1
|-unboost|p2b: Charizard|atk|1
|detailschange|p1a: Floette|Floette-Mega, L50, F
|-mega|p1a: Floette|Floette|Floettite
|-ability|p1a: Floette|Fairy Aura
|move|p1a: Floette|Calm Mind|p1a: Floette
|-boost|p1a: Floette|spa|1
|-boost|p1a: Floette|spd|1
|move|p2b: Charizard|Weather Ball|p1b: Incineroar
|-supereffective|p1b: Incineroar|1
|-damage|p1b: Incineroar|55/100
|
|-weather|RainDance|[upkeep]
|upkeep
|turn|3
|inactive|javi fuego has 30 seconds left.
|inactive|javi fuego has 20 seconds left.
|inactive|javi fuego has 15 seconds left.
|inactive|javi fuego has 10 seconds left.
|inactive|javi fuego has 5 seconds left.
|
|t:|1785744851
|move|p2b: Charizard|Protect|p2b: Charizard
|-singleturn|p2b: Charizard|Protect
|move|p1b: Incineroar|Fake Out|p2a: Pelipper
|-damage|p2a: Pelipper|89/100
|move|p1a: Floette|Calm Mind|p1a: Floette
|-boost|p1a: Floette|spa|1
|-boost|p1a: Floette|spd|1
|cant|p2a: Pelipper|flinch
|
|-weather|RainDance|[upkeep]
|upkeep
|turn|4
|
|t:|1785744866
|move|p1a: Floette|Draining Kiss|p2a: Pelipper
|-damage|p2a: Pelipper|10/100
|-enditem|p2a: Pelipper|Sitrus Berry|[eat]
|-heal|p2a: Pelipper|35/100|[from] item: Sitrus Berry
|move|p2b: Charizard|Weather Ball|p1b: Incineroar
|-supereffective|p1b: Incineroar|1
|-damage|p1b: Incineroar|9/100
|-enditem|p1b: Incineroar|Sitrus Berry|[eat]
|-heal|p1b: Incineroar|34/100|[from] item: Sitrus Berry
|move|p2a: Pelipper|Weather Ball|p1b: Incineroar
|-supereffective|p1b: Incineroar|1
|-damage|p1b: Incineroar|0 fnt
|faint|p1b: Incineroar
|
|-weather|RainDance|[upkeep]
|upkeep
|
|t:|1785744874
|switch|p1b: Talonflame|Talonflame, L50, M|100/100
|turn|5
|
|t:|1785744891
|switch|p2b: Basculegion|Basculegion, L50, M|100/100
|move|p1b: Talonflame|Tailwind|p1b: Talonflame
|-sidestart|p1: Advertisementish|move: Tailwind
|move|p1a: Floette|Calm Mind|p1a: Floette
|-boost|p1a: Floette|spa|1
|-boost|p1a: Floette|spd|1
|move|p2a: Pelipper|Tailwind|p2a: Pelipper
|-sidestart|p2: javi fuego|move: Tailwind
|
|-weather|RainDance|[upkeep]
|upkeep
|turn|6
|
|t:|1785744915
|switch|p2a: Charizard|Charizard, L50, F|100/100
|move|p1a: Floette|Protect|p1a: Floette
|-singleturn|p1a: Floette|Protect
|move|p2b: Basculegion|Flip Turn|p1b: Talonflame
|-supereffective|p1b: Talonflame|1
|-damage|p1b: Talonflame|0 fnt
|faint|p1b: Talonflame
|
|t:|1785744924
|switch|p2b: Archaludon|Archaludon, L50, F|100/100|[from] Flip Turn
|
|-weather|none
|upkeep
|
|t:|1785744927
|switch|p1b: Sneasler|Sneasler, L50, F|100/100
|turn|7
|
|t:|1785744947
|detailschange|p2a: Charizard|Charizard-Mega-Y, L50, F
|-mega|p2a: Charizard|Charizard|Charizardite Y
|-weather|SunnyDay|[from] ability: Drought|[of] p2a: Charizard
|move|p1b: Sneasler|Coaching|p1a: Floette
|-boost|p1a: Floette|atk|1
|-boost|p1a: Floette|def|1
|move|p1a: Floette|Dazzling Gleam|p2a: Charizard|[spread] p2a,p2b
|-resisted|p2a: Charizard|1
|-damage|p2a: Charizard|46/100
|-damage|p2b: Archaludon|0 fnt
|faint|p2b: Archaludon
|move|p2a: Charizard|Weather Ball|p1b: Sneasler
|-enditem|p1b: Sneasler|Focus Sash
|-damage|p1b: Sneasler|1/100
|
|-weather|SunnyDay|[upkeep]
|upkeep
|
|t:|1785744965
|switch|p2b: Pelipper|Pelipper, L50, F|35/100
|-weather|RainDance|[from] ability: Drizzle|[of] p2b: Pelipper
|turn|8
|inactive|Advertisementish has 30 seconds left.
|
|t:|1785744990
|move|p2b: Pelipper|Wide Guard|p2b: Pelipper
|-singleturn|p2b: Pelipper|Wide Guard
|move|p1b: Sneasler|Coaching|p1a: Floette
|-boost|p1a: Floette|atk|1
|-boost|p1a: Floette|def|1
|move|p1a: Floette|Draining Kiss|p2a: Charizard
|-resisted|p2a: Charizard|1
|-damage|p2a: Charizard|3/100
|move|p2a: Charizard|Heat Wave|p1a: Floette|[spread] p1a,p1b
|-damage|p1a: Floette|92/100
|-damage|p1b: Sneasler|0 fnt
|faint|p1b: Sneasler
|
|-weather|RainDance|[upkeep]
|-sideend|p1: Advertisementish|move: Tailwind
|-sideend|p2: javi fuego|move: Tailwind
|upkeep
|turn|9
|
|t:|1785745007
|move|p1a: Floette|Draining Kiss|p2b: Pelipper
|-damage|p2b: Pelipper|0 fnt
|-heal|p1a: Floette|100/100|[from] drain|[of] p2b: Pelipper
|faint|p2b: Pelipper
|move|p2a: Charizard|Weather Ball|p1a: Floette
|-damage|p1a: Floette|79/100
|
|-weather|RainDance|[upkeep]
|upkeep
|
|t:|1785745009
|switch|p2b: Basculegion|Basculegion, L50, M|100/100
|turn|10
|
|t:|1785745020
|move|p2b: Basculegion|Wave Crash|p1a: Floette
|-damage|p1a: Floette|22/100
|-damage|p2b: Basculegion|84/100|[from] Recoil
|move|p1a: Floette|Dazzling Gleam|p2b: Basculegion|[spread] p2a,p2b
|-resisted|p2a: Charizard|1
|-damage|p2a: Charizard|0 fnt
|-damage|p2b: Basculegion|0 fnt
|faint|p2a: Charizard
|faint|p2b: Basculegion
|
|win|Advertisementish
||javi fuego is ready for game 2.
|inactive|Advertisementish has 30 seconds to confirm battle start!
||Advertisementish is ready for game 2.
|uhtml|next|Next: Game 2 of 3
