|j|☆princerock54
|j|☆turdshark
|html|princerock54turdshark    
|uhtml|bestof|Game 2 of a best-of-3
|t:|1785376647
|gametype|doubles
|player|p1|princerock54|266|
|player|p2|turdshark|169|
|gen|9
|tier|[Gen 9 Champions] VGC 2026 Reg M-B (Bo3)
|rule|Species Clause: Limit one of each Pokémon
|rule|Item Clause: Limit 1 of each item
|clearpoke
|poke|p1|Zoroark-Hisui, L50, M|
|poke|p1|Corviknight, L50, M, shiny|
|poke|p1|Lycanroc-Dusk, L50, F, shiny|
|poke|p1|Farigiraf, L50, F, shiny|
|poke|p1|Delphox, L50, F, shiny|
|poke|p1|Ninetales-Alola, L50, M, shiny|
|poke|p2|Charizard, L50, M|
|poke|p2|Venusaur, L50, M|
|poke|p2|Mawile, L50, F|
|poke|p2|Empoleon, L50, F|
|poke|p2|Aerodactyl, L50, M|
|poke|p2|Garchomp, L50, M|
|teampreview|4
|showteam|p1|Zoroark-Hisui||FocusSash|Illusion|Snarl,BitterMalice,Psychic,Uturn|Timid||M|||50|]Corviknight||OccaBerry|MirrorArmor|BodyPress,IronHead,BraveBird,Roost|Impish||M|||50|]Lycanroc-Dusk||ExpertBelt|ToughClaws|Accelerock,RockSlide,Protect,PsychicFangs|Adamant||F|||50|]Farigiraf||Leftovers|ArmorTail|TrickRoom,HyperVoice,Psychic,FoulPlay|Bold||F|||50|]Delphox||Delphoxite|Blaze|CalmMind,HeatWave,Psyshock,Protect|Timid||F|||50|]Ninetales-Alola||LightClay|SnowWarning|Blizzard,Encore,Protect,AuroraVeil|Timid||M|||50|
|showteam|p2|Charizard||CharizarditeY|Blaze|HeatWave,SolarBeam,Overheat,Protect|Timid||M|||50|]Venusaur||WideLens|Chlorophyll|SludgeBomb,GigaDrain,SleepPowder,Protect|Modest||M|||50|]Mawile||LifeOrb|Intimidate|PlayRough,SuckerPunch,IronHead,Protect|Adamant||F|||50|]Empoleon||Leftovers|Competitive|FlashCannon,Surf,IceBeam,Protect|Calm||F|||50|]Aerodactyl||FocusSash|Unnerve|Tailwind,WideGuard,RockSlide,Taunt|Jolly||M|||50|]Garchomp||SitrusBerry|RoughSkin|Earthquake,RockSlide,DragonClaw,Protect|Jolly||M|||50|
|
|t:|1785376686
|teamsize|p1|4
|teamsize|p2|4
|start
|switch|p1a: Delphox|Delphox, L50, F, shiny|100/100
|switch|p1b: Lycanroc|Lycanroc-Dusk, L50, F, shiny|100/100
|switch|p2a: Charizard|Charizard, L50, M|100/100
|switch|p2b: Garchomp|Garchomp, L50, M|100/100
|turn|1
|
|t:|1785376731
|detailschange|p2a: Charizard|Charizard-Mega-Y, L50, M
|-mega|p2a: Charizard|Charizard|Charizardite Y
|-weather|SunnyDay|[from] ability: Drought|[of] p2a: Charizard
|move|p2a: Charizard|Protect|p2a: Charizard
|-singleturn|p2a: Charizard|Protect
|move|p1b: Lycanroc|Protect|p1b: Lycanroc
|-singleturn|p1b: Lycanroc|Protect
|move|p1a: Delphox|Bitter Malice|p2b: Garchomp
|-damage|p2b: Garchomp|57/100
|-unboost|p2b: Garchomp|atk|1
|move|p2b: Garchomp|Earthquake|p1a: Delphox|[spread] p1a
|-activate|p2a: Charizard|move: Protect
|-activate|p1b: Lycanroc|move: Protect
|-damage|p1a: Delphox|50/100y
|replace|p1a: Zoroark|Zoroark-Hisui, L50, M
|-end|p1a: Zoroark|Illusion
|
|-weather|SunnyDay|[upkeep]
|upkeep
|turn|2
|
|t:|1785376789
|switch|p2a: Empoleon|Empoleon, L50, F|100/100
|move|p1a: Zoroark|Bitter Malice|p2b: Garchomp
|-damage|p2b: Garchomp|18/100
|-unboost|p2b: Garchomp|atk|1
|-enditem|p2b: Garchomp|Sitrus Berry|[eat]
|-heal|p2b: Garchomp|43/100|[from] item: Sitrus Berry
|move|p2b: Garchomp|Earthquake|p1b: Lycanroc|[spread] p2a,p1a,p1b
|-supereffective|p2a: Empoleon|1
|-supereffective|p1b: Lycanroc|1
|-damage|p2a: Empoleon|62/100
|-damage|p1a: Zoroark|8/100
|-damage|p1b: Lycanroc|35/100
|move|p1b: Lycanroc|Rock Slide|p2a: Empoleon|[spread] p2a,p2b
|-resisted|p2a: Empoleon|1
|-resisted|p2b: Garchomp|1
|-damage|p2a: Empoleon|46/100
|-damage|p2b: Garchomp|28/100
|
|-weather|SunnyDay|[upkeep]
|-heal|p2a: Empoleon|52/100|[from] item: Leftovers
|upkeep
|turn|3
|
|t:|1785376895
|move|p1b: Lycanroc|Protect|p1b: Lycanroc
|-singleturn|p1b: Lycanroc|Protect
|move|p1a: Zoroark|Bitter Malice|p2b: Garchomp
|-damage|p2b: Garchomp|0 fnt
|faint|p2b: Garchomp
|move|p2a: Empoleon|Ice Beam|p1a: Zoroark
|-damage|p1a: Zoroark|0 fnt
|faint|p1a: Zoroark
|
|-weather|SunnyDay|[upkeep]
|-heal|p2a: Empoleon|58/100|[from] item: Leftovers
|upkeep
|
|t:|1785376966
|switch|p1a: Delphox|Delphox, L50, F, shiny|100/100
|switch|p2b: Aerodactyl|Aerodactyl, L50, M|100/100
|-ability|p2b: Aerodactyl|Unnerve
|turn|4
|
|t:|1785377109
|detailschange|p1a: Delphox|Delphox-Mega, L50, F, shiny
|-mega|p1a: Delphox|Delphox|Delphoxite
|move|p1a: Delphox|Heat Wave|p2a: Empoleon|[spread] p2a,p2b
|-resisted|p2b: Aerodactyl|1
|-damage|p2a: Empoleon|7/100
|-damage|p2b: Aerodactyl|57/100
|move|p2b: Aerodactyl|Rock Slide|p1a: Delphox|[spread] p1a,p1b
|-supereffective|p1a: Delphox|1
|-damage|p1a: Delphox|25/100
|-damage|p1b: Lycanroc|0 fnt
|faint|p1b: Lycanroc
|move|p2a: Empoleon|Flash Cannon|p1a: Delphox
|-resisted|p1a: Delphox|1
|-damage|p1a: Delphox|8/100
|
|-weather|SunnyDay|[upkeep]
|-heal|p2a: Empoleon|13/100|[from] item: Leftovers
|upkeep
|
|t:|1785377122
|switch|p1b: Ninetales|Ninetales-Alola, L50, M, shiny|100/100
|-weather|Snowscape|[from] ability: Snow Warning|[of] p1b: Ninetales
|turn|5
|
|t:|1785377216
|switch|p2a: Charizard|Charizard-Mega-Y, L50, M|100/100
|-weather|SunnyDay|[from] ability: Drought|[of] p2a: Charizard
|move|p1a: Delphox|Protect|p1a: Delphox
|-singleturn|p1a: Delphox|Protect
|move|p2b: Aerodactyl|Rock Slide|p1b: Ninetales|[spread] 
|-activate|p1a: Delphox|move: Protect
|-miss|p2b: Aerodactyl|p1b: Ninetales
|move|p1b: Ninetales|Blizzard|p2a: Charizard|[spread] 
|-miss|p1b: Ninetales|p2a: Charizard
|-miss|p1b: Ninetales|p2b: Aerodactyl
|
|-weather|SunnyDay|[upkeep]
|upkeep
|turn|6
|
|t:|1785377276
|move|p1a: Delphox|Heat Wave|p2a: Charizard|[spread] p2a,p2b
|-resisted|p2a: Charizard|1
|-resisted|p2b: Aerodactyl|1
|-damage|p2a: Charizard|67/100
|-damage|p2b: Aerodactyl|18/100
|move|p2b: Aerodactyl|Rock Slide|p1a: Delphox|[spread] p1a,p1b
|-supereffective|p1a: Delphox|1
|-supereffective|p1b: Ninetales|1
|-damage|p1a: Delphox|0 fnt
|-damage|p1b: Ninetales|26/100
|faint|p1a: Delphox
|move|p1b: Ninetales|Blizzard|p2a: Charizard|[spread] p2b
|-miss|p1b: Ninetales|p2a: Charizard
|-supereffective|p2b: Aerodactyl|1
|-damage|p2b: Aerodactyl|0 fnt
|faint|p2b: Aerodactyl
|move|p2a: Charizard|Heat Wave|p1b: Ninetales
|-supereffective|p1b: Ninetales|1
|-damage|p1b: Ninetales|0 fnt
|faint|p1b: Ninetales
|
|win|turdshark
|inactive|princerock54 has 30 seconds to confirm battle start!
|inactive|turdshark has 30 seconds to confirm battle start!
||princerock54 is ready for game 3.
||turdshark is ready for game 3.
|uhtml|next|Next: Game 3 of 3
|l|☆princerock54
|player|p1|
|l|☆turdshark
|player|p2|
|j|☆turdshark
|player|p2|turdshark|169|
