|j|☆ismelllikesocksbro
|j|☆Thinking Charizard
|html|ismelllikesocksbroThinking Charizard    
|uhtml|bestof|Game 3 of a best-of-3
|t:|1786151014
|gametype|doubles
|player|p1|ismelllikesocksbro|hiker-gen4|1138
|player|p2|Thinking Charizard|colress|1226
|gen|9
|tier|[Gen 9 Champions] VGC 2026 Reg M-B (Bo3)
|rated|
|rule|Species Clause: Limit one of each Pokémon
|rule|Item Clause: Limit 1 of each item
|clearpoke
|poke|p1|Tyranitar, L50, F, shiny|
|poke|p1|Mawile, L50, M|
|poke|p1|Sinistcha, L50|
|poke|p1|Hydreigon, L50, M|
|poke|p1|Sneasler, L50, M|
|poke|p1|Houndstone, L50, F|
|poke|p2|Tyranitar, L50, F|
|poke|p2|Ninetales-Alola, L50, F|
|poke|p2|Sinistcha, L50|
|poke|p2|Corviknight, L50, F|
|poke|p2|Sneasler, L50, M|
|poke|p2|Whimsicott, L50, M|
|teampreview|4
|showteam|p1|Tyranitar||Tyranitarite|SandStream|RockSlide,Crunch,HighHorsepower,Protect|Adamant||F|||50|]Mawile||Mawilite|Intimidate|IronHead,SuckerPunch,PlayRough,Protect|Brave||M|||50|]Sinistcha||MiracleSeed|Hospitality|MatchaGotcha,RagePowder,Protect,TrickRoom|Bold|||||50|]Hydreigon||ChoiceScarf|Levitate|DracoMeteor,DarkPulse,EarthPower,Snarl|Modest||M|||50|]Sneasler||FocusSash|Unburden|FakeOut,DireClaw,CloseCombat,Coaching|Adamant||M|||50|]Houndstone||SitrusBerry|SandRush|LastRespects,WillOWisp,BodyPress,Protect|Adamant||F|||50|
|showteam|p2|Tyranitar||Tyranitarite|SandStream|RockSlide,KnockOff,HighHorsepower,Protect|Adamant||F|||50|]Ninetales-Alola||NeverMeltIce|SnowWarning|Blizzard,FreezeDry,Moonblast,Protect|Timid||F|||50|]Sinistcha||ColburBerry|Hospitality|RagePowder,MatchaGotcha,TrickRoom,LifeDew|Calm|||||50|]Corviknight||Leftovers|MirrorArmor|IronHead,BraveBird,BulkUp,Protect|Adamant||F|||50|]Sneasler||WhiteHerb|Unburden|FakeOut,CloseCombat,DireClaw,Coaching|Adamant||M|||50|]Whimsicott||FocusSash|Prankster|Tailwind,Moonblast,Encore,Protect|Timid||M|||50|
|inactive|Battle timer is ON: inactive players will automatically lose when time's up. (requested by ismelllikesocksbro)
|
|t:|1786151034
|teamsize|p1|4
|teamsize|p2|4
|start
|switch|p1a: Hydreigon|Hydreigon, L50, M|100/100
|switch|p1b: Phonk monster|Sneasler, L50, M|100/100
|switch|p2a: Whimsicott|Whimsicott, L50, M|100/100
|switch|p2b: Sneasler|Sneasler, L50, M|100/100
|turn|1
|
|t:|1786151054
|switch|p1a: Houndstone|Houndstone, L50, F|100/100
|switch|p2b: Ninetales|Ninetales-Alola, L50, F|100/100
|-weather|Snowscape|[from] ability: Snow Warning|[of] p2b: Ninetales
|move|p2a: Whimsicott|Protect|p2a: Whimsicott
|-singleturn|p2a: Whimsicott|Protect
|move|p1b: Phonk monster|Coaching|p1a: Houndstone
|-boost|p1a: Houndstone|atk|1
|-boost|p1a: Houndstone|def|1
|
|-weather|Snowscape|[upkeep]
|upkeep
|turn|2
|inactive|ismelllikesocksbro has 30 seconds left.
|
|t:|1786151087
|move|p2a: Whimsicott|Tailwind|p2a: Whimsicott
|-sidestart|p2: Thinking Charizard|move: Tailwind
|move|p2b: Ninetales|Moonblast|p1a: Houndstone
|-damage|p1a: Houndstone|63/100
|move|p1b: Phonk monster|Dire Claw|p2a: Whimsicott
|-supereffective|p2a: Whimsicott|2
|-enditem|p2a: Whimsicott|Focus Sash
|-damage|p2a: Whimsicott|1/100
|-status|p2a: Whimsicott|slp
|move|p1a: Houndstone|Body Press|p2b: Ninetales
|-damage|p2b: Ninetales|67/100
|
|-weather|Snowscape|[upkeep]
|upkeep
|turn|3
|
|t:|1786151107
|switch|p2a: Corviknight|Corviknight, L50, F|100/100
|switch|p1a: Tyranitar|Tyranitar, L50, F, shiny|100/100
|-weather|Sandstorm|[from] ability: Sand Stream|[of] p1a: Tyranitar
|move|p2b: Ninetales|Moonblast|p1a: Tyranitar
|-supereffective|p1a: Tyranitar|1
|-damage|p1a: Tyranitar|62/100
|move|p1b: Phonk monster|Coaching|p1a: Tyranitar
|-boost|p1a: Tyranitar|atk|1
|-boost|p1a: Tyranitar|def|1
|
|-weather|Sandstorm|[upkeep]
|-damage|p2b: Ninetales|61/100|[from] Sandstorm
|-damage|p1b: Phonk monster|94/100|[from] Sandstorm
|upkeep
|turn|4
|inactive|Thinking Charizard has 30 seconds left.
|
|t:|1786151132
|switch|p2b: Whimsicott|Whimsicott, L50, M|1/100 slp
|detailschange|p1a: Tyranitar|Tyranitar-Mega, L50, F, shiny
|-mega|p1a: Tyranitar|Tyranitar|Tyranitarite
|move|p2a: Corviknight|Bulk Up|p2a: Corviknight
|-boost|p2a: Corviknight|atk|1
|-boost|p2a: Corviknight|def|1
|move|p1b: Phonk monster|Close Combat|p2a: Corviknight
|-damage|p2a: Corviknight|58/100
|-unboost|p1b: Phonk monster|def|1
|-unboost|p1b: Phonk monster|spd|1
|move|p1a: Tyranitar|Rock Slide|p2a: Corviknight|[spread] p2a,p2b
|-damage|p2a: Corviknight|25/100
|-damage|p2b: Whimsicott|0 fnt
|faint|p2b: Whimsicott
|
|-weather|Sandstorm|[upkeep]
|-damage|p1b: Phonk monster|88/100|[from] Sandstorm
|-heal|p2a: Corviknight|31/100|[from] item: Leftovers
|upkeep
|
|t:|1786151143
|switch|p2b: Sneasler|Sneasler, L50, M|100/100
|turn|5
|
|t:|1786151159
|switch|p1b: Houndstone|Houndstone, L50, F|63/100
|move|p2b: Sneasler|Close Combat|p1a: Tyranitar
|-supereffective|p1a: Tyranitar|2
|-damage|p1a: Tyranitar|0 fnt
|-unboost|p2b: Sneasler|def|1
|-unboost|p2b: Sneasler|spd|1
|faint|p1a: Tyranitar
|-enditem|p2b: Sneasler|White Herb
|-clearnegativeboost|p2b: Sneasler|[silent]
|move|p2a: Corviknight|Brave Bird|p1b: Houndstone
|-damage|p1b: Houndstone|0 fnt
|faint|p1b: Houndstone
|-damage|p2a: Corviknight|13/100|[from] Recoil
|
|-weather|Sandstorm|[upkeep]
|-damage|p2b: Sneasler|94/100|[from] Sandstorm
|-heal|p2a: Corviknight|19/100|[from] item: Leftovers
|-sideend|p2: Thinking Charizard|move: Tailwind
|upkeep
|
|t:|1786151165
|switch|p1b: Hydreigon|Hydreigon, L50, M|100/100
|switch|p1a: Phonk monster|Sneasler, L50, M|88/100
|turn|6
|inactive|Thinking Charizard has 30 seconds left.
|
|t:|1786151191
|move|p1a: Phonk monster|Fake Out|p2b: Sneasler
|-crit|p2b: Sneasler
|-damage|p2b: Sneasler|56/100
|cant|p2b: Sneasler|flinch
|move|p1b: Hydreigon|Dark Pulse|p2a: Corviknight
|-damage|p2a: Corviknight|0 fnt
|faint|p2a: Corviknight
|
|-weather|Sandstorm|[upkeep]
|-damage|p2b: Sneasler|50/100g|[from] Sandstorm
|-damage|p1b: Hydreigon|94/100|[from] Sandstorm
|-damage|p1a: Phonk monster|82/100|[from] Sandstorm
|upkeep
|
|t:|1786151197
|switch|p2a: Ninetales|Ninetales-Alola, L50, F|61/100
|-weather|Snowscape|[from] ability: Snow Warning|[of] p2a: Ninetales
|turn|7
|
|t:|1786151212
|move|p2a: Ninetales|Protect|p2a: Ninetales
|-singleturn|p2a: Ninetales|Protect
|move|p2b: Sneasler|Close Combat|p1b: Hydreigon
|-supereffective|p1b: Hydreigon|1
|-damage|p1b: Hydreigon|0 fnt
|-unboost|p2b: Sneasler|def|1
|-unboost|p2b: Sneasler|spd|1
|faint|p1b: Hydreigon
|move|p1a: Phonk monster|Dire Claw|p2a: Ninetales
|-activate|p2a: Ninetales|move: Protect
|
|-weather|Snowscape|[upkeep]
|upkeep
|turn|8
|
|t:|1786151221
|move|p2b: Sneasler|Close Combat|p1a: Phonk monster
|-resisted|p1a: Phonk monster|1
|-damage|p1a: Phonk monster|27/100
|-unboost|p2b: Sneasler|def|1
|-unboost|p2b: Sneasler|spd|1
|move|p2a: Ninetales|Blizzard|p1a: Phonk monster
|-damage|p1a: Phonk monster|0 fnt
|faint|p1a: Phonk monster
|
|win|Thinking Charizard
|raw|ismelllikesocksbro's rating: 1138 → 1119(-19 for losing)
|raw|Thinking Charizard's rating: 1226 → 1245(+19 for winning)
|c|☆Thinking Charizard|gg
|c|☆ismelllikesocksbro|Ggs beo
|c|☆ismelllikesocksbro|*bro
|l|☆ismelllikesocksbro
|player|p1|
