|j|‽T-block
|j|☆capspungo
|html|T-blockcapspungo    
|uhtml|bestof|Game 3 of a best-of-3
|t:|1756922378
|gametype|doubles
|player|p1|T-block|266|1389
|player|p2|capspungo|2|1288
|gen|9
|tier|[Gen 9] VGC 2025 Reg H (Bo3)
|rated|
|rule|Species Clause: Limit one of each Pokémon
|rule|Item Clause: Limit 1 of each item
|clearpoke
|poke|p1|Gholdengo, L50|
|poke|p1|Rillaboom, L50, M|
|poke|p1|Tyranitar, L50, M|
|poke|p1|Maushold, L50|
|poke|p1|Sneasler, L50, M|
|poke|p1|Dragonite, L50, M|
|poke|p2|Dragonite, L50, M|
|poke|p2|Volcarona, L50, F|
|poke|p2|Whimsicott, L50, F|
|poke|p2|Sneasler, L50, M|
|poke|p2|Kingambit, L50, M|
|poke|p2|Rillaboom, L50, F|
|teampreview|4
|showteam|p1|Gholdengo||GrassySeed|GoodasGold|NastyPlot,MakeItRain,ShadowBall,Protect||||||50|,,,,,Water]Rillaboom||AssaultVest|GrassySurge|FakeOut,GrassyGlide,DrumBeating,HighHorsepower|||M|||50|,,,,,Fire]Tyranitar||FocusSash|SandStream|RockSlide,KnockOff,LowKick,Protect|||M|||50|,,,,,Ghost]Maushold||SafetyGoggles|FriendGuard|FollowMe,Taunt,SuperFang,Protect||||||50|,,,,,Ghost]Sneasler||WhiteHerb|Unburden|CloseCombat,DireClaw,Coaching,Protect|||M|||50|,,,,,Ghost]Dragonite||LoadedDice|Multiscale|ScaleShot,StompingTantrum,Tailwind,Protect|||M|||50|,,,,,Ground
|showteam|p2|Dragonite||LoadedDice|Multiscale|ScaleShot,ExtremeSpeed,Haze,Protect|||M|||50|,,,,,Fairy]Volcarona||ChoiceScarf|FlameBody|HeatWave,TeraBlast,BugBuzz,FieryDance|||F|||50|,,,,,Fairy]Whimsicott||CovertCloak|Prankster|Moonblast,Taunt,Encore,SunnyDay|||F|||50|,,,,,Stellar]Sneasler||FocusSash|Unburden|CloseCombat,DireClaw,Coaching,FakeOut|||M|||50|,,,,,Stellar]Kingambit||BlackGlasses|Defiant|KowtowCleave,SuckerPunch,SwordsDance,Protect|||M|||50|,,,,,Water]Rillaboom||AssaultVest|GrassySurge|WoodHammer,GrassyGlide,FakeOut,Uturn|||F|||50|,,,,,Fire
|inactive|Battle timer is ON: inactive players will automatically lose when time's up. (requested by capspungo)
|
|t:|1756922428
|teamsize|p1|4
|teamsize|p2|4
|start
|switch|p1a: Tyranitar|Tyranitar, L50, M|100/100
|switch|p1b: Maushold|Maushold, L50|100/100
|switch|p2a: Volcarona|Volcarona, L50, F|100/100
|switch|p2b: Rillaboom|Rillaboom, L50, F|100/100
|-weather|Sandstorm|[from] ability: Sand Stream|[of] p1a: Tyranitar
|-fieldstart|move: Grassy Terrain|[from] ability: Grassy Surge|[of] p2b: Rillaboom
|turn|1
|inactive|capspungo has 30 seconds left.
|
|t:|1756922455
|switch|p2b: Whimsicott|Whimsicott, L50, F|100/100
|move|p1b: Maushold|Protect|p1b: Maushold
|-singleturn|p1b: Maushold|Protect
|move|p1a: Tyranitar|Protect|p1a: Tyranitar
|-singleturn|p1a: Tyranitar|Protect
|move|p2a: Volcarona|Heat Wave|p1a: Tyranitar|[spread] 
|-activate|p1a: Tyranitar|move: Protect
|-activate|p1b: Maushold|move: Protect
|
|-weather|Sandstorm|[upkeep]
|-damage|p2a: Volcarona|94/100|[from] Sandstorm
|-damage|p2b: Whimsicott|95/100|[from] Sandstorm
|-heal|p2a: Volcarona|100/100|[from] Grassy Terrain
|-heal|p2b: Whimsicott|100/100|[from] Grassy Terrain
|upkeep
|turn|2
|
|t:|1756922478
|-terastallize|p2a: Volcarona|Fairy
|move|p1b: Maushold|Follow Me|p1b: Maushold
|-singleturn|p1b: Maushold|move: Follow Me
|move|p2b: Whimsicott|Encore|p1b: Maushold
|-start|p1b: Maushold|Encore
|move|p2a: Volcarona|Heat Wave|p1a: Tyranitar|[spread] p1a,p1b
|-resisted|p1a: Tyranitar
|-damage|p1a: Tyranitar|90/100
|-damage|p1b: Maushold|43/100
|move|p1a: Tyranitar|Rock Slide|p2a: Volcarona|[spread] p2a,p2b
|-damage|p2a: Volcarona|53/100
|-damage|p2b: Whimsicott|50/100
|
|-weather|Sandstorm|[upkeep]
|-damage|p2a: Volcarona|47/100|[from] Sandstorm
|-damage|p2b: Whimsicott|44/100|[from] Sandstorm
|-heal|p2a: Volcarona|53/100|[from] Grassy Terrain
|-heal|p2b: Whimsicott|50/100|[from] Grassy Terrain
|-heal|p1b: Maushold|49/100|[from] Grassy Terrain
|-heal|p1a: Tyranitar|97/100|[from] Grassy Terrain
|upkeep
|turn|3
|inactive|T-block has 30 seconds left.
|
|t:|1756922505
|move|p1b: Maushold|Follow Me|p1b: Maushold
|-singleturn|p1b: Maushold|move: Follow Me
|move|p2b: Whimsicott|Sunny Day|p2b: Whimsicott
|-weather|SunnyDay
|move|p2a: Volcarona|Heat Wave|p1a: Tyranitar|[spread] p1a,p1b
|-resisted|p1a: Tyranitar
|-damage|p1a: Tyranitar|73/100
|-damage|p1b: Maushold|0 fnt
|-status|p1a: Tyranitar|brn
|faint|p1b: Maushold
|move|p1a: Tyranitar|Rock Slide|p2a: Volcarona|[spread] p2a,p2b
|-damage|p2a: Volcarona|26/100
|-damage|p2b: Whimsicott|25/100
|
|-weather|SunnyDay|[upkeep]
|-heal|p2a: Volcarona|32/100|[from] Grassy Terrain
|-heal|p2b: Whimsicott|31/100|[from] Grassy Terrain
|-heal|p1a: Tyranitar|79/100 brn|[from] Grassy Terrain
|-damage|p1a: Tyranitar|73/100 brn|[from] brn
|upkeep
|
|t:|1756922527
|switch|p1b: Sneasler|Sneasler, L50, M, shiny|100/100
|turn|4
|
|t:|1756922547
|switch|p1a: Dragonite|Dragonite, L50, M|100/100
|move|p1b: Sneasler|Protect|p1b: Sneasler
|-singleturn|p1b: Sneasler|Protect
|move|p2a: Volcarona|Heat Wave|p1b: Sneasler|[spread] p1a
|-activate|p1b: Sneasler|move: Protect
|-resisted|p1a: Dragonite
|-damage|p1a: Dragonite|83/100
|move|p2b: Whimsicott|Moonblast|p1a: Dragonite
|-supereffective|p1a: Dragonite
|-damage|p1a: Dragonite|4/100
|
|-weather|SunnyDay|[upkeep]
|-heal|p2a: Volcarona|38/100|[from] Grassy Terrain
|-heal|p2b: Whimsicott|37/100|[from] Grassy Terrain
|upkeep
|turn|5
|inactive|capspungo has 30 seconds left.
|
|t:|1756922577
|switch|p1b: Tyranitar|Tyranitar, L50, M|73/100 brn
|-weather|Sandstorm|[from] ability: Sand Stream|[of] p1b: Tyranitar
|move|p2a: Volcarona|Heat Wave|p1a: Dragonite|[spread] p1a,p1b
|-resisted|p1a: Dragonite
|-resisted|p1b: Tyranitar
|-damage|p1a: Dragonite|0 fnt
|-damage|p1b: Tyranitar|58/100 brn
|faint|p1a: Dragonite
|move|p2b: Whimsicott|Moonblast|p1b: Tyranitar
|-supereffective|p1b: Tyranitar
|-damage|p1b: Tyranitar|14/100 brn
|
|-weather|Sandstorm|[upkeep]
|-damage|p2a: Volcarona|32/100|[from] Sandstorm
|-damage|p2b: Whimsicott|31/100|[from] Sandstorm
|-heal|p2a: Volcarona|38/100|[from] Grassy Terrain
|-heal|p2b: Whimsicott|37/100|[from] Grassy Terrain
|-heal|p1b: Tyranitar|20/100 brn|[from] Grassy Terrain
|-damage|p1b: Tyranitar|14/100 brn|[from] brn
|-fieldend|move: Grassy Terrain
|upkeep
|
|t:|1756922584
|switch|p1a: Sneasler|Sneasler, L50, M, shiny|100/100
|turn|6
|inactive|T-block has 30 seconds left.
|inactive|capspungo has 30 seconds left.
|inactive|capspungo has 20 seconds left.
|
|t:|1756922621
|switch|p2a: Rillaboom|Rillaboom, L50, F|100/100
|-fieldstart|move: Grassy Terrain|[from] ability: Grassy Surge|[of] p2a: Rillaboom
|move|p2b: Whimsicott|Moonblast|p1a: Sneasler
|-damage|p1a: Sneasler|56/100
|move|p1a: Sneasler|Close Combat|p2a: Rillaboom
|-damage|p2a: Rillaboom|46/100
|-unboost|p1a: Sneasler|def|1
|-unboost|p1a: Sneasler|spd|1
|-enditem|p1a: Sneasler|White Herb
|-clearnegativeboost|p1a: Sneasler|[silent]
|move|p1b: Tyranitar|Low Kick|p2a: Rillaboom
|-damage|p2a: Rillaboom|31/100
|
|-weather|Sandstorm|[upkeep]
|-damage|p1a: Sneasler|50/100|[from] Sandstorm
|-damage|p2b: Whimsicott|31/100|[from] Sandstorm
|-damage|p2a: Rillaboom|25/100|[from] Sandstorm
|-heal|p1a: Sneasler|56/100|[from] Grassy Terrain
|-heal|p2b: Whimsicott|37/100|[from] Grassy Terrain
|-heal|p1b: Tyranitar|20/100 brn|[from] Grassy Terrain
|-heal|p2a: Rillaboom|31/100|[from] Grassy Terrain
|-damage|p1b: Tyranitar|14/100 brn|[from] brn
|upkeep
|turn|7
|inactive|T-block has 30 seconds left.
|inactive|T-block has 20 seconds left.
|inactive|T-block has 15 seconds left.
|
|t:|1756922663
|-terastallize|p1a: Sneasler|Ghost
|move|p2a: Rillaboom|Fake Out|p1a: Sneasler
|-immune|p1a: Sneasler
|move|p1a: Sneasler|Dire Claw|p2b: Whimsicott
|-supereffective|p2b: Whimsicott
|-damage|p2b: Whimsicott|0 fnt
|faint|p2b: Whimsicott
|move|p1b: Tyranitar|Knock Off|p2a: Rillaboom
|-damage|p2a: Rillaboom|1/100
|-enditem|p2a: Rillaboom|Assault Vest|[from] move: Knock Off|[of] p1b: Tyranitar
|
|-weather|Sandstorm|[upkeep]
|-damage|p1a: Sneasler|50/100|[from] Sandstorm
|-damage|p2a: Rillaboom|0 fnt|[from] Sandstorm
|faint|p2a: Rillaboom
|-heal|p1a: Sneasler|56/100|[from] Grassy Terrain
|-heal|p1b: Tyranitar|20/100 brn|[from] Grassy Terrain
|-damage|p1b: Tyranitar|14/100 brn|[from] brn
|upkeep
|
|t:|1756922671
|switch|p2b: Kingambit|Kingambit, L50, M|100/100
|switch|p2a: Volcarona|Volcarona, L50, F, tera:Fairy|38/100
|turn|8
|inactive|T-block has 30 seconds left.
|
|t:|1756922704
|move|p1a: Sneasler|Protect|p1a: Sneasler
|-singleturn|p1a: Sneasler|Protect
|move|p2b: Kingambit|Sucker Punch||[still]
|-fail|p2b: Kingambit
|move|p2a: Volcarona|Tera Blast|p1b: Tyranitar|[anim] Tera Blast Fairy
|-supereffective|p1b: Tyranitar
|-damage|p1b: Tyranitar|0 fnt
|faint|p1b: Tyranitar
|
|-weather|Sandstorm|[upkeep]
|-damage|p1a: Sneasler|50/100|[from] Sandstorm
|-damage|p2a: Volcarona|32/100|[from] Sandstorm
|-heal|p1a: Sneasler|56/100|[from] Grassy Terrain
|-heal|p2a: Volcarona|38/100|[from] Grassy Terrain
|upkeep
|turn|9
|
|t:|1756922712
|move|p2b: Kingambit|Sucker Punch|p1a: Sneasler
|-supereffective|p1a: Sneasler
|-damage|p1a: Sneasler|0 fnt
|faint|p1a: Sneasler
|
|win|capspungo
|raw|T-block's rating: 1389 → 1363(-26 for losing)
|raw|capspungo's rating: 1288 → 1320(+32 for winning)
