|j|☆ttsui234
|j|☆dapmagikarp
|html|ttsui234dapmagikarp    
|uhtml|bestof|Game 2 of a best-of-3
|t:|1785257463
|gametype|doubles
|player|p1|ttsui234|266|1226
|player|p2|dapmagikarp|sada-ai|1354
|gen|9
|tier|[Gen 9 Champions] VGC 2026 Reg M-B (Bo3)
|rated|
|rule|Species Clause: Limit one of each Pokémon
|rule|Item Clause: Limit 1 of each item
|clearpoke
|poke|p1|Staraptor, L50, M|
|poke|p1|Garchomp, L50, F|
|poke|p1|Whimsicott, L50, M|
|poke|p1|Delphox, L50, F, shiny|
|poke|p1|Glimmora, L50, F|
|poke|p1|Kingambit, L50, F, shiny|
|poke|p2|Whimsicott, L50, F, shiny|
|poke|p2|Glimmora, L50, M|
|poke|p2|Staraptor, L50, F|
|poke|p2|Garchomp, L50, M, shiny|
|poke|p2|Kingambit, L50, M|
|poke|p2|Delphox, L50, F|
|teampreview|4
|showteam|p1|Staraptor||Staraptite|Intimidate|Protect,Roost,CloseCombat,BraveBird|Jolly||M|||50|]Garchomp||LifeOrb|RoughSkin|Protect,RockSlide,Earthquake,DragonClaw|Jolly||F|||50|]Whimsicott||OccaBerry|Prankster|Moonblast,Tailwind,Charm,LightScreen|Timid||M|||50|]Delphox||Delphoxite|Blaze|HeatWave,Psychic,Substitute,Protect|Modest||F|||50|]Glimmora||FocusSash|ToxicDebris|SpikyShield,EarthPower,PowerGem,SludgeBomb|Timid||F|||50|]Kingambit||ChopleBerry|Defiant|KowtowCleave,IronHead,SuckerPunch,LowKick|Adamant||F|||50|
|showteam|p2|Whimsicott||OccaBerry|Prankster|Moonblast,Tailwind,Charm,LightScreen|Timid||F|||50|]Glimmora||FocusSash|ToxicDebris|PowerGem,SludgeBomb,EarthPower,SpikyShield|Modest||M|||50|]Staraptor||Staraptite|Intimidate|CloseCombat,BraveBird,Roost,Protect|Jolly||F|||50|]Garchomp||LifeOrb|RoughSkin|DragonClaw,Earthquake,RockSlide,Protect|Jolly||M|||50|]Kingambit||ChopleBerry|Defiant|KowtowCleave,SuckerPunch,LowKick,IronHead|Adamant||M|||50|]Delphox||Delphoxite|Blaze|HeatWave,Psychic,Encore,Protect|Timid||F|||50|
|inactive|Battle timer is ON: inactive players will automatically lose when time's up. (requested by dapmagikarp)
|inactive|dapmagikarp has 60 seconds left.
|
|t:|1785257501
|teamsize|p1|4
|teamsize|p2|4
|start
|switch|p1a: Whimsicott|Whimsicott, L50, M|100/100
|switch|p1b: Glimmora|Glimmora, L50, F|100/100
|switch|p2a: Staraptor|Staraptor, L50, F|100/100
|switch|p2b: Kingambit|Kingambit, L50, M|100/100
|-ability|p2a: Staraptor|Intimidate|boost
|-unboost|p1a: Whimsicott|atk|1
|-unboost|p1b: Glimmora|atk|1
|turn|1
|j| vegeta420
|
|t:|1785257524
|move|p2a: Staraptor|Protect|p2a: Staraptor
|-singleturn|p2a: Staraptor|Protect
|move|p1a: Whimsicott|Tailwind|p1a: Whimsicott
|-sidestart|p1: ttsui234|move: Tailwind
|move|p1b: Glimmora|Earth Power|p2b: Kingambit
|-supereffective|p2b: Kingambit|1
|-crit|p2b: Kingambit
|-damage|p2b: Kingambit|2/100
|move|p2b: Kingambit|Iron Head|p1a: Whimsicott
|-supereffective|p1a: Whimsicott|1
|-damage|p1a: Whimsicott|0 fnt
|faint|p1a: Whimsicott
|
|upkeep
|
|t:|1785257535
|switch|p1a: Garchomp|Garchomp, L50, F|100/100
|turn|2
|
|t:|1785257553
|detailschange|p2a: Staraptor|Staraptor-Mega, L50, F
|-mega|p2a: Staraptor|Staraptor|Staraptite
|move|p2b: Kingambit|Sucker Punch|p1b: Glimmora
|-damage|p1b: Glimmora|49/100
|-activate|p1b: Glimmora|ability: Toxic Debris
|-sidestart|p2: dapmagikarp|move: Toxic Spikes
|move|p1a: Garchomp|Rock Slide|p2a: Staraptor|[spread] p2a,p2b
|-resisted|p2b: Kingambit|1
|-damage|p2a: Staraptor|76/100
|-damage|p2b: Kingambit|0 fnt
|faint|p2b: Kingambit
|-damage|p1a: Garchomp|90/100|[from] item: Life Orb
|move|p1b: Glimmora|Power Gem|p2a: Staraptor
|-damage|p2a: Staraptor|30/100
|cant|p2a: Staraptor|flinch
|
|upkeep
|
|t:|1785257576
|switch|p2b: Garchomp|Garchomp, L50, M, shiny|100/100
|-status|p2b: Garchomp|psn
|turn|3
|inactive|ttsui234 has 30 seconds left.
|inactive|dapmagikarp has 30 seconds left.
|
|t:|1785257602
|switch|p2b: Whimsicott|Whimsicott, L50, F, shiny|100/100
|-status|p2b: Whimsicott|psn
|move|p2a: Staraptor|Protect|p2a: Staraptor
|-singleturn|p2a: Staraptor|Protect
|move|p1a: Garchomp|Dragon Claw|p2b: Whimsicott
|-immune|p2b: Whimsicott
|move|p1b: Glimmora|Power Gem|p2a: Staraptor
|-activate|p2a: Staraptor|move: Protect
|
|-damage|p2b: Whimsicott|87/100 psn|[from] psn
|upkeep
|turn|4
|
|t:|1785257618
|move|p2b: Whimsicott|Tailwind|p2b: Whimsicott
|-sidestart|p2: dapmagikarp|move: Tailwind
|move|p2a: Staraptor|Roost|p2a: Staraptor
|-heal|p2a: Staraptor|80/100
|-singleturn|p2a: Staraptor|move: Roost
|move|p1a: Garchomp|Dragon Claw|p2a: Staraptor
|-damage|p2a: Staraptor|31/100
|-damage|p1a: Garchomp|80/100|[from] item: Life Orb
|move|p1b: Glimmora|Sludge Bomb|p2b: Whimsicott
|-supereffective|p2b: Whimsicott|2
|-damage|p2b: Whimsicott|0 fnt
|faint|p2b: Whimsicott
|
|-sideend|p1: ttsui234|move: Tailwind
|upkeep
|
|t:|1785257628
|switch|p2b: Garchomp|Garchomp, L50, M, shiny|100/100 psn
|turn|5
|
|t:|1785257635
|move|p1a: Garchomp|Protect|p1a: Garchomp
|-singleturn|p1a: Garchomp|Protect
|move|p2a: Staraptor|Close Combat|p1b: Glimmora
|-damage|p1b: Glimmora|0 fnt
|-boost|p2a: Staraptor|def|1
|-boost|p2a: Staraptor|spd|1
|-activate|p1b: Glimmora|ability: Toxic Debris
|-sidestart|p2: dapmagikarp|move: Toxic Spikes
|faint|p1b: Glimmora
|move|p2b: Garchomp|Dragon Claw|p1a: Garchomp
|-activate|p1a: Garchomp|move: Protect
|
|-damage|p2b: Garchomp|87/100 psn|[from] psn
|upkeep
|
|t:|1785257643
|switch|p1b: Delphox|Delphox, L50, F, shiny|100/100
|turn|6
|
|t:|1785257652
|detailschange|p1b: Delphox|Delphox-Mega, L50, F, shiny
|-mega|p1b: Delphox|Delphox|Delphoxite
|move|p2a: Staraptor|Brave Bird|p1b: Delphox
|-damage|p1b: Delphox|36/100
|-damage|p2a: Staraptor|10/100|[from] Recoil
|move|p2b: Garchomp|Dragon Claw|p1a: Garchomp
|-supereffective|p1a: Garchomp|1
|-damage|p1a: Garchomp|0 fnt
|-damage|p2b: Garchomp|75/100 psn|[from] ability: Rough Skin|[of] p1a: Garchomp
|faint|p1a: Garchomp
|-damage|p2b: Garchomp|65/100 psn|[from] item: Life Orb
|move|p1b: Delphox|Psychic|p2a: Staraptor
|-supereffective|p2a: Staraptor|1
|-damage|p2a: Staraptor|0 fnt
|faint|p2a: Staraptor
|
|-damage|p2b: Garchomp|52/100 psn|[from] psn
|upkeep
|turn|7
|
|t:|1785257666
|move|p1b: Delphox|Protect|p1b: Delphox
|-singleturn|p1b: Delphox|Protect
|move|p2b: Garchomp|Dragon Claw|p1b: Delphox
|-activate|p1b: Delphox|move: Protect
|
|-damage|p2b: Garchomp|40/100 psn|[from] psn
|-sideend|p2: dapmagikarp|move: Tailwind
|upkeep
|turn|8
|
|t:|1785257675
|move|p1b: Delphox|Psychic|p2b: Garchomp
|-damage|p2b: Garchomp|0 fnt
|faint|p2b: Garchomp
|
|win|ttsui234
||dapmagikarp is ready for game 3.
||ttsui234 is ready for game 3.
|uhtml|next|Next: Game 3 of 3
|l|☆dapmagikarp
|player|p2|
