|j|☆pokesita
|j|☆JeanChasuble
|html|pokesitaJeanChasuble    
|uhtml|bestof|Game 2 of a best-of-3
|t:|1756481024
|gametype|doubles
|player|p1|pokesita|265|1147
|player|p2|JeanChasuble|cheren-gen5bw2|1184
|gen|9
|tier|[Gen 9] VGC 2025 Reg H (Bo3)
|rated|
|rule|Species Clause: Limit one of each Pokémon
|rule|Item Clause: Limit 1 of each item
|clearpoke
|poke|p1|Typhlosion-Hisui, L50, F|
|poke|p1|Whimsicott, L50, F|
|poke|p1|Tauros-Paldea-Aqua, L50, M|
|poke|p1|Ursaluna-Bloodmoon, L50, M|
|poke|p1|Kingambit, L50, F|
|poke|p1|Maushold-Four, L50|
|poke|p2|Volcarona, L50, F|
|poke|p2|Rillaboom, L50, F|
|poke|p2|Electabuzz, L50, M|
|poke|p2|Sneasler, L50, M|
|poke|p2|Kingambit, L50, F|
|poke|p2|Dragonite, L50, F|
|teampreview|4
|showteam|p1|Typhlosion-Hisui||ChoiceSpecs|Blaze|Eruption,HeatWave,ShadowBall,SleepTalk|||F|||50|,,,,,Fire]Whimsicott||CovertCloak|Prankster|Tailwind,SunnyDay,Encore,Moonblast|||F|||50|,,,,,Water]Tauros-Paldea-Aqua||MirrorHerb|Intimidate|Protect,AquaJet,RagingBull,CloseCombat|||M|||50|,,,,,Grass]Ursaluna-Bloodmoon||LifeOrb|MindsEye|Protect,BloodMoon,HyperVoice,EarthPower|||M|||50|,,,,,Normal]Kingambit||AssaultVest|Defiant|KowtowCleave,SuckerPunch,IronHead,LowKick|||F|||50|,,,,,Fairy]Maushold-Four||WideLens|FriendGuard|PopulationBomb,Taunt,FollowMe,Protect||||||50|,,,,,Normal
|showteam|p2|Volcarona||GrassySeed|FlameBody|HeatWave,TeraBlast,QuiverDance,Protect|||F|||50|,,,,,Ground]Rillaboom||AssaultVest|GrassySurge|WoodHammer,GrassyGlide,FakeOut,HighHorsepower|||F|||50|,,,,,Fire]Electabuzz||Eviolite|VitalSpirit|Electroweb,FollowMe,Taunt,Protect|||M|||50|,,,,,Ghost]Sneasler||FocusSash|PoisonTouch|DireClaw,CloseCombat,FakeOut,Coaching|||M|||50|,,,,,Stellar]Kingambit||SafetyGoggles|Defiant|SuckerPunch,KowtowCleave,SwordsDance,Protect|||F|||50|,,,,,Dark]Dragonite||LoadedDice|Multiscale|ScaleShot,ExtremeSpeed,Haze,Protect|||F|||50|,,,,,Normal
|inactive|Battle timer is ON: inactive players will automatically lose when time's up. (requested by pokesita)
|
|t:|1756481074
|teamsize|p1|4
|teamsize|p2|4
|start
|switch|p1a: Whimsicott|Whimsicott, L50, F|100/100
|switch|p1b: Typhlosion|Typhlosion-Hisui, L50, F|100/100
|switch|p2a: Dragonite|Dragonite, L50, F|100/100
|switch|p2b: Sneasler|Sneasler, L50, M|100/100
|turn|1
|
|t:|1756481099
|-terastallize|p1a: Whimsicott|Water
|move|p2b: Sneasler|Coaching|p2a: Dragonite
|-boost|p2a: Dragonite|atk|1
|-boost|p2a: Dragonite|def|1
|move|p1a: Whimsicott|Moonblast|p2b: Sneasler
|-damage|p2b: Sneasler|56/100
|-unboost|p2b: Sneasler|spa|1
|move|p1b: Typhlosion|Eruption|p2b: Sneasler|[spread] p2a,p2b
|-resisted|p2a: Dragonite
|-damage|p2a: Dragonite|80/100
|-damage|p2b: Sneasler|0 fnt
|faint|p2b: Sneasler
|move|p2a: Dragonite|Scale Shot|p1b: Typhlosion
|-damage|p1b: Typhlosion|64/100
|-damage|p1b: Typhlosion|28/100
|-damage|p1b: Typhlosion|0 fnt
|faint|p1b: Typhlosion
|-hitcount|p1: Typhlosion|3
|-unboost|p2a: Dragonite|def|1
|-boost|p2a: Dragonite|spe|1
|
|upkeep
|
|t:|1756481122
|switch|p2b: Electabuzz|Electabuzz, L50, M|100/100
|switch|p1b: Tauros|Tauros-Paldea-Aqua, L50, M|100/100
|-ability|p1b: Tauros|Intimidate|boost
|-unboost|p2a: Dragonite|atk|1
|-unboost|p2b: Electabuzz|atk|1
|turn|2
|inactive|pokesita has 30 seconds left.
|
|t:|1756481152
|switch|p1b: Ursaluna|Ursaluna-Bloodmoon, L50, M|100/100
|move|p2a: Dragonite|Protect|p2a: Dragonite
|-singleturn|p2a: Dragonite|Protect
|move|p1a: Whimsicott|Tailwind|p1a: Whimsicott
|-sidestart|p1: pokesita|move: Tailwind
|move|p2b: Electabuzz|Electroweb|p1a: Whimsicott|[spread] p1a
|-immune|p1b: Ursaluna
|-supereffective|p1a: Whimsicott
|-damage|p1a: Whimsicott|63/100
|
|upkeep
|turn|3
|
|t:|1756481175
|switch|p1b: Tauros|Tauros-Paldea-Aqua, L50, M|100/100
|-ability|p1b: Tauros|Intimidate|boost
|-unboost|p2a: Dragonite|atk|1
|-unboost|p2b: Electabuzz|atk|1
|-terastallize|p2a: Dragonite|Normal
|move|p2a: Dragonite|Extreme Speed|p1a: Whimsicott
|-damage|p1a: Whimsicott|25/100
|move|p2b: Electabuzz|Follow Me|p2b: Electabuzz
|-singleturn|p2b: Electabuzz|move: Follow Me
|move|p1a: Whimsicott|Moonblast|p2b: Electabuzz
|-crit|p2b: Electabuzz
|-damage|p2b: Electabuzz|64/100
|
|upkeep
|turn|4
|inactive|pokesita has 30 seconds left.
|
|t:|1756481205
|switch|p1a: Ursaluna|Ursaluna-Bloodmoon, L50, M|100/100
|move|p2b: Electabuzz|Follow Me|p2b: Electabuzz
|-singleturn|p2b: Electabuzz|move: Follow Me
|move|p1b: Tauros|Close Combat|p2b: Electabuzz
|-damage|p2b: Electabuzz|20/100
|-unboost|p1b: Tauros|def|1
|-unboost|p1b: Tauros|spd|1
|move|p2a: Dragonite|Scale Shot|p1a: Ursaluna
|-damage|p1a: Ursaluna|92/100
|-damage|p1a: Ursaluna|84/100
|-damage|p1a: Ursaluna|76/100
|-damage|p1a: Ursaluna|68/100
|-damage|p1a: Ursaluna|59/100
|-hitcount|p1a: Ursaluna|5
|-unboost|p2a: Dragonite|def|1
|-boost|p2a: Dragonite|spe|1
|-enditem|p1b: Tauros|Mirror Herb
|-boost|p1b: Tauros|spe|1|[from] item: Mirror Herb
|
|upkeep
|turn|5
|inactive|JeanChasuble has 30 seconds left.
|inactive|pokesita has 30 seconds left.
|inactive|JeanChasuble has 20 seconds left.
|inactive|JeanChasuble has 15 seconds left.
|inactive|JeanChasuble has 10 seconds left.
|inactive|pokesita has 20 seconds left.
|
|t:|1756481259
|move|p2b: Electabuzz|Follow Me|p2b: Electabuzz
|-singleturn|p2b: Electabuzz|move: Follow Me
|move|p1b: Tauros|Close Combat|p2b: Electabuzz
|-damage|p2b: Electabuzz|0 fnt
|-unboost|p1b: Tauros|def|1
|-unboost|p1b: Tauros|spd|1
|faint|p2b: Electabuzz
|move|p2a: Dragonite|Scale Shot|p1a: Ursaluna|[miss]
|-miss|p2a: Dragonite|p1a: Ursaluna
|move|p1a: Ursaluna|Hyper Voice|p2a: Dragonite
|-damage|p2a: Dragonite|4/100
|-damage|p1a: Ursaluna|49/100|[from] item: Life Orb
|
|-sideend|p1: pokesita|move: Tailwind
|upkeep
|
|t:|1756481266
|switch|p2b: Kingambit|Kingambit, L50, F|100/100
|turn|6
|inactive|pokesita has 30 seconds left.
|
|t:|1756481299
|move|p2a: Dragonite|Extreme Speed|p1b: Tauros
|-damage|p1b: Tauros|36/100
|move|p1b: Tauros|Aqua Jet|p2a: Dragonite
|-damage|p2a: Dragonite|0 fnt
|faint|p2a: Dragonite
|move|p2b: Kingambit|Sucker Punch|p1a: Ursaluna
|-damage|p1a: Ursaluna|19/100
|move|p1a: Ursaluna|Earth Power|p2b: Kingambit
|-supereffective|p2b: Kingambit
|-damage|p2b: Kingambit|0 fnt
|faint|p2b: Kingambit
|-damage|p1a: Ursaluna|9/100|[from] item: Life Orb
|
|win|pokesita
||JeanChasuble is ready for game 3.
|inactive|pokesita has 30 seconds to confirm battle start!
