|j|☆Soorf
|j|☆new mental
|html|Soorfnew mental    
|uhtml|bestof|Game 2 of a best-of-3
|t:|1784638577
|gametype|doubles
|player|p1|Soorf|265|1097
|player|p2|new mental|volkner|1199
|gen|9
|tier|[Gen 9 Champions] VGC 2026 Reg M-B (Bo3)
|rated|
|rule|Species Clause: Limit one of each Pokémon
|rule|Item Clause: Limit 1 of each item
|clearpoke
|poke|p1|Politoed, L50, F|
|poke|p1|Bellibolt, L50, F|
|poke|p1|Toxicroak, L50, F|
|poke|p1|Venusaur, L50, F|
|poke|p1|Greninja, L50, F|
|poke|p1|Basculegion, L50, M|
|poke|p2|Aerodactyl, L50, M|
|poke|p2|Garchomp, L50, F|
|poke|p2|Kingambit, L50, M|
|poke|p2|Charizard, L50, F|
|poke|p2|Sylveon, L50, F|
|poke|p2|Farigiraf, L50, M|
|teampreview|4
|showteam|p1|Politoed||SitrusBerry|Drizzle|IceBeam,WeatherBall,Protect,PerishSong|Timid||F|||50|]Bellibolt||Magnet|Electromorphosis|ParabolicCharge,Thunder,Soak,Protect|Modest||F|||50|]Toxicroak||FocusSash|PoisonTouch|Protect,KnockOff,FakeOut,CloseCombat|Adamant||F|||50|]Venusaur||Venusaurite|Chlorophyll|GigaDrain,SludgeBomb,Protect,HelpingHand|Serious||F|||50|]Greninja||Greninjite|Protean|Uturn,IceBeam,WeatherBall,Protect|Timid||F|||50|]Basculegion||LifeOrb|Adaptability|AquaJet,WaveCrash,LastRespects,Protect|Adamant||M|||50|
|showteam|p2|Aerodactyl||Aerodactylite|Unnerve|IceFang,RockSlide,Tailwind,DualWingbeat|Jolly||M|||50|]Garchomp||LifeOrb|RoughSkin|DragonClaw,RockSlide,Earthquake,Protect|Jolly||F|||50|]Kingambit||FocusSash|Defiant|SuckerPunch,KowtowCleave,IronHead,LowKick|Adamant||M|||50|]Charizard||CharizarditeY|SolarPower|Protect,WeatherBall,HeatWave,SolarBeam|Modest||F|||50|]Sylveon||FairyFeather|Pixilate|Protect,HyperVoice,HyperBeam,QuickAttack|Modest||F|||50|]Farigiraf||SitrusBerry|ArmorTail|TrickRoom,Thunderbolt,Roar,Psychic|Bold||M|||50|
|inactive|Battle timer is ON: inactive players will automatically lose when time's up. (requested by new mental)
|
|t:|1784638610
|teamsize|p1|4
|teamsize|p2|4
|start
|switch|p1a: BIG frog|Bellibolt, L50, F|100/100
|switch|p1b: pointy frog|Toxicroak, L50, F|100/100
|switch|p2a: Aerodactyl|Aerodactyl, L50, M|100/100
|switch|p2b: Sylveon|Sylveon, L50, F|100/100
|-ability|p2a: Aerodactyl|Unnerve
|turn|1
|inactive|Soorf has 30 seconds left.
|inactive|Soorf has 20 seconds left.
|
|t:|1784638649
|switch|p2b: Farigiraf|Farigiraf, L50, M|100/100
|detailschange|p2a: Aerodactyl|Aerodactyl-Mega, L50, M
|-mega|p2a: Aerodactyl|Aerodactyl|Aerodactylite
|move|p1b: pointy frog|Fake Out||[still]
|cant|p2b: Farigiraf|ability: Armor Tail|Fake Out|[of] p1b: pointy frog
|move|p2a: Aerodactyl|Tailwind|p2a: Aerodactyl
|-sidestart|p2: new mental|move: Tailwind
|move|p1a: BIG frog|Parabolic Charge|p2b: Farigiraf|[spread] p1b,p2a,p2b
|-supereffective|p2a: Aerodactyl|1
|-damage|p1b: pointy frog|52/100
|-damage|p2a: Aerodactyl|37/100
|-damage|p2b: Farigiraf|73/100
|
|upkeep
|turn|2
|inactive|new mental has 30 seconds left.
|inactive|new mental has 20 seconds left.
|
|t:|1784638685
|switch|p2a: Garchomp|Garchomp, L50, F|100/100
|move|p1b: pointy frog|Protect|p1b: pointy frog
|-singleturn|p1b: pointy frog|Protect
|move|p2b: Farigiraf|Psychic|p1b: pointy frog
|-activate|p1b: pointy frog|move: Protect
|move|p1a: BIG frog|Parabolic Charge|p2a: Garchomp|[spread] p2b
|-activate|p1b: pointy frog|move: Protect
|-immune|p2a: Garchomp
|-damage|p2b: Farigiraf|46/100
|-enditem|p2b: Farigiraf|Sitrus Berry|[eat]
|-heal|p2b: Farigiraf|71/100|[from] item: Sitrus Berry
|
|upkeep
|turn|3
|
|t:|1784638706
|switch|p2b: Aerodactyl|Aerodactyl-Mega, L50, M|37/100
|switch|p1a: sun frog|Venusaur, L50, F|100/100
|move|p2a: Garchomp|Earthquake|p1a: sun frog|[spread] p1a,p1b
|-immune|p2b: Aerodactyl
|-supereffective|p1b: pointy frog|1
|-damage|p1a: sun frog|47/100
|-damage|p1b: pointy frog|0 fnt
|faint|p1b: pointy frog
|-damage|p2a: Garchomp|90/100|[from] item: Life Orb
|
|upkeep
|
|t:|1784638718
|switch|p1b: rain frog|Politoed, L50, F|100/100
|-weather|RainDance|[from] ability: Drizzle|[of] p1b: rain frog
|turn|4
|
|t:|1784638735
|detailschange|p1a: sun frog|Venusaur-Mega, L50, F
|-mega|p1a: sun frog|Venusaur|Venusaurite
|move|p1a: sun frog|Protect|p1a: sun frog
|-singleturn|p1a: sun frog|Protect
|move|p1b: rain frog|Protect|p1b: rain frog
|-singleturn|p1b: rain frog|Protect
|move|p2b: Aerodactyl|Rock Slide|p1b: rain frog|[spread] 
|-activate|p1a: sun frog|move: Protect
|-activate|p1b: rain frog|move: Protect
|move|p2a: Garchomp|Earthquake|p1b: rain frog|[spread] 
|-activate|p1a: sun frog|move: Protect
|-activate|p1b: rain frog|move: Protect
|-immune|p2b: Aerodactyl
|
|-weather|RainDance|[upkeep]
|-sideend|p2: new mental|move: Tailwind
|upkeep
|turn|5
|inactive|Soorf has 30 seconds left.
|inactive|new mental has 30 seconds left.
|
|t:|1784638770
|move|p2b: Aerodactyl|Tailwind|p2b: Aerodactyl
|-sidestart|p2: new mental|move: Tailwind
|move|p2a: Garchomp|Earthquake|p1b: rain frog|[spread] p1a,p1b
|-immune|p2b: Aerodactyl
|-damage|p1a: sun frog|9/100
|-damage|p1b: rain frog|52/100
|-damage|p2a: Garchomp|80/100|[from] item: Life Orb
|move|p1a: sun frog|Giga Drain|p2b: Aerodactyl
|-damage|p2b: Aerodactyl|0 fnt
|-heal|p1a: sun frog|26/100|[from] drain|[of] p2b: Aerodactyl
|faint|p2b: Aerodactyl
|move|p1b: rain frog|Ice Beam|p2a: Garchomp
|-supereffective|p2a: Garchomp|2
|-damage|p2a: Garchomp|0 fnt
|faint|p2a: Garchomp
|
|-weather|RainDance|[upkeep]
|upkeep
|
|t:|1784638774
|switch|p2b: Farigiraf|Farigiraf, L50, M|71/100
|switch|p2a: Sylveon|Sylveon, L50, F|100/100
|turn|6
|
|t:|1784638798
|move|p2a: Sylveon|Hyper Voice|p1a: sun frog|[spread] p1a,p1b
|-resisted|p1a: sun frog|1
|-damage|p1a: sun frog|5/100
|-damage|p1b: rain frog|9/100
|-enditem|p1b: rain frog|Sitrus Berry|[eat]
|-heal|p1b: rain frog|34/100|[from] item: Sitrus Berry
|move|p2b: Farigiraf|Psychic|p1a: sun frog
|-supereffective|p1a: sun frog|1
|-damage|p1a: sun frog|0 fnt
|faint|p1a: sun frog
|move|p1b: rain frog|Perish Song|p1b: rain frog
|-start|p1b: rain frog|perish3|[silent]
|-start|p2a: Sylveon|perish3|[silent]
|-start|p2b: Farigiraf|perish3|[silent]
|-fieldactivate|move: Perish Song
|
|-weather|RainDance|[upkeep]
|-start|p2a: Sylveon|perish3
|-start|p2b: Farigiraf|perish3
|-start|p1b: rain frog|perish3
|upkeep
|
|t:|1784638816
|switch|p1a: BIG frog|Bellibolt, L50, F|100/100
|turn|7
|
|t:|1784638821
|move|p1b: rain frog|Protect|p1b: rain frog
|-singleturn|p1b: rain frog|Protect
|move|p1a: BIG frog|Protect|p1a: BIG frog
|-singleturn|p1a: BIG frog|Protect
|move|p2a: Sylveon|Hyper Beam|p1a: BIG frog
|-activate|p1a: BIG frog|move: Protect
|move|p2b: Farigiraf|Psychic|p1a: BIG frog
|-activate|p1a: BIG frog|move: Protect
|
|-weather|RainDance|[upkeep]
|-start|p2a: Sylveon|perish2
|-start|p2b: Farigiraf|perish2
|-start|p1b: rain frog|perish2
|upkeep
|turn|8
|inactive|Soorf has 30 seconds left.
|inactive|Soorf has 20 seconds left.
|inactive|Soorf has 15 seconds left.
|inactive|Soorf has 10 seconds left.
|
|t:|1784638870
|move|p2a: Sylveon|Hyper Beam|p1a: BIG frog
|-damage|p1a: BIG frog|2/100
|-mustrecharge|p2a: Sylveon
|-start|p1a: BIG frog|Charge|Hyper Beam|[from] ability: Electromorphosis
|move|p2b: Farigiraf|Psychic|p1a: BIG frog
|-damage|p1a: BIG frog|0 fnt
|faint|p1a: BIG frog
|move|p1b: rain frog|Weather Ball|p2b: Farigiraf
|-damage|p2b: Farigiraf|28/100
|
|-weather|none
|-start|p2a: Sylveon|perish1
|-start|p2b: Farigiraf|perish1
|-start|p1b: rain frog|perish1
|-sideend|p2: new mental|move: Tailwind
|upkeep
|turn|9
|inactive|Soorf has 30 seconds left.
|
|t:|1784638901
|move|p1b: rain frog|Protect|p1b: rain frog
|-singleturn|p1b: rain frog|Protect
|cant|p2a: Sylveon|recharge
|move|p2b: Farigiraf|Psychic|p1b: rain frog
|-activate|p1b: rain frog|move: Protect
|
|-start|p1b: rain frog|perish0
|-start|p2a: Sylveon|perish0
|-start|p2b: Farigiraf|perish0
|faint|p1b: rain frog
|faint|p2a: Sylveon
|faint|p2b: Farigiraf
|
|win|new mental
|raw|Soorf's rating: 1097 → 1079(-18 for losing)
|raw|new mental's rating: 1199 → 1217(+18 for winning)
