|j|☆ToastedArt
|j|☆theonlyambipomfan
|html|ToastedArttheonlyambipomfan    
|uhtml|bestof|Game 1 of a best-of-3
|t:|1784433996
|gametype|doubles
|player|p1|ToastedArt|iris|1070
|player|p2|theonlyambipomfan|volkner|1169
|gen|9
|tier|[Gen 9 Champions] VGC 2026 Reg M-B (Bo3)
|rated|
|rule|Species Clause: Limit one of each Pokémon
|rule|Item Clause: Limit 1 of each item
|clearpoke
|poke|p1|Falinks, L50, shiny|
|poke|p1|Gholdengo, L50|
|poke|p1|Alcremie-Rainbow-Swirl, L50, F, shiny|
|poke|p1|Sinistcha, L50|
|poke|p1|Maushold, L50|
|poke|p1|Incineroar, L50, M|
|poke|p2|Glimmora, L50, F, shiny|
|poke|p2|Whimsicott, L50, F|
|poke|p2|Incineroar, L50, F, shiny|
|poke|p2|Basculegion, L50, M, shiny|
|poke|p2|Rotom-Frost, L50|
|poke|p2|Froslass, L50, F|
|teampreview|4
|showteam|p1|Falinks||Falinksite|Defiant|NoRetreat,CloseCombat,RockSlide,Protect|Adamant|||||50|]Gholdengo||LifeOrb|GoodasGold|MakeItRain,ShadowBall,NastyPlot,Protect|Modest|||||50|]Alcremie-Rainbow-Swirl||ChoiceScarf|AromaVeil|Decorate,MistyExplosion,MysticalFire,DazzlingGleam|Timid||F|||50|]Sinistcha||CobaBerry|Hospitality|MatchaGotcha,LifeDew,RagePowder,Protect|Bold|||||50|]Maushold||WideLens|FriendGuard|FollowMe,PopulationBomb,Encore,Protect|Impish|||||50|]Incineroar||PasshoBerry|Intimidate|PartingShot,FakeOut,ThroatChop,FlareBlitz|Careful||M|||50|
|showteam|p2|Glimmora||Glimmoranite|ToxicDebris|SludgeBomb,PowerGem,EarthPower,SpikyShield|Timid||F|||50|]Whimsicott||FocusSash|Prankster|Tailwind,Encore,GrassKnot,Protect|Bold||F|||50|]Incineroar||ExpertBelt|Intimidate|FakeOut,FlareBlitz,PartingShot,DarkestLariat|Adamant||F|||50|]Basculegion||ChoiceScarf|Adaptability|WaveCrash,LastRespects,ZenHeadbutt,FlipTurn|Jolly||M|||50|]Rotom-Frost||LifeOrb|Levitate|WillOWisp,VoltSwitch,Thunderbolt,Blizzard|Timid|||||50|]Froslass||Froslassite|CursedBody|Blizzard,AuroraVeil,ShadowBall,Protect|Timid||F|||50|
|inactive|Battle timer is ON: inactive players will automatically lose when time's up. (requested by ToastedArt)
|inactive|ToastedArt has 60 seconds left.
|inactive|ToastedArt has 30 seconds left.
|inactive|ToastedArt has 20 seconds left.
|inactive|ToastedArt has 15 seconds left.
|inactive|ToastedArt has 10 seconds left.
|
|t:|1784434082
|teamsize|p1|4
|teamsize|p2|4
|start
|switch|p1a: Falinks|Falinks, L50, shiny|100/100
|switch|p1b: Alcremie|Alcremie-Rainbow-Swirl, L50, F, shiny|100/100
|switch|p2a: Whimsicott|Whimsicott, L50, F|100/100
|switch|p2b: Glimmora|Glimmora, L50, F, shiny|100/100
|turn|1
|
|t:|1784434096
|detailschange|p1a: Falinks|Falinks-Mega, L50, shiny
|-mega|p1a: Falinks|Falinks|Falinksite
|move|p2b: Glimmora|Spiky Shield|p2b: Glimmora
|-singleturn|p2b: Glimmora|move: Protect
|move|p2a: Whimsicott|Tailwind|p2a: Whimsicott
|-sidestart|p2: theonlyambipomfan|move: Tailwind
|move|p1b: Alcremie|Decorate|p1a: Falinks
|-boost|p1a: Falinks|atk|2
|-boost|p1a: Falinks|spa|2
|move|p1a: Falinks|No Retreat|p1a: Falinks
|-boost|p1a: Falinks|atk|1
|-boost|p1a: Falinks|def|1
|-boost|p1a: Falinks|spa|1
|-boost|p1a: Falinks|spd|1
|-boost|p1a: Falinks|spe|1
|-start|p1a: Falinks|move: No Retreat
|
|upkeep
|turn|2
|inactive|ToastedArt has 30 seconds left.
|
|t:|1784434123
|detailschange|p2b: Glimmora|Glimmora-Mega, L50, F, shiny
|-mega|p2b: Glimmora|Glimmora|Glimmoranite
|move|p2b: Glimmora|Sludge Bomb|p1a: Falinks
|-damage|p1a: Falinks|38/100
|-status|p1a: Falinks|psn
|move|p2a: Whimsicott|Grass Knot|p1a: Falinks
|-damage|p1a: Falinks|17/100 psn
|move|p1a: Falinks|Rock Slide|p2b: Glimmora|[spread] p2a,p2b
|-damage|p2a: Whimsicott|59/100
|-damage|p2b: Glimmora|48/100
|move|p1b: Alcremie|Decorate|p1a: Falinks
|-boost|p1a: Falinks|atk|2
|-boost|p1a: Falinks|spa|2
|
|-damage|p1a: Falinks|4/100 psn|[from] psn
|upkeep
|turn|3
|inactive|theonlyambipomfan has 30 seconds left.
|
|t:|1784434153
|switch|p1b: Sinistcha|Sinistcha, L50|100/100
|-heal|p1a: Falinks|29/100 psn|[from] ability: Hospitality|[of] p1b: Sinistcha
|move|p2a: Whimsicott|Protect|p2a: Whimsicott
|-singleturn|p2a: Whimsicott|Protect
|move|p2b: Glimmora|Spiky Shield|p2b: Glimmora
|-singleturn|p2b: Glimmora|move: Protect
|move|p1a: Falinks|Rock Slide|p2a: Whimsicott|[spread] 
|-activate|p2a: Whimsicott|move: Protect
|-activate|p2b: Glimmora|move: Protect
|
|-damage|p1a: Falinks|17/100 psn|[from] psn
|upkeep
|turn|4
|
|t:|1784434169
|move|p1a: Falinks|Protect|p1a: Falinks
|-singleturn|p1a: Falinks|Protect
|move|p2b: Glimmora|Sludge Bomb|p1b: Sinistcha
|-damage|p1b: Sinistcha|34/100
|move|p2a: Whimsicott|Grass Knot|p1a: Falinks
|-activate|p1a: Falinks|move: Protect
|move|p1b: Sinistcha|Life Dew|p1b: Sinistcha|[spread] p1a,p1b
|-heal|p1a: Falinks|42/100 psn
|-heal|p1b: Sinistcha|60/100
|
|-damage|p1a: Falinks|29/100 psn|[from] psn
|-sideend|p2: theonlyambipomfan|move: Tailwind
|upkeep
|turn|5
|
|t:|1784434184
|move|p1b: Sinistcha|Rage Powder|p1b: Sinistcha
|-singleturn|p1b: Sinistcha|move: Rage Powder
|move|p2a: Whimsicott|Tailwind|p2a: Whimsicott
|-sidestart|p2: theonlyambipomfan|move: Tailwind
|move|p2b: Glimmora|Sludge Bomb|p1b: Sinistcha
|-damage|p1b: Sinistcha|0 fnt
|faint|p1b: Sinistcha
|move|p1a: Falinks|Rock Slide|p2b: Glimmora|[spread] p2a,p2b
|-damage|p2a: Whimsicott|0 fnt
|-damage|p2b: Glimmora|0 fnt
|faint|p2a: Whimsicott
|faint|p2b: Glimmora
|
|-damage|p1a: Falinks|17/100 psn|[from] psn
|upkeep
|
|t:|1784434196
|switch|p2b: Incineroar|Incineroar, L50, F, shiny|100/100
|switch|p2a: Basculegion|Basculegion, L50, M, shiny|100/100
|switch|p1b: Maushold|Maushold, L50|100/100
|-ability|p2b: Incineroar|Intimidate|boost
|-unboost|p1a: Falinks|atk|1
|-ability|p1a: Falinks|Defiant|boost
|-boost|p1a: Falinks|atk|2
|-unboost|p1b: Maushold|atk|1
|turn|6
|
|t:|1784434212
|move|p1a: Falinks|Protect|p1a: Falinks
|-singleturn|p1a: Falinks|Protect
|move|p1b: Maushold|Protect|p1b: Maushold
|-singleturn|p1b: Maushold|Protect
|move|p2b: Incineroar|Fake Out|p1a: Falinks
|-activate|p1a: Falinks|move: Protect
|move|p2a: Basculegion|Wave Crash|p1b: Maushold
|-activate|p1b: Maushold|move: Protect
|
|-damage|p1a: Falinks|4/100 psn|[from] psn
|upkeep
|turn|7
|
|t:|1784434228
|move|p1b: Maushold|Follow Me|p1b: Maushold
|-singleturn|p1b: Maushold|move: Follow Me
|move|p2a: Basculegion|Wave Crash|p1b: Maushold
|-damage|p1b: Maushold|25/100
|-damage|p2a: Basculegion|77/100|[from] Recoil
|move|p1a: Falinks|Close Combat|p2b: Incineroar
|-supereffective|p2b: Incineroar|1
|-damage|p2b: Incineroar|0 fnt
|-unboost|p1a: Falinks|def|1
|-unboost|p1a: Falinks|spd|1
|faint|p2b: Incineroar
|
|-damage|p1a: Falinks|0 fnt|[from] psn
|faint|p1a: Falinks
|upkeep
|
|t:|1784434235
|switch|p1a: Alcremie|Alcremie-Rainbow-Swirl, L50, F, shiny|100/100
|turn|8
|
|t:|1784434248
|move|p1b: Maushold|Follow Me|p1b: Maushold
|-singleturn|p1b: Maushold|move: Follow Me
|move|p2a: Basculegion|Wave Crash|p1b: Maushold
|-damage|p1b: Maushold|0 fnt
|faint|p1b: Maushold
|-damage|p2a: Basculegion|69/100|[from] Recoil
|move|p1a: Alcremie|Dazzling Gleam|p2a: Basculegion
|-damage|p2a: Basculegion|26/100
|
|-sideend|p2: theonlyambipomfan|move: Tailwind
|upkeep
|turn|9
|
|t:|1784434258
|move|p2a: Basculegion|Wave Crash|p1a: Alcremie
|-damage|p1a: Alcremie|0 fnt
|faint|p1a: Alcremie
|-damage|p2a: Basculegion|3/100|[from] Recoil
|
|win|theonlyambipomfan
