|j|☆soulmoonvgc
|j|☆Lemon468881
|html|soulmoonvgcLemon468881    
|uhtml|bestof|Game 2 of a best-of-3
|t:|1782726266
|gametype|doubles
|player|p1|soulmoonvgc|marshal|1047
|player|p2|Lemon468881|102|1047
|gen|9
|tier|[Gen 9 Champions] VGC 2026 Reg M-B (Bo3)
|rated|
|rule|Species Clause: Limit one of each Pokémon
|rule|Item Clause: Limit 1 of each item
|clearpoke
|poke|p1|Aerodactyl, L50, F|
|poke|p1|Scovillain, L50, M|
|poke|p1|Gholdengo, L50|
|poke|p1|Sneasler, L50, F|
|poke|p1|Basculegion, L50, M|
|poke|p1|Garchomp, L50, F|
|poke|p2|Staraptor, L50, M|
|poke|p2|Torkoal, L50, F|
|poke|p2|Oranguru, L50, M|
|poke|p2|Grimmsnarl, L50, M|
|poke|p2|Basculegion, L50, M|
|poke|p2|Kingambit, L50, M|
|teampreview|4
|showteam|p1|Aerodactyl||Aerodactylite|Unnerve|DualWingbeat,Tailwind,RockSlide,Protect|Jolly||F|||50|]Scovillain||Scovillainite|Chlorophyll|Overheat,LeechSeed,RagePowder,Protect|Calm||M|||50|]Gholdengo||LifeOrb|GoodasGold|MakeItRain,ShadowBall,NastyPlot,Protect|Modest|||||50|]Sneasler||FocusSash|Unburden|CloseCombat,DireClaw,FakeOut,QuickGuard|Jolly||F|||50|]Basculegion||ChoiceScarf|Adaptability|WaveCrash,FlipTurn,LastRespects,AquaJet|Jolly||M|||50|]Garchomp||ExpertBelt|RoughSkin|Earthquake,DragonClaw,RockSlide,Protect|Jolly||F|||50|
|showteam|p2|Staraptor||Staraptite|Intimidate|CloseCombat,BraveBird,Tailwind,Protect|Adamant||M|||50|]Torkoal||Charcoal|Drought|Eruption,HeatWave,SolarBeam,Protect|Quiet||F|||50|]Oranguru||ColburBerry|InnerFocus|Instruct,Psychic,TrickRoom,Protect|Bold||M|||50|]Grimmsnarl||SitrusBerry|Prankster|FoulPlay,LightScreen,Reflect,PartingShot|Impish||M|||50|]Basculegion||ChoiceScarf|Adaptability|LastRespects,FlipTurn,WaveCrash,AquaJet|Adamant||M|||50|]Kingambit||FocusSash|Defiant|KowtowCleave,SuckerPunch,LowKick,Protect|Adamant||M|||50|
|inactive|Battle timer is ON: inactive players will automatically lose when time's up. (requested by soulmoonvgc)
|
|t:|1782726278
|teamsize|p1|4
|teamsize|p2|4
|start
|switch|p1a: Garchomp|Garchomp, L50, F|100/100
|switch|p1b: Scovillain|Scovillain, L50, M|100/100
|switch|p2a: Oranguru|Oranguru, L50, M|100/100
|switch|p2b: Torkoal|Torkoal, L50, F|100/100
|-weather|SunnyDay|[from] ability: Drought|[of] p2b: Torkoal
|turn|1
|
|t:|1782726295
|move|p2b: Torkoal|Protect|p2b: Torkoal
|-singleturn|p2b: Torkoal|Protect
|move|p1b: Scovillain|Overheat|p2a: Oranguru
|-damage|p2a: Oranguru|39/100
|-unboost|p1b: Scovillain|spa|2
|move|p1a: Garchomp|Dragon Claw|p2a: Oranguru
|-damage|p2a: Oranguru|8/100
|move|p2a: Oranguru|Trick Room|p2a: Oranguru
|-fieldstart|move: Trick Room|[of] p2a: Oranguru
|
|-weather|SunnyDay|[upkeep]
|upkeep
|turn|2
|
|t:|1782726311
|detailschange|p1b: Scovillain|Scovillain-Mega, L50, M
|-mega|p1b: Scovillain|Scovillain|Scovillainite
|move|p1a: Garchomp|Protect|p1a: Garchomp
|-singleturn|p1a: Garchomp|Protect
|move|p2b: Torkoal|Eruption|p1a: Garchomp|[spread] p1b
|-activate|p1a: Garchomp|move: Protect
|-damage|p1b: Scovillain|26/100
|-immune|p2b: Torkoal
|move|p2a: Oranguru|Instruct|p2b: Torkoal
|-singleturn|p2b: Torkoal|move: Instruct|[of] p2a: Oranguru
|move|p2b: Torkoal|Eruption|p1b: Scovillain|[spread] p1b
|-activate|p1a: Garchomp|move: Protect
|-damage|p1b: Scovillain|0 fnt
|-immune|p2b: Torkoal
|faint|p1b: Scovillain
|
|-weather|SunnyDay|[upkeep]
|upkeep
|
|t:|1782726324
|switch|p1b: Basculegion|Basculegion, L50, M|100/100
|turn|3
|
|t:|1782726336
|move|p1b: Basculegion|Aqua Jet|p2a: Oranguru
|-crit|p2a: Oranguru
|-damage|p2a: Oranguru|0 fnt
|faint|p2a: Oranguru
|move|p2b: Torkoal|Solar Beam||[still]
|-prepare|p2b: Torkoal|Solar Beam
|-anim|p2b: Torkoal|Solar Beam|p1b: Basculegion
|-supereffective|p1b: Basculegion|1
|-damage|p1b: Basculegion|26/100
|move|p1a: Garchomp|Earthquake|p2b: Torkoal|[spread] p1b,p2b
|-supereffective|p2b: Torkoal|1
|-damage|p1b: Basculegion|0 fnt
|-damage|p2b: Torkoal|35/100
|faint|p1b: Basculegion
|
|-weather|SunnyDay|[upkeep]
|upkeep
|
|t:|1782726351
|switch|p2a: Kingambit|Kingambit, L50, M|100/100
|switch|p1b: Gholdengo|Gholdengo, L50|100/100
|turn|4
|
|t:|1782726357
|move|p1b: Gholdengo|Protect|p1b: Gholdengo
|-singleturn|p1b: Gholdengo|Protect
|move|p2b: Torkoal|Heat Wave|p1a: Garchomp|[spread] p1a
|-activate|p1b: Gholdengo|move: Protect
|-resisted|p1a: Garchomp|1
|-damage|p1a: Garchomp|68/100
|move|p2a: Kingambit|Kowtow Cleave|p1b: Gholdengo
|-activate|p1b: Gholdengo|move: Protect
|move|p1a: Garchomp|Earthquake|p2b: Torkoal|[spread] p2a,p2b
|-activate|p1b: Gholdengo|move: Protect
|-supereffective|p2a: Kingambit|1
|-supereffective|p2b: Torkoal|1
|-damage|p2a: Kingambit|35/100
|-damage|p2b: Torkoal|0 fnt
|faint|p2b: Torkoal
|
|-weather|SunnyDay|[upkeep]
|upkeep
|
|t:|1782726365
|switch|p2b: Staraptor|Staraptor, L50, M|100/100
|-ability|p2b: Staraptor|Intimidate|boost
|-unboost|p1a: Garchomp|atk|1
|-unboost|p1b: Gholdengo|atk|1
|turn|5
|
|t:|1782726386
|detailschange|p2b: Staraptor|Staraptor-Mega, L50, M
|-mega|p2b: Staraptor|Staraptor|Staraptite
|move|p2b: Staraptor|Protect|p2b: Staraptor
|-singleturn|p2b: Staraptor|Protect
|move|p2a: Kingambit|Kowtow Cleave|p1b: Gholdengo
|-supereffective|p1b: Gholdengo|1
|-damage|p1b: Gholdengo|12/100
|move|p1b: Gholdengo|Make It Rain|p2b: Staraptor|[spread] p2a
|-activate|p2b: Staraptor|move: Protect
|-resisted|p2a: Kingambit|1
|-damage|p2a: Kingambit|5/100
|-unboost|p1b: Gholdengo|spa|2
|-damage|p1b: Gholdengo|2/100|[from] item: Life Orb
|move|p1a: Garchomp|Rock Slide|p2b: Staraptor|[spread] 
|-activate|p2b: Staraptor|move: Protect
|-miss|p1a: Garchomp|p2a: Kingambit
|
|-weather|none
|-fieldend|move: Trick Room
|upkeep
|turn|6
|
|t:|1782726410
|move|p2a: Kingambit|Sucker Punch||[still]
|-fail|p2a: Kingambit
|move|p1a: Garchomp|Rock Slide|p2a: Kingambit|[spread] p2a,p2b
|-resisted|p2a: Kingambit|1
|-damage|p2a: Kingambit|1/100
|-damage|p2b: Staraptor|86/100
|cant|p2b: Staraptor|flinch
|move|p1b: Gholdengo|Nasty Plot|p1b: Gholdengo
|-boost|p1b: Gholdengo|spa|2
|
|upkeep
|turn|7
|
|t:|1782726427
|move|p2a: Kingambit|Sucker Punch||[still]
|-fail|p2a: Kingambit
|move|p1a: Garchomp|Rock Slide|p2a: Kingambit|[spread] p2a,p2b
|-resisted|p2a: Kingambit|1
|-damage|p2a: Kingambit|0 fnt
|-damage|p2b: Staraptor|71/100
|faint|p2a: Kingambit
|cant|p2b: Staraptor|flinch
|move|p1b: Gholdengo|Nasty Plot|p1b: Gholdengo
|-boost|p1b: Gholdengo|spa|2
|
|upkeep
|turn|8
|
|t:|1782726438
|move|p1a: Garchomp|Dragon Claw|p2b: Staraptor
|-damage|p2b: Staraptor|43/100
|move|p2b: Staraptor|Close Combat|p1a: Garchomp
|-damage|p1a: Garchomp|0 fnt
|-boost|p2b: Staraptor|def|1
|-boost|p2b: Staraptor|spd|1
|-damage|p2b: Staraptor|31/100|[from] ability: Rough Skin|[of] p1a: Garchomp
|faint|p1a: Garchomp
|move|p1b: Gholdengo|Make It Rain|p2b: Staraptor
|-damage|p2b: Staraptor|0 fnt
|-unboost|p1b: Gholdengo|spa|2
|faint|p2b: Staraptor
|-damage|p1b: Gholdengo|0 fnt|[from] item: Life Orb
|faint|p1b: Gholdengo
|
|win|soulmoonvgc
|raw|soulmoonvgc's rating: 1047 → 1080(+33 for winning)
|raw|Lemon468881's rating: 1047 → 1030(-17 for losing)
