|j|☆fayzginger
|j|☆KaiserBN1
|html|fayzgingerKaiserBN1    
|uhtml|bestof|Game 1 of a best-of-3
|t:|1756587348
|gametype|doubles
|player|p1|fayzginger|benga|1130
|player|p2|KaiserBN1|n|1141
|gen|9
|tier|[Gen 9] VGC 2025 Reg H (Bo3)
|rated|
|rule|Species Clause: Limit one of each Pokémon
|rule|Item Clause: Limit 1 of each item
|clearpoke
|poke|p1|Tyranitar, L50, M|
|poke|p1|Ursaluna-Bloodmoon, L50, M|
|poke|p1|Sneasler, L50, M|
|poke|p1|Indeedee, L50, M|
|poke|p1|Volcarona, L50, M|
|poke|p1|Annihilape, L50, M|
|poke|p2|Amoonguss, L50, F|
|poke|p2|Sneasler, L50, M|
|poke|p2|Gholdengo, L50|
|poke|p2|Incineroar, L50, M|
|poke|p2|Ursaluna-Bloodmoon, L50, M|
|poke|p2|Dragonite, L50, F|
|teampreview|4
|showteam|p1|Tyranitar||AssaultVest|SandStream|TeraBlast,KnockOff,RockSlide,LowKick|||M|||50|,,,,,Flying]Ursaluna-Bloodmoon||LifeOrb|MindsEye|Protect,BloodMoon,HyperVoice,EarthPower|||M|||50|,,,,,Normal]Sneasler||PsychicSeed|Unburden|Protect,CloseCombat,DireClaw,ThroatChop|||M|||50|,,,,,Dark]Indeedee||ChoiceScarf|PsychicSurge|ExpandingForce,TeraBlast,Trick,Protect|||M|||50|,,,,,Psychic]Volcarona||SitrusBerry|FlameBody|Overheat,RagePowder,StruggleBug,Tailwind|||M|||50|,,,,,Grass]Annihilape||SafetyGoggles|Defiant|CloseCombat,RageFist,FinalGambit,Taunt|||M|||50|,,,,,Fairy
|showteam|p2|Amoonguss||SitrusBerry|Regenerator|RagePowder,Spore,PollenPuff,Protect|||F|||50|,,,,,Psychic]Sneasler||FocusSash|Unburden|Protect,DireClaw,CloseCombat,ThroatChop|||M|||50|,,,,,Stellar]Gholdengo||LifeOrb|GoodasGold|Protect,MakeItRain,ShadowBall,NastyPlot||||||50|,,,,,Water]Incineroar||SafetyGoggles|Intimidate|KnockOff,PartingShot,FlareBlitz,FakeOut|||M|||50|,,,,,Ghost]Ursaluna-Bloodmoon||AssaultVest|MindsEye|BloodMoon,EarthPower,VacuumWave,HyperVoice|||M|||50|,,,,,Water]Dragonite||LoadedDice|Multiscale|ScaleShot,Tailwind,Haze,Protect|||F|||50|,,,,,Fairy
|inactive|Battle timer is ON: inactive players will automatically lose when time's up. (requested by KaiserBN1)
|inactive|fayzginger has 60 seconds left.
|inactive|KaiserBN1 has 60 seconds left.
|inactive|KaiserBN1 has 30 seconds left.
|inactive|KaiserBN1 has 20 seconds left.
|
|t:|1756587422
|teamsize|p1|4
|teamsize|p2|4
|start
|switch|p1a: Volcarona|Volcarona, L50, M, shiny|100/100
|switch|p1b: Annihilape|Annihilape, L50, M, shiny|100/100
|switch|p2a: 8|Sneasler, L50, M|100/100
|switch|p2b: Golden Wind|Dragonite, L50, F|100/100
|turn|1
|inactive|KaiserBN1 has 30 seconds left.
|
|t:|1756587452
|move|p2a: 8|Throat Chop|p1b: Annihilape
|-damage|p1b: Annihilape|69/100
|-start|p1b: Annihilape|Throat Chop|[silent]
|move|p1a: Volcarona|Tailwind|p1a: Volcarona
|-sidestart|p1: fayzginger|move: Tailwind
|move|p1b: Annihilape|Final Gambit|p2b: Golden Wind
|-damage|p2b: Golden Wind|14/100
|faint|p1b: Annihilape
|move|p2b: Golden Wind|Tailwind|p2b: Golden Wind
|-sidestart|p2: KaiserBN1|move: Tailwind
|
|upkeep
|
|t:|1756587468
|switch|p1b: Sneasler|Sneasler, L50, M, shiny|100/100
|turn|2
|inactive|KaiserBN1 has 30 seconds left.
|inactive|KaiserBN1 has 20 seconds left.
|inactive|KaiserBN1 has 15 seconds left.
|inactive|KaiserBN1 has 10 seconds left.
|inactive|KaiserBN1 has 5 seconds left.
|
|t:|1756587519
|switch|p2a: Luffy|Incineroar, L50, M|100/100
|-ability|p2a: Luffy|Intimidate|boost
|-unboost|p1a: Volcarona|atk|1
|-unboost|p1b: Sneasler|atk|1
|move|p2b: Golden Wind|Protect|p2b: Golden Wind
|-singleturn|p2b: Golden Wind|Protect
|move|p1a: Volcarona|Rage Powder|p1a: Volcarona
|-singleturn|p1a: Volcarona|move: Rage Powder
|move|p1b: Sneasler|Dire Claw|p2b: Golden Wind
|-activate|p2b: Golden Wind|move: Protect
|
|upkeep
|turn|3
|
|t:|1756587539
|switch|p1b: Indeedee|Indeedee, L50, M, shiny|100/100
|-fieldstart|move: Psychic Terrain|[from] ability: Psychic Surge|[of] p1b: Indeedee
|move|p2a: Luffy|Fake Out|p1b: Indeedee
|-activate|p1b: Indeedee|move: Psychic Terrain
|move|p1a: Volcarona|Overheat|p2b: Golden Wind
|-resisted|p2b: Golden Wind
|-damage|p2b: Golden Wind|0 fnt
|-unboost|p1a: Volcarona|spa|2
|faint|p2b: Golden Wind
|
|upkeep
|inactive|KaiserBN1 has 30 seconds left.
|inactive|KaiserBN1 has 20 seconds left.
|inactive|KaiserBN1 has 15 seconds left.
|
|t:|1756587583
|switch|p2b: 8|Sneasler, L50, M|100/100
|turn|4
|
|t:|1756587599
|switch|p1b: Sneasler|Sneasler, L50, M, shiny|100/100
|-enditem|p1b: Sneasler|Psychic Seed
|-boost|p1b: Sneasler|spd|1|[from] item: Psychic Seed
|move|p2b: 8|Dire Claw|p1b: Sneasler
|-resisted|p1b: Sneasler
|-damage|p1b: Sneasler|64/100
|move|p1a: Volcarona|Struggle Bug|p2a: Luffy|[spread] p2a,p2b
|-resisted|p2b: 8
|-damage|p2a: Luffy|93/100
|-damage|p2b: 8|98/100
|-unboost|p2a: Luffy|spa|1
|-unboost|p2b: 8|spa|1
|move|p2a: Luffy|Knock Off|p1b: Sneasler
|-resisted|p1b: Sneasler
|-damage|p1b: Sneasler|40/100
|
|-sideend|p1: fayzginger|move: Tailwind
|-sideend|p2: KaiserBN1|move: Tailwind
|upkeep
|turn|5
|inactive|KaiserBN1 has 30 seconds left.
|inactive|KaiserBN1 has 20 seconds left.
|inactive|fayzginger has 30 seconds left.
|inactive|KaiserBN1 has 15 seconds left.
|inactive|KaiserBN1 has 10 seconds left.
|
|t:|1756587646
|-terastallize|p2b: 8|Stellar
|move|p1a: Volcarona|Rage Powder|p1a: Volcarona
|-singleturn|p1a: Volcarona|move: Rage Powder
|move|p1b: Sneasler|Close Combat|p2a: Luffy
|-supereffective|p2a: Luffy
|-damage|p2a: Luffy|0 fnt
|-unboost|p1b: Sneasler|def|1
|-unboost|p1b: Sneasler|spd|1
|faint|p2a: Luffy
|move|p2b: 8|Dire Claw|p1a: Volcarona
|-damage|p1a: Volcarona|26/100
|-enditem|p1a: Volcarona|Sitrus Berry|[eat]
|-heal|p1a: Volcarona|51/100|[from] item: Sitrus Berry
|
|upkeep
|
|t:|1756587660
|switch|p2a: Tony|Ursaluna-Bloodmoon, L50, M|100/100
|turn|6
|
|t:|1756587684
|move|p2a: Tony|Vacuum Wave|p1b: Sneasler
|-activate|p1b: Sneasler|move: Psychic Terrain
|move|p1b: Sneasler|Close Combat|p2a: Tony
|-supereffective|p2a: Tony
|-damage|p2a: Tony|0 fnt
|-unboost|p1b: Sneasler|def|1
|-unboost|p1b: Sneasler|spd|1
|faint|p2a: Tony
|move|p2b: 8|Dire Claw|p1a: Volcarona
|-damage|p1a: Volcarona|0 fnt
|faint|p1a: Volcarona
|
|upkeep
|
|t:|1756587690
|switch|p1a: Indeedee|Indeedee, L50, M, shiny|100/100
|turn|7
|
|t:|1756587699
|move|p2b: 8|Protect|p2b: 8
|-singleturn|p2b: 8|Protect
|move|p1b: Sneasler|Dire Claw|p2b: 8
|-activate|p2b: 8|move: Protect
|move|p1a: Indeedee|Expanding Force|p2b: 8
|-activate|p2b: 8|move: Protect
|
|-fieldend|move: Psychic Terrain
|upkeep
|turn|8
|
|t:|1756587715
|move|p1b: Sneasler|Dire Claw|p2b: 8
|-resisted|p2b: 8
|-damage|p2b: 8|58/100
|-status|p2b: 8|slp
|move|p1a: Indeedee|Expanding Force|p2b: 8
|-supereffective|p2b: 8
|-damage|p2b: 8|0 fnt
|faint|p2b: 8
|
|win|fayzginger
||fayzginger is ready for game 2.
||KaiserBN1 is ready for game 2.
|uhtml|next|Next: Game 2 of 3
