|j|☆martinezgg
|j|☆kst kampfi
|html|martinezggkst kampfi    
|uhtml|bestof|Game 2 of a best-of-3
|t:|1783751804
|gametype|doubles
|player|p1|martinezgg|bruno|1040
|player|p2|kst kampfi|colress|1055
|gen|9
|tier|[Gen 9 Champions] VGC 2026 Reg M-B (Bo3)
|rated|
|rule|Species Clause: Limit one of each Pokémon
|rule|Item Clause: Limit 1 of each item
|clearpoke
|poke|p1|Excadrill, L50, M, shiny|
|poke|p1|Tyranitar, L50, F, shiny|
|poke|p1|Corviknight, L50, F, shiny|
|poke|p1|Hydreigon, L50, F, shiny|
|poke|p1|Scovillain, L50, M, shiny|
|poke|p1|Houndstone, L50, M, shiny|
|poke|p2|Floette-Eternal, L50, F|
|poke|p2|Sneasler, L50, F|
|poke|p2|Sinistcha, L50|
|poke|p2|Grimmsnarl, L50, M|
|poke|p2|Incineroar, L50, F|
|poke|p2|Rotom-Wash, L50|
|teampreview|4
|showteam|p1|Excadrill||FocusSash|SandRush|Earthquake,IronHead,RockSlide,Protect|Adamant||M|||50|]Tyranitar||Tyranitarite|SandStream|RockSlide,KnockOff,LowKick,Protect|Adamant||F|||50|]Corviknight||Leftovers|MirrorArmor|BraveBird,BulkUp,Roost,Tailwind|Careful||F|||50|]Hydreigon||ChoiceScarf|Levitate|DracoMeteor,DarkPulse,HeatWave,Snarl|Modest||F|||50|]Scovillain||Scovillainite|Moody|Overheat,GigaDrain,RagePowder,Protect|Calm||M|||50|]Houndstone||LifeOrb|SandRush|LastRespects,Disable,ShadowSneak,Protect|Adamant||M|||50|
|showteam|p2|Floette-Eternal||Floettite|FlowerVeil|DazzlingGleam,DrainingKiss,CalmMind,Protect|Bold||F|||50|]Sneasler||FocusSash|Unburden|DireClaw,CloseCombat,Coaching,FakeOut|Jolly||F|||50|]Sinistcha||OccaBerry|Hospitality|MatchaGotcha,LifeDew,RagePowder,TrickRoom|Calm|||||50|]Grimmsnarl||LightClay|Prankster|FoulPlay,PartingShot,LightScreen,ScaryFace|Calm||M|||50|]Incineroar||SitrusBerry|Intimidate|FlareBlitz,Taunt,FakeOut,PartingShot|Careful||F|||50|]Rotom-Wash||Magnet|Levitate|HydroPump,Thunderbolt,Protect,VoltSwitch|Modest|||||50|
|inactive|Battle timer is ON: inactive players will automatically lose when time's up. (requested by kst kampfi)
|inactive|martinezgg has 60 seconds left.
|j| elbau1129
|inactive|martinezgg has 30 seconds left.
|inactive|martinezgg has 20 seconds left.
|inactive|martinezgg has 15 seconds left.
|inactive|martinezgg has 10 seconds left.
|inactive|martinezgg has 5 seconds left.
|l| elbau1129
|
|t:|1783751894
|teamsize|p1|4
|teamsize|p2|4
|start
|switch|p1a: Excadrill|Excadrill, L50, M, shiny|100/100
|switch|p1b: Tyranitar|Tyranitar, L50, F, shiny|100/100
|switch|p2a: Sneasler|Sneasler, L50, F|100/100
|switch|p2b: Floette|Floette-Eternal, L50, F|100/100
|-weather|Sandstorm|[from] ability: Sand Stream|[of] p1b: Tyranitar
|turn|1
|inactive|martinezgg has 30 seconds left.
|inactive|martinezgg has 20 seconds left.
|
|t:|1783751932
|detailschange|p2b: Floette|Floette-Mega, L50, F
|-mega|p2b: Floette|Floette|Floettite
|-ability|p2b: Floette|Fairy Aura
|move|p2a: Sneasler|Fake Out|p1a: Excadrill
|-resisted|p1a: Excadrill|1
|-damage|p1a: Excadrill|89/100
|cant|p1a: Excadrill|flinch
|move|p2b: Floette|Calm Mind|p2b: Floette
|-boost|p2b: Floette|spa|1
|-boost|p2b: Floette|spd|1
|move|p1b: Tyranitar|Rock Slide|p2a: Sneasler|[spread] p2a,p2b
|-resisted|p2a: Sneasler|1
|-damage|p2a: Sneasler|76/100
|-damage|p2b: Floette|75/100
|
|-weather|Sandstorm|[upkeep]
|-damage|p2a: Sneasler|70/100|[from] Sandstorm
|-damage|p2b: Floette|69/100|[from] Sandstorm
|upkeep
|turn|2
|inactive|kst kampfi has 30 seconds left.
|
|t:|1783751964
|switch|p2a: Incineroar|Incineroar, L50, F|100/100
|-ability|p2a: Incineroar|Intimidate|boost
|-unboost|p1a: Excadrill|atk|1
|-unboost|p1b: Tyranitar|atk|1
|switch|p1b: Corviknight|Corviknight, L50, F, shiny|100/100
|move|p1a: Excadrill|Protect|p1a: Excadrill
|-singleturn|p1a: Excadrill|Protect
|move|p2b: Floette|Protect||[still]
|-fail|p2b: Floette
|
|-weather|Sandstorm|[upkeep]
|-damage|p2b: Floette|62/100|[from] Sandstorm
|-damage|p2a: Incineroar|94/100|[from] Sandstorm
|upkeep
|turn|3
|inactive|kst kampfi has 30 seconds left.
|
|t:|1783751993
|switch|p1a: Tyranitar|Tyranitar, L50, F, shiny|100/100
|move|p2a: Incineroar|Fake Out|p1a: Tyranitar
|-resisted|p1a: Tyranitar|1
|-damage|p1a: Tyranitar|95/100
|move|p2b: Floette|Draining Kiss|p1a: Tyranitar
|-supereffective|p1a: Tyranitar|1
|-damage|p1a: Tyranitar|38/100
|-heal|p2b: Floette|100/100|[from] drain|[of] p1a: Tyranitar
|move|p1b: Corviknight|Brave Bird|p2b: Floette
|-damage|p2b: Floette|65/100
|-damage|p1b: Corviknight|89/100|[from] Recoil
|
|-weather|Sandstorm|[upkeep]
|-damage|p2b: Floette|59/100|[from] Sandstorm
|-damage|p2a: Incineroar|88/100|[from] Sandstorm
|-heal|p1b: Corviknight|95/100|[from] item: Leftovers
|upkeep
|turn|4
|inactive|martinezgg has 30 seconds left.
|
|t:|1783752018
|switch|p1a: Excadrill|Excadrill, L50, M, shiny|89/100
|move|p2b: Floette|Draining Kiss|p1a: Excadrill
|-resisted|p1a: Excadrill|1
|-damage|p1a: Excadrill|53/100
|-heal|p2b: Floette|87/100|[from] drain|[of] p1a: Excadrill
|move|p1b: Corviknight|Tailwind|p1b: Corviknight
|-sidestart|p1: martinezgg|move: Tailwind
|move|p2a: Incineroar|Taunt|p1b: Corviknight
|-start|p1b: Corviknight|move: Taunt
|
|-weather|Sandstorm|[upkeep]
|-damage|p2b: Floette|81/100|[from] Sandstorm
|-damage|p2a: Incineroar|82/100|[from] Sandstorm
|-heal|p1b: Corviknight|100/100|[from] item: Leftovers
|upkeep
|turn|5
|
|t:|1783752038
|switch|p2a: Rotom|Rotom-Wash, L50|100/100
|move|p2b: Floette|Protect|p2b: Floette
|-singleturn|p2b: Floette|Protect
|move|p1a: Excadrill|Earthquake|p2b: Floette|[spread] 
|-activate|p2b: Floette|move: Protect
|-immune|p1b: Corviknight
|-immune|p2a: Rotom|[from] ability: Levitate
|move|p1b: Corviknight|Brave Bird|p2a: Rotom
|-resisted|p2a: Rotom|1
|-damage|p2a: Rotom|80/100
|-damage|p1b: Corviknight|95/100|[from] Recoil
|
|-weather|none
|-heal|p1b: Corviknight|100/100|[from] item: Leftovers
|upkeep
|turn|6
|
|t:|1783752060
|switch|p1b: Tyranitar|Tyranitar, L50, F, shiny|38/100
|-weather|Sandstorm|[from] ability: Sand Stream|[of] p1b: Tyranitar
|switch|p2b: Incineroar|Incineroar, L50, F|82/100
|-ability|p2b: Incineroar|Intimidate|boost
|-unboost|p1a: Excadrill|atk|1
|-unboost|p1b: Tyranitar|atk|1
|move|p1a: Excadrill|Iron Head|p2b: Incineroar
|-resisted|p2b: Incineroar|1
|-damage|p2b: Incineroar|69/100
|move|p2a: Rotom|Thunderbolt|p1b: Tyranitar
|-damage|p1b: Tyranitar|13/100
|
|-weather|Sandstorm|[upkeep]
|-damage|p2a: Rotom|74/100|[from] Sandstorm
|-damage|p2b: Incineroar|63/100|[from] Sandstorm
|upkeep
|turn|7
|
|t:|1783752080
|switch|p1a: Trinca|Hydreigon, L50, F, shiny|100/100
|move|p1b: Tyranitar|Protect|p1b: Tyranitar
|-singleturn|p1b: Tyranitar|Protect
|move|p2b: Incineroar|Fake Out|p1a: Trinca
|-damage|p1a: Trinca|88/100
|move|p2a: Rotom|Thunderbolt|p1b: Tyranitar
|-activate|p1b: Tyranitar|move: Protect
|
|-weather|Sandstorm|[upkeep]
|-damage|p1a: Trinca|82/100|[from] Sandstorm
|-damage|p2a: Rotom|68/100|[from] Sandstorm
|-damage|p2b: Incineroar|57/100|[from] Sandstorm
|-sideend|p1: martinezgg|move: Tailwind
|upkeep
|turn|8
|inactive|kst kampfi has 30 seconds left.
|
|t:|1783752106
|switch|p2a: Floette|Floette-Mega, L50, F|81/100
|-ability|p2a: Floette|Fairy Aura
|move|p1a: Trinca|Draco Meteor|p2a: Floette
|-immune|p2a: Floette
|move|p1b: Tyranitar|Rock Slide|p2b: Incineroar|[spread] p2a,p2b
|-supereffective|p2b: Incineroar|1
|-damage|p2a: Floette|64/100
|-damage|p2b: Incineroar|23/100
|-enditem|p2b: Incineroar|Sitrus Berry|[eat]
|-heal|p2b: Incineroar|48/100|[from] item: Sitrus Berry
|move|p2b: Incineroar|Parting Shot|p1a: Trinca
|-unboost|p1a: Trinca|atk|1
|-unboost|p1a: Trinca|spa|1
|-message|martinezgg forfeited.
|
|win|kst kampfi
|raw|martinezgg's rating: 1040 → 1025(-15 for losing)
|raw|kst kampfi's rating: 1055 → 1085(+30 for winning)
|l|☆martinezgg
|player|p1|
