|j|☆papucaru
|j|☆TeyVgc
|html|papucaruTeyVgc    
|uhtml|bestof|Game 2 of a best-of-3
|t:|1784055408
|gametype|doubles
|player|p1|papucaru|265|1121
|player|p2|TeyVgc|rood|1212
|gen|9
|tier|[Gen 9 Champions] VGC 2026 Reg M-B (Bo3)
|rated|
|rule|Species Clause: Limit one of each Pokémon
|rule|Item Clause: Limit 1 of each item
|clearpoke
|poke|p1|Farigiraf, L50, M|
|poke|p1|Kangaskhan, L50, F|
|poke|p1|Torkoal, L50, M|
|poke|p1|Camerupt, L50, F|
|poke|p1|Vileplume, L50, M|
|poke|p1|Pyroar, L50, F|
|poke|p2|Raichu, L50, M|
|poke|p2|Sinistcha, L50|
|poke|p2|Ceruledge, L50, F|
|poke|p2|Milotic, L50, M|
|poke|p2|Incineroar, L50, F|
|poke|p2|Floette-Eternal, L50, F|
|teampreview|4
|showteam|p1|Farigiraf||ColburBerry|ArmorTail|Psychic,Thunderbolt,TrickRoom,Protect|Sassy||M|||50|]Kangaskhan||SilkScarf|Scrappy|FakeOut,LastResort|Brave||F|||50|]Torkoal||LifeOrb|Drought|Eruption,WeatherBall,HelpingHand,Protect|Quiet||M|||50|]Camerupt||Cameruptite|SolidRock|Eruption,Flamethrower,EarthPower,AncientPower|Quiet||F|||50|]Vileplume||FocusSash|Chlorophyll|AfterYou,SleepPowder,LeafStorm,SludgeBomb|Timid||M|||50|]Pyroar||Pyroarite|Unnerve|HeatWave,Flamethrower,SolarBeam,Protect|Timid||F|||50|
|showteam|p2|Raichu||RaichuniteY|LightningRod|ZapCannon,FocusBlast,FakeOut,Protect|Timid||M|||50|]Sinistcha||KasibBerry|Hospitality|MatchaGotcha,Protect,RagePowder,TrickRoom|Relaxed|||||50|]Ceruledge||ColburBerry|FlashFire|BitterBlade,ShadowSneak,BulkUp,Protect|Adamant||F|||50|]Milotic||Leftovers|Competitive|MuddyWater,Coil,Hypnosis,Recover|Calm||M|||50|]Incineroar||SitrusBerry|Intimidate|FlareBlitz,ThroatChop,FakeOut,PartingShot|Impish||F|||50|]Floette-Eternal||Floettite|FlowerVeil|CalmMind,Protect,Moonblast,DazzlingGleam|Modest||F|||50|
|
|t:|1784055449
|teamsize|p1|4
|teamsize|p2|4
|start
|switch|p1a: Farigiraf|Farigiraf, L50, M|100/100
|switch|p1b: Kangaskhan|Kangaskhan, L50, F|100/100
|switch|p2a: Ceruledge|Ceruledge, L50, F|100/100
|switch|p2b: Incineroar|Incineroar, L50, F|100/100
|-ability|p2b: Incineroar|Intimidate|boost
|-unboost|p1a: Farigiraf|atk|1
|-fail|p1b: Kangaskhan|unboost|Attack|[from] ability: Scrappy|[of] p1b: Kangaskhan
|turn|1
|
|t:|1784055463
|move|p1b: Kangaskhan|Fake Out|p2a: Ceruledge
|-damage|p2a: Ceruledge|74/100
|cant|p2a: Ceruledge|flinch
|move|p2b: Incineroar|Parting Shot|p1b: Kangaskhan
|-unboost|p1b: Kangaskhan|atk|1
|-unboost|p1b: Kangaskhan|spa|1
|
|t:|1784055471
|switch|p2b: Sinistcha|Sinistcha, L50|100/100|[from] Parting Shot
|-heal|p2a: Ceruledge|99/100|[from] ability: Hospitality|[of] p2b: Sinistcha
|move|p1a: Farigiraf|Trick Room|p1a: Farigiraf
|-fieldstart|move: Trick Room|[of] p1a: Farigiraf
|
|upkeep
|turn|2
|
|t:|1784055484
|move|p1a: Farigiraf|Psychic|p2a: Ceruledge
|-damage|p2a: Ceruledge|59/100
|move|p1b: Kangaskhan|Last Resort|p2a: Ceruledge
|-damage|p2a: Ceruledge|8/100
|move|p2a: Ceruledge|Bulk Up|p2a: Ceruledge
|-boost|p2a: Ceruledge|atk|1
|-boost|p2a: Ceruledge|def|1
|move|p2b: Sinistcha|Trick Room|p2b: Sinistcha
|-fieldend|move: Trick Room
|
|upkeep
|turn|3
|
|t:|1784055505
|move|p2a: Ceruledge|Bitter Blade|p1b: Kangaskhan
|-damage|p1b: Kangaskhan|27/100
|-heal|p2a: Ceruledge|50/100g|[from] drain|[of] p1b: Kangaskhan
|move|p1b: Kangaskhan|Last Resort|p2a: Ceruledge
|-damage|p2a: Ceruledge|14/100
|move|p2b: Sinistcha|Matcha Gotcha|p1a: Farigiraf|[spread] p1b
|-miss|p2b: Sinistcha|p1a: Farigiraf
|-damage|p1b: Kangaskhan|3/100
|move|p1a: Farigiraf|Trick Room|p1a: Farigiraf
|-fieldstart|move: Trick Room|[of] p1a: Farigiraf
|
|upkeep
|turn|4
|
|t:|1784055532
|switch|p1b: Camerupt|Camerupt, L50, F|100/100
|move|p2b: Sinistcha|Rage Powder|p2b: Sinistcha
|-singleturn|p2b: Sinistcha|move: Rage Powder
|move|p2a: Ceruledge|Bitter Blade|p1a: Farigiraf
|-damage|p1a: Farigiraf|26/100
|-heal|p2a: Ceruledge|60/100|[from] drain|[of] p1a: Farigiraf
|move|p1a: Farigiraf|Trick Room|p1a: Farigiraf
|-fieldend|move: Trick Room
|
|upkeep
|turn|5
|
|t:|1784055550
|detailschange|p1b: Camerupt|Camerupt-Mega, L50, F
|-mega|p1b: Camerupt|Camerupt|Cameruptite
|move|p2b: Sinistcha|Rage Powder|p2b: Sinistcha
|-singleturn|p2b: Sinistcha|move: Rage Powder
|move|p2a: Ceruledge|Bitter Blade|p1a: Farigiraf
|-damage|p1a: Farigiraf|0 fnt
|-heal|p2a: Ceruledge|77/100|[from] drain|[of] p1a: Farigiraf
|faint|p1a: Farigiraf
|move|p1b: Camerupt|Earth Power|p2b: Sinistcha
|-resisted|p2b: Sinistcha|1
|-damage|p2b: Sinistcha|67/100
|
|upkeep
|
|t:|1784055559
|switch|p1a: Kangaskhan|Kangaskhan, L50, F|3/100
|turn|6
|
|t:|1784055569
|move|p2a: Ceruledge|Protect|p2a: Ceruledge
|-singleturn|p2a: Ceruledge|Protect
|move|p1a: Kangaskhan|Fake Out|p2a: Ceruledge
|-activate|p2a: Ceruledge|move: Protect
|move|p2b: Sinistcha|Matcha Gotcha|p1b: Camerupt|[spread] p1a,p1b
|-crit|p1a: Kangaskhan
|-damage|p1a: Kangaskhan|0 fnt
|-heal|p2b: Sinistcha|69/100|[from] drain|[of] p1a: Kangaskhan
|-damage|p1b: Camerupt|77/100
|-heal|p2b: Sinistcha|80/100|[from] drain|[of] p1b: Camerupt
|faint|p1a: Kangaskhan
|move|p1b: Camerupt|Flamethrower|p2b: Sinistcha
|-supereffective|p2b: Sinistcha|1
|-damage|p2b: Sinistcha|0 fnt
|faint|p2b: Sinistcha
|
|upkeep
|
|t:|1784055584
|switch|p1a: Vileplume|Vileplume, L50, M|100/100
|switch|p2b: Milotic|Milotic, L50, M|100/100
|turn|7
|
|t:|1784055599
|move|p1a: Vileplume|Leaf Storm|p2b: Milotic
|-supereffective|p2b: Milotic|1
|-damage|p2b: Milotic|25/100
|-unboost|p1a: Vileplume|spa|2
|move|p2a: Ceruledge|Bitter Blade|p1a: Vileplume
|-supereffective|p1a: Vileplume|1
|-enditem|p1a: Vileplume|Focus Sash
|-damage|p1a: Vileplume|1/100
|-heal|p2a: Ceruledge|100/100|[from] drain|[of] p1a: Vileplume
|move|p2b: Milotic|Muddy Water|p1b: Camerupt|[spread] p1a,p1b
|-resisted|p1a: Vileplume|1
|-supereffective|p1b: Camerupt|2
|-damage|p1a: Vileplume|0 fnt
|-damage|p1b: Camerupt|0 fnt
|faint|p1a: Vileplume
|faint|p1b: Camerupt
|
|win|TeyVgc
