|j|☆TobiYume
|j|☆Gayangos
|html|TobiYumeGayangos    
|uhtml|bestof|Game 1 of a best-of-3
|t:|1757665750
|gametype|doubles
|player|p1|TobiYume|roxie|1302
|player|p2|Gayangos|170|1301
|gen|9
|tier|[Gen 9] VGC 2025 Reg H (Bo3)
|rated|
|rule|Species Clause: Limit one of each Pokémon
|rule|Item Clause: Limit 1 of each item
|clearpoke
|poke|p1|Garchomp, L50, M|
|poke|p1|Talonflame, L50, F|
|poke|p1|Sylveon, L50, F|
|poke|p1|Tyranitar, L50, M|
|poke|p1|Decidueye-Hisui, L50, F|
|poke|p1|Gholdengo, L50|
|poke|p2|Dragapult, L50, M|
|poke|p2|Sneasler, L50, F|
|poke|p2|Incineroar, L50, M|
|poke|p2|Volcarona, L50, F|
|poke|p2|Rillaboom, L50, M|
|poke|p2|Kingambit, L50, M|
|teampreview|4
|showteam|p1|Garchomp||LifeOrb|SandVeil|DragonClaw,StompingTantrum,Earthquake,Protect|||M|||50|,,,,,Steel]Talonflame||CovertCloak|GaleWings|Tailwind,WillOWisp,BraveBird,Taunt|||F|||50|,,,,,Grass]Sylveon||ThroatSpray|Pixilate|HyperVoice,HyperBeam,TeraBlast,Protect|||F|||50|,,,,,Water]Tyranitar||AssaultVest|SandStream|RockSlide,KnockOff,TeraBlast,LowKick|||M|||50|,,,,,Flying]Decidueye-Hisui||RazorClaw|Scrappy|TripleArrows,LeafBlade,SuckerPunch,Protect|||F|||50|,,,,,Fire]Gholdengo||Leftovers|GoodasGold|MakeItRain,ShadowBall,NastyPlot,Protect||||||50|,,,,,Dragon
|showteam|p2|Dragapult||ChoiceBand|ClearBody|DragonDarts,Outrage,PhantomForce,Uturn|||M|||50|,,,,,Dragon]Sneasler||FocusSash|Unburden|DireClaw,CloseCombat,ThroatChop,Protect|||F|||50|,,,,,Stellar]Incineroar||SafetyGoggles|Intimidate|FakeOut,KnockOff,PartingShot,Taunt|||M|||50|,,,,,Ghost]Volcarona||GrassySeed|FlameBody|HeatWave,TeraBlast,QuiverDance,Protect|||F|||50|,,,,,Fairy]Rillaboom||AssaultVest|GrassySurge|FakeOut,WoodHammer,GrassyGlide,HighHorsepower|||M|||50|,,,,,Fire]Kingambit||BlackGlasses|Defiant|KowtowCleave,SuckerPunch,SwordsDance,Protect|||M|||50|,,,,,Dark
|
|t:|1757665776
|teamsize|p1|4
|teamsize|p2|4
|start
|switch|p1a: Elie|Talonflame, L50, F|100/100
|switch|p1b: Lloyd|Garchomp, L50, M|100/100
|switch|p2a: Dragapult|Dragapult, L50, M|100/100
|switch|p2b: Sneasler|Sneasler, L50, F|100/100
|turn|1
|
|t:|1757665796
|switch|p2a: Incineroar|Incineroar, L50, M|100/100
|-ability|p2a: Incineroar|Intimidate|boost
|-unboost|p1a: Elie|atk|1
|-unboost|p1b: Lloyd|atk|1
|move|p1a: Elie|Tailwind|p1a: Elie
|-sidestart|p1: TobiYume|move: Tailwind
|move|p1b: Lloyd|Dragon Claw|p2a: Incineroar
|-damage|p2a: Incineroar|69/100
|-damage|p1b: Lloyd|91/100|[from] item: Life Orb
|move|p2b: Sneasler|Dire Claw|p1a: Elie
|-damage|p1a: Elie|57/100
|
|upkeep
|turn|2
|
|t:|1757665817
|move|p1b: Lloyd|Protect|p1b: Lloyd
|-singleturn|p1b: Lloyd|Protect
|move|p2b: Sneasler|Protect|p2b: Sneasler
|-singleturn|p2b: Sneasler|Protect
|move|p1a: Elie|Brave Bird|p2b: Sneasler
|-activate|p2b: Sneasler|move: Protect
|move|p2a: Incineroar|Knock Off|p1a: Elie
|-damage|p1a: Elie|14/100
|-enditem|p1a: Elie|Covert Cloak|[from] move: Knock Off|[of] p2a: Incineroar
|
|upkeep
|turn|3
|
|t:|1757665834
|switch|p2b: Dragapult|Dragapult, L50, M|100/100
|move|p1a: Elie|Brave Bird|p2b: Dragapult
|-damage|p2b: Dragapult|67/100
|-damage|p1a: Elie|4/100|[from] Recoil
|move|p1b: Lloyd|Earthquake|p2a: Incineroar|[spread] p2a,p2b
|-immune|p1a: Elie
|-supereffective|p2a: Incineroar
|-damage|p2a: Incineroar|14/100
|-damage|p2b: Dragapult|16/100
|-damage|p1b: Lloyd|81/100|[from] item: Life Orb
|move|p2a: Incineroar|Parting Shot|p1b: Lloyd
|-unboost|p1b: Lloyd|atk|1
|-unboost|p1b: Lloyd|spa|1
|
|t:|1757665849
|switch|p2a: Sneasler|Sneasler, L50, F|100/100|[from] Parting Shot
|
|upkeep
|turn|4
|
|t:|1757665860
|switch|p2b: Incineroar|Incineroar, L50, M|14/100
|-ability|p2b: Incineroar|Intimidate|boost
|-unboost|p1a: Elie|atk|1
|-unboost|p1b: Lloyd|atk|1
|move|p2a: Sneasler|Protect|p2a: Sneasler
|-singleturn|p2a: Sneasler|Protect
|move|p1a: Elie|Brave Bird|p2a: Sneasler
|-activate|p2a: Sneasler|move: Protect
|move|p1b: Lloyd|Earthquake|p2a: Sneasler|[spread] p2b
|-activate|p2a: Sneasler|move: Protect
|-immune|p1a: Elie
|-supereffective|p2b: Incineroar
|-damage|p2b: Incineroar|0 fnt
|faint|p2b: Incineroar
|-damage|p1b: Lloyd|71/100|[from] item: Life Orb
|
|-sideend|p1: TobiYume|move: Tailwind
|upkeep
|
|t:|1757665871
|switch|p2b: Dragapult|Dragapult, L50, M|16/100
|turn|5
|
|t:|1757665881
|switch|p2a: Volcarona|Volcarona, L50, F|100/100
|switch|p1a: Tio|Sylveon, L50, F|100/100
|move|p2b: Dragapult|Dragon Darts|p1b: Lloyd
|-supereffective|p1b: Lloyd
|-damage|p1b: Lloyd|0 fnt
|faint|p1b: Lloyd
|
|upkeep
|
|t:|1757665890
|switch|p1b: Randy|Tyranitar, L50, M|100/100
|-weather|Sandstorm|[from] ability: Sand Stream|[of] p1b: Randy
|turn|6
|
|t:|1757665900
|-terastallize|p2a: Volcarona|Fairy
|move|p2b: Dragapult|Dragon Darts|p1b: Randy
|-damage|p1b: Randy|66/100
|-anim|p2b: Dragapult|Dragon Darts|p1b: Randy
|-damage|p1b: Randy|36/100
|move|p2a: Volcarona|Quiver Dance|p2a: Volcarona
|-boost|p2a: Volcarona|spa|1
|-boost|p2a: Volcarona|spd|1
|-boost|p2a: Volcarona|spe|1
|move|p1b: Randy|Rock Slide|p2b: Dragapult|[spread] p2a,p2b
|-damage|p2a: Volcarona|59/100
|-damage|p2b: Dragapult|0 fnt
|faint|p2b: Dragapult
|move|p1a: Tio|Hyper Voice|p2a: Volcarona
|-damage|p2a: Volcarona|25/100
|-enditem|p1a: Tio|Throat Spray
|-boost|p1a: Tio|spa|1|[from] item: Throat Spray
|
|-weather|Sandstorm|[upkeep]
|-damage|p2a: Volcarona|19/100|[from] Sandstorm
|-damage|p1a: Tio|95/100|[from] Sandstorm
|upkeep
|
|t:|1757665907
|switch|p2b: Sneasler|Sneasler, L50, F|100/100
|turn|7
|
|t:|1757665930
|-terastallize|p1b: Randy|Flying
|move|p2a: Volcarona|Tera Blast|p1b: Randy|[anim] Tera Blast Fairy
|-damage|p1b: Randy|3/100
|move|p2b: Sneasler|Dire Claw|p1a: Tio
|-supereffective|p1a: Tio
|-damage|p1a: Tio|0 fnt
|faint|p1a: Tio
|move|p1b: Randy|Rock Slide|p2b: Sneasler|[spread] p2a
|-miss|p1b: Randy|p2b: Sneasler
|-damage|p2a: Volcarona|0 fnt
|faint|p2a: Volcarona
|
|-weather|Sandstorm|[upkeep]
|-damage|p2b: Sneasler|95/100|[from] Sandstorm
|-damage|p1b: Randy|0 fnt|[from] Sandstorm
|faint|p1b: Randy
|upkeep
|-message|TobiYume forfeited.
|
|win|Gayangos
||TobiYume is ready for game 2.
||Gayangos is ready for game 2.
|uhtml|next|Next: Game 2 of 3
|l|☆TobiYume
|player|p1|
|l|☆Gayangos
|player|p2|
