|j|☆FatherPenguin
|j|☆sheetgucciman
|html|FatherPenguinsheetgucciman    
|uhtml|bestof|Game 1 of a best-of-3
|t:|1786110593
|gametype|doubles
|player|p1|FatherPenguin|acetrainersnow|1184
|player|p2|sheetgucciman|acetrainer-gen4dp|1096
|gen|9
|tier|[Gen 9 Champions] VGC 2026 Reg M-B (Bo3)
|rated|
|rule|Species Clause: Limit one of each Pokémon
|rule|Item Clause: Limit 1 of each item
|clearpoke
|poke|p1|Froslass, L50, F|
|poke|p1|Scovillain, L50, F|
|poke|p1|Lycanroc-Dusk, L50, M|
|poke|p1|Sneasler, L50, F|
|poke|p1|Basculegion, L50, M|
|poke|p1|Kingambit, L50, M|
|poke|p2|Sceptile, L50, M|
|poke|p2|Rotom-Heat, L50|
|poke|p2|Milotic, L50, F|
|poke|p2|Talonflame, L50, M|
|poke|p2|Lycanroc-Dusk, L50, F|
|poke|p2|Sableye, L50, M|
|teampreview|4
|showteam|p1|Froslass||Froslassite|CursedBody|Blizzard,ShadowBall,AuroraVeil,Protect|Timid||F|||50|]Scovillain||Scovillainite|Moody|Overheat,GigaDrain,RagePowder,Protect|Bold||F|||50|]Lycanroc-Dusk||FocusSash|ToughClaws|RockSlide,CloseCombat,Accelerock,Protect|Adamant||M|||50|]Sneasler||WhiteHerb|Unburden|DireClaw,CloseCombat,FakeOut,Protect|Jolly||F|||50|]Basculegion||SitrusBerry|Adaptability|WaveCrash,LastRespects,AquaJet,Protect|Adamant||M|||50|]Kingambit||BlackGlasses|Defiant|KowtowCleave,SuckerPunch,SwordsDance,Protect|Adamant||M|||50|
|showteam|p2|Sceptile||Sceptilite|Overgrow|DragonPulse,EarthPower,LeafStorm,Detect|Modest||M|||50|]Rotom-Heat||ChoiceScarf|Levitate|Discharge,Overheat,Thunderbolt,VoltSwitch|Timid|||||50|]Milotic||Leftovers|Competitive|Protect,Scald,Hypnosis,IcyWind|Bold||F|||50|]Talonflame||FocusSash|GaleWings|Tailwind,Protect,FlareBlitz,BraveBird|Jolly||M|||50|]Lycanroc-Dusk||MuscleBand|ToughClaws|Accelerock,DrillRun,IronHead,Protect|Adamant||F|||50|]Sableye||LightClay|Prankster|LightScreen,Reflect,WillOWisp,Disable|Calm||M|||50|
|inactive|Battle timer is ON: inactive players will automatically lose when time's up. (requested by FatherPenguin)
|inactive|FatherPenguin has 60 seconds left.
|inactive|FatherPenguin has 30 seconds left.
|
|t:|1786110667
|teamsize|p1|4
|teamsize|p2|4
|start
|switch|p1a: Sneasler|Sneasler, L50, F|100/100
|switch|p1b: Kingambit|Kingambit, L50, M|100/100
|switch|p2a: Sceptile|Sceptile, L50, M|100/100
|switch|p2b: Rotom|Rotom-Heat, L50|100/100
|turn|1
|inactive|sheetgucciman has 30 seconds left.
|
|t:|1786110692
|detailschange|p2a: Sceptile|Sceptile-Mega, L50, M
|-mega|p2a: Sceptile|Sceptile|Sceptilite
|move|p2a: Sceptile|Detect|p2a: Sceptile
|-singleturn|p2a: Sceptile|Protect
|move|p1a: Sneasler|Fake Out|p2b: Rotom
|-damage|p2b: Rotom|83/100
|cant|p2b: Rotom|flinch
|move|p1b: Kingambit|Swords Dance|p1b: Kingambit
|-boost|p1b: Kingambit|atk|2
|
|upkeep
|turn|2
|
|t:|1786110708
|move|p1b: Kingambit|Sucker Punch|p2b: Rotom
|-damage|p2b: Rotom|0 fnt
|faint|p2b: Rotom
|move|p2a: Sceptile|Earth Power|p1b: Kingambit
|-supereffective|p1b: Kingambit|1
|-damage|p1b: Kingambit|30/100
|move|p1a: Sneasler|Dire Claw|p2a: Sceptile
|-supereffective|p2a: Sceptile|1
|-damage|p2a: Sceptile|0 fnt
|faint|p2a: Sceptile
|
|upkeep
|
|t:|1786110721
|switch|p2a: Milotic|Milotic, L50, F|100/100
|switch|p2b: Talonflame|Talonflame, L50, M|100/100
|turn|3
|inactive|FatherPenguin has 30 seconds left.
|
|t:|1786110753
|move|p2b: Talonflame|Brave Bird|p1a: Sneasler
|-supereffective|p1a: Sneasler|1
|-damage|p1a: Sneasler|0 fnt
|faint|p1a: Sneasler
|-damage|p2b: Talonflame|64/100|[from] Recoil
|move|p1b: Kingambit|Sucker Punch|p2a: Milotic
|-damage|p2a: Milotic|19/100
|move|p2a: Milotic|Scald|p1b: Kingambit
|-damage|p1b: Kingambit|3/100
|
|-heal|p2a: Milotic|25/100|[from] item: Leftovers
|upkeep
|
|t:|1786110769
|switch|p1a: Froslass|Froslass, L50, F|100/100
|turn|4
|
|t:|1786110791
|detailschange|p1a: Froslass|Froslass-Mega, L50, F
|-mega|p1a: Froslass|Froslass|Froslassite
|-weather|Snowscape|[from] ability: Snow Warning|[of] p1a: Froslass
|move|p1b: Kingambit|Sucker Punch|p2b: Talonflame
|-damage|p2b: Talonflame|0 fnt
|faint|p2b: Talonflame
|move|p1a: Froslass|Aurora Veil|p1a: Froslass
|-sidestart|p1: FatherPenguin|move: Aurora Veil
|move|p2a: Milotic|Scald|p1b: Kingambit
|-damage|p1b: Kingambit|0 fnt
|faint|p1b: Kingambit
|
|-weather|Snowscape|[upkeep]
|-heal|p2a: Milotic|30/100|[from] item: Leftovers
|upkeep
|
|t:|1786110806
|switch|p1b: Lycanroc|Lycanroc-Dusk, L50, M|100/100
|turn|5
|
|t:|1786110813
|move|p2a: Milotic|Protect|p2a: Milotic
|-singleturn|p2a: Milotic|Protect
|move|p1a: Froslass|Shadow Ball|p2a: Milotic
|-activate|p2a: Milotic|move: Protect
|move|p1b: Lycanroc|Close Combat|p2a: Milotic
|-activate|p2a: Milotic|move: Protect
|
|-weather|Snowscape|[upkeep]
|-heal|p2a: Milotic|36/100|[from] item: Leftovers
|upkeep
|turn|6
|
|t:|1786110826
|move|p1a: Froslass|Shadow Ball|p2a: Milotic
|-damage|p2a: Milotic|11/100
|move|p1b: Lycanroc|Close Combat|p2a: Milotic
|-damage|p2a: Milotic|0 fnt
|-unboost|p1b: Lycanroc|def|1
|-unboost|p1b: Lycanroc|spd|1
|faint|p2a: Milotic
|
|win|FatherPenguin
||sheetgucciman is ready for game 2.
