|j|☆artyowls
|j|☆Jogabe47
|html|artyowlsJogabe47    
|uhtml|bestof|Game 1 of a best-of-3
|t:|1756211077
|gametype|doubles
|player|p1|artyowls|plasmagrunt|1084
|player|p2|Jogabe47|170|1086
|gen|9
|tier|[Gen 9] VGC 2025 Reg H (Bo3)
|rated|
|rule|Species Clause: Limit one of each Pokémon
|rule|Item Clause: Limit 1 of each item
|clearpoke
|poke|p1|Archaludon, L50, F|
|poke|p1|Electabuzz, L50, F|
|poke|p1|Rillaboom, L50, M|
|poke|p1|Kingambit, L50, F|
|poke|p1|Pelipper, L50, M|
|poke|p1|Dragapult, L50, M|
|poke|p2|Dragapult, L50, M|
|poke|p2|Sneasler, L50, M|
|poke|p2|Kingambit, L50, M|
|poke|p2|Primarina, L50, F|
|poke|p2|Magmar, L50, M|
|poke|p2|Rillaboom, L50, M|
|teampreview|4
|showteam|p1|Archaludon||AssaultVest|Stamina|BodyPress,ElectroShot,DracoMeteor,FlashCannon|||F|||50|,,,,,Flying]Electabuzz||Eviolite|VitalSpirit|FollowMe,Protect,Taunt,Thunderbolt|||F|||50|,,,,,Fairy]Rillaboom||LoadedDice|GrassySurge|FakeOut,GrassyGlide,BulletSeed,HighHorsepower|||M|||50|,,,,,Water]Kingambit||SafetyGoggles|Defiant|SuckerPunch,SwordsDance,KowtowCleave,Protect|||F|||50|,,,,,Dark]Pelipper||FocusSash|Drizzle|Hurricane,WeatherBall,Protect,Tailwind|||M|||50|,,,,,Stellar]Dragapult||ChoiceBand|ClearBody|DragonDarts,PhantomForce,Outrage,Uturn|||M|||50|,,,,,Dragon
|showteam|p2|Dragapult||ChoiceBand|ClearBody|DragonDarts,TeraBlast,PhantomForce,Uturn|||M|||50|,,,,,Ghost]Sneasler||FocusSash|PoisonTouch|CloseCombat,DireClaw,FakeOut,Protect|||M|||50|,,,,,Stellar]Kingambit||BlackGlasses|Defiant|KowtowCleave,SuckerPunch,SwordsDance,Protect|||M|||50|,,,,,Ghost]Primarina||SitrusBerry|LiquidVoice|HyperVoice,Moonblast,Haze,Protect|||F|||50|,,,,,Poison]Magmar||Eviolite|VitalSpirit|Overheat,WillOWisp,FollowMe,Protect|||M|||50|,,,,,Ghost]Rillaboom||AssaultVest|GrassySurge|WoodHammer,GrassyGlide,HighHorsepower,FakeOut|||M|||50|,,,,,Fire
|inactive|Battle timer is ON: inactive players will automatically lose when time's up. (requested by Jogabe47)
|inactive|artyowls has 60 seconds left.
|
|t:|1756211144
|teamsize|p1|4
|teamsize|p2|4
|start
|switch|p1a: Dragapult|Dragapult, L50, M|100/100
|switch|p1b: Pelipper|Pelipper, L50, M|100/100
|switch|p2a: Sneasler|Sneasler, L50, M|100/100
|switch|p2b: Rillaboom|Rillaboom, L50, M|100/100
|-fieldstart|move: Grassy Terrain|[from] ability: Grassy Surge|[of] p2b: Rillaboom
|-weather|RainDance|[from] ability: Drizzle|[of] p1b: Pelipper
|turn|1
|inactive|artyowls has 30 seconds left.
|inactive|Jogabe47 has 30 seconds left.
|inactive|artyowls has 20 seconds left.
|inactive|Jogabe47 has 20 seconds left.
|inactive|Jogabe47 has 15 seconds left.
|
|t:|1756211186
|move|p1b: Pelipper|Protect|p1b: Pelipper
|-singleturn|p1b: Pelipper|Protect
|move|p2a: Sneasler|Fake Out|p1b: Pelipper
|-activate|p1b: Pelipper|move: Protect
|move|p1a: Dragapult|Dragon Darts|p2a: Sneasler
|-damage|p2a: Sneasler|37/100
|-anim|p1a: Dragapult|Dragon Darts|p2b: Rillaboom
|-damage|p2b: Rillaboom|68/100
|move|p2b: Rillaboom|High Horsepower|p1a: Dragapult
|-damage|p1a: Dragapult|57/100
|
|-weather|RainDance|[upkeep]
|-heal|p1a: Dragapult|63/100|[from] Grassy Terrain
|-heal|p2a: Sneasler|42/100|[from] Grassy Terrain
|-heal|p2b: Rillaboom|74/100|[from] Grassy Terrain
|upkeep
|turn|2
|inactive|artyowls has 30 seconds left.
|inactive|Jogabe47 has 30 seconds left.
|inactive|Jogabe47 has 20 seconds left.
|
|t:|1756211225
|move|p1a: Dragapult|Dragon Darts|p2b: Rillaboom
|-damage|p2b: Rillaboom|38/100
|-anim|p1a: Dragapult|Dragon Darts|p2a: Sneasler
|-damage|p2a: Sneasler|0 fnt
|faint|p2a: Sneasler
|move|p2b: Rillaboom|Wood Hammer|p1b: Pelipper
|-damage|p1b: Pelipper|6/100
|-damage|p2b: Rillaboom|17/100|[from] Recoil
|move|p1b: Pelipper|Hurricane|p2b: Rillaboom
|-supereffective|p2b: Rillaboom
|-damage|p2b: Rillaboom|0 fnt
|faint|p2b: Rillaboom
|
|-weather|RainDance|[upkeep]
|-heal|p1a: Dragapult|69/100|[from] Grassy Terrain
|upkeep
|
|t:|1756211242
|switch|p2a: Magmar|Magmar, L50, M|100/100
|switch|p2b: Dragapult|Dragapult, L50, M|100/100
|turn|3
|inactive|artyowls has 30 seconds left.
|inactive|Jogabe47 has 30 seconds left.
|
|t:|1756211273
|switch|p1b: Electabuzz|Electabuzz, L50, F|100/100
|-terastallize|p1a: Dragapult|Dragon
|move|p1a: Dragapult|Dragon Darts|p2b: Dragapult
|-supereffective|p2b: Dragapult
|-damage|p2b: Dragapult|0 fnt
|-anim|p1a: Dragapult|Dragon Darts|p2a: Magmar
|-damage|p2a: Magmar|57/100
|faint|p2b: Dragapult
|move|p2a: Magmar|Will-O-Wisp|p1a: Dragapult
|-status|p1a: Dragapult|brn
|
|-weather|RainDance|[upkeep]
|-heal|p1a: Dragapult|75/100 brn|[from] Grassy Terrain
|-heal|p2a: Magmar|63/100|[from] Grassy Terrain
|-damage|p1a: Dragapult|69/100 brn|[from] brn
|upkeep
|turn|4
|inactive|artyowls has 30 seconds left.
|
|t:|1756211306
|move|p2a: Magmar|Protect|p2a: Magmar
|-singleturn|p2a: Magmar|Protect
|move|p1b: Electabuzz|Follow Me|p1b: Electabuzz
|-singleturn|p1b: Electabuzz|move: Follow Me
|move|p1a: Dragapult|Dragon Darts|p2a: Magmar
|-activate|p2a: Magmar|move: Protect
|
|-weather|RainDance|[upkeep]
|-heal|p1a: Dragapult|75/100 brn|[from] Grassy Terrain
|-heal|p2a: Magmar|69/100|[from] Grassy Terrain
|-damage|p1a: Dragapult|69/100 brn|[from] brn
|upkeep
|turn|5
|
|t:|1756211326
|move|p1b: Electabuzz|Follow Me|p1b: Electabuzz
|-singleturn|p1b: Electabuzz|move: Follow Me
|move|p1a: Dragapult|Dragon Darts|p2a: Magmar
|-damage|p2a: Magmar|49/100
|-anim|p1a: Dragapult|Dragon Darts|p2a: Magmar
|-damage|p2a: Magmar|29/100
|move|p2a: Magmar|Overheat|p1b: Electabuzz
|-damage|p1b: Electabuzz|85/100
|-unboost|p2a: Magmar|spa|2
|
|-weather|none
|-heal|p1a: Dragapult|75/100 brn|[from] Grassy Terrain
|-heal|p1b: Electabuzz|91/100|[from] Grassy Terrain
|-heal|p2a: Magmar|35/100|[from] Grassy Terrain
|-damage|p1a: Dragapult|69/100 brn|[from] brn
|-fieldend|move: Grassy Terrain
|upkeep
|turn|6
|inactive|artyowls has 30 seconds left.
|
|t:|1756211356
|move|p1a: Dragapult|Dragon Darts|p2a: Magmar
|-damage|p2a: Magmar|13/100
|-anim|p1a: Dragapult|Dragon Darts|p2a: Magmar
|-damage|p2a: Magmar|0 fnt
|faint|p2a: Magmar
|
|win|artyowls
||Jogabe47 is ready for game 2.
|inactive|artyowls has 30 seconds to confirm battle start!
||artyowls is ready for game 2.
|uhtml|next|Next: Game 2 of 3
|l|☆Jogabe47
|player|p2|
