|j|☆heshade11
|j|☆James Ferraro
|html|heshade11James Ferraro    
|uhtml|bestof|Game 2 of a best-of-3
|t:|1782227011
|gametype|doubles
|player|p1|heshade11|169|1120
|player|p2|James Ferraro|veteranf|1159
|gen|9
|tier|[Gen 9 Champions] VGC 2026 Reg M-B (Bo3)
|rated|
|rule|Species Clause: Limit one of each Pokémon
|rule|Item Clause: Limit 1 of each item
|clearpoke
|poke|p1|Mawile, L50, M|
|poke|p1|Pelipper, L50, F|
|poke|p1|Basculegion, L50, M|
|poke|p1|Archaludon, L50, F|
|poke|p1|Sinistcha, L50|
|poke|p1|Swampert, L50, F|
|poke|p2|Basculegion, L50, M|
|poke|p2|Kingambit, L50, M|
|poke|p2|Sneasler, L50, F|
|poke|p2|Incineroar, L50, M|
|poke|p2|Sinistcha, L50|
|poke|p2|Floette-Eternal, L50, F|
|teampreview|4
|showteam|p1|Mawile||Mawilite|HyperCutter|Protect,PlayRough,BrickBreak,SuckerPunch|Adamant||M|||50|]Pelipper||FocusSash|Drizzle|WeatherBall,Hurricane,Protect,Tailwind|Modest||F|||50|]Basculegion||ChoiceScarf|Adaptability|AquaJet,FlipTurn,LastRespects,WaveCrash|Jolly||M|||50|]Archaludon||Leftovers|Stamina|FlashCannon,Protect,ElectroShot,DragonPulse|Modest||F|||50|]Sinistcha||KasibBerry|Hospitality|MatchaGotcha,RagePowder,TrickRoom,Protect|Bold|||||50|]Swampert||Swampertite|Torrent|HighHorsepower,IcePunch,Protect,WaveCrash|Adamant||F|||50|
|showteam|p2|Basculegion||ChoiceScarf|Adaptability|LastRespects,WaveCrash,FlipTurn,AquaJet|Adamant||M|||50|]Kingambit||BlackGlasses|Defiant|KowtowCleave,SuckerPunch,SwordsDance,Protect|Adamant||M|||50|]Sneasler||FocusSash|PoisonTouch|CloseCombat,DireClaw,FakeOut,Protect|Jolly||F|||50|]Incineroar||SitrusBerry|Intimidate|FlareBlitz,ThroatChop,FakeOut,PartingShot|Impish||M|||50|]Sinistcha||KasibBerry|Hospitality|MatchaGotcha,LifeDew,RagePowder,Protect|Relaxed|||||50|]Floette-Eternal||Floettite|FlowerVeil|DazzlingGleam,DrainingKiss,CalmMind,Protect|Timid||F|||50|
|inactive|Battle timer is ON: inactive players will automatically lose when time's up. (requested by James Ferraro)
|
|t:|1782227038
|teamsize|p1|4
|teamsize|p2|4
|start
|switch|p1a: Basculegion|Basculegion, L50, M|100/100
|switch|p1b: Sinistcha|Sinistcha, L50|100/100
|switch|p2a: Incineroar|Incineroar, L50, M|100/100
|switch|p2b: Floette|Floette-Eternal, L50, F|100/100
|-ability|p2a: Incineroar|Intimidate|boost
|-unboost|p1a: Basculegion|atk|1
|-unboost|p1b: Sinistcha|atk|1
|turn|1
|
|t:|1782227053
|detailschange|p2b: Floette|Floette-Mega, L50, F
|-mega|p2b: Floette|Floette|Floettite
|-ability|p2b: Floette|Fairy Aura
|move|p1a: Basculegion|Wave Crash|p2b: Floette
|-damage|p2b: Floette|52/100
|-damage|p1a: Basculegion|87/100|[from] Recoil
|move|p2b: Floette|Dazzling Gleam|p1b: Sinistcha|[spread] p1a,p1b
|-damage|p1a: Basculegion|37/100
|-damage|p1b: Sinistcha|62/100
|move|p1b: Sinistcha|Matcha Gotcha|p2b: Floette|[spread] p2a,p2b
|-resisted|p2a: Incineroar|1
|-crit|p2b: Floette
|-damage|p2a: Incineroar|88/100
|-heal|p1b: Sinistcha|68/100|[from] drain|[of] p2a: Incineroar
|-damage|p2b: Floette|25/100
|-heal|p1b: Sinistcha|81/100|[from] drain|[of] p2b: Floette
|-status|p2b: Floette|brn
|move|p2a: Incineroar|Flare Blitz|p1b: Sinistcha
|-supereffective|p1b: Sinistcha|1
|-damage|p1b: Sinistcha|12/100
|-damage|p2a: Incineroar|68/100|[from] Recoil
|
|-damage|p2b: Floette|19/100 brn|[from] brn
|upkeep
|turn|2
|inactive|heshade11 has 30 seconds left.
|inactive|James Ferraro has 30 seconds left.
|
|t:|1782227085
|switch|p2a: Sinistcha|Sinistcha, L50|100/100
|-heal|p2b: Floette|44/100 brn|[from] ability: Hospitality|[of] p2a: Sinistcha
|move|p2b: Floette|Protect|p2b: Floette
|-singleturn|p2b: Floette|Protect
|move|p1a: Basculegion|Wave Crash|p2a: Sinistcha
|-resisted|p2a: Sinistcha|1
|-damage|p2a: Sinistcha|78/100
|-damage|p1a: Basculegion|31/100|[from] Recoil
|move|p1b: Sinistcha|Matcha Gotcha|p2a: Sinistcha|[spread] p2a
|-activate|p2b: Floette|move: Protect
|-resisted|p2a: Sinistcha|1
|-damage|p2a: Sinistcha|66/100
|-heal|p1b: Sinistcha|18/100|[from] drain|[of] p2a: Sinistcha
|
|-damage|p2b: Floette|38/100 brn|[from] brn
|upkeep
|turn|3
|inactive|James Ferraro has 30 seconds left.
|
|t:|1782227113
|move|p2a: Sinistcha|Rage Powder|p2a: Sinistcha
|-singleturn|p2a: Sinistcha|move: Rage Powder
|move|p1a: Basculegion|Wave Crash|p2a: Sinistcha
|-resisted|p2a: Sinistcha|1
|-damage|p2a: Sinistcha|44/100
|-damage|p1a: Basculegion|24/100|[from] Recoil
|move|p2b: Floette|Dazzling Gleam|p1a: Basculegion|[spread] p1a,p1b
|-damage|p1a: Basculegion|0 fnt
|-damage|p1b: Sinistcha|0 fnt
|faint|p1a: Basculegion
|faint|p1b: Sinistcha
|
|-damage|p2b: Floette|32/100 brn|[from] brn
|upkeep
|
|t:|1782227121
|switch|p1a: Pelipper|Pelipper, L50, F|100/100
|switch|p1b: Swampert|Swampert, L50, F|100/100
|-weather|RainDance|[from] ability: Drizzle|[of] p1a: Pelipper
|turn|4
|
|t:|1782227131
|switch|p2a: Incineroar|Incineroar, L50, M|68/100
|-ability|p2a: Incineroar|Intimidate|boost
|-unboost|p1a: Pelipper|atk|1
|-unboost|p1b: Swampert|atk|1
|detailschange|p1b: Swampert|Swampert-Mega, L50, F
|-mega|p1b: Swampert|Swampert|Swampertite
|move|p1b: Swampert|Protect|p1b: Swampert
|-singleturn|p1b: Swampert|Protect
|move|p2b: Floette|Protect|p2b: Floette
|-singleturn|p2b: Floette|Protect
|move|p1a: Pelipper|Hurricane|p2a: Incineroar
|-damage|p2a: Incineroar|20/100y
|-start|p2a: Incineroar|confusion
|-enditem|p2a: Incineroar|Sitrus Berry|[eat]
|-heal|p2a: Incineroar|45/100|[from] item: Sitrus Berry
|
|-weather|RainDance|[upkeep]
|-damage|p2b: Floette|26/100 brn|[from] brn
|upkeep
|turn|5
|inactive|James Ferraro has 30 seconds left.
|
|t:|1782227158
|-activate|p2a: Incineroar|confusion
|move|p2a: Incineroar|Fake Out|p1a: Pelipper
|-damage|p1a: Pelipper|86/100
|move|p1b: Swampert|Wave Crash|p2a: Incineroar
|-supereffective|p2a: Incineroar|1
|-damage|p2a: Incineroar|0 fnt
|faint|p2a: Incineroar
|-damage|p1b: Swampert|84/100|[from] Recoil
|move|p2b: Floette|Draining Kiss|p1a: Pelipper
|-damage|p1a: Pelipper|24/100
|-heal|p2b: Floette|67/100 brn|[from] drain|[of] p1a: Pelipper
|cant|p1a: Pelipper|flinch
|
|-weather|RainDance|[upkeep]
|-damage|p2b: Floette|61/100 brn|[from] brn
|upkeep
|
|t:|1782227164
|switch|p2a: Sinistcha|Sinistcha, L50|44/100
|-heal|p2b: Floette|86/100 brn|[from] ability: Hospitality|[of] p2a: Sinistcha
|turn|6
|
|t:|1782227172
|move|p1b: Swampert|Protect|p1b: Swampert
|-singleturn|p1b: Swampert|Protect
|move|p2b: Floette|Dazzling Gleam|p1b: Swampert|[spread] p1a
|-activate|p1b: Swampert|move: Protect
|-damage|p1a: Pelipper|0 fnt
|faint|p1a: Pelipper
|move|p2a: Sinistcha|Matcha Gotcha|p1b: Swampert
|-activate|p1b: Swampert|move: Protect
|
|-weather|RainDance|[upkeep]
|-damage|p2b: Floette|80/100 brn|[from] brn
|upkeep
|turn|7
|
|t:|1782227177
|move|p1b: Swampert|Wave Crash|p2b: Floette
|-damage|p2b: Floette|1/100 brn
|-damage|p1b: Swampert|63/100|[from] Recoil
|move|p2b: Floette|Dazzling Gleam|p1b: Swampert
|-damage|p1b: Swampert|16/100
|move|p2a: Sinistcha|Matcha Gotcha|p1b: Swampert|[miss]
|-miss|p2a: Sinistcha|p1b: Swampert
|
|-weather|RainDance|[upkeep]
|-damage|p2b: Floette|0 fnt|[from] brn
|faint|p2b: Floette
|upkeep
|
|t:|1782227180
|switch|p2b: Basculegion|Basculegion, L50, M|100/100
|turn|8
|c|☆heshade11|xd 1
|c|☆heshade11|more luck?
|-message|heshade11 forfeited.
|
|win|James Ferraro
|raw|heshade11's rating: 1120 → 1098(-22 for losing)
|raw|James Ferraro's rating: 1159 → 1181(+22 for winning)
|l|☆heshade11
|player|p1|
