|j|☆AquamarineVGC
|j|☆azulaazula
|html|AquamarineVGCazulaazula    
|uhtml|bestof|Game 3 of a best-of-3
|t:|1784548905
|gametype|doubles
|player|p1|AquamarineVGC|unknown|1235
|player|p2|azulaazula|cynthia-gen4|1156
|gen|9
|tier|[Gen 9 Champions] VGC 2026 Reg M-B (Bo3)
|rated|
|rule|Species Clause: Limit one of each Pokémon
|rule|Item Clause: Limit 1 of each item
|clearpoke
|poke|p1|Pelipper, L50, M|
|poke|p1|Archaludon, L50, M|
|poke|p1|Staraptor, L50, M|
|poke|p1|Glimmora, L50, F|
|poke|p1|Clefable, L50, M|
|poke|p1|Grimmsnarl, L50, M|
|poke|p2|Froslass, L50, F|
|poke|p2|Staraptor, L50, F|
|poke|p2|Ceruledge, L50, F|
|poke|p2|Empoleon, L50, M|
|poke|p2|Whimsicott, L50, F|
|poke|p2|Garchomp, L50, F|
|teampreview|4
|showteam|p1|Pelipper||QuickClaw|Drizzle|Hurricane,WeatherBall,Tailwind,WideGuard|Modest||M|||50|]Archaludon||Leftovers|Stamina|FlashCannon,DragonPulse,ElectroShot,Protect|Modest||M|||50|]Staraptor||Staraptite|Intimidate|BraveBird,CloseCombat,Roost,Protect|Adamant||M|||50|]Glimmora||Glimmoranite|ToxicDebris|PowerGem,SludgeBomb,AcidSpray,SpikyShield|Timid||F|||50|]Clefable||SitrusBerry|Unaware|Moonblast,FollowMe,LifeDew,Protect|Bold||M|||50|]Grimmsnarl||LightClay|Prankster|FoulPlay,Reflect,LightScreen,PartingShot|Calm||M|||50|
|showteam|p2|Froslass||Froslassite|SnowCloak|Blizzard,ShadowBall,AuroraVeil,Protect|Timid||F|||50|]Staraptor||Staraptite|Intimidate|CloseCombat,BraveBird,Roost,Protect|Jolly||F|||50|]Ceruledge||Charcoal|FlashFire|BitterBlade,ShadowSneak,BulkUp,Protect|Adamant||F|||50|]Empoleon||LifeOrb|Competitive|Blizzard,FlashCannon,HydroPump,Protect|Modest||M|||50|]Whimsicott||FocusSash|Prankster|Moonblast,Charm,Tailwind,Encore|Serious||F|||50|]Garchomp||SitrusBerry|SandVeil|StompingTantrum,DragonClaw,RockSlide,Protect|Jolly||F|||50|
|
|t:|1784548936
|teamsize|p1|4
|teamsize|p2|4
|start
|switch|p1a: Clefable|Clefable, L50, M|100/100
|switch|p1b: Pelipper|Pelipper, L50, M|100/100
|switch|p2a: Staraptor|Staraptor, L50, F|100/100
|switch|p2b: Whimsicott|Whimsicott, L50, F|100/100
|-ability|p2a: Staraptor|Intimidate|boost
|-unboost|p1a: Clefable|atk|1
|-unboost|p1b: Pelipper|atk|1
|-weather|RainDance|[from] ability: Drizzle|[of] p1b: Pelipper
|turn|1
|
|t:|1784548965
|switch|p2a: Empoleon|Empoleon, L50, M|100/100
|move|p1a: Clefable|Follow Me|p1a: Clefable
|-singleturn|p1a: Clefable|move: Follow Me
|move|p2b: Whimsicott|Moonblast|p1a: Clefable
|-damage|p1a: Clefable|64/100
|move|p1b: Pelipper|Hurricane|p2b: Whimsicott
|-supereffective|p2b: Whimsicott|1
|-enditem|p2b: Whimsicott|Focus Sash
|-damage|p2b: Whimsicott|1/100
|
|-weather|RainDance|[upkeep]
|upkeep
|turn|2
|
|t:|1784548996
|switch|p2b: Garchomp|Garchomp, L50, F|100/100
|move|p1a: Clefable|Protect|p1a: Clefable
|-singleturn|p1a: Clefable|Protect
|move|p1b: Pelipper|Weather Ball|p2b: Garchomp
|-damage|p2b: Garchomp|26/100
|-enditem|p2b: Garchomp|Sitrus Berry|[eat]
|-heal|p2b: Garchomp|50/100g|[from] item: Sitrus Berry
|move|p2a: Empoleon|Flash Cannon|p1a: Clefable
|-activate|p1a: Clefable|move: Protect
|
|-weather|RainDance|[upkeep]
|upkeep
|turn|3
|
|t:|1784549032
|switch|p1a: Archaludon|Archaludon, L50, M|100/100
|move|p2b: Garchomp|Protect|p2b: Garchomp
|-singleturn|p2b: Garchomp|Protect
|move|p1b: Pelipper|Tailwind|p1b: Pelipper
|-sidestart|p1: AquamarineVGC|move: Tailwind
|move|p2a: Empoleon|Flash Cannon|p1a: Archaludon
|-resisted|p1a: Archaludon|1
|-damage|p1a: Archaludon|67/100
|-ability|p1a: Archaludon|Stamina|boost
|-boost|p1a: Archaludon|def|1
|-damage|p2a: Empoleon|90/100|[from] item: Life Orb
|
|-weather|RainDance|[upkeep]
|-heal|p1a: Archaludon|74/100|[from] item: Leftovers
|upkeep
|turn|4
|
|t:|1784549058
|move|p1a: Archaludon|Electro Shot||[still]
|-prepare|p1a: Archaludon|Electro Shot
|-boost|p1a: Archaludon|spa|1
|-anim|p1a: Archaludon|Electro Shot|p2a: Empoleon
|-supereffective|p2a: Empoleon|1
|-damage|p2a: Empoleon|0 fnt
|faint|p2a: Empoleon
|move|p1b: Pelipper|Weather Ball|p2b: Garchomp
|-damage|p2b: Garchomp|0 fnt
|faint|p2b: Garchomp
|
|-weather|RainDance|[upkeep]
|-heal|p1a: Archaludon|80/100|[from] item: Leftovers
|upkeep
|c|☆azulaazula|gg
|
|t:|1784549070
|switch|p2b: Whimsicott|Whimsicott, L50, F|1/100
|switch|p2a: Staraptor|Staraptor, L50, F|100/100
|-ability|p2a: Staraptor|Intimidate|boost
|-unboost|p1a: Archaludon|atk|1
|-unboost|p1b: Pelipper|atk|1
|turn|5
|
|t:|1784549081
|switch|p1b: Clefable|Clefable, L50, M|64/100
|detailschange|p2a: Staraptor|Staraptor-Mega, L50, F
|-mega|p2a: Staraptor|Staraptor|Staraptite
|move|p1a: Archaludon|Protect|p1a: Archaludon
|-singleturn|p1a: Archaludon|Protect
|move|p2b: Whimsicott|Charm|p2a: Staraptor
|-boost|p2a: Staraptor|atk|2
|move|p2a: Staraptor|Close Combat|p1a: Archaludon
|-activate|p1a: Archaludon|move: Protect
|
|-weather|none
|-heal|p1a: Archaludon|86/100|[from] item: Leftovers
|upkeep
|turn|6
|
|t:|1784549107
|move|p1b: Clefable|Follow Me|p1b: Clefable
|-singleturn|p1b: Clefable|move: Follow Me
|move|p2b: Whimsicott|Encore|p1b: Clefable
|-start|p1b: Clefable|Encore
|move|p1a: Archaludon|Flash Cannon|p2b: Whimsicott
|-supereffective|p2b: Whimsicott|1
|-damage|p2b: Whimsicott|0 fnt
|faint|p2b: Whimsicott
|move|p2a: Staraptor|Brave Bird|p1b: Clefable
|-damage|p1b: Clefable|13/100
|-enditem|p1b: Clefable|Sitrus Berry|[eat]
|-heal|p1b: Clefable|38/100|[from] item: Sitrus Berry
|-damage|p2a: Staraptor|81/100|[from] Recoil
|
|-heal|p1a: Archaludon|92/100|[from] item: Leftovers
|-sideend|p1: AquamarineVGC|move: Tailwind
|upkeep
|turn|7
|
|t:|1784549125
|move|p1b: Clefable|Follow Me|p1b: Clefable
|-singleturn|p1b: Clefable|move: Follow Me
|move|p2a: Staraptor|Close Combat|p1b: Clefable
|-resisted|p1b: Clefable|1
|-damage|p1b: Clefable|12/100
|-boost|p2a: Staraptor|def|1
|-boost|p2a: Staraptor|spd|1
|move|p1a: Archaludon|Dragon Pulse|p2a: Staraptor
|-damage|p2a: Staraptor|39/100
|
|-heal|p1a: Archaludon|98/100|[from] item: Leftovers
|upkeep
|turn|8
|
|t:|1784549137
|move|p1b: Clefable|Follow Me|p1b: Clefable
|-singleturn|p1b: Clefable|move: Follow Me
|move|p2a: Staraptor|Close Combat|p1b: Clefable
|-resisted|p1b: Clefable|1
|-damage|p1b: Clefable|0 fnt
|-boost|p2a: Staraptor|def|1
|-boost|p2a: Staraptor|spd|1
|faint|p1b: Clefable
|move|p1a: Archaludon|Dragon Pulse|p2a: Staraptor
|-damage|p2a: Staraptor|6/100
|
|-heal|p1a: Archaludon|100/100|[from] item: Leftovers
|upkeep
|
|t:|1784549142
|switch|p1b: Pelipper|Pelipper, L50, M|100/100
|-weather|RainDance|[from] ability: Drizzle|[of] p1b: Pelipper
|turn|9
|
|t:|1784549154
|move|p2a: Staraptor|Roost|p2a: Staraptor
|-heal|p2a: Staraptor|56/100
|-singleturn|p2a: Staraptor|move: Roost
|move|p1a: Archaludon|Electro Shot||[still]
|-prepare|p1a: Archaludon|Electro Shot
|-boost|p1a: Archaludon|spa|1
|-anim|p1a: Archaludon|Electro Shot|p2a: Staraptor
|-damage|p2a: Staraptor|8/100
|move|p1b: Pelipper|Hurricane|p2a: Staraptor
|-supereffective|p2a: Staraptor|1
|-damage|p2a: Staraptor|0 fnt
|faint|p2a: Staraptor
|
|win|AquamarineVGC
|raw|AquamarineVGC's rating: 1235 → 1254(+19 for winning)
|raw|azulaazula's rating: 1156 → 1137(-19 for losing)
|c|☆AquamarineVGC|GG
|l|☆azulaazula
|player|p2|
