|j|☆MBW 2099
|j|☆Green-Dogi Ranger
|html|MBW 2099Green-Dogi Ranger    
|uhtml|bestof|Game 2 of a best-of-3
|t:|1757729452
|gametype|doubles
|player|p1|MBW 2099|veteran|1020
|player|p2|Green-Dogi Ranger|linebacker|1000
|gen|9
|tier|[Gen 9] VGC 2025 Reg H (Bo3)
|rated|
|rule|Species Clause: Limit one of each Pokémon
|rule|Item Clause: Limit 1 of each item
|clearpoke
|poke|p1|Indeedee-F, L50, F|
|poke|p1|Sneasler, L50, M|
|poke|p1|Gholdengo, L50|
|poke|p1|Dragonite, L50, M|
|poke|p1|Incineroar, L50, M|
|poke|p1|Volcarona, L50, M|
|poke|p2|Malamar, L50, M|
|poke|p2|Torkoal, L50, M|
|poke|p2|Delphox, L50, F|
|poke|p2|Indeedee-F, L50, F|
|poke|p2|Sneasler, L50, F|
|poke|p2|Ursaluna, L50, M|
|teampreview|4
|showteam|p1|Indeedee-F||SafetyGoggles|PsychicSurge|DazzlingGleam,Imprison,TrickRoom,FollowMe|||F|||50|,,,,,Fairy]Sneasler||PsychicSeed|Unburden|DireClaw,Protect,CloseCombat,ThroatChop|||M|||50|,,,,,Dark]Gholdengo||LifeOrb|GoodasGold|MakeItRain,NastyPlot,Protect,Thunderbolt||||||50|,,,,,Water]Dragonite||LoadedDice|Multiscale|ScaleShot,Haze,RockSlide,Protect|||M|||50|,,,,,Fairy]Incineroar||SitrusBerry|Intimidate|KnockOff,PartingShot,FakeOut,Taunt|||M|||50|,,,,,Water]Volcarona||Leftovers|FlameBody|StruggleBug,Protect,HeatWave,QuiverDance|||M|||50|,,,,,Flying
|showteam|p2|Malamar||ChoiceScarf|Contrary|KnockOff,PsychoCut,Superpower,Switcheroo|||M|||50|,,,,,Fighting]Torkoal||EjectPack|Drought|Protect,Eruption,Overheat,HelpingHand|||M|||50|,,,,,Flying]Delphox||LifeOrb|Blaze|Flamethrower,ExpandingForce,DazzlingGleam,Protect|||F|||50|,,,,,Fairy]Indeedee-F||SafetyGoggles|PsychicSurge|FollowMe,Psychic,HelpingHand,TrickRoom|||F|||50|,,,,,Fairy]Sneasler||PsychicSeed|Unburden|Protect,CloseCombat,DireClaw,ThroatChop|||F|||50|,,,,,Dark]Ursaluna||FlameOrb|Guts|Protect,HeadlongRush,Earthquake,Facade|||M|||50|,,,,,Ghost
|inactive|Battle timer is ON: inactive players will automatically lose when time's up. (requested by MBW 2099)
|inactive|Green-Dogi Ranger has 60 seconds left.
|
|t:|1757729495
|teamsize|p1|4
|teamsize|p2|4
|start
|switch|p1a: Incineroar|Incineroar, L50, M|100/100
|switch|p1b: Volcarona|Volcarona, L50, M|100/100
|switch|p2a: Indeedee|Indeedee-F, L50, F|100/100
|switch|p2b: Sneasler|Sneasler, L50, F|100/100
|-ability|p1a: Incineroar|Intimidate|boost
|-unboost|p2a: Indeedee|atk|1
|-unboost|p2b: Sneasler|atk|1
|-fieldstart|move: Psychic Terrain|[from] ability: Psychic Surge|[of] p2a: Indeedee
|-enditem|p2b: Sneasler|Psychic Seed
|-boost|p2b: Sneasler|spd|1|[from] item: Psychic Seed
|turn|1
|inactive|MBW 2099 has 30 seconds left.
|inactive|Green-Dogi Ranger has 30 seconds left.
|inactive|MBW 2099 has 20 seconds left.
|
|t:|1757729532
|switch|p1a: Dragonite|Dragonite, L50, M|100/100
|switch|p2a: Ursaluna|Ursaluna, L50, M|100/100
|move|p1b: Volcarona|Protect|p1b: Volcarona
|-singleturn|p1b: Volcarona|Protect
|move|p2b: Sneasler|Dire Claw|p1b: Volcarona
|-activate|p1b: Volcarona|move: Protect
|
|-status|p2a: Ursaluna|brn|[from] item: Flame Orb
|upkeep
|turn|2
|
|t:|1757729555
|switch|p1b: Incineroar|Incineroar, L50, M|100/100
|-ability|p1b: Incineroar|Intimidate|boost
|-unboost|p2a: Ursaluna|atk|1
|-unboost|p2b: Sneasler|atk|1
|move|p1a: Dragonite|Protect|p1a: Dragonite
|-singleturn|p1a: Dragonite|Protect
|move|p2b: Sneasler|Dire Claw|p1a: Dragonite
|-activate|p1a: Dragonite|move: Protect
|move|p2a: Ursaluna|Facade|p1b: Incineroar
|-damage|p1b: Incineroar|23/100
|-enditem|p1b: Incineroar|Sitrus Berry|[eat]
|-heal|p1b: Incineroar|48/100|[from] item: Sitrus Berry
|
|-damage|p2a: Ursaluna|94/100 brn|[from] brn
|upkeep
|turn|3
|inactive|MBW 2099 has 30 seconds left.
|inactive|MBW 2099 has 20 seconds left.
|inactive|MBW 2099 has 15 seconds left.
|inactive|MBW 2099 has 10 seconds left.
|inactive|MBW 2099 has 5 seconds left.
|
|t:|1757729608
|switch|p2a: Malamar|Malamar, L50, M|100/100
|move|p2b: Sneasler|Dire Claw|p1a: Dragonite
|-damage|p1a: Dragonite|87/100
|-status|p1a: Dragonite|psn
|move|p1a: Dragonite|Scale Shot|p2b: Sneasler|[miss]
|-miss|p1a: Dragonite|p2b: Sneasler
|move|p1b: Incineroar|Parting Shot|p2a: Malamar
|-boost|p2a: Malamar|atk|1
|-boost|p2a: Malamar|spa|1
|
|t:|1757729623
|switch|p1b: Sneasler|Sneasler, L50, M|100/100|[from] Parting Shot
|-enditem|p1b: Sneasler|Psychic Seed
|-boost|p1b: Sneasler|spd|1|[from] item: Psychic Seed
|
|-damage|p1a: Dragonite|75/100 psn|[from] psn
|upkeep
|turn|4
|inactive|MBW 2099 has 30 seconds left.
|
|t:|1757729649
|switch|p2b: Indeedee|Indeedee-F, L50, F|100/100
|move|p1b: Sneasler|Protect|p1b: Sneasler
|-singleturn|p1b: Sneasler|Protect
|move|p2a: Malamar|Psycho Cut|p1b: Sneasler
|-activate|p1b: Sneasler|move: Protect
|move|p1a: Dragonite|Rock Slide|p2b: Indeedee|[spread] p2a,p2b
|-crit|p2a: Malamar
|-damage|p2a: Malamar|63/100
|-damage|p2b: Indeedee|79/100
|
|-damage|p1a: Dragonite|62/100 psn|[from] psn
|upkeep
|turn|5
|inactive|MBW 2099 has 30 seconds left.
|inactive|MBW 2099 has 20 seconds left.
|inactive|MBW 2099 has 15 seconds left.
|inactive|MBW 2099 has 10 seconds left.
|
|t:|1757729695
|move|p1b: Sneasler|Dire Claw|p2a: Malamar
|-damage|p2a: Malamar|3/100
|-status|p2a: Malamar|slp
|cant|p2a: Malamar|slp
|move|p1a: Dragonite|Haze|p1a: Dragonite
|-clearallboost
|move|p2b: Indeedee|Trick Room|p2b: Indeedee
|-fieldstart|move: Trick Room|[of] p2b: Indeedee
|
|-damage|p1a: Dragonite|50/100 psn|[from] psn
|-fieldend|move: Psychic Terrain
|upkeep
|turn|6
|inactive|Green-Dogi Ranger has 30 seconds left.
|
|t:|1757729725
|switch|p2a: Ursaluna|Ursaluna, L50, M|94/100 brn
|move|p2b: Indeedee|Psychic|p1a: Dragonite
|-damage|p1a: Dragonite|21/100 psn
|move|p1a: Dragonite|Rock Slide|p2b: Indeedee|[spread] p2a,p2b
|-resisted|p2a: Ursaluna
|-damage|p2a: Ursaluna|87/100 brn
|-damage|p2b: Indeedee|59/100
|move|p1b: Sneasler|Throat Chop|p2b: Indeedee
|-supereffective|p2b: Indeedee
|-damage|p2b: Indeedee|2/100
|-start|p2b: Indeedee|Throat Chop|[silent]
|
|-damage|p1a: Dragonite|8/100 psn|[from] psn
|-damage|p2a: Ursaluna|81/100 brn|[from] brn
|upkeep
|turn|7
|inactive|MBW 2099 has 30 seconds left.
|inactive|Green-Dogi Ranger has 30 seconds left.
|inactive|MBW 2099 has 20 seconds left.
|
|t:|1757729761
|switch|p2b: Sneasler|Sneasler, L50, F|100/100
|switch|p1a: Incineroar|Incineroar, L50, M|48/100
|-ability|p1a: Incineroar|Intimidate|boost
|-unboost|p2a: Ursaluna|atk|1
|-unboost|p2b: Sneasler|atk|1
|move|p1b: Sneasler|Protect|p1b: Sneasler
|-singleturn|p1b: Sneasler|Protect
|move|p2a: Ursaluna|Facade|p1b: Sneasler
|-activate|p1b: Sneasler|move: Protect
|
|-damage|p2a: Ursaluna|75/100 brn|[from] brn
|upkeep
|turn|8
|inactive|MBW 2099 has 30 seconds left.
|inactive|MBW 2099 has 20 seconds left.
|inactive|MBW 2099 has 15 seconds left.
|
|t:|1757729804
|switch|p2b: Indeedee|Indeedee-F, L50, F|2/100
|-fieldstart|move: Psychic Terrain|[from] ability: Psychic Surge|[of] p2b: Indeedee
|move|p1a: Incineroar|Fake Out|p2a: Ursaluna
|-activate|p2a: Ursaluna|move: Psychic Terrain
|move|p2a: Ursaluna|Earthquake|p1b: Sneasler|[spread] p2b,p1a,p1b
|-supereffective|p1a: Incineroar
|-supereffective|p1b: Sneasler
|-damage|p2b: Indeedee|0 fnt
|-damage|p1a: Incineroar|0 fnt
|-damage|p1b: Sneasler|0 fnt
|faint|p2b: Indeedee
|faint|p1a: Incineroar
|faint|p1b: Sneasler
|
|-damage|p2a: Ursaluna|68/100 brn|[from] brn
|upkeep
|
|t:|1757729823
|switch|p2b: Sneasler|Sneasler, L50, F|100/100
|switch|p1a: Dragonite|Dragonite, L50, M|8/100 psn
|switch|p1b: Volcarona|Volcarona, L50, M|100/100
|turn|9
|inactive|Green-Dogi Ranger has 30 seconds left.
|inactive|Green-Dogi Ranger has 20 seconds left.
|inactive|Green-Dogi Ranger has 15 seconds left.
|inactive|Green-Dogi Ranger has 10 seconds left.
|
|t:|1757729870
|switch|p2a: Malamar|Malamar, L50, M|3/100 slp
|move|p1b: Volcarona|Protect|p1b: Volcarona
|-singleturn|p1b: Volcarona|Protect
|move|p1a: Dragonite|Scale Shot|p2b: Sneasler
|-damage|p2b: Sneasler|77/100
|-damage|p2b: Sneasler|53/100
|-damage|p2b: Sneasler|26/100
|-damage|p2b: Sneasler|0 fnt
|faint|p2b: Sneasler
|-hitcount|p2: Sneasler|4
|-unboost|p1a: Dragonite|def|1
|-boost|p1a: Dragonite|spe|1
|
|-damage|p1a: Dragonite|0 fnt|[from] psn
|faint|p1a: Dragonite
|-fieldend|move: Trick Room
|upkeep
|
|t:|1757729881
|switch|p2b: Ursaluna|Ursaluna, L50, M|68/100 brn
|turn|10
|inactive|MBW 2099 has 30 seconds left.
|
|t:|1757729908
|-terastallize|p1b: Volcarona|Flying
|cant|p2a: Malamar|slp
|move|p1b: Volcarona|Quiver Dance|p1b: Volcarona
|-boost|p1b: Volcarona|spa|1
|-boost|p1b: Volcarona|spd|1
|-boost|p1b: Volcarona|spe|1
|move|p2b: Ursaluna|Facade|p1b: Volcarona
|-damage|p1b: Volcarona|0 fnt
|faint|p1b: Volcarona
|
|win|Green-Dogi Ranger
|inactive|MBW 2099 has 30 seconds to confirm battle start!
|inactive|Green-Dogi Ranger has 30 seconds to confirm battle start!
||Green-Dogi Ranger is ready for game 3.
|inactive|MBW 2099 has 20 seconds to confirm battle start!
|l|☆MBW 2099
|player|p1|
|inactive|MBW 2099 has 10 seconds to confirm battle start!
|uhtml|next|Next: Game 3 of 3
