|j|☆marsky
|j|☆CaptainRex501
|html|marskyCaptainRex501    
|uhtml|bestof|Game 1 of a best-of-3
|t:|1784140009
|gametype|doubles
|player|p1|marsky|marshal|
|player|p2|CaptainRex501|volkner|
|gen|9
|tier|[Gen 9 Champions] VGC 2026 Reg M-B (Bo3)
|rule|Species Clause: Limit one of each Pokémon
|rule|Item Clause: Limit 1 of each item
|clearpoke
|poke|p1|Charizard, L50, F|
|poke|p1|Farigiraf, L50, M|
|poke|p1|Garchomp, L50, F|
|poke|p1|Aerodactyl, L50, F|
|poke|p1|Sylveon, L50, F|
|poke|p1|Kingambit, L50, F|
|poke|p2|Tyranitar, L50, M|
|poke|p2|Staraptor, L50, F|
|poke|p2|Excadrill, L50, F|
|poke|p2|Sinistcha, L50|
|poke|p2|Gholdengo, L50|
|poke|p2|Milotic, L50, M|
|teampreview|4
|showteam|p1|Charizard||CharizarditeY|Blaze|HeatWave,SolarBeam,WeatherBall,Protect|Modest||F|||50|]Farigiraf||SitrusBerry|ArmorTail|Psychic,Thunderbolt,TrickRoom,Protect|Bold||M|||50|]Garchomp||LifeOrb|RoughSkin|Earthquake,DragonClaw,StompingTantrum,Protect|Jolly||F|||50|]Aerodactyl||Aerodactylite|Unnerve|RockSlide,DualWingbeat,IceFang,Tailwind|Jolly||F|||50|]Sylveon||FairyFeather|Pixilate|HyperVoice,HyperBeam,QuickAttack,Protect|Modest||F|||50|]Kingambit||FocusSash|Defiant|KowtowCleave,IronHead,SuckerPunch,LowKick|Adamant||F|||50|
|showteam|p2|Tyranitar||Tyranitarite|SandStream|KnockOff,RockSlide,Protect,LowKick|Adamant||M|||50|]Staraptor||Staraptite|Intimidate|DualWingbeat,CloseCombat,Protect,Tailwind|Jolly||F|||50|]Excadrill||FocusSash|SandRush|HighHorsepower,IronHead,RockSlide,Protect|Adamant||F|||50|]Sinistcha||SitrusBerry|Hospitality|MatchaGotcha,RagePowder,TrickRoom,Protect|Calm|||||50|]Gholdengo||LifeOrb|GoodasGold|MakeItRain,NastyPlot,Protect,ShadowBall|Timid|||||50|]Milotic||Leftovers|Competitive|Scald,Recover,Protect,IceBeam|Modest||M|||50|
|inactive|Battle timer is ON: inactive players will automatically lose when time's up. (requested by CaptainRex501)
|c|☆CaptainRex501|GLHF!
|c|☆marsky|gl hf
|inactive|marsky has 60 seconds left.
|inactive|CaptainRex501 has 60 seconds left.
|
|t:|1784140058
|teamsize|p1|4
|teamsize|p2|4
|start
|switch|p1a: Aerodactyl|Aerodactyl, L50, F|100/100
|switch|p1b: Kingambit|Kingambit, L50, F|100/100
|switch|p2a: Excadrill|Excadrill, L50, F|100/100
|switch|p2b: Tyranitar|Tyranitar, L50, M|100/100
|-ability|p1a: Aerodactyl|Unnerve
|-weather|Sandstorm|[from] ability: Sand Stream|[of] p2b: Tyranitar
|turn|1
|inactive|marsky has 30 seconds left.
|inactive|CaptainRex501 has 30 seconds left.
|inactive|marsky has 20 seconds left.
|inactive|CaptainRex501 has 20 seconds left.
|inactive|marsky has 15 seconds left.
|inactive|CaptainRex501 has 15 seconds left.
|inactive|marsky has 10 seconds left.
|inactive|marsky has 5 seconds left.
|
|t:|1784140108
|switch|p1a: Garchomp|Garchomp, L50, F|100/100
|move|p2b: Tyranitar|Protect|p2b: Tyranitar
|-singleturn|p2b: Tyranitar|Protect
|move|p2a: Excadrill|Iron Head|p1a: Garchomp
|-damage|p1a: Garchomp|54/100
|-damage|p2a: Excadrill|87/100|[from] ability: Rough Skin|[of] p1a: Garchomp
|move|p1b: Kingambit|Low Kick|p2b: Tyranitar
|-activate|p2b: Tyranitar|move: Protect
|
|-weather|Sandstorm|[upkeep]
|upkeep
|turn|2
|inactive|marsky has 30 seconds left.
|
|t:|1784140136
|switch|p2b: Sinistcha|Sinistcha, L50|100/100
|-heal|p2a: Excadrill|100/100|[from] ability: Hospitality|[of] p2b: Sinistcha
|move|p2a: Excadrill|High Horsepower|p1a: Garchomp
|-damage|p1a: Garchomp|0 fnt
|-damage|p2a: Excadrill|87/100|[from] ability: Rough Skin|[of] p1a: Garchomp
|faint|p1a: Garchomp
|move|p1b: Kingambit|Iron Head|p2b: Sinistcha
|-damage|p2b: Sinistcha|60/100
|
|-weather|Sandstorm|[upkeep]
|-damage|p2b: Sinistcha|54/100|[from] Sandstorm
|upkeep
|
|t:|1784140156
|switch|p1a: Aerodactyl|Aerodactyl, L50, F|100/100
|-ability|p1a: Aerodactyl|Unnerve
|turn|3
|inactive|marsky has 30 seconds left.
|
|t:|1784140190
|switch|p2b: Milotic|Milotic, L50, M|100/100
|detailschange|p1a: Aerodactyl|Aerodactyl-Mega, L50, F
|-mega|p1a: Aerodactyl|Aerodactyl|Aerodactylite
|move|p2a: Excadrill|Iron Head|p1a: Aerodactyl
|-supereffective|p1a: Aerodactyl|1
|-crit|p1a: Aerodactyl
|-damage|p1a: Aerodactyl|0 fnt
|faint|p1a: Aerodactyl
|move|p1b: Kingambit|Low Kick|p2a: Excadrill
|-supereffective|p2a: Excadrill|1
|-damage|p2a: Excadrill|17/100
|
|-weather|Sandstorm|[upkeep]
|-damage|p2b: Milotic|94/100|[from] Sandstorm
|-heal|p2b: Milotic|100/100|[from] item: Leftovers
|upkeep
|
|t:|1784140196
|switch|p1a: Sylveon|Sylveon, L50, F|100/100
|turn|4
|inactive|CaptainRex501 has 30 seconds left.
|
|t:|1784140227
|move|p2a: Excadrill|Protect|p2a: Excadrill
|-singleturn|p2a: Excadrill|Protect
|move|p2b: Milotic|Scald|p1b: Kingambit
|-damage|p1b: Kingambit|62/100
|move|p1b: Kingambit|Kowtow Cleave|p2b: Milotic
|-damage|p2b: Milotic|53/100
|move|p1a: Sylveon|Hyper Voice|p2a: Excadrill|[spread] p2b
|-activate|p2a: Excadrill|move: Protect
|-damage|p2b: Milotic|14/100
|
|-weather|Sandstorm|[upkeep]
|-damage|p2b: Milotic|8/100|[from] Sandstorm
|-damage|p1a: Sylveon|94/100|[from] Sandstorm
|-heal|p2b: Milotic|14/100|[from] item: Leftovers
|upkeep
|turn|5
|inactive|CaptainRex501 has 30 seconds left.
|
|t:|1784140262
|move|p2a: Excadrill|Protect||[still]
|-fail|p2a: Excadrill
|move|p1b: Kingambit|Sucker Punch||[still]
|-fail|p1b: Kingambit
|move|p2b: Milotic|Scald|p1b: Kingambit
|-crit|p1b: Kingambit
|-damage|p1b: Kingambit|7/100
|-status|p1b: Kingambit|brn
|move|p1a: Sylveon|Hyper Voice|p2b: Milotic|[spread] p2a,p2b
|-resisted|p2a: Excadrill|1
|-damage|p2a: Excadrill|0 fnt
|-damage|p2b: Milotic|0 fnt
|faint|p2a: Excadrill
|faint|p2b: Milotic
|
|-weather|none
|-damage|p1b: Kingambit|1/100 brn|[from] brn
|upkeep
|
|t:|1784140270
|switch|p2a: Sinistcha|Sinistcha, L50|54/100
|switch|p2b: Tyranitar|Tyranitar, L50, M|100/100
|-weather|Sandstorm|[from] ability: Sand Stream|[of] p2b: Tyranitar
|turn|6
|inactive|marsky has 30 seconds left.
|
|t:|1784140304
|detailschange|p2b: Tyranitar|Tyranitar-Mega, L50, M
|-mega|p2b: Tyranitar|Tyranitar|Tyranitarite
|move|p2a: Sinistcha|Rage Powder|p2a: Sinistcha
|-singleturn|p2a: Sinistcha|move: Rage Powder
|move|p2b: Tyranitar|Rock Slide|p1a: Sylveon|[spread] p1a
|-miss|p2b: Tyranitar|p1b: Kingambit
|-damage|p1a: Sylveon|53/100
|move|p1b: Kingambit|Iron Head|p2a: Sinistcha
|-damage|p2a: Sinistcha|34/100
|-enditem|p2a: Sinistcha|Sitrus Berry|[eat]
|-heal|p2a: Sinistcha|59/100|[from] item: Sitrus Berry
|cant|p1a: Sylveon|flinch
|
|-weather|Sandstorm|[upkeep]
|-damage|p1a: Sylveon|47/100|[from] Sandstorm
|-damage|p2a: Sinistcha|53/100|[from] Sandstorm
|-damage|p1b: Kingambit|0 fnt|[from] brn
|faint|p1b: Kingambit
|upkeep
|turn|7
|
|t:|1784140323
|move|p2a: Sinistcha|Rage Powder|p2a: Sinistcha
|-singleturn|p2a: Sinistcha|move: Rage Powder
|move|p2b: Tyranitar|Knock Off|p1a: Sylveon
|-resisted|p1a: Sylveon|1
|-damage|p1a: Sylveon|14/100
|-enditem|p1a: Sylveon|Fairy Feather|[from] move: Knock Off|[of] p2b: Tyranitar
|move|p1a: Sylveon|Hyper Voice|p2b: Tyranitar|[spread] p2a,p2b
|-supereffective|p2b: Tyranitar|1
|-damage|p2a: Sinistcha|14/100
|-damage|p2b: Tyranitar|56/100
|
|-weather|Sandstorm|[upkeep]
|-damage|p2a: Sinistcha|7/100|[from] Sandstorm
|-damage|p1a: Sylveon|9/100|[from] Sandstorm
|upkeep
|turn|8
|
|t:|1784140335
|move|p2a: Sinistcha|Rage Powder|p2a: Sinistcha
|-singleturn|p2a: Sinistcha|move: Rage Powder
|move|p2b: Tyranitar|Knock Off|p1a: Sylveon
|-resisted|p1a: Sylveon|1
|-damage|p1a: Sylveon|0 fnt
|faint|p1a: Sylveon
|
|win|CaptainRex501
||marsky is ready for game 2.
||CaptainRex501 is ready for game 2.
|uhtml|next|Next: Game 2 of 3
