|j|☆pinkey569
|j|☆Capitan-N
|html|pinkey569Capitan-N    
|uhtml|bestof|Game 2 of a best-of-3
|t:|1756693350
|gametype|doubles
|player|p1|pinkey569|265|1080
|player|p2|Capitan-N|n|1034
|gen|9
|tier|[Gen 9] VGC 2025 Reg H (Bo3)
|rated|
|rule|Species Clause: Limit one of each Pokémon
|rule|Item Clause: Limit 1 of each item
|clearpoke
|poke|p1|Tyranitar, L50, M|
|poke|p1|Dragonite, L50, F|
|poke|p1|Excadrill, L50, M|
|poke|p1|Volcarona, L50, F|
|poke|p1|Kilowattrel, L50, F|
|poke|p1|Indeedee, L50, M|
|poke|p2|Basculegion, L50, M|
|poke|p2|Incineroar, L50, F|
|poke|p2|Garganacl, L50, M|
|poke|p2|Gliscor, L50, F|
|poke|p2|Tyranitar, L50, F|
|poke|p2|Archaludon, L50, F|
|teampreview|4
|showteam|p1|Tyranitar||AssaultVest|SandStream|RockSlide,KnockOff,TeraBlast,LowKick|||M|||50|,,,,,Flying]Dragonite||LoadedDice|Multiscale|Protect,ThunderWave,Roar,ScaleShot|||F|||50|,,,,,Fairy]Excadrill||LifeOrb|SandRush|Protect,Earthquake,IronHead,TeraBlast|||M|||50|,,,,,Fairy]Volcarona||SitrusBerry|FlameBody|Tailwind,RagePowder,Overheat,StruggleBug|||F|||50|,,,,,Grass]Kilowattrel||ChoiceSpecs|Competitive|Thunderbolt,Discharge,AirSlash,WeatherBall|||F|||50|,,,,,Ghost]Indeedee||FocusSash|PsychicSurge|TrickRoom,Imprison,ExpandingForce,TeraBlast|||M|||50|,,,,,Fighting
|showteam|p2|Basculegion||ChoiceScarf|Adaptability|LastRespects,WaveCrash,FlipTurn,TeraBlast|||M|||50|,,,,,Dragon]Incineroar||SafetyGoggles|Intimidate|FakeOut,Taunt,KnockOff,Uturn|||F|||50|,,,,,Bug]Garganacl||Leftovers|PurifyingSalt|BodyPress,Recover,IronDefense,SaltCure|||M|||50|,,,,,Ghost]Gliscor||ToxicOrb|PoisonHeal|Toxic,HighHorsepower,PoisonJab,Protect|||F|||50|,,,,,Poison]Tyranitar||AssaultVest|SandStream|HighHorsepower,Snarl,Crunch,RockSlide|||F|||50|,,,,,Fairy]Archaludon||PowerHerb|Stamina|BodyPress,ElectroShot,Protect,DracoMeteor|||F|||50|,,,,,Grass
|
|t:|1756693412
|teamsize|p1|4
|teamsize|p2|4
|start
|switch|p1a: Volcarona|Volcarona, L50, F|100/100
|switch|p1b: Tyranitar|Tyranitar, L50, M|100/100
|switch|p2a: Basculegion|Basculegion, L50, M|100/100
|switch|p2b: Garganacl|Garganacl, L50, M, shiny|100/100
|-weather|Sandstorm|[from] ability: Sand Stream|[of] p1b: Tyranitar
|turn|1
|
|t:|1756693445
|-terastallize|p2a: Basculegion|Dragon
|-terastallize|p1a: Volcarona|Grass
|move|p1a: Volcarona|Rage Powder|p1a: Volcarona
|-singleturn|p1a: Volcarona|move: Rage Powder
|move|p2a: Basculegion|Wave Crash|p1a: Volcarona
|-resisted|p1a: Volcarona
|-damage|p1a: Volcarona|66/100
|-damage|p2a: Basculegion|89/100|[from] Recoil
|move|p1b: Tyranitar|Knock Off|p2a: Basculegion
|-damage|p2a: Basculegion|16/100
|-enditem|p2a: Basculegion|Choice Scarf|[from] move: Knock Off|[of] p1b: Tyranitar
|move|p2b: Garganacl|Salt Cure|p1a: Volcarona
|-damage|p1a: Volcarona|49/100
|-start|p1a: Volcarona|Salt Cure
|-enditem|p1a: Volcarona|Sitrus Berry|[eat]
|-heal|p1a: Volcarona|74/100|[from] item: Sitrus Berry
|
|-weather|Sandstorm|[upkeep]
|-damage|p1a: Volcarona|68/100|[from] Sandstorm
|-damage|p2a: Basculegion|10/100|[from] Sandstorm
|-damage|p1a: Volcarona|55/100|[from] Salt Cure
|upkeep
|turn|2
|
|t:|1756693469
|switch|p2a: Incineroar|Incineroar, L50, F|100/100
|-ability|p2a: Incineroar|Intimidate|boost
|-unboost|p1a: Volcarona|atk|1
|-unboost|p1b: Tyranitar|atk|1
|move|p1a: Volcarona|Rage Powder|p1a: Volcarona
|-singleturn|p1a: Volcarona|move: Rage Powder
|move|p1b: Tyranitar|Low Kick|p2b: Garganacl
|-supereffective|p2b: Garganacl
|-damage|p2b: Garganacl|66/100
|move|p2b: Garganacl|Iron Defense|p2b: Garganacl
|-boost|p2b: Garganacl|def|2
|
|-weather|Sandstorm|[upkeep]
|-damage|p1a: Volcarona|49/100|[from] Sandstorm
|-heal|p2b: Garganacl|72/100|[from] item: Leftovers
|-damage|p1a: Volcarona|36/100|[from] Salt Cure
|upkeep
|turn|3
|
|t:|1756693517
|move|p1a: Volcarona|Rage Powder|p1a: Volcarona
|-singleturn|p1a: Volcarona|move: Rage Powder
|move|p1b: Tyranitar|Knock Off|p2b: Garganacl
|-damage|p2b: Garganacl|61/100
|-enditem|p2b: Garganacl|Leftovers|[from] move: Knock Off|[of] p1b: Tyranitar
|move|p2a: Incineroar|U-turn|p1b: Tyranitar
|-supereffective|p1b: Tyranitar
|-damage|p1b: Tyranitar|63/100
|
|t:|1756693526
|switch|p2a: Archaludon|Archaludon, L50, F|100/100|[from] U-turn
|move|p2b: Garganacl|Recover|p2b: Garganacl
|-heal|p2b: Garganacl|100/100
|
|-weather|Sandstorm|[upkeep]
|-damage|p1a: Volcarona|30/100|[from] Sandstorm
|-damage|p1a: Volcarona|18/100|[from] Salt Cure
|upkeep
|turn|4
|
|t:|1756693562
|switch|p1a: Excadrill|Excadrill, L50, M|100/100
|move|p2a: Archaludon|Protect|p2a: Archaludon
|-singleturn|p2a: Archaludon|Protect
|move|p1b: Tyranitar|Low Kick|p2a: Archaludon
|-activate|p2a: Archaludon|move: Protect
|move|p2b: Garganacl|Body Press|p1b: Tyranitar
|-supereffective|p1b: Tyranitar
|-damage|p1b: Tyranitar|0 fnt
|faint|p1b: Tyranitar
|
|-weather|Sandstorm|[upkeep]
|upkeep
|
|t:|1756693572
|switch|p1b: Volcarona|Volcarona, L50, F, tera:Grass|18/100
|turn|5
|
|t:|1756693594
|switch|p2a: Incineroar|Incineroar, L50, F|100/100
|-ability|p2a: Incineroar|Intimidate|boost
|-unboost|p1a: Excadrill|atk|1
|-unboost|p1b: Volcarona|atk|1
|move|p1a: Excadrill|Protect|p1a: Excadrill
|-singleturn|p1a: Excadrill|Protect
|move|p1b: Volcarona|Overheat|p2a: Incineroar|[miss]
|-miss|p1b: Volcarona|p2a: Incineroar
|move|p2b: Garganacl|Salt Cure|p1a: Excadrill
|-activate|p1a: Excadrill|move: Protect
|
|-weather|none
|upkeep
|turn|6
|
|t:|1756693618
|move|p2a: Incineroar|Fake Out|p1b: Volcarona
|-damage|p1b: Volcarona|3/100
|cant|p1b: Volcarona|flinch
|move|p1a: Excadrill|Iron Head|p2b: Garganacl
|-supereffective|p2b: Garganacl
|-damage|p2b: Garganacl|76/100
|-damage|p1a: Excadrill|91/100|[from] item: Life Orb
|cant|p2b: Garganacl|flinch
|
|upkeep
|turn|7
|
|t:|1756693640
|move|p1b: Volcarona|Rage Powder|p1b: Volcarona
|-singleturn|p1b: Volcarona|move: Rage Powder
|move|p1a: Excadrill|Earthquake|p2a: Incineroar|[spread] p1b,p2a,p2b
|-resisted|p1b: Volcarona
|-supereffective|p2a: Incineroar
|-supereffective|p2b: Garganacl
|-damage|p1b: Volcarona|0 fnt
|-damage|p2a: Incineroar|25/100
|-damage|p2b: Garganacl|55/100
|faint|p1b: Volcarona
|-damage|p1a: Excadrill|81/100|[from] item: Life Orb
|move|p2a: Incineroar|U-turn|p1a: Excadrill
|-resisted|p1a: Excadrill
|-damage|p1a: Excadrill|66/100
|
|t:|1756693666
|switch|p2a: Basculegion|Basculegion, L50, M, tera:Dragon|10/100|[from] U-turn
|move|p2b: Garganacl|Body Press|p1a: Excadrill
|-supereffective|p1a: Excadrill
|-damage|p1a: Excadrill|0 fnt
|faint|p1a: Excadrill
|
|upkeep
|
|t:|1756693669
|switch|p1a: Indeedee|Indeedee, L50, M|100/100
|-fieldstart|move: Psychic Terrain|[from] ability: Psychic Surge|[of] p1a: Indeedee
|turn|8
|
|t:|1756693680
|move|p1a: Indeedee|Expanding Force|p2a: Basculegion|[spread] p2a,p2b
|-damage|p2a: Basculegion|0 fnt
|-damage|p2b: Garganacl|12/100
|faint|p2a: Basculegion
|move|p2b: Garganacl|Recover|p2b: Garganacl
|-heal|p2b: Garganacl|62/100
|
|upkeep
|
|t:|1756693694
|switch|p2a: Incineroar|Incineroar, L50, F|25/100
|-ability|p2a: Incineroar|Intimidate|boost
|-unboost|p1a: Indeedee|atk|1
|turn|9
|
|t:|1756693703
|move|p1a: Indeedee|Tera Blast|p2a: Incineroar
|-damage|p2a: Incineroar|0 fnt
|faint|p2a: Incineroar
|move|p2b: Garganacl|Recover|p2b: Garganacl
|-heal|p2b: Garganacl|100/100
|
|upkeep
|
|t:|1756693710
|switch|p2a: Archaludon|Archaludon, L50, F|100/100
|turn|10
|
|t:|1756693718
|move|p1a: Indeedee|Expanding Force|p2b: Garganacl|[spread] p2a,p2b
|-resisted|p2a: Archaludon
|-crit|p2b: Garganacl
|-damage|p2a: Archaludon|70/100
|-damage|p2b: Garganacl|37/100
|-ability|p2a: Archaludon|Stamina|boost
|-boost|p2a: Archaludon|def|1
|move|p2a: Archaludon|Electro Shot||[still]
|-prepare|p2a: Archaludon|Electro Shot
|-boost|p2a: Archaludon|spa|1
|-enditem|p2a: Archaludon|Power Herb
|-anim|p2a: Archaludon|Electro Shot|p1a: Indeedee
|-damage|p1a: Indeedee|7/100
|move|p2b: Garganacl|Body Press|p1a: Indeedee
|-damage|p1a: Indeedee|0 fnt
|faint|p1a: Indeedee
|
|win|Capitan-N
|inactive|pinkey569 has 30 seconds to confirm battle start!
|inactive|Capitan-N has 30 seconds to confirm battle start!
||pinkey569 is ready for game 3.
|inactive|Capitan-N has 20 seconds to confirm battle start!
|inactive|Capitan-N has 10 seconds to confirm battle start!
|uhtml|next|Next: Game 3 of 3
|l|☆Capitan-N
|player|p2|
