|j|☆sbhaga34
|j|☆crimsonkidd
|html|sbhaga34crimsonkidd    
|uhtml|bestof|Game 2 of a best-of-3
|t:|1755454942
|gametype|doubles
|player|p1|sbhaga34|hugh|1279
|player|p2|crimsonkidd|lance|1378
|gen|9
|tier|[Gen 9] VGC 2025 Reg H (Bo3)
|rated|
|rule|Species Clause: Limit one of each Pokémon
|rule|Item Clause: Limit 1 of each item
|clearpoke
|poke|p1|Indeedee-F, L50, F|
|poke|p1|Kilowattrel, L50, F|
|poke|p1|Tyranitar, L50, F|
|poke|p1|Excadrill, L50, M|
|poke|p1|Gardevoir, L50, F|
|poke|p1|Annihilape, L50, F|
|poke|p2|Tyranitar, L50, F|
|poke|p2|Excadrill, L50, M|
|poke|p2|Houndstone, L50, M|
|poke|p2|Milotic, L50, F|
|poke|p2|Amoonguss, L50, F|
|poke|p2|Volcarona, L50, M|
|teampreview|4
|showteam|p1|Indeedee-F||SafetyGoggles|PsychicSurge|FollowMe,TrickRoom,Imprison,Psychic|||F|||50|,,,,,Fairy]Kilowattrel||CovertCloak|Competitive|VoltSwitch,Discharge,AirSlash,Tailwind|||F|||50|,,,,,Electric]Tyranitar||WeaknessPolicy|SandStream|RockSlide,KnockOff,LowKick,Protect|||F|||50|,,,,,Flying]Excadrill||FocusSash|SandRush|Earthquake,IronHead,SwordsDance,Protect|||M|||50|,,,,,Ground]Gardevoir||ChoiceScarf|Telepathy|ExpandingForce,DazzlingGleam,Moonblast,IcyWind|||F|||50|,,,,,Psychic]Annihilape||Leftovers|Defiant|FinalGambit,CloseCombat,RageFist,Endeavor|||F|||50|,,,,,Fire
|showteam|p2|Tyranitar||AssaultVest|SandStream|KnockOff,RockSlide,TeraBlast,LowKick|||F|||50|,,,,,Flying]Excadrill||FocusSash|SandRush|HighHorsepower,IronHead,Protect,Earthquake|||M|||50|,,,,,Fire]Houndstone||LifeOrb|SandRush|LastRespects,ShadowSneak,BodyPress,Protect|||M|||50|,,,,,Normal]Milotic||SitrusBerry|Competitive|Scald,IcyWind,Protect,Haze|||F|||50|,,,,,Poison]Amoonguss||RockyHelmet|Regenerator|RagePowder,Spore,PollenPuff,SludgeBomb|||F|||50|,,,,,Water]Volcarona||Leftovers|FlameBody|QuiverDance,HeatWave,GigaDrain,Protect|||M|||50|,,,,,Grass
|inactive|Battle timer is ON: inactive players will automatically lose when time's up. (requested by crimsonkidd)
|
|t:|1755454986
|teamsize|p1|4
|teamsize|p2|4
|start
|switch|p1a: Kilowattrel|Kilowattrel, L50, F|100/100
|switch|p1b: Excadrill|Excadrill, L50, M, shiny|100/100
|switch|p2a: Amoonguss|Amoonguss, L50, F, shiny|100/100
|switch|p2b: Volcarona|Volcarona, L50, M|100/100
|turn|1
|
|t:|1755455013
|move|p1b: Excadrill|Protect|p1b: Excadrill
|-singleturn|p1b: Excadrill|Protect
|move|p2a: Amoonguss|Rage Powder|p2a: Amoonguss
|-singleturn|p2a: Amoonguss|move: Rage Powder
|move|p1a: Kilowattrel|Tailwind|p1a: Kilowattrel
|-sidestart|p1: sbhaga34|move: Tailwind
|move|p2b: Volcarona|Quiver Dance|p2b: Volcarona
|-boost|p2b: Volcarona|spa|1
|-boost|p2b: Volcarona|spd|1
|-boost|p2b: Volcarona|spe|1
|
|upkeep
|turn|2
|
|t:|1755455039
|switch|p1b: Tyranitar|Tyranitar, L50, F|100/100
|-weather|Sandstorm|[from] ability: Sand Stream|[of] p1b: Tyranitar
|-terastallize|p2b: Volcarona|Grass
|move|p2a: Amoonguss|Rage Powder|p2a: Amoonguss
|-singleturn|p2a: Amoonguss|move: Rage Powder
|move|p1a: Kilowattrel|Air Slash|p2a: Amoonguss
|-supereffective|p2a: Amoonguss
|-damage|p2a: Amoonguss|40/100
|move|p2b: Volcarona|Heat Wave|p1b: Tyranitar|[spread] p1b
|-miss|p2b: Volcarona|p1a: Kilowattrel
|-resisted|p1b: Tyranitar
|-damage|p1b: Tyranitar|83/100
|
|-weather|Sandstorm|[upkeep]
|-damage|p1a: Kilowattrel|95/100|[from] Sandstorm
|-damage|p2b: Volcarona|95/100|[from] Sandstorm
|-damage|p2a: Amoonguss|34/100|[from] Sandstorm
|-heal|p2b: Volcarona|100/100|[from] item: Leftovers
|upkeep
|turn|3
|
|t:|1755455060
|switch|p2a: Tyranitar|Tyranitar, L50, F, shiny|100/100
|move|p1a: Kilowattrel|Air Slash|p2a: Tyranitar
|-resisted|p2a: Tyranitar
|-damage|p2a: Tyranitar|95/100
|move|p1b: Tyranitar|Rock Slide|p2a: Tyranitar|[spread] p2a,p2b
|-damage|p2a: Tyranitar|68/100
|-damage|p2b: Volcarona|64/100
|move|p2b: Volcarona|Giga Drain|p1b: Tyranitar
|-supereffective|p1b: Tyranitar
|-damage|p1b: Tyranitar|4/100
|-heal|p2b: Volcarona|99/100|[from] drain|[of] p1b: Tyranitar
|-enditem|p1b: Tyranitar|Weakness Policy
|-boost|p1b: Tyranitar|atk|2|[from] item: Weakness Policy
|-boost|p1b: Tyranitar|spa|2|[from] item: Weakness Policy
|
|-weather|Sandstorm|[upkeep]
|-damage|p1a: Kilowattrel|89/100|[from] Sandstorm
|-damage|p2b: Volcarona|94/100|[from] Sandstorm
|-heal|p2b: Volcarona|99/100|[from] item: Leftovers
|upkeep
|turn|4
|
|t:|1755455082
|move|p1a: Kilowattrel|Volt Switch|p2a: Tyranitar
|-damage|p2a: Tyranitar|55/100
|
|t:|1755455094
|switch|p1a: Excadrill|Excadrill, L50, M, shiny|100/100|[from] Volt Switch
|move|p1b: Tyranitar|Rock Slide|p2a: Tyranitar|[spread] p2a,p2b
|-damage|p2a: Tyranitar|4/100
|-damage|p2b: Volcarona|28/100
|cant|p2b: Volcarona|flinch
|move|p2a: Tyranitar|Rock Slide|p1a: Excadrill|[spread] p1a,p1b
|-resisted|p1a: Excadrill
|-damage|p1a: Excadrill|90/100
|-damage|p1b: Tyranitar|0 fnt
|faint|p1b: Tyranitar
|
|-weather|Sandstorm|[upkeep]
|-damage|p2b: Volcarona|22/100|[from] Sandstorm
|-heal|p2b: Volcarona|28/100|[from] item: Leftovers
|-sideend|p1: sbhaga34|move: Tailwind
|upkeep
|
|t:|1755455114
|switch|p1b: Kilowattrel|Kilowattrel, L50, F|89/100
|turn|5
|
|t:|1755455126
|move|p1a: Excadrill|Iron Head|p2b: Volcarona
|-damage|p2b: Volcarona|0 fnt
|faint|p2b: Volcarona
|move|p1b: Kilowattrel|Discharge|p2a: Tyranitar|[spread] p2a
|-immune|p1a: Excadrill
|-damage|p2a: Tyranitar|0 fnt
|faint|p2a: Tyranitar
|
|-weather|Sandstorm|[upkeep]
|-damage|p1b: Kilowattrel|83/100|[from] Sandstorm
|upkeep
|
|t:|1755455136
|switch|p2b: Amoonguss|Amoonguss, L50, F, shiny|67/100
|switch|p2a: Houndstone|Houndstone, L50, M|100/100
|turn|6
|
|t:|1755455153
|move|p1a: Excadrill|Protect|p1a: Excadrill
|-singleturn|p1a: Excadrill|Protect
|move|p2a: Houndstone|Last Respects|p1b: Kilowattrel
|-damage|p1b: Kilowattrel|0 fnt
|faint|p1b: Kilowattrel
|-damage|p2a: Houndstone|91/100|[from] item: Life Orb
|move|p2b: Amoonguss|Spore|p1a: Excadrill
|-activate|p1a: Excadrill|move: Protect
|
|-weather|none
|upkeep
|
|t:|1755455165
|switch|p1b: Gardevoir|Gardevoir, L50, F, shiny|100/100
|turn|7
|inactive|crimsonkidd has 30 seconds left.
|inactive|crimsonkidd has 20 seconds left.
|inactive|crimsonkidd has 15 seconds left.
|inactive|crimsonkidd has 10 seconds left.
|
|t:|1755455215
|-terastallize|p1a: Excadrill|Ground
|move|p2b: Amoonguss|Rage Powder|p2b: Amoonguss
|-singleturn|p2b: Amoonguss|move: Rage Powder
|move|p1b: Gardevoir|Expanding Force|p2b: Amoonguss
|-supereffective|p2b: Amoonguss
|-damage|p2b: Amoonguss|0 fnt
|faint|p2b: Amoonguss
|move|p1a: Excadrill|Earthquake|p2a: Houndstone|[spread] p2a
|-activate|p1b: Gardevoir|ability: Telepathy
|-damage|p2a: Houndstone|22/100
|move|p2a: Houndstone|Last Respects|p1b: Gardevoir
|-supereffective|p1b: Gardevoir
|-damage|p1b: Gardevoir|0 fnt
|faint|p1b: Gardevoir
|-damage|p2a: Houndstone|13/100|[from] item: Life Orb
|
|upkeep
|turn|8
|
|t:|1755455233
|move|p2a: Houndstone|Shadow Sneak|p1a: Excadrill
|-damage|p1a: Excadrill|52/100
|-damage|p2a: Houndstone|3/100|[from] item: Life Orb
|move|p1a: Excadrill|Earthquake|p2a: Houndstone
|-crit|p2a: Houndstone
|-damage|p2a: Houndstone|0 fnt
|faint|p2a: Houndstone
|
|win|sbhaga34
|raw|sbhaga34's rating: 1279 → 1311(+32 for winning)
|raw|crimsonkidd's rating: 1378 → 1352(-26 for losing)
|l|☆sbhaga34
|player|p1|
