|j|☆blisswy
|j|☆Mega Chime Time
|html|blisswyMega Chime Time    
|uhtml|bestof|Game 2 of a best-of-3
|t:|1783269378
|gametype|doubles
|player|p1|blisswy|lady-gen4|
|player|p2|Mega Chime Time|miku-flying|
|gen|9
|tier|[Gen 9 Champions] VGC 2026 Reg M-B (Bo3)
|rule|Species Clause: Limit one of each Pokémon
|rule|Item Clause: Limit 1 of each item
|clearpoke
|poke|p1|Krookodile, L50, F|
|poke|p1|Klefki, L50, F|
|poke|p1|Floette-Eternal, L50, F|
|poke|p1|Charizard, L50, F|
|poke|p1|Gengar, L50, M|
|poke|p1|Pinsir, L50, M|
|poke|p2|Starmie, L50|
|poke|p2|Klefki, L50, M|
|poke|p2|Rotom-Mow, L50|
|poke|p2|Arcanine, L50, F|
|poke|p2|Floette-Eternal, L50, F|
|poke|p2|Mudsdale, L50, M|
|teampreview|4
|showteam|p1|Krookodile||LifeOrb|Intimidate|Earthquake,KnockOff,Protect,Snarl|Jolly||F|||50|]Klefki||LightClay|Prankster|Reflect,LightScreen,DazzlingGleam,SunnyDay|Sassy||F|||50|]Floette-Eternal||FairyFeather|FlowerVeil|DrainingKiss,CalmMind,DazzlingGleam,Protect|Modest||F|||50|]Charizard||ChoiceScarf|SolarPower|HeatWave,WeatherBall,DragonPulse,SolarBeam|Modest||F|||50|]Gengar||FocusSash|CursedBody|ShadowBall,Taunt,IcyWind,SludgeBomb|Timid||M|||50|]Pinsir||Pinsirite|HyperCutter|BodySlam,Lunge,Protect,QuickAttack|Jolly||M|||50|
|showteam|p2|Starmie||Starminite|NaturalCure|BulkUp,AquaJet,Liquidation,Protect|Adamant|||||50|]Klefki||LightClay|Prankster|RainDance,Reflect,LightScreen,DazzlingGleam|Modest||M|||50|]Rotom-Mow||ChoiceScarf|Levitate|VoltSwitch,Trick,LeafStorm,Electroweb|Timid|||||50|]Arcanine||Charcoal|Intimidate|ExtremeSpeed,FlareBlitz,Snarl,Protect|Jolly||F|||50|]Floette-Eternal||FairyFeather|FlowerVeil|Moonblast,DazzlingGleam,CalmMind,Protect|Modest||F|||50|]Mudsdale||Leftovers|Stamina|HighHorsepower,RockSlide,Protect,BodyPress|Adamant||M|||50|
|inactive|Battle timer is ON: inactive players will automatically lose when time's up. (requested by Mega Chime Time)
|j| shaboogles
|
|t:|1783269408
|teamsize|p1|4
|teamsize|p2|4
|start
|switch|p1a: Klefki|Klefki, L50, F|100/100
|switch|p1b: Pinsir|Pinsir, L50, M|100/100
|switch|p2a: Starmie|Starmie, L50|100/100
|switch|p2b: Arcanine|Arcanine, L50, F|100/100
|-ability|p2b: Arcanine|Intimidate|boost
|-unboost|p1a: Klefki|atk|1
|-fail|p1b: Pinsir|unboost|Attack|[from] ability: Hyper Cutter|[of] p1b: Pinsir
|turn|1
|
|t:|1783269431
|switch|p2a: Mudsdale|Mudsdale, L50, M|100/100
|detailschange|p1b: Pinsir|Pinsir-Mega, L50, M
|-mega|p1b: Pinsir|Pinsir|Pinsirite
|move|p1a: Klefki|Reflect|p1a: Klefki
|-sidestart|p1: blisswy|Reflect
|move|p1b: Pinsir|Lunge|p2a: Mudsdale
|-damage|p2a: Mudsdale|56/100
|-unboost|p2a: Mudsdale|atk|1
|-ability|p2a: Mudsdale|Stamina|boost
|-boost|p2a: Mudsdale|def|1
|move|p2b: Arcanine|Flare Blitz|p1b: Pinsir
|-supereffective|p1b: Pinsir|1
|-crit|p1b: Pinsir
|-damage|p1b: Pinsir|0 fnt
|faint|p1b: Pinsir
|-damage|p2b: Arcanine|71/100|[from] Recoil
|
|-heal|p2a: Mudsdale|62/100|[from] item: Leftovers
|upkeep
|
|t:|1783269444
|switch|p1b: Krookodile|Krookodile, L50, F|100/100
|-ability|p1b: Krookodile|Intimidate|boost
|-unboost|p2a: Mudsdale|atk|1
|-unboost|p2b: Arcanine|atk|1
|turn|2
|
|t:|1783269457
|switch|p2b: Klefki|Klefki, L50, M|100/100
|move|p1b: Krookodile|Knock Off|p2b: Klefki
|-resisted|p2b: Klefki|1
|-damage|p2b: Klefki|65/100
|-enditem|p2b: Klefki|Light Clay|[from] move: Knock Off|[of] p1b: Krookodile
|-damage|p1b: Krookodile|90/100|[from] item: Life Orb
|move|p1a: Klefki|Dazzling Gleam|p2a: Mudsdale|[spread] p2a,p2b
|-resisted|p2b: Klefki|1
|-damage|p2a: Mudsdale|46/100
|-damage|p2b: Klefki|56/100
|-ability|p2a: Mudsdale|Stamina|boost
|-boost|p2a: Mudsdale|def|1
|move|p2a: Mudsdale|High Horsepower|p1a: Klefki
|-supereffective|p1a: Klefki|1
|-damage|p1a: Klefki|62/100
|
|-heal|p2a: Mudsdale|52/100|[from] item: Leftovers
|upkeep
|turn|3
|
|t:|1783269479
|switch|p1b: Gengar|Gengar, L50, M|100/100
|move|p2b: Klefki|Light Screen|p2b: Klefki
|-sidestart|p2: Mega Chime Time|move: Light Screen
|move|p1a: Klefki|Dazzling Gleam|p2b: Klefki|[spread] p2a,p2b
|-resisted|p2b: Klefki|1
|-damage|p2a: Mudsdale|42/100
|-damage|p2b: Klefki|50/100y
|-ability|p2a: Mudsdale|Stamina|boost
|-boost|p2a: Mudsdale|def|1
|move|p2a: Mudsdale|Body Press|p1b: Gengar
|-immune|p1b: Gengar
|
|-heal|p2a: Mudsdale|47/100|[from] item: Leftovers
|upkeep
|turn|4
|
|t:|1783269502
|switch|p2b: Arcanine|Arcanine, L50, F|71/100
|-ability|p2b: Arcanine|Intimidate|boost
|-unboost|p1a: Klefki|atk|1
|-unboost|p1b: Gengar|atk|1
|move|p2a: Mudsdale|Protect|p2a: Mudsdale
|-singleturn|p2a: Mudsdale|Protect
|move|p1b: Gengar|Shadow Ball|p2b: Arcanine
|-damage|p2b: Arcanine|34/100
|move|p1a: Klefki|Dazzling Gleam|p2a: Mudsdale|[spread] p2b
|-activate|p2a: Mudsdale|move: Protect
|-resisted|p2b: Arcanine|1
|-damage|p2b: Arcanine|26/100
|
|-heal|p2a: Mudsdale|53/100|[from] item: Leftovers
|upkeep
|turn|5
|
|t:|1783269524
|switch|p1a: Krookodile|Krookodile, L50, F|90/100
|-ability|p1a: Krookodile|Intimidate|boost
|-unboost|p2a: Mudsdale|atk|1
|-unboost|p2b: Arcanine|atk|1
|move|p1b: Gengar|Sludge Bomb|p2b: Arcanine
|-damage|p2b: Arcanine|0 fnt
|faint|p2b: Arcanine
|move|p2a: Mudsdale|Body Press|p1a: Krookodile
|-supereffective|p1a: Krookodile|1
|-damage|p1a: Krookodile|10/100
|
|-heal|p2a: Mudsdale|59/100|[from] item: Leftovers
|upkeep
|
|t:|1783269535
|switch|p2b: Starmie|Starmie, L50|100/100
|turn|6
|
|t:|1783269558
|switch|p1a: Klefki|Klefki, L50, F|62/100
|move|p2b: Starmie|Protect|p2b: Starmie
|-singleturn|p2b: Starmie|Protect
|move|p2a: Mudsdale|Protect|p2a: Mudsdale
|-singleturn|p2a: Mudsdale|Protect
|move|p1b: Gengar|Icy Wind|p2b: Starmie|[spread] 
|-activate|p2a: Mudsdale|move: Protect
|-activate|p2b: Starmie|move: Protect
|
|-heal|p2a: Mudsdale|65/100|[from] item: Leftovers
|upkeep
|turn|7
|
|t:|1783269570
|detailschange|p2b: Starmie|Starmie-Mega, L50
|-mega|p2b: Starmie|Starmie|Starminite
|move|p1a: Klefki|Sunny Day|p1a: Klefki
|-weather|SunnyDay
|move|p1b: Gengar|Icy Wind|p2b: Starmie|[spread] p2a,p2b
|-supereffective|p2a: Mudsdale|1
|-resisted|p2b: Starmie|1
|-damage|p2a: Mudsdale|45/100
|-damage|p2b: Starmie|94/100
|-unboost|p2a: Mudsdale|spe|1
|-unboost|p2b: Starmie|spe|1
|-ability|p2a: Mudsdale|Stamina|boost
|-boost|p2a: Mudsdale|def|1
|move|p2b: Starmie|Liquidation|p1b: Gengar
|-damage|p1b: Gengar|49/100
|-unboost|p1b: Gengar|def|1
|move|p2a: Mudsdale|High Horsepower|p1b: Gengar
|-supereffective|p1b: Gengar|1
|-damage|p1b: Gengar|0 fnt
|-start|p2a: Mudsdale|Disable|High Horsepower|[from] ability: Cursed Body|[of] p1b: Gengar
|faint|p1b: Gengar
|
|-weather|SunnyDay|[upkeep]
|-heal|p2a: Mudsdale|51/100|[from] item: Leftovers
|-sideend|p2: Mega Chime Time|move: Light Screen
|upkeep
|
|t:|1783269580
|switch|p1b: Krookodile|Krookodile, L50, F|10/100
|-ability|p1b: Krookodile|Intimidate|boost
|-unboost|p2a: Mudsdale|atk|1
|-unboost|p2b: Starmie|atk|1
|turn|8
|
|t:|1783269595
|switch|p2b: Klefki|Klefki, L50, M|50/100y
|move|p2a: Mudsdale|Protect|p2a: Mudsdale
|-singleturn|p2a: Mudsdale|Protect
|move|p1b: Krookodile|Knock Off|p2b: Klefki
|-resisted|p2b: Klefki|1
|-damage|p2b: Klefki|26/100
|-damage|p1b: Krookodile|1/100|[from] item: Life Orb
|move|p1a: Klefki|Dazzling Gleam|p2b: Klefki|[spread] p2b
|-activate|p2a: Mudsdale|move: Protect
|-resisted|p2b: Klefki|1
|-crit|p2b: Klefki
|-damage|p2b: Klefki|11/100
|
|-weather|SunnyDay|[upkeep]
|-heal|p2a: Mudsdale|57/100|[from] item: Leftovers
|-sideend|p1: blisswy|Reflect
|upkeep
|turn|9
|
|t:|1783269615
|move|p2b: Klefki|Light Screen|p2b: Klefki
|-sidestart|p2: Mega Chime Time|move: Light Screen
|move|p1b: Krookodile|Earthquake|p2a: Mudsdale|[spread] p1a,p2a,p2b
|-supereffective|p1a: Klefki|1
|-supereffective|p2b: Klefki|1
|-damage|p1a: Klefki|0 fnt
|-damage|p2a: Mudsdale|43/100
|-damage|p2b: Klefki|0 fnt
|-ability|p2a: Mudsdale|Stamina|boost
|-boost|p2a: Mudsdale|def|1
|faint|p1a: Klefki
|faint|p2b: Klefki
|-damage|p1b: Krookodile|0 fnt|[from] item: Life Orb
|faint|p1b: Krookodile
|
|win|Mega Chime Time
|c|☆Mega Chime Time|GGs
|c|☆blisswy|ggs
