|j|☆Blitzball Ace
|j|☆belinvgc
|html|Blitzball Acebelinvgc    
|uhtml|bestof|Game 2 of a best-of-3
|t:|1755628642
|gametype|doubles
|player|p1|Blitzball Ace|winona|1174
|player|p2|belinvgc|265|1206
|gen|9
|tier|[Gen 9] VGC 2025 Reg H (Bo3)
|rated|
|rule|Species Clause: Limit one of each Pokémon
|rule|Item Clause: Limit 1 of each item
|clearpoke
|poke|p1|Porygon2, L50|
|poke|p1|Incineroar, L50, F|
|poke|p1|Ursaluna, L50, F|
|poke|p1|Amoonguss, L50, F|
|poke|p1|Dragonite, L50, M|
|poke|p1|Torkoal, L50, M|
|poke|p2|Ursaluna-Bloodmoon, L50, M|
|poke|p2|Sinistcha, L50|
|poke|p2|Rillaboom, L50, M|
|poke|p2|Incineroar, L50, M|
|poke|p2|Sneasler, L50, M|
|poke|p2|Dragonite, L50, M|
|teampreview|4
|showteam|p1|Porygon2||Eviolite|Download|TeraBlast,IceBeam,Recover,TrickRoom||||||50|,,,,,Fighting]Incineroar||SafetyGoggles|Intimidate|FakeOut,KnockOff,FlareBlitz,PartingShot|||F|||50|,,,,,Ghost]Ursaluna||FlameOrb|Guts|HeadlongRush,Facade,Earthquake,Protect|||F|||50|,,,,,Ghost]Amoonguss||SitrusBerry|Regenerator|PollenPuff,Spore,RagePowder,Protect|||F|||50|,,,,,Water]Dragonite||LoadedDice|Multiscale|ScaleShot,Haze,Tailwind,Protect|||M|||50|,,,,,Steel]Torkoal||ChoiceSpecs|Drought|Eruption,WeatherBall,EarthPower,HeatWave|||M|||50|,,,,,Fire
|showteam|p2|Ursaluna-Bloodmoon||Leftovers|MindsEye|BloodMoon,EarthPower,CalmMind,Protect|||M|||50|,,,,,Water]Sinistcha||SitrusBerry|Hospitality|MatchaGotcha,RagePowder,LifeDew,TrickRoom||||||50|,,,,,Water]Rillaboom||AssaultVest|GrassySurge|GrassyGlide,DrumBeating,Uturn,FakeOut|||M|||50|,,,,,Fire]Incineroar||SafetyGoggles|Intimidate|FlareBlitz,KnockOff,PartingShot,FakeOut|||M|||50|,,,,,Bug]Sneasler||GrassySeed|Unburden|DireClaw,CloseCombat,Taunt,Protect|||M|||50|,,,,,Stellar]Dragonite||LoadedDice|Multiscale|ScaleShot,Haze,Protect,Tailwind|||M|||50|,,,,,Fairy
|
|t:|1755628665
|teamsize|p1|4
|teamsize|p2|4
|start
|switch|p1a: Alex|Incineroar, L50, F, shiny|100/100
|switch|p1b: Mags|Dragonite, L50, M, shiny|100/100
|switch|p2a: Ursaluna|Ursaluna-Bloodmoon, L50, M|100/100
|switch|p2b: Incineroar|Incineroar, L50, M, shiny|100/100
|-ability|p1a: Alex|Intimidate|boost
|-unboost|p2a: Ursaluna|atk|1
|-unboost|p2b: Incineroar|atk|1
|-ability|p2b: Incineroar|Intimidate|boost
|-unboost|p1a: Alex|atk|1
|-unboost|p1b: Mags|atk|1
|turn|1
|
|t:|1755628681
|move|p1a: Alex|Fake Out|p2a: Ursaluna
|-damage|p2a: Ursaluna|95/100
|move|p1b: Mags|Tailwind|p1b: Mags
|-sidestart|p1: Blitzball Ace|move: Tailwind
|cant|p2a: Ursaluna|flinch
|move|p2b: Incineroar|Knock Off|p1b: Mags
|-damage|p1b: Mags|85/100
|-enditem|p1b: Mags|Loaded Dice|[from] move: Knock Off|[of] p2b: Incineroar
|
|-heal|p2a: Ursaluna|100/100|[from] item: Leftovers
|upkeep
|turn|2
|
|t:|1755628700
|switch|p1b: Steg|Ursaluna, L50, F, shiny|100/100
|move|p1a: Alex|Parting Shot|p2a: Ursaluna
|-unboost|p2a: Ursaluna|atk|1
|-unboost|p2a: Ursaluna|spa|1
|
|t:|1755628707
|switch|p1a: Sol|Amoonguss, L50, F, shiny|100/100|[from] Parting Shot
|move|p2a: Ursaluna|Blood Moon|p1a: Sol
|-damage|p1a: Sol|62/100
|move|p2b: Incineroar|Knock Off|p1a: Sol
|-damage|p1a: Sol|41/100
|-enditem|p1a: Sol|Sitrus Berry|[from] move: Knock Off|[of] p2b: Incineroar
|
|-status|p1b: Steg|brn|[from] item: Flame Orb
|upkeep
|turn|3
|
|t:|1755628730
|switch|p2a: Rillaboom|Rillaboom, L50, M, shiny|100/100
|-fieldstart|move: Grassy Terrain|[from] ability: Grassy Surge|[of] p2a: Rillaboom
|-terastallize|p2b: Incineroar|Bug
|move|p1b: Steg|Facade|p2b: Incineroar
|-damage|p2b: Incineroar|4/100
|move|p1a: Sol|Spore|p2a: Rillaboom
|-immune|p2a: Rillaboom
|move|p2b: Incineroar|Parting Shot|p1b: Steg
|-unboost|p1b: Steg|atk|1
|-unboost|p1b: Steg|spa|1
|
|t:|1755628744
|switch|p2b: Sneasler|Sneasler, L50, M|100/100|[from] Parting Shot
|-enditem|p2b: Sneasler|Grassy Seed
|-boost|p2b: Sneasler|def|1|[from] item: Grassy Seed
|
|-heal|p1a: Sol|47/100|[from] Grassy Terrain
|-damage|p1b: Steg|95/100 brn|[from] brn
|upkeep
|turn|4
|
|t:|1755628762
|switch|p1a: Alex|Incineroar, L50, F, shiny|100/100
|-ability|p1a: Alex|Intimidate|boost
|-unboost|p2a: Rillaboom|atk|1
|-unboost|p2b: Sneasler|atk|1
|move|p1b: Steg|Protect|p1b: Steg
|-singleturn|p1b: Steg|Protect
|move|p2b: Sneasler|Taunt|p1a: Alex
|-start|p1a: Alex|move: Taunt
|move|p2a: Rillaboom|Drum Beating|p1b: Steg
|-activate|p1b: Steg|move: Protect
|
|-heal|p1b: Steg|100/100 brn|[from] Grassy Terrain
|-damage|p1b: Steg|95/100 brn|[from] brn
|-sideend|p1: Blitzball Ace|move: Tailwind
|upkeep
|turn|5
|
|t:|1755628791
|-terastallize|p1b: Steg|Ghost
|move|p2b: Sneasler|Protect|p2b: Sneasler
|-singleturn|p2b: Sneasler|Protect
|move|p1a: Alex|Fake Out|p2a: Rillaboom
|-damage|p2a: Rillaboom|89/100
|cant|p2a: Rillaboom|flinch
|move|p1b: Steg|Facade|p2a: Rillaboom
|-damage|p2a: Rillaboom|0 fnt
|faint|p2a: Rillaboom
|
|-heal|p1b: Steg|100/100 brn|[from] Grassy Terrain
|-damage|p1b: Steg|95/100 brn|[from] brn
|upkeep
|
|t:|1755628813
|switch|p2a: Incineroar|Incineroar, L50, M, shiny, tera:Bug|4/100
|-ability|p2a: Incineroar|Intimidate|boost
|-unboost|p1a: Alex|atk|1
|-unboost|p1b: Steg|atk|1
|turn|6
|
|t:|1755628822
|switch|p1b: Mags|Dragonite, L50, M, shiny|85/100
|move|p2a: Incineroar|Fake Out|p1a: Alex
|-damage|p1a: Alex|91/100
|move|p2b: Sneasler|Close Combat|p1a: Alex
|-supereffective|p1a: Alex
|-damage|p1a: Alex|7/100
|-unboost|p2b: Sneasler|def|1
|-unboost|p2b: Sneasler|spd|1
|cant|p1a: Alex|flinch
|
|-heal|p1a: Alex|13/100|[from] Grassy Terrain
|-heal|p2a: Incineroar|10/100|[from] Grassy Terrain
|-end|p1a: Alex|move: Taunt
|upkeep
|turn|7
|
|t:|1755628869
|switch|p1a: Sol|Amoonguss, L50, F, shiny|80/100
|move|p2b: Sneasler|Dire Claw|p1b: Mags
|-damage|p1b: Mags|52/100
|-status|p1b: Mags|psn
|move|p1b: Mags|Haze|p1b: Mags
|-clearallboost
|move|p2a: Incineroar|Knock Off|p1a: Sol
|-damage|p1a: Sol|59/100
|
|-heal|p2a: Incineroar|16/100|[from] Grassy Terrain
|-heal|p1a: Sol|65/100|[from] Grassy Terrain
|-damage|p1b: Mags|40/100 psn|[from] psn
|-fieldend|move: Grassy Terrain
|upkeep
|turn|8
|c|☆Blitzball Ace|what a miss click
|c|☆Blitzball Ace|zz
|
|t:|1755628892
|move|p1a: Sol|Rage Powder|p1a: Sol
|-singleturn|p1a: Sol|move: Rage Powder
|move|p2b: Sneasler|Dire Claw|p1a: Sol
|-damage|p1a: Sol|30/100
|move|p1b: Mags|Tailwind|p1b: Mags
|-sidestart|p1: Blitzball Ace|move: Tailwind
|move|p2a: Incineroar|Flare Blitz|p1a: Sol
|-supereffective|p1a: Sol
|-damage|p1a: Sol|0 fnt
|faint|p1a: Sol
|-damage|p2a: Incineroar|5/100|[from] Recoil
|
|-damage|p1b: Mags|28/100 psn|[from] psn
|upkeep
|
|t:|1755628902
|switch|p1a: Steg|Ursaluna, L50, F, shiny, tera:Ghost|95/100 brn
|turn|9
|inactive|Battle timer is ON: inactive players will automatically lose when time's up. (requested by Blitzball Ace)
|
|t:|1755628986
|switch|p2a: Ursaluna|Ursaluna-Bloodmoon, L50, M|100/100
|move|p2b: Sneasler|Dire Claw|p1a: Steg
|-resisted|p1a: Steg
|-damage|p1a: Steg|77/100 brn
|move|p1b: Mags|Scale Shot|p2a: Ursaluna
|-damage|p2a: Ursaluna|90/100
|-damage|p2a: Ursaluna|79/100
|-hitcount|p2a: Ursaluna|2
|-unboost|p1b: Mags|def|1
|-boost|p1b: Mags|spe|1
|move|p1a: Steg|Earthquake|p2a: Ursaluna|[spread] p2a,p2b
|-immune|p1b: Mags
|-supereffective|p2b: Sneasler
|-damage|p2a: Ursaluna|27/100
|-damage|p2b: Sneasler|0 fnt
|faint|p2b: Sneasler
|
|-heal|p2a: Ursaluna|33/100|[from] item: Leftovers
|-damage|p1b: Mags|16/100 psn|[from] psn
|-damage|p1a: Steg|71/100 brn|[from] brn
|upkeep
|
|t:|1755629005
|switch|p2b: Incineroar|Incineroar, L50, M, shiny, tera:Bug|5/100
|-ability|p2b: Incineroar|Intimidate|boost
|-unboost|p1a: Steg|atk|1
|-unboost|p1b: Mags|atk|1
|turn|10
|
|t:|1755629019
|move|p2a: Ursaluna|Protect|p2a: Ursaluna
|-singleturn|p2a: Ursaluna|Protect
|move|p2b: Incineroar|Fake Out|p1b: Mags
|-damage|p1b: Mags|0 fnt
|faint|p1b: Mags
|move|p1a: Steg|Earthquake|p2b: Incineroar|[spread] p2b
|-activate|p2a: Ursaluna|move: Protect
|-resisted|p2b: Incineroar
|-damage|p2b: Incineroar|0 fnt
|faint|p2b: Incineroar
|
|-heal|p2a: Ursaluna|39/100|[from] item: Leftovers
|-damage|p1a: Steg|66/100 brn|[from] brn
|upkeep
|
|t:|1755629024
|switch|p1b: Alex|Incineroar, L50, F, shiny|13/100
|-ability|p1b: Alex|Intimidate|boost
|-unboost|p2a: Ursaluna|atk|1
|turn|11
|
|t:|1755629030
|move|p2a: Ursaluna|Protect|p2a: Ursaluna
|-singleturn|p2a: Ursaluna|Protect
|move|p1b: Alex|Fake Out|p2a: Ursaluna
|-activate|p2a: Ursaluna|move: Protect
|move|p1a: Steg|Facade|p2a: Ursaluna
|-activate|p2a: Ursaluna|move: Protect
|
|-heal|p2a: Ursaluna|46/100|[from] item: Leftovers
|-damage|p1a: Steg|60/100 brn|[from] brn
|-sideend|p1: Blitzball Ace|move: Tailwind
|upkeep
|turn|12
|
|t:|1755629040
|move|p1b: Alex|Flare Blitz|p2a: Ursaluna
|-damage|p2a: Ursaluna|14/100
|-damage|p1b: Alex|2/100|[from] Recoil
|move|p2a: Ursaluna|Blood Moon|p1a: Steg
|-damage|p1a: Steg|0 fnt
|faint|p1a: Steg
|
|-heal|p2a: Ursaluna|20/100|[from] item: Leftovers
|upkeep
|turn|13
|inactive|belinvgc has 30 seconds left.
|
|t:|1755629070
|move|p2a: Ursaluna|Protect|p2a: Ursaluna
|-singleturn|p2a: Ursaluna|Protect
|move|p1b: Alex|Flare Blitz|p2a: Ursaluna
|-activate|p2a: Ursaluna|move: Protect
|
|-heal|p2a: Ursaluna|26/100|[from] item: Leftovers
|upkeep
|turn|14
|
|t:|1755629080
|move|p2a: Ursaluna|Protect||[still]
|-fail|p2a: Ursaluna
|move|p1b: Alex|Flare Blitz|p2a: Ursaluna
|-damage|p2a: Ursaluna|0 fnt
|faint|p2a: Ursaluna
|-damage|p1b: Alex|0 fnt|[from] Recoil
|faint|p1b: Alex
|
|win|Blitzball Ace
|raw|Blitzball Ace's rating: 1174 → 1201(+27 for winning)
|raw|belinvgc's rating: 1206 → 1179(-27 for losing)
