|j|☆washingtongargacha
|j|☆PippoVit01
|html|washingtongargachaPippoVit01    
|uhtml|bestof|Game 1 of a best-of-3
|t:|1757715434
|gametype|doubles
|player|p1|washingtongargacha|101|1139
|player|p2|PippoVit01|265|1052
|gen|9
|tier|[Gen 9] VGC 2025 Reg H (Bo3)
|rated|
|rule|Species Clause: Limit one of each Pokémon
|rule|Item Clause: Limit 1 of each item
|clearpoke
|poke|p1|Talonflame, L50, M|
|poke|p1|Gholdengo, L50|
|poke|p1|Dragonite, L50, F|
|poke|p1|Archaludon, L50, F|
|poke|p1|Tyranitar, L50, M|
|poke|p1|Garchomp, L50, F|
|poke|p2|Volcarona, L50, M|
|poke|p2|Golduck, L50, F|
|poke|p2|Dondozo, L50, F|
|poke|p2|Tatsugiri, L50, F|
|poke|p2|Kilowattrel, L50, F|
|poke|p2|Weezing, L50, M|
|teampreview|4
|showteam|p1|Talonflame||CovertCloak|GaleWings|Tailwind,DualWingbeat,Taunt,FlareBlitz|||M|||50|,,,,,Stellar]Gholdengo||LifeOrb|GoodasGold|MakeItRain,NastyPlot,ShadowBall,Protect||||||50|,,,,,Steel]Dragonite||LoadedDice|Multiscale|ScaleShot,IceSpinner,Haze,Protect|||F|||50|,,,,,Steel]Archaludon||PowerHerb|Sturdy|FlashCannon,ElectroShot,DracoMeteor,Protect|||F|||50|,,,,,Flying]Tyranitar||AssaultVest|SandStream|KnockOff,RockSlide,TeraBlast,LowKick|||M|||50|,,,,,Flying]Garchomp||ClearAmulet|RoughSkin|DragonClaw,StompingTantrum,Earthquake,Protect|||F|||50|,,,,,Steel
|showteam|p2|Volcarona||ClearAmulet|FlameBody|QuiverDance,HeatWave,BugBuzz,GigaDrain|||M|||50|,,,,,Ghost]Golduck||CovertCloak|CloudNine|SimpleBeam,AquaJet,Encore,Disable|||F|||50|,,,,,Water]Dondozo||Leftovers|Unaware|Earthquake,WaveCrash,Protect,Substitute|||F|||50|,,,,,Ground]Tatsugiri||AssaultVest|Commander|DracoMeteor,MirrorCoat,IcyWind,MuddyWater|||F|||50|,,,,,Steel]Kilowattrel||ChoiceSpecs|Competitive|Discharge,AirSlash,Thunderbolt,VoltSwitch|||F|||50|,,,,,Ghost]Weezing||RockyHelmet|NeutralizingGas|SludgeBomb,WillOWisp,ToxicSpikes,Protect|||M|||50|,,,,,Fairy
|
|t:|1757715469
|teamsize|p1|4
|teamsize|p2|4
|start
|switch|p1a: Talonflame|Talonflame, L50, M|100/100
|switch|p1b: Gholdengo|Gholdengo, L50|100/100
|switch|p2a: Weezing|Weezing, L50, M|100/100
|switch|p2b: Golduck|Golduck, L50, F|100/100
|-ability|p2a: Weezing|Neutralizing Gas
|turn|1
|
|t:|1757715519
|move|p1a: Talonflame|Tailwind|p1a: Talonflame
|-sidestart|p1: washingtongargacha|move: Tailwind
|move|p1b: Gholdengo|Make It Rain|p2a: Weezing|[spread] p2a,p2b
|-resisted|p2b: Golduck
|-damage|p2a: Weezing|39/100
|-damage|p2b: Golduck|61/100
|-unboost|p1b: Gholdengo|spa|1
|-damage|p1b: Gholdengo|91/100|[from] item: Life Orb
|move|p2b: Golduck|Simple Beam|p1b: Gholdengo
|-ability|p1b: Gholdengo|Simple|Good as Gold|[from] move: Simple Beam
|move|p2a: Weezing|Toxic Spikes|p1a: Talonflame
|-sidestart|p1: washingtongargacha|move: Toxic Spikes
|
|upkeep
|turn|2
|
|t:|1757715552
|move|p2a: Weezing|Protect|p2a: Weezing
|-singleturn|p2a: Weezing|Protect
|move|p2b: Golduck|Aqua Jet|p1a: Talonflame
|-supereffective|p1a: Talonflame
|-damage|p1a: Talonflame|55/100
|move|p1a: Talonflame|Dual Wingbeat|p2b: Golduck
|-damage|p2b: Golduck|42/100
|-crit|p2b: Golduck
|-damage|p2b: Golduck|12/100
|-hitcount|p2b: Golduck|2
|move|p1b: Gholdengo|Nasty Plot|p1b: Gholdengo
|-boost|p1b: Gholdengo|spa|2
|
|upkeep
|turn|3
|
|t:|1757715572
|switch|p1a: Dragonite|Dragonite, L50, F|100/100
|move|p1b: Gholdengo|Nasty Plot|p1b: Gholdengo
|-boost|p1b: Gholdengo|spa|2
|move|p2b: Golduck|Encore|p1b: Gholdengo
|-start|p1b: Gholdengo|Encore
|move|p2a: Weezing|Toxic Spikes|p1b: Gholdengo
|-sidestart|p1: washingtongargacha|move: Toxic Spikes
|
|upkeep
|turn|4
|
|t:|1757715599
|move|p1b: Gholdengo|Nasty Plot|p1b: Gholdengo
|-boost|p1b: Gholdengo|spa|2
|move|p1a: Dragonite|Scale Shot|p2b: Golduck
|-damage|p2b: Golduck|0 fnt
|faint|p2b: Golduck
|-hitcount|p2: Golduck|1
|-unboost|p1a: Dragonite|def|1
|-boost|p1a: Dragonite|spe|1
|move|p2a: Weezing|Sludge Bomb|p1a: Dragonite
|-damage|p1a: Dragonite|71/100
|-status|p1a: Dragonite|psn
|
|-damage|p1a: Dragonite|59/100 psn|[from] psn
|-sideend|p1: washingtongargacha|move: Tailwind
|upkeep
|
|t:|1757715605
|switch|p2b: Volcarona|Volcarona, L50, M|100/100
|turn|5
|
|t:|1757715659
|move|p1a: Dragonite|Scale Shot|p2a: Weezing
|-damage|p2a: Weezing|25/100
|-damage|p2a: Weezing|10/100
|-damage|p2a: Weezing|0 fnt
|faint|p2a: Weezing
|-end|p2a: Weezing|ability: Neutralizing Gas
|-hitcount|p2: Weezing|3
|-unboost|p1a: Dragonite|def|1
|-boost|p1a: Dragonite|spe|1
|move|p1b: Gholdengo|Nasty Plot|p1b: Gholdengo
|-boost|p1b: Gholdengo|spa|1
|move|p2b: Volcarona|Heat Wave|p1b: Gholdengo|[spread] p1a,p1b
|-resisted|p1a: Dragonite
|-supereffective|p1b: Gholdengo
|-damage|p1a: Dragonite|36/100 psn
|-damage|p1b: Gholdengo|0 fnt
|faint|p1b: Gholdengo
|
|-damage|p1a: Dragonite|24/100 psn|[from] psn
|upkeep
|
|t:|1757715678
|switch|p1b: Talonflame|Talonflame, L50, M|55/100
|switch|p2a: Kilowattrel|Kilowattrel, L50, F|100/100
|turn|6
|
|t:|1757715707
|-terastallize|p2b: Volcarona|Ghost
|move|p1a: Dragonite|Scale Shot|p2a: Kilowattrel
|-damage|p2a: Kilowattrel|75/100
|-damage|p2a: Kilowattrel|46/100
|-damage|p2a: Kilowattrel|18/100
|-damage|p2a: Kilowattrel|0 fnt
|faint|p2a: Kilowattrel
|-hitcount|p2: Kilowattrel|4
|-unboost|p1a: Dragonite|def|1
|-boost|p1a: Dragonite|spe|1
|move|p1b: Talonflame|Flare Blitz|p2b: Volcarona
|-damage|p2b: Volcarona|36/100
|-damage|p1b: Talonflame|29/100|[from] Recoil
|move|p2b: Volcarona|Heat Wave|p1b: Talonflame|[spread] p1a,p1b
|-resisted|p1a: Dragonite
|-resisted|p1b: Talonflame
|-damage|p1a: Dragonite|1/100 psn
|-damage|p1b: Talonflame|0 fnt
|faint|p1b: Talonflame
|
|-damage|p1a: Dragonite|0 fnt|[from] psn
|faint|p1a: Dragonite
|upkeep
|
|t:|1757715728
|switch|p1b: Archaludon|Archaludon, L50, F|100/100
|turn|7
|inactive|Battle timer is ON: inactive players will automatically lose when time's up. (requested by PippoVit01)
|
|t:|1757715749
|move|p1b: Archaludon|Electro Shot||[still]
|-prepare|p1b: Archaludon|Electro Shot
|-boost|p1b: Archaludon|spa|1
|-enditem|p1b: Archaludon|Power Herb
|-anim|p1b: Archaludon|Electro Shot|p2b: Volcarona
|-damage|p2b: Volcarona|0 fnt
|faint|p2b: Volcarona
|
|win|washingtongargacha
