|j|☆Gozante
|j|☆no_dupes
|html|Gozanteno_dupes    
|uhtml|bestof|Game 2 of a best-of-3
|t:|1756151745
|gametype|doubles
|player|p1|Gozante|101|1376
|player|p2|no_dupes|brock-gen2|1291
|gen|9
|tier|[Gen 9] VGC 2025 Reg H (Bo3)
|rated|
|rule|Species Clause: Limit one of each Pokémon
|rule|Item Clause: Limit 1 of each item
|clearpoke
|poke|p1|Pelipper, L50, M|
|poke|p1|Archaludon, L50, F|
|poke|p1|Sinistcha, L50|
|poke|p1|Ursaluna, L50, M|
|poke|p1|Dragonite, L50, M|
|poke|p1|Incineroar, L50, F|
|poke|p2|Sneasler, L50, F|
|poke|p2|Indeedee, L50, M|
|poke|p2|Volcarona, L50, M|
|poke|p2|Ursaluna-Bloodmoon, L50, M|
|poke|p2|Annihilape, L50, F|
|poke|p2|Tyranitar, L50, M|
|teampreview|4
|showteam|p1|Pelipper||FocusSash|Drizzle|MuddyWater,Hurricane,Protect,Tailwind|||M|||50|,,,,,Ghost]Archaludon||AssaultVest|Stamina|FlashCannon,BodyPress,ElectroShot,Snarl|||F|||50|,,,,,Bug]Sinistcha||SitrusBerry|Hospitality|MatchaGotcha,LifeDew,RagePowder,TrickRoom||||||50|,,,,,Dark]Ursaluna||FlameOrb|Guts|Protect,Facade,HeadlongRush,Earthquake|||M|||50|,,,,,Ghost]Dragonite||LoadedDice|Multiscale|Protect,ScaleShot,Haze,Tailwind|||M|||50|,,,,,Fairy]Incineroar||SafetyGoggles|Intimidate|FakeOut,PartingShot,KnockOff,FlareBlitz|||F|||50|,,,,,Ghost
|showteam|p2|Sneasler||PsychicSeed|Unburden|CloseCombat,DireClaw,ThroatChop,Protect|||F|||50|,,,,,Dark]Indeedee||ChoiceScarf|PsychicSurge|ExpandingForce,TeraBlast,Trick,Protect|||M|||50|,,,,,Psychic]Volcarona||SitrusBerry|FlameBody|Overheat,StruggleBug,RagePowder,Tailwind|||M|||50|,,,,,Grass]Ursaluna-Bloodmoon||LifeOrb|MindsEye|BloodMoon,HyperVoice,EarthPower,Protect|||M|||50|,,,,,Normal]Annihilape||SafetyGoggles|Defiant|CloseCombat,RageFist,Taunt,FinalGambit|||F|||50|,,,,,Fairy]Tyranitar||AssaultVest|SandStream|RockSlide,KnockOff,TeraBlast,LowKick|||M|||50|,,,,,Flying
|
|t:|1756151776
|teamsize|p1|4
|teamsize|p2|4
|start
|switch|p1a: Incineroar|Incineroar, L50, F|100/100
|switch|p1b: Sinistcha|Sinistcha, L50|100/100
|switch|p2a: Alfred|Indeedee, L50, M|100/100
|switch|p2b: Caesar|Annihilape, L50, F, shiny|100/100
|-fieldstart|move: Psychic Terrain|[from] ability: Psychic Surge|[of] p2a: Alfred
|-ability|p1a: Incineroar|Intimidate|boost
|-unboost|p2a: Alfred|atk|1
|-unboost|p2b: Caesar|atk|1
|-ability|p2b: Caesar|Defiant|boost
|-boost|p2b: Caesar|atk|2
|turn|1
|
|t:|1756151824
|-terastallize|p2a: Alfred|Psychic
|move|p2a: Alfred|Expanding Force|p1a: Incineroar|[spread] p1b
|-immune|p1a: Incineroar
|-damage|p1b: Sinistcha|35/100
|-enditem|p1b: Sinistcha|Sitrus Berry|[eat]
|-heal|p1b: Sinistcha|60/100|[from] item: Sitrus Berry
|move|p2b: Caesar|Close Combat|p1a: Incineroar
|-supereffective|p1a: Incineroar
|-damage|p1a: Incineroar|0 fnt
|-unboost|p2b: Caesar|def|1
|-unboost|p2b: Caesar|spd|1
|faint|p1a: Incineroar
|move|p1b: Sinistcha|Matcha Gotcha|p2a: Alfred|[spread] p2a,p2b
|-damage|p2a: Alfred|69/100
|-heal|p1b: Sinistcha|72/100|[from] drain|[of] p2a: Alfred
|-damage|p2b: Caesar|68/100
|-heal|p1b: Sinistcha|92/100|[from] drain|[of] p2b: Caesar
|
|upkeep
|
|t:|1756151849
|switch|p1a: Pelipper|Pelipper, L50, M|100/100
|-weather|RainDance|[from] ability: Drizzle|[of] p1a: Pelipper
|turn|2
|
|t:|1756151860
|move|p2a: Alfred|Expanding Force|p1b: Sinistcha|[spread] p1a,p1b
|-enditem|p1a: Pelipper|Focus Sash
|-damage|p1a: Pelipper|1/100
|-damage|p1b: Sinistcha|26/100
|move|p2b: Caesar|Rage Fist|p1a: Pelipper
|-damage|p1a: Pelipper|0 fnt
|faint|p1a: Pelipper
|move|p1b: Sinistcha|Trick Room|p1b: Sinistcha
|-fieldstart|move: Trick Room|[of] p1b: Sinistcha
|
|-weather|RainDance|[upkeep]
|upkeep
|
|t:|1756151866
|switch|p1a: Ursaluna|Ursaluna, L50, M|100/100
|turn|3
|
|t:|1756151904
|move|p1b: Sinistcha|Matcha Gotcha|p2b: Caesar|[spread] p2a,p2b
|-damage|p2a: Alfred|34/100
|-heal|p1b: Sinistcha|40/100|[from] drain|[of] p2a: Alfred
|-damage|p2b: Caesar|35/100
|-heal|p1b: Sinistcha|59/100|[from] drain|[of] p2b: Caesar
|move|p1a: Ursaluna|Earthquake|p2b: Caesar|[spread] p1b,p2a,p2b
|-resisted|p1b: Sinistcha
|-damage|p1b: Sinistcha|41/100
|-damage|p2a: Alfred|0 fnt
|-damage|p2b: Caesar|0 fnt
|faint|p2a: Alfred
|faint|p2b: Caesar
|
|-weather|RainDance|[upkeep]
|-status|p1a: Ursaluna|brn|[from] item: Flame Orb
|upkeep
|
|t:|1756151908
|switch|p2a: Tyranitar|Tyranitar, L50, M|100/100
|switch|p2b: Volcarona|Volcarona, L50, M, shiny|100/100
|-weather|Sandstorm|[from] ability: Sand Stream|[of] p2a: Tyranitar
|turn|4
|
|t:|1756151923
|move|p1b: Sinistcha|Matcha Gotcha|p2a: Tyranitar|[spread] p2a,p2b
|-supereffective|p2a: Tyranitar
|-resisted|p2b: Volcarona
|-damage|p2a: Tyranitar|80/100
|-heal|p1b: Sinistcha|52/100|[from] drain|[of] p2a: Tyranitar
|-damage|p2b: Volcarona|94/100
|-heal|p1b: Sinistcha|55/100|[from] drain|[of] p2b: Volcarona
|move|p1a: Ursaluna|Facade|p2b: Volcarona
|-damage|p2b: Volcarona|0 fnt
|faint|p2b: Volcarona
|move|p2a: Tyranitar|Low Kick|p1a: Ursaluna
|-supereffective|p1a: Ursaluna
|-damage|p1a: Ursaluna|27/100 brn
|
|-weather|Sandstorm|[upkeep]
|-damage|p1b: Sinistcha|49/100|[from] Sandstorm
|-damage|p1a: Ursaluna|21/100 brn|[from] brn
|upkeep
|turn|5
|
|t:|1756151937
|move|p1b: Sinistcha|Life Dew|p1b: Sinistcha|[spread] p1a,p1b
|-heal|p1a: Ursaluna|46/100 brn
|-heal|p1b: Sinistcha|74/100
|move|p1a: Ursaluna|Headlong Rush|p2a: Tyranitar
|-supereffective|p2a: Tyranitar
|-damage|p2a: Tyranitar|0 fnt
|-unboost|p1a: Ursaluna|def|1
|-unboost|p1a: Ursaluna|spd|1
|faint|p2a: Tyranitar
|
|win|Gozante
