|j|☆pealcantara28
|j|☆gufno
|html|pealcantara28gufno    
|uhtml|bestof|Game 1 of a best-of-3
|t:|1756993605
|gametype|doubles
|player|p1|pealcantara28|cynthia-gen4|1051
|player|p2|gufno|102|1076
|gen|9
|tier|[Gen 9] VGC 2025 Reg H (Bo3)
|rated|
|rule|Species Clause: Limit one of each Pokémon
|rule|Item Clause: Limit 1 of each item
|clearpoke
|poke|p1|Archaludon, L50, M|
|poke|p1|Pelipper, L50, M|
|poke|p1|Incineroar, L50, M|
|poke|p1|Basculegion, L50, M|
|poke|p1|Sinistcha-Masterpiece, L50|
|poke|p1|Kingambit, L50, F|
|poke|p2|Rillaboom, L50, M|
|poke|p2|Sneasler, L50, M|
|poke|p2|Arcanine-Hisui, L50, M|
|poke|p2|Gengar, L50, M|
|poke|p2|Dondozo, L50, M|
|poke|p2|Tatsugiri, L50, M|
|teampreview|4
|showteam|p1|Archaludon||AssaultVest|Stamina|DracoMeteor,FlashCannon,ElectroShot,BodyPress|||M|||50|,,,,,Bug]Pelipper||FocusSash|Drizzle|Tailwind,Hurricane,WeatherBall,WideGuard|||M|||50|,,,,,Stellar]Incineroar||SafetyGoggles|Intimidate|FlareBlitz,PartingShot,FakeOut,KnockOff|||M|||50|,,,,,Grass]Basculegion||LifeOrb|SwiftSwim|LastRespects,WaveCrash,AquaJet,Protect|||M|||50|,,,,,Water]Sinistcha-Masterpiece||SitrusBerry|Hospitality|MatchaGotcha,ShadowBall,RagePowder,StrengthSap||||||50|,,,,,Grass]Kingambit||BlackGlasses|Defiant|KowtowCleave,SuckerPunch,Protect,SwordsDance|||F|||50|,,,,,Dark
|showteam|p2|Rillaboom||AssaultVest|GrassySurge|FakeOut,WoodHammer,GrassyGlide,HighHorsepower|||M|||50|,,,,,Fire]Sneasler||GrassySeed|Unburden|DireClaw,FakeOut,CloseCombat,Acrobatics|||M|||50|,,,,,Poison]Arcanine-Hisui||ChoiceBand|Intimidate|ExtremeSpeed,FlareBlitz,RockSlide,HeadSmash|||M|||50|,,,,,Normal]Gengar||FocusSash|CursedBody|DestinyBond,ShadowBall,SludgeBomb,Taunt|||M|||50|,,,,,Ghost]Dondozo||Leftovers|Oblivious|OrderUp,WaveCrash,StompingTantrum,Protect|||M|||50|,,,,,Grass]Tatsugiri||ChoiceScarf|Commander|IcyWind,DracoMeteor,Whirlpool,ChillingWater|||M|||50|,,,,,Dragon
|inactive|Battle timer is ON: inactive players will automatically lose when time's up. (requested by pealcantara28)
|
|t:|1756993633
|teamsize|p1|4
|teamsize|p2|4
|start
|switch|p1a: Kingambit|Kingambit, L50, F|100/100
|switch|p1b: Incineroar|Incineroar, L50, M|100/100
|switch|p2a: Gengar|Gengar, L50, M|100/100
|switch|p2b: Rillaboom|Rillaboom, L50, M|100/100
|-fieldstart|move: Grassy Terrain|[from] ability: Grassy Surge|[of] p2b: Rillaboom
|-ability|p1b: Incineroar|Intimidate|boost
|-unboost|p2a: Gengar|atk|1
|-unboost|p2b: Rillaboom|atk|1
|turn|1
|inactive|gufno has 30 seconds left.
|
|t:|1756993667
|switch|p2a: Sneasler|Sneasler, L50, M|100/100
|-enditem|p2a: Sneasler|Grassy Seed
|-boost|p2a: Sneasler|def|1|[from] item: Grassy Seed
|move|p2b: Rillaboom|Fake Out|p1a: Kingambit
|-resisted|p1a: Kingambit
|-damage|p1a: Kingambit|97/100
|move|p1b: Incineroar|Fake Out|p2b: Rillaboom
|-damage|p2b: Rillaboom|89/100
|cant|p1a: Kingambit|flinch
|
|-heal|p2b: Rillaboom|95/100|[from] Grassy Terrain
|-heal|p1a: Kingambit|100/100|[from] Grassy Terrain
|upkeep
|turn|2
|inactive|pealcantara28 has 30 seconds left.
|
|t:|1756993699
|switch|p1a: Sinistcha|Sinistcha-Masterpiece, L50|100/100
|move|p2a: Sneasler|Close Combat|p1a: Sinistcha
|-immune|p1a: Sinistcha
|move|p2b: Rillaboom|High Horsepower|p1a: Sinistcha
|-resisted|p1a: Sinistcha
|-crit|p1a: Sinistcha
|-damage|p1a: Sinistcha|80/100
|move|p1b: Incineroar|Parting Shot|p2a: Sneasler
|-unboost|p2a: Sneasler|atk|1
|-unboost|p2a: Sneasler|spa|1
|
|t:|1756993712
|switch|p1b: Kingambit|Kingambit, L50, F|100/100|[from] Parting Shot
|
|-heal|p2b: Rillaboom|100/100|[from] Grassy Terrain
|-heal|p1a: Sinistcha|86/100|[from] Grassy Terrain
|upkeep
|turn|3
|inactive|pealcantara28 has 30 seconds left.
|
|t:|1756993738
|switch|p1b: Incineroar|Incineroar, L50, M|100/100
|-ability|p1b: Incineroar|Intimidate|boost
|-unboost|p2a: Sneasler|atk|1
|-unboost|p2b: Rillaboom|atk|1
|move|p2a: Sneasler|Dire Claw|p1a: Sinistcha
|-damage|p1a: Sinistcha|68/100
|move|p2b: Rillaboom|High Horsepower|p1b: Incineroar|[miss]
|-miss|p2b: Rillaboom|p1b: Incineroar
|move|p1a: Sinistcha|Strength Sap|p2a: Sneasler
|-unboost|p2a: Sneasler|atk|1
|-heal|p1a: Sinistcha|100/100
|
|upkeep
|turn|4
|
|t:|1756993759
|switch|p2a: Arcanine|Arcanine-Hisui, L50, M|100/100
|-ability|p2a: Arcanine|Intimidate|boost
|-unboost|p1a: Sinistcha|atk|1
|-unboost|p1b: Incineroar|atk|1
|switch|p2b: Gengar|Gengar, L50, M|100/100
|move|p1a: Sinistcha|Matcha Gotcha|p2a: Arcanine|[spread] p2a,p2b
|-resisted|p2b: Gengar
|-damage|p2a: Arcanine|60/100
|-damage|p2b: Gengar|75/100
|-start|p1a: Sinistcha|Disable|Matcha Gotcha|[from] ability: Cursed Body|[of] p2b: Gengar
|move|p1b: Incineroar|Flare Blitz|p2a: Arcanine
|-resisted|p2a: Arcanine
|-damage|p2a: Arcanine|52/100
|-damage|p1b: Incineroar|98/100|[from] Recoil
|
|-heal|p2b: Gengar|81/100|[from] Grassy Terrain
|-heal|p2a: Arcanine|58/100|[from] Grassy Terrain
|-heal|p1b: Incineroar|100/100|[from] Grassy Terrain
|upkeep
|turn|5
|inactive|pealcantara28 has 30 seconds left.
|inactive|gufno has 30 seconds left.
|
|t:|1756993793
|switch|p1a: Kingambit|Kingambit, L50, F|100/100
|switch|p1b: Archaludon|Archaludon, L50, M|100/100
|move|p2b: Gengar|Shadow Ball|p1a: Kingambit
|-resisted|p1a: Kingambit
|-damage|p1a: Kingambit|78/100
|move|p2a: Arcanine|Head Smash|p1b: Archaludon
|-resisted|p1b: Archaludon
|-damage|p1b: Archaludon|60/100
|-ability|p1b: Archaludon|Stamina|boost
|-boost|p1b: Archaludon|def|1
|-damage|p2a: Arcanine|36/100|[from] Recoil
|
|-heal|p2b: Gengar|87/100|[from] Grassy Terrain
|-heal|p2a: Arcanine|42/100|[from] Grassy Terrain
|-heal|p1b: Archaludon|66/100|[from] Grassy Terrain
|-heal|p1a: Kingambit|84/100|[from] Grassy Terrain
|-fieldend|move: Grassy Terrain
|upkeep
|turn|6
|inactive|pealcantara28 has 30 seconds left.
|
|t:|1756993821
|switch|p1b: Incineroar|Incineroar, L50, M|100/100
|-ability|p1b: Incineroar|Intimidate|boost
|-unboost|p2a: Arcanine|atk|1
|-unboost|p2b: Gengar|atk|1
|-terastallize|p1a: Kingambit|Dark
|move|p1a: Kingambit|Sucker Punch|p2a: Arcanine
|-damage|p2a: Arcanine|0 fnt
|faint|p2a: Arcanine
|move|p2b: Gengar|Shadow Ball|p1b: Incineroar
|-resisted|p1b: Incineroar
|-damage|p1b: Incineroar|81/100
|
|upkeep
|-message|gufno forfeited.
|
|win|pealcantara28
|l|☆gufno
|player|p2|
|raw|pealcantara28's rating: 1051 → 1086(+35 for winning)
|raw|gufno's rating: 1076 → 1053(-23 for losing)
