|j|☆zifisha
|j|☆fkk567
|html|zifishafkk567    
|uhtml|bestof|Game 2 of a best-of-3
|t:|1785332643
|gametype|doubles
|player|p1|zifisha|265|
|player|p2|fkk567|winona-gen6|
|gen|9
|tier|[Gen 9 Champions] VGC 2026 Reg M-B (Bo3)
|rule|Species Clause: Limit one of each Pokémon
|rule|Item Clause: Limit 1 of each item
|clearpoke
|poke|p1|Raichu, L50, M, shiny|
|poke|p1|Staraptor, L50, M|
|poke|p1|Gholdengo, L50|
|poke|p1|Meowscarada, L50, F, shiny|
|poke|p1|Whimsicott, L50, F, shiny|
|poke|p1|Primarina, L50, F, shiny|
|poke|p2|Kangaskhan, L50, F|
|poke|p2|Aromatisse, L50, M|
|poke|p2|Farigiraf, L50, M|
|poke|p2|Camerupt, L50, M|
|poke|p2|Avalugg-Hisui, L50, M|
|poke|p2|Vivillon-Pokeball, L50, F|
|teampreview|4
|showteam|p1|Raichu||RaichuniteY|LightningRod|FakeOut,ZapCannon,FocusBlast,Protect|Timid||M|||50|]Staraptor||Staraptite|Intimidate|CloseCombat,BraveBird,Tailwind,Protect|Jolly||M|||50|]Gholdengo||FocusSash|GoodasGold|MakeItRain,NastyPlot,ShadowBall,PowerGem|Timid|||||50|]Meowscarada||LifeOrb|Protean|FlowerTrick,KnockOff,Protect,LowKick|Jolly||F|||50|]Whimsicott||OccaBerry|Prankster|Tailwind,Encore,Charm,Moonblast|Timid||F|||50|]Primarina||SitrusBerry|LiquidVoice|Protect,HyperVoice,DazzlingGleam,CalmMind|Modest||F|||50|
|showteam|p2|Kangaskhan||LifeOrb|Scrappy|FakeOut,DoubleEdge,HammerArm,IcePunch|Brave||F|||50|]Aromatisse||IronBall|AromaVeil|Moonblast,TrickRoom,SunnyDay,Protect|Quiet||M|||50|]Farigiraf||SitrusBerry|ArmorTail|Protect,Psychic,GrassKnot,TrickRoom|Quiet||M|||50|]Camerupt||Cameruptite|SolidRock|Eruption,HeatWave,EarthPower,AncientPower|Quiet||M|||50|]Avalugg-Hisui||WideLens|Sturdy|MountainGale,BodyPress,RockSlide,WideGuard|Brave||M|||50|]Vivillon-Pokeball||FocusSash|CompoundEyes|Hurricane,RagePowder,SleepPowder,Protect|Timid||F|||50|
|j| cramorantn
|inactive|Battle timer is ON: inactive players will automatically lose when time's up. (requested by fkk567)
|
|t:|1785332681
|teamsize|p1|4
|teamsize|p2|4
|start
|switch|p1a: Raichu|Raichu, L50, M, shiny|100/100
|switch|p1b: Staraptor|Staraptor, L50, M|100/100
|switch|p2a: Kangaskhan|Kangaskhan, L50, F|100/100
|switch|p2b: Farigiraf|Farigiraf, L50, M|100/100
|-ability|p1b: Staraptor|Intimidate|boost
|-fail|p2a: Kangaskhan|unboost|Attack|[from] ability: Scrappy|[of] p2a: Kangaskhan
|-unboost|p2b: Farigiraf|atk|1
|turn|1
|inactive|zifisha has 30 seconds left.
|inactive|zifisha has 20 seconds left.
|inactive|zifisha has 15 seconds left.
|inactive|zifisha has 10 seconds left.
|
|t:|1785332728
|detailschange|p1b: Staraptor|Staraptor-Mega, L50, M
|-mega|p1b: Staraptor|Staraptor|Staraptite
|move|p2a: Kangaskhan|Fake Out|p1b: Staraptor
|-damage|p1b: Staraptor|76/100
|-damage|p2a: Kangaskhan|90/100|[from] item: Life Orb
|cant|p1b: Staraptor|flinch
|move|p1a: Raichu|Focus Blast|p2b: Farigiraf|[miss]
|-miss|p1a: Raichu|p2b: Farigiraf
|move|p2b: Farigiraf|Trick Room|p2b: Farigiraf
|-fieldstart|move: Trick Room|[of] p2b: Farigiraf
|
|upkeep
|turn|2
|inactive|fkk567 has 30 seconds left.
|
|t:|1785332754
|move|p1a: Raichu|Protect|p1a: Raichu
|-singleturn|p1a: Raichu|Protect
|move|p1b: Staraptor|Protect|p1b: Staraptor
|-singleturn|p1b: Staraptor|Protect
|move|p2b: Farigiraf|Psychic|p1b: Staraptor
|-activate|p1b: Staraptor|move: Protect
|move|p2a: Kangaskhan|Double-Edge|p1b: Staraptor
|-activate|p1b: Staraptor|move: Protect
|
|upkeep
|turn|3
|
|t:|1785332778
|switch|p1b: Meowscarada|Meowscarada, L50, F, shiny|100/100
|move|p2b: Farigiraf|Psychic|p1b: Meowscarada
|-immune|p1b: Meowscarada
|move|p2a: Kangaskhan|Double-Edge|p1a: Raichu
|-damage|p1a: Raichu|0 fnt
|faint|p1a: Raichu
|-damage|p2a: Kangaskhan|64/100|[from] Recoil
|-damage|p2a: Kangaskhan|54/100|[from] item: Life Orb
|
|upkeep
|inactive|zifisha has 30 seconds left.
|
|t:|1785332804
|switch|p1a: Staraptor|Staraptor-Mega, L50, M|76/100
|turn|4
|
|t:|1785332817
|switch|p2a: Camerupt|Camerupt, L50, M|100/100
|move|p1a: Staraptor|Protect|p1a: Staraptor
|-singleturn|p1a: Staraptor|Protect
|move|p1b: Meowscarada|Protect|p1b: Meowscarada
|-start|p1b: Meowscarada|typechange|Normal|[from] ability: Protean
|-singleturn|p1b: Meowscarada|Protect
|move|p2b: Farigiraf|Psychic|p1a: Staraptor
|-activate|p1a: Staraptor|move: Protect
|
|upkeep
|turn|5
|
|t:|1785332835
|switch|p1a: Primarina|Primarina, L50, F, shiny|100/100
|detailschange|p2a: Camerupt|Camerupt-Mega, L50, M
|-mega|p2a: Camerupt|Camerupt|Cameruptite
|move|p2a: Camerupt|Eruption|p1a: Primarina|[spread] p1a,p1b
|-resisted|p1a: Primarina|1
|-damage|p1a: Primarina|68/100
|-damage|p1b: Meowscarada|0 fnt
|faint|p1b: Meowscarada
|move|p2b: Farigiraf|Psychic|p1a: Primarina
|-damage|p1a: Primarina|31/100
|-enditem|p1a: Primarina|Sitrus Berry|[eat]
|-heal|p1a: Primarina|56/100|[from] item: Sitrus Berry
|
|-fieldend|move: Trick Room
|upkeep
|
|t:|1785332837
|switch|p1b: Staraptor|Staraptor-Mega, L50, M|76/100
|turn|6
|inactive|fkk567 has 30 seconds left.
|
|t:|1785332863
|move|p2b: Farigiraf|Protect|p2b: Farigiraf
|-singleturn|p2b: Farigiraf|Protect
|move|p1b: Staraptor|Close Combat|p2b: Farigiraf
|-activate|p2b: Farigiraf|move: Protect
|move|p1a: Primarina|Hyper Voice|p2a: Camerupt|[spread] p2a
|-activate|p2b: Farigiraf|move: Protect
|-supereffective|p2a: Camerupt|2
|-damage|p2a: Camerupt|0 fnt
|faint|p2a: Camerupt
|
|upkeep
|
|t:|1785332870
|switch|p2a: Kangaskhan|Kangaskhan, L50, F|54/100
|turn|7
|
|t:|1785332894
|move|p2a: Kangaskhan|Fake Out|p1b: Staraptor
|-damage|p1b: Staraptor|53/100
|-damage|p2a: Kangaskhan|44/100|[from] item: Life Orb
|cant|p1b: Staraptor|flinch
|move|p1a: Primarina|Hyper Voice|p2a: Kangaskhan|[spread] p2a,p2b
|-damage|p2a: Kangaskhan|11/100
|-damage|p2b: Farigiraf|70/100
|move|p2b: Farigiraf|Trick Room|p2b: Farigiraf
|-fieldstart|move: Trick Room|[of] p2b: Farigiraf
|
|upkeep
|turn|8
|
|t:|1785332908
|move|p2b: Farigiraf|Psychic|p1b: Staraptor
|-supereffective|p1b: Staraptor|1
|-damage|p1b: Staraptor|0 fnt
|faint|p1b: Staraptor
|move|p1a: Primarina|Hyper Voice|p2b: Farigiraf|[spread] p2a,p2b
|-damage|p2a: Kangaskhan|0 fnt
|-damage|p2b: Farigiraf|37/100
|-enditem|p2b: Farigiraf|Sitrus Berry|[eat]
|-heal|p2b: Farigiraf|62/100|[from] item: Sitrus Berry
|faint|p2a: Kangaskhan
|
|upkeep
|
|t:|1785332911
|switch|p2a: Avalugg|Avalugg-Hisui, L50, M|100/100
|turn|9
|c| cramorantn|再见了鱼大哥
|
|t:|1785332929
|move|p2a: Avalugg|Wide Guard|p2a: Avalugg
|-singleturn|p2a: Avalugg|Wide Guard
|move|p2b: Farigiraf|Psychic|p1a: Primarina
|-damage|p1a: Primarina|21/100
|move|p1a: Primarina|Hyper Voice|p2a: Avalugg|[spread] 
|-activate|p2a: Avalugg|move: Wide Guard
|-activate|p2b: Farigiraf|move: Wide Guard
|
|upkeep
|turn|10
|
|t:|1785332939
|move|p2a: Avalugg|Mountain Gale|p1a: Primarina
|-resisted|p1a: Primarina|1
|-crit|p1a: Primarina
|-damage|p1a: Primarina|0 fnt
|faint|p1a: Primarina
|
|win|fkk567
|l| cramorantn
|l|☆zifisha
|player|p1|
