|j|Ōśåhunterdrago
|j|Ōśåqwhat123
|html|hunterdragoqwhat123    
|uhtml|bestof|Game 2 of a best-of-3
|t:|1756511093
|gametype|doubles
|player|p1|hunterdrago|rosa|
|player|p2|qwhat123|harlequin|
|gen|9
|tier|[Gen 9] VGC 2025 Reg H (Bo3)
|rule|Tera Type Preview: Tera Types are shown at Team Preview
|rule|Species Clause: Limit one of each Pok├®mon
|rule|Item Clause: Limit 1 of each item
|raw|2 custom rules: Tera Type Preview, !Force Open Team Sheets
|clearpoke
|poke|p1|Basculegion-F, L50, F|
|poke|p1|Illumise, L50, F|
|poke|p1|Lumineon, L50, M|
|poke|p1|Ursaluna-Bloodmoon, L50, M|
|poke|p1|Hariyama, L50, M|
|poke|p1|Sinistcha-Masterpiece, L50|
|poke|p2|Toxtricity-Low-Key, L50, F|
|poke|p2|Garchomp, L50, F|
|poke|p2|Talonflame, L50, M|
|poke|p2|Basculegion, L50, M|
|poke|p2|Riolu, L50, F|
|poke|p2|Gardevoir, L50, M|
|raw|hunterdrago's Tera Types: /  /  /  /  / 
|raw|qwhat123's Tera Types: /  /  /  /  / 
|teampreview|4
|j| zuiyyy
|j| Jewelpet2002
|c|Ōśåhunterdrago|r?
|
|t:|1756511131
|teamsize|p1|4
|teamsize|p2|4
|start
|switch|p1a: Normal Hands|Hariyama, L50, M|100/100
|switch|p1b: Gween Tea|Sinistcha-Masterpiece, L50|100/100
|switch|p2a: Bullet Bill|Basculegion, L50, M|100/100
|switch|p2b: Banana|Riolu, L50, F, shiny|100/100
|turn|1
|
|t:|1756511172
|move|p2b: Banana|Screech|p1b: Gween Tea
|-unboost|p1b: Gween Tea|def|2
|move|p2a: Bullet Bill|Last Respects|p1b: Gween Tea
|-supereffective|p1b: Gween Tea
|-damage|p1b: Gween Tea|0 fnt
|faint|p1b: Gween Tea
|-damage|p2a: Bullet Bill|91/100|[from] item: Life Orb
|move|p1a: Normal Hands|Belly Drum|p1a: Normal Hands
|-damage|p1a: Normal Hands|50/100
|-setboost|p1a: Normal Hands|atk|6|[from] move: Belly Drum
|-enditem|p1a: Normal Hands|Sitrus Berry|[eat]
|-heal|p1a: Normal Hands|75/100|[from] item: Sitrus Berry
|
|upkeep
|c|Ōśåhunterdrago|shit
|
|t:|1756511184
|switch|p1b: ANNOYANCE|Illumise, L50, F|100/100
|turn|2
|c|Ōśåqwhat123|SKREEEEEEECH
|
|t:|1756511217
|move|p1b: ANNOYANCE|Tailwind|p1b: ANNOYANCE
|-sidestart|p1: hunterdrago|move: Tailwind
|move|p2b: Banana|Coaching|p2a: Bullet Bill
|-boost|p2a: Bullet Bill|atk|1
|-boost|p2a: Bullet Bill|def|1
|move|p1a: Normal Hands|Stomping Tantrum|p2a: Bullet Bill
|-damage|p2a: Bullet Bill|5/100
|move|p2a: Bullet Bill|Wave Crash|p1a: Normal Hands
|-damage|p1a: Normal Hands|0 fnt
|faint|p1a: Normal Hands
|-damage|p2a: Bullet Bill|0 fnt|[from] Recoil
|faint|p2a: Bullet Bill
|
|upkeep
|j| Criee
|c|Ōśåhunterdrago|IT LIVED NOOOOOOOOOOOOOOOO
|
|t:|1756511237
|switch|p2a: CHAIN CHOMP|Garchomp, L50, F|100/100
|switch|p1a: THE MOON RISES|Ursaluna-Bloodmoon, L50, M|100/100
|turn|3
|c| Jewelpet2002|oh no
|
|t:|1756511260
|-terastallize|p1a: THE MOON RISES|Normal
|move|p2a: CHAIN CHOMP|Protect|p2a: CHAIN CHOMP
|-singleturn|p2a: CHAIN CHOMP|Protect
|move|p1b: ANNOYANCE|Fake Tears|p2a: CHAIN CHOMP
|-activate|p2a: CHAIN CHOMP|move: Protect
|move|p2b: Banana|Screech|p2a: CHAIN CHOMP
|-activate|p2a: CHAIN CHOMP|move: Protect
|move|p1a: THE MOON RISES|Hyper Voice|p2a: CHAIN CHOMP|[spread] p2b
|-activate|p2a: CHAIN CHOMP|move: Protect
|-damage|p2b: Banana|39/100
|-damage|p1a: THE MOON RISES|91/100|[from] item: Life Orb
|
|upkeep
|turn|4
|c|Ōśåqwhat123|I MISCLICKED
|
|t:|1756511292
|move|p1b: ANNOYANCE|Encore|p2a: CHAIN CHOMP
|-start|p2a: CHAIN CHOMP|Encore
|move|p2b: Banana|Screech|p1a: THE MOON RISES
|-unboost|p1a: THE MOON RISES|def|2
|move|p1a: THE MOON RISES|Hyper Voice|p2a: CHAIN CHOMP|[spread] p2a,p2b
|-damage|p2a: CHAIN CHOMP|28/100
|-damage|p2b: Banana|0 fnt
|faint|p2b: Banana
|-damage|p1a: THE MOON RISES|81/100|[from] item: Life Orb
|move|p2a: CHAIN CHOMP|Protect||[still]
|-fail|p2a: CHAIN CHOMP
|
|upkeep
|c|Ōśåhunterdrago|erm
|
|t:|1756511302
|switch|p2b: Red Shell|Talonflame, L50, M, shiny|100/100
|turn|5
|c| Jewelpet2002|oh no...
|
|t:|1756511337
|move|p1a: THE MOON RISES|Protect|p1a: THE MOON RISES
|-singleturn|p1a: THE MOON RISES|Protect
|move|p2a: CHAIN CHOMP|Protect|p2a: CHAIN CHOMP
|-singleturn|p2a: CHAIN CHOMP|Protect
|move|p1b: ANNOYANCE|Struggle Bug|p2b: Red Shell|[spread] p2b
|-activate|p2a: CHAIN CHOMP|move: Protect
|-resisted|p2b: Red Shell
|-damage|p2b: Red Shell|97/100
|move|p2b: Red Shell|Taunt|p1b: ANNOYANCE
|-start|p1b: ANNOYANCE|move: Taunt
|
|-sideend|p1: hunterdrago|move: Tailwind
|upkeep
|turn|6
|
|t:|1756511363
|move|p2a: CHAIN CHOMP|Protect|p2a: CHAIN CHOMP
|-singleturn|p2a: CHAIN CHOMP|Protect
|move|p2b: Red Shell|Tailwind|p2b: Red Shell
|-sidestart|p2: qwhat123|move: Tailwind
|move|p1b: ANNOYANCE|Struggle Bug|p2a: CHAIN CHOMP|[spread] p2b
|-activate|p2a: CHAIN CHOMP|move: Protect
|-resisted|p2b: Red Shell
|-damage|p2b: Red Shell|94/100
|move|p1a: THE MOON RISES|Blood Moon|p2b: Red Shell
|-damage|p2b: Red Shell|0 fnt
|faint|p2b: Red Shell
|-damage|p1a: THE MOON RISES|72/100|[from] item: Life Orb
|
|-end|p2a: CHAIN CHOMP|Encore
|upkeep
|turn|7
|
|t:|1756511380
|move|p1a: THE MOON RISES|Protect|p1a: THE MOON RISES
|-singleturn|p1a: THE MOON RISES|Protect
|move|p2a: CHAIN CHOMP|Scale Shot|p1a: THE MOON RISES
|-activate|p1a: THE MOON RISES|move: Protect
|move|p1b: ANNOYANCE|Struggle Bug|p2a: CHAIN CHOMP
|-damage|p2a: CHAIN CHOMP|15/100
|-unboost|p2a: CHAIN CHOMP|spa|1
|
|upkeep
|turn|8
|
|t:|1756511393
|move|p1a: THE MOON RISES|Protect||[still]
|-fail|p1a: THE MOON RISES
|move|p2a: CHAIN CHOMP|Scale Shot|p1a: THE MOON RISES
|-damage|p1a: THE MOON RISES|48/100
|-damage|p1a: THE MOON RISES|25/100
|-damage|p1a: THE MOON RISES|5/100
|-damage|p1a: THE MOON RISES|0 fnt
|faint|p1a: THE MOON RISES
|-hitcount|p1: THE MOON RISES|4
|-unboost|p2a: CHAIN CHOMP|def|1
|-boost|p2a: CHAIN CHOMP|spe|1
|move|p1b: ANNOYANCE|Struggle Bug|p2a: CHAIN CHOMP
|-damage|p2a: CHAIN CHOMP|1/100
|-unboost|p2a: CHAIN CHOMP|spa|1
|
|-end|p1b: ANNOYANCE|move: Taunt
|upkeep
|turn|9
|c|Ōśåhunterdrago|mnkas
|
|t:|1756511413
|move|p2a: CHAIN CHOMP|Scale Shot|p1b: ANNOYANCE|[miss]
|-miss|p2a: CHAIN CHOMP|p1b: ANNOYANCE
|move|p1b: ANNOYANCE|Struggle Bug|p2a: CHAIN CHOMP
|-damage|p2a: CHAIN CHOMP|0 fnt
|faint|p2a: CHAIN CHOMP
|
|win|hunterdrago
|c|Ōśåqwhat123|AAAHJ
|c| zuiyyy|omg
|c| Jewelpet2002|NOOOOOO
|c| Jewelpet2002|OMG
|c|Ōśåqwhat123|GG Lol
|l| zuiyyy
