|j|☆Metal Legs Solid
|j|☆higigig
|html|Metal Legs Solidhigigig    
|uhtml|bestof|Game 3 of a best-of-3
|t:|1784517697
|gametype|doubles
|player|p1|Metal Legs Solid|byron|
|player|p2|higigig|1|
|gen|9
|tier|[Gen 9 Champions] VGC 2026 Reg M-B (Bo3)
|rule|Species Clause: Limit one of each Pokémon
|rule|Item Clause: Limit 1 of each item
|clearpoke
|poke|p1|Venusaur, L50, F|
|poke|p1|Charizard, L50, M|
|poke|p1|Archaludon, L50, M|
|poke|p1|Pelipper, L50, F|
|poke|p1|Grimmsnarl, L50, M|
|poke|p1|Basculegion, L50, M|
|poke|p2|Talonflame, L50, F|
|poke|p2|Garchomp, L50, M|
|poke|p2|Incineroar, L50, M|
|poke|p2|Kingambit, L50, F|
|poke|p2|Floette-Eternal, L50, F|
|poke|p2|Charizard, L50, F|
|teampreview|4
|showteam|p1|Venusaur||FocusSash|Chlorophyll|EarthPower,SludgeBomb,SleepPowder,Protect|Modest||F|||50|]Charizard||CharizarditeY|Blaze|WeatherBall,HeatWave,SolarBeam,Protect|Modest||M|||50|]Archaludon||Leftovers|Stamina|ElectroShot,DragonPulse,FlashCannon,Protect|Calm||M|||50|]Pelipper||SitrusBerry|Drizzle|WeatherBall,Tailwind,Hurricane,WideGuard|Modest||F|||50|]Grimmsnarl||LightClay|Prankster|PartingShot,LightScreen,Reflect,SpiritBreak|Sassy||M|||50|]Basculegion||ChoiceScarf|Adaptability|LastRespects,FlipTurn,AquaJet,WaveCrash|Jolly||M|||50|
|showteam|p2|Talonflame||FocusSash|GaleWings|FlareBlitz,DualWingbeat,Tailwind,Protect|Jolly||F|||50|]Garchomp||LifeOrb|RoughSkin|DragonClaw,Earthquake,RockSlide,Protect|Jolly||M|||50|]Incineroar||SitrusBerry|Intimidate|FakeOut,FlareBlitz,ThroatChop,PartingShot|Adamant||M|||50|]Kingambit||BlackGlasses|Defiant|KowtowCleave,IronHead,SuckerPunch,Protect|Adamant||F|||50|]Floette-Eternal||Floettite|FlowerVeil|CalmMind,DazzlingGleam,DrainingKiss,Protect|Modest||F|||50|]Charizard||CharizarditeY|Blaze|HeatWave,WeatherBall,SolarBeam,Protect|Modest||F|||50|
|inactive|Battle timer is ON: inactive players will automatically lose when time's up. (requested by higigig)
|j| Blizz.vg
|j| tennerps
|inactive|Metal Legs Solid has 60 seconds left.
|inactive|higigig has 60 seconds left.
|j| shrimplyasapphic
|inactive|higigig has 30 seconds left.
|inactive|higigig has 20 seconds left.
|inactive|higigig has 15 seconds left.
|inactive|higigig has 10 seconds left.
|
|t:|1784517783
|teamsize|p1|4
|teamsize|p2|4
|start
|switch|p1a: Charizard|Charizard, L50, M|100/100
|switch|p1b: Venusaur|Venusaur, L50, F|100/100
|switch|p2a: Talonflame|Talonflame, L50, F|100/100
|switch|p2b: Garchomp|Garchomp, L50, M|100/100
|turn|1
|inactive|Metal Legs Solid has 30 seconds left.
|inactive|higigig has 30 seconds left.
|inactive|Metal Legs Solid has 20 seconds left.
|inactive|Metal Legs Solid has 15 seconds left.
|
|t:|1784517827
|switch|p1b: Pelipper|Pelipper, L50, F|100/100
|-weather|RainDance|[from] ability: Drizzle|[of] p1b: Pelipper
|detailschange|p1a: Charizard|Charizard-Mega-Y, L50, M
|-mega|p1a: Charizard|Charizard|Charizardite Y
|-weather|SunnyDay|[from] ability: Drought|[of] p1a: Charizard
|move|p2a: Talonflame|Protect|p2a: Talonflame
|-singleturn|p2a: Talonflame|Protect
|move|p2b: Garchomp|Protect|p2b: Garchomp
|-singleturn|p2b: Garchomp|Protect
|move|p1a: Charizard|Protect||[still]
|-fail|p1a: Charizard
|
|-weather|SunnyDay|[upkeep]
|upkeep
|turn|2
|inactive|Metal Legs Solid has 30 seconds left.
|inactive|higigig has 30 seconds left.
|j| RK_pocoyo
|inactive|Metal Legs Solid has 20 seconds left.
|inactive|higigig has 20 seconds left.
|inactive|Metal Legs Solid has 15 seconds left.
|inactive|higigig has 15 seconds left.
|inactive|Metal Legs Solid has 10 seconds left.
|inactive|higigig has 10 seconds left.
|inactive|Metal Legs Solid has 5 seconds left.
|inactive|higigig has 5 seconds left.
|
|t:|1784517881
|move|p1a: Charizard|Protect|p1a: Charizard
|-singleturn|p1a: Charizard|Protect
|move|p2a: Talonflame|Dual Wingbeat|p1a: Charizard
|-activate|p1a: Charizard|move: Protect
|move|p2b: Garchomp|Dragon Claw|p1a: Charizard
|-activate|p1a: Charizard|move: Protect
|move|p1b: Pelipper|Tailwind|p1b: Pelipper
|-sidestart|p1: Metal Legs Solid|move: Tailwind
|
|-weather|SunnyDay|[upkeep]
|upkeep
|turn|3
|inactive|Metal Legs Solid has 30 seconds left.
|inactive|higigig has 30 seconds left.
|inactive|Metal Legs Solid has 20 seconds left.
|inactive|higigig has 20 seconds left.
|inactive|higigig has 15 seconds left.
|inactive|higigig has 10 seconds left.
|inactive|higigig has 5 seconds left.
|
|t:|1784517932
|switch|p1b: Venusaur|Venusaur, L50, F|100/100
|move|p2a: Talonflame|Protect|p2a: Talonflame
|-singleturn|p2a: Talonflame|Protect
|move|p2b: Garchomp|Protect|p2b: Garchomp
|-singleturn|p2b: Garchomp|Protect
|move|p1a: Charizard|Heat Wave|p2b: Garchomp|[spread] 
|-activate|p2a: Talonflame|move: Protect
|-activate|p2b: Garchomp|move: Protect
|
|-weather|SunnyDay|[upkeep]
|upkeep
|turn|4
|inactive|Metal Legs Solid has 30 seconds left.
|l| RK_pocoyo
|inactive|Metal Legs Solid has 20 seconds left.
|inactive|Metal Legs Solid has 15 seconds left.
|
|t:|1784517973
|move|p2a: Talonflame|Dual Wingbeat|p1b: Venusaur
|-supereffective|p1b: Venusaur|1
|-damage|p1b: Venusaur|56/100
|-supereffective|p1b: Venusaur|1
|-damage|p1b: Venusaur|13/100
|-hitcount|p1b: Venusaur|2
|move|p1b: Venusaur|Sleep Powder|p2b: Garchomp|[miss]
|-miss|p1b: Venusaur|p2b: Garchomp
|move|p1a: Charizard|Heat Wave|p2b: Garchomp|[spread] p2a,p2b
|-resisted|p2a: Talonflame|1
|-resisted|p2b: Garchomp|1
|-damage|p2a: Talonflame|47/100
|-damage|p2b: Garchomp|64/100
|move|p2b: Garchomp|Rock Slide|p1a: Charizard|[spread] p1a,p1b
|-supereffective|p1a: Charizard|2
|-damage|p1a: Charizard|0 fnt
|-damage|p1b: Venusaur|0 fnt
|faint|p1a: Charizard
|faint|p1b: Venusaur
|-damage|p2b: Garchomp|54/100|[from] item: Life Orb
|
|-weather|SunnyDay|[upkeep]
|upkeep
|
|t:|1784517990
|switch|p1a: Pelipper|Pelipper, L50, F|100/100
|switch|p1b: Basculegion|Basculegion, L50, M|100/100
|-weather|RainDance|[from] ability: Drizzle|[of] p1a: Pelipper
|turn|5
|inactive|Metal Legs Solid has 30 seconds left.
|inactive|higigig has 30 seconds left.
|inactive|higigig has 20 seconds left.
|
|t:|1784518028
|move|p1b: Basculegion|Aqua Jet|p2a: Talonflame
|-supereffective|p2a: Talonflame|1
|-damage|p2a: Talonflame|0 fnt
|faint|p2a: Talonflame
|move|p1a: Pelipper|Weather Ball|p2b: Garchomp
|-damage|p2b: Garchomp|0 fnt
|faint|p2b: Garchomp
|
|-weather|RainDance|[upkeep]
|-sideend|p1: Metal Legs Solid|move: Tailwind
|upkeep
|
|t:|1784518034
|switch|p2a: Kingambit|Kingambit, L50, F|100/100
|switch|p2b: Floette|Floette-Eternal, L50, F|100/100
|turn|6
|
|t:|1784518043
|detailschange|p2b: Floette|Floette-Mega, L50, F
|-mega|p2b: Floette|Floette|Floettite
|-ability|p2b: Floette|Fairy Aura
|move|p1b: Basculegion|Aqua Jet|p2a: Kingambit
|-damage|p2a: Kingambit|71/100
|move|p2a: Kingambit|Sucker Punch||[still]
|-fail|p2a: Kingambit
|move|p2b: Floette|Draining Kiss|p1a: Pelipper
|-damage|p1a: Pelipper|40/100
|-enditem|p1a: Pelipper|Sitrus Berry|[eat]
|-heal|p1a: Pelipper|64/100|[from] item: Sitrus Berry
|move|p1a: Pelipper|Weather Ball|p2a: Kingambit
|-damage|p2a: Kingambit|12/100
|
|-weather|RainDance|[upkeep]
|upkeep
|turn|7
|
|t:|1784518068
|move|p2a: Kingambit|Protect|p2a: Kingambit
|-singleturn|p2a: Kingambit|Protect
|move|p1b: Basculegion|Aqua Jet|p2a: Kingambit
|-activate|p2a: Kingambit|move: Protect
|move|p2b: Floette|Dazzling Gleam|p1b: Basculegion|[spread] p1a,p1b
|-damage|p1a: Pelipper|0 fnt
|-damage|p1b: Basculegion|39/100
|faint|p1a: Pelipper
|
|-weather|RainDance|[upkeep]
|upkeep
|turn|8
|
|t:|1784518077
|move|p1b: Basculegion|Aqua Jet|p2a: Kingambit
|-damage|p2a: Kingambit|0 fnt
|faint|p2a: Kingambit
|move|p2b: Floette|Dazzling Gleam|p1b: Basculegion
|-damage|p1b: Basculegion|0 fnt
|faint|p1b: Basculegion
|
|win|higigig
|c|☆Metal Legs Solid|GG!
|c|☆Metal Legs Solid|missing that sleep powder was awful
|c|☆higigig|ikr
|c|☆higigig|big miss
|c|☆higigig|sorry about that
|c|☆Metal Legs Solid|its the game!
|c|☆Metal Legs Solid|nothing to apologize for
|l|☆higigig
|player|p2|
|l| Blizz.vg
|j| Blizz.vg
|j| ChatGPTang
