|j|☆MilkkyY67
|j|☆zxxeyxq
|html|MilkkyY67zxxeyxq    
|uhtml|bestof|Game 1 of a best-of-3
|t:|1782530291
|gametype|doubles
|player|p1|MilkkyY67|hugh|1006
|player|p2|zxxeyxq|lucas|1000
|gen|9
|tier|[Gen 9 Champions] VGC 2026 Reg M-B (Bo3)
|rated|
|rule|Species Clause: Limit one of each Pokémon
|rule|Item Clause: Limit 1 of each item
|clearpoke
|poke|p1|Charizard, L50, M|
|poke|p1|Venusaur, L50, F|
|poke|p1|Toxapex, L50, F|
|poke|p1|Incineroar, L50, M|
|poke|p1|Sinistcha, L50|
|poke|p1|Kingambit, L50, M|
|poke|p2|Floette-Eternal, L50, F|
|poke|p2|Incineroar, L50, M|
|poke|p2|Sinistcha, L50|
|poke|p2|Sneasler, L50, F|
|poke|p2|Kingambit, L50, F|
|poke|p2|Garchomp, L50, F|
|teampreview|4
|showteam|p1|Charizard||CharizarditeY|Blaze|HeatWave,SolarBeam,WeatherBall,Protect|Modest||M|||50|]Venusaur||Venusaurite|Chlorophyll|GigaDrain,SludgeBomb,EarthPower,Protect|Modest||F|||50|]Toxapex||Leftovers|Regenerator|Toxic,Infestation,BanefulBunker,WideGuard|Bold||F|||50|]Incineroar||SitrusBerry|Intimidate|FlareBlitz,ThroatChop,FakeOut,PartingShot|Careful||M|||50|]Sinistcha||KasibBerry|Hospitality|MatchaGotcha,RagePowder,LifeDew,Protect|Bold|||||50|]Kingambit||ChopleBerry|Defiant|KowtowCleave,SuckerPunch,IronHead,Protect|Careful||M|||50|
|showteam|p2|Floette-Eternal||Floettite|FlowerVeil|DazzlingGleam,DrainingKiss,Protect,CalmMind|Timid||F|||50|]Incineroar||Leftovers|Intimidate|FakeOut,FlareBlitz,PartingShot,HelpingHand|Sassy||M|||50|]Sinistcha||SitrusBerry|Hospitality|MatchaGotcha,Protect,TrickRoom,RagePowder|Bold|||||50|]Sneasler||FocusSash|PoisonTouch|FakeOut,PoisonJab,CloseCombat,Coaching|Jolly||F|||50|]Kingambit||ChopleBerry|Defiant|KowtowCleave,Protect,SuckerPunch,IronHead|Adamant||F|||50|]Garchomp||Garchompite|RoughSkin|RockSlide,StompingTantrum,Earthquake,Protect|Adamant||F|||50|
|j| tyho45
|l|☆zxxeyxq
|player|p2|
|inactive|Battle timer is ON: inactive players will automatically lose when time's up. (requested by MilkkyY67)
|inactive|zxxeyxq has 30 seconds to reconnect!
|j|☆zxxeyxq
|inactive|zxxeyxq reconnected and has 55 seconds left.
|player|p2|zxxeyxq|lucas|
|
|t:|1782530390
|teamsize|p1|4
|teamsize|p2|4
|start
|switch|p1a: Venusaur|Venusaur, L50, F|100/100
|switch|p1b: Toxapex|Toxapex, L50, F|100/100
|switch|p2a: Floette|Floette-Eternal, L50, F|100/100
|switch|p2b: Incineroar|Incineroar, L50, M|100/100
|-ability|p2b: Incineroar|Intimidate|boost
|-unboost|p1a: Venusaur|atk|1
|-unboost|p1b: Toxapex|atk|1
|turn|1
|inactive|zxxeyxq has 30 seconds left.
|inactive|zxxeyxq has 20 seconds left.
|inactive|zxxeyxq has 15 seconds left.
|inactive|zxxeyxq has 10 seconds left.
|
|t:|1782530435
|detailschange|p2a: Floette|Floette-Mega, L50, F
|-mega|p2a: Floette|Floette|Floettite
|-ability|p2a: Floette|Fairy Aura
|detailschange|p1a: Venusaur|Venusaur-Mega, L50, F
|-mega|p1a: Venusaur|Venusaur|Venusaurite
|move|p2b: Incineroar|Fake Out|p1b: Toxapex
|-damage|p1b: Toxapex|92/100
|move|p2a: Floette|Calm Mind|p2a: Floette
|-boost|p2a: Floette|spa|1
|-boost|p2a: Floette|spd|1
|move|p1a: Venusaur|Earth Power|p2b: Incineroar
|-supereffective|p2b: Incineroar|1
|-damage|p2b: Incineroar|49/100
|cant|p1b: Toxapex|flinch
|
|-heal|p2b: Incineroar|55/100|[from] item: Leftovers
|-heal|p1b: Toxapex|98/100|[from] item: Leftovers
|upkeep
|turn|2
|l| tyho45
|inactive|MilkkyY67 has 30 seconds left.
|inactive|MilkkyY67 has 20 seconds left.
|
|t:|1782530472
|switch|p2b: Sinistcha|Sinistcha, L50|100/100
|move|p2a: Floette|Protect|p2a: Floette
|-singleturn|p2a: Floette|Protect
|move|p1a: Venusaur|Protect|p1a: Venusaur
|-singleturn|p1a: Venusaur|Protect
|move|p1b: Toxapex|Infestation|p2b: Sinistcha
|-damage|p2b: Sinistcha|96/100
|-activate|p2b: Sinistcha|move: Infestation|[of] p1b: Toxapex
|
|-heal|p1b: Toxapex|100/100|[from] item: Leftovers
|-damage|p2b: Sinistcha|83/100|[from] move: Infestation|[partiallytrapped]
|upkeep
|turn|3
|inactive|MilkkyY67 has 30 seconds left.
|inactive|MilkkyY67 has 20 seconds left.
|inactive|MilkkyY67 has 15 seconds left.
|
|t:|1782530516
|move|p2b: Sinistcha|Rage Powder|p2b: Sinistcha
|-singleturn|p2b: Sinistcha|move: Rage Powder
|move|p2a: Floette|Calm Mind|p2a: Floette
|-boost|p2a: Floette|spa|1
|-boost|p2a: Floette|spd|1
|move|p1a: Venusaur|Sludge Bomb|p2b: Sinistcha
|-damage|p2b: Sinistcha|30/100
|-enditem|p2b: Sinistcha|Sitrus Berry|[eat]
|-heal|p2b: Sinistcha|55/100|[from] item: Sitrus Berry
|move|p1b: Toxapex|Infestation|p2b: Sinistcha
|-damage|p2b: Sinistcha|52/100
|
|-damage|p2b: Sinistcha|39/100|[from] move: Infestation|[partiallytrapped]
|upkeep
|turn|4
|inactive|zxxeyxq has 30 seconds left.
|
|t:|1782530549
|switch|p2b: Incineroar|Incineroar, L50, M|55/100
|-ability|p2b: Incineroar|Intimidate|boost
|-unboost|p1a: Venusaur|atk|1
|-unboost|p1b: Toxapex|atk|1
|move|p2a: Floette|Protect|p2a: Floette
|-singleturn|p2a: Floette|Protect
|move|p1a: Venusaur|Sludge Bomb|p2b: Incineroar
|-damage|p2b: Incineroar|19/100
|move|p1b: Toxapex|Infestation|p2a: Floette
|-activate|p2a: Floette|move: Protect
|
|-heal|p2b: Incineroar|25/100|[from] item: Leftovers
|upkeep
|turn|5
|inactive|MilkkyY67 has 30 seconds left.
|
|t:|1782530583
|move|p2b: Incineroar|Fake Out|p1b: Toxapex
|-damage|p1b: Toxapex|92/100
|move|p2a: Floette|Calm Mind|p2a: Floette
|-boost|p2a: Floette|spa|1
|-boost|p2a: Floette|spd|1
|move|p1a: Venusaur|Earth Power|p2b: Incineroar
|-supereffective|p2b: Incineroar|1
|-damage|p2b: Incineroar|0 fnt
|faint|p2b: Incineroar
|cant|p1b: Toxapex|flinch
|
|-heal|p1b: Toxapex|98/100|[from] item: Leftovers
|upkeep
|
|t:|1782530593
|switch|p2b: Sneasler|Sneasler, L50, F|100/100
|turn|6
|
|t:|1782530611
|move|p2b: Sneasler|Fake Out|p1b: Toxapex
|-damage|p1b: Toxapex|88/100
|move|p2a: Floette|Dazzling Gleam|p1a: Venusaur|[spread] p1a,p1b
|-resisted|p1a: Venusaur|1
|-resisted|p1b: Toxapex|1
|-damage|p1a: Venusaur|45/100
|-damage|p1b: Toxapex|45/100
|move|p1a: Venusaur|Earth Power|p2b: Sneasler
|-supereffective|p2b: Sneasler|1
|-damage|p2b: Sneasler|4/100
|-unboost|p2b: Sneasler|spd|1
|cant|p1b: Toxapex|flinch
|
|-heal|p1b: Toxapex|51/100|[from] item: Leftovers
|upkeep
|turn|7
|
|t:|1782530633
|move|p1b: Toxapex|Wide Guard|p1b: Toxapex
|-singleturn|p1b: Toxapex|Wide Guard
|move|p2b: Sneasler|Close Combat|p1b: Toxapex
|-resisted|p1b: Toxapex|1
|-damage|p1b: Toxapex|29/100
|-unboost|p2b: Sneasler|def|1
|-unboost|p2b: Sneasler|spd|1
|move|p2a: Floette|Draining Kiss|p1b: Toxapex
|-resisted|p1b: Toxapex|1
|-damage|p1b: Toxapex|0 fnt
|faint|p1b: Toxapex
|move|p1a: Venusaur|Sludge Bomb|p2b: Sneasler
|-resisted|p2b: Sneasler|1
|-damage|p2b: Sneasler|0 fnt
|faint|p2b: Sneasler
|
|upkeep
|
|t:|1782530648
|switch|p2b: Sinistcha|Sinistcha, L50|39/100
|switch|p1b: Sinistcha|Sinistcha, L50|100/100
|-heal|p1a: Venusaur|70/100|[from] ability: Hospitality|[of] p1b: Sinistcha
|turn|8
|
|t:|1782530667
|move|p2a: Floette|Dazzling Gleam|p1b: Sinistcha|[spread] p1a,p1b
|-resisted|p1a: Venusaur|1
|-damage|p1a: Venusaur|21/100
|-damage|p1b: Sinistcha|0 fnt
|faint|p1b: Sinistcha
|move|p1a: Venusaur|Sludge Bomb|p2b: Sinistcha
|-damage|p2b: Sinistcha|0 fnt
|faint|p2b: Sinistcha
|
|upkeep
|
|t:|1782530675
|switch|p1b: Incineroar|Incineroar, L50, M|100/100
|-ability|p1b: Incineroar|Intimidate|boost
|-unboost|p2a: Floette|atk|1
|turn|9
|
|t:|1782530698
|move|p2a: Floette|Protect|p2a: Floette
|-singleturn|p2a: Floette|Protect
|move|p1b: Incineroar|Fake Out|p2a: Floette
|-activate|p2a: Floette|move: Protect
|move|p1a: Venusaur|Sludge Bomb|p2a: Floette
|-activate|p2a: Floette|move: Protect
|
|upkeep
|turn|10
|
|t:|1782530714
|move|p2a: Floette|Dazzling Gleam|p1b: Incineroar|[spread] p1a,p1b
|-resisted|p1a: Venusaur|1
|-damage|p1a: Venusaur|0 fnt
|-damage|p1b: Incineroar|19/100
|-enditem|p1b: Incineroar|Sitrus Berry|[eat]
|-heal|p1b: Incineroar|44/100|[from] item: Sitrus Berry
|faint|p1a: Venusaur
|move|p1b: Incineroar|Flare Blitz|p2a: Floette
|-damage|p2a: Floette|49/100
|-damage|p1b: Incineroar|31/100|[from] Recoil
|
|upkeep
|turn|11
|
|t:|1782530724
|move|p2a: Floette|Dazzling Gleam|p1b: Incineroar
|-damage|p1b: Incineroar|0 fnt
|faint|p1b: Incineroar
|
|win|zxxeyxq
||zxxeyxq is ready for game 2.
|raw|MilkkyY67's rating: 1006 → 1000(-6 for losing)
|raw|zxxeyxq's rating: 1000 → 1041(+41 for winning)
|l|☆MilkkyY67
|player|p1|
