|j|☆priviteran
|j|☆Alecat
|html|priviteranAlecat    
|uhtml|bestof|Game 3 of a best-of-3
|t:|1757762060
|gametype|doubles
|player|p1|priviteran|169|1076
|player|p2|Alecat|scientistf|1040
|gen|9
|tier|[Gen 9] VGC 2025 Reg H (Bo3)
|rated|
|rule|Species Clause: Limit one of each Pokémon
|rule|Item Clause: Limit 1 of each item
|clearpoke
|poke|p1|Gholdengo, L50|
|poke|p1|Incineroar, L50, F|
|poke|p1|Amoonguss, L50, M|
|poke|p1|Garchomp, L50, M|
|poke|p1|Kilowattrel, L50, M|
|poke|p1|Tyranitar, L50, F|
|poke|p2|Sneasler, L50, M|
|poke|p2|Magmar, L50, F|
|poke|p2|Rillaboom, L50, F|
|poke|p2|Espathra, L50, M|
|poke|p2|Kingambit, L50, M|
|poke|p2|Arcanine-Hisui, L50, F|
|teampreview|4
|showteam|p1|Gholdengo||MetalCoat|GoodasGold|MakeItRain,NastyPlot,ShadowBall,Protect||||||50|,,,,,Flying]Incineroar||SafetyGoggles|Intimidate|FakeOut,FlareBlitz,PartingShot,KnockOff|||F|||50|,,,,,Grass]Amoonguss||SitrusBerry|Regenerator|Spore,RagePowder,PollenPuff,Protect|||M|||50|,,,,,Water]Garchomp||LifeOrb|RoughSkin|DragonClaw,StompingTantrum,Earthquake,Protect|||M|||50|,,,,,Fire]Kilowattrel||CovertCloak|Competitive|AirSlash,Tailwind,Thunderbolt,Protect|||M|||50|,,,,,Fairy]Tyranitar||AssaultVest|SandStream|RockSlide,KnockOff,LowKick,TeraBlast|||F|||50|,,,,,Flying
|showteam|p2|Sneasler||FocusSash|Unburden|FakeOut,CloseCombat,DireClaw,Coaching|||M|||50|,,,,,Ghost]Magmar||Eviolite|VitalSpirit|FollowMe,HeatWave,Taunt,Protect|||F|||50|,,,,,Dragon]Rillaboom||AssaultVest|GrassySurge|FakeOut,WoodHammer,GrassyGlide,HighHorsepower|||F|||50|,,,,,Fire]Espathra||GrassySeed|SpeedBoost|StoredPower,TeraBlast,CalmMind,Protect|||M|||50|,,,,,Fighting]Kingambit||SafetyGoggles|Defiant|KowtowCleave,SuckerPunch,SwordsDance,Protect|||M|||50|,,,,,Dark]Arcanine-Hisui||LoadedDice|Intimidate|FlareBlitz,RockBlast,ExtremeSpeed,Protect|||F|||50|,,,,,Ghost
|inactive|Battle timer is ON: inactive players will automatically lose when time's up. (requested by Alecat)
|
|t:|1757762088
|teamsize|p1|4
|teamsize|p2|4
|start
|switch|p1a: Tyranitar|Tyranitar, L50, F|100/100
|switch|p1b: Gholdengo|Gholdengo, L50|100/100
|switch|p2a: Magmar|Magmar, L50, F|100/100
|switch|p2b: Espathra|Espathra, L50, M, shiny|100/100
|-weather|Sandstorm|[from] ability: Sand Stream|[of] p1a: Tyranitar
|turn|1
|
|t:|1757762104
|move|p2b: Espathra|Protect|p2b: Espathra
|-singleturn|p2b: Espathra|Protect
|move|p2a: Magmar|Heat Wave|p1a: Tyranitar|[spread] p1a,p1b
|-resisted|p1a: Tyranitar
|-supereffective|p1b: Gholdengo
|-damage|p1a: Tyranitar|96/100
|-damage|p1b: Gholdengo|46/100
|move|p1b: Gholdengo|Shadow Ball|p2b: Espathra
|-activate|p2b: Espathra|move: Protect
|move|p1a: Tyranitar|Rock Slide|p2a: Magmar|[spread] p2a
|-activate|p2b: Espathra|move: Protect
|-supereffective|p2a: Magmar
|-damage|p2a: Magmar|38/100
|
|-weather|Sandstorm|[upkeep]
|-damage|p2a: Magmar|32/100|[from] Sandstorm
|-damage|p2b: Espathra|94/100|[from] Sandstorm
|-ability|p2b: Espathra|Speed Boost|boost
|-boost|p2b: Espathra|spe|1
|upkeep
|turn|2
|
|t:|1757762128
|switch|p2b: Kingambit|Kingambit, L50, M|100/100
|move|p1b: Gholdengo|Protect|p1b: Gholdengo
|-singleturn|p1b: Gholdengo|Protect
|move|p2a: Magmar|Heat Wave|p1a: Tyranitar|[spread] p1a
|-activate|p1b: Gholdengo|move: Protect
|-resisted|p1a: Tyranitar
|-damage|p1a: Tyranitar|92/100
|move|p1a: Tyranitar|Rock Slide|p2a: Magmar|[spread] p2a
|-miss|p1a: Tyranitar|p2b: Kingambit
|-supereffective|p2a: Magmar
|-damage|p2a: Magmar|0 fnt
|faint|p2a: Magmar
|
|-weather|Sandstorm|[upkeep]
|upkeep
|
|t:|1757762146
|switch|p2a: Rillaboom|Rillaboom, L50, F|100/100
|-fieldstart|move: Grassy Terrain|[from] ability: Grassy Surge|[of] p2a: Rillaboom
|turn|3
|inactive|priviteran has 30 seconds left.
|
|t:|1757762175
|switch|p1b: Incineroar|Incineroar, L50, F|100/100
|-ability|p1b: Incineroar|Intimidate|boost
|-unboost|p2a: Rillaboom|atk|1
|-unboost|p2b: Kingambit|atk|1
|-ability|p2b: Kingambit|Defiant|boost
|-boost|p2b: Kingambit|atk|2
|switch|p1a: Amoonguss|Amoonguss, L50, M|100/100
|move|p2a: Rillaboom|Fake Out|p1a: Amoonguss
|-damage|p1a: Amoonguss|92/100
|move|p2b: Kingambit|Swords Dance|p2b: Kingambit
|-boost|p2b: Kingambit|atk|2
|
|-weather|Sandstorm|[upkeep]
|-damage|p2a: Rillaboom|95/100|[from] Sandstorm
|-damage|p1a: Amoonguss|86/100|[from] Sandstorm
|-heal|p2a: Rillaboom|100/100|[from] Grassy Terrain
|-heal|p1a: Amoonguss|92/100|[from] Grassy Terrain
|upkeep
|turn|4
|
|t:|1757762198
|switch|p2a: Espathra|Espathra, L50, M, shiny|94/100
|-enditem|p2a: Espathra|Grassy Seed
|-boost|p2a: Espathra|def|1|[from] item: Grassy Seed
|move|p2b: Kingambit|Protect|p2b: Kingambit
|-singleturn|p2b: Kingambit|Protect
|move|p1b: Incineroar|Flare Blitz|p2a: Espathra
|-damage|p2a: Espathra|51/100
|-damage|p1b: Incineroar|86/100|[from] Recoil
|move|p1a: Amoonguss|Spore|p2b: Kingambit
|-activate|p2b: Kingambit|move: Protect
|
|-weather|Sandstorm|[upkeep]
|-damage|p2a: Espathra|45/100|[from] Sandstorm
|-damage|p1a: Amoonguss|86/100|[from] Sandstorm
|-heal|p2a: Espathra|51/100|[from] Grassy Terrain
|-heal|p1b: Incineroar|92/100|[from] Grassy Terrain
|-heal|p1a: Amoonguss|92/100|[from] Grassy Terrain
|upkeep
|turn|5
|
|t:|1757762221
|-terastallize|p2b: Kingambit|Dark
|move|p2a: Espathra|Protect|p2a: Espathra
|-singleturn|p2a: Espathra|Protect
|move|p1b: Incineroar|Knock Off|p2a: Espathra
|-activate|p2a: Espathra|move: Protect
|move|p2b: Kingambit|Kowtow Cleave|p1b: Incineroar
|-resisted|p1b: Incineroar
|-damage|p1b: Incineroar|13/100
|move|p1a: Amoonguss|Spore|p2b: Kingambit
|-activate|p2b: Kingambit|item: Safety Goggles|Spore
|
|-weather|none
|-heal|p2a: Espathra|57/100|[from] Grassy Terrain
|-heal|p1b: Incineroar|19/100|[from] Grassy Terrain
|-heal|p1a: Amoonguss|98/100|[from] Grassy Terrain
|-ability|p2a: Espathra|Speed Boost|boost
|-boost|p2a: Espathra|spe|1
|upkeep
|turn|6
|
|t:|1757762237
|switch|p1b: Tyranitar|Tyranitar, L50, F|92/100
|-weather|Sandstorm|[from] ability: Sand Stream|[of] p1b: Tyranitar
|move|p2b: Kingambit|Sucker Punch||[still]
|-fail|p2b: Kingambit
|move|p2a: Espathra|Stored Power|p1a: Amoonguss
|-supereffective|p1a: Amoonguss
|-damage|p1a: Amoonguss|63/100
|move|p1a: Amoonguss|Pollen Puff|p2b: Kingambit
|-supereffective|p2b: Kingambit
|-damage|p2b: Kingambit|67/100
|
|-weather|Sandstorm|[upkeep]
|-damage|p2a: Espathra|51/100|[from] Sandstorm
|-damage|p1a: Amoonguss|57/100|[from] Sandstorm
|-heal|p2a: Espathra|57/100|[from] Grassy Terrain
|-heal|p1b: Tyranitar|98/100|[from] Grassy Terrain
|-heal|p2b: Kingambit|72/100|[from] Grassy Terrain
|-heal|p1a: Amoonguss|63/100|[from] Grassy Terrain
|-ability|p2a: Espathra|Speed Boost|boost
|-boost|p2a: Espathra|spe|1
|upkeep
|turn|7
|inactive|priviteran has 30 seconds left.
|inactive|Alecat has 30 seconds left.
|inactive|priviteran has 20 seconds left.
|inactive|priviteran has 15 seconds left.
|
|t:|1757762281
|-terastallize|p1b: Tyranitar|Flying
|move|p1a: Amoonguss|Rage Powder|p1a: Amoonguss
|-singleturn|p1a: Amoonguss|move: Rage Powder
|move|p2a: Espathra|Calm Mind|p2a: Espathra
|-boost|p2a: Espathra|spa|1
|-boost|p2a: Espathra|spd|1
|move|p1b: Tyranitar|Knock Off|p2a: Espathra
|-supereffective|p2a: Espathra
|-damage|p2a: Espathra|3/100
|move|p2b: Kingambit|Kowtow Cleave|p1a: Amoonguss
|-damage|p1a: Amoonguss|0 fnt
|faint|p1a: Amoonguss
|
|-weather|Sandstorm|[upkeep]
|-damage|p2a: Espathra|0 fnt|[from] Sandstorm
|-damage|p1b: Tyranitar|92/100|[from] Sandstorm
|faint|p2a: Espathra
|-heal|p2b: Kingambit|78/100|[from] Grassy Terrain
|-fieldend|move: Grassy Terrain
|upkeep
|
|t:|1757762296
|switch|p2a: Rillaboom|Rillaboom, L50, F|100/100
|switch|p1a: Incineroar|Incineroar, L50, F|19/100
|-fieldstart|move: Grassy Terrain|[from] ability: Grassy Surge|[of] p2a: Rillaboom
|-ability|p1a: Incineroar|Intimidate|boost
|-unboost|p2a: Rillaboom|atk|1
|-unboost|p2b: Kingambit|atk|1
|-ability|p2b: Kingambit|Defiant|boost
|-boost|p2b: Kingambit|atk|2
|turn|8
|
|t:|1757762312
|move|p2a: Rillaboom|Fake Out|p1b: Tyranitar
|-damage|p1b: Tyranitar|84/100
|move|p1a: Incineroar|Fake Out|p2b: Kingambit
|-damage|p2b: Kingambit|70/100
|cant|p1b: Tyranitar|flinch
|cant|p2b: Kingambit|flinch
|
|-weather|Sandstorm|[upkeep]
|-damage|p2a: Rillaboom|95/100|[from] Sandstorm
|-damage|p1b: Tyranitar|79/100|[from] Sandstorm
|-heal|p2a: Rillaboom|100/100|[from] Grassy Terrain
|-heal|p1a: Incineroar|25/100|[from] Grassy Terrain
|-heal|p2b: Kingambit|75/100|[from] Grassy Terrain
|upkeep
|turn|9
|inactive|priviteran has 30 seconds left.
|inactive|priviteran has 20 seconds left.
|
|t:|1757762347
|move|p2a: Rillaboom|High Horsepower|p1a: Incineroar
|-supereffective|p1a: Incineroar
|-damage|p1a: Incineroar|0 fnt
|faint|p1a: Incineroar
|move|p1b: Tyranitar|Low Kick|p2b: Kingambit
|-supereffective|p2b: Kingambit
|-damage|p2b: Kingambit|27/100
|move|p2b: Kingambit|Kowtow Cleave|p1b: Tyranitar
|-damage|p1b: Tyranitar|0 fnt
|faint|p1b: Tyranitar
|
|-weather|Sandstorm|[upkeep]
|-damage|p2a: Rillaboom|95/100|[from] Sandstorm
|-heal|p2a: Rillaboom|100/100|[from] Grassy Terrain
|-heal|p2b: Kingambit|33/100|[from] Grassy Terrain
|upkeep
|
|t:|1757762351
|switch|p1b: Gholdengo|Gholdengo, L50|46/100
|turn|10
|
|t:|1757762364
|move|p1b: Gholdengo|Protect|p1b: Gholdengo
|-singleturn|p1b: Gholdengo|Protect
|move|p2b: Kingambit|Sucker Punch||[still]
|-fail|p2b: Kingambit
|move|p2a: Rillaboom|High Horsepower|p1b: Gholdengo
|-activate|p1b: Gholdengo|move: Protect
|
|-weather|none
|-heal|p1b: Gholdengo|52/100|[from] Grassy Terrain
|-heal|p2b: Kingambit|39/100|[from] Grassy Terrain
|upkeep
|turn|11
|
|t:|1757762370
|move|p2b: Kingambit|Sucker Punch||[still]
|-fail|p2b: Kingambit
|move|p1b: Gholdengo|Nasty Plot|p1b: Gholdengo
|-boost|p1b: Gholdengo|spa|2
|move|p2a: Rillaboom|High Horsepower|p1b: Gholdengo
|-supereffective|p1b: Gholdengo
|-damage|p1b: Gholdengo|4/100
|
|-heal|p1b: Gholdengo|10/100|[from] Grassy Terrain
|-heal|p2b: Kingambit|44/100|[from] Grassy Terrain
|upkeep
|turn|12
|
|t:|1757762382
|move|p2a: Rillaboom|Grassy Glide|p1b: Gholdengo
|-resisted|p1b: Gholdengo
|-damage|p1b: Gholdengo|0 fnt
|faint|p1b: Gholdengo
|
|win|Alecat
|raw|priviteran's rating: 1076 → 1052(-24 for losing)
|raw|Alecat's rating: 1040 → 1078(+38 for winning)
|l|☆priviteran
|player|p1|
