|j|☆superboy245
|j|☆maintanksux
|html|superboy245maintanksux    
|uhtml|bestof|Game 1 of a best-of-3
|t:|1782257543
|gametype|doubles
|player|p1|superboy245|buck|1088
|player|p2|maintanksux|170|1172
|gen|9
|tier|[Gen 9 Champions] VGC 2026 Reg M-B (Bo3)
|rated|
|rule|Species Clause: Limit one of each Pokémon
|rule|Item Clause: Limit 1 of each item
|clearpoke
|poke|p1|Raichu, L50, M|
|poke|p1|Whimsicott, L50, F|
|poke|p1|Ninetales-Alola, L50, F|
|poke|p1|Scrafty, L50, M|
|poke|p1|Gholdengo, L50|
|poke|p1|Gliscor, L50, M|
|poke|p2|Staraptor, L50, F|
|poke|p2|Whimsicott, L50, F|
|poke|p2|Grimmsnarl, L50, M|
|poke|p2|Farigiraf, L50, M|
|poke|p2|Zoroark-Hisui, L50, M|
|poke|p2|Kingambit, L50, F|
|teampreview|4
|showteam|p1|Raichu||RaichuniteX|LightningRod|FakeOut,AlluringVoice,RisingVoltage,Protect|Timid||M|||50|]Whimsicott||CobaBerry|Prankster|Moonblast,Tailwind,Encore,Protect|Bold||F|||50|]Ninetales-Alola||FocusSash|SnowWarning|Blizzard,AuroraVeil,Moonblast,Protect|Timid||F|||50|]Scrafty||Scraftinite|Intimidate|FakeOut,KnockOff,CloseCombat,Protect|Adamant||M|||50|]Gholdengo||LifeOrb|GoodasGold|MakeItRain,ShadowBall,NastyPlot,Protect|Timid|||||50|]Gliscor||Leftovers|HyperCutter|Tailwind,BreakingSwipe,HighHorsepower,Protect|Jolly||M|||50|
|showteam|p2|Staraptor||Staraptite|Intimidate|CloseCombat,Roost,BraveBird,Protect|Adamant||F|||50|]Whimsicott||FocusSash|Prankster|Charm,Moonblast,Tailwind,Protect|Bold||F|||50|]Grimmsnarl||LightClay|Prankster|LightScreen,Reflect,PartingShot,SpiritBreak|Careful||M|||50|]Farigiraf||SitrusBerry|ArmorTail|HelpingHand,Protect,Psychic,HyperVoice|Calm||M|||50|]Zoroark-Hisui||ChoiceScarf|Illusion|ShadowBall,Psychic,IcyWind,HyperVoice|Timid||M|||50|]Kingambit||BlackGlasses|Defiant|SuckerPunch,KowtowCleave,IronHead,Protect|Adamant||F|||50|
|inactive|Battle timer is ON: inactive players will automatically lose when time's up. (requested by maintanksux)
|
|t:|1782257662
|teamsize|p1|4
|teamsize|p2|4
|start
|switch|p1a: Whimsicott|Whimsicott, L50, F|100/100
|switch|p1b: Raichu|Raichu, L50, M|100/100
|switch|p2a: Hali|Whimsicott, L50, F|100/100
|switch|p2b: Nesmith|Kingambit, L50, F|100/100
|turn|1
|inactive|superboy245 has 30 seconds left.
|inactive|maintanksux has 30 seconds left.
|inactive|maintanksux has 20 seconds left.
|
|t:|1782257698
|detailschange|p1b: Raichu|Raichu-Mega-X, L50, M
|-mega|p1b: Raichu|Raichu|Raichunite X
|-fieldstart|move: Electric Terrain|[from] ability: Electric Surge|[of] p1b: Raichu
|move|p1b: Raichu|Fake Out|p2a: Hali
|-immune|p2a: Hali
|move|p1a: Whimsicott|Tailwind|p1a: Whimsicott
|-sidestart|p1: superboy245|move: Tailwind
|move|p2a: Hali|Hyper Voice|p1a: Whimsicott|[spread] p1a,p1b
|-damage|p1a: Whimsicott|53/100
|-damage|p1b: Raichu|54/100
|move|p2b: Nesmith|Iron Head|p1a: Whimsicott
|-supereffective|p1a: Whimsicott|1
|-damage|p1a: Whimsicott|0 fnt
|faint|p1a: Whimsicott
|
|upkeep
|
|t:|1782257718
|switch|p1a: Scrafty|Scrafty, L50, M|100/100
|-ability|p1a: Scrafty|Intimidate|boost
|-unboost|p2a: Hali|atk|1
|-unboost|p2b: Nesmith|atk|1
|-ability|p2b: Nesmith|Defiant|boost
|-boost|p2b: Nesmith|atk|2
|turn|2
|inactive|maintanksux has 30 seconds left.
|inactive|maintanksux has 20 seconds left.
|inactive|maintanksux has 15 seconds left.
|inactive|maintanksux has 10 seconds left.
|
|t:|1782257764
|switch|p1b: Gholdengo|Gholdengo, L50|100/100
|move|p2a: Hali|Hyper Voice|p1b: Gholdengo|[spread] p1a
|-immune|p1b: Gholdengo
|-damage|p1a: Scrafty|70/100
|move|p1a: Scrafty|Knock Off|p2a: Hali
|-supereffective|p2a: Hali|1
|-damage|p2a: Hali|0 fnt
|replace|p2a: McConnell|Zoroark-Hisui, L50, M
|-end|p2a: McConnell|Illusion
|-enditem|p2a: McConnell|Choice Scarf|[from] move: Knock Off|[of] p1a: Scrafty
|faint|p2a: McConnell
|move|p2b: Nesmith|Kowtow Cleave|p1b: Gholdengo
|-supereffective|p1b: Gholdengo|1
|-damage|p1b: Gholdengo|0 fnt
|faint|p1b: Gholdengo
|
|upkeep
|
|t:|1782257781
|switch|p2a: Siakam|Staraptor, L50, F|100/100
|switch|p1b: Raichu|Raichu-Mega-X, L50, M|54/100
|-ability|p2a: Siakam|Intimidate|boost
|-unboost|p1a: Scrafty|atk|1
|-unboost|p1b: Raichu|atk|1
|turn|3
|inactive|maintanksux has 30 seconds left.
|
|t:|1782257813
|detailschange|p2a: Siakam|Staraptor-Mega, L50, F
|-mega|p2a: Siakam|Staraptor|Staraptite
|move|p2a: Siakam|Protect|p2a: Siakam
|-singleturn|p2a: Siakam|Protect
|move|p1b: Raichu|Fake Out|p2a: Siakam
|-activate|p2a: Siakam|move: Protect
|move|p1a: Scrafty|Close Combat|p2b: Nesmith
|-supereffective|p2b: Nesmith|2
|-damage|p2b: Nesmith|0 fnt
|-unboost|p1a: Scrafty|def|1
|-unboost|p1a: Scrafty|spd|1
|faint|p2b: Nesmith
|
|upkeep
|
|t:|1782257821
|switch|p2b: Hali|Whimsicott, L50, F|100/100
|turn|4
|
|t:|1782257839
|move|p2a: Siakam|Protect|p2a: Siakam
|-singleturn|p2a: Siakam|Protect
|move|p1b: Raichu|Rising Voltage|p2a: Siakam
|-activate|p2a: Siakam|move: Protect
|move|p1a: Scrafty|Knock Off|p2b: Hali
|-resisted|p2b: Hali|1
|-damage|p2b: Hali|87/100
|-enditem|p2b: Hali|Focus Sash|[from] move: Knock Off|[of] p1a: Scrafty
|move|p2b: Hali|Moonblast|p1a: Scrafty
|-supereffective|p1a: Scrafty|2
|-damage|p1a: Scrafty|0 fnt
|faint|p1a: Scrafty
|
|-sideend|p1: superboy245|move: Tailwind
|upkeep
|turn|5
|
|t:|1782257855
|move|p2b: Hali|Tailwind|p2b: Hali
|-sidestart|p2: maintanksux|move: Tailwind
|move|p2a: Siakam|Close Combat|p1b: Raichu
|-damage|p1b: Raichu|0 fnt
|-boost|p2a: Siakam|def|1
|-boost|p2a: Siakam|spd|1
|faint|p1b: Raichu
|
|win|maintanksux
||maintanksux is ready for game 2.
||superboy245 is ready for game 2.
|uhtml|next|Next: Game 2 of 3
|l|☆maintanksux
|player|p2|
