|j|☆Newtry lesgo
|j|☆monsoonisbest
|html|Newtry lesgomonsoonisbest    
|uhtml|bestof|Game 3 of a best-of-3
|t:|1785002154
|gametype|doubles
|player|p1|Newtry lesgo|iris-gen5bw2|1081
|player|p2|monsoonisbest|170|1201
|gen|9
|tier|[Gen 9 Champions] VGC 2026 Reg M-B (Bo3)
|rated|
|rule|Species Clause: Limit one of each Pokémon
|rule|Item Clause: Limit 1 of each item
|clearpoke
|poke|p1|Whimsicott, L50, M|
|poke|p1|Ceruledge, L50, F|
|poke|p1|Charizard, L50, M|
|poke|p1|Mawile, L50, F|
|poke|p1|Farigiraf, L50, F|
|poke|p1|Scrafty, L50, F|
|poke|p2|Gengar, L50, F|
|poke|p2|Swampert, L50, F|
|poke|p2|Incineroar, L50, F|
|poke|p2|Politoed, L50, M|
|poke|p2|Archaludon, L50, F|
|poke|p2|Vivillon-Monsoon, L50, F|
|teampreview|4
|showteam|p1|Whimsicott||FocusSash|Prankster|Tailwind,Moonblast,SunnyDay,Encore|Timid||M|||50|]Ceruledge||ChoiceScarf|FlashFire|FlareBlitz,Poltergeist,CloseCombat,ShadowSneak|Jolly||F|||50|]Charizard||CharizarditeY|SolarPower|HeatWave,SolarBeam,AirSlash,Protect|Modest||M|||50|]Mawile||Mawilite|HyperCutter|IronHead,PlayRough,RockSlide,Protect|Jolly||F|||50|]Farigiraf||SitrusBerry|ArmorTail|Thunderbolt,HyperVoice,TrickRoom,NastyPlot|Bold||F|||50|]Scrafty||Leftovers|Intimidate|FakeOut,KnockOff,LowKick,Coaching|Impish||F|||50|
|showteam|p2|Gengar||Gengarite|CursedBody|ShadowBall,PerishSong,SludgeBomb,Protect|Timid||F|||50|]Swampert||Swampertite|Damp|WaveCrash,Earthquake,IcePunch,Protect|Adamant||F|||50|]Incineroar||PasshoBerry|Intimidate|ThroatChop,PartingShot,FakeOut,Protect|Sassy||F|||50|]Politoed||SitrusBerry|Drizzle|WeatherBall,PerishSong,Encore,Protect|Calm||M|||50|]Archaludon||Leftovers|Stamina|DragonPulse,FlashCannon,ElectroShot,Protect|Bold||F|||50|]Vivillon-Monsoon||FocusSash|CompoundEyes|Hurricane,SleepPowder,RagePowder,Protect|Timid||F|||50|
|
|t:|1785002182
|teamsize|p1|4
|teamsize|p2|4
|start
|switch|p1a: Farigiraf|Farigiraf, L50, F|100/100
|switch|p1b: Scrafty|Scrafty, L50, F|100/100
|switch|p2a: Incineroar|Incineroar, L50, F|100/100
|switch|p2b: Archaludon|Archaludon, L50, F|100/100
|-ability|p1b: Scrafty|Intimidate|boost
|-unboost|p2a: Incineroar|atk|1
|-unboost|p2b: Archaludon|atk|1
|-ability|p2a: Incineroar|Intimidate|boost
|-unboost|p1a: Farigiraf|atk|1
|-unboost|p1b: Scrafty|atk|1
|turn|1
|
|t:|1785002204
|switch|p1a: Mawile|Mawile, L50, F|100/100
|move|p2b: Archaludon|Dragon Pulse|p1a: Mawile
|-immune|p1a: Mawile
|move|p1b: Scrafty|Coaching|p1a: Mawile
|-boost|p1a: Mawile|atk|1
|-boost|p1a: Mawile|def|1
|move|p2a: Incineroar|Throat Chop|p1a: Mawile
|-resisted|p1a: Mawile|1
|-damage|p1a: Mawile|88/100
|-start|p1a: Mawile|Throat Chop|[silent]
|
|upkeep
|turn|2
|
|t:|1785002225
|move|p1a: Mawile|Protect|p1a: Mawile
|-singleturn|p1a: Mawile|Protect
|move|p2b: Archaludon|Electro Shot||[still]
|-prepare|p2b: Archaludon|Electro Shot
|-boost|p2b: Archaludon|spa|1
|move|p1b: Scrafty|Coaching|p1a: Mawile
|-boost|p1a: Mawile|atk|1
|-boost|p1a: Mawile|def|1
|move|p2a: Incineroar|Parting Shot|p1a: Mawile
|-activate|p1a: Mawile|move: Protect
|
|-end|p1a: Mawile|Throat Chop|[silent]
|upkeep
|turn|3
|
|t:|1785002245
|switch|p1b: Whimsicott|Whimsicott, L50, M|100/100
|detailschange|p1a: Mawile|Mawile-Mega, L50, F
|-mega|p1a: Mawile|Mawile|Mawilite
|move|p1a: Mawile|Play Rough|p2a: Incineroar
|-damage|p2a: Incineroar|0 fnt
|faint|p2a: Incineroar
|move|p2b: Archaludon|Electro Shot|p1a: Mawile|[from] lockedmove
|-damage|p1a: Mawile|11/100
|
|upkeep
|
|t:|1785002285
|switch|p2a: Politoed|Politoed, L50, M|100/100
|-weather|RainDance|[from] ability: Drizzle|[of] p2a: Politoed
|turn|4
|
|t:|1785002298
|move|p1a: Mawile|Protect|p1a: Mawile
|-singleturn|p1a: Mawile|Protect
|move|p1b: Whimsicott|Encore|p2b: Archaludon
|-start|p2b: Archaludon|Encore
|move|p2b: Archaludon|Electro Shot||[still]
|-prepare|p2b: Archaludon|Electro Shot
|-boost|p2b: Archaludon|spa|1
|-anim|p2b: Archaludon|Electro Shot|p1b: Whimsicott
|-resisted|p1b: Whimsicott|1
|-damage|p1b: Whimsicott|43/100
|move|p2a: Politoed|Weather Ball|p1a: Mawile
|-activate|p1a: Mawile|move: Protect
|
|-weather|RainDance|[upkeep]
|upkeep
|turn|5
|
|t:|1785002311
|move|p1b: Whimsicott|Sunny Day|p1b: Whimsicott
|-weather|SunnyDay
|move|p1a: Mawile|Play Rough|p2a: Politoed
|-damage|p2a: Politoed|0 fnt
|faint|p2a: Politoed
|move|p2b: Archaludon|Electro Shot||[still]
|-prepare|p2b: Archaludon|Electro Shot
|-boost|p2b: Archaludon|spa|1
|
|-weather|SunnyDay|[upkeep]
|upkeep
|
|t:|1785002317
|switch|p2a: Swampert|Swampert, L50, F|100/100
|turn|6
|
|t:|1785002329
|detailschange|p2a: Swampert|Swampert-Mega, L50, F
|-mega|p2a: Swampert|Swampert|Swampertite
|move|p1b: Whimsicott|Moonblast|p2a: Swampert
|-damage|p2a: Swampert|69/100
|-unboost|p2a: Swampert|spa|1
|move|p2a: Swampert|Ice Punch|p1b: Whimsicott
|-supereffective|p1b: Whimsicott|1
|-damage|p1b: Whimsicott|0 fnt
|faint|p1b: Whimsicott
|move|p1a: Mawile|Play Rough|p2b: Archaludon|[miss]
|-miss|p1a: Mawile|p2b: Archaludon
|move|p2b: Archaludon|Electro Shot|p1a: Mawile|[from] lockedmove
|-damage|p1a: Mawile|0 fnt
|faint|p1a: Mawile
|
|-weather|SunnyDay|[upkeep]
|-end|p2b: Archaludon|Encore
|upkeep
|
|t:|1785002334
|switch|p1b: Scrafty|Scrafty, L50, F|100/100
|switch|p1a: Farigiraf|Farigiraf, L50, F|100/100
|-ability|p1b: Scrafty|Intimidate|boost
|-unboost|p2a: Swampert|atk|1
|-unboost|p2b: Archaludon|atk|1
|turn|7
|
|t:|1785002350
|move|p1b: Scrafty|Fake Out|p2b: Archaludon
|-resisted|p2b: Archaludon|1
|-damage|p2b: Archaludon|97/100
|-ability|p2b: Archaludon|Stamina|boost
|-boost|p2b: Archaludon|def|1
|move|p2a: Swampert|Wave Crash|p1b: Scrafty
|-damage|p1b: Scrafty|80/100
|-damage|p2a: Swampert|63/100|[from] Recoil
|cant|p2b: Archaludon|flinch
|move|p1a: Farigiraf|Nasty Plot|p1a: Farigiraf
|-boost|p1a: Farigiraf|spa|2
|
|-weather|SunnyDay|[upkeep]
|-heal|p2b: Archaludon|100/100|[from] item: Leftovers
|-heal|p1b: Scrafty|86/100|[from] item: Leftovers
|upkeep
|turn|8
|
|t:|1785002370
|move|p2a: Swampert|Earthquake|p1a: Farigiraf|[spread] p2b,p1a,p1b
|-supereffective|p2b: Archaludon|1
|-crit|p2b: Archaludon
|-damage|p2b: Archaludon|11/100
|-damage|p1a: Farigiraf|75/100
|-damage|p1b: Scrafty|61/100
|-ability|p2b: Archaludon|Stamina|boost
|-boost|p2b: Archaludon|def|1
|move|p2b: Archaludon|Dragon Pulse|p1a: Farigiraf
|-damage|p1a: Farigiraf|0 fnt
|faint|p1a: Farigiraf
|move|p1b: Scrafty|Knock Off|p2b: Archaludon
|-damage|p2b: Archaludon|1/100
|-ability|p2b: Archaludon|Stamina|boost
|-boost|p2b: Archaludon|def|1
|-enditem|p2b: Archaludon|Leftovers|[from] move: Knock Off|[of] p1b: Scrafty
|
|-weather|SunnyDay|[upkeep]
|-heal|p1b: Scrafty|67/100|[from] item: Leftovers
|upkeep
|turn|9
|-message|Newtry lesgo forfeited.
|
|win|monsoonisbest
|raw|Newtry lesgo's rating: 1081 → 1066(-15 for losing)
|raw|monsoonisbest's rating: 1201 → 1218(+17 for winning)
