|j|☆TimidThunderWave
|j|☆Hackervgc
|html|TimidThunderWaveHackervgc    
|uhtml|bestof|Game 2 of a best-of-3
|t:|1756579286
|gametype|doubles
|player|p1|TimidThunderWave|psychicf|
|player|p2|Hackervgc|gentleman-gen4|
|gen|9
|tier|[Gen 9] VGC 2025 Reg H (Bo3)
|rule|Species Clause: Limit one of each Pokémon
|rule|Item Clause: Limit 1 of each item
|clearpoke
|poke|p1|Talonflame, L50, F|
|poke|p1|Baxcalibur, L50, M|
|poke|p1|Sneasler, L50, F|
|poke|p1|Gholdengo, L50|
|poke|p1|Dondozo, L50, F|
|poke|p1|Tatsugiri, L50, F|
|poke|p2|Kingambit, L50, F|
|poke|p2|Magmar, L50, M|
|poke|p2|Dragonite, L50, M|
|poke|p2|Sneasler, L50, M|
|poke|p2|Ursaluna-Bloodmoon, L50, M|
|poke|p2|Farigiraf, L50, M|
|teampreview|4
|showteam|p1|Talonflame||CovertCloak|FlameBody|DualWingbeat,Tailwind,FlareBlitz,WillOWisp|||F|||50|,,,,,Grass]Baxcalibur||LoadedDice|ThermalExchange|IcicleSpear,ScaleShot,IceShard,Protect|||M|||50|,,,,,Ghost]Sneasler||FocusSash|Unburden|CloseCombat,DireClaw,Taunt,Protect|||F|||50|,,,,,Ghost]Gholdengo||ChoiceSpecs|GoodasGold|MakeItRain,ShadowBall,TeraBlast,Trick||||||50|,,,,,Fighting]Dondozo||Leftovers|Unaware|WaveCrash,OrderUp,Earthquake,Protect|||F|||50|,,,,,Grass]Tatsugiri||ChoiceScarf|Commander|MuddyWater,DracoMeteor,IcyWind,DragonPulse|||F|||50|,,,,,Steel
|showteam|p2|Kingambit||AssaultVest|Defiant|KowtowCleave,SuckerPunch,LowKick,TeraBlast|||F|||50|,,,,,Flying]Magmar||Eviolite|VitalSpirit|FollowMe,Protect,Flamethrower,WillOWisp|||M|||50|,,,,,Grass]Dragonite||LoadedDice|Multiscale|ScaleShot,Protect,Haze,Tailwind|||M|||50|,,,,,Fairy]Sneasler||FocusSash|Unburden|ThroatChop,DireClaw,CloseCombat,Protect|||M|||50|,,,,,Stellar]Ursaluna-Bloodmoon||LifeOrb|MindsEye|BloodMoon,Protect,EarthPower,HyperVoice|||M|||50|,,,,,Normal]Farigiraf||SitrusBerry|ArmorTail|TrickRoom,HelpingHand,Psychic,Protect|||M|||50|,,,,,Water
|j| is_katabo
|inactive|Battle timer is ON: inactive players will automatically lose when time's up. (requested by TimidThunderWave)
|j| Lycopoky
|j| jayoticnl
|inactive|Hackervgc has 60 seconds left.
|
|t:|1756579318
|teamsize|p1|4
|teamsize|p2|4
|start
|switch|p1a: D&D Rogue|Sneasler, L50, F|100/100
|switch|p1b: Talonflame|Talonflame, L50, F|100/100
|switch|p2a: Farigiraf|Farigiraf, L50, M|100/100
|switch|p2b: Magmar|Magmar, L50, M|100/100
|turn|1
|
|t:|1756579335
|move|p2b: Magmar|Follow Me|p2b: Magmar
|-singleturn|p2b: Magmar|move: Follow Me
|move|p1b: Talonflame|Flare Blitz|p2b: Magmar
|-resisted|p2b: Magmar
|-crit|p2b: Magmar
|-damage|p2b: Magmar|73/100
|-damage|p1b: Talonflame|90/100|[from] Recoil
|move|p1a: D&D Rogue|Taunt|p2b: Magmar
|-start|p2b: Magmar|move: Taunt
|move|p2a: Farigiraf|Trick Room|p2a: Farigiraf
|-fieldstart|move: Trick Room|[of] p2a: Farigiraf
|
|upkeep
|turn|2
|inactive|Hackervgc has 30 seconds left.
|
|t:|1756579364
|move|p2a: Farigiraf|Psychic|p1a: D&D Rogue
|-supereffective|p1a: D&D Rogue
|-enditem|p1a: D&D Rogue|Focus Sash
|-damage|p1a: D&D Rogue|1/100
|move|p2b: Magmar|Flamethrower|p1a: D&D Rogue
|-damage|p1a: D&D Rogue|0 fnt
|faint|p1a: D&D Rogue
|move|p1b: Talonflame|Flare Blitz|p2b: Magmar
|-resisted|p2b: Magmar
|-crit|p2b: Magmar
|-damage|p2b: Magmar|47/100
|-damage|p1b: Talonflame|80/100|[from] Recoil
|
|upkeep
|
|t:|1756579370
|switch|p1a: Larry|Dondozo, L50, F|100/100
|turn|3
|c|☆Hackervgc|waht rthe hell
|inactive|Hackervgc has 30 seconds left.
|
|t:|1756579398
|switch|p2b: Kingambit|Kingambit, L50, F|100/100
|move|p2a: Farigiraf|Psychic|p1b: Talonflame
|-damage|p1b: Talonflame|27/100
|move|p1a: Larry|Wave Crash|p2b: Kingambit
|-damage|p2b: Kingambit|59/100
|-damage|p1a: Larry|88/100|[from] Recoil
|move|p1b: Talonflame|Flare Blitz|p2a: Farigiraf
|-damage|p2a: Farigiraf|62/100
|-damage|p1b: Talonflame|8/100|[from] Recoil
|
|-heal|p1a: Larry|94/100|[from] item: Leftovers
|upkeep
|turn|4
|
|t:|1756579414
|move|p1a: Larry|Protect|p1a: Larry
|-singleturn|p1a: Larry|Protect
|move|p2b: Kingambit|Low Kick|p1a: Larry
|-activate|p1a: Larry|move: Protect
|move|p2a: Farigiraf|Psychic|p1b: Talonflame
|-crit|p1b: Talonflame
|-damage|p1b: Talonflame|0 fnt
|faint|p1b: Talonflame
|
|-heal|p1a: Larry|100/100|[from] item: Leftovers
|upkeep
|
|t:|1756579420
|switch|p1b: Harry|Tatsugiri, L50, F|100/100
|-activate|p1b: Harry|ability: Commander|[of] p1a: Larry
|-boost|p1a: Larry|atk|2
|-boost|p1a: Larry|spa|2
|-boost|p1a: Larry|spe|2
|-boost|p1a: Larry|def|2
|-boost|p1a: Larry|spd|2
|turn|5
|inactive|Hackervgc has 30 seconds left.
|
|t:|1756579446
|move|p2a: Farigiraf|Protect|p2a: Farigiraf
|-singleturn|p2a: Farigiraf|Protect
|move|p2b: Kingambit|Low Kick|p1a: Larry
|-damage|p1a: Larry|85/100
|move|p1a: Larry|Order Up|p2b: Kingambit
|-resisted|p2b: Kingambit
|-damage|p2b: Kingambit|43/100
|-boost|p1a: Larry|atk|1
|
|-heal|p1a: Larry|92/100|[from] item: Leftovers
|-fieldend|move: Trick Room
|upkeep
|turn|6
|
|t:|1756579459
|move|p1a: Larry|Wave Crash|p2a: Farigiraf
|-damage|p2a: Farigiraf|0 fnt
|faint|p2a: Farigiraf
|-damage|p1a: Larry|71/100|[from] Recoil
|move|p2b: Kingambit|Low Kick|p1a: Larry
|-damage|p1a: Larry|55/100
|
|-heal|p1a: Larry|62/100|[from] item: Leftovers
|upkeep
|
|t:|1756579465
|switch|p2a: Ursaluna|Ursaluna-Bloodmoon, L50, M|100/100
|turn|7
|
|t:|1756579474
|-terastallize|p2a: Ursaluna|Normal
|move|p1a: Larry|Protect|p1a: Larry
|-singleturn|p1a: Larry|Protect
|move|p2a: Ursaluna|Hyper Voice|p1a: Larry|[spread] 
|-miss|p2a: Ursaluna|p1b: Harry
|-activate|p1a: Larry|move: Protect
|move|p2b: Kingambit|Low Kick|p1a: Larry
|-activate|p1a: Larry|move: Protect
|
|-heal|p1a: Larry|68/100|[from] item: Leftovers
|upkeep
|turn|8
|
|t:|1756579484
|move|p2b: Kingambit|Sucker Punch|p1a: Larry
|-damage|p1a: Larry|54/100
|move|p1a: Larry|Wave Crash|p2a: Ursaluna
|-damage|p2a: Ursaluna|15/100
|-damage|p1a: Larry|27/100|[from] Recoil
|move|p2a: Ursaluna|Blood Moon|p1a: Larry
|-damage|p1a: Larry|0 fnt
|faint|p1a: Larry
|-damage|p2a: Ursaluna|5/100|[from] item: Life Orb
|
|upkeep
|turn|9
|
|t:|1756579500
|move|p2b: Kingambit|Sucker Punch|p1b: Harry
|-damage|p1b: Harry|31/100
|move|p1b: Harry|Muddy Water|p2a: Ursaluna|[spread] p2a,p2b
|-damage|p2a: Ursaluna|0 fnt
|-damage|p2b: Kingambit|17/100
|faint|p2a: Ursaluna
|
|upkeep
|
|t:|1756579504
|switch|p2a: Magmar|Magmar, L50, M|47/100
|turn|10
|
|t:|1756579509
|move|p2b: Kingambit|Sucker Punch|p1b: Harry
|-damage|p1b: Harry|0 fnt
|faint|p1b: Harry
|
|win|Hackervgc
||Hackervgc is ready for game 3.
||TimidThunderWave is ready for game 3.
|uhtml|next|Next: Game 3 of 3
|l| Lycopoky
|j| AuroraaVGC
|l| AuroraaVGC
|j| Lycopoky
|l| Lycopoky
|l| is_katabo
|l|☆TimidThunderWave
|player|p1|
|l| jayoticnl
