|j|☆NewTrainaOnDaBlock
|j|☆Fervvvvv
|html|NewTrainaOnDaBlockFervvvvv    
|uhtml|bestof|Game 2 of a best-of-3
|t:|1784477872
|gametype|doubles
|player|p1|NewTrainaOnDaBlock|265|
|player|p2|Fervvvvv|bugcatcher-gen4dp|
|gen|9
|tier|[Gen 9 Champions] VGC 2026 Reg M-B (Bo3)
|rule|Species Clause: Limit one of each Pokémon
|rule|Item Clause: Limit 1 of each item
|clearpoke
|poke|p1|Pelipper, L50, M|
|poke|p1|Heracross, L50, F|
|poke|p1|Meowstic, L50, M|
|poke|p1|Florges, L50, F|
|poke|p1|Decidueye-Hisui, L50, F|
|poke|p1|Swampert, L50, M|
|poke|p2|Slowbro, L50, M|
|poke|p2|Hawlucha, L50, F|
|poke|p2|Sinistcha, L50|
|poke|p2|Azumarill, L50, F|
|poke|p2|Meowstic-F, L50, F|
|poke|p2|Vivillon, L50, F|
|teampreview|4
|showteam|p1|Pelipper||SitrusBerry|Drizzle|Hurricane,Tailwind,WeatherBall,Protect|Modest||M|||50|]Heracross||Heracronite|Swarm|BrickBreak,Detect,RockBlast,PinMissile|Adamant||F|||50|]Meowstic||LightClay|Prankster|LightScreen,PsychicNoise,Reflect,TrickRoom|Calm||M|||50|]Florges||Leftovers|FlowerVeil|Moonblast,Trick,DazzlingGleam,PollenPuff|Bold||F|||50|]Decidueye-Hisui||ScopeLens|Scrappy|TripleArrows,Protect,GrassKnot,LeafBlade|Adamant||F|||50|]Swampert||Swampertite|Torrent|Protect,HighHorsepower,IcePunch,WaveCrash|Adamant||M|||50|
|showteam|p2|Slowbro||Slowbronite|Regenerator|NastyPlot,Psychic,BodyPress,Protect|Quiet||M|||50|]Hawlucha||Hawluchanite|Limber|DualWingbeat,CrossChop,SwordsDance,Protect|Adamant||F|||50|]Sinistcha||Leftovers|Hospitality|MatchaGotcha,LifeDew,TrickRoom,Protect|Sassy|||||50|]Azumarill||SitrusBerry|HugePower|BellyDrum,PlayRough,Liquidation,Protect|Adamant||F|||50|]Meowstic-F||LightClay|Infiltrator|Reflect,Thunderbolt,FakeOut,Protect|Timid||F|||50|]Vivillon||FocusSash|FriendGuard|AirSlash,Tailwind,EnergyBall,Protect|Timid||F|||50|
|
|t:|1784478084
|teamsize|p1|4
|teamsize|p2|4
|start
|switch|p1a: Moby Dick|Meowstic, L50, M|100/100
|switch|p1b: Flounder|Heracross, L50, F|100/100
|switch|p2a: Vivillon|Vivillon, L50, F|100/100
|switch|p2b: Meowstic|Meowstic-F, L50, F|100/100
|turn|1
|
|t:|1784478129
|switch|p1b: Flipper|Florges, L50, F|100/100
|move|p2b: Meowstic|Fake Out|p1a: Moby Dick
|-damage|p1a: Moby Dick|95/100
|cant|p1a: Moby Dick|flinch
|move|p2a: Vivillon|Air Slash|p1b: Flipper
|-damage|p1b: Flipper|83/100
|
|-heal|p1b: Flipper|89/100|[from] item: Leftovers
|upkeep
|turn|2
|
|t:|1784478239
|move|p1a: Moby Dick|Light Screen|p1a: Moby Dick
|-sidestart|p1: NewTrainaOnDaBlock|move: Light Screen
|move|p2b: Meowstic|Thunderbolt|p1b: Flipper
|-damage|p1b: Flipper|79/100
|-status|p1b: Flipper|par
|move|p2a: Vivillon|Air Slash|p1b: Flipper
|-damage|p1b: Flipper|68/100 par
|cant|p1b: Flipper|par
|
|-heal|p1b: Flipper|74/100 par|[from] item: Leftovers
|upkeep
|turn|3
|
|t:|1784478382
|move|p2b: Meowstic|Thunderbolt|p1b: Flipper
|-damage|p1b: Flipper|65/100 par
|move|p2a: Vivillon|Air Slash|p1b: Flipper
|-damage|p1b: Flipper|54/100 par
|move|p1a: Moby Dick|Psychic Noise|p2a: Vivillon
|-damage|p2a: Vivillon|57/100
|-start|p2a: Vivillon|move: Heal Block
|move|p1b: Flipper|Dazzling Gleam|p2a: Vivillon|[spread] p2a,p2b
|-damage|p2a: Vivillon|14/100
|-damage|p2b: Meowstic|79/100
|
|-heal|p1b: Flipper|60/100 par|[from] item: Leftovers
|upkeep
|turn|4
|
|t:|1784478430
|move|p1a: Moby Dick|Reflect|p1a: Moby Dick
|-sidestart|p1: NewTrainaOnDaBlock|Reflect
|move|p2b: Meowstic|Thunderbolt|p1b: Flipper
|-damage|p1b: Flipper|50/100g par
|move|p2a: Vivillon|Energy Ball|p1b: Flipper
|-damage|p1b: Flipper|41/100 par
|move|p1b: Flipper|Dazzling Gleam|p2a: Vivillon|[spread] p2a,p2b
|-damage|p2a: Vivillon|0 fnt
|-damage|p2b: Meowstic|56/100
|faint|p2a: Vivillon
|
|-heal|p1b: Flipper|47/100 par|[from] item: Leftovers
|upkeep
|
|t:|1784478483
|switch|p2a: Sinistcha|Sinistcha, L50|100/100
|-heal|p2b: Meowstic|81/100|[from] ability: Hospitality|[of] p2a: Sinistcha
|turn|5
|
|t:|1784478533
|move|p2b: Meowstic|Protect|p2b: Meowstic
|-singleturn|p2b: Meowstic|Protect
|move|p2a: Sinistcha|Protect|p2a: Sinistcha
|-singleturn|p2a: Sinistcha|Protect
|move|p1a: Moby Dick|Psychic Noise|p2a: Sinistcha
|-activate|p2a: Sinistcha|move: Protect
|move|p1b: Flipper|Pollen Puff|p2b: Meowstic
|-activate|p2b: Meowstic|move: Protect
|
|-heal|p1b: Flipper|52/100 par|[from] item: Leftovers
|upkeep
|turn|6
|
|t:|1784478567
|move|p2b: Meowstic|Thunderbolt|p1b: Flipper
|-damage|p1b: Flipper|42/100 par
|move|p1a: Moby Dick|Psychic Noise|p2a: Sinistcha
|-damage|p2a: Sinistcha|82/100
|-start|p2a: Sinistcha|move: Heal Block
|cant|p2a: Sinistcha|move: Heal Block|Life Dew
|move|p1b: Flipper|Pollen Puff|p2b: Meowstic
|-supereffective|p2b: Meowstic|1
|-damage|p2b: Meowstic|30/100
|
|-heal|p1b: Flipper|48/100 par|[from] item: Leftovers
|upkeep
|turn|7
|
|t:|1784478618
|switch|p2a: Hawlucha|Hawlucha, L50, F|100/100
|move|p2b: Meowstic|Protect|p2b: Meowstic
|-singleturn|p2b: Meowstic|Protect
|move|p1a: Moby Dick|Psychic Noise|p2a: Hawlucha
|-supereffective|p2a: Hawlucha|1
|-damage|p2a: Hawlucha|37/100
|-start|p2a: Hawlucha|move: Heal Block
|move|p1b: Flipper|Dazzling Gleam|p2a: Hawlucha|[spread] p2a
|-activate|p2b: Meowstic|move: Protect
|-supereffective|p2a: Hawlucha|1
|-damage|p2a: Hawlucha|0 fnt
|faint|p2a: Hawlucha
|
|-heal|p1b: Flipper|54/100 par|[from] item: Leftovers
|upkeep
|
|t:|1784478633
|switch|p2a: Sinistcha|Sinistcha, L50|82/100
|-heal|p2b: Meowstic|55/100|[from] ability: Hospitality|[of] p2a: Sinistcha
|turn|8
|
|t:|1784478683
|move|p2b: Meowstic|Protect||[still]
|-fail|p2b: Meowstic
|move|p2a: Sinistcha|Protect|p2a: Sinistcha
|-singleturn|p2a: Sinistcha|Protect
|move|p1a: Moby Dick|Psychic Noise|p2a: Sinistcha
|-activate|p2a: Sinistcha|move: Protect
|move|p1b: Flipper|Dazzling Gleam|p2a: Sinistcha|[spread] p2b
|-activate|p2a: Sinistcha|move: Protect
|-damage|p2b: Meowstic|29/100
|
|-heal|p2a: Sinistcha|88/100|[from] item: Leftovers
|-heal|p1b: Flipper|60/100 par|[from] item: Leftovers
|upkeep
|turn|9
|
|t:|1784478802
|move|p2b: Meowstic|Thunderbolt|p1a: Moby Dick
|-damage|p1a: Moby Dick|76/100
|-status|p1a: Moby Dick|par
|move|p2a: Sinistcha|Matcha Gotcha|p1b: Flipper|[spread] p1a
|-miss|p2a: Sinistcha|p1b: Flipper
|-damage|p1a: Moby Dick|59/100 par
|-heal|p2a: Sinistcha|97/100|[from] drain|[of] p1a: Moby Dick
|move|p1a: Moby Dick|Psychic Noise|p2a: Sinistcha
|-damage|p2a: Sinistcha|77/100
|-start|p2a: Sinistcha|move: Heal Block
|move|p1b: Flipper|Dazzling Gleam|p2b: Meowstic|[spread] p2a,p2b
|-crit|p2a: Sinistcha
|-damage|p2a: Sinistcha|48/100
|-damage|p2b: Meowstic|3/100
|
|-heal|p1b: Flipper|65/100 par|[from] item: Leftovers
|-sideend|p1: NewTrainaOnDaBlock|move: Light Screen
|upkeep
|turn|10
|
|t:|1784478846
|move|p2a: Sinistcha|Protect|p2a: Sinistcha
|-singleturn|p2a: Sinistcha|Protect
|move|p1a: Moby Dick|Light Screen|p1a: Moby Dick
|-sidestart|p1: NewTrainaOnDaBlock|move: Light Screen
|move|p2b: Meowstic|Thunderbolt|p1a: Moby Dick
|-damage|p1a: Moby Dick|39/100 par
|move|p1b: Flipper|Dazzling Gleam|p2a: Sinistcha|[spread] p2b
|-activate|p2a: Sinistcha|move: Protect
|-damage|p2b: Meowstic|0 fnt
|faint|p2b: Meowstic
|
|-heal|p1b: Flipper|71/100 par|[from] item: Leftovers
|-end|p2a: Sinistcha|move: Heal Block
|upkeep
|turn|11
|
|t:|1784478870
|move|p2a: Sinistcha|Matcha Gotcha|p1b: Flipper|[spread] p1a,p1b
|-damage|p1a: Moby Dick|20/100y par
|-heal|p2a: Sinistcha|58/100|[from] drain|[of] p1a: Moby Dick
|-damage|p1b: Flipper|63/100 par
|-heal|p2a: Sinistcha|62/100|[from] drain|[of] p1b: Flipper
|move|p1a: Moby Dick|Psychic Noise|p2a: Sinistcha
|-damage|p2a: Sinistcha|42/100
|-start|p2a: Sinistcha|move: Heal Block
|move|p1b: Flipper|Moonblast|p2a: Sinistcha
|-damage|p2a: Sinistcha|12/100
|
|-heal|p1b: Flipper|69/100 par|[from] item: Leftovers
|-sideend|p1: NewTrainaOnDaBlock|Reflect
|upkeep
|turn|12
|
|t:|1784478891
|move|p2a: Sinistcha|Protect|p2a: Sinistcha
|-singleturn|p2a: Sinistcha|Protect
|move|p1a: Moby Dick|Psychic Noise|p2a: Sinistcha
|-activate|p2a: Sinistcha|move: Protect
|move|p1b: Flipper|Moonblast|p2a: Sinistcha
|-activate|p2a: Sinistcha|move: Protect
|
|-heal|p1b: Flipper|75/100 par|[from] item: Leftovers
|-end|p2a: Sinistcha|move: Heal Block
|upkeep
|turn|13
|
|t:|1784478908
|move|p2a: Sinistcha|Matcha Gotcha|p1a: Moby Dick|[spread] p1b
|-miss|p2a: Sinistcha|p1a: Moby Dick
|-damage|p1b: Flipper|65/100 par
|-heal|p2a: Sinistcha|17/100|[from] drain|[of] p1b: Flipper
|move|p1a: Moby Dick|Psychic Noise|p2a: Sinistcha
|-damage|p2a: Sinistcha|0 fnt
|faint|p2a: Sinistcha
|
|win|NewTrainaOnDaBlock
|inactive|NewTrainaOnDaBlock has 30 seconds to confirm battle start!
|inactive|Fervvvvv has 30 seconds to confirm battle start!
