|j|☆monsoonisbest
|j|☆Massier1
|html|monsoonisbestMassier1    
|uhtml|bestof|Game 1 of a best-of-3
|t:|1783809195
|gametype|doubles
|player|p1|monsoonisbest|101|1146
|player|p2|Massier1|morty|1119
|gen|9
|tier|[Gen 9 Champions] VGC 2026 Reg M-B (Bo3)
|rated|
|rule|Species Clause: Limit one of each Pokémon
|rule|Item Clause: Limit 1 of each item
|clearpoke
|poke|p1|Gengar, L50, F|
|poke|p1|Incineroar, L50, M|
|poke|p1|Politoed, L50, M, shiny|
|poke|p1|Archaludon, L50, M|
|poke|p1|Vivillon, L50, M|
|poke|p1|Swampert, L50, M|
|poke|p2|Ceruledge, L50, M|
|poke|p2|Eelektross, L50, M|
|poke|p2|Blastoise, L50, F|
|poke|p2|Rotom-Mow, L50|
|poke|p2|Kangaskhan, L50, F|
|poke|p2|Farigiraf, L50, M|
|teampreview|4
|showteam|p1|Gengar||Gengarite|CursedBody|ShadowBall,SludgeBomb,PerishSong,Protect|Timid||F|||50|]Incineroar||PasshoBerry|Intimidate|PartingShot,DarkestLariat,Protect,FakeOut|Sassy||M|||50|]Politoed||SitrusBerry|Drizzle|WeatherBall,PerishSong,Encore,Protect|Calm||M|||50|]Archaludon||Leftovers|Stamina|DragonPulse,FlashCannon,ElectroShot,Protect|Bold||M|||50|]Vivillon||FocusSash|CompoundEyes|Hurricane,SleepPowder,RagePowder,Protect|Timid||M|||50|]Swampert||Swampertite|Torrent|WaveCrash,IcePunch,Earthquake,Protect|Adamant||M|||50|
|showteam|p2|Ceruledge||LifeOrb|FlashFire|BitterBlade,Protect,ShadowSneak,Poltergeist|Jolly||M|||50|]Eelektross||Leftovers|Levitate|Uturn,BodySlam,DrainPunch,ThunderPunch|Adamant||M|||50|]Blastoise||Blastoisinite|Torrent|Protect,Surf,IceBeam,FakeOut|Relaxed||F|||50|]Rotom-Mow||ChoiceScarf|Levitate|LeafStorm,DarkPulse,Thunderbolt,VoltSwitch|Timid|||||50|]Kangaskhan||Kangaskhanite|Scrappy|FakeOut,LastResort|Jolly||F|||50|]Farigiraf||QuickClaw|ArmorTail|Protect,TrickRoom,HyperVoice,Psychic|Sassy||M|||50|
|inactive|Battle timer is ON: inactive players will automatically lose when time's up. (requested by monsoonisbest)
|
|t:|1783809266
|teamsize|p1|4
|teamsize|p2|4
|start
|switch|p1a: Vivillon|Vivillon, L50, M|100/100
|switch|p1b: Swampert|Swampert, L50, M|100/100
|switch|p2a: Eelektross|Eelektross, L50, M|100/100
|switch|p2b: Blastoise|Blastoise, L50, F|100/100
|turn|1
|
|t:|1783809281
|detailschange|p1b: Swampert|Swampert-Mega, L50, M
|-mega|p1b: Swampert|Swampert|Swampertite
|move|p2b: Blastoise|Fake Out|p1a: Vivillon
|-damage|p1a: Vivillon|82/100
|cant|p1a: Vivillon|flinch
|move|p1b: Swampert|Earthquake|p2b: Blastoise|[spread] p2b
|-immune|p1a: Vivillon
|-immune|p2a: Eelektross|[from] ability: Levitate
|-damage|p2b: Blastoise|70/100
|move|p2a: Eelektross|Thunder Punch|p1a: Vivillon
|-supereffective|p1a: Vivillon|1
|-damage|p1a: Vivillon|0 fnt
|faint|p1a: Vivillon
|
|upkeep
|
|t:|1783809289
|switch|p1a: Incineroar|Incineroar, L50, M|100/100
|-ability|p1a: Incineroar|Intimidate|boost
|-unboost|p2a: Eelektross|atk|1
|-unboost|p2b: Blastoise|atk|1
|turn|2
|
|t:|1783809306
|move|p2b: Blastoise|Protect|p2b: Blastoise
|-singleturn|p2b: Blastoise|Protect
|move|p1a: Incineroar|Fake Out|p2a: Eelektross
|-damage|p2a: Eelektross|88/100
|move|p1b: Swampert|Wave Crash|p2a: Eelektross
|-damage|p2a: Eelektross|9/100
|-damage|p1b: Swampert|75/100|[from] Recoil
|cant|p2a: Eelektross|flinch
|
|-heal|p2a: Eelektross|15/100|[from] item: Leftovers
|upkeep
|turn|3
|
|t:|1783809330
|move|p1b: Swampert|Wave Crash|p2a: Eelektross
|-damage|p2a: Eelektross|0 fnt
|faint|p2a: Eelektross
|-damage|p1b: Swampert|70/100|[from] Recoil
|move|p2b: Blastoise|Surf|p1b: Swampert|[spread] p1a,p1b
|-supereffective|p1a: Incineroar|1
|-enditem|p1a: Incineroar|Passho Berry|[eat]
|-enditem|p1a: Incineroar|Passho Berry|[weaken]
|-damage|p1a: Incineroar|83/100
|-damage|p1b: Swampert|54/100
|move|p1a: Incineroar|Parting Shot|p2b: Blastoise
|-unboost|p2b: Blastoise|atk|1
|-unboost|p2b: Blastoise|spa|1
|
|t:|1783809333
|switch|p1a: Gengar|Gengar, L50, F|100/100|[from] Parting Shot
|
|upkeep
|inactive|Massier1 has 30 seconds left.
|inactive|Massier1 has 20 seconds left.
|
|t:|1783809369
|switch|p2a: Kangaskhan|Kangaskhan, L50, F|100/100
|turn|4
|
|t:|1783809389
|switch|p1b: Incineroar|Incineroar, L50, M|83/100
|-ability|p1b: Incineroar|Intimidate|boost
|-fail|p2a: Kangaskhan|unboost|Attack|[from] ability: Scrappy|[of] p2a: Kangaskhan
|-unboost|p2b: Blastoise|atk|1
|detailschange|p2a: Kangaskhan|Kangaskhan-Mega, L50, F
|-mega|p2a: Kangaskhan|Kangaskhan|Kangaskhanite
|move|p2a: Kangaskhan|Fake Out|p1a: Gengar
|-immune|p1a: Gengar
|move|p1a: Gengar|Sludge Bomb|p2a: Kangaskhan
|-damage|p2a: Kangaskhan|62/100
|-status|p2a: Kangaskhan|psn
|move|p2b: Blastoise|Surf|p1a: Gengar|[spread] p2a,p1a,p1b
|-supereffective|p1b: Incineroar|1
|-damage|p2a: Kangaskhan|48/100 psn
|-damage|p1a: Gengar|83/100
|-damage|p1b: Incineroar|62/100
|
|-damage|p2a: Kangaskhan|36/100 psn|[from] psn
|upkeep
|turn|5
|
|t:|1783809409
|move|p1b: Incineroar|Fake Out|p2a: Kangaskhan
|-damage|p2a: Kangaskhan|25/100 psn
|cant|p2a: Kangaskhan|flinch
|move|p1a: Gengar|Sludge Bomb|p2a: Kangaskhan
|-damage|p2a: Kangaskhan|0 fnt
|faint|p2a: Kangaskhan
|move|p2b: Blastoise|Surf|p1a: Gengar|[spread] p1a,p1b
|-supereffective|p1b: Incineroar|1
|-damage|p1a: Gengar|66/100
|-damage|p1b: Incineroar|43/100
|
|upkeep
|
|t:|1783809419
|switch|p2a: Ceruledge|Ceruledge, L50, M|100/100
|turn|6
|
|t:|1783809428
|move|p2a: Ceruledge|Protect|p2a: Ceruledge
|-singleturn|p2a: Ceruledge|Protect
|move|p1a: Gengar|Protect|p1a: Gengar
|-singleturn|p1a: Gengar|Protect
|move|p2b: Blastoise|Surf|p1b: Incineroar|[spread] p1b
|-activate|p2a: Ceruledge|move: Protect
|-activate|p1a: Gengar|move: Protect
|-supereffective|p1b: Incineroar|1
|-damage|p1b: Incineroar|22/100
|move|p1b: Incineroar|Parting Shot|p2a: Ceruledge
|-activate|p2a: Ceruledge|move: Protect
|
|upkeep
|turn|7
|
|t:|1783809450
|move|p2a: Ceruledge|Shadow Sneak|p1a: Gengar
|-supereffective|p1a: Gengar|1
|-damage|p1a: Gengar|0 fnt
|faint|p1a: Gengar
|-damage|p2a: Ceruledge|90/100|[from] item: Life Orb
|move|p2b: Blastoise|Surf|p1b: Incineroar|[spread] p2a,p1b
|-supereffective|p2a: Ceruledge|1
|-supereffective|p1b: Incineroar|1
|-damage|p2a: Ceruledge|56/100
|-damage|p1b: Incineroar|1/100
|move|p1b: Incineroar|Darkest Lariat|p2a: Ceruledge
|-supereffective|p2a: Ceruledge|1
|-damage|p2a: Ceruledge|0 fnt
|faint|p2a: Ceruledge
|
|upkeep
|
|t:|1783809455
|switch|p1a: Swampert|Swampert-Mega, L50, M|54/100
|turn|8
|
|t:|1783809476
|move|p1a: Swampert|Protect|p1a: Swampert
|-singleturn|p1a: Swampert|Protect
|move|p2b: Blastoise|Surf|p1a: Swampert|[spread] p1b
|-activate|p1a: Swampert|move: Protect
|-supereffective|p1b: Incineroar|1
|-damage|p1b: Incineroar|0 fnt
|faint|p1b: Incineroar
|
|upkeep
|turn|9
|
|t:|1783809487
|move|p1a: Swampert|Earthquake|p2b: Blastoise
|-damage|p2b: Blastoise|30/100
|move|p2b: Blastoise|Surf|p1a: Swampert
|-damage|p1a: Swampert|30/100
|
|upkeep
|turn|10
|
|t:|1783809497
|move|p1a: Swampert|Earthquake|p2b: Blastoise
|-damage|p2b: Blastoise|0 fnt
|faint|p2b: Blastoise
|
|win|monsoonisbest
