|j|☆lox1sm
|j|☆intromition
|html|lox1smintromition    
|uhtml|bestof|Game 1 of a best-of-3
|t:|1783340251
|gametype|doubles
|player|p1|lox1sm|veteran|1187
|player|p2|intromition|2|1132
|gen|9
|tier|[Gen 9 Champions] VGC 2026 Reg M-B (Bo3)
|rated|
|rule|Species Clause: Limit one of each Pokémon
|rule|Item Clause: Limit 1 of each item
|clearpoke
|poke|p1|Charizard, L50, F|
|poke|p1|Aerodactyl, L50, F|
|poke|p1|Garchomp, L50, F|
|poke|p1|Kingambit, L50, F|
|poke|p1|Farigiraf, L50, F|
|poke|p1|Primarina, L50, F|
|poke|p2|Archaludon, L50, F|
|poke|p2|Pelipper, L50, F|
|poke|p2|Basculegion, L50, M|
|poke|p2|Rotom-Heat, L50|
|poke|p2|Sceptile, L50, F|
|poke|p2|Dragonite, L50, F|
|teampreview|4
|showteam|p1|Charizard||CharizarditeY|Blaze|HeatWave,WeatherBall,SolarBeam,Protect|Modest||F|||50|]Aerodactyl||Aerodactylite|Unnerve|RockSlide,IceFang,Tailwind,Protect|Jolly||F|||50|]Garchomp||LifeOrb|RoughSkin|DragonClaw,Earthquake,RockSlide,Protect|Jolly||F|||50|]Kingambit||FocusSash|Defiant|KowtowCleave,SuckerPunch,IronHead,LowKick|Adamant||F|||50|]Farigiraf||ExpertBelt|ArmorTail|Psychic,DazzlingGleam,Thunderbolt,TrickRoom|Modest||F|||50|]Primarina||MysticWater|LiquidVoice|HyperVoice,Moonblast,Haze,Protect|Modest||F|||50|
|showteam|p2|Archaludon||ChopleBerry|Stamina|ElectroShot,FlashCannon,DracoMeteor,Protect|Modest||F|||50|]Pelipper||FocusSash|Drizzle|WeatherBall,Hurricane,Tailwind,Protect|Timid||F|||50|]Basculegion||LifeOrb|SwiftSwim|LastRespects,WaveCrash,AquaJet,Protect|Adamant||M|||50|]Rotom-Heat||ChoiceScarf|Levitate|Discharge,Overheat,VoltSwitch,Electroweb|Timid|||||50|]Sceptile||Sceptilite|Overgrow|EnergyBall,DragonPulse,EarthPower,Protect|Timid||F|||50|]Dragonite||Dragoninite|InnerFocus|Hurricane,DracoMeteor,IceBeam,Protect|Timid||F|||50|
|inactive|Battle timer is ON: inactive players will automatically lose when time's up. (requested by intromition)
|inactive|lox1sm has 60 seconds left.
|
|t:|1783340307
|teamsize|p1|4
|teamsize|p2|4
|start
|switch|p1a: Aerodactyl|Aerodactyl, L50, F|100/100
|switch|p1b: Garchomp|Garchomp, L50, F|100/100
|switch|p2a: Rotom|Rotom-Heat, L50|100/100
|switch|p2b: Sceptile|Sceptile, L50, F|100/100
|-ability|p1a: Aerodactyl|Unnerve
|turn|1
|inactive|intromition has 30 seconds left.
|inactive|lox1sm has 30 seconds left.
|inactive|intromition has 20 seconds left.
|inactive|lox1sm has 20 seconds left.
|inactive|intromition has 15 seconds left.
|inactive|lox1sm has 15 seconds left.
|inactive|lox1sm has 10 seconds left.
|inactive|lox1sm has 5 seconds left.
|
|t:|1783340366
|switch|p1b: Charizard|Charizard, L50, F|100/100
|detailschange|p1a: Aerodactyl|Aerodactyl-Mega, L50, F
|-mega|p1a: Aerodactyl|Aerodactyl|Aerodactylite
|detailschange|p2b: Sceptile|Sceptile-Mega, L50, F
|-mega|p2b: Sceptile|Sceptile|Sceptilite
|move|p2a: Rotom|Discharge|p1a: Aerodactyl|[spread] p1a,p1b
|-ability|p2b: Sceptile|Lightning Rod|boost
|-boost|p2b: Sceptile|spa|1
|-supereffective|p1a: Aerodactyl|1
|-supereffective|p1b: Charizard|1
|-damage|p1a: Aerodactyl|31/100
|-damage|p1b: Charizard|38/100
|move|p1a: Aerodactyl|Ice Fang|p2b: Sceptile
|-supereffective|p2b: Sceptile|2
|-crit|p2b: Sceptile
|-damage|p2b: Sceptile|0 fnt
|faint|p2b: Sceptile
|
|upkeep
|
|t:|1783340384
|switch|p2b: Pelipper|Pelipper, L50, F|100/100
|-weather|RainDance|[from] ability: Drizzle|[of] p2b: Pelipper
|turn|2
|
|t:|1783340406
|switch|p1a: Garchomp|Garchomp, L50, F|100/100
|move|p2a: Rotom|Discharge|p1b: Charizard|[spread] p2b,p1b
|-immune|p1a: Garchomp
|-supereffective|p2b: Pelipper|2
|-supereffective|p1b: Charizard|1
|-enditem|p2b: Pelipper|Focus Sash
|-damage|p2b: Pelipper|1/100
|-damage|p1b: Charizard|0 fnt
|faint|p1b: Charizard
|move|p2b: Pelipper|Tailwind|p2b: Pelipper
|-sidestart|p2: intromition|move: Tailwind
|
|-weather|RainDance|[upkeep]
|upkeep
|
|t:|1783340425
|switch|p1b: Aerodactyl|Aerodactyl-Mega, L50, F|31/100
|turn|3
|
|t:|1783340436
|move|p2b: Pelipper|Protect|p2b: Pelipper
|-singleturn|p2b: Pelipper|Protect
|move|p1b: Aerodactyl|Protect|p1b: Aerodactyl
|-singleturn|p1b: Aerodactyl|Protect
|move|p2a: Rotom|Discharge|p1b: Aerodactyl|[spread] 
|-activate|p2b: Pelipper|move: Protect
|-activate|p1b: Aerodactyl|move: Protect
|-immune|p1a: Garchomp
|move|p1a: Garchomp|Rock Slide|p2a: Rotom|[spread] p2a
|-activate|p2b: Pelipper|move: Protect
|-supereffective|p2a: Rotom|1
|-damage|p2a: Rotom|32/100
|-damage|p1a: Garchomp|90/100|[from] item: Life Orb
|
|-weather|RainDance|[upkeep]
|upkeep
|turn|4
|inactive|lox1sm has 30 seconds left.
|
|t:|1783340470
|switch|p1b: Primarina|Primarina, L50, F|100/100
|move|p2a: Rotom|Discharge|p1a: Garchomp|[spread] p2b,p1b
|-immune|p1a: Garchomp
|-supereffective|p2b: Pelipper|2
|-supereffective|p1b: Primarina|1
|-damage|p2b: Pelipper|0 fnt
|-damage|p1b: Primarina|50/100g
|faint|p2b: Pelipper
|move|p1a: Garchomp|Rock Slide|p2a: Rotom
|-supereffective|p2a: Rotom|1
|-damage|p2a: Rotom|0 fnt
|faint|p2a: Rotom
|-damage|p1a: Garchomp|80/100|[from] item: Life Orb
|
|-weather|RainDance|[upkeep]
|upkeep
|
|t:|1783340479
|switch|p2b: Archaludon|Archaludon, L50, F|100/100
|turn|5
|
|t:|1783340497
|move|p1a: Garchomp|Protect|p1a: Garchomp
|-singleturn|p1a: Garchomp|Protect
|move|p1b: Primarina|Protect|p1b: Primarina
|-singleturn|p1b: Primarina|Protect
|move|p2b: Archaludon|Electro Shot||[still]
|-prepare|p2b: Archaludon|Electro Shot
|-boost|p2b: Archaludon|spa|1
|-anim|p2b: Archaludon|Electro Shot|p1b: Primarina
|-activate|p1b: Primarina|move: Protect
|
|-weather|RainDance|[upkeep]
|-sideend|p2: intromition|move: Tailwind
|upkeep
|turn|6
|
|t:|1783340509
|switch|p1b: Aerodactyl|Aerodactyl-Mega, L50, F|31/100
|move|p1a: Garchomp|Earthquake|p2b: Archaludon|[spread] p2b
|-immune|p1b: Aerodactyl
|-supereffective|p2b: Archaludon|1
|-damage|p2b: Archaludon|11/100
|-ability|p2b: Archaludon|Stamina|boost
|-boost|p2b: Archaludon|def|1
|-damage|p1a: Garchomp|70/100|[from] item: Life Orb
|move|p2b: Archaludon|Draco Meteor|p1a: Garchomp
|-supereffective|p1a: Garchomp|1
|-damage|p1a: Garchomp|0 fnt
|-unboost|p2b: Archaludon|spa|2
|faint|p1a: Garchomp
|
|-weather|none
|upkeep
|
|t:|1783340524
|switch|p1a: Primarina|Primarina, L50, F|50/100g
|turn|7
|-message|intromition forfeited.
|
|win|lox1sm
|l|☆intromition
|player|p2|
|j|☆intromition
|player|p2|intromition|2|
||lox1sm is ready for game 2.
||intromition is ready for game 2.
|uhtml|next|Next: Game 2 of 3
|l|☆intromition
|player|p2|
