|j|☆PomeloThePolitoed
|j|☆FluffyFowl
|html|PomeloThePolitoedFluffyFowl    
|uhtml|bestof|Game 2 of a best-of-3
|t:|1782497671
|gametype|doubles
|player|p1|PomeloThePolitoed|caitlin|1000
|player|p2|FluffyFowl|marnie|1093
|gen|9
|tier|[Gen 9 Champions] VGC 2026 Reg M-B (Bo3)
|rated|
|rule|Species Clause: Limit one of each Pokémon
|rule|Item Clause: Limit 1 of each item
|clearpoke
|poke|p1|Salazzle, L50, F|
|poke|p1|Dragonite, L50, M|
|poke|p1|Farigiraf, L50, F|
|poke|p1|Eelektross, L50, M|
|poke|p1|Gholdengo, L50|
|poke|p1|Toxapex, L50, F|
|poke|p2|Tsareena, L50, F, shiny|
|poke|p2|Alcremie, L50, F|
|poke|p2|Espeon, L50, M|
|poke|p2|Grimmsnarl, L50, M|
|poke|p2|Aerodactyl, L50, M|
|poke|p2|Camerupt, L50, M|
|teampreview|4
|showteam|p1|Salazzle||WideLens|Corrosion|Toxic,Flamethrower,SludgeBomb,Protect|Timid||F|||50|]Dragonite||Dragoninite|Multiscale|Whirlwind,DragonClaw,ExtremeSpeed,IronHead|Adamant||M|||50|]Farigiraf||Leftovers|ArmorTail|AllySwitch,Roar,Psychic,HyperVoice|Modest||F|||50|]Eelektross||Eelektrossite|Levitate|Hex,Thunderbolt,Protect,Flamethrower|Timid||M|||50|]Gholdengo||WiseGlasses|GoodasGold|FlashCannon,Hex,Protect,DazzlingGleam|Timid|||||50|]Toxapex||MuscleBand|Merciless|BanefulBunker,Liquidation,PoisonJab,ToxicSpikes|Adamant||F|||50|
|showteam|p2|Tsareena||CobaBerry|QueenlyMajesty|TropKick,KnockOff,LowKick,Protect|Adamant||F|||50|]Alcremie||FocusSash|AromaVeil|Decorate,DazzlingGleam,DrainingKiss,Protect|Modest||F|||50|]Espeon||SitrusBerry|Synchronize|PowerGem,TrickRoom,Protect,Imprison|Modest||M|||50|]Grimmsnarl||LightClay|Prankster|PowerSwap,LightScreen,Reflect,SpiritBreak|Impish||M|||50|]Aerodactyl||Aerodactylite|Unnerve|Tailwind,RockSlide,PsychicFangs,Protect|Jolly||M|||50|]Camerupt||Cameruptite|SolidRock|HeatWave,EarthPower,Curse,Protect|Calm||M|||50|
|
|t:|1782497723
|teamsize|p1|4
|teamsize|p2|4
|start
|switch|p1a: Salazzle|Salazzle, L50, F|100/100
|switch|p1b: Farigiraf|Farigiraf, L50, F|100/100
|switch|p2a: Arock|Aerodactyl, L50, M|100/100
|switch|p2b: IwantedPan:(|Alcremie, L50, F|100/100
|-ability|p2a: Arock|Unnerve
|turn|1
|inactive|Battle timer is ON: inactive players will automatically lose when time's up. (requested by PomeloThePolitoed)
|inactive|FluffyFowl has 60 seconds left.
|
|t:|1782497756
|detailschange|p2a: Arock|Aerodactyl-Mega, L50, M
|-mega|p2a: Arock|Aerodactyl|Aerodactylite
|move|p1a: Salazzle|Protect|p1a: Salazzle
|-singleturn|p1a: Salazzle|Protect
|move|p2a: Arock|Tailwind|p2a: Arock
|-sidestart|p2: FluffyFowl|move: Tailwind
|move|p2b: IwantedPan:(|Decorate|p2a: Arock
|-boost|p2a: Arock|atk|2
|-boost|p2a: Arock|spa|2
|move|p1b: Farigiraf|Roar|p2a: Arock
|drag|p2a: I<3Marnie|Grimmsnarl, L50, M|100/100
|
|upkeep
|turn|2
|inactive|FluffyFowl has 30 seconds left.
|
|t:|1782497783
|switch|p2b: Arock|Aerodactyl-Mega, L50, M|100/100
|move|p2a: I<3Marnie|Light Screen|p2a: I<3Marnie
|-sidestart|p2: FluffyFowl|move: Light Screen
|move|p1a: Salazzle|Sludge Bomb|p2a: I<3Marnie
|-supereffective|p2a: I<3Marnie|1
|-damage|p2a: I<3Marnie|44/100
|-status|p2a: I<3Marnie|psn
|move|p1b: Farigiraf|Hyper Voice|p2b: Arock|[spread] p2a,p2b
|-resisted|p2b: Arock|1
|-damage|p2a: I<3Marnie|22/100 psn
|-damage|p2b: Arock|88/100
|
|-damage|p2a: I<3Marnie|9/100 psn|[from] psn
|upkeep
|turn|3
|inactive|FluffyFowl has 30 seconds left.
|
|t:|1782497815
|move|p1a: Salazzle|Protect|p1a: Salazzle
|-singleturn|p1a: Salazzle|Protect
|move|p2a: I<3Marnie|Reflect|p2a: I<3Marnie
|-sidestart|p2: FluffyFowl|Reflect
|move|p2b: Arock|Psychic Fangs|p1a: Salazzle
|-activate|p1a: Salazzle|move: Protect
|move|p1b: Farigiraf|Psychic|p2b: Arock
|-crit|p2b: Arock
|-damage|p2b: Arock|8/100
|
|-damage|p2a: I<3Marnie|0 fnt|[from] psn
|faint|p2a: I<3Marnie
|upkeep
|
|t:|1782497829
|switch|p2a: My Queen|Tsareena, L50, F, shiny|100/100
|turn|4
|
|t:|1782497842
|move|p2b: Arock|Psychic Fangs|p1a: Salazzle
|-supereffective|p1a: Salazzle|1
|-damage|p1a: Salazzle|0 fnt
|faint|p1a: Salazzle
|move|p2a: My Queen|Knock Off|p1b: Farigiraf
|-supereffective|p1b: Farigiraf|1
|-damage|p1b: Farigiraf|25/100
|-enditem|p1b: Farigiraf|Leftovers|[from] move: Knock Off|[of] p2a: My Queen
|move|p1b: Farigiraf|Hyper Voice|p2b: Arock|[spread] p2a,p2b
|-resisted|p2b: Arock|1
|-damage|p2a: My Queen|79/100
|-damage|p2b: Arock|0 fnt
|faint|p2b: Arock
|
|-sideend|p2: FluffyFowl|move: Tailwind
|upkeep
|
|t:|1782497859
|switch|p2b: IwantedPan:(|Alcremie, L50, F|100/100
|switch|p1a: Gholdengo|Gholdengo, L50|100/100
|turn|5
|
|t:|1782497877
|move|p1a: Gholdengo|Flash Cannon|p2b: IwantedPan:(
|-supereffective|p2b: IwantedPan:(|1
|-damage|p2b: IwantedPan:(|37/100
|-unboost|p2b: IwantedPan:(|spd|1
|move|p2a: My Queen|Knock Off|p1a: Gholdengo
|-supereffective|p1a: Gholdengo|1
|-damage|p1a: Gholdengo|20/100y
|-enditem|p1a: Gholdengo|Wise Glasses|[from] move: Knock Off|[of] p2a: My Queen
|move|p2b: IwantedPan:(|Decorate|p2a: My Queen
|-boost|p2a: My Queen|atk|2
|-boost|p2a: My Queen|spa|2
|move|p1b: Farigiraf|Psychic|p2a: My Queen
|-damage|p2a: My Queen|51/100
|
|upkeep
|turn|6
|
|t:|1782497895
|move|p1a: Gholdengo|Protect|p1a: Gholdengo
|-singleturn|p1a: Gholdengo|Protect
|move|p2a: My Queen|Protect|p2a: My Queen
|-singleturn|p2a: My Queen|Protect
|move|p2b: IwantedPan:(|Dazzling Gleam|p1a: Gholdengo|[spread] p1b
|-activate|p1a: Gholdengo|move: Protect
|-damage|p1b: Farigiraf|0 fnt
|faint|p1b: Farigiraf
|
|upkeep
|
|t:|1782497906
|switch|p1b: Toxapex|Toxapex, L50, F|100/100
|turn|7
|
|t:|1782497931
|move|p1a: Gholdengo|Flash Cannon|p2b: IwantedPan:(
|-supereffective|p2b: IwantedPan:(|1
|-crit|p2b: IwantedPan:(
|-damage|p2b: IwantedPan:(|0 fnt
|faint|p2b: IwantedPan:(
|move|p2a: My Queen|Knock Off|p1a: Gholdengo
|-supereffective|p1a: Gholdengo|1
|-damage|p1a: Gholdengo|0 fnt
|faint|p1a: Gholdengo
|move|p1b: Toxapex|Poison Jab|p2a: My Queen
|-supereffective|p2a: My Queen|1
|-damage|p2a: My Queen|5/100
|
|upkeep
|turn|8
|
|t:|1782497951
|move|p1b: Toxapex|Baneful Bunker|p1b: Toxapex
|-singleturn|p1b: Toxapex|move: Protect
|move|p2a: My Queen|Trop Kick|p1b: Toxapex
|-activate|p1b: Toxapex|move: Protect
|-status|p2a: My Queen|psn
|
|-damage|p2a: My Queen|0 fnt|[from] psn
|faint|p2a: My Queen
|
|win|PomeloThePolitoed
|inactive|PomeloThePolitoed has 30 seconds to confirm battle start!
|inactive|FluffyFowl has 30 seconds to confirm battle start!
