|j|☆predatorssg
|j|☆lysydzik_4
|html|predatorssglysydzik_4    
|uhtml|bestof|Game 1 of a best-of-3
|t:|1785942558
|gametype|doubles
|player|p1|predatorssg|2|1187
|player|p2|lysydzik_4|steven|1112
|gen|9
|tier|[Gen 9 Champions] VGC 2026 Reg M-B (Bo3)
|rated|
|rule|Species Clause: Limit one of each Pokémon
|rule|Item Clause: Limit 1 of each item
|clearpoke
|poke|p1|Archaludon, L50, F|
|poke|p1|Pelipper, L50, M|
|poke|p1|Grimmsnarl, L50, M|
|poke|p1|Swampert, L50, F|
|poke|p1|Talonflame, L50, M|
|poke|p1|Floette-Eternal, L50, F|
|poke|p2|Aggron, L50, M, shiny|
|poke|p2|Sinistcha-Masterpiece, L50, shiny|
|poke|p2|Pelipper, L50, F, shiny|
|poke|p2|Swampert, L50, M, shiny|
|poke|p2|Sylveon, L50, F, shiny|
|poke|p2|Garchomp, L50, F|
|teampreview|4
|showteam|p1|Archaludon||Leftovers|Stamina|ElectroShot,AuraSphere,FlashCannon,Protect|Modest||F|||50|]Pelipper||SitrusBerry|Drizzle|HelpingHand,WeatherBall,Hurricane,WideGuard|Modest||M|||50|]Grimmsnarl||LightClay|Prankster|PartingShot,SpiritBreak,Reflect,LightScreen|Calm||M|||50|]Swampert||Swampertite|Torrent|WaveCrash,Earthquake,IcePunch,Protect|Adamant||F|||50|]Talonflame||SharpBeak|GaleWings|Protect,Tailwind,RainDance,DualWingbeat|Jolly||M|||50|]Floette-Eternal||Floettite|FlowerVeil|DazzlingGleam,Moonblast,LightofRuin,Protect|Modest||F|||50|
|showteam|p2|Aggron||Aggronite|HeavyMetal|BodyPress,HeavySlam,Protect,IronDefense|Sassy||M|||50|]Sinistcha-Masterpiece||ColburBerry|Hospitality|TrickRoom,Protect,MatchaGotcha,ShadowBall|Relaxed|||||50|]Pelipper||FocusSash|Drizzle|Tailwind,WideGuard,WeatherBall,Hurricane|Modest||F|||50|]Swampert||Swampertite|Torrent|Liquidation,Earthquake,Protect,PoisonJab|Adamant||M|||50|]Sylveon||FairyFeather|Pixilate|QuickAttack,HyperVoice,HyperBeam,Protect|Modest||F|||50|]Garchomp||LifeOrb|RoughSkin|Protect,RockSlide,DragonClaw,FireFang|Jolly||F|||50|
|l|☆lysydzik_4
|player|p2|
|inactive|Battle timer is ON: inactive players will automatically lose when time's up. (requested by predatorssg)
|j|☆lysydzik_4
|inactive|lysydzik_4 reconnected and has 65 seconds left.
|player|p2|lysydzik_4|steven|
|inactive|lysydzik_4 has 60 seconds left.
|
|t:|1785942644
|teamsize|p1|4
|teamsize|p2|4
|start
|switch|p1a: Talonflame|Talonflame, L50, M|100/100
|switch|p1b: Swampert|Swampert, L50, F|100/100
|switch|p2a: Aggron|Aggron, L50, M, shiny|100/100
|switch|p2b: Sinistcha|Sinistcha-Masterpiece, L50, shiny|100/100
|turn|1
|l|☆lysydzik_4
|inactive|lysydzik_4 disconnected and has a minute to reconnect!
|player|p2|
|inactive|lysydzik_4 has 30 seconds left.
|j|☆lysydzik_4
|inactive|lysydzik_4 reconnected and has 25 seconds left.
|player|p2|lysydzik_4|steven|
|inactive|lysydzik_4 has 20 seconds left.
|inactive|lysydzik_4 has 15 seconds left.
|inactive|lysydzik_4 has 10 seconds left.
|
|t:|1785942691
|detailschange|p1b: Swampert|Swampert-Mega, L50, F
|-mega|p1b: Swampert|Swampert|Swampertite
|detailschange|p2a: Aggron|Aggron-Mega, L50, M, shiny
|-mega|p2a: Aggron|Aggron|Aggronite
|move|p2a: Aggron|Protect|p2a: Aggron
|-singleturn|p2a: Aggron|Protect
|move|p1a: Talonflame|Tailwind|p1a: Talonflame
|-sidestart|p1: predatorssg|move: Tailwind
|move|p1b: Swampert|Earthquake|p2a: Aggron|[spread] p2b
|-activate|p2a: Aggron|move: Protect
|-immune|p1a: Talonflame
|-resisted|p2b: Sinistcha|1
|-damage|p2b: Sinistcha|82/100
|move|p2b: Sinistcha|Trick Room|p2b: Sinistcha
|-fieldstart|move: Trick Room|[of] p2b: Sinistcha
|
|upkeep
|turn|2
|l|☆lysydzik_4
|inactive|lysydzik_4 disconnected and has a minute to reconnect!
|player|p2|
|inactive|lysydzik_4 has 30 seconds left.
|j|☆lysydzik_4
|inactive|lysydzik_4 reconnected and has 25 seconds left.
|player|p2|lysydzik_4|steven|
|inactive|lysydzik_4 has 20 seconds left.
|inactive|lysydzik_4 has 15 seconds left.
|inactive|lysydzik_4 has 10 seconds left.
|
|t:|1785942741
|move|p1b: Swampert|Protect|p1b: Swampert
|-singleturn|p1b: Swampert|Protect
|move|p1a: Talonflame|Dual Wingbeat|p2b: Sinistcha
|-supereffective|p2b: Sinistcha|1
|-damage|p2b: Sinistcha|55/100
|-supereffective|p2b: Sinistcha|1
|-damage|p2b: Sinistcha|26/100
|-hitcount|p2b: Sinistcha|2
|move|p2a: Aggron|Iron Defense|p2a: Aggron
|-boost|p2a: Aggron|def|2
|move|p2b: Sinistcha|Matcha Gotcha|p1a: Talonflame|[spread] p1a
|-activate|p1b: Swampert|move: Protect
|-resisted|p1a: Talonflame|2
|-damage|p1a: Talonflame|91/100
|-heal|p2b: Sinistcha|30/100|[from] drain|[of] p1a: Talonflame
|
|upkeep
|turn|3
|inactive|lysydzik_4 has 30 seconds left.
|
|t:|1785942768
|switch|p1b: Archaludon|Archaludon, L50, F|100/100
|move|p2a: Aggron|Body Press|p1b: Archaludon
|-supereffective|p1b: Archaludon|1
|-damage|p1b: Archaludon|3/100
|-ability|p1b: Archaludon|Stamina|boost
|-boost|p1b: Archaludon|def|1
|move|p2b: Sinistcha|Matcha Gotcha|p1b: Archaludon|[spread] p1b
|-miss|p2b: Sinistcha|p1a: Talonflame
|-resisted|p1b: Archaludon|2
|-damage|p1b: Archaludon|0 fnt
|-heal|p2b: Sinistcha|32/100|[from] drain|[of] p1b: Archaludon
|faint|p1b: Archaludon
|move|p1a: Talonflame|Dual Wingbeat|p2b: Sinistcha
|-supereffective|p2b: Sinistcha|1
|-damage|p2b: Sinistcha|5/100
|-supereffective|p2b: Sinistcha|1
|-damage|p2b: Sinistcha|0 fnt
|faint|p2b: Sinistcha
|-hitcount|p2: Sinistcha|2
|
|upkeep
|
|t:|1785942788
|switch|p2b: Sylveon|Sylveon, L50, F, shiny|100/100
|switch|p1b: Swampert|Swampert-Mega, L50, F|100/100
|turn|4
|inactive|predatorssg has 30 seconds left.
|
|t:|1785942814
|move|p1b: Swampert|Protect|p1b: Swampert
|-singleturn|p1b: Swampert|Protect
|move|p2a: Aggron|Body Press|p1a: Talonflame
|-resisted|p1a: Talonflame|1
|-damage|p1a: Talonflame|33/100
|move|p2b: Sylveon|Hyper Beam|p1b: Swampert
|-activate|p1b: Swampert|move: Protect
|move|p1a: Talonflame|Dual Wingbeat|p2b: Sylveon|[miss]
|-miss|p1a: Talonflame|p2b: Sylveon
|
|-sideend|p1: predatorssg|move: Tailwind
|upkeep
|turn|5
|
|t:|1785942836
|switch|p1b: Pelipper|Pelipper, L50, M|100/100
|-weather|RainDance|[from] ability: Drizzle|[of] p1b: Pelipper
|move|p2a: Aggron|Body Press|p1a: Talonflame
|-resisted|p1a: Talonflame|1
|-damage|p1a: Talonflame|0 fnt
|faint|p1a: Talonflame
|move|p2b: Sylveon|Hyper Beam|p1b: Pelipper
|-damage|p1b: Pelipper|0 fnt
|-mustrecharge|p2b: Sylveon
|faint|p1b: Pelipper
|
|-weather|RainDance|[upkeep]
|-fieldend|move: Trick Room
|upkeep
|
|t:|1785942846
|switch|p1b: Swampert|Swampert-Mega, L50, F|100/100
|turn|6
|
|t:|1785942853
|move|p1b: Swampert|Earthquake|p2b: Sylveon|[spread] p2a,p2b
|-supereffective|p2a: Aggron|1
|-damage|p2a: Aggron|82/100
|-damage|p2b: Sylveon|42/100
|cant|p2b: Sylveon|recharge
|move|p2a: Aggron|Body Press|p1b: Swampert
|-damage|p1b: Swampert|38/100
|
|-weather|RainDance|[upkeep]
|upkeep
|turn|7
|
|t:|1785942869
|move|p2b: Sylveon|Quick Attack|p1b: Swampert
|-damage|p1b: Swampert|28/100
|move|p1b: Swampert|Earthquake|p2a: Aggron|[spread] p2a,p2b
|-supereffective|p2a: Aggron|1
|-damage|p2a: Aggron|66/100
|-damage|p2b: Sylveon|0 fnt
|faint|p2b: Sylveon
|move|p2a: Aggron|Iron Defense|p2a: Aggron
|-boost|p2a: Aggron|def|2
|
|-weather|RainDance|[upkeep]
|upkeep
|
|t:|1785942878
|switch|p2b: Garchomp|Garchomp, L50, F|100/100
|turn|8
|
|t:|1785942882
|move|p2b: Garchomp|Protect|p2b: Garchomp
|-singleturn|p2b: Garchomp|Protect
|move|p1b: Swampert|Earthquake|p2b: Garchomp|[spread] p2a
|-activate|p2b: Garchomp|move: Protect
|-supereffective|p2a: Aggron|1
|-damage|p2a: Aggron|55/100
|move|p2a: Aggron|Iron Defense|p2a: Aggron
|-boost|p2a: Aggron|def|2
|
|-weather|RainDance|[upkeep]
|upkeep
|turn|9
|
|t:|1785942902
|move|p1b: Swampert|Earthquake|p2a: Aggron|[spread] p2a,p2b
|-supereffective|p2a: Aggron|1
|-crit|p2a: Aggron
|-damage|p2a: Aggron|7/100
|-damage|p2b: Garchomp|56/100
|move|p2b: Garchomp|Dragon Claw|p1b: Swampert
|-damage|p1b: Swampert|0 fnt
|faint|p1b: Swampert
|-damage|p2b: Garchomp|46/100|[from] item: Life Orb
|
|win|lysydzik_4
||predatorssg is ready for game 2.
|l|☆lysydzik_4
|player|p2|
|inactive|lysydzik_4 has 30 seconds to confirm battle start!
||lysydzik_4 is ready for game 2.
|uhtml|next|Next: Game 2 of 3
