|j|☆p1ch1pichi
|j|☆TheDoomDraogn
|html|p1ch1pichiTheDoomDraogn    
|uhtml|bestof|Game 1 of a best-of-3
|t:|1784649454
|gametype|doubles
|player|p1|p1ch1pichi|n|1200
|player|p2|TheDoomDraogn|gentleman-gen4|1310
|gen|9
|tier|[Gen 9 Champions] VGC 2026 Reg M-B (Bo3)
|rated|
|rule|Species Clause: Limit one of each Pokémon
|rule|Item Clause: Limit 1 of each item
|clearpoke
|poke|p1|Meganium, L50, M, shiny|
|poke|p1|Swampert, L50, M, shiny|
|poke|p1|Pelipper, L50, M|
|poke|p1|Archaludon, L50, M|
|poke|p1|Sableye, L50, M|
|poke|p1|Sneasler, L50, F|
|poke|p2|Charizard, L50, F, shiny|
|poke|p2|Metagross, L50, shiny|
|poke|p2|Hydreigon, L50, F|
|poke|p2|Incineroar, L50, M|
|poke|p2|Toxapex, L50, M, shiny|
|poke|p2|Annihilape, L50, F, shiny|
|teampreview|4
|showteam|p1|Meganium||Meganiumite|Overgrow|SolarBeam,WeatherBall,DazzlingGleam,Protect|Modest||M|||50|]Swampert||Swampertite|Torrent|HighHorsepower,WaveCrash,KnockOff,Protect|Adamant||M|||50|]Pelipper||FocusSash|Drizzle|WeatherBall,Hurricane,WideGuard,Tailwind|Timid||M|||50|]Archaludon||Leftovers|Stalwart|ElectroShot,AuraSphere,DragonPulse,Protect|Modest||M|||50|]Sableye||WideLens|Prankster|Taunt,Swagger,RainDance,WillOWisp|Calm||M|||50|]Sneasler||LumBerry|Unburden|DireClaw,Acrobatics,CloseCombat,Protect|Adamant||F|||50|
|showteam|p2|Charizard||CharizarditeY|Blaze|HeatWave,WeatherBall,SolarBeam,Protect|Modest||F|||50|]Metagross||Metagrossite|ClearBody|PsychicFangs,BulletPunch,IcePunch,Protect|Jolly|||||50|]Hydreigon||ChoiceScarf|Levitate|DarkPulse,DracoMeteor,Snarl,EarthPower|Modest||F|||50|]Incineroar||SitrusBerry|Intimidate|FlareBlitz,ThroatChop,PartingShot,FakeOut|Impish||M|||50|]Toxapex||Leftovers|Regenerator|Infestation,Toxic,WideGuard,BanefulBunker|Relaxed||M|||50|]Annihilape||FocusSash|Defiant|PhantomForce,CloseCombat,RockTomb,Protect|Jolly||F|||50|
|inactive|Battle timer is ON: inactive players will automatically lose when time's up. (requested by p1ch1pichi)
|inactive|TheDoomDraogn has 60 seconds left.
|
|t:|1784649494
|teamsize|p1|4
|teamsize|p2|4
|start
|switch|p1a: G4MER67|Sableye, L50, M|100/100
|switch|p1b: Jojo Sira|Sneasler, L50, F|100/100
|switch|p2a: Charizard|Charizard, L50, F, shiny|100/100
|switch|p2b: Toxapex|Toxapex, L50, M, shiny|100/100
|turn|1
|inactive|TheDoomDraogn has 30 seconds left.
|
|t:|1784649522
|switch|p2a: Incineroar|Incineroar, L50, M|100/100
|-ability|p2a: Incineroar|Intimidate|boost
|-unboost|p1a: G4MER67|atk|1
|-unboost|p1b: Jojo Sira|atk|1
|move|p1a: G4MER67|Swagger|p1b: Jojo Sira
|-boost|p1b: Jojo Sira|atk|2
|-start|p1b: Jojo Sira|confusion
|-enditem|p1b: Jojo Sira|Lum Berry|[eat]
|-end|p1b: Jojo Sira|confusion
|move|p1b: Jojo Sira|Acrobatics|p2a: Incineroar
|-damage|p2a: Incineroar|55/100
|move|p2b: Toxapex|Infestation|p1b: Jojo Sira
|-resisted|p1b: Jojo Sira|2
|-damage|p1b: Jojo Sira|99/100
|-activate|p1b: Jojo Sira|move: Infestation|[of] p2b: Toxapex
|
|-damage|p1b: Jojo Sira|87/100|[from] move: Infestation|[partiallytrapped]
|upkeep
|turn|2
|inactive|TheDoomDraogn has 30 seconds left.
|inactive|TheDoomDraogn has 20 seconds left.
|inactive|TheDoomDraogn has 15 seconds left.
|
|t:|1784649564
|switch|p2a: Annihilape|Annihilape, L50, F, shiny|100/100
|move|p1a: G4MER67|Will-O-Wisp|p2b: Toxapex
|-status|p2b: Toxapex|brn
|move|p1b: Jojo Sira|Close Combat|p2a: Annihilape
|-immune|p2a: Annihilape
|move|p2b: Toxapex|Infestation|p1a: G4MER67
|-damage|p1a: G4MER67|96/100
|-activate|p1a: G4MER67|move: Infestation|[of] p2b: Toxapex
|
|-damage|p2b: Toxapex|94/100 brn|[from] brn
|-damage|p1b: Jojo Sira|75/100|[from] move: Infestation|[partiallytrapped]
|-damage|p1a: G4MER67|84/100|[from] move: Infestation|[partiallytrapped]
|upkeep
|turn|3
|inactive|TheDoomDraogn has 30 seconds left.
|
|t:|1784649589
|move|p2b: Toxapex|Baneful Bunker|p2b: Toxapex
|-singleturn|p2b: Toxapex|move: Protect
|move|p1a: G4MER67|Will-O-Wisp|p2a: Annihilape
|-status|p2a: Annihilape|brn
|move|p1b: Jojo Sira|Acrobatics|p2a: Annihilape
|-supereffective|p2a: Annihilape|1
|-crit|p2a: Annihilape
|-enditem|p2a: Annihilape|Focus Sash
|-damage|p2a: Annihilape|1/100 brn
|move|p2a: Annihilape|Phantom Force||[still]
|-prepare|p2a: Annihilape|Phantom Force
|
|-heal|p2b: Toxapex|100/100 brn|[from] item: Leftovers
|-damage|p2a: Annihilape|0 fnt|[from] brn
|faint|p2a: Annihilape
|-damage|p2b: Toxapex|94/100 brn|[from] brn
|-damage|p1b: Jojo Sira|63/100|[from] move: Infestation|[partiallytrapped]
|-damage|p1a: G4MER67|71/100|[from] move: Infestation|[partiallytrapped]
|upkeep
|
|t:|1784649602
|switch|p2a: Incineroar|Incineroar, L50, M|55/100
|-ability|p2a: Incineroar|Intimidate|boost
|-unboost|p1a: G4MER67|atk|1
|-unboost|p1b: Jojo Sira|atk|1
|turn|4
|
|t:|1784649617
|move|p2a: Incineroar|Fake Out|p1b: Jojo Sira
|-damage|p1b: Jojo Sira|43/100
|move|p1a: G4MER67|Taunt|p2b: Toxapex
|-start|p2b: Toxapex|move: Taunt
|cant|p1b: Jojo Sira|flinch
|cant|p2b: Toxapex|move: Taunt|Toxic
|
|-heal|p2b: Toxapex|100/100 brn|[from] item: Leftovers
|-damage|p2b: Toxapex|94/100 brn|[from] brn
|-damage|p1b: Jojo Sira|31/100|[from] move: Infestation|[partiallytrapped]
|-damage|p1a: G4MER67|59/100|[from] move: Infestation|[partiallytrapped]
|upkeep
|turn|5
|
|t:|1784649631
|move|p1a: G4MER67|Rain Dance|p1a: G4MER67
|-weather|RainDance
|move|p1b: Jojo Sira|Close Combat|p2a: Incineroar
|-supereffective|p2a: Incineroar|1
|-damage|p2a: Incineroar|0 fnt
|-unboost|p1b: Jojo Sira|def|1
|-unboost|p1b: Jojo Sira|spd|1
|faint|p2a: Incineroar
|move|p2b: Toxapex|Infestation|p1a: G4MER67
|-damage|p1a: G4MER67|56/100
|
|-weather|RainDance|[upkeep]
|-heal|p2b: Toxapex|100/100 brn|[from] item: Leftovers
|-damage|p2b: Toxapex|94/100 brn|[from] brn
|-end|p1b: Jojo Sira|Infestation|[partiallytrapped]
|-damage|p1a: G4MER67|43/100|[from] move: Infestation|[partiallytrapped]
|upkeep
|
|t:|1784649642
|switch|p2a: Charizard|Charizard, L50, F, shiny|100/100
|turn|6
|
|t:|1784649659
|move|p1a: G4MER67|Rain Dance||[still]
|-fail|p1a: G4MER67
|move|p1b: Jojo Sira|Dire Claw|p2a: Charizard
|-damage|p2a: Charizard|51/100
|move|p2a: Charizard|Weather Ball|p1b: Jojo Sira
|-damage|p1b: Jojo Sira|0 fnt
|faint|p1b: Jojo Sira
|move|p2b: Toxapex|Infestation|p1a: G4MER67
|-damage|p1a: G4MER67|40/100
|
|-weather|RainDance|[upkeep]
|-heal|p2b: Toxapex|100/100 brn|[from] item: Leftovers
|-damage|p2b: Toxapex|94/100 brn|[from] brn
|-damage|p1a: G4MER67|28/100|[from] move: Infestation|[partiallytrapped]
|-end|p2b: Toxapex|move: Taunt
|upkeep
|
|t:|1784649673
|switch|p1b: San Juanico|Archaludon, L50, M|100/100
|turn|7
|
|t:|1784649696
|move|p2a: Charizard|Protect|p2a: Charizard
|-singleturn|p2a: Charizard|Protect
|move|p1b: San Juanico|Protect|p1b: San Juanico
|-singleturn|p1b: San Juanico|Protect
|move|p1a: G4MER67|Taunt|p2b: Toxapex
|-start|p2b: Toxapex|move: Taunt
|cant|p2b: Toxapex|move: Taunt|Toxic
|
|-weather|RainDance|[upkeep]
|-heal|p2b: Toxapex|100/100 brn|[from] item: Leftovers
|-damage|p2b: Toxapex|94/100 brn|[from] brn
|-end|p1a: G4MER67|Infestation|[partiallytrapped]
|upkeep
|turn|8
|
|t:|1784649709
|move|p2a: Charizard|Protect|p2a: Charizard
|-singleturn|p2a: Charizard|Protect
|move|p1a: G4MER67|Rain Dance||[still]
|-fail|p1a: G4MER67
|move|p1b: San Juanico|Electro Shot||[still]
|-prepare|p1b: San Juanico|Electro Shot
|-boost|p1b: San Juanico|spa|1
|-anim|p1b: San Juanico|Electro Shot|p2a: Charizard
|-activate|p2a: Charizard|move: Protect
|move|p2b: Toxapex|Infestation|p1a: G4MER67
|-damage|p1a: G4MER67|24/100
|-activate|p1a: G4MER67|move: Infestation|[of] p2b: Toxapex
|
|-weather|RainDance|[upkeep]
|-heal|p2b: Toxapex|100/100 brn|[from] item: Leftovers
|-damage|p2b: Toxapex|94/100 brn|[from] brn
|-damage|p1a: G4MER67|12/100|[from] move: Infestation|[partiallytrapped]
|upkeep
|turn|9
|
|t:|1784649726
|move|p2a: Charizard|Protect||[still]
|-fail|p2a: Charizard
|move|p1a: G4MER67|Rain Dance||[still]
|-fail|p1a: G4MER67
|move|p1b: San Juanico|Electro Shot||[still]
|-prepare|p1b: San Juanico|Electro Shot
|-boost|p1b: San Juanico|spa|1
|-anim|p1b: San Juanico|Electro Shot|p2b: Toxapex
|-supereffective|p2b: Toxapex|1
|-damage|p2b: Toxapex|0 fnt
|faint|p2b: Toxapex
|
|-weather|none
|-end|p1a: G4MER67|Infestation|[partiallytrapped]|[silent]
|upkeep
|turn|10
|inactive|TheDoomDraogn has 30 seconds left.
|
|t:|1784649753
|detailschange|p2a: Charizard|Charizard-Mega-Y, L50, F, shiny
|-mega|p2a: Charizard|Charizard|Charizardite Y
|-weather|SunnyDay|[from] ability: Drought|[of] p2a: Charizard
|move|p1a: G4MER67|Rain Dance|p1a: G4MER67
|-weather|RainDance
|move|p2a: Charizard|Weather Ball|p1b: San Juanico
|-resisted|p1b: San Juanico|1
|-damage|p1b: San Juanico|69/100
|move|p1b: San Juanico|Electro Shot||[still]
|-prepare|p1b: San Juanico|Electro Shot
|-boost|p1b: San Juanico|spa|1
|-anim|p1b: San Juanico|Electro Shot|p2a: Charizard
|-supereffective|p2a: Charizard|1
|-damage|p2a: Charizard|0 fnt
|faint|p2a: Charizard
|
|win|p1ch1pichi
||TheDoomDraogn is ready for game 2.
||p1ch1pichi is ready for game 2.
|uhtml|next|Next: Game 2 of 3
