|j|☆BackpackerRaden
|j|☆ortainee
|html|BackpackerRadenortainee    
|uhtml|bestof|Game 1 of a best-of-3
|t:|1757717365
|gametype|doubles
|player|p1|BackpackerRaden|backpacker|1256
|player|p2|ortainee|grimsley-gen7|1356
|gen|9
|tier|[Gen 9] VGC 2025 Reg H (Bo3)
|rated|
|rule|Species Clause: Limit one of each Pokémon
|rule|Item Clause: Limit 1 of each item
|clearpoke
|poke|p1|Tyranitar, L50, F|
|poke|p1|Volcarona, L50, F|
|poke|p1|Amoonguss, L50, F|
|poke|p1|Gothitelle, L50, M|
|poke|p1|Tauros-Paldea-Aqua, L50, M|
|poke|p2|Dragonite, L50, M|
|poke|p2|Gholdengo, L50|
|poke|p2|Rillaboom, L50, F|
|poke|p2|Ursaluna-Bloodmoon, L50, M|
|poke|p2|Maushold-Four, L50|
|poke|p2|Annihilape, L50, F|
|teampreview|4
|showteam|p1|Tyranitar||AssaultVest|SandStream|RockSlide,KnockOff,LowKick,TeraBlast|||F|||50|,,,,,Fairy]Volcarona||CovertCloak|FlameBody|HeatWave,QuiverDance,Protect,GigaDrain|||F|||50|,,,,,Grass]Amoonguss||RockyHelmet|Regenerator|RagePowder,SludgeBomb,Protect,Spore|||F|||50|,,,,,Fairy]Gothitelle||SitrusBerry|ShadowTag|FakeOut,Psychic,TrickRoom,Protect|||M|||50|,,,,,Water]Tauros-Paldea-Aqua||SafetyGoggles|Intimidate|CloseCombat,AquaJet,WaveCrash,Protect|||M|||50|,,,,,Water
|showteam|p2|Dragonite||LoadedDice|Multiscale|Tailwind,Haze,Protect,ScaleShot|||M|||50|,,,,,Fairy]Gholdengo||LifeOrb|GoodasGold|MakeItRain,ShadowBall,NastyPlot,Protect||||||50|,,,,,Water]Rillaboom||MiracleSeed|GrassySurge|WoodHammer,GrassyGlide,FakeOut,HighHorsepower|||F|||50|,,,,,Fire]Ursaluna-Bloodmoon||AssaultVest|MindsEye|BloodMoon,EarthPower,HyperVoice,VacuumWave|||M|||50|,,,,,Water]Maushold-Four||FocusSash|FriendGuard|SuperFang,FollowMe,BeatUp,Protect||||||50|,,,,,Ghost]Annihilape||SitrusBerry|Defiant|RageFist,DrainPunch,BulkUp,Protect|||F|||50|,,,,,Fire
|inactive|Battle timer is ON: inactive players will automatically lose when time's up. (requested by ortainee)
|inactive|BackpackerRaden has 60 seconds left.
|inactive|ortainee has 60 seconds left.
|
|t:|1757717415
|teamsize|p1|4
|teamsize|p2|4
|start
|switch|p1a: Gothitelle|Gothitelle, L50, M|100/100
|switch|p1b: Volcarona|Volcarona, L50, F, shiny|100/100
|switch|p2a: Gholdengo|Gholdengo, L50|100/100
|switch|p2b: Maushold|Maushold-Four, L50|100/100
|turn|1
|inactive|ortainee has 30 seconds left.
|
|t:|1757717442
|move|p2b: Maushold|Follow Me|p2b: Maushold
|-singleturn|p2b: Maushold|move: Follow Me
|move|p1b: Volcarona|Quiver Dance|p1b: Volcarona
|-boost|p1b: Volcarona|spa|1
|-boost|p1b: Volcarona|spd|1
|-boost|p1b: Volcarona|spe|1
|move|p2a: Gholdengo|Nasty Plot|p2a: Gholdengo
|-boost|p2a: Gholdengo|spa|2
|move|p1a: Gothitelle|Psychic|p2b: Maushold
|-damage|p2b: Maushold|63/100
|
|upkeep
|turn|2
|
|t:|1757717462
|-terastallize|p2a: Gholdengo|Water
|move|p1a: Gothitelle|Protect|p1a: Gothitelle
|-singleturn|p1a: Gothitelle|Protect
|move|p2b: Maushold|Follow Me|p2b: Maushold
|-singleturn|p2b: Maushold|move: Follow Me
|move|p1b: Volcarona|Heat Wave|p2b: Maushold|[spread] p2a,p2b
|-resisted|p2a: Gholdengo
|-damage|p2a: Gholdengo|76/100
|-damage|p2b: Maushold|0 fnt
|faint|p2b: Maushold
|move|p2a: Gholdengo|Make It Rain|p1b: Volcarona|[spread] p1b
|-activate|p1a: Gothitelle|move: Protect
|-resisted|p1b: Volcarona
|-damage|p1b: Volcarona|62/100
|-unboost|p2a: Gholdengo|spa|1
|-damage|p2a: Gholdengo|67/100|[from] item: Life Orb
|
|upkeep
|
|t:|1757717475
|switch|p2b: Ursaluna|Ursaluna-Bloodmoon, L50, M|100/100
|turn|3
|inactive|ortainee has 30 seconds left.
|
|t:|1757717506
|switch|p1a: Tyranitar|Tyranitar, L50, F|100/100
|-weather|Sandstorm|[from] ability: Sand Stream|[of] p1a: Tyranitar
|-terastallize|p1b: Volcarona|Grass
|move|p1b: Volcarona|Giga Drain|p2b: Ursaluna
|-supereffective|p2b: Ursaluna
|-damage|p2b: Ursaluna|16/100
|-heal|p1b: Volcarona|100/100|[from] drain|[of] p2b: Ursaluna
|move|p2a: Gholdengo|Shadow Ball|p1b: Volcarona
|-damage|p1b: Volcarona|51/100
|-damage|p2a: Gholdengo|57/100|[from] item: Life Orb
|move|p2b: Ursaluna|Blood Moon|p1b: Volcarona
|-damage|p1b: Volcarona|0 fnt
|faint|p1b: Volcarona
|
|-weather|Sandstorm|[upkeep]
|-damage|p2a: Gholdengo|51/100|[from] Sandstorm
|upkeep
|
|t:|1757717524
|switch|p1b: Gothitelle|Gothitelle, L50, M|100/100
|turn|4
|
|t:|1757717532
|move|p2a: Gholdengo|Protect|p2a: Gholdengo
|-singleturn|p2a: Gholdengo|Protect
|move|p2b: Ursaluna|Vacuum Wave|p1a: Tyranitar
|-supereffective|p1a: Tyranitar
|-damage|p1a: Tyranitar|75/100
|move|p1a: Tyranitar|Knock Off|p2a: Gholdengo
|-activate|p2a: Gholdengo|move: Protect
|move|p1b: Gothitelle|Trick Room|p1b: Gothitelle
|-fieldstart|move: Trick Room|[of] p1b: Gothitelle
|
|-weather|Sandstorm|[upkeep]
|-damage|p1b: Gothitelle|94/100|[from] Sandstorm
|-damage|p2a: Gholdengo|45/100|[from] Sandstorm
|upkeep
|turn|5
|
|t:|1757717549
|move|p2b: Ursaluna|Earth Power|p1a: Tyranitar
|-supereffective|p1a: Tyranitar
|-damage|p1a: Tyranitar|36/100
|move|p1a: Tyranitar|Knock Off|p2a: Gholdengo
|-damage|p2a: Gholdengo|0 fnt
|-enditem|p2a: Gholdengo|Life Orb|[from] move: Knock Off|[of] p1a: Tyranitar
|faint|p2a: Gholdengo
|move|p1b: Gothitelle|Psychic|p2b: Ursaluna
|-damage|p2b: Ursaluna|0 fnt
|faint|p2b: Ursaluna
|
|-weather|Sandstorm|[upkeep]
|-damage|p1b: Gothitelle|88/100|[from] Sandstorm
|upkeep
|
|t:|1757717553
|switch|p2b: Rillaboom|Rillaboom, L50, F|100/100
|-fieldstart|move: Grassy Terrain|[from] ability: Grassy Surge|[of] p2b: Rillaboom
|turn|6
|
|t:|1757717564
|switch|p1a: Amoonguss|Amoonguss, L50, F|100/100
|move|p2b: Rillaboom|Grassy Glide|p1a: Amoonguss
|-resisted|p1a: Amoonguss
|-damage|p1a: Amoonguss|91/100
|-damage|p2b: Rillaboom|84/100|[from] item: Rocky Helmet|[of] p1a: Amoonguss
|move|p1b: Gothitelle|Psychic|p2b: Rillaboom
|-damage|p2b: Rillaboom|52/100
|
|-weather|Sandstorm|[upkeep]
|-damage|p1a: Amoonguss|85/100|[from] Sandstorm
|-damage|p1b: Gothitelle|82/100|[from] Sandstorm
|-damage|p2b: Rillaboom|46/100|[from] Sandstorm
|-heal|p1a: Amoonguss|91/100|[from] Grassy Terrain
|-heal|p1b: Gothitelle|88/100|[from] Grassy Terrain
|-heal|p2b: Rillaboom|52/100|[from] Grassy Terrain
|upkeep
|turn|7
|-message|ortainee forfeited.
|
|win|BackpackerRaden
||BackpackerRaden is ready for game 2.
||ortainee is ready for game 2.
|uhtml|next|Next: Game 2 of 3
