|j|☆Joseph Terastalin
|j|☆snakke001
|html|Joseph Terastalinsnakke001    
|uhtml|bestof|Game 2 of a best-of-3
|t:|1757008578
|gametype|doubles
|player|p1|Joseph Terastalin|blaine|1000
|player|p2|snakke001|biker-gen4|1119
|gen|9
|tier|[Gen 9] VGC 2025 Reg H (Bo3)
|rated|
|rule|Species Clause: Limit one of each Pokémon
|rule|Item Clause: Limit 1 of each item
|clearpoke
|poke|p1|Venusaur, L50, M|
|poke|p1|Torkoal, L50, M|
|poke|p1|Tyranitar, L50, M|
|poke|p1|Farigiraf, L50, M|
|poke|p1|Electabuzz, L50, F|
|poke|p1|Hydreigon, L50, F|
|poke|p2|Archaludon, L50, F|
|poke|p2|Dragonite, L50, M|
|poke|p2|Pelipper, L50, M|
|poke|p2|Ursaluna, L50, M|
|poke|p2|Sinistcha, L50|
|poke|p2|Gholdengo, L50|
|teampreview|4
|showteam|p1|Venusaur||LifeOrb|Chlorophyll|Protect,SludgeBomb,GigaDrain,WeatherBall|||M|||50|,,,,,Rock]Torkoal||EjectPack|Drought|Overheat,BodyPress,HelpingHand,Yawn|||M|||50|,,,,,Grass]Tyranitar||ChoiceBand|SandStream|RockSlide,KnockOff,TeraBlast,HeavySlam|||M|||50|,,,,,Flying]Farigiraf||ThroatSpray|ArmorTail|Protect,HyperVoice,Psychic,TrickRoom|||M|||50|,,,,,Fairy]Electabuzz||Eviolite|VitalSpirit|Electroweb,Taunt,FollowMe,VoltSwitch|||F|||50|,,,,,Fairy]Hydreigon||ChoiceScarf|Levitate|DracoMeteor,DarkPulse,HeatWave,FlashCannon|||F|||50|,,,,,Fire
|showteam|p2|Archaludon||AssaultVest|Stamina|FlashCannon,BodyPress,ElectroShot,Snarl|||F|||50|,,,,,Fighting]Dragonite||LoadedDice|Multiscale|ScaleShot,Tailwind,Haze,Protect|||M|||50|,,,,,Fairy]Pelipper||FocusSash|Drizzle|MuddyWater,Hurricane,Tailwind,Protect|||M|||50|,,,,,Ghost]Ursaluna||FlameOrb|Guts|Facade,HeadlongRush,Earthquake,Protect|||M|||50|,,,,,Ghost]Sinistcha||SitrusBerry|Hospitality|MatchaGotcha,LifeDew,RagePowder,TrickRoom||||||50|,,,,,Dark]Gholdengo||ChoiceScarf|GoodasGold|MakeItRain,ShadowBall,Trick,Protect||||||50|,,,,,Flying
|inactive|Battle timer is ON: inactive players will automatically lose when time's up. (requested by snakke001)
|
|t:|1757008608
|teamsize|p1|4
|teamsize|p2|4
|start
|switch|p1a: Hydreigon|Hydreigon, L50, F|100/100
|switch|p1b: Tyranitar|Tyranitar, L50, M|100/100
|switch|p2a: Archaludon|Archaludon, L50, F, shiny|100/100
|switch|p2b: Dragonite|Dragonite, L50, M, shiny|100/100
|-weather|Sandstorm|[from] ability: Sand Stream|[of] p1b: Tyranitar
|turn|1
|inactive|Joseph Terastalin has 30 seconds left.
|inactive|Joseph Terastalin has 20 seconds left.
|inactive|Joseph Terastalin has 15 seconds left.
|
|t:|1757008649
|switch|p1b: Torkoal|Torkoal, L50, M|100/100
|-weather|SunnyDay|[from] ability: Drought|[of] p1b: Torkoal
|-terastallize|p2a: Archaludon|Fighting
|move|p1a: Hydreigon|Draco Meteor|p2b: Dragonite
|-supereffective|p2b: Dragonite
|-damage|p2b: Dragonite|34/100
|-unboost|p1a: Hydreigon|spa|2
|move|p2b: Dragonite|Scale Shot|p1a: Hydreigon
|-supereffective|p1a: Hydreigon
|-damage|p1a: Hydreigon|67/100
|-supereffective|p1a: Hydreigon
|-damage|p1a: Hydreigon|30/100
|-supereffective|p1a: Hydreigon
|-damage|p1a: Hydreigon|0 fnt
|faint|p1a: Hydreigon
|-hitcount|p1: Hydreigon|3
|-unboost|p2b: Dragonite|def|1
|-boost|p2b: Dragonite|spe|1
|move|p2a: Archaludon|Body Press|p1b: Torkoal
|-damage|p1b: Torkoal|71/100
|
|-weather|SunnyDay|[upkeep]
|upkeep
|
|t:|1757008652
|switch|p1a: Tyranitar|Tyranitar, L50, M|100/100
|-weather|Sandstorm|[from] ability: Sand Stream|[of] p1a: Tyranitar
|turn|2
|inactive|snakke001 has 30 seconds left.
|inactive|snakke001 has 20 seconds left.
|inactive|snakke001 has 15 seconds left.
|inactive|snakke001 has 10 seconds left.
|
|t:|1757008697
|-terastallize|p1a: Tyranitar|Flying
|move|p1b: Torkoal|Helping Hand|p1a: Tyranitar
|-singleturn|p1a: Tyranitar|Helping Hand|[of] p1b: Torkoal
|move|p2b: Dragonite|Tailwind|p2b: Dragonite
|-sidestart|p2: snakke001|move: Tailwind
|move|p2a: Archaludon|Body Press|p1a: Tyranitar
|-resisted|p1a: Tyranitar
|-damage|p1a: Tyranitar|85/100
|move|p1a: Tyranitar|Tera Blast|p2a: Archaludon|[anim] Tera Blast Flying
|-supereffective|p2a: Archaludon
|-damage|p2a: Archaludon|0 fnt
|faint|p2a: Archaludon
|
|-weather|Sandstorm|[upkeep]
|-damage|p2b: Dragonite|28/100|[from] Sandstorm
|-damage|p1a: Tyranitar|79/100|[from] Sandstorm
|-damage|p1b: Torkoal|66/100|[from] Sandstorm
|upkeep
|
|t:|1757008712
|switch|p2a: Sinistcha|Sinistcha, L50, shiny|100/100
|-heal|p2b: Dragonite|53/100|[from] ability: Hospitality|[of] p2a: Sinistcha
|turn|3
|
|t:|1757008736
|move|p2b: Dragonite|Scale Shot|p1a: Tyranitar
|-damage|p1a: Tyranitar|69/100
|-damage|p1a: Tyranitar|57/100
|-damage|p1a: Tyranitar|45/100
|-damage|p1a: Tyranitar|33/100
|-damage|p1a: Tyranitar|23/100
|-hitcount|p1a: Tyranitar|5
|-unboost|p2b: Dragonite|def|1
|-boost|p2b: Dragonite|spe|1
|move|p2a: Sinistcha|Life Dew||[still]|[spread] p2a,p2b
|-fail|p2a: Sinistcha|heal
|-heal|p2b: Dragonite|78/100
|move|p1a: Tyranitar|Tera Blast|p2b: Dragonite|[anim] Tera Blast Flying
|-damage|p2b: Dragonite|0 fnt
|faint|p2b: Dragonite
|move|p1b: Torkoal|Overheat|p2a: Sinistcha|[miss]
|-miss|p1b: Torkoal|p2a: Sinistcha
|
|-weather|Sandstorm|[upkeep]
|-damage|p2a: Sinistcha|94/100|[from] Sandstorm
|-damage|p1a: Tyranitar|17/100|[from] Sandstorm
|-damage|p1b: Torkoal|60/100|[from] Sandstorm
|upkeep
|
|t:|1757008752
|switch|p2b: Pelipper|Pelipper, L50, M, shiny|100/100
|-weather|RainDance|[from] ability: Drizzle|[of] p2b: Pelipper
|turn|4
|c|☆Joseph Terastalin|I think today my overheat accuracy is 10%
|
|t:|1757008776
|switch|p1b: Venusaur|Venusaur, L50, M|100/100
|move|p2b: Pelipper|Muddy Water|p1b: Venusaur|[spread] p1a,p1b
|-resisted|p1b: Venusaur
|-damage|p1a: Tyranitar|0 fnt
|-damage|p1b: Venusaur|75/100
|faint|p1a: Tyranitar
|move|p2a: Sinistcha|Matcha Gotcha|p1b: Venusaur
|-resisted|p1b: Venusaur
|-damage|p1b: Venusaur|67/100
|-heal|p2a: Sinistcha|98/100|[from] drain|[of] p1b: Venusaur
|
|-weather|RainDance|[upkeep]
|upkeep
|
|t:|1757008781
|switch|p1a: Torkoal|Torkoal, L50, M|60/100
|-weather|SunnyDay|[from] ability: Drought|[of] p1a: Torkoal
|turn|5
|inactive|Joseph Terastalin has 30 seconds left.
|inactive|snakke001 has 30 seconds left.
|
|t:|1757008814
|move|p1b: Venusaur|Protect|p1b: Venusaur
|-singleturn|p1b: Venusaur|Protect
|move|p2b: Pelipper|Hurricane|p1b: Venusaur
|-activate|p1b: Venusaur|move: Protect
|move|p2a: Sinistcha|Matcha Gotcha|p1b: Venusaur|[spread] p1a
|-activate|p1b: Venusaur|move: Protect
|-resisted|p1a: Torkoal
|-damage|p1a: Torkoal|47/100
|-heal|p2a: Sinistcha|100/100|[from] drain|[of] p1a: Torkoal
|move|p1a: Torkoal|Overheat|p2b: Pelipper
|-resisted|p2b: Pelipper
|-damage|p2b: Pelipper|52/100
|-unboost|p1a: Torkoal|spa|2
|
|-weather|SunnyDay|[upkeep]
|-sideend|p2: snakke001|move: Tailwind
|upkeep
|turn|6
|
|t:|1757008831
|move|p1a: Torkoal|Helping Hand|p1b: Venusaur
|-singleturn|p1b: Venusaur|Helping Hand|[of] p1a: Torkoal
|move|p1b: Venusaur|Sludge Bomb|p2b: Pelipper
|-damage|p2b: Pelipper|0 fnt
|faint|p2b: Pelipper
|-damage|p1b: Venusaur|57/100|[from] item: Life Orb
|move|p2a: Sinistcha|Life Dew||[still]
|-fail|p2a: Sinistcha|heal
|
|-weather|SunnyDay|[upkeep]
|upkeep
|turn|7
|-message|snakke001 forfeited.
|
|win|Joseph Terastalin
|l|☆snakke001
|player|p2|
