|j|☆dhrx
|j|☆jcoisa
|html|dhrxjcoisa    
|uhtml|bestof|Game 1 of a best-of-3
|t:|1783782755
|gametype|doubles
|player|p1|dhrx|lucian|
|player|p2|jcoisa|101|
|gen|9
|tier|[Gen 9 Champions] VGC 2026 Reg M-B (Bo3)
|rule|Species Clause: Limit one of each Pokémon
|rule|Item Clause: Limit 1 of each item
|clearpoke
|poke|p1|Lopunny, L50, M|
|poke|p1|Ceruledge, L50, F|
|poke|p1|Farigiraf, L50, F|
|poke|p1|Basculegion, L50, M|
|poke|p1|Ninetales-Alola, L50, M|
|poke|p1|Kingambit, L50, F|
|poke|p2|Pelipper, L50, F|
|poke|p2|Archaludon, L50, M|
|poke|p2|Basculegion, L50, M|
|poke|p2|Scizor, L50, F|
|poke|p2|Gengar, L50, F|
|poke|p2|Politoed, L50, M|
|teampreview|4
|showteam|p1|Lopunny||Lopunnite|CuteCharm|FakeOut,CloseCombat,Encore,Uturn|Jolly||M|||50|]Ceruledge||ColburBerry|FlashFire|Protect,BitterBlade,ShadowSneak,BulkUp|Adamant||F|||50|]Farigiraf||SitrusBerry|ArmorTail|Thunderbolt,PsychicFangs,TrickRoom,HelpingHand|Relaxed||F|||50|]Basculegion||ChoiceScarf|Adaptability|FlipTurn,LastRespects,AquaJet,WaveCrash|Jolly||M|||50|]Ninetales-Alola||NeverMeltIce|SnowWarning|Blizzard,FreezeDry,AuroraVeil,Protect|Timid||M|||50|]Kingambit||BlackGlasses|Defiant|KowtowCleave,SuckerPunch,SwordsDance,Protect|Adamant||F|||50|
|showteam|p2|Pelipper||FocusSash|Drizzle|Hurricane,Tailwind,Uturn,MuddyWater|Timid||F|||50|]Archaludon||Leftovers|Stamina|ElectroShot,FlashCannon,Protect,DracoMeteor|Modest||M|||50|]Basculegion||MysticWater|SwiftSwim|Protect,LastRespects,AquaJet,WaveCrash|Jolly||M|||50|]Scizor||Scizorite|Technician|BulletPunch,Uturn,CloseCombat,IronHead|Adamant||F|||50|]Gengar||Gengarite|CursedBody|ShadowBall,SludgeBomb,Hypnosis,Protect|Timid||F|||50|]Politoed||SitrusBerry|Drizzle|Protect,Hypnosis,PerishSong,MuddyWater|Calm||M|||50|
|
|t:|1783782821
|teamsize|p1|4
|teamsize|p2|4
|start
|switch|p1a: Lopunny|Lopunny, L50, M|100/100
|switch|p1b: Basculegion|Basculegion, L50, M|100/100
|switch|p2a: Gengar|Gengar, L50, F|100/100
|switch|p2b: Scizor|Scizor, L50, F|100/100
|turn|1
|inactive|Battle timer is ON: inactive players will automatically lose when time's up. (requested by dhrx)
|
|t:|1783782868
|detailschange|p1a: Lopunny|Lopunny-Mega, L50, M
|-mega|p1a: Lopunny|Lopunny|Lopunnite
|detailschange|p2b: Scizor|Scizor-Mega, L50, F
|-mega|p2b: Scizor|Scizor|Scizorite
|move|p1a: Lopunny|Fake Out|p2a: Gengar
|-damage|p2a: Gengar|53/100
|move|p1b: Basculegion|Flip Turn|p2b: Scizor
|-damage|p2b: Scizor|70/100
|
|t:|1783782885
|switch|p1b: Ceruledge|Ceruledge, L50, F|100/100|[from] Flip Turn
|cant|p2a: Gengar|flinch
|move|p2b: Scizor|Close Combat|p1a: Lopunny
|-supereffective|p1a: Lopunny|1
|-damage|p1a: Lopunny|0 fnt
|-unboost|p2b: Scizor|def|1
|-unboost|p2b: Scizor|spd|1
|faint|p1a: Lopunny
|
|upkeep
|
|t:|1783782897
|switch|p1a: Basculegion|Basculegion, L50, M|100/100
|turn|2
|inactive|jcoisa has 30 seconds left.
|
|t:|1783782926
|move|p1a: Basculegion|Last Respects|p2a: Gengar
|-supereffective|p2a: Gengar|1
|-damage|p2a: Gengar|0 fnt
|-start|p1a: Basculegion|Disable|Last Respects|[from] ability: Cursed Body|[of] p2a: Gengar
|faint|p2a: Gengar
|move|p1b: Ceruledge|Bulk Up|p1b: Ceruledge
|-boost|p1b: Ceruledge|atk|1
|-boost|p1b: Ceruledge|def|1
|move|p2b: Scizor|U-turn|p1a: Basculegion
|-resisted|p1a: Basculegion|1
|-crit|p1a: Basculegion
|-damage|p1a: Basculegion|63/100
|
|t:|1783782939
|switch|p2b: Archaludon|Archaludon, L50, M|100/100|[from] U-turn
|
|upkeep
|
|t:|1783782943
|switch|p2a: Politoed|Politoed, L50, M|100/100
|-weather|RainDance|[from] ability: Drizzle|[of] p2a: Politoed
|turn|3
|
|t:|1783782964
|switch|p1a: Ninetales|Ninetales-Alola, L50, M|100/100
|-weather|Snowscape|[from] ability: Snow Warning|[of] p1a: Ninetales
|move|p2b: Archaludon|Electro Shot||[still]
|-prepare|p2b: Archaludon|Electro Shot
|-boost|p2b: Archaludon|spa|1
|move|p1b: Ceruledge|Bitter Blade|p2b: Archaludon
|-damage|p2b: Archaludon|49/100
|-ability|p2b: Archaludon|Stamina|boost
|-boost|p2b: Archaludon|def|1
|move|p2a: Politoed|Hypnosis|p1b: Ceruledge
|-status|p1b: Ceruledge|slp|[from] move: Hypnosis
|
|-weather|Snowscape|[upkeep]
|-heal|p2b: Archaludon|55/100|[from] item: Leftovers
|upkeep
|turn|4
|inactive|dhrx has 30 seconds left.
|inactive|dhrx has 20 seconds left.
|inactive|dhrx has 15 seconds left.
|
|t:|1783783005
|switch|p2a: Scizor|Scizor-Mega, L50, F|70/100
|move|p1a: Ninetales|Blizzard|p2b: Archaludon|[spread] p2a,p2b
|-resisted|p2a: Scizor|1
|-damage|p2a: Scizor|51/100
|-damage|p2b: Archaludon|5/100
|-ability|p2b: Archaludon|Stamina|boost
|-boost|p2b: Archaludon|def|1
|move|p2b: Archaludon|Electro Shot|p1a: Ninetales|[from] lockedmove
|-damage|p1a: Ninetales|20/100r
|cant|p1b: Ceruledge|slp
|
|-weather|Snowscape|[upkeep]
|-heal|p2b: Archaludon|11/100|[from] item: Leftovers
|upkeep
|turn|5
|inactive|jcoisa has 30 seconds left.
|
|t:|1783783031
|move|p1a: Ninetales|Protect|p1a: Ninetales
|-singleturn|p1a: Ninetales|Protect
|move|p2b: Archaludon|Protect|p2b: Archaludon
|-singleturn|p2b: Archaludon|Protect
|move|p2a: Scizor|Bullet Punch|p1a: Ninetales
|-activate|p1a: Ninetales|move: Protect
|cant|p1b: Ceruledge|slp
|
|-weather|Snowscape|[upkeep]
|-heal|p2b: Archaludon|17/100|[from] item: Leftovers
|upkeep
|turn|6
|j| birooooo
|l| birooooo
|inactive|dhrx has 30 seconds left.
|
|t:|1783783061
|switch|p1a: Basculegion|Basculegion, L50, M|63/100
|switch|p2b: Politoed|Politoed, L50, M|100/100
|-weather|RainDance|[from] ability: Drizzle|[of] p2b: Politoed
|move|p2a: Scizor|Bullet Punch|p1a: Basculegion
|-resisted|p1a: Basculegion|1
|-damage|p1a: Basculegion|40/100
|-curestatus|p1b: Ceruledge|slp|[msg]
|move|p1b: Ceruledge|Bulk Up|p1b: Ceruledge
|-boost|p1b: Ceruledge|atk|1
|-boost|p1b: Ceruledge|def|1
|
|-weather|RainDance|[upkeep]
|upkeep
|turn|7
|
|t:|1783783083
|switch|p1a: Ninetales|Ninetales-Alola, L50, M|20/100r
|-weather|Snowscape|[from] ability: Snow Warning|[of] p1a: Ninetales
|move|p2b: Politoed|Protect|p2b: Politoed
|-singleturn|p2b: Politoed|Protect
|move|p1b: Ceruledge|Bitter Blade|p2a: Scizor
|-supereffective|p2a: Scizor|2
|-damage|p2a: Scizor|0 fnt
|faint|p2a: Scizor
|
|-weather|Snowscape|[upkeep]
|upkeep
|
|t:|1783783096
|switch|p2a: Archaludon|Archaludon, L50, M|17/100
|turn|8
|
|t:|1783783103
|move|p2a: Archaludon|Protect|p2a: Archaludon
|-singleturn|p2a: Archaludon|Protect
|move|p1b: Ceruledge|Shadow Sneak|p2b: Politoed
|-damage|p2b: Politoed|51/100
|move|p1a: Ninetales|Freeze-Dry|p2b: Politoed
|-supereffective|p2b: Politoed|1
|-damage|p2b: Politoed|10/100
|-enditem|p2b: Politoed|Sitrus Berry|[eat]
|-heal|p2b: Politoed|35/100|[from] item: Sitrus Berry
|move|p2b: Politoed|Hypnosis|p1b: Ceruledge|[miss]
|-miss|p2b: Politoed|p1b: Ceruledge
|
|-weather|Snowscape|[upkeep]
|-heal|p2a: Archaludon|23/100|[from] item: Leftovers
|upkeep
|turn|9
|
|t:|1783783127
|move|p2b: Politoed|Protect|p2b: Politoed
|-singleturn|p2b: Politoed|Protect
|move|p1a: Ninetales|Freeze-Dry|p2b: Politoed
|-activate|p2b: Politoed|move: Protect
|move|p2a: Archaludon|Flash Cannon|p1a: Ninetales
|-supereffective|p1a: Ninetales|2
|-damage|p1a: Ninetales|0 fnt
|faint|p1a: Ninetales
|move|p1b: Ceruledge|Bitter Blade|p2a: Archaludon
|-damage|p2a: Archaludon|0 fnt
|faint|p2a: Archaludon
|
|-weather|Snowscape|[upkeep]
|upkeep
|
|t:|1783783139
|switch|p1a: Basculegion|Basculegion, L50, M|40/100
|turn|10
|
|t:|1783783146
|move|p1a: Basculegion|Last Respects|p2b: Politoed
|-damage|p2b: Politoed|0 fnt
|faint|p2b: Politoed
|
|win|dhrx
