|j|☆creuza de ma
|j|☆porygon peo
|html|creuza de maporygon peo    
|uhtml|bestof|Game 3 of a best-of-3
|t:|1785976317
|gametype|doubles
|player|p1|creuza de ma|drayden|1232
|player|p2|porygon peo|skier|1257
|gen|9
|tier|[Gen 9 Champions] VGC 2026 Reg M-B (Bo3)
|rated|
|rule|Species Clause: Limit one of each Pokémon
|rule|Item Clause: Limit 1 of each item
|clearpoke
|poke|p1|Sneasler, L50, M, shiny|
|poke|p1|Raichu, L50, F|
|poke|p1|Scovillain, L50, M|
|poke|p1|Primarina, L50, F|
|poke|p1|Kingambit, L50, M|
|poke|p1|Dragapult, L50, F|
|poke|p2|Froslass, L50, F|
|poke|p2|Basculegion, L50, M|
|poke|p2|Kingambit, L50, M|
|poke|p2|Sneasler, L50, M|
|poke|p2|Lycanroc-Dusk, L50, M|
|poke|p2|Scovillain, L50, M|
|teampreview|4
|showteam|p1|Sneasler||FocusSash|Unburden|FakeOut,CloseCombat,DireClaw,Coaching|Naive||M|||50|]Raichu||RaichuniteY|LightningRod|FakeOut,ZapCannon,FocusBlast,Protect|Timid||F|||50|]Scovillain||Scovillainite|Moody|GigaDrain,Overheat,RagePowder,Protect|Calm||M|||50|]Primarina||SitrusBerry|LiquidVoice|HyperVoice,Moonblast,CalmMind,Protect|Modest||F|||50|]Kingambit||LifeOrb|Defiant|KowtowCleave,SuckerPunch,SwordsDance,Protect|Adamant||M|||50|]Dragapult||DragonFang|ClearBody|DragonDarts,PhantomForce,DragonDance,Protect|Adamant||F|||50|
|showteam|p2|Froslass||Froslassite|CursedBody|Blizzard,ShadowBall,AuroraVeil,Protect|Modest||F|||50|]Basculegion||SitrusBerry|Adaptability|Protect,WaveCrash,LastRespects,AquaJet|Adamant||M|||50|]Kingambit||LifeOrb|Defiant|Protect,KowtowCleave,SuckerPunch,SwordsDance|Adamant||M|||50|]Sneasler||WhiteHerb|Unburden|Protect,CloseCombat,GunkShot,FakeOut|Adamant||M|||50|]Lycanroc-Dusk||FocusSash|ToughClaws|Protect,RockSlide,CloseCombat,Accelerock|Adamant||M|||50|]Scovillain||Scovillainite|Moody|Protect,Overheat,SuperFang,RagePowder|Bold||M|||50|
|inactive|Battle timer is ON: inactive players will automatically lose when time's up. (requested by creuza de ma)
|
|t:|1785976333
|teamsize|p1|4
|teamsize|p2|4
|start
|switch|p1a: Sneasler|Sneasler, L50, M, shiny|100/100
|switch|p1b: Primarina|Primarina, L50, F|100/100
|switch|p2a: Scovillain|Scovillain, L50, M|100/100
|switch|p2b: Sneasler|Sneasler, L50, M|100/100
|turn|1
|
|t:|1785976351
|switch|p1b: Dragapult|Dragapult, L50, F|100/100
|detailschange|p2a: Scovillain|Scovillain-Mega, L50, M
|-mega|p2a: Scovillain|Scovillain|Scovillainite
|move|p1a: Sneasler|Coaching|p1b: Dragapult
|-boost|p1b: Dragapult|atk|1
|-boost|p1b: Dragapult|def|1
|move|p2b: Sneasler|Gunk Shot|p1b: Dragapult
|-resisted|p1b: Dragapult|1
|-damage|p1b: Dragapult|76/100
|-status|p1b: Dragapult|psn
|move|p2a: Scovillain|Overheat|p1a: Sneasler
|-damage|p1a: Sneasler|8/100
|-unboost|p2a: Scovillain|spa|2
|
|-damage|p1b: Dragapult|64/100 psn|[from] psn
|upkeep
|turn|2
|inactive|porygon peo has 30 seconds left.
|
|t:|1785976378
|switch|p2b: Basculegion|Basculegion, L50, M|100/100
|move|p1b: Dragapult|Dragon Dance|p1b: Dragapult
|-boost|p1b: Dragapult|atk|1
|-boost|p1b: Dragapult|spe|1
|move|p1a: Sneasler|Close Combat|p2b: Basculegion
|-immune|p2b: Basculegion
|move|p2a: Scovillain|Overheat|p1a: Sneasler
|-damage|p1a: Sneasler|0 fnt
|-unboost|p2a: Scovillain|spa|2
|faint|p1a: Sneasler
|
|-damage|p1b: Dragapult|52/100 psn|[from] psn
|upkeep
|
|t:|1785976388
|switch|p1a: Scovillain|Scovillain, L50, M|100/100
|turn|3
|
|t:|1785976410
|detailschange|p1a: Scovillain|Scovillain-Mega, L50, M
|-mega|p1a: Scovillain|Scovillain|Scovillainite
|move|p2b: Basculegion|Protect|p2b: Basculegion
|-singleturn|p2b: Basculegion|Protect
|move|p1b: Dragapult|Dragon Darts|p2a: Scovillain
|-damage|p2a: Scovillain|36/100
|-anim|p1b: Dragapult|Dragon Darts|p2a: Scovillain
|-damage|p2a: Scovillain|0 fnt
|faint|p2a: Scovillain
|move|p1a: Scovillain|Giga Drain|p2b: Basculegion
|-activate|p2b: Basculegion|move: Protect
|
|-damage|p1b: Dragapult|40/100 psn|[from] psn
|upkeep
|
|t:|1785976425
|switch|p2a: Sneasler|Sneasler, L50, M|100/100
|turn|4
|
|t:|1785976434
|move|p1a: Scovillain|Protect|p1a: Scovillain
|-singleturn|p1a: Scovillain|Protect
|move|p1b: Dragapult|Dragon Darts|p2a: Sneasler
|-damage|p2a: Sneasler|33/100
|-anim|p1b: Dragapult|Dragon Darts|p2b: Basculegion
|-damage|p2b: Basculegion|32/100
|-enditem|p2b: Basculegion|Sitrus Berry|[eat]
|-heal|p2b: Basculegion|57/100|[from] item: Sitrus Berry
|move|p2a: Sneasler|Gunk Shot|p1a: Scovillain
|-activate|p1a: Scovillain|move: Protect
|move|p2b: Basculegion|Last Respects|p1b: Dragapult
|-supereffective|p1b: Dragapult|1
|-damage|p1b: Dragapult|0 fnt
|faint|p1b: Dragapult
|
|upkeep
|
|t:|1785976442
|switch|p1b: Primarina|Primarina, L50, F|100/100
|turn|5
|
|t:|1785976448
|move|p2a: Sneasler|Gunk Shot|p1a: Scovillain
|-supereffective|p1a: Scovillain|1
|-damage|p1a: Scovillain|0 fnt
|-status|p2a: Sneasler|brn|[from] ability: Spicy Spray|[of] p1a: Scovillain
|faint|p1a: Scovillain
|move|p2b: Basculegion|Last Respects|p1b: Primarina
|-damage|p1b: Primarina|27/100
|-enditem|p1b: Primarina|Sitrus Berry|[eat]
|-heal|p1b: Primarina|52/100|[from] item: Sitrus Berry
|move|p1b: Primarina|Moonblast|p2b: Basculegion
|-damage|p2b: Basculegion|10/100
|-unboost|p2b: Basculegion|spa|1
|
|-damage|p2a: Sneasler|27/100 brn|[from] brn
|upkeep
|turn|6
|
|t:|1785976455
|move|p2a: Sneasler|Gunk Shot|p1b: Primarina
|-supereffective|p1b: Primarina|1
|-damage|p1b: Primarina|0 fnt
|faint|p1b: Primarina
|
|win|porygon peo
|raw|creuza de ma's rating: 1232 → 1209(-23 for losing)
|raw|porygon peo's rating: 1257 → 1280(+23 for winning)
|c|☆porygon peo|ggs
|l|☆creuza de ma
|player|p1|
