|j|☆trinton07
|j|☆panijc
|html|trinton07panijc    
|uhtml|bestof|Game 1 of a best-of-3
|t:|1785809603
|gametype|doubles
|player|p1|trinton07|1|1232
|player|p2|panijc|266|1196
|gen|9
|tier|[Gen 9 Champions] VGC 2026 Reg M-B (Bo3)
|rated|
|rule|Species Clause: Limit one of each Pokémon
|rule|Item Clause: Limit 1 of each item
|clearpoke
|poke|p1|Gengar, L50, F|
|poke|p1|Archaludon, L50, M|
|poke|p1|Politoed, L50, F|
|poke|p1|Swampert, L50, M|
|poke|p1|Vivillon, L50, F|
|poke|p1|Incineroar, L50, F|
|poke|p2|Raichu, L50, F|
|poke|p2|Mamoswine, L50, F|
|poke|p2|Sylveon, L50, F|
|poke|p2|Incineroar, L50, M|
|poke|p2|Basculegion, L50, M|
|poke|p2|Whimsicott, L50, F|
|teampreview|4
|showteam|p1|Gengar||Gengarite|CursedBody|ShadowBall,SludgeBomb,PerishSong,Protect|Modest||F|||50|]Archaludon||Leftovers|Stamina|ElectroShot,DragonPulse,FlashCannon,Protect|Bold||M|||50|]Politoed||SitrusBerry|Drizzle|WeatherBall,Hypnosis,PerishSong,Protect|Calm||F|||50|]Swampert||Swampertite|Torrent|WaveCrash,Earthquake,IcePunch,Protect|Adamant||M|||50|]Vivillon||FocusSash|CompoundEyes|Hurricane,SleepPowder,RagePowder,Protect|Timid||F|||50|]Incineroar||PasshoBerry|Intimidate|ThroatChop,FakeOut,PartingShot,Protect|Impish||F|||50|
|showteam|p2|Raichu||RaichuniteY|LightningRod|ZapCannon,FocusBlast,FakeOut,Protect|Timid||F|||50|]Mamoswine||LifeOrb|Oblivious|IcicleCrash,HighHorsepower,IceShard,Protect|Adamant||F|||50|]Sylveon||FairyFeather|Pixilate|HyperVoice,HyperBeam,Detect,Yawn|Modest||F|||50|]Incineroar||SitrusBerry|Intimidate|ThroatChop,FlareBlitz,FakeOut,PartingShot|Impish||M|||50|]Basculegion||MysticWater|Adaptability|WaveCrash,LastRespects,AquaJet,Protect|Adamant||M|||50|]Whimsicott||FocusSash|Prankster|Moonblast,Tailwind,Protect,Encore|Timid||F|||50|
|inactive|Battle timer is ON: inactive players will automatically lose when time's up. (requested by trinton07)
|
|t:|1785809622
|teamsize|p1|4
|teamsize|p2|4
|start
|switch|p1a: Gengar|Gengar, L50, F|100/100
|switch|p1b: Vivillon|Vivillon, L50, F|100/100
|switch|p2a: Raichu|Raichu, L50, F|100/100
|switch|p2b: Basculegion|Basculegion, L50, M|100/100
|turn|1
|inactive|trinton07 has 30 seconds left.
|inactive|trinton07 has 20 seconds left.
|inactive|trinton07 has 15 seconds left.
|inactive|trinton07 has 10 seconds left.
|
|t:|1785809667
|switch|p1a: Incineroar|Incineroar, L50, F|100/100
|-ability|p1a: Incineroar|Intimidate|boost
|-unboost|p2a: Raichu|atk|1
|-unboost|p2b: Basculegion|atk|1
|detailschange|p2a: Raichu|Raichu-Mega-Y, L50, F
|-mega|p2a: Raichu|Raichu|Raichunite Y
|move|p2a: Raichu|Fake Out|p1b: Vivillon
|-damage|p1b: Vivillon|87/100
|cant|p1b: Vivillon|flinch
|move|p2b: Basculegion|Wave Crash|p1a: Incineroar
|-supereffective|p1a: Incineroar|1
|-enditem|p1a: Incineroar|Passho Berry|[eat]
|-enditem|p1a: Incineroar|Passho Berry|[weaken]
|-damage|p1a: Incineroar|50/100g
|-damage|p2b: Basculegion|84/100|[from] Recoil
|
|upkeep
|turn|2
|
|t:|1785809690
|move|p2a: Raichu|Protect|p2a: Raichu
|-singleturn|p2a: Raichu|Protect
|move|p2b: Basculegion|Aqua Jet|p1b: Vivillon
|-damage|p1b: Vivillon|45/100
|move|p1b: Vivillon|Hurricane|p2b: Basculegion
|-crit|p2b: Basculegion
|-damage|p2b: Basculegion|10/100
|move|p1a: Incineroar|Throat Chop|p2b: Basculegion
|-supereffective|p2b: Basculegion|1
|-damage|p2b: Basculegion|0 fnt
|faint|p2b: Basculegion
|
|upkeep
|
|t:|1785809702
|switch|p2b: Mamoswine|Mamoswine, L50, F|100/100
|turn|3
|
|t:|1785809726
|switch|p1a: Gengar|Gengar, L50, F|100/100
|move|p1b: Vivillon|Protect|p1b: Vivillon
|-singleturn|p1b: Vivillon|Protect
|move|p2b: Mamoswine|Ice Shard|p1b: Vivillon
|-activate|p1b: Vivillon|move: Protect
|move|p2a: Raichu|Focus Blast|p1a: Gengar
|-immune|p1a: Gengar
|
|upkeep
|turn|4
|
|t:|1785809740
|detailschange|p1a: Gengar|Gengar-Mega, L50, F
|-mega|p1a: Gengar|Gengar|Gengarite
|move|p1b: Vivillon|Rage Powder|p1b: Vivillon
|-singleturn|p1b: Vivillon|move: Rage Powder
|move|p2b: Mamoswine|Ice Shard|p1b: Vivillon
|-supereffective|p1b: Vivillon|1
|-damage|p1b: Vivillon|0 fnt
|faint|p1b: Vivillon
|-damage|p2b: Mamoswine|90/100|[from] item: Life Orb
|move|p2a: Raichu|Zap Cannon|p1a: Gengar
|-damage|p1a: Gengar|33/100
|-status|p1a: Gengar|par
|move|p1a: Gengar|Perish Song|p1a: Gengar
|-start|p1a: Gengar|perish3|[silent]
|-start|p2a: Raichu|perish3|[silent]
|-start|p2b: Mamoswine|perish3|[silent]
|-fieldactivate|move: Perish Song
|
|-start|p2a: Raichu|perish3
|-start|p2b: Mamoswine|perish3
|-start|p1a: Gengar|perish3
|upkeep
|
|t:|1785809759
|switch|p1b: Incineroar|Incineroar, L50, F|50/100g
|-ability|p1b: Incineroar|Intimidate|boost
|-unboost|p2a: Raichu|atk|1
|-fail|p2b: Mamoswine|unboost|Attack|[from] ability: Oblivious|[of] p2b: Mamoswine
|turn|5
|
|t:|1785809770
|move|p1b: Incineroar|Protect|p1b: Incineroar
|-singleturn|p1b: Incineroar|Protect
|move|p1a: Gengar|Protect|p1a: Gengar
|-singleturn|p1a: Gengar|Protect
|move|p2a: Raichu|Focus Blast|p1b: Incineroar
|-activate|p1b: Incineroar|move: Protect
|move|p2b: Mamoswine|High Horsepower|p1b: Incineroar
|-activate|p1b: Incineroar|move: Protect
|
|-start|p2a: Raichu|perish2
|-start|p2b: Mamoswine|perish2
|-start|p1a: Gengar|perish2
|upkeep
|turn|6
|
|t:|1785809792
|switch|p1a: Politoed|Politoed, L50, F|100/100
|-weather|RainDance|[from] ability: Drizzle|[of] p1a: Politoed
|move|p2a: Raichu|Focus Blast|p1b: Incineroar
|-supereffective|p1b: Incineroar|1
|-damage|p1b: Incineroar|0 fnt
|faint|p1b: Incineroar
|move|p2b: Mamoswine|High Horsepower|p1a: Politoed
|-damage|p1a: Politoed|31/100
|-enditem|p1a: Politoed|Sitrus Berry|[eat]
|-heal|p1a: Politoed|56/100|[from] item: Sitrus Berry
|-damage|p2b: Mamoswine|80/100|[from] item: Life Orb
|
|-weather|RainDance|[upkeep]
|-start|p2a: Raichu|perish1
|-start|p2b: Mamoswine|perish1
|upkeep
|
|t:|1785809806
|switch|p1b: Gengar|Gengar-Mega, L50, F|33/100 par
|turn|7
|
|t:|1785809814
|move|p1a: Politoed|Protect|p1a: Politoed
|-singleturn|p1a: Politoed|Protect
|cant|p1b: Gengar|par
|move|p2a: Raichu|Zap Cannon|p1a: Politoed
|-activate|p1a: Politoed|move: Protect
|move|p2b: Mamoswine|High Horsepower|p1b: Gengar
|-supereffective|p1b: Gengar|1
|-damage|p1b: Gengar|0 fnt
|faint|p1b: Gengar
|-damage|p2b: Mamoswine|71/100|[from] item: Life Orb
|
|-weather|RainDance|[upkeep]
|-start|p2a: Raichu|perish0
|-start|p2b: Mamoswine|perish0
|faint|p2a: Raichu
|faint|p2b: Mamoswine
|upkeep
|
|t:|1785809830
|switch|p2b: Whimsicott|Whimsicott, L50, F|100/100
|turn|8
|inactive|trinton07 has 30 seconds left.
|
|t:|1785809857
|move|p2b: Whimsicott|Encore|p1a: Politoed
|-start|p1a: Politoed|Encore
|move|p1a: Politoed|Protect||[still]
|-fail|p1a: Politoed
|
|-weather|RainDance|[upkeep]
|upkeep
|turn|9
|
|t:|1785809865
|move|p1a: Politoed|Protect|p1a: Politoed
|-singleturn|p1a: Politoed|Protect
|move|p2b: Whimsicott|Moonblast|p1a: Politoed
|-activate|p1a: Politoed|move: Protect
|
|-weather|RainDance|[upkeep]
|upkeep
|turn|10
|
|t:|1785809872
|move|p1a: Politoed|Protect|p1a: Politoed
|-singleturn|p1a: Politoed|Protect
|move|p2b: Whimsicott|Moonblast|p1a: Politoed
|-activate|p1a: Politoed|move: Protect
|
|-weather|none
|-end|p1a: Politoed|Encore
|upkeep
|turn|11
|
|t:|1785809881
|move|p2b: Whimsicott|Moonblast|p1a: Politoed
|-damage|p1a: Politoed|27/100
|move|p1a: Politoed|Perish Song|p1a: Politoed
|-start|p1a: Politoed|perish3|[silent]
|-start|p2b: Whimsicott|perish3|[silent]
|-fieldactivate|move: Perish Song
|
|-start|p2b: Whimsicott|perish3
|-start|p1a: Politoed|perish3
|upkeep
|turn|12
|
|t:|1785809890
|move|p1a: Politoed|Protect|p1a: Politoed
|-singleturn|p1a: Politoed|Protect
|move|p2b: Whimsicott|Encore|p1a: Politoed
|-activate|p1a: Politoed|move: Protect
|
|-start|p2b: Whimsicott|perish2
|-start|p1a: Politoed|perish2
|upkeep
|turn|13
|
|t:|1785809899
|move|p1a: Politoed|Protect|p1a: Politoed
|-singleturn|p1a: Politoed|Protect
|move|p2b: Whimsicott|Moonblast|p1a: Politoed
|-activate|p1a: Politoed|move: Protect
|
|-start|p2b: Whimsicott|perish1
|-start|p1a: Politoed|perish1
|upkeep
|turn|14
|
|t:|1785809908
|move|p1a: Politoed|Protect||[still]
|-fail|p1a: Politoed
|move|p2b: Whimsicott|Moonblast|p1a: Politoed
|-damage|p1a: Politoed|2/100
|
|-start|p2b: Whimsicott|perish0
|-start|p1a: Politoed|perish0
|upkeep
|faint|p2b: Whimsicott
|faint|p1a: Politoed
|
|win|trinton07
||trinton07 is ready for game 2.
||panijc is ready for game 2.
|uhtml|next|Next: Game 2 of 3
