|j|☆Youax55
|j|☆kihri
|html|Youax55kihri    
|uhtml|bestof|Game 2 of a best-of-3
|t:|1783039628
|gametype|doubles
|player|p1|Youax55|nate|
|player|p2|kihri|jupiter|
|gen|9
|tier|[Gen 9 Champions] VGC 2026 Reg M-B (Bo3)
|rule|Species Clause: Limit one of each Pokémon
|rule|Item Clause: Limit 1 of each item
|clearpoke
|poke|p1|Arcanine-Hisui, L50, M|
|poke|p1|Pidgeot, L50, F|
|poke|p1|Weavile, L50, M|
|poke|p1|Ariados, L50, M|
|poke|p1|Hawlucha, L50, M|
|poke|p1|Vanilluxe, L50, M|
|poke|p2|Toxicroak, L50, F|
|poke|p2|Dedenne, L50, M|
|poke|p2|Beedrill, L50, F|
|poke|p2|Noivern, L50, F|
|poke|p2|Greninja, L50, M|
|poke|p2|Mawile, L50, M|
|teampreview|4
|showteam|p1|Arcanine-Hisui||WhiteHerb|Intimidate|RockSlide,ExtremeSpeed,FlareBlitz,Protect|Adamant||M|||50|]Pidgeot||Pidgeotite|BigPecks|Hurricane,HeatWave,Tailwind,Protect|Modest||F|||50|]Weavile||FocusSash|Pressure|FakeOut,KnockOff,IcicleCrash,Protect|Jolly||M|||50|]Ariados||ChartiBerry|Insomnia|RagePowder,StringShot,SuckerPunch,Protect|Impish||M|||50|]Hawlucha||Hawluchanite|Limber|Entrainment,Protect,DrainPunch,DualWingbeat|Jolly||M|||50|]Vanilluxe||ChoiceScarf|SnowWarning|FlashCannon,Blizzard,IcyWind,SheerCold|Bold||M|||50|
|showteam|p2|Toxicroak||BlackBelt|DrySkin|FakeOut,DrainPunch,PoisonJab,Protect|Adamant||F|||50|]Dedenne||SitrusBerry|CheekPouch|Entrainment,Nuzzle,RainDance,HelpingHand|Timid||M|||50|]Beedrill||Beedrillite|Sniper|FellStinger,Round,PoisonJab,Protect|Jolly||F|||50|]Noivern||FocusSash|Infiltrator|Tailwind,DracoMeteor,AirSlash,Protect|Modest||F|||50|]Greninja||Greninjite|Protean|Waterfall,NightSlash,IcePunch,Protect|Adamant||M|||50|]Mawile||ChoiceScarf|SheerForce|IceBeam,Flamethrower,SteelBeam,FocusBlast|Timid||M|||50|
|j| ChocoHammy
|j| InfiniKnight
|j| budster16
|j| clare_chan1738
|
|t:|1783039688
|teamsize|p1|4
|teamsize|p2|4
|start
|switch|p1a: Weavile|Weavile, L50, M|100/100
|switch|p1b: Ariados|Ariados, L50, M|100/100
|switch|p2a: Noivern|Noivern, L50, F|100/100
|switch|p2b: Mawile|Mawile, L50, M|100/100
|-ability|p1a: Weavile|Pressure
|turn|1
|
|t:|1783039717
|move|p1a: Weavile|Fake Out|p2b: Mawile
|-resisted|p2b: Mawile|1
|-crit|p2b: Mawile
|-damage|p2b: Mawile|83/100
|move|p2a: Noivern|Tailwind|p2a: Noivern
|-sidestart|p2: kihri|move: Tailwind
|cant|p2b: Mawile|flinch
|move|p1b: Ariados|String Shot|p2b: Mawile|[spread] p2a,p2b
|-unboost|p2a: Noivern|spe|2
|-unboost|p2b: Mawile|spe|2
|
|upkeep
|turn|2
|
|t:|1783039735
|move|p2a: Noivern|Protect|p2a: Noivern
|-singleturn|p2a: Noivern|Protect
|move|p1b: Ariados|Rage Powder|p1b: Ariados
|-singleturn|p1b: Ariados|move: Rage Powder
|move|p1a: Weavile|Icicle Crash|p2a: Noivern
|-activate|p2a: Noivern|move: Protect
|move|p2b: Mawile|Steel Beam|p1b: Ariados
|-damage|p1b: Ariados|50/100g
|-damage|p2b: Mawile|33/100|[from] steelbeam
|
|upkeep
|turn|3
|
|t:|1783039772
|switch|p2a: Greninja|Greninja, L50, M|100/100
|move|p1a: Weavile|Knock Off|p2b: Mawile
|-resisted|p2b: Mawile|1
|-damage|p2b: Mawile|0 fnt
|-enditem|p2b: Mawile|Choice Scarf|[from] move: Knock Off|[of] p1a: Weavile
|faint|p2b: Mawile
|move|p1b: Ariados|String Shot|p2a: Greninja|[miss]
|-miss|p1b: Ariados|p2a: Greninja
|
|upkeep
|
|t:|1783039783
|switch|p2b: Noivern|Noivern, L50, F|100/100
|turn|4
|
|t:|1783039825
|detailschange|p2a: Greninja|Greninja-Mega, L50, M
|-mega|p2a: Greninja|Greninja|Greninjite
|move|p2a: Greninja|Waterfall|p1a: Weavile
|-start|p2a: Greninja|typechange|Water|[from] ability: Protean
|-damage|p1a: Weavile|26/100
|move|p2b: Noivern|Air Slash|p1b: Ariados
|-supereffective|p1b: Ariados|1
|-crit|p1b: Ariados
|-damage|p1b: Ariados|0 fnt
|faint|p1b: Ariados
|move|p1a: Weavile|Icicle Crash|p2b: Noivern|[miss]
|-miss|p1a: Weavile|p2b: Noivern
|
|-sideend|p2: kihri|move: Tailwind
|upkeep
|
|t:|1783039841
|switch|p1b: Vanilluxe|Vanilluxe, L50, M|100/100
|-weather|Snowscape|[from] ability: Snow Warning|[of] p1b: Vanilluxe
|turn|5
|
|t:|1783039858
|move|p1a: Weavile|Protect|p1a: Weavile
|-singleturn|p1a: Weavile|Protect
|move|p2b: Noivern|Protect|p2b: Noivern
|-singleturn|p2b: Noivern|Protect
|move|p2a: Greninja|Waterfall|p1a: Weavile
|-activate|p1a: Weavile|move: Protect
|move|p1b: Vanilluxe|Sheer Cold|p2a: Greninja|[miss]
|-miss|p1b: Vanilluxe|p2a: Greninja
|
|-weather|Snowscape|[upkeep]
|upkeep
|turn|6
|
|t:|1783039881
|switch|p2b: Toxicroak|Toxicroak, L50, F|100/100
|move|p1a: Weavile|Icicle Crash|p2b: Toxicroak
|-damage|p2b: Toxicroak|43/100
|move|p2a: Greninja|Waterfall|p1a: Weavile
|-damage|p1a: Weavile|0 fnt
|faint|p1a: Weavile
|move|p1b: Vanilluxe|Sheer Cold|p2a: Greninja|[miss]
|-miss|p1b: Vanilluxe|p2a: Greninja
|
|-weather|Snowscape|[upkeep]
|upkeep
|
|t:|1783039890
|switch|p1a: Hawlucha|Hawlucha, L50, M|100/100
|turn|7
|
|t:|1783039908
|detailschange|p1a: Hawlucha|Hawlucha-Mega, L50, M
|-mega|p1a: Hawlucha|Hawlucha|Hawluchanite
|move|p1a: Hawlucha|Protect|p1a: Hawlucha
|-singleturn|p1a: Hawlucha|Protect
|move|p2b: Toxicroak|Fake Out|p1b: Vanilluxe
|-damage|p1b: Vanilluxe|90/100
|move|p2a: Greninja|Waterfall|p1a: Hawlucha
|-activate|p1a: Hawlucha|move: Protect
|cant|p1b: Vanilluxe|flinch
|
|-weather|Snowscape|[upkeep]
|upkeep
|turn|8
|
|t:|1783039929
|move|p2a: Greninja|Protect|p2a: Greninja
|-singleturn|p2a: Greninja|Protect
|move|p1a: Hawlucha|Entrainment|p1b: Vanilluxe
|-ability|p1b: Vanilluxe|No Guard|Snow Warning|[from] move: Entrainment|[of] p1a: Hawlucha
|move|p1b: Vanilluxe|Sheer Cold|p2b: Toxicroak
|-damage|p2b: Toxicroak|0 fnt
|faint|p2b: Toxicroak
|-ohko
|
|-weather|Snowscape|[upkeep]
|upkeep
|
|t:|1783039939
|switch|p2b: Noivern|Noivern, L50, F|100/100
|turn|9
|
|t:|1783039949
|move|p2a: Greninja|Waterfall|p1b: Vanilluxe
|-damage|p1b: Vanilluxe|61/100
|move|p1a: Hawlucha|Dual Wingbeat|p2b: Noivern
|-damage|p2b: Noivern|73/100
|-damage|p2b: Noivern|48/100
|-hitcount|p2b: Noivern|2
|move|p1b: Vanilluxe|Sheer Cold|p2a: Greninja
|-damage|p2a: Greninja|0 fnt
|faint|p2a: Greninja
|-ohko
|move|p2b: Noivern|Air Slash|p1b: Vanilluxe
|-damage|p1b: Vanilluxe|24/100
|
|-weather|none
|upkeep
|turn|10
|
|t:|1783039965
|move|p1a: Hawlucha|Dual Wingbeat|p2b: Noivern
|-damage|p2b: Noivern|24/100
|-damage|p2b: Noivern|0 fnt
|faint|p2b: Noivern
|-hitcount|p2: Noivern|2
|
|win|Youax55
||kihri is ready for game 3.
||Youax55 is ready for game 3.
|uhtml|next|Next: Game 3 of 3
