|j|☆Typ.Null07
|j|☆dfjkhbf
|html|Typ.Null07dfjkhbf    
|uhtml|bestof|Game 3 of a best-of-3
|t:|1755100611
|gametype|doubles
|player|p1|Typ.Null07|victor-dojo|1175
|player|p2|dfjkhbf|dawn|1224
|gen|9
|tier|[Gen 9] VGC 2025 Reg H (Bo3)
|rated|
|rule|Species Clause: Limit one of each Pokémon
|rule|Item Clause: Limit 1 of each item
|clearpoke
|poke|p1|Volcarona, L50, F|
|poke|p1|Rillaboom, L50, M|
|poke|p1|Ursaluna, L50, M|
|poke|p1|Dragapult, L50, M|
|poke|p1|Farigiraf, L50, F|
|poke|p1|Incineroar, L50, M|
|poke|p2|Weezing-Galar, L50, M|
|poke|p2|Toedscruel, L50, F|
|poke|p2|Typhlosion-Hisui, L50, F|
|poke|p2|Kommo-o, L50, F|
|poke|p2|Talonflame, L50, M|
|poke|p2|Dragapult, L50, F|
|teampreview|4
|showteam|p1|Volcarona||GrassySeed|FlameBody|FieryDance,GigaDrain,QuiverDance,Protect|||F|||50|,,,,,Grass]Rillaboom||AssaultVest|GrassySurge|DrumBeating,GrassyGlide,Uturn,FakeOut|||M|||50|,,,,,Fire]Ursaluna||FlameOrb|Guts|Facade,HeadlongRush,Substitute,Protect|||M|||50|,,,,,Ghost]Dragapult||ChoiceBand|ClearBody|DragonDarts,PhantomForce,Outrage,Uturn|||M|||50|,,,,,Dragon]Farigiraf||ThroatSpray|ArmorTail|HyperVoice,Psychic,Roar,TrickRoom|||F|||50|,,,,,Water]Incineroar||AguavBerry|Intimidate|FlareBlitz,KnockOff,FakeOut,PartingShot|||M|||50|,,,,,Water
|showteam|p2|Weezing-Galar||LifeOrb|NeutralizingGas|Protect,DazzlingGleam,SludgeBomb,StrangeSteam|||M|||50|,,,,,Water]Toedscruel||CovertCloak|MyceliumMight|Spore,RagePowder,Taunt,EarthPower|||F|||50|,,,,,Water]Typhlosion-Hisui||ChoiceScarf|Blaze|Eruption,HeatWave,Flamethrower,ShadowBall|||F|||50|,,,,,Fire]Kommo-o||Leftovers|Overcoat|Protect,BodyPress,FlashCannon,IronDefense|||F|||50|,,,,,Steel]Talonflame||SharpBeak|GaleWings|Protect,BraveBird,WillOWisp,Tailwind|||M|||50|,,,,,Ghost]Dragapult||FocusSash|ClearBody|Protect,DragonDarts,SuckerPunch,PhantomForce|||F|||50|,,,,,Dragon
|inactive|Battle timer is ON: inactive players will automatically lose when time's up. (requested by dfjkhbf)
|inactive|Typ.Null07 also wants the timer to be on.
|
|t:|1755100638
|teamsize|p1|4
|teamsize|p2|4
|start
|switch|p1a: Volcarona|Volcarona, L50, F|100/100
|switch|p1b: Rillaboom|Rillaboom, L50, M|100/100
|switch|p2a: Toedscruel|Toedscruel, L50, F|100/100
|switch|p2b: Typhlosion|Typhlosion-Hisui, L50, F|100/100
|-fieldstart|move: Grassy Terrain|[from] ability: Grassy Surge|[of] p1b: Rillaboom
|-enditem|p1a: Volcarona|Grassy Seed
|-boost|p1a: Volcarona|def|1|[from] item: Grassy Seed
|turn|1
|
|t:|1755100659
|move|p1a: Volcarona|Protect|p1a: Volcarona
|-singleturn|p1a: Volcarona|Protect
|move|p2b: Typhlosion|Eruption|p1b: Rillaboom|[spread] p1b
|-activate|p1a: Volcarona|move: Protect
|-supereffective|p1b: Rillaboom
|-crit|p1b: Rillaboom
|-damage|p1b: Rillaboom|0 fnt
|faint|p1b: Rillaboom
|move|p2a: Toedscruel|Spore|p1a: Volcarona
|-activate|p1a: Volcarona|move: Protect
|
|upkeep
|
|t:|1755100662
|switch|p1b: Farigiraf|Farigiraf, L50, F|100/100
|turn|2
|
|t:|1755100679
|-terastallize|p1b: Farigiraf|Water
|move|p2b: Typhlosion|Eruption|p1b: Farigiraf|[spread] p1a,p1b
|-resisted|p1b: Farigiraf
|-crit|p1b: Farigiraf
|-damage|p1a: Volcarona|43/100
|-damage|p1b: Farigiraf|66/100
|move|p1a: Volcarona|Fiery Dance|p2a: Toedscruel
|-supereffective|p2a: Toedscruel
|-damage|p2a: Toedscruel|26/100
|-boost|p1a: Volcarona|spa|1
|move|p2a: Toedscruel|Spore|p1a: Volcarona
|-status|p1a: Volcarona|slp|[from] move: Spore
|move|p1b: Farigiraf|Trick Room|p1b: Farigiraf
|-fieldstart|move: Trick Room|[of] p1b: Farigiraf
|
|-heal|p1b: Farigiraf|72/100|[from] Grassy Terrain
|-heal|p1a: Volcarona|49/100 slp|[from] Grassy Terrain
|-heal|p2a: Toedscruel|32/100|[from] Grassy Terrain
|upkeep
|turn|3
|inactive|Typ.Null07 has 30 seconds left.
|inactive|dfjkhbf has 30 seconds left.
|
|t:|1755100713
|move|p1b: Farigiraf|Hyper Voice|p2a: Toedscruel|[spread] p2a
|-immune|p2b: Typhlosion
|-damage|p2a: Toedscruel|10/100
|-enditem|p1b: Farigiraf|Throat Spray
|-boost|p1b: Farigiraf|spa|1|[from] item: Throat Spray
|cant|p1a: Volcarona|slp
|move|p2b: Typhlosion|Eruption|p1a: Volcarona|[spread] p1a,p1b
|-resisted|p1b: Farigiraf
|-damage|p1a: Volcarona|0 fnt
|-damage|p1b: Farigiraf|51/100
|faint|p1a: Volcarona
|move|p2a: Toedscruel|Spore|p1b: Farigiraf
|-status|p1b: Farigiraf|slp|[from] move: Spore
|
|-heal|p1b: Farigiraf|57/100 slp|[from] Grassy Terrain
|-heal|p2a: Toedscruel|17/100|[from] Grassy Terrain
|upkeep
|
|t:|1755100717
|switch|p1a: Ursaluna|Ursaluna, L50, M|100/100
|turn|4
|
|t:|1755100731
|move|p1a: Ursaluna|Protect|p1a: Ursaluna
|-singleturn|p1a: Ursaluna|Protect
|cant|p1b: Farigiraf|slp
|move|p2b: Typhlosion|Eruption|p1b: Farigiraf|[spread] p1b
|-activate|p1a: Ursaluna|move: Protect
|-resisted|p1b: Farigiraf
|-crit|p1b: Farigiraf
|-damage|p1b: Farigiraf|21/100 slp
|move|p2a: Toedscruel|Spore|p1a: Ursaluna
|-activate|p1a: Ursaluna|move: Protect
|
|-heal|p1b: Farigiraf|27/100 slp|[from] Grassy Terrain
|-heal|p2a: Toedscruel|23/100|[from] Grassy Terrain
|-status|p1a: Ursaluna|brn|[from] item: Flame Orb
|upkeep
|turn|5
|
|t:|1755100747
|move|p1a: Ursaluna|Headlong Rush|p2b: Typhlosion
|-supereffective|p2b: Typhlosion
|-damage|p2b: Typhlosion|0 fnt
|-unboost|p1a: Ursaluna|def|1
|-unboost|p1a: Ursaluna|spd|1
|faint|p2b: Typhlosion
|-curestatus|p1b: Farigiraf|slp|[msg]
|move|p1b: Farigiraf|Psychic|p2a: Toedscruel
|-damage|p2a: Toedscruel|0 fnt
|faint|p2a: Toedscruel
|
|-heal|p1b: Farigiraf|32/100|[from] Grassy Terrain
|-damage|p1a: Ursaluna|95/100 brn|[from] brn
|-fieldend|move: Grassy Terrain
|upkeep
|
|t:|1755100752
|switch|p2b: Kommo-o|Kommo-o, L50, F|100/100
|switch|p2a: Weezing|Weezing-Galar, L50, M|100/100
|-ability|p2a: Weezing|Neutralizing Gas
|turn|6
|
|t:|1755100764
|move|p2a: Weezing|Protect|p2a: Weezing
|-singleturn|p2a: Weezing|Protect
|move|p2b: Kommo-o|Protect|p2b: Kommo-o
|-singleturn|p2b: Kommo-o|Protect
|move|p1a: Ursaluna|Substitute|p1a: Ursaluna
|-start|p1a: Ursaluna|Substitute
|-damage|p1a: Ursaluna|70/100 brn
|move|p1b: Farigiraf|Psychic|p2b: Kommo-o
|-activate|p2b: Kommo-o|move: Protect
|
|-damage|p1a: Ursaluna|64/100 brn|[from] brn
|-fieldend|move: Trick Room
|upkeep
|turn|7
|
|t:|1755100787
|-terastallize|p2b: Kommo-o|Steel
|move|p2b: Kommo-o|Body Press|p1a: Ursaluna
|-supereffective|p1a: Ursaluna
|-end|p1a: Ursaluna|Substitute
|move|p2a: Weezing|Sludge Bomb|p1b: Farigiraf
|-damage|p1b: Farigiraf|0 fnt
|faint|p1b: Farigiraf
|-damage|p2a: Weezing|91/100|[from] item: Life Orb
|move|p1a: Ursaluna|Facade|p2b: Kommo-o
|-resisted|p2b: Kommo-o
|-damage|p2b: Kommo-o|70/100
|
|-heal|p2b: Kommo-o|76/100|[from] item: Leftovers
|-damage|p1a: Ursaluna|58/100 brn|[from] brn
|upkeep
|turn|8
|c|☆Typ.Null07|ggwp
|c|☆dfjkhbf|ggwp
|
|t:|1755100806
|move|p2b: Kommo-o|Body Press|p1a: Ursaluna
|-supereffective|p1a: Ursaluna
|-damage|p1a: Ursaluna|0 fnt
|faint|p1a: Ursaluna
|
|win|dfjkhbf
|raw|Typ.Null07's rating: 1175 → 1154(-21 for losing)
|raw|dfjkhbf's rating: 1224 → 1245(+21 for winning)
|l|☆Typ.Null07
|player|p1|
