|j|☆y-rocko
|j|☆FakePittTestA
|html|y-rockoFakePittTestA    
|uhtml|bestof|Game 1 of a best-of-3
|t:|1757801386
|gametype|doubles
|player|p1|y-rocko|grimsley|1057
|player|p2|FakePittTestA|lucas|1000
|gen|9
|tier|[Gen 9] VGC 2025 Reg H (Bo3)
|rated|
|rule|Species Clause: Limit one of each Pokémon
|rule|Item Clause: Limit 1 of each item
|clearpoke
|poke|p1|Ribombee, L50, M|
|poke|p1|Stonjourner, L50, M|
|poke|p1|Whimsicott, L50, M|
|poke|p1|Typhlosion-Hisui, L50, M|
|poke|p1|Flygon, L50, F|
|poke|p1|Bronzong, L50|
|poke|p2|Ursaluna-Bloodmoon, L50, M|
|poke|p2|Sinistcha-Masterpiece, L50|
|poke|p2|Klefki, L50, M|
|poke|p2|Tyranitar, L50, F|
|poke|p2|Excadrill, L50, F|
|poke|p2|Decidueye-Hisui, L50, M|
|teampreview|4
|showteam|p1|Ribombee||ChoiceSpecs|ShieldDust|Moonblast,DazzlingGleam,Uturn,PollenPuff|||M|||50|,,,,,Fairy]Stonjourner||FocusSash|PowerSpot|WideGuard,RockSlide,HeatCrash,LowKick|||M|||50|,,,,,Fire]Whimsicott||CovertCloak|Prankster|Tailwind,FakeTears,SunnyDay,Moonblast|||M|||50|,,,,,Water]Typhlosion-Hisui||Charcoal|Frisk|Protect,Eruption,ShadowBall,Flamethrower|||M|||50|,,,,,Fire]Flygon||LifeOrb|Levitate|Protect,DracoMeteor,EarthPower,GigaDrain|||F|||50|,,,,,Steel]Bronzong||SitrusBerry|Levitate|TrickRoom,GyroBall,BodyPress,Psychic||||||50|,,,,,Dragon
|showteam|p2|Ursaluna-Bloodmoon||AssaultVest|MindsEye|HyperVoice,BloodMoon,VacuumWave,EarthPower|||M|||50|,,,,,Poison]Sinistcha-Masterpiece||SitrusBerry|Hospitality|MatchaGotcha,LifeDew,CalmMind,TrickRoom||||||50|,,,,,Water]Klefki||LightClay|Prankster|MistyTerrain,Reflect,LightScreen,DazzlingGleam|||M|||50|,,,,,Water]Tyranitar||ClearAmulet|SandStream|RockSlide,LowKick,TeraBlast,KnockOff|||F|||50|,,,,,Flying]Excadrill||FocusSash|SandRush|HighHorsepower,Earthquake,RockSlide,Protect|||F|||50|,,,,,Stellar]Decidueye-Hisui||ScopeLens|Scrappy|TripleArrows,LeafBlade,Haze,Protect|||M|||50|,,,,,Water
|inactive|Battle timer is ON: inactive players will automatically lose when time's up. (requested by FakePittTestA)
|inactive|y-rocko has 60 seconds left.
|inactive|FakePittTestA has 60 seconds left.
|
|t:|1757801428
|teamsize|p1|4
|teamsize|p2|4
|start
|switch|p1a: Whimsicott|Whimsicott, L50, M|100/100
|switch|p1b: Flygon|Flygon, L50, F|100/100
|switch|p2a: Klefki|Klefki, L50, M, shiny|100/100
|switch|p2b: Sinistcha|Sinistcha-Masterpiece, L50|100/100
|turn|1
|inactive|y-rocko has 30 seconds left.
|
|t:|1757801454
|move|p1a: Whimsicott|Fake Tears|p2a: Klefki
|-unboost|p2a: Klefki|spd|2
|move|p2a: Klefki|Misty Terrain|p2a: Klefki
|-fieldstart|move: Misty Terrain
|move|p1b: Flygon|Earth Power|p2a: Klefki
|-supereffective|p2a: Klefki
|-damage|p2a: Klefki|0 fnt
|faint|p2a: Klefki
|-damage|p1b: Flygon|91/100|[from] item: Life Orb
|move|p2b: Sinistcha|Trick Room|p2b: Sinistcha
|-fieldstart|move: Trick Room|[of] p2b: Sinistcha
|
|upkeep
|
|t:|1757801469
|switch|p2a: Tyranitar|Tyranitar, L50, F|100/100
|-weather|Sandstorm|[from] ability: Sand Stream|[of] p2a: Tyranitar
|turn|2
|
|t:|1757801485
|-terastallize|p2a: Tyranitar|Flying
|move|p1b: Flygon|Protect|p1b: Flygon
|-singleturn|p1b: Flygon|Protect
|move|p1a: Whimsicott|Sunny Day|p1a: Whimsicott
|-weather|SunnyDay
|move|p2b: Sinistcha|Matcha Gotcha|p1b: Flygon|[spread] p1a
|-activate|p1b: Flygon|move: Protect
|-resisted|p1a: Whimsicott
|-damage|p1a: Whimsicott|86/100
|move|p2a: Tyranitar|Tera Blast|p1a: Whimsicott|[anim] Tera Blast Flying
|-supereffective|p1a: Whimsicott
|-damage|p1a: Whimsicott|3/100
|
|-weather|SunnyDay|[upkeep]
|upkeep
|turn|3
|
|t:|1757801507
|switch|p2a: Ursaluna|Ursaluna-Bloodmoon, L50, M|100/100
|move|p1a: Whimsicott|Fake Tears|p2a: Ursaluna
|-unboost|p2a: Ursaluna|spd|2
|move|p2b: Sinistcha|Matcha Gotcha|p1b: Flygon|[spread] p1a,p1b
|-resisted|p1a: Whimsicott
|-crit|p1b: Flygon
|-damage|p1a: Whimsicott|0 fnt
|-damage|p1b: Flygon|44/100
|faint|p1a: Whimsicott
|move|p1b: Flygon|Draco Meteor|p2a: Ursaluna
|-damage|p2a: Ursaluna|58/100
|-unboost|p1b: Flygon|spa|2
|-damage|p1b: Flygon|34/100|[from] item: Life Orb
|
|-weather|SunnyDay|[upkeep]
|upkeep
|
|t:|1757801522
|switch|p1a: Ribombee|Ribombee, L50, M|100/100
|turn|4
|
|t:|1757801529
|move|p1b: Flygon|Protect|p1b: Flygon
|-singleturn|p1b: Flygon|Protect
|move|p2a: Ursaluna|Hyper Voice|p1b: Flygon|[spread] p1a
|-activate|p1b: Flygon|move: Protect
|-damage|p1a: Ribombee|35/100
|move|p2b: Sinistcha|Calm Mind|p2b: Sinistcha
|-boost|p2b: Sinistcha|spa|1
|-boost|p2b: Sinistcha|spd|1
|move|p1a: Ribombee|U-turn|p2a: Ursaluna
|-damage|p2a: Ursaluna|47/100
|
|t:|1757801536
|switch|p1a: Typhlosion|Typhlosion-Hisui, L50, M|100/100|[from] U-turn
|-item|p2a: Ursaluna|Assault Vest|[from] ability: Frisk|[of] p1a: Typhlosion
|-item|p2b: Sinistcha|Sitrus Berry|[from] ability: Frisk|[of] p1a: Typhlosion
|
|-weather|SunnyDay|[upkeep]
|upkeep
|turn|5
|
|t:|1757801549
|switch|p1b: Ribombee|Ribombee, L50, M|35/100
|move|p1a: Typhlosion|Protect|p1a: Typhlosion
|-singleturn|p1a: Typhlosion|Protect
|move|p2a: Ursaluna|Hyper Voice|p1b: Ribombee|[spread] p1b
|-activate|p1a: Typhlosion|move: Protect
|-damage|p1b: Ribombee|0 fnt
|faint|p1b: Ribombee
|move|p2b: Sinistcha|Calm Mind|p2b: Sinistcha
|-boost|p2b: Sinistcha|spa|1
|-boost|p2b: Sinistcha|spd|1
|
|-weather|SunnyDay|[upkeep]
|-fieldend|move: Trick Room
|-fieldend|Misty Terrain
|upkeep
|
|t:|1757801554
|switch|p1b: Flygon|Flygon, L50, F|34/100
|turn|6
|
|t:|1757801574
|switch|p2a: Tyranitar|Tyranitar, L50, F, tera:Flying|100/100
|-weather|Sandstorm|[from] ability: Sand Stream|[of] p2a: Tyranitar
|-terastallize|p1a: Typhlosion|Fire
|move|p1a: Typhlosion|Eruption|p2b: Sinistcha|[spread] p2a,p2b
|-supereffective|p2b: Sinistcha
|-damage|p2a: Tyranitar|11/100
|-damage|p2b: Sinistcha|11/100
|-enditem|p2b: Sinistcha|Sitrus Berry|[eat]
|-heal|p2b: Sinistcha|35/100|[from] item: Sitrus Berry
|move|p1b: Flygon|Draco Meteor|p2b: Sinistcha
|-damage|p2b: Sinistcha|0 fnt
|-unboost|p1b: Flygon|spa|2
|faint|p2b: Sinistcha
|-damage|p1b: Flygon|25/100|[from] item: Life Orb
|
|-weather|Sandstorm|[upkeep]
|-damage|p1a: Typhlosion|94/100|[from] Sandstorm
|-damage|p2a: Tyranitar|4/100|[from] Sandstorm
|upkeep
|
|t:|1757801586
|switch|p2b: Ursaluna|Ursaluna-Bloodmoon, L50, M|47/100
|turn|7
|
|t:|1757801596
|move|p1a: Typhlosion|Eruption|p2a: Tyranitar|[spread] p2a,p2b
|-crit|p2a: Tyranitar
|-damage|p2a: Tyranitar|0 fnt
|-damage|p2b: Ursaluna|0 fnt
|faint|p2a: Tyranitar
|faint|p2b: Ursaluna
|
|win|y-rocko
||y-rocko is ready for game 2.
