|j|☆Chelicerate1
|j|☆sjeba
|html|Chelicerate1sjeba    
|uhtml|bestof|Game 2 of a best-of-3
|t:|1785318866
|gametype|doubles
|player|p1|Chelicerate1|ethan|1426
|player|p2|sjeba|170|1321
|gen|9
|tier|[Gen 9 Champions] VGC 2026 Reg M-B (Bo3)
|rated|
|rule|Species Clause: Limit one of each Pokémon
|rule|Item Clause: Limit 1 of each item
|clearpoke
|poke|p1|Grimmsnarl, L50, M|
|poke|p1|Basculegion, L50, M|
|poke|p1|Charizard, L50, F|
|poke|p1|Pelipper, L50, M|
|poke|p1|Venusaur, L50, M|
|poke|p1|Archaludon, L50, M|
|poke|p2|Tyranitar, L50, M|
|poke|p2|Excadrill, L50, F|
|poke|p2|Milotic, L50, F|
|poke|p2|Gholdengo, L50|
|poke|p2|Sinistcha, L50|
|poke|p2|Staraptor, L50, M|
|teampreview|4
|showteam|p1|Grimmsnarl||LightClay|Prankster|SpiritBreak,PartingShot,Reflect,LightScreen|Sassy||M|||50|]Basculegion||ChoiceScarf|Adaptability|LastRespects,WaveCrash,AquaJet,FlipTurn|Jolly||M|||50|]Charizard||CharizarditeY|Blaze|Protect,HeatWave,WeatherBall,SolarBeam|Modest||F|||50|]Pelipper||SitrusBerry|Drizzle|Hurricane,WeatherBall,Tailwind,WideGuard|Modest||M|||50|]Venusaur||FocusSash|Chlorophyll|SludgeBomb,SleepPowder,EarthPower,Protect|Modest||M|||50|]Archaludon||Leftovers|Stamina|ElectroShot,DragonPulse,FlashCannon,Protect|Calm||M|||50|
|showteam|p2|Tyranitar||Tyranitarite|SandStream|KnockOff,RockSlide,HighHorsepower,Protect|Jolly||M|||50|]Excadrill||FocusSash|SandRush|HighHorsepower,IronHead,RockSlide,Protect|Jolly||F|||50|]Milotic||SitrusBerry|Competitive|Scald,IcyWind,Haze,Protect|Calm||F|||50|]Gholdengo||LifeOrb|GoodasGold|MakeItRain,ShadowBall,NastyPlot,Protect|Modest|||||50|]Sinistcha||ColburBerry|Hospitality|MatchaGotcha,ShadowBall,Protect,RagePowder|Bold|||||50|]Staraptor||Staraptite|Intimidate|CloseCombat,BraveBird,Tailwind,Protect|Jolly||M|||50|
|inactive|Battle timer is ON: inactive players will automatically lose when time's up. (requested by Chelicerate1)
|
|t:|1785318891
|teamsize|p1|4
|teamsize|p2|4
|start
|switch|p1a: Charizard|Charizard, L50, F|100/100
|switch|p1b: Venusaur|Venusaur, L50, M|100/100
|switch|p2a: Excadrill|Excadrill, L50, F|100/100
|switch|p2b: Tyranitar|Tyranitar, L50, M|100/100
|-weather|Sandstorm|[from] ability: Sand Stream|[of] p2b: Tyranitar
|turn|1
|
|t:|1785318910
|move|p2a: Excadrill|Protect|p2a: Excadrill
|-singleturn|p2a: Excadrill|Protect
|move|p1a: Charizard|Protect|p1a: Charizard
|-singleturn|p1a: Charizard|Protect
|move|p2b: Tyranitar|Protect|p2b: Tyranitar
|-singleturn|p2b: Tyranitar|Protect
|move|p1b: Venusaur|Sleep Powder|p2a: Excadrill
|-activate|p2a: Excadrill|move: Protect
|
|-weather|Sandstorm|[upkeep]
|-damage|p1a: Charizard|94/100|[from] Sandstorm
|-damage|p1b: Venusaur|94/100|[from] Sandstorm
|upkeep
|turn|2
|inactive|sjeba has 30 seconds left.
|
|t:|1785318939
|switch|p1a: Archaludon|Archaludon, L50, M|100/100
|detailschange|p2b: Tyranitar|Tyranitar-Mega, L50, M
|-mega|p2b: Tyranitar|Tyranitar|Tyranitarite
|move|p1b: Venusaur|Protect|p1b: Venusaur
|-singleturn|p1b: Venusaur|Protect
|move|p2a: Excadrill|Iron Head|p1b: Venusaur
|-activate|p1b: Venusaur|move: Protect
|move|p2b: Tyranitar|Knock Off|p1b: Venusaur
|-activate|p1b: Venusaur|move: Protect
|
|-weather|Sandstorm|[upkeep]
|-damage|p1b: Venusaur|88/100|[from] Sandstorm
|upkeep
|turn|3
|
|t:|1785318956
|switch|p1b: Pelipper|Pelipper, L50, M|100/100
|-weather|RainDance|[from] ability: Drizzle|[of] p1b: Pelipper
|move|p2a: Excadrill|Iron Head|p1b: Pelipper
|-resisted|p1b: Pelipper|1
|-damage|p1b: Pelipper|78/100
|move|p2b: Tyranitar|Knock Off|p1b: Pelipper
|-damage|p1b: Pelipper|19/100
|-enditem|p1b: Pelipper|Sitrus Berry|[from] move: Knock Off|[of] p2b: Tyranitar
|move|p1a: Archaludon|Electro Shot||[still]
|-prepare|p1a: Archaludon|Electro Shot
|-boost|p1a: Archaludon|spa|1
|-anim|p1a: Archaludon|Electro Shot|p2b: Tyranitar
|-damage|p2b: Tyranitar|55/100
|
|-weather|RainDance|[upkeep]
|upkeep
|turn|4
|inactive|sjeba has 30 seconds left.
|
|t:|1785318983
|switch|p2b: Sinistcha|Sinistcha, L50|100/100
|move|p2a: Excadrill|Iron Head|p1b: Pelipper
|-resisted|p1b: Pelipper|1
|-damage|p1b: Pelipper|0 fnt
|faint|p1b: Pelipper
|move|p1a: Archaludon|Electro Shot||[still]
|-prepare|p1a: Archaludon|Electro Shot
|-boost|p1a: Archaludon|spa|1
|-anim|p1a: Archaludon|Electro Shot|p2b: Sinistcha
|-resisted|p2b: Sinistcha|1
|-damage|p2b: Sinistcha|64/100
|
|-weather|RainDance|[upkeep]
|upkeep
|
|t:|1785318992
|switch|p1b: Charizard|Charizard, L50, F|94/100
|turn|5
|
|t:|1785319003
|detailschange|p1b: Charizard|Charizard-Mega-Y, L50, F
|-mega|p1b: Charizard|Charizard|Charizardite Y
|-weather|SunnyDay|[from] ability: Drought|[of] p1b: Charizard
|move|p2a: Excadrill|Protect|p2a: Excadrill
|-singleturn|p2a: Excadrill|Protect
|move|p2b: Sinistcha|Protect|p2b: Sinistcha
|-singleturn|p2b: Sinistcha|Protect
|move|p1b: Charizard|Heat Wave|p2b: Sinistcha|[spread] 
|-activate|p2a: Excadrill|move: Protect
|-activate|p2b: Sinistcha|move: Protect
|move|p1a: Archaludon|Dragon Pulse|p2a: Excadrill
|-activate|p2a: Excadrill|move: Protect
|
|-weather|SunnyDay|[upkeep]
|upkeep
|turn|6
|
|t:|1785319014
|switch|p2b: Tyranitar|Tyranitar-Mega, L50, M|55/100
|-weather|Sandstorm|[from] ability: Sand Stream|[of] p2b: Tyranitar
|move|p1b: Charizard|Protect|p1b: Charizard
|-singleturn|p1b: Charizard|Protect
|move|p2a: Excadrill|Rock Slide|p1a: Archaludon|[spread] p1a
|-activate|p1b: Charizard|move: Protect
|-resisted|p1a: Archaludon|1
|-damage|p1a: Archaludon|93/100
|-ability|p1a: Archaludon|Stamina|boost
|-boost|p1a: Archaludon|def|1
|move|p1a: Archaludon|Flash Cannon|p2a: Excadrill
|-resisted|p2a: Excadrill|1
|-damage|p2a: Excadrill|54/100
|
|-weather|Sandstorm|[upkeep]
|-damage|p1b: Charizard|88/100|[from] Sandstorm
|-heal|p1a: Archaludon|99/100|[from] item: Leftovers
|upkeep
|turn|7
|inactive|sjeba has 30 seconds left.
|
|t:|1785319045
|switch|p1b: Venusaur|Venusaur, L50, M|88/100
|switch|p2b: Sinistcha|Sinistcha, L50|64/100
|-heal|p2a: Excadrill|79/100|[from] ability: Hospitality|[of] p2b: Sinistcha
|move|p2a: Excadrill|High Horsepower|p1a: Archaludon
|-supereffective|p1a: Archaludon|1
|-damage|p1a: Archaludon|52/100
|-ability|p1a: Archaludon|Stamina|boost
|-boost|p1a: Archaludon|def|1
|move|p1a: Archaludon|Flash Cannon|p2b: Sinistcha
|-damage|p2b: Sinistcha|0 fnt
|faint|p2b: Sinistcha
|
|-weather|Sandstorm|[upkeep]
|-damage|p1b: Venusaur|82/100|[from] Sandstorm
|-heal|p1a: Archaludon|59/100|[from] item: Leftovers
|upkeep
|
|t:|1785319057
|switch|p2b: Gholdengo|Gholdengo, L50|100/100
|turn|8
|
|t:|1785319078
|move|p2a: Excadrill|Protect|p2a: Excadrill
|-singleturn|p2a: Excadrill|Protect
|move|p1b: Venusaur|Earth Power|p2a: Excadrill
|-activate|p2a: Excadrill|move: Protect
|move|p1a: Archaludon|Flash Cannon|p2b: Gholdengo
|-resisted|p2b: Gholdengo|1
|-damage|p2b: Gholdengo|68/100
|move|p2b: Gholdengo|Shadow Ball|p1a: Archaludon
|-damage|p1a: Archaludon|12/100
|-ability|p1a: Archaludon|Stamina|boost
|-boost|p1a: Archaludon|def|1
|-damage|p2b: Gholdengo|58/100|[from] item: Life Orb
|
|-weather|Sandstorm|[upkeep]
|-damage|p1b: Venusaur|77/100|[from] Sandstorm
|-heal|p1a: Archaludon|18/100|[from] item: Leftovers
|upkeep
|turn|9
|inactive|sjeba has 30 seconds left.
|inactive|sjeba has 20 seconds left.
|
|t:|1785319114
|move|p1a: Archaludon|Protect|p1a: Archaludon
|-singleturn|p1a: Archaludon|Protect
|move|p2a: Excadrill|High Horsepower|p1a: Archaludon
|-activate|p1a: Archaludon|move: Protect
|move|p1b: Venusaur|Earth Power|p2b: Gholdengo
|-supereffective|p2b: Gholdengo|1
|-damage|p2b: Gholdengo|6/100
|move|p2b: Gholdengo|Make It Rain|p1b: Venusaur|[spread] p1b
|-activate|p1a: Archaludon|move: Protect
|-damage|p1b: Venusaur|12/100
|-unboost|p2b: Gholdengo|spa|2
|-damage|p2b: Gholdengo|0 fnt|[from] item: Life Orb
|faint|p2b: Gholdengo
|
|-weather|Sandstorm|[upkeep]
|-damage|p1b: Venusaur|7/100|[from] Sandstorm
|-heal|p1a: Archaludon|24/100|[from] item: Leftovers
|upkeep
|
|t:|1785319121
|switch|p2b: Tyranitar|Tyranitar-Mega, L50, M|55/100
|turn|10
|inactive|sjeba has 30 seconds left.
|inactive|sjeba has 20 seconds left.
|
|t:|1785319159
|switch|p1a: Charizard|Charizard-Mega-Y, L50, F|88/100
|-weather|SunnyDay|[from] ability: Drought|[of] p1a: Charizard
|move|p1b: Venusaur|Sleep Powder|p2b: Tyranitar|[miss]
|-miss|p1b: Venusaur|p2b: Tyranitar
|move|p2a: Excadrill|High Horsepower|p1a: Charizard
|-immune|p1a: Charizard
|move|p2b: Tyranitar|Rock Slide|p1b: Venusaur|[spread] 
|-miss|p2b: Tyranitar|p1a: Charizard
|-miss|p2b: Tyranitar|p1b: Venusaur
|
|-weather|SunnyDay|[upkeep]
|upkeep
|turn|11
|c|☆sjeba|unreal
|
|t:|1785319177
|move|p1b: Venusaur|Sleep Powder|p2a: Excadrill
|-status|p2a: Excadrill|slp|[from] move: Sleep Powder
|cant|p2a: Excadrill|slp
|move|p1a: Charizard|Heat Wave|p2a: Excadrill|[spread] p2a,p2b
|-supereffective|p2a: Excadrill|1
|-resisted|p2b: Tyranitar|1
|-damage|p2a: Excadrill|0 fnt
|-damage|p2b: Tyranitar|32/100
|faint|p2a: Excadrill
|move|p2b: Tyranitar|Rock Slide|p1a: Charizard|[spread] p1a,p1b
|-supereffective|p1a: Charizard|2
|-crit|p1b: Venusaur
|-damage|p1a: Charizard|0 fnt
|-damage|p1b: Venusaur|0 fnt
|faint|p1a: Charizard
|faint|p1b: Venusaur
|
|-weather|SunnyDay|[upkeep]
|upkeep
|
|t:|1785319180
|switch|p1b: Archaludon|Archaludon, L50, M|24/100
|turn|12
|
|t:|1785319187
|move|p1b: Archaludon|Protect|p1b: Archaludon
|-singleturn|p1b: Archaludon|Protect
|move|p2b: Tyranitar|High Horsepower|p1b: Archaludon
|-activate|p1b: Archaludon|move: Protect
|
|-weather|SunnyDay|[upkeep]
|-heal|p1b: Archaludon|31/100|[from] item: Leftovers
|upkeep
|turn|13
|
|t:|1785319194
|move|p2b: Tyranitar|High Horsepower|p1b: Archaludon
|-supereffective|p1b: Archaludon|1
|-damage|p1b: Archaludon|0 fnt
|faint|p1b: Archaludon
|
|win|sjeba
