|j|☆APurpleBot
|j|☆Welwitchia
|html|APurpleBotWelwitchia    
|uhtml|bestof|Game 3 of a best-of-3
|t:|1783945843
|gametype|doubles
|player|p1|APurpleBot|dawn-gen4pt|1015
|player|p2|Welwitchia|pokemonbreeder-gen4|1000
|gen|9
|tier|[Gen 9 Champions] VGC 2026 Reg M-B (Bo3)
|rated|
|rule|Species Clause: Limit one of each Pokémon
|rule|Item Clause: Limit 1 of each item
|clearpoke
|poke|p1|Kangaskhan, L50, F|
|poke|p1|Blaziken, L50, M|
|poke|p1|Decidueye-Hisui, L50, F|
|poke|p1|Raichu, L50, F|
|poke|p1|Kleavor, L50, M|
|poke|p1|Barbaracle, L50, F|
|poke|p2|Banette, L50, F, shiny|
|poke|p2|Umbreon, L50, M|
|poke|p2|Blastoise, L50, F, shiny|
|poke|p2|Charizard, L50, M|
|poke|p2|Hatterene, L50, F, shiny|
|poke|p2|Venusaur, L50, M|
|teampreview|4
|showteam|p1|Kangaskhan||Kangaskhanite|InnerFocus|DoubleEdge,Protect,FakeOut,LowKick|Jolly||F|||50|]Blaziken||ExpertBelt|SpeedBoost|HeatWave,SwordsDance,BatonPass,AuraSphere|Modest||M|||50|]Decidueye-Hisui||ScopeLens|Scrappy|TripleArrows,LeafBlade,Tailwind,BrickBreak|Adamant||F|||50|]Raichu||RaichuniteX|LightningRod|FakeOut,VoltTackle,Feint,PlayRough|Jolly||F|||50|]Kleavor||FocusSash|Sharpness|Tailwind,RockSlide,XScissor,Uturn|Jolly||M|||50|]Barbaracle||WhiteHerb|ToughClaws|ShellSmash,Earthquake,Taunt,Liquidation|Adamant||F|||50|
|showteam|p2|Banette||Banettite|CursedBody|SkitterSmack,Disable,FoulPlay,DestinyBond|Careful||F|||50|]Umbreon||MentalHerb|InnerFocus|FoulPlay,Swagger,Toxic,Tickle|Calm||M|||50|]Blastoise||MysticWater|RainDish|MuddyWater,FakeOut,IceBeam,AquaJet|Quiet||F|||50|]Charizard||CharizarditeY|Blaze|AirSlash,SolarBeam,HeatWave,RockSlide|Hasty||M|||50|]Hatterene||BabiriBerry|MagicBounce|MagicPowder,TrickRoom,DazzlingGleam,LifeDew|Sassy||F|||50|]Venusaur||Leftovers|Chlorophyll|WorrySeed,SweetScent,SleepPowder,AcidSpray|Timid||M|||50|
|inactive|Battle timer is ON: inactive players will automatically lose when time's up. (requested by APurpleBot)
|
|t:|1783945868
|teamsize|p1|4
|teamsize|p2|4
|start
|switch|p1a: Blaziken|Blaziken, L50, M|100/100
|switch|p1b: Kangaskhan|Kangaskhan, L50, F|100/100
|switch|p2a: Banette|Banette, L50, F, shiny|100/100
|switch|p2b: Umbreon|Umbreon, L50, M|100/100
|turn|1
|inactive|Welwitchia has 30 seconds left.
|inactive|APurpleBot has 30 seconds left.
|
|t:|1783945906
|switch|p1b: Decidueye|Decidueye-Hisui, L50, F|100/100
|detailschange|p2a: Banette|Banette-Mega, L50, F, shiny
|-mega|p2a: Banette|Banette|Banettite
|move|p1a: Blaziken|Aura Sphere|p2b: Umbreon
|-supereffective|p2b: Umbreon|1
|-damage|p2b: Umbreon|49/100
|move|p2a: Banette|Skitter Smack|p1b: Decidueye
|-damage|p1b: Decidueye|74/100
|-unboost|p1b: Decidueye|spa|1
|move|p2b: Umbreon|Tickle|p1a: Blaziken
|-unboost|p1a: Blaziken|atk|1
|-unboost|p1a: Blaziken|def|1
|
|-ability|p1a: Blaziken|Speed Boost|boost
|-boost|p1a: Blaziken|spe|1
|upkeep
|turn|2
|
|t:|1783945931
|switch|p2b: Hatterene|Hatterene, L50, F, shiny|100/100
|move|p2a: Banette|Disable|p1a: Blaziken
|-start|p1a: Blaziken|Disable|Aura Sphere
|cant|p1a: Blaziken|Disable|Aura Sphere
|move|p1b: Decidueye|Tailwind|p1b: Decidueye
|-sidestart|p1: APurpleBot|move: Tailwind
|
|-ability|p1a: Blaziken|Speed Boost|boost
|-boost|p1a: Blaziken|spe|1
|upkeep
|turn|3
|inactive|APurpleBot has 30 seconds left.
|
|t:|1783945959
|move|p1a: Blaziken|Baton Pass|p1a: Blaziken
|
|t:|1783945964
|switch|p1a: Kleavor|Kleavor, L50, M|100/100|[from] Baton Pass
|move|p1b: Decidueye|Leaf Blade|p2b: Hatterene
|-damage|p2b: Hatterene|48/100
|move|p2a: Banette|Skitter Smack|p1a: Kleavor
|-damage|p1a: Kleavor|55/100
|-unboost|p1a: Kleavor|spa|1
|move|p2b: Hatterene|Trick Room|p2b: Hatterene
|-fieldstart|move: Trick Room|[of] p2b: Hatterene
|
|upkeep
|turn|4
|inactive|Welwitchia has 30 seconds left.
|
|t:|1783945999
|move|p2b: Hatterene|Magic Powder|p1a: Kleavor
|-start|p1a: Kleavor|typechange|Psychic
|move|p2a: Banette|Foul Play|p1a: Kleavor
|-supereffective|p1a: Kleavor|1
|-damage|p1a: Kleavor|0 fnt
|faint|p1a: Kleavor
|move|p1b: Decidueye|Leaf Blade|p2b: Hatterene
|-crit|p2b: Hatterene
|-damage|p2b: Hatterene|0 fnt
|faint|p2b: Hatterene
|
|upkeep
|
|t:|1783946015
|switch|p2b: Umbreon|Umbreon, L50, M|49/100
|switch|p1a: Kangaskhan|Kangaskhan, L50, F|100/100
|turn|5
|inactive|APurpleBot has 30 seconds left.
|
|t:|1783946041
|detailschange|p1a: Kangaskhan|Kangaskhan-Mega, L50, F
|-mega|p1a: Kangaskhan|Kangaskhan|Kangaskhanite
|move|p2a: Banette|Disable|p1b: Decidueye
|-start|p1b: Decidueye|Disable|Leaf Blade
|move|p2b: Umbreon|Toxic|p1a: Kangaskhan
|-status|p1a: Kangaskhan|tox
|move|p1b: Decidueye|Triple Arrows|p2a: Banette
|-damage|p2a: Banette|38/100
|move|p1a: Kangaskhan|Low Kick|p2b: Umbreon
|-supereffective|p2b: Umbreon|1
|-damage|p2b: Umbreon|17/100
|-supereffective|p2b: Umbreon|1
|-damage|p2b: Umbreon|9/100
|-hitcount|p2b: Umbreon|2
|
|-damage|p1a: Kangaskhan|93/100 tox|[from] psn
|-sideend|p1: APurpleBot|move: Tailwind
|upkeep
|turn|6
|inactive|APurpleBot has 30 seconds left.
|inactive|Welwitchia has 30 seconds left.
|
|t:|1783946073
|move|p2a: Banette|Destiny Bond|p2a: Banette
|-singlemove|p2a: Banette|Destiny Bond
|move|p1b: Decidueye|Triple Arrows|p2a: Banette
|-crit|p2a: Banette
|-damage|p2a: Banette|0 fnt
|faint|p2a: Banette
|-activate|p2a: Banette|move: Destiny Bond
|faint|p1b: Decidueye
|move|p2b: Umbreon|Tickle|p1a: Kangaskhan
|-unboost|p1a: Kangaskhan|atk|1
|-unboost|p1a: Kangaskhan|def|1
|move|p1a: Kangaskhan|Low Kick|p2b: Umbreon
|-supereffective|p2b: Umbreon|1
|-damage|p2b: Umbreon|0 fnt
|faint|p2b: Umbreon
|
|-damage|p1a: Kangaskhan|81/100 tox|[from] psn
|upkeep
|
|t:|1783946087
|switch|p1b: Blaziken|Blaziken, L50, M|100/100
|switch|p2b: Blastoise|Blastoise, L50, F, shiny|100/100
|turn|7
|
|t:|1783946102
|move|p1a: Kangaskhan|Protect|p1a: Kangaskhan
|-singleturn|p1a: Kangaskhan|Protect
|move|p2b: Blastoise|Fake Out|p1b: Blaziken
|-damage|p1b: Blaziken|88/100
|cant|p1b: Blaziken|flinch
|
|-damage|p1a: Kangaskhan|63/100 tox|[from] psn
|-fieldend|move: Trick Room
|-ability|p1b: Blaziken|Speed Boost|boost
|-boost|p1b: Blaziken|spe|1
|upkeep
|turn|8
|
|t:|1783946110
|move|p1b: Blaziken|Aura Sphere|p2b: Blastoise
|-damage|p2b: Blastoise|59/100
|move|p1a: Kangaskhan|Double-Edge|p2b: Blastoise
|-damage|p2b: Blastoise|19/100
|-damage|p2b: Blastoise|11/100
|-hitcount|p2b: Blastoise|2
|-damage|p1a: Kangaskhan|47/100 tox|[from] Recoil
|move|p2b: Blastoise|Muddy Water|p1a: Kangaskhan|[spread] p1a,p1b
|-supereffective|p1b: Blaziken|1
|-damage|p1a: Kangaskhan|14/100 tox
|-damage|p1b: Blaziken|0 fnt
|faint|p1b: Blaziken
|
|-damage|p1a: Kangaskhan|0 fnt|[from] psn
|faint|p1a: Kangaskhan
|
|win|Welwitchia
|raw|APurpleBot's rating: 1015 → 1002(-13 for losing)
|raw|Welwitchia's rating: 1000 → 1042(+42 for winning)
|l|☆APurpleBot
|player|p1|
