|j|тШЖstarsmile
|j|тШЖUnskilled99
|html|starsmileUnskilled99    
|uhtml|bestof|Game 1 of a best-of-3
|t:|1786197569
|gametype|doubles
|player|p1|starsmile|schoolkid-gen4|
|player|p2|Unskilled99|unknown|
|gen|9
|tier|[Gen 9 Champions] VGC 2026 Reg M-B (Bo3)
|rule|Species Clause: Limit one of each Pok├йmon
|rule|Item Clause: Limit 1 of each item
|clearpoke
|poke|p1|Charizard, L50, M, shiny|
|poke|p1|Sneasler, L50, F|
|poke|p1|Garchomp, L50, F|
|poke|p1|Whimsicott, L50, M|
|poke|p1|Kingambit, L50, F|
|poke|p1|Floette-Eternal, L50, F|
|poke|p2|Charizard, L50, M|
|poke|p2|Garchomp, L50, M|
|poke|p2|Sylveon, L50, M|
|poke|p2|Farigiraf, L50, M|
|poke|p2|Incineroar, L50, F|
|poke|p2|Aerodactyl, L50, M|
|teampreview|4
|showteam|p1|Charizard||CharizarditeY|Blaze|HeatWave,WeatherBall,SolarBeam,Protect|Modest||M|||50|]Sneasler||WhiteHerb|Unburden|FakeOut,CloseCombat,DireClaw,Protect|Jolly||F|||50|]Garchomp||LifeOrb|RoughSkin|Earthquake,DragonClaw,RockSlide,Protect|Jolly||F|||50|]Whimsicott||SitrusBerry|Prankster|Moonblast,Tailwind,Charm,SunnyDay|Bold||M|||50|]Kingambit||FocusSash|Defiant|SuckerPunch,KowtowCleave,ZenHeadbutt,Protect|Adamant||F|||50|]Floette-Eternal||Floettite|FlowerVeil|DazzlingGleam,Moonblast,LightofRuin,Protect|Modest||F|||50|
|showteam|p2|Charizard||CharizarditeY|Blaze|HeatWave,WeatherBall,SolarBeam,Protect|Modest||M|||50|]Garchomp||LifeOrb|RoughSkin|Earthquake,StompingTantrum,DragonClaw,Protect|Adamant||M|||50|]Sylveon||FairyFeather|Pixilate|HyperVoice,Yawn,QuickAttack,Detect|Modest||M|||50|]Farigiraf||SitrusBerry|ArmorTail|TrickRoom,Psyshock,HelpingHand,Protect|Calm||M|||50|]Incineroar||ExpertBelt|Intimidate|FakeOut,PartingShot,FlareBlitz,DarkestLariat|Brave||F|||50|]Aerodactyl||Aerodactylite|Unnerve|RockSlide,Tailwind,WideGuard,DualWingbeat|Jolly||M|||50|
|j| angelicangel12
|c|тШЖUnskilled99|шлЛхдЪцМЗцХЩ
|l| angelicangel12
|j| 86test
|c|тШЖstarsmile|ф╣ЯшлЛхдЪцМЗцХЩ
|
|t:|1786197684
|teamsize|p1|4
|teamsize|p2|4
|start
|switch|p1a: Floette|Floette-Eternal, L50, F|100/100
|switch|p1b: хдкчЙЫхХж|Sneasler, L50, F|100/100
|switch|p2a: Aerodactyl|Aerodactyl, L50, M|100/100
|switch|p2b: Charizard|Charizard, L50, M|100/100
|-ability|p2a: Aerodactyl|Unnerve
|turn|1
|
|t:|1786197708
|detailschange|p1a: Floette|Floette-Mega, L50, F
|-mega|p1a: Floette|Floette|Floettite
|-ability|p1a: Floette|Fairy Aura
|detailschange|p2b: Charizard|Charizard-Mega-Y, L50, M
|-mega|p2b: Charizard|Charizard|Charizardite Y
|-weather|SunnyDay|[from] ability: Drought|[of] p2b: Charizard
|move|p1b: хдкчЙЫхХж|Fake Out|p2a: Aerodactyl
|-resisted|p2a: Aerodactyl|1
|-damage|p2a: Aerodactyl|90/100
|cant|p2a: Aerodactyl|flinch
|move|p1a: Floette|Dazzling Gleam|p2b: Charizard|[spread] p2a,p2b
|-resisted|p2b: Charizard|1
|-damage|p2a: Aerodactyl|33/100
|-damage|p2b: Charizard|77/100
|move|p2b: Charizard|Weather Ball|p1a: Floette
|-damage|p1a: Floette|31/100
|
|-weather|SunnyDay|[upkeep]
|upkeep
|turn|2
|
|t:|1786197745
|switch|p1b: хдзхзРщан|Garchomp, L50, F|100/100
|move|p1a: Floette|Protect|p1a: Floette
|-singleturn|p1a: Floette|Protect
|move|p2a: Aerodactyl|Tailwind|p2a: Aerodactyl
|-sidestart|p2: Unskilled99|move: Tailwind
|move|p2b: Charizard|Heat Wave|p1b: хдзхзРщан|[spread] p1b
|-activate|p1a: Floette|move: Protect
|-resisted|p1b: хдзхзРщан|1
|-damage|p1b: хдзхзРщан|63/100
|
|-weather|SunnyDay|[upkeep]
|upkeep
|turn|3
|
|t:|1786197769
|move|p1b: хдзхзРщан|Protect|p1b: хдзхзРщан
|-singleturn|p1b: хдзхзРщан|Protect
|move|p2a: Aerodactyl|Wide Guard|p2a: Aerodactyl
|-singleturn|p2a: Aerodactyl|Wide Guard
|move|p2b: Charizard|Heat Wave|p1b: хдзхзРщан|[spread] p1a
|-activate|p1b: хдзхзРщан|move: Protect
|-damage|p1a: Floette|0 fnt
|faint|p1a: Floette
|
|-weather|SunnyDay|[upkeep]
|upkeep
|
|t:|1786197783
|switch|p1a: хРЙчеечЙй|Whimsicott, L50, M|100/100
|turn|4
|j| Dororong
|j| PawmotNo1
|j| jimmy0514
|l| PawmotNo1
|
|t:|1786197804
|move|p2a: Aerodactyl|Wide Guard|p2a: Aerodactyl
|-singleturn|p2a: Aerodactyl|Wide Guard
|move|p1a: хРЙчеечЙй|Tailwind|p1a: хРЙчеечЙй
|-sidestart|p1: starsmile|move: Tailwind
|move|p1b: хдзхзРщан|Dragon Claw|p2b: Charizard
|-damage|p2b: Charizard|25/100
|-damage|p1b: хдзхзРщан|54/100|[from] item: Life Orb
|move|p2b: Charizard|Heat Wave|p1b: хдзхзРщан|[spread] p1a,p1b
|-supereffective|p1a: хРЙчеечЙй|1
|-resisted|p1b: хдзхзРщан|1
|-damage|p1a: хРЙчеечЙй|0 fnt
|-damage|p1b: хдзхзРщан|21/100
|faint|p1a: хРЙчеечЙй
|
|-weather|SunnyDay|[upkeep]
|upkeep
|l| Dororong
|
|t:|1786197819
|switch|p1a: хдкчЙЫхХж|Sneasler, L50, F|100/100
|turn|5
|
|t:|1786197836
|switch|p2b: Farigiraf|Farigiraf, L50, M|100/100
|move|p1a: хдкчЙЫхХж|Fake Out||[still]
|cant|p2b: Farigiraf|ability: Armor Tail|Fake Out|[of] p1a: хдкчЙЫхХж
|move|p2a: Aerodactyl|Dual Wingbeat|p1b: хдзхзРщан
|-damage|p1b: хдзхзРщан|5/100
|-damage|p2a: Aerodactyl|21/100|[from] ability: Rough Skin|[of] p1b: хдзхзРщан
|-damage|p1b: хдзхзРщан|0 fnt
|-damage|p2a: Aerodactyl|9/100|[from] ability: Rough Skin|[of] p1b: хдзхзРщан
|faint|p1b: хдзхзРщан
|-hitcount|p1: хдзхзРщан|2
|
|-weather|none
|-sideend|p2: Unskilled99|move: Tailwind
|upkeep
|turn|6
|
|t:|1786197856
|move|p1a: хдкчЙЫхХж|Close Combat|p2a: Aerodactyl
|-damage|p2a: Aerodactyl|0 fnt
|-unboost|p1a: хдкчЙЫхХж|def|1
|-unboost|p1a: хдкчЙЫхХж|spd|1
|faint|p2a: Aerodactyl
|-enditem|p1a: хдкчЙЫхХж|White Herb
|-clearnegativeboost|p1a: хдкчЙЫхХж|[silent]
|move|p2b: Farigiraf|Trick Room|p2b: Farigiraf
|-fieldstart|move: Trick Room|[of] p2b: Farigiraf
|
|upkeep
|
|t:|1786197859
|switch|p2a: Charizard|Charizard-Mega-Y, L50, M|25/100
|-weather|SunnyDay|[from] ability: Drought|[of] p2a: Charizard
|turn|7
|
|t:|1786197871
|move|p2b: Farigiraf|Psyshock|p1a: хдкчЙЫхХж
|-supereffective|p1a: хдкчЙЫхХж|2
|-damage|p1a: хдкчЙЫхХж|0 fnt
|faint|p1a: хдкчЙЫхХж
|
|win|Unskilled99
||Unskilled99 is ready for game 2.
||starsmile is ready for game 2.
|uhtml|next|Next: Game 2 of 3
|l| jimmy0514
