|j|☆Xala04
|j|☆VenuDaAscoInRain
|html|Xala04VenuDaAscoInRain    
|uhtml|bestof|Game 2 of a best-of-3
|t:|1783294852
|gametype|doubles
|player|p1|Xala04|102|1157
|player|p2|VenuDaAscoInRain|li|1308
|gen|9
|tier|[Gen 9 Champions] VGC 2026 Reg M-B (Bo3)
|rated|
|rule|Species Clause: Limit one of each Pokémon
|rule|Item Clause: Limit 1 of each item
|clearpoke
|poke|p1|Kingambit, L50, M|
|poke|p1|Sylveon, L50, F, shiny|
|poke|p1|Charizard, L50, F|
|poke|p1|Aerodactyl, L50, F|
|poke|p1|Farigiraf, L50, M|
|poke|p1|Garchomp, L50, M|
|poke|p2|Kingambit, L50, F, shiny|
|poke|p2|Charizard, L50, M, shiny|
|poke|p2|Floette-Eternal, L50, F|
|poke|p2|Whimsicott, L50, F|
|poke|p2|Garchomp, L50, F, shiny|
|poke|p2|Basculegion, L50, M|
|teampreview|4
|showteam|p1|Kingambit||FocusSash|Defiant|KowtowCleave,IronHead,SuckerPunch,LowKick|Adamant||M|||50|]Sylveon||FairyFeather|Pixilate|Protect,HyperVoice,HyperBeam,QuickAttack|Modest||F|||50|]Charizard||CharizarditeY|Blaze|Protect,HeatWave,SolarBeam,WeatherBall|Modest||F|||50|]Aerodactyl||Aerodactylite|Unnerve|RockSlide,DualWingbeat,Tailwind,IceFang|Jolly||F|||50|]Farigiraf||SitrusBerry|ArmorTail|TwinBeam,Thunderbolt,TrickRoom,GrassKnot|Bold||M|||50|]Garchomp||LifeOrb|RoughSkin|Protect,StompingTantrum,DragonClaw,Earthquake|Jolly||M|||50|
|showteam|p2|Kingambit||ChopleBerry|Defiant|KowtowCleave,LowKick,SuckerPunch,Protect|Adamant||F|||50|]Charizard||CharizarditeY|SolarPower|HeatWave,WeatherBall,SolarBeam,Protect|Modest||M|||50|]Floette-Eternal||Floettite|FlowerVeil|Moonblast,DazzlingGleam,LightofRuin,Protect|Timid||F|||50|]Whimsicott||FocusSash|Prankster|Moonblast,Tailwind,Encore,Protect|Timid||F|||50|]Garchomp||LifeOrb|RoughSkin|Earthquake,DragonClaw,RockSlide,Protect|Jolly||F|||50|]Basculegion||MysticWater|Adaptability|WaveCrash,AquaJet,LastRespects,Protect|Adamant||M|||50|
|inactive|Battle timer is ON: inactive players will automatically lose when time's up. (requested by VenuDaAscoInRain)
|
|t:|1783294878
|teamsize|p1|4
|teamsize|p2|4
|start
|switch|p1a: Aerodactyl|Aerodactyl, L50, F|100/100
|switch|p1b: Kingambit|Kingambit, L50, M|100/100
|switch|p2a: Whimsicott|Whimsicott, L50, F|100/100
|switch|p2b: Basculegion|Basculegion, L50, M|100/100
|-ability|p1a: Aerodactyl|Unnerve
|turn|1
|
|t:|1783294890
|switch|p1a: Farigiraf|Farigiraf, L50, M|100/100
|move|p2a: Whimsicott|Tailwind|p2a: Whimsicott
|-sidestart|p2: VenuDaAscoInRain|move: Tailwind
|move|p2b: Basculegion|Wave Crash|p1a: Farigiraf
|-damage|p1a: Farigiraf|30/100
|-enditem|p1a: Farigiraf|Sitrus Berry|[eat]
|-heal|p1a: Farigiraf|55/100|[from] item: Sitrus Berry
|-damage|p2b: Basculegion|74/100|[from] Recoil
|move|p1b: Kingambit|Kowtow Cleave|p2b: Basculegion
|-supereffective|p2b: Basculegion|1
|-damage|p2b: Basculegion|0 fnt
|faint|p2b: Basculegion
|
|upkeep
|
|t:|1783294894
|switch|p2b: Floette|Floette-Eternal, L50, F|100/100
|turn|2
|inactive|Xala04 has 30 seconds left.
|inactive|Xala04 has 20 seconds left.
|inactive|Xala04 has 15 seconds left.
|inactive|Xala04 has 10 seconds left.
|inactive|VenuDaAscoInRain has 30 seconds left.
|inactive|Xala04 has 5 seconds left.
|
|t:|1783294949
|detailschange|p2b: Floette|Floette-Mega, L50, F
|-mega|p2b: Floette|Floette|Floettite
|-ability|p2b: Floette|Fairy Aura
|move|p2a: Whimsicott|Moonblast|p1b: Kingambit
|-damage|p1b: Kingambit|46/100
|-unboost|p1b: Kingambit|spa|1
|-ability|p1b: Kingambit|Defiant|boost
|-boost|p1b: Kingambit|atk|2
|move|p2b: Floette|Dazzling Gleam|p1a: Farigiraf|[spread] p1a,p1b
|-damage|p1a: Farigiraf|9/100
|-damage|p1b: Kingambit|0 fnt
|faint|p1b: Kingambit
|move|p1a: Farigiraf|Trick Room|p1a: Farigiraf
|-fieldstart|move: Trick Room|[of] p1a: Farigiraf
|
|upkeep
|
|t:|1783294953
|switch|p1b: Sylveon|Sylveon, L50, F, shiny|100/100
|turn|3
|
|t:|1783294974
|move|p2a: Whimsicott|Protect|p2a: Whimsicott
|-singleturn|p2a: Whimsicott|Protect
|move|p2b: Floette|Protect|p2b: Floette
|-singleturn|p2b: Floette|Protect
|move|p1a: Farigiraf|Twin Beam|p2b: Floette
|-activate|p2b: Floette|move: Protect
|move|p1b: Sylveon|Hyper Voice|p2a: Whimsicott|[spread] 
|-activate|p2a: Whimsicott|move: Protect
|-activate|p2b: Floette|move: Protect
|
|upkeep
|turn|4
|
|t:|1783294989
|switch|p2b: Garchomp|Garchomp, L50, F, shiny|100/100
|move|p1a: Farigiraf|Twin Beam|p2b: Garchomp
|-damage|p2b: Garchomp|81/100
|-damage|p2b: Garchomp|63/100
|-hitcount|p2b: Garchomp|2
|move|p1b: Sylveon|Hyper Voice|p2a: Whimsicott|[spread] p2a,p2b
|-supereffective|p2b: Garchomp|1
|-damage|p2a: Whimsicott|18/100
|-damage|p2b: Garchomp|0 fnt
|faint|p2b: Garchomp
|move|p2a: Whimsicott|Moonblast|p1a: Farigiraf
|-damage|p1a: Farigiraf|0 fnt
|faint|p1a: Farigiraf
|
|-sideend|p2: VenuDaAscoInRain|move: Tailwind
|upkeep
|
|t:|1783294994
|switch|p1a: Aerodactyl|Aerodactyl, L50, F|100/100
|switch|p2b: Floette|Floette-Mega, L50, F|100/100
|-ability|p1a: Aerodactyl|Unnerve
|-ability|p2b: Floette|Fairy Aura
|turn|5
|
|t:|1783295005
|detailschange|p1a: Aerodactyl|Aerodactyl-Mega, L50, F
|-mega|p1a: Aerodactyl|Aerodactyl|Aerodactylite
|move|p2a: Whimsicott|Encore|p1b: Sylveon
|-start|p1b: Sylveon|Encore
|move|p1b: Sylveon|Hyper Voice|p2b: Floette|[spread] p2a,p2b
|-damage|p2a: Whimsicott|0 fnt
|-damage|p2b: Floette|47/100
|faint|p2a: Whimsicott
|move|p2b: Floette|Moonblast|p1a: Aerodactyl
|-damage|p1a: Aerodactyl|18/100
|move|p1a: Aerodactyl|Rock Slide|p2b: Floette
|-damage|p2b: Floette|1/100
|
|upkeep
|turn|6
|
|t:|1783295023
|move|p2b: Floette|Protect|p2b: Floette
|-singleturn|p2b: Floette|Protect
|move|p1b: Sylveon|Hyper Voice|p2b: Floette
|-activate|p2b: Floette|move: Protect
|move|p1a: Aerodactyl|Ice Fang|p2b: Floette
|-activate|p2b: Floette|move: Protect
|
|-fieldend|move: Trick Room
|upkeep
|turn|7
|
|t:|1783295033
|move|p1a: Aerodactyl|Ice Fang|p2b: Floette
|-damage|p2b: Floette|0 fnt
|faint|p2b: Floette
|
|win|Xala04
