|j|☆raksbach
|j|☆julietestaccount
|html|raksbachjulietestaccount    
|uhtml|bestof|Game 3 of a best-of-3
|t:|1783682105
|gametype|doubles
|player|p1|raksbach|169|1118
|player|p2|julietestaccount|waitress|1125
|gen|9
|tier|[Gen 9 Champions] VGC 2026 Reg M-B (Bo3)
|rated|
|rule|Species Clause: Limit one of each Pokémon
|rule|Item Clause: Limit 1 of each item
|clearpoke
|poke|p1|Incineroar, L50, F|
|poke|p1|Maushold, L50|
|poke|p1|Sinistcha, L50|
|poke|p1|Sneasler, L50, M|
|poke|p1|Blastoise, L50, M|
|poke|p1|Delphox, L50, F|
|poke|p2|Whimsicott, L50, F|
|poke|p2|Garchomp, L50, M|
|poke|p2|Kingambit, L50, F|
|poke|p2|Froslass, L50, F, shiny|
|poke|p2|Toxapex, L50, F|
|poke|p2|Incineroar, L50, F|
|teampreview|4
|showteam|p1|Incineroar||SitrusBerry|Intimidate|FakeOut,FlareBlitz,DarkestLariat,PartingShot|Impish||F|||50|]Maushold||ChopleBerry|FriendGuard|SuperFang,FollowMe,Protect,Feint|Impish|||||50|]Sinistcha||OccaBerry|Hospitality|MatchaGotcha,LifeDew,RagePowder,Protect|Bold|||||50|]Sneasler||FocusSash|PoisonTouch|FakeOut,CloseCombat,DireClaw,QuickGuard|Jolly||M|||50|]Blastoise||Blastoisinite|Torrent|WaterSpout,DarkPulse,ShellSmash,Protect|Modest||M|||50|]Delphox||Delphoxite|Blaze|HeatWave,Psychic,NastyPlot,Protect|Timid||F|||50|
|showteam|p2|Whimsicott||OccaBerry|Prankster|Protect,Encore,Tailwind,Moonblast|Bold||F|||50|]Garchomp||LifeOrb|RoughSkin|DragonClaw,StompingTantrum,RockSlide,Protect|Adamant||M|||50|]Kingambit||BlackGlasses|Defiant|KowtowCleave,IronHead,SuckerPunch,Protect|Adamant||F|||50|]Froslass||Froslassite|SnowCloak|Blizzard,ShadowBall,AuroraVeil,Protect|Modest||F|||50|]Toxapex||Leftovers|Regenerator|Infestation,Toxic,WideGuard,BanefulBunker|Impish||F|||50|]Incineroar||SitrusBerry|Intimidate|FakeOut,FlareBlitz,ThroatChop,PartingShot|Impish||F|||50|
|inactive|Battle timer is ON: inactive players will automatically lose when time's up. (requested by raksbach)
|
|t:|1783682127
|teamsize|p1|4
|teamsize|p2|4
|start
|switch|p1a: Delphox|Delphox, L50, F|100/100
|switch|p1b: Sinistcha|Sinistcha, L50|100/100
|switch|p2a: Garchomp|Garchomp, L50, M|100/100
|switch|p2b: Whimsicott|Whimsicott, L50, F|100/100
|turn|1
|inactive|raksbach has 30 seconds left.
|
|t:|1783682155
|detailschange|p1a: Delphox|Delphox-Mega, L50, F
|-mega|p1a: Delphox|Delphox|Delphoxite
|move|p1a: Delphox|Nasty Plot|p1a: Delphox
|-boost|p1a: Delphox|spa|2
|move|p2a: Garchomp|Rock Slide|p1a: Delphox|[spread] p1a,p1b
|-supereffective|p1a: Delphox|1
|-damage|p1a: Delphox|36/100
|-damage|p1b: Sinistcha|75/100
|-damage|p2a: Garchomp|90/100|[from] item: Life Orb
|move|p2b: Whimsicott|Moonblast|p1b: Sinistcha
|-damage|p1b: Sinistcha|48/100
|move|p1b: Sinistcha|Matcha Gotcha|p2a: Garchomp|[spread] p2a,p2b
|-resisted|p2b: Whimsicott|1
|-damage|p2a: Garchomp|63/100
|-heal|p1b: Sinistcha|62/100|[from] drain|[of] p2a: Garchomp
|-damage|p2b: Whimsicott|86/100
|-heal|p1b: Sinistcha|69/100|[from] drain|[of] p2b: Whimsicott
|
|upkeep
|turn|2
|inactive|raksbach has 30 seconds left.
|inactive|julietestaccount has 30 seconds left.
|inactive|raksbach has 20 seconds left.
|inactive|raksbach has 15 seconds left.
|
|t:|1783682200
|move|p1a: Delphox|Protect|p1a: Delphox
|-singleturn|p1a: Delphox|Protect
|move|p2b: Whimsicott|Encore|p1a: Delphox
|-activate|p1a: Delphox|move: Protect
|move|p2a: Garchomp|Dragon Claw|p1b: Sinistcha
|-damage|p1b: Sinistcha|17/100
|-damage|p2a: Garchomp|53/100|[from] item: Life Orb
|move|p1b: Sinistcha|Life Dew|p1b: Sinistcha|[spread] p1a,p1b
|-heal|p1a: Delphox|61/100
|-heal|p1b: Sinistcha|43/100
|
|upkeep
|turn|3
|
|t:|1783682218
|switch|p1a: Maushold|Maushold, L50|100/100
|move|p1b: Sinistcha|Protect|p1b: Sinistcha
|-singleturn|p1b: Sinistcha|Protect
|move|p2b: Whimsicott|Encore||[still]
|-fail|p2b: Whimsicott
|move|p2a: Garchomp|Dragon Claw|p1b: Sinistcha
|-activate|p1b: Sinistcha|move: Protect
|
|upkeep
|turn|4
|inactive|raksbach has 30 seconds left.
|
|t:|1783682244
|move|p2a: Garchomp|Protect|p2a: Garchomp
|-singleturn|p2a: Garchomp|Protect
|move|p1a: Maushold|Follow Me|p1a: Maushold
|-singleturn|p1a: Maushold|move: Follow Me
|move|p2b: Whimsicott|Tailwind|p2b: Whimsicott
|-sidestart|p2: julietestaccount|move: Tailwind
|move|p1b: Sinistcha|Matcha Gotcha|p2b: Whimsicott|[spread] p2b
|-activate|p2a: Garchomp|move: Protect
|-resisted|p2b: Whimsicott|1
|-damage|p2b: Whimsicott|72/100
|-heal|p1b: Sinistcha|50/100y|[from] drain|[of] p2b: Whimsicott
|
|upkeep
|turn|5
|
|t:|1783682260
|move|p1a: Maushold|Follow Me|p1a: Maushold
|-singleturn|p1a: Maushold|move: Follow Me
|move|p2a: Garchomp|Dragon Claw|p1a: Maushold
|-damage|p1a: Maushold|43/100
|-damage|p2a: Garchomp|43/100|[from] item: Life Orb
|move|p2b: Whimsicott|Moonblast|p1a: Maushold
|-damage|p1a: Maushold|12/100
|move|p1b: Sinistcha|Life Dew|p1b: Sinistcha|[spread] p1a,p1b
|-heal|p1a: Maushold|37/100
|-heal|p1b: Sinistcha|75/100
|
|upkeep
|turn|6
|
|t:|1783682277
|move|p1a: Maushold|Protect|p1a: Maushold
|-singleturn|p1a: Maushold|Protect
|move|p2a: Garchomp|Dragon Claw|p1b: Sinistcha
|-damage|p1b: Sinistcha|39/100
|-damage|p2a: Garchomp|34/100|[from] item: Life Orb
|move|p2b: Whimsicott|Moonblast|p1b: Sinistcha
|-damage|p1b: Sinistcha|19/100
|move|p1b: Sinistcha|Matcha Gotcha|p2a: Garchomp|[spread] p2a,p2b
|-resisted|p2b: Whimsicott|1
|-damage|p2a: Garchomp|8/100
|-heal|p1b: Sinistcha|33/100|[from] drain|[of] p2a: Garchomp
|-damage|p2b: Whimsicott|57/100
|-heal|p1b: Sinistcha|39/100|[from] drain|[of] p2b: Whimsicott
|
|upkeep
|turn|7
|
|t:|1783682304
|move|p1a: Maushold|Feint|p2a: Garchomp
|-crit|p2a: Garchomp
|-damage|p2a: Garchomp|0 fnt
|faint|p2a: Garchomp
|move|p2b: Whimsicott|Moonblast|p1b: Sinistcha
|-damage|p1b: Sinistcha|20/100y
|move|p1b: Sinistcha|Matcha Gotcha|p2b: Whimsicott|[miss]
|-miss|p1b: Sinistcha|p2b: Whimsicott
|
|-sideend|p2: julietestaccount|move: Tailwind
|upkeep
|
|t:|1783682312
|switch|p2a: Froslass|Froslass, L50, F, shiny|100/100
|turn|8
|
|t:|1783682327
|detailschange|p2a: Froslass|Froslass-Mega, L50, F, shiny
|-mega|p2a: Froslass|Froslass|Froslassite
|-weather|Snowscape|[from] ability: Snow Warning|[of] p2a: Froslass
|move|p1a: Maushold|Protect|p1a: Maushold
|-singleturn|p1a: Maushold|Protect
|move|p2b: Whimsicott|Tailwind|p2b: Whimsicott
|-sidestart|p2: julietestaccount|move: Tailwind
|move|p2a: Froslass|Blizzard|p1a: Maushold|[spread] p1b
|-activate|p1a: Maushold|move: Protect
|-supereffective|p1b: Sinistcha|1
|-damage|p1b: Sinistcha|0 fnt
|faint|p1b: Sinistcha
|
|-weather|Snowscape|[upkeep]
|upkeep
|
|t:|1783682339
|switch|p1b: Delphox|Delphox-Mega, L50, F|61/100
|turn|9
|
|t:|1783682344
|move|p1a: Maushold|Follow Me|p1a: Maushold
|-singleturn|p1a: Maushold|move: Follow Me
|move|p2a: Froslass|Aurora Veil|p2a: Froslass
|-sidestart|p2: julietestaccount|move: Aurora Veil
|move|p2b: Whimsicott|Moonblast|p1a: Maushold
|-damage|p1a: Maushold|10/100
|move|p1b: Delphox|Heat Wave|p2a: Froslass|[spread] p2a,p2b
|-supereffective|p2a: Froslass|1
|-supereffective|p2b: Whimsicott|1
|-enditem|p2b: Whimsicott|Occa Berry|[eat]
|-enditem|p2b: Whimsicott|Occa Berry|[weaken]
|-damage|p2a: Froslass|38/100
|-damage|p2b: Whimsicott|25/100
|
|-weather|Snowscape|[upkeep]
|upkeep
|turn|10
|inactive|raksbach has 30 seconds left.
|inactive|raksbach has 20 seconds left.
|inactive|raksbach has 15 seconds left.
|inactive|raksbach has 10 seconds left.
|
|t:|1783682389
|move|p2a: Froslass|Protect|p2a: Froslass
|-singleturn|p2a: Froslass|Protect
|move|p1b: Delphox|Protect|p1b: Delphox
|-singleturn|p1b: Delphox|Protect
|move|p1a: Maushold|Feint|p2b: Whimsicott
|-damage|p2b: Whimsicott|20/100r
|move|p2b: Whimsicott|Moonblast|p1a: Maushold
|-damage|p1a: Maushold|0 fnt
|faint|p1a: Maushold
|
|-weather|Snowscape|[upkeep]
|upkeep
|
|t:|1783682398
|switch|p1a: Sneasler|Sneasler, L50, M|100/100
|turn|11
|
|t:|1783682418
|switch|p2b: Incineroar|Incineroar, L50, F|100/100
|-ability|p2b: Incineroar|Intimidate|boost
|-unboost|p1a: Sneasler|atk|1
|-unboost|p1b: Delphox|atk|1
|move|p1b: Delphox|Protect||[still]
|-fail|p1b: Delphox
|move|p2a: Froslass|Shadow Ball|p1b: Delphox
|-supereffective|p1b: Delphox|1
|-damage|p1b: Delphox|0 fnt
|faint|p1b: Delphox
|move|p1a: Sneasler|Dire Claw|p2a: Froslass
|-resisted|p2a: Froslass|1
|-damage|p2a: Froslass|30/100
|-status|p2a: Froslass|psn|[from] ability: Poison Touch|[of] p1a: Sneasler
|
|-weather|Snowscape|[upkeep]
|-damage|p2a: Froslass|17/100 psn|[from] psn
|-sideend|p2: julietestaccount|move: Tailwind
|upkeep
|turn|12
|
|t:|1783682438
|move|p1a: Sneasler|Quick Guard|p1a: Sneasler
|-singleturn|p1a: Sneasler|Quick Guard
|move|p2b: Incineroar|Fake Out|p1a: Sneasler
|-activate|p1a: Sneasler|move: Quick Guard
|move|p2a: Froslass|Blizzard|p1a: Sneasler
|-damage|p1a: Sneasler|21/100
|
|-weather|none
|-damage|p2a: Froslass|5/100 psn|[from] psn
|upkeep
|turn|13
|
|t:|1783682449
|move|p1a: Sneasler|Close Combat|p2b: Incineroar
|-supereffective|p2b: Incineroar|1
|-damage|p2b: Incineroar|57/100
|-unboost|p1a: Sneasler|def|1
|-unboost|p1a: Sneasler|spd|1
|move|p2a: Froslass|Shadow Ball|p1a: Sneasler
|-damage|p1a: Sneasler|0 fnt
|faint|p1a: Sneasler
|
|win|julietestaccount
|raw|raksbach's rating: 1118 → 1094(-24 for losing)
|raw|julietestaccount's rating: 1125 → 1149(+24 for winning)
