|j|☆trevYAH
|j|☆testdigi
|html|trevYAHtestdigi    
|uhtml|bestof|Game 2 of a best-of-3
|t:|1784808635
|gametype|doubles
|player|p1|trevYAH|trevor|1225
|player|p2|testdigi|101|1132
|gen|9
|tier|[Gen 9 Champions] VGC 2026 Reg M-B (Bo3)
|rated|
|rule|Species Clause: Limit one of each Pokémon
|rule|Item Clause: Limit 1 of each item
|clearpoke
|poke|p1|Blaziken, L50, M, shiny|
|poke|p1|Kingambit, L50, M, shiny|
|poke|p1|Dragonite, L50, M, shiny|
|poke|p1|Ninetales-Alola, L50, M, shiny|
|poke|p1|Gengar, L50, M, shiny|
|poke|p1|Incineroar, L50, M, shiny|
|poke|p2|Raichu, L50, M|
|poke|p2|Toxapex, L50, F|
|poke|p2|Mamoswine, L50, F|
|poke|p2|Sylveon, L50, M|
|poke|p2|Corviknight, L50, F|
|poke|p2|Basculegion, L50, M|
|teampreview|4
|showteam|p1|Blaziken||Blazikenite|SpeedBoost|CloseCombat,RockSlide,FlareBlitz,Detect|Adamant||M|||50|]Kingambit||LifeOrb|Defiant|KowtowCleave,IronHead,SuckerPunch,Protect|Adamant||M|||50|]Dragonite||HabanBerry|InnerFocus|DragonClaw,LowKick,ExtremeSpeed,Protect|Adamant||M|||50|]Ninetales-Alola||FocusSash|SnowWarning|Blizzard,FreezeDry,Encore,Protect|Timid||M|||50|]Gengar||Gengarite|CursedBody|ShadowBall,Disable,PerishSong,Protect|Modest||M|||50|]Incineroar||SitrusBerry|Intimidate|FlareBlitz,PartingShot,FakeOut,Protect|Relaxed||M|||50|
|showteam|p2|Raichu||RaichuniteY|LightningRod|ZapCannon,FocusBlast,FakeOut,Protect|Timid||M|||50|]Toxapex||Leftovers|Regenerator|Infestation,Toxic,WideGuard,BanefulBunker|Impish||F|||50|]Mamoswine||LifeOrb|Oblivious|StompingTantrum,IceShard,RockSlide,Protect|Adamant||F|||50|]Sylveon||FairyFeather|Pixilate|HyperVoice,QuickAttack,Yawn,Detect|Modest||M|||50|]Corviknight||OccaBerry|MirrorArmor|IronHead,BraveBird,Tailwind,Protect|Adamant||F|||50|]Basculegion||FocusSash|Adaptability|LastRespects,Liquidation,AquaJet,Protect|Adamant||M|||50|
|
|t:|1784808674
|teamsize|p1|4
|teamsize|p2|4
|start
|switch|p1a: less|Dragonite, L50, M, shiny|100/100
|switch|p1b: Expectations|Gengar, L50, M, shiny|100/100
|switch|p2a: Raichu|Raichu, L50, M|100/100
|switch|p2b: Corviknight|Corviknight, L50, F|100/100
|turn|1
|
|t:|1784808693
|detailschange|p2a: Raichu|Raichu-Mega-Y, L50, M
|-mega|p2a: Raichu|Raichu|Raichunite Y
|detailschange|p1b: Expectations|Gengar-Mega, L50, M, shiny
|-mega|p1b: Expectations|Gengar|Gengarite
|move|p1b: Expectations|Protect|p1b: Expectations
|-singleturn|p1b: Expectations|Protect
|move|p2a: Raichu|Zap Cannon|p1b: Expectations
|-activate|p1b: Expectations|move: Protect
|move|p2b: Corviknight|Tailwind|p2b: Corviknight
|-sidestart|p2: testdigi|move: Tailwind
|move|p1a: less|Dragon Claw|p2a: Raichu
|-damage|p2a: Raichu|36/100
|
|upkeep
|turn|2
|
|t:|1784808708
|switch|p1b: Drop Dead|Kingambit, L50, M, shiny|100/100
|move|p1a: less|Extreme Speed|p2a: Raichu
|-damage|p2a: Raichu|0 fnt
|faint|p2a: Raichu
|move|p2b: Corviknight|Brave Bird|p1b: Drop Dead
|-resisted|p1b: Drop Dead|1
|-damage|p1b: Drop Dead|82/100
|-damage|p2b: Corviknight|94/100|[from] Recoil
|
|upkeep
|
|t:|1784808713
|switch|p2a: Mamoswine|Mamoswine, L50, F|100/100
|turn|3
|inactive|Battle timer is ON: inactive players will automatically lose when time's up. (requested by trevYAH)
|
|t:|1784808743
|move|p1a: less|Protect|p1a: less
|-singleturn|p1a: less|Protect
|move|p1b: Drop Dead|Protect|p1b: Drop Dead
|-singleturn|p1b: Drop Dead|Protect
|move|p2a: Mamoswine|Rock Slide|p1b: Drop Dead|[spread] 
|-activate|p1a: less|move: Protect
|-activate|p1b: Drop Dead|move: Protect
|move|p2b: Corviknight|Iron Head|p1b: Drop Dead
|-activate|p1b: Drop Dead|move: Protect
|
|upkeep
|turn|4
|inactive|testdigi has 30 seconds left.
|
|t:|1784808776
|move|p2a: Mamoswine|Stomping Tantrum|p1b: Drop Dead
|-supereffective|p1b: Drop Dead|1
|-damage|p1b: Drop Dead|0 fnt
|faint|p1b: Drop Dead
|-damage|p2a: Mamoswine|90/100|[from] item: Life Orb
|move|p2b: Corviknight|Iron Head|p1a: less
|-damage|p1a: less|70/100
|move|p1a: less|Low Kick|p2a: Mamoswine
|-supereffective|p2a: Mamoswine|1
|-damage|p2a: Mamoswine|0 fnt
|faint|p2a: Mamoswine
|
|-sideend|p2: testdigi|move: Tailwind
|upkeep
|
|t:|1784808787
|switch|p2a: Sylveon|Sylveon, L50, M|100/100
|switch|p1b: Expectations|Gengar-Mega, L50, M, shiny|100/100
|turn|5
|
|t:|1784808807
|move|p1a: less|Protect|p1a: less
|-singleturn|p1a: less|Protect
|move|p1b: Expectations|Perish Song|p1b: Expectations
|-start|p1a: less|perish3|[silent]
|-start|p1b: Expectations|perish3|[silent]
|-start|p2a: Sylveon|perish3|[silent]
|-start|p2b: Corviknight|perish3|[silent]
|-fieldactivate|move: Perish Song
|move|p2b: Corviknight|Tailwind|p2b: Corviknight
|-sidestart|p2: testdigi|move: Tailwind
|move|p2a: Sylveon|Yawn|p1b: Expectations
|-start|p1b: Expectations|move: Yawn|[of] p2a: Sylveon
|
|-start|p2b: Corviknight|perish3
|-start|p2a: Sylveon|perish3
|-start|p1b: Expectations|perish3
|-start|p1a: less|perish3
|upkeep
|turn|6
|inactive|trevYAH has 30 seconds left.
|
|t:|1784808842
|move|p1a: less|Extreme Speed|p2a: Sylveon
|-damage|p2a: Sylveon|70/100
|move|p2b: Corviknight|Brave Bird|p1b: Expectations
|-damage|p1b: Expectations|49/100
|-damage|p2b: Corviknight|80/100|[from] Recoil
|move|p2a: Sylveon|Hyper Voice|p1b: Expectations|[spread] p1a,p1b
|-supereffective|p1a: less|1
|-resisted|p1b: Expectations|1
|-damage|p1a: less|0 fnt
|-damage|p1b: Expectations|25/100
|faint|p1a: less
|move|p1b: Expectations|Disable|p2a: Sylveon
|-start|p2a: Sylveon|Disable|Hyper Voice
|
|-end|p1b: Expectations|move: Yawn|[silent]
|-status|p1b: Expectations|slp
|-start|p2b: Corviknight|perish2
|-start|p2a: Sylveon|perish2
|-start|p1b: Expectations|perish2
|upkeep
|
|t:|1784808848
|switch|p1a: my way|Blaziken, L50, M, shiny|100/100
|turn|7
|
|t:|1784808864
|cant|p1b: Expectations|slp
|move|p2a: Sylveon|Quick Attack|p1b: Expectations
|-resisted|p1b: Expectations|1
|-damage|p1b: Expectations|18/100 slp
|move|p2b: Corviknight|Brave Bird|p1a: my way
|-supereffective|p1a: my way|1
|-damage|p1a: my way|0 fnt
|faint|p1a: my way
|-damage|p2b: Corviknight|55/100|[from] Recoil
|
|-start|p2b: Corviknight|perish1
|-start|p2a: Sylveon|perish1
|-start|p1b: Expectations|perish1
|upkeep
|turn|8
|
|t:|1784808874
|-curestatus|p1b: Expectations|slp|[msg]
|move|p1b: Expectations|Protect|p1b: Expectations
|-singleturn|p1b: Expectations|Protect
|move|p2a: Sylveon|Quick Attack|p1b: Expectations
|-activate|p1b: Expectations|move: Protect
|move|p2b: Corviknight|Brave Bird|p1b: Expectations
|-activate|p1b: Expectations|move: Protect
|
|-start|p2b: Corviknight|perish0
|-start|p2a: Sylveon|perish0
|-start|p1b: Expectations|perish0
|-sideend|p2: testdigi|move: Tailwind
|faint|p2b: Corviknight
|faint|p2a: Sylveon
|faint|p1b: Expectations
|
|win|trevYAH
