|j|☆struggling bug
|j|☆leoscerni
|html|struggling bugleoscerni    
|uhtml|bestof|Game 3 of a best-of-3
|t:|1754717316
|gametype|doubles
|player|p1|struggling bug|winona|1145
|player|p2|leoscerni|1|1336
|gen|9
|tier|[Gen 9] VGC 2025 Reg H (Bo3)
|rated|
|rule|Species Clause: Limit one of each Pokémon
|rule|Item Clause: Limit 1 of each item
|clearpoke
|poke|p1|Ninetales-Alola, L50, F|
|poke|p1|Ursaluna-Bloodmoon, L50, M|
|poke|p1|Gholdengo, L50|
|poke|p1|Magmar, L50, F|
|poke|p1|Annihilape, L50, M|
|poke|p1|Dragonite, L50, F|
|poke|p2|Dragapult, L50, M|
|poke|p2|Sneasler, L50, F|
|poke|p2|Kingambit, L50, F|
|poke|p2|Rillaboom, L50, F|
|poke|p2|Primarina, L50, M|
|poke|p2|Magmar, L50, F|
|teampreview|4
|showteam|p1|Ninetales-Alola||CovertCloak|SnowWarning|IcyWind,Blizzard,AuroraVeil,Encore|||F|||50|,,,,,Water]Ursaluna-Bloodmoon||AssaultVest|MindsEye|BloodMoon,EarthPower,HyperVoice,VacuumWave|||M|||50|,,,,,Ghost]Gholdengo||LifeOrb|GoodasGold|Protect,NastyPlot,MakeItRain,ShadowBall||||||50|,,,,,Water]Magmar||Eviolite|FlameBody|FollowMe,WillOWisp,Overheat,Protect|||F|||50|,,,,,Ghost]Annihilape||Leftovers|Defiant|RageFist,BulkUp,DrainPunch,Protect|||M|||50|,,,,,Fire]Dragonite||LoadedDice|Multiscale|ScaleShot,Tailwind,Haze,Protect|||F|||50|,,,,,Fairy
|showteam|p2|Dragapult||ChoiceBand|ClearBody|DragonDarts,Outrage,PhantomForce,Uturn|||M|||50|,,,,,Dragon]Sneasler||FocusSash|PoisonTouch|CloseCombat,FakeOut,DireClaw,Protect|||F|||50|,,,,,Ghost]Kingambit||BlackGlasses|Defiant|KowtowCleave,SuckerPunch,SwordsDance,Protect|||F|||50|,,,,,Dark]Rillaboom||AssaultVest|GrassySurge|WoodHammer,GrassyGlide,FakeOut,HighHorsepower|||F|||50|,,,,,Fire]Primarina||SitrusBerry|LiquidVoice|Moonblast,HyperVoice,Haze,Protect|||M|||50|,,,,,Poison]Magmar||Eviolite|VitalSpirit|Overheat,WillOWisp,FollowMe,Protect|||F|||50|,,,,,Ghost
|inactive|Battle timer is ON: inactive players will automatically lose when time's up. (requested by leoscerni)
|
|t:|1754717346
|teamsize|p1|4
|teamsize|p2|4
|start
|switch|p1a: Gholdengo|Gholdengo, L50|100/100
|switch|p1b: Annihilape|Annihilape, L50, M|100/100
|switch|p2a: Sneasler|Sneasler, L50, F|100/100
|switch|p2b: Dragapult|Dragapult, L50, M|100/100
|turn|1
|inactive|leoscerni has 30 seconds left.
|
|t:|1754717378
|switch|p2a: Primarina|Primarina, L50, M|100/100
|switch|p1b: Magmar|Magmar, L50, F|100/100
|move|p2b: Dragapult|Phantom Force||[still]
|-prepare|p2b: Dragapult|Phantom Force
|move|p1a: Gholdengo|Nasty Plot|p1a: Gholdengo
|-boost|p1a: Gholdengo|spa|2
|
|upkeep
|turn|2
|
|t:|1754717393
|move|p2a: Primarina|Protect|p2a: Primarina
|-singleturn|p2a: Primarina|Protect
|move|p1b: Magmar|Follow Me|p1b: Magmar
|-singleturn|p1b: Magmar|move: Follow Me
|move|p2b: Dragapult|Phantom Force|p1b: Magmar|[from] lockedmove
|-damage|p1b: Magmar|45/100
|-status|p2b: Dragapult|brn|[from] ability: Flame Body|[of] p1b: Magmar
|move|p1a: Gholdengo|Make It Rain|p2a: Primarina|[spread] p2b
|-activate|p2a: Primarina|move: Protect
|-damage|p2b: Dragapult|0 fnt
|-unboost|p1a: Gholdengo|spa|1
|faint|p2b: Dragapult
|-damage|p1a: Gholdengo|91/100|[from] item: Life Orb
|
|upkeep
|
|t:|1754717409
|switch|p2b: Sneasler|Sneasler, L50, F|100/100
|turn|3
|
|t:|1754717422
|move|p2b: Sneasler|Protect|p2b: Sneasler
|-singleturn|p2b: Sneasler|Protect
|move|p1b: Magmar|Protect|p1b: Magmar
|-singleturn|p1b: Magmar|Protect
|move|p1a: Gholdengo|Nasty Plot|p1a: Gholdengo
|-boost|p1a: Gholdengo|spa|2
|move|p2a: Primarina|Haze|p2a: Primarina
|-clearallboost
|
|upkeep
|turn|4
|
|t:|1754717443
|move|p1b: Magmar|Follow Me|p1b: Magmar
|-singleturn|p1b: Magmar|move: Follow Me
|move|p2b: Sneasler|Close Combat|p1b: Magmar
|-damage|p1b: Magmar|0 fnt
|-unboost|p2b: Sneasler|def|1
|-unboost|p2b: Sneasler|spd|1
|faint|p1b: Magmar
|move|p1a: Gholdengo|Make It Rain|p2a: Primarina|[spread] p2a,p2b
|-damage|p2a: Primarina|54/100
|-enditem|p2b: Sneasler|Focus Sash
|-damage|p2b: Sneasler|1/100
|-unboost|p1a: Gholdengo|spa|1
|-damage|p1a: Gholdengo|82/100|[from] item: Life Orb
|move|p2a: Primarina|Hyper Voice|p1a: Gholdengo
|-damage|p1a: Gholdengo|36/100
|
|upkeep
|
|t:|1754717459
|switch|p1b: Ninetales|Ninetales-Alola, L50, F|100/100
|-weather|Snowscape|[from] ability: Snow Warning|[of] p1b: Ninetales
|turn|5
|
|t:|1754717481
|-terastallize|p1b: Ninetales|Water
|move|p2b: Sneasler|Dire Claw|p1b: Ninetales
|-damage|p1b: Ninetales|52/100
|move|p1b: Ninetales|Blizzard|p2b: Sneasler|[spread] p2a,p2b
|-resisted|p2a: Primarina
|-damage|p2a: Primarina|44/100
|-damage|p2b: Sneasler|0 fnt
|-enditem|p2a: Primarina|Sitrus Berry|[eat]
|-heal|p2a: Primarina|69/100|[from] item: Sitrus Berry
|faint|p2b: Sneasler
|move|p1a: Gholdengo|Make It Rain|p2a: Primarina
|-damage|p2a: Primarina|26/100
|-unboost|p1a: Gholdengo|spa|1
|-damage|p1a: Gholdengo|26/100|[from] item: Life Orb
|move|p2a: Primarina|Hyper Voice|p1a: Gholdengo|[spread] p1a,p1b
|-resisted|p1b: Ninetales
|-damage|p1a: Gholdengo|0 fnt
|-damage|p1b: Ninetales|37/100
|faint|p1a: Gholdengo
|
|-weather|Snowscape|[upkeep]
|upkeep
|
|t:|1754717499
|switch|p2b: Kingambit|Kingambit, L50, F|100/100
|switch|p1a: Annihilape|Annihilape, L50, M|100/100
|turn|6
|
|t:|1754717520
|-terastallize|p2b: Kingambit|Dark
|move|p2b: Kingambit|Sucker Punch||[still]
|-fail|p2b: Kingambit
|move|p1b: Ninetales|Aurora Veil|p1b: Ninetales
|-sidestart|p1: struggling bug|move: Aurora Veil
|move|p1a: Annihilape|Rage Fist|p2a: Primarina
|-damage|p2a: Primarina|3/100
|move|p2a: Primarina|Moonblast|p1a: Annihilape
|-supereffective|p1a: Annihilape
|-damage|p1a: Annihilape|58/100
|
|-weather|Snowscape|[upkeep]
|-heal|p1a: Annihilape|64/100|[from] item: Leftovers
|upkeep
|turn|7
|inactive|struggling bug has 30 seconds left.
|inactive|leoscerni has 30 seconds left.
|inactive|leoscerni has 20 seconds left.
|
|t:|1754717557
|move|p1a: Annihilape|Protect|p1a: Annihilape
|-singleturn|p1a: Annihilape|Protect
|move|p1b: Ninetales|Encore|p2b: Kingambit
|-start|p2b: Kingambit|Encore
|move|p2a: Primarina|Moonblast|p1a: Annihilape
|-activate|p1a: Annihilape|move: Protect
|move|p2b: Kingambit|Sucker Punch||[still]
|-fail|p2b: Kingambit
|
|-weather|Snowscape|[upkeep]
|-heal|p1a: Annihilape|70/100|[from] item: Leftovers
|upkeep
|turn|8
|
|t:|1754717575
|move|p2a: Primarina|Protect|p2a: Primarina
|-singleturn|p2a: Primarina|Protect
|move|p2b: Kingambit|Sucker Punch|p1b: Ninetales
|-damage|p1b: Ninetales|0 fnt
|faint|p1b: Ninetales
|move|p1a: Annihilape|Bulk Up|p1a: Annihilape
|-boost|p1a: Annihilape|atk|1
|-boost|p1a: Annihilape|def|1
|
|-weather|Snowscape|[upkeep]
|-heal|p1a: Annihilape|76/100|[from] item: Leftovers
|upkeep
|turn|9
|
|t:|1754717588
|move|p2b: Kingambit|Sucker Punch|p1a: Annihilape
|-damage|p1a: Annihilape|45/100
|move|p1a: Annihilape|Rage Fist|p2a: Primarina
|-damage|p2a: Primarina|0 fnt
|faint|p2a: Primarina
|
|-weather|none
|-heal|p1a: Annihilape|51/100|[from] item: Leftovers
|-end|p2b: Kingambit|Encore
|upkeep
|turn|10
|
|t:|1754717602
|move|p2b: Kingambit|Protect|p2b: Kingambit
|-singleturn|p2b: Kingambit|Protect
|move|p1a: Annihilape|Drain Punch|p2b: Kingambit
|-activate|p2b: Kingambit|move: Protect
|
|-heal|p1a: Annihilape|57/100|[from] item: Leftovers
|-sideend|p1: struggling bug|move: Aurora Veil
|upkeep
|turn|11
|
|t:|1754717607
|move|p1a: Annihilape|Drain Punch|p2b: Kingambit
|-supereffective|p2b: Kingambit
|-damage|p2b: Kingambit|28/100
|-heal|p1a: Annihilape|92/100|[from] drain|[of] p2b: Kingambit
|move|p2b: Kingambit|Swords Dance|p2b: Kingambit
|-boost|p2b: Kingambit|atk|2
|
|-heal|p1a: Annihilape|98/100|[from] item: Leftovers
|upkeep
|turn|12
|
|t:|1754717620
|move|p1a: Annihilape|Drain Punch|p2b: Kingambit
|-supereffective|p2b: Kingambit
|-damage|p2b: Kingambit|0 fnt
|-heal|p1a: Annihilape|100/100|[from] drain|[of] p2b: Kingambit
|faint|p2b: Kingambit
|
|win|struggling bug
|raw|struggling bug's rating: 1145 → 1183(+38 for winning)
|raw|leoscerni's rating: 1336 → 1306(-30 for losing)
|c|☆struggling bug|gg
|l|☆leoscerni
|player|p2|
