|j|☆bomabflat
|j|☆pekkleduck
|html|bomabflatpekkleduck    
|uhtml|bestof|Game 3 of a best-of-3
|t:|1785617040
|gametype|doubles
|player|p1|bomabflat|101|1055
|player|p2|pekkleduck|170|1000
|gen|9
|tier|[Gen 9 Champions] VGC 2026 Reg M-B (Bo3)
|rated|
|rule|Species Clause: Limit one of each Pokémon
|rule|Item Clause: Limit 1 of each item
|clearpoke
|poke|p1|Spiritomb, L50, F|
|poke|p1|Farigiraf, L50, M|
|poke|p1|Musharna, L50, M|
|poke|p1|Mawile, L50, F|
|poke|p1|Torkoal, L50, M|
|poke|p1|Drampa, L50, F|
|poke|p2|Floette-Eternal, L50, F|
|poke|p2|Kingambit, L50, M|
|poke|p2|Gholdengo, L50|
|poke|p2|Garchomp, L50, F|
|poke|p2|Farigiraf, L50, F|
|poke|p2|Sinistcha-Masterpiece, L50|
|teampreview|4
|showteam|p1|Spiritomb||RoseliBerry|Pressure|TrickRoom,FoulPlay,DestinyBond,Protect|Relaxed||F|||50|]Farigiraf||ColburBerry|ArmorTail|HyperVoice,TrickRoom,TwinBeam,Protect|Quiet||M|||50|]Musharna||SitrusBerry|Telepathy|TrickRoom,Protect,HelpingHand,Psychic|Relaxed||M|||50|]Mawile||Mawilite|HyperCutter|PlayRough,IronHead,ThunderPunch,Protect|Brave||F|||50|]Torkoal||Charcoal|Drought|Eruption,SolarBeam,Protect,EarthPower|Quiet||M|||50|]Drampa||WideLens|CloudNine|DragonPulse,HydroPump,FireBlast,Protect|Quiet||F|||50|
|showteam|p2|Floette-Eternal||Floettite|FlowerVeil|LightofRuin,Moonblast,DazzlingGleam,Protect|Timid||F|||50|]Kingambit||BlackGlasses|Defiant|KowtowCleave,SuckerPunch,LowKick,Protect|Brave||M|||50|]Gholdengo||MetalCoat|GoodasGold|MakeItRain,ShadowBall,NastyPlot,Protect|Modest|||||50|]Garchomp||LifeOrb|RoughSkin|RockSlide,DragonClaw,StompingTantrum,Protect|Jolly||F|||50|]Farigiraf||SitrusBerry|ArmorTail|FoulPlay,Psychic,TrickRoom,Protect|Modest||F|||50|]Sinistcha-Masterpiece||ColburBerry|Hospitality|MatchaGotcha,ShadowBall,RagePowder,TrickRoom|Modest|||||50|
|inactive|Battle timer is ON: inactive players will automatically lose when time's up. (requested by pekkleduck)
|
|t:|1785617051
|teamsize|p1|4
|teamsize|p2|4
|start
|switch|p1a: Pete Best|Musharna, L50, M|100/100
|switch|p1b: Stuart Sutcliffe|Torkoal, L50, M|100/100
|switch|p2a: flowergirl|Floette-Eternal, L50, F|100/100
|switch|p2b: Cheese String|Gholdengo, L50|100/100
|-weather|SunnyDay|[from] ability: Drought|[of] p1b: Stuart Sutcliffe
|turn|1
|
|t:|1785617066
|detailschange|p2a: flowergirl|Floette-Mega, L50, F
|-mega|p2a: flowergirl|Floette|Floettite
|-ability|p2a: flowergirl|Fairy Aura
|move|p1b: Stuart Sutcliffe|Protect|p1b: Stuart Sutcliffe
|-singleturn|p1b: Stuart Sutcliffe|Protect
|move|p2a: flowergirl|Dazzling Gleam|p1b: Stuart Sutcliffe|[spread] p1a
|-activate|p1b: Stuart Sutcliffe|move: Protect
|-damage|p1a: Pete Best|65/100
|move|p2b: Cheese String|Shadow Ball|p1a: Pete Best
|-supereffective|p1a: Pete Best|1
|-damage|p1a: Pete Best|0 fnt
|faint|p1a: Pete Best
|
|-weather|SunnyDay|[upkeep]
|upkeep
|
|t:|1785617081
|switch|p1a: John Lennon|Spiritomb, L50, F|100/100
|-ability|p1a: John Lennon|Pressure
|turn|2
|
|t:|1785617090
|move|p2a: flowergirl|Moonblast|p1b: Stuart Sutcliffe
|-resisted|p1b: Stuart Sutcliffe|1
|-damage|p1b: Stuart Sutcliffe|47/100
|move|p2b: Cheese String|Make It Rain|p1b: Stuart Sutcliffe|[spread] p1a,p1b
|-resisted|p1b: Stuart Sutcliffe|1
|-damage|p1a: John Lennon|43/100
|-damage|p1b: Stuart Sutcliffe|8/100
|-unboost|p2b: Cheese String|spa|2
|move|p1b: Stuart Sutcliffe|Eruption|p2a: flowergirl|[spread] p2a,p2b
|-supereffective|p2b: Cheese String|1
|-damage|p2a: flowergirl|93/100
|-damage|p2b: Cheese String|86/100
|move|p1a: John Lennon|Trick Room|p1a: John Lennon
|-fieldstart|move: Trick Room|[of] p1a: John Lennon
|
|-weather|SunnyDay|[upkeep]
|upkeep
|turn|3
|
|t:|1785617107
|move|p1b: Stuart Sutcliffe|Earth Power|p2b: Cheese String
|-supereffective|p2b: Cheese String|1
|-damage|p2b: Cheese String|32/100
|move|p1a: John Lennon|Destiny Bond|p1a: John Lennon
|-singlemove|p1a: John Lennon|Destiny Bond
|move|p2b: Cheese String|Nasty Plot|p2b: Cheese String
|-boost|p2b: Cheese String|spa|2
|move|p2a: flowergirl|Dazzling Gleam|p1a: John Lennon|[spread] p1a,p1b
|-supereffective|p1a: John Lennon|1
|-enditem|p1a: John Lennon|Roseli Berry|[eat]
|-enditem|p1a: John Lennon|Roseli Berry|[weaken]
|-resisted|p1b: Stuart Sutcliffe|1
|-damage|p1a: John Lennon|1/100
|-damage|p1b: Stuart Sutcliffe|0 fnt
|faint|p1b: Stuart Sutcliffe
|
|-weather|SunnyDay|[upkeep]
|upkeep
|
|t:|1785617121
|switch|p1b: Ringo Starr|Mawile, L50, F|100/100
|turn|4
|
|t:|1785617131
|detailschange|p1b: Ringo Starr|Mawile-Mega, L50, F
|-mega|p1b: Ringo Starr|Mawile|Mawilite
|move|p1b: Ringo Starr|Protect|p1b: Ringo Starr
|-singleturn|p1b: Ringo Starr|Protect
|move|p2b: Cheese String|Make It Rain|p1a: John Lennon|[spread] p1a
|-activate|p1b: Ringo Starr|move: Protect
|-damage|p1a: John Lennon|0 fnt
|-unboost|p2b: Cheese String|spa|2
|faint|p1a: John Lennon
|-activate|p1a: John Lennon|move: Destiny Bond
|faint|p2b: Cheese String
|move|p2a: flowergirl|Light of Ruin|p1b: Ringo Starr
|-activate|p1b: Ringo Starr|move: Protect
|
|-weather|SunnyDay|[upkeep]
|upkeep
|
|t:|1785617139
|switch|p2b: THE CHOMP|Garchomp, L50, F|100/100
|turn|5
|
|t:|1785617151
|move|p1b: Ringo Starr|Play Rough|p2b: THE CHOMP
|-supereffective|p2b: THE CHOMP|1
|-damage|p2b: THE CHOMP|0 fnt
|-damage|p1b: Ringo Starr|87/100|[from] ability: Rough Skin|[of] p2b: THE CHOMP
|faint|p2b: THE CHOMP
|move|p2a: flowergirl|Light of Ruin|p1b: Ringo Starr|[miss]
|-miss|p2a: flowergirl|p1b: Ringo Starr
|
|-weather|none
|upkeep
|
|t:|1785617155
|switch|p2b: Silician|Kingambit, L50, M|100/100
|turn|6
|
|t:|1785617166
|move|p2a: flowergirl|Protect|p2a: flowergirl
|-singleturn|p2a: flowergirl|Protect
|move|p2b: Silician|Kowtow Cleave|p1b: Ringo Starr
|-resisted|p1b: Ringo Starr|1
|-damage|p1b: Ringo Starr|57/100
|move|p1b: Ringo Starr|Iron Head|p2a: flowergirl
|-activate|p2a: flowergirl|move: Protect
|
|-fieldend|move: Trick Room
|upkeep
|turn|7
|
|t:|1785617172
|move|p2a: flowergirl|Light of Ruin|p1b: Ringo Starr|[miss]
|-miss|p2a: flowergirl|p1b: Ringo Starr
|move|p1b: Ringo Starr|Iron Head|p2a: flowergirl
|-supereffective|p2a: flowergirl|1
|-damage|p2a: flowergirl|0 fnt
|faint|p2a: flowergirl
|move|p2b: Silician|Kowtow Cleave|p1b: Ringo Starr
|-resisted|p1b: Ringo Starr|1
|-damage|p1b: Ringo Starr|26/100
|
|upkeep
|turn|8
|
|t:|1785617183
|move|p2b: Silician|Kowtow Cleave|p1b: Ringo Starr
|-resisted|p1b: Ringo Starr|1
|-damage|p1b: Ringo Starr|0 fnt
|faint|p1b: Ringo Starr
|
|win|pekkleduck
|raw|bomabflat's rating: 1055 → 1034(-21 for losing)
|raw|pekkleduck's rating: 1000 → 1046(+46 for winning)
|c|☆bomabflat|speed tie 50 50 at the end
|c|☆bomabflat|wow
|c|☆bomabflat|gg
|c|☆pekkleduck|I missed 2 light of ruin
|c|☆pekkleduck|ggs
