|j|☆OroRosaXIV
|j|☆Noir-Grey
|html|OroRosaXIVNoir-Grey    
|uhtml|bestof|Game 2 of a best-of-3
|t:|1784366223
|gametype|doubles
|player|p1|OroRosaXIV|cynthia-gen4|
|player|p2|Noir-Grey|bellelba|
|gen|9
|tier|[Gen 9 Champions] VGC 2026 Reg M-B (Bo3)
|rule|Species Clause: Limit one of each Pokémon
|rule|Item Clause: Limit 1 of each item
|clearpoke
|poke|p1|Glalie, L50, M|
|poke|p1|Sableye, L50, F|
|poke|p1|Swampert, L50, M|
|poke|p1|Archaludon, L50, F|
|poke|p1|Zoroark-Hisui, L50, F|
|poke|p1|Lycanroc-Dusk, L50, F|
|poke|p2|Gardevoir, L50, F, shiny|
|poke|p2|Hatterene, L50, F|
|poke|p2|Mawile, L50, F|
|poke|p2|Tsareena, L50, F|
|poke|p2|Leafeon, L50, F|
|poke|p2|Primarina, L50, F|
|teampreview|4
|showteam|p1|Glalie||Glalitite|Moody|Explosion,BodySlam,Earthquake,Protect|Jolly||M|||50|]Sableye||MentalHerb|Prankster|ThunderWave,RainDance,FakeOut,Quash|Bold||F|||50|]Swampert||Swampertite|Torrent|WaveCrash,Earthquake,HammerArm,Protect|Adamant||M|||50|]Archaludon||ChoiceScarf|Stamina|DracoMeteor,ElectroShot,SteelBeam,FlashCannon|Modest||F|||50|]Zoroark-Hisui||FocusSash|Illusion|IcyWind,Protect,ShadowBall,FakeTears|Timid||F|||50|]Lycanroc-Dusk||LifeOrb|ToughClaws|Accelerock,RockSlide,CloseCombat,Protect|Jolly||F|||50|
|showteam|p2|Gardevoir||Gardevoirite|Trace|Psychic,Thunderbolt,Protect,TrickRoom|Quiet||F|||50|]Hatterene||LifeOrb|MagicBounce|DazzlingGleam,ExpandingForce,TrickRoom,Protect|Quiet||F|||50|]Mawile||Leftovers|HyperCutter|PlayRough,IronHead,SuckerPunch,Protect|Adamant||F|||50|]Tsareena||SitrusBerry|QueenlyMajesty|PowerWhip,Uturn,TripleAxel,Taunt|Adamant||F|||50|]Leafeon||KingsRock|LeafGuard|LeafBlade,KnockOff,DoubleEdge,Synthesis|Serious||F|||50|]Primarina||FairyFeather|LiquidVoice|HyperVoice,Moonblast,Haze,Protect|Modest||F|||50|
|
|t:|1784366238
|teamsize|p1|4
|teamsize|p2|4
|start
|switch|p1a: Sableye|Sableye, L50, F|100/100
|switch|p1b: Swampert|Swampert, L50, M|100/100
|switch|p2a: Hatterene|Hatterene, L50, F|100/100
|switch|p2b: Primarina|Primarina, L50, F|100/100
|turn|1
|
|t:|1784366261
|detailschange|p1b: Swampert|Swampert-Mega, L50, M
|-mega|p1b: Swampert|Swampert|Swampertite
|move|p2a: Hatterene|Protect|p2a: Hatterene
|-singleturn|p2a: Hatterene|Protect
|move|p1a: Sableye|Rain Dance|p1a: Sableye
|-weather|RainDance
|move|p1b: Swampert|Wave Crash|p2a: Hatterene
|-activate|p2a: Hatterene|move: Protect
|move|p2b: Primarina|Moonblast|p1a: Sableye
|-supereffective|p1a: Sableye|1
|-damage|p1a: Sableye|0 fnt
|faint|p1a: Sableye
|
|-weather|RainDance|[upkeep]
|upkeep
|
|t:|1784366269
|switch|p1a: Archaludon|Archaludon, L50, F|100/100
|turn|2
|
|t:|1784366294
|move|p1b: Swampert|Wave Crash|p2a: Hatterene
|-damage|p2a: Hatterene|0 fnt
|faint|p2a: Hatterene
|-damage|p1b: Swampert|71/100|[from] Recoil
|move|p1a: Archaludon|Electro Shot||[still]
|-prepare|p1a: Archaludon|Electro Shot
|-boost|p1a: Archaludon|spa|1
|-anim|p1a: Archaludon|Electro Shot|p2b: Primarina
|-supereffective|p2b: Primarina|1
|-damage|p2b: Primarina|1/100
|move|p2b: Primarina|Moonblast|p1b: Swampert
|-damage|p1b: Swampert|17/100
|
|-weather|RainDance|[upkeep]
|upkeep
|
|t:|1784366310
|switch|p2a: Gardevoir|Gardevoir, L50, F, shiny|100/100
|-ability|p2a: Gardevoir|Stamina|Trace|[from] ability: Trace|[of] p1a: Archaludon
|turn|3
|
|t:|1784366331
|detailschange|p2a: Gardevoir|Gardevoir-Mega, L50, F, shiny
|-mega|p2a: Gardevoir|Gardevoir|Gardevoirite
|move|p1b: Swampert|Wave Crash|p2a: Gardevoir
|-damage|p2a: Gardevoir|0 fnt
|faint|p2a: Gardevoir
|-damage|p1b: Swampert|0 fnt|[from] Recoil
|faint|p1b: Swampert
|move|p1a: Archaludon|Electro Shot||[still]
|-prepare|p1a: Archaludon|Electro Shot
|-boost|p1a: Archaludon|spa|1
|-anim|p1a: Archaludon|Electro Shot|p2b: Primarina
|-supereffective|p2b: Primarina|1
|-damage|p2b: Primarina|0 fnt
|faint|p2b: Primarina
|
|-weather|RainDance|[upkeep]
|upkeep
|
|t:|1784366351
|switch|p1b: Zoroark|Zoroark-Hisui, L50, F|100/100
|switch|p2b: Tsareena|Tsareena, L50, F|100/100
|turn|4
|
|t:|1784366368
|move|p1a: Archaludon|Electro Shot||[still]
|-prepare|p1a: Archaludon|Electro Shot
|-boost|p1a: Archaludon|spa|1
|-anim|p1a: Archaludon|Electro Shot|p2b: Tsareena
|-resisted|p2b: Tsareena|1
|-damage|p2b: Tsareena|39/100
|-enditem|p2b: Tsareena|Sitrus Berry|[eat]
|-heal|p2b: Tsareena|63/100|[from] item: Sitrus Berry
|move|p1b: Zoroark|Shadow Ball|p2b: Tsareena
|-damage|p2b: Tsareena|25/100
|move|p2b: Tsareena|Triple Axel|p1a: Archaludon
|-damage|p1a: Archaludon|93/100
|-ability|p1a: Archaludon|Stamina|boost
|-boost|p1a: Archaludon|def|1
|-damage|p1a: Archaludon|84/100
|-ability|p1a: Archaludon|Stamina|boost
|-boost|p1a: Archaludon|def|1
|-damage|p1a: Archaludon|74/100
|-ability|p1a: Archaludon|Stamina|boost
|-boost|p1a: Archaludon|def|1
|-hitcount|p1a: Archaludon|3
|
|-weather|RainDance|[upkeep]
|upkeep
|turn|5
|
|t:|1784366389
|move|p1a: Archaludon|Electro Shot||[still]
|-prepare|p1a: Archaludon|Electro Shot
|-boost|p1a: Archaludon|spa|1
|-anim|p1a: Archaludon|Electro Shot|p2b: Tsareena
|-resisted|p2b: Tsareena|1
|-damage|p2b: Tsareena|0 fnt
|faint|p2b: Tsareena
|
|win|OroRosaXIV
||Noir-Grey is ready for game 3.
||OroRosaXIV is ready for game 3.
|uhtml|next|Next: Game 3 of 3
|l|☆Noir-Grey
|player|p2|
|l|☆OroRosaXIV
|player|p1|
|j| Tearamizuu
