|j|☆Spasio
|j|☆new mental
|html|Spasionew mental    
|uhtml|bestof|Game 2 of a best-of-3
|t:|1785496074
|gametype|doubles
|player|p1|Spasio|169|1339
|player|p2|new mental|volkner|1316
|gen|9
|tier|[Gen 9 Champions] VGC 2026 Reg M-B (Bo3)
|rated|
|rule|Species Clause: Limit one of each Pokémon
|rule|Item Clause: Limit 1 of each item
|clearpoke
|poke|p1|Charizard, L50, M|
|poke|p1|Glimmora, L50, M|
|poke|p1|Whimsicott, L50, F|
|poke|p1|Ninetales-Alola, L50, F|
|poke|p1|Kingambit, L50, M|
|poke|p1|Kommo-o, L50, M|
|poke|p2|Charizard, L50, M|
|poke|p2|Garchomp, L50, F|
|poke|p2|Incineroar, L50, M|
|poke|p2|Venusaur, L50, M|
|poke|p2|Toxapex, L50, F|
|poke|p2|Sylveon, L50, F|
|teampreview|4
|showteam|p1|Charizard||CharizarditeY|Blaze|HeatWave,WeatherBall,SolarBeam,Protect|Modest||M|||50|]Glimmora||Glimmoranite|ToxicDebris|SludgeBomb,PowerGem,EarthPower,SpikyShield|Modest||M|||50|]Whimsicott||FocusSash|Prankster|Moonblast,Tailwind,Encore,Protect|Timid||F|||50|]Ninetales-Alola||NeverMeltIce|SnowWarning|Blizzard,FreezeDry,Disable,Protect|Timid||F|||50|]Kingambit||BlackGlasses|Defiant|KowtowCleave,SuckerPunch,IronHead,Protect|Adamant||M|||50|]Kommo-o||LifeOrb|Overcoat|ClangingScales,AuraSphere,VacuumWave,Protect|Modest||M|||50|
|showteam|p2|Charizard||CharizarditeY|SolarPower|WeatherBall,HeatWave,AncientPower,Protect|Modest||M|||50|]Garchomp||ChoiceScarf|RoughSkin|RockSlide,DragonClaw,Earthquake,StompingTantrum|Adamant||F|||50|]Incineroar||SitrusBerry|Intimidate|FlareBlitz,FakeOut,DarkestLariat,PartingShot|Impish||M|||50|]Venusaur||LifeOrb|Chlorophyll|SludgeBomb,LeafStorm,EarthPower,Protect|Modest||M|||50|]Toxapex||Leftovers|Regenerator|Infestation,Toxic,WideGuard,BanefulBunker|Bold||F|||50|]Sylveon||FairyFeather|Pixilate|HyperVoice,QuickAttack,Yawn,Detect|Modest||F|||50|
|inactive|Battle timer is ON: inactive players will automatically lose when time's up. (requested by Spasio)
|
|t:|1785496083
|teamsize|p1|4
|teamsize|p2|4
|start
|switch|p1a: Whimsicott|Whimsicott, L50, F|100/100
|switch|p1b: Ninetales|Ninetales-Alola, L50, F|100/100
|switch|p2a: Charizard|Charizard, L50, M|100/100
|switch|p2b: Venusaur|Venusaur, L50, M|100/100
|-weather|Snowscape|[from] ability: Snow Warning|[of] p1b: Ninetales
|turn|1
|
|t:|1785496087
|detailschange|p2a: Charizard|Charizard-Mega-Y, L50, M
|-mega|p2a: Charizard|Charizard|Charizardite Y
|-weather|SunnyDay|[from] ability: Drought|[of] p2a: Charizard
|move|p1a: Whimsicott|Tailwind|p1a: Whimsicott
|-sidestart|p1: Spasio|move: Tailwind
|move|p1b: Ninetales|Blizzard|p2a: Charizard|[spread] p2a,p2b
|-supereffective|p2b: Venusaur|1
|-damage|p2a: Charizard|68/100
|-damage|p2b: Venusaur|16/100
|move|p2b: Venusaur|Sludge Bomb|p1a: Whimsicott
|-supereffective|p1a: Whimsicott|2
|-enditem|p1a: Whimsicott|Focus Sash
|-damage|p1a: Whimsicott|1/100
|-damage|p2b: Venusaur|7/100|[from] item: Life Orb
|move|p2a: Charizard|Heat Wave|p1a: Whimsicott|[spread] p1a,p1b
|-supereffective|p1a: Whimsicott|1
|-supereffective|p1b: Ninetales|1
|-damage|p1a: Whimsicott|0 fnt
|-damage|p1b: Ninetales|0 fnt
|faint|p1a: Whimsicott
|faint|p1b: Ninetales
|
|-weather|SunnyDay|[upkeep]
|upkeep
|
|t:|1785496101
|switch|p1a: Glimmora|Glimmora, L50, M|100/100
|switch|p1b: Kingambit|Kingambit, L50, M|100/100
|turn|2
|
|t:|1785496110
|detailschange|p1a: Glimmora|Glimmora-Mega, L50, M
|-mega|p1a: Glimmora|Glimmora|Glimmoranite
|move|p2b: Venusaur|Protect|p2b: Venusaur
|-singleturn|p2b: Venusaur|Protect
|move|p1a: Glimmora|Power Gem|p2a: Charizard
|-supereffective|p2a: Charizard|2
|-damage|p2a: Charizard|0 fnt
|faint|p2a: Charizard
|move|p1b: Kingambit|Iron Head|p2b: Venusaur
|-activate|p2b: Venusaur|move: Protect
|
|-weather|SunnyDay|[upkeep]
|upkeep
|
|t:|1785496114
|switch|p2a: Sylveon|Sylveon, L50, F|100/100
|turn|3
|
|t:|1785496122
|move|p2a: Sylveon|Detect|p2a: Sylveon
|-singleturn|p2a: Sylveon|Protect
|move|p1b: Kingambit|Sucker Punch|p2b: Venusaur
|-damage|p2b: Venusaur|0 fnt
|faint|p2b: Venusaur
|move|p1a: Glimmora|Sludge Bomb|p2a: Sylveon
|-activate|p2a: Sylveon|move: Protect
|
|-weather|SunnyDay|[upkeep]
|upkeep
|
|t:|1785496125
|switch|p2b: Garchomp|Garchomp, L50, F|100/100
|turn|4
|
|t:|1785496133
|move|p2a: Sylveon|Quick Attack|p1b: Kingambit
|-damage|p1b: Kingambit|88/100
|move|p1a: Glimmora|Earth Power|p2b: Garchomp
|-damage|p2b: Garchomp|60/100
|move|p2b: Garchomp|Earthquake|p1b: Kingambit|[spread] p2a,p1a,p1b
|-supereffective|p1a: Glimmora|2
|-supereffective|p1b: Kingambit|1
|-damage|p2a: Sylveon|61/100
|-damage|p1a: Glimmora|0 fnt
|-damage|p1b: Kingambit|21/100
|faint|p1a: Glimmora
|move|p1b: Kingambit|Kowtow Cleave|p2b: Garchomp
|-damage|p2b: Garchomp|1/100
|-damage|p1b: Kingambit|9/100|[from] ability: Rough Skin|[of] p2b: Garchomp
|
|-weather|SunnyDay|[upkeep]
|-sideend|p1: Spasio|move: Tailwind
|upkeep
|turn|5
|
|t:|1785496155
|move|p2a: Sylveon|Detect|p2a: Sylveon
|-singleturn|p2a: Sylveon|Protect
|move|p2b: Garchomp|Earthquake|p1b: Kingambit|[spread] p1b
|-activate|p2a: Sylveon|move: Protect
|-supereffective|p1b: Kingambit|1
|-damage|p1b: Kingambit|0 fnt
|faint|p1b: Kingambit
|
|win|new mental
