|j|☆KodeBeast0526
|j|☆inv2021
|html|KodeBeast0526inv2021    
|uhtml|bestof|Game 1 of a best-of-3
|t:|1784301031
|gametype|doubles
|player|p1|KodeBeast0526|hiker|1223
|player|p2|inv2021|2|1187
|gen|9
|tier|[Gen 9 Champions] VGC 2026 Reg M-B (Bo3)
|rated|
|rule|Species Clause: Limit one of each Pokémon
|rule|Item Clause: Limit 1 of each item
|clearpoke
|poke|p1|Aerodactyl, L50, M|
|poke|p1|Kingambit, L50, M|
|poke|p1|Sylveon, L50, M|
|poke|p1|Garchomp, L50, M|
|poke|p1|Charizard, L50, M|
|poke|p1|Incineroar, L50, M|
|poke|p2|Garchomp, L50, M|
|poke|p2|Charizard, L50, F|
|poke|p2|Venusaur, L50, F|
|poke|p2|Rotom-Wash, L50|
|poke|p2|Incineroar, L50, F|
|poke|p2|Corviknight, L50, F, shiny|
|teampreview|4
|showteam|p1|Aerodactyl||Aerodactylite|Unnerve|RockSlide,IceFang,Tailwind,WideGuard|Jolly||M|||50|]Kingambit||FocusSash|Defiant|KowtowCleave,SuckerPunch,IronHead,Protect|Adamant||M|||50|]Sylveon||FairyFeather|Pixilate|Detect,HyperVoice,HyperBeam,QuickAttack|Modest||M|||50|]Garchomp||LifeOrb|RoughSkin|Earthquake,DragonClaw,StompingTantrum,Protect|Jolly||M|||50|]Charizard||CharizarditeY|Blaze|Protect,HeatWave,SolarBeam,WeatherBall|Modest||M|||50|]Incineroar||SitrusBerry|Intimidate|DarkestLariat,FlareBlitz,FakeOut,PartingShot|Impish||M|||50|
|showteam|p2|Garchomp||ChoiceScarf|RoughSkin|DragonClaw,Earthquake,RockSlide,IronHead|Adamant||M|||50|]Charizard||CharizarditeY|SolarPower|HeatWave,WeatherBall,SolarBeam,Protect|Modest||F|||50|]Venusaur||FocusSash|Chlorophyll|SludgeBomb,SleepPowder,LeafStorm,Protect|Modest||F|||50|]Rotom-Wash||SitrusBerry|Levitate|HydroPump,VoltSwitch,WillOWisp,Protect|Bold|||||50|]Incineroar||ShucaBerry|Intimidate|FakeOut,FlareBlitz,PartingShot,Taunt|Careful||F|||50|]Corviknight||Leftovers|MirrorArmor|BraveBird,BodyPress,BulkUp,Roost|Impish||F|||50|
|inactive|Battle timer is ON: inactive players will automatically lose when time's up. (requested by inv2021)
|inactive|inv2021 has 60 seconds left.
|
|t:|1784301092
|teamsize|p1|4
|teamsize|p2|4
|start
|switch|p1a: Kingambit|Kingambit, L50, M|100/100
|switch|p1b: Incineroar|Incineroar, L50, M|100/100
|switch|p2a: Rotom|Rotom-Wash, L50|100/100
|switch|p2b: Charizard|Charizard, L50, F|100/100
|-ability|p1b: Incineroar|Intimidate|boost
|-unboost|p2a: Rotom|atk|1
|-unboost|p2b: Charizard|atk|1
|turn|1
|
|t:|1784301109
|detailschange|p2b: Charizard|Charizard-Mega-Y, L50, F
|-mega|p2b: Charizard|Charizard|Charizardite Y
|-weather|SunnyDay|[from] ability: Drought|[of] p2b: Charizard
|move|p1b: Incineroar|Fake Out|p2a: Rotom
|-damage|p2a: Rotom|89/100
|move|p2b: Charizard|Heat Wave|p1a: Kingambit|[spread] p1a,p1b
|-supereffective|p1a: Kingambit|1
|-resisted|p1b: Incineroar|1
|-enditem|p1a: Kingambit|Focus Sash
|-damage|p1a: Kingambit|1/100
|-damage|p1b: Incineroar|72/100
|cant|p2a: Rotom|flinch
|move|p1a: Kingambit|Kowtow Cleave|p2a: Rotom
|-damage|p2a: Rotom|48/100
|-enditem|p2a: Rotom|Sitrus Berry|[eat]
|-heal|p2a: Rotom|73/100|[from] item: Sitrus Berry
|
|-weather|SunnyDay|[upkeep]
|upkeep
|turn|2
|inactive|inv2021 has 30 seconds left.
|inactive|KodeBeast0526 has 30 seconds left.
|inactive|inv2021 has 20 seconds left.
|inactive|inv2021 has 15 seconds left.
|inactive|inv2021 has 10 seconds left.
|inactive|inv2021 has 5 seconds left.
|
|t:|1784301164
|move|p1a: Kingambit|Sucker Punch|p2a: Rotom
|-damage|p2a: Rotom|37/100
|move|p2b: Charizard|Heat Wave|p1a: Kingambit|[spread] p1a,p1b
|-supereffective|p1a: Kingambit|1
|-resisted|p1b: Incineroar|1
|-damage|p1a: Kingambit|0 fnt
|-damage|p1b: Incineroar|46/100
|-enditem|p1b: Incineroar|Sitrus Berry|[eat]
|-heal|p1b: Incineroar|70/100|[from] item: Sitrus Berry
|faint|p1a: Kingambit
|move|p2a: Rotom|Hydro Pump|p1b: Incineroar
|-supereffective|p1b: Incineroar|1
|-damage|p1b: Incineroar|34/100
|move|p1b: Incineroar|Flare Blitz|p2a: Rotom
|-resisted|p2a: Rotom|1
|-damage|p2a: Rotom|4/100
|-damage|p1b: Incineroar|25/100|[from] Recoil
|
|-weather|SunnyDay|[upkeep]
|upkeep
|
|t:|1784301176
|switch|p1a: Aerodactyl|Aerodactyl, L50, M|100/100
|-ability|p1a: Aerodactyl|Unnerve
|turn|3
|inactive|inv2021 has 30 seconds left.
|
|t:|1784301206
|switch|p2a: Incineroar|Incineroar, L50, F|100/100
|-ability|p2a: Incineroar|Intimidate|boost
|-unboost|p1a: Aerodactyl|atk|1
|-unboost|p1b: Incineroar|atk|1
|detailschange|p1a: Aerodactyl|Aerodactyl-Mega, L50, M
|-mega|p1a: Aerodactyl|Aerodactyl|Aerodactylite
|move|p2b: Charizard|Protect|p2b: Charizard
|-singleturn|p2b: Charizard|Protect
|move|p1a: Aerodactyl|Rock Slide|p2a: Incineroar|[spread] 
|-activate|p2b: Charizard|move: Protect
|-miss|p1a: Aerodactyl|p2a: Incineroar
|move|p1b: Incineroar|Parting Shot|p2a: Incineroar
|-unboost|p2a: Incineroar|atk|1
|-unboost|p2a: Incineroar|spa|1
|
|t:|1784301214
|switch|p1b: Garchomp|Garchomp, L50, M|100/100|[from] Parting Shot
|
|-weather|SunnyDay|[upkeep]
|upkeep
|turn|4
|
|t:|1784301230
|switch|p2a: Rotom|Rotom-Wash, L50|4/100
|move|p1a: Aerodactyl|Tailwind|p1a: Aerodactyl
|-sidestart|p1: KodeBeast0526|move: Tailwind
|move|p1b: Garchomp|Stomping Tantrum|p2a: Rotom
|-immune|p2a: Rotom|[from] ability: Levitate
|move|p2b: Charizard|Heat Wave|p1a: Aerodactyl|[spread] p1a,p1b
|-resisted|p1a: Aerodactyl|1
|-resisted|p1b: Garchomp|1
|-damage|p1a: Aerodactyl|68/100
|-damage|p1b: Garchomp|65/100
|
|-weather|SunnyDay|[upkeep]
|upkeep
|turn|5
|
|t:|1784301250
|switch|p2b: Incineroar|Incineroar, L50, F|100/100
|-ability|p2b: Incineroar|Intimidate|boost
|-unboost|p1a: Aerodactyl|atk|1
|-unboost|p1b: Garchomp|atk|1
|move|p1a: Aerodactyl|Rock Slide|p2b: Incineroar|[spread] p2a,p2b
|-supereffective|p2b: Incineroar|1
|-damage|p2a: Rotom|0 fnt
|-damage|p2b: Incineroar|75/100
|faint|p2a: Rotom
|move|p1b: Garchomp|Dragon Claw|p2b: Incineroar
|-damage|p2b: Incineroar|39/100
|-damage|p1b: Garchomp|55/100|[from] item: Life Orb
|
|-weather|none
|upkeep
|
|t:|1784301265
|switch|p2a: Garchomp|Garchomp, L50, M|100/100
|turn|6
|
|t:|1784301276
|switch|p1a: Incineroar|Incineroar, L50, M|25/100
|-ability|p1a: Incineroar|Intimidate|boost
|-unboost|p2a: Garchomp|atk|1
|-unboost|p2b: Incineroar|atk|1
|move|p1b: Garchomp|Protect|p1b: Garchomp
|-singleturn|p1b: Garchomp|Protect
|move|p2b: Incineroar|Fake Out|p1b: Garchomp
|-activate|p1b: Garchomp|move: Protect
|move|p2a: Garchomp|Dragon Claw|p1b: Garchomp
|-activate|p1b: Garchomp|move: Protect
|
|upkeep
|turn|7
|
|t:|1784301283
|switch|p1b: Aerodactyl|Aerodactyl-Mega, L50, M|68/100
|switch|p2b: Charizard|Charizard-Mega-Y, L50, F|100/100
|-weather|SunnyDay|[from] ability: Drought|[of] p2b: Charizard
|move|p1a: Incineroar|Fake Out|p2a: Garchomp
|-damage|p2a: Garchomp|88/100
|-damage|p1a: Incineroar|13/100|[from] ability: Rough Skin|[of] p2a: Garchomp
|cant|p2a: Garchomp|flinch
|
|-weather|SunnyDay|[upkeep]
|-sideend|p1: KodeBeast0526|move: Tailwind
|upkeep
|turn|8
|inactive|inv2021 has 30 seconds left.
|
|t:|1784301309
|switch|p2a: Incineroar|Incineroar, L50, F|39/100
|-ability|p2a: Incineroar|Intimidate|boost
|-unboost|p1a: Incineroar|atk|1
|-unboost|p1b: Aerodactyl|atk|1
|move|p1b: Aerodactyl|Tailwind|p1b: Aerodactyl
|-sidestart|p1: KodeBeast0526|move: Tailwind
|move|p1a: Incineroar|Parting Shot|p2a: Incineroar
|-unboost|p2a: Incineroar|atk|1
|-unboost|p2a: Incineroar|spa|1
|
|t:|1784301313
|switch|p1a: Garchomp|Garchomp, L50, M|55/100|[from] Parting Shot
|move|p2b: Charizard|Heat Wave|p1a: Garchomp|[spread] p1a
|-miss|p2b: Charizard|p1b: Aerodactyl
|-resisted|p1a: Garchomp|1
|-damage|p1a: Garchomp|21/100
|
|-weather|SunnyDay|[upkeep]
|upkeep
|turn|9
|inactive|inv2021 has 30 seconds left.
|inactive|inv2021 has 20 seconds left.
|inactive|inv2021 has 15 seconds left.
|inactive|inv2021 has 10 seconds left.
|
|t:|1784301359
|switch|p2a: Garchomp|Garchomp, L50, M|88/100
|move|p2b: Charizard|Protect|p2b: Charizard
|-singleturn|p2b: Charizard|Protect
|move|p1b: Aerodactyl|Rock Slide|p2a: Garchomp|[spread] p2a
|-activate|p2b: Charizard|move: Protect
|-resisted|p2a: Garchomp|1
|-damage|p2a: Garchomp|79/100
|move|p1a: Garchomp|Dragon Claw|p2b: Charizard
|-activate|p2b: Charizard|move: Protect
|
|-weather|SunnyDay|[upkeep]
|upkeep
|turn|10
|inactive|inv2021 has 30 seconds left.
|
|t:|1784301385
|switch|p2b: Incineroar|Incineroar, L50, F|39/100
|-ability|p2b: Incineroar|Intimidate|boost
|-unboost|p1a: Garchomp|atk|1
|-unboost|p1b: Aerodactyl|atk|1
|move|p1b: Aerodactyl|Ice Fang|p2a: Garchomp
|-supereffective|p2a: Garchomp|2
|-damage|p2a: Garchomp|20/100y
|-damage|p1b: Aerodactyl|56/100|[from] ability: Rough Skin|[of] p2a: Garchomp
|move|p1a: Garchomp|Earthquake|p2a: Garchomp|[spread] p2a,p2b
|-immune|p1b: Aerodactyl
|-crit|p2a: Garchomp
|-supereffective|p2b: Incineroar|1
|-enditem|p2b: Incineroar|Shuca Berry|[eat]
|-enditem|p2b: Incineroar|Shuca Berry|[weaken]
|-damage|p2a: Garchomp|0 fnt
|-damage|p2b: Incineroar|8/100
|faint|p2a: Garchomp
|-damage|p1a: Garchomp|12/100|[from] item: Life Orb
|
|-weather|SunnyDay|[upkeep]
|upkeep
|
|t:|1784301392
|switch|p2a: Charizard|Charizard-Mega-Y, L50, F|100/100
|turn|11
|
|t:|1784301403
|switch|p1b: Incineroar|Incineroar, L50, M|13/100
|-ability|p1b: Incineroar|Intimidate|boost
|-unboost|p2a: Charizard|atk|1
|-unboost|p2b: Incineroar|atk|1
|move|p1a: Garchomp|Protect|p1a: Garchomp
|-singleturn|p1a: Garchomp|Protect
|move|p2b: Incineroar|Fake Out|p1b: Incineroar
|-damage|p1b: Incineroar|7/100
|move|p2a: Charizard|Heat Wave|p1a: Garchomp|[spread] p1b
|-activate|p1a: Garchomp|move: Protect
|-resisted|p1b: Incineroar|1
|-damage|p1b: Incineroar|0 fnt
|faint|p1b: Incineroar
|
|-weather|none
|-sideend|p1: KodeBeast0526|move: Tailwind
|upkeep
|
|t:|1784301405
|switch|p1b: Aerodactyl|Aerodactyl-Mega, L50, M|56/100
|turn|12
|
|t:|1784301411
|move|p1b: Aerodactyl|Rock Slide|p2b: Incineroar|[spread] p2a,p2b
|-supereffective|p2a: Charizard|2
|-supereffective|p2b: Incineroar|1
|-damage|p2a: Charizard|0 fnt
|-damage|p2b: Incineroar|0 fnt
|faint|p2a: Charizard
|faint|p2b: Incineroar
|
|win|KodeBeast0526
||inv2021 is ready for game 2.
