|j|‽Mr James Freak
|j|☆25th_mang
|html|Mr James Freak25th_mang    
|uhtml|bestof|Game 3 of a best-of-3
|t:|1782279030
|gametype|doubles
|player|p1|Mr James Freak|scientist|1188
|player|p2|25th_mang|ballguy|1165
|gen|9
|tier|[Gen 9 Champions] VGC 2026 Reg M-B (Bo3)
|rated|
|rule|Species Clause: Limit one of each Pokémon
|rule|Item Clause: Limit 1 of each item
|clearpoke
|poke|p1|Tyranitar, L50, M, shiny|
|poke|p1|Metagross, L50, shiny|
|poke|p1|Sinistcha-Masterpiece, L50|
|poke|p1|Rotom-Wash, L50, shiny|
|poke|p1|Garchomp, L50, F, shiny|
|poke|p1|Incineroar, L50, M, shiny|
|poke|p2|Crabominable, L50, M|
|poke|p2|Farigiraf, L50, M|
|poke|p2|Incineroar, L50, M|
|poke|p2|Archaludon, L50, M|
|poke|p2|Pelipper, L50, M|
|poke|p2|Sinistcha, L50|
|teampreview|4
|showteam|p1|Tyranitar||Tyranitarite|SandStream|RockSlide,KnockOff,DragonDance,Protect|Adamant||M|||50|]Metagross||Metagrossite|ClearBody|IronHead,PsychicFangs,BodyPress,Protect|Jolly|||||50|]Sinistcha-Masterpiece||SitrusBerry|Hospitality|MatchaGotcha,RagePowder,LifeDew,Protect|Bold|||||50|]Rotom-Wash||Leftovers|Levitate|Electroweb,HydroPump,WillOWisp,Protect|Calm|||||50|]Garchomp||LifeOrb|RoughSkin|Earthquake,RockSlide,ScaleShot,Protect|Jolly||F|||50|]Incineroar||PasshoBerry|Intimidate|FakeOut,PartingShot,FlareBlitz,ThroatChop|Adamant||M|||50|
|showteam|p2|Crabominable||Crabominite|HyperCutter|IceHammer,DrainPunch,Protect,ThunderPunch|Brave||M|||50|]Farigiraf||MentalHerb|ArmorTail|TrickRoom,Psychic,HyperVoice,HelpingHand|Relaxed||M|||50|]Incineroar||Charcoal|Intimidate|FakeOut,FlareBlitz,Assurance,Snarl|Adamant||M|||50|]Archaludon||Magnet|Stalwart|ElectroShot,AuraSphere,DracoMeteor,Protect|Quiet||M|||50|]Pelipper||SharpBeak|Drizzle|Hurricane,WeatherBall,WideGuard,Protect|Modest||M|||50|]Sinistcha||SitrusBerry|Hospitality|MatchaGotcha,RagePowder,LifeDew,TrickRoom|Relaxed|||||50|
|inactive|Battle timer is ON: inactive players will automatically lose when time's up. (requested by 25th_mang)
|inactive|Mr James Freak has 60 seconds left.
|inactive|25th_mang has 60 seconds left.
|
|t:|1782279063
|teamsize|p1|4
|teamsize|p2|4
|start
|switch|p1a: Tyranitar|Tyranitar, L50, M, shiny|100/100
|switch|p1b: Rotom|Rotom-Wash, L50, shiny|100/100
|switch|p2a: My1stFlip|Farigiraf, L50, M|100/100
|switch|p2b: Doomscroll|Archaludon, L50, M|100/100
|-weather|Sandstorm|[from] ability: Sand Stream|[of] p1a: Tyranitar
|turn|1
|inactive|Mr James Freak has 30 seconds left.
|inactive|Mr James Freak has 20 seconds left.
|
|t:|1782279101
|switch|p2a: My1stRoar|Incineroar, L50, M|100/100
|-ability|p2a: My1stRoar|Intimidate|boost
|-unboost|p1a: Tyranitar|atk|1
|-unboost|p1b: Rotom|atk|1
|move|p1a: Tyranitar|Protect|p1a: Tyranitar
|-singleturn|p1a: Tyranitar|Protect
|move|p1b: Rotom|Will-O-Wisp|p2b: Doomscroll
|-status|p2b: Doomscroll|brn
|move|p2b: Doomscroll|Aura Sphere|p1a: Tyranitar
|-activate|p1a: Tyranitar|move: Protect
|
|-weather|Sandstorm|[upkeep]
|-damage|p1b: Rotom|93/100|[from] Sandstorm
|-damage|p2a: My1stRoar|94/100|[from] Sandstorm
|-heal|p1b: Rotom|100/100|[from] item: Leftovers
|-damage|p2b: Doomscroll|93/100 brn|[from] brn
|upkeep
|turn|2
|inactive|25th_mang has 30 seconds left.
|
|t:|1782279129
|switch|p1a: Sinistcha|Sinistcha-Masterpiece, L50|100/100
|switch|p2a: Stup!b|Pelipper, L50, M|100/100
|-weather|RainDance|[from] ability: Drizzle|[of] p2a: Stup!b
|move|p1b: Rotom|Hydro Pump|p2a: Stup!b
|-resisted|p2a: Stup!b|1
|-damage|p2a: Stup!b|57/100
|move|p2b: Doomscroll|Electro Shot||[still]
|-prepare|p2b: Doomscroll|Electro Shot
|-boost|p2b: Doomscroll|spa|1
|-anim|p2b: Doomscroll|Electro Shot|p1a: Sinistcha
|-resisted|p1a: Sinistcha|1
|-damage|p1a: Sinistcha|58/100
|
|-weather|RainDance|[upkeep]
|-damage|p2b: Doomscroll|87/100 brn|[from] brn
|upkeep
|turn|3
|inactive|Mr James Freak has 30 seconds left.
|inactive|25th_mang has 30 seconds left.
|inactive|Mr James Freak has 20 seconds left.
|
|t:|1782279165
|switch|p2a: My1stFlip|Farigiraf, L50, M|100/100
|move|p1a: Sinistcha|Protect|p1a: Sinistcha
|-singleturn|p1a: Sinistcha|Protect
|move|p1b: Rotom|Hydro Pump|p2b: Doomscroll
|-resisted|p2b: Doomscroll|1
|-damage|p2b: Doomscroll|56/100 brn
|move|p2b: Doomscroll|Draco Meteor|p1a: Sinistcha
|-activate|p1a: Sinistcha|move: Protect
|
|-weather|RainDance|[upkeep]
|-damage|p2b: Doomscroll|50/100g brn|[from] brn
|upkeep
|turn|4
|
|t:|1782279185
|switch|p1a: Metagross|Metagross, L50, shiny|100/100
|move|p1b: Rotom|Hydro Pump|p2b: Doomscroll
|-resisted|p2b: Doomscroll|1
|-damage|p2b: Doomscroll|16/100 brn
|move|p2b: Doomscroll|Electro Shot||[still]
|-prepare|p2b: Doomscroll|Electro Shot
|-boost|p2b: Doomscroll|spa|1
|-anim|p2b: Doomscroll|Electro Shot|p1a: Metagross
|-damage|p1a: Metagross|0 fnt
|faint|p1a: Metagross
|move|p2a: My1stFlip|Trick Room|p2a: My1stFlip
|-fieldstart|move: Trick Room|[of] p2a: My1stFlip
|
|-weather|RainDance|[upkeep]
|-damage|p2b: Doomscroll|10/100 brn|[from] brn
|upkeep
|
|t:|1782279202
|switch|p1a: Sinistcha|Sinistcha-Masterpiece, L50|58/100
|turn|5
|inactive|Mr James Freak has 30 seconds left.
|
|t:|1782279232
|switch|p1a: Tyranitar|Tyranitar, L50, M, shiny|100/100
|-weather|Sandstorm|[from] ability: Sand Stream|[of] p1a: Tyranitar
|move|p2a: My1stFlip|Psychic|p1b: Rotom
|-damage|p1b: Rotom|68/100
|move|p2b: Doomscroll|Draco Meteor|p1b: Rotom
|-damage|p1b: Rotom|0 fnt
|-unboost|p2b: Doomscroll|spa|2
|faint|p1b: Rotom
|
|-weather|Sandstorm|[upkeep]
|-damage|p2a: My1stFlip|94/100|[from] Sandstorm
|-damage|p2b: Doomscroll|4/100 brn|[from] brn
|upkeep
|
|t:|1782279242
|switch|p1b: Sinistcha|Sinistcha-Masterpiece, L50|58/100
|turn|6
|
|t:|1782279256
|move|p1b: Sinistcha|Protect|p1b: Sinistcha
|-singleturn|p1b: Sinistcha|Protect
|move|p1a: Tyranitar|Protect|p1a: Tyranitar
|-singleturn|p1a: Tyranitar|Protect
|move|p2a: My1stFlip|Psychic|p1b: Sinistcha
|-activate|p1b: Sinistcha|move: Protect
|move|p2b: Doomscroll|Aura Sphere|p1a: Tyranitar
|-activate|p1a: Tyranitar|move: Protect
|
|-weather|Sandstorm|[upkeep]
|-damage|p2a: My1stFlip|88/100|[from] Sandstorm
|-damage|p1b: Sinistcha|52/100|[from] Sandstorm
|-damage|p2b: Doomscroll|0 fnt|[from] brn
|faint|p2b: Doomscroll
|upkeep
|inactive|25th_mang has 30 seconds left.
|inactive|25th_mang has 20 seconds left.
|inactive|25th_mang has 15 seconds left.
|
|t:|1782279298
|switch|p2b: My1stRoar|Incineroar, L50, M|94/100
|-ability|p2b: My1stRoar|Intimidate|boost
|-unboost|p1a: Tyranitar|atk|1
|-unboost|p1b: Sinistcha|atk|1
|turn|7
|inactive|Mr James Freak has 30 seconds left.
|
|t:|1782279331
|move|p2a: My1stFlip|Hyper Voice|p1b: Sinistcha|[spread] p1a
|-immune|p1b: Sinistcha
|-resisted|p1a: Tyranitar|1
|-damage|p1a: Tyranitar|92/100
|move|p2b: My1stRoar|Flare Blitz|p1b: Sinistcha
|-supereffective|p1b: Sinistcha|1
|-damage|p1b: Sinistcha|0 fnt
|faint|p1b: Sinistcha
|-damage|p2b: My1stRoar|77/100|[from] Recoil
|move|p1a: Tyranitar|Rock Slide|p2a: My1stFlip|[spread] p2a,p2b
|-supereffective|p2b: My1stRoar|1
|-damage|p2a: My1stFlip|70/100
|-damage|p2b: My1stRoar|35/100
|
|-weather|Sandstorm|[upkeep]
|-damage|p2a: My1stFlip|64/100|[from] Sandstorm
|-damage|p2b: My1stRoar|29/100|[from] Sandstorm
|upkeep
|turn|8
|inactive|25th_mang has 30 seconds left.
|
|t:|1782279358
|switch|p2b: Stup!b|Pelipper, L50, M|57/100
|-weather|RainDance|[from] ability: Drizzle|[of] p2b: Stup!b
|move|p1a: Tyranitar|Protect|p1a: Tyranitar
|-singleturn|p1a: Tyranitar|Protect
|move|p2a: My1stFlip|Hyper Voice|p1a: Tyranitar
|-activate|p1a: Tyranitar|move: Protect
|
|-weather|RainDance|[upkeep]
|-fieldend|move: Trick Room
|upkeep
|turn|9
|
|t:|1782279369
|switch|p2b: My1stRoar|Incineroar, L50, M|29/100
|-ability|p2b: My1stRoar|Intimidate|boost
|-unboost|p1a: Tyranitar|atk|1
|detailschange|p1a: Tyranitar|Tyranitar-Mega, L50, M, shiny
|-mega|p1a: Tyranitar|Tyranitar|Tyranitarite
|-weather|Sandstorm|[from] ability: Sand Stream|[of] p1a: Tyranitar
|move|p1a: Tyranitar|Knock Off|p2a: My1stFlip
|-supereffective|p2a: My1stFlip|1
|-damage|p2a: My1stFlip|4/100
|-enditem|p2a: My1stFlip|Mental Herb|[from] move: Knock Off|[of] p1a: Tyranitar
|move|p2a: My1stFlip|Trick Room|p2a: My1stFlip
|-fieldstart|move: Trick Room|[of] p2a: My1stFlip
|
|-weather|Sandstorm|[upkeep]
|-damage|p2a: My1stFlip|0 fnt|[from] Sandstorm
|-damage|p2b: My1stRoar|23/100|[from] Sandstorm
|faint|p2a: My1stFlip
|upkeep
|
|t:|1782279379
|switch|p2a: Stup!b|Pelipper, L50, M|57/100
|-weather|RainDance|[from] ability: Drizzle|[of] p2a: Stup!b
|turn|10
|
|t:|1782279387
|move|p1a: Tyranitar|Protect|p1a: Tyranitar
|-singleturn|p1a: Tyranitar|Protect
|move|p2b: My1stRoar|Fake Out|p1a: Tyranitar
|-activate|p1a: Tyranitar|move: Protect
|move|p2a: Stup!b|Weather Ball|p1a: Tyranitar
|-activate|p1a: Tyranitar|move: Protect
|
|-weather|RainDance|[upkeep]
|upkeep
|turn|11
|
|t:|1782279396
|move|p2a: Stup!b|Wide Guard|p2a: Stup!b
|-singleturn|p2a: Stup!b|Wide Guard
|move|p2b: My1stRoar|Assurance|p1a: Tyranitar
|-resisted|p1a: Tyranitar|1
|-damage|p1a: Tyranitar|81/100
|move|p1a: Tyranitar|Rock Slide|p2b: My1stRoar|[spread] 
|-activate|p2a: Stup!b|move: Wide Guard
|-activate|p2b: My1stRoar|move: Wide Guard
|
|-weather|RainDance|[upkeep]
|upkeep
|turn|12
|
|t:|1782279409
|move|p2b: My1stRoar|Assurance|p1a: Tyranitar
|-resisted|p1a: Tyranitar|1
|-damage|p1a: Tyranitar|69/100
|move|p2a: Stup!b|Weather Ball|p1a: Tyranitar
|-supereffective|p1a: Tyranitar|1
|-damage|p1a: Tyranitar|0 fnt
|faint|p1a: Tyranitar
|
|win|25th_mang
|raw|Mr James Freak's rating: 1188 → 1161(-27 for losing)
|raw|25th_mang's rating: 1165 → 1192(+27 for winning)
|l|‽Mr James Freak
|player|p1|
|l|☆25th_mang
|player|p2|
|j|☆25th_mang
|player|p2|25th_mang|ballguy|
|l|☆25th_mang
|player|p2|
|j|☆25th_mang
|player|p2|25th_mang|ballguy|
