|j|☆vgc_eon
|j|☆xxAKIxx
|html|vgc_eonxxAKIxx    
|uhtml|bestof|Game 1 of a best-of-3
|t:|1756202456
|gametype|doubles
|player|p1|vgc_eon|green|1176
|player|p2|xxAKIxx|1|1062
|gen|9
|tier|[Gen 9] VGC 2025 Reg H (Bo3)
|rated|
|rule|Species Clause: Limit one of each Pokémon
|rule|Item Clause: Limit 1 of each item
|clearpoke
|poke|p1|Sneasler, L50, F|
|poke|p1|Dragonite, L50, F|
|poke|p1|Dondozo, L50, M|
|poke|p1|Rillaboom, L50, M|
|poke|p1|Volcarona, L50, F|
|poke|p1|Electabuzz, L50, M|
|poke|p2|Archaludon, L50, M|
|poke|p2|Basculegion, L50, M|
|poke|p2|Pelipper, L50, F|
|poke|p2|Amoonguss, L50, M|
|poke|p2|Incineroar, L50, F|
|poke|p2|Maushold, L50|
|teampreview|4
|showteam|p1|Sneasler||FocusSash|PoisonTouch|FakeOut,DireClaw,CloseCombat,Protect|||F|||50|,,,,,Dark]Dragonite||LoadedDice|Multiscale|ExtremeSpeed,ScaleShot,StompingTantrum,Protect|||F|||50|,,,,,Steel]Dondozo||Leftovers|Unaware|WaveCrash,Yawn,Fissure,Protect|||M|||50|,,,,,Poison]Rillaboom||AssaultVest|GrassySurge|FakeOut,WoodHammer,GrassyGlide,Uturn|||M|||50|,,,,,Fire]Volcarona||CovertCloak|FlameBody|HeatWave,QuiverDance,TeraBlast,Protect|||F|||50|,,,,,Fairy]Electabuzz||Eviolite|VitalSpirit|Thunderbolt,FollowMe,Taunt,Protect|||M|||50|,,,,,Ghost
|showteam|p2|Archaludon||AssaultVest|Stamina|ElectroShot,DragonPulse,FlashCannon,BodyPress|||M|||50|,,,,,Grass]Basculegion||MysticWater|SwiftSwim|Protect,WaveCrash,AquaJet,LastRespects|||M|||50|,,,,,Water]Pelipper||FocusSash|Drizzle|Hurricane,WeatherBall,Tailwind,Protect|||F|||50|,,,,,Ghost]Amoonguss||SitrusBerry|Regenerator|Spore,RagePowder,PollenPuff,ClearSmog|||M|||50|,,,,,Water]Incineroar||SafetyGoggles|Intimidate|FakeOut,FlareBlitz,KnockOff,PartingShot|||F|||50|,,,,,Ghost]Maushold||WideLens|Technician|PopulationBomb,FollowMe,Taunt,Protect||||||50|,,,,,Grass
|
|t:|1756202520
|teamsize|p1|4
|teamsize|p2|4
|start
|switch|p1a: Volcarona|Volcarona, L50, F|100/100
|switch|p1b: Electabuzz|Electabuzz, L50, M|100/100
|switch|p2a: Incineroar|Incineroar, L50, F|100/100
|switch|p2b: Basculegion|Basculegion, L50, M|100/100
|-ability|p2a: Incineroar|Intimidate|boost
|-unboost|p1a: Volcarona|atk|1
|-unboost|p1b: Electabuzz|atk|1
|turn|1
|
|t:|1756202576
|move|p1a: Volcarona|Protect|p1a: Volcarona
|-singleturn|p1a: Volcarona|Protect
|move|p1b: Electabuzz|Protect|p1b: Electabuzz
|-singleturn|p1b: Electabuzz|Protect
|move|p2a: Incineroar|Fake Out|p1a: Volcarona
|-activate|p1a: Volcarona|move: Protect
|move|p2b: Basculegion|Wave Crash|p1a: Volcarona
|-activate|p1a: Volcarona|move: Protect
|
|upkeep
|turn|2
|
|t:|1756202601
|move|p2b: Basculegion|Protect|p2b: Basculegion
|-singleturn|p2b: Basculegion|Protect
|move|p1b: Electabuzz|Follow Me|p1b: Electabuzz
|-singleturn|p1b: Electabuzz|move: Follow Me
|move|p1a: Volcarona|Quiver Dance|p1a: Volcarona
|-boost|p1a: Volcarona|spa|1
|-boost|p1a: Volcarona|spd|1
|-boost|p1a: Volcarona|spe|1
|move|p2a: Incineroar|Knock Off|p1b: Electabuzz
|-damage|p1b: Electabuzz|66/100
|-enditem|p1b: Electabuzz|Eviolite|[from] move: Knock Off|[of] p2a: Incineroar
|
|upkeep
|turn|3
|
|t:|1756202629
|switch|p2b: Amoonguss|Amoonguss, L50, M|100/100
|move|p1b: Electabuzz|Follow Me|p1b: Electabuzz
|-singleturn|p1b: Electabuzz|move: Follow Me
|move|p1a: Volcarona|Quiver Dance|p1a: Volcarona
|-boost|p1a: Volcarona|spa|1
|-boost|p1a: Volcarona|spd|1
|-boost|p1a: Volcarona|spe|1
|move|p2a: Incineroar|Parting Shot|p1b: Electabuzz
|-unboost|p1b: Electabuzz|atk|1
|-unboost|p1b: Electabuzz|spa|1
|
|t:|1756202640
|switch|p2a: Maushold|Maushold, L50|100/100|[from] Parting Shot
|
|upkeep
|turn|4
|
|t:|1756202649
|switch|p1b: Rillaboom|Rillaboom, L50, M|100/100
|-fieldstart|move: Grassy Terrain|[from] ability: Grassy Surge|[of] p1b: Rillaboom
|-terastallize|p2b: Amoonguss|Water
|move|p1a: Volcarona|Protect|p1a: Volcarona
|-singleturn|p1a: Volcarona|Protect
|move|p2a: Maushold|Protect|p2a: Maushold
|-singleturn|p2a: Maushold|Protect
|move|p2b: Amoonguss|Clear Smog|p1a: Volcarona
|-activate|p1a: Volcarona|move: Protect
|
|upkeep
|turn|5
|
|t:|1756202678
|switch|p2a: Incineroar|Incineroar, L50, F|100/100
|-ability|p2a: Incineroar|Intimidate|boost
|-unboost|p1a: Volcarona|atk|1
|-unboost|p1b: Rillaboom|atk|1
|-terastallize|p1a: Volcarona|Fairy
|move|p1b: Rillaboom|Fake Out|p2b: Amoonguss
|-damage|p2b: Amoonguss|92/100
|move|p1a: Volcarona|Tera Blast|p2a: Incineroar|[anim] Tera Blast Fairy
|-damage|p2a: Incineroar|16/100
|cant|p2b: Amoonguss|flinch
|
|-heal|p2a: Incineroar|23/100|[from] Grassy Terrain
|-heal|p2b: Amoonguss|98/100|[from] Grassy Terrain
|upkeep
|turn|6
|
|t:|1756202696
|move|p1a: Volcarona|Protect|p1a: Volcarona
|-singleturn|p1a: Volcarona|Protect
|move|p2a: Incineroar|Fake Out|p1b: Rillaboom
|-damage|p1b: Rillaboom|87/100
|cant|p1b: Rillaboom|flinch
|move|p2b: Amoonguss|Clear Smog|p1a: Volcarona
|-activate|p1a: Volcarona|move: Protect
|
|-heal|p1b: Rillaboom|93/100|[from] Grassy Terrain
|-heal|p2a: Incineroar|29/100|[from] Grassy Terrain
|-heal|p2b: Amoonguss|100/100|[from] Grassy Terrain
|upkeep
|turn|7
|
|t:|1756202724
|move|p1a: Volcarona|Tera Blast|p2b: Amoonguss|[anim] Tera Blast Fairy
|-damage|p2b: Amoonguss|35/100
|-enditem|p2b: Amoonguss|Sitrus Berry|[eat]
|-heal|p2b: Amoonguss|60/100|[from] item: Sitrus Berry
|move|p1b: Rillaboom|Wood Hammer|p2b: Amoonguss
|-supereffective|p2b: Amoonguss
|-crit|p2b: Amoonguss
|-damage|p2b: Amoonguss|0 fnt
|faint|p2b: Amoonguss
|-damage|p1b: Rillaboom|72/100|[from] Recoil
|move|p2a: Incineroar|Flare Blitz|p1b: Rillaboom
|-supereffective|p1b: Rillaboom
|-damage|p1b: Rillaboom|0 fnt
|faint|p1b: Rillaboom
|-damage|p2a: Incineroar|5/100|[from] Recoil
|
|-heal|p2a: Incineroar|11/100|[from] Grassy Terrain
|upkeep
|
|t:|1756202742
|switch|p1b: Electabuzz|Electabuzz, L50, M|66/100
|switch|p2b: Maushold|Maushold, L50|100/100
|turn|8
|
|t:|1756202755
|move|p2b: Maushold|Protect|p2b: Maushold
|-singleturn|p2b: Maushold|Protect
|move|p1a: Volcarona|Tera Blast|p2b: Maushold|[anim] Tera Blast Fairy
|-activate|p2b: Maushold|move: Protect
|move|p1b: Electabuzz|Thunderbolt|p2a: Incineroar
|-damage|p2a: Incineroar|0 fnt
|faint|p2a: Incineroar
|
|-heal|p1b: Electabuzz|71/100|[from] Grassy Terrain
|-fieldend|move: Grassy Terrain
|upkeep
|
|t:|1756202765
|switch|p2a: Basculegion|Basculegion, L50, M|100/100
|turn|9
|
|t:|1756202799
|move|p1b: Electabuzz|Follow Me|p1b: Electabuzz
|-singleturn|p1b: Electabuzz|move: Follow Me
|move|p1a: Volcarona|Tera Blast|p2a: Basculegion|[anim] Tera Blast Fairy
|-damage|p2a: Basculegion|10/100
|move|p2b: Maushold|Population Bomb|p1b: Electabuzz
|-damage|p1b: Electabuzz|59/100
|-damage|p1b: Electabuzz|46/100
|-damage|p1b: Electabuzz|33/100
|-damage|p1b: Electabuzz|21/100
|-hitcount|p1b: Electabuzz|4
|move|p2a: Basculegion|Last Respects|p1b: Electabuzz
|-damage|p1b: Electabuzz|0 fnt
|faint|p1b: Electabuzz
|
|upkeep
|
|t:|1756202805
|switch|p1b: Sneasler|Sneasler, L50, F|100/100
|turn|10
|
|t:|1756202822
|move|p2b: Maushold|Protect|p2b: Maushold
|-singleturn|p2b: Maushold|Protect
|move|p2a: Basculegion|Protect|p2a: Basculegion
|-singleturn|p2a: Basculegion|Protect
|move|p1b: Sneasler|Fake Out|p2b: Maushold
|-activate|p2b: Maushold|move: Protect
|move|p1a: Volcarona|Heat Wave|p2b: Maushold|[spread] 
|-activate|p2a: Basculegion|move: Protect
|-activate|p2b: Maushold|move: Protect
|
|upkeep
|turn|11
|
|t:|1756202842
|move|p2a: Basculegion|Aqua Jet|p1b: Sneasler
|-damage|p1b: Sneasler|58/100
|move|p1a: Volcarona|Tera Blast|p2a: Basculegion|[anim] Tera Blast Fairy
|-damage|p2a: Basculegion|0 fnt
|faint|p2a: Basculegion
|move|p1b: Sneasler|Close Combat|p2b: Maushold
|-supereffective|p2b: Maushold
|-damage|p2b: Maushold|0 fnt
|-unboost|p1b: Sneasler|def|1
|-unboost|p1b: Sneasler|spd|1
|faint|p2b: Maushold
|
|win|vgc_eon
|inactive|vgc_eon has 30 seconds to confirm battle start!
|inactive|xxAKIxx has 30 seconds to confirm battle start!
