|j|☆tumadrempalata
|j|☆lettitripppp
|html|tumadrempalatalettitripppp    
|uhtml|bestof|Game 3 of a best-of-3
|t:|1784045895
|gametype|doubles
|player|p1|tumadrempalata|101|1232
|player|p2|lettitripppp|lucas|1274
|gen|9
|tier|[Gen 9 Champions] VGC 2026 Reg M-B (Bo3)
|rated|
|rule|Species Clause: Limit one of each Pokémon
|rule|Item Clause: Limit 1 of each item
|clearpoke
|poke|p1|Toxapex, L50, M, shiny|
|poke|p1|Charizard, L50, M, shiny|
|poke|p1|Venusaur, L50, M|
|poke|p1|Garchomp, L50, M|
|poke|p1|Annihilape, L50, F|
|poke|p1|Incineroar, L50, M, shiny|
|poke|p2|Charizard, L50, M|
|poke|p2|Basculegion, L50, M|
|poke|p2|Pelipper, L50, M|
|poke|p2|Venusaur, L50, F|
|poke|p2|Archaludon, L50, M|
|poke|p2|Grimmsnarl, L50, M|
|teampreview|4
|showteam|p1|Toxapex||Leftovers|Regenerator|Toxic,BanefulBunker,WideGuard,Infestation|Bold||M|||50|]Charizard||CharizarditeY|Blaze|HeatWave,HelpingHand,WeatherBall,Protect|Modest||M|||50|]Venusaur||LifeOrb|Chlorophyll|SolarBeam,SludgeBomb,EarthPower,Protect|Modest||M|||50|]Garchomp||ChoiceScarf|RoughSkin|DragonClaw,Earthquake,StompingTantrum,RockSlide|Adamant||M|||50|]Annihilape||FocusSash|Defiant|PhantomForce,CloseCombat,Protect,Taunt|Jolly||F|||50|]Incineroar||SitrusBerry|Intimidate|FakeOut,FlareBlitz,ThroatChop,PartingShot|Careful||M|||50|
|showteam|p2|Charizard||CharizarditeY|Blaze|WeatherBall,SolarBeam,HeatWave,Protect|Modest||M|||50|]Basculegion||ChoiceScarf|Adaptability|LastRespects,WaveCrash,FlipTurn,AquaJet|Jolly||M|||50|]Pelipper||SitrusBerry|Drizzle|WeatherBall,WideGuard,Hurricane,Tailwind|Modest||M|||50|]Venusaur||FocusSash|Chlorophyll|SleepPowder,SludgeBomb,EarthPower,Protect|Modest||F|||50|]Archaludon||Leftovers|Stamina|FlashCannon,DragonPulse,ElectroShot,Protect|Calm||M|||50|]Grimmsnarl||LightClay|Prankster|PartingShot,LightScreen,SpiritBreak,Reflect|Relaxed||M|||50|
|inactive|Battle timer is ON: inactive players will automatically lose when time's up. (requested by lettitripppp)
|inactive|tumadrempalata has 60 seconds left.
|
|t:|1784045929
|teamsize|p1|4
|teamsize|p2|4
|start
|switch|p1a: Toxapex|Toxapex, L50, M, shiny|100/100
|switch|p1b: Venusaur|Venusaur, L50, M|100/100
|switch|p2a: SOFT-SLEEP|Venusaur, L50, F|100/100
|switch|p2b: AGNI|Charizard, L50, M|100/100
|turn|1
|
|t:|1784045948
|detailschange|p2b: AGNI|Charizard-Mega-Y, L50, M
|-mega|p2b: AGNI|Charizard|Charizardite Y
|-weather|SunnyDay|[from] ability: Drought|[of] p2b: AGNI
|move|p1b: Venusaur|Protect|p1b: Venusaur
|-singleturn|p1b: Venusaur|Protect
|move|p2a: SOFT-SLEEP|Sleep Powder|p1a: Toxapex
|-status|p1a: Toxapex|slp|[from] move: Sleep Powder
|move|p2b: AGNI|Weather Ball|p1b: Venusaur
|-activate|p1b: Venusaur|move: Protect
|cant|p1a: Toxapex|slp
|
|-weather|SunnyDay|[upkeep]
|upkeep
|turn|2
|
|t:|1784045964
|switch|p1b: Incineroar|Incineroar, L50, M, shiny|100/100
|-ability|p1b: Incineroar|Intimidate|boost
|-unboost|p2a: SOFT-SLEEP|atk|1
|-unboost|p2b: AGNI|atk|1
|move|p2a: SOFT-SLEEP|Sludge Bomb|p1b: Incineroar
|-damage|p1b: Incineroar|65/100
|move|p2b: AGNI|Weather Ball|p1b: Incineroar
|-resisted|p1b: Incineroar|1
|-damage|p1b: Incineroar|26/100
|-enditem|p1b: Incineroar|Sitrus Berry|[eat]
|-heal|p1b: Incineroar|51/100|[from] item: Sitrus Berry
|cant|p1a: Toxapex|slp
|
|-weather|SunnyDay|[upkeep]
|upkeep
|turn|3
|inactive|tumadrempalata has 30 seconds left.
|
|t:|1784045994
|move|p2a: SOFT-SLEEP|Protect|p2a: SOFT-SLEEP
|-singleturn|p2a: SOFT-SLEEP|Protect
|move|p2b: AGNI|Protect|p2b: AGNI
|-singleturn|p2b: AGNI|Protect
|move|p1b: Incineroar|Parting Shot|p1a: Toxapex
|-unboost|p1a: Toxapex|atk|1
|-unboost|p1a: Toxapex|spa|1
|
|t:|1784046002
|switch|p1b: Charizard|Charizard, L50, M, shiny|100/100|[from] Parting Shot
|-curestatus|p1a: Toxapex|slp|[msg]
|move|p1a: Toxapex|Toxic|p2b: AGNI
|-activate|p2b: AGNI|move: Protect
|
|-weather|SunnyDay|[upkeep]
|upkeep
|turn|4
|
|t:|1784046024
|switch|p2b: WET-BEAK|Pelipper, L50, M|100/100
|-weather|RainDance|[from] ability: Drizzle|[of] p2b: WET-BEAK
|detailschange|p1b: Charizard|Charizard-Mega-Y, L50, M, shiny
|-mega|p1b: Charizard|Charizard|Charizardite Y
|-weather|SunnyDay|[from] ability: Drought|[of] p1b: Charizard
|move|p2a: SOFT-SLEEP|Sleep Powder|p1a: Toxapex
|-status|p1a: Toxapex|slp|[from] move: Sleep Powder
|move|p1b: Charizard|Heat Wave|p2b: WET-BEAK|[spread] p2a,p2b
|-supereffective|p2a: SOFT-SLEEP|1
|-resisted|p2b: WET-BEAK|1
|-enditem|p2a: SOFT-SLEEP|Focus Sash
|-damage|p2a: SOFT-SLEEP|1/100
|-damage|p2b: WET-BEAK|56/100
|cant|p1a: Toxapex|slp
|
|-weather|SunnyDay|[upkeep]
|upkeep
|turn|5
|
|t:|1784046042
|switch|p1b: Incineroar|Incineroar, L50, M, shiny|51/100
|-ability|p1b: Incineroar|Intimidate|boost
|-unboost|p2a: SOFT-SLEEP|atk|1
|-unboost|p2b: WET-BEAK|atk|1
|move|p2a: SOFT-SLEEP|Sleep Powder|p1b: Incineroar
|-status|p1b: Incineroar|slp|[from] move: Sleep Powder
|move|p2b: WET-BEAK|Tailwind|p2b: WET-BEAK
|-sidestart|p2: lettitripppp|move: Tailwind
|cant|p1a: Toxapex|slp
|
|-weather|SunnyDay|[upkeep]
|upkeep
|turn|6
|
|t:|1784046061
|cant|p1b: Incineroar|slp
|move|p2a: SOFT-SLEEP|Sludge Bomb|p1b: Incineroar
|-damage|p1b: Incineroar|18/100 slp
|move|p2b: WET-BEAK|Weather Ball|p1b: Incineroar
|-resisted|p1b: Incineroar|1
|-damage|p1b: Incineroar|2/100 slp
|-curestatus|p1a: Toxapex|slp|[msg]
|move|p1a: Toxapex|Toxic|p2b: WET-BEAK
|-status|p2b: WET-BEAK|tox
|
|-weather|SunnyDay|[upkeep]
|-damage|p2b: WET-BEAK|50/100g tox|[from] psn
|upkeep
|turn|7
|
|t:|1784046082
|move|p2a: SOFT-SLEEP|Sleep Powder|p1a: Toxapex
|-status|p1a: Toxapex|slp|[from] move: Sleep Powder
|move|p2b: WET-BEAK|Weather Ball|p1b: Incineroar
|-resisted|p1b: Incineroar|1
|-damage|p1b: Incineroar|0 fnt
|faint|p1b: Incineroar
|cant|p1a: Toxapex|slp
|
|-weather|SunnyDay|[upkeep]
|-damage|p2b: WET-BEAK|38/100 tox|[from] psn
|upkeep
|-enditem|p2b: WET-BEAK|Sitrus Berry|[eat]
|-heal|p2b: WET-BEAK|63/100 tox|[from] item: Sitrus Berry
|
|t:|1784046094
|switch|p1b: Venusaur|Venusaur, L50, M|100/100
|turn|8
|
|t:|1784046111
|switch|p2b: AGNI|Charizard-Mega-Y, L50, M|100/100
|move|p2a: SOFT-SLEEP|Protect|p2a: SOFT-SLEEP
|-singleturn|p2a: SOFT-SLEEP|Protect
|move|p1b: Venusaur|Sludge Bomb|p2a: SOFT-SLEEP
|-activate|p2a: SOFT-SLEEP|move: Protect
|-curestatus|p1a: Toxapex|slp|[msg]
|move|p1a: Toxapex|Infestation|p2b: AGNI
|-resisted|p2b: AGNI|2
|-damage|p2b: AGNI|99/100
|-activate|p2b: AGNI|move: Infestation|[of] p1a: Toxapex
|
|-weather|none
|-damage|p2b: AGNI|87/100|[from] move: Infestation|[partiallytrapped]
|-sideend|p2: lettitripppp|move: Tailwind
|upkeep
|turn|9
|inactive|tumadrempalata has 30 seconds left.
|
|t:|1784046142
|move|p1b: Venusaur|Protect|p1b: Venusaur
|-singleturn|p1b: Venusaur|Protect
|move|p2b: AGNI|Heat Wave|p1a: Toxapex|[spread] p1a
|-activate|p1b: Venusaur|move: Protect
|-resisted|p1a: Toxapex|1
|-crit|p1a: Toxapex
|-damage|p1a: Toxapex|75/100
|move|p2a: SOFT-SLEEP|Sludge Bomb|p1b: Venusaur
|-activate|p1b: Venusaur|move: Protect
|move|p1a: Toxapex|Toxic|p2b: AGNI
|-status|p2b: AGNI|tox
|
|-heal|p1a: Toxapex|80/100|[from] item: Leftovers
|-damage|p2b: AGNI|81/100 tox|[from] psn
|-damage|p2b: AGNI|68/100 tox|[from] move: Infestation|[partiallytrapped]
|upkeep
|turn|10
|inactive|tumadrempalata has 30 seconds left.
|
|t:|1784046169
|switch|p1b: Charizard|Charizard-Mega-Y, L50, M, shiny|100/100
|-weather|SunnyDay|[from] ability: Drought|[of] p1b: Charizard
|move|p2a: SOFT-SLEEP|Sleep Powder|p1a: Toxapex
|-status|p1a: Toxapex|slp|[from] move: Sleep Powder
|move|p2b: AGNI|Heat Wave|p1b: Charizard|[spread] p1a,p1b
|-resisted|p1a: Toxapex|1
|-resisted|p1b: Charizard|1
|-damage|p1a: Toxapex|54/100 slp
|-damage|p1b: Charizard|71/100
|cant|p1a: Toxapex|slp
|
|-weather|SunnyDay|[upkeep]
|-heal|p1a: Toxapex|60/100 slp|[from] item: Leftovers
|-damage|p2b: AGNI|57/100 tox|[from] psn
|-damage|p2b: AGNI|44/100 tox|[from] move: Infestation|[partiallytrapped]
|upkeep
|turn|11
|
|t:|1784046190
|move|p2a: SOFT-SLEEP|Earth Power|p1a: Toxapex
|-supereffective|p1a: Toxapex|1
|-damage|p1a: Toxapex|15/100 slp
|move|p2b: AGNI|Solar Beam||[still]
|-prepare|p2b: AGNI|Solar Beam
|-anim|p2b: AGNI|Solar Beam|p1a: Toxapex
|-damage|p1a: Toxapex|0 fnt
|faint|p1a: Toxapex
|move|p1b: Charizard|Weather Ball|p2a: SOFT-SLEEP
|-supereffective|p2a: SOFT-SLEEP|1
|-damage|p2a: SOFT-SLEEP|0 fnt
|faint|p2a: SOFT-SLEEP
|
|-weather|SunnyDay|[upkeep]
|-damage|p2b: AGNI|27/100 tox|[from] psn
|-end|p2b: AGNI|Infestation|[partiallytrapped]|[silent]
|upkeep
|
|t:|1784046204
|switch|p2a: WET-BEAK|Pelipper, L50, M|63/100 tox
|switch|p1a: Venusaur|Venusaur, L50, M|100/100
|-weather|RainDance|[from] ability: Drizzle|[of] p2a: WET-BEAK
|turn|12
|
|t:|1784046217
|move|p2b: AGNI|Weather Ball|p1b: Charizard
|-supereffective|p1b: Charizard|1
|-damage|p1b: Charizard|0 fnt
|faint|p1b: Charizard
|move|p1a: Venusaur|Sludge Bomb|p2a: WET-BEAK
|-damage|p2a: WET-BEAK|0 fnt
|faint|p2a: WET-BEAK
|-damage|p1a: Venusaur|90/100|[from] item: Life Orb
|
|-weather|RainDance|[upkeep]
|-damage|p2b: AGNI|3/100 tox|[from] psn
|upkeep
|
|t:|1784046224
|switch|p2a: GHOSTWAVE|Basculegion, L50, M|100/100
|turn|13
|
|t:|1784046233
|move|p1a: Venusaur|Protect|p1a: Venusaur
|-singleturn|p1a: Venusaur|Protect
|move|p2a: GHOSTWAVE|Last Respects|p1a: Venusaur
|-activate|p1a: Venusaur|move: Protect
|move|p2b: AGNI|Weather Ball|p1a: Venusaur
|-activate|p1a: Venusaur|move: Protect
|
|-weather|RainDance|[upkeep]
|-damage|p2b: AGNI|0 fnt|[from] psn
|faint|p2b: AGNI
|upkeep
|turn|14
|c|☆lettitripppp|gg
|
|t:|1784046240
|move|p2a: GHOSTWAVE|Last Respects|p1a: Venusaur
|-damage|p1a: Venusaur|0 fnt
|faint|p1a: Venusaur
|
|win|lettitripppp
|raw|tumadrempalata's rating: 1232 → 1210(-22 for losing)
|raw|lettitripppp's rating: 1274 → 1296(+22 for winning)
|c|☆lettitripppp|wp
|l|☆tumadrempalata
|player|p1|
