|j|☆PizzaSanwitch
|j|☆Aeriodon
|html|PizzaSanwitchAeriodon    
|uhtml|bestof|Game 2 of a best-of-3
|t:|1785983757
|gametype|doubles
|player|p1|PizzaSanwitch|101|1156
|player|p2|Aeriodon|byron|1105
|gen|9
|tier|[Gen 9 Champions] VGC 2026 Reg M-B (Bo3)
|rated|
|rule|Species Clause: Limit one of each Pokémon
|rule|Item Clause: Limit 1 of each item
|clearpoke
|poke|p1|Raichu, L50, F|
|poke|p1|Sylveon, L50, F|
|poke|p1|Incineroar, L50, F|
|poke|p1|Sinistcha, L50|
|poke|p1|Metagross, L50|
|poke|p1|Hydreigon, L50, M|
|poke|p2|Pelipper, L50, F|
|poke|p2|Greninja, L50, M|
|poke|p2|Scizor, L50, F|
|poke|p2|Toxapex, L50, M|
|poke|p2|Annihilape, L50, M|
|poke|p2|Archaludon, L50, M|
|teampreview|4
|showteam|p1|Raichu||RaichuniteY|LightningRod|ZapCannon,FocusBlast,FakeOut,Protect|Timid||F|||50|]Sylveon||FairyFeather|Pixilate|HyperVoice,Moonblast,CalmMind,Detect|Modest||F|||50|]Incineroar||ShucaBerry|Intimidate|FlareBlitz,DarkestLariat,PartingShot,FakeOut|Serious||F|||50|]Sinistcha||SitrusBerry|Hospitality|MatchaGotcha,RagePowder,TrickRoom,Protect|Bold|||||50|]Metagross||Metagrossite|ClearBody|HardPress,PsychicFangs,BodyPress,Protect|Adamant|||||50|]Hydreigon||ChoiceScarf|Levitate|Snarl,DarkPulse,DracoMeteor,EarthPower|Timid||M|||50|
|showteam|p2|Pelipper||FocusSash|Drizzle|Hurricane,WeatherBall,WideGuard,Tailwind|Modest||F|||50|]Greninja||Greninjite|Protean|WaterShuriken,DarkPulse,UpperHand,Protect|Timid||M|||50|]Scizor||LifeOrb|Technician|BugBite,BulletPunch,CloseCombat,DualWingbeat|Adamant||F|||50|]Toxapex||MentalHerb|Regenerator|Toxic,Infestation,BanefulBunker,Liquidation|Impish||M|||50|]Annihilape||ChoiceScarf|Defiant|RockSlide,CloseCombat,RageFist,IcePunch|Adamant||M|||50|]Archaludon||Leftovers|Stamina|ElectroShot,FlashCannon,DragonPulse,Protect|Calm||M|||50|
|
|t:|1785983812
|teamsize|p1|4
|teamsize|p2|4
|start
|switch|p1a: Metagross|Metagross, L50|100/100
|switch|p1b: Hydreigon|Hydreigon, L50, M|100/100
|switch|p2a: Greninja|Greninja, L50, M|100/100
|switch|p2b: Annihilape|Annihilape, L50, M|100/100
|turn|1
|
|t:|1785983841
|detailschange|p2a: Greninja|Greninja-Mega, L50, M
|-mega|p2a: Greninja|Greninja|Greninjite
|move|p1a: Metagross|Protect|p1a: Metagross
|-singleturn|p1a: Metagross|Protect
|move|p2a: Greninja|Water Shuriken|p2b: Annihilape
|-start|p2a: Greninja|typechange|Water|[from] ability: Protean
|-damage|p2b: Annihilape|90/100
|-damage|p2b: Annihilape|80/100
|-damage|p2b: Annihilape|70/100
|-hitcount|p2b: Annihilape|3
|move|p1b: Hydreigon|Draco Meteor|p2b: Annihilape
|-damage|p2b: Annihilape|0 fnt
|-unboost|p1b: Hydreigon|spa|2
|faint|p2b: Annihilape
|
|upkeep
|
|t:|1785983860
|switch|p2b: Archaludon|Archaludon, L50, M|100/100
|turn|2
|
|t:|1785983889
|switch|p1b: Sylveon|Sylveon, L50, F|100/100
|detailschange|p1a: Metagross|Metagross-Mega, L50
|-mega|p1a: Metagross|Metagross|Metagrossite
|move|p2a: Greninja|Dark Pulse|p1a: Metagross
|-supereffective|p1a: Metagross|1
|-damage|p1a: Metagross|49/100
|move|p1a: Metagross|Psychic Fangs|p2a: Greninja
|-damage|p2a: Greninja|0 fnt
|faint|p2a: Greninja
|move|p2b: Archaludon|Flash Cannon|p1b: Sylveon
|-supereffective|p1b: Sylveon|1
|-damage|p1b: Sylveon|48/100
|
|upkeep
|
|t:|1785983903
|switch|p2a: Scizor|Scizor, L50, F|100/100
|turn|3
|
|t:|1785983932
|switch|p1b: Sinistcha|Sinistcha, L50|100/100
|-heal|p1a: Metagross|74/100|[from] ability: Hospitality|[of] p1b: Sinistcha
|move|p1a: Metagross|Body Press|p2b: Archaludon
|-supereffective|p2b: Archaludon|1
|-damage|p2b: Archaludon|54/100
|-ability|p2b: Archaludon|Stamina|boost
|-boost|p2b: Archaludon|def|1
|move|p2b: Archaludon|Electro Shot||[still]
|-prepare|p2b: Archaludon|Electro Shot
|-boost|p2b: Archaludon|spa|1
|move|p2a: Scizor|Bug Bite|p1a: Metagross
|-damage|p1a: Metagross|30/100
|-damage|p2a: Scizor|90/100|[from] item: Life Orb
|
|-heal|p2b: Archaludon|60/100|[from] item: Leftovers
|upkeep
|turn|4
|
|t:|1785983974
|move|p1b: Sinistcha|Rage Powder|p1b: Sinistcha
|-singleturn|p1b: Sinistcha|move: Rage Powder
|move|p1a: Metagross|Body Press|p2b: Archaludon
|-supereffective|p2b: Archaludon|1
|-damage|p2b: Archaludon|31/100
|-ability|p2b: Archaludon|Stamina|boost
|-boost|p2b: Archaludon|def|1
|move|p2b: Archaludon|Electro Shot|p1b: Sinistcha|[from] lockedmove
|-resisted|p1b: Sinistcha|1
|-damage|p1b: Sinistcha|74/100
|move|p2a: Scizor|Bug Bite|p1b: Sinistcha
|-damage|p1b: Sinistcha|18/100
|-enditem|p1b: Sinistcha|Sitrus Berry|[from] stealeat|[move] Bug Bite|[of] p2a: Scizor
|-heal|p2a: Scizor|100/100|[from] item: Sitrus Berry
|-damage|p2a: Scizor|90/100|[from] item: Life Orb
|
|-heal|p2b: Archaludon|38/100|[from] item: Leftovers
|upkeep
|turn|5
|
|t:|1785983992
|move|p2b: Archaludon|Protect|p2b: Archaludon
|-singleturn|p2b: Archaludon|Protect
|move|p1b: Sinistcha|Rage Powder|p1b: Sinistcha
|-singleturn|p1b: Sinistcha|move: Rage Powder
|move|p2a: Scizor|Bullet Punch|p1b: Sinistcha
|-damage|p1b: Sinistcha|0 fnt
|faint|p1b: Sinistcha
|-damage|p2a: Scizor|80/100|[from] item: Life Orb
|move|p1a: Metagross|Body Press|p2b: Archaludon
|-activate|p2b: Archaludon|move: Protect
|
|-heal|p2b: Archaludon|44/100|[from] item: Leftovers
|upkeep
|
|t:|1785983995
|switch|p1b: Hydreigon|Hydreigon, L50, M|100/100
|turn|6
|
|t:|1785984043
|move|p1b: Hydreigon|Earth Power|p2b: Archaludon
|-supereffective|p2b: Archaludon|1
|-damage|p2b: Archaludon|0 fnt
|faint|p2b: Archaludon
|move|p1a: Metagross|Psychic Fangs|p2a: Scizor
|-resisted|p2a: Scizor|1
|-damage|p2a: Scizor|46/100
|move|p2a: Scizor|Bug Bite|p1b: Hydreigon
|-supereffective|p1b: Hydreigon|1
|-damage|p1b: Hydreigon|0 fnt
|faint|p1b: Hydreigon
|-damage|p2a: Scizor|36/100|[from] item: Life Orb
|
|upkeep
|
|t:|1785984052
|switch|p1b: Sylveon|Sylveon, L50, F|48/100
|turn|7
|
|t:|1785984062
|move|p1a: Metagross|Psychic Fangs|p2a: Scizor
|-resisted|p2a: Scizor|1
|-damage|p2a: Scizor|1/100
|move|p1b: Sylveon|Moonblast|p2a: Scizor
|-resisted|p2a: Scizor|1
|-damage|p2a: Scizor|0 fnt
|faint|p2a: Scizor
|
|win|PizzaSanwitch
||PizzaSanwitch is ready for game 3.
||Aeriodon is ready for game 3.
|uhtml|next|Next: Game 3 of 3
