|j|☆Fosa25
|j|☆NandoProbando
|html|Fosa25NandoProbando    
|uhtml|bestof|Game 2 of a best-of-3
|t:|1756871200
|gametype|doubles
|player|p1|Fosa25|102|
|player|p2|NandoProbando|pokefan|
|gen|9
|tier|[Gen 9] VGC 2025 Reg H (Bo3)
|rule|Species Clause: Limit one of each Pokémon
|rule|Item Clause: Limit 1 of each item
|clearpoke
|poke|p1|Hatterene, L50, F|
|poke|p1|Armarouge, L50, M|
|poke|p1|Gallade, L50, M|
|poke|p1|Indeedee-F, L50, F|
|poke|p1|Torkoal, L50, M|
|poke|p1|Ursaluna, L50, M|
|poke|p2|Indeedee, L50, M|
|poke|p2|Sneasler, L50, F|
|poke|p2|Excadrill, L50, F|
|poke|p2|Magmar, L50, M|
|poke|p2|Corviknight, L50, F|
|poke|p2|Tyranitar, L50, M|
|teampreview|4
|showteam|p1|Hatterene||LifeOrb|MagicBounce|ExpandingForce,DazzlingGleam,TrickRoom,Psychic|||F|||50|,,,,,Psychic]Armarouge||PowerHerb|FlashFire|MeteorBeam,TrickRoom,ExpandingForce,ArmorCannon|||M|||50|,,,,,Grass]Gallade||ClearAmulet|Sharpness|SacredSword,PsychoCut,WideGuard,TrickRoom|||M|||50|,,,,,Grass]Indeedee-F||SafetyGoggles|PsychicSurge|FollowMe,HelpingHand,TrickRoom,AlluringVoice|||F|||50|,,,,,Ghost]Torkoal||Charcoal|Drought|Eruption,WeatherBall,Protect,Yawn|||M|||50|,,,,,Fire]Ursaluna||FlameOrb|Guts|Facade,HeadlongRush,Roar,Protect|||M|||50|,,,,,Fairy
|showteam|p2|Indeedee||ChoiceScarf|PsychicSurge|ExpandingForce,TeraBlast,Trick,Protect|||M|||50|,,,,,Psychic]Sneasler||WhiteHerb|Unburden|FakeOut,CloseCombat,DireClaw,Coaching|||F|||50|,,,,,Flying]Excadrill||FocusSash|SandRush|Earthquake,IronHead,SwordsDance,Protect|||F|||50|,,,,,Fairy]Magmar||Eviolite|VitalSpirit|HeatWave,FollowMe,WillOWisp,Protect|||M|||50|,,,,,Flying]Corviknight||PsychicSeed|MirrorArmor|BraveBird,PowerTrip,BulkUp,Roost|||F|||50|,,,,,Water]Tyranitar||AssaultVest|SandStream|RockSlide,KnockOff,LowKick,TeraBlast|||M|||50|,,,,,Flying
|inactive|Battle timer is ON: inactive players will automatically lose when time's up. (requested by Fosa25)
|
|t:|1756871227
|teamsize|p1|4
|teamsize|p2|4
|start
|switch|p1a: Indeedee|Indeedee-F, L50, F|100/100
|switch|p1b: Gallade|Gallade, L50, M|100/100
|switch|p2a: Indeedee|Indeedee, L50, M|100/100
|switch|p2b: Tyranitar|Tyranitar, L50, M|100/100
|-fieldstart|move: Psychic Terrain|[from] ability: Psychic Surge|[of] p2a: Indeedee
|-weather|Sandstorm|[from] ability: Sand Stream|[of] p2b: Tyranitar
|turn|1
|
|t:|1756871243
|-terastallize|p2b: Tyranitar|Flying
|move|p1a: Indeedee|Follow Me|p1a: Indeedee
|-singleturn|p1a: Indeedee|move: Follow Me
|move|p2a: Indeedee|Expanding Force|p1b: Gallade|[spread] p1a,p1b
|-resisted|p1a: Indeedee
|-damage|p1a: Indeedee|75/100
|-damage|p1b: Gallade|50/100
|move|p2b: Tyranitar|Tera Blast|p1a: Indeedee|[anim] Tera Blast Flying
|-damage|p1a: Indeedee|30/100
|move|p1b: Gallade|Trick Room|p1b: Gallade
|-fieldstart|move: Trick Room|[of] p1b: Gallade
|
|-weather|Sandstorm|[upkeep]
|-damage|p2b: Tyranitar|95/100|[from] Sandstorm
|-damage|p1b: Gallade|45/100|[from] Sandstorm
|-damage|p2a: Indeedee|95/100|[from] Sandstorm
|upkeep
|turn|2
|
|t:|1756871263
|switch|p1a: Ursaluna|Ursaluna, L50, M|100/100
|move|p1b: Gallade|Wide Guard|p1b: Gallade
|-singleturn|p1b: Gallade|Wide Guard
|move|p2b: Tyranitar|Knock Off|p1a: Ursaluna
|-damage|p1a: Ursaluna|54/100
|-enditem|p1a: Ursaluna|Flame Orb|[from] move: Knock Off|[of] p2b: Tyranitar
|move|p2a: Indeedee|Expanding Force|p1b: Gallade|[spread] 
|-activate|p1a: Ursaluna|move: Wide Guard
|-activate|p1b: Gallade|move: Wide Guard
|
|-weather|Sandstorm|[upkeep]
|-damage|p2b: Tyranitar|89/100|[from] Sandstorm
|-damage|p1b: Gallade|39/100|[from] Sandstorm
|-damage|p2a: Indeedee|89/100|[from] Sandstorm
|upkeep
|turn|3
|inactive|NandoProbando has 30 seconds left.
|
|t:|1756871297
|switch|p2a: Magmar|Magmar, L50, M|100/100
|move|p1a: Ursaluna|Facade|p2b: Tyranitar
|-damage|p2b: Tyranitar|53/100
|move|p2b: Tyranitar|Tera Blast|p1b: Gallade|[anim] Tera Blast Flying
|-supereffective|p1b: Gallade
|-damage|p1b: Gallade|0 fnt
|faint|p1b: Gallade
|
|-weather|Sandstorm|[upkeep]
|-damage|p2b: Tyranitar|47/100|[from] Sandstorm
|-damage|p2a: Magmar|95/100|[from] Sandstorm
|upkeep
|
|t:|1756871303
|switch|p1b: Hatterene|Hatterene, L50, F|100/100
|turn|4
|
|t:|1756871319
|switch|p1a: Indeedee|Indeedee-F, L50, F|30/100
|-terastallize|p1b: Hatterene|Psychic
|move|p1b: Hatterene|Expanding Force|p2a: Magmar|[spread] p2a,p2b
|-damage|p2a: Magmar|3/100
|-damage|p2b: Tyranitar|0 fnt
|faint|p2b: Tyranitar
|-damage|p1b: Hatterene|91/100|[from] item: Life Orb
|move|p2a: Magmar|Heat Wave|p1b: Hatterene|[spread] p1a,p1b
|-damage|p1a: Indeedee|6/100
|-damage|p1b: Hatterene|63/100
|
|-weather|Sandstorm|[upkeep]
|-damage|p1b: Hatterene|57/100|[from] Sandstorm
|-damage|p2a: Magmar|0 fnt|[from] Sandstorm
|faint|p2a: Magmar
|upkeep
|
|t:|1756871335
|switch|p2b: Indeedee|Indeedee, L50, M|89/100
|switch|p2a: Excadrill|Excadrill, L50, F|100/100
|turn|5
|inactive|Fosa25 has 30 seconds left.
|inactive|NandoProbando has 30 seconds left.
|inactive|NandoProbando has 20 seconds left.
|inactive|NandoProbando has 15 seconds left.
|
|t:|1756871380
|move|p1a: Indeedee|Helping Hand|p1b: Hatterene
|-singleturn|p1b: Hatterene|Helping Hand|[of] p1a: Indeedee
|move|p1b: Hatterene|Expanding Force|p2a: Excadrill|[spread] p2a,p2b
|-resisted|p2a: Excadrill
|-resisted|p2b: Indeedee
|-enditem|p2a: Excadrill|Focus Sash
|-damage|p2a: Excadrill|1/100
|-damage|p2b: Indeedee|0 fnt
|faint|p2b: Indeedee
|-damage|p1b: Hatterene|48/100|[from] item: Life Orb
|move|p2a: Excadrill|Swords Dance|p2a: Excadrill
|-boost|p2a: Excadrill|atk|2
|
|-weather|none
|-fieldend|move: Trick Room
|-fieldend|move: Psychic Terrain
|upkeep
|turn|6
|
|t:|1756871401
|move|p2a: Excadrill|Earthquake|p1a: Indeedee|[spread] p1a,p1b
|-crit|p1a: Indeedee
|-damage|p1a: Indeedee|0 fnt
|-damage|p1b: Hatterene|0 fnt
|faint|p1a: Indeedee
|faint|p1b: Hatterene
|
|upkeep
|
|t:|1756871403
|switch|p1b: Ursaluna|Ursaluna, L50, M|54/100
|turn|7
|
|t:|1756871406
|move|p2a: Excadrill|Earthquake|p1b: Ursaluna
|-damage|p1b: Ursaluna|0 fnt
|faint|p1b: Ursaluna
|
|win|NandoProbando
|l|☆Fosa25
|player|p1|
