|j|Ōśåasher255
|j|Ōśågeoo_4789
|html|asher255geoo_4789    
|uhtml|bestof|Game 3 of a best-of-3
|t:|1783520782
|gametype|doubles
|player|p1|asher255|dawn-masters|
|player|p2|geoo_4789|265|
|gen|9
|tier|[Gen 9 Champions] VGC 2026 Reg M-B (Bo3)
|rule|Species Clause: Limit one of each Pok├®mon
|rule|Item Clause: Limit 1 of each item
|clearpoke
|poke|p1|Grimmsnarl, L50, M|
|poke|p1|Scovillain, L50, F|
|poke|p1|Garchomp, L50, F|
|poke|p1|Sneasler, L50, F|
|poke|p1|Lycanroc, L50, M|
|poke|p1|Ninetales-Alola, L50, F|
|poke|p2|Raichu, L50, F|
|poke|p2|Mawile, L50, F|
|poke|p2|Sinistcha, L50|
|poke|p2|Ceruledge, L50, M|
|poke|p2|Milotic, L50, M|
|poke|p2|Incineroar, L50, M|
|teampreview|4
|showteam|p1|Grimmsnarl||LightClay|Prankster|PartingShot,Reflect,LightScreen,FakeOut|Careful||M|||50|]Scovillain||Scovillainite|Chlorophyll|RagePowder,Protect,HelpingHand,EnergyBall|Calm||F|||50|]Garchomp||LifeOrb|SandVeil|Earthquake,RockSlide,Protect,PoisonJab|Jolly||F|||50|]Sneasler||FocusSash|Pressure|DireClaw,CloseCombat,Protect,FakeOut|Jolly||F|||50|]Lycanroc||ExpertBelt|SandRush|Taunt,Protect,StoneEdge,CloseCombat|Adamant||M|||50|]Ninetales-Alola||NeverMeltIce|SnowWarning|FreezeDry,Moonblast,Protect,Blizzard|Timid||F|||50|
|showteam|p2|Raichu||RaichuniteY|LightningRod|ZapCannon,FocusBlast,FakeOut,Protect|Timid||F|||50|]Mawile||Mawilite|HyperCutter|PlayRough,SuckerPunch,SwordsDance,Protect|Adamant||F|||50|]Sinistcha||KasibBerry|Hospitality|MatchaGotcha,LifeDew,RagePowder,Protect|Relaxed|||||50|]Ceruledge||ColburBerry|FlashFire|BitterBlade,ShadowSneak,BulkUp,Protect|Adamant||M|||50|]Milotic||Leftovers|Competitive|MuddyWater,Coil,Hypnosis,Protect|Calm||M|||50|]Incineroar||SitrusBerry|Intimidate|FlareBlitz,ThroatChop,FakeOut,PartingShot|Impish||M|||50|
|inactive|Battle timer is ON: inactive players will automatically lose when time's up. (requested by asher255)
|
|t:|1783520806
|teamsize|p1|4
|teamsize|p2|4
|start
|switch|p1a: Lycanroc|Lycanroc, L50, M|100/100
|switch|p1b: Garchomp|Garchomp, L50, F|100/100
|switch|p2a: Mawile|Mawile, L50, F|100/100
|switch|p2b: Raichu|Raichu, L50, F|100/100
|turn|1
|
|t:|1783520821
|detailschange|p2a: Mawile|Mawile-Mega, L50, F
|-mega|p2a: Mawile|Mawile|Mawilite
|move|p1a: Lycanroc|Protect|p1a: Lycanroc
|-singleturn|p1a: Lycanroc|Protect
|move|p2b: Raichu|Fake Out|p1a: Lycanroc
|-activate|p1a: Lycanroc|move: Protect
|move|p1b: Garchomp|Earthquake|p2a: Mawile|[spread] p2a,p2b
|-activate|p1a: Lycanroc|move: Protect
|-supereffective|p2a: Mawile|1
|-supereffective|p2b: Raichu|1
|-damage|p2a: Mawile|3/100
|-damage|p2b: Raichu|0 fnt
|faint|p2b: Raichu
|-damage|p1b: Garchomp|90/100|[from] item: Life Orb
|move|p2a: Mawile|Swords Dance|p2a: Mawile
|-boost|p2a: Mawile|atk|2
|
|upkeep
|
|t:|1783520836
|switch|p2b: Sinistcha|Sinistcha, L50|100/100
|-heal|p2a: Mawile|28/100|[from] ability: Hospitality|[of] p2b: Sinistcha
|turn|2
|
|t:|1783520842
|switch|p1b: Ninetales|Ninetales-Alola, L50, F|100/100
|-weather|Snowscape|[from] ability: Snow Warning|[of] p1b: Ninetales
|move|p2a: Mawile|Protect|p2a: Mawile
|-singleturn|p2a: Mawile|Protect
|move|p1a: Lycanroc|Close Combat|p2a: Mawile
|-activate|p2a: Mawile|move: Protect
|move|p2b: Sinistcha|Life Dew||[still]|[spread] p2a,p2b
|-heal|p2a: Mawile|53/100
|-fail|p2b: Sinistcha|heal
|
|-weather|Snowscape|[upkeep]
|upkeep
|turn|3
|
|t:|1783520858
|move|p2a: Mawile|Sucker Punch||[still]
|-fail|p2a: Mawile
|move|p1b: Ninetales|Blizzard|p2a: Mawile|[spread] p2a,p2b
|-resisted|p2a: Mawile|1
|-supereffective|p2b: Sinistcha|1
|-damage|p2a: Mawile|33/100
|-damage|p2b: Sinistcha|28/100
|move|p1a: Lycanroc|Taunt|p2b: Sinistcha
|-start|p2b: Sinistcha|move: Taunt
|cant|p2b: Sinistcha|move: Taunt|Life Dew
|
|-weather|Snowscape|[upkeep]
|upkeep
|turn|4
|c|Ōśågeoo_4789|this is what i get for not reading
|c|Ōśåasher255|AHHAHAH
|
|t:|1783520877
|switch|p2b: Incineroar|Incineroar, L50, M|100/100
|-ability|p2b: Incineroar|Intimidate|boost
|-unboost|p1a: Lycanroc|atk|1
|-unboost|p1b: Ninetales|atk|1
|move|p1b: Ninetales|Protect|p1b: Ninetales
|-singleturn|p1b: Ninetales|Protect
|move|p1a: Lycanroc|Close Combat|p2a: Mawile
|-damage|p2a: Mawile|7/100
|-unboost|p1a: Lycanroc|def|1
|-unboost|p1a: Lycanroc|spd|1
|move|p2a: Mawile|Play Rough|p1a: Lycanroc
|-damage|p1a: Lycanroc|0 fnt
|faint|p1a: Lycanroc
|
|-weather|Snowscape|[upkeep]
|upkeep
|c|Ōśåasher255|WTF IT LIVED
|
|t:|1783520893
|switch|p1a: Garchomp|Garchomp, L50, F|90/100
|turn|5
|c|Ōśåasher255|I'm gonna not double tect
|
|t:|1783520914
|move|p1a: Garchomp|Protect|p1a: Garchomp
|-singleturn|p1a: Garchomp|Protect
|move|p2b: Incineroar|Fake Out|p1a: Garchomp
|-activate|p1a: Garchomp|move: Protect
|move|p2a: Mawile|Sucker Punch||[still]
|-fail|p2a: Mawile
|move|p1b: Ninetales|Blizzard|p2b: Incineroar|[spread] p2a,p2b
|-resisted|p2a: Mawile|1
|-resisted|p2b: Incineroar|1
|-damage|p2a: Mawile|0 fnt
|-damage|p2b: Incineroar|83/100
|faint|p2a: Mawile
|
|-weather|Snowscape|[upkeep]
|upkeep
|
|t:|1783520923
|switch|p2a: Sinistcha|Sinistcha, L50|28/100
|-heal|p2b: Incineroar|100/100|[from] ability: Hospitality|[of] p2a: Sinistcha
|turn|6
|c|Ōśågeoo_4789|bitch
|
|t:|1783520933
|move|p1b: Ninetales|Blizzard|p2a: Sinistcha|[spread] p2a,p2b
|-supereffective|p2a: Sinistcha|1
|-resisted|p2b: Incineroar|1
|-damage|p2a: Sinistcha|0 fnt
|-damage|p2b: Incineroar|81/100
|faint|p2a: Sinistcha
|move|p1a: Garchomp|Earthquake|p2b: Incineroar|[spread] p1b,p2b
|-supereffective|p2b: Incineroar|1
|-damage|p1b: Ninetales|46/100
|-damage|p2b: Incineroar|4/100
|-enditem|p2b: Incineroar|Sitrus Berry|[eat]
|-heal|p2b: Incineroar|29/100|[from] item: Sitrus Berry
|-damage|p1a: Garchomp|80/100|[from] item: Life Orb
|move|p2b: Incineroar|Flare Blitz|p1b: Ninetales
|-supereffective|p1b: Ninetales|1
|-damage|p1b: Ninetales|0 fnt
|faint|p1b: Ninetales
|-damage|p2b: Incineroar|17/100|[from] Recoil
|
|-weather|none
|upkeep
|
|t:|1783520937
|switch|p1b: Sneasler|Sneasler, L50, F|100/100
|-ability|p1b: Sneasler|Pressure
|turn|7
|c|Ōśågeoo_4789|why is the stupid chomp so fast
|c|Ōśåasher255|Didn't you report the Garchmop being 2pts faster than mence thing
|inactive|geoo_4789 has 30 seconds left.
|
|t:|1783520970
|move|p1b: Sneasler|Close Combat|p2b: Incineroar
|-supereffective|p2b: Incineroar|1
|-damage|p2b: Incineroar|0 fnt
|-unboost|p1b: Sneasler|def|1
|-unboost|p1b: Sneasler|spd|1
|faint|p2b: Incineroar
|
|win|asher255
|c|Ōśågeoo_4789|i dunr emember that
|l|Ōśågeoo_4789
|player|p2|
