|j|☆Lorido
|j|☆wittraid
|html|Loridowittraid    
|uhtml|bestof|Game 2 of a best-of-3
|t:|1785425941
|gametype|doubles
|player|p1|Lorido|170|1236
|player|p2|wittraid|170|1192
|gen|9
|tier|[Gen 9 Champions] VGC 2026 Reg M-B (Bo3)
|rated|
|rule|Species Clause: Limit one of each Pokémon
|rule|Item Clause: Limit 1 of each item
|clearpoke
|poke|p1|Delphox, L50, M|
|poke|p1|Incineroar, L50, M|
|poke|p1|Floette-Eternal, L50, F|
|poke|p1|Kingambit, L50, M|
|poke|p1|Sinistcha, L50|
|poke|p1|Sneasler, L50, F|
|poke|p2|Sneasler, L50, M|
|poke|p2|Pelipper, L50, F|
|poke|p2|Dragonite, L50, F|
|poke|p2|Gholdengo, L50|
|poke|p2|Swampert, L50, M|
|poke|p2|Sinistcha, L50|
|teampreview|4
|showteam|p1|Delphox||Delphoxite|Blaze|HeatWave,Psychic,NastyPlot,Protect|Timid||M|||50|]Incineroar||SitrusBerry|Intimidate|FlareBlitz,DarkestLariat,FakeOut,PartingShot|Careful||M|||50|]Floette-Eternal||Floettite|FlowerVeil|DazzlingGleam,DrainingKiss,CalmMind,Protect|Bold||F|||50|]Kingambit||BlackGlasses|Defiant|KowtowCleave,SuckerPunch,SwordsDance,Protect|Adamant||M|||50|]Sinistcha||OccaBerry|Hospitality|MatchaGotcha,RagePowder,TrickRoom,Protect|Bold|||||50|]Sneasler||FocusSash|PoisonTouch|CloseCombat,PoisonJab,FakeOut,QuickGuard|Jolly||F|||50|
|showteam|p2|Sneasler||FocusSash|Unburden|FakeOut,CloseCombat,DireClaw,Protect|Jolly||M|||50|]Pelipper||SitrusBerry|Drizzle|Tailwind,WeatherBall,Hurricane,Protect|Calm||F|||50|]Dragonite||Dragoninite|Multiscale|DracoMeteor,HeatWave,Hurricane,Protect|Modest||F|||50|]Gholdengo||LifeOrb|GoodasGold|MakeItRain,ShadowBall,NastyPlot,Protect|Modest|||||50|]Swampert||Swampertite|Torrent|WaveCrash,HighHorsepower,IcePunch,Protect|Adamant||M|||50|]Sinistcha||KasibBerry|Hospitality|RagePowder,MatchaGotcha,LifeDew,TrickRoom|Calm|||||50|
|inactive|Battle timer is ON: inactive players will automatically lose when time's up. (requested by wittraid)
|inactive|Lorido has 60 seconds left.
|
|t:|1785425974
|teamsize|p1|4
|teamsize|p2|4
|start
|switch|p1a: Incineroar|Incineroar, L50, M|100/100
|switch|p1b: Floette|Floette-Eternal, L50, F|100/100
|switch|p2a: Dragonite|Dragonite, L50, F|100/100
|switch|p2b: Sneasler|Sneasler, L50, M|100/100
|-ability|p1a: Incineroar|Intimidate|boost
|-unboost|p2a: Dragonite|atk|1
|-unboost|p2b: Sneasler|atk|1
|turn|1
|inactive|wittraid has 30 seconds left.
|
|t:|1785426001
|detailschange|p1b: Floette|Floette-Mega, L50, F
|-mega|p1b: Floette|Floette|Floettite
|-ability|p1b: Floette|Fairy Aura
|detailschange|p2a: Dragonite|Dragonite-Mega, L50, F
|-mega|p2a: Dragonite|Dragonite|Dragoninite
|move|p2b: Sneasler|Fake Out|p1b: Floette
|-damage|p1b: Floette|92/100
|move|p1a: Incineroar|Fake Out|p2b: Sneasler
|-damage|p2b: Sneasler|83/100
|cant|p1b: Floette|flinch
|move|p2a: Dragonite|Draco Meteor|p1a: Incineroar
|-damage|p1a: Incineroar|38/100
|-unboost|p2a: Dragonite|spa|2
|-enditem|p1a: Incineroar|Sitrus Berry|[eat]
|-heal|p1a: Incineroar|63/100|[from] item: Sitrus Berry
|
|upkeep
|turn|2
|inactive|Lorido has 30 seconds left.
|
|t:|1785426028
|switch|p2a: Gholdengo|Gholdengo, L50|100/100
|move|p2b: Sneasler|Dire Claw|p1b: Floette
|-supereffective|p1b: Floette|1
|-damage|p1b: Floette|44/100
|move|p1b: Floette|Calm Mind|p1b: Floette
|-boost|p1b: Floette|spa|1
|-boost|p1b: Floette|spd|1
|move|p1a: Incineroar|Parting Shot|p2b: Sneasler
|-unboost|p2b: Sneasler|atk|1
|-unboost|p2b: Sneasler|spa|1
|
|t:|1785426040
|switch|p1a: Sinistcha|Sinistcha, L50|100/100|[from] Parting Shot
|-heal|p1b: Floette|69/100|[from] ability: Hospitality|[of] p1a: Sinistcha
|
|upkeep
|turn|3
|inactive|wittraid has 30 seconds left.
|inactive|wittraid has 20 seconds left.
|inactive|Lorido has 30 seconds left.
|inactive|wittraid has 15 seconds left.
|
|t:|1785426085
|move|p1a: Sinistcha|Rage Powder|p1a: Sinistcha
|-singleturn|p1a: Sinistcha|move: Rage Powder
|move|p2b: Sneasler|Dire Claw|p1a: Sinistcha
|-damage|p1a: Sinistcha|84/100
|-status|p1a: Sinistcha|slp
|move|p1b: Floette|Calm Mind|p1b: Floette
|-boost|p1b: Floette|spa|1
|-boost|p1b: Floette|spd|1
|move|p2a: Gholdengo|Make It Rain|p1b: Floette|[spread] p1a,p1b
|-supereffective|p1b: Floette|1
|-damage|p1a: Sinistcha|24/100 slp
|-damage|p1b: Floette|20/100r
|-unboost|p2a: Gholdengo|spa|2
|-damage|p2a: Gholdengo|90/100|[from] item: Life Orb
|
|upkeep
|turn|4
|inactive|wittraid has 30 seconds left.
|
|t:|1785426114
|switch|p1a: Incineroar|Incineroar, L50, M|63/100
|-ability|p1a: Incineroar|Intimidate|boost
|-unboost|p2a: Gholdengo|atk|1
|-unboost|p2b: Sneasler|atk|1
|move|p1b: Floette|Protect|p1b: Floette
|-singleturn|p1b: Floette|Protect
|move|p2b: Sneasler|Dire Claw|p1b: Floette
|-activate|p1b: Floette|move: Protect
|move|p2a: Gholdengo|Nasty Plot|p2a: Gholdengo
|-boost|p2a: Gholdengo|spa|2
|
|upkeep
|turn|5
|inactive|Lorido has 30 seconds left.
|inactive|wittraid has 30 seconds left.
|inactive|wittraid has 20 seconds left.
|inactive|wittraid has 15 seconds left.
|
|t:|1785426156
|switch|p2b: Sinistcha|Sinistcha, L50|100/100
|-heal|p2a: Gholdengo|100/100|[from] ability: Hospitality|[of] p2b: Sinistcha
|move|p2a: Gholdengo|Protect|p2a: Gholdengo
|-singleturn|p2a: Gholdengo|Protect
|move|p1a: Incineroar|Fake Out|p2b: Sinistcha
|-immune|p2b: Sinistcha
|move|p1b: Floette|Draining Kiss|p2a: Gholdengo
|-activate|p2a: Gholdengo|move: Protect
|
|upkeep
|turn|6
|inactive|wittraid has 30 seconds left.
|
|t:|1785426183
|move|p2b: Sinistcha|Rage Powder|p2b: Sinistcha
|-singleturn|p2b: Sinistcha|move: Rage Powder
|move|p1b: Floette|Draining Kiss|p2b: Sinistcha
|-damage|p2b: Sinistcha|42/100
|-heal|p1b: Floette|64/100|[from] drain|[of] p2b: Sinistcha
|move|p2a: Gholdengo|Make It Rain|p1a: Incineroar|[spread] p1a,p1b
|-resisted|p1a: Incineroar|1
|-supereffective|p1b: Floette|1
|-damage|p1a: Incineroar|38/100
|-damage|p1b: Floette|14/100
|-unboost|p2a: Gholdengo|spa|2
|-damage|p2a: Gholdengo|90/100|[from] item: Life Orb
|move|p1a: Incineroar|Flare Blitz|p2b: Sinistcha
|-supereffective|p2b: Sinistcha|1
|-damage|p2b: Sinistcha|0 fnt
|faint|p2b: Sinistcha
|-damage|p1a: Incineroar|25/100|[from] Recoil
|
|upkeep
|
|t:|1785426200
|switch|p2b: Sneasler|Sneasler, L50, M|83/100
|turn|7
|inactive|Lorido has 30 seconds left.
|inactive|wittraid has 30 seconds left.
|inactive|wittraid has 20 seconds left.
|inactive|wittraid has 15 seconds left.
|inactive|wittraid has 10 seconds left.
|
|t:|1785426248
|switch|p1b: Sinistcha|Sinistcha, L50|24/100 slp
|-heal|p1a: Incineroar|50/100g|[from] ability: Hospitality|[of] p1b: Sinistcha
|move|p2b: Sneasler|Dire Claw|p1b: Sinistcha
|-damage|p1b: Sinistcha|0 fnt
|faint|p1b: Sinistcha
|move|p2a: Gholdengo|Make It Rain|p1a: Incineroar
|-resisted|p1a: Incineroar|1
|-damage|p1a: Incineroar|31/100
|-unboost|p2a: Gholdengo|spa|2
|-damage|p2a: Gholdengo|80/100|[from] item: Life Orb
|move|p1a: Incineroar|Flare Blitz|p2a: Gholdengo
|-supereffective|p2a: Gholdengo|1
|-damage|p2a: Gholdengo|0 fnt
|faint|p2a: Gholdengo
|-damage|p1a: Incineroar|6/100|[from] Recoil
|
|upkeep
|inactive|Lorido has 30 seconds left.
|
|t:|1785426277
|switch|p2a: Dragonite|Dragonite-Mega, L50, F|100/100
|switch|p1b: Sneasler|Sneasler, L50, F|100/100
|turn|8
|
|t:|1785426295
|move|p2b: Sneasler|Protect|p2b: Sneasler
|-singleturn|p2b: Sneasler|Protect
|move|p2a: Dragonite|Protect|p2a: Dragonite
|-singleturn|p2a: Dragonite|Protect
|move|p1b: Sneasler|Fake Out|p2b: Sneasler
|-activate|p2b: Sneasler|move: Protect
|move|p1a: Incineroar|Parting Shot|p2a: Dragonite
|-activate|p2a: Dragonite|move: Protect
|
|upkeep
|turn|9
|inactive|wittraid has 30 seconds left.
|
|t:|1785426323
|move|p1b: Sneasler|Close Combat|p2b: Sneasler
|-resisted|p2b: Sneasler|1
|-damage|p2b: Sneasler|34/100
|-unboost|p1b: Sneasler|def|1
|-unboost|p1b: Sneasler|spd|1
|move|p2b: Sneasler|Close Combat|p1b: Sneasler
|-resisted|p1b: Sneasler|1
|-damage|p1b: Sneasler|20/100y
|-unboost|p2b: Sneasler|def|1
|-unboost|p2b: Sneasler|spd|1
|move|p2a: Dragonite|Heat Wave|p1a: Incineroar|[spread] p1a,p1b
|-resisted|p1a: Incineroar|1
|-damage|p1a: Incineroar|0 fnt
|-damage|p1b: Sneasler|0 fnt
|faint|p1a: Incineroar
|faint|p1b: Sneasler
|
|upkeep
|
|t:|1785426337
|switch|p1b: Floette|Floette-Mega, L50, F|14/100
|-ability|p1b: Floette|Fairy Aura
|turn|10
|
|t:|1785426346
|move|p2b: Sneasler|Dire Claw|p1b: Floette
|-supereffective|p1b: Floette|1
|-damage|p1b: Floette|0 fnt
|faint|p1b: Floette
|
|win|wittraid
