|j|☆Aksiz
|j|☆Koraidonkoalition
|html|AksizKoraidonkoalition    
|uhtml|bestof|Game 2 of a best-of-3
|t:|1785082262
|gametype|doubles
|player|p1|Aksiz|veteran|1062
|player|p2|Koraidonkoalition|colress|1150
|gen|9
|tier|[Gen 9 Champions] VGC 2026 Reg M-B (Bo3)
|rated|
|rule|Species Clause: Limit one of each Pokémon
|rule|Item Clause: Limit 1 of each item
|clearpoke
|poke|p1|Garchomp, L50, M|
|poke|p1|Delphox, L50, F, shiny|
|poke|p1|Maushold-Four, L50|
|poke|p1|Aerodactyl, L50, F|
|poke|p1|Farigiraf, L50, M|
|poke|p1|Ninetales-Alola, L50, F|
|poke|p2|Tyranitar, L50, F|
|poke|p2|Excadrill, L50, F|
|poke|p2|Milotic, L50, M|
|poke|p2|Sinistcha, L50|
|poke|p2|Staraptor, L50, F|
|poke|p2|Gholdengo, L50|
|teampreview|4
|showteam|p1|Garchomp||LifeOrb|SandVeil|Earthquake,RockSlide,SwordsDance,Protect|Jolly||M|||50|]Delphox||Delphoxite|Blaze|Psychic,HeatWave,NastyPlot,Protect|Timid||F|||50|]Maushold-Four||ChopleBerry|FriendGuard|FollowMe,Protect,SuperFang,SunnyDay|Bold|||||50|]Aerodactyl||FocusSash|RockHead|WideGuard,DualWingbeat,SunnyDay,Protect|Jolly||F|||50|]Farigiraf||SitrusBerry|CudChew|Protect,TrickRoom,GrassKnot,FoulPlay|Calm||M|||50|]Ninetales-Alola||LightClay|SnowWarning|AuroraVeil,Blizzard,FreezeDry,Encore|Timid||F|||50|
|showteam|p2|Tyranitar||Tyranitarite|SandStream|KnockOff,RockSlide,LowKick,Protect|Jolly||F|||50|]Excadrill||FocusSash|SandRush|Earthquake,IronHead,RockSlide,Protect|Adamant||F|||50|]Milotic||SitrusBerry|Competitive|Scald,IcyWind,Haze,Protect|Calm||M|||50|]Sinistcha||ColburBerry|Hospitality|MatchaGotcha,ShadowBall,Protect,RagePowder|Bold|||||50|]Staraptor||Staraptite|Intimidate|CloseCombat,BraveBird,Tailwind,Protect|Jolly||F|||50|]Gholdengo||LifeOrb|GoodasGold|MakeItRain,ShadowBall,NastyPlot,Protect|Modest|||||50|
|inactive|Battle timer is ON: inactive players will automatically lose when time's up. (requested by Aksiz)
|
|t:|1785082293
|teamsize|p1|4
|teamsize|p2|4
|start
|switch|p1a: Garchomp|Garchomp, L50, M|100/100
|switch|p1b: Ninetales|Ninetales-Alola, L50, F|100/100
|switch|p2a: Tyranitar|Tyranitar, L50, F|100/100
|switch|p2b: Milotic|Milotic, L50, M|100/100
|-weather|Snowscape|[from] ability: Snow Warning|[of] p1b: Ninetales
|-weather|Sandstorm|[from] ability: Sand Stream|[of] p2a: Tyranitar
|turn|1
|
|t:|1785082315
|move|p1a: Garchomp|Protect|p1a: Garchomp
|-singleturn|p1a: Garchomp|Protect
|move|p2a: Tyranitar|Protect|p2a: Tyranitar
|-singleturn|p2a: Tyranitar|Protect
|move|p1b: Ninetales|Freeze-Dry|p2b: Milotic
|-supereffective|p2b: Milotic|1
|-damage|p2b: Milotic|68/100
|move|p2b: Milotic|Icy Wind|p1a: Garchomp|[spread] p1b
|-activate|p1a: Garchomp|move: Protect
|-resisted|p1b: Ninetales|1
|-damage|p1b: Ninetales|94/100
|-unboost|p1b: Ninetales|spe|1
|
|-weather|Sandstorm|[upkeep]
|-damage|p1b: Ninetales|88/100|[from] Sandstorm
|-damage|p2b: Milotic|62/100|[from] Sandstorm
|upkeep
|turn|2
|
|t:|1785082341
|switch|p1b: Aerodactyl|Aerodactyl, L50, F|100/100
|detailschange|p2a: Tyranitar|Tyranitar-Mega, L50, F
|-mega|p2a: Tyranitar|Tyranitar|Tyranitarite
|move|p1a: Garchomp|Earthquake|p2a: Tyranitar|[spread] p2a,p2b
|-immune|p1b: Aerodactyl
|-supereffective|p2a: Tyranitar|1
|-damage|p2a: Tyranitar|37/100
|-damage|p2b: Milotic|11/100
|-enditem|p2b: Milotic|Sitrus Berry|[eat]
|-heal|p2b: Milotic|36/100|[from] item: Sitrus Berry
|-damage|p1a: Garchomp|90/100|[from] item: Life Orb
|move|p2a: Tyranitar|Rock Slide|p1a: Garchomp|[spread] p1a,p1b
|-resisted|p1a: Garchomp|1
|-supereffective|p1b: Aerodactyl|1
|-damage|p1a: Garchomp|74/100
|-enditem|p1b: Aerodactyl|Focus Sash
|-damage|p1b: Aerodactyl|1/100
|move|p2b: Milotic|Icy Wind|p1b: Aerodactyl|[spread] p1a,p1b
|-supereffective|p1a: Garchomp|2
|-supereffective|p1b: Aerodactyl|1
|-damage|p1a: Garchomp|30/100
|-damage|p1b: Aerodactyl|0 fnt
|-unboost|p1a: Garchomp|spe|1
|faint|p1b: Aerodactyl
|
|-weather|Sandstorm|[upkeep]
|-damage|p2b: Milotic|30/100|[from] Sandstorm
|upkeep
|
|t:|1785082365
|switch|p1b: Ninetales|Ninetales-Alola, L50, F|88/100
|-weather|Snowscape|[from] ability: Snow Warning|[of] p1b: Ninetales
|turn|3
|
|t:|1785082377
|switch|p1a: Maushold|Maushold-Four, L50|100/100
|move|p1b: Ninetales|Aurora Veil|p1b: Ninetales
|-sidestart|p1: Aksiz|move: Aurora Veil
|move|p2a: Tyranitar|Knock Off|p1a: Maushold
|-damage|p1a: Maushold|62/100
|-enditem|p1a: Maushold|Chople Berry|[from] move: Knock Off|[of] p2a: Tyranitar
|move|p2b: Milotic|Icy Wind|p1a: Maushold|[spread] p1a,p1b
|-crit|p1a: Maushold
|-resisted|p1b: Ninetales|1
|-damage|p1a: Maushold|45/100
|-damage|p1b: Ninetales|85/100
|-unboost|p1a: Maushold|spe|1
|-unboost|p1b: Ninetales|spe|1
|
|-weather|Snowscape|[upkeep]
|upkeep
|turn|4
|
|t:|1785082399
|switch|p2a: Excadrill|Excadrill, L50, F|100/100
|move|p1a: Maushold|Protect|p1a: Maushold
|-singleturn|p1a: Maushold|Protect
|move|p1b: Ninetales|Blizzard|p2a: Excadrill|[spread] p2a,p2b
|-resisted|p2b: Milotic|1
|-damage|p2a: Excadrill|60/100
|-damage|p2b: Milotic|20/100r
|move|p2b: Milotic|Icy Wind|p1a: Maushold|[spread] p1b
|-activate|p1a: Maushold|move: Protect
|-resisted|p1b: Ninetales|1
|-damage|p1b: Ninetales|82/100
|-unboost|p1b: Ninetales|spe|1
|
|-weather|Snowscape|[upkeep]
|upkeep
|turn|5
|inactive|Aksiz has 30 seconds left.
|
|t:|1785082427
|move|p2a: Excadrill|Rock Slide|p1b: Ninetales|[spread] p1a,p1b
|-supereffective|p1b: Ninetales|1
|-damage|p1a: Maushold|31/100
|-damage|p1b: Ninetales|62/100
|move|p2b: Milotic|Icy Wind|p1b: Ninetales|[spread] p1a,p1b
|-resisted|p1b: Ninetales|1
|-damage|p1a: Maushold|24/100
|-damage|p1b: Ninetales|59/100
|-unboost|p1a: Maushold|spe|1
|-unboost|p1b: Ninetales|spe|1
|cant|p1b: Ninetales|flinch
|move|p1a: Maushold|Sunny Day|p1a: Maushold
|-weather|SunnyDay
|
|-weather|SunnyDay|[upkeep]
|upkeep
|turn|6
|
|t:|1785082446
|move|p2a: Excadrill|Rock Slide|p1a: Maushold|[spread] p1a,p1b
|-supereffective|p1b: Ninetales|1
|-damage|p1a: Maushold|9/100
|-damage|p1b: Ninetales|28/100
|move|p2b: Milotic|Icy Wind|p1a: Maushold|[spread] p1a,p1b
|-resisted|p1b: Ninetales|1
|-damage|p1a: Maushold|2/100
|-damage|p1b: Ninetales|26/100
|-unboost|p1a: Maushold|spe|1
|-unboost|p1b: Ninetales|spe|1
|move|p1b: Ninetales|Blizzard|p2b: Milotic|[spread] p2a,p2b
|-resisted|p2b: Milotic|1
|-damage|p2a: Excadrill|25/100
|-damage|p2b: Milotic|10/100
|move|p1a: Maushold|Super Fang|p2a: Excadrill
|-damage|p2a: Excadrill|12/100
|
|-weather|SunnyDay|[upkeep]
|upkeep
|turn|7
|inactive|Aksiz has 30 seconds left.
|
|t:|1785082481
|move|p2a: Excadrill|Rock Slide|p1b: Ninetales|[spread] p1a,p1b
|-supereffective|p1b: Ninetales|1
|-damage|p1a: Maushold|0 fnt
|-damage|p1b: Ninetales|0 fnt
|faint|p1a: Maushold
|faint|p1b: Ninetales
|move|p2b: Milotic|Scald|p1: Maushold|[notarget]
|-fail|p2b: Milotic
|
|-weather|SunnyDay|[upkeep]
|upkeep
|
|t:|1785082492
|switch|p1b: Garchomp|Garchomp, L50, M|30/100
|turn|8
|
|t:|1785082498
|switch|p2b: Staraptor|Staraptor, L50, F|100/100
|-ability|p2b: Staraptor|Intimidate|boost
|-unboost|p1b: Garchomp|atk|1
|move|p2a: Excadrill|Protect|p2a: Excadrill
|-singleturn|p2a: Excadrill|Protect
|move|p1b: Garchomp|Earthquake|p2a: Excadrill|[spread] 
|-activate|p2a: Excadrill|move: Protect
|-immune|p2b: Staraptor
|
|-weather|SunnyDay|[upkeep]
|upkeep
|turn|9
|
|t:|1785082515
|switch|p2b: Tyranitar|Tyranitar-Mega, L50, F|37/100
|-weather|Sandstorm|[from] ability: Sand Stream|[of] p2b: Tyranitar
|move|p2a: Excadrill|Iron Head|p1b: Garchomp
|-damage|p1b: Garchomp|0 fnt
|faint|p1b: Garchomp
|
|win|Koraidonkoalition
|raw|Aksiz's rating: 1062 → 1047(-15 for losing)
|raw|Koraidonkoalition's rating: 1150 → 1169(+19 for winning)
