|j|☆just a someone 34
|j|☆yzuii
|html|just a someone 34yzuii    
|uhtml|bestof|Game 2 of a best-of-3
|t:|1786092228
|gametype|doubles
|player|p1|just a someone 34|266|
|player|p2|yzuii|kimonogirl|
|gen|9
|tier|[Gen 9 Champions] VGC 2026 Reg M-B (Bo3)
|rule|Species Clause: Limit one of each Pokémon
|rule|Item Clause: Limit 1 of each item
|clearpoke
|poke|p1|Venusaur, L50, M|
|poke|p1|Charizard, L50, M|
|poke|p1|Grimmsnarl, L50, M|
|poke|p1|Archaludon, L50, F|
|poke|p1|Basculegion, L50, M|
|poke|p1|Pelipper, L50, F|
|poke|p2|Staraptor, L50, M|
|poke|p2|Arcanine-Hisui, L50, M|
|poke|p2|Kingambit, L50, F|
|poke|p2|Raichu, L50, F|
|poke|p2|Farigiraf, L50, M|
|poke|p2|Sylveon, L50, F|
|teampreview|4
|showteam|p1|Venusaur||FocusSash|Chlorophyll|SludgeBomb,EarthPower,SleepPowder,Protect|Modest||M|||50|]Charizard||CharizarditeY|Blaze|Protect,HeatWave,SolarBeam,WeatherBall|Modest||M|||50|]Grimmsnarl||LightClay|Prankster|SpiritBreak,LightScreen,Reflect,PartingShot|Sassy||M|||50|]Archaludon||Leftovers|Stamina|ElectroShot,DragonPulse,FlashCannon,Protect|Calm||F|||50|]Basculegion||ChoiceScarf|Adaptability|WaveCrash,LastRespects,AquaJet,FlipTurn|Jolly||M|||50|]Pelipper||SitrusBerry|Drizzle|Hurricane,WeatherBall,Tailwind,WideGuard|Modest||F|||50|
|showteam|p2|Staraptor||Staraptite|Intimidate|CloseCombat,Protect,Tailwind,DualWingbeat|Jolly||M|||50|]Arcanine-Hisui||FocusSash|RockHead|ExtremeSpeed,Protect,HeadSmash,FlareBlitz|Jolly||M|||50|]Kingambit||LifeOrb|Defiant|KowtowCleave,SuckerPunch,Protect,SwordsDance|Adamant||F|||50|]Raichu||RaichuniteY|LightningRod|ZapCannon,FocusBlast,Protect,FakeOut|Timid||F|||50|]Farigiraf||SitrusBerry|ArmorTail|Protect,Psychic,TrickRoom,HelpingHand|Calm||M|||50|]Sylveon||FairyFeather|Pixilate|HyperBeam,HyperVoice,QuickAttack,Protect|Modest||F|||50|
|
|t:|1786092263
|teamsize|p1|4
|teamsize|p2|4
|start
|switch|p1a: Basculegion|Basculegion, L50, M|100/100
|switch|p1b: Pelipper|Pelipper, L50, F|100/100
|switch|p2a: Staraptor|Staraptor, L50, M|100/100
|switch|p2b: Farigiraf|Farigiraf, L50, M|100/100
|-ability|p2a: Staraptor|Intimidate|boost
|-unboost|p1a: Basculegion|atk|1
|-unboost|p1b: Pelipper|atk|1
|-weather|RainDance|[from] ability: Drizzle|[of] p1b: Pelipper
|turn|1
|
|t:|1786092300
|move|p1a: Basculegion|Wave Crash|p2a: Staraptor
|-damage|p2a: Staraptor|0 fnt
|faint|p2a: Staraptor
|-damage|p1a: Basculegion|69/100|[from] Recoil
|move|p1b: Pelipper|Weather Ball|p2b: Farigiraf
|-damage|p2b: Farigiraf|41/100
|-enditem|p2b: Farigiraf|Sitrus Berry|[eat]
|-heal|p2b: Farigiraf|66/100|[from] item: Sitrus Berry
|move|p2b: Farigiraf|Psychic|p1b: Pelipper
|-damage|p1b: Pelipper|47/100
|-enditem|p1b: Pelipper|Sitrus Berry|[eat]
|-heal|p1b: Pelipper|72/100|[from] item: Sitrus Berry
|
|-weather|RainDance|[upkeep]
|upkeep
|
|t:|1786092308
|switch|p2a: Sylveon|Sylveon, L50, F|100/100
|turn|2
|
|t:|1786092316
|move|p2b: Farigiraf|Protect|p2b: Farigiraf
|-singleturn|p2b: Farigiraf|Protect
|move|p1b: Pelipper|Wide Guard|p1b: Pelipper
|-singleturn|p1b: Pelipper|Wide Guard
|move|p1a: Basculegion|Wave Crash|p2b: Farigiraf
|-activate|p2b: Farigiraf|move: Protect
|move|p2a: Sylveon|Hyper Voice|p1a: Basculegion|[spread] 
|-activate|p1a: Basculegion|move: Wide Guard
|-activate|p1b: Pelipper|move: Wide Guard
|
|-weather|RainDance|[upkeep]
|upkeep
|turn|3
|
|t:|1786092340
|move|p2b: Farigiraf|Protect||[still]
|-fail|p2b: Farigiraf
|move|p1a: Basculegion|Wave Crash|p2b: Farigiraf
|-damage|p2b: Farigiraf|7/100
|-damage|p1a: Basculegion|46/100|[from] Recoil
|move|p1b: Pelipper|Weather Ball|p2b: Farigiraf
|-damage|p2b: Farigiraf|0 fnt
|faint|p2b: Farigiraf
|move|p2a: Sylveon|Hyper Beam|p1a: Basculegion
|-damage|p1a: Basculegion|0 fnt
|-mustrecharge|p2a: Sylveon
|faint|p1a: Basculegion
|
|-weather|RainDance|[upkeep]
|upkeep
|
|t:|1786092349
|switch|p1a: Grimmsnarl|Grimmsnarl, L50, M|100/100
|switch|p2b: Raichu|Raichu, L50, F|100/100
|turn|4
|
|t:|1786092376
|detailschange|p2b: Raichu|Raichu-Mega-Y, L50, F
|-mega|p2b: Raichu|Raichu|Raichunite Y
|move|p1a: Grimmsnarl|Light Screen|p1a: Grimmsnarl
|-sidestart|p1: just a someone 34|move: Light Screen
|move|p2b: Raichu|Focus Blast|p1b: Pelipper
|-resisted|p1b: Pelipper|1
|-damage|p1b: Pelipper|52/100
|move|p1b: Pelipper|Tailwind|p1b: Pelipper
|-sidestart|p1: just a someone 34|move: Tailwind
|cant|p2a: Sylveon|recharge
|
|-weather|RainDance|[upkeep]
|upkeep
|turn|5
|
|t:|1786092400
|move|p2b: Raichu|Protect|p2b: Raichu
|-singleturn|p2b: Raichu|Protect
|move|p1b: Pelipper|Wide Guard|p1b: Pelipper
|-singleturn|p1b: Pelipper|Wide Guard
|move|p1a: Grimmsnarl|Spirit Break|p2b: Raichu
|-activate|p2b: Raichu|move: Protect
|move|p2a: Sylveon|Hyper Voice|p1b: Pelipper|[spread] 
|-activate|p1a: Grimmsnarl|move: Wide Guard
|-activate|p1b: Pelipper|move: Wide Guard
|
|-weather|none
|upkeep
|turn|6
|
|t:|1786092433
|switch|p1b: Archaludon|Archaludon, L50, F|100/100
|move|p1a: Grimmsnarl|Parting Shot|p2b: Raichu
|-unboost|p2b: Raichu|atk|1
|-unboost|p2b: Raichu|spa|1
|
|t:|1786092439
|switch|p1a: Pelipper|Pelipper, L50, F|52/100|[from] Parting Shot
|-weather|RainDance|[from] ability: Drizzle|[of] p1a: Pelipper
|move|p2b: Raichu|Zap Cannon|p1b: Archaludon
|-resisted|p1b: Archaludon|1
|-damage|p1b: Archaludon|88/100
|-status|p1b: Archaludon|par
|-ability|p1b: Archaludon|Stamina|boost
|-boost|p1b: Archaludon|def|1
|move|p2a: Sylveon|Hyper Voice|p1b: Archaludon|[spread] p1a,p1b
|-crit|p1a: Pelipper
|-damage|p1a: Pelipper|0 fnt
|-damage|p1b: Archaludon|57/100 par
|-ability|p1b: Archaludon|Stamina|boost
|-boost|p1b: Archaludon|def|1
|faint|p1a: Pelipper
|
|-weather|RainDance|[upkeep]
|-heal|p1b: Archaludon|63/100 par|[from] item: Leftovers
|upkeep
|
|t:|1786092444
|switch|p1a: Grimmsnarl|Grimmsnarl, L50, M|100/100
|turn|7
|
|t:|1786092472
|move|p2b: Raichu|Protect|p2b: Raichu
|-singleturn|p2b: Raichu|Protect
|move|p1b: Archaludon|Protect|p1b: Archaludon
|-singleturn|p1b: Archaludon|Protect
|move|p2a: Sylveon|Protect|p2a: Sylveon
|-singleturn|p2a: Sylveon|Protect
|move|p1a: Grimmsnarl|Spirit Break|p2a: Sylveon
|-activate|p2a: Sylveon|move: Protect
|
|-weather|RainDance|[upkeep]
|-heal|p1b: Archaludon|70/100 par|[from] item: Leftovers
|-sideend|p1: just a someone 34|move: Tailwind
|upkeep
|turn|8
|
|t:|1786092497
|move|p1b: Archaludon|Protect||[still]
|-fail|p1b: Archaludon
|move|p1a: Grimmsnarl|Parting Shot|p2b: Raichu
|-unboost|p2b: Raichu|atk|1
|-unboost|p2b: Raichu|spa|1
|move|p2b: Raichu|Focus Blast|p1b: Archaludon
|-supereffective|p1b: Archaludon|1
|-damage|p1b: Archaludon|43/100 par
|-ability|p1b: Archaludon|Stamina|boost
|-boost|p1b: Archaludon|def|1
|move|p2a: Sylveon|Hyper Beam|p1b: Archaludon|[miss]
|-miss|p2a: Sylveon|p1b: Archaludon
|
|-weather|RainDance|[upkeep]
|-heal|p1b: Archaludon|49/100 par|[from] item: Leftovers
|upkeep
|turn|9
|
|t:|1786092513
|move|p1b: Archaludon|Protect|p1b: Archaludon
|-singleturn|p1b: Archaludon|Protect
|move|p2b: Raichu|Zap Cannon|p1a: Grimmsnarl
|-damage|p1a: Grimmsnarl|80/100
|-status|p1a: Grimmsnarl|par
|move|p2a: Sylveon|Hyper Voice|p1a: Grimmsnarl|[spread] p1a
|-activate|p1b: Archaludon|move: Protect
|-supereffective|p1a: Grimmsnarl|1
|-crit|p1a: Grimmsnarl
|-damage|p1a: Grimmsnarl|0 fnt
|faint|p1a: Grimmsnarl
|
|-weather|RainDance|[upkeep]
|-heal|p1b: Archaludon|55/100 par|[from] item: Leftovers
|upkeep
|turn|10
|
|t:|1786092527
|move|p2b: Raichu|Focus Blast|p1b: Archaludon
|-supereffective|p1b: Archaludon|1
|-damage|p1b: Archaludon|28/100 par
|-ability|p1b: Archaludon|Stamina|boost
|-boost|p1b: Archaludon|def|1
|move|p2a: Sylveon|Hyper Beam|p1b: Archaludon
|-damage|p1b: Archaludon|0 fnt
|-mustrecharge|p2a: Sylveon
|faint|p1b: Archaludon
|
|win|yzuii
|l|☆just a someone 34
|player|p1|
