|j|☆AquamarineVGC
|j|☆Simone1799
|html|AquamarineVGCSimone1799    
|uhtml|bestof|Game 1 of a best-of-3
|t:|1784547790
|gametype|doubles
|player|p1|AquamarineVGC|unknown|1248
|player|p2|Simone1799|pokemaniac|1192
|gen|9
|tier|[Gen 9 Champions] VGC 2026 Reg M-B (Bo3)
|rated|
|rule|Species Clause: Limit one of each Pokémon
|rule|Item Clause: Limit 1 of each item
|clearpoke
|poke|p1|Pelipper, L50, F|
|poke|p1|Archaludon, L50, F|
|poke|p1|Staraptor, L50, M|
|poke|p1|Glimmora, L50, F|
|poke|p1|Clefable, L50, M|
|poke|p1|Grimmsnarl, L50, M|
|poke|p2|Golurk, L50|
|poke|p2|Farigiraf, L50, M|
|poke|p2|Cofagrigus, L50, M|
|poke|p2|Kangaskhan, L50, F|
|poke|p2|Torkoal, L50, F|
|poke|p2|Venusaur, L50, M|
|teampreview|4
|showteam|p1|Pelipper||QuickClaw|Drizzle|Hurricane,WeatherBall,Tailwind,WideGuard|Modest||F|||50|]Archaludon||Leftovers|Stamina|FlashCannon,DragonPulse,ElectroShot,Protect|Modest||F|||50|]Staraptor||Staraptite|Intimidate|BraveBird,CloseCombat,Roost,Protect|Adamant||M|||50|]Glimmora||Glimmoranite|ToxicDebris|PowerGem,SludgeBomb,AcidSpray,SpikyShield|Timid||F|||50|]Clefable||SitrusBerry|Unaware|Moonblast,FollowMe,LifeDew,Protect|Bold||M|||50|]Grimmsnarl||LightClay|Prankster|FoulPlay,Reflect,LightScreen,PartingShot|Calm||M|||50|
|showteam|p2|Golurk||Golurkite|IronFist|Protect,HeadlongRush,IcePunch,Poltergeist|Brave|||||50|]Farigiraf||SitrusBerry|ArmorTail|TwinBeam,TrickRoom,Roar,Thunderbolt|Calm||M|||50|]Cofagrigus||ColburBerry|Mummy|WillOWisp,TrickRoom,BodyPress,ShadowBall|Relaxed||M|||50|]Kangaskhan||SilkScarf|Scrappy|FakeOut,LastResort|Adamant||F|||50|]Torkoal||Charcoal|Drought|Eruption,Protect,EarthPower,WeatherBall|Quiet||F|||50|]Venusaur||Venusaurite|Chlorophyll|GigaDrain,SludgeBomb,SleepPowder,EarthPower|Modest||M|||50|
|inactive|Battle timer is ON: inactive players will automatically lose when time's up. (requested by Simone1799)
|inactive|AquamarineVGC has 60 seconds left.
|inactive|Simone1799 has 60 seconds left.
|
|t:|1784547846
|teamsize|p1|4
|teamsize|p2|4
|start
|switch|p1a: Archaludon|Archaludon, L50, F|100/100
|switch|p1b: Grimmsnarl|Grimmsnarl, L50, M|100/100
|switch|p2a: Cofagrigus|Cofagrigus, L50, M|100/100
|switch|p2b: Kangaskhan|Kangaskhan, L50, F|100/100
|turn|1
|
|t:|1784547866
|move|p2b: Kangaskhan|Fake Out|p1b: Grimmsnarl
|-damage|p1b: Grimmsnarl|74/100
|cant|p1b: Grimmsnarl|flinch
|move|p1a: Archaludon|Electro Shot||[still]
|-prepare|p1a: Archaludon|Electro Shot
|-boost|p1a: Archaludon|spa|1
|move|p2a: Cofagrigus|Trick Room|p2a: Cofagrigus
|-fieldstart|move: Trick Room|[of] p2a: Cofagrigus
|
|upkeep
|turn|2
|
|t:|1784547879
|move|p1b: Grimmsnarl|Light Screen|p1b: Grimmsnarl
|-sidestart|p1: AquamarineVGC|move: Light Screen
|move|p2a: Cofagrigus|Will-O-Wisp|p1a: Archaludon
|-status|p1a: Archaludon|brn
|move|p2b: Kangaskhan|Last Resort|p1b: Grimmsnarl
|-damage|p1b: Grimmsnarl|0 fnt
|faint|p1b: Grimmsnarl
|move|p1a: Archaludon|Electro Shot|p2a: Cofagrigus|[from] lockedmove
|-damage|p2a: Cofagrigus|41/100
|
|-damage|p1a: Archaludon|93/100 brn|[from] brn
|upkeep
|
|t:|1784547894
|switch|p1b: Pelipper|Pelipper, L50, F|100/100
|-weather|RainDance|[from] ability: Drizzle|[of] p1b: Pelipper
|turn|3
|
|t:|1784547905
|switch|p1b: Glimmora|Glimmora, L50, F|100/100
|move|p2a: Cofagrigus|Shadow Ball|p1b: Glimmora
|-damage|p1b: Glimmora|78/100
|-unboost|p1b: Glimmora|spd|1
|move|p2b: Kangaskhan|Last Resort|p1b: Glimmora
|-resisted|p1b: Glimmora|1
|-damage|p1b: Glimmora|31/100
|-activate|p1b: Glimmora|ability: Toxic Debris
|-sidestart|p2: Simone1799|move: Toxic Spikes
|move|p1a: Archaludon|Dragon Pulse|p2a: Cofagrigus
|-damage|p2a: Cofagrigus|0 fnt
|faint|p2a: Cofagrigus
|
|-weather|RainDance|[upkeep]
|-heal|p1a: Archaludon|100/100 brn|[from] item: Leftovers
|-damage|p1a: Archaludon|93/100 brn|[from] brn
|upkeep
|
|t:|1784547917
|switch|p2a: Venusaur|Venusaur, L50, M|100/100
|-sideend|p2: Simone1799|move: Toxic Spikes|[of] p2a: Venusaur
|turn|4
|
|t:|1784547938
|detailschange|p2a: Venusaur|Venusaur-Mega, L50, M
|-mega|p2a: Venusaur|Venusaur|Venusaurite
|detailschange|p1b: Glimmora|Glimmora-Mega, L50, F
|-mega|p1b: Glimmora|Glimmora|Glimmoranite
|move|p1a: Archaludon|Protect|p1a: Archaludon
|-singleturn|p1a: Archaludon|Protect
|move|p1b: Glimmora|Spiky Shield|p1b: Glimmora
|-singleturn|p1b: Glimmora|move: Protect
|move|p2a: Venusaur|Earth Power|p1a: Archaludon
|-activate|p1a: Archaludon|move: Protect
|move|p2b: Kangaskhan|Last Resort|p1b: Glimmora
|-activate|p1b: Glimmora|move: Protect
|-damage|p2b: Kangaskhan|87/100|[from] Spiky Shield|[of] p1b: Glimmora
|
|-weather|RainDance|[upkeep]
|-heal|p1a: Archaludon|100/100 brn|[from] item: Leftovers
|-damage|p1a: Archaludon|93/100 brn|[from] brn
|upkeep
|turn|5
|
|t:|1784547962
|switch|p1b: Pelipper|Pelipper, L50, F|100/100
|move|p2a: Venusaur|Earth Power|p1b: Pelipper
|-immune|p1b: Pelipper
|move|p2b: Kangaskhan|Last Resort|p1a: Archaludon
|-resisted|p1a: Archaludon|1
|-damage|p1a: Archaludon|68/100 brn
|-ability|p1a: Archaludon|Stamina|boost
|-boost|p1a: Archaludon|def|1
|move|p1a: Archaludon|Dragon Pulse|p2b: Kangaskhan
|-damage|p2b: Kangaskhan|22/100
|
|-weather|RainDance|[upkeep]
|-heal|p1a: Archaludon|75/100 brn|[from] item: Leftovers
|-damage|p1a: Archaludon|68/100 brn|[from] brn
|-fieldend|move: Trick Room
|upkeep
|turn|6
|
|t:|1784547984
|switch|p1b: Glimmora|Glimmora-Mega, L50, F|31/100
|move|p1a: Archaludon|Dragon Pulse|p2b: Kangaskhan
|-damage|p2b: Kangaskhan|0 fnt
|faint|p2b: Kangaskhan
|move|p2a: Venusaur|Earth Power|p1a: Archaludon
|-supereffective|p1a: Archaludon|1
|-damage|p1a: Archaludon|13/100 brn
|-unboost|p1a: Archaludon|spd|1
|-ability|p1a: Archaludon|Stamina|boost
|-boost|p1a: Archaludon|def|1
|
|-weather|RainDance|[upkeep]
|-heal|p1a: Archaludon|19/100 brn|[from] item: Leftovers
|-damage|p1a: Archaludon|13/100 brn|[from] brn
|upkeep
|
|t:|1784547995
|switch|p2b: Golurk|Golurk, L50|100/100
|turn|7
|
|t:|1784548002
|move|p1b: Glimmora|Acid Spray|p2a: Venusaur
|-damage|p2a: Venusaur|76/100
|-unboost|p2a: Venusaur|spd|2
|move|p1a: Archaludon|Dragon Pulse|p2a: Venusaur
|-damage|p2a: Venusaur|0 fnt
|faint|p2a: Venusaur
|move|p2b: Golurk|Headlong Rush|p1a: Archaludon
|-supereffective|p1a: Archaludon|1
|-damage|p1a: Archaludon|0 fnt
|-unboost|p2b: Golurk|def|1
|-unboost|p2b: Golurk|spd|1
|faint|p1a: Archaludon
|
|-weather|none
|upkeep
|
|t:|1784548006
|switch|p1a: Pelipper|Pelipper, L50, F|100/100
|-weather|RainDance|[from] ability: Drizzle|[of] p1a: Pelipper
|turn|8
|-activate|p1a: Pelipper|item: Quick Claw
|
|t:|1784548014
|move|p1a: Pelipper|Weather Ball|p2b: Golurk
|-supereffective|p2b: Golurk|1
|-damage|p2b: Golurk|0 fnt
|faint|p2b: Golurk
|
|win|AquamarineVGC
||Simone1799 is ready for game 2.
