|j|☆noriaki kasai
|j|☆CometaMiedoso97
|html|noriaki kasaiCometaMiedoso97    
|uhtml|bestof|Game 2 of a best-of-3
|t:|1757628439
|gametype|doubles
|player|p1|noriaki kasai|swimmer-gen4dp|1366
|player|p2|CometaMiedoso97|101|1501
|gen|9
|tier|[Gen 9] VGC 2025 Reg H (Bo3)
|rated|
|rule|Species Clause: Limit one of each Pokémon
|rule|Item Clause: Limit 1 of each item
|clearpoke
|poke|p1|Annihilape, L50, F|
|poke|p1|Sinistcha, L50|
|poke|p1|Maushold-Four, L50|
|poke|p1|Klefki, L50, M|
|poke|p1|Ursaluna-Bloodmoon, L50, M|
|poke|p1|Ninetales-Alola, L50, F|
|poke|p2|Dragonite, L50, M|
|poke|p2|Ursaluna-Bloodmoon, L50, M|
|poke|p2|Gholdengo, L50|
|poke|p2|Maushold-Four, L50|
|poke|p2|Annihilape, L50, M|
|poke|p2|Rillaboom, L50, M|
|teampreview|4
|showteam|p1|Annihilape||Leftovers|Defiant|Protect,BulkUp,DrainPunch,RageFist|||F|||50|,,,,,Fire]Sinistcha||SitrusBerry|Hospitality|MatchaGotcha,TrickRoom,LifeDew,RagePowder||||||50|,,,,,Water]Maushold-Four||FocusSash|FriendGuard|FollowMe,Taunt,BeatUp,Protect||||||50|,,,,,Ghost]Klefki||LightClay|Prankster|Reflect,LightScreen,MistyTerrain,DazzlingGleam|||M|||50|,,,,,Ghost]Ursaluna-Bloodmoon||AssaultVest|MindsEye|BloodMoon,HyperVoice,EarthPower,VacuumWave|||M|||50|,,,,,Water]Ninetales-Alola||ChoiceSpecs|SnowWarning|Blizzard,IcyWind,FreezeDry,Moonblast|||F|||50|,,,,,Ghost
|showteam|p2|Dragonite||LoadedDice|Multiscale|ScaleShot,Tailwind,Haze,Protect|||M|||50|,,,,,Steel]Ursaluna-Bloodmoon||AssaultVest|MindsEye|BloodMoon,EarthPower,HyperVoice,VacuumWave|||M|||50|,,,,,Water]Gholdengo||LifeOrb|GoodasGold|MakeItRain,ShadowBall,NastyPlot,Protect||||||50|,,,,,Water]Maushold-Four||FocusSash|FriendGuard|SuperFang,FollowMe,BeatUp,Protect||||||50|,,,,,Ghost]Annihilape||SitrusBerry|Defiant|RageFist,DrainPunch,BulkUp,Protect|||M|||50|,,,,,Fire]Rillaboom||MiracleSeed|GrassySurge|WoodHammer,GrassyGlide,HighHorsepower,FakeOut|||M|||50|,,,,,Fire
|inactive|Battle timer is ON: inactive players will automatically lose when time's up. (requested by noriaki kasai)
|
|t:|1757628453
|teamsize|p1|4
|teamsize|p2|4
|start
|switch|p1a: Annihilape|Annihilape, L50, F, shiny|100/100
|switch|p1b: Maushold|Maushold-Four, L50|100/100
|switch|p2a: Maushold|Maushold-Four, L50|100/100
|switch|p2b: Annihilape|Annihilape, L50, M|100/100
|turn|1
|
|t:|1757628471
|move|p1b: Maushold|Follow Me|p1b: Maushold
|-singleturn|p1b: Maushold|move: Follow Me
|move|p2a: Maushold|Beat Up|p1b: Maushold
|-damage|p1b: Maushold|98/100
|-damage|p1b: Maushold|94/100
|-damage|p1b: Maushold|91/100
|-damage|p1b: Maushold|88/100
|-hitcount|p1b: Maushold|4
|move|p1a: Annihilape|Rage Fist|p2b: Annihilape
|-supereffective|p2b: Annihilape
|-damage|p2b: Annihilape|72/100
|move|p2b: Annihilape|Rage Fist|p1b: Maushold
|-immune|p1b: Maushold
|
|upkeep
|turn|2
|
|t:|1757628494
|move|p1b: Maushold|Beat Up|p1a: Annihilape
|-damage|p1a: Annihilape|99/100
|-damage|p1a: Annihilape|97/100
|-damage|p1a: Annihilape|95/100
|-damage|p1a: Annihilape|93/100
|-hitcount|p1a: Annihilape|4
|move|p2a: Maushold|Beat Up|p2b: Annihilape
|-damage|p2b: Annihilape|70/100
|-damage|p2b: Annihilape|68/100
|-crit|p2b: Annihilape
|-damage|p2b: Annihilape|65/100
|-damage|p2b: Annihilape|63/100
|-hitcount|p2b: Annihilape|4
|move|p2b: Annihilape|Rage Fist|p1a: Annihilape
|-supereffective|p1a: Annihilape
|-damage|p1a: Annihilape|0 fnt
|faint|p1a: Annihilape
|
|upkeep
|
|t:|1757628502
|switch|p1a: Ursaluna|Ursaluna-Bloodmoon, L50, M|100/100
|turn|3
|
|t:|1757628512
|move|p1b: Maushold|Taunt|p2a: Maushold
|-start|p2a: Maushold|move: Taunt
|move|p2a: Maushold|Super Fang|p1a: Ursaluna|[miss]
|-miss|p2a: Maushold|p1a: Ursaluna
|move|p2b: Annihilape|Drain Punch|p1b: Maushold
|-supereffective|p1b: Maushold
|-damage|p1b: Maushold|15/100
|-heal|p2b: Annihilape|90/100|[from] drain|[of] p1b: Maushold
|move|p1a: Ursaluna|Earth Power|p2b: Annihilape
|-crit|p2b: Annihilape
|-damage|p2b: Annihilape|42/100
|-enditem|p2b: Annihilape|Sitrus Berry|[eat]
|-heal|p2b: Annihilape|67/100|[from] item: Sitrus Berry
|
|upkeep
|turn|4
|
|t:|1757628526
|move|p1b: Maushold|Protect|p1b: Maushold
|-singleturn|p1b: Maushold|Protect
|move|p2a: Maushold|Beat Up|p1b: Maushold
|-activate|p1b: Maushold|move: Protect
|move|p2b: Annihilape|Drain Punch|p1a: Ursaluna
|-supereffective|p1a: Ursaluna
|-damage|p1a: Ursaluna|70/100
|-heal|p2b: Annihilape|83/100|[from] drain|[of] p1a: Ursaluna
|move|p1a: Ursaluna|Earth Power|p2b: Annihilape
|-damage|p2b: Annihilape|51/100
|
|upkeep
|turn|5
|
|t:|1757628538
|move|p1b: Maushold|Follow Me|p1b: Maushold
|-singleturn|p1b: Maushold|move: Follow Me
|move|p2a: Maushold|Beat Up|p1b: Maushold
|-damage|p1b: Maushold|12/100
|-damage|p1b: Maushold|9/100
|-damage|p1b: Maushold|6/100
|-damage|p1b: Maushold|4/100
|-hitcount|p1b: Maushold|4
|move|p2b: Annihilape|Drain Punch|p1b: Maushold
|-supereffective|p1b: Maushold
|-damage|p1b: Maushold|0 fnt
|-heal|p2b: Annihilape|53/100|[from] drain|[of] p1b: Maushold
|faint|p1b: Maushold
|move|p1a: Ursaluna|Blood Moon|p2b: Annihilape
|-damage|p2b: Annihilape|4/100
|
|-end|p2a: Maushold|move: Taunt
|upkeep
|
|t:|1757628542
|switch|p1b: Ninetales|Ninetales-Alola, L50, F, shiny|100/100
|-weather|Snowscape|[from] ability: Snow Warning|[of] p1b: Ninetales
|turn|6
|
|t:|1757628560
|move|p2a: Maushold|Super Fang|p1a: Ursaluna
|-damage|p1a: Ursaluna|35/100
|move|p1b: Ninetales|Blizzard|p2b: Annihilape|[spread] p2a,p2b
|-damage|p2a: Maushold|43/100
|-damage|p2b: Annihilape|0 fnt
|faint|p2b: Annihilape
|move|p1a: Ursaluna|Earth Power|p2a: Maushold
|-damage|p2a: Maushold|0 fnt
|faint|p2a: Maushold
|
|-weather|Snowscape|[upkeep]
|upkeep
|
|t:|1757628564
|switch|p2a: Gholdengo|Gholdengo, L50|100/100
|switch|p2b: Ursaluna|Ursaluna-Bloodmoon, L50, M|100/100
|turn|7
|inactive|noriaki kasai has 30 seconds left.
|inactive|noriaki kasai has 20 seconds left.
|
|t:|1757628600
|-terastallize|p2b: Ursaluna|Water
|-terastallize|p1a: Ursaluna|Water
|move|p1b: Ninetales|Blizzard|p2a: Gholdengo|[spread] p2a,p2b
|-resisted|p2a: Gholdengo
|-resisted|p2b: Ursaluna
|-damage|p2a: Gholdengo|74/100
|-damage|p2b: Ursaluna|86/100
|move|p2a: Gholdengo|Make It Rain|p1a: Ursaluna|[spread] p1a,p1b
|-resisted|p1a: Ursaluna
|-supereffective|p1b: Ninetales
|-damage|p1a: Ursaluna|16/100
|-damage|p1b: Ninetales|0 fnt
|-unboost|p2a: Gholdengo|spa|1
|faint|p1b: Ninetales
|-damage|p2a: Gholdengo|64/100|[from] item: Life Orb
|move|p2b: Ursaluna|Hyper Voice|p1a: Ursaluna
|-damage|p1a: Ursaluna|0 fnt
|faint|p1a: Ursaluna
|
|win|CometaMiedoso97
|raw|noriaki kasai's rating: 1366 → 1353(-13 for losing)
|raw|CometaMiedoso97's rating: 1501 → 1514(+13 for winning)
