|j|☆rojo53
|j|☆ikerros2010
|html|rojo53ikerros2010    
|uhtml|bestof|Game 1 of a best-of-3
|t:|1783360065
|gametype|doubles
|player|p1|rojo53|adaman|
|player|p2|ikerros2010|benga|
|gen|9
|tier|[Gen 9 Champions] VGC 2026 Reg M-B (Bo3)
|rule|Species Clause: Limit one of each Pokémon
|rule|Item Clause: Limit 1 of each item
|clearpoke
|poke|p1|Aerodactyl, L50, M|
|poke|p1|Sylveon, L50, F, shiny|
|poke|p1|Charizard, L50, F|
|poke|p1|Kingambit, L50, M, shiny|
|poke|p1|Farigiraf, L50, M, shiny|
|poke|p1|Garchomp, L50, M, shiny|
|poke|p2|Delphox, L50, M|
|poke|p2|Sylveon, L50, F|
|poke|p2|Sneasler, L50, M|
|poke|p2|Incineroar, L50, F|
|poke|p2|Sinistcha-Masterpiece, L50|
|poke|p2|Kingambit, L50, M|
|teampreview|4
|showteam|p1|Aerodactyl||Aerodactylite|Unnerve|RockSlide,DualWingbeat,Tailwind,IceFang|Jolly||M|||50|]Sylveon||FairyFeather|Pixilate|HyperVoice,QuickAttack,HyperBeam,Detect|Modest||F|||50|]Charizard||CharizarditeY|Blaze|HeatWave,WeatherBall,SolarBeam,Protect|Modest||F|||50|]Kingambit||FocusSash|Defiant|KowtowCleave,SuckerPunch,IronHead,LowKick|Adamant||M|||50|]Farigiraf||SitrusBerry|ArmorTail|PsychicFangs,Thunderbolt,TrickRoom,SunnyDay|Relaxed||M|||50|]Garchomp||LifeOrb|RoughSkin|DragonClaw,StompingTantrum,Earthquake,Protect|Jolly||M|||50|
|showteam|p2|Delphox||Delphoxite|Blaze|HeatWave,Psychic,Protect,NastyPlot|Timid||M|||50|]Sylveon||FairyFeather|Pixilate|HyperBeam,HyperVoice,Protect,QuickAttack|Modest||F|||50|]Sneasler||FocusSash|PoisonTouch|CloseCombat,DireClaw,QuickGuard,FakeOut|Jolly||M|||50|]Incineroar||SitrusBerry|Intimidate|FakeOut,DarkestLariat,PartingShot,FlareBlitz|Impish||F|||50|]Sinistcha-Masterpiece||KasibBerry|Hospitality|MatchaGotcha,RagePowder,Protect,TrickRoom|Relaxed|||||50|]Kingambit||BlackGlasses|Defiant|KowtowCleave,SuckerPunch,SwordsDance,Protect|Adamant||M|||50|
|inactive|Battle timer is ON: inactive players will automatically lose when time's up. (requested by ikerros2010)
|inactive|rojo53 has 60 seconds left.
|inactive|ikerros2010 has 60 seconds left.
|inactive|ikerros2010 has 30 seconds left.
|
|t:|1783360139
|teamsize|p1|4
|teamsize|p2|4
|start
|switch|p1a: Kingambit|Kingambit, L50, M, shiny|100/100
|switch|p1b: Charizard|Charizard, L50, F|100/100
|switch|p2a: Incineroar|Incineroar, L50, F|100/100
|switch|p2b: Sylveon|Sylveon, L50, F|100/100
|-ability|p2a: Incineroar|Intimidate|boost
|-unboost|p1a: Kingambit|atk|1
|-ability|p1a: Kingambit|Defiant|boost
|-boost|p1a: Kingambit|atk|2
|-unboost|p1b: Charizard|atk|1
|turn|1
|inactive|rojo53 has 30 seconds left.
|
|t:|1783360165
|detailschange|p1b: Charizard|Charizard-Mega-Y, L50, F
|-mega|p1b: Charizard|Charizard|Charizardite Y
|-weather|SunnyDay|[from] ability: Drought|[of] p1b: Charizard
|move|p2a: Incineroar|Fake Out|p1a: Kingambit
|-resisted|p1a: Kingambit|1
|-damage|p1a: Kingambit|94/100
|move|p1b: Charizard|Weather Ball|p2b: Sylveon
|-damage|p2b: Sylveon|29/100
|cant|p1a: Kingambit|flinch
|move|p2b: Sylveon|Hyper Beam|p1a: Kingambit
|-damage|p1a: Kingambit|0 fnt
|-mustrecharge|p2b: Sylveon
|faint|p1a: Kingambit
|
|-weather|SunnyDay|[upkeep]
|upkeep
|
|t:|1783360175
|switch|p1a: Garchomp|Garchomp, L50, M, shiny|100/100
|turn|2
|
|t:|1783360191
|move|p1a: Garchomp|Earthquake|p2a: Incineroar|[spread] p2a,p2b
|-immune|p1b: Charizard
|-supereffective|p2a: Incineroar|1
|-damage|p2a: Incineroar|29/100
|-damage|p2b: Sylveon|0 fnt
|-enditem|p2a: Incineroar|Sitrus Berry|[eat]
|-heal|p2a: Incineroar|53/100|[from] item: Sitrus Berry
|faint|p2b: Sylveon
|-damage|p1a: Garchomp|90/100|[from] item: Life Orb
|move|p1b: Charizard|Weather Ball|p2a: Incineroar
|-resisted|p2a: Incineroar|1
|-damage|p2a: Incineroar|12/100
|move|p2a: Incineroar|Parting Shot|p1b: Charizard
|-unboost|p1b: Charizard|atk|1
|-unboost|p1b: Charizard|spa|1
|
|t:|1783360210
|switch|p2a: Sneasler|Sneasler, L50, M|100/100|[from] Parting Shot
|
|-weather|SunnyDay|[upkeep]
|upkeep
|
|t:|1783360212
|switch|p2b: Incineroar|Incineroar, L50, F|12/100
|-ability|p2b: Incineroar|Intimidate|boost
|-unboost|p1a: Garchomp|atk|1
|-unboost|p1b: Charizard|atk|1
|turn|3
|
|t:|1783360223
|move|p1a: Garchomp|Protect|p1a: Garchomp
|-singleturn|p1a: Garchomp|Protect
|move|p1b: Charizard|Protect|p1b: Charizard
|-singleturn|p1b: Charizard|Protect
|move|p2a: Sneasler|Fake Out|p1b: Charizard
|-activate|p1b: Charizard|move: Protect
|move|p2b: Incineroar|Fake Out|p1a: Garchomp
|-activate|p1a: Garchomp|move: Protect
|
|-weather|SunnyDay|[upkeep]
|upkeep
|turn|4
|
|t:|1783360233
|move|p2a: Sneasler|Dire Claw|p1b: Charizard
|-damage|p1b: Charizard|60/100
|-status|p1b: Charizard|psn|[from] ability: Poison Touch|[of] p2a: Sneasler
|move|p1a: Garchomp|Earthquake|p2b: Incineroar|[spread] p2a,p2b
|-immune|p1b: Charizard
|-supereffective|p2a: Sneasler|1
|-supereffective|p2b: Incineroar|1
|-enditem|p2a: Sneasler|Focus Sash
|-damage|p2a: Sneasler|1/100
|-damage|p2b: Incineroar|0 fnt
|faint|p2b: Incineroar
|-damage|p1a: Garchomp|80/100|[from] item: Life Orb
|move|p1b: Charizard|Weather Ball|p2a: Sneasler
|-damage|p2a: Sneasler|0 fnt
|faint|p2a: Sneasler
|
|-weather|SunnyDay|[upkeep]
|-damage|p1b: Charizard|48/100 psn|[from] psn
|upkeep
|c|☆rojo53|doble fk es pocho
|c|☆ikerros2010|cage con la laid+
|
|t:|1783360251
|switch|p2a: Delphox|Delphox, L50, M|100/100
|turn|5
|
|t:|1783360270
|detailschange|p2a: Delphox|Delphox-Mega, L50, M
|-mega|p2a: Delphox|Delphox|Delphoxite
|move|p2a: Delphox|Heat Wave|p1a: Garchomp|[spread] p1a,p1b
|-resisted|p1a: Garchomp|1
|-resisted|p1b: Charizard|1
|-damage|p1a: Garchomp|45/100
|-damage|p1b: Charizard|22/100 psn
|-status|p1a: Garchomp|brn
|move|p1a: Garchomp|Dragon Claw|p2a: Delphox
|-damage|p2a: Delphox|77/100
|-damage|p1a: Garchomp|35/100 brn|[from] item: Life Orb
|move|p1b: Charizard|Weather Ball|p2a: Delphox
|-resisted|p2a: Delphox|1
|-damage|p2a: Delphox|49/100
|
|-weather|none
|-damage|p1b: Charizard|10/100 psn|[from] psn
|-damage|p1a: Garchomp|30/100 brn|[from] brn
|upkeep
|turn|6
|
|t:|1783360284
|move|p2a: Delphox|Protect|p2a: Delphox
|-singleturn|p2a: Delphox|Protect
|move|p1a: Garchomp|Dragon Claw|p2a: Delphox
|-activate|p2a: Delphox|move: Protect
|move|p1b: Charizard|Heat Wave|p2a: Delphox
|-activate|p2a: Delphox|move: Protect
|
|-damage|p1b: Charizard|0 fnt|[from] psn
|faint|p1b: Charizard
|-damage|p1a: Garchomp|24/100 brn|[from] brn
|upkeep
|
|t:|1783360286
|switch|p1b: Sylveon|Sylveon, L50, F, shiny|100/100
|turn|7
|
|t:|1783360298
|move|p2a: Delphox|Heat Wave|p1a: Garchomp|[spread] p1a,p1b
|-resisted|p1a: Garchomp|1
|-damage|p1a: Garchomp|2/100 brn
|-damage|p1b: Sylveon|67/100
|move|p1a: Garchomp|Dragon Claw|p2a: Delphox
|-damage|p2a: Delphox|26/100
|-damage|p1a: Garchomp|0 fnt|[from] item: Life Orb
|faint|p1a: Garchomp
|move|p1b: Sylveon|Hyper Beam|p2a: Delphox
|-resisted|p2a: Delphox|1
|-damage|p2a: Delphox|0 fnt
|-mustrecharge|p1b: Sylveon
|faint|p2a: Delphox
|
|win|rojo53
||rojo53 is ready for game 2.
||ikerros2010 is ready for game 2.
|uhtml|next|Next: Game 2 of 3
|l|☆ikerros2010
|player|p2|
