|j|☆Slo-mmo-o
|j|☆Vgcgen
|html|Slo-mmo-oVgcgen    
|uhtml|bestof|Game 2 of a best-of-3
|t:|1756434275
|gametype|doubles
|player|p1|Slo-mmo-o|steven|1000
|player|p2|Vgcgen|266|1061
|gen|9
|tier|[Gen 9] VGC 2025 Reg H (Bo3)
|rated|
|rule|Species Clause: Limit one of each Pokémon
|rule|Item Clause: Limit 1 of each item
|clearpoke
|poke|p1|Kommo-o, L50, F|
|poke|p1|Ninetales-Alola, L50, F|
|poke|p1|Rillaboom, L50, M|
|poke|p1|Electabuzz, L50, M|
|poke|p1|Annihilape, L50, M|
|poke|p1|Kingambit, L50, F|
|poke|p2|Gholdengo, L50|
|poke|p2|Amoonguss, L50, F|
|poke|p2|Basculegion, L50, M|
|poke|p2|Pelipper, L50, M|
|poke|p2|Incineroar, L50, F|
|poke|p2|Archaludon, L50, F|
|teampreview|4
|showteam|p1|Kommo-o||LifeOrb|Soundproof|ClangingScales,AuraSphere,Flamethrower,Protect|||F|||50|,,,,,Fire]Ninetales-Alola||NeverMeltIce|SnowWarning|Blizzard,FreezeDry,Encore,Protect|||F|||50|,,,,,Ice]Rillaboom||AssaultVest|GrassySurge|WoodHammer,GrassyGlide,HighHorsepower,FakeOut|||M|||50|,,,,,Poison]Electabuzz||Eviolite|VitalSpirit|Electroweb,Taunt,FollowMe,Protect|||M|||50|,,,,,Ghost]Annihilape||FocusSash|Defiant|CloseCombat,ShadowClaw,FinalGambit,Uturn|||M|||50|,,,,,Stellar]Kingambit||BlackGlasses|Defiant|KowtowCleave,SuckerPunch,SwordsDance,Protect|||F|||50|,,,,,Dark
|showteam|p2|Gholdengo||LifeOrb|GoodasGold|MakeItRain,ShadowBall,NastyPlot,Protect||||||50|,,,,,Water]Amoonguss||SitrusBerry|Regenerator|Spore,RagePowder,PollenPuff,Protect|||F|||50|,,,,,Psychic]Basculegion||ChoiceBand|SwiftSwim|WaveCrash,FlipTurn,LastRespects,AquaJet|||M|||50|,,,,,Water]Pelipper||FocusSash|Drizzle|WeatherBall,Hurricane,Tailwind,Protect|||M|||50|,,,,,Ground]Incineroar||SafetyGoggles|Intimidate|FlareBlitz,KnockOff,PartingShot,FakeOut|||F|||50|,,,,,Ghost]Archaludon||AssaultVest|Stamina|ElectroShot,FlashCannon,DracoMeteor,BodyPress|||F|||50|,,,,,Bug
|inactive|Battle timer is ON: inactive players will automatically lose when time's up. (requested by Slo-mmo-o)
|
|t:|1756434290
|teamsize|p1|4
|teamsize|p2|4
|start
|switch|p1a: Hobo|Annihilape, L50, M, shiny|100/100
|switch|p1b: Kommodo-Moʻo|Kommo-o, L50, F, shiny|100/100
|switch|p2a: Pelipper|Pelipper, L50, M|100/100
|switch|p2b: Basculegion|Basculegion, L50, M|100/100
|-weather|RainDance|[from] ability: Drizzle|[of] p2a: Pelipper
|turn|1
|
|t:|1756434309
|switch|p1a: Lumi|Ninetales-Alola, L50, F, shiny|100/100
|-weather|Snowscape|[from] ability: Snow Warning|[of] p1a: Lumi
|move|p1b: Kommodo-Moʻo|Clanging Scales|p2b: Basculegion|[spread] p2a,p2b
|-damage|p2a: Pelipper|3/100
|-damage|p2b: Basculegion|47/100
|-unboost|p1b: Kommodo-Moʻo|def|1
|-damage|p1b: Kommodo-Moʻo|91/100|[from] item: Life Orb
|move|p2b: Basculegion|Wave Crash|p1a: Lumi
|-damage|p1a: Lumi|11/100
|-damage|p2b: Basculegion|24/100|[from] Recoil
|move|p2a: Pelipper|Tailwind|p2a: Pelipper
|-sidestart|p2: Vgcgen|move: Tailwind
|
|-weather|Snowscape|[upkeep]
|upkeep
|turn|2
|
|t:|1756434331
|switch|p1a: Queen Goober|Kingambit, L50, F, shiny|100/100
|move|p1b: Kommodo-Moʻo|Protect|p1b: Kommodo-Moʻo
|-singleturn|p1b: Kommodo-Moʻo|Protect
|move|p2b: Basculegion|Wave Crash|p1a: Queen Goober
|-damage|p1a: Queen Goober|43/100
|-damage|p2b: Basculegion|4/100|[from] Recoil
|move|p2a: Pelipper|Weather Ball|p1b: Kommodo-Moʻo
|-activate|p1b: Kommodo-Moʻo|move: Protect
|
|-weather|Snowscape|[upkeep]
|upkeep
|turn|3
|
|t:|1756434351
|switch|p2b: Gholdengo|Gholdengo, L50|100/100
|switch|p2a: Archaludon|Archaludon, L50, F|100/100
|-terastallize|p1b: Kommodo-Moʻo|Fire
|move|p1a: Queen Goober|Sucker Punch||[still]
|-fail|p1a: Queen Goober
|move|p1b: Kommodo-Moʻo|Clanging Scales|p2b: Gholdengo|[spread] p2a,p2b
|-resisted|p2b: Gholdengo
|-damage|p2a: Archaludon|64/100
|-damage|p2b: Gholdengo|74/100
|-ability|p2a: Archaludon|Stamina|boost
|-boost|p2a: Archaludon|def|1
|-unboost|p1b: Kommodo-Moʻo|def|1
|-damage|p1b: Kommodo-Moʻo|82/100|[from] item: Life Orb
|
|-weather|Snowscape|[upkeep]
|upkeep
|turn|4
|inactive|Vgcgen has 30 seconds left.
|
|t:|1756434379
|move|p1b: Kommodo-Moʻo|Protect|p1b: Kommodo-Moʻo
|-singleturn|p1b: Kommodo-Moʻo|Protect
|move|p1a: Queen Goober|Protect|p1a: Queen Goober
|-singleturn|p1a: Queen Goober|Protect
|move|p2b: Gholdengo|Make It Rain|p1a: Queen Goober|[spread] 
|-activate|p1a: Queen Goober|move: Protect
|-activate|p1b: Kommodo-Moʻo|move: Protect
|move|p2a: Archaludon|Electro Shot||[still]
|-prepare|p2a: Archaludon|Electro Shot
|-boost|p2a: Archaludon|spa|1
|
|-weather|Snowscape|[upkeep]
|-sideend|p2: Vgcgen|move: Tailwind
|upkeep
|turn|5
|
|t:|1756434394
|move|p1a: Queen Goober|Sucker Punch|p2b: Gholdengo
|-supereffective|p2b: Gholdengo
|-damage|p2b: Gholdengo|0 fnt
|faint|p2b: Gholdengo
|move|p1b: Kommodo-Moʻo|Aura Sphere|p2a: Archaludon
|-supereffective|p2a: Archaludon
|-damage|p2a: Archaludon|0 fnt
|faint|p2a: Archaludon
|-damage|p1b: Kommodo-Moʻo|72/100|[from] item: Life Orb
|
|-weather|none
|upkeep
|
|t:|1756434401
|switch|p2b: Pelipper|Pelipper, L50, M|3/100
|switch|p2a: Basculegion|Basculegion, L50, M|4/100
|-weather|RainDance|[from] ability: Drizzle|[of] p2b: Pelipper
|turn|6
|-message|Vgcgen forfeited.
|
|win|Slo-mmo-o
|raw|Slo-mmo-o's rating: 1000 → 1047(+47 for winning)
|raw|Vgcgen's rating: 1061 → 1039(-22 for losing)
|l|☆Vgcgen
|player|p2|
