|j|☆reshiee
|j|☆TimtheElephant
|html|reshieeTimtheElephant    
|uhtml|bestof|Game 3 of a best-of-3
|t:|1784495674
|gametype|doubles
|player|p1|reshiee|gwynn|1079
|player|p2|TimtheElephant|169|1095
|gen|9
|tier|[Gen 9 Champions] VGC 2026 Reg M-B (Bo3)
|rated|
|rule|Species Clause: Limit one of each Pokémon
|rule|Item Clause: Limit 1 of each item
|clearpoke
|poke|p1|Charizard, L50, M|
|poke|p1|Venusaur, L50, F|
|poke|p1|Pelipper, L50, F|
|poke|p1|Grimmsnarl, L50, M|
|poke|p1|Basculegion, L50, M|
|poke|p1|Archaludon, L50, M|
|poke|p2|Falinks, L50|
|poke|p2|Gholdengo, L50|
|poke|p2|Venusaur, L50, F|
|poke|p2|Tyranitar, L50, M|
|poke|p2|Milotic, L50, F|
|poke|p2|Aerodactyl, L50, M|
|teampreview|4
|showteam|p1|Charizard||CharizarditeY|Blaze|HeatWave,WeatherBall,SolarBeam,Protect|Modest||M|||50|]Venusaur||FocusSash|Chlorophyll|SludgeBomb,EarthPower,SleepPowder,Protect|Modest||F|||50|]Pelipper||SitrusBerry|Drizzle|Hurricane,WeatherBall,Tailwind,WideGuard|Modest||F|||50|]Grimmsnarl||LightClay|Prankster|SpiritBreak,Reflect,LightScreen,PartingShot|Sassy||M|||50|]Basculegion||ChoiceScarf|Adaptability|WaveCrash,LastRespects,FlipTurn,AquaJet|Jolly||M|||50|]Archaludon||Leftovers|Stamina|DragonPulse,FlashCannon,ElectroShot,Protect|Calm||M|||50|
|showteam|p2|Falinks||Falinksite|Defiant|NoRetreat,CloseCombat,RockSlide,ThroatChop|Adamant|||||50|]Gholdengo||LifeOrb|GoodasGold|MakeItRain,ShadowBall,Protect,NastyPlot|Modest|||||50|]Venusaur||Venusaurite|Overgrow|SludgeBomb,Protect,EarthPower,GigaDrain|Modest||F|||50|]Tyranitar||ChopleBerry|SandStream|RockSlide,KnockOff,LowKick,Protect|Adamant||M|||50|]Milotic||Leftovers|Competitive|Coil,MuddyWater,Hypnosis,Recover|Bold||F|||50|]Aerodactyl||FocusSash|Unnerve|RockSlide,Tailwind,WideGuard,IceFang|Jolly||M|||50|
|
|t:|1784495698
|teamsize|p1|4
|teamsize|p2|4
|start
|switch|p1a: Grimmsnarl|Grimmsnarl, L50, M|100/100
|switch|p1b: Archaludon|Archaludon, L50, M|100/100
|switch|p2a: Falinks|Falinks, L50|100/100
|switch|p2b: Aerodactyl|Aerodactyl, L50, M|100/100
|-ability|p2b: Aerodactyl|Unnerve
|turn|1
|
|t:|1784495718
|move|p1b: Archaludon|Protect|p1b: Archaludon
|-singleturn|p1b: Archaludon|Protect
|move|p1a: Grimmsnarl|Reflect|p1a: Grimmsnarl
|-sidestart|p1: reshiee|Reflect
|move|p2b: Aerodactyl|Tailwind|p2b: Aerodactyl
|-sidestart|p2: TimtheElephant|move: Tailwind
|move|p2a: Falinks|No Retreat|p2a: Falinks
|-boost|p2a: Falinks|atk|1
|-boost|p2a: Falinks|def|1
|-boost|p2a: Falinks|spa|1
|-boost|p2a: Falinks|spd|1
|-boost|p2a: Falinks|spe|1
|-start|p2a: Falinks|move: No Retreat
|
|upkeep
|turn|2
|
|t:|1784495756
|move|p1a: Grimmsnarl|Parting Shot|p2a: Falinks
|-unboost|p2a: Falinks|atk|1
|-ability|p2a: Falinks|Defiant|boost
|-boost|p2a: Falinks|atk|2
|-unboost|p2a: Falinks|spa|1
|-ability|p2a: Falinks|Defiant|boost
|-boost|p2a: Falinks|atk|2
|
|t:|1784495765
|switch|p1a: Pelipper|Pelipper, L50, F|100/100|[from] Parting Shot
|-weather|RainDance|[from] ability: Drizzle|[of] p1a: Pelipper
|move|p2b: Aerodactyl|Rock Slide|p1a: Pelipper|[spread] p1a,p1b
|-supereffective|p1a: Pelipper|1
|-resisted|p1b: Archaludon|1
|-damage|p1a: Pelipper|64/100
|-damage|p1b: Archaludon|93/100
|-ability|p1b: Archaludon|Stamina|boost
|-boost|p1b: Archaludon|def|1
|move|p2a: Falinks|Close Combat|p1b: Archaludon
|-supereffective|p1b: Archaludon|1
|-crit|p1b: Archaludon
|-damage|p1b: Archaludon|0 fnt
|-unboost|p2a: Falinks|def|1
|-unboost|p2a: Falinks|spd|1
|faint|p1b: Archaludon
|
|-weather|RainDance|[upkeep]
|upkeep
|c|☆reshiee|oop im dumb
|
|t:|1784495782
|switch|p1b: Charizard|Charizard, L50, M|100/100
|turn|3
|
|t:|1784495798
|detailschange|p1b: Charizard|Charizard-Mega-Y, L50, M
|-mega|p1b: Charizard|Charizard|Charizardite Y
|-weather|SunnyDay|[from] ability: Drought|[of] p1b: Charizard
|move|p1a: Pelipper|Wide Guard|p1a: Pelipper
|-singleturn|p1a: Pelipper|Wide Guard
|move|p2b: Aerodactyl|Rock Slide|p1a: Pelipper|[spread] 
|-activate|p1a: Pelipper|move: Wide Guard
|-activate|p1b: Charizard|move: Wide Guard
|move|p2a: Falinks|Throat Chop|p1b: Charizard
|-damage|p1b: Charizard|54/100
|-start|p1b: Charizard|Throat Chop|[silent]
|move|p1b: Charizard|Heat Wave|p2b: Aerodactyl|[spread] p2a,p2b
|-resisted|p2b: Aerodactyl|1
|-damage|p2a: Falinks|0 fnt
|-damage|p2b: Aerodactyl|52/100
|faint|p2a: Falinks
|
|-weather|SunnyDay|[upkeep]
|upkeep
|
|t:|1784495818
|switch|p2a: Tyranitar|Tyranitar, L50, M|100/100
|-weather|Sandstorm|[from] ability: Sand Stream|[of] p2a: Tyranitar
|turn|4
|
|t:|1784495830
|switch|p1a: Grimmsnarl|Grimmsnarl, L50, M|100/100
|move|p1b: Charizard|Protect|p1b: Charizard
|-singleturn|p1b: Charizard|Protect
|move|p2b: Aerodactyl|Wide Guard|p2b: Aerodactyl
|-singleturn|p2b: Aerodactyl|Wide Guard
|move|p2a: Tyranitar|Knock Off|p1b: Charizard
|-activate|p1b: Charizard|move: Protect
|
|-weather|Sandstorm|[upkeep]
|-damage|p1b: Charizard|48/100|[from] Sandstorm
|-damage|p1a: Grimmsnarl|94/100|[from] Sandstorm
|-end|p1b: Charizard|Throat Chop|[silent]
|-sideend|p2: TimtheElephant|move: Tailwind
|upkeep
|turn|5
|
|t:|1784495858
|switch|p1b: Pelipper|Pelipper, L50, F|64/100
|-weather|RainDance|[from] ability: Drizzle|[of] p1b: Pelipper
|move|p2b: Aerodactyl|Rock Slide|p1b: Pelipper|[spread] p1a
|-miss|p2b: Aerodactyl|p1b: Pelipper
|-damage|p1a: Grimmsnarl|77/100
|move|p2a: Tyranitar|Rock Slide|p1a: Grimmsnarl|[spread] p1a
|-miss|p2a: Tyranitar|p1b: Pelipper
|-damage|p1a: Grimmsnarl|55/100
|cant|p1a: Grimmsnarl|flinch
|
|-weather|RainDance|[upkeep]
|upkeep
|turn|6
|
|t:|1784495882
|switch|p2a: Milotic|Milotic, L50, F|100/100
|move|p1b: Pelipper|Wide Guard|p1b: Pelipper
|-singleturn|p1b: Pelipper|Wide Guard
|move|p2b: Aerodactyl|Tailwind|p2b: Aerodactyl
|-sidestart|p2: TimtheElephant|move: Tailwind
|move|p1a: Grimmsnarl|Spirit Break|p2a: Milotic
|-damage|p2a: Milotic|78/100
|-unboost|p2a: Milotic|spa|1
|-ability|p2a: Milotic|Competitive|boost
|-boost|p2a: Milotic|spa|2
|
|-weather|RainDance|[upkeep]
|-heal|p2a: Milotic|84/100|[from] item: Leftovers
|upkeep
|turn|7
|
|t:|1784495911
|move|p1a: Grimmsnarl|Parting Shot|p2b: Aerodactyl
|-unboost|p2b: Aerodactyl|atk|1
|-unboost|p2b: Aerodactyl|spa|1
|
|t:|1784495915
|switch|p1a: Charizard|Charizard-Mega-Y, L50, M|48/100|[from] Parting Shot
|-weather|SunnyDay|[from] ability: Drought|[of] p1a: Charizard
|move|p2b: Aerodactyl|Rock Slide|p1b: Pelipper|[spread] p1a,p1b
|-supereffective|p1a: Charizard|2
|-supereffective|p1b: Pelipper|1
|-damage|p1a: Charizard|4/100
|-damage|p1b: Pelipper|42/100
|move|p2a: Milotic|Hypnosis|p1a: Charizard|[miss]
|-miss|p2a: Milotic|p1a: Charizard
|move|p1b: Pelipper|Hurricane|p2a: Milotic
|-damage|p2a: Milotic|55/100
|
|-weather|SunnyDay|[upkeep]
|-heal|p2a: Milotic|61/100|[from] item: Leftovers
|upkeep
|turn|8
|
|t:|1784495936
|move|p2b: Aerodactyl|Wide Guard|p2b: Aerodactyl
|-singleturn|p2b: Aerodactyl|Wide Guard
|move|p1b: Pelipper|Wide Guard|p1b: Pelipper
|-singleturn|p1b: Pelipper|Wide Guard
|move|p2a: Milotic|Muddy Water|p1a: Charizard|[spread] 
|-activate|p1a: Charizard|move: Wide Guard
|-activate|p1b: Pelipper|move: Wide Guard
|move|p1a: Charizard|Solar Beam||[still]
|-prepare|p1a: Charizard|Solar Beam
|-anim|p1a: Charizard|Solar Beam|p2a: Milotic
|-supereffective|p2a: Milotic|1
|-damage|p2a: Milotic|1/100
|
|-weather|SunnyDay|[upkeep]
|-heal|p2a: Milotic|6/100|[from] item: Leftovers
|-sideend|p1: reshiee|Reflect
|upkeep
|turn|9
|
|t:|1784495970
|move|p1b: Pelipper|Wide Guard|p1b: Pelipper
|-singleturn|p1b: Pelipper|Wide Guard
|move|p2b: Aerodactyl|Rock Slide|p1a: Charizard|[spread] 
|-activate|p1a: Charizard|move: Wide Guard
|-activate|p1b: Pelipper|move: Wide Guard
|move|p2a: Milotic|Muddy Water|p1b: Pelipper|[spread] 
|-activate|p1a: Charizard|move: Wide Guard
|-activate|p1b: Pelipper|move: Wide Guard
|move|p1a: Charizard|Weather Ball|p2b: Aerodactyl
|-resisted|p2b: Aerodactyl|1
|-damage|p2b: Aerodactyl|0 fnt
|-enditem|p1b: Pelipper|Sitrus Berry|[eat]
|-heal|p1b: Pelipper|67/100|[from] item: Sitrus Berry
|faint|p2b: Aerodactyl
|
|-weather|SunnyDay|[upkeep]
|-heal|p2a: Milotic|12/100|[from] item: Leftovers
|-sideend|p2: TimtheElephant|move: Tailwind
|upkeep
|
|t:|1784495990
|switch|p2b: Tyranitar|Tyranitar, L50, M|100/100
|-weather|Sandstorm|[from] ability: Sand Stream|[of] p2b: Tyranitar
|turn|10
|
|t:|1784496008
|move|p2b: Tyranitar|Protect|p2b: Tyranitar
|-singleturn|p2b: Tyranitar|Protect
|move|p1b: Pelipper|Wide Guard|p1b: Pelipper
|-singleturn|p1b: Pelipper|Wide Guard
|move|p1a: Charizard|Heat Wave|p2a: Milotic|[spread] 
|-activate|p2b: Tyranitar|move: Protect
|-miss|p1a: Charizard|p2a: Milotic
|move|p2a: Milotic|Recover|p2a: Milotic
|-heal|p2a: Milotic|62/100
|
|-weather|Sandstorm|[upkeep]
|-damage|p1a: Charizard|0 fnt|[from] Sandstorm
|-damage|p2a: Milotic|56/100|[from] Sandstorm
|-damage|p1b: Pelipper|61/100|[from] Sandstorm
|faint|p1a: Charizard
|-heal|p2a: Milotic|62/100|[from] item: Leftovers
|upkeep
|
|t:|1784496023
|switch|p1a: Grimmsnarl|Grimmsnarl, L50, M|55/100
|turn|11
|
|t:|1784496065
|move|p2b: Tyranitar|Knock Off|p1b: Pelipper
|-damage|p1b: Pelipper|19/100
|move|p2a: Milotic|Coil|p2a: Milotic
|-boost|p2a: Milotic|atk|1
|-boost|p2a: Milotic|def|1
|-boost|p2a: Milotic|accuracy|1
|move|p1b: Pelipper|Weather Ball|p2b: Tyranitar
|-damage|p2b: Tyranitar|84/100
|move|p1a: Grimmsnarl|Spirit Break|p2b: Tyranitar
|-supereffective|p2b: Tyranitar|1
|-damage|p2b: Tyranitar|28/100
|-unboost|p2b: Tyranitar|spa|1
|
|-weather|Sandstorm|[upkeep]
|-damage|p2a: Milotic|56/100|[from] Sandstorm
|-damage|p1b: Pelipper|13/100|[from] Sandstorm
|-damage|p1a: Grimmsnarl|50/100y|[from] Sandstorm
|-heal|p2a: Milotic|62/100|[from] item: Leftovers
|upkeep
|turn|12
|
|t:|1784496087
|move|p1b: Pelipper|Wide Guard|p1b: Pelipper
|-singleturn|p1b: Pelipper|Wide Guard
|move|p2b: Tyranitar|Low Kick|p1a: Grimmsnarl
|-damage|p1a: Grimmsnarl|19/100
|move|p2a: Milotic|Muddy Water|p1b: Pelipper|[spread] 
|-activate|p1a: Grimmsnarl|move: Wide Guard
|-activate|p1b: Pelipper|move: Wide Guard
|move|p1a: Grimmsnarl|Spirit Break|p2b: Tyranitar
|-supereffective|p2b: Tyranitar|1
|-damage|p2b: Tyranitar|0 fnt
|faint|p2b: Tyranitar
|
|-weather|Sandstorm|[upkeep]
|-damage|p2a: Milotic|56/100|[from] Sandstorm
|-damage|p1b: Pelipper|7/100|[from] Sandstorm
|-damage|p1a: Grimmsnarl|13/100|[from] Sandstorm
|-heal|p2a: Milotic|62/100|[from] item: Leftovers
|upkeep
|turn|13
|
|t:|1784496117
|move|p1b: Pelipper|Wide Guard|p1b: Pelipper
|-singleturn|p1b: Pelipper|Wide Guard
|move|p2a: Milotic|Hypnosis|p1b: Pelipper
|-status|p1b: Pelipper|slp|[from] move: Hypnosis
|move|p1a: Grimmsnarl|Spirit Break|p2a: Milotic
|-damage|p2a: Milotic|47/100
|-unboost|p2a: Milotic|spa|1
|-ability|p2a: Milotic|Competitive|boost
|-boost|p2a: Milotic|spa|2
|
|-weather|Sandstorm|[upkeep]
|-damage|p2a: Milotic|41/100|[from] Sandstorm
|-damage|p1b: Pelipper|1/100 slp|[from] Sandstorm
|-damage|p1a: Grimmsnarl|7/100|[from] Sandstorm
|-heal|p2a: Milotic|47/100|[from] item: Leftovers
|upkeep
|turn|14
|
|t:|1784496138
|cant|p1b: Pelipper|slp
|move|p2a: Milotic|Muddy Water|p1a: Grimmsnarl|[spread] p1a,p1b
|-resisted|p1b: Pelipper|1
|-damage|p1a: Grimmsnarl|0 fnt
|-damage|p1b: Pelipper|0 fnt
|faint|p1a: Grimmsnarl
|faint|p1b: Pelipper
|
|win|TimtheElephant
|raw|reshiee's rating: 1079 → 1058(-21 for losing)
|raw|TimtheElephant's rating: 1095 → 1120(+25 for winning)
|c|☆reshiee|gg
