|j|☆homerj71
|j|☆mocha gob
|html|homerj71mocha gob    
|uhtml|bestof|Game 2 of a best-of-3
|t:|1785862622
|gametype|doubles
|player|p1|homerj71|266|1196
|player|p2|mocha gob|hiker|1177
|gen|9
|tier|[Gen 9 Champions] VGC 2026 Reg M-B (Bo3)
|rated|
|rule|Species Clause: Limit one of each Pokémon
|rule|Item Clause: Limit 1 of each item
|clearpoke
|poke|p1|Tyranitar, L50, M|
|poke|p1|Staraptor, L50, F|
|poke|p1|Gholdengo, L50|
|poke|p1|Excadrill, L50, F|
|poke|p1|Sinistcha, L50|
|poke|p1|Milotic, L50, M|
|poke|p2|Glimmora, L50, F|
|poke|p2|Staraptor, L50, M|
|poke|p2|Whimsicott, L50, M|
|poke|p2|Weavile, L50, F|
|poke|p2|Incineroar, L50, F|
|poke|p2|Venusaur, L50, F|
|teampreview|4
|showteam|p1|Tyranitar||Tyranitarite|SandStream|KnockOff,RockSlide,Protect,LowKick|Jolly||M|||50|]Staraptor||Staraptite|Intimidate|DualWingbeat,CloseCombat,Protect,Tailwind|Jolly||F|||50|]Gholdengo||LifeOrb|GoodasGold|MakeItRain,NastyPlot,Protect,ShadowBall|Timid|||||50|]Excadrill||FocusSash|SandRush|HighHorsepower,IronHead,RockSlide,Protect|Adamant||F|||50|]Sinistcha||SitrusBerry|Hospitality|MatchaGotcha,RagePowder,ShadowBall,Protect|Calm|||||50|]Milotic||Leftovers|Competitive|Scald,IcyWind,Protect,IceBeam|Modest||M|||50|
|showteam|p2|Glimmora||Glimmoranite|ToxicDebris|PowerGem,EarthPower,SludgeBomb,SpikyShield|Modest||F|||50|]Staraptor||Staraptite|Intimidate|CloseCombat,BraveBird,Roost,Protect|Adamant||M|||50|]Whimsicott||MentalHerb|Prankster|Tailwind,SunnyDay,Moonblast,Charm|Bold||M|||50|]Weavile||FocusSash|Pressure|FakeOut,IceSpinner,KnockOff,IceShard|Jolly||F|||50|]Incineroar||SitrusBerry|Intimidate|FakeOut,FlareBlitz,DarkestLariat,PartingShot|Adamant||F|||50|]Venusaur||LifeOrb|Chlorophyll|EnergyBall,WeatherBall,SleepPowder,Protect|Modest||F|||50|
|inactive|Battle timer is ON: inactive players will automatically lose when time's up. (requested by homerj71)
|inactive|mocha gob also wants the timer to be on.
|
|t:|1785862635
|teamsize|p1|4
|teamsize|p2|4
|start
|switch|p1a: Staraptor|Staraptor, L50, F|100/100
|switch|p1b: Milotic|Milotic, L50, M|100/100
|switch|p2a: Venusaur|Venusaur, L50, F|100/100
|switch|p2b: Whimsicott|Whimsicott, L50, M|100/100
|-ability|p1a: Staraptor|Intimidate|boost
|-unboost|p2a: Venusaur|atk|1
|-unboost|p2b: Whimsicott|atk|1
|turn|1
|
|t:|1785862646
|detailschange|p1a: Staraptor|Staraptor-Mega, L50, F
|-mega|p1a: Staraptor|Staraptor|Staraptite
|move|p2b: Whimsicott|Sunny Day|p2b: Whimsicott
|-weather|SunnyDay
|move|p2a: Venusaur|Weather Ball|p1a: Staraptor
|-damage|p1a: Staraptor|27/100
|-damage|p2a: Venusaur|90/100|[from] item: Life Orb
|move|p1a: Staraptor|Dual Wingbeat|p2a: Venusaur
|-supereffective|p2a: Venusaur|1
|-damage|p2a: Venusaur|44/100
|-supereffective|p2a: Venusaur|1
|-damage|p2a: Venusaur|0 fnt
|faint|p2a: Venusaur
|-hitcount|p2: Venusaur|2
|move|p1b: Milotic|Icy Wind|p2b: Whimsicott
|-supereffective|p2b: Whimsicott|1
|-damage|p2b: Whimsicott|58/100
|-unboost|p2b: Whimsicott|spe|1
|
|-weather|SunnyDay|[upkeep]
|upkeep
|
|t:|1785862657
|switch|p2a: Weavile|Weavile, L50, F|100/100
|-ability|p2a: Weavile|Pressure
|turn|2
|
|t:|1785862669
|switch|p1a: Tyranitar|Tyranitar, L50, M|100/100
|-weather|Sandstorm|[from] ability: Sand Stream|[of] p1a: Tyranitar
|move|p2a: Weavile|Fake Out|p1a: Tyranitar
|-resisted|p1a: Tyranitar|1
|-damage|p1a: Tyranitar|93/100
|move|p1b: Milotic|Scald|p2a: Weavile
|-damage|p2a: Weavile|51/100
|move|p2b: Whimsicott|Moonblast|p1a: Tyranitar
|-supereffective|p1a: Tyranitar|1
|-damage|p1a: Tyranitar|50/100g
|
|-weather|Sandstorm|[upkeep]
|-damage|p2a: Weavile|44/100|[from] Sandstorm
|-damage|p1b: Milotic|94/100|[from] Sandstorm
|-damage|p2b: Whimsicott|52/100|[from] Sandstorm
|-heal|p1b: Milotic|100/100|[from] item: Leftovers
|upkeep
|turn|3
|
|t:|1785862690
|move|p2b: Whimsicott|Tailwind|p2b: Whimsicott
|-sidestart|p2: mocha gob|move: Tailwind
|move|p2a: Weavile|Knock Off|p1b: Milotic
|-damage|p1b: Milotic|53/100
|-enditem|p1b: Milotic|Leftovers|[from] move: Knock Off|[of] p2a: Weavile
|move|p1a: Tyranitar|Low Kick|p2a: Weavile
|-supereffective|p2a: Weavile|2
|-damage|p2a: Weavile|0 fnt
|faint|p2a: Weavile
|move|p1b: Milotic|Ice Beam|p2b: Whimsicott
|-supereffective|p2b: Whimsicott|1
|-damage|p2b: Whimsicott|0 fnt
|faint|p2b: Whimsicott
|
|-weather|Sandstorm|[upkeep]
|-damage|p1b: Milotic|48/100|[from] Sandstorm
|upkeep
|
|t:|1785862698
|switch|p2b: Staraptor|Staraptor, L50, M|100/100
|-ability|p2b: Staraptor|Intimidate|boost
|-unboost|p1a: Tyranitar|atk|1
|-unboost|p1b: Milotic|atk|1
|-ability|p1b: Milotic|Competitive|boost
|-boost|p1b: Milotic|spa|2
|turn|4
|
|t:|1785862702
|detailschange|p2b: Staraptor|Staraptor-Mega, L50, M
|-mega|p2b: Staraptor|Staraptor|Staraptite
|move|p2b: Staraptor|Close Combat|p1b: Milotic
|-damage|p1b: Milotic|0 fnt
|-boost|p2b: Staraptor|def|1
|-boost|p2b: Staraptor|spd|1
|faint|p1b: Milotic
|move|p1a: Tyranitar|Rock Slide|p2b: Staraptor|[miss]
|-miss|p1a: Tyranitar|p2b: Staraptor
|
|-weather|Sandstorm|[upkeep]
|-damage|p2b: Staraptor|93/100|[from] Sandstorm
|upkeep
|
|t:|1785862713
|switch|p1b: Gholdengo|Gholdengo, L50|100/100
|turn|5
|
|t:|1785862728
|move|p2b: Staraptor|Brave Bird|p1b: Gholdengo
|-resisted|p1b: Gholdengo|1
|-damage|p1b: Gholdengo|64/100
|-damage|p2b: Staraptor|82/100|[from] Recoil
|move|p1b: Gholdengo|Nasty Plot|p1b: Gholdengo
|-boost|p1b: Gholdengo|spa|2
|move|p1a: Tyranitar|Knock Off|p2b: Staraptor
|-resisted|p2b: Staraptor|1
|-damage|p2b: Staraptor|75/100
|
|-weather|Sandstorm|[upkeep]
|-damage|p2b: Staraptor|69/100|[from] Sandstorm
|upkeep
|turn|6
|
|t:|1785862739
|move|p2b: Staraptor|Close Combat|p1a: Tyranitar
|-supereffective|p1a: Tyranitar|2
|-damage|p1a: Tyranitar|0 fnt
|-boost|p2b: Staraptor|def|1
|-boost|p2b: Staraptor|spd|1
|faint|p1a: Tyranitar
|move|p1b: Gholdengo|Shadow Ball|p2b: Staraptor
|-damage|p2b: Staraptor|14/100
|-boost|p2b: Staraptor|spd|1
|-damage|p1b: Gholdengo|54/100|[from] item: Life Orb
|
|-weather|none
|-sideend|p2: mocha gob|move: Tailwind
|upkeep
|
|t:|1785862746
|switch|p1a: Staraptor|Staraptor-Mega, L50, F|27/100
|turn|7
|
|t:|1785862749
|move|p1a: Staraptor|Close Combat|p2b: Staraptor
|-resisted|p2b: Staraptor|1
|-crit|p2b: Staraptor
|-damage|p2b: Staraptor|0 fnt
|-boost|p1a: Staraptor|def|1
|-boost|p1a: Staraptor|spd|1
|faint|p2b: Staraptor
|
|win|homerj71
|raw|homerj71's rating: 1196 → 1220(+24 for winning)
|raw|mocha gob's rating: 1177 → 1153(-24 for losing)
