|j|Ōśåscottyb04
|j|ŌśåNorthgdh
|html|scottyb04Northgdh    
|uhtml|bestof|Game 2 of a best-of-3
|t:|1783953744
|gametype|doubles
|player|p1|scottyb04|2|1300
|player|p2|Northgdh|102|1281
|gen|9
|tier|[Gen 9 Champions] VGC 2026 Reg M-B (Bo3)
|rated|
|rule|Species Clause: Limit one of each Pok├®mon
|rule|Item Clause: Limit 1 of each item
|clearpoke
|poke|p1|Raichu, L50, M|
|poke|p1|Gyarados, L50, F|
|poke|p1|Mamoswine, L50, F|
|poke|p1|Ceruledge, L50, F|
|poke|p1|Clefable, L50, F|
|poke|p1|Kingambit, L50, M|
|poke|p2|Incineroar, L50, M, shiny|
|poke|p2|Delphox, L50, F, shiny|
|poke|p2|Sinistcha, L50|
|poke|p2|Kingambit, L50, M, shiny|
|poke|p2|Blastoise, L50, M, shiny|
|poke|p2|Sneasler, L50, M|
|teampreview|4
|showteam|p1|Raichu||RaichuniteY|LightningRod|ZapCannon,FocusBlast,FakeOut,Protect|Timid||M|||50|]Gyarados||Gyaradosite|Intimidate|Waterfall,PowerWhip,DragonDance,Protect|Adamant||F|||50|]Mamoswine||LifeOrb|Oblivious|HighHorsepower,IceShard,IcicleCrash,Protect|Jolly||F|||50|]Ceruledge||ColburBerry|FlashFire|BitterBlade,ShadowSneak,BulkUp,Protect|Adamant||F|||50|]Clefable||SitrusBerry|Unaware|Moonblast,FollowMe,HelpingHand,Protect|Bold||F|||50|]Kingambit||FocusSash|Defiant|IronHead,KowtowCleave,SuckerPunch,LowKick|Adamant||M|||50|
|showteam|p2|Incineroar||SitrusBerry|Intimidate|FlareBlitz,FakeOut,HelpingHand,PartingShot|Impish||M|||50|]Delphox||Delphoxite|Blaze|HeatWave,Psychic,NastyPlot,Protect|Timid||F|||50|]Sinistcha||KasibBerry|Hospitality|MatchaGotcha,RagePowder,LifeDew,Protect|Bold|||||50|]Kingambit||LifeOrb|Defiant|KowtowCleave,SuckerPunch,SwordsDance,Protect|Adamant||M|||50|]Blastoise||Blastoisinite|RainDish|WaterSpout,DarkPulse,ShellSmash,Protect|Modest||M|||50|]Sneasler||FocusSash|PoisonTouch|CloseCombat,PoisonJab,FakeOut,QuickGuard|Jolly||M|||50|
|inactive|Battle timer is ON: inactive players will automatically lose when time's up. (requested by Northgdh)
|
|t:|1783953754
|teamsize|p1|4
|teamsize|p2|4
|start
|switch|p1a: Raichu|Raichu, L50, M|100/100
|switch|p1b: Gyarados|Gyarados, L50, F|100/100
|switch|p2a: begged|Blastoise, L50, M, shiny|100/100
|switch|p2b: honeybee|Sneasler, L50, M|100/100
|-ability|p1b: Gyarados|Intimidate|boost
|-unboost|p2a: begged|atk|1
|-unboost|p2b: honeybee|atk|1
|turn|1
|
|t:|1783953769
|detailschange|p1a: Raichu|Raichu-Mega-Y, L50, M
|-mega|p1a: Raichu|Raichu|Raichunite Y
|detailschange|p2a: begged|Blastoise-Mega, L50, M, shiny
|-mega|p2a: begged|Blastoise|Blastoisinite
|move|p2b: honeybee|Fake Out|p1a: Raichu
|-damage|p1a: Raichu|88/100
|cant|p1a: Raichu|flinch
|move|p1b: Gyarados|Waterfall|p2b: honeybee
|-damage|p2b: honeybee|30/100
|move|p2a: begged|Shell Smash|p2a: begged
|-unboost|p2a: begged|def|1
|-unboost|p2a: begged|spd|1
|-boost|p2a: begged|atk|2
|-boost|p2a: begged|spa|2
|-boost|p2a: begged|spe|2
|
|upkeep
|turn|2
|
|t:|1783953789
|move|p2a: begged|Water Spout|p1b: Gyarados|[spread] p1a,p1b
|-resisted|p1b: Gyarados|1
|-damage|p1a: Raichu|0 fnt
|-damage|p1b: Gyarados|39/100
|faint|p1a: Raichu
|move|p2b: honeybee|Poison Jab|p1b: Gyarados
|-damage|p1b: Gyarados|7/100
|move|p1b: Gyarados|Power Whip|p2a: begged
|-supereffective|p2a: begged|1
|-damage|p2a: begged|0 fnt
|faint|p2a: begged
|
|upkeep
|c|ŌśåNorthgdh|Oh wow
|c|ŌśåNorthgdh|guess I shouldŌĆÖve swapped
|c|ŌśåNorthgdh|good to know
|c|Ōśåscottyb04|thought he was gone
|c|ŌśåNorthgdh|Same
|inactive|Northgdh has 30 seconds left.
|
|t:|1783953817
|switch|p1a: Kingambit|Kingambit, L50, M|100/100
|switch|p2a: the cure|Sinistcha, L50|100/100
|-heal|p2b: honeybee|54/100|[from] ability: Hospitality|[of] p2a: the cure
|turn|3
|
|t:|1783953827
|move|p2b: honeybee|Close Combat|p1a: Kingambit
|-supereffective|p1a: Kingambit|2
|-enditem|p1a: Kingambit|Focus Sash
|-damage|p1a: Kingambit|1/100
|-unboost|p2b: honeybee|def|1
|-unboost|p2b: honeybee|spd|1
|move|p1b: Gyarados|Dragon Dance|p1b: Gyarados
|-boost|p1b: Gyarados|atk|1
|-boost|p1b: Gyarados|spe|1
|move|p1a: Kingambit|Kowtow Cleave|p2a: the cure
|-supereffective|p2a: the cure|1
|-damage|p2a: the cure|25/100
|move|p2a: the cure|Matcha Gotcha|p1a: Kingambit|[spread] p1a
|-miss|p2a: the cure|p1b: Gyarados
|-resisted|p1a: Kingambit|1
|-damage|p1a: Kingambit|0 fnt
|-heal|p2a: the cure|26/100|[from] drain|[of] p1a: Kingambit
|faint|p1a: Kingambit
|
|upkeep
|c|ŌśåNorthgdh|Ofc it missed lmfao
|c|Ōśåscottyb04|so lucky haha
|
|t:|1783953847
|switch|p1a: Ceruledge|Ceruledge, L50, F|100/100
|turn|4
|c|ŌśåNorthgdh|thatŌĆÖs my 85 accuracy hahaha
|
|t:|1783953854
|move|p2a: the cure|Rage Powder|p2a: the cure
|-singleturn|p2a: the cure|move: Rage Powder
|move|p1a: Ceruledge|Shadow Sneak|p2a: the cure
|-supereffective|p2a: the cure|1
|-enditem|p2a: the cure|Kasib Berry|[eat]
|-enditem|p2a: the cure|Kasib Berry|[weaken]
|-damage|p2a: the cure|9/100
|move|p1b: Gyarados|Waterfall|p2a: the cure
|-resisted|p2a: the cure|1
|-damage|p2a: the cure|0 fnt
|faint|p2a: the cure
|move|p2b: honeybee|Poison Jab|p1a: Ceruledge
|-resisted|p1a: Ceruledge|1
|-damage|p1a: Ceruledge|85/100
|
|upkeep
|
|t:|1783953860
|switch|p2a: stupid song|Incineroar, L50, M, shiny|100/100
|-ability|p2a: stupid song|Intimidate|boost
|-unboost|p1a: Ceruledge|atk|1
|-unboost|p1b: Gyarados|atk|1
|turn|5
|
|t:|1783953873
|move|p1b: Gyarados|Protect|p1b: Gyarados
|-singleturn|p1b: Gyarados|Protect
|move|p2a: stupid song|Fake Out|p1b: Gyarados
|-activate|p1b: Gyarados|move: Protect
|move|p2b: honeybee|Poison Jab|p1a: Ceruledge
|-resisted|p1a: Ceruledge|1
|-damage|p1a: Ceruledge|70/100
|-status|p1a: Ceruledge|psn|[from] ability: Poison Touch|[of] p2b: honeybee
|move|p1a: Ceruledge|Bitter Blade|p2b: honeybee
|-damage|p2b: honeybee|0 fnt
|-heal|p1a: Ceruledge|94/100 psn|[from] drain|[of] p2b: honeybee
|faint|p2b: honeybee
|
|-damage|p1a: Ceruledge|82/100 psn|[from] psn
|upkeep
|turn|6
|
|t:|1783953890
|move|p1b: Gyarados|Waterfall|p2a: stupid song
|-supereffective|p2a: stupid song|1
|-damage|p2a: stupid song|36/100
|-enditem|p2a: stupid song|Sitrus Berry|[eat]
|-heal|p2a: stupid song|61/100|[from] item: Sitrus Berry
|move|p1a: Ceruledge|Bitter Blade|p2a: stupid song
|-resisted|p2a: stupid song|1
|-crit|p2a: stupid song
|-damage|p2a: stupid song|32/100
|-heal|p1a: Ceruledge|98/100 psn|[from] drain|[of] p2a: stupid song
|move|p2a: stupid song|Flare Blitz|p1b: Gyarados
|-resisted|p1b: Gyarados|1
|-damage|p1b: Gyarados|0 fnt
|faint|p1b: Gyarados
|-damage|p2a: stupid song|30/100|[from] Recoil
|
|-damage|p1a: Ceruledge|86/100 psn|[from] psn
|upkeep
|turn|7
|c|ŌśåNorthgdh|What IŌĆÖd give for Rocky helmet
|c|ŌśåNorthgdh|AND THE CRIT
|c|ŌśåNorthgdh|OKAY
|inactive|scottyb04 has 30 seconds left.
|
|t:|1783953916
|move|p1a: Ceruledge|Shadow Sneak|p2a: stupid song
|-resisted|p2a: stupid song|1
|-damage|p2a: stupid song|24/100
|move|p2a: stupid song|Parting Shot|p1a: Ceruledge
|-unboost|p1a: Ceruledge|atk|1
|-unboost|p1a: Ceruledge|spa|1
|
|-damage|p1a: Ceruledge|74/100 psn|[from] psn
|upkeep
|turn|8
|c|ŌśåNorthgdh|This is over
|
|t:|1783953923
|move|p1a: Ceruledge|Bitter Blade|p2a: stupid song
|-resisted|p2a: stupid song|1
|-damage|p2a: stupid song|15/100
|-heal|p1a: Ceruledge|79/100 psn|[from] drain|[of] p2a: stupid song
|move|p2a: stupid song|Parting Shot|p1a: Ceruledge
|-unboost|p1a: Ceruledge|atk|1
|-unboost|p1a: Ceruledge|spa|1
|
|-damage|p1a: Ceruledge|66/100 psn|[from] psn
|upkeep
|turn|9
|c|ŌśåNorthgdh|I had a chance
|
|t:|1783953934
|move|p1a: Ceruledge|Bitter Blade|p2a: stupid song
|-resisted|p2a: stupid song|1
|-damage|p2a: stupid song|8/100
|-heal|p1a: Ceruledge|71/100 psn|[from] drain|[of] p2a: stupid song
|move|p2a: stupid song|Parting Shot|p1a: Ceruledge
|-unboost|p1a: Ceruledge|atk|1
|-unboost|p1a: Ceruledge|spa|1
|
|-damage|p1a: Ceruledge|59/100 psn|[from] psn
|upkeep
|turn|10
|c|ŌśåNorthgdh|but now itŌĆÖs gone
|c|Ōśåscottyb04|Only just realised there is no dark type move
|inactive|scottyb04 has 30 seconds left.
|
|t:|1783953961
|move|p1a: Ceruledge|Bitter Blade|p2a: stupid song
|-resisted|p2a: stupid song|1
|-damage|p2a: stupid song|2/100
|-heal|p1a: Ceruledge|62/100 psn|[from] drain|[of] p2a: stupid song
|move|p2a: stupid song|Parting Shot|p1a: Ceruledge
|-unboost|p1a: Ceruledge|atk|1
|-unboost|p1a: Ceruledge|spa|1
|
|-damage|p1a: Ceruledge|50/100g psn|[from] psn
|upkeep
|turn|11
|c|ŌśåNorthgdh|It wouldnŌĆÖt matter if I didnŌĆÖt get crit
|c|Ōśåscottyb04|never seen .29% attack
|-message|Northgdh forfeited.
|
|win|scottyb04
