|j|☆masterhax3
|j|☆Descugi
|html|masterhax3Descugi    
|uhtml|bestof|Game 1 of a best-of-3
|t:|1756741589
|gametype|doubles
|player|p1|masterhax3|scientist-gen4dp|1065
|player|p2|Descugi|101|1077
|gen|9
|tier|[Gen 9] VGC 2025 Reg H (Bo3)
|rated|
|rule|Species Clause: Limit one of each Pokémon
|rule|Item Clause: Limit 1 of each item
|clearpoke
|poke|p1|Incineroar, L50, M|
|poke|p1|Porygon2, L50|
|poke|p1|Ursaluna, L50, F|
|poke|p1|Vivillon-Polar, L50, F|
|poke|p1|Gholdengo, L50|
|poke|p1|Sneasler, L50, M|
|poke|p2|Corviknight, L50, M|
|poke|p2|Garchomp, L50, M|
|poke|p2|Tyranitar, L50, M|
|poke|p2|Gholdengo, L50|
|poke|p2|Sneasler, L50, M|
|poke|p2|Incineroar, L50, M|
|teampreview|4
|showteam|p1|Incineroar||SafetyGoggles|Intimidate|FakeOut,FlareBlitz,KnockOff,PartingShot|||M|||50|,,,,,Ghost]Porygon2||Eviolite|Download|TeraBlast,IceBeam,TrickRoom,Recover||||||50|,,,,,Fighting]Ursaluna||FlameOrb|Guts|HeadlongRush,Facade,Earthquake,Protect|||F|||50|,,,,,Poison]Vivillon-Polar||FocusSash|CompoundEyes|Hurricane,SleepPowder,Tailwind,Protect|||F|||50|,,,,,Ghost]Gholdengo||LifeOrb|GoodasGold|MakeItRain,ShadowBall,NastyPlot,Protect||||||50|,,,,,Water]Sneasler||WhiteHerb|Unburden|CloseCombat,DireClaw,ThroatChop,Protect|||M|||50|,,,,,Dark
|showteam|p2|Corviknight||CovertCloak|MirrorArmor|BraveBird,Taunt,Roost,Tailwind|||M|||50|,,,,,Dragon]Garchomp||ClearAmulet|RoughSkin|Earthquake,DragonClaw,StompingTantrum,Protect|||M|||50|,,,,,Ground]Tyranitar||AssaultVest|SandStream|RockSlide,KnockOff,TeraBlast,LowKick|||M|||50|,,,,,Flying]Gholdengo||LifeOrb|GoodasGold|MakeItRain,ShadowBall,NastyPlot,Protect||||||50|,,,,,Water]Sneasler||WhiteHerb|Unburden|DireClaw,CloseCombat,Coaching,Protect|||M|||50|,,,,,Ghost]Incineroar||SitrusBerry|Intimidate|FlareBlitz,KnockOff,PartingShot,FakeOut|||M|||50|,,,,,Grass
|inactive|Battle timer is ON: inactive players will automatically lose when time's up. (requested by masterhax3)
|
|t:|1756741764
|teamsize|p1|4
|teamsize|p2|4
|start
|switch|p1a: Vivillon|Vivillon-Polar, L50, F|100/100
|switch|p1b: Sneasler|Sneasler, L50, M|100/100
|switch|p2a: Corviknight|Corviknight, L50, M|100/100
|switch|p2b: Incineroar|Incineroar, L50, M|100/100
|-ability|p2b: Incineroar|Intimidate|boost
|-unboost|p1a: Vivillon|atk|1
|-unboost|p1b: Sneasler|atk|1
|-enditem|p1b: Sneasler|White Herb
|-clearnegativeboost|p1b: Sneasler|[silent]
|turn|1
|inactive|Descugi has 30 seconds left.
|
|t:|1756741793
|-terastallize|p1a: Vivillon|Ghost
|move|p2b: Incineroar|Fake Out|p1b: Sneasler
|-damage|p1b: Sneasler|84/100
|cant|p1b: Sneasler|flinch
|move|p1a: Vivillon|Sleep Powder|p2b: Incineroar
|-status|p2b: Incineroar|slp|[from] move: Sleep Powder
|move|p2a: Corviknight|Tailwind|p2a: Corviknight
|-sidestart|p2: Descugi|move: Tailwind
|
|upkeep
|turn|2
|inactive|Descugi has 30 seconds left.
|
|t:|1756741820
|move|p1b: Sneasler|Close Combat|p2b: Incineroar
|-supereffective|p2b: Incineroar
|-damage|p2b: Incineroar|0 fnt
|-unboost|p1b: Sneasler|def|1
|-unboost|p1b: Sneasler|spd|1
|faint|p2b: Incineroar
|move|p2a: Corviknight|Taunt|p1a: Vivillon
|-start|p1a: Vivillon|move: Taunt
|cant|p1a: Vivillon|move: Taunt|Sleep Powder
|
|upkeep
|
|t:|1756741831
|switch|p2b: Garchomp|Garchomp, L50, M|100/100
|turn|3
|
|t:|1756741838
|move|p1b: Sneasler|Close Combat|p2b: Garchomp
|-crit|p2b: Garchomp
|-damage|p2b: Garchomp|0 fnt
|-unboost|p1b: Sneasler|def|1
|-unboost|p1b: Sneasler|spd|1
|-damage|p1b: Sneasler|71/100|[from] ability: Rough Skin|[of] p2b: Garchomp
|faint|p2b: Garchomp
|move|p2a: Corviknight|Brave Bird|p1a: Vivillon
|-damage|p1a: Vivillon|17/100
|-damage|p2a: Corviknight|80/100|[from] Recoil
|move|p1a: Vivillon|Hurricane|p2a: Corviknight
|-resisted|p2a: Corviknight
|-crit|p2a: Corviknight
|-damage|p2a: Corviknight|47/100
|
|upkeep
|
|t:|1756741850
|switch|p2b: Sneasler|Sneasler, L50, M|100/100
|turn|4
|
|t:|1756741869
|move|p1b: Sneasler|Dire Claw|p2b: Sneasler
|-resisted|p2b: Sneasler
|-damage|p2b: Sneasler|66/100
|-status|p2b: Sneasler|slp
|cant|p2b: Sneasler|slp
|move|p2a: Corviknight|Brave Bird|p1b: Sneasler
|-supereffective|p1b: Sneasler
|-crit|p1b: Sneasler
|-damage|p1b: Sneasler|0 fnt
|faint|p1b: Sneasler
|-damage|p2a: Corviknight|28/100|[from] Recoil
|move|p1a: Vivillon|Hurricane|p2b: Sneasler
|-supereffective|p2b: Sneasler
|-damage|p2b: Sneasler|0 fnt
|faint|p2b: Sneasler
|
|-end|p1a: Vivillon|move: Taunt
|-sideend|p2: Descugi|move: Tailwind
|upkeep
|
|t:|1756741890
|switch|p1b: Gholdengo|Gholdengo, L50|100/100
|turn|5
|inactive|Descugi has 30 seconds left.
|inactive|Descugi has 20 seconds left.
|inactive|Descugi has 15 seconds left.
|inactive|Descugi has 10 seconds left.
|
|t:|1756741938
|move|p1a: Vivillon|Hurricane|p2a: Corviknight
|-resisted|p2a: Corviknight
|-damage|p2a: Corviknight|9/100
|move|p1b: Gholdengo|Shadow Ball|p2a: Corviknight
|-damage|p2a: Corviknight|0 fnt
|faint|p2a: Corviknight
|-damage|p1b: Gholdengo|91/100|[from] item: Life Orb
|
|win|masterhax3
||Descugi is ready for game 2.
|inactive|masterhax3 has 30 seconds to confirm battle start!
||masterhax3 is ready for game 2.
|uhtml|next|Next: Game 2 of 3
