|j|☆RonJohn
|j|☆meekmatt
|html|RonJohnmeekmatt    
|uhtml|bestof|Game 2 of a best-of-3
|t:|1756151610
|gametype|doubles
|player|p1|RonJohn|1|1070
|player|p2|meekmatt|265|1145
|gen|9
|tier|[Gen 9] VGC 2025 Reg H (Bo3)
|rated|
|rule|Species Clause: Limit one of each Pokémon
|rule|Item Clause: Limit 1 of each item
|clearpoke
|poke|p1|Sneasler, L50, F|
|poke|p1|Gholdengo, L50|
|poke|p1|Dragonite, L50, F|
|poke|p1|Ursaluna-Bloodmoon, L50, M|
|poke|p1|Amoonguss, L50, M|
|poke|p1|Incineroar, L50, M|
|poke|p2|Whimsicott, L50, M|
|poke|p2|Annihilape, L50, M|
|poke|p2|Typhlosion-Hisui, L50, F|
|poke|p2|Lilligant-Hisui, L50, F|
|poke|p2|Incineroar, L50, F|
|poke|p2|Gholdengo, L50|
|teampreview|4
|showteam|p1|Sneasler||WhiteHerb|Unburden|CloseCombat,ThroatChop,DireClaw,Protect|||F|||50|,,,,,Stellar]Gholdengo||LifeOrb|GoodasGold|MakeItRain,ShadowBall,NastyPlot,Protect||||||50|,,,,,Water]Dragonite||LoadedDice|Multiscale|ScaleShot,Tailwind,Haze,Protect|||F|||50|,,,,,Fairy]Ursaluna-Bloodmoon||AssaultVest|MindsEye|VacuumWave,EarthPower,HyperVoice,BloodMoon|||M|||50|,,,,,Water]Amoonguss||SitrusBerry|Regenerator|PollenPuff,Spore,Protect,RagePowder|||M|||50|,,,,,Psychic]Incineroar||SafetyGoggles|Intimidate|FlareBlitz,KnockOff,FakeOut,PartingShot|||M|||50|,,,,,Ghost
|showteam|p2|Whimsicott||CovertCloak|Prankster|Moonblast,Tailwind,Taunt,SunnyDay|||M|||50|,,,,,Fairy]Annihilape||FocusSash|Defiant|FinalGambit,CloseCombat,RageFist,Protect|||M|||50|,,,,,Grass]Typhlosion-Hisui||ChoiceSpecs|Blaze|Eruption,HeatWave,ShadowBall,Overheat|||F|||50|,,,,,Fire]Lilligant-Hisui||HeavyDutyBoots|Chlorophyll|HelpingHand,AfterYou,CloseCombat,Encore|||F|||50|,,,,,Fighting]Incineroar||SafetyGoggles|Intimidate|FakeOut,HelpingHand,FlareBlitz,KnockOff|||F|||50|,,,,,Ghost]Gholdengo||LifeOrb|GoodasGold|MakeItRain,Protect,ShadowBall,DazzlingGleam||||||50|,,,,,Fairy
|inactive|Battle timer is ON: inactive players will automatically lose when time's up. (requested by RonJohn)
|inactive|RonJohn has 60 seconds left.
|
|t:|1756151646
|teamsize|p1|4
|teamsize|p2|4
|start
|switch|p1a: Dragonite|Dragonite, L50, F|100/100
|switch|p1b: Sneasler|Sneasler, L50, F|100/100
|switch|p2a: Lovely Bastards|Whimsicott, L50, M|100/100
|switch|p2b: Monkey|Annihilape, L50, M|100/100
|turn|1
|
|t:|1756151668
|move|p2a: Lovely Bastards|Tailwind|p2a: Lovely Bastards
|-sidestart|p2: meekmatt|move: Tailwind
|move|p2b: Monkey|Final Gambit|p1a: Dragonite
|-damage|p1a: Dragonite|0 fnt
|faint|p2b: Monkey
|faint|p1a: Dragonite
|move|p1b: Sneasler|Dire Claw|p2a: Lovely Bastards
|-supereffective|p2a: Lovely Bastards
|-damage|p2a: Lovely Bastards|0 fnt
|faint|p2a: Lovely Bastards
|
|upkeep
|
|t:|1756151682
|switch|p2a: Hot Dog|Typhlosion-Hisui, L50, F|100/100
|switch|p2b: Golden Gun|Gholdengo, L50|100/100
|switch|p1a: Gholdengo|Gholdengo, L50|100/100
|turn|2
|
|t:|1756151700
|-terastallize|p2a: Hot Dog|Fire
|move|p1b: Sneasler|Protect|p1b: Sneasler
|-singleturn|p1b: Sneasler|Protect
|move|p1a: Gholdengo|Protect|p1a: Gholdengo
|-singleturn|p1a: Gholdengo|Protect
|move|p2a: Hot Dog|Eruption|p1a: Gholdengo|[spread] 
|-activate|p1a: Gholdengo|move: Protect
|-activate|p1b: Sneasler|move: Protect
|move|p2b: Golden Gun|Make It Rain|p1b: Sneasler|[spread] 
|-activate|p1a: Gholdengo|move: Protect
|-activate|p1b: Sneasler|move: Protect
|
|upkeep
|turn|3
|inactive|RonJohn has 30 seconds left.
|
|t:|1756151734
|switch|p1b: Ursaluna|Ursaluna-Bloodmoon, L50, M|100/100
|-terastallize|p1a: Gholdengo|Water
|move|p2a: Hot Dog|Eruption|p1a: Gholdengo|[spread] p1a,p1b
|-resisted|p1a: Gholdengo
|-damage|p1a: Gholdengo|34/100
|-damage|p1b: Ursaluna|30/100
|move|p2b: Golden Gun|Make It Rain|p1b: Ursaluna|[spread] p1a,p1b
|-resisted|p1a: Gholdengo
|-crit|p1b: Ursaluna
|-damage|p1a: Gholdengo|0 fnt
|-damage|p1b: Ursaluna|0 fnt
|-unboost|p2b: Golden Gun|spa|1
|faint|p1a: Gholdengo
|faint|p1b: Ursaluna
|-damage|p2b: Golden Gun|91/100|[from] item: Life Orb
|
|upkeep
|
|t:|1756151750
|switch|p1b: Sneasler|Sneasler, L50, F|100/100
|turn|4
|
|t:|1756151759
|move|p1b: Sneasler|Protect|p1b: Sneasler
|-singleturn|p1b: Sneasler|Protect
|move|p2a: Hot Dog|Eruption|p1b: Sneasler
|-activate|p1b: Sneasler|move: Protect
|move|p2b: Golden Gun|Make It Rain|p1b: Sneasler
|-activate|p1b: Sneasler|move: Protect
|
|-sideend|p2: meekmatt|move: Tailwind
|upkeep
|turn|5
|
|t:|1756151776
|move|p1b: Sneasler|Close Combat|p2a: Hot Dog
|-damage|p2a: Hot Dog|11/100
|-unboost|p1b: Sneasler|def|1
|-unboost|p1b: Sneasler|spd|1
|-enditem|p1b: Sneasler|White Herb
|-clearnegativeboost|p1b: Sneasler|[silent]
|move|p2a: Hot Dog|Eruption|p1b: Sneasler
|-damage|p1b: Sneasler|67/100
|move|p2b: Golden Gun|Make It Rain|p1b: Sneasler
|-damage|p1b: Sneasler|0 fnt
|-unboost|p2b: Golden Gun|spa|1
|faint|p1b: Sneasler
|-damage|p2b: Golden Gun|81/100|[from] item: Life Orb
|
|win|meekmatt
||meekmatt is ready for game 3.
