|j|☆TheHorrorHare
|j|☆zifisha
|html|TheHorrorHarezifisha    
|uhtml|bestof|Game 1 of a best-of-3
|t:|1783563114
|gametype|doubles
|player|p1|TheHorrorHare|#wcor2025canada|1365
|player|p2|zifisha|169|1436
|gen|9
|tier|[Gen 9 Champions] VGC 2026 Reg M-B (Bo3)
|rated|
|rule|Species Clause: Limit one of each Pokémon
|rule|Item Clause: Limit 1 of each item
|clearpoke
|poke|p1|Floette-Eternal, L50, F|
|poke|p1|Charizard, L50, F|
|poke|p1|Garchomp, L50, M|
|poke|p1|Whimsicott, L50, F|
|poke|p1|Basculegion, L50, M|
|poke|p1|Kingambit, L50, F|
|poke|p2|Raichu, L50, F, shiny|
|poke|p2|Primarina, L50, F, shiny|
|poke|p2|Scovillain, L50, M, shiny|
|poke|p2|Aerodactyl, L50, F|
|poke|p2|Gholdengo, L50, shiny|
|poke|p2|Incineroar, L50, F, shiny|
|teampreview|4
|showteam|p1|Floette-Eternal||Floettite|FlowerVeil|Moonblast,DazzlingGleam,LightofRuin,Protect|Modest||F|||50|]Charizard||CharizarditeY|Blaze|WeatherBall,HeatWave,SolarBeam,Protect|Modest||F|||50|]Garchomp||SitrusBerry|RoughSkin|DragonClaw,Earthquake,RockSlide,Protect|Adamant||M|||50|]Whimsicott||FocusSash|Prankster|Moonblast,Encore,Tailwind,Protect|Timid||F|||50|]Basculegion||MysticWater|Adaptability|WaveCrash,LastRespects,AquaJet,Protect|Adamant||M|||50|]Kingambit||BlackGlasses|Defiant|KowtowCleave,LowKick,SuckerPunch,Protect|Adamant||F|||50|
|showteam|p2|Raichu||RaichuniteY|LightningRod|FakeOut,ZapCannon,FocusBlast,Encore|Timid||F|||50|]Primarina||SitrusBerry|LiquidVoice|Protect,HyperVoice,DazzlingGleam,CalmMind|Modest||F|||50|]Scovillain||Scovillainite|Chlorophyll|LeafStorm,Overheat,RagePowder,Protect|Bold||M|||50|]Aerodactyl||FocusSash|Unnerve|RockSlide,Tailwind,IceFang,Protect|Jolly||F|||50|]Gholdengo||LifeOrb|GoodasGold|MakeItRain,ShadowBall,NastyPlot,Protect|Modest|||||50|]Incineroar||Charcoal|Intimidate|FakeOut,FlareBlitz,DarkestLariat,PartingShot|Adamant||F|||50|
|inactive|Battle timer is ON: inactive players will automatically lose when time's up. (requested by TheHorrorHare)
|inactive|TheHorrorHare has 60 seconds left.
|inactive|zifisha has 60 seconds left.
|
|t:|1783563157
|teamsize|p1|4
|teamsize|p2|4
|start
|switch|p1a: Basculegion|Basculegion, L50, M|100/100
|switch|p1b: Whimsicott|Whimsicott, L50, F|100/100
|switch|p2a: Primarina|Primarina, L50, F, shiny|100/100
|switch|p2b: Scovillain|Scovillain, L50, M, shiny|100/100
|turn|1
|inactive|zifisha has 30 seconds left.
|inactive|TheHorrorHare has 30 seconds left.
|inactive|zifisha has 20 seconds left.
|inactive|zifisha has 15 seconds left.
|
|t:|1783563198
|detailschange|p2b: Scovillain|Scovillain-Mega, L50, M, shiny
|-mega|p2b: Scovillain|Scovillain|Scovillainite
|move|p1b: Whimsicott|Moonblast|p2b: Scovillain
|-resisted|p2b: Scovillain|1
|-damage|p2b: Scovillain|82/100
|-status|p1b: Whimsicott|brn|[from] ability: Spicy Spray|[of] p2b: Scovillain
|move|p1a: Basculegion|Wave Crash|p2b: Scovillain
|-damage|p2b: Scovillain|0 fnt
|-status|p1a: Basculegion|brn|[from] ability: Spicy Spray|[of] p2b: Scovillain
|faint|p2b: Scovillain
|-damage|p1a: Basculegion|75/100 brn|[from] Recoil
|move|p2a: Primarina|Calm Mind|p2a: Primarina
|-boost|p2a: Primarina|spa|1
|-boost|p2a: Primarina|spd|1
|
|-damage|p1b: Whimsicott|94/100 brn|[from] brn
|-damage|p1a: Basculegion|69/100 brn|[from] brn
|upkeep
|
|t:|1783563207
|switch|p2b: Incineroar|Incineroar, L50, F, shiny|100/100
|-ability|p2b: Incineroar|Intimidate|boost
|-unboost|p1a: Basculegion|atk|1
|-unboost|p1b: Whimsicott|atk|1
|turn|2
|
|t:|1783563228
|move|p1b: Whimsicott|Protect|p1b: Whimsicott
|-singleturn|p1b: Whimsicott|Protect
|move|p1a: Basculegion|Wave Crash|p2b: Incineroar
|-supereffective|p2b: Incineroar|1
|-damage|p2b: Incineroar|36/100
|-damage|p1a: Basculegion|49/100 brn|[from] Recoil
|move|p2b: Incineroar|Parting Shot|p1a: Basculegion
|-unboost|p1a: Basculegion|atk|1
|-unboost|p1a: Basculegion|spa|1
|
|t:|1783563234
|switch|p2b: Aerodactyl|Aerodactyl, L50, F|100/100|[from] Parting Shot
|-ability|p2b: Aerodactyl|Unnerve
|move|p2a: Primarina|Dazzling Gleam|p1b: Whimsicott|[spread] p1a
|-activate|p1b: Whimsicott|move: Protect
|-damage|p1a: Basculegion|0 fnt
|faint|p1a: Basculegion
|
|-damage|p1b: Whimsicott|88/100 brn|[from] brn
|upkeep
|
|t:|1783563252
|switch|p1a: Garchomp|Garchomp, L50, M|100/100
|turn|3
|
|t:|1783563259
|move|p1b: Whimsicott|Tailwind|p1b: Whimsicott
|-sidestart|p1: TheHorrorHare|move: Tailwind
|move|p1a: Garchomp|Rock Slide|p2b: Aerodactyl|[spread] p2a,p2b
|-supereffective|p2b: Aerodactyl|1
|-damage|p2a: Primarina|79/100
|-damage|p2b: Aerodactyl|38/100
|cant|p2b: Aerodactyl|flinch
|cant|p2a: Primarina|flinch
|
|-damage|p1b: Whimsicott|82/100 brn|[from] brn
|upkeep
|turn|4
|
|t:|1783563273
|switch|p2b: Incineroar|Incineroar, L50, F, shiny|36/100
|-ability|p2b: Incineroar|Intimidate|boost
|-unboost|p1a: Garchomp|atk|1
|-unboost|p1b: Whimsicott|atk|1
|move|p1b: Whimsicott|Moonblast|p2a: Primarina
|-damage|p2a: Primarina|57/100
|move|p1a: Garchomp|Rock Slide|p2b: Incineroar|[spread] p2a,p2b
|-supereffective|p2b: Incineroar|1
|-damage|p2a: Primarina|44/100
|-damage|p2b: Incineroar|11/100
|-enditem|p2a: Primarina|Sitrus Berry|[eat]
|-heal|p2a: Primarina|69/100|[from] item: Sitrus Berry
|move|p2a: Primarina|Dazzling Gleam|p1a: Garchomp|[spread] p1a,p1b
|-supereffective|p1a: Garchomp|1
|-damage|p1a: Garchomp|20/100y
|-damage|p1b: Whimsicott|3/100 brn
|-enditem|p1a: Garchomp|Sitrus Berry|[eat]
|-heal|p1a: Garchomp|45/100|[from] item: Sitrus Berry
|
|-damage|p1b: Whimsicott|0 fnt|[from] brn
|faint|p1b: Whimsicott
|upkeep
|
|t:|1783563281
|switch|p1b: Charizard|Charizard, L50, F|100/100
|turn|5
|
|t:|1783563302
|detailschange|p1b: Charizard|Charizard-Mega-Y, L50, F
|-mega|p1b: Charizard|Charizard|Charizardite Y
|-weather|SunnyDay|[from] ability: Drought|[of] p1b: Charizard
|move|p1a: Garchomp|Protect|p1a: Garchomp
|-singleturn|p1a: Garchomp|Protect
|move|p2b: Incineroar|Fake Out|p1b: Charizard
|-damage|p1b: Charizard|87/100
|cant|p1b: Charizard|flinch
|move|p2a: Primarina|Dazzling Gleam|p1a: Garchomp|[spread] p1b
|-activate|p1a: Garchomp|move: Protect
|-resisted|p1b: Charizard|1
|-damage|p1b: Charizard|65/100
|
|-weather|SunnyDay|[upkeep]
|upkeep
|turn|6
|
|t:|1783563320
|move|p2a: Primarina|Protect|p2a: Primarina
|-singleturn|p2a: Primarina|Protect
|move|p1a: Garchomp|Earthquake|p2a: Primarina|[spread] p2b
|-activate|p2a: Primarina|move: Protect
|-immune|p1b: Charizard
|-supereffective|p2b: Incineroar|1
|-damage|p2b: Incineroar|0 fnt
|faint|p2b: Incineroar
|move|p1b: Charizard|Heat Wave|p2a: Primarina
|-activate|p2a: Primarina|move: Protect
|
|-weather|SunnyDay|[upkeep]
|-sideend|p1: TheHorrorHare|move: Tailwind
|upkeep
|
|t:|1783563325
|switch|p2b: Aerodactyl|Aerodactyl, L50, F|38/100
|-ability|p2b: Aerodactyl|Unnerve
|turn|7
|
|t:|1783563334
|move|p1b: Charizard|Protect|p1b: Charizard
|-singleturn|p1b: Charizard|Protect
|move|p2b: Aerodactyl|Tailwind|p2b: Aerodactyl
|-sidestart|p2: zifisha|move: Tailwind
|move|p2a: Primarina|Dazzling Gleam|p1b: Charizard|[spread] p1a
|-activate|p1b: Charizard|move: Protect
|-supereffective|p1a: Garchomp|1
|-damage|p1a: Garchomp|0 fnt
|faint|p1a: Garchomp
|
|-weather|SunnyDay|[upkeep]
|upkeep
|turn|8
|-message|TheHorrorHare forfeited.
|
|win|zifisha
||TheHorrorHare is ready for game 2.
