|j|☆mikelpoyarzabal
|j|☆carolchanning
|html|mikelpoyarzabalcarolchanning    
|uhtml|bestof|Game 2 of a best-of-3
|t:|1784752213
|gametype|doubles
|player|p1|mikelpoyarzabal|arven-s|1295
|player|p2|carolchanning|169|1293
|gen|9
|tier|[Gen 9 Champions] VGC 2026 Reg M-B (Bo3)
|rated|
|rule|Species Clause: Limit one of each Pokémon
|rule|Item Clause: Limit 1 of each item
|clearpoke
|poke|p1|Tyranitar, L50, F|
|poke|p1|Excadrill, L50, M|
|poke|p1|Gholdengo, L50|
|poke|p1|Milotic, L50, F|
|poke|p1|Sinistcha, L50|
|poke|p1|Staraptor, L50, M|
|poke|p2|Charizard, L50, M|
|poke|p2|Garchomp, L50, F|
|poke|p2|Incineroar, L50, F|
|poke|p2|Sylveon, L50, F|
|poke|p2|Farigiraf, L50, F|
|poke|p2|Aerodactyl, L50, M|
|teampreview|4
|showteam|p1|Tyranitar||Tyranitarite|SandStream|RockSlide,KnockOff,LowKick,Protect|Jolly||F|||50|]Excadrill||FocusSash|SandRush|HighHorsepower,IronHead,RockSlide,Protect|Adamant||M|||50|]Gholdengo||LifeOrb|GoodasGold|ShadowBall,MakeItRain,NastyPlot,Protect|Modest|||||50|]Milotic||SitrusBerry|Competitive|Scald,IceBeam,IcyWind,Protect|Calm||F|||50|]Sinistcha||ColburBerry|Hospitality|MatchaGotcha,ShadowBall,RagePowder,Protect|Bold|||||50|]Staraptor||Staraptite|Intimidate|BraveBird,CloseCombat,Tailwind,Protect|Jolly||M|||50|
|showteam|p2|Charizard||CharizarditeY|Blaze|HeatWave,WeatherBall,SolarBeam,Protect|Modest||M|||50|]Garchomp||LifeOrb|RoughSkin|Earthquake,DragonClaw,StompingTantrum,Protect|Jolly||F|||50|]Incineroar||Charcoal|Intimidate|FakeOut,PartingShot,DarkestLariat,FlareBlitz|Brave||F|||50|]Sylveon||FairyFeather|Pixilate|HyperVoice,QuickAttack,Yawn,Protect|Modest||F|||50|]Farigiraf||SitrusBerry|ArmorTail|Psyshock,HelpingHand,TrickRoom,Protect|Calm||F|||50|]Aerodactyl||FocusSash|Unnerve|RockSlide,Tailwind,WideGuard,Protect|Jolly||M|||50|
|inactive|Battle timer is ON: inactive players will automatically lose when time's up. (requested by carolchanning)
|inactive|mikelpoyarzabal also wants the timer to be on.
|
|t:|1784752236
|teamsize|p1|4
|teamsize|p2|4
|start
|switch|p1a: Milotic|Milotic, L50, F|100/100
|switch|p1b: Gholdengo|Gholdengo, L50|100/100
|switch|p2a: Sylveon|Sylveon, L50, F|100/100
|switch|p2b: Farigiraf|Farigiraf, L50, F|100/100
|turn|1
|
|t:|1784752260
|switch|p1a: Staraptor|Staraptor, L50, M|100/100
|-ability|p1a: Staraptor|Intimidate|boost
|-unboost|p2a: Sylveon|atk|1
|-unboost|p2b: Farigiraf|atk|1
|move|p1b: Gholdengo|Nasty Plot|p1b: Gholdengo
|-boost|p1b: Gholdengo|spa|2
|move|p2a: Sylveon|Hyper Voice|p1a: Staraptor|[spread] p1a,p1b
|-resisted|p1b: Gholdengo|1
|-damage|p1a: Staraptor|41/100
|-damage|p1b: Gholdengo|75/100
|move|p2b: Farigiraf|Psyshock|p1a: Staraptor
|-damage|p1a: Staraptor|2/100
|
|upkeep
|turn|2
|
|t:|1784752277
|switch|p2a: Incineroar|Incineroar, L50, F|100/100
|-ability|p2a: Incineroar|Intimidate|boost
|-unboost|p1a: Staraptor|atk|1
|-unboost|p1b: Gholdengo|atk|1
|detailschange|p1a: Staraptor|Staraptor-Mega, L50, M
|-mega|p1a: Staraptor|Staraptor|Staraptite
|move|p1a: Staraptor|Close Combat|p2b: Farigiraf
|-damage|p2b: Farigiraf|68/100
|-boost|p1a: Staraptor|def|1
|-boost|p1a: Staraptor|spd|1
|move|p1b: Gholdengo|Make It Rain|p2a: Incineroar|[spread] p2a,p2b
|-resisted|p2a: Incineroar|1
|-damage|p2a: Incineroar|42/100
|-damage|p2b: Farigiraf|0 fnt
|-unboost|p1b: Gholdengo|spa|2
|faint|p2b: Farigiraf
|-damage|p1b: Gholdengo|65/100|[from] item: Life Orb
|
|upkeep
|
|t:|1784752293
|switch|p2b: Charizard|Charizard, L50, M|100/100
|turn|3
|
|t:|1784752308
|switch|p1b: Milotic|Milotic, L50, F|100/100
|switch|p2a: Sylveon|Sylveon, L50, F|100/100
|move|p1a: Staraptor|Protect|p1a: Staraptor
|-singleturn|p1a: Staraptor|Protect
|move|p2b: Charizard|Heat Wave|p1b: Milotic|[spread] p1b
|-activate|p1a: Staraptor|move: Protect
|-resisted|p1b: Milotic|1
|-damage|p1b: Milotic|89/100
|
|upkeep
|turn|4
|inactive|carolchanning has 30 seconds left.
|
|t:|1784752341
|detailschange|p2b: Charizard|Charizard-Mega-Y, L50, M
|-mega|p2b: Charizard|Charizard|Charizardite Y
|-weather|SunnyDay|[from] ability: Drought|[of] p2b: Charizard
|move|p1a: Staraptor|Tailwind|p1a: Staraptor
|-sidestart|p1: mikelpoyarzabal|move: Tailwind
|move|p1b: Milotic|Scald|p2b: Charizard
|-supereffective|p2b: Charizard|1
|-damage|p2b: Charizard|68/100
|move|p2b: Charizard|Solar Beam||[still]
|-prepare|p2b: Charizard|Solar Beam
|-anim|p2b: Charizard|Solar Beam|p1b: Milotic
|-supereffective|p1b: Milotic|1
|-damage|p1b: Milotic|23/100
|-enditem|p1b: Milotic|Sitrus Berry|[eat]
|-heal|p1b: Milotic|48/100|[from] item: Sitrus Berry
|move|p2a: Sylveon|Hyper Voice|p1b: Milotic|[spread] p1a,p1b
|-supereffective|p1a: Staraptor|1
|-damage|p1a: Staraptor|0 fnt
|-damage|p1b: Milotic|18/100
|faint|p1a: Staraptor
|
|-weather|SunnyDay|[upkeep]
|upkeep
|
|t:|1784752348
|switch|p1a: Tyranitar|Tyranitar, L50, F|100/100
|-weather|Sandstorm|[from] ability: Sand Stream|[of] p1a: Tyranitar
|turn|5
|
|t:|1784752354
|switch|p2b: Incineroar|Incineroar, L50, F|42/100
|-ability|p2b: Incineroar|Intimidate|boost
|-unboost|p1a: Tyranitar|atk|1
|-unboost|p1b: Milotic|atk|1
|-ability|p1b: Milotic|Competitive|boost
|-boost|p1b: Milotic|spa|2
|move|p1a: Tyranitar|Rock Slide|p2b: Incineroar|[spread] p2a,p2b
|-supereffective|p2b: Incineroar|1
|-damage|p2a: Sylveon|80/100
|-damage|p2b: Incineroar|2/100
|move|p1b: Milotic|Scald|p2a: Sylveon
|-damage|p2a: Sylveon|35/100
|-status|p2a: Sylveon|brn
|cant|p2a: Sylveon|flinch
|
|-weather|Sandstorm|[upkeep]
|-damage|p1b: Milotic|12/100|[from] Sandstorm
|-damage|p2a: Sylveon|29/100 brn|[from] Sandstorm
|-damage|p2b: Incineroar|0 fnt|[from] Sandstorm
|faint|p2b: Incineroar
|-damage|p2a: Sylveon|23/100 brn|[from] brn
|upkeep
|
|t:|1784752369
|switch|p2b: Charizard|Charizard-Mega-Y, L50, M|68/100
|-weather|SunnyDay|[from] ability: Drought|[of] p2b: Charizard
|turn|6
|
|t:|1784752373
|move|p1a: Tyranitar|Rock Slide|p2a: Sylveon|[spread] p2a,p2b
|-crit|p2a: Sylveon
|-supereffective|p2b: Charizard|2
|-damage|p2a: Sylveon|0 fnt
|-damage|p2b: Charizard|0 fnt
|faint|p2a: Sylveon
|faint|p2b: Charizard
|
|win|mikelpoyarzabal
|raw|mikelpoyarzabal's rating: 1295 → 1320(+25 for winning)
|raw|carolchanning's rating: 1293 → 1268(-25 for losing)
