|j|☆Prepucio Santos
|j|☆Professor_J93
|html|Prepucio SantosProfessor_J93    
|uhtml|bestof|Game 3 of a best-of-3
|t:|1784653390
|gametype|doubles
|player|p1|Prepucio Santos|striker|1317
|player|p2|Professor_J93|n|1228
|gen|9
|tier|[Gen 9 Champions] VGC 2026 Reg M-B (Bo3)
|rated|
|rule|Species Clause: Limit one of each Pokémon
|rule|Item Clause: Limit 1 of each item
|clearpoke
|poke|p1|Tyranitar, L50, M|
|poke|p1|Excadrill, L50, F|
|poke|p1|Gholdengo, L50|
|poke|p1|Sinistcha, L50|
|poke|p1|Staraptor, L50, F|
|poke|p1|Milotic, L50, F|
|poke|p2|Decidueye-Hisui, L50, M, shiny|
|poke|p2|Rotom-Wash, L50|
|poke|p2|Aerodactyl, L50, M|
|poke|p2|Aegislash, L50, F|
|poke|p2|Mamoswine, L50, M|
|poke|p2|Sylveon, L50, F, shiny|
|teampreview|4
|showteam|p1|Tyranitar||Tyranitarite|SandStream|RockSlide,KnockOff,LowKick,Protect|Adamant||M|||50|]Excadrill||FocusSash|SandRush|IronHead,HighHorsepower,RockSlide,Protect|Adamant||F|||50|]Gholdengo||LifeOrb|GoodasGold|ShadowBall,MakeItRain,NastyPlot,Protect|Modest|||||50|]Sinistcha||ColburBerry|Hospitality|MatchaGotcha,RagePowder,TrickRoom,Protect|Bold|||||50|]Staraptor||Staraptite|Intimidate|BraveBird,CloseCombat,Tailwind,Protect|Jolly||F|||50|]Milotic||Leftovers|Competitive|MuddyWater,Hypnosis,Coil,Recover|Calm||F|||50|
|showteam|p2|Decidueye-Hisui||ScopeLens|Scrappy|TripleArrows,LeafBlade,SuckerPunch,Protect|Adamant||M|||50|]Rotom-Wash||Leftovers|Levitate|HydroPump,Electroweb,Thunderbolt,Protect|Modest|||||50|]Aerodactyl||Aerodactylite|Unnerve|RockSlide,DualWingbeat,Tailwind,Protect|Jolly||M|||50|]Aegislash||SpellTag|StanceChange|Poltergeist,WideGuard,ShadowSneak,KingsShield|Adamant||F|||50|]Mamoswine||LifeOrb|Oblivious|IcicleCrash,IceShard,Earthquake,Protect|Adamant||M|||50|]Sylveon||FairyFeather|Pixilate|HyperVoice,HyperBeam,QuickAttack,Protect|Modest||F|||50|
|
|t:|1784653422
|teamsize|p1|4
|teamsize|p2|4
|start
|switch|p1a: Staraptor|Staraptor, L50, F|100/100
|switch|p1b: Gholdengo|Gholdengo, L50|100/100
|switch|p2a: Aerodactyl|Aerodactyl, L50, M|100/100
|switch|p2b: Ullr|Decidueye-Hisui, L50, M, shiny|100/100
|-ability|p2a: Aerodactyl|Unnerve
|-ability|p1a: Staraptor|Intimidate|boost
|-unboost|p2a: Aerodactyl|atk|1
|-fail|p2b: Ullr|unboost|Attack|[from] ability: Scrappy|[of] p2b: Ullr
|turn|1
|
|t:|1784653439
|detailschange|p2a: Aerodactyl|Aerodactyl-Mega, L50, M
|-mega|p2a: Aerodactyl|Aerodactyl|Aerodactylite
|detailschange|p1a: Staraptor|Staraptor-Mega, L50, F
|-mega|p1a: Staraptor|Staraptor|Staraptite
|move|p2a: Aerodactyl|Tailwind|p2a: Aerodactyl
|-sidestart|p2: Professor_J93|move: Tailwind
|move|p2b: Ullr|Triple Arrows|p1b: Gholdengo
|-supereffective|p1b: Gholdengo|1
|-crit|p1b: Gholdengo
|-damage|p1b: Gholdengo|0 fnt
|faint|p1b: Gholdengo
|move|p1a: Staraptor|Brave Bird|p2b: Ullr
|-supereffective|p2b: Ullr|2
|-damage|p2b: Ullr|0 fnt
|faint|p2b: Ullr
|-damage|p1a: Staraptor|69/100|[from] Recoil
|
|upkeep
|
|t:|1784653451
|switch|p1b: Excadrill|Excadrill, L50, F|100/100
|switch|p2b: Sylveon|Sylveon, L50, F, shiny|100/100
|turn|2
|
|t:|1784653463
|switch|p1a: Tyranitar|Tyranitar, L50, M|100/100
|-weather|Sandstorm|[from] ability: Sand Stream|[of] p1a: Tyranitar
|move|p2a: Aerodactyl|Rock Slide|p1b: Excadrill|[spread] p1a,p1b
|-resisted|p1b: Excadrill|2
|-damage|p1a: Tyranitar|84/100
|-damage|p1b: Excadrill|93/100
|cant|p1b: Excadrill|flinch
|move|p2b: Sylveon|Hyper Voice|p1a: Tyranitar|[spread] p1a,p1b
|-supereffective|p1a: Tyranitar|1
|-resisted|p1b: Excadrill|1
|-damage|p1a: Tyranitar|27/100
|-damage|p1b: Excadrill|59/100
|
|-weather|Sandstorm|[upkeep]
|-damage|p2b: Sylveon|94/100|[from] Sandstorm
|upkeep
|turn|3
|
|t:|1784653479
|move|p2b: Sylveon|Protect|p2b: Sylveon
|-singleturn|p2b: Sylveon|Protect
|move|p2a: Aerodactyl|Rock Slide|p1a: Tyranitar|[spread] p1b
|-miss|p2a: Aerodactyl|p1a: Tyranitar
|-resisted|p1b: Excadrill|2
|-damage|p1b: Excadrill|52/100
|cant|p1b: Excadrill|flinch
|move|p1a: Tyranitar|Rock Slide|p2a: Aerodactyl|[spread] p2a
|-activate|p2b: Sylveon|move: Protect
|-supereffective|p2a: Aerodactyl|1
|-damage|p2a: Aerodactyl|37/100
|
|-weather|Sandstorm|[upkeep]
|-damage|p2b: Sylveon|88/100|[from] Sandstorm
|upkeep
|turn|4
|
|t:|1784653506
|move|p2a: Aerodactyl|Rock Slide|p1b: Excadrill|[spread] p1a,p1b
|-resisted|p1b: Excadrill|2
|-damage|p1a: Tyranitar|11/100
|-damage|p1b: Excadrill|45/100
|cant|p1b: Excadrill|flinch
|move|p2b: Sylveon|Hyper Voice|p1b: Excadrill|[spread] p1a,p1b
|-supereffective|p1a: Tyranitar|1
|-resisted|p1b: Excadrill|1
|-damage|p1a: Tyranitar|0 fnt
|-damage|p1b: Excadrill|12/100
|faint|p1a: Tyranitar
|
|-weather|Sandstorm|[upkeep]
|-damage|p2b: Sylveon|82/100|[from] Sandstorm
|-sideend|p2: Professor_J93|move: Tailwind
|upkeep
|inactive|Battle timer is ON: inactive players will automatically lose when time's up. (requested by Prepucio Santos)
|
|t:|1784653518
|switch|p1a: Staraptor|Staraptor-Mega, L50, F|69/100
|turn|5
|
|t:|1784653535
|move|p2a: Aerodactyl|Protect|p2a: Aerodactyl
|-singleturn|p2a: Aerodactyl|Protect
|move|p2b: Sylveon|Protect|p2b: Sylveon
|-singleturn|p2b: Sylveon|Protect
|move|p1b: Excadrill|Iron Head|p2a: Aerodactyl
|-activate|p2a: Aerodactyl|move: Protect
|move|p1a: Staraptor|Tailwind|p1a: Staraptor
|-sidestart|p1: Prepucio Santos|move: Tailwind
|
|-weather|Sandstorm|[upkeep]
|-damage|p1a: Staraptor|63/100|[from] Sandstorm
|-damage|p2b: Sylveon|76/100|[from] Sandstorm
|upkeep
|turn|6
|
|t:|1784653547
|move|p2b: Sylveon|Quick Attack|p1b: Excadrill
|-resisted|p1b: Excadrill|1
|-damage|p1b: Excadrill|3/100
|move|p1b: Excadrill|Iron Head|p2b: Sylveon
|-supereffective|p2b: Sylveon|1
|-damage|p2b: Sylveon|0 fnt
|faint|p2b: Sylveon
|move|p1a: Staraptor|Close Combat|p2a: Aerodactyl
|-damage|p2a: Aerodactyl|0 fnt
|-boost|p1a: Staraptor|def|1
|-boost|p1a: Staraptor|spd|1
|faint|p2a: Aerodactyl
|
|-weather|none
|upkeep
|
|t:|1784653553
|switch|p2b: Aegislash|Aegislash, L50, F|100/100
|turn|7
|
|t:|1784653568
|move|p1b: Excadrill|Protect|p1b: Excadrill
|-singleturn|p1b: Excadrill|Protect
|move|p1a: Staraptor|Brave Bird|p2b: Aegislash
|-resisted|p2b: Aegislash|1
|-damage|p2b: Aegislash|76/100
|-damage|p1a: Staraptor|56/100|[from] Recoil
|-formechange|p2b: Aegislash|Aegislash-Blade|
|move|p2b: Aegislash|Poltergeist|p1a: Staraptor
|-activate|p1a: Staraptor|move: Poltergeist|Staraptite
|-damage|p1a: Staraptor|4/100
|
|upkeep
|turn|8
|
|t:|1784653581
|move|p2b: Aegislash|Shadow Sneak|p1b: Excadrill
|-damage|p1b: Excadrill|0 fnt
|faint|p1b: Excadrill
|move|p1a: Staraptor|Brave Bird|p2b: Aegislash
|-resisted|p2b: Aegislash|1
|-damage|p2b: Aegislash|23/100
|-damage|p1a: Staraptor|0 fnt|[from] Recoil
|faint|p1a: Staraptor
|
|win|Professor_J93
