|j|☆Tubbar
|j|☆f89 DonOMarVGC
|html|Tubbarf89 DonOMarVGC    
|uhtml|bestof|Game 3 of a best-of-3
|t:|1784238382
|gametype|doubles
|player|p1|Tubbar|hilbert|1380
|player|p2|f89 DonOMarVGC|lucas|1296
|gen|9
|tier|[Gen 9 Champions] VGC 2026 Reg M-B (Bo3)
|rated|
|rule|Species Clause: Limit one of each Pokémon
|rule|Item Clause: Limit 1 of each item
|clearpoke
|poke|p1|Basculegion, L50, M|
|poke|p1|Glimmora, L50, M|
|poke|p1|Staraptor, L50, F|
|poke|p1|Whimsicott, L50, M|
|poke|p1|Garchomp, L50, F|
|poke|p1|Kingambit, L50, F|
|poke|p2|Staraptor, L50, M|
|poke|p2|Gholdengo, L50|
|poke|p2|Incineroar, L50, F|
|poke|p2|Sinistcha, L50|
|poke|p2|Arcanine-Hisui, L50, F|
|poke|p2|Maushold, L50|
|teampreview|4
|showteam|p1|Basculegion||ChoiceScarf|SwiftSwim|AquaJet,LastRespects,WaveCrash,FlipTurn|Adamant||M|||50|]Glimmora||LifeOrb|ToxicDebris|PowerGem,EarthPower,SpikyShield,SludgeBomb|Modest||M|||50|]Staraptor||Staraptite|Intimidate|BraveBird,CloseCombat,Protect,Roost|Jolly||F|||50|]Whimsicott||FocusSash|Prankster|Moonblast,Tailwind,Protect,Charm|Timid||M|||50|]Garchomp||SitrusBerry|RoughSkin|DragonClaw,RockSlide,Protect,Earthquake|Adamant||F|||50|]Kingambit||ChopleBerry|Defiant|SuckerPunch,KowtowCleave,Protect,IronHead|Adamant||F|||50|
|showteam|p2|Staraptor||Staraptite|Intimidate|Protect,CloseCombat,BraveBird,Roost|Jolly||M|||50|]Gholdengo||LifeOrb|GoodasGold|MakeItRain,ShadowBall,NastyPlot,Protect|Modest|||||50|]Incineroar||SitrusBerry|Intimidate|FakeOut,FlareBlitz,DarkestLariat,PartingShot|Relaxed||F|||50|]Sinistcha||ColburBerry|Hospitality|RagePowder,MatchaGotcha,TrickRoom,Protect|Calm|||||50|]Arcanine-Hisui||FocusSash|RockHead|FlareBlitz,HeadSmash,ExtremeSpeed,Protect|Jolly||F|||50|]Maushold||ChopleBerry|FriendGuard|Protect,FollowMe,Charm,SuperFang|Impish|||||50|
|j| f42 xavo
|j| f09 Ton
|inactive|Battle timer is ON: inactive players will automatically lose when time's up. (requested by Tubbar)
|j| F14 BurguerKing
|j| BygameJorge
|inactive|Tubbar has 60 seconds left.
|inactive|Tubbar has 30 seconds left.
|
|t:|1784238445
|teamsize|p1|4
|teamsize|p2|4
|start
|switch|p1a: Whimsicott|Whimsicott, L50, M|100/100
|switch|p1b: Staraptor|Staraptor, L50, F|100/100
|switch|p2a: Sinistcha|Sinistcha, L50|100/100
|switch|p2b: Gholdengo|Gholdengo, L50|100/100
|-ability|p1b: Staraptor|Intimidate|boost
|-unboost|p2a: Sinistcha|atk|1
|-unboost|p2b: Gholdengo|atk|1
|turn|1
|j| f50 NemesisVGC
|
|t:|1784238461
|switch|p2a: Arcanine|Arcanine-Hisui, L50, F|100/100
|detailschange|p1b: Staraptor|Staraptor-Mega, L50, F
|-mega|p1b: Staraptor|Staraptor|Staraptite
|move|p1a: Whimsicott|Charm|p1b: Staraptor
|-boost|p1b: Staraptor|atk|2
|move|p1b: Staraptor|Brave Bird|p2a: Arcanine
|-resisted|p2a: Arcanine|1
|-damage|p2a: Arcanine|21/100
|-damage|p1b: Staraptor|72/100|[from] Recoil
|move|p2b: Gholdengo|Nasty Plot|p2b: Gholdengo
|-boost|p2b: Gholdengo|spa|2
|
|upkeep
|turn|2
|j| f27 bufflucario
|j| Nesuts
|inactive|Tubbar has 30 seconds left.
|inactive|f89 DonOMarVGC has 30 seconds left.
|
|t:|1784238491
|move|p1b: Staraptor|Protect|p1b: Staraptor
|-singleturn|p1b: Staraptor|Protect
|move|p2a: Arcanine|Extreme Speed|p1a: Whimsicott
|-damage|p1a: Whimsicott|59/100
|move|p1a: Whimsicott|Moonblast|p2a: Arcanine
|-resisted|p2a: Arcanine|1
|-damage|p2a: Arcanine|1/100
|move|p2b: Gholdengo|Make It Rain|p1b: Staraptor|[spread] p1a
|-activate|p1b: Staraptor|move: Protect
|-supereffective|p1a: Whimsicott|1
|-damage|p1a: Whimsicott|0 fnt
|-unboost|p2b: Gholdengo|spa|2
|faint|p1a: Whimsicott
|-damage|p2b: Gholdengo|90/100|[from] item: Life Orb
|
|upkeep
|
|t:|1784238507
|switch|p1a: Basculegion|Basculegion, L50, M|100/100
|turn|3
|
|t:|1784238528
|move|p2b: Gholdengo|Protect|p2b: Gholdengo
|-singleturn|p2b: Gholdengo|Protect
|move|p2a: Arcanine|Extreme Speed|p1b: Staraptor
|-damage|p1b: Staraptor|42/100
|move|p1a: Basculegion|Last Respects|p2b: Gholdengo
|-activate|p2b: Gholdengo|move: Protect
|move|p1b: Staraptor|Brave Bird|p2a: Arcanine
|-resisted|p2a: Arcanine|1
|-damage|p2a: Arcanine|0 fnt
|faint|p2a: Arcanine
|-damage|p1b: Staraptor|41/100|[from] Recoil
|
|upkeep
|
|t:|1784238542
|switch|p2a: Sinistcha|Sinistcha, L50|100/100
|-heal|p2b: Gholdengo|100/100|[from] ability: Hospitality|[of] p2a: Sinistcha
|turn|4
|
|t:|1784238552
|switch|p1a: Kingambit|Kingambit, L50, F|100/100
|move|p2a: Sinistcha|Rage Powder|p2a: Sinistcha
|-singleturn|p2a: Sinistcha|move: Rage Powder
|move|p1b: Staraptor|Brave Bird|p2a: Sinistcha
|-supereffective|p2a: Sinistcha|1
|-damage|p2a: Sinistcha|0 fnt
|faint|p2a: Sinistcha
|-damage|p1b: Staraptor|5/100|[from] Recoil
|move|p2b: Gholdengo|Shadow Ball|p1a: Kingambit
|-resisted|p1a: Kingambit|1
|-damage|p1a: Kingambit|71/100
|-unboost|p1a: Kingambit|spd|1
|-ability|p1a: Kingambit|Defiant|boost
|-boost|p1a: Kingambit|atk|2
|-damage|p2b: Gholdengo|90/100|[from] item: Life Orb
|
|upkeep
|
|t:|1784238564
|switch|p2a: Staraptor|Staraptor, L50, M|100/100
|-ability|p2a: Staraptor|Intimidate|boost
|-unboost|p1a: Kingambit|atk|1
|-ability|p1a: Kingambit|Defiant|boost
|-boost|p1a: Kingambit|atk|2
|-boost|p1b: Staraptor|atk|1
|turn|5
|c|☆f89 DonOMarVGC|No me jodas y le bajo la dsp
|inactive|Tubbar has 30 seconds left.
|inactive|f89 DonOMarVGC has 30 seconds left.
|inactive|f89 DonOMarVGC has 20 seconds left.
|inactive|f89 DonOMarVGC has 15 seconds left.
|inactive|f89 DonOMarVGC has 10 seconds left.
|inactive|f89 DonOMarVGC has 5 seconds left.
|
|t:|1784238616
|detailschange|p2a: Staraptor|Staraptor-Mega, L50, M
|-mega|p2a: Staraptor|Staraptor|Staraptite
|move|p2a: Staraptor|Protect|p2a: Staraptor
|-singleturn|p2a: Staraptor|Protect
|move|p1a: Kingambit|Protect|p1a: Kingambit
|-singleturn|p1a: Kingambit|Protect
|move|p1b: Staraptor|Brave Bird|p2a: Staraptor
|-activate|p2a: Staraptor|move: Protect
|move|p2b: Gholdengo|Make It Rain|p1a: Kingambit|[spread] p1b
|-activate|p1a: Kingambit|move: Protect
|-damage|p1b: Staraptor|0 fnt
|-unboost|p2b: Gholdengo|spa|2
|faint|p1b: Staraptor
|-damage|p2b: Gholdengo|80/100|[from] item: Life Orb
|
|upkeep
|
|t:|1784238631
|switch|p1b: Basculegion|Basculegion, L50, M|100/100
|turn|6
|inactive|f89 DonOMarVGC has 30 seconds left.
|
|t:|1784238665
|move|p1a: Kingambit|Sucker Punch|p2b: Gholdengo
|-supereffective|p2b: Gholdengo|1
|-damage|p2b: Gholdengo|0 fnt
|faint|p2b: Gholdengo
|move|p1b: Basculegion|Last Respects|p2a: Staraptor
|-damage|p2a: Staraptor|12/100
|move|p2a: Staraptor|Roost|p2a: Staraptor
|-heal|p2a: Staraptor|62/100
|-singleturn|p2a: Staraptor|move: Roost
|
|upkeep
|turn|7
|l| f42 xavo
|
|t:|1784238686
|move|p1a: Kingambit|Sucker Punch|p2a: Staraptor
|-resisted|p2a: Staraptor|1
|-damage|p2a: Staraptor|8/100
|move|p1b: Basculegion|Last Respects|p2a: Staraptor
|-damage|p2a: Staraptor|0 fnt
|faint|p2a: Staraptor
|
|win|Tubbar
|raw|Tubbar's rating: 1380 → 1395(+15 for winning)
|raw|f89 DonOMarVGC's rating: 1296 → 1277(-19 for losing)
|c|☆f89 DonOMarVGC|Na f
|c|☆f89 DonOMarVGC|Es increíble
|c| f27 bufflucario|f
|c| f27 bufflucario|;(
|l|☆f89 DonOMarVGC
|player|p2|
