|j|☆fldknlk
|j|☆HOPE AND DESIRE
|html|fldknlkHOPE AND DESIRE    
|uhtml|bestof|Game 2 of a best-of-3
|t:|1783794717
|gametype|doubles
|player|p1|fldknlk|169|1098
|player|p2|HOPE AND DESIRE|gambler|1000
|gen|9
|tier|[Gen 9 Champions] VGC 2026 Reg M-B (Bo3)
|rated|
|rule|Species Clause: Limit one of each Pokémon
|rule|Item Clause: Limit 1 of each item
|clearpoke
|poke|p1|Umbreon, L50, M, shiny|
|poke|p1|Jolteon, L50, M|
|poke|p1|Pelipper, L50, M|
|poke|p1|Starmie, L50, shiny|
|poke|p1|Palafin, L50, F|
|poke|p1|Archaludon, L50, M, shiny|
|poke|p2|Charizard, L50, F|
|poke|p2|Whimsicott, L50, F|
|poke|p2|Garchomp, L50, M|
|poke|p2|Basculegion, L50, M|
|poke|p2|Glimmora, L50, F|
|poke|p2|Kingambit, L50, F|
|teampreview|4
|showteam|p1|Umbreon||Leftovers|InnerFocus|FoulPlay,Protect,Wish,Taunt|Careful||M|||50|]Jolteon||ExpertBelt|VoltAbsorb|VoltSwitch,Thunderbolt,ShadowBall,Protect|Timid||M|||50|]Pelipper||FocusSash|Drizzle|Tailwind,WideGuard,WeatherBall,Hurricane|Modest||M|||50|]Starmie||Starminite|Illuminate|SelfDestruct,Protect,AquaJet,Waterfall|Adamant|||||50|]Palafin||ChoiceScarf|ZerotoHero|FlipTurn,CloseCombat,IcePunch,WaveCrash|Jolly||F|||50|]Archaludon||SitrusBerry|Stamina|ElectroShot,DracoMeteor,Protect,FlashCannon|Timid||M|||50|
|showteam|p2|Charizard||CharizarditeY|Blaze|WeatherBall,HeatWave,SolarBeam,Protect|Modest||F|||50|]Whimsicott||FairyFeather|Prankster|Moonblast,TrickRoom,Encore,Tailwind|Bold||F|||50|]Garchomp||SitrusBerry|RoughSkin|DragonClaw,Earthquake,RockSlide,Protect|Adamant||M|||50|]Basculegion||MysticWater|Adaptability|WaveCrash,AquaJet,LastRespects,Protect|Adamant||M|||50|]Glimmora||FocusSash|ToxicDebris|PowerGem,SludgeBomb,SpikyShield,EarthPower|Modest||F|||50|]Kingambit||ChopleBerry|Defiant|KowtowCleave,SuckerPunch,IronHead,LowKick|Adamant||F|||50|
|
|t:|1783794734
|teamsize|p1|4
|teamsize|p2|4
|start
|switch|p1a: Jolteon|Jolteon, L50, M|100/100
|switch|p1b: Palafin|Palafin, L50, F|100/100
|switch|p2a: Golden Mushroom|Whimsicott, L50, F|100/100
|switch|p2b: Poison Blooper|Glimmora, L50, F|100/100
|turn|1
|
|t:|1783794764
|move|p2b: Poison Blooper|Spiky Shield|p2b: Poison Blooper
|-singleturn|p2b: Poison Blooper|move: Protect
|move|p1b: Palafin|Flip Turn|p2a: Golden Mushroom
|-resisted|p2a: Golden Mushroom|1
|-damage|p2a: Golden Mushroom|89/100
|
|t:|1783794770
|detailschange|p1b: Palafin|Palafin-Hero, L50, F
|switch|p1b: Pelipper|Pelipper, L50, M|100/100|[from] Flip Turn
|-weather|RainDance|[from] ability: Drizzle|[of] p1b: Pelipper
|move|p1a: Jolteon|Volt Switch|p2b: Poison Blooper
|-activate|p2b: Poison Blooper|move: Protect
|move|p2a: Golden Mushroom|Trick Room|p2a: Golden Mushroom
|-fieldstart|move: Trick Room|[of] p2a: Golden Mushroom
|
|-weather|RainDance|[upkeep]
|upkeep
|turn|2
|
|t:|1783794791
|move|p1a: Jolteon|Protect|p1a: Jolteon
|-singleturn|p1a: Jolteon|Protect
|move|p1b: Pelipper|Weather Ball|p2b: Poison Blooper
|-supereffective|p2b: Poison Blooper|1
|-enditem|p2b: Poison Blooper|Focus Sash
|-damage|p2b: Poison Blooper|1/100
|move|p2a: Golden Mushroom|Moonblast|p1b: Pelipper
|-damage|p1b: Pelipper|55/100
|move|p2b: Poison Blooper|Power Gem|p1b: Pelipper
|-supereffective|p1b: Pelipper|1
|-damage|p1b: Pelipper|0 fnt
|faint|p1b: Pelipper
|
|-weather|RainDance|[upkeep]
|upkeep
|
|t:|1783794797
|switch|p1b: Archaludon|Archaludon, L50, M, shiny|100/100
|turn|3
|
|t:|1783794815
|move|p2a: Golden Mushroom|Encore|p1a: Jolteon
|-start|p1a: Jolteon|Encore
|move|p1a: Jolteon|Protect|p1a: Jolteon
|-singleturn|p1a: Jolteon|Protect
|move|p2b: Poison Blooper|Earth Power|p1b: Archaludon
|-supereffective|p1b: Archaludon|1
|-damage|p1b: Archaludon|0 fnt
|faint|p1b: Archaludon
|
|-weather|RainDance|[upkeep]
|upkeep
|
|t:|1783794823
|switch|p1b: Palafin|Palafin-Hero, L50, F|100/100
|-activate|p1b: Palafin|ability: Zero to Hero
|turn|4
|c|☆HOPE AND DESIRE|gg
|
|t:|1783794841
|move|p1a: Jolteon|Protect||[still]
|-fail|p1a: Jolteon
|move|p2a: Golden Mushroom|Moonblast|p1b: Palafin
|-damage|p1b: Palafin|62/100
|move|p2b: Poison Blooper|Sludge Bomb|p1b: Palafin
|-damage|p1b: Palafin|2/100
|move|p1b: Palafin|Wave Crash|p2b: Poison Blooper
|-supereffective|p2b: Poison Blooper|1
|-crit|p2b: Poison Blooper
|-damage|p2b: Poison Blooper|0 fnt
|-activate|p2b: Poison Blooper|ability: Toxic Debris
|-sidestart|p1: fldknlk|move: Toxic Spikes
|faint|p2b: Poison Blooper
|-damage|p1b: Palafin|2/100|[from] Recoil
|
|-weather|RainDance|[upkeep]
|upkeep
|
|t:|1783794857
|switch|p2b: SuperStar|Charizard, L50, F|100/100
|turn|5
|
|t:|1783794869
|detailschange|p2b: SuperStar|Charizard-Mega-Y, L50, F
|-mega|p2b: SuperStar|Charizard|Charizardite Y
|-weather|SunnyDay|[from] ability: Drought|[of] p2b: SuperStar
|move|p2b: SuperStar|Protect|p2b: SuperStar
|-singleturn|p2b: SuperStar|Protect
|move|p1a: Jolteon|Protect|p1a: Jolteon
|-singleturn|p1a: Jolteon|Protect
|move|p2a: Golden Mushroom|Tailwind|p2a: Golden Mushroom
|-sidestart|p2: HOPE AND DESIRE|move: Tailwind
|move|p1b: Palafin|Wave Crash|p2b: SuperStar
|-activate|p2b: SuperStar|move: Protect
|
|-weather|SunnyDay|[upkeep]
|-end|p1a: Jolteon|Encore
|-fieldend|move: Trick Room
|upkeep
|turn|6
|
|t:|1783794883
|move|p2a: Golden Mushroom|Encore|p1a: Jolteon
|-start|p1a: Jolteon|Encore
|move|p1a: Jolteon|Protect|p1a: Jolteon
|-singleturn|p1a: Jolteon|Protect
|move|p2b: SuperStar|Heat Wave|p1a: Jolteon|[spread] p1b
|-activate|p1a: Jolteon|move: Protect
|-resisted|p1b: Palafin|1
|-damage|p1b: Palafin|0 fnt
|faint|p1b: Palafin
|
|-weather|SunnyDay|[upkeep]
|upkeep
|turn|7
|c|☆HOPE AND DESIRE|gg
|
|t:|1783794895
|move|p2b: SuperStar|Protect|p2b: SuperStar
|-singleturn|p2b: SuperStar|Protect
|move|p1a: Jolteon|Protect||[still]
|-fail|p1a: Jolteon
|move|p2a: Golden Mushroom|Trick Room|p2a: Golden Mushroom
|-fieldstart|move: Trick Room|[of] p2a: Golden Mushroom
|
|-weather|SunnyDay|[upkeep]
|upkeep
|turn|8
|
|t:|1783794905
|move|p1a: Jolteon|Protect|p1a: Jolteon
|-singleturn|p1a: Jolteon|Protect
|move|p2b: SuperStar|Protect||[still]
|-fail|p2b: SuperStar
|move|p2a: Golden Mushroom|Trick Room|p2a: Golden Mushroom
|-fieldend|move: Trick Room
|
|-weather|SunnyDay|[upkeep]
|-end|p1a: Jolteon|Encore
|-sideend|p2: HOPE AND DESIRE|move: Tailwind
|upkeep
|turn|9
|
|t:|1783794915
|move|p2b: SuperStar|Protect|p2b: SuperStar
|-singleturn|p2b: SuperStar|Protect
|move|p2a: Golden Mushroom|Encore|p1a: Jolteon
|-start|p1a: Jolteon|Encore
|move|p1a: Jolteon|Protect||[still]
|-fail|p1a: Jolteon
|
|-weather|none
|-end|p1a: Jolteon|Encore
|upkeep
|turn|10
|
|t:|1783794934
|switch|p2b: Bascullet Bill|Basculegion, L50, M|100/100
|move|p2a: Golden Mushroom|Encore||[still]
|-fail|p2a: Golden Mushroom
|move|p1a: Jolteon|Thunderbolt|p2b: Bascullet Bill
|-supereffective|p2b: Bascullet Bill|1
|-damage|p2b: Bascullet Bill|0 fnt
|faint|p2b: Bascullet Bill
|
|upkeep
|
|t:|1783794941
|switch|p2b: SuperStar|Charizard-Mega-Y, L50, F|100/100
|-weather|SunnyDay|[from] ability: Drought|[of] p2b: SuperStar
|turn|11
|
|t:|1783794948
|move|p2a: Golden Mushroom|Tailwind|p2a: Golden Mushroom
|-sidestart|p2: HOPE AND DESIRE|move: Tailwind
|move|p2b: SuperStar|Weather Ball|p1a: Jolteon
|-damage|p1a: Jolteon|0 fnt
|faint|p1a: Jolteon
|
|win|HOPE AND DESIRE
|raw|fldknlk's rating: 1098 → 1067(-31 for losing)
|raw|HOPE AND DESIRE's rating: 1000 → 1051(+51 for winning)
|c|☆HOPE AND DESIRE|gg
