|j|☆EBnilla
|j|☆dmac55
|html|EBnilladmac55    
|uhtml|bestof|Game 1 of a best-of-3
|t:|1786118097
|gametype|doubles
|player|p1|EBnilla|backpacker|1247
|player|p2|dmac55|170|1296
|gen|9
|tier|[Gen 9 Champions] VGC 2026 Reg M-B (Bo3)
|rated|
|rule|Species Clause: Limit one of each Pokémon
|rule|Item Clause: Limit 1 of each item
|clearpoke
|poke|p1|Charizard, L50, M|
|poke|p1|Venusaur, L50, M|
|poke|p1|Sneasler, L50, M|
|poke|p1|Garchomp, L50, M|
|poke|p1|Raichu, L50, M|
|poke|p1|Incineroar, L50, M|
|poke|p2|Vanilluxe, L50, M|
|poke|p2|Kingambit, L50, M|
|poke|p2|Raichu, L50, F|
|poke|p2|Basculegion, L50, M|
|poke|p2|Volcarona, L50, M|
|poke|p2|Garchomp, L50, M|
|teampreview|4
|showteam|p1|Charizard||CharizarditeY|SolarPower|HeatWave,WeatherBall,SolarBeam,Protect|Timid||M|||50|]Venusaur||PoisonBarb|Chlorophyll|SludgeBomb,SolarBeam,SleepPowder,Protect|Modest||M|||50|]Sneasler||FocusSash|Unburden|CloseCombat,DireClaw,FakeOut,Protect|Jolly||M|||50|]Garchomp||ChoiceScarf|RoughSkin|Earthquake,RockSlide,DragonClaw,IronHead|Jolly||M|||50|]Raichu||RaichuniteY|LightningRod|ZapCannon,FocusBlast,FakeOut,Protect|Timid||M|||50|]Incineroar||ChopleBerry|Intimidate|FlareBlitz,DarkestLariat,FakeOut,PartingShot|Adamant||M|||50|
|showteam|p2|Vanilluxe||NeverMeltIce|SnowWarning|Blizzard,FreezeDry,IceShard,Protect|Modest||M|||50|]Kingambit||ChopleBerry|Defiant|KowtowCleave,SuckerPunch,IronHead,LowKick|Adamant||M|||50|]Raichu||RaichuniteY|LightningRod|FakeOut,ZapCannon,FocusBlast,Protect|Timid||F|||50|]Basculegion||ChoiceScarf|Adaptability|LastRespects,WaveCrash,AquaJet,FlipTurn|Jolly||M|||50|]Volcarona||SitrusBerry|FlameBody|Tailwind,RagePowder,HeatWave,AirSlash|Bold||M|||50|]Garchomp||LifeOrb|RoughSkin|DragonClaw,StompingTantrum,RockSlide,Protect|Jolly||M|||50|
|
|t:|1786118140
|teamsize|p1|4
|teamsize|p2|4
|start
|switch|p1a: Incineroar|Incineroar, L50, M|100/100
|switch|p1b: Raichu|Raichu, L50, M|100/100
|switch|p2a: Raichu|Raichu, L50, F|100/100
|switch|p2b: Basculegion|Basculegion, L50, M|100/100
|-ability|p1a: Incineroar|Intimidate|boost
|-unboost|p2a: Raichu|atk|1
|-unboost|p2b: Basculegion|atk|1
|turn|1
|
|t:|1786118167
|move|p1b: Raichu|Protect|p1b: Raichu
|-singleturn|p1b: Raichu|Protect
|move|p2b: Basculegion|Flip Turn|p1a: Incineroar
|-supereffective|p1a: Incineroar|1
|-damage|p1a: Incineroar|45/100
|
|t:|1786118175
|switch|p2b: Volcarona|Volcarona, L50, M|100/100|[from] Flip Turn
|move|p2a: Raichu|Focus Blast|p1b: Raichu
|-activate|p1b: Raichu|move: Protect
|move|p1a: Incineroar|Darkest Lariat|p2b: Volcarona
|-damage|p2b: Volcarona|62/100
|
|upkeep
|turn|2
|
|t:|1786118197
|switch|p1b: Charizard|Charizard, L50, M|100/100
|detailschange|p2a: Raichu|Raichu-Mega-Y, L50, F
|-mega|p2a: Raichu|Raichu|Raichunite Y
|move|p2a: Raichu|Focus Blast|p1b: Charizard
|-resisted|p1b: Charizard|1
|-damage|p1b: Charizard|71/100
|move|p2b: Volcarona|Tailwind|p2b: Volcarona
|-sidestart|p2: dmac55|move: Tailwind
|move|p1a: Incineroar|Parting Shot|p2b: Volcarona
|-unboost|p2b: Volcarona|atk|1
|-unboost|p2b: Volcarona|spa|1
|
|t:|1786118206
|switch|p1a: Garchomp|Garchomp, L50, M|100/100|[from] Parting Shot
|
|upkeep
|turn|3
|
|t:|1786118220
|move|p1b: Charizard|Protect|p1b: Charizard
|-singleturn|p1b: Charizard|Protect
|move|p2a: Raichu|Focus Blast|p1a: Garchomp
|-damage|p1a: Garchomp|56/100
|move|p1a: Garchomp|Earthquake|p2b: Volcarona|[spread] p2a,p2b
|-activate|p1b: Charizard|move: Protect
|-supereffective|p2a: Raichu|1
|-damage|p2a: Raichu|0 fnt
|-damage|p2b: Volcarona|25/100
|-enditem|p2b: Volcarona|Sitrus Berry|[eat]
|-heal|p2b: Volcarona|50/100g|[from] item: Sitrus Berry
|faint|p2a: Raichu
|move|p2b: Volcarona|Heat Wave|p1b: Charizard|[spread] p1a
|-activate|p1b: Charizard|move: Protect
|-resisted|p1a: Garchomp|1
|-damage|p1a: Garchomp|44/100
|
|upkeep
|
|t:|1786118236
|switch|p2a: Garchomp|Garchomp, L50, M|100/100
|turn|4
|
|t:|1786118249
|switch|p1a: Incineroar|Incineroar, L50, M|45/100
|-ability|p1a: Incineroar|Intimidate|boost
|-unboost|p2a: Garchomp|atk|1
|-unboost|p2b: Volcarona|atk|1
|move|p2a: Garchomp|Dragon Claw|p1a: Incineroar
|-damage|p1a: Incineroar|0 fnt
|faint|p1a: Incineroar
|-damage|p2a: Garchomp|90/100|[from] item: Life Orb
|move|p2b: Volcarona|Heat Wave|p1b: Charizard
|-resisted|p1b: Charizard|1
|-damage|p1b: Charizard|52/100
|move|p1b: Charizard|Heat Wave|p2a: Garchomp|[spread] p2a,p2b
|-resisted|p2a: Garchomp|1
|-damage|p2a: Garchomp|72/100
|-damage|p2b: Volcarona|23/100
|
|upkeep
|
|t:|1786118264
|switch|p1a: Raichu|Raichu, L50, M|100/100
|turn|5
|
|t:|1786118273
|switch|p2a: Basculegion|Basculegion, L50, M|100/100
|switch|p1b: Garchomp|Garchomp, L50, M|44/100
|detailschange|p1a: Raichu|Raichu-Mega-Y, L50, M
|-mega|p1a: Raichu|Raichu|Raichunite Y
|move|p1a: Raichu|Fake Out|p2a: Basculegion
|-immune|p2a: Basculegion
|move|p2b: Volcarona|Heat Wave|p1a: Raichu|[spread] p1a,p1b
|-resisted|p1b: Garchomp|1
|-damage|p1a: Raichu|68/100
|-damage|p1b: Garchomp|32/100
|-status|p1a: Raichu|brn
|
|-damage|p1a: Raichu|62/100 brn|[from] brn
|-sideend|p2: dmac55|move: Tailwind
|upkeep
|turn|6
|
|t:|1786118295
|switch|p1a: Charizard|Charizard, L50, M|52/100
|move|p1b: Garchomp|Earthquake|p2a: Basculegion|[spread] p2a,p2b
|-immune|p1a: Charizard
|-damage|p2a: Basculegion|47/100
|-damage|p2b: Volcarona|0 fnt
|faint|p2b: Volcarona
|move|p2a: Basculegion|Last Respects|p1a: Charizard
|-damage|p1a: Charizard|0 fnt
|faint|p1a: Charizard
|
|upkeep
|inactive|Battle timer is ON: inactive players will automatically lose when time's up. (requested by EBnilla)
|
|t:|1786118306
|switch|p1a: Raichu|Raichu-Mega-Y, L50, M|62/100 brn
|switch|p2b: Garchomp|Garchomp, L50, M|72/100
|turn|7
|l|☆EBnilla
|inactive|EBnilla disconnected and has a minute to reconnect!
|player|p1|
|
|t:|1786118318
|move|p1a: Raichu|Protect|p1a: Raichu
|-singleturn|p1a: Raichu|Protect
|move|p1b: Garchomp|Earthquake|p2b: Garchomp|[spread] p2a,p2b
|-activate|p1a: Raichu|move: Protect
|-damage|p2a: Basculegion|0 fnt
|-damage|p2b: Garchomp|28/100
|faint|p2a: Basculegion
|move|p2b: Garchomp|Dragon Claw|p1b: Garchomp
|-supereffective|p1b: Garchomp|1
|-damage|p1b: Garchomp|0 fnt
|-damage|p2b: Garchomp|16/100|[from] ability: Rough Skin|[of] p1b: Garchomp
|faint|p1b: Garchomp
|-damage|p2b: Garchomp|7/100|[from] item: Life Orb
|
|-damage|p1a: Raichu|56/100 brn|[from] brn
|upkeep
|turn|8
|inactive|EBnilla has 30 seconds left.
|inactive|EBnilla has 20 seconds left.
|inactive|EBnilla has 15 seconds left.
|inactive|EBnilla has 10 seconds left.
|inactive|EBnilla has 5 seconds left.
|-message|EBnilla lost due to inactivity.
|
|win|dmac55
