|j|☆pentagonfoot
|j|☆ShabazXVGC
|html|pentagonfootShabazXVGC    
|uhtml|bestof|Game 2 of a best-of-3
|t:|1757727927
|gametype|doubles
|player|p1|pentagonfoot|caitlin|1145
|player|p2|ShabazXVGC|marlon|1099
|gen|9
|tier|[Gen 9] VGC 2025 Reg H (Bo3)
|rated|
|rule|Species Clause: Limit one of each Pokémon
|rule|Item Clause: Limit 1 of each item
|clearpoke
|poke|p1|Hatterene, L50, F|
|poke|p1|Indeedee-F, L50, F|
|poke|p1|Torkoal, L50, M|
|poke|p1|Ursaluna, L50, F|
|poke|p1|Gallade, L50, M|
|poke|p1|Maushold, L50|
|poke|p2|Rillaboom, L50, F|
|poke|p2|Pelipper, L50, M|
|poke|p2|Archaludon, L50, M|
|poke|p2|Bellibolt, L50, M|
|poke|p2|Palafin, L50, M|
|poke|p2|Overqwil, L50, M|
|teampreview|4
|showteam|p1|Hatterene||CovertCloak|MagicBounce|ExpandingForce,DazzlingGleam,TeraBlast,TrickRoom|||F|||50|,,,,,Fire]Indeedee-F||PsychicSeed|PsychicSurge|Psychic,FollowMe,HelpingHand,TrickRoom|||F|||50|,,,,,Water]Torkoal||ChoiceSpecs|Drought|Eruption,HeatWave,EarthPower,WeatherBall|||M|||50|,,,,,Fire]Ursaluna||FlameOrb|Guts|Facade,Earthquake,HeadlongRush,Protect|||F|||50|,,,,,Ghost]Gallade||ClearAmulet|Sharpness|SacredSword,PsychoCut,WideGuard,TrickRoom|||M|||50|,,,,,Grass]Maushold||WideLens|Technician|PopulationBomb,FollowMe,Taunt,Protect||||||50|,,,,,Poison
|showteam|p2|Rillaboom||GrassySeed|GrassySurge|FakeOut,HighHorsepower,GrassyGlide,WoodHammer|||F|||50|,,,,,Fire]Pelipper||FocusSash|Drizzle|Hurricane,Protect,Tailwind,WeatherBall|||M|||50|,,,,,Flying]Archaludon||SitrusBerry|Stamina|FlashCannon,DracoMeteor,ElectroShot,BodyPress|||M|||50|,,,,,Grass]Bellibolt||AssaultVest|Electromorphosis|ParabolicCharge,ChillingWater,VoltSwitch,Electroweb|||M|||50|,,,,,Water]Palafin||ChoiceScarf|ZerotoHero|JetPunch,FlipTurn,WaveCrash,ZenHeadbutt|||M|||50|,,,,,Water]Overqwil||LifeOrb|SwiftSwim|PoisonJab,Crunch,Liquidation,SwordsDance|||M|||50|,,,,,Water
|inactive|Battle timer is ON: inactive players will automatically lose when time's up. (requested by pentagonfoot)
|
|t:|1757727960
|teamsize|p1|4
|teamsize|p2|4
|start
|switch|p1a: Catford Bridge|Indeedee-F, L50, F|100/100
|switch|p1b: Victoria|Hatterene, L50, F|100/100
|switch|p2a: Magellan|Overqwil, L50, M|100/100
|switch|p2b: Palafin|Palafin, L50, M|100/100
|-fieldstart|move: Psychic Terrain|[from] ability: Psychic Surge|[of] p1a: Catford Bridge
|-enditem|p1a: Catford Bridge|Psychic Seed
|-boost|p1a: Catford Bridge|spd|1|[from] item: Psychic Seed
|turn|1
|
|t:|1757727975
|-terastallize|p1b: Victoria|Fire
|move|p2b: Palafin|Flip Turn|p1b: Victoria
|-supereffective|p1b: Victoria
|-damage|p1b: Victoria|52/100
|
|t:|1757727981
|detailschange|p2b: Palafin|Palafin-Hero, L50, M
|switch|p2b: Liberation|Rillaboom, L50, F|100/100|[from] Flip Turn
|-fieldstart|move: Grassy Terrain|[from] ability: Grassy Surge|[of] p2b: Liberation
|-enditem|p2b: Liberation|Grassy Seed
|-boost|p2b: Liberation|def|1|[from] item: Grassy Seed
|move|p2a: Magellan|Crunch|p1b: Victoria
|-damage|p1b: Victoria|0 fnt
|faint|p1b: Victoria
|-damage|p2a: Magellan|90/100|[from] item: Life Orb
|move|p1a: Catford Bridge|Trick Room|p1a: Catford Bridge
|-fieldstart|move: Trick Room|[of] p1a: Catford Bridge
|
|-heal|p2a: Magellan|97/100|[from] Grassy Terrain
|upkeep
|
|t:|1757727991
|switch|p1b: Hayes|Ursaluna, L50, F|100/100
|turn|2
|inactive|ShabazXVGC has 30 seconds left.
|
|t:|1757728023
|switch|p1a: Sundridge Park|Torkoal, L50, M|100/100
|-weather|SunnyDay|[from] ability: Drought|[of] p1a: Sundridge Park
|move|p2b: Liberation|Fake Out|p1b: Hayes
|-crit|p1b: Hayes
|-damage|p1b: Hayes|87/100
|cant|p1b: Hayes|flinch
|move|p2a: Magellan|Crunch|p1a: Sundridge Park
|-damage|p1a: Sundridge Park|61/100
|-damage|p2a: Magellan|87/100|[from] item: Life Orb
|
|-weather|SunnyDay|[upkeep]
|-heal|p1a: Sundridge Park|67/100|[from] Grassy Terrain
|-heal|p1b: Hayes|92/100|[from] Grassy Terrain
|-heal|p2a: Magellan|93/100|[from] Grassy Terrain
|-status|p1b: Hayes|brn|[from] item: Flame Orb
|upkeep
|turn|3
|inactive|pentagonfoot has 30 seconds left.
|
|t:|1757728052
|switch|p2a: Big News|Pelipper, L50, M|100/100
|-weather|RainDance|[from] ability: Drizzle|[of] p2a: Big News
|-terastallize|p2b: Liberation|Fire
|move|p1a: Sundridge Park|Eruption|p2a: Big News|[spread] p2a,p2b
|-resisted|p2a: Big News
|-resisted|p2b: Liberation
|-damage|p2a: Big News|82/100
|-damage|p2b: Liberation|87/100
|move|p1b: Hayes|Facade|p2a: Big News
|-damage|p2a: Big News|0 fnt
|faint|p2a: Big News
|move|p2b: Liberation|High Horsepower|p1a: Sundridge Park
|-supereffective|p1a: Sundridge Park
|-damage|p1a: Sundridge Park|23/100
|
|-weather|RainDance|[upkeep]
|-heal|p1a: Sundridge Park|29/100|[from] Grassy Terrain
|-heal|p1b: Hayes|98/100 brn|[from] Grassy Terrain
|-heal|p2b: Liberation|93/100|[from] Grassy Terrain
|-damage|p1b: Hayes|92/100 brn|[from] brn
|upkeep
|
|t:|1757728071
|switch|p2a: Magellan|Overqwil, L50, M|93/100
|turn|4
|
|t:|1757728081
|switch|p1a: Catford Bridge|Indeedee-F, L50, F|100/100
|-fieldstart|move: Psychic Terrain|[from] ability: Psychic Surge|[of] p1a: Catford Bridge
|switch|p2b: Palafin|Palafin-Hero, L50, M|100/100
|-activate|p2b: Palafin|ability: Zero to Hero
|move|p1b: Hayes|Earthquake|p2b: Palafin|[spread] p1a,p2a,p2b
|-supereffective|p2a: Magellan
|-damage|p1a: Catford Bridge|42/100
|-damage|p2a: Magellan|0 fnt
|-damage|p2b: Palafin|28/100
|faint|p2a: Magellan
|
|-weather|RainDance|[upkeep]
|-damage|p1b: Hayes|87/100 brn|[from] brn
|upkeep
|
|t:|1757728095
|switch|p2a: Liberation|Rillaboom, L50, F, tera:Fire|93/100
|-fieldstart|move: Grassy Terrain|[from] ability: Grassy Surge|[of] p2a: Liberation
|turn|5
|
|t:|1757728105
|switch|p1a: Sundridge Park|Torkoal, L50, M|29/100
|-weather|SunnyDay|[from] ability: Drought|[of] p1a: Sundridge Park
|move|p1b: Hayes|Protect|p1b: Hayes
|-singleturn|p1b: Hayes|Protect
|move|p2a: Liberation|Grassy Glide|p1b: Hayes
|-activate|p1b: Hayes|move: Protect
|move|p2b: Palafin|Jet Punch|p1b: Hayes
|-activate|p1b: Hayes|move: Protect
|
|-weather|SunnyDay|[upkeep]
|-heal|p1a: Sundridge Park|36/100|[from] Grassy Terrain
|-heal|p1b: Hayes|92/100 brn|[from] Grassy Terrain
|-heal|p2a: Liberation|99/100|[from] Grassy Terrain
|-heal|p2b: Palafin|34/100|[from] Grassy Terrain
|-damage|p1b: Hayes|87/100 brn|[from] brn
|-fieldend|move: Trick Room
|upkeep
|turn|6
|
|t:|1757728126
|switch|p1b: Catford Bridge|Indeedee-F, L50, F|42/100
|-fieldstart|move: Psychic Terrain|[from] ability: Psychic Surge|[of] p1b: Catford Bridge
|move|p2b: Palafin|Jet Punch|p1b: Catford Bridge
|-activate|p1b: Catford Bridge|move: Psychic Terrain
|move|p2a: Liberation|High Horsepower|p1a: Sundridge Park
|-supereffective|p1a: Sundridge Park
|-damage|p1a: Sundridge Park|0 fnt
|faint|p1a: Sundridge Park
|
|-weather|SunnyDay|[upkeep]
|upkeep
|
|t:|1757728135
|switch|p1a: Hayes|Ursaluna, L50, F|87/100 brn
|turn|7
|
|t:|1757728142
|move|p1b: Catford Bridge|Follow Me|p1b: Catford Bridge
|-singleturn|p1b: Catford Bridge|move: Follow Me
|move|p2b: Palafin|Jet Punch|p1b: Catford Bridge
|-activate|p1b: Catford Bridge|move: Psychic Terrain
|move|p2a: Liberation|Wood Hammer|p1b: Catford Bridge
|-damage|p1b: Catford Bridge|0 fnt
|faint|p1b: Catford Bridge
|-damage|p2a: Liberation|86/100|[from] Recoil
|move|p1a: Hayes|Earthquake|p2b: Palafin|[spread] p2a,p2b
|-supereffective|p2a: Liberation
|-damage|p2a: Liberation|0 fnt
|-damage|p2b: Palafin|0 fnt
|faint|p2a: Liberation
|faint|p2b: Palafin
|
|win|pentagonfoot
|raw|pentagonfoot's rating: 1145 → 1167(+22 for winning)
|raw|ShabazXVGC's rating: 1099 → 1077(-22 for losing)
|l|☆ShabazXVGC
|player|p2|
|j|☆ShabazXVGC
|player|p2|ShabazXVGC|marlon|
