|j|☆s4m1_jaw3d
|j|☆HikerTrash
|html|s4m1_jaw3dHikerTrash    
|uhtml|bestof|Game 1 of a best-of-3
|t:|1785263667
|gametype|doubles
|player|p1|s4m1_jaw3d|volkner|
|player|p2|HikerTrash|169|
|gen|9
|tier|[Gen 9 Champions] VGC 2026 Reg M-B (Bo3)
|rule|Species Clause: Limit one of each Pokémon
|rule|Item Clause: Limit 1 of each item
|clearpoke
|poke|p1|Charizard, L50, M|
|poke|p1|Noivern, L50, F|
|poke|p1|Kingambit, L50, F|
|poke|p1|Vileplume, L50, F|
|poke|p1|Weavile, L50, F|
|poke|p1|Wyrdeer, L50, F|
|poke|p2|Charizard, L50, F|
|poke|p2|Dragapult, L50, M|
|poke|p2|Toxapex, L50, M|
|poke|p2|Sableye, L50, F|
|poke|p2|Venusaur, L50, F|
|poke|p2|Kingambit, L50, M|
|teampreview|4
|showteam|p1|Charizard||CharizarditeY|Blaze|WeatherBall,Protect,SolarBeam,HeatWave|Timid||M|||50|]Noivern||FocusSash|Infiltrator|Tailwind,DracoMeteor,BreakingSwipe,AirSlash|Hasty||F|||50|]Kingambit||BlackGlasses|SupremeOverlord|Protect,LowKick,SuckerPunch,KowtowCleave|Adamant||F|||50|]Vileplume||ChoiceScarf|Chlorophyll|WeatherBall,StrengthSap,SludgeBomb,Protect|Modest||F|||50|]Weavile||LifeOrb|Pressure|KnockOff,TripleAxel,PoisonJab,BrickBreak|Jolly||F|||50|]Wyrdeer||Magnet|SapSipper|WildCharge,TrickRoom,PsyshieldBash,Protect|Adamant||F|||50|
|showteam|p2|Charizard||CharizarditeY|Blaze|HeatWave,WeatherBall,AirSlash,Protect|Modest||F|||50|]Dragapult||FocusSash|ClearBody|Protect,Disable,ThunderWave,DragonDarts|Jolly||M|||50|]Toxapex||Leftovers|Regenerator|BanefulBunker,Toxic,Infestation,Recover|Calm||M|||50|]Sableye||Sablenite|Prankster|FoulPlay,LightScreen,Encore,Disable|Calm||F|||50|]Venusaur||OccaBerry|Chlorophyll|Protect,SolarBeam,SludgeBomb,EarthPower|Modest||F|||50|]Kingambit||BlackGlasses|SupremeOverlord|Protect,SuckerPunch,KowtowCleave,IronHead|Brave||M|||50|
|c|☆HikerTrash|ope. OTS. I just won't look I guess lol
|c|☆HikerTrash|glhf
|c|☆s4m1_jaw3d|Yh glhf
|c|☆s4m1_jaw3d|I lwk forgot abt that
|
|t:|1785263745
|teamsize|p1|4
|teamsize|p2|4
|start
|switch|p1a: Charizard|Charizard, L50, M|100/100
|switch|p1b: Vileplume|Vileplume, L50, F|100/100
|switch|p2a: Dragapult|Dragapult, L50, M|100/100
|switch|p2b: Toxapex|Toxapex, L50, M|100/100
|turn|1
|
|t:|1785263784
|detailschange|p1a: Charizard|Charizard-Mega-Y, L50, M
|-mega|p1a: Charizard|Charizard|Charizardite Y
|-weather|SunnyDay|[from] ability: Drought|[of] p1a: Charizard
|move|p2a: Dragapult|Protect|p2a: Dragapult
|-singleturn|p2a: Dragapult|Protect
|move|p1b: Vileplume|Weather Ball|p2a: Dragapult
|-activate|p2a: Dragapult|move: Protect
|move|p1a: Charizard|Weather Ball|p2a: Dragapult
|-activate|p2a: Dragapult|move: Protect
|move|p2b: Toxapex|Toxic|p1a: Charizard
|-status|p1a: Charizard|tox
|
|-weather|SunnyDay|[upkeep]
|-damage|p1a: Charizard|94/100 tox|[from] psn
|upkeep
|turn|2
|
|t:|1785263814
|switch|p1b: Kingambit|Kingambit, L50, F|100/100
|move|p2a: Dragapult|Disable|p1a: Charizard
|-start|p1a: Charizard|Disable|Weather Ball
|move|p1a: Charizard|Solar Beam||[still]
|-prepare|p1a: Charizard|Solar Beam
|-anim|p1a: Charizard|Solar Beam|p2b: Toxapex
|-damage|p2b: Toxapex|68/100
|move|p2b: Toxapex|Infestation|p1b: Kingambit
|-crit|p1b: Kingambit
|-damage|p1b: Kingambit|95/100
|-activate|p1b: Kingambit|move: Infestation|[of] p2b: Toxapex
|
|-weather|SunnyDay|[upkeep]
|-heal|p2b: Toxapex|73/100|[from] item: Leftovers
|-damage|p1a: Charizard|82/100 tox|[from] psn
|-damage|p1b: Kingambit|83/100|[from] move: Infestation|[partiallytrapped]
|upkeep
|turn|3
|
|t:|1785263843
|switch|p1a: Vileplume|Vileplume, L50, F|100/100
|move|p2a: Dragapult|Protect|p2a: Dragapult
|-singleturn|p2a: Dragapult|Protect
|move|p1b: Kingambit|Kowtow Cleave|p2b: Toxapex
|-damage|p2b: Toxapex|36/100
|move|p2b: Toxapex|Infestation|p1a: Vileplume
|-damage|p1a: Vileplume|96/100
|-activate|p1a: Vileplume|move: Infestation|[of] p2b: Toxapex
|
|-weather|SunnyDay|[upkeep]
|-heal|p2b: Toxapex|42/100|[from] item: Leftovers
|-damage|p1a: Vileplume|84/100|[from] move: Infestation|[partiallytrapped]
|-damage|p1b: Kingambit|71/100|[from] move: Infestation|[partiallytrapped]
|upkeep
|turn|4
|
|t:|1785263872
|move|p2b: Toxapex|Baneful Bunker|p2b: Toxapex
|-singleturn|p2b: Toxapex|move: Protect
|move|p1a: Vileplume|Sludge Bomb|p2a: Dragapult
|-resisted|p2a: Dragapult|1
|-damage|p2a: Dragapult|73/100
|move|p2a: Dragapult|Thunder Wave|p1b: Kingambit
|-status|p1b: Kingambit|par
|cant|p1b: Kingambit|par
|
|-weather|SunnyDay|[upkeep]
|-heal|p2b: Toxapex|48/100|[from] item: Leftovers
|-damage|p1a: Vileplume|72/100|[from] move: Infestation|[partiallytrapped]
|-damage|p1b: Kingambit|59/100 par|[from] move: Infestation|[partiallytrapped]
|upkeep
|turn|5
|
|t:|1785263898
|move|p2a: Dragapult|Protect|p2a: Dragapult
|-singleturn|p2a: Dragapult|Protect
|move|p1a: Vileplume|Sludge Bomb|p2b: Toxapex
|-resisted|p2b: Toxapex|1
|-damage|p2b: Toxapex|33/100
|move|p2b: Toxapex|Recover|p2b: Toxapex
|-heal|p2b: Toxapex|84/100
|move|p1b: Kingambit|Kowtow Cleave|p2a: Dragapult
|-activate|p2a: Dragapult|move: Protect
|
|-weather|none
|-heal|p2b: Toxapex|89/100|[from] item: Leftovers
|-damage|p1a: Vileplume|60/100|[from] move: Infestation|[partiallytrapped]
|-damage|p1b: Kingambit|47/100 par|[from] move: Infestation|[partiallytrapped]
|upkeep
|turn|6
|
|t:|1785263966
|move|p2b: Toxapex|Baneful Bunker|p2b: Toxapex
|-singleturn|p2b: Toxapex|move: Protect
|move|p2a: Dragapult|Disable|p1b: Kingambit
|-start|p1b: Kingambit|Disable|Kowtow Cleave
|move|p1a: Vileplume|Sludge Bomb|p2a: Dragapult
|-resisted|p2a: Dragapult|1
|-damage|p2a: Dragapult|46/100
|-status|p2a: Dragapult|psn
|cant|p1b: Kingambit|Disable|Kowtow Cleave
|
|-heal|p2b: Toxapex|95/100|[from] item: Leftovers
|-damage|p2a: Dragapult|33/100 psn|[from] psn
|-damage|p1a: Vileplume|48/100|[from] move: Infestation|[partiallytrapped]
|-damage|p1b: Kingambit|35/100 par|[from] move: Infestation|[partiallytrapped]
|upkeep
|turn|7
|
|t:|1785263990
|switch|p2a: Charizard|Charizard, L50, F|100/100
|move|p1a: Vileplume|Sludge Bomb|p2a: Charizard
|-damage|p2a: Charizard|51/100
|move|p2b: Toxapex|Infestation|p1a: Vileplume
|-damage|p1a: Vileplume|44/100
|cant|p1b: Kingambit|par
|
|-heal|p2b: Toxapex|100/100|[from] item: Leftovers
|-end|p1a: Vileplume|Infestation|[partiallytrapped]
|-end|p1b: Kingambit|Infestation|[partiallytrapped]
|upkeep
|turn|8
|
|t:|1785264027
|move|p1b: Kingambit|Sucker Punch|p2b: Toxapex
|-damage|p2b: Toxapex|67/100
|move|p1a: Vileplume|Sludge Bomb|p2a: Charizard
|-damage|p2a: Charizard|0 fnt
|faint|p2a: Charizard
|move|p2b: Toxapex|Infestation|p1a: Vileplume
|-damage|p1a: Vileplume|40/100
|-activate|p1a: Vileplume|move: Infestation|[of] p2b: Toxapex
|
|-heal|p2b: Toxapex|73/100|[from] item: Leftovers
|-damage|p1a: Vileplume|28/100|[from] move: Infestation|[partiallytrapped]
|upkeep
|
|t:|1785264038
|switch|p2a: Dragapult|Dragapult, L50, M|33/100 psn
|turn|9
|
|t:|1785264045
|move|p2a: Dragapult|Dragon Darts|p1a: Vileplume
|-damage|p1a: Vileplume|1/100
|-anim|p2a: Dragapult|Dragon Darts|p1b: Kingambit
|-resisted|p1b: Kingambit|1
|-damage|p1b: Kingambit|28/100 par
|move|p1a: Vileplume|Sludge Bomb|p2a: Dragapult
|-resisted|p2a: Dragapult|1
|-damage|p2a: Dragapult|6/100 psn
|move|p2b: Toxapex|Recover|p2b: Toxapex
|-heal|p2b: Toxapex|100/100
|move|p1b: Kingambit|Low Kick|p2b: Toxapex
|-resisted|p2b: Toxapex|1
|-damage|p2b: Toxapex|94/100
|
|-heal|p2b: Toxapex|100/100|[from] item: Leftovers
|-damage|p2a: Dragapult|0 fnt|[from] psn
|faint|p2a: Dragapult
|-damage|p1a: Vileplume|0 fnt|[from] move: Infestation|[partiallytrapped]
|faint|p1a: Vileplume
|-end|p1b: Kingambit|Disable
|upkeep
|
|t:|1785264063
|switch|p2a: Sableye|Sableye, L50, F|100/100
|switch|p1a: Charizard|Charizard-Mega-Y, L50, M|82/100 tox
|-weather|SunnyDay|[from] ability: Drought|[of] p1a: Charizard
|turn|10
|
|t:|1785264094
|move|p1a: Charizard|Weather Ball|p2a: Sableye
|-damage|p2a: Sableye|0 fnt
|faint|p2a: Sableye
|move|p2b: Toxapex|Infestation|p1a: Charizard
|-resisted|p1a: Charizard|2
|-crit|p1a: Charizard
|-damage|p1a: Charizard|81/100 tox
|-activate|p1a: Charizard|move: Infestation|[of] p2b: Toxapex
|move|p1b: Kingambit|Kowtow Cleave|p2b: Toxapex
|-damage|p2b: Toxapex|63/100
|
|-weather|SunnyDay|[upkeep]
|-heal|p2b: Toxapex|68/100|[from] item: Leftovers
|-damage|p1a: Charizard|75/100 tox|[from] psn
|-damage|p1a: Charizard|63/100 tox|[from] move: Infestation|[partiallytrapped]
|upkeep
|turn|11
|
|t:|1785264110
|move|p2b: Toxapex|Baneful Bunker|p2b: Toxapex
|-singleturn|p2b: Toxapex|move: Protect
|move|p1a: Charizard|Solar Beam||[still]
|-prepare|p1a: Charizard|Solar Beam
|-anim|p1a: Charizard|Solar Beam|p2b: Toxapex
|-activate|p2b: Toxapex|move: Protect
|move|p1b: Kingambit|Kowtow Cleave|p2b: Toxapex
|-activate|p2b: Toxapex|move: Protect
|
|-weather|SunnyDay|[upkeep]
|-heal|p2b: Toxapex|74/100|[from] item: Leftovers
|-damage|p1a: Charizard|51/100 tox|[from] psn
|-damage|p1a: Charizard|39/100 tox|[from] move: Infestation|[partiallytrapped]
|upkeep
|turn|12
|
|t:|1785264124
|move|p1a: Charizard|Solar Beam||[still]
|-prepare|p1a: Charizard|Solar Beam
|-anim|p1a: Charizard|Solar Beam|p2b: Toxapex
|-damage|p2b: Toxapex|44/100
|move|p2b: Toxapex|Recover|p2b: Toxapex
|-heal|p2b: Toxapex|94/100
|move|p1b: Kingambit|Kowtow Cleave|p2b: Toxapex
|-damage|p2b: Toxapex|57/100
|
|-weather|SunnyDay|[upkeep]
|-heal|p2b: Toxapex|63/100|[from] item: Leftovers
|-damage|p1a: Charizard|21/100 tox|[from] psn
|-damage|p1a: Charizard|9/100 tox|[from] move: Infestation|[partiallytrapped]
|upkeep
|turn|13
|
|t:|1785264142
|move|p2b: Toxapex|Baneful Bunker|p2b: Toxapex
|-singleturn|p2b: Toxapex|move: Protect
|move|p1b: Kingambit|Protect|p1b: Kingambit
|-singleturn|p1b: Kingambit|Protect
|move|p1a: Charizard|Solar Beam||[still]
|-prepare|p1a: Charizard|Solar Beam
|-anim|p1a: Charizard|Solar Beam|p2b: Toxapex
|-activate|p2b: Toxapex|move: Protect
|
|-weather|SunnyDay|[upkeep]
|-heal|p2b: Toxapex|69/100|[from] item: Leftovers
|-damage|p1a: Charizard|0 fnt|[from] psn
|faint|p1a: Charizard
|upkeep
|
|t:|1785264144
|switch|p1a: Noivern|Noivern, L50, F|100/100
|turn|14
|
|t:|1785264159
|move|p1a: Noivern|Air Slash|p2b: Toxapex
|-damage|p2b: Toxapex|49/100
|cant|p2b: Toxapex|flinch
|move|p1b: Kingambit|Kowtow Cleave|p2b: Toxapex
|-damage|p2b: Toxapex|8/100
|
|-weather|none
|-heal|p2b: Toxapex|14/100|[from] item: Leftovers
|upkeep
|turn|15
|
|t:|1785264177
|move|p2b: Toxapex|Baneful Bunker|p2b: Toxapex
|-singleturn|p2b: Toxapex|move: Protect
|move|p1a: Noivern|Air Slash|p2b: Toxapex
|-activate|p2b: Toxapex|move: Protect
|move|p1b: Kingambit|Kowtow Cleave|p2b: Toxapex
|-activate|p2b: Toxapex|move: Protect
|
|-heal|p2b: Toxapex|20/100y|[from] item: Leftovers
|upkeep
|turn|16
|
|t:|1785264190
|move|p1a: Noivern|Draco Meteor|p2b: Toxapex
|-damage|p2b: Toxapex|0 fnt
|-unboost|p1a: Noivern|spa|2
|faint|p2b: Toxapex
|
|win|s4m1_jaw3d
||s4m1_jaw3d is ready for game 2.
||HikerTrash is ready for game 2.
|uhtml|next|Next: Game 2 of 3
