|j|☆JulesRen
|j|☆CrazyyBoi
|html|JulesRenCrazyyBoi    
|uhtml|bestof|Game 1 of a best-of-3
|t:|1757043432
|gametype|doubles
|player|p1|JulesRen|102|1134
|player|p2|CrazyyBoi|170|1078
|gen|9
|tier|[Gen 9] VGC 2025 Reg H (Bo3)
|rated|
|rule|Species Clause: Limit one of each Pokémon
|rule|Item Clause: Limit 1 of each item
|clearpoke
|poke|p1|Tyranitar, L50, F|
|poke|p1|Garchomp, L50, M|
|poke|p1|Murkrow, L50, M|
|poke|p1|Ursaluna-Bloodmoon, L50, M|
|poke|p1|Sneasler, L50, F|
|poke|p1|Farigiraf, L50, F|
|poke|p2|Maushold-Four, L50|
|poke|p2|Sableye, L50, F|
|poke|p2|Sinistcha, L50|
|poke|p2|Kommo-o, L50, F|
|poke|p2|Incineroar, L50, F|
|poke|p2|Primarina, L50, F|
|teampreview|4
|showteam|p1|Tyranitar||AssaultVest|SandStream|RockSlide,TeraBlast,LowKick,KnockOff|||F|||50|,,,,,Flying]Garchomp||BrightPowder|SandVeil|Earthquake,DragonClaw,StompingTantrum,Protect|||M|||50|,,,,,Fire]Murkrow||Eviolite|Prankster|Haze,Tailwind,FoulPlay,Taunt|||M|||50|,,,,,Ghost]Ursaluna-Bloodmoon||FocusSash|MindsEye|BloodMoon,EarthPower,HyperVoice,Protect|||M|||50|,,,,,Normal]Sneasler||WhiteHerb|Unburden|ThroatChop,CloseCombat,DireClaw,Protect|||F|||50|,,,,,Dark]Farigiraf||ThroatSpray|ArmorTail|HyperVoice,Imprison,TrickRoom,Psychic|||F|||50|,,,,,Fairy
|showteam|p2|Maushold-Four||WideLens|Technician|Protect,PopulationBomb,Bite,FollowMe||||||50|,,,,,Normal]Sableye||FocusSash|Prankster|FakeOut,Quash,Disable,Encore|||F|||50|,,,,,Grass]Sinistcha||MentalHerb|Hospitality|RagePowder,MatchaGotcha,StrengthSap,Protect||||||50|,,,,,Fire]Kommo-o||ThroatSpray|Overcoat|ClangorousSoul,ClangingScales,Protect,AuraSphere|||F|||50|,,,,,Steel]Incineroar||SafetyGoggles|Intimidate|FakeOut,PartingShot,KnockOff,Taunt|||F|||50|,,,,,Ghost]Primarina||LifeOrb|LiquidVoice|HyperVoice,Moonblast,PerishSong,Protect|||F|||50|,,,,,Dragon
|inactive|Battle timer is ON: inactive players will automatically lose when time's up. (requested by CrazyyBoi)
|
|t:|1757043509
|teamsize|p1|4
|teamsize|p2|4
|start
|switch|p1a: Farigiraf|Farigiraf, L50, F|100/100
|switch|p1b: Sneasler|Sneasler, L50, F|100/100
|switch|p2a: Incineroar|Incineroar, L50, F|100/100
|switch|p2b: Maushold|Maushold-Four, L50|100/100
|-ability|p2a: Incineroar|Intimidate|boost
|-unboost|p1a: Farigiraf|atk|1
|-unboost|p1b: Sneasler|atk|1
|-enditem|p1b: Sneasler|White Herb
|-clearnegativeboost|p1b: Sneasler|[silent]
|turn|1
|inactive|JulesRen has 30 seconds left.
|inactive|CrazyyBoi has 30 seconds left.
|inactive|JulesRen has 20 seconds left.
|inactive|CrazyyBoi has 20 seconds left.
|inactive|JulesRen has 15 seconds left.
|inactive|CrazyyBoi has 15 seconds left.
|
|t:|1757043553
|switch|p2b: Kommo-o|Kommo-o, L50, F|100/100
|move|p1b: Sneasler|Protect|p1b: Sneasler
|-singleturn|p1b: Sneasler|Protect
|move|p1a: Farigiraf|Hyper Voice|p2a: Incineroar|[spread] p2a,p2b
|-damage|p2a: Incineroar|76/100
|-damage|p2b: Kommo-o|72/100
|-enditem|p1a: Farigiraf|Throat Spray
|-boost|p1a: Farigiraf|spa|1|[from] item: Throat Spray
|move|p2a: Incineroar|Knock Off|p1a: Farigiraf
|-supereffective|p1a: Farigiraf
|-damage|p1a: Farigiraf|52/100
|
|upkeep
|turn|2
|inactive|JulesRen has 30 seconds left.
|
|t:|1757043586
|move|p2b: Kommo-o|Protect|p2b: Kommo-o
|-singleturn|p2b: Kommo-o|Protect
|move|p1b: Sneasler|Close Combat|p2b: Kommo-o
|-activate|p2b: Kommo-o|move: Protect
|move|p1a: Farigiraf|Hyper Voice|p2b: Kommo-o|[spread] p2a
|-activate|p2b: Kommo-o|move: Protect
|-damage|p2a: Incineroar|43/100
|move|p2a: Incineroar|Parting Shot|p1b: Sneasler
|-unboost|p1b: Sneasler|atk|1
|-unboost|p1b: Sneasler|spa|1
|
|t:|1757043601
|switch|p2a: Maushold|Maushold-Four, L50|100/100|[from] Parting Shot
|
|upkeep
|turn|3
|
|t:|1757043618
|move|p2a: Maushold|Protect|p2a: Maushold
|-singleturn|p2a: Maushold|Protect
|move|p1b: Sneasler|Close Combat|p2a: Maushold
|-activate|p2a: Maushold|move: Protect
|move|p2b: Kommo-o|Clanging Scales|p1b: Sneasler|[spread] p1a,p1b
|-damage|p1a: Farigiraf|14/100
|-damage|p1b: Sneasler|47/100
|-unboost|p2b: Kommo-o|def|1
|-enditem|p2b: Kommo-o|Throat Spray
|-boost|p2b: Kommo-o|spa|1|[from] item: Throat Spray
|move|p1a: Farigiraf|Hyper Voice|p2b: Kommo-o|[spread] p2b
|-activate|p2a: Maushold|move: Protect
|-damage|p2b: Kommo-o|32/100
|
|upkeep
|turn|4
|
|t:|1757043636
|move|p2a: Maushold|Follow Me|p2a: Maushold
|-singleturn|p2a: Maushold|move: Follow Me
|move|p1b: Sneasler|Close Combat|p2a: Maushold
|-supereffective|p2a: Maushold
|-damage|p2a: Maushold|0 fnt
|-unboost|p1b: Sneasler|def|1
|-unboost|p1b: Sneasler|spd|1
|faint|p2a: Maushold
|move|p2b: Kommo-o|Clanging Scales|p1b: Sneasler|[spread] p1a,p1b
|-damage|p1a: Farigiraf|0 fnt
|-damage|p1b: Sneasler|0 fnt
|faint|p1a: Farigiraf
|faint|p1b: Sneasler
|-unboost|p2b: Kommo-o|def|1
|
|upkeep
|
|t:|1757043648
|switch|p2a: Incineroar|Incineroar, L50, F|43/100
|switch|p1b: Garchomp|Garchomp, L50, M|100/100
|switch|p1a: Tyranitar|Tyranitar, L50, F|100/100
|-weather|Sandstorm|[from] ability: Sand Stream|[of] p1a: Tyranitar
|-ability|p2a: Incineroar|Intimidate|boost
|-unboost|p1a: Tyranitar|atk|1
|-unboost|p1b: Garchomp|atk|1
|turn|5
|inactive|CrazyyBoi has 30 seconds left.
|
|t:|1757043678
|-terastallize|p1a: Tyranitar|Flying
|move|p2a: Incineroar|Fake Out|p1a: Tyranitar
|-damage|p1a: Tyranitar|91/100
|move|p1b: Garchomp|Earthquake|p2b: Kommo-o|[spread] p2a,p2b
|-immune|p1a: Tyranitar
|-supereffective|p2a: Incineroar
|-damage|p2a: Incineroar|0 fnt
|-damage|p2b: Kommo-o|0 fnt
|faint|p2a: Incineroar
|faint|p2b: Kommo-o
|cant|p1a: Tyranitar|flinch
|
|-weather|Sandstorm|[upkeep]
|-damage|p1a: Tyranitar|85/100|[from] Sandstorm
|upkeep
|
|t:|1757043688
|switch|p2b: Primarina|Primarina, L50, F|100/100
|turn|6
|
|t:|1757043703
|move|p1b: Garchomp|Earthquake|p2b: Primarina|[spread] p2b
|-immune|p1a: Tyranitar
|-damage|p2b: Primarina|69/100
|move|p1a: Tyranitar|Tera Blast|p2b: Primarina|[anim] Tera Blast Flying
|-damage|p2b: Primarina|37/100
|move|p2b: Primarina|Moonblast|p1b: Garchomp
|-supereffective|p1b: Garchomp
|-damage|p1b: Garchomp|0 fnt
|faint|p1b: Garchomp
|-damage|p2b: Primarina|27/100|[from] item: Life Orb
|
|-weather|Sandstorm|[upkeep]
|-damage|p1a: Tyranitar|79/100|[from] Sandstorm
|-damage|p2b: Primarina|21/100|[from] Sandstorm
|upkeep
|turn|7
|
|t:|1757043719
|move|p1a: Tyranitar|Tera Blast|p2b: Primarina|[anim] Tera Blast Flying
|-damage|p2b: Primarina|0 fnt
|faint|p2b: Primarina
|
|win|JulesRen
||JulesRen is ready for game 2.
||CrazyyBoi is ready for game 2.
|uhtml|next|Next: Game 2 of 3
