|j|☆Tajinvgc3
|j|☆bb23
|html|Tajinvgc3bb23    
|uhtml|bestof|Game 1 of a best-of-3
|t:|1784082881
|gametype|doubles
|player|p1|Tajinvgc3|265|1128
|player|p2|bb23|cyclist-gen4|1124
|gen|9
|tier|[Gen 9 Champions] VGC 2026 Reg M-B (Bo3)
|rated|
|rule|Species Clause: Limit one of each Pokémon
|rule|Item Clause: Limit 1 of each item
|clearpoke
|poke|p1|Venusaur, L50, M, shiny|
|poke|p1|Charizard, L50, F, shiny|
|poke|p1|Pelipper, L50, M, shiny|
|poke|p1|Grimmsnarl, L50, M, shiny|
|poke|p1|Archaludon, L50, M, shiny|
|poke|p1|Basculegion, L50, M|
|poke|p2|Swampert, L50, F|
|poke|p2|Pelipper, L50, M|
|poke|p2|Kingambit, L50, F|
|poke|p2|Farigiraf, L50, M|
|poke|p2|Dragapult, L50, M|
|poke|p2|Archaludon, L50, M|
|teampreview|4
|showteam|p1|Venusaur||FocusSash|Chlorophyll|Protect,SludgeBomb,EarthPower,SleepPowder|Modest||M|||50|]Charizard||CharizarditeY|Blaze|Protect,HeatWave,WeatherBall,SolarBeam|Modest||F|||50|]Pelipper||SitrusBerry|Drizzle|Hurricane,Tailwind,WeatherBall,WideGuard|Modest||M|||50|]Grimmsnarl||LightClay|Prankster|SpiritBreak,Reflect,LightScreen,PartingShot|Sassy||M|||50|]Archaludon||Leftovers|Stamina|ElectroShot,Protect,DragonPulse,FlashCannon|Calm||M|||50|]Basculegion||ChoiceScarf|Adaptability|WaveCrash,AquaJet,FlipTurn,LastRespects|Jolly||M|||50|
|showteam|p2|Swampert||Swampertite|Torrent|WaveCrash,Earthquake,IcePunch,Protect|Adamant||F|||50|]Pelipper||FocusSash|Drizzle|WeatherBall,Hurricane,Tailwind,WideGuard|Timid||M|||50|]Kingambit||ChopleBerry|Defiant|KowtowCleave,IronHead,SuckerPunch,Protect|Adamant||F|||50|]Farigiraf||ColburBerry|ArmorTail|TrickRoom,FoulPlay,Protect,PsychicNoise|Sassy||M|||50|]Dragapult||DragonFang|ClearBody|DragonDarts,Protect,SuckerPunch,PsychicFangs|Adamant||M|||50|]Archaludon||Leftovers|Stamina|ElectroShot,DracoMeteor,FlashCannon,Protect|Serious||M|||50|
|inactive|Battle timer is ON: inactive players will automatically lose when time's up. (requested by Tajinvgc3)
|inactive|Tajinvgc3 has 60 seconds left.
|
|t:|1784082934
|teamsize|p1|4
|teamsize|p2|4
|start
|switch|p1a: Grimmsnarl|Grimmsnarl, L50, M, shiny|100/100
|switch|p1b: Archaludon|Archaludon, L50, M, shiny|100/100
|switch|p2a: Dragapult|Dragapult, L50, M|100/100
|switch|p2b: Kingambit|Kingambit, L50, F|100/100
|turn|1
|inactive|Tajinvgc3 has 30 seconds left.
|inactive|bb23 has 30 seconds left.
|inactive|Tajinvgc3 has 20 seconds left.
|
|t:|1784082971
|move|p2a: Dragapult|Protect|p2a: Dragapult
|-singleturn|p2a: Dragapult|Protect
|move|p1a: Grimmsnarl|Reflect|p1a: Grimmsnarl
|-sidestart|p1: Tajinvgc3|Reflect
|move|p1b: Archaludon|Dragon Pulse|p2a: Dragapult
|-activate|p2a: Dragapult|move: Protect
|move|p2b: Kingambit|Iron Head|p1a: Grimmsnarl
|-supereffective|p1a: Grimmsnarl|1
|-damage|p1a: Grimmsnarl|38/100
|
|upkeep
|turn|2
|
|t:|1784082991
|move|p2a: Dragapult|Psychic Fangs|p1b: Archaludon
|-sideend|p1: Tajinvgc3|Reflect
|-resisted|p1b: Archaludon|1
|-damage|p1b: Archaludon|89/100
|-ability|p1b: Archaludon|Stamina|boost
|-boost|p1b: Archaludon|def|1
|move|p1b: Archaludon|Dragon Pulse|p2a: Dragapult
|-supereffective|p2a: Dragapult|1
|-damage|p2a: Dragapult|0 fnt
|faint|p2a: Dragapult
|move|p1a: Grimmsnarl|Spirit Break|p2b: Kingambit
|-damage|p2b: Kingambit|77/100
|-unboost|p2b: Kingambit|spa|1
|-ability|p2b: Kingambit|Defiant|boost
|-boost|p2b: Kingambit|atk|2
|move|p2b: Kingambit|Iron Head|p1a: Grimmsnarl
|-supereffective|p1a: Grimmsnarl|1
|-damage|p1a: Grimmsnarl|0 fnt
|faint|p1a: Grimmsnarl
|
|-heal|p1b: Archaludon|95/100|[from] item: Leftovers
|upkeep
|inactive|Tajinvgc3 has 30 seconds left.
|
|t:|1784083020
|switch|p2a: Swampert|Swampert, L50, F|100/100
|switch|p1a: Venusaur|Venusaur, L50, M, shiny|100/100
|turn|3
|
|t:|1784083037
|move|p1a: Venusaur|Protect|p1a: Venusaur
|-singleturn|p1a: Venusaur|Protect
|move|p1b: Archaludon|Protect|p1b: Archaludon
|-singleturn|p1b: Archaludon|Protect
|move|p2a: Swampert|Protect|p2a: Swampert
|-singleturn|p2a: Swampert|Protect
|move|p2b: Kingambit|Kowtow Cleave|p1a: Venusaur
|-activate|p1a: Venusaur|move: Protect
|
|-heal|p1b: Archaludon|100/100|[from] item: Leftovers
|upkeep
|turn|4
|
|t:|1784083060
|detailschange|p2a: Swampert|Swampert-Mega, L50, F
|-mega|p2a: Swampert|Swampert|Swampertite
|move|p2b: Kingambit|Protect|p2b: Kingambit
|-singleturn|p2b: Kingambit|Protect
|move|p1a: Venusaur|Sleep Powder|p2a: Swampert|[miss]
|-miss|p1a: Venusaur|p2a: Swampert
|move|p1b: Archaludon|Dragon Pulse|p2a: Swampert
|-crit|p2a: Swampert
|-damage|p2a: Swampert|61/100
|move|p2a: Swampert|Earthquake|p1b: Archaludon|[spread] p1a,p1b
|-activate|p2b: Kingambit|move: Protect
|-supereffective|p1b: Archaludon|1
|-damage|p1a: Venusaur|42/100
|-damage|p1b: Archaludon|59/100
|-ability|p1b: Archaludon|Stamina|boost
|-boost|p1b: Archaludon|def|1
|
|-heal|p1b: Archaludon|65/100|[from] item: Leftovers
|upkeep
|turn|5
|inactive|Tajinvgc3 has 30 seconds left.
|inactive|bb23 has 30 seconds left.
|inactive|bb23 has 20 seconds left.
|
|t:|1784083097
|move|p1b: Archaludon|Protect|p1b: Archaludon
|-singleturn|p1b: Archaludon|Protect
|move|p1a: Venusaur|Sleep Powder|p2b: Kingambit
|-status|p2b: Kingambit|slp|[from] move: Sleep Powder
|move|p2a: Swampert|Ice Punch|p1a: Venusaur
|-supereffective|p1a: Venusaur|1
|-damage|p1a: Venusaur|0 fnt
|faint|p1a: Venusaur
|cant|p2b: Kingambit|slp
|
|-heal|p1b: Archaludon|71/100|[from] item: Leftovers
|upkeep
|
|t:|1784083110
|switch|p1a: Charizard|Charizard, L50, F, shiny|100/100
|turn|6
|
|t:|1784083128
|move|p1a: Charizard|Protect|p1a: Charizard
|-singleturn|p1a: Charizard|Protect
|move|p2a: Swampert|Protect|p2a: Swampert
|-singleturn|p2a: Swampert|Protect
|cant|p2b: Kingambit|slp
|move|p1b: Archaludon|Dragon Pulse|p2a: Swampert
|-activate|p2a: Swampert|move: Protect
|
|-heal|p1b: Archaludon|78/100|[from] item: Leftovers
|upkeep
|turn|7
|
|t:|1784083148
|switch|p2a: Pelipper|Pelipper, L50, M|100/100
|-weather|RainDance|[from] ability: Drizzle|[of] p2a: Pelipper
|detailschange|p1a: Charizard|Charizard-Mega-Y, L50, F, shiny
|-mega|p1a: Charizard|Charizard|Charizardite Y
|-weather|SunnyDay|[from] ability: Drought|[of] p1a: Charizard
|-curestatus|p2b: Kingambit|slp|[msg]
|move|p2b: Kingambit|Protect|p2b: Kingambit
|-singleturn|p2b: Kingambit|Protect
|move|p1a: Charizard|Solar Beam||[still]
|-prepare|p1a: Charizard|Solar Beam
|-anim|p1a: Charizard|Solar Beam|p2a: Pelipper
|-damage|p2a: Pelipper|19/100
|move|p1b: Archaludon|Dragon Pulse|p2b: Kingambit
|-activate|p2b: Kingambit|move: Protect
|
|-weather|SunnyDay|[upkeep]
|-heal|p1b: Archaludon|84/100|[from] item: Leftovers
|upkeep
|turn|8
|inactive|Tajinvgc3 has 30 seconds left.
|inactive|bb23 has 30 seconds left.
|
|t:|1784083174
|switch|p2a: Swampert|Swampert-Mega, L50, F|61/100
|move|p2b: Kingambit|Sucker Punch|p1a: Charizard
|-damage|p1a: Charizard|17/100
|move|p1a: Charizard|Weather Ball|p2b: Kingambit
|-supereffective|p2b: Kingambit|1
|-damage|p2b: Kingambit|0 fnt
|faint|p2b: Kingambit
|move|p1b: Archaludon|Dragon Pulse|p2a: Swampert
|-damage|p2a: Swampert|36/100
|
|-weather|SunnyDay|[upkeep]
|-heal|p1b: Archaludon|90/100|[from] item: Leftovers
|upkeep
|
|t:|1784083182
|switch|p2b: Pelipper|Pelipper, L50, M|19/100
|-weather|RainDance|[from] ability: Drizzle|[of] p2b: Pelipper
|turn|9
|inactive|Tajinvgc3 has 30 seconds left.
|inactive|bb23 has 30 seconds left.
|
|t:|1784083211
|move|p1a: Charizard|Protect|p1a: Charizard
|-singleturn|p1a: Charizard|Protect
|move|p2a: Swampert|Wave Crash|p1a: Charizard
|-activate|p1a: Charizard|move: Protect
|move|p2b: Pelipper|Hurricane|p1b: Archaludon
|-resisted|p1b: Archaludon|1
|-damage|p1b: Archaludon|68/100
|-ability|p1b: Archaludon|Stamina|boost
|-boost|p1b: Archaludon|def|1
|move|p1b: Archaludon|Electro Shot||[still]
|-prepare|p1b: Archaludon|Electro Shot
|-boost|p1b: Archaludon|spa|1
|-anim|p1b: Archaludon|Electro Shot|p2b: Pelipper
|-supereffective|p2b: Pelipper|2
|-damage|p2b: Pelipper|0 fnt
|faint|p2b: Pelipper
|
|-weather|RainDance|[upkeep]
|-heal|p1b: Archaludon|75/100|[from] item: Leftovers
|upkeep
|turn|10
|
|t:|1784083233
|move|p2a: Swampert|Wave Crash|p1a: Charizard
|-supereffective|p1a: Charizard|1
|-damage|p1a: Charizard|0 fnt
|faint|p1a: Charizard
|-damage|p2a: Swampert|30/100|[from] Recoil
|move|p1b: Archaludon|Dragon Pulse|p2a: Swampert
|-damage|p2a: Swampert|0 fnt
|faint|p2a: Swampert
|
|win|Tajinvgc3
