|j|☆GenG Fan
|j|☆TheQuacken57
|html|GenG FanTheQuacken57    
|uhtml|bestof|Game 2 of a best-of-3
|t:|1756570817
|gametype|doubles
|player|p1|GenG Fan|cynthia-gen4|1155
|player|p2|TheQuacken57|colress|1068
|gen|9
|tier|[Gen 9] VGC 2025 Reg H (Bo3)
|rated|
|rule|Species Clause: Limit one of each Pokémon
|rule|Item Clause: Limit 1 of each item
|clearpoke
|poke|p1|Torkoal, L50, M|
|poke|p1|Indeedee-F, L50, F|
|poke|p1|Gallade, L50, M|
|poke|p1|Ursaluna, L50, F|
|poke|p1|Hatterene, L50, F|
|poke|p1|Lilligant-Hisui, L50, F|
|poke|p2|Incineroar, L50, F|
|poke|p2|Sneasler, L50, F|
|poke|p2|Rillaboom, L50, M|
|poke|p2|Ursaluna-Bloodmoon, L50, M|
|poke|p2|Murkrow, L50, M|
|poke|p2|Gholdengo, L50|
|teampreview|4
|showteam|p1|Torkoal||Charcoal|Drought|Eruption,WeatherBall,EarthPower,Protect|||M|||50|,,,,,Fire]Indeedee-F||RockyHelmet|PsychicSurge|Psychic,FollowMe,HelpingHand,TrickRoom|||F|||50|,,,,,Grass]Gallade||ClearAmulet|Sharpness|SacredSword,PsychoCut,WideGuard,TrickRoom|||M|||50|,,,,,Grass]Ursaluna||FlameOrb|Guts|Facade,HeadlongRush,Substitute,Protect|||F|||50|,,,,,Ghost]Hatterene||LifeOrb|MagicBounce|ExpandingForce,DazzlingGleam,TrickRoom,Protect|||F|||50|,,,,,Water]Lilligant-Hisui||FocusSash|Chlorophyll|SolarBlade,CloseCombat,SleepPowder,AfterYou|||F|||50|,,,,,Ghost
|showteam|p2|Incineroar||SafetyGoggles|Intimidate|FakeOut,KnockOff,FlareBlitz,PartingShot|||F|||50|,,,,,Ghost]Sneasler||WhiteHerb|Unburden|DireClaw,CloseCombat,FakeOut,Protect|||F|||50|,,,,,Stellar]Rillaboom||MiracleSeed|GrassySurge|WoodHammer,GrassyGlide,FakeOut,Protect|||M|||50|,,,,,Grass]Ursaluna-Bloodmoon||LifeOrb|MindsEye|BloodMoon,HyperVoice,EarthPower,Protect|||M|||50|,,,,,Normal]Murkrow||CovertCloak|Prankster|Tailwind,Haze,FoulPlay,RainDance|||M|||50|,,,,,Dark]Gholdengo||Leftovers|GoodasGold|MakeItRain,ShadowBall,NastyPlot,Protect||||||50|,,,,,Normal
|inactive|Battle timer is ON: inactive players will automatically lose when time's up. (requested by GenG Fan)
|inactive|GenG Fan has 30 seconds left.
|inactive|TheQuacken57 has 60 seconds left.
|
|t:|1756570868
|teamsize|p1|4
|teamsize|p2|4
|start
|switch|p1a: Indeedee|Indeedee-F, L50, F|100/100
|switch|p1b: Hatterene|Hatterene, L50, F|100/100
|switch|p2a: Ursaluna|Ursaluna-Bloodmoon, L50, M|100/100
|switch|p2b: Murkrow|Murkrow, L50, M|100/100
|-fieldstart|move: Psychic Terrain|[from] ability: Psychic Surge|[of] p1a: Indeedee
|turn|1
|inactive|TheQuacken57 has 30 seconds left.
|inactive|TheQuacken57 has 20 seconds left.
|inactive|TheQuacken57 has 15 seconds left.
|inactive|TheQuacken57 has 10 seconds left.
|inactive|TheQuacken57 has 5 seconds left.
|
|t:|1756570919
|switch|p2b: Rillaboom|Rillaboom, L50, M|100/100
|-fieldstart|move: Grassy Terrain|[from] ability: Grassy Surge|[of] p2b: Rillaboom
|move|p1a: Indeedee|Follow Me|p1a: Indeedee
|-singleturn|p1a: Indeedee|move: Follow Me
|move|p2a: Ursaluna|Hyper Voice|p1b: Hatterene|[spread] p1a,p1b
|-damage|p1a: Indeedee|51/100
|-damage|p1b: Hatterene|41/100
|-damage|p2a: Ursaluna|91/100|[from] item: Life Orb
|move|p1b: Hatterene|Trick Room|p1b: Hatterene
|-fieldstart|move: Trick Room|[of] p1b: Hatterene
|
|-heal|p1b: Hatterene|46/100|[from] Grassy Terrain
|-heal|p1a: Indeedee|57/100|[from] Grassy Terrain
|-heal|p2a: Ursaluna|97/100|[from] Grassy Terrain
|upkeep
|turn|2
|inactive|GenG Fan has 30 seconds left.
|
|t:|1756570944
|move|p1b: Hatterene|Protect|p1b: Hatterene
|-singleturn|p1b: Hatterene|Protect
|move|p2b: Rillaboom|Grassy Glide|p1a: Indeedee
|-damage|p1a: Indeedee|7/100
|-damage|p2b: Rillaboom|84/100|[from] item: Rocky Helmet|[of] p1a: Indeedee
|move|p1a: Indeedee|Psychic|p2a: Ursaluna
|-damage|p2a: Ursaluna|55/100
|move|p2a: Ursaluna|Hyper Voice|p1b: Hatterene|[spread] p1a
|-activate|p1b: Hatterene|move: Protect
|-damage|p1a: Indeedee|0 fnt
|faint|p1a: Indeedee
|-damage|p2a: Ursaluna|46/100|[from] item: Life Orb
|
|-heal|p1b: Hatterene|52/100|[from] Grassy Terrain
|-heal|p2a: Ursaluna|52/100|[from] Grassy Terrain
|-heal|p2b: Rillaboom|90/100|[from] Grassy Terrain
|upkeep
|
|t:|1756570960
|switch|p1a: Torkoal|Torkoal, L50, M|100/100
|-weather|SunnyDay|[from] ability: Drought|[of] p1a: Torkoal
|turn|3
|inactive|GenG Fan has 30 seconds left.
|inactive|TheQuacken57 has 30 seconds left.
|inactive|TheQuacken57 has 20 seconds left.
|inactive|TheQuacken57 has 15 seconds left.
|
|t:|1756571002
|-terastallize|p1a: Torkoal|Fire
|-terastallize|p2b: Rillaboom|Grass
|move|p2b: Rillaboom|Grassy Glide|p1a: Torkoal
|-resisted|p1a: Torkoal
|-damage|p1a: Torkoal|76/100
|move|p1a: Torkoal|Eruption|p2b: Rillaboom|[spread] p2a,p2b
|-supereffective|p2b: Rillaboom
|-damage|p2a: Ursaluna|0 fnt
|-damage|p2b: Rillaboom|0 fnt
|faint|p2a: Ursaluna
|faint|p2b: Rillaboom
|move|p1b: Hatterene|Dazzling Gleam|p2: Ursaluna|[notarget]
|-fail|p1b: Hatterene
|
|-weather|SunnyDay|[upkeep]
|-heal|p1a: Torkoal|82/100|[from] Grassy Terrain
|-heal|p1b: Hatterene|58/100|[from] Grassy Terrain
|upkeep
|
|t:|1756571016
|switch|p2a: Incineroar|Incineroar, L50, F|100/100
|switch|p2b: Murkrow|Murkrow, L50, M|100/100
|-ability|p2a: Incineroar|Intimidate|boost
|-unboost|p1a: Torkoal|atk|1
|-unboost|p1b: Hatterene|atk|1
|turn|4
|inactive|TheQuacken57 has 30 seconds left.
|inactive|TheQuacken57 has 20 seconds left.
|
|t:|1756571056
|move|p2b: Murkrow|Rain Dance|p2b: Murkrow
|-weather|RainDance
|move|p1a: Torkoal|Eruption|p2b: Murkrow|[spread] p2a,p2b
|-resisted|p2a: Incineroar
|-damage|p2a: Incineroar|87/100
|-damage|p2b: Murkrow|60/100
|move|p1b: Hatterene|Dazzling Gleam|p2b: Murkrow|[spread] p2a,p2b
|-supereffective|p2b: Murkrow
|-damage|p2a: Incineroar|52/100
|-damage|p2b: Murkrow|0 fnt
|faint|p2b: Murkrow
|-damage|p1b: Hatterene|48/100|[from] item: Life Orb
|move|p2a: Incineroar|Flare Blitz|p1b: Hatterene
|-damage|p1b: Hatterene|23/100
|-damage|p2a: Incineroar|45/100|[from] Recoil
|
|-weather|RainDance|[upkeep]
|-heal|p1a: Torkoal|88/100|[from] Grassy Terrain
|-heal|p1b: Hatterene|29/100|[from] Grassy Terrain
|-heal|p2a: Incineroar|51/100|[from] Grassy Terrain
|upkeep
|turn|5
|
|t:|1756571076
|move|p1a: Torkoal|Earth Power|p2a: Incineroar
|-supereffective|p2a: Incineroar
|-damage|p2a: Incineroar|5/100
|move|p1b: Hatterene|Dazzling Gleam|p2a: Incineroar
|-damage|p2a: Incineroar|0 fnt
|faint|p2a: Incineroar
|-damage|p1b: Hatterene|19/100|[from] item: Life Orb
|
|win|GenG Fan
||TheQuacken57 is ready for game 3.
||GenG Fan is ready for game 3.
|uhtml|next|Next: Game 3 of 3
