|j|☆MetaknightXIII
|j|☆bighamsterbaseball
|html|MetaknightXIIIbighamsterbaseball    
|uhtml|bestof|Game 2 of a best-of-3
|t:|1784752390
|gametype|doubles
|player|p1|MetaknightXIII|veteran|1263
|player|p2|bighamsterbaseball|pokemaniac|1148
|gen|9
|tier|[Gen 9 Champions] VGC 2026 Reg M-B (Bo3)
|rated|
|rule|Species Clause: Limit one of each Pokémon
|rule|Item Clause: Limit 1 of each item
|clearpoke
|poke|p1|Archaludon, L50, M, shiny|
|poke|p1|Mawile, L50, F, shiny|
|poke|p1|Charizard, L50, M, shiny|
|poke|p1|Pelipper, L50, F|
|poke|p1|Farigiraf, L50, F|
|poke|p1|Hydreigon, L50, M|
|poke|p2|Pyroar, L50, F|
|poke|p2|Scrafty, L50, F|
|poke|p2|Torkoal, L50, F|
|poke|p2|Venusaur, L50, M|
|poke|p2|Basculegion, L50, M|
|poke|p2|Malamar, L50, F|
|teampreview|4
|showteam|p1|Archaludon||Leftovers|Stamina|ElectroShot,FlashCannon,DragonPulse,Protect|Calm||M|||50|]Mawile||Mawilite|HyperCutter|IronHead,PlayRough,SuckerPunch,Protect|Adamant||F|||50|]Charizard||CharizarditeY|SolarPower|WeatherBall,HeatWave,SolarBeam,Protect|Modest||M|||50|]Pelipper||SitrusBerry|Drizzle|Hurricane,WeatherBall,Tailwind,WideGuard|Modest||F|||50|]Farigiraf||ColburBerry|ArmorTail|TwinBeam,Roar,Thunderbolt,TrickRoom|Bold||F|||50|]Hydreigon||LifeOrb|Levitate|DarkPulse,DracoMeteor,EarthPower,Protect|Modest||M|||50|
|showteam|p2|Pyroar||Pyroarite|Unnerve|HeatWave,Overheat,SolarBeam,Protect|Timid||F|||50|]Scrafty||Scraftinite|Intimidate|FakeOut,DrainPunch,KnockOff,IcePunch|Adamant||F|||50|]Torkoal||Leftovers|Drought|HeatWave,Yawn,HelpingHand,Protect|Relaxed||F|||50|]Venusaur||LifeOrb|Chlorophyll|LeafStorm,SludgeBomb,EarthPower,Protect|Modest||M|||50|]Basculegion||ChoiceScarf|Adaptability|WaveCrash,LastRespects,AquaJet,FlipTurn|Adamant||M|||50|]Malamar||SitrusBerry|Contrary|Superpower,RockSlide,TrickRoom,TopsyTurvy|Careful||F|||50|
|
|t:|1784752409
|teamsize|p1|4
|teamsize|p2|4
|start
|switch|p1a: Mawile|Mawile, L50, F, shiny|100/100
|switch|p1b: Farigiraf|Farigiraf, L50, F|100/100
|switch|p2a: Pyroar|Pyroar, L50, F|100/100
|switch|p2b: Basculegion|Basculegion, L50, M|100/100
|-ability|p2a: Pyroar|Unnerve
|turn|1
|
|t:|1784752427
|detailschange|p2a: Pyroar|Pyroar-Mega, L50, F
|-mega|p2a: Pyroar|Pyroar|Pyroarite
|move|p1a: Mawile|Protect|p1a: Mawile
|-singleturn|p1a: Mawile|Protect
|move|p2b: Basculegion|Flip Turn|p1b: Farigiraf
|-damage|p1b: Farigiraf|70/100
|
|t:|1784752431
|switch|p2b: Torkoal|Torkoal, L50, F|100/100|[from] Flip Turn
|-weather|SunnyDay|[from] ability: Drought|[of] p2b: Torkoal
|move|p2a: Pyroar|Heat Wave|p1a: Mawile|[spread] p1b
|-activate|p1a: Mawile|move: Protect
|-damage|p1b: Farigiraf|0 fnt
|faint|p1b: Farigiraf
|
|-weather|SunnyDay|[upkeep]
|upkeep
|
|t:|1784752434
|switch|p1b: Pelipper|Pelipper, L50, F|100/100
|-weather|RainDance|[from] ability: Drizzle|[of] p1b: Pelipper
|turn|2
|
|t:|1784752451
|detailschange|p1a: Mawile|Mawile-Mega, L50, F, shiny
|-mega|p1a: Mawile|Mawile|Mawilite
|move|p2b: Torkoal|Helping Hand|p2a: Pyroar
|-singleturn|p2a: Pyroar|Helping Hand|[of] p2b: Torkoal
|move|p2a: Pyroar|Overheat|p1a: Mawile
|-supereffective|p1a: Mawile|1
|-damage|p1a: Mawile|0 fnt
|-unboost|p2a: Pyroar|spa|2
|faint|p1a: Mawile
|move|p1b: Pelipper|Weather Ball|p2b: Torkoal
|-supereffective|p2b: Torkoal|1
|-damage|p2b: Torkoal|0 fnt
|faint|p2b: Torkoal
|
|-weather|RainDance|[upkeep]
|upkeep
|
|t:|1784752473
|switch|p1a: Archaludon|Archaludon, L50, M, shiny|100/100
|switch|p2b: Basculegion|Basculegion, L50, M|100/100
|turn|3
|
|t:|1784752505
|switch|p2a: Malamar|Malamar, L50, F|100/100
|move|p2b: Basculegion|Last Respects|p1b: Pelipper
|-damage|p1b: Pelipper|26/100
|-enditem|p1b: Pelipper|Sitrus Berry|[eat]
|-heal|p1b: Pelipper|51/100|[from] item: Sitrus Berry
|move|p1a: Archaludon|Electro Shot||[still]
|-prepare|p1a: Archaludon|Electro Shot
|-boost|p1a: Archaludon|spa|1
|-anim|p1a: Archaludon|Electro Shot|p2b: Basculegion
|-supereffective|p2b: Basculegion|1
|-damage|p2b: Basculegion|0 fnt
|faint|p2b: Basculegion
|move|p1b: Pelipper|Tailwind|p1b: Pelipper
|-sidestart|p1: MetaknightXIII|move: Tailwind
|
|-weather|RainDance|[upkeep]
|upkeep
|
|t:|1784752508
|switch|p2b: Pyroar|Pyroar-Mega, L50, F|100/100
|turn|4
|
|t:|1784752524
|move|p2b: Pyroar|Protect|p2b: Pyroar
|-singleturn|p2b: Pyroar|Protect
|move|p1a: Archaludon|Electro Shot||[still]
|-prepare|p1a: Archaludon|Electro Shot
|-boost|p1a: Archaludon|spa|1
|-anim|p1a: Archaludon|Electro Shot|p2a: Malamar
|-damage|p2a: Malamar|39/100
|-enditem|p2a: Malamar|Sitrus Berry|[eat]
|-heal|p2a: Malamar|64/100|[from] item: Sitrus Berry
|move|p1b: Pelipper|Weather Ball|p2a: Malamar
|-damage|p2a: Malamar|12/100
|move|p2a: Malamar|Trick Room|p2a: Malamar
|-fieldstart|move: Trick Room|[of] p2a: Malamar
|
|-weather|RainDance|[upkeep]
|upkeep
|turn|5
|
|t:|1784752559
|move|p1a: Archaludon|Protect|p1a: Archaludon
|-singleturn|p1a: Archaludon|Protect
|move|p2a: Malamar|Rock Slide|p1a: Archaludon|[spread] p1b
|-activate|p1a: Archaludon|move: Protect
|-supereffective|p1b: Pelipper|1
|-damage|p1b: Pelipper|25/100
|move|p2b: Pyroar|Heat Wave|p1b: Pelipper|[spread] p1b
|-activate|p1a: Archaludon|move: Protect
|-resisted|p1b: Pelipper|1
|-damage|p1b: Pelipper|4/100
|cant|p1b: Pelipper|flinch
|
|-weather|RainDance|[upkeep]
|upkeep
|turn|6
|
|t:|1784752594
|move|p1b: Pelipper|Wide Guard|p1b: Pelipper
|-singleturn|p1b: Pelipper|Wide Guard
|move|p2a: Malamar|Topsy-Turvy|p1a: Archaludon
|-invertboost|p1a: Archaludon|[from] move: Topsy-Turvy
|move|p2b: Pyroar|Heat Wave|p1a: Archaludon|[spread] 
|-activate|p1a: Archaludon|move: Wide Guard
|-activate|p1b: Pelipper|move: Wide Guard
|move|p1a: Archaludon|Electro Shot||[still]
|-prepare|p1a: Archaludon|Electro Shot
|-boost|p1a: Archaludon|spa|1
|-anim|p1a: Archaludon|Electro Shot|p2a: Malamar
|-damage|p2a: Malamar|0 fnt
|faint|p2a: Malamar
|
|-weather|none
|-sideend|p1: MetaknightXIII|move: Tailwind
|upkeep
|turn|7
|
|t:|1784752613
|move|p1b: Pelipper|Tailwind|p1b: Pelipper
|-sidestart|p1: MetaknightXIII|move: Tailwind
|move|p2b: Pyroar|Heat Wave|p1b: Pelipper|[spread] p1b
|-miss|p2b: Pyroar|p1a: Archaludon
|-resisted|p1b: Pelipper|1
|-damage|p1b: Pelipper|0 fnt
|faint|p1b: Pelipper
|move|p1a: Archaludon|Electro Shot||[still]
|-prepare|p1a: Archaludon|Electro Shot
|-boost|p1a: Archaludon|spa|1
|
|upkeep
|turn|8
|
|t:|1784752623
|move|p2b: Pyroar|Protect|p2b: Pyroar
|-singleturn|p2b: Pyroar|Protect
|move|p1a: Archaludon|Electro Shot|p2b: Pyroar|[from] lockedmove
|-activate|p2b: Pyroar|move: Protect
|
|-fieldend|move: Trick Room
|upkeep
|turn|9
|
|t:|1784752629
|move|p1a: Archaludon|Dragon Pulse|p2b: Pyroar
|-damage|p2b: Pyroar|60/100
|move|p2b: Pyroar|Overheat|p1a: Archaludon
|-damage|p1a: Archaludon|9/100
|-unboost|p2b: Pyroar|spa|2
|-ability|p1a: Archaludon|Stamina|boost
|-boost|p1a: Archaludon|def|1
|
|-heal|p1a: Archaludon|15/100|[from] item: Leftovers
|upkeep
|turn|10
|
|t:|1784752637
|move|p1a: Archaludon|Protect|p1a: Archaludon
|-singleturn|p1a: Archaludon|Protect
|move|p2b: Pyroar|Protect||[still]
|-fail|p2b: Pyroar
|
|-heal|p1a: Archaludon|21/100|[from] item: Leftovers
|-sideend|p1: MetaknightXIII|move: Tailwind
|upkeep
|turn|11
|
|t:|1784752643
|move|p2b: Pyroar|Overheat|p1a: Archaludon
|-damage|p1a: Archaludon|0 fnt
|-unboost|p2b: Pyroar|spa|2
|faint|p1a: Archaludon
|
|win|bighamsterbaseball
|raw|MetaknightXIII's rating: 1263 → 1230(-33 for losing)
|raw|bighamsterbaseball's rating: 1148 → 1181(+33 for winning)
|l|☆MetaknightXIII
|player|p1|
|l|☆bighamsterbaseball
|player|p2|
|j|☆bighamsterbaseball
|player|p2|bighamsterbaseball|pokemaniac|
