|j|☆devinlewisd
|j|☆vilan333
|html|devinlewisdvilan333    
|uhtml|bestof|Game 3 of a best-of-3
|t:|1783356363
|gametype|doubles
|player|p1|devinlewisd|hiker-gen4|1104
|player|p2|vilan333|marshal|1130
|gen|9
|tier|[Gen 9 Champions] VGC 2026 Reg M-B (Bo3)
|rated|
|rule|Species Clause: Limit one of each Pokémon
|rule|Item Clause: Limit 1 of each item
|clearpoke
|poke|p1|Ninetales-Alola, L50, F|
|poke|p1|Volcarona, L50, M|
|poke|p1|Farigiraf, L50, F|
|poke|p1|Raichu, L50, F|
|poke|p1|Basculegion, L50, M|
|poke|p1|Decidueye-Hisui, L50, F|
|poke|p2|Charizard, L50, F|
|poke|p2|Mawile, L50, F|
|poke|p2|Basculegion, L50, M|
|poke|p2|Garchomp, L50, F|
|poke|p2|Whimsicott, L50, M|
|poke|p2|Farigiraf, L50, M|
|teampreview|4
|showteam|p1|Ninetales-Alola||LightClay|SnowWarning|Blizzard,FreezeDry,AuroraVeil,Protect|Timid||F|||50|]Volcarona||Leftovers|FlameBody|RagePowder,QuiverDance,Protect,HeatWave|Modest||M|||50|]Farigiraf||MentalHerb|ArmorTail|TrickRoom,Imprison,HelpingHand,DazzlingGleam|Sassy||F|||50|]Raichu||RaichuniteY|LightningRod|FakeOut,ZapCannon,FocusBlast,Protect|Hasty||F|||50|]Basculegion||ChoiceScarf|Adaptability|Liquidation,FlipTurn,LastRespects,HeadSmash|Jolly||M|||50|]Decidueye-Hisui||ExpertBelt|Scrappy|TripleArrows,BraveBird,Protect,LeafBlade|Adamant||F|||50|
|showteam|p2|Charizard||CharizarditeY|Blaze|WeatherBall,HeatWave,SolarBeam,Protect|Timid||F|||50|]Mawile||Mawilite|HyperCutter|PlayRough,SuckerPunch,BrickBreak,Protect|Adamant||F|||50|]Basculegion||MysticWater|Adaptability|WaveCrash,LastRespects,AquaJet,Protect|Adamant||M|||50|]Garchomp||LifeOrb|RoughSkin|Earthquake,DragonClaw,RockSlide,Protect|Jolly||F|||50|]Whimsicott||FocusSash|Prankster|Moonblast,Encore,Tailwind,Protect|Timid||M|||50|]Farigiraf||SitrusBerry|ArmorTail|TwinBeam,Thunderbolt,TrickRoom,HelpingHand|Bold||M|||50|
|inactive|Battle timer is ON: inactive players will automatically lose when time's up. (requested by devinlewisd)
|
|t:|1783356383
|teamsize|p1|4
|teamsize|p2|4
|start
|switch|p1a: Ninetales|Ninetales-Alola, L50, F|100/100
|switch|p1b: Volcarona|Volcarona, L50, M|100/100
|switch|p2a: Farigiraf|Farigiraf, L50, M|100/100
|switch|p2b: Charizard|Charizard, L50, F|100/100
|-weather|Snowscape|[from] ability: Snow Warning|[of] p1a: Ninetales
|turn|1
|
|t:|1783356401
|switch|p1a: Basculegion|Basculegion, L50, M|100/100
|detailschange|p2b: Charizard|Charizard-Mega-Y, L50, F
|-mega|p2b: Charizard|Charizard|Charizardite Y
|-weather|SunnyDay|[from] ability: Drought|[of] p2b: Charizard
|move|p2b: Charizard|Heat Wave|p1b: Volcarona|[spread] p1a,p1b
|-resisted|p1a: Basculegion|1
|-damage|p1a: Basculegion|65/100
|-damage|p1b: Volcarona|38/100
|-status|p1a: Basculegion|brn
|move|p1b: Volcarona|Quiver Dance|p1b: Volcarona
|-boost|p1b: Volcarona|spa|1
|-boost|p1b: Volcarona|spd|1
|-boost|p1b: Volcarona|spe|1
|move|p2a: Farigiraf|Trick Room|p2a: Farigiraf
|-fieldstart|move: Trick Room|[of] p2a: Farigiraf
|
|-weather|SunnyDay|[upkeep]
|-heal|p1b: Volcarona|45/100|[from] item: Leftovers
|-damage|p1a: Basculegion|59/100 brn|[from] brn
|upkeep
|turn|2
|inactive|devinlewisd has 30 seconds left.
|inactive|vilan333 has 30 seconds left.
|
|t:|1783356432
|move|p1b: Volcarona|Protect|p1b: Volcarona
|-singleturn|p1b: Volcarona|Protect
|move|p2a: Farigiraf|Twin Beam|p1a: Basculegion
|-damage|p1a: Basculegion|42/100 brn
|-damage|p1a: Basculegion|25/100 brn
|-hitcount|p1a: Basculegion|2
|move|p2b: Charizard|Heat Wave|p1b: Volcarona|[spread] p1a
|-activate|p1b: Volcarona|move: Protect
|-resisted|p1a: Basculegion|1
|-damage|p1a: Basculegion|0 fnt
|faint|p1a: Basculegion
|
|-weather|SunnyDay|[upkeep]
|-heal|p1b: Volcarona|51/100|[from] item: Leftovers
|upkeep
|
|t:|1783356441
|switch|p1a: Ninetales|Ninetales-Alola, L50, F|100/100
|-weather|Snowscape|[from] ability: Snow Warning|[of] p1a: Ninetales
|turn|3
|
|t:|1783356453
|move|p2a: Farigiraf|Twin Beam|p1a: Ninetales
|-damage|p1a: Ninetales|83/100
|-damage|p1a: Ninetales|63/100
|-hitcount|p1a: Ninetales|2
|move|p2b: Charizard|Heat Wave|p1a: Ninetales|[spread] p1b
|-miss|p2b: Charizard|p1a: Ninetales
|-damage|p1b: Volcarona|25/100
|move|p1a: Ninetales|Blizzard|p2b: Charizard|[spread] p2a,p2b
|-damage|p2a: Farigiraf|71/100
|-damage|p2b: Charizard|72/100
|move|p1b: Volcarona|Heat Wave|p2a: Farigiraf|[spread] p2a,p2b
|-resisted|p2b: Charizard|1
|-damage|p2a: Farigiraf|15/100
|-damage|p2b: Charizard|42/100
|-enditem|p2a: Farigiraf|Sitrus Berry|[eat]
|-heal|p2a: Farigiraf|40/100|[from] item: Sitrus Berry
|
|-weather|Snowscape|[upkeep]
|-heal|p1b: Volcarona|31/100|[from] item: Leftovers
|upkeep
|turn|4
|inactive|devinlewisd has 30 seconds left.
|inactive|vilan333 has 30 seconds left.
|
|t:|1783356483
|switch|p2a: Mawile|Mawile, L50, F|100/100
|move|p1a: Ninetales|Protect|p1a: Ninetales
|-singleturn|p1a: Ninetales|Protect
|move|p2b: Charizard|Heat Wave|p1a: Ninetales|[spread] p1b
|-activate|p1a: Ninetales|move: Protect
|-damage|p1b: Volcarona|1/100
|move|p1b: Volcarona|Heat Wave|p2b: Charizard|[spread] p2a,p2b
|-supereffective|p2a: Mawile|1
|-resisted|p2b: Charizard|1
|-damage|p2a: Mawile|0 fnt
|-damage|p2b: Charizard|15/100
|faint|p2a: Mawile
|
|-weather|Snowscape|[upkeep]
|-heal|p1b: Volcarona|8/100|[from] item: Leftovers
|upkeep
|
|t:|1783356501
|switch|p2a: Basculegion|Basculegion, L50, M|100/100
|turn|5
|
|t:|1783356520
|switch|p1a: Raichu|Raichu, L50, F|100/100
|move|p1b: Volcarona|Protect|p1b: Volcarona
|-singleturn|p1b: Volcarona|Protect
|move|p2a: Basculegion|Aqua Jet|p1b: Volcarona
|-activate|p1b: Volcarona|move: Protect
|move|p2b: Charizard|Heat Wave|p1a: Raichu|[spread] p1a
|-activate|p1b: Volcarona|move: Protect
|-damage|p1a: Raichu|37/100
|
|-weather|Snowscape|[upkeep]
|-heal|p1b: Volcarona|14/100|[from] item: Leftovers
|-fieldend|move: Trick Room
|upkeep
|turn|6
|inactive|devinlewisd has 30 seconds left.
|inactive|vilan333 has 30 seconds left.
|inactive|devinlewisd has 20 seconds left.
|inactive|devinlewisd has 15 seconds left.
|inactive|devinlewisd has 10 seconds left.
|
|t:|1783356565
|switch|p1b: Ninetales|Ninetales-Alola, L50, F|63/100
|detailschange|p1a: Raichu|Raichu-Mega-Y, L50, F
|-mega|p1a: Raichu|Raichu|Raichunite Y
|move|p2a: Basculegion|Aqua Jet|p1a: Raichu
|-damage|p1a: Raichu|0 fnt
|faint|p1a: Raichu
|move|p2b: Charizard|Heat Wave|p1b: Ninetales
|-supereffective|p1b: Ninetales|1
|-crit|p1b: Ninetales
|-damage|p1b: Ninetales|0 fnt
|faint|p1b: Ninetales
|
|-weather|Snowscape|[upkeep]
|upkeep
|-message|devinlewisd forfeited.
|
|win|vilan333
|raw|devinlewisd's rating: 1104 → 1081(-23 for losing)
|raw|vilan333's rating: 1130 → 1153(+23 for winning)
|l|☆devinlewisd
|player|p1|
