|j|☆zegabovgc
|j|☆sorecruiser
|html|zegabovgcsorecruiser    
|uhtml|bestof|Game 3 of a best-of-3
|t:|1757689940
|gametype|doubles
|player|p1|zegabovgc|benga|1208
|player|p2|sorecruiser|furisodegirl-black|1121
|gen|9
|tier|[Gen 9] VGC 2025 Reg H (Bo3)
|rated|
|rule|Species Clause: Limit one of each Pokémon
|rule|Item Clause: Limit 1 of each item
|clearpoke
|poke|p1|Incineroar, L50, F|
|poke|p1|Amoonguss, L50, M|
|poke|p1|Ursaluna-Bloodmoon, L50, M|
|poke|p1|Sneasler, L50, F|
|poke|p1|Gholdengo, L50|
|poke|p1|Dragonite, L50, M|
|poke|p2|Gholdengo, L50|
|poke|p2|Whimsicott, L50, M|
|poke|p2|Sneasler, L50, F|
|poke|p2|Rillaboom, L50, F|
|poke|p2|Hydreigon, L50, M|
|poke|p2|Magmar, L50, M|
|teampreview|4
|showteam|p1|Incineroar||SafetyGoggles|Intimidate|FlareBlitz,KnockOff,PartingShot,FakeOut|||F|||50|,,,,,Ghost]Amoonguss||SitrusBerry|Regenerator|Spore,RagePowder,PollenPuff,Protect|||M|||50|,,,,,Dark]Ursaluna-Bloodmoon||AssaultVest|MindsEye|HyperVoice,BloodMoon,EarthPower,VacuumWave|||M|||50|,,,,,Water]Sneasler||FocusSash|Unburden|CloseCombat,DireClaw,ThroatChop,Protect|||F|||50|,,,,,Stellar]Gholdengo||LifeOrb|GoodasGold|MakeItRain,ShadowBall,NastyPlot,Protect||||||50|,,,,,Water]Dragonite||LoadedDice|Multiscale|ScaleShot,Tailwind,Haze,Protect|||M|||50|,,,,,Fairy
|showteam|p2|Gholdengo||MetalCoat|GoodasGold|MakeItRain,ShadowBall,NastyPlot,Protect||||||50|,,,,,Water]Whimsicott||CovertCloak|Prankster|Tailwind,Encore,SunnyDay,Moonblast|||M|||50|,,,,,Dark]Sneasler||WhiteHerb|Unburden|DireClaw,CloseCombat,ThroatChop,Protect|||F|||50|,,,,,Dark]Rillaboom||AssaultVest|GrassySurge|GrassyGlide,WoodHammer,HighHorsepower,FakeOut|||F|||50|,,,,,Fire]Hydreigon||ChoiceSpecs|Levitate|DarkPulse,DracoMeteor,Snarl,HeatWave|||M|||50|,,,,,Fairy]Magmar||Eviolite|VitalSpirit|FollowMe,HeatWave,Taunt,Protect|||M|||50|,,,,,Ghost
|inactive|Battle timer is ON: inactive players will automatically lose when time's up. (requested by zegabovgc)
|
|t:|1757689960
|teamsize|p1|4
|teamsize|p2|4
|start
|switch|p1a: Incineroar|Incineroar, L50, F|100/100
|switch|p1b: Sneasler|Sneasler, L50, F|100/100
|switch|p2a: Gholdengo|Gholdengo, L50|100/100
|switch|p2b: Whimsicott|Whimsicott, L50, M|100/100
|-ability|p1a: Incineroar|Intimidate|boost
|-unboost|p2a: Gholdengo|atk|1
|-unboost|p2b: Whimsicott|atk|1
|turn|1
|inactive|zegabovgc has 30 seconds left.
|inactive|sorecruiser has 30 seconds left.
|inactive|zegabovgc has 20 seconds left.
|inactive|sorecruiser has 20 seconds left.
|inactive|zegabovgc has 15 seconds left.
|inactive|sorecruiser has 15 seconds left.
|
|t:|1757690001
|switch|p2b: Hydreigon|Hydreigon, L50, M|100/100
|-terastallize|p2a: Gholdengo|Water
|move|p1b: Sneasler|Throat Chop|p2a: Gholdengo
|-damage|p2a: Gholdengo|73/100
|-start|p2a: Gholdengo|Throat Chop|[silent]
|move|p2a: Gholdengo|Nasty Plot|p2a: Gholdengo
|-boost|p2a: Gholdengo|spa|2
|move|p1a: Incineroar|Flare Blitz|p2b: Hydreigon
|-resisted|p2b: Hydreigon
|-damage|p2b: Hydreigon|69/100
|-status|p2b: Hydreigon|brn
|-damage|p1a: Incineroar|92/100|[from] Recoil
|
|-damage|p2b: Hydreigon|63/100 brn|[from] brn
|upkeep
|turn|2
|inactive|zegabovgc has 30 seconds left.
|
|t:|1757690027
|-terastallize|p1b: Sneasler|Stellar
|move|p1b: Sneasler|Close Combat|p2a: Gholdengo
|-damage|p2a: Gholdengo|0 fnt
|-unboost|p1b: Sneasler|def|1
|-unboost|p1b: Sneasler|spd|1
|faint|p2a: Gholdengo
|move|p2b: Hydreigon|Heat Wave|p1b: Sneasler|[spread] p1a,p1b
|-resisted|p1a: Incineroar
|-damage|p1a: Incineroar|75/100
|-damage|p1b: Sneasler|15/100
|move|p1a: Incineroar|Parting Shot|p2b: Hydreigon
|-unboost|p2b: Hydreigon|atk|1
|-unboost|p2b: Hydreigon|spa|1
|
|t:|1757690036
|switch|p1a: Gholdengo|Gholdengo, L50|100/100|[from] Parting Shot
|
|-damage|p2b: Hydreigon|57/100 brn|[from] brn
|upkeep
|
|t:|1757690038
|switch|p2a: Rillaboom|Rillaboom, L50, F|100/100
|-fieldstart|move: Grassy Terrain|[from] ability: Grassy Surge|[of] p2a: Rillaboom
|turn|3
|
|t:|1757690058
|switch|p1b: Incineroar|Incineroar, L50, F|75/100
|-ability|p1b: Incineroar|Intimidate|boost
|-unboost|p2a: Rillaboom|atk|1
|-unboost|p2b: Hydreigon|atk|1
|move|p1a: Gholdengo|Protect|p1a: Gholdengo
|-singleturn|p1a: Gholdengo|Protect
|move|p2a: Rillaboom|Fake Out|p1b: Incineroar
|-damage|p1b: Incineroar|67/100
|move|p2b: Hydreigon|Heat Wave|p1b: Incineroar|[spread] p1b
|-activate|p1a: Gholdengo|move: Protect
|-resisted|p1b: Incineroar
|-damage|p1b: Incineroar|55/100
|
|-heal|p1b: Incineroar|61/100|[from] Grassy Terrain
|-damage|p2b: Hydreigon|51/100 brn|[from] brn
|upkeep
|turn|4
|
|t:|1757690069
|switch|p1a: Dragonite|Dragonite, L50, M|100/100
|move|p2b: Hydreigon|Heat Wave|p1b: Incineroar|[spread] p1a,p1b
|-resisted|p1a: Dragonite
|-resisted|p1b: Incineroar
|-damage|p1a: Dragonite|93/100
|-damage|p1b: Incineroar|50/100
|move|p2a: Rillaboom|High Horsepower|p1a: Dragonite
|-immune|p1a: Dragonite
|move|p1b: Incineroar|Flare Blitz|p2a: Rillaboom
|-supereffective|p2a: Rillaboom
|-damage|p2a: Rillaboom|10/100
|-damage|p1b: Incineroar|19/100|[from] Recoil
|
|-heal|p2a: Rillaboom|15/100|[from] Grassy Terrain
|-heal|p1b: Incineroar|25/100|[from] Grassy Terrain
|-damage|p2b: Hydreigon|45/100 brn|[from] brn
|upkeep
|turn|5
|
|t:|1757690087
|switch|p2b: Whimsicott|Whimsicott, L50, M|100/100
|move|p1a: Dragonite|Tailwind|p1a: Dragonite
|-sidestart|p1: zegabovgc|move: Tailwind
|move|p1b: Incineroar|Parting Shot|p2b: Whimsicott
|-unboost|p2b: Whimsicott|atk|1
|-unboost|p2b: Whimsicott|spa|1
|
|t:|1757690095
|switch|p1b: Gholdengo|Gholdengo, L50|100/100|[from] Parting Shot
|move|p2a: Rillaboom|High Horsepower|p1b: Gholdengo
|-supereffective|p1b: Gholdengo
|-damage|p1b: Gholdengo|52/100
|
|-heal|p1b: Gholdengo|58/100|[from] Grassy Terrain
|-heal|p2a: Rillaboom|21/100|[from] Grassy Terrain
|upkeep
|turn|6
|
|t:|1757690113
|move|p2b: Whimsicott|Encore|p1a: Dragonite
|-start|p1a: Dragonite|Encore
|move|p1b: Gholdengo|Make It Rain|p2b: Whimsicott|[spread] p2a,p2b
|-supereffective|p2b: Whimsicott
|-damage|p2a: Rillaboom|0 fnt
|-damage|p2b: Whimsicott|0 fnt
|-unboost|p1b: Gholdengo|spa|1
|faint|p2a: Rillaboom
|faint|p2b: Whimsicott
|-damage|p1b: Gholdengo|49/100|[from] item: Life Orb
|move|p1a: Dragonite|Tailwind||[still]
|-fail|p1a: Dragonite
|
|-heal|p1b: Gholdengo|55/100|[from] Grassy Terrain
|upkeep
|
|t:|1757690118
|switch|p2b: Hydreigon|Hydreigon, L50, M|45/100 brn
|turn|7
|
|t:|1757690126
|switch|p1a: Incineroar|Incineroar, L50, F|25/100
|-ability|p1a: Incineroar|Intimidate|boost
|-unboost|p2b: Hydreigon|atk|1
|move|p1b: Gholdengo|Make It Rain|p2b: Hydreigon
|-damage|p2b: Hydreigon|0 fnt
|-unboost|p1b: Gholdengo|spa|1
|faint|p2b: Hydreigon
|-damage|p1b: Gholdengo|45/100|[from] item: Life Orb
|
|win|zegabovgc
|raw|zegabovgc's rating: 1208 → 1227(+19 for winning)
|raw|sorecruiser's rating: 1121 → 1102(-19 for losing)
|c|☆sorecruiser|gg wp
|c|☆zegabovgc|gg
