|j|☆Sephrott
|j|☆FunkleVGC
|html|SephrottFunkleVGC    
|uhtml|bestof|Game 1 of a best-of-3
|t:|1782519718
|gametype|doubles
|player|p1|Sephrott|2|1107
|player|p2|FunkleVGC|fisherman-gen4|1235
|gen|9
|tier|[Gen 9 Champions] VGC 2026 Reg M-B (Bo3)
|rated|
|rule|Species Clause: Limit one of each Pokémon
|rule|Item Clause: Limit 1 of each item
|clearpoke
|poke|p1|Swampert, L50, F|
|poke|p1|Pelipper, L50, F|
|poke|p1|Sinistcha, L50|
|poke|p1|Archaludon, L50, F|
|poke|p1|Metagross, L50|
|poke|p1|Grimmsnarl, L50, M|
|poke|p2|Froslass, L50, F, shiny|
|poke|p2|Scovillain, L50, M, shiny|
|poke|p2|Lycanroc-Dusk, L50, M|
|poke|p2|Kingambit, L50, M, shiny|
|poke|p2|Basculegion, L50, M, shiny|
|poke|p2|Sneasler, L50, F|
|teampreview|4
|showteam|p1|Swampert||Swampertite|Torrent|WaveCrash,Earthquake,IcePunch,Protect|Adamant||F|||50|]Pelipper||SitrusBerry|Drizzle|WeatherBall,Hurricane,Tailwind,WideGuard|Modest||F|||50|]Sinistcha||CobaBerry|Hospitality|MatchaGotcha,Protect,RagePowder,TrickRoom|Bold|||||50|]Archaludon||Leftovers|Stamina|ElectroShot,FlashCannon,DragonPulse,Protect|Modest||F|||50|]Metagross||Metagrossite|ClearBody|IronHead,PsychicFangs,BodyPress,Protect|Jolly|||||50|]Grimmsnarl||LightClay|Prankster|FoulPlay,LightScreen,Reflect,PartingShot|Careful||M|||50|
|showteam|p2|Froslass||Froslassite|CursedBody|Blizzard,ShadowBall,AuroraVeil,Protect|Modest||F|||50|]Scovillain||Scovillainite|Moody|Overheat,GigaDrain,RagePowder,Protect|Bold||M|||50|]Lycanroc-Dusk||FocusSash|ToughClaws|RockSlide,CloseCombat,Accelerock,Protect|Adamant||M|||50|]Kingambit||BlackGlasses|Defiant|KowtowCleave,SuckerPunch,SwordsDance,Protect|Adamant||M|||50|]Basculegion||SitrusBerry|Adaptability|WaveCrash,LastRespects,AquaJet,Protect|Adamant||M|||50|]Sneasler||WhiteHerb|Unburden|DireClaw,CloseCombat,FakeOut,Protect|Adamant||F|||50|
|
|t:|1782519740
|teamsize|p1|4
|teamsize|p2|4
|start
|switch|p1a: Grimmsnarl|Grimmsnarl, L50, M|100/100
|switch|p1b: Metagross|Metagross, L50|100/100
|switch|p2a: Froslass|Froslass, L50, F, shiny|100/100
|switch|p2b: Sneasler|Sneasler, L50, F|100/100
|turn|1
|
|t:|1782519770
|detailschange|p2a: Froslass|Froslass-Mega, L50, F, shiny
|-mega|p2a: Froslass|Froslass|Froslassite
|-weather|Snowscape|[from] ability: Snow Warning|[of] p2a: Froslass
|detailschange|p1b: Metagross|Metagross-Mega, L50
|-mega|p1b: Metagross|Metagross|Metagrossite
|move|p1b: Metagross|Protect|p1b: Metagross
|-singleturn|p1b: Metagross|Protect
|move|p2b: Sneasler|Fake Out|p1a: Grimmsnarl
|-damage|p1a: Grimmsnarl|82/100
|cant|p1a: Grimmsnarl|flinch
|move|p2a: Froslass|Shadow Ball|p1b: Metagross
|-activate|p1b: Metagross|move: Protect
|
|-weather|Snowscape|[upkeep]
|upkeep
|turn|2
|
|t:|1782519786
|move|p1a: Grimmsnarl|Light Screen|p1a: Grimmsnarl
|-sidestart|p1: Sephrott|move: Light Screen
|move|p1b: Metagross|Psychic Fangs|p2b: Sneasler
|-supereffective|p2b: Sneasler|2
|-damage|p2b: Sneasler|0 fnt
|faint|p2b: Sneasler
|move|p2a: Froslass|Shadow Ball|p1b: Metagross
|-supereffective|p1b: Metagross|1
|-damage|p1b: Metagross|48/100
|
|-weather|Snowscape|[upkeep]
|upkeep
|
|t:|1782519798
|switch|p2b: Kingambit|Kingambit, L50, M, shiny|100/100
|turn|3
|
|t:|1782519813
|move|p1a: Grimmsnarl|Reflect|p1a: Grimmsnarl
|-sidestart|p1: Sephrott|Reflect
|move|p2b: Kingambit|Sucker Punch|p1b: Metagross
|-supereffective|p1b: Metagross|1
|-damage|p1b: Metagross|0 fnt
|faint|p1b: Metagross
|move|p2a: Froslass|Blizzard|p1a: Grimmsnarl
|-damage|p1a: Grimmsnarl|36/100
|
|-weather|Snowscape|[upkeep]
|upkeep
|
|t:|1782519824
|switch|p1b: Archaludon|Archaludon, L50, F|100/100
|turn|4
|
|t:|1782519833
|switch|p2a: Basculegion|Basculegion, L50, M, shiny|100/100
|move|p1a: Grimmsnarl|Parting Shot|p2a: Basculegion
|-unboost|p2a: Basculegion|atk|1
|-unboost|p2a: Basculegion|spa|1
|
|t:|1782519839
|switch|p1a: Sinistcha|Sinistcha, L50|100/100|[from] Parting Shot
|move|p1b: Archaludon|Flash Cannon|p2a: Basculegion
|-resisted|p2a: Basculegion|1
|-damage|p2a: Basculegion|81/100
|-unboost|p2a: Basculegion|spd|1
|move|p2b: Kingambit|Swords Dance|p2b: Kingambit
|-boost|p2b: Kingambit|atk|2
|
|-weather|Snowscape|[upkeep]
|upkeep
|turn|5
|
|t:|1782519866
|move|p1b: Archaludon|Electro Shot||[still]
|-prepare|p1b: Archaludon|Electro Shot
|-boost|p1b: Archaludon|spa|1
|move|p2a: Basculegion|Last Respects|p1a: Sinistcha
|-supereffective|p1a: Sinistcha|1
|-crit|p1a: Sinistcha
|-damage|p1a: Sinistcha|0 fnt
|faint|p1a: Sinistcha
|move|p2b: Kingambit|Kowtow Cleave|p1b: Archaludon
|-damage|p1b: Archaludon|43/100
|-ability|p1b: Archaludon|Stamina|boost
|-boost|p1b: Archaludon|def|1
|
|-weather|none
|-heal|p1b: Archaludon|49/100|[from] item: Leftovers
|upkeep
|
|t:|1782519875
|switch|p1a: Grimmsnarl|Grimmsnarl, L50, M|36/100
|turn|6
|
|t:|1782519882
|move|p2b: Kingambit|Sucker Punch|p1b: Archaludon
|-damage|p1b: Archaludon|17/100
|-ability|p1b: Archaludon|Stamina|boost
|-boost|p1b: Archaludon|def|1
|move|p1a: Grimmsnarl|Foul Play|p2b: Kingambit
|-resisted|p2b: Kingambit|1
|-damage|p2b: Kingambit|57/100
|move|p1b: Archaludon|Electro Shot|p2a: Basculegion|[from] lockedmove
|-supereffective|p2a: Basculegion|1
|-damage|p2a: Basculegion|0 fnt
|faint|p2a: Basculegion
|
|-heal|p1b: Archaludon|23/100|[from] item: Leftovers
|upkeep
|
|t:|1782519893
|switch|p2a: Froslass|Froslass-Mega, L50, F, shiny|100/100
|-weather|Snowscape|[from] ability: Snow Warning|[of] p2a: Froslass
|turn|7
|
|t:|1782519902
|move|p1b: Archaludon|Protect|p1b: Archaludon
|-singleturn|p1b: Archaludon|Protect
|move|p2b: Kingambit|Sucker Punch||[still]
|-fail|p2b: Kingambit
|move|p2a: Froslass|Blizzard|p1a: Grimmsnarl|[spread] p1a
|-activate|p1b: Archaludon|move: Protect
|-damage|p1a: Grimmsnarl|6/100
|move|p1a: Grimmsnarl|Foul Play|p2b: Kingambit
|-resisted|p2b: Kingambit|1
|-damage|p2b: Kingambit|13/100
|
|-weather|Snowscape|[upkeep]
|-heal|p1b: Archaludon|29/100|[from] item: Leftovers
|upkeep
|turn|8
|inactive|Battle timer is ON: inactive players will automatically lose when time's up. (requested by FunkleVGC)
|
|t:|1782519927
|move|p2b: Kingambit|Sucker Punch|p1b: Archaludon
|-damage|p1b: Archaludon|6/100
|-ability|p1b: Archaludon|Stamina|boost
|-boost|p1b: Archaludon|def|1
|move|p2a: Froslass|Blizzard|p1b: Archaludon|[spread] p1a,p1b
|-damage|p1a: Grimmsnarl|0 fnt
|-damage|p1b: Archaludon|0 fnt
|faint|p1a: Grimmsnarl
|faint|p1b: Archaludon
|
|win|FunkleVGC
