|j|☆ssh92d92n
|j|☆predatorssg
|html|ssh92d92npredatorssg    
|uhtml|bestof|Game 3 of a best-of-3
|t:|1786026938
|gametype|doubles
|player|p1|ssh92d92n|waiter|1101
|player|p2|predatorssg|2|1167
|gen|9
|tier|[Gen 9 Champions] VGC 2026 Reg M-B (Bo3)
|rated|
|rule|Species Clause: Limit one of each Pokémon
|rule|Item Clause: Limit 1 of each item
|clearpoke
|poke|p1|Garchomp, L50, M|
|poke|p1|Tyranitar, L50, M|
|poke|p1|Ceruledge, L50, M|
|poke|p1|Meowscarada, L50, F|
|poke|p1|Scizor, L50, F|
|poke|p1|Aerodactyl, L50, F|
|poke|p2|Archaludon, L50, F|
|poke|p2|Pelipper, L50, M|
|poke|p2|Grimmsnarl, L50, M|
|poke|p2|Swampert, L50, F|
|poke|p2|Talonflame, L50, F|
|poke|p2|Floette-Eternal, L50, F|
|teampreview|4
|showteam|p1|Garchomp||Garchompite|SandVeil|DracoMeteor,PowerGem,EarthPower,Protect|Modest||M|||50|]Tyranitar||Tyranitarite|SandStream|RockSlide,KnockOff,DragonDance,Protect|Jolly||M|||50|]Ceruledge||ColburBerry|FlashFire|BitterBlade,ShadowSneak,BulkUp,Protect|Adamant||M|||50|]Meowscarada||ChoiceScarf|Protean|FlowerTrick,KnockOff,TripleAxel,LowKick|Adamant||F|||50|]Scizor||LifeOrb|Technician|BulletPunch,BugBite,DualWingbeat,Protect|Adamant||F|||50|]Aerodactyl||FocusSash|Unnerve|DualWingbeat,RockSlide,Tailwind,Protect|Jolly||F|||50|
|showteam|p2|Archaludon||Leftovers|Stamina|ElectroShot,AuraSphere,FlashCannon,Protect|Modest||F|||50|]Pelipper||SitrusBerry|Drizzle|HelpingHand,WeatherBall,Hurricane,WideGuard|Modest||M|||50|]Grimmsnarl||LightClay|Prankster|PartingShot,SpiritBreak,Reflect,LightScreen|Calm||M|||50|]Swampert||Swampertite|Torrent|WaveCrash,Earthquake,IcePunch,Protect|Adamant||F|||50|]Talonflame||SharpBeak|GaleWings|Protect,Tailwind,RainDance,DualWingbeat|Jolly||F|||50|]Floette-Eternal||Floettite|FlowerVeil|DazzlingGleam,Moonblast,LightofRuin,Protect|Modest||F|||50|
|
|t:|1786026975
|teamsize|p1|4
|teamsize|p2|4
|start
|switch|p1a: Meowscarada|Meowscarada, L50, F|100/100
|switch|p1b: Scizor|Scizor, L50, F|100/100
|switch|p2a: Talonflame|Talonflame, L50, F|100/100
|switch|p2b: Archaludon|Archaludon, L50, F|100/100
|turn|1
|inactive|Battle timer is ON: inactive players will automatically lose when time's up. (requested by ssh92d92n)
|inactive|predatorssg has 60 seconds left.
|
|t:|1786027012
|move|p2a: Talonflame|Tailwind|p2a: Talonflame
|-sidestart|p2: predatorssg|move: Tailwind
|move|p1b: Scizor|Bullet Punch|p2a: Talonflame
|-resisted|p2a: Talonflame|1
|-damage|p2a: Talonflame|65/100
|-damage|p1b: Scizor|90/100|[from] item: Life Orb
|move|p1a: Meowscarada|Knock Off|p2a: Talonflame
|-start|p1a: Meowscarada|typechange|Dark|[from] ability: Protean
|-damage|p2a: Talonflame|0 fnt
|-enditem|p2a: Talonflame|Sharp Beak|[from] move: Knock Off|[of] p1a: Meowscarada
|faint|p2a: Talonflame
|move|p2b: Archaludon|Flash Cannon|p1a: Meowscarada
|-damage|p1a: Meowscarada|43/100
|
|upkeep
|
|t:|1786027023
|switch|p2a: Floette|Floette-Eternal, L50, F|100/100
|turn|2
|
|t:|1786027035
|switch|p2a: Pelipper|Pelipper, L50, M|100/100
|-weather|RainDance|[from] ability: Drizzle|[of] p2a: Pelipper
|move|p1b: Scizor|Bullet Punch|p2a: Pelipper
|-resisted|p2a: Pelipper|1
|-damage|p2a: Pelipper|78/100
|-damage|p1b: Scizor|80/100|[from] item: Life Orb
|move|p1a: Meowscarada|Knock Off|p2b: Archaludon
|-damage|p2b: Archaludon|68/100
|-ability|p2b: Archaludon|Stamina|boost
|-boost|p2b: Archaludon|def|1
|-enditem|p2b: Archaludon|Leftovers|[from] move: Knock Off|[of] p1a: Meowscarada
|move|p2b: Archaludon|Electro Shot||[still]
|-prepare|p2b: Archaludon|Electro Shot
|-boost|p2b: Archaludon|spa|1
|-anim|p2b: Archaludon|Electro Shot|p1b: Scizor
|-damage|p1b: Scizor|7/100
|
|-weather|RainDance|[upkeep]
|upkeep
|turn|3
|inactive|ssh92d92n has 30 seconds left.
|
|t:|1786027060
|switch|p1b: Tyranitar|Tyranitar, L50, M|100/100
|-weather|Sandstorm|[from] ability: Sand Stream|[of] p1b: Tyranitar
|move|p1a: Meowscarada|Knock Off|p2a: Pelipper
|-damage|p2a: Pelipper|20/100y
|-enditem|p2a: Pelipper|Sitrus Berry|[from] move: Knock Off|[of] p1a: Meowscarada
|move|p2b: Archaludon|Aura Sphere|p1b: Tyranitar
|-supereffective|p1b: Tyranitar|2
|-damage|p1b: Tyranitar|9/100
|move|p2a: Pelipper|Hurricane|p1a: Meowscarada
|-damage|p1a: Meowscarada|0 fnt
|faint|p1a: Meowscarada
|
|-weather|Sandstorm|[upkeep]
|-damage|p2a: Pelipper|14/100|[from] Sandstorm
|upkeep
|
|t:|1786027078
|switch|p1a: Garchomp|Garchomp, L50, M|100/100
|turn|4
|
|t:|1786027090
|switch|p2a: Floette|Floette-Eternal, L50, F|100/100
|detailschange|p1a: Garchomp|Garchomp-Mega, L50, M
|-mega|p1a: Garchomp|Garchomp|Garchompite
|move|p1b: Tyranitar|Protect|p1b: Tyranitar
|-singleturn|p1b: Tyranitar|Protect
|move|p2b: Archaludon|Flash Cannon|p1a: Garchomp
|-damage|p1a: Garchomp|52/100
|move|p1a: Garchomp|Earth Power|p2b: Archaludon
|-supereffective|p2b: Archaludon|1
|-damage|p2b: Archaludon|0 fnt
|faint|p2b: Archaludon
|
|-weather|Sandstorm|[upkeep]
|-damage|p2a: Floette|94/100|[from] Sandstorm
|-sideend|p2: predatorssg|move: Tailwind
|upkeep
|
|t:|1786027100
|switch|p2b: Pelipper|Pelipper, L50, M|14/100
|-weather|RainDance|[from] ability: Drizzle|[of] p2b: Pelipper
|turn|5
|
|t:|1786027121
|detailschange|p2a: Floette|Floette-Mega, L50, F
|-mega|p2a: Floette|Floette|Floettite
|-ability|p2a: Floette|Fairy Aura
|move|p2b: Pelipper|Wide Guard|p2b: Pelipper
|-singleturn|p2b: Pelipper|Wide Guard
|move|p2a: Floette|Dazzling Gleam|p1b: Tyranitar|[spread] p1a,p1b
|-supereffective|p1a: Garchomp|1
|-supereffective|p1b: Tyranitar|1
|-damage|p1a: Garchomp|0 fnt
|-damage|p1b: Tyranitar|0 fnt
|faint|p1a: Garchomp
|faint|p1b: Tyranitar
|
|-weather|RainDance|[upkeep]
|upkeep
|
|t:|1786027135
|switch|p1a: Scizor|Scizor, L50, F|7/100
|turn|6
|
|t:|1786027149
|move|p1a: Scizor|Bullet Punch|p2a: Floette
|-supereffective|p2a: Floette|1
|-damage|p2a: Floette|0 fnt
|faint|p2a: Floette
|-damage|p1a: Scizor|0 fnt|[from] item: Life Orb
|faint|p1a: Scizor
|
|win|predatorssg
|raw|ssh92d92n's rating: 1101 → 1081(-20 for losing)
|raw|predatorssg's rating: 1167 → 1187(+20 for winning)
|l|☆ssh92d92n
|player|p1|
