|j|âک†JoltSmash
|j|âک†guxueprimalblade
|html|JoltSmashguxueprimalblade    
|uhtml|bestof|Game 1 of a best-of-3
|t:|1784924835
|gametype|doubles
|player|p1|JoltSmash|harlequin|
|player|p2|guxueprimalblade|skullgrunt|
|gen|9
|tier|[Gen 9 Champions] VGC 2026 Reg M-B (Bo3)
|rule|Species Clause: Limit one of each Pokأ©mon
|rule|Item Clause: Limit 1 of each item
|clearpoke
|poke|p1|Falinks, L50|
|poke|p1|Audino, L50, F|
|poke|p1|Maushold-Four, L50, shiny|
|poke|p1|Scrafty, L50, F, shiny|
|poke|p1|Archaludon, L50, F|
|poke|p1|Staraptor, L50, F|
|poke|p2|Lucario, L50, F|
|poke|p2|Chesnaught, L50, F|
|poke|p2|Kingambit, L50, F|
|poke|p2|Whimsicott, L50, F|
|poke|p2|Reuniclus, L50, F|
|poke|p2|Basculegion, L50, M|
|teampreview|4
|showteam|p1|Falinks||Falinksite|Defiant|NoRetreat,Protect,RockSlide,HighHorsepower|Adamant|||||50|]Audino||ChoiceScarf|Healer|SimpleBeam,HealPulse,AfterYou,Encore|Timid||F|||50|]Maushold-Four||WideLens|Technician|PopulationBomb,FollowMe,Protect,TidyUp|Jolly|||||50|]Scrafty||Scraftinite|Intimidate|FakeOut,Coaching,KnockOff,DrainPunch|Careful||F|||50|]Archaludon||SitrusBerry|Stamina|ElectroShot,DragonPulse,FlashCannon,AuraSphere|Modest||F|||50|]Staraptor||FocusSash|Intimidate|Tailwind,Uturn,RainDance,GigaImpact|Jolly||F|||50|
|showteam|p2|Lucario||Lucarionite|Justified|CloseCombat,MeteorMash,Detect,BulletPunch|Jolly||F|||50|]Chesnaught||Chesnaughtite|Bulletproof|DrainPunch,BellyDrum,RockSlide,SpikyShield|Relaxed||F|||50|]Kingambit||BlackGlasses|Defiant|KowtowCleave,SuckerPunch,IronHead,Protect|Brave||F|||50|]Whimsicott||FocusSash|Prankster|Tailwind,Moonblast,Encore,BeatUp|Bold||F|||50|]Reuniclus||LifeOrb|MagicGuard|Psychic,TrickRoom,FlashCannon,Protect|Quiet||F|||50|]Basculegion||ChoiceScarf|Adaptability|AquaJet,FlipTurn,LastRespects,WaveCrash|Jolly||M|||50|
|inactive|Battle timer is ON: inactive players will automatically lose when time's up. (requested by guxueprimalblade)
|inactive|JoltSmash has 60 seconds left.
|j| HEROBREIN9
|
|t:|1784924870
|teamsize|p1|4
|teamsize|p2|4
|start
|switch|p1a: Dumb idiot|Scrafty, L50, F, shiny|100/100
|switch|p1b: Maushold-Six-Seven|Maushold-Four, L50, shiny|100/100
|switch|p2a: cobalionًںک‚ًںژ‰|Lucario, L50, F|100/100
|switch|p2b: showdown link|Whimsicott, L50, F|100/100
|-ability|p1a: Dumb idiot|Intimidate|boost
|-unboost|p2a: cobalionًںک‚ًںژ‰|atk|1
|-unboost|p2b: showdown link|atk|1
|turn|1
|c| HEROBREIN9|hi
|c|âک†guxueprimalblade|hi
|j| Someoneofficial
|inactive|guxueprimalblade has 30 seconds left.
|
|t:|1784924902
|switch|p2b: ferbsei ًںگںًںگںًںگں|Basculegion, L50, M|100/100
|detailschange|p2a: cobalionًںک‚ًںژ‰|Lucario-Mega, L50, F
|-mega|p2a: cobalionًںک‚ًںژ‰|Lucario|Lucarionite
|detailschange|p1a: Dumb idiot|Scrafty-Mega, L50, F, shiny
|-mega|p1a: Dumb idiot|Scrafty|Scraftinite
|-ability|p1a: Dumb idiot|Intimidate|boost
|-unboost|p2a: cobalionًںک‚ًںژ‰|atk|1
|-unboost|p2b: ferbsei ًںگںًںگںًںگں|atk|1
|move|p2a: cobalionًںک‚ًںژ‰|Detect|p2a: cobalionًںک‚ًںژ‰
|-singleturn|p2a: cobalionًںک‚ًںژ‰|Protect
|move|p1b: Maushold-Six-Seven|Population Bomb|p2b: ferbsei ًںگںًںگںًںگں
|-immune|p2b: ferbsei ًںگںًںگںًںگں
|move|p1a: Dumb idiot|Drain Punch|p2a: cobalionًںک‚ًںژ‰
|-activate|p2a: cobalionًںک‚ًںژ‰|move: Protect
|
|upkeep
|turn|2
|inactive|guxueprimalblade has 30 seconds left.
|j| hakoryu
|inactive|guxueprimalblade has 20 seconds left.
|inactive|guxueprimalblade has 15 seconds left.
|inactive|guxueprimalblade has 10 seconds left.
|
|t:|1784924949
|switch|p2a: showdown link|Whimsicott, L50, F|100/100
|move|p1b: Maushold-Six-Seven|Follow Me|p1b: Maushold-Six-Seven
|-singleturn|p1b: Maushold-Six-Seven|move: Follow Me
|move|p2b: ferbsei ًںگںًںگںًںگں|Wave Crash|p1b: Maushold-Six-Seven
|-damage|p1b: Maushold-Six-Seven|39/100
|-damage|p2b: ferbsei ًںگںًںگںًںگں|81/100|[from] Recoil
|move|p1a: Dumb idiot|Knock Off|p2b: ferbsei ًںگںًںگںًںگں
|-supereffective|p2b: ferbsei ًںگںًںگںًںگں|1
|-damage|p2b: ferbsei ًںگںًںگںًںگں|0 fnt
|-enditem|p2b: ferbsei ًںگںًںگںًںگں|Choice Scarf|[from] move: Knock Off|[of] p1a: Dumb idiot
|faint|p2b: ferbsei ًںگںًںگںًںگں
|
|upkeep
|c| hakoryu|wait how do i play this?
|
|t:|1784924963
|switch|p2b: cobalionًںک‚ًںژ‰|Lucario-Mega, L50, F|100/100
|turn|3
|c|âک†JoltSmash|pee pee poo poo
|c| HEROBREIN9|shut up
|c| hakoryu|is this showdown
|
|t:|1784924974
|move|p1b: Maushold-Six-Seven|Follow Me|p1b: Maushold-Six-Seven
|-singleturn|p1b: Maushold-Six-Seven|move: Follow Me
|move|p2b: cobalionًںک‚ًںژ‰|Close Combat|p1b: Maushold-Six-Seven
|-supereffective|p1b: Maushold-Six-Seven|1
|-damage|p1b: Maushold-Six-Seven|0 fnt
|-unboost|p2b: cobalionًںک‚ًںژ‰|def|1
|-unboost|p2b: cobalionًںک‚ًںژ‰|spd|1
|faint|p1b: Maushold-Six-Seven
|move|p2a: showdown link|Moonblast|p1a: Dumb idiot
|-supereffective|p1a: Dumb idiot|2
|-damage|p1a: Dumb idiot|37/100
|move|p1a: Dumb idiot|Drain Punch|p2b: cobalionًںک‚ًںژ‰
|-supereffective|p2b: cobalionًںک‚ًںژ‰|1
|-damage|p2b: cobalionًںک‚ًںژ‰|0 fnt
|-heal|p1a: Dumb idiot|80/100|[from] drain|[of] p2b: cobalionًںک‚ًںژ‰
|faint|p2b: cobalionًںک‚ًںژ‰
|
|upkeep
|c|âک†JoltSmash|sskibigfi
|
|t:|1784924989
|switch|p2b: krineas ًںکپًںکپًںکپ|Kingambit, L50, F|100/100
|switch|p1b: why|Staraptor, L50, F|100/100
|-ability|p1b: why|Intimidate|boost
|-unboost|p2a: showdown link|atk|1
|-unboost|p2b: krineas ًںکپًںکپًںکپ|atk|1
|-ability|p2b: krineas ًںکپًںکپًںکپ|Defiant|boost
|-boost|p2b: krineas ًںکپًںکپًںکپ|atk|2
|turn|4
|inactive|guxueprimalblade has 30 seconds left.
|
|t:|1784925018
|move|p2b: krineas ًںکپًںکپًںکپ|Protect|p2b: krineas ًںکپًںکپًںکپ
|-singleturn|p2b: krineas ًںکپًںکپًںکپ|Protect
|move|p1b: why|Tailwind|p1b: why
|-sidestart|p1: JoltSmash|move: Tailwind
|move|p1a: Dumb idiot|Drain Punch|p2b: krineas ًںکپًںکپًںکپ
|-activate|p2b: krineas ًںکپًںکپًںکپ|move: Protect
|move|p2a: showdown link|Moonblast|p1a: Dumb idiot
|-supereffective|p1a: Dumb idiot|2
|-damage|p1a: Dumb idiot|15/100
|
|upkeep
|turn|5
|inactive|JoltSmash has 30 seconds left.
|inactive|JoltSmash has 20 seconds left.
|
|t:|1784925055
|move|p2a: showdown link|Encore|p1b: why
|-start|p1b: why|Encore
|move|p2b: krineas ًںکپًںکپًںکپ|Sucker Punch|p1a: Dumb idiot
|-resisted|p1a: Dumb idiot|2
|-damage|p1a: Dumb idiot|1/100
|move|p1b: why|Tailwind||[still]
|-fail|p1b: why
|move|p1a: Dumb idiot|Drain Punch|p2b: krineas ًںکپًںکپًںکپ
|-supereffective|p2b: krineas ًںکپًںکپًںکپ|2
|-damage|p2b: krineas ًںکپًںکپًںکپ|0 fnt
|-heal|p1a: Dumb idiot|61/100|[from] drain|[of] p2b: krineas ًںکپًںکپًںکپ
|faint|p2b: krineas ًںکپًںکپًںکپ
|
|upkeep
|turn|6
|c| HEROBREIN9|WHAT
|c|âک†JoltSmash|skbidi rizz
|
|t:|1784925079
|switch|p1b: That bridge i hate|Archaludon, L50, F|100/100
|move|p1a: Dumb idiot|Knock Off|p2a: showdown link
|-resisted|p2a: showdown link|1
|-damage|p2a: showdown link|78/100
|-enditem|p2a: showdown link|Focus Sash|[from] move: Knock Off|[of] p1a: Dumb idiot
|move|p2a: showdown link|Moonblast|p1a: Dumb idiot
|-supereffective|p1a: Dumb idiot|2
|-damage|p1a: Dumb idiot|0 fnt
|faint|p1a: Dumb idiot
|
|upkeep
|
|t:|1784925087
|switch|p1a: why|Staraptor, L50, F|100/100
|-ability|p1a: why|Intimidate|boost
|-unboost|p2a: showdown link|atk|1
|turn|7
|
|t:|1784925099
|move|p1a: why|Giga Impact|p2a: showdown link
|-damage|p2a: showdown link|6/100
|-mustrecharge|p1a: why
|move|p1b: That bridge i hate|Flash Cannon|p2a: showdown link
|-supereffective|p2a: showdown link|1
|-damage|p2a: showdown link|0 fnt
|faint|p2a: showdown link
|
|win|JoltSmash
||guxueprimalblade is ready for game 2.
||JoltSmash is ready for game 2.
|uhtml|next|Next: Game 2 of 3
|l|âک†guxueprimalblade
|player|p2|
|l| HEROBREIN9
|j| reuniclusglazr
|c| reuniclusglazr|holy shit im gbay
