|j|☆eriksp
|j|☆TMJS01
|html|erikspTMJS01    
|uhtml|bestof|Game 1 of a best-of-3
|t:|1783222076
|gametype|doubles
|player|p1|eriksp|cynthia-masters4|
|player|p2|TMJS01|unknown|
|gen|9
|tier|[Gen 9 Champions] VGC 2026 Reg M-B (Bo3)
|rule|Species Clause: Limit one of each Pokémon
|rule|Item Clause: Limit 1 of each item
|clearpoke
|poke|p1|Floette-Eternal, L50, F|
|poke|p1|Charizard, L50, M|
|poke|p1|Whimsicott, L50, M|
|poke|p1|Garchomp, L50, M|
|poke|p1|Basculegion, L50, M|
|poke|p1|Kingambit, L50, F|
|poke|p2|Gengar, L50, F|
|poke|p2|Swampert, L50, M|
|poke|p2|Incineroar, L50, M|
|poke|p2|Politoed, L50, F|
|poke|p2|Archaludon, L50, M|
|poke|p2|Vivillon, L50, F|
|teampreview|4
|showteam|p1|Floette-Eternal||Floettite|FlowerVeil|Moonblast,DazzlingGleam,LightofRuin,Protect|Modest||F|||50|]Charizard||CharizarditeY|Blaze|HeatWave,WeatherBall,SolarBeam,Protect|Timid||M|||50|]Whimsicott||FocusSash|Prankster|Moonblast,Tailwind,Encore,Protect|Timid||M|||50|]Garchomp||LifeOrb|RoughSkin|DragonClaw,Earthquake,Protect,RockSlide|Jolly||M|||50|]Basculegion||MysticWater|Adaptability|WaveCrash,LastRespects,AquaJet,Protect|Adamant||M|||50|]Kingambit||ChopleBerry|Defiant|KowtowCleave,IronHead,SuckerPunch,LowKick|Adamant||F|||50|
|showteam|p2|Gengar||Gengarite|CursedBody|ShadowBall,PerishSong,SludgeBomb,Protect|Timid||F|||50|]Swampert||Swampertite|Torrent|WaveCrash,Earthquake,IcePunch,Protect|Adamant||M|||50|]Incineroar||PasshoBerry|Intimidate|ThroatChop,PartingShot,FakeOut,Protect|Sassy||M|||50|]Politoed||SitrusBerry|Drizzle|WeatherBall,PerishSong,Encore,Protect|Calm||F|||50|]Archaludon||Leftovers|Stamina|DragonPulse,FlashCannon,ElectroShot,Protect|Bold||M|||50|]Vivillon||FocusSash|CompoundEyes|Hurricane,SleepPowder,RagePowder,Protect|Timid||F|||50|
|inactive|Battle timer is ON: inactive players will automatically lose when time's up. (requested by TMJS01)
|inactive|eriksp has 60 seconds left.
|inactive|TMJS01 has 60 seconds left.
|
|t:|1783222135
|teamsize|p1|4
|teamsize|p2|4
|start
|switch|p1a: Charizard|Charizard, L50, M|100/100
|switch|p1b: Garchomp|Garchomp, L50, M|100/100
|switch|p2a: Vivillon|Vivillon, L50, F|100/100
|switch|p2b: Gengar|Gengar, L50, F|100/100
|turn|1
|inactive|TMJS01 has 30 seconds left.
|
|t:|1783222162
|detailschange|p2b: Gengar|Gengar-Mega, L50, F
|-mega|p2b: Gengar|Gengar|Gengarite
|detailschange|p1a: Charizard|Charizard-Mega-Y, L50, M
|-mega|p1a: Charizard|Charizard|Charizardite Y
|-weather|SunnyDay|[from] ability: Drought|[of] p1a: Charizard
|move|p2b: Gengar|Protect|p2b: Gengar
|-singleturn|p2b: Gengar|Protect
|move|p1b: Garchomp|Rock Slide|p2a: Vivillon|[spread] p2a
|-activate|p2b: Gengar|move: Protect
|-supereffective|p2a: Vivillon|2
|-enditem|p2a: Vivillon|Focus Sash
|-damage|p2a: Vivillon|1/100
|-damage|p1b: Garchomp|90/100|[from] item: Life Orb
|move|p2a: Vivillon|Sleep Powder|p1a: Charizard
|-status|p1a: Charizard|slp|[from] move: Sleep Powder
|cant|p1a: Charizard|slp
|
|-weather|SunnyDay|[upkeep]
|upkeep
|turn|2
|
|t:|1783222178
|switch|p2a: Incineroar|Incineroar, L50, M|100/100
|-ability|p2a: Incineroar|Intimidate|boost
|-unboost|p1a: Charizard|atk|1
|-unboost|p1b: Garchomp|atk|1
|move|p2b: Gengar|Perish Song|p2b: Gengar
|-start|p1a: Charizard|perish3|[silent]
|-start|p1b: Garchomp|perish3|[silent]
|-start|p2a: Incineroar|perish3|[silent]
|-start|p2b: Gengar|perish3|[silent]
|-fieldactivate|move: Perish Song
|move|p1b: Garchomp|Earthquake|p2a: Incineroar|[spread] p2a,p2b
|-immune|p1a: Charizard
|-supereffective|p2a: Incineroar|1
|-supereffective|p2b: Gengar|1
|-damage|p2a: Incineroar|38/100
|-damage|p2b: Gengar|11/100
|-damage|p1b: Garchomp|80/100|[from] item: Life Orb
|cant|p1a: Charizard|slp
|
|-weather|SunnyDay|[upkeep]
|-start|p2b: Gengar|perish3
|-start|p1b: Garchomp|perish3
|-start|p1a: Charizard|perish3
|-start|p2a: Incineroar|perish3
|upkeep
|turn|3
|inactive|TMJS01 has 30 seconds left.
|inactive|TMJS01 has 20 seconds left.
|inactive|TMJS01 has 15 seconds left.
|
|t:|1783222220
|move|p2b: Gengar|Protect|p2b: Gengar
|-singleturn|p2b: Gengar|Protect
|move|p2a: Incineroar|Fake Out|p1b: Garchomp
|-damage|p1b: Garchomp|69/100
|-damage|p2a: Incineroar|25/100|[from] ability: Rough Skin|[of] p1b: Garchomp
|cant|p1b: Garchomp|flinch
|-curestatus|p1a: Charizard|slp|[msg]
|move|p1a: Charizard|Weather Ball|p2a: Incineroar
|-resisted|p2a: Incineroar|1
|-damage|p2a: Incineroar|0 fnt
|faint|p2a: Incineroar
|
|-weather|SunnyDay|[upkeep]
|-start|p2b: Gengar|perish2
|-start|p1b: Garchomp|perish2
|-start|p1a: Charizard|perish2
|upkeep
|
|t:|1783222222
|switch|p2a: Politoed|Politoed, L50, F|100/100
|-weather|RainDance|[from] ability: Drizzle|[of] p2a: Politoed
|turn|4
|inactive|eriksp has 30 seconds left.
|
|t:|1783222254
|switch|p2b: Vivillon|Vivillon, L50, F|1/100
|move|p1b: Garchomp|Earthquake|p2a: Politoed|[spread] p2a
|-immune|p1a: Charizard
|-immune|p2b: Vivillon
|-damage|p2a: Politoed|70/100
|-damage|p1b: Garchomp|60/100|[from] item: Life Orb
|move|p1a: Charizard|Weather Ball|p2a: Politoed
|-resisted|p2a: Politoed|1
|-damage|p2a: Politoed|48/100
|-enditem|p2a: Politoed|Sitrus Berry|[eat]
|-heal|p2a: Politoed|73/100|[from] item: Sitrus Berry
|move|p2a: Politoed|Weather Ball|p2b: Vivillon
|-damage|p2b: Vivillon|0 fnt
|faint|p2b: Vivillon
|
|-weather|RainDance|[upkeep]
|-start|p1b: Garchomp|perish1
|-start|p1a: Charizard|perish1
|upkeep
|
|t:|1783222263
|switch|p2b: Gengar|Gengar-Mega, L50, F|11/100
|turn|5
|
|t:|1783222268
|move|p2b: Gengar|Protect|p2b: Gengar
|-singleturn|p2b: Gengar|Protect
|move|p2a: Politoed|Protect|p2a: Politoed
|-singleturn|p2a: Politoed|Protect
|move|p1b: Garchomp|Earthquake|p2a: Politoed|[spread] 
|-activate|p2a: Politoed|move: Protect
|-activate|p2b: Gengar|move: Protect
|-immune|p1a: Charizard
|move|p1a: Charizard|Weather Ball|p2a: Politoed
|-activate|p2a: Politoed|move: Protect
|
|-weather|RainDance|[upkeep]
|-start|p1b: Garchomp|perish0
|-start|p1a: Charizard|perish0
|faint|p1b: Garchomp
|faint|p1a: Charizard
|upkeep
|
|t:|1783222271
|switch|p1b: Basculegion|Basculegion, L50, M|100/100
|switch|p1a: Kingambit|Kingambit, L50, F|100/100
|turn|6
|
|t:|1783222279
|move|p1b: Basculegion|Aqua Jet|p2b: Gengar
|-damage|p2b: Gengar|0 fnt
|faint|p2b: Gengar
|move|p2a: Politoed|Perish Song|p2a: Politoed
|-start|p1a: Kingambit|perish3|[silent]
|-start|p1b: Basculegion|perish3|[silent]
|-start|p2a: Politoed|perish3|[silent]
|-fieldactivate|move: Perish Song
|move|p1a: Kingambit|Kowtow Cleave|p2a: Politoed
|-damage|p2a: Politoed|25/100
|
|-weather|RainDance|[upkeep]
|-start|p1b: Basculegion|perish3
|-start|p2a: Politoed|perish3
|-start|p1a: Kingambit|perish3
|upkeep
|turn|7
|
|t:|1783222284
|move|p2a: Politoed|Protect|p2a: Politoed
|-singleturn|p2a: Politoed|Protect
|move|p1b: Basculegion|Aqua Jet|p2a: Politoed
|-activate|p2a: Politoed|move: Protect
|move|p1a: Kingambit|Kowtow Cleave|p2a: Politoed
|-activate|p2a: Politoed|move: Protect
|
|-weather|RainDance|[upkeep]
|-start|p1b: Basculegion|perish2
|-start|p2a: Politoed|perish2
|-start|p1a: Kingambit|perish2
|upkeep
|turn|8
|
|t:|1783222289
|move|p2a: Politoed|Protect||[still]
|-fail|p2a: Politoed
|move|p1b: Basculegion|Wave Crash|p2a: Politoed
|-resisted|p2a: Politoed|1
|-damage|p2a: Politoed|0 fnt
|faint|p2a: Politoed
|-damage|p1b: Basculegion|91/100|[from] Recoil
|
|win|eriksp
