|j|☆Blop_24
|j|☆Crafter568
|html|Blop_24Crafter568    
|uhtml|bestof|Game 1 of a best-of-3
|t:|1757809053
|gametype|doubles
|player|p1|Blop_24|artist|1129
|player|p2|Crafter568|hilbert-wonderlauncher|1144
|gen|9
|tier|[Gen 9] VGC 2025 Reg H (Bo3)
|rated|
|rule|Species Clause: Limit one of each Pokémon
|rule|Item Clause: Limit 1 of each item
|clearpoke
|poke|p1|Excadrill, L50, M|
|poke|p1|Tyranitar, L50, M|
|poke|p1|Sneasler, L50, F|
|poke|p1|Indeedee, L50, M|
|poke|p1|Corviknight, L50, M|
|poke|p1|Annihilape, L50, F|
|poke|p2|Archaludon, L50, M|
|poke|p2|Pelipper, L50, M|
|poke|p2|Maushold, L50|
|poke|p2|Ludicolo, L50, F|
|poke|p2|Sinistcha, L50|
|poke|p2|Annihilape, L50, M|
|teampreview|4
|showteam|p1|Excadrill||FocusSash|SandRush|IronHead,HighHorsepower,Earthquake,Protect|||M|||50|,,,,,Stellar]Tyranitar||AssaultVest|SandStream|RockSlide,KnockOff,TeraBlast,LowKick|||M|||50|,,,,,Flying]Sneasler||PsychicSeed|Unburden|DireClaw,CloseCombat,ThroatChop,Protect|||F|||50|,,,,,Stellar]Indeedee||ChoiceScarf|PsychicSurge|ExpandingForce,TeraBlast,Protect,Trick|||M|||50|,,,,,Psychic]Corviknight||Leftovers|MirrorArmor|BraveBird,BulkUp,Roost,Tailwind|||M|||50|,,,,,Dragon]Annihilape||SafetyGoggles|Defiant|CloseCombat,FinalGambit,RageFist,Taunt|||F|||50|,,,,,Water
|showteam|p2|Archaludon||AssaultVest|Stamina|ElectroShot,BodyPress,DragonPulse,FlashCannon|||M|||50|,,,,,Fairy]Pelipper||FocusSash|Drizzle|WeatherBall,Hurricane,Tailwind,Protect|||M|||50|,,,,,Stellar]Maushold||SafetyGoggles|FriendGuard|BeatUp,FollowMe,Taunt,Protect||||||50|,,,,,Ghost]Ludicolo||Leftovers|RainDish|Surf,GigaDrain,LeechSeed,Protect|||F|||50|,,,,,Steel]Sinistcha||RockyHelmet|Hospitality|MatchaGotcha,RagePowder,LifeDew,TrickRoom||||||50|,,,,,Fire]Annihilape||SitrusBerry|Defiant|RageFist,CloseCombat,DrainPunch,Protect|||M|||50|,,,,,Fairy
|
|t:|1757809087
|teamsize|p1|4
|teamsize|p2|4
|start
|switch|p1a: Un que?|Excadrill, L50, M|100/100
|switch|p1b: Loquillo forrao|Corviknight, L50, M|100/100
|switch|p2a: Archaludon|Archaludon, L50, M|100/100
|switch|p2b: Maushold|Maushold, L50|100/100
|turn|1
|
|t:|1757809116
|switch|p1b: Un grrr|Tyranitar, L50, M|100/100
|-weather|Sandstorm|[from] ability: Sand Stream|[of] p1b: Un grrr
|move|p1a: Un que?|High Horsepower|p2a: Archaludon
|-supereffective|p2a: Archaludon
|-damage|p2a: Archaludon|50/100
|-ability|p2a: Archaludon|Stamina|boost
|-boost|p2a: Archaludon|def|1
|move|p2b: Maushold|Beat Up|p2a: Archaludon
|-damage|p2a: Archaludon|49/100
|-ability|p2a: Archaludon|Stamina|boost
|-boost|p2a: Archaludon|def|1
|-damage|p2a: Archaludon|48/100
|-ability|p2a: Archaludon|Stamina|boost
|-boost|p2a: Archaludon|def|1
|-damage|p2a: Archaludon|48/100
|-ability|p2a: Archaludon|Stamina|boost
|-boost|p2a: Archaludon|def|1
|-damage|p2a: Archaludon|47/100
|-ability|p2a: Archaludon|Stamina|boost
|-boost|p2a: Archaludon|def|1
|-hitcount|p2a: Archaludon|4
|move|p2a: Archaludon|Body Press|p1a: Un que?
|-supereffective|p1a: Un que?
|-enditem|p1a: Un que?|Focus Sash
|-damage|p1a: Un que?|1/100
|
|-weather|Sandstorm|[upkeep]
|upkeep
|turn|2
|
|t:|1757809157
|switch|p2b: Sinistcha|Sinistcha, L50|100/100
|-heal|p2a: Archaludon|72/100|[from] ability: Hospitality|[of] p2b: Sinistcha
|move|p1a: Un que?|High Horsepower|p2a: Archaludon
|-supereffective|p2a: Archaludon
|-damage|p2a: Archaludon|51/100
|-ability|p2a: Archaludon|Stamina|boost
|-boost|p2a: Archaludon|def|1
|move|p2a: Archaludon|Body Press|p1b: Un grrr
|-supereffective|p1b: Un grrr
|-damage|p1b: Un grrr|0 fnt
|faint|p1b: Un grrr
|
|-weather|Sandstorm|[upkeep]
|-damage|p2b: Sinistcha|94/100|[from] Sandstorm
|upkeep
|
|t:|1757809175
|switch|p1b: Uruguay|Annihilape, L50, F|100/100
|turn|3
|
|t:|1757809202
|-terastallize|p2a: Archaludon|Fairy
|move|p1a: Un que?|Protect|p1a: Un que?
|-singleturn|p1a: Un que?|Protect
|move|p1b: Uruguay|Final Gambit|p2a: Archaludon
|-damage|p2a: Archaludon|0 fnt
|faint|p1b: Uruguay
|faint|p2a: Archaludon
|move|p2b: Sinistcha|Life Dew|p2b: Sinistcha
|-heal|p2b: Sinistcha|100/100
|
|-weather|Sandstorm|[upkeep]
|-damage|p2b: Sinistcha|94/100|[from] Sandstorm
|upkeep
|
|t:|1757809215
|switch|p1b: Loquillo forrao|Corviknight, L50, M|100/100
|switch|p2a: Pelipper|Pelipper, L50, M|100/100
|-weather|RainDance|[from] ability: Drizzle|[of] p2a: Pelipper
|turn|4
|
|t:|1757809230
|move|p1a: Un que?|Iron Head|p2a: Pelipper
|-resisted|p2a: Pelipper
|-damage|p2a: Pelipper|72/100
|cant|p2a: Pelipper|flinch
|move|p2b: Sinistcha|Matcha Gotcha|p1b: Loquillo forrao|[spread] p1a,p1b
|-resisted|p1b: Loquillo forrao
|-damage|p1a: Un que?|0 fnt
|-heal|p2b: Sinistcha|95/100|[from] drain|[of] p1a: Un que?
|-damage|p1b: Loquillo forrao|97/100
|-heal|p2b: Sinistcha|97/100|[from] drain|[of] p1b: Loquillo forrao
|faint|p1a: Un que?
|move|p1b: Loquillo forrao|Bulk Up|p1b: Loquillo forrao
|-boost|p1b: Loquillo forrao|atk|1
|-boost|p1b: Loquillo forrao|def|1
|
|-weather|RainDance|[upkeep]
|-heal|p1b: Loquillo forrao|100/100|[from] item: Leftovers
|upkeep
|turn|5
|
|t:|1757809253
|move|p2a: Pelipper|Weather Ball|p1b: Loquillo forrao
|-damage|p1b: Loquillo forrao|52/100
|move|p2b: Sinistcha|Life Dew|p2b: Sinistcha|[spread] p2a,p2b
|-heal|p2a: Pelipper|97/100
|-heal|p2b: Sinistcha|100/100
|move|p1b: Loquillo forrao|Brave Bird|p2b: Sinistcha
|-supereffective|p2b: Sinistcha
|-damage|p2b: Sinistcha|0 fnt
|-damage|p1b: Loquillo forrao|36/100|[from] item: Rocky Helmet|[of] p2b: Sinistcha
|faint|p2b: Sinistcha
|-damage|p1b: Loquillo forrao|7/100|[from] Recoil
|
|-weather|RainDance|[upkeep]
|-heal|p1b: Loquillo forrao|13/100|[from] item: Leftovers
|upkeep
|
|t:|1757809266
|switch|p2b: Maushold|Maushold, L50|100/100
|turn|6
|
|t:|1757809274
|move|p2b: Maushold|Taunt|p1b: Loquillo forrao
|-start|p1b: Loquillo forrao|move: Taunt
|move|p2a: Pelipper|Weather Ball|p1b: Loquillo forrao
|-damage|p1b: Loquillo forrao|0 fnt
|faint|p1b: Loquillo forrao
|
|win|Crafter568
||Crafter568 is ready for game 2.
||Blop_24 is ready for game 2.
|uhtml|next|Next: Game 2 of 3
