|j|☆C.blaze
|j|☆KodeBeast0526
|html|C.blazeKodeBeast0526    
|uhtml|bestof|Game 3 of a best-of-3
|t:|1784564617
|gametype|doubles
|player|p1|C.blaze|265|1216
|player|p2|KodeBeast0526|hiker|1314
|gen|9
|tier|[Gen 9 Champions] VGC 2026 Reg M-B (Bo3)
|rated|
|rule|Species Clause: Limit one of each Pokémon
|rule|Item Clause: Limit 1 of each item
|clearpoke
|poke|p1|Malamar, L50, F|
|poke|p1|Garchomp, L50, F|
|poke|p1|Charizard, L50, F|
|poke|p1|Incineroar, L50, F|
|poke|p1|Primarina, L50, M|
|poke|p1|Glimmora, L50, F|
|poke|p2|Aerodactyl, L50, M, shiny|
|poke|p2|Kingambit, L50, M, shiny|
|poke|p2|Sylveon, L50, M, shiny|
|poke|p2|Garchomp, L50, M, shiny|
|poke|p2|Charizard, L50, M, shiny|
|poke|p2|Farigiraf, L50, M, shiny|
|teampreview|4
|showteam|p1|Malamar||Malamarite|Contrary|Superpower,KnockOff,Protect,TrickRoom|Adamant||F|||50|]Garchomp||LifeOrb|SandVeil|StompingTantrum,DragonClaw,Protect,RockSlide|Jolly||F|||50|]Charizard||CharizarditeY|Blaze|HeatWave,WeatherBall,Protect,SolarBeam|Timid||F|||50|]Incineroar||ChopleBerry|Intimidate|FlareBlitz,ThroatChop,PartingShot,FakeOut|Brave||F|||50|]Primarina||Leftovers|LiquidVoice|HyperVoice,Moonblast,Protect,Haze|Modest||M|||50|]Glimmora||FocusSash|ToxicDebris|SludgeBomb,PowerGem,SpikyShield,EarthPower|Timid||F|||50|
|showteam|p2|Aerodactyl||Aerodactylite|Unnerve|RockSlide,IceFang,Tailwind,WideGuard|Jolly||M|||50|]Kingambit||FocusSash|Defiant|KowtowCleave,SuckerPunch,IronHead,LowKick|Adamant||M|||50|]Sylveon||FairyFeather|Pixilate|Detect,HyperVoice,HyperBeam,QuickAttack|Modest||M|||50|]Garchomp||LifeOrb|RoughSkin|Earthquake,DragonClaw,StompingTantrum,Protect|Jolly||M|||50|]Charizard||CharizarditeY|Blaze|Protect,HeatWave,SolarBeam,WeatherBall|Modest||M|||50|]Farigiraf||SitrusBerry|ArmorTail|Thunderbolt,PsychicNoise,TrickRoom,HelpingHand|Bold||M|||50|
|
|t:|1784564643
|teamsize|p1|4
|teamsize|p2|4
|start
|switch|p1a: Malamar|Malamar, L50, F|100/100
|switch|p1b: Incineroar|Incineroar, L50, F|100/100
|switch|p2a: Aerodactyl|Aerodactyl, L50, M, shiny|100/100
|switch|p2b: Kingambit|Kingambit, L50, M, shiny|100/100
|-ability|p2a: Aerodactyl|Unnerve
|-ability|p1b: Incineroar|Intimidate|boost
|-unboost|p2a: Aerodactyl|atk|1
|-unboost|p2b: Kingambit|atk|1
|-ability|p2b: Kingambit|Defiant|boost
|-boost|p2b: Kingambit|atk|2
|turn|1
|
|t:|1784564663
|detailschange|p2a: Aerodactyl|Aerodactyl-Mega, L50, M, shiny
|-mega|p2a: Aerodactyl|Aerodactyl|Aerodactylite
|detailschange|p1a: Malamar|Malamar-Mega, L50, F
|-mega|p1a: Malamar|Malamar|Malamarite
|move|p1b: Incineroar|Fake Out|p2b: Kingambit
|-resisted|p2b: Kingambit|1
|-damage|p2b: Kingambit|94/100
|move|p2a: Aerodactyl|Rock Slide|p1b: Incineroar|[spread] p1a,p1b
|-supereffective|p1b: Incineroar|1
|-damage|p1a: Malamar|81/100
|-damage|p1b: Incineroar|67/100
|cant|p2b: Kingambit|flinch
|move|p1a: Malamar|Trick Room|p1a: Malamar
|-fieldstart|move: Trick Room|[of] p1a: Malamar
|
|upkeep
|turn|2
|
|t:|1784564672
|switch|p1b: Primarina|Primarina, L50, M|100/100
|move|p2b: Kingambit|Sucker Punch|p1a: Malamar
|-damage|p1a: Malamar|20/100y
|move|p1a: Malamar|Superpower|p2b: Kingambit
|-supereffective|p2b: Kingambit|2
|-damage|p2b: Kingambit|0 fnt
|-boost|p1a: Malamar|atk|1
|-boost|p1a: Malamar|def|1
|faint|p2b: Kingambit
|move|p2a: Aerodactyl|Rock Slide|p1b: Primarina|[spread] p1a,p1b
|-damage|p1a: Malamar|7/100
|-damage|p1b: Primarina|80/100
|
|-heal|p1b: Primarina|86/100|[from] item: Leftovers
|upkeep
|
|t:|1784564683
|switch|p2b: Garchomp|Garchomp, L50, M, shiny|100/100
|turn|3
|
|t:|1784564696
|move|p1b: Primarina|Moonblast|p2a: Aerodactyl
|-damage|p2a: Aerodactyl|42/100
|move|p1a: Malamar|Superpower|p2a: Aerodactyl
|-damage|p2a: Aerodactyl|0 fnt
|-boost|p1a: Malamar|atk|1
|-boost|p1a: Malamar|def|1
|faint|p2a: Aerodactyl
|move|p2b: Garchomp|Earthquake|p1a: Malamar|[spread] p1a,p1b
|-damage|p1a: Malamar|0 fnt
|-damage|p1b: Primarina|25/100
|faint|p1a: Malamar
|-damage|p2b: Garchomp|90/100|[from] item: Life Orb
|
|-heal|p1b: Primarina|31/100|[from] item: Leftovers
|upkeep
|
|t:|1784564703
|switch|p1a: Incineroar|Incineroar, L50, F|67/100
|switch|p2a: Sylveon|Sylveon, L50, M, shiny|100/100
|-ability|p1a: Incineroar|Intimidate|boost
|-unboost|p2a: Sylveon|atk|1
|-unboost|p2b: Garchomp|atk|1
|turn|4
|
|t:|1784564718
|move|p1a: Incineroar|Fake Out|p2a: Sylveon
|-damage|p2a: Sylveon|81/100
|move|p1b: Primarina|Moonblast|p2b: Garchomp
|-supereffective|p2b: Garchomp|1
|-damage|p2b: Garchomp|0 fnt
|faint|p2b: Garchomp
|cant|p2a: Sylveon|flinch
|
|-heal|p1b: Primarina|36/100|[from] item: Leftovers
|upkeep
|turn|5
|
|t:|1784564725
|move|p2a: Sylveon|Detect|p2a: Sylveon
|-singleturn|p2a: Sylveon|Protect
|move|p1a: Incineroar|Throat Chop|p2a: Sylveon
|-activate|p2a: Sylveon|move: Protect
|move|p1b: Primarina|Moonblast|p2a: Sylveon
|-activate|p2a: Sylveon|move: Protect
|
|-heal|p1b: Primarina|42/100|[from] item: Leftovers
|-fieldend|move: Trick Room
|upkeep
|turn|6
|
|t:|1784564728
|move|p2a: Sylveon|Hyper Voice|p1b: Primarina|[spread] p1a,p1b
|-damage|p1a: Incineroar|19/100
|-damage|p1b: Primarina|6/100
|move|p1b: Primarina|Moonblast|p2a: Sylveon
|-damage|p2a: Sylveon|41/100
|move|p1a: Incineroar|Throat Chop|p2a: Sylveon
|-resisted|p2a: Sylveon|1
|-damage|p2a: Sylveon|15/100
|-start|p2a: Sylveon|Throat Chop|[silent]
|
|-heal|p1b: Primarina|12/100|[from] item: Leftovers
|upkeep
|turn|7
|
|t:|1784564736
|move|p2a: Sylveon|Hyper Beam|p1a: Incineroar
|-crit|p1a: Incineroar
|-damage|p1a: Incineroar|0 fnt
|-mustrecharge|p2a: Sylveon
|faint|p1a: Incineroar
|move|p1b: Primarina|Moonblast|p2a: Sylveon
|-damage|p2a: Sylveon|0 fnt
|faint|p2a: Sylveon
|
|win|C.blaze
|raw|C.blaze's rating: 1216 → 1248(+32 for winning)
|raw|KodeBeast0526's rating: 1314 → 1289(-25 for losing)
