|j|☆GabrielMartiniVGC
|j|☆NaisonD
|html|GabrielMartiniVGCNaisonD    
|uhtml|bestof|Game 3 of a best-of-3
|t:|1756920899
|gametype|doubles
|player|p1|GabrielMartiniVGC|biker-gen4|
|player|p2|NaisonD|cheren-gen5bw2|
|gen|9
|tier|[Gen 9] VGC 2025 Reg H (Bo3)
|rule|Species Clause: Limit one of each Pokémon
|rule|Item Clause: Limit 1 of each item
|clearpoke
|poke|p1|Archaludon, L50, F|
|poke|p1|Rillaboom, L50, M|
|poke|p1|Basculegion, L50, M|
|poke|p1|Kingambit, L50, F|
|poke|p1|Pelipper, L50, F|
|poke|p1|Electabuzz, L50, M|
|poke|p2|Annihilape, L50, M|
|poke|p2|Sinistcha, L50|
|poke|p2|Basculegion, L50, M|
|poke|p2|Archaludon, L50, M|
|poke|p2|Maushold, L50|
|poke|p2|Pelipper, L50, M|
|teampreview|4
|showteam|p1|Archaludon||AssaultVest|Stamina|ElectroShot,DracoMeteor,FlashCannon,BodyPress|||F|||50|,,,,,Bug]Rillaboom||LoadedDice|GrassySurge|BulletSeed,GrassyGlide,FakeOut,HighHorsepower|||M|||50|,,,,,Fire]Basculegion||ChoiceBand|SwiftSwim|WaveCrash,LastRespects,FlipTurn,AquaJet|||M|||50|,,,,,Grass]Kingambit||BlackGlasses|Defiant|KowtowCleave,SuckerPunch,SwordsDance,Protect|||F|||50|,,,,,Dark]Pelipper||FocusSash|Drizzle|WeatherBall,Hurricane,Tailwind,Protect|||F|||50|,,,,,Ghost]Electabuzz||Eviolite|VitalSpirit|Electroweb,Taunt,FollowMe,Protect|||M|||50|,,,,,Ghost
|showteam|p2|Annihilape||LumBerry|Defiant|RageFist,DrainPunch,BulkUp,Protect|||M|||50|,,,,,Fire]Sinistcha||SitrusBerry|Hospitality|MatchaGotcha,LifeDew,TrickRoom,RagePowder||||||50|,,,,,Water]Basculegion||LifeOrb|SwiftSwim|WaveCrash,LastRespects,AquaJet,Protect|||M|||50|,,,,,Water]Archaludon||AssaultVest|Stamina|ElectroShot,FlashCannon,Snarl,BodyPress|||M|||50|,,,,,Fairy]Maushold||SafetyGoggles|FriendGuard|FollowMe,Taunt,BeatUp,Protect||||||50|,,,,,Ghost]Pelipper||CovertCloak|Drizzle|Hurricane,WeatherBall,Tailwind,Protect|||M|||50|,,,,,Stellar
|
|t:|1756920979
|teamsize|p1|4
|teamsize|p2|4
|start
|switch|p1a: Electabuzz|Electabuzz, L50, M|100/100
|switch|p1b: Kingambit|Kingambit, L50, F|100/100
|switch|p2a: Archaludon|Archaludon, L50, M, shiny|100/100
|switch|p2b: Tate&Liza|Maushold, L50|100/100
|turn|1
|
|t:|1756921007
|-terastallize|p1b: Kingambit|Dark
|move|p1a: Electabuzz|Protect|p1a: Electabuzz
|-singleturn|p1a: Electabuzz|Protect
|move|p2b: Tate&Liza|Taunt|p1a: Electabuzz
|-activate|p1a: Electabuzz|move: Protect
|move|p2a: Archaludon|Body Press|p1b: Kingambit
|-supereffective|p1b: Kingambit
|-crit|p1b: Kingambit
|-damage|p1b: Kingambit|47/100
|move|p1b: Kingambit|Swords Dance|p1b: Kingambit
|-boost|p1b: Kingambit|atk|2
|
|upkeep
|turn|2
|
|t:|1756921035
|-terastallize|p2a: Archaludon|Fairy
|move|p1a: Electabuzz|Follow Me|p1a: Electabuzz
|-singleturn|p1a: Electabuzz|move: Follow Me
|move|p2b: Tate&Liza|Taunt|p1a: Electabuzz
|-start|p1a: Electabuzz|move: Taunt
|move|p2a: Archaludon|Body Press|p1a: Electabuzz
|-damage|p1a: Electabuzz|83/100
|move|p1b: Kingambit|Kowtow Cleave|p2b: Tate&Liza
|-damage|p2b: Tate&Liza|0 fnt
|faint|p2b: Tate&Liza
|
|upkeep
|
|t:|1756921051
|switch|p2b: Pelipper|Pelipper, L50, M, shiny|100/100
|-weather|RainDance|[from] ability: Drizzle|[of] p2b: Pelipper
|turn|3
|
|t:|1756921076
|move|p2b: Pelipper|Protect|p2b: Pelipper
|-singleturn|p2b: Pelipper|Protect
|move|p1b: Kingambit|Sucker Punch|p2a: Archaludon
|-resisted|p2a: Archaludon
|-damage|p2a: Archaludon|53/100
|-ability|p2a: Archaludon|Stamina|boost
|-boost|p2a: Archaludon|def|1
|move|p1a: Electabuzz|Electroweb|p2a: Archaludon|[spread] p2a
|-activate|p2b: Pelipper|move: Protect
|-damage|p2a: Archaludon|44/100
|-unboost|p2a: Archaludon|spe|1
|-ability|p2a: Archaludon|Stamina|boost
|-boost|p2a: Archaludon|def|1
|move|p2a: Archaludon|Electro Shot||[still]
|-prepare|p2a: Archaludon|Electro Shot
|-boost|p2a: Archaludon|spa|1
|-anim|p2a: Archaludon|Electro Shot|p1b: Kingambit
|-crit|p1b: Kingambit
|-damage|p1b: Kingambit|0 fnt
|faint|p1b: Kingambit
|
|-weather|RainDance|[upkeep]
|upkeep
|
|t:|1756921128
|switch|p1b: Archaludon|Archaludon, L50, F|100/100
|turn|4
|
|t:|1756921149
|move|p1a: Electabuzz|Electroweb|p2b: Pelipper|[spread] p2a,p2b
|-supereffective|p2b: Pelipper
|-damage|p2a: Archaludon|34/100
|-damage|p2b: Pelipper|12/100
|-unboost|p2a: Archaludon|spe|1
|-ability|p2a: Archaludon|Stamina|boost
|-boost|p2a: Archaludon|def|1
|move|p1b: Archaludon|Electro Shot||[still]
|-prepare|p1b: Archaludon|Electro Shot
|-boost|p1b: Archaludon|spa|1
|-anim|p1b: Archaludon|Electro Shot|p2b: Pelipper
|-supereffective|p2b: Pelipper
|-damage|p2b: Pelipper|0 fnt
|faint|p2b: Pelipper
|move|p2a: Archaludon|Electro Shot||[still]
|-prepare|p2a: Archaludon|Electro Shot
|-boost|p2a: Archaludon|spa|1
|-anim|p2a: Archaludon|Electro Shot|p1b: Archaludon
|-resisted|p1b: Archaludon
|-damage|p1b: Archaludon|71/100
|-ability|p1b: Archaludon|Stamina|boost
|-boost|p1b: Archaludon|def|1
|
|-weather|RainDance|[upkeep]
|upkeep
|
|t:|1756921167
|switch|p2b: Wilhelm|Basculegion, L50, M|100/100
|turn|5
|
|t:|1756921184
|move|p2b: Wilhelm|Last Respects|p1b: Archaludon
|-damage|p1b: Archaludon|22/100
|-ability|p1b: Archaludon|Stamina|boost
|-boost|p1b: Archaludon|def|1
|-damage|p2b: Wilhelm|91/100|[from] item: Life Orb
|move|p1a: Electabuzz|Electroweb|p2b: Wilhelm|[spread] p2a,p2b
|-supereffective|p2b: Wilhelm
|-damage|p2a: Archaludon|23/100
|-damage|p2b: Wilhelm|60/100
|-unboost|p2a: Archaludon|spe|1
|-unboost|p2b: Wilhelm|spe|1
|-ability|p2a: Archaludon|Stamina|boost
|-boost|p2a: Archaludon|def|1
|move|p1b: Archaludon|Electro Shot||[still]
|-prepare|p1b: Archaludon|Electro Shot
|-boost|p1b: Archaludon|spa|1
|-anim|p1b: Archaludon|Electro Shot|p2a: Archaludon
|-damage|p2a: Archaludon|0 fnt
|faint|p2a: Archaludon
|
|-weather|RainDance|[upkeep]
|-end|p1a: Electabuzz|move: Taunt
|upkeep
|turn|6
|c|☆GabrielMartiniVGC|ggs
|c|☆NaisonD|gg
|
|t:|1756921211
|move|p1a: Electabuzz|Follow Me|p1a: Electabuzz
|-singleturn|p1a: Electabuzz|move: Follow Me
|move|p2b: Wilhelm|Last Respects|p1a: Electabuzz
|-damage|p1a: Electabuzz|0 fnt
|faint|p1a: Electabuzz
|-damage|p2b: Wilhelm|50/100|[from] item: Life Orb
|move|p1b: Archaludon|Electro Shot||[still]
|-prepare|p1b: Archaludon|Electro Shot
|-boost|p1b: Archaludon|spa|1
|-anim|p1b: Archaludon|Electro Shot|p2b: Wilhelm
|-supereffective|p2b: Wilhelm
|-damage|p2b: Wilhelm|0 fnt
|faint|p2b: Wilhelm
|
|win|GabrielMartiniVGC
