|j|☆browt.bonnet.
|j|☆parmesanlugubre206
|html|browt.bonnet.parmesanlugubre206    
|uhtml|bestof|Game 1 of a best-of-3
|t:|1783955513
|gametype|doubles
|player|p1|browt.bonnet.|dancer|1218
|player|p2|parmesanlugubre206|ethan|1219
|gen|9
|tier|[Gen 9 Champions] VGC 2026 Reg M-B (Bo3)
|rated|
|rule|Species Clause: Limit one of each Pokémon
|rule|Item Clause: Limit 1 of each item
|clearpoke
|poke|p1|Delphox, L50, F|
|poke|p1|Incineroar, L50, F|
|poke|p1|Sinistcha, L50|
|poke|p1|Blastoise, L50, M|
|poke|p1|Kingambit, L50, M|
|poke|p1|Sneasler, L50, F|
|poke|p2|Alakazam, L50, F|
|poke|p2|Tyranitar, L50, F|
|poke|p2|Sneasler, L50, M|
|poke|p2|Corviknight, L50, M|
|poke|p2|Tsareena, L50, F|
|poke|p2|Palafin, L50, F|
|teampreview|4
|showteam|p1|Delphox||Delphoxite|Blaze|HeatWave,Psyshock,Protect,NastyPlot|Timid||F|||50|]Incineroar||SitrusBerry|Intimidate|FakeOut,PartingShot,FlareBlitz,HelpingHand|Careful||F|||50|]Sinistcha||OccaBerry|Hospitality|MatchaGotcha,RagePowder,Protect,TrickRoom|Bold|||||50|]Blastoise||Blastoisinite|Torrent|WaterSpout,DarkPulse,ShellSmash,Protect|Modest||M|||50|]Kingambit||BlackGlasses|Defiant|KowtowCleave,Protect,SuckerPunch,SwordsDance|Brave||M|||50|]Sneasler||FocusSash|Unburden|CloseCombat,FakeOut,QuickGuard,DireClaw|Jolly||F|||50|
|showteam|p2|Alakazam||Alakazite|InnerFocus|Psychic,Encore,ShadowBall,Protect|Timid||F|||50|]Tyranitar||LifeOrb|SandStream|RockSlide,KnockOff,DragonDance,Protect|Adamant||F|||50|]Sneasler||WhiteHerb|Unburden|CloseCombat,DireClaw,FakeOut,Protect|Jolly||M|||50|]Corviknight||Leftovers|MirrorArmor|BodyPress,BulkUp,BraveBird,Tailwind|Careful||M|||50|]Tsareena||ChoiceScarf|QueenlyMajesty|TropKick,TripleAxel,Uturn,LowKick|Jolly||F|||50|]Palafin||MysticWater|ZerotoHero|WaveCrash,CloseCombat,JetPunch,Protect|Adamant||F|||50|
|inactive|Battle timer is ON: inactive players will automatically lose when time's up. (requested by parmesanlugubre206)
|inactive|browt.bonnet. has 60 seconds left.
|inactive|parmesanlugubre206 has 60 seconds left.
|
|t:|1783955568
|teamsize|p1|4
|teamsize|p2|4
|start
|switch|p1a: Sneasler|Sneasler, L50, F|100/100
|switch|p1b: Delphox|Delphox, L50, F|100/100
|switch|p2a: Palafin|Palafin, L50, F|100/100
|switch|p2b: Alakazam|Alakazam, L50, F|100/100
|turn|1
|inactive|browt.bonnet. has 30 seconds left.
|
|t:|1783955594
|detailschange|p2b: Alakazam|Alakazam-Mega, L50, F
|-mega|p2b: Alakazam|Alakazam|Alakazite
|-ability|p2b: Alakazam|Blaze|Trace|[from] ability: Trace|[of] p1b: Delphox
|detailschange|p1b: Delphox|Delphox-Mega, L50, F
|-mega|p1b: Delphox|Delphox|Delphoxite
|move|p2b: Alakazam|Protect|p2b: Alakazam
|-singleturn|p2b: Alakazam|Protect
|move|p1a: Sneasler|Fake Out|p2b: Alakazam
|-activate|p2b: Alakazam|move: Protect
|move|p2a: Palafin|Jet Punch|p1a: Sneasler
|-damage|p1a: Sneasler|54/100
|move|p1b: Delphox|Nasty Plot|p1b: Delphox
|-boost|p1b: Delphox|spa|2
|
|upkeep
|turn|2
|
|t:|1783955608
|switch|p1a: Sinistcha|Sinistcha, L50|100/100
|detailschange|p2a: Palafin|Palafin-Hero, L50, F
|switch|p2a: Tyranitar|Tyranitar, L50, F|100/100
|-weather|Sandstorm|[from] ability: Sand Stream|[of] p2a: Tyranitar
|move|p1b: Delphox|Protect|p1b: Delphox
|-singleturn|p1b: Delphox|Protect
|move|p2b: Alakazam|Encore|p1b: Delphox
|-activate|p1b: Delphox|move: Protect
|
|-weather|Sandstorm|[upkeep]
|-damage|p2b: Alakazam|93/100|[from] Sandstorm
|-damage|p1b: Delphox|94/100|[from] Sandstorm
|-damage|p1a: Sinistcha|93/100|[from] Sandstorm
|upkeep
|turn|3
|
|t:|1783955620
|move|p2b: Alakazam|Protect|p2b: Alakazam
|-singleturn|p2b: Alakazam|Protect
|move|p1a: Sinistcha|Rage Powder|p1a: Sinistcha
|-singleturn|p1a: Sinistcha|move: Rage Powder
|move|p1b: Delphox|Heat Wave|p2a: Tyranitar|[spread] p2a
|-activate|p2b: Alakazam|move: Protect
|-resisted|p2a: Tyranitar|1
|-damage|p2a: Tyranitar|74/100
|move|p2a: Tyranitar|Dragon Dance|p2a: Tyranitar
|-boost|p2a: Tyranitar|atk|1
|-boost|p2a: Tyranitar|spe|1
|
|-weather|Sandstorm|[upkeep]
|-damage|p2b: Alakazam|87/100|[from] Sandstorm
|-damage|p1b: Delphox|88/100|[from] Sandstorm
|-damage|p1a: Sinistcha|87/100|[from] Sandstorm
|upkeep
|turn|4
|
|t:|1783955628
|move|p2b: Alakazam|Psychic|p1a: Sinistcha
|-damage|p1a: Sinistcha|32/100
|move|p1b: Delphox|Heat Wave|p2a: Tyranitar|[spread] p2a,p2b
|-resisted|p2a: Tyranitar|1
|-damage|p2a: Tyranitar|50/100g
|-damage|p2b: Alakazam|0 fnt
|-status|p2a: Tyranitar|brn
|faint|p2b: Alakazam
|move|p2a: Tyranitar|Dragon Dance|p2a: Tyranitar
|-boost|p2a: Tyranitar|atk|1
|-boost|p2a: Tyranitar|spe|1
|move|p1a: Sinistcha|Matcha Gotcha|p2a: Tyranitar
|-supereffective|p2a: Tyranitar|1
|-damage|p2a: Tyranitar|4/100 brn
|-heal|p1a: Sinistcha|55/100|[from] drain|[of] p2a: Tyranitar
|
|-weather|Sandstorm|[upkeep]
|-damage|p1b: Delphox|82/100|[from] Sandstorm
|-damage|p1a: Sinistcha|49/100|[from] Sandstorm
|-damage|p2a: Tyranitar|0 fnt|[from] brn
|faint|p2a: Tyranitar
|upkeep
|
|t:|1783955635
|switch|p2b: Palafin|Palafin-Hero, L50, F|100/100
|switch|p2a: Tsareena|Tsareena, L50, F|100/100
|-activate|p2b: Palafin|ability: Zero to Hero
|turn|5
|
|t:|1783955644
|move|p1a: Sinistcha|Rage Powder|p1a: Sinistcha
|-singleturn|p1a: Sinistcha|move: Rage Powder
|move|p2a: Tsareena|Triple Axel|p1a: Sinistcha
|-supereffective|p1a: Sinistcha|1
|-damage|p1a: Sinistcha|37/100
|-supereffective|p1a: Sinistcha|1
|-damage|p1a: Sinistcha|14/100
|-supereffective|p1a: Sinistcha|1
|-damage|p1a: Sinistcha|0 fnt
|faint|p1a: Sinistcha
|-hitcount|p1: Sinistcha|3
|move|p1b: Delphox|Heat Wave|p2b: Palafin|[spread] p2a
|-miss|p1b: Delphox|p2b: Palafin
|-supereffective|p2a: Tsareena|1
|-damage|p2a: Tsareena|0 fnt
|faint|p2a: Tsareena
|move|p2b: Palafin|Wave Crash|p1b: Delphox
|-supereffective|p1b: Delphox|1
|-damage|p1b: Delphox|0 fnt
|faint|p1b: Delphox
|-damage|p2b: Palafin|77/100|[from] Recoil
|
|-weather|Sandstorm|[upkeep]
|-damage|p2b: Palafin|71/100|[from] Sandstorm
|upkeep
|
|t:|1783955658
|switch|p1b: Kingambit|Kingambit, L50, M|100/100
|switch|p1a: Sneasler|Sneasler, L50, F|54/100
|turn|6
|
|t:|1783955662
|move|p2b: Palafin|Protect|p2b: Palafin
|-singleturn|p2b: Palafin|Protect
|move|p1a: Sneasler|Fake Out|p2b: Palafin
|-activate|p2b: Palafin|move: Protect
|move|p1b: Kingambit|Swords Dance|p1b: Kingambit
|-boost|p1b: Kingambit|atk|2
|
|-weather|none
|upkeep
|turn|7
|
|t:|1783955669
|move|p1b: Kingambit|Sucker Punch|p2b: Palafin
|-damage|p2b: Palafin|0 fnt
|faint|p2b: Palafin
|
|win|browt.bonnet.
||parmesanlugubre206 is ready for game 2.
||browt.bonnet. is ready for game 2.
|uhtml|next|Next: Game 2 of 3
|l|☆parmesanlugubre206
|player|p2|
