|j|☆aefrmm
|j|☆raylof
|html|aefrmmraylof    
|uhtml|bestof|Game 2 of a best-of-3
|t:|1756183878
|gametype|doubles
|player|p1|aefrmm|pokemonrangerf-gen4|
|player|p2|raylof|2|
|gen|9
|tier|[Gen 9] VGC 2025 Reg H (Bo3)
|rule|Species Clause: Limit one of each Pokémon
|rule|Item Clause: Limit 1 of each item
|clearpoke
|poke|p1|Ninetales-Alola, L50, F|
|poke|p1|Basculegion, L50, M|
|poke|p1|Magmar, L50, M|
|poke|p1|Sneasler, L50, M|
|poke|p1|Rillaboom, L50, M|
|poke|p1|Kingambit, L50, M|
|poke|p2|Garchomp, L50, F|
|poke|p2|Dragonite, L50, M|
|poke|p2|Amoonguss, L50, F|
|poke|p2|Incineroar, L50, F|
|poke|p2|Ninetales-Alola, L50, F|
|poke|p2|Kingambit, L50, F|
|teampreview|4
|showteam|p1|Ninetales-Alola||LifeOrb|SnowWarning|Blizzard,FreezeDry,Encore,Protect|||F|||50|,,,,,Ghost]Basculegion||ChoiceScarf|Adaptability|WaveCrash,LastRespects,FlipTurn,TeraBlast|||M|||50|,,,,,Fighting]Magmar||Eviolite|VitalSpirit|Taunt,HeatWave,FollowMe,Protect|||M|||50|,,,,,Water]Sneasler||FocusSash|PoisonTouch|CloseCombat,DireClaw,FakeOut,Protect|||M|||50|,,,,,Stellar]Rillaboom||AssaultVest|GrassySurge|WoodHammer,GrassyGlide,Uturn,FakeOut|||M|||50|,,,,,Water]Kingambit||BlackGlasses|Defiant|KowtowCleave,SuckerPunch,SwordsDance,Protect|||M|||50|,,,,,Fire
|showteam|p2|Garchomp||ChoiceBand|RoughSkin|Earthquake,DragonClaw,StompingTantrum,RockSlide|||F|||50|,,,,,Steel]Dragonite||LumBerry|Multiscale|TeraBlast,ExtremeSpeed,LowKick,Protect|||M|||50|,,,,,Flying]Amoonguss||SitrusBerry|Regenerator|PollenPuff,ClearSmog,Spore,RagePowder|||F|||50|,,,,,Water]Incineroar||SafetyGoggles|Intimidate|FlareBlitz,KnockOff,FakeOut,PartingShot|||F|||50|,,,,,Ghost]Ninetales-Alola||ChoiceSpecs|SnowWarning|Blizzard,IceBeam,Moonblast,FreezeDry|||F|||50|,,,,,Ice]Kingambit||AssaultVest|Defiant|KowtowCleave,IronHead,SuckerPunch,LowKick|||F|||50|,,,,,Dark
|inactive|Battle timer is ON: inactive players will automatically lose when time's up. (requested by aefrmm)
|inactive|aefrmm has 60 seconds left.
|inactive|raylof has 60 seconds left.
|
|t:|1756183924
|teamsize|p1|4
|teamsize|p2|4
|start
|switch|p1a: Ninetales|Ninetales-Alola, L50, F|100/100
|switch|p1b: Sneasler|Sneasler, L50, M|100/100
|switch|p2a: Incineroar|Incineroar, L50, F|100/100
|switch|p2b: Kingambit|Kingambit, L50, F|100/100
|-weather|Snowscape|[from] ability: Snow Warning|[of] p1a: Ninetales
|-ability|p2a: Incineroar|Intimidate|boost
|-unboost|p1a: Ninetales|atk|1
|-unboost|p1b: Sneasler|atk|1
|turn|1
|inactive|aefrmm has 30 seconds left.
|inactive|raylof has 30 seconds left.
|inactive|raylof has 20 seconds left.
|inactive|raylof has 15 seconds left.
|inactive|raylof has 10 seconds left.
|inactive|raylof has 5 seconds left.
|
|t:|1756183976
|switch|p2b: Amoonguss|Amoonguss, L50, F|100/100
|-terastallize|p2a: Incineroar|Ghost
|move|p1b: Sneasler|Protect|p1b: Sneasler
|-singleturn|p1b: Sneasler|Protect
|move|p1a: Ninetales|Encore||[still]
|-fail|p1a: Ninetales
|move|p2a: Incineroar|Flare Blitz|p1a: Ninetales
|-supereffective|p1a: Ninetales
|-damage|p1a: Ninetales|0 fnt
|faint|p1a: Ninetales
|-damage|p2a: Incineroar|76/100|[from] Recoil
|
|-weather|Snowscape|[upkeep]
|upkeep
|
|t:|1756183991
|switch|p1a: Magmar|Magmar, L50, M|100/100
|turn|2
|inactive|aefrmm has 30 seconds left.
|
|t:|1756184021
|switch|p1b: Basculegion|Basculegion, L50, M|100/100
|switch|p2b: Dragonite|Dragonite, L50, M|100/100
|move|p1a: Magmar|Taunt|p2b: Dragonite
|-start|p2b: Dragonite|move: Taunt
|move|p2a: Incineroar|Knock Off|p1a: Magmar
|-damage|p1a: Magmar|73/100
|-enditem|p1a: Magmar|Eviolite|[from] move: Knock Off|[of] p2a: Incineroar
|
|-weather|Snowscape|[upkeep]
|upkeep
|turn|3
|inactive|aefrmm has 30 seconds left.
|inactive|raylof has 30 seconds left.
|inactive|aefrmm has 20 seconds left.
|inactive|raylof has 20 seconds left.
|inactive|aefrmm has 15 seconds left.
|inactive|aefrmm has 10 seconds left.
|
|t:|1756184071
|switch|p2a: Amoonguss|Amoonguss, L50, F|100/100
|move|p1a: Magmar|Follow Me|p1a: Magmar
|-singleturn|p1a: Magmar|move: Follow Me
|move|p2b: Dragonite|Extreme Speed|p1a: Magmar
|-damage|p1a: Magmar|40/100
|move|p1b: Basculegion|Last Respects|p2a: Amoonguss
|-damage|p2a: Amoonguss|49/100
|-enditem|p2a: Amoonguss|Sitrus Berry|[eat]
|-heal|p2a: Amoonguss|74/100|[from] item: Sitrus Berry
|
|-weather|Snowscape|[upkeep]
|upkeep
|turn|4
|inactive|aefrmm has 30 seconds left.
|inactive|raylof has 30 seconds left.
|
|t:|1756184104
|switch|p2a: Incineroar|Incineroar, L50, F, tera:Ghost|76/100
|-ability|p2a: Incineroar|Intimidate|boost
|-unboost|p1a: Magmar|atk|1
|-unboost|p1b: Basculegion|atk|1
|move|p1a: Magmar|Follow Me|p1a: Magmar
|-singleturn|p1a: Magmar|move: Follow Me
|move|p2b: Dragonite|Extreme Speed|p1a: Magmar
|-damage|p1a: Magmar|6/100
|move|p1b: Basculegion|Last Respects|p2b: Dragonite
|-damage|p2b: Dragonite|78/100
|
|-weather|Snowscape|[upkeep]
|-end|p2b: Dragonite|move: Taunt
|upkeep
|turn|5
|inactive|raylof has 30 seconds left.
|
|t:|1756184130
|switch|p2a: Amoonguss|Amoonguss, L50, F|100/100
|move|p2b: Dragonite|Protect|p2b: Dragonite
|-singleturn|p2b: Dragonite|Protect
|move|p1b: Basculegion|Last Respects|p2a: Amoonguss
|-damage|p2a: Amoonguss|63/100
|move|p1a: Magmar|Heat Wave|p2a: Amoonguss|[spread] p2a
|-activate|p2b: Dragonite|move: Protect
|-supereffective|p2a: Amoonguss
|-damage|p2a: Amoonguss|21/100
|
|-weather|none
|upkeep
|turn|6
|inactive|raylof has 30 seconds left.
|
|t:|1756184159
|switch|p2a: Kingambit|Kingambit, L50, F|100/100
|move|p1a: Magmar|Protect|p1a: Magmar
|-singleturn|p1a: Magmar|Protect
|move|p2b: Dragonite|Extreme Speed|p1a: Magmar
|-activate|p1a: Magmar|move: Protect
|move|p1b: Basculegion|Last Respects|p2a: Kingambit
|-resisted|p2a: Kingambit
|-damage|p2a: Kingambit|84/100
|
|upkeep
|turn|7
|
|t:|1756184182
|-terastallize|p1b: Basculegion|Fighting
|move|p2b: Dragonite|Extreme Speed|p1a: Magmar
|-damage|p1a: Magmar|0 fnt
|faint|p1a: Magmar
|move|p1b: Basculegion|Last Respects|p2b: Dragonite
|-damage|p2b: Dragonite|28/100
|move|p2a: Kingambit|Kowtow Cleave|p1b: Basculegion
|-resisted|p1b: Basculegion
|-damage|p1b: Basculegion|72/100
|
|upkeep
|
|t:|1756184189
|switch|p1a: Sneasler|Sneasler, L50, M|100/100
|turn|8
|inactive|aefrmm has 30 seconds left.
|
|t:|1756184216
|switch|p2a: Incineroar|Incineroar, L50, F, tera:Ghost|76/100
|-ability|p2a: Incineroar|Intimidate|boost
|-unboost|p1a: Sneasler|atk|1
|-unboost|p1b: Basculegion|atk|1
|move|p2b: Dragonite|Protect|p2b: Dragonite
|-singleturn|p2b: Dragonite|Protect
|move|p1b: Basculegion|Last Respects|p2a: Incineroar
|-supereffective|p2a: Incineroar
|-crit|p2a: Incineroar
|-damage|p2a: Incineroar|0 fnt
|faint|p2a: Incineroar
|move|p1a: Sneasler|Close Combat|p2b: Dragonite
|-activate|p2b: Dragonite|move: Protect
|
|upkeep
|
|t:|1756184230
|switch|p2a: Amoonguss|Amoonguss, L50, F|55/100
|turn|9
|
|t:|1756184255
|switch|p2b: Kingambit|Kingambit, L50, F|84/100
|move|p1b: Basculegion|Last Respects|p2b: Kingambit
|-resisted|p2b: Kingambit
|-damage|p2b: Kingambit|70/100
|move|p1a: Sneasler|Dire Claw|p2b: Kingambit
|-immune|p2b: Kingambit
|move|p2a: Amoonguss|Spore|p1a: Sneasler
|-status|p1a: Sneasler|slp|[from] move: Spore
|
|upkeep
|turn|10
|
|t:|1756184276
|switch|p2b: Dragonite|Dragonite, L50, M|28/100
|move|p1b: Basculegion|Last Respects|p2b: Dragonite
|-damage|p2b: Dragonite|0 fnt
|faint|p2b: Dragonite
|cant|p1a: Sneasler|slp
|move|p2a: Amoonguss|Pollen Puff|p2: Dragonite|[notarget]
|-fail|p2a: Amoonguss
|
|upkeep
|
|t:|1756184285
|switch|p2b: Kingambit|Kingambit, L50, F|70/100
|turn|11
|
|t:|1756184297
|move|p2a: Amoonguss|Rage Powder|p2a: Amoonguss
|-singleturn|p2a: Amoonguss|move: Rage Powder
|move|p1b: Basculegion|Last Respects|p2a: Amoonguss
|-damage|p2a: Amoonguss|23/100
|cant|p1a: Sneasler|slp
|move|p2b: Kingambit|Kowtow Cleave|p1a: Sneasler
|-resisted|p1a: Sneasler
|-damage|p1a: Sneasler|56/100 slp
|
|upkeep
|turn|12
|
|t:|1756184321
|move|p1b: Basculegion|Last Respects|p2b: Kingambit
|-resisted|p2b: Kingambit
|-damage|p2b: Kingambit|56/100
|-curestatus|p1a: Sneasler|slp|[msg]
|move|p1a: Sneasler|Close Combat|p2b: Kingambit
|-supereffective|p2b: Kingambit
|-damage|p2b: Kingambit|0 fnt
|-unboost|p1a: Sneasler|def|1
|-unboost|p1a: Sneasler|spd|1
|faint|p2b: Kingambit
|move|p2a: Amoonguss|Spore|p1b: Basculegion
|-status|p1b: Basculegion|slp|[from] move: Spore
|
|upkeep
|turn|13
|
|t:|1756184334
|cant|p1b: Basculegion|slp
|move|p1a: Sneasler|Close Combat|p2a: Amoonguss
|-resisted|p2a: Amoonguss
|-damage|p2a: Amoonguss|4/100
|-unboost|p1a: Sneasler|def|1
|-unboost|p1a: Sneasler|spd|1
|move|p2a: Amoonguss|Spore|p1a: Sneasler
|-status|p1a: Sneasler|slp|[from] move: Spore
|
|upkeep
|turn|14
|
|t:|1756184350
|cant|p1a: Sneasler|slp
|cant|p1b: Basculegion|slp
|move|p2a: Amoonguss|Pollen Puff|p1a: Sneasler
|-resisted|p1a: Sneasler
|-damage|p1a: Sneasler|42/100 slp
|
|upkeep
|turn|15
|
|t:|1756184360
|cant|p1b: Basculegion|slp
|-curestatus|p1a: Sneasler|slp|[msg]
|move|p1a: Sneasler|Close Combat|p2a: Amoonguss
|-resisted|p2a: Amoonguss
|-damage|p2a: Amoonguss|0 fnt
|-unboost|p1a: Sneasler|def|1
|-unboost|p1a: Sneasler|spd|1
|faint|p2a: Amoonguss
|
|win|aefrmm
