|j|☆Cecho8
|j|☆raylof
|html|Cecho8raylof    
|uhtml|bestof|Game 2 of a best-of-3
|t:|1757139994
|gametype|doubles
|player|p1|Cecho8|shadowtriad|1227
|player|p2|raylof|2|1252
|gen|9
|tier|[Gen 9] VGC 2025 Reg H (Bo3)
|rated|
|rule|Species Clause: Limit one of each Pokémon
|rule|Item Clause: Limit 1 of each item
|clearpoke
|poke|p1|Archaludon, L50, M|
|poke|p1|Pelipper, L50, M|
|poke|p1|Gholdengo, L50|
|poke|p1|Basculegion, L50, M|
|poke|p1|Amoonguss, L50, M|
|poke|p1|Annihilape, L50, F|
|poke|p2|Dragonite, L50, M|
|poke|p2|Ursaluna-Bloodmoon, L50, M|
|poke|p2|Gholdengo, L50|
|poke|p2|Incineroar, L50, F|
|poke|p2|Amoonguss, L50, F|
|poke|p2|Ninetales-Alola, L50, M|
|teampreview|4
|showteam|p1|Archaludon||AssaultVest|Stamina|DragonPulse,ElectroShot,BodyPress,Snarl|||M|||50|,,,,,Bug]Pelipper||FocusSash|Drizzle|WeatherBall,Hurricane,Tailwind,Protect|||M|||50|,,,,,Ghost]Gholdengo||LifeOrb|GoodasGold|MakeItRain,ShadowBall,NastyPlot,Protect||||||50|,,,,,Water]Basculegion||ChoiceBand|SwiftSwim|AquaJet,WaveCrash,LastRespects,FlipTurn|||M|||50|,,,,,Water]Amoonguss||SitrusBerry|Regenerator|RagePowder,Spore,PollenPuff,Protect|||M|||50|,,,,,Fairy]Annihilape||SafetyGoggles|Defiant|RageFist,CloseCombat,FinalGambit,Taunt|||F|||50|,,,,,Fire
|showteam|p2|Dragonite||LoadedDice|Multiscale|ScaleShot,Haze,Protect,Tailwind|||M|||50|,,,,,Fairy]Ursaluna-Bloodmoon||AssaultVest|MindsEye|BloodMoon,HyperVoice,VacuumWave,EarthPower|||M|||50|,,,,,Ghost]Gholdengo||LifeOrb|GoodasGold|MakeItRain,ShadowBall,Protect,NastyPlot||||||50|,,,,,Water]Incineroar||SafetyGoggles|Intimidate|KnockOff,FakeOut,FlareBlitz,PartingShot|||F|||50|,,,,,Ghost]Amoonguss||SitrusBerry|Regenerator|PollenPuff,Spore,RagePowder,Protect|||F|||50|,,,,,Water]Ninetales-Alola||LightClay|SnowWarning|IcyWind,FreezeDry,Protect,AuroraVeil|||M|||50|,,,,,Ghost
|
|t:|1757140026
|teamsize|p1|4
|teamsize|p2|4
|start
|switch|p1a: Gholdengo|Gholdengo, L50|100/100
|switch|p1b: Amoonguss|Amoonguss, L50, M|100/100
|switch|p2a: Amoonguss|Amoonguss, L50, F, shiny|100/100
|switch|p2b: Dragonite|Dragonite, L50, M|100/100
|turn|1
|inactive|Battle timer is ON: inactive players will automatically lose when time's up. (requested by Cecho8)
|
|t:|1757140076
|move|p1a: Gholdengo|Nasty Plot|p1a: Gholdengo
|-boost|p1a: Gholdengo|spa|2
|move|p2b: Dragonite|Scale Shot|p1a: Gholdengo
|-resisted|p1a: Gholdengo
|-damage|p1a: Gholdengo|93/100
|-resisted|p1a: Gholdengo
|-damage|p1a: Gholdengo|85/100
|-resisted|p1a: Gholdengo
|-damage|p1a: Gholdengo|78/100
|-resisted|p1a: Gholdengo
|-damage|p1a: Gholdengo|71/100
|-resisted|p1a: Gholdengo
|-damage|p1a: Gholdengo|63/100
|-hitcount|p1a: Gholdengo|5
|-unboost|p2b: Dragonite|def|1
|-boost|p2b: Dragonite|spe|1
|move|p1b: Amoonguss|Spore|p2b: Dragonite
|-status|p2b: Dragonite|slp|[from] move: Spore
|move|p2a: Amoonguss|Pollen Puff|p1a: Gholdengo
|-resisted|p1a: Gholdengo
|-damage|p1a: Gholdengo|59/100
|
|upkeep
|turn|2
|inactive|Cecho8 has 30 seconds left.
|inactive|raylof has 30 seconds left.
|inactive|Cecho8 has 20 seconds left.
|
|t:|1757140113
|move|p2a: Amoonguss|Protect|p2a: Amoonguss
|-singleturn|p2a: Amoonguss|Protect
|cant|p2b: Dragonite|slp
|move|p1a: Gholdengo|Make It Rain|p2b: Dragonite|[spread] p2b
|-activate|p2a: Amoonguss|move: Protect
|-crit|p2b: Dragonite
|-damage|p2b: Dragonite|9/100 slp
|-unboost|p1a: Gholdengo|spa|1
|-damage|p1a: Gholdengo|49/100|[from] item: Life Orb
|move|p1b: Amoonguss|Pollen Puff|p1a: Gholdengo
|-heal|p1a: Gholdengo|99/100
|
|upkeep
|turn|3
|inactive|raylof has 30 seconds left.
|
|t:|1757140143
|switch|p2a: Gholdengo|Gholdengo, L50|100/100
|cant|p2b: Dragonite|slp
|move|p1a: Gholdengo|Nasty Plot|p1a: Gholdengo
|-boost|p1a: Gholdengo|spa|2
|move|p1b: Amoonguss|Pollen Puff|p2b: Dragonite
|-resisted|p2b: Dragonite
|-damage|p2b: Dragonite|0 fnt
|faint|p2b: Dragonite
|
|upkeep
|
|t:|1757140153
|switch|p2b: Ninetales|Ninetales-Alola, L50, M, shiny|100/100
|-weather|Snowscape|[from] ability: Snow Warning|[of] p2b: Ninetales
|turn|4
|inactive|Cecho8 has 30 seconds left.
|
|t:|1757140181
|switch|p1b: Pelipper|Pelipper, L50, M|100/100
|-weather|RainDance|[from] ability: Drizzle|[of] p1b: Pelipper
|-terastallize|p1a: Gholdengo|Water
|move|p2b: Ninetales|Freeze-Dry|p1a: Gholdengo
|-supereffective|p1a: Gholdengo
|-damage|p1a: Gholdengo|48/100
|-status|p1a: Gholdengo|frz
|cant|p1a: Gholdengo|frz
|move|p2a: Gholdengo|Shadow Ball|p1a: Gholdengo
|-damage|p1a: Gholdengo|0 fnt
|faint|p1a: Gholdengo
|-damage|p2a: Gholdengo|91/100|[from] item: Life Orb
|
|-weather|RainDance|[upkeep]
|upkeep
|
|t:|1757140202
|switch|p1a: Archaludon|Archaludon, L50, M|100/100
|turn|5
|inactive|raylof has 30 seconds left.
|inactive|raylof has 20 seconds left.
|inactive|raylof has 15 seconds left.
|inactive|raylof has 10 seconds left.
|
|t:|1757140252
|switch|p2b: Amoonguss|Amoonguss, L50, F, shiny|100/100
|move|p2a: Gholdengo|Shadow Ball|p1b: Pelipper
|-damage|p1b: Pelipper|14/100
|-damage|p2a: Gholdengo|82/100|[from] item: Life Orb
|move|p1b: Pelipper|Tailwind|p1b: Pelipper
|-sidestart|p1: Cecho8|move: Tailwind
|move|p1a: Archaludon|Electro Shot||[still]
|-prepare|p1a: Archaludon|Electro Shot
|-boost|p1a: Archaludon|spa|1
|-anim|p1a: Archaludon|Electro Shot|p2a: Gholdengo
|-damage|p2a: Gholdengo|13/100
|
|-weather|RainDance|[upkeep]
|upkeep
|turn|6
|inactive|Cecho8 has 30 seconds left.
|inactive|raylof has 30 seconds left.
|inactive|raylof has 20 seconds left.
|
|t:|1757140287
|switch|p2a: Ninetales|Ninetales-Alola, L50, M, shiny|100/100
|-weather|Snowscape|[from] ability: Snow Warning|[of] p2a: Ninetales
|-terastallize|p2b: Amoonguss|Water
|move|p1b: Pelipper|Hurricane|p2b: Amoonguss|[miss]
|-miss|p1b: Pelipper|p2b: Amoonguss
|move|p1a: Archaludon|Snarl|p2a: Ninetales|[spread] p2a,p2b
|-resisted|p2a: Ninetales
|-damage|p2a: Ninetales|90/100
|-damage|p2b: Amoonguss|82/100
|-unboost|p2a: Ninetales|spa|1
|-unboost|p2b: Amoonguss|spa|1
|move|p2b: Amoonguss|Spore|p1a: Archaludon
|-status|p1a: Archaludon|slp|[from] move: Spore
|
|-weather|Snowscape|[upkeep]
|upkeep
|turn|7
|inactive|Cecho8 has 30 seconds left.
|
|t:|1757140312
|switch|p1b: Amoonguss|Amoonguss, L50, M|100/100
|cant|p1a: Archaludon|slp
|move|p2a: Ninetales|Aurora Veil|p2a: Ninetales
|-sidestart|p2: raylof|move: Aurora Veil
|move|p2b: Amoonguss|Spore|p1b: Amoonguss
|-immune|p1b: Amoonguss
|
|-weather|Snowscape|[upkeep]
|upkeep
|turn|8
|inactive|Cecho8 has 30 seconds left.
|
|t:|1757140344
|switch|p2a: Gholdengo|Gholdengo, L50|13/100
|-curestatus|p1a: Archaludon|slp|[msg]
|move|p1a: Archaludon|Snarl|p2a: Gholdengo|[spread] p2a,p2b
|-supereffective|p2a: Gholdengo
|-crit|p2a: Gholdengo
|-damage|p2a: Gholdengo|0 fnt
|-damage|p2b: Amoonguss|70/100
|-unboost|p2b: Amoonguss|spa|1
|faint|p2a: Gholdengo
|move|p1b: Amoonguss|Spore|p2b: Amoonguss
|-status|p2b: Amoonguss|slp|[from] move: Spore
|cant|p2b: Amoonguss|slp
|
|-weather|Snowscape|[upkeep]
|-sideend|p1: Cecho8|move: Tailwind
|upkeep
|
|t:|1757140359
|switch|p2a: Ninetales|Ninetales-Alola, L50, M, shiny|90/100
|turn|9
|inactive|raylof has 30 seconds left.
|
|t:|1757140388
|switch|p1b: Pelipper|Pelipper, L50, M|14/100
|-weather|RainDance|[from] ability: Drizzle|[of] p1b: Pelipper
|cant|p2b: Amoonguss|slp
|move|p2a: Ninetales|Freeze-Dry|p1b: Pelipper
|-supereffective|p1b: Pelipper
|-damage|p1b: Pelipper|0 fnt
|faint|p1b: Pelipper
|move|p1a: Archaludon|Electro Shot||[still]
|-prepare|p1a: Archaludon|Electro Shot
|-boost|p1a: Archaludon|spa|1
|-anim|p1a: Archaludon|Electro Shot|p2b: Amoonguss
|-supereffective|p2b: Amoonguss
|-damage|p2b: Amoonguss|0 fnt
|faint|p2b: Amoonguss
|
|-weather|RainDance|[upkeep]
|upkeep
|
|t:|1757140396
|switch|p1b: Amoonguss|Amoonguss, L50, M|100/100
|turn|10
|
|t:|1757140405
|move|p2a: Ninetales|Freeze-Dry|p1b: Amoonguss
|-supereffective|p1b: Amoonguss
|-damage|p1b: Amoonguss|65/100
|move|p1a: Archaludon|Electro Shot||[still]
|-prepare|p1a: Archaludon|Electro Shot
|-boost|p1a: Archaludon|spa|1
|-anim|p1a: Archaludon|Electro Shot|p2a: Ninetales
|-damage|p2a: Ninetales|22/100
|move|p1b: Amoonguss|Spore|p2a: Ninetales
|-status|p2a: Ninetales|slp|[from] move: Spore
|
|-weather|RainDance|[upkeep]
|upkeep
|turn|11
|
|t:|1757140418
|cant|p2a: Ninetales|slp
|move|p1a: Archaludon|Electro Shot||[still]
|-prepare|p1a: Archaludon|Electro Shot
|-boost|p1a: Archaludon|spa|1
|-anim|p1a: Archaludon|Electro Shot|p2a: Ninetales
|-damage|p2a: Ninetales|0 fnt
|faint|p2a: Ninetales
|
|win|Cecho8
||raylof is ready for game 3.
||Cecho8 is ready for game 3.
|uhtml|next|Next: Game 3 of 3
|l|☆Cecho8
|player|p1|
