|j|☆ToastedArt
|j|☆LeSkinny23
|html|ToastedArtLeSkinny23    
|uhtml|bestof|Game 1 of a best-of-3
|t:|1785635638
|gametype|doubles
|player|p1|ToastedArt|iris|1083
|player|p2|LeSkinny23|265|1009
|gen|9
|tier|[Gen 9 Champions] VGC 2026 Reg M-B (Bo3)
|rated|
|rule|Species Clause: Limit one of each Pokémon
|rule|Item Clause: Limit 1 of each item
|clearpoke
|poke|p1|Staraptor, L50, F|
|poke|p1|Gholdengo, L50|
|poke|p1|Incineroar, L50, F|
|poke|p1|Sinistcha, L50|
|poke|p1|Arcanine-Hisui, L50, M|
|poke|p1|Ninetales-Alola, L50, M|
|poke|p2|Whimsicott, L50, F, shiny|
|poke|p2|Gyarados, L50, M, shiny|
|poke|p2|Incineroar, L50, M, shiny|
|poke|p2|Sinistcha-Masterpiece, L50, shiny|
|poke|p2|Staraptor, L50, M, shiny|
|poke|p2|Gengar, L50, M, shiny|
|teampreview|4
|showteam|p1|Staraptor||Staraptite|Intimidate|CloseCombat,DualWingbeat,Tailwind,Protect|Jolly||F|||50|]Gholdengo||LifeOrb|GoodasGold|MakeItRain,ShadowBall,NastyPlot,Protect|Modest|||||50|]Incineroar||SitrusBerry|Intimidate|PartingShot,FlareBlitz,ThroatChop,FakeOut|Careful||F|||50|]Sinistcha||ColburBerry|Hospitality|MatchaGotcha,RagePowder,TrickRoom,Protect|Relaxed|||||50|]Arcanine-Hisui||FocusSash|RockHead|FlareBlitz,HeadSmash,ExtremeSpeed,Protect|Jolly||M|||50|]Ninetales-Alola||NeverMeltIce|SnowWarning|Blizzard,FreezeDry,Encore,Protect|Timid||M|||50|
|showteam|p2|Whimsicott||MentalHerb|Prankster|Encore,LightScreen,Moonblast,Tailwind|Timid||F|||50|]Gyarados||SitrusBerry|Intimidate|Protect,Waterfall,ThunderWave,Taunt|Jolly||M|||50|]Incineroar||ChopleBerry|Intimidate|ThroatChop,FlareBlitz,FakeOut,PartingShot|Careful||M|||50|]Sinistcha-Masterpiece||OccaBerry|Hospitality|Protect,MatchaGotcha,RagePowder,TrickRoom|Bold|||||50|]Staraptor||Staraptite|Reckless|Protect,DualWingbeat,CloseCombat,Roost|Jolly||M|||50|]Gengar||Gengarite|CursedBody|Protect,SludgeBomb,ShadowBall,WillOWisp|Timid||M|||50|
|inactive|Battle timer is ON: inactive players will automatically lose when time's up. (requested by ToastedArt)
|inactive|ToastedArt has 60 seconds left.
|inactive|LeSkinny23 has 60 seconds left.
|
|t:|1785635680
|teamsize|p1|4
|teamsize|p2|4
|start
|switch|p1a: Gholdengo|Gholdengo, L50|100/100
|switch|p1b: Incineroar|Incineroar, L50, F|100/100
|switch|p2a: Whimsicott|Whimsicott, L50, F, shiny|100/100
|switch|p2b: Gengar|Gengar, L50, M, shiny|100/100
|-ability|p1b: Incineroar|Intimidate|boost
|-unboost|p2a: Whimsicott|atk|1
|-unboost|p2b: Gengar|atk|1
|turn|1
|inactive|LeSkinny23 has 30 seconds left.
|
|t:|1785635711
|switch|p2a: Incineroar|Incineroar, L50, M, shiny|100/100
|-ability|p2a: Incineroar|Intimidate|boost
|-unboost|p1a: Gholdengo|atk|1
|-unboost|p1b: Incineroar|atk|1
|detailschange|p2b: Gengar|Gengar-Mega, L50, M, shiny
|-mega|p2b: Gengar|Gengar|Gengarite
|move|p1b: Incineroar|Fake Out|p2a: Incineroar
|-damage|p2a: Incineroar|93/100
|move|p2b: Gengar|Shadow Ball|p1a: Gholdengo
|-supereffective|p1a: Gholdengo|1
|-damage|p1a: Gholdengo|0 fnt
|faint|p1a: Gholdengo
|
|upkeep
|
|t:|1785635723
|switch|p1a: Staraptor|Staraptor, L50, F|100/100
|-ability|p1a: Staraptor|Intimidate|boost
|-unboost|p2a: Incineroar|atk|1
|-unboost|p2b: Gengar|atk|1
|turn|2
|inactive|LeSkinny23 has 30 seconds left.
|inactive|LeSkinny23 has 20 seconds left.
|inactive|LeSkinny23 has 15 seconds left.
|
|t:|1785635766
|switch|p2a: Gyarados|Gyarados, L50, M, shiny|100/100
|-ability|p2a: Gyarados|Intimidate|boost
|-unboost|p1a: Staraptor|atk|1
|-unboost|p1b: Incineroar|atk|1
|detailschange|p1a: Staraptor|Staraptor-Mega, L50, F
|-mega|p1a: Staraptor|Staraptor|Staraptite
|move|p2b: Gengar|Sludge Bomb|p1b: Incineroar
|-damage|p1b: Incineroar|54/100
|-status|p1b: Incineroar|psn
|move|p1a: Staraptor|Close Combat|p2a: Gyarados
|-resisted|p2a: Gyarados|1
|-damage|p2a: Gyarados|79/100
|-boost|p1a: Staraptor|def|1
|-boost|p1a: Staraptor|spd|1
|move|p1b: Incineroar|Parting Shot|p1a: Staraptor
|-boost|p1a: Staraptor|atk|1
|-boost|p1a: Staraptor|spa|1
|
|t:|1785635781
|switch|p1b: Ninetales|Ninetales-Alola, L50, M|100/100|[from] Parting Shot
|-weather|Snowscape|[from] ability: Snow Warning|[of] p1b: Ninetales
|
|-weather|Snowscape|[upkeep]
|upkeep
|turn|3
|inactive|LeSkinny23 has 30 seconds left.
|inactive|LeSkinny23 has 20 seconds left.
|inactive|LeSkinny23 has 15 seconds left.
|
|t:|1785635824
|move|p2b: Gengar|Sludge Bomb|p1b: Ninetales
|-supereffective|p1b: Ninetales|1
|-damage|p1b: Ninetales|0 fnt
|faint|p1b: Ninetales
|move|p1a: Staraptor|Dual Wingbeat|p2b: Gengar
|-damage|p2b: Gengar|70/100
|-damage|p2b: Gengar|40/100
|-hitcount|p2b: Gengar|2
|move|p2a: Gyarados|Thunder Wave|p1a: Staraptor
|-status|p1a: Staraptor|par
|
|-weather|Snowscape|[upkeep]
|upkeep
|
|t:|1785635833
|switch|p1b: Incineroar|Incineroar, L50, F|54/100 psn
|-ability|p1b: Incineroar|Intimidate|boost
|-unboost|p2a: Gyarados|atk|1
|-unboost|p2b: Gengar|atk|1
|turn|4
|inactive|LeSkinny23 has 30 seconds left.
|
|t:|1785635866
|move|p2b: Gengar|Protect|p2b: Gengar
|-singleturn|p2b: Gengar|Protect
|move|p2a: Gyarados|Protect|p2a: Gyarados
|-singleturn|p2a: Gyarados|Protect
|move|p1b: Incineroar|Fake Out|p2a: Gyarados
|-activate|p2a: Gyarados|move: Protect
|move|p1a: Staraptor|Dual Wingbeat|p2b: Gengar
|-activate|p2b: Gengar|move: Protect
|
|-weather|Snowscape|[upkeep]
|-damage|p1b: Incineroar|42/100 psn|[from] psn
|upkeep
|-enditem|p1b: Incineroar|Sitrus Berry|[eat]
|-heal|p1b: Incineroar|67/100 psn|[from] item: Sitrus Berry
|turn|5
|inactive|LeSkinny23 has 30 seconds left.
|
|t:|1785635897
|move|p2b: Gengar|Sludge Bomb|p1b: Incineroar
|-damage|p1b: Incineroar|24/100 psn
|move|p2a: Gyarados|Waterfall|p1b: Incineroar
|-supereffective|p1b: Incineroar|1
|-damage|p1b: Incineroar|0 fnt
|faint|p1b: Incineroar
|move|p1a: Staraptor|Dual Wingbeat|p2b: Gengar
|-damage|p2b: Gengar|10/100
|-damage|p2b: Gengar|0 fnt
|faint|p2b: Gengar
|-hitcount|p2: Gengar|2
|
|-weather|Snowscape|[upkeep]
|upkeep
|
|t:|1785635905
|switch|p2b: Whimsicott|Whimsicott, L50, F, shiny|100/100
|turn|6
|
|t:|1785635915
|move|p2b: Whimsicott|Encore|p1a: Staraptor
|-start|p1a: Staraptor|Encore
|move|p2a: Gyarados|Waterfall|p1a: Staraptor
|-damage|p1a: Staraptor|84/100 par
|move|p1a: Staraptor|Dual Wingbeat|p2b: Whimsicott
|-supereffective|p2b: Whimsicott|1
|-damage|p2b: Whimsicott|48/100
|-supereffective|p2b: Whimsicott|1
|-damage|p2b: Whimsicott|0 fnt
|faint|p2b: Whimsicott
|-hitcount|p2: Whimsicott|2
|
|-weather|none
|upkeep
|
|t:|1785635922
|switch|p2b: Incineroar|Incineroar, L50, M, shiny|93/100
|-ability|p2b: Incineroar|Intimidate|boost
|-boost|p1a: Staraptor|atk|1
|turn|7
|
|t:|1785635928
|move|p2b: Incineroar|Fake Out|p1a: Staraptor
|-crit|p1a: Staraptor
|-damage|p1a: Staraptor|68/100 par
|move|p2a: Gyarados|Waterfall|p1a: Staraptor
|-damage|p1a: Staraptor|52/100 par
|cant|p1a: Staraptor|flinch
|
|upkeep
|turn|8
|
|t:|1785635951
|move|p2a: Gyarados|Waterfall|p1a: Staraptor
|-damage|p1a: Staraptor|36/100 par
|move|p1a: Staraptor|Dual Wingbeat|p2a: Gyarados
|-damage|p2a: Gyarados|43/100
|-enditem|p2a: Gyarados|Sitrus Berry|[eat]
|-heal|p2a: Gyarados|68/100|[from] item: Sitrus Berry
|-damage|p2a: Gyarados|38/100
|-hitcount|p2a: Gyarados|2
|move|p2b: Incineroar|Flare Blitz|p1a: Staraptor
|-damage|p1a: Staraptor|5/100 par
|-damage|p2b: Incineroar|84/100|[from] Recoil
|
|-end|p1a: Staraptor|Encore
|upkeep
|turn|9
|
|t:|1785635963
|move|p2a: Gyarados|Waterfall|p1a: Staraptor
|-damage|p1a: Staraptor|0 fnt
|faint|p1a: Staraptor
|
|win|LeSkinny23
