|j|☆SlowHomie
|j|☆Its last min
|html|SlowHomieIts last min    
|uhtml|bestof|Game 1 of a best-of-3
|t:|1756858216
|gametype|doubles
|player|p1|SlowHomie|lucas|
|player|p2|Its last min|101|
|gen|9
|tier|[Gen 9] VGC 2025 Reg H (Bo3)
|rule|Species Clause: Limit one of each Pokémon
|rule|Item Clause: Limit 1 of each item
|clearpoke
|poke|p1|Kommo-o, L50, F|
|poke|p1|Ninetales-Alola, L50, F|
|poke|p1|Rillaboom, L50, M|
|poke|p1|Electabuzz, L50, M|
|poke|p1|Annihilape, L50, M|
|poke|p1|Kingambit, L50, F|
|poke|p2|Rillaboom, L50, M|
|poke|p2|Gholdengo, L50|
|poke|p2|Ursaluna-Bloodmoon, L50, M|
|poke|p2|Whimsicott, L50, F|
|poke|p2|Annihilape, L50, M|
|poke|p2|Incineroar, L50, M|
|teampreview|4
|showteam|p1|Kommo-o||LifeOrb|Soundproof|ClangingScales,AuraSphere,Flamethrower,Protect|||F|||50|,,,,,Fire]Ninetales-Alola||NeverMeltIce|SnowWarning|Blizzard,FreezeDry,Encore,Protect|||F|||50|,,,,,Ice]Rillaboom||AssaultVest|GrassySurge|WoodHammer,GrassyGlide,HighHorsepower,FakeOut|||M|||50|,,,,,Ghost]Electabuzz||Eviolite|VitalSpirit|Electroweb,HelpingHand,FollowMe,Protect|||M|||50|,,,,,Ghost]Annihilape||FocusSash|Defiant|CloseCombat,ShadowClaw,FinalGambit,Taunt|||M|||50|,,,,,Stellar]Kingambit||BlackGlasses|Defiant|KowtowCleave,SuckerPunch,SwordsDance,Protect|||F|||50|,,,,,Dark
|showteam|p2|Rillaboom||AssaultVest|GrassySurge|FakeOut,GrassyGlide,WoodHammer,HighHorsepower|||M|||50|,,,,,Fire]Gholdengo||GrassySeed|GoodasGold|NastyPlot,MakeItRain,ShadowBall,Protect||||||50|,,,,,Water]Ursaluna-Bloodmoon||LifeOrb|MindsEye|BloodMoon,EarthPower,HyperVoice,Protect|||M|||50|,,,,,Normal]Whimsicott||CovertCloak|Prankster|Moonblast,Tailwind,Encore,FakeTears|||F|||50|,,,,,Steel]Annihilape||SafetyGoggles|Defiant|RageFist,CloseCombat,FinalGambit,Taunt|||M|||50|,,,,,Water]Incineroar||MirrorHerb|Intimidate|KnockOff,FlareBlitz,PartingShot,FakeOut|||M|||50|,,,,,Ghost
|c|☆SlowHomie|Glhf
|
|t:|1756858281
|teamsize|p1|4
|teamsize|p2|4
|start
|switch|p1a: Buzz Lightyear|Electabuzz, L50, M|100/100
|switch|p1b: Kommodo-Moʻo|Kommo-o, L50, F, shiny|100/100
|switch|p2a: Rillaboom|Rillaboom, L50, M|100/100
|switch|p2b: Gholdengo|Gholdengo, L50|100/100
|-fieldstart|move: Grassy Terrain|[from] ability: Grassy Surge|[of] p2a: Rillaboom
|-enditem|p2b: Gholdengo|Grassy Seed
|-boost|p2b: Gholdengo|def|1|[from] item: Grassy Seed
|turn|1
|
|t:|1756858293
|move|p2a: Rillaboom|Fake Out|p1b: Kommodo-Moʻo
|-damage|p1b: Kommodo-Moʻo|85/100
|move|p1a: Buzz Lightyear|Electroweb|p2b: Gholdengo|[spread] p2a,p2b
|-resisted|p2a: Rillaboom
|-damage|p2a: Rillaboom|95/100
|-damage|p2b: Gholdengo|83/100
|-unboost|p2a: Rillaboom|spe|1
|-unboost|p2b: Gholdengo|spe|1
|cant|p1b: Kommodo-Moʻo|flinch
|move|p2b: Gholdengo|Nasty Plot|p2b: Gholdengo
|-boost|p2b: Gholdengo|spa|2
|
|-heal|p1b: Kommodo-Moʻo|91/100|[from] Grassy Terrain
|-heal|p2b: Gholdengo|89/100|[from] Grassy Terrain
|-heal|p2a: Rillaboom|100/100|[from] Grassy Terrain
|upkeep
|turn|2
|
|t:|1756858354
|switch|p2a: Whimsicott|Whimsicott, L50, F|100/100
|move|p1a: Buzz Lightyear|Helping Hand|p1b: Kommodo-Moʻo
|-singleturn|p1b: Kommodo-Moʻo|Helping Hand|[of] p1a: Buzz Lightyear
|move|p2b: Gholdengo|Protect|p2b: Gholdengo
|-singleturn|p2b: Gholdengo|Protect
|move|p1b: Kommodo-Moʻo|Flamethrower|p2b: Gholdengo
|-activate|p2b: Gholdengo|move: Protect
|
|-heal|p1b: Kommodo-Moʻo|97/100|[from] Grassy Terrain
|-heal|p2b: Gholdengo|96/100|[from] Grassy Terrain
|upkeep
|turn|3
|
|t:|1756858393
|-terastallize|p1b: Kommodo-Moʻo|Fire
|-terastallize|p2b: Gholdengo|Water
|move|p1a: Buzz Lightyear|Follow Me|p1a: Buzz Lightyear
|-singleturn|p1a: Buzz Lightyear|move: Follow Me
|move|p2a: Whimsicott|Fake Tears|p1a: Buzz Lightyear
|-unboost|p1a: Buzz Lightyear|spd|2
|move|p1b: Kommodo-Moʻo|Clanging Scales|p2a: Whimsicott|[spread] p2b
|-immune|p2a: Whimsicott
|-damage|p2b: Gholdengo|38/100
|-unboost|p1b: Kommodo-Moʻo|def|1
|-damage|p1b: Kommodo-Moʻo|88/100|[from] item: Life Orb
|move|p2b: Gholdengo|Shadow Ball|p1a: Buzz Lightyear
|-damage|p1a: Buzz Lightyear|0 fnt
|faint|p1a: Buzz Lightyear
|
|-heal|p1b: Kommodo-Moʻo|94/100|[from] Grassy Terrain
|-heal|p2b: Gholdengo|44/100|[from] Grassy Terrain
|upkeep
|l|☆SlowHomie
|player|p1|
|j|☆SlowHomie
|player|p1|SlowHomie|lucas|
|
|t:|1756858441
|switch|p1a: Monkey Gong|Rillaboom, L50, M|100/100
|turn|4
|
|t:|1756858464
|move|p2b: Gholdengo|Protect|p2b: Gholdengo
|-singleturn|p2b: Gholdengo|Protect
|move|p2a: Whimsicott|Encore|p1b: Kommodo-Moʻo
|-start|p1b: Kommodo-Moʻo|Encore
|move|p1a: Monkey Gong|Grassy Glide|p2b: Gholdengo
|-activate|p2b: Gholdengo|move: Protect
|move|p1b: Kommodo-Moʻo|Clanging Scales|p2a: Whimsicott|[spread] 
|-activate|p2b: Gholdengo|move: Protect
|-immune|p2a: Whimsicott
|
|-heal|p1b: Kommodo-Moʻo|99/100|[from] Grassy Terrain
|-heal|p2b: Gholdengo|50/100|[from] Grassy Terrain
|upkeep
|turn|5
|
|t:|1756858495
|switch|p1b: Queen Goober|Kingambit, L50, F, shiny|100/100
|move|p2a: Whimsicott|Tailwind|p2a: Whimsicott
|-sidestart|p2: Its last min|move: Tailwind
|move|p1a: Monkey Gong|Grassy Glide|p2b: Gholdengo
|-supereffective|p2b: Gholdengo
|-damage|p2b: Gholdengo|0 fnt
|faint|p2b: Gholdengo
|
|-fieldend|move: Grassy Terrain
|upkeep
|
|t:|1756858508
|switch|p2b: Ursaluna|Ursaluna-Bloodmoon, L50, M|100/100
|turn|6
|
|t:|1756858534
|move|p2a: Whimsicott|Encore|p1a: Monkey Gong
|-start|p1a: Monkey Gong|Encore
|move|p2b: Ursaluna|Earth Power|p1b: Queen Goober
|-supereffective|p1b: Queen Goober
|-damage|p1b: Queen Goober|0 fnt
|faint|p1b: Queen Goober
|-damage|p2b: Ursaluna|91/100|[from] item: Life Orb
|move|p1a: Monkey Gong|Grassy Glide|p2b: Ursaluna
|-supereffective|p2b: Ursaluna
|-damage|p2b: Ursaluna|47/100
|
|upkeep
|
|t:|1756858545
|switch|p1b: Kommodo-Moʻo|Kommo-o, L50, F, shiny, tera:Fire|99/100
|turn|7
|
|t:|1756858570
|move|p2a: Whimsicott|Moonblast|p1a: Monkey Gong
|-damage|p1a: Monkey Gong|81/100
|move|p2b: Ursaluna|Earth Power|p1b: Kommodo-Moʻo
|-supereffective|p1b: Kommodo-Moʻo
|-damage|p1b: Kommodo-Moʻo|0 fnt
|faint|p1b: Kommodo-Moʻo
|-damage|p2b: Ursaluna|37/100|[from] item: Life Orb
|move|p1a: Monkey Gong|Grassy Glide|p2b: Ursaluna
|-supereffective|p2b: Ursaluna
|-damage|p2b: Ursaluna|0 fnt
|faint|p2b: Ursaluna
|
|upkeep
|
|t:|1756858575
|switch|p2b: Rillaboom|Rillaboom, L50, M|100/100
|-fieldstart|move: Grassy Terrain|[from] ability: Grassy Surge|[of] p2b: Rillaboom
|turn|8
|
|t:|1756858582
|move|p2b: Rillaboom|Fake Out|p1a: Monkey Gong
|-crit|p1a: Monkey Gong
|-damage|p1a: Monkey Gong|58/100
|move|p2a: Whimsicott|Fake Tears|p1a: Monkey Gong
|-unboost|p1a: Monkey Gong|spd|2
|cant|p1a: Monkey Gong|flinch
|
|-heal|p1a: Monkey Gong|64/100|[from] Grassy Terrain
|-end|p1a: Monkey Gong|Encore
|-sideend|p2: Its last min|move: Tailwind
|upkeep
|turn|9
|
|t:|1756858594
|move|p2a: Whimsicott|Encore|p1a: Monkey Gong
|-start|p1a: Monkey Gong|Encore
|move|p1a: Monkey Gong|Grassy Glide|p2a: Whimsicott
|-resisted|p2a: Whimsicott
|-damage|p2a: Whimsicott|82/100
|move|p2b: Rillaboom|Wood Hammer|p1a: Monkey Gong
|-resisted|p1a: Monkey Gong
|-crit|p1a: Monkey Gong
|-damage|p1a: Monkey Gong|5/100
|-damage|p2b: Rillaboom|81/100|[from] Recoil
|
|-heal|p2a: Whimsicott|88/100|[from] Grassy Terrain
|-heal|p1a: Monkey Gong|11/100|[from] Grassy Terrain
|-heal|p2b: Rillaboom|87/100|[from] Grassy Terrain
|upkeep
|turn|10
|
|t:|1756858603
|move|p1a: Monkey Gong|Grassy Glide|p2a: Whimsicott
|-resisted|p2a: Whimsicott
|-damage|p2a: Whimsicott|71/100
|move|p2a: Whimsicott|Moonblast|p1a: Monkey Gong
|-damage|p1a: Monkey Gong|0 fnt
|faint|p1a: Monkey Gong
|
|win|Its last min
||Its last min is ready for game 2.
|inactive|SlowHomie has 30 seconds to confirm battle start!
|inactive|SlowHomie has 20 seconds to confirm battle start!
|inactive|SlowHomie has 10 seconds to confirm battle start!
||SlowHomie is ready for game 2.
|uhtml|next|Next: Game 2 of 3
|l|☆Its last min
|player|p2|
