|j|☆testdigi
|j|☆panijc
|html|testdigipanijc    
|uhtml|bestof|Game 1 of a best-of-3
|t:|1785779384
|gametype|doubles
|player|p1|testdigi|266|1271
|player|p2|panijc|266|1220
|gen|9
|tier|[Gen 9 Champions] VGC 2026 Reg M-B (Bo3)
|rated|
|rule|Species Clause: Limit one of each Pokémon
|rule|Item Clause: Limit 1 of each item
|clearpoke
|poke|p1|Tyranitar, L50, F|
|poke|p1|Excadrill, L50, F|
|poke|p1|Milotic, L50, F|
|poke|p1|Sinistcha, L50|
|poke|p1|Staraptor, L50, F|
|poke|p1|Gholdengo, L50|
|poke|p2|Raichu, L50, F|
|poke|p2|Mamoswine, L50, M|
|poke|p2|Sylveon, L50, F|
|poke|p2|Incineroar, L50, M|
|poke|p2|Basculegion, L50, M|
|poke|p2|Whimsicott, L50, F|
|teampreview|4
|showteam|p1|Tyranitar||Tyranitarite|SandStream|RockSlide,LowKick,KnockOff,Protect|Jolly||F|||50|]Excadrill||FocusSash|SandRush|RockSlide,IronHead,HighHorsepower,Protect|Jolly||F|||50|]Milotic||SitrusBerry|Competitive|Scald,IceBeam,IcyWind,Protect|Calm||F|||50|]Sinistcha||ColburBerry|Hospitality|MatchaGotcha,RagePowder,ShadowBall,TrickRoom|Sassy|||||50|]Staraptor||Staraptite|Intimidate|BraveBird,Tailwind,CloseCombat,Protect|Jolly||F|||50|]Gholdengo||LifeOrb|GoodasGold|MakeItRain,ShadowBall,NastyPlot,Protect|Modest|||||50|
|showteam|p2|Raichu||RaichuniteY|LightningRod|ZapCannon,FocusBlast,FakeOut,Protect|Timid||F|||50|]Mamoswine||LifeOrb|Oblivious|IcicleCrash,HighHorsepower,IceShard,Protect|Adamant||M|||50|]Sylveon||FairyFeather|Pixilate|HyperVoice,HyperBeam,Detect,Yawn|Modest||F|||50|]Incineroar||SitrusBerry|Intimidate|ThroatChop,FlareBlitz,FakeOut,PartingShot|Impish||M|||50|]Basculegion||MysticWater|Adaptability|WaveCrash,LastRespects,AquaJet,Protect|Adamant||M|||50|]Whimsicott||FocusSash|Prankster|Moonblast,Tailwind,Protect,Encore|Timid||F|||50|
|inactive|Battle timer is ON: inactive players will automatically lose when time's up. (requested by panijc)
|
|t:|1785779437
|teamsize|p1|4
|teamsize|p2|4
|start
|switch|p1a: Staraptor|Staraptor, L50, F|100/100
|switch|p1b: Milotic|Milotic, L50, F|100/100
|switch|p2a: Basculegion|Basculegion, L50, M|100/100
|switch|p2b: Mamoswine|Mamoswine, L50, M|100/100
|-ability|p1a: Staraptor|Intimidate|boost
|-unboost|p2a: Basculegion|atk|1
|-fail|p2b: Mamoswine|unboost|Attack|[from] ability: Oblivious|[of] p2b: Mamoswine
|turn|1
|inactive|panijc has 30 seconds left.
|
|t:|1785779469
|detailschange|p1a: Staraptor|Staraptor-Mega, L50, F
|-mega|p1a: Staraptor|Staraptor|Staraptite
|move|p1a: Staraptor|Protect|p1a: Staraptor
|-singleturn|p1a: Staraptor|Protect
|move|p2b: Mamoswine|Ice Shard|p1a: Staraptor
|-activate|p1a: Staraptor|move: Protect
|move|p2a: Basculegion|Wave Crash|p1a: Staraptor
|-activate|p1a: Staraptor|move: Protect
|move|p1b: Milotic|Icy Wind|p2a: Basculegion|[spread] p2a,p2b
|-resisted|p2a: Basculegion|1
|-damage|p2a: Basculegion|94/100
|-damage|p2b: Mamoswine|85/100
|-unboost|p2a: Basculegion|spe|1
|-unboost|p2b: Mamoswine|spe|1
|
|upkeep
|turn|2
|inactive|testdigi has 30 seconds left.
|
|t:|1785779496
|switch|p1a: Sinistcha|Sinistcha, L50|100/100
|move|p2b: Mamoswine|Ice Shard|p1a: Sinistcha
|-supereffective|p1a: Sinistcha|1
|-damage|p1a: Sinistcha|45/100
|-damage|p2b: Mamoswine|75/100|[from] item: Life Orb
|move|p1b: Milotic|Scald|p2b: Mamoswine
|-supereffective|p2b: Mamoswine|1
|-damage|p2b: Mamoswine|0 fnt
|faint|p2b: Mamoswine
|move|p2a: Basculegion|Wave Crash|p1a: Sinistcha
|-resisted|p1a: Sinistcha|1
|-damage|p1a: Sinistcha|21/100
|-damage|p2a: Basculegion|87/100|[from] Recoil
|
|upkeep
|
|t:|1785779510
|switch|p2b: Raichu|Raichu, L50, F|100/100
|turn|3
|inactive|testdigi has 30 seconds left.
|
|t:|1785779537
|detailschange|p2b: Raichu|Raichu-Mega-Y, L50, F
|-mega|p2b: Raichu|Raichu|Raichunite Y
|move|p1b: Milotic|Protect|p1b: Milotic
|-singleturn|p1b: Milotic|Protect
|move|p2b: Raichu|Fake Out|p1b: Milotic
|-activate|p1b: Milotic|move: Protect
|move|p1a: Sinistcha|Matcha Gotcha|p2a: Basculegion|[spread] p2a,p2b
|-supereffective|p2a: Basculegion|1
|-damage|p2a: Basculegion|43/100
|-heal|p1a: Sinistcha|47/100|[from] drain|[of] p2a: Basculegion
|-damage|p2b: Raichu|64/100
|-heal|p1a: Sinistcha|61/100|[from] drain|[of] p2b: Raichu
|move|p2a: Basculegion|Last Respects|p1a: Sinistcha
|-supereffective|p1a: Sinistcha|1
|-damage|p1a: Sinistcha|0 fnt
|faint|p1a: Sinistcha
|
|upkeep
|
|t:|1785779545
|switch|p1a: Excadrill|Excadrill, L50, F|100/100
|turn|4
|
|t:|1785779561
|move|p2a: Basculegion|Aqua Jet|p1a: Excadrill
|-supereffective|p1a: Excadrill|1
|-damage|p1a: Excadrill|35/100
|move|p2b: Raichu|Zap Cannon|p1b: Milotic
|-supereffective|p1b: Milotic|1
|-damage|p1b: Milotic|1/100
|-status|p1b: Milotic|par
|-enditem|p1b: Milotic|Sitrus Berry|[eat]
|-heal|p1b: Milotic|25/100 par|[from] item: Sitrus Berry
|move|p1a: Excadrill|High Horsepower|p2b: Raichu
|-supereffective|p2b: Raichu|1
|-damage|p2b: Raichu|0 fnt
|faint|p2b: Raichu
|move|p1b: Milotic|Icy Wind|p2a: Basculegion
|-resisted|p2a: Basculegion|1
|-damage|p2a: Basculegion|36/100
|-unboost|p2a: Basculegion|spe|1
|
|upkeep
|
|t:|1785779578
|switch|p2b: Whimsicott|Whimsicott, L50, F|100/100
|turn|5
|
|t:|1785779591
|move|p2a: Basculegion|Aqua Jet|p1a: Excadrill
|-supereffective|p1a: Excadrill|1
|-damage|p1a: Excadrill|0 fnt
|faint|p1a: Excadrill
|move|p2b: Whimsicott|Moonblast|p1b: Milotic
|-damage|p1b: Milotic|1/100 par
|move|p1b: Milotic|Icy Wind|p2a: Basculegion|[spread] p2a,p2b
|-resisted|p2a: Basculegion|1
|-supereffective|p2b: Whimsicott|1
|-damage|p2a: Basculegion|30/100
|-damage|p2b: Whimsicott|62/100
|-unboost|p2a: Basculegion|spe|1
|-unboost|p2b: Whimsicott|spe|1
|
|upkeep
|
|t:|1785779594
|switch|p1a: Staraptor|Staraptor-Mega, L50, F|100/100
|turn|6
|
|t:|1785779611
|move|p1a: Staraptor|Brave Bird|p2b: Whimsicott
|-supereffective|p2b: Whimsicott|1
|-damage|p2b: Whimsicott|0 fnt
|faint|p2b: Whimsicott
|-damage|p1a: Staraptor|85/100|[from] Recoil
|move|p1b: Milotic|Scald|p2a: Basculegion
|-resisted|p2a: Basculegion|1
|-damage|p2a: Basculegion|15/100
|move|p2a: Basculegion|Last Respects|p1a: Staraptor
|-damage|p1a: Staraptor|7/100
|
|upkeep
|turn|7
|
|t:|1785779627
|move|p2a: Basculegion|Aqua Jet|p1a: Staraptor
|-damage|p1a: Staraptor|0 fnt
|faint|p1a: Staraptor
|move|p1b: Milotic|Scald|p2a: Basculegion
|-resisted|p2a: Basculegion|1
|-damage|p2a: Basculegion|0 fnt
|faint|p2a: Basculegion
|
|win|testdigi
||testdigi is ready for game 2.
||panijc is ready for game 2.
|uhtml|next|Next: Game 2 of 3
|l|☆testdigi
|player|p1|
