|j|☆yoshino1906
|j|☆beeetch
|html|yoshino1906beeetch    
|uhtml|bestof|Game 2 of a best-of-3
|t:|1755693248
|gametype|doubles
|player|p1|yoshino1906|1|1212
|player|p2|beeetch|beauty-gen4dp|1337
|gen|9
|tier|[Gen 9] VGC 2025 Reg H (Bo3)
|rated|
|rule|Species Clause: Limit one of each Pokémon
|rule|Item Clause: Limit 1 of each item
|clearpoke
|poke|p1|Incineroar, L50, F|
|poke|p1|Porygon2, L50|
|poke|p1|Ursaluna, L50, F|
|poke|p1|Hatterene, L50, F|
|poke|p1|Torkoal, L50, F|
|poke|p1|Garganacl, L50, M|
|poke|p2|Toedscruel, L50, F|
|poke|p2|Weezing-Galar, L50, M|
|poke|p2|Corviknight, L50, M|
|poke|p2|Pawmot, L50, F|
|poke|p2|Garchomp, L50, F|
|poke|p2|Typhlosion-Hisui, L50, F|
|teampreview|4
|showteam|p1|Incineroar||SafetyGoggles|Intimidate|FlareBlitz,KnockOff,PartingShot,FakeOut|||F|||50|,,,,,Ghost]Porygon2||Eviolite|Download|TeraBlast,IceBeam,Recover,TrickRoom||||||50|,,,,,Fighting]Ursaluna||FlameOrb|Guts|Facade,HeadlongRush,ShadowClaw,Protect|||F|||50|,,,,,Ghost]Hatterene||LifeOrb|MagicBounce|ExpandingForce,DazzlingGleam,TrickRoom,Protect|||F|||50|,,,,,Fire]Torkoal||Charcoal|Drought|Eruption,HeatWave,ClearSmog,Protect|||F|||50|,,,,,Fire]Garganacl||Leftovers|PurifyingSalt|SaltCure,Recover,WideGuard,Protect|||M|||50|,,,,,Ghost
|showteam|p2|Toedscruel||CovertCloak|MyceliumMight|Spore,EarthPower,AcidSpray,RagePowder|||F|||50|,,,,,Water]Weezing-Galar||ChoiceSpecs|NeutralizingGas|DazzlingGleam,SludgeBomb,StrangeSteam,Flamethrower|||M|||50|,,,,,Fire]Corviknight||SitrusBerry|MirrorArmor|Protect,Tailwind,Roost,BraveBird|||M|||50|,,,,,Dragon]Pawmot||FocusSash|NaturalCure|Protect,CloseCombat,DoubleShock,FakeOut|||F|||50|,,,,,Electric]Garchomp||LifeOrb|RoughSkin|Protect,Earthquake,DragonClaw,StompingTantrum|||F|||50|,,,,,Ground]Typhlosion-Hisui||ChoiceScarf|Blaze|Eruption,SleepTalk,HeatWave,ShadowBall|||F|||50|,,,,,Fire
|inactive|Battle timer is ON: inactive players will automatically lose when time's up. (requested by yoshino1906)
|
|t:|1755693259
|teamsize|p1|4
|teamsize|p2|4
|start
|switch|p1a: Incineroar|Incineroar, L50, F, shiny|100/100
|switch|p1b: Porygon2|Porygon2, L50, shiny|100/100
|switch|p2a: Weezing|Weezing-Galar, L50, M|100/100
|switch|p2b: Toedscruel|Toedscruel, L50, F|100/100
|-ability|p2a: Weezing|Neutralizing Gas
|turn|1
|
|t:|1755693279
|-terastallize|p2b: Toedscruel|Water
|move|p2b: Toedscruel|Spore|p1b: Porygon2
|-status|p1b: Porygon2|slp|[from] move: Spore
|move|p2a: Weezing|Dazzling Gleam|p1b: Porygon2|[spread] p1a,p1b
|-damage|p1a: Incineroar|72/100
|-damage|p1b: Porygon2|80/100 slp
|move|p1a: Incineroar|Knock Off|p2b: Toedscruel
|-damage|p2b: Toedscruel|55/100
|-enditem|p2b: Toedscruel|Covert Cloak|[from] move: Knock Off|[of] p1a: Incineroar
|cant|p1b: Porygon2|slp
|
|upkeep
|turn|2
|
|t:|1755693294
|-terastallize|p1a: Incineroar|Ghost
|move|p2b: Toedscruel|Acid Spray|p1b: Porygon2
|-damage|p1b: Porygon2|74/100 slp
|-unboost|p1b: Porygon2|spd|2
|move|p2a: Weezing|Dazzling Gleam|p1a: Incineroar|[spread] p1a,p1b
|-damage|p1a: Incineroar|44/100
|-damage|p1b: Porygon2|36/100 slp
|move|p1a: Incineroar|Parting Shot|p2b: Toedscruel
|-unboost|p2b: Toedscruel|atk|1
|-unboost|p2b: Toedscruel|spa|1
|
|t:|1755693299
|switch|p1a: Garganacl|Garganacl, L50, M|100/100|[from] Parting Shot
|-curestatus|p1b: Porygon2|slp|[msg]
|move|p1b: Porygon2|Trick Room|p1b: Porygon2
|-fieldstart|move: Trick Room|[of] p1b: Porygon2
|
|upkeep
|turn|3
|
|t:|1755693314
|switch|p1b: Incineroar|Incineroar, L50, F, shiny, tera:Ghost|44/100
|move|p1a: Garganacl|Salt Cure|p2b: Toedscruel
|-damage|p2b: Toedscruel|35/100
|-start|p2b: Toedscruel|Salt Cure
|move|p2a: Weezing|Dazzling Gleam|p1a: Garganacl|[spread] p1a,p1b
|-damage|p1a: Garganacl|71/100
|-damage|p1b: Incineroar|12/100
|move|p2b: Toedscruel|Spore|p1b: Incineroar
|-activate|p1b: Incineroar|item: Safety Goggles|Spore
|
|-heal|p1a: Garganacl|77/100|[from] item: Leftovers
|-damage|p2b: Toedscruel|10/100|[from] Salt Cure
|upkeep
|turn|4
|
|t:|1755693321
|switch|p2b: Corviknight|Corviknight, L50, M|100/100
|move|p1b: Incineroar|Fake Out|p2a: Weezing
|-damage|p2a: Weezing|90/100
|move|p1a: Garganacl|Salt Cure|p2a: Weezing
|-damage|p2a: Weezing|76/100
|-start|p2a: Weezing|Salt Cure
|cant|p2a: Weezing|flinch
|
|-heal|p1a: Garganacl|83/100|[from] item: Leftovers
|-damage|p2a: Weezing|64/100|[from] Salt Cure
|upkeep
|turn|5
|
|t:|1755693346
|move|p1a: Garganacl|Salt Cure|p2b: Corviknight
|-damage|p2b: Corviknight|89/100
|-start|p2b: Corviknight|Salt Cure
|move|p1b: Incineroar|Parting Shot|p2a: Weezing
|-unboost|p2a: Weezing|atk|1
|-unboost|p2a: Weezing|spa|1
|
|t:|1755693352
|switch|p1b: Porygon2|Porygon2, L50, shiny|36/100|[from] Parting Shot
|move|p2a: Weezing|Dazzling Gleam|p1a: Garganacl|[spread] p1a,p1b
|-damage|p1a: Garganacl|62/100
|-damage|p1b: Porygon2|23/100
|move|p2b: Corviknight|Brave Bird|p1b: Porygon2
|-damage|p1b: Porygon2|0 fnt
|faint|p1b: Porygon2
|-damage|p2b: Corviknight|82/100|[from] Recoil
|
|-heal|p1a: Garganacl|68/100|[from] item: Leftovers
|-damage|p2a: Weezing|51/100|[from] Salt Cure
|-damage|p2b: Corviknight|57/100|[from] Salt Cure
|upkeep
|
|t:|1755693354
|switch|p1b: Hatterene|Hatterene, L50, F|100/100
|turn|6
|inactive|beeetch has 30 seconds left.
|
|t:|1755693384
|move|p2b: Corviknight|Protect|p2b: Corviknight
|-singleturn|p2b: Corviknight|Protect
|move|p1b: Hatterene|Expanding Force|p2b: Corviknight
|-activate|p2b: Corviknight|move: Protect
|move|p1a: Garganacl|Recover|p1a: Garganacl
|-heal|p1a: Garganacl|100/100
|move|p2a: Weezing|Dazzling Gleam|p1a: Garganacl|[spread] p1a,p1b
|-damage|p1a: Garganacl|79/100
|-damage|p1b: Hatterene|77/100
|
|-heal|p1a: Garganacl|85/100|[from] item: Leftovers
|-damage|p2a: Weezing|39/100|[from] Salt Cure
|-damage|p2b: Corviknight|32/100|[from] Salt Cure
|-fieldend|move: Trick Room
|upkeep
|-enditem|p2b: Corviknight|Sitrus Berry|[eat]
|-heal|p2b: Corviknight|57/100|[from] item: Sitrus Berry
|turn|7
|
|t:|1755693400
|move|p2b: Corviknight|Brave Bird|p1b: Hatterene
|-damage|p1b: Hatterene|23/100
|-damage|p2b: Corviknight|43/100|[from] Recoil
|move|p2a: Weezing|Dazzling Gleam|p1b: Hatterene|[spread] p1a,p1b
|-damage|p1a: Garganacl|64/100
|-damage|p1b: Hatterene|0 fnt
|faint|p1b: Hatterene
|move|p1a: Garganacl|Salt Cure|p2b: Corviknight
|-damage|p2b: Corviknight|31/100
|
|-heal|p1a: Garganacl|70/100|[from] item: Leftovers
|-damage|p2b: Corviknight|6/100|[from] Salt Cure
|-damage|p2a: Weezing|27/100|[from] Salt Cure
|upkeep
|
|t:|1755693404
|switch|p1b: Incineroar|Incineroar, L50, F, shiny, tera:Ghost|12/100
|turn|8
|
|t:|1755693414
|move|p1b: Incineroar|Fake Out|p2a: Weezing
|-damage|p2a: Weezing|17/100
|move|p2b: Corviknight|Roost|p2b: Corviknight
|-heal|p2b: Corviknight|56/100
|-singleturn|p2b: Corviknight|move: Roost
|cant|p2a: Weezing|flinch
|move|p1a: Garganacl|Salt Cure|p2a: Weezing
|-damage|p2a: Weezing|2/100
|
|-heal|p1a: Garganacl|75/100|[from] item: Leftovers
|-damage|p2b: Corviknight|31/100|[from] Salt Cure
|-damage|p2a: Weezing|0 fnt|[from] Salt Cure
|faint|p2a: Weezing
|-end|p2a: Weezing|ability: Neutralizing Gas
|-ability|p1b: Incineroar|Intimidate|boost
|-ability|p2b: Corviknight|Mirror Armor
|-unboost|p1b: Incineroar|atk|1
|upkeep
|
|t:|1755693422
|switch|p2a: Garchomp|Garchomp, L50, F|100/100
|turn|9
|
|t:|1755693428
|move|p2a: Garchomp|Dragon Claw|p1b: Incineroar
|-damage|p1b: Incineroar|0 fnt
|faint|p1b: Incineroar
|-damage|p2a: Garchomp|91/100|[from] item: Life Orb
|move|p2b: Corviknight|Roost|p2b: Corviknight
|-heal|p2b: Corviknight|81/100
|-singleturn|p2b: Corviknight|move: Roost
|move|p1a: Garganacl|Salt Cure|p2a: Garchomp
|-resisted|p2a: Garchomp
|-damage|p2a: Garchomp|83/100
|-start|p2a: Garchomp|Salt Cure
|
|-heal|p1a: Garganacl|81/100|[from] item: Leftovers
|-damage|p2a: Garchomp|71/100|[from] Salt Cure
|-damage|p2b: Corviknight|57/100|[from] Salt Cure
|upkeep
|turn|10
|
|t:|1755693443
|switch|p2b: Toedscruel|Toedscruel, L50, F, tera:Water|10/100
|move|p2a: Garchomp|Stomping Tantrum|p1a: Garganacl
|-supereffective|p1a: Garganacl
|-damage|p1a: Garganacl|25/100
|-damage|p2a: Garchomp|61/100|[from] item: Life Orb
|move|p1a: Garganacl|Recover|p1a: Garganacl
|-heal|p1a: Garganacl|75/100
|
|-heal|p1a: Garganacl|81/100|[from] item: Leftovers
|-damage|p2a: Garchomp|48/100|[from] Salt Cure
|upkeep
|turn|11
|
|t:|1755693456
|switch|p2a: Corviknight|Corviknight, L50, M|57/100
|move|p2b: Toedscruel|Earth Power|p1a: Garganacl
|-supereffective|p1a: Garganacl
|-damage|p1a: Garganacl|37/100
|move|p1a: Garganacl|Salt Cure|p2b: Toedscruel
|-damage|p2b: Toedscruel|0 fnt
|faint|p2b: Toedscruel
|
|-heal|p1a: Garganacl|43/100|[from] item: Leftovers
|upkeep
|
|t:|1755693464
|switch|p2b: Garchomp|Garchomp, L50, F|48/100
|turn|12
|-message|yoshino1906 forfeited.
|
|win|beeetch
|raw|yoshino1906's rating: 1212 → 1196(-16 for losing)
|raw|beeetch's rating: 1337 → 1350(+13 for winning)
|l|☆yoshino1906
|player|p1|
