|j|☆CaldoDePatas
|j|☆chocokoala vgc
|html|CaldoDePataschocokoala vgc    
|uhtml|bestof|Game 1 of a best-of-3
|t:|1785089683
|gametype|doubles
|player|p1|CaldoDePatas|sage|1144
|player|p2|chocokoala vgc|benga|1222
|gen|9
|tier|[Gen 9 Champions] VGC 2026 Reg M-B (Bo3)
|rated|
|rule|Species Clause: Limit one of each Pokémon
|rule|Item Clause: Limit 1 of each item
|clearpoke
|poke|p1|Dragonite, L50, F|
|poke|p1|Whimsicott, L50, M, shiny|
|poke|p1|Kingambit, L50, F|
|poke|p1|Incineroar, L50, F|
|poke|p1|Basculegion, L50, M|
|poke|p1|Tsareena, L50, F|
|poke|p2|Scovillain, L50, F|
|poke|p2|Primarina, L50, F|
|poke|p2|Aerodactyl, L50, M|
|poke|p2|Garchomp, L50, M|
|poke|p2|Gholdengo, L50|
|poke|p2|Grimmsnarl, L50, M|
|teampreview|4
|showteam|p1|Dragonite||Dragoninite|Multiscale|DragonPulse,Thunderbolt,ExtremeSpeed,Protect|Quiet||F|||50|]Whimsicott||FairyFeather|Prankster|Moonblast,Encore,Protect,Tailwind|Modest||M|||50|]Kingambit||OccaBerry|Defiant|KowtowCleave,SuckerPunch,IronHead,Protect|Brave||F|||50|]Incineroar||SitrusBerry|Intimidate|FlareBlitz,FakeOut,PartingShot,ThroatChop|Relaxed||F|||50|]Basculegion||ChoiceScarf|Adaptability|WaveCrash,LastRespects,AquaJet,FlipTurn|Adamant||M|||50|]Tsareena||FocusSash|QueenlyMajesty|TropKick,LowSweep,HelpingHand,Protect|Adamant||F|||50|
|showteam|p2|Scovillain||Scovillainite|Moody|Flamethrower,GigaDrain,Protect,RagePowder|Bold||F|||50|]Primarina||Leftovers|LiquidVoice|HyperVoice,Moonblast,Protect,CalmMind|Modest||F|||50|]Aerodactyl||Aerodactylite|Unnerve|RockSlide,DualWingbeat,Protect,Tailwind|Jolly||M|||50|]Garchomp||SoftSand|RoughSkin|Earthquake,StompingTantrum,Protect,DragonClaw|Jolly||M|||50|]Gholdengo||LifeOrb|GoodasGold|MakeItRain,ShadowBall,Protect,NastyPlot|Modest|||||50|]Grimmsnarl||LightClay|Prankster|LightScreen,Reflect,FakeOut,FoulPlay|Sassy||M|||50|
|inactive|Battle timer is ON: inactive players will automatically lose when time's up. (requested by chocokoala vgc)
|inactive|CaldoDePatas has 60 seconds left.
|inactive|chocokoala vgc has 60 seconds left.
|inactive|chocokoala vgc has 30 seconds left.
|l|☆CaldoDePatas
|inactive|CaldoDePatas disconnected and has a minute to reconnect!
|player|p1|
|inactive|chocokoala vgc has 20 seconds left.
|j|☆CaldoDePatas
|inactive|CaldoDePatas reconnected.
|player|p1|CaldoDePatas|sage|
|inactive|chocokoala vgc has 15 seconds left.
|inactive|chocokoala vgc has 10 seconds left.
|
|t:|1785089768
|teamsize|p1|4
|teamsize|p2|4
|start
|switch|p1a: Whimsicott|Whimsicott, L50, M, shiny|100/100
|switch|p1b: Incineroar|Incineroar, L50, F|100/100
|switch|p2a: Aerodactyl|Aerodactyl, L50, M|100/100
|switch|p2b: Gholdengo|Gholdengo, L50|100/100
|-ability|p2a: Aerodactyl|Unnerve
|-ability|p1b: Incineroar|Intimidate|boost
|-unboost|p2a: Aerodactyl|atk|1
|-unboost|p2b: Gholdengo|atk|1
|turn|1
|inactive|CaldoDePatas has 30 seconds left.
|inactive|chocokoala vgc has 30 seconds left.
|inactive|CaldoDePatas has 20 seconds left.
|inactive|chocokoala vgc has 20 seconds left.
|inactive|CaldoDePatas has 15 seconds left.
|inactive|CaldoDePatas has 10 seconds left.
|
|t:|1785089815
|switch|p2b: Primarina|Primarina, L50, F|100/100
|detailschange|p2a: Aerodactyl|Aerodactyl-Mega, L50, M
|-mega|p2a: Aerodactyl|Aerodactyl|Aerodactylite
|move|p1a: Whimsicott|Protect|p1a: Whimsicott
|-singleturn|p1a: Whimsicott|Protect
|move|p2a: Aerodactyl|Dual Wingbeat|p1a: Whimsicott
|-activate|p1a: Whimsicott|move: Protect
|move|p1b: Incineroar|Flare Blitz|p2b: Primarina
|-resisted|p2b: Primarina|1
|-damage|p2b: Primarina|69/100
|-damage|p1b: Incineroar|91/100|[from] Recoil
|
|-heal|p2b: Primarina|75/100|[from] item: Leftovers
|upkeep
|turn|2
|inactive|CaldoDePatas has 30 seconds left.
|inactive|chocokoala vgc has 30 seconds left.
|inactive|CaldoDePatas has 20 seconds left.
|inactive|chocokoala vgc has 20 seconds left.
|inactive|CaldoDePatas has 15 seconds left.
|inactive|CaldoDePatas has 10 seconds left.
|
|t:|1785089860
|move|p1a: Whimsicott|Encore|p2a: Aerodactyl
|-start|p2a: Aerodactyl|Encore
|move|p2a: Aerodactyl|Dual Wingbeat|p1a: Whimsicott|[miss]
|-miss|p2a: Aerodactyl|p1a: Whimsicott
|move|p2b: Primarina|Calm Mind|p2b: Primarina
|-boost|p2b: Primarina|spa|1
|-boost|p2b: Primarina|spd|1
|move|p1b: Incineroar|Parting Shot|p2b: Primarina
|-unboost|p2b: Primarina|atk|1
|-unboost|p2b: Primarina|spa|1
|
|t:|1785089868
|switch|p1b: Basculegion|Basculegion, L50, M|100/100|[from] Parting Shot
|
|-heal|p2b: Primarina|80/100|[from] item: Leftovers
|upkeep
|turn|3
|inactive|chocokoala vgc has 30 seconds left.
|inactive|chocokoala vgc has 20 seconds left.
|inactive|chocokoala vgc has 15 seconds left.
|inactive|chocokoala vgc has 10 seconds left.
|inactive|chocokoala vgc has 5 seconds left.
|
|t:|1785089920
|switch|p2a: Garchomp|Garchomp, L50, M|100/100
|move|p1a: Whimsicott|Tailwind|p1a: Whimsicott
|-sidestart|p1: CaldoDePatas|move: Tailwind
|move|p1b: Basculegion|Wave Crash|p2a: Garchomp
|-damage|p2a: Garchomp|11/100
|-damage|p1b: Basculegion|87/100|[from] ability: Rough Skin|[of] p2a: Garchomp
|-damage|p1b: Basculegion|60/100|[from] Recoil
|move|p2b: Primarina|Moonblast|p1b: Basculegion
|-damage|p1b: Basculegion|6/100
|-unboost|p1b: Basculegion|spa|1
|
|-heal|p2b: Primarina|86/100|[from] item: Leftovers
|upkeep
|turn|4
|inactive|chocokoala vgc has 30 seconds left.
|inactive|chocokoala vgc has 20 seconds left.
|inactive|chocokoala vgc has 15 seconds left.
|
|t:|1785089963
|switch|p1b: Incineroar|Incineroar, L50, F|91/100
|-ability|p1b: Incineroar|Intimidate|boost
|-unboost|p2a: Garchomp|atk|1
|-unboost|p2b: Primarina|atk|1
|move|p1a: Whimsicott|Moonblast|p2a: Garchomp
|-supereffective|p2a: Garchomp|1
|-damage|p2a: Garchomp|0 fnt
|faint|p2a: Garchomp
|move|p2b: Primarina|Moonblast|p1a: Whimsicott
|-damage|p1a: Whimsicott|34/100
|
|-heal|p2b: Primarina|92/100|[from] item: Leftovers
|upkeep
|
|t:|1785089976
|switch|p2a: Aerodactyl|Aerodactyl-Mega, L50, M|100/100
|turn|5
|inactive|CaldoDePatas has 30 seconds left.
|
|t:|1785090010
|move|p1b: Incineroar|Fake Out|p2a: Aerodactyl
|-resisted|p2a: Aerodactyl|1
|-damage|p2a: Aerodactyl|92/100
|move|p1a: Whimsicott|Moonblast|p2a: Aerodactyl
|-damage|p2a: Aerodactyl|36/100
|cant|p2a: Aerodactyl|flinch
|move|p2b: Primarina|Moonblast|p1a: Whimsicott
|-damage|p1a: Whimsicott|0 fnt
|faint|p1a: Whimsicott
|
|-heal|p2b: Primarina|98/100|[from] item: Leftovers
|upkeep
|
|t:|1785090018
|switch|p1a: Basculegion|Basculegion, L50, M|6/100
|turn|6
|inactive|CaldoDePatas has 30 seconds left.
|inactive|chocokoala vgc has 30 seconds left.
|inactive|CaldoDePatas has 20 seconds left.
|
|t:|1785090053
|move|p2a: Aerodactyl|Protect|p2a: Aerodactyl
|-singleturn|p2a: Aerodactyl|Protect
|move|p2b: Primarina|Protect|p2b: Primarina
|-singleturn|p2b: Primarina|Protect
|move|p1a: Basculegion|Flip Turn|p2a: Aerodactyl
|-activate|p2a: Aerodactyl|move: Protect
|move|p1b: Incineroar|Parting Shot|p2b: Primarina
|-activate|p2b: Primarina|move: Protect
|
|-heal|p2b: Primarina|100/100|[from] item: Leftovers
|-sideend|p1: CaldoDePatas|move: Tailwind
|upkeep
|turn|7
|inactive|chocokoala vgc has 30 seconds left.
|
|t:|1785090082
|switch|p1a: Dragonite|Dragonite, L50, F|100/100
|move|p2a: Aerodactyl|Rock Slide|p1a: Dragonite|[spread] p1a
|-miss|p2a: Aerodactyl|p1b: Incineroar
|-supereffective|p1a: Dragonite|1
|-crit|p1a: Dragonite
|-damage|p1a: Dragonite|56/100
|move|p2b: Primarina|Hyper Voice|p1b: Incineroar|[spread] p1a,p1b
|-resisted|p1a: Dragonite|1
|-supereffective|p1b: Incineroar|1
|-damage|p1a: Dragonite|42/100
|-damage|p1b: Incineroar|30/100
|-enditem|p1b: Incineroar|Sitrus Berry|[eat]
|-heal|p1b: Incineroar|55/100|[from] item: Sitrus Berry
|move|p1b: Incineroar|Throat Chop|p2a: Aerodactyl
|-damage|p2a: Aerodactyl|0 fnt
|faint|p2a: Aerodactyl
|
|upkeep
|
|t:|1785090102
|switch|p2a: Gholdengo|Gholdengo, L50|100/100
|turn|8
|inactive|CaldoDePatas has 30 seconds left.
|inactive|chocokoala vgc has 30 seconds left.
|inactive|CaldoDePatas has 20 seconds left.
|inactive|CaldoDePatas has 15 seconds left.
|inactive|CaldoDePatas has 10 seconds left.
|inactive|CaldoDePatas has 5 seconds left.
|
|t:|1785090154
|move|p1a: Dragonite|Protect|p1a: Dragonite
|-singleturn|p1a: Dragonite|Protect
|move|p2a: Gholdengo|Shadow Ball|p1a: Dragonite
|-activate|p1a: Dragonite|move: Protect
|move|p2b: Primarina|Hyper Voice|p1b: Incineroar|[spread] p1b
|-activate|p1a: Dragonite|move: Protect
|-supereffective|p1b: Incineroar|1
|-damage|p1b: Incineroar|0 fnt
|faint|p1b: Incineroar
|
|upkeep
|
|t:|1785090161
|switch|p1b: Basculegion|Basculegion, L50, M|6/100
|turn|9
|inactive|chocokoala vgc has 30 seconds left.
|inactive|chocokoala vgc has 20 seconds left.
|inactive|chocokoala vgc has 15 seconds left.
|
|t:|1785090204
|detailschange|p1a: Dragonite|Dragonite-Mega, L50, F
|-mega|p1a: Dragonite|Dragonite|Dragoninite
|move|p1b: Basculegion|Last Respects|p2b: Primarina
|-damage|p2b: Primarina|0 fnt
|faint|p2b: Primarina
|move|p2a: Gholdengo|Make It Rain|p1b: Basculegion|[spread] p1a,p1b
|-resisted|p1b: Basculegion|1
|-damage|p1a: Dragonite|0 fnt
|-damage|p1b: Basculegion|0 fnt
|-unboost|p2a: Gholdengo|spa|2
|faint|p1a: Dragonite
|faint|p1b: Basculegion
|-damage|p2a: Gholdengo|90/100|[from] item: Life Orb
|
|win|chocokoala vgc
