|j|☆Chatter Mane
|j|☆OceanicGamer
|html|Chatter ManeOceanicGamer    
|uhtml|bestof|Game 2 of a best-of-3
|t:|1783198920
|gametype|doubles
|player|p1|Chatter Mane|zinnia|
|player|p2|OceanicGamer|#agwliiikyogres|
|gen|9
|tier|[Gen 9 Champions] VGC 2026 Reg M-B (Bo3)
|rule|Species Clause: Limit one of each Pokémon
|rule|Item Clause: Limit 1 of each item
|clearpoke
|poke|p1|Froslass, L50, F, shiny|
|poke|p1|Scovillain, L50, F, shiny|
|poke|p1|Rotom-Wash, L50, shiny|
|poke|p1|Glimmora, L50, M, shiny|
|poke|p1|Aegislash, L50, M, shiny|
|poke|p1|Kommo-o, L50, F|
|poke|p2|Tyranitar, L50, M, shiny|
|poke|p2|Excadrill, L50, M, shiny|
|poke|p2|Talonflame, L50, M, shiny|
|poke|p2|Rotom-Mow, L50, shiny|
|poke|p2|Tinkaton, L50, F|
|poke|p2|Samurott-Hisui, L50, M|
|teampreview|4
|showteam|p1|Froslass||Froslassite|CursedBody|Blizzard,ShadowBall,AuroraVeil,Protect|Modest||F|||50|]Scovillain||Scovillainite|Moody|Overheat,GigaDrain,RagePowder,Protect|Calm||F|||50|]Rotom-Wash||ChoiceScarf|Levitate|HydroPump,Thunderbolt,Electroweb,Trick|Timid|||||50|]Glimmora||FocusSash|ToxicDebris|SludgeBomb,PowerGem,EarthPower,SpikyShield|Modest||M|||50|]Aegislash||LifeOrb|StanceChange|Poltergeist,IronHead,ShadowSneak,KingsShield|Adamant||M|||50|]Kommo-o||Leftovers|Bulletproof|ClangingScales,AuraSphere,ClangorousSoul,Protect|Modest||F|||50|
|showteam|p2|Tyranitar||Tyranitarite|SandStream|Protect,RockSlide,KnockOff,LowKick|Adamant||M|||50|]Excadrill||FocusSash|SandRush|HighHorsepower,IronHead,SwordsDance,Protect|Adamant||M|||50|]Talonflame||LifeOrb|GaleWings|FlareBlitz,BraveBird,Protect,Tailwind|Adamant||M|||50|]Rotom-Mow||SitrusBerry|Levitate|LeafStorm,Electroweb,WillOWisp,Protect|Modest|||||50|]Tinkaton||MetalCoat|OwnTempo|FakeOut,GigatonHammer,PlayRough,Protect|Jolly||F|||50|]Samurott-Hisui||BlackGlasses|Sharpness|CeaselessEdge,SuckerPunch,RazorShell,Protect|Jolly||M|||50|
|inactive|Battle timer is ON: inactive players will automatically lose when time's up. (requested by OceanicGamer)
|j| slitherwingfan6
|inactive|OceanicGamer has 60 seconds left.
|c|☆OceanicGamer|hf
|inactive|OceanicGamer has 30 seconds left.
|
|t:|1783198985
|teamsize|p1|4
|teamsize|p2|4
|start
|switch|p1a: Rotom|Rotom-Wash, L50, shiny|100/100
|switch|p1b: Aegislash|Aegislash, L50, M, shiny|100/100
|switch|p2a: Tyranitar|Tyranitar, L50, M, shiny|100/100
|switch|p2b: Tinkaton|Tinkaton, L50, F|100/100
|-weather|Sandstorm|[from] ability: Sand Stream|[of] p2a: Tyranitar
|turn|1
|
|t:|1783198999
|switch|p1a: Scovillain|Scovillain, L50, F, shiny|100/100
|detailschange|p2a: Tyranitar|Tyranitar-Mega, L50, M, shiny
|-mega|p2a: Tyranitar|Tyranitar|Tyranitarite
|move|p1b: Aegislash|King's Shield|p1b: Aegislash
|-singleturn|p1b: Aegislash|Protect
|move|p2b: Tinkaton|Fake Out|p1a: Scovillain
|-damage|p1a: Scovillain|84/100
|move|p2a: Tyranitar|Knock Off|p1b: Aegislash
|-activate|p1b: Aegislash|move: Protect
|-unboost|p2a: Tyranitar|atk|1
|
|-weather|Sandstorm|[upkeep]
|-damage|p1a: Scovillain|78/100|[from] Sandstorm
|-ability|p1a: Scovillain|Moody|boost
|-boost|p1a: Scovillain|spe|2
|-unboost|p1a: Scovillain|def|1
|upkeep
|turn|2
|inactive|OceanicGamer has 30 seconds left.
|inactive|OceanicGamer has 20 seconds left.
|c| slitherwingfan6|gets the speed boost :joy: so lucky
|inactive|OceanicGamer has 15 seconds left.
|inactive|OceanicGamer has 10 seconds left.
|inactive|OceanicGamer has 5 seconds left.
|
|t:|1783199050
|switch|p1b: Kommo-o|Kommo-o, L50, F|100/100
|move|p1a: Scovillain|Protect|p1a: Scovillain
|-singleturn|p1a: Scovillain|Protect
|move|p2b: Tinkaton|Gigaton Hammer|p1b: Kommo-o
|-damage|p1b: Kommo-o|34/100
|move|p2a: Tyranitar|Rock Slide|p1a: Scovillain|[spread] 
|-activate|p1a: Scovillain|move: Protect
|-miss|p2a: Tyranitar|p1b: Kommo-o
|
|-weather|Sandstorm|[upkeep]
|-damage|p1a: Scovillain|72/100|[from] Sandstorm
|-damage|p1b: Kommo-o|28/100|[from] Sandstorm
|-heal|p1b: Kommo-o|34/100|[from] item: Leftovers
|-ability|p1a: Scovillain|Moody|boost
|-boost|p1a: Scovillain|spd|2
|-unboost|p1a: Scovillain|spa|1
|upkeep
|turn|3
|c|☆OceanicGamer|ttar stop missing
|c|☆OceanicGamer|u are making me sad
|c|☆OceanicGamer|:(
|inactive|OceanicGamer has 30 seconds left.
|
|t:|1783199082
|switch|p2a: Talonflame|Talonflame, L50, M, shiny|100/100
|detailschange|p1a: Scovillain|Scovillain-Mega, L50, F, shiny
|-mega|p1a: Scovillain|Scovillain|Scovillainite
|move|p1b: Kommo-o|Protect|p1b: Kommo-o
|-singleturn|p1b: Kommo-o|Protect
|move|p1a: Scovillain|Overheat|p2b: Tinkaton
|-supereffective|p2b: Tinkaton|1
|-damage|p2b: Tinkaton|14/100
|-unboost|p1a: Scovillain|spa|2
|move|p2b: Tinkaton|Play Rough|p1b: Kommo-o
|-activate|p1b: Kommo-o|move: Protect
|
|-weather|Sandstorm|[upkeep]
|-damage|p1a: Scovillain|66/100|[from] Sandstorm
|-damage|p2a: Talonflame|94/100|[from] Sandstorm
|-damage|p1b: Kommo-o|28/100|[from] Sandstorm
|-heal|p1b: Kommo-o|34/100|[from] item: Leftovers
|upkeep
|turn|4
|
|t:|1783199104
|switch|p1a: Rotom|Rotom-Wash, L50, shiny|100/100
|switch|p1b: Aegislash|Aegislash, L50, M, shiny|100/100
|move|p2a: Talonflame|Tailwind|p2a: Talonflame
|-sidestart|p2: OceanicGamer|move: Tailwind
|move|p2b: Tinkaton|Play Rough|p1b: Aegislash
|-resisted|p1b: Aegislash|1
|-damage|p1b: Aegislash|86/100
|-unboost|p1b: Aegislash|atk|1
|
|-weather|Sandstorm|[upkeep]
|-damage|p2a: Talonflame|88/100|[from] Sandstorm
|-damage|p1a: Rotom|94/100|[from] Sandstorm
|upkeep
|turn|5
|
|t:|1783199123
|move|p2a: Talonflame|Protect|p2a: Talonflame
|-singleturn|p2a: Talonflame|Protect
|move|p1b: Aegislash|King's Shield|p1b: Aegislash
|-singleturn|p1b: Aegislash|Protect
|move|p2b: Tinkaton|Play Rough|p1a: Rotom
|-crit|p1a: Rotom
|-damage|p1a: Rotom|25/100
|move|p1a: Rotom|Hydro Pump|p2a: Talonflame
|-activate|p2a: Talonflame|move: Protect
|
|-weather|none
|upkeep
|turn|6
|
|t:|1783199141
|move|p2a: Talonflame|Flare Blitz|p1b: Aegislash
|-supereffective|p1b: Aegislash|1
|-damage|p1b: Aegislash|0 fnt
|faint|p1b: Aegislash
|-damage|p2a: Talonflame|59/100|[from] Recoil
|-damage|p2a: Talonflame|49/100|[from] item: Life Orb
|move|p2b: Tinkaton|Play Rough|p1a: Rotom
|-damage|p1a: Rotom|0 fnt
|faint|p1a: Rotom
|
|upkeep
|
|t:|1783199144
|switch|p1a: Scovillain|Scovillain-Mega, L50, F, shiny|66/100
|switch|p1b: Kommo-o|Kommo-o, L50, F|34/100
|turn|7
|
|t:|1783199159
|move|p1b: Kommo-o|Protect|p1b: Kommo-o
|-singleturn|p1b: Kommo-o|Protect
|move|p1a: Scovillain|Protect|p1a: Scovillain
|-singleturn|p1a: Scovillain|Protect
|move|p2a: Talonflame|Brave Bird|p1a: Scovillain
|-activate|p1a: Scovillain|move: Protect
|move|p2b: Tinkaton|Play Rough|p1b: Kommo-o
|-activate|p1b: Kommo-o|move: Protect
|
|-heal|p1b: Kommo-o|40/100|[from] item: Leftovers
|-sideend|p2: OceanicGamer|move: Tailwind
|upkeep
|turn|8
|inactive|Chatter Mane has 30 seconds left.
|inactive|OceanicGamer has 30 seconds left.
|
|t:|1783199193
|move|p1a: Scovillain|Rage Powder|p1a: Scovillain
|-singleturn|p1a: Scovillain|move: Rage Powder
|move|p2a: Talonflame|Brave Bird|p1a: Scovillain
|-supereffective|p1a: Scovillain|1
|-damage|p1a: Scovillain|0 fnt
|-immune|p2a: Talonflame
|faint|p1a: Scovillain
|-damage|p2a: Talonflame|25/100|[from] Recoil
|-damage|p2a: Talonflame|15/100|[from] item: Life Orb
|move|p2b: Tinkaton|Gigaton Hammer|p1b: Kommo-o
|-damage|p1b: Kommo-o|0 fnt
|faint|p1b: Kommo-o
|
|win|OceanicGamer
||Chatter Mane is ready for game 3.
|c|☆OceanicGamer|gg2
||OceanicGamer is ready for game 3.
|uhtml|next|Next: Game 3 of 3
