|j|â˜†capspungo
|j|â˜†ThePrinceofNT
|html|capspungoThePrinceofNT    
|uhtml|bestof|Game 2 of a best-of-3
|t:|1783086927
|gametype|doubles
|player|p1|capspungo|pokefan-gen4|1256
|player|p2|ThePrinceofNT|266|1247
|gen|9
|tier|[Gen 9 Champions] VGC 2026 Reg M-B (Bo3)
|rated|
|rule|Species Clause: Limit one of each PokÃ©mon
|rule|Item Clause: Limit 1 of each item
|clearpoke
|poke|p1|Charizard, L50, M|
|poke|p1|Kingambit, L50, M|
|poke|p1|Farigiraf, L50, F|
|poke|p1|Aerodactyl, L50, F|
|poke|p1|Garchomp, L50, F|
|poke|p1|Sylveon, L50, F|
|poke|p2|Pyroar, L50, F, shiny|
|poke|p2|Hydreigon, L50, F, shiny|
|poke|p2|Farigiraf, L50, F, shiny|
|poke|p2|Torkoal, L50, F, shiny|
|poke|p2|Sneasler, L50, F, shiny|
|poke|p2|Mawile, L50, F, shiny|
|teampreview|4
|showteam|p1|Charizard||CharizarditeY|SolarPower|HeatWave,WeatherBall,SolarBeam,Protect|Modest||M|||50|]Kingambit||FocusSash|Defiant|SuckerPunch,KowtowCleave,IronHead,LowKick|Adamant||M|||50|]Farigiraf||SitrusBerry|ArmorTail|PsychicFangs,Thunderbolt,TrickRoom,SunnyDay|Relaxed||F|||50|]Aerodactyl||Aerodactylite|Unnerve|RockSlide,DualWingbeat,IceFang,Tailwind|Jolly||F|||50|]Garchomp||LifeOrb|RoughSkin|RockSlide,Earthquake,StompingTantrum,DragonClaw|Jolly||F|||50|]Sylveon||FairyFeather|Pixilate|HyperVoice,HyperBeam,QuickAttack,Detect|Modest||F|||50|
|showteam|p2|Pyroar||Pyroarite|Rivalry|HeatWave,Overheat,SolarBeam,Protect|Timid||F|||50|]Hydreigon||ChoiceScarf|Levitate|DracoMeteor,Snarl,DarkPulse,SunnyDay|Modest||F|||50|]Farigiraf||SitrusBerry|ArmorTail|HelpingHand,TrickRoom,TwinBeam,Thunderbolt|Bold||F|||50|]Torkoal||Charcoal|Drought|HeatWave,HelpingHand,Protect,Eruption|Quiet||F|||50|]Sneasler||WhiteHerb|Unburden|CloseCombat,GunkShot,Protect,FakeOut|Adamant||F|||50|]Mawile||Mawilite|Intimidate|SwordsDance,PlayRough,SuckerPunch,Protect|Brave||F|||50|
|inactive|Battle timer is ON: inactive players will automatically lose when time's up. (requested by ThePrinceofNT)
|
|t:|1783086952
|teamsize|p1|4
|teamsize|p2|4
|start
|switch|p1a: Aerodactyl|Aerodactyl, L50, F|100/100
|switch|p1b: Garchomp|Garchomp, L50, F|100/100
|switch|p2a: Farigiraf|Farigiraf, L50, F, shiny|100/100
|switch|p2b: Sneasler|Sneasler, L50, F, shiny|100/100
|-ability|p1a: Aerodactyl|Unnerve
|turn|1
|inactive|ThePrinceofNT has 30 seconds left.
|
|t:|1783086977
|detailschange|p1a: Aerodactyl|Aerodactyl-Mega, L50, F
|-mega|p1a: Aerodactyl|Aerodactyl|Aerodactylite
|move|p2b: Sneasler|Fake Out|p1a: Aerodactyl
|-resisted|p1a: Aerodactyl|1
|-damage|p1a: Aerodactyl|91/100
|cant|p1a: Aerodactyl|flinch
|move|p1b: Garchomp|Earthquake|p2b: Sneasler|[spread] p2a,p2b
|-immune|p1a: Aerodactyl
|-supereffective|p2b: Sneasler|1
|-damage|p2a: Farigiraf|59/100
|-damage|p2b: Sneasler|0 fnt
|faint|p2b: Sneasler
|-damage|p1b: Garchomp|90/100|[from] item: Life Orb
|move|p2a: Farigiraf|Trick Room|p2a: Farigiraf
|-fieldstart|move: Trick Room|[of] p2a: Farigiraf
|
|upkeep
|
|t:|1783086989
|switch|p2b: Mawile|Mawile, L50, F, shiny|100/100
|-ability|p2b: Mawile|Intimidate|boost
|-unboost|p1a: Aerodactyl|atk|1
|-unboost|p1b: Garchomp|atk|1
|turn|2
|l|â˜†ThePrinceofNT
|inactive|ThePrinceofNT disconnected and has a minute to reconnect!
|player|p2|
|j|â˜†ThePrinceofNT
|inactive|ThePrinceofNT reconnected.
|player|p2|ThePrinceofNT|266|
|inactive|capspungo has 30 seconds left.
|
|t:|1783087015
|switch|p1b: Kingambit|Kingambit, L50, M|100/100
|detailschange|p2b: Mawile|Mawile-Mega, L50, F, shiny
|-mega|p2b: Mawile|Mawile|Mawilite
|move|p2b: Mawile|Play Rough|p1b: Kingambit|[miss]
|-miss|p2b: Mawile|p1b: Kingambit
|move|p2a: Farigiraf|Thunderbolt|p1a: Aerodactyl
|-supereffective|p1a: Aerodactyl|1
|-damage|p1a: Aerodactyl|39/100
|move|p1a: Aerodactyl|Dual Wingbeat|p2a: Farigiraf
|-damage|p2a: Farigiraf|47/100
|-enditem|p2a: Farigiraf|Sitrus Berry|[eat]
|-heal|p2a: Farigiraf|72/100|[from] item: Sitrus Berry
|-damage|p2a: Farigiraf|57/100
|-hitcount|p2a: Farigiraf|2
|
|upkeep
|turn|3
|
|t:|1783087035
|switch|p1a: Farigiraf|Farigiraf, L50, F|100/100
|move|p2b: Mawile|Play Rough|p1b: Kingambit|[miss]
|-miss|p2b: Mawile|p1b: Kingambit
|move|p2a: Farigiraf|Thunderbolt|p1a: Farigiraf
|-damage|p1a: Farigiraf|79/100
|move|p1b: Kingambit|Kowtow Cleave|p2a: Farigiraf
|-supereffective|p2a: Farigiraf|1
|-damage|p2a: Farigiraf|0 fnt
|faint|p2a: Farigiraf
|
|upkeep
|
|t:|1783087042
|switch|p2a: Torkoal|Torkoal, L50, F, shiny|100/100
|-weather|SunnyDay|[from] ability: Drought|[of] p2a: Torkoal
|turn|4
|
|t:|1783087057
|move|p1b: Kingambit|Sucker Punch|p2a: Torkoal
|-damage|p2a: Torkoal|69/100
|move|p2a: Torkoal|Eruption|p1a: Farigiraf|[spread] p1a,p1b
|-supereffective|p1b: Kingambit|1
|-damage|p1a: Farigiraf|26/100
|-enditem|p1b: Kingambit|Focus Sash
|-damage|p1b: Kingambit|1/100
|-enditem|p1a: Farigiraf|Sitrus Berry|[eat]
|-heal|p1a: Farigiraf|51/100|[from] item: Sitrus Berry
|move|p2b: Mawile|Play Rough|p1b: Kingambit
|-damage|p1b: Kingambit|0 fnt
|faint|p1b: Kingambit
|move|p1a: Farigiraf|Trick Room|p1a: Farigiraf
|-fieldend|move: Trick Room
|
|-weather|SunnyDay|[upkeep]
|upkeep
|c|â˜†ThePrinceofNT|Fuck this bruh
|
|t:|1783087081
|switch|p1b: Aerodactyl|Aerodactyl-Mega, L50, F|39/100
|turn|5
|c|â˜†ThePrinceofNT|Two misses
|
|t:|1783087104
|move|p2a: Torkoal|Protect|p2a: Torkoal
|-singleturn|p2a: Torkoal|Protect
|move|p1b: Aerodactyl|Rock Slide|p2a: Torkoal|[spread] p2b
|-activate|p2a: Torkoal|move: Protect
|-resisted|p2b: Mawile|1
|-damage|p2b: Mawile|87/100
|move|p1a: Farigiraf|Thunderbolt|p2b: Mawile
|-damage|p2b: Mawile|63/100
|move|p2b: Mawile|Play Rough|p1b: Aerodactyl
|-damage|p1b: Aerodactyl|0 fnt
|faint|p1b: Aerodactyl
|
|-weather|SunnyDay|[upkeep]
|upkeep
|
|t:|1783087115
|switch|p1b: Garchomp|Garchomp, L50, F|90/100
|turn|6
|
|t:|1783087138
|move|p2b: Mawile|Protect|p2b: Mawile
|-singleturn|p2b: Mawile|Protect
|move|p1b: Garchomp|Stomping Tantrum|p2b: Mawile
|-activate|p2b: Mawile|move: Protect
|move|p1a: Farigiraf|Thunderbolt|p2a: Torkoal
|-damage|p2a: Torkoal|37/100
|-status|p2a: Torkoal|par
|move|p2a: Torkoal|Heat Wave|p1b: Garchomp|[spread] p1b
|-miss|p2a: Torkoal|p1a: Farigiraf
|-resisted|p1b: Garchomp|1
|-damage|p1b: Garchomp|63/100
|
|-weather|SunnyDay|[upkeep]
|upkeep
|turn|7
|
|t:|1783087162
|move|p2b: Mawile|Protect|p2b: Mawile
|-singleturn|p2b: Mawile|Protect
|move|p1b: Garchomp|Stomping Tantrum|p2b: Mawile
|-activate|p2b: Mawile|move: Protect
|move|p1a: Farigiraf|Thunderbolt|p2b: Mawile
|-activate|p2b: Mawile|move: Protect
|move|p2a: Torkoal|Heat Wave|p1b: Garchomp|[spread] p1a,p1b
|-resisted|p1b: Garchomp|1
|-damage|p1a: Farigiraf|1/100
|-damage|p1b: Garchomp|34/100
|-status|p1a: Farigiraf|brn
|
|-weather|SunnyDay|[upkeep]
|-damage|p1a: Farigiraf|0 fnt|[from] brn
|faint|p1a: Farigiraf
|upkeep
|turn|8
|
|t:|1783087185
|move|p2a: Torkoal|Helping Hand|p2b: Mawile
|-singleturn|p2b: Mawile|Helping Hand|[of] p2a: Torkoal
|move|p2b: Mawile|Sucker Punch|p1b: Garchomp
|-damage|p1b: Garchomp|0 fnt
|-damage|p2b: Mawile|51/100|[from] ability: Rough Skin|[of] p1b: Garchomp
|faint|p1b: Garchomp
|
|win|ThePrinceofNT
||capspungo is ready for game 3.
||ThePrinceofNT is ready for game 3.
|uhtml|next|Next: Game 3 of 3
|l|â˜†capspungo
|player|p1|
|l|â˜†ThePrinceofNT
|player|p2|
|j|â˜†ThePrinceofNT
|player|p2|ThePrinceofNT|266|
