|j|☆BoltBeam is shit
|j|☆ejsjjsjsjs
|html|BoltBeam is shitejsjjsjsjs    
|uhtml|bestof|Game 1 of a best-of-3
|t:|1784379195
|gametype|doubles
|player|p1|BoltBeam is shit|misty|1030
|player|p2|ejsjjsjsjs|102|1000
|gen|9
|tier|[Gen 9 Champions] VGC 2026 Reg M-B (Bo3)
|rated|
|rule|Species Clause: Limit one of each Pokémon
|rule|Item Clause: Limit 1 of each item
|clearpoke
|poke|p1|Gardevoir, L50, F|
|poke|p1|Mudsdale, L50, F|
|poke|p1|Incineroar, L50, F|
|poke|p1|Gholdengo, L50|
|poke|p1|Hydreigon, L50, M|
|poke|p1|Talonflame, L50, F|
|poke|p2|Corviknight, L50, F|
|poke|p2|Mawile, L50, F|
|poke|p2|Tyranitar, L50, M|
|poke|p2|Houndstone, L50, F|
|poke|p2|Milotic, L50, F|
|poke|p2|Serperior, L50, M|
|teampreview|4
|showteam|p1|Gardevoir||Gardevoirite|Synchronize|HyperVoice,Psychic,Protect,TrickRoom|Modest||F|||50|]Mudsdale||LifeOrb|InnerFocus|RockSlide,HighHorsepower,HeavySlam,Earthquake|Adamant||F|||50|]Incineroar||SitrusBerry|Intimidate|FakeOut,PartingShot,FlareBlitz,Protect|Impish||F|||50|]Gholdengo||MetalCoat|GoodasGold|MakeItRain,ShadowBall,NastyPlot,Protect|Modest|||||50|]Hydreigon||ChoiceScarf|Levitate|DarkPulse,DracoMeteor,Snarl,EarthPower|Timid||M|||50|]Talonflame||FocusSash|GaleWings|DualWingbeat,Tailwind,Protect,WillOWisp|Adamant||F|||50|
|showteam|p2|Corviknight||Leftovers|MirrorArmor|Tailwind,BraveBird,ScaryFace,Protect|Impish||F|||50|]Mawile||Mawilite|HyperCutter|PlayRough,IronHead,SuckerPunch,Protect|Adamant||F|||50|]Tyranitar||Tyranitarite|SandStream|RockSlide,KnockOff,LowKick,Protect|Adamant||M|||50|]Houndstone||SpellTag|SandRush|AllySwitch,LastRespects,ShadowSneak,Protect|Adamant||F|||50|]Milotic||SitrusBerry|Competitive|Scald,IceBeam,Protect,LifeDew|Bold||F|||50|]Serperior||LifeOrb|Contrary|LeafStorm,DragonPulse,Protect,Glare|Serious||M|||50|
|inactive|Battle timer is ON: inactive players will automatically lose when time's up. (requested by BoltBeam is shit)
|l|☆BoltBeam is shit
|inactive|BoltBeam is shit disconnected and has a minute to reconnect!
|player|p1|
|j|☆BoltBeam is shit
|inactive|BoltBeam is shit reconnected and has 80 seconds left.
|player|p1|BoltBeam is shit|misty|
|inactive|BoltBeam is shit has 60 seconds left.
|inactive|ejsjjsjsjs has 60 seconds left.
|
|t:|1784379234
|teamsize|p1|4
|teamsize|p2|4
|start
|switch|p1a: Talonflame|Talonflame, L50, F|100/100
|switch|p1b: Goatevoir|Gardevoir, L50, F|100/100
|switch|p2a: Corviknight|Corviknight, L50, F|100/100
|switch|p2b: Milotic|Milotic, L50, F|100/100
|turn|1
|
|t:|1784379254
|detailschange|p1b: Goatevoir|Gardevoir-Mega, L50, F
|-mega|p1b: Goatevoir|Gardevoir|Gardevoirite
|move|p1b: Goatevoir|Protect|p1b: Goatevoir
|-singleturn|p1b: Goatevoir|Protect
|move|p1a: Talonflame|Tailwind|p1a: Talonflame
|-sidestart|p1: BoltBeam is shit|move: Tailwind
|move|p2b: Milotic|Scald|p1a: Talonflame
|-supereffective|p1a: Talonflame|1
|-enditem|p1a: Talonflame|Focus Sash
|-damage|p1a: Talonflame|1/100
|move|p2a: Corviknight|Tailwind|p2a: Corviknight
|-sidestart|p2: ejsjjsjsjs|move: Tailwind
|
|upkeep
|turn|2
|
|t:|1784379275
|move|p1a: Talonflame|Will-O-Wisp|p2a: Corviknight
|-status|p2a: Corviknight|brn
|move|p1b: Goatevoir|Hyper Voice|p2a: Corviknight|[spread] p2a,p2b
|-resisted|p2a: Corviknight|1
|-damage|p2a: Corviknight|72/100 brn
|-damage|p2b: Milotic|66/100
|move|p2b: Milotic|Scald|p1a: Talonflame
|-supereffective|p1a: Talonflame|1
|-damage|p1a: Talonflame|0 fnt
|faint|p1a: Talonflame
|move|p2a: Corviknight|Brave Bird|p1b: Goatevoir
|-damage|p1b: Goatevoir|74/100
|-damage|p2a: Corviknight|64/100 brn|[from] Recoil
|
|-heal|p2a: Corviknight|70/100 brn|[from] item: Leftovers
|-damage|p2a: Corviknight|64/100 brn|[from] brn
|upkeep
|
|t:|1784379281
|switch|p1a: German|Hydreigon, L50, M|100/100
|turn|3
|
|t:|1784379299
|move|p2a: Corviknight|Protect|p2a: Corviknight
|-singleturn|p2a: Corviknight|Protect
|move|p1a: German|Dark Pulse|p2b: Milotic
|-damage|p2b: Milotic|38/100
|-enditem|p2b: Milotic|Sitrus Berry|[eat]
|-heal|p2b: Milotic|63/100|[from] item: Sitrus Berry
|move|p1b: Goatevoir|Hyper Voice|p2b: Milotic|[spread] p2b
|-activate|p2a: Corviknight|move: Protect
|-damage|p2b: Milotic|25/100
|move|p2b: Milotic|Ice Beam|p1a: German
|-supereffective|p1a: German|1
|-damage|p1a: German|40/100
|
|-heal|p2a: Corviknight|70/100 brn|[from] item: Leftovers
|-damage|p2a: Corviknight|64/100 brn|[from] brn
|upkeep
|turn|4
|inactive|ejsjjsjsjs has 30 seconds left.
|inactive|ejsjjsjsjs has 20 seconds left.
|inactive|ejsjjsjsjs has 15 seconds left.
|
|t:|1784379342
|switch|p1a: Bubba!|Mudsdale, L50, F|100/100
|switch|p2a: Mawile|Mawile, L50, F|100/100
|move|p2b: Milotic|Ice Beam|p1a: Bubba!
|-supereffective|p1a: Bubba!|1
|-damage|p1a: Bubba!|54/100
|move|p1b: Goatevoir|Trick Room|p1b: Goatevoir
|-fieldstart|move: Trick Room|[of] p1b: Goatevoir
|
|-sideend|p2: ejsjjsjsjs|move: Tailwind
|-sideend|p1: BoltBeam is shit|move: Tailwind
|upkeep
|turn|5
|inactive|ejsjjsjsjs has 30 seconds left.
|
|t:|1784379372
|detailschange|p2a: Mawile|Mawile-Mega, L50, F
|-mega|p2a: Mawile|Mawile|Mawilite
|move|p1b: Goatevoir|Protect|p1b: Goatevoir
|-singleturn|p1b: Goatevoir|Protect
|move|p2a: Mawile|Sucker Punch|p1a: Bubba!
|-damage|p1a: Bubba!|13/100
|move|p1a: Bubba!|Earthquake|p2a: Mawile|[spread] p2a,p2b
|-activate|p1b: Goatevoir|move: Protect
|-supereffective|p2a: Mawile|1
|-damage|p2a: Mawile|0 fnt
|-damage|p2b: Milotic|0 fnt
|faint|p2a: Mawile
|faint|p2b: Milotic
|-damage|p1a: Bubba!|3/100|[from] item: Life Orb
|
|upkeep
|
|t:|1784379387
|switch|p2b: Serperior|Serperior, L50, M|100/100
|switch|p2a: Corviknight|Corviknight, L50, F|64/100 brn
|turn|6
|
|t:|1784379402
|move|p1a: Bubba!|Heavy Slam|p2b: Serperior
|-damage|p2b: Serperior|42/100
|-damage|p1a: Bubba!|0 fnt|[from] item: Life Orb
|faint|p1a: Bubba!
|move|p2a: Corviknight|Brave Bird|p1b: Goatevoir
|-damage|p1b: Goatevoir|49/100
|-damage|p2a: Corviknight|57/100 brn|[from] Recoil
|move|p1b: Goatevoir|Hyper Voice|p2a: Corviknight|[spread] p2a,p2b
|-resisted|p2a: Corviknight|1
|-damage|p2a: Corviknight|31/100 brn
|-damage|p2b: Serperior|0 fnt
|faint|p2b: Serperior
|
|-heal|p2a: Corviknight|37/100 brn|[from] item: Leftovers
|-damage|p2a: Corviknight|31/100 brn|[from] brn
|upkeep
|
|t:|1784379406
|switch|p1a: German|Hydreigon, L50, M|40/100
|turn|7
|-message|ejsjjsjsjs forfeited.
|raw|BoltBeam is shit's rating: 1030 → 1062(+32 for winning)
|raw|ejsjjsjsjs's rating: 1000 → 1000(+0 for losing)
|
|win|BoltBeam is shit
|l|☆ejsjjsjsjs
|player|p2|
