|j|☆Johten
|j|☆SunDiazVGC
|html|JohtenSunDiazVGC    
|uhtml|bestof|Game 3 of a best-of-3
|t:|1756750387
|gametype|doubles
|player|p1|Johten|veteran|1016
|player|p2|SunDiazVGC|266|1077
|gen|9
|tier|[Gen 9] VGC 2025 Reg H (Bo3)
|rated|
|rule|Species Clause: Limit one of each Pokémon
|rule|Item Clause: Limit 1 of each item
|clearpoke
|poke|p1|Gallade, L50, M|
|poke|p1|Incineroar, L50, M|
|poke|p1|Jolteon, L50, F|
|poke|p1|Indeedee-F, L50, F|
|poke|p1|Hatterene, L50, F|
|poke|p1|Pelipper, L50, M|
|poke|p2|Ursaluna-Bloodmoon, L50, M|
|poke|p2|Dragonite, L50, M|
|poke|p2|Volcarona, L50, M|
|poke|p2|Rillaboom, L50, M|
|poke|p2|Farigiraf, L50, F|
|poke|p2|Incineroar, L50, F|
|teampreview|4
|showteam|p1|Gallade||LifeOrb|Sharpness|Protect,SacredSword,PsychoCut,NightSlash|||M|||50|,,,,,Stellar]Incineroar||AssaultVest|Intimidate|FakeOut,Uturn,Trailblaze,KnockOff|||M|||50|,,,,,Grass]Jolteon||FocusSash|VoltAbsorb|Protect,HelpingHand,Electroweb,Thunder|||F|||50|,,,,,Flying]Indeedee-F||MentalHerb|PsychicSurge|Imprison,TrickRoom,FollowMe,HelpingHand|||F|||50|,,,,,Fairy]Hatterene||TwistedSpoon|MagicBounce|Protect,TrickRoom,ExpandingForce,DazzlingGleam|||F|||50|,,,,,Psychic]Pelipper||SitrusBerry|Drizzle|WideGuard,Tailwind,HelpingHand,Hurricane|||M|||50|,,,,,Grass
|showteam|p2|Ursaluna-Bloodmoon||LifeOrb|MindsEye|HyperVoice,BloodMoon,EarthPower,Protect|||M|||50|,,,,,Normal]Dragonite||ChoiceBand|InnerFocus|AirSlash,ExtremeSpeed,Outrage,RockSlide|||M|||50|,,,,,Normal]Volcarona||Leftovers|FlameBody|QuiverDance,FieryDance,GigaDrain,Protect|||M|||50|,,,,,Grass]Rillaboom||AssaultVest|GrassySurge|FakeOut,GrassyGlide,WoodHammer,HighHorsepower|||M|||50|,,,,,Dragon]Farigiraf||ThroatSpray|ArmorTail|TrickRoom,TwinBeam,HyperVoice,Protect|||F|||50|,,,,,Stellar]Incineroar||SitrusBerry|Intimidate|FakeOut,PartingShot,FlareBlitz,KnockOff|||F|||50|,,,,,Water
|
|t:|1756750402
|teamsize|p1|4
|teamsize|p2|4
|start
|switch|p1a: Hajimari|Gallade, L50, M|100/100
|switch|p1b: Sumo|Incineroar, L50, M, shiny|100/100
|switch|p2a: Ursaluna|Ursaluna-Bloodmoon, L50, M|100/100
|switch|p2b: Volcarona|Volcarona, L50, M|100/100
|-ability|p1b: Sumo|Intimidate|boost
|-unboost|p2a: Ursaluna|atk|1
|-unboost|p2b: Volcarona|atk|1
|turn|1
|
|t:|1756750425
|switch|p2b: Incineroar|Incineroar, L50, F|100/100
|-ability|p2b: Incineroar|Intimidate|boost
|-unboost|p1a: Hajimari|atk|1
|-unboost|p1b: Sumo|atk|1
|move|p2a: Ursaluna|Protect|p2a: Ursaluna
|-singleturn|p2a: Ursaluna|Protect
|move|p1a: Hajimari|Sacred Sword|p2a: Ursaluna
|-activate|p2a: Ursaluna|move: Protect
|move|p1b: Sumo|Knock Off|p2b: Incineroar
|-resisted|p2b: Incineroar
|-damage|p2b: Incineroar|87/100
|-enditem|p2b: Incineroar|Sitrus Berry|[from] move: Knock Off|[of] p1b: Sumo
|
|upkeep
|turn|2
|
|t:|1756750446
|switch|p1b: Ohimesama|Indeedee-F, L50, F, shiny|100/100
|-fieldstart|move: Psychic Terrain|[from] ability: Psychic Surge|[of] p1b: Ohimesama
|-terastallize|p1a: Hajimari|Stellar
|move|p2b: Incineroar|Fake Out|p1a: Hajimari
|-activate|p1a: Hajimari|move: Psychic Terrain
|move|p1a: Hajimari|Sacred Sword|p2a: Ursaluna
|-supereffective|p2a: Ursaluna
|-damage|p2a: Ursaluna|0 fnt
|faint|p2a: Ursaluna
|-damage|p1a: Hajimari|91/100|[from] item: Life Orb
|
|upkeep
|
|t:|1756750455
|switch|p2a: Rillaboom|Rillaboom, L50, M|100/100
|-fieldstart|move: Grassy Terrain|[from] ability: Grassy Surge|[of] p2a: Rillaboom
|turn|3
|
|t:|1756750480
|switch|p1b: Sumo|Incineroar, L50, M, shiny|100/100
|-ability|p1b: Sumo|Intimidate|boost
|-unboost|p2a: Rillaboom|atk|1
|-unboost|p2b: Incineroar|atk|1
|move|p1a: Hajimari|Protect|p1a: Hajimari
|-singleturn|p1a: Hajimari|Protect
|move|p2a: Rillaboom|Wood Hammer|p1a: Hajimari
|-activate|p1a: Hajimari|move: Protect
|move|p2b: Incineroar|Knock Off|p1b: Sumo
|-resisted|p1b: Sumo
|-damage|p1b: Sumo|87/100
|-enditem|p1b: Sumo|Assault Vest|[from] move: Knock Off|[of] p2b: Incineroar
|
|-heal|p1a: Hajimari|97/100|[from] Grassy Terrain
|-heal|p1b: Sumo|93/100|[from] Grassy Terrain
|-heal|p2b: Incineroar|93/100|[from] Grassy Terrain
|upkeep
|turn|4
|
|t:|1756750501
|-terastallize|p2b: Incineroar|Water
|move|p1b: Sumo|Fake Out|p2a: Rillaboom
|-damage|p2a: Rillaboom|89/100
|move|p1a: Hajimari|Sacred Sword|p2a: Rillaboom
|-damage|p2a: Rillaboom|30/100
|-damage|p1a: Hajimari|87/100|[from] item: Life Orb
|cant|p2a: Rillaboom|flinch
|move|p2b: Incineroar|Parting Shot|p1a: Hajimari
|-unboost|p1a: Hajimari|atk|1
|-unboost|p1a: Hajimari|spa|1
|
|t:|1756750511
|switch|p2b: Volcarona|Volcarona, L50, M|100/100|[from] Parting Shot
|
|-heal|p1a: Hajimari|93/100|[from] Grassy Terrain
|-heal|p2a: Rillaboom|36/100|[from] Grassy Terrain
|-heal|p1b: Sumo|99/100|[from] Grassy Terrain
|upkeep
|turn|5
|
|t:|1756750519
|switch|p1a: Ohimesama|Indeedee-F, L50, F, shiny|100/100
|-fieldstart|move: Psychic Terrain|[from] ability: Psychic Surge|[of] p1a: Ohimesama
|switch|p2a: Incineroar|Incineroar, L50, F, tera:Water|93/100
|-ability|p2a: Incineroar|Intimidate|boost
|-unboost|p1a: Ohimesama|atk|1
|-unboost|p1b: Sumo|atk|1
|move|p2b: Volcarona|Quiver Dance|p2b: Volcarona
|-boost|p2b: Volcarona|spa|1
|-boost|p2b: Volcarona|spd|1
|-boost|p2b: Volcarona|spe|1
|move|p1b: Sumo|U-turn|p2b: Volcarona
|-resisted|p2b: Volcarona
|-damage|p2b: Volcarona|91/100
|
|t:|1756750531
|switch|p1b: Hajimari|Gallade, L50, M, tera:Stellar|93/100|[from] U-turn
|
|-heal|p2b: Volcarona|97/100|[from] item: Leftovers
|upkeep
|turn|6
|
|t:|1756750572
|switch|p2a: Rillaboom|Rillaboom, L50, M|36/100
|-fieldstart|move: Grassy Terrain|[from] ability: Grassy Surge|[of] p2a: Rillaboom
|move|p1a: Ohimesama|Follow Me|p1a: Ohimesama
|-singleturn|p1a: Ohimesama|move: Follow Me
|move|p2b: Volcarona|Giga Drain|p1a: Ohimesama
|-damage|p1a: Ohimesama|54/100
|-heal|p2b: Volcarona|100/100|[from] drain|[of] p1a: Ohimesama
|move|p1b: Hajimari|Psycho Cut|p2b: Volcarona
|-damage|p2b: Volcarona|0 fnt
|faint|p2b: Volcarona
|-damage|p1b: Hajimari|83/100|[from] item: Life Orb
|
|-heal|p1b: Hajimari|89/100|[from] Grassy Terrain
|-heal|p2a: Rillaboom|42/100|[from] Grassy Terrain
|-heal|p1a: Ohimesama|60/100|[from] Grassy Terrain
|upkeep
|
|t:|1756750583
|switch|p2b: Incineroar|Incineroar, L50, F, tera:Water|93/100
|-ability|p2b: Incineroar|Intimidate|boost
|-unboost|p1a: Ohimesama|atk|1
|-unboost|p1b: Hajimari|atk|1
|turn|7
|
|t:|1756750592
|switch|p1a: Sumo|Incineroar, L50, M, shiny|99/100
|-ability|p1a: Sumo|Intimidate|boost
|-unboost|p2a: Rillaboom|atk|1
|-unboost|p2b: Incineroar|atk|1
|move|p1b: Hajimari|Protect|p1b: Hajimari
|-singleturn|p1b: Hajimari|Protect
|move|p2a: Rillaboom|Wood Hammer|p1b: Hajimari
|-activate|p1b: Hajimari|move: Protect
|move|p2b: Incineroar|Knock Off|p1b: Hajimari
|-activate|p1b: Hajimari|move: Protect
|
|-heal|p1b: Hajimari|95/100|[from] Grassy Terrain
|-heal|p2a: Rillaboom|47/100|[from] Grassy Terrain
|-heal|p1a: Sumo|100/100|[from] Grassy Terrain
|-heal|p2b: Incineroar|99/100|[from] Grassy Terrain
|upkeep
|turn|8
|
|t:|1756750611
|switch|p1b: Ohimesama|Indeedee-F, L50, F, shiny|60/100
|-fieldstart|move: Psychic Terrain|[from] ability: Psychic Surge|[of] p1b: Ohimesama
|move|p2a: Rillaboom|High Horsepower|p1a: Sumo
|-supereffective|p1a: Sumo
|-damage|p1a: Sumo|61/100
|move|p1a: Sumo|U-turn|p2a: Rillaboom
|-supereffective|p2a: Rillaboom
|-damage|p2a: Rillaboom|10/100
|
|t:|1756750621
|switch|p1a: Sora|Jolteon, L50, F|100/100|[from] U-turn
|move|p2b: Incineroar|Knock Off|p1b: Ohimesama
|-supereffective|p1b: Ohimesama
|-damage|p1b: Ohimesama|0 fnt
|-enditem|p1b: Ohimesama|Mental Herb|[from] move: Knock Off|[of] p2b: Incineroar
|faint|p1b: Ohimesama
|
|upkeep
|
|t:|1756750630
|switch|p1b: Hajimari|Gallade, L50, M, tera:Stellar|95/100
|turn|9
|
|t:|1756750639
|move|p1a: Sora|Helping Hand|p1b: Hajimari
|-singleturn|p1b: Hajimari|Helping Hand|[of] p1a: Sora
|move|p1b: Hajimari|Psycho Cut|p2b: Incineroar
|-crit|p2b: Incineroar
|-damage|p2b: Incineroar|0 fnt
|faint|p2b: Incineroar
|-damage|p1b: Hajimari|85/100|[from] item: Life Orb
|move|p2a: Rillaboom|High Horsepower|p1a: Sora
|-supereffective|p1a: Sora
|-damage|p1a: Sora|20/100
|
|upkeep
|turn|10
|-message|SunDiazVGC forfeited.
|raw|Johten's rating: 1016 → 1060(+44 for winning)
|raw|SunDiazVGC's rating: 1077 → 1052(-25 for losing)
|
|win|Johten
|l|☆SunDiazVGC
|player|p2|
