|j|☆edwarthdf
|j|☆yamperfan
|html|edwarthdfyamperfan    
|uhtml|bestof|Game 1 of a best-of-3
|t:|1756255461
|gametype|doubles
|player|p1|edwarthdf|acetrainer-gen4dp|1121
|player|p2|yamperfan|milo|1141
|gen|9
|tier|[Gen 9] VGC 2025 Reg H (Bo3)
|rated|
|rule|Species Clause: Limit one of each Pokémon
|rule|Item Clause: Limit 1 of each item
|clearpoke
|poke|p1|Gholdengo, L50|
|poke|p1|Sneasler, L50, F|
|poke|p1|Rillaboom, L50, M|
|poke|p1|Ninetales-Alola, L50, F|
|poke|p1|Dragonite, L50, M|
|poke|p1|Arcanine-Hisui, L50, M|
|poke|p2|Volcarona, L50, F|
|poke|p2|Electabuzz, L50, M|
|poke|p2|Rillaboom, L50, F|
|poke|p2|Primarina, L50, F|
|poke|p2|Sneasler, L50, F|
|poke|p2|Kingambit, L50, F|
|teampreview|4
|showteam|p1|Gholdengo||GrassySeed|GoodasGold|NastyPlot,MakeItRain,ShadowBall,Protect||||||50|,,,,,Water]Sneasler||WhiteHerb|Unburden|CloseCombat,DireClaw,Coaching,Protect|||F|||50|,,,,,Ghost]Rillaboom||AssaultVest|GrassySurge|FakeOut,GrassyGlide,DrumBeating,HighHorsepower|||M|||50|,,,,,Fire]Ninetales-Alola||FocusSash|SnowWarning|Blizzard,IcyWind,Encore,AuroraVeil|||F|||50|,,,,,Ghost]Dragonite||LoadedDice|Multiscale|ScaleShot,Haze,Tailwind,Protect|||M|||50|,,,,,Fairy]Arcanine-Hisui||ClearAmulet|Intimidate|RockSlide,FlareBlitz,ExtremeSpeed,Protect|||M|||50|,,,,,Water
|showteam|p2|Volcarona||CovertCloak|FlameBody|Flamethrower,TeraBlast,QuiverDance,Protect|||F|||50|,,,,,Fairy]Electabuzz||Eviolite|VitalSpirit|FollowMe,Taunt,Electroweb,Protect|||M|||50|,,,,,Dragon]Rillaboom||AssaultVest|GrassySurge|FakeOut,GrassyGlide,WoodHammer,Uturn|||F|||50|,,,,,Fire]Primarina||MysticWater|LiquidVoice|HyperVoice,Moonblast,Haze,Protect|||F|||50|,,,,,Poison]Sneasler||GrassySeed|Unburden|CloseCombat,DireClaw,ThroatChop,Protect|||F|||50|,,,,,Dark]Kingambit||BlackGlasses|Defiant|KowtowCleave,SuckerPunch,SwordsDance,Protect|||F|||50|,,,,,Dark
|inactive|Battle timer is ON: inactive players will automatically lose when time's up. (requested by edwarthdf)
|inactive|yamperfan has 60 seconds left.
|
|t:|1756255556
|teamsize|p1|4
|teamsize|p2|4
|start
|switch|p1a: Ninetales|Ninetales-Alola, L50, F, shiny|100/100
|switch|p1b: Arcanine|Arcanine-Hisui, L50, M, shiny|100/100
|switch|p2a: Electabuzz|Electabuzz, L50, M, shiny|100/100
|switch|p2b: Volcarona|Volcarona, L50, F|100/100
|-weather|Snowscape|[from] ability: Snow Warning|[of] p1a: Ninetales
|-ability|p1b: Arcanine|Intimidate|boost
|-unboost|p2a: Electabuzz|atk|1
|-unboost|p2b: Volcarona|atk|1
|turn|1
|inactive|edwarthdf has 30 seconds left.
|inactive|edwarthdf has 20 seconds left.
|
|t:|1756255594
|move|p2b: Volcarona|Protect|p2b: Volcarona
|-singleturn|p2b: Volcarona|Protect
|move|p1a: Ninetales|Aurora Veil|p1a: Ninetales
|-sidestart|p1: edwarthdf|move: Aurora Veil
|move|p1b: Arcanine|Rock Slide|p2a: Electabuzz|[spread] p2a
|-activate|p2b: Volcarona|move: Protect
|-damage|p2a: Electabuzz|74/100
|move|p2a: Electabuzz|Electroweb|p1b: Arcanine|[spread] p1a,p1b
|-damage|p1a: Ninetales|90/100
|-damage|p1b: Arcanine|89/100
|-unboost|p1a: Ninetales|spe|1
|
|-weather|Snowscape|[upkeep]
|upkeep
|turn|2
|
|t:|1756255617
|-terastallize|p2b: Volcarona|Fairy
|move|p2a: Electabuzz|Follow Me|p2a: Electabuzz
|-singleturn|p2a: Electabuzz|move: Follow Me
|move|p1b: Arcanine|Rock Slide|p2a: Electabuzz|[spread] p2a,p2b
|-damage|p2a: Electabuzz|50/100
|-damage|p2b: Volcarona|66/100
|move|p2b: Volcarona|Quiver Dance|p2b: Volcarona
|-boost|p2b: Volcarona|spa|1
|-boost|p2b: Volcarona|spd|1
|-boost|p2b: Volcarona|spe|1
|move|p1a: Ninetales|Icy Wind|p2b: Volcarona|[spread] p2a,p2b
|-crit|p2a: Electabuzz
|-damage|p2a: Electabuzz|32/100
|-damage|p2b: Volcarona|57/100
|-unboost|p2a: Electabuzz|spe|1
|
|-weather|Snowscape|[upkeep]
|upkeep
|turn|3
|
|t:|1756255638
|move|p2a: Electabuzz|Follow Me|p2a: Electabuzz
|-singleturn|p2a: Electabuzz|move: Follow Me
|move|p2b: Volcarona|Flamethrower|p1a: Ninetales
|-supereffective|p1a: Ninetales
|-damage|p1a: Ninetales|0 fnt
|faint|p1a: Ninetales
|move|p1b: Arcanine|Flare Blitz|p2a: Electabuzz
|-damage|p2a: Electabuzz|0 fnt
|faint|p2a: Electabuzz
|-damage|p1b: Arcanine|79/100|[from] Recoil
|
|-weather|Snowscape|[upkeep]
|upkeep
|
|t:|1756255653
|switch|p1a: Sneasler|Sneasler, L50, F|100/100
|switch|p2a: Sneasler|Sneasler, L50, F|100/100
|turn|4
|
|t:|1756255677
|move|p1b: Arcanine|Protect|p1b: Arcanine
|-singleturn|p1b: Arcanine|Protect
|move|p2b: Volcarona|Flamethrower|p1a: Sneasler
|-damage|p1a: Sneasler|42/100
|move|p2a: Sneasler|Close Combat|p1b: Arcanine
|-activate|p1b: Arcanine|move: Protect
|move|p1a: Sneasler|Close Combat|p2a: Sneasler
|-resisted|p2a: Sneasler
|-damage|p2a: Sneasler|45/100
|-unboost|p1a: Sneasler|def|1
|-unboost|p1a: Sneasler|spd|1
|-enditem|p1a: Sneasler|White Herb
|-clearnegativeboost|p1a: Sneasler|[silent]
|
|-weather|Snowscape|[upkeep]
|upkeep
|turn|5
|inactive|edwarthdf has 30 seconds left.
|inactive|edwarthdf has 20 seconds left.
|inactive|edwarthdf has 15 seconds left.
|
|t:|1756255722
|move|p2b: Volcarona|Protect|p2b: Volcarona
|-singleturn|p2b: Volcarona|Protect
|move|p1a: Sneasler|Close Combat|p2a: Sneasler
|-resisted|p2a: Sneasler
|-damage|p2a: Sneasler|0 fnt
|-unboost|p1a: Sneasler|def|1
|-unboost|p1a: Sneasler|spd|1
|faint|p2a: Sneasler
|move|p1b: Arcanine|Flare Blitz|p2b: Volcarona
|-activate|p2b: Volcarona|move: Protect
|
|-weather|none
|-sideend|p1: edwarthdf|move: Aurora Veil
|upkeep
|
|t:|1756255733
|switch|p2a: Rillaboom|Rillaboom, L50, F|100/100
|-fieldstart|move: Grassy Terrain|[from] ability: Grassy Surge|[of] p2a: Rillaboom
|turn|6
|
|t:|1756255748
|-terastallize|p1a: Sneasler|Ghost
|move|p2a: Rillaboom|Fake Out|p1b: Arcanine
|-resisted|p1b: Arcanine
|-damage|p1b: Arcanine|71/100
|move|p1a: Sneasler|Dire Claw|p2b: Volcarona
|-supereffective|p2b: Volcarona
|-damage|p2b: Volcarona|0 fnt
|-status|p1a: Sneasler|brn|[from] ability: Flame Body|[of] p2b: Volcarona
|faint|p2b: Volcarona
|cant|p1b: Arcanine|flinch
|
|-heal|p1a: Sneasler|49/100 brn|[from] Grassy Terrain
|-heal|p1b: Arcanine|77/100|[from] Grassy Terrain
|-damage|p1a: Sneasler|42/100 brn|[from] brn
|upkeep
|turn|7
|-message|yamperfan forfeited.
|
|win|edwarthdf
||yamperfan is ready for game 2.
|inactive|edwarthdf has 30 seconds to confirm battle start!
||edwarthdf is ready for game 2.
|uhtml|next|Next: Game 2 of 3
|l|☆yamperfan
|player|p2|
