|j|☆PewPewMewMew
|j|☆VOVOMAXBEN10
|html|PewPewMewMewVOVOMAXBEN10    
|uhtml|bestof|Game 1 of a best-of-3
|t:|1785478881
|gametype|doubles
|player|p1|PewPewMewMew|266|1427
|player|p2|VOVOMAXBEN10|wattson|1707
|gen|9
|tier|[Gen 9 Champions] VGC 2026 Reg M-B (Bo3)
|rated|
|rule|Species Clause: Limit one of each Pokémon
|rule|Item Clause: Limit 1 of each item
|clearpoke
|poke|p1|Floette-Eternal, L50, F|
|poke|p1|Whimsicott, L50, F|
|poke|p1|Basculegion, L50, M|
|poke|p1|Incineroar, L50, M|
|poke|p1|Staraptor, L50, F|
|poke|p1|Glimmora, L50, F|
|poke|p2|Gardevoir, L50, F|
|poke|p2|Basculegion, L50, M|
|poke|p2|Talonflame, L50, F|
|poke|p2|Maushold, L50|
|poke|p2|Kommo-o, L50, F|
|poke|p2|Kingambit, L50, F|
|teampreview|4
|showteam|p1|Floette-Eternal||Floettite|FlowerVeil|Moonblast,DazzlingGleam,LightofRuin,Protect|Timid||F|||50|]Whimsicott||OccaBerry|Prankster|Moonblast,Encore,Tailwind,Charm|Bold||F|||50|]Basculegion||LifeOrb|Adaptability|WaveCrash,LastRespects,AquaJet,Protect|Jolly||M|||50|]Incineroar||SitrusBerry|Intimidate|FakeOut,PartingShot,FlareBlitz,ThroatChop|Careful||M|||50|]Staraptor||Staraptite|Intimidate|CloseCombat,BraveBird,Roost,Protect|Adamant||F|||50|]Glimmora||FocusSash|ToxicDebris|PowerGem,SludgeBomb,EarthPower,SpikyShield|Modest||F|||50|
|showteam|p2|Gardevoir||Gardevoirite|Trace|HyperVoice,Psychic,Thunderbolt,Protect|Modest||F|||50|]Basculegion||ChoiceScarf|Adaptability|WaveCrash,LastRespects,FlipTurn,AquaJet|Jolly||M|||50|]Talonflame||SharpBeak|GaleWings|DualWingbeat,FlareBlitz,Tailwind,Protect|Jolly||F|||50|]Maushold||FocusSash|FriendGuard|SuperFang,Feint,FollowMe,Protect|Jolly|||||50|]Kommo-o||LifeOrb|Soundproof|ClangingScales,DracoMeteor,AuraSphere,Protect|Modest||F|||50|]Kingambit||ExpertBelt|Defiant|KowtowCleave,SuckerPunch,IronHead,LowKick|Jolly||F|||50|
|
|t:|1785478933
|teamsize|p1|4
|teamsize|p2|4
|start
|switch|p1a: Floette|Floette-Eternal, L50, F|100/100
|switch|p1b: Whimsicott|Whimsicott, L50, F|100/100
|switch|p2a: Kingambit|Kingambit, L50, F|100/100
|switch|p2b: Maushold|Maushold, L50|100/100
|turn|1
|
|t:|1785478946
|detailschange|p1a: Floette|Floette-Mega, L50, F
|-mega|p1a: Floette|Floette|Floettite
|-ability|p1a: Floette|Fairy Aura
|move|p2b: Maushold|Follow Me|p2b: Maushold
|-singleturn|p2b: Maushold|move: Follow Me
|move|p1a: Floette|Dazzling Gleam|p2b: Maushold|[spread] p2a,p2b
|-damage|p2a: Kingambit|62/100
|-damage|p2b: Maushold|48/100
|move|p1b: Whimsicott|Moonblast|p2b: Maushold
|-damage|p2b: Maushold|1/100
|move|p2a: Kingambit|Iron Head|p1a: Floette
|-supereffective|p1a: Floette|1
|-damage|p1a: Floette|0 fnt
|faint|p1a: Floette
|
|upkeep
|
|t:|1785478977
|switch|p1a: Glimmora|Glimmora, L50, F|100/100
|turn|2
|
|t:|1785478998
|switch|p2a: Talonflame|Talonflame, L50, F|100/100
|move|p2b: Maushold|Protect|p2b: Maushold
|-singleturn|p2b: Maushold|Protect
|move|p1a: Glimmora|Earth Power|p2a: Talonflame
|-immune|p2a: Talonflame
|move|p1b: Whimsicott|Moonblast|p2a: Talonflame
|-resisted|p2a: Talonflame|1
|-damage|p2a: Talonflame|83/100
|
|upkeep
|turn|3
|
|t:|1785479025
|switch|p2a: Kingambit|Kingambit, L50, F|62/100
|move|p2b: Maushold|Super Fang|p1a: Glimmora
|-damage|p1a: Glimmora|50/100y
|-activate|p1a: Glimmora|ability: Toxic Debris
|-sidestart|p2: VOVOMAXBEN10|move: Toxic Spikes
|move|p1a: Glimmora|Power Gem|p2a: Kingambit
|-resisted|p2a: Kingambit|1
|-damage|p2a: Kingambit|42/100
|move|p1b: Whimsicott|Moonblast|p2b: Maushold
|-damage|p2b: Maushold|0 fnt
|faint|p2b: Maushold
|
|upkeep
|
|t:|1785479036
|switch|p2b: Talonflame|Talonflame, L50, F|83/100
|turn|4
|
|t:|1785479041
|move|p1b: Whimsicott|Tailwind|p1b: Whimsicott
|-sidestart|p1: PewPewMewMew|move: Tailwind
|move|p2a: Kingambit|Sucker Punch|p1a: Glimmora
|-damage|p1a: Glimmora|6/100
|-activate|p1a: Glimmora|ability: Toxic Debris
|-sidestart|p2: VOVOMAXBEN10|move: Toxic Spikes
|move|p1a: Glimmora|Earth Power|p2a: Kingambit
|-supereffective|p2a: Kingambit|1
|-damage|p2a: Kingambit|0 fnt
|faint|p2a: Kingambit
|move|p2b: Talonflame|Dual Wingbeat|p1b: Whimsicott
|-supereffective|p1b: Whimsicott|1
|-damage|p1b: Whimsicott|69/100
|-supereffective|p1b: Whimsicott|1
|-damage|p1b: Whimsicott|35/100
|-hitcount|p1b: Whimsicott|2
|
|upkeep
|
|t:|1785479052
|switch|p2a: Gardevoir|Gardevoir, L50, F|100/100
|-status|p2a: Gardevoir|tox
|-ability|p2a: Gardevoir|Prankster|Trace|[from] ability: Trace|[of] p1b: Whimsicott
|turn|5
|
|t:|1785479058
|detailschange|p2a: Gardevoir|Gardevoir-Mega, L50, F
|-mega|p2a: Gardevoir|Gardevoir|Gardevoirite
|move|p2b: Talonflame|Protect|p2b: Talonflame
|-singleturn|p2b: Talonflame|Protect
|move|p1b: Whimsicott|Encore|p2b: Talonflame
|-activate|p2b: Talonflame|move: Protect
|move|p1a: Glimmora|Sludge Bomb|p2a: Gardevoir
|-supereffective|p2a: Gardevoir|1
|-damage|p2a: Gardevoir|0 fnt
|faint|p2a: Gardevoir
|
|upkeep
|turn|6
|-message|VOVOMAXBEN10 forfeited.
|
|win|PewPewMewMew
||VOVOMAXBEN10 is ready for game 2.
||PewPewMewMew is ready for game 2.
|uhtml|next|Next: Game 2 of 3
|l|☆VOVOMAXBEN10
|player|p2|
