|j|☆Fedex 27
|j|☆serbol03
|html|Fedex 27serbol03    
|uhtml|bestof|Game 1 of a best-of-3
|t:|1756399724
|gametype|doubles
|player|p1|Fedex 27|will|1158
|player|p2|serbol03|169|1253
|gen|9
|tier|[Gen 9] VGC 2025 Reg H (Bo3)
|rated|
|rule|Species Clause: Limit one of each Pokémon
|rule|Item Clause: Limit 1 of each item
|clearpoke
|poke|p1|Ninetales-Alola, L50, F|
|poke|p1|Dragonite, L50, F|
|poke|p1|Gholdengo, L50|
|poke|p1|Magmar, L50, F|
|poke|p1|Annihilape, L50, M|
|poke|p1|Ursaluna-Bloodmoon, L50, M|
|poke|p2|Dragapult, L50, M|
|poke|p2|Sneasler, L50, M|
|poke|p2|Kingambit, L50, M|
|poke|p2|Primarina, L50, F|
|poke|p2|Magmar, L50, F|
|poke|p2|Rillaboom, L50, F|
|teampreview|4
|showteam|p1|Ninetales-Alola||LightClay|SnowWarning|AuroraVeil,Blizzard,IceBeam,Encore|||F|||50|,,,,,Ghost]Dragonite||LoadedDice|Multiscale|ScaleShot,IceSpinner,ExtremeSpeed,Protect|||F|||50|,,,,,Normal]Gholdengo||MetalCoat|GoodasGold|MakeItRain,Protect,ShadowBall,NastyPlot||||||50|,,,,,Dragon]Magmar||Eviolite|FlameBody|FollowMe,HeatWave,Protect,WillOWisp|||F|||50|,,,,,Ghost]Annihilape||SafetyGoggles|Defiant|DrainPunch,BulkUp,Protect,RageFist|||M|||50|,,,,,Fire]Ursaluna-Bloodmoon||AssaultVest|MindsEye|BloodMoon,EarthPower,VacuumWave,HyperVoice|||M|||50|,,,,,Water
|showteam|p2|Dragapult||ChoiceBand|ClearBody|DragonDarts,PhantomForce,Outrage,Uturn|||M|||50|,,,,,Dragon]Sneasler||FocusSash|Unburden|CloseCombat,DireClaw,FakeOut,Protect|||M|||50|,,,,,Ghost]Kingambit||BlackGlasses|Defiant|KowtowCleave,SuckerPunch,SwordsDance,Protect|||M|||50|,,,,,Dark]Primarina||ThroatSpray|LiquidVoice|HyperVoice,Moonblast,Haze,Protect|||F|||50|,,,,,Poison]Magmar||Eviolite|VitalSpirit|Overheat,WillOWisp,FollowMe,Protect|||F|||50|,,,,,Ghost]Rillaboom||AssaultVest|GrassySurge|WoodHammer,GrassyGlide,HighHorsepower,FakeOut|||F|||50|,,,,,Fire
|inactive|Battle timer is ON: inactive players will automatically lose when time's up. (requested by Fedex 27)
|inactive|Fedex 27 has 60 seconds left.
|inactive|serbol03 has 60 seconds left.
|inactive|serbol03 has 30 seconds left.
|inactive|serbol03 has 20 seconds left.
|inactive|serbol03 has 15 seconds left.
|inactive|serbol03 has 10 seconds left.
|inactive|serbol03 has 5 seconds left.
|
|t:|1756399814
|teamsize|p1|4
|teamsize|p2|4
|start
|switch|p1a: Magmar|Magmar, L50, F|100/100
|switch|p1b: Annihilape|Annihilape, L50, M|100/100
|switch|p2a: Kingambit|Kingambit, L50, M|100/100
|switch|p2b: Rillaboom|Rillaboom, L50, F|100/100
|-fieldstart|move: Grassy Terrain|[from] ability: Grassy Surge|[of] p2b: Rillaboom
|turn|1
|inactive|Fedex 27 has 30 seconds left.
|inactive|serbol03 has 30 seconds left.
|inactive|Fedex 27 has 20 seconds left.
|inactive|serbol03 has 20 seconds left.
|inactive|Fedex 27 has 15 seconds left.
|inactive|serbol03 has 15 seconds left.
|inactive|Fedex 27 has 10 seconds left.
|
|t:|1756399861
|switch|p2a: Primarina|Primarina, L50, F|100/100
|-terastallize|p2b: Rillaboom|Fire
|move|p1b: Annihilape|Bulk Up|p1b: Annihilape
|-boost|p1b: Annihilape|atk|1
|-boost|p1b: Annihilape|def|1
|move|p2b: Rillaboom|High Horsepower|p1a: Magmar
|-supereffective|p1a: Magmar
|-damage|p1a: Magmar|46/100
|move|p1a: Magmar|Will-O-Wisp|p2a: Primarina|[miss]
|-miss|p1a: Magmar|p2a: Primarina
|
|-heal|p1a: Magmar|52/100|[from] Grassy Terrain
|upkeep
|turn|2
|inactive|Fedex 27 has 30 seconds left.
|inactive|serbol03 has 30 seconds left.
|inactive|Fedex 27 has 20 seconds left.
|
|t:|1756399899
|move|p1a: Magmar|Protect|p1a: Magmar
|-singleturn|p1a: Magmar|Protect
|move|p1b: Annihilape|Rage Fist|p2a: Primarina
|-damage|p2a: Primarina|70/100
|move|p2b: Rillaboom|High Horsepower|p1a: Magmar
|-activate|p1a: Magmar|move: Protect
|move|p2a: Primarina|Hyper Voice|p1b: Annihilape|[spread] p1b
|-activate|p1a: Magmar|move: Protect
|-damage|p1b: Annihilape|69/100
|-enditem|p2a: Primarina|Throat Spray
|-boost|p2a: Primarina|spa|1|[from] item: Throat Spray
|
|-heal|p1b: Annihilape|74/100|[from] Grassy Terrain
|-heal|p1a: Magmar|57/100|[from] Grassy Terrain
|-heal|p2a: Primarina|75/100|[from] Grassy Terrain
|upkeep
|turn|3
|inactive|Fedex 27 has 30 seconds left.
|
|t:|1756399928
|switch|p1a: Dragonite|Dragonite, L50, F|100/100
|move|p1b: Annihilape|Rage Fist|p2a: Primarina
|-damage|p2a: Primarina|9/100
|move|p2b: Rillaboom|Wood Hammer|p1b: Annihilape
|-damage|p1b: Annihilape|17/100
|-damage|p2b: Rillaboom|83/100|[from] Recoil
|move|p2a: Primarina|Hyper Voice|p1a: Dragonite|[spread] p1a,p1b
|-resisted|p1a: Dragonite
|-damage|p1a: Dragonite|87/100
|-damage|p1b: Annihilape|0 fnt
|faint|p1b: Annihilape
|
|-heal|p2b: Rillaboom|89/100|[from] Grassy Terrain
|-heal|p2a: Primarina|15/100|[from] Grassy Terrain
|upkeep
|
|t:|1756399948
|switch|p1b: Gholdengo|Gholdengo, L50|100/100
|turn|4
|
|t:|1756399965
|-terastallize|p1b: Gholdengo|Dragon
|move|p2a: Primarina|Protect|p2a: Primarina
|-singleturn|p2a: Primarina|Protect
|move|p1a: Dragonite|Extreme Speed|p2a: Primarina
|-activate|p2a: Primarina|move: Protect
|move|p1b: Gholdengo|Nasty Plot|p1b: Gholdengo
|-boost|p1b: Gholdengo|spa|2
|move|p2b: Rillaboom|High Horsepower|p1b: Gholdengo
|-damage|p1b: Gholdengo|62/100
|
|-heal|p1b: Gholdengo|68/100|[from] Grassy Terrain
|-heal|p2b: Rillaboom|95/100|[from] Grassy Terrain
|-heal|p2a: Primarina|21/100|[from] Grassy Terrain
|upkeep
|turn|5
|inactive|Fedex 27 has 30 seconds left.
|
|t:|1756399996
|move|p1b: Gholdengo|Make It Rain|p2b: Rillaboom|[spread] p2a,p2b
|-resisted|p2b: Rillaboom
|-damage|p2a: Primarina|0 fnt
|-damage|p2b: Rillaboom|51/100
|-unboost|p1b: Gholdengo|spa|1
|faint|p2a: Primarina
|move|p1a: Dragonite|Scale Shot|p2b: Rillaboom
|-damage|p2b: Rillaboom|38/100
|-damage|p2b: Rillaboom|23/100
|-damage|p2b: Rillaboom|8/100
|-damage|p2b: Rillaboom|0 fnt
|faint|p2b: Rillaboom
|-hitcount|p2: Rillaboom|4
|-unboost|p1a: Dragonite|def|1
|-boost|p1a: Dragonite|spe|1
|
|-heal|p1b: Gholdengo|74/100|[from] Grassy Terrain
|-fieldend|move: Grassy Terrain
|upkeep
|
|t:|1756400013
|switch|p2b: Sneasler|Sneasler, L50, M|100/100
|switch|p2a: Kingambit|Kingambit, L50, M|100/100
|turn|6
|inactive|Fedex 27 has 30 seconds left.
|inactive|serbol03 has 30 seconds left.
|
|t:|1756400045
|switch|p1a: Magmar|Magmar, L50, F|57/100
|move|p1b: Gholdengo|Protect|p1b: Gholdengo
|-singleturn|p1b: Gholdengo|Protect
|move|p2b: Sneasler|Fake Out|p1b: Gholdengo
|-activate|p1b: Gholdengo|move: Protect
|move|p2a: Kingambit|Swords Dance|p2a: Kingambit
|-boost|p2a: Kingambit|atk|2
|
|upkeep
|turn|7
|inactive|Fedex 27 has 30 seconds left.
|inactive|serbol03 has 30 seconds left.
|inactive|serbol03 has 20 seconds left.
|
|t:|1756400081
|move|p2b: Sneasler|Dire Claw|p1b: Gholdengo
|-crit|p1b: Gholdengo
|-damage|p1b: Gholdengo|2/100
|move|p1b: Gholdengo|Shadow Ball|p2b: Sneasler
|-enditem|p2b: Sneasler|Focus Sash
|-damage|p2b: Sneasler|1/100
|-unboost|p2b: Sneasler|spd|1
|move|p1a: Magmar|Will-O-Wisp|p2a: Kingambit|[miss]
|-miss|p1a: Magmar|p2a: Kingambit
|move|p2a: Kingambit|Swords Dance|p2a: Kingambit
|-boost|p2a: Kingambit|atk|2
|
|upkeep
|turn|8
|
|t:|1756400100
|move|p1b: Gholdengo|Protect|p1b: Gholdengo
|-singleturn|p1b: Gholdengo|Protect
|move|p2b: Sneasler|Dire Claw|p1b: Gholdengo
|-activate|p1b: Gholdengo|move: Protect
|move|p1a: Magmar|Heat Wave|p2b: Sneasler|[spread] p2a,p2b
|-supereffective|p2a: Kingambit
|-damage|p2a: Kingambit|50/100
|-damage|p2b: Sneasler|0 fnt
|faint|p2b: Sneasler
|move|p2a: Kingambit|Kowtow Cleave|p1a: Magmar
|-damage|p1a: Magmar|0 fnt
|faint|p1a: Magmar
|
|upkeep
|
|t:|1756400112
|switch|p1a: Dragonite|Dragonite, L50, F|87/100
|turn|9
|inactive|Fedex 27 has 30 seconds left.
|
|t:|1756400140
|move|p2a: Kingambit|Sucker Punch|p1b: Gholdengo
|-damage|p1b: Gholdengo|0 fnt
|faint|p1b: Gholdengo
|move|p1a: Dragonite|Scale Shot|p2a: Kingambit
|-resisted|p2a: Kingambit
|-damage|p2a: Kingambit|44/100
|-resisted|p2a: Kingambit
|-damage|p2a: Kingambit|39/100
|-resisted|p2a: Kingambit
|-damage|p2a: Kingambit|33/100
|-resisted|p2a: Kingambit
|-damage|p2a: Kingambit|28/100
|-resisted|p2a: Kingambit
|-damage|p2a: Kingambit|22/100
|-hitcount|p2a: Kingambit|5
|-unboost|p1a: Dragonite|def|1
|-boost|p1a: Dragonite|spe|1
|
|upkeep
|turn|10
|
|t:|1756400160
|move|p2a: Kingambit|Sucker Punch|p1a: Dragonite
|-crit|p1a: Dragonite
|-damage|p1a: Dragonite|0 fnt
|faint|p1a: Dragonite
|
|win|serbol03
