|j|☆Chandeliere
|j|☆Farei Jr VGC
|html|ChandeliereFarei Jr VGC    
|uhtml|bestof|Game 1 of a best-of-3
|t:|1756514640
|gametype|doubles
|player|p1|Chandeliere|ethan|1220
|player|p2|Farei Jr VGC|hiker-gen7|1159
|gen|9
|tier|[Gen 9] VGC 2025 Reg H (Bo3)
|rated|
|rule|Species Clause: Limit one of each Pokémon
|rule|Item Clause: Limit 1 of each item
|clearpoke
|poke|p1|Incineroar, L50, M|
|poke|p1|Dragonite, L50, M|
|poke|p1|Porygon2, L50|
|poke|p1|Ursaluna-Bloodmoon, L50, M|
|poke|p1|Ninetales-Alola, L50, F|
|poke|p1|Annihilape, L50, F|
|poke|p2|Maushold-Four, L50|
|poke|p2|Annihilape, L50, F|
|poke|p2|Rillaboom, L50, M|
|poke|p2|Klefki, L50, M|
|poke|p2|Volcarona, L50, F|
|poke|p2|Tyranitar, L50, M|
|teampreview|4
|showteam|p1|Incineroar||ChopleBerry|Intimidate|FlareBlitz,KnockOff,FakeOut,PartingShot|||M|||50|,,,,,Grass]Dragonite||LoadedDice|Multiscale|ScaleShot,Tailwind,Haze,Protect|||M|||50|,,,,,Steel]Porygon2||Eviolite|Download|TeraBlast,IceBeam,Recover,TrickRoom||||||50|,,,,,Fighting]Ursaluna-Bloodmoon||AssaultVest|MindsEye|HyperVoice,BloodMoon,VacuumWave,EarthPower|||M|||50|,,,,,Water]Ninetales-Alola||LightClay|SnowWarning|IcicleSpear,Encore,IcyWind,AuroraVeil|||F|||50|,,,,,Ghost]Annihilape||SafetyGoggles|Defiant|DrainPunch,RageFist,BulkUp,Protect|||F|||50|,,,,,Fire
|showteam|p2|Maushold-Four||SafetyGoggles|FriendGuard|Protect,BeatUp,Taunt,FollowMe||||||50|,,,,,Ghost]Annihilape||Leftovers|Defiant|Protect,RageFist,BulkUp,DrainPunch|||F|||50|,,,,,Fire]Rillaboom||MeadowPlate|GrassySurge|FakeOut,WoodHammer,GrassyGlide,Uturn|||M|||50|,,,,,Fire]Klefki||LightClay|Prankster|Reflect,LightScreen,ThunderWave,DazzlingGleam|||M|||50|,,,,,Water]Volcarona||GrassySeed|FlameBody|Protect,GigaDrain,QuiverDance,HeatWave|||F|||50|,,,,,Grass]Tyranitar||AssaultVest|SandStream|TeraBlast,RockSlide,LowKick,KnockOff|||M|||50|,,,,,Flying
|inactive|Battle timer is ON: inactive players will automatically lose when time's up. (requested by Farei Jr VGC)
|inactive|Chandeliere has 60 seconds left.
|inactive|Farei Jr VGC has 60 seconds left.
|inactive|Chandeliere has 30 seconds left.
|
|t:|1756514705
|teamsize|p1|4
|teamsize|p2|4
|start
|switch|p1a: Ninetales|Ninetales-Alola, L50, F|100/100
|switch|p1b: Annihilape|Annihilape, L50, F|100/100
|switch|p2a: Klefki|Klefki, L50, M|100/100
|switch|p2b: Annihilape|Annihilape, L50, F|100/100
|-weather|Snowscape|[from] ability: Snow Warning|[of] p1a: Ninetales
|turn|1
|inactive|Farei Jr VGC has 30 seconds left.
|
|t:|1756514735
|-terastallize|p2b: Annihilape|Fire
|move|p2a: Klefki|Thunder Wave|p1a: Ninetales|[miss]
|-miss|p2a: Klefki|p1a: Ninetales
|move|p1a: Ninetales|Icicle Spear|p1b: Annihilape
|-damage|p1b: Annihilape|94/100
|-damage|p1b: Annihilape|88/100
|-damage|p1b: Annihilape|83/100
|-hitcount|p1b: Annihilape|3
|move|p1b: Annihilape|Rage Fist|p2a: Klefki
|-damage|p2a: Klefki|24/100
|move|p2b: Annihilape|Bulk Up|p2b: Annihilape
|-boost|p2b: Annihilape|atk|1
|-boost|p2b: Annihilape|def|1
|
|-weather|Snowscape|[upkeep]
|upkeep
|turn|2
|inactive|Chandeliere has 30 seconds left.
|
|t:|1756514763
|move|p2a: Klefki|Thunder Wave|p1a: Ninetales
|-status|p1a: Ninetales|par
|move|p2b: Annihilape|Rage Fist|p1b: Annihilape
|-supereffective|p1b: Annihilape
|-damage|p1b: Annihilape|27/100
|move|p1b: Annihilape|Rage Fist|p2b: Annihilape
|-damage|p2b: Annihilape|26/100
|move|p1a: Ninetales|Icicle Spear|p1b: Annihilape
|-damage|p1b: Annihilape|21/100
|-damage|p1b: Annihilape|14/100
|-damage|p1b: Annihilape|8/100
|-hitcount|p1b: Annihilape|3
|
|-weather|Snowscape|[upkeep]
|-heal|p2b: Annihilape|33/100|[from] item: Leftovers
|upkeep
|turn|3
|inactive|Chandeliere has 30 seconds left.
|
|t:|1756514789
|switch|p1a: Dragonite|Dragonite, L50, M|100/100
|move|p1b: Annihilape|Protect|p1b: Annihilape
|-singleturn|p1b: Annihilape|Protect
|move|p2a: Klefki|Thunder Wave|p1b: Annihilape
|-activate|p1b: Annihilape|move: Protect
|move|p2b: Annihilape|Rage Fist|p1a: Dragonite
|-damage|p1a: Dragonite|68/100
|
|-weather|Snowscape|[upkeep]
|-heal|p2b: Annihilape|39/100|[from] item: Leftovers
|upkeep
|turn|4
|
|t:|1756514811
|move|p2a: Klefki|Reflect|p2a: Klefki
|-sidestart|p2: Farei Jr VGC|Reflect
|move|p2b: Annihilape|Rage Fist|p1b: Annihilape
|-supereffective|p1b: Annihilape
|-damage|p1b: Annihilape|0 fnt
|faint|p1b: Annihilape
|move|p1a: Dragonite|Scale Shot|p2b: Annihilape
|-damage|p2b: Annihilape|32/100
|-damage|p2b: Annihilape|25/100
|-damage|p2b: Annihilape|18/100
|-damage|p2b: Annihilape|11/100
|-damage|p2b: Annihilape|4/100
|-hitcount|p2b: Annihilape|5
|-unboost|p1a: Dragonite|def|1
|-boost|p1a: Dragonite|spe|1
|
|-weather|Snowscape|[upkeep]
|-heal|p2b: Annihilape|11/100|[from] item: Leftovers
|upkeep
|
|t:|1756514827
|switch|p1b: Ursaluna|Ursaluna-Bloodmoon, L50, M|100/100
|turn|5
|
|t:|1756514849
|switch|p2a: Rillaboom|Rillaboom, L50, M|100/100
|-fieldstart|move: Grassy Terrain|[from] ability: Grassy Surge|[of] p2a: Rillaboom
|-terastallize|p1b: Ursaluna|Water
|move|p2b: Annihilape|Protect|p2b: Annihilape
|-singleturn|p2b: Annihilape|Protect
|move|p1b: Ursaluna|Vacuum Wave|p2b: Annihilape
|-activate|p2b: Annihilape|move: Protect
|move|p1a: Dragonite|Tailwind|p1a: Dragonite
|-sidestart|p1: Chandeliere|move: Tailwind
|
|-weather|none
|-heal|p2b: Annihilape|17/100|[from] Grassy Terrain
|-heal|p2b: Annihilape|23/100|[from] item: Leftovers
|upkeep
|turn|6
|
|t:|1756514871
|switch|p1b: Ninetales|Ninetales-Alola, L50, F|100/100 par
|-weather|Snowscape|[from] ability: Snow Warning|[of] p1b: Ninetales
|switch|p2b: Klefki|Klefki, L50, M|24/100
|move|p1a: Dragonite|Protect|p1a: Dragonite
|-singleturn|p1a: Dragonite|Protect
|move|p2a: Rillaboom|Wood Hammer|p1b: Ninetales
|-damage|p1b: Ninetales|20/100 par
|-damage|p2a: Rillaboom|78/100|[from] Recoil
|
|-weather|Snowscape|[upkeep]
|-heal|p1b: Ninetales|27/100 par|[from] Grassy Terrain
|-heal|p2a: Rillaboom|84/100|[from] Grassy Terrain
|-heal|p2b: Klefki|30/100|[from] Grassy Terrain
|upkeep
|turn|7
|
|t:|1756514890
|switch|p2a: Tyranitar|Tyranitar, L50, M|100/100
|-weather|Sandstorm|[from] ability: Sand Stream|[of] p2a: Tyranitar
|move|p2b: Klefki|Thunder Wave|p1a: Dragonite
|-status|p1a: Dragonite|par
|cant|p1a: Dragonite|par
|move|p1b: Ninetales|Aurora Veil||[still]
|-fail|p1b: Ninetales
|
|-weather|Sandstorm|[upkeep]
|-damage|p1a: Dragonite|62/100 par|[from] Sandstorm
|-damage|p1b: Ninetales|20/100 par|[from] Sandstorm
|-heal|p1b: Ninetales|27/100 par|[from] Grassy Terrain
|-heal|p2b: Klefki|36/100|[from] Grassy Terrain
|upkeep
|turn|8
|inactive|Chandeliere has 30 seconds left.
|
|t:|1756514917
|switch|p1b: Ursaluna|Ursaluna-Bloodmoon, L50, M, tera:Water|100/100
|move|p2b: Klefki|Light Screen|p2b: Klefki
|-sidestart|p2: Farei Jr VGC|move: Light Screen
|move|p1a: Dragonite|Scale Shot|p2a: Tyranitar
|-damage|p2a: Tyranitar|92/100
|-damage|p2a: Tyranitar|83/100
|-damage|p2a: Tyranitar|74/100
|-damage|p2a: Tyranitar|66/100
|-hitcount|p2a: Tyranitar|4
|-unboost|p1a: Dragonite|def|1
|-boost|p1a: Dragonite|spe|1
|move|p2a: Tyranitar|Rock Slide|p1b: Ursaluna|[spread] p1a,p1b
|-supereffective|p1a: Dragonite
|-damage|p1a: Dragonite|0 fnt
|-damage|p1b: Ursaluna|80/100
|faint|p1a: Dragonite
|
|-weather|Sandstorm|[upkeep]
|-damage|p1b: Ursaluna|74/100|[from] Sandstorm
|-heal|p1b: Ursaluna|80/100|[from] Grassy Terrain
|-heal|p2b: Klefki|42/100|[from] Grassy Terrain
|-heal|p2a: Tyranitar|72/100|[from] Grassy Terrain
|-sideend|p1: Chandeliere|move: Tailwind
|upkeep
|
|t:|1756514936
|switch|p1a: Ninetales|Ninetales-Alola, L50, F|27/100 par
|-weather|Snowscape|[from] ability: Snow Warning|[of] p1a: Ninetales
|turn|9
|
|t:|1756514953
|move|p2b: Klefki|Thunder Wave|p1b: Ursaluna
|-status|p1b: Ursaluna|par
|move|p2a: Tyranitar|Rock Slide|p1a: Ninetales|[spread] p1a,p1b
|-supereffective|p1a: Ninetales
|-damage|p1a: Ninetales|0 fnt
|-damage|p1b: Ursaluna|59/100 par
|faint|p1a: Ninetales
|move|p1b: Ursaluna|Blood Moon|p2a: Tyranitar
|-resisted|p2a: Tyranitar
|-damage|p2a: Tyranitar|59/100
|
|-weather|Snowscape|[upkeep]
|-heal|p2b: Klefki|48/100|[from] Grassy Terrain
|-heal|p2a: Tyranitar|65/100|[from] Grassy Terrain
|-heal|p1b: Ursaluna|65/100 par|[from] Grassy Terrain
|-fieldend|move: Grassy Terrain
|upkeep
|turn|10
|-message|Chandeliere forfeited.
|
|win|Farei Jr VGC
||Farei Jr VGC is ready for game 2.
||Chandeliere is ready for game 2.
|uhtml|next|Next: Game 2 of 3
|l|☆Farei Jr VGC
|player|p2|
