|j|☆Brunito zambonin
|j|☆castoriceball
|html|Brunito zambonincastoriceball    
|uhtml|bestof|Game 2 of a best-of-3
|t:|1785637410
|gametype|doubles
|player|p1|Brunito zambonin|265|1239
|player|p2|castoriceball|miku-flying|1270
|gen|9
|tier|[Gen 9 Champions] VGC 2026 Reg M-B (Bo3)
|rated|
|rule|Species Clause: Limit one of each Pokémon
|rule|Item Clause: Limit 1 of each item
|clearpoke
|poke|p1|Charizard, L50, F|
|poke|p1|Whimsicott, L50, M|
|poke|p1|Garchomp, L50, F|
|poke|p1|Kingambit, L50, F|
|poke|p1|Sylveon, L50, F|
|poke|p1|Basculegion, L50, M|
|poke|p2|Espathra, L50, M|
|poke|p2|Sableye, L50, M|
|poke|p2|Sinistcha, L50|
|poke|p2|Floette-Eternal, L50, F|
|poke|p2|Archaludon, L50, M|
|poke|p2|Sneasler, L50, F|
|teampreview|4
|showteam|p1|Charizard||CharizarditeY|Blaze|Protect,SolarBeam,WeatherBall,HeatWave|Modest||F|||50|]Whimsicott||FocusSash|Prankster|Moonblast,Encore,Tailwind,Protect|Timid||M|||50|]Garchomp||LifeOrb|RoughSkin|Protect,RockSlide,DragonClaw,Earthquake|Adamant||F|||50|]Kingambit||ChopleBerry|Defiant|LowKick,SuckerPunch,IronHead,KowtowCleave|Adamant||F|||50|]Sylveon||FairyFeather|Pixilate|Protect,HyperVoice,HyperBeam,QuickAttack|Modest||F|||50|]Basculegion||MysticWater|Adaptability|Protect,WaveCrash,AquaJet,LastRespects|Adamant||M|||50|
|showteam|p2|Espathra||ColburBerry|SpeedBoost|CalmMind,BatonPass,LuminaCrash,Protect|Bold||M|||50|]Sableye||RoseliBerry|Prankster|FakeOut,LightScreen,Reflect,RainDance|Careful||M|||50|]Sinistcha||LifeOrb|Hospitality|RagePowder,MatchaGotcha,ShadowBall,Protect|Modest|||||50|]Floette-Eternal||Floettite|FlowerVeil|DazzlingGleam,DrainingKiss,LightofRuin,Protect|Modest||F|||50|]Archaludon||Leftovers|Stamina|FlashCannon,DragonPulse,ElectroShot,Protect|Modest||M|||50|]Sneasler||FocusSash|PoisonTouch|DireClaw,CloseCombat,FakeOut,QuickGuard|Adamant||F|||50|
|
|t:|1785637428
|teamsize|p1|4
|teamsize|p2|4
|start
|switch|p1a: Whimsicott|Whimsicott, L50, M|100/100
|switch|p1b: Charizard|Charizard, L50, F|100/100
|switch|p2a: gremlin|Sableye, L50, M|100/100
|switch|p2b: bridgecaludon|Archaludon, L50, M|100/100
|turn|1
|
|t:|1785637451
|detailschange|p1b: Charizard|Charizard-Mega-Y, L50, F
|-mega|p1b: Charizard|Charizard|Charizardite Y
|-weather|SunnyDay|[from] ability: Drought|[of] p1b: Charizard
|move|p1a: Whimsicott|Protect|p1a: Whimsicott
|-singleturn|p1a: Whimsicott|Protect
|move|p2a: gremlin|Fake Out|p1b: Charizard
|-damage|p1b: Charizard|92/100
|cant|p1b: Charizard|flinch
|move|p2b: bridgecaludon|Flash Cannon|p1a: Whimsicott
|-activate|p1a: Whimsicott|move: Protect
|
|-weather|SunnyDay|[upkeep]
|upkeep
|turn|2
|
|t:|1785637464
|move|p1a: Whimsicott|Tailwind|p1a: Whimsicott
|-sidestart|p1: Brunito zambonin|move: Tailwind
|move|p2a: gremlin|Rain Dance|p2a: gremlin
|-weather|RainDance
|move|p1b: Charizard|Heat Wave|p2b: bridgecaludon|[spread] p2a,p2b
|-damage|p2a: gremlin|75/100
|-damage|p2b: bridgecaludon|77/100
|-ability|p2b: bridgecaludon|Stamina|boost
|-boost|p2b: bridgecaludon|def|1
|move|p2b: bridgecaludon|Electro Shot||[still]
|-prepare|p2b: bridgecaludon|Electro Shot
|-boost|p2b: bridgecaludon|spa|1
|-anim|p2b: bridgecaludon|Electro Shot|p1b: Charizard
|-supereffective|p1b: Charizard|1
|-damage|p1b: Charizard|0 fnt
|faint|p1b: Charizard
|
|-weather|RainDance|[upkeep]
|-heal|p2b: bridgecaludon|83/100|[from] item: Leftovers
|upkeep
|
|t:|1785637492
|switch|p1b: Garchomp|Garchomp, L50, F|100/100
|turn|3
|
|t:|1785637512
|move|p1a: Whimsicott|Encore|p2b: bridgecaludon
|-start|p2b: bridgecaludon|Encore
|move|p2a: gremlin|Light Screen|p2a: gremlin
|-sidestart|p2: castoriceball|move: Light Screen
|move|p1b: Garchomp|Earthquake|p2b: bridgecaludon|[spread] p1a,p2a,p2b
|-resisted|p1a: Whimsicott|1
|-supereffective|p2b: bridgecaludon|1
|-damage|p1a: Whimsicott|61/100
|-damage|p2a: gremlin|13/100
|-damage|p2b: bridgecaludon|34/100
|-ability|p2b: bridgecaludon|Stamina|boost
|-boost|p2b: bridgecaludon|def|1
|-damage|p1b: Garchomp|90/100|[from] item: Life Orb
|move|p2b: bridgecaludon|Electro Shot||[still]
|-prepare|p2b: bridgecaludon|Electro Shot
|-boost|p2b: bridgecaludon|spa|1
|-anim|p2b: bridgecaludon|Electro Shot|p1b: Garchomp
|-immune|p1b: Garchomp
|
|-weather|RainDance|[upkeep]
|-heal|p2b: bridgecaludon|40/100|[from] item: Leftovers
|upkeep
|turn|4
|
|t:|1785637546
|move|p2a: gremlin|Reflect|p2a: gremlin
|-sidestart|p2: castoriceball|Reflect
|move|p1a: Whimsicott|Moonblast|p2b: bridgecaludon
|-damage|p2b: bridgecaludon|12/100
|-ability|p2b: bridgecaludon|Stamina|boost
|-boost|p2b: bridgecaludon|def|1
|move|p1b: Garchomp|Dragon Claw|p2a: gremlin
|-damage|p2a: gremlin|0 fnt
|faint|p2a: gremlin
|-damage|p1b: Garchomp|80/100|[from] item: Life Orb
|move|p2b: bridgecaludon|Electro Shot||[still]
|-prepare|p2b: bridgecaludon|Electro Shot
|-boost|p2b: bridgecaludon|spa|1
|-anim|p2b: bridgecaludon|Electro Shot|p1a: Whimsicott
|-resisted|p1a: Whimsicott|1
|-damage|p1a: Whimsicott|0 fnt
|faint|p1a: Whimsicott
|
|-weather|RainDance|[upkeep]
|-heal|p2b: bridgecaludon|18/100|[from] item: Leftovers
|upkeep
|
|t:|1785637563
|switch|p1a: Basculegion|Basculegion, L50, M|100/100
|switch|p2a: Sneasler|Sneasler, L50, F|100/100
|turn|5
|
|t:|1785637583
|move|p2a: Sneasler|Fake Out|p1b: Garchomp
|-damage|p1b: Garchomp|66/100
|-damage|p2a: Sneasler|87/100|[from] ability: Rough Skin|[of] p1b: Garchomp
|cant|p1b: Garchomp|flinch
|move|p1a: Basculegion|Last Respects|p2b: bridgecaludon
|-damage|p2b: bridgecaludon|1/100
|-ability|p2b: bridgecaludon|Stamina|boost
|-boost|p2b: bridgecaludon|def|1
|move|p2b: bridgecaludon|Electro Shot||[still]
|-prepare|p2b: bridgecaludon|Electro Shot
|-boost|p2b: bridgecaludon|spa|1
|-anim|p2b: bridgecaludon|Electro Shot|p1a: Basculegion
|-supereffective|p1a: Basculegion|1
|-damage|p1a: Basculegion|0 fnt
|faint|p1a: Basculegion
|
|-weather|RainDance|[upkeep]
|-heal|p2b: bridgecaludon|6/100|[from] item: Leftovers
|-end|p2b: bridgecaludon|Encore
|-sideend|p1: Brunito zambonin|move: Tailwind
|upkeep
|turn|6
|
|t:|1785637603
|move|p2b: bridgecaludon|Protect|p2b: bridgecaludon
|-singleturn|p2b: bridgecaludon|Protect
|move|p2a: Sneasler|Close Combat|p1b: Garchomp
|-damage|p1b: Garchomp|0 fnt
|-unboost|p2a: Sneasler|def|1
|-unboost|p2a: Sneasler|spd|1
|-damage|p2a: Sneasler|75/100|[from] ability: Rough Skin|[of] p1b: Garchomp
|faint|p1b: Garchomp
|
|win|castoriceball
||Brunito zambonin is ready for game 3.
|inactive|castoriceball has 30 seconds to confirm battle start!
