|j|☆SomeKidJon
|j|☆1204Water
|html|SomeKidJon1204Water    
|uhtml|bestof|Game 2 of a best-of-3
|t:|1756347749
|gametype|doubles
|player|p1|SomeKidJon|scientistf|1145
|player|p2|1204Water|hilda-wonderlauncher|1024
|gen|9
|tier|[Gen 9] VGC 2025 Reg H (Bo3)
|rated|
|rule|Species Clause: Limit one of each Pokémon
|rule|Item Clause: Limit 1 of each item
|clearpoke
|poke|p1|Zoroark-Hisui, L50, M|
|poke|p1|Serperior, L50, F|
|poke|p1|Basculegion, L50, M|
|poke|p1|Pelipper, L50, M|
|poke|p1|Kingambit, L50, F|
|poke|p1|Vikavolt, L50, F|
|poke|p2|Basculegion, L50, M|
|poke|p2|Archaludon, L50, F|
|poke|p2|Pelipper, L50, M|
|poke|p2|Incineroar, L50, M|
|poke|p2|Gholdengo, L50|
|poke|p2|Amoonguss, L50, F|
|teampreview|4
|showteam|p1|Zoroark-Hisui||ChoiceSpecs|Illusion|TeraBlast,HyperVoice,Snarl,ShadowBall|||M|||50|,,,,,Stellar]Serperior||LightClay|Contrary|LeafStorm,Reflect,LightScreen,TeraBlast|||F|||50|,,,,,Fire]Basculegion||ChoiceBand|SwiftSwim|WaveCrash,LastRespects,AquaJet,FlipTurn|||M|||50|,,,,,Water]Pelipper||FocusSash|Drizzle|HelpingHand,Tailwind,WeatherBall,Hurricane|||M|||50|,,,,,Ghost]Kingambit||ChopleBerry|Defiant|KowtowCleave,SuckerPunch,LowKick,SwordsDance|||F|||50|,,,,,Dark]Vikavolt||AssaultVest|Levitate|Thunder,VoltSwitch,BugBuzz,TeraBlast|||F|||50|,,,,,Fighting
|showteam|p2|Basculegion||ChoiceBand|SwiftSwim|FlipTurn,WaveCrash,AquaJet,LastRespects|||M|||50|,,,,,Water]Archaludon||AssaultVest|Stamina|ElectroShot,DracoMeteor,FlashCannon,BodyPress|||F|||50|,,,,,Grass]Pelipper||FocusSash|Drizzle|Protect,Tailwind,Hurricane,WeatherBall|||M|||50|,,,,,Ghost]Incineroar||SafetyGoggles|Intimidate|FakeOut,KnockOff,PartingShot,FlareBlitz|||M|||50|,,,,,Ghost]Gholdengo||LifeOrb|GoodasGold|Protect,NastyPlot,MakeItRain,ShadowBall||||||50|,,,,,Water]Amoonguss||RockyHelmet|Regenerator|Protect,RagePowder,Spore,PollenPuff|||F|||50|,,,,,Dark
|
|t:|1756347771
|teamsize|p1|4
|teamsize|p2|4
|start
|switch|p1a: Maelle|Kingambit, L50, F, shiny|100/100
|switch|p1b: Sciel|Serperior, L50, F|100/100
|switch|p2a: Pelipper|Pelipper, L50, M|100/100
|switch|p2b: Archaludon|Archaludon, L50, F, shiny|100/100
|-weather|RainDance|[from] ability: Drizzle|[of] p2a: Pelipper
|turn|1
|
|t:|1756347798
|-terastallize|p1a: Maelle|Dark
|move|p1b: Sciel|Light Screen|p1b: Sciel
|-sidestart|p1: SomeKidJon|move: Light Screen
|move|p2a: Pelipper|Tailwind|p2a: Pelipper
|-sidestart|p2: 1204Water|move: Tailwind
|move|p2b: Archaludon|Body Press|p1a: Maelle
|-supereffective|p1a: Maelle
|-enditem|p1a: Maelle|Chople Berry|[eat]
|-enditem|p1a: Maelle|Chople Berry|[weaken]
|-damage|p1a: Maelle|85/100
|move|p1a: Maelle|Swords Dance|p1a: Maelle
|-boost|p1a: Maelle|atk|2
|
|-weather|RainDance|[upkeep]
|upkeep
|turn|2
|
|t:|1756347843
|move|p2a: Pelipper|Protect|p2a: Pelipper
|-singleturn|p2a: Pelipper|Protect
|move|p1a: Maelle|Sucker Punch|p2b: Archaludon
|-damage|p2b: Archaludon|24/100
|-ability|p2b: Archaludon|Stamina|boost
|-boost|p2b: Archaludon|def|1
|move|p2b: Archaludon|Body Press|p1a: Maelle
|-supereffective|p1a: Maelle
|-damage|p1a: Maelle|36/100
|move|p1b: Sciel|Leaf Storm|p2a: Pelipper
|-activate|p2a: Pelipper|move: Protect
|
|-weather|RainDance|[upkeep]
|upkeep
|turn|3
|
|t:|1756347880
|switch|p1b: Lune|Vikavolt, L50, F|100/100
|move|p1a: Maelle|Sucker Punch|p2b: Archaludon
|-damage|p2b: Archaludon|0 fnt
|faint|p2b: Archaludon
|move|p2a: Pelipper|Weather Ball|p1a: Maelle
|-damage|p1a: Maelle|0 fnt
|faint|p1a: Maelle
|
|-weather|RainDance|[upkeep]
|upkeep
|
|t:|1756347894
|switch|p2b: Gholdengo|Gholdengo, L50|100/100
|switch|p1a: Monocco|Basculegion, L50, M|100/100
|turn|4
|
|t:|1756347908
|move|p2a: Pelipper|Protect|p2a: Pelipper
|-singleturn|p2a: Pelipper|Protect
|move|p2b: Gholdengo|Nasty Plot|p2b: Gholdengo
|-boost|p2b: Gholdengo|spa|2
|move|p1a: Monocco|Last Respects|p2a: Pelipper
|-activate|p2a: Pelipper|move: Protect
|move|p1b: Lune|Thunder|p2b: Gholdengo
|-damage|p2b: Gholdengo|30/100
|
|-weather|RainDance|[upkeep]
|-sideend|p2: 1204Water|move: Tailwind
|upkeep
|turn|5
|
|t:|1756347937
|-terastallize|p2a: Pelipper|Ghost
|move|p1a: Monocco|Last Respects|p2a: Pelipper
|-supereffective|p2a: Pelipper
|-enditem|p2a: Pelipper|Focus Sash
|-damage|p2a: Pelipper|1/100
|move|p2b: Gholdengo|Make It Rain|p1a: Monocco|[spread] p1a,p1b
|-resisted|p1a: Monocco
|-resisted|p1b: Lune
|-damage|p1a: Monocco|52/100
|-damage|p1b: Lune|70/100
|-unboost|p2b: Gholdengo|spa|1
|-damage|p2b: Gholdengo|21/100|[from] item: Life Orb
|move|p2a: Pelipper|Weather Ball|p1a: Monocco
|-resisted|p1a: Monocco
|-damage|p1a: Monocco|29/100
|move|p1b: Lune|Volt Switch|p2a: Pelipper
|-damage|p2a: Pelipper|0 fnt
|faint|p2a: Pelipper
|
|t:|1756347948
|switch|p1b: Sciel|Serperior, L50, F|100/100|[from] Volt Switch
|
|-weather|none
|upkeep
|
|t:|1756347963
|switch|p2a: Basculegion|Basculegion, L50, M, shiny|100/100
|turn|6
|
|t:|1756347975
|move|p2b: Gholdengo|Protect|p2b: Gholdengo
|-singleturn|p2b: Gholdengo|Protect
|move|p1b: Sciel|Leaf Storm|p2a: Basculegion
|-supereffective|p2a: Basculegion
|-damage|p2a: Basculegion|17/100
|-boost|p1b: Sciel|spa|2
|move|p2a: Basculegion|Last Respects|p1a: Monocco
|-supereffective|p1a: Monocco
|-damage|p1a: Monocco|0 fnt
|faint|p1a: Monocco
|
|upkeep
|
|t:|1756347978
|switch|p1a: Lune|Vikavolt, L50, F|70/100
|turn|7
|
|t:|1756347995
|move|p1b: Sciel|Leaf Storm|p2a: Basculegion
|-supereffective|p2a: Basculegion
|-damage|p2a: Basculegion|0 fnt
|-boost|p1b: Sciel|spa|2
|faint|p2a: Basculegion
|move|p2b: Gholdengo|Make It Rain|p1a: Lune|[spread] p1a,p1b
|-resisted|p1a: Lune
|-damage|p1a: Lune|43/100
|-damage|p1b: Sciel|39/100
|-unboost|p2b: Gholdengo|spa|1
|-damage|p2b: Gholdengo|11/100|[from] item: Life Orb
|move|p1a: Lune|Volt Switch|p2b: Gholdengo
|-damage|p2b: Gholdengo|0 fnt
|faint|p2b: Gholdengo
|
|win|SomeKidJon
||SomeKidJon is ready for game 3.
|inactive|1204Water has 30 seconds to confirm battle start!
|inactive|1204Water has 20 seconds to confirm battle start!
||1204Water is ready for game 3.
|uhtml|next|Next: Game 3 of 3
