|j|☆asefutah
|j|☆MrMrvz
|html|asefutahMrMrvz    
|uhtml|bestof|Game 3 of a best-of-3
|t:|1785946579
|gametype|doubles
|player|p1|asefutah|102|1138
|player|p2|MrMrvz|ethan|1148
|gen|9
|tier|[Gen 9 Champions] VGC 2026 Reg M-B (Bo3)
|rated|
|rule|Species Clause: Limit one of each Pokémon
|rule|Item Clause: Limit 1 of each item
|clearpoke
|poke|p1|Sneasler, L50, F|
|poke|p1|Garchomp, L50, F|
|poke|p1|Raichu, L50, F|
|poke|p1|Kingambit, L50, M|
|poke|p1|Umbreon, L50, F|
|poke|p1|Sinistcha, L50|
|poke|p2|Feraligatr, L50, M, shiny|
|poke|p2|Staraptor, L50, F|
|poke|p2|Whimsicott, L50, F|
|poke|p2|Glimmora, L50, F|
|poke|p2|Delphox, L50, F|
|poke|p2|Kingambit, L50, M, shiny|
|teampreview|4
|showteam|p1|Sneasler||WhiteHerb|Unburden|FakeOut,CloseCombat,DireClaw,Protect|Jolly||F|||50|]Garchomp||ChoiceScarf|RoughSkin|RockSlide,RockTomb,StompingTantrum,DragonClaw|Adamant||F|||50|]Raichu||RaichuniteY|LightningRod|FakeOut,Protect,FocusBlast,ZapCannon|Modest||F|||50|]Kingambit||ChopleBerry|Defiant|SuckerPunch,LowKick,IronHead,SwordsDance|Adamant||M|||50|]Umbreon||SitrusBerry|InnerFocus|Roar,Yawn,Snarl,FoulPlay|Calm||F|||50|]Sinistcha||KasibBerry|Hospitality|RagePowder,Protect,MatchaGotcha,LifeDew|Sassy|||||50|
|showteam|p2|Feraligatr||LifeOrb|SheerForce|Liquidation,RockSlide,IcePunch,AquaJet|Adamant||M|||50|]Staraptor||Staraptite|Intimidate|BraveBird,CloseCombat,Roost,Protect|Jolly||F|||50|]Whimsicott||OccaBerry|Prankster|Tailwind,Moonblast,Charm,LightScreen|Timid||F|||50|]Glimmora||FocusSash|ToxicDebris|PowerGem,SludgeBomb,EarthPower,SpikyShield|Modest||F|||50|]Delphox||Delphoxite|Blaze|HeatWave,Psychic,Encore,Protect|Timid||F|||50|]Kingambit||ChopleBerry|Defiant|KowtowCleave,IronHead,LowKick,SuckerPunch|Adamant||M|||50|
|
|t:|1785946632
|teamsize|p1|4
|teamsize|p2|4
|start
|switch|p1a: Sinistcha|Sinistcha, L50|100/100
|switch|p1b: Kingambit|Kingambit, L50, M|100/100
|switch|p2a: Delphox|Delphox, L50, F|100/100
|switch|p2b: Whimsicott|Whimsicott, L50, F|100/100
|turn|1
|
|t:|1785946682
|detailschange|p2a: Delphox|Delphox-Mega, L50, F
|-mega|p2a: Delphox|Delphox|Delphoxite
|move|p2b: Whimsicott|Tailwind|p2b: Whimsicott
|-sidestart|p2: MrMrvz|move: Tailwind
|move|p1b: Kingambit|Sucker Punch|p2a: Delphox
|-supereffective|p2a: Delphox|1
|-crit|p2a: Delphox
|-damage|p2a: Delphox|0 fnt
|faint|p2a: Delphox
|move|p1a: Sinistcha|Matcha Gotcha|p2b: Whimsicott
|-resisted|p2b: Whimsicott|1
|-damage|p2b: Whimsicott|76/100
|
|upkeep
|
|t:|1785946693
|switch|p2a: Glimmora|Glimmora, L50, F|100/100
|turn|2
|
|t:|1785946731
|move|p2b: Whimsicott|Light Screen|p2b: Whimsicott
|-sidestart|p2: MrMrvz|move: Light Screen
|move|p2a: Glimmora|Power Gem|p1a: Sinistcha
|-damage|p1a: Sinistcha|60/100
|move|p1a: Sinistcha|Life Dew||[still]|[spread] p1a,p1b
|-heal|p1a: Sinistcha|85/100
|-fail|p1b: Kingambit|heal
|move|p1b: Kingambit|Iron Head|p2b: Whimsicott
|-supereffective|p2b: Whimsicott|1
|-damage|p2b: Whimsicott|0 fnt
|faint|p2b: Whimsicott
|
|upkeep
|
|t:|1785946741
|switch|p2b: Feraligatr|Feraligatr, L50, M, shiny|100/100
|turn|3
|
|t:|1785946757
|move|p1b: Kingambit|Sucker Punch|p2b: Feraligatr
|-damage|p2b: Feraligatr|63/100
|move|p2a: Glimmora|Sludge Bomb|p1a: Sinistcha
|-damage|p1a: Sinistcha|42/100
|-status|p1a: Sinistcha|psn
|move|p2b: Feraligatr|Ice Punch|p1a: Sinistcha
|-supereffective|p1a: Sinistcha|1
|-damage|p1a: Sinistcha|0 fnt
|faint|p1a: Sinistcha
|
|upkeep
|
|t:|1785946769
|switch|p1a: Raichu|Raichu, L50, F|100/100
|turn|4
|
|t:|1785946783
|move|p1a: Raichu|Fake Out|p2b: Feraligatr
|-damage|p2b: Feraligatr|56/100
|move|p2a: Glimmora|Earth Power|p1b: Kingambit
|-supereffective|p1b: Kingambit|1
|-crit|p1b: Kingambit
|-damage|p1b: Kingambit|2/100
|cant|p2b: Feraligatr|flinch
|move|p1b: Kingambit|Swords Dance|p1b: Kingambit
|-boost|p1b: Kingambit|atk|2
|
|-sideend|p2: MrMrvz|move: Tailwind
|upkeep
|turn|5
|
|t:|1785946795
|detailschange|p1a: Raichu|Raichu-Mega-Y, L50, F
|-mega|p1a: Raichu|Raichu|Raichunite Y
|move|p2b: Feraligatr|Aqua Jet|p1b: Kingambit
|-damage|p1b: Kingambit|0 fnt
|faint|p1b: Kingambit
|-damage|p2b: Feraligatr|46/100|[from] item: Life Orb
|move|p1a: Raichu|Zap Cannon|p2b: Feraligatr
|-supereffective|p2b: Feraligatr|1
|-damage|p2b: Feraligatr|0 fnt
|faint|p2b: Feraligatr
|move|p2a: Glimmora|Earth Power|p1a: Raichu
|-supereffective|p1a: Raichu|1
|-damage|p1a: Raichu|0 fnt
|faint|p1a: Raichu
|
|upkeep
|
|t:|1785946802
|switch|p1b: Sneasler|Sneasler, L50, F|100/100
|turn|6
|
|t:|1785946810
|move|p2a: Glimmora|Spiky Shield|p2a: Glimmora
|-singleturn|p2a: Glimmora|move: Protect
|move|p1b: Sneasler|Fake Out|p2a: Glimmora
|-activate|p2a: Glimmora|move: Protect
|-damage|p1b: Sneasler|87/100|[from] Spiky Shield|[of] p2a: Glimmora
|
|-sideend|p2: MrMrvz|move: Light Screen
|upkeep
|turn|7
|
|t:|1785946818
|move|p1b: Sneasler|Close Combat|p2a: Glimmora
|-damage|p2a: Glimmora|24/100
|-unboost|p1b: Sneasler|def|1
|-unboost|p1b: Sneasler|spd|1
|-activate|p2a: Glimmora|ability: Toxic Debris
|-sidestart|p1: asefutah|move: Toxic Spikes
|-enditem|p1b: Sneasler|White Herb
|-clearnegativeboost|p1b: Sneasler|[silent]
|move|p2a: Glimmora|Earth Power|p1b: Sneasler
|-supereffective|p1b: Sneasler|1
|-damage|p1b: Sneasler|0 fnt
|faint|p1b: Sneasler
|
|win|MrMrvz
|raw|asefutah's rating: 1138 → 1114(-24 for losing)
|raw|MrMrvz's rating: 1148 → 1172(+24 for winning)
|l|☆asefutah
|player|p1|
