|j|☆Killsbugsded
|j|☆JoshSketch
|html|KillsbugsdedJoshSketch    
|uhtml|bestof|Game 1 of a best-of-3
|t:|1757734837
|gametype|doubles
|player|p1|Killsbugsded|265|1097
|player|p2|JoshSketch|169|1035
|gen|9
|tier|[Gen 9] VGC 2025 Reg H (Bo3)
|rated|
|rule|Species Clause: Limit one of each Pokémon
|rule|Item Clause: Limit 1 of each item
|clearpoke
|poke|p1|Rillaboom, L50, M|
|poke|p1|Volcarona, L50, M|
|poke|p1|Maushold-Four, L50|
|poke|p1|Milotic, L50, F|
|poke|p1|Garganacl, L50, M|
|poke|p1|Tyranitar, L50, M|
|poke|p2|Gholdengo, L50|
|poke|p2|Archaludon, L50, F|
|poke|p2|Pelipper, L50, M|
|poke|p2|Sneasler, L50, F|
|poke|p2|Rillaboom, L50, M|
|poke|p2|Basculegion, L50, M|
|teampreview|4
|showteam|p1|Rillaboom||ChoiceScarf|GrassySurge|WoodHammer,Uturn,DrumBeating,HighHorsepower|||M|||50|,,,,,Grass]Volcarona||GrassySeed|FlameBody|Flamethrower,TeraBlast,QuiverDance,Protect|||M|||50|,,,,,Fairy]Maushold-Four||FocusSash|FriendGuard|SuperFang,FollowMe,Taunt,Protect||||||50|,,,,,Ghost]Milotic||CovertCloak|Competitive|Scald,IceBeam,LifeDew,Protect|||F|||50|,,,,,Grass]Garganacl||SitrusBerry|PurifyingSalt|SaltCure,Recover,WideGuard,Protect|||M|||50|,,,,,Ghost]Tyranitar||AssaultVest|SandStream|RockSlide,KnockOff,LowKick,HighHorsepower|||M|||50|,,,,,Bug
|showteam|p2|Gholdengo||LifeOrb|GoodasGold|Protect,NastyPlot,MakeItRain,ShadowBall||||||50|,,,,,Steel]Archaludon||AssaultVest|Stamina|BodyPress,ElectroShot,DracoMeteor,FlashCannon|||F|||50|,,,,,Bug]Pelipper||SafetyGoggles|Drizzle|Tailwind,Hurricane,WeatherBall,Protect|||M|||50|,,,,,Ghost]Sneasler||FocusSash|PoisonTouch|Protect,FakeOut,CloseCombat,DireClaw|||F|||50|,,,,,Stellar]Rillaboom||LoadedDice|GrassySurge|FakeOut,BulletSeed,HighHorsepower,GrassyGlide|||M|||50|,,,,,Fire]Basculegion||ChoiceBand|SwiftSwim|WaveCrash,AquaJet,LastRespects,FlipTurn|||M|||50|,,,,,Grass
|
|t:|1757734882
|teamsize|p1|4
|teamsize|p2|4
|start
|switch|p1a: Rillaboom|Rillaboom, L50, M|100/100
|switch|p1b: Volcarona|Volcarona, L50, M|100/100
|switch|p2a: Suspencer|Archaludon, L50, F|100/100
|switch|p2b: Fruity Kong|Rillaboom, L50, M, shiny|100/100
|-fieldstart|move: Grassy Terrain|[from] ability: Grassy Surge|[of] p1a: Rillaboom
|-enditem|p1b: Volcarona|Grassy Seed
|-boost|p1b: Volcarona|def|1|[from] item: Grassy Seed
|turn|1
|inactive|Battle timer is ON: inactive players will automatically lose when time's up. (requested by Killsbugsded)
|inactive|JoshSketch has 60 seconds left.
|
|t:|1757734921
|switch|p2b: Pelipper|Pelipper, L50, M|100/100
|-weather|RainDance|[from] ability: Drizzle|[of] p2b: Pelipper
|move|p1a: Rillaboom|High Horsepower|p2a: Suspencer
|-supereffective|p2a: Suspencer
|-damage|p2a: Suspencer|52/100
|-ability|p2a: Suspencer|Stamina|boost
|-boost|p2a: Suspencer|def|1
|move|p1b: Volcarona|Quiver Dance|p1b: Volcarona
|-boost|p1b: Volcarona|spa|1
|-boost|p1b: Volcarona|spd|1
|-boost|p1b: Volcarona|spe|1
|move|p2a: Suspencer|Electro Shot||[still]
|-prepare|p2a: Suspencer|Electro Shot
|-boost|p2a: Suspencer|spa|1
|-anim|p2a: Suspencer|Electro Shot|p1b: Volcarona
|-damage|p1b: Volcarona|63/100
|
|-weather|RainDance|[upkeep]
|-heal|p1b: Volcarona|69/100|[from] Grassy Terrain
|-heal|p2a: Suspencer|58/100|[from] Grassy Terrain
|upkeep
|turn|2
|inactive|Killsbugsded has 30 seconds left.
|
|t:|1757734953
|switch|p1a: Tyranitar|Tyranitar, L50, M|100/100
|-weather|Sandstorm|[from] ability: Sand Stream|[of] p1a: Tyranitar
|move|p1b: Volcarona|Quiver Dance|p1b: Volcarona
|-boost|p1b: Volcarona|spa|1
|-boost|p1b: Volcarona|spd|1
|-boost|p1b: Volcarona|spe|1
|move|p2a: Suspencer|Electro Shot||[still]
|-prepare|p2a: Suspencer|Electro Shot
|-boost|p2a: Suspencer|spa|1
|move|p2b: Pelipper|Tailwind|p2b: Pelipper
|-sidestart|p2: JoshSketch|move: Tailwind
|
|-weather|Sandstorm|[upkeep]
|-damage|p1b: Volcarona|63/100|[from] Sandstorm
|-heal|p1b: Volcarona|69/100|[from] Grassy Terrain
|-heal|p2a: Suspencer|64/100|[from] Grassy Terrain
|upkeep
|turn|3
|inactive|Killsbugsded has 30 seconds left.
|
|t:|1757734981
|move|p1b: Volcarona|Protect|p1b: Volcarona
|-singleturn|p1b: Volcarona|Protect
|move|p2a: Suspencer|Electro Shot|p1b: Volcarona|[from] lockedmove
|-activate|p1b: Volcarona|move: Protect
|move|p2b: Pelipper|Weather Ball|p1b: Volcarona
|-activate|p1b: Volcarona|move: Protect
|move|p1a: Tyranitar|Rock Slide|p2b: Pelipper|[spread] p2a,p2b
|-resisted|p2a: Suspencer
|-supereffective|p2b: Pelipper
|-damage|p2a: Suspencer|57/100
|-damage|p2b: Pelipper|36/100
|-ability|p2a: Suspencer|Stamina|boost
|-boost|p2a: Suspencer|def|1
|
|-weather|Sandstorm|[upkeep]
|-damage|p1b: Volcarona|63/100|[from] Sandstorm
|-heal|p1b: Volcarona|69/100|[from] Grassy Terrain
|-heal|p2a: Suspencer|63/100|[from] Grassy Terrain
|upkeep
|turn|4
|inactive|Killsbugsded has 30 seconds left.
|
|t:|1757735011
|switch|p1a: Maushold|Maushold-Four, L50|100/100
|-terastallize|p1b: Volcarona|Fairy
|move|p1b: Volcarona|Tera Blast|p2a: Suspencer|[anim] Tera Blast Fairy
|-damage|p2a: Suspencer|4/100
|-ability|p2a: Suspencer|Stamina|boost
|-boost|p2a: Suspencer|def|1
|move|p2a: Suspencer|Body Press|p1a: Maushold
|-supereffective|p1a: Maushold
|-enditem|p1a: Maushold|Focus Sash
|-damage|p1a: Maushold|1/100
|move|p2b: Pelipper|Weather Ball|p1b: Volcarona
|-damage|p1b: Volcarona|61/100
|
|-weather|Sandstorm|[upkeep]
|-damage|p1b: Volcarona|55/100|[from] Sandstorm
|-damage|p1a: Maushold|0 fnt|[from] Sandstorm
|faint|p1a: Maushold
|-heal|p1b: Volcarona|61/100|[from] Grassy Terrain
|-heal|p2a: Suspencer|10/100|[from] Grassy Terrain
|upkeep
|
|t:|1757735026
|switch|p1a: Rillaboom|Rillaboom, L50, M|100/100
|turn|5
|
|t:|1757735047
|move|p1b: Volcarona|Tera Blast|p2a: Suspencer|[anim] Tera Blast Fairy
|-damage|p2a: Suspencer|0 fnt
|faint|p2a: Suspencer
|move|p2b: Pelipper|Hurricane|p1a: Rillaboom|[miss]
|-miss|p2b: Pelipper|p1a: Rillaboom
|move|p1a: Rillaboom|Wood Hammer|p2b: Pelipper
|-damage|p2b: Pelipper|0 fnt
|faint|p2b: Pelipper
|-damage|p1a: Rillaboom|91/100|[from] Recoil
|
|-weather|Sandstorm|[upkeep]
|-damage|p1b: Volcarona|55/100|[from] Sandstorm
|-damage|p1a: Rillaboom|84/100|[from] Sandstorm
|-heal|p1b: Volcarona|61/100|[from] Grassy Terrain
|-heal|p1a: Rillaboom|91/100|[from] Grassy Terrain
|-sideend|p2: JoshSketch|move: Tailwind
|-fieldend|move: Grassy Terrain
|upkeep
|
|t:|1757735050
|switch|p2a: Fruity Kong|Rillaboom, L50, M, shiny|100/100
|switch|p2b: Kurolivia|Sneasler, L50, F|100/100
|-fieldstart|move: Grassy Terrain|[from] ability: Grassy Surge|[of] p2a: Fruity Kong
|turn|6
|
|t:|1757735069
|-terastallize|p2a: Fruity Kong|Fire
|move|p1b: Volcarona|Protect|p1b: Volcarona
|-singleturn|p1b: Volcarona|Protect
|move|p2b: Kurolivia|Dire Claw|p1b: Volcarona
|-activate|p1b: Volcarona|move: Protect
|move|p1a: Rillaboom|Wood Hammer|p2b: Kurolivia
|-resisted|p2b: Kurolivia
|-damage|p2b: Kurolivia|22/100
|-damage|p1a: Rillaboom|69/100|[from] Recoil
|move|p2a: Fruity Kong|Bullet Seed|p1a: Rillaboom
|-resisted|p1a: Rillaboom
|-damage|p1a: Rillaboom|61/100
|-resisted|p1a: Rillaboom
|-damage|p1a: Rillaboom|54/100
|-resisted|p1a: Rillaboom
|-damage|p1a: Rillaboom|46/100
|-resisted|p1a: Rillaboom
|-damage|p1a: Rillaboom|38/100
|-resisted|p1a: Rillaboom
|-damage|p1a: Rillaboom|30/100
|-hitcount|p1a: Rillaboom|5
|
|-weather|none
|-heal|p1b: Volcarona|68/100|[from] Grassy Terrain
|-heal|p2b: Kurolivia|27/100|[from] Grassy Terrain
|-heal|p1a: Rillaboom|36/100|[from] Grassy Terrain
|upkeep
|turn|7
|
|t:|1757735089
|move|p1b: Volcarona|Flamethrower|p2b: Kurolivia
|-damage|p2b: Kurolivia|0 fnt
|faint|p2b: Kurolivia
|move|p1a: Rillaboom|Wood Hammer|p2a: Fruity Kong
|-resisted|p2a: Fruity Kong
|-damage|p2a: Fruity Kong|58/100
|-damage|p1a: Rillaboom|21/100|[from] Recoil
|move|p2a: Fruity Kong|Bullet Seed|p1b: Volcarona
|-damage|p1b: Volcarona|56/100
|-damage|p1b: Volcarona|43/100
|-damage|p1b: Volcarona|30/100
|-damage|p1b: Volcarona|19/100
|-damage|p1b: Volcarona|7/100
|-hitcount|p1b: Volcarona|5
|
|-heal|p1b: Volcarona|14/100|[from] Grassy Terrain
|-heal|p1a: Rillaboom|28/100|[from] Grassy Terrain
|-heal|p2a: Fruity Kong|64/100|[from] Grassy Terrain
|upkeep
|turn|8
|
|t:|1757735109
|move|p2a: Fruity Kong|Grassy Glide|p1b: Volcarona
|-damage|p1b: Volcarona|0 fnt
|faint|p1b: Volcarona
|move|p1a: Rillaboom|Wood Hammer|p2a: Fruity Kong
|-resisted|p2a: Fruity Kong
|-damage|p2a: Fruity Kong|24/100
|-damage|p1a: Rillaboom|13/100|[from] Recoil
|
|-heal|p1a: Rillaboom|19/100|[from] Grassy Terrain
|-heal|p2a: Fruity Kong|29/100|[from] Grassy Terrain
|upkeep
|
|t:|1757735112
|switch|p1b: Tyranitar|Tyranitar, L50, M|100/100
|-weather|Sandstorm|[from] ability: Sand Stream|[of] p1b: Tyranitar
|turn|9
|
|t:|1757735119
|move|p2a: Fruity Kong|Grassy Glide|p1a: Rillaboom
|-resisted|p1a: Rillaboom
|-damage|p1a: Rillaboom|2/100
|move|p1a: Rillaboom|Wood Hammer|p2a: Fruity Kong
|-resisted|p2a: Fruity Kong
|-damage|p2a: Fruity Kong|0 fnt
|faint|p2a: Fruity Kong
|-damage|p1a: Rillaboom|0 fnt|[from] Recoil
|faint|p1a: Rillaboom
|
|win|Killsbugsded
||JoshSketch is ready for game 2.
||Killsbugsded is ready for game 2.
|uhtml|next|Next: Game 2 of 3
