|j|☆EXHOUL
|j|☆Ribombees believer
|html|EXHOULRibombees believer    
|uhtml|bestof|Game 2 of a best-of-3
|t:|1756349930
|gametype|doubles
|player|p1|EXHOUL|shadowtriad|1482
|player|p2|Ribombees believer|skier|1352
|gen|9
|tier|[Gen 9] VGC 2025 Reg H (Bo3)
|rated|
|rule|Species Clause: Limit one of each Pokémon
|rule|Item Clause: Limit 1 of each item
|clearpoke
|poke|p1|Torkoal, L50, M|
|poke|p1|Lilligant-Hisui, L50, F|
|poke|p1|Armarouge, L50, M|
|poke|p1|Indeedee-F, L50, F|
|poke|p1|Incineroar, L50, M|
|poke|p1|Ursaluna, L50, M|
|poke|p2|Dondozo, L50, F|
|poke|p2|Tatsugiri, L50, M|
|poke|p2|Indeedee, L50, M|
|poke|p2|Dragapult, L50, F|
|poke|p2|Hydreigon, L50, F|
|poke|p2|Ribombee, L50, F|
|teampreview|4
|showteam|p1|Torkoal||Charcoal|Drought|Eruption,Flamethrower,ClearSmog,Protect|||M|||50|,,,,,Fire]Lilligant-Hisui||FocusSash|Chlorophyll|SleepPowder,CloseCombat,Encore,AfterYou|||F|||50|,,,,,Ghost]Armarouge||LifeOrb|FlashFire|ExpandingForce,ArmorCannon,WideGuard,TrickRoom|||M|||50|,,,,,Grass]Indeedee-F||RockyHelmet|PsychicSurge|FollowMe,HelpingHand,DazzlingGleam,TrickRoom|||F|||50|,,,,,Steel]Incineroar||SafetyGoggles|Intimidate|FakeOut,PartingShot,KnockOff,FlareBlitz|||M|||50|,,,,,Ghost]Ursaluna||FlameOrb|Guts|Facade,HeadlongRush,Earthquake,Protect|||M|||50|,,,,,Ghost
|showteam|p2|Dondozo||Leftovers|Unaware|WaveCrash,Earthquake,OrderUp,Protect|||F|||50|,,,,,Grass]Tatsugiri||ChoiceScarf|Commander|MuddyWater,DracoMeteor,DragonPulse,TeraBlast|||M|||50|,,,,,Fairy]Indeedee||FocusSash|PsychicSurge|ExpandingForce,TeraBlast,HyperVoice,Protect|||M|||50|,,,,,Fighting]Dragapult||ChoiceBand|ClearBody|DragonDarts,Outrage,PhantomForce,Uturn|||F|||50|,,,,,Dragon]Hydreigon||AssaultVest|Levitate|EarthPower,Snarl,DarkPulse,DracoMeteor|||F|||50|,,,,,Steel]Ribombee||ChoiceSpecs|ShieldDust|Moonblast,PollenPuff,DazzlingGleam,TeraBlast|||F|||50|,,,,,Ground
|inactive|Battle timer is ON: inactive players will automatically lose when time's up. (requested by EXHOUL)
|inactive|Ribombees believer also wants the timer to be on.
|
|t:|1756349946
|teamsize|p1|4
|teamsize|p2|4
|start
|switch|p1a: Indeedee|Indeedee-F, L50, F|100/100
|switch|p1b: Armarouge|Armarouge, L50, M|100/100
|switch|p2a: Indeedee|Indeedee, L50, M|100/100
|switch|p2b: Hydreigon|Hydreigon, L50, F|100/100
|-fieldstart|move: Psychic Terrain|[from] ability: Psychic Surge|[of] p2a: Indeedee
|turn|1
|inactive|EXHOUL has 30 seconds left.
|
|t:|1756349979
|switch|p1a: Ursaluna|Ursaluna, L50, M|100/100
|-terastallize|p1b: Armarouge|Grass
|move|p2a: Indeedee|Tera Blast|p1a: Ursaluna
|-damage|p1a: Ursaluna|67/100
|move|p2b: Hydreigon|Dark Pulse|p1a: Ursaluna
|-damage|p1a: Ursaluna|28/100
|move|p1b: Armarouge|Trick Room|p1b: Armarouge
|-fieldstart|move: Trick Room|[of] p1b: Armarouge
|
|-status|p1a: Ursaluna|brn|[from] item: Flame Orb
|upkeep
|turn|2
|
|t:|1756350000
|switch|p2b: Tatsugiri|Tatsugiri, L50, M|100/100
|switch|p2a: Dondozo|Dondozo, L50, F|100/100
|-activate|p2b: Tatsugiri|ability: Commander|[of] p2a: Dondozo
|-boost|p2a: Dondozo|atk|2
|-boost|p2a: Dondozo|spa|2
|-boost|p2a: Dondozo|spe|2
|-boost|p2a: Dondozo|def|2
|-boost|p2a: Dondozo|spd|2
|move|p1a: Ursaluna|Facade|p2b: Tatsugiri|[miss]
|-miss|p1a: Ursaluna|p2b: Tatsugiri
|move|p1b: Armarouge|Armor Cannon|p2b: Tatsugiri|[miss]
|-miss|p1b: Armarouge|p2b: Tatsugiri
|
|-damage|p1a: Ursaluna|22/100 brn|[from] brn
|upkeep
|turn|3
|
|t:|1756350022
|switch|p1a: Torkoal|Torkoal, L50, M|100/100
|-weather|SunnyDay|[from] ability: Drought|[of] p1a: Torkoal
|move|p1b: Armarouge|Expanding Force|p2a: Dondozo|[spread] p2a
|-miss|p1b: Armarouge|p2b: Tatsugiri
|-damage|p2a: Dondozo|52/100
|-damage|p1b: Armarouge|91/100|[from] item: Life Orb
|move|p2a: Dondozo|Order Up|p1a: Torkoal
|-damage|p1a: Torkoal|63/100
|-boost|p2a: Dondozo|atk|1
|
|-weather|SunnyDay|[upkeep]
|-heal|p2a: Dondozo|59/100|[from] item: Leftovers
|upkeep
|turn|4
|
|t:|1756350035
|move|p2a: Dondozo|Protect|p2a: Dondozo
|-singleturn|p2a: Dondozo|Protect
|move|p1a: Torkoal|Clear Smog|p2a: Dondozo
|-activate|p2a: Dondozo|move: Protect
|move|p1b: Armarouge|Expanding Force|p2a: Dondozo|[spread] 
|-miss|p1b: Armarouge|p2b: Tatsugiri
|-activate|p2a: Dondozo|move: Protect
|
|-weather|SunnyDay|[upkeep]
|-heal|p2a: Dondozo|65/100|[from] item: Leftovers
|upkeep
|turn|5
|
|t:|1756350048
|move|p1b: Armarouge|Wide Guard|p1b: Armarouge
|-singleturn|p1b: Armarouge|Wide Guard
|move|p1a: Torkoal|Clear Smog|p2a: Dondozo
|-damage|p2a: Dondozo|56/100
|-clearboost|p2a: Dondozo
|move|p2a: Dondozo|Earthquake|p1a: Torkoal|[spread] 
|-miss|p2a: Dondozo|p2b: Tatsugiri
|-activate|p1a: Torkoal|move: Wide Guard
|-activate|p1b: Armarouge|move: Wide Guard
|
|-weather|SunnyDay|[upkeep]
|-heal|p2a: Dondozo|63/100|[from] item: Leftovers
|-fieldend|move: Trick Room
|-fieldend|move: Psychic Terrain
|upkeep
|turn|6
|
|t:|1756350058
|switch|p1a: Indeedee|Indeedee-F, L50, F|100/100
|-fieldstart|move: Psychic Terrain|[from] ability: Psychic Surge|[of] p1a: Indeedee
|move|p2a: Dondozo|Wave Crash|p1a: Indeedee
|-damage|p1a: Indeedee|76/100
|-damage|p2a: Dondozo|46/100|[from] item: Rocky Helmet|[of] p1a: Indeedee
|-damage|p2a: Dondozo|40/100|[from] Recoil
|move|p1b: Armarouge|Trick Room|p1b: Armarouge
|-fieldstart|move: Trick Room|[of] p1b: Armarouge
|
|-weather|SunnyDay|[upkeep]
|-heal|p2a: Dondozo|46/100|[from] item: Leftovers
|upkeep
|turn|7
|
|t:|1756350069
|switch|p1a: Ursaluna|Ursaluna, L50, M|22/100 brn
|move|p2a: Dondozo|Protect|p2a: Dondozo
|-singleturn|p2a: Dondozo|Protect
|move|p1b: Armarouge|Expanding Force|p2a: Dondozo|[spread] 
|-miss|p1b: Armarouge|p2b: Tatsugiri
|-activate|p2a: Dondozo|move: Protect
|
|-weather|none
|-heal|p2a: Dondozo|52/100|[from] item: Leftovers
|-damage|p1a: Ursaluna|16/100 brn|[from] brn
|upkeep
|turn|8
|
|t:|1756350075
|move|p2a: Dondozo|Protect||[still]
|-fail|p2a: Dondozo
|move|p1a: Ursaluna|Facade|p2a: Dondozo
|-damage|p2a: Dondozo|0 fnt
|faint|p2a: Dondozo
|move|p1b: Armarouge|Expanding Force|p2b: Tatsugiri
|-crit|p2b: Tatsugiri
|-damage|p2b: Tatsugiri|0 fnt
|faint|p2b: Tatsugiri
|-damage|p1b: Armarouge|82/100|[from] item: Life Orb
|
|-damage|p1a: Ursaluna|10/100 brn|[from] brn
|upkeep
|
|t:|1756350086
|switch|p2a: Indeedee|Indeedee, L50, M|100/100
|switch|p2b: Hydreigon|Hydreigon, L50, F|100/100
|turn|9
|
|t:|1756350102
|-terastallize|p2b: Hydreigon|Steel
|move|p1a: Ursaluna|Facade|p2b: Hydreigon
|-resisted|p2b: Hydreigon
|-damage|p2b: Hydreigon|35/100
|move|p1b: Armarouge|Armor Cannon|p2b: Hydreigon
|-supereffective|p2b: Hydreigon
|-crit|p2b: Hydreigon
|-damage|p2b: Hydreigon|0 fnt
|-unboost|p1b: Armarouge|def|1
|-unboost|p1b: Armarouge|spd|1
|faint|p2b: Hydreigon
|-damage|p1b: Armarouge|72/100|[from] item: Life Orb
|move|p2a: Indeedee|Expanding Force|p1b: Armarouge|[spread] p1a,p1b
|-damage|p1a: Ursaluna|0 fnt
|-damage|p1b: Armarouge|0 fnt
|faint|p1a: Ursaluna
|faint|p1b: Armarouge
|
|upkeep
|
|t:|1756350118
|switch|p1a: Indeedee|Indeedee-F, L50, F|76/100
|switch|p1b: Torkoal|Torkoal, L50, M|63/100
|-weather|SunnyDay|[from] ability: Drought|[of] p1b: Torkoal
|turn|10
|
|t:|1756350127
|move|p2a: Indeedee|Protect|p2a: Indeedee
|-singleturn|p2a: Indeedee|Protect
|move|p1b: Torkoal|Eruption|p2a: Indeedee
|-activate|p2a: Indeedee|move: Protect
|move|p1a: Indeedee|Dazzling Gleam|p2a: Indeedee
|-activate|p2a: Indeedee|move: Protect
|
|-weather|SunnyDay|[upkeep]
|-fieldend|move: Trick Room
|-fieldend|move: Psychic Terrain
|upkeep
|turn|11
|
|t:|1756350135
|move|p1b: Torkoal|Protect|p1b: Torkoal
|-singleturn|p1b: Torkoal|Protect
|move|p2a: Indeedee|Hyper Voice|p1b: Torkoal|[spread] p1a
|-activate|p1b: Torkoal|move: Protect
|-damage|p1a: Indeedee|47/100
|move|p1a: Indeedee|Trick Room|p1a: Indeedee
|-fieldstart|move: Trick Room|[of] p1a: Indeedee
|
|-weather|SunnyDay|[upkeep]
|upkeep
|turn|12
|
|t:|1756350142
|move|p1b: Torkoal|Eruption|p2a: Indeedee
|-enditem|p2a: Indeedee|Focus Sash
|-damage|p2a: Indeedee|1/100
|move|p1a: Indeedee|Dazzling Gleam|p2a: Indeedee
|-damage|p2a: Indeedee|0 fnt
|faint|p2a: Indeedee
|
|win|EXHOUL
|raw|EXHOUL's rating: 1482 → 1495(+13 for winning)
|raw|Ribombees believer's rating: 1352 → 1339(-13 for losing)
