|j|☆ThunderSt0n3
|j|☆maestro zoroli
|html|ThunderSt0n3maestro zoroli    
|uhtml|bestof|Game 3 of a best-of-3
|t:|1757843493
|gametype|doubles
|player|p1|ThunderSt0n3|pokemaniac|1132
|player|p2|maestro zoroli|266|1179
|gen|9
|tier|[Gen 9] VGC 2025 Reg H (Bo3)
|rated|
|rule|Species Clause: Limit one of each Pokémon
|rule|Item Clause: Limit 1 of each item
|clearpoke
|poke|p1|Lilligant-Hisui, L50, F|
|poke|p1|Hatterene, L50, F|
|poke|p1|Ursaluna, L50, M|
|poke|p1|Indeedee-F, L50, F|
|poke|p1|Torkoal, L50, M|
|poke|p1|Gallade, L50, M|
|poke|p2|Gholdengo, L50|
|poke|p2|Incineroar, L50, M|
|poke|p2|Amoonguss, L50, F|
|poke|p2|Braviary, L50, M|
|poke|p2|Garchomp, L50, M|
|poke|p2|Porygon2, L50|
|teampreview|4
|showteam|p1|Lilligant-Hisui||FocusSash|Chlorophyll|TripleAxel,AfterYou,CloseCombat,SleepPowder|||F|||50|,,,,,Ghost]Hatterene||CovertCloak|MagicBounce|DazzlingGleam,ExpandingForce,TrickRoom,MysticalFire|||F|||50|,,,,,Fire]Ursaluna||FlameOrb|Guts|Facade,HeadlongRush,Earthquake,Protect|||M|||50|,,,,,Ghost]Indeedee-F||PsychicSeed|PsychicSurge|Psychic,TrickRoom,HelpingHand,FollowMe|||F|||50|,,,,,Dragon]Torkoal||FlamePlate|Drought|Eruption,WeatherBall,HeatWave,Protect|||M|||50|,,,,,Fire]Gallade||ClearAmulet|Sharpness|PsychoCut,SacredSword,TrickRoom,WideGuard|||M|||50|,,,,,Grass
|showteam|p2|Gholdengo||LifeOrb|GoodasGold|MakeItRain,ShadowBall,NastyPlot,Protect||||||50|,,,,,Water]Incineroar||SafetyGoggles|Intimidate|FlareBlitz,KnockOff,FakeOut,PartingShot|||M|||50|,,,,,Ghost]Amoonguss||SitrusBerry|Regenerator|Spore,RagePowder,SludgeBomb,PollenPuff|||F|||50|,,,,,Steel]Braviary||LumBerry|Defiant|BraveBird,CloseCombat,Tailwind,Protect|||M|||50|,,,,,Ghost]Garchomp||ChoiceBand|RoughSkin|Earthquake,StompingTantrum,DragonClaw,RockSlide|||M|||50|,,,,,Fairy]Porygon2||Eviolite|Download|TeraBlast,IceBeam,Recover,TrickRoom||||||50|,,,,,Fighting
|inactive|Battle timer is ON: inactive players will automatically lose when time's up. (requested by ThunderSt0n3)
|
|t:|1757843517
|teamsize|p1|4
|teamsize|p2|4
|start
|switch|p1a: Lilligant|Lilligant-Hisui, L50, F|100/100
|switch|p1b: Torkoal|Torkoal, L50, M|100/100
|switch|p2a: Garchomp|Garchomp, L50, M|100/100
|switch|p2b: Gholdengo|Gholdengo, L50|100/100
|-weather|SunnyDay|[from] ability: Drought|[of] p1b: Torkoal
|turn|1
|inactive|maestro zoroli has 30 seconds left.
|
|t:|1757843544
|switch|p2a: Incineroar|Incineroar, L50, M|100/100
|-ability|p2a: Incineroar|Intimidate|boost
|-unboost|p1a: Lilligant|atk|1
|-unboost|p1b: Torkoal|atk|1
|move|p2b: Gholdengo|Protect|p2b: Gholdengo
|-singleturn|p2b: Gholdengo|Protect
|move|p1b: Torkoal|Protect|p1b: Torkoal
|-singleturn|p1b: Torkoal|Protect
|move|p1a: Lilligant|Sleep Powder|p2a: Incineroar
|-activate|p2a: Incineroar|item: Safety Goggles|Sleep Powder
|
|-weather|SunnyDay|[upkeep]
|upkeep
|turn|2
|inactive|ThunderSt0n3 has 30 seconds left.
|inactive|maestro zoroli has 30 seconds left.
|inactive|ThunderSt0n3 has 20 seconds left.
|inactive|maestro zoroli has 20 seconds left.
|inactive|maestro zoroli has 15 seconds left.
|
|t:|1757843586
|switch|p1b: Ursaluna|Ursaluna, L50, M|100/100
|-terastallize|p2b: Gholdengo|Water
|move|p1a: Lilligant|Close Combat|p2a: Incineroar
|-supereffective|p2a: Incineroar
|-damage|p2a: Incineroar|26/100
|-unboost|p1a: Lilligant|def|1
|-unboost|p1a: Lilligant|spd|1
|move|p2b: Gholdengo|Make It Rain|p1a: Lilligant|[spread] p1a,p1b
|-enditem|p1a: Lilligant|Focus Sash
|-damage|p1a: Lilligant|1/100
|-damage|p1b: Ursaluna|38/100
|-unboost|p2b: Gholdengo|spa|1
|-damage|p2b: Gholdengo|91/100|[from] item: Life Orb
|move|p2a: Incineroar|Knock Off|p1b: Ursaluna
|-damage|p1b: Ursaluna|7/100
|-enditem|p1b: Ursaluna|Flame Orb|[from] move: Knock Off|[of] p2a: Incineroar
|
|-weather|SunnyDay|[upkeep]
|upkeep
|turn|3
|inactive|ThunderSt0n3 has 30 seconds left.
|inactive|ThunderSt0n3 has 20 seconds left.
|
|t:|1757843621
|switch|p2a: Garchomp|Garchomp, L50, M|100/100
|move|p1b: Ursaluna|Protect|p1b: Ursaluna
|-singleturn|p1b: Ursaluna|Protect
|move|p1a: Lilligant|Close Combat|p2b: Gholdengo
|-damage|p2b: Gholdengo|55/100
|-unboost|p1a: Lilligant|def|1
|-unboost|p1a: Lilligant|spd|1
|move|p2b: Gholdengo|Make It Rain|p1b: Ursaluna|[spread] p1a
|-activate|p1b: Ursaluna|move: Protect
|-damage|p1a: Lilligant|0 fnt
|-unboost|p2b: Gholdengo|spa|1
|faint|p1a: Lilligant
|-damage|p2b: Gholdengo|46/100|[from] item: Life Orb
|
|-weather|SunnyDay|[upkeep]
|upkeep
|
|t:|1757843636
|switch|p1a: Gallade|Gallade, L50, M|100/100
|turn|4
|
|t:|1757843658
|switch|p2b: Porygon2|Porygon2, L50|100/100
|-ability|p2b: Porygon2|Download|boost
|-boost|p2b: Porygon2|atk|1
|-terastallize|p1a: Gallade|Grass
|move|p2a: Garchomp|Stomping Tantrum|p1b: Ursaluna
|-damage|p1b: Ursaluna|0 fnt
|faint|p1b: Ursaluna
|move|p1a: Gallade|Trick Room|p1a: Gallade
|-fieldstart|move: Trick Room|[of] p1a: Gallade
|
|-weather|SunnyDay|[upkeep]
|upkeep
|
|t:|1757843666
|switch|p1b: Torkoal|Torkoal, L50, M|100/100
|turn|5
|
|t:|1757843687
|move|p1b: Torkoal|Eruption|p2b: Porygon2|[spread] p2a,p2b
|-resisted|p2a: Garchomp
|-damage|p2a: Garchomp|60/100
|-damage|p2b: Porygon2|48/100
|move|p1a: Gallade|Psycho Cut|p2a: Garchomp
|-damage|p2a: Garchomp|4/100
|move|p2a: Garchomp|Stomping Tantrum|p1b: Torkoal
|-supereffective|p1b: Torkoal
|-damage|p1b: Torkoal|11/100
|move|p2b: Porygon2|Trick Room|p2b: Porygon2
|-fieldend|move: Trick Room
|
|-weather|none
|upkeep
|turn|6
|
|t:|1757843710
|move|p1b: Torkoal|Protect|p1b: Torkoal
|-singleturn|p1b: Torkoal|Protect
|move|p2a: Garchomp|Stomping Tantrum|p1b: Torkoal
|-activate|p1b: Torkoal|move: Protect
|move|p1a: Gallade|Psycho Cut|p2a: Garchomp
|-damage|p2a: Garchomp|0 fnt
|faint|p2a: Garchomp
|move|p2b: Porygon2|Recover|p2b: Porygon2
|-heal|p2b: Porygon2|98/100
|
|upkeep
|
|t:|1757843722
|switch|p2a: Gholdengo|Gholdengo, L50, tera:Water|46/100
|turn|7
|
|t:|1757843736
|move|p1b: Torkoal|Protect||[still]
|-fail|p1b: Torkoal
|move|p2a: Gholdengo|Shadow Ball|p1b: Torkoal
|-damage|p1b: Torkoal|0 fnt
|faint|p1b: Torkoal
|-damage|p2a: Gholdengo|36/100|[from] item: Life Orb
|move|p2b: Porygon2|Ice Beam|p1a: Gallade
|-supereffective|p1a: Gallade
|-damage|p1a: Gallade|50/100
|-status|p1a: Gallade|frz
|cant|p1a: Gallade|frz
|
|upkeep
|turn|8
|
|t:|1757843759
|move|p2a: Gholdengo|Make It Rain|p1a: Gallade
|-damage|p1a: Gallade|0 fnt
|-unboost|p2a: Gholdengo|spa|1
|faint|p1a: Gallade
|-damage|p2a: Gholdengo|27/100|[from] item: Life Orb
|
|win|maestro zoroli
|raw|ThunderSt0n3's rating: 1132 → 1110(-22 for losing)
|raw|maestro zoroli's rating: 1179 → 1201(+22 for winning)
|l|☆ThunderSt0n3
|player|p1|
|l|☆maestro zoroli
|player|p2|
