|j|☆Pzdns99
|j|☆parkertrainingarc
|html|Pzdns99parkertrainingarc    
|uhtml|bestof|Game 1 of a best-of-3
|t:|1757006597
|gametype|doubles
|player|p1|Pzdns99|grimsley|1181
|player|p2|parkertrainingarc|parasollady|1233
|gen|9
|tier|[Gen 9] VGC 2025 Reg H (Bo3)
|rated|
|rule|Species Clause: Limit one of each Pokémon
|rule|Item Clause: Limit 1 of each item
|clearpoke
|poke|p1|Lumineon, L50, F|
|poke|p1|Pelipper, L50, M|
|poke|p1|Archaludon, L50, F|
|poke|p1|Amoonguss, L50, M|
|poke|p1|Annihilape, L50, M|
|poke|p1|Weavile, L50, M|
|poke|p2|Sneasler, L50, M|
|poke|p2|Indeedee, L50, M|
|poke|p2|Volcarona, L50, M|
|poke|p2|Ursaluna-Bloodmoon, L50, M|
|poke|p2|Annihilape, L50, F|
|poke|p2|Tyranitar, L50, M|
|teampreview|4
|showteam|p1|Lumineon||CovertCloak|SwiftSwim|FlipTurn,Tailwind,Encore,RainDance|||F|||50|,,,,,Grass]Pelipper||ChoiceSpecs|Drizzle|Hurricane,MuddyWater,WeatherBall,Uturn|||M|||50|,,,,,Ghost]Archaludon||AssaultVest|Stamina|ElectroShot,BodyPress,Snarl,DracoMeteor|||F|||50|,,,,,Grass]Amoonguss||SitrusBerry|Regenerator|PollenPuff,Protect,RagePowder,Spore|||M|||50|,,,,,Psychic]Annihilape||SafetyGoggles|Defiant|DrainPunch,RageFist,BulkUp,Taunt|||M|||50|,,,,,Water]Weavile||FocusSash|Pickpocket|BeatUp,TripleAxel,KnockOff,Protect|||M|||50|,,,,,Ghost
|showteam|p2|Sneasler||PsychicSeed|Unburden|CloseCombat,DireClaw,ThroatChop,Protect|||M|||50|,,,,,Dark]Indeedee||ChoiceScarf|PsychicSurge|ExpandingForce,TeraBlast,Trick,Protect|||M|||50|,,,,,Psychic]Volcarona||SitrusBerry|FlameBody|Overheat,StruggleBug,RagePowder,Tailwind|||M|||50|,,,,,Grass]Ursaluna-Bloodmoon||LifeOrb|MindsEye|BloodMoon,HyperVoice,EarthPower,Protect|||M|||50|,,,,,Normal]Annihilape||SafetyGoggles|Defiant|CloseCombat,RageFist,Taunt,FinalGambit|||F|||50|,,,,,Fairy]Tyranitar||AssaultVest|SandStream|RockSlide,KnockOff,TeraBlast,LowKick|||M|||50|,,,,,Flying
|inactive|Battle timer is ON: inactive players will automatically lose when time's up. (requested by Pzdns99)
|
|t:|1757006640
|teamsize|p1|4
|teamsize|p2|4
|start
|switch|p1a: Amoonguss|Amoonguss, L50, M|100/100
|switch|p1b: Weavile|Weavile, L50, M|100/100
|switch|p2a: Meanie|Indeedee, L50, M|100/100
|switch|p2b: HornetDisaster|Sneasler, L50, M|100/100
|-fieldstart|move: Psychic Terrain|[from] ability: Psychic Surge|[of] p2a: Meanie
|-enditem|p2b: HornetDisaster|Psychic Seed
|-boost|p2b: HornetDisaster|spd|1|[from] item: Psychic Seed
|turn|1
|
|t:|1757006658
|-terastallize|p1a: Amoonguss|Psychic
|move|p1b: Weavile|Protect|p1b: Weavile
|-singleturn|p1b: Weavile|Protect
|move|p2b: HornetDisaster|Close Combat|p1b: Weavile
|-activate|p1b: Weavile|move: Protect
|move|p2a: Meanie|Expanding Force|p1b: Weavile|[spread] p1a
|-activate|p1b: Weavile|move: Protect
|-resisted|p1a: Amoonguss
|-damage|p1a: Amoonguss|78/100
|move|p1a: Amoonguss|Spore|p2b: HornetDisaster
|-status|p2b: HornetDisaster|slp|[from] move: Spore
|
|upkeep
|turn|2
|
|t:|1757006676
|switch|p2a: Tiara|Tyranitar, L50, M|100/100
|-weather|Sandstorm|[from] ability: Sand Stream|[of] p2a: Tiara
|cant|p2b: HornetDisaster|slp
|move|p1b: Weavile|Triple Axel|p2b: HornetDisaster
|-damage|p2b: HornetDisaster|83/100 slp
|-hitcount|p2b: HornetDisaster|1
|move|p1a: Amoonguss|Spore|p2a: Tiara
|-status|p2a: Tiara|slp|[from] move: Spore
|
|-weather|Sandstorm|[upkeep]
|-damage|p2b: HornetDisaster|77/100 slp|[from] Sandstorm
|-damage|p1b: Weavile|94/100|[from] Sandstorm
|-damage|p1a: Amoonguss|73/100|[from] Sandstorm
|upkeep
|turn|3
|
|t:|1757006691
|switch|p1a: Pelipper|Pelipper, L50, M|100/100
|-weather|RainDance|[from] ability: Drizzle|[of] p1a: Pelipper
|cant|p2b: HornetDisaster|slp
|move|p1b: Weavile|Triple Axel|p2b: HornetDisaster
|-damage|p2b: HornetDisaster|57/100 slp
|-hitcount|p2b: HornetDisaster|1
|cant|p2a: Tiara|slp
|
|-weather|RainDance|[upkeep]
|upkeep
|turn|4
|
|t:|1757006706
|cant|p2b: HornetDisaster|slp
|move|p1b: Weavile|Triple Axel|p2b: HornetDisaster
|-damage|p2b: HornetDisaster|38/100 slp
|-damage|p2b: HornetDisaster|2/100 slp
|-damage|p2b: HornetDisaster|0 fnt
|faint|p2b: HornetDisaster
|-hitcount|p2: HornetDisaster|3
|move|p1a: Pelipper|Weather Ball|p2a: Tiara
|-supereffective|p2a: Tiara
|-crit|p2a: Tiara
|-damage|p2a: Tiara|0 fnt
|faint|p2a: Tiara
|
|-weather|RainDance|[upkeep]
|upkeep
|
|t:|1757006713
|switch|p2b: Mio Min Mio|Ursaluna-Bloodmoon, L50, M|100/100
|switch|p2a: Meanie|Indeedee, L50, M|100/100
|turn|5
|
|t:|1757006729
|switch|p1a: Amoonguss|Amoonguss, L50, M, tera:Psychic|100/100
|-terastallize|p2b: Mio Min Mio|Normal
|move|p2a: Meanie|Tera Blast|p1b: Weavile
|-damage|p1b: Weavile|42/100
|move|p1b: Weavile|Knock Off|p2a: Meanie
|-supereffective|p2a: Meanie
|-damage|p2a: Meanie|0 fnt
|-enditem|p2a: Meanie|Choice Scarf|[from] move: Knock Off|[of] p1b: Weavile
|faint|p2a: Meanie
|move|p2b: Mio Min Mio|Hyper Voice|p1b: Weavile|[spread] p1a,p1b
|-damage|p1a: Amoonguss|47/100
|-damage|p1b: Weavile|0 fnt
|-enditem|p1a: Amoonguss|Sitrus Berry|[eat]
|-heal|p1a: Amoonguss|72/100|[from] item: Sitrus Berry
|faint|p1b: Weavile
|-damage|p2b: Mio Min Mio|91/100|[from] item: Life Orb
|
|-weather|RainDance|[upkeep]
|-fieldend|move: Psychic Terrain
|upkeep
|
|t:|1757006742
|switch|p1b: Pelipper|Pelipper, L50, M|100/100
|turn|6
|
|t:|1757006748
|move|p1b: Pelipper|Weather Ball|p2b: Mio Min Mio
|-crit|p2b: Mio Min Mio
|-damage|p2b: Mio Min Mio|0 fnt
|faint|p2b: Mio Min Mio
|
|win|Pzdns99
||parkertrainingarc is ready for game 2.
||Pzdns99 is ready for game 2.
|uhtml|next|Next: Game 2 of 3
|l|☆parkertrainingarc
|player|p2|
