|j|☆colemarcusvgc
|j|☆UnderratedBanana
|html|colemarcusvgcUnderratedBanana    
|uhtml|bestof|Game 1 of a best-of-3
|t:|1757793657
|gametype|doubles
|player|p1|colemarcusvgc|n|1114
|player|p2|UnderratedBanana|psychic|1110
|gen|9
|tier|[Gen 9] VGC 2025 Reg H (Bo3)
|rated|
|rule|Species Clause: Limit one of each Pokémon
|rule|Item Clause: Limit 1 of each item
|clearpoke
|poke|p1|Indeedee-F, L50, F|
|poke|p1|Hatterene, L50, F|
|poke|p1|Gallade, L50, M|
|poke|p1|Ursaluna, L50, M|
|poke|p1|Torkoal, L50, F|
|poke|p1|Zoroark-Hisui, L50, F|
|poke|p2|Porygon2, L50|
|poke|p2|Incineroar, L50, M|
|poke|p2|Amoonguss, L50, M|
|poke|p2|Ursaluna, L50, F|
|poke|p2|Pelipper, L50, M|
|poke|p2|Archaludon, L50, M|
|teampreview|4
|showteam|p1|Indeedee-F||PsychicSeed|PsychicSurge|TrickRoom,FollowMe,HelpingHand,DazzlingGleam|||F|||50|,,,,,Fire]Hatterene||TwistedSpoon|MagicBounce|ExpandingForce,TrickRoom,DazzlingGleam,Protect|||F|||50|,,,,,Water]Gallade||ClearAmulet|Sharpness|SacredSword,PsychoCut,TrickRoom,WideGuard|||M|||50|,,,,,Grass]Ursaluna||FlameOrb|Guts|HeadlongRush,Facade,Earthquake,Protect|||M|||50|,,,,,Ghost]Torkoal||ChoiceSpecs|Drought|Eruption,HeatWave,WeatherBall,EarthPower|||F|||50|,,,,,Fire]Zoroark-Hisui||FocusSash|Illusion|HyperVoice,BitterMalice,Snarl,Taunt|||F|||50|,,,,,Stellar
|showteam|p2|Porygon2||Eviolite|Download|TeraBlast,IceBeam,Recover,TrickRoom||||||50|,,,,,Fairy]Incineroar||SafetyGoggles|Intimidate|FakeOut,PartingShot,KnockOff,FlareBlitz|||M|||50|,,,,,Ghost]Amoonguss||SitrusBerry|Regenerator|PollenPuff,Spore,RagePowder,ClearSmog|||M|||50|,,,,,Dark]Ursaluna||FlameOrb|Guts|Facade,HeadlongRush,Substitute,Protect|||F|||50|,,,,,Dragon]Pelipper||LifeOrb|Drizzle|WeatherBall,Hurricane,WideGuard,Protect|||M|||50|,,,,,Ghost]Archaludon||AssaultVest|Stamina|ElectroShot,DracoMeteor,FlashCannon,BodyPress|||M|||50|,,,,,Grass
|inactive|Battle timer is ON: inactive players will automatically lose when time's up. (requested by colemarcusvgc)
|inactive|UnderratedBanana has 60 seconds left.
|
|t:|1757793717
|teamsize|p1|4
|teamsize|p2|4
|start
|switch|p1a: Indeedee|Indeedee-F, L50, F|100/100
|switch|p1b: Gallade|Gallade, L50, M|100/100
|switch|p2a: Incineroar|Incineroar, L50, M|100/100
|switch|p2b: Archaludon|Archaludon, L50, M, shiny|100/100
|-ability|p2a: Incineroar|Intimidate|boost
|-unboost|p1a: Indeedee|atk|1
|-unboost|p1b: Gallade|atk|1
|-fieldstart|move: Psychic Terrain|[from] ability: Psychic Surge|[of] p1a: Indeedee
|-enditem|p1a: Indeedee|Psychic Seed
|-boost|p1a: Indeedee|spd|1|[from] item: Psychic Seed
|turn|1
|inactive|colemarcusvgc has 30 seconds left.
|inactive|colemarcusvgc has 20 seconds left.
|inactive|colemarcusvgc has 15 seconds left.
|inactive|colemarcusvgc has 10 seconds left.
|inactive|colemarcusvgc has 5 seconds left.
|
|t:|1757793769
|move|p1b: Gallade|Hyper Voice|p2a: Incineroar|[spread] p2a,p2b
|-resisted|p2b: Archaludon
|-damage|p2a: Incineroar|73/100
|-damage|p2b: Archaludon|88/100
|-ability|p2b: Archaludon|Stamina|boost
|-boost|p2b: Archaludon|def|1
|move|p2b: Archaludon|Body Press|p1a: Indeedee
|-damage|p1a: Indeedee|67/100
|move|p2a: Incineroar|Parting Shot|p1b: Gallade
|-unboost|p1b: Gallade|atk|1
|-unboost|p1b: Gallade|spa|1
|
|t:|1757793780
|switch|p2a: Ursaluna|Ursaluna, L50, F, shiny|100/100|[from] Parting Shot
|move|p1a: Indeedee|Trick Room|p1a: Indeedee
|-fieldstart|move: Trick Room|[of] p1a: Indeedee
|
|-status|p2a: Ursaluna|brn|[from] item: Flame Orb
|upkeep
|turn|2
|inactive|colemarcusvgc has 30 seconds left.
|inactive|UnderratedBanana has 30 seconds left.
|inactive|colemarcusvgc has 20 seconds left.
|inactive|colemarcusvgc has 15 seconds left.
|inactive|colemarcusvgc has 10 seconds left.
|
|t:|1757793828
|switch|p1a: Ursaluna|Ursaluna, L50, M|100/100
|move|p2a: Ursaluna|Facade|p1a: Ursaluna
|-damage|p1a: Ursaluna|6/100
|move|p2b: Archaludon|Flash Cannon|p1b: Gallade
|-damage|p1b: Gallade|32/100
|replace|p1b: Zoroark|Zoroark-Hisui, L50, F
|-end|p1b: Zoroark|Illusion
|move|p1b: Zoroark|Snarl|p2a: Ursaluna|[spread] p2a,p2b
|-damage|p2a: Ursaluna|92/100 brn
|-damage|p2b: Archaludon|82/100
|-unboost|p2a: Ursaluna|spa|1
|-unboost|p2b: Archaludon|spa|1
|-ability|p2b: Archaludon|Stamina|boost
|-boost|p2b: Archaludon|def|1
|
|-damage|p2a: Ursaluna|86/100 brn|[from] brn
|-status|p1a: Ursaluna|brn|[from] item: Flame Orb
|upkeep
|turn|3
|inactive|colemarcusvgc has 30 seconds left.
|inactive|UnderratedBanana has 30 seconds left.
|inactive|UnderratedBanana has 20 seconds left.
|
|t:|1757793864
|-terastallize|p2b: Archaludon|Grass
|move|p2a: Ursaluna|Protect|p2a: Ursaluna
|-singleturn|p2a: Ursaluna|Protect
|move|p1a: Ursaluna|Earthquake|p2a: Ursaluna|[spread] p1b,p2b
|-activate|p2a: Ursaluna|move: Protect
|-resisted|p2b: Archaludon
|-damage|p1b: Zoroark|0 fnt
|-damage|p2b: Archaludon|70/100
|-ability|p2b: Archaludon|Stamina|boost
|-boost|p2b: Archaludon|def|1
|faint|p1b: Zoroark
|move|p2b: Archaludon|Flash Cannon|p1a: Ursaluna
|-damage|p1a: Ursaluna|0 fnt
|faint|p1a: Ursaluna
|
|-damage|p2a: Ursaluna|80/100 brn|[from] brn
|upkeep
|
|t:|1757793878
|switch|p1a: Indeedee|Indeedee-F, L50, F|67/100
|switch|p1b: Gallade|Gallade, L50, M|100/100
|turn|4
|
|t:|1757793903
|move|p2a: Ursaluna|Substitute|p2a: Ursaluna
|-start|p2a: Ursaluna|Substitute
|-damage|p2a: Ursaluna|55/100 brn
|move|p1b: Gallade|Sacred Sword|p2b: Archaludon
|-damage|p2b: Archaludon|19/100
|-ability|p2b: Archaludon|Stamina|boost
|-boost|p2b: Archaludon|def|1
|move|p1a: Indeedee|Dazzling Gleam|p2a: Ursaluna|[spread] p2a,p2b
|-activate|p2a: Ursaluna|move: Substitute|[damage]
|-damage|p2b: Archaludon|9/100
|-ability|p2b: Archaludon|Stamina|boost
|-boost|p2b: Archaludon|def|1
|move|p2b: Archaludon|Body Press|p1a: Indeedee
|-damage|p1a: Indeedee|0 fnt
|faint|p1a: Indeedee
|
|-damage|p2a: Ursaluna|49/100 brn|[from] brn
|upkeep
|turn|5
|inactive|UnderratedBanana has 30 seconds left.
|
|t:|1757793935
|-terastallize|p1b: Gallade|Grass
|move|p2a: Ursaluna|Facade|p1b: Gallade
|-damage|p1b: Gallade|0 fnt
|faint|p1b: Gallade
|
|win|UnderratedBanana
||UnderratedBanana is ready for game 2.
|inactive|colemarcusvgc has 30 seconds to confirm battle start!
||colemarcusvgc is ready for game 2.
|uhtml|next|Next: Game 2 of 3
