|j|☆Gentlefish
|j|☆chappell murkroan
|html|Gentlefishchappell murkroan    
|uhtml|bestof|Game 2 of a best-of-3
|t:|1756238428
|gametype|doubles
|player|p1|Gentlefish|dragontamer-gen9|1256
|player|p2|chappell murkroan|caitlin|1280
|gen|9
|tier|[Gen 9] VGC 2025 Reg H (Bo3)
|rated|
|rule|Species Clause: Limit one of each Pokémon
|rule|Item Clause: Limit 1 of each item
|clearpoke
|poke|p1|Garchomp, L50, F|
|poke|p1|Weezing-Galar, L50, M|
|poke|p1|Archaludon, L50, M|
|poke|p1|Gholdengo, L50|
|poke|p1|Talonflame, L50, M|
|poke|p1|Annihilape, L50, F|
|poke|p2|Ursaluna-Bloodmoon, L50, M|
|poke|p2|Whimsicott, L50, M|
|poke|p2|Dragonite, L50, F|
|poke|p2|Gholdengo, L50|
|poke|p2|Annihilape, L50, M|
|poke|p2|Incineroar, L50, M|
|teampreview|4
|showteam|p1|Garchomp||LifeOrb|RoughSkin|DragonClaw,Earthquake,StompingTantrum,Protect|||F|||50|,,,,,Ground]Weezing-Galar||FocusSash|NeutralizingGas|Protect,SludgeBomb,Taunt,StrangeSteam|||M|||50|,,,,,Flying]Archaludon||PowerHerb|Sturdy|ElectroShot,Thunderbolt,DracoMeteor,Protect|||M|||50|,,,,,Electric]Gholdengo||ChoiceSpecs|GoodasGold|ShadowBall,DazzlingGleam,PowerGem,MakeItRain||||||50|,,,,,Fairy]Talonflame||CovertCloak|GaleWings|Tailwind,DualWingbeat,WillOWisp,FlareBlitz|||M|||50|,,,,,Stellar]Annihilape||AssaultVest|Defiant|CloseCombat,RageFist,FinalGambit,IcePunch|||F|||50|,,,,,Grass
|showteam|p2|Ursaluna-Bloodmoon||LifeOrb|MindsEye|BloodMoon,HyperVoice,EarthPower,Protect|||M|||50|,,,,,Normal]Whimsicott||FocusSash|Prankster|Moonblast,Tailwind,Encore,Protect|||M|||50|,,,,,Ghost]Dragonite||LoadedDice|Multiscale|ScaleShot,ExtremeSpeed,LowKick,Protect|||F|||50|,,,,,Fairy]Gholdengo||ChoiceSpecs|GoodasGold|MakeItRain,ShadowBall,Trick,Thunderbolt||||||50|,,,,,Steel]Annihilape||SafetyGoggles|Defiant|FinalGambit,CloseCombat,RageFist,Taunt|||M|||50|,,,,,Fairy]Incineroar||AssaultVest|Intimidate|Uturn,FlareBlitz,KnockOff,FakeOut|||M|||50|,,,,,Grass
|inactive|Battle timer is ON: inactive players will automatically lose when time's up. (requested by chappell murkroan)
|inactive|Gentlefish has 60 seconds left.
|inactive|Gentlefish has 30 seconds left.
|inactive|Gentlefish has 20 seconds left.
|
|t:|1756238508
|teamsize|p1|4
|teamsize|p2|4
|start
|switch|p1a: Talonflame|Talonflame, L50, M|100/100
|switch|p1b: Garchomp|Garchomp, L50, F|100/100
|switch|p2a: Incineroar|Incineroar, L50, M|100/100
|switch|p2b: Dragonite|Dragonite, L50, F|100/100
|-ability|p2a: Incineroar|Intimidate|boost
|-unboost|p1a: Talonflame|atk|1
|-unboost|p1b: Garchomp|atk|1
|turn|1
|
|t:|1756238531
|switch|p1b: Annihilape|Annihilape, L50, F|100/100
|move|p2a: Incineroar|Fake Out|p1b: Annihilape
|-immune|p1b: Annihilape
|move|p1a: Talonflame|Will-O-Wisp|p2b: Dragonite
|-status|p2b: Dragonite|brn
|move|p2b: Dragonite|Scale Shot|p1a: Talonflame
|-damage|p1a: Talonflame|89/100
|-damage|p1a: Talonflame|77/100
|-damage|p1a: Talonflame|66/100
|-damage|p1a: Talonflame|54/100
|-damage|p1a: Talonflame|44/100
|-hitcount|p1a: Talonflame|5
|-unboost|p2b: Dragonite|def|1
|-boost|p2b: Dragonite|spe|1
|
|-damage|p2b: Dragonite|94/100 brn|[from] brn
|upkeep
|turn|2
|inactive|Gentlefish has 30 seconds left.
|
|t:|1756238558
|switch|p1a: Gholdengo|Gholdengo, L50|100/100
|move|p2b: Dragonite|Scale Shot|p1a: Gholdengo
|-resisted|p1a: Gholdengo
|-damage|p1a: Gholdengo|97/100
|-resisted|p1a: Gholdengo
|-damage|p1a: Gholdengo|93/100
|-resisted|p1a: Gholdengo
|-damage|p1a: Gholdengo|90/100
|-resisted|p1a: Gholdengo
|-damage|p1a: Gholdengo|86/100
|-resisted|p1a: Gholdengo
|-damage|p1a: Gholdengo|82/100
|-hitcount|p1a: Gholdengo|5
|-unboost|p2b: Dragonite|def|1
|-boost|p2b: Dragonite|spe|1
|move|p1b: Annihilape|Close Combat|p2a: Incineroar
|-supereffective|p2a: Incineroar
|-damage|p2a: Incineroar|0 fnt
|-unboost|p1b: Annihilape|def|1
|-unboost|p1b: Annihilape|spd|1
|faint|p2a: Incineroar
|
|-damage|p2b: Dragonite|88/100 brn|[from] brn
|upkeep
|
|t:|1756238579
|switch|p2a: Annihilape|Annihilape, L50, M|100/100
|turn|3
|inactive|Gentlefish has 30 seconds left.
|
|t:|1756238610
|-terastallize|p1a: Gholdengo|Fairy
|move|p2b: Dragonite|Scale Shot|p2a: Annihilape
|-damage|p2a: Annihilape|93/100
|-damage|p2a: Annihilape|84/100
|-damage|p2a: Annihilape|76/100
|-damage|p2a: Annihilape|69/100
|-hitcount|p2a: Annihilape|4
|-unboost|p2b: Dragonite|def|1
|-boost|p2b: Dragonite|spe|1
|move|p2a: Annihilape|Rage Fist|p1a: Gholdengo
|-damage|p1a: Gholdengo|0 fnt
|faint|p1a: Gholdengo
|move|p1b: Annihilape|Rage Fist|p2a: Annihilape
|-supereffective|p2a: Annihilape
|-damage|p2a: Annihilape|20/100
|
|-damage|p2b: Dragonite|82/100 brn|[from] brn
|upkeep
|inactive|Gentlefish has 30 seconds left.
|
|t:|1756238642
|switch|p1a: Talonflame|Talonflame, L50, M|44/100
|turn|4
|
|t:|1756238665
|move|p2b: Dragonite|Scale Shot|p1a: Talonflame
|-damage|p1a: Talonflame|33/100
|-damage|p1a: Talonflame|22/100
|-damage|p1a: Talonflame|11/100
|-damage|p1a: Talonflame|0 fnt
|faint|p1a: Talonflame
|-hitcount|p1: Talonflame|4
|-unboost|p2b: Dragonite|def|1
|-boost|p2b: Dragonite|spe|1
|move|p2a: Annihilape|Rage Fist|p1b: Annihilape
|-supereffective|p1b: Annihilape
|-damage|p1b: Annihilape|0 fnt
|faint|p1b: Annihilape
|
|-damage|p2b: Dragonite|76/100 brn|[from] brn
|upkeep
|
|t:|1756238668
|switch|p1a: Garchomp|Garchomp, L50, F|100/100
|turn|5
|
|t:|1756238682
|switch|p2a: Whimsicott|Whimsicott, L50, M|100/100
|move|p2b: Dragonite|Scale Shot|p1a: Garchomp
|-supereffective|p1a: Garchomp
|-damage|p1a: Garchomp|87/100
|-supereffective|p1a: Garchomp
|-damage|p1a: Garchomp|72/100
|-supereffective|p1a: Garchomp
|-damage|p1a: Garchomp|57/100
|-supereffective|p1a: Garchomp
|-damage|p1a: Garchomp|41/100
|-supereffective|p1a: Garchomp
|-damage|p1a: Garchomp|24/100
|-hitcount|p1a: Garchomp|5
|-unboost|p2b: Dragonite|def|1
|-boost|p2b: Dragonite|spe|1
|move|p1a: Garchomp|Earthquake|p2a: Whimsicott|[spread] p2a
|-immune|p2b: Dragonite
|-resisted|p2a: Whimsicott
|-damage|p2a: Whimsicott|63/100
|-damage|p1a: Garchomp|15/100|[from] item: Life Orb
|
|-damage|p2b: Dragonite|70/100 brn|[from] brn
|upkeep
|turn|6
|
|t:|1756238691
|-terastallize|p2b: Dragonite|Fairy
|move|p2a: Whimsicott|Tailwind|p2a: Whimsicott
|-sidestart|p2: chappell murkroan|move: Tailwind
|move|p2b: Dragonite|Scale Shot|p1a: Garchomp
|-supereffective|p1a: Garchomp
|-damage|p1a: Garchomp|1/100
|-supereffective|p1a: Garchomp
|-damage|p1a: Garchomp|0 fnt
|faint|p1a: Garchomp
|-hitcount|p1: Garchomp|2
|
|win|chappell murkroan
||Gentlefish is ready for game 3.
||chappell murkroan is ready for game 3.
|uhtml|next|Next: Game 3 of 3
|l|☆chappell murkroan
|player|p2|
