|j|☆Xiyme
|j|☆x-demon18
|html|Xiymex-demon18    
|uhtml|bestof|Game 1 of a best-of-3
|t:|1784590195
|gametype|doubles
|player|p1|Xiyme|266|1077
|player|p2|x-demon18|lucas|1044
|gen|9
|tier|[Gen 9 Champions] VGC 2026 Reg M-B (Bo3)
|rated|
|rule|Species Clause: Limit one of each Pokémon
|rule|Item Clause: Limit 1 of each item
|clearpoke
|poke|p1|Dragonite, L50, M, shiny|
|poke|p1|Basculegion, L50, M|
|poke|p1|Archaludon, L50, F|
|poke|p1|Pelipper, L50, M|
|poke|p1|Beedrill, L50, M|
|poke|p1|Incineroar, L50, F|
|poke|p2|Incineroar, L50, F|
|poke|p2|Rotom-Wash, L50|
|poke|p2|Venusaur, L50, M|
|poke|p2|Corviknight, L50, M|
|poke|p2|Sylveon, L50, F|
|poke|p2|Garchomp, L50, M|
|teampreview|4
|showteam|p1|Dragonite||Dragoninite|Multiscale|DragonPulse,Flamethrower,Protect,Tailwind|Modest||M|||50|]Basculegion||ChoiceScarf|Adaptability|WaveCrash,AquaJet,FlipTurn,LastRespects|Jolly||M|||50|]Archaludon||ChopleBerry|Stamina|DracoMeteor,ElectroShot,AuraSphere,Protect|Bold||F|||50|]Pelipper||FocusSash|Drizzle|Hurricane,WeatherBall,WideGuard,Tailwind|Timid||M|||50|]Beedrill||Beedrillite|Sniper|Uturn,PoisonJab,Protect,DrillRun|Jolly||M|||50|]Incineroar||SitrusBerry|Intimidate|FakeOut,PartingShot,FlareBlitz,DarkestLariat|Serious||F|||50|
|showteam|p2|Incineroar||ExpertBelt|Intimidate|FakeOut,TemperFlare,ThroatChop,PartingShot|Adamant||F|||50|]Rotom-Wash||RindoBerry|Levitate|HydroPump,Electroweb,WillOWisp,VoltSwitch|Modest|||||50|]Venusaur||Venusaurite|Chlorophyll|GigaDrain,SludgeBomb,EarthPower,Protect|Modest||M|||50|]Corviknight||OccaBerry|MirrorArmor|Tailwind,DualWingbeat,IronHead,BodyPress|Adamant||M|||50|]Sylveon||FairyFeather|Pixilate|HyperVoice,QuickAttack,Yawn,Detect|Modest||F|||50|]Garchomp||LifeOrb|RoughSkin|RockSlide,DragonClaw,StompingTantrum,Protect|Jolly||M|||50|
|inactive|Battle timer is ON: inactive players will automatically lose when time's up. (requested by x-demon18)
|inactive|Xiyme has 60 seconds left.
|inactive|x-demon18 has 60 seconds left.
|
|t:|1784590243
|teamsize|p1|4
|teamsize|p2|4
|start
|switch|p1a: Pelipper|Pelipper, L50, M|100/100
|switch|p1b: Incineroar|Incineroar, L50, F|100/100
|switch|p2a: HydroVolt|Rotom-Wash, L50|100/100
|switch|p2b: Frieren|Sylveon, L50, F|100/100
|-weather|RainDance|[from] ability: Drizzle|[of] p1a: Pelipper
|-ability|p1b: Incineroar|Intimidate|boost
|-unboost|p2a: HydroVolt|atk|1
|-unboost|p2b: Frieren|atk|1
|turn|1
|inactive|x-demon18 has 30 seconds left.
|
|t:|1784590270
|switch|p2b: Wolverine|Incineroar, L50, F|100/100
|-ability|p2b: Wolverine|Intimidate|boost
|-unboost|p1a: Pelipper|atk|1
|-unboost|p1b: Incineroar|atk|1
|move|p1b: Incineroar|Fake Out|p2a: HydroVolt
|-damage|p2a: HydroVolt|92/100
|move|p1a: Pelipper|Tailwind|p1a: Pelipper
|-sidestart|p1: Xiyme|move: Tailwind
|cant|p2a: HydroVolt|flinch
|
|-weather|RainDance|[upkeep]
|upkeep
|turn|2
|
|t:|1784590295
|switch|p1a: Archaludon|Archaludon, L50, F|100/100
|move|p1b: Incineroar|Parting Shot|p2a: HydroVolt
|-unboost|p2a: HydroVolt|atk|1
|-unboost|p2a: HydroVolt|spa|1
|
|t:|1784590301
|switch|p1b: Pelipper|Pelipper, L50, M|100/100|[from] Parting Shot
|move|p2a: HydroVolt|Hydro Pump|p1b: Pelipper
|-resisted|p1b: Pelipper|1
|-damage|p1b: Pelipper|56/100
|move|p2b: Wolverine|Parting Shot|p1a: Archaludon
|-unboost|p1a: Archaludon|atk|1
|-unboost|p1a: Archaludon|spa|1
|
|t:|1784590322
|switch|p2b: Berserk|Garchomp, L50, M|100/100|[from] Parting Shot
|
|-weather|RainDance|[upkeep]
|upkeep
|turn|3
|
|t:|1784590343
|switch|p1b: Incineroar|Incineroar, L50, F|100/100
|-ability|p1b: Incineroar|Intimidate|boost
|-unboost|p2a: HydroVolt|atk|1
|-unboost|p2b: Berserk|atk|1
|move|p1a: Archaludon|Electro Shot||[still]
|-prepare|p1a: Archaludon|Electro Shot
|-boost|p1a: Archaludon|spa|1
|-anim|p1a: Archaludon|Electro Shot|p2a: HydroVolt
|-damage|p2a: HydroVolt|54/100
|move|p2b: Berserk|Dragon Claw|p1a: Archaludon
|-damage|p1a: Archaludon|77/100
|-ability|p1a: Archaludon|Stamina|boost
|-boost|p1a: Archaludon|def|1
|-damage|p2b: Berserk|90/100|[from] item: Life Orb
|move|p2a: HydroVolt|Volt Switch|p1b: Incineroar
|-damage|p1b: Incineroar|83/100
|
|t:|1784590362
|switch|p2a: Wolverine|Incineroar, L50, F|100/100|[from] Volt Switch
|-ability|p2a: Wolverine|Intimidate|boost
|-unboost|p1a: Archaludon|atk|1
|-unboost|p1b: Incineroar|atk|1
|
|-weather|RainDance|[upkeep]
|upkeep
|turn|4
|
|t:|1784590382
|switch|p2b: Frieren|Sylveon, L50, F|100/100
|move|p1b: Incineroar|Fake Out|p2a: Wolverine
|-damage|p2a: Wolverine|92/100
|move|p1a: Archaludon|Draco Meteor|p2b: Frieren
|-immune|p2b: Frieren
|cant|p2a: Wolverine|flinch
|
|-weather|RainDance|[upkeep]
|-sideend|p1: Xiyme|move: Tailwind
|upkeep
|turn|5
|inactive|x-demon18 has 30 seconds left.
|
|t:|1784590407
|move|p1a: Archaludon|Electro Shot||[still]
|-prepare|p1a: Archaludon|Electro Shot
|-boost|p1a: Archaludon|spa|1
|-anim|p1a: Archaludon|Electro Shot|p2b: Frieren
|-damage|p2b: Frieren|58/100
|move|p2b: Frieren|Hyper Voice|p1a: Archaludon|[spread] p1a,p1b
|-damage|p1a: Archaludon|38/100
|-damage|p1b: Incineroar|44/100
|-ability|p1a: Archaludon|Stamina|boost
|-boost|p1a: Archaludon|def|1
|-enditem|p1b: Incineroar|Sitrus Berry|[eat]
|-heal|p1b: Incineroar|69/100|[from] item: Sitrus Berry
|move|p2a: Wolverine|Parting Shot|p1a: Archaludon
|-unboost|p1a: Archaludon|atk|1
|-unboost|p1a: Archaludon|spa|1
|
|t:|1784590424
|switch|p2a: HydroVolt|Rotom-Wash, L50|54/100|[from] Parting Shot
|move|p1b: Incineroar|Parting Shot|p2b: Frieren
|-unboost|p2b: Frieren|atk|1
|-unboost|p2b: Frieren|spa|1
|
|t:|1784590431
|switch|p1b: Beedrill|Beedrill, L50, M|100/100|[from] Parting Shot
|
|-weather|none
|upkeep
|turn|6
|
|t:|1784590445
|switch|p2b: Wolverine|Incineroar, L50, F|92/100
|-ability|p2b: Wolverine|Intimidate|boost
|-unboost|p1a: Archaludon|atk|1
|-unboost|p1b: Beedrill|atk|1
|detailschange|p1b: Beedrill|Beedrill-Mega, L50, M
|-mega|p1b: Beedrill|Beedrill|Beedrillite
|move|p1a: Archaludon|Protect|p1a: Archaludon
|-singleturn|p1a: Archaludon|Protect
|move|p1b: Beedrill|U-turn|p2a: HydroVolt
|-damage|p2a: HydroVolt|18/100
|
|t:|1784590454
|switch|p1b: Pelipper|Pelipper, L50, M|56/100|[from] U-turn
|-weather|RainDance|[from] ability: Drizzle|[of] p1b: Pelipper
|move|p2a: HydroVolt|Volt Switch|p1b: Pelipper
|-supereffective|p1b: Pelipper|2
|-damage|p1b: Pelipper|0 fnt
|faint|p1b: Pelipper
|
|t:|1784590465
|switch|p2a: Frieren|Sylveon, L50, F|58/100|[from] Volt Switch
|
|-weather|RainDance|[upkeep]
|upkeep
|
|t:|1784590471
|switch|p1b: Incineroar|Incineroar, L50, F|69/100
|-ability|p1b: Incineroar|Intimidate|boost
|-unboost|p2a: Frieren|atk|1
|-unboost|p2b: Wolverine|atk|1
|turn|7
|
|t:|1784590486
|move|p2b: Wolverine|Fake Out|p1b: Incineroar
|-damage|p1b: Incineroar|61/100
|cant|p1b: Incineroar|flinch
|move|p1a: Archaludon|Electro Shot||[still]
|-prepare|p1a: Archaludon|Electro Shot
|-boost|p1a: Archaludon|spa|1
|-anim|p1a: Archaludon|Electro Shot|p2a: Frieren
|-damage|p2a: Frieren|20/100y
|move|p2a: Frieren|Hyper Voice|p1b: Incineroar|[spread] p1a,p1b
|-damage|p1a: Archaludon|0 fnt
|-damage|p1b: Incineroar|22/100
|faint|p1a: Archaludon
|
|-weather|RainDance|[upkeep]
|upkeep
|
|t:|1784590499
|switch|p1a: Beedrill|Beedrill-Mega, L50, M|100/100
|turn|8
|
|t:|1784590514
|switch|p2b: Berserk|Garchomp, L50, M|90/100
|move|p2a: Frieren|Detect|p2a: Frieren
|-singleturn|p2a: Frieren|Protect
|move|p1a: Beedrill|Drill Run|p2b: Berserk
|-damage|p2b: Berserk|60/100
|-damage|p1a: Beedrill|88/100|[from] ability: Rough Skin|[of] p2b: Berserk
|move|p1b: Incineroar|Darkest Lariat|p2a: Frieren
|-activate|p2a: Frieren|move: Protect
|
|-weather|RainDance|[upkeep]
|upkeep
|turn|9
|inactive|Xiyme has 30 seconds left.
|
|t:|1784590542
|switch|p2a: Wolverine|Incineroar, L50, F|92/100
|-ability|p2a: Wolverine|Intimidate|boost
|-unboost|p1a: Beedrill|atk|1
|-unboost|p1b: Incineroar|atk|1
|move|p1a: Beedrill|U-turn|p2b: Berserk
|-crit|p2b: Berserk
|-damage|p2b: Berserk|0 fnt
|-damage|p1a: Beedrill|76/100|[from] ability: Rough Skin|[of] p2b: Berserk
|faint|p2b: Berserk
|move|p1b: Incineroar|Darkest Lariat|p2a: Wolverine
|-resisted|p2a: Wolverine|1
|-damage|p2a: Wolverine|81/100
|
|-weather|RainDance|[upkeep]
|upkeep
|
|t:|1784590557
|switch|p2b: HydroVolt|Rotom-Wash, L50|18/100
|turn|10
|
|t:|1784590574
|move|p1a: Beedrill|Poison Jab|p2b: HydroVolt
|-damage|p2b: HydroVolt|0 fnt
|faint|p2b: HydroVolt
|move|p2a: Wolverine|Parting Shot|p1a: Beedrill
|-unboost|p1a: Beedrill|atk|1
|-unboost|p1a: Beedrill|spa|1
|
|t:|1784590581
|switch|p2a: Frieren|Sylveon, L50, F|20/100y|[from] Parting Shot
|move|p1b: Incineroar|Darkest Lariat|p2a: Frieren
|-resisted|p2a: Frieren|1
|-damage|p2a: Frieren|10/100
|
|-weather|none
|upkeep
|
|t:|1784590590
|switch|p2b: Wolverine|Incineroar, L50, F|81/100
|-ability|p2b: Wolverine|Intimidate|boost
|-unboost|p1a: Beedrill|atk|1
|-unboost|p1b: Incineroar|atk|1
|turn|11
|inactive|Xiyme has 30 seconds left.
|
|t:|1784590620
|move|p2b: Wolverine|Fake Out|p1b: Incineroar
|-damage|p1b: Incineroar|11/100
|move|p1a: Beedrill|Drill Run|p2b: Wolverine
|-supereffective|p2b: Wolverine|1
|-damage|p2b: Wolverine|59/100
|move|p2a: Frieren|Hyper Voice|p1a: Beedrill|[spread] p1a,p1b
|-resisted|p1a: Beedrill|1
|-damage|p1a: Beedrill|42/100
|-damage|p1b: Incineroar|0 fnt
|faint|p1b: Incineroar
|
|upkeep
|turn|12
|
|t:|1784590638
|move|p1a: Beedrill|Drill Run|p2b: Wolverine
|-supereffective|p2b: Wolverine|1
|-damage|p2b: Wolverine|37/100
|move|p2b: Wolverine|Temper Flare|p1a: Beedrill
|-supereffective|p1a: Beedrill|1
|-damage|p1a: Beedrill|0 fnt
|faint|p1a: Beedrill
|
|win|x-demon18
||Xiyme is ready for game 2.
