|j|☆NathanaelW19
|j|☆trompanueva
|html|NathanaelW19trompanueva    
|uhtml|bestof|Game 2 of a best-of-3
|t:|1783862908
|gametype|doubles
|player|p1|NathanaelW19|169|1093
|player|p2|trompanueva|tate|1198
|gen|9
|tier|[Gen 9 Champions] VGC 2026 Reg M-B (Bo3)
|rated|
|rule|Species Clause: Limit one of each Pokémon
|rule|Item Clause: Limit 1 of each item
|clearpoke
|poke|p1|Gengar, L50, F, shiny|
|poke|p1|Kangaskhan, L50, F|
|poke|p1|Gholdengo, L50|
|poke|p1|Incineroar, L50, F, shiny|
|poke|p1|Politoed, L50, M, shiny|
|poke|p1|Aerodactyl, L50, M|
|poke|p2|Charizard, L50, M|
|poke|p2|Garchomp, L50, F|
|poke|p2|Sylveon, L50, M|
|poke|p2|Farigiraf, L50, M|
|poke|p2|Kingambit, L50, M|
|poke|p2|Aerodactyl, L50, F|
|teampreview|4
|showteam|p1|Gengar||Gengarite|CursedBody|SludgeBomb,ShadowBall,PerishSong,Protect|Modest||F|||50|]Kangaskhan||Kangaskhanite|Scrappy|FakeOut,DoubleEdge,BrickBreak,Protect|Jolly||F|||50|]Gholdengo||LifeOrb|GoodasGold|MakeItRain,PowerGem,ShadowBall,Protect|Modest|||||50|]Incineroar||SitrusBerry|Intimidate|FakeOut,DarkestLariat,PartingShot,Protect|Relaxed||F|||50|]Politoed||Leftovers|Drizzle|WeatherBall,Encore,PerishSong,Protect|Calm||M|||50|]Aerodactyl||FocusSash|Unnerve|Tailwind,RockSlide,DualWingbeat,Protect|Jolly||M|||50|
|showteam|p2|Charizard||CharizarditeY|SolarPower|Protect,HeatWave,SolarBeam,WeatherBall|Modest||M|||50|]Garchomp||LifeOrb|RoughSkin|Protect,DragonClaw,Earthquake,RockSlide|Jolly||F|||50|]Sylveon||FairyFeather|Pixilate|Detect,HyperVoice,HyperBeam,QuickAttack|Modest||M|||50|]Farigiraf||SitrusBerry|ArmorTail|TrickRoom,TwinBeam,Thunderbolt,Roar|Bold||M|||50|]Kingambit||FocusSash|Defiant|IronHead,SuckerPunch,KowtowCleave,LowKick|Adamant||M|||50|]Aerodactyl||Aerodactylite|Unnerve|Tailwind,DualWingbeat,RockSlide,IceFang|Jolly||F|||50|
|inactive|Battle timer is ON: inactive players will automatically lose when time's up. (requested by NathanaelW19)
|
|t:|1783862937
|teamsize|p1|4
|teamsize|p2|4
|start
|switch|p1a: Kangaskhan|Kangaskhan, L50, F|100/100
|switch|p1b: Gengar|Gengar, L50, F, shiny|100/100
|switch|p2a: Aerodactyl|Aerodactyl, L50, F|100/100
|switch|p2b: Sylveon|Sylveon, L50, M|100/100
|-ability|p2a: Aerodactyl|Unnerve
|turn|1
|
|t:|1783862949
|switch|p2b: Kingambit|Kingambit, L50, M|100/100
|detailschange|p1b: Gengar|Gengar-Mega, L50, F, shiny
|-mega|p1b: Gengar|Gengar|Gengarite
|move|p1a: Kangaskhan|Fake Out|p2a: Aerodactyl
|-resisted|p2a: Aerodactyl|1
|-damage|p2a: Aerodactyl|87/100
|cant|p2a: Aerodactyl|flinch
|move|p1b: Gengar|Shadow Ball|p2a: Aerodactyl
|-damage|p2a: Aerodactyl|18/100
|-unboost|p2a: Aerodactyl|spd|1
|
|upkeep
|turn|2
|
|t:|1783862972
|move|p1b: Gengar|Protect|p1b: Gengar
|-singleturn|p1b: Gengar|Protect
|move|p2a: Aerodactyl|Tailwind|p2a: Aerodactyl
|-sidestart|p2: trompanueva|move: Tailwind
|move|p2b: Kingambit|Low Kick|p1a: Kangaskhan
|-supereffective|p1a: Kangaskhan|1
|-damage|p1a: Kangaskhan|31/100
|move|p1a: Kangaskhan|Brick Break|p2b: Kingambit
|-supereffective|p2b: Kingambit|2
|-damage|p2b: Kingambit|25/100
|
|upkeep
|turn|3
|
|t:|1783862994
|move|p2a: Aerodactyl|Dual Wingbeat|p1a: Kangaskhan
|-damage|p1a: Kangaskhan|12/100
|-damage|p1a: Kangaskhan|0 fnt
|faint|p1a: Kangaskhan
|-hitcount|p1: Kangaskhan|2
|move|p2b: Kingambit|Kowtow Cleave|p1b: Gengar
|-supereffective|p1b: Gengar|1
|-damage|p1b: Gengar|0 fnt
|faint|p1b: Gengar
|
|upkeep
|
|t:|1783863000
|switch|p1b: Politoed|Politoed, L50, M, shiny|100/100
|switch|p1a: Aerodactyl|Aerodactyl, L50, M|100/100
|-ability|p1a: Aerodactyl|Unnerve
|-weather|RainDance|[from] ability: Drizzle|[of] p1b: Politoed
|turn|4
|
|t:|1783863011
|move|p2a: Aerodactyl|Rock Slide|p1a: Aerodactyl|[spread] p1a,p1b
|-supereffective|p1a: Aerodactyl|1
|-damage|p1a: Aerodactyl|35/100
|-damage|p1b: Politoed|81/100
|move|p2b: Kingambit|Iron Head|p1a: Aerodactyl
|-supereffective|p1a: Aerodactyl|1
|-damage|p1a: Aerodactyl|0 fnt
|faint|p1a: Aerodactyl
|move|p1b: Politoed|Weather Ball|p2b: Kingambit
|-damage|p2b: Kingambit|0 fnt
|faint|p2b: Kingambit
|
|-weather|RainDance|[upkeep]
|-heal|p1b: Politoed|87/100|[from] item: Leftovers
|upkeep
|
|t:|1783863015
|switch|p2b: Charizard|Charizard, L50, M|100/100
|turn|5
|
|t:|1783863020
|detailschange|p2b: Charizard|Charizard-Mega-Y, L50, M
|-mega|p2b: Charizard|Charizard|Charizardite Y
|-weather|SunnyDay|[from] ability: Drought|[of] p2b: Charizard
|move|p2a: Aerodactyl|Rock Slide|p1b: Politoed|[miss]
|-miss|p2a: Aerodactyl|p1b: Politoed
|move|p2b: Charizard|Solar Beam||[still]
|-prepare|p2b: Charizard|Solar Beam
|-anim|p2b: Charizard|Solar Beam|p1b: Politoed
|-supereffective|p1b: Politoed|1
|-damage|p1b: Politoed|21/100
|move|p1b: Politoed|Perish Song|p1b: Politoed
|-start|p1b: Politoed|perish3|[silent]
|-start|p2a: Aerodactyl|perish3|[silent]
|-start|p2b: Charizard|perish3|[silent]
|-fieldactivate|move: Perish Song
|
|-weather|SunnyDay|[upkeep]
|-heal|p1b: Politoed|28/100|[from] item: Leftovers
|-start|p2a: Aerodactyl|perish3
|-start|p2b: Charizard|perish3
|-start|p1b: Politoed|perish3
|-sideend|p2: trompanueva|move: Tailwind
|upkeep
|turn|6
|
|t:|1783863040
|move|p1b: Politoed|Protect|p1b: Politoed
|-singleturn|p1b: Politoed|Protect
|move|p2a: Aerodactyl|Rock Slide|p1b: Politoed
|-activate|p1b: Politoed|move: Protect
|move|p2b: Charizard|Solar Beam||[still]
|-prepare|p2b: Charizard|Solar Beam
|-anim|p2b: Charizard|Solar Beam|p1b: Politoed
|-activate|p1b: Politoed|move: Protect
|
|-weather|SunnyDay|[upkeep]
|-heal|p1b: Politoed|34/100|[from] item: Leftovers
|-start|p2a: Aerodactyl|perish2
|-start|p2b: Charizard|perish2
|-start|p1b: Politoed|perish2
|upkeep
|turn|7
|
|t:|1783863047
|move|p1b: Politoed|Protect|p1b: Politoed
|-singleturn|p1b: Politoed|Protect
|move|p2a: Aerodactyl|Rock Slide|p1b: Politoed
|-activate|p1b: Politoed|move: Protect
|move|p2b: Charizard|Solar Beam||[still]
|-prepare|p2b: Charizard|Solar Beam
|-anim|p2b: Charizard|Solar Beam|p1b: Politoed
|-activate|p1b: Politoed|move: Protect
|
|-weather|SunnyDay|[upkeep]
|-heal|p1b: Politoed|40/100|[from] item: Leftovers
|-start|p2a: Aerodactyl|perish1
|-start|p2b: Charizard|perish1
|-start|p1b: Politoed|perish1
|upkeep
|turn|8
|
|t:|1783863054
|move|p1b: Politoed|Protect||[still]
|-fail|p1b: Politoed
|move|p2a: Aerodactyl|Rock Slide|p1b: Politoed
|-damage|p1b: Politoed|15/100
|move|p2b: Charizard|Solar Beam||[still]
|-prepare|p2b: Charizard|Solar Beam
|-anim|p2b: Charizard|Solar Beam|p1b: Politoed
|-supereffective|p1b: Politoed|1
|-damage|p1b: Politoed|0 fnt
|faint|p1b: Politoed
|
|win|trompanueva
