|j|☆ga sneasler
|j|☆Qicide
|html|ga sneaslerQicide    
|uhtml|bestof|Game 2 of a best-of-3
|t:|1757703626
|gametype|doubles
|player|p1|ga sneasler|170|1362
|player|p2|Qicide|red|1309
|gen|9
|tier|[Gen 9] VGC 2025 Reg H (Bo3)
|rated|
|rule|Species Clause: Limit one of each Pokémon
|rule|Item Clause: Limit 1 of each item
|clearpoke
|poke|p1|Dragapult, L50, M|
|poke|p1|Kingambit, L50, M|
|poke|p1|Electabuzz, L50, F|
|poke|p1|Blaziken, L50, M|
|poke|p1|Primarina, L50, F|
|poke|p1|Rillaboom, L50, M|
|poke|p2|Porygon2, L50|
|poke|p2|Incineroar, L50, F|
|poke|p2|Ursaluna, L50, F|
|poke|p2|Jumpluff, L50, F|
|poke|p2|Charizard, L50, F|
|poke|p2|Torkoal, L50, F|
|teampreview|4
|showteam|p1|Dragapult||ChoiceBand|ClearBody|Outrage,DragonDarts,PhantomForce,Uturn|||M|||50|,,,,,Dragon]Kingambit||SafetyGoggles|Defiant|KowtowCleave,SuckerPunch,SwordsDance,Protect|||M|||50|,,,,,Dark]Electabuzz||Eviolite|VitalSpirit|Thunderbolt,HelpingHand,FollowMe,Protect|||F|||50|,,,,,Ghost]Blaziken||FocusSash|SpeedBoost|HeatWave,AuraSphere,Coaching,Detect|||M|||50|,,,,,Stellar]Primarina||SitrusBerry|LiquidVoice|Moonblast,HyperVoice,Haze,Protect|||F|||50|,,,,,Water]Rillaboom||AssaultVest|GrassySurge|WoodHammer,GrassyGlide,FakeOut,Uturn|||M|||50|,,,,,Fire
|showteam|p2|Porygon2||Eviolite|Download|TeraBlast,IceBeam,TrickRoom,Recover||||||50|,,,,,Fighting]Incineroar||SitrusBerry|Intimidate|FakeOut,KnockOff,FlareBlitz,PartingShot|||F|||50|,,,,,Ghost]Ursaluna||FlameOrb|Guts|HeadlongRush,Facade,Earthquake,Protect|||F|||50|,,,,,Ghost]Jumpluff||CovertCloak|Chlorophyll|RagePowder,SunnyDay,Tailwind,SleepPowder|||F|||50|,,,,,Water]Charizard||ChoiceSpecs|SolarPower|HeatWave,Overheat,WeatherBall,SolarBeam|||F|||50|,,,,,Ghost]Torkoal||EjectPack|Drought|Overheat,Eruption,HelpingHand,Protect|||F|||50|,,,,,Fire
|inactive|Battle timer is ON: inactive players will automatically lose when time's up. (requested by ga sneasler)
|inactive|Qicide also wants the timer to be on.
|inactive|ga sneasler has 60 seconds left.
|
|t:|1757703670
|teamsize|p1|4
|teamsize|p2|4
|start
|switch|p1a: Darts|Dragapult, L50, M|100/100
|switch|p1b: Zap|Electabuzz, L50, F|100/100
|switch|p2a: Jumpluff|Jumpluff, L50, F|100/100
|switch|p2b: Torkoal|Torkoal, L50, F|100/100
|-weather|SunnyDay|[from] ability: Drought|[of] p2b: Torkoal
|turn|1
|
|t:|1757703686
|move|p1b: Zap|Follow Me|p1b: Zap
|-singleturn|p1b: Zap|move: Follow Me
|move|p2a: Jumpluff|Tailwind|p2a: Jumpluff
|-sidestart|p2: Qicide|move: Tailwind
|move|p1a: Darts|Dragon Darts|p2a: Jumpluff
|-damage|p2a: Jumpluff|53/100
|-anim|p1a: Darts|Dragon Darts|p2b: Torkoal
|-damage|p2b: Torkoal|73/100
|move|p2b: Torkoal|Overheat|p1b: Zap
|-damage|p1b: Zap|39/100
|-unboost|p2b: Torkoal|spa|2
|-enditem|p2b: Torkoal|Eject Pack
|
|t:|1757703695
|switch|p2b: Charizard|Charizard, L50, F, shiny|100/100
|
|-weather|SunnyDay|[upkeep]
|-damage|p2b: Charizard|88/100|[from] ability: Solar Power|[of] p2b: Charizard
|upkeep
|turn|2
|
|t:|1757703709
|-terastallize|p1a: Darts|Dragon
|move|p2a: Jumpluff|Rage Powder|p2a: Jumpluff
|-singleturn|p2a: Jumpluff|move: Rage Powder
|move|p1b: Zap|Follow Me|p1b: Zap
|-singleturn|p1b: Zap|move: Follow Me
|move|p2b: Charizard|Heat Wave|p1a: Darts|[spread] p1a,p1b
|-resisted|p1a: Darts
|-damage|p1a: Darts|31/100
|-damage|p1b: Zap|0 fnt
|faint|p1b: Zap
|move|p1a: Darts|Dragon Darts|p2a: Jumpluff
|-crit|p2a: Jumpluff
|-damage|p2a: Jumpluff|0 fnt
|faint|p2a: Jumpluff
|
|-weather|SunnyDay|[upkeep]
|-damage|p2b: Charizard|76/100|[from] ability: Solar Power|[of] p2b: Charizard
|upkeep
|
|t:|1757703719
|switch|p2a: Ursaluna|Ursaluna, L50, F|100/100
|switch|p1b: Check|Kingambit, L50, M|100/100
|turn|3
|
|t:|1757703724
|switch|p1a: Sing|Primarina, L50, F|100/100
|move|p1b: Check|Protect|p1b: Check
|-singleturn|p1b: Check|Protect
|move|p2b: Charizard|Heat Wave|p1a: Sing|[spread] p1a
|-activate|p1b: Check|move: Protect
|-resisted|p1a: Sing
|-damage|p1a: Sing|54/100
|move|p2a: Ursaluna|Earthquake|p1b: Check|[spread] p1a
|-activate|p1b: Check|move: Protect
|-immune|p2b: Charizard
|-damage|p1a: Sing|6/100
|-enditem|p1a: Sing|Sitrus Berry|[eat]
|-heal|p1a: Sing|31/100|[from] item: Sitrus Berry
|
|-weather|SunnyDay|[upkeep]
|-damage|p2b: Charizard|63/100|[from] ability: Solar Power|[of] p2b: Charizard
|-status|p2a: Ursaluna|brn|[from] item: Flame Orb
|upkeep
|turn|4
|
|t:|1757703742
|move|p1a: Sing|Protect|p1a: Sing
|-singleturn|p1a: Sing|Protect
|move|p1b: Check|Sucker Punch|p2a: Ursaluna
|-damage|p2a: Ursaluna|66/100 brn
|move|p2b: Charizard|Heat Wave|p1b: Check|[spread] p1b
|-activate|p1a: Sing|move: Protect
|-supereffective|p1b: Check
|-damage|p1b: Check|0 fnt
|faint|p1b: Check
|move|p2a: Ursaluna|Earthquake|p1a: Sing|[spread] 
|-activate|p1a: Sing|move: Protect
|-immune|p2b: Charizard
|
|-weather|SunnyDay|[upkeep]
|-damage|p2b: Charizard|51/100|[from] ability: Solar Power|[of] p2b: Charizard
|-damage|p2a: Ursaluna|61/100 brn|[from] brn
|-sideend|p2: Qicide|move: Tailwind
|upkeep
|
|t:|1757703746
|switch|p1b: Darts|Dragapult, L50, M, tera:Dragon|31/100
|turn|5
|
|t:|1757703754
|move|p1b: Darts|Dragon Darts|p2a: Ursaluna
|-damage|p2a: Ursaluna|20/100 brn
|-anim|p1b: Darts|Dragon Darts|p2b: Charizard
|-damage|p2b: Charizard|0 fnt
|faint|p2b: Charizard
|move|p1a: Sing|Hyper Voice|p2a: Ursaluna
|-supereffective|p2a: Ursaluna
|-damage|p2a: Ursaluna|0 fnt
|faint|p2a: Ursaluna
|
|-weather|none
|upkeep
|
|t:|1757703762
|switch|p2b: Torkoal|Torkoal, L50, F|73/100
|-weather|SunnyDay|[from] ability: Drought|[of] p2b: Torkoal
|turn|6
|
|t:|1757703767
|-terastallize|p2b: Torkoal|Fire
|move|p1b: Darts|Dragon Darts|p2b: Torkoal
|-damage|p2b: Torkoal|33/100
|-anim|p1b: Darts|Dragon Darts|p2b: Torkoal
|-damage|p2b: Torkoal|0 fnt
|faint|p2b: Torkoal
|
|win|ga sneasler
