|j|☆DINOLONK
|j|☆Joe870502
|html|DINOLONKJoe870502    
|uhtml|bestof|Game 1 of a best-of-3
|t:|1782576280
|gametype|doubles
|player|p1|DINOLONK|parasollady-gen4|1179
|player|p2|Joe870502|170|1241
|gen|9
|tier|[Gen 9 Champions] VGC 2026 Reg M-B (Bo3)
|rated|
|rule|Species Clause: Limit one of each Pokémon
|rule|Item Clause: Limit 1 of each item
|clearpoke
|poke|p1|Hydreigon, L50, F|
|poke|p1|Garchomp, L50, F|
|poke|p1|Metagross, L50|
|poke|p1|Charizard, L50, F|
|poke|p1|Grimmsnarl, L50, M|
|poke|p1|Toxapex, L50, M|
|poke|p2|Charizard, L50, M|
|poke|p2|Sneasler, L50, F|
|poke|p2|Floette-Eternal, L50, F|
|poke|p2|Sinistcha, L50|
|poke|p2|Milotic, L50, M|
|poke|p2|Incineroar, L50, F|
|teampreview|4
|showteam|p1|Hydreigon||ChoiceScarf|Levitate|HeatWave,DarkPulse,DracoMeteor,Snarl|Modest||F|||50|]Garchomp||SitrusBerry|RoughSkin|Earthquake,RockSlide,DragonClaw,Protect|Adamant||F|||50|]Metagross||Metagrossite|ClearBody|IronHead,HammerArm,BulletPunch,Protect|Adamant|||||50|]Charizard||CharizarditeY|Blaze|Protect,HeatWave,SolarBeam,WeatherBall|Timid||F|||50|]Grimmsnarl||RoseliBerry|Prankster|FakeOut,FoulPlay,Reflect,PartingShot|Sassy||M|||50|]Toxapex||Leftovers|Regenerator|Infestation,Toxic,BanefulBunker,WideGuard|Bold||M|||50|
|showteam|p2|Charizard||CharizarditeX|Blaze|TemperFlare,DragonClaw,DragonDance,Protect|Adamant||M|||50|]Sneasler||FocusSash|Unburden|FakeOut,CloseCombat,DireClaw,Coaching|Jolly||F|||50|]Floette-Eternal||Floettite|FlowerVeil|Moonblast,DazzlingGleam,CalmMind,Protect|Modest||F|||50|]Sinistcha||ColburBerry|Hospitality|RagePowder,TrickRoom,MatchaGotcha,LifeDew|Sassy|||||50|]Milotic||Leftovers|Competitive|MuddyWater,Recover,Coil,Hypnosis|Bold||M|||50|]Incineroar||SitrusBerry|Intimidate|FakeOut,FlareBlitz,ThroatChop,PartingShot|Impish||F|||50|
|inactive|Battle timer is ON: inactive players will automatically lose when time's up. (requested by DINOLONK)
|
|t:|1782576310
|teamsize|p1|4
|teamsize|p2|4
|start
|switch|p1a: Grimmsnarl|Grimmsnarl, L50, M|100/100
|switch|p1b: Metagross|Metagross, L50|100/100
|switch|p2a: Sneasler|Sneasler, L50, F|100/100
|switch|p2b: Milotic|Milotic, L50, M|100/100
|turn|1
|
|t:|1782576322
|switch|p1b: Toxapex|Toxapex, L50, M|100/100
|move|p2a: Sneasler|Fake Out|p1b: Toxapex
|-damage|p1b: Toxapex|91/100
|move|p1a: Grimmsnarl|Fake Out|p2b: Milotic
|-damage|p2b: Milotic|91/100
|cant|p2b: Milotic|flinch
|
|-heal|p2b: Milotic|97/100|[from] item: Leftovers
|-heal|p1b: Toxapex|96/100|[from] item: Leftovers
|upkeep
|turn|2
|
|t:|1782576336
|switch|p2b: Charizard|Charizard, L50, M|100/100
|move|p1a: Grimmsnarl|Reflect|p1a: Grimmsnarl
|-sidestart|p1: DINOLONK|Reflect
|move|p2a: Sneasler|Coaching|p2b: Charizard
|-boost|p2b: Charizard|atk|1
|-boost|p2b: Charizard|def|1
|move|p1b: Toxapex|Toxic|p2b: Charizard
|-status|p2b: Charizard|tox
|
|-heal|p1b: Toxapex|100/100|[from] item: Leftovers
|-damage|p2b: Charizard|94/100 tox|[from] psn
|upkeep
|turn|3
|
|t:|1782576351
|detailschange|p2b: Charizard|Charizard-Mega-X, L50, M
|-mega|p2b: Charizard|Charizard|Charizardite X
|move|p1a: Grimmsnarl|Parting Shot|p2b: Charizard
|-unboost|p2b: Charizard|atk|1
|-unboost|p2b: Charizard|spa|1
|
|t:|1782576353
|switch|p1a: Garchomp|Garchomp, L50, F|100/100|[from] Parting Shot
|move|p2a: Sneasler|Coaching|p2b: Charizard
|-boost|p2b: Charizard|atk|1
|-boost|p2b: Charizard|def|1
|move|p2b: Charizard|Dragon Dance|p2b: Charizard
|-boost|p2b: Charizard|atk|1
|-boost|p2b: Charizard|spe|1
|move|p1b: Toxapex|Infestation|p2a: Sneasler
|-resisted|p2a: Sneasler|2
|-damage|p2a: Sneasler|98/100
|-activate|p2a: Sneasler|move: Infestation|[of] p1b: Toxapex
|
|-damage|p2b: Charizard|82/100 tox|[from] psn
|-damage|p2a: Sneasler|86/100|[from] move: Infestation|[partiallytrapped]
|upkeep
|turn|4
|
|t:|1782576362
|move|p1a: Garchomp|Protect|p1a: Garchomp
|-singleturn|p1a: Garchomp|Protect
|move|p1b: Toxapex|Baneful Bunker|p1b: Toxapex
|-singleturn|p1b: Toxapex|move: Protect
|move|p2b: Charizard|Dragon Claw|p1a: Garchomp
|-activate|p1a: Garchomp|move: Protect
|move|p2a: Sneasler|Coaching|p2b: Charizard
|-boost|p2b: Charizard|atk|1
|-boost|p2b: Charizard|def|1
|
|-damage|p2b: Charizard|65/100 tox|[from] psn
|-damage|p2a: Sneasler|74/100|[from] move: Infestation|[partiallytrapped]
|upkeep
|turn|5
|
|t:|1782576372
|switch|p1a: Grimmsnarl|Grimmsnarl, L50, M|100/100
|move|p2b: Charizard|Dragon Claw|p1b: Toxapex
|-damage|p1b: Toxapex|36/100
|move|p2a: Sneasler|Coaching|p2b: Charizard
|-boost|p2b: Charizard|atk|1
|-boost|p2b: Charizard|def|1
|move|p1b: Toxapex|Infestation|p2b: Charizard
|-resisted|p2b: Charizard|1
|-damage|p2b: Charizard|63/100 tox
|-activate|p2b: Charizard|move: Infestation|[of] p1b: Toxapex
|
|-heal|p1b: Toxapex|42/100|[from] item: Leftovers
|-damage|p2b: Charizard|40/100 tox|[from] psn
|-damage|p2b: Charizard|27/100 tox|[from] move: Infestation|[partiallytrapped]
|-damage|p2a: Sneasler|62/100|[from] move: Infestation|[partiallytrapped]
|upkeep
|turn|6
|-message|Joe870502 forfeited.
|
|win|DINOLONK
