|j|☆Noyomi
|j|☆Darking81
|html|NoyomiDarking81    
|uhtml|bestof|Game 2 of a best-of-3
|t:|1785021846
|gametype|doubles
|player|p1|Noyomi|pokemonrangerf|
|player|p2|Darking81|170|
|gen|9
|tier|[Gen 9 Champions] VGC 2026 Reg M-B (Bo3)
|rule|Species Clause: Limit one of each Pokémon
|rule|Item Clause: Limit 1 of each item
|clearpoke
|poke|p1|Charizard, L50, F|
|poke|p1|Garchomp, L50, F|
|poke|p1|Sneasler, L50, M|
|poke|p1|Venusaur, L50, M|
|poke|p1|Milotic, L50, M|
|poke|p1|Ampharos, L50, M|
|poke|p2|Lucario, L50, M|
|poke|p2|Sableye, L50, M|
|poke|p2|Lycanroc-Dusk, L50, F|
|poke|p2|Luxray, L50, F|
|poke|p2|Hydreigon, L50, M|
|poke|p2|Talonflame, L50, F|
|teampreview|4
|showteam|p1|Charizard||CharizarditeY|Blaze|HeatWave,SolarBeam,Protect,ScorchingSands|Timid||F|||50|]Garchomp||SitrusBerry|RoughSkin|Earthquake,DragonClaw,Protect,RockSlide|Adamant||F|||50|]Sneasler||WhiteHerb|Unburden|CloseCombat,DireClaw,FakeOut,Protect|Adamant||M|||50|]Venusaur||FocusSash|Chlorophyll|SleepPowder,SludgeBomb,Protect,GigaDrain|Timid||M|||50|]Milotic||Leftovers|Competitive|Scald,IcyWind,Protect,LifeDew|Calm||M|||50|]Ampharos||Ampharosite|Static|DragonPulse,ParabolicCharge,Protect,HelpingHand|Modest||M|||50|
|showteam|p2|Lucario||Lucarionite|InnerFocus|AuraSphere,FlashCannon,Protect,DarkPulse|Timid||M|||50|]Sableye||SitrusBerry|Prankster|Reflect,KnockOff,Encore,LightScreen|Careful||M|||50|]Lycanroc-Dusk||LifeOrb|ToughClaws|RockSlide,Accelerock,CloseCombat,Protect|Jolly||F|||50|]Luxray||ExpertBelt|Intimidate|Crunch,HelpingHand,Protect,WildCharge|Adamant||F|||50|]Hydreigon||FocusSash|Levitate|EarthPower,DragonPulse,DarkPulse,Snarl|Serious||M|||50|]Talonflame|||GaleWings|Acrobatics,Tailwind,HeatWave,Uturn|Hasty||F|||50|
|l|☆Darking81
|player|p2|
|j|☆Darking81
|player|p2|Darking81|170|
|
|t:|1785022304
|teamsize|p1|4
|teamsize|p2|4
|start
|switch|p1a: Sssssss|Milotic, L50, M|100/100
|switch|p1b: ku-chau|Sneasler, L50, M|100/100
|switch|p2a: like a rock|Lycanroc-Dusk, L50, F|100/100
|switch|p2b: Boyer|Sableye, L50, M|100/100
|turn|1
|
|t:|1785022345
|move|p1b: ku-chau|Fake Out|p2a: like a rock
|-resisted|p2a: like a rock|1
|-damage|p2a: like a rock|88/100
|move|p2b: Boyer|Light Screen|p2b: Boyer
|-sidestart|p2: Darking81|move: Light Screen
|cant|p2a: like a rock|flinch
|move|p1a: Sssssss|Scald|p2a: like a rock
|-supereffective|p2a: like a rock|1
|-damage|p2a: like a rock|31/100
|
|upkeep
|turn|2
|
|t:|1785022364
|move|p2b: Boyer|Encore|p1a: Sssssss
|-start|p1a: Sssssss|Encore
|move|p2a: like a rock|Close Combat|p1a: Sssssss
|-damage|p1a: Sssssss|40/100
|-unboost|p2a: like a rock|def|1
|-unboost|p2a: like a rock|spd|1
|-damage|p2a: like a rock|21/100|[from] item: Life Orb
|move|p1b: ku-chau|Close Combat|p2a: like a rock
|-supereffective|p2a: like a rock|1
|-damage|p2a: like a rock|0 fnt
|-unboost|p1b: ku-chau|def|1
|-unboost|p1b: ku-chau|spd|1
|faint|p2a: like a rock
|-enditem|p1b: ku-chau|White Herb
|-clearnegativeboost|p1b: ku-chau|[silent]
|move|p1a: Sssssss|Scald|p2b: Boyer
|-damage|p2b: Boyer|74/100
|
|-heal|p1a: Sssssss|46/100|[from] item: Leftovers
|upkeep
|
|t:|1785022377
|switch|p2a: LUCYFA|Luxray, L50, F|100/100
|-ability|p2a: LUCYFA|Intimidate|boost
|-unboost|p1a: Sssssss|atk|1
|-ability|p1a: Sssssss|Competitive|boost
|-boost|p1a: Sssssss|spa|2
|-unboost|p1b: ku-chau|atk|1
|turn|3
|
|t:|1785022404
|move|p2b: Boyer|Reflect|p2b: Boyer
|-sidestart|p2: Darking81|Reflect
|move|p1b: ku-chau|Close Combat|p2a: LUCYFA
|-damage|p2a: LUCYFA|63/100
|-unboost|p1b: ku-chau|def|1
|-unboost|p1b: ku-chau|spd|1
|move|p1a: Sssssss|Scald|p2a: LUCYFA
|-damage|p2a: LUCYFA|16/100
|move|p2a: LUCYFA|Wild Charge|p1a: Sssssss
|-supereffective|p1a: Sssssss|1
|-damage|p1a: Sssssss|0 fnt
|faint|p1a: Sssssss
|-damage|p2a: LUCYFA|3/100|[from] Recoil
|
|upkeep
|
|t:|1785022420
|switch|p1a: Uy temblaste|Garchomp, L50, F|100/100
|turn|4
|
|t:|1785022433
|move|p1b: ku-chau|Protect|p1b: ku-chau
|-singleturn|p1b: ku-chau|Protect
|move|p2a: LUCYFA|Protect|p2a: LUCYFA
|-singleturn|p2a: LUCYFA|Protect
|move|p2b: Boyer|Encore||[still]
|-fail|p2b: Boyer
|move|p1a: Uy temblaste|Earthquake|p2a: LUCYFA|[spread] p2b
|-activate|p1b: ku-chau|move: Protect
|-activate|p2a: LUCYFA|move: Protect
|-damage|p2b: Boyer|36/100
|-enditem|p2b: Boyer|Sitrus Berry|[eat]
|-heal|p2b: Boyer|61/100|[from] item: Sitrus Berry
|
|upkeep
|turn|5
|
|t:|1785022460
|move|p1b: ku-chau|Close Combat|p2a: LUCYFA
|-damage|p2a: LUCYFA|0 fnt
|-unboost|p1b: ku-chau|def|1
|-unboost|p1b: ku-chau|spd|1
|faint|p2a: LUCYFA
|move|p1a: Uy temblaste|Dragon Claw|p2b: Boyer
|-damage|p2b: Boyer|22/100
|move|p2b: Boyer|Knock Off|p1a: Uy temblaste
|-damage|p1a: Uy temblaste|77/100
|-damage|p2b: Boyer|10/100|[from] ability: Rough Skin|[of] p1a: Uy temblaste
|-enditem|p1a: Uy temblaste|Sitrus Berry|[from] move: Knock Off|[of] p2b: Boyer
|
|-sideend|p2: Darking81|move: Light Screen
|upkeep
|
|t:|1785022473
|switch|p2a: Lucas|Lucario, L50, M|100/100
|turn|6
|
|t:|1785022486
|detailschange|p2a: Lucas|Lucario-Mega, L50, M
|-mega|p2a: Lucas|Lucario|Lucarionite
|move|p1b: ku-chau|Protect|p1b: ku-chau
|-singleturn|p1b: ku-chau|Protect
|move|p2a: Lucas|Aura Sphere|p1a: Uy temblaste
|-damage|p1a: Uy temblaste|16/100
|move|p1a: Uy temblaste|Earthquake|p2b: Boyer|[spread] p2a,p2b
|-activate|p1b: ku-chau|move: Protect
|-supereffective|p2a: Lucas|1
|-damage|p2a: Lucas|18/100
|-damage|p2b: Boyer|0 fnt
|faint|p2b: Boyer
|
|upkeep
|turn|7
|
|t:|1785022508
|move|p1b: ku-chau|Close Combat|p2a: Lucas
|-supereffective|p2a: Lucas|1
|-crit|p2a: Lucas
|-damage|p2a: Lucas|0 fnt
|-unboost|p1b: ku-chau|def|1
|-unboost|p1b: ku-chau|spd|1
|faint|p2a: Lucas
|
|win|Noyomi
