|j|☆MagicalArcher57
|j|‽SomeKidJon
|html|MagicalArcher57SomeKidJon    
|uhtml|bestof|Game 1 of a best-of-3
|t:|1784487229
|gametype|doubles
|player|p1|MagicalArcher57|diantha|1275
|player|p2|SomeKidJon|scientistf|1284
|gen|9
|tier|[Gen 9 Champions] VGC 2026 Reg M-B (Bo3)
|rated|
|rule|Species Clause: Limit one of each Pokémon
|rule|Item Clause: Limit 1 of each item
|clearpoke
|poke|p1|Basculegion, L50, M|
|poke|p1|Glimmora, L50, M|
|poke|p1|Garchomp, L50, M|
|poke|p1|Whimsicott, L50, M|
|poke|p1|Metagross, L50|
|poke|p1|Annihilape, L50, F|
|poke|p2|Tyranitar, L50, F|
|poke|p2|Excadrill, L50, M|
|poke|p2|Corviknight, L50, M|
|poke|p2|Basculegion, L50, M|
|poke|p2|Tsareena, L50, F|
|poke|p2|Lopunny, L50, F, shiny|
|teampreview|4
|showteam|p1|Basculegion||MysticWater|Adaptability|AquaJet,LastRespects,WaveCrash,Protect|Jolly||M|||50|]Glimmora||LifeOrb|ToxicDebris|PowerGem,EarthPower,SpikyShield,SludgeBomb|Timid||M|||50|]Garchomp||SitrusBerry|RoughSkin|DragonClaw,StompingTantrum,Protect,Earthquake|Jolly||M|||50|]Whimsicott||FocusSash|Prankster|Tailwind,Moonblast,Encore,Protect|Timid||M|||50|]Metagross||Metagrossite|ClearBody|IcePunch,IronHead,PsychicFangs,Protect|Jolly|||||50|]Annihilape||Leftovers|Defiant|Protect,CloseCombat,RageFist,Taunt|Adamant||F|||50|
|showteam|p2|Tyranitar||Tyranitarite|SandStream|Protect,DragonDance,KnockOff,RockSlide|Adamant||F|||50|]Excadrill||FocusSash|SandRush|IronHead,Protect,HighHorsepower,RockSlide|Adamant||M|||50|]Corviknight||Leftovers|MirrorArmor|BulkUp,Roost,BraveBird,BodyPress|Careful||M|||50|]Basculegion||ChoiceScarf|Adaptability|AquaJet,LastRespects,WaveCrash,FlipTurn|Adamant||M|||50|]Tsareena||WideLens|QueenlyMajesty|Protect,TripleAxel,PowerWhip,LowKick|Adamant||F|||50|]Lopunny||Lopunnite|CuteCharm|FakeOut,CloseCombat,Uturn,TripleAxel|Jolly||F|||50|
|inactive|Battle timer is ON: inactive players will automatically lose when time's up. (requested by MagicalArcher57)
|inactive|MagicalArcher57 has 60 seconds left.
|
|t:|1784487269
|teamsize|p1|4
|teamsize|p2|4
|start
|switch|p1a: Glimmora|Glimmora, L50, M|100/100
|switch|p1b: Whimsicott|Whimsicott, L50, M|100/100
|switch|p2a: Lopunny|Lopunny, L50, F, shiny|100/100
|switch|p2b: Tyranitar|Tyranitar, L50, F|100/100
|-weather|Sandstorm|[from] ability: Sand Stream|[of] p2b: Tyranitar
|turn|1
|
|t:|1784487281
|detailschange|p2a: Lopunny|Lopunny-Mega, L50, F, shiny
|-mega|p2a: Lopunny|Lopunny|Lopunnite
|move|p2a: Lopunny|Fake Out|p1b: Whimsicott
|-damage|p1b: Whimsicott|70/100
|cant|p1b: Whimsicott|flinch
|move|p1a: Glimmora|Earth Power|p2b: Tyranitar
|-supereffective|p2b: Tyranitar|1
|-damage|p2b: Tyranitar|39/100
|-damage|p1a: Glimmora|90/100|[from] item: Life Orb
|move|p2b: Tyranitar|Dragon Dance|p2b: Tyranitar
|-boost|p2b: Tyranitar|atk|1
|-boost|p2b: Tyranitar|spe|1
|
|-weather|Sandstorm|[upkeep]
|-damage|p2a: Lopunny|94/100|[from] Sandstorm
|-damage|p1b: Whimsicott|64/100|[from] Sandstorm
|upkeep
|turn|2
|inactive|MagicalArcher57 has 30 seconds left.
|inactive|SomeKidJon has 30 seconds left.
|
|t:|1784487314
|switch|p2a: Excadrill|Excadrill, L50, M|100/100
|move|p1b: Whimsicott|Tailwind|p1b: Whimsicott
|-sidestart|p1: MagicalArcher57|move: Tailwind
|move|p1a: Glimmora|Sludge Bomb|p2a: Excadrill
|-immune|p2a: Excadrill
|move|p2b: Tyranitar|Rock Slide|p1a: Glimmora|[spread] p1a,p1b
|-damage|p1a: Glimmora|24/100
|-damage|p1b: Whimsicott|0 fnt
|-activate|p1a: Glimmora|ability: Toxic Debris
|-sidestart|p2: SomeKidJon|move: Toxic Spikes
|faint|p1b: Whimsicott
|
|-weather|Sandstorm|[upkeep]
|upkeep
|
|t:|1784487318
|switch|p1b: Garchomp|Garchomp, L50, M|100/100
|turn|3
|
|t:|1784487333
|switch|p2a: Corviknight|Corviknight, L50, M|100/100
|move|p1a: Glimmora|Spiky Shield|p1a: Glimmora
|-singleturn|p1a: Glimmora|move: Protect
|move|p1b: Garchomp|Earthquake|p2b: Tyranitar|[spread] p2b
|-activate|p1a: Glimmora|move: Protect
|-immune|p2a: Corviknight
|-supereffective|p2b: Tyranitar|1
|-damage|p2b: Tyranitar|0 fnt
|faint|p2b: Tyranitar
|
|-weather|Sandstorm|[upkeep]
|upkeep
|
|t:|1784487339
|switch|p2b: Lopunny|Lopunny-Mega, L50, F, shiny|94/100
|-status|p2b: Lopunny|psn
|turn|4
|inactive|MagicalArcher57 has 30 seconds left.
|
|t:|1784487366
|move|p2b: Lopunny|Fake Out|p1a: Glimmora
|-resisted|p1a: Glimmora|1
|-damage|p1a: Glimmora|10/100
|-activate|p1a: Glimmora|ability: Toxic Debris
|-sidestart|p2: SomeKidJon|move: Toxic Spikes
|move|p1b: Garchomp|Dragon Claw|p2b: Lopunny
|-damage|p2b: Lopunny|35/100 psn
|cant|p1a: Glimmora|flinch
|move|p2a: Corviknight|Bulk Up|p2a: Corviknight
|-boost|p2a: Corviknight|atk|1
|-boost|p2a: Corviknight|def|1
|
|-weather|Sandstorm|[upkeep]
|-damage|p2b: Lopunny|29/100 psn|[from] Sandstorm
|-damage|p2b: Lopunny|17/100 psn|[from] psn
|upkeep
|turn|5
|
|t:|1784487377
|switch|p2b: Excadrill|Excadrill, L50, M|100/100
|move|p1b: Garchomp|Dragon Claw|p2b: Excadrill
|-resisted|p2b: Excadrill|1
|-damage|p2b: Excadrill|71/100
|move|p1a: Glimmora|Power Gem|p2a: Corviknight
|-damage|p2a: Corviknight|60/100
|-damage|p1a: Glimmora|1/100|[from] item: Life Orb
|move|p2a: Corviknight|Bulk Up|p2a: Corviknight
|-boost|p2a: Corviknight|atk|1
|-boost|p2a: Corviknight|def|1
|
|-weather|none
|-heal|p2a: Corviknight|65/100|[from] item: Leftovers
|-sideend|p1: MagicalArcher57|move: Tailwind
|upkeep
|turn|6
|
|t:|1784487390
|move|p1b: Garchomp|Stomping Tantrum|p2b: Excadrill
|-supereffective|p2b: Excadrill|1
|-damage|p2b: Excadrill|0 fnt
|faint|p2b: Excadrill
|move|p1a: Glimmora|Power Gem|p2a: Corviknight
|-damage|p2a: Corviknight|23/100
|-damage|p1a: Glimmora|0 fnt|[from] item: Life Orb
|faint|p1a: Glimmora
|move|p2a: Corviknight|Roost|p2a: Corviknight
|-heal|p2a: Corviknight|74/100
|-singleturn|p2a: Corviknight|move: Roost
|
|-heal|p2a: Corviknight|80/100|[from] item: Leftovers
|upkeep
|inactive|MagicalArcher57 has 30 seconds left.
|
|t:|1784487419
|switch|p1a: Basculegion|Basculegion, L50, M|100/100
|switch|p2b: Lopunny|Lopunny-Mega, L50, F, shiny|17/100 psn
|turn|7
|
|t:|1784487424
|move|p1b: Garchomp|Protect|p1b: Garchomp
|-singleturn|p1b: Garchomp|Protect
|move|p1a: Basculegion|Protect|p1a: Basculegion
|-singleturn|p1a: Basculegion|Protect
|move|p2b: Lopunny|Fake Out|p1a: Basculegion
|-activate|p1a: Basculegion|move: Protect
|move|p2a: Corviknight|Bulk Up|p2a: Corviknight
|-boost|p2a: Corviknight|atk|1
|-boost|p2a: Corviknight|def|1
|
|-heal|p2a: Corviknight|85/100|[from] item: Leftovers
|-damage|p2b: Lopunny|5/100 psn|[from] psn
|upkeep
|turn|8
|
|t:|1784487432
|move|p1a: Basculegion|Aqua Jet|p2b: Lopunny
|-crit|p2b: Lopunny
|-damage|p2b: Lopunny|0 fnt
|faint|p2b: Lopunny
|move|p1b: Garchomp|Dragon Claw|p2a: Corviknight
|-resisted|p2a: Corviknight|1
|-damage|p2a: Corviknight|79/100
|move|p2a: Corviknight|Brave Bird|p1a: Basculegion
|-damage|p1a: Basculegion|0 fnt
|faint|p1a: Basculegion
|-damage|p2a: Corviknight|47/100|[from] Recoil
|
|-heal|p2a: Corviknight|53/100|[from] item: Leftovers
|upkeep
|turn|9
|
|t:|1784487451
|move|p1b: Garchomp|Dragon Claw|p2a: Corviknight
|-resisted|p2a: Corviknight|1
|-damage|p2a: Corviknight|46/100
|move|p2a: Corviknight|Roost|p2a: Corviknight
|-heal|p2a: Corviknight|97/100
|-singleturn|p2a: Corviknight|move: Roost
|
|-heal|p2a: Corviknight|100/100|[from] item: Leftovers
|upkeep
|turn|10
|-message|MagicalArcher57 forfeited.
|
|win|SomeKidJon
