|j|☆kirito1986
|j|☆palateink
|html|kirito1986palateink    
|uhtml|bestof|Game 3 of a best-of-3
|t:|1785643900
|gametype|doubles
|player|p1|kirito1986|169|1090
|player|p2|palateink|backpackerf|1000
|gen|9
|tier|[Gen 9 Champions] VGC 2026 Reg M-B (Bo3)
|rated|
|rule|Species Clause: Limit one of each Pokémon
|rule|Item Clause: Limit 1 of each item
|clearpoke
|poke|p1|Charizard, L50, F|
|poke|p1|Basculegion-F, L50, F|
|poke|p1|Gholdengo, L50|
|poke|p1|Sneasler, L50, M|
|poke|p1|Whimsicott, L50, F|
|poke|p1|Garchomp, L50, F|
|poke|p2|Raichu, L50, M|
|poke|p2|Sinistcha, L50|
|poke|p2|Kingambit, L50, M|
|poke|p2|Sneasler, L50, F|
|poke|p2|Palafin, L50, M|
|poke|p2|Vanilluxe, L50, F|
|teampreview|4
|showteam|p1|Charizard||CharizarditeY|SolarPower|HeatWave,SolarBeam,WeatherBall,Protect|Timid||F|||50|]Basculegion-F||MysticWater|Adaptability|WaveCrash,AquaJet,LastRespects,Protect|Adamant||F|||50|]Gholdengo||MetalCoat|GoodasGold|MakeItRain,ShadowBall,NastyPlot,Protect|Modest|||||50|]Sneasler||MentalHerb|Unburden|FakeOut,CloseCombat,DireClaw,Protect|Adamant||M|||50|]Whimsicott||FocusSash|Prankster|Tailwind,Encore,Moonblast,Protect|Timid||F|||50|]Garchomp||LifeOrb|RoughSkin|RockSlide,Earthquake,DragonClaw,Protect|Adamant||F|||50|
|showteam|p2|Raichu||RaichuniteY|LightningRod|ZapCannon,GrassKnot,FocusBlast,Protect|Timid||M|||50|]Sinistcha||SitrusBerry|Hospitality|RagePowder,MatchaGotcha,LifeDew,StrengthSap|Bold|||||50|]Kingambit||ChopleBerry|Defiant|SuckerPunch,IronHead,KowtowCleave,LowKick|Adamant||M|||50|]Sneasler||WhiteHerb|Unburden|DireClaw,CloseCombat,FakeOut,Coaching|Adamant||F|||50|]Palafin||MysticWater|ZerotoHero|JetPunch,FlipTurn,Taunt,DrainPunch|Jolly||M|||50|]Vanilluxe||LightClay|SnowWarning|IcyWind,Blizzard,FreezeDry,AuroraVeil|Modest||F|||50|
|
|t:|1785643933
|teamsize|p1|4
|teamsize|p2|4
|start
|switch|p1a: Whimsicott|Whimsicott, L50, F|100/100
|switch|p1b: Charizard|Charizard, L50, F|100/100
|switch|p2a: Palafin|Palafin, L50, M|100/100
|switch|p2b: Sneasler|Sneasler, L50, F|100/100
|turn|1
|
|t:|1785643957
|detailschange|p1b: Charizard|Charizard-Mega-Y, L50, F
|-mega|p1b: Charizard|Charizard|Charizardite Y
|-weather|SunnyDay|[from] ability: Drought|[of] p1b: Charizard
|move|p1a: Whimsicott|Protect|p1a: Whimsicott
|-singleturn|p1a: Whimsicott|Protect
|move|p1b: Charizard|Protect|p1b: Charizard
|-singleturn|p1b: Charizard|Protect
|move|p2b: Sneasler|Fake Out|p1a: Whimsicott
|-activate|p1a: Whimsicott|move: Protect
|move|p2a: Palafin|Flip Turn|p1b: Charizard
|-activate|p1b: Charizard|move: Protect
|
|-weather|SunnyDay|[upkeep]
|upkeep
|turn|2
|
|t:|1785643981
|switch|p2b: Vanilluxe|Vanilluxe, L50, F|100/100
|-weather|Snowscape|[from] ability: Snow Warning|[of] p2b: Vanilluxe
|switch|p1b: Garchomp|Garchomp, L50, F|100/100
|move|p1a: Whimsicott|Encore||[still]
|-fail|p1a: Whimsicott
|move|p2a: Palafin|Taunt|p1a: Whimsicott
|-start|p1a: Whimsicott|move: Taunt
|
|-weather|Snowscape|[upkeep]
|upkeep
|turn|3
|
|t:|1785644021
|switch|p1a: Charizard|Charizard-Mega-Y, L50, F|100/100
|-weather|SunnyDay|[from] ability: Drought|[of] p1a: Charizard
|switch|p1b: Basculegion|Basculegion-F, L50, F|100/100
|move|p2a: Palafin|Flip Turn|p1b: Basculegion
|-resisted|p1b: Basculegion|1
|-damage|p1b: Basculegion|92/100
|
|t:|1785644038
|detailschange|p2a: Palafin|Palafin-Hero, L50, M
|switch|p2a: Sneasler|Sneasler, L50, F|100/100|[from] Flip Turn
|move|p2b: Vanilluxe|Blizzard|p1b: Basculegion|[spread] 
|-miss|p2b: Vanilluxe|p1a: Charizard
|-miss|p2b: Vanilluxe|p1b: Basculegion
|
|-weather|SunnyDay|[upkeep]
|upkeep
|turn|4
|
|t:|1785644072
|switch|p2b: Palafin|Palafin-Hero, L50, M|100/100
|-activate|p2b: Palafin|ability: Zero to Hero
|move|p1a: Charizard|Protect|p1a: Charizard
|-singleturn|p1a: Charizard|Protect
|move|p2a: Sneasler|Coaching|p2b: Palafin
|-boost|p2b: Palafin|atk|1
|-boost|p2b: Palafin|def|1
|move|p1b: Basculegion|Wave Crash|p2b: Palafin
|-resisted|p2b: Palafin|1
|-damage|p2b: Palafin|84/100
|-damage|p1b: Basculegion|87/100|[from] Recoil
|
|-weather|SunnyDay|[upkeep]
|upkeep
|turn|5
|
|t:|1785644117
|switch|p2a: Vanilluxe|Vanilluxe, L50, F|100/100
|-weather|Snowscape|[from] ability: Snow Warning|[of] p2a: Vanilluxe
|switch|p1a: Garchomp|Garchomp, L50, F|100/100
|move|p2b: Palafin|Jet Punch|p1a: Garchomp
|-damage|p1a: Garchomp|32/100
|-damage|p2b: Palafin|72/100|[from] ability: Rough Skin|[of] p1a: Garchomp
|move|p1b: Basculegion|Wave Crash|p2a: Vanilluxe
|-damage|p2a: Vanilluxe|35/100
|-damage|p1b: Basculegion|68/100|[from] Recoil
|
|-weather|Snowscape|[upkeep]
|upkeep
|turn|6
|
|t:|1785644155
|move|p1a: Garchomp|Protect|p1a: Garchomp
|-singleturn|p1a: Garchomp|Protect
|move|p2b: Palafin|Jet Punch|p1a: Garchomp
|-activate|p1a: Garchomp|move: Protect
|move|p1b: Basculegion|Aqua Jet|p2a: Vanilluxe
|-damage|p2a: Vanilluxe|11/100
|move|p2a: Vanilluxe|Freeze-Dry|p1b: Basculegion
|-supereffective|p1b: Basculegion|1
|-damage|p1b: Basculegion|0 fnt
|faint|p1b: Basculegion
|
|-weather|Snowscape|[upkeep]
|upkeep
|
|t:|1785644168
|switch|p1b: Charizard|Charizard-Mega-Y, L50, F|100/100
|-weather|SunnyDay|[from] ability: Drought|[of] p1b: Charizard
|turn|7
|
|t:|1785644197
|switch|p1a: Whimsicott|Whimsicott, L50, F|100/100
|switch|p2a: Sneasler|Sneasler, L50, F|100/100
|move|p1b: Charizard|Protect|p1b: Charizard
|-singleturn|p1b: Charizard|Protect
|move|p2b: Palafin|Jet Punch|p1a: Whimsicott
|-resisted|p1a: Whimsicott|1
|-damage|p1a: Whimsicott|75/100
|
|-weather|SunnyDay|[upkeep]
|upkeep
|turn|8
|
|t:|1785644248
|switch|p1b: Garchomp|Garchomp, L50, F|32/100
|move|p2b: Palafin|Jet Punch|p1b: Garchomp
|-damage|p1b: Garchomp|0 fnt
|-damage|p2b: Palafin|59/100|[from] ability: Rough Skin|[of] p1b: Garchomp
|faint|p1b: Garchomp
|move|p1a: Whimsicott|Moonblast|p2b: Palafin
|-damage|p2b: Palafin|22/100
|move|p2a: Sneasler|Dire Claw|p1a: Whimsicott
|-supereffective|p1a: Whimsicott|2
|-damage|p1a: Whimsicott|0 fnt
|faint|p1a: Whimsicott
|
|-weather|SunnyDay|[upkeep]
|upkeep
|
|t:|1785644261
|switch|p1b: Charizard|Charizard-Mega-Y, L50, F|100/100
|turn|9
|
|t:|1785644282
|switch|p2a: Vanilluxe|Vanilluxe, L50, F|11/100
|-weather|Snowscape|[from] ability: Snow Warning|[of] p2a: Vanilluxe
|move|p2b: Palafin|Jet Punch|p1b: Charizard
|-supereffective|p1b: Charizard|1
|-damage|p1b: Charizard|0 fnt
|faint|p1b: Charizard
|
|win|palateink
|raw|kirito1986's rating: 1090 → 1061(-29 for losing)
|raw|palateink's rating: 1000 → 1050(+50 for winning)
