|j|☆JasonLoserpants
|j|☆Pressinblades
|html|JasonLoserpantsPressinblades    
|uhtml|bestof|Game 2 of a best-of-3
|t:|1785811216
|gametype|doubles
|player|p1|JasonLoserpants|169|1188
|player|p2|Pressinblades|101|1068
|gen|9
|tier|[Gen 9 Champions] VGC 2026 Reg M-B (Bo3)
|rated|
|rule|Species Clause: Limit one of each Pokémon
|rule|Item Clause: Limit 1 of each item
|clearpoke
|poke|p1|Grimmsnarl, L50, M|
|poke|p1|Garchomp, L50, F|
|poke|p1|Sylveon, L50, F|
|poke|p1|Staraptor, L50, F|
|poke|p1|Tyranitar, L50, M|
|poke|p1|Charizard, L50, M|
|poke|p2|Talonflame, L50, M|
|poke|p2|Garchomp, L50, M, shiny|
|poke|p2|Maushold, L50|
|poke|p2|Gardevoir, L50, M, shiny|
|poke|p2|Gyarados, L50, F, shiny|
|poke|p2|Metagross, L50, shiny|
|teampreview|4
|showteam|p1|Grimmsnarl||RoseliBerry|Prankster|FakeOut,SpiritBreak,PartingShot,ScaryFace|Sassy||M|||50|]Garchomp||LifeOrb|RoughSkin|DragonClaw,Earthquake,RockSlide,Protect|Jolly||F|||50|]Sylveon||FairyFeather|Pixilate|HyperVoice,QuickAttack,HyperBeam,Detect|Modest||F|||50|]Staraptor||Staraptite|Intimidate|CloseCombat,BraveBird,Roost,Protect|Adamant||F|||50|]Tyranitar||ChoiceScarf|SandStream|RockSlide,KnockOff,IcePunch,LowKick|Jolly||M|||50|]Charizard||CharizarditeY|SolarPower|HeatWave,SolarBeam,WeatherBall,Protect|Modest||M|||50|
|showteam|p2|Talonflame||SharpBeak|GaleWings|Protect,Tailwind,DualWingbeat,Overheat|Naive||M|||50|]Garchomp||LifeOrb|RoughSkin|Protect,RockSlide,Earthquake,StompingTantrum|Adamant||M|||50|]Maushold||FocusSash|FriendGuard|Protect,SuperFang,FollowMe,Encore|Timid|||||50|]Gardevoir||Gardevoirite|Telepathy|Protect,TrickRoom,HyperVoice,Psychic|Modest||M|||50|]Gyarados||Gyaradosite|Intimidate|Protect,DragonDance,Waterfall,Crunch|Jolly||F|||50|]Metagross||ColburBerry|ClearBody|Protect,BulletPunch,PsychicFangs,HammerArm|Adamant|||||50|
|inactive|Battle timer is ON: inactive players will automatically lose when time's up. (requested by JasonLoserpants)
|
|t:|1785811245
|teamsize|p1|4
|teamsize|p2|4
|start
|switch|p1a: Garchomp|Garchomp, L50, F|100/100
|switch|p1b: Grimmsnarl|Grimmsnarl, L50, M|100/100
|switch|p2a: Garchomp|Garchomp, L50, M, shiny|100/100
|switch|p2b: Gardevoir|Gardevoir, L50, M, shiny|100/100
|turn|1
|
|t:|1785811266
|switch|p2a: Gyarados|Gyarados, L50, F, shiny|100/100
|-ability|p2a: Gyarados|Intimidate|boost
|-unboost|p1a: Garchomp|atk|1
|-unboost|p1b: Grimmsnarl|atk|1
|detailschange|p2b: Gardevoir|Gardevoir-Mega, L50, M, shiny
|-mega|p2b: Gardevoir|Gardevoir|Gardevoirite
|move|p1b: Grimmsnarl|Fake Out|p2b: Gardevoir
|-damage|p2b: Gardevoir|91/100
|move|p1a: Garchomp|Earthquake|p2a: Gyarados|[spread] p1b,p2b
|-immune|p2a: Gyarados
|-damage|p1b: Grimmsnarl|66/100
|-damage|p2b: Gardevoir|47/100
|-damage|p1a: Garchomp|90/100|[from] item: Life Orb
|cant|p2b: Gardevoir|flinch
|
|upkeep
|turn|2
|inactive|Pressinblades has 30 seconds left.
|inactive|JasonLoserpants has 30 seconds left.
|inactive|Pressinblades has 20 seconds left.
|
|t:|1785811302
|move|p1a: Garchomp|Dragon Claw|p2a: Gyarados
|-damage|p2a: Gyarados|54/100
|-damage|p1a: Garchomp|80/100|[from] item: Life Orb
|move|p2a: Gyarados|Dragon Dance|p2a: Gyarados
|-boost|p2a: Gyarados|atk|1
|-boost|p2a: Gyarados|spe|1
|move|p2b: Gardevoir|Hyper Voice|p1b: Grimmsnarl|[spread] p1a,p1b
|-supereffective|p1a: Garchomp|1
|-supereffective|p1b: Grimmsnarl|1
|-enditem|p1b: Grimmsnarl|Roseli Berry|[eat]
|-enditem|p1b: Grimmsnarl|Roseli Berry|[weaken]
|-damage|p1a: Garchomp|0 fnt
|-damage|p1b: Grimmsnarl|19/100
|faint|p1a: Garchomp
|move|p1b: Grimmsnarl|Spirit Break|p2a: Gyarados
|-damage|p2a: Gyarados|32/100
|-unboost|p2a: Gyarados|spa|1
|
|upkeep
|
|t:|1785811306
|switch|p1a: Charizard|Charizard, L50, M|100/100
|turn|3
|inactive|Pressinblades has 30 seconds left.
|inactive|Pressinblades has 20 seconds left.
|inactive|Pressinblades has 15 seconds left.
|inactive|Pressinblades has 10 seconds left.
|
|t:|1785811355
|detailschange|p1a: Charizard|Charizard-Mega-Y, L50, M
|-mega|p1a: Charizard|Charizard|Charizardite Y
|-weather|SunnyDay|[from] ability: Drought|[of] p1a: Charizard
|move|p2a: Gyarados|Protect|p2a: Gyarados
|-singleturn|p2a: Gyarados|Protect
|move|p1a: Charizard|Heat Wave|p2a: Gyarados|[spread] p2b
|-activate|p2a: Gyarados|move: Protect
|-damage|p2b: Gardevoir|1/100
|move|p2b: Gardevoir|Psychic|p1a: Charizard
|-damage|p1a: Charizard|46/100
|move|p1b: Grimmsnarl|Spirit Break|p2a: Gyarados
|-activate|p2a: Gyarados|move: Protect
|
|-weather|SunnyDay|[upkeep]
|upkeep
|turn|4
|inactive|Pressinblades has 30 seconds left.
|inactive|Pressinblades has 20 seconds left.
|inactive|JasonLoserpants has 30 seconds left.
|inactive|Pressinblades has 15 seconds left.
|inactive|Pressinblades has 10 seconds left.
|
|t:|1785811400
|switch|p1b: Tyranitar|Tyranitar, L50, M|100/100
|-weather|Sandstorm|[from] ability: Sand Stream|[of] p1b: Tyranitar
|move|p1a: Charizard|Protect|p1a: Charizard
|-singleturn|p1a: Charizard|Protect
|move|p2a: Gyarados|Waterfall|p1a: Charizard
|-activate|p1a: Charizard|move: Protect
|move|p2b: Gardevoir|Hyper Voice|p1a: Charizard|[spread] p1b
|-activate|p1a: Charizard|move: Protect
|-supereffective|p1b: Tyranitar|1
|-damage|p1b: Tyranitar|31/100
|
|-weather|Sandstorm|[upkeep]
|-damage|p2a: Gyarados|26/100|[from] Sandstorm
|-damage|p1a: Charizard|40/100|[from] Sandstorm
|-damage|p2b: Gardevoir|0 fnt|[from] Sandstorm
|faint|p2b: Gardevoir
|upkeep
|
|t:|1785811418
|switch|p2b: Metagross|Metagross, L50, shiny|100/100
|turn|5
|
|t:|1785811437
|switch|p1b: Grimmsnarl|Grimmsnarl, L50, M|19/100
|move|p2b: Metagross|Bullet Punch|p1b: Grimmsnarl
|-supereffective|p1b: Grimmsnarl|1
|-damage|p1b: Grimmsnarl|0 fnt
|faint|p1b: Grimmsnarl
|move|p2a: Gyarados|Waterfall|p1a: Charizard
|-supereffective|p1a: Charizard|1
|-damage|p1a: Charizard|0 fnt
|faint|p1a: Charizard
|
|-weather|Sandstorm|[upkeep]
|-damage|p2a: Gyarados|20/100y|[from] Sandstorm
|upkeep
|-message|JasonLoserpants forfeited.
|raw|JasonLoserpants's rating: 1188 → 1155(-33 for losing)
|raw|Pressinblades's rating: 1068 → 1108(+40 for winning)
|
|win|Pressinblades
|l|☆JasonLoserpants
|player|p1|
|l|☆Pressinblades
|player|p2|
|j|☆Pressinblades
|player|p2|Pressinblades|101|
