|j|☆moth.o
|j|☆HathiVGC
|html|moth.oHathiVGC    
|uhtml|bestof|Game 1 of a best-of-3
|t:|1785745648
|gametype|doubles
|player|p1|moth.o|roxie|1264
|player|p2|HathiVGC|hiker|1073
|gen|9
|tier|[Gen 9 Champions] VGC 2026 Reg M-B (Bo3)
|rated|
|rule|Species Clause: Limit one of each Pokémon
|rule|Item Clause: Limit 1 of each item
|clearpoke
|poke|p1|Houndoom, L50, F|
|poke|p1|Garchomp, L50, M|
|poke|p1|Staraptor, L50, F|
|poke|p1|Farigiraf, L50, F|
|poke|p1|Torkoal, L50, F|
|poke|p1|Whimsicott, L50, F|
|poke|p2|Archaludon, L50, F|
|poke|p2|Grimmsnarl, L50, M|
|poke|p2|Pelipper, L50, M|
|poke|p2|Swampert, L50, M|
|poke|p2|Metagross, L50|
|poke|p2|Sinistcha-Masterpiece, L50|
|teampreview|4
|showteam|p1|Houndoom||Houndoominite|FlashFire|Protect,HeatWave,Flamethrower,DarkPulse|Timid||F|||50|]Garchomp||LifeOrb|RoughSkin|Protect,RockSlide,StompingTantrum,DragonClaw|Jolly||M|||50|]Staraptor||Staraptite|Intimidate|Protect,CloseCombat,BraveBird,Roost|Jolly||F|||50|]Farigiraf||SitrusBerry|ArmorTail|HelpingHand,PsychicFangs,TrickRoom,Imprison|Impish||F|||50|]Torkoal||Charcoal|Drought|Protect,Eruption,EarthPower,BurningJealousy|Modest||F|||50|]Whimsicott||FocusSash|Prankster|Protect,SunnyDay,Moonblast,Tailwind|Timid||F|||50|
|showteam|p2|Archaludon||Leftovers|Stamina|DragonPulse,ElectroShot,FlashCannon,Protect|Timid||F|||50|]Grimmsnarl||LightClay|Prankster|Reflect,SpiritBreak,PartingShot,LightScreen|Careful||M|||50|]Pelipper||SitrusBerry|Drizzle|Tailwind,WeatherBall,Hurricane,HelpingHand|Modest||M|||50|]Swampert||Swampertite|Torrent|HighHorsepower,Protect,WaveCrash,IcePunch|Adamant||M|||50|]Metagross||Metagrossite|ClearBody|PsychicFangs,MeteorMash,Protect,RockTomb|Jolly|||||50|]Sinistcha-Masterpiece||CobaBerry|Hospitality|MatchaGotcha,ShadowBall,RagePowder,TrickRoom|Quiet|||||50|
|inactive|Battle timer is ON: inactive players will automatically lose when time's up. (requested by HathiVGC)
|
|t:|1785745689
|teamsize|p1|4
|teamsize|p2|4
|start
|switch|p1a: Staraptor|Staraptor, L50, F|100/100
|switch|p1b: Whimsicott|Whimsicott, L50, F|100/100
|switch|p2a: Grimmsnarl|Grimmsnarl, L50, M|100/100
|switch|p2b: Swampert|Swampert, L50, M|100/100
|-ability|p1a: Staraptor|Intimidate|boost
|-unboost|p2a: Grimmsnarl|atk|1
|-unboost|p2b: Swampert|atk|1
|turn|1
|inactive|moth.o has 30 seconds left.
|
|t:|1785745715
|detailschange|p1a: Staraptor|Staraptor-Mega, L50, F
|-mega|p1a: Staraptor|Staraptor|Staraptite
|detailschange|p2b: Swampert|Swampert-Mega, L50, M
|-mega|p2b: Swampert|Swampert|Swampertite
|move|p2a: Grimmsnarl|Reflect|p2a: Grimmsnarl
|-sidestart|p2: HathiVGC|Reflect
|move|p1b: Whimsicott|Moonblast|p2a: Grimmsnarl
|-supereffective|p2a: Grimmsnarl|1
|-damage|p2a: Grimmsnarl|43/100
|move|p1a: Staraptor|Close Combat|p2a: Grimmsnarl
|-damage|p2a: Grimmsnarl|0 fnt
|-boost|p1a: Staraptor|def|1
|-boost|p1a: Staraptor|spd|1
|faint|p2a: Grimmsnarl
|move|p2b: Swampert|Ice Punch|p1a: Staraptor
|-supereffective|p1a: Staraptor|1
|-crit|p1a: Staraptor
|-damage|p1a: Staraptor|3/100
|
|upkeep
|inactive|HathiVGC has 30 seconds left.
|
|t:|1785745741
|switch|p2a: Pelipper|Pelipper, L50, M|100/100
|-weather|RainDance|[from] ability: Drizzle|[of] p2a: Pelipper
|turn|2
|
|t:|1785745757
|move|p1b: Whimsicott|Sunny Day|p1b: Whimsicott
|-weather|SunnyDay
|move|p1a: Staraptor|Roost|p1a: Staraptor
|-heal|p1a: Staraptor|53/100
|-singleturn|p1a: Staraptor|move: Roost
|move|p2b: Swampert|Ice Punch|p1a: Staraptor
|-damage|p1a: Staraptor|40/100
|move|p2a: Pelipper|Hurricane|p1b: Whimsicott|[miss]
|-miss|p2a: Pelipper|p1b: Whimsicott
|
|-weather|SunnyDay|[upkeep]
|upkeep
|turn|3
|inactive|HathiVGC has 30 seconds left.
|inactive|HathiVGC has 20 seconds left.
|inactive|HathiVGC has 15 seconds left.
|
|t:|1785745802
|switch|p2b: Archaludon|Archaludon, L50, F|100/100
|move|p1b: Whimsicott|Tailwind|p1b: Whimsicott
|-sidestart|p1: moth.o|move: Tailwind
|move|p1a: Staraptor|Roost|p1a: Staraptor
|-heal|p1a: Staraptor|91/100
|-singleturn|p1a: Staraptor|move: Roost
|move|p2a: Pelipper|Hurricane|p1b: Whimsicott
|-supereffective|p1b: Whimsicott|1
|-enditem|p1b: Whimsicott|Focus Sash
|-damage|p1b: Whimsicott|1/100
|
|-weather|SunnyDay|[upkeep]
|upkeep
|turn|4
|inactive|moth.o has 30 seconds left.
|inactive|moth.o has 20 seconds left.
|
|t:|1785745838
|switch|p2a: Swampert|Swampert-Mega, L50, M|100/100
|move|p2b: Archaludon|Protect|p2b: Archaludon
|-singleturn|p2b: Archaludon|Protect
|move|p1b: Whimsicott|Moonblast|p2a: Swampert
|-damage|p2a: Swampert|66/100
|move|p1a: Staraptor|Close Combat|p2a: Swampert
|-damage|p2a: Swampert|30/100
|-boost|p1a: Staraptor|def|1
|-boost|p1a: Staraptor|spd|1
|
|-weather|SunnyDay|[upkeep]
|upkeep
|turn|5
|inactive|HathiVGC has 30 seconds left.
|inactive|HathiVGC has 20 seconds left.
|
|t:|1785745875
|switch|p2a: Pelipper|Pelipper, L50, M|100/100
|-weather|RainDance|[from] ability: Drizzle|[of] p2a: Pelipper
|move|p1b: Whimsicott|Moonblast|p2b: Archaludon
|-damage|p2b: Archaludon|45/100
|-ability|p2b: Archaludon|Stamina|boost
|-boost|p2b: Archaludon|def|1
|move|p1a: Staraptor|Close Combat|p2b: Archaludon
|-supereffective|p2b: Archaludon|1
|-damage|p2b: Archaludon|4/100
|-boost|p1a: Staraptor|def|1
|-boost|p1a: Staraptor|spd|1
|-ability|p2b: Archaludon|Stamina|boost
|-boost|p2b: Archaludon|def|1
|move|p2b: Archaludon|Flash Cannon|p1b: Whimsicott
|-supereffective|p1b: Whimsicott|1
|-damage|p1b: Whimsicott|0 fnt
|faint|p1b: Whimsicott
|
|-weather|RainDance|[upkeep]
|-heal|p2b: Archaludon|10/100|[from] item: Leftovers
|upkeep
|
|t:|1785745894
|switch|p1b: Torkoal|Torkoal, L50, F|100/100
|-weather|SunnyDay|[from] ability: Drought|[of] p1b: Torkoal
|turn|6
|
|t:|1785745906
|switch|p2a: Swampert|Swampert-Mega, L50, M|30/100
|move|p2b: Archaludon|Protect|p2b: Archaludon
|-singleturn|p2b: Archaludon|Protect
|move|p1a: Staraptor|Close Combat|p2a: Swampert
|-damage|p2a: Swampert|0 fnt
|-boost|p1a: Staraptor|def|1
|-boost|p1a: Staraptor|spd|1
|faint|p2a: Swampert
|move|p1b: Torkoal|Eruption|p2b: Archaludon
|-activate|p2b: Archaludon|move: Protect
|
|-weather|SunnyDay|[upkeep]
|-heal|p2b: Archaludon|16/100|[from] item: Leftovers
|-sideend|p1: moth.o|move: Tailwind
|upkeep
|l|☆HathiVGC
|inactive|HathiVGC disconnected and has a minute to reconnect!
|player|p2|
|inactive|HathiVGC has 30 seconds left.
|inactive|HathiVGC has 20 seconds left.
|inactive|HathiVGC has 15 seconds left.
|inactive|HathiVGC has 10 seconds left.
|inactive|HathiVGC has 5 seconds left.
|-message|HathiVGC lost due to inactivity.
|
|win|moth.o
||moth.o is ready for game 2.
|inactive|HathiVGC has 0 seconds to reconnect!
|raw|moth.o's rating: 1264 → 1276(+12 for winning)
|raw|HathiVGC's rating: 1073 → 1063(-10 for losing)
|l|☆moth.o
|player|p1|
|j|☆moth.o
|player|p1|moth.o|roxie|
