|j|☆reumeong
|j|☆Bossam8756
|html|reumeongBossam8756    
|uhtml|bestof|Game 2 of a best-of-3
|t:|1786103933
|gametype|doubles
|player|p1|reumeong|102|
|player|p2|Bossam8756|elesa|
|gen|9
|tier|[Gen 9 Champions] VGC 2026 Reg M-B (Bo3)
|rule|Species Clause: Limit one of each Pokémon
|rule|Item Clause: Limit 1 of each item
|clearpoke
|poke|p1|Kingambit, L50, F|
|poke|p1|Charizard, L50, M|
|poke|p1|Aerodactyl, L50, F|
|poke|p1|Farigiraf, L50, F|
|poke|p1|Garchomp, L50, M|
|poke|p1|Sylveon, L50, M|
|poke|p2|Gengar, L50, M|
|poke|p2|Archaludon, L50, M|
|poke|p2|Politoed, L50, F|
|poke|p2|Swampert, L50, M|
|poke|p2|Vivillon-Fancy, L50, M|
|poke|p2|Incineroar, L50, F|
|teampreview|4
|showteam|p1|Kingambit||FocusSash|Defiant|KowtowCleave,IronHead,SuckerPunch,LowKick|Adamant||F|||50|]Charizard||CharizarditeY|Blaze|HeatWave,SolarBeam,WeatherBall,Protect|Modest||M|||50|]Aerodactyl||Aerodactylite|Unnerve|RockSlide,DualWingbeat,IceFang,Tailwind|Jolly||F|||50|]Farigiraf||SitrusBerry|ArmorTail|Psychic,Thunderbolt,TrickRoom,Protect|Bold||F|||50|]Garchomp||LifeOrb|RoughSkin|Earthquake,DragonClaw,StompingTantrum,Protect|Jolly||M|||50|]Sylveon||FairyFeather|Pixilate|HyperVoice,HyperBeam,QuickAttack,Protect|Modest||M|||50|
|showteam|p2|Gengar||Gengarite|CursedBody|ShadowBall,SludgeBomb,PerishSong,Protect|Modest||M|||50|]Archaludon||Leftovers|Stamina|ElectroShot,DragonPulse,FlashCannon,Protect|Bold||M|||50|]Politoed||SitrusBerry|Drizzle|WeatherBall,Hypnosis,PerishSong,Protect|Calm||F|||50|]Swampert||Swampertite|Torrent|WaveCrash,Earthquake,IcePunch,Protect|Adamant||M|||50|]Vivillon-Fancy||FocusSash|CompoundEyes|Hurricane,SleepPowder,RagePowder,Protect|Timid||M|||50|]Incineroar||PasshoBerry|Intimidate|ThroatChop,FakeOut,PartingShot,Protect|Relaxed||F|||50|
|inactive|Battle timer is ON: inactive players will automatically lose when time's up. (requested by Bossam8756)
|inactive|reumeong has 60 seconds left.
|inactive|reumeong has 30 seconds left.
|
|t:|1786104003
|teamsize|p1|4
|teamsize|p2|4
|start
|switch|p1a: Kingambit|Kingambit, L50, F|100/100
|switch|p1b: Charizard|Charizard, L50, M|100/100
|switch|p2a: Gengar|Gengar, L50, M|100/100
|switch|p2b: Vivillon|Vivillon-Fancy, L50, M|100/100
|turn|1
|inactive|reumeong has 30 seconds left.
|
|t:|1786104032
|switch|p2a: Archaludon|Archaludon, L50, M|100/100
|detailschange|p1b: Charizard|Charizard-Mega-Y, L50, M
|-mega|p1b: Charizard|Charizard|Charizardite Y
|-weather|SunnyDay|[from] ability: Drought|[of] p1b: Charizard
|move|p2b: Vivillon|Sleep Powder|p1b: Charizard
|-status|p1b: Charizard|slp|[from] move: Sleep Powder
|cant|p1b: Charizard|slp
|move|p1a: Kingambit|Kowtow Cleave|p2a: Archaludon
|-damage|p2a: Archaludon|69/100
|-ability|p2a: Archaludon|Stamina|boost
|-boost|p2a: Archaludon|def|1
|
|-weather|SunnyDay|[upkeep]
|-heal|p2a: Archaludon|75/100|[from] item: Leftovers
|upkeep
|turn|2
|inactive|Bossam8756 has 30 seconds left.
|
|t:|1786104064
|switch|p1b: Garchomp|Garchomp, L50, M|100/100
|move|p2b: Vivillon|Sleep Powder|p1a: Kingambit
|-status|p1a: Kingambit|slp|[from] move: Sleep Powder
|move|p2a: Archaludon|Dragon Pulse|p1b: Garchomp
|-supereffective|p1b: Garchomp|1
|-damage|p1b: Garchomp|18/100
|cant|p1a: Kingambit|slp
|
|-weather|SunnyDay|[upkeep]
|-heal|p2a: Archaludon|81/100|[from] item: Leftovers
|upkeep
|turn|3
|inactive|Bossam8756 has 30 seconds left.
|
|t:|1786104095
|move|p1b: Garchomp|Protect|p1b: Garchomp
|-singleturn|p1b: Garchomp|Protect
|move|p2a: Archaludon|Protect|p2a: Archaludon
|-singleturn|p2a: Archaludon|Protect
|move|p2b: Vivillon|Hurricane|p1b: Garchomp
|-activate|p1b: Garchomp|move: Protect
|cant|p1a: Kingambit|slp
|
|-weather|SunnyDay|[upkeep]
|-heal|p2a: Archaludon|87/100|[from] item: Leftovers
|upkeep
|turn|4
|inactive|reumeong has 30 seconds left.
|
|t:|1786104125
|switch|p2b: Politoed|Politoed, L50, F|100/100
|-weather|RainDance|[from] ability: Drizzle|[of] p2b: Politoed
|move|p1b: Garchomp|Stomping Tantrum|p2a: Archaludon
|-supereffective|p2a: Archaludon|1
|-damage|p2a: Archaludon|43/100
|-ability|p2a: Archaludon|Stamina|boost
|-boost|p2a: Archaludon|def|1
|-damage|p1b: Garchomp|9/100|[from] item: Life Orb
|move|p2a: Archaludon|Electro Shot||[still]
|-prepare|p2a: Archaludon|Electro Shot
|-boost|p2a: Archaludon|spa|1
|-anim|p2a: Archaludon|Electro Shot|p1a: Kingambit
|-damage|p1a: Kingambit|42/100 slp
|-curestatus|p1a: Kingambit|slp|[msg]
|move|p1a: Kingambit|Kowtow Cleave|p2b: Politoed
|-damage|p2b: Politoed|56/100
|
|-weather|RainDance|[upkeep]
|-heal|p2a: Archaludon|49/100|[from] item: Leftovers
|upkeep
|turn|5
|inactive|reumeong has 30 seconds left.
|inactive|Bossam8756 has 30 seconds left.
|inactive|reumeong has 20 seconds left.
|inactive|reumeong has 15 seconds left.
|
|t:|1786104168
|switch|p2b: Vivillon|Vivillon-Fancy, L50, M|100/100
|move|p1b: Garchomp|Dragon Claw|p2b: Vivillon
|-enditem|p2b: Vivillon|Focus Sash
|-damage|p2b: Vivillon|1/100
|-damage|p1b: Garchomp|0 fnt|[from] item: Life Orb
|faint|p1b: Garchomp
|move|p2a: Archaludon|Electro Shot||[still]
|-prepare|p2a: Archaludon|Electro Shot
|-boost|p2a: Archaludon|spa|1
|-anim|p2a: Archaludon|Electro Shot|p1a: Kingambit
|-damage|p1a: Kingambit|0 fnt
|faint|p1a: Kingambit
|
|-weather|RainDance|[upkeep]
|-heal|p2a: Archaludon|55/100|[from] item: Leftovers
|upkeep
|
|t:|1786104186
|switch|p1b: Charizard|Charizard-Mega-Y, L50, M|100/100 slp
|switch|p1a: Sylveon|Sylveon, L50, M|100/100
|-weather|SunnyDay|[from] ability: Drought|[of] p1b: Charizard
|turn|6
|
|t:|1786104199
|switch|p2b: Politoed|Politoed, L50, F|56/100
|-weather|RainDance|[from] ability: Drizzle|[of] p2b: Politoed
|cant|p1b: Charizard|slp
|move|p2a: Archaludon|Electro Shot||[still]
|-prepare|p2a: Archaludon|Electro Shot
|-boost|p2a: Archaludon|spa|1
|-anim|p2a: Archaludon|Electro Shot|p1b: Charizard
|-supereffective|p1b: Charizard|1
|-damage|p1b: Charizard|0 fnt
|faint|p1b: Charizard
|move|p1a: Sylveon|Hyper Voice|p2a: Archaludon|[spread] p2a,p2b
|-damage|p2a: Archaludon|8/100
|-damage|p2b: Politoed|22/100
|-ability|p2a: Archaludon|Stamina|boost
|-boost|p2a: Archaludon|def|1
|-enditem|p2b: Politoed|Sitrus Berry|[eat]
|-heal|p2b: Politoed|47/100|[from] item: Sitrus Berry
|
|-weather|RainDance|[upkeep]
|-heal|p2a: Archaludon|14/100|[from] item: Leftovers
|upkeep
|turn|7
|-message|reumeong forfeited.
|
|win|Bossam8756
|l|☆reumeong
|player|p1|
||Bossam8756 is ready for game 3.
|inactive|reumeong has 30 seconds to confirm battle start!
||reumeong is ready for game 3.
|uhtml|next|Next: Game 3 of 3
