|j|☆caverna1
|j|☆ElXoXo21
|html|caverna1ElXoXo21    
|uhtml|bestof|Game 1 of a best-of-3
|t:|1783157576
|gametype|doubles
|player|p1|caverna1|boarder|1068
|player|p2|ElXoXo21|266|1000
|gen|9
|tier|[Gen 9 Champions] VGC 2026 Reg M-B (Bo3)
|rated|
|rule|Species Clause: Limit one of each Pokémon
|rule|Item Clause: Limit 1 of each item
|clearpoke
|poke|p1|Sceptile, L50, M|
|poke|p1|Aerodactyl, L50, F|
|poke|p1|Gholdengo, L50|
|poke|p1|Rotom-Heat, L50|
|poke|p1|Pelipper, L50, F|
|poke|p1|Milotic, L50, M|
|poke|p2|Gengar, L50, M|
|poke|p2|Politoed, L50, F|
|poke|p2|Clefable, L50, F|
|poke|p2|Whimsicott, L50, M|
|poke|p2|Meganium, L50, M|
|poke|p2|Gholdengo, L50|
|teampreview|4
|showteam|p1|Sceptile||Sceptilite|Overgrow|Protect,EarthPower,EnergyBall,VacuumWave|Timid||M|||50|]Aerodactyl||FocusSash|Unnerve|Tailwind,Earthquake,RockSlide,DualWingbeat|Jolly||F|||50|]Gholdengo||LifeOrb|GoodasGold|Protect,NastyPlot,ShadowBall,MakeItRain|Modest|||||50|]Rotom-Heat||ChoiceScarf|Levitate|Trick,Discharge,Overheat,Thunder|Timid|||||50|]Pelipper||SitrusBerry|Drizzle|Hurricane,Protect,WeatherBall,Tailwind|Modest||F|||50|]Milotic||Leftovers|Competitive|Protect,Scald,LifeDew,IcyWind|Bold||M|||50|
|showteam|p2|Gengar||Gengarite|CursedBody|Protect,PerishSong,Disable,SludgeBomb|Timid||M|||50|]Politoed||Leftovers|Drizzle|Protect,PerishSong,HelpingHand,WeatherBall|Bold||F|||50|]Clefable||SitrusBerry|MagicGuard|Protect,FollowMe,Encore,Moonblast|Calm||F|||50|]Whimsicott||FocusSash|Prankster|Protect,Encore,Tailwind,LightScreen|Timid||M|||50|]Meganium||Meganiumite|LeafGuard|Protect,WeatherBall,SolarBeam,DazzlingGleam|Modest||M|||50|]Gholdengo||LifeOrb|GoodasGold|Protect,NastyPlot,ShadowBall,MakeItRain|Modest|||||50|
|inactive|Battle timer is ON: inactive players will automatically lose when time's up. (requested by caverna1)
|inactive|caverna1 has 60 seconds left.
|inactive|ElXoXo21 has 60 seconds left.
|inactive|caverna1 has 30 seconds left.
|inactive|caverna1 has 20 seconds left.
|inactive|caverna1 has 15 seconds left.
|inactive|caverna1 has 10 seconds left.
|inactive|caverna1 has 5 seconds left.
|
|t:|1783157663
|teamsize|p1|4
|teamsize|p2|4
|start
|switch|p1a: Sceptile|Sceptile, L50, M|100/100
|switch|p1b: Gholdengo|Gholdengo, L50|100/100
|switch|p2a: Gengar|Gengar, L50, M|100/100
|switch|p2b: Whimsicott|Whimsicott, L50, M|100/100
|turn|1
|inactive|caverna1 has 30 seconds left.
|inactive|ElXoXo21 has 30 seconds left.
|inactive|caverna1 has 20 seconds left.
|inactive|ElXoXo21 has 20 seconds left.
|inactive|caverna1 has 15 seconds left.
|inactive|ElXoXo21 has 15 seconds left.
|inactive|caverna1 has 10 seconds left.
|inactive|ElXoXo21 has 10 seconds left.
|inactive|caverna1 has 5 seconds left.
|
|t:|1783157714
|switch|p1b: Rotom|Rotom-Heat, L50|100/100
|detailschange|p1a: Sceptile|Sceptile-Mega, L50, M
|-mega|p1a: Sceptile|Sceptile|Sceptilite
|detailschange|p2a: Gengar|Gengar-Mega, L50, M
|-mega|p2a: Gengar|Gengar|Gengarite
|move|p2b: Whimsicott|Light Screen|p2b: Whimsicott
|-sidestart|p2: ElXoXo21|move: Light Screen
|move|p1a: Sceptile|Earth Power|p2a: Gengar
|-supereffective|p2a: Gengar|1
|-damage|p2a: Gengar|40/100
|move|p2a: Gengar|Sludge Bomb|p1a: Sceptile
|-supereffective|p1a: Sceptile|1
|-damage|p1a: Sceptile|0 fnt
|faint|p1a: Sceptile
|
|upkeep
|
|t:|1783157732
|switch|p1a: Gholdengo|Gholdengo, L50|100/100
|turn|2
|inactive|caverna1 has 30 seconds left.
|inactive|ElXoXo21 has 30 seconds left.
|inactive|caverna1 has 20 seconds left.
|inactive|ElXoXo21 has 20 seconds left.
|inactive|caverna1 has 15 seconds left.
|inactive|ElXoXo21 has 15 seconds left.
|inactive|caverna1 has 10 seconds left.
|inactive|ElXoXo21 has 10 seconds left.
|inactive|caverna1 has 5 seconds left.
|
|t:|1783157784
|move|p2a: Gengar|Protect|p2a: Gengar
|-singleturn|p2a: Gengar|Protect
|move|p2b: Whimsicott|Tailwind|p2b: Whimsicott
|-sidestart|p2: ElXoXo21|move: Tailwind
|move|p1b: Rotom|Discharge|p2b: Whimsicott|[spread] p1a,p2b
|-activate|p2a: Gengar|move: Protect
|-resisted|p2b: Whimsicott|1
|-damage|p1a: Gholdengo|77/100
|-damage|p2b: Whimsicott|85/100
|-status|p1a: Gholdengo|par
|move|p1a: Gholdengo|Shadow Ball|p2a: Gengar
|-activate|p2a: Gengar|move: Protect
|
|upkeep
|turn|3
|inactive|caverna1 has 30 seconds left.
|inactive|ElXoXo21 has 30 seconds left.
|inactive|ElXoXo21 has 20 seconds left.
|
|t:|1783157821
|switch|p2a: Meganium|Meganium, L50, M|100/100
|move|p1a: Gholdengo|Protect|p1a: Gholdengo
|-singleturn|p1a: Gholdengo|Protect
|move|p2b: Whimsicott|Encore|p1b: Rotom
|-start|p1b: Rotom|Encore
|move|p1b: Rotom|Discharge|p2b: Whimsicott|[spread] p2a,p2b
|-activate|p1a: Gholdengo|move: Protect
|-resisted|p2a: Meganium|1
|-resisted|p2b: Whimsicott|1
|-damage|p2a: Meganium|90/100
|-damage|p2b: Whimsicott|72/100
|-status|p2b: Whimsicott|par
|
|upkeep
|turn|4
|inactive|caverna1 has 30 seconds left.
|inactive|caverna1 has 20 seconds left.
|
|t:|1783157859
|switch|p1b: Milotic|Milotic, L50, M|100/100
|switch|p2b: Gholdengo|Gholdengo, L50|100/100
|move|p2a: Meganium|Dazzling Gleam|p1a: Gholdengo|[spread] p1a,p1b
|-resisted|p1a: Gholdengo|1
|-damage|p1a: Gholdengo|70/100 par
|-damage|p1b: Milotic|86/100
|move|p1a: Gholdengo|Make It Rain|p2b: Gholdengo|[spread] p2a,p2b
|-resisted|p2b: Gholdengo|1
|-damage|p2a: Meganium|44/100
|-damage|p2b: Gholdengo|80/100
|-unboost|p1a: Gholdengo|spa|2
|-damage|p1a: Gholdengo|61/100 par|[from] item: Life Orb
|
|-heal|p1b: Milotic|93/100|[from] item: Leftovers
|upkeep
|turn|5
|inactive|caverna1 has 30 seconds left.
|
|t:|1783157889
|switch|p2a: Whimsicott|Whimsicott, L50, M|72/100 par
|move|p1b: Milotic|Protect|p1b: Milotic
|-singleturn|p1b: Milotic|Protect
|move|p1a: Gholdengo|Protect|p1a: Gholdengo
|-singleturn|p1a: Gholdengo|Protect
|move|p2b: Gholdengo|Nasty Plot|p2b: Gholdengo
|-boost|p2b: Gholdengo|spa|2
|
|-heal|p1b: Milotic|99/100|[from] item: Leftovers
|-sideend|p2: ElXoXo21|move: Light Screen
|-sideend|p2: ElXoXo21|move: Tailwind
|upkeep
|turn|6
|
|t:|1783157908
|switch|p1a: Rotom|Rotom-Heat, L50|100/100
|move|p2b: Gholdengo|Protect|p2b: Gholdengo
|-singleturn|p2b: Gholdengo|Protect
|move|p2a: Whimsicott|Encore|p1b: Milotic
|-start|p1b: Milotic|Encore
|move|p1b: Milotic|Protect||[still]
|-fail|p1b: Milotic
|
|-heal|p1b: Milotic|100/100|[from] item: Leftovers
|upkeep
|turn|7
|
|t:|1783157931
|switch|p1b: Gholdengo|Gholdengo, L50|61/100 par
|move|p2a: Whimsicott|Tailwind|p2a: Whimsicott
|-sidestart|p2: ElXoXo21|move: Tailwind
|move|p2b: Gholdengo|Shadow Ball|p1a: Rotom
|-damage|p1a: Rotom|0 fnt
|faint|p1a: Rotom
|-damage|p2b: Gholdengo|70/100|[from] item: Life Orb
|
|upkeep
|
|t:|1783157942
|switch|p1a: Milotic|Milotic, L50, M|100/100
|turn|8
|inactive|caverna1 has 30 seconds left.
|
|t:|1783157973
|move|p2a: Whimsicott|Protect|p2a: Whimsicott
|-singleturn|p2a: Whimsicott|Protect
|move|p1b: Gholdengo|Protect|p1b: Gholdengo
|-singleturn|p1b: Gholdengo|Protect
|move|p2b: Gholdengo|Shadow Ball|p1a: Milotic
|-damage|p1a: Milotic|10/100
|-damage|p2b: Gholdengo|60/100|[from] item: Life Orb
|move|p1a: Milotic|Icy Wind|p2a: Whimsicott|[spread] p2b
|-activate|p2a: Whimsicott|move: Protect
|-resisted|p2b: Gholdengo|1
|-damage|p2b: Gholdengo|55/100
|-unboost|p2b: Gholdengo|spe|1
|
|-heal|p1a: Milotic|16/100|[from] item: Leftovers
|upkeep
|turn|9
|inactive|caverna1 has 30 seconds left.
|inactive|caverna1 has 20 seconds left.
|
|t:|1783158012
|move|p2a: Whimsicott|Light Screen|p2a: Whimsicott
|-sidestart|p2: ElXoXo21|move: Light Screen
|move|p2b: Gholdengo|Shadow Ball|p1b: Gholdengo
|-supereffective|p1b: Gholdengo|1
|-damage|p1b: Gholdengo|0 fnt
|faint|p1b: Gholdengo
|-damage|p2b: Gholdengo|45/100|[from] item: Life Orb
|move|p1a: Milotic|Scald|p2b: Gholdengo
|-damage|p2b: Gholdengo|26/100
|
|-heal|p1a: Milotic|22/100|[from] item: Leftovers
|upkeep
|turn|10
|
|t:|1783158025
|move|p2a: Whimsicott|Encore|p1a: Milotic
|-start|p1a: Milotic|Encore
|move|p2b: Gholdengo|Shadow Ball|p1a: Milotic
|-damage|p1a: Milotic|0 fnt
|faint|p1a: Milotic
|-damage|p2b: Gholdengo|16/100|[from] item: Life Orb
|
|win|ElXoXo21
||caverna1 is ready for game 2.
|inactive|ElXoXo21 has 30 seconds to confirm battle start!
||ElXoXo21 is ready for game 2.
|uhtml|next|Next: Game 2 of 3
