|j|☆Pati_Patout
|j|☆visma
|html|Pati_Patoutvisma    
|uhtml|bestof|Game 2 of a best-of-3
|t:|1756759491
|gametype|doubles
|player|p1|Pati_Patout|unknown|1075
|player|p2|visma|265|1000
|gen|9
|tier|[Gen 9] VGC 2025 Reg H (Bo3)
|rated|
|rule|Species Clause: Limit one of each Pokémon
|rule|Item Clause: Limit 1 of each item
|clearpoke
|poke|p1|Dragapult, L50, F|
|poke|p1|Whimsicott, L50, M|
|poke|p1|Delphox, L50, F|
|poke|p1|Indeedee, L50, M|
|poke|p1|Sneasler, L50, F|
|poke|p1|Maushold-Four, L50|
|poke|p2|Incineroar, L50, M|
|poke|p2|Rillaboom, L50, F|
|poke|p2|Basculegion, L50, M|
|poke|p2|Volcarona, L50, F|
|poke|p2|Tyranitar, L50, F|
|poke|p2|Dragonite, L50, M|
|teampreview|4
|showteam|p1|Dragapult||ChoiceBand|ClearBody|DragonDarts,PhantomForce,BreakingSwipe,Uturn|||F|||50|,,,,,Dragon]Whimsicott||CovertCloak|Prankster|Moonblast,Tailwind,SunnyDay,HelpingHand|||M|||50|,,,,,Water]Delphox||LifeOrb|Blaze|ExpandingForce,HeatWave,TeraBlast,Protect|||F|||50|,,,,,Fighting]Indeedee||FocusSash|PsychicSurge|ExpandingForce,DazzlingGleam,TrickRoom,Imprison|||M|||50|,,,,,Fairy]Sneasler||PsychicSeed|Unburden|DireClaw,CloseCombat,ThroatChop,Protect|||F|||50|,,,,,Dark]Maushold-Four||WideLens|Technician|PopulationBomb,Taunt,FollowMe,Protect||||||50|,,,,,Ghost
|showteam|p2|Incineroar||SafetyGoggles|Intimidate|FakeOut,KnockOff,PartingShot,FlareBlitz|||M|||50|,,,,,Ghost]Rillaboom||MiracleSeed|GrassySurge|FakeOut,GrassyGlide,WoodHammer,HighHorsepower|||F|||50|,,,,,Fire]Basculegion||ChoiceScarf|Adaptability|WaveCrash,FlipTurn,AquaJet,LastRespects|||M|||50|,,,,,Grass]Volcarona||Leftovers|FlameBody|HeatWave,QuiverDance,TeraBlast,Protect|||F|||50|,,,,,Fairy]Tyranitar||AssaultVest|SandStream|KnockOff,TeraBlast,LowKick,RockSlide|||F|||50|,,,,,Flying]Dragonite||LoadedDice|Multiscale|Protect,Tailwind,ScaleShot,Haze|||M|||50|,,,,,Fairy
|
|t:|1756759534
|teamsize|p1|4
|teamsize|p2|4
|start
|switch|p1a: Dragapult|Dragapult, L50, F|100/100
|switch|p1b: Indeedee|Indeedee, L50, M|100/100
|switch|p2a: Incineroar|Incineroar, L50, M|100/100
|switch|p2b: Basculegion|Basculegion, L50, M|100/100
|-fieldstart|move: Psychic Terrain|[from] ability: Psychic Surge|[of] p1b: Indeedee
|-ability|p2a: Incineroar|Intimidate|boost
|-fail|p1a: Dragapult|unboost|[from] ability: Clear Body|[of] p1a: Dragapult
|-unboost|p1b: Indeedee|atk|1
|turn|1
|
|t:|1756759570
|switch|p1b: Sneasler|Sneasler, L50, F|100/100
|-enditem|p1b: Sneasler|Psychic Seed
|-boost|p1b: Sneasler|spd|1|[from] item: Psychic Seed
|move|p2b: Basculegion|Flip Turn|p1b: Sneasler
|-damage|p1b: Sneasler|31/100
|
|t:|1756759594
|switch|p2b: Volcarona|Volcarona, L50, F|100/100|[from] Flip Turn
|move|p1a: Dragapult|Breaking Swipe|p2a: Incineroar|[spread] p2a,p2b
|-damage|p2a: Incineroar|72/100
|-damage|p2b: Volcarona|59/100
|-unboost|p2a: Incineroar|atk|1
|-unboost|p2b: Volcarona|atk|1
|-status|p1a: Dragapult|brn|[from] ability: Flame Body|[of] p2b: Volcarona
|move|p2a: Incineroar|Knock Off|p1b: Sneasler
|-resisted|p1b: Sneasler
|-damage|p1b: Sneasler|14/100
|
|-heal|p2b: Volcarona|66/100|[from] item: Leftovers
|-damage|p1a: Dragapult|94/100 brn|[from] brn
|upkeep
|turn|2
|inactive|Battle timer is ON: inactive players will automatically lose when time's up. (requested by Pati_Patout)
|inactive|visma has 60 seconds left.
|inactive|visma has 30 seconds left.
|
|t:|1756759660
|switch|p1a: Delphox|Delphox, L50, F|100/100
|switch|p2a: Basculegion|Basculegion, L50, M|100/100
|move|p1b: Sneasler|Dire Claw|p2b: Volcarona
|-damage|p2b: Volcarona|10/100
|-status|p2b: Volcarona|psn
|move|p2b: Volcarona|Heat Wave|p1b: Sneasler|[spread] 
|-miss|p2b: Volcarona|p1a: Delphox
|-miss|p2b: Volcarona|p1b: Sneasler
|
|-heal|p2b: Volcarona|17/100 psn|[from] item: Leftovers
|-damage|p2b: Volcarona|4/100 psn|[from] psn
|upkeep
|turn|3
|inactive|visma has 30 seconds left.
|inactive|Pati_Patout has 30 seconds left.
|inactive|visma has 20 seconds left.
|inactive|Pati_Patout has 20 seconds left.
|
|t:|1756759709
|switch|p1a: Dragapult|Dragapult, L50, F|94/100 brn
|move|p2b: Volcarona|Protect|p2b: Volcarona
|-singleturn|p2b: Volcarona|Protect
|move|p1b: Sneasler|Dire Claw|p2a: Basculegion
|-resisted|p2a: Basculegion
|-damage|p2a: Basculegion|71/100
|-status|p2a: Basculegion|psn
|move|p2a: Basculegion|Flip Turn|p1a: Dragapult
|-resisted|p1a: Dragapult
|-damage|p1a: Dragapult|68/100 brn
|
|t:|1756759721
|switch|p2a: Incineroar|Incineroar, L50, M|72/100|[from] Flip Turn
|-ability|p2a: Incineroar|Intimidate|boost
|-fail|p1a: Dragapult|unboost|[from] ability: Clear Body|[of] p1a: Dragapult
|-unboost|p1b: Sneasler|atk|1
|
|-heal|p2b: Volcarona|10/100 psn|[from] item: Leftovers
|-damage|p2b: Volcarona|0 fnt|[from] psn
|faint|p2b: Volcarona
|-damage|p1a: Dragapult|62/100 brn|[from] brn
|upkeep
|
|t:|1756759743
|switch|p2b: Basculegion|Basculegion, L50, M|71/100 psn
|turn|4
|inactive|visma has 30 seconds left.
|inactive|visma has 20 seconds left.
|inactive|visma has 15 seconds left.
|inactive|visma has 10 seconds left.
|
|t:|1756759792
|move|p1b: Sneasler|Close Combat|p2a: Incineroar
|-supereffective|p2a: Incineroar
|-damage|p2a: Incineroar|0 fnt
|-unboost|p1b: Sneasler|def|1
|-unboost|p1b: Sneasler|spd|1
|faint|p2a: Incineroar
|move|p2b: Basculegion|Wave Crash|p1b: Sneasler
|-damage|p1b: Sneasler|0 fnt
|faint|p1b: Sneasler
|-damage|p2b: Basculegion|67/100 psn|[from] Recoil
|move|p1a: Dragapult|U-turn|p2b: Basculegion
|-resisted|p2b: Basculegion
|-damage|p2b: Basculegion|55/100 psn
|j| boredinperpetuity
|
|t:|1756759807
|switch|p1a: Delphox|Delphox, L50, F|100/100|[from] U-turn
|
|-damage|p2b: Basculegion|43/100 psn|[from] psn
|upkeep
|
|t:|1756759813
|switch|p1b: Dragapult|Dragapult, L50, F|62/100 brn
|switch|p2a: Dragonite|Dragonite, L50, M|100/100
|turn|5
|inactive|Pati_Patout has 30 seconds left.
|inactive|visma has 30 seconds left.
|
|t:|1756759844
|-terastallize|p2a: Dragonite|Fairy
|move|p1a: Delphox|Protect|p1a: Delphox
|-singleturn|p1a: Delphox|Protect
|move|p2b: Basculegion|Wave Crash|p1a: Delphox
|-activate|p1a: Delphox|move: Protect
|move|p1b: Dragapult|Phantom Force||[still]
|-prepare|p1b: Dragapult|Phantom Force
|move|p2a: Dragonite|Scale Shot|p1b: Dragapult|[miss]
|-miss|p2a: Dragonite|p1b: Dragapult
|
|-damage|p2b: Basculegion|31/100 psn|[from] psn
|-damage|p1b: Dragapult|56/100 brn|[from] brn
|-fieldend|move: Psychic Terrain
|upkeep
|turn|6
|
|t:|1756759867
|move|p2b: Basculegion|Wave Crash|p1a: Delphox
|-supereffective|p1a: Delphox
|-damage|p1a: Delphox|0 fnt
|faint|p1a: Delphox
|-damage|p2b: Basculegion|4/100 psn|[from] Recoil
|move|p1b: Dragapult|Phantom Force|p2b: Basculegion|[from] lockedmove
|-supereffective|p2b: Basculegion
|-damage|p2b: Basculegion|0 fnt
|faint|p2b: Basculegion
|move|p2a: Dragonite|Scale Shot|p1b: Dragapult
|-supereffective|p1b: Dragapult
|-damage|p1b: Dragapult|22/100 brn
|-supereffective|p1b: Dragapult
|-damage|p1b: Dragapult|0 fnt
|faint|p1b: Dragapult
|-hitcount|p1: Dragapult|2
|-unboost|p2a: Dragonite|def|1
|-boost|p2a: Dragonite|spe|1
|
|upkeep
|
|t:|1756759876
|switch|p1b: Indeedee|Indeedee, L50, M|100/100
|-fieldstart|move: Psychic Terrain|[from] ability: Psychic Surge|[of] p1b: Indeedee
|turn|7
|inactive|visma has 30 seconds left.
|
|t:|1756759903
|-terastallize|p1b: Indeedee|Fairy
|move|p2a: Dragonite|Scale Shot|p1b: Indeedee
|-immune|p1b: Indeedee
|move|p1b: Indeedee|Expanding Force|p2a: Dragonite
|-damage|p2a: Dragonite|57/100
|
|upkeep
|turn|8
|l| boredinperpetuity
|-message|visma forfeited.
|
|win|Pati_Patout
