|j|☆Alissono
|j|☆markydoki26
|html|Alissonomarkydoki26    
|uhtml|bestof|Game 1 of a best-of-3
|t:|1782394245
|gametype|doubles
|player|p1|Alissono|lance|1036
|player|p2|markydoki26|101|1053
|gen|9
|tier|[Gen 9 Champions] VGC 2026 Reg M-B (Bo3)
|rated|
|rule|Species Clause: Limit one of each Pokémon
|rule|Item Clause: Limit 1 of each item
|clearpoke
|poke|p1|Staraptor, L50, F|
|poke|p1|Whimsicott, L50, F|
|poke|p1|Grimmsnarl, L50, M|
|poke|p1|Sinistcha, L50|
|poke|p1|Rhyperior, L50, F|
|poke|p1|Ditto, L50|
|poke|p2|Hawlucha, L50, M|
|poke|p2|Snorlax, L50, M|
|poke|p2|Grimmsnarl, L50, M|
|poke|p2|Garchomp, L50, F|
|poke|p2|Sinistcha-Masterpiece, L50|
|poke|p2|Aerodactyl, L50, M|
|teampreview|4
|showteam|p1|Staraptor||Staraptite|Intimidate|CloseCombat,Roost,BraveBird,Protect|Adamant||F|||50|]Whimsicott||FocusSash|Prankster|Charm,Tickle,Tailwind,FakeTears|Bold||F|||50|]Grimmsnarl||LightClay|Prankster|SpiritBreak,Reflect,LightScreen,PartingShot|Calm||M|||50|]Sinistcha||BigRoot|Hospitality|StrengthSap,MatchaGotcha,TrickRoom,LifeDew|Relaxed|||||50|]Rhyperior||LifeOrb|LightningRod|Earthquake,ScaryFace,PoisonJab,Protect|Naive||F|||50|]Ditto||ChoiceScarf|Imposter|Transform|Lonely|||||50|
|showteam|p2|Hawlucha||LumBerry|Unburden|Acrobatics,BulkUp,CloseCombat,Protect|Adamant||M|||50|]Snorlax|||ThickFat|Yawn,ChillingWater,Covet,Fling|Brave||M|||50|]Grimmsnarl||WideLens|Prankster|Swagger,Reflect,LightScreen,PartingShot|Calm||M|||50|]Garchomp||Garchompite|SandVeil|RockSlide,Earthquake,DragonClaw,Protect|Jolly||F|||50|]Sinistcha-Masterpiece||SitrusBerry|Hospitality|MatchaGotcha,LifeDew,RagePowder,ShadowBall|Bold|||||50|]Aerodactyl||Aerodactylite|RockHead|Tailwind,RockSlide,Earthquake,DualWingbeat|Jolly||M|||50|
|
|t:|1782394294
|teamsize|p1|4
|teamsize|p2|4
|start
|switch|p1a: Staraptor|Staraptor, L50, F|100/100
|switch|p1b: Grimmsnarl|Grimmsnarl, L50, M|100/100
|switch|p2a: Hawlucha|Hawlucha, L50, M|100/100
|switch|p2b: Grimmsnarl|Grimmsnarl, L50, M|100/100
|-ability|p1a: Staraptor|Intimidate|boost
|-unboost|p2a: Hawlucha|atk|1
|-unboost|p2b: Grimmsnarl|atk|1
|turn|1
|
|t:|1782394308
|detailschange|p1a: Staraptor|Staraptor-Mega, L50, F
|-mega|p1a: Staraptor|Staraptor|Staraptite
|move|p2b: Grimmsnarl|Swagger|p2a: Hawlucha
|-boost|p2a: Hawlucha|atk|2
|-start|p2a: Hawlucha|confusion
|-enditem|p2a: Hawlucha|Lum Berry|[eat]
|-end|p2a: Hawlucha|confusion
|move|p1b: Grimmsnarl|Reflect|p1b: Grimmsnarl
|-sidestart|p1: Alissono|Reflect
|move|p2a: Hawlucha|Acrobatics|p1a: Staraptor
|-supereffective|p1a: Staraptor|1
|-damage|p1a: Staraptor|9/100
|move|p1a: Staraptor|Brave Bird|p2a: Hawlucha
|-supereffective|p2a: Hawlucha|1
|-crit|p2a: Hawlucha
|-damage|p2a: Hawlucha|0 fnt
|faint|p2a: Hawlucha
|-damage|p1a: Staraptor|0 fnt|[from] Recoil
|faint|p1a: Staraptor
|
|upkeep
|
|t:|1782394330
|switch|p1a: Rhyperior|Rhyperior, L50, F|100/100
|switch|p2a: Aerodactyl|Aerodactyl, L50, M|100/100
|turn|2
|
|t:|1782394347
|detailschange|p2a: Aerodactyl|Aerodactyl-Mega, L50, M
|-mega|p2a: Aerodactyl|Aerodactyl|Aerodactylite
|move|p2b: Grimmsnarl|Parting Shot|p1a: Rhyperior
|-unboost|p1a: Rhyperior|atk|1
|-unboost|p1a: Rhyperior|spa|1
|
|t:|1782394352
|switch|p2b: Sinistcha|Sinistcha-Masterpiece, L50|100/100|[from] Parting Shot
|move|p1b: Grimmsnarl|Parting Shot|p2a: Aerodactyl
|-unboost|p2a: Aerodactyl|atk|1
|-unboost|p2a: Aerodactyl|spa|1
|
|t:|1782394376
|switch|p1b: Whimsicott|Whimsicott, L50, F|100/100|[from] Parting Shot
|move|p2a: Aerodactyl|Earthquake|p1b: Whimsicott|[spread] p2b,p1a,p1b
|-resisted|p2b: Sinistcha|1
|-supereffective|p1a: Rhyperior|1
|-resisted|p1b: Whimsicott|1
|-damage|p2b: Sinistcha|93/100
|-damage|p1a: Rhyperior|83/100
|-damage|p1b: Whimsicott|94/100
|move|p1a: Rhyperior|Poison Jab|p2b: Sinistcha
|-damage|p2b: Sinistcha|76/100
|-status|p2b: Sinistcha|psn
|-damage|p1a: Rhyperior|73/100|[from] item: Life Orb
|
|-damage|p2b: Sinistcha|64/100 psn|[from] psn
|upkeep
|turn|3
|
|t:|1782394395
|move|p1b: Whimsicott|Charm|p2a: Aerodactyl
|-unboost|p2a: Aerodactyl|atk|2
|move|p2a: Aerodactyl|Dual Wingbeat|p1b: Whimsicott
|-supereffective|p1b: Whimsicott|1
|-damage|p1b: Whimsicott|80/100
|-supereffective|p1b: Whimsicott|1
|-damage|p1b: Whimsicott|65/100
|-hitcount|p1b: Whimsicott|2
|move|p1a: Rhyperior|Scary Face|p2a: Aerodactyl
|-unboost|p2a: Aerodactyl|spe|2
|move|p2b: Sinistcha|Life Dew||[still]|[spread] p2a,p2b
|-fail|p2a: Aerodactyl|heal
|-heal|p2b: Sinistcha|89/100 psn
|
|-damage|p2b: Sinistcha|76/100 psn|[from] psn
|upkeep
|turn|4
|
|t:|1782394419
|switch|p2a: Grimmsnarl|Grimmsnarl, L50, M|100/100
|switch|p1a: Grimmsnarl|Grimmsnarl, L50, M|100/100
|move|p1b: Whimsicott|Tickle|p2a: Grimmsnarl
|-hint|Since gen 7, Dark is immune to Prankster moves.
|-immune|p2a: Grimmsnarl
|move|p2b: Sinistcha|Life Dew||[still]|[spread] p2a,p2b
|-fail|p2a: Grimmsnarl|heal
|-heal|p2b: Sinistcha|100/100 psn
|
|-damage|p2b: Sinistcha|87/100 psn|[from] psn
|upkeep
|turn|5
|
|t:|1782394443
|switch|p1b: Rhyperior|Rhyperior, L50, F|73/100
|move|p1a: Grimmsnarl|Light Screen|p1a: Grimmsnarl
|-sidestart|p1: Alissono|move: Light Screen
|move|p2a: Grimmsnarl|Reflect|p2a: Grimmsnarl
|-sidestart|p2: markydoki26|Reflect
|move|p2b: Sinistcha|Matcha Gotcha|p1a: Grimmsnarl|[spread] p1a,p1b
|-supereffective|p1b: Rhyperior|2
|-damage|p1a: Grimmsnarl|87/100
|-heal|p2b: Sinistcha|94/100 psn|[from] drain|[of] p1a: Grimmsnarl
|-damage|p1b: Rhyperior|0 fnt
|-heal|p2b: Sinistcha|100/100 psn|[from] drain|[of] p1b: Rhyperior
|-status|p1a: Grimmsnarl|brn
|faint|p1b: Rhyperior
|
|-damage|p2b: Sinistcha|87/100 psn|[from] psn
|-damage|p1a: Grimmsnarl|81/100 brn|[from] brn
|upkeep
|
|t:|1782394452
|switch|p1b: Whimsicott|Whimsicott, L50, F|65/100
|turn|6
|
|t:|1782394471
|move|p1b: Whimsicott|Tickle|p2b: Sinistcha
|-unboost|p2b: Sinistcha|atk|1
|-unboost|p2b: Sinistcha|def|1
|move|p2a: Grimmsnarl|Parting Shot|p1b: Whimsicott
|-unboost|p1b: Whimsicott|atk|1
|-unboost|p1b: Whimsicott|spa|1
|
|t:|1782394478
|switch|p2a: Aerodactyl|Aerodactyl-Mega, L50, M|100/100|[from] Parting Shot
|move|p2b: Sinistcha|Matcha Gotcha|p1a: Grimmsnarl|[spread] p1a,p1b
|-resisted|p1b: Whimsicott|1
|-damage|p1a: Grimmsnarl|68/100 brn
|-heal|p2b: Sinistcha|94/100 psn|[from] drain|[of] p1a: Grimmsnarl
|-damage|p1b: Whimsicott|53/100
|-heal|p2b: Sinistcha|100/100 psn|[from] drain|[of] p1b: Whimsicott
|move|p1a: Grimmsnarl|Spirit Break|p2a: Aerodactyl
|-damage|p2a: Aerodactyl|87/100
|-unboost|p2a: Aerodactyl|spa|1
|
|-damage|p2b: Sinistcha|87/100 psn|[from] psn
|-damage|p1a: Grimmsnarl|62/100 brn|[from] brn
|upkeep
|turn|7
|
|t:|1782394501
|move|p2b: Sinistcha|Rage Powder|p2b: Sinistcha
|-singleturn|p2b: Sinistcha|move: Rage Powder
|move|p1b: Whimsicott|Charm|p2a: Aerodactyl
|-unboost|p2a: Aerodactyl|atk|2
|move|p1a: Grimmsnarl|Parting Shot|p2b: Sinistcha
|-unboost|p2b: Sinistcha|atk|1
|-unboost|p2b: Sinistcha|spa|1
|move|p2a: Aerodactyl|Dual Wingbeat|p1b: Whimsicott|[miss]
|-miss|p2a: Aerodactyl|p1b: Whimsicott
|
|-damage|p2b: Sinistcha|75/100 psn|[from] psn
|-damage|p1a: Grimmsnarl|56/100 brn|[from] brn
|upkeep
|turn|8
|
|t:|1782394531
|move|p1b: Whimsicott|Charm|p2a: Aerodactyl
|-unboost|p2a: Aerodactyl|atk|2
|move|p2a: Aerodactyl|Rock Slide|p1a: Grimmsnarl|[spread] p1a,p1b
|-crit|p1a: Grimmsnarl
|-damage|p1a: Grimmsnarl|0 fnt
|-damage|p1b: Whimsicott|47/100
|faint|p1a: Grimmsnarl
|move|p2b: Sinistcha|Life Dew|p2b: Sinistcha|[spread] p2a,p2b
|-heal|p2a: Aerodactyl|100/100
|-heal|p2b: Sinistcha|100/100 psn
|
|-damage|p2b: Sinistcha|87/100 psn|[from] psn
|-sideend|p1: Alissono|Reflect
|upkeep
|turn|9
|-message|Alissono forfeited.
|
|win|markydoki26
|l|☆Alissono
|player|p1|
||Alissono is ready for game 2.
|inactive|markydoki26 has 30 seconds to confirm battle start!
|inactive|markydoki26 has 20 seconds to confirm battle start!
|inactive|markydoki26 has 10 seconds to confirm battle start!
