|j|â˜†mxnihil
|j|â˜†PaquitoelBollito
|html|mxnihilPaquitoelBollito    
|uhtml|bestof|Game 2 of a best-of-3
|t:|1786127105
|gametype|doubles
|player|p1|mxnihil|caitlin-masters|1129
|player|p2|PaquitoelBollito|102|1140
|gen|9
|tier|[Gen 9 Champions] VGC 2026 Reg M-B (Bo3)
|rated|
|rule|Species Clause: Limit one of each PokÃ©mon
|rule|Item Clause: Limit 1 of each item
|clearpoke
|poke|p1|Primarina, L50, F|
|poke|p1|Scovillain, L50, F|
|poke|p1|Farigiraf, L50, M|
|poke|p1|Archaludon, L50, M|
|poke|p1|Espathra, L50, M|
|poke|p1|Sableye, L50, M|
|poke|p2|Froslass, L50, F|
|poke|p2|Scovillain, L50, M|
|poke|p2|Kingambit, L50, M|
|poke|p2|Sneasler, L50, F|
|poke|p2|Basculegion, L50, M|
|poke|p2|Lycanroc-Dusk, L50, M|
|teampreview|4
|showteam|p1|Primarina||MysticWater|LiquidVoice|HyperVoice,Moonblast,Protect,CalmMind|Modest||F|||50|]Scovillain||Scovillainite|Moody|RagePowder,GigaDrain,Overheat,Protect|Bold||F|||50|]Farigiraf||SitrusBerry|ArmorTail|RainDance,TrickRoom,Thunderbolt,Protect|Sassy||M|||50|]Archaludon||Leftovers|Stamina|ElectroShot,DragonPulse,FlashCannon,Protect|Modest||M|||50|]Espathra||MentalHerb|SpeedBoost|CalmMind,LuminaCrash,Protect,BatonPass|Timid||M|||50|]Sableye||RoseliBerry|Prankster|FakeOut,Reflect,RainDance,Encore|Careful||M|||50|
|showteam|p2|Froslass||Froslassite|CursedBody|Protect,Blizzard,AuroraVeil,ShadowBall|Modest||F|||50|]Scovillain||Scovillainite|Moody|Protect,Overheat,GigaDrain,RagePowder|Modest||M|||50|]Kingambit||BlackGlasses|Defiant|Protect,KowtowCleave,SwordsDance,SuckerPunch|Adamant||M|||50|]Sneasler||WhiteHerb|Unburden|FakeOut,GunkShot,CloseCombat,Protect|Adamant||F|||50|]Basculegion||SitrusBerry|Adaptability|Protect,LastRespects,WaveCrash,AquaJet|Adamant||M|||50|]Lycanroc-Dusk||FocusSash|ToughClaws|Protect,Accelerock,RockSlide,CloseCombat|Adamant||M|||50|
|inactive|Battle timer is ON: inactive players will automatically lose when time's up. (requested by PaquitoelBollito)
|
|t:|1786127126
|teamsize|p1|4
|teamsize|p2|4
|start
|switch|p1a: Scovillain|Scovillain, L50, F|100/100
|switch|p1b: Espathra|Espathra, L50, M|100/100
|switch|p2a: Froslass|Froslass, L50, F|100/100
|switch|p2b: Kingambit|Kingambit, L50, M|100/100
|turn|1
|
|t:|1786127140
|detailschange|p2a: Froslass|Froslass-Mega, L50, F
|-mega|p2a: Froslass|Froslass|Froslassite
|-weather|Snowscape|[from] ability: Snow Warning|[of] p2a: Froslass
|detailschange|p1a: Scovillain|Scovillain-Mega, L50, F
|-mega|p1a: Scovillain|Scovillain|Scovillainite
|move|p2a: Froslass|Blizzard|p1b: Espathra|[spread] p1a,p1b
|-crit|p1b: Espathra
|-damage|p1a: Scovillain|59/100
|-damage|p1b: Espathra|14/100
|-status|p1a: Scovillain|frz
|-status|p2a: Froslass|brn|[from] ability: Spicy Spray|[of] p1a: Scovillain
|move|p1b: Espathra|Calm Mind|p1b: Espathra
|-boost|p1b: Espathra|spa|1
|-boost|p1b: Espathra|spd|1
|cant|p1a: Scovillain|frz
|move|p2b: Kingambit|Swords Dance|p2b: Kingambit
|-boost|p2b: Kingambit|atk|2
|
|-weather|Snowscape|[upkeep]
|-damage|p2a: Froslass|93/100 brn|[from] brn
|-ability|p1b: Espathra|Speed Boost|boost
|-boost|p1b: Espathra|spe|1
|upkeep
|turn|2
|c|â˜†mxnihil|okay.
|c|â˜†PaquitoelBollito|wow
|c|â˜†mxnihil|come on
|c|â˜†mxnihil|the kingambit should be dead
|c|â˜†PaquitoelBollito|sorry
|c|â˜†mxnihil|in both games
|inactive|mxnihil has 30 seconds left.
|inactive|PaquitoelBollito has 30 seconds left.
|inactive|PaquitoelBollito has 20 seconds left.
|inactive|PaquitoelBollito has 15 seconds left.
|inactive|PaquitoelBollito has 10 seconds left.
|inactive|PaquitoelBollito has 5 seconds left.
|
|t:|1786127195
|move|p2b: Kingambit|Sucker Punch|p1a: Scovillain
|-damage|p1a: Scovillain|0 fnt
|-status|p2b: Kingambit|brn|[from] ability: Spicy Spray|[of] p1a: Scovillain
|faint|p1a: Scovillain
|move|p1b: Espathra|Baton Pass|p1b: Espathra
|
|t:|1786127201
|switch|p1b: Primarina|Primarina, L50, F|100/100|[from] Baton Pass
|move|p2a: Froslass|Blizzard|p1b: Primarina
|-resisted|p1b: Primarina|1
|-damage|p1b: Primarina|82/100
|
|-weather|Snowscape|[upkeep]
|-damage|p2a: Froslass|87/100 brn|[from] brn
|-damage|p2b: Kingambit|94/100 brn|[from] brn
|upkeep
|c|â˜†PaquitoelBollito|for compensation
|
|t:|1786127214
|switch|p1a: Espathra|Espathra, L50, M|14/100
|turn|3
|
|t:|1786127236
|move|p1a: Espathra|Protect|p1a: Espathra
|-singleturn|p1a: Espathra|Protect
|move|p2b: Kingambit|Protect|p2b: Kingambit
|-singleturn|p2b: Kingambit|Protect
|move|p2a: Froslass|Blizzard|p1b: Primarina|[spread] p1b
|-activate|p1a: Espathra|move: Protect
|-resisted|p1b: Primarina|1
|-damage|p1b: Primarina|71/100
|move|p1b: Primarina|Calm Mind|p1b: Primarina
|-boost|p1b: Primarina|spa|1
|-boost|p1b: Primarina|spd|1
|
|-weather|Snowscape|[upkeep]
|-damage|p2a: Froslass|81/100 brn|[from] brn
|-damage|p2b: Kingambit|88/100 brn|[from] brn
|-ability|p1a: Espathra|Speed Boost|boost
|-boost|p1a: Espathra|spe|1
|upkeep
|turn|4
|
|t:|1786127251
|move|p2b: Kingambit|Sucker Punch|p1b: Primarina
|-resisted|p1b: Primarina|1
|-damage|p1b: Primarina|42/100
|move|p1a: Espathra|Baton Pass|p1a: Espathra
|
|t:|1786127254
|switch|p1a: Archaludon|Archaludon, L50, M|100/100|[from] Baton Pass
|move|p2a: Froslass|Blizzard|p1b: Primarina|[spread] p1a,p1b
|-resisted|p1b: Primarina|1
|-damage|p1a: Archaludon|58/100
|-damage|p1b: Primarina|33/100
|-ability|p1a: Archaludon|Stamina|boost
|-boost|p1a: Archaludon|def|1
|move|p1b: Primarina|Hyper Voice|p2a: Froslass|[spread] p2a,p2b
|-damage|p2a: Froslass|0 fnt
|-damage|p2b: Kingambit|0 fnt
|faint|p2a: Froslass
|faint|p2b: Kingambit
|
|-weather|Snowscape|[upkeep]
|-heal|p1a: Archaludon|64/100|[from] item: Leftovers
|upkeep
|
|t:|1786127260
|switch|p2a: Sneasler|Sneasler, L50, F|100/100
|switch|p2b: Basculegion|Basculegion, L50, M|100/100
|turn|5
|
|t:|1786127276
|move|p1a: Archaludon|Protect|p1a: Archaludon
|-singleturn|p1a: Archaludon|Protect
|move|p1b: Primarina|Protect|p1b: Primarina
|-singleturn|p1b: Primarina|Protect
|move|p2a: Sneasler|Fake Out|p1b: Primarina
|-activate|p1b: Primarina|move: Protect
|move|p2b: Basculegion|Last Respects|p1a: Archaludon
|-activate|p1a: Archaludon|move: Protect
|
|-weather|none
|-heal|p1a: Archaludon|70/100|[from] item: Leftovers
|upkeep
|turn|6
|
|t:|1786127294
|move|p2a: Sneasler|Gunk Shot|p1b: Primarina|[miss]
|-miss|p2a: Sneasler|p1b: Primarina
|move|p1a: Archaludon|Dragon Pulse|p2a: Sneasler
|-damage|p2a: Sneasler|44/100
|move|p1b: Primarina|Moonblast|p2b: Basculegion
|-damage|p2b: Basculegion|0 fnt
|faint|p2b: Basculegion
|
|-heal|p1a: Archaludon|76/100|[from] item: Leftovers
|upkeep
|turn|7
|
|t:|1786127303
|move|p2a: Sneasler|Gunk Shot|p1b: Primarina
|-supereffective|p1b: Primarina|1
|-damage|p1b: Primarina|0 fnt
|faint|p1b: Primarina
|move|p1a: Archaludon|Dragon Pulse|p2a: Sneasler
|-damage|p2a: Sneasler|0 fnt
|faint|p2a: Sneasler
|
|win|mxnihil
