|j|‽Slackermaru
|j|☆pokehys
|html|Slackermarupokehys    
|uhtml|bestof|Game 2 of a best-of-3
|t:|1754512266
|gametype|doubles
|player|p1|Slackermaru|workerice|1320
|player|p2|pokehys|1|1288
|gen|9
|tier|[Gen 9] VGC 2025 Reg H (Bo3)
|rated|
|rule|Species Clause: Limit one of each Pokémon
|rule|Item Clause: Limit 1 of each item
|clearpoke
|poke|p1|Porygon2, L50|
|poke|p1|Hydreigon, L50, F|
|poke|p1|Incineroar, L50, M|
|poke|p1|Garchomp, L50, F|
|poke|p1|Amoonguss, L50, F|
|poke|p1|Gholdengo, L50|
|poke|p2|Murkrow, L50, F|
|poke|p2|Annihilape, L50, F|
|poke|p2|Archaludon, L50, M|
|poke|p2|Sneasler, L50, M|
|poke|p2|Indeedee, L50, M|
|poke|p2|Ursaluna-Bloodmoon, L50, M|
|teampreview|4
|showteam|p1|Porygon2||Eviolite|Download|TeraBlast,IceBeam,TrickRoom,Recover||||||50|,,,,,Fighting]Hydreigon||SafetyGoggles|Levitate|Snarl,DracoMeteor,Tailwind,Protect|||F|||50|,,,,,Ghost]Incineroar||SitrusBerry|Intimidate|FlareBlitz,KnockOff,PartingShot,FakeOut|||M|||50|,,,,,Grass]Garchomp||LoadedDice|RoughSkin|ScaleShot,Earthquake,StompingTantrum,Protect|||F|||50|,,,,,Fire]Amoonguss||CovertCloak|Regenerator|PollenPuff,Spore,RagePowder,Protect|||F|||50|,,,,,Fire]Gholdengo||MetalCoat|GoodasGold|MakeItRain,ShadowBall,NastyPlot,Protect||||||50|,,,,,Flying
|showteam|p2|Murkrow||Eviolite|Prankster|Tailwind,BraveBird,FeatherDance,RainDance|||F|||50|,,,,,Ghost]Annihilape||SafetyGoggles|Defiant|CloseCombat,RageFist,Taunt,FinalGambit|||F|||50|,,,,,Fairy]Archaludon||PowerHerb|Stalwart|ElectroShot,DracoMeteor,Thunderbolt,Protect|||M|||50|,,,,,Electric]Sneasler||PsychicSeed|Unburden|DireClaw,CloseCombat,ThroatChop,Protect|||M|||50|,,,,,Dark]Indeedee||FocusSash|PsychicSurge|ExpandingForce,TeraBlast,Protect,TrickRoom|||M|||50|,,,,,Fighting]Ursaluna-Bloodmoon||LifeOrb|MindsEye|BloodMoon,HyperVoice,EarthPower,Protect|||M|||50|,,,,,Normal
|inactive|Battle timer is ON: inactive players will automatically lose when time's up. (requested by pokehys)
|inactive|pokehys has 60 seconds left.
|
|t:|1754512307
|teamsize|p1|4
|teamsize|p2|4
|start
|switch|p1a: Hydreigon|Hydreigon, L50, F, shiny|100/100
|switch|p1b: Garchomp|Garchomp, L50, F, shiny|100/100
|switch|p2a: Indeedee|Indeedee, L50, M|100/100
|switch|p2b: Annihilape|Annihilape, L50, F|100/100
|-fieldstart|move: Psychic Terrain|[from] ability: Psychic Surge|[of] p2a: Indeedee
|turn|1
|
|t:|1754512326
|move|p1a: Hydreigon|Tailwind|p1a: Hydreigon
|-sidestart|p1: Slackermaru|move: Tailwind
|move|p1b: Garchomp|Earthquake|p2b: Annihilape|[spread] p2a,p2b
|-immune|p1a: Hydreigon|[from] ability: Levitate
|-damage|p2a: Indeedee|14/100
|-damage|p2b: Annihilape|56/100
|move|p2b: Annihilape|Close Combat|p1a: Hydreigon
|-supereffective|p1a: Hydreigon
|-crit|p1a: Hydreigon
|-damage|p1a: Hydreigon|0 fnt
|-unboost|p2b: Annihilape|def|1
|-unboost|p2b: Annihilape|spd|1
|faint|p1a: Hydreigon
|move|p2a: Indeedee|Trick Room|p2a: Indeedee
|-fieldstart|move: Trick Room|[of] p2a: Indeedee
|
|upkeep
|
|t:|1754512339
|switch|p1a: Porygon2|Porygon2, L50, shiny|100/100
|-ability|p1a: Porygon2|Download|boost
|-boost|p1a: Porygon2|atk|1
|turn|2
|
|t:|1754512356
|-terastallize|p1a: Porygon2|Fighting
|move|p1b: Garchomp|Protect|p1b: Garchomp
|-singleturn|p1b: Garchomp|Protect
|move|p2a: Indeedee|Expanding Force|p1a: Porygon2|[spread] p1a
|-activate|p1b: Garchomp|move: Protect
|-supereffective|p1a: Porygon2
|-damage|p1a: Porygon2|35/100
|move|p2b: Annihilape|Close Combat|p1a: Porygon2
|-damage|p1a: Porygon2|4/100
|-unboost|p2b: Annihilape|def|1
|-unboost|p2b: Annihilape|spd|1
|move|p1a: Porygon2|Trick Room|p1a: Porygon2
|-fieldend|move: Trick Room
|
|upkeep
|turn|3
|inactive|pokehys has 30 seconds left.
|inactive|pokehys has 20 seconds left.
|inactive|pokehys has 15 seconds left.
|inactive|pokehys has 10 seconds left.
|inactive|pokehys has 5 seconds left.
|
|t:|1754512407
|switch|p1a: Incineroar|Incineroar, L50, M, shiny|100/100
|-ability|p1a: Incineroar|Intimidate|boost
|-unboost|p2a: Indeedee|atk|1
|-unboost|p2b: Annihilape|atk|1
|-ability|p2b: Annihilape|Defiant|boost
|-boost|p2b: Annihilape|atk|2
|move|p1b: Garchomp|Stomping Tantrum|p2b: Annihilape
|-damage|p2b: Annihilape|0 fnt
|faint|p2b: Annihilape
|move|p2a: Indeedee|Expanding Force|p1b: Garchomp|[spread] p1b
|-immune|p1a: Incineroar
|-damage|p1b: Garchomp|36/100
|
|upkeep
|
|t:|1754512417
|switch|p2b: Ursaluna|Ursaluna-Bloodmoon, L50, M|100/100
|turn|4
|
|t:|1754512439
|-terastallize|p2b: Ursaluna|Normal
|move|p1b: Garchomp|Scale Shot|p2b: Ursaluna
|-damage|p2b: Ursaluna|91/100
|-damage|p2b: Ursaluna|80/100
|-damage|p2b: Ursaluna|70/100
|-damage|p2b: Ursaluna|61/100
|-hitcount|p2b: Ursaluna|4
|-unboost|p1b: Garchomp|def|1
|-boost|p1b: Garchomp|spe|1
|move|p1a: Incineroar|Flare Blitz|p2b: Ursaluna
|-crit|p2b: Ursaluna
|-damage|p2b: Ursaluna|7/100
|-damage|p1a: Incineroar|81/100|[from] Recoil
|move|p2b: Ursaluna|Hyper Voice|p1a: Incineroar|[spread] p1a,p1b
|-damage|p1a: Incineroar|14/100
|-damage|p1b: Garchomp|0 fnt
|-enditem|p1a: Incineroar|Sitrus Berry|[eat]
|-heal|p1a: Incineroar|39/100|[from] item: Sitrus Berry
|faint|p1b: Garchomp
|-damage|p2b: Ursaluna|0 fnt|[from] item: Life Orb
|faint|p2b: Ursaluna
|move|p2a: Indeedee|Trick Room|p2a: Indeedee
|-fieldstart|move: Trick Room|[of] p2a: Indeedee
|
|-sideend|p1: Slackermaru|move: Tailwind
|upkeep
|
|t:|1754512460
|switch|p2b: Archaludon|Archaludon, L50, M, shiny|100/100
|switch|p1b: Porygon2|Porygon2, L50, shiny, tera:Fighting|4/100
|-ability|p1b: Porygon2|Download|boost
|-boost|p1b: Porygon2|spa|1
|turn|5
|inactive|pokehys has 30 seconds left.
|
|t:|1754512486
|move|p1b: Porygon2|Recover|p1b: Porygon2
|-heal|p1b: Porygon2|54/100
|move|p1a: Incineroar|Knock Off|p2a: Indeedee
|-supereffective|p2a: Indeedee
|-damage|p2a: Indeedee|0 fnt
|-enditem|p2a: Indeedee|Focus Sash|[from] move: Knock Off|[of] p1a: Incineroar
|faint|p2a: Indeedee
|move|p2b: Archaludon|Thunderbolt|p1b: Porygon2
|-damage|p1b: Porygon2|31/100
|
|-fieldend|move: Psychic Terrain
|upkeep
|turn|6
|-message|pokehys forfeited.
|
|win|Slackermaru
|raw|Slackermaru's rating: 1320 → 1338(+18 for winning)
|raw|pokehys's rating: 1288 → 1265(-23 for losing)
|l|☆pokehys
|player|p2|
