|j|☆sille rovert
|j|☆Sodamario
|html|sille rovertSodamario    
|uhtml|bestof|Game 2 of a best-of-3
|t:|1783434485
|gametype|doubles
|player|p1|sille rovert|trevor|1408
|player|p2|Sodamario|cynthia-gen4|1400
|gen|9
|tier|[Gen 9 Champions] VGC 2026 Reg M-B (Bo3)
|rated|
|rule|Species Clause: Limit one of each Pokémon
|rule|Item Clause: Limit 1 of each item
|clearpoke
|poke|p1|Sinistcha, L50|
|poke|p1|Incineroar, L50, F|
|poke|p1|Ninetales-Alola, L50, F|
|poke|p1|Raichu, L50, F|
|poke|p1|Blastoise, L50, F|
|poke|p1|Ceruledge, L50, M|
|poke|p2|Ceruledge, L50, F|
|poke|p2|Milotic, L50, M|
|poke|p2|Incineroar, L50, F|
|poke|p2|Raichu, L50, F|
|poke|p2|Ninetales-Alola, L50, F|
|poke|p2|Sinistcha, L50|
|teampreview|4
|showteam|p1|Sinistcha||KasibBerry|Hospitality|MatchaGotcha,LifeDew,RagePowder,Protect|Relaxed|||||50|]Incineroar||SitrusBerry|Intimidate|FlareBlitz,ThroatChop,FakeOut,PartingShot|Impish||F|||50|]Ninetales-Alola||NeverMeltIce|SnowWarning|Blizzard,FreezeDry,Encore,Protect|Timid||F|||50|]Raichu||RaichuniteY|LightningRod|ZapCannon,FocusBlast,FakeOut,Protect|Timid||F|||50|]Blastoise||Blastoisinite|RainDish|WaterSpout,DarkPulse,ShellSmash,Protect|Modest||F|||50|]Ceruledge||ColburBerry|FlashFire|BitterBlade,ShadowSneak,BulkUp,Protect|Adamant||M|||50|
|showteam|p2|Ceruledge||ColburBerry|FlashFire|BitterBlade,ShadowSneak,BulkUp,Protect|Adamant||F|||50|]Milotic||Leftovers|Competitive|MuddyWater,Coil,Hypnosis,Protect|Bold||M|||50|]Incineroar||SitrusBerry|Intimidate|FlareBlitz,PartingShot,FakeOut,DarkestLariat|Impish||F|||50|]Raichu||RaichuniteY|LightningRod|ZapCannon,FocusBlast,FakeOut,Protect|Timid||F|||50|]Ninetales-Alola||NeverMeltIce|SnowWarning|Blizzard,FreezeDry,AuroraVeil,Protect|Timid||F|||50|]Sinistcha||KasibBerry|Hospitality|MatchaGotcha,RagePowder,TrickRoom,Protect|Bold|||||50|
|inactive|Battle timer is ON: inactive players will automatically lose when time's up. (requested by sille rovert)
|
|t:|1783434536
|teamsize|p1|4
|teamsize|p2|4
|start
|switch|p1a: Rat|Raichu, L50, F|100/100
|switch|p1b: Ceruledge|Ceruledge, L50, M|100/100
|switch|p2a: Milotic|Milotic, L50, M|100/100
|switch|p2b: Raichu|Raichu, L50, F|100/100
|turn|1
|
|t:|1783434561
|switch|p2b: Incineroar|Incineroar, L50, F|100/100
|-ability|p2b: Incineroar|Intimidate|boost
|-unboost|p1a: Rat|atk|1
|-unboost|p1b: Ceruledge|atk|1
|move|p1a: Rat|Fake Out|p2a: Milotic
|-damage|p2a: Milotic|95/100
|move|p1b: Ceruledge|Bulk Up|p1b: Ceruledge
|-boost|p1b: Ceruledge|atk|1
|-boost|p1b: Ceruledge|def|1
|cant|p2a: Milotic|flinch
|
|-heal|p2a: Milotic|100/100|[from] item: Leftovers
|upkeep
|turn|2
|
|t:|1783434574
|move|p1a: Rat|Protect|p1a: Rat
|-singleturn|p1a: Rat|Protect
|move|p2b: Incineroar|Fake Out|p1a: Rat
|-activate|p1a: Rat|move: Protect
|move|p1b: Ceruledge|Bulk Up|p1b: Ceruledge
|-boost|p1b: Ceruledge|atk|1
|-boost|p1b: Ceruledge|def|1
|move|p2a: Milotic|Coil|p2a: Milotic
|-boost|p2a: Milotic|atk|1
|-boost|p2a: Milotic|def|1
|-boost|p2a: Milotic|accuracy|1
|
|upkeep
|turn|3
|inactive|sille rovert has 30 seconds left.
|inactive|Sodamario has 30 seconds left.
|inactive|sille rovert has 20 seconds left.
|inactive|sille rovert has 15 seconds left.
|
|t:|1783434617
|detailschange|p1a: Rat|Raichu-Mega-Y, L50, F
|-mega|p1a: Rat|Raichu|Raichunite Y
|move|p1a: Rat|Focus Blast|p2b: Incineroar
|-supereffective|p2b: Incineroar|1
|-damage|p2b: Incineroar|30/100
|-enditem|p2b: Incineroar|Sitrus Berry|[eat]
|-heal|p2b: Incineroar|55/100|[from] item: Sitrus Berry
|move|p1b: Ceruledge|Bulk Up|p1b: Ceruledge
|-boost|p1b: Ceruledge|atk|1
|-boost|p1b: Ceruledge|def|1
|move|p2a: Milotic|Coil|p2a: Milotic
|-boost|p2a: Milotic|atk|1
|-boost|p2a: Milotic|def|1
|-boost|p2a: Milotic|accuracy|1
|move|p2b: Incineroar|Parting Shot|p1b: Ceruledge
|-unboost|p1b: Ceruledge|atk|1
|-unboost|p1b: Ceruledge|spa|1
|
|t:|1783434626
|switch|p2b: Raichu|Raichu, L50, F|100/100|[from] Parting Shot
|
|upkeep
|turn|4
|inactive|Sodamario has 30 seconds left.
|
|t:|1783434656
|switch|p1a: HowManyMatchas?|Sinistcha, L50|100/100
|switch|p2b: Incineroar|Incineroar, L50, F|55/100
|-ability|p2b: Incineroar|Intimidate|boost
|-unboost|p1a: HowManyMatchas?|atk|1
|-unboost|p1b: Ceruledge|atk|1
|move|p1b: Ceruledge|Protect|p1b: Ceruledge
|-singleturn|p1b: Ceruledge|Protect
|move|p2a: Milotic|Hypnosis|p1b: Ceruledge
|-activate|p1b: Ceruledge|move: Protect
|
|upkeep
|turn|5
|
|t:|1783434672
|move|p1b: Ceruledge|Bulk Up|p1b: Ceruledge
|-boost|p1b: Ceruledge|atk|1
|-boost|p1b: Ceruledge|def|1
|move|p2a: Milotic|Muddy Water|p1a: HowManyMatchas?|[spread] p1a,p1b
|-resisted|p1a: HowManyMatchas?|1
|-supereffective|p1b: Ceruledge|1
|-damage|p1a: HowManyMatchas?|89/100
|-damage|p1b: Ceruledge|55/100
|-unboost|p1b: Ceruledge|accuracy|1
|move|p1a: HowManyMatchas?|Matcha Gotcha|p2b: Incineroar|[spread] p2a,p2b
|-supereffective|p2a: Milotic|1
|-resisted|p2b: Incineroar|1
|-damage|p2a: Milotic|63/100
|-heal|p1a: HowManyMatchas?|100/100|[from] drain|[of] p2a: Milotic
|-damage|p2b: Incineroar|45/100
|move|p2b: Incineroar|Darkest Lariat|p1a: HowManyMatchas?
|-supereffective|p1a: HowManyMatchas?|1
|-damage|p1a: HowManyMatchas?|42/100
|
|-heal|p2a: Milotic|69/100|[from] item: Leftovers
|upkeep
|turn|6
|inactive|Sodamario has 30 seconds left.
|inactive|Sodamario has 20 seconds left.
|inactive|Sodamario has 15 seconds left.
|inactive|Sodamario has 10 seconds left.
|
|t:|1783434722
|move|p1b: Ceruledge|Bitter Blade|p2b: Incineroar
|-resisted|p2b: Incineroar|1
|-damage|p2b: Incineroar|16/100
|-heal|p1b: Ceruledge|71/100|[from] drain|[of] p2b: Incineroar
|move|p2a: Milotic|Hypnosis|p1a: HowManyMatchas?
|-status|p1a: HowManyMatchas?|slp|[from] move: Hypnosis
|cant|p1a: HowManyMatchas?|slp
|move|p2b: Incineroar|Parting Shot|p1b: Ceruledge
|-unboost|p1b: Ceruledge|atk|1
|-unboost|p1b: Ceruledge|spa|1
|
|t:|1783434731
|switch|p2b: Sinistcha|Sinistcha, L50|100/100|[from] Parting Shot
|-heal|p2a: Milotic|94/100|[from] ability: Hospitality|[of] p2b: Sinistcha
|
|-heal|p2a: Milotic|100/100|[from] item: Leftovers
|upkeep
|turn|7
|
|t:|1783434746
|move|p1b: Ceruledge|Protect|p1b: Ceruledge
|-singleturn|p1b: Ceruledge|Protect
|move|p2a: Milotic|Muddy Water|p1a: HowManyMatchas?|[spread] p1a
|-activate|p1b: Ceruledge|move: Protect
|-resisted|p1a: HowManyMatchas?|1
|-damage|p1a: HowManyMatchas?|31/100 slp
|move|p2b: Sinistcha|Matcha Gotcha|p1b: Ceruledge|[spread] p1a
|-activate|p1b: Ceruledge|move: Protect
|-resisted|p1a: HowManyMatchas?|1
|-damage|p1a: HowManyMatchas?|20/100y slp
|cant|p1a: HowManyMatchas?|slp
|
|upkeep
|turn|8
|
|t:|1783434758
|move|p1b: Ceruledge|Bitter Blade|p2b: Sinistcha|[miss]
|-miss|p1b: Ceruledge|p2b: Sinistcha
|move|p2a: Milotic|Muddy Water|p1a: HowManyMatchas?|[spread] p1a,p1b
|-resisted|p1a: HowManyMatchas?|1
|-supereffective|p1b: Ceruledge|1
|-damage|p1a: HowManyMatchas?|10/100 slp
|-damage|p1b: Ceruledge|25/100
|move|p2b: Sinistcha|Matcha Gotcha|p1b: Ceruledge|[spread] p1a,p1b
|-resisted|p1a: HowManyMatchas?|1
|-resisted|p1b: Ceruledge|1
|-damage|p1a: HowManyMatchas?|0 fnt
|-damage|p1b: Ceruledge|12/100
|faint|p1a: HowManyMatchas?
|
|upkeep
|
|t:|1783434765
|switch|p1a: Rat|Raichu-Mega-Y, L50, F|100/100
|turn|9
|
|t:|1783434772
|move|p1a: Rat|Fake Out|p2a: Milotic
|-damage|p2a: Milotic|96/100
|move|p2b: Sinistcha|Rage Powder|p2b: Sinistcha
|-singleturn|p2b: Sinistcha|move: Rage Powder
|move|p1b: Ceruledge|Bulk Up|p1b: Ceruledge
|-boost|p1b: Ceruledge|atk|1
|-boost|p1b: Ceruledge|def|1
|cant|p2a: Milotic|flinch
|
|-heal|p2a: Milotic|100/100|[from] item: Leftovers
|upkeep
|turn|10
|
|t:|1783434782
|move|p1b: Ceruledge|Protect|p1b: Ceruledge
|-singleturn|p1b: Ceruledge|Protect
|move|p2b: Sinistcha|Rage Powder|p2b: Sinistcha
|-singleturn|p2b: Sinistcha|move: Rage Powder
|move|p1a: Rat|Zap Cannon|p2b: Sinistcha
|-resisted|p2b: Sinistcha|1
|-damage|p2b: Sinistcha|66/100
|-status|p2b: Sinistcha|par
|move|p2a: Milotic|Muddy Water|p1b: Ceruledge|[spread] p1a
|-activate|p1b: Ceruledge|move: Protect
|-damage|p1a: Rat|70/100
|-unboost|p1a: Rat|accuracy|1
|
|upkeep
|turn|11
|
|t:|1783434796
|move|p2b: Sinistcha|Rage Powder|p2b: Sinistcha
|-singleturn|p2b: Sinistcha|move: Rage Powder
|move|p1a: Rat|Zap Cannon|p2b: Sinistcha
|-resisted|p2b: Sinistcha|1
|-damage|p2b: Sinistcha|35/100 par
|move|p1b: Ceruledge|Bitter Blade|p2b: Sinistcha|[miss]
|-miss|p1b: Ceruledge|p2b: Sinistcha
|move|p2a: Milotic|Muddy Water|p1a: Rat|[spread] p1a,p1b
|-supereffective|p1b: Ceruledge|1
|-damage|p1a: Rat|40/100
|-damage|p1b: Ceruledge|0 fnt
|faint|p1b: Ceruledge
|
|upkeep
|-message|sille rovert forfeited.
|
|win|Sodamario
|raw|sille rovert's rating: 1408 → 1388(-20 for losing)
|raw|Sodamario's rating: 1400 → 1420(+20 for winning)
|l|☆sille rovert
|player|p1|
