|j|☆2BStellar
|j|☆Podim1
|html|2BStellarPodim1    
|uhtml|bestof|Game 1 of a best-of-3
|t:|1785896012
|gametype|doubles
|player|p1|2BStellar|hilbert-wonderlauncher|1140
|player|p2|Podim1|marshal|1169
|gen|9
|tier|[Gen 9 Champions] VGC 2026 Reg M-B (Bo3)
|rated|
|rule|Species Clause: Limit one of each Pokémon
|rule|Item Clause: Limit 1 of each item
|clearpoke
|poke|p1|Sylveon, L50, F, shiny|
|poke|p1|Garchomp, L50, M|
|poke|p1|Kingambit, L50, M, shiny|
|poke|p1|Charizard, L50, M, shiny|
|poke|p1|Aerodactyl, L50, M, shiny|
|poke|p1|Farigiraf, L50, F, shiny|
|poke|p2|Raichu, L50, M|
|poke|p2|Corviknight, L50, F|
|poke|p2|Floette-Eternal, L50, F|
|poke|p2|Sinistcha, L50|
|poke|p2|Incineroar, L50, F|
|poke|p2|Quaquaval, L50, M|
|teampreview|4
|showteam|p1|Sylveon||FairyFeather|Pixilate|Detect,HyperVoice,QuickAttack,HyperBeam|Modest||F|||50|]Garchomp||ChoiceScarf|RoughSkin|StompingTantrum,Earthquake,DragonClaw,StoneEdge|Adamant||M|||50|]Kingambit||LifeOrb|Defiant|SuckerPunch,KowtowCleave,IronHead,BrickBreak|Adamant||M|||50|]Charizard||CharizarditeY|Blaze|Protect,HeatWave,SolarBeam,WeatherBall|Modest||M|||50|]Aerodactyl||Aerodactylite|RockHead|Tailwind,RockSlide,WideGuard,DualWingbeat|Jolly||M|||50|]Farigiraf||SitrusBerry|ArmorTail|Protect,Thunderbolt,TwinBeam,TrickRoom|Bold||F|||50|
|showteam|p2|Raichu||RaichuniteY|LightningRod|FocusBlast,ZapCannon,FakeOut,Protect|Timid||M|||50|]Corviknight||Leftovers|MirrorArmor|BulkUp,DualWingbeat,Roost,BodyPress|Adamant||F|||50|]Floette-Eternal||Floettite|FlowerVeil|CalmMind,DrainingKiss,DazzlingGleam,Protect|Modest||F|||50|]Sinistcha||KasibBerry|Hospitality|MatchaGotcha,RagePowder,TrickRoom,Protect|Bold|||||50|]Incineroar||SitrusBerry|Intimidate|ThroatChop,FlareBlitz,PartingShot,FakeOut|Careful||F|||50|]Quaquaval||ChoiceScarf|Moxie|TripleAxel,WaveCrash,CloseCombat,KnockOff|Adamant||M|||50|
|
|t:|1785896161
|teamsize|p1|4
|teamsize|p2|4
|start
|switch|p1a: giraf|Farigiraf, L50, F, shiny|100/100
|switch|p1b: e4e5f4|Kingambit, L50, M, shiny|100/100
|switch|p2a: Raichu|Raichu, L50, M|100/100
|switch|p2b: Corviknight|Corviknight, L50, F|100/100
|turn|1
|
|t:|1785896202
|switch|p1b: WHEEEE|Sylveon, L50, F, shiny|100/100
|move|p2a: Raichu|Protect|p2a: Raichu
|-singleturn|p2a: Raichu|Protect
|move|p2b: Corviknight|Bulk Up|p2b: Corviknight
|-boost|p2b: Corviknight|atk|1
|-boost|p2b: Corviknight|def|1
|move|p1a: giraf|Trick Room|p1a: giraf
|-fieldstart|move: Trick Room|[of] p1a: giraf
|
|upkeep
|turn|2
|
|t:|1785896228
|move|p1a: giraf|Thunderbolt|p2a: Raichu
|-activate|p2a: Raichu|ability: Lightning Rod
|-ability|p2a: Raichu|Lightning Rod|boost
|-boost|p2a: Raichu|spa|1
|move|p1b: WHEEEE|Hyper Voice|p2a: Raichu|[spread] p2a,p2b
|-resisted|p2b: Corviknight|1
|-damage|p2a: Raichu|47/100
|-damage|p2b: Corviknight|83/100
|move|p2b: Corviknight|Bulk Up|p2b: Corviknight
|-boost|p2b: Corviknight|atk|1
|-boost|p2b: Corviknight|def|1
|move|p2a: Raichu|Focus Blast|p1a: giraf
|-damage|p1a: giraf|59/100
|
|-heal|p2b: Corviknight|89/100|[from] item: Leftovers
|upkeep
|turn|3
|
|t:|1785896269
|switch|p1a: e4e5f4|Kingambit, L50, M, shiny|100/100
|move|p2a: Raichu|Protect|p2a: Raichu
|-singleturn|p2a: Raichu|Protect
|move|p1b: WHEEEE|Hyper Voice|p2a: Raichu|[spread] p2b
|-activate|p2a: Raichu|move: Protect
|-resisted|p2b: Corviknight|1
|-damage|p2b: Corviknight|70/100
|move|p2b: Corviknight|Dual Wingbeat|p1a: e4e5f4|[miss]
|-miss|p2b: Corviknight|p1a: e4e5f4
|
|-heal|p2b: Corviknight|76/100|[from] item: Leftovers
|upkeep
|turn|4
|
|t:|1785896307
|switch|p2a: Sinistcha|Sinistcha, L50|100/100
|-heal|p2b: Corviknight|100/100|[from] ability: Hospitality|[of] p2a: Sinistcha
|move|p1b: WHEEEE|Hyper Voice|p2b: Corviknight|[spread] p2a,p2b
|-resisted|p2b: Corviknight|1
|-damage|p2a: Sinistcha|58/100
|-damage|p2b: Corviknight|81/100
|move|p2b: Corviknight|Body Press|p1a: e4e5f4
|-supereffective|p1a: e4e5f4|2
|-damage|p1a: e4e5f4|0 fnt
|faint|p1a: e4e5f4
|
|-heal|p2b: Corviknight|87/100|[from] item: Leftovers
|upkeep
|
|t:|1785896324
|switch|p1a: zzzzzz|Charizard, L50, M, shiny|100/100
|turn|5
|
|t:|1785896375
|switch|p2a: Incineroar|Incineroar, L50, F|100/100
|-ability|p2a: Incineroar|Intimidate|boost
|-unboost|p1a: zzzzzz|atk|1
|-unboost|p1b: WHEEEE|atk|1
|detailschange|p1a: zzzzzz|Charizard-Mega-Y, L50, M, shiny
|-mega|p1a: zzzzzz|Charizard|Charizardite Y
|-weather|SunnyDay|[from] ability: Drought|[of] p1a: zzzzzz
|move|p1b: WHEEEE|Hyper Voice|p2b: Corviknight|[spread] p2a,p2b
|-resisted|p2b: Corviknight|1
|-damage|p2a: Incineroar|68/100
|-damage|p2b: Corviknight|69/100
|move|p2b: Corviknight|Dual Wingbeat|p1b: WHEEEE
|-damage|p1b: WHEEEE|69/100
|-damage|p1b: WHEEEE|38/100
|-hitcount|p1b: WHEEEE|2
|move|p1a: zzzzzz|Heat Wave|p2a: Incineroar|[spread] p2a,p2b
|-resisted|p2a: Incineroar|1
|-supereffective|p2b: Corviknight|1
|-damage|p2a: Incineroar|44/100
|-damage|p2b: Corviknight|0 fnt
|-enditem|p2a: Incineroar|Sitrus Berry|[eat]
|-heal|p2a: Incineroar|69/100|[from] item: Sitrus Berry
|faint|p2b: Corviknight
|
|-weather|SunnyDay|[upkeep]
|-fieldend|move: Trick Room
|upkeep
|
|t:|1785896388
|switch|p2b: Raichu|Raichu, L50, M|47/100
|turn|6
|
|t:|1785896402
|switch|p1a: giraf|Farigiraf, L50, F, shiny|59/100
|detailschange|p2b: Raichu|Raichu-Mega-Y, L50, M
|-mega|p2b: Raichu|Raichu|Raichunite Y
|move|p2a: Incineroar|Fake Out||[still]
|cant|p1a: giraf|ability: Armor Tail|Fake Out|[of] p2a: Incineroar
|move|p2b: Raichu|Zap Cannon|p1a: giraf
|-damage|p1a: giraf|0 fnt
|faint|p1a: giraf
|move|p1b: WHEEEE|Hyper Voice|p2b: Raichu|[spread] p2a,p2b
|-damage|p2a: Incineroar|34/100
|-damage|p2b: Raichu|0 fnt
|faint|p2b: Raichu
|
|-weather|SunnyDay|[upkeep]
|upkeep
|
|t:|1785896414
|switch|p2b: Sinistcha|Sinistcha, L50|58/100
|switch|p1a: zzzzzz|Charizard-Mega-Y, L50, M, shiny|100/100
|-heal|p2a: Incineroar|59/100|[from] ability: Hospitality|[of] p2b: Sinistcha
|turn|7
|
|t:|1785896434
|move|p1a: zzzzzz|Heat Wave|p2b: Sinistcha|[spread] p2a,p2b
|-resisted|p2a: Incineroar|1
|-supereffective|p2b: Sinistcha|1
|-damage|p2a: Incineroar|35/100
|-damage|p2b: Sinistcha|0 fnt
|faint|p2b: Sinistcha
|move|p1b: WHEEEE|Hyper Voice|p2a: Incineroar
|-damage|p2a: Incineroar|0 fnt
|faint|p2a: Incineroar
|
|win|2BStellar
||2BStellar is ready for game 2.
||Podim1 is ready for game 2.
|uhtml|next|Next: Game 2 of 3
