|j|☆joey
|j|☆valxrie
|html|joeyvalxrie    
|uhtml|bestof|Game 3 of a best-of-3
|t:|1784402191
|gametype|doubles
|player|p1|joey|#gcplgrapes|
|player|p2|valxrie|102|
|gen|9
|tier|[Gen 9 Champions] VGC 2026 Reg M-B (Bo3)
|rule|Species Clause: Limit one of each Pokémon
|rule|Item Clause: Limit 1 of each item
|clearpoke
|poke|p1|Charizard, L50, M|
|poke|p1|Maushold, L50|
|poke|p1|Annihilape, L50, F|
|poke|p1|Simipour, L50, M, shiny|
|poke|p1|Venusaur, L50, M|
|poke|p1|Skarmory, L50, F|
|poke|p2|Garchomp, L50, F|
|poke|p2|Sableye, L50, M|
|poke|p2|Metagross, L50|
|poke|p2|Delphox, L50, M|
|poke|p2|Sneasler, L50, F|
|poke|p2|Floette-Eternal, L50, F|
|teampreview|4
|showteam|p1|Charizard||CharizarditeY|Blaze|HeatWave,WeatherBall,SolarBeam,Protect|Timid||M|||50|]Maushold||WideLens|FriendGuard|BeatUp,PopulationBomb,FollowMe,Protect|Jolly|||||50|]Annihilape||RoseliBerry|Defiant|RageFist,DrainPunch,BulkUp,Protect|Adamant||F|||50|]Simipour||FocusSash|Torrent|FakeOut,Scald,IcyWind,Protect|Timid||M|||50|]Venusaur||LifeOrb|Chlorophyll|SludgeBomb,GigaDrain,EarthPower,Protect|Modest||M|||50|]Skarmory||Skarmorite|KeenEye|IronHead,BraveBird,SwordsDance,Protect|Jolly||F|||50|
|showteam|p2|Garchomp||ChoiceScarf|RoughSkin|Earthquake,RockSlide,DragonClaw,FireBlast|Naive||F|||50|]Sableye||RoseliBerry|Prankster|FakeOut,Encore,KnockOff,WillOWisp|Careful||M|||50|]Metagross||Metagrossite|ClearBody|MeteorMash,PsychicFangs,RockSlide,BulletPunch|Jolly|||||50|]Delphox||Delphoxite|Blaze|HeatWave,Psychic,Overheat,DazzlingGleam|Timid||M|||50|]Sneasler||WhiteHerb|Unburden|UpperHand,CloseCombat,DireClaw,FakeOut|Adamant||F|||50|]Floette-Eternal||LifeOrb|Symbiosis|Synthesis,LightofRuin,EnergyBall,Trailblaze|Hasty||F|||50|
|inactive|Battle timer is ON: inactive players will automatically lose when time's up. (requested by joey)
|inactiveoff|Battle timer is now OFF.
|j| Spearklez
|
|t:|1784402231
|teamsize|p1|4
|teamsize|p2|4
|start
|switch|p1a: Maustudio|Maushold, L50|100/100
|switch|p1b: Incineroаr|Simipour, L50, M, shiny|100/100
|switch|p2a: Delphox|Delphox, L50, M|100/100
|switch|p2b: Sneasler|Sneasler, L50, F|100/100
|turn|1
|
|t:|1784402250
|switch|p2b: Garchomp|Garchomp, L50, F|100/100
|switch|p2a: Sableye|Sableye, L50, M|100/100
|move|p1b: Incineroаr|Protect|p1b: Incineroаr
|-singleturn|p1b: Incineroаr|Protect
|move|p1a: Maustudio|Population Bomb|p2a: Sableye
|-immune|p2a: Sableye
|
|upkeep
|turn|2
|
|t:|1784402294
|switch|p1a: Determinate|Annihilape, L50, F|100/100
|move|p2a: Sableye|Fake Out|p1b: Incineroаr
|-damage|p1b: Incineroаr|87/100
|move|p2b: Garchomp|Dragon Claw|p1a: Determinate
|-damage|p1a: Determinate|54/100
|cant|p1b: Incineroаr|flinch
|
|upkeep
|turn|3
|
|t:|1784402308
|move|p1a: Determinate|Protect|p1a: Determinate
|-singleturn|p1a: Determinate|Protect
|move|p2a: Sableye|Will-O-Wisp|p1a: Determinate
|-activate|p1a: Determinate|move: Protect
|move|p2b: Garchomp|Dragon Claw|p1a: Determinate
|-activate|p1a: Determinate|move: Protect
|move|p1b: Incineroаr|Icy Wind|p2b: Garchomp|[spread] p2a,p2b
|-supereffective|p2b: Garchomp|2
|-damage|p2a: Sableye|89/100
|-damage|p2b: Garchomp|51/100
|-unboost|p2a: Sableye|spe|1
|-unboost|p2b: Garchomp|spe|1
|
|upkeep
|turn|4
|
|t:|1784402342
|switch|p1a: Rizz God|Charizard, L50, M|100/100
|move|p2a: Sableye|Will-O-Wisp|p1a: Rizz God
|-immune|p1a: Rizz God
|move|p2b: Garchomp|Dragon Claw|p1a: Rizz God
|-damage|p1a: Rizz God|35/100
|move|p1b: Incineroаr|Icy Wind|p2a: Sableye|[spread] p2a,p2b
|-supereffective|p2b: Garchomp|2
|-damage|p2a: Sableye|78/100
|-damage|p2b: Garchomp|3/100
|-unboost|p2a: Sableye|spe|1
|-unboost|p2b: Garchomp|spe|1
|
|upkeep
|turn|5
|
|t:|1784402371
|switch|p1b: Determinate|Annihilape, L50, F|54/100
|detailschange|p1a: Rizz God|Charizard-Mega-Y, L50, M
|-mega|p1a: Rizz God|Charizard|Charizardite Y
|-weather|SunnyDay|[from] ability: Drought|[of] p1a: Rizz God
|move|p1a: Rizz God|Heat Wave|p2b: Garchomp|[spread] p2a,p2b
|-resisted|p2b: Garchomp|1
|-damage|p2a: Sableye|7/100
|-damage|p2b: Garchomp|0 fnt
|faint|p2b: Garchomp
|move|p2a: Sableye|Knock Off|p1b: Determinate
|-damage|p1b: Determinate|28/100
|-enditem|p1b: Determinate|Roseli Berry|[from] move: Knock Off|[of] p2a: Sableye
|
|-weather|SunnyDay|[upkeep]
|upkeep
|
|t:|1784402379
|switch|p2b: Sneasler|Sneasler, L50, F|100/100
|turn|6
|
|t:|1784402398
|switch|p1b: Maustudio|Maushold, L50|100/100
|move|p1a: Rizz God|Protect|p1a: Rizz God
|-singleturn|p1a: Rizz God|Protect
|move|p2b: Sneasler|Fake Out|p1a: Rizz God
|-activate|p1a: Rizz God|move: Protect
|move|p2a: Sableye|Will-O-Wisp|p1b: Maustudio
|-status|p1b: Maustudio|brn
|
|-weather|SunnyDay|[upkeep]
|-damage|p1b: Maustudio|94/100 brn|[from] brn
|upkeep
|turn|7
|
|t:|1784402416
|switch|p1a: Incineroаr|Simipour, L50, M, shiny|87/100
|move|p2a: Sableye|Encore||[still]
|-fail|p2a: Sableye
|move|p1b: Maustudio|Beat Up|p2a: Sableye
|-damage|p2a: Sableye|5/100
|-damage|p2a: Sableye|3/100
|-damage|p2a: Sableye|1/100
|-damage|p2a: Sableye|0 fnt
|faint|p2a: Sableye
|-hitcount|p2: Sableye|4
|move|p2b: Sneasler|Dire Claw|p1a: Incineroаr
|-damage|p1a: Incineroаr|32/100
|
|-weather|SunnyDay|[upkeep]
|-damage|p1b: Maustudio|88/100 brn|[from] brn
|upkeep
|
|t:|1784402429
|switch|p2a: Delphox|Delphox, L50, M|100/100
|turn|8
|
|t:|1784402485
|detailschange|p2a: Delphox|Delphox-Mega, L50, M
|-mega|p2a: Delphox|Delphox|Delphoxite
|move|p1a: Incineroаr|Fake Out|p2b: Sneasler
|-damage|p2b: Sneasler|85/100
|move|p2a: Delphox|Psychic|p1b: Maustudio
|-damage|p1b: Maustudio|9/100 brn
|move|p1b: Maustudio|Population Bomb|p2a: Delphox
|-damage|p2a: Delphox|94/100
|-damage|p2a: Delphox|88/100
|-damage|p2a: Delphox|82/100
|-damage|p2a: Delphox|76/100
|-damage|p2a: Delphox|70/100
|-damage|p2a: Delphox|64/100
|-damage|p2a: Delphox|58/100
|-damage|p2a: Delphox|52/100
|-damage|p2a: Delphox|47/100
|-damage|p2a: Delphox|41/100
|-hitcount|p2a: Delphox|10
|cant|p2b: Sneasler|flinch
|
|-weather|SunnyDay|[upkeep]
|-damage|p1b: Maustudio|3/100 brn|[from] brn
|upkeep
|turn|9
|
|t:|1784402558
|move|p2a: Delphox|Dazzling Gleam|p1b: Maustudio|[spread] p1a,p1b
|-damage|p1a: Incineroаr|6/100
|-damage|p1b: Maustudio|0 fnt
|faint|p1b: Maustudio
|move|p2b: Sneasler|Dire Claw|p1a: Incineroаr
|-damage|p1a: Incineroаr|0 fnt
|faint|p1a: Incineroаr
|
|-weather|none
|upkeep
|
|t:|1784402564
|switch|p1b: Rizz God|Charizard-Mega-Y, L50, M|35/100
|switch|p1a: Determinate|Annihilape, L50, F|28/100
|-weather|SunnyDay|[from] ability: Drought|[of] p1b: Rizz God
|turn|10
|
|t:|1784402581
|move|p1a: Determinate|Protect|p1a: Determinate
|-singleturn|p1a: Determinate|Protect
|move|p2a: Delphox|Psychic|p1b: Rizz God
|-damage|p1b: Rizz God|0 fnt
|faint|p1b: Rizz God
|move|p2b: Sneasler|Dire Claw|p1a: Determinate
|-activate|p1a: Determinate|move: Protect
|
|-weather|SunnyDay|[upkeep]
|upkeep
|turn|11
|
|t:|1784402596
|move|p2a: Delphox|Psychic|p1a: Determinate
|-supereffective|p1a: Determinate|1
|-damage|p1a: Determinate|0 fnt
|faint|p1a: Determinate
|
|win|valxrie
|c|☆valxrie|ggs
|c|☆joey|ggs
