|j|☆grimgarrr
|j|☆ToastedArt
|html|grimgarrrToastedArt    
|uhtml|bestof|Game 2 of a best-of-3
|t:|1785797371
|gametype|doubles
|player|p1|grimgarrr|170|1106
|player|p2|ToastedArt|101|1108
|gen|9
|tier|[Gen 9 Champions] VGC 2026 Reg M-B (Bo3)
|rated|
|rule|Species Clause: Limit one of each Pokémon
|rule|Item Clause: Limit 1 of each item
|clearpoke
|poke|p1|Scovillain, L50, M|
|poke|p1|Lycanroc-Dusk, L50, F|
|poke|p1|Malamar, L50, F|
|poke|p1|Scizor, L50, M|
|poke|p1|Ninetales-Alola, L50, F|
|poke|p1|Sinistcha-Masterpiece, L50|
|poke|p2|Staraptor, L50, M|
|poke|p2|Whimsicott, L50, M|
|poke|p2|Gholdengo, L50|
|poke|p2|Incineroar, L50, M|
|poke|p2|Zoroark-Hisui, L50, M|
|poke|p2|Raichu, L50, F|
|teampreview|4
|showteam|p1|Scovillain||Scovillainite|Moody|RagePowder,Overheat,Protect,GigaDrain|Relaxed||M|||50|]Lycanroc-Dusk||FocusSash|ToughClaws|Accelerock,Protect,CloseCombat,RockSlide|Adamant||F|||50|]Malamar||ChoiceScarf|Contrary|Superpower,Taunt,Switcheroo,KnockOff|Jolly||F|||50|]Scizor||Scizorite|Technician|SwordsDance,BulletPunch,BugBite,Protect|Brave||M|||50|]Ninetales-Alola||NeverMeltIce|SnowWarning|AuroraVeil,HelpingHand,Blizzard,Protect|Timid||F|||50|]Sinistcha-Masterpiece||SitrusBerry|Hospitality|MatchaGotcha,RagePowder,Protect,ShadowBall|Modest|||||50|
|showteam|p2|Staraptor||Staraptite|Intimidate|CloseCombat,DualWingbeat,Roost,Protect|Jolly||M|||50|]Whimsicott||OccaBerry|Prankster|Encore,Tailwind,Charm,Moonblast|Timid||M|||50|]Gholdengo||LifeOrb|GoodasGold|MakeItRain,ShadowBall,NastyPlot,Protect|Modest|||||50|]Incineroar||SitrusBerry|Intimidate|PartingShot,FlareBlitz,ThroatChop,FakeOut|Careful||M|||50|]Zoroark-Hisui||FocusSash|Illusion|BitterMalice,IcyWind,Taunt,FakeTears|Timid||M|||50|]Raichu||RaichuniteX|Static|FakeOut,VoltTackle,Charm,Protect|Jolly||F|||50|
|inactive|Battle timer is ON: inactive players will automatically lose when time's up. (requested by ToastedArt)
|l|☆ToastedArt
|inactive|ToastedArt disconnected and has a minute to reconnect!
|player|p2|
|j|☆ToastedArt
|inactive|ToastedArt reconnected and has 65 seconds left.
|player|p2|ToastedArt|101|
|inactive|ToastedArt has 60 seconds left.
|inactive|ToastedArt has 30 seconds left.
|
|t:|1785797441
|teamsize|p1|4
|teamsize|p2|4
|start
|switch|p1a: Malamar|Malamar, L50, F|100/100
|switch|p1b: Scovillain|Scovillain, L50, M|100/100
|switch|p2a: Staraptor|Staraptor, L50, M|100/100
|switch|p2b: Whimsicott|Whimsicott, L50, M|100/100
|-ability|p2a: Staraptor|Intimidate|boost
|-boost|p1a: Malamar|atk|1
|-unboost|p1b: Scovillain|atk|1
|turn|1
|inactive|grimgarrr has 30 seconds left.
|
|t:|1785797476
|detailschange|p2a: Staraptor|Staraptor-Mega, L50, M
|-mega|p2a: Staraptor|Staraptor|Staraptite
|detailschange|p1b: Scovillain|Scovillain-Mega, L50, M
|-mega|p1b: Scovillain|Scovillain|Scovillainite
|move|p2a: Staraptor|Protect|p2a: Staraptor
|-singleturn|p2a: Staraptor|Protect
|move|p1a: Malamar|Superpower|p2b: Whimsicott
|-immune|p2b: Whimsicott
|move|p2b: Whimsicott|Taunt|p1b: Scovillain
|-start|p1b: Scovillain|move: Taunt
|move|p1b: Scovillain|Overheat|p2a: Staraptor
|-activate|p2a: Staraptor|move: Protect
|
|upkeep
|turn|2
|
|t:|1785797498
|move|p1a: Malamar|Superpower|p2a: Staraptor
|-resisted|p2a: Staraptor|1
|-damage|p2a: Staraptor|77/100
|-boost|p1a: Malamar|atk|1
|-boost|p1a: Malamar|def|1
|move|p2b: Whimsicott|Fake Tears|p2a: Staraptor
|-boost|p2a: Staraptor|spd|2
|move|p2a: Staraptor|Dual Wingbeat|p1a: Malamar
|-damage|p1a: Malamar|81/100
|-damage|p1a: Malamar|66/100
|-hitcount|p1a: Malamar|2
|move|p1b: Scovillain|Overheat|p2b: Whimsicott
|-enditem|p2b: Whimsicott|Focus Sash
|-damage|p2b: Whimsicott|1/100
|-unboost|p1b: Scovillain|spa|2
|replace|p2b: Zoroark|Zoroark-Hisui, L50, M
|-end|p2b: Zoroark|Illusion
|
|upkeep
|turn|3
|inactive|grimgarrr has 30 seconds left.
|
|t:|1785797528
|move|p1a: Malamar|Superpower|p2a: Staraptor
|-resisted|p2a: Staraptor|1
|-damage|p2a: Staraptor|45/100
|-boost|p1a: Malamar|atk|1
|-boost|p1a: Malamar|def|1
|move|p2b: Zoroark|Fake Tears|p2a: Staraptor
|-boost|p2a: Staraptor|spd|2
|move|p2a: Staraptor|Close Combat|p1a: Malamar
|-damage|p1a: Malamar|29/100
|-boost|p2a: Staraptor|def|1
|-boost|p2a: Staraptor|spd|1
|move|p1b: Scovillain|Overheat|p2b: Zoroark
|-damage|p2b: Zoroark|0 fnt
|-unboost|p1b: Scovillain|spa|2
|faint|p2b: Zoroark
|
|-end|p1b: Scovillain|move: Taunt
|upkeep
|
|t:|1785797543
|switch|p2b: Whimsicott|Whimsicott, L50, M|100/100
|turn|4
|
|t:|1785797558
|move|p1b: Scovillain|Rage Powder|p1b: Scovillain
|-singleturn|p1b: Scovillain|move: Rage Powder
|move|p1a: Malamar|Superpower|p2b: Whimsicott
|-resisted|p2b: Whimsicott|1
|-damage|p2b: Whimsicott|46/100
|-boost|p1a: Malamar|atk|1
|-boost|p1a: Malamar|def|1
|move|p2b: Whimsicott|Moonblast|p1a: Malamar
|-supereffective|p1a: Malamar|1
|-damage|p1a: Malamar|0 fnt
|faint|p1a: Malamar
|move|p2a: Staraptor|Roost|p2a: Staraptor
|-heal|p2a: Staraptor|95/100
|-singleturn|p2a: Staraptor|move: Roost
|
|upkeep
|
|t:|1785797572
|switch|p1a: Ninetales|Ninetales-Alola, L50, F|100/100
|-weather|Snowscape|[from] ability: Snow Warning|[of] p1a: Ninetales
|turn|5
|inactive|ToastedArt has 30 seconds left.
|
|t:|1785797600
|move|p1b: Scovillain|Rage Powder|p1b: Scovillain
|-singleturn|p1b: Scovillain|move: Rage Powder
|move|p2b: Whimsicott|Charm|p2a: Staraptor
|-boost|p2a: Staraptor|atk|2
|move|p1a: Ninetales|Blizzard|p2a: Staraptor|[spread] p2a,p2b
|-supereffective|p2a: Staraptor|1
|-supereffective|p2b: Whimsicott|1
|-damage|p2a: Staraptor|77/100
|-damage|p2b: Whimsicott|0 fnt
|faint|p2b: Whimsicott
|move|p2a: Staraptor|Dual Wingbeat|p1b: Scovillain|[miss]
|-miss|p2a: Staraptor|p1b: Scovillain
|
|-weather|Snowscape|[upkeep]
|upkeep
|
|t:|1785797611
|switch|p2b: Gholdengo|Gholdengo, L50|100/100
|turn|6
|
|t:|1785797630
|move|p1a: Ninetales|Protect|p1a: Ninetales
|-singleturn|p1a: Ninetales|Protect
|move|p2a: Staraptor|Protect|p2a: Staraptor
|-singleturn|p2a: Staraptor|Protect
|move|p2b: Gholdengo|Make It Rain|p1a: Ninetales|[spread] p1b
|-activate|p1a: Ninetales|move: Protect
|-resisted|p1b: Scovillain|1
|-damage|p1b: Scovillain|69/100
|-unboost|p2b: Gholdengo|spa|2
|-status|p2b: Gholdengo|brn|[from] ability: Spicy Spray|[of] p1b: Scovillain
|-damage|p2b: Gholdengo|90/100 brn|[from] item: Life Orb
|move|p1b: Scovillain|Overheat|p2b: Gholdengo
|-supereffective|p2b: Gholdengo|1
|-crit|p2b: Gholdengo
|-damage|p2b: Gholdengo|0 fnt
|-unboost|p1b: Scovillain|spa|2
|faint|p2b: Gholdengo
|
|-weather|Snowscape|[upkeep]
|upkeep
|turn|7
|inactive|grimgarrr has 30 seconds left.
|
|t:|1785797655
|move|p1b: Scovillain|Rage Powder|p1b: Scovillain
|-singleturn|p1b: Scovillain|move: Rage Powder
|move|p2a: Staraptor|Close Combat|p1b: Scovillain
|-damage|p1b: Scovillain|0 fnt
|-boost|p2a: Staraptor|def|1
|-boost|p2a: Staraptor|spd|1
|-status|p2a: Staraptor|brn|[from] ability: Spicy Spray|[of] p1b: Scovillain
|faint|p1b: Scovillain
|move|p1a: Ninetales|Aurora Veil|p1a: Ninetales
|-sidestart|p1: grimgarrr|move: Aurora Veil
|
|-weather|Snowscape|[upkeep]
|-damage|p2a: Staraptor|71/100 brn|[from] brn
|upkeep
|
|t:|1785797666
|switch|p1b: Sinistcha|Sinistcha-Masterpiece, L50|100/100
|turn|8
|
|t:|1785797688
|move|p2a: Staraptor|Dual Wingbeat|p1b: Sinistcha|[miss]
|-miss|p2a: Staraptor|p1b: Sinistcha
|move|p1a: Ninetales|Blizzard|p2a: Staraptor
|-supereffective|p2a: Staraptor|1
|-damage|p2a: Staraptor|51/100 brn
|move|p1b: Sinistcha|Shadow Ball|p2a: Staraptor
|-damage|p2a: Staraptor|38/100 brn
|
|-weather|Snowscape|[upkeep]
|-damage|p2a: Staraptor|32/100 brn|[from] brn
|upkeep
|turn|9
|
|t:|1785797705
|move|p1a: Ninetales|Blizzard|p2a: Staraptor
|-supereffective|p2a: Staraptor|1
|-damage|p2a: Staraptor|11/100 brn
|move|p2a: Staraptor|Roost|p2a: Staraptor
|-heal|p2a: Staraptor|61/100 brn
|-singleturn|p2a: Staraptor|move: Roost
|move|p1b: Sinistcha|Shadow Ball|p2a: Staraptor
|-damage|p2a: Staraptor|49/100 brn
|
|-weather|none
|-damage|p2a: Staraptor|43/100 brn|[from] brn
|upkeep
|turn|10
|
|t:|1785797721
|move|p2a: Staraptor|Roost|p2a: Staraptor
|-heal|p2a: Staraptor|93/100 brn
|-singleturn|p2a: Staraptor|move: Roost
|move|p1a: Ninetales|Blizzard|p2a: Staraptor|[miss]
|-miss|p1a: Ninetales|p2a: Staraptor
|move|p1b: Sinistcha|Shadow Ball|p2a: Staraptor
|-damage|p2a: Staraptor|81/100 brn
|
|-damage|p2a: Staraptor|75/100 brn|[from] brn
|upkeep
|turn|11
|inactive|grimgarrr has 30 seconds left.
|
|t:|1785797752
|move|p1b: Sinistcha|Protect|p1b: Sinistcha
|-singleturn|p1b: Sinistcha|Protect
|move|p1a: Ninetales|Blizzard|p2a: Staraptor
|-supereffective|p2a: Staraptor|1
|-damage|p2a: Staraptor|52/100 brn
|move|p2a: Staraptor|Dual Wingbeat|p1b: Sinistcha
|-activate|p1b: Sinistcha|move: Protect
|
|-damage|p2a: Staraptor|46/100 brn|[from] brn
|-sideend|p1: grimgarrr|move: Aurora Veil
|upkeep
|turn|12
|
|t:|1785797766
|move|p1a: Ninetales|Blizzard|p2a: Staraptor
|-supereffective|p2a: Staraptor|1
|-damage|p2a: Staraptor|23/100 brn
|move|p2a: Staraptor|Roost|p2a: Staraptor
|-heal|p2a: Staraptor|73/100 brn
|-singleturn|p2a: Staraptor|move: Roost
|move|p1b: Sinistcha|Shadow Ball|p2a: Staraptor
|-damage|p2a: Staraptor|61/100 brn
|
|-damage|p2a: Staraptor|55/100 brn|[from] brn
|upkeep
|turn|13
|
|t:|1785797782
|move|p1a: Ninetales|Blizzard|p2a: Staraptor
|-supereffective|p2a: Staraptor|1
|-damage|p2a: Staraptor|33/100 brn
|move|p2a: Staraptor|Roost|p2a: Staraptor
|-heal|p2a: Staraptor|83/100 brn
|-singleturn|p2a: Staraptor|move: Roost
|move|p1b: Sinistcha|Shadow Ball|p2a: Staraptor
|-damage|p2a: Staraptor|71/100 brn
|
|-damage|p2a: Staraptor|65/100 brn|[from] brn
|upkeep
|turn|14
|
|t:|1785797802
|move|p1b: Sinistcha|Protect|p1b: Sinistcha
|-singleturn|p1b: Sinistcha|Protect
|move|p1a: Ninetales|Blizzard|p2a: Staraptor
|-supereffective|p2a: Staraptor|1
|-damage|p2a: Staraptor|45/100 brn
|move|p2a: Staraptor|Dual Wingbeat|p1a: Ninetales
|-damage|p1a: Ninetales|73/100
|-damage|p1a: Ninetales|50/100g
|-hitcount|p1a: Ninetales|2
|
|-damage|p2a: Staraptor|39/100 brn|[from] brn
|upkeep
|turn|15
|inactive|grimgarrr has 30 seconds left.
|
|t:|1785797828
|move|p1a: Ninetales|Helping Hand|p1b: Sinistcha
|-singleturn|p1b: Sinistcha|Helping Hand|[of] p1a: Ninetales
|move|p2a: Staraptor|Roost|p2a: Staraptor
|-heal|p2a: Staraptor|89/100 brn
|-singleturn|p2a: Staraptor|move: Roost
|move|p1b: Sinistcha|Shadow Ball|p2a: Staraptor
|-damage|p2a: Staraptor|72/100 brn
|
|-damage|p2a: Staraptor|66/100 brn|[from] brn
|upkeep
|turn|16
|
|t:|1785797846
|move|p1a: Ninetales|Protect|p1a: Ninetales
|-singleturn|p1a: Ninetales|Protect
|move|p2a: Staraptor|Close Combat|p1a: Ninetales
|-activate|p1a: Ninetales|move: Protect
|move|p1b: Sinistcha|Shadow Ball|p2a: Staraptor
|-damage|p2a: Staraptor|54/100 brn
|
|-damage|p2a: Staraptor|48/100 brn|[from] brn
|upkeep
|turn|17
|
|t:|1785797861
|move|p1a: Ninetales|Helping Hand|p1b: Sinistcha
|-singleturn|p1b: Sinistcha|Helping Hand|[of] p1a: Ninetales
|move|p2a: Staraptor|Dual Wingbeat|p1b: Sinistcha|[miss]
|-miss|p2a: Staraptor|p1b: Sinistcha
|move|p1b: Sinistcha|Shadow Ball|p2a: Staraptor
|-damage|p2a: Staraptor|29/100 brn
|
|-damage|p2a: Staraptor|23/100 brn|[from] brn
|upkeep
|turn|18
|
|t:|1785797873
|move|p1a: Ninetales|Helping Hand|p1b: Sinistcha
|-singleturn|p1b: Sinistcha|Helping Hand|[of] p1a: Ninetales
|move|p2a: Staraptor|Roost|p2a: Staraptor
|-heal|p2a: Staraptor|73/100 brn
|-singleturn|p2a: Staraptor|move: Roost
|move|p1b: Sinistcha|Shadow Ball|p2a: Staraptor
|-damage|p2a: Staraptor|56/100 brn
|
|-damage|p2a: Staraptor|50/100g brn|[from] brn
|upkeep
|turn|19
|
|t:|1785797887
|move|p1a: Ninetales|Helping Hand|p1b: Sinistcha
|-singleturn|p1b: Sinistcha|Helping Hand|[of] p1a: Ninetales
|move|p2a: Staraptor|Dual Wingbeat|p1b: Sinistcha
|-supereffective|p1b: Sinistcha|1
|-damage|p1b: Sinistcha|59/100
|-supereffective|p1b: Sinistcha|1
|-damage|p1b: Sinistcha|20/100y
|-enditem|p1b: Sinistcha|Sitrus Berry|[eat]
|-heal|p1b: Sinistcha|44/100|[from] item: Sitrus Berry
|-hitcount|p1b: Sinistcha|2
|move|p1b: Sinistcha|Shadow Ball|p2a: Staraptor
|-damage|p2a: Staraptor|32/100 brn
|
|-damage|p2a: Staraptor|26/100 brn|[from] brn
|upkeep
|turn|20
|inactive|grimgarrr has 30 seconds left.
|
|t:|1785797918
|move|p1a: Ninetales|Helping Hand|p1b: Sinistcha
|-singleturn|p1b: Sinistcha|Helping Hand|[of] p1a: Ninetales
|move|p2a: Staraptor|Roost|p2a: Staraptor
|-heal|p2a: Staraptor|76/100 brn
|-singleturn|p2a: Staraptor|move: Roost
|move|p1b: Sinistcha|Shadow Ball|p2a: Staraptor
|-damage|p2a: Staraptor|58/100 brn
|
|-damage|p2a: Staraptor|52/100 brn|[from] brn
|upkeep
|turn|21
|
|t:|1785797931
|move|p1a: Ninetales|Protect|p1a: Ninetales
|-singleturn|p1a: Ninetales|Protect
|move|p1b: Sinistcha|Protect|p1b: Sinistcha
|-singleturn|p1b: Sinistcha|Protect
|move|p2a: Staraptor|Close Combat|p1a: Ninetales
|-activate|p1a: Ninetales|move: Protect
|
|-damage|p2a: Staraptor|46/100 brn|[from] brn
|upkeep
|turn|22
|inactive|grimgarrr has 30 seconds left.
|inactive|grimgarrr has 20 seconds left.
|inactive|grimgarrr has 15 seconds left.
|
|t:|1785797957
|move|p1a: Ninetales|Helping Hand|p1b: Sinistcha
|-singleturn|p1b: Sinistcha|Helping Hand|[of] p1a: Ninetales
|move|p2a: Staraptor|Close Combat|p1a: Ninetales
|-damage|p1a: Ninetales|0 fnt
|-boost|p2a: Staraptor|def|1
|faint|p1a: Ninetales
|move|p1b: Sinistcha|Shadow Ball|p2a: Staraptor
|-damage|p2a: Staraptor|28/100 brn
|
|-damage|p2a: Staraptor|22/100 brn|[from] brn
|upkeep
|turn|23
|inactive|grimgarrr has 15 seconds left this turn.
|inactive|grimgarrr has 10 seconds left.
|inactive|grimgarrr has 5 seconds left.
|
|t:|1785797970
|move|p1b: Sinistcha|Protect|p1b: Sinistcha
|-singleturn|p1b: Sinistcha|Protect
|move|p2a: Staraptor|Dual Wingbeat|p1b: Sinistcha
|-activate|p1b: Sinistcha|move: Protect
|
|-damage|p2a: Staraptor|16/100 brn|[from] brn
|upkeep
|turn|24
|inactive|grimgarrr has 5 seconds left this turn.
|-message|grimgarrr lost due to inactivity.
|
|win|ToastedArt
|raw|grimgarrr's rating: 1106 → 1081(-25 for losing)
|raw|ToastedArt's rating: 1108 → 1133(+25 for winning)
