|j|☆snailboss
|j|☆Mahdrescher
|html|snailbossMahdrescher    
|uhtml|bestof|Game 1 of a best-of-3
|t:|1756410725
|gametype|doubles
|player|p1|snailboss|hilda-wonderlauncher|1244
|player|p2|Mahdrescher|265|1410
|gen|9
|tier|[Gen 9] VGC 2025 Reg H (Bo3)
|rated|
|rule|Species Clause: Limit one of each Pokémon
|rule|Item Clause: Limit 1 of each item
|clearpoke
|poke|p1|Kingambit, L50, M|
|poke|p1|Rillaboom, L50, F|
|poke|p1|Volcarona, L50, M|
|poke|p1|Tauros-Paldea-Aqua, L50, M|
|poke|p1|Electabuzz, L50, M|
|poke|p1|Ninetales-Alola, L50, M|
|poke|p2|Rillaboom, L50, F|
|poke|p2|Electabuzz, L50, M|
|poke|p2|Archaludon, L50, M|
|poke|p2|Kingambit, L50, M|
|poke|p2|Pelipper, L50, M|
|poke|p2|Basculegion, L50, M|
|teampreview|4
|showteam|p1|Kingambit||BlackGlasses|Defiant|SuckerPunch,KowtowCleave,SwordsDance,Protect|||M|||50|,,,,,Ghost]Rillaboom||AssaultVest|GrassySurge|FakeOut,GrassyGlide,WoodHammer,HighHorsepower|||F|||50|,,,,,Fire]Volcarona||CovertCloak|FlameBody|QuiverDance,HeatWave,GigaDrain,Protect|||M|||50|,,,,,Grass]Tauros-Paldea-Aqua||GrassySeed|Intimidate|WaveCrash,BodyPress,Protect,AquaJet|||M|||50|,,,,,Fire]Electabuzz||Eviolite|VitalSpirit|HelpingHand,Thunderbolt,Protect,FollowMe|||M|||50|,,,,,Fairy]Ninetales-Alola||FocusSash|SnowWarning|Protect,Encore,FreezeDry,Disable|||M|||50|,,,,,Ghost
|showteam|p2|Rillaboom||LoadedDice|GrassySurge|BulletSeed,GrassyGlide,HighHorsepower,FakeOut|||F|||50|,,,,,Fire]Electabuzz||Eviolite|VitalSpirit|Electroweb,Taunt,FollowMe,Protect|||M|||50|,,,,,Ghost]Archaludon||AssaultVest|Stamina|ElectroShot,BodyPress,FlashCannon,DragonPulse|||M|||50|,,,,,Bug]Kingambit||BlackGlasses|Defiant|KowtowCleave,SuckerPunch,SwordsDance,Protect|||M|||50|,,,,,Dark]Pelipper||FocusSash|Drizzle|WeatherBall,Hurricane,Tailwind,Protect|||M|||50|,,,,,Ghost]Basculegion||ChoiceBand|SwiftSwim|WaveCrash,AquaJet,FlipTurn,LastRespects|||M|||50|,,,,,Grass
|
|t:|1756410784
|teamsize|p1|4
|teamsize|p2|4
|start
|switch|p1a: Kingambit|Kingambit, L50, M|100/100
|switch|p1b: Electabuzz|Electabuzz, L50, M|100/100
|switch|p2a: Ikarus|Pelipper, L50, M|100/100
|switch|p2b: Poseidon|Basculegion, L50, M|100/100
|-weather|RainDance|[from] ability: Drizzle|[of] p2a: Ikarus
|turn|1
|
|t:|1756410851
|-terastallize|p2b: Poseidon|Grass
|move|p1b: Electabuzz|Follow Me|p1b: Electabuzz
|-singleturn|p1b: Electabuzz|move: Follow Me
|move|p2b: Poseidon|Wave Crash|p1b: Electabuzz
|-damage|p1b: Electabuzz|0 fnt
|faint|p1b: Electabuzz
|-damage|p2b: Poseidon|72/100|[from] Recoil
|move|p2a: Ikarus|Weather Ball|p1a: Kingambit
|-damage|p1a: Kingambit|34/100
|move|p1a: Kingambit|Swords Dance|p1a: Kingambit
|-boost|p1a: Kingambit|atk|2
|
|-weather|RainDance|[upkeep]
|upkeep
|
|t:|1756410878
|switch|p1b: Ninetales|Ninetales-Alola, L50, M|100/100
|-weather|Snowscape|[from] ability: Snow Warning|[of] p1b: Ninetales
|turn|2
|
|t:|1756410892
|switch|p2b: Zeus|Electabuzz, L50, M|100/100
|switch|p2a: Hephaistos|Archaludon, L50, M|100/100
|move|p1a: Kingambit|Sucker Punch||[still]
|-fail|p1a: Kingambit
|move|p1b: Ninetales|Freeze-Dry|p2a: Hephaistos
|-damage|p2a: Hephaistos|82/100
|-ability|p2a: Hephaistos|Stamina|boost
|-boost|p2a: Hephaistos|def|1
|
|-weather|Snowscape|[upkeep]
|upkeep
|turn|3
|
|t:|1756410943
|move|p1b: Ninetales|Protect|p1b: Ninetales
|-singleturn|p1b: Ninetales|Protect
|move|p2b: Zeus|Protect|p2b: Zeus
|-singleturn|p2b: Zeus|Protect
|move|p1a: Kingambit|Protect|p1a: Kingambit
|-singleturn|p1a: Kingambit|Protect
|move|p2a: Hephaistos|Flash Cannon|p1b: Ninetales
|-activate|p1b: Ninetales|move: Protect
|
|-weather|Snowscape|[upkeep]
|upkeep
|turn|4
|
|t:|1756410994
|-terastallize|p1a: Kingambit|Ghost
|move|p1b: Ninetales|Disable|p2a: Hephaistos
|-start|p2a: Hephaistos|Disable|Flash Cannon
|move|p2b: Zeus|Electroweb|p1a: Kingambit|[spread] p1a,p1b
|-damage|p1a: Kingambit|20/100
|-damage|p1b: Ninetales|84/100
|-unboost|p1a: Kingambit|spe|1
|-ability|p1a: Kingambit|Defiant|boost
|-boost|p1a: Kingambit|atk|2
|-unboost|p1b: Ninetales|spe|1
|cant|p2a: Hephaistos|Disable|Flash Cannon
|move|p1a: Kingambit|Kowtow Cleave|p2b: Zeus
|-damage|p2b: Zeus|0 fnt
|faint|p2b: Zeus
|
|-weather|Snowscape|[upkeep]
|upkeep
|
|t:|1756411025
|switch|p2b: Poseidon|Basculegion, L50, M, tera:Grass|72/100
|turn|5
|
|t:|1756411102
|switch|p2a: Ikarus|Pelipper, L50, M|100/100
|-weather|RainDance|[from] ability: Drizzle|[of] p2a: Ikarus
|switch|p1b: Rillaboom|Rillaboom, L50, F|100/100
|-fieldstart|move: Grassy Terrain|[from] ability: Grassy Surge|[of] p1b: Rillaboom
|move|p1a: Kingambit|Protect|p1a: Kingambit
|-singleturn|p1a: Kingambit|Protect
|move|p2b: Poseidon|Aqua Jet|p1a: Kingambit
|-activate|p1a: Kingambit|move: Protect
|
|-weather|RainDance|[upkeep]
|-heal|p2b: Poseidon|79/100|[from] Grassy Terrain
|-heal|p1a: Kingambit|26/100|[from] Grassy Terrain
|upkeep
|turn|6
|
|t:|1756411163
|switch|p1b: Ninetales|Ninetales-Alola, L50, M|84/100
|-weather|Snowscape|[from] ability: Snow Warning|[of] p1b: Ninetales
|move|p2b: Poseidon|Aqua Jet|p1a: Kingambit
|-damage|p1a: Kingambit|4/100
|move|p1a: Kingambit|Sucker Punch||[still]
|-fail|p1a: Kingambit
|move|p2a: Ikarus|Weather Ball|p1a: Kingambit
|-damage|p1a: Kingambit|0 fnt
|faint|p1a: Kingambit
|
|-weather|Snowscape|[upkeep]
|-heal|p1b: Ninetales|90/100|[from] Grassy Terrain
|-heal|p2b: Poseidon|85/100|[from] Grassy Terrain
|upkeep
|
|t:|1756411194
|switch|p1a: Rillaboom|Rillaboom, L50, F|100/100
|turn|7
|
|t:|1756411204
|switch|p2a: Hephaistos|Archaludon, L50, M|82/100
|move|p2b: Poseidon|Aqua Jet|p1b: Ninetales
|-damage|p1b: Ninetales|56/100
|move|p1b: Ninetales|Freeze-Dry|p2b: Poseidon
|-supereffective|p2b: Poseidon
|-damage|p2b: Poseidon|20/100
|move|p1a: Rillaboom|Wood Hammer|p2a: Hephaistos
|-resisted|p2a: Hephaistos
|-damage|p2a: Hephaistos|68/100
|-ability|p2a: Hephaistos|Stamina|boost
|-boost|p2a: Hephaistos|def|1
|-damage|p1a: Rillaboom|96/100|[from] Recoil
|
|-weather|Snowscape|[upkeep]
|-heal|p1b: Ninetales|62/100|[from] Grassy Terrain
|-heal|p2b: Poseidon|27/100|[from] Grassy Terrain
|-heal|p2a: Hephaistos|74/100|[from] Grassy Terrain
|-heal|p1a: Rillaboom|100/100|[from] Grassy Terrain
|upkeep
|turn|8
|
|t:|1756411233
|switch|p2b: Ikarus|Pelipper, L50, M|100/100
|-weather|RainDance|[from] ability: Drizzle|[of] p2b: Ikarus
|move|p1b: Ninetales|Protect|p1b: Ninetales
|-singleturn|p1b: Ninetales|Protect
|move|p2a: Hephaistos|Flash Cannon|p1b: Ninetales
|-activate|p1b: Ninetales|move: Protect
|move|p1a: Rillaboom|Wood Hammer|p2b: Ikarus
|-enditem|p2b: Ikarus|Focus Sash
|-damage|p2b: Ikarus|1/100
|-damage|p1a: Rillaboom|78/100|[from] Recoil
|
|-weather|RainDance|[upkeep]
|-heal|p1b: Ninetales|68/100|[from] Grassy Terrain
|-heal|p2a: Hephaistos|80/100|[from] Grassy Terrain
|-heal|p1a: Rillaboom|84/100|[from] Grassy Terrain
|upkeep
|turn|9
|
|t:|1756411272
|move|p2b: Ikarus|Protect|p2b: Ikarus
|-singleturn|p2b: Ikarus|Protect
|move|p1a: Rillaboom|Grassy Glide|p2b: Ikarus
|-activate|p2b: Ikarus|move: Protect
|move|p1b: Ninetales|Disable|p2a: Hephaistos
|-start|p2a: Hephaistos|Disable|Flash Cannon
|cant|p2a: Hephaistos|Disable|Flash Cannon
|
|-weather|RainDance|[upkeep]
|-heal|p1b: Ninetales|74/100|[from] Grassy Terrain
|-heal|p2a: Hephaistos|86/100|[from] Grassy Terrain
|-heal|p1a: Rillaboom|90/100|[from] Grassy Terrain
|-fieldend|move: Grassy Terrain
|upkeep
|turn|10
|
|t:|1756411296
|move|p1b: Ninetales|Encore|p2a: Hephaistos
|-start|p2a: Hephaistos|Encore
|cant|p2a: Hephaistos|Disable|Flash Cannon
|move|p1a: Rillaboom|Grassy Glide|p2b: Ikarus
|-damage|p2b: Ikarus|0 fnt
|faint|p2b: Ikarus
|
|-weather|RainDance|[upkeep]
|upkeep
|
|t:|1756411304
|switch|p2b: Poseidon|Basculegion, L50, M, tera:Grass|27/100
|turn|11
|
|t:|1756411311
|move|p1b: Ninetales|Protect|p1b: Ninetales
|-singleturn|p1b: Ninetales|Protect
|move|p2b: Poseidon|Last Respects|p1a: Rillaboom
|-damage|p1a: Rillaboom|0 fnt
|faint|p1a: Rillaboom
|-activate|p2a: Hephaistos|move: Struggle
|move|p2a: Hephaistos|Struggle|p1b: Ninetales
|-activate|p1b: Ninetales|move: Protect
|
|-weather|RainDance|[upkeep]
|upkeep
|turn|12
|
|t:|1756411325
|move|p2b: Poseidon|Last Respects|p1b: Ninetales
|-damage|p1b: Ninetales|0 fnt
|faint|p1b: Ninetales
|
|win|Mahdrescher
