|j|☆SOADVGC
|j|☆ExessVGC
|html|SOADVGCExessVGC    
|uhtml|bestof|Game 1 of a best-of-3
|t:|1756533880
|gametype|doubles
|player|p1|SOADVGC|roxie|1299
|player|p2|ExessVGC|102|1230
|gen|9
|tier|[Gen 9] VGC 2025 Reg H (Bo3)
|rated|
|rule|Species Clause: Limit one of each Pokémon
|rule|Item Clause: Limit 1 of each item
|clearpoke
|poke|p1|Ursaluna, L50, M|
|poke|p1|Gholdengo, L50|
|poke|p1|Porygon2, L50|
|poke|p1|Amoonguss, L50, M|
|poke|p1|Sneasler, L50, M|
|poke|p1|Incineroar, L50, M|
|poke|p2|Glimmora, L50, F|
|poke|p2|Incineroar, L50, F|
|poke|p2|Mamoswine, L50, F|
|poke|p2|Flamigo, L50, F|
|poke|p2|Farigiraf, L50, F|
|poke|p2|Gardevoir, L50, F|
|teampreview|4
|showteam|p1|Ursaluna||FlameOrb|Guts|Protect,Earthquake,Facade,HeadlongRush|||M|||50|,,,,,Ghost]Gholdengo||LifeOrb|GoodasGold|MakeItRain,ShadowBall,NastyPlot,Protect||||||50|,,,,,Water]Porygon2||Eviolite|Download|Recover,IceBeam,TeraBlast,TrickRoom||||||50|,,,,,Flying]Amoonguss||SitrusBerry|Regenerator|RagePowder,Spore,PollenPuff,ClearSmog|||M|||50|,,,,,Water]Sneasler||WhiteHerb|Unburden|Protect,CloseCombat,ThroatChop,DireClaw|||M|||50|,,,,,Stellar]Incineroar||SafetyGoggles|Intimidate|FakeOut,PartingShot,FlareBlitz,KnockOff|||M|||50|,,,,,Ghost
|showteam|p2|Glimmora||PowerHerb|ToxicDebris|SpikyShield,MeteorBeam,EarthPower,SludgeBomb|||F|||50|,,,,,Grass]Incineroar||AssaultVest|Intimidate|FakeOut,Uturn,KnockOff,FlareBlitz|||F|||50|,,,,,Grass]Mamoswine||LoadedDice|Oblivious|Protect,Haze,IcicleSpear,HighHorsepower|||F|||50|,,,,,Water]Flamigo||FocusSash|Scrappy|Detect,Tailwind,BraveBird,CloseCombat|||F|||50|,,,,,Ghost]Farigiraf||ThroatSpray|ArmorTail|HelpingHand,TrickRoom,HyperVoice,Psychic|||F|||50|,,,,,Water]Gardevoir||ChoiceScarf|Trace|DazzlingGleam,Moonblast,IcyWind,Trick|||F|||50|,,,,,Fairy
|inactive|Battle timer is ON: inactive players will automatically lose when time's up. (requested by SOADVGC)
|inactive|ExessVGC has 60 seconds left.
|inactive|ExessVGC has 30 seconds left.
|
|t:|1756533947
|teamsize|p1|4
|teamsize|p2|4
|start
|switch|p1a: Porygon2|Porygon2, L50|100/100
|switch|p1b: Sneasler|Sneasler, L50, M|100/100
|switch|p2a: Glimmora|Glimmora, L50, F|100/100
|switch|p2b: Farigiraf|Farigiraf, L50, F|100/100
|-ability|p1a: Porygon2|Download|boost
|-boost|p1a: Porygon2|spa|1
|turn|1
|inactive|SOADVGC has 30 seconds left.
|inactive|ExessVGC has 30 seconds left.
|inactive|SOADVGC has 20 seconds left.
|inactive|ExessVGC has 20 seconds left.
|inactive|SOADVGC has 15 seconds left.
|inactive|ExessVGC has 15 seconds left.
|
|t:|1756533992
|-terastallize|p1b: Sneasler|Stellar
|move|p1b: Sneasler|Close Combat|p2a: Glimmora
|-damage|p2a: Glimmora|4/100
|-unboost|p1b: Sneasler|def|1
|-unboost|p1b: Sneasler|spd|1
|-activate|p2a: Glimmora|ability: Toxic Debris
|-sidestart|p1: SOADVGC|move: Toxic Spikes
|-enditem|p1b: Sneasler|White Herb
|-clearnegativeboost|p1b: Sneasler|[silent]
|move|p2a: Glimmora|Earth Power|p1b: Sneasler
|-supereffective|p1b: Sneasler
|-damage|p1b: Sneasler|17/100
|-unboost|p1b: Sneasler|spd|1
|move|p2b: Farigiraf|Hyper Voice|p1b: Sneasler|[spread] p1a,p1b
|-damage|p1a: Porygon2|84/100
|-damage|p1b: Sneasler|0 fnt
|faint|p1b: Sneasler
|-enditem|p2b: Farigiraf|Throat Spray
|-boost|p2b: Farigiraf|spa|1|[from] item: Throat Spray
|move|p1a: Porygon2|Tera Blast|p2b: Farigiraf
|-damage|p2b: Farigiraf|53/100
|
|upkeep
|
|t:|1756534011
|switch|p1b: Incineroar|Incineroar, L50, M|100/100
|-status|p1b: Incineroar|psn
|-ability|p1b: Incineroar|Intimidate|boost
|-unboost|p2a: Glimmora|atk|1
|-unboost|p2b: Farigiraf|atk|1
|turn|2
|inactive|ExessVGC has 30 seconds left.
|inactive|ExessVGC has 20 seconds left.
|
|t:|1756534047
|move|p2a: Glimmora|Meteor Beam||[still]
|-prepare|p2a: Glimmora|Meteor Beam
|-boost|p2a: Glimmora|spa|1
|-enditem|p2a: Glimmora|Power Herb
|-anim|p2a: Glimmora|Meteor Beam|p1b: Incineroar
|-supereffective|p1b: Incineroar
|-damage|p1b: Incineroar|0 fnt
|faint|p1b: Incineroar
|move|p2b: Farigiraf|Psychic|p1a: Porygon2
|-damage|p1a: Porygon2|53/100
|move|p1a: Porygon2|Trick Room|p1a: Porygon2
|-fieldstart|move: Trick Room|[of] p1a: Porygon2
|
|upkeep
|
|t:|1756534053
|switch|p1b: Ursaluna|Ursaluna, L50, M|100/100
|-status|p1b: Ursaluna|psn
|turn|3
|inactive|ExessVGC has 30 seconds left.
|
|t:|1756534079
|switch|p2a: Incineroar|Incineroar, L50, F, shiny|100/100
|-ability|p2a: Incineroar|Intimidate|boost
|-unboost|p1a: Porygon2|atk|1
|-unboost|p1b: Ursaluna|atk|1
|move|p1b: Ursaluna|Facade|p2b: Farigiraf
|-damage|p2b: Farigiraf|0 fnt
|faint|p2b: Farigiraf
|move|p1a: Porygon2|Tera Blast|p2a: Incineroar
|-damage|p2a: Incineroar|72/100
|
|-damage|p1b: Ursaluna|88/100 psn|[from] psn
|upkeep
|
|t:|1756534098
|switch|p2b: Flamigo|Flamigo, L50, F|100/100
|turn|4
|
|t:|1756534111
|move|p1b: Ursaluna|Protect|p1b: Ursaluna
|-singleturn|p1b: Ursaluna|Protect
|move|p2a: Incineroar|Fake Out|p1a: Porygon2
|-damage|p1a: Porygon2|43/100
|cant|p1a: Porygon2|flinch
|move|p2b: Flamigo|Close Combat|p1a: Porygon2
|-supereffective|p1a: Porygon2
|-damage|p1a: Porygon2|0 fnt
|-unboost|p2b: Flamigo|def|1
|-unboost|p2b: Flamigo|spd|1
|faint|p1a: Porygon2
|
|-damage|p1b: Ursaluna|76/100 psn|[from] psn
|upkeep
|turn|5
|-message|SOADVGC forfeited.
|
|win|ExessVGC
|l|☆SOADVGC
|player|p1|
||SOADVGC is ready for game 2.
||ExessVGC is ready for game 2.
|uhtml|next|Next: Game 2 of 3
