|j|Ōśånatsukivgc
|j|ŌśåMashuno
|html|natsukivgcMashuno    
|uhtml|bestof|Game 2 of a best-of-3
|t:|1785417735
|gametype|doubles
|player|p1|natsukivgc|265|
|player|p2|Mashuno|harlequin|
|gen|9
|tier|[Gen 9 Champions] VGC 2026 Reg M-B (Bo3)
|rule|Species Clause: Limit one of each Pok├®mon
|rule|Item Clause: Limit 1 of each item
|clearpoke
|poke|p1|Charizard, L50, F|
|poke|p1|Sneasler, L50, M|
|poke|p1|Kingambit, L50, F|
|poke|p1|Dragonite, L50, F|
|poke|p1|Floette-Eternal, L50, F|
|poke|p1|Whimsicott, L50, M|
|poke|p2|Whimsicott, L50, F|
|poke|p2|Dragonite, L50, M|
|poke|p2|Gholdengo, L50|
|poke|p2|Incineroar, L50, M|
|poke|p2|Maushold, L50|
|poke|p2|Swampert, L50, F|
|teampreview|4
|showteam|p1|Charizard||CharizarditeY|Blaze|HeatWave,SolarBeam,WeatherBall,Protect|Modest||F|||50|]Sneasler||WhiteHerb|Unburden|CloseCombat,DireClaw,FakeOut,Coaching|Jolly||M|||50|]Kingambit||BlackGlasses|Defiant|KowtowCleave,SuckerPunch,SwordsDance,Protect|Adamant||F|||50|]Dragonite||LifeOrb|InnerFocus|DragonClaw,LowKick,ExtremeSpeed,Protect|Adamant||F|||50|]Floette-Eternal||Floettite|FlowerVeil|Moonblast,DazzlingGleam,LightofRuin,Protect|Modest||F|||50|]Whimsicott||FocusSash|Prankster|Moonblast,Tailwind,Encore,Protect|Timid||M|||50|
|showteam|p2|Whimsicott||FocusSash|Prankster|Protect,Moonblast,Tailwind,FakeTears|Timid||F|||50|]Dragonite||Dragoninite|Multiscale|Protect,DragonDance,DragonClaw,ExtremeSpeed|Adamant||M|||50|]Gholdengo||LifeOrb|GoodasGold|Protect,MakeItRain,ShadowBall,NastyPlot|Timid|||||50|]Incineroar||PasshoBerry|Intimidate|FakeOut,FlareBlitz,ThroatChop,PartingShot|Impish||M|||50|]Maushold||SitrusBerry|FriendGuard|FollowMe,HelpingHand,SuperFang,Crunch|Jolly|||||50|]Swampert||Leftovers|Torrent|Protect,WaveCrash,StompingTantrum,BulkUp|Adamant||F|||50|
|c|ŌśåMashuno|i genuinely have no words lol
|c|Ōśånatsukivgc|the brain worked overtime for that one
|
|t:|1785417797
|teamsize|p1|4
|teamsize|p2|4
|start
|switch|p1a: Dragonite|Dragonite, L50, F|100/100
|switch|p1b: Whimsicott|Whimsicott, L50, M|100/100
|switch|p2a: Swampert|Swampert, L50, F|100/100
|switch|p2b: Maushold|Maushold, L50|100/100
|turn|1
|c|ŌśåMashuno|you cooked me on lead again lol
|
|t:|1785417837
|move|p2b: Maushold|Follow Me|p2b: Maushold
|-singleturn|p2b: Maushold|move: Follow Me
|move|p1b: Whimsicott|Tailwind|p1b: Whimsicott
|-sidestart|p1: natsukivgc|move: Tailwind
|move|p1a: Dragonite|Dragon Claw|p2b: Maushold
|-damage|p2b: Maushold|19/100
|-enditem|p2b: Maushold|Sitrus Berry|[eat]
|-heal|p2b: Maushold|44/100|[from] item: Sitrus Berry
|-damage|p1a: Dragonite|90/100|[from] item: Life Orb
|move|p2a: Swampert|Bulk Up|p2a: Swampert
|-boost|p2a: Swampert|atk|1
|-boost|p2a: Swampert|def|1
|
|upkeep
|turn|2
|
|t:|1785417896
|move|p2b: Maushold|Follow Me|p2b: Maushold
|-singleturn|p2b: Maushold|move: Follow Me
|move|p1b: Whimsicott|Encore|p2b: Maushold
|-start|p2b: Maushold|Encore
|move|p1a: Dragonite|Dragon Claw|p2b: Maushold
|-damage|p2b: Maushold|0 fnt
|faint|p2b: Maushold
|-damage|p1a: Dragonite|81/100|[from] item: Life Orb
|move|p2a: Swampert|Wave Crash|p1a: Dragonite
|-resisted|p1a: Dragonite|1
|-damage|p1a: Dragonite|34/100
|-damage|p2a: Swampert|85/100|[from] Recoil
|
|-heal|p2a: Swampert|91/100|[from] item: Leftovers
|upkeep
|c|Ōśånatsukivgc|I KEEP FALLING
|c|Ōśånatsukivgc|FOR FOLLOW ME MY ENCORE
|c|Ōśånatsukivgc|I CRY
|c|ŌśåMashuno|lol
|
|t:|1785417928
|switch|p2b: Dragonite|Dragonite, L50, M|100/100
|turn|3
|
|t:|1785417943
|detailschange|p2b: Dragonite|Dragonite-Mega, L50, M
|-mega|p2b: Dragonite|Dragonite|Dragoninite
|move|p2b: Dragonite|Extreme Speed|p1b: Whimsicott
|-damage|p1b: Whimsicott|56/100
|move|p1b: Whimsicott|Moonblast|p2b: Dragonite
|-supereffective|p2b: Dragonite|1
|-damage|p2b: Dragonite|69/100
|move|p1a: Dragonite|Dragon Claw|p2b: Dragonite
|-supereffective|p2b: Dragonite|1
|-damage|p2b: Dragonite|0 fnt
|faint|p2b: Dragonite
|-damage|p1a: Dragonite|24/100|[from] item: Life Orb
|move|p2a: Swampert|Wave Crash|p1b: Whimsicott
|-resisted|p1b: Whimsicott|1
|-damage|p1b: Whimsicott|0 fnt
|faint|p1b: Whimsicott
|-damage|p2a: Swampert|78/100|[from] Recoil
|
|-heal|p2a: Swampert|84/100|[from] item: Leftovers
|upkeep
|c|ŌśåMashuno|I CLICKED THE WRONG TARGET
|c|Ōśånatsukivgc|nooooo
|c|ŌśåMashuno|I MEANT TO ESPEED DNITE
|c|ŌśåMashuno|IM SO COOMKED AAAAAAAA
|c|Ōśånatsukivgc|maybe its better
|c|Ōśånatsukivgc|cuz now i dont get 2nd tailwin
|c|ŌśåMashuno|definately not lol, but thanks for being ppositive :')
|
|t:|1785418018
|switch|p1b: Charizard|Charizard, L50, F|100/100
|switch|p2b: Whimsicott|Whimsicott, L50, F|100/100
|turn|4
|
|t:|1785418043
|detailschange|p1b: Charizard|Charizard-Mega-Y, L50, F
|-mega|p1b: Charizard|Charizard|Charizardite Y
|-weather|SunnyDay|[from] ability: Drought|[of] p1b: Charizard
|move|p2a: Swampert|Protect|p2a: Swampert
|-singleturn|p2a: Swampert|Protect
|move|p1a: Dragonite|Extreme Speed|p2b: Whimsicott
|-damage|p2b: Whimsicott|42/100
|-damage|p1a: Dragonite|15/100|[from] item: Life Orb
|move|p2b: Whimsicott|Tailwind|p2b: Whimsicott
|-sidestart|p2: Mashuno|move: Tailwind
|move|p1b: Charizard|Solar Beam||[still]
|-prepare|p1b: Charizard|Solar Beam
|-anim|p1b: Charizard|Solar Beam|p2a: Swampert
|-activate|p2a: Swampert|move: Protect
|
|-weather|SunnyDay|[upkeep]
|-heal|p2a: Swampert|91/100|[from] item: Leftovers
|-sideend|p1: natsukivgc|move: Tailwind
|upkeep
|turn|5
|
|t:|1785418073
|move|p1a: Dragonite|Extreme Speed|p2b: Whimsicott
|-damage|p2b: Whimsicott|0 fnt
|faint|p2b: Whimsicott
|-damage|p1a: Dragonite|5/100|[from] item: Life Orb
|move|p2a: Swampert|Wave Crash|p1b: Charizard
|-supereffective|p1b: Charizard|1
|-damage|p1b: Charizard|7/100
|-damage|p2a: Swampert|63/100|[from] Recoil
|move|p1b: Charizard|Solar Beam||[still]
|-prepare|p1b: Charizard|Solar Beam
|-anim|p1b: Charizard|Solar Beam|p2a: Swampert
|-supereffective|p2a: Swampert|2
|-damage|p2a: Swampert|0 fnt
|faint|p2a: Swampert
|
|win|natsukivgc
|c|ŌśåMashuno|ggs
|c|Ōśånatsukivgc|ggs
|c|Ōśånatsukivgc|can i add you
|c|Ōśånatsukivgc|as friend
|c|Ōśånatsukivgc|wait
|c|Ōśånatsukivgc|my account
|c|ŌśåMashuno|yes :)
|c|Ōśånatsukivgc|might be too new
|c|ŌśåMashuno|noooooo
|c|Ōśånatsukivgc|can you send me one and I will accept
|c|Ōśånatsukivgc|in like 2 days
|c|Ōśånatsukivgc|(i used to only play on my switch)
|c|ŌśåMashuno|sent :)
|c|Ōśånatsukivgc|thank you
|c|Ōśånatsukivgc|ONCE THE TIME COMES
|c|Ōśånatsukivgc|I WILL ACCEPT
|c|ŌśåMashuno|:D
|c|Ōśånatsukivgc|AND MESSAGE U
|c|ŌśåMashuno|cya later :)
|c|Ōśånatsukivgc|HAVE A WONDERFUL DAY
|c|ŌśåMashuno|u2
|c|Ōśånatsukivgc|THANK YOU
|c|Ōśånatsukivgc|FOR THE FUN SET
|c|ŌśåMashuno|no u >:)
