|j|☆ricoboi
|j|☆Mountainman46
|html|ricoboiMountainman46    
|uhtml|bestof|Game 1 of a best-of-3
|t:|1756689785
|gametype|doubles
|player|p1|ricoboi|cameraman|1114
|player|p2|Mountainman46|170|1211
|gen|9
|tier|[Gen 9] VGC 2025 Reg H (Bo3)
|rated|
|rule|Species Clause: Limit one of each Pokémon
|rule|Item Clause: Limit 1 of each item
|clearpoke
|poke|p1|Ursaluna, L50, M|
|poke|p1|Electabuzz, L50, F|
|poke|p1|Amoonguss, L50, M|
|poke|p1|Basculegion, L50, M|
|poke|p1|Archaludon, L50, F|
|poke|p1|Pelipper, L50, M|
|poke|p2|Incineroar, L50, F|
|poke|p2|Ursaluna, L50, F|
|poke|p2|Pelipper, L50, M|
|poke|p2|Sinistcha, L50|
|poke|p2|Archaludon, L50, M|
|poke|p2|Dragonite, L50, M|
|teampreview|4
|showteam|p1|Ursaluna||FlameOrb|Guts|Facade,Protect,Earthquake,HeadlongRush|||M|||50|,,,,,Ghost]Electabuzz||Eviolite|VitalSpirit|FollowMe,Protect,Electroweb,Taunt|||F|||50|,,,,,Ghost]Amoonguss||SitrusBerry|Regenerator|Spore,RagePowder,Protect,PollenPuff|||M|||50|,,,,,Water]Basculegion||ChoiceBand|SwiftSwim|FlipTurn,WaveCrash,LastRespects,Outrage|||M|||50|,,,,,Water]Archaludon||PowerHerb|Stamina|Protect,ElectroShot,DracoMeteor,BodyPress|||F|||50|,,,,,Electric]Pelipper||FocusSash|Drizzle|Tailwind,WideGuard,WeatherBall,Hurricane|||M|||50|,,,,,Ghost
|showteam|p2|Incineroar||SafetyGoggles|Intimidate|FlareBlitz,KnockOff,FakeOut,PartingShot|||F|||50|,,,,,Ghost]Ursaluna||FlameOrb|Guts|Protect,Facade,HeadlongRush,Earthquake|||F|||50|,,,,,Psychic]Pelipper||FocusSash|Drizzle|Protect,MuddyWater,Hurricane,WideGuard|||M|||50|,,,,,Ground]Sinistcha||SitrusBerry|Hospitality|MatchaGotcha,Protect,RagePowder,TrickRoom||||||50|,,,,,Dark]Archaludon||AssaultVest|Stamina|FlashCannon,BodyPress,ElectroShot,Snarl|||M|||50|,,,,,Bug]Dragonite||LoadedDice|Multiscale|Protect,ScaleShot,Tailwind,Haze|||M|||50|,,,,,Steel
|inactive|Battle timer is ON: inactive players will automatically lose when time's up. (requested by Mountainman46)
|inactive|ricoboi also wants the timer to be on.
|inactive|ricoboi has 60 seconds left.
|inactive|Mountainman46 has 60 seconds left.
|
|t:|1756689844
|teamsize|p1|4
|teamsize|p2|4
|start
|switch|p1a: Electabuzz|Electabuzz, L50, F, shiny|100/100
|switch|p1b: Archaludon|Archaludon, L50, F|100/100
|switch|p2a: Sinistcha|Sinistcha, L50|100/100
|switch|p2b: Archaludon|Archaludon, L50, M|100/100
|turn|1
|inactive|ricoboi has 30 seconds left.
|inactive|Mountainman46 has 30 seconds left.
|
|t:|1756689873
|-terastallize|p1b: Archaludon|Electric
|move|p1a: Electabuzz|Taunt|p2a: Sinistcha
|-start|p2a: Sinistcha|move: Taunt
|move|p1b: Archaludon|Electro Shot||[still]
|-prepare|p1b: Archaludon|Electro Shot
|-boost|p1b: Archaludon|spa|1
|-enditem|p1b: Archaludon|Power Herb
|-anim|p1b: Archaludon|Electro Shot|p2a: Sinistcha
|-resisted|p2a: Sinistcha
|-damage|p2a: Sinistcha|49/100
|-enditem|p2a: Sinistcha|Sitrus Berry|[eat]
|-heal|p2a: Sinistcha|74/100|[from] item: Sitrus Berry
|move|p2b: Archaludon|Snarl|p1a: Electabuzz|[spread] p1a,p1b
|-damage|p1a: Electabuzz|89/100
|-damage|p1b: Archaludon|84/100
|-unboost|p1a: Electabuzz|spa|1
|-unboost|p1b: Archaludon|spa|1
|-ability|p1b: Archaludon|Stamina|boost
|-boost|p1b: Archaludon|def|1
|move|p2a: Sinistcha|Matcha Gotcha|p1a: Electabuzz|[spread] p1a
|-miss|p2a: Sinistcha|p1b: Archaludon
|-damage|p1a: Electabuzz|69/100
|-heal|p2a: Sinistcha|83/100|[from] drain|[of] p1a: Electabuzz
|-status|p1a: Electabuzz|brn
|
|-damage|p1a: Electabuzz|63/100 brn|[from] brn
|upkeep
|turn|2
|inactive|ricoboi has 30 seconds left.
|inactive|Mountainman46 has 30 seconds left.
|inactive|Mountainman46 has 20 seconds left.
|inactive|ricoboi has 20 seconds left.
|inactive|Mountainman46 has 15 seconds left.
|inactive|ricoboi has 15 seconds left.
|inactive|Mountainman46 has 10 seconds left.
|inactive|ricoboi has 10 seconds left.
|inactive|Mountainman46 has 5 seconds left.
|inactive|ricoboi has 5 seconds left.
|
|t:|1756689929
|move|p1a: Electabuzz|Electroweb|p2a: Sinistcha|[spread] p2a,p2b
|-resisted|p2a: Sinistcha
|-resisted|p2b: Archaludon
|-damage|p2a: Sinistcha|79/100
|-damage|p2b: Archaludon|97/100
|-unboost|p2a: Sinistcha|spe|1
|-unboost|p2b: Archaludon|spe|1
|-ability|p2b: Archaludon|Stamina|boost
|-boost|p2b: Archaludon|def|1
|move|p1b: Archaludon|Electro Shot||[still]
|-prepare|p1b: Archaludon|Electro Shot
|-boost|p1b: Archaludon|spa|1
|move|p2b: Archaludon|Flash Cannon|p1a: Electabuzz
|-resisted|p1a: Electabuzz
|-damage|p1a: Electabuzz|48/100 brn
|move|p2a: Sinistcha|Matcha Gotcha|p1a: Electabuzz|[spread] p1b
|-miss|p2a: Sinistcha|p1a: Electabuzz
|-damage|p1b: Archaludon|55/100
|-heal|p2a: Sinistcha|93/100|[from] drain|[of] p1b: Archaludon
|-ability|p1b: Archaludon|Stamina|boost
|-boost|p1b: Archaludon|def|1
|
|-damage|p1a: Electabuzz|43/100 brn|[from] brn
|upkeep
|turn|3
|inactive|Mountainman46 has 30 seconds left.
|
|t:|1756689961
|move|p1a: Electabuzz|Electroweb|p2b: Archaludon|[spread] p2b
|-miss|p1a: Electabuzz|p2a: Sinistcha
|-resisted|p2b: Archaludon
|-damage|p2b: Archaludon|94/100
|-unboost|p2b: Archaludon|spe|1
|-ability|p2b: Archaludon|Stamina|boost
|-boost|p2b: Archaludon|def|1
|move|p1b: Archaludon|Electro Shot|p2b: Archaludon|[from] lockedmove
|-resisted|p2b: Archaludon
|-damage|p2b: Archaludon|51/100
|-ability|p2b: Archaludon|Stamina|boost
|-boost|p2b: Archaludon|def|1
|move|p2a: Sinistcha|Matcha Gotcha|p1a: Electabuzz|[spread] p1a,p1b
|-damage|p1a: Electabuzz|23/100 brn
|-heal|p2a: Sinistcha|100/100|[from] drain|[of] p1a: Electabuzz
|-damage|p1b: Archaludon|21/100
|-ability|p1b: Archaludon|Stamina|boost
|-boost|p1b: Archaludon|def|1
|move|p2b: Archaludon|Body Press|p1b: Archaludon
|-damage|p1b: Archaludon|0 fnt
|faint|p1b: Archaludon
|
|-damage|p1a: Electabuzz|17/100 brn|[from] brn
|-end|p2a: Sinistcha|move: Taunt
|upkeep
|inactive|ricoboi has 30 seconds left.
|
|t:|1756689986
|switch|p1b: Pelipper|Pelipper, L50, M|100/100
|-weather|RainDance|[from] ability: Drizzle|[of] p1b: Pelipper
|turn|4
|
|t:|1756690011
|switch|p1a: Basculegion|Basculegion, L50, M|100/100
|move|p2a: Sinistcha|Protect|p2a: Sinistcha
|-singleturn|p2a: Sinistcha|Protect
|move|p1b: Pelipper|Hurricane|p2a: Sinistcha
|-activate|p2a: Sinistcha|move: Protect
|move|p2b: Archaludon|Body Press|p1a: Basculegion
|-immune|p1a: Basculegion
|
|-weather|RainDance|[upkeep]
|upkeep
|turn|5
|inactive|ricoboi has 30 seconds left.
|inactive|Mountainman46 has 30 seconds left.
|inactive|ricoboi has 20 seconds left.
|inactive|Mountainman46 has 20 seconds left.
|
|t:|1756690048
|switch|p2a: Pelipper|Pelipper, L50, M|100/100
|move|p1a: Basculegion|Wave Crash|p2b: Archaludon
|-resisted|p2b: Archaludon
|-damage|p2b: Archaludon|31/100
|-ability|p2b: Archaludon|Stamina|boost
|-boost|p2b: Archaludon|def|1
|-damage|p1a: Basculegion|94/100|[from] Recoil
|move|p1b: Pelipper|Weather Ball|p2b: Archaludon
|-resisted|p2b: Archaludon
|-damage|p2b: Archaludon|8/100
|-ability|p2b: Archaludon|Stamina|boost
|-boost|p2b: Archaludon|def|1
|move|p2b: Archaludon|Electro Shot||[still]
|-prepare|p2b: Archaludon|Electro Shot
|-boost|p2b: Archaludon|spa|1
|-anim|p2b: Archaludon|Electro Shot|p1a: Basculegion
|-supereffective|p1a: Basculegion
|-damage|p1a: Basculegion|0 fnt
|faint|p1a: Basculegion
|
|-weather|RainDance|[upkeep]
|upkeep
|
|t:|1756690058
|switch|p1a: Electabuzz|Electabuzz, L50, F, shiny|17/100 brn
|turn|6
|
|t:|1756690080
|move|p1a: Electabuzz|Electroweb|p2a: Pelipper|[spread] p2a,p2b
|-supereffective|p2a: Pelipper
|-resisted|p2b: Archaludon
|-enditem|p2a: Pelipper|Focus Sash
|-damage|p2a: Pelipper|1/100
|-damage|p2b: Archaludon|3/100
|-unboost|p2a: Pelipper|spe|1
|-unboost|p2b: Archaludon|spe|1
|-ability|p2b: Archaludon|Stamina|boost
|-boost|p2b: Archaludon|def|1
|move|p1b: Pelipper|Weather Ball|p2b: Archaludon
|-resisted|p2b: Archaludon
|-damage|p2b: Archaludon|0 fnt
|faint|p2b: Archaludon
|move|p2a: Pelipper|Muddy Water|p1b: Pelipper|[spread] p1a,p1b
|-resisted|p1b: Pelipper
|-damage|p1a: Electabuzz|0 fnt
|-damage|p1b: Pelipper|65/100
|faint|p1a: Electabuzz
|
|-weather|RainDance|[upkeep]
|upkeep
|
|t:|1756690099
|switch|p2b: Dragonite|Dragonite, L50, M|100/100
|turn|7
|
|t:|1756690109
|move|p2b: Dragonite|Scale Shot|p1b: Pelipper|[miss]
|-miss|p2b: Dragonite|p1b: Pelipper
|move|p1b: Pelipper|Weather Ball|p2b: Dragonite
|-resisted|p2b: Dragonite
|-damage|p2b: Dragonite|83/100
|move|p2a: Pelipper|Hurricane|p1b: Pelipper
|-damage|p1b: Pelipper|0 fnt
|faint|p1b: Pelipper
|
|win|Mountainman46
||ricoboi is ready for game 2.
|inactive|Mountainman46 has 30 seconds to confirm battle start!
||Mountainman46 is ready for game 2.
|uhtml|next|Next: Game 2 of 3
|l|☆ricoboi
|player|p1|
