|j|☆reshiee
|j|☆pokemorp
|html|reshieepokemorp    
|uhtml|bestof|Game 1 of a best-of-3
|t:|1785255188
|gametype|doubles
|player|p1|reshiee|gwynn|1179
|player|p2|pokemorp|red|1060
|gen|9
|tier|[Gen 9 Champions] VGC 2026 Reg M-B (Bo3)
|rated|
|rule|Species Clause: Limit one of each Pokémon
|rule|Item Clause: Limit 1 of each item
|clearpoke
|poke|p1|Charizard, L50, M|
|poke|p1|Venusaur, L50, F|
|poke|p1|Pelipper, L50, F|
|poke|p1|Grimmsnarl, L50, M|
|poke|p1|Basculegion, L50, M|
|poke|p1|Archaludon, L50, M|
|poke|p2|Floette-Eternal, L50, F|
|poke|p2|Whimsicott, L50, F|
|poke|p2|Basculegion, L50, M|
|poke|p2|Charizard, L50, F|
|poke|p2|Kingambit, L50, F|
|poke|p2|Garchomp, L50, F|
|teampreview|4
|showteam|p1|Charizard||CharizarditeY|Blaze|HeatWave,WeatherBall,SolarBeam,Protect|Modest||M|||50|]Venusaur||FocusSash|Chlorophyll|SludgeBomb,EarthPower,SleepPowder,Protect|Modest||F|||50|]Pelipper||SitrusBerry|Drizzle|Hurricane,WeatherBall,Tailwind,WideGuard|Modest||F|||50|]Grimmsnarl||LightClay|Prankster|SpiritBreak,Reflect,LightScreen,PartingShot|Sassy||M|||50|]Basculegion||ChoiceScarf|Adaptability|WaveCrash,LastRespects,FlipTurn,AquaJet|Jolly||M|||50|]Archaludon||Leftovers|Stamina|DragonPulse,FlashCannon,ElectroShot,Protect|Calm||M|||50|
|showteam|p2|Floette-Eternal||Floettite|FlowerVeil|DazzlingGleam,Moonblast,LightofRuin,Protect|Timid||F|||50|]Whimsicott||FocusSash|Prankster|Moonblast,Encore,Tailwind,Protect|Timid||F|||50|]Basculegion||MysticWater|Adaptability|WaveCrash,AquaJet,LastRespects,Protect|Adamant||M|||50|]Charizard||CharizarditeY|Blaze|HeatWave,WeatherBall,SolarBeam,Protect|Modest||F|||50|]Kingambit||OccaBerry|Defiant|KowtowCleave,SuckerPunch,IronHead,Protect|Adamant||F|||50|]Garchomp||RoseliBerry|RoughSkin|Earthquake,DragonClaw,RockSlide,PoisonJab|Jolly||F|||50|
|c|☆reshiee|glhf
|
|t:|1785255241
|teamsize|p1|4
|teamsize|p2|4
|start
|switch|p1a: Charizard|Charizard, L50, M|100/100
|switch|p1b: Venusaur|Venusaur, L50, F|100/100
|switch|p2a: Charizard|Charizard, L50, F|100/100
|switch|p2b: Whimsicott|Whimsicott, L50, F|100/100
|turn|1
|inactive|Battle timer is ON: inactive players will automatically lose when time's up. (requested by pokemorp)
|
|t:|1785255289
|detailschange|p2a: Charizard|Charizard-Mega-Y, L50, F
|-mega|p2a: Charizard|Charizard|Charizardite Y
|-weather|SunnyDay|[from] ability: Drought|[of] p2a: Charizard
|detailschange|p1a: Charizard|Charizard-Mega-Y, L50, M
|-mega|p1a: Charizard|Charizard|Charizardite Y
|move|p2b: Whimsicott|Tailwind|p2b: Whimsicott
|-sidestart|p2: pokemorp|move: Tailwind
|move|p1b: Venusaur|Sleep Powder|p2a: Charizard
|-status|p2a: Charizard|slp|[from] move: Sleep Powder
|cant|p2a: Charizard|slp
|move|p1a: Charizard|Heat Wave|p2b: Whimsicott|[spread] p2a,p2b
|-resisted|p2a: Charizard|1
|-crit|p2a: Charizard
|-supereffective|p2b: Whimsicott|1
|-damage|p2a: Charizard|59/100 slp
|-enditem|p2b: Whimsicott|Focus Sash
|-damage|p2b: Whimsicott|1/100
|
|-weather|SunnyDay|[upkeep]
|upkeep
|turn|2
|inactive|reshiee has 30 seconds left.
|inactive|pokemorp has 30 seconds left.
|inactive|pokemorp has 20 seconds left.
|inactive|pokemorp has 15 seconds left.
|inactive|pokemorp has 10 seconds left.
|
|t:|1785255339
|switch|p1b: Pelipper|Pelipper, L50, F|100/100
|-weather|RainDance|[from] ability: Drizzle|[of] p1b: Pelipper
|move|p2b: Whimsicott|Encore||[still]
|-fail|p2b: Whimsicott
|cant|p2a: Charizard|slp
|move|p1a: Charizard|Weather Ball|p2a: Charizard
|-supereffective|p2a: Charizard|1
|-damage|p2a: Charizard|0 fnt
|faint|p2a: Charizard
|
|-weather|RainDance|[upkeep]
|upkeep
|
|t:|1785255359
|switch|p2a: Basculegion|Basculegion, L50, M|100/100
|turn|3
|inactive|pokemorp has 30 seconds left.
|inactive|reshiee has 30 seconds left.
|inactive|pokemorp has 20 seconds left.
|inactive|pokemorp has 15 seconds left.
|
|t:|1785255400
|switch|p1a: Venusaur|Venusaur, L50, F|100/100
|move|p2b: Whimsicott|Moonblast|p1b: Pelipper
|-damage|p1b: Pelipper|53/100
|move|p2a: Basculegion|Last Respects|p1b: Pelipper
|-damage|p1b: Pelipper|0 fnt
|faint|p1b: Pelipper
|
|-weather|RainDance|[upkeep]
|upkeep
|
|t:|1785255412
|switch|p1b: Charizard|Charizard-Mega-Y, L50, M|100/100
|-weather|SunnyDay|[from] ability: Drought|[of] p1b: Charizard
|turn|4
|
|t:|1785255430
|move|p2b: Whimsicott|Protect|p2b: Whimsicott
|-singleturn|p2b: Whimsicott|Protect
|move|p2a: Basculegion|Protect|p2a: Basculegion
|-singleturn|p2a: Basculegion|Protect
|move|p1a: Venusaur|Sleep Powder|p2a: Basculegion
|-activate|p2a: Basculegion|move: Protect
|move|p1b: Charizard|Heat Wave|p2a: Basculegion|[spread] 
|-activate|p2a: Basculegion|move: Protect
|-activate|p2b: Whimsicott|move: Protect
|
|-weather|SunnyDay|[upkeep]
|-sideend|p2: pokemorp|move: Tailwind
|upkeep
|turn|5
|
|t:|1785255453
|switch|p2a: Garchomp|Garchomp, L50, F|100/100
|move|p2b: Whimsicott|Tailwind|p2b: Whimsicott
|-sidestart|p2: pokemorp|move: Tailwind
|move|p1a: Venusaur|Sleep Powder|p2a: Garchomp
|-status|p2a: Garchomp|slp|[from] move: Sleep Powder
|move|p1b: Charizard|Heat Wave|p2a: Garchomp|[spread] p2a
|-miss|p1b: Charizard|p2b: Whimsicott
|-resisted|p2a: Garchomp|1
|-damage|p2a: Garchomp|65/100 slp
|
|-weather|SunnyDay|[upkeep]
|upkeep
|turn|6
|
|t:|1785255474
|move|p2b: Whimsicott|Encore|p1b: Charizard
|-start|p1b: Charizard|Encore
|cant|p2a: Garchomp|slp
|move|p1a: Venusaur|Earth Power|p2a: Garchomp
|-damage|p2a: Garchomp|35/100 slp
|move|p1b: Charizard|Heat Wave|p2b: Whimsicott|[spread] p2a
|-miss|p1b: Charizard|p2b: Whimsicott
|-resisted|p2a: Garchomp|1
|-damage|p2a: Garchomp|1/100 slp
|
|-weather|SunnyDay|[upkeep]
|upkeep
|turn|7
|c|☆reshiee|lmao miss twice
|inactive|reshiee has 30 seconds left.
|
|t:|1785255500
|move|p2b: Whimsicott|Encore|p1a: Venusaur
|-start|p1a: Venusaur|Encore
|-curestatus|p2a: Garchomp|slp|[msg]
|move|p2a: Garchomp|Rock Slide|p1a: Venusaur|[spread] p1a,p1b
|-supereffective|p1b: Charizard|2
|-damage|p1a: Venusaur|71/100
|-damage|p1b: Charizard|34/100
|move|p1a: Venusaur|Earth Power|p2a: Garchomp
|-damage|p2a: Garchomp|0 fnt
|faint|p2a: Garchomp
|move|p1b: Charizard|Heat Wave|p2b: Whimsicott
|-supereffective|p2b: Whimsicott|1
|-damage|p2b: Whimsicott|0 fnt
|faint|p2b: Whimsicott
|
|-weather|SunnyDay|[upkeep]
|upkeep
|c|☆pokemorp|Yea but i need that whimsi to go down so i can use basc
|inactive|pokemorp has 30 seconds left.
|
|t:|1785255527
|switch|p2b: Basculegion|Basculegion, L50, M|100/100
|turn|8
|c|☆reshiee|true
|inactive|pokemorp has 30 seconds left.
|inactive|pokemorp has 20 seconds left.
|
|t:|1785255567
|switch|p1b: Archaludon|Archaludon, L50, M|100/100
|move|p1a: Venusaur|Earth Power|p2b: Basculegion
|-damage|p2b: Basculegion|69/100
|move|p2b: Basculegion|Last Respects|p1b: Archaludon
|-damage|p1b: Archaludon|1/100
|-ability|p1b: Archaludon|Stamina|boost
|-boost|p1b: Archaludon|def|1
|
|-weather|none
|-heal|p1b: Archaludon|6/100|[from] item: Leftovers
|-sideend|p2: pokemorp|move: Tailwind
|upkeep
|turn|9
|inactive|pokemorp has 30 seconds left.
|
|t:|1785255593
|move|p1a: Venusaur|Earth Power|p2b: Basculegion
|-damage|p2b: Basculegion|39/100
|-unboost|p2b: Basculegion|spd|1
|move|p1b: Archaludon|Dragon Pulse|p2b: Basculegion
|-damage|p2b: Basculegion|0 fnt
|faint|p2b: Basculegion
|
|win|reshiee
||pokemorp is ready for game 2.
