|j|☆ShdaowForece
|j|☆MiraiPidgeon
|html|ShdaowForeceMiraiPidgeon    
|uhtml|bestof|Game 1 of a best-of-3
|t:|1756152077
|gametype|doubles
|player|p1|ShdaowForece|lucas|1186
|player|p2|MiraiPidgeon|169|1370
|gen|9
|tier|[Gen 9] VGC 2025 Reg H (Bo3)
|rated|
|rule|Species Clause: Limit one of each Pokémon
|rule|Item Clause: Limit 1 of each item
|clearpoke
|poke|p1|Gholdengo, L50|
|poke|p1|Murkrow, L50, F|
|poke|p1|Volcarona, L50, M|
|poke|p1|Sneasler, L50, F|
|poke|p1|Incineroar, L50, M|
|poke|p1|Garchomp, L50, F|
|poke|p2|Talonflame, L50, F|
|poke|p2|Garchomp, L50, M|
|poke|p2|Annihilape, L50, F|
|poke|p2|Tyranitar, L50, F|
|poke|p2|Gholdengo, L50|
|poke|p2|Amoonguss, L50, F|
|teampreview|4
|showteam|p1|Gholdengo||ChoiceSpecs|GoodasGold|MakeItRain,ShadowBall,Trick,Protect||||||50|,,,,,Steel]Murkrow||Eviolite|Prankster|Tailwind,FoulPlay,Haze,SunnyDay|||F|||50|,,,,,Ghost]Volcarona||Leftovers|FlameBody|HeatWave,TeraBlast,QuiverDance,Protect|||M|||50|,,,,,Fairy]Sneasler||WhiteHerb|Unburden|DireClaw,CloseCombat,FakeOut,Protect|||F|||50|,,,,,Stellar]Incineroar||SafetyGoggles|Intimidate|FlareBlitz,KnockOff,FakeOut,PartingShot|||M|||50|,,,,,Ghost]Garchomp||ClearAmulet|RoughSkin|StompingTantrum,DragonClaw,Earthquake,Protect|||F|||50|,,,,,Fire
|showteam|p2|Talonflame||SharpBeak|GaleWings|Tailwind,DualWingbeat,WillOWisp,Protect|||F|||50|,,,,,Ghost]Garchomp||LoadedDice|RoughSkin|Earthquake,ScaleShot,Protect,StompingTantrum|||M|||50|,,,,,Fairy]Annihilape||FocusSash|Defiant|CloseCombat,RageFist,Coaching,Taunt|||F|||50|,,,,,Grass]Tyranitar||AssaultVest|SandStream|KnockOff,RockSlide,LowKick,TeraBlast|||F|||50|,,,,,Flying]Gholdengo||MetalCoat|GoodasGold|MakeItRain,ShadowBall,NastyPlot,Protect||||||50|,,,,,Flying]Amoonguss||SitrusBerry|Regenerator|Spore,RagePowder,PollenPuff,ClearSmog|||F|||50|,,,,,Water
|
|t:|1756152169
|teamsize|p1|4
|teamsize|p2|4
|start
|switch|p1a: Garchomp|Garchomp, L50, F|100/100
|switch|p1b: Murkrow|Murkrow, L50, F, shiny|100/100
|switch|p2a: Talonflame|Talonflame, L50, F|100/100
|switch|p2b: Garchomp|Garchomp, L50, M|100/100
|turn|1
|
|t:|1756152218
|-terastallize|p2b: Garchomp|Fairy
|-terastallize|p1a: Garchomp|Fire
|move|p2a: Talonflame|Tailwind|p2a: Talonflame
|-sidestart|p2: MiraiPidgeon|move: Tailwind
|move|p1b: Murkrow|Tailwind|p1b: Murkrow
|-sidestart|p1: ShdaowForece|move: Tailwind
|move|p2b: Garchomp|Scale Shot|p1b: Murkrow
|-damage|p1b: Murkrow|87/100
|-damage|p1b: Murkrow|73/100
|-crit|p1b: Murkrow
|-damage|p1b: Murkrow|50/100
|-damage|p1b: Murkrow|36/100
|-hitcount|p1b: Murkrow|4
|-unboost|p2b: Garchomp|def|1
|-boost|p2b: Garchomp|spe|1
|move|p1a: Garchomp|Dragon Claw|p2a: Talonflame
|-crit|p2a: Talonflame
|-damage|p2a: Talonflame|2/100
|
|upkeep
|turn|2
|
|t:|1756152248
|move|p2b: Garchomp|Scale Shot|p1a: Garchomp
|-damage|p1a: Garchomp|87/100
|-damage|p1a: Garchomp|73/100
|-damage|p1a: Garchomp|60/100
|-damage|p1a: Garchomp|45/100
|-damage|p1a: Garchomp|30/100
|-hitcount|p1a: Garchomp|5
|-unboost|p2b: Garchomp|def|1
|-boost|p2b: Garchomp|spe|1
|move|p2a: Talonflame|Dual Wingbeat|p1b: Murkrow
|-damage|p1b: Murkrow|15/100
|-damage|p1b: Murkrow|0 fnt
|faint|p1b: Murkrow
|-hitcount|p1: Murkrow|2
|move|p1a: Garchomp|Earthquake|p2b: Garchomp|[spread] p2b
|-immune|p2a: Talonflame
|-damage|p2b: Garchomp|20/100
|
|upkeep
|
|t:|1756152256
|switch|p1b: Direshifu|Sneasler, L50, F|100/100
|turn|3
|
|t:|1756152275
|move|p2b: Garchomp|Protect|p2b: Garchomp
|-singleturn|p2b: Garchomp|Protect
|move|p2a: Talonflame|Protect|p2a: Talonflame
|-singleturn|p2a: Talonflame|Protect
|move|p1b: Direshifu|Fake Out|p2b: Garchomp
|-activate|p2b: Garchomp|move: Protect
|move|p1a: Garchomp|Dragon Claw|p2a: Talonflame
|-activate|p2a: Talonflame|move: Protect
|
|upkeep
|turn|4
|
|t:|1756152291
|move|p2b: Garchomp|Earthquake|p1b: Direshifu|[spread] p1a,p1b
|-immune|p2a: Talonflame
|-supereffective|p1a: Garchomp
|-supereffective|p1b: Direshifu
|-damage|p1a: Garchomp|0 fnt
|-damage|p1b: Direshifu|0 fnt
|faint|p1a: Garchomp
|faint|p1b: Direshifu
|move|p2a: Talonflame|Dual Wingbeat|p1: Garchomp|[notarget]
|-fail|p2a: Talonflame
|
|-sideend|p2: MiraiPidgeon|move: Tailwind
|-sideend|p1: ShdaowForece|move: Tailwind
|upkeep
|
|t:|1756152299
|switch|p1b: Gholdengo|Gholdengo, L50, shiny|100/100
|turn|5
|-message|ShdaowForece forfeited.
|
|win|MiraiPidgeon
||ShdaowForece is ready for game 2.
||MiraiPidgeon is ready for game 2.
|uhtml|next|Next: Game 2 of 3
|l|☆MiraiPidgeon
|player|p2|
