|j|☆WinterLily413
|j|☆player150766
|html|WinterLily413player150766    
|uhtml|bestof|Game 1 of a best-of-3
|t:|1756197739
|gametype|doubles
|player|p1|WinterLily413|101|1067
|player|p2|player150766|169|1083
|gen|9
|tier|[Gen 9] VGC 2025 Reg H (Bo3)
|rated|
|rule|Species Clause: Limit one of each Pokémon
|rule|Item Clause: Limit 1 of each item
|clearpoke
|poke|p1|Glaceon, L50, M|
|poke|p1|Ninetales-Alola, L50, F|
|poke|p1|Rillaboom, L50, F|
|poke|p1|Slowking, L50, M|
|poke|p1|Volcarona, L50, F|
|poke|p1|Garchomp, L50, F|
|poke|p2|Ursaluna-Bloodmoon, L50, M|
|poke|p2|Gallade, L50, M|
|poke|p2|Incineroar, L50, M|
|poke|p2|Farigiraf, L50, F|
|poke|p2|Rillaboom, L50, F|
|poke|p2|Palafin, L50, M|
|teampreview|4
|showteam|p1|Glaceon||NeverMeltIce|SnowCloak|Blizzard,FreezeDry,CalmMind,Protect|||M|||50|,,,,,Ice]Ninetales-Alola||CovertCloak|SnowWarning|Blizzard,Moonblast,AuroraVeil,Protect|||F|||50|,,,,,Water]Rillaboom||AssaultVest|GrassySurge|WoodHammer,GrassyGlide,FakeOut,Uturn|||F|||50|,,,,,Fire]Slowking||MentalHerb|Regenerator|Scald,TrickRoom,ChillyReception,Protect|||M|||50|,,,,,Dark]Volcarona||RockyHelmet|FlameBody|RagePowder,StruggleBug,FieryDance,Tailwind|||F|||50|,,,,,Grass]Garchomp||LoadedDice|RoughSkin|RockSlide,StompingTantrum,Protect,ScaleShot|||F|||50|,,,,,Steel
|showteam|p2|Ursaluna-Bloodmoon||LifeOrb|MindsEye|Protect,BloodMoon,HyperVoice,EarthPower|||M|||50|,,,,,Normal]Gallade||ClearAmulet|Sharpness|Protect,SacredSword,PsychoCut,SwordsDance|||M|||50|,,,,,Ghost]Incineroar||SafetyGoggles|Intimidate|FakeOut,KnockOff,FlareBlitz,PartingShot|||M|||50|,,,,,Ghost]Farigiraf||ThroatSpray|ArmorTail|Protect,TrickRoom,HyperVoice,Psychic|||F|||50|,,,,,Fairy]Rillaboom||AssaultVest|GrassySurge|FakeOut,GrassyGlide,WoodHammer,Uturn|||F|||50|,,,,,Fire]Palafin||ChoiceScarf|ZerotoHero|WaveCrash,JetPunch,FlipTurn,Haze|||M|||50|,,,,,Water
|inactive|Battle timer is ON: inactive players will automatically lose when time's up. (requested by player150766)
|inactive|WinterLily413 has 60 seconds left.
|inactive|player150766 has 60 seconds left.
|inactive|WinterLily413 has 30 seconds left.
|inactive|player150766 has 30 seconds left.
|
|t:|1756197809
|teamsize|p1|4
|teamsize|p2|4
|start
|switch|p1a: Ninetales|Ninetales-Alola, L50, F|100/100
|switch|p1b: Rillaboom|Rillaboom, L50, F|100/100
|switch|p2a: Incineroar|Incineroar, L50, M|100/100
|switch|p2b: Farigiraf|Farigiraf, L50, F|100/100
|-weather|Snowscape|[from] ability: Snow Warning|[of] p1a: Ninetales
|-fieldstart|move: Grassy Terrain|[from] ability: Grassy Surge|[of] p1b: Rillaboom
|-ability|p2a: Incineroar|Intimidate|boost
|-unboost|p1a: Ninetales|atk|1
|-unboost|p1b: Rillaboom|atk|1
|turn|1
|inactive|player150766 has 30 seconds left.
|inactive|player150766 has 20 seconds left.
|inactive|player150766 has 15 seconds left.
|
|t:|1756197851
|move|p1b: Rillaboom|Fake Out||[still]
|cant|p2b: Farigiraf|ability: Armor Tail|Fake Out|[of] p1b: Rillaboom
|move|p1a: Ninetales|Aurora Veil|p1a: Ninetales
|-sidestart|p1: WinterLily413|move: Aurora Veil
|move|p2a: Incineroar|Flare Blitz|p1a: Ninetales
|-supereffective|p1a: Ninetales
|-damage|p1a: Ninetales|50/100
|-damage|p2a: Incineroar|86/100|[from] Recoil
|move|p2b: Farigiraf|Trick Room|p2b: Farigiraf
|-fieldstart|move: Trick Room|[of] p2b: Farigiraf
|
|-weather|Snowscape|[upkeep]
|-heal|p2a: Incineroar|92/100|[from] Grassy Terrain
|-heal|p1a: Ninetales|56/100|[from] Grassy Terrain
|upkeep
|turn|2
|inactive|player150766 has 30 seconds left.
|
|t:|1756197877
|move|p2a: Incineroar|Flare Blitz|p1b: Rillaboom
|-supereffective|p1b: Rillaboom
|-damage|p1b: Rillaboom|41/100
|-damage|p2a: Incineroar|72/100|[from] Recoil
|move|p2b: Farigiraf|Hyper Voice|p1b: Rillaboom|[spread] p1a,p1b
|-damage|p1a: Ninetales|37/100
|-damage|p1b: Rillaboom|26/100
|-enditem|p2b: Farigiraf|Throat Spray
|-boost|p2b: Farigiraf|spa|1|[from] item: Throat Spray
|move|p1b: Rillaboom|U-turn|p2b: Farigiraf
|-supereffective|p2b: Farigiraf
|-damage|p2b: Farigiraf|67/100
|
|t:|1756197890
|switch|p1b: Glaceon|Glaceon, L50, M|100/100|[from] U-turn
|move|p1a: Ninetales|Blizzard|p2a: Incineroar|[spread] p2a,p2b
|-resisted|p2a: Incineroar
|-damage|p2a: Incineroar|64/100
|-damage|p2b: Farigiraf|47/100
|
|-weather|Snowscape|[upkeep]
|-heal|p2a: Incineroar|70/100|[from] Grassy Terrain
|-heal|p2b: Farigiraf|53/100|[from] Grassy Terrain
|-heal|p1a: Ninetales|43/100|[from] Grassy Terrain
|upkeep
|turn|3
|inactive|player150766 has 30 seconds left.
|
|t:|1756197920
|move|p2a: Incineroar|Flare Blitz|p1a: Ninetales
|-supereffective|p1a: Ninetales
|-damage|p1a: Ninetales|0 fnt
|faint|p1a: Ninetales
|-damage|p2a: Incineroar|57/100|[from] Recoil
|move|p2b: Farigiraf|Psychic|p1b: Glaceon
|-damage|p1b: Glaceon|57/100
|move|p1b: Glaceon|Calm Mind|p1b: Glaceon
|-boost|p1b: Glaceon|spa|1
|-boost|p1b: Glaceon|spd|1
|
|-weather|Snowscape|[upkeep]
|-heal|p2a: Incineroar|63/100|[from] Grassy Terrain
|-heal|p2b: Farigiraf|59/100|[from] Grassy Terrain
|-heal|p1b: Glaceon|63/100|[from] Grassy Terrain
|upkeep
|
|t:|1756197934
|switch|p1a: Volcarona|Volcarona, L50, F|100/100
|turn|4
|
|t:|1756197948
|move|p2a: Incineroar|Flare Blitz|p1b: Glaceon|[miss]
|-miss|p2a: Incineroar|p1b: Glaceon
|move|p2b: Farigiraf|Hyper Voice|p1a: Volcarona|[spread] p1a,p1b
|-damage|p1a: Volcarona|75/100
|-damage|p1b: Glaceon|41/100
|move|p1b: Glaceon|Blizzard|p2b: Farigiraf|[spread] p2a,p2b
|-resisted|p2a: Incineroar
|-damage|p2a: Incineroar|38/100
|-damage|p2b: Farigiraf|0 fnt
|faint|p2b: Farigiraf
|move|p1a: Volcarona|Struggle Bug|p2a: Incineroar
|-damage|p2a: Incineroar|23/100
|-unboost|p2a: Incineroar|spa|1
|
|-weather|Snowscape|[upkeep]
|-heal|p2a: Incineroar|29/100|[from] Grassy Terrain
|-heal|p1b: Glaceon|47/100|[from] Grassy Terrain
|-heal|p1a: Volcarona|82/100|[from] Grassy Terrain
|upkeep
|
|t:|1756197959
|switch|p2b: Rillaboom|Rillaboom, L50, F|100/100
|turn|5
|inactive|player150766 has 30 seconds left.
|
|t:|1756197985
|-terastallize|p2b: Rillaboom|Fire
|move|p2a: Incineroar|Knock Off|p1a: Volcarona
|-damage|p1a: Volcarona|56/100
|-damage|p2a: Incineroar|12/100|[from] item: Rocky Helmet|[of] p1a: Volcarona
|-enditem|p1a: Volcarona|Rocky Helmet|[from] move: Knock Off|[of] p2a: Incineroar
|move|p1b: Glaceon|Blizzard|p2a: Incineroar|[spread] p2a,p2b
|-resisted|p2a: Incineroar
|-resisted|p2b: Rillaboom
|-damage|p2a: Incineroar|0 fnt
|-damage|p2b: Rillaboom|72/100
|faint|p2a: Incineroar
|move|p2b: Rillaboom|Wood Hammer|p1b: Glaceon|[miss]
|-miss|p2b: Rillaboom|p1b: Glaceon
|move|p1a: Volcarona|Tailwind|p1a: Volcarona
|-sidestart|p1: WinterLily413|move: Tailwind
|
|-weather|none
|-heal|p2b: Rillaboom|78/100|[from] Grassy Terrain
|-heal|p1b: Glaceon|53/100|[from] Grassy Terrain
|-heal|p1a: Volcarona|62/100|[from] Grassy Terrain
|-sideend|p1: WinterLily413|move: Aurora Veil
|-fieldend|move: Trick Room
|-fieldend|move: Grassy Terrain
|upkeep
|
|t:|1756197989
|switch|p2a: Ursaluna|Ursaluna-Bloodmoon, L50, M|100/100
|turn|6
|inactive|WinterLily413 has 30 seconds left.
|c|☆player150766|snow cloak...
|inactive|WinterLily413 has 20 seconds left.
|
|t:|1756198027
|move|p2a: Ursaluna|Protect|p2a: Ursaluna
|-singleturn|p2a: Ursaluna|Protect
|move|p1a: Volcarona|Struggle Bug|p2b: Rillaboom|[spread] p2b
|-activate|p2a: Ursaluna|move: Protect
|-resisted|p2b: Rillaboom
|-damage|p2b: Rillaboom|72/100
|-unboost|p2b: Rillaboom|spa|1
|move|p1b: Glaceon|Blizzard|p2b: Rillaboom|[spread] p2b
|-activate|p2a: Ursaluna|move: Protect
|-resisted|p2b: Rillaboom
|-damage|p2b: Rillaboom|46/100
|-status|p2b: Rillaboom|frz
|cant|p2b: Rillaboom|frz
|
|upkeep
|turn|7
|inactive|player150766 has 30 seconds left.
|c|☆player150766|ok thats just dumb
|inactive|player150766 has 20 seconds left.
|inactive|player150766 has 15 seconds left.
|inactive|player150766 has 10 seconds left.
|
|t:|1756198076
|move|p1a: Volcarona|Struggle Bug|p2a: Ursaluna|[spread] p2a,p2b
|-resisted|p2b: Rillaboom
|-damage|p2a: Ursaluna|78/100
|-damage|p2b: Rillaboom|40/100 frz
|-unboost|p2a: Ursaluna|spa|1
|-unboost|p2b: Rillaboom|spa|1
|move|p1b: Glaceon|Blizzard|p2a: Ursaluna|[spread] p2a,p2b
|-supereffective|p2a: Ursaluna
|-resisted|p2b: Rillaboom
|-damage|p2a: Ursaluna|0 fnt
|-damage|p2b: Rillaboom|11/100 frz
|faint|p2a: Ursaluna
|cant|p2b: Rillaboom|frz
|
|upkeep
|turn|8
|-message|player150766 forfeited.
|
|win|WinterLily413
||WinterLily413 is ready for game 2.
