|j|☆mumu2
|j|☆Suzette312
|html|mumu2Suzette312    
|uhtml|bestof|Game 1 of a best-of-3
|t:|1784918434
|gametype|doubles
|player|p1|mumu2|cyclistf|1123
|player|p2|Suzette312|169|1000
|gen|9
|tier|[Gen 9 Champions] VGC 2026 Reg M-B (Bo3)
|rated|
|rule|Species Clause: Limit one of each Pokémon
|rule|Item Clause: Limit 1 of each item
|clearpoke
|poke|p1|Charizard, L50, F|
|poke|p1|Venusaur, L50, F|
|poke|p1|Garchomp, L50, M|
|poke|p1|Annihilape, L50, F|
|poke|p1|Incineroar, L50, F|
|poke|p1|Toxapex, L50, F|
|poke|p2|Swampert, L50, M|
|poke|p2|Politoed, L50, F|
|poke|p2|Sinistcha, L50|
|poke|p2|Sneasler, L50, M|
|poke|p2|Lycanroc-Dusk, L50, F|
|poke|p2|Archaludon, L50, F|
|teampreview|4
|showteam|p1|Charizard||CharizarditeY|Blaze|HeatWave,WeatherBall,HelpingHand,Protect|Modest||F|||50|]Venusaur||LifeOrb|Chlorophyll|SludgeBomb,SolarBeam,EarthPower,Protect|Modest||F|||50|]Garchomp||ChoiceScarf|RoughSkin|DragonClaw,Earthquake,RockSlide,StompingTantrum|Adamant||M|||50|]Annihilape||FocusSash|Defiant|PhantomForce,CloseCombat,Protect,RockTomb|Jolly||F|||50|]Incineroar||SitrusBerry|Intimidate|FlareBlitz,ThroatChop,PartingShot,FakeOut|Impish||F|||50|]Toxapex||Leftovers|Regenerator|Toxic,Infestation,WideGuard,BanefulBunker|Bold||F|||50|
|showteam|p2|Swampert||Swampertite|Torrent|Protect,IcePunch,Earthquake,WaveCrash|Adamant||M|||50|]Politoed||SitrusBerry|Drizzle|WeatherBall,Protect,PerishSong,Encore|Calm||F|||50|]Sinistcha||OccaBerry|Hospitality|MatchaGotcha,ShadowBall,RagePowder,Protect|Bold|||||50|]Sneasler||WhiteHerb|Unburden|FakeOut,Acrobatics,CloseCombat,PoisonJab|Jolly||M|||50|]Lycanroc-Dusk||FocusSash|ToughClaws|Accelerock,RockSlide,PsychicFangs,Protect|Adamant||F|||50|]Archaludon||Leftovers|Stamina|DragonPulse,ElectroShot,FlashCannon,Protect|Modest||F|||50|
|
|t:|1784918466
|teamsize|p1|4
|teamsize|p2|4
|start
|switch|p1a: Charizard|Charizard, L50, F|100/100
|switch|p1b: Venusaur|Venusaur, L50, F|100/100
|switch|p2a: Lycanroc|Lycanroc-Dusk, L50, F|100/100
|switch|p2b: Sneasler|Sneasler, L50, M|100/100
|turn|1
|
|t:|1784918494
|detailschange|p1a: Charizard|Charizard-Mega-Y, L50, F
|-mega|p1a: Charizard|Charizard|Charizardite Y
|-weather|SunnyDay|[from] ability: Drought|[of] p1a: Charizard
|move|p1b: Venusaur|Protect|p1b: Venusaur
|-singleturn|p1b: Venusaur|Protect
|move|p1a: Charizard|Protect|p1a: Charizard
|-singleturn|p1a: Charizard|Protect
|move|p2b: Sneasler|Fake Out|p1b: Venusaur
|-activate|p1b: Venusaur|move: Protect
|move|p2a: Lycanroc|Rock Slide|p1a: Charizard|[spread] 
|-activate|p1a: Charizard|move: Protect
|-activate|p1b: Venusaur|move: Protect
|
|-weather|SunnyDay|[upkeep]
|upkeep
|turn|2
|
|t:|1784918524
|switch|p2b: Politoed|Politoed, L50, F|100/100
|-weather|RainDance|[from] ability: Drizzle|[of] p2b: Politoed
|switch|p1a: Toxapex|Toxapex, L50, F|100/100
|move|p2a: Lycanroc|Rock Slide|p1b: Venusaur|[spread] p1a,p1b
|-damage|p1a: Toxapex|80/100
|-damage|p1b: Venusaur|62/100
|move|p1b: Venusaur|Earth Power|p2b: Politoed
|-damage|p2b: Politoed|76/100
|-damage|p1b: Venusaur|52/100|[from] item: Life Orb
|
|-weather|RainDance|[upkeep]
|-heal|p1a: Toxapex|85/100|[from] item: Leftovers
|upkeep
|turn|3
|
|t:|1784918554
|switch|p1b: Garchomp|Garchomp, L50, M|100/100
|switch|p2b: Swampert|Swampert, L50, M|100/100
|move|p2a: Lycanroc|Protect|p2a: Lycanroc
|-singleturn|p2a: Lycanroc|Protect
|move|p1a: Toxapex|Baneful Bunker||[still]
|-fail|p1a: Toxapex
|
|-weather|RainDance|[upkeep]
|-heal|p1a: Toxapex|91/100|[from] item: Leftovers
|upkeep
|turn|4
|
|t:|1784918585
|-heal|p1a: Toxapex|100/100|[from] ability: Regenerator|[silent]
|switch|p1a: Charizard|Charizard-Mega-Y, L50, F|100/100
|-weather|SunnyDay|[from] ability: Drought|[of] p1a: Charizard
|detailschange|p2b: Swampert|Swampert-Mega, L50, M
|-mega|p2b: Swampert|Swampert|Swampertite
|move|p1b: Garchomp|Stomping Tantrum|p2a: Lycanroc
|-supereffective|p2a: Lycanroc|1
|-enditem|p2a: Lycanroc|Focus Sash
|-damage|p2a: Lycanroc|1/100
|move|p2a: Lycanroc|Psychic Fangs|p1a: Charizard
|-damage|p1a: Charizard|60/100
|move|p2b: Swampert|Ice Punch|p1b: Garchomp
|-supereffective|p1b: Garchomp|2
|-damage|p1b: Garchomp|0 fnt
|-damage|p2b: Swampert|87/100|[from] ability: Rough Skin|[of] p1b: Garchomp
|faint|p1b: Garchomp
|
|-weather|SunnyDay|[upkeep]
|upkeep
|
|t:|1784918607
|switch|p1b: Toxapex|Toxapex, L50, F|100/100
|turn|5
|
|t:|1784918620
|switch|p1a: Venusaur|Venusaur, L50, F|52/100
|move|p2b: Swampert|Protect|p2b: Swampert
|-singleturn|p2b: Swampert|Protect
|move|p1b: Toxapex|Wide Guard|p1b: Toxapex
|-singleturn|p1b: Toxapex|Wide Guard
|move|p2a: Lycanroc|Accelerock|p1a: Venusaur
|-damage|p1a: Venusaur|22/100
|
|-weather|SunnyDay|[upkeep]
|upkeep
|turn|6
|
|t:|1784918644
|move|p1a: Venusaur|Protect|p1a: Venusaur
|-singleturn|p1a: Venusaur|Protect
|move|p2a: Lycanroc|Protect|p2a: Lycanroc
|-singleturn|p2a: Lycanroc|Protect
|move|p2b: Swampert|Earthquake|p1a: Venusaur|[spread] p1b
|-activate|p2a: Lycanroc|move: Protect
|-activate|p1a: Venusaur|move: Protect
|-supereffective|p1b: Toxapex|1
|-damage|p1b: Toxapex|38/100
|move|p1b: Toxapex|Infestation|p2a: Lycanroc
|-activate|p2a: Lycanroc|move: Protect
|
|-weather|SunnyDay|[upkeep]
|-heal|p1b: Toxapex|44/100|[from] item: Leftovers
|upkeep
|turn|7
|
|t:|1784918663
|move|p2b: Swampert|Protect|p2b: Swampert
|-singleturn|p2b: Swampert|Protect
|move|p1a: Venusaur|Solar Beam||[still]
|-prepare|p1a: Venusaur|Solar Beam
|-anim|p1a: Venusaur|Solar Beam|p2b: Swampert
|-activate|p2b: Swampert|move: Protect
|move|p2a: Lycanroc|Rock Slide|p1a: Venusaur|[spread] p1a
|-miss|p2a: Lycanroc|p1b: Toxapex
|-damage|p1a: Venusaur|0 fnt
|faint|p1a: Venusaur
|move|p1b: Toxapex|Infestation|p2a: Lycanroc
|-damage|p2a: Lycanroc|0 fnt
|faint|p2a: Lycanroc
|
|-weather|SunnyDay|[upkeep]
|-heal|p1b: Toxapex|50/100g|[from] item: Leftovers
|upkeep
|
|t:|1784918674
|switch|p2a: Politoed|Politoed, L50, F|76/100
|switch|p1a: Charizard|Charizard-Mega-Y, L50, F|60/100
|-weather|RainDance|[from] ability: Drizzle|[of] p2a: Politoed
|turn|8
|-message|mumu2 forfeited.
|
|win|Suzette312
||mumu2 is ready for game 2.
||Suzette312 is ready for game 2.
|uhtml|next|Next: Game 2 of 3
