|j|☆Lacossg
|j|☆ppyyy
|html|Lacossgppyyy    
|uhtml|bestof|Game 2 of a best-of-3
|t:|1757175846
|gametype|doubles
|player|p1|Lacossg|169|1134
|player|p2|ppyyy|elesa-gen5bw2|1288
|gen|9
|tier|[Gen 9] VGC 2025 Reg H (Bo3)
|rated|
|rule|Species Clause: Limit one of each Pokémon
|rule|Item Clause: Limit 1 of each item
|clearpoke
|poke|p1|Corviknight, L50, M|
|poke|p1|Chesnaught, L50, F|
|poke|p1|Tyranitar, L50, F|
|poke|p1|Porygon2, L50|
|poke|p1|Volcarona, L50, M|
|poke|p1|Kingambit, L50, F|
|poke|p2|Maushold, L50|
|poke|p2|Talonflame, L50, F|
|poke|p2|Archaludon, L50, M|
|poke|p2|Ursaluna, L50, M|
|poke|p2|Gholdengo, L50|
|poke|p2|Meowscarada, L50, F|
|teampreview|4
|showteam|p1|Corviknight||CovertCloak|MirrorArmor|Tailwind,Taunt,BraveBird,Roost|||M|||50|,,,,,Dragon]Chesnaught||Leftovers|Bulletproof|WideGuard,BodyPress,Protect,IronDefense|||F|||50|,,,,,Fairy]Tyranitar||FocusSash|SandStream|RockSlide,KnockOff,TeraBlast,Protect|||F|||50|,,,,,Grass]Porygon2||Eviolite|Download|TeraBlast,IceBeam,TrickRoom,Recover||||||50|,,,,,Flying]Volcarona||SitrusBerry|FlameBody|QuiverDance,FieryDance,GigaDrain,Protect|||M|||50|,,,,,Grass]Kingambit||BlackGlasses|Defiant|KowtowCleave,SwordsDance,SuckerPunch,Protect|||F|||50|,,,,,Fairy
|showteam|p2|Maushold||WideLens|Technician|FollowMe,PopulationBomb,Taunt,Protect||||||50|,,,,,Ghost]Talonflame||LifeOrb|GaleWings|BraveBird,FlareBlitz,Tailwind,WillOWisp|||F|||50|,,,,,Ghost]Archaludon||AssaultVest|Stamina|BodyPress,Snarl,DragonPulse,ElectroShot|||M|||50|,,,,,Bug]Ursaluna||FlameOrb|Guts|Facade,HeadlongRush,Earthquake,Protect|||M|||50|,,,,,Ghost]Gholdengo||ChoiceSpecs|GoodasGold|MakeItRain,ShadowBall,Protect,Trick||||||50|,,,,,Flying]Meowscarada||FocusSash|Protean|FlowerTrick,KnockOff,TripleAxel,Protect|||F|||50|,,,,,Grass
|
|t:|1757175924
|teamsize|p1|4
|teamsize|p2|4
|start
|switch|p1a: Volcarona|Volcarona, L50, M|100/100
|switch|p1b: Chesnaught|Chesnaught, L50, F|100/100
|switch|p2a: Talonflame|Talonflame, L50, F|100/100
|switch|p2b: Gholdengo|Gholdengo, L50|100/100
|turn|1
|
|t:|1757175943
|switch|p2a: Ursaluna|Ursaluna, L50, M|100/100
|move|p1a: Volcarona|Protect|p1a: Volcarona
|-singleturn|p1a: Volcarona|Protect
|move|p1b: Chesnaught|Protect|p1b: Chesnaught
|-singleturn|p1b: Chesnaught|Protect
|move|p2b: Gholdengo|Trick|p1b: Chesnaught
|-activate|p1b: Chesnaught|move: Protect
|
|-status|p2a: Ursaluna|brn|[from] item: Flame Orb
|upkeep
|turn|2
|
|t:|1757175984
|switch|p2b: Talonflame|Talonflame, L50, F|100/100
|-terastallize|p1a: Volcarona|Grass
|-terastallize|p2a: Ursaluna|Ghost
|move|p1a: Volcarona|Giga Drain|p2a: Ursaluna
|-damage|p2a: Ursaluna|67/100 brn
|move|p2a: Ursaluna|Facade|p1a: Volcarona
|-damage|p1a: Volcarona|0 fnt
|faint|p1a: Volcarona
|move|p1b: Chesnaught|Body Press|p2a: Ursaluna
|-immune|p2a: Ursaluna
|
|-damage|p2a: Ursaluna|61/100 brn|[from] brn
|upkeep
|
|t:|1757175997
|switch|p1a: Tyranitar|Tyranitar, L50, F|100/100
|-weather|Sandstorm|[from] ability: Sand Stream|[of] p1a: Tyranitar
|turn|3
|
|t:|1757176033
|switch|p1b: Corviknight|Corviknight, L50, M|100/100
|move|p1a: Tyranitar|Protect|p1a: Tyranitar
|-singleturn|p1a: Tyranitar|Protect
|move|p2b: Talonflame|Brave Bird|p1b: Corviknight
|-resisted|p1b: Corviknight
|-damage|p1b: Corviknight|76/100
|-damage|p2b: Talonflame|90/100|[from] Recoil
|-damage|p2b: Talonflame|81/100|[from] item: Life Orb
|move|p2a: Ursaluna|Earthquake|p1a: Tyranitar|[spread] 
|-activate|p1a: Tyranitar|move: Protect
|-immune|p2b: Talonflame
|-immune|p1b: Corviknight
|
|-weather|Sandstorm|[upkeep]
|-damage|p2b: Talonflame|75/100|[from] Sandstorm
|-damage|p2a: Ursaluna|55/100 brn|[from] Sandstorm
|-damage|p2a: Ursaluna|50/100 brn|[from] brn
|upkeep
|turn|4
|
|t:|1757176064
|switch|p1a: Chesnaught|Chesnaught, L50, F|100/100
|move|p2b: Talonflame|Flare Blitz|p1b: Corviknight
|-supereffective|p1b: Corviknight
|-crit|p1b: Corviknight
|-damage|p1b: Corviknight|0 fnt
|faint|p1b: Corviknight
|-damage|p2b: Talonflame|43/100|[from] Recoil
|-damage|p2b: Talonflame|33/100|[from] item: Life Orb
|move|p2a: Ursaluna|Earthquake|p1a: Chesnaught|[spread] p1a
|-immune|p2b: Talonflame
|-resisted|p1a: Chesnaught
|-damage|p1a: Chesnaught|77/100
|
|-weather|Sandstorm|[upkeep]
|-damage|p2b: Talonflame|27/100|[from] Sandstorm
|-damage|p2a: Ursaluna|44/100 brn|[from] Sandstorm
|-damage|p1a: Chesnaught|71/100|[from] Sandstorm
|-heal|p1a: Chesnaught|77/100|[from] item: Leftovers
|-damage|p2a: Ursaluna|38/100 brn|[from] brn
|upkeep
|
|t:|1757176076
|switch|p1b: Tyranitar|Tyranitar, L50, F|100/100
|turn|5
|
|t:|1757176084
|move|p1a: Chesnaught|Protect|p1a: Chesnaught
|-singleturn|p1a: Chesnaught|Protect
|move|p2b: Talonflame|Tailwind|p2b: Talonflame
|-sidestart|p2: ppyyy|move: Tailwind
|move|p2a: Ursaluna|Earthquake|p1b: Tyranitar|[spread] p1b
|-activate|p1a: Chesnaught|move: Protect
|-immune|p2b: Talonflame
|-supereffective|p1b: Tyranitar
|-enditem|p1b: Tyranitar|Focus Sash
|-damage|p1b: Tyranitar|1/100
|move|p1b: Tyranitar|Rock Slide|p2a: Ursaluna|[spread] p2a
|-miss|p1b: Tyranitar|p2b: Talonflame
|-crit|p2a: Ursaluna
|-damage|p2a: Ursaluna|4/100 brn
|
|-weather|Sandstorm|[upkeep]
|-damage|p2b: Talonflame|22/100|[from] Sandstorm
|-damage|p2a: Ursaluna|0 fnt|[from] Sandstorm
|-damage|p1a: Chesnaught|71/100|[from] Sandstorm
|faint|p2a: Ursaluna
|-heal|p1a: Chesnaught|77/100|[from] item: Leftovers
|upkeep
|
|t:|1757176092
|switch|p2a: Maushold|Maushold, L50|100/100
|turn|6
|l|☆Lacossg
|player|p1|
|inactive|Battle timer is ON: inactive players will automatically lose when time's up. (requested by ppyyy)
|inactive|Lacossg has 30 seconds to reconnect!
|inactive|Lacossg has 20 seconds to reconnect!
|inactive|Lacossg has 15 seconds to reconnect!
|inactive|Lacossg has 10 seconds to reconnect!
|inactive|Lacossg has 5 seconds to reconnect!
|-message|Lacossg lost due to inactivity.
|
|win|ppyyy
|raw|Lacossg's rating: 1134 → 1119(-15 for losing)
|raw|ppyyy's rating: 1288 → 1303(+15 for winning)
