|j|☆bingbingbangus
|j|☆cheesebiscuit12
|html|bingbingbanguscheesebiscuit12    
|uhtml|bestof|Game 2 of a best-of-3
|t:|1785161041
|gametype|doubles
|player|p1|bingbingbangus|265|
|player|p2|cheesebiscuit12|169|
|gen|9
|tier|[Gen 9 Champions] VGC 2026 Reg M-B (Bo3)
|rule|Species Clause: Limit one of each Pokémon
|rule|Item Clause: Limit 1 of each item
|clearpoke
|poke|p1|Gengar, L50, F|
|poke|p1|Primarina, L50, F|
|poke|p1|Annihilape, L50, M|
|poke|p1|Clefable, L50, M|
|poke|p1|Rotom-Wash, L50|
|poke|p1|Scizor, L50, M|
|poke|p2|Gardevoir, L50, M|
|poke|p2|Metagross, L50|
|poke|p2|Whimsicott, L50, M|
|poke|p2|Sableye, L50, M|
|poke|p2|Flapple, L50, M|
|poke|p2|Azumarill, L50, F|
|teampreview|4
|showteam|p1|Gengar||Gengarite|CursedBody|ShadowBall,SludgeBomb,Protect,PerishSong|Timid||F|||50|]Primarina||Leftovers|LiquidVoice|HyperVoice,Moonblast,Protect,Haze|Calm||F|||50|]Annihilape||SitrusBerry|Defiant|RageFist,DrainPunch,BulkUp,Protect|Adamant||M|||50|]Clefable||FocusSash|Unaware|FollowMe,HelpingHand,Moonblast,Protect|Calm||M|||50|]Rotom-Wash||ExpertBelt|Levitate|HydroPump,VoltSwitch,WillOWisp,Protect|Calm|||||50|]Scizor||MuscleBand|Technician|BulletPunch,Uturn,DualWingbeat,CloseCombat|Adamant||M|||50|
|showteam|p2|Gardevoir||Gardevoirite|Telepathy|HyperVoice,Protect,Psyshock,CalmMind|Timid||M|||50|]Metagross||ExpertBelt|ClearBody|IronHead,IcePunch,Earthquake,PsychicFangs|Adamant|||||50|]Whimsicott||FocusSash|Prankster|Protect,Moonblast,Tailwind,TrickRoom|Relaxed||M|||50|]Sableye||Sablenite|Prankster|Gravity,WillOWisp,SuckerPunch,LightScreen|Careful||M|||50|]Flapple||MiracleSeed|Hustle|GravApple,DragonRush,Uturn,Protect|Jolly||M|||50|]Azumarill||SitrusBerry|HugePower|BellyDrum,PlayRough,Liquidation,AquaJet|Adamant||F|||50|
|
|t:|1785161072
|teamsize|p1|4
|teamsize|p2|4
|start
|switch|p1a: goonmaxx armstrong|Annihilape, L50, M|100/100
|switch|p1b: random ass guy|Clefable, L50, M|100/100
|switch|p2a: Xi Jinping|Whimsicott, L50, M|100/100
|switch|p2b: Benjamin Netanyahu|Sableye, L50, M|100/100
|turn|1
|
|t:|1785161093
|move|p2a: Xi Jinping|Tailwind|p2a: Xi Jinping
|-sidestart|p2: cheesebiscuit12|move: Tailwind
|move|p2b: Benjamin Netanyahu|Light Screen|p2b: Benjamin Netanyahu
|-sidestart|p2: cheesebiscuit12|move: Light Screen
|move|p1a: goonmaxx armstrong|Bulk Up|p1a: goonmaxx armstrong
|-boost|p1a: goonmaxx armstrong|atk|1
|-boost|p1a: goonmaxx armstrong|def|1
|move|p1b: random ass guy|Moonblast|p2a: Xi Jinping
|-damage|p2a: Xi Jinping|71/100
|
|upkeep
|turn|2
|
|t:|1785161135
|switch|p2a: Paul Biya|Flapple, L50, M|100/100
|move|p2b: Benjamin Netanyahu|Gravity|p2b: Benjamin Netanyahu
|-fieldstart|move: Gravity
|move|p1a: goonmaxx armstrong|Bulk Up|p1a: goonmaxx armstrong
|-boost|p1a: goonmaxx armstrong|atk|1
|-boost|p1a: goonmaxx armstrong|def|1
|move|p1b: random ass guy|Moonblast|p2a: Paul Biya
|-supereffective|p2a: Paul Biya|1
|-damage|p2a: Paul Biya|45/100
|
|upkeep
|turn|3
|
|t:|1785161153
|move|p2b: Benjamin Netanyahu|Sucker Punch||[still]
|-fail|p2b: Benjamin Netanyahu
|move|p2a: Paul Biya|Grav Apple|p1a: goonmaxx armstrong
|-damage|p1a: goonmaxx armstrong|44/100
|-unboost|p1a: goonmaxx armstrong|def|1
|-ability|p1a: goonmaxx armstrong|Defiant|boost
|-boost|p1a: goonmaxx armstrong|atk|2
|-enditem|p1a: goonmaxx armstrong|Sitrus Berry|[eat]
|-heal|p1a: goonmaxx armstrong|69/100|[from] item: Sitrus Berry
|move|p1a: goonmaxx armstrong|Bulk Up|p1a: goonmaxx armstrong
|-boost|p1a: goonmaxx armstrong|atk|1
|-boost|p1a: goonmaxx armstrong|def|1
|move|p1b: random ass guy|Moonblast|p2a: Paul Biya
|-supereffective|p2a: Paul Biya|1
|-crit|p2a: Paul Biya
|-damage|p2a: Paul Biya|0 fnt
|faint|p2a: Paul Biya
|
|upkeep
|
|t:|1785161168
|switch|p2a: Putin|Azumarill, L50, F|100/100
|turn|4
|
|t:|1785161178
|detailschange|p2b: Benjamin Netanyahu|Sableye-Mega, L50, M
|-mega|p2b: Benjamin Netanyahu|Sableye|Sablenite
|move|p1b: random ass guy|Follow Me|p1b: random ass guy
|-singleturn|p1b: random ass guy|move: Follow Me
|move|p2b: Benjamin Netanyahu|Sucker Punch||[still]
|-fail|p2b: Benjamin Netanyahu
|move|p2a: Putin|Belly Drum|p2a: Putin
|-damage|p2a: Putin|50/100y
|-setboost|p2a: Putin|atk|6|[from] move: Belly Drum
|-enditem|p2a: Putin|Sitrus Berry|[eat]
|-heal|p2a: Putin|74/100|[from] item: Sitrus Berry
|move|p1a: goonmaxx armstrong|Rage Fist|p2a: Putin
|-damage|p2a: Putin|0 fnt
|faint|p2a: Putin
|
|-sideend|p2: cheesebiscuit12|move: Tailwind
|upkeep
|
|t:|1785161193
|switch|p2a: Xi Jinping|Whimsicott, L50, M|71/100
|turn|5
|
|t:|1785161215
|move|p1b: random ass guy|Helping Hand|p1a: goonmaxx armstrong
|-singleturn|p1a: goonmaxx armstrong|Helping Hand|[of] p1b: random ass guy
|move|p2b: Benjamin Netanyahu|Sucker Punch|p1a: goonmaxx armstrong
|-damage|p1a: goonmaxx armstrong|57/100
|move|p2a: Xi Jinping|Moonblast|p1a: goonmaxx armstrong
|-supereffective|p1a: goonmaxx armstrong|1
|-damage|p1a: goonmaxx armstrong|9/100
|move|p1a: goonmaxx armstrong|Drain Punch|p2a: Xi Jinping
|-resisted|p2a: Xi Jinping|1
|-damage|p2a: Xi Jinping|0 fnt
|-heal|p1a: goonmaxx armstrong|36/100|[from] drain|[of] p2a: Xi Jinping
|faint|p2a: Xi Jinping
|
|-sideend|p2: cheesebiscuit12|move: Light Screen
|upkeep
|turn|6
|
|t:|1785161237
|move|p1b: random ass guy|Helping Hand|p1a: goonmaxx armstrong
|-singleturn|p1a: goonmaxx armstrong|Helping Hand|[of] p1b: random ass guy
|move|p1a: goonmaxx armstrong|Rage Fist|p2b: Benjamin Netanyahu
|-crit|p2b: Benjamin Netanyahu
|-damage|p2b: Benjamin Netanyahu|0 fnt
|faint|p2b: Benjamin Netanyahu
|
|win|bingbingbangus
||cheesebiscuit12 is ready for game 3.
||bingbingbangus is ready for game 3.
|uhtml|next|Next: Game 3 of 3
