|j|☆PaquitoelBollito
|j|☆espectrometria
|html|PaquitoelBollitoespectrometria    
|uhtml|bestof|Game 1 of a best-of-3
|t:|1785095671
|gametype|doubles
|player|p1|PaquitoelBollito|170|1122
|player|p2|espectrometria|nate|1087
|gen|9
|tier|[Gen 9 Champions] VGC 2026 Reg M-B (Bo3)
|rated|
|rule|Species Clause: Limit one of each Pokémon
|rule|Item Clause: Limit 1 of each item
|clearpoke
|poke|p1|Aerodactyl, L50, M|
|poke|p1|Kingambit, L50, M|
|poke|p1|Garchomp, L50, F|
|poke|p1|Farigiraf, L50, F|
|poke|p1|Charizard, L50, F|
|poke|p1|Sylveon, L50, M|
|poke|p2|Sylveon, L50, F|
|poke|p2|Sneasler, L50, F|
|poke|p2|Charizard, L50, M, shiny|
|poke|p2|Garchomp, L50, F|
|poke|p2|Venusaur, L50, M|
|poke|p2|Incineroar, L50, M|
|teampreview|4
|showteam|p1|Aerodactyl||Aerodactylite|Unnerve|Tailwind,DualWingbeat,IceFang,RockSlide|Jolly||M|||50|]Kingambit||BlackGlasses|Defiant|SuckerPunch,KowtowCleave,Protect,LowKick|Adamant||M|||50|]Garchomp||LifeOrb|RoughSkin|Protect,DragonClaw,Earthquake,StompingTantrum|Jolly||F|||50|]Farigiraf||SitrusBerry|ArmorTail|PsychicFangs,Thunderbolt,TrickRoom,SunnyDay|Relaxed||F|||50|]Charizard||CharizarditeY|Blaze|Protect,HeatWave,WeatherBall,SolarBeam|Modest||F|||50|]Sylveon||FairyFeather|Pixilate|HyperVoice,Protect,QuickAttack,HyperBeam|Modest||M|||50|
|showteam|p2|Sylveon||FairyFeather|Pixilate|Detect,HyperVoice,HyperBeam,QuickAttack|Modest||F|||50|]Sneasler||WhiteHerb|PoisonTouch|CloseCombat,DireClaw,RockSlide,Protect|Naughty||F|||50|]Charizard||CharizarditeY|Blaze|Protect,HeatWave,WeatherBall,SolarBeam|Rash||M|||50|]Garchomp||LifeOrb|RoughSkin|DragonClaw,Earthquake,Protect,RockSlide|Jolly||F|||50|]Venusaur||FocusSash|Chlorophyll|Protect,SludgeBomb,SleepPowder,EnergyBall|Modest||M|||50|]Incineroar||SitrusBerry|Intimidate|FakeOut,PartingShot,DarkestLariat,FlareBlitz|Serious||M|||50|
|inactive|Battle timer is ON: inactive players will automatically lose when time's up. (requested by PaquitoelBollito)
|inactive|espectrometria has 60 seconds left.
|
|t:|1785095719
|teamsize|p1|4
|teamsize|p2|4
|start
|switch|p1a: Kingambit|Kingambit, L50, M|100/100
|switch|p1b: Aerodactyl|Aerodactyl, L50, M|100/100
|switch|p2a: Garchomp|Garchomp, L50, F|100/100
|switch|p2b: Sneasler|Sneasler, L50, F|100/100
|-ability|p1b: Aerodactyl|Unnerve
|turn|1
|inactive|PaquitoelBollito has 30 seconds left.
|inactive|PaquitoelBollito has 20 seconds left.
|inactive|PaquitoelBollito has 15 seconds left.
|inactive|PaquitoelBollito has 10 seconds left.
|
|t:|1785095766
|detailschange|p1b: Aerodactyl|Aerodactyl-Mega, L50, M
|-mega|p1b: Aerodactyl|Aerodactyl|Aerodactylite
|move|p2b: Sneasler|Protect|p2b: Sneasler
|-singleturn|p2b: Sneasler|Protect
|move|p2a: Garchomp|Protect|p2a: Garchomp
|-singleturn|p2a: Garchomp|Protect
|move|p1a: Kingambit|Protect|p1a: Kingambit
|-singleturn|p1a: Kingambit|Protect
|move|p1b: Aerodactyl|Tailwind|p1b: Aerodactyl
|-sidestart|p1: PaquitoelBollito|move: Tailwind
|
|upkeep
|turn|2
|
|t:|1785095790
|switch|p1a: Garchomp|Garchomp, L50, F|100/100
|switch|p2a: Charizard|Charizard, L50, M, shiny|100/100
|move|p1b: Aerodactyl|Ice Fang|p2a: Charizard
|-damage|p2a: Charizard|71/100
|move|p2b: Sneasler|Close Combat|p1a: Garchomp
|-damage|p1a: Garchomp|41/100
|-unboost|p2b: Sneasler|def|1
|-unboost|p2b: Sneasler|spd|1
|-damage|p2b: Sneasler|87/100|[from] ability: Rough Skin|[of] p1a: Garchomp
|-enditem|p2b: Sneasler|White Herb
|-clearnegativeboost|p2b: Sneasler|[silent]
|
|upkeep
|turn|3
|
|t:|1785095813
|switch|p2b: Garchomp|Garchomp, L50, F|100/100
|switch|p2a: Incineroar|Incineroar, L50, M|100/100
|-ability|p2a: Incineroar|Intimidate|boost
|-unboost|p1a: Garchomp|atk|1
|-unboost|p1b: Aerodactyl|atk|1
|move|p1b: Aerodactyl|Rock Slide|p2a: Incineroar|[spread] p2a,p2b
|-supereffective|p2a: Incineroar|1
|-resisted|p2b: Garchomp|1
|-damage|p2a: Incineroar|68/100
|-damage|p2b: Garchomp|91/100
|move|p1a: Garchomp|Earthquake|p2a: Incineroar|[spread] p2a,p2b
|-immune|p1b: Aerodactyl
|-supereffective|p2a: Incineroar|1
|-damage|p2a: Incineroar|2/100
|-damage|p2b: Garchomp|61/100
|-enditem|p2a: Incineroar|Sitrus Berry|[eat]
|-heal|p2a: Incineroar|26/100|[from] item: Sitrus Berry
|-damage|p1a: Garchomp|31/100|[from] item: Life Orb
|
|upkeep
|turn|4
|inactive|espectrometria has 30 seconds left.
|
|t:|1785095842
|move|p2a: Incineroar|Fake Out|p1b: Aerodactyl
|-resisted|p1b: Aerodactyl|1
|-damage|p1b: Aerodactyl|93/100
|cant|p1b: Aerodactyl|flinch
|move|p1a: Garchomp|Earthquake|p2b: Garchomp|[spread] p2a,p2b
|-immune|p1b: Aerodactyl
|-supereffective|p2a: Incineroar|1
|-damage|p2a: Incineroar|0 fnt
|-damage|p2b: Garchomp|27/100
|faint|p2a: Incineroar
|-damage|p1a: Garchomp|22/100|[from] item: Life Orb
|move|p2b: Garchomp|Dragon Claw|p1a: Garchomp
|-supereffective|p1a: Garchomp|1
|-damage|p1a: Garchomp|0 fnt
|-damage|p2b: Garchomp|15/100|[from] ability: Rough Skin|[of] p1a: Garchomp
|faint|p1a: Garchomp
|-damage|p2b: Garchomp|5/100|[from] item: Life Orb
|
|-sideend|p1: PaquitoelBollito|move: Tailwind
|upkeep
|j| gruarg
|l| gruarg
|
|t:|1785095864
|switch|p1a: Sylveon|Sylveon, L50, M|100/100
|switch|p2a: Charizard|Charizard, L50, M, shiny|71/100
|turn|5
|
|t:|1785095878
|detailschange|p2a: Charizard|Charizard-Mega-Y, L50, M, shiny
|-mega|p2a: Charizard|Charizard|Charizardite Y
|-weather|SunnyDay|[from] ability: Drought|[of] p2a: Charizard
|move|p2b: Garchomp|Protect|p2b: Garchomp
|-singleturn|p2b: Garchomp|Protect
|move|p1a: Sylveon|Quick Attack|p2b: Garchomp
|-activate|p2b: Garchomp|move: Protect
|move|p1b: Aerodactyl|Rock Slide|p2b: Garchomp|[spread] p2a
|-activate|p2b: Garchomp|move: Protect
|-supereffective|p2a: Charizard|2
|-damage|p2a: Charizard|0 fnt
|faint|p2a: Charizard
|
|-weather|SunnyDay|[upkeep]
|upkeep
|
|t:|1785095890
|switch|p2a: Sneasler|Sneasler, L50, F|87/100
|turn|6
|
|t:|1785095898
|move|p1a: Sylveon|Quick Attack|p2b: Garchomp
|-supereffective|p2b: Garchomp|1
|-damage|p2b: Garchomp|0 fnt
|-damage|p1a: Sylveon|87/100|[from] ability: Rough Skin|[of] p2b: Garchomp
|faint|p2b: Garchomp
|move|p1b: Aerodactyl|Dual Wingbeat|p2a: Sneasler
|-supereffective|p2a: Sneasler|1
|-damage|p2a: Sneasler|41/100
|-supereffective|p2a: Sneasler|1
|-crit|p2a: Sneasler
|-damage|p2a: Sneasler|0 fnt
|faint|p2a: Sneasler
|-hitcount|p2: Sneasler|2
|
|win|PaquitoelBollito
