|j|ŌśåIts last min
|j|Ōśådragonboy2100
|html|Its last mindragonboy2100    
|uhtml|bestof|Game 1 of a best-of-3
|t:|1756783053
|gametype|doubles
|player|p1|Its last min|1|1226
|player|p2|dragonboy2100|sage|1290
|gen|9
|tier|[Gen 9] VGC 2025 Reg H (Bo3)
|rated|
|rule|Species Clause: Limit one of each Pok├®mon
|rule|Item Clause: Limit 1 of each item
|clearpoke
|poke|p1|Rillaboom, L50, M|
|poke|p1|Gholdengo, L50|
|poke|p1|Ursaluna-Bloodmoon, L50, M|
|poke|p1|Whimsicott, L50, M|
|poke|p1|Annihilape, L50, F|
|poke|p1|Incineroar, L50, F|
|poke|p2|Garchomp, L50, M|
|poke|p2|Dragonite, L50, F|
|poke|p2|Kingambit, L50, F|
|poke|p2|Ninetales-Alola, L50, F|
|poke|p2|Incineroar, L50, M|
|poke|p2|Amoonguss, L50, M|
|teampreview|4
|showteam|p1|Rillaboom||AssaultVest|GrassySurge|FakeOut,GrassyGlide,WoodHammer,HighHorsepower|||M|||50|,,,,,Fire]Gholdengo||GrassySeed|GoodasGold|NastyPlot,MakeItRain,ShadowBall,Protect||||||50|,,,,,Water]Ursaluna-Bloodmoon||LifeOrb|MindsEye|BloodMoon,EarthPower,HyperVoice,Protect|||M|||50|,,,,,Normal]Whimsicott||CovertCloak|Prankster|Moonblast,Tailwind,Encore,FakeTears|||M|||50|,,,,,Steel]Annihilape||FocusSash|Defiant|RageFist,CloseCombat,FinalGambit,Taunt|||F|||50|,,,,,Grass]Incineroar||SafetyGoggles|Intimidate|KnockOff,FlareBlitz,PartingShot,FakeOut|||F|||50|,,,,,Ghost
|showteam|p2|Garchomp||ChoiceBand|RoughSkin|RockSlide,StompingTantrum,DragonClaw,Earthquake|||M|||50|,,,,,Steel]Dragonite||LumBerry|Multiscale|Protect,ExtremeSpeed,LowKick,TeraBlast|||F|||50|,,,,,Flying]Kingambit||AssaultVest|Defiant|KowtowCleave,IronHead,SuckerPunch,LowKick|||F|||50|,,,,,Dark]Ninetales-Alola||ChoiceSpecs|SnowWarning|Blizzard,Moonblast,FreezeDry,IceBeam|||F|||50|,,,,,Ice]Incineroar||SafetyGoggles|Intimidate|PartingShot,FlareBlitz,KnockOff,FakeOut|||M|||50|,,,,,Ghost]Amoonguss||SitrusBerry|Regenerator|Spore,RagePowder,PollenPuff,ClearSmog|||M|||50|,,,,,Water
|c|Ōśådragonboy2100|lorcy?
|c|ŌśåIts last min|Maybe
|inactive|Battle timer is ON: inactive players will automatically lose when time's up. (requested by dragonboy2100)
|c|ŌśåIts last min|jk yes
|c|ŌśåIts last min|glhf
|c|Ōśådragonboy2100|o/
|c|Ōśådragonboy2100|paul chua says hi
|inactive|dragonboy2100 has 60 seconds left.
|c|ŌśåIts last min|Coaching ?
|c|Ōśådragonboy2100|nah
|c|Ōśådragonboy2100|just in call
|inactive|dragonboy2100 has 30 seconds left.
|inactive|dragonboy2100 has 20 seconds left.
|inactive|dragonboy2100 has 15 seconds left.
|inactive|dragonboy2100 has 10 seconds left.
|
|t:|1756783161
|teamsize|p1|4
|teamsize|p2|4
|start
|switch|p1a: Whimsicott|Whimsicott, L50, M|100/100
|switch|p1b: Gholdengo|Gholdengo, L50|100/100
|switch|p2a: Dragonite|Dragonite, L50, F|100/100
|switch|p2b: Incineroar|Incineroar, L50, M|100/100
|-ability|p2b: Incineroar|Intimidate|boost
|-unboost|p1a: Whimsicott|atk|1
|-unboost|p1b: Gholdengo|atk|1
|turn|1
|inactive|Its last min has 30 seconds left.
|inactive|dragonboy2100 has 30 seconds left.
|inactive|dragonboy2100 has 20 seconds left.
|inactive|dragonboy2100 has 15 seconds left.
|inactive|dragonboy2100 has 10 seconds left.
|inactive|Its last min has 20 seconds left.
|inactive|dragonboy2100 has 5 seconds left.
|
|t:|1756783213
|switch|p1a: Rillaboom|Rillaboom, L50, M|100/100
|-fieldstart|move: Grassy Terrain|[from] ability: Grassy Surge|[of] p1a: Rillaboom
|-enditem|p1b: Gholdengo|Grassy Seed
|-boost|p1b: Gholdengo|def|1|[from] item: Grassy Seed
|-terastallize|p1b: Gholdengo|Water
|-terastallize|p2a: Dragonite|Flying
|move|p1b: Gholdengo|Nasty Plot|p1b: Gholdengo
|-boost|p1b: Gholdengo|spa|2
|move|p2a: Dragonite|Tera Blast|p1b: Gholdengo|[anim] Tera Blast Flying
|-damage|p1b: Gholdengo|55/100
|move|p2b: Incineroar|Flare Blitz|p1b: Gholdengo
|-resisted|p1b: Gholdengo
|-damage|p1b: Gholdengo|34/100
|-damage|p2b: Incineroar|95/100|[from] Recoil
|
|-heal|p1b: Gholdengo|40/100|[from] Grassy Terrain
|-heal|p2b: Incineroar|100/100|[from] Grassy Terrain
|upkeep
|turn|2
|inactive|Its last min has 30 seconds left.
|inactive|dragonboy2100 has 30 seconds left.
|inactive|Its last min has 20 seconds left.
|inactive|Its last min has 15 seconds left.
|inactive|dragonboy2100 has 20 seconds left.
|inactive|Its last min has 10 seconds left.
|inactive|dragonboy2100 has 15 seconds left.
|inactive|Its last min has 5 seconds left.
|
|t:|1756783265
|move|p1a: Rillaboom|Fake Out|p2a: Dragonite
|-damage|p2a: Dragonite|93/100
|move|p1b: Gholdengo|Make It Rain|p2a: Dragonite|[spread] p2a,p2b
|-resisted|p2b: Incineroar
|-damage|p2a: Dragonite|12/100
|-damage|p2b: Incineroar|60/100
|-unboost|p1b: Gholdengo|spa|1
|cant|p2a: Dragonite|flinch
|move|p2b: Incineroar|Parting Shot|p1a: Rillaboom
|-unboost|p1a: Rillaboom|atk|1
|-unboost|p1a: Rillaboom|spa|1
|
|t:|1756783277
|switch|p2b: Ninetales|Ninetales-Alola, L50, F|100/100|[from] Parting Shot
|-weather|Snowscape|[from] ability: Snow Warning|[of] p2b: Ninetales
|
|-weather|Snowscape|[upkeep]
|-heal|p1b: Gholdengo|46/100|[from] Grassy Terrain
|upkeep
|turn|3
|inactive|Its last min has 30 seconds left.
|inactive|dragonboy2100 has 30 seconds left.
|inactive|Its last min has 20 seconds left.
|
|t:|1756783318
|switch|p2a: Incineroar|Incineroar, L50, M|60/100
|-ability|p2a: Incineroar|Intimidate|boost
|-unboost|p1a: Rillaboom|atk|1
|-unboost|p1b: Gholdengo|atk|1
|move|p1b: Gholdengo|Protect|p1b: Gholdengo
|-singleturn|p1b: Gholdengo|Protect
|move|p2b: Ninetales|Freeze-Dry|p1b: Gholdengo
|-activate|p1b: Gholdengo|move: Protect
|move|p1a: Rillaboom|Wood Hammer|p2b: Ninetales
|-damage|p2b: Ninetales|64/100
|-damage|p1a: Rillaboom|91/100|[from] Recoil
|
|-weather|Snowscape|[upkeep]
|-heal|p2b: Ninetales|71/100|[from] Grassy Terrain
|-heal|p1b: Gholdengo|52/100|[from] Grassy Terrain
|-heal|p1a: Rillaboom|97/100|[from] Grassy Terrain
|-heal|p2a: Incineroar|66/100|[from] Grassy Terrain
|upkeep
|turn|4
|inactive|Its last min has 30 seconds left.
|inactive|Its last min has 20 seconds left.
|inactive|Its last min has 15 seconds left.
|inactive|Its last min has 10 seconds left.
|
|t:|1756783365
|switch|p1a: Whimsicott|Whimsicott, L50, M|100/100
|move|p1b: Gholdengo|Protect||[still]
|-fail|p1b: Gholdengo
|move|p2b: Ninetales|Freeze-Dry|p1b: Gholdengo
|-supereffective|p1b: Gholdengo
|-damage|p1b: Gholdengo|0 fnt
|faint|p1b: Gholdengo
|move|p2a: Incineroar|Parting Shot|p1a: Whimsicott
|-unboost|p1a: Whimsicott|atk|1
|-unboost|p1a: Whimsicott|spa|1
|
|t:|1756783375
|switch|p2a: Amoonguss|Amoonguss, L50, M|100/100|[from] Parting Shot
|
|-weather|Snowscape|[upkeep]
|-heal|p2b: Ninetales|77/100|[from] Grassy Terrain
|upkeep
|
|t:|1756783378
|switch|p1b: Ursaluna|Ursaluna-Bloodmoon, L50, M|100/100
|turn|5
|inactive|dragonboy2100 has 30 seconds left.
|inactive|dragonboy2100 has 20 seconds left.
|inactive|dragonboy2100 has 15 seconds left.
|inactive|dragonboy2100 has 10 seconds left.
|inactive|dragonboy2100 has 5 seconds left.
|
|t:|1756783429
|move|p1a: Whimsicott|Tailwind|p1a: Whimsicott
|-sidestart|p1: Its last min|move: Tailwind
|move|p1b: Ursaluna|Blood Moon|p2b: Ninetales
|-damage|p2b: Ninetales|0 fnt
|faint|p2b: Ninetales
|-damage|p1b: Ursaluna|91/100|[from] item: Life Orb
|move|p2a: Amoonguss|Spore|p1b: Ursaluna
|-status|p1b: Ursaluna|slp|[from] move: Spore
|
|-weather|Snowscape|[upkeep]
|-heal|p1b: Ursaluna|97/100 slp|[from] Grassy Terrain
|-fieldend|move: Grassy Terrain
|upkeep
|
|t:|1756783435
|switch|p2b: Incineroar|Incineroar, L50, M|66/100
|-ability|p2b: Incineroar|Intimidate|boost
|-unboost|p1a: Whimsicott|atk|1
|-unboost|p1b: Ursaluna|atk|1
|turn|6
|
|t:|1756783448
|move|p1a: Whimsicott|Encore|p1b: Ursaluna
|-start|p1b: Ursaluna|Encore
|cant|p1b: Ursaluna|slp
|move|p2b: Incineroar|Flare Blitz|p1a: Whimsicott
|-supereffective|p1a: Whimsicott
|-damage|p1a: Whimsicott|0 fnt
|faint|p1a: Whimsicott
|-damage|p2b: Incineroar|39/100|[from] Recoil
|move|p2a: Amoonguss|Pollen Puff|p2b: Incineroar
|-heal|p2b: Incineroar|89/100
|
|-weather|none
|upkeep
|
|t:|1756783453
|switch|p1a: Rillaboom|Rillaboom, L50, M|97/100
|-fieldstart|move: Grassy Terrain|[from] ability: Grassy Surge|[of] p1a: Rillaboom
|turn|7
|c|ŌśåIts last min|Bruh
|inactive|dragonboy2100 has 30 seconds left.
|inactive|dragonboy2100 has 20 seconds left.
|inactive|dragonboy2100 has 15 seconds left.
|inactive|dragonboy2100 has 10 seconds left.
|inactive|dragonboy2100 has 5 seconds left.
|
|t:|1756783504
|move|p1a: Rillaboom|Fake Out|p2b: Incineroar
|-damage|p2b: Incineroar|75/100
|cant|p1b: Ursaluna|slp
|cant|p2b: Incineroar|flinch
|move|p2a: Amoonguss|Spore|p1b: Ursaluna
|-fail|p1b: Ursaluna|slp
|
|-heal|p1a: Rillaboom|100/100|[from] Grassy Terrain
|-heal|p1b: Ursaluna|100/100 slp|[from] Grassy Terrain
|-heal|p2b: Incineroar|81/100|[from] Grassy Terrain
|upkeep
|turn|8
|inactive|dragonboy2100 has 30 seconds left.
|
|t:|1756783530
|move|p2a: Amoonguss|Rage Powder|p2a: Amoonguss
|-singleturn|p2a: Amoonguss|move: Rage Powder
|move|p1a: Rillaboom|High Horsepower|p2b: Incineroar|[miss]
|-miss|p1a: Rillaboom|p2b: Incineroar
|cant|p1b: Ursaluna|slp
|move|p2b: Incineroar|Parting Shot|p1a: Rillaboom
|-unboost|p1a: Rillaboom|atk|1
|-unboost|p1a: Rillaboom|spa|1
|
|t:|1756783538
|switch|p2b: Dragonite|Dragonite, L50, F, tera:Flying|12/100|[from] Parting Shot
|
|-end|p1b: Ursaluna|Encore
|-sideend|p1: Its last min|move: Tailwind
|upkeep
|turn|9
|inactive|dragonboy2100 has 30 seconds left.
|
|t:|1756783570
|move|p2b: Dragonite|Protect|p2b: Dragonite
|-singleturn|p2b: Dragonite|Protect
|move|p1a: Rillaboom|Grassy Glide|p2b: Dragonite
|-activate|p2b: Dragonite|move: Protect
|-curestatus|p1b: Ursaluna|slp|[msg]
|move|p1b: Ursaluna|Hyper Voice|p2b: Dragonite|[spread] p2a
|-activate|p2b: Dragonite|move: Protect
|-crit|p2a: Amoonguss
|-damage|p2a: Amoonguss|35/100
|-enditem|p2a: Amoonguss|Sitrus Berry|[eat]
|-heal|p2a: Amoonguss|60/100|[from] item: Sitrus Berry
|-damage|p1b: Ursaluna|91/100|[from] item: Life Orb
|move|p2a: Amoonguss|Spore|p1b: Ursaluna
|-status|p1b: Ursaluna|slp|[from] move: Spore
|
|-heal|p1b: Ursaluna|97/100 slp|[from] Grassy Terrain
|-heal|p2a: Amoonguss|66/100|[from] Grassy Terrain
|upkeep
|turn|10
|
|t:|1756783584
|switch|p2a: Incineroar|Incineroar, L50, M|81/100
|-ability|p2a: Incineroar|Intimidate|boost
|-unboost|p1a: Rillaboom|atk|1
|-unboost|p1b: Ursaluna|atk|1
|move|p1a: Rillaboom|Grassy Glide|p2b: Dragonite
|-resisted|p2b: Dragonite
|-damage|p2b: Dragonite|2/100
|move|p2b: Dragonite|Tera Blast|p1a: Rillaboom|[anim] Tera Blast Flying
|-supereffective|p1a: Rillaboom
|-damage|p1a: Rillaboom|0 fnt
|faint|p1a: Rillaboom
|cant|p1b: Ursaluna|slp
|
|-heal|p1b: Ursaluna|100/100 slp|[from] Grassy Terrain
|-heal|p2a: Incineroar|87/100|[from] Grassy Terrain
|upkeep
|turn|11
|
|t:|1756783593
|cant|p1b: Ursaluna|slp
|move|p2a: Incineroar|Fake Out|p1b: Ursaluna
|-damage|p1b: Ursaluna|91/100 slp
|move|p2b: Dragonite|Low Kick|p1b: Ursaluna
|-supereffective|p1b: Ursaluna
|-damage|p1b: Ursaluna|11/100 slp
|
|-heal|p1b: Ursaluna|16/100 slp|[from] Grassy Terrain
|-heal|p2a: Incineroar|93/100|[from] Grassy Terrain
|-fieldend|move: Grassy Terrain
|upkeep
|turn|12
|
|t:|1756783600
|move|p2b: Dragonite|Low Kick|p1b: Ursaluna
|-supereffective|p1b: Ursaluna
|-damage|p1b: Ursaluna|0 fnt
|faint|p1b: Ursaluna
|
|win|dragonboy2100
||dragonboy2100 is ready for game 2.
||Its last min is ready for game 2.
|uhtml|next|Next: Game 2 of 3
