|j|☆pakaan64
|j|☆geardox
|html|pakaan64geardox    
|uhtml|bestof|Game 3 of a best-of-3
|t:|1756568973
|gametype|doubles
|player|p1|pakaan64|101|1121
|player|p2|geardox|cyclist|1098
|gen|9
|tier|[Gen 9] VGC 2025 Reg H (Bo3)
|rated|
|rule|Species Clause: Limit one of each Pokémon
|rule|Item Clause: Limit 1 of each item
|clearpoke
|poke|p1|Metagross, L50|
|poke|p1|Ninetales-Alola, L50, F|
|poke|p1|Flygon, L50, F|
|poke|p1|Ursaluna, L50, F|
|poke|p1|Incineroar, L50, M|
|poke|p1|Electabuzz, L50, M|
|poke|p2|Sneasler, L50, M|
|poke|p2|Garchomp, L50, M|
|poke|p2|Corviknight, L50, F|
|poke|p2|Archaludon, L50, M|
|poke|p2|Amoonguss, L50, F|
|poke|p2|Incineroar, L50, F|
|teampreview|4
|showteam|p1|Metagross||Leftovers|ClearBody|HeavySlam,PsychicFangs,Protect,BulletPunch||||||50|,,,,,Water]Ninetales-Alola||LightClay|SnowWarning|AuroraVeil,Blizzard,Protect,Moonblast|||F|||50|,,,,,Ice]Flygon||CovertCloak|Levitate|Tailwind,DragonDance,Protect,Outrage|||F|||50|,,,,,Dragon]Ursaluna||FlameOrb|Guts|Earthquake,Protect,Facade,HeadlongRush|||F|||50|,,,,,Ground]Incineroar||AssaultVest|Intimidate|KnockOff,FakeOut,FlareBlitz,Uturn|||M|||50|,,,,,Bug]Electabuzz||Eviolite|VitalSpirit|Electroweb,FollowMe,Protect,HelpingHand|||M|||50|,,,,,Fairy
|showteam|p2|Sneasler||FocusSash|Unburden|DireClaw,CloseCombat,ThroatChop,Coaching|||M|||50|,,,,,Ghost]Garchomp||LifeOrb|RoughSkin|Protect,Earthquake,DragonClaw,StompingTantrum|||M|||50|,,,,,Ground]Corviknight||SitrusBerry|MirrorArmor|BraveBird,Tailwind,Roost,Taunt|||F|||50|,,,,,Fire]Archaludon||PowerHerb|Stamina|Protect,DracoMeteor,FlashCannon,ElectroShot|||M|||50|,,,,,Dragon]Amoonguss||RockyHelmet|Regenerator|ClearSmog,RagePowder,Spore,PollenPuff|||F|||50|,,,,,Water]Incineroar||AssaultVest|Intimidate|KnockOff,FlareBlitz,FakeOut,Uturn|||F|||50|,,,,,Ghost
|inactive|Battle timer is ON: inactive players will automatically lose when time's up. (requested by geardox)
|
|t:|1756569003
|teamsize|p1|4
|teamsize|p2|4
|start
|switch|p1a: Ursaluna|Ursaluna, L50, F|100/100
|switch|p1b: Flygon|Flygon, L50, F|100/100
|switch|p2a: Incineroar|Incineroar, L50, F|100/100
|switch|p2b: Riku|Sneasler, L50, M|100/100
|-ability|p2a: Incineroar|Intimidate|boost
|-unboost|p1a: Ursaluna|atk|1
|-unboost|p1b: Flygon|atk|1
|turn|1
|inactive|geardox has 30 seconds left.
|
|t:|1756569030
|move|p1a: Ursaluna|Protect|p1a: Ursaluna
|-singleturn|p1a: Ursaluna|Protect
|move|p2a: Incineroar|Fake Out|p1a: Ursaluna
|-activate|p1a: Ursaluna|move: Protect
|move|p2b: Riku|Close Combat|p1b: Flygon
|-damage|p1b: Flygon|38/100
|-unboost|p2b: Riku|def|1
|-unboost|p2b: Riku|spd|1
|move|p1b: Flygon|Tailwind|p1b: Flygon
|-sidestart|p1: pakaan64|move: Tailwind
|
|-status|p1a: Ursaluna|brn|[from] item: Flame Orb
|upkeep
|turn|2
|
|t:|1756569052
|switch|p2a: Amoonguss|Amoonguss, L50, F, shiny|100/100
|-terastallize|p1a: Ursaluna|Ground
|move|p1b: Flygon|Outrage|p2a: Amoonguss
|-damage|p2a: Amoonguss|77/100
|-damage|p1b: Flygon|22/100|[from] item: Rocky Helmet|[of] p2a: Amoonguss
|move|p2b: Riku|Coaching|p2a: Amoonguss
|-boost|p2a: Amoonguss|atk|1
|-boost|p2a: Amoonguss|def|1
|move|p1a: Ursaluna|Earthquake|p2a: Amoonguss|[spread] p2a,p2b
|-immune|p1b: Flygon|[from] ability: Levitate
|-supereffective|p2b: Riku
|-damage|p2a: Amoonguss|50/100
|-enditem|p2b: Riku|Focus Sash
|-damage|p2b: Riku|1/100
|
|-damage|p1a: Ursaluna|95/100 brn|[from] brn
|upkeep
|turn|3
|inactive|pakaan64 has 30 seconds left.
|inactive|geardox has 30 seconds left.
|inactive|geardox has 20 seconds left.
|
|t:|1756569089
|move|p2a: Amoonguss|Rage Powder|p2a: Amoonguss
|-singleturn|p2a: Amoonguss|move: Rage Powder
|move|p2b: Riku|Close Combat|p1a: Ursaluna
|-damage|p1a: Ursaluna|44/100 brn
|-unboost|p2b: Riku|def|1
|-unboost|p2b: Riku|spd|1
|move|p1b: Flygon|Outrage|p2a: Amoonguss|[from] lockedmove
|-damage|p2a: Amoonguss|33/100
|-damage|p1b: Flygon|6/100|[from] item: Rocky Helmet|[of] p2a: Amoonguss
|-start|p1b: Flygon|confusion|[fatigue]
|move|p1a: Ursaluna|Facade|p2a: Amoonguss
|-damage|p2a: Amoonguss|0 fnt
|-damage|p1a: Ursaluna|27/100 brn|[from] item: Rocky Helmet|[of] p2a: Amoonguss
|faint|p2a: Amoonguss
|
|-damage|p1a: Ursaluna|21/100 brn|[from] brn
|upkeep
|
|t:|1756569108
|switch|p2a: Incineroar|Incineroar, L50, F|100/100
|-ability|p2a: Incineroar|Intimidate|boost
|-unboost|p1a: Ursaluna|atk|1
|-unboost|p1b: Flygon|atk|1
|turn|4
|
|t:|1756569116
|switch|p1b: Ninetales|Ninetales-Alola, L50, F|100/100
|-weather|Snowscape|[from] ability: Snow Warning|[of] p1b: Ninetales
|switch|p1a: Metagross|Metagross, L50|100/100
|move|p2a: Incineroar|Fake Out|p1b: Ninetales
|-damage|p1b: Ninetales|89/100
|move|p2b: Riku|Close Combat|p1a: Metagross
|-damage|p1a: Metagross|49/100
|-unboost|p2b: Riku|def|1
|-unboost|p2b: Riku|spd|1
|
|-weather|Snowscape|[upkeep]
|-heal|p1a: Metagross|55/100|[from] item: Leftovers
|-sideend|p1: pakaan64|move: Tailwind
|upkeep
|turn|5
|inactive|geardox has 30 seconds left.
|
|t:|1756569141
|switch|p2b: Stinky Pete|Garchomp, L50, M|100/100
|move|p1a: Metagross|Protect|p1a: Metagross
|-singleturn|p1a: Metagross|Protect
|move|p1b: Ninetales|Aurora Veil|p1b: Ninetales
|-sidestart|p1: pakaan64|move: Aurora Veil
|move|p2a: Incineroar|Flare Blitz|p1b: Ninetales
|-supereffective|p1b: Ninetales
|-damage|p1b: Ninetales|31/100
|-damage|p2a: Incineroar|83/100|[from] Recoil
|
|-weather|Snowscape|[upkeep]
|-heal|p1a: Metagross|61/100|[from] item: Leftovers
|upkeep
|turn|6
|inactive|pakaan64 has 30 seconds left.
|inactive|geardox has 30 seconds left.
|
|t:|1756569166
|move|p1b: Ninetales|Protect|p1b: Ninetales
|-singleturn|p1b: Ninetales|Protect
|move|p2b: Stinky Pete|Stomping Tantrum|p1a: Metagross
|-supereffective|p1a: Metagross
|-damage|p1a: Metagross|4/100
|-damage|p2b: Stinky Pete|91/100|[from] item: Life Orb
|move|p2a: Incineroar|Knock Off|p1a: Metagross
|-supereffective|p1a: Metagross
|-damage|p1a: Metagross|0 fnt
|-enditem|p1a: Metagross|Leftovers|[from] move: Knock Off|[of] p2a: Incineroar
|faint|p1a: Metagross
|
|-weather|Snowscape|[upkeep]
|upkeep
|
|t:|1756569175
|switch|p1a: Flygon|Flygon, L50, F|6/100
|turn|7
|
|t:|1756569189
|move|p2b: Stinky Pete|Protect|p2b: Stinky Pete
|-singleturn|p2b: Stinky Pete|Protect
|move|p1b: Ninetales|Blizzard|p2b: Stinky Pete|[spread] p2a
|-activate|p2b: Stinky Pete|move: Protect
|-resisted|p2a: Incineroar
|-damage|p2a: Incineroar|76/100
|move|p1a: Flygon|Tailwind|p1a: Flygon
|-sidestart|p1: pakaan64|move: Tailwind
|move|p2a: Incineroar|Flare Blitz|p1b: Ninetales
|-supereffective|p1b: Ninetales
|-damage|p1b: Ninetales|0 fnt
|faint|p1b: Ninetales
|-damage|p2a: Incineroar|67/100|[from] Recoil
|
|-weather|Snowscape|[upkeep]
|upkeep
|
|t:|1756569200
|switch|p1b: Ursaluna|Ursaluna, L50, F, tera:Ground|21/100 brn
|turn|8
|inactive|geardox has 30 seconds left.
|
|t:|1756569233
|switch|p2a: Riku|Sneasler, L50, M|1/100
|move|p1a: Flygon|Outrage|p2b: Stinky Pete
|-supereffective|p2b: Stinky Pete
|-damage|p2b: Stinky Pete|1/100
|-damage|p1a: Flygon|0 fnt|[from] ability: Rough Skin|[of] p2b: Stinky Pete
|faint|p1a: Flygon
|move|p1b: Ursaluna|Earthquake|p2b: Stinky Pete|[spread] p2a,p2b
|-supereffective|p2a: Riku
|-damage|p2a: Riku|0 fnt
|-damage|p2b: Stinky Pete|0 fnt
|faint|p2a: Riku
|faint|p2b: Stinky Pete
|
|-weather|none
|-damage|p1b: Ursaluna|15/100 brn|[from] brn
|upkeep
|
|t:|1756569248
|switch|p2b: Incineroar|Incineroar, L50, F|67/100
|-ability|p2b: Incineroar|Intimidate|boost
|-unboost|p1b: Ursaluna|atk|1
|turn|9
|
|t:|1756569254
|move|p1b: Ursaluna|Protect|p1b: Ursaluna
|-singleturn|p1b: Ursaluna|Protect
|move|p2b: Incineroar|Fake Out|p1b: Ursaluna
|-activate|p1b: Ursaluna|move: Protect
|
|-damage|p1b: Ursaluna|9/100 brn|[from] brn
|upkeep
|turn|10
|
|t:|1756569266
|move|p1b: Ursaluna|Headlong Rush|p2b: Incineroar
|-supereffective|p2b: Incineroar
|-damage|p2b: Incineroar|0 fnt
|-unboost|p1b: Ursaluna|def|1
|-unboost|p1b: Ursaluna|spd|1
|faint|p2b: Incineroar
|
|win|pakaan64
|raw|pakaan64's rating: 1121 → 1144(+23 for winning)
|raw|geardox's rating: 1098 → 1075(-23 for losing)
|c|☆geardox|gg
|c|☆geardox|wp
