|j|☆ChocoHammy
|j|☆morphiusdoorphius
|html|ChocoHammymorphiusdoorphius      
|uhtml|bestof|Game 2 of a best-of-5
|t:|1784681532
|gametype|doubles
|player|p1|ChocoHammy|169|
|player|p2|morphiusdoorphius|linebacker|
|gen|9
|tier|[Gen 9 Champions] VGC 2026 Reg M-B (Bo3)
|rule|Species Clause: Limit one of each Pokémon
|rule|Item Clause: Limit 1 of each item
|raw|1 custom rule: !! Best Of = 5
|clearpoke
|poke|p1|Aurorus, L50, M|
|poke|p1|Ceruledge, L50, F|
|poke|p1|Clefable, L50, F|
|poke|p1|Tauros-Paldea-Blaze, L50, M|
|poke|p1|Garchomp, L50, M|
|poke|p1|Golurk, L50|
|poke|p2|Charizard, L50, F|
|poke|p2|Talonflame, L50, F|
|poke|p2|Primarina, L50, M|
|poke|p2|Kingambit, L50, F|
|poke|p2|Kleavor, L50, F|
|poke|p2|Scrafty, L50, F|
|teampreview|4
|showteam|p1|Aurorus||ChopleBerry|SnowWarning|Blizzard,AncientPower,EarthPower,Protect|Modest||M|||50|]Ceruledge||ColburBerry|FlashFire|BitterBlade,ShadowSneak,BulkUp,Protect|Adamant||F|||50|]Clefable||Clefablite|Unaware|Moonblast,Encore,FollowMe,Protect|Bold||F|||50|]Tauros-Paldea-Blaze||FocusSash|Intimidate|CloseCombat,FlareBlitz,WillOWisp,Protect|Adamant||M|||50|]Garchomp||ChoiceScarf|RoughSkin|Earthquake,DragonClaw,RockSlide,StompingTantrum|Jolly||M|||50|]Golurk||Golurkite|IronFist|HeadlongRush,Poltergeist,IcePunch,Protect|Adamant|||||50|
|showteam|p2|Charizard||CharizarditeY|Blaze|HeatWave,Protect,WeatherBall,SolarBeam|Modest||F|||50|]Talonflame||FocusSash|GaleWings|Tailwind,Protect,FlareBlitz,BraveBird|Jolly||F|||50|]Primarina||MysticWater|LiquidVoice|IceBeam,Moonblast,Protect,HyperVoice|Naive||M|||50|]Kingambit||ChopleBerry|Defiant|IronHead,Protect,SuckerPunch,SwordsDance|Adamant||F|||50|]Kleavor||WideLens|Sharpness|StoneAxe,XScissor,RockSlide,Protect|Adamant||F|||50|]Scrafty||Scraftinite|Intimidate|SuperFang,FakeOut,Protect,CloseCombat|Adamant||F|||50|
|j| InfiniKnight
|j| Youax55
|j| budster16
|
|t:|1784681665
|teamsize|p1|4
|teamsize|p2|4
|start
|switch|p1a: Clefable|Clefable, L50, F|100/100
|switch|p1b: Garchomp|Garchomp, L50, M|100/100
|switch|p2a: Talonflame|Talonflame, L50, F|100/100
|switch|p2b: Primarina|Primarina, L50, M|100/100
|turn|1
|
|t:|1784681766
|switch|p2a: Scrafty|Scrafty, L50, F|100/100
|-ability|p2a: Scrafty|Intimidate|boost
|-unboost|p1a: Clefable|atk|1
|-unboost|p1b: Garchomp|atk|1
|move|p1a: Clefable|Follow Me|p1a: Clefable
|-singleturn|p1a: Clefable|move: Follow Me
|move|p1b: Garchomp|Stomping Tantrum|p2b: Primarina
|-damage|p2b: Primarina|63/100
|move|p2b: Primarina|Moonblast|p1a: Clefable
|-damage|p1a: Clefable|53/100
|-unboost|p1a: Clefable|spa|1
|
|upkeep
|turn|2
|j| Dylan Jenson
|
|t:|1784681871
|detailschange|p1a: Clefable|Clefable-Mega, L50, F
|-mega|p1a: Clefable|Clefable|Clefablite
|move|p2a: Scrafty|Fake Out|p1a: Clefable
|-damage|p1a: Clefable|45/100
|move|p1b: Garchomp|Stomping Tantrum|p2b: Primarina
|-damage|p2b: Primarina|24/100
|move|p2b: Primarina|Hyper Voice|p1b: Garchomp|[spread] p1a,p1b
|-damage|p1a: Clefable|13/100
|-damage|p1b: Garchomp|58/100
|cant|p1a: Clefable|flinch
|
|upkeep
|turn|3
|
|t:|1784681947
|switch|p2b: Talonflame|Talonflame, L50, F|100/100
|switch|p1a: Ceruledge|Ceruledge, L50, F|100/100
|move|p1b: Garchomp|Stomping Tantrum|p2b: Talonflame
|-immune|p2b: Talonflame
|move|p2a: Scrafty|Close Combat|p1b: Garchomp
|-damage|p1b: Garchomp|16/100
|-unboost|p2a: Scrafty|def|1
|-unboost|p2a: Scrafty|spd|1
|-damage|p2a: Scrafty|87/100|[from] ability: Rough Skin|[of] p1b: Garchomp
|
|upkeep
|turn|4
|l| Dylan Jenson
|
|t:|1784682000
|switch|p1b: Clefable|Clefable-Mega, L50, F|13/100
|move|p2b: Talonflame|Protect|p2b: Talonflame
|-singleturn|p2b: Talonflame|Protect
|move|p2a: Scrafty|Close Combat|p1b: Clefable
|-resisted|p1b: Clefable|2
|-damage|p1b: Clefable|5/100
|-unboost|p2a: Scrafty|def|1
|-unboost|p2a: Scrafty|spd|1
|move|p1a: Ceruledge|Bulk Up|p1a: Ceruledge
|-boost|p1a: Ceruledge|atk|1
|-boost|p1a: Ceruledge|def|1
|
|upkeep
|turn|5
|j| Dylan Jenson
|
|t:|1784682105
|move|p2b: Talonflame|Tailwind|p2b: Talonflame
|-sidestart|p2: morphiusdoorphius|move: Tailwind
|move|p2a: Scrafty|Close Combat|p1b: Clefable
|-resisted|p1b: Clefable|2
|-damage|p1b: Clefable|0 fnt
|-unboost|p2a: Scrafty|def|1
|-unboost|p2a: Scrafty|spd|1
|faint|p1b: Clefable
|move|p1a: Ceruledge|Bitter Blade|p2a: Scrafty
|-crit|p2a: Scrafty
|-damage|p2a: Scrafty|0 fnt
|faint|p2a: Scrafty
|
|upkeep
|
|t:|1784682214
|switch|p2a: Primarina|Primarina, L50, M|24/100
|switch|p1b: Tauros|Tauros-Paldea-Blaze, L50, M|100/100
|-ability|p1b: Tauros|Intimidate|boost
|-unboost|p2a: Primarina|atk|1
|-unboost|p2b: Talonflame|atk|1
|turn|6
|
|t:|1784682282
|switch|p1b: Garchomp|Garchomp, L50, M|16/100
|move|p2a: Primarina|Protect|p2a: Primarina
|-singleturn|p2a: Primarina|Protect
|move|p2b: Talonflame|Brave Bird|p1b: Garchomp
|-damage|p1b: Garchomp|0 fnt
|-damage|p2b: Talonflame|87/100|[from] ability: Rough Skin|[of] p1b: Garchomp
|faint|p1b: Garchomp
|-damage|p2b: Talonflame|81/100|[from] Recoil
|move|p1a: Ceruledge|Shadow Sneak|p2a: Primarina
|-activate|p2a: Primarina|move: Protect
|
|upkeep
|
|t:|1784682291
|switch|p1b: Tauros|Tauros-Paldea-Blaze, L50, M|100/100
|-ability|p1b: Tauros|Intimidate|boost
|-unboost|p2a: Primarina|atk|1
|-unboost|p2b: Talonflame|atk|1
|turn|7
|
|t:|1784682406
|switch|p2b: Kingambit|Kingambit, L50, F|100/100
|move|p1a: Ceruledge|Shadow Sneak|p2a: Primarina
|-damage|p2a: Primarina|0 fnt
|faint|p2a: Primarina
|move|p1b: Tauros|Close Combat|p2b: Kingambit
|-supereffective|p2b: Kingambit|2
|-enditem|p2b: Kingambit|Chople Berry|[eat]
|-enditem|p2b: Kingambit|Chople Berry|[weaken]
|-damage|p2b: Kingambit|13/100
|-unboost|p1b: Tauros|def|1
|-unboost|p1b: Tauros|spd|1
|
|upkeep
|
|t:|1784682416
|switch|p2a: Talonflame|Talonflame, L50, F|81/100
|turn|8
|
|t:|1784682577
|move|p2b: Kingambit|Protect|p2b: Kingambit
|-singleturn|p2b: Kingambit|Protect
|move|p2a: Talonflame|Brave Bird|p1a: Ceruledge
|-damage|p1a: Ceruledge|63/100
|-damage|p2a: Talonflame|68/100|[from] Recoil
|move|p1b: Tauros|Close Combat|p2a: Talonflame
|-resisted|p2a: Talonflame|1
|-damage|p2a: Talonflame|26/100
|-unboost|p1b: Tauros|def|1
|-unboost|p1b: Tauros|spd|1
|move|p1a: Ceruledge|Bitter Blade|p2b: Kingambit
|-activate|p2b: Kingambit|move: Protect
|
|-sideend|p2: morphiusdoorphius|move: Tailwind
|upkeep
|turn|9
|
|t:|1784682624
|move|p1a: Ceruledge|Shadow Sneak|p2a: Talonflame
|-damage|p2a: Talonflame|0 fnt
|faint|p2a: Talonflame
|move|p2b: Kingambit|Sucker Punch||[still]
|-fail|p2b: Kingambit
|move|p1b: Tauros|Close Combat|p2b: Kingambit
|-supereffective|p2b: Kingambit|2
|-damage|p2b: Kingambit|0 fnt
|-unboost|p1b: Tauros|def|1
|-unboost|p1b: Tauros|spd|1
|faint|p2b: Kingambit
|
|win|ChocoHammy
||morphiusdoorphius is ready for game 3.
||ChocoHammy is ready for game 3.
|uhtml|next|Next: Game 3 of 5
