|j|☆beans14
|j|☆naibot2814
|html|beans14naibot2814    
|uhtml|bestof|Game 2 of a best-of-3
|t:|1782531225
|gametype|doubles
|player|p1|beans14|2|1163
|player|p2|naibot2814|ghetsis|1328
|gen|9
|tier|[Gen 9 Champions] VGC 2026 Reg M-B (Bo3)
|rated|
|rule|Species Clause: Limit one of each Pokémon
|rule|Item Clause: Limit 1 of each item
|clearpoke
|poke|p1|Metagross, L50|
|poke|p1|Garchomp, L50, M|
|poke|p1|Primarina, L50, M|
|poke|p1|Sneasler, L50, M|
|poke|p1|Altaria, L50, M|
|poke|p1|Sinistcha, L50|
|poke|p2|Metagross, L50, shiny|
|poke|p2|Sneasler, L50, M|
|poke|p2|Hydreigon, L50, M|
|poke|p2|Incineroar, L50, M|
|poke|p2|Aerodactyl, L50, M|
|poke|p2|Floette-Eternal, L50, F|
|teampreview|4
|showteam|p1|Metagross||Metagrossite|ClearBody|Protect,PsychicFangs,IronHead,BodyPress|Jolly|||||50|]Garchomp||RoseliBerry|RoughSkin|DragonClaw,Earthquake,RockTomb,PoisonJab|Jolly||M|||50|]Primarina||Leftovers|LiquidVoice|Protect,HyperVoice,Moonblast,CalmMind|Bold||M|||50|]Sneasler||FocusSash|Unburden|CloseCombat,DireClaw,Coaching,FakeOut|Adamant||M|||50|]Altaria||SitrusBerry|CloudNine|Tailwind,Flamethrower,Roar,Roost|Bold||M|||50|]Sinistcha||KasibBerry|Hospitality|RagePowder,MatchaGotcha,LifeDew,TrickRoom|Sassy|||||50|
|showteam|p2|Metagross||Metagrossite|ClearBody|PsychicFangs,BodyPress,IronHead,Protect|Jolly|||||50|]Sneasler||WhiteHerb|Unburden|FakeOut,Coaching,CloseCombat,DireClaw|Jolly||M|||50|]Hydreigon||ChoiceScarf|Levitate|DracoMeteor,Snarl,DarkPulse,Flamethrower|Modest||M|||50|]Incineroar||PasshoBerry|Intimidate|FakeOut,DarkestLariat,FlareBlitz,PartingShot|Careful||M|||50|]Aerodactyl||FocusSash|Unnerve|DualWingbeat,RockSlide,WideGuard,Tailwind|Jolly||M|||50|]Floette-Eternal||Floettite|FlowerVeil|DrainingKiss,DazzlingGleam,CalmMind,Protect|Modest||F|||50|
|
|t:|1782531263
|teamsize|p1|4
|teamsize|p2|4
|start
|switch|p1a: Metagross|Metagross, L50|100/100
|switch|p1b: Primarina|Primarina, L50, M|100/100
|switch|p2a: HAIL HYDRA|Hydreigon, L50, M|100/100
|switch|p2b: Pedro Sánchez|Aerodactyl, L50, M|100/100
|-ability|p2b: Pedro Sánchez|Unnerve
|turn|1
|
|t:|1782531303
|switch|p2a: Nagatoro|Sneasler, L50, M|100/100
|move|p1a: Metagross|Protect|p1a: Metagross
|-singleturn|p1a: Metagross|Protect
|move|p2b: Pedro Sánchez|Rock Slide|p1a: Metagross|[spread] p1b
|-activate|p1a: Metagross|move: Protect
|-damage|p1b: Primarina|76/100
|move|p1b: Primarina|Hyper Voice|p2a: Nagatoro|[spread] p2a,p2b
|-supereffective|p2b: Pedro Sánchez|1
|-damage|p2a: Nagatoro|60/100
|-damage|p2b: Pedro Sánchez|15/100
|
|-heal|p1b: Primarina|82/100|[from] item: Leftovers
|upkeep
|turn|2
|
|t:|1782531332
|detailschange|p1a: Metagross|Metagross-Mega, L50
|-mega|p1a: Metagross|Metagross|Metagrossite
|move|p2b: Pedro Sánchez|Wide Guard|p2b: Pedro Sánchez
|-singleturn|p2b: Pedro Sánchez|Wide Guard
|move|p2a: Nagatoro|Fake Out|p1a: Metagross
|-resisted|p1a: Metagross|1
|-damage|p1a: Metagross|94/100
|cant|p1a: Metagross|flinch
|move|p1b: Primarina|Hyper Voice|p2b: Pedro Sánchez|[spread] 
|-activate|p2a: Nagatoro|move: Wide Guard
|-activate|p2b: Pedro Sánchez|move: Wide Guard
|
|-heal|p1b: Primarina|88/100|[from] item: Leftovers
|upkeep
|turn|3
|
|t:|1782531349
|move|p2b: Pedro Sánchez|Rock Slide|p1a: Metagross|[spread] p1a,p1b
|-resisted|p1a: Metagross|1
|-damage|p1a: Metagross|85/100
|-damage|p1b: Primarina|67/100
|move|p2a: Nagatoro|Dire Claw|p1b: Primarina
|-supereffective|p1b: Primarina|1
|-damage|p1b: Primarina|0 fnt
|faint|p1b: Primarina
|move|p1a: Metagross|Iron Head|p2a: Nagatoro
|-damage|p2a: Nagatoro|0 fnt
|faint|p2a: Nagatoro
|
|upkeep
|
|t:|1782531361
|switch|p2a: HAIL HYDRA|Hydreigon, L50, M|100/100
|switch|p1b: Garchomp|Garchomp, L50, M|100/100
|turn|4
|
|t:|1782531382
|switch|p1b: Sinistcha|Sinistcha, L50|100/100
|-heal|p1a: Metagross|100/100|[from] ability: Hospitality|[of] p1b: Sinistcha
|move|p2a: HAIL HYDRA|Dark Pulse|p1a: Metagross
|-supereffective|p1a: Metagross|1
|-damage|p1a: Metagross|14/100
|move|p2b: Pedro Sánchez|Tailwind|p2b: Pedro Sánchez
|-sidestart|p2: naibot2814|move: Tailwind
|move|p1a: Metagross|Body Press|p2a: HAIL HYDRA
|-supereffective|p2a: HAIL HYDRA|1
|-damage|p2a: HAIL HYDRA|27/100
|
|upkeep
|turn|5
|
|t:|1782531426
|move|p2a: HAIL HYDRA|Dark Pulse|p1b: Sinistcha
|-supereffective|p1b: Sinistcha|1
|-damage|p1b: Sinistcha|17/100
|move|p2b: Pedro Sánchez|Rock Slide|p1b: Sinistcha|[spread] p1a,p1b
|-resisted|p1a: Metagross|1
|-damage|p1a: Metagross|4/100
|-damage|p1b: Sinistcha|0 fnt
|faint|p1b: Sinistcha
|move|p1a: Metagross|Iron Head|p2a: HAIL HYDRA
|-damage|p2a: HAIL HYDRA|0 fnt
|faint|p2a: HAIL HYDRA
|
|upkeep
|
|t:|1782531439
|switch|p2a: Madoka Kaname|Floette-Eternal, L50, F|100/100
|switch|p1b: Garchomp|Garchomp, L50, M|100/100
|turn|6
|
|t:|1782531452
|detailschange|p2a: Madoka Kaname|Floette-Mega, L50, F
|-mega|p2a: Madoka Kaname|Floette|Floettite
|-ability|p2a: Madoka Kaname|Fairy Aura
|move|p1a: Metagross|Protect|p1a: Metagross
|-singleturn|p1a: Metagross|Protect
|move|p2b: Pedro Sánchez|Rock Slide|p1b: Garchomp|[spread] p1b
|-activate|p1a: Metagross|move: Protect
|-resisted|p1b: Garchomp|1
|-damage|p1b: Garchomp|89/100
|move|p2a: Madoka Kaname|Dazzling Gleam|p1b: Garchomp|[spread] p1b
|-activate|p1a: Metagross|move: Protect
|-supereffective|p1b: Garchomp|1
|-damage|p1b: Garchomp|0 fnt
|faint|p1b: Garchomp
|
|upkeep
|turn|7
|-message|beans14 forfeited.
|
|win|naibot2814
|raw|beans14's rating: 1163 → 1149(-14 for losing)
|raw|naibot2814's rating: 1328 → 1339(+11 for winning)
|l|☆beans14
|player|p1|
