|j|☆NatRus3
|j|☆but fu gg
|html|NatRus3but fu gg    
|uhtml|bestof|Game 2 of a best-of-3
|t:|1757810028
|gametype|doubles
|player|p1|NatRus3|101|1101
|player|p2|but fu gg|1|1045
|gen|9
|tier|[Gen 9] VGC 2025 Reg H (Bo3)
|rated|
|rule|Species Clause: Limit one of each Pokémon
|rule|Item Clause: Limit 1 of each item
|clearpoke
|poke|p1|Pelipper, L50, M|
|poke|p1|Archaludon, L50, M|
|poke|p1|Flamigo, L50, M|
|poke|p1|Basculegion, L50, M|
|poke|p1|Incineroar, L50, M|
|poke|p1|Whimsicott, L50, M|
|poke|p2|Gallade, L50, M|
|poke|p2|Indeedee-F, L50, F|
|poke|p2|Clefairy, L50, F|
|poke|p2|Hatterene, L50, F|
|poke|p2|Polteageist, L50|
|teampreview|4
|showteam|p1|Pelipper||FocusSash|Drizzle|MuddyWater,Hurricane,WideGuard,Protect|||M|||50|,,,,,Ghost]Archaludon||AssaultVest|Stamina|ElectroShot,DragonPulse,FlashCannon,BodyPress|||M|||50|,,,,,Fairy]Flamigo||ClearAmulet|Scrappy|CloseCombat,BraveBird,Feint,Protect|||M|||50|,,,,,Ghost]Basculegion||LifeOrb|SwiftSwim|AquaJet,LastRespects,WaveCrash,Protect|||M|||50|,,,,,Water]Incineroar||RockyHelmet|Intimidate|FakeOut,KnockOff,FlareBlitz,PartingShot|||M|||50|,,,,,Grass]Whimsicott||CovertCloak|Prankster|Tailwind,Encore,BeatUp,Moonblast|||M|||50|,,,,,Flying
|showteam|p2|Gallade||RoomService|Sharpness|PsychoCut,Protect,SacredSword,LeafBlade|||M|||50|,,,,,Psychic]Indeedee-F||PsychicSeed|PsychicSurge|FollowMe,TrickRoom,Psychic,DazzlingGleam|||F|||50|,,,,,Psychic]Clefairy||Eviolite|FriendGuard|Encore,FollowMe,HealPulse,DrainingKiss|||F|||50|,,,,,Fairy]Hatterene||LifeOrb|MagicBounce|ExpandingForce,DrainingKiss,Protect,CalmMind|||F|||50|,,,,,Psychic]Polteageist|||CursedBody|TrickRoom,ShadowBall,PainSplit,DarkPulse||||||50|,,,,,Ghost
|inactive|Battle timer is ON: inactive players will automatically lose when time's up. (requested by NatRus3)
|inactive|but fu gg has 60 seconds left.
|
|t:|1757810065
|teamsize|p1|4
|teamsize|p2|4
|start
|switch|p1a: Basculegion|Basculegion, L50, M|100/100
|switch|p1b: Incineroar|Incineroar, L50, M|100/100
|switch|p2a: Polteageist|Polteageist, L50|100/100
|switch|p2b: Indeedee|Indeedee-F, L50, F|100/100
|-fieldstart|move: Psychic Terrain|[from] ability: Psychic Surge|[of] p2b: Indeedee
|-enditem|p2b: Indeedee|Psychic Seed
|-boost|p2b: Indeedee|spd|1|[from] item: Psychic Seed
|-ability|p1b: Incineroar|Intimidate|boost
|-unboost|p2a: Polteageist|atk|1
|-unboost|p2b: Indeedee|atk|1
|turn|1
|
|t:|1757810087
|-terastallize|p1a: Basculegion|Water
|move|p1a: Basculegion|Wave Crash|p2b: Indeedee
|-damage|p2b: Indeedee|0 fnt
|faint|p2b: Indeedee
|-damage|p1a: Basculegion|75/100|[from] Recoil
|-damage|p1a: Basculegion|66/100|[from] item: Life Orb
|move|p1b: Incineroar|Knock Off|p2a: Polteageist
|-supereffective|p2a: Polteageist
|-damage|p2a: Polteageist|9/100
|-start|p1b: Incineroar|Disable|Knock Off|[from] ability: Cursed Body|[of] p2a: Polteageist
|move|p2a: Polteageist|Trick Room|p2a: Polteageist
|-fieldstart|move: Trick Room|[of] p2a: Polteageist
|
|upkeep
|
|t:|1757810102
|switch|p2b: Hatterene|Hatterene, L50, F|100/100
|turn|2
|
|t:|1757810122
|-terastallize|p2b: Hatterene|Psychic
|move|p1a: Basculegion|Protect|p1a: Basculegion
|-singleturn|p1a: Basculegion|Protect
|move|p2b: Hatterene|Draining Kiss|p1b: Incineroar
|-damage|p1b: Incineroar|64/100
|-damage|p2b: Hatterene|84/100|[from] item: Rocky Helmet|[of] p1b: Incineroar
|-damage|p2b: Hatterene|74/100|[from] item: Life Orb
|move|p2a: Polteageist|Shadow Ball|p1a: Basculegion
|-activate|p1a: Basculegion|move: Protect
|move|p1b: Incineroar|Flare Blitz|p2a: Polteageist
|-damage|p2a: Polteageist|0 fnt
|faint|p2a: Polteageist
|-damage|p1b: Incineroar|62/100|[from] Recoil
|
|upkeep
|
|t:|1757810131
|switch|p2a: Gallade|Gallade, L50, M|100/100
|-enditem|p2a: Gallade|Room Service
|-unboost|p2a: Gallade|spe|1|[from] item: Room Service
|turn|3
|inactive|NatRus3 has 30 seconds left.
|inactive|NatRus3 has 20 seconds left.
|
|t:|1757810169
|switch|p1a: Archaludon|Archaludon, L50, M|100/100
|move|p2b: Hatterene|Expanding Force|p1a: Archaludon|[spread] p1a
|-immune|p1b: Incineroar
|-resisted|p1a: Archaludon
|-damage|p1a: Archaludon|47/100
|-ability|p1a: Archaludon|Stamina|boost
|-boost|p1a: Archaludon|def|1
|-damage|p2b: Hatterene|65/100|[from] item: Life Orb
|move|p2a: Gallade|Sacred Sword|p1b: Incineroar
|-supereffective|p1b: Incineroar
|-damage|p1b: Incineroar|0 fnt
|-damage|p2a: Gallade|84/100|[from] item: Rocky Helmet|[of] p1b: Incineroar
|faint|p1b: Incineroar
|
|upkeep
|
|t:|1757810188
|switch|p1b: Pelipper|Pelipper, L50, M|100/100
|-weather|RainDance|[from] ability: Drizzle|[of] p1b: Pelipper
|turn|4
|
|t:|1757810202
|move|p2b: Hatterene|Expanding Force|p1b: Pelipper|[spread] p1a,p1b
|-resisted|p1a: Archaludon
|-crit|p1b: Pelipper
|-damage|p1a: Archaludon|0 fnt
|-enditem|p1b: Pelipper|Focus Sash
|-damage|p1b: Pelipper|1/100
|faint|p1a: Archaludon
|-damage|p2b: Hatterene|55/100|[from] item: Life Orb
|move|p2a: Gallade|Sacred Sword|p1b: Pelipper
|-resisted|p1b: Pelipper
|-damage|p1b: Pelipper|0 fnt
|faint|p1b: Pelipper
|
|-weather|RainDance|[upkeep]
|upkeep
|
|t:|1757810217
|switch|p1a: Basculegion|Basculegion, L50, M, tera:Water|66/100
|turn|5
|
|t:|1757810242
|move|p1a: Basculegion|Protect|p1a: Basculegion
|-singleturn|p1a: Basculegion|Protect
|move|p2b: Hatterene|Expanding Force|p1a: Basculegion
|-activate|p1a: Basculegion|move: Protect
|move|p2a: Gallade|Leaf Blade|p1a: Basculegion
|-activate|p1a: Basculegion|move: Protect
|
|-weather|RainDance|[upkeep]
|-fieldend|move: Trick Room
|-fieldend|move: Psychic Terrain
|upkeep
|turn|6
|
|t:|1757810255
|move|p1a: Basculegion|Last Respects|p2b: Hatterene
|-supereffective|p2b: Hatterene
|-damage|p2b: Hatterene|0 fnt
|faint|p2b: Hatterene
|-damage|p1a: Basculegion|56/100|[from] item: Life Orb
|move|p2a: Gallade|Leaf Blade|p1a: Basculegion
|-supereffective|p1a: Basculegion
|-damage|p1a: Basculegion|0 fnt
|faint|p1a: Basculegion
|
|win|but fu gg
|inactive|NatRus3 has 30 seconds to confirm battle start!
|inactive|but fu gg has 30 seconds to confirm battle start!
||NatRus3 is ready for game 3.
|inactive|but fu gg has 20 seconds to confirm battle start!
|inactive|but fu gg has 10 seconds to confirm battle start!
|l|☆but fu gg
|player|p2|
|uhtml|next|Next: Game 3 of 3
