|j|☆lilacq
|j|☆ClumbsyLilBeach
|html|lilacqClumbsyLilBeach    
|uhtml|bestof|Game 1 of a best-of-3
|t:|1785649633
|gametype|doubles
|player|p1|lilacq|shauntal|1159
|player|p2|ClumbsyLilBeach|jasmine|1156
|gen|9
|tier|[Gen 9 Champions] VGC 2026 Reg M-B (Bo3)
|rated|
|rule|Species Clause: Limit one of each Pokémon
|rule|Item Clause: Limit 1 of each item
|clearpoke
|poke|p1|Milotic, L50, F|
|poke|p1|Whimsicott, L50, F|
|poke|p1|Sinistcha, L50|
|poke|p1|Glimmora, L50, F|
|poke|p1|Delphox, L50, F|
|poke|p1|Ninetales-Alola, L50, F, shiny|
|poke|p2|Swampert, L50, F|
|poke|p2|Pelipper, L50, M|
|poke|p2|Basculegion, L50, M, shiny|
|poke|p2|Slowbro, L50, F|
|poke|p2|Blastoise, L50, M|
|poke|p2|Milotic, L50, F, shiny|
|teampreview|4
|showteam|p1|Milotic||Leftovers|Competitive|IceBeam,Coil,MuddyWater,Hypnosis|Calm||F|||50|]Whimsicott||MentalHerb|Prankster|Tailwind,FakeTears,Encore,Moonblast|Bold||F|||50|]Sinistcha||SitrusBerry|Hospitality|RagePowder,LifeDew,MatchaGotcha,TrickRoom|Bold|||||50|]Glimmora||Glimmoranite|ToxicDebris|EarthPower,PowerGem,SpikyShield,SludgeBomb|Timid||F|||50|]Delphox||Delphoxite|Blaze|HeatWave,Psychic,Substitute,CalmMind|Bold||F|||50|]Ninetales-Alola||LightClay|SnowWarning|AuroraVeil,Blizzard,Moonblast,Protect|Timid||F|||50|
|showteam|p2|Swampert||Swampertite|Damp|Earthquake,Waterfall,BulkUp,Protect|Jolly||F|||50|]Pelipper||FocusSash|Drizzle|WideGuard,Tailwind,Hurricane,WeatherBall|Timid||M|||50|]Basculegion||ChoiceScarf|Adaptability|LastRespects,WaveCrash,FlipTurn,AquaJet|Jolly||M|||50|]Slowbro||Leftovers|Oblivious|TrickRoom,HealPulse,RainDance,Psychic|Relaxed||F|||50|]Blastoise||Blastoisinite|RainDish|FakeOut,Protect,WaterSpout,WaterPulse|Quiet||M|||50|]Milotic||SitrusBerry|Competitive|Protect,Scald,IceBeam,IcyWind|Modest||F|||50|
|inactive|Battle timer is ON: inactive players will automatically lose when time's up. (requested by ClumbsyLilBeach)
|l|☆ClumbsyLilBeach
|inactive|ClumbsyLilBeach disconnected and has a minute to reconnect!
|player|p2|
|j|☆ClumbsyLilBeach
|inactive|ClumbsyLilBeach reconnected and has 85 seconds left.
|player|p2|ClumbsyLilBeach|jasmine|
|inactive|ClumbsyLilBeach has 60 seconds left.
|
|t:|1785649679
|teamsize|p1|4
|teamsize|p2|4
|start
|switch|p1a: Milotic|Milotic, L50, F|100/100
|switch|p1b: Sinistcha|Sinistcha, L50|100/100
|switch|p2a: Molasses|Slowbro, L50, F|100/100
|switch|p2b: Blastoise|Blastoise, L50, M|100/100
|turn|1
|
|t:|1785649698
|switch|p2b: Milotic|Milotic, L50, F, shiny|100/100
|move|p1a: Milotic|Coil|p1a: Milotic
|-boost|p1a: Milotic|atk|1
|-boost|p1a: Milotic|def|1
|-boost|p1a: Milotic|accuracy|1
|move|p1b: Sinistcha|Matcha Gotcha|p2a: Molasses|[spread] p2a,p2b
|-supereffective|p2a: Molasses|1
|-supereffective|p2b: Milotic|1
|-damage|p2a: Molasses|54/100
|-damage|p2b: Milotic|60/100
|move|p2a: Molasses|Psychic|p1b: Sinistcha
|-damage|p1b: Sinistcha|60/100
|
|-heal|p2a: Molasses|60/100|[from] item: Leftovers
|upkeep
|turn|2
|
|t:|1785649721
|move|p2b: Milotic|Ice Beam|p1b: Sinistcha
|-supereffective|p1b: Sinistcha|1
|-damage|p1b: Sinistcha|0 fnt
|faint|p1b: Sinistcha
|move|p1a: Milotic|Hypnosis|p2b: Milotic|[miss]
|-miss|p1a: Milotic|p2b: Milotic
|move|p2a: Molasses|Heal Pulse|p2b: Milotic
|-heal|p2b: Milotic|100/100
|
|-heal|p2a: Molasses|66/100|[from] item: Leftovers
|upkeep
|
|t:|1785649735
|switch|p1b: Ninetales|Ninetales-Alola, L50, F, shiny|100/100
|-weather|Snowscape|[from] ability: Snow Warning|[of] p1b: Ninetales
|turn|3
|inactive|ClumbsyLilBeach has 30 seconds left.
|inactive|ClumbsyLilBeach has 20 seconds left.
|
|t:|1785649773
|move|p1b: Ninetales|Aurora Veil|p1b: Ninetales
|-sidestart|p1: lilacq|move: Aurora Veil
|move|p2b: Milotic|Scald|p1b: Ninetales
|-damage|p1b: Ninetales|73/100
|-status|p1b: Ninetales|brn
|move|p1a: Milotic|Coil|p1a: Milotic
|-boost|p1a: Milotic|atk|1
|-boost|p1a: Milotic|def|1
|-boost|p1a: Milotic|accuracy|1
|move|p2a: Molasses|Trick Room|p2a: Molasses
|-fieldstart|move: Trick Room|[of] p2a: Molasses
|
|-weather|Snowscape|[upkeep]
|-heal|p2a: Molasses|72/100|[from] item: Leftovers
|-damage|p1b: Ninetales|67/100 brn|[from] brn
|upkeep
|turn|4
|
|t:|1785649793
|move|p2a: Molasses|Rain Dance|p2a: Molasses
|-weather|RainDance
|move|p1a: Milotic|Hypnosis|p2b: Milotic
|-status|p2b: Milotic|slp|[from] move: Hypnosis
|cant|p2b: Milotic|slp
|move|p1b: Ninetales|Moonblast|p2a: Molasses
|-damage|p2a: Molasses|42/100
|
|-weather|RainDance|[upkeep]
|-heal|p2a: Molasses|48/100|[from] item: Leftovers
|-damage|p1b: Ninetales|61/100 brn|[from] brn
|upkeep
|turn|5
|
|t:|1785649812
|move|p2a: Molasses|Psychic|p1b: Ninetales
|-damage|p1b: Ninetales|36/100 brn
|move|p1a: Milotic|Hypnosis|p2a: Molasses
|-status|p2a: Molasses|slp|[from] move: Hypnosis
|-curestatus|p2b: Milotic|slp|[msg]
|move|p2b: Milotic|Scald|p1b: Ninetales
|-damage|p1b: Ninetales|0 fnt
|faint|p1b: Ninetales
|
|-weather|RainDance|[upkeep]
|-heal|p2a: Molasses|54/100 slp|[from] item: Leftovers
|upkeep
|
|t:|1785649823
|switch|p1b: Glimmora|Glimmora, L50, F|100/100
|turn|6
|
|t:|1785649834
|detailschange|p1b: Glimmora|Glimmora-Mega, L50, F
|-mega|p1b: Glimmora|Glimmora|Glimmoranite
|cant|p2a: Molasses|slp
|move|p1a: Milotic|Hypnosis|p2b: Milotic
|-status|p2b: Milotic|slp|[from] move: Hypnosis
|cant|p2b: Milotic|slp
|move|p1b: Glimmora|Sludge Bomb|p2a: Molasses
|-damage|p2a: Molasses|0 fnt
|faint|p2a: Molasses
|
|-weather|RainDance|[upkeep]
|upkeep
|
|t:|1785649849
|switch|p2a: Blastoise|Blastoise, L50, M|100/100
|turn|7
|
|t:|1785649863
|detailschange|p2a: Blastoise|Blastoise-Mega, L50, M
|-mega|p2a: Blastoise|Blastoise|Blastoisinite
|move|p1b: Glimmora|Spiky Shield|p1b: Glimmora
|-singleturn|p1b: Glimmora|move: Protect
|move|p2a: Blastoise|Water Spout|p1b: Glimmora|[spread] p1a
|-activate|p1b: Glimmora|move: Protect
|-resisted|p1a: Milotic|1
|-damage|p1a: Milotic|82/100
|move|p1a: Milotic|Hypnosis|p2a: Blastoise
|-status|p2a: Blastoise|slp|[from] move: Hypnosis
|cant|p2b: Milotic|slp
|
|-weather|RainDance|[upkeep]
|-heal|p1a: Milotic|88/100|[from] item: Leftovers
|-fieldend|move: Trick Room
|upkeep
|turn|8
|l|☆ClumbsyLilBeach
|inactive|ClumbsyLilBeach disconnected and has a minute to reconnect!
|player|p2|
|j|☆ClumbsyLilBeach
|inactive|ClumbsyLilBeach reconnected and has 40 seconds left.
|player|p2|ClumbsyLilBeach|jasmine|
|inactive|ClumbsyLilBeach has 30 seconds left.
|
|t:|1785649894
|cant|p2a: Blastoise|slp
|move|p1b: Glimmora|Sludge Bomb|p2b: Milotic
|-damage|p2b: Milotic|51/100 slp
|-curestatus|p2b: Milotic|slp|[msg]
|move|p2b: Milotic|Scald|p1b: Glimmora
|-supereffective|p1b: Glimmora|1
|-damage|p1b: Glimmora|16/100
|move|p1a: Milotic|Muddy Water|p2a: Blastoise|[spread] p2a,p2b
|-resisted|p2a: Blastoise|1
|-resisted|p2b: Milotic|1
|-damage|p2a: Blastoise|84/100 slp
|-damage|p2b: Milotic|37/100
|-enditem|p2b: Milotic|Sitrus Berry|[eat]
|-heal|p2b: Milotic|62/100|[from] item: Sitrus Berry
|
|-weather|none
|-heal|p1a: Milotic|94/100|[from] item: Leftovers
|upkeep
|turn|9
|inactive|lilacq has 30 seconds left.
|inactive|ClumbsyLilBeach has 30 seconds left.
|
|t:|1785649926
|move|p1b: Glimmora|Sludge Bomb|p2b: Milotic
|-damage|p2b: Milotic|12/100
|move|p2b: Milotic|Scald|p1b: Glimmora
|-supereffective|p1b: Glimmora|1
|-damage|p1b: Glimmora|0 fnt
|faint|p1b: Glimmora
|move|p1a: Milotic|Hypnosis|p2b: Milotic
|-status|p2b: Milotic|slp|[from] move: Hypnosis
|cant|p2a: Blastoise|slp
|
|-heal|p1a: Milotic|100/100|[from] item: Leftovers
|upkeep
|turn|10
|
|t:|1785649942
|cant|p2b: Milotic|slp
|-curestatus|p2a: Blastoise|slp|[msg]
|move|p2a: Blastoise|Protect|p2a: Blastoise
|-singleturn|p2a: Blastoise|Protect
|move|p1a: Milotic|Muddy Water|p2a: Blastoise|[spread] p2b
|-activate|p2a: Blastoise|move: Protect
|-resisted|p2b: Milotic|1
|-damage|p2b: Milotic|4/100 slp
|
|-sideend|p1: lilacq|move: Aurora Veil
|upkeep
|turn|11
|
|t:|1785649961
|-curestatus|p2b: Milotic|slp|[msg]
|move|p2b: Milotic|Scald|p1a: Milotic
|-resisted|p1a: Milotic|1
|-damage|p1a: Milotic|90/100
|move|p1a: Milotic|Muddy Water|p2b: Milotic|[spread] p2a,p2b
|-resisted|p2a: Blastoise|1
|-resisted|p2b: Milotic|1
|-damage|p2a: Blastoise|75/100
|-damage|p2b: Milotic|0 fnt
|faint|p2b: Milotic
|move|p2a: Blastoise|Water Pulse|p1a: Milotic
|-resisted|p1a: Milotic|1
|-damage|p1a: Milotic|74/100
|
|-heal|p1a: Milotic|80/100|[from] item: Leftovers
|upkeep
|
|t:|1785649976
|switch|p2b: Chinook|Basculegion, L50, M, shiny|100/100
|turn|12
|
|t:|1785649983
|move|p2b: Chinook|Last Respects|p1a: Milotic
|-damage|p1a: Milotic|37/100
|move|p1a: Milotic|Hypnosis|p2b: Chinook
|-status|p2b: Chinook|slp|[from] move: Hypnosis
|move|p2a: Blastoise|Water Spout|p1a: Milotic
|-resisted|p1a: Milotic|1
|-damage|p1a: Milotic|18/100
|
|-heal|p1a: Milotic|24/100|[from] item: Leftovers
|upkeep
|turn|13
|
|t:|1785649996
|cant|p2b: Chinook|slp
|move|p1a: Milotic|Muddy Water|p2a: Blastoise|[spread] p2a,p2b
|-resisted|p2a: Blastoise|1
|-resisted|p2b: Chinook|1
|-crit|p2b: Chinook
|-damage|p2a: Blastoise|65/100
|-damage|p2b: Chinook|82/100 slp
|move|p2a: Blastoise|Water Spout|p1a: Milotic
|-resisted|p1a: Milotic|1
|-damage|p1a: Milotic|8/100
|
|-heal|p1a: Milotic|14/100|[from] item: Leftovers
|upkeep
|turn|14
|
|t:|1785650012
|cant|p2b: Chinook|slp
|move|p1a: Milotic|Muddy Water|p2a: Blastoise|[spread] p2a,p2b
|-resisted|p2a: Blastoise|1
|-resisted|p2b: Chinook|1
|-damage|p2a: Blastoise|55/100
|-damage|p2b: Chinook|69/100 slp
|move|p2a: Blastoise|Water Pulse|p1a: Milotic
|-resisted|p1a: Milotic|1
|-damage|p1a: Milotic|0 fnt
|faint|p1a: Milotic
|
|win|ClumbsyLilBeach
|inactive|lilacq has 30 seconds to confirm battle start!
|inactive|ClumbsyLilBeach has 30 seconds to confirm battle start!
||ClumbsyLilBeach is ready for game 2.
|l|☆lilacq
|player|p1|
||lilacq is ready for game 2.
|uhtml|next|Next: Game 2 of 3
