|j|☆sorecruiser
|j|☆Imissmyturtle
|html|sorecruiserImissmyturtle    
|uhtml|bestof|Game 1 of a best-of-3
|t:|1757642088
|gametype|doubles
|player|p1|sorecruiser|furisodegirl-black|1119
|player|p2|Imissmyturtle|170|1190
|gen|9
|tier|[Gen 9] VGC 2025 Reg H (Bo3)
|rated|
|rule|Species Clause: Limit one of each Pokémon
|rule|Item Clause: Limit 1 of each item
|clearpoke
|poke|p1|Gholdengo, L50|
|poke|p1|Whimsicott, L50, F|
|poke|p1|Sneasler, L50, M|
|poke|p1|Rillaboom, L50, F|
|poke|p1|Hydreigon, L50, M|
|poke|p1|Magmar, L50, M|
|poke|p2|Excadrill, L50, M|
|poke|p2|Tyranitar, L50, M|
|poke|p2|Sneasler, L50, F|
|poke|p2|Indeedee, L50, M|
|poke|p2|Annihilape, L50, M|
|poke|p2|Corviknight, L50, M|
|teampreview|4
|showteam|p1|Gholdengo||MetalCoat|GoodasGold|MakeItRain,ShadowBall,NastyPlot,Protect||||||50|,,,,,Water]Whimsicott||CovertCloak|Prankster|Tailwind,Encore,SunnyDay,Moonblast|||F|||50|,,,,,Dark]Sneasler||WhiteHerb|Unburden|DireClaw,CloseCombat,ThroatChop,Protect|||M|||50|,,,,,Dark]Rillaboom||AssaultVest|GrassySurge|GrassyGlide,WoodHammer,HighHorsepower,FakeOut|||F|||50|,,,,,Fire]Hydreigon||ChoiceSpecs|Levitate|DarkPulse,DracoMeteor,Snarl,HeatWave|||M|||50|,,,,,Fairy]Magmar||Eviolite|VitalSpirit|FollowMe,HeatWave,Taunt,Protect|||M|||50|,,,,,Ghost
|showteam|p2|Excadrill||FocusSash|SandRush|Earthquake,HighHorsepower,IronHead,Protect|||M|||50|,,,,,Stellar]Tyranitar||AssaultVest|SandStream|RockSlide,LowKick,KnockOff,TeraBlast|||M|||50|,,,,,Flying]Sneasler||PsychicSeed|Unburden|CloseCombat,DireClaw,ThroatChop,Protect|||F|||50|,,,,,Dark]Indeedee||ChoiceScarf|PsychicSurge|ExpandingForce,TeraBlast,Trick,Protect|||M|||50|,,,,,Psychic]Annihilape||SafetyGoggles|Defiant|FinalGambit,RageFist,Taunt,CloseCombat|||M|||50|,,,,,Water]Corviknight||SitrusBerry|MirrorArmor|BraveBird,Tailwind,BulkUp,Roost|||M|||50|,,,,,Dragon
|inactive|Battle timer is ON: inactive players will automatically lose when time's up. (requested by sorecruiser)
|inactive|Imissmyturtle has 60 seconds left.
|
|t:|1757642197
|teamsize|p1|4
|teamsize|p2|4
|start
|switch|p1a: Rillaboom|Rillaboom, L50, F|100/100
|switch|p1b: Hydreigon|Hydreigon, L50, M|100/100
|switch|p2a: Tyranitar|Tyranitar, L50, M, shiny|100/100
|switch|p2b: Corviknight|Corviknight, L50, M, shiny|100/100
|-fieldstart|move: Grassy Terrain|[from] ability: Grassy Surge|[of] p1a: Rillaboom
|-weather|Sandstorm|[from] ability: Sand Stream|[of] p2a: Tyranitar
|turn|1
|inactive|sorecruiser has 30 seconds left.
|inactive|Imissmyturtle has 30 seconds left.
|
|t:|1757642229
|-terastallize|p1a: Rillaboom|Fire
|-terastallize|p2a: Tyranitar|Flying
|move|p1a: Rillaboom|Fake Out|p2a: Tyranitar
|-damage|p2a: Tyranitar|86/100
|move|p1b: Hydreigon|Heat Wave|p2b: Corviknight|[spread] p2a,p2b
|-supereffective|p2b: Corviknight
|-damage|p2a: Tyranitar|60/100
|-damage|p2b: Corviknight|25/100
|-enditem|p2b: Corviknight|Sitrus Berry|[eat]
|-heal|p2b: Corviknight|50/100|[from] item: Sitrus Berry
|cant|p2a: Tyranitar|flinch
|move|p2b: Corviknight|Tailwind|p2b: Corviknight
|-sidestart|p2: Imissmyturtle|move: Tailwind
|
|-weather|Sandstorm|[upkeep]
|-damage|p2a: Tyranitar|54/100|[from] Sandstorm
|-damage|p1b: Hydreigon|95/100|[from] Sandstorm
|-damage|p1a: Rillaboom|95/100|[from] Sandstorm
|-heal|p1a: Rillaboom|100/100|[from] Grassy Terrain
|upkeep
|turn|2
|inactive|sorecruiser has 30 seconds left.
|
|t:|1757642256
|switch|p1b: Sneasler|Sneasler, L50, M|100/100
|switch|p1a: Whimsicott|Whimsicott, L50, F|100/100
|move|p2a: Tyranitar|Low Kick|p1b: Sneasler
|-resisted|p1b: Sneasler
|-damage|p1b: Sneasler|83/100
|move|p2b: Corviknight|Brave Bird|p1b: Sneasler
|-supereffective|p1b: Sneasler
|-damage|p1b: Sneasler|0 fnt
|faint|p1b: Sneasler
|-damage|p2b: Corviknight|29/100|[from] Recoil
|
|-weather|Sandstorm|[upkeep]
|-damage|p2a: Tyranitar|48/100|[from] Sandstorm
|-damage|p1a: Whimsicott|95/100|[from] Sandstorm
|-heal|p1a: Whimsicott|100/100|[from] Grassy Terrain
|upkeep
|
|t:|1757642265
|switch|p1b: Hydreigon|Hydreigon, L50, M|95/100
|turn|3
|
|t:|1757642271
|switch|p2a: Sneasler|Sneasler, L50, F|100/100
|move|p1a: Whimsicott|Tailwind|p1a: Whimsicott
|-sidestart|p1: sorecruiser|move: Tailwind
|move|p1b: Hydreigon|Heat Wave|p2a: Sneasler|[spread] p2a,p2b
|-supereffective|p2b: Corviknight
|-damage|p2a: Sneasler|45/100
|-damage|p2b: Corviknight|0 fnt
|faint|p2b: Corviknight
|
|-weather|Sandstorm|[upkeep]
|-damage|p2a: Sneasler|39/100|[from] Sandstorm
|-damage|p1a: Whimsicott|95/100|[from] Sandstorm
|-damage|p1b: Hydreigon|89/100|[from] Sandstorm
|-heal|p2a: Sneasler|45/100|[from] Grassy Terrain
|-heal|p1a: Whimsicott|100/100|[from] Grassy Terrain
|upkeep
|
|t:|1757642276
|switch|p2b: Excadrill|Excadrill, L50, M|100/100
|turn|4
|
|t:|1757642302
|switch|p1b: Rillaboom|Rillaboom, L50, F, tera:Fire|100/100
|move|p1a: Whimsicott|Sunny Day|p1a: Whimsicott
|-weather|SunnyDay
|move|p2a: Sneasler|Close Combat|p1b: Rillaboom
|-damage|p1b: Rillaboom|37/100
|-unboost|p2a: Sneasler|def|1
|-unboost|p2a: Sneasler|spd|1
|move|p2b: Excadrill|Iron Head|p1a: Whimsicott
|-supereffective|p1a: Whimsicott
|-damage|p1a: Whimsicott|2/100
|
|-weather|SunnyDay|[upkeep]
|-heal|p2a: Sneasler|50/100|[from] Grassy Terrain
|-heal|p1a: Whimsicott|8/100|[from] Grassy Terrain
|-heal|p1b: Rillaboom|43/100|[from] Grassy Terrain
|-sideend|p2: Imissmyturtle|move: Tailwind
|upkeep
|turn|5
|
|t:|1757642320
|switch|p2a: Tyranitar|Tyranitar, L50, M, shiny, tera:Flying|48/100
|-weather|Sandstorm|[from] ability: Sand Stream|[of] p2a: Tyranitar
|move|p2b: Excadrill|Protect|p2b: Excadrill
|-singleturn|p2b: Excadrill|Protect
|move|p1a: Whimsicott|Moonblast|p2a: Tyranitar
|-damage|p2a: Tyranitar|29/100
|move|p1b: Rillaboom|Wood Hammer|p2b: Excadrill
|-activate|p2b: Excadrill|move: Protect
|
|-weather|Sandstorm|[upkeep]
|-damage|p1a: Whimsicott|2/100|[from] Sandstorm
|-damage|p1b: Rillaboom|37/100|[from] Sandstorm
|-damage|p2a: Tyranitar|22/100|[from] Sandstorm
|-heal|p1a: Whimsicott|8/100|[from] Grassy Terrain
|-heal|p1b: Rillaboom|43/100|[from] Grassy Terrain
|-fieldend|move: Grassy Terrain
|upkeep
|turn|6
|
|t:|1757642329
|switch|p2a: Sneasler|Sneasler, L50, F|50/100
|move|p1a: Whimsicott|Sunny Day|p1a: Whimsicott
|-weather|SunnyDay
|move|p1b: Rillaboom|Wood Hammer|p2b: Excadrill
|-damage|p2b: Excadrill|5/100
|-damage|p1b: Rillaboom|15/100|[from] Recoil
|move|p2b: Excadrill|High Horsepower|p1b: Rillaboom
|-supereffective|p1b: Rillaboom
|-damage|p1b: Rillaboom|0 fnt
|faint|p1b: Rillaboom
|
|-weather|SunnyDay|[upkeep]
|-sideend|p1: sorecruiser|move: Tailwind
|upkeep
|
|t:|1757642335
|switch|p1b: Hydreigon|Hydreigon, L50, M|89/100
|turn|7
|
|t:|1757642354
|switch|p2b: Tyranitar|Tyranitar, L50, M, shiny, tera:Flying|22/100
|-weather|Sandstorm|[from] ability: Sand Stream|[of] p2b: Tyranitar
|move|p1a: Whimsicott|Tailwind|p1a: Whimsicott
|-sidestart|p1: sorecruiser|move: Tailwind
|move|p1b: Hydreigon|Heat Wave|p2b: Tyranitar|[spread] p2a,p2b
|-damage|p2a: Sneasler|0 fnt
|-damage|p2b: Tyranitar|0 fnt
|faint|p2a: Sneasler
|faint|p2b: Tyranitar
|
|-weather|Sandstorm|[upkeep]
|-damage|p1a: Whimsicott|2/100|[from] Sandstorm
|-damage|p1b: Hydreigon|83/100|[from] Sandstorm
|upkeep
|-message|Imissmyturtle forfeited.
|
|win|sorecruiser
