|j|☆vgc_heartgold
|j|☆Voltage Gaming101
|html|vgc_heartgoldVoltage Gaming101    
|uhtml|bestof|Game 1 of a best-of-3
|t:|1756921992
|gametype|doubles
|player|p1|vgc_heartgold|ethan|1059
|player|p2|Voltage Gaming101|red|1052
|gen|9
|tier|[Gen 9] VGC 2025 Reg H (Bo3)
|rated|
|rule|Species Clause: Limit one of each Pokémon
|rule|Item Clause: Limit 1 of each item
|clearpoke
|poke|p1|Gholdengo, L50|
|poke|p1|Ursaluna-Bloodmoon, L50, M|
|poke|p1|Dragonite, L50, M|
|poke|p1|Rillaboom, L50, F|
|poke|p1|Maushold, L50|
|poke|p1|Annihilape, L50, F|
|poke|p2|Tyranitar, L50, M|
|poke|p2|Houndstone, L50, M|
|poke|p2|Gholdengo, L50|
|poke|p2|Garchomp, L50, F|
|poke|p2|Incineroar, L50, F|
|poke|p2|Amoonguss, L50, M|
|teampreview|4
|showteam|p1|Gholdengo||LifeOrb|GoodasGold|MakeItRain,ShadowBall,NastyPlot,Protect||||||50|,,,,,Dragon]Ursaluna-Bloodmoon||AssaultVest|MindsEye|BloodMoon,HyperVoice,EarthPower,VacuumWave|||M|||50|,,,,,Normal]Dragonite||LoadedDice|Multiscale|ScaleShot,Tailwind,Haze,Protect|||M|||50|,,,,,Fairy]Rillaboom||MiracleSeed|GrassySurge|DrumBeating,GrassyGlide,FakeOut,KnockOff|||F|||50|,,,,,Fire]Maushold||FocusSash|FriendGuard|SuperFang,FollowMe,BeatUp,Protect||||||50|,,,,,Ghost]Annihilape||SafetyGoggles|Defiant|DrainPunch,RageFist,BulkUp,Protect|||F|||50|,,,,,Water
|showteam|p2|Tyranitar||AssaultVest|SandStream|RockSlide,KnockOff,LowKick,TeraBlast|||M|||50|,,,,,Flying]Houndstone||SpellTag|SandRush|LastRespects,ShadowSneak,PlayRough,FireFang|||M|||50|,,,,,Ghost]Gholdengo||LifeOrb|GoodasGold|MakeItRain,ShadowBall,NastyPlot,Protect||||||50|,,,,,Water]Garchomp||LoadedDice|RoughSkin|ScaleShot,Earthquake,SwordsDance,Protect|||F|||50|,,,,,Fire]Incineroar||SafetyGoggles|Intimidate|FakeOut,KnockOff,FlareBlitz,PartingShot|||F|||50|,,,,,Water]Amoonguss||SitrusBerry|Regenerator|Spore,RagePowder,PollenPuff,Protect|||M|||50|,,,,,Grass
|inactive|Battle timer is ON: inactive players will automatically lose when time's up. (requested by Voltage Gaming101)
|
|t:|1756922029
|teamsize|p1|4
|teamsize|p2|4
|start
|switch|p1a: Maushold|Maushold, L50|100/100
|switch|p1b: Annihilape|Annihilape, L50, F|100/100
|switch|p2a: Tyranitar|Tyranitar, L50, M, shiny|100/100
|switch|p2b: Amoonguss|Amoonguss, L50, M|100/100
|-weather|Sandstorm|[from] ability: Sand Stream|[of] p2a: Tyranitar
|turn|1
|
|t:|1756922049
|-terastallize|p2a: Tyranitar|Flying
|move|p1a: Maushold|Follow Me|p1a: Maushold
|-singleturn|p1a: Maushold|move: Follow Me
|move|p1b: Annihilape|Bulk Up|p1b: Annihilape
|-boost|p1b: Annihilape|atk|1
|-boost|p1b: Annihilape|def|1
|move|p2a: Tyranitar|Tera Blast|p1a: Maushold|[anim] Tera Blast Flying
|-damage|p1a: Maushold|39/100
|move|p2b: Amoonguss|Spore|p1a: Maushold
|-status|p1a: Maushold|slp|[from] move: Spore
|
|-weather|Sandstorm|[upkeep]
|-damage|p1a: Maushold|33/100 slp|[from] Sandstorm
|-damage|p2a: Tyranitar|95/100|[from] Sandstorm
|-damage|p2b: Amoonguss|95/100|[from] Sandstorm
|upkeep
|turn|2
|inactive|vgc_heartgold has 30 seconds left.
|
|t:|1756922082
|-terastallize|p1b: Annihilape|Water
|cant|p1a: Maushold|slp
|move|p1b: Annihilape|Bulk Up|p1b: Annihilape
|-boost|p1b: Annihilape|atk|1
|-boost|p1b: Annihilape|def|1
|move|p2a: Tyranitar|Knock Off|p1b: Annihilape
|-damage|p1b: Annihilape|78/100
|-enditem|p1b: Annihilape|Safety Goggles|[from] move: Knock Off|[of] p2a: Tyranitar
|move|p2b: Amoonguss|Spore|p1b: Annihilape
|-status|p1b: Annihilape|slp|[from] move: Spore
|
|-weather|Sandstorm|[upkeep]
|-damage|p1a: Maushold|26/100 slp|[from] Sandstorm
|-damage|p1b: Annihilape|72/100 slp|[from] Sandstorm
|-damage|p2a: Tyranitar|89/100|[from] Sandstorm
|-damage|p2b: Amoonguss|89/100|[from] Sandstorm
|upkeep
|turn|3
|
|t:|1756922101
|switch|p2a: Gholdengo|Gholdengo, L50|100/100
|cant|p1a: Maushold|slp
|cant|p1b: Annihilape|slp
|move|p2b: Amoonguss|Pollen Puff|p1a: Maushold
|-damage|p1a: Maushold|4/100 slp
|
|-weather|Sandstorm|[upkeep]
|-damage|p1a: Maushold|0 fnt|[from] Sandstorm
|-damage|p1b: Annihilape|66/100 slp|[from] Sandstorm
|-damage|p2b: Amoonguss|83/100|[from] Sandstorm
|faint|p1a: Maushold
|upkeep
|
|t:|1756922124
|switch|p1a: Rillaboom|Rillaboom, L50, F|100/100
|-fieldstart|move: Grassy Terrain|[from] ability: Grassy Surge|[of] p1a: Rillaboom
|turn|4
|
|t:|1756922139
|move|p2a: Gholdengo|Protect|p2a: Gholdengo
|-singleturn|p2a: Gholdengo|Protect
|-curestatus|p1b: Annihilape|slp|[msg]
|move|p1b: Annihilape|Rage Fist|p2a: Gholdengo
|-activate|p2a: Gholdengo|move: Protect
|move|p1a: Rillaboom|Knock Off|p2a: Gholdengo
|-activate|p2a: Gholdengo|move: Protect
|move|p2b: Amoonguss|Spore|p1a: Rillaboom
|-immune|p1a: Rillaboom
|
|-weather|Sandstorm|[upkeep]
|-damage|p1b: Annihilape|60/100|[from] Sandstorm
|-damage|p1a: Rillaboom|95/100|[from] Sandstorm
|-damage|p2b: Amoonguss|77/100|[from] Sandstorm
|-heal|p1b: Annihilape|66/100|[from] Grassy Terrain
|-heal|p1a: Rillaboom|100/100|[from] Grassy Terrain
|-heal|p2b: Amoonguss|83/100|[from] Grassy Terrain
|upkeep
|turn|5
|
|t:|1756922155
|switch|p2a: Garchomp|Garchomp, L50, F, shiny|100/100
|move|p1b: Annihilape|Rage Fist|p2a: Garchomp
|-damage|p2a: Garchomp|19/100
|-damage|p1b: Annihilape|54/100|[from] ability: Rough Skin|[of] p2a: Garchomp
|move|p1a: Rillaboom|Knock Off|p2a: Garchomp
|-damage|p2a: Garchomp|0 fnt
|-damage|p1a: Rillaboom|88/100|[from] ability: Rough Skin|[of] p2a: Garchomp
|-enditem|p2a: Garchomp|Loaded Dice|[from] move: Knock Off|[of] p1a: Rillaboom
|faint|p2a: Garchomp
|move|p2b: Amoonguss|Spore|p1b: Annihilape
|-status|p1b: Annihilape|slp|[from] move: Spore
|
|-weather|none
|-heal|p1b: Annihilape|60/100 slp|[from] Grassy Terrain
|-heal|p1a: Rillaboom|94/100|[from] Grassy Terrain
|-heal|p2b: Amoonguss|89/100|[from] Grassy Terrain
|upkeep
|
|t:|1756922167
|switch|p2a: Tyranitar|Tyranitar, L50, M, shiny, tera:Flying|89/100
|-weather|Sandstorm|[from] ability: Sand Stream|[of] p2a: Tyranitar
|turn|6
|
|t:|1756922190
|cant|p1b: Annihilape|slp
|move|p1a: Rillaboom|Knock Off|p2b: Amoonguss
|-damage|p2b: Amoonguss|62/100
|-enditem|p2b: Amoonguss|Sitrus Berry|[from] move: Knock Off|[of] p1a: Rillaboom
|move|p2a: Tyranitar|Tera Blast|p1a: Rillaboom|[anim] Tera Blast Flying
|-supereffective|p1a: Rillaboom
|-damage|p1a: Rillaboom|7/100
|move|p2b: Amoonguss|Pollen Puff|p1a: Rillaboom
|-supereffective|p1a: Rillaboom
|-damage|p1a: Rillaboom|0 fnt
|faint|p1a: Rillaboom
|
|-weather|Sandstorm|[upkeep]
|-damage|p1b: Annihilape|54/100 slp|[from] Sandstorm
|-damage|p2a: Tyranitar|83/100|[from] Sandstorm
|-damage|p2b: Amoonguss|56/100|[from] Sandstorm
|-heal|p1b: Annihilape|60/100 slp|[from] Grassy Terrain
|-heal|p2b: Amoonguss|62/100|[from] Grassy Terrain
|upkeep
|
|t:|1756922209
|switch|p1a: Ursaluna|Ursaluna-Bloodmoon, L50, M|100/100
|turn|7
|
|t:|1756922222
|cant|p1b: Annihilape|slp
|move|p2a: Tyranitar|Low Kick|p1a: Ursaluna
|-supereffective|p1a: Ursaluna
|-damage|p1a: Ursaluna|30/100
|move|p1a: Ursaluna|Hyper Voice|p2a: Tyranitar|[spread] p2a,p2b
|-damage|p2a: Tyranitar|59/100
|-damage|p2b: Amoonguss|26/100
|move|p2b: Amoonguss|Spore|p1a: Ursaluna
|-status|p1a: Ursaluna|slp|[from] move: Spore
|
|-weather|Sandstorm|[upkeep]
|-damage|p1b: Annihilape|54/100 slp|[from] Sandstorm
|-damage|p2a: Tyranitar|54/100|[from] Sandstorm
|-damage|p2b: Amoonguss|20/100|[from] Sandstorm
|-heal|p1b: Annihilape|60/100 slp|[from] Grassy Terrain
|-heal|p1a: Ursaluna|35/100 slp|[from] Grassy Terrain
|-heal|p2b: Amoonguss|26/100|[from] Grassy Terrain
|upkeep
|turn|8
|inactive|vgc_heartgold has 30 seconds left.
|
|t:|1756922249
|move|p2b: Amoonguss|Rage Powder|p2b: Amoonguss
|-singleturn|p2b: Amoonguss|move: Rage Powder
|-curestatus|p1b: Annihilape|slp|[msg]
|move|p1b: Annihilape|Rage Fist|p2b: Amoonguss
|-damage|p2b: Amoonguss|0 fnt
|faint|p2b: Amoonguss
|move|p2a: Tyranitar|Low Kick|p1a: Ursaluna
|-supereffective|p1a: Ursaluna
|-damage|p1a: Ursaluna|0 fnt
|faint|p1a: Ursaluna
|
|-weather|Sandstorm|[upkeep]
|-damage|p1b: Annihilape|54/100|[from] Sandstorm
|-damage|p2a: Tyranitar|48/100|[from] Sandstorm
|-heal|p1b: Annihilape|60/100|[from] Grassy Terrain
|-fieldend|move: Grassy Terrain
|upkeep
|
|t:|1756922255
|switch|p2b: Gholdengo|Gholdengo, L50|100/100
|turn|9
|
|t:|1756922268
|move|p1b: Annihilape|Rage Fist|p2b: Gholdengo
|-supereffective|p2b: Gholdengo
|-damage|p2b: Gholdengo|0 fnt
|faint|p2b: Gholdengo
|move|p2a: Tyranitar|Tera Blast|p1b: Annihilape|[anim] Tera Blast Flying
|-damage|p1b: Annihilape|33/100
|
|-weather|Sandstorm|[upkeep]
|-damage|p1b: Annihilape|27/100|[from] Sandstorm
|-damage|p2a: Tyranitar|42/100|[from] Sandstorm
|upkeep
|turn|10
|
|t:|1756922282
|move|p1b: Annihilape|Rage Fist|p2a: Tyranitar
|-damage|p2a: Tyranitar|0 fnt
|faint|p2a: Tyranitar
|
|win|vgc_heartgold
