|j|☆Slim reaper 69
|j|☆DFLoetteBoi
|html|Slim reaper 69DFLoetteBoi    
|uhtml|bestof|Game 1 of a best-of-3
|t:|1783310338
|gametype|doubles
|player|p1|Slim reaper 69|hiker-gen4|1186
|player|p2|DFLoetteBoi|265|1156
|gen|9
|tier|[Gen 9 Champions] VGC 2026 Reg M-B (Bo3)
|rated|
|rule|Species Clause: Limit one of each Pokémon
|rule|Item Clause: Limit 1 of each item
|clearpoke
|poke|p1|Whimsicott, L50, M|
|poke|p1|Espathra, L50, M|
|poke|p1|Glimmora, L50, F|
|poke|p1|Rotom-Heat, L50|
|poke|p1|Lucario, L50, F|
|poke|p1|Milotic, L50, F|
|poke|p2|Charizard, L50, M, shiny|
|poke|p2|Kingambit, L50, M, shiny|
|poke|p2|Sylveon, L50, F, shiny|
|poke|p2|Garchomp, L50, F, shiny|
|poke|p2|Aerodactyl, L50, M|
|poke|p2|Farigiraf, L50, F, shiny|
|teampreview|4
|showteam|p1|Whimsicott||FocusSash|Prankster|Tailwind,Protect,FakeTears,Moonblast|Timid||M|||50|]Espathra||ColburBerry|SpeedBoost|LuminaCrash,CalmMind,BatonPass,Protect|Timid||M|||50|]Glimmora||Glimmoranite|ToxicDebris|SludgeBomb,SpikyShield,EarthPower,PowerGem|Modest||F|||50|]Rotom-Heat||SitrusBerry|Levitate|Overheat,Electroweb,WillOWisp,VoltSwitch|Bold|||||50|]Lucario||Lucarionite|InnerFocus|Protect,AuraSphere,FlashCannon,DarkPulse|Timid||F|||50|]Milotic||Leftovers|Competitive|Scald,IcyWind,AlluringVoice,Recover|Bold||F|||50|
|showteam|p2|Charizard||CharizarditeY|Blaze|HeatWave,WeatherBall,SolarBeam,Protect|Modest||M|||50|]Kingambit||FocusSash|Defiant|IronHead,SuckerPunch,KowtowCleave,LowKick|Adamant||M|||50|]Sylveon||FairyFeather|Pixilate|Detect,HyperVoice,HyperBeam,QuickAttack|Modest||F|||50|]Garchomp||LifeOrb|RoughSkin|Protect,DragonClaw,Earthquake,StompingTantrum|Jolly||F|||50|]Aerodactyl||Aerodactylite|Unnerve|RockSlide,Tailwind,DualWingbeat,IceFang|Jolly||M|||50|]Farigiraf||SitrusBerry|ArmorTail|TrickRoom,Psychic,Thunderbolt,Protect|Bold||F|||50|
|inactive|Battle timer is ON: inactive players will automatically lose when time's up. (requested by DFLoetteBoi)
|inactive|Slim reaper 69 has 60 seconds left.
|inactive|DFLoetteBoi has 60 seconds left.
|inactive|DFLoetteBoi has 30 seconds left.
|inactive|DFLoetteBoi has 20 seconds left.
|inactive|DFLoetteBoi has 15 seconds left.
|inactive|DFLoetteBoi has 10 seconds left.
|inactive|DFLoetteBoi has 5 seconds left.
|
|t:|1783310426
|teamsize|p1|4
|teamsize|p2|4
|start
|switch|p1a: Espathra|Espathra, L50, M|100/100
|switch|p1b: Rotom|Rotom-Heat, L50|100/100
|switch|p2a: Aerodactyl|Aerodactyl, L50, M|100/100
|switch|p2b: Garchomp|Garchomp, L50, F, shiny|100/100
|-ability|p2a: Aerodactyl|Unnerve
|turn|1
|inactive|Slim reaper 69 has 30 seconds left.
|inactive|DFLoetteBoi has 30 seconds left.
|
|t:|1783310456
|detailschange|p2a: Aerodactyl|Aerodactyl-Mega, L50, M
|-mega|p2a: Aerodactyl|Aerodactyl|Aerodactylite
|move|p2a: Aerodactyl|Rock Slide|p1b: Rotom|[spread] p1a,p1b
|-supereffective|p1b: Rotom|1
|-damage|p1a: Espathra|68/100
|-damage|p1b: Rotom|52/100
|move|p1a: Espathra|Calm Mind|p1a: Espathra
|-boost|p1a: Espathra|spa|1
|-boost|p1a: Espathra|spd|1
|move|p2b: Garchomp|Dragon Claw|p1b: Rotom
|-damage|p1b: Rotom|3/100
|-enditem|p1b: Rotom|Sitrus Berry|[eat]
|-heal|p1b: Rotom|28/100|[from] item: Sitrus Berry
|-damage|p2b: Garchomp|90/100|[from] item: Life Orb
|move|p1b: Rotom|Will-O-Wisp|p2b: Garchomp
|-status|p2b: Garchomp|brn
|
|-damage|p2b: Garchomp|84/100 brn|[from] brn
|-ability|p1a: Espathra|Speed Boost|boost
|-boost|p1a: Espathra|spe|1
|upkeep
|turn|2
|inactive|DFLoetteBoi has 30 seconds left.
|inactive|DFLoetteBoi has 20 seconds left.
|
|t:|1783310492
|switch|p2b: Farigiraf|Farigiraf, L50, F, shiny|100/100
|switch|p1b: Milotic|Milotic, L50, F|100/100
|move|p1a: Espathra|Protect|p1a: Espathra
|-singleturn|p1a: Espathra|Protect
|move|p2a: Aerodactyl|Rock Slide|p1a: Espathra|[spread] p1b
|-activate|p1a: Espathra|move: Protect
|-damage|p1b: Milotic|78/100
|
|-heal|p1b: Milotic|84/100|[from] item: Leftovers
|-ability|p1a: Espathra|Speed Boost|boost
|-boost|p1a: Espathra|spe|1
|upkeep
|turn|3
|
|t:|1783310516
|move|p1a: Espathra|Calm Mind|p1a: Espathra
|-boost|p1a: Espathra|spa|1
|-boost|p1a: Espathra|spd|1
|move|p2a: Aerodactyl|Rock Slide|p1b: Milotic|[spread] p1a,p1b
|-damage|p1a: Espathra|35/100
|-damage|p1b: Milotic|63/100
|cant|p1b: Milotic|flinch
|move|p2b: Farigiraf|Thunderbolt|p1b: Milotic
|-supereffective|p1b: Milotic|1
|-damage|p1b: Milotic|28/100
|-status|p1b: Milotic|par
|
|-heal|p1b: Milotic|34/100 par|[from] item: Leftovers
|-ability|p1a: Espathra|Speed Boost|boost
|-boost|p1a: Espathra|spe|1
|upkeep
|turn|4
|
|t:|1783310534
|move|p1a: Espathra|Baton Pass|p1a: Espathra
|
|t:|1783310536
|switch|p1a: Lucario|Lucario, L50, F|100/100|[from] Baton Pass
|move|p2a: Aerodactyl|Rock Slide|p1b: Milotic|[spread] p1a,p1b
|-resisted|p1a: Lucario|2
|-damage|p1a: Lucario|90/100
|-damage|p1b: Milotic|13/100 par
|move|p1b: Milotic|Recover|p1b: Milotic
|-heal|p1b: Milotic|63/100 par
|move|p2b: Farigiraf|Trick Room|p2b: Farigiraf
|-fieldstart|move: Trick Room|[of] p2b: Farigiraf
|
|-heal|p1b: Milotic|69/100 par|[from] item: Leftovers
|upkeep
|turn|5
|inactive|Slim reaper 69 has 30 seconds left.
|
|t:|1783310563
|detailschange|p1a: Lucario|Lucario-Mega, L50, F
|-mega|p1a: Lucario|Lucario|Lucarionite
|move|p1b: Milotic|Scald|p2a: Aerodactyl
|-supereffective|p2a: Aerodactyl|1
|-damage|p2a: Aerodactyl|40/100
|move|p2b: Farigiraf|Psychic|p1a: Lucario
|-damage|p1a: Lucario|62/100
|move|p2a: Aerodactyl|Dual Wingbeat|p1a: Lucario
|-damage|p1a: Lucario|30/100
|-damage|p1a: Lucario|0 fnt
|faint|p1a: Lucario
|-hitcount|p1: Lucario|2
|
|-heal|p1b: Milotic|75/100 par|[from] item: Leftovers
|upkeep
|
|t:|1783310577
|switch|p1a: Rotom|Rotom-Heat, L50|28/100
|turn|6
|
|t:|1783310589
|switch|p2a: Garchomp|Garchomp, L50, F, shiny|84/100 brn
|move|p1b: Milotic|Scald|p2b: Farigiraf
|-damage|p2b: Farigiraf|75/100
|move|p2b: Farigiraf|Psychic|p1a: Rotom
|-damage|p1a: Rotom|0 fnt
|faint|p1a: Rotom
|
|-heal|p1b: Milotic|81/100 par|[from] item: Leftovers
|-damage|p2a: Garchomp|78/100 brn|[from] brn
|upkeep
|
|t:|1783310597
|switch|p1a: Espathra|Espathra, L50, M|35/100
|turn|7
|
|t:|1783310619
|move|p1b: Milotic|Icy Wind|p2a: Garchomp|[spread] p2a,p2b
|-supereffective|p2a: Garchomp|2
|-damage|p2a: Garchomp|32/100 brn
|-damage|p2b: Farigiraf|67/100
|-unboost|p2a: Garchomp|spe|1
|-unboost|p2b: Farigiraf|spe|1
|move|p2b: Farigiraf|Thunderbolt|p1b: Milotic
|-supereffective|p1b: Milotic|1
|-damage|p1b: Milotic|49/100 par
|move|p2a: Garchomp|Stomping Tantrum|p1a: Espathra
|-damage|p1a: Espathra|1/100
|-damage|p2a: Garchomp|22/100 brn|[from] item: Life Orb
|move|p1a: Espathra|Lumina Crash|p2b: Farigiraf
|-resisted|p2b: Farigiraf|1
|-damage|p2b: Farigiraf|55/100
|-unboost|p2b: Farigiraf|spd|2
|
|-heal|p1b: Milotic|54/100 par|[from] item: Leftovers
|-damage|p2a: Garchomp|16/100 brn|[from] brn
|-ability|p1a: Espathra|Speed Boost|boost
|-boost|p1a: Espathra|spe|1
|upkeep
|turn|8
|inactive|DFLoetteBoi has 30 seconds left.
|
|t:|1783310652
|switch|p2a: Kingambit|Kingambit, L50, M, shiny|100/100
|move|p1a: Espathra|Protect|p1a: Espathra
|-singleturn|p1a: Espathra|Protect
|move|p2b: Farigiraf|Thunderbolt|p1b: Milotic
|-supereffective|p1b: Milotic|1
|-damage|p1b: Milotic|23/100 par
|move|p1b: Milotic|Recover|p1b: Milotic
|-heal|p1b: Milotic|73/100 par
|
|-heal|p1b: Milotic|79/100 par|[from] item: Leftovers
|-fieldend|move: Trick Room
|-ability|p1a: Espathra|Speed Boost|boost
|-boost|p1a: Espathra|spe|1
|upkeep
|turn|9
|inactive|DFLoetteBoi has 30 seconds left.
|inactive|DFLoetteBoi has 20 seconds left.
|
|t:|1783310689
|move|p2a: Kingambit|Sucker Punch||[still]
|-fail|p2a: Kingambit
|move|p1a: Espathra|Calm Mind|p1a: Espathra
|-boost|p1a: Espathra|spa|1
|-boost|p1a: Espathra|spd|1
|move|p1b: Milotic|Alluring Voice|p2b: Farigiraf
|-damage|p2b: Farigiraf|25/100
|-enditem|p2b: Farigiraf|Sitrus Berry|[eat]
|-heal|p2b: Farigiraf|50/100y|[from] item: Sitrus Berry
|move|p2b: Farigiraf|Thunderbolt|p1a: Espathra
|-damage|p1a: Espathra|0 fnt
|faint|p1a: Espathra
|
|-heal|p1b: Milotic|85/100 par|[from] item: Leftovers
|upkeep
|turn|10
|
|t:|1783310710
|switch|p2b: Garchomp|Garchomp, L50, F, shiny|16/100 brn
|move|p2a: Kingambit|Kowtow Cleave|p1b: Milotic
|-damage|p1b: Milotic|48/100 par
|move|p1b: Milotic|Scald|p2a: Kingambit
|-damage|p2a: Kingambit|69/100
|
|-heal|p1b: Milotic|53/100 par|[from] item: Leftovers
|-damage|p2b: Garchomp|10/100 brn|[from] brn
|upkeep
|turn|11
|
|t:|1783310726
|move|p2b: Garchomp|Dragon Claw|p1b: Milotic
|-damage|p1b: Milotic|32/100 par
|-damage|p2b: Garchomp|1/100 brn|[from] item: Life Orb
|move|p2a: Kingambit|Kowtow Cleave|p1b: Milotic
|-damage|p1b: Milotic|0 fnt
|faint|p1b: Milotic
|
|win|DFLoetteBoi
||Slim reaper 69 is ready for game 2.
|inactive|DFLoetteBoi has 30 seconds to confirm battle start!
