|j|☆TheMMalt
|j|☆lordtentacle69
|html|TheMMaltlordtentacle69    
|uhtml|bestof|Game 1 of a best-of-3
|t:|1782974112
|gametype|doubles
|player|p1|TheMMalt|doctor|1215
|player|p2|lordtentacle69|corbeau|1156
|gen|9
|tier|[Gen 9 Champions] VGC 2026 Reg M-B (Bo3)
|rated|
|rule|Species Clause: Limit one of each Pokémon
|rule|Item Clause: Limit 1 of each item
|clearpoke
|poke|p1|Grimmsnarl, L50, M|
|poke|p1|Metagross, L50|
|poke|p1|Hydreigon, L50, F|
|poke|p1|Toxapex, L50, M, shiny|
|poke|p1|Charizard, L50, F|
|poke|p1|Garchomp, L50, M|
|poke|p2|Aerodactyl, L50, M|
|poke|p2|Charizard, L50, M|
|poke|p2|Kingambit, L50, F|
|poke|p2|Sylveon, L50, M|
|poke|p2|Farigiraf, L50, M|
|poke|p2|Garchomp, L50, M|
|teampreview|4
|showteam|p1|Grimmsnarl||LightClay|Prankster|Reflect,LightScreen,FakeOut,FoulPlay|Sassy||M|||50|]Metagross||Metagrossite|ClearBody|Protect,IronHead,HammerArm,BulletPunch|Adamant|||||50|]Hydreigon||ChoiceScarf|Levitate|HeatWave,Snarl,DarkPulse,DracoMeteor|Modest||F|||50|]Toxapex||Leftovers|Regenerator|Toxic,Infestation,BanefulBunker,WideGuard|Bold||M|||50|]Charizard||CharizarditeY|Blaze|Protect,HeatWave,SolarBeam,WeatherBall|Timid||F|||50|]Garchomp||SitrusBerry|RoughSkin|Protect,Earthquake,DragonClaw,RockSlide|Adamant||M|||50|
|showteam|p2|Aerodactyl||Aerodactylite|Unnerve|RockSlide,DualWingbeat,IceFang,Tailwind|Jolly||M|||50|]Charizard||CharizarditeY|Blaze|HeatWave,Protect,SolarBeam,WeatherBall|Modest||M|||50|]Kingambit||FocusSash|Defiant|KowtowCleave,SuckerPunch,LowKick,IronHead|Adamant||F|||50|]Sylveon||FairyFeather|Pixilate|HyperVoice,HyperBeam,QuickAttack,Protect|Modest||M|||50|]Farigiraf||SitrusBerry|ArmorTail|Psychic,Protect,TrickRoom,Thunderbolt|Bold||M|||50|]Garchomp||LifeOrb|RoughSkin|Earthquake,StompingTantrum,DragonClaw,Protect|Jolly||M|||50|
|
|t:|1782974172
|teamsize|p1|4
|teamsize|p2|4
|start
|switch|p1a: Grimmsnarl|Grimmsnarl, L50, M|100/100
|switch|p1b: Toxapex|Toxapex, L50, M, shiny|100/100
|switch|p2a: Sylveon|Sylveon, L50, M|100/100
|switch|p2b: Farigiraf|Farigiraf, L50, M|100/100
|turn|1
|
|t:|1782974198
|move|p1a: Grimmsnarl|Light Screen|p1a: Grimmsnarl
|-sidestart|p1: TheMMalt|move: Light Screen
|move|p2a: Sylveon|Hyper Beam|p1a: Grimmsnarl
|-supereffective|p1a: Grimmsnarl|1
|-damage|p1a: Grimmsnarl|0 fnt
|-mustrecharge|p2a: Sylveon
|faint|p1a: Grimmsnarl
|move|p2b: Farigiraf|Psychic|p1b: Toxapex
|-supereffective|p1b: Toxapex|1
|-damage|p1b: Toxapex|66/100
|move|p1b: Toxapex|Infestation|p2a: Sylveon
|-resisted|p2a: Sylveon|1
|-damage|p2a: Sylveon|98/100
|-activate|p2a: Sylveon|move: Infestation|[of] p1b: Toxapex
|
|-heal|p1b: Toxapex|71/100|[from] item: Leftovers
|-damage|p2a: Sylveon|86/100|[from] move: Infestation|[partiallytrapped]
|upkeep
|
|t:|1782974211
|switch|p1a: Metagross|Metagross, L50|100/100
|turn|2
|
|t:|1782974226
|detailschange|p1a: Metagross|Metagross-Mega, L50
|-mega|p1a: Metagross|Metagross|Metagrossite
|move|p1a: Metagross|Iron Head|p2a: Sylveon
|-supereffective|p2a: Sylveon|1
|-damage|p2a: Sylveon|0 fnt
|faint|p2a: Sylveon
|move|p2b: Farigiraf|Psychic|p1b: Toxapex
|-supereffective|p1b: Toxapex|1
|-damage|p1b: Toxapex|36/100
|move|p1b: Toxapex|Infestation|p2b: Farigiraf
|-supereffective|p2b: Farigiraf|1
|-damage|p2b: Farigiraf|93/100
|-activate|p2b: Farigiraf|move: Infestation|[of] p1b: Toxapex
|
|-heal|p1b: Toxapex|42/100|[from] item: Leftovers
|-damage|p2b: Farigiraf|81/100|[from] move: Infestation|[partiallytrapped]
|upkeep
|
|t:|1782974245
|switch|p2a: Charizard|Charizard, L50, M|100/100
|turn|3
|
|t:|1782974256
|switch|p1a: Hydreigon|Hydreigon, L50, F|100/100
|detailschange|p2a: Charizard|Charizard-Mega-Y, L50, M
|-mega|p2a: Charizard|Charizard|Charizardite Y
|-weather|SunnyDay|[from] ability: Drought|[of] p2a: Charizard
|move|p1b: Toxapex|Baneful Bunker|p1b: Toxapex
|-singleturn|p1b: Toxapex|move: Protect
|move|p2a: Charizard|Weather Ball|p1a: Hydreigon
|-resisted|p1a: Hydreigon|1
|-damage|p1a: Hydreigon|67/100
|move|p2b: Farigiraf|Psychic|p1b: Toxapex
|-activate|p1b: Toxapex|move: Protect
|
|-weather|SunnyDay|[upkeep]
|-heal|p1b: Toxapex|47/100|[from] item: Leftovers
|-damage|p2b: Farigiraf|69/100|[from] move: Infestation|[partiallytrapped]
|upkeep
|turn|4
|
|t:|1782974289
|switch|p2a: Kingambit|Kingambit, L50, F|100/100
|move|p2b: Farigiraf|Protect|p2b: Farigiraf
|-singleturn|p2b: Farigiraf|Protect
|move|p1a: Hydreigon|Dark Pulse|p2b: Farigiraf
|-activate|p2b: Farigiraf|move: Protect
|move|p1b: Toxapex|Toxic|p2a: Kingambit
|-immune|p2a: Kingambit
|
|-weather|SunnyDay|[upkeep]
|-heal|p1b: Toxapex|53/100|[from] item: Leftovers
|-damage|p2b: Farigiraf|57/100|[from] move: Infestation|[partiallytrapped]
|upkeep
|turn|5
|
|t:|1782974335
|switch|p1a: Metagross|Metagross-Mega, L50|100/100
|move|p2b: Farigiraf|Protect||[still]
|-fail|p2b: Farigiraf
|move|p2a: Kingambit|Low Kick|p1a: Metagross
|-damage|p1a: Metagross|67/100
|move|p1b: Toxapex|Infestation|p2a: Kingambit
|-damage|p2a: Kingambit|96/100
|-activate|p2a: Kingambit|move: Infestation|[of] p1b: Toxapex
|
|-weather|SunnyDay|[upkeep]
|-heal|p1b: Toxapex|59/100|[from] item: Leftovers
|-damage|p2a: Kingambit|84/100|[from] move: Infestation|[partiallytrapped]
|-damage|p2b: Farigiraf|44/100|[from] move: Infestation|[partiallytrapped]
|upkeep
|-enditem|p2b: Farigiraf|Sitrus Berry|[eat]
|-heal|p2b: Farigiraf|69/100|[from] item: Sitrus Berry
|turn|6
|
|t:|1782974369
|-heal|p1b: Toxapex|92/100|[from] ability: Regenerator|[silent]
|switch|p1b: Hydreigon|Hydreigon, L50, F|67/100
|move|p1a: Metagross|Hammer Arm|p2a: Kingambit
|-supereffective|p2a: Kingambit|2
|-damage|p2a: Kingambit|0 fnt
|-unboost|p1a: Metagross|spe|1
|faint|p2a: Kingambit
|move|p2b: Farigiraf|Psychic|p1b: Hydreigon
|-immune|p1b: Hydreigon
|
|-weather|SunnyDay|[upkeep]
|-end|p2b: Farigiraf|Infestation|[partiallytrapped]|[silent]
|upkeep
|
|t:|1782974375
|switch|p2a: Charizard|Charizard-Mega-Y, L50, M|100/100
|turn|7
|
|t:|1782974382
|switch|p1a: Toxapex|Toxapex, L50, M, shiny|92/100
|move|p2b: Farigiraf|Protect|p2b: Farigiraf
|-singleturn|p2b: Farigiraf|Protect
|move|p1b: Hydreigon|Snarl|p2a: Charizard|[spread] p2a
|-activate|p2b: Farigiraf|move: Protect
|-damage|p2a: Charizard|80/100
|-unboost|p2a: Charizard|spa|1
|move|p2a: Charizard|Heat Wave|p1a: Toxapex|[spread] p1a,p1b
|-resisted|p1a: Toxapex|1
|-resisted|p1b: Hydreigon|1
|-damage|p1a: Toxapex|82/100
|-damage|p1b: Hydreigon|52/100
|
|-weather|none
|-heal|p1a: Toxapex|87/100|[from] item: Leftovers
|upkeep
|turn|8
|-message|lordtentacle69 forfeited.
|
|win|TheMMalt
||lordtentacle69 is ready for game 2.
