|j|☆Cactusmax
|j|☆KingNoahC17
|html|CactusmaxKingNoahC17    
|uhtml|bestof|Game 1 of a best-of-3
|t:|1785950354
|gametype|doubles
|player|p1|Cactusmax|ballguy|
|player|p2|KingNoahC17|alec-anime|
|gen|9
|tier|[Gen 9 Champions] VGC 2026 Reg M-B (Bo3)
|rule|Species Clause: Limit one of each Pokémon
|rule|Item Clause: Limit 1 of each item
|clearpoke
|poke|p1|Sneasler, L50, M|
|poke|p1|Blastoise, L50, M|
|poke|p1|Kingambit, L50, M|
|poke|p1|Incineroar, L50, M|
|poke|p1|Delphox, L50, F|
|poke|p1|Sinistcha, L50|
|poke|p2|Garchomp, L50, F|
|poke|p2|Floette-Eternal, L50, F|
|poke|p2|Grimmsnarl, L50, M|
|poke|p2|Incineroar, L50, M|
|poke|p2|Metagross, L50|
|poke|p2|Hydreigon, L50, M|
|teampreview|4
|showteam|p1|Sneasler||FocusSash|PoisonTouch|PoisonJab,CloseCombat,FakeOut,QuickGuard|Jolly||M|||50|]Blastoise||Blastoisinite|RainDish|DarkPulse,WaterSpout,ShellSmash,Protect|Modest||M|||50|]Kingambit||LifeOrb|Defiant|KowtowCleave,SuckerPunch,SwordsDance,Protect|Adamant||M|||50|]Incineroar||SitrusBerry|Intimidate|FlareBlitz,HelpingHand,PartingShot,FakeOut|Careful||M|||50|]Delphox||Delphoxite|Blaze|HeatWave,NastyPlot,Psyshock,Protect|Modest||F|||50|]Sinistcha||OccaBerry|Hospitality|MatchaGotcha,RagePowder,TrickRoom,Protect|Bold|||||50|
|showteam|p2|Garchomp||SitrusBerry|RoughSkin|Earthquake,DragonClaw,RockSlide,Protect|Adamant||F|||50|]Floette-Eternal||Floettite|FlowerVeil|DrainingKiss,DazzlingGleam,CalmMind,Protect|Modest||F|||50|]Grimmsnarl||LightClay|Prankster|SpiritBreak,Reflect,LightScreen,PartingShot|Careful||M|||50|]Incineroar||Charcoal|Intimidate|FlareBlitz,ThroatChop,FakeOut,PartingShot|Adamant||M|||50|]Metagross||Metagrossite|ClearBody|Protect,PsychicFangs,IronHead,StompingTantrum|Jolly|||||50|]Hydreigon||ChoiceScarf|Levitate|DarkPulse,DracoMeteor,Snarl,EarthPower|Modest||M|||50|
|inactive|Battle timer is ON: inactive players will automatically lose when time's up. (requested by KingNoahC17)
|c|☆Cactusmax|hf
|c|☆KingNoahC17|u2
|inactive|Cactusmax has 60 seconds left.
|inactive|KingNoahC17 has 60 seconds left.
|inactiveoff|Battle timer is now OFF.
|
|t:|1785950433
|teamsize|p1|4
|teamsize|p2|4
|start
|switch|p1a: Blastoise|Blastoise, L50, M|100/100
|switch|p1b: Sneasler|Sneasler, L50, M|100/100
|switch|p2a: Grimmsnarl|Grimmsnarl, L50, M|100/100
|switch|p2b: Garchomp|Garchomp, L50, F|100/100
|turn|1
|inactive|Battle timer is ON: inactive players will automatically lose when time's up. (requested by Cactusmax)
|
|t:|1785950456
|detailschange|p1a: Blastoise|Blastoise-Mega, L50, M
|-mega|p1a: Blastoise|Blastoise|Blastoisinite
|move|p1b: Sneasler|Fake Out|p2b: Garchomp
|-damage|p2b: Garchomp|88/100
|-damage|p1b: Sneasler|87/100|[from] ability: Rough Skin|[of] p2b: Garchomp
|-status|p2b: Garchomp|psn|[from] ability: Poison Touch|[of] p1b: Sneasler
|cant|p2b: Garchomp|flinch
|move|p1a: Blastoise|Shell Smash|p1a: Blastoise
|-unboost|p1a: Blastoise|def|1
|-unboost|p1a: Blastoise|spd|1
|-boost|p1a: Blastoise|atk|2
|-boost|p1a: Blastoise|spa|2
|-boost|p1a: Blastoise|spe|2
|move|p2a: Grimmsnarl|Spirit Break|p1a: Blastoise
|-damage|p1a: Blastoise|54/100
|-unboost|p1a: Blastoise|spa|1
|
|-damage|p2b: Garchomp|76/100 psn|[from] psn
|upkeep
|turn|2
|inactive|KingNoahC17 has 30 seconds left.
|inactive|KingNoahC17 has 20 seconds left.
|inactive|KingNoahC17 has 15 seconds left.
|
|t:|1785950496
|switch|p1b: Sinistcha|Sinistcha, L50|100/100
|-heal|p1a: Blastoise|79/100|[from] ability: Hospitality|[of] p1b: Sinistcha
|move|p1a: Blastoise|Protect|p1a: Blastoise
|-singleturn|p1a: Blastoise|Protect
|move|p2a: Grimmsnarl|Light Screen|p2a: Grimmsnarl
|-sidestart|p2: KingNoahC17|move: Light Screen
|move|p2b: Garchomp|Earthquake|p1b: Sinistcha|[spread] p2a,p1b
|-activate|p1a: Blastoise|move: Protect
|-resisted|p1b: Sinistcha|1
|-damage|p2a: Grimmsnarl|59/100
|-damage|p1b: Sinistcha|83/100
|
|-damage|p2b: Garchomp|64/100 psn|[from] psn
|upkeep
|turn|3
|j| camala64
|inactive|Cactusmax has 30 seconds left.
|
|t:|1785950525
|move|p1b: Sinistcha|Rage Powder|p1b: Sinistcha
|-singleturn|p1b: Sinistcha|move: Rage Powder
|move|p2a: Grimmsnarl|Parting Shot|p1b: Sinistcha
|-unboost|p1b: Sinistcha|atk|1
|-unboost|p1b: Sinistcha|spa|1
|
|t:|1785950530
|switch|p2a: Hydreigon|Hydreigon, L50, M|100/100|[from] Parting Shot
|move|p1a: Blastoise|Water Spout|p2a: Hydreigon|[spread] p2a,p2b
|-resisted|p2a: Hydreigon|1
|-damage|p2a: Hydreigon|70/100
|-damage|p2b: Garchomp|12/100 psn
|-enditem|p2b: Garchomp|Sitrus Berry|[eat]
|-heal|p2b: Garchomp|36/100 psn|[from] item: Sitrus Berry
|move|p2b: Garchomp|Earthquake|p1b: Sinistcha|[spread] p1a,p1b
|-immune|p2a: Hydreigon|[from] ability: Levitate
|-resisted|p1b: Sinistcha|1
|-damage|p1a: Blastoise|27/100
|-damage|p1b: Sinistcha|66/100
|
|-damage|p2b: Garchomp|24/100 psn|[from] psn
|upkeep
|turn|4
|inactive|Cactusmax has 30 seconds left.
|inactive|KingNoahC17 has 30 seconds left.
|inactive|Cactusmax has 20 seconds left.
|inactive|KingNoahC17 has 20 seconds left.
|inactive|KingNoahC17 has 15 seconds left.
|
|t:|1785950573
|switch|p2b: Floette|Floette-Eternal, L50, F|100/100
|switch|p1b: Incineroar|Incineroar, L50, M|100/100
|-ability|p1b: Incineroar|Intimidate|boost
|-unboost|p2a: Hydreigon|atk|1
|-unboost|p2b: Floette|atk|1
|move|p1a: Blastoise|Dark Pulse|p2b: Floette
|-resisted|p2b: Floette|1
|-damage|p2b: Floette|79/100
|move|p2a: Hydreigon|Snarl|p1b: Incineroar|[spread] p1a,p1b
|-resisted|p1b: Incineroar|1
|-damage|p1a: Blastoise|0 fnt
|-damage|p1b: Incineroar|91/100
|-unboost|p1b: Incineroar|spa|1
|faint|p1a: Blastoise
|
|upkeep
|
|t:|1785950585
|switch|p1a: Sneasler|Sneasler, L50, M|87/100
|turn|5
|
|t:|1785950594
|switch|p2a: Grimmsnarl|Grimmsnarl, L50, M|59/100
|detailschange|p2b: Floette|Floette-Mega, L50, F
|-mega|p2b: Floette|Floette|Floettite
|-ability|p2b: Floette|Fairy Aura
|move|p2b: Floette|Protect|p2b: Floette
|-singleturn|p2b: Floette|Protect
|move|p1a: Sneasler|Poison Jab|p2b: Floette
|-activate|p2b: Floette|move: Protect
|move|p1b: Incineroar|Parting Shot|p2a: Grimmsnarl
|-unboost|p2a: Grimmsnarl|atk|1
|-unboost|p2a: Grimmsnarl|spa|1
|
|t:|1785950605
|switch|p1b: Sinistcha|Sinistcha, L50|66/100|[from] Parting Shot
|-heal|p1a: Sneasler|100/100|[from] ability: Hospitality|[of] p1b: Sinistcha
|
|upkeep
|turn|6
|
|t:|1785950613
|move|p1b: Sinistcha|Rage Powder|p1b: Sinistcha
|-singleturn|p1b: Sinistcha|move: Rage Powder
|move|p2a: Grimmsnarl|Reflect|p2a: Grimmsnarl
|-sidestart|p2: KingNoahC17|Reflect
|move|p1a: Sneasler|Poison Jab|p2b: Floette
|-supereffective|p2b: Floette|1
|-damage|p2b: Floette|15/100
|move|p2b: Floette|Dazzling Gleam|p1b: Sinistcha|[spread] p1a,p1b
|-damage|p1a: Sneasler|38/100
|-damage|p1b: Sinistcha|21/100
|
|upkeep
|turn|7
|inactive|Cactusmax has 30 seconds left.
|inactive|Cactusmax has 20 seconds left.
|inactive|Cactusmax has 15 seconds left.
|inactive|KingNoahC17 has 30 seconds left.
|inactive|Cactusmax has 10 seconds left.
|
|t:|1785950661
|move|p1b: Sinistcha|Rage Powder|p1b: Sinistcha
|-singleturn|p1b: Sinistcha|move: Rage Powder
|move|p1a: Sneasler|Poison Jab|p2b: Floette
|-supereffective|p2b: Floette|1
|-damage|p2b: Floette|0 fnt
|faint|p2b: Floette
|move|p2a: Grimmsnarl|Spirit Break|p1b: Sinistcha
|-damage|p1b: Sinistcha|4/100
|-unboost|p1b: Sinistcha|spa|1
|
|upkeep
|
|t:|1785950669
|switch|p2b: Hydreigon|Hydreigon, L50, M|70/100
|turn|8
|inactive|Cactusmax has 30 seconds left.
|l| camala64
|
|t:|1785950704
|move|p1b: Sinistcha|Rage Powder|p1b: Sinistcha
|-singleturn|p1b: Sinistcha|move: Rage Powder
|move|p2b: Hydreigon|Earth Power|p1b: Sinistcha
|-resisted|p1b: Sinistcha|1
|-damage|p1b: Sinistcha|0 fnt
|faint|p1b: Sinistcha
|move|p1a: Sneasler|Close Combat|p2b: Hydreigon
|-supereffective|p2b: Hydreigon|1
|-damage|p2b: Hydreigon|0 fnt
|-unboost|p1a: Sneasler|def|1
|-unboost|p1a: Sneasler|spd|1
|faint|p2b: Hydreigon
|move|p2a: Grimmsnarl|Spirit Break|p1a: Sneasler
|-damage|p1a: Sneasler|0 fnt
|faint|p1a: Sneasler
|
|upkeep
|
|t:|1785950718
|switch|p1a: Incineroar|Incineroar, L50, M|91/100
|switch|p2b: Garchomp|Garchomp, L50, F|24/100 psn
|-ability|p1a: Incineroar|Intimidate|boost
|-unboost|p2a: Grimmsnarl|atk|1
|-unboost|p2b: Garchomp|atk|1
|turn|9
|
|t:|1785950735
|move|p2b: Garchomp|Protect|p2b: Garchomp
|-singleturn|p2b: Garchomp|Protect
|move|p1a: Incineroar|Fake Out|p2b: Garchomp
|-activate|p2b: Garchomp|move: Protect
|move|p2a: Grimmsnarl|Spirit Break|p1a: Incineroar
|-damage|p1a: Incineroar|76/100
|-unboost|p1a: Incineroar|spa|1
|
|-damage|p2b: Garchomp|12/100 psn|[from] psn
|-sideend|p2: KingNoahC17|move: Light Screen
|upkeep
|turn|10
|
|t:|1785950751
|move|p2b: Garchomp|Rock Slide|p1a: Incineroar|[miss]
|-miss|p2b: Garchomp|p1a: Incineroar
|move|p1a: Incineroar|Flare Blitz|p2b: Garchomp
|-resisted|p2b: Garchomp|1
|-damage|p2b: Garchomp|0 fnt
|-damage|p1a: Incineroar|63/100|[from] ability: Rough Skin|[of] p2b: Garchomp
|faint|p2b: Garchomp
|-damage|p1a: Incineroar|59/100|[from] Recoil
|move|p2a: Grimmsnarl|Spirit Break|p1a: Incineroar
|-damage|p1a: Incineroar|45/100
|-unboost|p1a: Incineroar|spa|1
|-enditem|p1a: Incineroar|Sitrus Berry|[eat]
|-heal|p1a: Incineroar|70/100|[from] item: Sitrus Berry
|
|upkeep
|turn|11
|
|t:|1785950771
|move|p1a: Incineroar|Flare Blitz|p2a: Grimmsnarl
|-damage|p2a: Grimmsnarl|27/100
|-damage|p1a: Incineroar|59/100|[from] Recoil
|move|p2a: Grimmsnarl|Spirit Break|p1a: Incineroar
|-damage|p1a: Incineroar|46/100
|-unboost|p1a: Incineroar|spa|1
|
|upkeep
|turn|12
|
|t:|1785950780
|move|p1a: Incineroar|Flare Blitz|p2a: Grimmsnarl
|-damage|p2a: Grimmsnarl|0 fnt
|faint|p2a: Grimmsnarl
|-damage|p1a: Incineroar|37/100|[from] Recoil
|
|win|Cactusmax
||Cactusmax is ready for game 2.
|inactive|KingNoahC17 has 30 seconds to confirm battle start!
||KingNoahC17 is ready for game 2.
|uhtml|next|Next: Game 2 of 3
|j| camala64
|l|☆Cactusmax
|player|p1|
