|j|☆darthmorton
|j|☆Nezk025
|html|darthmortonNezk025    
|uhtml|bestof|Game 1 of a best-of-3
|t:|1785355897
|gametype|doubles
|player|p1|darthmorton|red|
|player|p2|Nezk025|nate|
|gen|9
|tier|[Gen 9 Champions] VGC 2026 Reg M-B (Bo3)
|rule|Species Clause: Limit one of each Pokémon
|rule|Item Clause: Limit 1 of each item
|clearpoke
|poke|p1|Garchomp, L50, M|
|poke|p1|Incineroar, L50, F|
|poke|p1|Floette-Eternal, L50, F|
|poke|p1|Sinistcha, L50|
|poke|p1|Sneasler, L50, M|
|poke|p1|Kingambit, L50, M|
|poke|p2|Excadrill, L50, M|
|poke|p2|Tyranitar, L50, M|
|poke|p2|Corviknight, L50, F|
|poke|p2|Hydreigon, L50, M|
|poke|p2|Rotom-Wash, L50|
|poke|p2|Mimikyu, L50, M|
|teampreview|4
|showteam|p1|Garchomp||Garchompite|SandVeil|RockSlide,StompingTantrum,Earthquake,Protect|Adamant||M|||50|]Incineroar||Leftovers|Intimidate|FlareBlitz,HelpingHand,PartingShot,FakeOut|Sassy||F|||50|]Floette-Eternal||Floettite|FlowerVeil|DazzlingGleam,DrainingKiss,CalmMind,Protect|Timid||F|||50|]Sinistcha||SitrusBerry|Hospitality|MatchaGotcha,RagePowder,TrickRoom,Protect|Bold|||||50|]Sneasler||FocusSash|PoisonTouch|CloseCombat,DireClaw,FakeOut,Coaching|Naive||M|||50|]Kingambit||ChopleBerry|Defiant|KowtowCleave,SuckerPunch,IronHead,Protect|Adamant||M|||50|
|showteam|p2|Excadrill||FocusSash|SandRush|Protect,Earthquake,IronHead,RockTomb|Adamant||M|||50|]Tyranitar||Tyranitarite|SandStream|Protect,RockSlide,KnockOff,LowKick|Adamant||M|||50|]Corviknight||Leftovers|MirrorArmor|Roost,BraveBird,Tailwind,BulkUp|Careful||F|||50|]Hydreigon||ChoiceScarf|Levitate|DragonPulse,DarkPulse,Snarl,EarthPower|Modest||M|||50|]Rotom-Wash||SitrusBerry|Levitate|Protect,Thunderbolt,HydroPump,Reflect|Modest|||||50|]Mimikyu||FairyFeather|Disguise|Taunt,PlayRough,ShadowClaw,Protect|Adamant||M|||50|
|inactive|Battle timer is ON: inactive players will automatically lose when time's up. (requested by darthmorton)
|c|☆darthmorton|glhf!
|c|☆Nezk025|Glhf
|inactive|darthmorton has 60 seconds left.
|c|☆Nezk025|Ts is my 1st ever top cut btw
|c|☆darthmorton|congrats!
|c|☆Nezk025|So i am probably about to get mopped
|c|☆Nezk025|Thx
|inactive|darthmorton has 30 seconds left.
|inactive|darthmorton has 20 seconds left.
|inactive|darthmorton has 15 seconds left.
|
|t:|1785355974
|teamsize|p1|4
|teamsize|p2|4
|start
|switch|p1a: Sneasler|Sneasler, L50, M|100/100
|switch|p1b: Garchomp|Garchomp, L50, M|100/100
|switch|p2a: Hydreigon|Hydreigon, L50, M|100/100
|switch|p2b: Excadrill|Excadrill, L50, M|100/100
|turn|1
|inactive|darthmorton has 30 seconds left.
|
|t:|1785356000
|switch|p2a: Tyranitar|Tyranitar, L50, M|100/100
|-weather|Sandstorm|[from] ability: Sand Stream|[of] p2a: Tyranitar
|switch|p1b: Incineroar|Incineroar, L50, F|100/100
|-ability|p1b: Incineroar|Intimidate|boost
|-unboost|p2a: Tyranitar|atk|1
|-unboost|p2b: Excadrill|atk|1
|move|p2b: Excadrill|Protect|p2b: Excadrill
|-singleturn|p2b: Excadrill|Protect
|move|p1a: Sneasler|Close Combat|p2a: Tyranitar
|-supereffective|p2a: Tyranitar|2
|-damage|p2a: Tyranitar|0 fnt
|-unboost|p1a: Sneasler|def|1
|-unboost|p1a: Sneasler|spd|1
|faint|p2a: Tyranitar
|
|-weather|Sandstorm|[upkeep]
|-damage|p1a: Sneasler|94/100|[from] Sandstorm
|-damage|p1b: Incineroar|94/100|[from] Sandstorm
|-heal|p1b: Incineroar|100/100|[from] item: Leftovers
|upkeep
|c|☆Nezk025|Sand veil with no ttar is insane
|
|t:|1785356016
|switch|p2a: Corviknight|Corviknight, L50, F|100/100
|turn|2
|
|t:|1785356039
|switch|p1b: Sinistcha|Sinistcha, L50|100/100
|-heal|p1a: Sneasler|100/100|[from] ability: Hospitality|[of] p1b: Sinistcha
|move|p2b: Excadrill|Earthquake|p1b: Sinistcha|[spread] p1a,p1b
|-immune|p2a: Corviknight
|-supereffective|p1a: Sneasler|1
|-resisted|p1b: Sinistcha|1
|-enditem|p1a: Sneasler|Focus Sash
|-damage|p1a: Sneasler|1/100
|-damage|p1b: Sinistcha|89/100
|move|p1a: Sneasler|Close Combat|p2b: Excadrill
|-supereffective|p2b: Excadrill|1
|-enditem|p2b: Excadrill|Focus Sash
|-damage|p2b: Excadrill|1/100
|-unboost|p1a: Sneasler|def|1
|-unboost|p1a: Sneasler|spd|1
|move|p2a: Corviknight|Tailwind|p2a: Corviknight
|-sidestart|p2: Nezk025|move: Tailwind
|
|-weather|Sandstorm|[upkeep]
|-damage|p1a: Sneasler|0 fnt|[from] Sandstorm
|-damage|p1b: Sinistcha|83/100|[from] Sandstorm
|faint|p1a: Sneasler
|upkeep
|c|☆darthmorton|oh it was a ts error lol
|
|t:|1785356053
|switch|p1a: Garchomp|Garchomp, L50, M|100/100
|turn|3
|inactive|darthmorton has 30 seconds left.
|
|t:|1785356078
|detailschange|p1a: Garchomp|Garchomp-Mega, L50, M
|-mega|p1a: Garchomp|Garchomp|Garchompite
|move|p1b: Sinistcha|Protect|p1b: Sinistcha
|-singleturn|p1b: Sinistcha|Protect
|move|p2b: Excadrill|Iron Head|p1b: Sinistcha
|-activate|p1b: Sinistcha|move: Protect
|move|p2a: Corviknight|Brave Bird|p1b: Sinistcha
|-activate|p1b: Sinistcha|move: Protect
|move|p1a: Garchomp|Rock Slide|p2a: Corviknight|[spread] p2a,p2b
|-resisted|p2b: Excadrill|2
|-damage|p2a: Corviknight|74/100
|-damage|p2b: Excadrill|0 fnt
|faint|p2b: Excadrill
|
|-weather|Sandstorm|[upkeep]
|-damage|p1b: Sinistcha|76/100|[from] Sandstorm
|-heal|p2a: Corviknight|80/100|[from] item: Leftovers
|upkeep
|
|t:|1785356084
|switch|p2b: Hydreigon|Hydreigon, L50, M|100/100
|turn|4
|
|t:|1785356094
|move|p1b: Sinistcha|Rage Powder|p1b: Sinistcha
|-singleturn|p1b: Sinistcha|move: Rage Powder
|move|p2b: Hydreigon|Dragon Pulse|p1b: Sinistcha
|-damage|p1b: Sinistcha|32/100
|-enditem|p1b: Sinistcha|Sitrus Berry|[eat]
|-heal|p1b: Sinistcha|57/100|[from] item: Sitrus Berry
|move|p2a: Corviknight|Bulk Up|p2a: Corviknight
|-boost|p2a: Corviknight|atk|1
|-boost|p2a: Corviknight|def|1
|move|p1a: Garchomp|Rock Slide|p2b: Hydreigon|[spread] p2a,p2b
|-damage|p2a: Corviknight|61/100
|-damage|p2b: Hydreigon|65/100
|
|-weather|Sandstorm|[upkeep]
|-damage|p2b: Hydreigon|59/100|[from] Sandstorm
|-damage|p1b: Sinistcha|51/100|[from] Sandstorm
|-heal|p2a: Corviknight|67/100|[from] item: Leftovers
|upkeep
|turn|5
|inactive|darthmorton has 30 seconds left.
|
|t:|1785356127
|move|p1b: Sinistcha|Rage Powder|p1b: Sinistcha
|-singleturn|p1b: Sinistcha|move: Rage Powder
|move|p2b: Hydreigon|Dragon Pulse|p1b: Sinistcha
|-damage|p1b: Sinistcha|5/100
|move|p2a: Corviknight|Bulk Up|p2a: Corviknight
|-boost|p2a: Corviknight|atk|1
|-boost|p2a: Corviknight|def|1
|move|p1a: Garchomp|Rock Slide|p2a: Corviknight|[spread] p2a,p2b
|-damage|p2a: Corviknight|54/100
|-damage|p2b: Hydreigon|25/100
|
|-weather|none
|-heal|p2a: Corviknight|60/100|[from] item: Leftovers
|-sideend|p2: Nezk025|move: Tailwind
|upkeep
|turn|6
|
|t:|1785356142
|move|p1b: Sinistcha|Rage Powder|p1b: Sinistcha
|-singleturn|p1b: Sinistcha|move: Rage Powder
|move|p2b: Hydreigon|Dragon Pulse|p1b: Sinistcha
|-damage|p1b: Sinistcha|0 fnt
|faint|p1b: Sinistcha
|move|p1a: Garchomp|Rock Slide|p2b: Hydreigon|[spread] p2a,p2b
|-damage|p2a: Corviknight|49/100
|-damage|p2b: Hydreigon|0 fnt
|faint|p2b: Hydreigon
|cant|p2a: Corviknight|flinch
|
|-heal|p2a: Corviknight|55/100|[from] item: Leftovers
|upkeep
|
|t:|1785356149
|switch|p1b: Incineroar|Incineroar, L50, F|100/100
|-ability|p1b: Incineroar|Intimidate|boost
|-ability|p2a: Corviknight|Mirror Armor
|-unboost|p1b: Incineroar|atk|1
|turn|7
|
|t:|1785356156
|move|p1b: Incineroar|Fake Out|p2a: Corviknight
|-resisted|p2a: Corviknight|1
|-damage|p2a: Corviknight|54/100
|move|p1a: Garchomp|Rock Slide|p2a: Corviknight
|-damage|p2a: Corviknight|38/100
|cant|p2a: Corviknight|flinch
|
|-heal|p2a: Corviknight|44/100|[from] item: Leftovers
|upkeep
|turn|8
|
|t:|1785356162
|move|p1a: Garchomp|Rock Slide|p2a: Corviknight
|-crit|p2a: Corviknight
|-damage|p2a: Corviknight|2/100
|move|p2a: Corviknight|Tailwind|p2a: Corviknight
|-sidestart|p2: Nezk025|move: Tailwind
|move|p1b: Incineroar|Flare Blitz|p2a: Corviknight
|-supereffective|p2a: Corviknight|1
|-damage|p2a: Corviknight|0 fnt
|faint|p2a: Corviknight
|-damage|p1b: Incineroar|99/100|[from] Recoil
|
|win|darthmorton
