|j|☆ufhednarvgc
|j|☆tmjp01
|html|ufhednarvgctmjp01    
|uhtml|bestof|Game 2 of a best-of-3
|t:|1786075350
|gametype|doubles
|player|p1|ufhednarvgc|lance|1164
|player|p2|tmjp01|265|1202
|gen|9
|tier|[Gen 9 Champions] VGC 2026 Reg M-B (Bo3)
|rated|
|rule|Species Clause: Limit one of each Pokémon
|rule|Item Clause: Limit 1 of each item
|clearpoke
|poke|p1|Arcanine-Hisui, L50, M|
|poke|p1|Kingambit, L50, M|
|poke|p1|Raichu, L50, F|
|poke|p1|Farigiraf, L50, M|
|poke|p1|Sylveon, L50, M|
|poke|p1|Staraptor, L50, M|
|poke|p2|Basculegion, L50, M|
|poke|p2|Whimsicott, L50, M|
|poke|p2|Kommo-o, L50, M|
|poke|p2|Ninetales-Alola, L50, M|
|poke|p2|Glimmora, L50, F|
|poke|p2|Kingambit, L50, F|
|teampreview|4
|showteam|p1|Arcanine-Hisui||FocusSash|RockHead|FlareBlitz,HeadSmash,ExtremeSpeed,Protect|Jolly||M|||50|]Kingambit||LifeOrb|Defiant|KowtowCleave,SuckerPunch,SwordsDance,Protect|Adamant||M|||50|]Raichu||RaichuniteY|LightningRod|ZapCannon,FocusBlast,FakeOut,Protect|Timid||F|||50|]Farigiraf||SitrusBerry|ArmorTail|Psychic,HelpingHand,TrickRoom,Protect|Modest||M|||50|]Sylveon||FairyFeather|Pixilate|HyperVoice,HyperBeam,QuickAttack,Detect|Modest||M|||50|]Staraptor||Staraptite|Intimidate|CloseCombat,DualWingbeat,Roost,Protect|Jolly||M|||50|
|showteam|p2|Basculegion||ChoiceScarf|Adaptability|FlipTurn,AquaJet,LastRespects,WaveCrash|Jolly||M|||50|]Whimsicott||FocusSash|Prankster|Moonblast,Protect,Encore,Tailwind|Timid||M|||50|]Kommo-o||LifeOrb|Soundproof|ClangingScales,AuraSphere,VacuumWave,Protect|Modest||M|||50|]Ninetales-Alola||NeverMeltIce|SnowWarning|Protect,Encore,Blizzard,FreezeDry|Timid||M|||50|]Glimmora||Glimmoranite|ToxicDebris|SludgeBomb,PowerGem,SpikyShield,EarthPower|Modest||F|||50|]Kingambit||ChopleBerry|Defiant|KowtowCleave,SuckerPunch,IronHead,LowKick|Adamant||F|||50|
|
|t:|1786075378
|teamsize|p1|4
|teamsize|p2|4
|start
|switch|p1a: Raichu|Raichu, L50, F|100/100
|switch|p1b: Kingambit|Kingambit, L50, M|100/100
|switch|p2a: Glimmora|Glimmora, L50, F|100/100
|switch|p2b: Kommo-o|Kommo-o, L50, M|100/100
|turn|1
|
|t:|1786075400
|switch|p1b: Sylveon|Sylveon, L50, M|100/100
|detailschange|p1a: Raichu|Raichu-Mega-Y, L50, F
|-mega|p1a: Raichu|Raichu|Raichunite Y
|detailschange|p2a: Glimmora|Glimmora-Mega, L50, F
|-mega|p2a: Glimmora|Glimmora|Glimmoranite
|move|p1a: Raichu|Fake Out|p2a: Glimmora
|-resisted|p2a: Glimmora|1
|-damage|p2a: Glimmora|95/100
|cant|p2a: Glimmora|flinch
|move|p2b: Kommo-o|Aura Sphere|p1b: Sylveon
|-resisted|p1b: Sylveon|1
|-damage|p1b: Sylveon|80/100
|-damage|p2b: Kommo-o|90/100|[from] item: Life Orb
|
|upkeep
|turn|2
|
|t:|1786075421
|move|p2a: Glimmora|Spiky Shield|p2a: Glimmora
|-singleturn|p2a: Glimmora|move: Protect
|move|p1b: Sylveon|Detect|p1b: Sylveon
|-singleturn|p1b: Sylveon|Protect
|move|p1a: Raichu|Zap Cannon|p2a: Glimmora
|-activate|p2a: Glimmora|move: Protect
|move|p2b: Kommo-o|Aura Sphere|p1a: Raichu
|-damage|p1a: Raichu|43/100
|-damage|p2b: Kommo-o|81/100|[from] item: Life Orb
|
|upkeep
|turn|3
|
|t:|1786075442
|switch|p2a: Ninetales|Ninetales-Alola, L50, M|100/100
|-weather|Snowscape|[from] ability: Snow Warning|[of] p2a: Ninetales
|move|p2b: Kommo-o|Protect|p2b: Kommo-o
|-singleturn|p2b: Kommo-o|Protect
|move|p1a: Raichu|Zap Cannon|p2a: Ninetales
|-damage|p2a: Ninetales|30/100
|-status|p2a: Ninetales|par
|move|p1b: Sylveon|Hyper Voice|p2b: Kommo-o|[spread] p2a
|-activate|p2b: Kommo-o|move: Protect
|-damage|p2a: Ninetales|0 fnt
|faint|p2a: Ninetales
|
|-weather|Snowscape|[upkeep]
|upkeep
|
|t:|1786075459
|switch|p2a: Basculegion|Basculegion, L50, M|100/100
|turn|4
|
|t:|1786075483
|move|p1b: Sylveon|Detect|p1b: Sylveon
|-singleturn|p1b: Sylveon|Protect
|move|p2a: Basculegion|Last Respects|p1a: Raichu
|-damage|p1a: Raichu|0 fnt
|faint|p1a: Raichu
|move|p2b: Kommo-o|Aura Sphere|p1b: Sylveon
|-activate|p1b: Sylveon|move: Protect
|
|-weather|Snowscape|[upkeep]
|upkeep
|
|t:|1786075494
|switch|p1a: Kingambit|Kingambit, L50, M|100/100
|turn|5
|
|t:|1786075508
|switch|p2a: Glimmora|Glimmora-Mega, L50, F|95/100
|move|p2b: Kommo-o|Protect|p2b: Kommo-o
|-singleturn|p2b: Kommo-o|Protect
|move|p1a: Kingambit|Protect|p1a: Kingambit
|-singleturn|p1a: Kingambit|Protect
|move|p1b: Sylveon|Hyper Voice|p2b: Kommo-o|[spread] p2a
|-activate|p2b: Kommo-o|move: Protect
|-resisted|p2a: Glimmora|1
|-damage|p2a: Glimmora|68/100
|
|-weather|Snowscape|[upkeep]
|upkeep
|turn|6
|
|t:|1786075527
|move|p1a: Kingambit|Sucker Punch|p2a: Glimmora
|-damage|p2a: Glimmora|13/100
|-damage|p1a: Kingambit|90/100|[from] item: Life Orb
|move|p2a: Glimmora|Sludge Bomb|p1b: Sylveon
|-supereffective|p1b: Sylveon|1
|-damage|p1b: Sylveon|0 fnt
|faint|p1b: Sylveon
|move|p2b: Kommo-o|Aura Sphere|p1a: Kingambit
|-supereffective|p1a: Kingambit|2
|-damage|p1a: Kingambit|0 fnt
|faint|p1a: Kingambit
|-damage|p2b: Kommo-o|71/100|[from] item: Life Orb
|
|-weather|Snowscape|[upkeep]
|upkeep
|-message|ufhednarvgc forfeited.
|
|win|tmjp01
|l|☆ufhednarvgc
|player|p1|
||tmjp01 is ready for game 3.
||ufhednarvgc is ready for game 3.
|uhtml|next|Next: Game 3 of 3
|l|☆tmjp01
|player|p2|
|j|☆ufhednarvgc
|player|p1|ufhednarvgc|lance|
