|j|☆JonnyNerd
|j|☆uu26chozai
|html|JonnyNerduu26chozai    
|uhtml|bestof|Game 2 of a best-of-3
|t:|1783188496
|gametype|doubles
|player|p1|JonnyNerd|waiter-gen4dp|
|player|p2|uu26chozai|preschooler-gen6|
|gen|9
|tier|[Gen 9 Champions] VGC 2026 Reg M-B (Bo3)
|rule|Species Clause: Limit one of each Pokémon
|rule|Item Clause: Limit 1 of each item
|clearpoke
|poke|p1|Mamoswine, L50, F|
|poke|p1|Sinistcha-Masterpiece, L50|
|poke|p1|Rotom-Wash, L50|
|poke|p1|Froslass, L50, F|
|poke|p1|Blaziken, L50, F|
|poke|p1|Kingambit, L50, M|
|poke|p2|Charizard, L50, F|
|poke|p2|Whimsicott, L50, M|
|poke|p2|Gholdengo, L50|
|poke|p2|Kingambit, L50, M|
|poke|p2|Farigiraf, L50, F|
|poke|p2|Floette-Eternal, L50, F|
|teampreview|4
|showteam|p1|Mamoswine||FocusSash|Oblivious|Protect,HighHorsepower,IceShard,Earthquake|Adamant||F|||50|]Sinistcha-Masterpiece||KasibBerry|Hospitality|TrickRoom,MatchaGotcha,RagePowder,Protect|Relaxed|||||50|]Rotom-Wash||ChoiceScarf|Levitate|Thunderbolt,HydroPump,WillOWisp,Electroweb|Timid|||||50|]Froslass||Froslassite|SnowCloak|Protect,AuroraVeil,Blizzard,ShadowBall|Modest||F|||50|]Blaziken||Blazikenite|SpeedBoost|Protect,CloseCombat,FlareBlitz,RockSlide|Adamant||F|||50|]Kingambit||BlackGlasses|Defiant|Protect,KowtowCleave,SuckerPunch,SwordsDance|Adamant||M|||50|
|showteam|p2|Charizard||CharizarditeY|Blaze|HeatWave,WeatherBall,SolarBeam,Protect|Modest||F|||50|]Whimsicott||FocusSash|Prankster|Moonblast,Tailwind,Encore,Protect|Modest||M|||50|]Gholdengo||LifeOrb|GoodasGold|MakeItRain,ShadowBall,PowerGem,NastyPlot|Timid|||||50|]Kingambit||OccaBerry|Defiant|KowtowCleave,LowKick,SuckerPunch,Protect|Adamant||M|||50|]Farigiraf||SitrusBerry|ArmorTail|TwinBeam,Thunderbolt,TrickRoom,HelpingHand|Modest||F|||50|]Floette-Eternal||Floettite|FlowerVeil|DazzlingGleam,Moonblast,CalmMind,Protect|Timid||F|||50|
|
|t:|1783188539
|teamsize|p1|4
|teamsize|p2|4
|start
|switch|p1a: Froslass|Froslass, L50, F|100/100
|switch|p1b: Rotom|Rotom-Wash, L50|100/100
|switch|p2a: Floette|Floette-Eternal, L50, F|100/100
|switch|p2b: Whimsicott|Whimsicott, L50, M|100/100
|turn|1
|
|t:|1783188572
|detailschange|p1a: Froslass|Froslass-Mega, L50, F
|-mega|p1a: Froslass|Froslass|Froslassite
|-weather|Snowscape|[from] ability: Snow Warning|[of] p1a: Froslass
|detailschange|p2a: Floette|Floette-Mega, L50, F
|-mega|p2a: Floette|Floette|Floettite
|-ability|p2a: Floette|Fairy Aura
|move|p2b: Whimsicott|Protect|p2b: Whimsicott
|-singleturn|p2b: Whimsicott|Protect
|move|p1b: Rotom|Electroweb|p2b: Whimsicott|[spread] p2a
|-activate|p2b: Whimsicott|move: Protect
|-damage|p2a: Floette|84/100
|-unboost|p2a: Floette|spe|1
|move|p1a: Froslass|Aurora Veil|p1a: Froslass
|-sidestart|p1: JonnyNerd|move: Aurora Veil
|move|p2a: Floette|Moonblast|p1a: Froslass
|-damage|p1a: Froslass|45/100
|
|-weather|Snowscape|[upkeep]
|upkeep
|turn|2
|
|t:|1783188596
|switch|p1a: Blaziken|Blaziken, L50, F|100/100
|move|p2b: Whimsicott|Encore||[still]
|-fail|p2b: Whimsicott
|move|p1b: Rotom|Electroweb|p2b: Whimsicott|[spread] p2a,p2b
|-resisted|p2b: Whimsicott|1
|-damage|p2a: Floette|69/100
|-damage|p2b: Whimsicott|86/100
|-unboost|p2a: Floette|spe|1
|-unboost|p2b: Whimsicott|spe|1
|move|p2a: Floette|Moonblast|p1b: Rotom
|-damage|p1b: Rotom|33/100
|
|-weather|Snowscape|[upkeep]
|upkeep
|turn|3
|
|t:|1783188611
|switch|p1b: Froslass|Froslass-Mega, L50, F|45/100
|move|p2b: Whimsicott|Tailwind|p2b: Whimsicott
|-sidestart|p2: uu26chozai|move: Tailwind
|move|p2a: Floette|Dazzling Gleam|p1b: Froslass|[spread] p1a,p1b
|-damage|p1a: Blaziken|47/100
|-damage|p1b: Froslass|12/100
|move|p1a: Blaziken|Flare Blitz|p2a: Floette
|-damage|p2a: Floette|0 fnt
|faint|p2a: Floette
|-damage|p1a: Blaziken|25/100|[from] Recoil
|
|-weather|Snowscape|[upkeep]
|-ability|p1a: Blaziken|Speed Boost|boost
|-boost|p1a: Blaziken|spe|1
|upkeep
|
|t:|1783188628
|switch|p2a: Gholdengo|Gholdengo, L50|100/100
|turn|4
|
|t:|1783188639
|move|p2a: Gholdengo|Shadow Ball|p1b: Froslass
|-supereffective|p1b: Froslass|1
|-damage|p1b: Froslass|0 fnt
|faint|p1b: Froslass
|-damage|p2a: Gholdengo|90/100|[from] item: Life Orb
|move|p2b: Whimsicott|Moonblast|p1a: Blaziken
|-damage|p1a: Blaziken|0 fnt
|faint|p1a: Blaziken
|
|-weather|Snowscape|[upkeep]
|upkeep
|
|t:|1783188647
|switch|p1b: Rotom|Rotom-Wash, L50|33/100
|switch|p1a: Kingambit|Kingambit, L50, M|100/100
|turn|5
|
|t:|1783188664
|switch|p2a: Kingambit|Kingambit, L50, M|100/100
|move|p1b: Rotom|Thunderbolt|p2b: Whimsicott
|-resisted|p2b: Whimsicott|1
|-damage|p2b: Whimsicott|54/100
|move|p2b: Whimsicott|Moonblast|p1b: Rotom
|-damage|p1b: Rotom|0 fnt
|faint|p1b: Rotom
|move|p1a: Kingambit|Swords Dance|p1a: Kingambit
|-boost|p1a: Kingambit|atk|2
|
|-weather|none
|-sideend|p1: JonnyNerd|move: Aurora Veil
|upkeep
|turn|6
|-message|JonnyNerd forfeited.
|
|win|uu26chozai
|l|☆JonnyNerd
|player|p1|
||JonnyNerd is ready for game 3.
||uu26chozai is ready for game 3.
|uhtml|next|Next: Game 3 of 3
|j|☆JonnyNerd
|player|p1|JonnyNerd|waiter-gen4dp|
