|j|☆elmono11
|j|☆dapmagikarp
|html|elmono11dapmagikarp    
|uhtml|bestof|Game 2 of a best-of-3
|t:|1785803375
|gametype|doubles
|player|p1|elmono11|1|1378
|player|p2|dapmagikarp|sada-ai|1411
|gen|9
|tier|[Gen 9 Champions] VGC 2026 Reg M-B (Bo3)
|rated|
|rule|Species Clause: Limit one of each Pokémon
|rule|Item Clause: Limit 1 of each item
|clearpoke
|poke|p1|Floette-Eternal, L50, F|
|poke|p1|Whimsicott, L50, F|
|poke|p1|Basculegion, L50, M|
|poke|p1|Kingambit, L50, M|
|poke|p1|Arcanine-Hisui, L50, F|
|poke|p1|Dragonite, L50, F|
|poke|p2|Venusaur, L50, M, shiny|
|poke|p2|Charizard, L50, M, shiny|
|poke|p2|Grimmsnarl, L50, M|
|poke|p2|Archaludon, L50, M|
|poke|p2|Pelipper, L50, M, shiny|
|poke|p2|Swampert, L50, F, shiny|
|teampreview|4
|showteam|p1|Floette-Eternal||Floettite|FlowerVeil|Moonblast,DazzlingGleam,LightofRuin,Protect|Modest||F|||50|]Whimsicott||FocusSash|Prankster|Moonblast,Tailwind,Encore,Protect|Timid||F|||50|]Basculegion||ChoiceScarf|Adaptability|LastRespects,WaveCrash,AquaJet,FlipTurn|Jolly||M|||50|]Kingambit||BlackGlasses|Defiant|SuckerPunch,KowtowCleave,IronHead,Protect|Adamant||M|||50|]Arcanine-Hisui||SitrusBerry|RockHead|FlareBlitz,RockSlide,HeadSmash,Protect|Jolly||F|||50|]Dragonite||DragonFang|InnerFocus|DragonClaw,LowKick,ExtremeSpeed,Protect|Adamant||F|||50|
|showteam|p2|Venusaur||FocusSash|Chlorophyll|SludgeBomb,LeafStorm,SleepPowder,Protect|Modest||M|||50|]Charizard||CharizarditeY|Blaze|Protect,HeatWave,Hurricane,WeatherBall|Modest||M|||50|]Grimmsnarl||LightClay|Prankster|SpiritBreak,LightScreen,Reflect,PartingShot|Sassy||M|||50|]Archaludon||Leftovers|Stamina|ElectroShot,DragonPulse,FlashCannon,Protect|Calm||M|||50|]Pelipper||SitrusBerry|Drizzle|Hurricane,WeatherBall,Tailwind,WideGuard|Modest||M|||50|]Swampert||Swampertite|Torrent|WaveCrash,Earthquake,IcePunch,Protect|Adamant||F|||50|
|inactive|Battle timer is ON: inactive players will automatically lose when time's up. (requested by dapmagikarp)
|inactive|elmono11 also wants the timer to be on.
|inactive|elmono11 has 60 seconds left.
|
|t:|1785803410
|teamsize|p1|4
|teamsize|p2|4
|start
|switch|p1a: Kingambit|Kingambit, L50, M|100/100
|switch|p1b: Arcanine|Arcanine-Hisui, L50, F|100/100
|switch|p2a: Venusaur|Venusaur, L50, M, shiny|100/100
|switch|p2b: Charizard|Charizard, L50, M, shiny|100/100
|turn|1
|
|t:|1785803434
|detailschange|p2b: Charizard|Charizard-Mega-Y, L50, M, shiny
|-mega|p2b: Charizard|Charizard|Charizardite Y
|-weather|SunnyDay|[from] ability: Drought|[of] p2b: Charizard
|move|p1b: Arcanine|Protect|p1b: Arcanine
|-singleturn|p1b: Arcanine|Protect
|move|p1a: Kingambit|Sucker Punch|p2b: Charizard
|-damage|p2b: Charizard|52/100
|move|p2a: Venusaur|Sleep Powder|p1b: Arcanine
|-activate|p1b: Arcanine|move: Protect
|move|p2b: Charizard|Heat Wave|p1a: Kingambit|[spread] p1a
|-activate|p1b: Arcanine|move: Protect
|-supereffective|p1a: Kingambit|1
|-damage|p1a: Kingambit|0 fnt
|faint|p1a: Kingambit
|
|-weather|SunnyDay|[upkeep]
|upkeep
|
|t:|1785803453
|switch|p1a: Whimsicott|Whimsicott, L50, F|100/100
|turn|2
|inactive|elmono11 has 30 seconds left.
|
|t:|1785803479
|switch|p2b: Archaludon|Archaludon, L50, M|100/100
|move|p1a: Whimsicott|Protect|p1a: Whimsicott
|-singleturn|p1a: Whimsicott|Protect
|move|p2a: Venusaur|Sludge Bomb|p1a: Whimsicott
|-activate|p1a: Whimsicott|move: Protect
|move|p1b: Arcanine|Flare Blitz|p2b: Archaludon
|-damage|p2b: Archaludon|45/100
|-ability|p2b: Archaludon|Stamina|boost
|-boost|p2b: Archaludon|def|1
|
|-weather|SunnyDay|[upkeep]
|-heal|p2b: Archaludon|51/100|[from] item: Leftovers
|upkeep
|turn|3
|
|t:|1785803502
|switch|p2a: Pelipper|Pelipper, L50, M, shiny|100/100
|-weather|RainDance|[from] ability: Drizzle|[of] p2a: Pelipper
|move|p1a: Whimsicott|Tailwind|p1a: Whimsicott
|-sidestart|p1: elmono11|move: Tailwind
|move|p1b: Arcanine|Rock Slide|p2b: Archaludon|[spread] p2a,p2b
|-supereffective|p2a: Pelipper|1
|-resisted|p2b: Archaludon|1
|-damage|p2a: Pelipper|48/100
|-damage|p2b: Archaludon|45/100
|-ability|p2b: Archaludon|Stamina|boost
|-boost|p2b: Archaludon|def|1
|-enditem|p2a: Pelipper|Sitrus Berry|[eat]
|-heal|p2a: Pelipper|73/100|[from] item: Sitrus Berry
|move|p2b: Archaludon|Electro Shot||[still]
|-prepare|p2b: Archaludon|Electro Shot
|-boost|p2b: Archaludon|spa|1
|-anim|p2b: Archaludon|Electro Shot|p1b: Arcanine
|-damage|p1b: Arcanine|33/100
|-enditem|p1b: Arcanine|Sitrus Berry|[eat]
|-heal|p1b: Arcanine|58/100|[from] item: Sitrus Berry
|
|-weather|RainDance|[upkeep]
|-heal|p2b: Archaludon|51/100|[from] item: Leftovers
|upkeep
|turn|4
|
|t:|1785803526
|move|p1a: Whimsicott|Moonblast|p2b: Archaludon
|-damage|p2b: Archaludon|20/100y
|-ability|p2b: Archaludon|Stamina|boost
|-boost|p2b: Archaludon|def|1
|move|p1b: Arcanine|Head Smash|p2a: Pelipper
|-supereffective|p2a: Pelipper|1
|-damage|p2a: Pelipper|0 fnt
|faint|p2a: Pelipper
|move|p2b: Archaludon|Electro Shot||[still]
|-prepare|p2b: Archaludon|Electro Shot
|-boost|p2b: Archaludon|spa|1
|-anim|p2b: Archaludon|Electro Shot|p1b: Arcanine
|-damage|p1b: Arcanine|0 fnt
|faint|p1b: Arcanine
|
|-weather|RainDance|[upkeep]
|-heal|p2b: Archaludon|26/100|[from] item: Leftovers
|upkeep
|
|t:|1785803538
|switch|p1b: Floette|Floette-Eternal, L50, F|100/100
|switch|p2a: Venusaur|Venusaur, L50, M, shiny|100/100
|turn|5
|inactive|elmono11 has 30 seconds left.
|inactive|elmono11 has 20 seconds left.
|inactive|elmono11 has 15 seconds left.
|inactive|elmono11 has 10 seconds left.
|inactive|elmono11 has 5 seconds left.
|
|t:|1785803589
|detailschange|p1b: Floette|Floette-Mega, L50, F
|-mega|p1b: Floette|Floette|Floettite
|-ability|p1b: Floette|Fairy Aura
|move|p1b: Floette|Protect|p1b: Floette
|-singleturn|p1b: Floette|Protect
|move|p2b: Archaludon|Protect|p2b: Archaludon
|-singleturn|p2b: Archaludon|Protect
|move|p1a: Whimsicott|Moonblast|p2a: Venusaur
|-resisted|p2a: Venusaur|1
|-damage|p2a: Venusaur|74/100
|move|p2a: Venusaur|Sludge Bomb|p1a: Whimsicott
|-supereffective|p1a: Whimsicott|2
|-enditem|p1a: Whimsicott|Focus Sash
|-damage|p1a: Whimsicott|1/100
|
|-weather|RainDance|[upkeep]
|-heal|p2b: Archaludon|32/100|[from] item: Leftovers
|upkeep
|turn|6
|inactive|elmono11 has 30 seconds left.
|inactive|elmono11 has 20 seconds left.
|inactive|elmono11 has 15 seconds left.
|inactive|elmono11 has 10 seconds left.
|
|t:|1785803635
|move|p1a: Whimsicott|Protect|p1a: Whimsicott
|-singleturn|p1a: Whimsicott|Protect
|move|p1b: Floette|Moonblast|p2b: Archaludon
|-damage|p2b: Archaludon|0 fnt
|faint|p2b: Archaludon
|move|p2a: Venusaur|Sludge Bomb|p1a: Whimsicott
|-activate|p1a: Whimsicott|move: Protect
|
|-weather|RainDance|[upkeep]
|-sideend|p1: elmono11|move: Tailwind
|upkeep
|
|t:|1785803642
|switch|p2b: Charizard|Charizard-Mega-Y, L50, M, shiny|52/100
|-weather|SunnyDay|[from] ability: Drought|[of] p2b: Charizard
|turn|7
|inactive|elmono11 has 30 seconds left.
|inactive|elmono11 has 20 seconds left.
|inactive|elmono11 has 15 seconds left.
|inactive|elmono11 has 10 seconds left.
|inactive|elmono11 has 5 seconds left.
|
|t:|1785803694
|move|p1a: Whimsicott|Encore|p2a: Venusaur
|-start|p2a: Venusaur|Encore
|move|p2a: Venusaur|Sludge Bomb|p1a: Whimsicott
|-supereffective|p1a: Whimsicott|2
|-damage|p1a: Whimsicott|0 fnt
|faint|p1a: Whimsicott
|move|p1b: Floette|Light of Ruin|p2b: Charizard
|-resisted|p2b: Charizard|1
|-damage|p2b: Charizard|0 fnt
|faint|p2b: Charizard
|-damage|p1b: Floette|69/100|[from] Recoil
|
|-weather|SunnyDay|[upkeep]
|upkeep
|turn|8
|
|t:|1785803704
|move|p1b: Floette|Protect|p1b: Floette
|-singleturn|p1b: Floette|Protect
|move|p2a: Venusaur|Sludge Bomb|p1b: Floette
|-activate|p1b: Floette|move: Protect
|
|-weather|SunnyDay|[upkeep]
|upkeep
|turn|9
|-message|elmono11 forfeited.
|
|win|dapmagikarp
|raw|elmono11's rating: 1378 → 1360(-18 for losing)
|raw|dapmagikarp's rating: 1411 → 1429(+18 for winning)
