|j|ŌśåStelvius
|j|ŌśåKChiefs7
|html|StelviusKChiefs7    
|uhtml|bestof|Game 3 of a best-of-3
|t:|1757787272
|gametype|doubles
|player|p1|Stelvius|265|1209
|player|p2|KChiefs7|swimmer-gen4|1130
|gen|9
|tier|[Gen 9] VGC 2025 Reg H (Bo3)
|rated|
|rule|Species Clause: Limit one of each Pok├®mon
|rule|Item Clause: Limit 1 of each item
|clearpoke
|poke|p1|Indeedee-F, L50, F|
|poke|p1|Armarouge, L50, F|
|poke|p1|Amoonguss, L50, F|
|poke|p1|Bellibolt, L50, M|
|poke|p1|Oranguru, L50, M|
|poke|p1|Ursaluna, L50, F|
|poke|p2|Ursaluna, L50, M|
|poke|p2|Gholdengo, L50|
|poke|p2|Amoonguss, L50, F|
|poke|p2|Porygon2, L50|
|poke|p2|Incineroar, L50, M|
|poke|p2|Flamigo, L50, F|
|teampreview|4
|showteam|p1|Indeedee-F||PsychicSeed|PsychicSurge|AlluringVoice,FollowMe,HelpingHand,TrickRoom|||F|||50|,,,,,Water]Armarouge||LifeOrb|FlashFire|ExpandingForce,HeatWave,TrickRoom,Protect|||F|||50|,,,,,Grass]Amoonguss||MentalHerb|Regenerator|Spore,ClearSmog,PollenPuff,RagePowder|||F|||50|,,,,,Electric]Bellibolt||WeaknessPolicy|Electromorphosis|ParabolicCharge,Thunderbolt,TeraBlast,Protect|||M|||50|,,,,,Ice]Oranguru||SitrusBerry|Telepathy|Instruct,Taunt,Bulldoze,TrickRoom|||M|||50|,,,,,Dark]Ursaluna||FlameOrb|Guts|HeadlongRush,Facade,Earthquake,Protect|||F|||50|,,,,,Ghost
|showteam|p2|Ursaluna||FlameOrb|Guts|Facade,Earthquake,Substitute,Protect|||M|||50|,,,,,Ghost]Gholdengo||LifeOrb|GoodasGold|MakeItRain,ShadowBall,NastyPlot,Protect||||||50|,,,,,Steel]Amoonguss||SitrusBerry|Regenerator|RagePowder,Spore,PollenPuff,Protect|||F|||50|,,,,,Fairy]Porygon2||Eviolite|Download|Thunderbolt,IceBeam,Recover,TrickRoom||||||50|,,,,,Flying]Incineroar||AssaultVest|Intimidate|FlareBlitz,KnockOff,FakeOut,Uturn|||M|||50|,,,,,Grass]Flamigo||FocusSash|Scrappy|CloseCombat,BraveBird,WideGuard,Detect|||F|||50|,,,,,Stellar
|inactive|Battle timer is ON: inactive players will automatically lose when time's up. (requested by KChiefs7)
|inactive|Stelvius has 60 seconds left.
|
|t:|1757787313
|teamsize|p1|4
|teamsize|p2|4
|start
|switch|p1a: Oranguru|Oranguru, L50, M|100/100
|switch|p1b: Armarouge|Armarouge, L50, F|100/100
|switch|p2a: Gholdengo|Gholdengo, L50|100/100
|switch|p2b: Flamigo|Flamigo, L50, F|100/100
|turn|1
|
|t:|1757787332
|move|p1b: Armarouge|Protect|p1b: Armarouge
|-singleturn|p1b: Armarouge|Protect
|move|p2b: Flamigo|Wide Guard|p2b: Flamigo
|-singleturn|p2b: Flamigo|Wide Guard
|move|p2a: Gholdengo|Nasty Plot|p2a: Gholdengo
|-boost|p2a: Gholdengo|spa|2
|move|p1a: Oranguru|Trick Room|p1a: Oranguru
|-fieldstart|move: Trick Room|[of] p1a: Oranguru
|
|upkeep
|turn|2
|inactive|KChiefs7 has 30 seconds left.
|inactive|Stelvius has 30 seconds left.
|
|t:|1757787366
|move|p2b: Flamigo|Wide Guard|p2b: Flamigo
|-singleturn|p2b: Flamigo|Wide Guard
|move|p1a: Oranguru|Taunt|p2b: Flamigo
|-start|p2b: Flamigo|move: Taunt
|move|p1b: Armarouge|Expanding Force|p2b: Flamigo
|-supereffective|p2b: Flamigo
|-crit|p2b: Flamigo
|-enditem|p2b: Flamigo|Focus Sash
|-damage|p2b: Flamigo|1/100
|-damage|p1b: Armarouge|91/100|[from] item: Life Orb
|move|p2a: Gholdengo|Shadow Ball|p1b: Armarouge
|-supereffective|p1b: Armarouge
|-damage|p1b: Armarouge|0 fnt
|faint|p1b: Armarouge
|-damage|p2a: Gholdengo|91/100|[from] item: Life Orb
|
|upkeep
|
|t:|1757787389
|switch|p1b: Ursaluna|Ursaluna, L50, F|100/100
|turn|3
|
|t:|1757787402
|switch|p2b: Incineroar|Incineroar, L50, M, shiny|100/100
|-ability|p2b: Incineroar|Intimidate|boost
|-unboost|p1a: Oranguru|atk|1
|-unboost|p1b: Ursaluna|atk|1
|-terastallize|p1b: Ursaluna|Ghost
|move|p2a: Gholdengo|Protect|p2a: Gholdengo
|-singleturn|p2a: Gholdengo|Protect
|move|p1b: Ursaluna|Facade|p2b: Incineroar
|-damage|p2b: Incineroar|75/100
|move|p1a: Oranguru|Bulldoze|p2b: Incineroar|[spread] p1b,p2b
|-activate|p2a: Gholdengo|move: Protect
|-supereffective|p2b: Incineroar
|-damage|p1b: Ursaluna|98/100
|-damage|p2b: Incineroar|67/100
|-unboost|p1b: Ursaluna|spe|1
|-unboost|p2b: Incineroar|spe|1
|
|-status|p1b: Ursaluna|brn|[from] item: Flame Orb
|upkeep
|turn|4
|inactive|Stelvius has 30 seconds left.
|inactive|KChiefs7 has 30 seconds left.
|inactive|Stelvius has 20 seconds left.
|inactive|KChiefs7 has 20 seconds left.
|inactive|Stelvius has 15 seconds left.
|inactive|Stelvius has 10 seconds left.
|inactive|Stelvius has 5 seconds left.
|
|t:|1757787454
|switch|p2a: Ursaluna|Ursaluna, L50, M|100/100
|-terastallize|p2b: Incineroar|Grass
|move|p1b: Ursaluna|Earthquake|p2a: Ursaluna|[spread] p2a,p2b
|-activate|p1a: Oranguru|ability: Telepathy
|-resisted|p2b: Incineroar
|-damage|p2a: Ursaluna|67/100
|-damage|p2b: Incineroar|47/100
|move|p2b: Incineroar|Knock Off|p1b: Ursaluna
|-supereffective|p1b: Ursaluna
|-damage|p1b: Ursaluna|32/100 brn
|-enditem|p1b: Ursaluna|Flame Orb|[from] move: Knock Off|[of] p2b: Incineroar
|move|p1a: Oranguru|Instruct|p1b: Ursaluna
|-singleturn|p1b: Ursaluna|move: Instruct|[of] p1a: Oranguru
|move|p1b: Ursaluna|Earthquake|p2b: Incineroar|[spread] p2a,p2b
|-activate|p1a: Oranguru|ability: Telepathy
|-resisted|p2b: Incineroar
|-damage|p2a: Ursaluna|33/100
|-damage|p2b: Incineroar|25/100
|
|-damage|p1b: Ursaluna|26/100 brn|[from] brn
|-status|p2a: Ursaluna|brn|[from] item: Flame Orb
|upkeep
|turn|5
|inactive|Stelvius has 30 seconds left.
|inactive|KChiefs7 has 30 seconds left.
|inactive|KChiefs7 has 20 seconds left.
|
|t:|1757787490
|switch|p2b: Flamigo|Flamigo, L50, F|1/100
|move|p1b: Ursaluna|Facade|p2a: Ursaluna
|-damage|p2a: Ursaluna|0 fnt
|faint|p2a: Ursaluna
|move|p1a: Oranguru|Instruct|p1b: Ursaluna
|-singleturn|p1b: Ursaluna|move: Instruct|[of] p1a: Oranguru
|move|p1b: Ursaluna|Facade|p2b: Flamigo
|-damage|p2b: Flamigo|0 fnt
|faint|p2b: Flamigo
|
|-damage|p1b: Ursaluna|20/100 brn|[from] brn
|-fieldend|move: Trick Room
|upkeep
|
|t:|1757787497
|switch|p2b: Incineroar|Incineroar, L50, M, shiny, tera:Grass|25/100
|switch|p2a: Gholdengo|Gholdengo, L50|91/100
|-ability|p2b: Incineroar|Intimidate|boost
|-unboost|p1a: Oranguru|atk|1
|-unboost|p1b: Ursaluna|atk|1
|turn|6
|inactive|Stelvius has 30 seconds left.
|
|t:|1757787522
|move|p2a: Gholdengo|Make It Rain|p1a: Oranguru|[spread] p1a,p1b
|-crit|p1b: Ursaluna
|-damage|p1a: Oranguru|53/100
|-damage|p1b: Ursaluna|0 fnt
|-unboost|p2a: Gholdengo|spa|1
|faint|p1b: Ursaluna
|-damage|p2a: Gholdengo|82/100|[from] item: Life Orb
|move|p2b: Incineroar|Knock Off|p1a: Oranguru
|-supereffective|p1a: Oranguru
|-crit|p1a: Oranguru
|-damage|p1a: Oranguru|0 fnt
|-enditem|p1a: Oranguru|Sitrus Berry|[from] move: Knock Off|[of] p2b: Incineroar
|faint|p1a: Oranguru
|
|upkeep
|
|t:|1757787538
|switch|p1b: Bellibolt|Bellibolt, L50, M|100/100
|turn|7
|c|ŌśåStelvius|Nice crit...
|c|ŌśåKChiefs7|It would of killed anyway i think
|inactive|KChiefs7 has 30 seconds left.
|c|ŌśåKChiefs7|This was a good set though!
|inactive|KChiefs7 has 20 seconds left.
|inactive|KChiefs7 has 15 seconds left.
|inactive|KChiefs7 has 10 seconds left.
|
|t:|1757787587
|move|p2a: Gholdengo|Nasty Plot|p2a: Gholdengo
|-boost|p2a: Gholdengo|spa|2
|move|p2b: Incineroar|Knock Off|p1b: Bellibolt
|-damage|p1b: Bellibolt|55/100
|-start|p1b: Bellibolt|Charge|Knock Off|[from] ability: Electromorphosis
|-enditem|p1b: Bellibolt|Weakness Policy|[from] move: Knock Off|[of] p2b: Incineroar
|move|p1b: Bellibolt|Parabolic Charge|p2b: Incineroar|[spread] p2a,p2b
|-resisted|p2b: Incineroar
|-damage|p2a: Gholdengo|28/100
|-heal|p1b: Bellibolt|75/100|[from] drain|[of] p2a: Gholdengo
|-damage|p2b: Incineroar|11/100
|-heal|p1b: Bellibolt|82/100|[from] drain|[of] p2b: Incineroar
|-end|p1b: Bellibolt|Charge|[silent]
|
|upkeep
|turn|8
|
|t:|1757787608
|move|p2a: Gholdengo|Shadow Ball|p1b: Bellibolt
|-damage|p1b: Bellibolt|8/100
|-start|p1b: Bellibolt|Charge|Shadow Ball|[from] ability: Electromorphosis
|-damage|p2a: Gholdengo|19/100|[from] item: Life Orb
|move|p2b: Incineroar|Flare Blitz|p1b: Bellibolt
|-crit|p1b: Bellibolt
|-damage|p1b: Bellibolt|0 fnt
|faint|p1b: Bellibolt
|-damage|p2b: Incineroar|8/100|[from] Recoil
|
|win|KChiefs7
|raw|Stelvius's rating: 1209 → 1178(-31 for losing)
|raw|KChiefs7's rating: 1130 → 1161(+31 for winning)
|l|ŌśåStelvius
|player|p1|
