|j|☆throat chop user
|j|☆MEGA FRAUD
|html|throat chop userMEGA FRAUD    
|uhtml|bestof|Game 2 of a best-of-3
|t:|1785345346
|gametype|doubles
|player|p1|throat chop user|may|1380
|player|p2|MEGA FRAUD|2|1357
|gen|9
|tier|[Gen 9 Champions] VGC 2026 Reg M-B (Bo3)
|rated|
|rule|Species Clause: Limit one of each Pokémon
|rule|Item Clause: Limit 1 of each item
|clearpoke
|poke|p1|Incineroar, L50, F|
|poke|p1|Sneasler, L50, F|
|poke|p1|Staraptor, L50, M|
|poke|p1|Sinistcha, L50|
|poke|p1|Delphox, L50, M, shiny|
|poke|p1|Kingambit, L50, F, shiny|
|poke|p2|Tyranitar, L50, M|
|poke|p2|Excadrill, L50, F|
|poke|p2|Milotic, L50, F|
|poke|p2|Sinistcha, L50|
|poke|p2|Staraptor, L50, F|
|poke|p2|Gholdengo, L50|
|teampreview|4
|showteam|p1|Incineroar||SitrusBerry|Intimidate|FakeOut,FlareBlitz,ThroatChop,PartingShot|Careful||F|||50|]Sneasler||FocusSash|PoisonTouch|FakeOut,CloseCombat,PoisonJab,Protect|Adamant||F|||50|]Staraptor||Staraptite|Intimidate|CloseCombat,DualWingbeat,Roost,Protect|Adamant||M|||50|]Sinistcha||ColburBerry|Hospitality|RagePowder,TrickRoom,MatchaGotcha,Protect|Bold|||||50|]Delphox||Delphoxite|Blaze|NastyPlot,HeatWave,Psychic,Protect|Modest||M|||50|]Kingambit||BlackGlasses|Defiant|SwordsDance,KowtowCleave,SuckerPunch,Protect|Adamant||F|||50|
|showteam|p2|Tyranitar||Tyranitarite|SandStream|KnockOff,RockSlide,LowKick,Protect|Jolly||M|||50|]Excadrill||FocusSash|SandRush|HighHorsepower,IronHead,RockSlide,Protect|Adamant||F|||50|]Milotic||SitrusBerry|Competitive|Scald,IcyWind,IceBeam,Protect|Calm||F|||50|]Sinistcha||ColburBerry|Hospitality|MatchaGotcha,ShadowBall,Protect,RagePowder|Bold|||||50|]Staraptor||Staraptite|Intimidate|CloseCombat,BraveBird,Tailwind,Protect|Jolly||F|||50|]Gholdengo||LifeOrb|GoodasGold|MakeItRain,ShadowBall,NastyPlot,Protect|Modest|||||50|
|inactive|Battle timer is ON: inactive players will automatically lose when time's up. (requested by MEGA FRAUD)
|
|t:|1785345416
|teamsize|p1|4
|teamsize|p2|4
|start
|switch|p1a: Delphox|Delphox, L50, M, shiny|100/100
|switch|p1b: Sneasler|Sneasler, L50, F|100/100
|switch|p2a: Staraptor|Staraptor, L50, F|100/100
|switch|p2b: Milotic|Milotic, L50, F|100/100
|-ability|p2a: Staraptor|Intimidate|boost
|-unboost|p1a: Delphox|atk|1
|-unboost|p1b: Sneasler|atk|1
|turn|1
|
|t:|1785345440
|detailschange|p2a: Staraptor|Staraptor-Mega, L50, F
|-mega|p2a: Staraptor|Staraptor|Staraptite
|detailschange|p1a: Delphox|Delphox-Mega, L50, M, shiny
|-mega|p1a: Delphox|Delphox|Delphoxite
|move|p1b: Sneasler|Fake Out|p2b: Milotic
|-damage|p2b: Milotic|90/100
|move|p1a: Delphox|Psychic|p2a: Staraptor
|-supereffective|p2a: Staraptor|1
|-damage|p2a: Staraptor|0 fnt
|faint|p2a: Staraptor
|cant|p2b: Milotic|flinch
|
|upkeep
|
|t:|1785345452
|switch|p2a: Tyranitar|Tyranitar, L50, M|100/100
|-weather|Sandstorm|[from] ability: Sand Stream|[of] p2a: Tyranitar
|turn|2
|
|t:|1785345459
|move|p2a: Tyranitar|Protect|p2a: Tyranitar
|-singleturn|p2a: Tyranitar|Protect
|move|p1a: Delphox|Nasty Plot|p1a: Delphox
|-boost|p1a: Delphox|spa|2
|move|p1b: Sneasler|Close Combat|p2a: Tyranitar
|-activate|p2a: Tyranitar|move: Protect
|move|p2b: Milotic|Icy Wind|p1b: Sneasler|[spread] p1a,p1b
|-resisted|p1a: Delphox|1
|-damage|p1a: Delphox|95/100
|-damage|p1b: Sneasler|85/100
|-unboost|p1a: Delphox|spe|1
|-unboost|p1b: Sneasler|spe|1
|
|-weather|Sandstorm|[upkeep]
|-damage|p1a: Delphox|89/100|[from] Sandstorm
|-damage|p2b: Milotic|84/100|[from] Sandstorm
|-damage|p1b: Sneasler|79/100|[from] Sandstorm
|upkeep
|turn|3
|inactive|MEGA FRAUD has 30 seconds left.
|
|t:|1785345485
|move|p1a: Delphox|Protect|p1a: Delphox
|-singleturn|p1a: Delphox|Protect
|move|p2a: Tyranitar|Rock Slide|p1b: Sneasler|[spread] p1b
|-activate|p1a: Delphox|move: Protect
|-resisted|p1b: Sneasler|1
|-damage|p1b: Sneasler|56/100
|move|p2b: Milotic|Scald|p1b: Sneasler
|-damage|p1b: Sneasler|19/100
|cant|p1b: Sneasler|flinch
|
|-weather|Sandstorm|[upkeep]
|-damage|p1a: Delphox|84/100|[from] Sandstorm
|-damage|p2b: Milotic|78/100|[from] Sandstorm
|-damage|p1b: Sneasler|14/100|[from] Sandstorm
|upkeep
|turn|4
|inactive|throat chop user has 30 seconds left.
|inactive|throat chop user has 20 seconds left.
|inactive|throat chop user has 15 seconds left.
|inactive|throat chop user has 10 seconds left.
|inactive|throat chop user has 5 seconds left.
|
|t:|1785345539
|switch|p1a: Sinistcha|Sinistcha, L50|100/100
|-heal|p1b: Sneasler|38/100|[from] ability: Hospitality|[of] p1a: Sinistcha
|switch|p1b: Incineroar|Incineroar, L50, F|100/100
|-ability|p1b: Incineroar|Intimidate|boost
|-unboost|p2a: Tyranitar|atk|1
|-unboost|p2b: Milotic|atk|1
|-ability|p2b: Milotic|Competitive|boost
|-boost|p2b: Milotic|spa|2
|move|p2a: Tyranitar|Rock Slide|p1b: Incineroar|[spread] p1a,p1b
|-supereffective|p1b: Incineroar|1
|-damage|p1a: Sinistcha|84/100
|-damage|p1b: Incineroar|63/100
|move|p2b: Milotic|Scald|p1a: Sinistcha
|-resisted|p1a: Sinistcha|1
|-damage|p1a: Sinistcha|57/100
|
|-weather|Sandstorm|[upkeep]
|-damage|p2b: Milotic|73/100|[from] Sandstorm
|-damage|p1b: Incineroar|57/100|[from] Sandstorm
|-damage|p1a: Sinistcha|51/100|[from] Sandstorm
|upkeep
|turn|5
|inactive|throat chop user has 30 seconds left.
|
|t:|1785345565
|move|p1b: Incineroar|Fake Out|p2b: Milotic
|-damage|p2b: Milotic|63/100
|move|p2a: Tyranitar|Rock Slide|p1b: Incineroar|[spread] p1a
|-miss|p2a: Tyranitar|p1b: Incineroar
|-damage|p1a: Sinistcha|37/100
|cant|p2b: Milotic|flinch
|cant|p1a: Sinistcha|flinch
|
|-weather|Sandstorm|[upkeep]
|-damage|p2b: Milotic|57/100|[from] Sandstorm
|-damage|p1b: Incineroar|51/100|[from] Sandstorm
|-damage|p1a: Sinistcha|30/100|[from] Sandstorm
|upkeep
|turn|6
|
|t:|1785345584
|switch|p1a: Sneasler|Sneasler, L50, F|38/100
|move|p2a: Tyranitar|Rock Slide|p1b: Incineroar|[spread] p1a,p1b
|-resisted|p1a: Sneasler|1
|-supereffective|p1b: Incineroar|1
|-damage|p1a: Sneasler|24/100
|-damage|p1b: Incineroar|14/100
|-enditem|p1b: Incineroar|Sitrus Berry|[eat]
|-heal|p1b: Incineroar|39/100|[from] item: Sitrus Berry
|move|p2b: Milotic|Scald|p1a: Sneasler
|-damage|p1a: Sneasler|0 fnt
|faint|p1a: Sneasler
|cant|p1b: Incineroar|flinch
|
|-weather|none
|upkeep
|
|t:|1785345606
|switch|p1a: Sinistcha|Sinistcha, L50|30/100
|-heal|p1b: Incineroar|64/100|[from] ability: Hospitality|[of] p1a: Sinistcha
|turn|7
|
|t:|1785345617
|switch|p2a: Excadrill|Excadrill, L50, F|100/100
|move|p1a: Sinistcha|Protect|p1a: Sinistcha
|-singleturn|p1a: Sinistcha|Protect
|move|p2b: Milotic|Scald|p1a: Sinistcha
|-activate|p1a: Sinistcha|move: Protect
|move|p1b: Incineroar|Parting Shot|p2a: Excadrill
|-unboost|p2a: Excadrill|atk|1
|-unboost|p2a: Excadrill|spa|1
|
|t:|1785345621
|switch|p1b: Delphox|Delphox-Mega, L50, M, shiny|84/100|[from] Parting Shot
|
|upkeep
|turn|8
|inactive|throat chop user has 30 seconds left.
|
|t:|1785345648
|switch|p2a: Tyranitar|Tyranitar, L50, M|100/100
|-weather|Sandstorm|[from] ability: Sand Stream|[of] p2a: Tyranitar
|move|p1a: Sinistcha|Rage Powder|p1a: Sinistcha
|-singleturn|p1a: Sinistcha|move: Rage Powder
|move|p1b: Delphox|Nasty Plot|p1b: Delphox
|-boost|p1b: Delphox|spa|2
|move|p2b: Milotic|Scald|p1a: Sinistcha
|-resisted|p1a: Sinistcha|1
|-damage|p1a: Sinistcha|3/100
|
|-weather|Sandstorm|[upkeep]
|-damage|p1b: Delphox|78/100|[from] Sandstorm
|-damage|p2b: Milotic|52/100|[from] Sandstorm
|-damage|p1a: Sinistcha|0 fnt|[from] Sandstorm
|faint|p1a: Sinistcha
|upkeep
|
|t:|1785345658
|switch|p1a: Incineroar|Incineroar, L50, F|64/100
|-ability|p1a: Incineroar|Intimidate|boost
|-unboost|p2a: Tyranitar|atk|1
|-unboost|p2b: Milotic|atk|1
|-ability|p2b: Milotic|Competitive|boost
|-boost|p2b: Milotic|spa|2
|turn|9
|
|t:|1785345666
|move|p2a: Tyranitar|Protect|p2a: Tyranitar
|-singleturn|p2a: Tyranitar|Protect
|move|p2b: Milotic|Protect|p2b: Milotic
|-singleturn|p2b: Milotic|Protect
|move|p1a: Incineroar|Fake Out|p2a: Tyranitar
|-activate|p2a: Tyranitar|move: Protect
|move|p1b: Delphox|Nasty Plot|p1b: Delphox
|-boost|p1b: Delphox|spa|2
|
|-weather|Sandstorm|[upkeep]
|-damage|p1b: Delphox|72/100|[from] Sandstorm
|-damage|p2b: Milotic|46/100|[from] Sandstorm
|-damage|p1a: Incineroar|58/100|[from] Sandstorm
|-enditem|p2b: Milotic|Sitrus Berry|[eat]
|-heal|p2b: Milotic|71/100|[from] item: Sitrus Berry
|upkeep
|turn|10
|
|t:|1785345687
|move|p1b: Delphox|Protect|p1b: Delphox
|-singleturn|p1b: Delphox|Protect
|move|p2a: Tyranitar|Rock Slide|p1a: Incineroar|[spread] p1a
|-activate|p1b: Delphox|move: Protect
|-supereffective|p1a: Incineroar|1
|-damage|p1a: Incineroar|25/100
|move|p2b: Milotic|Scald|p1b: Delphox
|-activate|p1b: Delphox|move: Protect
|cant|p1a: Incineroar|flinch
|
|-weather|Sandstorm|[upkeep]
|-damage|p1b: Delphox|67/100|[from] Sandstorm
|-damage|p2b: Milotic|65/100|[from] Sandstorm
|-damage|p1a: Incineroar|19/100|[from] Sandstorm
|upkeep
|turn|11
|
|t:|1785345704
|move|p1b: Delphox|Psychic|p2b: Milotic
|-damage|p2b: Milotic|0 fnt
|faint|p2b: Milotic
|move|p2a: Tyranitar|Rock Slide|p1b: Delphox|[spread] p1a
|-miss|p2a: Tyranitar|p1b: Delphox
|-supereffective|p1a: Incineroar|1
|-damage|p1a: Incineroar|0 fnt
|faint|p1a: Incineroar
|
|-weather|Sandstorm|[upkeep]
|-damage|p1b: Delphox|61/100|[from] Sandstorm
|upkeep
|
|t:|1785345708
|switch|p2b: Excadrill|Excadrill, L50, F|100/100
|turn|12
|
|t:|1785345716
|move|p1b: Delphox|Protect|p1b: Delphox
|-singleturn|p1b: Delphox|Protect
|move|p2b: Excadrill|Rock Slide|p1b: Delphox
|-activate|p1b: Delphox|move: Protect
|move|p2a: Tyranitar|Knock Off|p1b: Delphox
|-activate|p1b: Delphox|move: Protect
|
|-weather|none
|upkeep
|turn|13
|
|t:|1785345721
|move|p1b: Delphox|Heat Wave|p2a: Tyranitar|[spread] p2a,p2b
|-resisted|p2a: Tyranitar|1
|-supereffective|p2b: Excadrill|1
|-damage|p2a: Tyranitar|39/100
|-enditem|p2b: Excadrill|Focus Sash
|-damage|p2b: Excadrill|1/100
|move|p2b: Excadrill|Rock Slide|p1b: Delphox
|-supereffective|p1b: Delphox|1
|-damage|p1b: Delphox|0 fnt
|faint|p1b: Delphox
|
|win|MEGA FRAUD
||throat chop user is ready for game 3.
||MEGA FRAUD is ready for game 3.
|uhtml|next|Next: Game 3 of 3
|l|☆throat chop user
|player|p1|
