|j|☆kengo19
|j|☆Sketchyseal3264
|html|kengo19Sketchyseal3264    
|uhtml|bestof|Game 3 of a best-of-3
|t:|1786071656
|gametype|doubles
|player|p1|kengo19|169|
|player|p2|Sketchyseal3264|169|
|gen|9
|tier|[Gen 9 Champions] VGC 2026 Reg M-B (Bo3)
|rule|Species Clause: Limit one of each Pokémon
|rule|Item Clause: Limit 1 of each item
|clearpoke
|poke|p1|Meowstic, L50, M|
|poke|p1|Basculegion, L50, M|
|poke|p1|Archaludon, L50, M|
|poke|p1|Swampert, L50, M|
|poke|p1|Rotom-Fan, L50|
|poke|p1|Meganium, L50, M|
|poke|p2|Dragonite, L50, F|
|poke|p2|Meowscarada, L50, F|
|poke|p2|Sneasler, L50, F|
|poke|p2|Gholdengo, L50|
|poke|p2|Diggersby, L50, F|
|poke|p2|Empoleon, L50, F|
|teampreview|4
|showteam|p1|Meowstic||LightClay|Prankster|Psychic,Reflect,LightScreen,RainDance|Bold||M|||50|]Basculegion||ChoiceScarf|Adaptability|AquaJet,WaveCrash,FlipTurn,LastRespects|Adamant||M|||50|]Archaludon||FocusSash|Stamina|ElectroShot,SteelBeam,DracoMeteor,Protect|Modest||M|||50|]Swampert||Swampertite|Torrent|WaveCrash,HighHorsepower,IcePunch,Protect|Adamant||M|||50|]Rotom-Fan||SitrusBerry|Levitate|AirSlash,Thunderbolt,WillOWisp,Protect|Serious|||||50|]Meganium||Meganiumite|Overgrow|SolarBeam,DazzlingGleam,WeatherBall,Protect|Modest||M|||50|
|showteam|p2|Dragonite||Dragoninite|Multiscale|Tailwind,Hurricane,DragonPulse,Protect|Modest||F|||50|]Meowscarada||ChoiceScarf|Protean|FlowerTrick,Uturn,BrickBreak,Trick|Adamant||F|||50|]Sneasler||FocusSash|Unburden|FakeOut,CloseCombat,DireClaw,Trailblaze|Adamant||F|||50|]Gholdengo||LifeOrb|GoodasGold|FocusBlast,ShadowBall,MakeItRain,Protect|Modest|||||50|]Diggersby||SoftSand|HugePower|HighHorsepower,Trailblaze,QuickAttack,BodySlam|Adamant||F|||50|]Empoleon||Leftovers|Competitive|AirSlash,FlashCannon,GrassKnot,Haze|Modest||F|||50|
|
|t:|1786071746
|teamsize|p1|4
|teamsize|p2|4
|start
|switch|p1a: Meganium|Meganium, L50, M|100/100
|switch|p1b: Rotom|Rotom-Fan, L50|100/100
|switch|p2a: Dragonite|Dragonite, L50, F|100/100
|switch|p2b: Gholdengo|Gholdengo, L50|100/100
|turn|1
|
|t:|1786071778
|detailschange|p1a: Meganium|Meganium-Mega, L50, M
|-mega|p1a: Meganium|Meganium|Meganiumite
|detailschange|p2a: Dragonite|Dragonite-Mega, L50, F
|-mega|p2a: Dragonite|Dragonite|Dragoninite
|move|p2a: Dragonite|Protect|p2a: Dragonite
|-singleturn|p2a: Dragonite|Protect
|move|p1a: Meganium|Dazzling Gleam|p2b: Gholdengo|[spread] p2b
|-activate|p2a: Dragonite|move: Protect
|-resisted|p2b: Gholdengo|1
|-damage|p2b: Gholdengo|81/100
|move|p1b: Rotom|Thunderbolt|p2b: Gholdengo
|-damage|p2b: Gholdengo|41/100
|move|p2b: Gholdengo|Make It Rain|p1b: Rotom|[spread] p1a,p1b
|-supereffective|p1a: Meganium|1
|-resisted|p1b: Rotom|1
|-damage|p1a: Meganium|0 fnt
|-damage|p1b: Rotom|64/100
|-unboost|p2b: Gholdengo|spa|2
|faint|p1a: Meganium
|-damage|p2b: Gholdengo|31/100|[from] item: Life Orb
|
|upkeep
|
|t:|1786071809
|switch|p1a: Basculegion|Basculegion, L50, M|100/100
|turn|2
|
|t:|1786071844
|switch|p2b: Meowscarada|Meowscarada, L50, F|100/100
|move|p1a: Basculegion|Last Respects|p2b: Meowscarada
|-resisted|p2b: Meowscarada|1
|-damage|p2b: Meowscarada|41/100
|move|p2a: Dragonite|Dragon Pulse|p1a: Basculegion
|-damage|p1a: Basculegion|42/100
|move|p1b: Rotom|Air Slash|p2b: Meowscarada
|-supereffective|p2b: Meowscarada|1
|-damage|p2b: Meowscarada|0 fnt
|faint|p2b: Meowscarada
|
|upkeep
|
|t:|1786071854
|switch|p2b: Sneasler|Sneasler, L50, F|100/100
|turn|3
|
|t:|1786071868
|switch|p1a: Meowstic|Meowstic, L50, M|100/100
|move|p1b: Rotom|Protect|p1b: Rotom
|-singleturn|p1b: Rotom|Protect
|move|p2b: Sneasler|Fake Out|p1b: Rotom
|-activate|p1b: Rotom|move: Protect
|move|p2a: Dragonite|Dragon Pulse|p1a: Meowstic
|-damage|p1a: Meowstic|51/100
|
|upkeep
|turn|4
|
|t:|1786071905
|move|p1a: Meowstic|Light Screen|p1a: Meowstic
|-sidestart|p1: kengo19|move: Light Screen
|move|p2b: Sneasler|Dire Claw|p1a: Meowstic
|-damage|p1a: Meowstic|3/100
|move|p2a: Dragonite|Dragon Pulse|p1a: Meowstic
|-damage|p1a: Meowstic|0 fnt
|faint|p1a: Meowstic
|move|p1b: Rotom|Will-O-Wisp|p2b: Sneasler
|-status|p2b: Sneasler|brn
|
|-damage|p2b: Sneasler|94/100 brn|[from] brn
|upkeep
|
|t:|1786071916
|switch|p1a: Basculegion|Basculegion, L50, M|42/100
|turn|5
|
|t:|1786071949
|move|p1a: Basculegion|Last Respects|p2a: Dragonite
|-damage|p2a: Dragonite|56/100
|move|p2b: Sneasler|Trailblaze|p1a: Basculegion
|-supereffective|p1a: Basculegion|1
|-damage|p1a: Basculegion|18/100
|-boost|p2b: Sneasler|spe|1
|move|p2a: Dragonite|Dragon Pulse|p1a: Basculegion
|-damage|p1a: Basculegion|0 fnt
|faint|p1a: Basculegion
|move|p1b: Rotom|Air Slash|p2b: Sneasler
|-supereffective|p2b: Sneasler|1
|-damage|p2b: Sneasler|5/100 brn
|
|-damage|p2b: Sneasler|0 fnt|[from] brn
|faint|p2b: Sneasler
|upkeep
|
|t:|1786071956
|switch|p2b: Gholdengo|Gholdengo, L50|31/100
|turn|6
|
|t:|1786071980
|move|p1b: Rotom|Protect|p1b: Rotom
|-singleturn|p1b: Rotom|Protect
|move|p2a: Dragonite|Dragon Pulse|p1b: Rotom
|-activate|p1b: Rotom|move: Protect
|move|p2b: Gholdengo|Shadow Ball|p1b: Rotom
|-activate|p1b: Rotom|move: Protect
|
|upkeep
|turn|7
|
|t:|1786071995
|move|p2a: Dragonite|Dragon Pulse|p1b: Rotom
|-damage|p1b: Rotom|25/100
|-enditem|p1b: Rotom|Sitrus Berry|[eat]
|-heal|p1b: Rotom|50/100g|[from] item: Sitrus Berry
|move|p1b: Rotom|Thunderbolt|p2b: Gholdengo
|-damage|p2b: Gholdengo|0 fnt
|faint|p2b: Gholdengo
|
|upkeep
|turn|8
|
|t:|1786072015
|move|p2a: Dragonite|Dragon Pulse|p1b: Rotom
|-damage|p1b: Rotom|11/100
|move|p1b: Rotom|Thunderbolt|p2a: Dragonite
|-damage|p2a: Dragonite|24/100
|
|upkeep
|turn|9
|
|t:|1786072035
|move|p2a: Dragonite|Dragon Pulse|p1b: Rotom
|-damage|p1b: Rotom|0 fnt
|faint|p1b: Rotom
|
|win|Sketchyseal3264
|c|☆kengo19|GGs
|c|☆Sketchyseal3264|ggs man, that was a fun set
|c|☆kengo19|yes it was
