|j|☆Daniw9
|j|☆hp_45
|html|Daniw9hp_45    
|uhtml|bestof|Game 1 of a best-of-3
|t:|1756376347
|gametype|doubles
|player|p1|Daniw9|2|1156
|player|p2|hp_45|1|1040
|gen|9
|tier|[Gen 9] VGC 2025 Reg H (Bo3)
|rated|
|rule|Species Clause: Limit one of each Pokémon
|rule|Item Clause: Limit 1 of each item
|clearpoke
|poke|p1|Garchomp, L50, M|
|poke|p1|Tyranitar, L50, F|
|poke|p1|Delphox, L50, F|
|poke|p1|Indeedee-F, L50, F|
|poke|p1|Gallade, L50, M|
|poke|p1|Whimsicott, L50, M|
|poke|p2|Bronzong, L50|
|poke|p2|Incineroar, L50, F|
|poke|p2|Amoonguss, L50, F|
|poke|p2|Primarina, L50, F|
|poke|p2|Ursaluna, L50, M|
|poke|p2|Gholdengo, L50|
|teampreview|4
|showteam|p1|Garchomp||LifeOrb|SandVeil|Earthquake,StompingTantrum,Protect,DragonClaw|||M|||50|,,,,,Steel]Tyranitar||AssaultVest|SandStream|RockSlide,TeraBlast,KnockOff,LowKick|||F|||50|,,,,,Flying]Delphox||PsychicSeed|Magician|ExpandingForce,HeatWave,TeraBlast,Protect|||F|||50|,,,,,Fairy]Indeedee-F||SafetyGoggles|PsychicSurge|DazzlingGleam,TrickRoom,FollowMe,HelpingHand|||F|||50|,,,,,Water]Gallade||ClearAmulet|Sharpness|SacredSword,PsychoCut,TrickRoom,Protect|||M|||50|,,,,,Grass]Whimsicott||CovertCloak|Prankster|Moonblast,Tailwind,Encore,Protect|||M|||50|,,,,,Ghost
|showteam|p2|Bronzong||CovertCloak|Levitate|TrickRoom,IceSpinner,GyroBall,Reflect||||||50|,,,,,Electric]Incineroar||SafetyGoggles|Intimidate|FakeOut,PartingShot,FlareBlitz,KnockOff|||F|||50|,,,,,Ghost]Amoonguss||SitrusBerry|Regenerator|Protect,Spore,RagePowder,PollenPuff|||F|||50|,,,,,Fairy]Primarina||LifeOrb|Torrent|Protect,HyperVoice,Moonblast,Haze|||F|||50|,,,,,Steel]Ursaluna||FlameOrb|Guts|Protect,Earthquake,Facade,HeadlongRush|||M|||50|,,,,,Dragon]Gholdengo||ChoiceSpecs|GoodasGold|MakeItRain,ShadowBall,Thunderbolt,DazzlingGleam||||||50|,,,,,Normal
|
|t:|1756376406
|teamsize|p1|4
|teamsize|p2|4
|start
|switch|p1a: Gallade|Gallade, L50, M|100/100
|switch|p1b: Delphox|Delphox, L50, F|100/100
|switch|p2a: Bronzong|Bronzong, L50|100/100
|switch|p2b: Incineroar|Incineroar, L50, F|100/100
|-ability|p2b: Incineroar|Intimidate|boost
|-fail|p1a: Gallade|unboost|[from] item: Clear Amulet|[of] p1a: Gallade
|-unboost|p1b: Delphox|atk|1
|turn|1
|
|t:|1756376443
|switch|p1b: Indeedee|Indeedee-F, L50, F|100/100
|-fieldstart|move: Psychic Terrain|[from] ability: Psychic Surge|[of] p1b: Indeedee
|-terastallize|p2b: Incineroar|Ghost
|move|p1a: Gallade|Sacred Sword|p2b: Incineroar
|-immune|p2b: Incineroar
|move|p2b: Incineroar|Knock Off|p1a: Gallade
|-damage|p1a: Gallade|41/100
|-enditem|p1a: Gallade|Clear Amulet|[from] move: Knock Off|[of] p2b: Incineroar
|move|p2a: Bronzong|Reflect|p2a: Bronzong
|-sidestart|p2: hp_45|Reflect
|
|upkeep
|turn|2
|
|t:|1756376464
|switch|p2b: Primarina|Primarina, L50, F|100/100
|move|p1b: Indeedee|Helping Hand|p1a: Gallade
|-singleturn|p1a: Gallade|Helping Hand|[of] p1b: Indeedee
|move|p1a: Gallade|Sacred Sword|p2a: Bronzong
|-damage|p2a: Bronzong|43/100
|move|p2a: Bronzong|Ice Spinner|p1a: Gallade
|-damage|p1a: Gallade|17/100
|-fieldend|move: Psychic Terrain
|
|upkeep
|turn|3
|
|t:|1756376487
|move|p1b: Indeedee|Helping Hand|p1a: Gallade
|-singleturn|p1a: Gallade|Helping Hand|[of] p1b: Indeedee
|move|p1a: Gallade|Psycho Cut|p2b: Primarina
|-damage|p2b: Primarina|29/100
|move|p2b: Primarina|Hyper Voice|p1a: Gallade|[spread] p1a,p1b
|-damage|p1a: Gallade|0 fnt
|-damage|p1b: Indeedee|68/100
|faint|p1a: Gallade
|-damage|p2b: Primarina|20/100|[from] item: Life Orb
|move|p2a: Bronzong|Trick Room|p2a: Bronzong
|-fieldstart|move: Trick Room|[of] p2a: Bronzong
|
|upkeep
|
|t:|1756376498
|switch|p1a: Tyranitar|Tyranitar, L50, F|100/100
|-weather|Sandstorm|[from] ability: Sand Stream|[of] p1a: Tyranitar
|turn|4
|
|t:|1756376509
|-terastallize|p1a: Tyranitar|Flying
|move|p2a: Bronzong|Gyro Ball|p1a: Tyranitar
|-damage|p1a: Tyranitar|83/100
|move|p2b: Primarina|Hyper Voice|p1a: Tyranitar|[spread] p1a,p1b
|-damage|p1a: Tyranitar|66/100
|-damage|p1b: Indeedee|38/100
|-damage|p2b: Primarina|11/100|[from] item: Life Orb
|move|p1a: Tyranitar|Rock Slide|p2a: Bronzong|[spread] p2a,p2b
|-resisted|p2a: Bronzong
|-damage|p2a: Bronzong|35/100
|-damage|p2b: Primarina|0 fnt
|faint|p2b: Primarina
|move|p1b: Indeedee|Trick Room|p1b: Indeedee
|-fieldend|move: Trick Room
|
|-weather|Sandstorm|[upkeep]
|-damage|p1a: Tyranitar|60/100|[from] Sandstorm
|upkeep
|
|t:|1756376531
|switch|p2b: Incineroar|Incineroar, L50, F, tera:Ghost|100/100
|-ability|p2b: Incineroar|Intimidate|boost
|-unboost|p1a: Tyranitar|atk|1
|-unboost|p1b: Indeedee|atk|1
|turn|5
|
|t:|1756376549
|switch|p1b: Delphox|Delphox, L50, F|100/100
|move|p1a: Tyranitar|Knock Off|p2a: Bronzong
|-supereffective|p2a: Bronzong
|-damage|p2a: Bronzong|0 fnt
|-enditem|p2a: Bronzong|Covert Cloak|[from] move: Knock Off|[of] p1a: Tyranitar
|faint|p2a: Bronzong
|move|p2b: Incineroar|Knock Off|p1a: Tyranitar
|-damage|p1a: Tyranitar|30/100
|-enditem|p1a: Tyranitar|Assault Vest|[from] move: Knock Off|[of] p2b: Incineroar
|
|-weather|Sandstorm|[upkeep]
|-damage|p1b: Delphox|95/100|[from] Sandstorm
|-damage|p1a: Tyranitar|24/100|[from] Sandstorm
|-sideend|p2: hp_45|Reflect
|upkeep
|
|t:|1756376563
|switch|p2a: Ursaluna|Ursaluna, L50, M|100/100
|turn|6
|
|t:|1756376576
|switch|p1a: Indeedee|Indeedee-F, L50, F|38/100
|-fieldstart|move: Psychic Terrain|[from] ability: Psychic Surge|[of] p1a: Indeedee
|-enditem|p1b: Delphox|Psychic Seed
|-boost|p1b: Delphox|spd|1|[from] item: Psychic Seed
|move|p2a: Ursaluna|Protect|p2a: Ursaluna
|-singleturn|p2a: Ursaluna|Protect
|move|p1b: Delphox|Expanding Force|p2b: Incineroar|[spread] p2b
|-activate|p2a: Ursaluna|move: Protect
|-damage|p2b: Incineroar|55/100
|-item|p1b: Delphox|Safety Goggles|[from] ability: Magician|[of] p2b: Incineroar
|move|p2b: Incineroar|Knock Off|p1b: Delphox
|-supereffective|p1b: Delphox
|-damage|p1b: Delphox|0 fnt
|-enditem|p1b: Delphox|Safety Goggles|[from] move: Knock Off|[of] p2b: Incineroar
|faint|p1b: Delphox
|
|-weather|Sandstorm|[upkeep]
|-damage|p2b: Incineroar|49/100|[from] Sandstorm
|-status|p2a: Ursaluna|brn|[from] item: Flame Orb
|upkeep
|
|t:|1756376589
|switch|p1b: Tyranitar|Tyranitar, L50, F, tera:Flying|24/100
|turn|7
|
|t:|1756376602
|move|p1a: Indeedee|Follow Me|p1a: Indeedee
|-singleturn|p1a: Indeedee|move: Follow Me
|move|p1b: Tyranitar|Low Kick|p2a: Ursaluna
|-supereffective|p2a: Ursaluna
|-damage|p2a: Ursaluna|39/100 brn
|move|p2b: Incineroar|Knock Off|p1a: Indeedee
|-supereffective|p1a: Indeedee
|-damage|p1a: Indeedee|0 fnt
|-enditem|p1a: Indeedee|Safety Goggles|[from] move: Knock Off|[of] p2b: Incineroar
|faint|p1a: Indeedee
|move|p2a: Ursaluna|Facade|p1b: Tyranitar
|-damage|p1b: Tyranitar|0 fnt
|faint|p1b: Tyranitar
|
|win|hp_45
||Daniw9 is ready for game 2.
|inactive|hp_45 has 30 seconds to confirm battle start!
||hp_45 is ready for game 2.
|uhtml|next|Next: Game 2 of 3
