|j|☆Shortslover69
|j|☆Clintoap
|html|Shortslover69Clintoap    
|uhtml|bestof|Game 1 of a best-of-3
|t:|1757810253
|gametype|doubles
|player|p1|Shortslover69|youngster-gen4dp|1098
|player|p2|Clintoap|170|1086
|gen|9
|tier|[Gen 9] VGC 2025 Reg H (Bo3)
|rated|
|rule|Species Clause: Limit one of each Pokémon
|rule|Item Clause: Limit 1 of each item
|clearpoke
|poke|p1|Indeedee-F, L50, F|
|poke|p1|Amoonguss, L50, M|
|poke|p1|Hatterene, L50, F|
|poke|p1|Vikavolt, L50, F|
|poke|p1|Araquanid, L50, M|
|poke|p1|Porygon2, L50|
|poke|p2|Whimsicott, L50, F|
|poke|p2|Umbreon, L50, M|
|poke|p2|Annihilape, L50, M|
|poke|p2|Rotom-Heat, L50|
|poke|p2|Gholdengo, L50|
|poke|p2|Gastrodon, L50, F|
|teampreview|4
|showteam|p1|Indeedee-F||SafetyGoggles|PsychicSurge|Psychic,FollowMe,TrickRoom,Protect|||F|||50|,,,,,Poison]Amoonguss||RockyHelmet|Regenerator|RagePowder,PollenPuff,Spore,Protect|||M|||50|,,,,,Ghost]Hatterene||LifeOrb|MagicBounce|DazzlingGleam,ExpandingForce,TrickRoom,Protect|||F|||50|,,,,,Psychic]Vikavolt||ChoiceSpecs|Levitate|VoltSwitch,BugBuzz,Thunderbolt,TeraBlast|||F|||50|,,,,,Ground]Araquanid||ClearAmulet|WaterBubble|Liquidation,WideGuard,LeechLife,Protect|||M|||50|,,,,,Water]Porygon2||Eviolite|Download|TeraBlast,IceBeam,Recover,TrickRoom||||||50|,,,,,Fighting
|showteam|p2|Whimsicott||FocusSash|Prankster|Moonblast,Tailwind,Protect,Encore|||F|||50|,,,,,Ghost]Umbreon||Leftovers|InnerFocus|FoulPlay,Snarl,Taunt,ThunderWave|||M|||50|,,,,,Ghost]Annihilape||SafetyGoggles|Defiant|Protect,BulkUp,DrainPunch,RageFist|||M|||50|,,,,,Fire]Rotom-Heat||SitrusBerry|Levitate|WillOWisp,Overheat,Thunderbolt,Protect||||||50|,,,,,Electric]Gholdengo||LifeOrb|GoodasGold|MakeItRain,ShadowBall,Protect,NastyPlot||||||50|,,,,,Water]Gastrodon||CovertCloak|StormDrain|Protect,EarthPower,Recover,MuddyWater|||F|||50|,,,,,Steel
|inactive|Battle timer is ON: inactive players will automatically lose when time's up. (requested by Shortslover69)
|inactive|Shortslover69 has 60 seconds left.
|inactive|Shortslover69 has 30 seconds left.
|inactive|Shortslover69 has 20 seconds left.
|inactive|Shortslover69 has 15 seconds left.
|inactive|Shortslover69 has 10 seconds left.
|
|t:|1757810335
|teamsize|p1|4
|teamsize|p2|4
|start
|switch|p1a: Tricking my Room|Indeedee-F, L50, F|100/100
|switch|p1b: Lumpy Space Prin|Hatterene, L50, F|100/100
|switch|p2a: Umbreon|Umbreon, L50, M|100/100
|switch|p2b: Gholdengo|Gholdengo, L50|100/100
|-fieldstart|move: Psychic Terrain|[from] ability: Psychic Surge|[of] p1a: Tricking my Room
|turn|1
|inactive|Shortslover69 has 30 seconds left.
|
|t:|1757810363
|-terastallize|p1b: Lumpy Space Prin|Psychic
|move|p1a: Tricking my Room|Protect|p1a: Tricking my Room
|-singleturn|p1a: Tricking my Room|Protect
|move|p2b: Gholdengo|Nasty Plot|p2b: Gholdengo
|-boost|p2b: Gholdengo|spa|2
|move|p2a: Umbreon|Snarl|p1a: Tricking my Room|[spread] p1b
|-activate|p1a: Tricking my Room|move: Protect
|-supereffective|p1b: Lumpy Space Prin
|-damage|p1b: Lumpy Space Prin|81/100
|-unboost|p1b: Lumpy Space Prin|spa|1
|move|p1b: Lumpy Space Prin|Trick Room|p1b: Lumpy Space Prin
|-fieldstart|move: Trick Room|[of] p1b: Lumpy Space Prin
|
|upkeep
|turn|2
|inactive|Shortslover69 has 30 seconds left.
|
|t:|1757810391
|move|p1b: Lumpy Space Prin|Dazzling Gleam|p2b: Gholdengo|[spread] p2a,p2b
|-supereffective|p2a: Umbreon
|-resisted|p2b: Gholdengo
|-damage|p2a: Umbreon|64/100
|-damage|p2b: Gholdengo|85/100
|-damage|p1b: Lumpy Space Prin|71/100|[from] item: Life Orb
|move|p2a: Umbreon|Snarl|p1b: Lumpy Space Prin|[spread] p1a,p1b
|-supereffective|p1a: Tricking my Room
|-supereffective|p1b: Lumpy Space Prin
|-damage|p1a: Tricking my Room|82/100
|-damage|p1b: Lumpy Space Prin|52/100
|-unboost|p1a: Tricking my Room|spa|1
|-unboost|p1b: Lumpy Space Prin|spa|1
|move|p1a: Tricking my Room|Psychic|p2b: Gholdengo
|-resisted|p2b: Gholdengo
|-damage|p2b: Gholdengo|70/100
|move|p2b: Gholdengo|Make It Rain|p1b: Lumpy Space Prin|[spread] p1a,p1b
|-damage|p1a: Tricking my Room|0 fnt
|-damage|p1b: Lumpy Space Prin|0 fnt
|-unboost|p2b: Gholdengo|spa|1
|faint|p1a: Tricking my Room
|faint|p1b: Lumpy Space Prin
|-damage|p2b: Gholdengo|61/100|[from] item: Life Orb
|
|-heal|p2a: Umbreon|70/100|[from] item: Leftovers
|upkeep
|
|t:|1757810404
|switch|p1b: Araquanid|Araquanid, L50, M|100/100
|switch|p1a: Cicada Days|Vikavolt, L50, F|100/100
|turn|3
|
|t:|1757810426
|switch|p2a: Gastrodon|Gastrodon, L50, F|100/100
|move|p1b: Araquanid|Liquidation|p2a: Gastrodon
|-ability|p2a: Gastrodon|Storm Drain|boost
|-boost|p2a: Gastrodon|spa|1
|move|p1a: Cicada Days|Thunderbolt|p2b: Gholdengo
|-damage|p2b: Gholdengo|0 fnt
|faint|p2b: Gholdengo
|
|upkeep
|
|t:|1757810440
|switch|p2b: Umbreon|Umbreon, L50, M|70/100
|turn|4
|
|t:|1757810461
|move|p1b: Araquanid|Leech Life|p2a: Gastrodon
|-damage|p2a: Gastrodon|66/100
|move|p1a: Cicada Days|Thunderbolt|p2b: Umbreon
|-damage|p2b: Umbreon|18/100
|move|p2a: Gastrodon|Muddy Water|p1a: Cicada Days|[spread] p1a,p1b
|-crit|p1a: Cicada Days
|-resisted|p1b: Araquanid
|-crit|p1b: Araquanid
|-damage|p1a: Cicada Days|20/100
|-damage|p1b: Araquanid|75/100
|-unboost|p1a: Cicada Days|accuracy|1
|move|p2b: Umbreon|Snarl|p1b: Araquanid|[spread] p1a,p1b
|-damage|p1a: Cicada Days|8/100
|-damage|p1b: Araquanid|67/100
|-unboost|p1a: Cicada Days|spa|1
|
|-heal|p2b: Umbreon|24/100|[from] item: Leftovers
|upkeep
|turn|5
|c|☆Shortslover69|...
|inactive|Clintoap has 30 seconds left.
|
|t:|1757810488
|switch|p2b: Annihilape|Annihilape, L50, M|100/100
|move|p1b: Araquanid|Leech Life|p2a: Gastrodon
|-damage|p2a: Gastrodon|30/100
|-heal|p1b: Araquanid|90/100|[from] drain|[of] p2a: Gastrodon
|move|p1a: Cicada Days|Thunderbolt|p2b: Annihilape
|-damage|p2b: Annihilape|39/100
|move|p2a: Gastrodon|Muddy Water|p1b: Araquanid|[spread] p1a,p1b
|-resisted|p1b: Araquanid
|-damage|p1a: Cicada Days|0 fnt
|-damage|p1b: Araquanid|72/100
|faint|p1a: Cicada Days
|
|-fieldend|move: Trick Room
|-fieldend|move: Psychic Terrain
|upkeep
|turn|6
|c|☆Shortslover69|double crit accuracy drop is insane lmao, not like it mattered, I'm still gonna lose
|inactive|Shortslover69 has 30 seconds left.
|
|t:|1757810513
|move|p2b: Annihilape|Rage Fist|p1b: Araquanid
|-damage|p1b: Araquanid|19/100
|move|p2a: Gastrodon|Earth Power|p1b: Araquanid
|-resisted|p1b: Araquanid
|-damage|p1b: Araquanid|0 fnt
|faint|p1b: Araquanid
|
|win|Clintoap
|l|☆Clintoap
|player|p2|
||Shortslover69 is ready for game 2.
||Clintoap is ready for game 2.
|uhtml|next|Next: Game 2 of 3
|l|☆Shortslover69
|player|p1|
