|j|☆CRISP WHITE SHEETS
|j|☆grendel zolga
|html|CRISP WHITE SHEETSgrendel zolga    
|uhtml|bestof|Game 1 of a best-of-3
|t:|1756818191
|gametype|doubles
|player|p1|CRISP WHITE SHEETS|ghetsis|1133
|player|p2|grendel zolga|clay|1208
|gen|9
|tier|[Gen 9] VGC 2025 Reg H (Bo3)
|rated|
|rule|Species Clause: Limit one of each Pokémon
|rule|Item Clause: Limit 1 of each item
|clearpoke
|poke|p1|Exeggutor, L50, F|
|poke|p1|Indeedee-F, L50, F|
|poke|p1|Avalugg, L50, F|
|poke|p1|Torkoal, L50, F|
|poke|p1|Sneasler, L50, M|
|poke|p1|Typhlosion-Hisui, L50, M|
|poke|p2|Gyarados, L50, M|
|poke|p2|Indeedee, L50, M|
|poke|p2|Sneasler, L50, M|
|poke|p2|Tyranitar, L50, M|
|poke|p2|Ursaluna-Bloodmoon, L50, M|
|poke|p2|Volcarona, L50, F|
|teampreview|4
|showteam|p1|Exeggutor||FocusSash|Chlorophyll|ExpandingForce,EnergyBall,TrickRoom,Protect|||F|||50|,,,,,Psychic]Indeedee-F||SafetyGoggles|PsychicSurge|FollowMe,HelpingHand,TrickRoom,DazzlingGleam|||F|||50|,,,,,Fairy]Avalugg||LoadedDice|Sturdy|IcicleSpear,BodyPress,WideGuard,Protect|||F|||50|,,,,,Fighting]Torkoal||Charcoal|Drought|Eruption,EarthPower,HelpingHand,Protect|||F|||50|,,,,,Fire]Sneasler||PsychicSeed|Unburden|DireClaw,CloseCombat,ThroatChop,Protect|||M|||50|,,,,,Dark]Typhlosion-Hisui||ChoiceScarf|Frisk|Eruption,HeatWave,ShadowBall,Extrasensory|||M|||50|,,,,,Fire
|showteam|p2|Gyarados||SafetyGoggles|Intimidate|Taunt,ThunderWave,Waterfall,Protect|||M|||50|,,,,,Steel]Indeedee||ChoiceScarf|PsychicSurge|ExpandingForce,TeraBlast,Trick,Protect|||M|||50|,,,,,Psychic]Sneasler||PsychicSeed|Unburden|CloseCombat,DireClaw,ThroatChop,Protect|||M|||50|,,,,,Dark]Tyranitar||AssaultVest|SandStream|LowKick,TeraBlast,KnockOff,RockSlide|||M|||50|,,,,,Flying]Ursaluna-Bloodmoon||LifeOrb|MindsEye|HyperVoice,BloodMoon,EarthPower,Protect|||M|||50|,,,,,Normal]Volcarona||SitrusBerry|FlameBody|Overheat,StruggleBug,RagePowder,Tailwind|||F|||50|,,,,,Grass
|
|t:|1756818253
|teamsize|p1|4
|teamsize|p2|4
|start
|switch|p1a: Anakin|Exeggutor, L50, F|100/100
|switch|p1b: Belle|Indeedee-F, L50, F|100/100
|switch|p2a: Pestilence|Sneasler, L50, M|100/100
|switch|p2b: Maelstrom|Gyarados, L50, M, shiny|100/100
|-ability|p2b: Maelstrom|Intimidate|boost
|-unboost|p1a: Anakin|atk|1
|-unboost|p1b: Belle|atk|1
|-fieldstart|move: Psychic Terrain|[from] ability: Psychic Surge|[of] p1b: Belle
|-enditem|p2a: Pestilence|Psychic Seed
|-boost|p2a: Pestilence|spd|1|[from] item: Psychic Seed
|turn|1
|
|t:|1756818293
|-terastallize|p2a: Pestilence|Dark
|move|p1b: Belle|Follow Me|p1b: Belle
|-singleturn|p1b: Belle|move: Follow Me
|move|p2a: Pestilence|Dire Claw|p1b: Belle
|-damage|p1b: Belle|51/100
|move|p2b: Maelstrom|Taunt|p1b: Belle
|-start|p1b: Belle|move: Taunt
|move|p1a: Anakin|Trick Room|p1a: Anakin
|-fieldstart|move: Trick Room|[of] p1a: Anakin
|
|upkeep
|turn|2
|
|t:|1756818322
|move|p2b: Maelstrom|Protect|p2b: Maelstrom
|-singleturn|p2b: Maelstrom|Protect
|move|p1b: Belle|Dazzling Gleam|p2b: Maelstrom|[spread] p2a
|-activate|p2b: Maelstrom|move: Protect
|-supereffective|p2a: Pestilence
|-crit|p2a: Pestilence
|-damage|p2a: Pestilence|47/100
|move|p1a: Anakin|Expanding Force|p2a: Pestilence|[spread] 
|-activate|p2b: Maelstrom|move: Protect
|-immune|p2a: Pestilence
|move|p2a: Pestilence|Dire Claw|p1a: Anakin
|-supereffective|p1a: Anakin
|-enditem|p1a: Anakin|Focus Sash
|-damage|p1a: Anakin|1/100
|
|upkeep
|turn|3
|
|t:|1756818347
|switch|p2b: Sirocco|Tyranitar, L50, M|100/100
|-weather|Sandstorm|[from] ability: Sand Stream|[of] p2b: Sirocco
|move|p2a: Pestilence|Protect|p2a: Pestilence
|-singleturn|p2a: Pestilence|Protect
|move|p1b: Belle|Dazzling Gleam|p2b: Sirocco|[spread] p2b
|-activate|p2a: Pestilence|move: Protect
|-supereffective|p2b: Sirocco
|-damage|p2b: Sirocco|89/100
|move|p1a: Anakin|Energy Ball|p2a: Pestilence
|-activate|p2a: Pestilence|move: Protect
|
|-weather|Sandstorm|[upkeep]
|-damage|p1a: Anakin|0 fnt|[from] Sandstorm
|-damage|p2a: Pestilence|41/100|[from] Sandstorm
|faint|p1a: Anakin
|upkeep
|
|t:|1756818351
|switch|p1a: Nimitz|Avalugg, L50, F|100/100
|turn|4
|
|t:|1756818381
|switch|p2b: Pythia|Indeedee, L50, M|100/100
|switch|p2a: Maelstrom|Gyarados, L50, M, shiny|100/100
|-ability|p2a: Maelstrom|Intimidate|boost
|-unboost|p1a: Nimitz|atk|1
|-unboost|p1b: Belle|atk|1
|-terastallize|p1a: Nimitz|Fighting
|move|p1a: Nimitz|Body Press|p2a: Maelstrom
|-resisted|p2a: Maelstrom
|-damage|p2a: Maelstrom|71/100
|move|p1b: Belle|Dazzling Gleam|p2a: Maelstrom|[spread] p2a,p2b
|-damage|p2a: Maelstrom|58/100
|-damage|p2b: Pythia|81/100
|
|-weather|Sandstorm|[upkeep]
|-damage|p1a: Nimitz|95/100|[from] Sandstorm
|-damage|p2b: Pythia|75/100|[from] Sandstorm
|-end|p1b: Belle|move: Taunt
|upkeep
|turn|5
|
|t:|1756818432
|move|p1a: Nimitz|Body Press|p2b: Pythia
|-damage|p2b: Pythia|0 fnt
|faint|p2b: Pythia
|move|p1b: Belle|Dazzling Gleam|p2a: Maelstrom
|-damage|p2a: Maelstrom|43/100
|move|p2a: Maelstrom|Taunt|p1a: Nimitz
|-start|p1a: Nimitz|move: Taunt
|
|-weather|Sandstorm|[upkeep]
|-damage|p1a: Nimitz|89/100|[from] Sandstorm
|-fieldend|move: Trick Room
|-fieldend|move: Psychic Terrain
|upkeep
|
|t:|1756818444
|switch|p2b: Sirocco|Tyranitar, L50, M|89/100
|turn|6
|
|t:|1756818472
|move|p2a: Maelstrom|Thunder Wave|p1a: Nimitz
|-status|p1a: Nimitz|par
|move|p2b: Sirocco|Knock Off|p1b: Belle
|-supereffective|p1b: Belle
|-damage|p1b: Belle|0 fnt
|-enditem|p1b: Belle|Safety Goggles|[from] move: Knock Off|[of] p2b: Sirocco
|faint|p1b: Belle
|move|p1a: Nimitz|Body Press|p2b: Sirocco
|-supereffective|p2b: Sirocco
|-damage|p2b: Sirocco|0 fnt
|faint|p2b: Sirocco
|
|-weather|Sandstorm|[upkeep]
|-damage|p1a: Nimitz|83/100 par|[from] Sandstorm
|upkeep
|
|t:|1756818478
|switch|p2b: Pestilence|Sneasler, L50, M, tera:Dark|41/100
|switch|p1b: Shellshocker|Torkoal, L50, F|100/100
|-weather|SunnyDay|[from] ability: Drought|[of] p1b: Shellshocker
|turn|7
|
|t:|1756818511
|move|p2b: Pestilence|Throat Chop|p1b: Shellshocker
|-damage|p1b: Shellshocker|63/100
|-start|p1b: Shellshocker|Throat Chop|[silent]
|move|p2a: Maelstrom|Waterfall|p1a: Nimitz
|-crit|p1a: Nimitz
|-damage|p1a: Nimitz|68/100 par
|move|p1b: Shellshocker|Eruption|p2b: Pestilence|[spread] p2a,p2b
|-resisted|p2a: Maelstrom
|-damage|p2a: Maelstrom|16/100
|-damage|p2b: Pestilence|0 fnt
|faint|p2b: Pestilence
|move|p1a: Nimitz|Body Press|p2a: Maelstrom
|-resisted|p2a: Maelstrom
|-damage|p2a: Maelstrom|0 fnt
|faint|p2a: Maelstrom
|
|win|CRISP WHITE SHEETS
||grendel zolga is ready for game 2.
|inactive|CRISP WHITE SHEETS has 30 seconds to confirm battle start!
||CRISP WHITE SHEETS is ready for game 2.
|uhtml|next|Next: Game 2 of 3
