|j|☆Thenestball
|j|☆Rumato
|html|ThenestballRumato    
|uhtml|bestof|Game 3 of a best-of-3
|t:|1756414204
|gametype|doubles
|player|p1|Thenestball|hiker-gen4|1000
|player|p2|Rumato|265|1032
|gen|9
|tier|[Gen 9] VGC 2025 Reg H (Bo3)
|rated|
|rule|Species Clause: Limit one of each Pokémon
|rule|Item Clause: Limit 1 of each item
|clearpoke
|poke|p1|Weezing, L50, F|
|poke|p1|Smeargle, L50, F|
|poke|p1|Garchomp, L50, F|
|poke|p1|Dragonite, L50, M|
|poke|p1|Sylveon, L50, M|
|poke|p1|Incineroar, L50, F|
|poke|p2|Porygon2, L50|
|poke|p2|Archaludon, L50, F|
|poke|p2|Ursaluna, L50, M|
|poke|p2|Pelipper, L50, M|
|poke|p2|Incineroar, L50, M|
|teampreview|4
|showteam|p1|Weezing||SitrusBerry|NeutralizingGas|SludgeBomb,WillOWisp,Haze,Protect|||F|||50|,,,,,Grass]Smeargle||FocusSash|Moody|Spore,FollowMe,Decorate,FakeOut|||F|||50|,,,,,Ghost]Garchomp||LifeOrb|RoughSkin|Earthquake,RockSlide,StompingTantrum,Protect|||F|||50|,,,,,Ground]Dragonite||LoadedDice|Multiscale|ScaleShot,Tailwind,TeraBlast,Protect|||M|||50|,,,,,Fairy]Sylveon||PixiePlate|Pixilate|HyperVoice,TeraBlast,CalmMind,Protect|||M|||50|,,,,,Water]Incineroar||AbilityShield|Intimidate|FakeOut,FlareBlitz,KnockOff,PartingShot|||F|||50|,,,,,Grass
|showteam|p2|Porygon2||Eviolite|Trace|Recover,TrickRoom,TeraBlast,ShadowBall||||||50|,,,,,Ghost]Archaludon||SafetyGoggles|Stamina|BodyPress,ElectroShot,Protect,DracoMeteor|||F|||50|,,,,,Flying]Ursaluna||FlameOrb|Guts|Protect,Facade,HeadlongRush,Curse|||M|||50|,,,,,Ghost]Pelipper||LifeOrb|Drizzle|Tailwind,Hurricane,WideGuard,WeatherBall|||M|||50|,,,,,Ground]Incineroar||AssaultVest|Intimidate|FakeOut,Snarl,DrainPunch,KnockOff|||M|||50|,,,,,Ghost
|inactive|Battle timer is ON: inactive players will automatically lose when time's up. (requested by Rumato)
|
|t:|1756414228
|teamsize|p1|4
|teamsize|p2|4
|start
|switch|p1a: Weezing|Weezing, L50, F, shiny|100/100
|switch|p1b: Incineroar|Incineroar, L50, F|100/100
|switch|p2a: Pelipper|Pelipper, L50, M|100/100
|switch|p2b: Archaludon|Archaludon, L50, F|100/100
|-ability|p1a: Weezing|Neutralizing Gas
|-block|p1b: Incineroar|item: Ability Shield
|-ability|p1b: Incineroar|Intimidate|boost
|-unboost|p2a: Pelipper|atk|1
|-unboost|p2b: Archaludon|atk|1
|turn|1
|inactive|Thenestball has 30 seconds left.
|
|t:|1756414255
|move|p1b: Incineroar|Fake Out|p2b: Archaludon
|-resisted|p2b: Archaludon
|-damage|p2b: Archaludon|96/100
|cant|p2b: Archaludon|flinch
|move|p1a: Weezing|Sludge Bomb|p2a: Pelipper
|-damage|p2a: Pelipper|66/100
|move|p2a: Pelipper|Tailwind|p2a: Pelipper
|-sidestart|p2: Rumato|move: Tailwind
|
|upkeep
|turn|2
|
|t:|1756414269
|move|p2b: Archaludon|Draco Meteor|p1a: Weezing
|-damage|p1a: Weezing|27/100
|-unboost|p2b: Archaludon|spa|2
|-enditem|p1a: Weezing|Sitrus Berry|[eat]
|-heal|p1a: Weezing|52/100|[from] item: Sitrus Berry
|move|p2a: Pelipper|Hurricane|p1a: Weezing|[miss]
|-miss|p2a: Pelipper|p1a: Weezing
|move|p1a: Weezing|Will-O-Wisp|p2b: Archaludon
|-status|p2b: Archaludon|brn
|move|p1b: Incineroar|Flare Blitz|p2b: Archaludon
|-damage|p2b: Archaludon|53/100 brn
|-damage|p1b: Incineroar|89/100|[from] Recoil
|
|-damage|p2b: Archaludon|47/100 brn|[from] brn
|upkeep
|turn|3
|
|t:|1756414294
|move|p1a: Weezing|Protect|p1a: Weezing
|-singleturn|p1a: Weezing|Protect
|move|p2b: Archaludon|Electro Shot||[still]
|-prepare|p2b: Archaludon|Electro Shot
|-boost|p2b: Archaludon|spa|1
|move|p2a: Pelipper|Hurricane|p1b: Incineroar|[miss]
|-miss|p2a: Pelipper|p1b: Incineroar
|move|p1b: Incineroar|Knock Off|p2a: Pelipper
|-damage|p2a: Pelipper|17/100
|-enditem|p2a: Pelipper|Life Orb|[from] move: Knock Off|[of] p1b: Incineroar
|
|-damage|p2b: Archaludon|41/100 brn|[from] brn
|upkeep
|turn|4
|
|t:|1756414321
|move|p2b: Archaludon|Electro Shot|p1a: Weezing|[from] lockedmove
|-damage|p1a: Weezing|16/100
|move|p2a: Pelipper|Weather Ball|p1b: Incineroar
|-damage|p1b: Incineroar|74/100
|move|p1a: Weezing|Sludge Bomb|p2a: Pelipper
|-damage|p2a: Pelipper|0 fnt
|faint|p2a: Pelipper
|move|p1b: Incineroar|Flare Blitz|p2b: Archaludon
|-damage|p2b: Archaludon|1/100 brn
|-damage|p1b: Incineroar|63/100|[from] Recoil
|
|-damage|p2b: Archaludon|0 fnt|[from] brn
|faint|p2b: Archaludon
|-sideend|p2: Rumato|move: Tailwind
|upkeep
|
|t:|1756414336
|switch|p2b: Ursaluna|Ursaluna, L50, M|100/100
|switch|p2a: Incineroar|Incineroar, L50, M|100/100
|turn|5
|inactive|Thenestball has 30 seconds left.
|
|t:|1756414362
|move|p1a: Weezing|Protect|p1a: Weezing
|-singleturn|p1a: Weezing|Protect
|move|p2a: Incineroar|Fake Out|p1b: Incineroar
|-damage|p1b: Incineroar|56/100
|cant|p1b: Incineroar|flinch
|move|p2b: Ursaluna|Curse|p2b: Ursaluna
|-unboost|p2b: Ursaluna|spe|1
|-boost|p2b: Ursaluna|atk|1
|-boost|p2b: Ursaluna|def|1
|
|-status|p2b: Ursaluna|brn|[from] item: Flame Orb
|upkeep
|turn|6
|inactive|Rumato has 30 seconds left.
|
|t:|1756414392
|move|p1a: Weezing|Sludge Bomb|p2a: Incineroar
|-damage|p2a: Incineroar|82/100
|move|p1b: Incineroar|Knock Off|p2b: Ursaluna
|-crit|p2b: Ursaluna
|-damage|p2b: Ursaluna|49/100 brn
|-enditem|p2b: Ursaluna|Flame Orb|[from] move: Knock Off|[of] p1b: Incineroar
|move|p2a: Incineroar|Knock Off|p1a: Weezing
|-damage|p1a: Weezing|0 fnt
|faint|p1a: Weezing
|-end|p1a: Weezing|ability: Neutralizing Gas
|-ability|p2a: Incineroar|Intimidate|boost
|-unboost|p1b: Incineroar|atk|1
|move|p2b: Ursaluna|Curse|p2b: Ursaluna
|-unboost|p2b: Ursaluna|spe|1
|-boost|p2b: Ursaluna|atk|1
|-boost|p2b: Ursaluna|def|1
|
|-damage|p2b: Ursaluna|43/100 brn|[from] brn
|upkeep
|
|t:|1756414415
|switch|p1a: Dragonite|Dragonite, L50, M, shiny|100/100
|turn|7
|
|t:|1756414426
|move|p1a: Dragonite|Scale Shot|p2b: Ursaluna
|-damage|p2b: Ursaluna|39/100 brn
|-damage|p2b: Ursaluna|34/100 brn
|-damage|p2b: Ursaluna|29/100 brn
|-damage|p2b: Ursaluna|24/100 brn
|-hitcount|p2b: Ursaluna|4
|-unboost|p1a: Dragonite|def|1
|-boost|p1a: Dragonite|spe|1
|move|p1b: Incineroar|Knock Off|p2a: Incineroar
|-resisted|p2a: Incineroar
|-damage|p2a: Incineroar|73/100
|-enditem|p2a: Incineroar|Assault Vest|[from] move: Knock Off|[of] p1b: Incineroar
|move|p2a: Incineroar|Drain Punch|p1b: Incineroar
|-supereffective|p1b: Incineroar
|-damage|p1b: Incineroar|28/100
|-heal|p2a: Incineroar|87/100|[from] drain|[of] p1b: Incineroar
|move|p2b: Ursaluna|Facade|p1a: Dragonite
|-damage|p1a: Dragonite|0 fnt
|faint|p1a: Dragonite
|
|-damage|p2b: Ursaluna|19/100 brn|[from] brn
|upkeep
|
|t:|1756414447
|switch|p1a: Garchomp|Garchomp, L50, F, shiny|100/100
|turn|8
|
|t:|1756414461
|-terastallize|p1a: Garchomp|Ground
|move|p1a: Garchomp|Earthquake|p2b: Ursaluna|[spread] p1b,p2a,p2b
|-supereffective|p1b: Incineroar
|-supereffective|p2a: Incineroar
|-crit|p2a: Incineroar
|-damage|p1b: Incineroar|0 fnt
|-damage|p2a: Incineroar|0 fnt
|-damage|p2b: Ursaluna|0 fnt
|faint|p1b: Incineroar
|faint|p2a: Incineroar
|faint|p2b: Ursaluna
|-damage|p1a: Garchomp|91/100|[from] item: Life Orb
|
|win|Thenestball
|raw|Thenestball's rating: 1000 → 1044(+44 for winning)
|raw|Rumato's rating: 1032 → 1016(-16 for losing)
|c|☆Rumato|gg
