|j|☆chuthvgc
|j|☆redjaguar
|html|chuthvgcredjaguar    
|uhtml|bestof|Game 1 of a best-of-3
|t:|1784911617
|gametype|doubles
|player|p1|chuthvgc|265|1021
|player|p2|redjaguar|gambler|1078
|gen|9
|tier|[Gen 9 Champions] VGC 2026 Reg M-B (Bo3)
|rated|
|rule|Species Clause: Limit one of each Pokémon
|rule|Item Clause: Limit 1 of each item
|clearpoke
|poke|p1|Gengar, L50, M|
|poke|p1|Snorlax, L50, M|
|poke|p1|Incineroar, L50, M|
|poke|p1|Kingambit, L50, F|
|poke|p1|Sneasler, L50, M|
|poke|p1|Ninetales-Alola, L50, F|
|poke|p2|Dragonite, L50, M|
|poke|p2|Gardevoir, L50, M|
|poke|p2|Raichu, L50, F|
|poke|p2|Kingambit, L50, M|
|poke|p2|Incineroar, L50, M|
|poke|p2|Empoleon, L50, F|
|teampreview|4
|showteam|p1|Gengar||Gengarite|CursedBody|ShadowBall,PerishSong,Protect,Disable|Modest||M|||50|]Snorlax||Leftovers|ThickFat|Yawn,Fissure,Encore,Protect|Relaxed||M|||50|]Incineroar||SitrusBerry|Intimidate|FlareBlitz,Protect,PartingShot,FakeOut|Relaxed||M|||50|]Kingambit||BlackGlasses|Defiant|KowtowCleave,SuckerPunch,SwordsDance,Protect|Adamant||F|||50|]Sneasler||WhiteHerb|Unburden|CloseCombat,DireClaw,FakeOut,Protect|Adamant||M|||50|]Ninetales-Alola||FocusSash|SnowWarning|Blizzard,Encore,FreezeDry,Protect|Timid||F|||50|
|showteam|p2|Dragonite||ExpertBelt|Multiscale|IceSpinner,StompingTantrum,ExtremeSpeed,Protect|Adamant||M|||50|]Gardevoir||Gardevoirite|Trace|HyperVoice,MysticalFire,Protect,Psychic|Timid||M|||50|]Raichu||SitrusBerry|LightningRod|FakeOut,HelpingHand,Nuzzle,Encore|Timid||F|||50|]Kingambit||BlackGlasses|SupremeOverlord|KowtowCleave,SuckerPunch,Protect,IronHead|Adamant||M|||50|]Incineroar||WhiteHerb|Intimidate|FakeOut,FlareBlitz,PartingShot,Taunt|Impish||M|||50|]Empoleon||Leftovers|Competitive|IcyWind,Protect,FlashCannon,HydroCannon|Modest||F|||50|
|inactive|Battle timer is ON: inactive players will automatically lose when time's up. (requested by chuthvgc)
|inactive|chuthvgc has 60 seconds left.
|inactive|redjaguar has 60 seconds left.
|inactive|chuthvgc has 30 seconds left.
|
|t:|1784911686
|teamsize|p1|4
|teamsize|p2|4
|start
|switch|p1a: Gengar|Gengar, L50, M|100/100
|switch|p1b: Sneasler|Sneasler, L50, M|100/100
|switch|p2a: Incineroar|Incineroar, L50, M|100/100
|switch|p2b: Dragonite|Dragonite, L50, M|100/100
|-ability|p2a: Incineroar|Intimidate|boost
|-unboost|p1a: Gengar|atk|1
|-unboost|p1b: Sneasler|atk|1
|-enditem|p1b: Sneasler|White Herb
|-clearnegativeboost|p1b: Sneasler|[silent]
|turn|1
|inactive|redjaguar has 30 seconds left.
|inactive|redjaguar has 20 seconds left.
|inactive|redjaguar has 15 seconds left.
|inactive|redjaguar has 10 seconds left.
|
|t:|1784911735
|detailschange|p1a: Gengar|Gengar-Mega, L50, M
|-mega|p1a: Gengar|Gengar|Gengarite
|move|p1a: Gengar|Protect|p1a: Gengar
|-singleturn|p1a: Gengar|Protect
|move|p1b: Sneasler|Close Combat|p2a: Incineroar
|-supereffective|p2a: Incineroar|1
|-damage|p2a: Incineroar|1/100
|-unboost|p1b: Sneasler|def|1
|-unboost|p1b: Sneasler|spd|1
|move|p2b: Dragonite|Stomping Tantrum|p1a: Gengar
|-activate|p1a: Gengar|move: Protect
|move|p2a: Incineroar|Flare Blitz|p1a: Gengar
|-activate|p1a: Gengar|move: Protect
|
|upkeep
|turn|2
|inactive|chuthvgc has 30 seconds left.
|inactive|redjaguar has 30 seconds left.
|inactive|chuthvgc has 20 seconds left.
|
|t:|1784911770
|move|p1b: Sneasler|Dire Claw|p2a: Incineroar
|-crit|p2a: Incineroar
|-damage|p2a: Incineroar|0 fnt
|faint|p2a: Incineroar
|move|p1a: Gengar|Disable|p2b: Dragonite
|-start|p2b: Dragonite|Disable|Stomping Tantrum
|cant|p2b: Dragonite|Disable|Stomping Tantrum
|
|upkeep
|
|t:|1784911783
|switch|p2a: Empoleon|Empoleon, L50, F|100/100
|turn|3
|inactive|chuthvgc has 30 seconds left.
|inactive|chuthvgc has 20 seconds left.
|
|t:|1784911820
|switch|p1b: Snorlax|Snorlax, L50, M|100/100
|move|p2a: Empoleon|Protect|p2a: Empoleon
|-singleturn|p2a: Empoleon|Protect
|move|p2b: Dragonite|Extreme Speed|p1b: Snorlax
|-damage|p1b: Snorlax|80/100
|move|p1a: Gengar|Perish Song|p1a: Gengar
|-start|p1a: Gengar|perish3|[silent]
|-start|p1b: Snorlax|perish3|[silent]
|-start|p2a: Empoleon|perish3|[silent]
|-start|p2b: Dragonite|perish3|[silent]
|-fieldactivate|move: Perish Song
|
|-heal|p1b: Snorlax|86/100|[from] item: Leftovers
|-start|p1a: Gengar|perish3
|-start|p2b: Dragonite|perish3
|-start|p2a: Empoleon|perish3
|-start|p1b: Snorlax|perish3
|upkeep
|turn|4
|inactive|chuthvgc has 30 seconds left.
|inactive|redjaguar has 30 seconds left.
|inactive|chuthvgc has 20 seconds left.
|inactive|redjaguar has 20 seconds left.
|inactive|redjaguar has 15 seconds left.
|
|t:|1784911864
|move|p1a: Gengar|Protect|p1a: Gengar
|-singleturn|p1a: Gengar|Protect
|move|p2b: Dragonite|Extreme Speed|p1b: Snorlax
|-damage|p1b: Snorlax|67/100
|move|p2a: Empoleon|Flash Cannon|p1a: Gengar
|-activate|p1a: Gengar|move: Protect
|move|p1b: Snorlax|Encore|p2a: Empoleon
|-start|p2a: Empoleon|Encore
|
|-heal|p1b: Snorlax|73/100|[from] item: Leftovers
|-start|p1a: Gengar|perish2
|-start|p2b: Dragonite|perish2
|-start|p2a: Empoleon|perish2
|-start|p1b: Snorlax|perish2
|upkeep
|turn|5
|inactive|chuthvgc has 30 seconds left.
|
|t:|1784911896
|move|p1a: Gengar|Disable|p2a: Empoleon
|-start|p2a: Empoleon|Disable|Flash Cannon
|move|p2b: Dragonite|Ice Spinner|p1a: Gengar
|-damage|p1a: Gengar|67/100
|cant|p2a: Empoleon|Disable|Flash Cannon
|move|p1b: Snorlax|Yawn|p2b: Dragonite
|-start|p2b: Dragonite|move: Yawn|[of] p1b: Snorlax
|
|-heal|p1b: Snorlax|79/100|[from] item: Leftovers
|-end|p2b: Dragonite|Disable
|-start|p1a: Gengar|perish1
|-start|p2b: Dragonite|perish1
|-start|p2a: Empoleon|perish1
|-start|p1b: Snorlax|perish1
|upkeep
|turn|6
|inactive|redjaguar has 30 seconds left.
|inactive|redjaguar has 20 seconds left.
|
|t:|1784911935
|switch|p1a: Sneasler|Sneasler, L50, M|100/100
|switch|p1b: Ninetales|Ninetales-Alola, L50, F|100/100
|-weather|Snowscape|[from] ability: Snow Warning|[of] p1b: Ninetales
|move|p2b: Dragonite|Stomping Tantrum|p1a: Sneasler
|-supereffective|p1a: Sneasler|1
|-damage|p1a: Sneasler|0 fnt
|faint|p1a: Sneasler
|-activate|p2a: Empoleon|move: Struggle
|move|p2a: Empoleon|Struggle|p1b: Ninetales
|-damage|p1b: Ninetales|90/100
|-damage|p2a: Empoleon|74/100|[from] recoil
|
|-weather|Snowscape|[upkeep]
|-heal|p2a: Empoleon|80/100|[from] item: Leftovers
|-end|p2b: Dragonite|move: Yawn|[silent]
|-status|p2b: Dragonite|slp
|-start|p2b: Dragonite|perish0
|-start|p2a: Empoleon|perish0
|upkeep
|faint|p2b: Dragonite
|faint|p2a: Empoleon
|
|t:|1784911959
|switch|p1a: Snorlax|Snorlax, L50, M|79/100
|switch|p2a: Gardevoir|Gardevoir, L50, M|100/100
|-ability|p2a: Gardevoir|Thick Fat|Trace|[from] ability: Trace|[of] p1a: Snorlax
|turn|7
|
|t:|1784911982
|detailschange|p2a: Gardevoir|Gardevoir-Mega, L50, M
|-mega|p2a: Gardevoir|Gardevoir|Gardevoirite
|move|p1b: Ninetales|Blizzard|p2a: Gardevoir
|-damage|p2a: Gardevoir|60/100
|move|p2a: Gardevoir|Hyper Voice|p1a: Snorlax|[spread] p1a,p1b
|-damage|p1a: Snorlax|49/100
|-damage|p1b: Ninetales|32/100
|move|p1a: Snorlax|Yawn|p2a: Gardevoir
|-start|p2a: Gardevoir|move: Yawn|[of] p1a: Snorlax
|
|-weather|Snowscape|[upkeep]
|-heal|p1a: Snorlax|55/100|[from] item: Leftovers
|upkeep
|turn|8
|
|t:|1784911997
|move|p1b: Ninetales|Protect|p1b: Ninetales
|-singleturn|p1b: Ninetales|Protect
|move|p1a: Snorlax|Protect|p1a: Snorlax
|-singleturn|p1a: Snorlax|Protect
|move|p2a: Gardevoir|Hyper Voice|p1a: Snorlax|[spread] 
|-activate|p1a: Snorlax|move: Protect
|-activate|p1b: Ninetales|move: Protect
|
|-weather|Snowscape|[upkeep]
|-heal|p1a: Snorlax|61/100|[from] item: Leftovers
|-end|p2a: Gardevoir|move: Yawn|[silent]
|-status|p2a: Gardevoir|slp
|upkeep
|turn|9
|
|t:|1784912019
|switch|p1a: Gengar|Gengar-Mega, L50, M|67/100
|move|p1b: Ninetales|Blizzard|p2a: Gardevoir
|-damage|p2a: Gardevoir|22/100 slp
|cant|p2a: Gardevoir|slp
|
|-weather|Snowscape|[upkeep]
|upkeep
|turn|10
|inactive|redjaguar has 30 seconds left.
|
|t:|1784912047
|move|p1b: Ninetales|Blizzard|p2a: Gardevoir
|-damage|p2a: Gardevoir|0 fnt
|faint|p2a: Gardevoir
|
|win|chuthvgc
||redjaguar is ready for game 2.
||chuthvgc is ready for game 2.
|uhtml|next|Next: Game 2 of 3
