|j|☆DogGoesWoof123!
|j|☆fa15eh0pe
|html|DogGoesWoof123!fa15eh0pe    
|uhtml|bestof|Game 1 of a best-of-3
|t:|1785255538
|gametype|doubles
|player|p1|DogGoesWoof123!|170|1153
|player|p2|fa15eh0pe|169|1180
|gen|9
|tier|[Gen 9 Champions] VGC 2026 Reg M-B (Bo3)
|rated|
|rule|Species Clause: Limit one of each Pokémon
|rule|Item Clause: Limit 1 of each item
|clearpoke
|poke|p1|Charizard, L50, M|
|poke|p1|Pelipper, L50, F|
|poke|p1|Venusaur, L50, M|
|poke|p1|Archaludon, L50, F|
|poke|p1|Grimmsnarl, L50, M|
|poke|p1|Basculegion, L50, M|
|poke|p2|Raichu, L50, F|
|poke|p2|Gholdengo, L50|
|poke|p2|Whimsicott, L50, F|
|poke|p2|Garchomp, L50, F|
|poke|p2|Basculegion, L50, M|
|poke|p2|Sylveon, L50, M|
|teampreview|4
|showteam|p1|Charizard||CharizarditeY|Blaze|HeatWave,WeatherBall,SolarBeam,Protect|Modest||M|||50|]Pelipper||SitrusBerry|Drizzle|Hurricane,WeatherBall,WideGuard,Tailwind|Modest||F|||50|]Venusaur||FocusSash|Chlorophyll|SleepPowder,SludgeBomb,LeafStorm,Protect|Modest||M|||50|]Archaludon||Leftovers|Stamina|FlashCannon,DragonPulse,ElectroShot,Protect|Calm||F|||50|]Grimmsnarl||LightClay|Prankster|SpiritBreak,Reflect,LightScreen,PartingShot|Careful||M|||50|]Basculegion||ChoiceScarf|Adaptability|WaveCrash,LastRespects,FlipTurn,AquaJet|Jolly||M|||50|
|showteam|p2|Raichu||RaichuniteY|LightningRod|ZapCannon,FakeOut,FocusBlast,Protect|Modest||F|||50|]Gholdengo||LifeOrb|GoodasGold|MakeItRain,NastyPlot,ShadowBall,Protect|Modest|||||50|]Whimsicott||FocusSash|Prankster|Tailwind,Moonblast,Encore,Protect|Modest||F|||50|]Garchomp||SitrusBerry|RoughSkin|RockSlide,StompingTantrum,DragonClaw,Protect|Adamant||F|||50|]Basculegion||ChoiceScarf|Adaptability|FlipTurn,WaveCrash,LastRespects,AquaJet|Adamant||M|||50|]Sylveon||FairyFeather|Pixilate|HyperVoice,HyperBeam,QuickAttack,Protect|Modest||M|||50|
|inactive|Battle timer is ON: inactive players will automatically lose when time's up. (requested by fa15eh0pe)
|inactive|DogGoesWoof123! has 60 seconds left.
|inactive|fa15eh0pe has 60 seconds left.
|
|t:|1785255610
|teamsize|p1|4
|teamsize|p2|4
|start
|switch|p1a: Grimmsnarl|Grimmsnarl, L50, M|100/100
|switch|p1b: Pelipper|Pelipper, L50, F|100/100
|switch|p2a: Raichu|Raichu, L50, F|100/100
|switch|p2b: Whimsicott|Whimsicott, L50, F|100/100
|-weather|RainDance|[from] ability: Drizzle|[of] p1b: Pelipper
|turn|1
|
|t:|1785255636
|switch|p1b: Archaludon|Archaludon, L50, F|100/100
|detailschange|p2a: Raichu|Raichu-Mega-Y, L50, F
|-mega|p2a: Raichu|Raichu|Raichunite Y
|move|p2b: Whimsicott|Tailwind|p2b: Whimsicott
|-sidestart|p2: fa15eh0pe|move: Tailwind
|move|p1a: Grimmsnarl|Light Screen|p1a: Grimmsnarl
|-sidestart|p1: DogGoesWoof123!|move: Light Screen
|move|p2a: Raichu|Zap Cannon|p1b: Archaludon
|-resisted|p1b: Archaludon|1
|-damage|p1b: Archaludon|76/100
|-status|p1b: Archaludon|par
|-ability|p1b: Archaludon|Stamina|boost
|-boost|p1b: Archaludon|def|1
|
|-weather|RainDance|[upkeep]
|-heal|p1b: Archaludon|82/100 par|[from] item: Leftovers
|upkeep
|turn|2
|
|t:|1785255661
|move|p2a: Raichu|Focus Blast|p1b: Archaludon
|-supereffective|p1b: Archaludon|1
|-damage|p1b: Archaludon|17/100 par
|-ability|p1b: Archaludon|Stamina|boost
|-boost|p1b: Archaludon|def|1
|move|p2b: Whimsicott|Moonblast|p1a: Grimmsnarl
|-supereffective|p1a: Grimmsnarl|1
|-damage|p1a: Grimmsnarl|59/100
|move|p1a: Grimmsnarl|Spirit Break|p2a: Raichu
|-damage|p2a: Raichu|39/100
|-unboost|p2a: Raichu|spa|1
|move|p1b: Archaludon|Electro Shot||[still]
|-prepare|p1b: Archaludon|Electro Shot
|-boost|p1b: Archaludon|spa|1
|-anim|p1b: Archaludon|Electro Shot|p2b: Whimsicott
|-resisted|p2b: Whimsicott|1
|-damage|p2b: Whimsicott|54/100
|
|-weather|RainDance|[upkeep]
|-heal|p1b: Archaludon|23/100 par|[from] item: Leftovers
|upkeep
|turn|3
|inactive|DogGoesWoof123! has 30 seconds left.
|inactive|fa15eh0pe has 30 seconds left.
|inactive|DogGoesWoof123! has 20 seconds left.
|inactive|fa15eh0pe has 20 seconds left.
|
|t:|1785255701
|switch|p1b: Basculegion|Basculegion, L50, M|100/100
|move|p2a: Raichu|Focus Blast|p1b: Basculegion
|-immune|p1b: Basculegion
|move|p2b: Whimsicott|Moonblast|p1a: Grimmsnarl
|-supereffective|p1a: Grimmsnarl|1
|-damage|p1a: Grimmsnarl|12/100
|move|p1a: Grimmsnarl|Spirit Break|p2b: Whimsicott
|-damage|p2b: Whimsicott|7/100
|-unboost|p2b: Whimsicott|spa|1
|
|-weather|RainDance|[upkeep]
|upkeep
|turn|4
|inactive|DogGoesWoof123! has 30 seconds left.
|
|t:|1785255728
|move|p1b: Basculegion|Aqua Jet|p2a: Raichu
|-damage|p2a: Raichu|0 fnt
|faint|p2a: Raichu
|move|p1a: Grimmsnarl|Parting Shot|p2b: Whimsicott
|-unboost|p2b: Whimsicott|atk|1
|-unboost|p2b: Whimsicott|spa|1
|
|t:|1785255738
|switch|p1a: Pelipper|Pelipper, L50, F|100/100|[from] Parting Shot
|move|p2b: Whimsicott|Moonblast|p1a: Pelipper
|-damage|p1a: Pelipper|82/100
|
|-weather|RainDance|[upkeep]
|-sideend|p2: fa15eh0pe|move: Tailwind
|upkeep
|
|t:|1785255747
|switch|p2a: Sylveon|Sylveon, L50, M|100/100
|turn|5
|
|t:|1785255766
|move|p1b: Basculegion|Aqua Jet|p2b: Whimsicott
|-resisted|p2b: Whimsicott|1
|-crit|p2b: Whimsicott
|-damage|p2b: Whimsicott|0 fnt
|faint|p2b: Whimsicott
|move|p1a: Pelipper|Weather Ball|p2a: Sylveon
|-crit|p2a: Sylveon
|-damage|p2a: Sylveon|36/100
|move|p2a: Sylveon|Hyper Voice|p1a: Pelipper|[spread] p1a,p1b
|-damage|p1a: Pelipper|49/100
|-damage|p1b: Basculegion|67/100
|-enditem|p1a: Pelipper|Sitrus Berry|[eat]
|-heal|p1a: Pelipper|73/100|[from] item: Sitrus Berry
|
|-weather|none
|upkeep
|
|t:|1785255769
|switch|p2b: Garchomp|Garchomp, L50, F|100/100
|turn|6
|inactive|DogGoesWoof123! has 30 seconds left.
|
|t:|1785255795
|switch|p1b: Grimmsnarl|Grimmsnarl, L50, M|12/100
|move|p1a: Pelipper|Wide Guard|p1a: Pelipper
|-singleturn|p1a: Pelipper|Wide Guard
|move|p2b: Garchomp|Rock Slide|p1b: Grimmsnarl|[spread] 
|-activate|p1a: Pelipper|move: Wide Guard
|-activate|p1b: Grimmsnarl|move: Wide Guard
|move|p2a: Sylveon|Hyper Voice|p1b: Grimmsnarl|[spread] 
|-activate|p1a: Pelipper|move: Wide Guard
|-activate|p1b: Grimmsnarl|move: Wide Guard
|
|upkeep
|turn|7
|
|t:|1785255816
|switch|p1a: Archaludon|Archaludon, L50, F|23/100 par
|move|p2a: Sylveon|Quick Attack|p1b: Grimmsnarl
|-supereffective|p1b: Grimmsnarl|1
|-damage|p1b: Grimmsnarl|0 fnt
|faint|p1b: Grimmsnarl
|move|p2b: Garchomp|Dragon Claw|p1a: Archaludon
|-damage|p1a: Archaludon|0 fnt
|faint|p1a: Archaludon
|
|upkeep
|
|t:|1785255827
|switch|p1a: Pelipper|Pelipper, L50, F|73/100
|switch|p1b: Basculegion|Basculegion, L50, M|67/100
|-weather|RainDance|[from] ability: Drizzle|[of] p1a: Pelipper
|turn|8
|
|t:|1785255858
|move|p1b: Basculegion|Wave Crash|p2b: Garchomp
|-damage|p2b: Garchomp|1/100
|-damage|p1b: Basculegion|55/100|[from] ability: Rough Skin|[of] p2b: Garchomp
|-enditem|p2b: Garchomp|Sitrus Berry|[eat]
|-heal|p2b: Garchomp|25/100|[from] item: Sitrus Berry
|-damage|p1b: Basculegion|21/100|[from] Recoil
|move|p2b: Garchomp|Rock Slide|p1a: Pelipper|[spread] p1a,p1b
|-supereffective|p1a: Pelipper|1
|-damage|p1a: Pelipper|30/100
|-damage|p1b: Basculegion|0 fnt
|faint|p1b: Basculegion
|cant|p1a: Pelipper|flinch
|move|p2a: Sylveon|Hyper Beam|p1a: Pelipper|[miss]
|-miss|p2a: Sylveon|p1a: Pelipper
|
|-weather|RainDance|[upkeep]
|-sideend|p1: DogGoesWoof123!|move: Light Screen
|upkeep
|turn|9
|
|t:|1785255877
|move|p2a: Sylveon|Quick Attack|p1a: Pelipper
|-damage|p1a: Pelipper|17/100
|move|p2b: Garchomp|Dragon Claw|p1a: Pelipper
|-damage|p1a: Pelipper|0 fnt
|faint|p1a: Pelipper
|
|win|fa15eh0pe
