|j|☆MetaknightXIII
|j|☆delphigni
|html|MetaknightXIIIdelphigni    
|uhtml|bestof|Game 3 of a best-of-3
|t:|1756241477
|gametype|doubles
|player|p1|MetaknightXIII|veteran|1115
|player|p2|delphigni|dawn|1102
|gen|9
|tier|[Gen 9] VGC 2025 Reg H (Bo3)
|rated|
|rule|Species Clause: Limit one of each Pokémon
|rule|Item Clause: Limit 1 of each item
|clearpoke
|poke|p1|Kingdra, L50, M|
|poke|p1|Politoed, L50, M|
|poke|p1|Gothitelle, L50, M|
|poke|p1|Incineroar, L50, F|
|poke|p1|Amoonguss, L50, F|
|poke|p1|Archaludon, L50, F|
|poke|p2|Kommo-o, L50, M|
|poke|p2|Primarina, L50, F|
|poke|p2|Rillaboom, L50, F|
|poke|p2|Electabuzz, L50, M|
|poke|p2|Tyranitar, L50, F|
|poke|p2|Excadrill, L50, M|
|teampreview|4
|showteam|p1|Kingdra||LifeOrb|SwiftSwim|WeatherBall,MuddyWater,DracoMeteor,Protect|||M|||50|,,,,,Stellar]Politoed||Leftovers|Drizzle|WeatherBall,PerishSong,Encore,Protect|||M|||50|,,,,,Grass]Gothitelle||SitrusBerry|ShadowTag|FakeOut,Psychic,TrickRoom,Protect|||M|||50|,,,,,Dark]Incineroar||SafetyGoggles|Intimidate|FakeOut,KnockOff,PartingShot,Protect|||F|||50|,,,,,Ghost]Amoonguss||EjectButton|Regenerator|Spore,RagePowder,PollenPuff,Protect|||F|||50|,,,,,Fairy]Archaludon||PowerHerb|Sturdy|ElectroShot,FlashCannon,DragonPulse,Protect|||F|||50|,,,,,Electric
|showteam|p2|Kommo-o||ThroatSpray|Overcoat|ClangingScales,Flamethrower,ClangorousSoul,Protect|||M|||50|,,,,,Fire]Primarina||LifeOrb|LiquidVoice|HyperVoice,Moonblast,Haze,Protect|||F|||50|,,,,,Poison]Rillaboom||MeadowPlate|GrassySurge|WoodHammer,GrassyGlide,FakeOut,Protect|||F|||50|,,,,,Water]Electabuzz||Eviolite|VitalSpirit|FollowMe,Electroweb,HelpingHand,Protect|||M|||50|,,,,,Fairy]Tyranitar||AssaultVest|SandStream|TeraBlast,RockSlide,KnockOff,LowKick|||F|||50|,,,,,Flying]Excadrill||ClearAmulet|SandRush|RockSlide,IronHead,HighHorsepower,Protect|||M|||50|,,,,,Stellar
|inactive|Battle timer is ON: inactive players will automatically lose when time's up. (requested by delphigni)
|
|t:|1756241505
|teamsize|p1|4
|teamsize|p2|4
|start
|switch|p1a: Gothitelle|Gothitelle, L50, M|100/100
|switch|p1b: Politoed|Politoed, L50, M|100/100
|switch|p2a: Great S. Shark|Tyranitar, L50, F, shiny|100/100
|switch|p2b: Primlance|Primarina, L50, F, shiny|100/100
|-weather|RainDance|[from] ability: Drizzle|[of] p1b: Politoed
|-weather|Sandstorm|[from] ability: Sand Stream|[of] p2a: Great S. Shark
|turn|1
|
|t:|1756241517
|move|p1a: Gothitelle|Fake Out|p2a: Great S. Shark
|-resisted|p2a: Great S. Shark
|-damage|p2a: Great S. Shark|98/100
|move|p1b: Politoed|Perish Song|p1b: Politoed
|-start|p1a: Gothitelle|perish3|[silent]
|-start|p1b: Politoed|perish3|[silent]
|-start|p2a: Great S. Shark|perish3|[silent]
|-start|p2b: Primlance|perish3|[silent]
|-fieldactivate|move: Perish Song
|move|p2b: Primlance|Moonblast|p1a: Gothitelle
|-damage|p1a: Gothitelle|54/100
|-damage|p2b: Primlance|91/100|[from] item: Life Orb
|cant|p2a: Great S. Shark|flinch
|
|-weather|Sandstorm|[upkeep]
|-damage|p2b: Primlance|85/100|[from] Sandstorm
|-damage|p1b: Politoed|94/100|[from] Sandstorm
|-damage|p1a: Gothitelle|47/100|[from] Sandstorm
|-enditem|p1a: Gothitelle|Sitrus Berry|[eat]
|-heal|p1a: Gothitelle|72/100|[from] item: Sitrus Berry
|-heal|p1b: Politoed|100/100|[from] item: Leftovers
|-start|p1b: Politoed|perish3
|-start|p2b: Primlance|perish3
|-start|p2a: Great S. Shark|perish3
|-start|p1a: Gothitelle|perish3
|upkeep
|turn|2
|
|t:|1756241539
|switch|p1a: Amoonguss|Amoonguss, L50, F|100/100
|move|p1b: Politoed|Encore|p2b: Primlance
|-start|p2b: Primlance|Encore
|move|p2b: Primlance|Moonblast|p1b: Politoed
|-damage|p1b: Politoed|53/100
|-unboost|p1b: Politoed|spa|1
|-damage|p2b: Primlance|76/100|[from] item: Life Orb
|move|p2a: Great S. Shark|Knock Off|p1b: Politoed
|-damage|p1b: Politoed|0 fnt
|-enditem|p1b: Politoed|Leftovers|[from] move: Knock Off|[of] p2a: Great S. Shark
|faint|p1b: Politoed
|
|-weather|Sandstorm|[upkeep]
|-damage|p2b: Primlance|70/100|[from] Sandstorm
|-damage|p1a: Amoonguss|95/100|[from] Sandstorm
|-start|p2b: Primlance|perish2
|-start|p2a: Great S. Shark|perish2
|upkeep
|
|t:|1756241551
|switch|p1b: Gothitelle|Gothitelle, L50, M|72/100
|turn|3
|
|t:|1756241569
|move|p1a: Amoonguss|Protect|p1a: Amoonguss
|-singleturn|p1a: Amoonguss|Protect
|move|p1b: Gothitelle|Fake Out|p2a: Great S. Shark
|-resisted|p2a: Great S. Shark
|-damage|p2a: Great S. Shark|96/100
|move|p2b: Primlance|Moonblast|p1a: Amoonguss
|-activate|p1a: Amoonguss|move: Protect
|cant|p2a: Great S. Shark|flinch
|
|-weather|Sandstorm|[upkeep]
|-damage|p2b: Primlance|64/100|[from] Sandstorm
|-damage|p1b: Gothitelle|66/100|[from] Sandstorm
|-damage|p1a: Amoonguss|89/100|[from] Sandstorm
|-start|p2b: Primlance|perish1
|-start|p2a: Great S. Shark|perish1
|upkeep
|turn|4
|
|t:|1756241590
|-terastallize|p2a: Great S. Shark|Flying
|move|p1b: Gothitelle|Protect|p1b: Gothitelle
|-singleturn|p1b: Gothitelle|Protect
|move|p1a: Amoonguss|Rage Powder|p1a: Amoonguss
|-singleturn|p1a: Amoonguss|move: Rage Powder
|move|p2b: Primlance|Moonblast|p1a: Amoonguss
|-resisted|p1a: Amoonguss
|-damage|p1a: Amoonguss|64/100
|-unboost|p1a: Amoonguss|spa|1
|-enditem|p1a: Amoonguss|Eject Button
|-damage|p2b: Primlance|54/100|[from] item: Life Orb
|
|t:|1756241599
|switch|p1a: Kingdra|Kingdra, L50, M|100/100
|move|p2a: Great S. Shark|Tera Blast|p1a: Kingdra|[anim] Tera Blast Flying
|-damage|p1a: Kingdra|44/100
|
|-weather|Sandstorm|[upkeep]
|-damage|p1a: Kingdra|38/100|[from] Sandstorm
|-damage|p2b: Primlance|48/100|[from] Sandstorm
|-damage|p2a: Great S. Shark|90/100|[from] Sandstorm
|-damage|p1b: Gothitelle|60/100|[from] Sandstorm
|-end|p2b: Primlance|Encore
|-start|p2b: Primlance|perish0
|-start|p2a: Great S. Shark|perish0
|faint|p2b: Primlance
|faint|p2a: Great S. Shark
|upkeep
|
|t:|1756241602
|switch|p2b: Perferator|Excadrill, L50, M, shiny|100/100
|switch|p2a: Rilleboom|Rillaboom, L50, F, shiny|100/100
|-fieldstart|move: Grassy Terrain|[from] ability: Grassy Surge|[of] p2a: Rilleboom
|turn|5
|
|t:|1756241622
|switch|p1b: Amoonguss|Amoonguss, L50, F|97/100
|move|p1a: Kingdra|Protect|p1a: Kingdra
|-singleturn|p1a: Kingdra|Protect
|move|p2b: Perferator|High Horsepower|p1a: Kingdra
|-activate|p1a: Kingdra|move: Protect
|move|p2a: Rilleboom|Wood Hammer|p1b: Amoonguss
|-resisted|p1b: Amoonguss
|-damage|p1b: Amoonguss|78/100
|-damage|p2a: Rilleboom|93/100|[from] Recoil
|
|-weather|none
|-heal|p1a: Kingdra|44/100|[from] Grassy Terrain
|-heal|p2a: Rilleboom|99/100|[from] Grassy Terrain
|-heal|p1b: Amoonguss|84/100|[from] Grassy Terrain
|upkeep
|turn|6
|inactive|MetaknightXIII has 30 seconds left.
|inactive|MetaknightXIII has 20 seconds left.
|inactive|MetaknightXIII has 15 seconds left.
|inactive|MetaknightXIII has 10 seconds left.
|inactive|MetaknightXIII has 5 seconds left.
|
|t:|1756241677
|move|p2b: Perferator|Protect|p2b: Perferator
|-singleturn|p2b: Perferator|Protect
|move|p1a: Kingdra|Weather Ball|p2b: Perferator
|-activate|p2b: Perferator|move: Protect
|move|p2a: Rilleboom|Wood Hammer|p1a: Kingdra
|-damage|p1a: Kingdra|0 fnt
|faint|p1a: Kingdra
|-damage|p2a: Rilleboom|88/100|[from] Recoil
|move|p1b: Amoonguss|Spore|p2a: Rilleboom
|-immune|p2a: Rilleboom
|
|-heal|p2a: Rilleboom|94/100|[from] Grassy Terrain
|-heal|p1b: Amoonguss|90/100|[from] Grassy Terrain
|upkeep
|
|t:|1756241685
|switch|p1a: Gothitelle|Gothitelle, L50, M|60/100
|turn|7
|
|t:|1756241699
|move|p2b: Perferator|Rock Slide|p1b: Amoonguss|[spread] p1a,p1b
|-damage|p1a: Gothitelle|42/100
|-damage|p1b: Amoonguss|73/100
|move|p2a: Rilleboom|Wood Hammer|p1a: Gothitelle
|-damage|p1a: Gothitelle|0 fnt
|faint|p1a: Gothitelle
|-damage|p2a: Rilleboom|82/100|[from] Recoil
|cant|p1b: Amoonguss|flinch
|
|-heal|p2a: Rilleboom|88/100|[from] Grassy Terrain
|-heal|p1b: Amoonguss|79/100|[from] Grassy Terrain
|upkeep
|turn|8
|-message|MetaknightXIII forfeited.
|
|win|delphigni
|raw|MetaknightXIII's rating: 1115 → 1089(-26 for losing)
|raw|delphigni's rating: 1102 → 1128(+26 for winning)
|l|☆MetaknightXIII
|player|p1|
|l|☆delphigni
|player|p2|
|j|☆delphigni
|player|p2|delphigni|dawn|
