|j|☆Nussloni
|j|☆DragonBlood7707
|html|NussloniDragonBlood7707    
|uhtml|bestof|Game 2 of a best-of-3
|t:|1756539119
|gametype|doubles
|player|p1|Nussloni|169|1148
|player|p2|DragonBlood7707|roxie|1120
|gen|9
|tier|[Gen 9] VGC 2025 Reg H (Bo3)
|rated|
|rule|Species Clause: Limit one of each Pokémon
|rule|Item Clause: Limit 1 of each item
|clearpoke
|poke|p1|Sneasler, L50, M|
|poke|p1|Indeedee, L50, M|
|poke|p1|Ursaluna-Bloodmoon, L50, M|
|poke|p1|Gholdengo, L50|
|poke|p1|Incineroar, L50, M|
|poke|p1|Dragonite, L50, F|
|poke|p2|Garganacl, L50, F|
|poke|p2|Baxcalibur, L50, F|
|poke|p2|Ninetales-Alola, L50, F|
|poke|p2|Tauros-Paldea-Aqua, L50, M|
|poke|p2|Meowscarada, L50, F|
|poke|p2|Gholdengo, L50|
|teampreview|4
|showteam|p1|Sneasler||PsychicSeed|Unburden|DireClaw,CloseCombat,LashOut,Protect|||M|||50|,,,,,Dark]Indeedee||FocusSash|PsychicSurge|ExpandingForce,TrickRoom,Encore,Protect|||M|||50|,,,,,Psychic]Ursaluna-Bloodmoon||LifeOrb|MindsEye|BloodMoon,EarthPower,HyperVoice,Protect|||M|||50|,,,,,Normal]Gholdengo||MetalCoat|GoodasGold|NastyPlot,MakeItRain,ShadowBall,Protect||||||50|,,,,,Fairy]Incineroar||SafetyGoggles|Intimidate|FlareBlitz,KnockOff,PartingShot,FakeOut|||M|||50|,,,,,Ghost]Dragonite||CovertCloak|Multiscale|Tailwind,Encore,ScaleShot,Protect|||F|||50|,,,,,Fairy
|showteam|p2|Garganacl||Leftovers|PurifyingSalt|SaltCure,Recover,WideGuard,Protect|||F|||50|,,,,,Poison]Baxcalibur||LoadedDice|ThermalExchange|IceShard,GlaiveRush,IcicleSpear,Protect|||F|||50|,,,,,Water]Ninetales-Alola||LightClay|SnowWarning|Blizzard,Moonblast,Encore,AuroraVeil|||F|||50|,,,,,Fire]Tauros-Paldea-Aqua||SafetyGoggles|Intimidate|AquaJet,CloseCombat,WaveCrash,Protect|||M|||50|,,,,,Water]Meowscarada||FocusSash|Overgrow|SuckerPunch,FlowerTrick,KnockOff,Protect|||F|||50|,,,,,Grass]Gholdengo||ChoiceSpecs|GoodasGold|MakeItRain,FocusBlast,ShadowBall,PowerGem||||||50|,,,,,Steel
|inactive|Battle timer is ON: inactive players will automatically lose when time's up. (requested by DragonBlood7707)
|inactive|DragonBlood7707 has 60 seconds left.
|inactive|Nussloni has 60 seconds left.
|
|t:|1756539178
|teamsize|p1|4
|teamsize|p2|4
|start
|switch|p1a: Incineroar|Incineroar, L50, M|100/100
|switch|p1b: Gholdengo|Gholdengo, L50|100/100
|switch|p2a: Garganacl|Garganacl, L50, F, shiny|100/100
|switch|p2b: Meowscarada|Meowscarada, L50, F, shiny|100/100
|-ability|p1a: Incineroar|Intimidate|boost
|-unboost|p2a: Garganacl|atk|1
|-unboost|p2b: Meowscarada|atk|1
|turn|1
|inactive|Nussloni has 30 seconds left.
|inactive|Nussloni has 20 seconds left.
|inactive|Nussloni has 15 seconds left.
|inactive|Nussloni has 10 seconds left.
|
|t:|1756539228
|-terastallize|p1b: Gholdengo|Fairy
|move|p1a: Incineroar|Fake Out|p2b: Meowscarada
|-damage|p2b: Meowscarada|83/100
|cant|p2b: Meowscarada|flinch
|move|p1b: Gholdengo|Nasty Plot|p1b: Gholdengo
|-boost|p1b: Gholdengo|spa|2
|move|p2a: Garganacl|Salt Cure|p1b: Gholdengo
|-damage|p1b: Gholdengo|90/100
|-start|p1b: Gholdengo|Salt Cure
|
|-damage|p1b: Gholdengo|78/100|[from] Salt Cure
|upkeep
|turn|2
|inactive|DragonBlood7707 has 30 seconds left.
|
|t:|1756539260
|-terastallize|p2a: Garganacl|Poison
|move|p2a: Garganacl|Wide Guard|p2a: Garganacl
|-singleturn|p2a: Garganacl|Wide Guard
|move|p2b: Meowscarada|Flower Trick|p1b: Gholdengo
|-crit|p1b: Gholdengo
|-damage|p1b: Gholdengo|22/100
|move|p1b: Gholdengo|Make It Rain|p2b: Meowscarada|[spread] 
|-activate|p2a: Garganacl|move: Wide Guard
|-activate|p2b: Meowscarada|move: Wide Guard
|move|p1a: Incineroar|Flare Blitz|p2b: Meowscarada
|-supereffective|p2b: Meowscarada
|-damage|p2b: Meowscarada|0 fnt
|faint|p2b: Meowscarada
|-damage|p1a: Incineroar|79/100|[from] Recoil
|
|-damage|p1b: Gholdengo|9/100|[from] Salt Cure
|upkeep
|
|t:|1756539277
|switch|p2b: Baxcalibur|Baxcalibur, L50, F, shiny|100/100
|turn|3
|inactive|Nussloni has 30 seconds left.
|inactive|Nussloni has 20 seconds left.
|
|t:|1756539316
|switch|p1a: Indeedee|Indeedee, L50, M|100/100
|-fieldstart|move: Psychic Terrain|[from] ability: Psychic Surge|[of] p1a: Indeedee
|move|p2b: Baxcalibur|Ice Shard|p1b: Gholdengo
|-activate|p1b: Gholdengo|move: Psychic Terrain
|move|p1b: Gholdengo|Shadow Ball|p2b: Baxcalibur
|-damage|p2b: Baxcalibur|31/100
|-unboost|p2b: Baxcalibur|spd|1
|move|p2a: Garganacl|Salt Cure|p1a: Indeedee
|-damage|p1a: Indeedee|82/100
|-start|p1a: Indeedee|Salt Cure
|
|-damage|p1a: Indeedee|70/100|[from] Salt Cure
|-damage|p1b: Gholdengo|0 fnt|[from] Salt Cure
|faint|p1b: Gholdengo
|upkeep
|inactive|Nussloni has 30 seconds left.
|
|t:|1756539346
|switch|p1b: Ursaluna|Ursaluna-Bloodmoon, L50, M|100/100
|turn|4
|
|t:|1756539359
|move|p2b: Baxcalibur|Protect|p2b: Baxcalibur
|-singleturn|p2b: Baxcalibur|Protect
|move|p1a: Indeedee|Encore|p2b: Baxcalibur
|-activate|p2b: Baxcalibur|move: Protect
|move|p1b: Ursaluna|Earth Power|p2a: Garganacl
|-supereffective|p2a: Garganacl
|-damage|p2a: Garganacl|10/100
|-damage|p1b: Ursaluna|91/100|[from] item: Life Orb
|move|p2a: Garganacl|Salt Cure|p1b: Ursaluna
|-resisted|p1b: Ursaluna
|-damage|p1b: Ursaluna|87/100
|-start|p1b: Ursaluna|Salt Cure
|
|-heal|p2a: Garganacl|16/100|[from] item: Leftovers
|-damage|p1a: Indeedee|57/100|[from] Salt Cure
|-damage|p1b: Ursaluna|74/100|[from] Salt Cure
|upkeep
|turn|5
|inactive|Nussloni has 30 seconds left.
|inactive|DragonBlood7707 has 30 seconds left.
|
|t:|1756539393
|move|p2a: Garganacl|Wide Guard|p2a: Garganacl
|-singleturn|p2a: Garganacl|Wide Guard
|move|p1a: Indeedee|Encore|p2b: Baxcalibur
|-start|p2b: Baxcalibur|Encore
|move|p2b: Baxcalibur|Protect||[still]
|-fail|p2b: Baxcalibur
|move|p1b: Ursaluna|Hyper Voice|p2a: Garganacl|[spread] 
|-activate|p2a: Garganacl|move: Wide Guard
|-activate|p2b: Baxcalibur|move: Wide Guard
|
|-heal|p2a: Garganacl|22/100|[from] item: Leftovers
|-damage|p1a: Indeedee|45/100|[from] Salt Cure
|-damage|p1b: Ursaluna|62/100|[from] Salt Cure
|upkeep
|turn|6
|inactive|Nussloni has 30 seconds left.
|
|t:|1756539428
|switch|p2a: Gholdengo|Gholdengo, L50|100/100
|move|p2b: Baxcalibur|Protect|p2b: Baxcalibur
|-singleturn|p2b: Baxcalibur|Protect
|move|p1b: Ursaluna|Hyper Voice|p2b: Baxcalibur|[spread] p2a
|-activate|p2b: Baxcalibur|move: Protect
|-resisted|p2a: Gholdengo
|-damage|p2a: Gholdengo|78/100
|-damage|p1b: Ursaluna|52/100|[from] item: Life Orb
|move|p1a: Indeedee|Trick Room|p1a: Indeedee
|-fieldstart|move: Trick Room|[of] p1a: Indeedee
|
|-damage|p1b: Ursaluna|40/100|[from] Salt Cure
|-damage|p1a: Indeedee|32/100|[from] Salt Cure
|upkeep
|turn|7
|inactive|Nussloni has 30 seconds left.
|inactive|DragonBlood7707 has 30 seconds left.
|inactive|Nussloni has 20 seconds left.
|inactive|Nussloni has 15 seconds left.
|
|t:|1756539468
|switch|p2b: Garganacl|Garganacl, L50, F, shiny, tera:Poison|22/100
|switch|p1a: Incineroar|Incineroar, L50, M|79/100
|-ability|p1a: Incineroar|Intimidate|boost
|-unboost|p2a: Gholdengo|atk|1
|-unboost|p2b: Garganacl|atk|1
|move|p1b: Ursaluna|Earth Power|p2a: Gholdengo
|-supereffective|p2a: Gholdengo
|-damage|p2a: Gholdengo|0 fnt
|faint|p2a: Gholdengo
|-damage|p1b: Ursaluna|30/100|[from] item: Life Orb
|
|-heal|p2b: Garganacl|28/100|[from] item: Leftovers
|-damage|p1b: Ursaluna|18/100|[from] Salt Cure
|-fieldend|move: Psychic Terrain
|upkeep
|
|t:|1756539479
|switch|p2a: Baxcalibur|Baxcalibur, L50, F, shiny|31/100
|turn|8
|inactive|Nussloni has 30 seconds left.
|inactive|Nussloni has 20 seconds left.
|inactive|Nussloni has 15 seconds left.
|
|t:|1756539522
|switch|p1b: Indeedee|Indeedee, L50, M|32/100
|-fieldstart|move: Psychic Terrain|[from] ability: Psychic Surge|[of] p1b: Indeedee
|move|p2a: Baxcalibur|Ice Shard|p1b: Indeedee
|-activate|p1b: Indeedee|move: Psychic Terrain
|move|p2b: Garganacl|Recover|p2b: Garganacl
|-heal|p2b: Garganacl|78/100
|move|p1a: Incineroar|Flare Blitz|p2a: Baxcalibur
|-damage|p2a: Baxcalibur|0 fnt
|faint|p2a: Baxcalibur
|-damage|p1a: Incineroar|68/100|[from] Recoil
|
|-heal|p2b: Garganacl|84/100|[from] item: Leftovers
|upkeep
|turn|9
|inactive|Nussloni has 30 seconds left.
|
|t:|1756539548
|move|p1b: Indeedee|Protect|p1b: Indeedee
|-singleturn|p1b: Indeedee|Protect
|move|p2b: Garganacl|Salt Cure|p1b: Indeedee
|-activate|p1b: Indeedee|move: Protect
|move|p1a: Incineroar|Knock Off|p2b: Garganacl
|-damage|p2b: Garganacl|54/100
|-enditem|p2b: Garganacl|Leftovers|[from] move: Knock Off|[of] p1a: Incineroar
|
|upkeep
|turn|10
|
|t:|1756539568
|switch|p1b: Ursaluna|Ursaluna-Bloodmoon, L50, M|18/100
|move|p2b: Garganacl|Salt Cure|p1b: Ursaluna
|-resisted|p1b: Ursaluna
|-damage|p1b: Ursaluna|14/100
|-start|p1b: Ursaluna|Salt Cure
|move|p1a: Incineroar|Parting Shot|p2b: Garganacl
|-unboost|p2b: Garganacl|atk|1
|-unboost|p2b: Garganacl|spa|1
|
|t:|1756539576
|switch|p1a: Indeedee|Indeedee, L50, M|32/100|[from] Parting Shot
|
|-damage|p1b: Ursaluna|2/100|[from] Salt Cure
|-fieldend|move: Trick Room
|upkeep
|turn|11
|
|t:|1756539591
|switch|p1b: Incineroar|Incineroar, L50, M|68/100
|-ability|p1b: Incineroar|Intimidate|boost
|-unboost|p2b: Garganacl|atk|1
|move|p2b: Garganacl|Protect|p2b: Garganacl
|-singleturn|p2b: Garganacl|Protect
|move|p1a: Indeedee|Expanding Force|p2b: Garganacl
|-activate|p2b: Garganacl|move: Protect
|
|upkeep
|turn|12
|
|t:|1756539602
|move|p2b: Garganacl|Wide Guard|p2b: Garganacl
|-singleturn|p2b: Garganacl|Wide Guard
|move|p1a: Indeedee|Encore|p2b: Garganacl
|-start|p2b: Garganacl|Encore
|move|p1b: Incineroar|Knock Off|p2b: Garganacl
|-damage|p2b: Garganacl|35/100
|
|-fieldend|move: Psychic Terrain
|upkeep
|turn|13
|
|t:|1756539615
|move|p2b: Garganacl|Wide Guard|p2b: Garganacl
|-singleturn|p2b: Garganacl|Wide Guard
|move|p1a: Indeedee|Expanding Force|p2b: Garganacl
|-supereffective|p2b: Garganacl
|-damage|p2b: Garganacl|0 fnt
|faint|p2b: Garganacl
|
|win|Nussloni
|raw|Nussloni's rating: 1148 → 1171(+23 for winning)
|raw|DragonBlood7707's rating: 1120 → 1097(-23 for losing)
|l|☆DragonBlood7707
|player|p2|
