|j|☆WashYoButt
|j|☆ErikT007
|html|WashYoButtErikT007    
|uhtml|bestof|Game 1 of a best-of-3
|t:|1757704243
|gametype|doubles
|player|p1|WashYoButt|ariana|1132
|player|p2|ErikT007|lucas-gen4pt|1130
|gen|9
|tier|[Gen 9] VGC 2025 Reg H (Bo3)
|rated|
|rule|Species Clause: Limit one of each Pokémon
|rule|Item Clause: Limit 1 of each item
|clearpoke
|poke|p1|Gholdengo, L50|
|poke|p1|Basculegion, L50, M|
|poke|p1|Amoonguss, L50, F|
|poke|p1|Kommo-o, L50, F|
|poke|p1|Ninetales-Alola, L50, F|
|poke|p1|Incineroar, L50, M|
|poke|p2|Leafeon, L50, M|
|poke|p2|Floatzel, L50, M|
|poke|p2|Politoed, L50, M|
|poke|p2|Sneasler, L50, M|
|poke|p2|Archaludon, L50, M|
|poke|p2|Rillaboom, L50, F|
|teampreview|4
|showteam|p1|Gholdengo||LifeOrb|GoodasGold|Protect,NastyPlot,ShadowBall,MakeItRain||||||50|,,,,,Water]Basculegion||ChoiceScarf|Adaptability|WaveCrash,LastRespects,AquaJet,FlipTurn|||M|||50|,,,,,Grass]Amoonguss||RockyHelmet|Regenerator|Spore,PollenPuff,RagePowder,ClearSmog|||F|||50|,,,,,Water]Kommo-o||Leftovers|Overcoat|IronDefense,BodyPress,Flamethrower,Protect|||F|||50|,,,,,Fire]Ninetales-Alola||FocusSash|SnowWarning|Protect,Moonblast,Blizzard,FreezeDry|||F|||50|,,,,,Ghost]Incineroar||SafetyGoggles|Intimidate|KnockOff,FlareBlitz,FakeOut,PartingShot|||M|||50|,,,,,Ghost
|showteam|p2|Leafeon||CovertCloak|Chlorophyll|RainDance,KnockOff,Yawn,HelpingHand|||M|||50|,,,,,Dark]Floatzel||ChoiceBand|SwiftSwim|IceSpinner,WaveCrash,Crunch,AquaJet|||M|||50|,,,,,Ice]Politoed||SitrusBerry|Drizzle|Haze,EarthPower,IceBeam,WeatherBall|||M|||50|,,,,,Grass]Sneasler||GrassySeed|Unburden|Acrobatics,Protect,DireClaw,CloseCombat|||M|||50|,,,,,Ghost]Archaludon||PowerHerb|Stalwart|ElectroShot,DragonPulse,FlashCannon,Protect|||M|||50|,,,,,Electric]Rillaboom||AssaultVest|GrassySurge|FakeOut,GrassyGlide,WoodHammer,StompingTantrum|||F|||50|,,,,,Ghost
|inactive|Battle timer is ON: inactive players will automatically lose when time's up. (requested by ErikT007)
|
|t:|1757704270
|teamsize|p1|4
|teamsize|p2|4
|start
|switch|p1a: Incineroar|Incineroar, L50, M|100/100
|switch|p1b: Basculegion|Basculegion, L50, M|100/100
|switch|p2a: Politoed|Politoed, L50, M|100/100
|switch|p2b: Archaludon|Archaludon, L50, M|100/100
|-weather|RainDance|[from] ability: Drizzle|[of] p2a: Politoed
|-ability|p1a: Incineroar|Intimidate|boost
|-unboost|p2a: Politoed|atk|1
|-unboost|p2b: Archaludon|atk|1
|turn|1
|
|t:|1757704283
|move|p1b: Basculegion|Flip Turn|p2a: Politoed
|-resisted|p2a: Politoed
|-damage|p2a: Politoed|64/100
|
|t:|1757704286
|switch|p1b: Ninetales|Ninetales-Alola, L50, F|100/100|[from] Flip Turn
|-weather|Snowscape|[from] ability: Snow Warning|[of] p1b: Ninetales
|move|p2b: Archaludon|Electro Shot||[still]
|-prepare|p2b: Archaludon|Electro Shot
|-boost|p2b: Archaludon|spa|1
|-enditem|p2b: Archaludon|Power Herb
|-anim|p2b: Archaludon|Electro Shot|p1b: Ninetales
|-damage|p1b: Ninetales|25/100
|move|p2a: Politoed|Weather Ball|p1a: Incineroar
|-resisted|p1a: Incineroar
|-damage|p1a: Incineroar|92/100
|move|p1a: Incineroar|Knock Off|p2b: Archaludon
|-damage|p2b: Archaludon|79/100
|
|-weather|Snowscape|[upkeep]
|upkeep
|turn|2
|inactive|WashYoButt has 30 seconds left.
|
|t:|1757704311
|move|p1b: Ninetales|Freeze-Dry|p2a: Politoed
|-supereffective|p2a: Politoed
|-damage|p2a: Politoed|25/100
|-enditem|p2a: Politoed|Sitrus Berry|[eat]
|-heal|p2a: Politoed|50/100|[from] item: Sitrus Berry
|move|p2b: Archaludon|Dragon Pulse|p1a: Incineroar
|-damage|p1a: Incineroar|40/100
|move|p2a: Politoed|Earth Power|p1b: Ninetales
|-damage|p1b: Ninetales|2/100
|move|p1a: Incineroar|Parting Shot|p2b: Archaludon
|-unboost|p2b: Archaludon|atk|1
|-unboost|p2b: Archaludon|spa|1
|
|t:|1757704319
|switch|p1a: Gholdengo|Gholdengo, L50|100/100|[from] Parting Shot
|
|-weather|Snowscape|[upkeep]
|upkeep
|turn|3
|
|t:|1757704334
|switch|p1b: Incineroar|Incineroar, L50, M|40/100
|-ability|p1b: Incineroar|Intimidate|boost
|-unboost|p2a: Politoed|atk|1
|-unboost|p2b: Archaludon|atk|1
|move|p2b: Archaludon|Flash Cannon|p1b: Incineroar
|-resisted|p1b: Incineroar
|-damage|p1b: Incineroar|24/100
|move|p1a: Gholdengo|Make It Rain|p2b: Archaludon|[spread] p2a,p2b
|-resisted|p2a: Politoed
|-resisted|p2b: Archaludon
|-damage|p2a: Politoed|28/100
|-damage|p2b: Archaludon|32/100
|-unboost|p1a: Gholdengo|spa|1
|-damage|p1a: Gholdengo|91/100|[from] item: Life Orb
|move|p2a: Politoed|Earth Power|p1a: Gholdengo
|-supereffective|p1a: Gholdengo
|-crit|p1a: Gholdengo
|-damage|p1a: Gholdengo|26/100
|-unboost|p1a: Gholdengo|spd|1
|
|-weather|Snowscape|[upkeep]
|upkeep
|turn|4
|
|t:|1757704349
|move|p1b: Incineroar|Fake Out|p2b: Archaludon
|-resisted|p2b: Archaludon
|-damage|p2b: Archaludon|27/100
|cant|p2b: Archaludon|flinch
|move|p1a: Gholdengo|Make It Rain|p2a: Politoed|[spread] p2a,p2b
|-resisted|p2a: Politoed
|-resisted|p2b: Archaludon
|-damage|p2a: Politoed|11/100
|-damage|p2b: Archaludon|0 fnt
|-unboost|p1a: Gholdengo|spa|1
|faint|p2b: Archaludon
|-damage|p1a: Gholdengo|16/100|[from] item: Life Orb
|move|p2a: Politoed|Earth Power|p1a: Gholdengo
|-supereffective|p1a: Gholdengo
|-damage|p1a: Gholdengo|0 fnt
|faint|p1a: Gholdengo
|
|-weather|Snowscape|[upkeep]
|upkeep
|
|t:|1757704365
|switch|p2b: Leafeon|Leafeon, L50, M|100/100
|switch|p1a: Ninetales|Ninetales-Alola, L50, F|2/100
|turn|5
|
|t:|1757704377
|-terastallize|p2b: Leafeon|Dark
|move|p1a: Ninetales|Blizzard|p2a: Politoed|[spread] p2a,p2b
|-resisted|p2a: Politoed
|-crit|p2b: Leafeon
|-damage|p2a: Politoed|1/100
|-damage|p2b: Leafeon|46/100
|move|p2b: Leafeon|Knock Off|p1a: Ninetales
|-resisted|p1a: Ninetales
|-damage|p1a: Ninetales|0 fnt
|-enditem|p1a: Ninetales|Focus Sash|[from] move: Knock Off|[of] p2b: Leafeon
|faint|p1a: Ninetales
|move|p2a: Politoed|Earth Power|p1b: Incineroar
|-supereffective|p1b: Incineroar
|-damage|p1b: Incineroar|0 fnt
|faint|p1b: Incineroar
|
|-weather|none
|upkeep
|
|t:|1757704385
|switch|p1a: Basculegion|Basculegion, L50, M|100/100
|turn|6
|
|t:|1757704394
|move|p1a: Basculegion|Last Respects|p2b: Leafeon
|-resisted|p2b: Leafeon
|-damage|p2b: Leafeon|0 fnt
|faint|p2b: Leafeon
|move|p2a: Politoed|Earth Power|p1a: Basculegion
|-damage|p1a: Basculegion|79/100
|
|upkeep
|
|t:|1757704397
|switch|p2b: Floatzel|Floatzel, L50, M|100/100
|turn|7
|
|t:|1757704408
|move|p1a: Basculegion|Last Respects|p2b: Floatzel
|-damage|p2b: Floatzel|0 fnt
|faint|p2b: Floatzel
|move|p2a: Politoed|Earth Power|p1a: Basculegion
|-damage|p1a: Basculegion|56/100
|
|upkeep
|turn|8
|
|t:|1757704412
|move|p1a: Basculegion|Last Respects|p2a: Politoed
|-damage|p2a: Politoed|0 fnt
|faint|p2a: Politoed
|
|win|WashYoButt
||ErikT007 is ready for game 2.
||WashYoButt is ready for game 2.
|uhtml|next|Next: Game 2 of 3
