|j|☆babayaga27
|j|☆shasaora
|html|babayaga27shasaora    
|uhtml|bestof|Game 1 of a best-of-3
|t:|1783984746
|gametype|doubles
|player|p1|babayaga27|1|
|player|p2|shasaora|1|
|gen|9
|tier|[Gen 9 Champions] VGC 2026 Reg M-B (Bo3)
|rule|Species Clause: Limit one of each Pokémon
|rule|Item Clause: Limit 1 of each item
|clearpoke
|poke|p1|Delphox, L50, M, shiny|
|poke|p1|Tsareena, L50, F, shiny|
|poke|p1|Kangaskhan, L50, F|
|poke|p1|Ninetales-Alola, L50, F, shiny|
|poke|p1|Greninja, L50, M, shiny|
|poke|p1|Whimsicott, L50, F, shiny|
|poke|p2|Sceptile, L50, M|
|poke|p2|Bellibolt, L50, M|
|poke|p2|Meowscarada, L50, M|
|poke|p2|Sneasler, L50, M|
|poke|p2|Ditto, L50|
|poke|p2|Grimmsnarl, L50, M|
|teampreview|4
|showteam|p1|Delphox||Delphoxite|Blaze|Psychic,CalmMind,HeatWave,Protect|Timid||M|||50|]Tsareena||KebiaBerry|QueenlyMajesty|TropKick,Protect,TripleAxel,Trailblaze|Adamant||F|||50|]Kangaskhan||SilkScarf|InnerFocus|FakeOut,LastResort|Adamant||F|||50|]Ninetales-Alola||ChoiceScarf|SnowWarning|Blizzard,Moonblast,FreezeDry,IceBeam|Modest||F|||50|]Greninja||LifeOrb|Protean|Protect,Blizzard,DarkPulse,IcyWind|Timid||M|||50|]Whimsicott||FocusSash|Prankster|Tailwind,Moonblast,Protect,Encore|Modest||F|||50|
|showteam|p2|Sceptile||Sceptilite|Overgrow|Detect,EarthPower,DragonPulse,GigaDrain|Modest||M|||50|]Bellibolt||Leftovers|Electromorphosis|Protect,ParabolicCharge,Soak,Electroweb|Bold||M|||50|]Meowscarada||LifeOrb|Protean|TripleAxel,FlowerTrick,SuckerPunch,KnockOff|Jolly||M|||50|]Sneasler||KingsRock|Unburden|FakeOut,CloseCombat,DireClaw,Fling|Jolly||M|||50|]Ditto||ChoiceScarf|Imposter|Transform|Calm|||||50|]Grimmsnarl||LightClay|Prankster|SpiritBreak,LightScreen,PartingShot,FakeOut|Careful||M|||50|
|j| Aynvl1
|
|t:|1783984783
|teamsize|p1|4
|teamsize|p2|4
|start
|switch|p1a: Whims|Whimsicott, L50, F, shiny|100/100
|switch|p1b: Tsareena|Tsareena, L50, F, shiny|100/100
|switch|p2a: Pagal|Grimmsnarl, L50, M|100/100
|switch|p2b: Trickster|Sneasler, L50, M|100/100
|turn|1
|
|t:|1783984824
|move|p1a: Whims|Protect|p1a: Whims
|-singleturn|p1a: Whims|Protect
|move|p1b: Tsareena|Protect|p1b: Tsareena
|-singleturn|p1b: Tsareena|Protect
|move|p2a: Pagal|Light Screen|p2a: Pagal
|-sidestart|p2: shasaora|move: Light Screen
|move|p2b: Trickster|Fling|p1a: Whims
|-activate|p1a: Whims|move: Protect
|-enditem|p2b: Trickster|King's Rock|[from] move: Fling
|
|upkeep
|turn|2
|
|t:|1783984855
|move|p1a: Whims|Encore|p2b: Trickster
|-start|p2b: Trickster|Encore
|move|p2b: Trickster|Fling||[still]
|-fail|p2b: Trickster
|move|p1b: Tsareena|Trailblaze|p2a: Pagal
|-damage|p2a: Pagal|64/100
|-boost|p1b: Tsareena|spe|1
|move|p2a: Pagal|Spirit Break|p1a: Whims
|-damage|p1a: Whims|53/100
|-unboost|p1a: Whims|spa|1
|
|upkeep
|turn|3
|
|t:|1783984880
|switch|p2b: Aha|Ditto, L50|100/100
|-transform|p2b: Aha|p1a: Whims|[from] ability: Imposter
|move|p1b: Tsareena|Triple Axel|p2a: Pagal
|-damage|p2a: Pagal|55/100
|-damage|p2a: Pagal|36/100
|-damage|p2a: Pagal|9/100
|-hitcount|p2a: Pagal|3
|move|p1a: Whims|Moonblast|p2a: Pagal
|-supereffective|p2a: Pagal|1
|-damage|p2a: Pagal|0 fnt
|faint|p2a: Pagal
|
|upkeep
|
|t:|1783984898
|switch|p2a: Trickster|Sneasler, L50, M|100/100
|turn|4
|
|t:|1783984927
|move|p2b: Aha|Tailwind|p2b: Aha
|-sidestart|p2: shasaora|move: Tailwind
|move|p1a: Whims|Tailwind|p1a: Whims
|-sidestart|p1: babayaga27|move: Tailwind
|move|p2a: Trickster|Dire Claw|p1b: Tsareena
|-supereffective|p1b: Tsareena|1
|-enditem|p1b: Tsareena|Kebia Berry|[eat]
|-enditem|p1b: Tsareena|Kebia Berry|[weaken]
|-damage|p1b: Tsareena|48/100
|-status|p1b: Tsareena|slp
|cant|p1b: Tsareena|slp
|
|upkeep
|turn|5
|
|t:|1783984947
|switch|p2b: Ambiguous|Meowscarada, L50, M|100/100
|move|p1a: Whims|Encore|p2b: Ambiguous
|-hint|Since gen 7, Dark is immune to Prankster moves.
|-immune|p2b: Ambiguous
|move|p2a: Trickster|Dire Claw|p1a: Whims
|-supereffective|p1a: Whims|2
|-damage|p1a: Whims|0 fnt
|faint|p1a: Whims
|cant|p1b: Tsareena|slp
|
|upkeep
|
|t:|1783984963
|switch|p1a: Kurama|Ninetales-Alola, L50, F, shiny|100/100
|-weather|Snowscape|[from] ability: Snow Warning|[of] p1a: Kurama
|turn|6
|
|t:|1783984985
|switch|p2b: Aha|Ditto, L50|100/100
|-transform|p2b: Aha|p1a: Kurama|[from] ability: Imposter
|move|p1a: Kurama|Blizzard|p2a: Trickster|[spread] p2a,p2b
|-resisted|p2b: Aha|1
|-damage|p2a: Trickster|66/100
|-damage|p2b: Aha|86/100
|move|p2a: Trickster|Dire Claw|p1a: Kurama
|-supereffective|p1a: Kurama|1
|-damage|p1a: Kurama|24/100
|-curestatus|p1b: Tsareena|slp|[msg]
|move|p1b: Tsareena|Trop Kick|p2a: Trickster
|-resisted|p2a: Trickster|1
|-damage|p2a: Trickster|29/100
|-unboost|p2a: Trickster|atk|1
|
|-weather|Snowscape|[upkeep]
|upkeep
|turn|7
|
|t:|1783985033
|move|p1a: Kurama|Blizzard|p2a: Trickster|[spread] p2a,p2b
|-resisted|p2b: Aha|1
|-damage|p2a: Trickster|0 fnt
|-damage|p2b: Aha|72/100
|faint|p2a: Trickster
|move|p2b: Aha|Blizzard|p1b: Tsareena|[spread] p1a,p1b
|-resisted|p1a: Kurama|1
|-supereffective|p1b: Tsareena|1
|-damage|p1a: Kurama|6/100
|-damage|p1b: Tsareena|0 fnt
|faint|p1b: Tsareena
|
|-weather|Snowscape|[upkeep]
|-sideend|p1: babayaga27|move: Tailwind
|-sideend|p2: shasaora|move: Tailwind
|upkeep
|
|t:|1783985045
|switch|p2a: Ambiguous|Meowscarada, L50, M|100/100
|switch|p1b: Magician|Delphox, L50, M, shiny|100/100
|turn|8
|
|t:|1783985068
|detailschange|p1b: Magician|Delphox-Mega, L50, M, shiny
|-mega|p1b: Magician|Delphox|Delphoxite
|move|p1b: Magician|Protect|p1b: Magician
|-singleturn|p1b: Magician|Protect
|move|p2a: Ambiguous|Sucker Punch||[still]
|-fail|p2a: Ambiguous
|move|p2b: Aha|Blizzard|p1b: Magician|[spread] p1a
|-activate|p1b: Magician|move: Protect
|-resisted|p1a: Kurama|1
|-damage|p1a: Kurama|0 fnt
|faint|p1a: Kurama
|
|-weather|Snowscape|[upkeep]
|-sideend|p2: shasaora|move: Light Screen
|upkeep
|turn|9
|
|t:|1783985082
|move|p2a: Ambiguous|Sucker Punch|p1b: Magician
|-start|p2a: Ambiguous|typechange|Dark|[from] ability: Protean
|-supereffective|p1b: Magician|1
|-damage|p1b: Magician|0 fnt
|faint|p1b: Magician
|-damage|p2a: Ambiguous|90/100|[from] item: Life Orb
|
|win|shasaora
