|j|☆efwefwefwefweifier
|j|☆Paywall vgc
|html|efwefwefwefweifierPaywall vgc    
|uhtml|bestof|Game 1 of a best-of-3
|t:|1784946715
|gametype|doubles
|player|p1|efwefwefwefweifier|clown|1350
|player|p2|Paywall vgc|lucas|1556
|gen|9
|tier|[Gen 9 Champions] VGC 2026 Reg M-B (Bo3)
|rated|
|rule|Species Clause: Limit one of each Pokémon
|rule|Item Clause: Limit 1 of each item
|clearpoke
|poke|p1|Blastoise, L50, M|
|poke|p1|Sinistcha, L50|
|poke|p1|Incineroar, L50, M, shiny|
|poke|p1|Sneasler, L50, M|
|poke|p1|Hydreigon, L50, M|
|poke|p1|Floette-Eternal, L50, F|
|poke|p2|Charizard, L50, F|
|poke|p2|Garchomp, L50, M|
|poke|p2|Whimsicott, L50, M|
|poke|p2|Basculegion, L50, M|
|poke|p2|Kingambit, L50, F|
|poke|p2|Floette-Eternal, L50, F|
|teampreview|4
|showteam|p1|Blastoise||Blastoisinite|RainDish|WaterSpout,DarkPulse,ShellSmash,Protect|Modest||M|||50|]Sinistcha||KasibBerry|Hospitality|MatchaGotcha,RagePowder,TrickRoom,LifeDew|Calm|||||50|]Incineroar||SitrusBerry|Intimidate|FlareBlitz,DarkestLariat,FakeOut,PartingShot|Careful||M|||50|]Sneasler||FocusSash|PoisonTouch|CloseCombat,PoisonJab,FakeOut,QuickGuard|Jolly||M|||50|]Hydreigon||ChoiceScarf|Levitate|DracoMeteor,DarkPulse,Snarl,EarthPower|Modest||M|||50|]Floette-Eternal||Floettite|FlowerVeil|DazzlingGleam,DrainingKiss,CalmMind,Protect|Modest||F|||50|
|showteam|p2|Charizard||CharizarditeY|SolarPower|HeatWave,SolarBeam,WeatherBall,Protect|Modest||F|||50|]Garchomp||LifeOrb|RoughSkin|DragonClaw,Earthquake,RockSlide,Protect|Jolly||M|||50|]Whimsicott||FocusSash|Prankster|Moonblast,Tailwind,Encore,Protect|Timid||M|||50|]Basculegion||MysticWater|Adaptability|WaveCrash,AquaJet,Protect,LastRespects|Adamant||M|||50|]Kingambit||BlackGlasses|Defiant|KowtowCleave,SuckerPunch,IronHead,Protect|Adamant||F|||50|]Floette-Eternal||Floettite|FlowerVeil|Moonblast,DazzlingGleam,LightofRuin,Protect|Timid||F|||50|
|inactive|Battle timer is ON: inactive players will automatically lose when time's up. (requested by Paywall vgc)
|inactive|efwefwefwefweifier also wants the timer to be on.
|inactive|efwefwefwefweifier has 60 seconds left.
|
|t:|1784946751
|teamsize|p1|4
|teamsize|p2|4
|start
|switch|p1a: Poison Foison|Sneasler, L50, M|100/100
|switch|p1b: Macho Nacho|Floette-Eternal, L50, F|100/100
|switch|p2a: Whimsicott|Whimsicott, L50, M|100/100
|switch|p2b: Basculegion|Basculegion, L50, M|100/100
|turn|1
|
|t:|1784946769
|switch|p1b: Bartholomews|Hydreigon, L50, M|100/100
|move|p2a: Whimsicott|Protect|p2a: Whimsicott
|-singleturn|p2a: Whimsicott|Protect
|move|p1a: Poison Foison|Poison Jab|p2a: Whimsicott
|-activate|p2a: Whimsicott|move: Protect
|move|p2b: Basculegion|Wave Crash|p1a: Poison Foison
|-enditem|p1a: Poison Foison|Focus Sash
|-damage|p1a: Poison Foison|1/100
|-damage|p2b: Basculegion|74/100|[from] Recoil
|
|upkeep
|turn|2
|
|t:|1784946786
|move|p2b: Basculegion|Aqua Jet|p1a: Poison Foison
|-damage|p1a: Poison Foison|0 fnt
|faint|p1a: Poison Foison
|move|p1b: Bartholomews|Snarl|p2b: Basculegion|[spread] p2a,p2b
|-resisted|p2a: Whimsicott|1
|-supereffective|p2b: Basculegion|1
|-damage|p2a: Whimsicott|79/100
|-damage|p2b: Basculegion|22/100
|-unboost|p2a: Whimsicott|spa|1
|-unboost|p2b: Basculegion|spa|1
|move|p2a: Whimsicott|Moonblast|p1b: Bartholomews
|-supereffective|p1b: Bartholomews|2
|-damage|p1b: Bartholomews|0 fnt
|faint|p1b: Bartholomews
|
|upkeep
|
|t:|1784946797
|switch|p1a: Merry Berry|Incineroar, L50, M, shiny|100/100
|switch|p1b: Macho Nacho|Floette-Eternal, L50, F|100/100
|-ability|p1a: Merry Berry|Intimidate|boost
|-unboost|p2a: Whimsicott|atk|1
|-unboost|p2b: Basculegion|atk|1
|turn|3
|
|t:|1784946803
|detailschange|p1b: Macho Nacho|Floette-Mega, L50, F
|-mega|p1b: Macho Nacho|Floette|Floettite
|-ability|p1b: Macho Nacho|Fairy Aura
|move|p2a: Whimsicott|Protect|p2a: Whimsicott
|-singleturn|p2a: Whimsicott|Protect
|move|p1a: Merry Berry|Fake Out|p2a: Whimsicott
|-activate|p2a: Whimsicott|move: Protect
|move|p1b: Macho Nacho|Dazzling Gleam|p2a: Whimsicott|[spread] p2b
|-activate|p2a: Whimsicott|move: Protect
|-damage|p2b: Basculegion|0 fnt
|faint|p2b: Basculegion
|
|upkeep
|
|t:|1784946809
|switch|p2b: Floette|Floette-Eternal, L50, F|100/100
|turn|4
|
|t:|1784946815
|detailschange|p2b: Floette|Floette-Mega, L50, F
|-mega|p2b: Floette|Floette|Floettite
|-ability|p2b: Floette|Fairy Aura
|move|p2a: Whimsicott|Moonblast|p1a: Merry Berry
|-damage|p1a: Merry Berry|75/100
|move|p2b: Floette|Light of Ruin|p1a: Merry Berry|[miss]
|-miss|p2b: Floette|p1a: Merry Berry
|move|p1b: Macho Nacho|Dazzling Gleam|p2b: Floette|[spread] p2a,p2b
|-damage|p2a: Whimsicott|8/100
|-damage|p2b: Floette|59/100
|move|p1a: Merry Berry|Flare Blitz|p2b: Floette
|-damage|p2b: Floette|1/100
|-damage|p1a: Merry Berry|61/100|[from] Recoil
|
|upkeep
|turn|5
|
|t:|1784946834
|move|p2a: Whimsicott|Moonblast|p1a: Merry Berry
|-damage|p1a: Merry Berry|37/100
|-enditem|p1a: Merry Berry|Sitrus Berry|[eat]
|-heal|p1a: Merry Berry|62/100|[from] item: Sitrus Berry
|move|p2b: Floette|Moonblast|p1a: Merry Berry
|-damage|p1a: Merry Berry|4/100
|move|p1b: Macho Nacho|Dazzling Gleam|p2b: Floette|[spread] p2a,p2b
|-damage|p2a: Whimsicott|0 fnt
|-damage|p2b: Floette|0 fnt
|faint|p2a: Whimsicott
|faint|p2b: Floette
|move|p1a: Merry Berry|Darkest Lariat|p2: Whimsicott|[notarget]
|-fail|p1a: Merry Berry
|
|upkeep
|
|t:|1784946837
|switch|p2b: Kingambit|Kingambit, L50, F|100/100
|turn|6
|
|t:|1784946842
|move|p2b: Kingambit|Sucker Punch|p1a: Merry Berry
|-resisted|p1a: Merry Berry|1
|-damage|p1a: Merry Berry|0 fnt
|faint|p1a: Merry Berry
|move|p1b: Macho Nacho|Dazzling Gleam|p2b: Kingambit
|-damage|p2b: Kingambit|47/100
|
|upkeep
|turn|7
|-message|Paywall vgc forfeited.
|
|win|efwefwefwefweifier
|l|☆Paywall vgc
|player|p2|
||Paywall vgc is ready for game 2.
||efwefwefwefweifier is ready for game 2.
|uhtml|next|Next: Game 2 of 3
