|j|☆IceApfel
|j|☆duende tester
|html|IceApfelduende tester    
|uhtml|bestof|Game 1 of a best-of-3
|t:|1782576132
|gametype|doubles
|player|p1|IceApfel|waiter-gen4|1248
|player|p2|duende tester|169|1171
|gen|9
|tier|[Gen 9 Champions] VGC 2026 Reg M-B (Bo3)
|rated|
|rule|Species Clause: Limit one of each Pokémon
|rule|Item Clause: Limit 1 of each item
|clearpoke
|poke|p1|Charizard, L50, F, shiny|
|poke|p1|Mawile, L50, M|
|poke|p1|Farigiraf, L50, F, shiny|
|poke|p1|Garchomp, L50, F, shiny|
|poke|p1|Whimsicott, L50, F, shiny|
|poke|p1|Incineroar, L50, F|
|poke|p2|Staraptor, L50, M|
|poke|p2|Grimmsnarl, L50, M|
|poke|p2|Pelipper, L50, F|
|poke|p2|Archaludon, L50, M|
|poke|p2|Gholdengo, L50|
|poke|p2|Venusaur, L50, M|
|teampreview|4
|showteam|p1|Charizard||CharizarditeY|Blaze|HeatWave,WeatherBall,SolarBeam,Protect|Timid||F|||50|]Mawile||Mawilite|HyperCutter|PlayRough,IronHead,SwordsDance,Protect|Adamant||M|||50|]Farigiraf||ColburBerry|ArmorTail|TwinBeam,Thunderbolt,TrickRoom,HelpingHand|Bold||F|||50|]Garchomp||LifeOrb|RoughSkin|DragonClaw,StompingTantrum,RockSlide,Protect|Jolly||F|||50|]Whimsicott||FocusSash|Prankster|Moonblast,Encore,Tailwind,Protect|Timid||F|||50|]Incineroar||SitrusBerry|Intimidate|FlareBlitz,ThroatChop,PartingShot,FakeOut|Relaxed||F|||50|
|showteam|p2|Staraptor||Staraptite|Intimidate|BraveBird,CloseCombat,Roost,Protect|Adamant||M|||50|]Grimmsnarl||LightClay|Prankster|SpiritBreak,PartingShot,LightScreen,Reflect|Careful||M|||50|]Pelipper||FocusSash|Drizzle|Hurricane,WeatherBall,Tailwind,WideGuard|Modest||F|||50|]Archaludon||Leftovers|Stamina|ElectroShot,DragonPulse,FlashCannon,Protect|Modest||M|||50|]Gholdengo||ChoiceScarf|GoodasGold|MakeItRain,ShadowBall,PowerGem,Thunderbolt|Modest|||||50|]Venusaur||Venusaurite|Chlorophyll|SludgeBomb,EarthPower,GigaDrain,Protect|Modest||M|||50|
|inactive|Battle timer is ON: inactive players will automatically lose when time's up. (requested by IceApfel)
|inactive|IceApfel has 60 seconds left.
|inactive|duende tester has 60 seconds left.
|
|t:|1782576192
|teamsize|p1|4
|teamsize|p2|4
|start
|switch|p1a: Charizard|Charizard, L50, F, shiny|100/100
|switch|p1b: Whimsicott|Whimsicott, L50, F, shiny|100/100
|switch|p2a: Grimmsnarl|Grimmsnarl, L50, M|100/100
|switch|p2b: Venusaur|Venusaur, L50, M|100/100
|turn|1
|
|t:|1782576217
|detailschange|p1a: Charizard|Charizard-Mega-Y, L50, F, shiny
|-mega|p1a: Charizard|Charizard|Charizardite Y
|-weather|SunnyDay|[from] ability: Drought|[of] p1a: Charizard
|detailschange|p2b: Venusaur|Venusaur-Mega, L50, M
|-mega|p2b: Venusaur|Venusaur|Venusaurite
|move|p2a: Grimmsnarl|Light Screen|p2a: Grimmsnarl
|-sidestart|p2: duende tester|move: Light Screen
|move|p1b: Whimsicott|Moonblast|p2a: Grimmsnarl
|-supereffective|p2a: Grimmsnarl|1
|-damage|p2a: Grimmsnarl|59/100
|move|p1a: Charizard|Weather Ball|p2a: Grimmsnarl
|-damage|p2a: Grimmsnarl|2/100
|move|p2b: Venusaur|Sludge Bomb|p1b: Whimsicott
|-supereffective|p1b: Whimsicott|2
|-enditem|p1b: Whimsicott|Focus Sash
|-damage|p1b: Whimsicott|1/100
|
|-weather|SunnyDay|[upkeep]
|upkeep
|turn|2
|inactive|IceApfel has 30 seconds left.
|inactive|duende tester has 30 seconds left.
|
|t:|1782576251
|switch|p1b: Farigiraf|Farigiraf, L50, F, shiny|100/100
|switch|p2a: Pelipper|Pelipper, L50, F|100/100
|-weather|RainDance|[from] ability: Drizzle|[of] p2a: Pelipper
|move|p1a: Charizard|Heat Wave|p2b: Venusaur|[spread] p2a,p2b
|-resisted|p2a: Pelipper|1
|-supereffective|p2b: Venusaur|1
|-damage|p2a: Pelipper|88/100
|-damage|p2b: Venusaur|88/100
|move|p2b: Venusaur|Sludge Bomb|p1b: Farigiraf
|-damage|p1b: Farigiraf|59/100
|
|-weather|RainDance|[upkeep]
|upkeep
|turn|3
|inactive|IceApfel has 30 seconds left.
|inactive|duende tester has 30 seconds left.
|inactive|IceApfel has 20 seconds left.
|inactive|duende tester has 20 seconds left.
|inactive|duende tester has 15 seconds left.
|
|t:|1782576295
|switch|p1a: Whimsicott|Whimsicott, L50, F, shiny|1/100
|move|p2b: Venusaur|Protect|p2b: Venusaur
|-singleturn|p2b: Venusaur|Protect
|move|p2a: Pelipper|Weather Ball|p1b: Farigiraf
|-damage|p1b: Farigiraf|1/100
|move|p1b: Farigiraf|Thunderbolt|p2a: Pelipper
|-supereffective|p2a: Pelipper|2
|-damage|p2a: Pelipper|0 fnt
|faint|p2a: Pelipper
|
|-weather|RainDance|[upkeep]
|upkeep
|
|t:|1782576308
|switch|p2a: Grimmsnarl|Grimmsnarl, L50, M|2/100
|turn|4
|inactive|duende tester has 30 seconds left.
|
|t:|1782576333
|move|p1a: Whimsicott|Encore|p2b: Venusaur
|-start|p2b: Venusaur|Encore
|move|p2b: Venusaur|Protect||[still]
|-fail|p2b: Venusaur
|move|p2a: Grimmsnarl|Spirit Break|p1b: Farigiraf
|-damage|p1b: Farigiraf|0 fnt
|faint|p1b: Farigiraf
|
|-weather|RainDance|[upkeep]
|upkeep
|
|t:|1782576339
|switch|p1b: Charizard|Charizard-Mega-Y, L50, F, shiny|100/100
|-weather|SunnyDay|[from] ability: Drought|[of] p1b: Charizard
|turn|5
|
|t:|1782576350
|move|p1b: Charizard|Protect|p1b: Charizard
|-singleturn|p1b: Charizard|Protect
|move|p2b: Venusaur|Protect|p2b: Venusaur
|-singleturn|p2b: Venusaur|Protect
|move|p2a: Grimmsnarl|Parting Shot|p1b: Charizard
|-activate|p1b: Charizard|move: Protect
|move|p1a: Whimsicott|Moonblast|p2a: Grimmsnarl
|-supereffective|p2a: Grimmsnarl|1
|-crit|p2a: Grimmsnarl
|-damage|p2a: Grimmsnarl|0 fnt
|faint|p2a: Grimmsnarl
|
|-weather|SunnyDay|[upkeep]
|upkeep
|
|t:|1782576361
|switch|p2a: Staraptor|Staraptor, L50, M|100/100
|-ability|p2a: Staraptor|Intimidate|boost
|-unboost|p1a: Whimsicott|atk|1
|-unboost|p1b: Charizard|atk|1
|turn|6
|inactive|duende tester has 30 seconds left.
|inactive|duende tester has 20 seconds left.
|inactive|duende tester has 15 seconds left.
|
|t:|1782576403
|move|p2a: Staraptor|Protect|p2a: Staraptor
|-singleturn|p2a: Staraptor|Protect
|move|p2b: Venusaur|Protect||[still]
|-fail|p2b: Venusaur
|move|p1a: Whimsicott|Moonblast|p2a: Staraptor
|-activate|p2a: Staraptor|move: Protect
|move|p1b: Charizard|Weather Ball|p2a: Staraptor
|-activate|p2a: Staraptor|move: Protect
|
|-weather|SunnyDay|[upkeep]
|-end|p2b: Venusaur|Encore
|upkeep
|turn|7
|
|t:|1782576416
|move|p1a: Whimsicott|Encore|p2a: Staraptor
|-start|p2a: Staraptor|Encore
|move|p2a: Staraptor|Protect||[still]
|-fail|p2a: Staraptor
|move|p1b: Charizard|Weather Ball|p2b: Venusaur
|-supereffective|p2b: Venusaur|1
|-damage|p2b: Venusaur|39/100
|move|p2b: Venusaur|Sludge Bomb|p1a: Whimsicott
|-supereffective|p1a: Whimsicott|2
|-damage|p1a: Whimsicott|0 fnt
|faint|p1a: Whimsicott
|
|-weather|SunnyDay|[upkeep]
|upkeep
|
|t:|1782576425
|switch|p1a: Garchomp|Garchomp, L50, F, shiny|100/100
|turn|8
|inactive|duende tester has 30 seconds left.
|inactive|duende tester has 20 seconds left.
|inactive|duende tester has 15 seconds left.
|
|t:|1782576465
|move|p2a: Staraptor|Protect|p2a: Staraptor
|-singleturn|p2a: Staraptor|Protect
|move|p2b: Venusaur|Protect|p2b: Venusaur
|-singleturn|p2b: Venusaur|Protect
|move|p1a: Garchomp|Dragon Claw|p2a: Staraptor
|-activate|p2a: Staraptor|move: Protect
|move|p1b: Charizard|Weather Ball|p2b: Venusaur
|-activate|p2b: Venusaur|move: Protect
|
|-weather|SunnyDay|[upkeep]
|-sideend|p2: duende tester|move: Light Screen
|upkeep
|turn|9
|inactive|duende tester has 30 seconds left.
|
|t:|1782576498
|move|p2a: Staraptor|Protect||[still]
|-fail|p2a: Staraptor
|move|p2b: Venusaur|Protect|p2b: Venusaur
|-singleturn|p2b: Venusaur|Protect
|move|p1a: Garchomp|Stomping Tantrum|p2b: Venusaur
|-activate|p2b: Venusaur|move: Protect
|move|p1b: Charizard|Weather Ball|p2a: Staraptor
|-damage|p2a: Staraptor|0 fnt
|faint|p2a: Staraptor
|
|-weather|none
|upkeep
|turn|10
|
|t:|1782576512
|move|p1a: Garchomp|Stomping Tantrum|p2b: Venusaur
|-damage|p2b: Venusaur|0 fnt
|faint|p2b: Venusaur
|-damage|p1a: Garchomp|90/100|[from] item: Life Orb
|
|win|IceApfel
||IceApfel is ready for game 2.
||duende tester is ready for game 2.
|uhtml|next|Next: Game 2 of 3
|l|☆IceApfel
|player|p1|
