|j|☆steelag0
|j|☆1Manuel1410
|html|steelag01Manuel1410    
|uhtml|bestof|Game 1 of a best-of-3
|t:|1782408328
|gametype|doubles
|player|p1|steelag0|policeman-gen4|1103
|player|p2|1Manuel1410|palmer|1203
|gen|9
|tier|[Gen 9 Champions] VGC 2026 Reg M-B (Bo3)
|rated|
|rule|Species Clause: Limit one of each Pokémon
|rule|Item Clause: Limit 1 of each item
|clearpoke
|poke|p1|Hydreigon, L50, F|
|poke|p1|Garchomp, L50, M|
|poke|p1|Metagross, L50|
|poke|p1|Charizard, L50, F|
|poke|p1|Grimmsnarl, L50, M|
|poke|p1|Toxapex, L50, M|
|poke|p2|Eelektross, L50, F|
|poke|p2|Espathra, L50, F|
|poke|p2|Gholdengo, L50|
|poke|p2|Garchomp, L50, M|
|poke|p2|Incineroar, L50, F|
|poke|p2|Sylveon, L50, F|
|teampreview|4
|showteam|p1|Hydreigon||ChoiceScarf|Levitate|HeatWave,DarkPulse,DracoMeteor,Snarl|Modest||F|||50|]Garchomp||SitrusBerry|RoughSkin|Earthquake,RockSlide,DragonClaw,Protect|Adamant||M|||50|]Metagross||Metagrossite|ClearBody|IronHead,PsychicFangs,BulletPunch,Protect|Adamant|||||50|]Charizard||CharizarditeY|Blaze|Protect,HeatWave,SolarBeam,WeatherBall|Timid||F|||50|]Grimmsnarl||RoseliBerry|Prankster|FakeOut,FoulPlay,Reflect,PartingShot|Sassy||M|||50|]Toxapex||Leftovers|Regenerator|Infestation,Toxic,BanefulBunker,WideGuard|Bold||M|||50|
|showteam|p2|Eelektross||Eelektrossite|Levitate|Protect,Thunderbolt,GigaDrain,DragonPulse|Timid||F|||50|]Espathra||FocusSash|SpeedBoost|Protect,CalmMind,BatonPass,LuminaCrash|Timid||F|||50|]Gholdengo||LifeOrb|GoodasGold|Protect,ShadowBall,MakeItRain,NastyPlot|Timid|||||50|]Garchomp||SoftSand|RoughSkin|Protect,Earthquake,StompingTantrum,DragonClaw|Jolly||M|||50|]Incineroar||SitrusBerry|Intimidate|FakeOut,FlareBlitz,PartingShot,DarkestLariat|Impish||F|||50|]Sylveon||FairyFeather|Pixilate|Protect,Moonblast,HyperVoice,HyperBeam|Modest||F|||50|
|inactive|Battle timer is ON: inactive players will automatically lose when time's up. (requested by 1Manuel1410)
|inactive|steelag0 has 60 seconds left.
|
|t:|1782408375
|teamsize|p1|4
|teamsize|p2|4
|start
|switch|p1a: Charizard|Charizard, L50, F|100/100
|switch|p1b: Grimmsnarl|Grimmsnarl, L50, M|100/100
|switch|p2a: Incineroar|Incineroar, L50, F|100/100
|switch|p2b: Espathra|Espathra, L50, F|100/100
|-ability|p2a: Incineroar|Intimidate|boost
|-unboost|p1a: Charizard|atk|1
|-unboost|p1b: Grimmsnarl|atk|1
|turn|1
|
|t:|1782408398
|detailschange|p1a: Charizard|Charizard-Mega-Y, L50, F
|-mega|p1a: Charizard|Charizard|Charizardite Y
|-weather|SunnyDay|[from] ability: Drought|[of] p1a: Charizard
|move|p2a: Incineroar|Fake Out|p1a: Charizard
|-damage|p1a: Charizard|87/100
|move|p1b: Grimmsnarl|Fake Out|p2a: Incineroar
|-damage|p2a: Incineroar|94/100
|cant|p1a: Charizard|flinch
|move|p2b: Espathra|Calm Mind|p2b: Espathra
|-boost|p2b: Espathra|spa|1
|-boost|p2b: Espathra|spd|1
|
|-weather|SunnyDay|[upkeep]
|-ability|p2b: Espathra|Speed Boost|boost
|-boost|p2b: Espathra|spe|1
|upkeep
|turn|2
|inactive|steelag0 has 30 seconds left.
|
|t:|1782408427
|move|p2b: Espathra|Protect|p2b: Espathra
|-singleturn|p2b: Espathra|Protect
|move|p1b: Grimmsnarl|Parting Shot|p2b: Espathra
|-activate|p2b: Espathra|move: Protect
|move|p1a: Charizard|Heat Wave|p2b: Espathra|[spread] p2a
|-activate|p2b: Espathra|move: Protect
|-resisted|p2a: Incineroar|1
|-damage|p2a: Incineroar|70/100
|move|p2a: Incineroar|Parting Shot|p1a: Charizard
|-unboost|p1a: Charizard|atk|1
|-unboost|p1a: Charizard|spa|1
|
|t:|1782408443
|switch|p2a: Garchomp|Garchomp, L50, M|100/100|[from] Parting Shot
|
|-weather|SunnyDay|[upkeep]
|-ability|p2b: Espathra|Speed Boost|boost
|-boost|p2b: Espathra|spe|1
|upkeep
|turn|3
|
|t:|1782408456
|move|p1a: Charizard|Protect|p1a: Charizard
|-singleturn|p1a: Charizard|Protect
|move|p1b: Grimmsnarl|Reflect|p1b: Grimmsnarl
|-sidestart|p1: steelag0|Reflect
|move|p2b: Espathra|Calm Mind|p2b: Espathra
|-boost|p2b: Espathra|spa|1
|-boost|p2b: Espathra|spd|1
|move|p2a: Garchomp|Dragon Claw|p1a: Charizard
|-activate|p1a: Charizard|move: Protect
|
|-weather|SunnyDay|[upkeep]
|-ability|p2b: Espathra|Speed Boost|boost
|-boost|p2b: Espathra|spe|1
|upkeep
|turn|4
|inactive|steelag0 has 30 seconds left.
|
|t:|1782408482
|switch|p2a: Incineroar|Incineroar, L50, F|70/100
|-ability|p2a: Incineroar|Intimidate|boost
|-unboost|p1a: Charizard|atk|1
|-unboost|p1b: Grimmsnarl|atk|1
|move|p2b: Espathra|Calm Mind|p2b: Espathra
|-boost|p2b: Espathra|spa|1
|-boost|p2b: Espathra|spd|1
|move|p1a: Charizard|Heat Wave|p2b: Espathra|[spread] p2a,p2b
|-resisted|p2a: Incineroar|1
|-damage|p2a: Incineroar|53/100
|-damage|p2b: Espathra|80/100
|move|p1b: Grimmsnarl|Foul Play|p2a: Incineroar
|-resisted|p2a: Incineroar|1
|-damage|p2a: Incineroar|39/100
|-enditem|p2a: Incineroar|Sitrus Berry|[eat]
|-heal|p2a: Incineroar|63/100|[from] item: Sitrus Berry
|
|-weather|SunnyDay|[upkeep]
|-ability|p2b: Espathra|Speed Boost|boost
|-boost|p2b: Espathra|spe|1
|upkeep
|turn|5
|inactive|1Manuel1410 has 30 seconds left.
|
|t:|1782408512
|switch|p1a: Hydreigon|Hydreigon, L50, F|100/100
|move|p1b: Grimmsnarl|Parting Shot|p2b: Espathra
|-unboost|p2b: Espathra|atk|1
|-unboost|p2b: Espathra|spa|1
|
|t:|1782408519
|switch|p1b: Toxapex|Toxapex, L50, M|100/100|[from] Parting Shot
|move|p2b: Espathra|Baton Pass|p2b: Espathra
|
|t:|1782408523
|switch|p2b: Eelektross|Eelektross, L50, F|100/100|[from] Baton Pass
|move|p2a: Incineroar|Flare Blitz|p1b: Toxapex
|-resisted|p1b: Toxapex|1
|-damage|p1b: Toxapex|84/100
|-damage|p2a: Incineroar|59/100|[from] Recoil
|
|-weather|none
|-heal|p1b: Toxapex|90/100|[from] item: Leftovers
|upkeep
|turn|6
|
|t:|1782408541
|detailschange|p2b: Eelektross|Eelektross-Mega, L50, F
|-mega|p2b: Eelektross|Eelektross|Eelektrossite
|move|p2b: Eelektross|Thunderbolt|p1b: Toxapex
|-supereffective|p1b: Toxapex|1
|-damage|p1b: Toxapex|0 fnt
|faint|p1b: Toxapex
|-ability|p2b: Eelektross|Eelevate|boost
|-boost|p2b: Eelektross|spa|1
|move|p1a: Hydreigon|Draco Meteor|p2b: Eelektross
|-damage|p2b: Eelektross|64/100
|-unboost|p1a: Hydreigon|spa|2
|move|p2a: Incineroar|Parting Shot|p1a: Hydreigon
|-unboost|p1a: Hydreigon|atk|1
|-unboost|p1a: Hydreigon|spa|1
|
|t:|1782408555
|switch|p2a: Garchomp|Garchomp, L50, M|100/100|[from] Parting Shot
|
|upkeep
|
|t:|1782408575
|switch|p1b: Charizard|Charizard-Mega-Y, L50, F|87/100
|-weather|SunnyDay|[from] ability: Drought|[of] p1b: Charizard
|turn|7
|
|t:|1782408585
|switch|p1a: Grimmsnarl|Grimmsnarl, L50, M|100/100
|move|p1b: Charizard|Protect|p1b: Charizard
|-singleturn|p1b: Charizard|Protect
|move|p2b: Eelektross|Thunderbolt|p1b: Charizard
|-activate|p1b: Charizard|move: Protect
|move|p2a: Garchomp|Dragon Claw|p1a: Grimmsnarl
|-immune|p1a: Grimmsnarl
|
|-weather|SunnyDay|[upkeep]
|-sideend|p1: steelag0|Reflect
|upkeep
|turn|8
|
|t:|1782408602
|move|p1a: Grimmsnarl|Fake Out|p2a: Garchomp
|-damage|p2a: Garchomp|88/100
|-damage|p1a: Grimmsnarl|87/100|[from] ability: Rough Skin|[of] p2a: Garchomp
|move|p2b: Eelektross|Thunderbolt|p1b: Charizard
|-supereffective|p1b: Charizard|1
|-damage|p1b: Charizard|0 fnt
|faint|p1b: Charizard
|-ability|p2b: Eelektross|Eelevate|boost
|-boost|p2b: Eelektross|spa|1
|cant|p2a: Garchomp|flinch
|
|-weather|SunnyDay|[upkeep]
|upkeep
|-message|steelag0 forfeited.
|
|win|1Manuel1410
||steelag0 is ready for game 2.
