|j|☆bighamsterbaseball
|j|☆yinobo
|html|bighamsterbaseballyinobo    
|uhtml|bestof|Game 1 of a best-of-3
|t:|1783437032
|gametype|doubles
|player|p1|bighamsterbaseball|pokemaniac|1188
|player|p2|yinobo|lucas|1274
|gen|9
|tier|[Gen 9 Champions] VGC 2026 Reg M-B (Bo3)
|rated|
|rule|Species Clause: Limit one of each Pokémon
|rule|Item Clause: Limit 1 of each item
|clearpoke
|poke|p1|Pidgeot, L50, M|
|poke|p1|Tyranitar, L50, M|
|poke|p1|Excadrill, L50, F|
|poke|p1|Tsareena, L50, F|
|poke|p1|Gholdengo, L50|
|poke|p1|Rotom-Wash, L50|
|poke|p2|Metagross, L50|
|poke|p2|Hydreigon, L50, M|
|poke|p2|Basculegion, L50, M|
|poke|p2|Whimsicott, L50, M|
|poke|p2|Sneasler, L50, M|
|poke|p2|Arcanine-Hisui, L50, F|
|teampreview|4
|showteam|p1|Pidgeot||Pidgeotite|BigPecks|Hurricane,HeatWave,Tailwind,Protect|Timid||M|||50|]Tyranitar||Tyranitarite|SandStream|RockSlide,KnockOff,LowKick,Protect|Adamant||M|||50|]Excadrill||FocusSash|SandRush|Earthquake,IronHead,RockSlide,Protect|Adamant||F|||50|]Tsareena||ChoiceScarf|QueenlyMajesty|PowerWhip,TripleAxel,LowKick,Uturn|Jolly||F|||50|]Gholdengo||Leftovers|GoodasGold|MakeItRain,ShadowBall,NastyPlot,Protect|Modest|||||50|]Rotom-Wash||SitrusBerry|Levitate|Thunderbolt,HydroPump,WillOWisp,Protect|Bold|||||50|
|showteam|p2|Metagross||Metagrossite|ClearBody|Protect,IronHead,PsychicFangs,BodyPress|Jolly|||||50|]Hydreigon||ChoiceScarf|Levitate|DarkPulse,DragonPulse,Flamethrower,FlashCannon|Modest||M|||50|]Basculegion||MysticWater|Adaptability|Protect,WaveCrash,AquaJet,LastRespects|Adamant||M|||50|]Whimsicott||FocusSash|Prankster|Protect,Moonblast,Tailwind,Encore|Timid||M|||50|]Sneasler||WhiteHerb|Unburden|Protect,CloseCombat,DireClaw,FakeOut|Adamant||M|||50|]Arcanine-Hisui||LifeOrb|Intimidate|Protect,FlareBlitz,RockSlide,ExtremeSpeed|Adamant||F|||50|
|inactive|Battle timer is ON: inactive players will automatically lose when time's up. (requested by yinobo)
|inactive|bighamsterbaseball has 60 seconds left.
|inactive|yinobo has 60 seconds left.
|
|t:|1783437088
|teamsize|p1|4
|teamsize|p2|4
|start
|switch|p1a: Tyranitar|Tyranitar, L50, M|100/100
|switch|p1b: Excadrill|Excadrill, L50, F|100/100
|switch|p2a: Hydreigon|Hydreigon, L50, M|100/100
|switch|p2b: Whimsicott|Whimsicott, L50, M|100/100
|-weather|Sandstorm|[from] ability: Sand Stream|[of] p1a: Tyranitar
|turn|1
|inactive|bighamsterbaseball has 30 seconds left.
|inactive|yinobo has 30 seconds left.
|inactive|bighamsterbaseball has 20 seconds left.
|inactive|bighamsterbaseball has 15 seconds left.
|inactive|bighamsterbaseball has 10 seconds left.
|
|t:|1783437133
|move|p1a: Tyranitar|Protect|p1a: Tyranitar
|-singleturn|p1a: Tyranitar|Protect
|move|p2b: Whimsicott|Tailwind|p2b: Whimsicott
|-sidestart|p2: yinobo|move: Tailwind
|move|p2a: Hydreigon|Flamethrower|p1b: Excadrill
|-supereffective|p1b: Excadrill|1
|-damage|p1b: Excadrill|1/100
|move|p1b: Excadrill|Iron Head|p2a: Hydreigon
|-damage|p2a: Hydreigon|50/100g
|
|-weather|Sandstorm|[upkeep]
|-damage|p2a: Hydreigon|44/100|[from] Sandstorm
|-damage|p2b: Whimsicott|94/100|[from] Sandstorm
|upkeep
|turn|2
|
|t:|1783437154
|detailschange|p1a: Tyranitar|Tyranitar-Mega, L50, M
|-mega|p1a: Tyranitar|Tyranitar|Tyranitarite
|move|p1b: Excadrill|Protect|p1b: Excadrill
|-singleturn|p1b: Excadrill|Protect
|move|p2a: Hydreigon|Flamethrower|p1b: Excadrill
|-activate|p1b: Excadrill|move: Protect
|move|p2b: Whimsicott|Moonblast|p1a: Tyranitar
|-supereffective|p1a: Tyranitar|1
|-damage|p1a: Tyranitar|62/100
|move|p1a: Tyranitar|Rock Slide|p2b: Whimsicott|[spread] p2b
|-miss|p1a: Tyranitar|p2a: Hydreigon
|-damage|p2b: Whimsicott|39/100
|
|-weather|Sandstorm|[upkeep]
|-damage|p2a: Hydreigon|38/100|[from] Sandstorm
|-damage|p2b: Whimsicott|33/100|[from] Sandstorm
|upkeep
|turn|3
|inactive|yinobo has 30 seconds left.
|
|t:|1783437188
|move|p1b: Excadrill|Protect||[still]
|-fail|p1b: Excadrill
|move|p2b: Whimsicott|Encore|p1a: Tyranitar
|-hint|Since gen 7, Dark is immune to Prankster moves.
|-immune|p1a: Tyranitar
|move|p2a: Hydreigon|Flamethrower|p1b: Excadrill
|-supereffective|p1b: Excadrill|1
|-damage|p1b: Excadrill|0 fnt
|faint|p1b: Excadrill
|move|p1a: Tyranitar|Rock Slide|p2a: Hydreigon|[spread] p2a,p2b
|-damage|p2a: Hydreigon|0 fnt
|-damage|p2b: Whimsicott|0 fnt
|faint|p2a: Hydreigon
|faint|p2b: Whimsicott
|
|-weather|Sandstorm|[upkeep]
|upkeep
|
|t:|1783437204
|switch|p2b: Basculegion|Basculegion, L50, M|100/100
|switch|p2a: Metagross|Metagross, L50|100/100
|switch|p1b: Gholdengo|Gholdengo, L50|100/100
|turn|4
|
|t:|1783437223
|switch|p1a: Tsareena|Tsareena, L50, F|100/100
|detailschange|p2a: Metagross|Metagross-Mega, L50
|-mega|p2a: Metagross|Metagross|Metagrossite
|move|p1b: Gholdengo|Protect|p1b: Gholdengo
|-singleturn|p1b: Gholdengo|Protect
|move|p2a: Metagross|Body Press|p1a: Tsareena
|-damage|p1a: Tsareena|57/100
|move|p2b: Basculegion|Last Respects|p1b: Gholdengo
|-activate|p1b: Gholdengo|move: Protect
|
|-weather|Sandstorm|[upkeep]
|-damage|p2b: Basculegion|93/100|[from] Sandstorm
|-damage|p1a: Tsareena|51/100|[from] Sandstorm
|-sideend|p2: yinobo|move: Tailwind
|upkeep
|turn|5
|inactive|bighamsterbaseball has 30 seconds left.
|inactive|yinobo has 30 seconds left.
|
|t:|1783437256
|move|p2b: Basculegion|Protect|p2b: Basculegion
|-singleturn|p2b: Basculegion|Protect
|move|p1a: Tsareena|U-turn|p2a: Metagross
|-damage|p2a: Metagross|80/100
|
|t:|1783437260
|switch|p1a: Tyranitar|Tyranitar-Mega, L50, M|62/100|[from] U-turn
|move|p2a: Metagross|Psychic Fangs|p1a: Tyranitar
|-immune|p1a: Tyranitar
|move|p1b: Gholdengo|Shadow Ball|p2a: Metagross
|-supereffective|p2a: Metagross|1
|-damage|p2a: Metagross|0 fnt
|faint|p2a: Metagross
|
|-weather|none
|upkeep
|turn|6
|
|t:|1783437277
|move|p1b: Gholdengo|Shadow Ball|p2b: Basculegion
|-supereffective|p2b: Basculegion|1
|-damage|p2b: Basculegion|0 fnt
|faint|p2b: Basculegion
|
|win|bighamsterbaseball
