|j|☆GokuVGC01
|j|☆Cfing
|html|GokuVGC01Cfing    
|uhtml|bestof|Game 1 of a best-of-3
|t:|1757713691
|gametype|doubles
|player|p1|GokuVGC01|102|1167
|player|p2|Cfing|hiker-gen4|1197
|gen|9
|tier|[Gen 9] VGC 2025 Reg H (Bo3)
|rated|
|rule|Species Clause: Limit one of each Pokémon
|rule|Item Clause: Limit 1 of each item
|clearpoke
|poke|p1|Gholdengo, L50|
|poke|p1|Electabuzz, L50, M|
|poke|p1|Pelipper, L50, F|
|poke|p1|Basculegion, L50, M|
|poke|p1|Archaludon, L50, F|
|poke|p1|Incineroar, L50, F|
|poke|p2|Whimsicott, L50, F|
|poke|p2|Annihilape, L50, F|
|poke|p2|Pelipper, L50, M|
|poke|p2|Archaludon, L50, M|
|poke|p2|Sneasler, L50, M|
|poke|p2|Indeedee, L50, M|
|teampreview|4
|showteam|p1|Gholdengo||LifeOrb|GoodasGold|MakeItRain,ShadowBall,NastyPlot,Protect||||||50|,,,,,Water]Electabuzz||Eviolite|VitalSpirit|Electroweb,Taunt,FollowMe,Protect|||M|||50|,,,,,Ghost]Pelipper||FocusSash|Drizzle|WeatherBall,Hurricane,Tailwind,Protect|||F|||50|,,,,,Ghost]Basculegion||ChoiceBand|SwiftSwim|WaveCrash,FlipTurn,LastRespects,AquaJet|||M|||50|,,,,,Water]Archaludon||AssaultVest|Stamina|ElectroShot,FlashCannon,DracoMeteor,BodyPress|||F|||50|,,,,,Grass]Incineroar||SafetyGoggles|Intimidate|KnockOff,PartingShot,Taunt,FakeOut|||F|||50|,,,,,Ghost
|showteam|p2|Whimsicott||FocusSash|Prankster|Tailwind,Taunt,Moonblast,BeatUp|||F|||50|,,,,,Ghost]Annihilape||AssaultVest|Defiant|RageFist,CloseCombat,RockSlide,DrainPunch|||F|||50|,,,,,Fire]Pelipper||CovertCloak|Drizzle|Tailwind,Hurricane,WeatherBall,Protect|||M|||50|,,,,,Ground]Archaludon||LifeOrb|Stamina|ElectroShot,Protect,DracoMeteor,BodyPress|||M|||50|,,,,,Stellar]Sneasler||PsychicSeed|Unburden|Acrobatics,CloseCombat,DireClaw,ThroatChop|||M|||50|,,,,,Dark]Indeedee||ChoiceSpecs|PsychicSurge|ExpandingForce,Imprison,TrickRoom,Trick|||M|||50|,,,,,Psychic
|inactive|Battle timer is ON: inactive players will automatically lose when time's up. (requested by Cfing)
|inactive|GokuVGC01 has 60 seconds left.
|inactive|GokuVGC01 has 30 seconds left.
|
|t:|1757713752
|teamsize|p1|4
|teamsize|p2|4
|start
|switch|p1a: Incineroar|Incineroar, L50, F|100/100
|switch|p1b: Basculegion|Basculegion, L50, M|100/100
|switch|p2a: Whimsicott|Whimsicott, L50, F|100/100
|switch|p2b: Annihilape|Annihilape, L50, F|100/100
|-ability|p1a: Incineroar|Intimidate|boost
|-unboost|p2a: Whimsicott|atk|1
|-unboost|p2b: Annihilape|atk|1
|-ability|p2b: Annihilape|Defiant|boost
|-boost|p2b: Annihilape|atk|2
|turn|1
|inactive|GokuVGC01 has 30 seconds left.
|inactive|Cfing has 30 seconds left.
|inactive|GokuVGC01 has 20 seconds left.
|inactive|Cfing has 20 seconds left.
|inactive|Cfing has 15 seconds left.
|inactive|Cfing has 10 seconds left.
|
|t:|1757713799
|switch|p1a: Pelipper|Pelipper, L50, F|100/100
|-weather|RainDance|[from] ability: Drizzle|[of] p1a: Pelipper
|move|p2a: Whimsicott|Tailwind|p2a: Whimsicott
|-sidestart|p2: Cfing|move: Tailwind
|move|p1b: Basculegion|Wave Crash|p2b: Annihilape
|-damage|p2b: Annihilape|0 fnt
|faint|p2b: Annihilape
|-damage|p1b: Basculegion|66/100|[from] Recoil
|
|-weather|RainDance|[upkeep]
|upkeep
|
|t:|1757713813
|switch|p2b: Sneasler|Sneasler, L50, M|100/100
|turn|2
|inactive|GokuVGC01 has 30 seconds left.
|
|t:|1757713839
|switch|p2a: Indeedee|Indeedee, L50, M|100/100
|-fieldstart|move: Psychic Terrain|[from] ability: Psychic Surge|[of] p2a: Indeedee
|-enditem|p2b: Sneasler|Psychic Seed
|-boost|p2b: Sneasler|spd|1|[from] item: Psychic Seed
|switch|p1b: Incineroar|Incineroar, L50, F|100/100
|-ability|p1b: Incineroar|Intimidate|boost
|-unboost|p2a: Indeedee|atk|1
|-unboost|p2b: Sneasler|atk|1
|-terastallize|p2b: Sneasler|Dark
|move|p2b: Sneasler|Throat Chop|p1b: Incineroar
|-resisted|p1b: Incineroar
|-damage|p1b: Incineroar|87/100
|-start|p1b: Incineroar|Throat Chop|[silent]
|move|p1a: Pelipper|Hurricane|p2b: Sneasler
|-damage|p2b: Sneasler|58/100
|
|-weather|RainDance|[upkeep]
|upkeep
|turn|3
|inactive|GokuVGC01 has 30 seconds left.
|inactive|GokuVGC01 has 20 seconds left.
|inactive|GokuVGC01 has 15 seconds left.
|inactive|GokuVGC01 has 10 seconds left.
|inactive|GokuVGC01 has 5 seconds left.
|
|t:|1757713890
|switch|p1b: Gholdengo|Gholdengo, L50|100/100
|move|p2b: Sneasler|Close Combat|p1b: Gholdengo
|-immune|p1b: Gholdengo
|move|p2a: Indeedee|Expanding Force|p1a: Pelipper|[spread] p1a,p1b
|-resisted|p1b: Gholdengo
|-enditem|p1a: Pelipper|Focus Sash
|-damage|p1a: Pelipper|1/100
|-damage|p1b: Gholdengo|47/100
|move|p1a: Pelipper|Weather Ball|p2b: Sneasler
|-crit|p2b: Sneasler
|-damage|p2b: Sneasler|0 fnt
|faint|p2b: Sneasler
|
|-weather|RainDance|[upkeep]
|upkeep
|
|t:|1757713907
|switch|p2b: Whimsicott|Whimsicott, L50, F|100/100
|turn|4
|inactive|GokuVGC01 has 30 seconds left.
|
|t:|1757713933
|switch|p1a: Incineroar|Incineroar, L50, F|87/100
|-ability|p1a: Incineroar|Intimidate|boost
|-unboost|p2a: Indeedee|atk|1
|-unboost|p2b: Whimsicott|atk|1
|move|p1b: Gholdengo|Protect|p1b: Gholdengo
|-singleturn|p1b: Gholdengo|Protect
|move|p2b: Whimsicott|Moonblast|p1b: Gholdengo
|-activate|p1b: Gholdengo|move: Protect
|move|p2a: Indeedee|Expanding Force|p1b: Gholdengo|[spread] 
|-activate|p1b: Gholdengo|move: Protect
|-immune|p1a: Incineroar
|
|-weather|RainDance|[upkeep]
|-sideend|p2: Cfing|move: Tailwind
|upkeep
|turn|5
|
|t:|1757713955
|move|p2b: Whimsicott|Tailwind|p2b: Whimsicott
|-sidestart|p2: Cfing|move: Tailwind
|move|p2a: Indeedee|Expanding Force|p1a: Incineroar|[spread] p1b
|-immune|p1a: Incineroar
|-resisted|p1b: Gholdengo
|-damage|p1b: Gholdengo|0 fnt
|faint|p1b: Gholdengo
|move|p1a: Incineroar|Knock Off|p2a: Indeedee
|-supereffective|p2a: Indeedee
|-damage|p2a: Indeedee|0 fnt
|-enditem|p2a: Indeedee|Choice Specs|[from] move: Knock Off|[of] p1a: Incineroar
|faint|p2a: Indeedee
|
|-weather|none
|upkeep
|-message|Cfing forfeited.
|
|win|GokuVGC01
|l|☆Cfing
|player|p2|
||Cfing is ready for game 2.
