|j|☆pizzawing
|j|☆soulmoonvgc
|html|pizzawingsoulmoonvgc    
|uhtml|bestof|Game 2 of a best-of-3
|t:|1785076577
|gametype|doubles
|player|p1|pizzawing|170|1401
|player|p2|soulmoonvgc|marshal|1499
|gen|9
|tier|[Gen 9 Champions] VGC 2026 Reg M-B (Bo3)
|rated|
|rule|Species Clause: Limit one of each Pokémon
|rule|Item Clause: Limit 1 of each item
|clearpoke
|poke|p1|Floette-Eternal, L50, F|
|poke|p1|Incineroar, L50, M|
|poke|p1|Sinistcha, L50|
|poke|p1|Sneasler, L50, M|
|poke|p1|Gyarados, L50, M|
|poke|p1|Gholdengo, L50|
|poke|p2|Froslass, L50, F|
|poke|p2|Sneasler, L50, F|
|poke|p2|Raichu, L50, F|
|poke|p2|Garchomp, L50, M|
|poke|p2|Talonflame, L50, F|
|poke|p2|Kingambit, L50, M|
|teampreview|4
|showteam|p1|Floette-Eternal||Floettite|FlowerVeil|DrainingKiss,CalmMind,Protect,DazzlingGleam|Modest||F|||50|]Incineroar||ShucaBerry|Intimidate|FakeOut,PartingShot,FlareBlitz,ThroatChop|Careful||M|||50|]Sinistcha||SitrusBerry|Hospitality|MatchaGotcha,RagePowder,LifeDew,Protect|Bold|||||50|]Sneasler||FocusSash|Unburden|DireClaw,CloseCombat,QuickGuard,FakeOut|Jolly||M|||50|]Gyarados||Gyaradosite|Intimidate|DragonDance,Waterfall,Crunch,Protect|Adamant||M|||50|]Gholdengo||ChoiceScarf|GoodasGold|MakeItRain,ShadowBall,PowerGem,Trick|Modest|||||50|
|showteam|p2|Froslass||Froslassite|CursedBody|Blizzard,ShadowBall,AuroraVeil,Protect|Timid||F|||50|]Sneasler||WhiteHerb|Unburden|CloseCombat,DireClaw,FakeOut,Protect|Jolly||F|||50|]Raichu||RaichuniteY|LightningRod|ZapCannon,FocusBlast,FakeOut,Protect|Timid||F|||50|]Garchomp||SoftSand|RoughSkin|Earthquake,StompingTantrum,RockSlide,Protect|Jolly||M|||50|]Talonflame||LifeOrb|GaleWings|BraveBird,WillOWisp,Tailwind,Protect|Jolly||F|||50|]Kingambit||BlackGlasses|Defiant|KowtowCleave,SuckerPunch,SwordsDance,Protect|Adamant||M|||50|
|inactive|Battle timer is ON: inactive players will automatically lose when time's up. (requested by soulmoonvgc)
|inactive|pizzawing has 60 seconds left.
|
|t:|1785076621
|teamsize|p1|4
|teamsize|p2|4
|start
|switch|p1a: Incineroar|Incineroar, L50, M|100/100
|switch|p1b: Sneasler|Sneasler, L50, M|100/100
|switch|p2a: Froslass|Froslass, L50, F|100/100
|switch|p2b: Sneasler|Sneasler, L50, F|100/100
|-ability|p1a: Incineroar|Intimidate|boost
|-unboost|p2a: Froslass|atk|1
|-unboost|p2b: Sneasler|atk|1
|-enditem|p2b: Sneasler|White Herb
|-clearnegativeboost|p2b: Sneasler|[silent]
|turn|1
|inactive|pizzawing has 30 seconds left.
|inactive|pizzawing has 20 seconds left.
|inactive|pizzawing has 15 seconds left.
|
|t:|1785076665
|detailschange|p2a: Froslass|Froslass-Mega, L50, F
|-mega|p2a: Froslass|Froslass|Froslassite
|-weather|Snowscape|[from] ability: Snow Warning|[of] p2a: Froslass
|move|p1b: Sneasler|Fake Out|p2b: Sneasler
|-damage|p2b: Sneasler|81/100
|cant|p2b: Sneasler|flinch
|move|p2a: Froslass|Blizzard|p1b: Sneasler|[spread] p1a,p1b
|-resisted|p1a: Incineroar|1
|-damage|p1a: Incineroar|86/100
|-damage|p1b: Sneasler|42/100
|move|p1a: Incineroar|Flare Blitz|p2a: Froslass
|-supereffective|p2a: Froslass|1
|-damage|p2a: Froslass|14/100
|-damage|p1a: Incineroar|64/100|[from] Recoil
|
|-weather|Snowscape|[upkeep]
|upkeep
|turn|2
|inactive|pizzawing has 30 seconds left.
|inactive|pizzawing has 20 seconds left.
|inactive|pizzawing has 15 seconds left.
|inactive|pizzawing has 10 seconds left.
|inactive|pizzawing has 5 seconds left.
|
|t:|1785076717
|switch|p1a: Floette|Floette-Eternal, L50, F|100/100
|move|p2b: Sneasler|Close Combat|p1a: Floette
|-resisted|p1a: Floette|1
|-damage|p1a: Floette|63/100
|-unboost|p2b: Sneasler|def|1
|-unboost|p2b: Sneasler|spd|1
|move|p1b: Sneasler|Dire Claw|p2a: Froslass
|-resisted|p2a: Froslass|1
|-damage|p2a: Froslass|0 fnt
|faint|p2a: Froslass
|
|-weather|Snowscape|[upkeep]
|upkeep
|
|t:|1785076728
|switch|p2a: Garchomp|Garchomp, L50, M|100/100
|turn|3
|inactive|pizzawing has 30 seconds left.
|
|t:|1785076759
|switch|p2b: Talonflame|Talonflame, L50, F|100/100
|switch|p1b: Incineroar|Incineroar, L50, M|64/100
|-ability|p1b: Incineroar|Intimidate|boost
|-unboost|p2a: Garchomp|atk|1
|-unboost|p2b: Talonflame|atk|1
|detailschange|p1a: Floette|Floette-Mega, L50, F
|-mega|p1a: Floette|Floette|Floettite
|-ability|p1a: Floette|Fairy Aura
|move|p1a: Floette|Protect|p1a: Floette
|-singleturn|p1a: Floette|Protect
|move|p2a: Garchomp|Earthquake|p1b: Incineroar|[spread] p1b
|-activate|p1a: Floette|move: Protect
|-immune|p2b: Talonflame
|-supereffective|p1b: Incineroar|1
|-enditem|p1b: Incineroar|Shuca Berry|[eat]
|-enditem|p1b: Incineroar|Shuca Berry|[weaken]
|-damage|p1b: Incineroar|35/100
|
|-weather|Snowscape|[upkeep]
|upkeep
|turn|4
|inactive|pizzawing has 30 seconds left.
|
|t:|1785076785
|switch|p1b: Sinistcha|Sinistcha, L50|100/100
|-heal|p1a: Floette|88/100|[from] ability: Hospitality|[of] p1b: Sinistcha
|move|p2b: Talonflame|Brave Bird|p1a: Floette
|-damage|p1a: Floette|49/100
|-damage|p2b: Talonflame|85/100|[from] Recoil
|-damage|p2b: Talonflame|75/100|[from] item: Life Orb
|move|p2a: Garchomp|Earthquake|p1b: Sinistcha|[spread] p1a,p1b
|-immune|p2b: Talonflame
|-resisted|p1b: Sinistcha|1
|-damage|p1a: Floette|19/100
|-damage|p1b: Sinistcha|86/100
|move|p1a: Floette|Draining Kiss|p2a: Garchomp
|-supereffective|p2a: Garchomp|1
|-damage|p2a: Garchomp|16/100
|-heal|p1a: Floette|83/100|[from] drain|[of] p2a: Garchomp
|-damage|p1a: Floette|71/100|[from] ability: Rough Skin|[of] p2a: Garchomp
|
|-weather|Snowscape|[upkeep]
|upkeep
|turn|5
|inactive|pizzawing has 30 seconds left.
|
|t:|1785076819
|move|p2a: Garchomp|Protect|p2a: Garchomp
|-singleturn|p2a: Garchomp|Protect
|move|p1b: Sinistcha|Rage Powder|p1b: Sinistcha
|-singleturn|p1b: Sinistcha|move: Rage Powder
|move|p2b: Talonflame|Brave Bird|p1b: Sinistcha
|-supereffective|p1b: Sinistcha|1
|-damage|p1b: Sinistcha|19/100
|-enditem|p1b: Sinistcha|Sitrus Berry|[eat]
|-heal|p1b: Sinistcha|43/100|[from] item: Sitrus Berry
|-damage|p2b: Talonflame|49/100|[from] Recoil
|-damage|p2b: Talonflame|40/100|[from] item: Life Orb
|move|p1a: Floette|Dazzling Gleam|p2b: Talonflame|[spread] p2b
|-activate|p2a: Garchomp|move: Protect
|-resisted|p2b: Talonflame|1
|-damage|p2b: Talonflame|6/100
|
|-weather|none
|upkeep
|turn|6
|
|t:|1785076832
|move|p1b: Sinistcha|Protect|p1b: Sinistcha
|-singleturn|p1b: Sinistcha|Protect
|move|p2b: Talonflame|Tailwind|p2b: Talonflame
|-sidestart|p2: soulmoonvgc|move: Tailwind
|move|p2a: Garchomp|Rock Slide|p1a: Floette|[spread] p1a
|-activate|p1b: Sinistcha|move: Protect
|-damage|p1a: Floette|59/100
|move|p1a: Floette|Dazzling Gleam|p2b: Talonflame|[spread] p2a,p2b
|-supereffective|p2a: Garchomp|1
|-resisted|p2b: Talonflame|1
|-damage|p2a: Garchomp|0 fnt
|-damage|p2b: Talonflame|0 fnt
|faint|p2a: Garchomp
|faint|p2b: Talonflame
|
|upkeep
|
|t:|1785076836
|switch|p2b: Sneasler|Sneasler, L50, F|81/100
|turn|7
|
|t:|1785076842
|move|p1b: Sinistcha|Rage Powder|p1b: Sinistcha
|-singleturn|p1b: Sinistcha|move: Rage Powder
|move|p2b: Sneasler|Dire Claw|p1b: Sinistcha
|-damage|p1b: Sinistcha|10/100
|-status|p1b: Sinistcha|par
|move|p1a: Floette|Draining Kiss|p2b: Sneasler
|-damage|p2b: Sneasler|36/100
|-heal|p1a: Floette|90/100|[from] drain|[of] p2b: Sneasler
|
|upkeep
|turn|8
|
|t:|1785076854
|switch|p1b: Incineroar|Incineroar, L50, M|35/100
|-ability|p1b: Incineroar|Intimidate|boost
|-unboost|p2b: Sneasler|atk|1
|move|p2b: Sneasler|Dire Claw|p1a: Floette
|-supereffective|p1a: Floette|1
|-damage|p1a: Floette|42/100
|move|p1a: Floette|Dazzling Gleam|p2b: Sneasler
|-damage|p2b: Sneasler|0 fnt
|faint|p2b: Sneasler
|
|win|pizzawing
|raw|pizzawing's rating: 1401 → 1426(+25 for winning)
|raw|soulmoonvgc's rating: 1499 → 1474(-25 for losing)
