|j|☆nice_flop
|j|☆Luh_simoes-04
|html|nice_flopLuh_simoes-04    
|uhtml|bestof|Game 2 of a best-of-3
|t:|1757721859
|gametype|doubles
|player|p1|nice_flop|102|1253
|player|p2|Luh_simoes-04|drayden|1341
|gen|9
|tier|[Gen 9] VGC 2025 Reg H (Bo3)
|rated|
|rule|Species Clause: Limit one of each Pokémon
|rule|Item Clause: Limit 1 of each item
|clearpoke
|poke|p1|Malamar, L50, M|
|poke|p1|Rillaboom, L50, F|
|poke|p1|Incineroar, L50, F|
|poke|p1|Primarina, L50, M|
|poke|p1|Pelipper, L50, M|
|poke|p1|Archaludon, L50, M|
|poke|p2|Armarouge, L50, M|
|poke|p2|Ursaluna-Bloodmoon, L50, M|
|poke|p2|Indeedee-F, L50, F|
|poke|p2|Tsareena, L50, F|
|poke|p2|Primarina, L50, M|
|poke|p2|Gallade, L50, M|
|teampreview|4
|showteam|p1|Malamar||SitrusBerry|Contrary|Protect,TopsyTurvy,KnockOff,Superpower|||M|||50|,,,,,Ghost]Rillaboom||MiracleSeed|GrassySurge|Protect,FakeOut,GrassyGlide,WoodHammer|||F|||50|,,,,,Grass]Incineroar||SafetyGoggles|Intimidate|PartingShot,FakeOut,KnockOff,FlareBlitz|||F|||50|,,,,,Ghost]Primarina||Leftovers|LiquidVoice|Protect,TeraBlast,Moonblast,HyperVoice|||M|||50|,,,,,Steel]Pelipper||FocusSash|Drizzle|Protect,Tailwind,WeatherBall,Hurricane|||M|||50|,,,,,Ghost]Archaludon||AssaultVest|Stamina|BodyPress,ElectroShot,FlashCannon,DracoMeteor|||M|||50|,,,,,Fairy
|showteam|p2|Armarouge||PowerHerb|FlashFire|ArmorCannon,ExpandingForce,MeteorBeam,TrickRoom|||M|||50|,,,,,Grass]Ursaluna-Bloodmoon||LifeOrb|MindsEye|HyperVoice,BloodMoon,EarthPower,Protect|||M|||50|,,,,,Normal]Indeedee-F||MentalHerb|PsychicSurge|Psychic,HelpingHand,FollowMe,TrickRoom|||F|||50|,,,,,Fairy]Tsareena||WideLens|QueenlyMajesty|PowerWhip,TripleAxel,Taunt,Protect|||F|||50|,,,,,Ice]Primarina||ThroatSpray|LiquidVoice|HyperVoice,Moonblast,Haze,Protect|||M|||50|,,,,,Steel]Gallade||SafetyGoggles|Sharpness|SacredSword,PsychoCut,WideGuard,TrickRoom|||M|||50|,,,,,Water
|inactive|Battle timer is ON: inactive players will automatically lose when time's up. (requested by nice_flop)
|inactive|Luh_simoes-04 also wants the timer to be on.
|
|t:|1757721877
|teamsize|p1|4
|teamsize|p2|4
|start
|switch|p1a: Incineroar|Incineroar, L50, F|100/100
|switch|p1b: Malamar|Malamar, L50, M|100/100
|switch|p2a: Indeedee|Indeedee-F, L50, F|100/100
|switch|p2b: Armarouge|Armarouge, L50, M|100/100
|-ability|p1a: Incineroar|Intimidate|boost
|-unboost|p2a: Indeedee|atk|1
|-unboost|p2b: Armarouge|atk|1
|-fieldstart|move: Psychic Terrain|[from] ability: Psychic Surge|[of] p2a: Indeedee
|turn|1
|
|t:|1757721900
|move|p2a: Indeedee|Follow Me|p2a: Indeedee
|-singleturn|p2a: Indeedee|move: Follow Me
|move|p1b: Malamar|Knock Off|p2a: Indeedee
|-supereffective|p2a: Indeedee
|-damage|p2a: Indeedee|28/100
|-enditem|p2a: Indeedee|Mental Herb|[from] move: Knock Off|[of] p1b: Malamar
|move|p1a: Incineroar|Knock Off|p2a: Indeedee
|-supereffective|p2a: Indeedee
|-damage|p2a: Indeedee|0 fnt
|faint|p2a: Indeedee
|move|p2b: Armarouge|Trick Room|p2b: Armarouge
|-fieldstart|move: Trick Room|[of] p2b: Armarouge
|
|upkeep
|
|t:|1757721907
|switch|p2a: Primarina|Primarina, L50, M|100/100
|turn|2
|inactive|nice_flop has 30 seconds left.
|
|t:|1757721936
|switch|p1a: Rillaboom|Rillaboom, L50, F|100/100
|-fieldstart|move: Grassy Terrain|[from] ability: Grassy Surge|[of] p1a: Rillaboom
|-terastallize|p2b: Armarouge|Grass
|move|p2b: Armarouge|Meteor Beam||[still]
|-prepare|p2b: Armarouge|Meteor Beam
|-boost|p2b: Armarouge|spa|1
|-enditem|p2b: Armarouge|Power Herb
|-anim|p2b: Armarouge|Meteor Beam|p1a: Rillaboom
|-damage|p1a: Rillaboom|19/100
|move|p2a: Primarina|Hyper Voice|p1b: Malamar|[spread] p1a,p1b
|-resisted|p1a: Rillaboom
|-damage|p1a: Rillaboom|0 fnt
|-damage|p1b: Malamar|66/100
|faint|p1a: Rillaboom
|-enditem|p2a: Primarina|Throat Spray
|-boost|p2a: Primarina|spa|1|[from] item: Throat Spray
|move|p1b: Malamar|Knock Off|p2b: Armarouge
|-damage|p2b: Armarouge|82/100
|
|-heal|p2b: Armarouge|88/100|[from] Grassy Terrain
|-heal|p1b: Malamar|72/100|[from] Grassy Terrain
|upkeep
|
|t:|1757721961
|switch|p1a: Incineroar|Incineroar, L50, F|100/100
|-ability|p1a: Incineroar|Intimidate|boost
|-unboost|p2a: Primarina|atk|1
|-unboost|p2b: Armarouge|atk|1
|turn|3
|inactive|nice_flop has 30 seconds left.
|inactive|nice_flop has 20 seconds left.
|
|t:|1757721999
|-terastallize|p1a: Incineroar|Ghost
|move|p2b: Armarouge|Armor Cannon|p1b: Malamar
|-damage|p1b: Malamar|0 fnt
|-unboost|p2b: Armarouge|def|1
|-unboost|p2b: Armarouge|spd|1
|faint|p1b: Malamar
|move|p2a: Primarina|Hyper Voice|p1a: Incineroar
|-damage|p1a: Incineroar|29/100
|move|p1a: Incineroar|Knock Off|p2a: Primarina
|-resisted|p2a: Primarina
|-damage|p2a: Primarina|81/100
|
|-heal|p2b: Armarouge|94/100|[from] Grassy Terrain
|-heal|p2a: Primarina|87/100|[from] Grassy Terrain
|-heal|p1a: Incineroar|35/100|[from] Grassy Terrain
|upkeep
|
|t:|1757722014
|switch|p1b: Primarina|Primarina, L50, M|100/100
|turn|4
|
|t:|1757722028
|move|p1b: Primarina|Moonblast|p2b: Armarouge
|-damage|p2b: Armarouge|8/100
|move|p2b: Armarouge|Expanding Force|p1b: Primarina
|-damage|p1b: Primarina|42/100
|move|p2a: Primarina|Moonblast|p1b: Primarina
|-crit|p1b: Primarina
|-damage|p1b: Primarina|0 fnt
|faint|p1b: Primarina
|move|p1a: Incineroar|Flare Blitz|p2a: Primarina
|-resisted|p2a: Primarina
|-damage|p2a: Primarina|54/100
|-damage|p1a: Incineroar|24/100|[from] Recoil
|
|-heal|p2b: Armarouge|14/100|[from] Grassy Terrain
|-heal|p2a: Primarina|60/100|[from] Grassy Terrain
|-heal|p1a: Incineroar|31/100|[from] Grassy Terrain
|upkeep
|turn|5
|
|t:|1757722046
|move|p2b: Armarouge|Armor Cannon|p1a: Incineroar
|-damage|p1a: Incineroar|0 fnt
|-unboost|p2b: Armarouge|def|1
|-unboost|p2b: Armarouge|spd|1
|faint|p1a: Incineroar
|
|win|Luh_simoes-04
||nice_flop is ready for game 3.
|inactive|Luh_simoes-04 has 30 seconds to confirm battle start!
||Luh_simoes-04 is ready for game 3.
|uhtml|next|Next: Game 3 of 3
