|j|☆saboyita
|j|☆iLouca
|html|saboyitaiLouca    
|uhtml|bestof|Game 1 of a best-of-3
|t:|1756496874
|gametype|doubles
|player|p1|saboyita|grimsley|1054
|player|p2|iLouca|acetrainer|1165
|gen|9
|tier|[Gen 9] VGC 2025 Reg H (Bo3)
|rated|
|rule|Species Clause: Limit one of each Pokémon
|rule|Item Clause: Limit 1 of each item
|clearpoke
|poke|p1|Amoonguss, L50, F|
|poke|p1|Hydreigon, L50, F|
|poke|p1|Whimsicott, L50, M|
|poke|p1|Maushold-Four, L50|
|poke|p1|Annihilape, L50, F|
|poke|p1|Ursaluna-Bloodmoon, L50, M|
|poke|p2|Charizard, L50, M|
|poke|p2|Dragapult, L50, M|
|poke|p2|Baxcalibur, L50, M|
|poke|p2|Ursaluna, L50, M|
|poke|p2|Whimsicott, L50, F|
|poke|p2|Torkoal, L50, M|
|teampreview|4
|showteam|p1|Amoonguss||MentalHerb|Regenerator|ClearSmog,Spore,RagePowder,Protect|||F|||50|,,,,,Water]Hydreigon||ChoiceSpecs|Levitate|Snarl,HeatWave,DarkPulse,DracoMeteor|||F|||50|,,,,,Ghost]Whimsicott||CovertCloak|Prankster|BeatUp,Encore,HelpingHand,Tailwind|||M|||50|,,,,,Dark]Maushold-Four||WideLens|Technician|PopulationBomb,Taunt,FollowMe,Protect||||||50|,,,,,Ghost]Annihilape||Leftovers|Defiant|RageFist,CloseCombat,FinalGambit,Protect|||F|||50|,,,,,Fire]Ursaluna-Bloodmoon||LifeOrb|MindsEye|HyperVoice,EarthPower,BloodMoon,Protect|||M|||50|,,,,,Water
|showteam|p2|Charizard||ChoiceSpecs|SolarPower|HeatWave,Overheat,AirSlash,SolarBeam|||M|||50|,,,,,Ghost]Dragapult||ChoiceBand|ClearBody|DragonDarts,PhantomForce,PsychicFangs,Uturn|||M|||50|,,,,,Dragon]Baxcalibur||CovertCloak|ThermalExchange|GlaiveRush,IcicleCrash,IceShard,Protect|||M|||50|,,,,,Poison]Ursaluna||FlameOrb|Guts|Facade,HeadlongRush,Earthquake,Protect|||M|||50|,,,,,Ghost]Whimsicott||FocusSash|Prankster|Moonblast,SunnyDay,Tailwind,TrickRoom|||F|||50|,,,,,Ghost]Torkoal||EjectPack|Drought|Eruption,Overheat,HelpingHand,Protect|||M|||50|,,,,,Fire
|inactive|Battle timer is ON: inactive players will automatically lose when time's up. (requested by saboyita)
|inactive|saboyita has 60 seconds left.
|inactive|iLouca has 60 seconds left.
|
|t:|1756496915
|teamsize|p1|4
|teamsize|p2|4
|start
|switch|p1a: Hydreigon|Hydreigon, L50, F|100/100
|switch|p1b: Whimsicott|Whimsicott, L50, M|100/100
|switch|p2a: Charizard|Charizard, L50, M|100/100
|switch|p2b: Torkoal|Torkoal, L50, M|100/100
|-weather|SunnyDay|[from] ability: Drought|[of] p2b: Torkoal
|turn|1
|inactive|saboyita has 30 seconds left.
|inactive|iLouca has 30 seconds left.
|
|t:|1756496945
|move|p1b: Whimsicott|Tailwind|p1b: Whimsicott
|-sidestart|p1: saboyita|move: Tailwind
|move|p1a: Hydreigon|Snarl|p2a: Charizard|[spread] p2a,p2b
|-damage|p2a: Charizard|52/100
|-damage|p2b: Torkoal|58/100
|-unboost|p2a: Charizard|spa|1
|-unboost|p2b: Torkoal|spa|1
|-enditem|p2b: Torkoal|Eject Pack
|
|t:|1756496964
|switch|p2b: Baxcalibur|Baxcalibur, L50, M|100/100
|move|p2a: Charizard|Heat Wave|p1a: Hydreigon|[spread] p1a,p1b
|-resisted|p1a: Hydreigon
|-supereffective|p1b: Whimsicott
|-damage|p1a: Hydreigon|58/100
|-damage|p1b: Whimsicott|0 fnt
|faint|p1b: Whimsicott
|
|-weather|SunnyDay|[upkeep]
|-damage|p2a: Charizard|39/100|[from] ability: Solar Power|[of] p2a: Charizard
|upkeep
|
|t:|1756496972
|switch|p1b: Maushold|Maushold-Four, L50|100/100
|turn|2
|
|t:|1756496994
|switch|p2a: Dragapult|Dragapult, L50, M|100/100
|move|p2b: Baxcalibur|Ice Shard|p1a: Hydreigon
|-supereffective|p1a: Hydreigon
|-damage|p1a: Hydreigon|0 fnt
|faint|p1a: Hydreigon
|move|p1b: Maushold|Population Bomb|p2b: Baxcalibur
|-damage|p2b: Baxcalibur|91/100
|-damage|p2b: Baxcalibur|82/100
|-damage|p2b: Baxcalibur|71/100
|-damage|p2b: Baxcalibur|61/100
|-damage|p2b: Baxcalibur|51/100
|-damage|p2b: Baxcalibur|41/100
|-damage|p2b: Baxcalibur|32/100
|-damage|p2b: Baxcalibur|22/100
|-crit|p2b: Baxcalibur
|-damage|p2b: Baxcalibur|6/100
|-crit|p2b: Baxcalibur
|-damage|p2b: Baxcalibur|0 fnt
|faint|p2b: Baxcalibur
|-hitcount|p2: Baxcalibur|10
|
|-weather|SunnyDay|[upkeep]
|upkeep
|
|t:|1756497017
|switch|p1a: Annihilape|Annihilape, L50, F|100/100
|switch|p2b: Torkoal|Torkoal, L50, M|58/100
|turn|3
|
|t:|1756497039
|move|p1b: Maushold|Population Bomb|p2b: Torkoal
|-damage|p2b: Torkoal|49/100
|-crit|p2b: Torkoal
|-damage|p2b: Torkoal|35/100
|-damage|p2b: Torkoal|26/100
|-damage|p2b: Torkoal|17/100
|-damage|p2b: Torkoal|8/100
|-damage|p2b: Torkoal|0 fnt
|faint|p2b: Torkoal
|-hitcount|p2: Torkoal|6
|move|p1a: Annihilape|Rage Fist|p2a: Dragapult
|-supereffective|p2a: Dragapult
|-damage|p2a: Dragapult|41/100
|move|p2a: Dragapult|Dragon Darts|p1b: Maushold
|-damage|p1b: Maushold|36/100
|-anim|p2a: Dragapult|Dragon Darts|p1a: Annihilape
|-damage|p1a: Annihilape|62/100
|
|-weather|SunnyDay|[upkeep]
|-heal|p1a: Annihilape|68/100|[from] item: Leftovers
|upkeep
|
|t:|1756497061
|switch|p2b: Charizard|Charizard, L50, M|39/100
|turn|4
|
|t:|1756497083
|-terastallize|p1a: Annihilape|Fire
|-terastallize|p2b: Charizard|Ghost
|move|p1b: Maushold|Population Bomb|p2b: Charizard
|-immune|p2b: Charizard
|move|p1a: Annihilape|Rage Fist|p2a: Dragapult
|-supereffective|p2a: Dragapult
|-damage|p2a: Dragapult|0 fnt
|faint|p2a: Dragapult
|move|p2b: Charizard|Heat Wave|p1a: Annihilape|[spread] p1a,p1b
|-resisted|p1a: Annihilape
|-damage|p1a: Annihilape|13/100
|-damage|p1b: Maushold|0 fnt
|faint|p1b: Maushold
|
|-weather|SunnyDay|[upkeep]
|-damage|p2b: Charizard|27/100|[from] ability: Solar Power|[of] p2b: Charizard
|-heal|p1a: Annihilape|19/100|[from] item: Leftovers
|-sideend|p1: saboyita|move: Tailwind
|upkeep
|turn|5
|
|t:|1756497104
|move|p1a: Annihilape|Protect|p1a: Annihilape
|-singleturn|p1a: Annihilape|Protect
|move|p2b: Charizard|Heat Wave|p1a: Annihilape
|-activate|p1a: Annihilape|move: Protect
|
|-weather|none
|-heal|p1a: Annihilape|26/100|[from] item: Leftovers
|upkeep
|turn|6
|
|t:|1756497113
|move|p2b: Charizard|Heat Wave|p1a: Annihilape
|-resisted|p1a: Annihilape
|-damage|p1a: Annihilape|0 fnt
|faint|p1a: Annihilape
|
|win|iLouca
