|j|☆umbreoffxd
|j|☆WASHINGTONGARGACHA
|html|umbreoffxdWASHINGTONGARGACHA    
|uhtml|bestof|Game 1 of a best-of-3
|t:|1757862048
|gametype|doubles
|player|p1|umbreoffxd|ingo-hisui|1062
|player|p2|WASHINGTONGARGACHA|169|1080
|gen|9
|tier|[Gen 9] VGC 2025 Reg H (Bo3)
|rated|
|rule|Species Clause: Limit one of each Pokémon
|rule|Item Clause: Limit 1 of each item
|clearpoke
|poke|p1|Baxcalibur, L50, M|
|poke|p1|Rillaboom, L50, M|
|poke|p1|Gholdengo, L50|
|poke|p1|Sneasler, L50, M|
|poke|p1|Volcarona, L50, F|
|poke|p1|Dondozo, L50, F|
|poke|p2|Volcarona, L50, F|
|poke|p2|Rillaboom, L50, F|
|poke|p2|Sinistcha, L50|
|poke|p2|Annihilape, L50, F|
|poke|p2|Maushold-Four, L50|
|poke|p2|Gholdengo, L50|
|teampreview|4
|showteam|p1|Baxcalibur||LoadedDice|ThermalExchange|Protect,IceShard,ScaleShot,IcicleSpear|||M|||50|,,,,,Poison]Rillaboom||AssaultVest|GrassySurge|FakeOut,GrassyGlide,WoodHammer,HighHorsepower|||M|||50|,,,,,Fire]Gholdengo||LifeOrb|GoodasGold|MakeItRain,ShadowBall,NastyPlot,Protect||||||50|,,,,,Water]Sneasler||FocusSash|Unburden|ThroatChop,DireClaw,CloseCombat,Protect|||M|||50|,,,,,Dark]Volcarona||CovertCloak|FlameBody|StruggleBug,WillOWisp,HeatWave,Tailwind|||F|||50|,,,,,Water]Dondozo||Leftovers|Unaware|Protect,WaveCrash,Yawn,Fissure|||F|||50|,,,,,Bug
|showteam|p2|Volcarona||GrassySeed|FlameBody|QuiverDance,HeatWave,TeraBlast,Protect|||F|||50|,,,,,Fairy]Rillaboom||AssaultVest|GrassySurge|FakeOut,WoodHammer,GrassyGlide,Uturn|||F|||50|,,,,,Grass]Sinistcha||RockyHelmet|Hospitality|TrickRoom,LifeDew,RagePowder,MatchaGotcha||||||50|,,,,,Grass]Annihilape||SitrusBerry|Defiant|RageFist,Protect,DrainPunch,BulkUp|||F|||50|,,,,,Fire]Maushold-Four||FocusSash|FriendGuard|BeatUp,FollowMe,Protect,Crunch||||||50|,,,,,Normal]Gholdengo||LifeOrb|GoodasGold|NastyPlot,Protect,MakeItRain,ShadowBall||||||50|,,,,,Steel
|inactive|Battle timer is ON: inactive players will automatically lose when time's up. (requested by umbreoffxd)
|
|t:|1757862096
|teamsize|p1|4
|teamsize|p2|4
|start
|switch|p1a: Sneasler|Sneasler, L50, M|100/100
|switch|p1b: Baxcalibur|Baxcalibur, L50, M, shiny|100/100
|switch|p2a: Annihilape|Annihilape, L50, F|100/100
|switch|p2b: Maushold|Maushold-Four, L50|100/100
|turn|1
|inactive|umbreoffxd has 30 seconds left.
|
|t:|1757862127
|-terastallize|p2a: Annihilape|Fire
|move|p2b: Maushold|Beat Up|p2a: Annihilape
|-damage|p2a: Annihilape|98/100
|-damage|p2a: Annihilape|95/100
|-damage|p2a: Annihilape|93/100
|-damage|p2a: Annihilape|91/100
|-hitcount|p2a: Annihilape|4
|move|p1a: Sneasler|Close Combat|p2b: Maushold
|-supereffective|p2b: Maushold
|-enditem|p2b: Maushold|Focus Sash
|-damage|p2b: Maushold|1/100
|-unboost|p1a: Sneasler|def|1
|-unboost|p1a: Sneasler|spd|1
|move|p1b: Baxcalibur|Scale Shot|p2b: Maushold
|-damage|p2b: Maushold|0 fnt
|faint|p2b: Maushold
|-hitcount|p2: Maushold|1
|-unboost|p1b: Baxcalibur|def|1
|-boost|p1b: Baxcalibur|spe|1
|move|p2a: Annihilape|Bulk Up|p2a: Annihilape
|-boost|p2a: Annihilape|atk|1
|-boost|p2a: Annihilape|def|1
|
|upkeep
|
|t:|1757862152
|switch|p2b: Sinistcha|Sinistcha, L50|100/100
|-heal|p2a: Annihilape|100/100|[from] ability: Hospitality|[of] p2b: Sinistcha
|turn|2
|inactive|WASHINGTONGARGACHA has 30 seconds left.
|
|t:|1757862180
|switch|p2b: Volcarona|Volcarona, L50, F|100/100
|move|p1b: Baxcalibur|Icicle Spear|p2b: Volcarona
|-resisted|p2b: Volcarona
|-damage|p2b: Volcarona|88/100
|-resisted|p2b: Volcarona
|-damage|p2b: Volcarona|75/100
|-resisted|p2b: Volcarona
|-damage|p2b: Volcarona|62/100
|-resisted|p2b: Volcarona
|-damage|p2b: Volcarona|50/100
|-hitcount|p2b: Volcarona|4
|move|p1a: Sneasler|Dire Claw|p2a: Annihilape
|-damage|p2a: Annihilape|68/100
|-status|p2a: Annihilape|par
|move|p2a: Annihilape|Rage Fist|p1b: Baxcalibur
|-damage|p1b: Baxcalibur|0 fnt
|faint|p1b: Baxcalibur
|
|upkeep
|inactive|umbreoffxd has 30 seconds left.
|
|t:|1757862206
|switch|p1b: Gholdengo|Gholdengo, L50|100/100
|turn|3
|
|t:|1757862223
|switch|p2b: Sinistcha|Sinistcha, L50|100/100
|-heal|p2a: Annihilape|93/100 par|[from] ability: Hospitality|[of] p2b: Sinistcha
|-terastallize|p1b: Gholdengo|Water
|move|p1a: Sneasler|Dire Claw|p2b: Sinistcha
|-damage|p2b: Sinistcha|70/100
|-status|p2b: Sinistcha|par
|-damage|p1a: Sneasler|84/100|[from] item: Rocky Helmet|[of] p2b: Sinistcha
|move|p1b: Gholdengo|Shadow Ball|p2a: Annihilape
|-damage|p2a: Annihilape|47/100 par
|-enditem|p2a: Annihilape|Sitrus Berry|[eat]
|-heal|p2a: Annihilape|72/100 par|[from] item: Sitrus Berry
|-damage|p1b: Gholdengo|91/100|[from] item: Life Orb
|move|p2a: Annihilape|Rage Fist|p1b: Gholdengo
|-damage|p1b: Gholdengo|0 fnt
|faint|p1b: Gholdengo
|
|upkeep
|
|t:|1757862236
|switch|p1b: Volcarona|Volcarona, L50, F|100/100
|turn|4
|inactive|WASHINGTONGARGACHA has 30 seconds left.
|inactive|WASHINGTONGARGACHA has 20 seconds left.
|
|t:|1757862273
|move|p2b: Sinistcha|Rage Powder|p2b: Sinistcha
|-singleturn|p2b: Sinistcha|move: Rage Powder
|move|p1a: Sneasler|Close Combat|p2b: Sinistcha
|-immune|p2b: Sinistcha
|move|p1b: Volcarona|Heat Wave|p2a: Annihilape|[spread] p2a,p2b
|-resisted|p2a: Annihilape
|-supereffective|p2b: Sinistcha
|-damage|p2a: Annihilape|57/100 par
|-damage|p2b: Sinistcha|0 fnt
|faint|p2b: Sinistcha
|cant|p2a: Annihilape|par
|
|upkeep
|
|t:|1757862283
|switch|p2b: Volcarona|Volcarona, L50, F|50/100
|turn|5
|
|t:|1757862298
|move|p1a: Sneasler|Protect|p1a: Sneasler
|-singleturn|p1a: Sneasler|Protect
|move|p1b: Volcarona|Tailwind|p1b: Volcarona
|-sidestart|p1: umbreoffxd|move: Tailwind
|move|p2b: Volcarona|Quiver Dance|p2b: Volcarona
|-boost|p2b: Volcarona|spa|1
|-boost|p2b: Volcarona|spd|1
|-boost|p2b: Volcarona|spe|1
|move|p2a: Annihilape|Rage Fist|p1b: Volcarona
|-damage|p1b: Volcarona|0 fnt
|faint|p1b: Volcarona
|
|upkeep
|turn|6
|
|t:|1757862316
|move|p1a: Sneasler|Dire Claw|p2b: Volcarona
|-damage|p2b: Volcarona|0 fnt
|-status|p1a: Sneasler|brn|[from] ability: Flame Body|[of] p2b: Volcarona
|faint|p2b: Volcarona
|move|p2a: Annihilape|Rage Fist|p1a: Sneasler
|-damage|p1a: Sneasler|0 fnt
|faint|p1a: Sneasler
|
|win|WASHINGTONGARGACHA
