|j|☆aqoursfan1
|j|☆komsu
|html|aqoursfan1komsu    
|uhtml|bestof|Game 2 of a best-of-3
|t:|1786075429
|gametype|doubles
|player|p1|aqoursfan1|anabel-gen7|1323
|player|p2|komsu|pokemonranger-gen4|1259
|gen|9
|tier|[Gen 9 Champions] VGC 2026 Reg M-B (Bo3)
|rated|
|rule|Species Clause: Limit one of each Pokémon
|rule|Item Clause: Limit 1 of each item
|clearpoke
|poke|p1|Raichu, L50, F|
|poke|p1|Kingambit, L50, F|
|poke|p1|Whimsicott, L50, F|
|poke|p1|Basculegion, L50, M|
|poke|p1|Arcanine-Hisui, L50, F|
|poke|p1|Farigiraf, L50, F|
|poke|p2|Scizor, L50, M|
|poke|p2|Milotic, L50, M|
|poke|p2|Tyranitar, L50, M|
|poke|p2|Rotom-Heat, L50|
|poke|p2|Floette-Eternal, L50, F|
|poke|p2|Farigiraf, L50, M|
|teampreview|4
|showteam|p1|Raichu||RaichuniteY|LightningRod|ZapCannon,FocusBlast,FakeOut,Protect|Timid||F|||50|]Kingambit||ChopleBerry|Defiant|KowtowCleave,SuckerPunch,IronHead,Protect|Adamant||F|||50|]Whimsicott||LifeOrb|Prankster|Moonblast,Encore,Tailwind,Protect|Timid||F|||50|]Basculegion||MysticWater|Adaptability|WaveCrash,LastRespects,AquaJet,Protect|Adamant||M|||50|]Arcanine-Hisui||FocusSash|RockHead|FlareBlitz,HeadSmash,ExtremeSpeed,Protect|Adamant||F|||50|]Farigiraf||SitrusBerry|ArmorTail|Psychic,GrassKnot,HelpingHand,TrickRoom|Modest||F|||50|
|showteam|p2|Scizor||LifeOrb|Technician|BulletPunch,BugBite,DualWingbeat,Protect|Adamant||M|||50|]Milotic||SitrusBerry|Competitive|Scald,IceBeam,IcyWind,Protect|Modest||M|||50|]Tyranitar||Tyranitarite|SandStream|RockSlide,KnockOff,LowKick,Protect|Jolly||M|||50|]Rotom-Heat||ChoiceScarf|Levitate|Overheat,VoltSwitch,Electroweb,Thunderbolt|Modest|||||50|]Floette-Eternal||Floettite|FlowerVeil|Moonblast,DazzlingGleam,LightofRuin,Protect|Timid||F|||50|]Farigiraf||ColburBerry|ArmorTail|PsychicNoise,Thunderbolt,TrickRoom,Protect|Bold||M|||50|
|inactive|Battle timer is ON: inactive players will automatically lose when time's up. (requested by aqoursfan1)
|inactive|aqoursfan1 has 60 seconds left.
|
|t:|1786075463
|teamsize|p1|4
|teamsize|p2|4
|start
|switch|p1a: Raichu|Raichu, L50, F|100/100
|switch|p1b: Arcanine|Arcanine-Hisui, L50, F|100/100
|switch|p2a: Rotom|Rotom-Heat, L50|100/100
|switch|p2b: Tyranitar|Tyranitar, L50, M|100/100
|-weather|Sandstorm|[from] ability: Sand Stream|[of] p2b: Tyranitar
|turn|1
|
|t:|1786075488
|switch|p2a: Farigiraf|Farigiraf, L50, M|100/100
|move|p1a: Raichu|Protect|p1a: Raichu
|-singleturn|p1a: Raichu|Protect
|move|p1b: Arcanine|Head Smash|p2a: Farigiraf
|-damage|p2a: Farigiraf|39/100
|move|p2b: Tyranitar|Rock Slide|p1a: Raichu|[spread] 
|-activate|p1a: Raichu|move: Protect
|-miss|p2b: Tyranitar|p1b: Arcanine
|
|-weather|Sandstorm|[upkeep]
|-damage|p1a: Raichu|93/100|[from] Sandstorm
|-damage|p2a: Farigiraf|33/100|[from] Sandstorm
|upkeep
|turn|2
|inactive|komsu has 30 seconds left.
|inactive|komsu has 20 seconds left.
|
|t:|1786075526
|detailschange|p1a: Raichu|Raichu-Mega-Y, L50, F
|-mega|p1a: Raichu|Raichu|Raichunite Y
|move|p2b: Tyranitar|Protect|p2b: Tyranitar
|-singleturn|p2b: Tyranitar|Protect
|move|p1a: Raichu|Focus Blast|p2b: Tyranitar
|-activate|p2b: Tyranitar|move: Protect
|move|p1b: Arcanine|Flare Blitz|p2b: Tyranitar
|-activate|p2b: Tyranitar|move: Protect
|move|p2a: Farigiraf|Psychic Noise|p1b: Arcanine
|-damage|p1b: Arcanine|78/100
|-start|p1b: Arcanine|move: Heal Block
|
|-weather|Sandstorm|[upkeep]
|-damage|p1a: Raichu|87/100|[from] Sandstorm
|-damage|p2a: Farigiraf|27/100|[from] Sandstorm
|upkeep
|turn|3
|inactive|komsu has 30 seconds left.
|
|t:|1786075553
|switch|p2b: Rotom|Rotom-Heat, L50|100/100
|move|p1a: Raichu|Focus Blast|p2b: Rotom
|-damage|p2b: Rotom|49/100
|move|p1b: Arcanine|Flare Blitz|p2b: Rotom
|-resisted|p2b: Rotom|1
|-damage|p2b: Rotom|6/100
|move|p2a: Farigiraf|Psychic Noise|p1a: Raichu
|-damage|p1a: Raichu|50/100g
|-start|p1a: Raichu|move: Heal Block
|
|-weather|Sandstorm|[upkeep]
|-damage|p2b: Rotom|1/100|[from] Sandstorm
|-damage|p1a: Raichu|44/100|[from] Sandstorm
|-damage|p2a: Farigiraf|21/100|[from] Sandstorm
|-end|p1b: Arcanine|move: Heal Block
|upkeep
|turn|4
|inactive|komsu has 30 seconds left.
|
|t:|1786075583
|move|p1a: Raichu|Protect|p1a: Raichu
|-singleturn|p1a: Raichu|Protect
|move|p2b: Rotom|Electroweb|p1a: Raichu|[spread] p1b
|-activate|p1a: Raichu|move: Protect
|-damage|p1b: Arcanine|61/100
|-unboost|p1b: Arcanine|spe|1
|move|p1b: Arcanine|Flare Blitz|p2a: Farigiraf
|-damage|p2a: Farigiraf|0 fnt
|faint|p2a: Farigiraf
|
|-weather|Sandstorm|[upkeep]
|-damage|p2b: Rotom|0 fnt|[from] Sandstorm
|-damage|p1a: Raichu|38/100|[from] Sandstorm
|faint|p2b: Rotom
|-end|p1a: Raichu|move: Heal Block
|upkeep
|
|t:|1786075589
|switch|p2b: Floette|Floette-Eternal, L50, F|100/100
|switch|p2a: Tyranitar|Tyranitar, L50, M|100/100
|turn|5
|
|t:|1786075607
|detailschange|p2b: Floette|Floette-Mega, L50, F
|-mega|p2b: Floette|Floette|Floettite
|-ability|p2b: Floette|Fairy Aura
|move|p2b: Floette|Protect|p2b: Floette
|-singleturn|p2b: Floette|Protect
|move|p1b: Arcanine|Protect|p1b: Arcanine
|-singleturn|p1b: Arcanine|Protect
|move|p1a: Raichu|Zap Cannon|p2b: Floette
|-activate|p2b: Floette|move: Protect
|move|p2a: Tyranitar|Rock Slide|p1a: Raichu|[spread] p1a
|-activate|p1b: Arcanine|move: Protect
|-damage|p1a: Raichu|2/100
|
|-weather|none
|upkeep
|turn|6
|-message|komsu forfeited.
|
|win|aqoursfan1
|raw|aqoursfan1's rating: 1323 → 1339(+16 for winning)
|raw|komsu's rating: 1259 → 1239(-20 for losing)
