|j|☆NathanaelW19
|j|☆btb0811
|html|NathanaelW19btb0811    
|uhtml|bestof|Game 2 of a best-of-3
|t:|1782586569
|gametype|doubles
|player|p1|NathanaelW19|dragontamer|1117
|player|p2|btb0811|brycenman|1203
|gen|9
|tier|[Gen 9 Champions] VGC 2026 Reg M-B (Bo3)
|rated|
|rule|Species Clause: Limit one of each Pokémon
|rule|Item Clause: Limit 1 of each item
|clearpoke
|poke|p1|Eelektross, L50, M|
|poke|p1|Whimsicott, L50, M|
|poke|p1|Garchomp, L50, M|
|poke|p1|Basculegion, L50, M|
|poke|p1|Charizard, L50, M|
|poke|p1|Overqwil, L50, F|
|poke|p2|Charizard, L50, M, shiny|
|poke|p2|Whimsicott, L50, M, shiny|
|poke|p2|Garchomp, L50, F, shiny|
|poke|p2|Basculegion, L50, M|
|poke|p2|Floette-Eternal, L50, F|
|poke|p2|Kingambit, L50, F|
|teampreview|4
|showteam|p1|Eelektross||Eelektrossite|Levitate|Thunderbolt,DragonPulse,Flamethrower,Protect|Modest||M|||50|]Whimsicott||FocusSash|Prankster|Tailwind,Moonblast,Encore,Protect|Timid||M|||50|]Garchomp||LifeOrb|RoughSkin|Earthquake,DragonClaw,RockSlide,Protect|Jolly||M|||50|]Basculegion||ChoiceScarf|Adaptability|LastRespects,AquaJet,WaveCrash,FlipTurn|Jolly||M|||50|]Charizard||CharizarditeY|Blaze|Protect,HeatWave,WeatherBall,SolarBeam|Timid||M|||50|]Overqwil||SitrusBerry|Intimidate|GunkShot,ThroatChop,AcidSpray,Protect|Adamant||F|||50|
|showteam|p2|Charizard||CharizarditeY|Blaze|HeatWave,WeatherBall,SolarBeam,Protect|Timid||M|||50|]Whimsicott||FocusSash|Prankster|Moonblast,Tailwind,Encore,Protect|Timid||M|||50|]Garchomp||LifeOrb|RoughSkin|RockSlide,DragonClaw,Earthquake,Protect|Jolly||F|||50|]Basculegion||MysticWater|Adaptability|WaveCrash,LastRespects,AquaJet,Protect|Adamant||M|||50|]Floette-Eternal||Floettite|FlowerVeil|Moonblast,DazzlingGleam,LightofRuin,Protect|Modest||F|||50|]Kingambit||BlackGlasses|Defiant|KowtowCleave,SuckerPunch,IronHead,Protect|Adamant||F|||50|
|inactive|Battle timer is ON: inactive players will automatically lose when time's up. (requested by btb0811)
|inactive|NathanaelW19 also wants the timer to be on.
|
|t:|1782586596
|teamsize|p1|4
|teamsize|p2|4
|start
|switch|p1a: Whimsicott|Whimsicott, L50, M|100/100
|switch|p1b: Eelektross|Eelektross, L50, M|100/100
|switch|p2a: Whimsicott|Whimsicott, L50, M, shiny|100/100
|switch|p2b: Basculegion|Basculegion, L50, M|100/100
|turn|1
|
|t:|1782586607
|detailschange|p1b: Eelektross|Eelektross-Mega, L50, M
|-mega|p1b: Eelektross|Eelektross|Eelektrossite
|move|p2a: Whimsicott|Tailwind|p2a: Whimsicott
|-sidestart|p2: btb0811|move: Tailwind
|move|p1a: Whimsicott|Tailwind|p1a: Whimsicott
|-sidestart|p1: NathanaelW19|move: Tailwind
|move|p1b: Eelektross|Flamethrower|p2a: Whimsicott
|-supereffective|p2a: Whimsicott|1
|-enditem|p2a: Whimsicott|Focus Sash
|-damage|p2a: Whimsicott|1/100
|move|p2b: Basculegion|Wave Crash|p1b: Eelektross
|-damage|p1b: Eelektross|0 fnt
|faint|p1b: Eelektross
|-damage|p2b: Basculegion|73/100|[from] Recoil
|
|upkeep
|
|t:|1782586616
|switch|p1b: Overqwil|Overqwil, L50, F|100/100
|-ability|p1b: Overqwil|Intimidate|boost
|-unboost|p2a: Whimsicott|atk|1
|-unboost|p2b: Basculegion|atk|1
|turn|2
|
|t:|1782586626
|switch|p2b: Kingambit|Kingambit, L50, F|100/100
|move|p1a: Whimsicott|Encore|p2a: Whimsicott
|-start|p2a: Whimsicott|Encore
|move|p2a: Whimsicott|Tailwind||[still]
|-fail|p2a: Whimsicott
|move|p1b: Overqwil|Throat Chop|p2b: Kingambit
|-resisted|p2b: Kingambit|1
|-damage|p2b: Kingambit|82/100
|-start|p2b: Kingambit|Throat Chop|[silent]
|
|upkeep
|turn|3
|
|t:|1782586638
|switch|p2a: Basculegion|Basculegion, L50, M|73/100
|move|p1a: Whimsicott|Moonblast|p2b: Kingambit
|-damage|p2b: Kingambit|45/100
|move|p1b: Overqwil|Throat Chop|p2a: Basculegion
|-supereffective|p2a: Basculegion|1
|-damage|p2a: Basculegion|0 fnt
|faint|p2a: Basculegion
|move|p2b: Kingambit|Iron Head|p1a: Whimsicott
|-supereffective|p1a: Whimsicott|1
|-enditem|p1a: Whimsicott|Focus Sash
|-damage|p1a: Whimsicott|1/100
|
|-end|p2b: Kingambit|Throat Chop|[silent]
|upkeep
|
|t:|1782586647
|switch|p2a: Charizard|Charizard, L50, M, shiny|100/100
|turn|4
|
|t:|1782586658
|detailschange|p2a: Charizard|Charizard-Mega-Y, L50, M, shiny
|-mega|p2a: Charizard|Charizard|Charizardite Y
|-weather|SunnyDay|[from] ability: Drought|[of] p2a: Charizard
|move|p1a: Whimsicott|Protect|p1a: Whimsicott
|-singleturn|p1a: Whimsicott|Protect
|move|p2b: Kingambit|Sucker Punch||[still]
|-fail|p2b: Kingambit
|move|p2a: Charizard|Weather Ball|p1b: Overqwil
|-damage|p1b: Overqwil|0 fnt
|faint|p1b: Overqwil
|
|-weather|SunnyDay|[upkeep]
|-sideend|p2: btb0811|move: Tailwind
|-sideend|p1: NathanaelW19|move: Tailwind
|upkeep
|
|t:|1782586660
|switch|p1b: Garchomp|Garchomp, L50, M|100/100
|turn|5
|
|t:|1782586682
|move|p1a: Whimsicott|Tailwind|p1a: Whimsicott
|-sidestart|p1: NathanaelW19|move: Tailwind
|move|p1b: Garchomp|Rock Slide|p2a: Charizard|[spread] p2a,p2b
|-supereffective|p2a: Charizard|2
|-resisted|p2b: Kingambit|1
|-damage|p2a: Charizard|0 fnt
|-damage|p2b: Kingambit|35/100
|faint|p2a: Charizard
|-damage|p1b: Garchomp|90/100|[from] item: Life Orb
|cant|p2b: Kingambit|flinch
|
|-weather|SunnyDay|[upkeep]
|upkeep
|
|t:|1782586690
|switch|p2a: Whimsicott|Whimsicott, L50, M, shiny|1/100
|turn|6
|
|t:|1782586707
|move|p2a: Whimsicott|Encore|p1b: Garchomp
|-start|p1b: Garchomp|Encore
|move|p2b: Kingambit|Sucker Punch|p1a: Whimsicott
|-resisted|p1a: Whimsicott|1
|-damage|p1a: Whimsicott|0 fnt
|faint|p1a: Whimsicott
|move|p1b: Garchomp|Rock Slide|p2b: Kingambit|[spread] p2a,p2b
|-resisted|p2b: Kingambit|1
|-damage|p2a: Whimsicott|0 fnt
|-damage|p2b: Kingambit|25/100
|faint|p2a: Whimsicott
|-damage|p1b: Garchomp|80/100|[from] item: Life Orb
|
|-weather|SunnyDay|[upkeep]
|upkeep
|turn|7
|
|t:|1782586712
|move|p1b: Garchomp|Rock Slide|p2b: Kingambit
|-resisted|p2b: Kingambit|1
|-damage|p2b: Kingambit|11/100
|-damage|p1b: Garchomp|70/100|[from] item: Life Orb
|move|p2b: Kingambit|Kowtow Cleave|p1b: Garchomp
|-crit|p1b: Garchomp
|-damage|p1b: Garchomp|0 fnt
|-damage|p2b: Kingambit|0 fnt|[from] ability: Rough Skin|[of] p1b: Garchomp
|faint|p1b: Garchomp
|faint|p2b: Kingambit
|
|win|btb0811
|raw|NathanaelW19's rating: 1117 → 1098(-19 for losing)
|raw|btb0811's rating: 1203 → 1222(+19 for winning)
