|j|☆chocokoala vgc
|j|☆Master M-rada
|html|chocokoala vgcMaster M-rada    
|uhtml|bestof|Game 2 of a best-of-3
|t:|1785179582
|gametype|doubles
|player|p1|chocokoala vgc|benga|1338
|player|p2|Master M-rada|miku-ice|1371
|gen|9
|tier|[Gen 9 Champions] VGC 2026 Reg M-B (Bo3)
|rated|
|rule|Species Clause: Limit one of each Pokémon
|rule|Item Clause: Limit 1 of each item
|clearpoke
|poke|p1|Scovillain, L50, M|
|poke|p1|Primarina, L50, F|
|poke|p1|Aerodactyl, L50, F|
|poke|p1|Garchomp, L50, F|
|poke|p1|Gholdengo, L50|
|poke|p1|Grimmsnarl, L50, M|
|poke|p2|Gengar, L50, F, shiny|
|poke|p2|Snorlax, L50, F|
|poke|p2|Incineroar, L50, F, shiny|
|poke|p2|Scrafty, L50, F, shiny|
|poke|p2|Dragonite, L50, F|
|poke|p2|Ninetales-Alola, L50, F|
|teampreview|4
|showteam|p1|Scovillain||Scovillainite|Moody|Flamethrower,GigaDrain,Protect,RagePowder|Bold||M|||50|]Primarina||Leftovers|LiquidVoice|HyperVoice,Moonblast,Protect,CalmMind|Modest||F|||50|]Aerodactyl||Aerodactylite|Unnerve|RockSlide,DualWingbeat,Protect,Tailwind|Jolly||F|||50|]Garchomp||SoftSand|RoughSkin|Earthquake,StompingTantrum,Protect,DragonClaw|Jolly||F|||50|]Gholdengo||LifeOrb|GoodasGold|MakeItRain,ShadowBall,Protect,NastyPlot|Modest|||||50|]Grimmsnarl||LightClay|Prankster|LightScreen,Reflect,FakeOut,FoulPlay|Calm||M|||50|
|showteam|p2|Gengar||Gengarite|CursedBody|PerishSong,ShadowBall,SludgeBomb,Protect|Modest||F|||50|]Snorlax||Leftovers|ThickFat|Yawn,Encore,Fissure,Protect|Relaxed||F|||50|]Incineroar||SitrusBerry|Intimidate|FlareBlitz,PartingShot,FakeOut,Protect|Relaxed||F|||50|]Scrafty||FocusSash|Intimidate|CloseCombat,KnockOff,FakeOut,Protect|Careful||F|||50|]Dragonite||LifeOrb|InnerFocus|DragonClaw,LowKick,ExtremeSpeed,Protect|Adamant||F|||50|]Ninetales-Alola||NeverMeltIce|SnowWarning|Blizzard,FreezeDry,Encore,Protect|Timid||F|||50|
|inactive|Battle timer is ON: inactive players will automatically lose when time's up. (requested by Master M-rada)
|inactive|chocokoala vgc also wants the timer to be on.
|inactive|chocokoala vgc has 60 seconds left.
|inactive|Master M-rada has 60 seconds left.
|
|t:|1785179621
|teamsize|p1|4
|teamsize|p2|4
|start
|switch|p1a: Gholdengo|Gholdengo, L50|100/100
|switch|p1b: Aerodactyl|Aerodactyl, L50, F|100/100
|switch|p2a: Ninetales|Ninetales-Alola, L50, F|100/100
|switch|p2b: Gengar|Gengar, L50, F, shiny|100/100
|-ability|p1b: Aerodactyl|Unnerve
|-weather|Snowscape|[from] ability: Snow Warning|[of] p2a: Ninetales
|turn|1
|
|t:|1785179637
|detailschange|p1b: Aerodactyl|Aerodactyl-Mega, L50, F
|-mega|p1b: Aerodactyl|Aerodactyl|Aerodactylite
|detailschange|p2b: Gengar|Gengar-Mega, L50, F, shiny
|-mega|p2b: Gengar|Gengar|Gengarite
|move|p2b: Gengar|Protect|p2b: Gengar
|-singleturn|p2b: Gengar|Protect
|move|p1b: Aerodactyl|Tailwind|p1b: Aerodactyl
|-sidestart|p1: chocokoala vgc|move: Tailwind
|move|p1a: Gholdengo|Make It Rain|p2a: Ninetales|[spread] p2a
|-activate|p2b: Gengar|move: Protect
|-supereffective|p2a: Ninetales|2
|-damage|p2a: Ninetales|0 fnt
|-unboost|p1a: Gholdengo|spa|2
|faint|p2a: Ninetales
|-damage|p1a: Gholdengo|90/100|[from] item: Life Orb
|
|-weather|Snowscape|[upkeep]
|upkeep
|
|t:|1785179653
|switch|p2a: Incineroar|Incineroar, L50, F, shiny|100/100
|-ability|p2a: Incineroar|Intimidate|boost
|-unboost|p1a: Gholdengo|atk|1
|-unboost|p1b: Aerodactyl|atk|1
|turn|2
|
|t:|1785179666
|switch|p1a: Primarina|Primarina, L50, F|100/100
|move|p2a: Incineroar|Fake Out|p1b: Aerodactyl
|-resisted|p1b: Aerodactyl|1
|-damage|p1b: Aerodactyl|93/100
|cant|p1b: Aerodactyl|flinch
|move|p2b: Gengar|Perish Song|p2b: Gengar
|-start|p1a: Primarina|perish3|[silent]
|-start|p1b: Aerodactyl|perish3|[silent]
|-start|p2a: Incineroar|perish3|[silent]
|-start|p2b: Gengar|perish3|[silent]
|-fieldactivate|move: Perish Song
|
|-weather|Snowscape|[upkeep]
|-start|p1b: Aerodactyl|perish3
|-start|p1a: Primarina|perish3
|-start|p2b: Gengar|perish3
|-start|p2a: Incineroar|perish3
|upkeep
|turn|3
|inactive|chocokoala vgc has 30 seconds left.
|inactive|Master M-rada has 30 seconds left.
|
|t:|1785179698
|move|p2b: Gengar|Protect|p2b: Gengar
|-singleturn|p2b: Gengar|Protect
|move|p2a: Incineroar|Protect|p2a: Incineroar
|-singleturn|p2a: Incineroar|Protect
|move|p1b: Aerodactyl|Rock Slide|p2a: Incineroar|[spread] 
|-activate|p2a: Incineroar|move: Protect
|-activate|p2b: Gengar|move: Protect
|move|p1a: Primarina|Hyper Voice|p2a: Incineroar|[spread] 
|-activate|p2a: Incineroar|move: Protect
|-activate|p2b: Gengar|move: Protect
|
|-weather|Snowscape|[upkeep]
|-start|p1b: Aerodactyl|perish2
|-start|p1a: Primarina|perish2
|-start|p2b: Gengar|perish2
|-start|p2a: Incineroar|perish2
|upkeep
|turn|4
|
|t:|1785179717
|switch|p2b: Scrafty|Scrafty, L50, F, shiny|100/100
|-ability|p2b: Scrafty|Intimidate|boost
|-unboost|p1a: Primarina|atk|1
|-unboost|p1b: Aerodactyl|atk|1
|move|p1b: Aerodactyl|Rock Slide|p2a: Incineroar|[spread] p2a,p2b
|-supereffective|p2a: Incineroar|1
|-resisted|p2b: Scrafty|1
|-damage|p2a: Incineroar|76/100
|-damage|p2b: Scrafty|94/100
|move|p1a: Primarina|Hyper Voice|p2a: Incineroar|[spread] p2a,p2b
|-supereffective|p2a: Incineroar|1
|-damage|p2a: Incineroar|25/100
|-damage|p2b: Scrafty|66/100
|-enditem|p2a: Incineroar|Sitrus Berry|[eat]
|-heal|p2a: Incineroar|50/100g|[from] item: Sitrus Berry
|move|p2a: Incineroar|Parting Shot|p2b: Scrafty
|-unboost|p2b: Scrafty|atk|1
|-unboost|p2b: Scrafty|spa|1
|
|t:|1785179735
|switch|p2a: Gengar|Gengar-Mega, L50, F, shiny|100/100|[from] Parting Shot
|
|-weather|Snowscape|[upkeep]
|-start|p1b: Aerodactyl|perish1
|-start|p1a: Primarina|perish1
|-sideend|p1: chocokoala vgc|move: Tailwind
|upkeep
|turn|5
|
|t:|1785179747
|move|p2a: Gengar|Protect|p2a: Gengar
|-singleturn|p2a: Gengar|Protect
|move|p2b: Scrafty|Fake Out|p1b: Aerodactyl
|-resisted|p1b: Aerodactyl|1
|-damage|p1b: Aerodactyl|89/100
|cant|p1b: Aerodactyl|flinch
|move|p1a: Primarina|Hyper Voice|p2a: Gengar|[spread] p2b
|-activate|p2a: Gengar|move: Protect
|-damage|p2b: Scrafty|41/100
|
|-weather|none
|-start|p1b: Aerodactyl|perish0
|-start|p1a: Primarina|perish0
|faint|p1b: Aerodactyl
|faint|p1a: Primarina
|upkeep
|
|t:|1785179760
|switch|p1b: Gholdengo|Gholdengo, L50|90/100
|switch|p1a: Garchomp|Garchomp, L50, F|100/100
|turn|6
|
|t:|1785179778
|switch|p2b: Incineroar|Incineroar, L50, F, shiny|50/100g
|-ability|p2b: Incineroar|Intimidate|boost
|-unboost|p1a: Garchomp|atk|1
|-unboost|p1b: Gholdengo|atk|1
|move|p1b: Gholdengo|Protect|p1b: Gholdengo
|-singleturn|p1b: Gholdengo|Protect
|move|p1a: Garchomp|Earthquake|p2a: Gengar|[spread] p2a,p2b
|-activate|p1b: Gholdengo|move: Protect
|-supereffective|p2a: Gengar|1
|-supereffective|p2b: Incineroar|1
|-damage|p2a: Gengar|35/100
|-damage|p2b: Incineroar|0 fnt
|faint|p2b: Incineroar
|move|p2a: Gengar|Shadow Ball|p1b: Gholdengo
|-activate|p1b: Gholdengo|move: Protect
|
|upkeep
|
|t:|1785179792
|switch|p2b: Scrafty|Scrafty, L50, F, shiny|41/100
|-ability|p2b: Scrafty|Intimidate|boost
|-unboost|p1a: Garchomp|atk|1
|-unboost|p1b: Gholdengo|atk|1
|turn|7
|
|t:|1785179798
|move|p2b: Scrafty|Fake Out|p1a: Garchomp
|-damage|p1a: Garchomp|91/100
|-damage|p2b: Scrafty|29/100|[from] ability: Rough Skin|[of] p1a: Garchomp
|cant|p1a: Garchomp|flinch
|move|p2a: Gengar|Shadow Ball|p1b: Gholdengo
|-supereffective|p1b: Gholdengo|1
|-damage|p1b: Gholdengo|0 fnt
|faint|p1b: Gholdengo
|
|upkeep
|turn|8
|
|t:|1785179809
|move|p2a: Gengar|Protect|p2a: Gengar
|-singleturn|p2a: Gengar|Protect
|move|p1a: Garchomp|Earthquake|p2a: Gengar|[spread] p2b
|-activate|p2a: Gengar|move: Protect
|-damage|p2b: Scrafty|9/100
|move|p2b: Scrafty|Knock Off|p1a: Garchomp
|-damage|p1a: Garchomp|55/100
|-damage|p2b: Scrafty|0 fnt|[from] ability: Rough Skin|[of] p1a: Garchomp
|-enditem|p1a: Garchomp|Soft Sand|[from] move: Knock Off|[of] p2b: Scrafty
|faint|p2b: Scrafty
|
|upkeep
|turn|9
|
|t:|1785179821
|move|p1a: Garchomp|Earthquake|p2a: Gengar
|-supereffective|p2a: Gengar|1
|-damage|p2a: Gengar|0 fnt
|faint|p2a: Gengar
|
|win|chocokoala vgc
