|j|☆iron labubu
|j|☆uglybeast
|html|iron labubuuglybeast    
|uhtml|bestof|Game 3 of a best-of-3
|t:|1756151127
|gametype|doubles
|player|p1|iron labubu|grimsley-masters|1140
|player|p2|uglybeast|lucas|1210
|gen|9
|tier|[Gen 9] VGC 2025 Reg H (Bo3)
|rated|
|rule|Species Clause: Limit one of each Pokémon
|rule|Item Clause: Limit 1 of each item
|clearpoke
|poke|p1|Dragapult, L50, M|
|poke|p1|Primarina, L50, M|
|poke|p1|Sneasler, L50, F|
|poke|p1|Indeedee, L50, M|
|poke|p1|Ursaluna-Bloodmoon, L50, M|
|poke|p1|Volcarona, L50, M|
|poke|p2|Murkrow, L50, F|
|poke|p2|Ursaluna-Bloodmoon, L50, M|
|poke|p2|Sneasler, L50, F|
|poke|p2|Dragapult, L50, F|
|poke|p2|Armarouge, L50, F|
|poke|p2|Indeedee-F, L50, F|
|teampreview|4
|showteam|p1|Dragapult||ChoiceBand|ClearBody|DragonDarts,Uturn,PhantomForce,TeraBlast|||M|||50|,,,,,Ghost]Primarina||ThroatSpray|LiquidVoice|HyperVoice,Moonblast,Haze,Protect|||M|||50|,,,,,Grass]Sneasler||PsychicSeed|Unburden|CloseCombat,DireClaw,Protect,ThroatChop|||F|||50|,,,,,Dark]Indeedee||FocusSash|PsychicSurge|ExpandingForce,TrickRoom,TeraBlast,Imprison|||M|||50|,,,,,Fairy]Ursaluna-Bloodmoon||AssaultVest|MindsEye|EarthPower,BloodMoon,HyperVoice,VacuumWave|||M|||50|,,,,,Normal]Volcarona||ChoiceSpecs|FlameBody|HeatWave,Overheat,GigaDrain,BugBuzz|||M|||50|,,,,,Grass
|showteam|p2|Murkrow||Eviolite|Prankster|Haze,SunnyDay,Tailwind,BraveBird|||F|||50|,,,,,Ghost]Ursaluna-Bloodmoon||LifeOrb|MindsEye|BloodMoon,HyperVoice,Protect,EarthPower|||M|||50|,,,,,Normal]Sneasler||PsychicSeed|Unburden|ThroatChop,DireClaw,CloseCombat,Protect|||F|||50|,,,,,Dark]Dragapult||ChoiceBand|ClearBody|DragonDarts,Outrage,Uturn,PhantomForce|||F|||50|,,,,,Dragon]Armarouge||PowerHerb|FlashFire|HeatWave,MeteorBeam,ExpandingForce,Protect|||F|||50|,,,,,Grass]Indeedee-F||RockyHelmet|PsychicSurge|DazzlingGleam,FollowMe,HelpingHand,TrickRoom|||F|||50|,,,,,Grass
|inactive|Battle timer is ON: inactive players will automatically lose when time's up. (requested by iron labubu)
|inactive|iron labubu has 60 seconds left.
|inactive|uglybeast has 60 seconds left.
|inactive|uglybeast has 30 seconds left.
|
|t:|1756151192
|teamsize|p1|4
|teamsize|p2|4
|start
|switch|p1a: Indeedee|Indeedee, L50, M|100/100
|switch|p1b: Dragapult|Dragapult, L50, M|100/100
|switch|p2a: Kwstas|Murkrow, L50, F|100/100
|switch|p2b: Giandam|Armarouge, L50, F|100/100
|-fieldstart|move: Psychic Terrain|[from] ability: Psychic Surge|[of] p1a: Indeedee
|turn|1
|
|t:|1756151206
|move|p2b: Giandam|Protect|p2b: Giandam
|-singleturn|p2b: Giandam|Protect
|move|p1b: Dragapult|Dragon Darts|p2a: Kwstas
|-damage|p2a: Kwstas|54/100
|-anim|p1b: Dragapult|Dragon Darts|p2a: Kwstas
|-damage|p2a: Kwstas|10/100
|move|p1a: Indeedee|Expanding Force|p2b: Giandam|[spread] 
|-activate|p2b: Giandam|move: Protect
|-immune|p2a: Kwstas
|move|p2a: Kwstas|Brave Bird|p1a: Indeedee
|-damage|p1a: Indeedee|21/100
|-damage|p2a: Kwstas|0 fnt|[from] Recoil
|faint|p2a: Kwstas
|
|upkeep
|
|t:|1756151227
|switch|p2a: Blade|Indeedee-F, L50, F|100/100
|turn|2
|
|t:|1756151238
|move|p2a: Blade|Follow Me|p2a: Blade
|-singleturn|p2a: Blade|move: Follow Me
|move|p1b: Dragapult|Dragon Darts|p2a: Blade
|-damage|p2a: Blade|62/100
|-anim|p1b: Dragapult|Dragon Darts|p2a: Blade
|-damage|p2a: Blade|23/100
|move|p1a: Indeedee|Imprison|p1a: Indeedee
|-start|p1a: Indeedee|move: Imprison
|move|p2b: Giandam|Meteor Beam||[still]
|-prepare|p2b: Giandam|Meteor Beam
|-boost|p2b: Giandam|spa|1
|-enditem|p2b: Giandam|Power Herb
|-anim|p2b: Giandam|Meteor Beam|p1b: Dragapult
|-damage|p1b: Dragapult|10/100
|
|upkeep
|turn|3
|
|t:|1756151261
|move|p2a: Blade|Follow Me|p2a: Blade
|-singleturn|p2a: Blade|move: Follow Me
|move|p1b: Dragapult|Dragon Darts|p2a: Blade
|-damage|p2a: Blade|0 fnt
|faint|p2a: Blade
|move|p1a: Indeedee|Expanding Force|p2b: Giandam
|-resisted|p2b: Giandam
|-damage|p2b: Giandam|53/100
|move|p2b: Giandam|Heat Wave|p1b: Dragapult|[spread] p1a
|-miss|p2b: Giandam|p1b: Dragapult
|-damage|p1a: Indeedee|0 fnt
|faint|p1a: Indeedee
|
|upkeep
|
|t:|1756151282
|switch|p1a: Sneasler|Sneasler, L50, F|100/100
|switch|p2a: Anagnoman|Sneasler, L50, F|100/100
|-enditem|p1a: Sneasler|Psychic Seed
|-boost|p1a: Sneasler|spd|1|[from] item: Psychic Seed
|-enditem|p2a: Anagnoman|Psychic Seed
|-boost|p2a: Anagnoman|spd|1|[from] item: Psychic Seed
|turn|4
|
|t:|1756151301
|move|p2b: Giandam|Protect|p2b: Giandam
|-singleturn|p2b: Giandam|Protect
|move|p1a: Sneasler|Dire Claw|p2b: Giandam
|-activate|p2b: Giandam|move: Protect
|move|p2a: Anagnoman|Dire Claw|p1b: Dragapult
|-resisted|p1b: Dragapult
|-damage|p1b: Dragapult|0 fnt
|faint|p1b: Dragapult
|
|upkeep
|
|t:|1756151306
|switch|p1b: Ursaluna|Ursaluna-Bloodmoon, L50, M|100/100
|turn|5
|j| 13XH
|inactive|uglybeast has 30 seconds left.
|inactive|iron labubu has 30 seconds left.
|
|t:|1756151343
|-terastallize|p2b: Giandam|Grass
|move|p1a: Sneasler|Dire Claw|p2b: Giandam
|-supereffective|p2b: Giandam
|-damage|p2b: Giandam|0 fnt
|faint|p2b: Giandam
|move|p2a: Anagnoman|Close Combat|p1b: Ursaluna
|-supereffective|p1b: Ursaluna
|-damage|p1b: Ursaluna|1/100
|-unboost|p2a: Anagnoman|def|1
|-unboost|p2a: Anagnoman|spd|1
|move|p1b: Ursaluna|Earth Power|p2a: Anagnoman
|-supereffective|p2a: Anagnoman
|-damage|p2a: Anagnoman|0 fnt
|faint|p2a: Anagnoman
|
|win|iron labubu
|raw|iron labubu's rating: 1140 → 1170(+30 for winning)
|raw|uglybeast's rating: 1210 → 1180(-30 for losing)
|l| 13XH
|l|☆iron labubu
|player|p1|
