|j|☆INKevin
|j|☆tajinvgc
|html|INKevintajinvgc    
|uhtml|bestof|Game 3 of a best-of-3
|t:|1784598324
|gametype|doubles
|player|p1|INKevin|101|1143
|player|p2|tajinvgc|palmer|1166
|gen|9
|tier|[Gen 9 Champions] VGC 2026 Reg M-B (Bo3)
|rated|
|rule|Species Clause: Limit one of each Pokémon
|rule|Item Clause: Limit 1 of each item
|clearpoke
|poke|p1|Alakazam, L50, F, shiny|
|poke|p1|Meowstic, L50, M, shiny|
|poke|p1|Meowscarada, L50, F|
|poke|p1|Delphox, L50, M|
|poke|p1|Primarina, L50, M|
|poke|p1|Sneasler, L50, M|
|poke|p2|Aerodactyl, L50, F|
|poke|p2|Garchomp, L50, M|
|poke|p2|Kingambit, L50, F|
|poke|p2|Charizard, L50, F|
|poke|p2|Sylveon, L50, F|
|poke|p2|Farigiraf, L50, M|
|teampreview|4
|showteam|p1|Alakazam||Alakazite|InnerFocus|ExpandingForce,DazzlingGleam,ShadowBall,Protect|Timid||F|||50|]Meowstic||FocusSash|Prankster|FakeOut,PsychicTerrain,Reflect,LightScreen|Bold||M|||50|]Meowscarada||ChoiceScarf|Protean|FlowerTrick,KnockOff,TripleAxel,Uturn|Jolly||F|||50|]Delphox||Delphoxite|Blaze|Protect,HeatWave,NastyPlot,Psyshock|Timid||M|||50|]Primarina||Leftovers|LiquidVoice|HyperVoice,Protect,Moonblast,CalmMind|Modest||M|||50|]Sneasler||WhiteHerb|Unburden|CloseCombat,FakeOut,DireClaw,Protect|Jolly||M|||50|
|showteam|p2|Aerodactyl||Aerodactylite|RockHead|RockSlide,DualWingbeat,Tailwind,IceFang|Jolly||F|||50|]Garchomp||LifeOrb|RoughSkin|DragonClaw,Earthquake,Protect,StompingTantrum|Jolly||M|||50|]Kingambit||FocusSash|Defiant|SuckerPunch,KowtowCleave,IronHead,LowKick|Adamant||F|||50|]Charizard||CharizarditeY|Blaze|Protect,WeatherBall,HeatWave,SolarBeam|Modest||F|||50|]Sylveon||FairyFeather|Pixilate|Protect,HyperVoice,HyperBeam,QuickAttack|Modest||F|||50|]Farigiraf||SitrusBerry|ArmorTail|TrickRoom,Thunderbolt,Roar,Psychic|Bold||M|||50|
|inactive|Battle timer is ON: inactive players will automatically lose when time's up. (requested by INKevin)
|inactive|tajinvgc also wants the timer to be on.
|inactive|INKevin has 60 seconds left.
|inactive|tajinvgc has 60 seconds left.
|
|t:|1784598368
|teamsize|p1|4
|teamsize|p2|4
|start
|switch|p1a: Primarina|Primarina, L50, M|100/100
|switch|p1b: Sneasler|Sneasler, L50, M|100/100
|switch|p2a: Aerodactyl|Aerodactyl, L50, F|100/100
|switch|p2b: Kingambit|Kingambit, L50, F|100/100
|turn|1
|
|t:|1784598387
|detailschange|p2a: Aerodactyl|Aerodactyl-Mega, L50, F
|-mega|p2a: Aerodactyl|Aerodactyl|Aerodactylite
|move|p1b: Sneasler|Fake Out|p2a: Aerodactyl
|-resisted|p2a: Aerodactyl|1
|-damage|p2a: Aerodactyl|92/100
|cant|p2a: Aerodactyl|flinch
|move|p2b: Kingambit|Iron Head|p1a: Primarina
|-damage|p1a: Primarina|49/100
|cant|p1a: Primarina|flinch
|
|-heal|p1a: Primarina|55/100|[from] item: Leftovers
|upkeep
|turn|2
|
|t:|1784598408
|move|p1b: Sneasler|Protect|p1b: Sneasler
|-singleturn|p1b: Sneasler|Protect
|move|p2a: Aerodactyl|Rock Slide|p1a: Primarina|[spread] p1a
|-activate|p1b: Sneasler|move: Protect
|-damage|p1a: Primarina|26/100
|move|p2b: Kingambit|Iron Head|p1a: Primarina
|-damage|p1a: Primarina|0 fnt
|faint|p1a: Primarina
|
|upkeep
|
|t:|1784598421
|switch|p1a: Meowscarada|Meowscarada, L50, F|100/100
|turn|3
|inactive|tajinvgc has 30 seconds left.
|inactive|tajinvgc has 20 seconds left.
|
|t:|1784598459
|switch|p2a: Farigiraf|Farigiraf, L50, M|100/100
|move|p1a: Meowscarada|Triple Axel|p2a: Farigiraf
|-start|p1a: Meowscarada|typechange|Ice|[from] ability: Protean
|-damage|p2a: Farigiraf|92/100
|-hitcount|p2a: Farigiraf|1
|move|p1b: Sneasler|Close Combat|p2b: Kingambit
|-supereffective|p2b: Kingambit|2
|-enditem|p2b: Kingambit|Focus Sash
|-damage|p2b: Kingambit|1/100
|-unboost|p1b: Sneasler|def|1
|-unboost|p1b: Sneasler|spd|1
|-enditem|p1b: Sneasler|White Herb
|-clearnegativeboost|p1b: Sneasler|[silent]
|move|p2b: Kingambit|Iron Head|p1a: Meowscarada
|-supereffective|p1a: Meowscarada|1
|-damage|p1a: Meowscarada|0 fnt
|faint|p1a: Meowscarada
|
|upkeep
|
|t:|1784598477
|switch|p1a: Delphox|Delphox, L50, M|100/100
|turn|4
|inactive|INKevin has 30 seconds left.
|inactive|INKevin has 20 seconds left.
|
|t:|1784598513
|switch|p2b: Sylveon|Sylveon, L50, F|100/100
|detailschange|p1a: Delphox|Delphox-Mega, L50, M
|-mega|p1a: Delphox|Delphox|Delphoxite
|move|p1b: Sneasler|Close Combat|p2b: Sylveon
|-resisted|p2b: Sylveon|1
|-damage|p2b: Sylveon|67/100
|-unboost|p1b: Sneasler|def|1
|-unboost|p1b: Sneasler|spd|1
|move|p1a: Delphox|Nasty Plot|p1a: Delphox
|-boost|p1a: Delphox|spa|2
|move|p2a: Farigiraf|Psychic|p1b: Sneasler
|-supereffective|p1b: Sneasler|2
|-damage|p1b: Sneasler|0 fnt
|faint|p1b: Sneasler
|
|upkeep
|turn|5
|
|t:|1784598532
|move|p1a: Delphox|Heat Wave|p2b: Sylveon|[spread] p2a,p2b
|-crit|p2b: Sylveon
|-damage|p2a: Farigiraf|24/100
|-damage|p2b: Sylveon|0 fnt
|-enditem|p2a: Farigiraf|Sitrus Berry|[eat]
|-heal|p2a: Farigiraf|49/100|[from] item: Sitrus Berry
|faint|p2b: Sylveon
|move|p2a: Farigiraf|Thunderbolt|p1a: Delphox
|-damage|p1a: Delphox|77/100
|
|upkeep
|
|t:|1784598542
|switch|p2b: Aerodactyl|Aerodactyl-Mega, L50, F|92/100
|turn|6
|
|t:|1784598551
|move|p2b: Aerodactyl|Tailwind|p2b: Aerodactyl
|-sidestart|p2: tajinvgc|move: Tailwind
|move|p1a: Delphox|Psyshock|p2b: Aerodactyl
|-damage|p2b: Aerodactyl|1/100
|move|p2a: Farigiraf|Thunderbolt|p1a: Delphox
|-damage|p1a: Delphox|55/100
|
|upkeep
|turn|7
|
|t:|1784598563
|move|p2b: Aerodactyl|Rock Slide|p1a: Delphox|[miss]
|-miss|p2b: Aerodactyl|p1a: Delphox
|move|p1a: Delphox|Heat Wave|p2a: Farigiraf|[spread] p2a
|-miss|p1a: Delphox|p2b: Aerodactyl
|-damage|p2a: Farigiraf|0 fnt
|faint|p2a: Farigiraf
|
|upkeep
|
|t:|1784598571
|switch|p2a: Kingambit|Kingambit, L50, F|1/100
|turn|8
|
|t:|1784598578
|move|p1a: Delphox|Protect|p1a: Delphox
|-singleturn|p1a: Delphox|Protect
|move|p2a: Kingambit|Sucker Punch||[still]
|-fail|p2a: Kingambit
|move|p2b: Aerodactyl|Rock Slide|p1a: Delphox
|-activate|p1a: Delphox|move: Protect
|
|upkeep
|turn|9
|
|t:|1784598588
|move|p1a: Delphox|Protect||[still]
|-fail|p1a: Delphox
|move|p2a: Kingambit|Sucker Punch||[still]
|-fail|p2a: Kingambit
|move|p2b: Aerodactyl|Rock Slide|p1a: Delphox
|-supereffective|p1a: Delphox|1
|-damage|p1a: Delphox|0 fnt
|faint|p1a: Delphox
|
|win|tajinvgc
|raw|INKevin's rating: 1143 → 1120(-23 for losing)
|raw|tajinvgc's rating: 1166 → 1189(+23 for winning)
|c|☆tajinvgc|ggwp
