|j|☆LynxVGC
|j|☆CokoConsi
|html|LynxVGCCokoConsi    
|uhtml|bestof|Game 3 of a best-of-3
|t:|1783002527
|gametype|doubles
|player|p1|LynxVGC|larry|1202
|player|p2|CokoConsi|102|1215
|gen|9
|tier|[Gen 9 Champions] VGC 2026 Reg M-B (Bo3)
|rated|
|rule|Species Clause: Limit one of each Pokémon
|rule|Item Clause: Limit 1 of each item
|clearpoke
|poke|p1|Swampert, L50, M|
|poke|p1|Archaludon, L50, F|
|poke|p1|Pelipper, L50, M|
|poke|p1|Grimmsnarl, L50, M|
|poke|p1|Venusaur, L50, F|
|poke|p1|Kingambit, L50, M|
|poke|p2|Archaludon, L50, M|
|poke|p2|Swampert, L50, F|
|poke|p2|Sinistcha-Masterpiece, L50|
|poke|p2|Pelipper, L50, M|
|poke|p2|Venusaur, L50, M|
|poke|p2|Sableye, L50, F|
|teampreview|4
|showteam|p1|Swampert||Swampertite|Damp|Protect,WaveCrash,Earthquake,IcePunch|Adamant||M|||50|]Archaludon||Leftovers|Stamina|FlashCannon,Protect,ElectroShot,DragonPulse|Calm||F|||50|]Pelipper||SitrusBerry|Drizzle|Hurricane,Tailwind,WideGuard,WeatherBall|Bold||M|||50|]Grimmsnarl||LightClay|Prankster|PartingShot,FoulPlay,Reflect,LightScreen|Careful||M|||50|]Venusaur||Venusaurite|Chlorophyll|GigaDrain,SludgeBomb,SleepPowder,EarthPower|Modest||F|||50|]Kingambit||LifeOrb|Defiant|SuckerPunch,IronHead,Protect,KowtowCleave|Adamant||M|||50|
|showteam|p2|Archaludon||Leftovers|Stamina|ElectroShot,DragonPulse,FlashCannon,Protect|Modest||M|||50|]Swampert||Swampertite|Torrent|WaveCrash,Earthquake,IcePunch,Protect|Adamant||F|||50|]Sinistcha-Masterpiece||KasibBerry|Hospitality|MatchaGotcha,RagePowder,TrickRoom,Imprison|Calm|||||50|]Pelipper||SitrusBerry|Drizzle|WeatherBall,Hurricane,WideGuard,Tailwind|Calm||M|||50|]Venusaur||Venusaurite|Overgrow|GigaDrain,SludgeBomb,EarthPower,Protect|Modest||M|||50|]Sableye||LightClay|Prankster|FoulPlay,LightScreen,Reflect,RainDance|Careful||F|||50|
|
|t:|1783002550
|teamsize|p1|4
|teamsize|p2|4
|start
|switch|p1a: Venusaur|Venusaur, L50, F|100/100
|switch|p1b: Grimmsnarl|Grimmsnarl, L50, M|100/100
|switch|p2a: Venusaur|Venusaur, L50, M|100/100
|switch|p2b: Pelipper|Pelipper, L50, M|100/100
|-weather|RainDance|[from] ability: Drizzle|[of] p2b: Pelipper
|turn|1
|inactive|Battle timer is ON: inactive players will automatically lose when time's up. (requested by CokoConsi)
|
|t:|1783002579
|detailschange|p1a: Venusaur|Venusaur-Mega, L50, F
|-mega|p1a: Venusaur|Venusaur|Venusaurite
|detailschange|p2a: Venusaur|Venusaur-Mega, L50, M
|-mega|p2a: Venusaur|Venusaur|Venusaurite
|move|p1b: Grimmsnarl|Light Screen|p1b: Grimmsnarl
|-sidestart|p1: LynxVGC|move: Light Screen
|move|p1a: Venusaur|Giga Drain|p2b: Pelipper
|-damage|p2b: Pelipper|56/100
|move|p2a: Venusaur|Earth Power|p1a: Venusaur
|-damage|p1a: Venusaur|81/100
|move|p2b: Pelipper|Hurricane|p1a: Venusaur
|-supereffective|p1a: Venusaur|1
|-damage|p1a: Venusaur|39/100
|
|-weather|RainDance|[upkeep]
|upkeep
|turn|2
|
|t:|1783002600
|switch|p2b: Archaludon|Archaludon, L50, M|100/100
|move|p1b: Grimmsnarl|Parting Shot|p2b: Archaludon
|-unboost|p2b: Archaludon|atk|1
|-unboost|p2b: Archaludon|spa|1
|
|t:|1783002612
|switch|p1b: Kingambit|Kingambit, L50, M|100/100|[from] Parting Shot
|move|p1a: Venusaur|Giga Drain|p2b: Archaludon
|-resisted|p2b: Archaludon|2
|-damage|p2b: Archaludon|87/100
|-heal|p1a: Venusaur|45/100|[from] drain|[of] p2b: Archaludon
|-ability|p2b: Archaludon|Stamina|boost
|-boost|p2b: Archaludon|def|1
|move|p2a: Venusaur|Sludge Bomb|p1a: Venusaur
|-damage|p1a: Venusaur|16/100
|
|-weather|RainDance|[upkeep]
|-heal|p2b: Archaludon|93/100|[from] item: Leftovers
|upkeep
|turn|3
|inactive|LynxVGC has 30 seconds left.
|inactive|CokoConsi has 30 seconds left.
|inactive|LynxVGC has 20 seconds left.
|inactive|CokoConsi has 20 seconds left.
|inactive|LynxVGC has 15 seconds left.
|inactive|CokoConsi has 15 seconds left.
|inactive|LynxVGC has 10 seconds left.
|inactive|LynxVGC has 5 seconds left.
|
|t:|1783002663
|move|p2a: Venusaur|Protect|p2a: Venusaur
|-singleturn|p2a: Venusaur|Protect
|move|p1a: Venusaur|Earth Power|p2b: Archaludon
|-supereffective|p2b: Archaludon|1
|-damage|p2b: Archaludon|19/100
|-ability|p2b: Archaludon|Stamina|boost
|-boost|p2b: Archaludon|def|1
|move|p2b: Archaludon|Electro Shot||[still]
|-prepare|p2b: Archaludon|Electro Shot
|-boost|p2b: Archaludon|spa|1
|-anim|p2b: Archaludon|Electro Shot|p1a: Venusaur
|-resisted|p1a: Venusaur|1
|-damage|p1a: Venusaur|4/100
|move|p1b: Kingambit|Kowtow Cleave|p2a: Venusaur
|-activate|p2a: Venusaur|move: Protect
|
|-weather|RainDance|[upkeep]
|-heal|p2b: Archaludon|25/100|[from] item: Leftovers
|upkeep
|turn|4
|inactive|LynxVGC has 30 seconds left.
|inactive|CokoConsi has 30 seconds left.
|inactive|LynxVGC has 20 seconds left.
|inactive|LynxVGC has 15 seconds left.
|inactive|LynxVGC has 10 seconds left.
|
|t:|1783002712
|switch|p1a: Pelipper|Pelipper, L50, M|100/100
|move|p2b: Archaludon|Protect|p2b: Archaludon
|-singleturn|p2b: Archaludon|Protect
|move|p2a: Venusaur|Sludge Bomb|p1a: Pelipper
|-damage|p1a: Pelipper|60/100
|move|p1b: Kingambit|Kowtow Cleave|p2a: Venusaur
|-damage|p2a: Venusaur|46/100
|-damage|p1b: Kingambit|90/100|[from] item: Life Orb
|
|-weather|RainDance|[upkeep]
|-heal|p2b: Archaludon|31/100|[from] item: Leftovers
|upkeep
|turn|5
|inactive|LynxVGC has 30 seconds left.
|inactive|LynxVGC has 20 seconds left.
|inactive|LynxVGC has 15 seconds left.
|
|t:|1783002752
|switch|p2a: Sinistcha|Sinistcha-Masterpiece, L50|100/100
|-heal|p2b: Archaludon|56/100|[from] ability: Hospitality|[of] p2a: Sinistcha
|switch|p1a: Grimmsnarl|Grimmsnarl, L50, M|100/100
|move|p2b: Archaludon|Electro Shot||[still]
|-prepare|p2b: Archaludon|Electro Shot
|-boost|p2b: Archaludon|spa|1
|-anim|p2b: Archaludon|Electro Shot|p1a: Grimmsnarl
|-damage|p1a: Grimmsnarl|57/100
|move|p1b: Kingambit|Kowtow Cleave|p2a: Sinistcha
|-supereffective|p2a: Sinistcha|1
|-damage|p2a: Sinistcha|0 fnt
|faint|p2a: Sinistcha
|-damage|p1b: Kingambit|80/100|[from] item: Life Orb
|
|-weather|none
|-heal|p2b: Archaludon|62/100|[from] item: Leftovers
|upkeep
|
|t:|1783002768
|switch|p2a: Pelipper|Pelipper, L50, M|56/100
|-weather|RainDance|[from] ability: Drizzle|[of] p2a: Pelipper
|turn|6
|
|t:|1783002782
|move|p1a: Grimmsnarl|Parting Shot|p2b: Archaludon
|-unboost|p2b: Archaludon|atk|1
|-unboost|p2b: Archaludon|spa|1
|
|t:|1783002786
|switch|p1a: Pelipper|Pelipper, L50, M|60/100|[from] Parting Shot
|move|p2b: Archaludon|Electro Shot||[still]
|-prepare|p2b: Archaludon|Electro Shot
|-boost|p2b: Archaludon|spa|1
|-anim|p2b: Archaludon|Electro Shot|p1b: Kingambit
|-damage|p1b: Kingambit|32/100
|move|p2a: Pelipper|Tailwind|p2a: Pelipper
|-sidestart|p2: CokoConsi|move: Tailwind
|move|p1b: Kingambit|Kowtow Cleave|p2a: Pelipper
|-damage|p2a: Pelipper|0 fnt
|faint|p2a: Pelipper
|-damage|p1b: Kingambit|22/100|[from] item: Life Orb
|
|-weather|RainDance|[upkeep]
|-heal|p2b: Archaludon|69/100|[from] item: Leftovers
|upkeep
|
|t:|1783002796
|switch|p2a: Venusaur|Venusaur-Mega, L50, M|46/100
|turn|7
|
|t:|1783002816
|move|p2a: Venusaur|Protect|p2a: Venusaur
|-singleturn|p2a: Venusaur|Protect
|move|p1b: Kingambit|Sucker Punch||[still]
|-fail|p1b: Kingambit
|move|p2b: Archaludon|Electro Shot||[still]
|-prepare|p2b: Archaludon|Electro Shot
|-boost|p2b: Archaludon|spa|1
|-anim|p2b: Archaludon|Electro Shot|p1b: Kingambit
|-damage|p1b: Kingambit|0 fnt
|faint|p1b: Kingambit
|move|p1a: Pelipper|Hurricane|p2a: Venusaur
|-activate|p2a: Venusaur|move: Protect
|
|-weather|RainDance|[upkeep]
|-heal|p2b: Archaludon|75/100|[from] item: Leftovers
|upkeep
|
|t:|1783002822
|switch|p1b: Grimmsnarl|Grimmsnarl, L50, M|57/100
|turn|8
|inactive|LynxVGC has 30 seconds left.
|c|☆LynxVGC|gg
|inactive|LynxVGC has 20 seconds left.
|
|t:|1783002861
|move|p1b: Grimmsnarl|Parting Shot|p2a: Venusaur
|-unboost|p2a: Venusaur|atk|1
|-unboost|p2a: Venusaur|spa|1
|
|t:|1783002864
|switch|p1b: Venusaur|Venusaur-Mega, L50, F|4/100|[from] Parting Shot
|move|p2a: Venusaur|Sludge Bomb|p1b: Venusaur
|-damage|p1b: Venusaur|0 fnt
|faint|p1b: Venusaur
|move|p2b: Archaludon|Electro Shot||[still]
|-prepare|p2b: Archaludon|Electro Shot
|-boost|p2b: Archaludon|spa|1
|-anim|p2b: Archaludon|Electro Shot|p1a: Pelipper
|-supereffective|p1a: Pelipper|2
|-damage|p1a: Pelipper|0 fnt
|faint|p1a: Pelipper
|
|-weather|RainDance|[upkeep]
|-heal|p2b: Archaludon|81/100|[from] item: Leftovers
|-sideend|p1: LynxVGC|move: Light Screen
|upkeep
|c|☆CokoConsi|gg
|c|☆CokoConsi|wp
|
|t:|1783002875
|switch|p1a: Grimmsnarl|Grimmsnarl, L50, M|57/100
|turn|9
|-message|LynxVGC forfeited.
|
|win|CokoConsi
|raw|LynxVGC's rating: 1202 → 1178(-24 for losing)
|raw|CokoConsi's rating: 1215 → 1239(+24 for winning)
