|j|☆FroslassYES!
|j|☆axolotlwooper
|html|FroslassYES!axolotlwooper    
|uhtml|bestof|Game 2 of a best-of-3
|t:|1786098080
|gametype|doubles
|player|p1|FroslassYES!|li|1188
|player|p2|axolotlwooper|linebacker|1131
|gen|9
|tier|[Gen 9 Champions] VGC 2026 Reg M-B (Bo3)
|rated|
|rule|Species Clause: Limit one of each Pokémon
|rule|Item Clause: Limit 1 of each item
|clearpoke
|poke|p1|Scovillain, L50, M, shiny|
|poke|p1|Basculegion, L50, M|
|poke|p1|Kingambit, L50, M, shiny|
|poke|p1|Sneasler, L50, M|
|poke|p1|Lycanroc-Dusk, L50, M, shiny|
|poke|p1|Froslass, L50, F, shiny|
|poke|p2|Gardevoir, L50, F, shiny|
|poke|p2|Maushold-Four, L50|
|poke|p2|Kingambit, L50, M, shiny|
|poke|p2|Garchomp, L50, M|
|poke|p2|Talonflame, L50, M, shiny|
|poke|p2|Basculegion, L50, M|
|teampreview|4
|showteam|p1|Scovillain||Scovillainite|Moody|GigaDrain,Overheat,RagePowder,Protect|Bold||M|||50|]Basculegion||SitrusBerry|Adaptability|WaveCrash,LastRespects,AquaJet,Protect|Adamant||M|||50|]Kingambit||LifeOrb|Defiant|KowtowCleave,SuckerPunch,SwordsDance,Protect|Adamant||M|||50|]Sneasler||WhiteHerb|Unburden|CloseCombat,DireClaw,Protect,FakeOut|Adamant||M|||50|]Lycanroc-Dusk||FocusSash|ToughClaws|CloseCombat,Accelerock,RockSlide,Protect|Adamant||M|||50|]Froslass||Froslassite|CursedBody|Blizzard,ShadowBall,AuroraVeil,Protect|Timid||F|||50|
|showteam|p2|Gardevoir||Gardevoirite|Trace|HyperVoice,Psyshock,VacuumWave,Protect|Modest||F|||50|]Maushold-Four||FocusSash|FriendGuard|SuperFang,Taunt,FollowMe,Protect|Timid|||||50|]Kingambit||BlackGlasses|Defiant|KowtowCleave,Protect,SuckerPunch,IronHead|Adamant||M|||50|]Garchomp||LifeOrb|RoughSkin|DragonClaw,Earthquake,RockSlide,Protect|Jolly||M|||50|]Talonflame||SharpBeak|GaleWings|QuickGuard,Protect,Tailwind,BraveBird|Jolly||M|||50|]Basculegion||ChoiceScarf|Adaptability|WaveCrash,AquaJet,FlipTurn,LastRespects|Jolly||M|||50|
|inactive|Battle timer is ON: inactive players will automatically lose when time's up. (requested by FroslassYES!)
|inactive|axolotlwooper also wants the timer to be on.
|
|t:|1786098094
|teamsize|p1|4
|teamsize|p2|4
|start
|switch|p1a: Basculegion|Basculegion, L50, M|100/100
|switch|p1b: Scovillain|Scovillain, L50, M, shiny|100/100
|switch|p2a: Talonflame|Talonflame, L50, M, shiny|100/100
|switch|p2b: Garchomp|Garchomp, L50, M|100/100
|turn|1
|
|t:|1786098111
|detailschange|p1b: Scovillain|Scovillain-Mega, L50, M, shiny
|-mega|p1b: Scovillain|Scovillain|Scovillainite
|move|p1b: Scovillain|Protect|p1b: Scovillain
|-singleturn|p1b: Scovillain|Protect
|move|p2a: Talonflame|Tailwind|p2a: Talonflame
|-sidestart|p2: axolotlwooper|move: Tailwind
|move|p2b: Garchomp|Earthquake|p1a: Basculegion|[spread] p1a
|-activate|p1b: Scovillain|move: Protect
|-immune|p2a: Talonflame
|-damage|p1a: Basculegion|54/100
|-damage|p2b: Garchomp|90/100|[from] item: Life Orb
|move|p1a: Basculegion|Wave Crash|p2a: Talonflame
|-supereffective|p2a: Talonflame|1
|-damage|p2a: Talonflame|0 fnt
|faint|p2a: Talonflame
|-damage|p1a: Basculegion|31/100|[from] Recoil
|-enditem|p1a: Basculegion|Sitrus Berry|[eat]
|-heal|p1a: Basculegion|55/100|[from] item: Sitrus Berry
|
|upkeep
|
|t:|1786098132
|switch|p2a: Kingambit|Kingambit, L50, M, shiny|100/100
|turn|2
|
|t:|1786098139
|move|p1b: Scovillain|Rage Powder|p1b: Scovillain
|-singleturn|p1b: Scovillain|move: Rage Powder
|move|p2a: Kingambit|Sucker Punch||[still]
|-fail|p2a: Kingambit
|move|p2b: Garchomp|Earthquake|p1a: Basculegion|[spread] p2a,p1a,p1b
|-supereffective|p2a: Kingambit|1
|-damage|p2a: Kingambit|19/100
|-damage|p1a: Basculegion|7/100
|-damage|p1b: Scovillain|49/100
|-status|p2b: Garchomp|brn|[from] ability: Spicy Spray|[of] p1b: Scovillain
|-damage|p2b: Garchomp|80/100 brn|[from] item: Life Orb
|move|p1a: Basculegion|Wave Crash|p2b: Garchomp
|-damage|p2b: Garchomp|0 fnt
|-damage|p1a: Basculegion|0 fnt|[from] ability: Rough Skin|[of] p2b: Garchomp
|faint|p2b: Garchomp
|faint|p1a: Basculegion
|
|upkeep
|
|t:|1786098153
|switch|p2b: Gardevoir|Gardevoir, L50, F, shiny|100/100
|switch|p1a: Sneasler|Sneasler, L50, M|100/100
|-ability|p2b: Gardevoir|Unburden|Trace|[from] ability: Trace|[of] p1a: Sneasler
|turn|3
|
|t:|1786098174
|detailschange|p2b: Gardevoir|Gardevoir-Mega, L50, F, shiny
|-mega|p2b: Gardevoir|Gardevoir|Gardevoirite
|move|p1b: Scovillain|Rage Powder|p1b: Scovillain
|-singleturn|p1b: Scovillain|move: Rage Powder
|move|p2a: Kingambit|Sucker Punch||[still]
|-fail|p2a: Kingambit
|move|p2b: Gardevoir|Hyper Voice|p1b: Scovillain|[spread] p1a,p1b
|-resisted|p1b: Scovillain|1
|-damage|p1a: Sneasler|36/100
|-damage|p1b: Scovillain|22/100
|-status|p2b: Gardevoir|brn|[from] ability: Spicy Spray|[of] p1b: Scovillain
|move|p1a: Sneasler|Close Combat|p2a: Kingambit
|-supereffective|p2a: Kingambit|2
|-damage|p2a: Kingambit|0 fnt
|-unboost|p1a: Sneasler|def|1
|-unboost|p1a: Sneasler|spd|1
|faint|p2a: Kingambit
|-enditem|p1a: Sneasler|White Herb
|-clearnegativeboost|p1a: Sneasler|[silent]
|
|-damage|p2b: Gardevoir|93/100 brn|[from] brn
|upkeep
|turn|4
|
|t:|1786098198
|move|p1a: Sneasler|Protect|p1a: Sneasler
|-singleturn|p1a: Sneasler|Protect
|move|p2b: Gardevoir|Hyper Voice|p1a: Sneasler|[spread] p1b
|-activate|p1a: Sneasler|move: Protect
|-resisted|p1b: Scovillain|1
|-damage|p1b: Scovillain|0 fnt
|faint|p1b: Scovillain
|
|-damage|p2b: Gardevoir|87/100 brn|[from] brn
|-sideend|p2: axolotlwooper|move: Tailwind
|upkeep
|
|t:|1786098201
|switch|p1b: Kingambit|Kingambit, L50, M, shiny|100/100
|turn|5
|
|t:|1786098215
|move|p2b: Gardevoir|Vacuum Wave|p1b: Kingambit
|-supereffective|p1b: Kingambit|2
|-damage|p1b: Kingambit|25/100
|move|p1b: Kingambit|Sucker Punch||[still]
|-fail|p1b: Kingambit
|move|p1a: Sneasler|Dire Claw|p2b: Gardevoir
|-supereffective|p2b: Gardevoir|1
|-damage|p2b: Gardevoir|0 fnt
|-fail|p2b: Gardevoir
|faint|p2b: Gardevoir
|
|win|FroslassYES!
||FroslassYES! is ready for game 3.
|inactive|axolotlwooper has 30 seconds to confirm battle start!
||axolotlwooper is ready for game 3.
|uhtml|next|Next: Game 3 of 3
|l|☆axolotlwooper
|player|p2|
