|j|☆MBW 2099
|j|☆twittle twister
|html|MBW 2099twittle twister    
|uhtml|bestof|Game 1 of a best-of-3
|t:|1757822492
|gametype|doubles
|player|p1|MBW 2099|veteran|1148
|player|p2|twittle twister|101|1105
|gen|9
|tier|[Gen 9] VGC 2025 Reg H (Bo3)
|rated|
|rule|Species Clause: Limit one of each Pokémon
|rule|Item Clause: Limit 1 of each item
|clearpoke
|poke|p1|Indeedee-F, L50, F|
|poke|p1|Sneasler, L50, F|
|poke|p1|Gholdengo, L50|
|poke|p1|Corviknight, L50, M|
|poke|p1|Incineroar, L50, M|
|poke|p1|Volcarona, L50, F|
|poke|p2|Ursaluna-Bloodmoon, L50, M|
|poke|p2|Tyranitar, L50, F|
|poke|p2|Sneasler, L50, M|
|poke|p2|Indeedee, L50, M|
|poke|p2|Whimsicott, L50, M|
|poke|p2|Annihilape, L50, F|
|teampreview|4
|showteam|p1|Indeedee-F||SafetyGoggles|PsychicSurge|DazzlingGleam,Imprison,TrickRoom,FollowMe|||F|||50|,,,,,Fairy]Sneasler||PsychicSeed|Unburden|DireClaw,Protect,CloseCombat,ThroatChop|||F|||50|,,,,,Dark]Gholdengo||LifeOrb|GoodasGold|MakeItRain,NastyPlot,Protect,Thunderbolt||||||50|,,,,,Water]Corviknight||MentalHerb|MirrorArmor|BraveBird,IronDefense,BodyPress,Tailwind|||M|||50|,,,,,Dragon]Incineroar||SitrusBerry|Intimidate|KnockOff,PartingShot,FakeOut,Taunt|||M|||50|,,,,,Water]Volcarona||Leftovers|FlameBody|StruggleBug,Protect,HeatWave,QuiverDance|||F|||50|,,,,,Flying
|showteam|p2|Ursaluna-Bloodmoon||ThroatSpray|MindsEye|HyperVoice,BloodMoon,Protect,EarthPower|||M|||50|,,,,,Ghost]Tyranitar||AssaultVest|SandStream|RockSlide,TeraBlast,KnockOff,LowKick|||F|||50|,,,,,Flying]Sneasler||PsychicSeed|Unburden|DireClaw,CloseCombat,Acrobatics,Protect|||M|||50|,,,,,Flying]Indeedee||FocusSash|PsychicSurge|DazzlingGleam,ExpandingForce,Psychic,HelpingHand|||M|||50|,,,,,Fairy]Whimsicott||SafetyGoggles|Prankster|Tailwind,Encore,Moonblast,WorrySeed|||M|||50|,,,,,Steel]Annihilape||RockyHelmet|Defiant|DrainPunch,RageFist,BulkUp,Protect|||F|||50|,,,,,Fairy
|inactive|Battle timer is ON: inactive players will automatically lose when time's up. (requested by MBW 2099)
|inactive|MBW 2099 has 60 seconds left.
|inactive|MBW 2099 has 30 seconds left.
|
|t:|1757822553
|teamsize|p1|4
|teamsize|p2|4
|start
|switch|p1a: Indeedee|Indeedee-F, L50, F|100/100
|switch|p1b: Sneasler|Sneasler, L50, F|100/100
|switch|p2a: Indeedee|Indeedee, L50, M|100/100
|switch|p2b: Annihilape|Annihilape, L50, F|100/100
|-fieldstart|move: Psychic Terrain|[from] ability: Psychic Surge|[of] p2a: Indeedee
|-enditem|p1b: Sneasler|Psychic Seed
|-boost|p1b: Sneasler|spd|1|[from] item: Psychic Seed
|turn|1
|inactive|MBW 2099 has 30 seconds left.
|inactive|twittle twister has 30 seconds left.
|inactive|MBW 2099 has 20 seconds left.
|inactive|twittle twister has 20 seconds left.
|inactive|MBW 2099 has 15 seconds left.
|inactive|twittle twister has 15 seconds left.
|
|t:|1757822597
|switch|p1a: Volcarona|Volcarona, L50, F|100/100
|-terastallize|p1b: Sneasler|Dark
|move|p1b: Sneasler|Throat Chop|p2a: Indeedee
|-supereffective|p2a: Indeedee
|-crit|p2a: Indeedee
|-enditem|p2a: Indeedee|Focus Sash
|-damage|p2a: Indeedee|1/100
|-start|p2a: Indeedee|Throat Chop|[silent]
|move|p2b: Annihilape|Bulk Up|p2b: Annihilape
|-boost|p2b: Annihilape|atk|1
|-boost|p2b: Annihilape|def|1
|move|p2a: Indeedee|Expanding Force|p1b: Sneasler|[spread] p1a
|-immune|p1b: Sneasler
|-damage|p1a: Volcarona|44/100
|
|-heal|p1a: Volcarona|50/100|[from] item: Leftovers
|upkeep
|turn|2
|inactive|MBW 2099 has 30 seconds left.
|inactive|twittle twister has 30 seconds left.
|inactive|twittle twister has 20 seconds left.
|inactive|twittle twister has 15 seconds left.
|inactive|twittle twister has 10 seconds left.
|inactive|MBW 2099 has 20 seconds left.
|inactive|twittle twister has 5 seconds left.
|
|t:|1757822651
|switch|p2a: Sneasler|Sneasler, L50, M|100/100
|-enditem|p2a: Sneasler|Psychic Seed
|-boost|p2a: Sneasler|spd|1|[from] item: Psychic Seed
|move|p1b: Sneasler|Throat Chop|p2b: Annihilape
|-damage|p2b: Annihilape|67/100
|-start|p2b: Annihilape|Throat Chop|[silent]
|-damage|p1b: Sneasler|84/100|[from] item: Rocky Helmet|[of] p2b: Annihilape
|move|p2b: Annihilape|Drain Punch|p1b: Sneasler
|-supereffective|p1b: Sneasler
|-damage|p1b: Sneasler|0 fnt
|-heal|p2b: Annihilape|98/100|[from] drain|[of] p1b: Sneasler
|faint|p1b: Sneasler
|move|p1a: Volcarona|Heat Wave|p2a: Sneasler|[spread] p2b
|-miss|p1a: Volcarona|p2a: Sneasler
|-damage|p2b: Annihilape|66/100
|
|-heal|p1a: Volcarona|57/100|[from] item: Leftovers
|upkeep
|
|t:|1757822672
|switch|p1b: Indeedee|Indeedee-F, L50, F|100/100
|turn|3
|
|t:|1757822683
|move|p1b: Indeedee|Follow Me|p1b: Indeedee
|-singleturn|p1b: Indeedee|move: Follow Me
|move|p2a: Sneasler|Acrobatics|p1b: Indeedee
|-damage|p1b: Indeedee|64/100
|move|p2b: Annihilape|Drain Punch|p1b: Indeedee
|-damage|p1b: Indeedee|21/100
|-heal|p2b: Annihilape|84/100|[from] drain|[of] p1b: Indeedee
|move|p1a: Volcarona|Quiver Dance|p1a: Volcarona
|-boost|p1a: Volcarona|spa|1
|-boost|p1a: Volcarona|spd|1
|-boost|p1a: Volcarona|spe|1
|
|-heal|p1a: Volcarona|63/100|[from] item: Leftovers
|-end|p2b: Annihilape|Throat Chop|[silent]
|upkeep
|turn|4
|inactive|MBW 2099 has 30 seconds left.
|
|t:|1757822713
|move|p1b: Indeedee|Follow Me|p1b: Indeedee
|-singleturn|p1b: Indeedee|move: Follow Me
|move|p2a: Sneasler|Acrobatics|p1b: Indeedee
|-damage|p1b: Indeedee|0 fnt
|faint|p1b: Indeedee
|move|p1a: Volcarona|Heat Wave|p2b: Annihilape|[spread] p2a,p2b
|-damage|p2a: Sneasler|53/100
|-damage|p2b: Annihilape|41/100
|move|p2b: Annihilape|Drain Punch|p1a: Volcarona
|-resisted|p1a: Volcarona
|-damage|p1a: Volcarona|37/100
|-heal|p2b: Annihilape|52/100|[from] drain|[of] p1a: Volcarona
|
|-heal|p1a: Volcarona|43/100|[from] item: Leftovers
|upkeep
|
|t:|1757822729
|switch|p1b: Corviknight|Corviknight, L50, M|100/100
|turn|5
|
|t:|1757822738
|move|p2a: Sneasler|Acrobatics|p1a: Volcarona
|-supereffective|p1a: Volcarona
|-damage|p1a: Volcarona|0 fnt
|faint|p1a: Volcarona
|move|p2b: Annihilape|Drain Punch|p1b: Corviknight
|-crit|p1b: Corviknight
|-damage|p1b: Corviknight|45/100
|-heal|p2b: Annihilape|79/100|[from] drain|[of] p1b: Corviknight
|move|p1b: Corviknight|Tailwind|p1b: Corviknight
|-sidestart|p1: MBW 2099|move: Tailwind
|
|-fieldend|move: Psychic Terrain
|upkeep
|turn|6
|-message|MBW 2099 forfeited.
|
|win|twittle twister
|l|☆MBW 2099
|player|p1|
|j|☆MBW 2099
|player|p1|MBW 2099|veteran|
||MBW 2099 is ready for game 2.
|inactive|twittle twister has 30 seconds to confirm battle start!
||twittle twister is ready for game 2.
|uhtml|next|Next: Game 2 of 3
