|j|☆wingblade33
|j|☆the doctor rock
|html|wingblade33the doctor rock    
|uhtml|bestof|Game 1 of a best-of-3
|t:|1783362934
|gametype|doubles
|player|p1|wingblade33|101|1169
|player|p2|the doctor rock|marlon|1062
|gen|9
|tier|[Gen 9 Champions] VGC 2026 Reg M-B (Bo3)
|rated|
|rule|Species Clause: Limit one of each Pokémon
|rule|Item Clause: Limit 1 of each item
|clearpoke
|poke|p1|Staraptor, L50, F|
|poke|p1|Whimsicott, L50, M|
|poke|p1|Garchomp, L50, M|
|poke|p1|Charizard, L50, F|
|poke|p1|Gholdengo, L50|
|poke|p1|Basculegion, L50, M|
|poke|p2|Malamar, L50, F|
|poke|p2|Sylveon, L50, F|
|poke|p2|Grimmsnarl, L50, M|
|poke|p2|Sinistcha, L50|
|poke|p2|Rotom-Wash, L50|
|poke|p2|Volcarona, L50, F|
|teampreview|4
|showteam|p1|Staraptor||Staraptite|Intimidate|BraveBird,CloseCombat,Protect,Roost|Jolly||F|||50|]Whimsicott||FocusSash|Prankster|Moonblast,Tailwind,Charm,Encore|Timid||M|||50|]Garchomp||LifeOrb|RoughSkin|Protect,Earthquake,DragonClaw,RockSlide|Jolly||M|||50|]Charizard||CharizarditeY|Blaze|HeatWave,WeatherBall,SolarBeam,Protect|Modest||F|||50|]Gholdengo||Leftovers|GoodasGold|MakeItRain,ShadowBall,NastyPlot,Protect|Modest|||||50|]Basculegion||MysticWater|Adaptability|WaveCrash,AquaJet,LastRespects,Protect|Adamant||M|||50|
|showteam|p2|Malamar||Malamarite|Contrary|KnockOff,PsychoCut,Superpower,Protect|Adamant||F|||50|]Sylveon||FairyFeather|Pixilate|HyperVoice,QuickAttack,Yawn,Detect|Modest||F|||50|]Grimmsnarl||RoseliBerry|Prankster|FoulPlay,FakeTears,Taunt,PartingShot|Bold||M|||50|]Sinistcha||SitrusBerry|Hospitality|MatchaGotcha,LifeDew,RagePowder,TrickRoom|Bold|||||50|]Rotom-Wash||ChoiceScarf|Levitate|VoltSwitch,Thunderbolt,HydroPump,WillOWisp|Timid|||||50|]Volcarona||Leftovers|FlameBody|BugBuzz,HeatWave,QuiverDance,Protect|Calm||F|||50|
|inactive|Battle timer is ON: inactive players will automatically lose when time's up. (requested by the doctor rock)
|inactive|wingblade33 has 60 seconds left.
|inactive|the doctor rock has 60 seconds left.
|
|t:|1783362967
|teamsize|p1|4
|teamsize|p2|4
|start
|switch|p1a: Gholdengo|Gholdengo, L50|100/100
|switch|p1b: Basculegion|Basculegion, L50, M|100/100
|switch|p2a: Rotom|Rotom-Wash, L50|100/100
|switch|p2b: Sylveon|Sylveon, L50, F|100/100
|turn|1
|inactive|wingblade33 has 30 seconds left.
|
|t:|1783362995
|move|p1b: Basculegion|Protect|p1b: Basculegion
|-singleturn|p1b: Basculegion|Protect
|move|p2a: Rotom|Thunderbolt|p1a: Gholdengo
|-damage|p1a: Gholdengo|66/100
|move|p1a: Gholdengo|Nasty Plot|p1a: Gholdengo
|-boost|p1a: Gholdengo|spa|2
|move|p2b: Sylveon|Hyper Voice|p1a: Gholdengo|[spread] p1a
|-activate|p1b: Basculegion|move: Protect
|-resisted|p1a: Gholdengo|1
|-damage|p1a: Gholdengo|45/100
|
|-heal|p1a: Gholdengo|52/100|[from] item: Leftovers
|upkeep
|turn|2
|inactive|wingblade33 has 30 seconds left.
|inactive|wingblade33 has 20 seconds left.
|inactive|wingblade33 has 15 seconds left.
|
|t:|1783363035
|move|p1a: Gholdengo|Protect|p1a: Gholdengo
|-singleturn|p1a: Gholdengo|Protect
|move|p2b: Sylveon|Detect|p2b: Sylveon
|-singleturn|p2b: Sylveon|Protect
|move|p2a: Rotom|Thunderbolt|p1b: Basculegion
|-supereffective|p1b: Basculegion|1
|-damage|p1b: Basculegion|25/100
|move|p1b: Basculegion|Wave Crash|p2b: Sylveon
|-activate|p2b: Sylveon|move: Protect
|
|-heal|p1a: Gholdengo|58/100|[from] item: Leftovers
|upkeep
|turn|3
|inactive|wingblade33 has 30 seconds left.
|inactive|wingblade33 has 20 seconds left.
|inactive|wingblade33 has 15 seconds left.
|
|t:|1783363077
|move|p1b: Basculegion|Protect|p1b: Basculegion
|-singleturn|p1b: Basculegion|Protect
|move|p2a: Rotom|Thunderbolt|p1a: Gholdengo
|-damage|p1a: Gholdengo|25/100
|move|p1a: Gholdengo|Shadow Ball|p2a: Rotom
|-damage|p2a: Rotom|14/100
|-unboost|p2a: Rotom|spd|1
|move|p2b: Sylveon|Hyper Voice|p1b: Basculegion|[spread] p1a
|-activate|p1b: Basculegion|move: Protect
|-resisted|p1a: Gholdengo|1
|-damage|p1a: Gholdengo|3/100
|
|-heal|p1a: Gholdengo|9/100|[from] item: Leftovers
|upkeep
|turn|4
|inactive|the doctor rock has 30 seconds left.
|
|t:|1783363106
|switch|p2a: Sinistcha|Sinistcha, L50|100/100
|move|p1a: Gholdengo|Protect|p1a: Gholdengo
|-singleturn|p1a: Gholdengo|Protect
|move|p2b: Sylveon|Detect|p2b: Sylveon
|-singleturn|p2b: Sylveon|Protect
|move|p1b: Basculegion|Aqua Jet|p2a: Sinistcha
|-resisted|p2a: Sinistcha|1
|-damage|p2a: Sinistcha|84/100
|
|-heal|p1a: Gholdengo|16/100|[from] item: Leftovers
|upkeep
|turn|5
|inactive|wingblade33 has 30 seconds left.
|
|t:|1783363132
|switch|p1b: Charizard|Charizard, L50, F|100/100
|move|p1a: Gholdengo|Shadow Ball|p2a: Sinistcha
|-supereffective|p2a: Sinistcha|1
|-damage|p2a: Sinistcha|0 fnt
|faint|p2a: Sinistcha
|move|p2b: Sylveon|Hyper Voice|p1b: Charizard|[spread] p1a,p1b
|-resisted|p1a: Gholdengo|1
|-resisted|p1b: Charizard|1
|-damage|p1a: Gholdengo|0 fnt
|-damage|p1b: Charizard|70/100
|faint|p1a: Gholdengo
|
|upkeep
|
|t:|1783363144
|switch|p1a: Whimsicott|Whimsicott, L50, M|100/100
|switch|p2a: Malamar|Malamar, L50, F|100/100
|turn|6
|
|t:|1783363166
|detailschange|p1b: Charizard|Charizard-Mega-Y, L50, F
|-mega|p1b: Charizard|Charizard|Charizardite Y
|-weather|SunnyDay|[from] ability: Drought|[of] p1b: Charizard
|detailschange|p2a: Malamar|Malamar-Mega, L50, F
|-mega|p2a: Malamar|Malamar|Malamarite
|move|p1a: Whimsicott|Moonblast|p2a: Malamar
|-supereffective|p2a: Malamar|1
|-damage|p2a: Malamar|43/100
|move|p1b: Charizard|Heat Wave|p2b: Sylveon|[spread] p2a,p2b
|-damage|p2a: Malamar|0 fnt
|-damage|p2b: Sylveon|50/100g
|faint|p2a: Malamar
|move|p2b: Sylveon|Yawn|p1b: Charizard
|-start|p1b: Charizard|move: Yawn|[of] p2b: Sylveon
|
|-weather|SunnyDay|[upkeep]
|upkeep
|
|t:|1783363180
|switch|p2a: Rotom|Rotom-Wash, L50|14/100
|turn|7
|
|t:|1783363190
|move|p1a: Whimsicott|Tailwind|p1a: Whimsicott
|-sidestart|p1: wingblade33|move: Tailwind
|move|p1b: Charizard|Heat Wave|p2a: Rotom|[spread] p2a,p2b
|-resisted|p2a: Rotom|1
|-damage|p2a: Rotom|0 fnt
|-damage|p2b: Sylveon|3/100
|faint|p2a: Rotom
|move|p2b: Sylveon|Yawn|p1a: Whimsicott
|-start|p1a: Whimsicott|move: Yawn|[of] p2b: Sylveon
|
|-weather|SunnyDay|[upkeep]
|-end|p1b: Charizard|move: Yawn|[silent]
|-status|p1b: Charizard|slp
|upkeep
|turn|8
|-message|the doctor rock forfeited.
|
|win|wingblade33
||the doctor rock is ready for game 2.
||wingblade33 is ready for game 2.
|uhtml|next|Next: Game 2 of 3
