|j|☆darthmorton
|j|☆SeanClubcardcoach
|html|darthmortonSeanClubcardcoach    
|uhtml|bestof|Game 3 of a best-of-3
|t:|1754226913
|gametype|doubles
|player|p1|darthmorton|ingo|1177
|player|p2|SeanClubcardcoach|265|1256
|gen|9
|tier|[Gen 9] VGC 2025 Reg H (Bo3)
|rated|
|rule|Species Clause: Limit one of each Pokémon
|rule|Item Clause: Limit 1 of each item
|clearpoke
|poke|p1|Kommo-o, L50, F|
|poke|p1|Rillaboom, L50, F|
|poke|p1|Clefairy, L50, M|
|poke|p1|Ninetales-Alola, L50, M|
|poke|p1|Kingambit, L50, M|
|poke|p1|Sneasler, L50, M|
|poke|p2|Indeedee-F, L50, F|
|poke|p2|Excadrill, L50, M|
|poke|p2|Sneasler, L50, M|
|poke|p2|Tyranitar, L50, F|
|poke|p2|Corviknight, L50, F|
|poke|p2|Armarouge, L50, F|
|teampreview|4
|showteam|p1|Kommo-o||ThroatSpray|Overcoat|ClangorousSoul,ClangingScales,Flamethrower,Protect|||F|||50|,,,,,Fire]Rillaboom||AssaultVest|GrassySurge|FakeOut,WoodHammer,GrassyGlide,Uturn|||F|||50|,,,,,Fire]Clefairy||Eviolite|CuteCharm|FollowMe,HelpingHand,Protect,AfterYou|||M|||50|,,,,,Grass]Ninetales-Alola||FocusSash|SnowWarning|Blizzard,IcyWind,Encore,AuroraVeil|||M|||50|,,,,,Ghost]Kingambit||BlackGlasses|Defiant|KowtowCleave,SuckerPunch,IronHead,Protect|||M|||50|,,,,,Ghost]Sneasler||GrassySeed|Unburden|FakeOut,CloseCombat,DireClaw,Coaching|||M|||50|,,,,,Stellar
|showteam|p2|Indeedee-F||SafetyGoggles|PsychicSurge|Psychic,FollowMe,TrickRoom,HelpingHand|||F|||50|,,,,,Fairy]Excadrill||ClearAmulet|SandRush|Earthquake,HighHorsepower,IronHead,Protect|||M|||50|,,,,,Ghost]Sneasler||PsychicSeed|Unburden|DireClaw,CloseCombat,ThroatChop,Protect|||M|||50|,,,,,Dark]Tyranitar||AssaultVest|SandStream|RockSlide,TeraBlast,KnockOff,LowKick|||F|||50|,,,,,Flying]Corviknight||SitrusBerry|MirrorArmor|BraveBird,IronDefense,Roost,BodyPress|||F|||50|,,,,,Dragon]Armarouge||LifeOrb|FlashFire|TrickRoom,ArmorCannon,ExpandingForce,EnergyBall|||F|||50|,,,,,Grass
|inactive|Battle timer is ON: inactive players will automatically lose when time's up. (requested by darthmorton)
|inactive|SeanClubcardcoach also wants the timer to be on.
|inactive|darthmorton has 60 seconds left.
|
|t:|1754226946
|teamsize|p1|4
|teamsize|p2|4
|start
|switch|p1a: Jackson|Kingambit, L50, M, shiny|100/100
|switch|p1b: Craig|Sneasler, L50, M, shiny|100/100
|switch|p2a: Sneasler|Sneasler, L50, M|100/100
|switch|p2b: Corviknight|Corviknight, L50, F|100/100
|turn|1
|
|t:|1754226966
|-terastallize|p1a: Jackson|Ghost
|move|p1b: Craig|Coaching|p1a: Jackson
|-boost|p1a: Jackson|atk|1
|-boost|p1a: Jackson|def|1
|move|p2a: Sneasler|Dire Claw|p1b: Craig
|-resisted|p1b: Craig
|-damage|p1b: Craig|62/100
|-status|p1b: Craig|slp
|move|p2b: Corviknight|Iron Defense|p2b: Corviknight
|-boost|p2b: Corviknight|def|2
|move|p1a: Jackson|Kowtow Cleave|p2b: Corviknight
|-damage|p2b: Corviknight|63/100
|
|upkeep
|turn|2
|
|t:|1754226988
|move|p2a: Sneasler|Throat Chop|p1a: Jackson
|-supereffective|p1a: Jackson
|-damage|p1a: Jackson|68/100
|-start|p1a: Jackson|Throat Chop|[silent]
|cant|p1b: Craig|slp
|move|p2b: Corviknight|Iron Defense|p2b: Corviknight
|-boost|p2b: Corviknight|def|2
|move|p1a: Jackson|Kowtow Cleave|p2b: Corviknight
|-damage|p2b: Corviknight|40/100
|-enditem|p2b: Corviknight|Sitrus Berry|[eat]
|-heal|p2b: Corviknight|65/100|[from] item: Sitrus Berry
|
|upkeep
|turn|3
|
|t:|1754227009
|move|p1a: Jackson|Protect|p1a: Jackson
|-singleturn|p1a: Jackson|Protect
|move|p2a: Sneasler|Throat Chop|p1a: Jackson
|-activate|p1a: Jackson|move: Protect
|cant|p1b: Craig|slp
|move|p2b: Corviknight|Brave Bird|p1b: Craig
|-supereffective|p1b: Craig
|-damage|p1b: Craig|0 fnt
|faint|p1b: Craig
|-damage|p2b: Corviknight|49/100|[from] Recoil
|
|-end|p1a: Jackson|Throat Chop|[silent]
|upkeep
|
|t:|1754227019
|switch|p1b: Blake|Kommo-o, L50, F, shiny|100/100
|turn|4
|inactive|darthmorton has 30 seconds left.
|
|t:|1754227048
|move|p1b: Blake|Protect|p1b: Blake
|-singleturn|p1b: Blake|Protect
|move|p1a: Jackson|Sucker Punch|p2b: Corviknight
|-damage|p2b: Corviknight|29/100
|move|p2a: Sneasler|Dire Claw|p1b: Blake
|-activate|p1b: Blake|move: Protect
|move|p2b: Corviknight|Brave Bird|p1b: Blake
|-activate|p1b: Blake|move: Protect
|
|upkeep
|turn|5
|
|t:|1754227068
|move|p1a: Jackson|Sucker Punch||[still]
|-fail|p1a: Jackson
|move|p2a: Sneasler|Dire Claw|p1b: Blake
|-damage|p1b: Blake|58/100
|move|p1b: Blake|Clanging Scales|p2b: Corviknight|[spread] p2a,p2b
|-resisted|p2b: Corviknight
|-damage|p2a: Sneasler|53/100
|-damage|p2b: Corviknight|11/100
|-unboost|p1b: Blake|def|1
|-enditem|p1b: Blake|Throat Spray
|-boost|p1b: Blake|spa|1|[from] item: Throat Spray
|move|p2b: Corviknight|Roost|p2b: Corviknight
|-heal|p2b: Corviknight|62/100
|-singleturn|p2b: Corviknight|move: Roost
|
|upkeep
|turn|6
|inactive|SeanClubcardcoach has 30 seconds left.
|
|t:|1754227099
|move|p1b: Blake|Protect|p1b: Blake
|-singleturn|p1b: Blake|Protect
|move|p2a: Sneasler|Dire Claw|p1b: Blake
|-activate|p1b: Blake|move: Protect
|move|p2b: Corviknight|Roost|p2b: Corviknight
|-heal|p2b: Corviknight|100/100
|-singleturn|p2b: Corviknight|move: Roost
|move|p1a: Jackson|Kowtow Cleave|p2a: Sneasler
|-resisted|p2a: Sneasler
|-damage|p2a: Sneasler|0 fnt
|faint|p2a: Sneasler
|
|upkeep
|
|t:|1754227102
|switch|p2a: Tyranitar|Tyranitar, L50, F|100/100
|-weather|Sandstorm|[from] ability: Sand Stream|[of] p2a: Tyranitar
|turn|7
|
|t:|1754227121
|switch|p1a: AJ|Rillaboom, L50, F, shiny|100/100
|-fieldstart|move: Grassy Terrain|[from] ability: Grassy Surge|[of] p1a: AJ
|-terastallize|p2a: Tyranitar|Flying
|move|p1b: Blake|Flamethrower|p2b: Corviknight
|-supereffective|p2b: Corviknight
|-damage|p2b: Corviknight|23/100
|move|p2a: Tyranitar|Knock Off|p1a: AJ
|-damage|p1a: AJ|54/100
|-enditem|p1a: AJ|Assault Vest|[from] move: Knock Off|[of] p2a: Tyranitar
|move|p2b: Corviknight|Brave Bird|p1b: Blake
|-supereffective|p1b: Blake
|-damage|p1b: Blake|0 fnt
|faint|p1b: Blake
|-damage|p2b: Corviknight|8/100|[from] Recoil
|
|-weather|Sandstorm|[upkeep]
|-damage|p1a: AJ|48/100|[from] Sandstorm
|-damage|p2a: Tyranitar|94/100|[from] Sandstorm
|-heal|p1a: AJ|54/100|[from] Grassy Terrain
|upkeep
|
|t:|1754227130
|switch|p1b: Jackson|Kingambit, L50, M, shiny, tera:Ghost|68/100
|turn|8
|
|t:|1754227143
|move|p1a: AJ|Fake Out|p2a: Tyranitar
|-damage|p2a: Tyranitar|82/100
|cant|p2a: Tyranitar|flinch
|move|p2b: Corviknight|Roost|p2b: Corviknight
|-heal|p2b: Corviknight|59/100
|-singleturn|p2b: Corviknight|move: Roost
|move|p1b: Jackson|Kowtow Cleave|p2a: Tyranitar
|-damage|p2a: Tyranitar|33/100
|
|-weather|Sandstorm|[upkeep]
|-damage|p1a: AJ|48/100|[from] Sandstorm
|-damage|p2a: Tyranitar|27/100|[from] Sandstorm
|-damage|p1b: Jackson|62/100|[from] Sandstorm
|-heal|p1a: AJ|54/100|[from] Grassy Terrain
|-heal|p2b: Corviknight|65/100|[from] Grassy Terrain
|-heal|p1b: Jackson|68/100|[from] Grassy Terrain
|upkeep
|turn|9
|
|t:|1754227161
|move|p1b: Jackson|Sucker Punch|p2a: Tyranitar
|-damage|p2a: Tyranitar|0 fnt
|faint|p2a: Tyranitar
|move|p1a: AJ|Wood Hammer|p2b: Corviknight
|-resisted|p2b: Corviknight
|-damage|p2b: Corviknight|60/100
|-damage|p1a: AJ|52/100|[from] Recoil
|move|p2b: Corviknight|Roost|p2b: Corviknight
|-heal|p2b: Corviknight|100/100
|-singleturn|p2b: Corviknight|move: Roost
|
|-weather|Sandstorm|[upkeep]
|-damage|p1a: AJ|46/100|[from] Sandstorm
|-damage|p1b: Jackson|62/100|[from] Sandstorm
|-heal|p1a: AJ|52/100|[from] Grassy Terrain
|-heal|p1b: Jackson|68/100|[from] Grassy Terrain
|upkeep
|
|t:|1754227164
|switch|p2a: Indeedee|Indeedee-F, L50, F|100/100
|-fieldstart|move: Psychic Terrain|[from] ability: Psychic Surge|[of] p2a: Indeedee
|turn|10
|
|t:|1754227172
|move|p1a: AJ|Wood Hammer|p2a: Indeedee
|-damage|p2a: Indeedee|47/100
|-damage|p1a: AJ|37/100|[from] Recoil
|move|p2b: Corviknight|Brave Bird|p1a: AJ
|-supereffective|p1a: AJ
|-damage|p1a: AJ|0 fnt
|faint|p1a: AJ
|-damage|p2b: Corviknight|88/100|[from] Recoil
|move|p2a: Indeedee|Psychic|p1b: Jackson
|-damage|p1b: Jackson|30/100
|move|p1b: Jackson|Kowtow Cleave|p2b: Corviknight
|-damage|p2b: Corviknight|70/100
|
|-weather|Sandstorm|[upkeep]
|-damage|p1b: Jackson|24/100|[from] Sandstorm
|upkeep
|turn|11
|-message|darthmorton forfeited.
|
|win|SeanClubcardcoach
|raw|darthmorton's rating: 1177 → 1158(-19 for losing)
|raw|SeanClubcardcoach's rating: 1256 → 1275(+19 for winning)
