|j|â˜†quain4
|j|â˜†washingtongargacha
|html|quain4washingtongargacha    
|uhtml|bestof|Game 1 of a best-of-3
|t:|1756980585
|gametype|doubles
|player|p1|quain4|101|1245
|player|p2|washingtongargacha|2|1204
|gen|9
|tier|[Gen 9] VGC 2025 Reg H (Bo3)
|rated|
|rule|Species Clause: Limit one of each PokÃ©mon
|rule|Item Clause: Limit 1 of each item
|clearpoke
|poke|p1|Zoroark-Hisui, L50, F|
|poke|p1|Sneasler, L50, F|
|poke|p1|Perrserker, L50, M|
|poke|p1|Mandibuzz, L50, F|
|poke|p1|Scizor, L50, M|
|poke|p1|Archaludon, L50, F|
|poke|p2|Talonflame, L50, M|
|poke|p2|Gholdengo, L50|
|poke|p2|Dragonite, L50, F|
|poke|p2|Archaludon, L50, F|
|poke|p2|Tyranitar, L50, M|
|poke|p2|Garchomp, L50, M|
|teampreview|4
|showteam|p1|Zoroark-Hisui||FocusSash|Illusion|HyperVoice,NastyPlot,BitterMalice,Protect|||F|||50|,,,,,Normal]Sneasler||WhiteHerb|Unburden|FakeOut,DireClaw,CloseCombat,ThroatChop|||F|||50|,,,,,Dark]Perrserker||SafetyGoggles|SteelySpirit|FakeOut,IronHead,HelpingHand,Protect|||M|||50|,,,,,Flying]Mandibuzz||SitrusBerry|Overcoat|FoulPlay,Snarl,Roost,Tailwind|||F|||50|,,,,,Poison]Scizor||LifeOrb|Technician|BulletPunch,Protect,CloseCombat,Uturn|||M|||50|,,,,,Bug]Archaludon||PowerHerb|Sturdy|ElectroShot,Protect,DracoMeteor,FlashCannon|||F|||50|,,,,,Electric
|showteam|p2|Talonflame||CovertCloak|GaleWings|Tailwind,BraveBird,Taunt,WillOWisp|||M|||50|,,,,,Ghost]Gholdengo||ChoiceSpecs|GoodasGold|MakeItRain,SteelBeam,ShadowBall,PowerGem||||||50|,,,,,Steel]Dragonite||LoadedDice|Multiscale|ScaleShot,IceSpinner,Haze,Protect|||F|||50|,,,,,Steel]Archaludon||PowerHerb|Sturdy|FlashCannon,ElectroShot,DracoMeteor,Protect|||F|||50|,,,,,Flying]Tyranitar||AssaultVest|SandStream|KnockOff,RockSlide,TeraBlast,LowKick|||M|||50|,,,,,Flying]Garchomp||LifeOrb|RoughSkin|DragonClaw,StompingTantrum,Earthquake,Protect|||M|||50|,,,,,Steel
|inactive|Battle timer is ON: inactive players will automatically lose when time's up. (requested by quain4)
|inactive|quain4 has 60 seconds left.
|inactive|washingtongargacha has 60 seconds left.
|
|t:|1756980640
|teamsize|p1|4
|teamsize|p2|4
|start
|switch|p1a: Mandibuzz|Mandibuzz, L50, F|100/100
|switch|p1b: Scizor|Scizor, L50, M|100/100
|switch|p2a: Talonflame|Talonflame, L50, M|100/100
|switch|p2b: Garchomp|Garchomp, L50, M|100/100
|turn|1
|inactive|washingtongargacha has 30 seconds left.
|inactive|washingtongargacha has 20 seconds left.
|inactive|washingtongargacha has 15 seconds left.
|
|t:|1756980683
|move|p1b: Scizor|Protect|p1b: Scizor
|-singleturn|p1b: Scizor|Protect
|move|p2b: Garchomp|Protect|p2b: Garchomp
|-singleturn|p2b: Garchomp|Protect
|move|p2a: Talonflame|Will-O-Wisp|p1b: Scizor
|-activate|p1b: Scizor|move: Protect
|move|p1a: Mandibuzz|Tailwind|p1a: Mandibuzz
|-sidestart|p1: quain4|move: Tailwind
|
|upkeep
|turn|2
|
|t:|1756980703
|switch|p2b: Gholdengo|Gholdengo, L50|100/100
|-terastallize|p1b: Scizor|Normal
|move|p2a: Talonflame|Tailwind|p2a: Talonflame
|-sidestart|p2: washingtongargacha|move: Tailwind
|move|p1b: Scizor|Hyper Voice|p2b: Gholdengo|[spread] p2a
|-immune|p2b: Gholdengo
|-damage|p2a: Talonflame|48/100
|move|p1a: Mandibuzz|Foul Play|p2b: Gholdengo
|-supereffective|p2b: Gholdengo
|-damage|p2b: Gholdengo|68/100
|
|upkeep
|turn|3
|inactive|quain4 has 30 seconds left.
|inactive|washingtongargacha has 30 seconds left.
|inactive|quain4 has 20 seconds left.
|
|t:|1756980741
|-terastallize|p2b: Gholdengo|Steel
|move|p2a: Talonflame|Will-O-Wisp|p1b: Scizor
|-status|p1b: Scizor|brn
|move|p1b: Scizor|Bitter Malice|p2b: Gholdengo
|-damage|p2b: Gholdengo|29/100
|-unboost|p2b: Gholdengo|atk|1
|move|p1a: Mandibuzz|Foul Play|p2a: Talonflame
|-damage|p2a: Talonflame|12/100
|move|p2b: Gholdengo|Make It Rain|p1b: Scizor|[spread] p1a,p1b
|-damage|p1a: Mandibuzz|15/100
|-enditem|p1b: Scizor|Focus Sash
|-damage|p1b: Scizor|1/100 brn
|-unboost|p2b: Gholdengo|spa|1
|replace|p1b: Zoroark|Zoroark-Hisui, L50, F
|-end|p1b: Zoroark|Illusion
|-enditem|p1a: Mandibuzz|Sitrus Berry|[eat]
|-heal|p1a: Mandibuzz|40/100|[from] item: Sitrus Berry
|
|-damage|p1b: Zoroark|0 fnt|[from] brn
|faint|p1b: Zoroark
|upkeep
|
|t:|1756980747
|switch|p1b: Scizor|Scizor, L50, M|100/100
|turn|4
|inactive|washingtongargacha has 30 seconds left.
|
|t:|1756980780
|move|p2a: Talonflame|Taunt|p1a: Mandibuzz
|-start|p1a: Mandibuzz|move: Taunt
|move|p1a: Mandibuzz|Snarl|p2a: Talonflame|[spread] p2a,p2b
|-damage|p2a: Talonflame|2/100
|-damage|p2b: Gholdengo|19/100
|-unboost|p2b: Gholdengo|spa|1
|move|p2b: Gholdengo|Make It Rain|p1b: Scizor|[spread] p1a,p1b
|-resisted|p1b: Scizor
|-damage|p1a: Mandibuzz|0 fnt
|-damage|p1b: Scizor|72/100
|-unboost|p2b: Gholdengo|spa|1
|faint|p1a: Mandibuzz
|move|p1b: Scizor|Close Combat|p2b: Gholdengo
|-supereffective|p2b: Gholdengo
|-damage|p2b: Gholdengo|0 fnt
|-unboost|p1b: Scizor|def|1
|-unboost|p1b: Scizor|spd|1
|faint|p2b: Gholdengo
|-damage|p1b: Scizor|62/100|[from] item: Life Orb
|
|-sideend|p1: quain4|move: Tailwind
|upkeep
|inactive|washingtongargacha has 30 seconds left.
|
|t:|1756980806
|switch|p1a: Sneasler|Sneasler, L50, F|100/100
|switch|p2b: Garchomp|Garchomp, L50, M|100/100
|turn|5
|
|t:|1756980824
|move|p1a: Sneasler|Fake Out|p2b: Garchomp
|-damage|p2b: Garchomp|86/100
|-damage|p1a: Sneasler|88/100|[from] ability: Rough Skin|[of] p2b: Garchomp
|move|p1b: Scizor|Bullet Punch|p2a: Talonflame
|-resisted|p2a: Talonflame
|-damage|p2a: Talonflame|0 fnt
|faint|p2a: Talonflame
|-damage|p1b: Scizor|52/100|[from] item: Life Orb
|cant|p2b: Garchomp|flinch
|
|-sideend|p2: washingtongargacha|move: Tailwind
|upkeep
|
|t:|1756980834
|switch|p2a: Tyranitar|Tyranitar, L50, M|100/100
|-weather|Sandstorm|[from] ability: Sand Stream|[of] p2a: Tyranitar
|turn|6
|inactive|quain4 has 30 seconds left.
|l|â˜†quain4
|inactive|quain4 disconnected and has a minute to reconnect!
|player|p1|
|inactive|quain4 has 20 seconds left.
|inactive|washingtongargacha has 30 seconds left.
|j|â˜†quain4
|inactive|quain4 reconnected and has 20 seconds left.
|player|p1|quain4|101|
|inactive|quain4 has 15 seconds left.
|inactive|quain4 has 10 seconds left.
|
|t:|1756980882
|move|p1b: Scizor|Bullet Punch|p2b: Garchomp
|-damage|p2b: Garchomp|46/100
|-damage|p1b: Scizor|40/100|[from] ability: Rough Skin|[of] p2b: Garchomp
|-damage|p1b: Scizor|30/100|[from] item: Life Orb
|move|p1a: Sneasler|Close Combat|p2b: Garchomp
|-damage|p2b: Garchomp|0 fnt
|-unboost|p1a: Sneasler|def|1
|-unboost|p1a: Sneasler|spd|1
|-damage|p1a: Sneasler|76/100|[from] ability: Rough Skin|[of] p2b: Garchomp
|faint|p2b: Garchomp
|-enditem|p1a: Sneasler|White Herb
|-clearnegativeboost|p1a: Sneasler|[silent]
|move|p2a: Tyranitar|Rock Slide|p1b: Scizor|[spread] p1a,p1b
|-resisted|p1a: Sneasler
|-damage|p1a: Sneasler|51/100
|-damage|p1b: Scizor|0 fnt
|faint|p1b: Scizor
|
|-weather|Sandstorm|[upkeep]
|-damage|p1a: Sneasler|46/100|[from] Sandstorm
|upkeep
|turn|7
|
|t:|1756980906
|move|p1a: Sneasler|Close Combat|p2a: Tyranitar
|-supereffective|p2a: Tyranitar
|-damage|p2a: Tyranitar|0 fnt
|-unboost|p1a: Sneasler|def|1
|-unboost|p1a: Sneasler|spd|1
|faint|p2a: Tyranitar
|
|win|quain4
