|j|☆don zaloog is real
|j|☆chochitos gustar
|html|don zaloog is realchochitos gustar    
|uhtml|bestof|Game 2 of a best-of-3
|t:|1756761885
|gametype|doubles
|player|p1|don zaloog is real|collector|1285
|player|p2|chochitos gustar|rosa|1288
|gen|9
|tier|[Gen 9] VGC 2025 Reg H (Bo3)
|rated|
|rule|Species Clause: Limit one of each Pokémon
|rule|Item Clause: Limit 1 of each item
|clearpoke
|poke|p1|Murkrow, L50, M|
|poke|p1|Basculegion, L50, M|
|poke|p1|Gholdengo, L50|
|poke|p1|Pawmot, L50, F|
|poke|p1|Kommo-o, L50, F|
|poke|p1|Amoonguss, L50, M|
|poke|p2|Pelipper, L50, F|
|poke|p2|Archaludon, L50, M|
|poke|p2|Basculegion, L50, M|
|poke|p2|Incineroar, L50, F|
|poke|p2|Amoonguss, L50, M|
|poke|p2|Gholdengo, L50|
|teampreview|4
|showteam|p1|Murkrow||Eviolite|Prankster|BraveBird,Tailwind,Quash,Haze|||M|||50|,,,,,Ghost]Basculegion||ChoiceScarf|Adaptability|LastRespects,WaveCrash,FlipTurn,AquaJet|||M|||50|,,,,,Grass]Gholdengo||ChoiceSpecs|GoodasGold|MakeItRain,ShadowBall,PowerGem,SteelBeam||||||50|,,,,,Steel]Pawmot||FocusSash|VoltAbsorb|CloseCombat,DoubleShock,Protect,RevivalBlessing|||F|||50|,,,,,Electric]Kommo-o||LifeOrb|Overcoat|ClangingScales,AuraSphere,Flamethrower,Protect|||F|||50|,,,,,Fire]Amoonguss||CovertCloak|Regenerator|LeafStorm,SludgeBomb,Spore,RagePowder|||M|||50|,,,,,Water
|showteam|p2|Pelipper||FocusSash|Drizzle|Tailwind,Hurricane,WeatherBall,Protect|||F|||50|,,,,,Stellar]Archaludon||AssaultVest|Stamina|ElectroShot,BodyPress,FlashCannon,DragonPulse|||M|||50|,,,,,Fairy]Basculegion||ChoiceBand|SwiftSwim|LastRespects,WaveCrash,AquaJet,FlipTurn|||M|||50|,,,,,Water]Incineroar||SafetyGoggles|Intimidate|FakeOut,KnockOff,FlareBlitz,PartingShot|||F|||50|,,,,,Ghost]Amoonguss||SitrusBerry|Regenerator|Spore,RagePowder,PollenPuff,ClearSmog|||M|||50|,,,,,Fire]Gholdengo||LifeOrb|GoodasGold|NastyPlot,MakeItRain,ShadowBall,Protect||||||50|,,,,,Water
|inactive|Battle timer is ON: inactive players will automatically lose when time's up. (requested by chochitos gustar)
|inactive|don zaloog is real has 60 seconds left.
|
|t:|1756761929
|teamsize|p1|4
|teamsize|p2|4
|start
|switch|p1a: Gholdengo|Gholdengo, L50|100/100
|switch|p1b: Pawmot|Pawmot, L50, F|100/100
|switch|p2a: Basculegion|Basculegion, L50, M|100/100
|switch|p2b: Pelipper|Pelipper, L50, F|100/100
|-weather|RainDance|[from] ability: Drizzle|[of] p2b: Pelipper
|turn|1
|inactive|chochitos gustar has 30 seconds left.
|inactive|chochitos gustar has 20 seconds left.
|inactive|chochitos gustar has 15 seconds left.
|
|t:|1756761972
|move|p2a: Basculegion|Wave Crash|p1a: Gholdengo
|-damage|p1a: Gholdengo|0 fnt
|faint|p1a: Gholdengo
|-damage|p2a: Basculegion|73/100|[from] Recoil
|move|p1b: Pawmot|Double Shock|p2b: Pelipper
|-supereffective|p2b: Pelipper
|-enditem|p2b: Pelipper|Focus Sash
|-damage|p2b: Pelipper|1/100
|-start|p1b: Pawmot|typechange|???/Fighting|[from] move: Double Shock
|move|p2b: Pelipper|Tailwind|p2b: Pelipper
|-sidestart|p2: chochitos gustar|move: Tailwind
|
|-weather|RainDance|[upkeep]
|upkeep
|
|t:|1756761976
|switch|p1a: Amoonguss|Amoonguss, L50, M|100/100
|turn|2
|
|t:|1756761999
|-terastallize|p1a: Amoonguss|Water
|move|p2a: Basculegion|Wave Crash|p1a: Amoonguss
|-resisted|p1a: Amoonguss
|-damage|p1a: Amoonguss|42/100
|-damage|p2a: Basculegion|51/100|[from] Recoil
|move|p2b: Pelipper|Hurricane|p1a: Amoonguss
|-damage|p1a: Amoonguss|5/100
|move|p1b: Pawmot|Revival Blessing|p1b: Pawmot
|
|t:|1756762008
|-heal|p1: Gholdengo|50/100|[from] move: Revival Blessing
|move|p1a: Amoonguss|Spore|p2a: Basculegion
|-status|p2a: Basculegion|slp|[from] move: Spore
|
|-weather|RainDance|[upkeep]
|upkeep
|turn|3
|inactive|don zaloog is real has 30 seconds left.
|inactive|chochitos gustar has 30 seconds left.
|
|t:|1756762035
|cant|p2a: Basculegion|slp
|move|p2b: Pelipper|Hurricane|p1b: Pawmot
|-supereffective|p1b: Pawmot
|-enditem|p1b: Pawmot|Focus Sash
|-damage|p1b: Pawmot|1/100
|-start|p1b: Pawmot|confusion
|-activate|p1b: Pawmot|confusion
|move|p1b: Pawmot|Close Combat|p2b: Pelipper
|-resisted|p2b: Pelipper
|-damage|p2b: Pelipper|0 fnt
|-unboost|p1b: Pawmot|def|1
|-unboost|p1b: Pawmot|spd|1
|faint|p2b: Pelipper
|move|p1a: Amoonguss|Leaf Storm|p2a: Basculegion
|-supereffective|p2a: Basculegion
|-damage|p2a: Basculegion|0 fnt
|-unboost|p1a: Amoonguss|spa|2
|faint|p2a: Basculegion
|
|-weather|RainDance|[upkeep]
|upkeep
|
|t:|1756762049
|switch|p2a: Archaludon|Archaludon, L50, M, shiny|100/100
|switch|p2b: Gholdengo|Gholdengo, L50|100/100
|turn|4
|
|t:|1756762067
|-end|p1b: Pawmot|confusion
|move|p1b: Pawmot|Protect|p1b: Pawmot
|-singleturn|p1b: Pawmot|Protect
|move|p2b: Gholdengo|Nasty Plot|p2b: Gholdengo
|-boost|p2b: Gholdengo|spa|2
|move|p2a: Archaludon|Electro Shot||[still]
|-prepare|p2a: Archaludon|Electro Shot
|-boost|p2a: Archaludon|spa|1
|-anim|p2a: Archaludon|Electro Shot|p1a: Amoonguss
|-supereffective|p1a: Amoonguss
|-damage|p1a: Amoonguss|0 fnt
|faint|p1a: Amoonguss
|
|-weather|RainDance|[upkeep]
|-sideend|p2: chochitos gustar|move: Tailwind
|upkeep
|inactive|don zaloog is real has 30 seconds left.
|
|t:|1756762096
|switch|p1a: Gholdengo|Gholdengo, L50|50/100
|turn|5
|
|t:|1756762119
|-terastallize|p2a: Archaludon|Fairy
|move|p2b: Gholdengo|Protect|p2b: Gholdengo
|-singleturn|p2b: Gholdengo|Protect
|move|p1b: Pawmot|Close Combat|p2a: Archaludon
|-resisted|p2a: Archaludon
|-damage|p2a: Archaludon|82/100
|-unboost|p1b: Pawmot|def|1
|-unboost|p1b: Pawmot|spd|1
|-ability|p2a: Archaludon|Stamina|boost
|-boost|p2a: Archaludon|def|1
|move|p1a: Gholdengo|Make It Rain|p2a: Archaludon|[spread] p2a
|-activate|p2b: Gholdengo|move: Protect
|-supereffective|p2a: Archaludon
|-damage|p2a: Archaludon|0 fnt
|-unboost|p1a: Gholdengo|spa|1
|faint|p2a: Archaludon
|
|-weather|none
|upkeep
|turn|6
|
|t:|1756762140
|move|p1b: Pawmot|Close Combat|p2b: Gholdengo
|-immune|p2b: Gholdengo
|move|p2b: Gholdengo|Make It Rain|p1a: Gholdengo|[spread] p1a,p1b
|-resisted|p1a: Gholdengo
|-damage|p1a: Gholdengo|0 fnt
|-damage|p1b: Pawmot|0 fnt
|-unboost|p2b: Gholdengo|spa|1
|faint|p1a: Gholdengo
|faint|p1b: Pawmot
|-damage|p2b: Gholdengo|91/100|[from] item: Life Orb
|
|upkeep
|
|t:|1756762147
|switch|p1b: Basculegion|Basculegion, L50, M|100/100
|turn|7
|
|t:|1756762154
|move|p1b: Basculegion|Last Respects|p2b: Gholdengo
|-supereffective|p2b: Gholdengo
|-damage|p2b: Gholdengo|0 fnt
|faint|p2b: Gholdengo
|
|win|don zaloog is real
||chochitos gustar is ready for game 3.
||don zaloog is real is ready for game 3.
|uhtml|next|Next: Game 3 of 3
|l|☆chochitos gustar
|player|p2|
