|j|☆owbd
|j|☆dr_sugus_vgc
|html|owbddr_sugus_vgc    
|uhtml|bestof|Game 1 of a best-of-3
|t:|1756800118
|gametype|doubles
|player|p1|owbd|cynthia-gen4|1118
|player|p2|dr_sugus_vgc|ruinmaniac|1140
|gen|9
|tier|[Gen 9] VGC 2025 Reg H (Bo3)
|rated|
|rule|Species Clause: Limit one of each Pokémon
|rule|Item Clause: Limit 1 of each item
|clearpoke
|poke|p1|Gholdengo, L50|
|poke|p1|Incineroar, L50, M|
|poke|p1|Ursaluna-Bloodmoon, L50, M|
|poke|p1|Indeedee, L50, M|
|poke|p1|Sneasler, L50, M|
|poke|p1|Murkrow, L50, M|
|poke|p2|Amoonguss, L50, F|
|poke|p2|Hydreigon, L50, M|
|poke|p2|Incineroar, L50, F|
|poke|p2|Gholdengo, L50|
|poke|p2|Palafin, L50, F|
|poke|p2|Garchomp, L50, F|
|teampreview|4
|showteam|p1|Gholdengo||ChoiceSpecs|GoodasGold|MakeItRain,ShadowBall,Thunderbolt,Trick||||||50|,,,,,Steel]Incineroar||SafetyGoggles|Intimidate|FlareBlitz,PartingShot,FakeOut,KnockOff|||M|||50|,,,,,Ghost]Ursaluna-Bloodmoon||AssaultVest|MindsEye|BloodMoon,EarthPower,HyperVoice,Moonblast|||M|||50|,,,,,Normal]Indeedee||FocusSash|PsychicSurge|ExpandingForce,Protect,TrickRoom,Imprison|||M|||50|,,,,,Psychic]Sneasler||PsychicSeed|Unburden|CloseCombat,DireClaw,FakeOut,ThroatChop|||M|||50|,,,,,Stellar]Murkrow||CovertCloak|Prankster|FoulPlay,Haze,SunnyDay,Tailwind|||M|||50|,,,,,Dark
|showteam|p2|Amoonguss||RockyHelmet|Regenerator|PollenPuff,Spore,RagePowder,Protect|||F|||50|,,,,,Fairy]Hydreigon||SafetyGoggles|Levitate|DracoMeteor,Protect,Tailwind,Snarl|||M|||50|,,,,,Ghost]Incineroar||SitrusBerry|Intimidate|FlareBlitz,KnockOff,PartingShot,FakeOut|||F|||50|,,,,,Ghost]Gholdengo||MetalCoat|GoodasGold|MakeItRain,ShadowBall,NastyPlot,Protect||||||50|,,,,,Water]Palafin||LifeOrb|ZerotoHero|JetPunch,WaveCrash,CloseCombat,Protect|||F|||50|,,,,,Water]Garchomp||FocusSash|RoughSkin|Earthquake,DragonClaw,StompingTantrum,Protect|||F|||50|,,,,,Grass
|inactive|Battle timer is ON: inactive players will automatically lose when time's up. (requested by dr_sugus_vgc)
|inactive|owbd has 60 seconds left.
|inactive|dr_sugus_vgc has 60 seconds left.
|inactive|dr_sugus_vgc has 30 seconds left.
|inactive|dr_sugus_vgc has 20 seconds left.
|inactive|dr_sugus_vgc has 15 seconds left.
|inactive|dr_sugus_vgc has 10 seconds left.
|
|t:|1756800198
|teamsize|p1|4
|teamsize|p2|4
|start
|switch|p1a: Indeedee|Indeedee, L50, M|100/100
|switch|p1b: Sneasler|Sneasler, L50, M|100/100
|switch|p2a: Hydreigon|Hydreigon, L50, M|100/100
|switch|p2b: Incineroar|Incineroar, L50, F|100/100
|-fieldstart|move: Psychic Terrain|[from] ability: Psychic Surge|[of] p1a: Indeedee
|-enditem|p1b: Sneasler|Psychic Seed
|-boost|p1b: Sneasler|spd|1|[from] item: Psychic Seed
|-ability|p2b: Incineroar|Intimidate|boost
|-unboost|p1a: Indeedee|atk|1
|-unboost|p1b: Sneasler|atk|1
|turn|1
|
|t:|1756800223
|switch|p2b: Gholdengo|Gholdengo, L50|100/100
|-terastallize|p1b: Sneasler|Stellar
|move|p1a: Indeedee|Protect|p1a: Indeedee
|-singleturn|p1a: Indeedee|Protect
|move|p2a: Hydreigon|Protect|p2a: Hydreigon
|-singleturn|p2a: Hydreigon|Protect
|move|p1b: Sneasler|Close Combat|p2b: Gholdengo
|-immune|p2b: Gholdengo
|
|upkeep
|turn|2
|inactive|dr_sugus_vgc has 30 seconds left.
|
|t:|1756800251
|switch|p2b: Incineroar|Incineroar, L50, F|100/100
|-ability|p2b: Incineroar|Intimidate|boost
|-unboost|p1a: Indeedee|atk|1
|-unboost|p1b: Sneasler|atk|1
|move|p1b: Sneasler|Dire Claw|p2a: Hydreigon
|-damage|p2a: Hydreigon|73/100
|-status|p2a: Hydreigon|psn
|move|p1a: Indeedee|Expanding Force|p2b: Incineroar|[spread] 
|-immune|p2a: Hydreigon
|-immune|p2b: Incineroar
|move|p2a: Hydreigon|Snarl|p1a: Indeedee|[spread] p1a,p1b
|-supereffective|p1a: Indeedee
|-resisted|p1b: Sneasler
|-damage|p1a: Indeedee|48/100
|-damage|p1b: Sneasler|93/100
|-unboost|p1a: Indeedee|spa|1
|-unboost|p1b: Sneasler|spa|1
|
|-damage|p2a: Hydreigon|60/100 psn|[from] psn
|upkeep
|turn|3
|inactive|dr_sugus_vgc has 30 seconds left.
|inactive|dr_sugus_vgc has 20 seconds left.
|inactive|dr_sugus_vgc has 15 seconds left.
|
|t:|1756800291
|switch|p1a: Ursaluna|Ursaluna-Bloodmoon, L50, M|100/100
|switch|p2a: Amoonguss|Amoonguss, L50, F|100/100
|move|p1b: Sneasler|Close Combat|p2b: Incineroar
|-supereffective|p2b: Incineroar
|-damage|p2b: Incineroar|9/100
|-unboost|p1b: Sneasler|def|1
|-unboost|p1b: Sneasler|spd|1
|-enditem|p2b: Incineroar|Sitrus Berry|[eat]
|-heal|p2b: Incineroar|34/100|[from] item: Sitrus Berry
|move|p2b: Incineroar|Flare Blitz|p1b: Sneasler
|-damage|p1b: Sneasler|0 fnt
|faint|p1b: Sneasler
|-damage|p2b: Incineroar|9/100|[from] Recoil
|
|upkeep
|
|t:|1756800309
|switch|p1b: Indeedee|Indeedee, L50, M|48/100
|turn|4
|
|t:|1756800317
|move|p2a: Amoonguss|Protect|p2a: Amoonguss
|-singleturn|p2a: Amoonguss|Protect
|move|p1b: Indeedee|Expanding Force|p2a: Amoonguss|[spread] 
|-activate|p2a: Amoonguss|move: Protect
|-immune|p2b: Incineroar
|move|p1a: Ursaluna|Hyper Voice|p2a: Amoonguss|[spread] p2b
|-activate|p2a: Amoonguss|move: Protect
|-damage|p2b: Incineroar|0 fnt
|faint|p2b: Incineroar
|
|upkeep
|
|t:|1756800329
|switch|p2b: Hydreigon|Hydreigon, L50, M|60/100 psn
|turn|5
|
|t:|1756800345
|-terastallize|p2a: Amoonguss|Fairy
|move|p1b: Indeedee|Protect|p1b: Indeedee
|-singleturn|p1b: Indeedee|Protect
|move|p2b: Hydreigon|Snarl|p1a: Ursaluna|[spread] p1a
|-activate|p1b: Indeedee|move: Protect
|-damage|p1a: Ursaluna|85/100
|-unboost|p1a: Ursaluna|spa|1
|move|p1a: Ursaluna|Hyper Voice|p2a: Amoonguss|[spread] p2a,p2b
|-damage|p2a: Amoonguss|79/100
|-damage|p2b: Hydreigon|35/100 psn
|move|p2a: Amoonguss|Spore|p1a: Ursaluna
|-status|p1a: Ursaluna|slp|[from] move: Spore
|
|-damage|p2b: Hydreigon|22/100 psn|[from] psn
|-fieldend|move: Psychic Terrain
|upkeep
|turn|6
|
|t:|1756800368
|switch|p1b: Gholdengo|Gholdengo, L50|100/100
|move|p2b: Hydreigon|Snarl|p1a: Ursaluna|[spread] p1a,p1b
|-supereffective|p1b: Gholdengo
|-damage|p1a: Ursaluna|68/100 slp
|-damage|p1b: Gholdengo|55/100
|-unboost|p1a: Ursaluna|spa|1
|-unboost|p1b: Gholdengo|spa|1
|cant|p1a: Ursaluna|slp
|move|p2a: Amoonguss|Pollen Puff|p2b: Hydreigon
|-heal|p2b: Hydreigon|72/100 psn
|
|-damage|p2b: Hydreigon|60/100 psn|[from] psn
|upkeep
|turn|7
|
|t:|1756800387
|move|p2b: Hydreigon|Snarl|p1a: Ursaluna|[spread] p1a,p1b
|-crit|p1a: Ursaluna
|-supereffective|p1b: Gholdengo
|-damage|p1a: Ursaluna|43/100 slp
|-damage|p1b: Gholdengo|13/100
|-unboost|p1a: Ursaluna|spa|1
|-unboost|p1b: Gholdengo|spa|1
|move|p1b: Gholdengo|Make It Rain|p2b: Hydreigon|[spread] p2a,p2b
|-supereffective|p2a: Amoonguss
|-damage|p2a: Amoonguss|21/100
|-damage|p2b: Hydreigon|26/100 psn
|-unboost|p1b: Gholdengo|spa|1
|-curestatus|p1a: Ursaluna|slp|[msg]
|move|p1a: Ursaluna|Hyper Voice|p2a: Amoonguss|[spread] p2a,p2b
|-crit|p2a: Amoonguss
|-damage|p2a: Amoonguss|0 fnt
|-damage|p2b: Hydreigon|11/100 psn
|faint|p2a: Amoonguss
|
|-damage|p2b: Hydreigon|0 fnt|[from] psn
|faint|p2b: Hydreigon
|upkeep
|
|t:|1756800404
|switch|p2b: Gholdengo|Gholdengo, L50|100/100
|turn|8
|
|t:|1756800412
|switch|p1b: Indeedee|Indeedee, L50, M|48/100
|-fieldstart|move: Psychic Terrain|[from] ability: Psychic Surge|[of] p1b: Indeedee
|move|p2b: Gholdengo|Nasty Plot|p2b: Gholdengo
|-boost|p2b: Gholdengo|spa|2
|move|p1a: Ursaluna|Earth Power|p2b: Gholdengo
|-supereffective|p2b: Gholdengo
|-damage|p2b: Gholdengo|57/100
|
|upkeep
|turn|9
|
|t:|1756800424
|move|p1b: Indeedee|Expanding Force|p2b: Gholdengo
|-resisted|p2b: Gholdengo
|-damage|p2b: Gholdengo|24/100
|move|p2b: Gholdengo|Make It Rain|p1b: Indeedee|[spread] p1a,p1b
|-damage|p1a: Ursaluna|0 fnt
|-damage|p1b: Indeedee|0 fnt
|-unboost|p2b: Gholdengo|spa|1
|faint|p1a: Ursaluna
|faint|p1b: Indeedee
|
|upkeep
|
|t:|1756800435
|switch|p1b: Gholdengo|Gholdengo, L50|13/100
|turn|10
|
|t:|1756800439
|move|p1b: Gholdengo|Shadow Ball|p2b: Gholdengo
|-supereffective|p2b: Gholdengo
|-damage|p2b: Gholdengo|0 fnt
|faint|p2b: Gholdengo
|
|win|owbd
||owbd is ready for game 2.
||dr_sugus_vgc is ready for game 2.
|uhtml|next|Next: Game 2 of 3
