|j|☆kheld
|j|☆darthmorton
|html|khelddarthmorton    
|uhtml|bestof|Game 3 of a best-of-3
|t:|1784228558
|gametype|doubles
|player|p1|kheld|170|1327
|player|p2|darthmorton|dragontamer|1373
|gen|9
|tier|[Gen 9 Champions] VGC 2026 Reg M-B (Bo3)
|rated|
|rule|Species Clause: Limit one of each Pokémon
|rule|Item Clause: Limit 1 of each item
|clearpoke
|poke|p1|Gardevoir, L50, M, shiny|
|poke|p1|Basculegion, L50, M|
|poke|p1|Talonflame, L50, F|
|poke|p1|Kingambit, L50, F|
|poke|p1|Kommo-o, L50, F|
|poke|p1|Maushold, L50|
|poke|p2|Metagross, L50|
|poke|p2|Hydreigon, L50, F|
|poke|p2|Sneasler, L50, M|
|poke|p2|Sinistcha, L50|
|poke|p2|Tyranitar, L50, M|
|poke|p2|Excadrill, L50, M|
|teampreview|4
|showteam|p1|Gardevoir||Gardevoirite|Trace|HyperVoice,Psychic,Thunderbolt,Protect|Modest||M|||50|]Basculegion||ChoiceScarf|Adaptability|WaveCrash,LastRespects,FlipTurn,AquaJet|Jolly||M|||50|]Talonflame||SharpBeak|GaleWings|DualWingbeat,FlareBlitz,Tailwind,Protect|Jolly||F|||50|]Kingambit||ExpertBelt|Defiant|KowtowCleave,SuckerPunch,IronHead,LowKick|Jolly||F|||50|]Kommo-o||LifeOrb|Soundproof|ClangingScales,DracoMeteor,AuraSphere,Protect|Modest||F|||50|]Maushold||FocusSash|FriendGuard|SuperFang,Feint,FollowMe,Protect|Jolly|||||50|
|showteam|p2|Metagross||Metagrossite|ClearBody|Protect,IronHead,PsychicFangs,BodyPress|Jolly|||||50|]Hydreigon||ChoiceScarf|Levitate|DracoMeteor,DarkPulse,EarthPower,Snarl|Timid||F|||50|]Sneasler||WhiteHerb|Unburden|CloseCombat,DireClaw,FakeOut,Coaching|Jolly||M|||50|]Sinistcha||ColburBerry|Hospitality|Protect,MatchaGotcha,RagePowder,TrickRoom|Bold|||||50|]Tyranitar||Tyranitarite|SandStream|RockSlide,KnockOff,DragonDance,Protect|Jolly||M|||50|]Excadrill||FocusSash|SandRush|IronHead,HighHorsepower,RockSlide,Protect|Adamant||M|||50|
|inactive|Battle timer is ON: inactive players will automatically lose when time's up. (requested by darthmorton)
|inactive|kheld has 60 seconds left.
|inactive|darthmorton has 60 seconds left.
|
|t:|1784228606
|teamsize|p1|4
|teamsize|p2|4
|start
|switch|p1a: Basculegion|Basculegion, L50, M|100/100
|switch|p1b: Talonflame|Talonflame, L50, F|100/100
|switch|p2a: Sneasler|Sneasler, L50, M|100/100
|switch|p2b: Metagross|Metagross, L50|100/100
|turn|1
|
|t:|1784228626
|detailschange|p2b: Metagross|Metagross-Mega, L50
|-mega|p2b: Metagross|Metagross|Metagrossite
|move|p1b: Talonflame|Protect|p1b: Talonflame
|-singleturn|p1b: Talonflame|Protect
|move|p2a: Sneasler|Fake Out|p1b: Talonflame
|-activate|p1b: Talonflame|move: Protect
|move|p1a: Basculegion|Flip Turn|p2b: Metagross
|-damage|p2b: Metagross|73/100
|
|t:|1784228636
|switch|p1a: Kommo-o|Kommo-o, L50, F|100/100|[from] Flip Turn
|move|p2b: Metagross|Psychic Fangs|p1b: Talonflame
|-activate|p1b: Talonflame|move: Protect
|
|upkeep
|turn|2
|
|t:|1784228650
|switch|p2a: Tyranitar|Tyranitar, L50, M|100/100
|-weather|Sandstorm|[from] ability: Sand Stream|[of] p2a: Tyranitar
|move|p1b: Talonflame|Tailwind|p1b: Talonflame
|-sidestart|p1: kheld|move: Tailwind
|move|p1a: Kommo-o|Clanging Scales|p2a: Tyranitar|[spread] p2a,p2b
|-resisted|p2b: Metagross|1
|-damage|p2a: Tyranitar|68/100
|-damage|p2b: Metagross|46/100
|-unboost|p1a: Kommo-o|def|1
|-damage|p1a: Kommo-o|90/100|[from] item: Life Orb
|move|p2b: Metagross|Psychic Fangs|p1b: Talonflame
|-damage|p1b: Talonflame|5/100
|
|-weather|Sandstorm|[upkeep]
|-damage|p1b: Talonflame|0 fnt|[from] Sandstorm
|-damage|p1a: Kommo-o|84/100|[from] Sandstorm
|faint|p1b: Talonflame
|upkeep
|
|t:|1784228666
|switch|p1b: Gardevoir|Gardevoir, L50, M, shiny|100/100
|-ability|p1b: Gardevoir|Tough Claws|Trace|[from] ability: Trace|[of] p2b: Metagross
|turn|3
|
|t:|1784228683
|detailschange|p1b: Gardevoir|Gardevoir-Mega, L50, M, shiny
|-mega|p1b: Gardevoir|Gardevoir|Gardevoirite
|move|p2b: Metagross|Protect|p2b: Metagross
|-singleturn|p2b: Metagross|Protect
|move|p1b: Gardevoir|Hyper Voice|p2a: Tyranitar|[spread] p2a
|-activate|p2b: Metagross|move: Protect
|-supereffective|p2a: Tyranitar|1
|-damage|p2a: Tyranitar|0 fnt
|faint|p2a: Tyranitar
|move|p1a: Kommo-o|Aura Sphere|p2b: Metagross
|-activate|p2b: Metagross|move: Protect
|
|-weather|Sandstorm|[upkeep]
|-damage|p1b: Gardevoir|94/100|[from] Sandstorm
|-damage|p1a: Kommo-o|78/100|[from] Sandstorm
|upkeep
|
|t:|1784228701
|switch|p2a: Sneasler|Sneasler, L50, M|100/100
|turn|4
|
|t:|1784228715
|switch|p2a: Sinistcha|Sinistcha, L50|100/100
|-heal|p2b: Metagross|71/100|[from] ability: Hospitality|[of] p2a: Sinistcha
|move|p1b: Gardevoir|Protect|p1b: Gardevoir
|-singleturn|p1b: Gardevoir|Protect
|move|p1a: Kommo-o|Clanging Scales|p2a: Sinistcha|[spread] p2a,p2b
|-resisted|p2b: Metagross|1
|-damage|p2a: Sinistcha|48/100
|-damage|p2b: Metagross|47/100
|-unboost|p1a: Kommo-o|def|1
|-damage|p1a: Kommo-o|69/100|[from] item: Life Orb
|move|p2b: Metagross|Iron Head|p1b: Gardevoir
|-activate|p1b: Gardevoir|move: Protect
|
|-weather|Sandstorm|[upkeep]
|-damage|p1b: Gardevoir|88/100|[from] Sandstorm
|-damage|p1a: Kommo-o|63/100|[from] Sandstorm
|-damage|p2a: Sinistcha|42/100|[from] Sandstorm
|upkeep
|turn|5
|
|t:|1784228732
|move|p2b: Metagross|Protect|p2b: Metagross
|-singleturn|p2b: Metagross|Protect
|move|p2a: Sinistcha|Protect|p2a: Sinistcha
|-singleturn|p2a: Sinistcha|Protect
|move|p1b: Gardevoir|Hyper Voice|p2b: Metagross|[spread] 
|-activate|p2a: Sinistcha|move: Protect
|-activate|p2b: Metagross|move: Protect
|move|p1a: Kommo-o|Clanging Scales|p2b: Metagross|[spread] 
|-activate|p2a: Sinistcha|move: Protect
|-activate|p2b: Metagross|move: Protect
|
|-weather|Sandstorm|[upkeep]
|-damage|p1b: Gardevoir|82/100|[from] Sandstorm
|-damage|p1a: Kommo-o|57/100|[from] Sandstorm
|-damage|p2a: Sinistcha|36/100|[from] Sandstorm
|-sideend|p1: kheld|move: Tailwind
|upkeep
|turn|6
|
|t:|1784228748
|switch|p2a: Sneasler|Sneasler, L50, M|100/100
|move|p2b: Metagross|Psychic Fangs|p1a: Kommo-o
|-supereffective|p1a: Kommo-o|1
|-damage|p1a: Kommo-o|0 fnt
|faint|p1a: Kommo-o
|move|p1b: Gardevoir|Hyper Voice|p2a: Sneasler|[spread] p2a,p2b
|-resisted|p2b: Metagross|1
|-damage|p2a: Sneasler|34/100
|-damage|p2b: Metagross|19/100
|
|-weather|none
|upkeep
|
|t:|1784228756
|switch|p1a: Basculegion|Basculegion, L50, M|100/100
|turn|7
|inactive|darthmorton has 30 seconds left.
|
|t:|1784228783
|move|p2b: Metagross|Protect|p2b: Metagross
|-singleturn|p2b: Metagross|Protect
|move|p1a: Basculegion|Last Respects|p2a: Sneasler
|-damage|p2a: Sneasler|0 fnt
|faint|p2a: Sneasler
|move|p1b: Gardevoir|Hyper Voice|p2b: Metagross
|-activate|p2b: Metagross|move: Protect
|
|upkeep
|
|t:|1784228789
|switch|p2a: Sinistcha|Sinistcha, L50|36/100
|-heal|p2b: Metagross|44/100|[from] ability: Hospitality|[of] p2a: Sinistcha
|turn|8
|
|t:|1784228808
|move|p2a: Sinistcha|Rage Powder|p2a: Sinistcha
|-singleturn|p2a: Sinistcha|move: Rage Powder
|move|p1a: Basculegion|Last Respects|p2a: Sinistcha
|-supereffective|p2a: Sinistcha|1
|-damage|p2a: Sinistcha|0 fnt
|faint|p2a: Sinistcha
|move|p2b: Metagross|Psychic Fangs|p1a: Basculegion
|-crit|p1a: Basculegion
|-damage|p1a: Basculegion|0 fnt
|faint|p1a: Basculegion
|move|p1b: Gardevoir|Hyper Voice|p2b: Metagross
|-resisted|p2b: Metagross|1
|-damage|p2b: Metagross|4/100
|
|upkeep
|turn|9
|c|☆kheld|:v
|c|☆kheld|v:
|c|☆darthmorton|ope
|c|☆kheld|:v
|c|☆kheld|v:
|c|☆kheld|:v
|c|☆kheld|v:
|c|☆kheld|:v
|inactive|kheld has 30 seconds left.
|inactive|kheld has 20 seconds left.
|inactive|kheld has 15 seconds left.
|inactive|kheld has 10 seconds left.
|inactive|kheld has 5 seconds left.
|
|t:|1784228863
|move|p1b: Gardevoir|Protect|p1b: Gardevoir
|-singleturn|p1b: Gardevoir|Protect
|move|p2b: Metagross|Iron Head|p1b: Gardevoir
|-activate|p1b: Gardevoir|move: Protect
|
|upkeep
|turn|10
|inactive|kheld has 30 seconds left.
|inactive|kheld has 20 seconds left.
|inactive|kheld has 15 seconds left.
|inactive|kheld has 10 seconds left.
|inactive|kheld has 5 seconds left.
|
|t:|1784228917
|move|p1b: Gardevoir|Protect||[still]
|-fail|p1b: Gardevoir
|move|p2b: Metagross|Iron Head|p1b: Gardevoir
|-supereffective|p1b: Gardevoir|1
|-damage|p1b: Gardevoir|0 fnt
|faint|p1b: Gardevoir
|
|win|darthmorton
|raw|kheld's rating: 1327 → 1310(-17 for losing)
|raw|darthmorton's rating: 1373 → 1390(+17 for winning)
