|j|☆HEDGEHOGMEOW
|j|☆Mestremarkusme
|html|HEDGEHOGMEOWMestremarkusme    
|uhtml|bestof|Game 2 of a best-of-3
|t:|1785152166
|gametype|doubles
|player|p1|HEDGEHOGMEOW|102|1253
|player|p2|Mestremarkusme|hiker-gen4|1207
|gen|9
|tier|[Gen 9 Champions] VGC 2026 Reg M-B (Bo3)
|rated|
|rule|Species Clause: Limit one of each Pokémon
|rule|Item Clause: Limit 1 of each item
|clearpoke
|poke|p1|Raichu, L50, M|
|poke|p1|Maushold-Four, L50|
|poke|p1|Farigiraf, L50, M|
|poke|p1|Sylveon, L50, M|
|poke|p1|Kingambit, L50, M|
|poke|p1|Camerupt, L50, F|
|poke|p2|Incineroar, L50, F|
|poke|p2|Kingambit, L50, M|
|poke|p2|Sinistcha, L50|
|poke|p2|Sneasler, L50, F|
|poke|p2|Blastoise, L50, M|
|poke|p2|Delphox, L50, F|
|teampreview|4
|showteam|p1|Raichu||RaichuniteY|LightningRod|FakeOut,ZapCannon,FocusBlast,Protect|Timid||M|||50|]Maushold-Four||WideLens|Technician|PopulationBomb,Taunt,FollowMe,Protect|Jolly|||||50|]Farigiraf||SitrusBerry|ArmorTail|Psychic,TrickRoom,Protect,SkillSwap|Relaxed||M|||50|]Sylveon||FairyFeather|Pixilate|Detect,QuickAttack,HyperVoice,HyperBeam|Quiet||M|||50|]Kingambit||ChopleBerry|Defiant|SuckerPunch,KowtowCleave,IronHead,LowKick|Brave||M|||50|]Camerupt||Cameruptite|SolidRock|AncientPower,EarthPower,HeatWave,Protect|Quiet||F|||50|
|showteam|p2|Incineroar||SitrusBerry|Intimidate|FakeOut,FlareBlitz,ThroatChop,PartingShot|Impish||F|||50|]Kingambit||BlackGlasses|Defiant|KowtowCleave,SuckerPunch,SwordsDance,Protect|Adamant||M|||50|]Sinistcha||OccaBerry|Hospitality|MatchaGotcha,RagePowder,TrickRoom,Protect|Relaxed|||||50|]Sneasler||FocusSash|PoisonTouch|FakeOut,CloseCombat,PoisonJab,QuickGuard|Jolly||F|||50|]Blastoise||Blastoisinite|RainDish|WaterSpout,DarkPulse,ShellSmash,Protect|Modest||M|||50|]Delphox||Delphoxite|Blaze|HeatWave,Psychic,NastyPlot,Protect|Timid||F|||50|
|inactive|Battle timer is ON: inactive players will automatically lose when time's up. (requested by HEDGEHOGMEOW)
|
|t:|1785152190
|teamsize|p1|4
|teamsize|p2|4
|start
|switch|p1a: Farigiraf|Farigiraf, L50, M|100/100
|switch|p1b: Raichu|Raichu, L50, M|100/100
|switch|p2a: Kingambit|Kingambit, L50, M|100/100
|switch|p2b: Sneasler|Sneasler, L50, F|100/100
|turn|1
|
|t:|1785152206
|detailschange|p1b: Raichu|Raichu-Mega-Y, L50, M
|-mega|p1b: Raichu|Raichu|Raichunite Y
|move|p2b: Sneasler|Quick Guard|p2b: Sneasler
|-singleturn|p2b: Sneasler|Quick Guard
|move|p1b: Raichu|Focus Blast|p2a: Kingambit
|-supereffective|p2a: Kingambit|2
|-damage|p2a: Kingambit|0 fnt
|faint|p2a: Kingambit
|move|p1a: Farigiraf|Trick Room|p1a: Farigiraf
|-fieldstart|move: Trick Room|[of] p1a: Farigiraf
|
|upkeep
|
|t:|1785152218
|switch|p2a: Blastoise|Blastoise, L50, M|100/100
|turn|2
|
|t:|1785152230
|switch|p2b: Sinistcha|Sinistcha, L50|100/100
|detailschange|p2a: Blastoise|Blastoise-Mega, L50, M
|-mega|p2a: Blastoise|Blastoise|Blastoisinite
|move|p1a: Farigiraf|Psychic|p2a: Blastoise
|-crit|p2a: Blastoise
|-damage|p2a: Blastoise|49/100
|move|p2a: Blastoise|Water Spout|p1a: Farigiraf|[spread] p1a,p1b
|-damage|p1a: Farigiraf|68/100
|-damage|p1b: Raichu|55/100
|move|p1b: Raichu|Zap Cannon|p2a: Blastoise
|-supereffective|p2a: Blastoise|1
|-damage|p2a: Blastoise|0 fnt
|faint|p2a: Blastoise
|
|upkeep
|
|t:|1785152246
|switch|p2a: Sneasler|Sneasler, L50, F|100/100
|turn|3
|
|t:|1785152258
|move|p1a: Farigiraf|Psychic|p2a: Sneasler
|-supereffective|p2a: Sneasler|2
|-enditem|p2a: Sneasler|Focus Sash
|-damage|p2a: Sneasler|1/100
|move|p2b: Sinistcha|Matcha Gotcha|p1b: Raichu|[spread] p1b
|-miss|p2b: Sinistcha|p1a: Farigiraf
|-damage|p1b: Raichu|23/100
|move|p2a: Sneasler|Poison Jab|p1b: Raichu
|-damage|p1b: Raichu|0 fnt
|faint|p1b: Raichu
|
|upkeep
|
|t:|1785152275
|switch|p1b: Sylveon|Sylveon, L50, M|100/100
|turn|4
|
|t:|1785152282
|move|p1a: Farigiraf|Psychic|p2b: Sinistcha
|-damage|p2b: Sinistcha|64/100
|move|p1b: Sylveon|Hyper Voice|p2a: Sneasler|[spread] p2a,p2b
|-damage|p2a: Sneasler|0 fnt
|-damage|p2b: Sinistcha|19/100
|faint|p2a: Sneasler
|move|p2b: Sinistcha|Trick Room|p2b: Sinistcha
|-fieldend|move: Trick Room
|
|upkeep
|turn|5
|
|t:|1785152291
|move|p1b: Sylveon|Quick Attack|p2b: Sinistcha
|-damage|p2b: Sinistcha|8/100
|move|p2b: Sinistcha|Matcha Gotcha|p1b: Sylveon|[spread] p1a,p1b
|-damage|p1a: Farigiraf|46/100
|-heal|p2b: Sinistcha|22/100|[from] drain|[of] p1a: Farigiraf
|-damage|p1b: Sylveon|80/100
|-heal|p2b: Sinistcha|33/100|[from] drain|[of] p1b: Sylveon
|-enditem|p1a: Farigiraf|Sitrus Berry|[eat]
|-heal|p1a: Farigiraf|71/100|[from] item: Sitrus Berry
|move|p1a: Farigiraf|Psychic|p2b: Sinistcha
|-damage|p2b: Sinistcha|0 fnt
|faint|p2b: Sinistcha
|
|win|HEDGEHOGMEOW
|raw|HEDGEHOGMEOW's rating: 1253 → 1275(+22 for winning)
|raw|Mestremarkusme's rating: 1207 → 1185(-22 for losing)
