|j|☆Glimme
|j|☆bricktree
|html|Glimmebricktree    
|uhtml|bestof|Game 2 of a best-of-3
|t:|1782980603
|gametype|doubles
|player|p1|Glimme|li|1271
|player|p2|bricktree|2|1403
|gen|9
|tier|[Gen 9 Champions] VGC 2026 Reg M-B (Bo3)
|rated|
|rule|Species Clause: Limit one of each Pokémon
|rule|Item Clause: Limit 1 of each item
|clearpoke
|poke|p1|Charizard, L50, M, shiny|
|poke|p1|Farigiraf, L50, M, shiny|
|poke|p1|Kingambit, L50, M, shiny|
|poke|p1|Sylveon, L50, M, shiny|
|poke|p1|Aerodactyl, L50, M, shiny|
|poke|p1|Garchomp, L50, M, shiny|
|poke|p2|Maushold, L50|
|poke|p2|Staraptor, L50, F|
|poke|p2|Gholdengo, L50|
|poke|p2|Incineroar, L50, M|
|poke|p2|Sinistcha, L50|
|poke|p2|Ceruledge, L50, F|
|teampreview|4
|showteam|p1|Charizard||CharizarditeY|SolarPower|Protect,WeatherBall,HeatWave,SolarBeam|Modest||M|||50|]Farigiraf||ExpertBelt|ArmorTail|HelpingHand,TwinBeam,Thunderbolt,TrickRoom|Bold||M|||50|]Kingambit||FocusSash|Defiant|KowtowCleave,SuckerPunch,IronHead,LowKick|Adamant||M|||50|]Sylveon||FairyFeather|Pixilate|Detect,HyperVoice,HyperBeam,QuickAttack|Modest||M|||50|]Aerodactyl||Aerodactylite|Unnerve|IceFang,RockSlide,DualWingbeat,Tailwind|Jolly||M|||50|]Garchomp||LifeOrb|RoughSkin|Protect,RockSlide,DragonClaw,Earthquake|Adamant||M|||50|
|showteam|p2|Maushold||FocusSash|FriendGuard|FollowMe,SuperFang,Charm,Protect|Timid|||||50|]Staraptor||Staraptite|Intimidate|CloseCombat,BraveBird,Roost,Protect|Jolly||F|||50|]Gholdengo||LifeOrb|GoodasGold|NastyPlot,MakeItRain,ShadowBall,Protect|Modest|||||50|]Incineroar||SitrusBerry|Intimidate|FakeOut,FlareBlitz,DarkestLariat,PartingShot|Impish||M|||50|]Sinistcha||KasibBerry|Hospitality|RagePowder,MatchaGotcha,TrickRoom,Protect|Bold|||||50|]Ceruledge||ColburBerry|FlashFire|SwordsDance,BitterBlade,ShadowSneak,Protect|Adamant||F|||50|
|inactive|Battle timer is ON: inactive players will automatically lose when time's up. (requested by Glimme)
|inactive|bricktree has 60 seconds left.
|
|t:|1782980637
|teamsize|p1|4
|teamsize|p2|4
|start
|switch|p1a: Kingambit|Kingambit, L50, M, shiny|100/100
|switch|p1b: Aerodactyl|Aerodactyl, L50, M, shiny|100/100
|switch|p2a: Staraptor|Staraptor, L50, F|100/100
|switch|p2b: Gholdengo|Gholdengo, L50|100/100
|-ability|p1b: Aerodactyl|Unnerve
|-ability|p2a: Staraptor|Intimidate|boost
|-unboost|p1a: Kingambit|atk|1
|-ability|p1a: Kingambit|Defiant|boost
|-boost|p1a: Kingambit|atk|2
|-unboost|p1b: Aerodactyl|atk|1
|turn|1
|
|t:|1782980650
|switch|p2b: Ceruledge|Ceruledge, L50, F|100/100
|detailschange|p1b: Aerodactyl|Aerodactyl-Mega, L50, M, shiny
|-mega|p1b: Aerodactyl|Aerodactyl|Aerodactylite
|detailschange|p2a: Staraptor|Staraptor-Mega, L50, F
|-mega|p2a: Staraptor|Staraptor|Staraptite
|move|p1b: Aerodactyl|Tailwind|p1b: Aerodactyl
|-sidestart|p1: Glimme|move: Tailwind
|move|p1a: Kingambit|Kowtow Cleave|p2b: Ceruledge
|-supereffective|p2b: Ceruledge|1
|-enditem|p2b: Ceruledge|Colbur Berry|[eat]
|-enditem|p2b: Ceruledge|Colbur Berry|[weaken]
|-damage|p2b: Ceruledge|17/100
|move|p2a: Staraptor|Close Combat|p1a: Kingambit
|-supereffective|p1a: Kingambit|2
|-enditem|p1a: Kingambit|Focus Sash
|-damage|p1a: Kingambit|1/100
|-boost|p2a: Staraptor|def|1
|-boost|p2a: Staraptor|spd|1
|
|upkeep
|turn|2
|inactive|bricktree has 30 seconds left.
|
|t:|1782980677
|move|p1a: Kingambit|Sucker Punch|p2b: Ceruledge
|-supereffective|p2b: Ceruledge|1
|-damage|p2b: Ceruledge|0 fnt
|faint|p2b: Ceruledge
|move|p1b: Aerodactyl|Rock Slide|p2a: Staraptor
|-damage|p2a: Staraptor|84/100
|cant|p2a: Staraptor|flinch
|
|upkeep
|
|t:|1782980685
|switch|p2b: Incineroar|Incineroar, L50, M|100/100
|-ability|p2b: Incineroar|Intimidate|boost
|-unboost|p1a: Kingambit|atk|1
|-ability|p1a: Kingambit|Defiant|boost
|-boost|p1a: Kingambit|atk|2
|-unboost|p1b: Aerodactyl|atk|1
|turn|3
|
|t:|1782980694
|switch|p1a: Sylveon|Sylveon, L50, M, shiny|100/100
|move|p2b: Incineroar|Fake Out|p1a: Sylveon
|-damage|p1a: Sylveon|88/100
|move|p1b: Aerodactyl|Rock Slide|p2a: Staraptor|[spread] p2a,p2b
|-supereffective|p2b: Incineroar|1
|-damage|p2a: Staraptor|76/100
|-damage|p2b: Incineroar|81/100
|cant|p2a: Staraptor|flinch
|
|upkeep
|turn|4
|c|☆bricktree|bro
|
|t:|1782980710
|switch|p2b: Gholdengo|Gholdengo, L50|100/100
|move|p2a: Staraptor|Protect|p2a: Staraptor
|-singleturn|p2a: Staraptor|Protect
|move|p1b: Aerodactyl|Rock Slide|p2a: Staraptor|[spread] p2b
|-activate|p2a: Staraptor|move: Protect
|-resisted|p2b: Gholdengo|1
|-damage|p2b: Gholdengo|94/100
|move|p1a: Sylveon|Hyper Voice|p2a: Staraptor|[spread] p2b
|-activate|p2a: Staraptor|move: Protect
|-resisted|p2b: Gholdengo|1
|-damage|p2b: Gholdengo|69/100
|
|-sideend|p1: Glimme|move: Tailwind
|upkeep
|turn|5
|c|☆Glimme|yes
|c|☆Glimme|that move is boosted
|
|t:|1782980725
|move|p1b: Aerodactyl|Tailwind|p1b: Aerodactyl
|-sidestart|p1: Glimme|move: Tailwind
|move|p2a: Staraptor|Roost|p2a: Staraptor
|-heal|p2a: Staraptor|100/100
|-singleturn|p2a: Staraptor|move: Roost
|move|p1a: Sylveon|Hyper Voice|p2b: Gholdengo|[spread] p2a,p2b
|-supereffective|p2a: Staraptor|1
|-resisted|p2b: Gholdengo|1
|-damage|p2a: Staraptor|37/100
|-damage|p2b: Gholdengo|45/100
|move|p2b: Gholdengo|Make It Rain|p1a: Sylveon|[spread] p1a,p1b
|-supereffective|p1a: Sylveon|1
|-supereffective|p1b: Aerodactyl|1
|-damage|p1a: Sylveon|0 fnt
|-damage|p1b: Aerodactyl|0 fnt
|-unboost|p2b: Gholdengo|spa|2
|faint|p1a: Sylveon
|faint|p1b: Aerodactyl
|-damage|p2b: Gholdengo|36/100|[from] item: Life Orb
|
|upkeep
|
|t:|1782980727
|switch|p1b: Kingambit|Kingambit, L50, M, shiny|1/100
|switch|p1a: Garchomp|Garchomp, L50, M, shiny|100/100
|turn|6
|
|t:|1782980744
|move|p2a: Staraptor|Protect|p2a: Staraptor
|-singleturn|p2a: Staraptor|Protect
|move|p1a: Garchomp|Rock Slide|p2a: Staraptor|[spread] p2b
|-activate|p2a: Staraptor|move: Protect
|-resisted|p2b: Gholdengo|1
|-crit|p2b: Gholdengo
|-damage|p2b: Gholdengo|16/100
|-damage|p1a: Garchomp|90/100|[from] item: Life Orb
|move|p1b: Kingambit|Low Kick|p2b: Gholdengo
|-immune|p2b: Gholdengo
|move|p2b: Gholdengo|Make It Rain|p1a: Garchomp|[spread] p1a,p1b
|-resisted|p1b: Kingambit|1
|-damage|p1a: Garchomp|58/100
|-damage|p1b: Kingambit|0 fnt
|-unboost|p2b: Gholdengo|spa|2
|faint|p1b: Kingambit
|-damage|p2b: Gholdengo|6/100|[from] item: Life Orb
|
|upkeep
|turn|7
|-message|Glimme forfeited.
|
|win|bricktree
|raw|Glimme's rating: 1271 → 1255(-16 for losing)
|raw|bricktree's rating: 1403 → 1416(+13 for winning)
