|j|☆testdigi
|j|‽McAngel214
|html|testdigiMcAngel214    
|uhtml|bestof|Game 1 of a best-of-3
|t:|1784903280
|gametype|doubles
|player|p1|testdigi|101|1141
|player|p2|McAngel214|linebacker|1036
|gen|9
|tier|[Gen 9 Champions] VGC 2026 Reg M-B (Bo3)
|rated|
|rule|Species Clause: Limit one of each Pokémon
|rule|Item Clause: Limit 1 of each item
|clearpoke
|poke|p1|Raichu, L50, M|
|poke|p1|Sinistcha, L50|
|poke|p1|Corviknight, L50, F|
|poke|p1|Sylveon, L50, M|
|poke|p1|Garchomp, L50, M|
|poke|p1|Tyranitar, L50, M|
|poke|p2|Pelipper, L50, M|
|poke|p2|Archaludon, L50, F|
|poke|p2|Swampert, L50, F|
|poke|p2|Gyarados, L50, M, shiny|
|poke|p2|Sinistcha, L50|
|poke|p2|Kingambit, L50, F|
|teampreview|4
|showteam|p1|Raichu||RaichuniteY|LightningRod|ZapCannon,FocusBlast,FakeOut,Protect|Timid||M|||50|]Sinistcha||KasibBerry|Hospitality|MatchaGotcha,ShadowBall,RagePowder,Protect|Modest|||||50|]Corviknight||OccaBerry|MirrorArmor|IronHead,BraveBird,Tailwind,Protect|Adamant||F|||50|]Sylveon||FairyFeather|Pixilate|HyperVoice,QuickAttack,Yawn,Detect|Modest||M|||50|]Garchomp||SitrusBerry|RoughSkin|DragonClaw,StompingTantrum,RockSlide,Protect|Adamant||M|||50|]Tyranitar||FocusSash|SandStream|RockSlide,KnockOff,Superpower,Protect|Adamant||M|||50|
|showteam|p2|Pelipper||SitrusBerry|Drizzle|MuddyWater,Tailwind,Hurricane,Blizzard|Modest||M|||50|]Archaludon||Leftovers|Stamina|ElectroShot,DragonPulse,FlashCannon,Protect|Modest||F|||50|]Swampert||Swampertite|Torrent|Protect,Earthquake,IcePunch,WaveCrash|Adamant||F|||50|]Gyarados||LifeOrb|Intimidate|Waterfall,StoneEdge,Protect,Earthquake|Adamant||M|||50|]Sinistcha||FocusSash|Hospitality|RagePowder,MatchaGotcha,ShadowBall,Protect|Bold|||||50|]Kingambit||MuscleBand|SupremeOverlord|IronHead,SuckerPunch,KowtowCleave,Protect|Adamant||F|||50|
|
|t:|1784903306
|teamsize|p1|4
|teamsize|p2|4
|start
|switch|p1a: Corviknight|Corviknight, L50, F|100/100
|switch|p1b: Raichu|Raichu, L50, M|100/100
|switch|p2a: Pelipper|Pelipper, L50, M|100/100
|switch|p2b: Swampert|Swampert, L50, F|100/100
|-weather|RainDance|[from] ability: Drizzle|[of] p2a: Pelipper
|turn|1
|
|t:|1784903324
|switch|p2a: Archaludon|Archaludon, L50, F|100/100
|detailschange|p1b: Raichu|Raichu-Mega-Y, L50, M
|-mega|p1b: Raichu|Raichu|Raichunite Y
|detailschange|p2b: Swampert|Swampert-Mega, L50, F
|-mega|p2b: Swampert|Swampert|Swampertite
|move|p2b: Swampert|Protect|p2b: Swampert
|-singleturn|p2b: Swampert|Protect
|move|p1b: Raichu|Fake Out|p2a: Archaludon
|-resisted|p2a: Archaludon|1
|-damage|p2a: Archaludon|96/100
|-ability|p2a: Archaludon|Stamina|boost
|-boost|p2a: Archaludon|def|1
|move|p1a: Corviknight|Tailwind|p1a: Corviknight
|-sidestart|p1: testdigi|move: Tailwind
|
|-weather|RainDance|[upkeep]
|-heal|p2a: Archaludon|100/100|[from] item: Leftovers
|upkeep
|turn|2
|
|t:|1784903347
|switch|p1a: Tyranitar|Tyranitar, L50, M|100/100
|-weather|Sandstorm|[from] ability: Sand Stream|[of] p1a: Tyranitar
|move|p2a: Archaludon|Protect|p2a: Archaludon
|-singleturn|p2a: Archaludon|Protect
|move|p1b: Raichu|Focus Blast|p2a: Archaludon
|-activate|p2a: Archaludon|move: Protect
|move|p2b: Swampert|Earthquake|p1a: Tyranitar|[spread] p1a,p1b
|-activate|p2a: Archaludon|move: Protect
|-supereffective|p1a: Tyranitar|1
|-supereffective|p1b: Raichu|1
|-damage|p1a: Tyranitar|7/100
|-damage|p1b: Raichu|0 fnt
|faint|p1b: Raichu
|
|-weather|Sandstorm|[upkeep]
|upkeep
|
|t:|1784903353
|switch|p1b: Sinistcha|Sinistcha, L50|100/100
|-heal|p1a: Tyranitar|32/100|[from] ability: Hospitality|[of] p1b: Sinistcha
|turn|3
|
|t:|1784903376
|switch|p2a: Pelipper|Pelipper, L50, M|100/100
|-weather|RainDance|[from] ability: Drizzle|[of] p2a: Pelipper
|move|p2b: Swampert|Protect|p2b: Swampert
|-singleturn|p2b: Swampert|Protect
|move|p1a: Tyranitar|Knock Off|p2a: Pelipper
|-damage|p2a: Pelipper|35/100
|-enditem|p2a: Pelipper|Sitrus Berry|[from] move: Knock Off|[of] p1a: Tyranitar
|move|p1b: Sinistcha|Matcha Gotcha|p2b: Swampert|[spread] p2a
|-activate|p2b: Swampert|move: Protect
|-damage|p2a: Pelipper|1/100
|
|-weather|RainDance|[upkeep]
|upkeep
|turn|4
|
|t:|1784903413
|switch|p1a: Corviknight|Corviknight, L50, F|100/100
|move|p2b: Swampert|Earthquake|p1b: Sinistcha|[spread] p1b
|-immune|p2a: Pelipper
|-immune|p1a: Corviknight
|-resisted|p1b: Sinistcha|1
|-damage|p1b: Sinistcha|80/100
|move|p1b: Sinistcha|Matcha Gotcha|p2b: Swampert|[spread] p2a,p2b
|-supereffective|p2b: Swampert|2
|-damage|p2a: Pelipper|0 fnt
|-heal|p1b: Sinistcha|81/100|[from] drain|[of] p2a: Pelipper
|-damage|p2b: Swampert|0 fnt
|-heal|p1b: Sinistcha|100/100|[from] drain|[of] p2b: Swampert
|faint|p2a: Pelipper
|faint|p2b: Swampert
|
|-weather|RainDance|[upkeep]
|-sideend|p1: testdigi|move: Tailwind
|upkeep
|inactive|Battle timer is ON: inactive players will automatically lose when time's up. (requested by testdigi)
|
|t:|1784903417
|switch|p2b: Archaludon|Archaludon, L50, F|100/100
|switch|p2a: Gyarados|Gyarados, L50, M, shiny|100/100
|-ability|p2a: Gyarados|Intimidate|boost
|-ability|p1a: Corviknight|Mirror Armor
|-unboost|p2a: Gyarados|atk|1
|-unboost|p1b: Sinistcha|atk|1
|turn|5
|
|t:|1784903433
|move|p1b: Sinistcha|Rage Powder|p1b: Sinistcha
|-singleturn|p1b: Sinistcha|move: Rage Powder
|move|p2a: Gyarados|Stone Edge|p1b: Sinistcha
|-damage|p1b: Sinistcha|69/100
|-damage|p2a: Gyarados|90/100|[from] item: Life Orb
|move|p2b: Archaludon|Electro Shot||[still]
|-prepare|p2b: Archaludon|Electro Shot
|-boost|p2b: Archaludon|spa|1
|-anim|p2b: Archaludon|Electro Shot|p1b: Sinistcha
|-resisted|p1b: Sinistcha|1
|-damage|p1b: Sinistcha|29/100
|move|p1a: Corviknight|Tailwind|p1a: Corviknight
|-sidestart|p1: testdigi|move: Tailwind
|
|-weather|RainDance|[upkeep]
|upkeep
|turn|6
|
|t:|1784903451
|move|p2a: Gyarados|Protect|p2a: Gyarados
|-singleturn|p2a: Gyarados|Protect
|move|p1a: Corviknight|Brave Bird|p2a: Gyarados
|-activate|p2a: Gyarados|move: Protect
|move|p1b: Sinistcha|Matcha Gotcha|p2b: Archaludon|[spread] p2b
|-activate|p2a: Gyarados|move: Protect
|-resisted|p2b: Archaludon|2
|-damage|p2b: Archaludon|91/100
|-heal|p1b: Sinistcha|33/100|[from] drain|[of] p2b: Archaludon
|-status|p2b: Archaludon|brn
|-ability|p2b: Archaludon|Stamina|boost
|-boost|p2b: Archaludon|def|1
|move|p2b: Archaludon|Electro Shot||[still]
|-prepare|p2b: Archaludon|Electro Shot
|-boost|p2b: Archaludon|spa|1
|-anim|p2b: Archaludon|Electro Shot|p1a: Corviknight
|-supereffective|p1a: Corviknight|1
|-damage|p1a: Corviknight|0 fnt
|faint|p1a: Corviknight
|
|-weather|RainDance|[upkeep]
|-heal|p2b: Archaludon|97/100 brn|[from] item: Leftovers
|-damage|p2b: Archaludon|91/100 brn|[from] brn
|upkeep
|
|t:|1784903454
|switch|p1a: Tyranitar|Tyranitar, L50, M|32/100
|-weather|Sandstorm|[from] ability: Sand Stream|[of] p1a: Tyranitar
|turn|7
|
|t:|1784903475
|move|p2b: Archaludon|Protect|p2b: Archaludon
|-singleturn|p2b: Archaludon|Protect
|move|p1a: Tyranitar|Rock Slide|p2b: Archaludon|[spread] p2a
|-activate|p2b: Archaludon|move: Protect
|-supereffective|p2a: Gyarados|1
|-damage|p2a: Gyarados|2/100
|move|p1b: Sinistcha|Matcha Gotcha|p2b: Archaludon|[spread] 
|-activate|p2b: Archaludon|move: Protect
|-miss|p1b: Sinistcha|p2a: Gyarados
|move|p2a: Gyarados|Earthquake|p1b: Sinistcha|[spread] p1a,p1b
|-activate|p2b: Archaludon|move: Protect
|-supereffective|p1a: Tyranitar|1
|-resisted|p1b: Sinistcha|1
|-damage|p1a: Tyranitar|0 fnt
|-damage|p1b: Sinistcha|22/100
|faint|p1a: Tyranitar
|-damage|p2a: Gyarados|0 fnt|[from] item: Life Orb
|faint|p2a: Gyarados
|
|-weather|Sandstorm|[upkeep]
|-damage|p1b: Sinistcha|17/100|[from] Sandstorm
|-heal|p2b: Archaludon|97/100 brn|[from] item: Leftovers
|-damage|p2b: Archaludon|91/100 brn|[from] brn
|upkeep
|turn|8
|
|t:|1784903500
|move|p1b: Sinistcha|Matcha Gotcha|p2b: Archaludon
|-resisted|p2b: Archaludon|2
|-damage|p2b: Archaludon|80/100 brn
|-heal|p1b: Sinistcha|23/100|[from] drain|[of] p2b: Archaludon
|-ability|p2b: Archaludon|Stamina|boost
|-boost|p2b: Archaludon|def|1
|move|p2b: Archaludon|Dragon Pulse|p1b: Sinistcha
|-damage|p1b: Sinistcha|0 fnt
|faint|p1b: Sinistcha
|
|win|McAngel214
||testdigi is ready for game 2.
|inactive|McAngel214 has 30 seconds to confirm battle start!
|inactive|McAngel214 has 20 seconds to confirm battle start!
|l|‽McAngel214
|player|p2|
||McAngel214 is ready for game 2.
|uhtml|next|Next: Game 2 of 3
