|j|☆moicito
|j|☆Tyratruns
|html|moicitoTyratruns    
|uhtml|bestof|Game 1 of a best-of-3
|t:|1756781408
|gametype|doubles
|player|p1|moicito|caitlin|1173
|player|p2|Tyratruns|266|1121
|gen|9
|tier|[Gen 9] VGC 2025 Reg H (Bo3)
|rated|
|rule|Species Clause: Limit one of each Pokémon
|rule|Item Clause: Limit 1 of each item
|clearpoke
|poke|p1|Incineroar, L50, M|
|poke|p1|Rillaboom, L50, F|
|poke|p1|Ursaluna-Bloodmoon, L50, M|
|poke|p1|Sneasler, L50, F|
|poke|p1|Dragonite, L50, M|
|poke|p1|Gholdengo, L50|
|poke|p2|Archaludon, L50, M|
|poke|p2|Sneasler, L50, M|
|poke|p2|Maushold-Four, L50|
|poke|p2|Pelipper, L50, F|
|poke|p2|Incineroar, L50, F|
|poke|p2|Basculegion, L50, M|
|teampreview|4
|showteam|p1|Incineroar||SafetyGoggles|Intimidate|FlareBlitz,KnockOff,FakeOut,PartingShot|||M|||50|,,,,,Ghost]Rillaboom||AssaultVest|GrassySurge|WoodHammer,GrassyGlide,HighHorsepower,FakeOut|||F|||50|,,,,,Fire]Ursaluna-Bloodmoon||Leftovers|MindsEye|BloodMoon,HyperVoice,EarthPower,Protect|||M|||50|,,,,,Electric]Sneasler||FocusSash|PoisonTouch|CloseCombat,DireClaw,Coaching,FakeOut|||F|||50|,,,,,Stellar]Dragonite||LoadedDice|Multiscale|ScaleShot,Haze,ExtremeSpeed,Protect|||M|||50|,,,,,Fairy]Gholdengo||LifeOrb|GoodasGold|NastyPlot,MakeItRain,ShadowBall,Protect||||||50|,,,,,Water
|showteam|p2|Archaludon||AssaultVest|Stamina|BodyPress,DracoMeteor,ElectroShot,FlashCannon|||M|||50|,,,,,Electric]Sneasler||WhiteHerb|Unburden|Acrobatics,CloseCombat,DireClaw,FakeOut|||M|||50|,,,,,Dark]Maushold-Four||RockyHelmet|FriendGuard|PopulationBomb,Encore,FollowMe,Protect||||||50|,,,,,Normal]Pelipper||FocusSash|Drizzle|WeatherBall,Hurricane,Tailwind,Protect|||F|||50|,,,,,Ghost]Incineroar||SafetyGoggles|Intimidate|KnockOff,WillOWisp,PartingShot,FakeOut|||F|||50|,,,,,Ghost]Basculegion||LifeOrb|SwiftSwim|FlipTurn,WaveCrash,Protect,LastRespects|||M|||50|,,,,,Stellar
|j| teamthief420
|l| teamthief420
|
|t:|1756781463
|teamsize|p1|4
|teamsize|p2|4
|start
|switch|p1a: Pelito|Sneasler, L50, F|100/100
|switch|p1b: Changuito|Rillaboom, L50, F, shiny|100/100
|switch|p2a: 🐉|Incineroar, L50, F|100/100
|switch|p2b: Krillin|Sneasler, L50, M|100/100
|-fieldstart|move: Grassy Terrain|[from] ability: Grassy Surge|[of] p1b: Changuito
|-ability|p2a: 🐉|Intimidate|boost
|-unboost|p1a: Pelito|atk|1
|-unboost|p1b: Changuito|atk|1
|turn|1
|
|t:|1756781511
|switch|p2b: Gohan Bestia|Archaludon, L50, M|100/100
|move|p1a: Pelito|Fake Out|p2b: Gohan Bestia
|-resisted|p2b: Gohan Bestia
|-damage|p2b: Gohan Bestia|97/100
|-ability|p2b: Gohan Bestia|Stamina|boost
|-boost|p2b: Gohan Bestia|def|1
|move|p2a: 🐉|Fake Out|p1a: Pelito
|-damage|p1a: Pelito|81/100
|move|p1b: Changuito|High Horsepower|p2b: Gohan Bestia
|-supereffective|p2b: Gohan Bestia
|-damage|p2b: Gohan Bestia|76/100
|-ability|p2b: Gohan Bestia|Stamina|boost
|-boost|p2b: Gohan Bestia|def|1
|
|-heal|p1a: Pelito|86/100|[from] Grassy Terrain
|-heal|p2b: Gohan Bestia|82/100|[from] Grassy Terrain
|upkeep
|turn|2
|
|t:|1756781583
|switch|p2a: PeruBlue|Pelipper, L50, F|100/100
|-weather|RainDance|[from] ability: Drizzle|[of] p2a: PeruBlue
|-terastallize|p2b: Gohan Bestia|Electric
|move|p1a: Pelito|Coaching|p1b: Changuito
|-boost|p1b: Changuito|atk|1
|-boost|p1b: Changuito|def|1
|move|p1b: Changuito|Wood Hammer|p2a: PeruBlue
|-damage|p2a: PeruBlue|19/100
|-damage|p1b: Changuito|79/100|[from] Recoil
|move|p2b: Gohan Bestia|Electro Shot||[still]
|-prepare|p2b: Gohan Bestia|Electro Shot
|-boost|p2b: Gohan Bestia|spa|1
|-anim|p2b: Gohan Bestia|Electro Shot|p1a: Pelito
|-damage|p1a: Pelito|0 fnt
|faint|p1a: Pelito
|
|-weather|RainDance|[upkeep]
|-heal|p1b: Changuito|85/100|[from] Grassy Terrain
|-heal|p2b: Gohan Bestia|88/100|[from] Grassy Terrain
|upkeep
|
|t:|1756781612
|switch|p1a: Osito|Ursaluna-Bloodmoon, L50, M|100/100
|turn|3
|
|t:|1756781640
|-terastallize|p1a: Osito|Electric
|move|p1b: Changuito|Grassy Glide|p2a: PeruBlue
|-damage|p2a: PeruBlue|0 fnt
|faint|p2a: PeruBlue
|move|p2b: Gohan Bestia|Body Press|p1a: Osito
|-damage|p1a: Osito|67/100
|move|p1a: Osito|Earth Power|p2b: Gohan Bestia
|-supereffective|p2b: Gohan Bestia
|-damage|p2b: Gohan Bestia|14/100
|-unboost|p2b: Gohan Bestia|spd|1
|-ability|p2b: Gohan Bestia|Stamina|boost
|-boost|p2b: Gohan Bestia|def|1
|
|-weather|RainDance|[upkeep]
|-heal|p1b: Changuito|90/100|[from] Grassy Terrain
|-heal|p2b: Gohan Bestia|20/100|[from] Grassy Terrain
|-heal|p1a: Osito|74/100|[from] Grassy Terrain
|-heal|p1a: Osito|80/100|[from] item: Leftovers
|upkeep
|
|t:|1756781656
|switch|p2a: Krillin|Sneasler, L50, M|100/100
|turn|4
|
|t:|1756781682
|switch|p1b: Monederito|Gholdengo, L50|100/100
|move|p1a: Osito|Protect|p1a: Osito
|-singleturn|p1a: Osito|Protect
|move|p2a: Krillin|Fake Out|p1a: Osito
|-activate|p1a: Osito|move: Protect
|move|p2b: Gohan Bestia|Draco Meteor|p1a: Osito
|-activate|p1a: Osito|move: Protect
|
|-weather|RainDance|[upkeep]
|-heal|p2b: Gohan Bestia|26/100|[from] Grassy Terrain
|-heal|p1a: Osito|86/100|[from] Grassy Terrain
|-heal|p1a: Osito|92/100|[from] item: Leftovers
|upkeep
|turn|5
|
|t:|1756781720
|move|p2a: Krillin|Close Combat|p1a: Osito
|-damage|p1a: Osito|42/100
|-unboost|p2a: Krillin|def|1
|-unboost|p2a: Krillin|spd|1
|-enditem|p2a: Krillin|White Herb
|-clearnegativeboost|p2a: Krillin|[silent]
|move|p1b: Monederito|Make It Rain|p2b: Gohan Bestia|[spread] p2a,p2b
|-crit|p2a: Krillin
|-resisted|p2b: Gohan Bestia
|-damage|p2a: Krillin|4/100
|-damage|p2b: Gohan Bestia|0 fnt
|-unboost|p1b: Monederito|spa|1
|faint|p2b: Gohan Bestia
|-damage|p1b: Monederito|91/100|[from] item: Life Orb
|move|p1a: Osito|Hyper Voice|p2a: Krillin
|-damage|p2a: Krillin|0 fnt
|faint|p2a: Krillin
|
|-weather|RainDance|[upkeep]
|-heal|p1b: Monederito|97/100|[from] Grassy Terrain
|-heal|p1a: Osito|48/100|[from] Grassy Terrain
|-heal|p1a: Osito|54/100|[from] item: Leftovers
|-fieldend|move: Grassy Terrain
|upkeep
|
|t:|1756781741
|switch|p2b: 🐉|Incineroar, L50, F|100/100
|-ability|p2b: 🐉|Intimidate|boost
|-unboost|p1a: Osito|atk|1
|-unboost|p1b: Monederito|atk|1
|turn|6
|
|t:|1756781754
|switch|p1b: Changuito|Rillaboom, L50, F, shiny|90/100
|-fieldstart|move: Grassy Terrain|[from] ability: Grassy Surge|[of] p1b: Changuito
|move|p1a: Osito|Protect|p1a: Osito
|-singleturn|p1a: Osito|Protect
|move|p2b: 🐉|Knock Off|p1b: Changuito
|-damage|p1b: Changuito|50/100
|-enditem|p1b: Changuito|Assault Vest|[from] move: Knock Off|[of] p2b: 🐉
|
|-weather|none
|-heal|p1b: Changuito|56/100|[from] Grassy Terrain
|-heal|p1a: Osito|61/100|[from] Grassy Terrain
|-heal|p1a: Osito|67/100|[from] item: Leftovers
|upkeep
|turn|7
|
|t:|1756781774
|move|p1b: Changuito|Fake Out|p2b: 🐉
|-damage|p2b: 🐉|90/100
|move|p1a: Osito|Earth Power|p2b: 🐉
|-supereffective|p2b: 🐉
|-damage|p2b: 🐉|0 fnt
|faint|p2b: 🐉
|
|win|moicito
||Tyratruns is ready for game 2.
||moicito is ready for game 2.
|uhtml|next|Next: Game 2 of 3
