|j|☆viivnz
|j|☆indiofiero
|html|viivnzindiofiero    
|uhtml|bestof|Game 1 of a best-of-3
|t:|1756431655
|gametype|doubles
|player|p1|viivnz|1|1173
|player|p2|indiofiero|swimmerf-gen4|1164
|gen|9
|tier|[Gen 9] VGC 2025 Reg H (Bo3)
|rated|
|rule|Species Clause: Limit one of each Pokémon
|rule|Item Clause: Limit 1 of each item
|clearpoke
|poke|p1|Drifblim, L50, F|
|poke|p1|Indeedee, L50, M|
|poke|p1|Arcanine, L50, F|
|poke|p1|Dragapult, L50, M|
|poke|p1|Volcarona, L50, M|
|poke|p1|Maushold-Four, L50|
|poke|p2|Archaludon, L50, F|
|poke|p2|Dragonite, L50, F|
|poke|p2|Pelipper, L50, F|
|poke|p2|Ursaluna, L50, F|
|poke|p2|Sinistcha, L50|
|poke|p2|Gholdengo, L50|
|teampreview|4
|showteam|p1|Drifblim||PsychicSeed|Unburden|Acrobatics,Tailwind,WillOWisp,Haze|||F|||50|,,,,,Grass]Indeedee||FocusSash|PsychicSurge|ExpandingForce,TeraBlast,TrickRoom,Imprison|||M|||50|,,,,,Ground]Arcanine||CovertCloak|Intimidate|FlareBlitz,PlayRough,Howl,Protect|||F|||50|,,,,,Water]Dragapult||ChoiceBand|ClearBody|DragonDarts,PhantomForce,TeraBlast,Uturn|||M|||50|,,,,,Ghost]Volcarona||LifeOrb|FlameBody|HeatWave,BugBuzz,TeraBlast,Protect|||M|||50|,,,,,Fairy]Maushold-Four||WideLens|Technician|PopulationBomb,Taunt,FollowMe,Protect||||||50|,,,,,Normal
|showteam|p2|Archaludon||AssaultVest|Stamina|FlashCannon,BodyPress,ElectroShot,Snarl|||F|||50|,,,,,Fighting]Dragonite||LoadedDice|Multiscale|ScaleShot,Tailwind,Haze,Protect|||F|||50|,,,,,Fairy]Pelipper||FocusSash|Drizzle|MuddyWater,Hurricane,Tailwind,Protect|||F|||50|,,,,,Ghost]Ursaluna||FlameOrb|Guts|Facade,HeadlongRush,Earthquake,Protect|||F|||50|,,,,,Ghost]Sinistcha||SitrusBerry|Hospitality|MatchaGotcha,LifeDew,RagePowder,TrickRoom||||||50|,,,,,Dark]Gholdengo||ChoiceScarf|GoodasGold|MakeItRain,ShadowBall,Trick,Protect||||||50|,,,,,Flying
|
|t:|1756431712
|teamsize|p1|4
|teamsize|p2|4
|start
|switch|p1a: Indeedee|Indeedee, L50, M|100/100
|switch|p1b: Dragapult|Dragapult, L50, M|100/100
|switch|p2a: Dragonite|Dragonite, L50, F|100/100
|switch|p2b: Gholdengo|Gholdengo, L50|100/100
|-fieldstart|move: Psychic Terrain|[from] ability: Psychic Surge|[of] p1a: Indeedee
|turn|1
|
|t:|1756431739
|switch|p2b: Archaludon|Archaludon, L50, F|100/100
|-terastallize|p2a: Dragonite|Fairy
|move|p1b: Dragapult|Phantom Force||[still]
|-prepare|p1b: Dragapult|Phantom Force
|move|p1a: Indeedee|Expanding Force|p2a: Dragonite|[spread] p2a,p2b
|-resisted|p2b: Archaludon
|-damage|p2a: Dragonite|70/100
|-damage|p2b: Archaludon|82/100
|-ability|p2b: Archaludon|Stamina|boost
|-boost|p2b: Archaludon|def|1
|move|p2a: Dragonite|Scale Shot|p1a: Indeedee
|-damage|p1a: Indeedee|67/100
|-damage|p1a: Indeedee|34/100
|-damage|p1a: Indeedee|3/100
|-damage|p1a: Indeedee|0 fnt
|faint|p1a: Indeedee
|-hitcount|p1: Indeedee|4
|-unboost|p2a: Dragonite|def|1
|-boost|p2a: Dragonite|spe|1
|
|upkeep
|
|t:|1756431749
|switch|p1a: Drifblim|Drifblim, L50, F|100/100
|-enditem|p1a: Drifblim|Psychic Seed
|-boost|p1a: Drifblim|spd|1|[from] item: Psychic Seed
|turn|2
|
|t:|1756431785
|move|p1a: Drifblim|Will-O-Wisp|p2a: Dragonite
|-status|p2a: Dragonite|brn
|move|p2a: Dragonite|Scale Shot|p1b: Dragapult|[miss]
|-miss|p2a: Dragonite|p1b: Dragapult
|move|p1b: Dragapult|Phantom Force|p2b: Archaludon|[from] lockedmove
|-damage|p2b: Archaludon|51/100
|-ability|p2b: Archaludon|Stamina|boost
|-boost|p2b: Archaludon|def|1
|move|p2b: Archaludon|Flash Cannon|p1a: Drifblim
|-damage|p1a: Drifblim|73/100
|
|-damage|p2a: Dragonite|64/100 brn|[from] brn
|upkeep
|turn|3
|
|t:|1756431811
|-terastallize|p1b: Dragapult|Ghost
|move|p1a: Drifblim|Will-O-Wisp|p2b: Archaludon
|-status|p2b: Archaludon|brn
|move|p2a: Dragonite|Tailwind|p2a: Dragonite
|-sidestart|p2: indiofiero|move: Tailwind
|move|p2b: Archaludon|Flash Cannon|p1a: Drifblim
|-damage|p1a: Drifblim|44/100
|move|p1b: Dragapult|Phantom Force||[still]
|-prepare|p1b: Dragapult|Phantom Force
|
|-damage|p2a: Dragonite|58/100 brn|[from] brn
|-damage|p2b: Archaludon|45/100 brn|[from] brn
|upkeep
|turn|4
|
|t:|1756431825
|move|p2a: Dragonite|Scale Shot|p1a: Drifblim
|-damage|p1a: Drifblim|38/100
|-damage|p1a: Drifblim|31/100
|-damage|p1a: Drifblim|24/100
|-damage|p1a: Drifblim|17/100
|-damage|p1a: Drifblim|10/100
|-hitcount|p1a: Drifblim|5
|-unboost|p2a: Dragonite|def|1
|-boost|p2a: Dragonite|spe|1
|move|p1a: Drifblim|Tailwind|p1a: Drifblim
|-sidestart|p1: viivnz|move: Tailwind
|move|p1b: Dragapult|Phantom Force|p2b: Archaludon|[from] lockedmove
|-damage|p2b: Archaludon|14/100 brn
|-ability|p2b: Archaludon|Stamina|boost
|-boost|p2b: Archaludon|def|1
|move|p2b: Archaludon|Flash Cannon|p1a: Drifblim
|-damage|p1a: Drifblim|0 fnt
|faint|p1a: Drifblim
|
|-damage|p2a: Dragonite|52/100 brn|[from] brn
|-damage|p2b: Archaludon|8/100 brn|[from] brn
|upkeep
|
|t:|1756431845
|switch|p1a: Volcarona|Volcarona, L50, M|100/100
|turn|5
|
|t:|1756431863
|move|p1a: Volcarona|Protect|p1a: Volcarona
|-singleturn|p1a: Volcarona|Protect
|move|p2a: Dragonite|Scale Shot|p1b: Dragapult
|-damage|p1b: Dragapult|90/100
|-crit|p1b: Dragapult
|-damage|p1b: Dragapult|76/100
|-damage|p1b: Dragapult|66/100
|-damage|p1b: Dragapult|56/100
|-damage|p1b: Dragapult|45/100
|-hitcount|p1b: Dragapult|5
|-unboost|p2a: Dragonite|def|1
|-boost|p2a: Dragonite|spe|1
|move|p1b: Dragapult|Phantom Force||[still]
|-prepare|p1b: Dragapult|Phantom Force
|move|p2b: Archaludon|Snarl|p1a: Volcarona|[spread] 
|-miss|p2b: Archaludon|p1b: Dragapult
|-activate|p1a: Volcarona|move: Protect
|
|-damage|p2a: Dragonite|46/100 brn|[from] brn
|-damage|p2b: Archaludon|2/100 brn|[from] brn
|-fieldend|move: Psychic Terrain
|upkeep
|turn|6
|
|t:|1756431911
|move|p2a: Dragonite|Scale Shot|p1a: Volcarona
|-crit|p1a: Volcarona
|-damage|p1a: Volcarona|84/100
|-damage|p1a: Volcarona|71/100
|-damage|p1a: Volcarona|58/100
|-damage|p1a: Volcarona|47/100
|-damage|p1a: Volcarona|35/100
|-hitcount|p1a: Volcarona|5
|-unboost|p2a: Dragonite|def|1
|-boost|p2a: Dragonite|spe|1
|move|p1b: Dragapult|Phantom Force|p2a: Dragonite|[from] lockedmove
|-damage|p2a: Dragonite|0 fnt
|faint|p2a: Dragonite
|move|p1a: Volcarona|Bug Buzz|p2b: Archaludon
|-resisted|p2b: Archaludon
|-damage|p2b: Archaludon|0 fnt
|faint|p2b: Archaludon
|-damage|p1a: Volcarona|25/100|[from] item: Life Orb
|
|-sideend|p2: indiofiero|move: Tailwind
|upkeep
|
|t:|1756431926
|switch|p2a: Pelipper|Pelipper, L50, F|100/100
|switch|p2b: Gholdengo|Gholdengo, L50|100/100
|-weather|RainDance|[from] ability: Drizzle|[of] p2a: Pelipper
|turn|7
|
|t:|1756431948
|move|p1b: Dragapult|Phantom Force||[still]
|-prepare|p1b: Dragapult|Phantom Force
|move|p1a: Volcarona|Heat Wave|p2a: Pelipper|[spread] p2a,p2b
|-resisted|p2a: Pelipper
|-supereffective|p2b: Gholdengo
|-damage|p2a: Pelipper|81/100
|-damage|p2b: Gholdengo|48/100
|-damage|p1a: Volcarona|15/100|[from] item: Life Orb
|move|p2b: Gholdengo|Make It Rain|p1b: Dragapult|[spread] p1a
|-miss|p2b: Gholdengo|p1b: Dragapult
|-resisted|p1a: Volcarona
|-damage|p1a: Volcarona|0 fnt
|-unboost|p2b: Gholdengo|spa|1
|faint|p1a: Volcarona
|move|p2a: Pelipper|Muddy Water|p1b: Dragapult|[miss]
|-miss|p2a: Pelipper|p1b: Dragapult
|
|-weather|RainDance|[upkeep]
|-sideend|p1: viivnz|move: Tailwind
|upkeep
|turn|8
|
|t:|1756431963
|move|p2b: Gholdengo|Make It Rain|p1b: Dragapult|[miss]
|-miss|p2b: Gholdengo|p1b: Dragapult
|move|p1b: Dragapult|Phantom Force|p2b: Gholdengo|[from] lockedmove
|-supereffective|p2b: Gholdengo
|-damage|p2b: Gholdengo|0 fnt
|faint|p2b: Gholdengo
|move|p2a: Pelipper|Hurricane|p1b: Dragapult
|-damage|p1b: Dragapult|0 fnt
|faint|p1b: Dragapult
|
|win|indiofiero
||viivnz is ready for game 2.
||indiofiero is ready for game 2.
|uhtml|next|Next: Game 2 of 3
|l|☆viivnz
|player|p1|
