|j|☆Tyranidars
|j|☆Lorido
|html|TyranidarsLorido    
|uhtml|bestof|Game 1 of a best-of-3
|t:|1782561721
|gametype|doubles
|player|p1|Tyranidars|palmer|1116
|player|p2|Lorido|266|1225
|gen|9
|tier|[Gen 9 Champions] VGC 2026 Reg M-B (Bo3)
|rated|
|rule|Species Clause: Limit one of each Pokémon
|rule|Item Clause: Limit 1 of each item
|clearpoke
|poke|p1|Sylveon, L50, M|
|poke|p1|Dragapult, L50, M|
|poke|p1|Mimikyu, L50, M|
|poke|p1|Sneasler, L50, F|
|poke|p1|Sableye, L50, M|
|poke|p1|Rhyperior, L50, M|
|poke|p2|Charizard, L50, F|
|poke|p2|Floette-Eternal, L50, F|
|poke|p2|Whimsicott, L50, F|
|poke|p2|Kingambit, L50, M|
|poke|p2|Garchomp, L50, F|
|poke|p2|Basculegion, L50, M|
|teampreview|4
|showteam|p1|Sylveon||FairyFeather|Pixilate|Round,MysticalFire,ShadowBall,HyperVoice|Modest||M|||50|]Dragapult|||ClearBody|Round,ShadowBall,DragonPulse,Reflect|Timid||M|||50|]Mimikyu||FocusSash|Disguise|ShadowClaw,SwordsDance,DrainPunch,ShadowSneak|Jolly||M|||50|]Sneasler||WhiteHerb|PoisonTouch|DireClaw,CloseCombat,FakeOut,FirePunch|Adamant||F|||50|]Sableye||Sablenite|Prankster|Gravity,Recover,NastyPlot,DarkPulse|Modest||M|||50|]Rhyperior||QuickClaw|SolidRock|HornDrill,HighHorsepower,RockSlide,SupercellSlam|Sassy||M|||50|
|showteam|p2|Charizard||CharizarditeY|Blaze|HeatWave,WeatherBall,SolarBeam,Protect|Modest||F|||50|]Floette-Eternal||Floettite|FlowerVeil|DazzlingGleam,Protect,Moonblast,LightofRuin|Modest||F|||50|]Whimsicott||FocusSash|Prankster|Moonblast,Protect,Tailwind,Encore|Timid||F|||50|]Kingambit||ChopleBerry|Defiant|KowtowCleave,SuckerPunch,IronHead,LowKick|Adamant||M|||50|]Garchomp||LifeOrb|RoughSkin|DragonClaw,StompingTantrum,RockSlide,Protect|Jolly||F|||50|]Basculegion||MysticWater|Adaptability|WaveCrash,LastRespects,AquaJet,Protect|Adamant||M|||50|
|inactive|Battle timer is ON: inactive players will automatically lose when time's up. (requested by Lorido)
|inactive|Lorido has 60 seconds left.
|inactive|Lorido has 30 seconds left.
|
|t:|1782561782
|teamsize|p1|4
|teamsize|p2|4
|start
|switch|p1a: Sableye|Sableye, L50, M|100/100
|switch|p1b: Rhyperior|Rhyperior, L50, M|100/100
|switch|p2a: Floette|Floette-Eternal, L50, F|100/100
|switch|p2b: Whimsicott|Whimsicott, L50, F|100/100
|turn|1
|
|t:|1782561806
|detailschange|p2a: Floette|Floette-Mega, L50, F
|-mega|p2a: Floette|Floette|Floettite
|-ability|p2a: Floette|Fairy Aura
|detailschange|p1a: Sableye|Sableye-Mega, L50, M
|-mega|p1a: Sableye|Sableye|Sablenite
|move|p2b: Whimsicott|Moonblast|p1b: Rhyperior
|-damage|p1b: Rhyperior|55/100
|move|p2a: Floette|Dazzling Gleam|p1b: Rhyperior|[spread] p1a,p1b
|-supereffective|p1a: Sableye|1
|-damage|p1a: Sableye|7/100
|-damage|p1b: Rhyperior|11/100
|move|p1a: Sableye|Gravity|p1a: Sableye
|-fieldstart|move: Gravity
|move|p1b: Rhyperior|Horn Drill|p2a: Floette
|-damage|p2a: Floette|0 fnt
|faint|p2a: Floette
|-ohko
|
|upkeep
|
|t:|1782561820
|switch|p2a: Basculegion|Basculegion, L50, M|100/100
|turn|2
|-activate|p1b: Rhyperior|item: Quick Claw
|
|t:|1782561835
|move|p1b: Rhyperior|Horn Drill|p2b: Whimsicott
|-enditem|p2b: Whimsicott|Focus Sash
|-damage|p2b: Whimsicott|1/100
|move|p2b: Whimsicott|Moonblast|p1a: Sableye
|-supereffective|p1a: Sableye|1
|-damage|p1a: Sableye|0 fnt
|faint|p1a: Sableye
|move|p2a: Basculegion|Wave Crash|p1b: Rhyperior
|-supereffective|p1b: Rhyperior|2
|-damage|p1b: Rhyperior|0 fnt
|faint|p1b: Rhyperior
|-damage|p2a: Basculegion|96/100|[from] Recoil
|
|upkeep
|
|t:|1782561852
|switch|p1a: Sneasler|Sneasler, L50, F|100/100
|switch|p1b: Mimikyu|Mimikyu, L50, M|100/100
|turn|3
|
|t:|1782561867
|switch|p2a: Kingambit|Kingambit, L50, M|100/100
|move|p2b: Whimsicott|Protect|p2b: Whimsicott
|-singleturn|p2b: Whimsicott|Protect
|move|p1a: Sneasler|Fake Out|p2b: Whimsicott
|-activate|p2b: Whimsicott|move: Protect
|move|p1b: Mimikyu|Swords Dance|p1b: Mimikyu
|-boost|p1b: Mimikyu|atk|2
|
|upkeep
|turn|4
|
|t:|1782561892
|switch|p2a: Basculegion|Basculegion, L50, M|96/100
|move|p2b: Whimsicott|Encore|p1b: Mimikyu
|-start|p1b: Mimikyu|Encore
|move|p1a: Sneasler|Close Combat|p2a: Basculegion
|-immune|p2a: Basculegion
|move|p1b: Mimikyu|Swords Dance|p1b: Mimikyu
|-boost|p1b: Mimikyu|atk|2
|
|upkeep
|turn|5
|
|t:|1782561910
|switch|p2b: Kingambit|Kingambit, L50, M|100/100
|move|p1a: Sneasler|Dire Claw|p2b: Kingambit
|-immune|p2b: Kingambit
|move|p1b: Mimikyu|Swords Dance|p1b: Mimikyu
|-boost|p1b: Mimikyu|atk|2
|move|p2a: Basculegion|Wave Crash|p1a: Sneasler
|-damage|p1a: Sneasler|0 fnt
|faint|p1a: Sneasler
|-damage|p2a: Basculegion|70/100|[from] Recoil
|
|-fieldend|move: Gravity
|upkeep
|turn|6
|
|t:|1782561928
|move|p2a: Basculegion|Aqua Jet|p1b: Mimikyu
|-activate|p1b: Mimikyu|ability: Disguise
|-damage|p1b: Mimikyu|100/100
|detailschange|p1b: Mimikyu|Mimikyu-Busted, L50, M
|-damage|p1b: Mimikyu|87/100|[from] pokemon: Mimikyu-Busted
|move|p1b: Mimikyu|Swords Dance|p1b: Mimikyu
|-boost|p1b: Mimikyu|atk|0
|move|p2b: Kingambit|Iron Head|p1b: Mimikyu
|-supereffective|p1b: Mimikyu|1
|-damage|p1b: Mimikyu|0 fnt
|faint|p1b: Mimikyu
|
|win|Lorido
