|j|â˜†Aurariolu3
|j|â˜†AtaBoyCheekyBoy
|html|Aurariolu3AtaBoyCheekyBoy    
|uhtml|bestof|Game 2 of a best-of-3
|t:|1783718725
|gametype|doubles
|player|p1|Aurariolu3|veteran|1000
|player|p2|AtaBoyCheekyBoy|266|1049
|gen|9
|tier|[Gen 9 Champions] VGC 2026 Reg M-B (Bo3)
|rated|
|rule|Species Clause: Limit one of each PokÃ©mon
|rule|Item Clause: Limit 1 of each item
|clearpoke
|poke|p1|Toxapex, L50, F|
|poke|p1|Scrafty, L50, M, shiny|
|poke|p1|Staraptor, L50, M|
|poke|p1|Incineroar, L50, M|
|poke|p1|Milotic, L50, F|
|poke|p1|Sinistcha, L50|
|poke|p2|Blastoise, L50, F|
|poke|p2|Sneasler, L50, M|
|poke|p2|Grimmsnarl, L50, M|
|poke|p2|Sinistcha-Masterpiece, L50|
|poke|p2|Manectric, L50, F|
|poke|p2|Staraptor, L50, F|
|teampreview|4
|showteam|p1|Toxapex||Leftovers|Regenerator|BanefulBunker,Infestation,WideGuard,Toxic|Bold||F|||50|]Scrafty||Scraftinite|Intimidate|Protect,KnockOff,DrainPunch,FakeOut|Adamant||M|||50|]Staraptor||Staraptite|Intimidate|CloseCombat,BraveBird,Protect,Roost|Jolly||M|||50|]Incineroar||SitrusBerry|Intimidate|DarkestLariat,FakeOut,PartingShot,StompingTantrum|Serious||M|||50|]Milotic||WacanBerry|Competitive|Protect,IcyWind,LifeDew,Scald|Modest||F|||50|]Sinistcha||MiracleSeed|Hospitality|LifeDew,RagePowder,MatchaGotcha,TrickRoom|Modest|||||50|
|showteam|p2|Blastoise||Blastoisinite|RainDish|WaterSpout,AuraSphere,DarkPulse,FakeOut|Quiet||F|||50|]Sneasler||WhiteHerb|Pressure|Protect,FakeOut,DireClaw,CloseCombat|Jolly||M|||50|]Grimmsnarl||LightClay|Prankster|SpiritBreak,PartingShot,LightScreen,Reflect|Relaxed||M|||50|]Sinistcha-Masterpiece||SitrusBerry|Hospitality|TrickRoom,LifeDew,ShadowBall,MatchaGotcha|Relaxed|||||50|]Manectric||Magnet|LightningRod|Thunderbolt,Overheat,VoltSwitch,Protect|Timid||F|||50|]Staraptor||Staraptite|Intimidate|CloseCombat,BraveBird,Tailwind,Protect|Jolly||F|||50|
|c|â˜†Aurariolu3|Why isnt my team working at all
|
|t:|1783718781
|teamsize|p1|4
|teamsize|p2|4
|start
|switch|p1a: Toxapex|Toxapex, L50, F|100/100
|switch|p1b: Scrafty|Scrafty, L50, M, shiny|100/100
|switch|p2a: Grimmsnarl|Grimmsnarl, L50, M|100/100
|switch|p2b: Sneasler|Sneasler, L50, M|100/100
|-ability|p2b: Sneasler|Pressure
|-ability|p1b: Scrafty|Intimidate|boost
|-unboost|p2a: Grimmsnarl|atk|1
|-unboost|p2b: Sneasler|atk|1
|-enditem|p2b: Sneasler|White Herb
|-clearnegativeboost|p2b: Sneasler|[silent]
|turn|1
|
|t:|1783718819
|detailschange|p1b: Scrafty|Scrafty-Mega, L50, M, shiny
|-mega|p1b: Scrafty|Scrafty|Scraftinite
|-ability|p1b: Scrafty|Intimidate|boost
|-unboost|p2a: Grimmsnarl|atk|1
|-unboost|p2b: Sneasler|atk|1
|move|p1b: Scrafty|Protect|p1b: Scrafty
|-singleturn|p1b: Scrafty|Protect
|move|p1a: Toxapex|Baneful Bunker|p1a: Toxapex
|-singleturn|p1a: Toxapex|move: Protect
|move|p2b: Sneasler|Fake Out|p1b: Scrafty
|-activate|p1b: Scrafty|move: Protect
|move|p2a: Grimmsnarl|Reflect|p2a: Grimmsnarl
|-sidestart|p2: AtaBoyCheekyBoy|Reflect
|
|upkeep
|turn|2
|
|t:|1783718848
|switch|p1b: Staraptor|Staraptor, L50, M|100/100
|-ability|p1b: Staraptor|Intimidate|boost
|-unboost|p2a: Grimmsnarl|atk|1
|-unboost|p2b: Sneasler|atk|1
|move|p2a: Grimmsnarl|Light Screen|p2a: Grimmsnarl
|-sidestart|p2: AtaBoyCheekyBoy|move: Light Screen
|move|p2b: Sneasler|Close Combat|p1b: Staraptor
|-damage|p1b: Staraptor|52/100
|-unboost|p2b: Sneasler|def|1
|-unboost|p2b: Sneasler|spd|1
|move|p1a: Toxapex|Infestation|p2b: Sneasler
|-resisted|p2b: Sneasler|2
|-damage|p2b: Sneasler|99/100
|-activate|p2b: Sneasler|move: Infestation|[of] p1a: Toxapex
|
|-damage|p2b: Sneasler|87/100|[from] move: Infestation|[partiallytrapped]
|upkeep
|turn|3
|
|t:|1783718903
|switch|p1b: Incineroar|Incineroar, L50, M|100/100
|-ability|p1b: Incineroar|Intimidate|boost
|-unboost|p2a: Grimmsnarl|atk|1
|-unboost|p2b: Sneasler|atk|1
|move|p2b: Sneasler|Protect|p2b: Sneasler
|-singleturn|p2b: Sneasler|Protect
|move|p2a: Grimmsnarl|Spirit Break|p1b: Incineroar
|-damage|p1b: Incineroar|90/100
|-unboost|p1b: Incineroar|spa|1
|move|p1a: Toxapex|Toxic|p2a: Grimmsnarl
|-status|p2a: Grimmsnarl|tox
|
|-damage|p2a: Grimmsnarl|94/100 tox|[from] psn
|-damage|p2b: Sneasler|75/100|[from] move: Infestation|[partiallytrapped]
|upkeep
|turn|4
|
|t:|1783718928
|switch|p1b: Scrafty|Scrafty-Mega, L50, M, shiny|100/100
|-ability|p1b: Scrafty|Intimidate|boost
|-unboost|p2a: Grimmsnarl|atk|1
|-unboost|p2b: Sneasler|atk|1
|move|p2a: Grimmsnarl|Parting Shot|p1b: Scrafty
|-hint|Since gen 7, Dark is immune to Prankster moves.
|-immune|p1b: Scrafty
|move|p2b: Sneasler|Close Combat|p1b: Scrafty
|-supereffective|p1b: Scrafty|1
|-damage|p1b: Scrafty|65/100
|-unboost|p2b: Sneasler|def|1
|-unboost|p2b: Sneasler|spd|1
|move|p1a: Toxapex|Infestation|p2a: Grimmsnarl
|-damage|p2a: Grimmsnarl|92/100 tox
|-activate|p2a: Grimmsnarl|move: Infestation|[of] p1a: Toxapex
|
|-damage|p2a: Grimmsnarl|80/100 tox|[from] psn
|-damage|p2b: Sneasler|63/100|[from] move: Infestation|[partiallytrapped]
|-damage|p2a: Grimmsnarl|67/100 tox|[from] move: Infestation|[partiallytrapped]
|upkeep
|turn|5
|
|t:|1783718956
|switch|p1b: Staraptor|Staraptor, L50, M|52/100
|-ability|p1b: Staraptor|Intimidate|boost
|-unboost|p2a: Grimmsnarl|atk|1
|-unboost|p2b: Sneasler|atk|1
|move|p2b: Sneasler|Protect|p2b: Sneasler
|-singleturn|p2b: Sneasler|Protect
|move|p1a: Toxapex|Baneful Bunker|p1a: Toxapex
|-singleturn|p1a: Toxapex|move: Protect
|move|p2a: Grimmsnarl|Spirit Break|p1b: Staraptor
|-damage|p1b: Staraptor|39/100
|-unboost|p1b: Staraptor|spa|1
|
|-damage|p2a: Grimmsnarl|50/100y tox|[from] psn
|-damage|p2b: Sneasler|50/100g|[from] move: Infestation|[partiallytrapped]
|-damage|p2a: Grimmsnarl|37/100 tox|[from] move: Infestation|[partiallytrapped]
|upkeep
|turn|6
|
|t:|1783718986
|switch|p1b: Incineroar|Incineroar, L50, M|90/100
|-ability|p1b: Incineroar|Intimidate|boost
|-unboost|p2a: Grimmsnarl|atk|0
|-unboost|p2b: Sneasler|atk|1
|move|p1a: Toxapex|Wide Guard|p1a: Toxapex
|-singleturn|p1a: Toxapex|Wide Guard
|move|p2b: Sneasler|Dire Claw|p1b: Incineroar
|-damage|p1b: Incineroar|80/100
|move|p2a: Grimmsnarl|Spirit Break|p1b: Incineroar
|-crit|p1b: Incineroar
|-damage|p1b: Incineroar|37/100
|-unboost|p1b: Incineroar|spa|1
|-enditem|p1b: Incineroar|Sitrus Berry|[eat]
|-heal|p1b: Incineroar|61/100|[from] item: Sitrus Berry
|
|-damage|p2a: Grimmsnarl|13/100 tox|[from] psn
|-damage|p2b: Sneasler|38/100|[from] move: Infestation|[partiallytrapped]
|-damage|p2a: Grimmsnarl|1/100 tox|[from] move: Infestation|[partiallytrapped]
|upkeep
|turn|7
|
|t:|1783719013
|switch|p1b: Scrafty|Scrafty-Mega, L50, M, shiny|65/100
|-ability|p1b: Scrafty|Intimidate|boost
|-unboost|p2a: Grimmsnarl|atk|0
|-unboost|p2b: Sneasler|atk|0
|move|p2b: Sneasler|Protect|p2b: Sneasler
|-singleturn|p2b: Sneasler|Protect
|move|p1a: Toxapex|Baneful Bunker||[still]
|-fail|p1a: Toxapex
|move|p2a: Grimmsnarl|Spirit Break|p1b: Scrafty
|-supereffective|p1b: Scrafty|2
|-damage|p1b: Scrafty|37/100
|-unboost|p1b: Scrafty|spa|1
|
|-damage|p2a: Grimmsnarl|0 fnt|[from] psn
|faint|p2a: Grimmsnarl
|-end|p2b: Sneasler|Infestation|[partiallytrapped]
|upkeep
|
|t:|1783719027
|switch|p2a: Staraptor|Staraptor, L50, F|100/100
|-ability|p2a: Staraptor|Intimidate|boost
|-unboost|p1a: Toxapex|atk|1
|-unboost|p1b: Scrafty|atk|1
|turn|8
|
|t:|1783719042
|detailschange|p2a: Staraptor|Staraptor-Mega, L50, F
|-mega|p2a: Staraptor|Staraptor|Staraptite
|move|p1b: Scrafty|Fake Out|p2a: Staraptor
|-damage|p2a: Staraptor|92/100
|move|p2b: Sneasler|Dire Claw|p1a: Toxapex
|-resisted|p1a: Toxapex|1
|-damage|p1a: Toxapex|96/100
|cant|p2a: Staraptor|flinch
|move|p1a: Toxapex|Toxic|p2a: Staraptor
|-status|p2a: Staraptor|tox
|
|-heal|p1a: Toxapex|100/100|[from] item: Leftovers
|-damage|p2a: Staraptor|86/100 tox|[from] psn
|-sideend|p2: AtaBoyCheekyBoy|Reflect
|upkeep
|turn|9
|
|t:|1783719069
|switch|p2b: Manectric|Manectric, L50, F|100/100
|switch|p1b: Staraptor|Staraptor, L50, M|39/100
|-ability|p1b: Staraptor|Intimidate|boost
|-boost|p2a: Staraptor|atk|1
|-unboost|p2b: Manectric|atk|1
|move|p2a: Staraptor|Close Combat|p1b: Staraptor
|-damage|p1b: Staraptor|0 fnt
|-boost|p2a: Staraptor|def|1
|-boost|p2a: Staraptor|spd|1
|faint|p1b: Staraptor
|move|p1a: Toxapex|Infestation|p2a: Staraptor
|-resisted|p2a: Staraptor|2
|-damage|p2a: Staraptor|85/100 tox
|-activate|p2a: Staraptor|move: Infestation|[of] p1a: Toxapex
|
|-damage|p2a: Staraptor|73/100 tox|[from] psn
|-damage|p2a: Staraptor|60/100 tox|[from] move: Infestation|[partiallytrapped]
|-sideend|p2: AtaBoyCheekyBoy|move: Light Screen
|upkeep
|
|t:|1783719090
|switch|p1b: Scrafty|Scrafty-Mega, L50, M, shiny|37/100
|-ability|p1b: Scrafty|Intimidate|boost
|-boost|p2a: Staraptor|atk|1
|-unboost|p2b: Manectric|atk|1
|turn|10
|
|t:|1783719115
|move|p2a: Staraptor|Protect|p2a: Staraptor
|-singleturn|p2a: Staraptor|Protect
|move|p1b: Scrafty|Fake Out|p2b: Manectric
|-damage|p2b: Manectric|72/100
|cant|p2b: Manectric|flinch
|move|p1a: Toxapex|Toxic|p2b: Manectric
|-status|p2b: Manectric|tox
|
|-damage|p2a: Staraptor|42/100 tox|[from] psn
|-damage|p2b: Manectric|66/100 tox|[from] psn
|-damage|p2a: Staraptor|29/100 tox|[from] move: Infestation|[partiallytrapped]
|upkeep
|turn|11
|
|t:|1783719139
|move|p1b: Scrafty|Protect|p1b: Scrafty
|-singleturn|p1b: Scrafty|Protect
|move|p2a: Staraptor|Brave Bird|p1a: Toxapex
|-damage|p1a: Toxapex|19/100
|-damage|p2a: Staraptor|3/100 tox|[from] Recoil
|move|p2b: Manectric|Volt Switch|p1a: Toxapex
|-supereffective|p1a: Toxapex|1
|-crit|p1a: Toxapex
|-damage|p1a: Toxapex|0 fnt
|faint|p1a: Toxapex
|
|t:|1783719149
|switch|p2b: Sneasler|Sneasler, L50, M|38/100|[from] Volt Switch
|-ability|p2b: Sneasler|Pressure
|
|-damage|p2a: Staraptor|0 fnt|[from] psn
|faint|p2a: Staraptor
|upkeep
|
|t:|1783719158
|switch|p2a: Manectric|Manectric, L50, F|66/100 tox
|switch|p1a: Incineroar|Incineroar, L50, M|61/100
|-ability|p1a: Incineroar|Intimidate|boost
|-unboost|p2a: Manectric|atk|1
|-unboost|p2b: Sneasler|atk|1
|turn|12
|
|t:|1783719176
|move|p2b: Sneasler|Fake Out|p1a: Incineroar
|-damage|p1a: Incineroar|52/100
|cant|p1a: Incineroar|flinch
|move|p2a: Manectric|Thunderbolt|p1b: Scrafty
|-damage|p1b: Scrafty|0 fnt
|faint|p1b: Scrafty
|
|-damage|p2a: Manectric|60/100 tox|[from] psn
|upkeep
|turn|13
|
|t:|1783719194
|move|p2b: Sneasler|Close Combat|p1a: Incineroar
|-supereffective|p1a: Incineroar|1
|-damage|p1a: Incineroar|0 fnt
|-unboost|p2b: Sneasler|def|1
|-unboost|p2b: Sneasler|spd|1
|faint|p1a: Incineroar
|
|win|AtaBoyCheekyBoy
|raw|Aurariolu3's rating: 1000 → 1000(+0 for losing)
|raw|AtaBoyCheekyBoy's rating: 1049 → 1077(+28 for winning)
