|j|☆wideguard_user
|j|☆DrXJ13
|html|wideguard_userDrXJ13    
|uhtml|bestof|Game 1 of a best-of-3
|t:|1756500752
|gametype|doubles
|player|p1|wideguard_user|102|1223
|player|p2|DrXJ13|1|1156
|gen|9
|tier|[Gen 9] VGC 2025 Reg H (Bo3)
|rated|
|rule|Species Clause: Limit one of each Pokémon
|rule|Item Clause: Limit 1 of each item
|clearpoke
|poke|p1|Gholdengo, L50|
|poke|p1|Sneasler, L50, M|
|poke|p1|Incineroar, L50, M|
|poke|p1|Amoonguss, L50, M|
|poke|p1|Dragonite, L50, M|
|poke|p1|Ursaluna-Bloodmoon, L50, M|
|poke|p2|Sinistcha, L50|
|poke|p2|Ursaluna-Bloodmoon, L50, M|
|poke|p2|Incineroar, L50, F|
|poke|p2|Sneasler, L50, M|
|poke|p2|Dragonite, L50, M|
|poke|p2|Corviknight, L50, F|
|teampreview|4
|showteam|p1|Gholdengo||LifeOrb|GoodasGold|MakeItRain,ShadowBall,NastyPlot,Protect||||||50|,,,,,Water]Sneasler||FocusSash|Unburden|ThroatChop,CloseCombat,DireClaw,Protect|||M|||50|,,,,,Stellar]Incineroar||SafetyGoggles|Intimidate|FakeOut,FlareBlitz,KnockOff,PartingShot|||M|||50|,,,,,Ghost]Amoonguss||SitrusBerry|Regenerator|Spore,RagePowder,SludgeBomb,Protect|||M|||50|,,,,,Water]Dragonite||LoadedDice|Multiscale|ScaleShot,Protect,Tailwind,Haze|||M|||50|,,,,,Steel]Ursaluna-Bloodmoon||AssaultVest|MindsEye|HyperVoice,BloodMoon,EarthPower,VacuumWave|||M|||50|,,,,,Normal
|showteam|p2|Sinistcha||RockyHelmet|Hospitality|MatchaGotcha,ShadowBall,TrickRoom,RagePowder||||||50|,,,,,Water]Ursaluna-Bloodmoon||Leftovers|MindsEye|HyperVoice,EarthPower,CalmMind,Protect|||M|||50|,,,,,Dragon]Incineroar||SafetyGoggles|Intimidate|FakeOut,KnockOff,FlareBlitz,PartingShot|||F|||50|,,,,,Ghost]Sneasler||FocusSash|Unburden|Coaching,DireClaw,CloseCombat,Protect|||M|||50|,,,,,Stellar]Dragonite||LoadedDice|Multiscale|ScaleShot,ExtremeSpeed,Haze,Protect|||M|||50|,,,,,Fairy]Corviknight||CovertCloak|MirrorArmor|DualWingbeat,Tailwind,IronHead,Taunt|||F|||50|,,,,,Dragon
|inactive|Battle timer is ON: inactive players will automatically lose when time's up. (requested by DrXJ13)
|inactive|wideguard_user has 60 seconds left.
|inactive|wideguard_user has 30 seconds left.
|
|t:|1756500816
|teamsize|p1|4
|teamsize|p2|4
|start
|switch|p1a: Gholdengo|Gholdengo, L50|100/100
|switch|p1b: Incineroar|Incineroar, L50, M, shiny|100/100
|switch|p2a: Wellington|Ursaluna-Bloodmoon, L50, M|100/100
|switch|p2b: Toño|Incineroar, L50, F|100/100
|-ability|p2b: Toño|Intimidate|boost
|-unboost|p1a: Gholdengo|atk|1
|-unboost|p1b: Incineroar|atk|1
|-ability|p1b: Incineroar|Intimidate|boost
|-unboost|p2a: Wellington|atk|1
|-unboost|p2b: Toño|atk|1
|turn|1
|inactive|wideguard_user has 30 seconds left.
|inactive|wideguard_user has 20 seconds left.
|inactive|wideguard_user has 15 seconds left.
|
|t:|1756500859
|move|p1a: Gholdengo|Protect|p1a: Gholdengo
|-singleturn|p1a: Gholdengo|Protect
|move|p1b: Incineroar|Fake Out|p2a: Wellington
|-damage|p2a: Wellington|95/100
|move|p2b: Toño|Knock Off|p1a: Gholdengo
|-activate|p1a: Gholdengo|move: Protect
|cant|p2a: Wellington|flinch
|
|-heal|p2a: Wellington|100/100|[from] item: Leftovers
|upkeep
|turn|2
|inactive|wideguard_user has 30 seconds left.
|
|t:|1756500890
|switch|p1a: Amoonguss|Amoonguss, L50, M|100/100
|move|p2b: Toño|Knock Off|p1a: Amoonguss
|-damage|p1a: Amoonguss|79/100
|-enditem|p1a: Amoonguss|Sitrus Berry|[from] move: Knock Off|[of] p2b: Toño
|move|p1b: Incineroar|Parting Shot|p2a: Wellington
|-unboost|p2a: Wellington|atk|1
|-unboost|p2a: Wellington|spa|1
|j| Arkhept
|
|t:|1756500898
|switch|p1b: Gholdengo|Gholdengo, L50|100/100|[from] Parting Shot
|move|p2a: Wellington|Calm Mind|p2a: Wellington
|-boost|p2a: Wellington|spa|1
|-boost|p2a: Wellington|spd|1
|
|upkeep
|turn|3
|l| Arkhept
|inactive|wideguard_user has 30 seconds left.
|inactive|wideguard_user has 20 seconds left.
|
|t:|1756500934
|switch|p1a: Incineroar|Incineroar, L50, M, shiny|100/100
|-ability|p1a: Incineroar|Intimidate|boost
|-unboost|p2a: Wellington|atk|1
|-unboost|p2b: Toño|atk|1
|move|p1b: Gholdengo|Protect|p1b: Gholdengo
|-singleturn|p1b: Gholdengo|Protect
|move|p2b: Toño|Flare Blitz|p1a: Incineroar
|-resisted|p1a: Incineroar
|-crit|p1a: Incineroar
|-damage|p1a: Incineroar|69/100
|-damage|p2b: Toño|90/100|[from] Recoil
|move|p2a: Wellington|Hyper Voice|p1a: Incineroar|[spread] p1a
|-activate|p1b: Gholdengo|move: Protect
|-damage|p1a: Incineroar|44/100
|
|upkeep
|turn|4
|
|t:|1756500946
|move|p1a: Incineroar|Fake Out|p2a: Wellington
|-damage|p2a: Wellington|92/100
|move|p1b: Gholdengo|Nasty Plot|p1b: Gholdengo
|-boost|p1b: Gholdengo|spa|2
|move|p2b: Toño|Knock Off|p1b: Gholdengo
|-supereffective|p1b: Gholdengo
|-damage|p1b: Gholdengo|56/100
|-enditem|p1b: Gholdengo|Life Orb|[from] move: Knock Off|[of] p2b: Toño
|cant|p2a: Wellington|flinch
|
|-heal|p2a: Wellington|99/100|[from] item: Leftovers
|upkeep
|turn|5
|inactive|wideguard_user has 30 seconds left.
|inactive|DrXJ13 has 30 seconds left.
|
|t:|1756500977
|-terastallize|p1b: Gholdengo|Water
|move|p2a: Wellington|Protect|p2a: Wellington
|-singleturn|p2a: Wellington|Protect
|move|p1b: Gholdengo|Make It Rain|p2a: Wellington|[spread] p2b
|-activate|p2a: Wellington|move: Protect
|-resisted|p2b: Toño
|-damage|p2b: Toño|56/100
|-unboost|p1b: Gholdengo|spa|1
|move|p2b: Toño|Parting Shot|p1a: Incineroar
|-unboost|p1a: Incineroar|atk|1
|-unboost|p1a: Incineroar|spa|1
|
|t:|1756500982
|switch|p2b: Maximiliano|Corviknight, L50, F|100/100|[from] Parting Shot
|move|p1a: Incineroar|Parting Shot|p2b: Maximiliano
|-ability|p2b: Maximiliano|Mirror Armor
|-unboost|p1a: Incineroar|atk|1
|-ability|p2b: Maximiliano|Mirror Armor
|-unboost|p1a: Incineroar|spa|1
|
|t:|1756501003
|switch|p1a: Sneasler|Sneasler, L50, M|100/100|[from] Parting Shot
|
|-heal|p2a: Wellington|100/100|[from] item: Leftovers
|upkeep
|turn|6
|inactive|wideguard_user has 30 seconds left.
|inactive|wideguard_user has 20 seconds left.
|inactive|wideguard_user has 15 seconds left.
|inactive|wideguard_user has 10 seconds left.
|inactive|wideguard_user has 5 seconds left.
|
|t:|1756501056
|switch|p2b: Toño|Incineroar, L50, F|56/100
|-ability|p2b: Toño|Intimidate|boost
|-unboost|p1a: Sneasler|atk|1
|-unboost|p1b: Gholdengo|atk|1
|-terastallize|p2a: Wellington|Dragon
|move|p1b: Gholdengo|Protect|p1b: Gholdengo
|-singleturn|p1b: Gholdengo|Protect
|move|p1a: Sneasler|Close Combat|p2a: Wellington
|-crit|p2a: Wellington
|-damage|p2a: Wellington|30/100
|-unboost|p1a: Sneasler|def|1
|-unboost|p1a: Sneasler|spd|1
|move|p2a: Wellington|Hyper Voice|p1b: Gholdengo|[spread] p1a
|-activate|p1b: Gholdengo|move: Protect
|-damage|p1a: Sneasler|24/100
|
|-heal|p2a: Wellington|36/100|[from] item: Leftovers
|upkeep
|turn|7
|inactive|wideguard_user has 30 seconds left.
|inactive|DrXJ13 has 30 seconds left.
|inactive|wideguard_user has 20 seconds left.
|
|t:|1756501094
|switch|p1b: Incineroar|Incineroar, L50, M, shiny|44/100
|-ability|p1b: Incineroar|Intimidate|boost
|-unboost|p2a: Wellington|atk|1
|-unboost|p2b: Toño|atk|1
|switch|p2b: Té (en) tazas|Sinistcha, L50|100/100
|-heal|p2a: Wellington|61/100|[from] ability: Hospitality|[of] p2b: Té (en) tazas
|move|p1a: Sneasler|Close Combat|p2b: Té (en) tazas
|-immune|p2b: Té (en) tazas
|move|p2a: Wellington|Hyper Voice|p1a: Sneasler|[spread] p1a,p1b
|-damage|p1a: Sneasler|0 fnt
|-damage|p1b: Incineroar|21/100
|faint|p1a: Sneasler
|
|-heal|p2a: Wellington|67/100|[from] item: Leftovers
|upkeep
|
|t:|1756501106
|switch|p1a: Amoonguss|Amoonguss, L50, M|100/100
|turn|8
|
|t:|1756501115
|switch|p2b: Toño|Incineroar, L50, F|56/100
|-ability|p2b: Toño|Intimidate|boost
|-unboost|p1a: Amoonguss|atk|1
|-unboost|p1b: Incineroar|atk|1
|move|p2a: Wellington|Protect|p2a: Wellington
|-singleturn|p2a: Wellington|Protect
|move|p1b: Incineroar|Knock Off|p2a: Wellington
|-activate|p2a: Wellington|move: Protect
|move|p1a: Amoonguss|Spore|p2a: Wellington
|-activate|p2a: Wellington|move: Protect
|
|-heal|p2a: Wellington|74/100|[from] item: Leftovers
|upkeep
|turn|9
|-message|wideguard_user forfeited.
|
|win|DrXJ13
||wideguard_user is ready for game 2.
|inactive|DrXJ13 has 30 seconds to confirm battle start!
||DrXJ13 is ready for game 2.
|uhtml|next|Next: Game 2 of 3
