|j|☆Vuultur
|j|☆Lego Darth Malgus
|html|VuulturLego Darth Malgus    
|uhtml|bestof|Game 2 of a best-of-3
|t:|1757025608
|gametype|doubles
|player|p1|Vuultur|hilbert-wonderlauncher|1362
|player|p2|Lego Darth Malgus|2|1326
|gen|9
|tier|[Gen 9] VGC 2025 Reg H (Bo3)
|rated|
|rule|Species Clause: Limit one of each Pokémon
|rule|Item Clause: Limit 1 of each item
|clearpoke
|poke|p1|Gholdengo, L50|
|poke|p1|Amoonguss, L50, M|
|poke|p1|Basculegion, L50, M|
|poke|p1|Pelipper, L50, F|
|poke|p1|Incineroar, L50, F|
|poke|p1|Archaludon, L50, F|
|poke|p2|Kommo-o, L50, F|
|poke|p2|Tyranitar, L50, F|
|poke|p2|Excadrill, L50, M|
|poke|p2|Samurott-Hisui, L50, M|
|poke|p2|Rillaboom, L50, M|
|poke|p2|Volcarona, L50, M|
|teampreview|4
|showteam|p1|Gholdengo||LifeOrb|GoodasGold|MakeItRain,ShadowBall,NastyPlot,Protect||||||50|,,,,,Water]Amoonguss||SitrusBerry|Regenerator|Spore,RagePowder,PollenPuff,ClearSmog|||M|||50|,,,,,Psychic]Basculegion||ChoiceBand|SwiftSwim|WaveCrash,FlipTurn,LastRespects,AquaJet|||M|||50|,,,,,Water]Pelipper||FocusSash|Drizzle|WeatherBall,Hurricane,Tailwind,Protect|||F|||50|,,,,,Ground]Incineroar||SafetyGoggles|Intimidate|FlareBlitz,KnockOff,PartingShot,FakeOut|||F|||50|,,,,,Ghost]Archaludon||AssaultVest|Stamina|ElectroShot,FlashCannon,DracoMeteor,BodyPress|||F|||50|,,,,,Bug
|showteam|p2|Kommo-o||GrassySeed|Overcoat|BodyPress,IronDefense,Protect,DragonPulse|||F|||50|,,,,,Fairy]Tyranitar||ChoiceScarf|SandStream|RockSlide,KnockOff,TeraBlast,LowKick|||F|||50|,,,,,Flying]Excadrill||FocusSash|SandRush|HighHorsepower,IronHead,Bulldoze,Protect|||M|||50|,,,,,Ghost]Samurott-Hisui||AssaultVest|Sharpness|NightSlash,AquaCutter,SacredSword,SuckerPunch|||M|||50|,,,,,Ghost]Rillaboom||MiracleSeed|GrassySurge|FakeOut,DrumBeating,GrassyGlide,Taunt|||M|||50|,,,,,Water]Volcarona||SitrusBerry|FlameBody|QuiverDance,HeatWave,TeraBlast,Protect|||M|||50|,,,,,Fairy
|inactive|Battle timer is ON: inactive players will automatically lose when time's up. (requested by Lego Darth Malgus)
|inactive|Vuultur has 60 seconds left.
|
|t:|1757025658
|teamsize|p1|4
|teamsize|p2|4
|start
|switch|p1a: Amoonguss|Amoonguss, L50, M|100/100
|switch|p1b: Gholdengo|Gholdengo, L50|100/100
|switch|p2a: Rillaboom|Rillaboom, L50, M, shiny|100/100
|switch|p2b: Samurott|Samurott-Hisui, L50, M, shiny|100/100
|-fieldstart|move: Grassy Terrain|[from] ability: Grassy Surge|[of] p2a: Rillaboom
|turn|1
|
|t:|1757025679
|switch|p1a: Archaludon|Archaludon, L50, F|100/100
|move|p1b: Gholdengo|Protect|p1b: Gholdengo
|-singleturn|p1b: Gholdengo|Protect
|move|p2a: Rillaboom|Taunt|p1a: Archaludon
|-start|p1a: Archaludon|move: Taunt
|move|p2b: Samurott|Night Slash|p1b: Gholdengo
|-activate|p1b: Gholdengo|move: Protect
|
|upkeep
|turn|2
|
|t:|1757025714
|switch|p1b: Pelipper|Pelipper, L50, F|100/100
|-weather|RainDance|[from] ability: Drizzle|[of] p1b: Pelipper
|-terastallize|p1a: Archaludon|Bug
|move|p2a: Rillaboom|Drum Beating|p1b: Pelipper
|-damage|p1b: Pelipper|10/100
|-unboost|p1b: Pelipper|spe|1
|move|p2b: Samurott|Aqua Cutter|p1a: Archaludon
|-crit|p1a: Archaludon
|-damage|p1a: Archaludon|19/100
|-ability|p1a: Archaludon|Stamina|boost
|-boost|p1a: Archaludon|def|1
|move|p1a: Archaludon|Electro Shot||[still]
|-prepare|p1a: Archaludon|Electro Shot
|-boost|p1a: Archaludon|spa|1
|-anim|p1a: Archaludon|Electro Shot|p2b: Samurott
|-supereffective|p2b: Samurott
|-damage|p2b: Samurott|0 fnt
|faint|p2b: Samurott
|
|-weather|RainDance|[upkeep]
|-heal|p1a: Archaludon|25/100|[from] Grassy Terrain
|upkeep
|
|t:|1757025724
|switch|p2b: Volcarona|Volcarona, L50, M, shiny|100/100
|turn|3
|inactive|Vuultur has 30 seconds left.
|
|t:|1757025755
|move|p2a: Rillaboom|Drum Beating|p1b: Pelipper
|-damage|p1b: Pelipper|0 fnt
|faint|p1b: Pelipper
|move|p2b: Volcarona|Quiver Dance|p2b: Volcarona
|-boost|p2b: Volcarona|spa|1
|-boost|p2b: Volcarona|spd|1
|-boost|p2b: Volcarona|spe|1
|move|p1a: Archaludon|Electro Shot||[still]
|-prepare|p1a: Archaludon|Electro Shot
|-boost|p1a: Archaludon|spa|1
|-anim|p1a: Archaludon|Electro Shot|p2b: Volcarona
|-damage|p2b: Volcarona|54/100
|
|-weather|RainDance|[upkeep]
|-heal|p2b: Volcarona|60/100|[from] Grassy Terrain
|-heal|p1a: Archaludon|31/100|[from] Grassy Terrain
|-end|p1a: Archaludon|move: Taunt
|upkeep
|inactive|Vuultur has 30 seconds left.
|inactive|Vuultur has 20 seconds left.
|inactive|Vuultur has 15 seconds left.
|inactive|Vuultur has 10 seconds left.
|
|t:|1757025805
|switch|p1b: Amoonguss|Amoonguss, L50, M|100/100
|turn|4
|
|t:|1757025822
|switch|p1a: Gholdengo|Gholdengo, L50|100/100
|move|p2b: Volcarona|Heat Wave|p1a: Gholdengo|[spread] p1a,p1b
|-supereffective|p1a: Gholdengo
|-supereffective|p1b: Amoonguss
|-damage|p1a: Gholdengo|46/100
|-damage|p1b: Amoonguss|51/100
|move|p2a: Rillaboom|Taunt|p1b: Amoonguss
|-start|p1b: Amoonguss|move: Taunt
|move|p1b: Amoonguss|Clear Smog|p2b: Volcarona
|-crit|p2b: Volcarona
|-damage|p2b: Volcarona|39/100
|-clearboost|p2b: Volcarona
|-enditem|p2b: Volcarona|Sitrus Berry|[eat]
|-heal|p2b: Volcarona|64/100|[from] item: Sitrus Berry
|
|-weather|RainDance|[upkeep]
|-heal|p1a: Gholdengo|52/100|[from] Grassy Terrain
|-heal|p2b: Volcarona|70/100|[from] Grassy Terrain
|-heal|p1b: Amoonguss|57/100|[from] Grassy Terrain
|upkeep
|turn|5
|inactive|Vuultur has 30 seconds left.
|inactive|Vuultur has 20 seconds left.
|inactive|Vuultur has 15 seconds left.
|
|t:|1757025863
|switch|p2a: Tyranitar|Tyranitar, L50, F|100/100
|-weather|Sandstorm|[from] ability: Sand Stream|[of] p2a: Tyranitar
|move|p1a: Gholdengo|Shadow Ball|p2b: Volcarona
|-damage|p2b: Volcarona|22/100
|-unboost|p2b: Volcarona|spd|1
|-damage|p1a: Gholdengo|43/100|[from] item: Life Orb
|move|p2b: Volcarona|Heat Wave|p1b: Amoonguss|[spread] p1a,p1b
|-supereffective|p1a: Gholdengo
|-supereffective|p1b: Amoonguss
|-damage|p1a: Gholdengo|0 fnt
|-damage|p1b: Amoonguss|0 fnt
|faint|p1a: Gholdengo
|faint|p1b: Amoonguss
|
|-weather|Sandstorm|[upkeep]
|-damage|p2b: Volcarona|16/100|[from] Sandstorm
|-heal|p2b: Volcarona|22/100|[from] Grassy Terrain
|-fieldend|move: Grassy Terrain
|upkeep
|
|t:|1757025884
|switch|p1a: Archaludon|Archaludon, L50, F, tera:Bug|31/100
|turn|6
|
|t:|1757025890
|-terastallize|p2a: Tyranitar|Flying
|move|p2a: Tyranitar|Tera Blast|p1a: Archaludon|[anim] Tera Blast Flying
|-supereffective|p1a: Archaludon
|-damage|p1a: Archaludon|0 fnt
|faint|p1a: Archaludon
|
|win|Lego Darth Malgus
||Lego Darth Malgus is ready for game 3.
||Vuultur is ready for game 3.
|uhtml|next|Next: Game 3 of 3
|l|☆Vuultur
|player|p1|
