|j|☆KodeBeast0526
|j|☆Rimuro VGC
|html|KodeBeast0526Rimuro VGC    
|uhtml|bestof|Game 2 of a best-of-3
|t:|1783403771
|gametype|doubles
|player|p1|KodeBeast0526|sailor|1189
|player|p2|Rimuro VGC|volkner|1144
|gen|9
|tier|[Gen 9 Champions] VGC 2026 Reg M-B (Bo3)
|rated|
|rule|Species Clause: Limit one of each Pokémon
|rule|Item Clause: Limit 1 of each item
|clearpoke
|poke|p1|Gengar, L50, F|
|poke|p1|Swampert, L50, M|
|poke|p1|Incineroar, L50, M|
|poke|p1|Politoed, L50, F|
|poke|p1|Archaludon, L50, M|
|poke|p1|Vivillon-Ocean, L50, M|
|poke|p2|Gardevoir, L50, F, shiny|
|poke|p2|Charizard, L50, M|
|poke|p2|Venusaur, L50, M|
|poke|p2|Garchomp, L50, F|
|poke|p2|Mawile, L50, F, shiny|
|poke|p2|Whimsicott, L50, F|
|teampreview|4
|showteam|p1|Gengar||Gengarite|CursedBody|ShadowBall,PerishSong,SludgeBomb,Protect|Timid||F|||50|]Swampert||Swampertite|Torrent|WaveCrash,Earthquake,IcePunch,Protect|Adamant||M|||50|]Incineroar||PasshoBerry|Intimidate|ThroatChop,PartingShot,FakeOut,Protect|Sassy||M|||50|]Politoed||SitrusBerry|Drizzle|WeatherBall,PerishSong,Encore,Protect|Calm||F|||50|]Archaludon||Leftovers|Stamina|DragonPulse,FlashCannon,ElectroShot,Protect|Bold||M|||50|]Vivillon-Ocean||FocusSash|CompoundEyes|Hurricane,SleepPowder,RagePowder,Protect|Timid||M|||50|
|showteam|p2|Gardevoir||FocusSash|Trace|Psychic,Moonblast,TrickRoom,Protect|Modest||F|||50|]Charizard||CharizarditeY|SolarPower|HeatWave,Protect,AirSlash,AncientPower|Modest||M|||50|]Venusaur||Leftovers|Chlorophyll|EnergyBall,SludgeBomb,SleepPowder,Protect|Modest||M|||50|]Garchomp||LifeOrb|RoughSkin|RockSlide,Outrage,Earthquake,Protect|Adamant||F|||50|]Mawile||Mawilite|Intimidate|PlayRough,IronHead,SwordsDance,Protect|Brave||F|||50|]Whimsicott||MentalHerb|Prankster|Tailwind,Protect,Moonblast,Encore|Modest||F|||50|
|inactive|Battle timer is ON: inactive players will automatically lose when time's up. (requested by Rimuro VGC)
|
|t:|1783403796
|teamsize|p1|4
|teamsize|p2|4
|start
|switch|p1a: Vivillon|Vivillon-Ocean, L50, M|100/100
|switch|p1b: Incineroar|Incineroar, L50, M|100/100
|switch|p2a: Whimsicott|Whimsicott, L50, F|100/100
|switch|p2b: Garchomp|Garchomp, L50, F|100/100
|-ability|p1b: Incineroar|Intimidate|boost
|-unboost|p2a: Whimsicott|atk|1
|-unboost|p2b: Garchomp|atk|1
|turn|1
|
|t:|1783403815
|switch|p2a: Charizard|Charizard, L50, M|100/100
|switch|p2b: Venusaur|Venusaur, L50, M|100/100
|move|p1b: Incineroar|Fake Out|p2b: Venusaur
|-damage|p2b: Venusaur|88/100
|move|p1a: Vivillon|Sleep Powder|p2b: Venusaur
|-immune|p2b: Venusaur
|
|-heal|p2b: Venusaur|94/100|[from] item: Leftovers
|upkeep
|turn|2
|
|t:|1783403831
|detailschange|p2a: Charizard|Charizard-Mega-Y, L50, M
|-mega|p2a: Charizard|Charizard|Charizardite Y
|-weather|SunnyDay|[from] ability: Drought|[of] p2a: Charizard
|move|p2b: Venusaur|Sleep Powder|p1b: Incineroar
|-status|p1b: Incineroar|slp|[from] move: Sleep Powder
|move|p1a: Vivillon|Hurricane|p2b: Venusaur
|-supereffective|p2b: Venusaur|1
|-damage|p2b: Venusaur|3/100
|move|p2a: Charizard|Heat Wave|p1a: Vivillon|[spread] p1a,p1b
|-supereffective|p1a: Vivillon|1
|-resisted|p1b: Incineroar|1
|-enditem|p1a: Vivillon|Focus Sash
|-damage|p1a: Vivillon|1/100
|-damage|p1b: Incineroar|74/100 slp
|cant|p1b: Incineroar|slp
|
|-weather|SunnyDay|[upkeep]
|-heal|p2b: Venusaur|9/100|[from] item: Leftovers
|upkeep
|turn|3
|
|t:|1783403848
|switch|p1b: Politoed|Politoed, L50, F|100/100
|-weather|RainDance|[from] ability: Drizzle|[of] p1b: Politoed
|move|p1a: Vivillon|Hurricane|p2b: Venusaur
|-supereffective|p2b: Venusaur|1
|-damage|p2b: Venusaur|0 fnt
|faint|p2b: Venusaur
|move|p2a: Charizard|Heat Wave|p1b: Politoed|[spread] p1a,p1b
|-supereffective|p1a: Vivillon|1
|-resisted|p1b: Politoed|1
|-damage|p1a: Vivillon|0 fnt
|-damage|p1b: Politoed|90/100
|faint|p1a: Vivillon
|
|-weather|RainDance|[upkeep]
|upkeep
|
|t:|1783403857
|switch|p1a: Gengar|Gengar, L50, F|100/100
|switch|p2b: Whimsicott|Whimsicott, L50, F|100/100
|turn|4
|
|t:|1783403867
|switch|p2a: Garchomp|Garchomp, L50, F|100/100
|detailschange|p1a: Gengar|Gengar-Mega, L50, F
|-mega|p1a: Gengar|Gengar|Gengarite
|move|p2b: Whimsicott|Tailwind|p2b: Whimsicott
|-sidestart|p2: Rimuro VGC|move: Tailwind
|move|p1a: Gengar|Perish Song|p1a: Gengar
|-start|p1a: Gengar|perish3|[silent]
|-start|p1b: Politoed|perish3|[silent]
|-start|p2a: Garchomp|perish3|[silent]
|-start|p2b: Whimsicott|perish3|[silent]
|-fieldactivate|move: Perish Song
|move|p1b: Politoed|Weather Ball|p2a: Garchomp
|-damage|p2a: Garchomp|56/100
|
|-weather|RainDance|[upkeep]
|-start|p2b: Whimsicott|perish3
|-start|p2a: Garchomp|perish3
|-start|p1a: Gengar|perish3
|-start|p1b: Politoed|perish3
|upkeep
|turn|5
|
|t:|1783403880
|switch|p1a: Incineroar|Incineroar, L50, M|74/100 slp
|-ability|p1a: Incineroar|Intimidate|boost
|-unboost|p2a: Garchomp|atk|1
|-unboost|p2b: Whimsicott|atk|1
|move|p1b: Politoed|Protect|p1b: Politoed
|-singleturn|p1b: Politoed|Protect
|move|p2b: Whimsicott|Moonblast|p1b: Politoed
|-activate|p1b: Politoed|move: Protect
|move|p2a: Garchomp|Earthquake|p1b: Politoed|[spread] p2b,p1a
|-activate|p1b: Politoed|move: Protect
|-resisted|p2b: Whimsicott|1
|-supereffective|p1a: Incineroar|1
|-damage|p2b: Whimsicott|76/100
|-damage|p1a: Incineroar|8/100 slp
|-damage|p2a: Garchomp|46/100|[from] item: Life Orb
|
|-weather|RainDance|[upkeep]
|-start|p2b: Whimsicott|perish2
|-start|p2a: Garchomp|perish2
|-start|p1b: Politoed|perish2
|upkeep
|turn|6
|
|t:|1783403896
|cant|p1a: Incineroar|slp
|move|p2b: Whimsicott|Moonblast|p1b: Politoed
|-damage|p1b: Politoed|59/100
|move|p2a: Garchomp|Earthquake|p1a: Incineroar|[spread] p2b,p1a,p1b
|-resisted|p2b: Whimsicott|1
|-supereffective|p1a: Incineroar|1
|-damage|p2b: Whimsicott|55/100
|-damage|p1a: Incineroar|0 fnt
|-damage|p1b: Politoed|23/100
|-enditem|p1b: Politoed|Sitrus Berry|[eat]
|-heal|p1b: Politoed|48/100|[from] item: Sitrus Berry
|faint|p1a: Incineroar
|-damage|p2a: Garchomp|37/100|[from] item: Life Orb
|move|p1b: Politoed|Weather Ball|p2a: Garchomp
|-damage|p2a: Garchomp|0 fnt
|faint|p2a: Garchomp
|
|-weather|RainDance|[upkeep]
|-start|p2b: Whimsicott|perish1
|-start|p1b: Politoed|perish1
|upkeep
|
|t:|1783403905
|switch|p2a: Charizard|Charizard-Mega-Y, L50, M|100/100
|switch|p1a: Gengar|Gengar-Mega, L50, F|100/100
|-weather|SunnyDay|[from] ability: Drought|[of] p2a: Charizard
|turn|7
|
|t:|1783403912
|move|p1a: Gengar|Protect|p1a: Gengar
|-singleturn|p1a: Gengar|Protect
|move|p1b: Politoed|Protect|p1b: Politoed
|-singleturn|p1b: Politoed|Protect
|move|p2b: Whimsicott|Moonblast|p1b: Politoed
|-activate|p1b: Politoed|move: Protect
|move|p2a: Charizard|Heat Wave|p1b: Politoed|[spread] 
|-activate|p1a: Gengar|move: Protect
|-activate|p1b: Politoed|move: Protect
|
|-weather|SunnyDay|[upkeep]
|-start|p2b: Whimsicott|perish0
|-start|p1b: Politoed|perish0
|-sideend|p2: Rimuro VGC|move: Tailwind
|faint|p2b: Whimsicott
|faint|p1b: Politoed
|upkeep
|turn|8
|
|t:|1783403920
|move|p1a: Gengar|Sludge Bomb|p2a: Charizard
|-crit|p2a: Charizard
|-damage|p2a: Charizard|35/100
|move|p2a: Charizard|Heat Wave|p1a: Gengar
|-damage|p1a: Gengar|0 fnt
|faint|p1a: Gengar
|
|win|Rimuro VGC
||Rimuro VGC is ready for game 3.
