|j|☆blade2049
|j|☆KChiefs7
|html|blade2049KChiefs7    
|uhtml|bestof|Game 3 of a best-of-3
|t:|1756835999
|gametype|doubles
|player|p1|blade2049|gambler|1064
|player|p2|KChiefs7|swimmer-gen4|1083
|gen|9
|tier|[Gen 9] VGC 2025 Reg H (Bo3)
|rated|
|rule|Species Clause: Limit one of each Pokémon
|rule|Item Clause: Limit 1 of each item
|clearpoke
|poke|p1|Gothitelle, L50, F|
|poke|p1|Politoed, L50, M|
|poke|p1|Incineroar, L50, F|
|poke|p1|Kingdra, L50, M|
|poke|p1|Amoonguss, L50, F|
|poke|p1|Archaludon, L50, M|
|poke|p2|Ursaluna, L50, M|
|poke|p2|Gholdengo, L50|
|poke|p2|Flamigo, L50, F|
|poke|p2|Amoonguss, L50, M|
|poke|p2|Porygon2, L50|
|poke|p2|Incineroar, L50, F|
|teampreview|4
|showteam|p1|Gothitelle||Leftovers|ShadowTag|Psychic,HealPulse,FakeOut,Protect|||F|||50|,,,,,Dragon]Politoed||MentalHerb|Drizzle|WeatherBall,Encore,PerishSong,Protect|||M|||50|,,,,,Grass]Incineroar||SafetyGoggles|Intimidate|FakeOut,PartingShot,KnockOff,Protect|||F|||50|,,,,,Ghost]Kingdra||LifeOrb|SwiftSwim|DracoMeteor,WeatherBall,MuddyWater,Protect|||M|||50|,,,,,Stellar]Amoonguss||SitrusBerry|Regenerator|PollenPuff,RagePowder,Spore,Protect|||F|||50|,,,,,Water]Archaludon||PowerHerb|Sturdy|ElectroShot,DragonPulse,FlashCannon,Protect|||M|||50|,,,,,Electric
|showteam|p2|Ursaluna||FlameOrb|Guts|Facade,HeadlongRush,Earthquake,Protect|||M|||50|,,,,,Ghost]Gholdengo||LifeOrb|GoodasGold|MakeItRain,ShadowBall,NastyPlot,Protect||||||50|,,,,,Water]Flamigo||FocusSash|Scrappy|Detect,CloseCombat,WideGuard,DualWingbeat|||F|||50|,,,,,Ghost]Amoonguss||CovertCloak|Regenerator|RagePowder,Spore,PollenPuff,ClearSmog|||M|||50|,,,,,Fairy]Porygon2||Eviolite|Download|TeraBlast,IceBeam,Recover,TrickRoom||||||50|,,,,,Fighting]Incineroar||SafetyGoggles|Intimidate|FlareBlitz,KnockOff,FakeOut,PartingShot|||F|||50|,,,,,Ghost
|inactive|Battle timer is ON: inactive players will automatically lose when time's up. (requested by KChiefs7)
|inactive|blade2049 also wants the timer to be on.
|
|t:|1756836020
|teamsize|p1|4
|teamsize|p2|4
|start
|switch|p1a: Incineroar|Incineroar, L50, F|100/100
|switch|p1b: Amoonguss|Amoonguss, L50, F|100/100
|switch|p2a: Ursaluna|Ursaluna, L50, M|100/100
|switch|p2b: Flamigo|Flamigo, L50, F|100/100
|-ability|p1a: Incineroar|Intimidate|boost
|-unboost|p2a: Ursaluna|atk|1
|-fail|p2b: Flamigo|unboost|Attack|[from] ability: Scrappy|[of] p2b: Flamigo
|turn|1
|
|t:|1756836044
|move|p2b: Flamigo|Detect|p2b: Flamigo
|-singleturn|p2b: Flamigo|Protect
|move|p2a: Ursaluna|Protect|p2a: Ursaluna
|-singleturn|p2a: Ursaluna|Protect
|move|p1b: Amoonguss|Rage Powder|p1b: Amoonguss
|-singleturn|p1b: Amoonguss|move: Rage Powder
|move|p1a: Incineroar|Knock Off|p2a: Ursaluna
|-activate|p2a: Ursaluna|move: Protect
|
|-status|p2a: Ursaluna|brn|[from] item: Flame Orb
|upkeep
|turn|2
|inactive|blade2049 has 30 seconds left.
|inactive|KChiefs7 has 30 seconds left.
|
|t:|1756836073
|switch|p2a: Porygon2|Porygon2, L50|100/100
|-ability|p2a: Porygon2|Download|boost
|-boost|p2a: Porygon2|atk|1
|move|p1b: Amoonguss|Rage Powder|p1b: Amoonguss
|-singleturn|p1b: Amoonguss|move: Rage Powder
|move|p2b: Flamigo|Close Combat|p1b: Amoonguss
|-resisted|p1b: Amoonguss
|-damage|p1b: Amoonguss|78/100
|-unboost|p2b: Flamigo|def|1
|-unboost|p2b: Flamigo|spd|1
|move|p1a: Incineroar|Parting Shot|p2a: Porygon2
|-unboost|p2a: Porygon2|atk|1
|-unboost|p2a: Porygon2|spa|1
|
|t:|1756836087
|switch|p1a: Politoed|Politoed, L50, M, shiny|100/100|[from] Parting Shot
|-weather|RainDance|[from] ability: Drizzle|[of] p1a: Politoed
|
|-weather|RainDance|[upkeep]
|upkeep
|turn|3
|inactive|blade2049 has 30 seconds left.
|inactive|KChiefs7 has 30 seconds left.
|
|t:|1756836115
|switch|p2b: Ursaluna|Ursaluna, L50, M|100/100 brn
|move|p1b: Amoonguss|Rage Powder|p1b: Amoonguss
|-singleturn|p1b: Amoonguss|move: Rage Powder
|move|p1a: Politoed|Weather Ball|p2b: Ursaluna
|-supereffective|p2b: Ursaluna
|-damage|p2b: Ursaluna|22/100 brn
|move|p2a: Porygon2|Trick Room|p2a: Porygon2
|-fieldstart|move: Trick Room|[of] p2a: Porygon2
|
|-weather|RainDance|[upkeep]
|-damage|p2b: Ursaluna|16/100 brn|[from] brn
|upkeep
|turn|4
|inactive|blade2049 has 30 seconds left.
|inactive|blade2049 has 20 seconds left.
|inactive|KChiefs7 has 30 seconds left.
|
|t:|1756836158
|move|p2b: Ursaluna|Protect|p2b: Ursaluna
|-singleturn|p2b: Ursaluna|Protect
|move|p1a: Politoed|Protect|p1a: Politoed
|-singleturn|p1a: Politoed|Protect
|move|p1b: Amoonguss|Spore|p2b: Ursaluna
|-activate|p2b: Ursaluna|move: Protect
|move|p2a: Porygon2|Ice Beam|p1b: Amoonguss
|-supereffective|p1b: Amoonguss
|-damage|p1b: Amoonguss|47/100
|-enditem|p1b: Amoonguss|Sitrus Berry|[eat]
|-heal|p1b: Amoonguss|72/100|[from] item: Sitrus Berry
|
|-weather|RainDance|[upkeep]
|-damage|p2b: Ursaluna|10/100 brn|[from] brn
|upkeep
|turn|5
|inactive|blade2049 has 30 seconds left.
|inactive|KChiefs7 has 30 seconds left.
|inactive|blade2049 has 20 seconds left.
|inactive|KChiefs7 has 20 seconds left.
|inactive|blade2049 has 15 seconds left.
|inactive|KChiefs7 has 15 seconds left.
|inactive|blade2049 has 10 seconds left.
|
|t:|1756836207
|switch|p2b: Incineroar|Incineroar, L50, F|100/100
|-ability|p2b: Incineroar|Intimidate|boost
|-unboost|p1a: Politoed|atk|1
|-unboost|p1b: Amoonguss|atk|1
|switch|p2a: Flamigo|Flamigo, L50, F|100/100
|move|p1b: Amoonguss|Pollen Puff|p2b: Incineroar
|-damage|p2b: Incineroar|83/100
|move|p1a: Politoed|Perish Song|p1a: Politoed
|-start|p1a: Politoed|perish3|[silent]
|-start|p1b: Amoonguss|perish3|[silent]
|-start|p2a: Flamigo|perish3|[silent]
|-start|p2b: Incineroar|perish3|[silent]
|-fieldactivate|move: Perish Song
|
|-weather|RainDance|[upkeep]
|-start|p1b: Amoonguss|perish3
|-start|p1a: Politoed|perish3
|-start|p2b: Incineroar|perish3
|-start|p2a: Flamigo|perish3
|upkeep
|turn|6
|inactive|blade2049 has 30 seconds left.
|inactive|KChiefs7 has 30 seconds left.
|inactive|KChiefs7 has 20 seconds left.
|
|t:|1756836243
|switch|p1a: Gothitelle|Gothitelle, L50, F, shiny|100/100
|move|p2b: Incineroar|Fake Out|p1b: Amoonguss
|-damage|p1b: Amoonguss|62/100
|cant|p1b: Amoonguss|flinch
|move|p2a: Flamigo|Dual Wingbeat|p1b: Amoonguss
|-supereffective|p1b: Amoonguss
|-damage|p1b: Amoonguss|27/100
|-supereffective|p1b: Amoonguss
|-damage|p1b: Amoonguss|0 fnt
|faint|p1b: Amoonguss
|-hitcount|p1: Amoonguss|2
|
|-weather|none
|-start|p2b: Incineroar|perish2
|-start|p2a: Flamigo|perish2
|upkeep
|inactive|blade2049 has 30 seconds left.
|
|t:|1756836272
|switch|p1b: Politoed|Politoed, L50, M, shiny|100/100
|-weather|RainDance|[from] ability: Drizzle|[of] p1b: Politoed
|turn|7
|inactive|KChiefs7 has 30 seconds left.
|
|t:|1756836305
|-terastallize|p2b: Incineroar|Ghost
|move|p1a: Gothitelle|Psychic|p2a: Flamigo
|-supereffective|p2a: Flamigo
|-enditem|p2a: Flamigo|Focus Sash
|-damage|p2a: Flamigo|1/100
|move|p1b: Politoed|Weather Ball|p2b: Incineroar
|-damage|p2b: Incineroar|34/100
|move|p2b: Incineroar|Knock Off|p1a: Gothitelle
|-supereffective|p1a: Gothitelle
|-damage|p1a: Gothitelle|22/100
|-enditem|p1a: Gothitelle|Leftovers|[from] move: Knock Off|[of] p2b: Incineroar
|move|p2a: Flamigo|Close Combat|p1a: Gothitelle
|-resisted|p1a: Gothitelle
|-damage|p1a: Gothitelle|0 fnt
|-unboost|p2a: Flamigo|def|1
|-unboost|p2a: Flamigo|spd|1
|faint|p1a: Gothitelle
|
|-weather|RainDance|[upkeep]
|-start|p2b: Incineroar|perish1
|-start|p2a: Flamigo|perish1
|-fieldend|move: Trick Room
|upkeep
|
|t:|1756836329
|switch|p1a: Incineroar|Incineroar, L50, F|100/100
|-ability|p1a: Incineroar|Intimidate|boost
|-fail|p2a: Flamigo|unboost|Attack|[from] ability: Scrappy|[of] p2a: Flamigo
|-unboost|p2b: Incineroar|atk|1
|turn|8
|inactive|blade2049 has 30 seconds left.
|inactive|KChiefs7 has 30 seconds left.
|inactive|KChiefs7 has 20 seconds left.
|inactive|blade2049 has 20 seconds left.
|inactive|blade2049 has 15 seconds left.
|
|t:|1756836376
|switch|p2a: Porygon2|Porygon2, L50|100/100
|-ability|p2a: Porygon2|Download|boost
|-boost|p2a: Porygon2|atk|1
|move|p1a: Incineroar|Protect|p1a: Incineroar
|-singleturn|p1a: Incineroar|Protect
|move|p2b: Incineroar|Knock Off|p1b: Politoed
|-damage|p1b: Politoed|74/100
|-enditem|p1b: Politoed|Mental Herb|[from] move: Knock Off|[of] p2b: Incineroar
|move|p1b: Politoed|Weather Ball|p2b: Incineroar
|-damage|p2b: Incineroar|0 fnt
|faint|p2b: Incineroar
|
|-weather|RainDance|[upkeep]
|upkeep
|
|t:|1756836396
|switch|p2b: Ursaluna|Ursaluna, L50, M|10/100 brn
|turn|9
|
|t:|1756836417
|switch|p2b: Flamigo|Flamigo, L50, F|1/100
|move|p1b: Politoed|Protect|p1b: Politoed
|-singleturn|p1b: Politoed|Protect
|move|p1a: Incineroar|Protect|p1a: Incineroar
|-singleturn|p1a: Incineroar|Protect
|move|p2a: Porygon2|Trick Room|p2a: Porygon2
|-fieldstart|move: Trick Room|[of] p2a: Porygon2
|
|-weather|RainDance|[upkeep]
|upkeep
|turn|10
|inactive|KChiefs7 has 30 seconds left.
|
|t:|1756836443
|move|p2a: Porygon2|Tera Blast|p1b: Politoed
|-damage|p1b: Politoed|36/100
|move|p1a: Incineroar|Knock Off|p2a: Porygon2
|-damage|p2a: Porygon2|75/100
|-enditem|p2a: Porygon2|Eviolite|[from] move: Knock Off|[of] p1a: Incineroar
|move|p1b: Politoed|Weather Ball|p2b: Flamigo
|-damage|p2b: Flamigo|0 fnt
|faint|p2b: Flamigo
|
|-weather|RainDance|[upkeep]
|upkeep
|
|t:|1756836451
|switch|p2b: Ursaluna|Ursaluna, L50, M|10/100 brn
|turn|11
|
|t:|1756836468
|move|p1a: Incineroar|Protect|p1a: Incineroar
|-singleturn|p1a: Incineroar|Protect
|move|p1b: Politoed|Protect|p1b: Politoed
|-singleturn|p1b: Politoed|Protect
|move|p2b: Ursaluna|Earthquake|p1a: Incineroar|[spread] p2a
|-activate|p1a: Incineroar|move: Protect
|-activate|p1b: Politoed|move: Protect
|-damage|p2a: Porygon2|14/100
|move|p2a: Porygon2|Recover|p2a: Porygon2
|-heal|p2a: Porygon2|64/100
|
|-weather|none
|-damage|p2b: Ursaluna|4/100 brn|[from] brn
|upkeep
|turn|12
|inactive|blade2049 has 30 seconds left.
|inactive|blade2049 has 20 seconds left.
|c|☆KChiefs7|What a game
|
|t:|1756836503
|-terastallize|p1a: Incineroar|Ghost
|move|p2b: Ursaluna|Earthquake|p1a: Incineroar|[spread] p2a,p1a,p1b
|-damage|p2a: Porygon2|3/100
|-damage|p1a: Incineroar|38/100
|-damage|p1b: Politoed|0 fnt
|faint|p1b: Politoed
|move|p2a: Porygon2|Recover|p2a: Porygon2
|-heal|p2a: Porygon2|53/100
|move|p1a: Incineroar|Knock Off|p2a: Porygon2
|-damage|p2a: Porygon2|28/100
|
|-damage|p2b: Ursaluna|0 fnt|[from] brn
|faint|p2b: Ursaluna
|upkeep
|turn|13
|
|t:|1756836530
|move|p1a: Incineroar|Protect|p1a: Incineroar
|-singleturn|p1a: Incineroar|Protect
|move|p2a: Porygon2|Recover|p2a: Porygon2
|-heal|p2a: Porygon2|78/100
|
|-fieldend|move: Trick Room
|upkeep
|turn|14
|inactive|blade2049 has 30 seconds left.
|inactive|KChiefs7 has 30 seconds left.
|
|t:|1756836556
|move|p1a: Incineroar|Knock Off|p2a: Porygon2
|-damage|p2a: Porygon2|51/100
|move|p2a: Porygon2|Ice Beam|p1a: Incineroar
|-damage|p1a: Incineroar|18/100
|-status|p1a: Incineroar|frz
|
|upkeep
|turn|15
|inactive|blade2049 has 25 seconds left this turn.
|inactive|blade2049 has 20 seconds left.
|-message|blade2049 forfeited.
|raw|blade2049's rating: 1064 → 1045(-19 for losing)
|raw|KChiefs7's rating: 1083 → 1109(+26 for winning)
|
|win|KChiefs7
|l|☆blade2049
|player|p1|
|c|☆KChiefs7|GG bro!
