|j|☆Qwertyyy123
|j|☆new mental
|html|Qwertyyy123new mental    
|uhtml|bestof|Game 1 of a best-of-3
|t:|1784477427
|gametype|doubles
|player|p1|Qwertyyy123|morty|1181
|player|p2|new mental|volkner|1297
|gen|9
|tier|[Gen 9 Champions] VGC 2026 Reg M-B (Bo3)
|rated|
|rule|Species Clause: Limit one of each Pokémon
|rule|Item Clause: Limit 1 of each item
|clearpoke
|poke|p1|Lopunny, L50, M|
|poke|p1|Gyarados, L50, F|
|poke|p1|Venusaur, L50, F|
|poke|p1|Arcanine-Hisui, L50, M|
|poke|p1|Whimsicott, L50, M|
|poke|p1|Snorlax, L50, F|
|poke|p2|Aerodactyl, L50, M|
|poke|p2|Garchomp, L50, M|
|poke|p2|Kingambit, L50, M|
|poke|p2|Charizard, L50, F|
|poke|p2|Sylveon, L50, M|
|poke|p2|Farigiraf, L50, M|
|teampreview|4
|showteam|p1|Lopunny||Lopunnite|CuteCharm|CloseCombat,FakeOut,Encore,IcePunch|Adamant||M|||50|]Gyarados||ExpertBelt|Intimidate|Waterfall,Crunch,IceFang,StoneEdge|Adamant||F|||50|]Venusaur||LifeOrb|Chlorophyll|SludgeBomb,EnergyBall,SleepPowder,Protect|Modest||F|||50|]Arcanine-Hisui||FocusSash|RockHead|HeadSmash,FlareBlitz,ExtremeSpeed,Protect|Jolly||M|||50|]Whimsicott||OccaBerry|Prankster|Moonblast,Encore,Tailwind,Protect|Timid||M|||50|]Snorlax||SitrusBerry|ThickFat|Earthquake,DoubleEdge,BrickBreak,Crunch|Brave||F|||50|
|showteam|p2|Aerodactyl||Aerodactylite|Unnerve|IceFang,RockSlide,Tailwind,DualWingbeat|Jolly||M|||50|]Garchomp||LifeOrb|RoughSkin|DragonClaw,RockSlide,Earthquake,Protect|Jolly||M|||50|]Kingambit||FocusSash|Defiant|SuckerPunch,KowtowCleave,IronHead,LowKick|Adamant||M|||50|]Charizard||CharizarditeY|SolarPower|Protect,WeatherBall,HeatWave,SolarBeam|Modest||F|||50|]Sylveon||FairyFeather|Pixilate|Protect,HyperVoice,HyperBeam,QuickAttack|Modest||M|||50|]Farigiraf||SitrusBerry|ArmorTail|TrickRoom,Thunderbolt,Roar,Psychic|Bold||M|||50|
|
|t:|1784477500
|teamsize|p1|4
|teamsize|p2|4
|start
|switch|p1a: Snorlax|Snorlax, L50, F|100/100
|switch|p1b: Arcanine|Arcanine-Hisui, L50, M|100/100
|switch|p2a: Garchomp|Garchomp, L50, M|100/100
|switch|p2b: Farigiraf|Farigiraf, L50, M|100/100
|turn|1
|
|t:|1784477516
|switch|p2b: Charizard|Charizard, L50, F|100/100
|move|p1b: Arcanine|Protect|p1b: Arcanine
|-singleturn|p1b: Arcanine|Protect
|move|p2a: Garchomp|Earthquake|p1b: Arcanine|[spread] p1a
|-activate|p1b: Arcanine|move: Protect
|-immune|p2b: Charizard
|-damage|p1a: Snorlax|64/100
|-damage|p2a: Garchomp|90/100|[from] item: Life Orb
|move|p1a: Snorlax|Crunch|p2b: Charizard
|-damage|p2b: Charizard|74/100
|
|upkeep
|turn|2
|inactive|Battle timer is ON: inactive players will automatically lose when time's up. (requested by new mental)
|
|t:|1784477557
|detailschange|p2b: Charizard|Charizard-Mega-Y, L50, F
|-mega|p2b: Charizard|Charizard|Charizardite Y
|-weather|SunnyDay|[from] ability: Drought|[of] p2b: Charizard
|move|p2a: Garchomp|Earthquake|p1b: Arcanine|[spread] p1a,p1b
|-immune|p2b: Charizard
|-supereffective|p1b: Arcanine|2
|-damage|p1a: Snorlax|27/100
|-enditem|p1b: Arcanine|Focus Sash
|-damage|p1b: Arcanine|1/100
|-enditem|p1a: Snorlax|Sitrus Berry|[eat]
|-heal|p1a: Snorlax|52/100|[from] item: Sitrus Berry
|-damage|p2a: Garchomp|80/100|[from] item: Life Orb
|move|p1b: Arcanine|Head Smash|p2b: Charizard
|-supereffective|p2b: Charizard|2
|-damage|p2b: Charizard|0 fnt
|faint|p2b: Charizard
|move|p1a: Snorlax|Double-Edge|p2a: Garchomp
|-damage|p2a: Garchomp|27/100
|-damage|p1a: Snorlax|39/100|[from] ability: Rough Skin|[of] p2a: Garchomp
|-damage|p1a: Snorlax|27/100|[from] Recoil
|
|-weather|SunnyDay|[upkeep]
|upkeep
|
|t:|1784477574
|switch|p2b: Farigiraf|Farigiraf, L50, M|100/100
|turn|3
|
|t:|1784477590
|move|p1b: Arcanine|Protect|p1b: Arcanine
|-singleturn|p1b: Arcanine|Protect
|move|p2a: Garchomp|Rock Slide|p1b: Arcanine|[spread] 
|-activate|p1b: Arcanine|move: Protect
|-miss|p2a: Garchomp|p1a: Snorlax
|move|p1a: Snorlax|Earthquake|p2b: Farigiraf|[spread] p2a,p2b
|-activate|p1b: Arcanine|move: Protect
|-damage|p2a: Garchomp|4/100
|-damage|p2b: Farigiraf|83/100
|move|p2b: Farigiraf|Trick Room|p2b: Farigiraf
|-fieldstart|move: Trick Room|[of] p2b: Farigiraf
|
|-weather|SunnyDay|[upkeep]
|upkeep
|turn|4
|inactive|Qwertyyy123 has 30 seconds left.
|
|t:|1784477619
|switch|p1b: Whimsicott|Whimsicott, L50, M|100/100
|move|p1a: Snorlax|Earthquake|p2b: Farigiraf|[spread] p1b,p2a,p2b
|-resisted|p1b: Whimsicott|1
|-damage|p1b: Whimsicott|83/100
|-damage|p2a: Garchomp|0 fnt
|-damage|p2b: Farigiraf|66/100
|faint|p2a: Garchomp
|move|p2b: Farigiraf|Psychic|p1b: Whimsicott
|-damage|p1b: Whimsicott|36/100
|-unboost|p1b: Whimsicott|spd|1
|
|-weather|SunnyDay|[upkeep]
|upkeep
|
|t:|1784477625
|switch|p2a: Sylveon|Sylveon, L50, M|100/100
|turn|5
|
|t:|1784477643
|move|p1b: Whimsicott|Protect|p1b: Whimsicott
|-singleturn|p1b: Whimsicott|Protect
|move|p1a: Snorlax|Double-Edge|p2b: Farigiraf
|-damage|p2b: Farigiraf|22/100
|-enditem|p2b: Farigiraf|Sitrus Berry|[eat]
|-heal|p2b: Farigiraf|47/100|[from] item: Sitrus Berry
|-damage|p1a: Snorlax|15/100|[from] Recoil
|move|p2b: Farigiraf|Psychic|p1a: Snorlax
|-damage|p1a: Snorlax|0 fnt
|faint|p1a: Snorlax
|move|p2a: Sylveon|Hyper Voice|p1b: Whimsicott
|-activate|p1b: Whimsicott|move: Protect
|
|-weather|SunnyDay|[upkeep]
|upkeep
|
|t:|1784477659
|switch|p1a: Arcanine|Arcanine-Hisui, L50, M|1/100
|turn|6
|
|t:|1784477664
|move|p1a: Arcanine|Protect|p1a: Arcanine
|-singleturn|p1a: Arcanine|Protect
|move|p2b: Farigiraf|Psychic|p1b: Whimsicott
|-damage|p1b: Whimsicott|0 fnt
|faint|p1b: Whimsicott
|move|p2a: Sylveon|Hyper Voice|p1a: Arcanine
|-activate|p1a: Arcanine|move: Protect
|
|-weather|none
|upkeep
|
|t:|1784477675
|switch|p1b: Lopunny|Lopunny, L50, M|100/100
|turn|7
|-message|Qwertyyy123 forfeited.
|
|win|new mental
