|j|☆pinogrezzo
|j|☆ferpshowdown
|html|pinogrezzoferpshowdown    
|uhtml|bestof|Game 2 of a best-of-3
|t:|1784281549
|gametype|doubles
|player|p1|pinogrezzo|101|1233
|player|p2|ferpshowdown|lucas|1249
|gen|9
|tier|[Gen 9 Champions] VGC 2026 Reg M-B (Bo3)
|rated|
|rule|Species Clause: Limit one of each Pokémon
|rule|Item Clause: Limit 1 of each item
|clearpoke
|poke|p1|Staraptor, L50, M, shiny|
|poke|p1|Metagross, L50, shiny|
|poke|p1|Primarina, L50, F, shiny|
|poke|p1|Ceruledge, L50, M, shiny|
|poke|p1|Grimmsnarl, L50, M, shiny|
|poke|p1|Glimmora, L50, F, shiny|
|poke|p2|Charizard, L50, M|
|poke|p2|Garchomp, L50, M|
|poke|p2|Aerodactyl, L50, M|
|poke|p2|Farigiraf, L50, M|
|poke|p2|Kingambit, L50, F|
|poke|p2|Sylveon, L50, F|
|teampreview|4
|showteam|p1|Staraptor||Staraptite|Intimidate|Protect,CloseCombat,DualWingbeat,Roost|Adamant||M|||50|]Metagross||Metagrossite|ClearBody|Protect,IronHead,PsychicFangs,StompingTantrum|Jolly|||||50|]Primarina||MysticWater|LiquidVoice|Protect,Moonblast,HyperVoice,EnergyBall|Modest||F|||50|]Ceruledge||ColburBerry|FlashFire|Protect,BulkUp,BitterBlade,ShadowSneak|Adamant||M|||50|]Grimmsnarl||LightClay|Prankster|PartingShot,SpiritBreak,LightScreen,Reflect|Careful||M|||50|]Glimmora||FocusSash|ToxicDebris|SpikyShield,PowerGem,SludgeBomb,EarthPower|Modest||F|||50|
|showteam|p2|Charizard||CharizarditeY|Blaze|HeatWave,WeatherBall,SolarBeam,Protect|Modest||M|||50|]Garchomp||LifeOrb|RoughSkin|DragonClaw,Earthquake,RockSlide,Protect|Jolly||M|||50|]Aerodactyl||Aerodactylite|RockHead|RockSlide,IceFang,Tailwind,WideGuard|Jolly||M|||50|]Farigiraf||SitrusBerry|ArmorTail|PsychicFangs,Thunderbolt,SunnyDay,TrickRoom|Relaxed||M|||50|]Kingambit||FocusSash|Defiant|KowtowCleave,IronHead,SuckerPunch,LowKick|Adamant||F|||50|]Sylveon||FairyFeather|Pixilate|HyperVoice,HyperBeam,QuickAttack,Detect|Modest||F|||50|
|inactive|Battle timer is ON: inactive players will automatically lose when time's up. (requested by pinogrezzo)
|
|t:|1784281587
|teamsize|p1|4
|teamsize|p2|4
|start
|switch|p1a: Staraptor|Staraptor, L50, M, shiny|100/100
|switch|p1b: Grimmsnarl|Grimmsnarl, L50, M, shiny|100/100
|switch|p2a: Aerodactyl|Aerodactyl, L50, M|100/100
|switch|p2b: Sylveon|Sylveon, L50, F|100/100
|-ability|p1a: Staraptor|Intimidate|boost
|-unboost|p2a: Aerodactyl|atk|1
|-unboost|p2b: Sylveon|atk|1
|turn|1
|
|t:|1784281604
|detailschange|p2a: Aerodactyl|Aerodactyl-Mega, L50, M
|-mega|p2a: Aerodactyl|Aerodactyl|Aerodactylite
|detailschange|p1a: Staraptor|Staraptor-Mega, L50, M, shiny
|-mega|p1a: Staraptor|Staraptor|Staraptite
|move|p1b: Grimmsnarl|Light Screen|p1b: Grimmsnarl
|-sidestart|p1: pinogrezzo|move: Light Screen
|move|p2a: Aerodactyl|Tailwind|p2a: Aerodactyl
|-sidestart|p2: ferpshowdown|move: Tailwind
|move|p2b: Sylveon|Hyper Voice|p1a: Staraptor|[spread] p1a,p1b
|-supereffective|p1a: Staraptor|1
|-supereffective|p1b: Grimmsnarl|1
|-damage|p1a: Staraptor|21/100
|-damage|p1b: Grimmsnarl|50/100y
|move|p1a: Staraptor|Close Combat|p2b: Sylveon
|-resisted|p2b: Sylveon|1
|-damage|p2b: Sylveon|59/100
|-boost|p1a: Staraptor|def|1
|-boost|p1a: Staraptor|spd|1
|
|upkeep
|turn|2
|inactive|ferpshowdown has 30 seconds left.
|
|t:|1784281637
|move|p1a: Staraptor|Protect|p1a: Staraptor
|-singleturn|p1a: Staraptor|Protect
|move|p1b: Grimmsnarl|Reflect|p1b: Grimmsnarl
|-sidestart|p1: pinogrezzo|Reflect
|move|p2a: Aerodactyl|Rock Slide|p1a: Staraptor|[spread] p1b
|-activate|p1a: Staraptor|move: Protect
|-damage|p1b: Grimmsnarl|32/100
|move|p2b: Sylveon|Hyper Voice|p1a: Staraptor|[spread] p1b
|-activate|p1a: Staraptor|move: Protect
|-supereffective|p1b: Grimmsnarl|1
|-damage|p1b: Grimmsnarl|0 fnt
|faint|p1b: Grimmsnarl
|
|upkeep
|
|t:|1784281642
|switch|p1b: Primarina|Primarina, L50, F, shiny|100/100
|turn|3
|
|t:|1784281660
|move|p2a: Aerodactyl|Wide Guard|p2a: Aerodactyl
|-singleturn|p2a: Aerodactyl|Wide Guard
|move|p2b: Sylveon|Hyper Voice|p1b: Primarina|[spread] p1a,p1b
|-supereffective|p1a: Staraptor|1
|-damage|p1a: Staraptor|0 fnt
|-damage|p1b: Primarina|71/100
|faint|p1a: Staraptor
|move|p1b: Primarina|Moonblast|p2a: Aerodactyl
|-damage|p2a: Aerodactyl|39/100
|
|upkeep
|
|t:|1784281664
|switch|p1a: Ceruledge|Ceruledge, L50, M, shiny|100/100
|turn|4
|
|t:|1784281674
|move|p2a: Aerodactyl|Rock Slide|p1b: Primarina|[spread] p1a
|-miss|p2a: Aerodactyl|p1b: Primarina
|-supereffective|p1a: Ceruledge|1
|-damage|p1a: Ceruledge|68/100
|move|p2b: Sylveon|Hyper Voice|p1a: Ceruledge|[spread] p1a,p1b
|-resisted|p1a: Ceruledge|1
|-damage|p1a: Ceruledge|53/100
|-damage|p1b: Primarina|45/100
|move|p1a: Ceruledge|Bulk Up|p1a: Ceruledge
|-boost|p1a: Ceruledge|atk|1
|-boost|p1a: Ceruledge|def|1
|move|p1b: Primarina|Hyper Voice|p2a: Aerodactyl|[spread] p2a,p2b
|-supereffective|p2a: Aerodactyl|1
|-damage|p2a: Aerodactyl|0 fnt
|-damage|p2b: Sylveon|21/100
|faint|p2a: Aerodactyl
|
|-sideend|p2: ferpshowdown|move: Tailwind
|upkeep
|
|t:|1784281694
|switch|p2a: Kingambit|Kingambit, L50, F|100/100
|turn|5
|
|t:|1784281700
|move|p2a: Kingambit|Sucker Punch|p1a: Ceruledge
|-supereffective|p1a: Ceruledge|1
|-enditem|p1a: Ceruledge|Colbur Berry|[eat]
|-enditem|p1a: Ceruledge|Colbur Berry|[weaken]
|-damage|p1a: Ceruledge|30/100
|move|p1a: Ceruledge|Bitter Blade|p2a: Kingambit
|-supereffective|p2a: Kingambit|1
|-enditem|p2a: Kingambit|Focus Sash
|-damage|p2a: Kingambit|1/100
|-heal|p1a: Ceruledge|78/100|[from] drain|[of] p2a: Kingambit
|move|p2b: Sylveon|Hyper Beam|p1b: Primarina
|-damage|p1b: Primarina|0 fnt
|-mustrecharge|p2b: Sylveon
|faint|p1b: Primarina
|
|upkeep
|turn|6
|
|t:|1784281715
|move|p1a: Ceruledge|Shadow Sneak|p2a: Kingambit
|-resisted|p2a: Kingambit|1
|-damage|p2a: Kingambit|0 fnt
|faint|p2a: Kingambit
|cant|p2b: Sylveon|recharge
|
|upkeep
|
|t:|1784281720
|switch|p2a: Garchomp|Garchomp, L50, M|100/100
|turn|7
|
|t:|1784281740
|move|p2a: Garchomp|Rock Slide|p1a: Ceruledge|[miss]
|-miss|p2a: Garchomp|p1a: Ceruledge
|move|p1a: Ceruledge|Bitter Blade|p2a: Garchomp
|-resisted|p2a: Garchomp|1
|-damage|p2a: Garchomp|61/100
|-heal|p1a: Ceruledge|97/100|[from] drain|[of] p2a: Garchomp
|-damage|p1a: Ceruledge|85/100|[from] ability: Rough Skin|[of] p2a: Garchomp
|move|p2b: Sylveon|Hyper Beam|p1a: Ceruledge
|-resisted|p1a: Ceruledge|1
|-damage|p1a: Ceruledge|53/100
|-mustrecharge|p2b: Sylveon
|
|upkeep
|turn|8
|
|t:|1784281753
|move|p2a: Garchomp|Rock Slide|p1a: Ceruledge
|-supereffective|p1a: Ceruledge|1
|-damage|p1a: Ceruledge|19/100
|-damage|p2a: Garchomp|51/100|[from] item: Life Orb
|move|p1a: Ceruledge|Bitter Blade|p2b: Sylveon
|-damage|p2b: Sylveon|0 fnt
|-heal|p1a: Ceruledge|30/100|[from] drain|[of] p2b: Sylveon
|faint|p2b: Sylveon
|
|-sideend|p1: pinogrezzo|move: Light Screen
|upkeep
|turn|9
|
|t:|1784281766
|move|p1a: Ceruledge|Shadow Sneak|p2a: Garchomp
|-damage|p2a: Garchomp|15/100
|-damage|p1a: Ceruledge|18/100|[from] ability: Rough Skin|[of] p2a: Garchomp
|move|p2a: Garchomp|Earthquake|p1a: Ceruledge
|-supereffective|p1a: Ceruledge|1
|-damage|p1a: Ceruledge|0 fnt
|faint|p1a: Ceruledge
|-damage|p2a: Garchomp|5/100|[from] item: Life Orb
|
|win|ferpshowdown
||pinogrezzo is ready for game 3.
||ferpshowdown is ready for game 3.
|uhtml|next|Next: Game 3 of 3
|l|☆pinogrezzo
|player|p1|
