|j|☆huntr/x rumi
|j|☆TheMarrsterVGC
|html|huntr/x rumiTheMarrsterVGC    
|uhtml|bestof|Game 1 of a best-of-3
|t:|1756401035
|gametype|doubles
|player|p1|huntr/x rumi|guitarist|1275
|player|p2|TheMarrsterVGC|266|1233
|gen|9
|tier|[Gen 9] VGC 2025 Reg H (Bo3)
|rated|
|rule|Species Clause: Limit one of each Pokémon
|rule|Item Clause: Limit 1 of each item
|clearpoke
|poke|p1|Grimmsnarl, L50, M|
|poke|p1|Incineroar, L50, F|
|poke|p1|Gliscor, L50, M|
|poke|p1|Archaludon, L50, F|
|poke|p1|Sinistcha, L50|
|poke|p1|Pelipper, L50, F|
|poke|p2|Ursaluna, L50, M|
|poke|p2|Pelipper, L50, F|
|poke|p2|Archaludon, L50, F|
|poke|p2|Sinistcha, L50|
|poke|p2|Dragonite, L50, F|
|poke|p2|Gholdengo, L50|
|teampreview|4
|showteam|p1|Grimmsnarl||LightClay|Prankster|SpiritBreak,Reflect,LightScreen,ThunderWave|||M|||50|,,,,,Ghost]Incineroar||SafetyGoggles|Intimidate|FlareBlitz,KnockOff,FakeOut,PartingShot|||F|||50|,,,,,Ghost]Gliscor||ToxicOrb|PoisonHeal|DualWingbeat,HighHorsepower,SwordsDance,Protect|||M|||50|,,,,,Water]Archaludon||PowerHerb|Stalwart|ElectroShot,DracoMeteor,Thunderbolt,Protect|||F|||50|,,,,,Electric]Sinistcha||AssaultVest|Hospitality|MatchaGotcha,ShadowBall,Scald,Hex||||||50|,,,,,Water]Pelipper||FocusSash|Drizzle|WeatherBall,Hurricane,Tailwind,Protect|||F|||50|,,,,,Ghost
|showteam|p2|Ursaluna||FlameOrb|Guts|Facade,HeadlongRush,Earthquake,Protect|||M|||50|,,,,,Ghost]Pelipper||FocusSash|Drizzle|MuddyWater,Hurricane,Tailwind,Protect|||F|||50|,,,,,Ghost]Archaludon||AssaultVest|Stamina|ElectroShot,Snarl,BodyPress,DragonPulse|||F|||50|,,,,,Grass]Sinistcha||SitrusBerry|Hospitality|MatchaGotcha,RagePowder,TrickRoom,LifeDew||||||50|,,,,,Dark]Dragonite||LoadedDice|Multiscale|ScaleShot,Tailwind,Haze,Protect|||F|||50|,,,,,Fairy]Gholdengo||ChoiceScarf|GoodasGold|MakeItRain,ShadowBall,PowerGem,Trick||||||50|,,,,,Steel
|
|t:|1756401081
|teamsize|p1|4
|teamsize|p2|4
|start
|switch|p1a: Grimmsnarl|Grimmsnarl, L50, M|100/100
|switch|p1b: Archaludon|Archaludon, L50, F, shiny|100/100
|switch|p2a: Dragonite|Dragonite, L50, F|100/100
|switch|p2b: Gholdengo|Gholdengo, L50|100/100
|turn|1
|
|t:|1756401110
|switch|p2a: Archaludon|Archaludon, L50, F|100/100
|switch|p1b: Incineroar|Incineroar, L50, F|100/100
|-ability|p1b: Incineroar|Intimidate|boost
|-unboost|p2a: Archaludon|atk|1
|-unboost|p2b: Gholdengo|atk|1
|-terastallize|p2b: Gholdengo|Steel
|move|p1a: Grimmsnarl|Light Screen|p1a: Grimmsnarl
|-sidestart|p1: huntr/x rumi|move: Light Screen
|move|p2b: Gholdengo|Make It Rain|p1a: Grimmsnarl|[spread] p1a,p1b
|-supereffective|p1a: Grimmsnarl
|-resisted|p1b: Incineroar
|-damage|p1a: Grimmsnarl|12/100
|-damage|p1b: Incineroar|80/100
|-unboost|p2b: Gholdengo|spa|1
|
|upkeep
|turn|2
|
|t:|1756401139
|switch|p2b: Dragonite|Dragonite, L50, F|100/100
|move|p1a: Grimmsnarl|Thunder Wave|p2a: Archaludon
|-status|p2a: Archaludon|par
|move|p1b: Incineroar|Flare Blitz|p2b: Dragonite
|-resisted|p2b: Dragonite
|-damage|p2b: Dragonite|87/100
|-damage|p1b: Incineroar|76/100|[from] Recoil
|move|p2a: Archaludon|Body Press|p1b: Incineroar
|-supereffective|p1b: Incineroar
|-damage|p1b: Incineroar|24/100
|
|upkeep
|turn|3
|
|t:|1756401166
|switch|p2b: Gholdengo|Gholdengo, L50, tera:Steel|100/100
|move|p1a: Grimmsnarl|Reflect|p1a: Grimmsnarl
|-sidestart|p1: huntr/x rumi|Reflect
|move|p1b: Incineroar|Parting Shot|p2a: Archaludon
|-unboost|p2a: Archaludon|atk|1
|-unboost|p2a: Archaludon|spa|1
|
|t:|1756401173
|switch|p1b: Sinistcha|Sinistcha, L50|100/100|[from] Parting Shot
|-heal|p1a: Grimmsnarl|37/100|[from] ability: Hospitality|[of] p1b: Sinistcha
|move|p2a: Archaludon|Body Press|p1a: Grimmsnarl
|-damage|p1a: Grimmsnarl|18/100
|
|upkeep
|turn|4
|
|t:|1756401197
|switch|p2a: Dragonite|Dragonite, L50, F|87/100
|move|p2b: Gholdengo|Make It Rain|p1b: Sinistcha|[spread] p1a,p1b
|-supereffective|p1a: Grimmsnarl
|-crit|p1a: Grimmsnarl
|-damage|p1a: Grimmsnarl|0 fnt
|-damage|p1b: Sinistcha|69/100
|-unboost|p2b: Gholdengo|spa|1
|faint|p1a: Grimmsnarl
|move|p1b: Sinistcha|Hex|p2a: Dragonite
|-damage|p2a: Dragonite|54/100
|
|upkeep
|
|t:|1756401211
|switch|p1a: Archaludon|Archaludon, L50, F, shiny|100/100
|turn|5
|
|t:|1756401242
|switch|p2b: Archaludon|Archaludon, L50, F|100/100 par
|-terastallize|p1a: Archaludon|Electric
|move|p2a: Dragonite|Tailwind|p2a: Dragonite
|-sidestart|p2: TheMarrsterVGC|move: Tailwind
|move|p1a: Archaludon|Electro Shot||[still]
|-prepare|p1a: Archaludon|Electro Shot
|-boost|p1a: Archaludon|spa|1
|-enditem|p1a: Archaludon|Power Herb
|-anim|p1a: Archaludon|Electro Shot|p2a: Dragonite
|-crit|p2a: Dragonite
|-damage|p2a: Dragonite|0 fnt
|faint|p2a: Dragonite
|move|p1b: Sinistcha|Shadow Ball|p2b: Archaludon
|-damage|p2b: Archaludon|76/100 par
|-ability|p2b: Archaludon|Stamina|boost
|-boost|p2b: Archaludon|def|1
|
|upkeep
|
|t:|1756401279
|switch|p2a: Ursaluna|Ursaluna, L50, M|100/100
|turn|6
|
|t:|1756401308
|move|p2a: Ursaluna|Protect|p2a: Ursaluna
|-singleturn|p2a: Ursaluna|Protect
|move|p1a: Archaludon|Draco Meteor|p2b: Archaludon
|-damage|p2b: Archaludon|2/100 par
|-unboost|p1a: Archaludon|spa|2
|-ability|p2b: Archaludon|Stamina|boost
|-boost|p2b: Archaludon|def|1
|move|p2b: Archaludon|Body Press|p1b: Sinistcha
|-immune|p1b: Sinistcha
|move|p1b: Sinistcha|Matcha Gotcha|p2a: Ursaluna|[spread] p2b
|-activate|p2a: Ursaluna|move: Protect
|-resisted|p2b: Archaludon
|-damage|p2b: Archaludon|0 fnt
|-heal|p1b: Sinistcha|70/100|[from] drain|[of] p2b: Archaludon
|faint|p2b: Archaludon
|
|-status|p2a: Ursaluna|brn|[from] item: Flame Orb
|upkeep
|
|t:|1756401322
|switch|p2b: Gholdengo|Gholdengo, L50, tera:Steel|100/100
|turn|7
|
|t:|1756401337
|switch|p1a: Incineroar|Incineroar, L50, F|24/100
|-ability|p1a: Incineroar|Intimidate|boost
|-unboost|p2a: Ursaluna|atk|1
|-unboost|p2b: Gholdengo|atk|1
|move|p2b: Gholdengo|Shadow Ball|p1a: Incineroar
|-resisted|p1a: Incineroar
|-damage|p1a: Incineroar|7/100
|move|p2a: Ursaluna|Headlong Rush|p1a: Incineroar
|-supereffective|p1a: Incineroar
|-damage|p1a: Incineroar|0 fnt
|-unboost|p2a: Ursaluna|def|1
|-unboost|p2a: Ursaluna|spd|1
|faint|p1a: Incineroar
|move|p1b: Sinistcha|Matcha Gotcha|p2b: Gholdengo|[spread] p2a,p2b
|-supereffective|p2a: Ursaluna
|-resisted|p2b: Gholdengo
|-damage|p2a: Ursaluna|8/100 brn
|-heal|p1b: Sinistcha|100/100|[from] drain|[of] p2a: Ursaluna
|-damage|p2b: Gholdengo|85/100
|
|-damage|p2a: Ursaluna|2/100 brn|[from] brn
|upkeep
|
|t:|1756401358
|switch|p1a: Archaludon|Archaludon, L50, F, shiny, tera:Electric|100/100
|turn|8
|inactive|Battle timer is ON: inactive players will automatically lose when time's up. (requested by TheMarrsterVGC)
|
|t:|1756401366
|move|p1a: Archaludon|Protect|p1a: Archaludon
|-singleturn|p1a: Archaludon|Protect
|move|p2b: Gholdengo|Shadow Ball|p1b: Sinistcha
|-supereffective|p1b: Sinistcha
|-damage|p1b: Sinistcha|55/100
|-unboost|p1b: Sinistcha|spd|1
|move|p2a: Ursaluna|Headlong Rush|p1b: Sinistcha
|-resisted|p1b: Sinistcha
|-damage|p1b: Sinistcha|32/100
|-unboost|p2a: Ursaluna|def|1
|-unboost|p2a: Ursaluna|spd|1
|move|p1b: Sinistcha|Matcha Gotcha|p2b: Gholdengo|[spread] p2b
|-miss|p1b: Sinistcha|p2a: Ursaluna
|-resisted|p2b: Gholdengo
|-crit|p2b: Gholdengo
|-damage|p2b: Gholdengo|61/100
|-heal|p1b: Sinistcha|43/100|[from] drain|[of] p2b: Gholdengo
|
|-damage|p2a: Ursaluna|0 fnt|[from] brn
|faint|p2a: Ursaluna
|-sideend|p1: huntr/x rumi|move: Light Screen
|-sideend|p2: TheMarrsterVGC|move: Tailwind
|upkeep
|turn|9
|
|t:|1756401381
|move|p2b: Gholdengo|Shadow Ball|p1a: Archaludon
|-damage|p1a: Archaludon|42/100
|-unboost|p1a: Archaludon|spd|1
|move|p1a: Archaludon|Thunderbolt|p2b: Gholdengo
|-damage|p2b: Gholdengo|2/100
|move|p1b: Sinistcha|Shadow Ball|p2b: Gholdengo
|-damage|p2b: Gholdengo|0 fnt
|faint|p2b: Gholdengo
|
|win|huntr/x rumi
||huntr/x rumi is ready for game 2.
|inactive|TheMarrsterVGC has 30 seconds to confirm battle start!
||TheMarrsterVGC is ready for game 2.
|uhtml|next|Next: Game 2 of 3
|l|☆TheMarrsterVGC
|player|p2|
