|j|☆shiroblast
|j|☆TheMMalt
|html|shiroblastTheMMalt    
|uhtml|bestof|Game 1 of a best-of-3
|t:|1785894470
|gametype|doubles
|player|p1|shiroblast|benga|1181
|player|p2|TheMMalt|doctor|1182
|gen|9
|tier|[Gen 9 Champions] VGC 2026 Reg M-B (Bo3)
|rated|
|rule|Species Clause: Limit one of each Pokémon
|rule|Item Clause: Limit 1 of each item
|clearpoke
|poke|p1|Swampert, L50, F|
|poke|p1|Archaludon, L50, M|
|poke|p1|Tyranitar, L50, M|
|poke|p1|Pelipper, L50, M|
|poke|p1|Mawile, L50, M|
|poke|p1|Sinistcha-Masterpiece, L50|
|poke|p2|Staraptor, L50, M|
|poke|p2|Tyranitar, L50, M|
|poke|p2|Excadrill, L50, M|
|poke|p2|Milotic, L50, F|
|poke|p2|Gholdengo, L50|
|poke|p2|Sinistcha, L50|
|teampreview|4
|showteam|p1|Swampert||Swampertite|Torrent|WaveCrash,IcePunch,Earthquake,Protect|Adamant||F|||50|]Archaludon||Leftovers|Stamina|DragonPulse,ElectroShot,FlashCannon,Protect|Calm||M|||50|]Tyranitar||LifeOrb|SandStream|KnockOff,RockSlide,StompingTantrum,Protect|Jolly||M|||50|]Pelipper||FocusSash|Drizzle|Hurricane,HelpingHand,Tailwind,WideGuard|Timid||M|||50|]Mawile||Mawilite|Intimidate|SuckerPunch,PlayRough,SwordsDance,Protect|Adamant||M|||50|]Sinistcha-Masterpiece||CobaBerry|Hospitality|RagePowder,MatchaGotcha,TrickRoom,Protect|Calm|||||50|
|showteam|p2|Staraptor||Staraptite|Intimidate|BraveBird,CloseCombat,Tailwind,Protect|Jolly||M|||50|]Tyranitar||Tyranitarite|SandStream|RockSlide,KnockOff,LowKick,Protect|Jolly||M|||50|]Excadrill||FocusSash|SandRush|HighHorsepower,IronHead,RockSlide,Protect|Adamant||M|||50|]Milotic||SitrusBerry|Competitive|Scald,IceBeam,IcyWind,Protect|Modest||F|||50|]Gholdengo||LifeOrb|GoodasGold|MakeItRain,ShadowBall,NastyPlot,Protect|Modest|||||50|]Sinistcha||ColburBerry|Hospitality|MatchaGotcha,RagePowder,TrickRoom,Protect|Calm|||||50|
|
|t:|1785894516
|teamsize|p1|4
|teamsize|p2|4
|start
|switch|p1a: Sinistcha|Sinistcha-Masterpiece, L50|100/100
|switch|p1b: Mawile|Mawile, L50, M|100/100
|switch|p2a: Gholdengo|Gholdengo, L50|100/100
|switch|p2b: Tyranitar|Tyranitar, L50, M|100/100
|-weather|Sandstorm|[from] ability: Sand Stream|[of] p2b: Tyranitar
|-ability|p1b: Mawile|Intimidate|boost
|-unboost|p2a: Gholdengo|atk|1
|-unboost|p2b: Tyranitar|atk|1
|turn|1
|
|t:|1785894535
|detailschange|p1b: Mawile|Mawile-Mega, L50, M
|-mega|p1b: Mawile|Mawile|Mawilite
|move|p2b: Tyranitar|Knock Off|p1a: Sinistcha
|-supereffective|p1a: Sinistcha|1
|-damage|p1a: Sinistcha|42/100
|-enditem|p1a: Sinistcha|Coba Berry|[from] move: Knock Off|[of] p2b: Tyranitar
|move|p2a: Gholdengo|Nasty Plot|p2a: Gholdengo
|-boost|p2a: Gholdengo|spa|2
|move|p1b: Mawile|Swords Dance|p1b: Mawile
|-boost|p1b: Mawile|atk|2
|move|p1a: Sinistcha|Trick Room|p1a: Sinistcha
|-fieldstart|move: Trick Room|[of] p1a: Sinistcha
|
|-weather|Sandstorm|[upkeep]
|-damage|p1a: Sinistcha|36/100|[from] Sandstorm
|upkeep
|turn|2
|
|t:|1785894565
|switch|p2b: Sinistcha|Sinistcha, L50|100/100
|move|p2a: Gholdengo|Protect|p2a: Gholdengo
|-singleturn|p2a: Gholdengo|Protect
|move|p1b: Mawile|Play Rough|p2a: Gholdengo
|-activate|p2a: Gholdengo|move: Protect
|move|p1a: Sinistcha|Matcha Gotcha|p2a: Gholdengo|[spread] p2b
|-activate|p2a: Gholdengo|move: Protect
|-resisted|p2b: Sinistcha|1
|-crit|p2b: Sinistcha
|-damage|p2b: Sinistcha|84/100
|-heal|p1a: Sinistcha|44/100|[from] drain|[of] p2b: Sinistcha
|
|-weather|Sandstorm|[upkeep]
|-damage|p1a: Sinistcha|37/100|[from] Sandstorm
|-damage|p2b: Sinistcha|78/100|[from] Sandstorm
|upkeep
|turn|3
|
|t:|1785894587
|move|p1a: Sinistcha|Protect|p1a: Sinistcha
|-singleturn|p1a: Sinistcha|Protect
|move|p2b: Sinistcha|Rage Powder|p2b: Sinistcha
|-singleturn|p2b: Sinistcha|move: Rage Powder
|move|p1b: Mawile|Play Rough|p2b: Sinistcha
|-damage|p2b: Sinistcha|0 fnt
|faint|p2b: Sinistcha
|move|p2a: Gholdengo|Nasty Plot|p2a: Gholdengo
|-boost|p2a: Gholdengo|spa|2
|
|-weather|Sandstorm|[upkeep]
|-damage|p1a: Sinistcha|31/100|[from] Sandstorm
|upkeep
|
|t:|1785894595
|switch|p2b: Excadrill|Excadrill, L50, M|100/100
|turn|4
|
|t:|1785894630
|switch|p1a: Swampert|Swampert, L50, F|100/100
|move|p2a: Gholdengo|Protect|p2a: Gholdengo
|-singleturn|p2a: Gholdengo|Protect
|move|p1b: Mawile|Play Rough|p2b: Excadrill
|-resisted|p2b: Excadrill|1
|-enditem|p2b: Excadrill|Focus Sash
|-damage|p2b: Excadrill|1/100
|move|p2b: Excadrill|Iron Head|p1b: Mawile
|-damage|p1b: Mawile|46/100
|
|-weather|Sandstorm|[upkeep]
|upkeep
|turn|5
|
|t:|1785894650
|move|p1b: Mawile|Protect|p1b: Mawile
|-singleturn|p1b: Mawile|Protect
|move|p2b: Excadrill|Protect|p2b: Excadrill
|-singleturn|p2b: Excadrill|Protect
|move|p1a: Swampert|Earthquake|p2b: Excadrill|[spread] p2a
|-activate|p1b: Mawile|move: Protect
|-activate|p2b: Excadrill|move: Protect
|-supereffective|p2a: Gholdengo|1
|-damage|p2a: Gholdengo|38/100
|move|p2a: Gholdengo|Make It Rain|p1b: Mawile|[spread] p1a
|-activate|p1b: Mawile|move: Protect
|-resisted|p1a: Swampert|1
|-damage|p1a: Swampert|10/100
|-unboost|p2a: Gholdengo|spa|2
|-damage|p2a: Gholdengo|29/100|[from] item: Life Orb
|
|-weather|none
|-fieldend|move: Trick Room
|upkeep
|turn|6
|
|t:|1785894688
|switch|p1b: Pelipper|Pelipper, L50, M|100/100
|-weather|RainDance|[from] ability: Drizzle|[of] p1b: Pelipper
|move|p2a: Gholdengo|Protect|p2a: Gholdengo
|-singleturn|p2a: Gholdengo|Protect
|move|p2b: Excadrill|High Horsepower|p1b: Pelipper
|-immune|p1b: Pelipper
|move|p1a: Swampert|Earthquake|p2b: Excadrill|[spread] p2b
|-activate|p2a: Gholdengo|move: Protect
|-immune|p1b: Pelipper
|-supereffective|p2b: Excadrill|1
|-damage|p2b: Excadrill|0 fnt
|faint|p2b: Excadrill
|
|-weather|RainDance|[upkeep]
|upkeep
|
|t:|1785894691
|switch|p2b: Tyranitar|Tyranitar, L50, M|100/100
|-weather|Sandstorm|[from] ability: Sand Stream|[of] p2b: Tyranitar
|turn|7
|
|t:|1785894711
|switch|p1b: Sinistcha|Sinistcha-Masterpiece, L50|31/100
|-heal|p1a: Swampert|35/100|[from] ability: Hospitality|[of] p1b: Sinistcha
|move|p1a: Swampert|Protect|p1a: Swampert
|-singleturn|p1a: Swampert|Protect
|move|p2b: Tyranitar|Rock Slide|p1a: Swampert|[spread] p1b
|-activate|p1a: Swampert|move: Protect
|-damage|p1b: Sinistcha|4/100
|move|p2a: Gholdengo|Shadow Ball|p1b: Sinistcha
|-supereffective|p1b: Sinistcha|1
|-damage|p1b: Sinistcha|0 fnt
|faint|p1b: Sinistcha
|-damage|p2a: Gholdengo|19/100|[from] item: Life Orb
|
|-weather|Sandstorm|[upkeep]
|upkeep
|
|t:|1785894726
|switch|p1b: Pelipper|Pelipper, L50, M|100/100
|-weather|RainDance|[from] ability: Drizzle|[of] p1b: Pelipper
|turn|8
|
|t:|1785894739
|move|p2a: Gholdengo|Protect|p2a: Gholdengo
|-singleturn|p2a: Gholdengo|Protect
|move|p1b: Pelipper|Wide Guard|p1b: Pelipper
|-singleturn|p1b: Pelipper|Wide Guard
|move|p2b: Tyranitar|Knock Off|p1a: Swampert
|-damage|p1a: Swampert|0 fnt
|faint|p1a: Swampert
|
|-weather|RainDance|[upkeep]
|upkeep
|
|t:|1785894747
|switch|p1a: Mawile|Mawile-Mega, L50, M|46/100
|turn|9
|
|t:|1785894764
|detailschange|p2b: Tyranitar|Tyranitar-Mega, L50, M
|-mega|p2b: Tyranitar|Tyranitar|Tyranitarite
|-weather|Sandstorm|[from] ability: Sand Stream|[of] p2b: Tyranitar
|move|p1a: Mawile|Protect|p1a: Mawile
|-singleturn|p1a: Mawile|Protect
|move|p2b: Tyranitar|Low Kick|p1a: Mawile
|-activate|p1a: Mawile|move: Protect
|move|p1b: Pelipper|Hurricane|p2a: Gholdengo|[miss]
|-miss|p1b: Pelipper|p2a: Gholdengo
|move|p2a: Gholdengo|Shadow Ball|p1a: Mawile
|-activate|p1a: Mawile|move: Protect
|
|-weather|Sandstorm|[upkeep]
|-damage|p1b: Pelipper|94/100|[from] Sandstorm
|upkeep
|turn|10
|
|t:|1785894789
|move|p1a: Mawile|Sucker Punch|p2a: Gholdengo
|-supereffective|p2a: Gholdengo|1
|-damage|p2a: Gholdengo|0 fnt
|faint|p2a: Gholdengo
|move|p2b: Tyranitar|Rock Slide|p1b: Pelipper|[spread] p1a,p1b
|-resisted|p1a: Mawile|1
|-supereffective|p1b: Pelipper|1
|-damage|p1a: Mawile|28/100
|-damage|p1b: Pelipper|6/100
|move|p1b: Pelipper|Hurricane|p2b: Tyranitar
|-resisted|p2b: Tyranitar|1
|-damage|p2b: Tyranitar|85/100
|
|-weather|Sandstorm|[upkeep]
|-damage|p1b: Pelipper|1/100|[from] Sandstorm
|upkeep
|turn|11
|
|t:|1785894844
|move|p1b: Pelipper|Helping Hand|p1a: Mawile
|-singleturn|p1a: Mawile|Helping Hand|[of] p1b: Pelipper
|move|p2b: Tyranitar|Protect|p2b: Tyranitar
|-singleturn|p2b: Tyranitar|Protect
|move|p1a: Mawile|Sucker Punch||[still]
|-fail|p1a: Mawile
|
|-weather|Sandstorm|[upkeep]
|-damage|p1b: Pelipper|0 fnt|[from] Sandstorm
|faint|p1b: Pelipper
|upkeep
|turn|12
|
|t:|1785894854
|move|p1a: Mawile|Sucker Punch|p2b: Tyranitar
|-resisted|p2b: Tyranitar|1
|-damage|p2b: Tyranitar|70/100
|move|p2b: Tyranitar|Knock Off|p1a: Mawile
|-resisted|p1a: Mawile|1
|-crit|p1a: Mawile
|-damage|p1a: Mawile|0 fnt
|faint|p1a: Mawile
|
|win|TheMMalt
||TheMMalt is ready for game 2.
||shiroblast is ready for game 2.
|uhtml|next|Next: Game 2 of 3
|l|☆TheMMalt
|player|p2|
