|j|☆Vuultur
|j|☆ShdaowForece
|html|VuulturShdaowForece    
|uhtml|bestof|Game 3 of a best-of-3
|t:|1754861215
|gametype|doubles
|player|p1|Vuultur|hilbert-wonderlauncher|1242
|player|p2|ShdaowForece|lucas|1140
|gen|9
|tier|[Gen 9] VGC 2025 Reg H (Bo3)
|rated|
|rule|Species Clause: Limit one of each Pokémon
|rule|Item Clause: Limit 1 of each item
|clearpoke
|poke|p1|Pelipper, L50, M|
|poke|p1|Archaludon, L50, M|
|poke|p1|Annihilape, L50, F|
|poke|p1|Maushold, L50|
|poke|p1|Rillaboom, L50, F|
|poke|p1|Basculegion, L50, M|
|poke|p2|Gholdengo, L50|
|poke|p2|Murkrow, L50, F|
|poke|p2|Volcarona, L50, M|
|poke|p2|Sneasler, L50, M|
|poke|p2|Ninetales-Alola, L50, M|
|poke|p2|Garchomp, L50, M|
|teampreview|4
|showteam|p1|Pelipper||FocusSash|Drizzle|WeatherBall,Hurricane,Protect,Tailwind|||M|||50|,,,,,Ghost]Archaludon||AssaultVest|Stamina|ElectroShot,DragonPulse,FlashCannon,BodyPress|||M|||50|,,,,,Grass]Annihilape||SafetyGoggles|Defiant|RageFist,DrainPunch,BulkUp,Protect|||F|||50|,,,,,Fire]Maushold||SitrusBerry|FriendGuard|BeatUp,FollowMe,Taunt,Protect||||||50|,,,,,Ghost]Rillaboom||MiracleSeed|GrassySurge|FakeOut,GrassyGlide,WoodHammer,BulletSeed|||F|||50|,,,,,Fire]Basculegion||ChoiceBand|SwiftSwim|WaveCrash,AquaJet,LastRespects,FlipTurn|||M|||50|,,,,,Water
|showteam|p2|Gholdengo||ChoiceSpecs|GoodasGold|MakeItRain,ShadowBall,Trick,Protect||||||50|,,,,,Steel]Murkrow||Eviolite|Prankster|Tailwind,FoulPlay,FeatherDance,Haze|||F|||50|,,,,,Ghost]Volcarona||Leftovers|FlameBody|HeatWave,TeraBlast,QuiverDance,Protect|||M|||50|,,,,,Fairy]Sneasler||FocusSash|Unburden|DireClaw,CloseCombat,Coaching,FakeOut|||M|||50|,,,,,Stellar]Ninetales-Alola||LightClay|SnowWarning|FreezeDry,Disable,Encore,AuroraVeil|||M|||50|,,,,,Ghost]Garchomp||LifeOrb|RoughSkin|StompingTantrum,DragonClaw,Earthquake,Protect|||M|||50|,,,,,Ground
|
|t:|1754861228
|teamsize|p1|4
|teamsize|p2|4
|start
|switch|p1a: Maushold|Maushold, L50|100/100
|switch|p1b: Annihilape|Annihilape, L50, F|100/100
|switch|p2a: Gholdengo|Gholdengo, L50, shiny|100/100
|switch|p2b: Murkrow|Murkrow, L50, F, shiny|100/100
|turn|1
|
|t:|1754861255
|-terastallize|p2a: Gholdengo|Steel
|-terastallize|p1b: Annihilape|Fire
|move|p1a: Maushold|Protect|p1a: Maushold
|-singleturn|p1a: Maushold|Protect
|move|p2b: Murkrow|Tailwind|p2b: Murkrow
|-sidestart|p2: ShdaowForece|move: Tailwind
|move|p2a: Gholdengo|Make It Rain|p1a: Maushold|[spread] p1b
|-activate|p1a: Maushold|move: Protect
|-resisted|p1b: Annihilape
|-damage|p1b: Annihilape|73/100
|-unboost|p2a: Gholdengo|spa|1
|move|p1b: Annihilape|Drain Punch|p2a: Gholdengo
|-supereffective|p2a: Gholdengo
|-damage|p2a: Gholdengo|20/100
|-heal|p1b: Annihilape|100/100|[from] drain|[of] p2a: Gholdengo
|
|upkeep
|turn|2
|
|t:|1754861283
|switch|p1a: Archaludon|Archaludon, L50, M, shiny|100/100
|move|p2b: Murkrow|Haze|p2b: Murkrow
|-clearallboost
|move|p2a: Gholdengo|Make It Rain|p1a: Archaludon|[spread] p1a,p1b
|-resisted|p1a: Archaludon
|-resisted|p1b: Annihilape
|-damage|p1a: Archaludon|64/100
|-damage|p1b: Annihilape|66/100
|-unboost|p2a: Gholdengo|spa|1
|-ability|p1a: Archaludon|Stamina|boost
|-boost|p1a: Archaludon|def|1
|move|p1b: Annihilape|Drain Punch|p2a: Gholdengo
|-supereffective|p2a: Gholdengo
|-damage|p2a: Gholdengo|0 fnt
|-heal|p1b: Annihilape|74/100|[from] drain|[of] p2a: Gholdengo
|faint|p2a: Gholdengo
|
|upkeep
|
|t:|1754861300
|switch|p2a: Garchomp|Garchomp, L50, M|100/100
|turn|3
|inactive|Battle timer is ON: inactive players will automatically lose when time's up. (requested by ShdaowForece)
|
|t:|1754861362
|switch|p1b: Maushold|Maushold, L50|100/100
|move|p2b: Murkrow|Haze|p2b: Murkrow
|-clearallboost
|move|p2a: Garchomp|Earthquake|p1b: Maushold|[spread] p1a,p1b
|-immune|p2b: Murkrow
|-supereffective|p1a: Archaludon
|-crit|p1a: Archaludon
|-damage|p1a: Archaludon|0 fnt
|-damage|p1b: Maushold|52/100
|faint|p1a: Archaludon
|-damage|p2a: Garchomp|91/100|[from] item: Life Orb
|
|upkeep
|
|t:|1754861380
|switch|p1a: Pelipper|Pelipper, L50, M|100/100
|-weather|RainDance|[from] ability: Drizzle|[of] p1a: Pelipper
|turn|4
|
|t:|1754861394
|move|p2a: Garchomp|Dragon Claw|p1a: Pelipper
|-damage|p1a: Pelipper|43/100
|-damage|p2a: Garchomp|81/100|[from] item: Life Orb
|move|p2b: Murkrow|Foul Play|p1a: Pelipper
|-damage|p1a: Pelipper|32/100
|move|p1b: Maushold|Taunt|p2b: Murkrow
|-start|p2b: Murkrow|move: Taunt
|move|p1a: Pelipper|Tailwind|p1a: Pelipper
|-sidestart|p1: Vuultur|move: Tailwind
|
|-weather|RainDance|[upkeep]
|-sideend|p2: ShdaowForece|move: Tailwind
|upkeep
|turn|5
|
|t:|1754861418
|move|p1a: Pelipper|Protect|p1a: Pelipper
|-singleturn|p1a: Pelipper|Protect
|move|p1b: Maushold|Follow Me|p1b: Maushold
|-singleturn|p1b: Maushold|move: Follow Me
|move|p2a: Garchomp|Dragon Claw|p1b: Maushold
|-damage|p1b: Maushold|2/100
|-enditem|p1b: Maushold|Sitrus Berry|[eat]
|-heal|p1b: Maushold|27/100|[from] item: Sitrus Berry
|-damage|p2a: Garchomp|72/100|[from] item: Life Orb
|move|p2b: Murkrow|Foul Play|p1b: Maushold
|-damage|p1b: Maushold|3/100
|
|-weather|RainDance|[upkeep]
|upkeep
|turn|6
|
|t:|1754861438
|switch|p2a: Ninetales|Ninetales-Alola, L50, M|100/100
|-weather|Snowscape|[from] ability: Snow Warning|[of] p2a: Ninetales
|move|p1b: Maushold|Beat Up|p2a: Ninetales
|-resisted|p2a: Ninetales
|-damage|p2a: Ninetales|99/100
|-resisted|p2a: Ninetales
|-damage|p2a: Ninetales|98/100
|-resisted|p2a: Ninetales
|-damage|p2a: Ninetales|97/100
|-hitcount|p2a: Ninetales|3
|move|p1a: Pelipper|Weather Ball|p2a: Ninetales
|-resisted|p2a: Ninetales
|-damage|p2a: Ninetales|78/100
|move|p2b: Murkrow|Foul Play|p1a: Pelipper
|-damage|p1a: Pelipper|18/100
|
|-weather|Snowscape|[upkeep]
|upkeep
|turn|7
|inactive|Vuultur has 30 seconds left.
|inactive|ShdaowForece has 30 seconds left.
|
|t:|1754861468
|switch|p1a: Annihilape|Annihilape, L50, F, tera:Fire|74/100
|move|p1b: Maushold|Follow Me|p1b: Maushold
|-singleturn|p1b: Maushold|move: Follow Me
|move|p2a: Ninetales|Aurora Veil|p2a: Ninetales
|-sidestart|p2: ShdaowForece|move: Aurora Veil
|move|p2b: Murkrow|Foul Play|p1b: Maushold
|-damage|p1b: Maushold|0 fnt
|faint|p1b: Maushold
|
|-weather|Snowscape|[upkeep]
|-end|p2b: Murkrow|move: Taunt
|-sideend|p1: Vuultur|move: Tailwind
|upkeep
|
|t:|1754861478
|switch|p1b: Pelipper|Pelipper, L50, M|18/100
|-weather|RainDance|[from] ability: Drizzle|[of] p1b: Pelipper
|turn|8
|inactive|Vuultur has 30 seconds left.
|inactive|Vuultur has 20 seconds left.
|inactive|Vuultur has 15 seconds left.
|
|t:|1754861520
|move|p1b: Pelipper|Protect|p1b: Pelipper
|-singleturn|p1b: Pelipper|Protect
|move|p2b: Murkrow|Tailwind|p2b: Murkrow
|-sidestart|p2: ShdaowForece|move: Tailwind
|move|p2a: Ninetales|Freeze-Dry|p1b: Pelipper
|-activate|p1b: Pelipper|move: Protect
|move|p1a: Annihilape|Rage Fist|p2a: Ninetales
|-damage|p2a: Ninetales|9/100
|
|-weather|RainDance|[upkeep]
|upkeep
|turn|9
|inactive|Vuultur has 30 seconds left.
|
|t:|1754861547
|move|p2a: Ninetales|Freeze-Dry|p1b: Pelipper
|-supereffective|p1b: Pelipper
|-damage|p1b: Pelipper|0 fnt
|faint|p1b: Pelipper
|move|p2b: Murkrow|Foul Play|p1a: Annihilape
|-damage|p1a: Annihilape|27/100
|move|p1a: Annihilape|Drain Punch|p2b: Murkrow
|-damage|p2b: Murkrow|77/100
|-heal|p1a: Annihilape|36/100|[from] drain|[of] p2b: Murkrow
|
|-weather|RainDance|[upkeep]
|upkeep
|turn|10
|
|t:|1754861561
|move|p2a: Ninetales|Encore|p1a: Annihilape
|-start|p1a: Annihilape|Encore
|move|p2b: Murkrow|Foul Play|p1a: Annihilape
|-damage|p1a: Annihilape|0 fnt
|faint|p1a: Annihilape
|
|win|ShdaowForece
|raw|Vuultur's rating: 1242 → 1210(-32 for losing)
|raw|ShdaowForece's rating: 1140 → 1172(+32 for winning)
|l|☆Vuultur
|player|p1|
