|j|☆SoloSnivy99
|j|☆pokemonyoyo878
|html|SoloSnivy99pokemonyoyo878    
|uhtml|bestof|Game 1 of a best-of-3
|t:|1783651497
|gametype|doubles
|player|p1|SoloSnivy99|grimsley|1162
|player|p2|pokemonyoyo878|1|1008
|gen|9
|tier|[Gen 9 Champions] VGC 2026 Reg M-B (Bo3)
|rated|
|rule|Species Clause: Limit one of each Pokémon
|rule|Item Clause: Limit 1 of each item
|clearpoke
|poke|p1|Archaludon, L50, M|
|poke|p1|Pelipper, L50, M|
|poke|p1|Maushold, L50|
|poke|p1|Sinistcha, L50|
|poke|p1|Annihilape, L50, M|
|poke|p1|Charizard, L50, M, shiny|
|poke|p2|Staraptor, L50, M|
|poke|p2|Grimmsnarl, L50, M|
|poke|p2|Raichu, L50, M|
|poke|p2|Gholdengo, L50|
|poke|p2|Garchomp, L50, F|
|poke|p2|Araquanid, L50, F|
|teampreview|4
|showteam|p1|Archaludon||Leftovers|Stamina|ElectroShot,Protect,DragonPulse,AuraSphere|Calm||M|||50|]Pelipper||FocusSash|Drizzle|WeatherBall,Hurricane,Tailwind,WideGuard|Timid||M|||50|]Maushold||WideLens|Technician|PopulationBomb,BeatUp,Encore,FollowMe|Jolly|||||50|]Sinistcha||KasibBerry|Hospitality|MatchaGotcha,ShadowBall,Protect,RagePowder|Calm|||||50|]Annihilape||SitrusBerry|Defiant|RageFist,BulkUp,DrainPunch,Protect|Adamant||M|||50|]Charizard||CharizarditeY|Blaze|HeatWave,SolarBeam,WeatherBall,Protect|Timid||M|||50|
|showteam|p2|Staraptor||Staraptite|Intimidate|CloseCombat,BraveBird,Roost,Protect|Jolly||M|||50|]Grimmsnarl||LightClay|Prankster|LightScreen,Reflect,PartingShot,SuckerPunch|Impish||M|||50|]Raichu||FocusSash|LightningRod|FakeOut,Charm,Encore,Electroweb|Timid||M|||50|]Gholdengo||Leftovers|GoodasGold|MakeItRain,NastyPlot,ShadowBall,Protect|Modest|||||50|]Garchomp||RoseliBerry|RoughSkin|StompingTantrum,Earthquake,Protect,RockTomb|Jolly||F|||50|]Araquanid||MysticWater|WaterBubble|LeechLife,Liquidation,WideGuard,Protect|Brave||F|||50|
|inactive|Battle timer is ON: inactive players will automatically lose when time's up. (requested by pokemonyoyo878)
|
|t:|1783651534
|teamsize|p1|4
|teamsize|p2|4
|start
|switch|p1a: Rialto|Archaludon, L50, M|100/100
|switch|p1b: Pelipper|Pelipper, L50, M|100/100
|switch|p2a: Staraptor|Staraptor, L50, M|100/100
|switch|p2b: Grimmsnarl|Grimmsnarl, L50, M|100/100
|-ability|p2a: Staraptor|Intimidate|boost
|-unboost|p1a: Rialto|atk|1
|-unboost|p1b: Pelipper|atk|1
|-weather|RainDance|[from] ability: Drizzle|[of] p1b: Pelipper
|turn|1
|inactive|SoloSnivy99 has 30 seconds left.
|inactive|SoloSnivy99 has 20 seconds left.
|inactive|SoloSnivy99 has 15 seconds left.
|inactive|SoloSnivy99 has 10 seconds left.
|
|t:|1783651583
|move|p2a: Staraptor|Protect|p2a: Staraptor
|-singleturn|p2a: Staraptor|Protect
|move|p2b: Grimmsnarl|Light Screen|p2b: Grimmsnarl
|-sidestart|p2: pokemonyoyo878|move: Light Screen
|move|p1b: Pelipper|Tailwind|p1b: Pelipper
|-sidestart|p1: SoloSnivy99|move: Tailwind
|move|p1a: Rialto|Electro Shot||[still]
|-prepare|p1a: Rialto|Electro Shot
|-boost|p1a: Rialto|spa|1
|-anim|p1a: Rialto|Electro Shot|p2b: Grimmsnarl
|-damage|p2b: Grimmsnarl|59/100
|
|-weather|RainDance|[upkeep]
|upkeep
|turn|2
|inactive|SoloSnivy99 has 30 seconds left.
|
|t:|1783651611
|switch|p2b: Raichu|Raichu, L50, M|100/100
|detailschange|p2a: Staraptor|Staraptor-Mega, L50, M
|-mega|p2a: Staraptor|Staraptor|Staraptite
|move|p1b: Pelipper|Weather Ball|p2a: Staraptor
|-damage|p2a: Staraptor|57/100
|move|p1a: Rialto|Electro Shot||[still]
|-activate|p2b: Raichu|ability: Lightning Rod
|-prepare|p1a: Rialto|Electro Shot
|-boost|p1a: Rialto|spa|1
|-anim|p1a: Rialto|Electro Shot|p2b: Raichu
|-ability|p2b: Raichu|Lightning Rod|boost
|-boost|p2b: Raichu|spa|1
|move|p2a: Staraptor|Close Combat|p1a: Rialto
|-supereffective|p1a: Rialto|1
|-damage|p1a: Rialto|22/100
|-boost|p2a: Staraptor|def|1
|-boost|p2a: Staraptor|spd|1
|-ability|p1a: Rialto|Stamina|boost
|-boost|p1a: Rialto|def|1
|
|-weather|RainDance|[upkeep]
|-heal|p1a: Rialto|28/100|[from] item: Leftovers
|upkeep
|turn|3
|inactive|SoloSnivy99 has 30 seconds left.
|inactive|pokemonyoyo878 has 30 seconds left.
|
|t:|1783651645
|move|p1b: Pelipper|Hurricane|p2a: Staraptor
|-supereffective|p2a: Staraptor|1
|-damage|p2a: Staraptor|17/100
|move|p1a: Rialto|Dragon Pulse|p2a: Staraptor
|-damage|p2a: Staraptor|0 fnt
|faint|p2a: Staraptor
|move|p2b: Raichu|Electroweb|p1a: Rialto|[spread] p1a,p1b
|-resisted|p1a: Rialto|1
|-supereffective|p1b: Pelipper|2
|-damage|p1a: Rialto|16/100
|-enditem|p1b: Pelipper|Focus Sash
|-damage|p1b: Pelipper|1/100
|-unboost|p1a: Rialto|spe|1
|-unboost|p1b: Pelipper|spe|1
|-ability|p1a: Rialto|Stamina|boost
|-boost|p1a: Rialto|def|1
|
|-weather|RainDance|[upkeep]
|-heal|p1a: Rialto|22/100|[from] item: Leftovers
|upkeep
|
|t:|1783651654
|switch|p2a: Garchomp|Garchomp, L50, F|100/100
|turn|4
|inactive|SoloSnivy99 has 30 seconds left.
|inactive|SoloSnivy99 has 20 seconds left.
|
|t:|1783651692
|move|p2b: Raichu|Electroweb|p1b: Pelipper|[spread] p1a
|-miss|p2b: Raichu|p1b: Pelipper
|-resisted|p1a: Rialto|1
|-damage|p1a: Rialto|10/100
|-unboost|p1a: Rialto|spe|1
|-ability|p1a: Rialto|Stamina|boost
|-boost|p1a: Rialto|def|1
|move|p1b: Pelipper|Weather Ball|p2b: Raichu
|-damage|p2b: Raichu|35/100
|move|p2a: Garchomp|Stomping Tantrum|p1a: Rialto
|-supereffective|p1a: Rialto|1
|-damage|p1a: Rialto|0 fnt
|faint|p1a: Rialto
|
|-weather|RainDance|[upkeep]
|-sideend|p1: SoloSnivy99|move: Tailwind
|upkeep
|
|t:|1783651717
|switch|p1a: Maushold|Maushold, L50|100/100
|turn|5
|inactive|SoloSnivy99 has 30 seconds left.
|
|t:|1783651745
|switch|p1b: Annihilape|Annihilape, L50, M|100/100
|move|p1a: Maushold|Beat Up|p1b: Annihilape
|-damage|p1b: Annihilape|95/100
|-damage|p1b: Annihilape|88/100
|-damage|p1b: Annihilape|84/100
|-hitcount|p1b: Annihilape|3
|move|p2b: Raichu|Electroweb|p1b: Annihilape|[spread] p1a,p1b
|-crit|p1b: Annihilape
|-damage|p1a: Maushold|65/100
|-damage|p1b: Annihilape|51/100
|-unboost|p1a: Maushold|spe|1
|-unboost|p1b: Annihilape|spe|1
|-ability|p1b: Annihilape|Defiant|boost
|-boost|p1b: Annihilape|atk|2
|move|p2a: Garchomp|Rock Tomb|p1a: Maushold
|-damage|p1a: Maushold|31/100
|-unboost|p1a: Maushold|spe|1
|
|-weather|none
|upkeep
|turn|6
|inactive|SoloSnivy99 has 30 seconds left.
|inactive|pokemonyoyo878 has 30 seconds left.
|
|t:|1783651780
|move|p2a: Garchomp|Protect|p2a: Garchomp
|-singleturn|p2a: Garchomp|Protect
|move|p2b: Raichu|Charm|p1b: Annihilape
|-unboost|p1b: Annihilape|atk|2
|-ability|p1b: Annihilape|Defiant|boost
|-boost|p1b: Annihilape|atk|2
|move|p1b: Annihilape|Rage Fist|p2a: Garchomp
|-activate|p2a: Garchomp|move: Protect
|move|p1a: Maushold|Population Bomb|p2b: Raichu
|-damage|p2b: Raichu|10/100
|-damage|p2b: Raichu|0 fnt
|faint|p2b: Raichu
|-hitcount|p2: Raichu|2
|
|upkeep
|
|t:|1783651794
|switch|p2b: Grimmsnarl|Grimmsnarl, L50, M|59/100
|turn|7
|
|t:|1783651808
|move|p2b: Grimmsnarl|Sucker Punch|p1b: Annihilape
|-damage|p1b: Annihilape|21/100
|-enditem|p1b: Annihilape|Sitrus Berry|[eat]
|-heal|p1b: Annihilape|45/100|[from] item: Sitrus Berry
|move|p2a: Garchomp|Stomping Tantrum|p1b: Annihilape
|-damage|p1b: Annihilape|3/100
|move|p1b: Annihilape|Rage Fist|p2a: Garchomp
|-damage|p2a: Garchomp|0 fnt
|-damage|p1b: Annihilape|0 fnt|[from] ability: Rough Skin|[of] p2a: Garchomp
|faint|p2a: Garchomp
|faint|p1b: Annihilape
|move|p1a: Maushold|Population Bomb|p2b: Grimmsnarl
|-damage|p2b: Grimmsnarl|49/100
|-crit|p2b: Grimmsnarl
|-damage|p2b: Grimmsnarl|33/100
|-damage|p2b: Grimmsnarl|23/100
|-damage|p2b: Grimmsnarl|13/100
|-damage|p2b: Grimmsnarl|4/100
|-damage|p2b: Grimmsnarl|0 fnt
|faint|p2b: Grimmsnarl
|-hitcount|p2: Grimmsnarl|6
|
|win|SoloSnivy99
||pokemonyoyo878 is ready for game 2.
|inactive|SoloSnivy99 has 30 seconds to confirm battle start!
|inactive|SoloSnivy99 has 20 seconds to confirm battle start!
||SoloSnivy99 is ready for game 2.
|uhtml|next|Next: Game 2 of 3
|l|☆pokemonyoyo878
|player|p2|
