|j|☆PippoLungoCalzino
|j|☆IronStandsEternal
|html|PippoLungoCalzinoIronStandsEternal    
|uhtml|bestof|Game 2 of a best-of-3
|t:|1756236299
|gametype|doubles
|player|p1|PippoLungoCalzino|bugsy|1131
|player|p2|IronStandsEternal|flint|1163
|gen|9
|tier|[Gen 9] VGC 2025 Reg H (Bo3)
|rated|
|rule|Species Clause: Limit one of each Pokémon
|rule|Item Clause: Limit 1 of each item
|clearpoke
|poke|p1|Dragonite, L50, F|
|poke|p1|Gholdengo, L50|
|poke|p1|Sneasler, L50, F|
|poke|p1|Talonflame, L50, M|
|poke|p1|Archaludon, L50, F|
|poke|p1|Garchomp, L50, M|
|poke|p2|Rillaboom, L50, F|
|poke|p2|Dragonite, L50, M|
|poke|p2|Sneasler, L50, F|
|poke|p2|Ninetales-Alola, L50, F|
|poke|p2|Kingambit, L50, F|
|poke|p2|Magmar, L50, M|
|teampreview|4
|showteam|p1|Dragonite||LoadedDice|Multiscale|ScaleShot,ExtremeSpeed,IceSpinner,Haze|||F|||50|,,,,,Fairy]Gholdengo||ChoiceSpecs|GoodasGold|MakeItRain,ShadowBall,PowerGem,Thunderbolt||||||50|,,,,,Steel]Sneasler||FocusSash|Unburden|CloseCombat,DireClaw,FakeOut,Coaching|||F|||50|,,,,,Stellar]Talonflame||CovertCloak|GaleWings|BraveBird,Tailwind,WillOWisp,Taunt|||M|||50|,,,,,Grass]Archaludon||PowerHerb|Sturdy|FlashCannon,DracoMeteor,ElectroShot,Protect|||F|||50|,,,,,Flying]Garchomp||ClearAmulet|RoughSkin|DragonClaw,StompingTantrum,Earthquake,Protect|||M|||50|,,,,,Ground
|showteam|p2|Rillaboom||AssaultVest|GrassySurge|WoodHammer,GrassyGlide,HighHorsepower,FakeOut|||F|||50|,,,,,Fire]Dragonite||LoadedDice|Multiscale|Protect,ScaleShot,LowKick,Haze|||M|||50|,,,,,Fairy]Sneasler||WhiteHerb|Unburden|Protect,DireClaw,CloseCombat,Coaching|||F|||50|,,,,,Ghost]Ninetales-Alola||ChoiceSpecs|SnowWarning|Blizzard,IcyWind,Moonblast,FreezeDry|||F|||50|,,,,,Ghost]Kingambit||SafetyGoggles|Defiant|Protect,KowtowCleave,SuckerPunch,SwordsDance|||F|||50|,,,,,Dark]Magmar||Eviolite|VitalSpirit|Protect,FollowMe,Overheat,WillOWisp|||M|||50|,,,,,Dragon
|inactive|Battle timer is ON: inactive players will automatically lose when time's up. (requested by IronStandsEternal)
|
|t:|1756236315
|teamsize|p1|4
|teamsize|p2|4
|start
|switch|p1a: Talonflame|Talonflame, L50, M|100/100
|switch|p1b: Sneasler|Sneasler, L50, F|100/100
|switch|p2a: Monke|Rillaboom, L50, F, shiny|100/100
|switch|p2b: Kingambling|Kingambit, L50, F, shiny|100/100
|-fieldstart|move: Grassy Terrain|[from] ability: Grassy Surge|[of] p2a: Monke
|turn|1
|inactive|IronStandsEternal has 30 seconds left.
|
|t:|1756236348
|move|p1b: Sneasler|Fake Out|p2a: Monke
|-damage|p2a: Monke|87/100
|cant|p2a: Monke|flinch
|move|p1a: Talonflame|Will-O-Wisp|p2b: Kingambling
|-status|p2b: Kingambling|brn
|move|p2b: Kingambling|Kowtow Cleave|p1a: Talonflame
|-damage|p1a: Talonflame|70/100
|
|-heal|p2a: Monke|93/100|[from] Grassy Terrain
|-damage|p2b: Kingambling|95/100 brn|[from] brn
|upkeep
|turn|2
|inactive|IronStandsEternal has 30 seconds left.
|
|t:|1756236377
|move|p1a: Talonflame|Brave Bird|p2a: Monke
|-supereffective|p2a: Monke
|-damage|p2a: Monke|20/100
|-damage|p1a: Talonflame|42/100|[from] Recoil
|move|p1b: Sneasler|Close Combat|p2b: Kingambling
|-supereffective|p2b: Kingambling
|-damage|p2b: Kingambling|0 fnt
|-unboost|p1b: Sneasler|def|1
|-unboost|p1b: Sneasler|spd|1
|faint|p2b: Kingambling
|move|p2a: Monke|High Horsepower|p1b: Sneasler
|-supereffective|p1b: Sneasler
|-enditem|p1b: Sneasler|Focus Sash
|-damage|p1b: Sneasler|1/100
|
|-heal|p1b: Sneasler|7/100|[from] Grassy Terrain
|-heal|p2a: Monke|26/100|[from] Grassy Terrain
|upkeep
|
|t:|1756236389
|switch|p2b: Noah's BFF|Sneasler, L50, F, shiny|100/100
|turn|3
|
|t:|1756236400
|switch|p1b: Gholdengo|Gholdengo, L50|100/100
|move|p2a: Monke|Grassy Glide|p1b: Gholdengo
|-resisted|p1b: Gholdengo
|-damage|p1b: Gholdengo|82/100
|move|p1a: Talonflame|Tailwind|p1a: Talonflame
|-sidestart|p1: PippoLungoCalzino|move: Tailwind
|move|p2b: Noah's BFF|Dire Claw|p1a: Talonflame
|-damage|p1a: Talonflame|0 fnt
|faint|p1a: Talonflame
|
|-heal|p1b: Gholdengo|88/100|[from] Grassy Terrain
|-heal|p2a: Monke|32/100|[from] Grassy Terrain
|upkeep
|
|t:|1756236411
|switch|p1a: Garchomp|Garchomp, L50, M|100/100
|turn|4
|inactive|IronStandsEternal has 30 seconds left.
|inactive|PippoLungoCalzino has 30 seconds left.
|inactive|IronStandsEternal has 20 seconds left.
|
|t:|1756236450
|move|p2b: Noah's BFF|Protect|p2b: Noah's BFF
|-singleturn|p2b: Noah's BFF|Protect
|move|p1a: Garchomp|Stomping Tantrum|p2a: Monke
|-resisted|p2a: Monke
|-damage|p2a: Monke|15/100
|move|p1b: Gholdengo|Make It Rain|p2a: Monke|[spread] p2a
|-activate|p2b: Noah's BFF|move: Protect
|-damage|p2a: Monke|0 fnt
|-unboost|p1b: Gholdengo|spa|1
|faint|p2a: Monke
|
|-heal|p1b: Gholdengo|94/100|[from] Grassy Terrain
|upkeep
|
|t:|1756236457
|switch|p2a: Mogmar|Magmar, L50, M, shiny|100/100
|turn|5
|inactive|IronStandsEternal has 30 seconds left.
|
|t:|1756236484
|-terastallize|p1a: Garchomp|Ground
|move|p1a: Garchomp|Stomping Tantrum|p2b: Noah's BFF
|-supereffective|p2b: Noah's BFF
|-damage|p2b: Noah's BFF|0 fnt
|faint|p2b: Noah's BFF
|move|p1b: Gholdengo|Make It Rain|p2a: Mogmar
|-resisted|p2a: Mogmar
|-damage|p2a: Mogmar|77/100
|-unboost|p1b: Gholdengo|spa|1
|move|p2a: Mogmar|Overheat|p1b: Gholdengo
|-supereffective|p1b: Gholdengo
|-damage|p1b: Gholdengo|0 fnt
|-unboost|p2a: Mogmar|spa|2
|faint|p1b: Gholdengo
|
|-heal|p2a: Mogmar|82/100|[from] Grassy Terrain
|-fieldend|move: Grassy Terrain
|upkeep
|
|t:|1756236490
|switch|p1b: Sneasler|Sneasler, L50, F|7/100
|turn|6
|
|t:|1756236501
|move|p1b: Sneasler|Fake Out|p2a: Mogmar
|-damage|p2a: Mogmar|69/100
|move|p1a: Garchomp|Stomping Tantrum|p2a: Mogmar
|-supereffective|p2a: Mogmar
|-damage|p2a: Mogmar|0 fnt
|faint|p2a: Mogmar
|
|win|PippoLungoCalzino
||PippoLungoCalzino is ready for game 3.
||IronStandsEternal is ready for game 3.
|uhtml|next|Next: Game 3 of 3
