|j|☆marsky
|j|☆CaptainRex501
|html|marskyCaptainRex501    
|uhtml|bestof|Game 3 of a best-of-3
|t:|1784140486
|gametype|doubles
|player|p1|marsky|marshal|
|player|p2|CaptainRex501|volkner|
|gen|9
|tier|[Gen 9 Champions] VGC 2026 Reg M-B (Bo3)
|rule|Species Clause: Limit one of each Pokémon
|rule|Item Clause: Limit 1 of each item
|clearpoke
|poke|p1|Charizard, L50, F|
|poke|p1|Farigiraf, L50, F|
|poke|p1|Garchomp, L50, F|
|poke|p1|Aerodactyl, L50, F|
|poke|p1|Sylveon, L50, F|
|poke|p1|Kingambit, L50, F|
|poke|p2|Tyranitar, L50, M|
|poke|p2|Staraptor, L50, M|
|poke|p2|Excadrill, L50, M|
|poke|p2|Sinistcha, L50|
|poke|p2|Gholdengo, L50|
|poke|p2|Milotic, L50, F|
|teampreview|4
|showteam|p1|Charizard||CharizarditeY|Blaze|HeatWave,SolarBeam,WeatherBall,Protect|Modest||F|||50|]Farigiraf||SitrusBerry|ArmorTail|Psychic,Thunderbolt,TrickRoom,Protect|Bold||F|||50|]Garchomp||LifeOrb|RoughSkin|Earthquake,DragonClaw,StompingTantrum,Protect|Jolly||F|||50|]Aerodactyl||Aerodactylite|Unnerve|RockSlide,DualWingbeat,IceFang,Tailwind|Jolly||F|||50|]Sylveon||FairyFeather|Pixilate|HyperVoice,HyperBeam,QuickAttack,Protect|Modest||F|||50|]Kingambit||FocusSash|Defiant|KowtowCleave,IronHead,SuckerPunch,LowKick|Adamant||F|||50|
|showteam|p2|Tyranitar||Tyranitarite|SandStream|KnockOff,RockSlide,Protect,LowKick|Adamant||M|||50|]Staraptor||Staraptite|Intimidate|DualWingbeat,CloseCombat,Protect,Tailwind|Jolly||M|||50|]Excadrill||FocusSash|SandRush|HighHorsepower,IronHead,RockSlide,Protect|Adamant||M|||50|]Sinistcha||SitrusBerry|Hospitality|MatchaGotcha,RagePowder,TrickRoom,Protect|Calm|||||50|]Gholdengo||LifeOrb|GoodasGold|MakeItRain,NastyPlot,Protect,ShadowBall|Timid|||||50|]Milotic||Leftovers|Competitive|Scald,Recover,Protect,IceBeam|Modest||F|||50|
|inactive|Battle timer is ON: inactive players will automatically lose when time's up. (requested by CaptainRex501)
|inactive|marsky has 60 seconds left.
|
|t:|1784140526
|teamsize|p1|4
|teamsize|p2|4
|start
|switch|p1a: Aerodactyl|Aerodactyl, L50, F|100/100
|switch|p1b: Garchomp|Garchomp, L50, F|100/100
|switch|p2a: Milotic|Milotic, L50, F|100/100
|switch|p2b: Staraptor|Staraptor, L50, M|100/100
|-ability|p1a: Aerodactyl|Unnerve
|-ability|p2b: Staraptor|Intimidate|boost
|-unboost|p1a: Aerodactyl|atk|1
|-unboost|p1b: Garchomp|atk|1
|turn|1
|inactive|marsky has 30 seconds left.
|inactive|marsky has 20 seconds left.
|inactive|marsky has 15 seconds left.
|
|t:|1784140566
|switch|p1b: Sylveon|Sylveon, L50, F|100/100
|detailschange|p2b: Staraptor|Staraptor-Mega, L50, M
|-mega|p2b: Staraptor|Staraptor|Staraptite
|move|p1a: Aerodactyl|Rock Slide|p2a: Milotic|[spread] p2a,p2b
|-damage|p2a: Milotic|86/100
|-damage|p2b: Staraptor|85/100
|move|p2b: Staraptor|Tailwind|p2b: Staraptor
|-sidestart|p2: CaptainRex501|move: Tailwind
|cant|p2a: Milotic|flinch
|
|-heal|p2a: Milotic|92/100|[from] item: Leftovers
|upkeep
|turn|2
|
|t:|1784140590
|move|p2b: Staraptor|Close Combat|p1a: Aerodactyl
|-damage|p1a: Aerodactyl|22/100
|-boost|p2b: Staraptor|def|1
|-boost|p2b: Staraptor|spd|1
|move|p2a: Milotic|Scald|p1a: Aerodactyl
|-supereffective|p1a: Aerodactyl|1
|-damage|p1a: Aerodactyl|0 fnt
|faint|p1a: Aerodactyl
|move|p1b: Sylveon|Hyper Voice|p2b: Staraptor|[spread] p2a,p2b
|-supereffective|p2b: Staraptor|1
|-damage|p2a: Milotic|57/100
|-damage|p2b: Staraptor|18/100
|
|-heal|p2a: Milotic|63/100|[from] item: Leftovers
|upkeep
|
|t:|1784140607
|switch|p1a: Charizard|Charizard, L50, F|100/100
|turn|3
|inactive|CaptainRex501 has 30 seconds left.
|
|t:|1784140639
|move|p2a: Milotic|Protect|p2a: Milotic
|-singleturn|p2a: Milotic|Protect
|move|p1a: Charizard|Protect|p1a: Charizard
|-singleturn|p1a: Charizard|Protect
|move|p2b: Staraptor|Dual Wingbeat|p1a: Charizard
|-activate|p1a: Charizard|move: Protect
|move|p1b: Sylveon|Hyper Voice|p2b: Staraptor|[spread] p2b
|-activate|p2a: Milotic|move: Protect
|-supereffective|p2b: Staraptor|1
|-damage|p2b: Staraptor|0 fnt
|faint|p2b: Staraptor
|
|-heal|p2a: Milotic|69/100|[from] item: Leftovers
|upkeep
|
|t:|1784140650
|switch|p2b: Excadrill|Excadrill, L50, M|100/100
|turn|4
|inactive|marsky has 30 seconds left.
|inactive|marsky has 20 seconds left.
|inactive|marsky has 15 seconds left.
|inactive|marsky has 10 seconds left.
|inactive|marsky has 5 seconds left.
|
|t:|1784140703
|detailschange|p1a: Charizard|Charizard-Mega-Y, L50, F
|-mega|p1a: Charizard|Charizard|Charizardite Y
|-weather|SunnyDay|[from] ability: Drought|[of] p1a: Charizard
|move|p2b: Excadrill|Rock Slide|p1a: Charizard|[spread] p1a,p1b
|-supereffective|p1a: Charizard|2
|-damage|p1a: Charizard|23/100
|-damage|p1b: Sylveon|73/100
|move|p2a: Milotic|Ice Beam|p1a: Charizard
|-damage|p1a: Charizard|3/100
|move|p1a: Charizard|Solar Beam||[still]
|-prepare|p1a: Charizard|Solar Beam
|-anim|p1a: Charizard|Solar Beam|p2a: Milotic
|-supereffective|p2a: Milotic|1
|-damage|p2a: Milotic|4/100
|move|p1b: Sylveon|Hyper Voice|p2b: Excadrill|[spread] p2a,p2b
|-resisted|p2b: Excadrill|1
|-damage|p2a: Milotic|0 fnt
|-damage|p2b: Excadrill|69/100
|faint|p2a: Milotic
|
|-weather|SunnyDay|[upkeep]
|-sideend|p2: CaptainRex501|move: Tailwind
|upkeep
|
|t:|1784140710
|switch|p2a: Tyranitar|Tyranitar, L50, M|100/100
|-weather|Sandstorm|[from] ability: Sand Stream|[of] p2a: Tyranitar
|turn|5
|
|t:|1784140735
|switch|p1a: Garchomp|Garchomp, L50, F|100/100
|move|p2b: Excadrill|High Horsepower|p1a: Garchomp
|-damage|p1a: Garchomp|41/100
|-damage|p2b: Excadrill|56/100|[from] ability: Rough Skin|[of] p1a: Garchomp
|move|p2a: Tyranitar|Knock Off|p1a: Garchomp
|-damage|p1a: Garchomp|0 fnt
|-damage|p2a: Tyranitar|87/100|[from] ability: Rough Skin|[of] p1a: Garchomp
|-enditem|p1a: Garchomp|Life Orb|[from] move: Knock Off|[of] p2a: Tyranitar
|faint|p1a: Garchomp
|move|p1b: Sylveon|Hyper Beam|p2a: Tyranitar
|-supereffective|p2a: Tyranitar|1
|-damage|p2a: Tyranitar|0 fnt
|-mustrecharge|p1b: Sylveon
|faint|p2a: Tyranitar
|
|-weather|Sandstorm|[upkeep]
|-damage|p1b: Sylveon|67/100|[from] Sandstorm
|upkeep
|
|t:|1784140751
|switch|p1a: Charizard|Charizard-Mega-Y, L50, F|3/100
|-weather|SunnyDay|[from] ability: Drought|[of] p1a: Charizard
|turn|6
|
|t:|1784140773
|move|p1a: Charizard|Protect|p1a: Charizard
|-singleturn|p1a: Charizard|Protect
|move|p2b: Excadrill|Rock Slide|p1a: Charizard|[spread] p1b
|-activate|p1a: Charizard|move: Protect
|-damage|p1b: Sylveon|41/100
|cant|p1b: Sylveon|recharge
|
|-weather|SunnyDay|[upkeep]
|upkeep
|turn|7
|
|t:|1784140790
|move|p2b: Excadrill|Rock Slide|p1a: Charizard|[spread] p1a,p1b
|-supereffective|p1a: Charizard|2
|-damage|p1a: Charizard|0 fnt
|-damage|p1b: Sylveon|16/100
|faint|p1a: Charizard
|move|p1b: Sylveon|Hyper Beam|p2b: Excadrill
|-resisted|p2b: Excadrill|1
|-damage|p2b: Excadrill|0 fnt
|-mustrecharge|p1b: Sylveon
|faint|p2b: Excadrill
|
|win|marsky
|c|☆CaptainRex501|ggs
|c|☆marsky|ggs
