|j|☆resetrose
|j|☆masticant3
|html|resetrosemasticant3    
|uhtml|bestof|Game 2 of a best-of-3
|t:|1785964150
|gametype|doubles
|player|p1|resetrose|101|
|player|p2|masticant3|cress|
|gen|9
|tier|[Gen 9 Champions] VGC 2026 Reg M-B (Bo3)
|rule|Species Clause: Limit one of each Pokémon
|rule|Item Clause: Limit 1 of each item
|clearpoke
|poke|p1|Forretress, L50, M|
|poke|p1|Torkoal, L50, F|
|poke|p1|Lycanroc-Midnight, L50, M|
|poke|p1|Gourgeist-Super, L50, F|
|poke|p1|Simipour, L50, F|
|poke|p1|Farigiraf, L50, M|
|poke|p2|Sceptile, L50, M|
|poke|p2|Rotom-Heat, L50|
|poke|p2|Vivillon, L50, F|
|poke|p2|Basculegion, L50, M|
|poke|p2|Lopunny, L50, M|
|poke|p2|Simisear, L50, F|
|teampreview|4
|showteam|p1|Forretress||IronBall|Sturdy|PainSplit,SunnyDay,GyroBall,HelpingHand|Brave||M|||50|]Torkoal||Charcoal|Drought|Eruption,WeatherBall,EarthPower,Protect|Quiet||F|||50|]Lycanroc-Midnight||ChoiceScarf|NoGuard|KnockOff,StoneEdge,Snarl,PlayRough|Jolly||M|||50|]Gourgeist-Super||OccaBerry|Frisk|PowerWhip,Poltergeist,WillOWisp,TrickRoom|Brave||F|||50|]Simipour||FocusSash|Torrent|FakeOut,FlipTurn,Scald,IceBeam|Timid||F|||50|]Farigiraf||SitrusBerry|ArmorTail|AllySwitch,TrickRoom,Thunderbolt,Psychic|Quiet||M|||50|
|showteam|p2|Sceptile||Sceptilite|Overgrow|Protect,LeafStorm,EarthPower,VacuumWave|Modest||M|||50|]Rotom-Heat||ChoiceScarf|Levitate|Discharge,Overheat,VoltSwitch,DarkPulse|Modest|||||50|]Vivillon||SitrusBerry|ShieldDust|Protect,RagePowder,SleepPowder,Hurricane|Timid||F|||50|]Basculegion||LifeOrb|SwiftSwim|Protect,AquaJet,WaveCrash,LastRespects|Jolly||M|||50|]Lopunny||SilkScarf|Limber|FakeOut,Uturn,QuickAttack,Encore|Adamant||M|||50|]Simisear||FocusSash|Blaze|FakeOut,RockSlide,Overheat,Protect|Naughty||F|||50|
|inactive|Battle timer is ON: inactive players will automatically lose when time's up. (requested by masticant3)
|inactive|masticant3 has 60 seconds left.
|
|t:|1785964184
|teamsize|p1|4
|teamsize|p2|4
|start
|switch|p1a: Simipour|Simipour, L50, F|100/100
|switch|p1b: Farigiraf|Farigiraf, L50, M|100/100
|switch|p2a: Simisear|Simisear, L50, F|100/100
|switch|p2b: Vivillon|Vivillon, L50, F|100/100
|turn|1
|inactive|resetrose has 30 seconds left.
|inactiveoff|Battle timer is now OFF.
|
|t:|1785964218
|move|p2a: Simisear|Protect|p2a: Simisear
|-singleturn|p2a: Simisear|Protect
|move|p1a: Simipour|Scald|p2a: Simisear
|-activate|p2a: Simisear|move: Protect
|move|p2b: Vivillon|Sleep Powder|p1b: Farigiraf|[miss]
|-miss|p2b: Vivillon|p1b: Farigiraf
|move|p1b: Farigiraf|Trick Room|p1b: Farigiraf
|-fieldstart|move: Trick Room|[of] p1b: Farigiraf
|
|upkeep
|turn|2
|
|t:|1785964241
|switch|p2a: Sceptile|Sceptile, L50, M|100/100
|switch|p1a: Torkoal|Torkoal, L50, F|100/100
|-weather|SunnyDay|[from] ability: Drought|[of] p1a: Torkoal
|move|p1b: Farigiraf|Ally Switch|p1b: Farigiraf
|swap|p1b: Farigiraf|0|[from] move: Ally Switch
|move|p2b: Vivillon|Sleep Powder|p1a: Farigiraf|[miss]
|-miss|p2b: Vivillon|p1a: Farigiraf
|
|-weather|SunnyDay|[upkeep]
|upkeep
|turn|3
|
|t:|1785964260
|detailschange|p2a: Sceptile|Sceptile-Mega, L50, M
|-mega|p2a: Sceptile|Sceptile|Sceptilite
|move|p2b: Vivillon|Protect|p2b: Vivillon
|-singleturn|p2b: Vivillon|Protect
|move|p1b: Torkoal|Eruption|p2b: Vivillon|[spread] p2a
|-activate|p2b: Vivillon|move: Protect
|-damage|p2a: Sceptile|0 fnt
|faint|p2a: Sceptile
|move|p1a: Farigiraf|Thunderbolt|p2b: Vivillon
|-activate|p2b: Vivillon|move: Protect
|
|-weather|SunnyDay|[upkeep]
|upkeep
|
|t:|1785964277
|switch|p2a: Simisear|Simisear, L50, F|100/100
|turn|4
|
|t:|1785964291
|move|p2b: Vivillon|Rage Powder|p2b: Vivillon
|-singleturn|p2b: Vivillon|move: Rage Powder
|move|p1b: Torkoal|Eruption|p2a: Simisear|[spread] p2a,p2b
|-resisted|p2a: Simisear|1
|-supereffective|p2b: Vivillon|1
|-damage|p2a: Simisear|10/100
|-damage|p2b: Vivillon|0 fnt
|faint|p2b: Vivillon
|move|p1a: Farigiraf|Thunderbolt|p2a: Simisear
|-damage|p2a: Simisear|0 fnt
|faint|p2a: Simisear
|
|-weather|SunnyDay|[upkeep]
|upkeep
|
|t:|1785964301
|switch|p2a: Rotom|Rotom-Heat, L50|100/100
|turn|5
|
|t:|1785964308
|switch|p1b: Simipour|Simipour, L50, F|100/100
|move|p1a: Farigiraf|Ally Switch|p1a: Farigiraf
|swap|p1a: Farigiraf|1|[from] move: Ally Switch
|move|p2a: Rotom|Discharge|p1a: Simipour|[spread] p1a,p1b
|-supereffective|p1a: Simipour|1
|-damage|p1a: Simipour|5/100
|-damage|p1b: Farigiraf|75/100
|-status|p1a: Simipour|par
|
|-weather|SunnyDay|[upkeep]
|-fieldend|move: Trick Room
|upkeep
|turn|6
|
|t:|1785964326
|move|p2a: Rotom|Discharge|p1b: Farigiraf|[spread] p1a,p1b
|-supereffective|p1a: Simipour|1
|-damage|p1a: Simipour|0 fnt
|-damage|p1b: Farigiraf|50/100g
|faint|p1a: Simipour
|move|p1b: Farigiraf|Trick Room|p1b: Farigiraf
|-fieldstart|move: Trick Room|[of] p1b: Farigiraf
|
|-weather|none
|upkeep
|
|t:|1785964338
|switch|p1a: Torkoal|Torkoal, L50, F|100/100
|-weather|SunnyDay|[from] ability: Drought|[of] p1a: Torkoal
|turn|7
|
|t:|1785964348
|move|p1a: Torkoal|Eruption|p2a: Rotom
|-resisted|p2a: Rotom|1
|-damage|p2a: Rotom|23/100
|move|p1b: Farigiraf|Psychic|p2a: Rotom
|-damage|p2a: Rotom|0 fnt
|faint|p2a: Rotom
|
|win|resetrose
