|j|☆ZeraXx
|j|☆master 792
|html|ZeraXxmaster 792    
|uhtml|bestof|Game 2 of a best-of-3
|t:|1784170471
|gametype|doubles
|player|p1|ZeraXx|169|1257
|player|p2|master 792|red|1200
|gen|9
|tier|[Gen 9 Champions] VGC 2026 Reg M-B (Bo3)
|rated|
|rule|Species Clause: Limit one of each Pokémon
|rule|Item Clause: Limit 1 of each item
|clearpoke
|poke|p1|Excadrill, L50, F|
|poke|p1|Tyranitar, L50, M|
|poke|p1|Sneasler, L50, M|
|poke|p1|Rotom-Wash, L50|
|poke|p1|Talonflame, L50, M|
|poke|p1|Sinistcha-Masterpiece, L50|
|poke|p2|Metagross, L50, shiny|
|poke|p2|Incineroar, L50, F|
|poke|p2|Sinistcha, L50, shiny|
|poke|p2|Floette-Eternal, L50, F|
|poke|p2|Politoed, L50, M|
|poke|p2|Maushold, L50|
|teampreview|4
|showteam|p1|Excadrill||FocusSash|SandRush|HighHorsepower,IronHead,RockSlide,Protect|Adamant||F|||50|]Tyranitar||Tyranitarite|SandStream|Protect,RockSlide,KnockOff,DragonDance|Adamant||M|||50|]Sneasler||WhiteHerb|Unburden|FakeOut,CloseCombat,DireClaw,Protect|Adamant||M|||50|]Rotom-Wash||Leftovers|Levitate|WillOWisp,Thunderbolt,LightScreen,HydroPump|Calm|||||50|]Talonflame||SharpBeak|GaleWings|Protect,FlareBlitz,BraveBird,SwordsDance|Adamant||M|||50|]Sinistcha-Masterpiece||SitrusBerry|Hospitality|RagePowder,TrickRoom,MatchaGotcha,Protect|Bold|||||50|
|showteam|p2|Metagross||Metagrossite|ClearBody|IronDefense,BodyPress,PsychicFangs,Protect|Impish|||||50|]Incineroar||PasshoBerry|Intimidate|FakeOut,FlareBlitz,PartingShot,DarkestLariat|Adamant||F|||50|]Sinistcha||SitrusBerry|Hospitality|MatchaGotcha,TrickRoom,RagePowder,LifeDew|Calm|||||50|]Floette-Eternal||Floettite|FlowerVeil|Moonblast,DazzlingGleam,CalmMind,Protect|Modest||F|||50|]Politoed||Leftovers|Drizzle|WeatherBall,PerishSong,IceBeam,Protect|Bold||M|||50|]Maushold||ChopleBerry|FriendGuard|Taunt,FollowMe,SuperFang,Protect|Careful|||||50|
|
|t:|1784170497
|teamsize|p1|4
|teamsize|p2|4
|start
|switch|p1a: Rotom|Rotom-Wash, L50|100/100
|switch|p1b: Sinistcha|Sinistcha-Masterpiece, L50|100/100
|switch|p2a: Floette|Floette-Eternal, L50, F|100/100
|switch|p2b: Maushold|Maushold, L50|100/100
|turn|1
|inactive|Battle timer is ON: inactive players will automatically lose when time's up. (requested by ZeraXx)
|
|t:|1784170511
|detailschange|p2a: Floette|Floette-Mega, L50, F
|-mega|p2a: Floette|Floette|Floettite
|-ability|p2a: Floette|Fairy Aura
|move|p2b: Maushold|Taunt|p1a: Rotom
|-start|p1a: Rotom|move: Taunt
|move|p2a: Floette|Calm Mind|p2a: Floette
|-boost|p2a: Floette|spa|1
|-boost|p2a: Floette|spd|1
|cant|p1a: Rotom|move: Taunt|Light Screen
|move|p1b: Sinistcha|Matcha Gotcha|p2b: Maushold|[spread] p2a
|-miss|p1b: Sinistcha|p2b: Maushold
|-damage|p2a: Floette|91/100
|
|upkeep
|turn|2
|
|t:|1784170525
|move|p2b: Maushold|Super Fang|p1a: Rotom
|-damage|p1a: Rotom|50/100g
|move|p2a: Floette|Dazzling Gleam|p1a: Rotom|[spread] p1a,p1b
|-damage|p1a: Rotom|0 fnt
|-damage|p1b: Sinistcha|37/100
|-enditem|p1b: Sinistcha|Sitrus Berry|[eat]
|-heal|p1b: Sinistcha|61/100|[from] item: Sitrus Berry
|faint|p1a: Rotom
|move|p1b: Sinistcha|Matcha Gotcha|p2a: Floette|[spread] p2a,p2b
|-damage|p2a: Floette|82/100
|-heal|p1b: Sinistcha|66/100|[from] drain|[of] p2a: Floette
|-damage|p2b: Maushold|71/100
|-heal|p1b: Sinistcha|80/100|[from] drain|[of] p2b: Maushold
|
|upkeep
|
|t:|1784170541
|switch|p1a: Excadrill|Excadrill, L50, F|100/100
|turn|3
|
|t:|1784170546
|move|p1a: Excadrill|Protect|p1a: Excadrill
|-singleturn|p1a: Excadrill|Protect
|move|p2b: Maushold|Follow Me|p2b: Maushold
|-singleturn|p2b: Maushold|move: Follow Me
|move|p2a: Floette|Moonblast|p1b: Sinistcha
|-damage|p1b: Sinistcha|0 fnt
|faint|p1b: Sinistcha
|
|upkeep
|
|t:|1784170554
|switch|p1b: Tyranitar|Tyranitar, L50, M|100/100
|-weather|Sandstorm|[from] ability: Sand Stream|[of] p1b: Tyranitar
|turn|4
|
|t:|1784170560
|detailschange|p1b: Tyranitar|Tyranitar-Mega, L50, M
|-mega|p1b: Tyranitar|Tyranitar|Tyranitarite
|move|p2b: Maushold|Follow Me|p2b: Maushold
|-singleturn|p2b: Maushold|move: Follow Me
|move|p1a: Excadrill|Iron Head|p2b: Maushold
|-damage|p2b: Maushold|22/100
|move|p2a: Floette|Dazzling Gleam|p1b: Tyranitar|[spread] p1a,p1b
|-resisted|p1a: Excadrill|1
|-supereffective|p1b: Tyranitar|1
|-damage|p1a: Excadrill|62/100
|-damage|p1b: Tyranitar|39/100
|move|p1b: Tyranitar|Dragon Dance|p1b: Tyranitar
|-boost|p1b: Tyranitar|atk|1
|-boost|p1b: Tyranitar|spe|1
|
|-weather|Sandstorm|[upkeep]
|-damage|p2b: Maushold|16/100|[from] Sandstorm
|-damage|p2a: Floette|76/100|[from] Sandstorm
|upkeep
|turn|5
|
|t:|1784170571
|switch|p2b: Politoed|Politoed, L50, M|100/100
|-weather|RainDance|[from] ability: Drizzle|[of] p2b: Politoed
|move|p1b: Tyranitar|Rock Slide|p2b: Politoed|[spread] p2a,p2b
|-damage|p2a: Floette|25/100
|-damage|p2b: Politoed|54/100
|move|p2a: Floette|Dazzling Gleam|p1a: Excadrill|[spread] p1a,p1b
|-resisted|p1a: Excadrill|1
|-supereffective|p1b: Tyranitar|1
|-damage|p1a: Excadrill|25/100
|-damage|p1b: Tyranitar|0 fnt
|faint|p1b: Tyranitar
|move|p1a: Excadrill|Iron Head|p2a: Floette
|-supereffective|p2a: Floette|1
|-damage|p2a: Floette|0 fnt
|faint|p2a: Floette
|
|-weather|RainDance|[upkeep]
|-heal|p2b: Politoed|60/100|[from] item: Leftovers
|upkeep
|
|t:|1784170574
|switch|p2a: Sinistcha|Sinistcha, L50, shiny|100/100
|-heal|p2b: Politoed|85/100|[from] ability: Hospitality|[of] p2a: Sinistcha
|turn|6
|-message|ZeraXx forfeited.
|
|win|master 792
|raw|ZeraXx's rating: 1257 → 1228(-29 for losing)
|raw|master 792's rating: 1200 → 1229(+29 for winning)
|l|☆ZeraXx
|player|p1|
