|j|☆liamj vgc!
|j|☆Sir AaronVGC
|html|liamj vgc!Sir AaronVGC    
|uhtml|bestof|Game 2 of a best-of-3
|t:|1783536077
|gametype|doubles
|player|p1|liamj vgc!|leon-tower|
|player|p2|Sir AaronVGC|#smogonxnpa2026draftee2|
|gen|9
|tier|[Gen 9 Champions] VGC 2026 Reg M-B (Bo3)
|rule|Species Clause: Limit one of each Pokémon
|rule|Item Clause: Limit 1 of each item
|clearpoke
|poke|p1|Gengar, L50, F, shiny|
|poke|p1|Incineroar, L50, F, shiny|
|poke|p1|Sinistcha, L50|
|poke|p1|Politoed, L50, F|
|poke|p1|Staraptor, L50, F|
|poke|p1|Archaludon, L50, M, shiny|
|poke|p2|Aerodactyl, L50, F, shiny|
|poke|p2|Sneasler, L50, F, shiny|
|poke|p2|Froslass, L50, F|
|poke|p2|Tsareena, L50, F, shiny|
|poke|p2|Kingambit, L50, M|
|poke|p2|Basculegion, L50, M|
|teampreview|4
|showteam|p1|Gengar||Gengarite|CursedBody|ShadowBall,PerishSong,Disable,Protect|Timid||F|||50|]Incineroar||PasshoBerry|Intimidate|Protect,FakeOut,ThroatChop,PartingShot|Impish||F|||50|]Sinistcha||ColburBerry|Hospitality|GigaDrain,RagePowder,StrengthSap,Protect|Calm|||||50|]Politoed||SitrusBerry|Drizzle|WeatherBall,PerishSong,Encore,Protect|Bold||F|||50|]Staraptor||Staraptite|Intimidate|CloseCombat,BraveBird,Roost,Protect|Jolly||F|||50|]Archaludon||Magnet|Stalwart|FlashCannon,ElectroShot,DragonPulse,Protect|Modest||M|||50|
|showteam|p2|Aerodactyl||Aerodactylite|Unnerve|RockSlide,DualWingbeat,Tailwind,Protect|Jolly||F|||50|]Sneasler||LifeOrb|PoisonTouch|DireClaw,CloseCombat,FakeOut,Protect|Adamant||F|||50|]Froslass||Froslassite|SnowCloak|Blizzard,ShadowBall,DestinyBond,Protect|Timid||F|||50|]Tsareena||WideLens|QueenlyMajesty|PowerWhip,LowKick,TripleAxel,HelpingHand|Adamant||F|||50|]Kingambit||BlackGlasses|Defiant|KowtowCleave,SuckerPunch,SwordsDance,Protect|Adamant||M|||50|]Basculegion||FocusSash|Adaptability|Liquidation,LastRespects,AquaJet,Protect|Adamant||M|||50|
|inactive|Battle timer is ON: inactive players will automatically lose when time's up. (requested by liamj vgc!)
|inactive|Sir AaronVGC has 60 seconds left.
|
|t:|1783536117
|teamsize|p1|4
|teamsize|p2|4
|start
|switch|p1a: Gengar|Gengar, L50, F, shiny|100/100
|switch|p1b: Sinistcha|Sinistcha, L50|100/100
|switch|p2a: Aria|Froslass, L50, F|100/100
|switch|p2b: Robespierre|Kingambit, L50, M|100/100
|turn|1
|
|t:|1783536134
|switch|p2b: Houndfish|Basculegion, L50, M|100/100
|detailschange|p1a: Gengar|Gengar-Mega, L50, F, shiny
|-mega|p1a: Gengar|Gengar|Gengarite
|detailschange|p2a: Aria|Froslass-Mega, L50, F
|-mega|p2a: Aria|Froslass|Froslassite
|-weather|Snowscape|[from] ability: Snow Warning|[of] p2a: Aria
|move|p1b: Sinistcha|Rage Powder|p1b: Sinistcha
|-singleturn|p1b: Sinistcha|move: Rage Powder
|move|p1a: Gengar|Shadow Ball|p2a: Aria
|-supereffective|p2a: Aria|1
|-damage|p2a: Aria|0 fnt
|faint|p2a: Aria
|
|-weather|Snowscape|[upkeep]
|upkeep
|
|t:|1783536150
|switch|p2a: Robespierre|Kingambit, L50, M|100/100
|turn|2
|inactive|liamj vgc! has 30 seconds left.
|inactive|Sir AaronVGC has 30 seconds left.
|
|t:|1783536186
|move|p1a: Gengar|Protect|p1a: Gengar
|-singleturn|p1a: Gengar|Protect
|move|p2b: Houndfish|Last Respects|p1b: Sinistcha
|-supereffective|p1b: Sinistcha|1
|-damage|p1b: Sinistcha|0 fnt
|faint|p1b: Sinistcha
|move|p2a: Robespierre|Swords Dance|p2a: Robespierre
|-boost|p2a: Robespierre|atk|2
|
|-weather|Snowscape|[upkeep]
|upkeep
|
|t:|1783536196
|switch|p1b: Politoed|Politoed, L50, F|100/100
|-weather|RainDance|[from] ability: Drizzle|[of] p1b: Politoed
|turn|3
|j| TheOneAndOnlyChat
|
|t:|1783536213
|switch|p1a: Incineroar|Incineroar, L50, F, shiny|100/100
|-ability|p1a: Incineroar|Intimidate|boost
|-unboost|p2a: Robespierre|atk|1
|-ability|p2a: Robespierre|Defiant|boost
|-boost|p2a: Robespierre|atk|2
|-unboost|p2b: Houndfish|atk|1
|move|p2a: Robespierre|Sucker Punch||[still]
|-fail|p2a: Robespierre
|move|p2b: Houndfish|Liquidation|p1a: Incineroar
|-supereffective|p1a: Incineroar|1
|-enditem|p1a: Incineroar|Passho Berry|[eat]
|-enditem|p1a: Incineroar|Passho Berry|[weaken]
|-damage|p1a: Incineroar|55/100
|move|p1b: Politoed|Encore|p2a: Robespierre
|-start|p2a: Robespierre|Encore
|
|-weather|RainDance|[upkeep]
|upkeep
|turn|4
|
|t:|1783536238
|switch|p2a: Koroleva|Tsareena, L50, F, shiny|100/100
|move|p2b: Houndfish|Liquidation|p1a: Incineroar
|-supereffective|p1a: Incineroar|1
|-damage|p1a: Incineroar|0 fnt
|faint|p1a: Incineroar
|move|p1b: Politoed|Perish Song|p1b: Politoed
|-start|p1b: Politoed|perish3|[silent]
|-start|p2a: Koroleva|perish3|[silent]
|-start|p2b: Houndfish|perish3|[silent]
|-fieldactivate|move: Perish Song
|
|-weather|RainDance|[upkeep]
|-start|p2b: Houndfish|perish3
|-start|p2a: Koroleva|perish3
|-start|p1b: Politoed|perish3
|upkeep
|
|t:|1783536242
|switch|p1a: Gengar|Gengar-Mega, L50, F, shiny|100/100
|turn|5
|j| Eco N2Ever
|j| TG511
|inactive|Sir AaronVGC has 30 seconds left.
|
|t:|1783536267
|move|p1a: Gengar|Protect|p1a: Gengar
|-singleturn|p1a: Gengar|Protect
|move|p2b: Houndfish|Liquidation|p1a: Gengar
|-activate|p1a: Gengar|move: Protect
|move|p2a: Koroleva|Triple Axel|p1a: Gengar
|-activate|p1a: Gengar|move: Protect
|move|p1b: Politoed|Weather Ball|p2b: Houndfish
|-resisted|p2b: Houndfish|1
|-damage|p2b: Houndfish|72/100
|
|-weather|RainDance|[upkeep]
|-start|p2b: Houndfish|perish2
|-start|p2a: Koroleva|perish2
|-start|p1b: Politoed|perish2
|upkeep
|turn|6
|inactive|liamj vgc! has 30 seconds left.
|
|t:|1783536295
|move|p2a: Koroleva|Helping Hand|p2b: Houndfish
|-singleturn|p2b: Houndfish|Helping Hand|[of] p2a: Koroleva
|move|p1a: Gengar|Shadow Ball|p2b: Houndfish
|-supereffective|p2b: Houndfish|1
|-damage|p2b: Houndfish|0 fnt
|faint|p2b: Houndfish
|move|p1b: Politoed|Perish Song|p1b: Politoed
|-start|p1a: Gengar|perish3|[silent]
|-fieldactivate|move: Perish Song
|
|-weather|RainDance|[upkeep]
|-start|p1a: Gengar|perish3
|-start|p2a: Koroleva|perish1
|-start|p1b: Politoed|perish1
|upkeep
|
|t:|1783536305
|switch|p2b: Robespierre|Kingambit, L50, M|100/100
|turn|7
|l| Eco N2Ever
|inactive|Sir AaronVGC has 30 seconds left.
|
|t:|1783536334
|move|p1a: Gengar|Disable||[still]
|-fail|p1a: Gengar
|move|p2a: Koroleva|Power Whip|p1b: Politoed
|-supereffective|p1b: Politoed|1
|-damage|p1b: Politoed|0 fnt
|faint|p1b: Politoed
|move|p2b: Robespierre|Kowtow Cleave|p1a: Gengar
|-supereffective|p1a: Gengar|1
|-damage|p1a: Gengar|0 fnt
|faint|p1a: Gengar
|
|win|Sir AaronVGC
||liamj vgc! is ready for game 3.
||Sir AaronVGC is ready for game 3.
|uhtml|next|Next: Game 3 of 3
|l| TG511
|l| TheOneAndOnlyChat
