|j|☆markume100
|j|☆twittle twister
|html|markume100twittle twister    
|uhtml|bestof|Game 2 of a best-of-3
|t:|1756765385
|gametype|doubles
|player|p1|markume100|hiker-gen4|1097
|player|p2|twittle twister|2|1045
|gen|9
|tier|[Gen 9] VGC 2025 Reg H (Bo3)
|rated|
|rule|Species Clause: Limit one of each Pokémon
|rule|Item Clause: Limit 1 of each item
|clearpoke
|poke|p1|Indeedee-F, L50, F|
|poke|p1|Gallade, L50, M|
|poke|p1|Torkoal, L50, M|
|poke|p1|Ursaluna, L50, M|
|poke|p1|Exeggutor, L50, F|
|poke|p1|Zoroark-Hisui, L50, M|
|poke|p2|Ursaluna-Bloodmoon, L50, M|
|poke|p2|Tyranitar, L50, F|
|poke|p2|Sneasler, L50, M|
|poke|p2|Rillaboom, L50, F|
|poke|p2|Amoonguss, L50, M|
|poke|p2|Arcanine-Hisui, L50, M|
|teampreview|4
|showteam|p1|Indeedee-F||RockyHelmet|PsychicSurge|Psychic,HelpingHand,FollowMe,TrickRoom|||F|||50|,,,,,Grass]Gallade||ScopeLens|Sharpness|SacredSword,PsychoCut,TrickRoom,WideGuard|||M|||50|,,,,,Grass]Torkoal||Charcoal|Drought|Eruption,WeatherBall,ClearSmog,Protect|||M|||50|,,,,,Fire]Ursaluna||FlameOrb|Guts|Facade,HeadlongRush,Earthquake,Protect|||M|||50|,,,,,Ghost]Exeggutor||FocusSash|Chlorophyll|ExpandingForce,LeafStorm,SleepPowder,TrickRoom|||F|||50|,,,,,Psychic]Zoroark-Hisui||ChoiceSpecs|Illusion|HyperBeam,HyperVoice,ShadowBall,FocusBlast|||M|||50|,,,,,Normal
|showteam|p2|Ursaluna-Bloodmoon||ThroatSpray|MindsEye|BloodMoon,HyperVoice,Protect,EarthPower|||M|||50|,,,,,Ghost]Tyranitar||AssaultVest|SandStream|TeraBlast,KnockOff,RockSlide,Earthquake|||F|||50|,,,,,Flying]Sneasler||GrassySeed|Unburden|Acrobatics,CloseCombat,DireClaw,Protect|||M|||50|,,,,,Flying]Rillaboom||MiracleSeed|GrassySurge|GrassyGlide,KnockOff,FakeOut,Uturn|||F|||50|,,,,,Fire]Amoonguss||SitrusBerry|Regenerator|Protect,Spore,RagePowder,PollenPuff|||M|||50|,,,,,Water]Arcanine-Hisui||LoadedDice|Intimidate|ExtremeSpeed,FlareBlitz,RockBlast,Protect|||M|||50|,,,,,Fire
|inactive|Battle timer is ON: inactive players will automatically lose when time's up. (requested by twittle twister)
|
|t:|1756765430
|teamsize|p1|4
|teamsize|p2|4
|start
|switch|p1a: Torkoal|Torkoal, L50, M|100/100
|switch|p1b: Exeggutor|Exeggutor, L50, F|100/100
|switch|p2a: Amoonguss|Amoonguss, L50, M|100/100
|switch|p2b: Ursaluna|Ursaluna-Bloodmoon, L50, M|100/100
|-weather|SunnyDay|[from] ability: Drought|[of] p1a: Torkoal
|turn|1
|inactive|twittle twister has 30 seconds left.
|inactive|twittle twister has 20 seconds left.
|
|t:|1756765468
|switch|p1a: Indeedee|Indeedee-F, L50, F|100/100
|-fieldstart|move: Psychic Terrain|[from] ability: Psychic Surge|[of] p1a: Indeedee
|-terastallize|p1b: Exeggutor|Psychic
|move|p2b: Ursaluna|Protect|p2b: Ursaluna
|-singleturn|p2b: Ursaluna|Protect
|move|p1b: Exeggutor|Expanding Force|p2b: Ursaluna|[spread] p2a
|-activate|p2b: Ursaluna|move: Protect
|-supereffective|p2a: Amoonguss
|-damage|p2a: Amoonguss|0 fnt
|faint|p2a: Amoonguss
|
|-weather|SunnyDay|[upkeep]
|upkeep
|
|t:|1756765480
|switch|p2a: Tyranitar|Tyranitar, L50, F|100/100
|-weather|Sandstorm|[from] ability: Sand Stream|[of] p2a: Tyranitar
|turn|2
|
|t:|1756765499
|move|p1a: Indeedee|Follow Me|p1a: Indeedee
|-singleturn|p1a: Indeedee|move: Follow Me
|move|p2a: Tyranitar|Knock Off|p1a: Indeedee
|-supereffective|p1a: Indeedee
|-damage|p1a: Indeedee|2/100
|-damage|p2a: Tyranitar|84/100|[from] item: Rocky Helmet|[of] p1a: Indeedee
|-enditem|p1a: Indeedee|Rocky Helmet|[from] move: Knock Off|[of] p2a: Tyranitar
|move|p2b: Ursaluna|Hyper Voice|p1a: Indeedee|[spread] p1a,p1b
|-damage|p1a: Indeedee|0 fnt
|-damage|p1b: Exeggutor|54/100
|faint|p1a: Indeedee
|-enditem|p2b: Ursaluna|Throat Spray
|-boost|p2b: Ursaluna|spa|1|[from] item: Throat Spray
|move|p1b: Exeggutor|Trick Room|p1b: Exeggutor
|-fieldstart|move: Trick Room|[of] p1b: Exeggutor
|
|-weather|Sandstorm|[upkeep]
|-damage|p1b: Exeggutor|48/100|[from] Sandstorm
|upkeep
|
|t:|1756765518
|switch|p1a: Torkoal|Torkoal, L50, M|100/100
|-weather|SunnyDay|[from] ability: Drought|[of] p1a: Torkoal
|turn|3
|
|t:|1756765535
|switch|p2a: Arcanine|Arcanine-Hisui, L50, M|100/100
|-ability|p2a: Arcanine|Intimidate|boost
|-unboost|p1a: Torkoal|atk|1
|-unboost|p1b: Exeggutor|atk|1
|move|p2b: Ursaluna|Protect|p2b: Ursaluna
|-singleturn|p2b: Ursaluna|Protect
|move|p1a: Torkoal|Eruption|p2a: Arcanine|[spread] p2a
|-activate|p2b: Ursaluna|move: Protect
|-resisted|p2a: Arcanine
|-damage|p2a: Arcanine|78/100
|move|p1b: Exeggutor|Sleep Powder|p2a: Arcanine|[miss]
|-miss|p1b: Exeggutor|p2a: Arcanine
|
|-weather|SunnyDay|[upkeep]
|upkeep
|turn|4
|
|t:|1756765558
|move|p1a: Torkoal|Eruption|p2a: Arcanine|[spread] p2a,p2b
|-resisted|p2a: Arcanine
|-damage|p2a: Arcanine|52/100
|-damage|p2b: Ursaluna|10/100
|move|p2b: Ursaluna|Hyper Voice|p1b: Exeggutor|[spread] p1a,p1b
|-damage|p1a: Torkoal|24/100
|-damage|p1b: Exeggutor|0 fnt
|faint|p1b: Exeggutor
|move|p2a: Arcanine|Rock Blast|p1a: Torkoal
|-supereffective|p1a: Torkoal
|-damage|p1a: Torkoal|3/100
|-supereffective|p1a: Torkoal
|-damage|p1a: Torkoal|0 fnt
|faint|p1a: Torkoal
|-hitcount|p1: Torkoal|2
|
|-weather|SunnyDay|[upkeep]
|upkeep
|
|t:|1756765566
|switch|p1a: Gallade|Gallade, L50, M|100/100
|turn|5
|
|t:|1756765585
|move|p2a: Arcanine|Protect|p2a: Arcanine
|-singleturn|p2a: Arcanine|Protect
|move|p2b: Ursaluna|Earth Power|p1a: Gallade
|-damage|p1a: Gallade|30/100
|move|p1a: Gallade|Sacred Sword|p2a: Arcanine
|-activate|p2a: Arcanine|move: Protect
|
|-weather|SunnyDay|[upkeep]
|-fieldend|move: Psychic Terrain
|upkeep
|turn|6
|
|t:|1756765597
|move|p2b: Ursaluna|Protect|p2b: Ursaluna
|-singleturn|p2b: Ursaluna|Protect
|move|p2a: Arcanine|Extreme Speed|p1a: Gallade
|-damage|p1a: Gallade|0 fnt
|faint|p1a: Gallade
|
|win|twittle twister
|raw|markume100's rating: 1097 → 1069(-28 for losing)
|raw|twittle twister's rating: 1045 → 1083(+38 for winning)
