|j|☆exposniffer
|j|☆fgyhung
|html|exposnifferfgyhung    
|uhtml|bestof|Game 3 of a best-of-3
|t:|1757130909
|gametype|doubles
|player|p1|exposniffer|blue|1129
|player|p2|fgyhung|2|1203
|gen|9
|tier|[Gen 9] VGC 2025 Reg H (Bo3)
|rated|
|rule|Species Clause: Limit one of each Pokémon
|rule|Item Clause: Limit 1 of each item
|clearpoke
|poke|p1|Gholdengo, L50|
|poke|p1|Dragonite, L50, F|
|poke|p1|Ursaluna-Bloodmoon, L50, M|
|poke|p1|Ninetales-Alola, L50, M|
|poke|p1|Annihilape, L50, M|
|poke|p1|Incineroar, L50, F|
|poke|p2|Basculegion, L50, M|
|poke|p2|Pelipper, L50, M|
|poke|p2|Amoonguss, L50, F|
|poke|p2|Incineroar, L50, M|
|poke|p2|Archaludon, L50, F|
|poke|p2|Porygon2, L50|
|teampreview|4
|showteam|p1|Gholdengo||MetalCoat|GoodasGold|MakeItRain,ShadowBall,NastyPlot,Protect||||||50|,,,,,Water]Dragonite||LoadedDice|Multiscale|ScaleShot,ExtremeSpeed,Haze,Protect|||F|||50|,,,,,Steel]Ursaluna-Bloodmoon||AssaultVest|MindsEye|BloodMoon,HyperVoice,EarthPower,VacuumWave|||M|||50|,,,,,Water]Ninetales-Alola||FocusSash|SnowWarning|Blizzard,IcyWind,AuroraVeil,IcicleSpear|||M|||50|,,,,,Ghost]Annihilape||SafetyGoggles|Defiant|CloseCombat,RageFist,Coaching,Taunt|||M|||50|,,,,,Fire]Incineroar||RockyHelmet|Intimidate|KnockOff,FlareBlitz,PartingShot,FakeOut|||F|||50|,,,,,Ghost
|showteam|p2|Basculegion||LifeOrb|SwiftSwim|WaveCrash,LastRespects,AquaJet,Protect|||M|||50|,,,,,Water]Pelipper||FocusSash|Drizzle|WeatherBall,Hurricane,Tailwind,Protect|||M|||50|,,,,,Stellar]Amoonguss||CovertCloak|Regenerator|RagePowder,Spore,Protect,PollenPuff|||F|||50|,,,,,Fairy]Incineroar||SafetyGoggles|Intimidate|FakeOut,FlareBlitz,PartingShot,KnockOff|||M|||50|,,,,,Bug]Archaludon||AssaultVest|Stamina|DragonPulse,ElectroShot,FlashCannon,BodyPress|||F|||50|,,,,,Grass]Porygon2||Eviolite|Download|TeraBlast,Recover,TrickRoom,IceBeam||||||50|,,,,,Fighting
|
|t:|1757130951
|teamsize|p1|4
|teamsize|p2|4
|start
|switch|p1a: Leon|Annihilape, L50, M|100/100
|switch|p1b: Teddy|Incineroar, L50, F|100/100
|switch|p2a: Incineroar|Incineroar, L50, M|100/100
|switch|p2b: Archaludon|Archaludon, L50, F|100/100
|-ability|p1b: Teddy|Intimidate|boost
|-unboost|p2a: Incineroar|atk|1
|-unboost|p2b: Archaludon|atk|1
|-ability|p2a: Incineroar|Intimidate|boost
|-unboost|p1a: Leon|atk|1
|-ability|p1a: Leon|Defiant|boost
|-boost|p1a: Leon|atk|2
|-unboost|p1b: Teddy|atk|1
|turn|1
|
|t:|1757130973
|switch|p2b: Basculegion|Basculegion, L50, M|100/100
|switch|p2a: Pelipper|Pelipper, L50, M|100/100
|-weather|RainDance|[from] ability: Drizzle|[of] p2a: Pelipper
|move|p1b: Teddy|Fake Out|p2a: Pelipper
|-damage|p2a: Pelipper|90/100
|move|p1a: Leon|Close Combat|p2b: Basculegion
|-immune|p2b: Basculegion
|
|-weather|RainDance|[upkeep]
|upkeep
|turn|2
|
|t:|1757130986
|switch|p1b: Loui|Ninetales-Alola, L50, M|100/100
|-weather|Snowscape|[from] ability: Snow Warning|[of] p1b: Loui
|-terastallize|p2b: Basculegion|Water
|move|p1a: Leon|Rage Fist|p2b: Basculegion
|-damage|p2b: Basculegion|55/100
|move|p2b: Basculegion|Wave Crash|p1a: Leon
|-damage|p1a: Leon|0 fnt
|faint|p1a: Leon
|-damage|p2b: Basculegion|22/100|[from] Recoil
|-damage|p2b: Basculegion|13/100|[from] item: Life Orb
|move|p2a: Pelipper|Weather Ball|p1b: Loui
|-resisted|p1b: Loui
|-damage|p1b: Loui|83/100
|
|-weather|Snowscape|[upkeep]
|upkeep
|
|t:|1757130995
|switch|p1a: Teddy|Incineroar, L50, F|100/100
|-ability|p1a: Teddy|Intimidate|boost
|-unboost|p2a: Pelipper|atk|1
|-unboost|p2b: Basculegion|atk|1
|turn|3
|
|t:|1757131007
|switch|p2a: Incineroar|Incineroar, L50, M|100/100
|-ability|p2a: Incineroar|Intimidate|boost
|-unboost|p1a: Teddy|atk|1
|-unboost|p1b: Loui|atk|1
|-terastallize|p1a: Teddy|Ghost
|move|p2b: Basculegion|Protect|p2b: Basculegion
|-singleturn|p2b: Basculegion|Protect
|move|p1b: Loui|Aurora Veil|p1b: Loui
|-sidestart|p1: exposniffer|move: Aurora Veil
|move|p1a: Teddy|Flare Blitz|p2b: Basculegion
|-activate|p2b: Basculegion|move: Protect
|
|-weather|Snowscape|[upkeep]
|upkeep
|turn|4
|
|t:|1757131033
|switch|p2a: Pelipper|Pelipper, L50, M|90/100
|-weather|RainDance|[from] ability: Drizzle|[of] p2a: Pelipper
|move|p2b: Basculegion|Wave Crash|p1b: Loui
|-damage|p1b: Loui|0 fnt
|faint|p1b: Loui
|-damage|p2b: Basculegion|0 fnt|[from] Recoil
|faint|p2b: Basculegion
|move|p1a: Teddy|Parting Shot|p2a: Pelipper
|-unboost|p2a: Pelipper|atk|1
|-unboost|p2a: Pelipper|spa|1
|
|t:|1757131043
|switch|p1a: Franklin|Dragonite, L50, F|100/100|[from] Parting Shot
|
|-weather|RainDance|[upkeep]
|upkeep
|
|t:|1757131047
|switch|p1b: Teddy|Incineroar, L50, F, tera:Ghost|100/100
|switch|p2b: Archaludon|Archaludon, L50, F|100/100
|-ability|p1b: Teddy|Intimidate|boost
|-unboost|p2a: Pelipper|atk|1
|-unboost|p2b: Archaludon|atk|1
|turn|5
|
|t:|1757131065
|switch|p2a: Incineroar|Incineroar, L50, M|100/100
|-ability|p2a: Incineroar|Intimidate|boost
|-unboost|p1a: Franklin|atk|1
|-unboost|p1b: Teddy|atk|1
|move|p1a: Franklin|Scale Shot|p2a: Incineroar
|-damage|p2a: Incineroar|93/100
|-damage|p2a: Incineroar|86/100
|-damage|p2a: Incineroar|78/100
|-damage|p2a: Incineroar|70/100
|-damage|p2a: Incineroar|63/100
|-hitcount|p2a: Incineroar|5
|-unboost|p1a: Franklin|def|1
|-boost|p1a: Franklin|spe|1
|move|p2b: Archaludon|Electro Shot||[still]
|-prepare|p2b: Archaludon|Electro Shot
|-boost|p2b: Archaludon|spa|1
|-anim|p2b: Archaludon|Electro Shot|p1a: Franklin
|-damage|p1a: Franklin|81/100
|move|p1b: Teddy|Parting Shot|p2b: Archaludon
|-unboost|p2b: Archaludon|atk|1
|-unboost|p2b: Archaludon|spa|1
|
|-weather|RainDance|[upkeep]
|upkeep
|turn|6
|
|t:|1757131085
|move|p1a: Franklin|Protect|p1a: Franklin
|-singleturn|p1a: Franklin|Protect
|move|p2a: Incineroar|Fake Out|p1a: Franklin
|-activate|p1a: Franklin|move: Protect
|move|p2b: Archaludon|Electro Shot||[still]
|-prepare|p2b: Archaludon|Electro Shot
|-boost|p2b: Archaludon|spa|1
|-anim|p2b: Archaludon|Electro Shot|p1b: Teddy
|-damage|p1b: Teddy|66/100
|move|p1b: Teddy|Parting Shot|p2b: Archaludon
|-unboost|p2b: Archaludon|atk|1
|-unboost|p2b: Archaludon|spa|1
|
|-weather|RainDance|[upkeep]
|upkeep
|turn|7
|
|t:|1757131100
|move|p1a: Franklin|Scale Shot|p2a: Incineroar
|-damage|p2a: Incineroar|55/100
|-damage|p2a: Incineroar|48/100
|-damage|p2a: Incineroar|40/100
|-damage|p2a: Incineroar|33/100
|-hitcount|p2a: Incineroar|4
|-unboost|p1a: Franklin|def|1
|-boost|p1a: Franklin|spe|1
|move|p2b: Archaludon|Electro Shot||[still]
|-prepare|p2b: Archaludon|Electro Shot
|-boost|p2b: Archaludon|spa|1
|-anim|p2b: Archaludon|Electro Shot|p1b: Teddy
|-damage|p1b: Teddy|32/100
|move|p1b: Teddy|Knock Off|p2b: Archaludon
|-damage|p2b: Archaludon|80/100
|-ability|p2b: Archaludon|Stamina|boost
|-boost|p2b: Archaludon|def|1
|-enditem|p2b: Archaludon|Assault Vest|[from] move: Knock Off|[of] p1b: Teddy
|move|p2a: Incineroar|Knock Off|p1b: Teddy
|-supereffective|p1b: Teddy
|-damage|p1b: Teddy|0 fnt
|-damage|p2a: Incineroar|16/100|[from] item: Rocky Helmet|[of] p1b: Teddy
|-enditem|p1b: Teddy|Rocky Helmet|[from] move: Knock Off|[of] p2a: Incineroar
|faint|p1b: Teddy
|
|-weather|RainDance|[upkeep]
|-sideend|p1: exposniffer|move: Aurora Veil
|upkeep
|turn|8
|c|☆exposniffer|ggs
|-message|exposniffer forfeited.
|
|win|fgyhung
|raw|exposniffer's rating: 1129 → 1109(-20 for losing)
|raw|fgyhung's rating: 1203 → 1223(+20 for winning)
