|j|☆Frankieon
|j|☆circleslowkeyround
|html|Frankieoncircleslowkeyround    
|uhtml|bestof|Game 1 of a best-of-3
|t:|1757647986
|gametype|doubles
|player|p1|Frankieon|acetrainerf-gen4dp|1192
|player|p2|circleslowkeyround|169|1088
|gen|9
|tier|[Gen 9] VGC 2025 Reg H (Bo3)
|rated|
|rule|Species Clause: Limit one of each Pokémon
|rule|Item Clause: Limit 1 of each item
|clearpoke
|poke|p1|Gholdengo, L50|
|poke|p1|Grimmsnarl, L50, M|
|poke|p1|Archaludon, L50, M|
|poke|p1|Pelipper, L50, F|
|poke|p1|Ursaluna, L50, M|
|poke|p1|Sinistcha, L50|
|poke|p2|Espeon, L50, F|
|poke|p2|Indeedee, L50, M|
|poke|p2|Sneasler, L50, F|
|poke|p2|Gholdengo, L50|
|poke|p2|Tauros-Paldea-Aqua, L50, M|
|poke|p2|Talonflame, L50, M|
|teampreview|4
|showteam|p1|Gholdengo||Leftovers|GoodasGold|MakeItRain,ShadowBall,NastyPlot,Protect||||||50|,,,,,Water]Grimmsnarl||LightClay|Prankster|LightScreen,Reflect,ThunderWave,SpiritBreak|||M|||50|,,,,,Ghost]Archaludon||AssaultVest|Stamina|DracoMeteor,ElectroShot,BodyPress,FlashCannon|||M|||50|,,,,,Electric]Pelipper||FocusSash|Drizzle|MuddyWater,Hurricane,Tailwind,Protect|||F|||50|,,,,,Ghost]Ursaluna||FlameOrb|Guts|Facade,HeadlongRush,Earthquake,Protect|||M|||50|,,,,,Ghost]Sinistcha||SitrusBerry|Hospitality|TrickRoom,MatchaGotcha,LifeDew,RagePowder||||||50|,,,,,Dark
|showteam|p2|Espeon||TwistedSpoon|MagicBounce|Protect,ShadowBall,DazzlingGleam,ExpandingForce|||F|||50|,,,,,Psychic]Indeedee||MindPlate|PsychicSurge|ExpandingForce,DazzlingGleam,HelpingHand,Protect|||M|||50|,,,,,Fairy]Sneasler||PsychicSeed|Unburden|CloseCombat,Acrobatics,DireClaw,Protect|||F|||50|,,,,,Flying]Gholdengo||Leftovers|GoodasGold|MakeItRain,ShadowBall,NastyPlot,Protect||||||50|,,,,,Dragon]Tauros-Paldea-Aqua||ChoiceBand|Intimidate|AquaJet,RagingBull,WaveCrash,CloseCombat|||M|||50|,,,,,Water]Talonflame||FocusSash|GaleWings|Taunt,Tailwind,FlareBlitz,QuickGuard|||M|||50|,,,,,Fire
|inactive|Battle timer is ON: inactive players will automatically lose when time's up. (requested by circleslowkeyround)
|inactive|Frankieon has 60 seconds left.
|
|t:|1757648043
|teamsize|p1|4
|teamsize|p2|4
|start
|switch|p1a: Gholdengo|Gholdengo, L50|100/100
|switch|p1b: Grimmsnarl|Grimmsnarl, L50, M|100/100
|switch|p2a: Gholdengo|Gholdengo, L50, shiny|100/100
|switch|p2b: Talonflame|Talonflame, L50, M, shiny|100/100
|turn|1
|inactive|Frankieon has 30 seconds left.
|
|t:|1757648078
|-terastallize|p1a: Gholdengo|Water
|move|p1b: Grimmsnarl|Light Screen|p1b: Grimmsnarl
|-sidestart|p1: Frankieon|move: Light Screen
|move|p2b: Talonflame|Taunt|p1b: Grimmsnarl
|-start|p1b: Grimmsnarl|move: Taunt
|move|p1a: Gholdengo|Shadow Ball|p2a: Gholdengo
|-supereffective|p2a: Gholdengo
|-damage|p2a: Gholdengo|26/100
|move|p2a: Gholdengo|Nasty Plot|p2a: Gholdengo
|-boost|p2a: Gholdengo|spa|2
|
|-heal|p2a: Gholdengo|32/100|[from] item: Leftovers
|upkeep
|turn|2
|inactive|Frankieon has 30 seconds left.
|inactive|circleslowkeyround has 30 seconds left.
|inactive|Frankieon has 20 seconds left.
|
|t:|1757648115
|move|p2a: Gholdengo|Protect|p2a: Gholdengo
|-singleturn|p2a: Gholdengo|Protect
|move|p2b: Talonflame|Tailwind|p2b: Talonflame
|-sidestart|p2: circleslowkeyround|move: Tailwind
|move|p1a: Gholdengo|Shadow Ball|p2a: Gholdengo
|-activate|p2a: Gholdengo|move: Protect
|move|p1b: Grimmsnarl|Spirit Break|p2b: Talonflame
|-resisted|p2b: Talonflame
|-damage|p2b: Talonflame|75/100
|-unboost|p2b: Talonflame|spa|1
|
|-heal|p2a: Gholdengo|39/100|[from] item: Leftovers
|upkeep
|turn|3
|inactive|circleslowkeyround has 30 seconds left.
|inactive|circleslowkeyround has 20 seconds left.
|
|t:|1757648151
|switch|p2b: Indeedee|Indeedee, L50, M|100/100
|-fieldstart|move: Psychic Terrain|[from] ability: Psychic Surge|[of] p2b: Indeedee
|-terastallize|p2a: Gholdengo|Dragon
|move|p2a: Gholdengo|Nasty Plot|p2a: Gholdengo
|-boost|p2a: Gholdengo|spa|2
|move|p1a: Gholdengo|Shadow Ball|p2a: Gholdengo
|-damage|p2a: Gholdengo|3/100
|move|p1b: Grimmsnarl|Spirit Break|p2b: Indeedee
|-damage|p2b: Indeedee|50/100
|-unboost|p2b: Indeedee|spa|1
|
|-heal|p2a: Gholdengo|9/100|[from] item: Leftovers
|upkeep
|turn|4
|inactive|Frankieon has 30 seconds left.
|inactive|Frankieon has 20 seconds left.
|
|t:|1757648186
|move|p2b: Indeedee|Expanding Force|p1b: Grimmsnarl|[spread] p1a
|-immune|p1b: Grimmsnarl
|-damage|p1a: Gholdengo|73/100
|move|p2a: Gholdengo|Make It Rain|p1b: Grimmsnarl|[spread] p1a,p1b
|-resisted|p1a: Gholdengo
|-supereffective|p1b: Grimmsnarl
|-damage|p1a: Gholdengo|28/100
|-damage|p1b: Grimmsnarl|0 fnt
|-unboost|p2a: Gholdengo|spa|1
|faint|p1b: Grimmsnarl
|move|p1a: Gholdengo|Make It Rain|p2a: Gholdengo|[spread] p2a,p2b
|-crit|p2b: Indeedee
|-damage|p2a: Gholdengo|0 fnt
|-damage|p2b: Indeedee|0 fnt
|-unboost|p1a: Gholdengo|spa|1
|faint|p2a: Gholdengo
|faint|p2b: Indeedee
|
|-heal|p1a: Gholdengo|34/100|[from] item: Leftovers
|upkeep
|inactive|Frankieon has 30 seconds left.
|inactive|Frankieon has 20 seconds left.
|inactive|Frankieon has 15 seconds left.
|inactive|Frankieon has 10 seconds left.
|inactive|Frankieon has 5 seconds left.
|
|t:|1757648237
|switch|p2b: Sneasler|Sneasler, L50, F|100/100
|switch|p2a: Talonflame|Talonflame, L50, M, shiny|75/100
|switch|p1b: Ursaluna|Ursaluna, L50, M|100/100
|-enditem|p2b: Sneasler|Psychic Seed
|-boost|p2b: Sneasler|spd|1|[from] item: Psychic Seed
|turn|5
|
|t:|1757648261
|switch|p1a: Sinistcha|Sinistcha, L50|100/100
|move|p1b: Ursaluna|Protect|p1b: Ursaluna
|-singleturn|p1b: Ursaluna|Protect
|move|p2b: Sneasler|Close Combat|p1b: Ursaluna
|-activate|p1b: Ursaluna|move: Protect
|move|p2a: Talonflame|Flare Blitz|p1b: Ursaluna
|-activate|p1b: Ursaluna|move: Protect
|
|-sideend|p2: circleslowkeyround|move: Tailwind
|-status|p1b: Ursaluna|brn|[from] item: Flame Orb
|upkeep
|turn|6
|inactive|Frankieon has 30 seconds left.
|inactive|Frankieon has 20 seconds left.
|inactive|Frankieon has 15 seconds left.
|inactive|Frankieon has 10 seconds left.
|inactive|Frankieon has 5 seconds left.
|
|t:|1757648312
|move|p2b: Sneasler|Protect|p2b: Sneasler
|-singleturn|p2b: Sneasler|Protect
|move|p1a: Sinistcha|Rage Powder|p1a: Sinistcha
|-singleturn|p1a: Sinistcha|move: Rage Powder
|move|p2a: Talonflame|Taunt|p1a: Sinistcha
|-start|p1a: Sinistcha|move: Taunt
|move|p1b: Ursaluna|Facade|p2a: Talonflame
|-damage|p2a: Talonflame|0 fnt
|faint|p2a: Talonflame
|
|-damage|p1b: Ursaluna|94/100 brn|[from] brn
|upkeep
|turn|7
|inactive|Frankieon has 30 seconds left.
|inactive|Frankieon has 20 seconds left.
|inactive|Frankieon has 15 seconds left.
|
|t:|1757648356
|switch|p1a: Gholdengo|Gholdengo, L50, tera:Water|34/100
|move|p2b: Sneasler|Dire Claw|p1a: Gholdengo
|-damage|p1a: Gholdengo|0 fnt
|faint|p1a: Gholdengo
|move|p1b: Ursaluna|Headlong Rush|p2b: Sneasler
|-supereffective|p2b: Sneasler
|-damage|p2b: Sneasler|0 fnt
|-unboost|p1b: Ursaluna|def|1
|-unboost|p1b: Ursaluna|spd|1
|faint|p2b: Sneasler
|
|win|Frankieon
||circleslowkeyround is ready for game 2.
|inactive|Frankieon has 30 seconds to confirm battle start!
||Frankieon is ready for game 2.
|uhtml|next|Next: Game 2 of 3
|l|☆circleslowkeyround
|player|p2|
