|j|☆Shminki
|j|☆danicruz.music
|html|Shminkidanicruz.music    
|uhtml|bestof|Game 1 of a best-of-3
|t:|1756952025
|gametype|doubles
|player|p1|Shminki|ethan|1248
|player|p2|danicruz.music|whitney|1103
|gen|9
|tier|[Gen 9] VGC 2025 Reg H (Bo3)
|rated|
|rule|Species Clause: Limit one of each Pokémon
|rule|Item Clause: Limit 1 of each item
|clearpoke
|poke|p1|Gholdengo, L50|
|poke|p1|Sneasler, L50, M|
|poke|p1|Rillaboom, L50, M|
|poke|p1|Dragonite, L50, M|
|poke|p1|Ninetales-Alola, L50, M|
|poke|p1|Arcanine-Hisui, L50, M|
|poke|p2|Dondozo, L50, M|
|poke|p2|Tatsugiri-Stretchy, L50, M|
|poke|p2|Pelipper, L50, F|
|poke|p2|Archaludon, L50, F|
|poke|p2|Dragonite, L50, F|
|poke|p2|Weezing-Galar, L50, M|
|teampreview|4
|showteam|p1|Gholdengo||GrassySeed|GoodasGold|NastyPlot,MakeItRain,ShadowBall,Protect||||||50|,,,,,Water]Sneasler||WhiteHerb|Unburden|CloseCombat,DireClaw,Coaching,Protect|||M|||50|,,,,,Ghost]Rillaboom||AssaultVest|GrassySurge|FakeOut,GrassyGlide,DrumBeating,HighHorsepower|||M|||50|,,,,,Fire]Dragonite||LoadedDice|Multiscale|ScaleShot,StompingTantrum,Tailwind,Protect|||M|||50|,,,,,Ground]Ninetales-Alola||FocusSash|SnowWarning|Blizzard,IcyWind,Encore,AuroraVeil|||M|||50|,,,,,Ghost]Arcanine-Hisui||ClearAmulet|Intimidate|RockSlide,FlareBlitz,ExtremeSpeed,Protect|||M|||50|,,,,,Water
|showteam|p2|Dondozo||Leftovers|Unaware|WaveCrash,Earthquake,OrderUp,Protect|||M|||50|,,,,,Ground]Tatsugiri-Stretchy||FocusSash|Commander|DragonPulse,DracoMeteor,MuddyWater,IcyWind|||M|||50|,,,,,Fairy]Pelipper||CovertCloak|Drizzle|Hurricane,WeatherBall,WideGuard,Tailwind|||F|||50|,,,,,Fire]Archaludon||PowerHerb|Stalwart|ElectroShot,FlashCannon,DracoMeteor,Protect|||F|||50|,,,,,Electric]Dragonite||LoadedDice|InnerFocus|ScaleShot,ExtremeSpeed,Protect,Tailwind|||F|||50|,,,,,Normal]Weezing-Galar||RockyHelmet|MistySurge|DazzlingGleam,StrangeSteam,SludgeBomb,Protect|||M|||50|,,,,,Poison
|inactive|Battle timer is ON: inactive players will automatically lose when time's up. (requested by danicruz.music)
|inactive|Shminki also wants the timer to be on.
|j| teamthief420
|inactive|Shminki has 60 seconds left.
|l| teamthief420
|inactive|Shminki has 30 seconds left.
|inactive|Shminki has 20 seconds left.
|
|t:|1756952098
|teamsize|p1|4
|teamsize|p2|4
|start
|switch|p1a: Dragonite|Dragonite, L50, M|100/100
|switch|p1b: Arcanine|Arcanine-Hisui, L50, M|100/100
|switch|p2a: Dragonite|Dragonite, L50, F|100/100
|switch|p2b: Weezing|Weezing-Galar, L50, M|100/100
|-ability|p1b: Arcanine|Intimidate|boost
|-fail|p2a: Dragonite|unboost|Attack|[from] ability: Inner Focus|[of] p2a: Dragonite
|-unboost|p2b: Weezing|atk|1
|-fieldstart|move: Misty Terrain|[from] ability: Misty Surge|[of] p2b: Weezing
|turn|1
|inactive|Shminki has 30 seconds left.
|
|t:|1756952128
|-terastallize|p1a: Dragonite|Ground
|move|p1b: Arcanine|Rock Slide|p2a: Dragonite|[spread] p2a,p2b
|-supereffective|p2a: Dragonite
|-damage|p2a: Dragonite|45/100
|-damage|p2b: Weezing|77/100
|move|p2a: Dragonite|Scale Shot|p1a: Dragonite
|-damage|p1a: Dragonite|97/100
|-damage|p1a: Dragonite|89/100
|-damage|p1a: Dragonite|82/100
|-damage|p1a: Dragonite|75/100
|-damage|p1a: Dragonite|67/100
|-hitcount|p1a: Dragonite|5
|-unboost|p2a: Dragonite|def|1
|-boost|p2a: Dragonite|spe|1
|move|p1a: Dragonite|Tailwind|p1a: Dragonite
|-sidestart|p1: Shminki|move: Tailwind
|move|p2b: Weezing|Dazzling Gleam|p1b: Arcanine|[spread] p1a,p1b
|-resisted|p1b: Arcanine
|-crit|p1b: Arcanine
|-damage|p1a: Dragonite|41/100
|-damage|p1b: Arcanine|76/100
|
|upkeep
|turn|2
|inactive|Shminki has 30 seconds left.
|inactive|danicruz.music has 30 seconds left.
|
|t:|1756952165
|move|p2a: Dragonite|Protect|p2a: Dragonite
|-singleturn|p2a: Dragonite|Protect
|move|p1b: Arcanine|Rock Slide|p2a: Dragonite|[spread] p2b
|-activate|p2a: Dragonite|move: Protect
|-damage|p2b: Weezing|53/100
|move|p1a: Dragonite|Stomping Tantrum|p2b: Weezing
|-supereffective|p2b: Weezing
|-damage|p2b: Weezing|0 fnt
|-damage|p1a: Dragonite|25/100|[from] item: Rocky Helmet|[of] p2b: Weezing
|faint|p2b: Weezing
|
|upkeep
|
|t:|1756952174
|switch|p2b: Dondozo|Dondozo, L50, M|100/100
|turn|3
|
|t:|1756952195
|switch|p1b: Rillaboom|Rillaboom, L50, M|100/100
|-fieldstart|move: Grassy Terrain|[from] ability: Grassy Surge|[of] p1b: Rillaboom
|switch|p1a: Ninetales|Ninetales-Alola, L50, M|100/100
|-weather|Snowscape|[from] ability: Snow Warning|[of] p1a: Ninetales
|switch|p2a: Tatsugiri|Tatsugiri-Stretchy, L50, M|100/100
|-activate|p2a: Tatsugiri|ability: Commander|[of] p2b: Dondozo
|-boost|p2b: Dondozo|atk|2
|-boost|p2b: Dondozo|spa|2
|-boost|p2b: Dondozo|spe|2
|-boost|p2b: Dondozo|def|2
|-boost|p2b: Dondozo|spd|2
|-terastallize|p2b: Dondozo|Ground
|move|p2b: Dondozo|Earthquake|p1b: Rillaboom|[spread] p1a,p1b
|-miss|p2b: Dondozo|p2a: Tatsugiri
|-resisted|p1b: Rillaboom
|-damage|p1a: Ninetales|60/100
|-damage|p1b: Rillaboom|80/100
|
|-weather|Snowscape|[upkeep]
|-heal|p1a: Ninetales|66/100|[from] Grassy Terrain
|-heal|p1b: Rillaboom|86/100|[from] Grassy Terrain
|upkeep
|turn|4
|inactive|Shminki has 30 seconds left.
|
|t:|1756952224
|move|p1b: Rillaboom|Fake Out|p2b: Dondozo
|-damage|p2b: Dondozo|96/100
|move|p1a: Ninetales|Blizzard|p2a: Tatsugiri|[spread] p2b
|-miss|p1a: Ninetales|p2a: Tatsugiri
|-supereffective|p2b: Dondozo
|-damage|p2b: Dondozo|66/100
|cant|p2b: Dondozo|flinch
|
|-weather|Snowscape|[upkeep]
|-heal|p1a: Ninetales|72/100|[from] Grassy Terrain
|-heal|p1b: Rillaboom|92/100|[from] Grassy Terrain
|-heal|p2b: Dondozo|72/100|[from] Grassy Terrain
|-heal|p2b: Dondozo|78/100|[from] item: Leftovers
|-sideend|p1: Shminki|move: Tailwind
|upkeep
|turn|5
|
|t:|1756952233
|move|p1a: Ninetales|Blizzard|p2b: Dondozo|[spread] p2b
|-miss|p1a: Ninetales|p2a: Tatsugiri
|-supereffective|p2b: Dondozo
|-damage|p2b: Dondozo|48/100
|move|p1b: Rillaboom|Drum Beating|p2b: Dondozo
|-supereffective|p2b: Dondozo
|-damage|p2b: Dondozo|17/100
|-unboost|p2b: Dondozo|spe|1
|move|p2b: Dondozo|Earthquake|p1a: Ninetales|[spread] p1a,p1b
|-miss|p2b: Dondozo|p2a: Tatsugiri
|-resisted|p1b: Rillaboom
|-damage|p1a: Ninetales|29/100
|-damage|p1b: Rillaboom|71/100
|
|-weather|Snowscape|[upkeep]
|-heal|p1a: Ninetales|35/100|[from] Grassy Terrain
|-heal|p1b: Rillaboom|77/100|[from] Grassy Terrain
|-heal|p2b: Dondozo|23/100|[from] Grassy Terrain
|-heal|p2b: Dondozo|29/100|[from] item: Leftovers
|upkeep
|turn|6
|
|t:|1756952243
|move|p1a: Ninetales|Blizzard|p2b: Dondozo|[spread] p2b
|-miss|p1a: Ninetales|p2a: Tatsugiri
|-supereffective|p2b: Dondozo
|-damage|p2b: Dondozo|0 fnt
|faint|p2b: Dondozo
|move|p1b: Rillaboom|Drum Beating|p2a: Tatsugiri
|-enditem|p2a: Tatsugiri|Focus Sash
|-damage|p2a: Tatsugiri|1/100
|-unboost|p2a: Tatsugiri|spe|1
|
|-weather|Snowscape|[upkeep]
|-heal|p1a: Ninetales|41/100|[from] Grassy Terrain
|-heal|p1b: Rillaboom|83/100|[from] Grassy Terrain
|-heal|p2a: Tatsugiri|7/100|[from] Grassy Terrain
|upkeep
|
|t:|1756952245
|switch|p2b: Dragonite|Dragonite, L50, F|45/100
|turn|7
|
|t:|1756952254
|move|p2b: Dragonite|Extreme Speed|p1a: Ninetales
|-damage|p1a: Ninetales|15/100
|move|p1b: Rillaboom|Grassy Glide|p2a: Tatsugiri
|-damage|p2a: Tatsugiri|0 fnt
|faint|p2a: Tatsugiri
|move|p1a: Ninetales|Blizzard|p2b: Dragonite
|-supereffective|p2b: Dragonite
|-damage|p2b: Dragonite|0 fnt
|faint|p2b: Dragonite
|
|win|Shminki
|l|☆danicruz.music
|player|p2|
||danicruz.music is ready for game 2.
||Shminki is ready for game 2.
|uhtml|next|Next: Game 2 of 3
