|j|☆Aronaldo2
|j|☆meikh_neiht
|html|Aronaldo2meikh_neiht    
|uhtml|bestof|Game 1 of a best-of-3
|t:|1782529458
|gametype|doubles
|player|p1|Aronaldo2|265|1140
|player|p2|meikh_neiht|lucas|1053
|gen|9
|tier|[Gen 9 Champions] VGC 2026 Reg M-B (Bo3)
|rated|
|rule|Species Clause: Limit one of each Pokémon
|rule|Item Clause: Limit 1 of each item
|clearpoke
|poke|p1|Beartic, L50, F|
|poke|p1|Pelipper, L50, F|
|poke|p1|Swampert, L50, M|
|poke|p1|Sableye, L50, M|
|poke|p1|Incineroar, L50, M|
|poke|p1|Kingambit, L50, M|
|poke|p2|Staraptor, L50, F|
|poke|p2|Sinistcha, L50|
|poke|p2|Maushold, L50|
|poke|p2|Kingambit, L50, M|
|poke|p2|Sneasler, L50, F|
|poke|p2|Delphox, L50, M|
|teampreview|4
|showteam|p1|Beartic||LifeOrb|SwiftSwim|IcicleCrash,RockSlide,Protect,HardPress|Jolly||F|||50|]Pelipper||FocusSash|Drizzle|Protect,WeatherBall,Hurricane,WideGuard|Timid||F|||50|]Swampert||Swampertite|Torrent|Protect,WaveCrash,HighHorsepower,FlipTurn|Adamant||M|||50|]Sableye||MentalHerb|Prankster|Encore,Disable,RainDance,Protect|Sassy||M|||50|]Incineroar||SitrusBerry|Intimidate|FakeOut,PartingShot,ThroatChop,Protect|Impish||M|||50|]Kingambit||BlackGlasses|Defiant|SwordsDance,SuckerPunch,KowtowCleave,Protect|Adamant||M|||50|
|showteam|p2|Staraptor||Staraptite|Intimidate|CloseCombat,BraveBird,Roost,Protect|Adamant||F|||50|]Sinistcha||SitrusBerry|Hospitality|RagePowder,MatchaGotcha,TrickRoom,LifeDew|Calm|||||50|]Maushold||ChopleBerry|FriendGuard|Encore,Charm,FollowMe,Protect|Timid|||||50|]Kingambit||OccaBerry|Defiant|KowtowCleave,SuckerPunch,SwordsDance,Protect|Adamant||M|||50|]Sneasler||WhiteHerb|Unburden|DireClaw,Protect,FakeOut,CloseCombat|Jolly||F|||50|]Delphox||Delphoxite|Blaze|HeatWave,Psyshock,NastyPlot,Protect|Timid||M|||50|
|inactive|Battle timer is ON: inactive players will automatically lose when time's up. (requested by Aronaldo2)
|inactive|Aronaldo2 has 60 seconds left.
|inactive|meikh_neiht has 60 seconds left.
|inactive|meikh_neiht has 30 seconds left.
|
|t:|1782529526
|teamsize|p1|4
|teamsize|p2|4
|start
|switch|p1a: Beartic|Beartic, L50, F|100/100
|switch|p1b: Pelipper|Pelipper, L50, F|100/100
|switch|p2a: Staraptor|Staraptor, L50, F|100/100
|switch|p2b: Maushold|Maushold, L50|100/100
|-ability|p2a: Staraptor|Intimidate|boost
|-unboost|p1a: Beartic|atk|1
|-unboost|p1b: Pelipper|atk|1
|-weather|RainDance|[from] ability: Drizzle|[of] p1b: Pelipper
|turn|1
|
|t:|1782529539
|switch|p1a: Sableye|Sableye, L50, M|100/100
|detailschange|p2a: Staraptor|Staraptor-Mega, L50, F
|-mega|p2a: Staraptor|Staraptor|Staraptite
|move|p2b: Maushold|Follow Me|p2b: Maushold
|-singleturn|p2b: Maushold|move: Follow Me
|move|p2a: Staraptor|Close Combat|p1a: Sableye
|-immune|p1a: Sableye
|move|p1b: Pelipper|Weather Ball|p2b: Maushold
|-damage|p2b: Maushold|20/100y
|
|-weather|RainDance|[upkeep]
|upkeep
|turn|2
|
|t:|1782529561
|move|p1b: Pelipper|Protect|p1b: Pelipper
|-singleturn|p1b: Pelipper|Protect
|move|p2b: Maushold|Follow Me|p2b: Maushold
|-singleturn|p2b: Maushold|move: Follow Me
|move|p1a: Sableye|Disable|p2b: Maushold
|-start|p2b: Maushold|Disable|Follow Me
|move|p2a: Staraptor|Close Combat|p1b: Pelipper
|-activate|p1b: Pelipper|move: Protect
|
|-weather|RainDance|[upkeep]
|upkeep
|turn|3
|
|t:|1782529577
|move|p1a: Sableye|Disable|p2a: Staraptor
|-start|p2a: Staraptor|Disable|Close Combat
|move|p2b: Maushold|Encore|p1b: Pelipper
|-start|p1b: Pelipper|Encore
|move|p1b: Pelipper|Protect||[still]
|-fail|p1b: Pelipper
|cant|p2a: Staraptor|Disable|Close Combat
|
|-weather|RainDance|[upkeep]
|upkeep
|turn|4
|
|t:|1782529593
|switch|p2b: Sinistcha|Sinistcha, L50|100/100
|switch|p1b: Swampert|Swampert, L50, M|100/100
|move|p2a: Staraptor|Protect|p2a: Staraptor
|-singleturn|p2a: Staraptor|Protect
|move|p1a: Sableye|Encore|p2a: Staraptor
|-activate|p2a: Staraptor|move: Protect
|
|-weather|RainDance|[upkeep]
|upkeep
|turn|5
|inactive|meikh_neiht has 30 seconds left.
|
|t:|1782529621
|switch|p2a: Sneasler|Sneasler, L50, F|100/100
|detailschange|p1b: Swampert|Swampert-Mega, L50, M
|-mega|p1b: Swampert|Swampert|Swampertite
|move|p1a: Sableye|Encore||[still]
|-fail|p1a: Sableye
|move|p1b: Swampert|Flip Turn|p2b: Sinistcha
|-resisted|p2b: Sinistcha|1
|-damage|p2b: Sinistcha|76/100
|
|t:|1782529632
|switch|p1b: Beartic|Beartic, L50, F|100/100|[from] Flip Turn
|move|p2b: Sinistcha|Matcha Gotcha|p1a: Sableye|[spread] p1a
|-miss|p2b: Sinistcha|p1b: Beartic
|-damage|p1a: Sableye|72/100
|-heal|p2b: Sinistcha|88/100|[from] drain|[of] p1a: Sableye
|
|-weather|none
|upkeep
|turn|6
|
|t:|1782529654
|move|p1a: Sableye|Protect|p1a: Sableye
|-singleturn|p1a: Sableye|Protect
|move|p1b: Beartic|Protect|p1b: Beartic
|-singleturn|p1b: Beartic|Protect
|move|p2a: Sneasler|Close Combat|p1b: Beartic
|-activate|p1b: Beartic|move: Protect
|move|p2b: Sinistcha|Matcha Gotcha|p1b: Beartic|[spread] 
|-activate|p1a: Sableye|move: Protect
|-activate|p1b: Beartic|move: Protect
|
|upkeep
|turn|7
|
|t:|1782529673
|move|p2b: Sinistcha|Rage Powder|p2b: Sinistcha
|-singleturn|p2b: Sinistcha|move: Rage Powder
|move|p1a: Sableye|Disable|p2b: Sinistcha
|-start|p2b: Sinistcha|Disable|Rage Powder
|move|p2a: Sneasler|Close Combat|p1b: Beartic
|-supereffective|p1b: Beartic|1
|-damage|p1b: Beartic|0 fnt
|-unboost|p2a: Sneasler|def|1
|-unboost|p2a: Sneasler|spd|1
|faint|p1b: Beartic
|-enditem|p2a: Sneasler|White Herb
|-clearnegativeboost|p2a: Sneasler|[silent]
|
|upkeep
|
|t:|1782529684
|switch|p1b: Swampert|Swampert-Mega, L50, M|100/100
|turn|8
|
|t:|1782529695
|move|p2a: Sneasler|Protect|p2a: Sneasler
|-singleturn|p2a: Sneasler|Protect
|move|p1a: Sableye|Encore|p2b: Sinistcha
|-start|p2b: Sinistcha|Encore
|cant|p2b: Sinistcha|Disable|Rage Powder
|move|p1b: Swampert|Wave Crash|p2a: Sneasler
|-activate|p2a: Sneasler|move: Protect
|
|upkeep
|turn|9
|
|t:|1782529708
|switch|p2a: Maushold|Maushold, L50|20/100y
|switch|p2b: Staraptor|Staraptor-Mega, L50, F|100/100
|move|p1a: Sableye|Encore||[still]
|-fail|p1a: Sableye
|move|p1b: Swampert|Flip Turn|p2b: Staraptor
|-damage|p2b: Staraptor|74/100
|
|t:|1782529712
|switch|p1b: Pelipper|Pelipper, L50, F|100/100|[from] Flip Turn
|-weather|RainDance|[from] ability: Drizzle|[of] p1b: Pelipper
|
|-weather|RainDance|[upkeep]
|upkeep
|turn|10
|
|t:|1782529722
|switch|p1a: Swampert|Swampert-Mega, L50, M|100/100
|move|p1b: Pelipper|Protect|p1b: Pelipper
|-singleturn|p1b: Pelipper|Protect
|move|p2a: Maushold|Charm|p2b: Staraptor
|-boost|p2b: Staraptor|atk|2
|move|p2b: Staraptor|Brave Bird|p1b: Pelipper
|-activate|p1b: Pelipper|move: Protect
|
|-weather|RainDance|[upkeep]
|upkeep
|turn|11
|
|t:|1782529740
|move|p2a: Maushold|Follow Me|p2a: Maushold
|-singleturn|p2a: Maushold|move: Follow Me
|move|p1a: Swampert|Flip Turn|p2a: Maushold
|-damage|p2a: Maushold|0 fnt
|faint|p2a: Maushold
|
|t:|1782529744
|switch|p1a: Sableye|Sableye, L50, M|72/100|[from] Flip Turn
|move|p2b: Staraptor|Close Combat|p1a: Sableye
|-immune|p1a: Sableye
|move|p1b: Pelipper|Hurricane|p2b: Staraptor
|-supereffective|p2b: Staraptor|1
|-crit|p2b: Staraptor
|-damage|p2b: Staraptor|0 fnt
|faint|p2b: Staraptor
|
|-weather|RainDance|[upkeep]
|upkeep
|c|☆meikh_neiht|sigh
|c|☆meikh_neiht|was the crit so nessecary
|
|t:|1782529756
|switch|p2a: Sneasler|Sneasler, L50, F|100/100
|switch|p2b: Sinistcha|Sinistcha, L50|88/100
|turn|12
|-message|meikh_neiht forfeited.
|
|win|Aronaldo2
||meikh_neiht is ready for game 2.
||Aronaldo2 is ready for game 2.
|uhtml|next|Next: Game 2 of 3
|l|☆Aronaldo2
|player|p1|
