|j|☆riccardofano
|j|☆new mental
|html|riccardofanonew mental    
|uhtml|bestof|Game 2 of a best-of-3
|t:|1785247444
|gametype|doubles
|player|p1|riccardofano|ruinmaniac|1239
|player|p2|new mental|volkner|1283
|gen|9
|tier|[Gen 9 Champions] VGC 2026 Reg M-B (Bo3)
|rated|
|rule|Species Clause: Limit one of each Pokémon
|rule|Item Clause: Limit 1 of each item
|clearpoke
|poke|p1|Hydreigon, L50, F|
|poke|p1|Annihilape, L50, M|
|poke|p1|Metagross, L50|
|poke|p1|Incineroar, L50, F|
|poke|p1|Charizard, L50, F|
|poke|p1|Toxapex, L50, F|
|poke|p2|Charizard, L50, F|
|poke|p2|Garchomp, L50, M|
|poke|p2|Incineroar, L50, M|
|poke|p2|Venusaur, L50, M|
|poke|p2|Toxapex, L50, F|
|poke|p2|Sylveon, L50, F|
|teampreview|4
|showteam|p1|Hydreigon||ChoiceScarf|Levitate|DarkPulse,Snarl,DracoMeteor,HeatWave|Modest||F|||50|]Annihilape||FocusSash|Defiant|CloseCombat,RockTomb,PhantomForce,Protect|Jolly||M|||50|]Metagross||Metagrossite|ClearBody|BulletPunch,StompingTantrum,Protect,PsychicFangs|Jolly|||||50|]Incineroar||SitrusBerry|Intimidate|FakeOut,FlareBlitz,ThroatChop,PartingShot|Impish||F|||50|]Charizard||CharizarditeY|Blaze|HeatWave,WeatherBall,Protect,SolarBeam|Modest||F|||50|]Toxapex||Leftovers|Regenerator|Infestation,Toxic,WideGuard,BanefulBunker|Impish||F|||50|
|showteam|p2|Charizard||CharizarditeY|SolarPower|WeatherBall,HeatWave,AncientPower,Protect|Modest||F|||50|]Garchomp||ChoiceScarf|RoughSkin|RockSlide,DragonClaw,Earthquake,StompingTantrum|Adamant||M|||50|]Incineroar||SitrusBerry|Intimidate|FlareBlitz,FakeOut,DarkestLariat,PartingShot|Impish||M|||50|]Venusaur||LifeOrb|Chlorophyll|SludgeBomb,LeafStorm,EarthPower,Protect|Modest||M|||50|]Toxapex||Leftovers|Regenerator|Infestation,Toxic,WideGuard,BanefulBunker|Bold||F|||50|]Sylveon||FairyFeather|Pixilate|HyperVoice,QuickAttack,Yawn,Detect|Modest||F|||50|
|inactive|Battle timer is ON: inactive players will automatically lose when time's up. (requested by riccardofano)
|
|t:|1785247517
|teamsize|p1|4
|teamsize|p2|4
|start
|switch|p1a: Annihilape|Annihilape, L50, M|100/100
|switch|p1b: Hydreigon|Hydreigon, L50, F|100/100
|switch|p2a: Charizard|Charizard, L50, F|100/100
|switch|p2b: Garchomp|Garchomp, L50, M|100/100
|turn|1
|
|t:|1785247531
|detailschange|p2a: Charizard|Charizard-Mega-Y, L50, F
|-mega|p2a: Charizard|Charizard|Charizardite Y
|-weather|SunnyDay|[from] ability: Drought|[of] p2a: Charizard
|move|p2b: Garchomp|Dragon Claw|p1b: Hydreigon
|-supereffective|p1b: Hydreigon|1
|-damage|p1b: Hydreigon|2/100
|move|p1b: Hydreigon|Draco Meteor|p2b: Garchomp
|-supereffective|p2b: Garchomp|1
|-damage|p2b: Garchomp|0 fnt
|-unboost|p1b: Hydreigon|spa|2
|faint|p2b: Garchomp
|move|p1a: Annihilape|Rock Tomb|p2a: Charizard
|-supereffective|p2a: Charizard|2
|-damage|p2a: Charizard|35/100
|-unboost|p2a: Charizard|spe|1
|move|p2a: Charizard|Weather Ball|p1a: Annihilape
|-damage|p1a: Annihilape|16/100
|
|-weather|SunnyDay|[upkeep]
|upkeep
|
|t:|1785247537
|switch|p2b: Sylveon|Sylveon, L50, F|100/100
|turn|2
|inactive|riccardofano has 30 seconds left.
|inactive|riccardofano has 20 seconds left.
|
|t:|1785247572
|switch|p2a: Toxapex|Toxapex, L50, F|100/100
|move|p1b: Hydreigon|Draco Meteor|p2a: Toxapex
|-damage|p2a: Toxapex|74/100
|-unboost|p1b: Hydreigon|spa|2
|move|p1a: Annihilape|Phantom Force||[still]
|-prepare|p1a: Annihilape|Phantom Force
|move|p2b: Sylveon|Hyper Voice|p1b: Hydreigon|[spread] p1b
|-miss|p2b: Sylveon|p1a: Annihilape
|-supereffective|p1b: Hydreigon|2
|-damage|p1b: Hydreigon|0 fnt
|faint|p1b: Hydreigon
|
|-weather|SunnyDay|[upkeep]
|-heal|p2a: Toxapex|80/100|[from] item: Leftovers
|upkeep
|
|t:|1785247587
|switch|p1b: Metagross|Metagross, L50|100/100
|turn|3
|
|t:|1785247595
|detailschange|p1b: Metagross|Metagross-Mega, L50
|-mega|p1b: Metagross|Metagross|Metagrossite
|move|p1b: Metagross|Psychic Fangs|p2a: Toxapex
|-supereffective|p2a: Toxapex|1
|-damage|p2a: Toxapex|3/100
|move|p1a: Annihilape|Phantom Force|p2a: Toxapex|[from] lockedmove
|-damage|p2a: Toxapex|0 fnt
|faint|p2a: Toxapex
|move|p2b: Sylveon|Yawn|p1b: Metagross
|-start|p1b: Metagross|move: Yawn|[of] p2b: Sylveon
|
|-weather|SunnyDay|[upkeep]
|upkeep
|
|t:|1785247601
|switch|p2a: Charizard|Charizard-Mega-Y, L50, F|35/100
|turn|4
|
|t:|1785247611
|switch|p1b: Toxapex|Toxapex, L50, F|100/100
|move|p1a: Annihilape|Protect|p1a: Annihilape
|-singleturn|p1a: Annihilape|Protect
|move|p2a: Charizard|Protect|p2a: Charizard
|-singleturn|p2a: Charizard|Protect
|move|p2b: Sylveon|Quick Attack|p1a: Annihilape
|-activate|p1a: Annihilape|move: Protect
|
|-weather|SunnyDay|[upkeep]
|upkeep
|turn|5
|
|t:|1785247630
|move|p2b: Sylveon|Quick Attack|p1a: Annihilape
|-supereffective|p1a: Annihilape|1
|-damage|p1a: Annihilape|0 fnt
|faint|p1a: Annihilape
|move|p2a: Charizard|Weather Ball|p1b: Toxapex
|-resisted|p1b: Toxapex|1
|-damage|p1b: Toxapex|64/100
|move|p1b: Toxapex|Toxic|p2b: Sylveon
|-status|p2b: Sylveon|tox
|
|-weather|none
|-heal|p1b: Toxapex|70/100|[from] item: Leftovers
|-damage|p2b: Sylveon|94/100 tox|[from] psn
|upkeep
|
|t:|1785247642
|switch|p1a: Metagross|Metagross-Mega, L50|100/100
|turn|6
|
|t:|1785247659
|move|p1b: Toxapex|Wide Guard|p1b: Toxapex
|-singleturn|p1b: Toxapex|Wide Guard
|move|p1a: Metagross|Bullet Punch|p2b: Sylveon
|-supereffective|p2b: Sylveon|1
|-damage|p2b: Sylveon|40/100 tox
|move|p2a: Charizard|Heat Wave|p1b: Toxapex|[spread] 
|-activate|p1a: Metagross|move: Wide Guard
|-activate|p1b: Toxapex|move: Wide Guard
|move|p2b: Sylveon|Yawn|p1a: Metagross
|-start|p1a: Metagross|move: Yawn|[of] p2b: Sylveon
|
|-heal|p1b: Toxapex|76/100|[from] item: Leftovers
|-damage|p2b: Sylveon|28/100 tox|[from] psn
|upkeep
|turn|7
|
|t:|1785247678
|move|p2a: Charizard|Protect|p2a: Charizard
|-singleturn|p2a: Charizard|Protect
|move|p2b: Sylveon|Detect|p2b: Sylveon
|-singleturn|p2b: Sylveon|Protect
|move|p1a: Metagross|Psychic Fangs|p2a: Charizard
|-activate|p2a: Charizard|move: Protect
|move|p1b: Toxapex|Toxic|p2a: Charizard
|-activate|p2a: Charizard|move: Protect
|
|-heal|p1b: Toxapex|82/100|[from] item: Leftovers
|-damage|p2b: Sylveon|11/100 tox|[from] psn
|-end|p1a: Metagross|move: Yawn|[silent]
|-status|p1a: Metagross|slp
|upkeep
|turn|8
|inactive|riccardofano has 30 seconds left.
|
|t:|1785247709
|move|p1b: Toxapex|Wide Guard|p1b: Toxapex
|-singleturn|p1b: Toxapex|Wide Guard
|cant|p1a: Metagross|slp
|move|p2a: Charizard|Heat Wave|p1b: Toxapex|[spread] 
|-activate|p1a: Metagross|move: Wide Guard
|-activate|p1b: Toxapex|move: Wide Guard
|move|p2b: Sylveon|Yawn|p1b: Toxapex
|-start|p1b: Toxapex|move: Yawn|[of] p2b: Sylveon
|
|-heal|p1b: Toxapex|87/100|[from] item: Leftovers
|-damage|p2b: Sylveon|0 fnt|[from] psn
|faint|p2b: Sylveon
|upkeep
|turn|9
|
|t:|1785247727
|move|p2a: Charizard|Protect|p2a: Charizard
|-singleturn|p2a: Charizard|Protect
|move|p1b: Toxapex|Wide Guard|p1b: Toxapex
|-singleturn|p1b: Toxapex|Wide Guard
|cant|p1a: Metagross|slp
|
|-heal|p1b: Toxapex|93/100|[from] item: Leftovers
|-end|p1b: Toxapex|move: Yawn|[silent]
|-status|p1b: Toxapex|slp
|upkeep
|turn|10
|
|t:|1785247741
|cant|p1b: Toxapex|slp
|-curestatus|p1a: Metagross|slp|[msg]
|move|p1a: Metagross|Psychic Fangs|p2a: Charizard
|-crit|p2a: Charizard
|-damage|p2a: Charizard|0 fnt
|faint|p2a: Charizard
|
|win|riccardofano
