|j|☆Tchoubib
|j|☆spearow's nest
|html|Tchoubibspearow's nest    
|uhtml|bestof|Game 3 of a best-of-3
|t:|1756759062
|gametype|doubles
|player|p1|Tchoubib|1|1253
|player|p2|spearow's nest|lance|1290
|gen|9
|tier|[Gen 9] VGC 2025 Reg H (Bo3)
|rated|
|rule|Species Clause: Limit one of each Pokémon
|rule|Item Clause: Limit 1 of each item
|clearpoke
|poke|p1|Kilowattrel, L50, M|
|poke|p1|Garchomp, L50, M|
|poke|p1|Gholdengo, L50|
|poke|p1|Incineroar, L50, M|
|poke|p1|Amoonguss, L50, F|
|poke|p1|Tyranitar, L50, F|
|poke|p2|Rillaboom, L50, M|
|poke|p2|Dragonite, L50, M|
|poke|p2|Sneasler, L50, M|
|poke|p2|Ninetales-Alola, L50, F|
|poke|p2|Kingambit, L50, M|
|poke|p2|Magmar, L50, M|
|teampreview|4
|showteam|p1|Kilowattrel||FocusSash|Competitive|Thunderbolt,AirSlash,Tailwind,Protect|||M|||50|,,,,,Ghost]Garchomp||LifeOrb|RoughSkin|Earthquake,DragonClaw,StompingTantrum,Protect|||M|||50|,,,,,Fire]Gholdengo||MetalCoat|GoodasGold|MakeItRain,ShadowBall,NastyPlot,Protect||||||50|,,,,,Flying]Incineroar||SitrusBerry|Intimidate|FlareBlitz,KnockOff,PartingShot,FakeOut|||M|||50|,,,,,Ghost]Amoonguss||RockyHelmet|Regenerator|PollenPuff,Spore,RagePowder,Protect|||F|||50|,,,,,Water]Tyranitar||AssaultVest|SandStream|RockSlide,KnockOff,LowKick,TeraBlast|||F|||50|,,,,,Flying
|showteam|p2|Rillaboom||AssaultVest|GrassySurge|WoodHammer,GrassyGlide,HighHorsepower,FakeOut|||M|||50|,,,,,Fire]Dragonite||LoadedDice|Multiscale|Protect,ScaleShot,LowKick,Haze|||M|||50|,,,,,Fairy]Sneasler||WhiteHerb|Unburden|Protect,DireClaw,CloseCombat,Coaching|||M|||50|,,,,,Ghost]Ninetales-Alola||ChoiceSpecs|SnowWarning|Blizzard,IcyWind,Moonblast,FreezeDry|||F|||50|,,,,,Ghost]Kingambit||SafetyGoggles|Defiant|Protect,KowtowCleave,SuckerPunch,SwordsDance|||M|||50|,,,,,Dark]Magmar||Eviolite|VitalSpirit|Protect,FollowMe,Overheat,WillOWisp|||M|||50|,,,,,Ghost
|
|t:|1756759116
|teamsize|p1|4
|teamsize|p2|4
|start
|switch|p1a: Kilowattrel|Kilowattrel, L50, M|100/100
|switch|p1b: Garchomp|Garchomp, L50, M|100/100
|switch|p2a: Kingambit|Kingambit, L50, M|100/100
|switch|p2b: Rillaboom|Rillaboom, L50, M|100/100
|-fieldstart|move: Grassy Terrain|[from] ability: Grassy Surge|[of] p2b: Rillaboom
|turn|1
|
|t:|1756759172
|-terastallize|p2a: Kingambit|Dark
|move|p1a: Kilowattrel|Thunderbolt|p2a: Kingambit
|-damage|p2a: Kingambit|64/100
|move|p1b: Garchomp|Stomping Tantrum|p2a: Kingambit
|-damage|p2a: Kingambit|24/100
|-damage|p1b: Garchomp|91/100|[from] item: Life Orb
|move|p2b: Rillaboom|Wood Hammer|p1b: Garchomp
|-crit|p1b: Garchomp
|-damage|p1b: Garchomp|0 fnt
|-damage|p2b: Rillaboom|88/100|[from] ability: Rough Skin|[of] p1b: Garchomp
|faint|p1b: Garchomp
|-damage|p2b: Rillaboom|60/100|[from] Recoil
|move|p2a: Kingambit|Kowtow Cleave|p1a: Kilowattrel
|-enditem|p1a: Kilowattrel|Focus Sash
|-damage|p1a: Kilowattrel|1/100
|
|-heal|p2b: Rillaboom|66/100|[from] Grassy Terrain
|-heal|p2a: Kingambit|30/100|[from] Grassy Terrain
|upkeep
|
|t:|1756759208
|switch|p1b: Tyranitar|Tyranitar, L50, F|100/100
|-weather|Sandstorm|[from] ability: Sand Stream|[of] p1b: Tyranitar
|turn|2
|
|t:|1756759253
|switch|p2a: Ninetales|Ninetales-Alola, L50, F|100/100
|-weather|Snowscape|[from] ability: Snow Warning|[of] p2a: Ninetales
|-terastallize|p1b: Tyranitar|Flying
|move|p2b: Rillaboom|Grassy Glide|p1b: Tyranitar
|-resisted|p1b: Tyranitar
|-damage|p1b: Tyranitar|84/100
|move|p1a: Kilowattrel|Air Slash|p2b: Rillaboom
|-supereffective|p2b: Rillaboom
|-damage|p2b: Rillaboom|13/100
|move|p1b: Tyranitar|Tera Blast|p2a: Ninetales|[anim] Tera Blast Flying
|-damage|p2a: Ninetales|60/100
|
|-weather|Snowscape|[upkeep]
|-heal|p2a: Ninetales|66/100|[from] Grassy Terrain
|-heal|p2b: Rillaboom|20/100|[from] Grassy Terrain
|upkeep
|turn|3
|
|t:|1756759286
|switch|p1b: Gholdengo|Gholdengo, L50|100/100
|move|p1a: Kilowattrel|Protect|p1a: Kilowattrel
|-singleturn|p1a: Kilowattrel|Protect
|move|p2b: Rillaboom|Grassy Glide|p1a: Kilowattrel
|-activate|p1a: Kilowattrel|move: Protect
|move|p2a: Ninetales|Blizzard|p1b: Gholdengo|[spread] p1b
|-activate|p1a: Kilowattrel|move: Protect
|-resisted|p1b: Gholdengo
|-damage|p1b: Gholdengo|75/100
|
|-weather|Snowscape|[upkeep]
|-heal|p2a: Ninetales|72/100|[from] Grassy Terrain
|-heal|p1b: Gholdengo|81/100|[from] Grassy Terrain
|-heal|p2b: Rillaboom|26/100|[from] Grassy Terrain
|upkeep
|turn|4
|
|t:|1756759316
|switch|p1a: Tyranitar|Tyranitar, L50, F, tera:Flying|84/100
|-weather|Sandstorm|[from] ability: Sand Stream|[of] p1a: Tyranitar
|switch|p2a: Dragonite|Dragonite, L50, M|100/100
|move|p2b: Rillaboom|Grassy Glide|p1a: Tyranitar
|-resisted|p1a: Tyranitar
|-damage|p1a: Tyranitar|68/100
|move|p1b: Gholdengo|Make It Rain|p2a: Dragonite|[spread] p2a,p2b
|-damage|p2a: Dragonite|75/100
|-damage|p2b: Rillaboom|0 fnt
|-unboost|p1b: Gholdengo|spa|1
|faint|p2b: Rillaboom
|
|-weather|Sandstorm|[upkeep]
|-damage|p2a: Dragonite|69/100|[from] Sandstorm
|-damage|p1a: Tyranitar|62/100|[from] Sandstorm
|-heal|p1b: Gholdengo|87/100|[from] Grassy Terrain
|upkeep
|
|t:|1756759327
|switch|p2b: Ninetales|Ninetales-Alola, L50, F|72/100
|-weather|Snowscape|[from] ability: Snow Warning|[of] p2b: Ninetales
|turn|5
|
|t:|1756759362
|switch|p1a: Kilowattrel|Kilowattrel, L50, M|1/100
|move|p2b: Ninetales|Blizzard|p1b: Gholdengo|[spread] p1a,p1b
|-supereffective|p1a: Kilowattrel
|-resisted|p1b: Gholdengo
|-damage|p1a: Kilowattrel|0 fnt
|-damage|p1b: Gholdengo|64/100
|faint|p1a: Kilowattrel
|move|p1b: Gholdengo|Make It Rain|p2a: Dragonite|[spread] p2a,p2b
|-supereffective|p2b: Ninetales
|-damage|p2a: Dragonite|33/100
|-damage|p2b: Ninetales|0 fnt
|-unboost|p1b: Gholdengo|spa|1
|faint|p2b: Ninetales
|move|p2a: Dragonite|Scale Shot|p1b: Gholdengo
|-resisted|p1b: Gholdengo
|-damage|p1b: Gholdengo|56/100
|-resisted|p1b: Gholdengo
|-crit|p1b: Gholdengo
|-damage|p1b: Gholdengo|44/100
|-resisted|p1b: Gholdengo
|-damage|p1b: Gholdengo|36/100
|-resisted|p1b: Gholdengo
|-damage|p1b: Gholdengo|27/100
|-resisted|p1b: Gholdengo
|-damage|p1b: Gholdengo|19/100
|-hitcount|p1b: Gholdengo|5
|-unboost|p2a: Dragonite|def|1
|-boost|p2a: Dragonite|spe|1
|
|-weather|Snowscape|[upkeep]
|-heal|p1b: Gholdengo|25/100|[from] Grassy Terrain
|-fieldend|move: Grassy Terrain
|upkeep
|
|t:|1756759373
|switch|p1a: Tyranitar|Tyranitar, L50, F, tera:Flying|62/100
|switch|p2b: Kingambit|Kingambit, L50, M, tera:Dark|30/100
|-weather|Sandstorm|[from] ability: Sand Stream|[of] p1a: Tyranitar
|turn|6
|
|t:|1756759410
|move|p2b: Kingambit|Sucker Punch|p1a: Tyranitar
|-damage|p1a: Tyranitar|11/100
|move|p2a: Dragonite|Scale Shot|p1a: Tyranitar
|-damage|p1a: Tyranitar|0 fnt
|faint|p1a: Tyranitar
|-hitcount|p1: Tyranitar|1
|-unboost|p2a: Dragonite|def|1
|-boost|p2a: Dragonite|spe|1
|move|p1b: Gholdengo|Make It Rain|p2a: Dragonite|[spread] p2a,p2b
|-damage|p2a: Dragonite|4/100
|-damage|p2b: Kingambit|7/100
|-unboost|p1b: Gholdengo|spa|1
|
|-weather|Sandstorm|[upkeep]
|-damage|p2a: Dragonite|0 fnt|[from] Sandstorm
|faint|p2a: Dragonite
|upkeep
|turn|7
|
|t:|1756759425
|move|p1b: Gholdengo|Protect|p1b: Gholdengo
|-singleturn|p1b: Gholdengo|Protect
|move|p2b: Kingambit|Sucker Punch||[still]
|-fail|p2b: Kingambit
|
|-weather|Sandstorm|[upkeep]
|upkeep
|turn|8
|
|t:|1756759437
|move|p1b: Gholdengo|Nasty Plot|p1b: Gholdengo
|-boost|p1b: Gholdengo|spa|2
|move|p2b: Kingambit|Kowtow Cleave|p1b: Gholdengo
|-supereffective|p1b: Gholdengo
|-damage|p1b: Gholdengo|0 fnt
|faint|p1b: Gholdengo
|
|win|spearow's nest
|raw|Tchoubib's rating: 1253 → 1231(-22 for losing)
|raw|spearow's nest's rating: 1290 → 1312(+22 for winning)
|c|☆spearow's nest|gg
