|j|☆PRLT1 Jurrasicz
|j|☆thaduck
|html|PRLT1 Jurrasiczthaduck    
|uhtml|bestof|Game 1 of a best-of-3
|t:|1783129212
|gametype|doubles
|player|p1|PRLT1 Jurrasicz|pokemaniac|1326
|player|p2|thaduck|morty|1235
|gen|9
|tier|[Gen 9 Champions] VGC 2026 Reg M-B (Bo3)
|rated|
|rule|Species Clause: Limit one of each Pokémon
|rule|Item Clause: Limit 1 of each item
|clearpoke
|poke|p1|Charizard, L50, F|
|poke|p1|Whimsicott, L50, M|
|poke|p1|Floette-Eternal, L50, F|
|poke|p1|Basculegion, L50, M|
|poke|p1|Garchomp, L50, F|
|poke|p1|Kingambit, L50, F, shiny|
|poke|p2|Garchomp, L50, F|
|poke|p2|Metagross, L50|
|poke|p2|Ninetales-Alola, L50, M|
|poke|p2|Staraptor, L50, M|
|poke|p2|Basculegion, L50, M|
|poke|p2|Kingambit, L50, M|
|teampreview|4
|showteam|p1|Charizard||CharizarditeY|Blaze|HeatWave,SolarBeam,WeatherBall,Protect|Modest||F|||50|]Whimsicott||FocusSash|Prankster|Moonblast,Encore,Tailwind,Protect|Timid||M|||50|]Floette-Eternal||Floettite|FlowerVeil|Moonblast,DazzlingGleam,LightofRuin,Protect|Modest||F|||50|]Basculegion||MysticWater|Adaptability|WaveCrash,AquaJet,LastRespects,Protect|Adamant||M|||50|]Garchomp||LifeOrb|RoughSkin|DragonClaw,Earthquake,RockSlide,Protect|Jolly||F|||50|]Kingambit||OccaBerry|Defiant|KowtowCleave,SuckerPunch,IronHead,Protect|Adamant||F|||50|
|showteam|p2|Garchomp||LifeOrb|RoughSkin|StompingTantrum,DragonClaw,Earthquake,Protect|Jolly||F|||50|]Metagross||Metagrossite|ClearBody|IronHead,PsychicFangs,BulletPunch,Protect|Adamant|||||50|]Ninetales-Alola||LightClay|SnowWarning|IcyWind,Charm,Blizzard,AuroraVeil|Bold||M|||50|]Staraptor||Staraptite|Intimidate|CloseCombat,BraveBird,Roost,Protect|Adamant||M|||50|]Basculegion||ChoiceScarf|Adaptability|WaveCrash,AquaJet,LastRespects,FlipTurn|Jolly||M|||50|]Kingambit||ChopleBerry|Defiant|IronHead,SuckerPunch,KowtowCleave,Protect|Adamant||M|||50|
|inactive|Battle timer is ON: inactive players will automatically lose when time's up. (requested by PRLT1 Jurrasicz)
|inactive|PRLT1 Jurrasicz has 60 seconds left.
|inactive|thaduck has 60 seconds left.
|inactive|PRLT1 Jurrasicz has 30 seconds left.
|inactive|thaduck has 30 seconds left.
|inactive|PRLT1 Jurrasicz has 20 seconds left.
|inactive|PRLT1 Jurrasicz has 15 seconds left.
|inactive|PRLT1 Jurrasicz has 10 seconds left.
|
|t:|1783129296
|teamsize|p1|4
|teamsize|p2|4
|start
|switch|p1a: Whimsicott|Whimsicott, L50, M|100/100
|switch|p1b: Charizard|Charizard, L50, F|100/100
|switch|p2a: Basculegion|Basculegion, L50, M|100/100
|switch|p2b: Metagross|Metagross, L50|100/100
|turn|1
|inactive|PRLT1 Jurrasicz has 30 seconds left.
|inactive|thaduck has 30 seconds left.
|inactive|PRLT1 Jurrasicz has 20 seconds left.
|inactive|thaduck has 20 seconds left.
|inactive|PRLT1 Jurrasicz has 15 seconds left.
|inactive|thaduck has 15 seconds left.
|inactive|PRLT1 Jurrasicz has 10 seconds left.
|inactive|thaduck has 10 seconds left.
|inactive|thaduck has 5 seconds left.
|
|t:|1783129347
|detailschange|p2b: Metagross|Metagross-Mega, L50
|-mega|p2b: Metagross|Metagross|Metagrossite
|move|p1a: Whimsicott|Protect|p1a: Whimsicott
|-singleturn|p1a: Whimsicott|Protect
|move|p2b: Metagross|Protect|p2b: Metagross
|-singleturn|p2b: Metagross|Protect
|move|p1b: Charizard|Protect|p1b: Charizard
|-singleturn|p1b: Charizard|Protect
|move|p2a: Basculegion|Flip Turn|p1b: Charizard
|-activate|p1b: Charizard|move: Protect
|
|upkeep
|turn|2
|inactive|PRLT1 Jurrasicz has 30 seconds left.
|inactive|PRLT1 Jurrasicz has 20 seconds left.
|
|t:|1783129385
|switch|p2b: Garchomp|Garchomp, L50, F|100/100
|detailschange|p1b: Charizard|Charizard-Mega-Y, L50, F
|-mega|p1b: Charizard|Charizard|Charizardite Y
|-weather|SunnyDay|[from] ability: Drought|[of] p1b: Charizard
|move|p1a: Whimsicott|Encore||[still]
|-fail|p1a: Whimsicott
|move|p2a: Basculegion|Flip Turn|p1b: Charizard
|-supereffective|p1b: Charizard|1
|-damage|p1b: Charizard|69/100
|inactive|thaduck has 30 seconds left.
|
|t:|1783129417
|switch|p2a: Ninetales|Ninetales-Alola, L50, M|100/100|[from] Flip Turn
|-weather|Snowscape|[from] ability: Snow Warning|[of] p2a: Ninetales
|move|p1b: Charizard|Heat Wave|p2b: Garchomp|[spread] p2a,p2b
|-supereffective|p2a: Ninetales|1
|-resisted|p2b: Garchomp|1
|-damage|p2a: Ninetales|16/100
|-damage|p2b: Garchomp|78/100
|
|-weather|Snowscape|[upkeep]
|upkeep
|turn|3
|inactive|PRLT1 Jurrasicz has 30 seconds left.
|inactive|PRLT1 Jurrasicz has 20 seconds left.
|inactive|PRLT1 Jurrasicz has 15 seconds left.
|
|t:|1783129462
|move|p1b: Charizard|Protect|p1b: Charizard
|-singleturn|p1b: Charizard|Protect
|move|p1a: Whimsicott|Moonblast|p2a: Ninetales
|-damage|p2a: Ninetales|0 fnt
|faint|p2a: Ninetales
|move|p2b: Garchomp|Dragon Claw|p1b: Charizard
|-activate|p1b: Charizard|move: Protect
|
|-weather|Snowscape|[upkeep]
|upkeep
|
|t:|1783129478
|switch|p2a: Basculegion|Basculegion, L50, M|100/100
|turn|4
|
|t:|1783129490
|switch|p2b: Metagross|Metagross-Mega, L50|100/100
|move|p1a: Whimsicott|Tailwind|p1a: Whimsicott
|-sidestart|p1: PRLT1 Jurrasicz|move: Tailwind
|move|p1b: Charizard|Weather Ball|p2b: Metagross
|-resisted|p2b: Metagross|1
|-damage|p2b: Metagross|82/100
|move|p2a: Basculegion|Flip Turn|p1b: Charizard
|-supereffective|p1b: Charizard|1
|-damage|p1b: Charizard|3/100
|
|t:|1783129509
|switch|p2a: Garchomp|Garchomp, L50, F|78/100|[from] Flip Turn
|
|-weather|Snowscape|[upkeep]
|upkeep
|turn|5
|inactive|PRLT1 Jurrasicz has 30 seconds left.
|
|t:|1783129536
|move|p1b: Charizard|Protect|p1b: Charizard
|-singleturn|p1b: Charizard|Protect
|move|p2b: Metagross|Bullet Punch|p1b: Charizard
|-activate|p1b: Charizard|move: Protect
|move|p1a: Whimsicott|Moonblast|p2a: Garchomp
|-supereffective|p2a: Garchomp|1
|-damage|p2a: Garchomp|1/100
|move|p2a: Garchomp|Stomping Tantrum|p1a: Whimsicott
|-resisted|p1a: Whimsicott|1
|-damage|p1a: Whimsicott|64/100
|-damage|p2a: Garchomp|0 fnt|[from] item: Life Orb
|faint|p2a: Garchomp
|
|-weather|Snowscape|[upkeep]
|upkeep
|
|t:|1783129555
|switch|p2a: Basculegion|Basculegion, L50, M|100/100
|turn|6
|
|t:|1783129573
|move|p2b: Metagross|Bullet Punch|p1a: Whimsicott
|-supereffective|p1a: Whimsicott|1
|-damage|p1a: Whimsicott|0 fnt
|faint|p1a: Whimsicott
|move|p1b: Charizard|Heat Wave|p2b: Metagross|[spread] p2a,p2b
|-resisted|p2a: Basculegion|1
|-supereffective|p2b: Metagross|1
|-damage|p2a: Basculegion|80/100
|-damage|p2b: Metagross|8/100
|move|p2a: Basculegion|Wave Crash|p1b: Charizard
|-supereffective|p1b: Charizard|1
|-damage|p1b: Charizard|0 fnt
|faint|p1b: Charizard
|-damage|p2a: Basculegion|79/100|[from] Recoil
|
|-weather|none
|upkeep
|
|t:|1783129585
|switch|p1a: Kingambit|Kingambit, L50, F, shiny|100/100
|switch|p1b: Basculegion|Basculegion, L50, M|100/100
|turn|7
|
|t:|1783129603
|move|p1a: Kingambit|Sucker Punch|p2a: Basculegion
|-supereffective|p2a: Basculegion|1
|-damage|p2a: Basculegion|0 fnt
|faint|p2a: Basculegion
|move|p1b: Basculegion|Last Respects|p2b: Metagross
|-supereffective|p2b: Metagross|1
|-damage|p2b: Metagross|0 fnt
|faint|p2b: Metagross
|
|win|PRLT1 Jurrasicz
|inactive|PRLT1 Jurrasicz has 30 seconds to confirm battle start!
|inactive|thaduck has 30 seconds to confirm battle start!
||thaduck is ready for game 2.
|inactive|PRLT1 Jurrasicz has 20 seconds to confirm battle start!
||PRLT1 Jurrasicz is ready for game 2.
|uhtml|next|Next: Game 2 of 3
|l|☆thaduck
|player|p2|
