|j|☆p1ch1pichi
|j|☆marillrag1
|html|p1ch1pichimarillrag1    
|uhtml|bestof|Game 1 of a best-of-3
|t:|1785142114
|gametype|doubles
|player|p1|p1ch1pichi|n|1123
|player|p2|marillrag1|2|1133
|gen|9
|tier|[Gen 9 Champions] VGC 2026 Reg M-B (Bo3)
|rated|
|rule|Species Clause: Limit one of each Pokémon
|rule|Item Clause: Limit 1 of each item
|clearpoke
|poke|p1|Raichu, L50, M, shiny|
|poke|p1|Meganium, L50, M, shiny|
|poke|p1|Pelipper, L50, M|
|poke|p1|Archaludon, L50, M|
|poke|p1|Sableye, L50, M|
|poke|p1|Basculegion, L50, M|
|poke|p2|Delphox, L50, M|
|poke|p2|Sneasler, L50, M|
|poke|p2|Incineroar, L50, M|
|poke|p2|Sinistcha, L50|
|poke|p2|Kingambit, L50, M|
|poke|p2|Blastoise, L50, M|
|teampreview|4
|showteam|p1|Raichu||RaichuniteX|LightningRod|Protect,FakeOut,VoltSwitch,RisingVoltage|Timid||M|||50|]Meganium||Meganiumite|Overgrow|Protect,SolarBeam,WeatherBall,DazzlingGleam|Modest||M|||50|]Pelipper||FocusSash|Drizzle|Soak,Tailwind,Hurricane,WeatherBall|Timid||M|||50|]Archaludon||Leftovers|Stamina|ElectroShot,FlashCannon,DracoMeteor,Protect|Modest||M|||50|]Sableye||RoseliBerry|Prankster|Quash,Reflect,LightScreen,RainDance|Bold||M|||50|]Basculegion||ChoiceScarf|Adaptability|FlipTurn,WaveCrash,AquaJet,LastRespects|Jolly||M|||50|
|showteam|p2|Delphox||Delphoxite|Blaze|Protect,HeatWave,Psyshock,NastyPlot|Modest||M|||50|]Sneasler||FocusSash|PoisonTouch|PoisonJab,CloseCombat,FakeOut,QuickGuard|Jolly||M|||50|]Incineroar||SitrusBerry|Intimidate|FlareBlitz,FakeOut,PartingShot,HelpingHand|Careful||M|||50|]Sinistcha||ColburBerry|Hospitality|Protect,MatchaGotcha,RagePowder,TrickRoom|Bold|||||50|]Kingambit||LifeOrb|Defiant|Protect,KowtowCleave,SwordsDance,SuckerPunch|Adamant||M|||50|]Blastoise||Blastoisinite|Torrent|Protect,WaterSpout,DarkPulse,ShellSmash|Modest||M|||50|
|inactive|Battle timer is ON: inactive players will automatically lose when time's up. (requested by p1ch1pichi)
|inactive|marillrag1 has 60 seconds left.
|
|t:|1785142152
|teamsize|p1|4
|teamsize|p2|4
|start
|switch|p1a: Hikaru|Raichu, L50, M, shiny|100/100
|switch|p1b: San Juanico|Archaludon, L50, M|100/100
|switch|p2a: Blastoise|Blastoise, L50, M|100/100
|switch|p2b: Sneasler|Sneasler, L50, M|100/100
|turn|1
|inactive|p1ch1pichi has 30 seconds left.
|
|t:|1785142178
|switch|p2a: Incineroar|Incineroar, L50, M|100/100
|-ability|p2a: Incineroar|Intimidate|boost
|-unboost|p1a: Hikaru|atk|1
|-unboost|p1b: San Juanico|atk|1
|detailschange|p1a: Hikaru|Raichu-Mega-X, L50, M, shiny
|-mega|p1a: Hikaru|Raichu|Raichunite X
|-fieldstart|move: Electric Terrain|[from] ability: Electric Surge|[of] p1a: Hikaru
|move|p1b: San Juanico|Protect|p1b: San Juanico
|-singleturn|p1b: San Juanico|Protect
|move|p1a: Hikaru|Fake Out|p2a: Incineroar
|-damage|p2a: Incineroar|93/100
|move|p2b: Sneasler|Close Combat|p1b: San Juanico
|-activate|p1b: San Juanico|move: Protect
|
|upkeep
|turn|2
|
|t:|1785142201
|move|p2a: Incineroar|Helping Hand|p2b: Sneasler
|-singleturn|p2b: Sneasler|Helping Hand|[of] p2a: Incineroar
|move|p2b: Sneasler|Close Combat|p1b: San Juanico
|-supereffective|p1b: San Juanico|1
|-damage|p1b: San Juanico|0 fnt
|-unboost|p2b: Sneasler|def|1
|-unboost|p2b: Sneasler|spd|1
|faint|p1b: San Juanico
|move|p1a: Hikaru|Volt Switch|p2b: Sneasler
|-damage|p2b: Sneasler|43/100
|
|t:|1785142213
|switch|p1a: Inidoro|Pelipper, L50, M|100/100|[from] Volt Switch
|-weather|RainDance|[from] ability: Drizzle|[of] p1a: Inidoro
|
|-weather|RainDance|[upkeep]
|upkeep
|
|t:|1785142217
|switch|p1b: High Tide|Basculegion, L50, M|100/100
|turn|3
|
|t:|1785142241
|switch|p2a: Sinistcha|Sinistcha, L50|100/100
|-heal|p2b: Sneasler|67/100|[from] ability: Hospitality|[of] p2a: Sinistcha
|move|p1b: High Tide|Wave Crash|p2a: Sinistcha
|-resisted|p2a: Sinistcha|1
|-damage|p2a: Sinistcha|55/100
|-damage|p1b: High Tide|86/100|[from] Recoil
|move|p2b: Sneasler|Poison Jab|p1b: High Tide
|-resisted|p1b: High Tide|1
|-damage|p1b: High Tide|59/100
|move|p1a: Inidoro|Hurricane|p2b: Sneasler
|-supereffective|p2b: Sneasler|1
|-damage|p2b: Sneasler|0 fnt
|faint|p2b: Sneasler
|
|-weather|RainDance|[upkeep]
|upkeep
|
|t:|1785142266
|switch|p2b: Incineroar|Incineroar, L50, M|93/100
|-ability|p2b: Incineroar|Intimidate|boost
|-unboost|p1a: Inidoro|atk|1
|-unboost|p1b: High Tide|atk|1
|turn|4
|
|t:|1785142272
|switch|p1b: Hikaru|Raichu-Mega-X, L50, M, shiny|100/100
|move|p2b: Incineroar|Fake Out|p1a: Inidoro
|-crit|p1a: Inidoro
|-damage|p1a: Inidoro|81/100
|cant|p1a: Inidoro|flinch
|move|p2a: Sinistcha|Trick Room|p2a: Sinistcha
|-fieldstart|move: Trick Room|[of] p2a: Sinistcha
|
|-weather|RainDance|[upkeep]
|upkeep
|turn|5
|inactive|marillrag1 has 30 seconds left.
|
|t:|1785142299
|move|p1b: Hikaru|Fake Out|p2b: Incineroar
|-damage|p2b: Incineroar|83/100
|cant|p2b: Incineroar|flinch
|move|p2a: Sinistcha|Matcha Gotcha|p1b: Hikaru|[spread] p1a,p1b
|-crit|p1a: Inidoro
|-damage|p1a: Inidoro|13/100
|-heal|p2a: Sinistcha|82/100|[from] drain|[of] p1a: Inidoro
|-damage|p1b: Hikaru|72/100
|-heal|p2a: Sinistcha|94/100|[from] drain|[of] p1b: Hikaru
|move|p1a: Inidoro|Hurricane|p2a: Sinistcha
|-supereffective|p2a: Sinistcha|1
|-damage|p2a: Sinistcha|0 fnt
|faint|p2a: Sinistcha
|
|-weather|RainDance|[upkeep]
|-fieldend|move: Electric Terrain
|upkeep
|
|t:|1785142306
|switch|p2a: Blastoise|Blastoise, L50, M|100/100
|turn|6
|
|t:|1785142331
|detailschange|p2a: Blastoise|Blastoise-Mega, L50, M
|-mega|p2a: Blastoise|Blastoise|Blastoisinite
|move|p2b: Incineroar|Helping Hand|p2a: Blastoise
|-singleturn|p2a: Blastoise|Helping Hand|[of] p2b: Incineroar
|move|p1b: Hikaru|Protect|p1b: Hikaru
|-singleturn|p1b: Hikaru|Protect
|move|p1a: Inidoro|Hurricane|p2a: Blastoise
|-damage|p2a: Blastoise|50/100y
|move|p2a: Blastoise|Water Spout|p1b: Hikaru|[spread] p1a
|-activate|p1b: Hikaru|move: Protect
|-resisted|p1a: Inidoro|1
|-damage|p1a: Inidoro|0 fnt
|faint|p1a: Inidoro
|
|-weather|none
|upkeep
|
|t:|1785142345
|switch|p1a: High Tide|Basculegion, L50, M|59/100
|turn|7
|inactive|p1ch1pichi has 30 seconds left.
|
|t:|1785142372
|move|p2b: Incineroar|Parting Shot|p1a: High Tide
|-unboost|p1a: High Tide|atk|1
|-unboost|p1a: High Tide|spa|1
|move|p2a: Blastoise|Dark Pulse|p1b: Hikaru
|-damage|p1b: Hikaru|20/100y
|move|p1b: Hikaru|Rising Voltage|p2b: Incineroar
|-damage|p2b: Incineroar|65/100
|move|p1a: High Tide|Last Respects|p2a: Blastoise
|-damage|p2a: Blastoise|0 fnt
|faint|p2a: Blastoise
|
|upkeep
|turn|8
|
|t:|1785142385
|move|p1b: Hikaru|Protect|p1b: Hikaru
|-singleturn|p1b: Hikaru|Protect
|move|p2b: Incineroar|Flare Blitz|p1b: Hikaru
|-activate|p1b: Hikaru|move: Protect
|move|p1a: High Tide|Last Respects|p2b: Incineroar
|-resisted|p2b: Incineroar|1
|-damage|p2b: Incineroar|39/100
|-enditem|p2b: Incineroar|Sitrus Berry|[eat]
|-heal|p2b: Incineroar|63/100|[from] item: Sitrus Berry
|
|-fieldend|move: Trick Room
|upkeep
|turn|9
|-message|marillrag1 forfeited.
|
|win|p1ch1pichi
||marillrag1 is ready for game 2.
||p1ch1pichi is ready for game 2.
|uhtml|next|Next: Game 2 of 3
