|j|☆jussdoit
|j|☆tenagazaru desu
|html|jussdoittenagazaru desu    
|uhtml|bestof|Game 1 of a best-of-3
|t:|1757679292
|gametype|doubles
|player|p1|jussdoit|steven|1044
|player|p2|tenagazaru desu|psychic-gen3rs|1042
|gen|9
|tier|[Gen 9] VGC 2025 Reg H (Bo3)
|rated|
|rule|Species Clause: Limit one of each Pokémon
|rule|Item Clause: Limit 1 of each item
|clearpoke
|poke|p1|Serperior, L50, F|
|poke|p1|Ursaluna, L50, F|
|poke|p1|Empoleon, L50, F|
|poke|p1|Gardevoir, L50, M|
|poke|p1|Incineroar, L50, F|
|poke|p1|Indeedee-F, L50, F|
|poke|p2|Archaludon, L50, M|
|poke|p2|Pelipper, L50, M|
|poke|p2|Gholdengo, L50|
|poke|p2|Basculegion, L50, M|
|poke|p2|Amoonguss, L50, M|
|poke|p2|Incineroar, L50, M|
|teampreview|4
|showteam|p1|Serperior||FocusSash|Contrary|LeafStorm,TeraBlast,Protect,GrassPledge|||F|||50|,,,,,Stellar]Ursaluna||FlameOrb|Guts|Earthquake,Facade,Protect,HeadlongRush|||F|||50|,,,,,Ground]Empoleon||Leftovers|Competitive|Yawn,IcyWind,FlashCannon,WaterPledge|||F|||50|,,,,,Grass]Gardevoir||AssaultVest|Telepathy|TrickRoom,ExpandingForce,FutureSight,Moonblast|||M|||50|,,,,,Dragon]Incineroar||RockyHelmet|Intimidate|FlareBlitz,PartingShot,FakeOut,Bulldoze|||F|||50|,,,,,Bug]Indeedee-F||SitrusBerry|PsychicSurge|FollowMe,TrickRoom,Psychic,HealPulse|||F|||50|,,,,,Dark
|showteam|p2|Archaludon||AssaultVest|Stamina|DracoMeteor,FlashCannon,ElectroShot,BodyPress|||M|||50|,,,,,Grass]Pelipper||FocusSash|Drizzle|Protect,WeatherBall,Hurricane,Tailwind|||M|||50|,,,,,Stellar]Gholdengo||LifeOrb|GoodasGold|Protect,MakeItRain,ShadowBall,NastyPlot||||||50|,,,,,Water]Basculegion||ChoiceBand|SwiftSwim|FlipTurn,WaveCrash,AquaJet,LastRespects|||M|||50|,,,,,Grass]Amoonguss||SitrusBerry|Regenerator|Spore,RagePowder,PollenPuff,Protect|||M|||50|,,,,,Water]Incineroar||SafetyGoggles|Intimidate|FlareBlitz,KnockOff,PartingShot,FakeOut|||M|||50|,,,,,Ghost
|inactive|Battle timer is ON: inactive players will automatically lose when time's up. (requested by jussdoit)
|inactive|jussdoit has 60 seconds left.
|inactive|tenagazaru desu has 60 seconds left.
|
|t:|1757679340
|teamsize|p1|4
|teamsize|p2|4
|start
|switch|p1a: Indeedee|Indeedee-F, L50, F|100/100
|switch|p1b: Gardevoir|Gardevoir, L50, M|100/100
|switch|p2a: Pelipper|Pelipper, L50, M, shiny|100/100
|switch|p2b: Basculegion|Basculegion, L50, M, shiny|100/100
|-weather|RainDance|[from] ability: Drizzle|[of] p2a: Pelipper
|-fieldstart|move: Psychic Terrain|[from] ability: Psychic Surge|[of] p1a: Indeedee
|turn|1
|inactive|jussdoit has 30 seconds left.
|inactive|tenagazaru desu has 30 seconds left.
|inactive|tenagazaru desu has 20 seconds left.
|
|t:|1757679378
|move|p2b: Basculegion|Flip Turn|p1b: Gardevoir
|-damage|p1b: Gardevoir|14/100
|
|t:|1757679383
|switch|p2b: Gholdengo|Gholdengo, L50|100/100|[from] Flip Turn
|move|p2a: Pelipper|Weather Ball|p1b: Gardevoir
|-damage|p1b: Gardevoir|0 fnt
|faint|p1b: Gardevoir
|move|p1a: Indeedee|Trick Room|p1a: Indeedee
|-fieldstart|move: Trick Room|[of] p1a: Indeedee
|
|-weather|RainDance|[upkeep]
|upkeep
|
|t:|1757679392
|switch|p1b: Ursaluna|Ursaluna, L50, F|100/100
|turn|2
|inactive|tenagazaru desu has 30 seconds left.
|inactive|tenagazaru desu has 20 seconds left.
|
|t:|1757679431
|move|p1b: Ursaluna|Protect|p1b: Ursaluna
|-singleturn|p1b: Ursaluna|Protect
|move|p1a: Indeedee|Psychic|p2a: Pelipper
|-damage|p2a: Pelipper|32/100
|move|p2a: Pelipper|Weather Ball|p1a: Indeedee
|-damage|p1a: Indeedee|42/100
|-enditem|p1a: Indeedee|Sitrus Berry|[eat]
|-heal|p1a: Indeedee|67/100|[from] item: Sitrus Berry
|move|p2b: Gholdengo|Nasty Plot|p2b: Gholdengo
|-boost|p2b: Gholdengo|spa|2
|
|-weather|RainDance|[upkeep]
|-status|p1b: Ursaluna|brn|[from] item: Flame Orb
|upkeep
|turn|3
|inactive|tenagazaru desu has 30 seconds left.
|inactive|tenagazaru desu has 20 seconds left.
|
|t:|1757679467
|-terastallize|p2b: Gholdengo|Water
|move|p1b: Ursaluna|Headlong Rush|p2b: Gholdengo
|-damage|p2b: Gholdengo|0 fnt
|-unboost|p1b: Ursaluna|def|1
|-unboost|p1b: Ursaluna|spd|1
|faint|p2b: Gholdengo
|move|p1a: Indeedee|Psychic|p2a: Pelipper
|-damage|p2a: Pelipper|0 fnt
|faint|p2a: Pelipper
|
|-weather|RainDance|[upkeep]
|-damage|p1b: Ursaluna|94/100 brn|[from] brn
|upkeep
|
|t:|1757679477
|switch|p2a: Basculegion|Basculegion, L50, M, shiny|100/100
|switch|p2b: Amoonguss|Amoonguss, L50, M, shiny|100/100
|turn|4
|
|t:|1757679491
|move|p2b: Amoonguss|Rage Powder|p2b: Amoonguss
|-singleturn|p2b: Amoonguss|move: Rage Powder
|move|p1b: Ursaluna|Earthquake|p2b: Amoonguss|[spread] p1a,p2a,p2b
|-damage|p1a: Indeedee|0 fnt
|-damage|p2a: Basculegion|20/100
|-damage|p2b: Amoonguss|49/100
|-enditem|p2b: Amoonguss|Sitrus Berry|[eat]
|-heal|p2b: Amoonguss|74/100|[from] item: Sitrus Berry
|faint|p1a: Indeedee
|move|p2a: Basculegion|Wave Crash|p1b: Ursaluna
|-supereffective|p1b: Ursaluna
|-damage|p1b: Ursaluna|0 fnt
|faint|p1b: Ursaluna
|-damage|p2a: Basculegion|0 fnt|[from] Recoil
|faint|p2a: Basculegion
|
|-weather|RainDance|[upkeep]
|upkeep
|
|t:|1757679505
|switch|p1b: Serperior|Serperior, L50, F|100/100
|turn|5
|
|t:|1757679512
|-terastallize|p1b: Serperior|Stellar
|move|p2b: Amoonguss|Pollen Puff|p1b: Serperior
|-supereffective|p1b: Serperior
|-damage|p1b: Serperior|57/100
|move|p1b: Serperior|Leaf Storm|p2b: Amoonguss
|-resisted|p2b: Amoonguss
|-damage|p2b: Amoonguss|58/100
|-boost|p1b: Serperior|spa|2
|
|-weather|none
|-fieldend|move: Trick Room
|-fieldend|move: Psychic Terrain
|upkeep
|turn|6
|
|t:|1757679526
|move|p1b: Serperior|Tera Blast|p2b: Amoonguss|[anim] Tera Blast Stellar
|-damage|p2b: Amoonguss|0 fnt
|-boost|p1b: Serperior|atk|1
|-boost|p1b: Serperior|spa|1
|faint|p2b: Amoonguss
|
|win|jussdoit
|l|☆tenagazaru desu
|player|p2|
||jussdoit is ready for game 2.
||tenagazaru desu is ready for game 2.
|uhtml|next|Next: Game 2 of 3
|l|☆jussdoit
|player|p1|
