|j|☆is_katabo
|j|☆Mr James Freak
|html|is_kataboMr James Freak    
|uhtml|bestof|Game 2 of a best-of-3
|t:|1784344270
|gametype|doubles
|player|p1|is_katabo|youngster-gen4dp|1269
|player|p2|Mr James Freak|scientist|1449
|gen|9
|tier|[Gen 9 Champions] VGC 2026 Reg M-B (Bo3)
|rated|
|rule|Species Clause: Limit one of each Pokémon
|rule|Item Clause: Limit 1 of each item
|clearpoke
|poke|p1|Metagross, L50|
|poke|p1|Charizard, L50, F|
|poke|p1|Incineroar, L50, M|
|poke|p1|Toxapex, L50, M|
|poke|p1|Annihilape, L50, M|
|poke|p1|Hydreigon, L50, M|
|poke|p2|Sinistcha-Masterpiece, L50, shiny|
|poke|p2|Sneasler, L50, F, shiny|
|poke|p2|Delphox, L50, M, shiny|
|poke|p2|Kingambit, L50, M, shiny|
|poke|p2|Ninetales-Alola, L50, F, shiny|
|poke|p2|Incineroar, L50, F, shiny|
|teampreview|4
|showteam|p1|Metagross||Metagrossite|ClearBody|IronHead,PsychicFangs,IcePunch,Protect|Jolly|||||50|]Charizard||CharizarditeY|Blaze|WeatherBall,SolarBeam,HeatWave,Protect|Modest||F|||50|]Incineroar||SitrusBerry|Intimidate|FakeOut,DarkestLariat,FlareBlitz,PartingShot|Careful||M|||50|]Toxapex||Leftovers|Regenerator|Infestation,Toxic,WideGuard,BanefulBunker|Impish||M|||50|]Annihilape||FocusSash|Defiant|PhantomForce,CloseCombat,RockTomb,Protect|Jolly||M|||50|]Hydreigon||ChoiceScarf|Levitate|DracoMeteor,DarkPulse,Snarl,EarthPower|Timid||M|||50|
|showteam|p2|Sinistcha-Masterpiece||OccaBerry|Hospitality|MatchaGotcha,RagePowder,TrickRoom,Protect|Bold|||||50|]Sneasler||WhiteHerb|Unburden|CloseCombat,DireClaw,FakeOut,QuickGuard|Jolly||F|||50|]Delphox||Delphoxite|Blaze|HeatWave,Psyshock,NastyPlot,Protect|Timid||M|||50|]Kingambit||ChopleBerry|Defiant|KowtowCleave,SuckerPunch,LowKick,Protect|Adamant||M|||50|]Ninetales-Alola||FocusSash|SnowWarning|Blizzard,FreezeDry,Encore,Protect|Timid||F|||50|]Incineroar||PasshoBerry|Intimidate|FakeOut,PartingShot,FlareBlitz,ThroatChop|Careful||F|||50|
|
|t:|1784344302
|teamsize|p1|4
|teamsize|p2|4
|start
|switch|p1a: Annihilape|Annihilape, L50, M|100/100
|switch|p1b: Charizard|Charizard, L50, F|100/100
|switch|p2a: Ninetales|Ninetales-Alola, L50, F, shiny|100/100
|switch|p2b: Delphox|Delphox, L50, M, shiny|100/100
|-weather|Snowscape|[from] ability: Snow Warning|[of] p2a: Ninetales
|turn|1
|
|t:|1784344318
|detailschange|p2b: Delphox|Delphox-Mega, L50, M, shiny
|-mega|p2b: Delphox|Delphox|Delphoxite
|detailschange|p1b: Charizard|Charizard-Mega-Y, L50, F
|-mega|p1b: Charizard|Charizard|Charizardite Y
|-weather|SunnyDay|[from] ability: Drought|[of] p1b: Charizard
|move|p2b: Delphox|Psyshock|p1a: Annihilape
|-supereffective|p1a: Annihilape|1
|-enditem|p1a: Annihilape|Focus Sash
|-damage|p1a: Annihilape|1/100
|move|p2a: Ninetales|Freeze-Dry|p1a: Annihilape
|-damage|p1a: Annihilape|0 fnt
|faint|p1a: Annihilape
|move|p1b: Charizard|Heat Wave|p2b: Delphox|[spread] p2b
|-miss|p1b: Charizard|p2a: Ninetales
|-resisted|p2b: Delphox|1
|-damage|p2b: Delphox|74/100
|
|-weather|SunnyDay|[upkeep]
|upkeep
|
|t:|1784344329
|switch|p1a: Hydreigon|Hydreigon, L50, M|100/100
|turn|2
|
|t:|1784344340
|switch|p2a: Incineroar|Incineroar, L50, F, shiny|100/100
|-ability|p2a: Incineroar|Intimidate|boost
|-unboost|p1a: Hydreigon|atk|1
|-unboost|p1b: Charizard|atk|1
|move|p2b: Delphox|Protect|p2b: Delphox
|-singleturn|p2b: Delphox|Protect
|move|p1a: Hydreigon|Dark Pulse|p2b: Delphox
|-activate|p2b: Delphox|move: Protect
|move|p1b: Charizard|Weather Ball|p2a: Incineroar
|-resisted|p2a: Incineroar|1
|-damage|p2a: Incineroar|64/100
|
|-weather|SunnyDay|[upkeep]
|upkeep
|turn|3
|
|t:|1784344370
|switch|p2b: Ninetales|Ninetales-Alola, L50, F, shiny|100/100
|-weather|Snowscape|[from] ability: Snow Warning|[of] p2b: Ninetales
|switch|p1b: Incineroar|Incineroar, L50, M|100/100
|-ability|p1b: Incineroar|Intimidate|boost
|-unboost|p2a: Incineroar|atk|1
|-unboost|p2b: Ninetales|atk|1
|move|p1a: Hydreigon|Dark Pulse|p2b: Ninetales
|-resisted|p2b: Ninetales|1
|-damage|p2b: Ninetales|77/100
|move|p2a: Incineroar|Parting Shot|p1b: Incineroar
|-unboost|p1b: Incineroar|atk|1
|-unboost|p1b: Incineroar|spa|1
|
|t:|1784344380
|switch|p2a: Sneasler|Sneasler, L50, F, shiny|100/100|[from] Parting Shot
|
|-weather|Snowscape|[upkeep]
|upkeep
|turn|4
|
|t:|1784344395
|switch|p1a: Charizard|Charizard-Mega-Y, L50, F|100/100
|-weather|SunnyDay|[from] ability: Drought|[of] p1a: Charizard
|move|p2a: Sneasler|Fake Out|p1b: Incineroar
|-damage|p1b: Incineroar|87/100
|move|p2b: Ninetales|Blizzard|p1b: Incineroar|[spread] p1a,p1b
|-crit|p1a: Charizard
|-resisted|p1b: Incineroar|1
|-damage|p1a: Charizard|60/100
|-damage|p1b: Incineroar|75/100
|cant|p1b: Incineroar|flinch
|
|-weather|SunnyDay|[upkeep]
|upkeep
|turn|5
|
|t:|1784344421
|switch|p2b: Incineroar|Incineroar, L50, F, shiny|64/100
|-ability|p2b: Incineroar|Intimidate|boost
|-unboost|p1a: Charizard|atk|1
|-unboost|p1b: Incineroar|atk|1
|move|p2a: Sneasler|Close Combat|p1b: Incineroar
|-supereffective|p1b: Incineroar|1
|-damage|p1b: Incineroar|0 fnt
|-unboost|p2a: Sneasler|def|1
|-unboost|p2a: Sneasler|spd|1
|faint|p1b: Incineroar
|-enditem|p2a: Sneasler|White Herb
|-clearnegativeboost|p2a: Sneasler|[silent]
|move|p1a: Charizard|Weather Ball|p2a: Sneasler
|-damage|p2a: Sneasler|0 fnt
|faint|p2a: Sneasler
|
|-weather|SunnyDay|[upkeep]
|upkeep
|
|t:|1784344438
|switch|p2a: Ninetales|Ninetales-Alola, L50, F, shiny|77/100
|switch|p1b: Hydreigon|Hydreigon, L50, M|100/100
|-weather|Snowscape|[from] ability: Snow Warning|[of] p2a: Ninetales
|turn|6
|
|t:|1784344448
|move|p2b: Incineroar|Fake Out|p1b: Hydreigon
|-damage|p1b: Hydreigon|86/100
|cant|p1b: Hydreigon|flinch
|move|p2a: Ninetales|Encore|p1a: Charizard
|-start|p1a: Charizard|Encore
|move|p1a: Charizard|Weather Ball|p2a: Ninetales
|-resisted|p2a: Ninetales|1
|-damage|p2a: Ninetales|55/100
|
|-weather|Snowscape|[upkeep]
|upkeep
|turn|7
|
|t:|1784344462
|move|p1b: Hydreigon|Snarl|p2a: Ninetales|[spread] p2a,p2b
|-resisted|p2a: Ninetales|1
|-resisted|p2b: Incineroar|1
|-damage|p2a: Ninetales|41/100
|-damage|p2b: Incineroar|56/100
|-unboost|p2a: Ninetales|spa|1
|-unboost|p2b: Incineroar|spa|1
|move|p2a: Ninetales|Blizzard|p1a: Charizard|[spread] p1a,p1b
|-supereffective|p1b: Hydreigon|1
|-damage|p1a: Charizard|43/100
|-damage|p1b: Hydreigon|36/100
|move|p1a: Charizard|Weather Ball|p2a: Ninetales
|-resisted|p2a: Ninetales|1
|-damage|p2a: Ninetales|20/100y
|move|p2b: Incineroar|Parting Shot|p1b: Hydreigon
|-unboost|p1b: Hydreigon|atk|1
|-unboost|p1b: Hydreigon|spa|1
|
|t:|1784344475
|switch|p2b: Delphox|Delphox-Mega, L50, M, shiny|74/100|[from] Parting Shot
|
|-weather|Snowscape|[upkeep]
|upkeep
|turn|8
|
|t:|1784344481
|switch|p2b: Incineroar|Incineroar, L50, F, shiny|56/100
|-ability|p2b: Incineroar|Intimidate|boost
|-unboost|p1a: Charizard|atk|1
|-unboost|p1b: Hydreigon|atk|1
|move|p2a: Ninetales|Protect|p2a: Ninetales
|-singleturn|p2a: Ninetales|Protect
|move|p1b: Hydreigon|Snarl|p2a: Ninetales|[spread] p2b
|-activate|p2a: Ninetales|move: Protect
|-resisted|p2b: Incineroar|1
|-damage|p2b: Incineroar|50/100y
|-unboost|p2b: Incineroar|spa|1
|move|p1a: Charizard|Weather Ball|p2a: Ninetales
|-activate|p2a: Ninetales|move: Protect
|
|-weather|Snowscape|[upkeep]
|-end|p1a: Charizard|Encore
|upkeep
|turn|9
|
|t:|1784344513
|move|p2b: Incineroar|Fake Out|p1a: Charizard
|-damage|p1a: Charizard|33/100
|move|p1b: Hydreigon|Snarl|p2b: Incineroar|[spread] p2a,p2b
|-resisted|p2a: Ninetales|1
|-resisted|p2b: Incineroar|1
|-damage|p2a: Ninetales|12/100
|-damage|p2b: Incineroar|44/100
|-unboost|p2a: Ninetales|spa|1
|-unboost|p2b: Incineroar|spa|1
|move|p2a: Ninetales|Blizzard|p1a: Charizard|[spread] p1a,p1b
|-supereffective|p1b: Hydreigon|1
|-damage|p1a: Charizard|19/100
|-damage|p1b: Hydreigon|1/100
|cant|p1a: Charizard|flinch
|
|-weather|Snowscape|[upkeep]
|upkeep
|turn|10
|
|t:|1784344527
|move|p1b: Hydreigon|Snarl|p2a: Ninetales|[spread] p2a,p2b
|-resisted|p2a: Ninetales|1
|-resisted|p2b: Incineroar|1
|-damage|p2a: Ninetales|4/100
|-damage|p2b: Incineroar|38/100
|-unboost|p2a: Ninetales|spa|1
|-unboost|p2b: Incineroar|spa|1
|move|p2a: Ninetales|Blizzard|p1b: Hydreigon|[spread] p1a,p1b
|-supereffective|p1b: Hydreigon|1
|-damage|p1a: Charizard|8/100
|-damage|p1b: Hydreigon|0 fnt
|faint|p1b: Hydreigon
|move|p1a: Charizard|Heat Wave|p2a: Ninetales|[spread] p2a,p2b
|-supereffective|p2a: Ninetales|1
|-resisted|p2b: Incineroar|1
|-damage|p2a: Ninetales|0 fnt
|-damage|p2b: Incineroar|22/100
|faint|p2a: Ninetales
|move|p2b: Incineroar|Parting Shot|p1a: Charizard
|-unboost|p1a: Charizard|atk|1
|-unboost|p1a: Charizard|spa|1
|-message|is_katabo forfeited.
|
|win|Mr James Freak
||is_katabo is ready for game 3.
||Mr James Freak is ready for game 3.
|uhtml|next|Next: Game 3 of 3
