|j|☆Tallin de Kefta
|j|☆il mule
|html|Tallin de Keftail mule    
|uhtml|bestof|Game 1 of a best-of-3
|t:|1783330234
|gametype|doubles
|player|p1|Tallin de Kefta|iono|1321
|player|p2|il mule|169|1494
|gen|9
|tier|[Gen 9 Champions] VGC 2026 Reg M-B (Bo3)
|rated|
|rule|Species Clause: Limit one of each Pokémon
|rule|Item Clause: Limit 1 of each item
|clearpoke
|poke|p1|Aerodactyl, L50, F|
|poke|p1|Scovillain, L50, F|
|poke|p1|Kingambit, L50, F|
|poke|p1|Toxapex, L50, F|
|poke|p1|Snorlax, L50, F|
|poke|p1|Basculegion, L50, M|
|poke|p2|Excadrill, L50, F|
|poke|p2|Tyranitar, L50, M|
|poke|p2|Sneasler, L50, F|
|poke|p2|Incineroar, L50, F|
|poke|p2|Froslass, L50, F|
|poke|p2|Sinistcha, L50|
|teampreview|4
|showteam|p1|Aerodactyl||Aerodactylite|Unnerve|RockSlide,DualWingbeat,IceFang,Tailwind|Jolly||F|||50|]Scovillain||Scovillainite|Moody|Overheat,RagePowder,LeechSeed,Protect|Calm||F|||50|]Kingambit||ChopleBerry|Defiant|KowtowCleave,Protect,LowKick,SuckerPunch|Adamant||F|||50|]Toxapex||Leftovers|Regenerator|Infestation,WideGuard,Recover,Protect|Bold||F|||50|]Snorlax||SitrusBerry|ThickFat|Fissure,Yawn,Protect,DoubleEdge|Relaxed||F|||50|]Basculegion||ChoiceScarf|Adaptability|WaveCrash,LastRespects,FlipTurn,AquaJet|Jolly||M|||50|
|showteam|p2|Excadrill||FocusSash|SandRush|HighHorsepower,RockSlide,IronHead,Protect|Adamant||F|||50|]Tyranitar||Tyranitarite|SandStream|KnockOff,RockSlide,DragonDance,Protect|Adamant||M|||50|]Sneasler||WhiteHerb|Unburden|CloseCombat,DireClaw,Coaching,FakeOut|Jolly||F|||50|]Incineroar||SitrusBerry|Intimidate|FlareBlitz,HelpingHand,PartingShot,FakeOut|Impish||F|||50|]Froslass||Froslassite|CursedBody|Blizzard,ShadowBall,NastyPlot,Protect|Timid||F|||50|]Sinistcha||ColburBerry|Hospitality|MatchaGotcha,ShadowBall,RagePowder,Protect|Bold|||||50|
|j| mafav2
|c|☆il mule|mi sembra abbia le sembianze di un team che ci disintegra
|
|t:|1783330274
|teamsize|p1|4
|teamsize|p2|4
|start
|switch|p1a: Scovillain|Scovillain, L50, F|100/100
|switch|p1b: Toxapex|Toxapex, L50, F|100/100
|switch|p2a: Sabotage|Sneasler, L50, F|100/100
|switch|p2b: Gervasoni|Excadrill, L50, F|100/100
|turn|1
|j| pirro9
|
|t:|1783330306
|move|p2b: Gervasoni|Protect|p2b: Gervasoni
|-singleturn|p2b: Gervasoni|Protect
|move|p2a: Sabotage|Coaching|p2b: Gervasoni
|-boost|p2b: Gervasoni|atk|1
|-boost|p2b: Gervasoni|def|1
|move|p1a: Scovillain|Leech Seed|p2a: Sabotage
|-start|p2a: Sabotage|move: Leech Seed
|move|p1b: Toxapex|Infestation|p2a: Sabotage
|-resisted|p2a: Sabotage|2
|-damage|p2a: Sabotage|99/100
|-activate|p2a: Sabotage|move: Infestation|[of] p1b: Toxapex
|
|-damage|p2a: Sabotage|87/100|[from] Leech Seed|[of] p1a: Scovillain
|-damage|p2a: Sabotage|74/100|[from] move: Infestation|[partiallytrapped]
|-ability|p1a: Scovillain|Moody|boost
|-boost|p1a: Scovillain|spd|2
|-unboost|p1a: Scovillain|spa|1
|upkeep
|turn|2
|
|t:|1783330322
|move|p1a: Scovillain|Protect|p1a: Scovillain
|-singleturn|p1a: Scovillain|Protect
|move|p1b: Toxapex|Protect|p1b: Toxapex
|-singleturn|p1b: Toxapex|Protect
|move|p2a: Sabotage|Coaching|p2b: Gervasoni
|-boost|p2b: Gervasoni|atk|1
|-boost|p2b: Gervasoni|def|1
|move|p2b: Gervasoni|High Horsepower|p1a: Scovillain
|-activate|p1a: Scovillain|move: Protect
|
|-damage|p2a: Sabotage|62/100|[from] Leech Seed|[of] p1a: Scovillain
|-damage|p2a: Sabotage|50/100g|[from] move: Infestation|[partiallytrapped]
|-ability|p1a: Scovillain|Moody|boost
|-boost|p1a: Scovillain|spa|2
|-unboost|p1a: Scovillain|spe|1
|upkeep
|turn|3
|
|t:|1783330339
|detailschange|p1a: Scovillain|Scovillain-Mega, L50, F
|-mega|p1a: Scovillain|Scovillain|Scovillainite
|move|p2a: Sabotage|Coaching|p2b: Gervasoni
|-boost|p2b: Gervasoni|atk|1
|-boost|p2b: Gervasoni|def|1
|move|p2b: Gervasoni|High Horsepower|p1b: Toxapex
|-supereffective|p1b: Toxapex|1
|-damage|p1b: Toxapex|0 fnt
|faint|p1b: Toxapex
|move|p1a: Scovillain|Overheat|p2b: Gervasoni
|-supereffective|p2b: Gervasoni|1
|-enditem|p2b: Gervasoni|Focus Sash
|-damage|p2b: Gervasoni|1/100
|-unboost|p1a: Scovillain|spa|2
|
|-damage|p2a: Sabotage|38/100|[from] Leech Seed|[of] p1a: Scovillain
|-end|p2a: Sabotage|Infestation|[partiallytrapped]|[silent]
|upkeep
|
|t:|1783330351
|switch|p1b: Basculegion|Basculegion, L50, M|100/100
|turn|4
|
|t:|1783330357
|switch|p2a: Sidy|Incineroar, L50, F|100/100
|-ability|p2a: Sidy|Intimidate|boost
|-unboost|p1a: Scovillain|atk|1
|-unboost|p1b: Basculegion|atk|1
|move|p2b: Gervasoni|Protect|p2b: Gervasoni
|-singleturn|p2b: Gervasoni|Protect
|move|p1b: Basculegion|Aqua Jet|p2b: Gervasoni
|-activate|p2b: Gervasoni|move: Protect
|move|p1a: Scovillain|Leech Seed|p2a: Sidy
|-start|p2a: Sidy|move: Leech Seed
|
|-damage|p2a: Sidy|87/100|[from] Leech Seed|[of] p1a: Scovillain
|upkeep
|turn|5
|j| lakaka siuuu
|inactive|Battle timer is ON: inactive players will automatically lose when time's up. (requested by Tallin de Kefta)
|
|t:|1783330380
|switch|p1b: Kingambit|Kingambit, L50, F|100/100
|move|p2b: Gervasoni|High Horsepower|p1b: Kingambit|[miss]
|-miss|p2b: Gervasoni|p1b: Kingambit
|move|p2a: Sidy|Parting Shot|p1b: Kingambit
|-unboost|p1b: Kingambit|atk|1
|-ability|p1b: Kingambit|Defiant|boost
|-boost|p1b: Kingambit|atk|2
|-unboost|p1b: Kingambit|spa|1
|-ability|p1b: Kingambit|Defiant|boost
|-boost|p1b: Kingambit|atk|2
|c|☆il mule|ODDIO
|c|☆il mule|CHE DOLORE IMMENSO
|c|☆il mule|entra loris e succede il disastro
|
|t:|1783330402
|switch|p2a: Quando provo|Tyranitar, L50, M|100/100|[from] Parting Shot
|-weather|Sandstorm|[from] ability: Sand Stream|[of] p2a: Quando provo
|move|p1a: Scovillain|Leech Seed|p2b: Gervasoni
|-start|p2b: Gervasoni|move: Leech Seed
|
|-weather|Sandstorm|[upkeep]
|-damage|p1a: Scovillain|94/100|[from] Sandstorm
|-damage|p2b: Gervasoni|0 fnt|[from] Leech Seed|[of] p1a: Scovillain
|-heal|p1a: Scovillain|94/100|[silent]
|faint|p2b: Gervasoni
|upkeep
|c| lakaka siuuu|tutto merito mio si
|
|t:|1783330410
|switch|p2b: Sabotage|Sneasler, L50, F|38/100
|turn|6
|c|☆il mule|e vabbè è finita
|c|☆il mule|complimenti a buttare la wincon a prendersi quarto potere
|inactive|il mule has 30 seconds left.
|inactive|Tallin de Kefta has 30 seconds left.
|inactive|il mule has 20 seconds left.
|inactive|il mule has 15 seconds left.
|
|t:|1783330451
|move|p2b: Sabotage|Fake Out|p1b: Kingambit
|-resisted|p1b: Kingambit|1
|-damage|p1b: Kingambit|95/100
|move|p2a: Quando provo|Dragon Dance|p2a: Quando provo
|-boost|p2a: Quando provo|atk|1
|-boost|p2a: Quando provo|spe|1
|cant|p1b: Kingambit|flinch
|move|p1a: Scovillain|Leech Seed|p2a: Quando provo
|-start|p2a: Quando provo|move: Leech Seed
|
|-weather|Sandstorm|[upkeep]
|-damage|p2b: Sabotage|32/100|[from] Sandstorm
|-damage|p1a: Scovillain|88/100|[from] Sandstorm
|-damage|p2a: Quando provo|87/100|[from] Leech Seed|[of] p1a: Scovillain
|-heal|p1a: Scovillain|100/100|[silent]
|upkeep
|turn|7
|
|t:|1783330462
|move|p2a: Quando provo|Protect|p2a: Quando provo
|-singleturn|p2a: Quando provo|Protect
|move|p1a: Scovillain|Rage Powder|p1a: Scovillain
|-singleturn|p1a: Scovillain|move: Rage Powder
|move|p2b: Sabotage|Coaching|p2a: Quando provo
|-boost|p2a: Quando provo|atk|1
|-boost|p2a: Quando provo|def|1
|move|p1b: Kingambit|Low Kick|p2a: Quando provo
|-activate|p2a: Quando provo|move: Protect
|
|-weather|Sandstorm|[upkeep]
|-damage|p2b: Sabotage|26/100|[from] Sandstorm
|-damage|p1a: Scovillain|94/100|[from] Sandstorm
|-damage|p2a: Quando provo|75/100|[from] Leech Seed|[of] p1a: Scovillain
|-heal|p1a: Scovillain|100/100|[silent]
|upkeep
|turn|8
|j| Tridello
|inactive|il mule has 30 seconds left.
|c|☆il mule|serve un flinch
|c|☆il mule|unitevi
|c| lakaka siuuu|si
|
|t:|1783330502
|detailschange|p2a: Quando provo|Tyranitar-Mega, L50, M
|-mega|p2a: Quando provo|Tyranitar|Tyranitarite
|move|p1a: Scovillain|Rage Powder|p1a: Scovillain
|-singleturn|p1a: Scovillain|move: Rage Powder
|move|p2b: Sabotage|Coaching|p2a: Quando provo
|-boost|p2a: Quando provo|atk|1
|-boost|p2a: Quando provo|def|1
|move|p2a: Quando provo|Rock Slide|p1b: Kingambit|[spread] 
|-miss|p2a: Quando provo|p1a: Scovillain
|-miss|p2a: Quando provo|p1b: Kingambit
|move|p1b: Kingambit|Low Kick|p2a: Quando provo
|-supereffective|p2a: Quando provo|2
|-damage|p2a: Quando provo|0 fnt
|faint|p2a: Quando provo
|
|-weather|Sandstorm|[upkeep]
|-damage|p2b: Sabotage|20/100y|[from] Sandstorm
|-damage|p1a: Scovillain|94/100|[from] Sandstorm
|upkeep
|c| lakaka siuuu|volpini uniti
|c| pirro9|Eccoci
|c|☆il mule|ottima partita
|-message|il mule forfeited.
|
|win|Tallin de Kefta
|l|☆il mule
|player|p2|
||il mule is ready for game 2.
||Tallin de Kefta is ready for game 2.
|uhtml|next|Next: Game 2 of 3
|j| Jenny Nencioni
|l| Jenny Nencioni
|l| mafav2
