|j|☆enigmaeuw
|j|☆beastkidcr
|html|enigmaeuwbeastkidcr    
|uhtml|bestof|Game 1 of a best-of-3
|t:|1757203584
|gametype|doubles
|player|p1|enigmaeuw|ingo|1019
|player|p2|beastkidcr|waiter|1040
|gen|9
|tier|[Gen 9] VGC 2025 Reg H (Bo3)
|rated|
|rule|Species Clause: Limit one of each Pokémon
|rule|Item Clause: Limit 1 of each item
|clearpoke
|poke|p1|Pelipper, L50, M|
|poke|p1|Archaludon, L50, M|
|poke|p1|Incineroar, L50, M|
|poke|p1|Hydreigon, L50, M|
|poke|p1|Ursaluna, L50, M|
|poke|p1|Amoonguss, L50, M|
|poke|p2|Tyranitar, L50, F|
|poke|p2|Excadrill, L50, F|
|poke|p2|Gholdengo, L50|
|poke|p2|Indeedee, L50, M|
|poke|p2|Sneasler, L50, F|
|poke|p2|Volcarona, L50, F|
|teampreview|4
|showteam|p1|Pelipper||CovertCloak|Drizzle|WeatherBall,Hurricane,Tailwind,Protect|||M|||50|,,,,,Grass]Archaludon||AssaultVest|Stamina|ElectroShot,BodyPress,DracoMeteor,FlashCannon|||M|||50|,,,,,Bug]Incineroar||RockyHelmet|Intimidate|FlareBlitz,KnockOff,FakeOut,PartingShot|||M|||50|,,,,,Grass]Hydreigon||SafetyGoggles|Levitate|Snarl,DracoMeteor,Tailwind,Protect|||M|||50|,,,,,Poison]Ursaluna||FlameOrb|Guts|Facade,Earthquake,HeadlongRush,Protect|||M|||50|,,,,,Ghost]Amoonguss||SitrusBerry|Regenerator|Spore,RagePowder,PollenPuff,Protect|||M|||50|,,,,,Water
|showteam|p2|Tyranitar||AssaultVest|SandStream|RockSlide,LowKick,KnockOff,TeraBlast|||F|||50|,,,,,Flying]Excadrill||FocusSash|SandRush|Earthquake,IronHead,Protect,HighHorsepower|||F|||50|,,,,,Ground]Gholdengo||LifeOrb|GoodasGold|ShadowBall,MakeItRain,Protect,NastyPlot||||||50|,,,,,Water]Indeedee||ChoiceScarf|PsychicSurge|ExpandingForce,TeraBlast,Trick,Protect|||M|||50|,,,,,Fighting]Sneasler||PsychicSeed|Unburden|DireClaw,ThroatChop,CloseCombat,Protect|||F|||50|,,,,,Dark]Volcarona||SafetyGoggles|FlameBody|StruggleBug,HeatWave,Tailwind,Protect|||F|||50|,,,,,Dragon
|inactive|Battle timer is ON: inactive players will automatically lose when time's up. (requested by beastkidcr)
|inactive|enigmaeuw also wants the timer to be on.
|inactive|beastkidcr has 60 seconds left.
|
|t:|1757203623
|teamsize|p1|4
|teamsize|p2|4
|start
|switch|p1a: Hydreigon|Hydreigon, L50, M|100/100
|switch|p1b: Ursaluna|Ursaluna, L50, M|100/100
|switch|p2a: Tyranitar|Tyranitar, L50, F|100/100
|switch|p2b: Excadrill|Excadrill, L50, F|100/100
|-weather|Sandstorm|[from] ability: Sand Stream|[of] p2a: Tyranitar
|turn|1
|inactive|beastkidcr has 30 seconds left.
|inactive|beastkidcr has 20 seconds left.
|inactive|beastkidcr has 15 seconds left.
|inactive|beastkidcr has 10 seconds left.
|
|t:|1757203671
|-terastallize|p2a: Tyranitar|Flying
|move|p1b: Ursaluna|Protect|p1b: Ursaluna
|-singleturn|p1b: Ursaluna|Protect
|move|p2b: Excadrill|Iron Head|p1b: Ursaluna
|-activate|p1b: Ursaluna|move: Protect
|move|p1a: Hydreigon|Tailwind|p1a: Hydreigon
|-sidestart|p1: enigmaeuw|move: Tailwind
|move|p2a: Tyranitar|Low Kick|p1a: Hydreigon
|-supereffective|p1a: Hydreigon
|-damage|p1a: Hydreigon|30/100
|
|-weather|Sandstorm|[upkeep]
|-damage|p2a: Tyranitar|95/100|[from] Sandstorm
|-status|p1b: Ursaluna|brn|[from] item: Flame Orb
|upkeep
|turn|2
|inactive|enigmaeuw has 30 seconds left.
|inactive|enigmaeuw has 20 seconds left.
|
|t:|1757203709
|move|p1a: Hydreigon|Draco Meteor|p2a: Tyranitar
|-damage|p2a: Tyranitar|61/100
|-unboost|p1a: Hydreigon|spa|2
|move|p2b: Excadrill|Iron Head|p1a: Hydreigon
|-damage|p1a: Hydreigon|0 fnt
|faint|p1a: Hydreigon
|move|p1b: Ursaluna|Earthquake|p2a: Tyranitar|[spread] p2b
|-immune|p2a: Tyranitar
|-supereffective|p2b: Excadrill
|-enditem|p2b: Excadrill|Focus Sash
|-damage|p2b: Excadrill|1/100
|move|p2a: Tyranitar|Low Kick|p1b: Ursaluna
|-supereffective|p1b: Ursaluna
|-damage|p1b: Ursaluna|36/100 brn
|
|-weather|Sandstorm|[upkeep]
|-damage|p2a: Tyranitar|55/100|[from] Sandstorm
|-damage|p1b: Ursaluna|30/100 brn|[from] brn
|upkeep
|
|t:|1757203727
|switch|p1a: Pelipper|Pelipper, L50, M|100/100
|-weather|RainDance|[from] ability: Drizzle|[of] p1a: Pelipper
|turn|3
|inactive|beastkidcr has 30 seconds left.
|inactive|beastkidcr has 20 seconds left.
|inactive|beastkidcr has 15 seconds left.
|inactive|beastkidcr has 10 seconds left.
|inactive|beastkidcr has 5 seconds left.
|
|t:|1757203780
|move|p2b: Excadrill|Protect|p2b: Excadrill
|-singleturn|p2b: Excadrill|Protect
|move|p1a: Pelipper|Weather Ball|p2b: Excadrill
|-activate|p2b: Excadrill|move: Protect
|move|p1b: Ursaluna|Facade|p2a: Tyranitar
|-damage|p2a: Tyranitar|0 fnt
|faint|p2a: Tyranitar
|
|-weather|RainDance|[upkeep]
|-damage|p1b: Ursaluna|24/100 brn|[from] brn
|upkeep
|
|t:|1757203795
|switch|p2a: Gholdengo|Gholdengo, L50|100/100
|turn|4
|
|t:|1757203810
|move|p1a: Pelipper|Protect|p1a: Pelipper
|-singleturn|p1a: Pelipper|Protect
|move|p2a: Gholdengo|Protect|p2a: Gholdengo
|-singleturn|p2a: Gholdengo|Protect
|move|p1b: Ursaluna|Earthquake|p2b: Excadrill|[spread] p2b
|-activate|p1a: Pelipper|move: Protect
|-activate|p2a: Gholdengo|move: Protect
|-supereffective|p2b: Excadrill
|-damage|p2b: Excadrill|0 fnt
|faint|p2b: Excadrill
|
|-weather|RainDance|[upkeep]
|-damage|p1b: Ursaluna|17/100 brn|[from] brn
|-sideend|p1: enigmaeuw|move: Tailwind
|upkeep
|
|t:|1757203819
|switch|p2b: Volcarona|Volcarona, L50, F|100/100
|turn|5
|
|t:|1757203843
|move|p2b: Volcarona|Protect|p2b: Volcarona
|-singleturn|p2b: Volcarona|Protect
|move|p1b: Ursaluna|Protect|p1b: Ursaluna
|-singleturn|p1b: Ursaluna|Protect
|move|p2a: Gholdengo|Make It Rain|p1b: Ursaluna|[spread] p1a
|-activate|p1b: Ursaluna|move: Protect
|-resisted|p1a: Pelipper
|-damage|p1a: Pelipper|60/100
|-unboost|p2a: Gholdengo|spa|1
|-damage|p2a: Gholdengo|91/100|[from] item: Life Orb
|move|p1a: Pelipper|Tailwind|p1a: Pelipper
|-sidestart|p1: enigmaeuw|move: Tailwind
|
|-weather|RainDance|[upkeep]
|-damage|p1b: Ursaluna|11/100 brn|[from] brn
|upkeep
|turn|6
|
|t:|1757203862
|move|p1a: Pelipper|Weather Ball|p2b: Volcarona
|-supereffective|p2b: Volcarona
|-damage|p2b: Volcarona|0 fnt
|faint|p2b: Volcarona
|move|p1b: Ursaluna|Earthquake|p2a: Gholdengo|[spread] p2a
|-immune|p1a: Pelipper
|-supereffective|p2a: Gholdengo
|-damage|p2a: Gholdengo|0 fnt
|faint|p2a: Gholdengo
|
|win|enigmaeuw
||beastkidcr is ready for game 2.
||enigmaeuw is ready for game 2.
|uhtml|next|Next: Game 2 of 3
