|j|☆upchicken
|j|☆Vitor_hsaf
|html|upchickenVitor_hsaf    
|uhtml|bestof|Game 2 of a best-of-3
|t:|1756657679
|gametype|doubles
|player|p1|upchicken|az|1316
|player|p2|Vitor_hsaf|blue|1315
|gen|9
|tier|[Gen 9] VGC 2025 Reg H (Bo3)
|rated|
|rule|Species Clause: Limit one of each Pokémon
|rule|Item Clause: Limit 1 of each item
|clearpoke
|poke|p1|Grimmsnarl, L50, M|
|poke|p1|Annihilape, L50, M|
|poke|p1|Maushold, L50|
|poke|p1|Pelipper, L50, M|
|poke|p1|Archaludon, L50, F|
|poke|p1|Sinistcha, L50|
|poke|p2|Volcarona, L50, M|
|poke|p2|Kingambit, L50, F|
|poke|p2|Dragonite, L50, F|
|poke|p2|Sneasler, L50, M|
|poke|p2|Rillaboom, L50, M|
|poke|p2|Electabuzz, L50, M|
|teampreview|4
|showteam|p1|Grimmsnarl||LightClay|Prankster|Reflect,LightScreen,ThunderWave,SpiritBreak|||M|||50|,,,,,Steel]Annihilape||SpellTag|Defiant|BulkUp,Protect,DrainPunch,RageFist|||M|||50|,,,,,Fire]Maushold||SafetyGoggles|FriendGuard|BeatUp,Taunt,FollowMe,Protect||||||50|,,,,,Ghost]Pelipper||LifeOrb|Drizzle|WeatherBall,Hurricane,Tailwind,Protect|||M|||50|,,,,,Stellar]Archaludon||AssaultVest|Stamina|ElectroShot,DragonPulse,Snarl,BodyPress|||F|||50|,,,,,Fighting]Sinistcha||SitrusBerry|Hospitality|LifeDew,RagePowder,TrickRoom,MatchaGotcha||||||50|,,,,,Water
|showteam|p2|Volcarona||Leftovers|FlameBody|HeatWave,TeraBlast,QuiverDance,Protect|||M|||50|,,,,,Fairy]Kingambit||BlackGlasses|Defiant|KowtowCleave,SuckerPunch,SwordsDance,Protect|||F|||50|,,,,,Dark]Dragonite||LoadedDice|Multiscale|ScaleShot,ExtremeSpeed,Haze,Protect|||F|||50|,,,,,Steel]Sneasler||FocusSash|PoisonTouch|CloseCombat,DireClaw,FakeOut,Coaching|||M|||50|,,,,,Stellar]Rillaboom||AssaultVest|GrassySurge|WoodHammer,GrassyGlide,HighHorsepower,FakeOut|||M|||50|,,,,,Fire]Electabuzz||Eviolite|VitalSpirit|Thunderbolt,Taunt,FollowMe,Protect|||M|||50|,,,,,Ghost
|inactive|Battle timer is ON: inactive players will automatically lose when time's up. (requested by Vitor_hsaf)
|inactive|upchicken also wants the timer to be on.
|
|t:|1756657701
|teamsize|p1|4
|teamsize|p2|4
|start
|switch|p1a: Grimmsnarl|Grimmsnarl, L50, M|100/100
|switch|p1b: Archaludon|Archaludon, L50, F|100/100
|switch|p2a: Volcarona|Volcarona, L50, M|100/100
|switch|p2b: Electabuzz|Electabuzz, L50, M|100/100
|turn|1
|
|t:|1756657714
|move|p1a: Grimmsnarl|Light Screen|p1a: Grimmsnarl
|-sidestart|p1: upchicken|move: Light Screen
|move|p2a: Volcarona|Quiver Dance|p2a: Volcarona
|-boost|p2a: Volcarona|spa|1
|-boost|p2a: Volcarona|spd|1
|-boost|p2a: Volcarona|spe|1
|move|p2b: Electabuzz|Taunt|p1a: Grimmsnarl
|-start|p1a: Grimmsnarl|move: Taunt
|move|p1b: Archaludon|Snarl|p2b: Electabuzz|[spread] p2a,p2b
|-damage|p2a: Volcarona|92/100
|-damage|p2b: Electabuzz|91/100
|-unboost|p2a: Volcarona|spa|1
|-unboost|p2b: Electabuzz|spa|1
|
|-heal|p2a: Volcarona|98/100|[from] item: Leftovers
|upkeep
|turn|2
|
|t:|1756657725
|move|p2b: Electabuzz|Follow Me|p2b: Electabuzz
|-singleturn|p2b: Electabuzz|move: Follow Me
|move|p2a: Volcarona|Quiver Dance|p2a: Volcarona
|-boost|p2a: Volcarona|spa|1
|-boost|p2a: Volcarona|spd|1
|-boost|p2a: Volcarona|spe|1
|move|p1b: Archaludon|Dragon Pulse|p2b: Electabuzz
|-damage|p2b: Electabuzz|57/100
|move|p1a: Grimmsnarl|Spirit Break|p2b: Electabuzz
|-damage|p2b: Electabuzz|34/100
|-unboost|p2b: Electabuzz|spa|1
|
|-heal|p2a: Volcarona|100/100|[from] item: Leftovers
|upkeep
|turn|3
|
|t:|1756657748
|-terastallize|p2a: Volcarona|Fairy
|move|p2b: Electabuzz|Follow Me|p2b: Electabuzz
|-singleturn|p2b: Electabuzz|move: Follow Me
|move|p2a: Volcarona|Tera Blast|p1a: Grimmsnarl|[anim] Tera Blast Fairy
|-supereffective|p1a: Grimmsnarl
|-damage|p1a: Grimmsnarl|27/100
|move|p1b: Archaludon|Snarl|p2a: Volcarona|[spread] p2a,p2b
|-resisted|p2a: Volcarona
|-damage|p2a: Volcarona|98/100
|-damage|p2b: Electabuzz|24/100
|-unboost|p2a: Volcarona|spa|1
|-unboost|p2b: Electabuzz|spa|1
|move|p1a: Grimmsnarl|Spirit Break|p2b: Electabuzz
|-damage|p2b: Electabuzz|2/100
|-unboost|p2b: Electabuzz|spa|1
|
|-heal|p2a: Volcarona|100/100|[from] item: Leftovers
|upkeep
|turn|4
|
|t:|1756657768
|switch|p1a: Pelipper|Pelipper, L50, M|100/100
|-weather|RainDance|[from] ability: Drizzle|[of] p1a: Pelipper
|move|p2a: Volcarona|Quiver Dance|p2a: Volcarona
|-boost|p2a: Volcarona|spa|1
|-boost|p2a: Volcarona|spd|1
|-boost|p2a: Volcarona|spe|1
|move|p2b: Electabuzz|Thunderbolt|p1a: Pelipper
|-supereffective|p1a: Pelipper
|-damage|p1a: Pelipper|51/100
|move|p1b: Archaludon|Electro Shot||[still]
|-prepare|p1b: Archaludon|Electro Shot
|-boost|p1b: Archaludon|spa|1
|-anim|p1b: Archaludon|Electro Shot|p2b: Electabuzz
|-resisted|p2b: Electabuzz
|-damage|p2b: Electabuzz|0 fnt
|faint|p2b: Electabuzz
|
|-weather|RainDance|[upkeep]
|upkeep
|
|t:|1756657777
|switch|p2b: Sneasler|Sneasler, L50, M|100/100
|turn|5
|
|t:|1756657791
|move|p2a: Volcarona|Tera Blast|p1b: Archaludon|[anim] Tera Blast Fairy
|-damage|p1b: Archaludon|72/100
|-ability|p1b: Archaludon|Stamina|boost
|-boost|p1b: Archaludon|def|1
|move|p2b: Sneasler|Close Combat|p1b: Archaludon
|-supereffective|p1b: Archaludon
|-damage|p1b: Archaludon|11/100
|-unboost|p2b: Sneasler|def|1
|-unboost|p2b: Sneasler|spd|1
|-ability|p1b: Archaludon|Stamina|boost
|-boost|p1b: Archaludon|def|1
|move|p1a: Pelipper|Tailwind|p1a: Pelipper
|-sidestart|p1: upchicken|move: Tailwind
|move|p1b: Archaludon|Snarl|p2a: Volcarona|[spread] p2a,p2b
|-resisted|p2a: Volcarona
|-resisted|p2b: Sneasler
|-damage|p2a: Volcarona|97/100
|-damage|p2b: Sneasler|80/100
|-unboost|p2a: Volcarona|spa|1
|-unboost|p2b: Sneasler|spa|1
|
|-weather|RainDance|[upkeep]
|-heal|p2a: Volcarona|100/100|[from] item: Leftovers
|upkeep
|turn|6
|
|t:|1756657810
|switch|p1a: Sinistcha|Sinistcha, L50|100/100
|-heal|p1b: Archaludon|36/100|[from] ability: Hospitality|[of] p1a: Sinistcha
|switch|p2b: Rillaboom|Rillaboom, L50, M|100/100
|-fieldstart|move: Grassy Terrain|[from] ability: Grassy Surge|[of] p2b: Rillaboom
|move|p2a: Volcarona|Tera Blast|p1b: Archaludon|[anim] Tera Blast Fairy
|-damage|p1b: Archaludon|17/100
|-ability|p1b: Archaludon|Stamina|boost
|-boost|p1b: Archaludon|def|1
|move|p1b: Archaludon|Electro Shot||[still]
|-prepare|p1b: Archaludon|Electro Shot
|-boost|p1b: Archaludon|spa|1
|-anim|p1b: Archaludon|Electro Shot|p2b: Rillaboom
|-resisted|p2b: Rillaboom
|-damage|p2b: Rillaboom|69/100
|
|-weather|RainDance|[upkeep]
|-heal|p1b: Archaludon|23/100|[from] Grassy Terrain
|-heal|p2b: Rillaboom|75/100|[from] Grassy Terrain
|upkeep
|turn|7
|
|t:|1756657829
|move|p2b: Rillaboom|Fake Out|p1b: Archaludon
|-resisted|p1b: Archaludon
|-damage|p1b: Archaludon|21/100
|-ability|p1b: Archaludon|Stamina|boost
|-boost|p1b: Archaludon|def|1
|move|p2a: Volcarona|Heat Wave|p1b: Archaludon|[spread] p1b
|-miss|p2a: Volcarona|p1a: Sinistcha
|-crit|p1b: Archaludon
|-damage|p1b: Archaludon|3/100
|-ability|p1b: Archaludon|Stamina|boost
|-boost|p1b: Archaludon|def|1
|cant|p1b: Archaludon|flinch
|move|p1a: Sinistcha|Life Dew||[still]|[spread] p1a,p1b
|-fail|p1a: Sinistcha|heal
|-heal|p1b: Archaludon|27/100
|
|-weather|RainDance|[upkeep]
|-heal|p1b: Archaludon|33/100|[from] Grassy Terrain
|-heal|p2b: Rillaboom|81/100|[from] Grassy Terrain
|upkeep
|turn|8
|
|t:|1756657849
|move|p2a: Volcarona|Tera Blast|p1b: Archaludon|[anim] Tera Blast Fairy
|-damage|p1b: Archaludon|15/100
|-ability|p1b: Archaludon|Stamina|boost
|-boost|p1b: Archaludon|def|1
|move|p1b: Archaludon|Snarl|p2b: Rillaboom|[spread] p2a,p2b
|-resisted|p2a: Volcarona
|-damage|p2a: Volcarona|96/100
|-damage|p2b: Rillaboom|61/100
|-unboost|p2a: Volcarona|spa|1
|-unboost|p2b: Rillaboom|spa|1
|move|p1a: Sinistcha|Life Dew||[still]|[spread] p1a,p1b
|-fail|p1a: Sinistcha|heal
|-heal|p1b: Archaludon|40/100
|move|p2b: Rillaboom|High Horsepower|p1b: Archaludon
|-supereffective|p1b: Archaludon
|-damage|p1b: Archaludon|28/100
|
|-weather|none
|-heal|p2a: Volcarona|100/100|[from] Grassy Terrain
|-heal|p1b: Archaludon|34/100|[from] Grassy Terrain
|-heal|p2b: Rillaboom|67/100|[from] Grassy Terrain
|-sideend|p1: upchicken|move: Light Screen
|-sideend|p1: upchicken|move: Tailwind
|upkeep
|turn|9
|
|t:|1756657864
|switch|p1a: Pelipper|Pelipper, L50, M|51/100
|-weather|RainDance|[from] ability: Drizzle|[of] p1a: Pelipper
|move|p2a: Volcarona|Quiver Dance|p2a: Volcarona
|-boost|p2a: Volcarona|spa|1
|-boost|p2a: Volcarona|spd|1
|-boost|p2a: Volcarona|spe|1
|move|p2b: Rillaboom|Wood Hammer|p1a: Pelipper
|-damage|p1a: Pelipper|0 fnt
|faint|p1a: Pelipper
|-damage|p2b: Rillaboom|55/100|[from] Recoil
|move|p1b: Archaludon|Snarl|p2a: Volcarona|[spread] p2a
|-miss|p1b: Archaludon|p2b: Rillaboom
|-resisted|p2a: Volcarona
|-damage|p2a: Volcarona|96/100
|-unboost|p2a: Volcarona|spa|1
|
|-weather|RainDance|[upkeep]
|-heal|p2a: Volcarona|100/100|[from] Grassy Terrain
|-heal|p2b: Rillaboom|61/100|[from] Grassy Terrain
|-heal|p1b: Archaludon|40/100|[from] Grassy Terrain
|upkeep
|
|t:|1756657870
|switch|p1a: Sinistcha|Sinistcha, L50|100/100
|-heal|p1b: Archaludon|65/100|[from] ability: Hospitality|[of] p1a: Sinistcha
|turn|10
|
|t:|1756657880
|switch|p2b: Sneasler|Sneasler, L50, M|80/100
|move|p2a: Volcarona|Quiver Dance|p2a: Volcarona
|-boost|p2a: Volcarona|spa|1
|-boost|p2a: Volcarona|spd|1
|-boost|p2a: Volcarona|spe|1
|move|p1b: Archaludon|Snarl|p2a: Volcarona|[spread] p2b
|-miss|p1b: Archaludon|p2a: Volcarona
|-resisted|p2b: Sneasler
|-damage|p2b: Sneasler|62/100
|-unboost|p2b: Sneasler|spa|1
|move|p1a: Sinistcha|Trick Room|p1a: Sinistcha
|-fieldstart|move: Trick Room|[of] p1a: Sinistcha
|
|-weather|RainDance|[upkeep]
|-heal|p1b: Archaludon|71/100|[from] Grassy Terrain
|-heal|p2b: Sneasler|68/100|[from] Grassy Terrain
|-fieldend|move: Grassy Terrain
|upkeep
|turn|11
|
|t:|1756657901
|switch|p1a: Grimmsnarl|Grimmsnarl, L50, M|27/100
|switch|p2b: Rillaboom|Rillaboom, L50, M|61/100
|-fieldstart|move: Grassy Terrain|[from] ability: Grassy Surge|[of] p2b: Rillaboom
|move|p1b: Archaludon|Electro Shot||[still]
|-prepare|p1b: Archaludon|Electro Shot
|-boost|p1b: Archaludon|spa|1
|-anim|p1b: Archaludon|Electro Shot|p2b: Rillaboom
|-resisted|p2b: Rillaboom
|-damage|p2b: Rillaboom|24/100
|move|p2a: Volcarona|Tera Blast|p1b: Archaludon|[anim] Tera Blast Fairy
|-damage|p1b: Archaludon|46/100
|
|-weather|RainDance|[upkeep]
|-heal|p1a: Grimmsnarl|33/100|[from] Grassy Terrain
|-heal|p1b: Archaludon|52/100|[from] Grassy Terrain
|-heal|p2b: Rillaboom|30/100|[from] Grassy Terrain
|upkeep
|turn|12
|inactive|Vitor_hsaf has 30 seconds left.
|inactive|Vitor_hsaf has 20 seconds left.
|inactive|Vitor_hsaf has 15 seconds left.
|inactive|Vitor_hsaf has 10 seconds left.
|
|t:|1756657946
|move|p2b: Rillaboom|Fake Out|p1a: Grimmsnarl
|-damage|p1a: Grimmsnarl|17/100
|cant|p1a: Grimmsnarl|flinch
|move|p1b: Archaludon|Snarl|p2a: Volcarona|[spread] p2a
|-miss|p1b: Archaludon|p2b: Rillaboom
|-resisted|p2a: Volcarona
|-damage|p2a: Volcarona|96/100
|-unboost|p2a: Volcarona|spa|1
|move|p2a: Volcarona|Tera Blast|p1a: Grimmsnarl|[anim] Tera Blast Fairy
|-supereffective|p1a: Grimmsnarl
|-damage|p1a: Grimmsnarl|0 fnt
|faint|p1a: Grimmsnarl
|
|-weather|RainDance|[upkeep]
|-heal|p1b: Archaludon|58/100|[from] Grassy Terrain
|-heal|p2b: Rillaboom|36/100|[from] Grassy Terrain
|-heal|p2a: Volcarona|100/100|[from] Grassy Terrain
|upkeep
|
|t:|1756657958
|switch|p1a: Sinistcha|Sinistcha, L50|100/100
|-heal|p1b: Archaludon|83/100|[from] ability: Hospitality|[of] p1a: Sinistcha
|turn|13
|
|t:|1756657974
|move|p1a: Sinistcha|Matcha Gotcha|p2b: Rillaboom|[spread] p2b
|-miss|p1a: Sinistcha|p2a: Volcarona
|-resisted|p2b: Rillaboom
|-damage|p2b: Rillaboom|23/100
|move|p1b: Archaludon|Electro Shot||[still]
|-prepare|p1b: Archaludon|Electro Shot
|-boost|p1b: Archaludon|spa|1
|-anim|p1b: Archaludon|Electro Shot|p2b: Rillaboom
|-resisted|p2b: Rillaboom
|-damage|p2b: Rillaboom|0 fnt
|faint|p2b: Rillaboom
|move|p2a: Volcarona|Quiver Dance|p2a: Volcarona
|-boost|p2a: Volcarona|spa|1
|-boost|p2a: Volcarona|spd|1
|-boost|p2a: Volcarona|spe|1
|
|-weather|none
|-heal|p1b: Archaludon|89/100|[from] Grassy Terrain
|upkeep
|
|t:|1756657979
|switch|p2b: Sneasler|Sneasler, L50, M|68/100
|turn|14
|
|t:|1756658002
|-terastallize|p1a: Sinistcha|Water
|move|p2b: Sneasler|Fake Out|p1b: Archaludon
|-resisted|p1b: Archaludon
|-damage|p1b: Archaludon|88/100
|move|p1a: Sinistcha|Matcha Gotcha|p2a: Volcarona|[spread] p2a,p2b
|-resisted|p2b: Sneasler
|-crit|p2b: Sneasler
|-damage|p2a: Volcarona|92/100
|-damage|p2b: Sneasler|35/100
|cant|p1b: Archaludon|flinch
|move|p2a: Volcarona|Heat Wave|p1b: Archaludon|[spread] p1a,p1b
|-resisted|p1a: Sinistcha
|-damage|p1a: Sinistcha|84/100
|-damage|p1b: Archaludon|66/100
|
|-heal|p1a: Sinistcha|90/100|[from] Grassy Terrain
|-heal|p1b: Archaludon|72/100|[from] Grassy Terrain
|-heal|p2b: Sneasler|40/100|[from] Grassy Terrain
|-heal|p2a: Volcarona|98/100|[from] Grassy Terrain
|-heal|p2a: Volcarona|100/100|[from] item: Leftovers
|-fieldend|move: Trick Room
|upkeep
|turn|15
|inactive|Vitor_hsaf has 30 seconds left.
|
|t:|1756658032
|move|p2a: Volcarona|Quiver Dance|p2a: Volcarona
|-boost|p2a: Volcarona|spa|1
|-boost|p2a: Volcarona|spd|0
|-boost|p2a: Volcarona|spe|0
|move|p2b: Sneasler|Dire Claw|p1a: Sinistcha
|-damage|p1a: Sinistcha|53/100
|-status|p1a: Sinistcha|psn|[from] ability: Poison Touch|[of] p2b: Sneasler
|move|p1b: Archaludon|Snarl|p2a: Volcarona|[spread] p2a,p2b
|-resisted|p2a: Volcarona
|-resisted|p2b: Sneasler
|-damage|p2a: Volcarona|96/100
|-damage|p2b: Sneasler|11/100
|-unboost|p2a: Volcarona|spa|1
|-unboost|p2b: Sneasler|spa|1
|move|p1a: Sinistcha|Trick Room|p1a: Sinistcha
|-fieldstart|move: Trick Room|[of] p1a: Sinistcha
|
|-heal|p1a: Sinistcha|59/100 psn|[from] Grassy Terrain
|-heal|p1b: Archaludon|78/100|[from] Grassy Terrain
|-heal|p2b: Sneasler|17/100|[from] Grassy Terrain
|-heal|p2a: Volcarona|100/100|[from] Grassy Terrain
|-damage|p1a: Sinistcha|47/100 psn|[from] psn
|-fieldend|move: Grassy Terrain
|upkeep
|-enditem|p1a: Sinistcha|Sitrus Berry|[eat]
|-heal|p1a: Sinistcha|71/100 psn|[from] item: Sitrus Berry
|turn|16
|
|t:|1756658046
|move|p1a: Sinistcha|Life Dew|p1a: Sinistcha|[spread] p1a,p1b
|-heal|p1a: Sinistcha|97/100 psn
|-heal|p1b: Archaludon|100/100
|move|p1b: Archaludon|Snarl|p2b: Sneasler|[spread] p2a,p2b
|-resisted|p2a: Volcarona
|-resisted|p2b: Sneasler
|-damage|p2a: Volcarona|96/100
|-damage|p2b: Sneasler|0 fnt
|-unboost|p2a: Volcarona|spa|1
|faint|p2b: Sneasler
|move|p2a: Volcarona|Heat Wave|p1a: Sinistcha|[spread] p1a
|-miss|p2a: Volcarona|p1b: Archaludon
|-resisted|p1a: Sinistcha
|-damage|p1a: Sinistcha|86/100 psn
|
|-heal|p2a: Volcarona|100/100|[from] item: Leftovers
|-damage|p1a: Sinistcha|74/100 psn|[from] psn
|upkeep
|turn|17
|
|t:|1756658064
|move|p1a: Sinistcha|Matcha Gotcha|p2a: Volcarona
|-damage|p2a: Volcarona|93/100
|-heal|p1a: Sinistcha|78/100 psn|[from] drain|[of] p2a: Volcarona
|-status|p2a: Volcarona|brn
|move|p1b: Archaludon|Snarl|p2a: Volcarona
|-resisted|p2a: Volcarona
|-damage|p2a: Volcarona|87/100 brn
|-unboost|p2a: Volcarona|spa|1
|move|p2a: Volcarona|Quiver Dance|p2a: Volcarona
|-boost|p2a: Volcarona|spa|1
|-boost|p2a: Volcarona|spd|0
|-boost|p2a: Volcarona|spe|0
|
|-heal|p2a: Volcarona|94/100 brn|[from] item: Leftovers
|-damage|p1a: Sinistcha|66/100 psn|[from] psn
|-damage|p2a: Volcarona|87/100 brn|[from] brn
|upkeep
|turn|18
|
|t:|1756658076
|move|p2a: Volcarona|Protect|p2a: Volcarona
|-singleturn|p2a: Volcarona|Protect
|move|p1a: Sinistcha|Matcha Gotcha|p2a: Volcarona
|-activate|p2a: Volcarona|move: Protect
|move|p1b: Archaludon|Snarl|p2a: Volcarona
|-activate|p2a: Volcarona|move: Protect
|
|-heal|p2a: Volcarona|94/100 brn|[from] item: Leftovers
|-damage|p1a: Sinistcha|53/100 psn|[from] psn
|-damage|p2a: Volcarona|87/100 brn|[from] brn
|upkeep
|turn|19
|
|t:|1756658084
|move|p1a: Sinistcha|Matcha Gotcha|p2a: Volcarona
|-damage|p2a: Volcarona|79/100 brn
|-heal|p1a: Sinistcha|58/100 psn|[from] drain|[of] p2a: Volcarona
|move|p1b: Archaludon|Snarl|p2a: Volcarona
|-resisted|p2a: Volcarona
|-damage|p2a: Volcarona|72/100 brn
|-unboost|p2a: Volcarona|spa|1
|move|p2a: Volcarona|Tera Blast|p1a: Sinistcha|[anim] Tera Blast Fairy
|-damage|p1a: Sinistcha|39/100 psn
|
|-heal|p2a: Volcarona|78/100 brn|[from] item: Leftovers
|-damage|p1a: Sinistcha|26/100 psn|[from] psn
|-damage|p2a: Volcarona|72/100 brn|[from] brn
|-fieldend|move: Trick Room
|upkeep
|turn|20
|
|t:|1756658102
|move|p2a: Volcarona|Tera Blast|p1a: Sinistcha|[anim] Tera Blast Fairy
|-damage|p1a: Sinistcha|6/100 psn
|move|p1b: Archaludon|Snarl|p2a: Volcarona
|-resisted|p2a: Volcarona
|-damage|p2a: Volcarona|66/100 brn
|-unboost|p2a: Volcarona|spa|1
|move|p1a: Sinistcha|Trick Room|p1a: Sinistcha
|-fieldstart|move: Trick Room|[of] p1a: Sinistcha
|
|-heal|p2a: Volcarona|73/100 brn|[from] item: Leftovers
|-damage|p1a: Sinistcha|0 fnt|[from] psn
|faint|p1a: Sinistcha
|-damage|p2a: Volcarona|66/100 brn|[from] brn
|upkeep
|turn|21
|
|t:|1756658109
|move|p2a: Volcarona|Protect|p2a: Volcarona
|-singleturn|p2a: Volcarona|Protect
|move|p1b: Archaludon|Snarl|p2a: Volcarona
|-activate|p2a: Volcarona|move: Protect
|
|-heal|p2a: Volcarona|73/100 brn|[from] item: Leftovers
|-damage|p2a: Volcarona|66/100 brn|[from] brn
|upkeep
|turn|22
|
|t:|1756658127
|move|p1b: Archaludon|Snarl|p2a: Volcarona
|-resisted|p2a: Volcarona
|-damage|p2a: Volcarona|60/100 brn
|-unboost|p2a: Volcarona|spa|1
|move|p2a: Volcarona|Quiver Dance|p2a: Volcarona
|-boost|p2a: Volcarona|spa|1
|-boost|p2a: Volcarona|spd|0
|-boost|p2a: Volcarona|spe|0
|
|-heal|p2a: Volcarona|66/100 brn|[from] item: Leftovers
|-damage|p2a: Volcarona|60/100 brn|[from] brn
|upkeep
|turn|23
|
|t:|1756658133
|move|p2a: Volcarona|Protect|p2a: Volcarona
|-singleturn|p2a: Volcarona|Protect
|move|p1b: Archaludon|Body Press|p2a: Volcarona
|-activate|p2a: Volcarona|move: Protect
|
|-heal|p2a: Volcarona|66/100 brn|[from] item: Leftovers
|-damage|p2a: Volcarona|60/100 brn|[from] brn
|upkeep
|turn|24
|
|t:|1756658138
|move|p1b: Archaludon|Body Press|p2a: Volcarona
|-resisted|p2a: Volcarona
|-damage|p2a: Volcarona|9/100 brn
|move|p2a: Volcarona|Tera Blast|p1b: Archaludon|[anim] Tera Blast Fairy
|-damage|p1b: Archaludon|99/100
|
|-heal|p2a: Volcarona|15/100 brn|[from] item: Leftovers
|-damage|p2a: Volcarona|9/100 brn|[from] brn
|-fieldend|move: Trick Room
|upkeep
|turn|25
|
|t:|1756658149
|move|p2a: Volcarona|Tera Blast|p1b: Archaludon|[anim] Tera Blast Fairy
|-damage|p1b: Archaludon|97/100
|move|p1b: Archaludon|Body Press|p2a: Volcarona
|-resisted|p2a: Volcarona
|-damage|p2a: Volcarona|0 fnt
|faint|p2a: Volcarona
|
|win|upchicken
|raw|upchicken's rating: 1316 → 1336(+20 for winning)
|raw|Vitor_hsaf's rating: 1315 → 1295(-20 for losing)
