|j|☆Radlars
|j|☆ShikikanV
|html|RadlarsShikikanV    
|uhtml|bestof|Game 2 of a best-of-3
|t:|1785221187
|gametype|doubles
|player|p1|Radlars|170|
|player|p2|ShikikanV|plasmagrunt-gen5bw|
|gen|9
|tier|[Gen 9 Champions] VGC 2026 Reg M-B (Bo3)
|rule|Species Clause: Limit one of each Pokémon
|rule|Item Clause: Limit 1 of each item
|clearpoke
|poke|p1|Heracross, L50, F|
|poke|p1|Farigiraf, L50, F|
|poke|p1|Grimmsnarl, L50, M|
|poke|p1|Bastiodon, L50, M|
|poke|p1|Tyranitar, L50, F|
|poke|p1|Aegislash, L50, F|
|poke|p2|Garganacl, L50, M|
|poke|p2|Tyranitar, L50, F|
|poke|p2|Sandaconda, L50, M, shiny|
|poke|p2|Farigiraf, L50, M|
|poke|p2|Chandelure, L50, M, shiny|
|poke|p2|Tinkaton, L50, F|
|teampreview|4
|showteam|p1|Heracross||Heracronite|Moxie|BulletSeed,Detect,BrickBreak,RockBlast|Brave||F|||50|]Farigiraf||SitrusBerry|ArmorTail|TrickRoom,PsychicNoise,HelpingHand,Protect|Relaxed||F|||50|]Grimmsnarl||LightClay|Prankster|FoulPlay,LightScreen,PartingShot,FakeOut|Impish||M|||50|]Bastiodon||Leftovers|Sturdy|WideGuard,Counter,IronDefense,BodyPress|Relaxed||M|||50|]Tyranitar||Tyranitarite|SandStream|RockSlide,Curse,KnockOff,Protect|Careful||F|||50|]Aegislash||MetalCoat|StanceChange|IronHead,KingsShield,SacredSword,ShadowBall|Brave||F|||50|
|showteam|p2|Garganacl||HardStone|PurifyingSalt|RockSlide,SaltCure,BodyPress,Protect|Lax||M|||50|]Tyranitar||Tyranitarite|SandStream|SandTomb,Protect,BrickBreak,Crunch|Serious||F|||50|]Sandaconda||BrightPowder|SandSpit|Protect,SandTomb,ScorchingSands,BodyPress|Relaxed||M|||50|]Farigiraf||Leftovers|ArmorTail|TrickRoom,Trick,Protect,Roar|Sassy||M|||50|]Chandelure||ChartiBerry|FlameBody|TrickRoom,ShadowBall,Curse,Protect|Sassy||M|||50|]Tinkaton||ExpertBelt|MoldBreaker|FakeOut,BrickBreak,GigatonHammer,WoodHammer|Jolly||F|||50|
|
|t:|1785221245
|teamsize|p1|4
|teamsize|p2|4
|start
|switch|p1a: Farigiraf|Farigiraf, L50, F|100/100
|switch|p1b: Tyranitar|Tyranitar, L50, F|100/100
|switch|p2a: pharaoh's curse|Tyranitar, L50, F|100/100
|switch|p2b: sand|Sandaconda, L50, M, shiny|100/100
|-weather|Sandstorm|[from] ability: Sand Stream|[of] p1b: Tyranitar
|turn|1
|
|t:|1785221295
|switch|p1a: Grimmsnarl|Grimmsnarl, L50, M|100/100
|detailschange|p2a: pharaoh's curse|Tyranitar-Mega, L50, F
|-mega|p2a: pharaoh's curse|Tyranitar|Tyranitarite
|move|p1b: Tyranitar|Protect|p1b: Tyranitar
|-singleturn|p1b: Tyranitar|Protect
|move|p2a: pharaoh's curse|Brick Break|p1b: Tyranitar
|-activate|p1b: Tyranitar|move: Protect
|move|p2b: sand|Body Press|p1a: Grimmsnarl
|-damage|p1a: Grimmsnarl|77/100
|
|-weather|Sandstorm|[upkeep]
|-damage|p1a: Grimmsnarl|71/100|[from] Sandstorm
|upkeep
|turn|2
|
|t:|1785221329
|switch|p2a: not-registeel|Garganacl, L50, M|100/100
|switch|p2b: Her|Tinkaton, L50, F|100/100
|-ability|p2b: Her|Mold Breaker
|detailschange|p1b: Tyranitar|Tyranitar-Mega, L50, F
|-mega|p1b: Tyranitar|Tyranitar|Tyranitarite
|move|p1a: Grimmsnarl|Fake Out|p2a: not-registeel
|-resisted|p2a: not-registeel|1
|-damage|p2a: not-registeel|96/100
|move|p1b: Tyranitar|Curse|p1b: Tyranitar
|-unboost|p1b: Tyranitar|spe|1
|-boost|p1b: Tyranitar|atk|1
|-boost|p1b: Tyranitar|def|1
|
|-weather|Sandstorm|[upkeep]
|-damage|p1a: Grimmsnarl|65/100|[from] Sandstorm
|upkeep
|turn|3
|
|t:|1785221363
|move|p1a: Grimmsnarl|Parting Shot|p2b: Her
|-unboost|p2b: Her|atk|1
|-unboost|p2b: Her|spa|1
|
|t:|1785221366
|switch|p1a: Farigiraf|Farigiraf, L50, F|100/100|[from] Parting Shot
|move|p2b: Her|Gigaton Hammer|p1b: Tyranitar
|-supereffective|p1b: Tyranitar|1
|-damage|p1b: Tyranitar|61/100
|move|p1b: Tyranitar|Curse|p1b: Tyranitar
|-unboost|p1b: Tyranitar|spe|1
|-boost|p1b: Tyranitar|atk|1
|-boost|p1b: Tyranitar|def|1
|move|p2a: not-registeel|Body Press|p1b: Tyranitar
|-supereffective|p1b: Tyranitar|2
|-damage|p1b: Tyranitar|19/100
|
|-weather|Sandstorm|[upkeep]
|-damage|p1a: Farigiraf|93/100|[from] Sandstorm
|upkeep
|turn|4
|
|t:|1785221387
|move|p1b: Tyranitar|Protect|p1b: Tyranitar
|-singleturn|p1b: Tyranitar|Protect
|move|p2b: Her|Brick Break|p1b: Tyranitar
|-activate|p1b: Tyranitar|move: Protect
|move|p2a: not-registeel|Salt Cure|p1a: Farigiraf
|-damage|p1a: Farigiraf|78/100
|-start|p1a: Farigiraf|Salt Cure
|move|p1a: Farigiraf|Trick Room|p1a: Farigiraf
|-fieldstart|move: Trick Room|[of] p1a: Farigiraf
|
|-weather|Sandstorm|[upkeep]
|-damage|p1a: Farigiraf|72/100|[from] Sandstorm
|-damage|p1a: Farigiraf|66/100|[from] Salt Cure
|upkeep
|turn|5
|
|t:|1785221425
|switch|p1a: Bastiodon|Bastiodon, L50, M|100/100
|switch|p2b: sand|Sandaconda, L50, M, shiny|100/100
|move|p1b: Tyranitar|Knock Off|p2b: sand
|-damage|p2b: sand|25/100
|-enditem|p2b: sand|Bright Powder|[from] move: Knock Off|[of] p1b: Tyranitar
|move|p2a: not-registeel|Body Press|p1b: Tyranitar
|-supereffective|p1b: Tyranitar|2
|-damage|p1b: Tyranitar|0 fnt
|faint|p1b: Tyranitar
|
|-weather|none
|upkeep
|j| soulmoonvgc
|
|t:|1785221458
|switch|p1b: Grimmsnarl|Grimmsnarl, L50, M|65/100
|turn|6
|
|t:|1785221472
|move|p1b: Grimmsnarl|Fake Out|p2b: sand
|-damage|p2b: sand|16/100
|-weather|Sandstorm|[from] ability: Sand Spit|[of] p2b: sand
|move|p1a: Bastiodon|Body Press|p2a: not-registeel
|-supereffective|p2a: not-registeel|1
|-damage|p2a: not-registeel|55/100
|move|p2a: not-registeel|Body Press|p1a: Bastiodon
|-supereffective|p1a: Bastiodon|2
|-damage|p1a: Bastiodon|30/100
|cant|p2b: sand|flinch
|
|-weather|Sandstorm|[upkeep]
|-damage|p1b: Grimmsnarl|59/100|[from] Sandstorm
|-heal|p1a: Bastiodon|36/100|[from] item: Leftovers
|upkeep
|turn|7
|
|t:|1785221503
|move|p2b: sand|Protect|p2b: sand
|-singleturn|p2b: sand|Protect
|move|p1a: Bastiodon|Body Press|p2a: not-registeel
|-supereffective|p2a: not-registeel|1
|-damage|p2a: not-registeel|15/100
|move|p2a: not-registeel|Body Press|p1a: Bastiodon
|-supereffective|p1a: Bastiodon|2
|-damage|p1a: Bastiodon|0 fnt
|faint|p1a: Bastiodon
|move|p1b: Grimmsnarl|Foul Play|p2b: sand
|-activate|p2b: sand|move: Protect
|
|-weather|Sandstorm|[upkeep]
|-damage|p1b: Grimmsnarl|53/100|[from] Sandstorm
|upkeep
|
|t:|1785221515
|switch|p1a: Farigiraf|Farigiraf, L50, F|66/100
|turn|8
|
|t:|1785221535
|move|p2a: not-registeel|Protect|p2a: not-registeel
|-singleturn|p2a: not-registeel|Protect
|move|p1a: Farigiraf|Psychic Noise|p2b: sand
|-damage|p2b: sand|0 fnt
|faint|p2b: sand
|move|p1b: Grimmsnarl|Foul Play|p2a: not-registeel
|-activate|p2a: not-registeel|move: Protect
|
|-weather|Sandstorm|[upkeep]
|-damage|p1a: Farigiraf|60/100|[from] Sandstorm
|-damage|p1b: Grimmsnarl|47/100|[from] Sandstorm
|-fieldend|move: Trick Room
|upkeep
|
|t:|1785221556
|switch|p2b: Her|Tinkaton, L50, F|100/100
|-ability|p2b: Her|Mold Breaker
|turn|9
|
|t:|1785221619
|move|p2b: Her|Gigaton Hammer|p1b: Grimmsnarl
|-supereffective|p1b: Grimmsnarl|1
|-damage|p1b: Grimmsnarl|0 fnt
|faint|p1b: Grimmsnarl
|move|p2a: not-registeel|Salt Cure|p1a: Farigiraf
|-damage|p1a: Farigiraf|44/100
|-start|p1a: Farigiraf|Salt Cure
|-enditem|p1a: Farigiraf|Sitrus Berry|[eat]
|-heal|p1a: Farigiraf|69/100|[from] item: Sitrus Berry
|move|p1a: Farigiraf|Trick Room|p1a: Farigiraf
|-fieldstart|move: Trick Room|[of] p1a: Farigiraf
|
|-weather|Sandstorm|[upkeep]
|-damage|p1a: Farigiraf|62/100|[from] Sandstorm
|-damage|p1a: Farigiraf|56/100|[from] Salt Cure
|upkeep
|turn|10
|
|t:|1785221657
|move|p2a: not-registeel|Protect|p2a: not-registeel
|-singleturn|p2a: not-registeel|Protect
|move|p1a: Farigiraf|Psychic Noise|p2a: not-registeel
|-activate|p2a: not-registeel|move: Protect
|move|p2b: Her|Wood Hammer|p1a: Farigiraf
|-damage|p1a: Farigiraf|37/100
|-damage|p2b: Her|90/100|[from] Recoil
|
|-weather|none
|-damage|p1a: Farigiraf|31/100|[from] Salt Cure
|upkeep
|turn|11
|
|t:|1785221676
|switch|p2a: pharaoh's curse|Tyranitar-Mega, L50, F|100/100
|-weather|Sandstorm|[from] ability: Sand Stream|[of] p2a: pharaoh's curse
|move|p1a: Farigiraf|Psychic Noise|p2a: pharaoh's curse
|-immune|p2a: pharaoh's curse
|move|p2b: Her|Gigaton Hammer|p1a: Farigiraf
|-damage|p1a: Farigiraf|0 fnt
|faint|p1a: Farigiraf
|
|win|ShikikanV
