|j|☆merr123
|j|☆stopforsakepls
|html|merr123stopforsakepls    
|uhtml|bestof|Game 2 of a best-of-3
|t:|1756803006
|gametype|doubles
|player|p1|merr123|sisandbro|1000
|player|p2|stopforsakepls|flint|1000
|gen|9
|tier|[Gen 9] VGC 2025 Reg H (Bo3)
|rated|
|rule|Species Clause: Limit one of each Pokémon
|rule|Item Clause: Limit 1 of each item
|clearpoke
|poke|p1|Sneasler, L50, M|
|poke|p1|Gholdengo, L50|
|poke|p1|Amoonguss, L50, M|
|poke|p1|Incineroar, L50, F|
|poke|p1|Ursaluna-Bloodmoon, L50, M|
|poke|p1|Farigiraf, L50, M|
|poke|p2|Archaludon, L50, M|
|poke|p2|Maushold-Four, L50|
|poke|p2|Serperior, L50, M|
|poke|p2|Incineroar, L50, F|
|poke|p2|Primarina, L50, M|
|poke|p2|Bellsprout, L50, M|
|teampreview|4
|showteam|p1|Sneasler||ClearAmulet|PoisonTouch|FakeOut,CloseCombat,DireClaw,Protect|||M|||50|,,,,,Water]Gholdengo||LifeOrb|GoodasGold|NastyPlot,MakeItRain,ShadowBall,Protect||||||50|,,,,,Water]Amoonguss||MentalHerb|Regenerator|Spore,RagePowder,PollenPuff,Protect|||M|||50|,,,,,Water]Incineroar||SafetyGoggles|Intimidate|FakeOut,FlareBlitz,KnockOff,PartingShot|||F|||50|,,,,,Ghost]Ursaluna-Bloodmoon||SilkScarf|MindsEye|CalmMind,EarthPower,BloodMoon,Protect|||M|||50|,,,,,Poison]Farigiraf||ThroatSpray|ArmorTail|HyperVoice,Psychic,TrickRoom,Protect|||M|||50|,,,,,Dragon
|showteam|p2|Archaludon||AssaultVest|Stamina|DracoMeteor,ElectroShot,Earthquake,BodyPress|||M|||50|,,,,,Electric]Maushold-Four||RockyHelmet|FriendGuard|Encore,Protect,PopulationBomb,Uturn||||||50|,,,,,Flying]Serperior||FocusSash|Contrary|LeafStorm,Protect,TeraBlast,GrassPledge|||M|||50|,,,,,Stellar]Incineroar||SafetyGoggles|Intimidate|Earthquake,FlareBlitz,Protect,FirePledge|||F|||50|,,,,,Fire]Primarina||WeaknessPolicy|LiquidVoice|Moonblast,Protect,HyperVoice,WaterPledge|||M|||50|,,,,,Water]Bellsprout||Eviolite|Chlorophyll|SunnyDay,Acid,Protect,LeafStorm|||M|||50|,,,,,Grass
|inactive|Battle timer is ON: inactive players will automatically lose when time's up. (requested by merr123)
|inactive|merr123 has 60 seconds left.
|inactive|merr123 has 30 seconds left.
|
|t:|1756803072
|teamsize|p1|4
|teamsize|p2|4
|start
|switch|p1a: Sneasler|Sneasler, L50, M|100/100
|switch|p1b: Incineroar|Incineroar, L50, F|100/100
|switch|p2a: Maushold|Maushold-Four, L50|100/100
|switch|p2b: Archaludon|Archaludon, L50, M|100/100
|-ability|p1b: Incineroar|Intimidate|boost
|-unboost|p2a: Maushold|atk|1
|-unboost|p2b: Archaludon|atk|1
|turn|1
|
|t:|1756803095
|move|p1b: Incineroar|Fake Out|p2a: Maushold
|-damage|p2a: Maushold|85/100
|-damage|p1b: Incineroar|84/100|[from] item: Rocky Helmet|[of] p2a: Maushold
|cant|p2a: Maushold|flinch
|move|p1a: Sneasler|Close Combat|p2b: Archaludon
|-supereffective|p2b: Archaludon
|-damage|p2b: Archaludon|31/100
|-unboost|p1a: Sneasler|def|1
|-unboost|p1a: Sneasler|spd|1
|-ability|p2b: Archaludon|Stamina|boost
|-boost|p2b: Archaludon|def|1
|move|p2b: Archaludon|Body Press|p1b: Incineroar
|-supereffective|p1b: Incineroar
|-damage|p1b: Incineroar|3/100
|
|upkeep
|turn|2
|inactive|merr123 has 30 seconds left.
|inactive|merr123 has 20 seconds left.
|inactive|merr123 has 15 seconds left.
|
|t:|1756803136
|switch|p2b: Serperior|Serperior, L50, M|100/100
|switch|p1b: Amoonguss|Amoonguss, L50, M|100/100
|move|p1a: Sneasler|Protect|p1a: Sneasler
|-singleturn|p1a: Sneasler|Protect
|move|p2a: Maushold|Encore||[still]
|-fail|p2a: Maushold
|
|upkeep
|turn|3
|inactive|merr123 has 30 seconds left.
|
|t:|1756803167
|move|p1b: Amoonguss|Rage Powder|p1b: Amoonguss
|-singleturn|p1b: Amoonguss|move: Rage Powder
|move|p2a: Maushold|Encore|p1b: Amoonguss
|-start|p1b: Amoonguss|Encore
|-enditem|p1b: Amoonguss|Mental Herb
|-end|p1b: Amoonguss|Encore
|move|p1a: Sneasler|Dire Claw|p2b: Serperior
|-supereffective|p2b: Serperior
|-damage|p2b: Serperior|27/100
|-status|p2b: Serperior|psn|[from] ability: Poison Touch|[of] p1a: Sneasler
|move|p2b: Serperior|Leaf Storm|p1b: Amoonguss
|-resisted|p1b: Amoonguss
|-damage|p1b: Amoonguss|91/100
|-boost|p2b: Serperior|spa|2
|
|-damage|p2b: Serperior|15/100 psn|[from] psn
|upkeep
|turn|4
|c|☆stopforsakepls|!dt contrary
|raw|Contrary If this Pokemon has a stat stage raised it is lowered instead, and vice versa. 
|raw|Gen: 5 |  ✓ Ignored by Mold Breaker

|inactive|merr123 has 30 seconds left.
|inactive|merr123 has 20 seconds left.
|inactive|merr123 has 15 seconds left.
|inactive|merr123 has 10 seconds left.
|
|t:|1756803216
|switch|p2b: Incineroar|Incineroar, L50, F|100/100
|-ability|p2b: Incineroar|Intimidate|boost
|-fail|p1a: Sneasler|unboost|[from] item: Clear Amulet|[of] p1a: Sneasler
|-unboost|p1b: Amoonguss|atk|1
|move|p1a: Sneasler|Protect|p1a: Sneasler
|-singleturn|p1a: Sneasler|Protect
|move|p2a: Maushold|U-turn|p1b: Amoonguss
|-damage|p1b: Amoonguss|83/100
|
|t:|1756803226
|switch|p2a: Archaludon|Archaludon, L50, M|31/100|[from] U-turn
|move|p1b: Amoonguss|Spore|p2a: Archaludon
|-status|p2a: Archaludon|slp|[from] move: Spore
|
|upkeep
|turn|5
|inactive|merr123 has 30 seconds left.
|inactive|merr123 has 20 seconds left.
|inactive|merr123 has 15 seconds left.
|inactive|merr123 has 10 seconds left.
|inactive|merr123 has 5 seconds left.
|
|t:|1756803278
|switch|p1b: Incineroar|Incineroar, L50, F|3/100
|-ability|p1b: Incineroar|Intimidate|boost
|-unboost|p2a: Archaludon|atk|1
|-unboost|p2b: Incineroar|atk|1
|move|p1a: Sneasler|Close Combat|p2a: Archaludon
|-supereffective|p2a: Archaludon
|-crit|p2a: Archaludon
|-damage|p2a: Archaludon|0 fnt
|-unboost|p1a: Sneasler|def|1
|-unboost|p1a: Sneasler|spd|1
|faint|p2a: Archaludon
|move|p2b: Incineroar|Earthquake|p1a: Sneasler|[spread] p1a,p1b
|-supereffective|p1a: Sneasler
|-supereffective|p1b: Incineroar
|-damage|p1a: Sneasler|22/100
|-damage|p1b: Incineroar|0 fnt
|faint|p1b: Incineroar
|
|upkeep
|inactive|merr123 has 30 seconds left.
|
|t:|1756803309
|switch|p2a: Maushold|Maushold-Four, L50|85/100
|switch|p1b: Amoonguss|Amoonguss, L50, M|100/100
|turn|6
|inactive|merr123 has 30 seconds left.
|
|t:|1756803342
|-terastallize|p2a: Maushold|Flying
|move|p2a: Maushold|Population Bomb|p1b: Amoonguss
|-damage|p1b: Amoonguss|96/100
|-damage|p1b: Amoonguss|92/100
|-hitcount|p1b: Amoonguss|2
|move|p1a: Sneasler|Close Combat|p2a: Maushold
|-resisted|p2a: Maushold
|-damage|p2a: Maushold|44/100
|-unboost|p1a: Sneasler|def|1
|-unboost|p1a: Sneasler|spd|1
|-damage|p1a: Sneasler|6/100|[from] item: Rocky Helmet|[of] p2a: Maushold
|-status|p2a: Maushold|psn|[from] ability: Poison Touch|[of] p1a: Sneasler
|move|p2b: Incineroar|Earthquake|p1a: Sneasler|[spread] p1a,p1b
|-immune|p2a: Maushold
|-supereffective|p1a: Sneasler
|-damage|p1a: Sneasler|0 fnt
|-damage|p1b: Amoonguss|81/100
|faint|p1a: Sneasler
|move|p1b: Amoonguss|Spore||[still]
|-fail|p1b: Amoonguss
|
|-damage|p2a: Maushold|32/100 psn|[from] psn
|upkeep
|
|t:|1756803348
|switch|p1a: Gholdengo|Gholdengo, L50|100/100
|turn|7
|inactive|merr123 has 30 seconds left.
|inactive|stopforsakepls has 30 seconds left.
|inactive|merr123 has 20 seconds left.
|inactive|stopforsakepls has 20 seconds left.
|inactive|merr123 has 15 seconds left.
|inactive|merr123 has 10 seconds left.
|inactive|merr123 has 5 seconds left.
|
|t:|1756803400
|move|p1b: Amoonguss|Rage Powder|p1b: Amoonguss
|-singleturn|p1b: Amoonguss|move: Rage Powder
|move|p2a: Maushold|U-turn|p1b: Amoonguss
|-damage|p1b: Amoonguss|72/100
|
|t:|1756803405
|switch|p2a: Serperior|Serperior, L50, M|15/100 psn|[from] U-turn
|move|p1a: Gholdengo|Nasty Plot|p1a: Gholdengo
|-boost|p1a: Gholdengo|spa|2
|move|p2b: Incineroar|Flare Blitz|p1a: Gholdengo
|-supereffective|p1a: Gholdengo
|-damage|p1a: Gholdengo|42/100
|-damage|p2b: Incineroar|80/100|[from] Recoil
|
|-damage|p2a: Serperior|3/100 psn|[from] psn
|upkeep
|turn|8
|
|t:|1756803424
|move|p1a: Gholdengo|Protect|p1a: Gholdengo
|-singleturn|p1a: Gholdengo|Protect
|move|p1b: Amoonguss|Protect|p1b: Amoonguss
|-singleturn|p1b: Amoonguss|Protect
|move|p2a: Serperior|Grass Pledge|p1a: Gholdengo
|-waiting|p2a: Serperior|p2b: Incineroar
|move|p2b: Incineroar|Fire Pledge|p1a: Gholdengo|[from] move: Grass Pledge
|-activate|p1a: Gholdengo|move: Protect
|
|-damage|p2a: Serperior|0 fnt|[from] psn
|faint|p2a: Serperior
|upkeep
|
|t:|1756803436
|switch|p2a: Maushold|Maushold-Four, L50, tera:Flying|32/100 psn
|turn|9
|
|t:|1756803454
|-terastallize|p1a: Gholdengo|Water
|move|p1b: Amoonguss|Rage Powder|p1b: Amoonguss
|-singleturn|p1b: Amoonguss|move: Rage Powder
|move|p2a: Maushold|U-turn|p1b: Amoonguss
|-damage|p1b: Amoonguss|60/100
|move|p1a: Gholdengo|Make It Rain|p2b: Incineroar|[spread] p2a,p2b
|-resisted|p2b: Incineroar
|-damage|p2a: Maushold|0 fnt
|-damage|p2b: Incineroar|35/100
|-unboost|p1a: Gholdengo|spa|1
|faint|p2a: Maushold
|-damage|p1a: Gholdengo|32/100|[from] item: Life Orb
|move|p2b: Incineroar|Fire Pledge|p1a: Gholdengo
|-resisted|p1a: Gholdengo
|-damage|p1a: Gholdengo|20/100
|
|upkeep
|turn|10
|
|t:|1756803475
|move|p1a: Gholdengo|Make It Rain|p2b: Incineroar
|-resisted|p2b: Incineroar
|-damage|p2b: Incineroar|0 fnt
|-unboost|p1a: Gholdengo|spa|1
|faint|p2b: Incineroar
|-damage|p1a: Gholdengo|10/100|[from] item: Life Orb
|
|win|merr123
|raw|merr123's rating: 1000 → 1040(+40 for winning)
|raw|stopforsakepls's rating: 1000 → 1000(+0 for losing)
