|j|☆fsdewfgkijeeoki
|j|‽Desertfreak
|html|fsdewfgkijeeokiDesertfreak    
|uhtml|bestof|Game 1 of a best-of-3
|t:|1757626892
|gametype|doubles
|player|p1|fsdewfgkijeeoki|lillie-masters|1312
|player|p2|Desertfreak|265|1386
|gen|9
|tier|[Gen 9] VGC 2025 Reg H (Bo3)
|rated|
|rule|Species Clause: Limit one of each Pokémon
|rule|Item Clause: Limit 1 of each item
|clearpoke
|poke|p1|Dondozo, L50, M|
|poke|p1|Tatsugiri, L50, F|
|poke|p1|Ursaluna-Bloodmoon, L50, M|
|poke|p1|Whimsicott, L50, F|
|poke|p1|Sneasler, L50, F|
|poke|p1|Indeedee, L50, M|
|poke|p2|Gholdengo, L50|
|poke|p2|Kilowattrel, L50, F|
|poke|p2|Incineroar, L50, F|
|poke|p2|Amoonguss, L50, M|
|poke|p2|Porygon2, L50|
|poke|p2|Ursaluna, L50, F|
|teampreview|4
|showteam|p1|Dondozo||Leftovers|Unaware|WaveCrash,OrderUp,Earthquake,Protect|||M|||50|,,,,,Grass]Tatsugiri||SafetyGoggles|Commander|DracoMeteor,MuddyWater,HelpingHand,Protect|||F|||50|,,,,,Fairy]Ursaluna-Bloodmoon||SilkScarf|MindsEye|BloodMoon,HyperVoice,EarthPower,Protect|||M|||50|,,,,,Normal]Whimsicott||CovertCloak|Prankster|Moonblast,Encore,LightScreen,Tailwind|||F|||50|,,,,,Dark]Sneasler||PsychicSeed|Unburden|CloseCombat,DireClaw,ThroatChop,Protect|||F|||50|,,,,,Dark]Indeedee||FocusSash|PsychicSurge|ExpandingForce,TeraBlast,HelpingHand,Protect|||M|||50|,,,,,Psychic
|showteam|p2|Gholdengo||LifeOrb|GoodasGold|MakeItRain,ShadowBall,Protect,NastyPlot||||||50|,,,,,Water]Kilowattrel||FocusSash|Competitive|AirSlash,Thunderbolt,Tailwind,Protect|||F|||50|,,,,,Ghost]Incineroar||SafetyGoggles|Intimidate|FakeOut,FlareBlitz,KnockOff,PartingShot|||F|||50|,,,,,Ghost]Amoonguss||SitrusBerry|Regenerator|PollenPuff,Spore,RagePowder,Protect|||M|||50|,,,,,Water]Porygon2||Eviolite|Download|TeraBlast,IceBeam,Recover,TrickRoom||||||50|,,,,,Fighting]Ursaluna||FlameOrb|Guts|Earthquake,Facade,HeadlongRush,Protect|||F|||50|,,,,,Ghost
|inactive|Battle timer is ON: inactive players will automatically lose when time's up. (requested by Desertfreak)
|
|t:|1757626915
|teamsize|p1|4
|teamsize|p2|4
|start
|switch|p1a: boom!|Indeedee, L50, M, shiny|100/100
|switch|p1b: menacetosociety|Sneasler, L50, F, shiny|100/100
|switch|p2a: Amoonguss|Amoonguss, L50, M, shiny|100/100
|switch|p2b: Porygon2|Porygon2, L50, shiny|100/100
|-fieldstart|move: Psychic Terrain|[from] ability: Psychic Surge|[of] p1a: boom!
|-enditem|p1b: menacetosociety|Psychic Seed
|-boost|p1b: menacetosociety|spd|1|[from] item: Psychic Seed
|-ability|p2b: Porygon2|Download|boost
|-boost|p2b: Porygon2|atk|1
|turn|1
|
|t:|1757626926
|-terastallize|p1a: boom!|Psychic
|-terastallize|p2a: Amoonguss|Water
|move|p2a: Amoonguss|Rage Powder|p2a: Amoonguss
|-singleturn|p2a: Amoonguss|move: Rage Powder
|move|p1b: menacetosociety|Close Combat|p2a: Amoonguss
|-damage|p2a: Amoonguss|45/100
|-unboost|p1b: menacetosociety|def|1
|-unboost|p1b: menacetosociety|spd|1
|-enditem|p2a: Amoonguss|Sitrus Berry|[eat]
|-heal|p2a: Amoonguss|70/100|[from] item: Sitrus Berry
|move|p1a: boom!|Expanding Force|p2b: Porygon2|[spread] p2a,p2b
|-damage|p2a: Amoonguss|9/100
|-damage|p2b: Porygon2|54/100
|move|p2b: Porygon2|Trick Room|p2b: Porygon2
|-fieldstart|move: Trick Room|[of] p2b: Porygon2
|
|upkeep
|turn|2
|
|t:|1757626941
|switch|p2a: Incineroar|Incineroar, L50, F, shiny|100/100
|-ability|p2a: Incineroar|Intimidate|boost
|-unboost|p1a: boom!|atk|1
|-unboost|p1b: menacetosociety|atk|1
|move|p2b: Porygon2|Recover|p2b: Porygon2
|-heal|p2b: Porygon2|100/100
|move|p1a: boom!|Expanding Force|p2a: Incineroar|[spread] p2b
|-immune|p2a: Incineroar
|-damage|p2b: Porygon2|57/100
|move|p1b: menacetosociety|Close Combat|p2b: Porygon2
|-supereffective|p2b: Porygon2
|-damage|p2b: Porygon2|0 fnt
|-unboost|p1b: menacetosociety|def|1
|-unboost|p1b: menacetosociety|spd|1
|faint|p2b: Porygon2
|
|upkeep
|
|t:|1757626946
|switch|p2b: Amoonguss|Amoonguss, L50, M, shiny, tera:Water|42/100
|turn|3
|
|t:|1757626951
|move|p1a: boom!|Protect|p1a: boom!
|-singleturn|p1a: boom!|Protect
|move|p1b: menacetosociety|Protect|p1b: menacetosociety
|-singleturn|p1b: menacetosociety|Protect
|move|p2b: Amoonguss|Spore|p1a: boom!
|-activate|p1a: boom!|move: Protect
|move|p2a: Incineroar|Flare Blitz|p1b: menacetosociety
|-activate|p1b: menacetosociety|move: Protect
|
|upkeep
|turn|4
|
|t:|1757626960
|switch|p1a: true leader.|Tatsugiri, L50, F|100/100
|switch|p1b: Figurehead|Dondozo, L50, M, shiny|100/100
|-activate|p1a: true leader.|ability: Commander|[of] p1b: Figurehead
|-boost|p1b: Figurehead|atk|2
|-boost|p1b: Figurehead|spa|2
|-boost|p1b: Figurehead|spe|2
|-boost|p1b: Figurehead|def|2
|-boost|p1b: Figurehead|spd|2
|move|p2b: Amoonguss|Spore|p1a: true leader.|[miss]
|-miss|p2b: Amoonguss|p1a: true leader.
|move|p2a: Incineroar|Flare Blitz|p1b: Figurehead
|-resisted|p1b: Figurehead
|-damage|p1b: Figurehead|91/100
|-damage|p2a: Incineroar|97/100|[from] Recoil
|
|-heal|p1b: Figurehead|97/100|[from] item: Leftovers
|upkeep
|turn|5
|
|t:|1757626967
|switch|p2b: Ursaluna|Ursaluna, L50, F, shiny|100/100
|move|p1b: Figurehead|Protect|p1b: Figurehead
|-singleturn|p1b: Figurehead|Protect
|move|p2a: Incineroar|Parting Shot|p1b: Figurehead
|-activate|p1b: Figurehead|move: Protect
|
|-heal|p1b: Figurehead|100/100|[from] item: Leftovers
|-fieldend|move: Trick Room
|-fieldend|move: Psychic Terrain
|-status|p2b: Ursaluna|brn|[from] item: Flame Orb
|upkeep
|turn|6
|
|t:|1757626971
|switch|p2a: Amoonguss|Amoonguss, L50, M, shiny, tera:Water|75/100
|move|p2b: Ursaluna|Protect|p2b: Ursaluna
|-singleturn|p2b: Ursaluna|Protect
|move|p1b: Figurehead|Wave Crash|p2b: Ursaluna
|-activate|p2b: Ursaluna|move: Protect
|
|-damage|p2b: Ursaluna|95/100 brn|[from] brn
|upkeep
|turn|7
|inactive|Desertfreak has 30 seconds left.
|
|t:|1757626997
|move|p2a: Amoonguss|Rage Powder|p2a: Amoonguss
|-singleturn|p2a: Amoonguss|move: Rage Powder
|move|p1b: Figurehead|Wave Crash|p2a: Amoonguss
|-resisted|p2a: Amoonguss
|-damage|p2a: Amoonguss|42/100
|-damage|p1b: Figurehead|90/100|[from] Recoil
|move|p2b: Ursaluna|Facade|p1b: Figurehead
|-damage|p1b: Figurehead|52/100
|
|-heal|p1b: Figurehead|58/100|[from] item: Leftovers
|-damage|p2b: Ursaluna|89/100 brn|[from] brn
|upkeep
|turn|8
|inactive|fsdewfgkijeeoki has 30 seconds left.
|inactive|fsdewfgkijeeoki has 20 seconds left.
|inactive|fsdewfgkijeeoki has 15 seconds left.
|inactive|fsdewfgkijeeoki has 10 seconds left.
|
|t:|1757627045
|switch|p2b: Incineroar|Incineroar, L50, F, shiny|97/100
|-ability|p2b: Incineroar|Intimidate|boost
|-unboost|p1a: true leader.|atk|1
|-unboost|p1b: Figurehead|atk|1
|move|p1b: Figurehead|Protect|p1b: Figurehead
|-singleturn|p1b: Figurehead|Protect
|move|p2a: Amoonguss|Spore|p1b: Figurehead
|-activate|p1b: Figurehead|move: Protect
|
|-heal|p1b: Figurehead|64/100|[from] item: Leftovers
|upkeep
|turn|9
|
|t:|1757627052
|move|p1b: Figurehead|Protect||[still]
|-fail|p1b: Figurehead
|move|p2b: Incineroar|Fake Out|p1b: Figurehead
|-damage|p1b: Figurehead|60/100
|move|p2a: Amoonguss|Spore|p1b: Figurehead
|-status|p1b: Figurehead|slp|[from] move: Spore
|
|-heal|p1b: Figurehead|66/100 slp|[from] item: Leftovers
|upkeep
|turn|10
|
|t:|1757627058
|switch|p2a: Ursaluna|Ursaluna, L50, F, shiny|89/100 brn
|cant|p1b: Figurehead|slp
|move|p2b: Incineroar|Parting Shot|p1b: Figurehead
|-unboost|p1b: Figurehead|atk|1
|-unboost|p1b: Figurehead|spa|1
|
|t:|1757627059
|switch|p2b: Amoonguss|Amoonguss, L50, M, shiny, tera:Water|75/100|[from] Parting Shot
|
|-heal|p1b: Figurehead|72/100 slp|[from] item: Leftovers
|-damage|p2a: Ursaluna|83/100 brn|[from] brn
|upkeep
|turn|11
|
|t:|1757627066
|-curestatus|p1b: Figurehead|slp|[msg]
|move|p1b: Figurehead|Protect|p1b: Figurehead
|-singleturn|p1b: Figurehead|Protect
|move|p2a: Ursaluna|Facade|p1b: Figurehead
|-activate|p1b: Figurehead|move: Protect
|move|p2b: Amoonguss|Pollen Puff|p2a: Ursaluna
|-heal|p2a: Ursaluna|100/100 brn
|
|-heal|p1b: Figurehead|78/100|[from] item: Leftovers
|-damage|p2a: Ursaluna|95/100 brn|[from] brn
|upkeep
|turn|12
|
|t:|1757627078
|move|p2a: Ursaluna|Protect|p2a: Ursaluna
|-singleturn|p2a: Ursaluna|Protect
|move|p1b: Figurehead|Earthquake|p2a: Ursaluna|[spread] p2b
|-miss|p1b: Figurehead|p1a: true leader.
|-activate|p2a: Ursaluna|move: Protect
|-damage|p2b: Amoonguss|61/100
|move|p2b: Amoonguss|Spore|p1b: Figurehead
|-status|p1b: Figurehead|slp|[from] move: Spore
|
|-heal|p1b: Figurehead|84/100 slp|[from] item: Leftovers
|-damage|p2a: Ursaluna|89/100 brn|[from] brn
|upkeep
|turn|13
|
|t:|1757627089
|switch|p2b: Incineroar|Incineroar, L50, F, shiny|97/100
|-ability|p2b: Incineroar|Intimidate|boost
|-unboost|p1a: true leader.|atk|1
|-unboost|p1b: Figurehead|atk|1
|cant|p1b: Figurehead|slp
|move|p2a: Ursaluna|Facade|p1b: Figurehead
|-damage|p1b: Figurehead|42/100 slp
|
|-heal|p1b: Figurehead|48/100 slp|[from] item: Leftovers
|-damage|p2a: Ursaluna|83/100 brn|[from] brn
|upkeep
|turn|14
|
|t:|1757627096
|cant|p1b: Figurehead|slp
|move|p2b: Incineroar|Parting Shot|p1b: Figurehead
|-unboost|p1b: Figurehead|atk|1
|-unboost|p1b: Figurehead|spa|1
|
|t:|1757627097
|switch|p2b: Amoonguss|Amoonguss, L50, M, shiny, tera:Water|94/100|[from] Parting Shot
|move|p2a: Ursaluna|Facade|p1b: Figurehead
|-damage|p1b: Figurehead|7/100 slp
|
|-heal|p1b: Figurehead|13/100 slp|[from] item: Leftovers
|-damage|p2a: Ursaluna|77/100 brn|[from] brn
|upkeep
|turn|15
|
|t:|1757627102
|cant|p1b: Figurehead|slp
|move|p2a: Ursaluna|Facade|p1b: Figurehead
|-damage|p1b: Figurehead|0 fnt
|faint|p1b: Figurehead
|move|p2b: Amoonguss|Spore|p1a: true leader.
|-activate|p1a: true leader.|item: Safety Goggles|Spore
|
|-damage|p2a: Ursaluna|71/100 brn|[from] brn
|upkeep
|
|t:|1757627110
|switch|p1b: boom!|Indeedee, L50, M, shiny, tera:Psychic|100/100
|-fieldstart|move: Psychic Terrain|[from] ability: Psychic Surge|[of] p1b: boom!
|turn|16
|
|t:|1757627115
|move|p2a: Ursaluna|Protect|p2a: Ursaluna
|-singleturn|p2a: Ursaluna|Protect
|move|p1b: boom!|Expanding Force|p2b: Amoonguss|[spread] p2b
|-activate|p2a: Ursaluna|move: Protect
|-damage|p2b: Amoonguss|36/100
|move|p1a: true leader.|Draco Meteor|p2b: Amoonguss
|-damage|p2b: Amoonguss|0 fnt
|-unboost|p1a: true leader.|spa|2
|faint|p2b: Amoonguss
|
|-damage|p2a: Ursaluna|66/100 brn|[from] brn
|upkeep
|
|t:|1757627117
|switch|p2b: Incineroar|Incineroar, L50, F, shiny|97/100
|-ability|p2b: Incineroar|Intimidate|boost
|-unboost|p1a: true leader.|atk|1
|-unboost|p1b: boom!|atk|1
|turn|17
|-message|Desertfreak forfeited.
|
|win|fsdewfgkijeeoki
