|j|☆NathanaelW19
|j|‽wolfey = goated
|html|NathanaelW19wolfey = goated    
|uhtml|bestof|Game 1 of a best-of-3
|t:|1783863202
|gametype|doubles
|player|p1|NathanaelW19|169|1127
|player|p2|wolfey = goated|101|1032
|gen|9
|tier|[Gen 9 Champions] VGC 2026 Reg M-B (Bo3)
|rated|
|rule|Species Clause: Limit one of each Pokémon
|rule|Item Clause: Limit 1 of each item
|clearpoke
|poke|p1|Gengar, L50, M, shiny|
|poke|p1|Kangaskhan, L50, F|
|poke|p1|Gholdengo, L50|
|poke|p1|Incineroar, L50, M, shiny|
|poke|p1|Politoed, L50, M, shiny|
|poke|p1|Aerodactyl, L50, F|
|poke|p2|Swampert, L50, M|
|poke|p2|Metagross, L50|
|poke|p2|Sinistcha, L50|
|poke|p2|Archaludon, L50, M|
|poke|p2|Pelipper, L50, F|
|poke|p2|Grimmsnarl, L50, M|
|teampreview|4
|showteam|p1|Gengar||Gengarite|CursedBody|SludgeBomb,ShadowBall,PerishSong,Protect|Modest||M|||50|]Kangaskhan||Kangaskhanite|Scrappy|FakeOut,DoubleEdge,BrickBreak,Protect|Jolly||F|||50|]Gholdengo||LifeOrb|GoodasGold|MakeItRain,PowerGem,ShadowBall,Protect|Modest|||||50|]Incineroar||SitrusBerry|Intimidate|FakeOut,DarkestLariat,PartingShot,Protect|Relaxed||M|||50|]Politoed||Leftovers|Drizzle|WeatherBall,Encore,PerishSong,Protect|Calm||M|||50|]Aerodactyl||FocusSash|Unnerve|Tailwind,RockSlide,DualWingbeat,Protect|Jolly||F|||50|
|showteam|p2|Swampert||Swampertite|Torrent|WaveCrash,Earthquake,Protect,IcePunch|Adamant||M|||50|]Metagross||Metagrossite|ClearBody|IronHead,BodyPress,PsychicFangs,Protect|Jolly|||||50|]Sinistcha||CobaBerry|Hospitality|MatchaGotcha,RagePowder,TrickRoom,Protect|Bold|||||50|]Archaludon||Leftovers|Stamina|ElectroShot,DragonPulse,FlashCannon,Protect|Modest||M|||50|]Pelipper||SitrusBerry|Drizzle|Hurricane,WeatherBall,WideGuard,Tailwind|Serious||F|||50|]Grimmsnarl||LightClay|Prankster|LightScreen,Reflect,FoulPlay,PartingShot|Serious||M|||50|
|inactive|Battle timer is ON: inactive players will automatically lose when time's up. (requested by wolfey = goated)
|inactive|NathanaelW19 also wants the timer to be on.
|c|☆NathanaelW19|glhf
|inactive|NathanaelW19 has 60 seconds left.
|inactive|wolfey = goated has 60 seconds left.
|inactive|NathanaelW19 has 30 seconds left.
|
|t:|1783863262
|teamsize|p1|4
|teamsize|p2|4
|start
|switch|p1a: Kangaskhan|Kangaskhan, L50, F|100/100
|switch|p1b: Aerodactyl|Aerodactyl, L50, F|100/100
|switch|p2a: Pelipper|Pelipper, L50, F|100/100
|switch|p2b: Swampert|Swampert, L50, M|100/100
|-ability|p1b: Aerodactyl|Unnerve
|-weather|RainDance|[from] ability: Drizzle|[of] p2a: Pelipper
|turn|1
|
|t:|1783863280
|detailschange|p1a: Kangaskhan|Kangaskhan-Mega, L50, F
|-mega|p1a: Kangaskhan|Kangaskhan|Kangaskhanite
|detailschange|p2b: Swampert|Swampert-Mega, L50, M
|-mega|p2b: Swampert|Swampert|Swampertite
|move|p1a: Kangaskhan|Fake Out|p2b: Swampert
|-damage|p2b: Swampert|82/100
|-damage|p2b: Swampert|78/100
|-hitcount|p2b: Swampert|2
|cant|p2b: Swampert|flinch
|move|p1b: Aerodactyl|Tailwind|p1b: Aerodactyl
|-sidestart|p1: NathanaelW19|move: Tailwind
|move|p2a: Pelipper|Weather Ball|p1b: Aerodactyl
|-supereffective|p1b: Aerodactyl|1
|-enditem|p1b: Aerodactyl|Focus Sash
|-damage|p1b: Aerodactyl|1/100
|
|-weather|RainDance|[upkeep]
|upkeep
|turn|2
|
|t:|1783863302
|move|p1b: Aerodactyl|Rock Slide|p2b: Swampert|[spread] p2a,p2b
|-supereffective|p2a: Pelipper|1
|-resisted|p2b: Swampert|1
|-damage|p2a: Pelipper|46/100
|-damage|p2b: Swampert|67/100
|move|p1a: Kangaskhan|Double-Edge|p2a: Pelipper
|-damage|p2a: Pelipper|0 fnt
|faint|p2a: Pelipper
|-damage|p1a: Kangaskhan|86/100|[from] Recoil
|move|p2b: Swampert|Wave Crash|p1a: Kangaskhan
|-damage|p1a: Kangaskhan|0 fnt
|faint|p1a: Kangaskhan
|-damage|p2b: Swampert|39/100|[from] Recoil
|
|-weather|RainDance|[upkeep]
|upkeep
|
|t:|1783863320
|switch|p1a: Gholdengo|Gholdengo, L50|100/100
|switch|p2a: Sinistcha|Sinistcha, L50|100/100
|-heal|p2b: Swampert|64/100|[from] ability: Hospitality|[of] p2a: Sinistcha
|turn|3
|inactive|wolfey = goated has 30 seconds left.
|
|t:|1783863350
|move|p2b: Swampert|Protect|p2b: Swampert
|-singleturn|p2b: Swampert|Protect
|move|p1b: Aerodactyl|Dual Wingbeat|p2a: Sinistcha|[miss]
|-miss|p1b: Aerodactyl|p2a: Sinistcha
|move|p1a: Gholdengo|Make It Rain|p2a: Sinistcha|[spread] p2a
|-activate|p2b: Swampert|move: Protect
|-damage|p2a: Sinistcha|16/100
|-unboost|p1a: Gholdengo|spa|2
|-damage|p1a: Gholdengo|90/100|[from] item: Life Orb
|move|p2a: Sinistcha|Matcha Gotcha|p1a: Gholdengo|[spread] p1a,p1b
|-resisted|p1a: Gholdengo|1
|-damage|p1a: Gholdengo|74/100
|-heal|p2a: Sinistcha|24/100|[from] drain|[of] p1a: Gholdengo
|-damage|p1b: Aerodactyl|0 fnt
|-heal|p2a: Sinistcha|24/100|[from] drain|[of] p1b: Aerodactyl
|faint|p1b: Aerodactyl
|
|-weather|RainDance|[upkeep]
|upkeep
|
|t:|1783863357
|switch|p1b: Politoed|Politoed, L50, M, shiny|100/100
|turn|4
|
|t:|1783863380
|move|p1a: Gholdengo|Protect|p1a: Gholdengo
|-singleturn|p1a: Gholdengo|Protect
|move|p2b: Swampert|Earthquake|p1a: Gholdengo|[spread] p2a,p1b
|-activate|p1a: Gholdengo|move: Protect
|-resisted|p2a: Sinistcha|1
|-damage|p2a: Sinistcha|8/100
|-damage|p1b: Politoed|59/100
|move|p1b: Politoed|Weather Ball|p2b: Swampert
|-damage|p2b: Swampert|21/100
|move|p2a: Sinistcha|Matcha Gotcha|p1a: Gholdengo|[spread] p1b
|-activate|p1a: Gholdengo|move: Protect
|-supereffective|p1b: Politoed|1
|-damage|p1b: Politoed|22/100
|-heal|p2a: Sinistcha|29/100|[from] drain|[of] p1b: Politoed
|
|-weather|RainDance|[upkeep]
|-heal|p1b: Politoed|29/100|[from] item: Leftovers
|-sideend|p1: NathanaelW19|move: Tailwind
|upkeep
|turn|5
|
|t:|1783863402
|move|p1a: Gholdengo|Protect||[still]
|-fail|p1a: Gholdengo
|move|p1b: Politoed|Protect|p1b: Politoed
|-singleturn|p1b: Politoed|Protect
|move|p2a: Sinistcha|Rage Powder|p2a: Sinistcha
|-singleturn|p2a: Sinistcha|move: Rage Powder
|move|p2b: Swampert|Earthquake|p1a: Gholdengo|[spread] p2a,p1a
|-activate|p1b: Politoed|move: Protect
|-resisted|p2a: Sinistcha|1
|-supereffective|p1a: Gholdengo|1
|-damage|p2a: Sinistcha|11/100
|-damage|p1a: Gholdengo|0 fnt
|faint|p1a: Gholdengo
|
|-weather|none
|-heal|p1b: Politoed|35/100|[from] item: Leftovers
|upkeep
|turn|6
|-message|NathanaelW19 forfeited.
|
|win|wolfey = goated
