|j|‽mirokartdeluxe
|j|☆Quill86
|html|mirokartdeluxeQuill86    
|uhtml|bestof|Game 2 of a best-of-3
|t:|1756012709
|gametype|doubles
|player|p1|mirokartdeluxe|hiker-gen4|1298
|player|p2|Quill86|lucas|1223
|gen|9
|tier|[Gen 9] VGC 2025 Reg H (Bo3)
|rated|
|rule|Species Clause: Limit one of each Pokémon
|rule|Item Clause: Limit 1 of each item
|clearpoke
|poke|p1|Sneasler, L50, M|
|poke|p1|Baxcalibur, L50, M|
|poke|p1|Volcarona, L50, M|
|poke|p1|Rillaboom, L50, F|
|poke|p1|Incineroar, L50, F|
|poke|p1|Kingambit, L50, M|
|poke|p2|Indeedee-F, L50, F|
|poke|p2|Gallade, L50, M|
|poke|p2|Torkoal, L50, F|
|poke|p2|Ursaluna, L50, M|
|poke|p2|Maushold, L50|
|poke|p2|Hatterene, L50, F|
|teampreview|4
|showteam|p1|Sneasler||FocusSash|Unburden|CloseCombat,DireClaw,Coaching,FakeOut|||M|||50|,,,,,Stellar]Baxcalibur||LoadedDice|ThermalExchange|IcicleSpear,IceShard,ScaleShot,Protect|||M|||50|,,,,,Ghost]Volcarona||Leftovers|FlameBody|HeatWave,TeraBlast,QuiverDance,Protect|||M|||50|,,,,,Fairy]Rillaboom||MiracleSeed|GrassySurge|GrassyGlide,HighHorsepower,WoodHammer,FakeOut|||F|||50|,,,,,Water]Incineroar||AssaultVest|Intimidate|FlareBlitz,KnockOff,Uturn,FakeOut|||F|||50|,,,,,Grass]Kingambit||SafetyGoggles|Defiant|KowtowCleave,SuckerPunch,SwordsDance,Protect|||M|||50|,,,,,Ghost
|showteam|p2|Indeedee-F||PsychicSeed|PsychicSurge|FollowMe,TrickRoom,HelpingHand,DazzlingGleam|||F|||50|,,,,,Fairy]Gallade||ClearAmulet|Sharpness|SacredSword,PsychoCut,WideGuard,TrickRoom|||M|||50|,,,,,Grass]Torkoal||ChoiceSpecs|Drought|Eruption,WeatherBall,EarthPower,HeatWave|||F|||50|,,,,,Fire]Ursaluna||FlameOrb|Guts|Protect,HeadlongRush,Facade,Earthquake|||M|||50|,,,,,Ghost]Maushold||WideLens|Technician|PopulationBomb,FollowMe,Taunt,Protect||||||50|,,,,,Ghost]Hatterene||LifeOrb|MagicBounce|DazzlingGleam,ExpandingForce,MysticalFire,TrickRoom|||F|||50|,,,,,Fire
|inactive|Battle timer is ON: inactive players will automatically lose when time's up. (requested by mirokartdeluxe)
|
|t:|1756012737
|teamsize|p1|4
|teamsize|p2|4
|start
|switch|p1a: Sneasler|Sneasler, L50, M|100/100
|switch|p1b: Kingambit|Kingambit, L50, M|100/100
|switch|p2a: Indeedee|Indeedee-F, L50, F|100/100
|switch|p2b: Gallade|Gallade, L50, M|100/100
|-fieldstart|move: Psychic Terrain|[from] ability: Psychic Surge|[of] p2a: Indeedee
|-enditem|p2a: Indeedee|Psychic Seed
|-boost|p2a: Indeedee|spd|1|[from] item: Psychic Seed
|turn|1
|
|t:|1756012750
|-terastallize|p2a: Indeedee|Fairy
|-terastallize|p1b: Kingambit|Ghost
|move|p1a: Sneasler|Dire Claw|p2a: Indeedee
|-supereffective|p2a: Indeedee
|-damage|p2a: Indeedee|12/100
|move|p2b: Gallade|Psycho Cut|p1a: Sneasler
|-supereffective|p1a: Sneasler
|-enditem|p1a: Sneasler|Focus Sash
|-damage|p1a: Sneasler|1/100
|move|p1b: Kingambit|Swords Dance|p1b: Kingambit
|-boost|p1b: Kingambit|atk|2
|move|p2a: Indeedee|Trick Room|p2a: Indeedee
|-fieldstart|move: Trick Room|[of] p2a: Indeedee
|
|upkeep
|turn|2
|
|t:|1756012761
|switch|p1a: Rillaboom|Rillaboom, L50, F|100/100
|-fieldstart|move: Grassy Terrain|[from] ability: Grassy Surge|[of] p1a: Rillaboom
|move|p1b: Kingambit|Kowtow Cleave|p2a: Indeedee
|-resisted|p2a: Indeedee
|-damage|p2a: Indeedee|0 fnt
|faint|p2a: Indeedee
|move|p2b: Gallade|Psycho Cut|p1b: Kingambit
|-damage|p1b: Kingambit|57/100
|
|-heal|p1b: Kingambit|63/100|[from] Grassy Terrain
|upkeep
|
|t:|1756012766
|switch|p2a: Ursaluna|Ursaluna, L50, M|100/100
|turn|3
|
|t:|1756012777
|switch|p2b: Torkoal|Torkoal, L50, F|100/100
|-weather|SunnyDay|[from] ability: Drought|[of] p2b: Torkoal
|move|p2a: Ursaluna|Protect|p2a: Ursaluna
|-singleturn|p2a: Ursaluna|Protect
|move|p1a: Rillaboom|Fake Out|p2b: Torkoal
|-damage|p2b: Torkoal|90/100
|move|p1b: Kingambit|Kowtow Cleave|p2b: Torkoal
|-damage|p2b: Torkoal|14/100
|
|-weather|SunnyDay|[upkeep]
|-heal|p2b: Torkoal|20/100|[from] Grassy Terrain
|-heal|p1b: Kingambit|69/100|[from] Grassy Terrain
|-status|p2a: Ursaluna|brn|[from] item: Flame Orb
|upkeep
|turn|4
|
|t:|1756012790
|switch|p1a: Sneasler|Sneasler, L50, M|1/100
|move|p1b: Kingambit|Protect|p1b: Kingambit
|-singleturn|p1b: Kingambit|Protect
|move|p2b: Torkoal|Heat Wave|p1b: Kingambit|[spread] p1a
|-activate|p1b: Kingambit|move: Protect
|-damage|p1a: Sneasler|0 fnt
|faint|p1a: Sneasler
|move|p2a: Ursaluna|Facade|p1b: Kingambit
|-activate|p1b: Kingambit|move: Protect
|
|-weather|SunnyDay|[upkeep]
|-heal|p2b: Torkoal|26/100|[from] Grassy Terrain
|-heal|p1b: Kingambit|75/100|[from] Grassy Terrain
|-damage|p2a: Ursaluna|95/100 brn|[from] brn
|upkeep
|
|t:|1756012801
|switch|p1a: Rillaboom|Rillaboom, L50, F|100/100
|turn|5
|
|t:|1756012807
|move|p1a: Rillaboom|Fake Out|p2b: Torkoal
|-damage|p2b: Torkoal|15/100
|cant|p2b: Torkoal|flinch
|move|p2a: Ursaluna|Facade|p1a: Rillaboom
|-damage|p1a: Rillaboom|0 fnt
|faint|p1a: Rillaboom
|move|p1b: Kingambit|Kowtow Cleave|p2b: Torkoal
|-damage|p2b: Torkoal|0 fnt
|faint|p2b: Torkoal
|
|-weather|SunnyDay|[upkeep]
|-heal|p2a: Ursaluna|100/100 brn|[from] Grassy Terrain
|-heal|p1b: Kingambit|81/100|[from] Grassy Terrain
|-damage|p2a: Ursaluna|95/100 brn|[from] brn
|-fieldend|move: Trick Room
|upkeep
|
|t:|1756012810
|switch|p1a: Volcarona|Volcarona, L50, M|100/100
|switch|p2b: Gallade|Gallade, L50, M|100/100
|turn|6
|
|t:|1756012823
|move|p1a: Volcarona|Tera Blast|p2b: Gallade
|-crit|p2b: Gallade
|-damage|p2b: Gallade|63/100
|move|p2b: Gallade|Psycho Cut|p1b: Kingambit
|-damage|p1b: Kingambit|39/100
|move|p1b: Kingambit|Kowtow Cleave|p2a: Ursaluna
|-damage|p2a: Ursaluna|20/100 brn
|move|p2a: Ursaluna|Facade|p1a: Volcarona
|-damage|p1a: Volcarona|0 fnt
|faint|p1a: Volcarona
|
|-weather|SunnyDay|[upkeep]
|-heal|p2b: Gallade|68/100|[from] Grassy Terrain
|-heal|p1b: Kingambit|45/100|[from] Grassy Terrain
|-heal|p2a: Ursaluna|25/100 brn|[from] Grassy Terrain
|-damage|p2a: Ursaluna|20/100 brn|[from] brn
|-fieldend|move: Grassy Terrain
|upkeep
|turn|7
|
|t:|1756012840
|move|p2b: Gallade|Psycho Cut|p1b: Kingambit
|-damage|p1b: Kingambit|0 fnt
|faint|p1b: Kingambit
|
|win|Quill86
|raw|mirokartdeluxe's rating: 1298 → 1268(-30 for losing)
|raw|Quill86's rating: 1223 → 1253(+30 for winning)
