|j|☆CorkscrewRacer
|j|☆JohnnyBoy015
|html|CorkscrewRacerJohnnyBoy015    
|uhtml|bestof|Game 1 of a best-of-3
|t:|1756168648
|gametype|doubles
|player|p1|CorkscrewRacer|266|1123
|player|p2|JohnnyBoy015|rosa|1069
|gen|9
|tier|[Gen 9] VGC 2025 Reg H (Bo3)
|rated|
|rule|Species Clause: Limit one of each Pokémon
|rule|Item Clause: Limit 1 of each item
|clearpoke
|poke|p1|Sneasler, L50, F|
|poke|p1|Dragapult, L50, F|
|poke|p1|Dondozo, L50, M|
|poke|p1|Tatsugiri, L50, F|
|poke|p1|Incineroar, L50, F|
|poke|p1|Rillaboom, L50, M|
|poke|p2|Dragonite, L50, F|
|poke|p2|Typhlosion-Hisui, L50, F|
|poke|p2|Jumpluff, L50, F|
|poke|p2|Torkoal, L50, F|
|poke|p2|Garchomp, L50, M|
|poke|p2|Kingambit, L50, M|
|teampreview|4
|showteam|p1|Sneasler||GrassySeed|Unburden|DireClaw,CloseCombat,Protect,FakeOut|||F|||50|,,,,,Ghost]Dragapult||ChoiceBand|ClearBody|DragonDarts,Outrage,PhantomForce,Uturn|||F|||50|,,,,,Dragon]Dondozo||Leftovers|Unaware|WaveCrash,HeavySlam,OrderUp,Protect|||M|||50|,,,,,Grass]Tatsugiri||LifeOrb|Commander|DracoMeteor,MuddyWater,IcyWind,Protect|||F|||50|,,,,,Stellar]Incineroar||AssaultVest|Intimidate|FakeOut,FlareBlitz,KnockOff,Uturn|||F|||50|,,,,,Ghost]Rillaboom||MiracleSeed|GrassySurge|GrassyGlide,WoodHammer,FakeOut,Taunt|||M|||50|,,,,,Fire
|showteam|p2|Dragonite||LoadedDice|Multiscale|ScaleShot,IceSpinner,ExtremeSpeed,Protect|||F|||50|,,,,,Steel]Typhlosion-Hisui||ChoiceSpecs|Blaze|Eruption,HeatWave,ShadowBall,Overheat|||F|||50|,,,,,Fire]Jumpluff||CovertCloak|Chlorophyll|LeafStorm,Encore,SleepPowder,Tailwind|||F|||50|,,,,,Poison]Torkoal||EjectPack|Drought|BurningJealousy,Overheat,HelpingHand,Protect|||F|||50|,,,,,Flying]Garchomp||LifeOrb|RoughSkin|DragonClaw,Earthquake,StompingTantrum,Protect|||M|||50|,,,,,Fire]Kingambit||AssaultVest|Defiant|KowtowCleave,IronHead,LowKick,SuckerPunch|||M|||50|,,,,,Flying
|j| BLiiNDProdiigy
|
|t:|1756168730
|teamsize|p1|4
|teamsize|p2|4
|start
|switch|p1a: Sneasler|Sneasler, L50, F|100/100
|switch|p1b: Rillaboom|Rillaboom, L50, M|100/100
|switch|p2a: Jumpluff|Jumpluff, L50, F|100/100
|switch|p2b: Dragonite|Dragonite, L50, F|100/100
|-fieldstart|move: Grassy Terrain|[from] ability: Grassy Surge|[of] p1b: Rillaboom
|-enditem|p1a: Sneasler|Grassy Seed
|-boost|p1a: Sneasler|def|1|[from] item: Grassy Seed
|turn|1
|
|t:|1756168766
|-terastallize|p2a: Jumpluff|Poison
|move|p1a: Sneasler|Protect|p1a: Sneasler
|-singleturn|p1a: Sneasler|Protect
|move|p2b: Dragonite|Protect|p2b: Dragonite
|-singleturn|p2b: Dragonite|Protect
|move|p2a: Jumpluff|Sleep Powder|p1a: Sneasler
|-activate|p1a: Sneasler|move: Protect
|move|p1b: Rillaboom|Taunt|p2a: Jumpluff
|-start|p2a: Jumpluff|move: Taunt
|
|upkeep
|turn|2
|
|t:|1756168793
|switch|p2a: Typhlosion|Typhlosion-Hisui, L50, F|100/100
|move|p1b: Rillaboom|Grassy Glide|p2b: Dragonite
|-resisted|p2b: Dragonite
|-damage|p2b: Dragonite|95/100
|move|p1a: Sneasler|Dire Claw|p2b: Dragonite
|-damage|p2b: Dragonite|48/100
|move|p2b: Dragonite|Scale Shot|p1a: Sneasler|[miss]
|-miss|p2b: Dragonite|p1a: Sneasler
|
|upkeep
|turn|3
|
|t:|1756168825
|switch|p2b: Torkoal|Torkoal, L50, F|100/100
|-weather|SunnyDay|[from] ability: Drought|[of] p2b: Torkoal
|-terastallize|p1b: Rillaboom|Fire
|move|p1a: Sneasler|Protect|p1a: Sneasler
|-singleturn|p1a: Sneasler|Protect
|move|p2a: Typhlosion|Heat Wave|p1a: Sneasler|[spread] p1b
|-activate|p1a: Sneasler|move: Protect
|-resisted|p1b: Rillaboom
|-damage|p1b: Rillaboom|63/100
|move|p1b: Rillaboom|Wood Hammer|p2a: Typhlosion
|-resisted|p2a: Typhlosion
|-damage|p2a: Typhlosion|32/100
|-damage|p1b: Rillaboom|47/100|[from] Recoil
|
|-weather|SunnyDay|[upkeep]
|-heal|p2a: Typhlosion|38/100|[from] Grassy Terrain
|-heal|p1b: Rillaboom|53/100|[from] Grassy Terrain
|upkeep
|turn|4
|
|t:|1756168869
|switch|p2a: Jumpluff|Jumpluff, L50, F, tera:Poison|100/100
|switch|p2b: Dragonite|Dragonite, L50, F|48/100
|move|p1a: Sneasler|Dire Claw|p2b: Dragonite
|-damage|p2b: Dragonite|0 fnt
|faint|p2b: Dragonite
|move|p1b: Rillaboom|Wood Hammer|p2a: Jumpluff
|-resisted|p2a: Jumpluff
|-damage|p2a: Jumpluff|41/100
|-damage|p1b: Rillaboom|35/100|[from] Recoil
|
|-weather|SunnyDay|[upkeep]
|-heal|p2a: Jumpluff|47/100|[from] Grassy Terrain
|-heal|p1b: Rillaboom|41/100|[from] Grassy Terrain
|upkeep
|
|t:|1756168895
|switch|p2b: Typhlosion|Typhlosion-Hisui, L50, F|38/100
|turn|5
|
|t:|1756168922
|switch|p2b: Torkoal|Torkoal, L50, F|100/100
|move|p1a: Sneasler|Dire Claw|p2b: Torkoal
|-damage|p2b: Torkoal|62/100
|move|p2a: Jumpluff|Sleep Powder|p1b: Rillaboom|[miss]
|-miss|p2a: Jumpluff|p1b: Rillaboom
|move|p1b: Rillaboom|Wood Hammer|p2a: Jumpluff
|-resisted|p2a: Jumpluff
|-damage|p2a: Jumpluff|0 fnt
|faint|p2a: Jumpluff
|-damage|p1b: Rillaboom|27/100|[from] Recoil
|
|-weather|SunnyDay|[upkeep]
|-heal|p1b: Rillaboom|33/100|[from] Grassy Terrain
|-heal|p2b: Torkoal|68/100|[from] Grassy Terrain
|-fieldend|move: Grassy Terrain
|upkeep
|
|t:|1756168938
|switch|p2a: Typhlosion|Typhlosion-Hisui, L50, F|38/100
|turn|6
|
|t:|1756168947
|move|p1a: Sneasler|Dire Claw|p2a: Typhlosion
|-resisted|p2a: Typhlosion
|-crit|p2a: Typhlosion
|-damage|p2a: Typhlosion|0 fnt
|faint|p2a: Typhlosion
|move|p1b: Rillaboom|Taunt|p2b: Torkoal
|-start|p2b: Torkoal|move: Taunt
|move|p2b: Torkoal|Burning Jealousy|p1a: Sneasler|[spread] p1a,p1b
|-resisted|p1b: Rillaboom
|-damage|p1a: Sneasler|52/100
|-damage|p1b: Rillaboom|16/100
|
|-weather|SunnyDay|[upkeep]
|upkeep
|turn|7
|
|t:|1756168961
|move|p1a: Sneasler|Close Combat|p2b: Torkoal
|-damage|p2b: Torkoal|16/100
|-unboost|p1a: Sneasler|def|1
|-unboost|p1a: Sneasler|spd|1
|move|p1b: Rillaboom|Wood Hammer|p2b: Torkoal
|-resisted|p2b: Torkoal
|-damage|p2b: Torkoal|0 fnt
|faint|p2b: Torkoal
|-damage|p1b: Rillaboom|11/100|[from] Recoil
|
|win|CorkscrewRacer
||JohnnyBoy015 is ready for game 2.
|inactive|CorkscrewRacer has 30 seconds to confirm battle start!
||CorkscrewRacer is ready for game 2.
|uhtml|next|Next: Game 2 of 3
|l|☆JohnnyBoy015
|player|p2|
|l| BLiiNDProdiigy
