|j|☆hagay123
|j|☆larry08
|html|hagay123larry08    
|uhtml|bestof|Game 2 of a best-of-3
|t:|1757663773
|gametype|doubles
|player|p1|hagay123|101|1041
|player|p2|larry08|102|1000
|gen|9
|tier|[Gen 9] VGC 2025 Reg H (Bo3)
|rated|
|rule|Species Clause: Limit one of each Pokémon
|rule|Item Clause: Limit 1 of each item
|clearpoke
|poke|p1|Politoed, L50, F|
|poke|p1|Primarina, L50, F|
|poke|p1|Incineroar, L50, M|
|poke|p1|Amoonguss, L50, M|
|poke|p1|Kingdra, L50, F|
|poke|p1|Arcanine-Hisui, L50, M|
|poke|p2|Tinkaton, L50, F|
|poke|p2|Gholdengo, L50|
|poke|p2|Dragonite, L50, F|
|poke|p2|Ursaluna, L50, F|
|poke|p2|Porygon2, L50|
|poke|p2|Amoonguss, L50, M|
|teampreview|4
|showteam|p1|Politoed||Leftovers|Drizzle|EarthPower,Protect,WeatherBall,Encore|||F|||50|,,,,,Water]Primarina||ThroatSpray|LiquidVoice|HyperVoice,Moonblast,IcyWind,Protect|||F|||50|,,,,,Poison]Incineroar||SafetyGoggles|Intimidate|FakeOut,KnockOff,PartingShot,Protect|||M|||50|,,,,,Ghost]Amoonguss||SitrusBerry|Regenerator|RagePowder,Spore,SludgeBomb,Protect|||M|||50|,,,,,Water]Kingdra||LifeOrb|SwiftSwim|DracoMeteor,MuddyWater,WeatherBall,Protect|||F|||50|,,,,,Stellar]Arcanine-Hisui||AssaultVest|Intimidate|ExtremeSpeed,FlareBlitz,FlameCharge,RockSlide|||M|||50|,,,,,Water
|showteam|p2|Tinkaton||SitrusBerry|MoldBreaker|Protect,GigatonHammer,HelpingHand,FakeOut|||F|||50|,,,,,Fairy]Gholdengo||LifeOrb|GoodasGold|Protect,MakeItRain,ShadowBall,NastyPlot||||||50|,,,,,Steel]Dragonite||LoadedDice|InnerFocus|Protect,ScaleShot,ExtremeSpeed,IceSpinner|||F|||50|,,,,,Fairy]Ursaluna||FlameOrb|Guts|Protect,Facade,HighHorsepower,Earthquake|||F|||50|,,,,,Ghost]Porygon2||Eviolite|Download|IceBeam,TeraBlast,Recover,TrickRoom||||||50|,,,,,Flying]Amoonguss||MentalHerb|Regenerator|Protect,Spore,RagePowder,PollenPuff|||M|||50|,,,,,Water
|inactive|Battle timer is ON: inactive players will automatically lose when time's up. (requested by larry08)
|
|t:|1757663799
|teamsize|p1|4
|teamsize|p2|4
|start
|switch|p1a: Primarina|Primarina, L50, F|100/100
|switch|p1b: Incineroar|Incineroar, L50, M|100/100
|switch|p2a: Tinkaton|Tinkaton, L50, F|100/100
|switch|p2b: Gholdengo|Gholdengo, L50|100/100
|-ability|p2a: Tinkaton|Mold Breaker
|-ability|p1b: Incineroar|Intimidate|boost
|-unboost|p2a: Tinkaton|atk|1
|-unboost|p2b: Gholdengo|atk|1
|turn|1
|
|t:|1757663823
|move|p1a: Primarina|Protect|p1a: Primarina
|-singleturn|p1a: Primarina|Protect
|move|p2a: Tinkaton|Fake Out|p1b: Incineroar
|-damage|p1b: Incineroar|95/100
|move|p2b: Gholdengo|Nasty Plot|p2b: Gholdengo
|-boost|p2b: Gholdengo|spa|2
|cant|p1b: Incineroar|flinch
|
|upkeep
|turn|2
|
|t:|1757663841
|switch|p1a: Amoonguss|Amoonguss, L50, M|100/100
|-terastallize|p2b: Gholdengo|Steel
|move|p2a: Tinkaton|Helping Hand|p2b: Gholdengo
|-singleturn|p2b: Gholdengo|Helping Hand|[of] p2a: Tinkaton
|move|p2b: Gholdengo|Make It Rain|p1b: Incineroar|[spread] p1a,p1b
|-resisted|p1b: Incineroar
|-damage|p1a: Amoonguss|0 fnt
|-damage|p1b: Incineroar|5/100
|-unboost|p2b: Gholdengo|spa|1
|faint|p1a: Amoonguss
|-damage|p2b: Gholdengo|91/100|[from] item: Life Orb
|move|p1b: Incineroar|Knock Off|p2b: Gholdengo
|-damage|p2b: Gholdengo|47/100
|-enditem|p2b: Gholdengo|Life Orb|[from] move: Knock Off|[of] p1b: Incineroar
|
|upkeep
|
|t:|1757663864
|switch|p1a: Primarina|Primarina, L50, F|100/100
|turn|3
|
|t:|1757663884
|move|p2a: Tinkaton|Helping Hand|p2b: Gholdengo
|-singleturn|p2b: Gholdengo|Helping Hand|[of] p2a: Tinkaton
|move|p2b: Gholdengo|Make It Rain|p1b: Incineroar|[spread] p1a,p1b
|-resisted|p1b: Incineroar
|-damage|p1a: Primarina|0 fnt
|-damage|p1b: Incineroar|0 fnt
|-unboost|p2b: Gholdengo|spa|1
|faint|p1a: Primarina
|faint|p1b: Incineroar
|
|upkeep
|
|t:|1757663903
|switch|p1a: Politoed|Politoed, L50, F|100/100
|-weather|RainDance|[from] ability: Drizzle|[of] p1a: Politoed
|turn|4
|
|t:|1757663911
|move|p2a: Tinkaton|Helping Hand|p2b: Gholdengo
|-singleturn|p2b: Gholdengo|Helping Hand|[of] p2a: Tinkaton
|move|p2b: Gholdengo|Shadow Ball|p1a: Politoed
|-damage|p1a: Politoed|51/100
|move|p1a: Politoed|Earth Power|p2b: Gholdengo
|-supereffective|p2b: Gholdengo
|-damage|p2b: Gholdengo|0 fnt
|faint|p2b: Gholdengo
|
|-weather|RainDance|[upkeep]
|-heal|p1a: Politoed|57/100|[from] item: Leftovers
|upkeep
|
|t:|1757663924
|switch|p2b: Dragonite|Dragonite, L50, F|100/100
|turn|5
|
|t:|1757663946
|switch|p2a: Amoonguss|Amoonguss, L50, M|100/100
|move|p2b: Dragonite|Extreme Speed|p1a: Politoed
|-damage|p1a: Politoed|21/100
|move|p1a: Politoed|Earth Power|p2a: Amoonguss
|-damage|p2a: Amoonguss|84/100
|
|-weather|RainDance|[upkeep]
|-heal|p1a: Politoed|27/100|[from] item: Leftovers
|upkeep
|turn|6
|
|t:|1757663967
|move|p2b: Dragonite|Extreme Speed|p1a: Politoed
|-damage|p1a: Politoed|0 fnt
|faint|p1a: Politoed
|
|win|larry08
||larry08 is ready for game 3.
||hagay123 is ready for game 3.
|uhtml|next|Next: Game 3 of 3
|l|☆hagay123
|player|p1|
