|j|☆lipeznnn
|j|☆jojiS2
|html|lipeznnnjojiS2    
|uhtml|bestof|Game 2 of a best-of-3
|t:|1783659980
|gametype|doubles
|player|p1|lipeznnn|dawn-gen4pt|
|player|p2|jojiS2|2|
|gen|9
|tier|[Gen 9 Champions] VGC 2026 Reg M-B (Bo3)
|rule|Species Clause: Limit one of each Pokémon
|rule|Item Clause: Limit 1 of each item
|clearpoke
|poke|p1|Froslass, L50, F|
|poke|p1|Incineroar, L50, F, shiny|
|poke|p1|Farigiraf, L50, F|
|poke|p1|Sneasler, L50, M, shiny|
|poke|p1|Aerodactyl, L50, M|
|poke|p1|Basculegion, L50, M, shiny|
|poke|p2|Swampert, L50, F|
|poke|p2|Maushold-Four, L50|
|poke|p2|Kingambit, L50, M|
|poke|p2|Pelipper, L50, F|
|poke|p2|Archaludon, L50, F|
|poke|p2|Sneasler, L50, M|
|teampreview|4
|showteam|p1|Froslass||Froslassite|SnowCloak|Blizzard,ShadowBall,AuroraVeil,Protect|Modest||F|||50|]Incineroar||SitrusBerry|Intimidate|FlareBlitz,ThroatChop,PartingShot,FakeOut|Careful||F|||50|]Farigiraf||ColburBerry|ArmorTail|Psychic,Thunderbolt,HelpingHand,Protect|Modest||F|||50|]Sneasler||WhiteHerb|Unburden|CloseCombat,DireClaw,FakeOut,Protect|Adamant||M|||50|]Aerodactyl||FocusSash|Pressure|DualWingbeat,RockSlide,Tailwind,Protect|Jolly||M|||50|]Basculegion||ChoiceScarf|Adaptability|WaveCrash,FlipTurn,AquaJet,LastRespects|Adamant||M|||50|
|showteam|p2|Swampert||Swampertite|Torrent|WaveCrash,Earthquake,IcePunch,Protect|Adamant||F|||50|]Maushold-Four||WideLens|Technician|PopulationBomb,FollowMe,HelpingHand,Protect|Jolly|||||50|]Kingambit||BlackGlasses|Defiant|KowtowCleave,SuckerPunch,SwordsDance,Protect|Adamant||M|||50|]Pelipper||FocusSash|Drizzle|Hurricane,WeatherBall,Tailwind,WideGuard|Timid||F|||50|]Archaludon||Leftovers|Stamina|ElectroShot,FlashCannon,DracoMeteor,Protect|Modest||F|||50|]Sneasler||WhiteHerb|Unburden|CloseCombat,DireClaw,FakeOut,Protect|Adamant||M|||50|
|
|t:|1783660013
|teamsize|p1|4
|teamsize|p2|4
|start
|switch|p1a: Farigiraf|Farigiraf, L50, F|100/100
|switch|p1b: Sneasler|Sneasler, L50, M, shiny|100/100
|switch|p2a: Kingambit|Kingambit, L50, M|100/100
|switch|p2b: Sneasler|Sneasler, L50, M|100/100
|turn|1
|
|t:|1783660030
|move|p2a: Kingambit|Protect|p2a: Kingambit
|-singleturn|p2a: Kingambit|Protect
|move|p1b: Sneasler|Fake Out|p2b: Sneasler
|-damage|p2b: Sneasler|82/100
|cant|p2b: Sneasler|flinch
|move|p1a: Farigiraf|Psychic|p2b: Sneasler
|-supereffective|p2b: Sneasler|2
|-damage|p2b: Sneasler|0 fnt
|faint|p2b: Sneasler
|
|upkeep
|
|t:|1783660048
|switch|p2b: Pelipper|Pelipper, L50, F|100/100
|-weather|RainDance|[from] ability: Drizzle|[of] p2b: Pelipper
|turn|2
|
|t:|1783660056
|move|p2a: Kingambit|Protect||[still]
|-fail|p2a: Kingambit
|move|p1b: Sneasler|Close Combat|p2a: Kingambit
|-supereffective|p2a: Kingambit|2
|-damage|p2a: Kingambit|0 fnt
|-unboost|p1b: Sneasler|def|1
|-unboost|p1b: Sneasler|spd|1
|faint|p2a: Kingambit
|-enditem|p1b: Sneasler|White Herb
|-clearnegativeboost|p1b: Sneasler|[silent]
|move|p2b: Pelipper|Weather Ball|p1b: Sneasler
|-damage|p1b: Sneasler|12/100
|move|p1a: Farigiraf|Thunderbolt|p2b: Pelipper
|-supereffective|p2b: Pelipper|2
|-enditem|p2b: Pelipper|Focus Sash
|-damage|p2b: Pelipper|1/100
|
|-weather|RainDance|[upkeep]
|upkeep
|
|t:|1783660071
|switch|p2a: Swampert|Swampert, L50, F|100/100
|turn|3
|
|t:|1783660082
|detailschange|p2a: Swampert|Swampert-Mega, L50, F
|-mega|p2a: Swampert|Swampert|Swampertite
|move|p1b: Sneasler|Protect|p1b: Sneasler
|-singleturn|p1b: Sneasler|Protect
|move|p2b: Pelipper|Wide Guard|p2b: Pelipper
|-singleturn|p2b: Pelipper|Wide Guard
|move|p2a: Swampert|Earthquake|p1a: Farigiraf|[spread] p1a
|-activate|p2b: Pelipper|move: Wide Guard
|-activate|p1b: Sneasler|move: Protect
|-damage|p1a: Farigiraf|51/100
|move|p1a: Farigiraf|Psychic|p2a: Swampert
|-damage|p2a: Swampert|61/100
|
|-weather|RainDance|[upkeep]
|upkeep
|turn|4
|
|t:|1783660106
|move|p1b: Sneasler|Protect|p1b: Sneasler
|-singleturn|p1b: Sneasler|Protect
|move|p2a: Swampert|Earthquake|p1b: Sneasler|[spread] p1a
|-activate|p1b: Sneasler|move: Protect
|-immune|p2b: Pelipper
|-damage|p1a: Farigiraf|1/100
|move|p2b: Pelipper|Weather Ball|p1b: Sneasler
|-activate|p1b: Sneasler|move: Protect
|move|p1a: Farigiraf|Thunderbolt|p2b: Pelipper
|-supereffective|p2b: Pelipper|2
|-damage|p2b: Pelipper|0 fnt
|faint|p2b: Pelipper
|
|-weather|RainDance|[upkeep]
|upkeep
|turn|5
|
|t:|1783660127
|move|p1b: Sneasler|Protect|p1b: Sneasler
|-singleturn|p1b: Sneasler|Protect
|move|p1a: Farigiraf|Protect|p1a: Farigiraf
|-singleturn|p1a: Farigiraf|Protect
|move|p2a: Swampert|Earthquake|p1b: Sneasler|[spread] 
|-activate|p1a: Farigiraf|move: Protect
|-activate|p1b: Sneasler|move: Protect
|
|-weather|RainDance|[upkeep]
|upkeep
|turn|6
|
|t:|1783660140
|switch|p1b: Basculegion|Basculegion, L50, M, shiny|100/100
|switch|p1a: Froslass|Froslass, L50, F|100/100
|move|p2a: Swampert|Earthquake|p1a: Froslass|[spread] p1a,p1b
|-damage|p1a: Froslass|20/100y
|-damage|p1b: Basculegion|39/100
|
|-weather|none
|upkeep
|turn|7
|
|t:|1783660156
|detailschange|p1a: Froslass|Froslass-Mega, L50, F
|-mega|p1a: Froslass|Froslass|Froslassite
|-weather|Snowscape|[from] ability: Snow Warning|[of] p1a: Froslass
|move|p1b: Basculegion|Aqua Jet|p2a: Swampert
|-damage|p2a: Swampert|37/100
|move|p1a: Froslass|Blizzard|p2a: Swampert
|-damage|p2a: Swampert|0 fnt
|faint|p2a: Swampert
|
|win|lipeznnn
