|j|☆nonight
|j|☆lordtentacle69
|html|nonightlordtentacle69    
|uhtml|bestof|Game 2 of a best-of-3
|t:|1784868787
|gametype|doubles
|player|p1|nonight|roxie|1295
|player|p2|lordtentacle69|corbeau|1398
|gen|9
|tier|[Gen 9 Champions] VGC 2026 Reg M-B (Bo3)
|rated|
|rule|Species Clause: Limit one of each Pokémon
|rule|Item Clause: Limit 1 of each item
|clearpoke
|poke|p1|Incineroar, L50, M|
|poke|p1|Sneasler, L50, M|
|poke|p1|Delphox, L50, F|
|poke|p1|Kingambit, L50, M|
|poke|p1|Sinistcha, L50|
|poke|p1|Metagross, L50|
|poke|p2|Delphox, L50, M|
|poke|p2|Incineroar, L50, M|
|poke|p2|Maushold-Four, L50|
|poke|p2|Sinistcha, L50|
|poke|p2|Sneasler, L50, F|
|poke|p2|Blastoise, L50, M|
|teampreview|4
|showteam|p1|Incineroar||SitrusBerry|Intimidate|HelpingHand,FakeOut,PartingShot,FlareBlitz|Impish||M|||50|]Sneasler||FocusSash|Unburden|DireClaw,CloseCombat,FakeOut,QuickGuard|Jolly||M|||50|]Delphox||Delphoxite|Blaze|Protect,Psyshock,NastyPlot,HeatWave|Timid||F|||50|]Kingambit||BlackGlasses|Defiant|KowtowCleave,SuckerPunch,Protect,SwordsDance|Adamant||M|||50|]Sinistcha||KasibBerry|Hospitality|MatchaGotcha,RagePowder,Protect,LifeDew|Bold|||||50|]Metagross||Metagrossite|ClearBody|Protect,BodyPress,CosmicPower,PsychicFangs|Impish|||||50|
|showteam|p2|Delphox||Delphoxite|Blaze|HeatWave,Psychic,NastyPlot,Protect|Timid||M|||50|]Incineroar||SitrusBerry|Intimidate|FakeOut,PartingShot,FlareBlitz,ThroatChop|Impish||M|||50|]Maushold-Four||ChopleBerry|FriendGuard|Feint,HelpingHand,Protect,FollowMe|Impish|||||50|]Sinistcha||ColburBerry|Hospitality|Protect,MatchaGotcha,TrickRoom,RagePowder|Bold|||||50|]Sneasler||FocusSash|PoisonTouch|CloseCombat,PoisonJab,QuickGuard,FakeOut|Adamant||F|||50|]Blastoise||Blastoisinite|RainDish|Protect,WaterSpout,DarkPulse,ShellSmash|Timid||M|||50|
|
|t:|1784868819
|teamsize|p1|4
|teamsize|p2|4
|start
|switch|p1a: Sneasler|Sneasler, L50, M|100/100
|switch|p1b: Kingambit|Kingambit, L50, M|100/100
|switch|p2a: Unctober|Delphox, L50, M|100/100
|switch|p2b: MMCH|Maushold-Four, L50|100/100
|turn|1
|
|t:|1784868838
|switch|p1b: Delphox|Delphox, L50, F|100/100
|detailschange|p2a: Unctober|Delphox-Mega, L50, M
|-mega|p2a: Unctober|Delphox|Delphoxite
|move|p2a: Unctober|Protect|p2a: Unctober
|-singleturn|p2a: Unctober|Protect
|move|p2b: MMCH|Protect|p2b: MMCH
|-singleturn|p2b: MMCH|Protect
|move|p1a: Sneasler|Fake Out|p2a: Unctober
|-activate|p2a: Unctober|move: Protect
|
|upkeep
|turn|2
|
|t:|1784868861
|switch|p2b: Gochujang|Incineroar, L50, M|100/100
|-ability|p2b: Gochujang|Intimidate|boost
|-unboost|p1a: Sneasler|atk|1
|-unboost|p1b: Delphox|atk|1
|detailschange|p1b: Delphox|Delphox-Mega, L50, F
|-mega|p1b: Delphox|Delphox|Delphoxite
|move|p1b: Delphox|Nasty Plot|p1b: Delphox
|-boost|p1b: Delphox|spa|2
|move|p2a: Unctober|Nasty Plot|p2a: Unctober
|-boost|p2a: Unctober|spa|2
|move|p1a: Sneasler|Dire Claw|p2a: Unctober
|-damage|p2a: Unctober|59/100
|
|upkeep
|turn|3
|inactive|Battle timer is ON: inactive players will automatically lose when time's up. (requested by lordtentacle69)
|
|t:|1784868953
|switch|p2b: Green Day|Sinistcha, L50|100/100
|-heal|p2a: Unctober|84/100|[from] ability: Hospitality|[of] p2b: Green Day
|move|p2a: Unctober|Protect|p2a: Unctober
|-singleturn|p2a: Unctober|Protect
|move|p1a: Sneasler|Quick Guard|p1a: Sneasler
|-singleturn|p1a: Sneasler|Quick Guard
|move|p1b: Delphox|Psyshock|p2a: Unctober
|-activate|p2a: Unctober|move: Protect
|
|upkeep
|turn|4
|
|t:|1784868974
|switch|p2b: Gochujang|Incineroar, L50, M|100/100
|-ability|p2b: Gochujang|Intimidate|boost
|-unboost|p1a: Sneasler|atk|1
|-unboost|p1b: Delphox|atk|1
|move|p1b: Delphox|Nasty Plot|p1b: Delphox
|-boost|p1b: Delphox|spa|2
|move|p2a: Unctober|Heat Wave|p1a: Sneasler|[spread] p1a,p1b
|-resisted|p1b: Delphox|1
|-enditem|p1a: Sneasler|Focus Sash
|-damage|p1a: Sneasler|1/100
|-damage|p1b: Delphox|62/100
|move|p1a: Sneasler|Dire Claw|p2a: Unctober
|-damage|p2a: Unctober|57/100
|-status|p2a: Unctober|par
|
|upkeep
|turn|5
|inactive|lordtentacle69 has 30 seconds left.
|inactive|nonight has 30 seconds left.
|inactive|lordtentacle69 has 20 seconds left.
|inactive|lordtentacle69 has 15 seconds left.
|inactive|lordtentacle69 has 10 seconds left.
|
|t:|1784869022
|switch|p1a: Sinistcha|Sinistcha, L50|100/100
|-heal|p1b: Delphox|86/100|[from] ability: Hospitality|[of] p1a: Sinistcha
|move|p1b: Delphox|Protect|p1b: Delphox
|-singleturn|p1b: Delphox|Protect
|move|p2a: Unctober|Protect|p2a: Unctober
|-singleturn|p2a: Unctober|Protect
|move|p2b: Gochujang|Throat Chop|p1b: Delphox
|-activate|p1b: Delphox|move: Protect
|
|upkeep
|turn|6
|
|t:|1784869039
|cant|p2a: Unctober|par
|move|p1a: Sinistcha|Rage Powder|p1a: Sinistcha
|-singleturn|p1a: Sinistcha|move: Rage Powder
|move|p1b: Delphox|Psyshock|p2a: Unctober
|-resisted|p2a: Unctober|1
|-damage|p2a: Unctober|0 fnt
|faint|p2a: Unctober
|move|p2b: Gochujang|Parting Shot|p1a: Sinistcha
|-unboost|p1a: Sinistcha|atk|1
|-unboost|p1a: Sinistcha|spa|1
|
|t:|1784869044
|switch|p2b: MMCH|Maushold-Four, L50|100/100|[from] Parting Shot
|
|upkeep
|
|t:|1784869046
|switch|p2a: Gochujang|Incineroar, L50, M|100/100
|-ability|p2a: Gochujang|Intimidate|boost
|-unboost|p1a: Sinistcha|atk|1
|-unboost|p1b: Delphox|atk|1
|turn|7
|
|t:|1784869057
|switch|p2b: Green Day|Sinistcha, L50|100/100
|move|p2a: Gochujang|Fake Out|p1b: Delphox
|-damage|p1b: Delphox|71/100
|move|p1a: Sinistcha|Rage Powder|p1a: Sinistcha
|-singleturn|p1a: Sinistcha|move: Rage Powder
|cant|p1b: Delphox|flinch
|
|upkeep
|turn|8
|
|t:|1784869079
|move|p2b: Green Day|Protect|p2b: Green Day
|-singleturn|p2b: Green Day|Protect
|move|p1a: Sinistcha|Rage Powder|p1a: Sinistcha
|-singleturn|p1a: Sinistcha|move: Rage Powder
|move|p1b: Delphox|Heat Wave|p2b: Green Day|[spread] p2a
|-activate|p2b: Green Day|move: Protect
|-resisted|p2a: Gochujang|1
|-damage|p2a: Gochujang|49/100
|-enditem|p2a: Gochujang|Sitrus Berry|[eat]
|-heal|p2a: Gochujang|73/100|[from] item: Sitrus Berry
|move|p2a: Gochujang|Throat Chop|p1a: Sinistcha
|-supereffective|p1a: Sinistcha|1
|-damage|p1a: Sinistcha|52/100
|-start|p1a: Sinistcha|Throat Chop|[silent]
|
|upkeep
|turn|9
|
|t:|1784869099
|switch|p2b: MMCH|Maushold-Four, L50|100/100
|move|p1a: Sinistcha|Rage Powder|p1a: Sinistcha
|-singleturn|p1a: Sinistcha|move: Rage Powder
|move|p1b: Delphox|Heat Wave|p2a: Gochujang|[spread] p2a,p2b
|-resisted|p2a: Gochujang|1
|-damage|p2a: Gochujang|37/100
|-damage|p2b: MMCH|0 fnt
|faint|p2b: MMCH
|move|p2a: Gochujang|Flare Blitz|p1a: Sinistcha
|-supereffective|p1a: Sinistcha|1
|-damage|p1a: Sinistcha|0 fnt
|faint|p1a: Sinistcha
|-damage|p2a: Gochujang|21/100|[from] Recoil
|
|upkeep
|
|t:|1784869110
|switch|p2b: Green Day|Sinistcha, L50|100/100
|switch|p1a: Sneasler|Sneasler, L50, M|1/100
|-heal|p2a: Gochujang|46/100|[from] ability: Hospitality|[of] p2b: Green Day
|turn|10
|-message|lordtentacle69 forfeited.
|
|win|nonight
|raw|nonight's rating: 1295 → 1327(+32 for winning)
|raw|lordtentacle69's rating: 1398 → 1372(-26 for losing)
|l|☆lordtentacle69
|player|p2|
|j|☆lordtentacle69
|player|p2|lordtentacle69|corbeau|
