|j|☆furretusedpunch
|j|☆CretaceousDraconid
|html|furretusedpunchCretaceousDraconid    
|uhtml|bestof|Game 2 of a best-of-3
|t:|1757664843
|gametype|doubles
|player|p1|furretusedpunch|lacey|1363
|player|p2|CretaceousDraconid|zinnia-masters|1327
|gen|9
|tier|[Gen 9] VGC 2025 Reg H (Bo3)
|rated|
|rule|Species Clause: Limit one of each Pokémon
|rule|Item Clause: Limit 1 of each item
|clearpoke
|poke|p1|Gholdengo, L50|
|poke|p1|Sneasler, L50, M|
|poke|p1|Rillaboom, L50, M|
|poke|p1|Dragonite, L50, F|
|poke|p1|Ninetales-Alola, L50, M|
|poke|p1|Incineroar, L50, F|
|poke|p2|Malamar, L50, F|
|poke|p2|Whimsicott, L50, M|
|poke|p2|Farigiraf, L50, M|
|poke|p2|Salamence, L50, M|
|poke|p2|Sneasler, L50, F|
|poke|p2|Ursaluna-Bloodmoon, L50, M|
|teampreview|4
|showteam|p1|Gholdengo||LifeOrb|GoodasGold|NastyPlot,MakeItRain,ShadowBall,Protect||||||50|,,,,,Water]Sneasler||WhiteHerb|Unburden|CloseCombat,DireClaw,Coaching,Protect|||M|||50|,,,,,Ghost]Rillaboom||AssaultVest|GrassySurge|FakeOut,GrassyGlide,DrumBeating,HighHorsepower|||M|||50|,,,,,Fire]Dragonite||LoadedDice|Multiscale|ScaleShot,StompingTantrum,Tailwind,Protect|||F|||50|,,,,,Ground]Ninetales-Alola||FocusSash|SnowWarning|IcyWind,Encore,FreezeDry,Blizzard|||M|||50|,,,,,Ghost]Incineroar||SitrusBerry|Intimidate|FlareBlitz,KnockOff,FakeOut,PartingShot|||F|||50|,,,,,Ghost
|showteam|p2|Malamar||SitrusBerry|Contrary|KnockOff,Superpower,PsychoCut,TopsyTurvy|||F|||50|,,,,,Ghost]Whimsicott||CovertCloak|Prankster|Tailwind,FakeTears,Taunt,Moonblast|||M|||50|,,,,,Steel]Farigiraf||ThroatSpray|ArmorTail|PsychicNoise,HelpingHand,TrickRoom,HyperVoice|||M|||50|,,,,,Fairy]Salamence||ChoiceSpecs|Intimidate|DracoMeteor,Hurricane,HeatWave,AirSlash|||M|||50|,,,,,Fire]Sneasler||FocusSash|PoisonTouch|FakeOut,CloseCombat,DireClaw,ThroatChop|||F|||50|,,,,,Fairy]Ursaluna-Bloodmoon||LifeOrb|MindsEye|EarthPower,BloodMoon,HyperVoice,Protect|||M|||50|,,,,,Normal
|
|t:|1757664892
|teamsize|p1|4
|teamsize|p2|4
|start
|switch|p1a: Rillaboom|Rillaboom, L50, M|100/100
|switch|p1b: Gholdengo|Gholdengo, L50|100/100
|switch|p2a: Salamence|Salamence, L50, M|100/100
|switch|p2b: Whimsicott|Whimsicott, L50, M|100/100
|-ability|p2a: Salamence|Intimidate|boost
|-unboost|p1a: Rillaboom|atk|1
|-unboost|p1b: Gholdengo|atk|1
|-fieldstart|move: Grassy Terrain|[from] ability: Grassy Surge|[of] p1a: Rillaboom
|turn|1
|
|t:|1757664906
|switch|p2b: Farigiraf|Farigiraf, L50, M|100/100
|-terastallize|p2a: Salamence|Fire
|move|p1a: Rillaboom|Fake Out||[still]
|cant|p2b: Farigiraf|ability: Armor Tail|Fake Out|[of] p1a: Rillaboom
|move|p2a: Salamence|Heat Wave|p1b: Gholdengo|[spread] p1a,p1b
|-supereffective|p1a: Rillaboom
|-supereffective|p1b: Gholdengo
|-damage|p1a: Rillaboom|24/100
|-damage|p1b: Gholdengo|2/100
|move|p1b: Gholdengo|Make It Rain|p2a: Salamence|[spread] p2a,p2b
|-resisted|p2a: Salamence
|-damage|p2a: Salamence|60/100
|-damage|p2b: Farigiraf|48/100
|-unboost|p1b: Gholdengo|spa|1
|-damage|p1b: Gholdengo|0 fnt|[from] item: Life Orb
|faint|p1b: Gholdengo
|
|-heal|p2a: Salamence|66/100|[from] Grassy Terrain
|-heal|p1a: Rillaboom|30/100|[from] Grassy Terrain
|-heal|p2b: Farigiraf|55/100|[from] Grassy Terrain
|upkeep
|
|t:|1757664919
|switch|p1b: Sneasler|Sneasler, L50, M|100/100
|turn|2
|
|t:|1757664928
|move|p2a: Salamence|Heat Wave|p1b: Sneasler|[spread] p1b
|-miss|p2a: Salamence|p1a: Rillaboom
|-damage|p1b: Sneasler|38/100
|move|p1b: Sneasler|Close Combat|p2a: Salamence
|-damage|p2a: Salamence|0 fnt
|-unboost|p1b: Sneasler|def|1
|-unboost|p1b: Sneasler|spd|1
|faint|p2a: Salamence
|-enditem|p1b: Sneasler|White Herb
|-clearnegativeboost|p1b: Sneasler|[silent]
|move|p1a: Rillaboom|Drum Beating|p2b: Farigiraf
|-damage|p2b: Farigiraf|22/100
|-unboost|p2b: Farigiraf|spe|1
|move|p2b: Farigiraf|Trick Room|p2b: Farigiraf
|-fieldstart|move: Trick Room|[of] p2b: Farigiraf
|
|-heal|p2b: Farigiraf|28/100|[from] Grassy Terrain
|-heal|p1a: Rillaboom|36/100|[from] Grassy Terrain
|-heal|p1b: Sneasler|44/100|[from] Grassy Terrain
|upkeep
|
|t:|1757664934
|switch|p2a: Malamar|Malamar, L50, F|100/100
|turn|3
|
|t:|1757664957
|move|p1b: Sneasler|Protect|p1b: Sneasler
|-singleturn|p1b: Sneasler|Protect
|move|p2b: Farigiraf|Hyper Voice|p1a: Rillaboom|[spread] p1a
|-activate|p1b: Sneasler|move: Protect
|-damage|p1a: Rillaboom|10/100
|-enditem|p2b: Farigiraf|Throat Spray
|-boost|p2b: Farigiraf|spa|1|[from] item: Throat Spray
|move|p2a: Malamar|Knock Off|p1a: Rillaboom
|-damage|p1a: Rillaboom|0 fnt
|-enditem|p1a: Rillaboom|Assault Vest|[from] move: Knock Off|[of] p2a: Malamar
|faint|p1a: Rillaboom
|
|-heal|p2b: Farigiraf|34/100|[from] Grassy Terrain
|-heal|p1b: Sneasler|50/100|[from] Grassy Terrain
|upkeep
|
|t:|1757664963
|switch|p1a: Ninetales|Ninetales-Alola, L50, M|100/100
|-weather|Snowscape|[from] ability: Snow Warning|[of] p1a: Ninetales
|turn|4
|
|t:|1757664977
|-terastallize|p1a: Ninetales|Ghost
|move|p2b: Farigiraf|Hyper Voice|p1b: Sneasler|[spread] p1b
|-immune|p1a: Ninetales
|-damage|p1b: Sneasler|0 fnt
|faint|p1b: Sneasler
|move|p2a: Malamar|Superpower|p1a: Ninetales
|-immune|p1a: Ninetales
|move|p1a: Ninetales|Blizzard|p2b: Farigiraf|[spread] p2a,p2b
|-damage|p2a: Malamar|65/100
|-damage|p2b: Farigiraf|8/100
|
|-weather|Snowscape|[upkeep]
|-heal|p2b: Farigiraf|14/100|[from] Grassy Terrain
|-heal|p2a: Malamar|71/100|[from] Grassy Terrain
|upkeep
|turn|5
|
|t:|1757664993
|move|p2b: Farigiraf|Psychic Noise|p1a: Ninetales
|-damage|p1a: Ninetales|38/100
|-start|p1a: Ninetales|move: Heal Block
|move|p2a: Malamar|Knock Off|p1a: Ninetales
|-supereffective|p1a: Ninetales
|-damage|p1a: Ninetales|0 fnt
|-enditem|p1a: Ninetales|Focus Sash|[from] move: Knock Off|[of] p2a: Malamar
|faint|p1a: Ninetales
|
|win|CretaceousDraconid
||furretusedpunch is ready for game 3.
||CretaceousDraconid is ready for game 3.
|uhtml|next|Next: Game 3 of 3
|l|☆CretaceousDraconid
|player|p2|
|l|☆furretusedpunch
|player|p1|
