|j|☆Curebo
|j|☆Lachusa143
|html|CureboLachusa143    
|uhtml|bestof|Game 2 of a best-of-3
|t:|1782331934
|gametype|doubles
|player|p1|Curebo|clay|1102
|player|p2|Lachusa143|swimmerf|1034
|gen|9
|tier|[Gen 9 Champions] VGC 2026 Reg M-B (Bo3)
|rated|
|rule|Species Clause: Limit one of each Pokémon
|rule|Item Clause: Limit 1 of each item
|clearpoke
|poke|p1|Excadrill, L50, M, shiny|
|poke|p1|Tyranitar, L50, M, shiny|
|poke|p1|Corviknight, L50, F, shiny|
|poke|p1|Hydreigon, L50, M, shiny|
|poke|p1|Scovillain, L50, F, shiny|
|poke|p1|Houndstone, L50, F, shiny|
|poke|p2|Abomasnow, L50, M|
|poke|p2|Toxapex, L50, F|
|poke|p2|Oranguru, L50, F|
|poke|p2|Aegislash, L50, F|
|poke|p2|Garchomp, L50, F|
|poke|p2|Talonflame, L50, F|
|teampreview|4
|showteam|p1|Excadrill||FocusSash|SandRush|Earthquake,IronHead,RockSlide,Protect|Adamant||M|||50|]Tyranitar||Tyranitarite|SandStream|RockSlide,KnockOff,LowKick,Protect|Adamant||M|||50|]Corviknight||Leftovers|MirrorArmor|BraveBird,BulkUp,Roost,Tailwind|Careful||F|||50|]Hydreigon||ChoiceScarf|Levitate|DracoMeteor,DarkPulse,HeatWave,Snarl|Modest||M|||50|]Scovillain||Scovillainite|Moody|Overheat,GigaDrain,RagePowder,Protect|Calm||F|||50|]Houndstone||SitrusBerry|SandRush|LastRespects,WillOWisp,BodyPress,Protect|Adamant||F|||50|
|showteam|p2|Abomasnow||Abomasite|SnowWarning|Blizzard,EnergyBall,Protect,EarthPower|Quiet||M|||50|]Toxapex||Leftovers|Regenerator|Infestation,Toxic,BanefulBunker,WideGuard|Bold||F|||50|]Oranguru||SitrusBerry|InnerFocus|TrickRoom,Instruct,Protect,Psychic|Relaxed||F|||50|]Aegislash||SpellTag|StanceChange|Poltergeist,KingsShield,ShadowSneak,IronHead|Adamant||F|||50|]Garchomp||LifeOrb|RoughSkin|DragonClaw,RockSlide,Earthquake,Protect|Jolly||F|||50|]Talonflame||FocusBand|GaleWings|Protect,FlareBlitz,BraveBird,WillOWisp|Jolly||F|||50|
|inactive|Battle timer is ON: inactive players will automatically lose when time's up. (requested by Curebo)
|inactive|Curebo has 60 seconds left.
|
|t:|1782331973
|teamsize|p1|4
|teamsize|p2|4
|start
|switch|p1a: Trinacria|Hydreigon, L50, M, shiny|100/100
|switch|p1b: Tormentilla|Tyranitar, L50, M, shiny|100/100
|switch|p2a: Garchomp|Garchomp, L50, F|100/100
|switch|p2b: Aegislash|Aegislash, L50, F|100/100
|-weather|Sandstorm|[from] ability: Sand Stream|[of] p1b: Tormentilla
|turn|1
|
|t:|1782331994
|move|p1a: Trinacria|Draco Meteor|p2a: Garchomp
|-supereffective|p2a: Garchomp|1
|-damage|p2a: Garchomp|0 fnt
|-unboost|p1a: Trinacria|spa|2
|faint|p2a: Garchomp
|move|p1b: Tormentilla|Knock Off|p2b: Aegislash
|-supereffective|p2b: Aegislash|1
|-damage|p2b: Aegislash|17/100
|-enditem|p2b: Aegislash|Spell Tag|[from] move: Knock Off|[of] p1b: Tormentilla
|-formechange|p2b: Aegislash|Aegislash-Blade|
|move|p2b: Aegislash|Iron Head|p1b: Tormentilla
|-supereffective|p1b: Tormentilla|1
|-damage|p1b: Tormentilla|23/100
|
|-weather|Sandstorm|[upkeep]
|-damage|p1a: Trinacria|94/100|[from] Sandstorm
|upkeep
|
|t:|1782332012
|switch|p2a: Oranguru|Oranguru, L50, F|100/100
|turn|2
|inactive|Curebo has 30 seconds left.
|
|t:|1782332046
|switch|p1a: o7|Houndstone, L50, F, shiny|100/100
|move|p1b: Tormentilla|Knock Off|p2b: Aegislash
|-supereffective|p2b: Aegislash|1
|-damage|p2b: Aegislash|0 fnt
|faint|p2b: Aegislash
|move|p2a: Oranguru|Trick Room|p2a: Oranguru
|-fieldstart|move: Trick Room|[of] p2a: Oranguru
|
|-weather|Sandstorm|[upkeep]
|-damage|p2a: Oranguru|93/100|[from] Sandstorm
|upkeep
|
|t:|1782332055
|switch|p2b: Abomasnow|Abomasnow, L50, M|100/100
|-weather|Snowscape|[from] ability: Snow Warning|[of] p2b: Abomasnow
|turn|3
|inactive|Curebo has 30 seconds left.
|
|t:|1782332084
|detailschange|p2b: Abomasnow|Abomasnow-Mega, L50, M
|-mega|p2b: Abomasnow|Abomasnow|Abomasite
|detailschange|p1b: Tormentilla|Tyranitar-Mega, L50, M, shiny
|-mega|p1b: Tormentilla|Tyranitar|Tyranitarite
|-weather|Sandstorm|[from] ability: Sand Stream|[of] p1b: Tormentilla
|move|p2b: Abomasnow|Blizzard|p1b: Tormentilla|[spread] 
|-miss|p2b: Abomasnow|p1a: o7
|-miss|p2b: Abomasnow|p1b: Tormentilla
|move|p2a: Oranguru|Instruct|p2b: Abomasnow
|-singleturn|p2b: Abomasnow|move: Instruct|[of] p2a: Oranguru
|move|p2b: Abomasnow|Blizzard|p1b: Tormentilla|[spread] p1a,p1b
|-crit|p1b: Tormentilla
|-damage|p1a: o7|44/100
|-damage|p1b: Tormentilla|0 fnt
|-enditem|p1a: o7|Sitrus Berry|[eat]
|-heal|p1a: o7|69/100|[from] item: Sitrus Berry
|faint|p1b: Tormentilla
|move|p1a: o7|Body Press|p2b: Abomasnow
|-supereffective|p2b: Abomasnow|1
|-damage|p2b: Abomasnow|60/100
|
|-weather|Sandstorm|[upkeep]
|-damage|p2b: Abomasnow|54/100|[from] Sandstorm
|-damage|p2a: Oranguru|87/100|[from] Sandstorm
|upkeep
|
|t:|1782332103
|switch|p1b: Corvo della notte|Corviknight, L50, F, shiny|100/100
|turn|4
|
|t:|1782332118
|move|p2b: Abomasnow|Blizzard|p1a: o7|[spread] p1a
|-miss|p2b: Abomasnow|p1b: Corvo della notte
|-damage|p1a: o7|21/100
|move|p2a: Oranguru|Instruct|p2b: Abomasnow
|-singleturn|p2b: Abomasnow|move: Instruct|[of] p2a: Oranguru
|move|p2b: Abomasnow|Blizzard|p1b: Corvo della notte|[spread] p1a
|-miss|p2b: Abomasnow|p1b: Corvo della notte
|-crit|p1a: o7
|-damage|p1a: o7|0 fnt
|faint|p1a: o7
|move|p1b: Corvo della notte|Brave Bird|p2b: Abomasnow
|-supereffective|p2b: Abomasnow|1
|-damage|p2b: Abomasnow|0 fnt
|faint|p2b: Abomasnow
|-damage|p1b: Corvo della notte|82/100|[from] Recoil
|
|-weather|Sandstorm|[upkeep]
|-damage|p2a: Oranguru|81/100|[from] Sandstorm
|-heal|p1b: Corvo della notte|88/100|[from] item: Leftovers
|upkeep
|
|t:|1782332121
|switch|p1a: Trinacria|Hydreigon, L50, M, shiny|94/100
|turn|5
|-message|Lachusa143 forfeited.
|
|win|Curebo
|l|☆Lachusa143
|player|p2|
||Curebo is ready for game 3.
||Lachusa143 is ready for game 3.
|uhtml|next|Next: Game 3 of 3
