|j|☆jacre22
|j|☆Djjwjwwjj
|html|jacre22Djjwjwwjj    
|uhtml|bestof|Game 1 of a best-of-3
|t:|1756184179
|gametype|doubles
|player|p1|jacre22|iris-gen5bw2|1320
|player|p2|Djjwjwwjj|102|1241
|gen|9
|tier|[Gen 9] VGC 2025 Reg H (Bo3)
|rated|
|rule|Species Clause: Limit one of each Pokémon
|rule|Item Clause: Limit 1 of each item
|clearpoke
|poke|p1|Whimsicott, L50, F|
|poke|p1|Garchomp, L50, F|
|poke|p1|Gholdengo, L50|
|poke|p1|Incineroar, L50, M|
|poke|p1|Sneasler, L50, F|
|poke|p1|Dragonite, L50, M|
|poke|p2|Palafin, L50, F|
|poke|p2|Archaludon, L50, F|
|poke|p2|Pelipper, L50, F|
|poke|p2|Incineroar, L50, M|
|poke|p2|Sinistcha-Masterpiece, L50|
|poke|p2|Dragonite, L50, M|
|teampreview|4
|showteam|p1|Whimsicott||FocusSash|Prankster|Moonblast,Tailwind,Encore,Protect|||F|||50|,,,,,Ghost]Garchomp||LifeOrb|RoughSkin|Earthquake,DragonClaw,StompingTantrum,Protect|||F|||50|,,,,,Ground]Gholdengo||ChoiceSpecs|GoodasGold|MakeItRain,ShadowBall,Trick,PowerGem||||||50|,,,,,Steel]Incineroar||AssaultVest|Intimidate|FakeOut,FlareBlitz,KnockOff,Uturn|||M|||50|,,,,,Grass]Sneasler||WhiteHerb|Unburden|FakeOut,DireClaw,CloseCombat,Protect|||F|||50|,,,,,Stellar]Dragonite||ChoiceBand|InnerFocus|ExtremeSpeed,Outrage,IceSpinner,StompingTantrum|||M|||50|,,,,,Normal
|showteam|p2|Palafin||MysticWater|ZerotoHero|Protect,FlipTurn,JetPunch,WaveCrash|||F|||50|,,,,,Water]Archaludon||AssaultVest|Stamina|Snarl,BodyPress,ElectroShot,DragonPulse|||F|||50|,,,,,Grass]Pelipper||CovertCloak|Drizzle|Protect,Uturn,Hurricane,WeatherBall|||F|||50|,,,,,Steel]Incineroar||SafetyGoggles|Intimidate|FakeOut,PartingShot,KnockOff,Taunt|||M|||50|,,,,,Ghost]Sinistcha-Masterpiece||SitrusBerry|Hospitality|RagePowder,MatchaGotcha,StrengthSap,Protect||||||50|,,,,,Dark]Dragonite||LoadedDice|Multiscale|Protect,Tailwind,ScaleShot,Haze|||M|||50|,,,,,Fairy
|inactive|Battle timer is ON: inactive players will automatically lose when time's up. (requested by Djjwjwwjj)
|inactive|Djjwjwwjj has 60 seconds left.
|
|t:|1756184217
|teamsize|p1|4
|teamsize|p2|4
|start
|switch|p1a: Whimsicott|Whimsicott, L50, F|100/100
|switch|p1b: Gholdengo|Gholdengo, L50|100/100
|switch|p2a: Incineroar|Incineroar, L50, M|100/100
|switch|p2b: Archaludon|Archaludon, L50, F|100/100
|-ability|p2a: Incineroar|Intimidate|boost
|-unboost|p1a: Whimsicott|atk|1
|-unboost|p1b: Gholdengo|atk|1
|turn|1
|inactive|jacre22 has 30 seconds left.
|inactive|Djjwjwwjj has 30 seconds left.
|inactive|jacre22 has 20 seconds left.
|inactive|Djjwjwwjj has 20 seconds left.
|inactive|jacre22 has 15 seconds left.
|
|t:|1756184259
|switch|p2a: Pelipper|Pelipper, L50, F|100/100
|-weather|RainDance|[from] ability: Drizzle|[of] p2a: Pelipper
|move|p1a: Whimsicott|Moonblast|p2a: Pelipper
|-damage|p2a: Pelipper|45/100
|move|p1b: Gholdengo|Power Gem|p2a: Pelipper
|-supereffective|p2a: Pelipper
|-damage|p2a: Pelipper|0 fnt
|faint|p2a: Pelipper
|move|p2b: Archaludon|Electro Shot||[still]
|-prepare|p2b: Archaludon|Electro Shot
|-boost|p2b: Archaludon|spa|1
|-anim|p2b: Archaludon|Electro Shot|p1b: Gholdengo
|-damage|p1b: Gholdengo|27/100
|
|-weather|RainDance|[upkeep]
|upkeep
|
|t:|1756184284
|switch|p2a: Incineroar|Incineroar, L50, M|100/100
|-ability|p2a: Incineroar|Intimidate|boost
|-unboost|p1a: Whimsicott|atk|1
|-unboost|p1b: Gholdengo|atk|1
|turn|2
|
|t:|1756184293
|move|p1a: Whimsicott|Protect|p1a: Whimsicott
|-singleturn|p1a: Whimsicott|Protect
|move|p2a: Incineroar|Fake Out|p1a: Whimsicott
|-activate|p1a: Whimsicott|move: Protect
|move|p1b: Gholdengo|Power Gem|p2a: Incineroar
|-supereffective|p2a: Incineroar
|-damage|p2a: Incineroar|12/100
|move|p2b: Archaludon|Electro Shot||[still]
|-prepare|p2b: Archaludon|Electro Shot
|-boost|p2b: Archaludon|spa|1
|-anim|p2b: Archaludon|Electro Shot|p1b: Gholdengo
|-damage|p1b: Gholdengo|0 fnt
|faint|p1b: Gholdengo
|
|-weather|RainDance|[upkeep]
|upkeep
|inactive|jacre22 has 30 seconds left.
|
|t:|1756184327
|switch|p1b: Sneasler|Sneasler, L50, F|100/100
|turn|3
|
|t:|1756184343
|switch|p2a: Sinistcha|Sinistcha-Masterpiece, L50|100/100
|move|p1b: Sneasler|Fake Out|p2b: Archaludon
|-resisted|p2b: Archaludon
|-damage|p2b: Archaludon|95/100
|-ability|p2b: Archaludon|Stamina|boost
|-boost|p2b: Archaludon|def|1
|move|p1a: Whimsicott|Moonblast|p2a: Sinistcha
|-damage|p2a: Sinistcha|70/100
|cant|p2b: Archaludon|flinch
|
|-weather|RainDance|[upkeep]
|upkeep
|turn|4
|inactive|Djjwjwwjj has 30 seconds left.
|
|t:|1756184372
|switch|p1b: Dragonite|Dragonite, L50, M|100/100
|move|p1a: Whimsicott|Tailwind|p1a: Whimsicott
|-sidestart|p1: jacre22|move: Tailwind
|move|p2b: Archaludon|Electro Shot||[still]
|-prepare|p2b: Archaludon|Electro Shot
|-boost|p2b: Archaludon|spa|1
|-anim|p2b: Archaludon|Electro Shot|p1a: Whimsicott
|-resisted|p1a: Whimsicott
|-damage|p1a: Whimsicott|20/100
|move|p2a: Sinistcha|Strength Sap|p1b: Dragonite
|-unboost|p1b: Dragonite|atk|1
|-heal|p2a: Sinistcha|100/100
|
|-weather|RainDance|[upkeep]
|upkeep
|turn|5
|
|t:|1756184395
|move|p1a: Whimsicott|Moonblast|p2a: Sinistcha
|-damage|p2a: Sinistcha|70/100
|move|p1b: Dragonite|Outrage|p2b: Archaludon
|-damage|p2b: Archaludon|60/100
|-ability|p2b: Archaludon|Stamina|boost
|-boost|p2b: Archaludon|def|1
|move|p2b: Archaludon|Electro Shot||[still]
|-prepare|p2b: Archaludon|Electro Shot
|-boost|p2b: Archaludon|spa|1
|-anim|p2b: Archaludon|Electro Shot|p1b: Dragonite
|-damage|p1b: Dragonite|0 fnt
|faint|p1b: Dragonite
|move|p2a: Sinistcha|Strength Sap|p1a: Whimsicott
|-unboost|p1a: Whimsicott|atk|1
|-heal|p2a: Sinistcha|92/100
|
|-weather|none
|upkeep
|
|t:|1756184410
|switch|p1b: Sneasler|Sneasler, L50, F|100/100
|turn|6
|
|t:|1756184421
|-terastallize|p1b: Sneasler|Stellar
|move|p2a: Sinistcha|Rage Powder|p2a: Sinistcha
|-singleturn|p2a: Sinistcha|move: Rage Powder
|move|p1b: Sneasler|Dire Claw|p2a: Sinistcha
|-damage|p2a: Sinistcha|42/100
|-enditem|p2a: Sinistcha|Sitrus Berry|[eat]
|-heal|p2a: Sinistcha|66/100|[from] item: Sitrus Berry
|move|p1a: Whimsicott|Moonblast|p2b: Archaludon
|-damage|p2b: Archaludon|33/100
|-unboost|p2b: Archaludon|spa|1
|-ability|p2b: Archaludon|Stamina|boost
|-boost|p2b: Archaludon|def|1
|move|p2b: Archaludon|Dragon Pulse|p1b: Sneasler
|-damage|p1b: Sneasler|0 fnt
|faint|p1b: Sneasler
|
|upkeep
|turn|7
|
|t:|1756184446
|move|p1a: Whimsicott|Moonblast|p2b: Archaludon
|-damage|p2b: Archaludon|10/100
|-ability|p2b: Archaludon|Stamina|boost
|-boost|p2b: Archaludon|def|1
|move|p2b: Archaludon|Body Press|p1a: Whimsicott
|-resisted|p1a: Whimsicott
|-damage|p1a: Whimsicott|0 fnt
|faint|p1a: Whimsicott
|
|win|Djjwjwwjj
||jacre22 is ready for game 2.
||Djjwjwwjj is ready for game 2.
|uhtml|next|Next: Game 2 of 3
