|j|â˜†MaxwellBaker
|j|â˜†CrawlingKingSnake
|html|MaxwellBakerCrawlingKingSnake    
|uhtml|bestof|Game 2 of a best-of-3
|t:|1784836343
|gametype|doubles
|player|p1|MaxwellBaker|102|1140
|player|p2|CrawlingKingSnake|kamado-armor|1079
|gen|9
|tier|[Gen 9 Champions] VGC 2026 Reg M-B (Bo3)
|rated|
|rule|Species Clause: Limit one of each PokÃ©mon
|rule|Item Clause: Limit 1 of each item
|clearpoke
|poke|p1|Decidueye-Hisui, L50, M|
|poke|p1|Florges, L50, F|
|poke|p1|Raichu, L50, F|
|poke|p1|Incineroar, L50, F|
|poke|p1|Staraptor, L50, F|
|poke|p1|Milotic, L50, F|
|poke|p2|Floette-Eternal, L50, F|
|poke|p2|Palafin, L50, F, shiny|
|poke|p2|Incineroar, L50, M|
|poke|p2|Toxapex, L50, F|
|poke|p2|Delphox, L50, M|
|poke|p2|Kingambit, L50, M|
|teampreview|4
|showteam|p1|Decidueye-Hisui||ScopeLens|Scrappy|TripleArrows,LeafBlade,SuckerPunch,Protect|Jolly||M|||50|]Florges||LifeOrb|FlowerVeil|Moonblast,Psychic,PollenPuff,Protect|Modest||F|||50|]Raichu||RaichuniteY|LightningRod|FakeOut,ZapCannon,FocusBlast,Protect|Timid||F|||50|]Incineroar||SitrusBerry|Intimidate|FakeOut,FlareBlitz,ThroatChop,PartingShot|Careful||F|||50|]Staraptor||Staraptite|Intimidate|BraveBird,CloseCombat,Tailwind,Protect|Jolly||F|||50|]Milotic||Leftovers|Competitive|Scald,IceBeam,Haze,Protect|Bold||F|||50|
|showteam|p2|Floette-Eternal||Floettite|FlowerVeil|DazzlingGleam,DrainingKiss,CalmMind,Protect|Modest||F|||50|]Palafin||LifeOrb|ZerotoHero|WaveCrash,JetPunch,CloseCombat,Protect|Adamant||F|||50|]Incineroar||SitrusBerry|Intimidate|FlareBlitz,FakeOut,DarkestLariat,PartingShot|Careful||M|||50|]Toxapex||Leftovers|Regenerator|Infestation,Toxic,WideGuard,BanefulBunker|Bold||F|||50|]Delphox||Delphoxite|Blaze|HeatWave,Psychic,NastyPlot,Protect|Timid||M|||50|]Kingambit||FocusSash|Defiant|KowtowCleave,SuckerPunch,IronHead,LowKick|Adamant||M|||50|
|inactive|Battle timer is ON: inactive players will automatically lose when time's up. (requested by CrawlingKingSnake)
|inactive|MaxwellBaker has 60 seconds left.
|
|t:|1784836383
|teamsize|p1|4
|teamsize|p2|4
|start
|switch|p1a: Florges|Florges, L50, F|100/100
|switch|p1b: Milotic|Milotic, L50, F|100/100
|switch|p2a: Kingambit|Kingambit, L50, M|100/100
|switch|p2b: Floette|Floette-Eternal, L50, F|100/100
|turn|1
|
|t:|1784836404
|switch|p2b: Toxapex|Toxapex, L50, F|100/100
|move|p2a: Kingambit|Iron Head|p1a: Florges
|-supereffective|p1a: Florges|1
|-damage|p1a: Florges|0 fnt
|faint|p1a: Florges
|move|p1b: Milotic|Scald|p2a: Kingambit
|-damage|p2a: Kingambit|61/100
|-status|p2a: Kingambit|brn
|
|-damage|p2a: Kingambit|55/100 brn|[from] brn
|upkeep
|c|â˜†MaxwellBaker|VERY FAST KG
|inactive|MaxwellBaker has 30 seconds left.
|
|t:|1784836430
|switch|p1a: Raichu|Raichu, L50, F|100/100
|turn|2
|inactive|MaxwellBaker has 30 seconds left.
|inactive|MaxwellBaker has 20 seconds left.
|
|t:|1784836465
|detailschange|p1a: Raichu|Raichu-Mega-Y, L50, F
|-mega|p1a: Raichu|Raichu|Raichunite Y
|move|p2b: Toxapex|Baneful Bunker|p2b: Toxapex
|-singleturn|p2b: Toxapex|move: Protect
|move|p2a: Kingambit|Sucker Punch|p1a: Raichu
|-damage|p1a: Raichu|67/100
|move|p1a: Raichu|Zap Cannon|p2b: Toxapex
|-activate|p2b: Toxapex|move: Protect
|move|p1b: Milotic|Scald|p2a: Kingambit
|-damage|p2a: Kingambit|23/100 brn
|
|-damage|p2a: Kingambit|17/100 brn|[from] brn
|upkeep
|turn|3
|inactive|CrawlingKingSnake has 30 seconds left.
|
|t:|1784836490
|switch|p2b: Incineroar|Incineroar, L50, M|100/100
|-ability|p2b: Incineroar|Intimidate|boost
|-unboost|p1a: Raichu|atk|1
|-unboost|p1b: Milotic|atk|1
|-ability|p1b: Milotic|Competitive|boost
|-boost|p1b: Milotic|spa|2
|move|p1a: Raichu|Zap Cannon|p2b: Incineroar
|-damage|p2b: Incineroar|44/100
|-status|p2b: Incineroar|par
|-enditem|p2b: Incineroar|Sitrus Berry|[eat]
|-heal|p2b: Incineroar|69/100 par|[from] item: Sitrus Berry
|move|p2a: Kingambit|Kowtow Cleave|p1a: Raichu
|-damage|p1a: Raichu|31/100
|move|p1b: Milotic|Scald|p2a: Kingambit
|-damage|p2a: Kingambit|0 fnt
|faint|p2a: Kingambit
|
|upkeep
|
|t:|1784836505
|switch|p2a: Floette|Floette-Eternal, L50, F|100/100
|turn|4
|
|t:|1784836518
|detailschange|p2a: Floette|Floette-Mega, L50, F
|-mega|p2a: Floette|Floette|Floettite
|-ability|p2a: Floette|Fairy Aura
|move|p1a: Raichu|Protect|p1a: Raichu
|-singleturn|p1a: Raichu|Protect
|move|p2b: Incineroar|Fake Out|p1a: Raichu
|-activate|p1a: Raichu|move: Protect
|move|p2a: Floette|Calm Mind|p2a: Floette
|-boost|p2a: Floette|spa|1
|-boost|p2a: Floette|spd|1
|move|p1b: Milotic|Scald|p2b: Incineroar
|-supereffective|p2b: Incineroar|1
|-damage|p2b: Incineroar|0 fnt
|faint|p2b: Incineroar
|
|upkeep
|
|t:|1784836526
|switch|p2b: Toxapex|Toxapex, L50, F|100/100
|turn|5
|inactive|MaxwellBaker has 30 seconds left.
|inactive|MaxwellBaker has 20 seconds left.
|inactive|MaxwellBaker has 15 seconds left.
|
|t:|1784836567
|switch|p1a: Decidueye|Decidueye-Hisui, L50, M|100/100
|move|p2b: Toxapex|Baneful Bunker|p2b: Toxapex
|-singleturn|p2b: Toxapex|move: Protect
|move|p2a: Floette|Dazzling Gleam|p1b: Milotic|[spread] p1a,p1b
|-supereffective|p1a: Decidueye|1
|-damage|p1a: Decidueye|0 fnt
|-damage|p1b: Milotic|54/100
|faint|p1a: Decidueye
|move|p1b: Milotic|Scald|p2a: Floette
|-damage|p2a: Floette|71/100
|
|-heal|p1b: Milotic|60/100|[from] item: Leftovers
|upkeep
|
|t:|1784836579
|switch|p1a: Raichu|Raichu-Mega-Y, L50, F|31/100
|turn|6
|inactive|MaxwellBaker has 30 seconds left.
|
|t:|1784836612
|move|p1a: Raichu|Zap Cannon|p2b: Toxapex
|-supereffective|p2b: Toxapex|1
|-damage|p2b: Toxapex|4/100
|-status|p2b: Toxapex|par
|move|p2a: Floette|Dazzling Gleam|p1a: Raichu|[spread] p1a,p1b
|-damage|p1a: Raichu|0 fnt
|-damage|p1b: Milotic|14/100
|faint|p1a: Raichu
|move|p1b: Milotic|Scald|p2a: Floette
|-damage|p2a: Floette|43/100
|move|p2b: Toxapex|Toxic|p1b: Milotic
|-status|p1b: Milotic|tox
|
|-heal|p1b: Milotic|20/100y tox|[from] item: Leftovers
|-heal|p2b: Toxapex|10/100 par|[from] item: Leftovers
|-damage|p1b: Milotic|14/100 tox|[from] psn
|upkeep
|turn|7
|c|â˜†MaxwellBaker|ggs
|
|t:|1784836630
|move|p2a: Floette|Draining Kiss|p1b: Milotic
|-crit|p1b: Milotic
|-damage|p1b: Milotic|0 fnt
|-heal|p2a: Floette|56/100|[from] drain|[of] p1b: Milotic
|faint|p1b: Milotic
|
|win|CrawlingKingSnake
|raw|MaxwellBaker's rating: 1140 → 1111(-29 for losing)
|raw|CrawlingKingSnake's rating: 1079 → 1112(+33 for winning)
