|j|☆mudkipc4
|j|☆kmone
|html|mudkipc4kmone    
|uhtml|bestof|Game 2 of a best-of-3
|t:|1783183389
|gametype|doubles
|player|p1|mudkipc4|pokemaniac|1240
|player|p2|kmone|266|1097
|gen|9
|tier|[Gen 9 Champions] VGC 2026 Reg M-B (Bo3)
|rated|
|rule|Species Clause: Limit one of each Pokémon
|rule|Item Clause: Limit 1 of each item
|clearpoke
|poke|p1|Mawile, L50, M|
|poke|p1|Farigiraf, L50, F|
|poke|p1|Torkoal, L50, M|
|poke|p1|Gengar, L50, M|
|poke|p1|Grimmsnarl, L50, M|
|poke|p1|Hydreigon, L50, F|
|poke|p2|Raichu, L50, M|
|poke|p2|Basculegion, L50, M|
|poke|p2|Garchomp, L50, F|
|poke|p2|Kingambit, L50, F|
|poke|p2|Whimsicott, L50, F|
|poke|p2|Ninetales-Alola, L50, M|
|teampreview|4
|showteam|p1|Mawile||Mawilite|Intimidate|PlayRough,IronHead,SuckerPunch,Protect|Brave||M|||50|]Farigiraf||SitrusBerry|ArmorTail|TrickRoom,Psychic,Protect,Imprison|Bold||F|||50|]Torkoal||Charcoal|Drought|Yawn,WeatherBall,Eruption,Protect|Quiet||M|||50|]Gengar||Gengarite|CursedBody|SludgeBomb,ShadowBall,Protect,WillOWisp|Timid||M|||50|]Grimmsnarl||LightClay|Prankster|FakeOut,PartingShot,Reflect,SpiritBreak|Impish||M|||50|]Hydreigon||ChoiceScarf|Levitate|DarkPulse,DracoMeteor,EarthPower,Snarl|Modest||F|||50|
|showteam|p2|Raichu||RaichuniteY|LightningRod|ZapCannon,FocusBlast,Protect,FakeOut|Timid||M|||50|]Basculegion||LifeOrb|Adaptability|LastRespects,WaveCrash,AquaJet,Protect|Adamant||M|||50|]Garchomp||SitrusBerry|RoughSkin|Earthquake,RockSlide,DragonClaw,PoisonJab|Adamant||F|||50|]Kingambit||BlackGlasses|SupremeOverlord|KowtowCleave,IronHead,SuckerPunch,Protect|Adamant||F|||50|]Whimsicott||FocusSash|Prankster|Moonblast,Tailwind,Encore,Protect|Timid||F|||50|]Ninetales-Alola||NeverMeltIce|SnowWarning|Blizzard,FreezeDry,RainDance,Protect|Timid||M|||50|
|
|t:|1783183417
|teamsize|p1|4
|teamsize|p2|4
|start
|switch|p1a: Slow it Down|Grimmsnarl, L50, M|100/100
|switch|p1b: ProtecYaNecK|Farigiraf, L50, F|100/100
|switch|p2a: Kingambit|Kingambit, L50, F|100/100
|switch|p2b: Raichu|Raichu, L50, M|100/100
|turn|1
|
|t:|1783183428
|detailschange|p2b: Raichu|Raichu-Mega-Y, L50, M
|-mega|p2b: Raichu|Raichu|Raichunite Y
|move|p1a: Slow it Down|Fake Out|p2a: Kingambit
|-resisted|p2a: Kingambit|1
|-damage|p2a: Kingambit|96/100
|move|p2b: Raichu|Zap Cannon|p1b: ProtecYaNecK
|-damage|p1b: ProtecYaNecK|44/100
|-status|p1b: ProtecYaNecK|par
|-enditem|p1b: ProtecYaNecK|Sitrus Berry|[eat]
|-heal|p1b: ProtecYaNecK|69/100 par|[from] item: Sitrus Berry
|cant|p2a: Kingambit|flinch
|move|p1b: ProtecYaNecK|Trick Room|p1b: ProtecYaNecK
|-fieldstart|move: Trick Room|[of] p1b: ProtecYaNecK
|
|upkeep
|turn|2
|
|t:|1783183448
|move|p1b: ProtecYaNecK|Psychic|p2b: Raichu
|-damage|p2b: Raichu|55/100
|move|p2a: Kingambit|Kowtow Cleave|p1b: ProtecYaNecK
|-supereffective|p1b: ProtecYaNecK|1
|-damage|p1b: ProtecYaNecK|0 fnt
|faint|p1b: ProtecYaNecK
|move|p1a: Slow it Down|Spirit Break|p2b: Raichu
|-damage|p2b: Raichu|18/100
|-unboost|p2b: Raichu|spa|1
|move|p2b: Raichu|Zap Cannon|p1a: Slow it Down
|-damage|p1a: Slow it Down|56/100
|-status|p1a: Slow it Down|par
|
|upkeep
|
|t:|1783183456
|switch|p1b: Ring of Fire|Torkoal, L50, M|100/100
|-weather|SunnyDay|[from] ability: Drought|[of] p1b: Ring of Fire
|turn|3
|
|t:|1783183465
|switch|p2b: Ninetales|Ninetales-Alola, L50, M|100/100
|-weather|Snowscape|[from] ability: Snow Warning|[of] p2b: Ninetales
|move|p1a: Slow it Down|Reflect|p1a: Slow it Down
|-sidestart|p1: mudkipc4|Reflect
|move|p1b: Ring of Fire|Eruption|p2a: Kingambit|[spread] p2a,p2b
|-supereffective|p2a: Kingambit|1
|-supereffective|p2b: Ninetales|1
|-damage|p2a: Kingambit|0 fnt
|-damage|p2b: Ninetales|0 fnt
|faint|p2a: Kingambit
|-end|p2a: Kingambit|fallenundefined|[silent]
|faint|p2b: Ninetales
|
|-weather|Snowscape|[upkeep]
|upkeep
|
|t:|1783183474
|switch|p2a: Raichu|Raichu-Mega-Y, L50, M|18/100
|switch|p2b: Basculegion|Basculegion, L50, M|100/100
|turn|4
|
|t:|1783183484
|switch|p1b: Barracuda|Mawile, L50, M|100/100
|-ability|p1b: Barracuda|Intimidate|boost
|-unboost|p2a: Raichu|atk|1
|-unboost|p2b: Basculegion|atk|1
|move|p2a: Raichu|Protect|p2a: Raichu
|-singleturn|p2a: Raichu|Protect
|move|p1a: Slow it Down|Parting Shot|p2b: Basculegion
|-unboost|p2b: Basculegion|atk|1
|-unboost|p2b: Basculegion|spa|1
|
|t:|1783183491
|switch|p1a: Ring of Fire|Torkoal, L50, M|100/100|[from] Parting Shot
|-weather|SunnyDay|[from] ability: Drought|[of] p1a: Ring of Fire
|move|p2b: Basculegion|Aqua Jet|p1b: Barracuda
|-damage|p1b: Barracuda|93/100
|-damage|p2b: Basculegion|90/100|[from] item: Life Orb
|
|-weather|SunnyDay|[upkeep]
|upkeep
|turn|5
|-message|kmone forfeited.
|
|win|mudkipc4
|raw|mudkipc4's rating: 1240 → 1255(+15 for winning)
|raw|kmone's rating: 1097 → 1082(-15 for losing)
|l|☆kmone
|player|p2|
|c|☆mudkipc4|gg
