|j|☆Navizz0
|j|☆ariel.mr_
|html|Navizz0ariel.mr_    
|uhtml|bestof|Game 2 of a best-of-3
|t:|1783679240
|gametype|doubles
|player|p1|Navizz0|ethan|1234
|player|p2|ariel.mr_|hilbert|1284
|gen|9
|tier|[Gen 9 Champions] VGC 2026 Reg M-B (Bo3)
|rated|
|rule|Species Clause: Limit one of each Pokémon
|rule|Item Clause: Limit 1 of each item
|clearpoke
|poke|p1|Blaziken, L50, F|
|poke|p1|Basculegion, L50, M|
|poke|p1|Farigiraf, L50, F|
|poke|p1|Aerodactyl, L50, M|
|poke|p1|Kingambit, L50, M|
|poke|p1|Ninetales-Alola, L50, F|
|poke|p2|Charizard, L50, M, shiny|
|poke|p2|Kingambit, L50, M|
|poke|p2|Sylveon, L50, M|
|poke|p2|Garchomp, L50, M|
|poke|p2|Aerodactyl, L50, F|
|poke|p2|Farigiraf, L50, F|
|teampreview|4
|showteam|p1|Blaziken||Blazikenite|SpeedBoost|AuraSphere,HeatWave,ScorchingSands,Protect|Modest||F|||50|]Basculegion||ChoiceScarf|Adaptability|LastRespects,WaveCrash,AquaJet,FlipTurn|Jolly||M|||50|]Farigiraf||SitrusBerry|ArmorTail|FoulPlay,TwinBeam,Protect,TrickRoom|Calm||F|||50|]Aerodactyl||Aerodactylite|Unnerve|RockSlide,DualWingbeat,Protect,Tailwind|Jolly||M|||50|]Kingambit||BlackGlasses|Defiant|SuckerPunch,IronHead,Protect,KowtowCleave|Adamant||M|||50|]Ninetales-Alola||LifeOrb|SnowWarning|Blizzard,FreezeDry,Moonblast,Protect|Timid||F|||50|
|showteam|p2|Charizard||CharizarditeY|SolarPower|Protect,HeatWave,SolarBeam,WeatherBall|Modest||M|||50|]Kingambit||FocusSash|Defiant|IronHead,SuckerPunch,KowtowCleave,LowKick|Adamant||M|||50|]Sylveon||FairyFeather|Pixilate|Protect,HyperVoice,HyperBeam,QuickAttack|Modest||M|||50|]Garchomp||LifeOrb|RoughSkin|Protect,DragonClaw,Earthquake,RockSlide|Jolly||M|||50|]Aerodactyl||Aerodactylite|Unnerve|IceFang,RockSlide,Tailwind,DualWingbeat|Jolly||F|||50|]Farigiraf||SitrusBerry|ArmorTail|TrickRoom,Psychic,Thunderbolt,Roar|Bold||F|||50|
|inactive|Battle timer is ON: inactive players will automatically lose when time's up. (requested by Navizz0)
|inactive|ariel.mr_ also wants the timer to be on.
|
|t:|1783679254
|teamsize|p1|4
|teamsize|p2|4
|start
|switch|p1a: Aerodactyl|Aerodactyl, L50, M|100/100
|switch|p1b: Blaziken|Blaziken, L50, F|100/100
|switch|p2a: Kingambit|Kingambit, L50, M|100/100
|switch|p2b: Aerodactyl|Aerodactyl, L50, F|100/100
|-ability|p1a: Aerodactyl|Unnerve
|-ability|p2b: Aerodactyl|Unnerve
|turn|1
|
|t:|1783679271
|detailschange|p2b: Aerodactyl|Aerodactyl-Mega, L50, F
|-mega|p2b: Aerodactyl|Aerodactyl|Aerodactylite
|move|p1b: Blaziken|Protect|p1b: Blaziken
|-singleturn|p1b: Blaziken|Protect
|move|p2b: Aerodactyl|Rock Slide|p1b: Blaziken|[spread] p1a
|-activate|p1b: Blaziken|move: Protect
|-supereffective|p1a: Aerodactyl|1
|-damage|p1a: Aerodactyl|12/100
|move|p1a: Aerodactyl|Tailwind|p1a: Aerodactyl
|-sidestart|p1: Navizz0|move: Tailwind
|move|p2a: Kingambit|Iron Head|p1a: Aerodactyl
|-supereffective|p1a: Aerodactyl|1
|-crit|p1a: Aerodactyl
|-damage|p1a: Aerodactyl|0 fnt
|faint|p1a: Aerodactyl
|
|-ability|p1b: Blaziken|Speed Boost|boost
|-boost|p1b: Blaziken|spe|1
|upkeep
|
|t:|1783679277
|switch|p1a: Ninetales|Ninetales-Alola, L50, F|100/100
|-weather|Snowscape|[from] ability: Snow Warning|[of] p1a: Ninetales
|turn|2
|inactive|ariel.mr_ has 30 seconds left.
|
|t:|1783679303
|detailschange|p1b: Blaziken|Blaziken-Mega, L50, F
|-mega|p1b: Blaziken|Blaziken|Blazikenite
|move|p1b: Blaziken|Aura Sphere|p2a: Kingambit
|-supereffective|p2a: Kingambit|2
|-enditem|p2a: Kingambit|Focus Sash
|-damage|p2a: Kingambit|1/100
|move|p1a: Ninetales|Blizzard|p2b: Aerodactyl|[spread] p2a,p2b
|-resisted|p2a: Kingambit|1
|-supereffective|p2b: Aerodactyl|1
|-damage|p2a: Kingambit|0 fnt
|-damage|p2b: Aerodactyl|19/100
|faint|p2a: Kingambit
|-damage|p1a: Ninetales|90/100|[from] item: Life Orb
|move|p2b: Aerodactyl|Tailwind|p2b: Aerodactyl
|-sidestart|p2: ariel.mr_|move: Tailwind
|
|-weather|Snowscape|[upkeep]
|-ability|p1b: Blaziken|Speed Boost|boost
|-boost|p1b: Blaziken|spe|1
|upkeep
|
|t:|1783679319
|switch|p2a: Garchomp|Garchomp, L50, M|100/100
|turn|3
|
|t:|1783679329
|move|p1b: Blaziken|Aura Sphere|p2b: Aerodactyl
|-damage|p2b: Aerodactyl|0 fnt
|faint|p2b: Aerodactyl
|move|p1a: Ninetales|Blizzard|p2a: Garchomp
|-supereffective|p2a: Garchomp|2
|-damage|p2a: Garchomp|0 fnt
|faint|p2a: Garchomp
|-damage|p1a: Ninetales|80/100|[from] item: Life Orb
|
|-weather|Snowscape|[upkeep]
|-ability|p1b: Blaziken|Speed Boost|boost
|-boost|p1b: Blaziken|spe|1
|upkeep
|
|t:|1783679337
|switch|p2a: Sylveon|Sylveon, L50, M|100/100
|turn|4
|
|t:|1783679340
|move|p1b: Blaziken|Heat Wave|p2a: Sylveon|[miss]
|-miss|p1b: Blaziken|p2a: Sylveon
|move|p1a: Ninetales|Blizzard|p2a: Sylveon
|-damage|p2a: Sylveon|55/100
|-damage|p1a: Ninetales|70/100|[from] item: Life Orb
|move|p2a: Sylveon|Hyper Voice|p1b: Blaziken|[spread] p1a,p1b
|-damage|p1a: Ninetales|15/100
|-damage|p1b: Blaziken|35/100
|
|-weather|Snowscape|[upkeep]
|-sideend|p1: Navizz0|move: Tailwind
|-ability|p1b: Blaziken|Speed Boost|boost
|-boost|p1b: Blaziken|spe|1
|upkeep
|turn|5
|
|t:|1783679352
|move|p1b: Blaziken|Protect|p1b: Blaziken
|-singleturn|p1b: Blaziken|Protect
|move|p1a: Ninetales|Protect|p1a: Ninetales
|-singleturn|p1a: Ninetales|Protect
|move|p2a: Sylveon|Hyper Voice|p1b: Blaziken|[spread] 
|-activate|p1a: Ninetales|move: Protect
|-activate|p1b: Blaziken|move: Protect
|
|-weather|Snowscape|[upkeep]
|-sideend|p2: ariel.mr_|move: Tailwind
|-ability|p1b: Blaziken|Speed Boost|boost
|-boost|p1b: Blaziken|spe|1
|upkeep
|turn|6
|
|t:|1783679356
|move|p1b: Blaziken|Heat Wave|p2a: Sylveon
|-damage|p2a: Sylveon|8/100
|move|p1a: Ninetales|Blizzard|p2a: Sylveon
|-damage|p2a: Sylveon|0 fnt
|faint|p2a: Sylveon
|-damage|p1a: Ninetales|5/100|[from] item: Life Orb
|
|win|Navizz0
||Navizz0 is ready for game 3.
||ariel.mr_ is ready for game 3.
|uhtml|next|Next: Game 3 of 3
|l|☆Navizz0
|player|p1|
