|j|☆Johannes100100
|j|☆nano jump
|html|Johannes100100nano jump    
|uhtml|bestof|Game 1 of a best-of-3
|t:|1757742588
|gametype|doubles
|player|p1|Johannes100100|2|1256
|player|p2|nano jump|steven-masters|1305
|gen|9
|tier|[Gen 9] VGC 2025 Reg H (Bo3)
|rated|
|rule|Species Clause: Limit one of each Pokémon
|rule|Item Clause: Limit 1 of each item
|clearpoke
|poke|p1|Gallade, L50, M|
|poke|p1|Indeedee-F, L50, F|
|poke|p1|Ursaluna, L50, M|
|poke|p1|Torkoal, L50, M|
|poke|p1|Hatterene, L50, F|
|poke|p1|Maushold, L50|
|poke|p2|Tyranitar, L50, F|
|poke|p2|Garchomp, L50, F|
|poke|p2|Gholdengo, L50|
|poke|p2|Kilowattrel, L50, M|
|poke|p2|Incineroar, L50, M|
|poke|p2|Amoonguss, L50, M|
|teampreview|4
|showteam|p1|Gallade||ClearAmulet|Sharpness|SacredSword,NightSlash,WideGuard,TrickRoom|||M|||50|,,,,,Dark]Indeedee-F||RockyHelmet|PsychicSurge|Psychic,FollowMe,HelpingHand,TrickRoom|||F|||50|,,,,,Grass]Ursaluna||FlameOrb|Guts|Protect,HeadlongRush,Facade,Earthquake|||M|||50|,,,,,Ghost]Torkoal||Charcoal|Drought|Protect,Eruption,WeatherBall,ClearSmog|||M|||50|,,,,,Fire]Hatterene||CovertCloak|MagicBounce|ExpandingForce,DazzlingGleam,MysticalFire,TrickRoom|||F|||50|,,,,,Fire]Maushold||WideLens|Technician|Protect,PopulationBomb,FollowMe,Taunt||||||50|,,,,,Poison
|showteam|p2|Tyranitar||AssaultVest|SandStream|RockSlide,KnockOff,TeraBlast,LowKick|||F|||50|,,,,,Flying]Garchomp||LifeOrb|RoughSkin|Earthquake,StompingTantrum,DragonClaw,Protect|||F|||50|,,,,,Fire]Gholdengo||MetalCoat|GoodasGold|MakeItRain,ShadowBall,NastyPlot,Protect||||||50|,,,,,Flying]Kilowattrel||CovertCloak|Competitive|AirSlash,Tailwind,Thunderbolt,Protect|||M|||50|,,,,,Fairy]Incineroar||SafetyGoggles|Intimidate|FlareBlitz,KnockOff,FakeOut,PartingShot|||M|||50|,,,,,Grass]Amoonguss||SitrusBerry|Regenerator|Spore,RagePowder,PollenPuff,Protect|||M|||50|,,,,,Psychic
|inactive|Battle timer is ON: inactive players will automatically lose when time's up. (requested by Johannes100100)
|inactive|nano jump has 60 seconds left.
|
|t:|1757742703
|teamsize|p1|4
|teamsize|p2|4
|start
|switch|p1a: Gallade|Gallade, L50, M|100/100
|switch|p1b: Indeedee|Indeedee-F, L50, F|100/100
|switch|p2a: Gholdengo|Gholdengo, L50|100/100
|switch|p2b: Incineroar|Incineroar, L50, M|100/100
|-ability|p2b: Incineroar|Intimidate|boost
|-fail|p1a: Gallade|unboost|[from] item: Clear Amulet|[of] p1a: Gallade
|-unboost|p1b: Indeedee|atk|1
|-fieldstart|move: Psychic Terrain|[from] ability: Psychic Surge|[of] p1b: Indeedee
|turn|1
|
|t:|1757742716
|switch|p2b: Amoonguss|Amoonguss, L50, M|100/100
|-terastallize|p1a: Gallade|Dark
|move|p2a: Gholdengo|Nasty Plot|p2a: Gholdengo
|-boost|p2a: Gholdengo|spa|2
|move|p1a: Gallade|Sacred Sword|p2b: Amoonguss
|-resisted|p2b: Amoonguss
|-damage|p2b: Amoonguss|66/100
|move|p1b: Indeedee|Trick Room|p1b: Indeedee
|-fieldstart|move: Trick Room|[of] p1b: Indeedee
|
|upkeep
|turn|2
|inactive|nano jump has 30 seconds left.
|inactive|Johannes100100 has 30 seconds left.
|
|t:|1757742748
|move|p1b: Indeedee|Follow Me|p1b: Indeedee
|-singleturn|p1b: Indeedee|move: Follow Me
|move|p2b: Amoonguss|Spore|p1b: Indeedee
|-status|p1b: Indeedee|slp|[from] move: Spore
|move|p1a: Gallade|Night Slash|p2a: Gholdengo
|-supereffective|p2a: Gholdengo
|-damage|p2a: Gholdengo|0 fnt
|faint|p2a: Gholdengo
|
|upkeep
|
|t:|1757742758
|switch|p2a: Incineroar|Incineroar, L50, M|100/100
|-ability|p2a: Incineroar|Intimidate|boost
|-fail|p1a: Gallade|unboost|[from] item: Clear Amulet|[of] p1a: Gallade
|-unboost|p1b: Indeedee|atk|1
|turn|3
|
|t:|1757742765
|switch|p1a: Hatterene|Hatterene, L50, F|100/100
|move|p2b: Amoonguss|Spore|p1a: Hatterene
|move|p1a: Hatterene|Spore|p2b: Amoonguss|[from] ability: Magic Bounce
|-immune|p2b: Amoonguss
|cant|p1b: Indeedee|slp
|move|p2a: Incineroar|Knock Off|p1b: Indeedee
|-supereffective|p1b: Indeedee
|-damage|p1b: Indeedee|16/100 slp
|-damage|p2a: Incineroar|84/100|[from] item: Rocky Helmet|[of] p1b: Indeedee
|-enditem|p1b: Indeedee|Rocky Helmet|[from] move: Knock Off|[of] p2a: Incineroar
|
|upkeep
|turn|4
|inactive|Johannes100100 has 30 seconds left.
|
|t:|1757742793
|switch|p2b: Tyranitar|Tyranitar, L50, F|100/100
|-weather|Sandstorm|[from] ability: Sand Stream|[of] p2b: Tyranitar
|-curestatus|p1b: Indeedee|slp|[msg]
|move|p1b: Indeedee|Helping Hand|p1a: Hatterene
|-singleturn|p1a: Hatterene|Helping Hand|[of] p1b: Indeedee
|move|p1a: Hatterene|Dazzling Gleam|p2b: Tyranitar|[spread] p2a,p2b
|-supereffective|p2b: Tyranitar
|-damage|p2a: Incineroar|32/100
|-damage|p2b: Tyranitar|62/100
|move|p2a: Incineroar|Knock Off|p1a: Hatterene
|-damage|p1a: Hatterene|56/100
|-enditem|p1a: Hatterene|Covert Cloak|[from] move: Knock Off|[of] p2a: Incineroar
|
|-weather|Sandstorm|[upkeep]
|-damage|p1a: Hatterene|50/100|[from] Sandstorm
|-damage|p1b: Indeedee|10/100|[from] Sandstorm
|upkeep
|turn|5
|inactive|nano jump has 30 seconds left.
|
|t:|1757742827
|switch|p1b: Torkoal|Torkoal, L50, M|100/100
|-weather|SunnyDay|[from] ability: Drought|[of] p1b: Torkoal
|move|p1a: Hatterene|Dazzling Gleam|p2b: Tyranitar|[spread] p2a,p2b
|-supereffective|p2b: Tyranitar
|-damage|p2a: Incineroar|0 fnt
|-damage|p2b: Tyranitar|21/100
|faint|p2a: Incineroar
|move|p2b: Tyranitar|Rock Slide|p1b: Torkoal|[spread] p1b
|-miss|p2b: Tyranitar|p1a: Hatterene
|-supereffective|p1b: Torkoal
|-damage|p1b: Torkoal|60/100
|
|-weather|SunnyDay|[upkeep]
|-fieldend|move: Trick Room
|-fieldend|move: Psychic Terrain
|upkeep
|
|t:|1757742830
|switch|p2a: Amoonguss|Amoonguss, L50, M|99/100
|turn|6
|
|t:|1757742852
|-terastallize|p2a: Amoonguss|Psychic
|move|p2b: Tyranitar|Rock Slide|p1a: Hatterene|[spread] p1a,p1b
|-supereffective|p1b: Torkoal
|-damage|p1a: Hatterene|16/100
|-damage|p1b: Torkoal|16/100
|move|p2a: Amoonguss|Pollen Puff|p2b: Tyranitar
|-heal|p2b: Tyranitar|71/100
|move|p1a: Hatterene|Expanding Force|p2a: Amoonguss
|-resisted|p2a: Amoonguss
|-damage|p2a: Amoonguss|80/100
|move|p1b: Torkoal|Weather Ball|p2a: Amoonguss
|-damage|p2a: Amoonguss|23/100
|-enditem|p2a: Amoonguss|Sitrus Berry|[eat]
|-heal|p2a: Amoonguss|48/100|[from] item: Sitrus Berry
|
|-weather|SunnyDay|[upkeep]
|upkeep
|turn|7
|inactive|nano jump has 30 seconds left.
|inactive|nano jump has 20 seconds left.
|
|t:|1757742895
|move|p2b: Tyranitar|Rock Slide|p1a: Hatterene|[spread] p1a,p1b
|-supereffective|p1b: Torkoal
|-damage|p1a: Hatterene|0 fnt
|-damage|p1b: Torkoal|0 fnt
|faint|p1a: Hatterene
|faint|p1b: Torkoal
|move|p2a: Amoonguss|Spore|p1: Hatterene|[notarget]
|-fail|p2a: Amoonguss
|
|-weather|SunnyDay|[upkeep]
|upkeep
|
|t:|1757742904
|switch|p1a: Gallade|Gallade, L50, M, tera:Dark|100/100
|switch|p1b: Indeedee|Indeedee-F, L50, F|10/100
|-fieldstart|move: Psychic Terrain|[from] ability: Psychic Surge|[of] p1b: Indeedee
|turn|8
|
|t:|1757742919
|move|p1b: Indeedee|Follow Me|p1b: Indeedee
|-singleturn|p1b: Indeedee|move: Follow Me
|move|p2b: Tyranitar|Knock Off|p1b: Indeedee
|-supereffective|p1b: Indeedee
|-damage|p1b: Indeedee|0 fnt
|faint|p1b: Indeedee
|move|p1a: Gallade|Sacred Sword|p2b: Tyranitar
|-supereffective|p2b: Tyranitar
|-damage|p2b: Tyranitar|0 fnt
|faint|p2b: Tyranitar
|move|p2a: Amoonguss|Spore|p1a: Gallade
|-status|p1a: Gallade|slp|[from] move: Spore
|
|-weather|SunnyDay|[upkeep]
|upkeep
|turn|9
|c|☆nano jump|lets go gambling
|
|t:|1757742934
|cant|p1a: Gallade|slp
|move|p2a: Amoonguss|Pollen Puff|p1a: Gallade
|-supereffective|p1a: Gallade
|-damage|p1a: Gallade|71/100 slp
|
|-weather|none
|upkeep
|turn|10
|
|t:|1757742943
|cant|p1a: Gallade|slp
|move|p2a: Amoonguss|Pollen Puff|p1a: Gallade
|-supereffective|p1a: Gallade
|-damage|p1a: Gallade|36/100 slp
|
|upkeep
|turn|11
|
|t:|1757742950
|-curestatus|p1a: Gallade|slp|[msg]
|move|p1a: Gallade|Night Slash|p2a: Amoonguss
|-supereffective|p2a: Amoonguss
|-crit|p2a: Amoonguss
|-damage|p2a: Amoonguss|0 fnt
|faint|p2a: Amoonguss
|
|win|Johannes100100
||nano jump is ready for game 2.
|inactive|Johannes100100 has 30 seconds to confirm battle start!
||Johannes100100 is ready for game 2.
|uhtml|next|Next: Game 2 of 3
|l|☆nano jump
|player|p2|
|l|☆Johannes100100
|player|p1|
