|j|☆forestes
|j|☆ArthurZhao
|html|forestesArthurZhao    
|uhtml|bestof|Game 1 of a best-of-3
|t:|1756796000
|gametype|doubles
|player|p1|forestes|steven|1000
|player|p2|ArthurZhao|169|1059
|gen|9
|tier|[Gen 9] VGC 2025 Reg H (Bo3)
|rated|
|rule|Species Clause: Limit one of each Pokémon
|rule|Item Clause: Limit 1 of each item
|clearpoke
|poke|p1|Gholdengo, L50|
|poke|p1|Dragapult, L50, M|
|poke|p1|Maushold, L50|
|poke|p1|Ariados, L50, F|
|poke|p1|Incineroar, L50, M|
|poke|p1|Breloom, L50, F|
|poke|p2|Volcarona, L50, M|
|poke|p2|Palafin, L50, F|
|poke|p2|Incineroar, L50, F|
|poke|p2|Rillaboom, L50, M|
|poke|p2|Magmar, L50, F|
|poke|p2|Garchomp, L50, F|
|teampreview|4
|showteam|p1|Gholdengo||LifeOrb|GoodasGold|NastyPlot,MakeItRain,ShadowBall,Protect||||||50|,,,,,Water]Dragapult||ChoiceBand|ClearBody|DragonDarts,Uturn,PhantomForce,SuckerPunch|||M|||50|,,,,,Fairy]Maushold||LoadedDice|FriendGuard|PopulationBomb,Encore,FollowMe,HelpingHand||||||50|,,,,,Ghost]Ariados||RockyHelmet|Insomnia|Electroweb,StickyWeb,ToxicSpikes,SuckerPunch|||F|||50|,,,,,Bug]Incineroar||SafetyGoggles|Intimidate|FakeOut,FlareBlitz,PartingShot,Protect|||M|||50|,,,,,Ghost]Breloom||AssaultVest|Technician|MachPunch,BulletSeed,AerialAce,CloseCombat|||F|||50|,,,,,Grass
|showteam|p2|Volcarona||Leftovers|FlameBody|QuiverDance,GigaDrain,FieryDance,Protect|||M|||50|,,,,,Grass]Palafin||MysticWater|ZerotoHero|WaveCrash,CloseCombat,JetPunch,FlipTurn|||F|||50|,,,,,Water]Incineroar||AguavBerry|Intimidate|FakeOut,FlareBlitz,KnockOff,PartingShot|||F|||50|,,,,,Ghost]Rillaboom||AssaultVest|GrassySurge|HighHorsepower,GrassyGlide,Uturn,FakeOut|||M|||50|,,,,,Poison]Magmar||Eviolite|VitalSpirit|FollowMe,WillOWisp,Taunt,HelpingHand|||F|||50|,,,,,Dark]Garchomp||LifeOrb|RoughSkin|StompingTantrum,RockSlide,DragonClaw,Protect|||F|||50|,,,,,Water
|
|t:|1756796074
|teamsize|p1|4
|teamsize|p2|4
|start
|switch|p1a: Ariados|Ariados, L50, F|100/100
|switch|p1b: Maushold|Maushold, L50|100/100
|switch|p2a: Volcarona|Volcarona, L50, M|100/100
|switch|p2b: Palafin|Palafin, L50, F|100/100
|turn|1
|
|t:|1756796099
|move|p2b: Palafin|Close Combat|p1b: Maushold
|-supereffective|p1b: Maushold
|-damage|p1b: Maushold|35/100
|-unboost|p2b: Palafin|def|1
|-unboost|p2b: Palafin|spd|1
|move|p1b: Maushold|Population Bomb|p2a: Volcarona
|-damage|p2a: Volcarona|94/100
|-damage|p2a: Volcarona|87/100
|-status|p1b: Maushold|brn|[from] ability: Flame Body|[of] p2a: Volcarona
|-damage|p2a: Volcarona|84/100
|-damage|p2a: Volcarona|81/100
|-damage|p2a: Volcarona|78/100
|-damage|p2a: Volcarona|74/100
|-damage|p2a: Volcarona|71/100
|-damage|p2a: Volcarona|68/100
|-damage|p2a: Volcarona|65/100
|-damage|p2a: Volcarona|62/100
|-hitcount|p2a: Volcarona|10
|move|p2a: Volcarona|Quiver Dance|p2a: Volcarona
|-boost|p2a: Volcarona|spa|1
|-boost|p2a: Volcarona|spd|1
|-boost|p2a: Volcarona|spe|1
|move|p1a: Ariados|Sticky Web|p2a: Volcarona
|-sidestart|p2: ArthurZhao|move: Sticky Web
|
|-heal|p2a: Volcarona|68/100|[from] item: Leftovers
|-damage|p1b: Maushold|29/100 brn|[from] brn
|upkeep
|turn|2
|
|t:|1756796138
|move|p2a: Volcarona|Fiery Dance|p1a: Ariados
|-supereffective|p1a: Ariados
|-damage|p1a: Ariados|14/100
|move|p2b: Palafin|Flip Turn|p1b: Maushold
|-damage|p1b: Maushold|0 fnt
|faint|p1b: Maushold
|
|t:|1756796150
|detailschange|p2b: Palafin|Palafin-Hero, L50, F
|switch|p2b: Magmar|Magmar, L50, F|100/100|[from] Flip Turn
|-activate|p2b: Magmar|move: Sticky Web
|-unboost|p2b: Magmar|spe|1
|move|p1a: Ariados|Toxic Spikes|p2b: Magmar
|-sidestart|p2: ArthurZhao|move: Toxic Spikes
|
|-heal|p2a: Volcarona|74/100|[from] item: Leftovers
|upkeep
|
|t:|1756796164
|switch|p1b: Incineroar|Incineroar, L50, M|100/100
|-ability|p1b: Incineroar|Intimidate|boost
|-unboost|p2a: Volcarona|atk|1
|-unboost|p2b: Magmar|atk|1
|turn|3
|
|t:|1756796192
|move|p2a: Volcarona|Protect|p2a: Volcarona
|-singleturn|p2a: Volcarona|Protect
|move|p1a: Ariados|Sucker Punch||[still]
|-fail|p1a: Ariados
|move|p1b: Incineroar|Parting Shot|p2a: Volcarona
|-activate|p2a: Volcarona|move: Protect
|move|p2b: Magmar|Taunt|p1a: Ariados
|-start|p1a: Ariados|move: Taunt
|
|-heal|p2a: Volcarona|81/100|[from] item: Leftovers
|upkeep
|turn|4
|
|t:|1756796214
|move|p2b: Magmar|Follow Me|p2b: Magmar
|-singleturn|p2b: Magmar|move: Follow Me
|move|p2a: Volcarona|Quiver Dance|p2a: Volcarona
|-boost|p2a: Volcarona|spa|1
|-boost|p2a: Volcarona|spd|1
|-boost|p2a: Volcarona|spe|1
|move|p1b: Incineroar|Parting Shot|p2b: Magmar
|-unboost|p2b: Magmar|atk|1
|-unboost|p2b: Magmar|spa|1
|
|t:|1756796223
|switch|p1b: Breloom|Breloom, L50, F|100/100|[from] Parting Shot
|move|p1a: Ariados|Electroweb|p2b: Magmar|[spread] p2a,p2b
|-damage|p2a: Volcarona|78/100
|-damage|p2b: Magmar|95/100
|-unboost|p2a: Volcarona|spe|1
|-unboost|p2b: Magmar|spe|1
|
|-heal|p2a: Volcarona|84/100|[from] item: Leftovers
|upkeep
|turn|5
|
|t:|1756796246
|move|p2b: Magmar|Helping Hand|p2a: Volcarona
|-singleturn|p2a: Volcarona|Helping Hand|[of] p2b: Magmar
|move|p2a: Volcarona|Fiery Dance|p1b: Breloom
|-supereffective|p1b: Breloom
|-damage|p1b: Breloom|0 fnt
|-boost|p2a: Volcarona|spa|1
|faint|p1b: Breloom
|move|p1a: Ariados|Electroweb|p2a: Volcarona|[spread] p2a,p2b
|-damage|p2a: Volcarona|81/100
|-damage|p2b: Magmar|90/100
|-unboost|p2a: Volcarona|spe|1
|-unboost|p2b: Magmar|spe|1
|
|-heal|p2a: Volcarona|87/100|[from] item: Leftovers
|upkeep
|-message|forestes forfeited.
|raw|forestes's rating: 1000 → 1000(+0 for losing)
|raw|ArthurZhao's rating: 1059 → 1085(+26 for winning)
|
|win|ArthurZhao
|l|☆forestes
|player|p1|
