|j|☆BNCSGAMES
|j|☆jjavi
|html|BNCSGAMESjjavi    
|uhtml|bestof|Game 1 of a best-of-3
|t:|1784222319
|gametype|doubles
|player|p1|BNCSGAMES|266|1009
|player|p2|jjavi|n|1000
|gen|9
|tier|[Gen 9 Champions] VGC 2026 Reg M-B (Bo3)
|rated|
|rule|Species Clause: Limit one of each Pokémon
|rule|Item Clause: Limit 1 of each item
|clearpoke
|poke|p1|Gyarados, L50, F|
|poke|p1|Aegislash, L50, F|
|poke|p1|Rotom-Wash, L50|
|poke|p1|Incineroar, L50, M|
|poke|p1|Garchomp, L50, M|
|poke|p1|Ninetales-Alola, L50, F|
|poke|p2|Annihilape, L50, M|
|poke|p2|Maushold-Four, L50|
|poke|p2|Floette-Eternal, L50, F|
|poke|p2|Sinistcha, L50|
|poke|p2|Tyranitar, L50, M|
|poke|p2|Ceruledge, L50, F|
|teampreview|4
|showteam|p1|Gyarados||Gyaradosite|Intimidate|Crunch,Waterfall,Protect,DragonDance|Adamant||F|||50|]Aegislash||Leftovers|StanceChange|IronHead,ShadowSneak,SacredSword,KingsShield|Adamant||F|||50|]Rotom-Wash||ChoiceScarf|Levitate|HydroPump,VoltSwitch,Trick,WillOWisp|Timid|||||50|]Incineroar||SitrusBerry|Intimidate|FakeOut,FlareBlitz,ThroatChop,PartingShot|Careful||M|||50|]Garchomp||HabanBerry|RoughSkin|Earthquake,DragonTail,StealthRock,PoisonJab|Impish||M|||50|]Ninetales-Alola||LightClay|SnowWarning|AuroraVeil,FreezeDry,DazzlingGleam,Protect|Timid||F|||50|
|showteam|p2|Annihilape||Leftovers|Defiant|RageFist,DrainPunch,BulkUp,Protect|Adamant||M|||50|]Maushold-Four||ChopleBerry|FriendGuard|Taunt,BeatUp,FollowMe,Protect|Timid|||||50|]Floette-Eternal||Floettite|FlowerVeil|Moonblast,DazzlingGleam,CalmMind,Protect|Modest||F|||50|]Sinistcha||SitrusBerry|Hospitality|MatchaGotcha,RagePowder,TrickRoom,Protect|Calm|||||50|]Tyranitar||Tyranitarite|SandStream|Protect,RockSlide,KnockOff,DragonDance|Jolly||M|||50|]Ceruledge||ColburBerry|FlashFire|BitterBlade,ShadowSneak,BulkUp,Protect|Adamant||F|||50|
|inactive|Battle timer is ON: inactive players will automatically lose when time's up. (requested by jjavi)
|inactive|BNCSGAMES has 60 seconds left.
|inactive|jjavi has 60 seconds left.
|
|t:|1784222374
|teamsize|p1|4
|teamsize|p2|4
|start
|switch|p1a: Gyarados|Gyarados, L50, F|100/100
|switch|p1b: Garchomp|Garchomp, L50, M|100/100
|switch|p2a: Maushold|Maushold-Four, L50|100/100
|switch|p2b: Floette|Floette-Eternal, L50, F|100/100
|-ability|p1a: Gyarados|Intimidate|boost
|-unboost|p2a: Maushold|atk|1
|-unboost|p2b: Floette|atk|1
|turn|1
|inactive|jjavi has 30 seconds left.
|inactive|BNCSGAMES has 30 seconds left.
|inactive|jjavi has 20 seconds left.
|inactive|jjavi has 15 seconds left.
|
|t:|1784222416
|detailschange|p2b: Floette|Floette-Mega, L50, F
|-mega|p2b: Floette|Floette|Floettite
|-ability|p2b: Floette|Fairy Aura
|move|p2a: Maushold|Follow Me|p2a: Maushold
|-singleturn|p2a: Maushold|move: Follow Me
|move|p2b: Floette|Dazzling Gleam|p1b: Garchomp|[spread] p1a,p1b
|-supereffective|p1b: Garchomp|1
|-damage|p1a: Gyarados|52/100
|-damage|p1b: Garchomp|2/100
|move|p1a: Gyarados|Dragon Dance|p1a: Gyarados
|-boost|p1a: Gyarados|atk|1
|-boost|p1a: Gyarados|spe|1
|move|p1b: Garchomp|Poison Jab|p2a: Maushold
|-damage|p2a: Maushold|70/100
|-status|p2a: Maushold|psn
|
|-damage|p2a: Maushold|58/100 psn|[from] psn
|upkeep
|turn|2
|inactive|BNCSGAMES has 30 seconds left.
|inactive|BNCSGAMES has 20 seconds left.
|
|t:|1784222452
|switch|p1b: Aegislash|Aegislash, L50, F|100/100
|detailschange|p1a: Gyarados|Gyarados-Mega, L50, F
|-mega|p1a: Gyarados|Gyarados|Gyaradosite
|-ability|p1a: Gyarados|Mold Breaker
|move|p2a: Maushold|Follow Me|p2a: Maushold
|-singleturn|p2a: Maushold|move: Follow Me
|move|p1a: Gyarados|Waterfall|p2a: Maushold
|-damage|p2a: Maushold|0 fnt
|faint|p2a: Maushold
|move|p2b: Floette|Dazzling Gleam|p1b: Aegislash|[spread] p1a,p1b
|-supereffective|p1a: Gyarados|1
|-resisted|p1b: Aegislash|1
|-damage|p1a: Gyarados|0 fnt
|-damage|p1b: Aegislash|82/100
|faint|p1a: Gyarados
|
|-heal|p1b: Aegislash|88/100|[from] item: Leftovers
|upkeep
|inactive|jjavi has 30 seconds left.
|
|t:|1784222479
|switch|p2a: Annihilape|Annihilape, L50, M|100/100
|switch|p1a: Rotom|Rotom-Wash, L50|100/100
|turn|3
|
|t:|1784222498
|move|p2a: Annihilape|Protect|p2a: Annihilape
|-singleturn|p2a: Annihilape|Protect
|move|p2b: Floette|Protect|p2b: Floette
|-singleturn|p2b: Floette|Protect
|move|p1a: Rotom|Trick|p2a: Annihilape
|-activate|p2a: Annihilape|move: Protect
|-formechange|p1b: Aegislash|Aegislash-Blade|
|move|p1b: Aegislash|Iron Head|p2b: Floette
|-activate|p2b: Floette|move: Protect
|
|-heal|p1b: Aegislash|94/100|[from] item: Leftovers
|upkeep
|turn|4
|inactive|jjavi has 30 seconds left.
|inactive|jjavi has 20 seconds left.
|
|t:|1784222537
|-formechange|p1b: Aegislash|Aegislash|
|move|p1b: Aegislash|King's Shield|p1b: Aegislash
|-singleturn|p1b: Aegislash|Protect
|move|p1a: Rotom|Trick|p2a: Annihilape
|-activate|p1a: Rotom|move: Trick|[of] p2a: Annihilape
|-item|p2a: Annihilape|Choice Scarf|[from] move: Trick
|-item|p1a: Rotom|Leftovers|[from] move: Trick
|move|p2a: Annihilape|Rage Fist|p1b: Aegislash
|-activate|p1b: Aegislash|move: Protect
|-unboost|p2a: Annihilape|atk|1
|-ability|p2a: Annihilape|Defiant|boost
|-boost|p2a: Annihilape|atk|2
|move|p2b: Floette|Moonblast|p1a: Rotom
|-damage|p1a: Rotom|6/100
|
|-heal|p1a: Rotom|12/100|[from] item: Leftovers
|-heal|p1b: Aegislash|100/100|[from] item: Leftovers
|upkeep
|turn|5
|inactive|BNCSGAMES has 30 seconds left.
|
|t:|1784222564
|move|p2a: Annihilape|Rage Fist|p1b: Aegislash
|-supereffective|p1b: Aegislash|1
|-damage|p1b: Aegislash|42/100
|move|p1a: Rotom|Will-O-Wisp|p2a: Annihilape
|-status|p2a: Annihilape|brn
|move|p2b: Floette|Dazzling Gleam|p1b: Aegislash|[spread] p1a,p1b
|-crit|p1a: Rotom
|-resisted|p1b: Aegislash|1
|-damage|p1a: Rotom|0 fnt
|-damage|p1b: Aegislash|23/100
|faint|p1a: Rotom
|-formechange|p1b: Aegislash|Aegislash-Blade|
|move|p1b: Aegislash|Iron Head|p2b: Floette
|-supereffective|p2b: Floette|1
|-damage|p2b: Floette|3/100
|
|-heal|p1b: Aegislash|29/100|[from] item: Leftovers
|-damage|p2a: Annihilape|93/100 brn|[from] brn
|upkeep
|
|t:|1784222582
|switch|p1a: Garchomp|Garchomp, L50, M|2/100
|turn|6
|inactive|BNCSGAMES has 30 seconds left.
|inactive|BNCSGAMES has 20 seconds left.
|inactive|BNCSGAMES has 15 seconds left.
|inactive|jjavi has 30 seconds left.
|
|t:|1784222628
|move|p2b: Floette|Protect|p2b: Floette
|-singleturn|p2b: Floette|Protect
|move|p1b: Aegislash|Shadow Sneak|p2b: Floette
|-activate|p2b: Floette|move: Protect
|move|p2a: Annihilape|Rage Fist|p1b: Aegislash
|-supereffective|p1b: Aegislash|1
|-damage|p1b: Aegislash|0 fnt
|faint|p1b: Aegislash
|move|p1a: Garchomp|Dragon Tail|p2a: Annihilape
|-damage|p2a: Annihilape|67/100 brn
|drag|p2a: Sinistcha|Sinistcha, L50|100/100
|-heal|p2b: Floette|27/100|[from] ability: Hospitality|[of] p2a: Sinistcha
|
|upkeep
|turn|7
|-message|BNCSGAMES forfeited.
|raw|BNCSGAMES's rating: 1009 → 1000(-9 for losing)
|raw|jjavi's rating: 1000 → 1041(+41 for winning)
|
|win|jjavi
