|j|‽whateverbro415
|j|☆paonite essay
|html|whateverbro415paonite essay    
|uhtml|bestof|Game 1 of a best-of-3
|t:|1784597362
|gametype|doubles
|player|p1|whateverbro415|265|1062
|player|p2|paonite essay|2|1146
|gen|9
|tier|[Gen 9 Champions] VGC 2026 Reg M-B (Bo3)
|rated|
|rule|Species Clause: Limit one of each Pokémon
|rule|Item Clause: Limit 1 of each item
|clearpoke
|poke|p1|Golurk, L50, shiny|
|poke|p1|Farigiraf, L50, F|
|poke|p1|Tyranitar, L50, M|
|poke|p1|Aegislash, L50, F, shiny|
|poke|p1|Clefable, L50, M|
|poke|p1|Malamar, L50, M|
|poke|p2|Charizard, L50, F, shiny|
|poke|p2|Metagross, L50, shiny|
|poke|p2|Hydreigon, L50, F|
|poke|p2|Incineroar, L50, F|
|poke|p2|Toxapex, L50, F, shiny|
|poke|p2|Annihilape, L50, M, shiny|
|teampreview|4
|showteam|p1|Golurk||Golurkite|NoGuard|Protect,Poltergeist,HeadlongRush,CloseCombat|Brave|||||50|]Farigiraf||ColburBerry|ArmorTail|AllySwitch,TrickRoom,HelpingHand,TwinBeam|Sassy||F|||50|]Tyranitar||ChopleBerry|SandStream|Protect,Earthquake,RockSlide,KnockOff|Brave||M|||50|]Aegislash||Leftovers|StanceChange|KingsShield,WideGuard,ShadowBall,SacredSword|Sassy||F|||50|]Clefable||SitrusBerry|MagicGuard|FollowMe,LifeDew,CosmicPower,Moonblast|Sassy||M|||50|]Malamar||FocusSash|Contrary|TrickRoom,Superpower,PsychoCut,KnockOff|Brave||M|||50|
|showteam|p2|Charizard||CharizarditeY|Blaze|HeatWave,WeatherBall,SolarBeam,Protect|Modest||F|||50|]Metagross||Metagrossite|ClearBody|PsychicFangs,BulletPunch,IcePunch,Protect|Jolly|||||50|]Hydreigon||ChoiceScarf|Levitate|DarkPulse,DracoMeteor,Snarl,EarthPower|Modest||F|||50|]Incineroar||SitrusBerry|Intimidate|FlareBlitz,ThroatChop,PartingShot,FakeOut|Impish||F|||50|]Toxapex||Leftovers|Regenerator|Infestation,Toxic,WideGuard,BanefulBunker|Relaxed||F|||50|]Annihilape||FocusSash|Defiant|PhantomForce,CloseCombat,RockTomb,Protect|Jolly||M|||50|
|
|t:|1784597395
|teamsize|p1|4
|teamsize|p2|4
|start
|switch|p1a: Malamar|Malamar, L50, M|100/100
|switch|p1b: Farigiraf|Farigiraf, L50, F|100/100
|switch|p2a: Metagross|Metagross, L50, shiny|100/100
|switch|p2b: Hydreigon|Hydreigon, L50, F|100/100
|turn|1
|
|t:|1784597448
|detailschange|p2a: Metagross|Metagross-Mega, L50, shiny
|-mega|p2a: Metagross|Metagross|Metagrossite
|move|p1b: Farigiraf|Ally Switch|p1b: Farigiraf
|swap|p1b: Farigiraf|0|[from] move: Ally Switch
|move|p2b: Hydreigon|Draco Meteor|p1b: Malamar
|-damage|p1b: Malamar|24/100
|-unboost|p2b: Hydreigon|spa|2
|move|p2a: Metagross|Ice Punch|p1b: Malamar
|-damage|p1b: Malamar|0 fnt
|faint|p1b: Malamar
|
|upkeep
|
|t:|1784597463
|switch|p1b: Golurk|Golurk, L50, shiny|100/100
|turn|2
|
|t:|1784597482
|switch|p2b: Incineroar|Incineroar, L50, F|100/100
|-ability|p2b: Incineroar|Intimidate|boost
|-unboost|p1a: Farigiraf|atk|1
|-unboost|p1b: Golurk|atk|1
|move|p1b: Golurk|Protect|p1b: Golurk
|-singleturn|p1b: Golurk|Protect
|move|p2a: Metagross|Psychic Fangs|p1b: Golurk
|-activate|p1b: Golurk|move: Protect
|move|p1a: Farigiraf|Trick Room|p1a: Farigiraf
|-fieldstart|move: Trick Room|[of] p1a: Farigiraf
|
|upkeep
|turn|3
|
|t:|1784597505
|switch|p1a: Tyranitar|Tyranitar, L50, M|100/100
|-weather|Sandstorm|[from] ability: Sand Stream|[of] p1a: Tyranitar
|switch|p2a: Hydreigon|Hydreigon, L50, F|100/100
|detailschange|p1b: Golurk|Golurk-Mega, L50, shiny
|-mega|p1b: Golurk|Golurk|Golurkite
|move|p1b: Golurk|Poltergeist|p2a: Hydreigon
|-activate|p2a: Hydreigon|move: Poltergeist|Choice Scarf
|-resisted|p2a: Hydreigon|1
|-damage|p2a: Hydreigon|74/100
|move|p2b: Incineroar|Parting Shot|p1b: Golurk
|-unboost|p1b: Golurk|atk|1
|-unboost|p1b: Golurk|spa|1
|
|t:|1784597520
|switch|p2b: Annihilape|Annihilape, L50, M, shiny|100/100|[from] Parting Shot
|
|-weather|Sandstorm|[upkeep]
|-damage|p2b: Annihilape|94/100|[from] Sandstorm
|-damage|p2a: Hydreigon|68/100|[from] Sandstorm
|upkeep
|turn|4
|
|t:|1784597546
|switch|p1b: Farigiraf|Farigiraf, L50, F|100/100
|switch|p2b: Incineroar|Incineroar, L50, F|100/100
|-ability|p2b: Incineroar|Intimidate|boost
|-unboost|p1a: Tyranitar|atk|1
|-unboost|p1b: Farigiraf|atk|1
|move|p1a: Tyranitar|Knock Off|p2b: Incineroar
|-resisted|p2b: Incineroar|1
|-damage|p2b: Incineroar|86/100
|-enditem|p2b: Incineroar|Sitrus Berry|[from] move: Knock Off|[of] p1a: Tyranitar
|move|p2a: Hydreigon|Dark Pulse|p1b: Farigiraf
|-supereffective|p1b: Farigiraf|1
|-enditem|p1b: Farigiraf|Colbur Berry|[eat]
|-enditem|p1b: Farigiraf|Colbur Berry|[weaken]
|-damage|p1b: Farigiraf|69/100
|
|-weather|Sandstorm|[upkeep]
|-damage|p1b: Farigiraf|62/100|[from] Sandstorm
|-damage|p2b: Incineroar|80/100|[from] Sandstorm
|-damage|p2a: Hydreigon|62/100|[from] Sandstorm
|upkeep
|turn|5
|
|t:|1784597571
|move|p1b: Farigiraf|Ally Switch|p1b: Farigiraf
|swap|p1b: Farigiraf|0|[from] move: Ally Switch
|move|p1b: Tyranitar|Rock Slide|p2a: Hydreigon|[spread] p2b
|-miss|p1b: Tyranitar|p2a: Hydreigon
|-supereffective|p2b: Incineroar|1
|-damage|p2b: Incineroar|49/100
|cant|p2b: Incineroar|flinch
|move|p2a: Hydreigon|Dark Pulse|p1a: Farigiraf
|-supereffective|p1a: Farigiraf|1
|-damage|p1a: Farigiraf|3/100
|
|-weather|Sandstorm|[upkeep]
|-damage|p1a: Farigiraf|0 fnt|[from] Sandstorm
|-damage|p2b: Incineroar|43/100|[from] Sandstorm
|-damage|p2a: Hydreigon|57/100|[from] Sandstorm
|faint|p1a: Farigiraf
|upkeep
|
|t:|1784597587
|switch|p1a: Golurk|Golurk-Mega, L50, shiny|100/100
|turn|6
|
|t:|1784597604
|switch|p2a: Annihilape|Annihilape, L50, M, shiny|94/100
|move|p1a: Golurk|Close Combat|p2a: Annihilape
|-immune|p2a: Annihilape
|move|p1b: Tyranitar|Rock Slide|p2b: Incineroar|[spread] p2a
|-miss|p1b: Tyranitar|p2b: Incineroar
|-resisted|p2a: Annihilape|1
|-damage|p2a: Annihilape|81/100
|move|p2b: Incineroar|Parting Shot|p1a: Golurk
|-unboost|p1a: Golurk|atk|1
|-unboost|p1a: Golurk|spa|1
|
|t:|1784597612
|switch|p2b: Hydreigon|Hydreigon, L50, F|57/100|[from] Parting Shot
|
|-weather|Sandstorm|[upkeep]
|-damage|p2a: Annihilape|75/100|[from] Sandstorm
|-damage|p2b: Hydreigon|51/100|[from] Sandstorm
|-fieldend|move: Trick Room
|upkeep
|turn|7
|-message|whateverbro415 forfeited.
|
|win|paonite essay
|l|‽whateverbro415
|player|p1|
|raw|whateverbro415's rating: 1062 → 1047(-15 for losing)
|raw|paonite essay's rating: 1146 → 1165(+19 for winning)
