|j|☆Divine Monkey King
|j|☆sybaushowdown
|html|Divine Monkey Kingsybaushowdown    
|uhtml|bestof|Game 2 of a best-of-3
|t:|1782397905
|gametype|doubles
|player|p1|Divine Monkey King|rocketgrunt|1067
|player|p2|sybaushowdown|1|1028
|gen|9
|tier|[Gen 9 Champions] VGC 2026 Reg M-B (Bo3)
|rated|
|rule|Species Clause: Limit one of each Pokémon
|rule|Item Clause: Limit 1 of each item
|clearpoke
|poke|p1|Whimsicott, L50, F, shiny|
|poke|p1|Lucario, L50, M, shiny|
|poke|p1|Pelipper, L50, M, shiny|
|poke|p1|Beedrill, L50, M, shiny|
|poke|p1|Annihilape, L50, M, shiny|
|poke|p1|Basculegion, L50, M, shiny|
|poke|p2|Pyroar, L50, M|
|poke|p2|Staraptor, L50, M|
|poke|p2|Sneasler, L50, F|
|poke|p2|Whimsicott, L50, F|
|poke|p2|Basculegion, L50, M|
|poke|p2|Ninetales, L50, F|
|teampreview|4
|showteam|p1|Whimsicott||FocusSash|Prankster|Encore,Protect,Tailwind,BeatUp|Serious||F|||50|]Lucario||Lucarionite|Justified|Crunch,DrainPunch,PoisonJab,Protect|Jolly||M|||50|]Pelipper||SitrusBerry|Drizzle|Hurricane,IceBeam,Protect,WeatherBall|Timid||M|||50|]Beedrill||Beedrillite|Sniper|DrillRun,PoisonJab,Protect,FellStinger|Jolly||M|||50|]Annihilape||Leftovers|Defiant|BulkUp,DrainPunch,RockSlide,Taunt|Adamant||M|||50|]Basculegion||MysticWater|SwiftSwim|AquaJet,FlipTurn,LastRespects,Protect|Adamant||M|||50|
|showteam|p2|Pyroar||Pyroarite|Moxie|Protect,HyperVoice,HeatWave,Overheat|Timid||M|||50|]Staraptor||Staraptite|Intimidate|Protect,CloseCombat,BraveBird,QuickAttack|Jolly||M|||50|]Sneasler||WhiteHerb|Unburden|Protect,FakeOut,Toxic,CloseCombat|Jolly||F|||50|]Whimsicott||FocusSash|Prankster|Protect,Moonblast,Tailwind,Charm|Bold||F|||50|]Basculegion||ChoiceScarf|Adaptability|WaveCrash,LastRespects,AquaJet,FlipTurn|Jolly||M|||50|]Ninetales||PasshoBerry|Drought|Protect,HeatWave,SolarBeam,FakeTears|Timid||F|||50|
|
|t:|1782397960
|teamsize|p1|4
|teamsize|p2|4
|start
|switch|p1a: Whimsicott|Whimsicott, L50, F, shiny|100/100
|switch|p1b: Basculegion|Basculegion, L50, M, shiny|100/100
|switch|p2a: Sneasler|Sneasler, L50, F|100/100
|switch|p2b: Pyroar|Pyroar, L50, M|100/100
|turn|1
|
|t:|1782397988
|detailschange|p2b: Pyroar|Pyroar-Mega, L50, M
|-mega|p2b: Pyroar|Pyroar|Pyroarite
|move|p1a: Whimsicott|Protect|p1a: Whimsicott
|-singleturn|p1a: Whimsicott|Protect
|move|p2b: Pyroar|Overheat|p1b: Basculegion
|-resisted|p1b: Basculegion|1
|-damage|p1b: Basculegion|45/100
|-unboost|p2b: Pyroar|spa|2
|move|p2a: Sneasler|Toxic|p1b: Basculegion
|-status|p1b: Basculegion|tox
|move|p1b: Basculegion|Flip Turn|p2b: Pyroar
|-supereffective|p2b: Pyroar|1
|-damage|p2b: Pyroar|6/100
|
|t:|1782398011
|switch|p1b: Pelipper|Pelipper, L50, M, shiny|100/100|[from] Flip Turn
|-weather|RainDance|[from] ability: Drizzle|[of] p1b: Pelipper
|
|-weather|RainDance|[upkeep]
|upkeep
|turn|2
|
|t:|1782398027
|switch|p2a: Ninetales|Ninetales, L50, F|100/100
|-weather|SunnyDay|[from] ability: Drought|[of] p2a: Ninetales
|move|p2b: Pyroar|Protect|p2b: Pyroar
|-singleturn|p2b: Pyroar|Protect
|move|p1a: Whimsicott|Tailwind|p1a: Whimsicott
|-sidestart|p1: Divine Monkey King|move: Tailwind
|move|p1b: Pelipper|Hurricane|p2a: Ninetales
|-damage|p2a: Ninetales|42/100
|-start|p2a: Ninetales|confusion
|
|-weather|SunnyDay|[upkeep]
|upkeep
|turn|3
|
|t:|1782398050
|switch|p2b: Sneasler|Sneasler, L50, F|100/100
|move|p1a: Whimsicott|Beat Up|p2b: Sneasler
|-resisted|p2b: Sneasler|1
|-damage|p2b: Sneasler|98/100
|-resisted|p2b: Sneasler|1
|-damage|p2b: Sneasler|97/100
|-resisted|p2b: Sneasler|1
|-damage|p2b: Sneasler|95/100
|-hitcount|p2b: Sneasler|3
|move|p1b: Pelipper|Hurricane|p2a: Ninetales
|-crit|p2a: Ninetales
|-damage|p2a: Ninetales|0 fnt
|faint|p2a: Ninetales
|
|-weather|SunnyDay|[upkeep]
|upkeep
|
|t:|1782398063
|switch|p2a: Pyroar|Pyroar-Mega, L50, M|6/100
|turn|4
|
|t:|1782398084
|move|p2b: Sneasler|Fake Out|p1b: Pelipper
|-damage|p1b: Pelipper|82/100
|move|p1a: Whimsicott|Beat Up|p2a: Pyroar
|-damage|p2a: Pyroar|4/100
|-damage|p2a: Pyroar|1/100
|-damage|p2a: Pyroar|0 fnt
|faint|p2a: Pyroar
|-hitcount|p2: Pyroar|3
|cant|p1b: Pelipper|flinch
|
|-weather|SunnyDay|[upkeep]
|upkeep
|
|t:|1782398090
|switch|p2a: Basculegion|Basculegion, L50, M|100/100
|turn|5
|
|t:|1782398110
|switch|p1b: Basculegion|Basculegion, L50, M, shiny|45/100 tox
|move|p1a: Whimsicott|Encore|p2b: Sneasler
|-start|p2b: Sneasler|Encore
|move|p2b: Sneasler|Fake Out||[still]
|-hint|Fake Out only works on your first turn out.
|-fail|p2b: Sneasler
|move|p2a: Basculegion|Last Respects|p1a: Whimsicott
|-enditem|p1a: Whimsicott|Focus Sash
|-damage|p1a: Whimsicott|1/100
|
|-weather|SunnyDay|[upkeep]
|-damage|p1b: Basculegion|39/100 tox|[from] psn
|-sideend|p1: Divine Monkey King|move: Tailwind
|upkeep
|turn|6
|
|t:|1782398129
|move|p1b: Basculegion|Protect|p1b: Basculegion
|-singleturn|p1b: Basculegion|Protect
|move|p1a: Whimsicott|Tailwind|p1a: Whimsicott
|-sidestart|p1: Divine Monkey King|move: Tailwind
|move|p2a: Basculegion|Last Respects|p1b: Basculegion
|-activate|p1b: Basculegion|move: Protect
|-activate|p2b: Sneasler|move: Struggle
|move|p2b: Sneasler|Struggle|p1a: Whimsicott
|-damage|p1a: Whimsicott|0 fnt
|faint|p1a: Whimsicott
|-damage|p2b: Sneasler|70/100|[from] recoil
|
|-weather|none
|-damage|p1b: Basculegion|26/100 tox|[from] psn
|upkeep
|
|t:|1782398143
|switch|p1a: Pelipper|Pelipper, L50, M, shiny|82/100
|-weather|RainDance|[from] ability: Drizzle|[of] p1a: Pelipper
|turn|7
|
|t:|1782398156
|move|p1b: Basculegion|Last Respects|p2a: Basculegion
|-supereffective|p2a: Basculegion|1
|-damage|p2a: Basculegion|0 fnt
|faint|p2a: Basculegion
|move|p1a: Pelipper|Hurricane|p2b: Sneasler
|-supereffective|p2b: Sneasler|1
|-damage|p2b: Sneasler|0 fnt
|faint|p2b: Sneasler
|
|win|Divine Monkey King
|raw|Divine Monkey King's rating: 1067 → 1094(+27 for winning)
|raw|sybaushowdown's rating: 1028 → 1015(-13 for losing)
|l|☆sybaushowdown
|player|p2|
|c|☆Divine Monkey King|Gg
