|j|☆Giocostorto
|j|☆Doomnik
|html|GiocostortoDoomnik    
|uhtml|bestof|Game 2 of a best-of-3
|t:|1756414723
|gametype|doubles
|player|p1|Giocostorto|palmer|1172
|player|p2|Doomnik|hiker-gen4|1075
|gen|9
|tier|[Gen 9] VGC 2025 Reg H (Bo3)
|rated|
|rule|Species Clause: Limit one of each Pokémon
|rule|Item Clause: Limit 1 of each item
|clearpoke
|poke|p1|Oricorio-Pom-Pom, L50, M|
|poke|p1|Volcarona, L50, F|
|poke|p1|Maushold, L50|
|poke|p1|Annihilape, L50, M|
|poke|p1|Basculegion, L50, M|
|poke|p1|Farigiraf, L50, F|
|poke|p2|Ninetales-Alola, L50, M|
|poke|p2|Ursaluna-Bloodmoon, L50, M|
|poke|p2|Maushold-Four, L50|
|poke|p2|Annihilape, L50, M|
|poke|p2|Klefki, L50, M|
|poke|p2|Sinistcha-Masterpiece, L50|
|teampreview|4
|showteam|p1|Oricorio-Pom-Pom||FocusSash|Dancer|Hurricane,RevelationDance,Tailwind,Protect|||M|||50|,,,,,Ghost]Volcarona||CovertCloak|FlameBody|FieryDance,TeraBlast,QuiverDance,Protect|||F|||50|,,,,,Fairy]Maushold||SafetyGoggles|FriendGuard|BeatUp,Taunt,FollowMe,Protect||||||50|,,,,,Ghost]Annihilape||SitrusBerry|Defiant|Protect,BulkUp,DrainPunch,RageFist|||M|||50|,,,,,Fire]Basculegion||ChoiceScarf|Adaptability|WaveCrash,LastRespects,FlipTurn,AquaJet|||M|||50|,,,,,Water]Farigiraf||ThroatSpray|ArmorTail|Psychic,HyperVoice,TrickRoom,Imprison|||F|||50|,,,,,Fairy
|showteam|p2|Ninetales-Alola||FocusSash|SnowWarning|Blizzard,FreezeDry,Encore,Protect|||M|||50|,,,,,Ghost]Ursaluna-Bloodmoon||AssaultVest|MindsEye|BloodMoon,EarthPower,HyperVoice,VacuumWave|||M|||50|,,,,,Water]Maushold-Four||SafetyGoggles|FriendGuard|BeatUp,Taunt,FollowMe,Protect||||||50|,,,,,Ghost]Annihilape||Leftovers|Defiant|DrainPunch,RageFist,BulkUp,Protect|||M|||50|,,,,,Fire]Klefki||LightClay|Prankster|DazzlingGleam,Reflect,LightScreen,MistyTerrain|||M|||50|,,,,,Ghost]Sinistcha-Masterpiece||SitrusBerry|Hospitality|MatchaGotcha,RagePowder,LifeDew,TrickRoom||||||50|,,,,,Water
|inactive|Battle timer is ON: inactive players will automatically lose when time's up. (requested by Giocostorto)
|
|t:|1756414742
|teamsize|p1|4
|teamsize|p2|4
|start
|switch|p1a: Maushold|Maushold, L50|100/100
|switch|p1b: Annihilape|Annihilape, L50, M|100/100
|switch|p2a: Ninetales|Ninetales-Alola, L50, M|100/100
|switch|p2b: Ursaluna|Ursaluna-Bloodmoon, L50, M|100/100
|-weather|Snowscape|[from] ability: Snow Warning|[of] p2a: Ninetales
|turn|1
|
|t:|1756414764
|move|p1a: Maushold|Protect|p1a: Maushold
|-singleturn|p1a: Maushold|Protect
|move|p1b: Annihilape|Protect|p1b: Annihilape
|-singleturn|p1b: Annihilape|Protect
|move|p2a: Ninetales|Blizzard|p1a: Maushold|[spread] 
|-activate|p1a: Maushold|move: Protect
|-activate|p1b: Annihilape|move: Protect
|move|p2b: Ursaluna|Hyper Voice|p1a: Maushold|[spread] 
|-activate|p1a: Maushold|move: Protect
|-activate|p1b: Annihilape|move: Protect
|
|-weather|Snowscape|[upkeep]
|upkeep
|turn|2
|
|t:|1756414785
|move|p1a: Maushold|Follow Me|p1a: Maushold
|-singleturn|p1a: Maushold|move: Follow Me
|move|p2a: Ninetales|Encore|p1a: Maushold
|-start|p1a: Maushold|Encore
|move|p1b: Annihilape|Drain Punch|p2b: Ursaluna
|-supereffective|p2b: Ursaluna
|-damage|p2b: Ursaluna|54/100
|move|p2b: Ursaluna|Hyper Voice|p1b: Annihilape|[spread] p1a,p1b
|-damage|p1a: Maushold|55/100
|-damage|p1b: Annihilape|78/100
|
|-weather|Snowscape|[upkeep]
|upkeep
|turn|3
|inactive|Giocostorto has 30 seconds left.
|
|t:|1756414824
|-terastallize|p2b: Ursaluna|Water
|move|p1a: Maushold|Follow Me|p1a: Maushold
|-singleturn|p1a: Maushold|move: Follow Me
|move|p2a: Ninetales|Blizzard|p1a: Maushold|[spread] p1a,p1b
|-damage|p1a: Maushold|19/100
|-damage|p1b: Annihilape|58/100
|move|p1b: Annihilape|Rage Fist|p2a: Ninetales
|-damage|p2a: Ninetales|43/100
|move|p2b: Ursaluna|Blood Moon|p1a: Maushold
|-damage|p1a: Maushold|0 fnt
|faint|p1a: Maushold
|
|-weather|Snowscape|[upkeep]
|upkeep
|
|t:|1756414835
|switch|p1a: Volcarona|Volcarona, L50, F|100/100
|turn|4
|
|t:|1756414843
|switch|p2a: Sinistcha|Sinistcha-Masterpiece, L50|100/100
|-heal|p2b: Ursaluna|79/100|[from] ability: Hospitality|[of] p2a: Sinistcha
|move|p1b: Annihilape|Protect|p1b: Annihilape
|-singleturn|p1b: Annihilape|Protect
|move|p1a: Volcarona|Quiver Dance|p1a: Volcarona
|-boost|p1a: Volcarona|spa|1
|-boost|p1a: Volcarona|spd|1
|-boost|p1a: Volcarona|spe|1
|move|p2b: Ursaluna|Earth Power|p1a: Volcarona
|-damage|p1a: Volcarona|72/100
|
|-weather|Snowscape|[upkeep]
|upkeep
|turn|5
|inactive|Giocostorto has 30 seconds left.
|inactive|Doomnik has 30 seconds left.
|inactive|Doomnik has 20 seconds left.
|
|t:|1756414878
|switch|p2a: Ninetales|Ninetales-Alola, L50, M|43/100
|move|p1a: Volcarona|Fiery Dance|p2a: Ninetales
|-supereffective|p2a: Ninetales
|-damage|p2a: Ninetales|0 fnt
|faint|p2a: Ninetales
|move|p1b: Annihilape|Rage Fist|p2b: Ursaluna
|-damage|p2b: Ursaluna|35/100
|move|p2b: Ursaluna|Blood Moon|p1b: Annihilape
|-damage|p1b: Annihilape|0 fnt
|faint|p1b: Annihilape
|
|-weather|none
|upkeep
|
|t:|1756414890
|switch|p2a: Sinistcha|Sinistcha-Masterpiece, L50|100/100
|switch|p1b: Basculegion|Basculegion, L50, M|100/100
|-heal|p2b: Ursaluna|59/100|[from] ability: Hospitality|[of] p2a: Sinistcha
|turn|6
|inactive|Doomnik has 30 seconds left.
|inactive|Giocostorto has 30 seconds left.
|inactive|Doomnik has 20 seconds left.
|
|t:|1756414930
|move|p2a: Sinistcha|Rage Powder|p2a: Sinistcha
|-singleturn|p2a: Sinistcha|move: Rage Powder
|move|p1a: Volcarona|Fiery Dance|p2a: Sinistcha
|-supereffective|p2a: Sinistcha
|-damage|p2a: Sinistcha|0 fnt
|-boost|p1a: Volcarona|spa|1
|faint|p2a: Sinistcha
|move|p1b: Basculegion|Last Respects|p2b: Ursaluna
|-damage|p2b: Ursaluna|0 fnt
|faint|p2b: Ursaluna
|
|upkeep
|-message|Doomnik forfeited.
|
|win|Giocostorto
|raw|Giocostorto's rating: 1172 → 1190(+18 for winning)
|raw|Doomnik's rating: 1075 → 1060(-15 for losing)
