|j|☆bujero
|j|☆360pk
|html|bujero360pk    
|uhtml|bestof|Game 3 of a best-of-3
|t:|1756031485
|gametype|doubles
|player|p1|bujero|265|1262
|player|p2|360pk|1|1301
|gen|9
|tier|[Gen 9] VGC 2025 Reg H (Bo3)
|rated|
|rule|Species Clause: Limit one of each Pokémon
|rule|Item Clause: Limit 1 of each item
|clearpoke
|poke|p1|Torkoal, L50, M|
|poke|p1|Lilligant-Hisui, L50, F|
|poke|p1|Tauros-Paldea-Blaze, L50, M|
|poke|p1|Muk-Alola, L50, F|
|poke|p1|Electrode-Hisui, L50|
|poke|p1|Maushold, L50|
|poke|p2|Baxcalibur, L50, F|
|poke|p2|Kingambit, L50, M|
|poke|p2|Volcarona, L50, M|
|poke|p2|Dondozo, L50, M|
|poke|p2|Sneasler, L50, F|
|poke|p2|Rillaboom, L50, M|
|teampreview|4
|showteam|p1|Torkoal||Charcoal|Drought|Eruption,Protect,HeatWave,HelpingHand|||M|||50|,,,,,Fire]Lilligant-Hisui||FocusSash|Chlorophyll|SleepPowder,CloseCombat,LeafBlade,Coaching|||F|||50|,,,,,Poison]Tauros-Paldea-Blaze||ClearAmulet|Intimidate|RagingBull,Protect,CloseCombat,WildCharge|||M|||50|,,,,,Water]Muk-Alola||AssaultVest|PoisonTouch|KnockOff,ThunderPunch,IcePunch,PoisonJab|||F|||50|,,,,,Dragon]Electrode-Hisui||CovertCloak|Static|ThunderWave,EnergyBall,Taunt,Electroweb||||||50|,,,,,Dark]Maushold||SafetyGoggles|Technician|PopulationBomb,Taunt,FollowMe,Encore||||||50|,,,,,Ghost
|showteam|p2|Baxcalibur||LoadedDice|ThermalExchange|Protect,IcicleSpear,ScaleShot,IceShard|||F|||50|,,,,,Ghost]Kingambit||SafetyGoggles|Defiant|Protect,KowtowCleave,SuckerPunch,SwordsDance|||M|||50|,,,,,Ghost]Volcarona||CovertCloak|FlameBody|HeatWave,TeraBlast,QuiverDance,RagePowder|||M|||50|,,,,,Fairy]Dondozo||Leftovers|Unaware|Protect,Liquidation,Yawn,Fissure|||M|||50|,,,,,Poison]Sneasler||FocusSash|Unburden|Protect,CloseCombat,DireClaw,Coaching|||F|||50|,,,,,Stellar]Rillaboom||AssaultVest|GrassySurge|WoodHammer,GrassyGlide,FakeOut,HighHorsepower|||M|||50|,,,,,Water
|inactive|Battle timer is ON: inactive players will automatically lose when time's up. (requested by 360pk)
|
|t:|1756031509
|teamsize|p1|4
|teamsize|p2|4
|start
|switch|p1a: Lilligant|Lilligant-Hisui, L50, F|100/100
|switch|p1b: Tauros|Tauros-Paldea-Blaze, L50, M|100/100
|switch|p2a: Sneasler|Sneasler, L50, F|100/100
|switch|p2b: Baxcalibur|Baxcalibur, L50, F|100/100
|-ability|p1b: Tauros|Intimidate|boost
|-unboost|p2a: Sneasler|atk|1
|-unboost|p2b: Baxcalibur|atk|1
|turn|1
|
|t:|1756031530
|move|p2b: Baxcalibur|Ice Shard|p1a: Lilligant
|-supereffective|p1a: Lilligant
|-damage|p1a: Lilligant|47/100
|move|p2a: Sneasler|Dire Claw|p1a: Lilligant
|-supereffective|p1a: Lilligant
|-crit|p1a: Lilligant
|-damage|p1a: Lilligant|0 fnt
|faint|p1a: Lilligant
|move|p1b: Tauros|Raging Bull|p2a: Sneasler
|-damage|p2a: Sneasler|24/100
|
|upkeep
|
|t:|1756031536
|switch|p1a: Torkoal|Torkoal, L50, M|100/100
|-weather|SunnyDay|[from] ability: Drought|[of] p1a: Torkoal
|turn|2
|
|t:|1756031547
|move|p2b: Baxcalibur|Protect|p2b: Baxcalibur
|-singleturn|p2b: Baxcalibur|Protect
|move|p2a: Sneasler|Coaching|p2b: Baxcalibur
|-boost|p2b: Baxcalibur|atk|1
|-boost|p2b: Baxcalibur|def|1
|move|p1b: Tauros|Raging Bull|p2a: Sneasler
|-damage|p2a: Sneasler|0 fnt
|faint|p2a: Sneasler
|move|p1a: Torkoal|Heat Wave|p2b: Baxcalibur
|-activate|p2b: Baxcalibur|move: Protect
|
|-weather|SunnyDay|[upkeep]
|upkeep
|
|t:|1756031554
|switch|p2a: Rillaboom|Rillaboom, L50, M|100/100
|-fieldstart|move: Grassy Terrain|[from] ability: Grassy Surge|[of] p2a: Rillaboom
|turn|3
|
|t:|1756031563
|move|p1b: Tauros|Protect|p1b: Tauros
|-singleturn|p1b: Tauros|Protect
|move|p1a: Torkoal|Protect|p1a: Torkoal
|-singleturn|p1a: Torkoal|Protect
|move|p2a: Rillaboom|Fake Out|p1a: Torkoal
|-activate|p1a: Torkoal|move: Protect
|move|p2b: Baxcalibur|Scale Shot|p1b: Tauros
|-activate|p1b: Tauros|move: Protect
|
|-weather|SunnyDay|[upkeep]
|upkeep
|turn|4
|
|t:|1756031576
|-terastallize|p2a: Rillaboom|Water
|move|p2b: Baxcalibur|Protect|p2b: Baxcalibur
|-singleturn|p2b: Baxcalibur|Protect
|move|p1b: Tauros|Raging Bull|p2a: Rillaboom
|-resisted|p2a: Rillaboom
|-damage|p2a: Rillaboom|66/100
|move|p2a: Rillaboom|High Horsepower|p1b: Tauros
|-supereffective|p1b: Tauros
|-damage|p1b: Tauros|27/100
|move|p1a: Torkoal|Heat Wave|p2b: Baxcalibur|[spread] p2a
|-activate|p2b: Baxcalibur|move: Protect
|-resisted|p2a: Rillaboom
|-damage|p2a: Rillaboom|47/100
|
|-weather|SunnyDay|[upkeep]
|-heal|p1b: Tauros|33/100|[from] Grassy Terrain
|-heal|p2a: Rillaboom|53/100|[from] Grassy Terrain
|upkeep
|turn|5
|
|t:|1756031595
|move|p1b: Tauros|Wild Charge|p2a: Rillaboom
|-supereffective|p2a: Rillaboom
|-damage|p2a: Rillaboom|0 fnt
|faint|p2a: Rillaboom
|-damage|p1b: Tauros|16/100|[from] Recoil
|move|p2b: Baxcalibur|Scale Shot|p1a: Torkoal
|-damage|p1a: Torkoal|88/100
|-damage|p1a: Torkoal|77/100
|-damage|p1a: Torkoal|65/100
|-damage|p1a: Torkoal|53/100
|-hitcount|p1a: Torkoal|4
|-unboost|p2b: Baxcalibur|def|1
|-boost|p2b: Baxcalibur|spe|1
|move|p1a: Torkoal|Heat Wave|p2b: Baxcalibur
|-damage|p2b: Baxcalibur|27/100
|-ability|p2b: Baxcalibur|Thermal Exchange|boost
|-boost|p2b: Baxcalibur|atk|1
|
|-weather|SunnyDay|[upkeep]
|-heal|p2b: Baxcalibur|33/100|[from] Grassy Terrain
|-heal|p1b: Tauros|22/100|[from] Grassy Terrain
|-heal|p1a: Torkoal|58/100|[from] Grassy Terrain
|upkeep
|
|t:|1756031611
|switch|p2a: Dondozo|Dondozo, L50, M|100/100
|turn|6
|
|t:|1756031619
|move|p2b: Baxcalibur|Protect|p2b: Baxcalibur
|-singleturn|p2b: Baxcalibur|Protect
|move|p1b: Tauros|Protect|p1b: Tauros
|-singleturn|p1b: Tauros|Protect
|move|p1a: Torkoal|Protect|p1a: Torkoal
|-singleturn|p1a: Torkoal|Protect
|move|p2a: Dondozo|Liquidation|p1a: Torkoal
|-activate|p1a: Torkoal|move: Protect
|
|-weather|none
|-heal|p2b: Baxcalibur|40/100|[from] Grassy Terrain
|-heal|p1b: Tauros|28/100|[from] Grassy Terrain
|-heal|p1a: Torkoal|64/100|[from] Grassy Terrain
|upkeep
|turn|7
|
|t:|1756031638
|-terastallize|p1a: Torkoal|Fire
|move|p2b: Baxcalibur|Icicle Spear|p1b: Tauros
|-resisted|p1b: Tauros
|-damage|p1b: Tauros|14/100
|-resisted|p1b: Tauros
|-crit|p1b: Tauros
|-damage|p1b: Tauros|0 fnt
|faint|p1b: Tauros
|-hitcount|p1: Tauros|2
|move|p2a: Dondozo|Liquidation|p1a: Torkoal
|-supereffective|p1a: Torkoal
|-damage|p1a: Torkoal|14/100
|move|p1a: Torkoal|Heat Wave|p2a: Dondozo|[spread] p2a,p2b
|-resisted|p2a: Dondozo
|-damage|p2a: Dondozo|84/100
|-damage|p2b: Baxcalibur|0 fnt
|faint|p2b: Baxcalibur
|
|-heal|p2a: Dondozo|90/100|[from] Grassy Terrain
|-heal|p2a: Dondozo|97/100|[from] item: Leftovers
|-heal|p1a: Torkoal|20/100|[from] Grassy Terrain
|-fieldend|move: Grassy Terrain
|upkeep
|
|t:|1756031651
|switch|p1b: Electrode|Electrode-Hisui, L50|100/100
|turn|8
|-message|360pk forfeited.
|
|win|bujero
|raw|bujero's rating: 1262 → 1290(+28 for winning)
|raw|360pk's rating: 1301 → 1279(-22 for losing)
|l|☆360pk
|player|p2|
