|j|☆kharnvgc
|j|‽Javis2025
|html|kharnvgcJavis2025    
|uhtml|bestof|Game 1 of a best-of-3
|t:|1785100994
|gametype|doubles
|player|p1|kharnvgc|veteran|1059
|player|p2|Javis2025|265|1154
|gen|9
|tier|[Gen 9 Champions] VGC 2026 Reg M-B (Bo3)
|rated|
|rule|Species Clause: Limit one of each Pokémon
|rule|Item Clause: Limit 1 of each item
|clearpoke
|poke|p1|Steelix, L50, F|
|poke|p1|Garchomp, L50, M|
|poke|p1|Tyranitar, L50, M|
|poke|p1|Farigiraf, L50, F|
|poke|p1|Sylveon, L50, M|
|poke|p1|Milotic, L50, F|
|poke|p2|Froslass, L50, F|
|poke|p2|Toxapex, L50, F|
|poke|p2|Lycanroc-Dusk, L50, F|
|poke|p2|Kingambit, L50, F|
|poke|p2|Grimmsnarl, L50, M|
|poke|p2|Garchomp, L50, M|
|teampreview|4
|showteam|p1|Steelix||Steelixite|Sturdy|Protect,HighHorsepower,WideGuard,HeavySlam|Careful||F|||50|]Garchomp||LifeOrb|SandVeil|Protect,RockSlide,DragonClaw,StompingTantrum|Jolly||M|||50|]Tyranitar||Tyranitarite|SandStream|Protect,RockSlide,BrickBreak,KnockOff|Adamant||M|||50|]Farigiraf||SitrusBerry|ArmorTail|Protect,TrickRoom,Psychic,HyperVoice|Bold||F|||50|]Sylveon||FairyFeather|Pixilate|Protect,BabyDollEyes,HyperBeam,HyperVoice|Modest||M|||50|]Milotic||Leftovers|Competitive|Protect,Coil,Hypnosis,MuddyWater|Bold||F|||50|
|showteam|p2|Froslass||Froslassite|SnowCloak|AuroraVeil,ShadowBall,Blizzard,Protect|Timid||F|||50|]Toxapex||Leftovers|Regenerator|BanefulBunker,WideGuard,Infestation,Toxic|Bold||F|||50|]Lycanroc-Dusk||FocusSash|ToughClaws|CloseCombat,RockSlide,Protect,Accelerock|Adamant||F|||50|]Kingambit||BlackGlasses|Defiant|IronHead,SuckerPunch,KowtowCleave,Protect|Adamant||F|||50|]Grimmsnarl||RoseliBerry|Prankster|FakeOut,PartingShot,SpiritBreak,ScaryFace|Careful||M|||50|]Garchomp||LifeOrb|RoughSkin|DragonClaw,RockSlide,StompingTantrum,Protect|Adamant||M|||50|
|inactive|Battle timer is ON: inactive players will automatically lose when time's up. (requested by Javis2025)
|
|t:|1785101033
|teamsize|p1|4
|teamsize|p2|4
|start
|switch|p1a: Steelix|Steelix, L50, F|100/100
|switch|p1b: Farigiraf|Farigiraf, L50, F|100/100
|switch|p2a: Toxapex|Toxapex, L50, F|100/100
|switch|p2b: Lycanroc|Lycanroc-Dusk, L50, F|100/100
|turn|1
|
|t:|1785101053
|move|p1a: Steelix|Protect|p1a: Steelix
|-singleturn|p1a: Steelix|Protect
|move|p2b: Lycanroc|Close Combat|p1a: Steelix
|-activate|p1a: Steelix|move: Protect
|move|p2a: Toxapex|Infestation|p1b: Farigiraf
|-supereffective|p1b: Farigiraf|1
|-damage|p1b: Farigiraf|94/100
|-activate|p1b: Farigiraf|move: Infestation|[of] p2a: Toxapex
|move|p1b: Farigiraf|Trick Room|p1b: Farigiraf
|-fieldstart|move: Trick Room|[of] p1b: Farigiraf
|
|-damage|p1b: Farigiraf|81/100|[from] move: Infestation|[partiallytrapped]
|upkeep
|turn|2
|
|t:|1785101072
|detailschange|p1a: Steelix|Steelix-Mega, L50, F
|-mega|p1a: Steelix|Steelix|Steelixite
|move|p2b: Lycanroc|Protect|p2b: Lycanroc
|-singleturn|p2b: Lycanroc|Protect
|move|p1a: Steelix|High Horsepower|p2a: Toxapex
|-supereffective|p2a: Toxapex|1
|-damage|p2a: Toxapex|42/100
|move|p2a: Toxapex|Toxic|p1b: Farigiraf
|-status|p1b: Farigiraf|tox
|move|p1b: Farigiraf|Psychic|p2a: Toxapex
|-supereffective|p2a: Toxapex|1
|-damage|p2a: Toxapex|0 fnt
|faint|p2a: Toxapex
|
|-damage|p1b: Farigiraf|75/100 tox|[from] psn
|-end|p1b: Farigiraf|Infestation|[partiallytrapped]|[silent]
|upkeep
|
|t:|1785101089
|switch|p2a: Garchomp|Garchomp, L50, M|100/100
|turn|3
|
|t:|1785101111
|move|p1a: Steelix|Heavy Slam|p2b: Lycanroc
|-supereffective|p2b: Lycanroc|1
|-enditem|p2b: Lycanroc|Focus Sash
|-damage|p2b: Lycanroc|1/100
|move|p1b: Farigiraf|Psychic|p2b: Lycanroc
|-damage|p2b: Lycanroc|0 fnt
|faint|p2b: Lycanroc
|move|p2a: Garchomp|Stomping Tantrum|p1a: Steelix
|-supereffective|p1a: Steelix|1
|-damage|p1a: Steelix|55/100
|-damage|p2a: Garchomp|90/100|[from] item: Life Orb
|
|-damage|p1b: Farigiraf|63/100 tox|[from] psn
|upkeep
|
|t:|1785101131
|switch|p2b: Froslass|Froslass, L50, F|100/100
|turn|4
|
|t:|1785101144
|detailschange|p2b: Froslass|Froslass-Mega, L50, F
|-mega|p2b: Froslass|Froslass|Froslassite
|-weather|Snowscape|[from] ability: Snow Warning|[of] p2b: Froslass
|move|p1a: Steelix|Heavy Slam|p2a: Garchomp
|-damage|p2a: Garchomp|49/100
|-damage|p1a: Steelix|42/100|[from] ability: Rough Skin|[of] p2a: Garchomp
|move|p1b: Farigiraf|Psychic|p2a: Garchomp
|-damage|p2a: Garchomp|14/100
|move|p2a: Garchomp|Stomping Tantrum|p1a: Steelix
|-supereffective|p1a: Steelix|1
|-damage|p1a: Steelix|2/100
|-damage|p2a: Garchomp|4/100|[from] item: Life Orb
|move|p2b: Froslass|Aurora Veil|p2b: Froslass
|-sidestart|p2: Javis2025|move: Aurora Veil
|
|-weather|Snowscape|[upkeep]
|-damage|p1b: Farigiraf|45/100 tox|[from] psn
|upkeep
|-enditem|p1b: Farigiraf|Sitrus Berry|[eat]
|-heal|p1b: Farigiraf|70/100 tox|[from] item: Sitrus Berry
|turn|5
|
|t:|1785101168
|switch|p1b: Tyranitar|Tyranitar, L50, M|100/100
|-weather|Sandstorm|[from] ability: Sand Stream|[of] p1b: Tyranitar
|move|p1a: Steelix|Heavy Slam|p2a: Garchomp
|-damage|p2a: Garchomp|0 fnt
|-damage|p1a: Steelix|0 fnt|[from] ability: Rough Skin|[of] p2a: Garchomp
|faint|p2a: Garchomp
|faint|p1a: Steelix
|move|p2b: Froslass|Blizzard|p1b: Tyranitar
|-damage|p1b: Tyranitar|64/100
|
|-weather|Sandstorm|[upkeep]
|-damage|p2b: Froslass|93/100|[from] Sandstorm
|-fieldend|move: Trick Room
|upkeep
|
|t:|1785101182
|switch|p1a: Farigiraf|Farigiraf, L50, F|70/100 tox
|turn|6
|
|t:|1785101188
|move|p1b: Tyranitar|Protect|p1b: Tyranitar
|-singleturn|p1b: Tyranitar|Protect
|move|p2b: Froslass|Blizzard|p1a: Farigiraf|[spread] p1a
|-activate|p1b: Tyranitar|move: Protect
|-damage|p1a: Farigiraf|28/100 tox
|move|p1a: Farigiraf|Trick Room|p1a: Farigiraf
|-fieldstart|move: Trick Room|[of] p1a: Farigiraf
|
|-weather|Sandstorm|[upkeep]
|-damage|p1a: Farigiraf|22/100 tox|[from] Sandstorm
|-damage|p2b: Froslass|87/100|[from] Sandstorm
|-damage|p1a: Farigiraf|16/100 tox|[from] psn
|upkeep
|turn|7
|
|t:|1785101205
|move|p1a: Farigiraf|Psychic|p2b: Froslass
|-damage|p2b: Froslass|58/100
|move|p1b: Tyranitar|Knock Off|p2b: Froslass
|-supereffective|p2b: Froslass|1
|-damage|p2b: Froslass|0 fnt
|faint|p2b: Froslass
|
|win|kharnvgc
