|j|☆RajSpeedTieDesai
|j|☆AirBloom
|html|RajSpeedTieDesaiAirBloom    
|uhtml|bestof|Game 1 of a best-of-3
|t:|1783167272
|gametype|doubles
|player|p1|RajSpeedTieDesai|170|1251
|player|p2|AirBloom|sabrina|1168
|gen|9
|tier|[Gen 9 Champions] VGC 2026 Reg M-B (Bo3)
|rated|
|rule|Species Clause: Limit one of each Pokémon
|rule|Item Clause: Limit 1 of each item
|clearpoke
|poke|p1|Gengar, L50, M|
|poke|p1|Sylveon, L50, M|
|poke|p1|Incineroar, L50, M|
|poke|p1|Politoed, L50, F|
|poke|p1|Archaludon, L50, M|
|poke|p1|Vivillon, L50, M|
|poke|p2|Pelipper, L50, F|
|poke|p2|Archaludon, L50, M|
|poke|p2|Sneasler, L50, M|
|poke|p2|Swampert, L50, M|
|poke|p2|Venusaur, L50, M|
|poke|p2|Grimmsnarl, L50, M, shiny|
|teampreview|4
|showteam|p1|Gengar||Gengarite|CursedBody|ShadowBall,PerishSong,SludgeBomb,Protect|Timid||M|||50|]Sylveon||FairyFeather|Pixilate|HyperVoice,HyperBeam,Yawn,Detect|Modest||M|||50|]Incineroar||PasshoBerry|Intimidate|DarkestLariat,PartingShot,FakeOut,Protect|Sassy||M|||50|]Politoed||SitrusBerry|Drizzle|WeatherBall,PerishSong,Encore,Protect|Calm||F|||50|]Archaludon||Leftovers|Stamina|DragonPulse,FlashCannon,ElectroShot,Protect|Bold||M|||50|]Vivillon||FocusSash|CompoundEyes|Hurricane,SleepPowder,RagePowder,Protect|Timid||M|||50|
|showteam|p2|Pelipper||SitrusBerry|Drizzle|Hurricane,WeatherBall,Tailwind,WideGuard|Timid||F|||50|]Archaludon||Leftovers|Stamina|DragonPulse,FlashCannon,ElectroShot,Protect|Modest||M|||50|]Sneasler||FocusSash|PoisonTouch|FakeOut,CloseCombat,Protect,DireClaw|Adamant||M|||50|]Swampert||Swampertite|Damp|WaveCrash,Earthquake,FlipTurn,Protect|Adamant||M|||50|]Venusaur||Venusaurite|Overgrow|GigaDrain,Protect,LeechSeed,SludgeBomb|Modest||M|||50|]Grimmsnarl||LightClay|Prankster|Reflect,LightScreen,PartingShot,SpiritBreak|Careful||M|||50|
|inactive|Battle timer is ON: inactive players will automatically lose when time's up. (requested by RajSpeedTieDesai)
|inactive|RajSpeedTieDesai has 60 seconds left.
|inactive|AirBloom has 60 seconds left.
|inactive|AirBloom has 30 seconds left.
|inactive|AirBloom has 20 seconds left.
|inactive|AirBloom has 15 seconds left.
|inactive|AirBloom has 10 seconds left.
|inactive|AirBloom has 5 seconds left.
|
|t:|1783167361
|teamsize|p1|4
|teamsize|p2|4
|start
|switch|p1a: Vivillon|Vivillon, L50, M|100/100
|switch|p1b: Incineroar|Incineroar, L50, M|100/100
|switch|p2a: Grimmsnarl|Grimmsnarl, L50, M, shiny|100/100
|switch|p2b: Swampert|Swampert, L50, M|100/100
|-ability|p1b: Incineroar|Intimidate|boost
|-unboost|p2a: Grimmsnarl|atk|1
|-unboost|p2b: Swampert|atk|1
|turn|1
|
|t:|1783167374
|move|p2b: Swampert|Protect|p2b: Swampert
|-singleturn|p2b: Swampert|Protect
|move|p1a: Vivillon|Sleep Powder|p2a: Grimmsnarl
|-status|p2a: Grimmsnarl|slp|[from] move: Sleep Powder
|cant|p2a: Grimmsnarl|slp
|move|p1b: Incineroar|Parting Shot|p2b: Swampert
|-activate|p2b: Swampert|move: Protect
|
|upkeep
|turn|2
|
|t:|1783167398
|switch|p2b: Archaludon|Archaludon, L50, M|100/100
|move|p1a: Vivillon|Sleep Powder|p2b: Archaludon
|-status|p2b: Archaludon|slp|[from] move: Sleep Powder
|cant|p2a: Grimmsnarl|slp
|move|p1b: Incineroar|Parting Shot|p2b: Archaludon
|-unboost|p2b: Archaludon|atk|1
|-unboost|p2b: Archaludon|spa|1
|
|t:|1783167404
|switch|p1b: Gengar|Gengar, L50, M|100/100|[from] Parting Shot
|
|upkeep
|turn|3
|
|t:|1783167415
|detailschange|p1b: Gengar|Gengar-Mega, L50, M
|-mega|p1b: Gengar|Gengar|Gengarite
|move|p1b: Gengar|Perish Song|p1b: Gengar
|-start|p1a: Vivillon|perish3|[silent]
|-start|p1b: Gengar|perish3|[silent]
|-start|p2a: Grimmsnarl|perish3|[silent]
|-start|p2b: Archaludon|perish3|[silent]
|-fieldactivate|move: Perish Song
|move|p1a: Vivillon|Sleep Powder|p2a: Grimmsnarl
|-fail|p2a: Grimmsnarl|slp
|cant|p2b: Archaludon|slp
|-curestatus|p2a: Grimmsnarl|slp|[msg]
|move|p2a: Grimmsnarl|Spirit Break|p1a: Vivillon
|-damage|p1a: Vivillon|58/100
|-unboost|p1a: Vivillon|spa|1
|
|-start|p1b: Gengar|perish3
|-start|p1a: Vivillon|perish3
|-start|p2b: Archaludon|perish3
|-start|p2a: Grimmsnarl|perish3
|upkeep
|turn|4
|
|t:|1783167432
|move|p1b: Gengar|Protect|p1b: Gengar
|-singleturn|p1b: Gengar|Protect
|move|p2a: Grimmsnarl|Parting Shot|p1b: Gengar
|-activate|p1b: Gengar|move: Protect
|move|p1a: Vivillon|Sleep Powder|p2a: Grimmsnarl
|-status|p2a: Grimmsnarl|slp|[from] move: Sleep Powder
|-curestatus|p2b: Archaludon|slp|[msg]
|move|p2b: Archaludon|Electro Shot||[still]
|-prepare|p2b: Archaludon|Electro Shot
|-boost|p2b: Archaludon|spa|1
|
|-start|p1b: Gengar|perish2
|-start|p1a: Vivillon|perish2
|-start|p2b: Archaludon|perish2
|-start|p2a: Grimmsnarl|perish2
|upkeep
|turn|5
|
|t:|1783167448
|move|p1a: Vivillon|Rage Powder|p1a: Vivillon
|-singleturn|p1a: Vivillon|move: Rage Powder
|cant|p2a: Grimmsnarl|slp
|move|p1b: Gengar|Shadow Ball|p2b: Archaludon
|-damage|p2b: Archaludon|55/100
|-ability|p2b: Archaludon|Stamina|boost
|-boost|p2b: Archaludon|def|1
|move|p2b: Archaludon|Electro Shot|p1a: Vivillon|[from] lockedmove
|-supereffective|p1a: Vivillon|1
|-damage|p1a: Vivillon|0 fnt
|faint|p1a: Vivillon
|
|-heal|p2b: Archaludon|61/100|[from] item: Leftovers
|-start|p1b: Gengar|perish1
|-start|p2b: Archaludon|perish1
|-start|p2a: Grimmsnarl|perish1
|upkeep
|
|t:|1783167451
|switch|p1a: Incineroar|Incineroar, L50, M|100/100
|-ability|p1a: Incineroar|Intimidate|boost
|-unboost|p2a: Grimmsnarl|atk|1
|-unboost|p2b: Archaludon|atk|1
|turn|6
|inactive|AirBloom has 30 seconds left.
|
|t:|1783167476
|switch|p1b: Archaludon|Archaludon, L50, M|100/100
|move|p1a: Incineroar|Fake Out|p2a: Grimmsnarl
|-damage|p2a: Grimmsnarl|89/100 slp
|-curestatus|p2a: Grimmsnarl|slp|[msg]
|cant|p2a: Grimmsnarl|flinch
|move|p2b: Archaludon|Dragon Pulse|p1a: Incineroar
|-damage|p1a: Incineroar|71/100
|
|-heal|p2b: Archaludon|67/100|[from] item: Leftovers
|-start|p2b: Archaludon|perish0
|-start|p2a: Grimmsnarl|perish0
|upkeep
|faint|p2b: Archaludon
|faint|p2a: Grimmsnarl
|
|t:|1783167488
|switch|p2b: Swampert|Swampert, L50, M|100/100
|switch|p2a: Pelipper|Pelipper, L50, F|100/100
|-weather|RainDance|[from] ability: Drizzle|[of] p2a: Pelipper
|turn|7
|
|t:|1783167502
|switch|p1a: Gengar|Gengar-Mega, L50, M|100/100
|detailschange|p2b: Swampert|Swampert-Mega, L50, M
|-mega|p2b: Swampert|Swampert|Swampertite
|move|p1b: Archaludon|Protect|p1b: Archaludon
|-singleturn|p1b: Archaludon|Protect
|move|p2b: Swampert|Earthquake|p1b: Archaludon|[spread] p1a
|-activate|p1b: Archaludon|move: Protect
|-immune|p2a: Pelipper
|-supereffective|p1a: Gengar|1
|-damage|p1a: Gengar|0 fnt
|faint|p1a: Gengar
|move|p2a: Pelipper|Tailwind|p2a: Pelipper
|-sidestart|p2: AirBloom|move: Tailwind
|
|-weather|RainDance|[upkeep]
|upkeep
|
|t:|1783167506
|switch|p1a: Incineroar|Incineroar, L50, M|71/100
|-ability|p1a: Incineroar|Intimidate|boost
|-unboost|p2a: Pelipper|atk|1
|-unboost|p2b: Swampert|atk|1
|turn|8
|
|t:|1783167517
|move|p1a: Incineroar|Fake Out|p2b: Swampert
|-damage|p2b: Swampert|90/100
|cant|p2b: Swampert|flinch
|move|p2a: Pelipper|Weather Ball|p1a: Incineroar
|-supereffective|p1a: Incineroar|1
|-enditem|p1a: Incineroar|Passho Berry|[eat]
|-enditem|p1a: Incineroar|Passho Berry|[weaken]
|-damage|p1a: Incineroar|27/100
|move|p1b: Archaludon|Electro Shot||[still]
|-prepare|p1b: Archaludon|Electro Shot
|-boost|p1b: Archaludon|spa|1
|-anim|p1b: Archaludon|Electro Shot|p2a: Pelipper
|-supereffective|p2a: Pelipper|2
|-damage|p2a: Pelipper|0 fnt
|faint|p2a: Pelipper
|
|-weather|RainDance|[upkeep]
|upkeep
|turn|9
|
|t:|1783167528
|move|p2b: Swampert|Earthquake|p1a: Incineroar|[spread] p1a,p1b
|-supereffective|p1a: Incineroar|1
|-supereffective|p1b: Archaludon|1
|-damage|p1a: Incineroar|0 fnt
|-damage|p1b: Archaludon|56/100
|-ability|p1b: Archaludon|Stamina|boost
|-boost|p1b: Archaludon|def|1
|faint|p1a: Incineroar
|move|p1b: Archaludon|Dragon Pulse|p2b: Swampert
|-damage|p2b: Swampert|44/100
|
|-weather|RainDance|[upkeep]
|-heal|p1b: Archaludon|62/100|[from] item: Leftovers
|upkeep
|turn|10
|
|t:|1783167533
|move|p1b: Archaludon|Protect|p1b: Archaludon
|-singleturn|p1b: Archaludon|Protect
|move|p2b: Swampert|Earthquake|p1b: Archaludon
|-activate|p1b: Archaludon|move: Protect
|
|-weather|RainDance|[upkeep]
|-heal|p1b: Archaludon|68/100|[from] item: Leftovers
|-sideend|p2: AirBloom|move: Tailwind
|upkeep
|turn|11
|
|t:|1783167541
|move|p2b: Swampert|Earthquake|p1b: Archaludon
|-supereffective|p1b: Archaludon|1
|-damage|p1b: Archaludon|27/100
|-ability|p1b: Archaludon|Stamina|boost
|-boost|p1b: Archaludon|def|1
|move|p1b: Archaludon|Dragon Pulse|p2b: Swampert
|-damage|p2b: Swampert|0 fnt
|faint|p2b: Swampert
|
|win|RajSpeedTieDesai
||RajSpeedTieDesai is ready for game 2.
||AirBloom is ready for game 2.
|uhtml|next|Next: Game 2 of 3
|l|☆AirBloom
|player|p2|
