|j|☆hatcheyapache
|j|☆MinasDevilCrobats
|html|hatcheyapacheMinasDevilCrobats    
|uhtml|bestof|Game 2 of a best-of-3
|t:|1757088276
|gametype|doubles
|player|p1|hatcheyapache|265|1108
|player|p2|MinasDevilCrobats|darach-caitlin|1115
|gen|9
|tier|[Gen 9] VGC 2025 Reg H (Bo3)
|rated|
|rule|Species Clause: Limit one of each Pokémon
|rule|Item Clause: Limit 1 of each item
|clearpoke
|poke|p1|Charizard, L50, M|
|poke|p1|Torkoal, L50, M|
|poke|p1|Porygon2, L50|
|poke|p1|Incineroar, L50, M|
|poke|p1|Jumpluff, L50, M|
|poke|p1|Ursaluna, L50, F|
|poke|p2|Dragonite, L50, M|
|poke|p2|Ursaluna-Bloodmoon, L50, M|
|poke|p2|Archaludon, L50, M|
|poke|p2|Whimsicott, L50, M|
|poke|p2|Gholdengo, L50|
|poke|p2|Incineroar, L50, M|
|teampreview|4
|showteam|p1|Charizard||ChoiceSpecs|SolarPower|HeatWave,Overheat,WeatherBall,AirSlash|||M|||50|,,,,,Ghost]Torkoal||EjectPack|Drought|Eruption,Overheat,HelpingHand,Protect|||M|||50|,,,,,Fire]Porygon2||Eviolite|Download|IceBeam,TeraBlast,TrickRoom,Recover||||||50|,,,,,Fighting]Incineroar||SitrusBerry|Intimidate|FlareBlitz,KnockOff,FakeOut,PartingShot|||M|||50|,,,,,Ghost]Jumpluff||CovertCloak|Chlorophyll|SleepPowder,SunnyDay,RagePowder,Tailwind|||M|||50|,,,,,Water]Ursaluna||FlameOrb|Guts|HeadlongRush,Facade,Earthquake,Protect|||F|||50|,,,,,Ghost
|showteam|p2|Dragonite||LoadedDice|Multiscale|ScaleShot,ExtremeSpeed,IceSpinner,Protect|||M|||50|,,,,,Fairy]Ursaluna-Bloodmoon||AssaultVest|MindsEye|BloodMoon,HyperVoice,EarthPower,VacuumWave|||M|||50|,,,,,Water]Archaludon||PowerHerb|Sturdy|ElectroShot,FlashCannon,DracoMeteor,Protect|||M|||50|,,,,,Stellar]Whimsicott||CovertCloak|Prankster|FakeTears,Tailwind,Encore,Moonblast|||M|||50|,,,,,Poison]Gholdengo||ChoiceSpecs|GoodasGold|MakeItRain,ShadowBall,PowerGem,SteelBeam||||||50|,,,,,Steel]Incineroar||MirrorHerb|Intimidate|FakeOut,PartingShot,KnockOff,FlareBlitz|||M|||50|,,,,,Ghost
|inactive|Battle timer is ON: inactive players will automatically lose when time's up. (requested by MinasDevilCrobats)
|
|t:|1757088329
|teamsize|p1|4
|teamsize|p2|4
|start
|switch|p1a: Jumpluff|Jumpluff, L50, M, shiny|100/100
|switch|p1b: Torkoal|Torkoal, L50, M, shiny|100/100
|switch|p2a: Whimsicott|Whimsicott, L50, M|100/100
|switch|p2b: Archaludon|Archaludon, L50, M|100/100
|-weather|SunnyDay|[from] ability: Drought|[of] p1b: Torkoal
|turn|1
|
|t:|1757088348
|move|p2b: Archaludon|Protect|p2b: Archaludon
|-singleturn|p2b: Archaludon|Protect
|move|p2a: Whimsicott|Tailwind|p2a: Whimsicott
|-sidestart|p2: MinasDevilCrobats|move: Tailwind
|move|p1a: Jumpluff|Tailwind|p1a: Jumpluff
|-sidestart|p1: hatcheyapache|move: Tailwind
|move|p1b: Torkoal|Overheat|p2a: Whimsicott|[miss]
|-miss|p1b: Torkoal|p2a: Whimsicott
|
|-weather|SunnyDay|[upkeep]
|upkeep
|turn|2
|
|t:|1757088362
|switch|p1a: Charizard|Charizard, L50, M, shiny|100/100
|move|p2a: Whimsicott|Encore||[still]
|-fail|p2a: Whimsicott
|move|p2b: Archaludon|Electro Shot||[still]
|-prepare|p2b: Archaludon|Electro Shot
|-boost|p2b: Archaludon|spa|1
|-enditem|p2b: Archaludon|Power Herb
|-anim|p2b: Archaludon|Electro Shot|p1b: Torkoal
|-damage|p1b: Torkoal|1/100
|move|p1b: Torkoal|Eruption|p2b: Archaludon|[spread] p2a,p2b
|-supereffective|p2a: Whimsicott
|-damage|p2a: Whimsicott|99/100
|-damage|p2b: Archaludon|99/100
|
|-weather|SunnyDay|[upkeep]
|-damage|p1a: Charizard|88/100|[from] ability: Solar Power|[of] p1a: Charizard
|upkeep
|turn|3
|inactive|MinasDevilCrobats has 30 seconds left.
|inactive|MinasDevilCrobats has 20 seconds left.
|
|t:|1757088397
|move|p1b: Torkoal|Helping Hand|p1a: Charizard
|-singleturn|p1a: Charizard|Helping Hand|[of] p1b: Torkoal
|move|p2b: Archaludon|Protect|p2b: Archaludon
|-singleturn|p2b: Archaludon|Protect
|move|p2a: Whimsicott|Moonblast|p1b: Torkoal
|-resisted|p1b: Torkoal
|-damage|p1b: Torkoal|0 fnt
|faint|p1b: Torkoal
|move|p1a: Charizard|Heat Wave|p2a: Whimsicott|[spread] p2a
|-activate|p2b: Archaludon|move: Protect
|-supereffective|p2a: Whimsicott
|-crit|p2a: Whimsicott
|-damage|p2a: Whimsicott|0 fnt
|faint|p2a: Whimsicott
|
|-weather|SunnyDay|[upkeep]
|-damage|p1a: Charizard|76/100|[from] ability: Solar Power|[of] p1a: Charizard
|upkeep
|inactive|hatcheyapache has 30 seconds left.
|
|t:|1757088425
|switch|p2a: Dragonite|Dragonite, L50, M|100/100
|switch|p1b: Jumpluff|Jumpluff, L50, M, shiny|100/100
|turn|4
|inactive|hatcheyapache has 30 seconds left.
|
|t:|1757088453
|-terastallize|p1a: Charizard|Ghost
|move|p1b: Jumpluff|Sleep Powder|p2a: Dragonite|[miss]
|-miss|p1b: Jumpluff|p2a: Dragonite
|move|p1a: Charizard|Heat Wave|p2b: Archaludon|[spread] p2a,p2b
|-resisted|p2a: Dragonite
|-damage|p2a: Dragonite|70/100
|-damage|p2b: Archaludon|0 fnt
|faint|p2b: Archaludon
|move|p2a: Dragonite|Scale Shot|p1a: Charizard
|-damage|p1a: Charizard|53/100
|-damage|p1a: Charizard|34/100
|-damage|p1a: Charizard|10/100
|-damage|p1a: Charizard|0 fnt
|faint|p1a: Charizard
|-hitcount|p1: Charizard|4
|-unboost|p2a: Dragonite|def|1
|-boost|p2a: Dragonite|spe|1
|
|-weather|SunnyDay|[upkeep]
|-sideend|p1: hatcheyapache|move: Tailwind
|-sideend|p2: MinasDevilCrobats|move: Tailwind
|upkeep
|
|t:|1757088463
|switch|p1a: Ursaluna|Ursaluna, L50, F, shiny|100/100
|switch|p2b: Ursaluna|Ursaluna-Bloodmoon, L50, M|100/100
|turn|5
|
|t:|1757088484
|move|p2a: Dragonite|Protect|p2a: Dragonite
|-singleturn|p2a: Dragonite|Protect
|move|p1a: Ursaluna|Protect|p1a: Ursaluna
|-singleturn|p1a: Ursaluna|Protect
|move|p1b: Jumpluff|Tailwind|p1b: Jumpluff
|-sidestart|p1: hatcheyapache|move: Tailwind
|move|p2b: Ursaluna|Blood Moon|p1b: Jumpluff
|-damage|p1b: Jumpluff|22/100
|
|-weather|none
|-status|p1a: Ursaluna|brn|[from] item: Flame Orb
|upkeep
|turn|6
|
|t:|1757088504
|move|p2b: Ursaluna|Vacuum Wave|p1a: Ursaluna
|-supereffective|p1a: Ursaluna
|-damage|p1a: Ursaluna|74/100 brn
|move|p1b: Jumpluff|Sleep Powder|p2b: Ursaluna|[miss]
|-miss|p1b: Jumpluff|p2b: Ursaluna
|move|p2a: Dragonite|Scale Shot|p1a: Ursaluna
|-damage|p1a: Ursaluna|62/100 brn
|-damage|p1a: Ursaluna|52/100 brn
|-damage|p1a: Ursaluna|41/100 brn
|-damage|p1a: Ursaluna|30/100 brn
|-damage|p1a: Ursaluna|19/100 brn
|-hitcount|p1a: Ursaluna|5
|-unboost|p2a: Dragonite|def|1
|-boost|p2a: Dragonite|spe|1
|move|p1a: Ursaluna|Facade|p2a: Dragonite
|-damage|p2a: Dragonite|0 fnt
|faint|p2a: Dragonite
|
|-damage|p1a: Ursaluna|13/100 brn|[from] brn
|upkeep
|turn|7
|
|t:|1757088520
|move|p2b: Ursaluna|Vacuum Wave|p1a: Ursaluna
|-supereffective|p1a: Ursaluna
|-damage|p1a: Ursaluna|0 fnt
|faint|p1a: Ursaluna
|move|p1b: Jumpluff|Sleep Powder|p2b: Ursaluna
|-status|p2b: Ursaluna|slp|[from] move: Sleep Powder
|
|upkeep
|turn|8
|-message|hatcheyapache forfeited.
|
|win|MinasDevilCrobats
|l|☆hatcheyapache
|player|p1|
||hatcheyapache is ready for game 3.
