|j|☆paddyman11
|j|☆jeanryupr
|html|paddyman11jeanryupr    
|uhtml|bestof|Game 1 of a best-of-3
|t:|1785161108
|gametype|doubles
|player|p1|paddyman11|burglar|1046
|player|p2|jeanryupr|265|1138
|gen|9
|tier|[Gen 9 Champions] VGC 2026 Reg M-B (Bo3)
|rated|
|rule|Species Clause: Limit one of each Pokémon
|rule|Item Clause: Limit 1 of each item
|clearpoke
|poke|p1|Staraptor, L50, M|
|poke|p1|Grimmsnarl, L50, M|
|poke|p1|Ariados, L50, F|
|poke|p1|Aegislash, L50, F|
|poke|p1|Milotic, L50, M|
|poke|p1|Garchomp, L50, M|
|poke|p2|Staraptor, L50, M|
|poke|p2|Glimmora, L50, F|
|poke|p2|Whimsicott, L50, F|
|poke|p2|Kingambit, L50, M|
|poke|p2|Garchomp, L50, M|
|poke|p2|Delphox, L50, M|
|teampreview|4
|showteam|p1|Staraptor||Staraptite|Intimidate|BraveBird,Protect,CloseCombat,DualWingbeat|Serious||M|||50|]Grimmsnarl||LightClay|Prankster|FoulPlay,PartingShot,Reflect,FakeOut|Serious||M|||50|]Ariados|||Swarm|ToxicThread,Infestation,RagePowder,Protect|Serious||F|||50|]Aegislash|||StanceChange|IronHead,ShadowBall,KingsShield,WideGuard|Serious||F|||50|]Milotic|||MarvelScale|Surf,IceBeam,Protect,ChillingWater|Serious||M|||50|]Garchomp|||SandVeil|DragonClaw,Earthquake,RockSlide,Protect|Serious||M|||50|
|showteam|p2|Staraptor||Staraptite|Intimidate|CloseCombat,BraveBird,Roost,Protect|Jolly||M|||50|]Glimmora||FocusSash|ToxicDebris|PowerGem,SludgeBomb,EarthPower,SpikyShield|Modest||F|||50|]Whimsicott||OccaBerry|Prankster|Tailwind,Moonblast,Charm,LightScreen|Timid||F|||50|]Kingambit||ChopleBerry|Defiant|KowtowCleave,IronHead,LowKick,SuckerPunch|Adamant||M|||50|]Garchomp||ChoiceScarf|RoughSkin|Earthquake,DragonClaw,RockSlide,StompingTantrum|Adamant||M|||50|]Delphox||Delphoxite|Blaze|HeatWave,Psychic,Encore,Protect|Timid||M|||50|
|
|t:|1785161157
|teamsize|p1|4
|teamsize|p2|4
|start
|switch|p1a: Milotic|Milotic, L50, M|100/100
|switch|p1b: Aegislash|Aegislash, L50, F|100/100
|switch|p2a: Kingambit|Kingambit, L50, M|100/100
|switch|p2b: Whimsicott|Whimsicott, L50, F|100/100
|turn|1
|
|t:|1785161186
|move|p1b: Aegislash|King's Shield|p1b: Aegislash
|-singleturn|p1b: Aegislash|Protect
|move|p2b: Whimsicott|Tailwind|p2b: Whimsicott
|-sidestart|p2: jeanryupr|move: Tailwind
|move|p2a: Kingambit|Kowtow Cleave|p1b: Aegislash
|-activate|p1b: Aegislash|move: Protect
|-unboost|p2a: Kingambit|atk|1
|-ability|p2a: Kingambit|Defiant|boost
|-boost|p2a: Kingambit|atk|2
|move|p1a: Milotic|Ice Beam|p2b: Whimsicott
|-supereffective|p2b: Whimsicott|1
|-damage|p2b: Whimsicott|32/100
|
|upkeep
|turn|2
|
|t:|1785161228
|switch|p2b: Staraptor|Staraptor, L50, M|100/100
|-ability|p2b: Staraptor|Intimidate|boost
|-unboost|p1a: Milotic|atk|1
|-unboost|p1b: Aegislash|atk|1
|switch|p1a: Garchomp|Garchomp, L50, M|100/100
|move|p2a: Kingambit|Kowtow Cleave|p1a: Garchomp
|-damage|p1a: Garchomp|24/100
|-formechange|p1b: Aegislash|Aegislash-Blade|
|move|p1b: Aegislash|Iron Head|p2b: Staraptor
|-damage|p2b: Staraptor|64/100
|
|upkeep
|turn|3
|inactive|Battle timer is ON: inactive players will automatically lose when time's up. (requested by paddyman11)
|
|t:|1785161275
|detailschange|p2b: Staraptor|Staraptor-Mega, L50, M
|-mega|p2b: Staraptor|Staraptor|Staraptite
|-formechange|p1b: Aegislash|Aegislash|
|move|p1b: Aegislash|King's Shield|p1b: Aegislash
|-singleturn|p1b: Aegislash|Protect
|move|p2b: Staraptor|Close Combat|p1a: Garchomp
|-damage|p1a: Garchomp|0 fnt
|-boost|p2b: Staraptor|def|1
|-boost|p2b: Staraptor|spd|1
|faint|p1a: Garchomp
|move|p2a: Kingambit|Kowtow Cleave|p1b: Aegislash
|-activate|p1b: Aegislash|move: Protect
|-unboost|p2a: Kingambit|atk|1
|-ability|p2a: Kingambit|Defiant|boost
|-boost|p2a: Kingambit|atk|2
|
|upkeep
|
|t:|1785161298
|switch|p1a: Milotic|Milotic, L50, M|100/100
|turn|4
|
|t:|1785161316
|move|p2b: Staraptor|Roost|p2b: Staraptor
|-heal|p2b: Staraptor|100/100
|-singleturn|p2b: Staraptor|move: Roost
|move|p2a: Kingambit|Kowtow Cleave|p1a: Milotic
|-damage|p1a: Milotic|0 fnt
|faint|p1a: Milotic
|-formechange|p1b: Aegislash|Aegislash-Blade|
|move|p1b: Aegislash|Iron Head|p2b: Staraptor
|-damage|p2b: Staraptor|81/100
|
|-sideend|p2: jeanryupr|move: Tailwind
|upkeep
|
|t:|1785161329
|switch|p1a: Staraptor|Staraptor, L50, M|100/100
|-ability|p1a: Staraptor|Intimidate|boost
|-unboost|p2a: Kingambit|atk|1
|-ability|p2a: Kingambit|Defiant|boost
|-boost|p2a: Kingambit|atk|2
|-boost|p2b: Staraptor|atk|1
|turn|5
|
|t:|1785161348
|detailschange|p1a: Staraptor|Staraptor-Mega, L50, M
|-mega|p1a: Staraptor|Staraptor|Staraptite
|move|p1a: Staraptor|Protect|p1a: Staraptor
|-singleturn|p1a: Staraptor|Protect
|move|p2b: Staraptor|Brave Bird|p1a: Staraptor
|-activate|p1a: Staraptor|move: Protect
|move|p1b: Aegislash|Iron Head|p2a: Kingambit
|-resisted|p2a: Kingambit|1
|-damage|p2a: Kingambit|88/100
|move|p2a: Kingambit|Iron Head|p1a: Staraptor
|-activate|p1a: Staraptor|move: Protect
|
|upkeep
|turn|6
|
|t:|1785161371
|move|p2b: Staraptor|Brave Bird|p1a: Staraptor
|-supereffective|p1a: Staraptor|1
|-damage|p1a: Staraptor|0 fnt
|faint|p1a: Staraptor
|-damage|p2b: Staraptor|53/100|[from] Recoil
|move|p1b: Aegislash|Iron Head|p2a: Kingambit
|-resisted|p2a: Kingambit|1
|-damage|p2a: Kingambit|77/100
|cant|p2a: Kingambit|flinch
|
|upkeep
|turn|7
|-message|paddyman11 forfeited.
|raw|paddyman11's rating: 1046 → 1033(-13 for losing)
|raw|jeanryupr's rating: 1138 → 1157(+19 for winning)
|
|win|jeanryupr
|l|☆paddyman11
|player|p1|
|n|☆jeanryupr|jeanryupr
