|j|‽IshtarVGC26
|j|☆beastingfeasting7
|html|IshtarVGC26beastingfeasting7    
|uhtml|bestof|Game 2 of a best-of-3
|t:|1757661720
|gametype|doubles
|player|p1|IshtarVGC26|juan|1192
|player|p2|beastingfeasting7|hilbert|1148
|gen|9
|tier|[Gen 9] VGC 2025 Reg H (Bo3)
|rated|
|rule|Species Clause: Limit one of each Pokémon
|rule|Item Clause: Limit 1 of each item
|clearpoke
|poke|p1|Tyranitar, L50, M|
|poke|p1|Excadrill, L50, M|
|poke|p1|Sinistcha-Masterpiece, L50|
|poke|p1|Primarina, L50, F|
|poke|p1|Volcarona, L50, M|
|poke|p1|Braviary, L50, M|
|poke|p2|Sneasler, L50, M|
|poke|p2|Indeedee, L50, M|
|poke|p2|Volcarona, L50, F|
|poke|p2|Ursaluna-Bloodmoon, L50, M|
|poke|p2|Annihilape, L50, F|
|poke|p2|Tyranitar, L50, M|
|teampreview|4
|showteam|p1|Tyranitar||AssaultVest|SandStream|RockSlide,KnockOff,TeraBlast,BrickBreak|||M|||50|,,,,,Flying]Excadrill||FocusSash|SandRush|Protect,DrillRun,Earthquake,IronHead|||M|||50|,,,,,Dragon]Sinistcha-Masterpiece||RockyHelmet|Hospitality|LifeDew,RagePowder,MatchaGotcha,TrickRoom||||||50|,,,,,Water]Primarina||ThroatSpray|LiquidVoice|Protect,HyperVoice,Moonblast,Haze|||F|||50|,,,,,Water]Volcarona||SitrusBerry|FlameBody|Protect,FieryDance,GigaDrain,QuiverDance|||M|||50|,,,,,Dragon]Braviary||SafetyGoggles|Defiant|Protect,BraveBird,CloseCombat,Tailwind|||M|||50|,,,,,Ghost
|showteam|p2|Sneasler||PsychicSeed|Unburden|CloseCombat,DireClaw,ThroatChop,Protect|||M|||50|,,,,,Dark]Indeedee||ChoiceScarf|PsychicSurge|ExpandingForce,TeraBlast,Trick,Protect|||M|||50|,,,,,Psychic]Volcarona||SitrusBerry|FlameBody|Overheat,StruggleBug,RagePowder,Tailwind|||F|||50|,,,,,Grass]Ursaluna-Bloodmoon||LifeOrb|MindsEye|BloodMoon,HyperVoice,EarthPower,Protect|||M|||50|,,,,,Normal]Annihilape||SafetyGoggles|Defiant|CloseCombat,RageFist,Taunt,FinalGambit|||F|||50|,,,,,Fairy]Tyranitar||AssaultVest|SandStream|RockSlide,KnockOff,TeraBlast,LowKick|||M|||50|,,,,,Flying
|inactive|Battle timer is ON: inactive players will automatically lose when time's up. (requested by beastingfeasting7)
|inactive|beastingfeasting7 has 60 seconds left.
|inactive|beastingfeasting7 has 30 seconds left.
|inactive|beastingfeasting7 has 20 seconds left.
|inactive|beastingfeasting7 has 15 seconds left.
|
|t:|1757661798
|teamsize|p1|4
|teamsize|p2|4
|start
|switch|p1a: Sinistcha|Sinistcha-Masterpiece, L50|100/100
|switch|p1b: Excadrill|Excadrill, L50, M, shiny|100/100
|switch|p2a: Volcarona|Volcarona, L50, F|100/100
|switch|p2b: Ursaluna|Ursaluna-Bloodmoon, L50, M|100/100
|turn|1
|
|t:|1757661818
|-terastallize|p1a: Sinistcha|Water
|move|p2a: Volcarona|Overheat|p1a: Sinistcha
|-resisted|p1a: Sinistcha
|-damage|p1a: Sinistcha|74/100
|-unboost|p2a: Volcarona|spa|2
|move|p1b: Excadrill|Drill Run|p2b: Ursaluna
|-damage|p2b: Ursaluna|63/100
|move|p2b: Ursaluna|Earth Power|p1b: Excadrill
|-supereffective|p1b: Excadrill
|-enditem|p1b: Excadrill|Focus Sash
|-damage|p1b: Excadrill|1/100
|-damage|p2b: Ursaluna|54/100|[from] item: Life Orb
|move|p1a: Sinistcha|Matcha Gotcha|p2a: Volcarona|[spread] p2a
|-miss|p1a: Sinistcha|p2b: Ursaluna
|-resisted|p2a: Volcarona
|-damage|p2a: Volcarona|95/100
|-heal|p1a: Sinistcha|77/100|[from] drain|[of] p2a: Volcarona
|
|upkeep
|turn|2
|inactive|IshtarVGC26 has 30 seconds left.
|inactive|beastingfeasting7 has 30 seconds left.
|
|t:|1757661847
|-terastallize|p2b: Ursaluna|Normal
|move|p2a: Volcarona|Tailwind|p2a: Volcarona
|-sidestart|p2: beastingfeasting7|move: Tailwind
|move|p2b: Ursaluna|Hyper Voice|p1a: Sinistcha|[spread] p1a,p1b
|-resisted|p1b: Excadrill
|-damage|p1a: Sinistcha|11/100
|-damage|p1b: Excadrill|0 fnt
|faint|p1b: Excadrill
|-damage|p2b: Ursaluna|44/100|[from] item: Life Orb
|move|p1a: Sinistcha|Matcha Gotcha|p2a: Volcarona|[spread] p2a,p2b
|-resisted|p2a: Volcarona
|-damage|p2a: Volcarona|89/100
|-heal|p1a: Sinistcha|15/100|[from] drain|[of] p2a: Volcarona
|-damage|p2b: Ursaluna|11/100
|-heal|p1a: Sinistcha|33/100|[from] drain|[of] p2b: Ursaluna
|-status|p2b: Ursaluna|brn
|
|-damage|p2b: Ursaluna|5/100 brn|[from] brn
|upkeep
|
|t:|1757661871
|switch|p1b: Primarina|Primarina, L50, F|100/100
|turn|3
|
|t:|1757661888
|switch|p2a: Indeedee|Indeedee, L50, M|100/100
|-fieldstart|move: Psychic Terrain|[from] ability: Psychic Surge|[of] p2a: Indeedee
|move|p1b: Primarina|Protect|p1b: Primarina
|-singleturn|p1b: Primarina|Protect
|move|p2b: Ursaluna|Hyper Voice|p1a: Sinistcha|[spread] p1a
|-activate|p1b: Primarina|move: Protect
|-crit|p1a: Sinistcha
|-damage|p1a: Sinistcha|0 fnt
|faint|p1a: Sinistcha
|-damage|p2b: Ursaluna|0 fnt|[from] item: Life Orb
|faint|p2b: Ursaluna
|
|upkeep
|
|t:|1757661902
|switch|p2b: Sneasler|Sneasler, L50, M|100/100
|switch|p1a: Tyranitar|Tyranitar, L50, M|100/100
|-weather|Sandstorm|[from] ability: Sand Stream|[of] p1a: Tyranitar
|-enditem|p2b: Sneasler|Psychic Seed
|-boost|p2b: Sneasler|spd|1|[from] item: Psychic Seed
|turn|4
|
|t:|1757661917
|move|p2b: Sneasler|Close Combat|p1a: Tyranitar
|-supereffective|p1a: Tyranitar
|-damage|p1a: Tyranitar|0 fnt
|-unboost|p2b: Sneasler|def|1
|-unboost|p2b: Sneasler|spd|1
|faint|p1a: Tyranitar
|move|p2a: Indeedee|Expanding Force|p1b: Primarina
|-damage|p1b: Primarina|27/100
|move|p1b: Primarina|Hyper Voice|p2a: Indeedee|[spread] p2a,p2b
|-damage|p2a: Indeedee|51/100
|-damage|p2b: Sneasler|50/100
|-enditem|p1b: Primarina|Throat Spray
|-boost|p1b: Primarina|spa|1|[from] item: Throat Spray
|
|-weather|Sandstorm|[upkeep]
|-damage|p2b: Sneasler|44/100|[from] Sandstorm
|-damage|p2a: Indeedee|45/100|[from] Sandstorm
|-damage|p1b: Primarina|21/100|[from] Sandstorm
|upkeep
|turn|5
|
|t:|1757661933
|move|p2b: Sneasler|Dire Claw|p1b: Primarina
|-supereffective|p1b: Primarina
|-damage|p1b: Primarina|0 fnt
|faint|p1b: Primarina
|
|win|beastingfeasting7
||beastingfeasting7 is ready for game 3.
||IshtarVGC26 is ready for game 3.
|uhtml|next|Next: Game 3 of 3
|l|☆beastingfeasting7
|player|p2|
