|j|☆GS Barnabe
|j|☆KingZeusVGC
|html|GS BarnabeKingZeusVGC    
|uhtml|bestof|Game 2 of a best-of-3
|t:|1785944317
|gametype|doubles
|player|p1|GS Barnabe|1|1123
|player|p2|KingZeusVGC|blackbelt-gen4dp|1148
|gen|9
|tier|[Gen 9 Champions] VGC 2026 Reg M-B (Bo3)
|rated|
|rule|Species Clause: Limit one of each Pokémon
|rule|Item Clause: Limit 1 of each item
|clearpoke
|poke|p1|Clefable, L50, F|
|poke|p1|Tyranitar, L50, F|
|poke|p1|Garchomp, L50, M|
|poke|p1|Gholdengo, L50|
|poke|p1|Rotom-Wash, L50|
|poke|p1|Aerodactyl, L50, M|
|poke|p2|Farigiraf, L50, F|
|poke|p2|Rhyperior, L50, M|
|poke|p2|Blastoise, L50, M|
|poke|p2|Hatterene, L50, F|
|poke|p2|Pelipper, L50, F|
|poke|p2|Sinistcha, L50|
|teampreview|4
|showteam|p1|Clefable||SitrusBerry|Unaware|Moonblast,FollowMe,HealPulse,Protect|Bold||F|||50|]Tyranitar||ChoiceScarf|SandStream|RockSlide,KnockOff,IcePunch,Superpower|Jolly||F|||50|]Garchomp||Garchompite|SandVeil|DracoMeteor,EarthPower,PowerGem,Protect|Modest||M|||50|]Gholdengo||LifeOrb|GoodasGold|MakeItRain,ShadowBall,NastyPlot,Protect|Modest|||||50|]Rotom-Wash||Leftovers|Levitate|HydroPump,VoltSwitch,WillOWisp,Protect|Calm|||||50|]Aerodactyl||Aerodactylite|RockHead|RockSlide,DualWingbeat,Tailwind,Protect|Jolly||M|||50|
|showteam|p2|Farigiraf||MentalHerb|ArmorTail|TrickRoom,Thunderbolt,TwinBeam,LightScreen|Relaxed||F|||50|]Rhyperior||LifeOrb|LightningRod|Protect,RockSlide,HighHorsepower,PoisonJab|Brave||M|||50|]Blastoise||Blastoisinite|RainDish|WaterSpout,FakeOut,DarkPulse,AuraSphere|Quiet||M|||50|]Hatterene||FocusSash|MagicBounce|TrickRoom,Psychic,DazzlingGleam,Protect|Quiet||F|||50|]Pelipper||SitrusBerry|Drizzle|Hurricane,WeatherBall,KnockOff,WideGuard|Quiet||F|||50|]Sinistcha||MiracleSeed|Hospitality|MatchaGotcha,ShadowBall,RagePowder,TrickRoom|Quiet|||||50|
|
|t:|1785944337
|teamsize|p1|4
|teamsize|p2|4
|start
|switch|p1a: Gholdengo|Gholdengo, L50|100/100
|switch|p1b: Rotom|Rotom-Wash, L50|100/100
|switch|p2a: Blastoise|Blastoise, L50, M|100/100
|switch|p2b: Hatterene|Hatterene, L50, F|100/100
|turn|1
|inactive|Battle timer is ON: inactive players will automatically lose when time's up. (requested by KingZeusVGC)
|
|t:|1785944361
|detailschange|p2a: Blastoise|Blastoise-Mega, L50, M
|-mega|p2a: Blastoise|Blastoise|Blastoisinite
|move|p2a: Blastoise|Fake Out|p1b: Rotom
|-damage|p1b: Rotom|89/100
|cant|p1b: Rotom|flinch
|move|p1a: Gholdengo|Make It Rain|p2b: Hatterene|[spread] p2a
|-miss|p1a: Gholdengo|p2b: Hatterene
|-resisted|p2a: Blastoise|1
|-damage|p2a: Blastoise|74/100
|-unboost|p1a: Gholdengo|spa|2
|-damage|p1a: Gholdengo|90/100|[from] item: Life Orb
|move|p2b: Hatterene|Trick Room|p2b: Hatterene
|-fieldstart|move: Trick Room|[of] p2b: Hatterene
|
|-heal|p1b: Rotom|94/100|[from] item: Leftovers
|upkeep
|turn|2
|inactive|GS Barnabe has 30 seconds left.
|inactive|KingZeusVGC has 30 seconds left.
|
|t:|1785944387
|switch|p1a: Tyranitar|Tyranitar, L50, F|100/100
|-weather|Sandstorm|[from] ability: Sand Stream|[of] p1a: Tyranitar
|move|p2b: Hatterene|Psychic|p1b: Rotom
|-damage|p1b: Rotom|42/100
|move|p2a: Blastoise|Water Spout|p1b: Rotom|[spread] p1a,p1b
|-supereffective|p1a: Tyranitar|1
|-resisted|p1b: Rotom|1
|-damage|p1a: Tyranitar|37/100
|-damage|p1b: Rotom|21/100
|move|p1b: Rotom|Volt Switch|p2a: Blastoise
|-supereffective|p2a: Blastoise|1
|-damage|p2a: Blastoise|32/100
|
|t:|1785944403
|switch|p1b: Gholdengo|Gholdengo, L50|90/100|[from] Volt Switch
|
|-weather|Sandstorm|[upkeep]
|-damage|p2b: Hatterene|93/100|[from] Sandstorm
|-damage|p2a: Blastoise|26/100|[from] Sandstorm
|upkeep
|turn|3
|
|t:|1785944424
|switch|p1a: Rotom|Rotom-Wash, L50|21/100
|move|p1b: Gholdengo|Protect|p1b: Gholdengo
|-singleturn|p1b: Gholdengo|Protect
|move|p2b: Hatterene|Dazzling Gleam|p1a: Rotom|[spread] p1a
|-activate|p1b: Gholdengo|move: Protect
|-damage|p1a: Rotom|0 fnt
|faint|p1a: Rotom
|move|p2a: Blastoise|Dark Pulse|p1b: Gholdengo
|-activate|p1b: Gholdengo|move: Protect
|
|-weather|Sandstorm|[upkeep]
|-damage|p2b: Hatterene|87/100|[from] Sandstorm
|-damage|p2a: Blastoise|20/100y|[from] Sandstorm
|upkeep
|
|t:|1785944441
|switch|p1a: Garchomp|Garchomp, L50, M|100/100
|turn|4
|
|t:|1785944455
|move|p1a: Garchomp|Protect|p1a: Garchomp
|-singleturn|p1a: Garchomp|Protect
|move|p2b: Hatterene|Dazzling Gleam|p1a: Garchomp|[spread] p1b
|-activate|p1a: Garchomp|move: Protect
|-resisted|p1b: Gholdengo|1
|-damage|p1b: Gholdengo|72/100
|move|p2a: Blastoise|Aura Sphere|p1b: Gholdengo
|-immune|p1b: Gholdengo
|move|p1b: Gholdengo|Make It Rain|p2a: Blastoise|[spread] p2a,p2b
|-resisted|p2a: Blastoise|1
|-supereffective|p2b: Hatterene|1
|-damage|p2a: Blastoise|0 fnt
|-damage|p2b: Hatterene|0 fnt
|-unboost|p1b: Gholdengo|spa|2
|faint|p2a: Blastoise
|faint|p2b: Hatterene
|-damage|p1b: Gholdengo|62/100|[from] item: Life Orb
|
|-weather|Sandstorm|[upkeep]
|upkeep
|
|t:|1785944459
|switch|p2b: Sinistcha|Sinistcha, L50|100/100
|switch|p2a: Pelipper|Pelipper, L50, F|100/100
|-weather|RainDance|[from] ability: Drizzle|[of] p2a: Pelipper
|turn|5
|inactive|GS Barnabe has 30 seconds left.
|inactive|KingZeusVGC has 30 seconds left.
|inactive|GS Barnabe has 20 seconds left.
|inactive|GS Barnabe has 15 seconds left.
|inactive|GS Barnabe has 10 seconds left.
|
|t:|1785944504
|switch|p1b: Tyranitar|Tyranitar, L50, F|37/100
|-weather|Sandstorm|[from] ability: Sand Stream|[of] p1b: Tyranitar
|detailschange|p1a: Garchomp|Garchomp-Mega, L50, M
|-mega|p1a: Garchomp|Garchomp|Garchompite
|move|p2a: Pelipper|Weather Ball|p1a: Garchomp
|-resisted|p1a: Garchomp|1
|-damage|p1a: Garchomp|84/100
|move|p2b: Sinistcha|Matcha Gotcha|p1a: Garchomp|[spread] p1a,p1b
|-supereffective|p1b: Tyranitar|1
|-damage|p1a: Garchomp|50/100g
|-damage|p1b: Tyranitar|0 fnt
|-status|p1a: Garchomp|brn
|faint|p1b: Tyranitar
|move|p1a: Garchomp|Power Gem|p2a: Pelipper
|-supereffective|p2a: Pelipper|1
|-damage|p2a: Pelipper|0 fnt
|faint|p2a: Pelipper
|
|-weather|Sandstorm|[upkeep]
|-damage|p2b: Sinistcha|93/100|[from] Sandstorm
|-damage|p1a: Garchomp|44/100 brn|[from] brn
|-fieldend|move: Trick Room
|upkeep
|
|t:|1785944528
|switch|p1b: Gholdengo|Gholdengo, L50|62/100
|turn|6
|
|t:|1785944538
|move|p1a: Garchomp|Draco Meteor|p2b: Sinistcha|[miss]
|-miss|p1a: Garchomp|p2b: Sinistcha
|move|p1b: Gholdengo|Shadow Ball|p2b: Sinistcha
|-supereffective|p2b: Sinistcha|1
|-damage|p2b: Sinistcha|0 fnt
|faint|p2b: Sinistcha
|-damage|p1b: Gholdengo|53/100|[from] item: Life Orb
|
|win|GS Barnabe
