|j|☆AndrewsWho
|j|☆laufey#1fan
|html|AndrewsWholaufey#1fan    
|uhtml|bestof|Game 2 of a best-of-3
|t:|1754744262
|gametype|doubles
|player|p1|AndrewsWho|infielder|1290
|player|p2|laufey#1fan|lady|1338
|gen|9
|tier|[Gen 9] VGC 2025 Reg H (Bo3)
|rated|
|rule|Species Clause: Limit one of each Pokémon
|rule|Item Clause: Limit 1 of each item
|clearpoke
|poke|p1|Incineroar, L50, F|
|poke|p1|Amoonguss, L50, M|
|poke|p1|Gholdengo, L50|
|poke|p1|Pelipper, L50, F|
|poke|p1|Archaludon, L50, F|
|poke|p1|Basculegion, L50, M|
|poke|p2|Garchomp, L50, M|
|poke|p2|Dragonite, L50, M|
|poke|p2|Ninetales-Alola, L50, F|
|poke|p2|Amoonguss, L50, M|
|poke|p2|Kingambit, L50, M|
|poke|p2|Arcanine-Hisui, L50, M|
|teampreview|4
|showteam|p1|Incineroar||SafetyGoggles|Intimidate|FakeOut,KnockOff,PartingShot,Taunt|||F|||50|,,,,,Ghost]Amoonguss||SitrusBerry|Regenerator|Spore,RagePowder,PollenPuff,Protect|||M|||50|,,,,,Fairy]Gholdengo||LifeOrb|GoodasGold|MakeItRain,ShadowBall,NastyPlot,Protect||||||50|,,,,,Water]Pelipper||FocusSash|Drizzle|WeatherBall,Hurricane,Tailwind,Protect|||F|||50|,,,,,Ground]Archaludon||AssaultVest|Stamina|DracoMeteor,ElectroShot,FlashCannon,BodyPress|||F|||50|,,,,,Grass]Basculegion||ChoiceBand|SwiftSwim|WaveCrash,AquaJet,FlipTurn,LastRespects|||M|||50|,,,,,Grass
|showteam|p2|Garchomp||LifeOrb|RoughSkin|StompingTantrum,Protect,DragonClaw,Earthquake|||M|||50|,,,,,Fire]Dragonite||LoadedDice|Multiscale|ScaleShot,Haze,IceSpinner,Protect|||M|||50|,,,,,Fairy]Ninetales-Alola||FocusSash|SnowWarning|FreezeDry,Encore,Protect,Blizzard|||F|||50|,,,,,Ghost]Amoonguss||SitrusBerry|Regenerator|PollenPuff,Protect,RagePowder,Spore|||M|||50|,,,,,Psychic]Kingambit||AssaultVest|Defiant|KowtowCleave,LowKick,IronHead,SuckerPunch|||M|||50|,,,,,Flying]Arcanine-Hisui||MirrorHerb|Intimidate|Protect,RockSlide,FlareBlitz,ExtremeSpeed|||M|||50|,,,,,Grass
|j| Serious_Ass
|inactive|Battle timer is ON: inactive players will automatically lose when time's up. (requested by laufey#1fan)
|inactive|AndrewsWho has 60 seconds left.
|
|t:|1754744348
|teamsize|p1|4
|teamsize|p2|4
|start
|switch|p1a: Amoonguss|Amoonguss, L50, M|100/100
|switch|p1b: Gholdengo|Gholdengo, L50|100/100
|switch|p2a: JOYBOY|Dragonite, L50, M|100/100
|switch|p2b: Jeffina|Garchomp, L50, M, shiny|100/100
|turn|1
|l| Serious_Ass
|
|t:|1754744365
|-terastallize|p1a: Amoonguss|Fairy
|move|p2b: Jeffina|Earthquake|p1a: Amoonguss|[spread] p1a,p1b
|-immune|p2a: JOYBOY
|-supereffective|p1b: Gholdengo
|-damage|p1a: Amoonguss|59/100
|-damage|p1b: Gholdengo|0 fnt
|faint|p1b: Gholdengo
|-damage|p2b: Jeffina|91/100|[from] item: Life Orb
|move|p2a: JOYBOY|Scale Shot|p1a: Amoonguss
|-immune|p1a: Amoonguss
|move|p1a: Amoonguss|Spore|p2a: JOYBOY
|-status|p2a: JOYBOY|slp|[from] move: Spore
|
|upkeep
|
|t:|1754744372
|switch|p1b: Archaludon|Archaludon, L50, F|100/100
|turn|2
|
|t:|1754744392
|move|p2b: Jeffina|Earthquake|p1a: Amoonguss|[spread] p1a,p1b
|-immune|p2a: JOYBOY
|-supereffective|p1b: Archaludon
|-damage|p1a: Amoonguss|18/100
|-damage|p1b: Archaludon|28/100
|-ability|p1b: Archaludon|Stamina|boost
|-boost|p1b: Archaludon|def|1
|-enditem|p1a: Amoonguss|Sitrus Berry|[eat]
|-heal|p1a: Amoonguss|43/100|[from] item: Sitrus Berry
|-damage|p2b: Jeffina|81/100|[from] item: Life Orb
|cant|p2a: JOYBOY|slp
|move|p1b: Archaludon|Draco Meteor|p2a: JOYBOY
|-supereffective|p2a: JOYBOY
|-damage|p2a: JOYBOY|35/100 slp
|-unboost|p1b: Archaludon|spa|2
|move|p1a: Amoonguss|Spore|p2b: Jeffina
|-status|p2b: Jeffina|slp|[from] move: Spore
|
|upkeep
|turn|3
|
|t:|1754744415
|cant|p2b: Jeffina|slp
|-curestatus|p2a: JOYBOY|slp|[msg]
|move|p2a: JOYBOY|Ice Spinner|p1a: Amoonguss
|-damage|p1a: Amoonguss|19/100
|move|p1b: Archaludon|Draco Meteor|p2a: JOYBOY
|-supereffective|p2a: JOYBOY
|-damage|p2a: JOYBOY|0 fnt
|-unboost|p1b: Archaludon|spa|2
|faint|p2a: JOYBOY
|move|p1a: Amoonguss|Pollen Puff|p1b: Archaludon
|-heal|p1b: Archaludon|78/100
|
|upkeep
|
|t:|1754744421
|switch|p2a: Laufey|Ninetales-Alola, L50, F, shiny|100/100
|-weather|Snowscape|[from] ability: Snow Warning|[of] p2a: Laufey
|turn|4
|
|t:|1754744441
|switch|p1a: Pelipper|Pelipper, L50, F|100/100
|-weather|RainDance|[from] ability: Drizzle|[of] p1a: Pelipper
|move|p2a: Laufey|Blizzard|p1a: Pelipper|[spread] p1b
|-miss|p2a: Laufey|p1a: Pelipper
|-crit|p1b: Archaludon
|-damage|p1b: Archaludon|45/100
|-ability|p1b: Archaludon|Stamina|boost
|-boost|p1b: Archaludon|def|1
|-curestatus|p2b: Jeffina|slp|[msg]
|move|p2b: Jeffina|Stomping Tantrum|p1b: Archaludon
|-supereffective|p1b: Archaludon
|-damage|p1b: Archaludon|0 fnt
|faint|p1b: Archaludon
|-damage|p2b: Jeffina|71/100|[from] item: Life Orb
|
|-weather|RainDance|[upkeep]
|upkeep
|
|t:|1754744453
|switch|p1b: Amoonguss|Amoonguss, L50, M, tera:Fairy|52/100
|turn|5
|-message|AndrewsWho forfeited.
|raw|AndrewsWho's rating: 1290 → 1268(-22 for losing)
|raw|laufey#1fan's rating: 1338 → 1355(+17 for winning)
|
|win|laufey#1fan
