|j|â˜†SlowHomie
|j|â˜†Plopy14
|html|SlowHomiePlopy14    
|uhtml|bestof|Game 1 of a best-of-3
|t:|1756915256
|gametype|doubles
|player|p1|SlowHomie|lucas|
|player|p2|Plopy14|170|
|gen|9
|tier|[Gen 9] VGC 2025 Reg H (Bo3)
|rule|Species Clause: Limit one of each PokÃ©mon
|rule|Item Clause: Limit 1 of each item
|clearpoke
|poke|p1|Kommo-o, L50, F|
|poke|p1|Ninetales-Alola, L50, F|
|poke|p1|Rillaboom, L50, M|
|poke|p1|Electabuzz, L50, M|
|poke|p1|Annihilape, L50, M|
|poke|p1|Kingambit, L50, F|
|poke|p2|Dragonite, L50, F|
|poke|p2|Ursaluna, L50, M|
|poke|p2|Sinistcha, L50|
|poke|p2|Gholdengo, L50|
|poke|p2|Pelipper, L50, M|
|poke|p2|Archaludon, L50, F|
|teampreview|4
|showteam|p1|Kommo-o||LifeOrb|Soundproof|ClangingScales,AuraSphere,Flamethrower,Protect|||F|||50|,,,,,Fire]Ninetales-Alola||NeverMeltIce|SnowWarning|Blizzard,FreezeDry,Encore,Protect|||F|||50|,,,,,Ice]Rillaboom||AssaultVest|GrassySurge|WoodHammer,GrassyGlide,HighHorsepower,FakeOut|||M|||50|,,,,,Ghost]Electabuzz||Eviolite|VitalSpirit|Electroweb,HelpingHand,FollowMe,Protect|||M|||50|,,,,,Ghost]Annihilape||FocusSash|Defiant|CloseCombat,ShadowClaw,FinalGambit,Taunt|||M|||50|,,,,,Stellar]Kingambit||BlackGlasses|Defiant|KowtowCleave,SuckerPunch,SwordsDance,Protect|||F|||50|,,,,,Dark
|showteam|p2|Dragonite||LoadedDice|Multiscale|ScaleShot,Haze,Tailwind,Protect|||F|||50|,,,,,Fairy]Ursaluna||FlameOrb|Guts|HeadlongRush,Facade,Earthquake,Protect|||M|||50|,,,,,Ghost]Sinistcha||SitrusBerry|Hospitality|MatchaGotcha,LifeDew,RagePowder,TrickRoom||||||50|,,,,,Dark]Gholdengo||ChoiceScarf|GoodasGold|MakeItRain,ShadowBall,Trick,Protect||||||50|,,,,,Flying]Pelipper||SafetyGoggles|Drizzle|MuddyWater,Hurricane,WideGuard,Protect|||M|||50|,,,,,Steel]Archaludon||AssaultVest|Stamina|FlashCannon,BodyPress,ElectroShot,Snarl|||F|||50|,,,,,Fighting
|c|â˜†SlowHomie|Glhf
|c|â˜†Plopy14|u2
|
|t:|1756915311
|teamsize|p1|4
|teamsize|p2|4
|start
|switch|p1a: Buzz Lightyear|Electabuzz, L50, M|100/100
|switch|p1b: Kommodo-MoÊ»o|Kommo-o, L50, F, shiny|100/100
|switch|p2a: Gholdengo|Gholdengo, L50|100/100
|switch|p2b: Archaludon|Archaludon, L50, F|100/100
|turn|1
|
|t:|1756915323
|switch|p2a: Pelipper|Pelipper, L50, M|100/100
|-weather|RainDance|[from] ability: Drizzle|[of] p2a: Pelipper
|-terastallize|p1b: Kommodo-MoÊ»o|Fire
|move|p1a: Buzz Lightyear|Electroweb|p2a: Pelipper|[spread] p2a,p2b
|-supereffective|p2a: Pelipper
|-resisted|p2b: Archaludon
|-damage|p2a: Pelipper|26/100
|-damage|p2b: Archaludon|96/100
|-unboost|p2a: Pelipper|spe|1
|-unboost|p2b: Archaludon|spe|1
|-ability|p2b: Archaludon|Stamina|boost
|-boost|p2b: Archaludon|def|1
|move|p1b: Kommodo-MoÊ»o|Aura Sphere|p2b: Archaludon
|-supereffective|p2b: Archaludon
|-damage|p2b: Archaludon|14/100
|-ability|p2b: Archaludon|Stamina|boost
|-boost|p2b: Archaludon|def|1
|-damage|p1b: Kommodo-MoÊ»o|91/100|[from] item: Life Orb
|move|p2b: Archaludon|Electro Shot||[still]
|-prepare|p2b: Archaludon|Electro Shot
|-boost|p2b: Archaludon|spa|1
|-anim|p2b: Archaludon|Electro Shot|p1b: Kommodo-MoÊ»o
|-damage|p1b: Kommodo-MoÊ»o|25/100
|
|-weather|RainDance|[upkeep]
|upkeep
|turn|2
|
|t:|1756915344
|switch|p2b: Sinistcha|Sinistcha, L50|100/100
|-heal|p2a: Pelipper|51/100|[from] ability: Hospitality|[of] p2b: Sinistcha
|move|p2a: Pelipper|Wide Guard|p2a: Pelipper
|-singleturn|p2a: Pelipper|Wide Guard
|move|p1a: Buzz Lightyear|Electroweb|p2b: Sinistcha|[spread] 
|-activate|p2a: Pelipper|move: Wide Guard
|-activate|p2b: Sinistcha|move: Wide Guard
|move|p1b: Kommodo-MoÊ»o|Clanging Scales|p2a: Pelipper|[spread] 
|-activate|p2a: Pelipper|move: Wide Guard
|-activate|p2b: Sinistcha|move: Wide Guard
|
|-weather|RainDance|[upkeep]
|upkeep
|turn|3
|
|t:|1756915378
|switch|p1b: Lumi|Ninetales-Alola, L50, F, shiny|100/100
|-weather|Snowscape|[from] ability: Snow Warning|[of] p1b: Lumi
|move|p2a: Pelipper|Wide Guard|p2a: Pelipper
|-singleturn|p2a: Pelipper|Wide Guard
|move|p1a: Buzz Lightyear|Electroweb|p2b: Sinistcha|[spread] 
|-activate|p2a: Pelipper|move: Wide Guard
|-activate|p2b: Sinistcha|move: Wide Guard
|move|p2b: Sinistcha|Trick Room|p2b: Sinistcha
|-fieldstart|move: Trick Room|[of] p2b: Sinistcha
|
|-weather|Snowscape|[upkeep]
|upkeep
|turn|4
|
|t:|1756915394
|switch|p1a: Queen Goober|Kingambit, L50, F, shiny|100/100
|move|p2a: Pelipper|Muddy Water|p1a: Queen Goober|[spread] p1a,p1b
|-damage|p1a: Queen Goober|74/100
|-damage|p1b: Lumi|68/100
|move|p2b: Sinistcha|Matcha Gotcha|p1a: Queen Goober|[spread] p1a,p1b
|-resisted|p1a: Queen Goober
|-crit|p1a: Queen Goober
|-damage|p1a: Queen Goober|56/100
|-damage|p1b: Lumi|42/100
|-status|p1a: Queen Goober|brn
|move|p1b: Lumi|Freeze-Dry|p2a: Pelipper
|-supereffective|p2a: Pelipper
|-damage|p2a: Pelipper|0 fnt
|faint|p2a: Pelipper
|
|-weather|Snowscape|[upkeep]
|-damage|p1a: Queen Goober|50/100 brn|[from] brn
|upkeep
|
|t:|1756915412
|switch|p2a: Gholdengo|Gholdengo, L50|100/100
|turn|5
|
|t:|1756915429
|-terastallize|p2b: Sinistcha|Dark
|move|p2b: Sinistcha|Rage Powder|p2b: Sinistcha
|-singleturn|p2b: Sinistcha|move: Rage Powder
|move|p1a: Queen Goober|Kowtow Cleave|p2b: Sinistcha
|-resisted|p2b: Sinistcha
|-damage|p2b: Sinistcha|87/100
|move|p1b: Lumi|Blizzard|p2a: Gholdengo|[spread] p2a,p2b
|-resisted|p2a: Gholdengo
|-damage|p2a: Gholdengo|78/100
|-damage|p2b: Sinistcha|54/100
|-status|p2a: Gholdengo|frz
|cant|p2a: Gholdengo|frz
|
|-weather|Snowscape|[upkeep]
|-damage|p1a: Queen Goober|44/100 brn|[from] brn
|upkeep
|turn|6
|c|â˜†SlowHomie|Sorry
|
|t:|1756915445
|move|p1a: Queen Goober|Kowtow Cleave|p2a: Gholdengo
|-supereffective|p2a: Gholdengo
|-crit|p2a: Gholdengo
|-damage|p2a: Gholdengo|0 fnt
|faint|p2a: Gholdengo
|move|p2b: Sinistcha|Life Dew|p2b: Sinistcha
|-heal|p2b: Sinistcha|80/100
|move|p1b: Lumi|Blizzard|p2b: Sinistcha
|-damage|p2b: Sinistcha|35/100
|-enditem|p2b: Sinistcha|Sitrus Berry|[eat]
|-heal|p2b: Sinistcha|60/100|[from] item: Sitrus Berry
|
|-weather|Snowscape|[upkeep]
|-damage|p1a: Queen Goober|39/100 brn|[from] brn
|upkeep
|
|t:|1756915449
|switch|p2a: Archaludon|Archaludon, L50, F|14/100
|turn|7
|
|t:|1756915460
|move|p1b: Lumi|Protect|p1b: Lumi
|-singleturn|p1b: Lumi|Protect
|move|p2b: Sinistcha|Rage Powder|p2b: Sinistcha
|-singleturn|p2b: Sinistcha|move: Rage Powder
|move|p1a: Queen Goober|Kowtow Cleave|p2b: Sinistcha
|-resisted|p2b: Sinistcha
|-damage|p2b: Sinistcha|48/100
|move|p2a: Archaludon|Flash Cannon|p1b: Lumi
|-activate|p1b: Lumi|move: Protect
|
|-weather|none
|-damage|p1a: Queen Goober|33/100 brn|[from] brn
|-fieldend|move: Trick Room
|upkeep
|turn|8
|-message|Plopy14 forfeited.
|
|win|SlowHomie
||Plopy14 is ready for game 2.
||SlowHomie is ready for game 2.
|uhtml|next|Next: Game 2 of 3
|l|â˜†SlowHomie
|player|p1|
