|j|☆Mr. Murtzee
|j|☆RamonTheKiller
|html|Mr. MurtzeeRamonTheKiller    
|uhtml|bestof|Game 1 of a best-of-3
|t:|1785157828
|gametype|doubles
|player|p1|Mr. Murtzee|gentleman|1046
|player|p2|RamonTheKiller|102|1049
|gen|9
|tier|[Gen 9 Champions] VGC 2026 Reg M-B (Bo3)
|rated|
|rule|Species Clause: Limit one of each Pokémon
|rule|Item Clause: Limit 1 of each item
|clearpoke
|poke|p1|Swampert, L50, M|
|poke|p1|Pelipper, L50, M|
|poke|p1|Emboar, L50, M|
|poke|p1|Slowking, L50, M|
|poke|p1|Klefki, L50, M|
|poke|p1|Archaludon, L50, M|
|poke|p2|Venusaur, L50, M|
|poke|p2|Charizard, L50, M|
|poke|p2|Grimmsnarl, L50, M|
|poke|p2|Archaludon, L50, F|
|poke|p2|Basculegion, L50, M|
|poke|p2|Pelipper, L50, F|
|teampreview|4
|showteam|p1|Swampert||Swampertite|Torrent|WaveCrash,Earthquake,IcePunch,Protect|Jolly||M|||50|]Pelipper||FocusSash|Drizzle|WeatherBall,Hurricane,Tailwind,Protect|Timid||M|||50|]Emboar||ChoiceScarf|Blaze|FlareBlitz,CloseCombat,SuckerPunch,WildCharge|Jolly||M|||50|]Slowking||SitrusBerry|Regenerator|WeatherBall,HealPulse,SlackOff,Protect|Bold||M|||50|]Klefki||LightClay|Prankster|DazzlingGleam,LightScreen,Reflect,RainDance|Modest||M|||50|]Archaludon||Leftovers|Stamina|FlashCannon,DragonPulse,ElectroShot,Protect|Modest||M|||50|
|showteam|p2|Venusaur||LifeOrb|Chlorophyll|SludgeBomb,WeatherBall,EnergyBall,Protect|Modest||M|||50|]Charizard||CharizarditeY|Blaze|Protect,HeatWave,SolarBeam,WeatherBall|Modest||M|||50|]Grimmsnarl||LightClay|Prankster|SpiritBreak,LightScreen,Reflect,PartingShot|Sassy||M|||50|]Archaludon||Leftovers|Stamina|ElectroShot,DragonPulse,FlashCannon,Protect|Calm||F|||50|]Basculegion||ChoiceScarf|Adaptability|WaveCrash,LastRespects,AquaJet,FlipTurn|Jolly||M|||50|]Pelipper||SitrusBerry|Drizzle|Hurricane,WeatherBall,Tailwind,WideGuard|Modest||F|||50|
|inactive|Battle timer is ON: inactive players will automatically lose when time's up. (requested by Mr. Murtzee)
|inactive|RamonTheKiller has 60 seconds left.
|
|t:|1785157863
|teamsize|p1|4
|teamsize|p2|4
|start
|switch|p1a: Klefki|Klefki, L50, M|100/100
|switch|p1b: Emboar|Emboar, L50, M|100/100
|switch|p2a: Archaludon|Archaludon, L50, F|100/100
|switch|p2b: Grimmsnarl|Grimmsnarl, L50, M|100/100
|turn|1
|
|t:|1785157885
|move|p2a: Archaludon|Protect|p2a: Archaludon
|-singleturn|p2a: Archaludon|Protect
|move|p1a: Klefki|Light Screen|p1a: Klefki
|-sidestart|p1: Mr. Murtzee|move: Light Screen
|move|p2b: Grimmsnarl|Reflect|p2b: Grimmsnarl
|-sidestart|p2: RamonTheKiller|Reflect
|move|p1b: Emboar|Close Combat|p2a: Archaludon
|-activate|p2a: Archaludon|move: Protect
|
|upkeep
|turn|2
|
|t:|1785157898
|move|p2b: Grimmsnarl|Parting Shot|p1b: Emboar
|-unboost|p1b: Emboar|atk|1
|-unboost|p1b: Emboar|spa|1
|
|t:|1785157901
|switch|p2b: Pelipper|Pelipper, L50, F|100/100|[from] Parting Shot
|-weather|RainDance|[from] ability: Drizzle|[of] p2b: Pelipper
|move|p1b: Emboar|Close Combat|p2a: Archaludon
|-supereffective|p2a: Archaludon|1
|-damage|p2a: Archaludon|58/100
|-unboost|p1b: Emboar|def|1
|-unboost|p1b: Emboar|spd|1
|-ability|p2a: Archaludon|Stamina|boost
|-boost|p2a: Archaludon|def|1
|move|p2a: Archaludon|Electro Shot||[still]
|-prepare|p2a: Archaludon|Electro Shot
|-boost|p2a: Archaludon|spa|1
|-anim|p2a: Archaludon|Electro Shot|p1a: Klefki
|-damage|p1a: Klefki|55/100
|move|p1a: Klefki|Dazzling Gleam|p2b: Pelipper|[spread] p2a,p2b
|-damage|p2a: Archaludon|37/100
|-damage|p2b: Pelipper|67/100
|-ability|p2a: Archaludon|Stamina|boost
|-boost|p2a: Archaludon|def|1
|
|-weather|RainDance|[upkeep]
|-heal|p2a: Archaludon|43/100|[from] item: Leftovers
|upkeep
|turn|3
|inactive|Mr. Murtzee has 30 seconds left.
|inactive|RamonTheKiller has 30 seconds left.
|
|t:|1785157929
|move|p1b: Emboar|Close Combat|p2a: Archaludon
|-supereffective|p2a: Archaludon|1
|-crit|p2a: Archaludon
|-damage|p2a: Archaludon|0 fnt
|-unboost|p1b: Emboar|def|1
|-unboost|p1b: Emboar|spd|1
|faint|p2a: Archaludon
|move|p2b: Pelipper|Tailwind|p2b: Pelipper
|-sidestart|p2: RamonTheKiller|move: Tailwind
|move|p1a: Klefki|Dazzling Gleam|p2b: Pelipper
|-damage|p2b: Pelipper|18/100
|-enditem|p2b: Pelipper|Sitrus Berry|[eat]
|-heal|p2b: Pelipper|43/100|[from] item: Sitrus Berry
|
|-weather|RainDance|[upkeep]
|upkeep
|
|t:|1785157937
|switch|p2a: Charizard|Charizard, L50, M|100/100
|turn|4
|inactive|Mr. Murtzee has 30 seconds left.
|
|t:|1785157968
|switch|p1b: Pelipper|Pelipper, L50, M|100/100
|move|p2a: Charizard|Weather Ball|p1b: Pelipper
|-resisted|p1b: Pelipper|1
|-damage|p1b: Pelipper|74/100
|move|p2b: Pelipper|Weather Ball|p1a: Klefki
|-damage|p1a: Klefki|7/100
|move|p1a: Klefki|Dazzling Gleam|p2b: Pelipper|[spread] p2a,p2b
|-resisted|p2a: Charizard|1
|-damage|p2a: Charizard|85/100
|-damage|p2b: Pelipper|8/100
|
|-weather|RainDance|[upkeep]
|upkeep
|turn|5
|
|t:|1785157990
|switch|p2b: Grimmsnarl|Grimmsnarl, L50, M|100/100
|detailschange|p2a: Charizard|Charizard-Mega-Y, L50, M
|-mega|p2a: Charizard|Charizard|Charizardite Y
|-weather|SunnyDay|[from] ability: Drought|[of] p2a: Charizard
|move|p2a: Charizard|Solar Beam||[still]
|-prepare|p2a: Charizard|Solar Beam
|-anim|p2a: Charizard|Solar Beam|p1b: Pelipper
|-damage|p1b: Pelipper|18/100
|move|p1b: Pelipper|Hurricane|p2a: Charizard
|-damage|p2a: Charizard|42/100
|move|p1a: Klefki|Dazzling Gleam|p2a: Charizard|[spread] p2a,p2b
|-resisted|p2a: Charizard|1
|-supereffective|p2b: Grimmsnarl|1
|-damage|p2a: Charizard|32/100
|-damage|p2b: Grimmsnarl|54/100
|
|-weather|SunnyDay|[upkeep]
|upkeep
|turn|6
|inactive|Mr. Murtzee has 30 seconds left.
|
|t:|1785158020
|move|p1a: Klefki|Rain Dance|p1a: Klefki
|-weather|RainDance
|move|p2a: Charizard|Heat Wave|p1b: Pelipper|[spread] p1a,p1b
|-supereffective|p1a: Klefki|1
|-resisted|p1b: Pelipper|1
|-damage|p1a: Klefki|0 fnt
|-damage|p1b: Pelipper|6/100
|faint|p1a: Klefki
|move|p2b: Grimmsnarl|Spirit Break|p1b: Pelipper
|-damage|p1b: Pelipper|0 fnt
|faint|p1b: Pelipper
|
|-weather|RainDance|[upkeep]
|-sideend|p2: RamonTheKiller|move: Tailwind
|upkeep
|
|t:|1785158033
|switch|p1b: Emboar|Emboar, L50, M|100/100
|switch|p1a: Swampert|Swampert, L50, M|100/100
|turn|7
|
|t:|1785158059
|switch|p2a: Pelipper|Pelipper, L50, F|8/100
|detailschange|p1a: Swampert|Swampert-Mega, L50, M
|-mega|p1a: Swampert|Swampert|Swampertite
|move|p1b: Emboar|Sucker Punch||[still]
|-fail|p1b: Emboar
|move|p2b: Grimmsnarl|Parting Shot|p1a: Swampert
|-unboost|p1a: Swampert|atk|1
|-unboost|p1a: Swampert|spa|1
|
|t:|1785158068
|switch|p2b: Charizard|Charizard-Mega-Y, L50, M|32/100|[from] Parting Shot
|-weather|SunnyDay|[from] ability: Drought|[of] p2b: Charizard
|move|p1a: Swampert|Wave Crash|p2a: Pelipper
|-resisted|p2a: Pelipper|1
|-damage|p2a: Pelipper|1/100
|-damage|p1a: Swampert|97/100|[from] Recoil
|
|-weather|SunnyDay|[upkeep]
|upkeep
|turn|8
|
|t:|1785158089
|move|p2b: Charizard|Protect|p2b: Charizard
|-singleturn|p2b: Charizard|Protect
|move|p1b: Emboar|Sucker Punch||[still]
|-fail|p1b: Emboar
|move|p1a: Swampert|Wave Crash|p2b: Charizard
|-activate|p2b: Charizard|move: Protect
|move|p2a: Pelipper|Hurricane|p1b: Emboar|[miss]
|-miss|p2a: Pelipper|p1b: Emboar
|
|-weather|SunnyDay|[upkeep]
|-sideend|p2: RamonTheKiller|Reflect
|-sideend|p1: Mr. Murtzee|move: Light Screen
|upkeep
|turn|9
|
|t:|1785158107
|switch|p2b: Grimmsnarl|Grimmsnarl, L50, M|54/100
|move|p1b: Emboar|Sucker Punch||[still]
|-fail|p1b: Emboar
|move|p1a: Swampert|Ice Punch|p2a: Pelipper
|-damage|p2a: Pelipper|0 fnt
|faint|p2a: Pelipper
|
|-weather|SunnyDay|[upkeep]
|upkeep
|
|t:|1785158113
|switch|p2a: Charizard|Charizard-Mega-Y, L50, M|32/100
|turn|10
|
|t:|1785158130
|move|p1b: Emboar|Sucker Punch|p2a: Charizard
|-damage|p2a: Charizard|8/100
|move|p2b: Grimmsnarl|Parting Shot|p1b: Emboar
|-unboost|p1b: Emboar|atk|1
|-unboost|p1b: Emboar|spa|1
|move|p2a: Charizard|Solar Beam||[still]
|-prepare|p2a: Charizard|Solar Beam
|-anim|p2a: Charizard|Solar Beam|p1a: Swampert
|-supereffective|p1a: Swampert|2
|-damage|p1a: Swampert|0 fnt
|faint|p1a: Swampert
|
|-weather|SunnyDay|[upkeep]
|upkeep
|turn|11
|
|t:|1785158144
|move|p2a: Charizard|Protect|p2a: Charizard
|-singleturn|p2a: Charizard|Protect
|move|p1b: Emboar|Sucker Punch||[still]
|-fail|p1b: Emboar
|move|p2b: Grimmsnarl|Parting Shot|p1b: Emboar
|-unboost|p1b: Emboar|atk|1
|-unboost|p1b: Emboar|spa|1
|
|-weather|none
|upkeep
|turn|12
|
|t:|1785158154
|move|p2a: Charizard|Protect|p2a: Charizard
|-singleturn|p2a: Charizard|Protect
|move|p1b: Emboar|Sucker Punch||[still]
|-fail|p1b: Emboar
|move|p2b: Grimmsnarl|Parting Shot|p1b: Emboar
|-unboost|p1b: Emboar|atk|1
|-unboost|p1b: Emboar|spa|1
|
|upkeep
|turn|13
|
|t:|1785158164
|move|p2a: Charizard|Protect||[still]
|-fail|p2a: Charizard
|move|p1b: Emboar|Sucker Punch||[still]
|-fail|p1b: Emboar
|move|p2b: Grimmsnarl|Spirit Break|p1b: Emboar
|-damage|p1b: Emboar|59/100
|-unboost|p1b: Emboar|spa|1
|
|upkeep
|turn|14
|
|t:|1785158177
|move|p1b: Emboar|Sucker Punch|p2a: Charizard
|-damage|p2a: Charizard|0 fnt
|faint|p2a: Charizard
|move|p2b: Grimmsnarl|Spirit Break|p1b: Emboar
|-damage|p1b: Emboar|17/100
|-unboost|p1b: Emboar|spa|1
|
|upkeep
|turn|15
|
|t:|1785158186
|-activate|p1b: Emboar|move: Struggle
|move|p1b: Emboar|Struggle|p2b: Grimmsnarl
|-damage|p2b: Grimmsnarl|48/100
|-damage|p1b: Emboar|0 fnt|[from] recoil
|faint|p1b: Emboar
|
|win|RamonTheKiller
|l|☆Mr. Murtzee
|player|p1|
