|j|☆mejuke
|j|☆AFKKING_08
|html|mejukeAFKKING_08    
|uhtml|bestof|Game 1 of a best-of-3
|t:|1757752246
|gametype|doubles
|player|p1|mejuke|lady-gen4|1094
|player|p2|AFKKING_08|ingo|1286
|gen|9
|tier|[Gen 9] VGC 2025 Reg H (Bo3)
|rated|
|rule|Species Clause: Limit one of each Pokémon
|rule|Item Clause: Limit 1 of each item
|clearpoke
|poke|p1|Hydreigon, L50, F|
|poke|p1|Whimsicott, L50, F|
|poke|p1|Farigiraf, L50, F|
|poke|p1|Ursaluna-Bloodmoon, L50, M|
|poke|p1|Rillaboom, L50, M|
|poke|p1|Annihilape, L50, M|
|poke|p2|Inteleon, L50, F|
|poke|p2|Decidueye-Hisui, L50, M|
|poke|p2|Gholdengo, L50|
|poke|p2|Talonflame, L50, M|
|poke|p2|Ninetales-Alola, L50, M|
|poke|p2|Incineroar, L50, F|
|teampreview|4
|showteam|p1|Hydreigon||ChoiceSpecs|Levitate|DarkPulse,DracoMeteor,HeatWave,FlashCannon|||F|||50|,,,,,Poison]Whimsicott||CovertCloak|Prankster|Tailwind,BeatUp,Moonblast,Encore|||F|||50|,,,,,Dark]Farigiraf||ThroatSpray|ArmorTail|TrickRoom,HyperVoice,Psychic,Protect|||F|||50|,,,,,Fairy]Ursaluna-Bloodmoon||LifeOrb|MindsEye|BloodMoon,HyperVoice,EarthPower,Protect|||M|||50|,,,,,Normal]Rillaboom||AssaultVest|GrassySurge|FakeOut,WoodHammer,GrassyGlide,Uturn|||M|||50|,,,,,Fire]Annihilape||ChoiceScarf|Defiant|RageFist,CloseCombat,DrainPunch,FinalGambit|||M|||50|,,,,,Steel
|showteam|p2|Inteleon||ScopeLens|Sniper|IceBeam,SnipeShot,Haze,Protect|||F|||50|,,,,,Grass]Decidueye-Hisui||RazorClaw|Scrappy|TripleArrows,SuckerPunch,LeafBlade,Protect|||M|||50|,,,,,Fire]Gholdengo||ChoiceSpecs|GoodasGold|MakeItRain,ShadowBall,PowerGem,Trick||||||50|,,,,,Steel]Talonflame||CovertCloak|GaleWings|DualWingbeat,WillOWisp,Tailwind,Taunt|||M|||50|,,,,,Ghost]Ninetales-Alola||NeverMeltIce|SnowWarning|Blizzard,FreezeDry,Moonblast,Protect|||M|||50|,,,,,Fire]Incineroar||SitrusBerry|Intimidate|FakeOut,KnockOff,FlareBlitz,PartingShot|||F|||50|,,,,,Ghost
|inactive|Battle timer is ON: inactive players will automatically lose when time's up. (requested by AFKKING_08)
|inactive|mejuke has 60 seconds left.
|inactive|AFKKING_08 has 60 seconds left.
|inactive|mejuke has 30 seconds left.
|inactive|AFKKING_08 has 30 seconds left.
|inactive|AFKKING_08 has 20 seconds left.
|inactive|AFKKING_08 has 15 seconds left.
|inactive|AFKKING_08 has 10 seconds left.
|inactive|AFKKING_08 has 5 seconds left.
|
|t:|1757752337
|teamsize|p1|4
|teamsize|p2|4
|start
|switch|p1a: Annihilape|Annihilape, L50, M|100/100
|switch|p1b: Farigiraf|Farigiraf, L50, F|100/100
|switch|p2a: Talonflame|Talonflame, L50, M|100/100
|switch|p2b: Gholdengo|Gholdengo, L50|100/100
|turn|1
|inactive|AFKKING_08 has 30 seconds left.
|inactive|AFKKING_08 has 20 seconds left.
|inactive|AFKKING_08 has 15 seconds left.
|inactive|AFKKING_08 has 10 seconds left.
|inactive|AFKKING_08 has 5 seconds left.
|
|t:|1757752392
|-terastallize|p1a: Annihilape|Steel
|move|p1b: Farigiraf|Protect|p1b: Farigiraf
|-singleturn|p1b: Farigiraf|Protect
|move|p2a: Talonflame|Dual Wingbeat||[still]
|cant|p1b: Farigiraf|ability: Armor Tail|Dual Wingbeat|[of] p2a: Talonflame
|move|p1a: Annihilape|Rage Fist|p2b: Gholdengo
|-supereffective|p2b: Gholdengo
|-damage|p2b: Gholdengo|44/100
|move|p2b: Gholdengo|Make It Rain|p1a: Annihilape|[spread] p1a
|-activate|p1b: Farigiraf|move: Protect
|-resisted|p1a: Annihilape
|-damage|p1a: Annihilape|65/100
|-unboost|p2b: Gholdengo|spa|1
|
|upkeep
|turn|2
|inactive|mejuke has 30 seconds left.
|inactive|AFKKING_08 has 30 seconds left.
|inactive|AFKKING_08 has 20 seconds left.
|inactive|AFKKING_08 has 15 seconds left.
|inactive|AFKKING_08 has 10 seconds left.
|inactive|AFKKING_08 has 5 seconds left.
|
|t:|1757752447
|move|p2a: Talonflame|Dual Wingbeat||[still]
|cant|p1b: Farigiraf|ability: Armor Tail|Dual Wingbeat|[of] p2a: Talonflame
|move|p1a: Annihilape|Rage Fist|p2b: Gholdengo
|-supereffective|p2b: Gholdengo
|-damage|p2b: Gholdengo|0 fnt
|faint|p2b: Gholdengo
|move|p1b: Farigiraf|Trick Room|p1b: Farigiraf
|-fieldstart|move: Trick Room|[of] p1b: Farigiraf
|
|upkeep
|inactive|AFKKING_08 has 30 seconds left.
|inactive|AFKKING_08 has 20 seconds left.
|inactive|AFKKING_08 has 15 seconds left.
|inactive|AFKKING_08 has 10 seconds left.
|inactive|AFKKING_08 has 5 seconds left.
|
|t:|1757752502
|switch|p2b: Incineroar|Incineroar, L50, F|100/100
|-ability|p2b: Incineroar|Intimidate|boost
|-unboost|p1a: Annihilape|atk|1
|-ability|p1a: Annihilape|Defiant|boost
|-boost|p1a: Annihilape|atk|2
|-unboost|p1b: Farigiraf|atk|1
|turn|3
|inactive|AFKKING_08 has 30 seconds left.
|inactive|AFKKING_08 has 20 seconds left.
|inactive|AFKKING_08 has 15 seconds left.
|inactive|AFKKING_08 has 10 seconds left.
|c|☆AFKKING_08|o sorry man
|inactive|AFKKING_08 has 5 seconds left.
|
|t:|1757752557
|move|p2b: Incineroar|Fake Out||[still]
|cant|p1b: Farigiraf|ability: Armor Tail|Fake Out|[of] p2b: Incineroar
|move|p2a: Talonflame|Dual Wingbeat||[still]
|cant|p1b: Farigiraf|ability: Armor Tail|Dual Wingbeat|[of] p2a: Talonflame
|move|p1b: Farigiraf|Hyper Voice|p2a: Talonflame|[spread] p2a,p2b
|-damage|p2a: Talonflame|51/100
|-damage|p2b: Incineroar|76/100
|-enditem|p1b: Farigiraf|Throat Spray
|-boost|p1b: Farigiraf|spa|1|[from] item: Throat Spray
|move|p1a: Annihilape|Rage Fist|p2a: Talonflame
|-damage|p2a: Talonflame|0 fnt
|faint|p2a: Talonflame
|
|upkeep
|c|☆AFKKING_08|parents b bullying
|
|t:|1757752562
|switch|p2a: Inteleon|Inteleon, L50, F|100/100
|turn|4
|
|t:|1757752576
|move|p1b: Farigiraf|Hyper Voice|p2a: Inteleon|[spread] p2a,p2b
|-damage|p2a: Inteleon|28/100
|-damage|p2b: Incineroar|41/100
|-enditem|p2b: Incineroar|Sitrus Berry|[eat]
|-heal|p2b: Incineroar|66/100|[from] item: Sitrus Berry
|move|p2b: Incineroar|Flare Blitz|p1a: Annihilape
|-supereffective|p1a: Annihilape
|-damage|p1a: Annihilape|0 fnt
|faint|p1a: Annihilape
|-damage|p2b: Incineroar|43/100|[from] Recoil
|move|p2a: Inteleon|Snipe Shot|p1b: Farigiraf
|-crit|p1b: Farigiraf
|-damage|p1b: Farigiraf|17/100
|
|upkeep
|
|t:|1757752587
|switch|p1a: Ursaluna|Ursaluna-Bloodmoon, L50, M|100/100
|turn|5
|
|t:|1757752592
|-terastallize|p2b: Incineroar|Ghost
|move|p2a: Inteleon|Protect|p2a: Inteleon
|-singleturn|p2a: Inteleon|Protect
|move|p1b: Farigiraf|Hyper Voice|p2a: Inteleon|[spread] 
|-activate|p2a: Inteleon|move: Protect
|-immune|p2b: Incineroar
|move|p1a: Ursaluna|Hyper Voice|p2b: Incineroar|[spread] p2b
|-activate|p2a: Inteleon|move: Protect
|-damage|p2b: Incineroar|2/100
|-damage|p1a: Ursaluna|91/100|[from] item: Life Orb
|move|p2b: Incineroar|Knock Off|p1b: Farigiraf
|-supereffective|p1b: Farigiraf
|-damage|p1b: Farigiraf|0 fnt
|faint|p1b: Farigiraf
|
|upkeep
|
|t:|1757752606
|switch|p1b: Rillaboom|Rillaboom, L50, M|100/100
|-fieldstart|move: Grassy Terrain|[from] ability: Grassy Surge|[of] p1b: Rillaboom
|turn|6
|
|t:|1757752613
|move|p2a: Inteleon|Protect|p2a: Inteleon
|-singleturn|p2a: Inteleon|Protect
|move|p1b: Rillaboom|Fake Out|p2a: Inteleon
|-activate|p2a: Inteleon|move: Protect
|move|p1a: Ursaluna|Hyper Voice|p2b: Incineroar|[spread] p2b
|-activate|p2a: Inteleon|move: Protect
|-damage|p2b: Incineroar|0 fnt
|faint|p2b: Incineroar
|-damage|p1a: Ursaluna|81/100|[from] item: Life Orb
|
|-heal|p1a: Ursaluna|87/100|[from] Grassy Terrain
|-heal|p2a: Inteleon|34/100|[from] Grassy Terrain
|-fieldend|move: Trick Room
|upkeep
|turn|7
|
|t:|1757752628
|move|p1b: Rillaboom|Grassy Glide|p2a: Inteleon
|-supereffective|p2a: Inteleon
|-damage|p2a: Inteleon|0 fnt
|faint|p2a: Inteleon
|
|win|mejuke
||AFKKING_08 is ready for game 2.
||mejuke is ready for game 2.
|uhtml|next|Next: Game 2 of 3
|l|☆AFKKING_08
|player|p2|
|l|☆mejuke
|player|p1|
