|j|☆TestingB4SpendVP
|j|☆LuixenS
|html|TestingB4SpendVPLuixenS    
|uhtml|bestof|Game 1 of a best-of-3
|t:|1786033776
|gametype|doubles
|player|p1|TestingB4SpendVP|rainbowrocketgrunt|1226
|player|p2|LuixenS|canari|1324
|gen|9
|tier|[Gen 9 Champions] VGC 2026 Reg M-B (Bo3)
|rated|
|rule|Species Clause: Limit one of each Pokémon
|rule|Item Clause: Limit 1 of each item
|clearpoke
|poke|p1|Scolipede, L50, M|
|poke|p1|Raichu, L50, M|
|poke|p1|Sinistcha, L50|
|poke|p1|Weavile, L50, M|
|poke|p1|Ceruledge, L50, F|
|poke|p1|Milotic, L50, F|
|poke|p2|Staraptor, L50, M|
|poke|p2|Raichu, L50, M|
|poke|p2|Sylveon, L50, M, shiny|
|poke|p2|Farigiraf, L50, F, shiny|
|poke|p2|Arcanine-Hisui, L50, F|
|poke|p2|Kingambit, L50, M|
|teampreview|4
|showteam|p1|Scolipede||Scolipite|SpeedBoost|LeechLife,PoisonJab,SwordsDance,Protect|Jolly||M|||50|]Raichu||RaichuniteY|LightningRod|ZapCannon,FocusBlast,Protect,FakeOut|Timid||M|||50|]Sinistcha||KasibBerry|Hospitality|MatchaGotcha,LifeDew,Protect,RagePowder|Relaxed|||||50|]Weavile||FocusSash|Pickpocket|KnockOff,TripleAxel,LowKick,FakeOut|Jolly||M|||50|]Ceruledge||ColburBerry|FlashFire|BitterBlade,ShadowSneak,Protect,BulkUp|Adamant||F|||50|]Milotic||Leftovers|Competitive|MuddyWater,Coil,Protect,Hypnosis|Calm||F|||50|
|showteam|p2|Staraptor||Staraptite|Intimidate|Tailwind,Protect,CloseCombat,DualWingbeat|Jolly||M|||50|]Raichu||RaichuniteY|LightningRod|FakeOut,ZapCannon,FocusBlast,Protect|Timid||M|||50|]Sylveon||FairyFeather|Pixilate|Detect,HyperVoice,QuickAttack,HyperBeam|Modest||M|||50|]Farigiraf||SitrusBerry|ArmorTail|Psychic,TrickRoom,HelpingHand,Protect|Calm||F|||50|]Arcanine-Hisui||FocusSash|RockHead|Protect,ExtremeSpeed,HeadSmash,FlareBlitz|Jolly||F|||50|]Kingambit||LifeOrb|Defiant|Protect,KowtowCleave,SwordsDance,SuckerPunch|Adamant||M|||50|
|inactive|Battle timer is ON: inactive players will automatically lose when time's up. (requested by LuixenS)
|inactive|LuixenS has 60 seconds left.
|
|t:|1786033812
|teamsize|p1|4
|teamsize|p2|4
|start
|switch|p1a: Weavile|Weavile, L50, M|100/100
|switch|p1b: Milotic|Milotic, L50, F|100/100
|switch|p2a: Raichu|Raichu, L50, M|100/100
|switch|p2b: Arcanine|Arcanine-Hisui, L50, F|100/100
|turn|1
|
|t:|1786033835
|switch|p2b: Farigiraf|Farigiraf, L50, F, shiny|100/100
|detailschange|p2a: Raichu|Raichu-Mega-Y, L50, M
|-mega|p2a: Raichu|Raichu|Raichunite Y
|move|p1a: Weavile|Fake Out||[still]
|cant|p2b: Farigiraf|ability: Armor Tail|Fake Out|[of] p1a: Weavile
|move|p2a: Raichu|Zap Cannon|p1b: Milotic
|-supereffective|p1b: Milotic|1
|-damage|p1b: Milotic|24/100
|-status|p1b: Milotic|par
|move|p1b: Milotic|Muddy Water|p2b: Farigiraf|[spread] p2a,p2b
|-damage|p2a: Raichu|68/100
|-damage|p2b: Farigiraf|80/100
|
|-heal|p1b: Milotic|30/100 par|[from] item: Leftovers
|upkeep
|turn|2
|
|t:|1786033854
|move|p1b: Milotic|Protect|p1b: Milotic
|-singleturn|p1b: Milotic|Protect
|move|p1a: Weavile|Triple Axel|p2a: Raichu
|-damage|p2a: Raichu|54/100
|-damage|p2a: Raichu|26/100
|-damage|p2a: Raichu|0 fnt
|faint|p2a: Raichu
|-hitcount|p2: Raichu|3
|move|p2b: Farigiraf|Psychic|p1b: Milotic
|-activate|p1b: Milotic|move: Protect
|
|-heal|p1b: Milotic|36/100 par|[from] item: Leftovers
|upkeep
|
|t:|1786033861
|switch|p2a: Arcanine|Arcanine-Hisui, L50, F|100/100
|turn|3
|
|t:|1786033877
|switch|p2b: Kingambit|Kingambit, L50, M|100/100
|move|p2a: Arcanine|Protect|p2a: Arcanine
|-singleturn|p2a: Arcanine|Protect
|move|p1a: Weavile|Knock Off|p2b: Kingambit
|-resisted|p2b: Kingambit|1
|-damage|p2b: Kingambit|84/100
|-enditem|p2b: Kingambit|Life Orb|[from] move: Knock Off|[of] p1a: Weavile
|move|p1b: Milotic|Muddy Water|p2b: Kingambit|[spread] p2b
|-activate|p2a: Arcanine|move: Protect
|-damage|p2b: Kingambit|60/100
|-unboost|p2b: Kingambit|accuracy|1
|-ability|p2b: Kingambit|Defiant|boost
|-boost|p2b: Kingambit|atk|2
|
|-heal|p1b: Milotic|42/100 par|[from] item: Leftovers
|upkeep
|turn|4
|
|t:|1786033897
|move|p2a: Arcanine|Extreme Speed|p1a: Weavile
|-damage|p1a: Weavile|59/100
|move|p2b: Kingambit|Sucker Punch|p1a: Weavile
|-resisted|p1a: Weavile|1
|-damage|p1a: Weavile|0 fnt
|faint|p1a: Weavile
|move|p1b: Milotic|Coil|p1b: Milotic
|-boost|p1b: Milotic|atk|1
|-boost|p1b: Milotic|def|1
|-boost|p1b: Milotic|accuracy|1
|
|-heal|p1b: Milotic|48/100 par|[from] item: Leftovers
|upkeep
|
|t:|1786033912
|switch|p1a: Raichu|Raichu, L50, M|100/100
|turn|5
|
|t:|1786033927
|switch|p2a: Farigiraf|Farigiraf, L50, F, shiny|80/100
|detailschange|p1a: Raichu|Raichu-Mega-Y, L50, M
|-mega|p1a: Raichu|Raichu|Raichunite Y
|move|p2b: Kingambit|Sucker Punch|p1a: Raichu
|-damage|p1a: Raichu|0 fnt
|faint|p1a: Raichu
|cant|p1b: Milotic|par
|
|-heal|p1b: Milotic|54/100 par|[from] item: Leftovers
|upkeep
|
|t:|1786033937
|switch|p1a: Ceruledge|Ceruledge, L50, F|100/100
|turn|6
|
|t:|1786033961
|move|p1a: Ceruledge|Bulk Up|p1a: Ceruledge
|-boost|p1a: Ceruledge|atk|1
|-boost|p1a: Ceruledge|def|1
|move|p2a: Farigiraf|Psychic|p1a: Ceruledge
|-damage|p1a: Ceruledge|65/100
|move|p2b: Kingambit|Kowtow Cleave|p1b: Milotic
|-damage|p1b: Milotic|0 fnt
|faint|p1b: Milotic
|
|upkeep
|turn|7
|-message|TestingB4SpendVP forfeited.
|
|win|LuixenS
