|j|☆Arnauz10
|j|☆prof.Jirofales
|html|Arnauz10prof.Jirofales    
|uhtml|bestof|Game 3 of a best-of-3
|t:|1756072073
|gametype|doubles
|player|p1|Arnauz10|ghetsis|1146
|player|p2|prof.Jirofales|265|1216
|gen|9
|tier|[Gen 9] VGC 2025 Reg H (Bo3)
|rated|
|rule|Species Clause: Limit one of each Pokémon
|rule|Item Clause: Limit 1 of each item
|clearpoke
|poke|p1|Annihilape, L50, F|
|poke|p1|Dragonite, L50, F|
|poke|p1|Gholdengo, L50|
|poke|p1|Porygon2, L50|
|poke|p1|Ursaluna, L50, M|
|poke|p1|Incineroar, L50, F|
|poke|p2|Rillaboom, L50, M|
|poke|p2|Incineroar, L50, M|
|poke|p2|Basculegion, L50, M|
|poke|p2|Volcarona, L50, F|
|poke|p2|Dragonite, L50, F|
|poke|p2|Sneasler, L50, F|
|teampreview|4
|showteam|p1|Annihilape||FocusSash|Defiant|RageFist,CloseCombat,Coaching,FinalGambit|||F|||50|,,,,,Stellar]Dragonite||LoadedDice|Multiscale|ScaleShot,Haze,Tailwind,Protect|||F|||50|,,,,,Fairy]Gholdengo||LifeOrb|GoodasGold|ShadowBall,MakeItRain,NastyPlot,Protect||||||50|,,,,,Water]Porygon2||Eviolite|Download|IceBeam,TeraBlast,Recover,TrickRoom||||||50|,,,,,Fighting]Ursaluna||FlameOrb|Guts|Facade,Earthquake,HeadlongRush,Protect|||M|||50|,,,,,Ghost]Incineroar||SafetyGoggles|Intimidate|FakeOut,KnockOff,FlareBlitz,PartingShot|||F|||50|,,,,,Ghost
|showteam|p2|Rillaboom||AssaultVest|GrassySurge|FakeOut,GrassyGlide,WoodHammer,HighHorsepower|||M|||50|,,,,,Fire]Incineroar||SafetyGoggles|Intimidate|FakeOut,FlareBlitz,KnockOff,PartingShot|||M|||50|,,,,,Ghost]Basculegion||ChoiceScarf|Adaptability|FlipTurn,WaveCrash,LastRespects,TeraBlast|||M|||50|,,,,,Flying]Volcarona||CovertCloak|FlameBody|HeatWave,TeraBlast,QuiverDance,Protect|||F|||50|,,,,,Fairy]Dragonite||LoadedDice|Multiscale|ScaleShot,Tailwind,Haze,Protect|||F|||50|,,,,,Steel]Sneasler||FocusSash|Unburden|FakeOut,DireClaw,CloseCombat,Coaching|||F|||50|,,,,,Ghost
|j| Arkhept
|l| Arkhept
|
|t:|1756072175
|teamsize|p1|4
|teamsize|p2|4
|start
|switch|p1a: Porygon2|Porygon2, L50|100/100
|switch|p1b: Incineroar|Incineroar, L50, F|100/100
|switch|p2a: Basculegion|Basculegion, L50, M|100/100
|switch|p2b: Dragonite|Dragonite, L50, F|100/100
|-ability|p1b: Incineroar|Intimidate|boost
|-unboost|p2a: Basculegion|atk|1
|-unboost|p2b: Dragonite|atk|1
|-ability|p1a: Porygon2|Download|boost
|-boost|p1a: Porygon2|atk|1
|turn|1
|
|t:|1756072210
|-terastallize|p1b: Incineroar|Ghost
|move|p2a: Basculegion|Flip Turn|p1b: Incineroar
|-damage|p1b: Incineroar|84/100
|
|t:|1756072214
|switch|p2a: Incineroar|Incineroar, L50, M|100/100|[from] Flip Turn
|-ability|p2a: Incineroar|Intimidate|boost
|-unboost|p1a: Porygon2|atk|1
|-unboost|p1b: Incineroar|atk|1
|move|p2b: Dragonite|Scale Shot|p1b: Incineroar
|-damage|p1b: Incineroar|76/100
|-damage|p1b: Incineroar|67/100
|-damage|p1b: Incineroar|58/100
|-damage|p1b: Incineroar|50/100
|-damage|p1b: Incineroar|43/100
|-hitcount|p1b: Incineroar|5
|-unboost|p2b: Dragonite|def|1
|-boost|p2b: Dragonite|spe|1
|move|p1b: Incineroar|Parting Shot|p2a: Incineroar
|-unboost|p2a: Incineroar|atk|1
|-unboost|p2a: Incineroar|spa|1
|
|t:|1756072233
|switch|p1b: Ursaluna|Ursaluna, L50, M|100/100|[from] Parting Shot
|move|p1a: Porygon2|Trick Room|p1a: Porygon2
|-fieldstart|move: Trick Room|[of] p1a: Porygon2
|
|-status|p1b: Ursaluna|brn|[from] item: Flame Orb
|upkeep
|turn|2
|
|t:|1756072265
|move|p2a: Incineroar|Fake Out|p1b: Ursaluna
|-damage|p1b: Ursaluna|94/100 brn
|cant|p1b: Ursaluna|flinch
|move|p1a: Porygon2|Ice Beam|p2b: Dragonite
|-supereffective|p2b: Dragonite
|-damage|p2b: Dragonite|49/100
|move|p2b: Dragonite|Haze|p2b: Dragonite
|-clearallboost
|
|-damage|p1b: Ursaluna|88/100 brn|[from] brn
|upkeep
|turn|3
|
|t:|1756072296
|switch|p2a: Basculegion|Basculegion, L50, M|100/100
|move|p2b: Dragonite|Protect|p2b: Dragonite
|-singleturn|p2b: Dragonite|Protect
|move|p1b: Ursaluna|Headlong Rush|p2a: Basculegion
|-damage|p2a: Basculegion|0 fnt
|-unboost|p1b: Ursaluna|def|1
|-unboost|p1b: Ursaluna|spd|1
|faint|p2a: Basculegion
|move|p1a: Porygon2|Ice Beam|p2b: Dragonite
|-activate|p2b: Dragonite|move: Protect
|
|-damage|p1b: Ursaluna|82/100 brn|[from] brn
|upkeep
|
|t:|1756072309
|switch|p2a: Rillaboom|Rillaboom, L50, M|100/100
|-fieldstart|move: Grassy Terrain|[from] ability: Grassy Surge|[of] p2a: Rillaboom
|turn|4
|
|t:|1756072338
|switch|p2b: Incineroar|Incineroar, L50, M|100/100
|-ability|p2b: Incineroar|Intimidate|boost
|-unboost|p1a: Porygon2|atk|1
|-unboost|p1b: Ursaluna|atk|1
|move|p2a: Rillaboom|Grassy Glide|p1b: Ursaluna
|-supereffective|p1b: Ursaluna
|-damage|p1b: Ursaluna|0 fnt
|faint|p1b: Ursaluna
|move|p1a: Porygon2|Ice Beam|p2b: Incineroar
|-resisted|p2b: Incineroar
|-damage|p2b: Incineroar|89/100
|
|-heal|p2b: Incineroar|95/100|[from] Grassy Terrain
|upkeep
|
|t:|1756072357
|switch|p1b: Incineroar|Incineroar, L50, F, tera:Ghost|43/100
|-ability|p1b: Incineroar|Intimidate|boost
|-unboost|p2a: Rillaboom|atk|1
|-unboost|p2b: Incineroar|atk|1
|turn|5
|
|t:|1756072371
|move|p2b: Incineroar|Knock Off|p1b: Incineroar
|-supereffective|p1b: Incineroar
|-damage|p1b: Incineroar|0 fnt
|-enditem|p1b: Incineroar|Safety Goggles|[from] move: Knock Off|[of] p2b: Incineroar
|faint|p1b: Incineroar
|move|p1a: Porygon2|Ice Beam|p2a: Rillaboom
|-supereffective|p2a: Rillaboom
|-damage|p2a: Rillaboom|60/100
|move|p2a: Rillaboom|Wood Hammer|p1a: Porygon2
|-damage|p1a: Porygon2|64/100
|-damage|p2a: Rillaboom|47/100|[from] Recoil
|
|-heal|p2b: Incineroar|100/100|[from] Grassy Terrain
|-heal|p1a: Porygon2|70/100|[from] Grassy Terrain
|-heal|p2a: Rillaboom|53/100|[from] Grassy Terrain
|-fieldend|move: Trick Room
|upkeep
|
|t:|1756072378
|switch|p1b: Gholdengo|Gholdengo, L50|100/100
|turn|6
|
|t:|1756072414
|move|p1b: Gholdengo|Protect|p1b: Gholdengo
|-singleturn|p1b: Gholdengo|Protect
|move|p2a: Rillaboom|High Horsepower|p1b: Gholdengo
|-activate|p1b: Gholdengo|move: Protect
|move|p1a: Porygon2|Ice Beam|p2a: Rillaboom
|-supereffective|p2a: Rillaboom
|-damage|p2a: Rillaboom|8/100
|move|p2b: Incineroar|Knock Off|p1a: Porygon2
|-damage|p1a: Porygon2|50/100
|-enditem|p1a: Porygon2|Eviolite|[from] move: Knock Off|[of] p2b: Incineroar
|
|-heal|p2a: Rillaboom|15/100|[from] Grassy Terrain
|-heal|p1a: Porygon2|56/100|[from] Grassy Terrain
|upkeep
|turn|7
|
|t:|1756072485
|switch|p2a: Dragonite|Dragonite, L50, F|49/100
|move|p1b: Gholdengo|Nasty Plot|p1b: Gholdengo
|-boost|p1b: Gholdengo|spa|2
|move|p1a: Porygon2|Ice Beam|p2a: Dragonite
|-supereffective|p2a: Dragonite
|-damage|p2a: Dragonite|0 fnt
|faint|p2a: Dragonite
|move|p2b: Incineroar|Parting Shot|p1a: Porygon2
|-unboost|p1a: Porygon2|atk|1
|-unboost|p1a: Porygon2|spa|1
|
|t:|1756072495
|switch|p2b: Rillaboom|Rillaboom, L50, M|15/100|[from] Parting Shot
|
|-heal|p2b: Rillaboom|21/100|[from] Grassy Terrain
|-heal|p1a: Porygon2|62/100|[from] Grassy Terrain
|upkeep
|
|t:|1756072499
|switch|p2a: Incineroar|Incineroar, L50, M|100/100
|-ability|p2a: Incineroar|Intimidate|boost
|-unboost|p1a: Porygon2|atk|1
|-unboost|p1b: Gholdengo|atk|1
|turn|8
|
|t:|1756072515
|move|p2b: Rillaboom|Wood Hammer|p1a: Porygon2
|-damage|p1a: Porygon2|0 fnt
|faint|p1a: Porygon2
|-damage|p2b: Rillaboom|0 fnt|[from] Recoil
|faint|p2b: Rillaboom
|move|p1b: Gholdengo|Make It Rain|p2a: Incineroar
|-resisted|p2a: Incineroar
|-damage|p2a: Incineroar|29/100
|-unboost|p1b: Gholdengo|spa|1
|-damage|p1b: Gholdengo|91/100|[from] item: Life Orb
|move|p2a: Incineroar|Knock Off|p1b: Gholdengo
|-supereffective|p1b: Gholdengo
|-damage|p1b: Gholdengo|6/100
|-enditem|p1b: Gholdengo|Life Orb|[from] move: Knock Off|[of] p2a: Incineroar
|
|-heal|p1b: Gholdengo|12/100|[from] Grassy Terrain
|-heal|p2a: Incineroar|35/100|[from] Grassy Terrain
|-fieldend|move: Grassy Terrain
|upkeep
|turn|9
|
|t:|1756072532
|move|p1b: Gholdengo|Make It Rain|p2a: Incineroar
|-resisted|p2a: Incineroar
|-damage|p2a: Incineroar|0 fnt
|-unboost|p1b: Gholdengo|spa|1
|faint|p2a: Incineroar
|
|win|Arnauz10
|raw|Arnauz10's rating: 1146 → 1176(+30 for winning)
|raw|prof.Jirofales's rating: 1216 → 1186(-30 for losing)
