|j|☆Shaymin frohawk
|j|☆Digao19
|html|Shaymin frohawkDigao19    
|uhtml|bestof|Game 3 of a best-of-3
|t:|1786114971
|gametype|doubles
|player|p1|Shaymin frohawk|101|1078
|player|p2|Digao19|266|1212
|gen|9
|tier|[Gen 9 Champions] VGC 2026 Reg M-B (Bo3)
|rated|
|rule|Species Clause: Limit one of each Pokémon
|rule|Item Clause: Limit 1 of each item
|clearpoke
|poke|p1|Raichu, L50, M|
|poke|p1|Staraptor, L50, M|
|poke|p1|Arcanine-Hisui, L50, M|
|poke|p1|Sylveon, L50, F|
|poke|p1|Farigiraf, L50, F|
|poke|p1|Kingambit, L50, M|
|poke|p2|Charizard, L50, M, shiny|
|poke|p2|Venusaur, L50, M|
|poke|p2|Grimmsnarl, L50, M|
|poke|p2|Archaludon, L50, F|
|poke|p2|Pelipper, L50, F|
|poke|p2|Swampert, L50, M|
|teampreview|4
|showteam|p1|Raichu||RaichuniteY|LightningRod|ZapCannon,FocusBlast,FakeOut,Protect|Hasty||M|||50|]Staraptor||Staraptite|Intimidate|DualWingbeat,CloseCombat,Tailwind,Protect|Jolly||M|||50|]Arcanine-Hisui||FocusSash|RockHead|FlareBlitz,HeadSmash,ExtremeSpeed,Protect|Jolly||M|||50|]Sylveon||FairyFeather|Pixilate|HyperBeam,HyperVoice,QuickAttack,Detect|Modest||F|||50|]Farigiraf||SitrusBerry|ArmorTail|TrickRoom,Protect,Psychic,HelpingHand|Calm||F|||50|]Kingambit||LifeOrb|Defiant|KowtowCleave,SuckerPunch,Protect,SwordsDance|Adamant||M|||50|
|showteam|p2|Charizard||CharizarditeY|Blaze|HeatWave,Hurricane,WeatherBall,Protect|Modest||M|||50|]Venusaur||FocusSash|Chlorophyll|LeafStorm,SludgeBomb,SleepPowder,Protect|Timid||M|||50|]Grimmsnarl||LightClay|Prankster|SpiritBreak,PartingShot,LightScreen,Reflect|Careful||M|||50|]Archaludon||Leftovers|Stamina|ElectroShot,DragonPulse,FlashCannon,Protect|Bold||F|||50|]Pelipper||SitrusBerry|Drizzle|WeatherBall,Hurricane,Tailwind,WideGuard|Modest||F|||50|]Swampert||Swampertite|Damp|WaveCrash,Earthquake,IcePunch,Protect|Adamant||M|||50|
|
|t:|1786115009
|teamsize|p1|4
|teamsize|p2|4
|start
|switch|p1a: Staraptor|Staraptor, L50, M|100/100
|switch|p1b: Sylveon|Sylveon, L50, F|100/100
|switch|p2a: Grimmsnarl|Grimmsnarl, L50, M|100/100
|switch|p2b: Archaludon|Archaludon, L50, F|100/100
|-ability|p1a: Staraptor|Intimidate|boost
|-unboost|p2a: Grimmsnarl|atk|1
|-unboost|p2b: Archaludon|atk|1
|turn|1
|
|t:|1786115051
|detailschange|p1a: Staraptor|Staraptor-Mega, L50, M
|-mega|p1a: Staraptor|Staraptor|Staraptite
|move|p2a: Grimmsnarl|Parting Shot|p1b: Sylveon
|-unboost|p1b: Sylveon|atk|1
|-unboost|p1b: Sylveon|spa|1
|
|t:|1786115055
|switch|p2a: Pelipper|Pelipper, L50, F|100/100|[from] Parting Shot
|-weather|RainDance|[from] ability: Drizzle|[of] p2a: Pelipper
|move|p1a: Staraptor|Tailwind|p1a: Staraptor
|-sidestart|p1: Shaymin frohawk|move: Tailwind
|move|p1b: Sylveon|Hyper Voice|p2a: Pelipper|[spread] p2a,p2b
|-damage|p2a: Pelipper|61/100
|-damage|p2b: Archaludon|67/100
|-ability|p2b: Archaludon|Stamina|boost
|-boost|p2b: Archaludon|def|1
|move|p2b: Archaludon|Electro Shot||[still]
|-prepare|p2b: Archaludon|Electro Shot
|-boost|p2b: Archaludon|spa|1
|-anim|p2b: Archaludon|Electro Shot|p1a: Staraptor
|-supereffective|p1a: Staraptor|1
|-damage|p1a: Staraptor|0 fnt
|faint|p1a: Staraptor
|
|-weather|RainDance|[upkeep]
|-heal|p2b: Archaludon|73/100|[from] item: Leftovers
|upkeep
|
|t:|1786115068
|switch|p1a: Arcanine|Arcanine-Hisui, L50, M|100/100
|turn|2
|inactive|Battle timer is ON: inactive players will automatically lose when time's up. (requested by Shaymin frohawk)
|
|t:|1786115164
|move|p1a: Arcanine|Head Smash|p2a: Pelipper
|-supereffective|p2a: Pelipper|1
|-damage|p2a: Pelipper|0 fnt
|faint|p2a: Pelipper
|move|p1b: Sylveon|Hyper Beam|p2b: Archaludon
|-damage|p2b: Archaludon|3/100
|-mustrecharge|p1b: Sylveon
|-ability|p2b: Archaludon|Stamina|boost
|-boost|p2b: Archaludon|def|1
|move|p2b: Archaludon|Flash Cannon|p1a: Arcanine
|-damage|p1a: Arcanine|38/100
|
|-weather|RainDance|[upkeep]
|-heal|p2b: Archaludon|9/100|[from] item: Leftovers
|upkeep
|
|t:|1786115175
|switch|p2a: Swampert|Swampert, L50, M|100/100
|turn|3
|inactive|Digao19 has 30 seconds left.
|inactive|Digao19 has 20 seconds left.
|inactive|Digao19 has 15 seconds left.
|inactive|Digao19 has 10 seconds left.
|inactive|Digao19 has 5 seconds left.
|
|t:|1786115229
|switch|p1a: Kingambit|Kingambit, L50, M|100/100
|detailschange|p2a: Swampert|Swampert-Mega, L50, M
|-mega|p2a: Swampert|Swampert|Swampertite
|move|p2b: Archaludon|Protect|p2b: Archaludon
|-singleturn|p2b: Archaludon|Protect
|move|p2a: Swampert|Earthquake|p1b: Sylveon|[spread] p1a,p1b
|-activate|p2b: Archaludon|move: Protect
|-supereffective|p1a: Kingambit|1
|-damage|p1a: Kingambit|33/100
|-damage|p1b: Sylveon|32/100
|cant|p1b: Sylveon|recharge
|
|-weather|RainDance|[upkeep]
|-heal|p2b: Archaludon|15/100|[from] item: Leftovers
|upkeep
|turn|4
|inactive|Shaymin frohawk has 30 seconds left.
|inactive|Digao19 has 30 seconds left.
|inactive|Shaymin frohawk has 20 seconds left.
|inactive|Digao19 has 20 seconds left.
|inactive|Shaymin frohawk has 15 seconds left.
|inactive|Digao19 has 15 seconds left.
|inactive|Shaymin frohawk has 10 seconds left.
|
|t:|1786115276
|move|p2b: Archaludon|Protect||[still]
|-fail|p2b: Archaludon
|move|p1a: Kingambit|Sucker Punch||[still]
|-fail|p1a: Kingambit
|move|p2a: Swampert|Earthquake|p1a: Kingambit|[spread] p2b,p1a,p1b
|-supereffective|p2b: Archaludon|1
|-supereffective|p1a: Kingambit|1
|-damage|p2b: Archaludon|0 fnt
|-damage|p1a: Kingambit|0 fnt
|-damage|p1b: Sylveon|0 fnt
|faint|p2b: Archaludon
|faint|p1a: Kingambit
|faint|p1b: Sylveon
|
|-weather|RainDance|[upkeep]
|-sideend|p1: Shaymin frohawk|move: Tailwind
|upkeep
|
|t:|1786115287
|switch|p2b: Grimmsnarl|Grimmsnarl, L50, M|100/100
|switch|p1a: Arcanine|Arcanine-Hisui, L50, M|38/100
|turn|5
|-message|Shaymin frohawk forfeited.
|raw|Shaymin frohawk's rating: 1078 → 1064(-14 for losing)
|raw|Digao19's rating: 1212 → 1228(+16 for winning)
|
|win|Digao19
