|j|☆JuvenileLeopard
|j|☆JNEST
|html|JuvenileLeopardJNEST    
|uhtml|bestof|Game 1 of a best-of-3
|t:|1756335043
|gametype|doubles
|player|p1|JuvenileLeopard|colress|1069
|player|p2|JNEST|veteran-gen4|1159
|gen|9
|tier|[Gen 9] VGC 2025 Reg H (Bo3)
|rated|
|rule|Species Clause: Limit one of each Pokémon
|rule|Item Clause: Limit 1 of each item
|clearpoke
|poke|p1|Amoonguss, L50, F|
|poke|p1|Dragonite, L50, M|
|poke|p1|Excadrill, L50, M|
|poke|p1|Gholdengo, L50|
|poke|p1|Gyarados, L50, F|
|poke|p1|Tyranitar, L50, M|
|poke|p2|Weezing, L50, M|
|poke|p2|Indeedee, L50, M|
|poke|p2|Ursaluna-Bloodmoon, L50, M|
|poke|p2|Annihilape, L50, F|
|poke|p2|Tyranitar, L50, M|
|poke|p2|Corviknight, L50, F|
|teampreview|4
|showteam|p1|Amoonguss||SitrusBerry|Regenerator|RagePowder,Spore,SludgeBomb,Protect|||F|||50|,,,,,Water]Dragonite||LoadedDice|InnerFocus|ScaleShot,LowKick,Tailwind,Haze|||M|||50|,,,,,Fairy]Excadrill||FocusSash|SandRush|Protect,HighHorsepower,Earthquake,IronHead|||M|||50|,,,,,Ghost]Gholdengo||LifeOrb|GoodasGold|MakeItRain,NastyPlot,Protect,ShadowBall||||||50|,,,,,Dragon]Gyarados||SafetyGoggles|Intimidate|Waterfall,ThunderWave,Taunt,Protect|||F|||50|,,,,,Steel]Tyranitar||AssaultVest|SandStream|RockSlide,KnockOff,LowKick,TeraBlast|||M|||50|,,,,,Flying
|showteam|p2|Weezing||SitrusBerry|NeutralizingGas|Protect,Taunt,WillOWisp,SludgeBomb|||M|||50|,,,,,Ghost]Indeedee||ChoiceScarf|PsychicSurge|ExpandingForce,TeraBlast,Trick,HyperVoice|||M|||50|,,,,,Fighting]Ursaluna-Bloodmoon||LifeOrb|MindsEye|Protect,HyperVoice,EarthPower,BloodMoon|||M|||50|,,,,,Normal]Annihilape||SafetyGoggles|Defiant|Taunt,RageFist,CloseCombat,FinalGambit|||F|||50|,,,,,Fairy]Tyranitar||AssaultVest|SandStream|RockSlide,KnockOff,TeraBlast,LowKick|||M|||50|,,,,,Flying]Corviknight||Leftovers|MirrorArmor|BraveBird,Tailwind,Roost,BulkUp|||F|||50|,,,,,Dragon
|inactive|Battle timer is ON: inactive players will automatically lose when time's up. (requested by JNEST)
|inactive|JuvenileLeopard has 60 seconds left.
|inactive|JuvenileLeopard has 30 seconds left.
|
|t:|1756335105
|teamsize|p1|4
|teamsize|p2|4
|start
|switch|p1a: Excadrill|Excadrill, L50, M|100/100
|switch|p1b: Gyarados|Gyarados, L50, F|100/100
|switch|p2a: Annihilape|Annihilape, L50, F|100/100
|switch|p2b: Weezing|Weezing, L50, M|100/100
|-ability|p2b: Weezing|Neutralizing Gas
|turn|1
|
|t:|1756335117
|-terastallize|p2b: Weezing|Ghost
|move|p2a: Annihilape|Rage Fist|p1a: Excadrill
|-damage|p1a: Excadrill|71/100
|move|p1a: Excadrill|Earthquake|p2a: Annihilape|[spread] p2a,p2b
|-immune|p1b: Gyarados
|-damage|p2a: Annihilape|56/100
|-damage|p2b: Weezing|60/100
|move|p1b: Gyarados|Taunt|p2b: Weezing
|-start|p2b: Weezing|move: Taunt
|cant|p2b: Weezing|move: Taunt|Will-O-Wisp
|
|upkeep
|turn|2
|
|t:|1756335134
|move|p2a: Annihilape|Close Combat|p1a: Excadrill
|-supereffective|p1a: Excadrill
|-damage|p1a: Excadrill|0 fnt
|-unboost|p2a: Annihilape|def|1
|-unboost|p2a: Annihilape|spd|1
|faint|p1a: Excadrill
|move|p1b: Gyarados|Waterfall|p2a: Annihilape
|-damage|p2a: Annihilape|0 fnt
|faint|p2a: Annihilape
|move|p2b: Weezing|Sludge Bomb|p1b: Gyarados
|-damage|p1b: Gyarados|75/100
|
|upkeep
|
|t:|1756335154
|switch|p2a: Tyranitar|Tyranitar, L50, M|100/100
|switch|p1a: Tyranitar|Tyranitar, L50, M|100/100
|turn|3
|
|t:|1756335175
|move|p1b: Gyarados|Waterfall|p2a: Tyranitar
|-supereffective|p2a: Tyranitar
|-damage|p2a: Tyranitar|30/100
|move|p2a: Tyranitar|Low Kick|p1a: Tyranitar
|-supereffective|p1a: Tyranitar
|-crit|p1a: Tyranitar
|-damage|p1a: Tyranitar|0 fnt
|faint|p1a: Tyranitar
|move|p2b: Weezing|Sludge Bomb|p1b: Gyarados
|-damage|p1b: Gyarados|51/100
|-status|p1b: Gyarados|psn
|
|-damage|p1b: Gyarados|38/100 psn|[from] psn
|-end|p2b: Weezing|move: Taunt
|upkeep
|
|t:|1756335182
|switch|p1a: Gholdengo|Gholdengo, L50|100/100
|turn|4
|
|t:|1756335205
|switch|p2a: Corviknight|Corviknight, L50, F|100/100
|move|p1b: Gyarados|Protect|p1b: Gyarados
|-singleturn|p1b: Gyarados|Protect
|move|p2b: Weezing|Protect|p2b: Weezing
|-singleturn|p2b: Weezing|Protect
|move|p1a: Gholdengo|Make It Rain|p2a: Corviknight|[spread] p2a
|-activate|p2b: Weezing|move: Protect
|-resisted|p2a: Corviknight
|-damage|p2a: Corviknight|72/100
|-unboost|p1a: Gholdengo|spa|1
|-damage|p1a: Gholdengo|91/100|[from] item: Life Orb
|
|-heal|p2a: Corviknight|78/100|[from] item: Leftovers
|-damage|p1b: Gyarados|26/100 psn|[from] psn
|upkeep
|turn|5
|
|t:|1756335219
|move|p1a: Gholdengo|Shadow Ball|p2a: Corviknight
|-damage|p2a: Corviknight|42/100
|-damage|p1a: Gholdengo|81/100|[from] item: Life Orb
|move|p1b: Gyarados|Waterfall|p2a: Corviknight
|-damage|p2a: Corviknight|7/100
|move|p2a: Corviknight|Tailwind|p2a: Corviknight
|-sidestart|p2: JNEST|move: Tailwind
|move|p2b: Weezing|Sludge Bomb|p1b: Gyarados
|-damage|p1b: Gyarados|3/100 psn
|
|-heal|p2a: Corviknight|13/100|[from] item: Leftovers
|-damage|p1b: Gyarados|0 fnt|[from] psn
|faint|p1b: Gyarados
|upkeep
|turn|6
|
|t:|1756335232
|move|p2a: Corviknight|Roost|p2a: Corviknight
|-heal|p2a: Corviknight|64/100
|-singleturn|p2a: Corviknight|move: Roost
|move|p2b: Weezing|Will-O-Wisp|p1a: Gholdengo
|-status|p1a: Gholdengo|brn
|move|p1a: Gholdengo|Shadow Ball|p2a: Corviknight
|-damage|p2a: Corviknight|26/100
|-damage|p1a: Gholdengo|71/100 brn|[from] item: Life Orb
|
|-heal|p2a: Corviknight|32/100|[from] item: Leftovers
|-damage|p1a: Gholdengo|65/100 brn|[from] brn
|upkeep
|turn|7
|
|t:|1756335247
|-end|p2b: Weezing|ability: Neutralizing Gas
|switch|p2b: Tyranitar|Tyranitar, L50, M|30/100
|-weather|Sandstorm|[from] ability: Sand Stream|[of] p2b: Tyranitar
|move|p2a: Corviknight|Roost|p2a: Corviknight
|-heal|p2a: Corviknight|83/100
|-singleturn|p2a: Corviknight|move: Roost
|move|p1a: Gholdengo|Nasty Plot|p1a: Gholdengo
|-boost|p1a: Gholdengo|spa|2
|
|-weather|Sandstorm|[upkeep]
|-heal|p2a: Corviknight|89/100|[from] item: Leftovers
|-damage|p1a: Gholdengo|59/100 brn|[from] brn
|upkeep
|turn|8
|
|t:|1756335257
|-terastallize|p1a: Gholdengo|Dragon
|move|p2b: Tyranitar|Knock Off|p1a: Gholdengo
|-damage|p1a: Gholdengo|0 fnt
|-enditem|p1a: Gholdengo|Life Orb|[from] move: Knock Off|[of] p2b: Tyranitar
|faint|p1a: Gholdengo
|
|win|JNEST
