|j|☆MommaGart
|j|☆Dominick Misterio
|html|MommaGartDominick Misterio    
|uhtml|bestof|Game 2 of a best-of-3
|t:|1783552986
|gametype|doubles
|player|p1|MommaGart|hilda|1204
|player|p2|Dominick Misterio|colress|1168
|gen|9
|tier|[Gen 9 Champions] VGC 2026 Reg M-B (Bo3)
|rated|
|rule|Species Clause: Limit one of each Pokémon
|rule|Item Clause: Limit 1 of each item
|clearpoke
|poke|p1|Sneasler, L50, F|
|poke|p1|Blastoise, L50, F|
|poke|p1|Kingambit, L50, F|
|poke|p1|Incineroar, L50, F|
|poke|p1|Delphox, L50, F, shiny|
|poke|p1|Sinistcha, L50|
|poke|p2|Staraptor, L50, F|
|poke|p2|Grimmsnarl, L50, M|
|poke|p2|Garchomp, L50, F|
|poke|p2|Charizard, L50, F|
|poke|p2|Sylveon, L50, F|
|poke|p2|Gholdengo, L50|
|teampreview|4
|showteam|p1|Sneasler||FocusSash|PoisonTouch|PoisonJab,CloseCombat,FakeOut,QuickGuard|Jolly||F|||50|]Blastoise||Blastoisinite|RainDish|DarkPulse,WaterSpout,ShellSmash,Protect|Modest||F|||50|]Kingambit||BlackGlasses|Defiant|KowtowCleave,SuckerPunch,SwordsDance,Protect|Adamant||F|||50|]Incineroar||SitrusBerry|Intimidate|FlareBlitz,HelpingHand,PartingShot,FakeOut|Careful||F|||50|]Delphox||Delphoxite|Blaze|HeatWave,NastyPlot,Psyshock,Protect|Modest||F|||50|]Sinistcha||KasibBerry|Hospitality|MatchaGotcha,RagePowder,TrickRoom,Protect|Bold|||||50|
|showteam|p2|Staraptor||Staraptite|Intimidate|Roost,Protect,CloseCombat,BraveBird|Adamant||F|||50|]Grimmsnarl||LightClay|Prankster|PartingShot,SpiritBreak,LightScreen,Reflect|Impish||M|||50|]Garchomp||LifeOrb|RoughSkin|Protect,Earthquake,DragonClaw,RockSlide|Jolly||F|||50|]Charizard||CharizarditeY|Blaze|Protect,HeatWave,WeatherBall,SolarBeam|Modest||F|||50|]Sylveon||FairyFeather|Pixilate|Detect,HyperBeam,HyperVoice,QuickAttack|Modest||F|||50|]Gholdengo||ChoiceScarf|GoodasGold|MakeItRain,Thunderbolt,Trick,ShadowBall|Modest|||||50|
|inactive|Battle timer is ON: inactive players will automatically lose when time's up. (requested by MommaGart)
|inactive|Dominick Misterio has 60 seconds left.
|inactive|Dominick Misterio has 30 seconds left.
|
|t:|1783553060
|teamsize|p1|4
|teamsize|p2|4
|start
|switch|p1a: Malibu|Blastoise, L50, F|100/100
|switch|p1b: Hype|Incineroar, L50, F|100/100
|switch|p2a: Gholdengo|Gholdengo, L50|100/100
|switch|p2b: Grimmsnarl|Grimmsnarl, L50, M|100/100
|-ability|p1b: Hype|Intimidate|boost
|-unboost|p2a: Gholdengo|atk|1
|-unboost|p2b: Grimmsnarl|atk|1
|turn|1
|inactive|MommaGart has 30 seconds left.
|inactive|MommaGart has 20 seconds left.
|
|t:|1783553097
|detailschange|p1a: Malibu|Blastoise-Mega, L50, F
|-mega|p1a: Malibu|Blastoise|Blastoisinite
|move|p1a: Malibu|Protect|p1a: Malibu
|-singleturn|p1a: Malibu|Protect
|move|p1b: Hype|Fake Out|p2b: Grimmsnarl
|-damage|p2b: Grimmsnarl|89/100
|cant|p2b: Grimmsnarl|flinch
|move|p2a: Gholdengo|Thunderbolt|p1a: Malibu
|-activate|p1a: Malibu|move: Protect
|
|upkeep
|turn|2
|
|t:|1783553114
|switch|p1a: Caffeine|Sinistcha, L50|100/100
|move|p2b: Grimmsnarl|Light Screen|p2b: Grimmsnarl
|-sidestart|p2: Dominick Misterio|move: Light Screen
|move|p2a: Gholdengo|Thunderbolt|p1a: Caffeine
|-resisted|p1a: Caffeine|1
|-damage|p1a: Caffeine|85/100
|move|p1b: Hype|Parting Shot|p2b: Grimmsnarl
|-unboost|p2b: Grimmsnarl|atk|1
|-unboost|p2b: Grimmsnarl|spa|1
|
|t:|1783553122
|switch|p1b: Malibu|Blastoise-Mega, L50, F|100/100|[from] Parting Shot
|
|upkeep
|turn|3
|
|t:|1783553133
|move|p1a: Caffeine|Rage Powder|p1a: Caffeine
|-singleturn|p1a: Caffeine|move: Rage Powder
|move|p2b: Grimmsnarl|Parting Shot|p1a: Caffeine
|-unboost|p1a: Caffeine|atk|1
|-unboost|p1a: Caffeine|spa|1
|
|t:|1783553138
|switch|p2b: Staraptor|Staraptor, L50, F|100/100|[from] Parting Shot
|-ability|p2b: Staraptor|Intimidate|boost
|-unboost|p1a: Caffeine|atk|1
|-unboost|p1b: Malibu|atk|1
|move|p2a: Gholdengo|Thunderbolt|p1a: Caffeine
|-resisted|p1a: Caffeine|1
|-damage|p1a: Caffeine|70/100
|move|p1b: Malibu|Shell Smash|p1b: Malibu
|-unboost|p1b: Malibu|def|1
|-unboost|p1b: Malibu|spd|1
|-boost|p1b: Malibu|atk|2
|-boost|p1b: Malibu|spa|2
|-boost|p1b: Malibu|spe|2
|
|upkeep
|turn|4
|inactive|MommaGart has 30 seconds left.
|
|t:|1783553163
|detailschange|p2b: Staraptor|Staraptor-Mega, L50, F
|-mega|p2b: Staraptor|Staraptor|Staraptite
|move|p1a: Caffeine|Protect|p1a: Caffeine
|-singleturn|p1a: Caffeine|Protect
|move|p1b: Malibu|Dark Pulse|p2a: Gholdengo
|-supereffective|p2a: Gholdengo|1
|-damage|p2a: Gholdengo|0 fnt
|faint|p2a: Gholdengo
|move|p2b: Staraptor|Brave Bird|p1a: Caffeine
|-activate|p1a: Caffeine|move: Protect
|
|upkeep
|
|t:|1783553173
|switch|p2a: Grimmsnarl|Grimmsnarl, L50, M|89/100
|turn|5
|
|t:|1783553180
|move|p1a: Caffeine|Rage Powder|p1a: Caffeine
|-singleturn|p1a: Caffeine|move: Rage Powder
|move|p2a: Grimmsnarl|Parting Shot|p1a: Caffeine
|-unboost|p1a: Caffeine|atk|1
|-unboost|p1a: Caffeine|spa|1
|
|t:|1783553185
|switch|p2a: Garchomp|Garchomp, L50, F|100/100|[from] Parting Shot
|move|p1b: Malibu|Water Spout|p2b: Staraptor|[spread] p2a,p2b
|-damage|p2a: Garchomp|8/100
|-damage|p2b: Staraptor|3/100
|move|p2b: Staraptor|Close Combat|p1a: Caffeine
|-immune|p1a: Caffeine
|
|upkeep
|turn|6
|-message|Dominick Misterio forfeited.
|
|win|MommaGart
|l|☆Dominick Misterio
|player|p2|
||Dominick Misterio is ready for game 3.
|inactive|MommaGart has 30 seconds to confirm battle start!
|inactive|MommaGart has 20 seconds to confirm battle start!
||MommaGart is ready for game 3.
|uhtml|next|Next: Game 3 of 3
