|j|☆matrod
|j|☆Swan Mobile
|html|matrodSwan Mobile    
|uhtml|bestof|Game 1 of a best-of-3
|t:|1757795442
|gametype|doubles
|player|p1|matrod|steven|1237
|player|p2|Swan Mobile|roughneck-gen4|1134
|gen|9
|tier|[Gen 9] VGC 2025 Reg H (Bo3)
|rated|
|rule|Species Clause: Limit one of each Pokémon
|rule|Item Clause: Limit 1 of each item
|clearpoke
|poke|p1|Volcarona, L50, M|
|poke|p1|Rillaboom, L50, M|
|poke|p1|Ninetales-Alola, L50, F|
|poke|p1|Tauros-Paldea-Aqua, L50, M|
|poke|p1|Magmar, L50, M|
|poke|p1|Ursaluna-Bloodmoon, L50, M|
|poke|p2|Typhlosion-Hisui, L50, M|
|poke|p2|Toedscruel, L50, M|
|poke|p2|Corviknight, L50, F|
|poke|p2|Weezing-Galar, L50, F|
|poke|p2|Garchomp, L50, F|
|poke|p2|Pawmot, L50, M|
|teampreview|4
|showteam|p1|Volcarona||GrassySeed|FlameBody|HeatWave,TeraBlast,QuiverDance,Protect|||M|||50|,,,,,Fairy]Rillaboom||MiracleSeed|GrassySurge|WoodHammer,GrassyGlide,HighHorsepower,FakeOut|||M|||50|,,,,,Ghost]Ninetales-Alola||FocusSash|SnowWarning|AuroraVeil,Blizzard,FreezeDry,Protect|||F|||50|,,,,,Ice]Tauros-Paldea-Aqua||MirrorHerb|Intimidate|WaveCrash,CloseCombat,Substitute,Protect|||M|||50|,,,,,Grass]Magmar||Eviolite|VitalSpirit|FollowMe,ScorchingSands,WillOWisp,Protect|||M|||50|,,,,,Ghost]Ursaluna-Bloodmoon||AssaultVest|MindsEye|BloodMoon,HyperVoice,EarthPower,VacuumWave|||M|||50|,,,,,Water
|showteam|p2|Typhlosion-Hisui||ChoiceScarf|Blaze|Eruption,ShadowBall,SleepTalk,HeatWave|||M|||50|,,,,,Fire]Toedscruel||CovertCloak|MyceliumMight|Spore,RagePowder,AcidSpray,EarthPower|||M|||50|,,,,,Water]Corviknight||SitrusBerry|MirrorArmor|Protect,BraveBird,Roost,Tailwind|||F|||50|,,,,,Dragon]Weezing-Galar||ChoiceSpecs|NeutralizingGas|DazzlingGleam,SludgeBomb,StrangeSteam,Flamethrower|||F|||50|,,,,,Fire]Garchomp||LifeOrb|RoughSkin|StompingTantrum,Earthquake,DragonClaw,Protect|||F|||50|,,,,,Steel]Pawmot||FocusSash|NaturalCure|Protect,DoubleShock,FakeOut,CloseCombat|||M|||50|,,,,,Electric
|inactive|Battle timer is ON: inactive players will automatically lose when time's up. (requested by Swan Mobile)
|inactive|matrod has 60 seconds left.
|inactive|Swan Mobile has 60 seconds left.
|inactive|matrod has 30 seconds left.
|inactive|Swan Mobile has 30 seconds left.
|inactive|matrod has 20 seconds left.
|inactive|matrod has 15 seconds left.
|inactive|matrod has 10 seconds left.
|inactive|matrod has 5 seconds left.
|
|t:|1757795534
|teamsize|p1|4
|teamsize|p2|4
|start
|switch|p1a: Ursaluna|Ursaluna-Bloodmoon, L50, M|100/100
|switch|p1b: Magmar|Magmar, L50, M|100/100
|switch|p2a: Corviknight|Corviknight, L50, F|100/100
|switch|p2b: Typhlosion|Typhlosion-Hisui, L50, M|100/100
|turn|1
|inactive|matrod has 30 seconds left.
|inactive|Swan Mobile has 30 seconds left.
|inactive|matrod has 20 seconds left.
|inactive|Swan Mobile has 20 seconds left.
|inactive|Swan Mobile has 15 seconds left.
|inactive|Swan Mobile has 10 seconds left.
|
|t:|1757795583
|-terastallize|p1a: Ursaluna|Water
|move|p2b: Typhlosion|Eruption|p1a: Ursaluna|[spread] p1a,p1b
|-resisted|p1a: Ursaluna
|-resisted|p1b: Magmar
|-crit|p1b: Magmar
|-damage|p1a: Ursaluna|79/100
|-damage|p1b: Magmar|64/100
|move|p1b: Magmar|Will-O-Wisp|p2a: Corviknight
|-status|p2a: Corviknight|brn
|move|p2a: Corviknight|Brave Bird|p1a: Ursaluna
|-damage|p1a: Ursaluna|65/100
|-damage|p2a: Corviknight|96/100 brn|[from] Recoil
|move|p1a: Ursaluna|Hyper Voice|p2b: Typhlosion|[spread] p2a,p2b
|-resisted|p2a: Corviknight
|-damage|p2a: Corviknight|80/100 brn
|-damage|p2b: Typhlosion|52/100
|
|-damage|p2a: Corviknight|74/100 brn|[from] brn
|upkeep
|turn|2
|inactive|matrod has 30 seconds left.
|inactive|Swan Mobile has 30 seconds left.
|inactive|matrod has 20 seconds left.
|inactive|matrod has 15 seconds left.
|inactive|matrod has 10 seconds left.
|
|t:|1757795632
|move|p1b: Magmar|Follow Me|p1b: Magmar
|-singleturn|p1b: Magmar|move: Follow Me
|move|p2b: Typhlosion|Eruption|p1a: Ursaluna|[spread] p1a,p1b
|-resisted|p1a: Ursaluna
|-resisted|p1b: Magmar
|-damage|p1a: Ursaluna|56/100
|-damage|p1b: Magmar|51/100
|move|p2a: Corviknight|Tailwind|p2a: Corviknight
|-sidestart|p2: Swan Mobile|move: Tailwind
|move|p1a: Ursaluna|Blood Moon|p2a: Corviknight
|-resisted|p2a: Corviknight
|-damage|p2a: Corviknight|38/100 brn
|-enditem|p2a: Corviknight|Sitrus Berry|[eat]
|-heal|p2a: Corviknight|62/100 brn|[from] item: Sitrus Berry
|
|-damage|p2a: Corviknight|57/100 brn|[from] brn
|upkeep
|turn|3
|
|t:|1757795650
|move|p2b: Typhlosion|Eruption|p1a: Ursaluna|[spread] p1a,p1b
|-resisted|p1a: Ursaluna
|-resisted|p1b: Magmar
|-damage|p1a: Ursaluna|45/100
|-damage|p1b: Magmar|40/100
|move|p2a: Corviknight|Brave Bird|p1a: Ursaluna
|-damage|p1a: Ursaluna|31/100
|-damage|p2a: Corviknight|51/100 brn|[from] Recoil
|move|p1b: Magmar|Scorching Sands|p2b: Typhlosion
|-supereffective|p2b: Typhlosion
|-damage|p2b: Typhlosion|9/100
|move|p1a: Ursaluna|Earth Power|p2a: Corviknight
|-immune|p2a: Corviknight
|
|-damage|p2a: Corviknight|45/100 brn|[from] brn
|upkeep
|turn|4
|
|t:|1757795663
|move|p1b: Magmar|Follow Me|p1b: Magmar
|-singleturn|p1b: Magmar|move: Follow Me
|move|p2b: Typhlosion|Eruption|p1a: Ursaluna|[spread] p1a,p1b
|-resisted|p1a: Ursaluna
|-resisted|p1b: Magmar
|-damage|p1a: Ursaluna|28/100
|-damage|p1b: Magmar|37/100
|move|p2a: Corviknight|Brave Bird|p1b: Magmar
|-damage|p1b: Magmar|18/100
|-damage|p2a: Corviknight|40/100 brn|[from] Recoil
|move|p1a: Ursaluna|Earth Power|p2a: Corviknight
|-immune|p2a: Corviknight
|
|-damage|p2a: Corviknight|34/100 brn|[from] brn
|upkeep
|turn|5
|
|t:|1757795679
|move|p2a: Corviknight|Protect|p2a: Corviknight
|-singleturn|p2a: Corviknight|Protect
|move|p1b: Magmar|Follow Me|p1b: Magmar
|-singleturn|p1b: Magmar|move: Follow Me
|move|p2b: Typhlosion|Eruption|p1b: Magmar|[spread] p1a,p1b
|-resisted|p1a: Ursaluna
|-resisted|p1b: Magmar
|-damage|p1a: Ursaluna|26/100
|-damage|p1b: Magmar|15/100
|move|p1a: Ursaluna|Blood Moon|p2a: Corviknight
|-activate|p2a: Corviknight|move: Protect
|
|-damage|p2a: Corviknight|28/100 brn|[from] brn
|-sideend|p2: Swan Mobile|move: Tailwind
|upkeep
|turn|6
|
|t:|1757795690
|move|p1b: Magmar|Follow Me|p1b: Magmar
|-singleturn|p1b: Magmar|move: Follow Me
|move|p2b: Typhlosion|Eruption|p1a: Ursaluna|[spread] p1a,p1b
|-resisted|p1a: Ursaluna
|-resisted|p1b: Magmar
|-damage|p1a: Ursaluna|23/100
|-damage|p1b: Magmar|12/100
|move|p2a: Corviknight|Tailwind|p2a: Corviknight
|-sidestart|p2: Swan Mobile|move: Tailwind
|move|p1a: Ursaluna|Earth Power|p2a: Corviknight
|-immune|p2a: Corviknight
|
|-damage|p2a: Corviknight|22/100 brn|[from] brn
|upkeep
|turn|7
|
|t:|1757795703
|move|p1b: Magmar|Follow Me|p1b: Magmar
|-singleturn|p1b: Magmar|move: Follow Me
|move|p2b: Typhlosion|Eruption|p1a: Ursaluna|[spread] p1a,p1b
|-resisted|p1a: Ursaluna
|-resisted|p1b: Magmar
|-damage|p1a: Ursaluna|20/100
|-damage|p1b: Magmar|10/100
|move|p2a: Corviknight|Brave Bird|p1b: Magmar
|-damage|p1b: Magmar|0 fnt
|faint|p1b: Magmar
|-damage|p2a: Corviknight|20/100 brn|[from] Recoil
|move|p1a: Ursaluna|Blood Moon|p2a: Corviknight
|-resisted|p2a: Corviknight
|-crit|p2a: Corviknight
|-damage|p2a: Corviknight|0 fnt
|faint|p2a: Corviknight
|
|upkeep
|c|☆matrod|PRESSSS ROOOOOOOOOOOST
|inactive|matrod has 30 seconds left.
|inactive|matrod has 20 seconds left.
|inactive|matrod has 15 seconds left.
|
|t:|1757795744
|switch|p1b: Volcarona|Volcarona, L50, M|100/100
|switch|p2a: Garchomp|Garchomp, L50, F|100/100
|turn|8
|
|t:|1757795761
|switch|p1a: Rillaboom|Rillaboom, L50, M|100/100
|-fieldstart|move: Grassy Terrain|[from] ability: Grassy Surge|[of] p1a: Rillaboom
|-enditem|p1b: Volcarona|Grassy Seed
|-boost|p1b: Volcarona|def|1|[from] item: Grassy Seed
|move|p2b: Typhlosion|Eruption|p1b: Volcarona|[spread] p1a,p1b
|-supereffective|p1a: Rillaboom
|-damage|p1a: Rillaboom|85/100
|-damage|p1b: Volcarona|93/100
|move|p2a: Garchomp|Earthquake|p1a: Rillaboom|[spread] p2b,p1a,p1b
|-supereffective|p2b: Typhlosion
|-resisted|p1a: Rillaboom
|-damage|p2b: Typhlosion|0 fnt
|-damage|p1a: Rillaboom|74/100
|-damage|p1b: Volcarona|73/100
|faint|p2b: Typhlosion
|-damage|p2a: Garchomp|91/100|[from] item: Life Orb
|move|p1b: Volcarona|Quiver Dance|p1b: Volcarona
|-boost|p1b: Volcarona|spa|1
|-boost|p1b: Volcarona|spd|1
|-boost|p1b: Volcarona|spe|1
|
|-heal|p2a: Garchomp|97/100|[from] Grassy Terrain
|-heal|p1b: Volcarona|80/100|[from] Grassy Terrain
|-heal|p1a: Rillaboom|80/100|[from] Grassy Terrain
|upkeep
|
|t:|1757795765
|switch|p2b: Pawmot|Pawmot, L50, M|100/100
|turn|9
|inactive|matrod has 30 seconds left.
|inactive|Swan Mobile has 30 seconds left.
|inactive|Swan Mobile has 20 seconds left.
|
|t:|1757795803
|move|p2b: Pawmot|Protect|p2b: Pawmot
|-singleturn|p2b: Pawmot|Protect
|move|p2a: Garchomp|Protect|p2a: Garchomp
|-singleturn|p2a: Garchomp|Protect
|move|p1a: Rillaboom|Fake Out|p2a: Garchomp
|-activate|p2a: Garchomp|move: Protect
|move|p1b: Volcarona|Heat Wave|p2b: Pawmot|[spread] 
|-activate|p2a: Garchomp|move: Protect
|-activate|p2b: Pawmot|move: Protect
|
|-heal|p2a: Garchomp|100/100|[from] Grassy Terrain
|-heal|p1b: Volcarona|86/100|[from] Grassy Terrain
|-heal|p1a: Rillaboom|86/100|[from] Grassy Terrain
|-sideend|p2: Swan Mobile|move: Tailwind
|upkeep
|turn|10
|inactive|Swan Mobile has 30 seconds left.
|
|t:|1757795828
|-terastallize|p2b: Pawmot|Electric
|move|p1a: Rillaboom|Grassy Glide|p2b: Pawmot
|-damage|p2b: Pawmot|31/100
|move|p1b: Volcarona|Heat Wave|p2a: Garchomp|[spread] p2b
|-miss|p1b: Volcarona|p2a: Garchomp
|-damage|p2b: Pawmot|0 fnt
|faint|p2b: Pawmot
|move|p2a: Garchomp|Dragon Claw|p1b: Volcarona
|-damage|p1b: Volcarona|41/100
|-damage|p2a: Garchomp|91/100|[from] item: Life Orb
|
|-heal|p1b: Volcarona|47/100|[from] Grassy Terrain
|-heal|p2a: Garchomp|97/100|[from] Grassy Terrain
|-heal|p1a: Rillaboom|91/100|[from] Grassy Terrain
|upkeep
|turn|11
|
|t:|1757795845
|move|p1b: Volcarona|Protect|p1b: Volcarona
|-singleturn|p1b: Volcarona|Protect
|move|p2a: Garchomp|Dragon Claw|p1a: Rillaboom
|-damage|p1a: Rillaboom|37/100
|-damage|p2a: Garchomp|87/100|[from] item: Life Orb
|move|p1a: Rillaboom|Wood Hammer|p2a: Garchomp
|-damage|p2a: Garchomp|0 fnt
|-damage|p1a: Rillaboom|25/100|[from] ability: Rough Skin|[of] p2a: Garchomp
|faint|p2a: Garchomp
|-damage|p1a: Rillaboom|0 fnt|[from] Recoil
|faint|p1a: Rillaboom
|
|win|matrod
||matrod is ready for game 2.
||Swan Mobile is ready for game 2.
|uhtml|next|Next: Game 2 of 3
