|j|☆Wesrui
|j|☆Sizzle2466
|html|WesruiSizzle2466    
|uhtml|bestof|Game 2 of a best-of-3
|t:|1757804645
|gametype|doubles
|player|p1|Wesrui|silver|1034
|player|p2|Sizzle2466|102|1088
|gen|9
|tier|[Gen 9] VGC 2025 Reg H (Bo3)
|rated|
|rule|Species Clause: Limit one of each Pokémon
|rule|Item Clause: Limit 1 of each item
|clearpoke
|poke|p1|Ninetales-Alola, L50, M|
|poke|p1|Kommo-o, L50, F|
|poke|p1|Arcanine-Hisui, L50, F|
|poke|p1|Basculegion, L50, M|
|poke|p1|Kingambit, L50, F|
|poke|p1|Rillaboom, L50, F|
|poke|p2|Galvantula, L50, M|
|poke|p2|Incineroar, L50, F|
|poke|p2|Amoonguss, L50, M|
|poke|p2|Gholdengo, L50|
|poke|p2|Palafin, L50, F|
|poke|p2|Flamigo, L50, M|
|teampreview|4
|showteam|p1|Ninetales-Alola||FocusSash|SnowWarning|Blizzard,Encore,IcyWind,AuroraVeil|||M|||50|,,,,,Ghost]Kommo-o||ThroatSpray|Overcoat|ClangingScales,Flamethrower,ClangorousSoul,Protect|||F|||50|,,,,,Fire]Arcanine-Hisui||ChoiceBand|Intimidate|FlareBlitz,RockSlide,ExtremeSpeed,HeadSmash|||F|||50|,,,,,Ghost]Basculegion||ChoiceScarf|Adaptability|WaveCrash,LastRespects,FlipTurn,AquaJet|||M|||50|,,,,,Water]Kingambit||AssaultVest|Defiant|SuckerPunch,KowtowCleave,LowKick,IronHead|||F|||50|,,,,,Water]Rillaboom||MiracleSeed|GrassySurge|GrassyGlide,WoodHammer,FakeOut,Taunt|||F|||50|,,,,,Grass
|showteam|p2|Galvantula||AssaultVest|CompoundEyes|Electroweb,BugBuzz,Thunderbolt,VoltSwitch|||M|||50|,,,,,Electric]Incineroar||SafetyGoggles|Intimidate|FakeOut,FlareBlitz,KnockOff,PartingShot|||F|||50|,,,,,Ghost]Amoonguss||CovertCloak|Regenerator|Spore,RagePowder,SludgeBomb,PollenPuff|||M|||50|,,,,,Ghost]Gholdengo||SitrusBerry|GoodasGold|NastyPlot,MakeItRain,ShadowBall,Protect||||||50|,,,,,Dragon]Palafin||MysticWater|ZerotoHero|JetPunch,WaveCrash,Protect,FlipTurn|||F|||50|,,,,,Water]Flamigo||LifeOrb|Scrappy|BraveBird,CloseCombat,Detect,Tailwind|||M|||50|,,,,,Stellar
|inactive|Battle timer is ON: inactive players will automatically lose when time's up. (requested by Wesrui)
|inactive|Wesrui has 60 seconds left.
|
|t:|1757804679
|teamsize|p1|4
|teamsize|p2|4
|start
|switch|p1a: Kommo-o|Kommo-o, L50, F|100/100
|switch|p1b: Rillaboom|Rillaboom, L50, F|100/100
|switch|p2a: Flamigo|Flamigo, L50, M|100/100
|switch|p2b: Gholdengo|Gholdengo, L50|100/100
|-fieldstart|move: Grassy Terrain|[from] ability: Grassy Surge|[of] p1b: Rillaboom
|turn|1
|
|t:|1757804694
|move|p1b: Rillaboom|Fake Out|p2a: Flamigo
|-damage|p2a: Flamigo|83/100
|cant|p2a: Flamigo|flinch
|move|p1a: Kommo-o|Clangorous Soul|p1a: Kommo-o
|-boost|p1a: Kommo-o|atk|1
|-boost|p1a: Kommo-o|def|1
|-boost|p1a: Kommo-o|spa|1
|-boost|p1a: Kommo-o|spd|1
|-boost|p1a: Kommo-o|spe|1
|-damage|p1a: Kommo-o|68/100
|-enditem|p1a: Kommo-o|Throat Spray
|-boost|p1a: Kommo-o|spa|1|[from] item: Throat Spray
|move|p2b: Gholdengo|Nasty Plot|p2b: Gholdengo
|-boost|p2b: Gholdengo|spa|2
|
|-heal|p1a: Kommo-o|74/100|[from] Grassy Terrain
|upkeep
|turn|2
|inactive|Wesrui has 30 seconds left.
|inactive|Sizzle2466 has 30 seconds left.
|inactive|Wesrui has 20 seconds left.
|
|t:|1757804732
|move|p2a: Flamigo|Detect|p2a: Flamigo
|-singleturn|p2a: Flamigo|Protect
|move|p1a: Kommo-o|Clanging Scales|p2b: Gholdengo|[spread] p2b
|-activate|p2a: Flamigo|move: Protect
|-resisted|p2b: Gholdengo
|-damage|p2b: Gholdengo|62/100
|-unboost|p1a: Kommo-o|def|1
|move|p1b: Rillaboom|Wood Hammer|p2b: Gholdengo
|-resisted|p2b: Gholdengo
|-damage|p2b: Gholdengo|16/100
|-enditem|p2b: Gholdengo|Sitrus Berry|[eat]
|-heal|p2b: Gholdengo|41/100|[from] item: Sitrus Berry
|-damage|p1b: Rillaboom|85/100|[from] Recoil
|move|p2b: Gholdengo|Shadow Ball|p1a: Kommo-o
|-damage|p1a: Kommo-o|10/100
|
|-heal|p1a: Kommo-o|16/100|[from] Grassy Terrain
|-heal|p1b: Rillaboom|91/100|[from] Grassy Terrain
|-heal|p2b: Gholdengo|47/100|[from] Grassy Terrain
|upkeep
|turn|3
|inactive|Wesrui has 30 seconds left.
|
|t:|1757804758
|switch|p2a: Incineroar|Incineroar, L50, F|100/100
|-ability|p2a: Incineroar|Intimidate|boost
|-unboost|p1a: Kommo-o|atk|1
|-unboost|p1b: Rillaboom|atk|1
|move|p2b: Gholdengo|Protect|p2b: Gholdengo
|-singleturn|p2b: Gholdengo|Protect
|move|p1a: Kommo-o|Clanging Scales|p2a: Incineroar|[spread] p2a
|-activate|p2b: Gholdengo|move: Protect
|-damage|p2a: Incineroar|31/100
|-unboost|p1a: Kommo-o|def|1
|move|p1b: Rillaboom|Wood Hammer|p2b: Gholdengo
|-activate|p2b: Gholdengo|move: Protect
|
|-heal|p1a: Kommo-o|22/100|[from] Grassy Terrain
|-heal|p1b: Rillaboom|97/100|[from] Grassy Terrain
|-heal|p2b: Gholdengo|53/100|[from] Grassy Terrain
|-heal|p2a: Incineroar|37/100|[from] Grassy Terrain
|upkeep
|turn|4
|inactive|Wesrui has 30 seconds left.
|inactive|Wesrui has 20 seconds left.
|inactive|Sizzle2466 has 30 seconds left.
|inactive|Wesrui has 15 seconds left.
|inactive|Wesrui has 10 seconds left.
|inactive|Wesrui has 5 seconds left.
|
|t:|1757804809
|move|p1a: Kommo-o|Protect|p1a: Kommo-o
|-singleturn|p1a: Kommo-o|Protect
|move|p1b: Rillaboom|Taunt|p2a: Incineroar
|-start|p2a: Incineroar|move: Taunt
|move|p2b: Gholdengo|Make It Rain|p1a: Kommo-o|[spread] p1b
|-activate|p1a: Kommo-o|move: Protect
|-damage|p1b: Rillaboom|0 fnt
|-unboost|p2b: Gholdengo|spa|1
|faint|p1b: Rillaboom
|move|p2a: Incineroar|Flare Blitz|p1a: Kommo-o
|-activate|p1a: Kommo-o|move: Protect
|
|-heal|p1a: Kommo-o|28/100|[from] Grassy Terrain
|-heal|p2b: Gholdengo|59/100|[from] Grassy Terrain
|-heal|p2a: Incineroar|43/100|[from] Grassy Terrain
|upkeep
|
|t:|1757804828
|switch|p1b: Arcanine|Arcanine-Hisui, L50, F|100/100
|-ability|p1b: Arcanine|Intimidate|boost
|-unboost|p2a: Incineroar|atk|1
|-unboost|p2b: Gholdengo|atk|1
|turn|5
|inactive|Wesrui has 30 seconds left.
|inactive|Sizzle2466 has 30 seconds left.
|inactive|Wesrui has 20 seconds left.
|inactive|Wesrui has 15 seconds left.
|inactive|Wesrui has 10 seconds left.
|inactive|Wesrui has 5 seconds left.
|
|t:|1757804880
|switch|p2a: Amoonguss|Amoonguss, L50, M|100/100
|move|p2b: Gholdengo|Protect|p2b: Gholdengo
|-singleturn|p2b: Gholdengo|Protect
|move|p1a: Kommo-o|Flamethrower|p2b: Gholdengo
|-activate|p2b: Gholdengo|move: Protect
|move|p1b: Arcanine|Rock Slide|p2a: Amoonguss|[spread] p2a
|-activate|p2b: Gholdengo|move: Protect
|-damage|p2a: Amoonguss|59/100
|
|-heal|p1a: Kommo-o|34/100|[from] Grassy Terrain
|-heal|p2b: Gholdengo|65/100|[from] Grassy Terrain
|-heal|p2a: Amoonguss|65/100|[from] Grassy Terrain
|-fieldend|move: Grassy Terrain
|upkeep
|turn|6
|inactive|Wesrui has 30 seconds left.
|inactive|Wesrui has 20 seconds left.
|inactive|Wesrui has 15 seconds left.
|inactive|Wesrui has 10 seconds left.
|
|t:|1757804928
|switch|p1b: Ninetales|Ninetales-Alola, L50, M, shiny|100/100
|-weather|Snowscape|[from] ability: Snow Warning|[of] p1b: Ninetales
|move|p2a: Amoonguss|Rage Powder|p2a: Amoonguss
|-singleturn|p2a: Amoonguss|move: Rage Powder
|move|p1a: Kommo-o|Clanging Scales|p2b: Gholdengo|[spread] p2a,p2b
|-resisted|p2b: Gholdengo
|-crit|p2b: Gholdengo
|-damage|p2a: Amoonguss|0 fnt
|-damage|p2b: Gholdengo|15/100
|faint|p2a: Amoonguss
|-unboost|p1a: Kommo-o|def|1
|move|p2b: Gholdengo|Make It Rain|p1b: Ninetales|[spread] p1a,p1b
|-supereffective|p1b: Ninetales
|-damage|p1a: Kommo-o|0 fnt
|-enditem|p1b: Ninetales|Focus Sash
|-damage|p1b: Ninetales|1/100
|-unboost|p2b: Gholdengo|spa|1
|faint|p1a: Kommo-o
|
|-weather|Snowscape|[upkeep]
|upkeep
|
|t:|1757804947
|switch|p1a: Arcanine|Arcanine-Hisui, L50, F|100/100
|switch|p2a: Incineroar|Incineroar, L50, F|43/100
|-ability|p1a: Arcanine|Intimidate|boost
|-unboost|p2a: Incineroar|atk|1
|-unboost|p2b: Gholdengo|atk|1
|-ability|p2a: Incineroar|Intimidate|boost
|-unboost|p1a: Arcanine|atk|1
|-unboost|p1b: Ninetales|atk|1
|turn|7
|inactive|Sizzle2466 has 30 seconds left.
|inactive|Sizzle2466 has 20 seconds left.
|
|t:|1757804984
|-terastallize|p1b: Ninetales|Ghost
|move|p2a: Incineroar|Fake Out|p1a: Arcanine
|-resisted|p1a: Arcanine
|-damage|p1a: Arcanine|96/100
|move|p1b: Ninetales|Blizzard|p2a: Incineroar|[spread] p2a,p2b
|-resisted|p2a: Incineroar
|-resisted|p2b: Gholdengo
|-damage|p2a: Incineroar|27/100
|-damage|p2b: Gholdengo|2/100
|cant|p1a: Arcanine|flinch
|move|p2b: Gholdengo|Make It Rain|p1b: Ninetales|[spread] p1a,p1b
|-damage|p1a: Arcanine|36/100
|-damage|p1b: Ninetales|0 fnt
|-unboost|p2b: Gholdengo|spa|1
|faint|p1b: Ninetales
|
|-weather|Snowscape|[upkeep]
|upkeep
|turn|8
|inactive|Wesrui has 30 seconds left.
|inactive|Sizzle2466 has 30 seconds left.
|
|t:|1757805014
|switch|p2a: Flamigo|Flamigo, L50, M|83/100
|move|p1a: Arcanine|Rock Slide|p2b: Gholdengo|[spread] p2a,p2b
|-resisted|p2b: Gholdengo
|-damage|p2a: Flamigo|47/100
|-damage|p2b: Gholdengo|0 fnt
|faint|p2b: Gholdengo
|
|-weather|Snowscape|[upkeep]
|upkeep
|
|t:|1757805022
|switch|p2b: Incineroar|Incineroar, L50, F|27/100
|-ability|p2b: Incineroar|Intimidate|boost
|-unboost|p1a: Arcanine|atk|1
|turn|9
|
|t:|1757805028
|-terastallize|p2a: Flamigo|Stellar
|move|p2b: Incineroar|Fake Out|p1a: Arcanine
|-resisted|p1a: Arcanine
|-crit|p1a: Arcanine
|-damage|p1a: Arcanine|24/100
|move|p2a: Flamigo|Close Combat|p1a: Arcanine
|-supereffective|p1a: Arcanine
|-damage|p1a: Arcanine|0 fnt
|-unboost|p2a: Flamigo|def|1
|-unboost|p2a: Flamigo|spd|1
|faint|p1a: Arcanine
|-damage|p2a: Flamigo|38/100|[from] item: Life Orb
|
|win|Sizzle2466
|raw|Wesrui's rating: 1034 → 1021(-13 for losing)
|raw|Sizzle2466's rating: 1088 → 1111(+23 for winning)
|l|☆Wesrui
|player|p1|
