|j|☆TimidThunderWave
|j|☆Hackervgc
|html|TimidThunderWaveHackervgc    
|uhtml|bestof|Game 3 of a best-of-3
|t:|1756579512
|gametype|doubles
|player|p1|TimidThunderWave|psychicf|
|player|p2|Hackervgc|gentleman-gen4|
|gen|9
|tier|[Gen 9] VGC 2025 Reg H (Bo3)
|rule|Species Clause: Limit one of each Pokémon
|rule|Item Clause: Limit 1 of each item
|clearpoke
|poke|p1|Talonflame, L50, F|
|poke|p1|Baxcalibur, L50, M|
|poke|p1|Sneasler, L50, F|
|poke|p1|Gholdengo, L50|
|poke|p1|Dondozo, L50, F|
|poke|p1|Tatsugiri, L50, F|
|poke|p2|Kingambit, L50, F|
|poke|p2|Magmar, L50, M|
|poke|p2|Dragonite, L50, M|
|poke|p2|Sneasler, L50, M|
|poke|p2|Ursaluna-Bloodmoon, L50, M|
|poke|p2|Farigiraf, L50, M|
|teampreview|4
|showteam|p1|Talonflame||CovertCloak|FlameBody|DualWingbeat,Tailwind,FlareBlitz,WillOWisp|||F|||50|,,,,,Grass]Baxcalibur||LoadedDice|ThermalExchange|IcicleSpear,ScaleShot,IceShard,Protect|||M|||50|,,,,,Ghost]Sneasler||FocusSash|Unburden|CloseCombat,DireClaw,Taunt,Protect|||F|||50|,,,,,Ghost]Gholdengo||ChoiceSpecs|GoodasGold|MakeItRain,ShadowBall,TeraBlast,Trick||||||50|,,,,,Fighting]Dondozo||Leftovers|Unaware|WaveCrash,OrderUp,Earthquake,Protect|||F|||50|,,,,,Grass]Tatsugiri||ChoiceScarf|Commander|MuddyWater,DracoMeteor,IcyWind,DragonPulse|||F|||50|,,,,,Steel
|showteam|p2|Kingambit||AssaultVest|Defiant|KowtowCleave,SuckerPunch,LowKick,TeraBlast|||F|||50|,,,,,Flying]Magmar||Eviolite|VitalSpirit|FollowMe,Protect,Flamethrower,WillOWisp|||M|||50|,,,,,Grass]Dragonite||LoadedDice|Multiscale|ScaleShot,Protect,Haze,Tailwind|||M|||50|,,,,,Fairy]Sneasler||FocusSash|Unburden|ThroatChop,DireClaw,CloseCombat,Protect|||M|||50|,,,,,Stellar]Ursaluna-Bloodmoon||LifeOrb|MindsEye|BloodMoon,Protect,EarthPower,HyperVoice|||M|||50|,,,,,Normal]Farigiraf||SitrusBerry|ArmorTail|TrickRoom,HelpingHand,Psychic,Protect|||M|||50|,,,,,Water
|inactive|Battle timer is ON: inactive players will automatically lose when time's up. (requested by TimidThunderWave)
|j| is_katabo
|j| jayoticnl
|j| Lycopoky
|inactive|Hackervgc has 60 seconds left.
|inactive|Hackervgc has 30 seconds left.
|inactive|Hackervgc has 20 seconds left.
|
|t:|1756579587
|teamsize|p1|4
|teamsize|p2|4
|start
|switch|p1a: D&D Rogue|Sneasler, L50, F|100/100
|switch|p1b: Larry|Dondozo, L50, F|100/100
|switch|p2a: Ursaluna|Ursaluna-Bloodmoon, L50, M|100/100
|switch|p2b: Magmar|Magmar, L50, M|100/100
|turn|1
|
|t:|1756579601
|-terastallize|p2a: Ursaluna|Normal
|move|p1b: Larry|Protect|p1b: Larry
|-singleturn|p1b: Larry|Protect
|move|p2b: Magmar|Follow Me|p2b: Magmar
|-singleturn|p2b: Magmar|move: Follow Me
|move|p1a: D&D Rogue|Close Combat|p2b: Magmar
|-damage|p2b: Magmar|53/100
|-unboost|p1a: D&D Rogue|def|1
|-unboost|p1a: D&D Rogue|spd|1
|move|p2a: Ursaluna|Hyper Voice|p1a: D&D Rogue|[spread] p1a
|-activate|p1b: Larry|move: Protect
|-enditem|p1a: D&D Rogue|Focus Sash
|-damage|p1a: D&D Rogue|1/100
|-damage|p2a: Ursaluna|90/100|[from] item: Life Orb
|
|upkeep
|turn|2
|inactive|TimidThunderWave has 30 seconds left.
|
|t:|1756579627
|move|p2b: Magmar|Follow Me|p2b: Magmar
|-singleturn|p2b: Magmar|move: Follow Me
|move|p1a: D&D Rogue|Close Combat|p2b: Magmar
|-damage|p2b: Magmar|4/100
|-unboost|p1a: D&D Rogue|def|1
|-unboost|p1a: D&D Rogue|spd|1
|move|p1b: Larry|Wave Crash|p2b: Magmar
|-supereffective|p2b: Magmar
|-damage|p2b: Magmar|0 fnt
|faint|p2b: Magmar
|-damage|p1b: Larry|99/100|[from] Recoil
|move|p2a: Ursaluna|Hyper Voice|p1a: D&D Rogue|[spread] p1a,p1b
|-damage|p1a: D&D Rogue|0 fnt
|-damage|p1b: Larry|28/100
|faint|p1a: D&D Rogue
|-damage|p2a: Ursaluna|80/100|[from] item: Life Orb
|
|-heal|p1b: Larry|35/100|[from] item: Leftovers
|upkeep
|
|t:|1756579639
|switch|p1a: Harry|Tatsugiri, L50, F|100/100
|switch|p2b: Dragonita|Dragonite, L50, M|100/100
|-activate|p1a: Harry|ability: Commander|[of] p1b: Larry
|-boost|p1b: Larry|atk|2
|-boost|p1b: Larry|spa|2
|-boost|p1b: Larry|spe|2
|-boost|p1b: Larry|def|2
|-boost|p1b: Larry|spd|2
|turn|3
|
|t:|1756579657
|move|p2b: Dragonita|Protect|p2b: Dragonita
|-singleturn|p2b: Dragonita|Protect
|move|p2a: Ursaluna|Protect|p2a: Ursaluna
|-singleturn|p2a: Ursaluna|Protect
|move|p1b: Larry|Wave Crash|p2a: Ursaluna
|-activate|p2a: Ursaluna|move: Protect
|
|-heal|p1b: Larry|41/100|[from] item: Leftovers
|upkeep
|turn|4
|
|t:|1756579668
|switch|p2b: Sneasler|Sneasler, L50, M|100/100
|move|p1b: Larry|Wave Crash|p2a: Ursaluna
|-damage|p2a: Ursaluna|12/100
|-damage|p1b: Larry|19/100|[from] Recoil
|move|p2a: Ursaluna|Blood Moon|p1b: Larry
|-damage|p1b: Larry|0 fnt
|faint|p1b: Larry
|-damage|p2a: Ursaluna|2/100|[from] item: Life Orb
|
|upkeep
|
|t:|1756579677
|switch|p1b: NGAAAAHHHHHH|Baxcalibur, L50, M|100/100
|turn|5
|inactive|TimidThunderWave has 30 seconds left.
|
|t:|1756579710
|-terastallize|p1b: NGAAAAHHHHHH|Ghost
|move|p2b: Sneasler|Protect|p2b: Sneasler
|-singleturn|p2b: Sneasler|Protect
|move|p1a: Harry|Muddy Water|p2b: Sneasler|[spread] p2a
|-activate|p2b: Sneasler|move: Protect
|-damage|p2a: Ursaluna|0 fnt
|faint|p2a: Ursaluna
|move|p1b: NGAAAAHHHHHH|Scale Shot|p2b: Sneasler
|-activate|p2b: Sneasler|move: Protect
|
|upkeep
|
|t:|1756579715
|switch|p2a: Dragonita|Dragonite, L50, M|100/100
|turn|6
|
|t:|1756579733
|move|p1a: Harry|Muddy Water|p2a: Dragonita|[spread] p2a
|-miss|p1a: Harry|p2b: Sneasler
|-resisted|p2a: Dragonita
|-damage|p2a: Dragonita|91/100
|-unboost|p2a: Dragonita|accuracy|1
|move|p2b: Sneasler|Throat Chop|p1b: NGAAAAHHHHHH
|-supereffective|p1b: NGAAAAHHHHHH
|-damage|p1b: NGAAAAHHHHHH|45/100
|-start|p1b: NGAAAAHHHHHH|Throat Chop|[silent]
|move|p1b: NGAAAAHHHHHH|Scale Shot|p2b: Sneasler
|-damage|p2b: Sneasler|76/100
|-damage|p2b: Sneasler|52/100
|-damage|p2b: Sneasler|27/100
|-damage|p2b: Sneasler|4/100
|-hitcount|p2b: Sneasler|4
|-unboost|p1b: NGAAAAHHHHHH|def|1
|-boost|p1b: NGAAAAHHHHHH|spe|1
|move|p2a: Dragonita|Scale Shot|p1a: Harry|[miss]
|-miss|p2a: Dragonita|p1a: Harry
|
|upkeep
|turn|7
|j| AuroraaVGC
|inactive|Hackervgc has 30 seconds left.
|inactive|Hackervgc has 20 seconds left.
|inactive|Hackervgc has 15 seconds left.
|
|t:|1756579777
|move|p1b: NGAAAAHHHHHH|Ice Shard|p2a: Dragonita
|-supereffective|p2a: Dragonita
|-damage|p2a: Dragonita|0 fnt
|faint|p2a: Dragonita
|move|p1a: Harry|Muddy Water|p2b: Sneasler
|-damage|p2b: Sneasler|0 fnt
|faint|p2b: Sneasler
|
|win|TimidThunderWave
|c|☆TimidThunderWave|ggwp
|c|☆Hackervgc|ggwp
|c|☆Hackervgc|all to a miss
|l| is_katabo
|l|☆TimidThunderWave
|player|p1|
|l| Lycopoky
|l| jayoticnl
|l| AuroraaVGC
