|j|☆sfeb
|j|☆ninha1600
|html|sfebninha1600    
|uhtml|bestof|Game 1 of a best-of-3
|t:|1756364360
|gametype|doubles
|player|p1|sfeb|hilbert|1040
|player|p2|ninha1600|lady|1023
|gen|9
|tier|[Gen 9] VGC 2025 Reg H (Bo3)
|rated|
|rule|Species Clause: Limit one of each Pokémon
|rule|Item Clause: Limit 1 of each item
|clearpoke
|poke|p1|Ninetales-Alola, L50, F|
|poke|p1|Garchomp, L50, M|
|poke|p1|Gholdengo, L50|
|poke|p1|Volcarona, L50, M|
|poke|p1|Mienshao, L50, M|
|poke|p1|Electabuzz, L50, M|
|poke|p2|Maushold, L50|
|poke|p2|Annihilape, L50, M|
|poke|p2|Gholdengo, L50|
|poke|p2|Rillaboom, L50, M|
|poke|p2|Murkrow, L50, F|
|poke|p2|Baxcalibur, L50, F|
|teampreview|4
|showteam|p1|Ninetales-Alola||LightClay|SnowWarning|AuroraVeil,Blizzard,Encore,Moonblast|||F|||50|,,,,,Water]Garchomp||LifeOrb|RoughSkin|Earthquake,DragonClaw,Protect,SwordsDance|||M|||50|,,,,,Ghost]Gholdengo||MetalCoat|GoodasGold|MakeItRain,ShadowBall,NastyPlot,Protect||||||50|,,,,,Dark]Volcarona||SafetyGoggles|FlameBody|HeatWave,GigaDrain,Protect,QuiverDance|||M|||50|,,,,,Grass]Mienshao||FocusSash|InnerFocus|FakeOut,CloseCombat,Taunt,KnockOff|||M|||50|,,,,,Dark]Electabuzz||Eviolite|VitalSpirit|Electroweb,FollowMe,Protect,Thunder|||M|||50|,,,,,Electric
|showteam|p2|Maushold||WideLens|FriendGuard|Protect,FollowMe,PopulationBomb,BeatUp||||||50|,,,,,Ghost]Annihilape||Leftovers|Defiant|RageFist,DrainPunch,Protect,Coaching|||M|||50|,,,,,Electric]Gholdengo||ChoiceSpecs|GoodasGold|MakeItRain,PowerGem,ShadowBall,Thunderbolt||||||50|,,,,,Water]Rillaboom||AssaultVest|GrassySurge|FakeOut,WoodHammer,HighHorsepower,GrassyGlide|||M|||50|,,,,,Fire]Murkrow||Eviolite|Prankster|FoulPlay,Quash,Haze,Tailwind|||F|||50|,,,,,Ghost]Baxcalibur||LoadedDice|ThermalExchange|ScaleShot,IcicleSpear,Protect,IceShard|||F|||50|,,,,,Ghost
|inactive|Battle timer is ON: inactive players will automatically lose when time's up. (requested by sfeb)
|inactive|sfeb has 60 seconds left.
|inactive|ninha1600 has 60 seconds left.
|inactive|ninha1600 has 30 seconds left.
|inactive|sfeb has 30 seconds left.
|
|t:|1756364433
|teamsize|p1|4
|teamsize|p2|4
|start
|switch|p1a: Mienshao|Mienshao, L50, M|100/100
|switch|p1b: Electabuzz|Electabuzz, L50, M|100/100
|switch|p2a: Murkrow|Murkrow, L50, F|100/100
|switch|p2b: Baxcalibur|Baxcalibur, L50, F|100/100
|turn|1
|inactive|sfeb has 30 seconds left.
|inactive|ninha1600 has 30 seconds left.
|inactive|ninha1600 has 20 seconds left.
|inactive|ninha1600 has 15 seconds left.
|inactive|ninha1600 has 10 seconds left.
|inactive|ninha1600 has 5 seconds left.
|
|t:|1756364484
|switch|p2a: Annihilape|Annihilape, L50, M, shiny|100/100
|move|p1a: Mienshao|Fake Out|p2a: Annihilape
|-immune|p2a: Annihilape
|move|p2b: Baxcalibur|Scale Shot|p1a: Mienshao
|-damage|p1a: Mienshao|71/100
|-damage|p1a: Mienshao|41/100
|-damage|p1a: Mienshao|13/100
|-damage|p1a: Mienshao|0 fnt
|faint|p1a: Mienshao
|-hitcount|p1: Mienshao|4
|-unboost|p2b: Baxcalibur|def|1
|-boost|p2b: Baxcalibur|spe|1
|move|p1b: Electabuzz|Electroweb|p2b: Baxcalibur|[spread] p2b
|-miss|p1b: Electabuzz|p2a: Annihilape
|-resisted|p2b: Baxcalibur
|-damage|p2b: Baxcalibur|94/100
|-unboost|p2b: Baxcalibur|spe|1
|
|upkeep
|
|t:|1756364500
|switch|p1a: Gholdengo|Gholdengo, L50|100/100
|turn|2
|
|t:|1756364519
|switch|p2b: Murkrow|Murkrow, L50, F|100/100
|move|p2a: Annihilape|Protect|p2a: Annihilape
|-singleturn|p2a: Annihilape|Protect
|move|p1b: Electabuzz|Follow Me|p1b: Electabuzz
|-singleturn|p1b: Electabuzz|move: Follow Me
|move|p1a: Gholdengo|Nasty Plot|p1a: Gholdengo
|-boost|p1a: Gholdengo|spa|2
|
|upkeep
|turn|3
|
|t:|1756364534
|switch|p2a: Maushold|Maushold, L50|100/100
|move|p1b: Electabuzz|Follow Me|p1b: Electabuzz
|-singleturn|p1b: Electabuzz|move: Follow Me
|move|p2b: Murkrow|Haze|p2b: Murkrow
|-clearallboost
|move|p1a: Gholdengo|Shadow Ball|p2a: Maushold
|-immune|p2a: Maushold
|
|upkeep
|turn|4
|inactive|sfeb has 30 seconds left.
|
|t:|1756364564
|switch|p1a: Volcarona|Volcarona, L50, M|100/100
|move|p2b: Murkrow|Tailwind|p2b: Murkrow
|-sidestart|p2: ninha1600|move: Tailwind
|move|p2a: Maushold|Population Bomb|p1b: Electabuzz
|-damage|p1b: Electabuzz|93/100
|-damage|p1b: Electabuzz|86/100
|-damage|p1b: Electabuzz|80/100
|-damage|p1b: Electabuzz|73/100
|-damage|p1b: Electabuzz|66/100
|-damage|p1b: Electabuzz|59/100
|-damage|p1b: Electabuzz|52/100
|-damage|p1b: Electabuzz|44/100
|-damage|p1b: Electabuzz|37/100
|-damage|p1b: Electabuzz|30/100
|-hitcount|p1b: Electabuzz|10
|move|p1b: Electabuzz|Thunder|p2b: Murkrow
|-supereffective|p2b: Murkrow
|-damage|p2b: Murkrow|38/100
|
|upkeep
|turn|5
|inactive|sfeb has 30 seconds left.
|inactive|ninha1600 has 30 seconds left.
|inactive|ninha1600 has 20 seconds left.
|inactive|ninha1600 has 15 seconds left.
|inactive|ninha1600 has 10 seconds left.
|inactive|ninha1600 has 5 seconds left.
|
|t:|1756364615
|move|p2a: Maushold|Protect|p2a: Maushold
|-singleturn|p2a: Maushold|Protect
|move|p1b: Electabuzz|Follow Me|p1b: Electabuzz
|-singleturn|p1b: Electabuzz|move: Follow Me
|move|p2b: Murkrow|Foul Play|p1b: Electabuzz
|-crit|p1b: Electabuzz
|-damage|p1b: Electabuzz|0 fnt
|faint|p1b: Electabuzz
|move|p1a: Volcarona|Heat Wave|p2b: Murkrow|[spread] p2b
|-activate|p2a: Maushold|move: Protect
|-damage|p2b: Murkrow|5/100
|
|upkeep
|
|t:|1756364627
|switch|p1b: Gholdengo|Gholdengo, L50|100/100
|turn|6
|inactive|ninha1600 has 30 seconds left.
|inactive|ninha1600 has 20 seconds left.
|inactive|ninha1600 has 15 seconds left.
|
|t:|1756364670
|switch|p2a: Baxcalibur|Baxcalibur, L50, F|94/100
|move|p2b: Murkrow|Foul Play|p1b: Gholdengo
|-supereffective|p1b: Gholdengo
|-damage|p1b: Gholdengo|72/100
|move|p1a: Volcarona|Heat Wave|p2b: Murkrow|[spread] p2a,p2b
|-damage|p2a: Baxcalibur|57/100
|-damage|p2b: Murkrow|0 fnt
|-ability|p2a: Baxcalibur|Thermal Exchange|boost
|-boost|p2a: Baxcalibur|atk|1
|faint|p2b: Murkrow
|move|p1b: Gholdengo|Nasty Plot|p1b: Gholdengo
|-boost|p1b: Gholdengo|spa|2
|
|upkeep
|
|t:|1756364687
|switch|p2b: Maushold|Maushold, L50|100/100
|turn|7
|
|t:|1756364702
|move|p2b: Maushold|Protect|p2b: Maushold
|-singleturn|p2b: Maushold|Protect
|move|p2a: Baxcalibur|Scale Shot|p1a: Volcarona
|-damage|p1a: Volcarona|75/100
|-damage|p1a: Volcarona|47/100
|-damage|p1a: Volcarona|21/100
|-damage|p1a: Volcarona|0 fnt
|faint|p1a: Volcarona
|-hitcount|p1: Volcarona|4
|-unboost|p2a: Baxcalibur|def|1
|-boost|p2a: Baxcalibur|spe|1
|move|p1b: Gholdengo|Make It Rain|p2b: Maushold|[spread] p2a
|-activate|p2b: Maushold|move: Protect
|-supereffective|p2a: Baxcalibur
|-damage|p2a: Baxcalibur|0 fnt
|-unboost|p1b: Gholdengo|spa|1
|faint|p2a: Baxcalibur
|
|-sideend|p2: ninha1600|move: Tailwind
|upkeep
|
|t:|1756364722
|switch|p2a: Annihilape|Annihilape, L50, M, shiny|100/100
|turn|8
|
|t:|1756364739
|-terastallize|p2a: Annihilape|Electric
|-terastallize|p1b: Gholdengo|Dark
|move|p2b: Maushold|Beat Up|p2a: Annihilape
|-damage|p2a: Annihilape|97/100
|-damage|p2a: Annihilape|95/100
|-hitcount|p2a: Annihilape|2
|move|p2a: Annihilape|Rage Fist|p1b: Gholdengo
|-resisted|p1b: Gholdengo
|-damage|p1b: Gholdengo|43/100
|move|p1b: Gholdengo|Shadow Ball|p2a: Annihilape
|-damage|p2a: Annihilape|52/100
|-unboost|p2a: Annihilape|spd|1
|-ability|p2a: Annihilape|Defiant|boost
|-boost|p2a: Annihilape|atk|2
|
|-heal|p2a: Annihilape|58/100|[from] item: Leftovers
|upkeep
|turn|9
|-message|sfeb forfeited.
|
|win|ninha1600
|l|☆sfeb
|player|p1|
