|j|☆CALAMELLA
|j|☆vinzdagoat
|html|CALAMELLAvinzdagoat    
|uhtml|bestof|Game 2 of a best-of-3
|t:|1782227243
|gametype|doubles
|player|p1|CALAMELLA|li|1094
|player|p2|vinzdagoat|102|1000
|gen|9
|tier|[Gen 9 Champions] VGC 2026 Reg M-B (Bo3)
|rated|
|rule|Species Clause: Limit one of each Pokémon
|rule|Item Clause: Limit 1 of each item
|clearpoke
|poke|p1|Archaludon, L50, F|
|poke|p1|Pelipper, L50, F|
|poke|p1|Grimmsnarl, L50, M|
|poke|p1|Sylveon, L50, M|
|poke|p1|Metagross, L50|
|poke|p1|Swampert, L50, M|
|poke|p2|Pelipper, L50, M|
|poke|p2|Swampert, L50, F|
|poke|p2|Sableye, L50, F|
|poke|p2|Sinistcha, L50|
|poke|p2|Archaludon, L50, F|
|poke|p2|Kingambit, L50, M|
|teampreview|4
|showteam|p1|Archaludon||Leftovers|Stamina|Protect,ElectroShot,DragonPulse,AuraSphere|Modest||F|||50|]Pelipper||DampRock|Drizzle|WeatherBall,Hurricane,WideGuard,Tailwind|Modest||F|||50|]Grimmsnarl||LightClay|Prankster|SpiritBreak,LightScreen,Reflect,PartingShot|Careful||M|||50|]Sylveon||FairyFeather|Pixilate|HyperVoice,HyperBeam,QuickAttack,Detect|Modest||M|||50|]Metagross||Metagrossite|ClearBody|IronHead,RockSlide,PsychicFangs,Protect|Adamant|||||50|]Swampert||Swampertite|Torrent|WaveCrash,Earthquake,RockTomb,Protect|Adamant||M|||50|
|showteam|p2|Pelipper||FocusSash|Drizzle|WeatherBall,Tailwind,Hurricane,WideGuard|Timid||M|||50|]Swampert||Swampertite|Torrent|HighHorsepower,Protect,WaveCrash,IcePunch|Adamant||F|||50|]Sableye||LightClay|Prankster|RainDance,LightScreen,Reflect,Quash|Calm||F|||50|]Sinistcha||KasibBerry|Hospitality|RagePowder,MatchaGotcha,LifeDew,TrickRoom|Bold|||||50|]Archaludon||Leftovers|Stamina|ElectroShot,DragonPulse,FlashCannon,Protect|Modest||F|||50|]Kingambit||ChopleBerry|Defiant|SuckerPunch,IronHead,KowtowCleave,LowKick|Adamant||M|||50|
|inactive|Battle timer is ON: inactive players will automatically lose when time's up. (requested by CALAMELLA)
|
|t:|1782227275
|teamsize|p1|4
|teamsize|p2|4
|start
|switch|p1a: Grimmsnarl|Grimmsnarl, L50, M|100/100
|switch|p1b: Sylveon|Sylveon, L50, M|100/100
|switch|p2a: Pelipper|Pelipper, L50, M|100/100
|switch|p2b: Archaludon|Archaludon, L50, F|100/100
|-weather|RainDance|[from] ability: Drizzle|[of] p2a: Pelipper
|turn|1
|
|t:|1782227291
|move|p1a: Grimmsnarl|Light Screen|p1a: Grimmsnarl
|-sidestart|p1: CALAMELLA|move: Light Screen
|move|p2a: Pelipper|Hurricane|p1b: Sylveon
|-damage|p1b: Sylveon|76/100
|move|p2b: Archaludon|Flash Cannon|p1a: Grimmsnarl
|-supereffective|p1a: Grimmsnarl|1
|-damage|p1a: Grimmsnarl|50/100g
|move|p1b: Sylveon|Hyper Beam|p2b: Archaludon
|-damage|p2b: Archaludon|0 fnt
|-mustrecharge|p1b: Sylveon
|faint|p2b: Archaludon
|
|-weather|RainDance|[upkeep]
|upkeep
|
|t:|1782227303
|switch|p2b: Swampert|Swampert, L50, F|100/100
|turn|2
|
|t:|1782227321
|detailschange|p2b: Swampert|Swampert-Mega, L50, F
|-mega|p2b: Swampert|Swampert|Swampertite
|move|p1a: Grimmsnarl|Reflect|p1a: Grimmsnarl
|-sidestart|p1: CALAMELLA|Reflect
|move|p2b: Swampert|Wave Crash|p1a: Grimmsnarl
|-damage|p1a: Grimmsnarl|0 fnt
|faint|p1a: Grimmsnarl
|-damage|p2b: Swampert|80/100|[from] Recoil
|move|p2a: Pelipper|Weather Ball|p1b: Sylveon
|-damage|p1b: Sylveon|43/100
|cant|p1b: Sylveon|recharge
|
|-weather|RainDance|[upkeep]
|upkeep
|
|t:|1782227333
|switch|p1a: Archaludon|Archaludon, L50, F|100/100
|turn|3
|
|t:|1782227344
|move|p1b: Sylveon|Quick Attack|p2a: Pelipper
|-damage|p2a: Pelipper|81/100
|move|p2b: Swampert|High Horsepower|p1a: Archaludon
|-supereffective|p1a: Archaludon|1
|-damage|p1a: Archaludon|40/100
|-ability|p1a: Archaludon|Stamina|boost
|-boost|p1a: Archaludon|def|1
|move|p2a: Pelipper|Hurricane|p1b: Sylveon
|-damage|p1b: Sylveon|19/100
|move|p1a: Archaludon|Electro Shot||[still]
|-prepare|p1a: Archaludon|Electro Shot
|-boost|p1a: Archaludon|spa|1
|-anim|p1a: Archaludon|Electro Shot|p2a: Pelipper
|-supereffective|p2a: Pelipper|2
|-damage|p2a: Pelipper|0 fnt
|faint|p2a: Pelipper
|
|-weather|RainDance|[upkeep]
|-heal|p1a: Archaludon|46/100|[from] item: Leftovers
|upkeep
|
|t:|1782227360
|switch|p2a: Sinistcha|Sinistcha, L50|100/100
|-heal|p2b: Swampert|100/100|[from] ability: Hospitality|[of] p2a: Sinistcha
|turn|4
|
|t:|1782227379
|move|p2b: Swampert|High Horsepower|p1a: Archaludon
|-supereffective|p1a: Archaludon|1
|-damage|p1a: Archaludon|10/100
|-ability|p1a: Archaludon|Stamina|boost
|-boost|p1a: Archaludon|def|1
|move|p1a: Archaludon|Electro Shot||[still]
|-prepare|p1a: Archaludon|Electro Shot
|-boost|p1a: Archaludon|spa|1
|-anim|p1a: Archaludon|Electro Shot|p2a: Sinistcha
|-resisted|p2a: Sinistcha|1
|-damage|p2a: Sinistcha|56/100
|move|p2a: Sinistcha|Matcha Gotcha|p1b: Sylveon|[spread] p1a,p1b
|-resisted|p1a: Archaludon|2
|-damage|p1a: Archaludon|5/100
|-heal|p2a: Sinistcha|59/100|[from] drain|[of] p1a: Archaludon
|-damage|p1b: Sylveon|7/100
|-heal|p2a: Sinistcha|66/100|[from] drain|[of] p1b: Sylveon
|-ability|p1a: Archaludon|Stamina|boost
|-boost|p1a: Archaludon|def|1
|move|p1b: Sylveon|Hyper Voice|p2b: Swampert|[spread] p2a,p2b
|-damage|p2a: Sinistcha|18/100
|-damage|p2b: Swampert|57/100
|
|-weather|RainDance|[upkeep]
|-heal|p1a: Archaludon|11/100|[from] item: Leftovers
|upkeep
|turn|5
|inactive|CALAMELLA has 30 seconds left.
|inactive|vinzdagoat has 30 seconds left.
|inactive|CALAMELLA has 20 seconds left.
|inactive|vinzdagoat has 20 seconds left.
|
|t:|1782227419
|move|p2b: Swampert|Protect|p2b: Swampert
|-singleturn|p2b: Swampert|Protect
|move|p1a: Archaludon|Protect|p1a: Archaludon
|-singleturn|p1a: Archaludon|Protect
|move|p2a: Sinistcha|Matcha Gotcha|p1b: Sylveon|[spread] p1b
|-activate|p1a: Archaludon|move: Protect
|-damage|p1b: Sylveon|0 fnt
|-heal|p2a: Sinistcha|23/100|[from] drain|[of] p1b: Sylveon
|faint|p1b: Sylveon
|
|-weather|none
|-heal|p1a: Archaludon|17/100|[from] item: Leftovers
|upkeep
|
|t:|1782227425
|switch|p1b: Swampert|Swampert, L50, M|100/100
|turn|6
|inactive|CALAMELLA has 30 seconds left.
|
|t:|1782227456
|detailschange|p1b: Swampert|Swampert-Mega, L50, M
|-mega|p1b: Swampert|Swampert|Swampertite
|move|p2b: Swampert|High Horsepower|p1a: Archaludon
|-supereffective|p1a: Archaludon|1
|-damage|p1a: Archaludon|0 fnt
|faint|p1a: Archaludon
|move|p1b: Swampert|Wave Crash|p2b: Swampert
|-damage|p2b: Swampert|0 fnt
|faint|p2b: Swampert
|-damage|p1b: Swampert|82/100|[from] Recoil
|move|p2a: Sinistcha|Matcha Gotcha|p1b: Swampert|[miss]
|-miss|p2a: Sinistcha|p1b: Swampert
|
|upkeep
|turn|7
|
|t:|1782227471
|move|p1b: Swampert|Rock Tomb|p2a: Sinistcha
|-damage|p2a: Sinistcha|2/100
|-unboost|p2a: Sinistcha|spe|1
|move|p2a: Sinistcha|Matcha Gotcha|p1b: Swampert
|-supereffective|p1b: Swampert|2
|-damage|p1b: Swampert|8/100
|-heal|p2a: Sinistcha|43/100|[from] drain|[of] p1b: Swampert
|-status|p1b: Swampert|brn
|
|-damage|p1b: Swampert|3/100 brn|[from] brn
|upkeep
|turn|8
|
|t:|1782227491
|move|p1b: Swampert|Rock Tomb|p2a: Sinistcha
|-damage|p2a: Sinistcha|33/100
|-unboost|p2a: Sinistcha|spe|1
|move|p2a: Sinistcha|Matcha Gotcha|p1b: Swampert
|-supereffective|p1b: Swampert|2
|-damage|p1b: Swampert|0 fnt
|-heal|p2a: Sinistcha|34/100|[from] drain|[of] p1b: Swampert
|faint|p1b: Swampert
|
|win|vinzdagoat
||CALAMELLA is ready for game 3.
|inactive|vinzdagoat has 30 seconds to confirm battle start!
|l|☆vinzdagoat
|player|p2|
|inactive|vinzdagoat has 20 seconds to confirm battle start!
|raw|CALAMELLA's rating: 1094 → 1113(+19 for winning)
|raw|vinzdagoat's rating: 1000 → 1000(+0 for losing)
