|j|☆mister.ludicolo
|j|☆spellbreakvgc
|html|mister.ludicolospellbreakvgc    
|uhtml|bestof|Game 3 of a best-of-3
|t:|1757939165
|gametype|doubles
|player|p1|mister.ludicolo|waiter-gen4dp|1042
|player|p2|spellbreakvgc|lance|1098
|gen|9
|tier|[Gen 9] VGC 2025 Reg H (Bo3)
|rated|
|rule|Species Clause: Limit one of each Pokémon
|rule|Item Clause: Limit 1 of each item
|clearpoke
|poke|p1|Pelipper, L50, M|
|poke|p1|Archaludon, L50, M|
|poke|p1|Sinistcha, L50|
|poke|p1|Maushold, L50|
|poke|p1|Ludicolo, L50, M|
|poke|p1|Kingambit, L50, M|
|poke|p2|Incineroar, L50, M|
|poke|p2|Tyranitar, L50, F|
|poke|p2|Porygon2, L50|
|poke|p2|Ursaluna, L50, M|
|poke|p2|Gholdengo, L50|
|poke|p2|Grimmsnarl, L50, M|
|teampreview|4
|showteam|p1|Pelipper||FocusSash|Drizzle|WeatherBall,Hurricane,Tailwind,Protect|||M|||50|,,,,,Ghost]Archaludon||AssaultVest|Stamina|FlashCannon,BodyPress,ElectroShot,DragonPulse|||M|||50|,,,,,Grass]Sinistcha||SitrusBerry|Hospitality|RagePowder,MatchaGotcha,TrickRoom,LifeDew||||||50|,,,,,Poison]Maushold||WideLens|Technician|Protect,RainDance,PopulationBomb,FollowMe||||||50|,,,,,Ghost]Ludicolo||LifeOrb|SwiftSwim|FakeOut,Encore,BulletSeed,WeatherBall|||M|||50|,,,,,Water]Kingambit||SafetyGoggles|Defiant|KowtowCleave,SuckerPunch,SwordsDance,Protect|||M|||50|,,,,,Dark
|showteam|p2|Incineroar||SitrusBerry|Intimidate|PartingShot,FakeOut,KnockOff,Snarl|||M|||50|,,,,,Water]Tyranitar||AssaultVest|SandStream|RockSlide,KnockOff,LowKick,Outrage|||F|||50|,,,,,Flying]Porygon2||Eviolite|Download|TrickRoom,Recover,IceBeam,TeraBlast||||||50|,,,,,Ghost]Ursaluna||FlameOrb|Guts|Earthquake,HeadlongRush,Facade,Protect|||M|||50|,,,,,Fairy]Gholdengo||Leftovers|GoodasGold|MakeItRain,ShadowBall,NastyPlot,Protect||||||50|,,,,,Dragon]Grimmsnarl||LightClay|Prankster|PartingShot,Reflect,LightScreen,SpiritBreak|||M|||50|,,,,,Ghost
|inactive|Battle timer is ON: inactive players will automatically lose when time's up. (requested by mister.ludicolo)
|inactive|spellbreakvgc has 60 seconds left.
|inactive|spellbreakvgc has 30 seconds left.
|inactive|spellbreakvgc has 20 seconds left.
|inactive|spellbreakvgc has 15 seconds left.
|
|t:|1757939245
|teamsize|p1|4
|teamsize|p2|4
|start
|switch|p1a: Ludicolo|Ludicolo, L50, M|100/100
|switch|p1b: Pelipper|Pelipper, L50, M|100/100
|switch|p2a: Porygon2|Porygon2, L50|100/100
|switch|p2b: Grimmsnarl|Grimmsnarl, L50, M|100/100
|-weather|RainDance|[from] ability: Drizzle|[of] p1b: Pelipper
|-ability|p2a: Porygon2|Download|boost
|-boost|p2a: Porygon2|atk|1
|turn|1
|inactive|mister.ludicolo has 30 seconds left.
|
|t:|1757939279
|move|p1a: Ludicolo|Fake Out|p2b: Grimmsnarl
|-damage|p2b: Grimmsnarl|92/100
|-damage|p1a: Ludicolo|91/100|[from] item: Life Orb
|cant|p2b: Grimmsnarl|flinch
|move|p1b: Pelipper|Weather Ball|p2b: Grimmsnarl
|-damage|p2b: Grimmsnarl|23/100
|move|p2a: Porygon2|Trick Room|p2a: Porygon2
|-fieldstart|move: Trick Room|[of] p2a: Porygon2
|
|-weather|RainDance|[upkeep]
|upkeep
|turn|2
|
|t:|1757939301
|move|p2b: Grimmsnarl|Parting Shot|p1a: Ludicolo
|-unboost|p1a: Ludicolo|atk|1
|-unboost|p1a: Ludicolo|spa|1
|
|t:|1757939305
|switch|p2b: Tyranitar|Tyranitar, L50, F|100/100|[from] Parting Shot
|-weather|Sandstorm|[from] ability: Sand Stream|[of] p2b: Tyranitar
|move|p2a: Porygon2|Ice Beam|p1b: Pelipper
|-damage|p1b: Pelipper|48/100
|-status|p1b: Pelipper|frz
|cant|p1b: Pelipper|frz
|move|p1a: Ludicolo|Weather Ball|p2b: Tyranitar
|-damage|p2b: Tyranitar|91/100
|-damage|p1a: Ludicolo|81/100|[from] item: Life Orb
|
|-weather|Sandstorm|[upkeep]
|-damage|p2a: Porygon2|95/100|[from] Sandstorm
|-damage|p1b: Pelipper|42/100 frz|[from] Sandstorm
|-damage|p1a: Ludicolo|75/100|[from] Sandstorm
|upkeep
|turn|3
|
|t:|1757939324
|switch|p2a: Ursaluna|Ursaluna, L50, M|100/100
|switch|p1b: Archaludon|Archaludon, L50, M|100/100
|move|p2b: Tyranitar|Rock Slide|p1b: Archaludon|[spread] p1a,p1b
|-resisted|p1b: Archaludon
|-damage|p1a: Ludicolo|20/100
|-damage|p1b: Archaludon|90/100
|-ability|p1b: Archaludon|Stamina|boost
|-boost|p1b: Archaludon|def|1
|move|p1a: Ludicolo|Bullet Seed|p1b: Archaludon
|-resisted|p1b: Archaludon
|-damage|p1b: Archaludon|90/100
|-ability|p1b: Archaludon|Stamina|boost
|-boost|p1b: Archaludon|def|1
|-resisted|p1b: Archaludon
|-damage|p1b: Archaludon|89/100
|-ability|p1b: Archaludon|Stamina|boost
|-boost|p1b: Archaludon|def|1
|-resisted|p1b: Archaludon
|-damage|p1b: Archaludon|89/100
|-ability|p1b: Archaludon|Stamina|boost
|-boost|p1b: Archaludon|def|1
|-hitcount|p1b: Archaludon|3
|-damage|p1a: Ludicolo|11/100|[from] item: Life Orb
|
|-weather|Sandstorm|[upkeep]
|-damage|p1a: Ludicolo|5/100|[from] Sandstorm
|-status|p2a: Ursaluna|brn|[from] item: Flame Orb
|upkeep
|turn|4
|inactive|spellbreakvgc has 30 seconds left.
|inactive|spellbreakvgc has 20 seconds left.
|inactive|spellbreakvgc has 15 seconds left.
|
|t:|1757939370
|switch|p1a: Pelipper|Pelipper, L50, M|42/100 frz
|-weather|RainDance|[from] ability: Drizzle|[of] p1a: Pelipper
|-terastallize|p1b: Archaludon|Grass
|move|p2a: Ursaluna|Facade|p1b: Archaludon
|-damage|p1b: Archaludon|60/100
|-ability|p1b: Archaludon|Stamina|boost
|-boost|p1b: Archaludon|def|1
|move|p2b: Tyranitar|Rock Slide|p1b: Archaludon|[spread] p1a,p1b
|-supereffective|p1a: Pelipper
|-damage|p1a: Pelipper|0 fnt
|-damage|p1b: Archaludon|54/100
|-ability|p1b: Archaludon|Stamina|boost
|-boost|p1b: Archaludon|def|1
|faint|p1a: Pelipper
|move|p1b: Archaludon|Body Press|p2b: Tyranitar
|-supereffective|p2b: Tyranitar
|-damage|p2b: Tyranitar|0 fnt
|faint|p2b: Tyranitar
|
|-weather|RainDance|[upkeep]
|-damage|p2a: Ursaluna|95/100 brn|[from] brn
|upkeep
|
|t:|1757939389
|switch|p2b: Grimmsnarl|Grimmsnarl, L50, M|23/100
|switch|p1a: Sinistcha|Sinistcha, L50|100/100
|-heal|p1b: Archaludon|79/100|[from] ability: Hospitality|[of] p1a: Sinistcha
|turn|5
|
|t:|1757939404
|move|p1a: Sinistcha|Rage Powder|p1a: Sinistcha
|-singleturn|p1a: Sinistcha|move: Rage Powder
|move|p2b: Grimmsnarl|Reflect|p2b: Grimmsnarl
|-sidestart|p2: spellbreakvgc|Reflect
|move|p2a: Ursaluna|Headlong Rush|p1a: Sinistcha
|-resisted|p1a: Sinistcha
|-damage|p1a: Sinistcha|45/100
|-unboost|p2a: Ursaluna|def|1
|-unboost|p2a: Ursaluna|spd|1
|-enditem|p1a: Sinistcha|Sitrus Berry|[eat]
|-heal|p1a: Sinistcha|70/100|[from] item: Sitrus Berry
|move|p1b: Archaludon|Flash Cannon|p2b: Grimmsnarl
|-supereffective|p2b: Grimmsnarl
|-damage|p2b: Grimmsnarl|0 fnt
|faint|p2b: Grimmsnarl
|
|-weather|RainDance|[upkeep]
|-damage|p2a: Ursaluna|89/100 brn|[from] brn
|-fieldend|move: Trick Room
|upkeep
|
|t:|1757939407
|switch|p2b: Porygon2|Porygon2, L50|95/100
|-ability|p2b: Porygon2|Download|boost
|-boost|p2b: Porygon2|spa|1
|turn|6
|-message|spellbreakvgc forfeited.
|
|win|mister.ludicolo
