|j|☆musthaveamusty
|j|☆Ninjacoox
|html|musthaveamustyNinjacoox    
|uhtml|bestof|Game 1 of a best-of-3
|t:|1785304840
|gametype|doubles
|player|p1|musthaveamusty|265|1226
|player|p2|Ninjacoox|rood|1249
|gen|9
|tier|[Gen 9 Champions] VGC 2026 Reg M-B (Bo3)
|rated|
|rule|Species Clause: Limit one of each Pokémon
|rule|Item Clause: Limit 1 of each item
|clearpoke
|poke|p1|Metagross, L50|
|poke|p1|Garchomp, L50, F|
|poke|p1|Typhlosion-Hisui, L50, M|
|poke|p1|Charizard, L50, F|
|poke|p1|Whimsicott, L50, M|
|poke|p1|Sneasler, L50, M|
|poke|p2|Staraptor, L50, M|
|poke|p2|Sinistcha, L50|
|poke|p2|Maushold, L50|
|poke|p2|Kingambit, L50, F|
|poke|p2|Sneasler, L50, M|
|poke|p2|Delphox, L50, M|
|teampreview|4
|showteam|p1|Metagross||Metagrossite|ClearBody|Protect,IcePunch,IronHead,PsychicFangs|Jolly|||||50|]Garchomp||LifeOrb|RoughSkin|Protect,DragonClaw,Earthquake,RockSlide|Jolly||F|||50|]Typhlosion-Hisui||ChoiceScarf|Blaze|Eruption,Overheat,HeatWave,ShadowBall|Modest||M|||50|]Charizard||CharizarditeY|Blaze|Protect,HeatWave,Overheat,AirSlash|Modest||F|||50|]Whimsicott||FocusSash|Prankster|Tailwind,Moonblast,SunnyDay,Encore|Careful||M|||50|]Sneasler||WhiteHerb|Unburden|CloseCombat,DireClaw,Protect,FakeOut|Adamant||M|||50|
|showteam|p2|Staraptor||Staraptite|Intimidate|CloseCombat,BraveBird,Roost,Protect|Adamant||M|||50|]Sinistcha||SitrusBerry|Hospitality|RagePowder,MatchaGotcha,Protect,LifeDew|Calm|||||50|]Maushold||LumBerry|FriendGuard|Encore,Charm,FollowMe,Protect|Timid|||||50|]Kingambit||BlackGlasses|Defiant|KowtowCleave,SuckerPunch,SwordsDance,Protect|Adamant||F|||50|]Sneasler||WhiteHerb|Unburden|CloseCombat,DireClaw,FakeOut,Feint|Jolly||M|||50|]Delphox||Delphoxite|Blaze|HeatWave,Psyshock,NastyPlot,Protect|Timid||M|||50|
|inactive|Battle timer is ON: inactive players will automatically lose when time's up. (requested by Ninjacoox)
|inactive|Ninjacoox has 60 seconds left.
|inactive|Ninjacoox has 30 seconds left.
|
|t:|1785304910
|teamsize|p1|4
|teamsize|p2|4
|start
|switch|p1a: Charizard|Charizard, L50, F|100/100
|switch|p1b: Typhlosion|Typhlosion-Hisui, L50, M|100/100
|switch|p2a: Delphox|Delphox, L50, M|100/100
|switch|p2b: Sneasler|Sneasler, L50, M|100/100
|turn|1
|
|t:|1785304930
|detailschange|p2a: Delphox|Delphox-Mega, L50, M
|-mega|p2a: Delphox|Delphox|Delphoxite
|detailschange|p1a: Charizard|Charizard-Mega-Y, L50, F
|-mega|p1a: Charizard|Charizard|Charizardite Y
|-weather|SunnyDay|[from] ability: Drought|[of] p1a: Charizard
|move|p2b: Sneasler|Fake Out|p1a: Charizard
|-damage|p1a: Charizard|81/100
|move|p1b: Typhlosion|Shadow Ball|p2a: Delphox
|-supereffective|p2a: Delphox|1
|-damage|p2a: Delphox|30/100
|move|p2a: Delphox|Heat Wave|p1b: Typhlosion|[spread] p1a,p1b
|-resisted|p1a: Charizard|1
|-resisted|p1b: Typhlosion|1
|-damage|p1a: Charizard|52/100
|-damage|p1b: Typhlosion|63/100
|cant|p1a: Charizard|flinch
|
|-weather|SunnyDay|[upkeep]
|upkeep
|turn|2
|
|t:|1785304953
|switch|p1b: Whimsicott|Whimsicott, L50, M|100/100
|move|p2a: Delphox|Protect|p2a: Delphox
|-singleturn|p2a: Delphox|Protect
|move|p2b: Sneasler|Dire Claw|p1a: Charizard
|-damage|p1a: Charizard|0 fnt
|faint|p1a: Charizard
|
|-weather|SunnyDay|[upkeep]
|upkeep
|
|t:|1785304964
|switch|p1a: Typhlosion|Typhlosion-Hisui, L50, M|63/100
|turn|3
|inactive|musthaveamusty has 30 seconds left.
|inactive|Ninjacoox has 30 seconds left.
|inactive|Ninjacoox has 20 seconds left.
|inactive|Ninjacoox has 15 seconds left.
|
|t:|1785305006
|move|p1b: Whimsicott|Encore|p2b: Sneasler
|-start|p2b: Sneasler|Encore
|move|p1a: Typhlosion|Heat Wave|p2b: Sneasler|[spread] p2a,p2b
|-resisted|p2a: Delphox|1
|-damage|p2a: Delphox|6/100
|-damage|p2b: Sneasler|22/100
|move|p2a: Delphox|Heat Wave|p1a: Typhlosion|[spread] p1a,p1b
|-resisted|p1a: Typhlosion|1
|-supereffective|p1b: Whimsicott|1
|-damage|p1a: Typhlosion|21/100
|-enditem|p1b: Whimsicott|Focus Sash
|-damage|p1b: Whimsicott|1/100
|move|p2b: Sneasler|Dire Claw|p1b: Whimsicott
|-supereffective|p1b: Whimsicott|2
|-damage|p1b: Whimsicott|0 fnt
|faint|p1b: Whimsicott
|
|-weather|SunnyDay|[upkeep]
|upkeep
|
|t:|1785305011
|switch|p1b: Garchomp|Garchomp, L50, F|100/100
|turn|4
|
|t:|1785305027
|move|p2a: Delphox|Protect|p2a: Delphox
|-singleturn|p2a: Delphox|Protect
|move|p1a: Typhlosion|Heat Wave|p2b: Sneasler|[spread] p2b
|-activate|p2a: Delphox|move: Protect
|-crit|p2b: Sneasler
|-damage|p2b: Sneasler|0 fnt
|faint|p2b: Sneasler
|move|p1b: Garchomp|Dragon Claw|p2a: Delphox
|-activate|p2a: Delphox|move: Protect
|
|-weather|SunnyDay|[upkeep]
|upkeep
|
|t:|1785305036
|switch|p2b: Kingambit|Kingambit, L50, F|100/100
|turn|5
|
|t:|1785305043
|switch|p2a: Maushold|Maushold, L50|100/100
|move|p2b: Kingambit|Sucker Punch|p1a: Typhlosion
|-supereffective|p1a: Typhlosion|1
|-damage|p1a: Typhlosion|0 fnt
|faint|p1a: Typhlosion
|move|p1b: Garchomp|Rock Slide|p2a: Maushold|[spread] p2a,p2b
|-resisted|p2b: Kingambit|1
|-damage|p2a: Maushold|70/100
|-damage|p2b: Kingambit|93/100
|-damage|p1b: Garchomp|90/100|[from] item: Life Orb
|
|-weather|none
|upkeep
|turn|6
|inactive|Ninjacoox has 30 seconds left.
|
|t:|1785305069
|move|p2b: Kingambit|Sucker Punch|p1b: Garchomp
|-damage|p1b: Garchomp|36/100
|-damage|p2b: Kingambit|81/100|[from] ability: Rough Skin|[of] p1b: Garchomp
|move|p2a: Maushold|Charm|p1b: Garchomp
|-unboost|p1b: Garchomp|atk|2
|move|p1b: Garchomp|Earthquake|p2a: Maushold|[spread] p2a,p2b
|-supereffective|p2b: Kingambit|1
|-damage|p2a: Maushold|42/100
|-damage|p2b: Kingambit|53/100
|-damage|p1b: Garchomp|26/100|[from] item: Life Orb
|
|upkeep
|turn|7
|-message|musthaveamusty forfeited.
|
|win|Ninjacoox
|l|☆musthaveamusty
|player|p1|
||musthaveamusty is ready for game 2.
