|j|☆itmaybetime
|j|☆RandomSkyrimGuard
|html|itmaybetimeRandomSkyrimGuard    
|uhtml|bestof|Game 3 of a best-of-3
|t:|1782250719
|gametype|doubles
|player|p1|itmaybetime|101|1000
|player|p2|RandomSkyrimGuard|2|1094
|gen|9
|tier|[Gen 9 Champions] VGC 2026 Reg M-B (Bo3)
|rated|
|rule|Species Clause: Limit one of each Pokémon
|rule|Item Clause: Limit 1 of each item
|clearpoke
|poke|p1|Gholdengo, L50|
|poke|p1|Incineroar, L50, M|
|poke|p1|Garchomp, L50, M|
|poke|p1|Charizard, L50, F|
|poke|p1|Basculegion, L50, M|
|poke|p1|Whimsicott, L50, M|
|poke|p2|Farigiraf, L50, M|
|poke|p2|Milotic, L50, F|
|poke|p2|Garchomp, L50, F|
|poke|p2|Tyranitar, L50, F|
|poke|p2|Scrafty, L50, F|
|poke|p2|Rotom-Heat, L50|
|teampreview|4
|showteam|p1|Gholdengo||SpellTag|GoodasGold|MakeItRain,ShadowBall,NastyPlot,Protect|Modest|||||50|]Incineroar||SitrusBerry|Intimidate|PartingShot,FlareBlitz,ThroatChop,FakeOut|Impish||M|||50|]Garchomp||LifeOrb|RoughSkin|Earthquake,DragonClaw,RockSlide,Protect|Jolly||M|||50|]Charizard||CharizarditeY|Blaze|HeatWave,SolarBeam,WeatherBall,Protect|Modest||F|||50|]Basculegion||ChoiceScarf|Adaptability|WaveCrash,LastRespects,AquaJet,FlipTurn|Jolly||M|||50|]Whimsicott||FocusSash|Prankster|Tailwind,Encore,Moonblast,Protect|Timid||M|||50|
|showteam|p2|Farigiraf||SitrusBerry|ArmorTail|Psychic,MirrorCoat,TrickRoom,Roar|Bold||M|||50|]Milotic||Leftovers|Competitive|MuddyWater,Hypnosis,Coil,Recover|Modest||F|||50|]Garchomp||LifeOrb|RoughSkin|DragonClaw,StompingTantrum,RockSlide,Protect|Jolly||F|||50|]Tyranitar||Tyranitarite|SandStream|KnockOff,RockSlide,IcePunch,Protect|Adamant||F|||50|]Scrafty||Scraftinite|Intimidate|FakeOut,DrainPunch,KnockOff,Protect|Adamant||F|||50|]Rotom-Heat||ChestoBerry|Levitate|Overheat,Thunderbolt,Rest,Protect|Modest|||||50|
|
|t:|1782250734
|teamsize|p1|4
|teamsize|p2|4
|start
|switch|p1a: Gholdengo|Gholdengo, L50|100/100
|switch|p1b: Basculegion|Basculegion, L50, M|100/100
|switch|p2a: Scrafty|Scrafty, L50, F|100/100
|switch|p2b: Farigiraf|Farigiraf, L50, M|100/100
|-ability|p2a: Scrafty|Intimidate|boost
|-unboost|p1a: Gholdengo|atk|1
|-unboost|p1b: Basculegion|atk|1
|turn|1
|
|t:|1782250769
|detailschange|p2a: Scrafty|Scrafty-Mega, L50, F
|-mega|p2a: Scrafty|Scrafty|Scraftinite
|-ability|p2a: Scrafty|Intimidate|boost
|-unboost|p1a: Gholdengo|atk|1
|-unboost|p1b: Basculegion|atk|1
|move|p1b: Basculegion|Flip Turn|p2b: Farigiraf
|-damage|p2b: Farigiraf|86/100
|
|t:|1782250775
|switch|p1b: Incineroar|Incineroar, L50, M|100/100|[from] Flip Turn
|-ability|p1b: Incineroar|Intimidate|boost
|-unboost|p2a: Scrafty|atk|1
|-unboost|p2b: Farigiraf|atk|1
|move|p1a: Gholdengo|Nasty Plot|p1a: Gholdengo
|-boost|p1a: Gholdengo|spa|2
|move|p2a: Scrafty|Knock Off|p1a: Gholdengo
|-supereffective|p1a: Gholdengo|1
|-damage|p1a: Gholdengo|10/100
|-enditem|p1a: Gholdengo|Spell Tag|[from] move: Knock Off|[of] p2a: Scrafty
|move|p2b: Farigiraf|Trick Room|p2b: Farigiraf
|-fieldstart|move: Trick Room|[of] p2b: Farigiraf
|
|upkeep
|turn|2
|
|t:|1782250818
|switch|p1b: Basculegion|Basculegion, L50, M|100/100
|switch|p2a: Milotic|Milotic, L50, F|100/100
|move|p2b: Farigiraf|Psychic|p1a: Gholdengo
|-resisted|p1a: Gholdengo|1
|-damage|p1a: Gholdengo|0 fnt
|faint|p1a: Gholdengo
|
|upkeep
|
|t:|1782250827
|switch|p1a: Charizard|Charizard, L50, F|100/100
|turn|3
|
|t:|1782250875
|switch|p2a: Scrafty|Scrafty-Mega, L50, F|100/100
|-ability|p2a: Scrafty|Intimidate|boost
|-unboost|p1a: Charizard|atk|1
|-unboost|p1b: Basculegion|atk|1
|detailschange|p1a: Charizard|Charizard-Mega-Y, L50, F
|-mega|p1a: Charizard|Charizard|Charizardite Y
|-weather|SunnyDay|[from] ability: Drought|[of] p1a: Charizard
|move|p2b: Farigiraf|Psychic|p1a: Charizard
|-crit|p1a: Charizard
|-damage|p1a: Charizard|55/100
|move|p1a: Charizard|Solar Beam||[still]
|-prepare|p1a: Charizard|Solar Beam
|-anim|p1a: Charizard|Solar Beam|p2a: Scrafty
|-damage|p2a: Scrafty|61/100
|move|p1b: Basculegion|Flip Turn|p2b: Farigiraf
|-damage|p2b: Farigiraf|77/100
|
|t:|1782250889
|switch|p1b: Incineroar|Incineroar, L50, M|100/100|[from] Flip Turn
|-ability|p1b: Incineroar|Intimidate|boost
|-unboost|p2a: Scrafty|atk|1
|-unboost|p2b: Farigiraf|atk|1
|
|-weather|SunnyDay|[upkeep]
|upkeep
|turn|4
|
|t:|1782250904
|switch|p2b: Tyranitar|Tyranitar, L50, F|100/100
|-weather|Sandstorm|[from] ability: Sand Stream|[of] p2b: Tyranitar
|move|p1b: Incineroar|Throat Chop|p2b: Tyranitar
|-resisted|p2b: Tyranitar|1
|-damage|p2b: Tyranitar|88/100
|-start|p2b: Tyranitar|Throat Chop|[silent]
|move|p2a: Scrafty|Knock Off|p1a: Charizard
|-damage|p1a: Charizard|28/100
|move|p1a: Charizard|Heat Wave|p2a: Scrafty|[spread] p2a,p2b
|-resisted|p2b: Tyranitar|1
|-damage|p2a: Scrafty|25/100
|-damage|p2b: Tyranitar|77/100
|-status|p2a: Scrafty|brn
|
|-weather|Sandstorm|[upkeep]
|-damage|p1b: Incineroar|94/100|[from] Sandstorm
|-damage|p2a: Scrafty|19/100 brn|[from] Sandstorm
|-damage|p1a: Charizard|22/100|[from] Sandstorm
|-damage|p2a: Scrafty|13/100 brn|[from] brn
|upkeep
|turn|5
|
|t:|1782250925
|switch|p2a: Milotic|Milotic, L50, F|100/100
|move|p1a: Charizard|Protect|p1a: Charizard
|-singleturn|p1a: Charizard|Protect
|move|p2b: Tyranitar|Knock Off|p1a: Charizard
|-activate|p1a: Charizard|move: Protect
|move|p1b: Incineroar|Parting Shot|p2b: Tyranitar
|-unboost|p2b: Tyranitar|atk|1
|-unboost|p2b: Tyranitar|spa|1
|
|t:|1782250934
|switch|p1b: Basculegion|Basculegion, L50, M|100/100|[from] Parting Shot
|
|-weather|Sandstorm|[upkeep]
|-damage|p2a: Milotic|94/100|[from] Sandstorm
|-damage|p1a: Charizard|16/100|[from] Sandstorm
|-damage|p1b: Basculegion|93/100|[from] Sandstorm
|-heal|p2a: Milotic|100/100|[from] item: Leftovers
|-end|p2b: Tyranitar|Throat Chop|[silent]
|-fieldend|move: Trick Room
|upkeep
|turn|6
|
|t:|1782250948
|switch|p1a: Incineroar|Incineroar, L50, M|94/100
|-ability|p1a: Incineroar|Intimidate|boost
|-unboost|p2a: Milotic|atk|1
|-ability|p2a: Milotic|Competitive|boost
|-boost|p2a: Milotic|spa|2
|-unboost|p2b: Tyranitar|atk|1
|switch|p2b: Scrafty|Scrafty-Mega, L50, F|13/100 brn
|-ability|p2b: Scrafty|Intimidate|boost
|-unboost|p1a: Incineroar|atk|1
|-unboost|p1b: Basculegion|atk|1
|move|p1b: Basculegion|Last Respects|p2a: Milotic
|-damage|p2a: Milotic|64/100
|move|p2a: Milotic|Muddy Water|p1b: Basculegion|[spread] p1a,p1b
|-supereffective|p1a: Incineroar|1
|-resisted|p1b: Basculegion|1
|-damage|p1a: Incineroar|0 fnt
|-damage|p1b: Basculegion|61/100
|faint|p1a: Incineroar
|
|-weather|Sandstorm|[upkeep]
|-damage|p1b: Basculegion|55/100|[from] Sandstorm
|-damage|p2a: Milotic|58/100|[from] Sandstorm
|-damage|p2b: Scrafty|8/100 brn|[from] Sandstorm
|-heal|p2a: Milotic|64/100|[from] item: Leftovers
|-damage|p2b: Scrafty|2/100 brn|[from] brn
|upkeep
|
|t:|1782250976
|switch|p1a: Charizard|Charizard-Mega-Y, L50, F|16/100
|-weather|SunnyDay|[from] ability: Drought|[of] p1a: Charizard
|turn|7
|
|t:|1782250996
|switch|p2b: Farigiraf|Farigiraf, L50, M|77/100
|move|p1b: Basculegion|Last Respects|p2a: Milotic
|-damage|p2a: Milotic|4/100
|move|p1a: Charizard|Heat Wave|p2a: Milotic|[spread] p2a,p2b
|-resisted|p2a: Milotic|1
|-damage|p2a: Milotic|0 fnt
|-damage|p2b: Farigiraf|23/100
|-enditem|p2b: Farigiraf|Sitrus Berry|[eat]
|-heal|p2b: Farigiraf|48/100|[from] item: Sitrus Berry
|faint|p2a: Milotic
|
|-weather|SunnyDay|[upkeep]
|upkeep
|
|t:|1782251008
|switch|p2a: Tyranitar|Tyranitar, L50, F|77/100
|-weather|Sandstorm|[from] ability: Sand Stream|[of] p2a: Tyranitar
|turn|8
|
|t:|1782251017
|move|p1b: Basculegion|Last Respects|p2a: Tyranitar
|-resisted|p2a: Tyranitar|1
|-damage|p2a: Tyranitar|54/100
|move|p1a: Charizard|Weather Ball|p2b: Farigiraf
|-damage|p2b: Farigiraf|13/100
|move|p2a: Tyranitar|Knock Off|p1a: Charizard
|-crit|p1a: Charizard
|-damage|p1a: Charizard|0 fnt
|faint|p1a: Charizard
|move|p2b: Farigiraf|Psychic|p1b: Basculegion
|-damage|p1b: Basculegion|18/100
|
|-weather|Sandstorm|[upkeep]
|-damage|p1b: Basculegion|12/100|[from] Sandstorm
|-damage|p2b: Farigiraf|7/100|[from] Sandstorm
|upkeep
|turn|9
|c|☆RandomSkyrimGuard|ggs
|
|t:|1782251032
|move|p1b: Basculegion|Last Respects|p2a: Tyranitar
|-resisted|p2a: Tyranitar|1
|-damage|p2a: Tyranitar|26/100
|move|p2a: Tyranitar|Knock Off|p1b: Basculegion
|-supereffective|p1b: Basculegion|1
|-damage|p1b: Basculegion|0 fnt
|-enditem|p1b: Basculegion|Choice Scarf|[from] move: Knock Off|[of] p2a: Tyranitar
|faint|p1b: Basculegion
|
|win|RandomSkyrimGuard
|raw|itmaybetime's rating: 1000 → 1000(+0 for losing)
|raw|RandomSkyrimGuard's rating: 1094 → 1113(+19 for winning)
