|j|☆Moon7777
|j|☆nicven
|html|Moon7777nicven    
|uhtml|bestof|Game 2 of a best-of-3
|t:|1756493039
|gametype|doubles
|player|p1|Moon7777|170|1463
|player|p2|nicven|169|1455
|gen|9
|tier|[Gen 9] VGC 2025 Reg H (Bo3)
|rated|
|rule|Species Clause: Limit one of each Pokémon
|rule|Item Clause: Limit 1 of each item
|clearpoke
|poke|p1|Dragonite, L50, F|
|poke|p1|Rillaboom, L50, F|
|poke|p1|Magmar, L50, M|
|poke|p1|Sneasler, L50, M|
|poke|p1|Kingambit, L50, F|
|poke|p1|Basculegion, L50, M|
|poke|p2|Sneasler, L50, F|
|poke|p2|Dragonite, L50, M|
|poke|p2|Rillaboom, L50, M|
|poke|p2|Basculegion, L50, M|
|poke|p2|Volcarona, L50, F|
|poke|p2|Kingambit, L50, M|
|teampreview|4
|showteam|p1|Dragonite||LoadedDice|Multiscale|ScaleShot,Tailwind,Haze,Protect|||F|||50|,,,,,Fairy]Rillaboom||AssaultVest|GrassySurge|WoodHammer,FakeOut,Uturn,GrassyGlide|||F|||50|,,,,,Ghost]Magmar||Eviolite|VitalSpirit|Protect,HeatWave,WillOWisp,FollowMe|||M|||50|,,,,,Ghost]Sneasler||FocusSash|Unburden|Coaching,DireClaw,CloseCombat,Protect|||M|||50|,,,,,Ghost]Kingambit||BlackGlasses|Defiant|KowtowCleave,SwordsDance,SuckerPunch,Protect|||F|||50|,,,,,Fire]Basculegion||ChoiceScarf|Adaptability|WaveCrash,FlipTurn,TeraBlast,LastRespects|||M|||50|,,,,,Fighting
|showteam|p2|Sneasler||FocusSash|Unburden|CloseCombat,DireClaw,Coaching,Protect|||F|||50|,,,,,Ghost]Dragonite||LoadedDice|Multiscale|ScaleShot,ExtremeSpeed,Haze,Protect|||M|||50|,,,,,Fairy]Rillaboom||MiracleSeed|GrassySurge|WoodHammer,GrassyGlide,Taunt,FakeOut|||M|||50|,,,,,Fire]Basculegion||ChoiceScarf|Adaptability|WaveCrash,FlipTurn,LastRespects,TeraBlast|||M|||50|,,,,,Fighting]Volcarona||CovertCloak|FlameBody|HeatWave,TeraBlast,QuiverDance,Protect|||F|||50|,,,,,Fairy]Kingambit||AssaultVest|Defiant|KowtowCleave,SuckerPunch,IronHead,LowKick|||M|||50|,,,,,Flying
|
|t:|1756493069
|teamsize|p1|4
|teamsize|p2|4
|start
|switch|p1a: Sneasler|Sneasler, L50, M|100/100
|switch|p1b: Kingambit|Kingambit, L50, F|100/100
|switch|p2a: Basculegion|Basculegion, L50, M|100/100
|switch|p2b: Kingambit|Kingambit, L50, M|100/100
|turn|1
|inactive|Battle timer is ON: inactive players will automatically lose when time's up. (requested by Moon7777)
|
|t:|1756493113
|-terastallize|p2a: Basculegion|Fighting
|move|p2b: Kingambit|Sucker Punch|p1a: Sneasler
|-resisted|p1a: Sneasler
|-damage|p1a: Sneasler|68/100
|move|p2a: Basculegion|Wave Crash|p1a: Sneasler
|-damage|p1a: Sneasler|0 fnt
|faint|p1a: Sneasler
|-damage|p2a: Basculegion|83/100|[from] Recoil
|move|p1b: Kingambit|Swords Dance|p1b: Kingambit
|-boost|p1b: Kingambit|atk|2
|
|upkeep
|
|t:|1756493133
|switch|p1a: Magmar|Magmar, L50, M|100/100
|turn|2
|inactive|nicven has 30 seconds left.
|inactive|Moon7777 has 30 seconds left.
|inactive|nicven has 20 seconds left.
|inactive|Moon7777 has 20 seconds left.
|inactive|Moon7777 has 15 seconds left.
|
|t:|1756493180
|move|p1b: Kingambit|Sucker Punch|p2a: Basculegion
|-resisted|p2a: Basculegion
|-damage|p2a: Basculegion|20/100
|move|p2a: Basculegion|Wave Crash|p1b: Kingambit
|-damage|p1b: Kingambit|57/100
|-damage|p2a: Basculegion|6/100|[from] Recoil
|move|p1a: Magmar|Will-O-Wisp|p2b: Kingambit
|-status|p2b: Kingambit|brn
|move|p2b: Kingambit|Low Kick|p1b: Kingambit
|-supereffective|p1b: Kingambit
|-damage|p1b: Kingambit|0 fnt
|faint|p1b: Kingambit
|
|-damage|p2b: Kingambit|94/100 brn|[from] brn
|upkeep
|
|t:|1756493184
|switch|p1b: Dragonite|Dragonite, L50, F|100/100
|turn|3
|inactive|nicven has 30 seconds left.
|inactive|nicven has 20 seconds left.
|inactive|nicven has 15 seconds left.
|inactive|nicven has 10 seconds left.
|inactive|nicven has 5 seconds left.
|
|t:|1756493235
|move|p1a: Magmar|Protect|p1a: Magmar
|-singleturn|p1a: Magmar|Protect
|move|p2a: Basculegion|Wave Crash|p1b: Dragonite
|-resisted|p1b: Dragonite
|-damage|p1b: Dragonite|84/100
|-damage|p2a: Basculegion|2/100|[from] Recoil
|move|p1b: Dragonite|Scale Shot|p2a: Basculegion|[miss]
|-miss|p1b: Dragonite|p2a: Basculegion
|move|p2b: Kingambit|Iron Head|p1b: Dragonite
|-damage|p1b: Dragonite|57/100
|
|-damage|p2b: Kingambit|88/100 brn|[from] brn
|upkeep
|turn|4
|
|t:|1756493256
|-terastallize|p1a: Magmar|Ghost
|move|p2a: Basculegion|Wave Crash|p1a: Magmar
|-damage|p1a: Magmar|58/100
|-damage|p2a: Basculegion|0 fnt|[from] Recoil
|faint|p2a: Basculegion
|move|p1b: Dragonite|Scale Shot|p2b: Kingambit
|-resisted|p2b: Kingambit
|-damage|p2b: Kingambit|82/100 brn
|-resisted|p2b: Kingambit
|-damage|p2b: Kingambit|76/100 brn
|-resisted|p2b: Kingambit
|-damage|p2b: Kingambit|69/100 brn
|-resisted|p2b: Kingambit
|-damage|p2b: Kingambit|64/100 brn
|-hitcount|p2b: Kingambit|4
|-unboost|p1b: Dragonite|def|1
|-boost|p1b: Dragonite|spe|1
|move|p1a: Magmar|Heat Wave|p2b: Kingambit
|-supereffective|p2b: Kingambit
|-damage|p2b: Kingambit|19/100 brn
|move|p2b: Kingambit|Kowtow Cleave|p1a: Magmar
|-supereffective|p1a: Magmar
|-damage|p1a: Magmar|19/100
|
|-damage|p2b: Kingambit|13/100 brn|[from] brn
|upkeep
|inactive|nicven has 30 seconds left.
|inactive|nicven has 20 seconds left.
|inactive|nicven has 15 seconds left.
|
|t:|1756493298
|switch|p2a: Dragonite|Dragonite, L50, M|100/100
|turn|5
|
|t:|1756493319
|move|p2a: Dragonite|Protect|p2a: Dragonite
|-singleturn|p2a: Dragonite|Protect
|move|p1a: Magmar|Protect|p1a: Magmar
|-singleturn|p1a: Magmar|Protect
|move|p1b: Dragonite|Scale Shot|p2a: Dragonite
|-activate|p2a: Dragonite|move: Protect
|move|p2b: Kingambit|Kowtow Cleave|p1a: Magmar
|-activate|p1a: Magmar|move: Protect
|
|-damage|p2b: Kingambit|7/100 brn|[from] brn
|upkeep
|turn|6
|
|t:|1756493339
|move|p2a: Dragonite|Extreme Speed|p1b: Dragonite
|-damage|p1b: Dragonite|0 fnt
|faint|p1b: Dragonite
|move|p1a: Magmar|Heat Wave|p2a: Dragonite|[spread] p2a
|-miss|p1a: Magmar|p2b: Kingambit
|-resisted|p2a: Dragonite
|-damage|p2a: Dragonite|95/100
|move|p2b: Kingambit|Kowtow Cleave|p1a: Magmar
|-supereffective|p1a: Magmar
|-damage|p1a: Magmar|0 fnt
|faint|p1a: Magmar
|
|win|nicven
|raw|Moon7777's rating: 1463 → 1443(-20 for losing)
|raw|nicven's rating: 1455 → 1475(+20 for winning)
|l|☆Moon7777
|player|p1|
|c|☆nicven|gg
