|j|☆szczurek2137
|j|☆pranavg_oat
|html|szczurek2137pranavg_oat    
|uhtml|bestof|Game 1 of a best-of-3
|t:|1784279115
|gametype|doubles
|player|p1|szczurek2137|101|1104
|player|p2|pranavg_oat|169|1217
|gen|9
|tier|[Gen 9 Champions] VGC 2026 Reg M-B (Bo3)
|rated|
|rule|Species Clause: Limit one of each Pokémon
|rule|Item Clause: Limit 1 of each item
|clearpoke
|poke|p1|Sneasler, L50, F, shiny|
|poke|p1|Sinistcha, L50, shiny|
|poke|p1|Incineroar, L50, F, shiny|
|poke|p1|Charizard, L50, F, shiny|
|poke|p1|Sylveon, L50, F|
|poke|p1|Kingambit, L50, F, shiny|
|poke|p2|Whimsicott, L50, F|
|poke|p2|Staraptor, L50, M|
|poke|p2|Garchomp, L50, F|
|poke|p2|Gholdengo, L50|
|poke|p2|Basculegion, L50, M|
|poke|p2|Kingambit, L50, M|
|teampreview|4
|showteam|p1|Sneasler||FocusSash|PoisonTouch|FakeOut,GunkShot,CloseCombat,Coaching|Jolly||F|||50|]Sinistcha||SitrusBerry|Hospitality|MatchaGotcha,RagePowder,TrickRoom,LifeDew|Bold|||||50|]Incineroar||ChopleBerry|Intimidate|FlareBlitz,HelpingHand,PartingShot,FakeOut|Impish||F|||50|]Charizard||CharizarditeX|Blaze|FlareBlitz,DragonClaw,DragonDance,Protect|Adamant||F|||50|]Sylveon||FairyFeather|Pixilate|HyperBeam,HyperVoice,Protect,QuickAttack|Modest||F|||50|]Kingambit||LifeOrb|Defiant|KowtowCleave,SuckerPunch,SwordsDance,IronHead|Adamant||F|||50|
|showteam|p2|Whimsicott||FocusSash|Prankster|Charm,Tailwind,Moonblast,Taunt|Timid||F|||50|]Staraptor||Staraptite|Intimidate|CloseCombat,BraveBird,Roost,Protect|Jolly||M|||50|]Garchomp||RoseliBerry|RoughSkin|Earthquake,StompingTantrum,RockSlide,Protect|Jolly||F|||50|]Gholdengo||LifeOrb|GoodasGold|MakeItRain,ShadowBall,PowerGem,Protect|Modest|||||50|]Basculegion||MysticWater|Adaptability|WaveCrash,LastRespects,AquaJet,Protect|Adamant||M|||50|]Kingambit||BlackGlasses|Defiant|SuckerPunch,KowtowCleave,IronHead,Protect|Adamant||M|||50|
|inactive|Battle timer is ON: inactive players will automatically lose when time's up. (requested by pranavg_oat)
|
|t:|1784279170
|teamsize|p1|4
|teamsize|p2|4
|start
|switch|p1a: Sneasler|Sneasler, L50, F, shiny|100/100
|switch|p1b: Sylveon|Sylveon, L50, F|100/100
|switch|p2a: Whimsicott|Whimsicott, L50, F|100/100
|switch|p2b: Staraptor|Staraptor, L50, M|100/100
|-ability|p2b: Staraptor|Intimidate|boost
|-unboost|p1a: Sneasler|atk|1
|-unboost|p1b: Sylveon|atk|1
|turn|1
|inactive|pranavg_oat has 30 seconds left.
|
|t:|1784279198
|detailschange|p2b: Staraptor|Staraptor-Mega, L50, M
|-mega|p2b: Staraptor|Staraptor|Staraptite
|move|p2b: Staraptor|Protect|p2b: Staraptor
|-singleturn|p2b: Staraptor|Protect
|move|p1a: Sneasler|Fake Out|p2a: Whimsicott
|-damage|p2a: Whimsicott|85/100
|cant|p2a: Whimsicott|flinch
|move|p1b: Sylveon|Hyper Beam|p2b: Staraptor
|-activate|p2b: Staraptor|move: Protect
|
|upkeep
|turn|2
|
|t:|1784279223
|move|p2a: Whimsicott|Charm|p2b: Staraptor
|-boost|p2b: Staraptor|atk|2
|move|p1a: Sneasler|Gunk Shot|p2a: Whimsicott
|-supereffective|p2a: Whimsicott|2
|-damage|p2a: Whimsicott|0 fnt
|faint|p2a: Whimsicott
|move|p2b: Staraptor|Brave Bird|p1b: Sylveon
|-damage|p1b: Sylveon|0 fnt
|faint|p1b: Sylveon
|-damage|p2b: Staraptor|62/100|[from] Recoil
|
|upkeep
|
|t:|1784279239
|switch|p2a: Gholdengo|Gholdengo, L50|100/100
|switch|p1b: Charizard|Charizard, L50, F, shiny|100/100
|turn|3
|
|t:|1784279252
|detailschange|p1b: Charizard|Charizard-Mega-X, L50, F, shiny
|-mega|p1b: Charizard|Charizard|Charizardite X
|move|p2a: Gholdengo|Protect|p2a: Gholdengo
|-singleturn|p2a: Gholdengo|Protect
|move|p1a: Sneasler|Coaching|p1b: Charizard
|-boost|p1b: Charizard|atk|1
|-boost|p1b: Charizard|def|1
|move|p2b: Staraptor|Brave Bird|p1b: Charizard
|-damage|p1b: Charizard|14/100
|-damage|p2b: Staraptor|35/100|[from] Recoil
|move|p1b: Charizard|Dragon Dance|p1b: Charizard
|-boost|p1b: Charizard|atk|1
|-boost|p1b: Charizard|spe|1
|
|upkeep
|turn|4
|inactive|szczurek2137 has 30 seconds left.
|
|t:|1784279279
|switch|p1a: Kingambit|Kingambit, L50, F, shiny|100/100
|move|p1b: Charizard|Protect|p1b: Charizard
|-singleturn|p1b: Charizard|Protect
|move|p2b: Staraptor|Close Combat|p1b: Charizard
|-activate|p1b: Charizard|move: Protect
|move|p2a: Gholdengo|Power Gem|p1b: Charizard
|-activate|p1b: Charizard|move: Protect
|
|upkeep
|turn|5
|
|t:|1784279296
|move|p2a: Gholdengo|Protect|p2a: Gholdengo
|-singleturn|p2a: Gholdengo|Protect
|move|p1a: Kingambit|Sucker Punch||[still]
|-fail|p1a: Kingambit
|move|p1b: Charizard|Dragon Claw|p2b: Staraptor
|-crit|p2b: Staraptor
|-damage|p2b: Staraptor|0 fnt
|faint|p2b: Staraptor
|
|upkeep
|
|t:|1784279305
|switch|p2b: Kingambit|Kingambit, L50, M|100/100
|turn|6
|
|t:|1784279319
|move|p1b: Charizard|Protect|p1b: Charizard
|-singleturn|p1b: Charizard|Protect
|move|p1a: Kingambit|Sucker Punch|p2a: Gholdengo
|-supereffective|p2a: Gholdengo|1
|-damage|p2a: Gholdengo|0 fnt
|faint|p2a: Gholdengo
|-damage|p1a: Kingambit|90/100|[from] item: Life Orb
|move|p2b: Kingambit|Kowtow Cleave|p1a: Kingambit
|-resisted|p1a: Kingambit|1
|-damage|p1a: Kingambit|66/100
|
|upkeep
|turn|7
|-message|pranavg_oat forfeited.
|
|win|szczurek2137
||pranavg_oat is ready for game 2.
||szczurek2137 is ready for game 2.
|uhtml|next|Next: Game 2 of 3
|l|☆pranavg_oat
|player|p2|
