|j|☆mangeurdetopcut
|j|☆umbreoffxd
|html|mangeurdetopcutumbreoffxd    
|uhtml|bestof|Game 3 of a best-of-3
|t:|1756667722
|gametype|doubles
|player|p1|mangeurdetopcut|170|1000
|player|p2|umbreoffxd|ingo-hisui|1080
|gen|9
|tier|[Gen 9] VGC 2025 Reg H (Bo3)
|rated|
|rule|Species Clause: Limit one of each Pokémon
|rule|Item Clause: Limit 1 of each item
|clearpoke
|poke|p1|Sneasler, L50, F|
|poke|p1|Indeedee, L50, M|
|poke|p1|Volcarona, L50, F|
|poke|p1|Ursaluna-Bloodmoon, L50, M|
|poke|p1|Annihilape, L50, F|
|poke|p1|Tyranitar, L50, M|
|poke|p2|Ninetales-Alola, L50, F|
|poke|p2|Ursaluna-Bloodmoon, L50, M|
|poke|p2|Baxcalibur, L50, M|
|poke|p2|Incineroar, L50, F|
|poke|p2|Whimsicott, L50, M|
|poke|p2|Gholdengo, L50|
|teampreview|4
|showteam|p1|Sneasler||PsychicSeed|Unburden|CloseCombat,DireClaw,ThroatChop,Protect|||F|||50|,,,,,Dark]Indeedee||ChoiceScarf|PsychicSurge|ExpandingForce,TeraBlast,Trick,Protect|||M|||50|,,,,,Psychic]Volcarona||SitrusBerry|FlameBody|Overheat,StruggleBug,RagePowder,Tailwind|||F|||50|,,,,,Grass]Ursaluna-Bloodmoon||LifeOrb|MindsEye|BloodMoon,HyperVoice,EarthPower,Protect|||M|||50|,,,,,Normal]Annihilape||SafetyGoggles|Defiant|CloseCombat,RageFist,Taunt,FinalGambit|||F|||50|,,,,,Fairy]Tyranitar||AssaultVest|SandStream|RockSlide,KnockOff,TeraBlast,LowKick|||M|||50|,,,,,Flying
|showteam|p2|Ninetales-Alola||FocusSash|SnowWarning|FreezeDry,Blizzard,AuroraVeil,Protect|||F|||50|,,,,,Ghost]Ursaluna-Bloodmoon||SilkScarf|MindsEye|BloodMoon,EarthPower,HyperVoice,Protect|||M|||50|,,,,,Water]Baxcalibur||LoadedDice|ThermalExchange|IcicleSpear,ScaleShot,IceShard,Protect|||M|||50|,,,,,Ghost]Incineroar||AssaultVest|Intimidate|Uturn,FakeOut,FlareBlitz,KnockOff|||F|||50|,,,,,Ghost]Whimsicott||CovertCloak|Prankster|Moonblast,Encore,Tailwind,MistyTerrain|||M|||50|,,,,,Steel]Gholdengo||LifeOrb|GoodasGold|MakeItRain,ShadowBall,NastyPlot,Protect||||||50|,,,,,Water
|
|t:|1756667758
|teamsize|p1|4
|teamsize|p2|4
|start
|switch|p1a: Volcarona|Volcarona, L50, F|100/100
|switch|p1b: Tyranitar|Tyranitar, L50, M|100/100
|switch|p2a: Whimsicott|Whimsicott, L50, M, shiny|100/100
|switch|p2b: Baxcalibur|Baxcalibur, L50, M, shiny|100/100
|-weather|Sandstorm|[from] ability: Sand Stream|[of] p1b: Tyranitar
|turn|1
|
|t:|1756667780
|-terastallize|p2b: Baxcalibur|Ghost
|move|p2a: Whimsicott|Tailwind|p2a: Whimsicott
|-sidestart|p2: umbreoffxd|move: Tailwind
|move|p2b: Baxcalibur|Icicle Spear|p1b: Tyranitar
|-damage|p1b: Tyranitar|86/100
|-damage|p1b: Tyranitar|73/100
|-damage|p1b: Tyranitar|58/100
|-damage|p1b: Tyranitar|44/100
|-hitcount|p1b: Tyranitar|4
|move|p1a: Volcarona|Tailwind|p1a: Volcarona
|-sidestart|p1: mangeurdetopcut|move: Tailwind
|move|p1b: Tyranitar|Low Kick|p2b: Baxcalibur
|-immune|p2b: Baxcalibur
|
|-weather|Sandstorm|[upkeep]
|-damage|p2a: Whimsicott|95/100|[from] Sandstorm
|-damage|p1a: Volcarona|94/100|[from] Sandstorm
|-damage|p2b: Baxcalibur|94/100|[from] Sandstorm
|upkeep
|turn|2
|
|t:|1756667814
|move|p2a: Whimsicott|Encore|p1a: Volcarona
|-start|p1a: Volcarona|Encore
|move|p1a: Volcarona|Tailwind||[still]
|-fail|p1a: Volcarona
|move|p2b: Baxcalibur|Icicle Spear|p1b: Tyranitar
|-damage|p1b: Tyranitar|28/100
|-damage|p1b: Tyranitar|14/100
|-damage|p1b: Tyranitar|0 fnt
|faint|p1b: Tyranitar
|-hitcount|p1: Tyranitar|3
|
|-weather|Sandstorm|[upkeep]
|-damage|p2a: Whimsicott|89/100|[from] Sandstorm
|-damage|p1a: Volcarona|88/100|[from] Sandstorm
|-damage|p2b: Baxcalibur|88/100|[from] Sandstorm
|upkeep
|
|t:|1756667826
|switch|p1b: Annihilape|Annihilape, L50, F|100/100
|turn|3
|
|t:|1756667835
|switch|p1a: Sneasler|Sneasler, L50, F|100/100
|move|p2a: Whimsicott|Moonblast|p1b: Annihilape
|-supereffective|p1b: Annihilape
|-damage|p1b: Annihilape|52/100
|move|p1b: Annihilape|Taunt|p2a: Whimsicott
|-start|p2a: Whimsicott|move: Taunt
|move|p2b: Baxcalibur|Icicle Spear|p1b: Annihilape
|-damage|p1b: Annihilape|35/100
|-damage|p1b: Annihilape|19/100
|-damage|p1b: Annihilape|3/100
|-damage|p1b: Annihilape|0 fnt
|faint|p1b: Annihilape
|-hitcount|p1: Annihilape|4
|
|-weather|Sandstorm|[upkeep]
|-damage|p1a: Sneasler|95/100|[from] Sandstorm
|-damage|p2a: Whimsicott|83/100|[from] Sandstorm
|-damage|p2b: Baxcalibur|82/100|[from] Sandstorm
|upkeep
|
|t:|1756667851
|switch|p1b: Volcarona|Volcarona, L50, F|88/100
|turn|4
|
|t:|1756667865
|switch|p2a: Gholdengo|Gholdengo, L50|100/100
|-terastallize|p1a: Sneasler|Dark
|move|p1a: Sneasler|Throat Chop|p2b: Baxcalibur
|-supereffective|p2b: Baxcalibur
|-damage|p2b: Baxcalibur|0 fnt
|faint|p2b: Baxcalibur
|move|p1b: Volcarona|Overheat|p2a: Gholdengo
|-supereffective|p2a: Gholdengo
|-damage|p2a: Gholdengo|0 fnt
|-unboost|p1b: Volcarona|spa|2
|faint|p2a: Gholdengo
|
|-weather|Sandstorm|[upkeep]
|-damage|p1a: Sneasler|89/100|[from] Sandstorm
|-damage|p1b: Volcarona|82/100|[from] Sandstorm
|-sideend|p2: umbreoffxd|move: Tailwind
|-sideend|p1: mangeurdetopcut|move: Tailwind
|upkeep
|
|t:|1756667874
|switch|p2b: Whimsicott|Whimsicott, L50, M, shiny|83/100
|switch|p2a: Ursaluna|Ursaluna-Bloodmoon, L50, M|100/100
|turn|5
|
|t:|1756667890
|move|p2b: Whimsicott|Tailwind|p2b: Whimsicott
|-sidestart|p2: umbreoffxd|move: Tailwind
|move|p2a: Ursaluna|Hyper Voice|p1a: Sneasler|[spread] p1a,p1b
|-damage|p1a: Sneasler|27/100
|-damage|p1b: Volcarona|43/100
|-enditem|p1b: Volcarona|Sitrus Berry|[eat]
|-heal|p1b: Volcarona|68/100|[from] item: Sitrus Berry
|move|p1a: Sneasler|Throat Chop|p2b: Whimsicott
|-resisted|p2b: Whimsicott
|-damage|p2b: Whimsicott|54/100
|move|p1b: Volcarona|Overheat|p2b: Whimsicott
|-supereffective|p2b: Whimsicott
|-damage|p2b: Whimsicott|0 fnt
|-unboost|p1b: Volcarona|spa|2
|faint|p2b: Whimsicott
|
|-weather|none
|upkeep
|turn|6
|
|t:|1756667917
|move|p2a: Ursaluna|Blood Moon|p1b: Volcarona
|-damage|p1b: Volcarona|0 fnt
|faint|p1b: Volcarona
|move|p1a: Sneasler|Throat Chop|p2a: Ursaluna
|-damage|p2a: Ursaluna|69/100
|-start|p2a: Ursaluna|Throat Chop|[silent]
|
|upkeep
|turn|7
|
|t:|1756667925
|move|p1a: Sneasler|Protect|p1a: Sneasler
|-singleturn|p1a: Sneasler|Protect
|move|p2a: Ursaluna|Earth Power|p1a: Sneasler
|-activate|p1a: Sneasler|move: Protect
|
|-end|p2a: Ursaluna|Throat Chop|[silent]
|upkeep
|turn|8
|
|t:|1756667935
|move|p1a: Sneasler|Protect|p1a: Sneasler
|-singleturn|p1a: Sneasler|Protect
|move|p2a: Ursaluna|Hyper Voice|p1a: Sneasler
|-activate|p1a: Sneasler|move: Protect
|
|-sideend|p2: umbreoffxd|move: Tailwind
|upkeep
|turn|9
|
|t:|1756667947
|move|p1a: Sneasler|Close Combat|p2a: Ursaluna
|-supereffective|p2a: Ursaluna
|-damage|p2a: Ursaluna|0 fnt
|-unboost|p1a: Sneasler|def|1
|-unboost|p1a: Sneasler|spd|1
|faint|p2a: Ursaluna
|
|win|mangeurdetopcut
|raw|mangeurdetopcut's rating: 1000 → 1049(+49 for winning)
|raw|umbreoffxd's rating: 1080 → 1053(-27 for losing)
|c|☆mangeurdetopcut|ggwp
