|j|☆ultraclaw1
|j|☆new mental
|html|ultraclaw1new mental    
|uhtml|bestof|Game 3 of a best-of-3
|t:|1786105425
|gametype|doubles
|player|p1|ultraclaw1|brycenman|1398
|player|p2|new mental|volkner|1270
|gen|9
|tier|[Gen 9 Champions] VGC 2026 Reg M-B (Bo3)
|rated|
|rule|Species Clause: Limit one of each Pokémon
|rule|Item Clause: Limit 1 of each item
|clearpoke
|poke|p1|Maushold, L50|
|poke|p1|Kingambit, L50, M|
|poke|p1|Garchomp, L50, M|
|poke|p1|Basculegion, L50, M|
|poke|p1|Talonflame, L50, F|
|poke|p1|Floette-Eternal, L50, F|
|poke|p2|Charizard, L50, M|
|poke|p2|Garchomp, L50, F|
|poke|p2|Incineroar, L50, M|
|poke|p2|Venusaur, L50, M|
|poke|p2|Toxapex, L50, F|
|poke|p2|Sylveon, L50, F|
|teampreview|4
|showteam|p1|Maushold||FocusSash|FriendGuard|SuperFang,Taunt,FollowMe,Protect|Timid|||||50|]Kingambit||ChopleBerry|Defiant|KowtowCleave,SuckerPunch,LowKick,IronHead|Adamant||M|||50|]Garchomp||LifeOrb|RoughSkin|RockSlide,Earthquake,DragonClaw,Protect|Jolly||M|||50|]Basculegion||MysticWater|Adaptability|WaveCrash,LastRespects,AquaJet,Protect|Adamant||M|||50|]Talonflame||SharpBeak|GaleWings|QuickGuard,DualWingbeat,Tailwind,Protect|Jolly||F|||50|]Floette-Eternal||Floettite|FlowerVeil|LightofRuin,Protect,Moonblast,DazzlingGleam|Modest||F|||50|
|showteam|p2|Charizard||CharizarditeY|Blaze|WeatherBall,HeatWave,AncientPower,Protect|Modest||M|||50|]Garchomp||ChoiceScarf|RoughSkin|RockSlide,DragonClaw,Earthquake,StompingTantrum|Adamant||F|||50|]Incineroar||SitrusBerry|Intimidate|FlareBlitz,FakeOut,DarkestLariat,PartingShot|Impish||M|||50|]Venusaur||LifeOrb|Chlorophyll|SludgeBomb,LeafStorm,EarthPower,Protect|Modest||M|||50|]Toxapex||Leftovers|Regenerator|Infestation,Toxic,WideGuard,BanefulBunker|Bold||F|||50|]Sylveon||FairyFeather|Pixilate|HyperVoice,QuickAttack,Yawn,Detect|Modest||F|||50|
|inactive|Battle timer is ON: inactive players will automatically lose when time's up. (requested by ultraclaw1)
|inactive|ultraclaw1 has 60 seconds left.
|
|t:|1786105462
|teamsize|p1|4
|teamsize|p2|4
|start
|switch|p1a: Floette|Floette-Eternal, L50, F|100/100
|switch|p1b: Talonflame|Talonflame, L50, F|100/100
|switch|p2a: Sylveon|Sylveon, L50, F|100/100
|switch|p2b: Toxapex|Toxapex, L50, F|100/100
|turn|1
|
|t:|1786105473
|detailschange|p1a: Floette|Floette-Mega, L50, F
|-mega|p1a: Floette|Floette|Floettite
|-ability|p1a: Floette|Fairy Aura
|move|p1b: Talonflame|Dual Wingbeat|p2a: Sylveon
|-damage|p2a: Sylveon|80/100
|-damage|p2a: Sylveon|60/100
|-hitcount|p2a: Sylveon|2
|move|p1a: Floette|Moonblast|p2a: Sylveon
|-damage|p2a: Sylveon|4/100
|move|p2a: Sylveon|Hyper Voice|p1a: Floette|[spread] p1a,p1b
|-crit|p1a: Floette
|-resisted|p1b: Talonflame|1
|-damage|p1a: Floette|31/100
|-damage|p1b: Talonflame|56/100
|move|p2b: Toxapex|Toxic|p1a: Floette
|-status|p1a: Floette|tox
|
|-damage|p1a: Floette|25/100 tox|[from] psn
|upkeep
|turn|2
|
|t:|1786105479
|move|p2a: Sylveon|Detect|p2a: Sylveon
|-singleturn|p2a: Sylveon|Protect
|move|p1b: Talonflame|Tailwind|p1b: Talonflame
|-sidestart|p1: ultraclaw1|move: Tailwind
|move|p1a: Floette|Dazzling Gleam|p2a: Sylveon|[spread] p2b
|-activate|p2a: Sylveon|move: Protect
|-resisted|p2b: Toxapex|1
|-damage|p2b: Toxapex|80/100
|move|p2b: Toxapex|Toxic|p1b: Talonflame
|-status|p1b: Talonflame|tox
|
|-heal|p2b: Toxapex|85/100|[from] item: Leftovers
|-damage|p1b: Talonflame|50/100g tox|[from] psn
|-damage|p1a: Floette|14/100 tox|[from] psn
|upkeep
|turn|3
|
|t:|1786105488
|switch|p2a: Charizard|Charizard, L50, M|100/100
|move|p1b: Talonflame|Dual Wingbeat|p2a: Charizard
|-damage|p2a: Charizard|78/100
|-damage|p2a: Charizard|59/100
|-hitcount|p2a: Charizard|2
|move|p1a: Floette|Moonblast|p2b: Toxapex
|-resisted|p2b: Toxapex|1
|-damage|p2b: Toxapex|56/100
|move|p2b: Toxapex|Infestation|p1b: Talonflame
|-resisted|p1b: Talonflame|2
|-damage|p1b: Talonflame|50/100g tox
|-activate|p1b: Talonflame|move: Infestation|[of] p2b: Toxapex
|
|-heal|p2b: Toxapex|61/100|[from] item: Leftovers
|-damage|p1b: Talonflame|38/100 tox|[from] psn
|-damage|p1a: Floette|0 fnt|[from] psn
|faint|p1a: Floette
|-damage|p1b: Talonflame|26/100 tox|[from] move: Infestation|[partiallytrapped]
|upkeep
|
|t:|1786105491
|switch|p1a: Garchomp|Garchomp, L50, M|100/100
|turn|4
|
|t:|1786105503
|move|p2a: Charizard|Protect|p2a: Charizard
|-singleturn|p2a: Charizard|Protect
|move|p1b: Talonflame|Dual Wingbeat|p2a: Charizard
|-activate|p2a: Charizard|move: Protect
|move|p1a: Garchomp|Earthquake|p2b: Toxapex|[spread] p2b
|-activate|p2a: Charizard|move: Protect
|-immune|p1b: Talonflame
|-supereffective|p2b: Toxapex|1
|-damage|p2b: Toxapex|0 fnt
|faint|p2b: Toxapex
|-damage|p1a: Garchomp|90/100|[from] item: Life Orb
|
|-damage|p1b: Talonflame|9/100 tox|[from] psn
|-end|p1b: Talonflame|Infestation|[partiallytrapped]|[silent]
|upkeep
|
|t:|1786105512
|switch|p2b: Sylveon|Sylveon, L50, F|4/100
|turn|5
|
|t:|1786105530
|switch|p2a: Venusaur|Venusaur, L50, M|100/100
|move|p2b: Sylveon|Detect|p2b: Sylveon
|-singleturn|p2b: Sylveon|Protect
|move|p1b: Talonflame|Dual Wingbeat|p2a: Venusaur
|-supereffective|p2a: Venusaur|1
|-damage|p2a: Venusaur|50/100g
|-supereffective|p2a: Venusaur|1
|-damage|p2a: Venusaur|1/100
|-hitcount|p2a: Venusaur|2
|move|p1a: Garchomp|Rock Slide|p2a: Venusaur|[spread] p2a
|-activate|p2b: Sylveon|move: Protect
|-damage|p2a: Venusaur|0 fnt
|faint|p2a: Venusaur
|-damage|p1a: Garchomp|80/100|[from] item: Life Orb
|
|-damage|p1b: Talonflame|0 fnt|[from] psn
|faint|p1b: Talonflame
|-sideend|p1: ultraclaw1|move: Tailwind
|upkeep
|
|t:|1786105533
|switch|p1b: Basculegion|Basculegion, L50, M|100/100
|switch|p2a: Charizard|Charizard, L50, M|59/100
|turn|6
|
|t:|1786105540
|detailschange|p2a: Charizard|Charizard-Mega-Y, L50, M
|-mega|p2a: Charizard|Charizard|Charizardite Y
|-weather|SunnyDay|[from] ability: Drought|[of] p2a: Charizard
|move|p1b: Basculegion|Aqua Jet|p2b: Sylveon
|-damage|p2b: Sylveon|0 fnt
|faint|p2b: Sylveon
|move|p1a: Garchomp|Dragon Claw|p2a: Charizard
|-damage|p2a: Charizard|0 fnt
|faint|p2a: Charizard
|-damage|p1a: Garchomp|70/100|[from] item: Life Orb
|
|win|ultraclaw1
|raw|ultraclaw1's rating: 1398 → 1411(+13 for winning)
|raw|new mental's rating: 1270 → 1254(-16 for losing)
