|j|☆Aksiz
|j|☆Koraidonkoalition
|html|AksizKoraidonkoalition    
|uhtml|bestof|Game 1 of a best-of-3
|t:|1785081964
|gametype|doubles
|player|p1|Aksiz|veteran|1062
|player|p2|Koraidonkoalition|colress|1150
|gen|9
|tier|[Gen 9 Champions] VGC 2026 Reg M-B (Bo3)
|rated|
|rule|Species Clause: Limit one of each Pokémon
|rule|Item Clause: Limit 1 of each item
|clearpoke
|poke|p1|Garchomp, L50, M|
|poke|p1|Delphox, L50, F, shiny|
|poke|p1|Maushold-Four, L50|
|poke|p1|Aerodactyl, L50, F|
|poke|p1|Farigiraf, L50, M|
|poke|p1|Ninetales-Alola, L50, F|
|poke|p2|Tyranitar, L50, F|
|poke|p2|Excadrill, L50, F|
|poke|p2|Milotic, L50, F|
|poke|p2|Sinistcha, L50|
|poke|p2|Staraptor, L50, M|
|poke|p2|Gholdengo, L50|
|teampreview|4
|showteam|p1|Garchomp||LifeOrb|SandVeil|Earthquake,RockSlide,SwordsDance,Protect|Jolly||M|||50|]Delphox||Delphoxite|Blaze|Psychic,HeatWave,NastyPlot,Protect|Timid||F|||50|]Maushold-Four||ChopleBerry|FriendGuard|FollowMe,Protect,SuperFang,SunnyDay|Bold|||||50|]Aerodactyl||FocusSash|RockHead|WideGuard,DualWingbeat,SunnyDay,Protect|Jolly||F|||50|]Farigiraf||SitrusBerry|CudChew|Protect,TrickRoom,GrassKnot,FoulPlay|Calm||M|||50|]Ninetales-Alola||LightClay|SnowWarning|AuroraVeil,Blizzard,FreezeDry,Encore|Timid||F|||50|
|showteam|p2|Tyranitar||Tyranitarite|SandStream|KnockOff,RockSlide,LowKick,Protect|Jolly||F|||50|]Excadrill||FocusSash|SandRush|Earthquake,IronHead,RockSlide,Protect|Adamant||F|||50|]Milotic||SitrusBerry|Competitive|Scald,IcyWind,Haze,Protect|Calm||F|||50|]Sinistcha||ColburBerry|Hospitality|MatchaGotcha,ShadowBall,Protect,RagePowder|Bold|||||50|]Staraptor||Staraptite|Intimidate|CloseCombat,BraveBird,Tailwind,Protect|Jolly||M|||50|]Gholdengo||LifeOrb|GoodasGold|MakeItRain,ShadowBall,NastyPlot,Protect|Modest|||||50|
|inactive|Battle timer is ON: inactive players will automatically lose when time's up. (requested by Aksiz)
|
|t:|1785082026
|teamsize|p1|4
|teamsize|p2|4
|start
|switch|p1a: Farigiraf|Farigiraf, L50, M|100/100
|switch|p1b: Delphox|Delphox, L50, F, shiny|100/100
|switch|p2a: Milotic|Milotic, L50, F|100/100
|switch|p2b: Staraptor|Staraptor, L50, M|100/100
|-ability|p2b: Staraptor|Intimidate|boost
|-unboost|p1a: Farigiraf|atk|1
|-unboost|p1b: Delphox|atk|1
|turn|1
|inactive|Aksiz has 30 seconds left.
|
|t:|1785082059
|move|p2b: Staraptor|Protect|p2b: Staraptor
|-singleturn|p2b: Staraptor|Protect
|move|p1b: Delphox|Protect|p1b: Delphox
|-singleturn|p1b: Delphox|Protect
|move|p2a: Milotic|Icy Wind|p1a: Farigiraf|[spread] p1a
|-activate|p1b: Delphox|move: Protect
|-damage|p1a: Farigiraf|90/100
|-unboost|p1a: Farigiraf|spe|1
|move|p1a: Farigiraf|Foul Play|p2b: Staraptor
|-activate|p2b: Staraptor|move: Protect
|
|upkeep
|turn|2
|inactive|Aksiz has 30 seconds left.
|
|t:|1785082087
|switch|p2b: Tyranitar|Tyranitar, L50, F|100/100
|-weather|Sandstorm|[from] ability: Sand Stream|[of] p2b: Tyranitar
|switch|p1a: Ninetales|Ninetales-Alola, L50, F|100/100
|-weather|Snowscape|[from] ability: Snow Warning|[of] p1a: Ninetales
|detailschange|p1b: Delphox|Delphox-Mega, L50, F, shiny
|-mega|p1b: Delphox|Delphox|Delphoxite
|move|p1b: Delphox|Nasty Plot|p1b: Delphox
|-boost|p1b: Delphox|spa|2
|move|p2a: Milotic|Scald|p1b: Delphox
|-supereffective|p1b: Delphox|1
|-damage|p1b: Delphox|49/100
|
|-weather|Snowscape|[upkeep]
|upkeep
|turn|3
|
|t:|1785082107
|detailschange|p2b: Tyranitar|Tyranitar-Mega, L50, F
|-mega|p2b: Tyranitar|Tyranitar|Tyranitarite
|-weather|Sandstorm|[from] ability: Sand Stream|[of] p2b: Tyranitar
|move|p1b: Delphox|Protect|p1b: Delphox
|-singleturn|p1b: Delphox|Protect
|move|p2a: Milotic|Protect|p2a: Milotic
|-singleturn|p2a: Milotic|Protect
|move|p1a: Ninetales|Aurora Veil||[still]
|-fail|p1a: Ninetales
|move|p2b: Tyranitar|Rock Slide|p1a: Ninetales|[spread] p1a
|-activate|p1b: Delphox|move: Protect
|-supereffective|p1a: Ninetales|1
|-damage|p1a: Ninetales|14/100
|
|-weather|Sandstorm|[upkeep]
|-damage|p1b: Delphox|43/100|[from] Sandstorm
|-damage|p1a: Ninetales|8/100|[from] Sandstorm
|-damage|p2a: Milotic|94/100|[from] Sandstorm
|upkeep
|turn|4
|inactive|Aksiz has 30 seconds left.
|
|t:|1785082136
|switch|p1b: Farigiraf|Farigiraf, L50, M|90/100
|switch|p2a: Excadrill|Excadrill, L50, F|100/100
|move|p1a: Ninetales|Encore||[still]
|-fail|p1a: Ninetales
|move|p2b: Tyranitar|Rock Slide|p1a: Ninetales|[spread] p1a,p1b
|-supereffective|p1a: Ninetales|1
|-damage|p1a: Ninetales|0 fnt
|-damage|p1b: Farigiraf|63/100
|faint|p1a: Ninetales
|
|-weather|Sandstorm|[upkeep]
|-damage|p1b: Farigiraf|57/100|[from] Sandstorm
|upkeep
|
|t:|1785082148
|switch|p1a: Maushold|Maushold-Four, L50|100/100
|turn|5
|
|t:|1785082160
|move|p2a: Excadrill|Rock Slide|p1a: Maushold|[spread] p1a
|-miss|p2a: Excadrill|p1b: Farigiraf
|-damage|p1a: Maushold|76/100
|move|p2b: Tyranitar|Rock Slide|p1b: Farigiraf|[spread] p1a,p1b
|-damage|p1a: Maushold|44/100
|-damage|p1b: Farigiraf|37/100
|-enditem|p1b: Farigiraf|Sitrus Berry|[eat]
|-heal|p1b: Farigiraf|62/100|[from] item: Sitrus Berry
|cant|p1a: Maushold|flinch
|cant|p1b: Farigiraf|flinch
|
|-weather|Sandstorm|[upkeep]
|-damage|p1a: Maushold|38/100|[from] Sandstorm
|-damage|p1b: Farigiraf|56/100|[from] Sandstorm
|upkeep
|turn|6
|
|t:|1785082178
|move|p2a: Excadrill|Rock Slide|p1a: Maushold|[spread] p1a
|-miss|p2a: Excadrill|p1b: Farigiraf
|-damage|p1a: Maushold|15/100
|move|p2b: Tyranitar|Rock Slide|p1b: Farigiraf|[spread] p1a,p1b
|-damage|p1a: Maushold|0 fnt
|-damage|p1b: Farigiraf|34/100
|faint|p1a: Maushold
|move|p1b: Farigiraf|Grass Knot|p2a: Excadrill
|-damage|p2a: Excadrill|78/100
|
|-weather|Sandstorm|[upkeep]
|-damage|p1b: Farigiraf|28/100|[from] Sandstorm
|-activate|p1b: Farigiraf|ability: Cud Chew
|-enditem|p1b: Farigiraf|Sitrus Berry|[eat]
|-heal|p1b: Farigiraf|53/100|[from] item: Sitrus Berry
|upkeep
|
|t:|1785082192
|switch|p1a: Delphox|Delphox-Mega, L50, F, shiny|43/100
|turn|7
|
|t:|1785082196
|move|p1a: Delphox|Protect|p1a: Delphox
|-singleturn|p1a: Delphox|Protect
|move|p1b: Farigiraf|Protect|p1b: Farigiraf
|-singleturn|p1b: Farigiraf|Protect
|move|p2a: Excadrill|Rock Slide|p1b: Farigiraf|[spread] 
|-activate|p1a: Delphox|move: Protect
|-activate|p1b: Farigiraf|move: Protect
|move|p2b: Tyranitar|Rock Slide|p1b: Farigiraf|[spread] 
|-activate|p1a: Delphox|move: Protect
|-activate|p1b: Farigiraf|move: Protect
|
|-weather|none
|upkeep
|turn|8
|
|t:|1785082214
|switch|p2a: Milotic|Milotic, L50, F|94/100
|move|p1a: Delphox|Heat Wave|p2b: Tyranitar|[spread] p2a,p2b
|-resisted|p2a: Milotic|1
|-resisted|p2b: Tyranitar|1
|-damage|p2a: Milotic|81/100
|-damage|p2b: Tyranitar|84/100
|-status|p2b: Tyranitar|brn
|move|p2b: Tyranitar|Rock Slide|p1a: Delphox|[spread] p1a,p1b
|-supereffective|p1a: Delphox|1
|-damage|p1a: Delphox|2/100
|-damage|p1b: Farigiraf|39/100
|move|p1b: Farigiraf|Grass Knot|p2b: Tyranitar
|-supereffective|p2b: Tyranitar|1
|-damage|p2b: Tyranitar|37/100 brn
|
|-damage|p2b: Tyranitar|31/100 brn|[from] brn
|upkeep
|turn|9
|
|t:|1785082231
|move|p1a: Delphox|Protect|p1a: Delphox
|-singleturn|p1a: Delphox|Protect
|move|p2b: Tyranitar|Rock Slide|p1b: Farigiraf|[spread] p1b
|-activate|p1a: Delphox|move: Protect
|-damage|p1b: Farigiraf|26/100
|move|p2a: Milotic|Scald|p1b: Farigiraf
|-damage|p1b: Farigiraf|1/100
|-status|p1b: Farigiraf|brn
|move|p1b: Farigiraf|Grass Knot|p2b: Tyranitar
|-supereffective|p2b: Tyranitar|1
|-damage|p2b: Tyranitar|0 fnt
|faint|p2b: Tyranitar
|
|-damage|p1b: Farigiraf|0 fnt|[from] brn
|faint|p1b: Farigiraf
|upkeep
|
|t:|1785082240
|switch|p2b: Staraptor|Staraptor, L50, M|100/100
|-ability|p2b: Staraptor|Intimidate|boost
|-unboost|p1a: Delphox|atk|1
|turn|10
|
|t:|1785082251
|move|p1a: Delphox|Psychic|p2a: Milotic
|-damage|p2a: Milotic|49/100
|-enditem|p2a: Milotic|Sitrus Berry|[eat]
|-heal|p2a: Milotic|74/100|[from] item: Sitrus Berry
|move|p2b: Staraptor|Tailwind|p2b: Staraptor
|-sidestart|p2: Koraidonkoalition|move: Tailwind
|move|p2a: Milotic|Scald|p1a: Delphox
|-supereffective|p1a: Delphox|1
|-damage|p1a: Delphox|0 fnt
|faint|p1a: Delphox
|
|win|Koraidonkoalition
