|j|☆tizio20
|j|☆Gottkomplexe
|html|tizio20Gottkomplexe    
|uhtml|bestof|Game 3 of a best-of-3
|t:|1785350612
|gametype|doubles
|player|p1|tizio20|169|
|player|p2|Gottkomplexe|ilima|
|gen|9
|tier|[Gen 9 Champions] VGC 2026 Reg M-B (Bo3)
|rule|Species Clause: Limit one of each Pokémon
|rule|Item Clause: Limit 1 of each item
|clearpoke
|poke|p1|Blastoise, L50, M|
|poke|p1|Delphox, L50, F|
|poke|p1|Incineroar, L50, F|
|poke|p1|Sneasler, L50, M|
|poke|p1|Sinistcha, L50|
|poke|p1|Kingambit, L50, F|
|poke|p2|Staraptor, L50, M|
|poke|p2|Charizard, L50, M|
|poke|p2|Glimmora, L50, M|
|poke|p2|Whimsicott, L50, F|
|poke|p2|Basculegion, L50, M|
|poke|p2|Garchomp, L50, M|
|teampreview|4
|showteam|p1|Blastoise||Blastoisinite|RainDish|WaterSpout,DarkPulse,ShellSmash,Protect|Modest||M|||50|]Delphox||Delphoxite|Blaze|HeatWave,Psyshock,NastyPlot,Protect|Modest||F|||50|]Incineroar||SitrusBerry|Intimidate|FakeOut,FlareBlitz,HelpingHand,PartingShot|Careful||F|||50|]Sneasler||FocusSash|PoisonTouch|PoisonJab,CloseCombat,FakeOut,QuickGuard|Jolly||M|||50|]Sinistcha||KasibBerry|Hospitality|MatchaGotcha,RagePowder,TrickRoom,Protect|Bold|||||50|]Kingambit||BlackGlasses|Defiant|KowtowCleave,SuckerPunch,SwordsDance,Protect|Adamant||F|||50|
|showteam|p2|Staraptor||Staraptite|Intimidate|DualWingbeat,CloseCombat,Tailwind,Protect|Jolly||M|||50|]Charizard||CharizarditeY|Blaze|HeatWave,SolarBeam,WeatherBall,Protect|Modest||M|||50|]Glimmora||FocusSash|ToxicDebris|PowerGem,SludgeBomb,EarthPower,SpikyShield|Modest||M|||50|]Whimsicott||LifeOrb|Prankster|Moonblast,Encore,Tailwind,Protect|Modest||F|||50|]Basculegion||ChoiceScarf|Adaptability|WaveCrash,LastRespects,AquaJet,FlipTurn|Jolly||M|||50|]Garchomp||SitrusBerry|RoughSkin|Earthquake,RockSlide,PoisonJab,Protect|Adamant||M|||50|
|inactive|Battle timer is ON: inactive players will automatically lose when time's up. (requested by Gottkomplexe)
|inactive|Gottkomplexe has 60 seconds left.
|
|t:|1785350654
|teamsize|p1|4
|teamsize|p2|4
|start
|switch|p1a: Delphox|Delphox, L50, F|100/100
|switch|p1b: Incineroar|Incineroar, L50, F|100/100
|switch|p2a: Charizard|Charizard, L50, M|100/100
|switch|p2b: Glimmora|Glimmora, L50, M|100/100
|-ability|p1b: Incineroar|Intimidate|boost
|-unboost|p2a: Charizard|atk|1
|-unboost|p2b: Glimmora|atk|1
|turn|1
|
|t:|1785350666
|detailschange|p1a: Delphox|Delphox-Mega, L50, F
|-mega|p1a: Delphox|Delphox|Delphoxite
|detailschange|p2a: Charizard|Charizard-Mega-Y, L50, M
|-mega|p2a: Charizard|Charizard|Charizardite Y
|-weather|SunnyDay|[from] ability: Drought|[of] p2a: Charizard
|move|p2b: Glimmora|Spiky Shield|p2b: Glimmora
|-singleturn|p2b: Glimmora|move: Protect
|move|p1b: Incineroar|Fake Out|p2b: Glimmora
|-activate|p2b: Glimmora|move: Protect
|-damage|p1b: Incineroar|87/100|[from] Spiky Shield|[of] p2b: Glimmora
|move|p1a: Delphox|Nasty Plot|p1a: Delphox
|-boost|p1a: Delphox|spa|2
|move|p2a: Charizard|Weather Ball|p1a: Delphox
|-resisted|p1a: Delphox|1
|-damage|p1a: Delphox|59/100
|
|-weather|SunnyDay|[upkeep]
|upkeep
|turn|2
|
|t:|1785350687
|switch|p2a: Whimsicott|Whimsicott, L50, F|100/100
|switch|p1b: Sinistcha|Sinistcha, L50|100/100
|-heal|p1a: Delphox|84/100|[from] ability: Hospitality|[of] p1b: Sinistcha
|move|p1a: Delphox|Protect|p1a: Delphox
|-singleturn|p1a: Delphox|Protect
|move|p2b: Glimmora|Power Gem|p1a: Delphox
|-activate|p1a: Delphox|move: Protect
|
|-weather|SunnyDay|[upkeep]
|upkeep
|turn|3
|
|t:|1785350707
|switch|p1a: Sneasler|Sneasler, L50, M|100/100
|move|p2a: Whimsicott|Encore||[still]
|-fail|p2a: Whimsicott
|move|p2b: Glimmora|Sludge Bomb|p1b: Sinistcha
|-damage|p1b: Sinistcha|54/100
|move|p1b: Sinistcha|Matcha Gotcha|p2a: Whimsicott|[spread] p2a,p2b
|-resisted|p2a: Whimsicott|1
|-damage|p2a: Whimsicott|81/100
|-heal|p1b: Sinistcha|62/100|[from] drain|[of] p2a: Whimsicott
|-damage|p2b: Glimmora|67/100
|-heal|p1b: Sinistcha|76/100|[from] drain|[of] p2b: Glimmora
|-status|p2a: Whimsicott|brn
|
|-weather|SunnyDay|[upkeep]
|-damage|p2a: Whimsicott|75/100 brn|[from] brn
|upkeep
|turn|4
|inactive|tizio20 has 30 seconds left.
|inactive|Gottkomplexe has 30 seconds left.
|inactive|Gottkomplexe has 20 seconds left.
|
|t:|1785350752
|move|p2a: Whimsicott|Tailwind|p2a: Whimsicott
|-sidestart|p2: Gottkomplexe|move: Tailwind
|move|p2b: Glimmora|Earth Power|p1a: Sneasler
|-supereffective|p1a: Sneasler|1
|-damage|p1a: Sneasler|3/100
|move|p1a: Sneasler|Poison Jab|p2a: Whimsicott
|-supereffective|p2a: Whimsicott|2
|-damage|p2a: Whimsicott|0 fnt
|faint|p2a: Whimsicott
|move|p1b: Sinistcha|Trick Room|p1b: Sinistcha
|-fieldstart|move: Trick Room|[of] p1b: Sinistcha
|
|-weather|SunnyDay|[upkeep]
|upkeep
|
|t:|1785350774
|switch|p2a: Charizard|Charizard-Mega-Y, L50, M|100/100
|turn|5
|
|t:|1785350784
|move|p1b: Sinistcha|Protect|p1b: Sinistcha
|-singleturn|p1b: Sinistcha|Protect
|move|p2b: Glimmora|Spiky Shield|p2b: Glimmora
|-singleturn|p2b: Glimmora|move: Protect
|move|p2a: Charizard|Protect|p2a: Charizard
|-singleturn|p2a: Charizard|Protect
|move|p1a: Sneasler|Poison Jab|p2a: Charizard
|-activate|p2a: Charizard|move: Protect
|
|-weather|none
|upkeep
|turn|6
|
|t:|1785350800
|move|p1b: Sinistcha|Matcha Gotcha|p2a: Charizard|[spread] p2a,p2b
|-resisted|p2a: Charizard|2
|-crit|p2b: Glimmora
|-damage|p2a: Charizard|94/100
|-heal|p1b: Sinistcha|79/100|[from] drain|[of] p2a: Charizard
|-damage|p2b: Glimmora|16/100
|-heal|p1b: Sinistcha|100/100|[from] drain|[of] p2b: Glimmora
|-status|p2b: Glimmora|brn
|move|p1a: Sneasler|Poison Jab|p2a: Charizard
|-damage|p2a: Charizard|49/100
|-status|p2a: Charizard|psn|[from] ability: Poison Touch|[of] p1a: Sneasler
|move|p2b: Glimmora|Sludge Bomb|p1b: Sinistcha
|-damage|p1b: Sinistcha|49/100
|-status|p1b: Sinistcha|psn
|move|p2a: Charizard|Heat Wave|p1b: Sinistcha|[spread] p1a,p1b
|-supereffective|p1b: Sinistcha|1
|-damage|p1a: Sneasler|0 fnt
|-damage|p1b: Sinistcha|0 fnt
|faint|p1a: Sneasler
|faint|p1b: Sinistcha
|
|-damage|p2a: Charizard|37/100 psn|[from] psn
|-damage|p2b: Glimmora|10/100 brn|[from] brn
|upkeep
|
|t:|1785350818
|switch|p1b: Incineroar|Incineroar, L50, F|87/100
|switch|p1a: Delphox|Delphox-Mega, L50, F|84/100
|-ability|p1b: Incineroar|Intimidate|boost
|-unboost|p2a: Charizard|atk|1
|-unboost|p2b: Glimmora|atk|1
|turn|7
|inactive|Gottkomplexe has 30 seconds left.
|inactive|Gottkomplexe has 20 seconds left.
|
|t:|1785350857
|move|p2b: Glimmora|Spiky Shield|p2b: Glimmora
|-singleturn|p2b: Glimmora|move: Protect
|move|p2a: Charizard|Protect|p2a: Charizard
|-singleturn|p2a: Charizard|Protect
|move|p1b: Incineroar|Fake Out|p2b: Glimmora
|-activate|p2b: Glimmora|move: Protect
|-damage|p1b: Incineroar|75/100|[from] Spiky Shield|[of] p2b: Glimmora
|move|p1a: Delphox|Nasty Plot|p1a: Delphox
|-boost|p1a: Delphox|spa|2
|
|-damage|p2a: Charizard|24/100 psn|[from] psn
|-damage|p2b: Glimmora|5/100 brn|[from] brn
|-sideend|p2: Gottkomplexe|move: Tailwind
|upkeep
|turn|8
|inactive|tizio20 has 30 seconds left.
|
|t:|1785350884
|move|p1a: Delphox|Protect|p1a: Delphox
|-singleturn|p1a: Delphox|Protect
|move|p1b: Incineroar|Flare Blitz|p2b: Glimmora
|-resisted|p2b: Glimmora|1
|-damage|p2b: Glimmora|0 fnt
|-activate|p2b: Glimmora|ability: Toxic Debris
|-sidestart|p1: tizio20|move: Toxic Spikes
|faint|p2b: Glimmora
|-damage|p1b: Incineroar|73/100|[from] Recoil
|move|p2a: Charizard|Heat Wave|p1b: Incineroar|[spread] p1b
|-activate|p1a: Delphox|move: Protect
|-resisted|p1b: Incineroar|1
|-damage|p1b: Incineroar|56/100
|
|-damage|p2a: Charizard|12/100 psn|[from] psn
|-fieldend|move: Trick Room
|upkeep
|
|t:|1785350889
|switch|p2b: Basculegion|Basculegion, L50, M|100/100
|turn|9
|c|☆tizio20|gg wp
|c|☆Gottkomplexe|gg
|
|t:|1785350900
|move|p2b: Basculegion|Wave Crash|p1a: Delphox
|-supereffective|p1a: Delphox|1
|-damage|p1a: Delphox|0 fnt
|faint|p1a: Delphox
|-damage|p2b: Basculegion|75/100|[from] Recoil
|move|p2a: Charizard|Heat Wave|p1b: Incineroar
|-resisted|p1b: Incineroar|1
|-damage|p1b: Incineroar|31/100
|-enditem|p1b: Incineroar|Sitrus Berry|[eat]
|-heal|p1b: Incineroar|55/100|[from] item: Sitrus Berry
|move|p1b: Incineroar|Flare Blitz|p2a: Charizard
|-resisted|p2a: Charizard|1
|-damage|p2a: Charizard|0 fnt
|faint|p2a: Charizard
|-damage|p1b: Incineroar|52/100|[from] Recoil
|
|upkeep
|turn|10
|
|t:|1785350904
|move|p2b: Basculegion|Wave Crash|p1b: Incineroar
|-supereffective|p1b: Incineroar|1
|-damage|p1b: Incineroar|0 fnt
|faint|p1b: Incineroar
|-damage|p2b: Basculegion|57/100|[from] Recoil
|
|win|Gottkomplexe
|l|☆Gottkomplexe
|player|p2|
|l|☆tizio20
|player|p1|
|j|☆tizio20
|player|p1|tizio20|169|
|l|☆tizio20
|player|p1|
|j|☆tizio20
|player|p1|tizio20|169|
