|j|☆The PWC Luigi
|j|☆forzaturinstorm
|html|The PWC Luigiforzaturinstorm    
|uhtml|bestof|Game 2 of a best-of-3
|t:|1756919605
|gametype|doubles
|player|p1|The PWC Luigi|cheren-gen5bw2|1121
|player|p2|forzaturinstorm|nate|1091
|gen|9
|tier|[Gen 9] VGC 2025 Reg H (Bo3)
|rated|
|rule|Species Clause: Limit one of each Pokémon
|rule|Item Clause: Limit 1 of each item
|clearpoke
|poke|p1|Tyranitar, L50, F|
|poke|p1|Excadrill, L50, F|
|poke|p1|Sinistcha-Masterpiece, L50|
|poke|p1|Salamence, L50, F|
|poke|p1|Blaziken, L50, M|
|poke|p1|Bruxish, L50, M|
|poke|p2|Pelipper, L50, F|
|poke|p2|Archaludon, L50, M|
|poke|p2|Maushold-Four, L50|
|poke|p2|Annihilape, L50, F|
|poke|p2|Sinistcha, L50|
|poke|p2|Klefki, L50, F|
|teampreview|4
|showteam|p1|Tyranitar||ClearAmulet|SandStream|RockSlide,KnockOff,DragonDance,Protect|||F|||50|,,,,,Grass]Excadrill||AssaultVest|SandRush|Earthquake,IronHead,HighHorsepower,RockSlide|||F|||50|,,,,,Ghost]Sinistcha-Masterpiece||SitrusBerry|Hospitality|ShadowBall,MatchaGotcha,RagePowder,Protect||||||50|,,,,,Dark]Salamence||LifeOrb|Intimidate|DracoMeteor,AirSlash,Protect,Tailwind|||F|||50|,,,,,Ghost]Blaziken||CovertCloak|SpeedBoost|AuraSphere,HeatWave,Coaching,WillOWisp|||M|||50|,,,,,Dragon]Bruxish||ChoiceScarf|Dazzling|PsychicFangs,WaveCrash,FlipTurn,SuperFang|||M|||50|,,,,,Water
|showteam|p2|Pelipper||FocusSash|Drizzle|Tailwind,WeatherBall,Hurricane,Protect|||F|||50|,,,,,Stellar]Archaludon||AssaultVest|Stamina|BodyPress,ElectroShot,Snarl,DracoMeteor|||M|||50|,,,,,Grass]Maushold-Four||SafetyGoggles|FriendGuard|BeatUp,FollowMe,Taunt,Protect||||||50|,,,,,Ghost]Annihilape||Leftovers|Defiant|RageFist,DrainPunch,BulkUp,Protect|||F|||50|,,,,,Grass]Sinistcha||SitrusBerry|Hospitality|MatchaGotcha,RagePowder,LifeDew,TrickRoom||||||50|,,,,,Fire]Klefki||LightClay|Prankster|LightScreen,Reflect,DazzlingGleam,ThunderWave|||F|||50|,,,,,Ghost
|
|t:|1756919645
|teamsize|p1|4
|teamsize|p2|4
|start
|switch|p1a: Salamence|Salamence, L50, F|100/100
|switch|p1b: Puppet|Sinistcha-Masterpiece, L50|100/100
|switch|p2a: Maushold|Maushold-Four, L50|100/100
|switch|p2b: Archaludon|Archaludon, L50, M|100/100
|-ability|p1a: Salamence|Intimidate|boost
|-unboost|p2a: Maushold|atk|1
|-unboost|p2b: Archaludon|atk|1
|turn|1
|
|t:|1756919677
|move|p2a: Maushold|Beat Up|p2b: Archaludon
|-damage|p2b: Archaludon|99/100
|-ability|p2b: Archaludon|Stamina|boost
|-boost|p2b: Archaludon|def|1
|-damage|p2b: Archaludon|99/100
|-ability|p2b: Archaludon|Stamina|boost
|-boost|p2b: Archaludon|def|1
|-damage|p2b: Archaludon|98/100
|-ability|p2b: Archaludon|Stamina|boost
|-boost|p2b: Archaludon|def|1
|-damage|p2b: Archaludon|98/100
|-ability|p2b: Archaludon|Stamina|boost
|-boost|p2b: Archaludon|def|1
|-hitcount|p2b: Archaludon|4
|move|p1a: Salamence|Draco Meteor|p2b: Archaludon
|-damage|p2b: Archaludon|43/100
|-unboost|p1a: Salamence|spa|2
|-ability|p2b: Archaludon|Stamina|boost
|-boost|p2b: Archaludon|def|1
|-damage|p1a: Salamence|91/100|[from] item: Life Orb
|move|p2b: Archaludon|Snarl|p1b: Puppet|[spread] p1a
|-miss|p2b: Archaludon|p1b: Puppet
|-damage|p1a: Salamence|74/100
|-unboost|p1a: Salamence|spa|1
|move|p1b: Puppet|Shadow Ball|p2b: Archaludon
|-damage|p2b: Archaludon|20/100
|-ability|p2b: Archaludon|Stamina|boost
|-boost|p2b: Archaludon|def|1
|
|upkeep
|turn|2
|
|t:|1756919733
|switch|p1a: Excadrill|Excadrill, L50, F|100/100
|move|p2a: Maushold|Follow Me|p2a: Maushold
|-singleturn|p2a: Maushold|move: Follow Me
|move|p2b: Archaludon|Draco Meteor|p1a: Excadrill
|-resisted|p1a: Excadrill
|-damage|p1a: Excadrill|75/100
|-unboost|p2b: Archaludon|spa|2
|move|p1b: Puppet|Matcha Gotcha|p2b: Archaludon|[spread] p2a,p2b
|-resisted|p2b: Archaludon
|-damage|p2a: Maushold|68/100
|-damage|p2b: Archaludon|15/100
|-status|p2a: Maushold|brn
|
|-damage|p2a: Maushold|61/100 brn|[from] brn
|upkeep
|turn|3
|
|t:|1756919765
|switch|p2a: Sinistcha|Sinistcha, L50|100/100
|-heal|p2b: Archaludon|40/100|[from] ability: Hospitality|[of] p2a: Sinistcha
|-terastallize|p1a: Excadrill|Ghost
|-terastallize|p2b: Archaludon|Grass
|move|p1a: Excadrill|Earthquake|p2a: Sinistcha|[spread] p1b,p2a,p2b
|-resisted|p1b: Puppet
|-resisted|p2a: Sinistcha
|-resisted|p2b: Archaludon
|-damage|p1b: Puppet|78/100
|-damage|p2a: Sinistcha|82/100
|-damage|p2b: Archaludon|37/100
|move|p2b: Archaludon|Snarl|p1b: Puppet|[spread] p1a,p1b
|-supereffective|p1a: Excadrill
|-supereffective|p1b: Puppet
|-damage|p1a: Excadrill|63/100
|-damage|p1b: Puppet|66/100
|-unboost|p1a: Excadrill|spa|1
|-unboost|p1b: Puppet|spa|1
|move|p1b: Puppet|Matcha Gotcha|p2a: Sinistcha|[spread] p2a,p2b
|-resisted|p2a: Sinistcha
|-resisted|p2b: Archaludon
|-damage|p2a: Sinistcha|74/100
|-heal|p1b: Puppet|70/100|[from] drain|[of] p2a: Sinistcha
|-damage|p2b: Archaludon|29/100
|-heal|p1b: Puppet|74/100|[from] drain|[of] p2b: Archaludon
|-status|p2a: Sinistcha|brn
|
|-damage|p2a: Sinistcha|68/100 brn|[from] brn
|upkeep
|turn|4
|
|t:|1756919805
|switch|p1a: Salamence|Salamence, L50, F|74/100
|-ability|p1a: Salamence|Intimidate|boost
|-unboost|p2a: Sinistcha|atk|1
|-unboost|p2b: Archaludon|atk|1
|move|p2b: Archaludon|Snarl|p1b: Puppet|[spread] p1a,p1b
|-supereffective|p1b: Puppet
|-damage|p1a: Salamence|65/100
|-damage|p1b: Puppet|60/100
|-unboost|p1a: Salamence|spa|1
|-unboost|p1b: Puppet|spa|1
|move|p1b: Puppet|Shadow Ball|p2a: Sinistcha
|-supereffective|p2a: Sinistcha
|-damage|p2a: Sinistcha|32/100 brn
|-enditem|p2a: Sinistcha|Sitrus Berry|[eat]
|-heal|p2a: Sinistcha|57/100 brn|[from] item: Sitrus Berry
|move|p2a: Sinistcha|Life Dew|p2a: Sinistcha|[spread] p2a,p2b
|-heal|p2a: Sinistcha|82/100 brn
|-heal|p2b: Archaludon|54/100
|
|-damage|p2a: Sinistcha|76/100 brn|[from] brn
|upkeep
|turn|5
|
|t:|1756919844
|move|p2a: Sinistcha|Rage Powder|p2a: Sinistcha
|-singleturn|p2a: Sinistcha|move: Rage Powder
|move|p1a: Salamence|Air Slash|p2a: Sinistcha|[miss]
|-miss|p1a: Salamence|p2a: Sinistcha
|move|p2b: Archaludon|Snarl|p1a: Salamence|[spread] p1a,p1b
|-supereffective|p1b: Puppet
|-damage|p1a: Salamence|57/100
|-damage|p1b: Puppet|47/100
|-unboost|p1a: Salamence|spa|1
|-unboost|p1b: Puppet|spa|1
|-enditem|p1b: Puppet|Sitrus Berry|[eat]
|-heal|p1b: Puppet|72/100|[from] item: Sitrus Berry
|move|p1b: Puppet|Shadow Ball|p2a: Sinistcha
|-supereffective|p2a: Sinistcha
|-damage|p2a: Sinistcha|48/100 brn
|
|-damage|p2a: Sinistcha|41/100 brn|[from] brn
|upkeep
|turn|6
|
|t:|1756919879
|switch|p1b: Blaziken|Blaziken, L50, M|100/100
|move|p1a: Salamence|Air Slash|p2a: Sinistcha
|-supereffective|p2a: Sinistcha
|-damage|p2a: Sinistcha|2/100 brn
|-damage|p1a: Salamence|47/100|[from] item: Life Orb
|move|p2b: Archaludon|Body Press|p1a: Salamence
|-resisted|p1a: Salamence
|-damage|p1a: Salamence|0 fnt
|faint|p1a: Salamence
|move|p2a: Sinistcha|Life Dew|p2a: Sinistcha|[spread] p2a,p2b
|-heal|p2a: Sinistcha|27/100 brn
|-heal|p2b: Archaludon|79/100
|
|-damage|p2a: Sinistcha|20/100 brn|[from] brn
|upkeep
|
|t:|1756919891
|switch|p1a: Puppet|Sinistcha-Masterpiece, L50|72/100
|turn|7
|
|t:|1756919911
|move|p2a: Sinistcha|Rage Powder|p2a: Sinistcha
|-singleturn|p2a: Sinistcha|move: Rage Powder
|move|p1b: Blaziken|Heat Wave|p2a: Sinistcha|[spread] p2a,p2b
|-supereffective|p2a: Sinistcha
|-supereffective|p2b: Archaludon
|-damage|p2a: Sinistcha|0 fnt
|-damage|p2b: Archaludon|28/100
|faint|p2a: Sinistcha
|move|p2b: Archaludon|Snarl|p1a: Puppet|[spread] p1a,p1b
|-supereffective|p1a: Puppet
|-resisted|p1b: Blaziken
|-damage|p1a: Puppet|58/100
|-damage|p1b: Blaziken|96/100
|-unboost|p1a: Puppet|spa|1
|move|p1a: Puppet|Shadow Ball|p2b: Archaludon
|-damage|p2b: Archaludon|6/100
|
|-ability|p1b: Blaziken|Speed Boost|boost
|-boost|p1b: Blaziken|spe|1
|upkeep
|
|t:|1756919927
|switch|p2a: Pelipper|Pelipper, L50, F, shiny|100/100
|-weather|RainDance|[from] ability: Drizzle|[of] p2a: Pelipper
|turn|8
|
|t:|1756919963
|switch|p2b: Maushold|Maushold-Four, L50|61/100 brn
|move|p1b: Blaziken|Heat Wave|p2b: Maushold|[spread] p2b
|-miss|p1b: Blaziken|p2a: Pelipper
|-damage|p2b: Maushold|43/100 brn
|move|p2a: Pelipper|Hurricane|p1b: Blaziken
|-supereffective|p1b: Blaziken
|-damage|p1b: Blaziken|0 fnt
|faint|p1b: Blaziken
|move|p1a: Puppet|Matcha Gotcha|p2a: Pelipper|[spread] p2a
|-miss|p1a: Puppet|p2b: Maushold
|-damage|p2a: Pelipper|78/100
|-heal|p1a: Puppet|67/100|[from] drain|[of] p2a: Pelipper
|
|-weather|RainDance|[upkeep]
|-damage|p2b: Maushold|36/100 brn|[from] brn
|upkeep
|
|t:|1756919979
|switch|p1b: Excadrill|Excadrill, L50, F, tera:Ghost|63/100
|turn|9
|
|t:|1756920012
|move|p2b: Maushold|Beat Up|p1b: Excadrill
|-supereffective|p1b: Excadrill
|-damage|p1b: Excadrill|59/100
|-supereffective|p1b: Excadrill
|-damage|p1b: Excadrill|56/100
|-supereffective|p1b: Excadrill
|-damage|p1b: Excadrill|51/100
|-hitcount|p1b: Excadrill|3
|move|p1b: Excadrill|Rock Slide|p2a: Pelipper|[spread] p2a,p2b
|-supereffective|p2a: Pelipper
|-damage|p2a: Pelipper|33/100
|-damage|p2b: Maushold|10/100 brn
|cant|p2a: Pelipper|flinch
|move|p1a: Puppet|Matcha Gotcha|p2a: Pelipper|[spread] p2a,p2b
|-damage|p2a: Pelipper|8/100
|-heal|p1a: Puppet|77/100|[from] drain|[of] p2a: Pelipper
|-damage|p2b: Maushold|0 fnt
|-heal|p1a: Puppet|81/100|[from] drain|[of] p2b: Maushold
|-status|p2a: Pelipper|brn
|faint|p2b: Maushold
|
|-weather|RainDance|[upkeep]
|-damage|p2a: Pelipper|2/100 brn|[from] brn
|upkeep
|
|t:|1756920029
|switch|p2b: Archaludon|Archaludon, L50, M, tera:Grass|6/100
|turn|10
|
|t:|1756920054
|move|p1b: Excadrill|Iron Head|p2b: Archaludon
|-damage|p2b: Archaludon|0 fnt
|faint|p2b: Archaludon
|move|p2a: Pelipper|Weather Ball|p1b: Excadrill
|-damage|p1b: Excadrill|0 fnt
|faint|p1b: Excadrill
|move|p1a: Puppet|Shadow Ball|p2a: Pelipper
|-damage|p2a: Pelipper|0 fnt
|faint|p2a: Pelipper
|
|win|The PWC Luigi
||forzaturinstorm is ready for game 3.
||The PWC Luigi is ready for game 3.
|uhtml|next|Next: Game 3 of 3
|l|☆forzaturinstorm
|player|p2|
