|j|☆Njase
|j|☆alkittxn
|html|Njasealkittxn    
|uhtml|bestof|Game 3 of a best-of-3
|t:|1782684819
|gametype|doubles
|player|p1|Njase|2|1114
|player|p2|alkittxn|aaron|1025
|gen|9
|tier|[Gen 9 Champions] VGC 2026 Reg M-B (Bo3)
|rated|
|rule|Species Clause: Limit one of each Pokémon
|rule|Item Clause: Limit 1 of each item
|clearpoke
|poke|p1|Staraptor, L50, M|
|poke|p1|Whimsicott, L50, M|
|poke|p1|Garchomp, L50, M|
|poke|p1|Gholdengo, L50|
|poke|p1|Raichu, L50, M|
|poke|p1|Volcarona, L50, M|
|poke|p2|Gallade, L50, M|
|poke|p2|Camerupt, L50, M|
|poke|p2|Farigiraf, L50, F|
|poke|p2|Kingambit, L50, F|
|poke|p2|Gyarados, L50, F|
|poke|p2|Sylveon, L50, F|
|teampreview|4
|showteam|p1|Staraptor||Staraptite|Intimidate|BraveBird,CloseCombat,Roost,Protect|Jolly||M|||50|]Whimsicott||FocusSash|Prankster|Encore,Tailwind,Charm,Moonblast|Bold||M|||50|]Garchomp||LifeOrb|RoughSkin|ScaleShot,Protect,Earthquake,RockSlide|Jolly||M|||50|]Gholdengo||ChoiceScarf|GoodasGold|MakeItRain,ShadowBall,Trick,Thunderbolt|Modest|||||50|]Raichu||RaichuniteY|LightningRod|FakeOut,ZapCannon,VoltSwitch,FocusBlast|Hasty||M|||50|]Volcarona||SitrusBerry|FlameBody|HeatWave,RagePowder,GigaDrain,Protect|Bold||M|||50|
|showteam|p2|Gallade||FocusSash|Sharpness|SacredSword,PsychoCut,LeafBlade,WideGuard|Adamant||M|||50|]Camerupt||Cameruptite|SolidRock|HeatWave,AncientPower,EarthPower,Protect|Quiet||M|||50|]Farigiraf||ColburBerry|ArmorTail|TwinBeam,TrickRoom,Protect,Thunderbolt|Bold||F|||50|]Kingambit||BlackGlasses|Defiant|SuckerPunch,IronHead,KowtowCleave,LowKick|Brave||F|||50|]Gyarados||Gyaradosite|Intimidate|Waterfall,IceFang,Protect,Crunch|Adamant||F|||50|]Sylveon||FairyFeather|Pixilate|HyperVoice,Protect,QuickAttack,HyperBeam|Quiet||F|||50|
|
|t:|1782684881
|teamsize|p1|4
|teamsize|p2|4
|start
|switch|p1a: Volcarona|Volcarona, L50, M|100/100
|switch|p1b: Gholdengo|Gholdengo, L50|100/100
|switch|p2a: Farigiraf|Farigiraf, L50, F|100/100
|switch|p2b: Kingambit|Kingambit, L50, F|100/100
|turn|1
|
|t:|1782684919
|switch|p2a: Gyarados|Gyarados, L50, F|100/100
|-ability|p2a: Gyarados|Intimidate|boost
|-unboost|p1a: Volcarona|atk|1
|-unboost|p1b: Gholdengo|atk|1
|move|p2b: Kingambit|Sucker Punch||[still]
|-fail|p2b: Kingambit
|move|p1b: Gholdengo|Trick|p2b: Kingambit
|-activate|p1b: Gholdengo|move: Trick|[of] p2b: Kingambit
|-item|p2b: Kingambit|Choice Scarf|[from] move: Trick
|-item|p1b: Gholdengo|Black Glasses|[from] move: Trick
|move|p1a: Volcarona|Heat Wave|p2a: Gyarados|[spread] p2b
|-miss|p1a: Volcarona|p2a: Gyarados
|-supereffective|p2b: Kingambit|1
|-damage|p2b: Kingambit|33/100
|
|upkeep
|turn|2
|
|t:|1782684951
|switch|p2b: Camerupt|Camerupt, L50, M|100/100
|move|p1b: Gholdengo|Trick||[still]
|-fail|p1b: Gholdengo
|move|p1a: Volcarona|Heat Wave|p2b: Camerupt|[spread] p2a,p2b
|-resisted|p2a: Gyarados|1
|-resisted|p2b: Camerupt|1
|-damage|p2a: Gyarados|84/100
|-damage|p2b: Camerupt|80/100
|move|p2a: Gyarados|Crunch|p1b: Gholdengo
|-supereffective|p1b: Gholdengo|1
|-damage|p1b: Gholdengo|25/100
|
|upkeep
|turn|3
|
|t:|1782684977
|detailschange|p2b: Camerupt|Camerupt-Mega, L50, M
|-mega|p2b: Camerupt|Camerupt|Cameruptite
|move|p1b: Gholdengo|Shadow Ball|p2b: Camerupt
|-damage|p2b: Camerupt|30/100
|move|p1a: Volcarona|Giga Drain|p2b: Camerupt
|-damage|p2b: Camerupt|6/100
|move|p2a: Gyarados|Waterfall|p1b: Gholdengo
|-damage|p1b: Gholdengo|0 fnt
|faint|p1b: Gholdengo
|move|p2b: Camerupt|Heat Wave|p1a: Volcarona
|-damage|p1a: Volcarona|40/100
|-enditem|p1a: Volcarona|Sitrus Berry|[eat]
|-heal|p1a: Volcarona|65/100|[from] item: Sitrus Berry
|
|upkeep
|
|t:|1782684988
|switch|p1b: Garchomp|Garchomp, L50, M|100/100
|turn|4
|
|t:|1782685003
|switch|p2b: Farigiraf|Farigiraf, L50, F|100/100
|move|p2a: Gyarados|Protect|p2a: Gyarados
|-singleturn|p2a: Gyarados|Protect
|move|p1b: Garchomp|Rock Slide|p2a: Gyarados|[spread] p2b
|-activate|p2a: Gyarados|move: Protect
|-damage|p2b: Farigiraf|80/100
|-damage|p1b: Garchomp|90/100|[from] item: Life Orb
|move|p1a: Volcarona|Heat Wave|p2a: Gyarados|[spread] p2b
|-activate|p2a: Gyarados|move: Protect
|-damage|p2b: Farigiraf|47/100
|
|upkeep
|turn|5
|
|t:|1782685031
|switch|p2a: Kingambit|Kingambit, L50, F|33/100
|move|p2b: Farigiraf|Protect|p2b: Farigiraf
|-singleturn|p2b: Farigiraf|Protect
|move|p1b: Garchomp|Rock Slide|p2a: Kingambit|[spread] p2a
|-activate|p2b: Farigiraf|move: Protect
|-resisted|p2a: Kingambit|1
|-damage|p2a: Kingambit|24/100
|-damage|p1b: Garchomp|80/100|[from] item: Life Orb
|move|p1a: Volcarona|Heat Wave|p2b: Farigiraf|[spread] p2a
|-activate|p2b: Farigiraf|move: Protect
|-supereffective|p2a: Kingambit|1
|-damage|p2a: Kingambit|0 fnt
|faint|p2a: Kingambit
|
|upkeep
|
|t:|1782685047
|switch|p2a: Gyarados|Gyarados, L50, F|84/100
|-ability|p2a: Gyarados|Intimidate|boost
|-unboost|p1a: Volcarona|atk|1
|-unboost|p1b: Garchomp|atk|1
|turn|6
|
|t:|1782685064
|switch|p1b: Staraptor|Staraptor, L50, M|100/100
|-ability|p1b: Staraptor|Intimidate|boost
|-unboost|p2a: Gyarados|atk|1
|-unboost|p2b: Farigiraf|atk|1
|move|p2a: Gyarados|Protect|p2a: Gyarados
|-singleturn|p2a: Gyarados|Protect
|move|p1a: Volcarona|Rage Powder|p1a: Volcarona
|-singleturn|p1a: Volcarona|move: Rage Powder
|move|p2b: Farigiraf|Trick Room|p2b: Farigiraf
|-fieldstart|move: Trick Room|[of] p2b: Farigiraf
|
|upkeep
|turn|7
|
|t:|1782685091
|detailschange|p1b: Staraptor|Staraptor-Mega, L50, M
|-mega|p1b: Staraptor|Staraptor|Staraptite
|move|p2b: Farigiraf|Protect|p2b: Farigiraf
|-singleturn|p2b: Farigiraf|Protect
|move|p2a: Gyarados|Waterfall|p1a: Volcarona
|-supereffective|p1a: Volcarona|1
|-damage|p1a: Volcarona|0 fnt
|faint|p1a: Volcarona
|move|p1b: Staraptor|Close Combat|p2b: Farigiraf
|-activate|p2b: Farigiraf|move: Protect
|
|upkeep
|
|t:|1782685137
|switch|p1a: Garchomp|Garchomp, L50, M|80/100
|turn|8
|
|t:|1782685163
|switch|p2a: Camerupt|Camerupt-Mega, L50, M|6/100
|move|p1a: Garchomp|Protect|p1a: Garchomp
|-singleturn|p1a: Garchomp|Protect
|move|p1b: Staraptor|Protect|p1b: Staraptor
|-singleturn|p1b: Staraptor|Protect
|move|p2b: Farigiraf|Twin Beam|p1b: Staraptor
|-activate|p1b: Staraptor|move: Protect
|
|upkeep
|turn|9
|
|t:|1782685185
|move|p2a: Camerupt|Earth Power|p1a: Garchomp
|-damage|p1a: Garchomp|2/100
|move|p2b: Farigiraf|Twin Beam|p1b: Staraptor
|-supereffective|p1b: Staraptor|1
|-damage|p1b: Staraptor|61/100
|-supereffective|p1b: Staraptor|1
|-damage|p1b: Staraptor|22/100
|-hitcount|p1b: Staraptor|2
|move|p1a: Garchomp|Rock Slide|p2b: Farigiraf|[spread] p2a,p2b
|-damage|p2a: Camerupt|0 fnt
|-damage|p2b: Farigiraf|27/100
|faint|p2a: Camerupt
|-damage|p1a: Garchomp|0 fnt|[from] item: Life Orb
|faint|p1a: Garchomp
|move|p1b: Staraptor|Close Combat|p2b: Farigiraf
|-damage|p2b: Farigiraf|0 fnt
|-boost|p1b: Staraptor|def|1
|-boost|p1b: Staraptor|spd|1
|faint|p2b: Farigiraf
|
|upkeep
|
|t:|1782685209
|switch|p2b: Gyarados|Gyarados, L50, F|84/100
|-ability|p2b: Gyarados|Intimidate|boost
|-boost|p1b: Staraptor|atk|1
|turn|10
|
|t:|1782685220
|move|p1b: Staraptor|Protect|p1b: Staraptor
|-singleturn|p1b: Staraptor|Protect
|move|p2b: Gyarados|Ice Fang|p1b: Staraptor
|-activate|p1b: Staraptor|move: Protect
|
|-fieldend|move: Trick Room
|upkeep
|turn|11
|
|t:|1782685229
|move|p1b: Staraptor|Roost|p1b: Staraptor
|-heal|p1b: Staraptor|72/100
|-singleturn|p1b: Staraptor|move: Roost
|move|p2b: Gyarados|Ice Fang|p1b: Staraptor
|-damage|p1b: Staraptor|55/100
|-status|p1b: Staraptor|frz
|
|upkeep
|turn|12
|
|t:|1782685242
|-curestatus|p1b: Staraptor|frz|[msg]
|move|p1b: Staraptor|Roost|p1b: Staraptor
|-heal|p1b: Staraptor|100/100
|-singleturn|p1b: Staraptor|move: Roost
|move|p2b: Gyarados|Waterfall|p1b: Staraptor
|-damage|p1b: Staraptor|67/100
|
|upkeep
|turn|13
|
|t:|1782685252
|move|p1b: Staraptor|Brave Bird|p2b: Gyarados
|-damage|p2b: Gyarados|0 fnt
|faint|p2b: Gyarados
|-damage|p1b: Staraptor|32/100|[from] Recoil
|
|win|Njase
|raw|Njase's rating: 1114 → 1133(+19 for winning)
|raw|alkittxn's rating: 1025 → 1015(-10 for losing)
|l|☆Njase
|player|p1|
