|j|☆circleslowkeyround
|j|☆Andrewx98
|html|circleslowkeyroundAndrewx98    
|uhtml|bestof|Game 2 of a best-of-3
|t:|1757650409
|gametype|doubles
|player|p1|circleslowkeyround|169|1079
|player|p2|Andrewx98|youngster-gen4dp|1091
|gen|9
|tier|[Gen 9] VGC 2025 Reg H (Bo3)
|rated|
|rule|Species Clause: Limit one of each Pokémon
|rule|Item Clause: Limit 1 of each item
|clearpoke
|poke|p1|Espeon, L50, F|
|poke|p1|Indeedee, L50, M|
|poke|p1|Sneasler, L50, F|
|poke|p1|Gholdengo, L50|
|poke|p1|Tauros-Paldea-Aqua, L50, M|
|poke|p1|Talonflame, L50, M|
|poke|p2|Slowking, L50, M|
|poke|p2|Toxicroak, L50, M|
|poke|p2|Kingdra, L50, M|
|poke|p2|Malamar, L50, F|
|poke|p2|Pelipper, L50, M|
|poke|p2|Ursaluna, L50, M|
|teampreview|4
|showteam|p1|Espeon||TwistedSpoon|MagicBounce|Protect,ShadowBall,DazzlingGleam,ExpandingForce|||F|||50|,,,,,Psychic]Indeedee||MindPlate|PsychicSurge|ExpandingForce,DazzlingGleam,HelpingHand,Protect|||M|||50|,,,,,Fairy]Sneasler||PsychicSeed|Unburden|CloseCombat,Acrobatics,DireClaw,Protect|||F|||50|,,,,,Flying]Gholdengo||Leftovers|GoodasGold|MakeItRain,ShadowBall,NastyPlot,Protect||||||50|,,,,,Dragon]Tauros-Paldea-Aqua||ChoiceBand|Intimidate|AquaJet,RagingBull,WaveCrash,CloseCombat|||M|||50|,,,,,Water]Talonflame||FocusSash|GaleWings|Taunt,Tailwind,FlareBlitz,QuickGuard|||M|||50|,,,,,Fire
|showteam|p2|Slowking||SitrusBerry|Oblivious|TrickRoom,Surf,Protect,Psychic|||M|||50|,,,,,Grass]Toxicroak||ClearAmulet|DrySkin|SuckerPunch,FakeOut,PoisonJab,CloseCombat|||M|||50|,,,,,Dark]Kingdra||ChoiceBand|SwiftSwim|FlipTurn,WaveCrash,Outrage,IronHead|||M|||50|,,,,,Water]Malamar||MentalHerb|Contrary|Taunt,TrickRoom,KnockOff,PsychoCut|||F|||50|,,,,,Dark]Pelipper||SafetyGoggles|Drizzle|Hurricane,WideGuard,RainDance,WeatherBall|||M|||50|,,,,,Water]Ursaluna||FlameOrb|Guts|Earthquake,Facade,Protect,HeadlongRush|||M|||50|,,,,,Ghost
|inactive|Battle timer is ON: inactive players will automatically lose when time's up. (requested by circleslowkeyround)
|
|t:|1757650438
|teamsize|p1|4
|teamsize|p2|4
|start
|switch|p1a: Tauros|Tauros-Paldea-Aqua, L50, M|100/100
|switch|p1b: Talonflame|Talonflame, L50, M, shiny|100/100
|switch|p2a: Malamar|Malamar, L50, F|100/100
|switch|p2b: Pepe|Pelipper, L50, M, shiny|100/100
|-ability|p1a: Tauros|Intimidate|boost
|-boost|p2a: Malamar|atk|1
|-unboost|p2b: Pepe|atk|1
|-weather|RainDance|[from] ability: Drizzle|[of] p2b: Pepe
|turn|1
|j| redshoes7
|inactive|circleslowkeyround has 30 seconds left.
|inactive|Andrewx98 has 30 seconds left.
|
|t:|1757650469
|switch|p2a: Kingdra|Kingdra, L50, M|100/100
|-terastallize|p1a: Tauros|Water
|move|p1b: Talonflame|Tailwind|p1b: Talonflame
|-sidestart|p1: circleslowkeyround|move: Tailwind
|move|p1a: Tauros|Wave Crash|p2a: Kingdra
|-resisted|p2a: Kingdra
|-damage|p2a: Kingdra|57/100
|-damage|p1a: Tauros|83/100|[from] Recoil
|move|p2b: Pepe|Hurricane|p1a: Tauros
|-damage|p1a: Tauros|12/100
|
|-weather|RainDance|[upkeep]
|upkeep
|turn|2
|inactive|circleslowkeyround has 30 seconds left.
|inactive|Andrewx98 has 30 seconds left.
|inactive|Andrewx98 has 20 seconds left.
|
|t:|1757650505
|switch|p1a: Gholdengo|Gholdengo, L50, shiny|100/100
|-terastallize|p2a: Kingdra|Water
|move|p1b: Talonflame|Taunt|p2b: Pepe
|-start|p2b: Pepe|move: Taunt
|move|p2a: Kingdra|Flip Turn|p1b: Talonflame
|-supereffective|p1b: Talonflame
|-enditem|p1b: Talonflame|Focus Sash
|-damage|p1b: Talonflame|1/100
|
|t:|1757650519
|switch|p2a: Malamar|Malamar, L50, F|100/100|[from] Flip Turn
|move|p2b: Pepe|Weather Ball|p1b: Talonflame
|-supereffective|p1b: Talonflame
|-damage|p1b: Talonflame|0 fnt
|faint|p1b: Talonflame
|
|-weather|RainDance|[upkeep]
|upkeep
|
|t:|1757650530
|switch|p1b: Indeedee|Indeedee, L50, M|100/100
|-fieldstart|move: Psychic Terrain|[from] ability: Psychic Surge|[of] p1b: Indeedee
|turn|3
|inactive|Andrewx98 has 30 seconds left.
|
|t:|1757650562
|switch|p2a: Kingdra|Kingdra, L50, M, tera:Water|57/100
|move|p1b: Indeedee|Dazzling Gleam|p2a: Kingdra|[spread] p2a,p2b
|-damage|p2a: Kingdra|40/100
|-damage|p2b: Pepe|82/100
|move|p1a: Gholdengo|Nasty Plot|p1a: Gholdengo
|-boost|p1a: Gholdengo|spa|2
|move|p2b: Pepe|Weather Ball|p1a: Gholdengo
|-damage|p1a: Gholdengo|44/100
|
|-weather|RainDance|[upkeep]
|-heal|p1a: Gholdengo|50/100|[from] item: Leftovers
|upkeep
|turn|4
|inactive|Andrewx98 has 30 seconds left.
|
|t:|1757650589
|move|p1b: Indeedee|Expanding Force|p2b: Pepe|[spread] p2a,p2b
|-damage|p2a: Kingdra|0 fnt
|-damage|p2b: Pepe|15/100
|faint|p2a: Kingdra
|move|p1a: Gholdengo|Make It Rain|p2b: Pepe
|-resisted|p2b: Pepe
|-damage|p2b: Pepe|0 fnt
|-unboost|p1a: Gholdengo|spa|1
|faint|p2b: Pepe
|
|-weather|RainDance|[upkeep]
|-heal|p1a: Gholdengo|57/100|[from] item: Leftovers
|-sideend|p1: circleslowkeyround|move: Tailwind
|upkeep
|
|t:|1757650602
|switch|p2a: Ursaluna|Ursaluna, L50, M, shiny|100/100
|switch|p2b: Malamar|Malamar, L50, F|100/100
|turn|5
|
|t:|1757650611
|move|p2a: Ursaluna|Protect|p2a: Ursaluna
|-singleturn|p2a: Ursaluna|Protect
|move|p1b: Indeedee|Dazzling Gleam|p2a: Ursaluna|[spread] p2b
|-activate|p2a: Ursaluna|move: Protect
|-supereffective|p2b: Malamar
|-damage|p2b: Malamar|58/100
|move|p1a: Gholdengo|Make It Rain|p2a: Ursaluna|[spread] p2b
|-activate|p2a: Ursaluna|move: Protect
|-damage|p2b: Malamar|0 fnt
|-unboost|p1a: Gholdengo|spa|1
|faint|p2b: Malamar
|
|-weather|none
|-heal|p1a: Gholdengo|63/100|[from] item: Leftovers
|-status|p2a: Ursaluna|brn|[from] item: Flame Orb
|upkeep
|turn|6
|inactive|circleslowkeyround has 30 seconds left.
|
|t:|1757650643
|move|p1a: Gholdengo|Protect|p1a: Gholdengo
|-singleturn|p1a: Gholdengo|Protect
|move|p1b: Indeedee|Expanding Force|p2a: Ursaluna
|-damage|p2a: Ursaluna|28/100 brn
|move|p2a: Ursaluna|Earthquake|p1b: Indeedee|[spread] p1b
|-activate|p1a: Gholdengo|move: Protect
|-damage|p1b: Indeedee|0 fnt
|faint|p1b: Indeedee
|
|-heal|p1a: Gholdengo|69/100|[from] item: Leftovers
|-damage|p2a: Ursaluna|22/100 brn|[from] brn
|upkeep
|
|t:|1757650653
|switch|p1b: Tauros|Tauros-Paldea-Aqua, L50, M, tera:Water|12/100
|-ability|p1b: Tauros|Intimidate|boost
|-unboost|p2a: Ursaluna|atk|1
|turn|7
|
|t:|1757650663
|move|p1b: Tauros|Raging Bull|p2a: Ursaluna
|-supereffective|p2a: Ursaluna
|-damage|p2a: Ursaluna|0 fnt
|faint|p2a: Ursaluna
|
|win|circleslowkeyround
|l| redshoes7
||circleslowkeyround is ready for game 3.
||Andrewx98 is ready for game 3.
|uhtml|next|Next: Game 3 of 3
