|j|☆lukashz
|j|☆BastiBlitz
|html|lukashzBastiBlitz    
|uhtml|bestof|Game 1 of a best-of-3
|t:|1782438963
|gametype|doubles
|player|p1|lukashz|elesa|1301
|player|p2|BastiBlitz|ghetsis|1260
|gen|9
|tier|[Gen 9 Champions] VGC 2026 Reg M-B (Bo3)
|rated|
|rule|Species Clause: Limit one of each Pokémon
|rule|Item Clause: Limit 1 of each item
|clearpoke
|poke|p1|Chandelure, L50, F|
|poke|p1|Kangaskhan, L50, F|
|poke|p1|Basculegion, L50, M|
|poke|p1|Sylveon, L50, F|
|poke|p1|Kingambit, L50, F|
|poke|p1|Machamp, L50, M|
|poke|p2|Mawile, L50, M|
|poke|p2|Farigiraf, L50, F|
|poke|p2|Staraptor, L50, M|
|poke|p2|Torkoal, L50, F|
|poke|p2|Vileplume, L50, M|
|poke|p2|Kingambit, L50, M|
|teampreview|4
|showteam|p1|Chandelure||FocusSash|FlashFire|HeatWave,ShadowBall,TrickRoom,Taunt|Quiet||F|||50|]Kangaskhan||Kangaskhanite|InnerFocus|FakeOut,Facade,DoubleEdge,SuckerPunch|Brave||F|||50|]Basculegion||MysticWater|Adaptability|HeadSmash,WaveCrash,LastRespects,AquaJet|Brave||M|||50|]Sylveon||FairyFeather|Pixilate|HyperVoice,Protect,HyperBeam,QuickAttack|Quiet||F|||50|]Kingambit||ChopleBerry|Defiant|KowtowCleave,SuckerPunch,IronHead,Protect|Adamant||F|||50|]Machamp||ChoiceScarf|NoGuard|DynamicPunch,StoneEdge,IcePunch,BulletPunch|Jolly||M|||50|
|showteam|p2|Mawile||Mawilite|Intimidate|PlayRough,IronHead,RockSlide,Protect|Adamant||M|||50|]Farigiraf||SitrusBerry|ArmorTail|TwinBeam,Thunderbolt,HelpingHand,TrickRoom|Bold||F|||50|]Staraptor||ChoiceScarf|Intimidate|FinalGambit,CloseCombat,DualWingbeat,Uturn|Jolly||M|||50|]Torkoal||Charcoal|Drought|Eruption,WeatherBall,HeatWave,SolarBeam|Quiet||F|||50|]Vileplume||FocusSash|Chlorophyll|AfterYou,SleepPowder,SolarBeam,PollenPuff|Timid||M|||50|]Kingambit||ChopleBerry|Defiant|KowtowCleave,SuckerPunch,IronHead,LowKick|Brave||M|||50|
|inactive|Battle timer is ON: inactive players will automatically lose when time's up. (requested by BastiBlitz)
|
|t:|1782439046
|teamsize|p1|4
|teamsize|p2|4
|start
|switch|p1a: Chandelure|Chandelure, L50, F|100/100
|switch|p1b: Kangaskhan|Kangaskhan, L50, F|100/100
|switch|p2a: Farigiraf|Farigiraf, L50, F|100/100
|switch|p2b: Staraptor|Staraptor, L50, M|100/100
|-ability|p2b: Staraptor|Intimidate|boost
|-unboost|p1a: Chandelure|atk|1
|-fail|p1b: Kangaskhan|unboost|Attack|[from] ability: Inner Focus|[of] p1b: Kangaskhan
|turn|1
|inactive|lukashz has 30 seconds left.
|inactive|BastiBlitz has 30 seconds left.
|inactive|lukashz has 20 seconds left.
|inactive|BastiBlitz has 20 seconds left.
|inactive|BastiBlitz has 15 seconds left.
|
|t:|1782439089
|switch|p1b: Sylveon|Sylveon, L50, F|100/100
|move|p2a: Farigiraf|Helping Hand|p2b: Staraptor
|-singleturn|p2b: Staraptor|Helping Hand|[of] p2a: Farigiraf
|move|p2b: Staraptor|Close Combat|p1b: Sylveon
|-resisted|p1b: Sylveon|1
|-damage|p1b: Sylveon|67/100
|-unboost|p2b: Staraptor|def|1
|-unboost|p2b: Staraptor|spd|1
|move|p1a: Chandelure|Taunt|p2a: Farigiraf
|-start|p2a: Farigiraf|move: Taunt
|
|upkeep
|turn|2
|inactive|BastiBlitz has 30 seconds left.
|
|t:|1782439114
|move|p1b: Sylveon|Protect|p1b: Sylveon
|-singleturn|p1b: Sylveon|Protect
|move|p2b: Staraptor|Close Combat|p1b: Sylveon
|-activate|p1b: Sylveon|move: Protect
|move|p1a: Chandelure|Heat Wave|p2b: Staraptor|[spread] p2b
|-miss|p1a: Chandelure|p2a: Farigiraf
|-damage|p2b: Staraptor|14/100
|move|p2a: Farigiraf|Twin Beam|p1b: Sylveon
|-activate|p1b: Sylveon|move: Protect
|
|upkeep
|turn|3
|inactive|BastiBlitz has 30 seconds left.
|
|t:|1782439144
|move|p2b: Staraptor|Close Combat|p1b: Sylveon
|-resisted|p1b: Sylveon|1
|-damage|p1b: Sylveon|46/100
|-unboost|p2b: Staraptor|def|1
|-unboost|p2b: Staraptor|spd|1
|move|p1a: Chandelure|Heat Wave|p2b: Staraptor|[spread] p2a,p2b
|-damage|p2a: Farigiraf|60/100
|-damage|p2b: Staraptor|0 fnt
|faint|p2b: Staraptor
|move|p2a: Farigiraf|Twin Beam|p1a: Chandelure
|-damage|p1a: Chandelure|82/100
|-damage|p1a: Chandelure|64/100
|-hitcount|p1a: Chandelure|2
|move|p1b: Sylveon|Hyper Voice|p2a: Farigiraf
|-damage|p2a: Farigiraf|0 fnt
|faint|p2a: Farigiraf
|
|upkeep
|
|t:|1782439154
|switch|p2b: Kingambit|Kingambit, L50, M|100/100
|switch|p2a: Mawile|Mawile, L50, M|100/100
|-ability|p2a: Mawile|Intimidate|boost
|-unboost|p1a: Chandelure|atk|1
|-unboost|p1b: Sylveon|atk|1
|turn|4
|inactive|lukashz has 30 seconds left.
|
|t:|1782439182
|switch|p1b: Kangaskhan|Kangaskhan, L50, F|100/100
|detailschange|p2a: Mawile|Mawile-Mega, L50, M
|-mega|p2a: Mawile|Mawile|Mawilite
|move|p2b: Kingambit|Sucker Punch||[still]
|-fail|p2b: Kingambit
|move|p1a: Chandelure|Taunt|p2b: Kingambit
|-start|p2b: Kingambit|move: Taunt
|move|p2a: Mawile|Iron Head|p1b: Kangaskhan
|-damage|p1b: Kangaskhan|17/100
|
|upkeep
|turn|5
|inactive|BastiBlitz has 30 seconds left.
|inactive|BastiBlitz has 20 seconds left.
|inactive|BastiBlitz has 15 seconds left.
|inactive|BastiBlitz has 10 seconds left.
|inactive|BastiBlitz has 5 seconds left.
|
|t:|1782439235
|detailschange|p1b: Kangaskhan|Kangaskhan-Mega, L50, F
|-mega|p1b: Kangaskhan|Kangaskhan|Kangaskhanite
|move|p2a: Mawile|Protect|p2a: Mawile
|-singleturn|p2a: Mawile|Protect
|move|p1b: Kangaskhan|Fake Out|p2b: Kingambit
|-resisted|p2b: Kingambit|1
|-damage|p2b: Kingambit|92/100
|-resisted|p2b: Kingambit|1
|-damage|p2b: Kingambit|90/100
|-hitcount|p2b: Kingambit|2
|cant|p2b: Kingambit|flinch
|move|p1a: Chandelure|Heat Wave|p2a: Mawile|[spread] p2b
|-activate|p2a: Mawile|move: Protect
|-supereffective|p2b: Kingambit|1
|-damage|p2b: Kingambit|0 fnt
|faint|p2b: Kingambit
|
|upkeep
|turn|6
|
|t:|1782439257
|move|p1b: Kangaskhan|Facade|p2a: Mawile
|-resisted|p2a: Mawile|1
|-damage|p2a: Mawile|82/100
|-resisted|p2a: Mawile|1
|-damage|p2a: Mawile|78/100
|-hitcount|p2a: Mawile|2
|move|p1a: Chandelure|Heat Wave|p2a: Mawile
|-supereffective|p2a: Mawile|1
|-damage|p2a: Mawile|0 fnt
|faint|p2a: Mawile
|
|win|lukashz
||BastiBlitz is ready for game 2.
||lukashz is ready for game 2.
|uhtml|next|Next: Game 2 of 3
|l|☆BastiBlitz
|player|p2|
