|j|☆Danidelaserna20
|j|☆WASHINGTONGARGACHA
|html|Danidelaserna20WASHINGTONGARGACHA    
|uhtml|bestof|Game 1 of a best-of-3
|t:|1756466893
|gametype|doubles
|player|p1|Danidelaserna20|buck|1144
|player|p2|WASHINGTONGARGACHA|265|1136
|gen|9
|tier|[Gen 9] VGC 2025 Reg H (Bo3)
|rated|
|rule|Species Clause: Limit one of each Pokémon
|rule|Item Clause: Limit 1 of each item
|clearpoke
|poke|p1|Dragonite, L50, F|
|poke|p1|Gholdengo, L50|
|poke|p1|Rillaboom, L50, M|
|poke|p1|Murkrow, L50, M|
|poke|p1|Arcanine-Hisui, L50, M|
|poke|p1|Annihilape, L50, M|
|poke|p2|Gholdengo, L50|
|poke|p2|Ursaluna, L50, M|
|poke|p2|Archaludon, L50, M|
|poke|p2|Murkrow, L50, F|
|poke|p2|Farigiraf, L50, F|
|poke|p2|Palafin, L50, F|
|teampreview|4
|showteam|p1|Dragonite||LoadedDice|Multiscale|ScaleShot,ExtremeSpeed,Protect,LowKick|||F|||50|,,,,,Fairy]Gholdengo||ChoiceSpecs|GoodasGold|PowerGem,MakeItRain,ShadowBall,Thunderbolt||||||50|,,,,,Steel]Rillaboom||AssaultVest|GrassySurge|FakeOut,DrumBeating,GrassyGlide,HighHorsepower|||M|||50|,,,,,Fire]Murkrow||Eviolite|Prankster|Tailwind,Haze,FoulPlay,Taunt|||M|||50|,,,,,Ghost]Arcanine-Hisui||ClearAmulet|Intimidate|RockSlide,FlareBlitz,ExtremeSpeed,Protect|||M|||50|,,,,,Water]Annihilape||FocusSash|Defiant|CloseCombat,RageFist,Coaching,FinalGambit|||M|||50|,,,,,Stellar
|showteam|p2|Gholdengo||SitrusBerry|GoodasGold|ShadowBall,MakeItRain,NastyPlot,Protect||||||50|,,,,,Water]Ursaluna||FlameOrb|Guts|Facade,Earthquake,Protect,HeadlongRush|||M|||50|,,,,,Ghost]Archaludon||PowerHerb|Stamina|ElectroShot,FlashCannon,DracoMeteor,Protect|||M|||50|,,,,,Grass]Murkrow||Eviolite|Prankster|Tailwind,RainDance,FoulPlay,Haze|||F|||50|,,,,,Dark]Farigiraf||ThroatSpray|ArmorTail|HyperVoice,TrickRoom,Psychic,Protect|||F|||50|,,,,,Fairy]Palafin||MysticWater|ZerotoHero|FlipTurn,Protect,JetPunch,WaveCrash|||F|||50|,,,,,Water
|
|t:|1756466933
|teamsize|p1|4
|teamsize|p2|4
|start
|switch|p1a: Dragonite|Dragonite, L50, F|100/100
|switch|p1b: Arcanine|Arcanine-Hisui, L50, M, shiny|100/100
|switch|p2a: Farigiraf|Farigiraf, L50, F|100/100
|switch|p2b: Palafin|Palafin, L50, F|100/100
|-ability|p1b: Arcanine|Intimidate|boost
|-unboost|p2a: Farigiraf|atk|1
|-unboost|p2b: Palafin|atk|1
|turn|1
|
|t:|1756466960
|switch|p1b: Rillaboom|Rillaboom, L50, M|100/100
|-fieldstart|move: Grassy Terrain|[from] ability: Grassy Surge|[of] p1b: Rillaboom
|move|p2a: Farigiraf|Protect|p2a: Farigiraf
|-singleturn|p2a: Farigiraf|Protect
|move|p2b: Palafin|Flip Turn|p1a: Dragonite
|-resisted|p1a: Dragonite
|-damage|p1a: Dragonite|96/100
|
|t:|1756466968
|detailschange|p2b: Palafin|Palafin-Hero, L50, F
|switch|p2b: Archaludon|Archaludon, L50, M|100/100|[from] Flip Turn
|move|p1a: Dragonite|Scale Shot|p2a: Farigiraf
|-activate|p2a: Farigiraf|move: Protect
|
|upkeep
|turn|2
|
|t:|1756466986
|-terastallize|p2a: Farigiraf|Fairy
|move|p2b: Archaludon|Electro Shot||[still]
|-prepare|p2b: Archaludon|Electro Shot
|-boost|p2b: Archaludon|spa|1
|-enditem|p2b: Archaludon|Power Herb
|-anim|p2b: Archaludon|Electro Shot|p1a: Dragonite
|-damage|p1a: Dragonite|25/100
|move|p1a: Dragonite|Low Kick|p2b: Archaludon
|-supereffective|p2b: Archaludon
|-damage|p2b: Archaludon|44/100
|-ability|p2b: Archaludon|Stamina|boost
|-boost|p2b: Archaludon|def|1
|move|p1b: Rillaboom|Drum Beating|p2a: Farigiraf
|-damage|p2a: Farigiraf|40/100
|-unboost|p2a: Farigiraf|spe|1
|move|p2a: Farigiraf|Trick Room|p2a: Farigiraf
|-fieldstart|move: Trick Room|[of] p2a: Farigiraf
|
|-heal|p2a: Farigiraf|46/100|[from] Grassy Terrain
|-heal|p2b: Archaludon|50/100|[from] Grassy Terrain
|upkeep
|turn|3
|
|t:|1756467020
|switch|p2b: Ursaluna|Ursaluna, L50, M|100/100
|move|p1a: Dragonite|Protect|p1a: Dragonite
|-singleturn|p1a: Dragonite|Protect
|move|p2a: Farigiraf|Psychic|p1a: Dragonite
|-activate|p1a: Dragonite|move: Protect
|move|p1b: Rillaboom|Drum Beating|p2a: Farigiraf
|-damage|p2a: Farigiraf|0 fnt
|faint|p2a: Farigiraf
|
|-status|p2b: Ursaluna|brn|[from] item: Flame Orb
|upkeep
|
|t:|1756467033
|switch|p2a: Palafin|Palafin-Hero, L50, F|100/100
|-activate|p2a: Palafin|ability: Zero to Hero
|turn|4
|
|t:|1756467045
|switch|p1b: Annihilape|Annihilape, L50, M|100/100
|move|p1a: Dragonite|Extreme Speed|p2b: Ursaluna
|-damage|p2b: Ursaluna|77/100 brn
|move|p2a: Palafin|Jet Punch|p1a: Dragonite
|-resisted|p1a: Dragonite
|-damage|p1a: Dragonite|0 fnt
|faint|p1a: Dragonite
|move|p2b: Ursaluna|Facade|p1b: Annihilape
|-immune|p1b: Annihilape
|
|-heal|p2b: Ursaluna|83/100 brn|[from] Grassy Terrain
|-damage|p2b: Ursaluna|77/100 brn|[from] brn
|upkeep
|
|t:|1756467065
|switch|p1a: Arcanine|Arcanine-Hisui, L50, M, shiny|100/100
|-ability|p1a: Arcanine|Intimidate|boost
|-unboost|p2a: Palafin|atk|1
|-unboost|p2b: Ursaluna|atk|1
|turn|5
|
|t:|1756467085
|switch|p1a: Rillaboom|Rillaboom, L50, M|100/100
|move|p2a: Palafin|Protect|p2a: Palafin
|-singleturn|p2a: Palafin|Protect
|move|p2b: Ursaluna|Earthquake|p1b: Annihilape|[spread] p1a,p1b
|-activate|p2a: Palafin|move: Protect
|-resisted|p1a: Rillaboom
|-damage|p1a: Rillaboom|90/100
|-damage|p1b: Annihilape|77/100
|move|p1b: Annihilape|Close Combat|p2b: Ursaluna
|-supereffective|p2b: Ursaluna
|-damage|p2b: Ursaluna|8/100 brn
|-unboost|p1b: Annihilape|def|1
|-unboost|p1b: Annihilape|spd|1
|
|-heal|p2b: Ursaluna|14/100 brn|[from] Grassy Terrain
|-heal|p1a: Rillaboom|96/100|[from] Grassy Terrain
|-heal|p1b: Annihilape|83/100|[from] Grassy Terrain
|-damage|p2b: Ursaluna|8/100 brn|[from] brn
|-fieldend|move: Grassy Terrain
|upkeep
|turn|6
|
|t:|1756467127
|move|p2a: Palafin|Jet Punch|p1b: Annihilape
|-damage|p1b: Annihilape|42/100
|move|p2b: Ursaluna|Earthquake|p1a: Rillaboom|[spread] p2a,p1a,p1b
|-resisted|p1a: Rillaboom
|-damage|p2a: Palafin|51/100
|-damage|p1a: Rillaboom|74/100
|-damage|p1b: Annihilape|0 fnt
|faint|p1b: Annihilape
|move|p1a: Rillaboom|Grassy Glide|p2b: Ursaluna
|-supereffective|p2b: Ursaluna
|-damage|p2b: Ursaluna|0 fnt
|faint|p2b: Ursaluna
|
|-fieldend|move: Trick Room
|upkeep
|
|t:|1756467137
|switch|p1b: Arcanine|Arcanine-Hisui, L50, M, shiny|100/100
|switch|p2b: Archaludon|Archaludon, L50, M|50/100
|-ability|p1b: Arcanine|Intimidate|boost
|-unboost|p2a: Palafin|atk|1
|-unboost|p2b: Archaludon|atk|1
|turn|7
|
|t:|1756467160
|-terastallize|p1b: Arcanine|Water
|move|p2a: Palafin|Wave Crash|p1b: Arcanine
|-resisted|p1b: Arcanine
|-damage|p1b: Arcanine|75/100
|-damage|p2a: Palafin|42/100|[from] Recoil
|move|p1b: Arcanine|Flare Blitz|p2b: Archaludon
|-damage|p2b: Archaludon|6/100
|-status|p2b: Archaludon|brn
|-ability|p2b: Archaludon|Stamina|boost
|-boost|p2b: Archaludon|def|1
|-damage|p1b: Arcanine|61/100|[from] Recoil
|move|p2b: Archaludon|Electro Shot||[still]
|-prepare|p2b: Archaludon|Electro Shot
|-boost|p2b: Archaludon|spa|1
|move|p1a: Rillaboom|Drum Beating|p2a: Palafin
|-supereffective|p2a: Palafin
|-damage|p2a: Palafin|0 fnt
|faint|p2a: Palafin
|
|-damage|p2b: Archaludon|0 fnt|[from] brn
|faint|p2b: Archaludon
|
|win|Danidelaserna20
