|j|☆randomguy1114s
|j|☆wet blanket song
|html|randomguy1114swet blanket song    
|uhtml|bestof|Game 1 of a best-of-3
|t:|1756272608
|gametype|doubles
|player|p1|randomguy1114s|lillie-masters|1174
|player|p2|wet blanket song|miku-water|1151
|gen|9
|tier|[Gen 9] VGC 2025 Reg H (Bo3)
|rated|
|rule|Species Clause: Limit one of each Pokémon
|rule|Item Clause: Limit 1 of each item
|clearpoke
|poke|p1|Ninetales-Alola, L50, M|
|poke|p1|Arcanine-Hisui, L50, M|
|poke|p1|Dragonite, L50, F|
|poke|p1|Indeedee, L50, M|
|poke|p1|Sneasler, L50, M|
|poke|p1|Amoonguss, L50, M|
|poke|p2|Archaludon, L50, M|
|poke|p2|Rillaboom, L50, F|
|poke|p2|Politoed, L50, M|
|poke|p2|Gholdengo, L50|
|poke|p2|Toedscruel, L50, M|
|teampreview|4
|showteam|p1|Ninetales-Alola||ChoiceSpecs|SnowWarning|Blizzard,IcyWind,Moonblast,FreezeDry|||M|||50|,,,,,Ice]Arcanine-Hisui||ClearAmulet|Intimidate|RockSlide,FlareBlitz,ExtremeSpeed,Protect|||M|||50|,,,,,Water]Dragonite||LoadedDice|Multiscale|ScaleShot,StompingTantrum,Tailwind,Protect|||F|||50|,,,,,Ground]Indeedee||FocusSash|PsychicSurge|ExpandingForce,TrickRoom,Imprison,HelpingHand|||M|||50|,,,,,Psychic]Sneasler||PsychicSeed|Unburden|CloseCombat,DireClaw,ThroatChop,Protect|||M|||50|,,,,,Dark]Amoonguss||RockyHelmet|Regenerator|RagePowder,PollenPuff,Spore,Protect|||M|||50|,,,,,Water
|showteam|p2|Archaludon||AssaultVest|Stamina|ElectroShot,DracoMeteor,Snarl,BodyPress|||M|||50|,,,,,Grass]Rillaboom||MiracleSeed|GrassySurge|Protect,FakeOut,GrassyGlide,Uturn|||F|||50|,,,,,Ghost]Politoed||SitrusBerry|Drizzle|Protect,Encore,PerishSong,WeatherBall|||M|||50|,,,,,Grass]Gholdengo||Leftovers|GoodasGold|Protect,NastyPlot,MakeItRain,ShadowBall||||||50|,,,,,Dragon]Toedscruel||CovertCloak|MyceliumMight|Protect,Spore,EarthPower,KnockOff|||M|||50|,,,,,Steel
|
|t:|1756272651
|teamsize|p1|4
|teamsize|p2|4
|start
|switch|p1a: Dragonite|Dragonite, L50, F|100/100
|switch|p1b: menacetosociety|Sneasler, L50, M, shiny|100/100
|switch|p2a: Gholdengo|Gholdengo, L50, shiny|100/100
|switch|p2b: Toedscruel|Toedscruel, L50, M, shiny|100/100
|turn|1
|
|t:|1756272678
|move|p1b: menacetosociety|Dire Claw|p2b: Toedscruel
|-damage|p2b: Toedscruel|34/100
|move|p2a: Gholdengo|Make It Rain|p1b: menacetosociety|[spread] p1a,p1b
|-damage|p1a: Dragonite|79/100
|-damage|p1b: menacetosociety|49/100
|-unboost|p2a: Gholdengo|spa|1
|move|p1a: Dragonite|Scale Shot|p2b: Toedscruel
|-damage|p2b: Toedscruel|14/100
|-damage|p2b: Toedscruel|0 fnt
|faint|p2b: Toedscruel
|-hitcount|p2: Toedscruel|2
|-unboost|p1a: Dragonite|def|1
|-boost|p1a: Dragonite|spe|1
|
|upkeep
|
|t:|1756272704
|switch|p2b: Politoed|Politoed, L50, M, shiny|100/100
|-weather|RainDance|[from] ability: Drizzle|[of] p2b: Politoed
|turn|2
|
|t:|1756272721
|move|p1a: Dragonite|Scale Shot|p2b: Politoed
|-damage|p2b: Politoed|88/100
|-damage|p2b: Politoed|77/100
|-damage|p2b: Politoed|63/100
|-damage|p2b: Politoed|51/100
|-hitcount|p2b: Politoed|4
|-unboost|p1a: Dragonite|def|1
|-boost|p1a: Dragonite|spe|1
|move|p1b: menacetosociety|Close Combat|p2b: Politoed
|-damage|p2b: Politoed|0 fnt
|-unboost|p1b: menacetosociety|def|1
|-unboost|p1b: menacetosociety|spd|1
|faint|p2b: Politoed
|move|p2a: Gholdengo|Make It Rain|p1a: Dragonite|[spread] p1a,p1b
|-damage|p1a: Dragonite|50/100
|-damage|p1b: menacetosociety|0 fnt
|-unboost|p2a: Gholdengo|spa|1
|faint|p1b: menacetosociety
|
|-weather|RainDance|[upkeep]
|upkeep
|
|t:|1756272750
|switch|p1b: Indeedee|Indeedee, L50, M, shiny|100/100
|switch|p2b: Rillaboom|Rillaboom, L50, F, shiny|100/100
|-fieldstart|move: Psychic Terrain|[from] ability: Psychic Surge|[of] p1b: Indeedee
|-fieldstart|move: Grassy Terrain|[from] ability: Grassy Surge|[of] p2b: Rillaboom
|turn|3
|
|t:|1756272772
|move|p1a: Dragonite|Protect|p1a: Dragonite
|-singleturn|p1a: Dragonite|Protect
|move|p2b: Rillaboom|Fake Out|p1a: Dragonite
|-activate|p1a: Dragonite|move: Protect
|move|p1b: Indeedee|Expanding Force|p2a: Gholdengo
|-resisted|p2a: Gholdengo
|-damage|p2a: Gholdengo|80/100
|move|p2a: Gholdengo|Nasty Plot|p2a: Gholdengo
|-boost|p2a: Gholdengo|spa|2
|
|-weather|RainDance|[upkeep]
|-heal|p2a: Gholdengo|87/100|[from] Grassy Terrain
|-heal|p2a: Gholdengo|93/100|[from] item: Leftovers
|upkeep
|turn|4
|
|t:|1756272790
|-terastallize|p1a: Dragonite|Ground
|move|p1b: Indeedee|Helping Hand|p1a: Dragonite
|-singleturn|p1a: Dragonite|Helping Hand|[of] p1b: Indeedee
|move|p2b: Rillaboom|Grassy Glide|p1a: Dragonite
|-supereffective|p1a: Dragonite
|-damage|p1a: Dragonite|0 fnt
|faint|p1a: Dragonite
|move|p2a: Gholdengo|Make It Rain|p1b: Indeedee
|-damage|p1b: Indeedee|32/100
|-unboost|p2a: Gholdengo|spa|1
|
|-weather|RainDance|[upkeep]
|-heal|p1b: Indeedee|38/100|[from] Grassy Terrain
|-heal|p2a: Gholdengo|99/100|[from] Grassy Terrain
|-heal|p2a: Gholdengo|100/100|[from] item: Leftovers
|upkeep
|
|t:|1756272801
|switch|p1a: give u the shivers|Ninetales-Alola, L50, M|100/100
|-weather|Snowscape|[from] ability: Snow Warning|[of] p1a: give u the shivers
|turn|5
|c|☆randomguy1114s|bruh
|
|t:|1756272813
|move|p2b: Rillaboom|Grassy Glide|p1a: give u the shivers
|-damage|p1a: give u the shivers|56/100
|move|p1a: give u the shivers|Blizzard|p2b: Rillaboom|[spread] p2a,p2b
|-resisted|p2a: Gholdengo
|-supereffective|p2b: Rillaboom
|-damage|p2a: Gholdengo|79/100
|-damage|p2b: Rillaboom|10/100
|move|p1b: Indeedee|Expanding Force|p2a: Gholdengo
|-resisted|p2a: Gholdengo
|-damage|p2a: Gholdengo|60/100
|move|p2a: Gholdengo|Make It Rain|p1a: give u the shivers|[spread] p1a,p1b
|-supereffective|p1a: give u the shivers
|-damage|p1a: give u the shivers|0 fnt
|-damage|p1b: Indeedee|0 fnt
|-unboost|p2a: Gholdengo|spa|1
|faint|p1a: give u the shivers
|faint|p1b: Indeedee
|
|win|wet blanket song
||wet blanket song is ready for game 2.
