|j|☆Testing987654
|j|☆m4nabu
|html|Testing987654m4nabu    
|uhtml|bestof|Game 1 of a best-of-3
|t:|1782326360
|gametype|doubles
|player|p1|Testing987654|170|
|player|p2|m4nabu|artist|
|gen|9
|tier|[Gen 9 Champions] VGC 2026 Reg M-B (Bo3)
|rule|Species Clause: Limit one of each Pokémon
|rule|Item Clause: Limit 1 of each item
|clearpoke
|poke|p1|Staraptor, L50, M|
|poke|p1|Grimmsnarl, L50, M|
|poke|p1|Incineroar, L50, M|
|poke|p1|Sinistcha, L50|
|poke|p1|Toxapex, L50, M|
|poke|p1|Raichu, L50, F|
|poke|p2|Staraptor, L50, F|
|poke|p2|Incineroar, L50, M|
|poke|p2|Sinistcha, L50|
|poke|p2|Maushold, L50|
|poke|p2|Delphox, L50, F|
|poke|p2|Grimmsnarl, L50, M|
|teampreview|4
|showteam|p1|Staraptor||Staraptite|Intimidate|CloseCombat,DualWingbeat,Protect,Roost|Jolly||M|||50|]Grimmsnarl||LightClay|Prankster|Reflect,LightScreen,PartingShot,SpiritBreak|Careful||M|||50|]Incineroar||SitrusBerry|Intimidate|FakeOut,PartingShot,FlareBlitz,Protect|Careful||M|||50|]Sinistcha||KasibBerry|Hospitality|RagePowder,MatchaGotcha,Protect,ShadowBall|Bold|||||50|]Toxapex||Leftovers|Regenerator|Toxic,BanefulBunker,Infestation,Recover|Sassy||M|||50|]Raichu||FocusSash|LightningRod|FakeOut,Protect,GrassKnot,Thunderbolt|Modest||F|||50|
|showteam|p2|Staraptor||Staraptite|Intimidate|CloseCombat,DualWingbeat,Roost,Protect|Jolly||F|||50|]Incineroar||PasshoBerry|Intimidate|FlareBlitz,ThroatChop,FakeOut,PartingShot|Careful||M|||50|]Sinistcha||KasibBerry|Hospitality|MatchaGotcha,LifeDew,RagePowder,Protect|Bold|||||50|]Maushold||FocusSash|FriendGuard|SunnyDay,FollowMe,Charm,Protect|Timid|||||50|]Delphox||Delphoxite|Blaze|HeatWave,Psyshock,NastyPlot,Protect|Timid||F|||50|]Grimmsnarl||RoseliBerry|Prankster|FakeOut,SpiritBreak,FakeTears,PartingShot|Impish||M|||50|
|c|☆m4nabu|glhf
|inactive|Battle timer is ON: inactive players will automatically lose when time's up. (requested by m4nabu)
|
|t:|1782326437
|teamsize|p1|4
|teamsize|p2|4
|start
|switch|p1a: Grimmsnarl|Grimmsnarl, L50, M|100/100
|switch|p1b: Raichu|Raichu, L50, F|100/100
|switch|p2a: Delphox|Delphox, L50, F|100/100
|switch|p2b: Grimmsnarl|Grimmsnarl, L50, M|100/100
|turn|1
|
|t:|1782326459
|switch|p2b: Sinistcha|Sinistcha, L50|100/100
|move|p2a: Delphox|Protect|p2a: Delphox
|-singleturn|p2a: Delphox|Protect
|move|p1b: Raichu|Fake Out|p2b: Sinistcha
|-immune|p2b: Sinistcha
|move|p1a: Grimmsnarl|Light Screen|p1a: Grimmsnarl
|-sidestart|p1: Testing987654|move: Light Screen
|
|upkeep
|turn|2
|
|t:|1782326475
|detailschange|p2a: Delphox|Delphox-Mega, L50, F
|-mega|p2a: Delphox|Delphox|Delphoxite
|move|p2b: Sinistcha|Rage Powder|p2b: Sinistcha
|-singleturn|p2b: Sinistcha|move: Rage Powder
|move|p1a: Grimmsnarl|Parting Shot|p2b: Sinistcha
|-unboost|p2b: Sinistcha|atk|1
|-unboost|p2b: Sinistcha|spa|1
|
|t:|1782326481
|switch|p1a: Staraptor|Staraptor, L50, M|100/100|[from] Parting Shot
|-ability|p1a: Staraptor|Intimidate|boost
|-unboost|p2a: Delphox|atk|1
|-unboost|p2b: Sinistcha|atk|1
|move|p2a: Delphox|Nasty Plot|p2a: Delphox
|-boost|p2a: Delphox|spa|2
|move|p1b: Raichu|Thunderbolt|p2b: Sinistcha
|-resisted|p2b: Sinistcha|1
|-damage|p2b: Sinistcha|77/100
|-status|p2b: Sinistcha|par
|
|upkeep
|turn|3
|inactive|Testing987654 has 30 seconds left.
|
|t:|1782326508
|switch|p2b: Maushold|Maushold, L50|100/100
|detailschange|p1a: Staraptor|Staraptor-Mega, L50, M
|-mega|p1a: Staraptor|Staraptor|Staraptite
|move|p2a: Delphox|Psyshock|p1a: Staraptor
|-supereffective|p1a: Staraptor|1
|-damage|p1a: Staraptor|0 fnt
|faint|p1a: Staraptor
|move|p1b: Raichu|Thunderbolt|p2a: Delphox
|-damage|p2a: Delphox|71/100
|
|upkeep
|
|t:|1782326519
|switch|p1a: Grimmsnarl|Grimmsnarl, L50, M|100/100
|turn|4
|
|t:|1782326531
|move|p2b: Maushold|Follow Me|p2b: Maushold
|-singleturn|p2b: Maushold|move: Follow Me
|move|p1a: Grimmsnarl|Reflect|p1a: Grimmsnarl
|-sidestart|p1: Testing987654|Reflect
|move|p2a: Delphox|Heat Wave|p1b: Raichu|[spread] p1a,p1b
|-damage|p1a: Grimmsnarl|56/100
|-damage|p1b: Raichu|21/100
|move|p1b: Raichu|Thunderbolt|p2b: Maushold
|-damage|p2b: Maushold|47/100
|
|upkeep
|turn|5
|
|t:|1782326549
|switch|p1b: Toxapex|Toxapex, L50, M|100/100
|move|p2b: Maushold|Follow Me|p2b: Maushold
|-singleturn|p2b: Maushold|move: Follow Me
|move|p2a: Delphox|Heat Wave|p1a: Grimmsnarl|[spread] p1a,p1b
|-resisted|p1b: Toxapex|1
|-damage|p1a: Grimmsnarl|15/100
|-damage|p1b: Toxapex|83/100
|move|p1a: Grimmsnarl|Spirit Break|p2b: Maushold
|-damage|p2b: Maushold|8/100
|-unboost|p2b: Maushold|spa|1
|
|-heal|p1b: Toxapex|89/100|[from] item: Leftovers
|upkeep
|turn|6
|
|t:|1782326570
|move|p2b: Maushold|Follow Me|p2b: Maushold
|-singleturn|p2b: Maushold|move: Follow Me
|move|p2a: Delphox|Psyshock|p1b: Toxapex
|-supereffective|p1b: Toxapex|1
|-damage|p1b: Toxapex|0 fnt
|faint|p1b: Toxapex
|move|p1a: Grimmsnarl|Spirit Break|p2b: Maushold
|-damage|p2b: Maushold|0 fnt
|faint|p2b: Maushold
|
|upkeep
|
|t:|1782326581
|switch|p2b: Grimmsnarl|Grimmsnarl, L50, M|100/100
|switch|p1b: Raichu|Raichu, L50, F|21/100
|turn|7
|
|t:|1782326586
|switch|p2b: Sinistcha|Sinistcha, L50|77/100 par
|-heal|p2a: Delphox|95/100|[from] ability: Hospitality|[of] p2b: Sinistcha
|move|p2a: Delphox|Protect|p2a: Delphox
|-singleturn|p2a: Delphox|Protect
|move|p1b: Raichu|Fake Out|p2b: Sinistcha
|-immune|p2b: Sinistcha
|move|p1a: Grimmsnarl|Spirit Break|p2a: Delphox
|-activate|p2a: Delphox|move: Protect
|
|upkeep
|turn|8
|
|t:|1782326601
|move|p2b: Sinistcha|Rage Powder|p2b: Sinistcha
|-singleturn|p2b: Sinistcha|move: Rage Powder
|move|p2a: Delphox|Heat Wave|p1b: Raichu|[spread] p1a,p1b
|-damage|p1a: Grimmsnarl|0 fnt
|-damage|p1b: Raichu|0 fnt
|faint|p1a: Grimmsnarl
|faint|p1b: Raichu
|
|win|m4nabu
|l|☆Testing987654
|player|p1|
||m4nabu is ready for game 2.
||Testing987654 is ready for game 2.
|uhtml|next|Next: Game 2 of 3
