|j|☆WeVibein
|j|☆ProtoZeroYT
|html|WeVibeinProtoZeroYT    
|uhtml|bestof|Game 3 of a best-of-3
|t:|1757136444
|gametype|doubles
|player|p1|WeVibein|170|1109
|player|p2|ProtoZeroYT|miku-flying|1039
|gen|9
|tier|[Gen 9] VGC 2025 Reg H (Bo3)
|rated|
|rule|Species Clause: Limit one of each Pokémon
|rule|Item Clause: Limit 1 of each item
|clearpoke
|poke|p1|Ursaluna, L50, M|
|poke|p1|Incineroar, L50, F|
|poke|p1|Porygon2, L50|
|poke|p1|Amoonguss, L50, F|
|poke|p1|Primarina, L50, F|
|poke|p1|Dragonite, L50, M|
|poke|p2|Sneasler, L50, F|
|poke|p2|Indeedee, L50, M|
|poke|p2|Volcarona, L50, M|
|poke|p2|Ursaluna-Bloodmoon, L50, M|
|poke|p2|Annihilape, L50, F|
|poke|p2|Tyranitar, L50, M|
|teampreview|4
|showteam|p1|Ursaluna||FlameOrb|Guts|Facade,HeadlongRush,CloseCombat,Protect|||M|||50|,,,,,Normal]Incineroar||SafetyGoggles|Intimidate|FlareBlitz,KnockOff,PartingShot,FakeOut|||F|||50|,,,,,Grass]Porygon2||Eviolite|Download|TrickRoom,TeraBlast,Thunderbolt,Protect||||||50|,,,,,Flying]Amoonguss||RockyHelmet|Regenerator|Spore,RagePowder,SludgeBomb,Protect|||F|||50|,,,,,Ghost]Primarina||LifeOrb|LiquidVoice|HyperVoice,Moonblast,Psychic,Protect|||F|||50|,,,,,Poison]Dragonite||LoadedDice|Multiscale|ScaleShot,Tailwind,AerialAce,Protect|||M|||50|,,,,,Fairy
|showteam|p2|Sneasler||PsychicSeed|Unburden|CloseCombat,DireClaw,ThroatChop,Protect|||F|||50|,,,,,Dark]Indeedee||ChoiceScarf|PsychicSurge|ExpandingForce,TeraBlast,Trick,Protect|||M|||50|,,,,,Psychic]Volcarona||SitrusBerry|FlameBody|Overheat,StruggleBug,RagePowder,Tailwind|||M|||50|,,,,,Grass]Ursaluna-Bloodmoon||LifeOrb|MindsEye|BloodMoon,HyperVoice,EarthPower,Protect|||M|||50|,,,,,Normal]Annihilape||SafetyGoggles|Defiant|CloseCombat,RageFist,Taunt,FinalGambit|||F|||50|,,,,,Fairy]Tyranitar||AssaultVest|SandStream|RockSlide,KnockOff,TeraBlast,LowKick|||M|||50|,,,,,Flying
|inactive|Battle timer is ON: inactive players will automatically lose when time's up. (requested by ProtoZeroYT)
|
|t:|1757136489
|teamsize|p1|4
|teamsize|p2|4
|start
|switch|p1a: Dragonite|Dragonite, L50, M|100/100
|switch|p1b: Amoonguss|Amoonguss, L50, F|100/100
|switch|p2a: Volcarona|Volcarona, L50, M|100/100
|switch|p2b: Annihilape|Annihilape, L50, F|100/100
|turn|1
|inactive|WeVibein has 30 seconds left.
|inactive|ProtoZeroYT has 30 seconds left.
|inactive|WeVibein has 20 seconds left.
|
|t:|1757136527
|-terastallize|p1b: Amoonguss|Ghost
|move|p1a: Dragonite|Protect|p1a: Dragonite
|-singleturn|p1a: Dragonite|Protect
|move|p2a: Volcarona|Tailwind|p2a: Volcarona
|-sidestart|p2: ProtoZeroYT|move: Tailwind
|move|p2b: Annihilape|Final Gambit|p1a: Dragonite
|-activate|p1a: Dragonite|move: Protect
|move|p1b: Amoonguss|Spore|p2a: Volcarona
|-status|p2a: Volcarona|slp|[from] move: Spore
|
|upkeep
|turn|2
|inactive|WeVibein has 30 seconds left.
|
|t:|1757136553
|switch|p1a: Incineroar|Incineroar, L50, F|100/100
|-ability|p1a: Incineroar|Intimidate|boost
|-unboost|p2a: Volcarona|atk|1
|-unboost|p2b: Annihilape|atk|1
|-ability|p2b: Annihilape|Defiant|boost
|-boost|p2b: Annihilape|atk|2
|cant|p2a: Volcarona|slp
|move|p2b: Annihilape|Final Gambit|p1a: Incineroar
|-damage|p1a: Incineroar|0 fnt
|faint|p2b: Annihilape
|faint|p1a: Incineroar
|move|p1b: Amoonguss|Sludge Bomb|p2a: Volcarona
|-damage|p2a: Volcarona|73/100 slp
|
|upkeep
|
|t:|1757136570
|switch|p2b: Sneasler|Sneasler, L50, F|100/100
|switch|p1a: Dragonite|Dragonite, L50, M|100/100
|turn|3
|inactive|ProtoZeroYT has 30 seconds left.
|
|t:|1757136598
|switch|p2a: Indeedee|Indeedee, L50, M|100/100
|-fieldstart|move: Psychic Terrain|[from] ability: Psychic Surge|[of] p2a: Indeedee
|-enditem|p2b: Sneasler|Psychic Seed
|-boost|p2b: Sneasler|spd|1|[from] item: Psychic Seed
|move|p2b: Sneasler|Protect|p2b: Sneasler
|-singleturn|p2b: Sneasler|Protect
|move|p1b: Amoonguss|Rage Powder|p1b: Amoonguss
|-singleturn|p1b: Amoonguss|move: Rage Powder
|move|p1a: Dragonite|Scale Shot|p2b: Sneasler
|-activate|p2b: Sneasler|move: Protect
|
|upkeep
|turn|4
|inactive|ProtoZeroYT has 30 seconds left.
|inactive|ProtoZeroYT has 20 seconds left.
|
|t:|1757136637
|-terastallize|p2a: Indeedee|Psychic
|move|p1a: Dragonite|Protect|p1a: Dragonite
|-singleturn|p1a: Dragonite|Protect
|move|p1b: Amoonguss|Protect|p1b: Amoonguss
|-singleturn|p1b: Amoonguss|Protect
|move|p2b: Sneasler|Close Combat|p1a: Dragonite
|-activate|p1a: Dragonite|move: Protect
|move|p2a: Indeedee|Expanding Force|p1a: Dragonite|[spread] 
|-activate|p1a: Dragonite|move: Protect
|-activate|p1b: Amoonguss|move: Protect
|
|-sideend|p2: ProtoZeroYT|move: Tailwind
|upkeep
|turn|5
|
|t:|1757136657
|move|p1b: Amoonguss|Rage Powder|p1b: Amoonguss
|-singleturn|p1b: Amoonguss|move: Rage Powder
|move|p2b: Sneasler|Dire Claw|p1b: Amoonguss
|-resisted|p1b: Amoonguss
|-damage|p1b: Amoonguss|83/100
|-damage|p2b: Sneasler|84/100|[from] item: Rocky Helmet|[of] p1b: Amoonguss
|move|p2a: Indeedee|Expanding Force|p1b: Amoonguss|[spread] p1a,p1b
|-damage|p1a: Dragonite|63/100
|-damage|p1b: Amoonguss|12/100
|move|p1a: Dragonite|Scale Shot|p2a: Indeedee
|-damage|p2a: Indeedee|70/100
|-damage|p2a: Indeedee|39/100
|-damage|p2a: Indeedee|6/100
|-damage|p2a: Indeedee|0 fnt
|faint|p2a: Indeedee
|-hitcount|p2: Indeedee|4
|-unboost|p1a: Dragonite|def|1
|-boost|p1a: Dragonite|spe|1
|
|upkeep
|
|t:|1757136665
|switch|p2a: Volcarona|Volcarona, L50, M|73/100 slp
|turn|6
|
|t:|1757136689
|move|p1b: Amoonguss|Rage Powder|p1b: Amoonguss
|-singleturn|p1b: Amoonguss|move: Rage Powder
|move|p2b: Sneasler|Dire Claw|p1b: Amoonguss
|-resisted|p1b: Amoonguss
|-damage|p1b: Amoonguss|0 fnt
|-damage|p2b: Sneasler|68/100|[from] item: Rocky Helmet|[of] p1b: Amoonguss
|faint|p1b: Amoonguss
|cant|p2a: Volcarona|slp
|move|p1a: Dragonite|Scale Shot|p2b: Sneasler
|-damage|p2b: Sneasler|41/100
|-damage|p2b: Sneasler|16/100
|-damage|p2b: Sneasler|0 fnt
|faint|p2b: Sneasler
|-hitcount|p2: Sneasler|3
|-unboost|p1a: Dragonite|def|1
|-boost|p1a: Dragonite|spe|1
|
|upkeep
|
|t:|1757136706
|switch|p1b: Primarina|Primarina, L50, F|100/100
|turn|7
|-message|ProtoZeroYT forfeited.
|
|win|WeVibein
|raw|WeVibein's rating: 1109 → 1129(+20 for winning)
|raw|ProtoZeroYT's rating: 1039 → 1026(-13 for losing)
