|j|☆gambitofking
|j|☆sttuarrt
|html|gambitofkingsttuarrt    
|uhtml|bestof|Game 1 of a best-of-3
|t:|1782512495
|gametype|doubles
|player|p1|gambitofking|miku-grass|1087
|player|p2|sttuarrt|skier|1115
|gen|9
|tier|[Gen 9 Champions] VGC 2026 Reg M-B (Bo3)
|rated|
|rule|Species Clause: Limit one of each Pokémon
|rule|Item Clause: Limit 1 of each item
|clearpoke
|poke|p1|Mawile, L50, F|
|poke|p1|Ceruledge, L50, M|
|poke|p1|Farigiraf, L50, M|
|poke|p1|Milotic, L50, M|
|poke|p1|Sinistcha, L50|
|poke|p1|Sneasler, L50, M|
|poke|p2|Sneasler, L50, F, shiny|
|poke|p2|Blastoise, L50, F|
|poke|p2|Vivillon-Monsoon, L50, F, shiny|
|poke|p2|Farigiraf, L50, F|
|poke|p2|Skarmory, L50, M, shiny|
|poke|p2|Pelipper, L50, F|
|teampreview|4
|showteam|p1|Mawile||Mawilite|HyperCutter|Protect,IronHead,PlayRough,Crunch|Adamant||F|||50|]Ceruledge||LifeOrb|FlashFire|Protect,BitterBlade,ShadowSneak,BulkUp|Adamant||M|||50|]Farigiraf||SitrusBerry|ArmorTail|Protect,Psychic,HelpingHand,TrickRoom|Bold||M|||50|]Milotic||Leftovers|Competitive|MuddyWater,IcyWind,Coil,Hypnosis|Bold||M|||50|]Sinistcha||ColburBerry|Hospitality|MatchaGotcha,ShadowBall,RagePowder,LifeDew|Impish|||||50|]Sneasler||WhiteHerb|Unburden|Protect,FakeOut,DireClaw,CloseCombat|Adamant||M|||50|
|showteam|p2|Sneasler||WhiteHerb|Unburden|FakeOut,DireClaw,CloseCombat,Feint|Jolly||F|||50|]Blastoise||Blastoisinite|Torrent|WaterSpout,DarkPulse,ShellSmash,FakeOut|Modest||F|||50|]Vivillon-Monsoon||ChoiceScarf|CompoundEyes|SleepPowder,Hurricane,RainDance,RagePowder|Timid||F|||50|]Farigiraf||LifeOrb|ArmorTail|TrickRoom,Psychic,HyperVoice,Protect|Modest||F|||50|]Skarmory||Skarmorite|Sturdy|BraveBird,IronHead,RockTomb,Tailwind|Jolly||M|||50|]Pelipper||FocusSash|Drizzle|Tailwind,Hurricane,WeatherBall,Protect|Modest||F|||50|
|inactive|Battle timer is ON: inactive players will automatically lose when time's up. (requested by sttuarrt)
|inactive|gambitofking has 60 seconds left.
|inactive|gambitofking has 30 seconds left.
|inactive|gambitofking has 20 seconds left.
|inactive|gambitofking has 15 seconds left.
|inactive|gambitofking has 10 seconds left.
|inactive|gambitofking has 5 seconds left.
|
|t:|1782512608
|teamsize|p1|4
|teamsize|p2|4
|start
|switch|p1a: JoeShmoe|Sinistcha, L50|100/100
|switch|p1b: Enma|Ceruledge, L50, M|100/100
|switch|p2a: Blastoise|Blastoise, L50, F|100/100
|switch|p2b: Vivillon|Vivillon-Monsoon, L50, F, shiny|100/100
|turn|1
|inactive|sttuarrt has 30 seconds left.
|
|t:|1782512637
|detailschange|p2a: Blastoise|Blastoise-Mega, L50, F
|-mega|p2a: Blastoise|Blastoise|Blastoisinite
|move|p1b: Enma|Protect|p1b: Enma
|-singleturn|p1b: Enma|Protect
|move|p2b: Vivillon|Hurricane|p1a: JoeShmoe
|-supereffective|p1a: JoeShmoe|1
|-damage|p1a: JoeShmoe|31/100
|move|p2a: Blastoise|Dark Pulse|p1b: Enma
|-activate|p1b: Enma|move: Protect
|move|p1a: JoeShmoe|Matcha Gotcha|p2a: Blastoise|[spread] p2a,p2b
|-supereffective|p2a: Blastoise|1
|-resisted|p2b: Vivillon|2
|-damage|p2a: Blastoise|56/100
|-heal|p1a: JoeShmoe|50/100g|[from] drain|[of] p2a: Blastoise
|-damage|p2b: Vivillon|90/100
|-heal|p1a: JoeShmoe|55/100|[from] drain|[of] p2b: Vivillon
|-status|p2b: Vivillon|brn
|
|-damage|p2b: Vivillon|85/100 brn|[from] brn
|upkeep
|turn|2
|inactive|gambitofking has 30 seconds left.
|inactive|sttuarrt has 30 seconds left.
|inactive|gambitofking has 20 seconds left.
|inactive|gambitofking has 15 seconds left.
|
|t:|1782512678
|switch|p1b: Feesh|Milotic, L50, M|100/100
|move|p2b: Vivillon|Hurricane|p1a: JoeShmoe
|-supereffective|p1a: JoeShmoe|1
|-damage|p1a: JoeShmoe|0 fnt
|faint|p1a: JoeShmoe
|move|p2a: Blastoise|Shell Smash|p2a: Blastoise
|-unboost|p2a: Blastoise|def|1
|-unboost|p2a: Blastoise|spd|1
|-boost|p2a: Blastoise|atk|2
|-boost|p2a: Blastoise|spa|2
|-boost|p2a: Blastoise|spe|2
|
|-damage|p2b: Vivillon|79/100 brn|[from] brn
|upkeep
|
|t:|1782512692
|switch|p1a: PrankEmJohn|Sneasler, L50, M|100/100
|turn|3
|
|t:|1782512701
|switch|p2b: Farigiraf|Farigiraf, L50, F|100/100
|move|p1a: PrankEmJohn|Fake Out||[still]
|cant|p2b: Farigiraf|ability: Armor Tail|Fake Out|[of] p1a: PrankEmJohn
|move|p2a: Blastoise|Dark Pulse|p1b: Feesh
|-damage|p1b: Feesh|32/100
|move|p1b: Feesh|Hypnosis|p2a: Blastoise
|-status|p2a: Blastoise|slp|[from] move: Hypnosis
|
|-heal|p1b: Feesh|38/100|[from] item: Leftovers
|upkeep
|turn|4
|
|t:|1782512725
|cant|p2a: Blastoise|slp
|move|p1a: PrankEmJohn|Close Combat|p2a: Blastoise
|-damage|p2a: Blastoise|0 fnt
|-unboost|p1a: PrankEmJohn|def|1
|-unboost|p1a: PrankEmJohn|spd|1
|faint|p2a: Blastoise
|-enditem|p1a: PrankEmJohn|White Herb
|-clearnegativeboost|p1a: PrankEmJohn|[silent]
|move|p1b: Feesh|Hypnosis|p2b: Farigiraf
|-status|p2b: Farigiraf|slp|[from] move: Hypnosis
|cant|p2b: Farigiraf|slp
|
|-heal|p1b: Feesh|44/100|[from] item: Leftovers
|upkeep
|
|t:|1782512736
|switch|p2a: Vivillon|Vivillon-Monsoon, L50, F, shiny|79/100 brn
|turn|5
|inactive|gambitofking has 30 seconds left.
|
|t:|1782512767
|move|p1a: PrankEmJohn|Close Combat|p2b: Farigiraf
|-damage|p2b: Farigiraf|32/100 slp
|-unboost|p1a: PrankEmJohn|def|1
|-unboost|p1a: PrankEmJohn|spd|1
|move|p2a: Vivillon|Sleep Powder|p1b: Feesh
|-status|p1b: Feesh|slp|[from] move: Sleep Powder
|cant|p1b: Feesh|slp
|-curestatus|p2b: Farigiraf|slp|[msg]
|move|p2b: Farigiraf|Psychic|p1a: PrankEmJohn
|-supereffective|p1a: PrankEmJohn|2
|-damage|p1a: PrankEmJohn|0 fnt
|faint|p1a: PrankEmJohn
|-damage|p2b: Farigiraf|22/100|[from] item: Life Orb
|
|-heal|p1b: Feesh|50/100y slp|[from] item: Leftovers
|-damage|p2a: Vivillon|73/100 brn|[from] brn
|upkeep
|
|t:|1782512785
|switch|p1a: Enma|Ceruledge, L50, M|100/100
|turn|6
|
|t:|1782512795
|move|p2a: Vivillon|Sleep Powder|p1a: Enma
|-status|p1a: Enma|slp|[from] move: Sleep Powder
|cant|p1a: Enma|slp
|cant|p1b: Feesh|slp
|move|p2b: Farigiraf|Psychic|p1b: Feesh
|-damage|p1b: Feesh|6/100 slp
|-damage|p2b: Farigiraf|13/100|[from] item: Life Orb
|
|-heal|p1b: Feesh|12/100 slp|[from] item: Leftovers
|-damage|p2a: Vivillon|67/100 brn|[from] brn
|upkeep
|turn|7
|
|t:|1782512811
|move|p2a: Vivillon|Sleep Powder|p1b: Feesh
|-fail|p1b: Feesh|slp
|cant|p1a: Enma|slp
|-curestatus|p1b: Feesh|slp|[msg]
|move|p1b: Feesh|Muddy Water|p2b: Farigiraf|[spread] p2a,p2b
|-damage|p2a: Vivillon|28/100 brn
|-damage|p2b: Farigiraf|0 fnt
|faint|p2b: Farigiraf
|
|-heal|p1b: Feesh|18/100|[from] item: Leftovers
|-damage|p2a: Vivillon|22/100 brn|[from] brn
|upkeep
|
|t:|1782512814
|switch|p2b: Pelipper|Pelipper, L50, F|100/100
|-weather|RainDance|[from] ability: Drizzle|[of] p2b: Pelipper
|turn|8
|inactive|gambitofking has 30 seconds left.
|inactive|gambitofking has 20 seconds left.
|inactive|gambitofking has 15 seconds left.
|inactive|gambitofking has 10 seconds left.
|
|t:|1782512864
|-curestatus|p1a: Enma|slp|[msg]
|move|p1a: Enma|Shadow Sneak|p2a: Vivillon
|-damage|p2a: Vivillon|0 fnt
|faint|p2a: Vivillon
|-damage|p1a: Enma|90/100|[from] item: Life Orb
|move|p2b: Pelipper|Weather Ball|p1a: Enma
|-supereffective|p1a: Enma|1
|-damage|p1a: Enma|0 fnt
|faint|p1a: Enma
|move|p1b: Feesh|Icy Wind|p2b: Pelipper
|-damage|p2b: Pelipper|77/100
|-unboost|p2b: Pelipper|spe|1
|
|-weather|RainDance|[upkeep]
|-heal|p1b: Feesh|24/100|[from] item: Leftovers
|upkeep
|turn|9
|
|t:|1782512882
|move|p1b: Feesh|Hypnosis|p2b: Pelipper|[miss]
|-miss|p1b: Feesh|p2b: Pelipper
|move|p2b: Pelipper|Hurricane|p1b: Feesh
|-damage|p1b: Feesh|0 fnt
|faint|p1b: Feesh
|
|win|sttuarrt
||gambitofking is ready for game 2.
|inactive|sttuarrt has 30 seconds to confirm battle start!
||sttuarrt is ready for game 2.
|uhtml|next|Next: Game 2 of 3
|l|☆gambitofking
|player|p1|
