|j|☆Uniursh
|j|☆sloth diesel
|html|Uniurshsloth diesel    
|uhtml|bestof|Game 3 of a best-of-3
|t:|1757100767
|gametype|doubles
|player|p1|Uniursh|ingo|1013
|player|p2|sloth diesel|archie-usum|1119
|gen|9
|tier|[Gen 9] VGC 2025 Reg H (Bo3)
|rated|
|rule|Species Clause: Limit one of each Pokémon
|rule|Item Clause: Limit 1 of each item
|clearpoke
|poke|p1|Lilligant-Hisui, L50, F|
|poke|p1|Umbreon, L50, M|
|poke|p1|Volcarona, L50, M|
|poke|p1|Ninetales, L50, M|
|poke|p1|Jumpluff, L50, F|
|poke|p1|Ursaluna-Bloodmoon, L50, M|
|poke|p2|Tyranitar, L50, F|
|poke|p2|Corviknight, L50, M|
|poke|p2|Arcanine-Hisui, L50, F|
|poke|p2|Whimsicott, L50, F|
|poke|p2|Dragonite, L50, M|
|poke|p2|Ursaluna-Bloodmoon, L50, M|
|teampreview|4
|showteam|p1|Lilligant-Hisui||WideLens|Chlorophyll|SolarBlade,CloseCombat,SleepPowder,TripleAxel|||F|||50|,,,,,Ghost]Umbreon||Leftovers|InnerFocus|FoulPlay,Snarl,Taunt,SkillSwap|||M|||50|,,,,,Water]Volcarona||SafetyGoggles|FlameBody|QuiverDance,FieryDance,BugBuzz,Protect|||M|||50|,,,,,Ghost]Ninetales||BlunderPolicy|Drought|WillOWisp,SolarBeam,HeatWave,SunnyDay|||M|||50|,,,,,Grass]Jumpluff||CovertCloak|Chlorophyll|Tailwind,SleepPowder,RagePowder,Encore|||F|||50|,,,,,Dark]Ursaluna-Bloodmoon||AssaultVest|MindsEye|EarthPower,BloodMoon,HyperVoice,VacuumWave|||M|||50|,,,,,Normal
|showteam|p2|Tyranitar||AssaultVest|SandStream|RockSlide,KnockOff,LowKick,TeraBlast|||F|||50|,,,,,Grass]Corviknight||SitrusBerry|MirrorArmor|BraveBird,PowerTrip,BulkUp,Roost|||M|||50|,,,,,Water]Arcanine-Hisui||ClearAmulet|Intimidate|RockSlide,ExtremeSpeed,FlareBlitz,Protect|||F|||50|,,,,,Water]Whimsicott||CovertCloak|Prankster|Moonblast,Tailwind,Tickle,Taunt|||F|||50|,,,,,Steel]Dragonite||LoadedDice|Multiscale|ScaleShot,StompingTantrum,Protect,Haze|||M|||50|,,,,,Ground]Ursaluna-Bloodmoon||LifeOrb|MindsEye|HyperVoice,EarthPower,BloodMoon,Protect|||M|||50|,,,,,Normal
|
|t:|1757100782
|teamsize|p1|4
|teamsize|p2|4
|start
|switch|p1a: Carnifax|Umbreon, L50, M|100/100
|switch|p1b: FullMetalAlchemist|Ursaluna-Bloodmoon, L50, M|100/100
|switch|p2a: Tyranitar|Tyranitar, L50, F|100/100
|switch|p2b: Corviknight|Corviknight, L50, M|100/100
|-weather|Sandstorm|[from] ability: Sand Stream|[of] p2a: Tyranitar
|turn|1
|
|t:|1757100826
|move|p2a: Tyranitar|Knock Off|p1b: FullMetalAlchemist
|-damage|p1b: FullMetalAlchemist|62/100
|-enditem|p1b: FullMetalAlchemist|Assault Vest|[from] move: Knock Off|[of] p2a: Tyranitar
|move|p2b: Corviknight|Bulk Up|p2b: Corviknight
|-boost|p2b: Corviknight|atk|1
|-boost|p2b: Corviknight|def|1
|move|p1a: Carnifax|Taunt|p2b: Corviknight
|-start|p2b: Corviknight|move: Taunt
|move|p1b: FullMetalAlchemist|Earth Power|p2a: Tyranitar
|-supereffective|p2a: Tyranitar
|-damage|p2a: Tyranitar|57/100
|
|-weather|Sandstorm|[upkeep]
|-damage|p1a: Carnifax|94/100|[from] Sandstorm
|-heal|p1a: Carnifax|100/100|[from] item: Leftovers
|upkeep
|turn|2
|
|t:|1757100861
|move|p2a: Tyranitar|Low Kick|p1b: FullMetalAlchemist
|-supereffective|p1b: FullMetalAlchemist
|-damage|p1b: FullMetalAlchemist|0 fnt
|faint|p1b: FullMetalAlchemist
|move|p2b: Corviknight|Brave Bird|p1a: Carnifax
|-damage|p1a: Carnifax|55/100
|-damage|p2b: Corviknight|86/100|[from] Recoil
|move|p1a: Carnifax|Foul Play|p2b: Corviknight
|-crit|p2b: Corviknight
|-damage|p2b: Corviknight|23/100
|-enditem|p2b: Corviknight|Sitrus Berry|[eat]
|-heal|p2b: Corviknight|48/100|[from] item: Sitrus Berry
|
|-weather|Sandstorm|[upkeep]
|-damage|p1a: Carnifax|49/100|[from] Sandstorm
|-heal|p1a: Carnifax|55/100|[from] item: Leftovers
|upkeep
|
|t:|1757100880
|switch|p1b: Vulcanus|Volcarona, L50, M|100/100
|turn|3
|
|t:|1757100895
|switch|p2a: Arcanine|Arcanine-Hisui, L50, F|100/100
|-ability|p2a: Arcanine|Intimidate|boost
|-fail|p1a: Carnifax|unboost|Attack|[from] ability: Inner Focus|[of] p1a: Carnifax
|-unboost|p1b: Vulcanus|atk|1
|-terastallize|p1b: Vulcanus|Ghost
|-terastallize|p2b: Corviknight|Water
|move|p1b: Vulcanus|Quiver Dance|p1b: Vulcanus
|-boost|p1b: Vulcanus|spa|1
|-boost|p1b: Vulcanus|spd|1
|-boost|p1b: Vulcanus|spe|1
|move|p2b: Corviknight|Brave Bird|p1b: Vulcanus
|-damage|p1b: Vulcanus|2/100
|-damage|p2b: Corviknight|22/100|[from] Recoil
|move|p1a: Carnifax|Foul Play|p2b: Corviknight
|-damage|p2b: Corviknight|0 fnt
|faint|p2b: Corviknight
|
|-weather|Sandstorm|[upkeep]
|-damage|p1a: Carnifax|49/100|[from] Sandstorm
|-heal|p1a: Carnifax|55/100|[from] item: Leftovers
|upkeep
|
|t:|1757100936
|switch|p2b: Ursaluna|Ursaluna-Bloodmoon, L50, M|100/100
|turn|4
|
|t:|1757100978
|move|p1b: Vulcanus|Bug Buzz|p2b: Ursaluna
|-damage|p2b: Ursaluna|0 fnt
|faint|p2b: Ursaluna
|move|p2a: Arcanine|Rock Slide|p1a: Carnifax|[spread] p1a,p1b
|-damage|p1a: Carnifax|39/100
|-damage|p1b: Vulcanus|0 fnt
|faint|p1b: Vulcanus
|move|p1a: Carnifax|Foul Play|p2a: Arcanine
|-damage|p2a: Arcanine|42/100
|
|-weather|Sandstorm|[upkeep]
|-damage|p1a: Carnifax|33/100|[from] Sandstorm
|-heal|p1a: Carnifax|39/100|[from] item: Leftovers
|upkeep
|
|t:|1757100990
|switch|p1b: Lillimon|Lilligant-Hisui, L50, F|100/100
|switch|p2b: Tyranitar|Tyranitar, L50, F|57/100
|turn|5
|
|t:|1757101022
|move|p1b: Lillimon|Triple Axel|p2b: Tyranitar
|-damage|p2b: Tyranitar|50/100
|-damage|p2b: Tyranitar|39/100
|-damage|p2b: Tyranitar|21/100
|-hitcount|p2b: Tyranitar|3
|move|p2a: Arcanine|Flare Blitz|p1b: Lillimon
|-supereffective|p1b: Lillimon
|-damage|p1b: Lillimon|0 fnt
|faint|p1b: Lillimon
|-damage|p2a: Arcanine|14/100|[from] Recoil
|move|p2b: Tyranitar|Low Kick|p1a: Carnifax
|-supereffective|p1a: Carnifax
|-damage|p1a: Carnifax|10/100
|move|p1a: Carnifax|Foul Play|p2a: Arcanine
|-damage|p2a: Arcanine|0 fnt
|faint|p2a: Arcanine
|
|-weather|none
|-heal|p1a: Carnifax|16/100|[from] item: Leftovers
|upkeep
|turn|6
|
|t:|1757101045
|move|p2b: Tyranitar|Low Kick|p1a: Carnifax
|-supereffective|p1a: Carnifax
|-damage|p1a: Carnifax|0 fnt
|faint|p1a: Carnifax
|
|win|sloth diesel
|raw|Uniursh's rating: 1013 → 1005(-8 for losing)
|raw|sloth diesel's rating: 1119 → 1137(+18 for winning)
|c|☆Uniursh|gg
|c|☆sloth diesel|gg
