|badge|p2|silver|gen9doublesou|30-6
|uhtml|medal-msg|Curious what those medals under the avatar are? PS now has Ladder Seasons! For more information, check out the thread on Smogon.
|j|☆Saw725
|j|☆genesis77
|html|Saw725genesis77    
|uhtml|bestof|Game 3 of a best-of-3
|t:|1755668821
|gametype|doubles
|player|p1|Saw725|gentleman-gen4|1197
|player|p2|genesis77|blaine|1303
|gen|9
|tier|[Gen 9] VGC 2025 Reg H (Bo3)
|rated|
|rule|Species Clause: Limit one of each Pokémon
|rule|Item Clause: Limit 1 of each item
|clearpoke
|poke|p1|Sneasler, L50, F|
|poke|p1|Indeedee, L50, M|
|poke|p1|Volcarona, L50, F|
|poke|p1|Ursaluna-Bloodmoon, L50, M|
|poke|p1|Annihilape, L50, F|
|poke|p1|Tyranitar, L50, F|
|poke|p2|Politoed, L50, F|
|poke|p2|Gothitelle, L50, M|
|poke|p2|Kingdra, L50, M|
|poke|p2|Archaludon, L50, F|
|poke|p2|Amoonguss, L50, M|
|poke|p2|Incineroar, L50, M|
|teampreview|4
|showteam|p1|Sneasler||PsychicSeed|Unburden|CloseCombat,DireClaw,ThroatChop,Protect|||F|||50|,,,,,Dark]Indeedee||ChoiceScarf|PsychicSurge|ExpandingForce,TeraBlast,Trick,Protect|||M|||50|,,,,,Psychic]Volcarona||SitrusBerry|FlameBody|Overheat,StruggleBug,RagePowder,Tailwind|||F|||50|,,,,,Grass]Ursaluna-Bloodmoon||LifeOrb|MindsEye|BloodMoon,HyperVoice,EarthPower,Protect|||M|||50|,,,,,Normal]Annihilape||SafetyGoggles|Defiant|CloseCombat,RageFist,FinalGambit,Taunt|||F|||50|,,,,,Fairy]Tyranitar||AssaultVest|SandStream|TeraBlast,RockSlide,LowKick,KnockOff|||F|||50|,,,,,Flying
|showteam|p2|Politoed||Leftovers|Drizzle|Protect,WeatherBall,Encore,PerishSong|||F|||50|,,,,,Grass]Gothitelle||SitrusBerry|ShadowTag|Protect,Psychic,TrickRoom,FakeOut|||M|||50|,,,,,Dark]Kingdra||LifeOrb|SwiftSwim|Protect,DracoMeteor,WeatherBall,MuddyWater|||M|||50|,,,,,Stellar]Archaludon||PowerHerb|Sturdy|Protect,ElectroShot,DragonPulse,FlashCannon|||F|||50|,,,,,Electric]Amoonguss||EjectButton|Regenerator|Protect,Spore,RagePowder,PollenPuff|||M|||50|,,,,,Fairy]Incineroar||SafetyGoggles|Intimidate|Protect,FakeOut,KnockOff,PartingShot|||M|||50|,,,,,Ghost
|inactive|Battle timer is ON: inactive players will automatically lose when time's up. (requested by genesis77)
|inactive|Saw725 has 60 seconds left.
|inactive|Saw725 has 30 seconds left.
|inactive|Saw725 has 20 seconds left.
|inactive|Saw725 has 15 seconds left.
|
|t:|1755668901
|teamsize|p1|4
|teamsize|p2|4
|start
|switch|p1a: Volcarona|Volcarona, L50, F|100/100
|switch|p1b: Annihilape|Annihilape, L50, F|100/100
|switch|p2a: Gothitelle|Gothitelle, L50, M|100/100
|switch|p2b: Kingdra|Kingdra, L50, M|100/100
|turn|1
|
|t:|1755668924
|move|p1b: Annihilape|Taunt|p2a: Gothitelle
|-start|p2a: Gothitelle|move: Taunt
|move|p2b: Kingdra|Draco Meteor|p1b: Annihilape
|-crit|p1b: Annihilape
|-damage|p1b: Annihilape|0 fnt
|-unboost|p2b: Kingdra|spa|2
|faint|p1b: Annihilape
|-damage|p2b: Kingdra|91/100|[from] item: Life Orb
|move|p1a: Volcarona|Tailwind|p1a: Volcarona
|-sidestart|p1: Saw725|move: Tailwind
|move|p2a: Gothitelle|Psychic|p1a: Volcarona
|-damage|p1a: Volcarona|75/100
|-unboost|p1a: Volcarona|spd|1
|
|upkeep
|inactive|Saw725 has 30 seconds left.
|
|t:|1755668952
|switch|p1b: Ursaluna|Ursaluna-Bloodmoon, L50, M|100/100
|turn|2
|inactive|genesis77 has 30 seconds left.
|inactive|genesis77 has 20 seconds left.
|inactive|genesis77 has 15 seconds left.
|inactive|genesis77 has 10 seconds left.
|
|t:|1755669001
|switch|p2b: Incineroar|Incineroar, L50, M|100/100
|-ability|p2b: Incineroar|Intimidate|boost
|-unboost|p1a: Volcarona|atk|1
|-unboost|p1b: Ursaluna|atk|1
|-terastallize|p1b: Ursaluna|Normal
|move|p1a: Volcarona|Struggle Bug|p2b: Incineroar|[spread] p2a,p2b
|-supereffective|p2a: Gothitelle
|-damage|p2a: Gothitelle|72/100
|-damage|p2b: Incineroar|87/100
|-unboost|p2a: Gothitelle|spa|1
|-unboost|p2b: Incineroar|spa|1
|move|p1b: Ursaluna|Hyper Voice|p2a: Gothitelle|[spread] p2a,p2b
|-damage|p2a: Gothitelle|15/100
|-damage|p2b: Incineroar|41/100
|-enditem|p2a: Gothitelle|Sitrus Berry|[eat]
|-heal|p2a: Gothitelle|40/100|[from] item: Sitrus Berry
|-damage|p1b: Ursaluna|91/100|[from] item: Life Orb
|move|p2a: Gothitelle|Psychic|p1a: Volcarona
|-damage|p1a: Volcarona|50/100
|-unboost|p1a: Volcarona|spd|1
|-enditem|p1a: Volcarona|Sitrus Berry|[eat]
|-heal|p1a: Volcarona|75/100|[from] item: Sitrus Berry
|
|upkeep
|turn|3
|inactive|Saw725 has 30 seconds left.
|
|t:|1755669031
|switch|p2a: Politoed|Politoed, L50, F|100/100
|-weather|RainDance|[from] ability: Drizzle|[of] p2a: Politoed
|move|p2b: Incineroar|Fake Out|p1b: Ursaluna
|-damage|p1b: Ursaluna|82/100
|move|p1a: Volcarona|Struggle Bug|p2a: Politoed|[spread] p2a,p2b
|-damage|p2a: Politoed|86/100
|-damage|p2b: Incineroar|26/100
|-unboost|p2a: Politoed|spa|1
|-unboost|p2b: Incineroar|spa|1
|cant|p1b: Ursaluna|flinch
|
|-weather|RainDance|[upkeep]
|-heal|p2a: Politoed|92/100|[from] item: Leftovers
|upkeep
|turn|4
|inactive|Saw725 has 30 seconds left.
|
|t:|1755669061
|switch|p1a: Indeedee|Indeedee, L50, M|100/100
|-fieldstart|move: Psychic Terrain|[from] ability: Psychic Surge|[of] p1a: Indeedee
|switch|p2a: Gothitelle|Gothitelle, L50, M|40/100
|move|p1b: Ursaluna|Hyper Voice|p2a: Gothitelle|[spread] p2a,p2b
|-damage|p2a: Gothitelle|0 fnt
|-damage|p2b: Incineroar|0 fnt
|faint|p2a: Gothitelle
|faint|p2b: Incineroar
|-damage|p1b: Ursaluna|73/100|[from] item: Life Orb
|
|-weather|RainDance|[upkeep]
|-sideend|p1: Saw725|move: Tailwind
|upkeep
|
|t:|1755669070
|switch|p2a: Politoed|Politoed, L50, F|92/100
|switch|p2b: Kingdra|Kingdra, L50, M|91/100
|turn|5
|inactive|genesis77 has 30 seconds left.
|inactive|genesis77 has 20 seconds left.
|inactive|genesis77 has 15 seconds left.
|inactive|Saw725 has 30 seconds left.
|inactive|genesis77 has 10 seconds left.
|
|t:|1755669118
|move|p2b: Kingdra|Protect|p2b: Kingdra
|-singleturn|p2b: Kingdra|Protect
|move|p1a: Indeedee|Expanding Force|p2b: Kingdra|[spread] p2a
|-activate|p2b: Kingdra|move: Protect
|-damage|p2a: Politoed|48/100
|move|p2a: Politoed|Weather Ball|p1b: Ursaluna
|-damage|p1b: Ursaluna|14/100
|move|p1b: Ursaluna|Blood Moon|p2b: Kingdra
|-activate|p2b: Kingdra|move: Protect
|
|-weather|RainDance|[upkeep]
|-heal|p2a: Politoed|54/100|[from] item: Leftovers
|upkeep
|turn|6
|
|t:|1755669140
|move|p1b: Ursaluna|Protect|p1b: Ursaluna
|-singleturn|p1b: Ursaluna|Protect
|move|p2b: Kingdra|Weather Ball|p1a: Indeedee
|-crit|p1a: Indeedee
|-damage|p1a: Indeedee|0 fnt
|faint|p1a: Indeedee
|-damage|p2b: Kingdra|82/100|[from] item: Life Orb
|move|p2a: Politoed|Weather Ball|p1b: Ursaluna
|-activate|p1b: Ursaluna|move: Protect
|
|-weather|RainDance|[upkeep]
|-heal|p2a: Politoed|60/100|[from] item: Leftovers
|upkeep
|
|t:|1755669149
|switch|p1a: Volcarona|Volcarona, L50, F|75/100
|turn|7
|
|t:|1755669163
|move|p1a: Volcarona|Rage Powder|p1a: Volcarona
|-singleturn|p1a: Volcarona|move: Rage Powder
|move|p2b: Kingdra|Weather Ball|p1a: Volcarona
|-supereffective|p1a: Volcarona
|-damage|p1a: Volcarona|0 fnt
|faint|p1a: Volcarona
|-damage|p2b: Kingdra|72/100|[from] item: Life Orb
|move|p2a: Politoed|Weather Ball|p1b: Ursaluna
|-damage|p1b: Ursaluna|0 fnt
|faint|p1b: Ursaluna
|
|win|genesis77
|raw|Saw725's rating: 1197 → 1179(-18 for losing)
|raw|genesis77's rating: 1303 → 1317(+14 for winning)
|l|☆Saw725
|player|p1|
