|j|☆lolgz
|j|☆pabloblo
|html|lolgzpabloblo    
|uhtml|bestof|Game 2 of a best-of-3
|t:|1782518483
|gametype|doubles
|player|p1|lolgz|dawn|1289
|player|p2|pabloblo|juan|1290
|gen|9
|tier|[Gen 9 Champions] VGC 2026 Reg M-B (Bo3)
|rated|
|rule|Species Clause: Limit one of each Pokémon
|rule|Item Clause: Limit 1 of each item
|clearpoke
|poke|p1|Torkoal, L50, M|
|poke|p1|Vileplume, L50, M|
|poke|p1|Farigiraf, L50, M|
|poke|p1|Scrafty, L50, M|
|poke|p1|Gallade, L50, M|
|poke|p1|Mawile, L50, M|
|poke|p2|Floette-Eternal, L50, F|
|poke|p2|Ceruledge, L50, F|
|poke|p2|Kommo-o, L50, M|
|poke|p2|Milotic, L50, F|
|poke|p2|Wyrdeer, L50, F|
|poke|p2|Ninetales-Alola, L50, M|
|teampreview|4
|showteam|p1|Torkoal||Charcoal|Drought|Eruption,WeatherBall,EarthPower,Protect|Quiet||M|||50|]Vileplume||FocusSash|Chlorophyll|EnergyBall,SludgeBomb,SleepPowder,AfterYou|Timid||M|||50|]Farigiraf||SitrusBerry|ArmorTail|TrickRoom,Thunderbolt,Psychic,HelpingHand|Relaxed||M|||50|]Scrafty||Scraftinite|Intimidate|FakeOut,CloseCombat,KnockOff,RockTomb|Brave||M|||50|]Gallade||IronBall|Sharpness|SacredSword,PsychoCut,WideGuard,TrickRoom|Brave||M|||50|]Mawile||Mawilite|HyperCutter|SuckerPunch,PlayRough,SwordsDance,Protect|Brave||M|||50|
|showteam|p2|Floette-Eternal||Floettite|FlowerVeil|Moonblast,DazzlingGleam,CalmMind,Protect|Timid||F|||50|]Ceruledge||Charcoal|FlashFire|BitterBlade,ShadowSneak,BulkUp,Protect|Adamant||F|||50|]Kommo-o||DragonFang|Soundproof|ClangingScales,DrainPunch,ClangorousSoul,Protect|Naive||M|||50|]Milotic||Leftovers|Competitive|MuddyWater,Hypnosis,LifeDew,Coil|Sassy||F|||50|]Wyrdeer||ColburBerry|Intimidate|PsyshieldBash,Gravity,Hypnosis,TrickRoom|Adamant||F|||50|]Ninetales-Alola||FocusSash|SnowWarning|Blizzard,Moonblast,AuroraVeil,Protect|Timid||M|||50|
|inactive|Battle timer is ON: inactive players will automatically lose when time's up. (requested by lolgz)
|
|t:|1782518492
|teamsize|p1|4
|teamsize|p2|4
|start
|switch|p1a: Vileplume|Vileplume, L50, M|100/100
|switch|p1b: Torkoal|Torkoal, L50, M|100/100
|switch|p2a: Wyrdeer|Wyrdeer, L50, F|100/100
|switch|p2b: Milotic|Milotic, L50, F|100/100
|-ability|p2a: Wyrdeer|Intimidate|boost
|-unboost|p1a: Vileplume|atk|1
|-unboost|p1b: Torkoal|atk|1
|-weather|SunnyDay|[from] ability: Drought|[of] p1b: Torkoal
|turn|1
|
|t:|1782518515
|move|p1a: Vileplume|Sleep Powder|p2a: Wyrdeer
|-status|p2a: Wyrdeer|slp|[from] move: Sleep Powder
|cant|p2a: Wyrdeer|slp
|move|p2b: Milotic|Muddy Water|p1a: Vileplume|[spread] p1a,p1b
|-resisted|p1a: Vileplume|1
|-supereffective|p1b: Torkoal|1
|-damage|p1a: Vileplume|92/100
|-damage|p1b: Torkoal|66/100
|move|p1b: Torkoal|Earth Power|p2b: Milotic
|-damage|p2b: Milotic|83/100
|
|-weather|SunnyDay|[upkeep]
|-heal|p2b: Milotic|89/100|[from] item: Leftovers
|upkeep
|turn|2
|
|t:|1782518535
|move|p1a: Vileplume|Sleep Powder|p2b: Milotic
|-status|p2b: Milotic|slp|[from] move: Sleep Powder
|cant|p2a: Wyrdeer|slp
|cant|p2b: Milotic|slp
|move|p1b: Torkoal|Weather Ball|p2a: Wyrdeer
|-damage|p2a: Wyrdeer|25/100 slp
|
|-weather|SunnyDay|[upkeep]
|-heal|p2b: Milotic|95/100 slp|[from] item: Leftovers
|upkeep
|turn|3
|inactive|pabloblo has 30 seconds left.
|
|t:|1782518561
|switch|p2a: Ceruledge|Ceruledge, L50, F|100/100
|move|p1a: Vileplume|Energy Ball|p2b: Milotic
|-supereffective|p2b: Milotic|1
|-damage|p2b: Milotic|37/100 slp
|cant|p2b: Milotic|slp
|move|p1b: Torkoal|Eruption|p2a: Ceruledge|[spread] p2b
|-start|p2a: Ceruledge|ability: Flash Fire
|-resisted|p2b: Milotic|1
|-damage|p2b: Milotic|16/100 slp
|
|-weather|SunnyDay|[upkeep]
|-heal|p2b: Milotic|22/100 slp|[from] item: Leftovers
|upkeep
|turn|4
|
|t:|1782518585
|move|p1a: Vileplume|Sleep Powder|p2a: Ceruledge
|-status|p2a: Ceruledge|slp|[from] move: Sleep Powder
|cant|p2a: Ceruledge|slp
|-curestatus|p2b: Milotic|slp|[msg]
|move|p2b: Milotic|Life Dew||[still]|[spread] p2a,p2b
|-fail|p2a: Ceruledge|heal
|-heal|p2b: Milotic|47/100
|move|p1b: Torkoal|Earth Power|p2b: Milotic
|-damage|p2b: Milotic|30/100
|
|-weather|SunnyDay|[upkeep]
|-heal|p2b: Milotic|36/100|[from] item: Leftovers
|upkeep
|turn|5
|inactive|pabloblo has 30 seconds left.
|
|t:|1782518617
|move|p1a: Vileplume|Energy Ball|p2b: Milotic
|-supereffective|p2b: Milotic|1
|-crit|p2b: Milotic
|-damage|p2b: Milotic|0 fnt
|faint|p2b: Milotic
|cant|p2a: Ceruledge|slp
|move|p1b: Torkoal|Earth Power|p2a: Ceruledge
|-supereffective|p2a: Ceruledge|1
|-damage|p2a: Ceruledge|46/100 slp
|
|-weather|none
|upkeep
|
|t:|1782518622
|switch|p2b: Kommo-o|Kommo-o, L50, M|100/100
|turn|6
|
|t:|1782518638
|switch|p1a: Farigiraf|Farigiraf, L50, M|100/100
|move|p2b: Kommo-o|Clangorous Soul|p2b: Kommo-o
|-boost|p2b: Kommo-o|atk|1
|-boost|p2b: Kommo-o|def|1
|-boost|p2b: Kommo-o|spa|1
|-boost|p2b: Kommo-o|spd|1
|-boost|p2b: Kommo-o|spe|1
|-damage|p2b: Kommo-o|67/100
|-curestatus|p2a: Ceruledge|slp|[msg]
|move|p2a: Ceruledge|Bitter Blade|p1a: Farigiraf
|-damage|p1a: Farigiraf|41/100
|-heal|p2a: Ceruledge|83/100|[from] drain|[of] p1a: Farigiraf
|-enditem|p1a: Farigiraf|Sitrus Berry|[eat]
|-heal|p1a: Farigiraf|66/100|[from] item: Sitrus Berry
|move|p1b: Torkoal|Earth Power|p2a: Ceruledge
|-supereffective|p2a: Ceruledge|1
|-damage|p2a: Ceruledge|34/100
|-unboost|p2a: Ceruledge|spd|1
|
|upkeep
|turn|7
|
|t:|1782518661
|move|p2b: Kommo-o|Clanging Scales|p1a: Farigiraf|[spread] p1a,p1b
|-damage|p1a: Farigiraf|2/100
|-damage|p1b: Torkoal|0 fnt
|faint|p1b: Torkoal
|-unboost|p2b: Kommo-o|def|1
|move|p2a: Ceruledge|Bitter Blade|p1a: Farigiraf
|-damage|p1a: Farigiraf|0 fnt
|-heal|p2a: Ceruledge|36/100|[from] drain|[of] p1a: Farigiraf
|faint|p1a: Farigiraf
|
|upkeep
|
|t:|1782518674
|switch|p1a: Mawile|Mawile, L50, M|100/100
|switch|p1b: Vileplume|Vileplume, L50, M|92/100
|turn|8
|
|t:|1782518679
|detailschange|p1a: Mawile|Mawile-Mega, L50, M
|-mega|p1a: Mawile|Mawile|Mawilite
|move|p1a: Mawile|Sucker Punch|p2a: Ceruledge
|-supereffective|p2a: Ceruledge|1
|-damage|p2a: Ceruledge|0 fnt
|faint|p2a: Ceruledge
|move|p2b: Kommo-o|Clanging Scales|p1a: Mawile|[spread] p1b
|-immune|p1a: Mawile
|-damage|p1b: Vileplume|13/100
|-unboost|p2b: Kommo-o|def|1
|move|p1b: Vileplume|Sleep Powder|p2b: Kommo-o|[miss]
|-miss|p1b: Vileplume|p2b: Kommo-o
|
|upkeep
|
|t:|1782518686
|switch|p2a: Wyrdeer|Wyrdeer, L50, F|25/100 slp
|-ability|p2a: Wyrdeer|Intimidate|boost
|-unboost|p1a: Mawile|atk|1
|-unboost|p1b: Vileplume|atk|1
|turn|9
|
|t:|1782518701
|move|p2b: Kommo-o|Protect|p2b: Kommo-o
|-singleturn|p2b: Kommo-o|Protect
|move|p1b: Vileplume|Energy Ball|p2a: Wyrdeer
|-damage|p2a: Wyrdeer|0 fnt
|faint|p2a: Wyrdeer
|move|p1a: Mawile|Play Rough|p2b: Kommo-o
|-activate|p2b: Kommo-o|move: Protect
|
|upkeep
|turn|10
|
|t:|1782518715
|move|p2b: Kommo-o|Clanging Scales|p1b: Vileplume|[spread] p1b
|-immune|p1a: Mawile
|-damage|p1b: Vileplume|0 fnt
|faint|p1b: Vileplume
|-unboost|p2b: Kommo-o|def|1
|move|p1a: Mawile|Play Rough|p2b: Kommo-o|[miss]
|-miss|p1a: Mawile|p2b: Kommo-o
|
|upkeep
|turn|11
|
|t:|1782518720
|move|p2b: Kommo-o|Drain Punch|p1a: Mawile
|-damage|p1a: Mawile|61/100
|-heal|p2b: Kommo-o|88/100|[from] drain|[of] p1a: Mawile
|move|p1a: Mawile|Play Rough|p2b: Kommo-o
|-supereffective|p2b: Kommo-o|2
|-damage|p2b: Kommo-o|0 fnt
|faint|p2b: Kommo-o
|
|win|lolgz
