|j|☆sergio23perez
|j|☆Volanr
|html|sergio23perezVolanr    
|uhtml|bestof|Game 1 of a best-of-3
|t:|1757846571
|gametype|doubles
|player|p1|sergio23perez|169|1410
|player|p2|Volanr|cynthia-masters3|1439
|gen|9
|tier|[Gen 9] VGC 2025 Reg H (Bo3)
|rated|
|rule|Species Clause: Limit one of each Pokémon
|rule|Item Clause: Limit 1 of each item
|clearpoke
|poke|p1|Jumpluff, L50, M|
|poke|p1|Charizard, L50, F|
|poke|p1|Porygon2, L50|
|poke|p1|Torkoal, L50, F|
|poke|p1|Incineroar, L50, M|
|poke|p1|Ursaluna, L50, M|
|poke|p2|Archaludon, L50, F|
|poke|p2|Sinistcha-Masterpiece, L50|
|poke|p2|Dragonite, L50, F|
|poke|p2|Pelipper, L50, M|
|poke|p2|Ursaluna, L50, M|
|poke|p2|Gholdengo, L50|
|teampreview|4
|showteam|p1|Jumpluff||CovertCloak|Chlorophyll|SleepPowder,SunnyDay,Tailwind,RagePowder|||M|||50|,,,,,Water]Charizard||ChoiceSpecs|SolarPower|AirSlash,HeatWave,Overheat,WeatherBall|||F|||50|,,,,,Ghost]Porygon2||Eviolite|Download|TeraBlast,IceBeam,Recover,TrickRoom||||||50|,,,,,Fighting]Torkoal||EjectPack|Drought|HelpingHand,Eruption,Overheat,Protect|||F|||50|,,,,,Fire]Incineroar||SafetyGoggles|Intimidate|FakeOut,PartingShot,FlareBlitz,KnockOff|||M|||50|,,,,,Ghost]Ursaluna||FlameOrb|Guts|HeadlongRush,Facade,Earthquake,Protect|||M|||50|,,,,,Ghost
|showteam|p2|Archaludon||AssaultVest|Stamina|BodyPress,Snarl,ElectroShot,FlashCannon|||F|||50|,,,,,Fighting]Sinistcha-Masterpiece||SitrusBerry|Hospitality|MatchaGotcha,RagePowder,TrickRoom,LifeDew||||||50|,,,,,Dark]Dragonite||LoadedDice|Multiscale|ScaleShot,Protect,Tailwind,Haze|||F|||50|,,,,,Steel]Pelipper||FocusSash|Drizzle|MuddyWater,Hurricane,Tailwind,Protect|||M|||50|,,,,,Ghost]Ursaluna||FlameOrb|Guts|Facade,HeadlongRush,Earthquake,Protect|||M|||50|,,,,,Ghost]Gholdengo||ChoiceScarf|GoodasGold|MakeItRain,TeraBlast,ShadowBall,Trick||||||50|,,,,,Water
|inactive|Battle timer is ON: inactive players will automatically lose when time's up. (requested by sergio23perez)
|inactive|sergio23perez has 60 seconds left.
|
|t:|1757846611
|teamsize|p1|4
|teamsize|p2|4
|start
|switch|p1a: Jumpluff|Jumpluff, L50, M|100/100
|switch|p1b: Incineroar|Incineroar, L50, M|100/100
|switch|p2a: Gholdengo|Gholdengo, L50|100/100
|switch|p2b: Dragonite|Dragonite, L50, F|100/100
|-ability|p1b: Incineroar|Intimidate|boost
|-unboost|p2a: Gholdengo|atk|1
|-unboost|p2b: Dragonite|atk|1
|turn|1
|inactive|sergio23perez has 30 seconds left.
|inactive|Volanr has 30 seconds left.
|inactive|Volanr has 20 seconds left.
|inactive|Volanr has 15 seconds left.
|
|t:|1757846654
|switch|p2b: Ursaluna|Ursaluna, L50, M|100/100
|-terastallize|p2a: Gholdengo|Water
|move|p2a: Gholdengo|Trick|p1a: Jumpluff
|-activate|p2a: Gholdengo|move: Trick|[of] p1a: Jumpluff
|-item|p1a: Jumpluff|Choice Scarf|[from] move: Trick
|-item|p2a: Gholdengo|Covert Cloak|[from] move: Trick
|move|p1a: Jumpluff|Sleep Powder|p2b: Ursaluna|[miss]
|-miss|p1a: Jumpluff|p2b: Ursaluna
|move|p1b: Incineroar|Parting Shot|p2b: Ursaluna
|-unboost|p2b: Ursaluna|atk|1
|-unboost|p2b: Ursaluna|spa|1
|
|t:|1757846672
|switch|p1b: Ursaluna|Ursaluna, L50, M|100/100|[from] Parting Shot
|
|-status|p1b: Ursaluna|brn|[from] item: Flame Orb
|-status|p2b: Ursaluna|brn|[from] item: Flame Orb
|upkeep
|turn|2
|inactive|sergio23perez has 30 seconds left.
|inactive|Volanr has 30 seconds left.
|
|t:|1757846706
|switch|p1a: Incineroar|Incineroar, L50, M|100/100
|-ability|p1a: Incineroar|Intimidate|boost
|-unboost|p2a: Gholdengo|atk|1
|-unboost|p2b: Ursaluna|atk|1
|switch|p2b: Pelipper|Pelipper, L50, M|100/100
|-weather|RainDance|[from] ability: Drizzle|[of] p2b: Pelipper
|-terastallize|p1b: Ursaluna|Ghost
|move|p2a: Gholdengo|Tera Blast|p1b: Ursaluna|[anim] Tera Blast Water
|-damage|p1b: Ursaluna|25/100 brn
|move|p1b: Ursaluna|Facade|p2a: Gholdengo
|-damage|p2a: Gholdengo|0 fnt
|faint|p2a: Gholdengo
|
|-weather|RainDance|[upkeep]
|-damage|p1b: Ursaluna|19/100 brn|[from] brn
|upkeep
|
|t:|1757846725
|switch|p2a: Dragonite|Dragonite, L50, F|100/100
|turn|3
|
|t:|1757846746
|switch|p1b: Torkoal|Torkoal, L50, F|100/100
|-weather|SunnyDay|[from] ability: Drought|[of] p1b: Torkoal
|move|p2b: Pelipper|Protect|p2b: Pelipper
|-singleturn|p2b: Pelipper|Protect
|move|p1a: Incineroar|Fake Out|p2a: Dragonite
|-damage|p2a: Dragonite|95/100
|cant|p2a: Dragonite|flinch
|
|-weather|SunnyDay|[upkeep]
|upkeep
|turn|4
|inactive|Volanr has 30 seconds left.
|
|t:|1757846779
|move|p2a: Dragonite|Scale Shot|p1b: Torkoal
|-damage|p1b: Torkoal|89/100
|-damage|p1b: Torkoal|77/100
|-damage|p1b: Torkoal|64/100
|-damage|p1b: Torkoal|52/100
|-hitcount|p1b: Torkoal|4
|-unboost|p2a: Dragonite|def|1
|-boost|p2a: Dragonite|spe|1
|move|p2b: Pelipper|Muddy Water|p1a: Incineroar|[spread] p1a,p1b
|-supereffective|p1a: Incineroar
|-supereffective|p1b: Torkoal
|-damage|p1a: Incineroar|78/100
|-damage|p1b: Torkoal|19/100
|-unboost|p1a: Incineroar|accuracy|1
|move|p1a: Incineroar|Parting Shot|p2a: Dragonite
|-unboost|p2a: Dragonite|atk|1
|-unboost|p2a: Dragonite|spa|1
|
|t:|1757846800
|switch|p1a: Jumpluff|Jumpluff, L50, M|100/100|[from] Parting Shot
|move|p1b: Torkoal|Overheat|p2b: Pelipper|[miss]
|-miss|p1b: Torkoal|p2b: Pelipper
|
|-weather|SunnyDay|[upkeep]
|upkeep
|turn|5
|inactive|Volanr has 30 seconds left.
|
|t:|1757846832
|move|p2a: Dragonite|Protect|p2a: Dragonite
|-singleturn|p2a: Dragonite|Protect
|move|p1a: Jumpluff|Sleep Powder|p2a: Dragonite
|-activate|p2a: Dragonite|move: Protect
|move|p2b: Pelipper|Muddy Water|p1a: Jumpluff|[spread] p1a,p1b
|-resisted|p1a: Jumpluff
|-supereffective|p1b: Torkoal
|-damage|p1a: Jumpluff|93/100
|-damage|p1b: Torkoal|0 fnt
|-unboost|p1a: Jumpluff|accuracy|1
|faint|p1b: Torkoal
|
|-weather|SunnyDay|[upkeep]
|upkeep
|
|t:|1757846846
|switch|p1b: Ursaluna|Ursaluna, L50, M, tera:Ghost|19/100 brn
|turn|6
|
|t:|1757846862
|switch|p2a: Ursaluna|Ursaluna, L50, M|100/100 brn
|move|p1a: Jumpluff|Sleep Powder|p2a: Ursaluna|[miss]
|-miss|p1a: Jumpluff|p2a: Ursaluna
|move|p2b: Pelipper|Muddy Water|p1b: Ursaluna|[spread] p1a,p1b
|-resisted|p1a: Jumpluff
|-damage|p1a: Jumpluff|86/100
|-damage|p1b: Ursaluna|4/100 brn
|move|p1b: Ursaluna|Facade|p2a: Ursaluna
|-damage|p2a: Ursaluna|1/100 brn
|
|-weather|SunnyDay|[upkeep]
|-damage|p1b: Ursaluna|0 fnt|[from] brn
|faint|p1b: Ursaluna
|-damage|p2a: Ursaluna|0 fnt|[from] brn
|faint|p2a: Ursaluna
|upkeep
|
|t:|1757846875
|switch|p1b: Incineroar|Incineroar, L50, M|78/100
|switch|p2a: Dragonite|Dragonite, L50, F|95/100
|-ability|p1b: Incineroar|Intimidate|boost
|-unboost|p2a: Dragonite|atk|1
|-unboost|p2b: Pelipper|atk|1
|turn|7
|
|t:|1757846882
|move|p2a: Dragonite|Protect|p2a: Dragonite
|-singleturn|p2a: Dragonite|Protect
|move|p1a: Jumpluff|Sleep Powder|p2a: Dragonite
|-activate|p2a: Dragonite|move: Protect
|move|p2b: Pelipper|Hurricane|p1a: Jumpluff
|-supereffective|p1a: Jumpluff
|-damage|p1a: Jumpluff|0 fnt
|faint|p1a: Jumpluff
|move|p1b: Incineroar|Knock Off|p2a: Dragonite
|-activate|p2a: Dragonite|move: Protect
|
|-weather|none
|upkeep
|turn|8
|-message|sergio23perez forfeited.
|
|win|Volanr
|l|☆sergio23perez
|player|p1|
||sergio23perez is ready for game 2.
||Volanr is ready for game 2.
|uhtml|next|Next: Game 2 of 3
|l|☆Volanr
|player|p2|
