|j|☆NegaiFreak
|j|☆Bosilek
|html|NegaiFreakBosilek    
|uhtml|bestof|Game 3 of a best-of-3
|t:|1756233670
|gametype|doubles
|player|p1|NegaiFreak|170|1135
|player|p2|Bosilek|lance|1066
|gen|9
|tier|[Gen 9] VGC 2025 Reg H (Bo3)
|rated|
|rule|Species Clause: Limit one of each Pokémon
|rule|Item Clause: Limit 1 of each item
|clearpoke
|poke|p1|Ceruledge, L50, F|
|poke|p1|Sneasler, L50, F|
|poke|p1|Rillaboom, L50, M|
|poke|p1|Salamence, L50, M|
|poke|p1|Milotic, L50, F|
|poke|p1|Ninetales-Alola, L50, F|
|poke|p2|Garchomp, L50, M|
|poke|p2|Incineroar, L50, F|
|poke|p2|Dragonite, L50, M|
|poke|p2|Farigiraf, L50, F|
|poke|p2|Sneasler, L50, M|
|poke|p2|Ninetales-Alola, L50, F|
|teampreview|4
|showteam|p1|Ceruledge||ClearAmulet|FlashFire|BitterBlade,ShadowSneak,BulkUp,Protect|||F|||50|,,,,,Grass]Sneasler||GrassySeed|Unburden|DireClaw,CloseCombat,Coaching,Protect|||F|||50|,,,,,Stellar]Rillaboom||AssaultVest|GrassySurge|FakeOut,GrassyGlide,WoodHammer,HighHorsepower|||M|||50|,,,,,Fire]Salamence||LifeOrb|Intimidate|AirSlash,DracoMeteor,Tailwind,Protect|||M|||50|,,,,,Steel]Milotic||Leftovers|Competitive|Scald,IceBeam,Haze,Protect|||F|||50|,,,,,Dragon]Ninetales-Alola||FocusSash|SnowWarning|FreezeDry,Moonblast,AuroraVeil,Protect|||F|||50|,,,,,Ice
|showteam|p2|Garchomp||LifeOrb|RoughSkin|Protect,Earthquake,DragonClaw,StompingTantrum|||M|||50|,,,,,Water]Incineroar||SafetyGoggles|Intimidate|FakeOut,PartingShot,KnockOff,FlareBlitz|||F|||50|,,,,,Ghost]Dragonite||LoadedDice|Multiscale|Protect,Tailwind,ScaleShot,ExtremeSpeed|||M|||50|,,,,,Fairy]Farigiraf||RockyHelmet|ArmorTail|DazzlingGleam,PsychicNoise,HelpingHand,TrickRoom|||F|||50|,,,,,Fairy]Sneasler||FocusSash|Unburden|Protect,CloseCombat,DireClaw,Coaching|||M|||50|,,,,,Flying]Ninetales-Alola||CovertCloak|SnowWarning|Blizzard,FreezeDry,AuroraVeil,Encore|||F|||50|,,,,,Fire
|
|t:|1756233715
|teamsize|p1|4
|teamsize|p2|4
|start
|switch|p1a: Milotic|Milotic, L50, F|100/100
|switch|p1b: Ninetales|Ninetales-Alola, L50, F|100/100
|switch|p2a: Ninetales|Ninetales-Alola, L50, F|100/100
|switch|p2b: Sneasler|Sneasler, L50, M|100/100
|-weather|Snowscape|[from] ability: Snow Warning|[of] p2a: Ninetales
|turn|1
|
|t:|1756233750
|move|p2b: Sneasler|Dire Claw|p1b: Ninetales
|-supereffective|p1b: Ninetales
|-damage|p1b: Ninetales|12/100
|-status|p1b: Ninetales|psn
|move|p2a: Ninetales|Aurora Veil|p2a: Ninetales
|-sidestart|p2: Bosilek|move: Aurora Veil
|move|p1b: Ninetales|Aurora Veil|p1b: Ninetales
|-sidestart|p1: NegaiFreak|move: Aurora Veil
|move|p1a: Milotic|Scald|p2b: Sneasler
|-damage|p2b: Sneasler|72/100
|
|-weather|Snowscape|[upkeep]
|-damage|p1b: Ninetales|0 fnt|[from] psn
|faint|p1b: Ninetales
|upkeep
|
|t:|1756233764
|switch|p1b: Rillaboom|Rillaboom, L50, M|100/100
|-fieldstart|move: Grassy Terrain|[from] ability: Grassy Surge|[of] p1b: Rillaboom
|turn|2
|
|t:|1756233782
|-terastallize|p1b: Rillaboom|Fire
|move|p2b: Sneasler|Protect|p2b: Sneasler
|-singleturn|p2b: Sneasler|Protect
|move|p2a: Ninetales|Freeze-Dry|p1a: Milotic
|-supereffective|p1a: Milotic
|-damage|p1a: Milotic|68/100
|move|p1b: Rillaboom|Wood Hammer|p2a: Ninetales
|-damage|p2a: Ninetales|44/100
|-damage|p1b: Rillaboom|85/100|[from] Recoil
|move|p1a: Milotic|Scald|p2b: Sneasler
|-activate|p2b: Sneasler|move: Protect
|
|-weather|Snowscape|[upkeep]
|-heal|p2b: Sneasler|78/100|[from] Grassy Terrain
|-heal|p2a: Ninetales|50/100|[from] Grassy Terrain
|-heal|p1b: Rillaboom|91/100|[from] Grassy Terrain
|-heal|p1a: Milotic|74/100|[from] Grassy Terrain
|-heal|p1a: Milotic|81/100|[from] item: Leftovers
|upkeep
|turn|3
|
|t:|1756233815
|move|p2b: Sneasler|Dire Claw|p1b: Rillaboom
|-crit|p1b: Rillaboom
|-damage|p1b: Rillaboom|26/100
|move|p2a: Ninetales|Freeze-Dry|p1a: Milotic
|-supereffective|p1a: Milotic
|-damage|p1a: Milotic|53/100
|move|p1b: Rillaboom|Wood Hammer|p2a: Ninetales
|-damage|p2a: Ninetales|0 fnt
|faint|p2a: Ninetales
|-damage|p1b: Rillaboom|12/100|[from] Recoil
|move|p1a: Milotic|Scald|p2b: Sneasler
|-damage|p2b: Sneasler|49/100
|-status|p2b: Sneasler|brn
|
|-weather|Snowscape|[upkeep]
|-heal|p2b: Sneasler|55/100 brn|[from] Grassy Terrain
|-heal|p1b: Rillaboom|19/100|[from] Grassy Terrain
|-heal|p1a: Milotic|60/100|[from] Grassy Terrain
|-heal|p1a: Milotic|66/100|[from] item: Leftovers
|-damage|p2b: Sneasler|49/100 brn|[from] brn
|upkeep
|
|t:|1756233832
|switch|p2a: Dragonite|Dragonite, L50, M|100/100
|turn|4
|
|t:|1756233859
|move|p1a: Milotic|Protect|p1a: Milotic
|-singleturn|p1a: Milotic|Protect
|move|p1b: Rillaboom|Grassy Glide|p2a: Dragonite
|-resisted|p2a: Dragonite
|-damage|p2a: Dragonite|97/100
|move|p2b: Sneasler|Close Combat|p1b: Rillaboom
|-damage|p1b: Rillaboom|0 fnt
|-unboost|p2b: Sneasler|def|1
|-unboost|p2b: Sneasler|spd|1
|faint|p1b: Rillaboom
|move|p2a: Dragonite|Scale Shot|p1a: Milotic
|-activate|p1a: Milotic|move: Protect
|
|-weather|Snowscape|[upkeep]
|-heal|p2b: Sneasler|55/100 brn|[from] Grassy Terrain
|-heal|p1a: Milotic|72/100|[from] Grassy Terrain
|-heal|p1a: Milotic|78/100|[from] item: Leftovers
|-damage|p2b: Sneasler|49/100 brn|[from] brn
|upkeep
|
|t:|1756233897
|switch|p1b: Sneasler|Sneasler, L50, F|100/100
|-enditem|p1b: Sneasler|Grassy Seed
|-boost|p1b: Sneasler|def|1|[from] item: Grassy Seed
|turn|5
|
|t:|1756233935
|move|p2a: Dragonite|Protect|p2a: Dragonite
|-singleturn|p2a: Dragonite|Protect
|move|p1b: Sneasler|Dire Claw|p2a: Dragonite
|-activate|p2a: Dragonite|move: Protect
|move|p2b: Sneasler|Coaching|p2a: Dragonite
|-boost|p2a: Dragonite|atk|1
|-boost|p2a: Dragonite|def|1
|move|p1a: Milotic|Ice Beam|p2a: Dragonite
|-activate|p2a: Dragonite|move: Protect
|
|-weather|none
|-heal|p2b: Sneasler|55/100 brn|[from] Grassy Terrain
|-heal|p1a: Milotic|85/100|[from] Grassy Terrain
|-heal|p1a: Milotic|91/100|[from] item: Leftovers
|-damage|p2b: Sneasler|49/100 brn|[from] brn
|-sideend|p2: Bosilek|move: Aurora Veil
|-sideend|p1: NegaiFreak|move: Aurora Veil
|upkeep
|turn|6
|
|t:|1756233965
|move|p1b: Sneasler|Dire Claw|p2a: Dragonite
|-damage|p2a: Dragonite|61/100
|move|p2b: Sneasler|Dire Claw|p1b: Sneasler
|-resisted|p1b: Sneasler
|-damage|p1b: Sneasler|90/100
|move|p2a: Dragonite|Scale Shot|p1a: Milotic
|-damage|p1a: Milotic|72/100
|-damage|p1a: Milotic|51/100
|-damage|p1a: Milotic|32/100
|-damage|p1a: Milotic|12/100
|-damage|p1a: Milotic|0 fnt
|faint|p1a: Milotic
|-hitcount|p1: Milotic|5
|-unboost|p2a: Dragonite|def|1
|-boost|p2a: Dragonite|spe|1
|
|-heal|p1b: Sneasler|96/100|[from] Grassy Terrain
|-heal|p2b: Sneasler|55/100 brn|[from] Grassy Terrain
|-damage|p2b: Sneasler|49/100 brn|[from] brn
|-fieldend|move: Grassy Terrain
|upkeep
|turn|7
|n|!NegaiFreak|negaifreak
|
|t:|1756233994
|switch|p2b: Incineroar|Incineroar, L50, F|100/100
|-ability|p2b: Incineroar|Intimidate|boost
|-unboost|p1b: Sneasler|atk|1
|move|p2a: Dragonite|Protect|p2a: Dragonite
|-singleturn|p2a: Dragonite|Protect
|move|p1b: Sneasler|Dire Claw|p2a: Dragonite
|-activate|p2a: Dragonite|move: Protect
|
|upkeep
|turn|8
|
|t:|1756234009
|move|p2b: Incineroar|Fake Out|p1b: Sneasler
|-damage|p1b: Sneasler|81/100
|cant|p1b: Sneasler|flinch
|move|p2a: Dragonite|Tailwind|p2a: Dragonite
|-sidestart|p2: Bosilek|move: Tailwind
|
|upkeep
|turn|9
|
|t:|1756234021
|move|p2a: Dragonite|Scale Shot|p1b: Sneasler
|-damage|p1b: Sneasler|56/100
|-damage|p1b: Sneasler|33/100
|-damage|p1b: Sneasler|8/100
|-crit|p1b: Sneasler
|-damage|p1b: Sneasler|0 fnt
|faint|p1b: Sneasler
|-hitcount|p1: Sneasler|4
|
|win|Bosilek
|raw|NegaiFreak's rating: 1135 → 1105(-30 for losing)
|raw|Bosilek's rating: 1066 → 1102(+36 for winning)
|c|☆Bosilek|gg
