|j|☆Kuei0202
|j|☆musse67
|html|Kuei0202musse67    
|uhtml|bestof|Game 1 of a best-of-3
|t:|1785512590
|gametype|doubles
|player|p1|Kuei0202|hilda-wonderlauncher|1126
|player|p2|musse67|skier|1109
|gen|9
|tier|[Gen 9 Champions] VGC 2026 Reg M-B (Bo3)
|rated|
|rule|Species Clause: Limit one of each Pokémon
|rule|Item Clause: Limit 1 of each item
|clearpoke
|poke|p1|Staraptor, L50, F|
|poke|p1|Arcanine-Hisui, L50, F|
|poke|p1|Kingambit, L50, F|
|poke|p1|Raichu, L50, F|
|poke|p1|Farigiraf, L50, F|
|poke|p1|Sylveon, L50, F|
|poke|p2|Tyranitar, L50, M|
|poke|p2|Sinistcha-Masterpiece, L50|
|poke|p2|Rotom-Wash, L50|
|poke|p2|Sneasler, L50, M|
|poke|p2|Talonflame, L50, F|
|poke|p2|Steelix, L50, M|
|teampreview|4
|showteam|p1|Staraptor||Staraptite|Intimidate|DualWingbeat,CloseCombat,Tailwind,Protect|Jolly||F|||50|]Arcanine-Hisui||FocusSash|RockHead|FlareBlitz,HeadSmash,ExtremeSpeed,Protect|Jolly||F|||50|]Kingambit||LifeOrb|Defiant|KowtowCleave,SuckerPunch,SwordsDance,Protect|Adamant||F|||50|]Raichu||RaichuniteY|LightningRod|ZapCannon,FocusBlast,FakeOut,Protect|Hasty||F|||50|]Farigiraf||SitrusBerry|ArmorTail|Psychic,HelpingHand,TrickRoom,Protect|Calm||F|||50|]Sylveon||FairyFeather|Pixilate|HyperVoice,HyperBeam,QuickAttack,Detect|Modest||F|||50|
|showteam|p2|Tyranitar||ChopleBerry|SandStream|LowKick,KnockOff,RockSlide,Protect|Adamant||M|||50|]Sinistcha-Masterpiece||SitrusBerry|Hospitality|TrickRoom,MatchaGotcha,RagePowder,Protect|Relaxed|||||50|]Rotom-Wash||MysticWater|Levitate|HydroPump,Thunderbolt,WillOWisp,Protect|Calm|||||50|]Sneasler||WhiteHerb|Unburden|DireClaw,CloseCombat,FakeOut,Protect|Jolly||M|||50|]Talonflame||SharpBeak|GaleWings|Tailwind,BraveBird,FlareBlitz,Protect|Jolly||F|||50|]Steelix||Steelixite|RockHead|HeavySlam,HighHorsepower,WideGuard,Protect|Careful||M|||50|
|inactive|Battle timer is ON: inactive players will automatically lose when time's up. (requested by musse67)
|inactive|Kuei0202 has 60 seconds left.
|
|t:|1785512657
|teamsize|p1|4
|teamsize|p2|4
|start
|switch|p1a: Raichu|Raichu, L50, F|100/100
|switch|p1b: Farigiraf|Farigiraf, L50, F|100/100
|switch|p2a: Talonflame|Talonflame, L50, F|100/100
|switch|p2b: Tyranitar|Tyranitar, L50, M|100/100
|-weather|Sandstorm|[from] ability: Sand Stream|[of] p2b: Tyranitar
|turn|1
|inactive|Kuei0202 has 30 seconds left.
|inactive|Kuei0202 has 20 seconds left.
|inactive|Kuei0202 has 15 seconds left.
|inactive|Kuei0202 has 10 seconds left.
|
|t:|1785512703
|switch|p2a: Sinistcha|Sinistcha-Masterpiece, L50|100/100
|detailschange|p1a: Raichu|Raichu-Mega-Y, L50, F
|-mega|p1a: Raichu|Raichu|Raichunite Y
|move|p1b: Farigiraf|Protect|p1b: Farigiraf
|-singleturn|p1b: Farigiraf|Protect
|move|p1a: Raichu|Zap Cannon|p2a: Sinistcha
|-resisted|p2a: Sinistcha|1
|-damage|p2a: Sinistcha|62/100
|-status|p2a: Sinistcha|par
|move|p2b: Tyranitar|Knock Off|p1b: Farigiraf
|-activate|p1b: Farigiraf|move: Protect
|
|-weather|Sandstorm|[upkeep]
|-damage|p1a: Raichu|94/100|[from] Sandstorm
|-damage|p1b: Farigiraf|93/100|[from] Sandstorm
|-damage|p2a: Sinistcha|56/100 par|[from] Sandstorm
|upkeep
|turn|2
|inactive|Kuei0202 has 30 seconds left.
|inactive|Kuei0202 has 20 seconds left.
|
|t:|1785512739
|switch|p1b: Kingambit|Kingambit, L50, F|100/100
|move|p1a: Raichu|Zap Cannon|p2b: Tyranitar
|-damage|p2b: Tyranitar|56/100
|-status|p2b: Tyranitar|par
|move|p2b: Tyranitar|Rock Slide|p1b: Kingambit|[spread] p1a,p1b
|-resisted|p1b: Kingambit|1
|-damage|p1a: Raichu|25/100
|-damage|p1b: Kingambit|89/100
|move|p2a: Sinistcha|Trick Room|p2a: Sinistcha
|-fieldstart|move: Trick Room|[of] p2a: Sinistcha
|
|-weather|Sandstorm|[upkeep]
|-damage|p2a: Sinistcha|50/100g par|[from] Sandstorm
|-damage|p1a: Raichu|19/100|[from] Sandstorm
|upkeep
|turn|3
|inactive|Kuei0202 has 30 seconds left.
|
|t:|1785512772
|switch|p1b: Farigiraf|Farigiraf, L50, F|93/100
|switch|p1a: Sylveon|Sylveon, L50, F|100/100
|move|p2a: Sinistcha|Matcha Gotcha|p1a: Sylveon|[spread] p1a,p1b
|-damage|p1a: Sylveon|79/100
|-heal|p2a: Sinistcha|61/100 par|[from] drain|[of] p1a: Sylveon
|-damage|p1b: Farigiraf|75/100
|-heal|p2a: Sinistcha|73/100 par|[from] drain|[of] p1b: Farigiraf
|-status|p1a: Sylveon|brn
|-status|p1b: Farigiraf|brn
|move|p2b: Tyranitar|Low Kick|p1b: Farigiraf
|-damage|p1b: Farigiraf|44/100 brn
|-enditem|p1b: Farigiraf|Sitrus Berry|[eat]
|-heal|p1b: Farigiraf|69/100 brn|[from] item: Sitrus Berry
|
|-weather|Sandstorm|[upkeep]
|-damage|p2a: Sinistcha|66/100 par|[from] Sandstorm
|-damage|p1b: Farigiraf|63/100 brn|[from] Sandstorm
|-damage|p1a: Sylveon|73/100 brn|[from] Sandstorm
|-damage|p1b: Farigiraf|57/100 brn|[from] brn
|-damage|p1a: Sylveon|67/100 brn|[from] brn
|upkeep
|turn|4
|inactive|musse67 has 30 seconds left.
|
|t:|1785512800
|move|p1b: Farigiraf|Helping Hand|p1a: Sylveon
|-singleturn|p1a: Sylveon|Helping Hand|[of] p1b: Farigiraf
|move|p2a: Sinistcha|Matcha Gotcha|p1b: Farigiraf|[spread] p1a,p1b
|-damage|p1a: Sylveon|50/100y brn
|-heal|p2a: Sinistcha|76/100 par|[from] drain|[of] p1a: Sylveon
|-damage|p1b: Farigiraf|36/100 brn
|-heal|p2a: Sinistcha|89/100 par|[from] drain|[of] p1b: Farigiraf
|cant|p2b: Tyranitar|par
|move|p1a: Sylveon|Hyper Voice|p2b: Tyranitar|[spread] p2a,p2b
|-supereffective|p2b: Tyranitar|1
|-damage|p2a: Sinistcha|9/100 par
|-damage|p2b: Tyranitar|0 fnt
|-enditem|p2a: Sinistcha|Sitrus Berry|[eat]
|-heal|p2a: Sinistcha|34/100 par|[from] item: Sitrus Berry
|faint|p2b: Tyranitar
|
|-weather|Sandstorm|[upkeep]
|-damage|p2a: Sinistcha|28/100 par|[from] Sandstorm
|-damage|p1b: Farigiraf|30/100 brn|[from] Sandstorm
|-damage|p1a: Sylveon|43/100 brn|[from] Sandstorm
|-damage|p1b: Farigiraf|24/100 brn|[from] brn
|-damage|p1a: Sylveon|37/100 brn|[from] brn
|upkeep
|
|t:|1785512823
|switch|p2b: Rotom|Rotom-Wash, L50|100/100
|turn|5
|l|☆musse67
|inactive|musse67 disconnected and has a minute to reconnect!
|player|p2|
|inactive|musse67 has 30 seconds left.
|inactive|musse67 has 20 seconds left.
|inactive|musse67 has 15 seconds left.
|inactive|musse67 has 10 seconds left.
|j|☆musse67
|inactive|musse67 reconnected and has 10 seconds left.
|player|p2|musse67|skier|
|inactive|musse67 has 5 seconds left.
|
|t:|1785512876
|move|p1b: Farigiraf|Helping Hand|p1a: Sylveon
|-singleturn|p1a: Sylveon|Helping Hand|[of] p1b: Farigiraf
|cant|p2a: Sinistcha|par
|move|p1a: Sylveon|Hyper Voice|p2b: Rotom|[spread] p2a,p2b
|-damage|p2a: Sinistcha|0 fnt
|-damage|p2b: Rotom|35/100
|faint|p2a: Sinistcha
|move|p2b: Rotom|Thunderbolt|p1a: Sylveon
|-damage|p1a: Sylveon|14/100 brn
|
|-weather|none
|-damage|p1b: Farigiraf|17/100 brn|[from] brn
|-damage|p1a: Sylveon|8/100 brn|[from] brn
|upkeep
|
|t:|1785512888
|switch|p2a: Talonflame|Talonflame, L50, F|100/100
|turn|6
|
|t:|1785512898
|move|p1b: Farigiraf|Helping Hand|p1a: Sylveon
|-singleturn|p1a: Sylveon|Helping Hand|[of] p1b: Farigiraf
|move|p2b: Rotom|Protect|p2b: Rotom
|-singleturn|p2b: Rotom|Protect
|move|p2a: Talonflame|Brave Bird||[still]
|cant|p1b: Farigiraf|ability: Armor Tail|Brave Bird|[of] p2a: Talonflame
|move|p1a: Sylveon|Hyper Voice|p2b: Rotom|[spread] p2a
|-activate|p2b: Rotom|move: Protect
|-resisted|p2a: Talonflame|1
|-crit|p2a: Talonflame
|-damage|p2a: Talonflame|15/100
|
|-damage|p1b: Farigiraf|11/100 brn|[from] brn
|-damage|p1a: Sylveon|2/100 brn|[from] brn
|-fieldend|move: Trick Room
|upkeep
|turn|7
|
|t:|1785512916
|move|p1b: Farigiraf|Helping Hand|p1a: Sylveon
|-singleturn|p1a: Sylveon|Helping Hand|[of] p1b: Farigiraf
|move|p2b: Rotom|Protect||[still]
|-fail|p2b: Rotom
|move|p1a: Sylveon|Quick Attack|p2a: Talonflame
|-resisted|p2a: Talonflame|1
|-damage|p2a: Talonflame|8/100
|move|p2a: Talonflame|Tailwind|p2a: Talonflame
|-sidestart|p2: musse67|move: Tailwind
|
|-damage|p1a: Sylveon|0 fnt|[from] brn
|faint|p1a: Sylveon
|-damage|p1b: Farigiraf|5/100 brn|[from] brn
|upkeep
|
|t:|1785512929
|switch|p1a: Raichu|Raichu-Mega-Y, L50, F|19/100
|turn|8
|
|t:|1785512941
|move|p1a: Raichu|Fake Out|p2a: Talonflame
|-damage|p2a: Talonflame|0 fnt
|faint|p2a: Talonflame
|move|p2b: Rotom|Thunderbolt|p1b: Farigiraf
|-damage|p1b: Farigiraf|0 fnt
|faint|p1b: Farigiraf
|
|upkeep
|
|t:|1785512947
|switch|p1b: Kingambit|Kingambit, L50, F|89/100
|turn|9
|
|t:|1785512955
|move|p1b: Kingambit|Sucker Punch||[still]
|-fail|p1b: Kingambit
|move|p2b: Rotom|Will-O-Wisp|p1b: Kingambit|[miss]
|-miss|p2b: Rotom|p1b: Kingambit
|move|p1a: Raichu|Zap Cannon|p2b: Rotom
|-damage|p2b: Rotom|0 fnt
|faint|p2b: Rotom
|
|win|Kuei0202
||musse67 is ready for game 2.
|inactive|Kuei0202 has 30 seconds to confirm battle start!
||Kuei0202 is ready for game 2.
|uhtml|next|Next: Game 2 of 3
