|j|☆redpandavgclol
|j|☆Dah_tobster
|html|redpandavgclolDah_tobster    
|uhtml|bestof|Game 1 of a best-of-3
|t:|1757038286
|gametype|doubles
|player|p1|redpandavgclol|pokemonranger-gen4|1105
|player|p2|Dah_tobster|266|1042
|gen|9
|tier|[Gen 9] VGC 2025 Reg H (Bo3)
|rated|
|rule|Species Clause: Limit one of each Pokémon
|rule|Item Clause: Limit 1 of each item
|clearpoke
|poke|p1|Rillaboom, L50, M|
|poke|p1|Archaludon, L50, F|
|poke|p1|Grimmsnarl, L50, M|
|poke|p1|Basculegion, L50, M|
|poke|p1|Politoed, L50, M|
|poke|p1|Kingambit, L50, M|
|poke|p2|Grimmsnarl, L50, M|
|poke|p2|Dragonite, L50, M|
|poke|p2|Gholdengo, L50|
|poke|p2|Annihilape, L50, F|
|poke|p2|Maushold-Four, L50|
|poke|p2|Rillaboom, L50, M|
|teampreview|4
|showteam|p1|Rillaboom||AssaultVest|GrassySurge|GrassyGlide,Uturn,FakeOut,WoodHammer|||M|||50|,,,,,Fire]Archaludon||Leftovers|Stamina|ElectroShot,FlashCannon,BodyPress,Protect|||F|||50|,,,,,Fairy]Grimmsnarl||LightClay|Prankster|PartingShot,ThunderWave,LightScreen,Reflect|||M|||50|,,,,,Ghost]Basculegion||LifeOrb|Adaptability|AquaJet,LastRespects,WaveCrash,Protect|||M|||50|,,,,,Water]Politoed||SitrusBerry|Drizzle|Protect,WeatherBall,Haze,HelpingHand|||M|||50|,,,,,Grass]Kingambit||BlackGlasses|Defiant|KowtowCleave,SuckerPunch,SwordsDance,Protect|||M|||50|,,,,,Dark
|showteam|p2|Grimmsnarl||LightClay|Prankster|SpiritBreak,Reflect,LightScreen,ThunderWave|||M|||50|,,,,,Steel]Dragonite||LoadedDice|Multiscale|ScaleShot,ExtremeSpeed,Tailwind,Protect|||M|||50|,,,,,Steel]Gholdengo||LifeOrb|GoodasGold|MakeItRain,NastyPlot,ShadowBall,Protect||||||50|,,,,,Water]Annihilape||Leftovers|Defiant|RageFist,DrainPunch,BulkUp,Protect|||F|||50|,,,,,Fire]Maushold-Four||FocusSash|FriendGuard|SuperFang,FollowMe,BeatUp,Protect||||||50|,,,,,Ghost]Rillaboom||AssaultVest|GrassySurge|FakeOut,WoodHammer,HighHorsepower,GrassyGlide|||M|||50|,,,,,Fire
|inactive|Battle timer is ON: inactive players will automatically lose when time's up. (requested by Dah_tobster)
|inactive|Dah_tobster has 60 seconds left.
|inactive|Dah_tobster has 30 seconds left.
|
|t:|1757038351
|teamsize|p1|4
|teamsize|p2|4
|start
|switch|p1a: Tappan Zee|Archaludon, L50, F, shiny|100/100
|switch|p1b: frog|Grimmsnarl, L50, M, shiny|100/100
|switch|p2a: Grimmsnarl|Grimmsnarl, L50, M|100/100
|switch|p2b: Annihilape|Annihilape, L50, F|100/100
|turn|1
|
|t:|1757038369
|move|p1a: Tappan Zee|Protect|p1a: Tappan Zee
|-singleturn|p1a: Tappan Zee|Protect
|move|p1b: frog|Reflect|p1b: frog
|-sidestart|p1: redpandavgclol|Reflect
|move|p2a: Grimmsnarl|Light Screen|p2a: Grimmsnarl
|-sidestart|p2: Dah_tobster|move: Light Screen
|move|p2b: Annihilape|Bulk Up|p2b: Annihilape
|-boost|p2b: Annihilape|atk|1
|-boost|p2b: Annihilape|def|1
|
|upkeep
|turn|2
|inactive|redpandavgclol has 30 seconds left.
|inactive|redpandavgclol has 20 seconds left.
|
|t:|1757038404
|-terastallize|p1a: Tappan Zee|Fairy
|move|p2a: Grimmsnarl|Thunder Wave|p1a: Tappan Zee
|-status|p1a: Tappan Zee|par
|move|p1b: frog|Parting Shot|p2a: Grimmsnarl
|-hint|Since gen 7, Dark is immune to Prankster moves.
|-immune|p2a: Grimmsnarl
|move|p2b: Annihilape|Bulk Up|p2b: Annihilape
|-boost|p2b: Annihilape|atk|1
|-boost|p2b: Annihilape|def|1
|move|p1a: Tappan Zee|Electro Shot||[still]
|-prepare|p1a: Tappan Zee|Electro Shot
|-boost|p1a: Tappan Zee|spa|1
|
|upkeep
|turn|3
|inactive|Dah_tobster has 30 seconds left.
|inactive|Dah_tobster has 20 seconds left.
|
|t:|1757038439
|move|p1b: frog|Thunder Wave|p2b: Annihilape
|-status|p2b: Annihilape|par
|move|p2a: Grimmsnarl|Spirit Break|p1b: frog
|-supereffective|p1b: frog
|-damage|p1b: frog|65/100
|-unboost|p1b: frog|spa|1
|move|p2b: Annihilape|Bulk Up|p2b: Annihilape
|-boost|p2b: Annihilape|atk|1
|-boost|p2b: Annihilape|def|1
|move|p1a: Tappan Zee|Electro Shot|p2b: Annihilape|[from] lockedmove
|-damage|p2b: Annihilape|64/100 par
|
|-heal|p2b: Annihilape|71/100 par|[from] item: Leftovers
|upkeep
|turn|4
|inactive|redpandavgclol has 30 seconds left.
|inactive|Dah_tobster has 30 seconds left.
|inactive|redpandavgclol has 20 seconds left.
|inactive|redpandavgclol has 15 seconds left.
|
|t:|1757038480
|switch|p1b: peepoclap|Politoed, L50, M, shiny|100/100
|-weather|RainDance|[from] ability: Drizzle|[of] p1b: peepoclap
|move|p2a: Grimmsnarl|Spirit Break|p1b: peepoclap
|-damage|p1b: peepoclap|81/100
|-unboost|p1b: peepoclap|spa|1
|cant|p2b: Annihilape|par
|move|p1a: Tappan Zee|Electro Shot||[still]
|-prepare|p1a: Tappan Zee|Electro Shot
|-boost|p1a: Tappan Zee|spa|1
|-anim|p1a: Tappan Zee|Electro Shot|p2b: Annihilape
|-damage|p2b: Annihilape|28/100 par
|
|-weather|RainDance|[upkeep]
|-heal|p2b: Annihilape|35/100 par|[from] item: Leftovers
|upkeep
|turn|5
|inactive|redpandavgclol has 30 seconds left.
|inactive|Dah_tobster has 30 seconds left.
|inactive|redpandavgclol has 20 seconds left.
|
|t:|1757038516
|move|p1a: Tappan Zee|Protect|p1a: Tappan Zee
|-singleturn|p1a: Tappan Zee|Protect
|move|p2a: Grimmsnarl|Thunder Wave|p1b: peepoclap
|-status|p1b: peepoclap|par
|move|p2b: Annihilape|Drain Punch|p1b: peepoclap
|-damage|p1b: peepoclap|22/100 par
|-heal|p2b: Annihilape|63/100 par|[from] drain|[of] p1b: peepoclap
|-enditem|p1b: peepoclap|Sitrus Berry|[eat]
|-heal|p1b: peepoclap|47/100 par|[from] item: Sitrus Berry
|move|p1b: peepoclap|Haze|p1b: peepoclap
|-clearallboost
|
|-weather|RainDance|[upkeep]
|-heal|p2b: Annihilape|69/100 par|[from] item: Leftovers
|upkeep
|turn|6
|inactive|redpandavgclol has 30 seconds left.
|
|t:|1757038544
|move|p1b: peepoclap|Helping Hand|p1a: Tappan Zee
|-singleturn|p1a: Tappan Zee|Helping Hand|[of] p1b: peepoclap
|move|p2a: Grimmsnarl|Spirit Break|p1b: peepoclap
|-damage|p1b: peepoclap|28/100 par
|-unboost|p1b: peepoclap|spa|1
|move|p2b: Annihilape|Bulk Up|p2b: Annihilape
|-boost|p2b: Annihilape|atk|1
|-boost|p2b: Annihilape|def|1
|move|p1a: Tappan Zee|Electro Shot||[still]
|-prepare|p1a: Tappan Zee|Electro Shot
|-boost|p1a: Tappan Zee|spa|1
|-anim|p1a: Tappan Zee|Electro Shot|p2b: Annihilape
|-damage|p2b: Annihilape|19/100 par
|
|-weather|RainDance|[upkeep]
|-heal|p2b: Annihilape|25/100 par|[from] item: Leftovers
|upkeep
|turn|7
|inactive|redpandavgclol has 30 seconds left.
|inactive|Dah_tobster has 30 seconds left.
|
|t:|1757038578
|switch|p2a: Gholdengo|Gholdengo, L50|100/100
|move|p2b: Annihilape|Rage Fist|p1a: Tappan Zee
|-damage|p1a: Tappan Zee|34/100 par
|-ability|p1a: Tappan Zee|Stamina|boost
|-boost|p1a: Tappan Zee|def|1
|move|p1a: Tappan Zee|Flash Cannon|p2b: Annihilape
|-damage|p2b: Annihilape|0 fnt
|faint|p2b: Annihilape
|cant|p1b: peepoclap|par
|
|-weather|RainDance|[upkeep]
|-heal|p1a: Tappan Zee|40/100 par|[from] item: Leftovers
|upkeep
|
|t:|1757038591
|switch|p2b: Dragonite|Dragonite, L50, M|100/100
|turn|8
|
|t:|1757038605
|switch|p1a: Duppy|Basculegion, L50, M|100/100
|move|p1b: peepoclap|Protect|p1b: peepoclap
|-singleturn|p1b: peepoclap|Protect
|move|p2b: Dragonite|Extreme Speed|p1b: peepoclap
|-activate|p1b: peepoclap|move: Protect
|move|p2a: Gholdengo|Make It Rain|p1a: Duppy|[spread] p1a
|-activate|p1b: peepoclap|move: Protect
|-resisted|p1a: Duppy
|-damage|p1a: Duppy|66/100
|-unboost|p2a: Gholdengo|spa|1
|-damage|p2a: Gholdengo|91/100|[from] item: Life Orb
|
|-weather|none
|-sideend|p1: redpandavgclol|Reflect
|-sideend|p2: Dah_tobster|move: Light Screen
|upkeep
|turn|9
|inactive|Dah_tobster has 30 seconds left.
|
|t:|1757038630
|switch|p1b: frog|Grimmsnarl, L50, M, shiny|65/100
|-terastallize|p2a: Gholdengo|Water
|move|p1a: Duppy|Protect|p1a: Duppy
|-singleturn|p1a: Duppy|Protect
|move|p2b: Dragonite|Scale Shot|p1a: Duppy
|-activate|p1a: Duppy|move: Protect
|move|p2a: Gholdengo|Nasty Plot|p2a: Gholdengo
|-boost|p2a: Gholdengo|spa|2
|
|upkeep
|turn|10
|inactive|redpandavgclol has 30 seconds left.
|
|t:|1757038656
|switch|p1a: peepoclap|Politoed, L50, M, shiny|28/100 par
|-weather|RainDance|[from] ability: Drizzle|[of] p1a: peepoclap
|move|p2b: Dragonite|Extreme Speed|p1b: frog
|-damage|p1b: frog|37/100
|move|p1b: frog|Light Screen|p1b: frog
|-sidestart|p1: redpandavgclol|move: Light Screen
|move|p2a: Gholdengo|Shadow Ball|p1a: peepoclap
|-damage|p1a: peepoclap|0 fnt
|faint|p1a: peepoclap
|-damage|p2a: Gholdengo|81/100|[from] item: Life Orb
|
|-weather|RainDance|[upkeep]
|upkeep
|
|t:|1757038679
|switch|p1a: Duppy|Basculegion, L50, M|66/100
|turn|11
|
|t:|1757038696
|move|p2a: Gholdengo|Protect|p2a: Gholdengo
|-singleturn|p2a: Gholdengo|Protect
|move|p1b: frog|Reflect|p1b: frog
|-sidestart|p1: redpandavgclol|Reflect
|move|p2b: Dragonite|Scale Shot|p1a: Duppy
|-damage|p1a: Duppy|54/100
|-damage|p1a: Duppy|42/100
|-damage|p1a: Duppy|30/100
|-damage|p1a: Duppy|18/100
|-damage|p1a: Duppy|4/100
|-hitcount|p1a: Duppy|5
|-unboost|p2b: Dragonite|def|1
|-boost|p2b: Dragonite|spe|1
|move|p1a: Duppy|Last Respects|p2a: Gholdengo
|-activate|p2a: Gholdengo|move: Protect
|
|-weather|RainDance|[upkeep]
|upkeep
|turn|12
|inactive|Dah_tobster has 30 seconds left.
|
|t:|1757038722
|move|p2b: Dragonite|Protect|p2b: Dragonite
|-singleturn|p2b: Dragonite|Protect
|move|p1a: Duppy|Protect|p1a: Duppy
|-singleturn|p1a: Duppy|Protect
|move|p1b: frog|Thunder Wave|p2b: Dragonite
|-activate|p2b: Dragonite|move: Protect
|move|p2a: Gholdengo|Make It Rain|p1b: frog|[spread] p1b
|-activate|p1a: Duppy|move: Protect
|-supereffective|p1b: frog
|-damage|p1b: frog|0 fnt
|-unboost|p2a: Gholdengo|spa|1
|faint|p1b: frog
|-damage|p2a: Gholdengo|71/100|[from] item: Life Orb
|
|-weather|RainDance|[upkeep]
|upkeep
|
|t:|1757038729
|switch|p1b: Tappan Zee|Archaludon, L50, F, shiny, tera:Fairy|40/100 par
|turn|13
|inactive|Dah_tobster has 30 seconds left.
|
|t:|1757038764
|move|p2a: Gholdengo|Protect|p2a: Gholdengo
|-singleturn|p2a: Gholdengo|Protect
|move|p1a: Duppy|Aqua Jet|p2a: Gholdengo
|-activate|p2a: Gholdengo|move: Protect
|move|p2b: Dragonite|Scale Shot|p1a: Duppy
|-damage|p1a: Duppy|0 fnt
|faint|p1a: Duppy
|-hitcount|p1: Duppy|1
|-unboost|p2b: Dragonite|def|1
|-boost|p2b: Dragonite|spe|1
|move|p1b: Tappan Zee|Electro Shot||[still]
|-prepare|p1b: Tappan Zee|Electro Shot
|-boost|p1b: Tappan Zee|spa|1
|-anim|p1b: Tappan Zee|Electro Shot|p2a: Gholdengo
|-activate|p2a: Gholdengo|move: Protect
|
|-weather|RainDance|[upkeep]
|-heal|p1b: Tappan Zee|46/100 par|[from] item: Leftovers
|upkeep
|turn|14
|
|t:|1757038786
|move|p2b: Dragonite|Scale Shot|p1b: Tappan Zee
|-immune|p1b: Tappan Zee
|move|p2a: Gholdengo|Make It Rain|p1b: Tappan Zee
|-supereffective|p1b: Tappan Zee
|-damage|p1b: Tappan Zee|0 fnt
|-unboost|p2a: Gholdengo|spa|1
|faint|p1b: Tappan Zee
|-damage|p2a: Gholdengo|61/100|[from] item: Life Orb
|
|win|Dah_tobster
||redpandavgclol is ready for game 2.
||Dah_tobster is ready for game 2.
|uhtml|next|Next: Game 2 of 3
|l|☆redpandavgclol
|player|p1|
