|j|☆1OO% Jesus
|j|☆dingolino
|html|1OO% Jesusdingolino    
|uhtml|bestof|Game 1 of a best-of-3
|t:|1783524451
|gametype|doubles
|player|p1|1OO% Jesus|lillie-z|1176
|player|p2|dingolino|musician|1136
|gen|9
|tier|[Gen 9 Champions] VGC 2026 Reg M-B (Bo3)
|rated|
|rule|Species Clause: Limit one of each Pokémon
|rule|Item Clause: Limit 1 of each item
|clearpoke
|poke|p1|Delphox, L50, M|
|poke|p1|Sneasler, L50, M|
|poke|p1|Incineroar, L50, M|
|poke|p1|Sinistcha, L50|
|poke|p1|Maushold-Four, L50|
|poke|p1|Blastoise, L50, M|
|poke|p2|Blastoise, L50, M|
|poke|p2|Sneasler, L50, F|
|poke|p2|Liepard, L50, M|
|poke|p2|Sinistcha, L50|
|poke|p2|Delphox, L50, F|
|poke|p2|Dragonite, L50, M|
|teampreview|4
|showteam|p1|Delphox||Delphoxite|Blaze|HeatWave,Psyshock,NastyPlot,Protect|Timid||M|||50|]Sneasler||FocusSash|PoisonTouch|CloseCombat,PoisonJab,FakeOut,QuickGuard|Jolly||M|||50|]Incineroar||SitrusBerry|Intimidate|FlareBlitz,ThroatChop,FakeOut,PartingShot|Impish||M|||50|]Sinistcha||OccaBerry|Hospitality|MatchaGotcha,RagePowder,LifeDew,Protect|Bold|||||50|]Maushold-Four||ChopleBerry|FriendGuard|FollowMe,Feint,HelpingHand,Protect|Impish|||||50|]Blastoise||Blastoisinite|RainDish|WaterSpout,DarkPulse,ShellSmash,Protect|Modest||M|||50|
|showteam|p2|Blastoise||Blastoisinite|RainDish|WaterSpout,DarkPulse,Protect,ShellSmash|Modest||M|||50|]Sneasler||FocusSash|Unburden|QuickGuard,FakeOut,DireClaw,CloseCombat|Adamant||F|||50|]Liepard||ChopleBerry|Prankster|FakeOut,Yawn,Encore,KnockOff|Adamant||M|||50|]Sinistcha||KasibBerry|Hospitality|RagePowder,MatchaGotcha,TrickRoom,Protect|Bold|||||50|]Delphox||Delphoxite|Blaze|HeatWave,NastyPlot,Psyshock,Protect|Timid||F|||50|]Dragonite||RoseliBerry|Multiscale|Tailwind,DragonClaw,Protect,ExtremeSpeed|Adamant||M|||50|
|inactive|Battle timer is ON: inactive players will automatically lose when time's up. (requested by dingolino)
|inactive|1OO% Jesus has 60 seconds left.
|inactive|1OO% Jesus has 30 seconds left.
|inactive|1OO% Jesus has 20 seconds left.
|inactive|1OO% Jesus has 15 seconds left.
|inactive|1OO% Jesus has 10 seconds left.
|
|t:|1783524536
|teamsize|p1|4
|teamsize|p2|4
|start
|switch|p1a: Delphox|Delphox, L50, M|100/100
|switch|p1b: Sinistcha|Sinistcha, L50|100/100
|switch|p2a: Liepard|Liepard, L50, M|100/100
|switch|p2b: Blastoise|Blastoise, L50, M|100/100
|turn|1
|inactive|1OO% Jesus has 30 seconds left.
|inactive|1OO% Jesus has 20 seconds left.
|inactive|1OO% Jesus has 15 seconds left.
|inactive|1OO% Jesus has 10 seconds left.
|
|t:|1783524585
|detailschange|p1a: Delphox|Delphox-Mega, L50, M
|-mega|p1a: Delphox|Delphox|Delphoxite
|detailschange|p2b: Blastoise|Blastoise-Mega, L50, M
|-mega|p2b: Blastoise|Blastoise|Blastoisinite
|move|p1a: Delphox|Protect|p1a: Delphox
|-singleturn|p1a: Delphox|Protect
|move|p2a: Liepard|Fake Out|p1a: Delphox
|-activate|p1a: Delphox|move: Protect
|move|p2b: Blastoise|Shell Smash|p2b: Blastoise
|-unboost|p2b: Blastoise|def|1
|-unboost|p2b: Blastoise|spd|1
|-boost|p2b: Blastoise|atk|2
|-boost|p2b: Blastoise|spa|2
|-boost|p2b: Blastoise|spe|2
|move|p1b: Sinistcha|Matcha Gotcha|p2b: Blastoise|[spread] p2a,p2b
|-supereffective|p2b: Blastoise|1
|-damage|p2a: Liepard|63/100
|-damage|p2b: Blastoise|19/100
|
|upkeep
|turn|2
|inactive|1OO% Jesus has 30 seconds left.
|inactive|dingolino has 30 seconds left.
|inactive|dingolino has 20 seconds left.
|inactive|dingolino has 15 seconds left.
|
|t:|1783524626
|switch|p1b: Incineroar|Incineroar, L50, M|100/100
|-ability|p1b: Incineroar|Intimidate|boost
|-unboost|p2a: Liepard|atk|1
|-unboost|p2b: Blastoise|atk|1
|move|p2b: Blastoise|Dark Pulse|p1a: Delphox
|-supereffective|p1a: Delphox|1
|-damage|p1a: Delphox|0 fnt
|faint|p1a: Delphox
|move|p2a: Liepard|Knock Off|p1b: Incineroar
|-resisted|p1b: Incineroar|1
|-damage|p1b: Incineroar|91/100
|-enditem|p1b: Incineroar|Sitrus Berry|[from] move: Knock Off|[of] p2a: Liepard
|
|upkeep
|
|t:|1783524649
|switch|p1a: Sinistcha|Sinistcha, L50|100/100
|-heal|p1b: Incineroar|100/100|[from] ability: Hospitality|[of] p1a: Sinistcha
|turn|3
|
|t:|1783524673
|switch|p1b: Sneasler|Sneasler, L50, M|100/100
|move|p2b: Blastoise|Protect|p2b: Blastoise
|-singleturn|p2b: Blastoise|Protect
|move|p2a: Liepard|Knock Off|p1a: Sinistcha
|-supereffective|p1a: Sinistcha|1
|-damage|p1a: Sinistcha|69/100
|-enditem|p1a: Sinistcha|Occa Berry|[from] move: Knock Off|[of] p2a: Liepard
|move|p1a: Sinistcha|Matcha Gotcha|p2b: Blastoise|[spread] p2a
|-activate|p2b: Blastoise|move: Protect
|-damage|p2a: Liepard|22/100
|-heal|p1a: Sinistcha|89/100|[from] drain|[of] p2a: Liepard
|
|upkeep
|turn|4
|inactive|dingolino has 30 seconds left.
|
|t:|1783524699
|move|p1b: Sneasler|Fake Out|p2b: Blastoise
|-damage|p2b: Blastoise|0 fnt
|faint|p2b: Blastoise
|move|p2a: Liepard|Yawn|p1b: Sneasler
|-start|p1b: Sneasler|move: Yawn|[of] p2a: Liepard
|move|p1a: Sinistcha|Matcha Gotcha|p2a: Liepard
|-damage|p2a: Liepard|0 fnt
|-heal|p1a: Sinistcha|100/100|[from] drain|[of] p2a: Liepard
|faint|p2a: Liepard
|
|upkeep
|
|t:|1783524707
|switch|p2b: Dragonite|Dragonite, L50, M|100/100
|switch|p2a: Sneasler|Sneasler, L50, F|100/100
|turn|5
|
|t:|1783524729
|switch|p1b: Incineroar|Incineroar, L50, M|100/100
|-ability|p1b: Incineroar|Intimidate|boost
|-unboost|p2a: Sneasler|atk|1
|-unboost|p2b: Dragonite|atk|1
|move|p2a: Sneasler|Dire Claw|p1a: Sinistcha
|-damage|p1a: Sinistcha|77/100
|-status|p1a: Sinistcha|psn
|move|p2b: Dragonite|Tailwind|p2b: Dragonite
|-sidestart|p2: dingolino|move: Tailwind
|move|p1a: Sinistcha|Matcha Gotcha|p2b: Dragonite|[spread] p2a,p2b
|-resisted|p2a: Sneasler|1
|-resisted|p2b: Dragonite|2
|-damage|p2a: Sneasler|84/100
|-heal|p1a: Sinistcha|84/100 psn|[from] drain|[of] p2a: Sneasler
|-damage|p2b: Dragonite|97/100
|-heal|p1a: Sinistcha|85/100 psn|[from] drain|[of] p2b: Dragonite
|-status|p2b: Dragonite|brn
|
|-damage|p1a: Sinistcha|73/100 psn|[from] psn
|-damage|p2b: Dragonite|91/100 brn|[from] brn
|upkeep
|turn|6
|inactive|1OO% Jesus has 30 seconds left.
|inactive|1OO% Jesus has 20 seconds left.
|inactive|1OO% Jesus has 15 seconds left.
|inactive|1OO% Jesus has 10 seconds left.
|
|t:|1783524775
|move|p1a: Sinistcha|Rage Powder|p1a: Sinistcha
|-singleturn|p1a: Sinistcha|move: Rage Powder
|move|p2a: Sneasler|Close Combat|p1a: Sinistcha
|-immune|p1a: Sinistcha
|move|p2b: Dragonite|Dragon Claw|p1a: Sinistcha
|-damage|p1a: Sinistcha|61/100 psn
|move|p1b: Incineroar|Parting Shot|p2b: Dragonite
|-unboost|p2b: Dragonite|atk|1
|-unboost|p2b: Dragonite|spa|1
|
|t:|1783524784
|switch|p1b: Sneasler|Sneasler, L50, M|100/100|[from] Parting Shot
|
|-damage|p1a: Sinistcha|49/100 psn|[from] psn
|-damage|p2b: Dragonite|85/100 brn|[from] brn
|upkeep
|turn|7
|inactive|dingolino has 30 seconds left.
|
|t:|1783524814
|move|p1b: Sneasler|Fake Out|p2a: Sneasler
|-damage|p2a: Sneasler|61/100
|cant|p2a: Sneasler|flinch
|move|p2b: Dragonite|Dragon Claw|p1a: Sinistcha
|-damage|p1a: Sinistcha|41/100 psn
|move|p1a: Sinistcha|Life Dew||[still]|[spread] p1a,p1b
|-heal|p1a: Sinistcha|66/100 psn
|-fail|p1b: Sneasler|heal
|
|-damage|p1a: Sinistcha|53/100 psn|[from] psn
|-damage|p2b: Dragonite|79/100 brn|[from] brn
|upkeep
|turn|8
|
|t:|1783524837
|switch|p1b: Incineroar|Incineroar, L50, M|100/100
|-ability|p1b: Incineroar|Intimidate|boost
|-unboost|p2a: Sneasler|atk|1
|-unboost|p2b: Dragonite|atk|1
|move|p2a: Sneasler|Dire Claw|p1a: Sinistcha
|-damage|p1a: Sinistcha|33/100 psn
|move|p2b: Dragonite|Dragon Claw|p1a: Sinistcha
|-damage|p1a: Sinistcha|26/100 psn
|move|p1a: Sinistcha|Matcha Gotcha|p2b: Dragonite|[spread] 
|-miss|p1a: Sinistcha|p2a: Sneasler
|-miss|p1a: Sinistcha|p2b: Dragonite
|
|-damage|p1a: Sinistcha|14/100 psn|[from] psn
|-damage|p2b: Dragonite|73/100 brn|[from] brn
|-sideend|p2: dingolino|move: Tailwind
|upkeep
|turn|9
|inactive|dingolino has 30 seconds left.
|
|t:|1783524869
|move|p2a: Sneasler|Dire Claw|p1a: Sinistcha
|-crit|p1a: Sinistcha
|-damage|p1a: Sinistcha|0 fnt
|faint|p1a: Sinistcha
|move|p1b: Incineroar|Flare Blitz|p2a: Sneasler
|-damage|p2a: Sneasler|0 fnt
|faint|p2a: Sneasler
|-damage|p1b: Incineroar|84/100|[from] Recoil
|move|p2b: Dragonite|Dragon Claw|p1b: Incineroar
|-damage|p1b: Incineroar|77/100
|
|-damage|p2b: Dragonite|67/100 brn|[from] brn
|upkeep
|
|t:|1783524880
|switch|p1a: Sneasler|Sneasler, L50, M|100/100
|turn|10
|
|t:|1783524896
|move|p1a: Sneasler|Fake Out|p2b: Dragonite
|-damage|p2b: Dragonite|53/100 brn
|move|p1b: Incineroar|Throat Chop|p2b: Dragonite
|-damage|p2b: Dragonite|24/100 brn
|-start|p2b: Dragonite|Throat Chop|[silent]
|cant|p2b: Dragonite|flinch
|
|-damage|p2b: Dragonite|18/100 brn|[from] brn
|upkeep
|turn|11
|
|t:|1783524906
|move|p1a: Sneasler|Poison Jab|p2b: Dragonite
|-damage|p2b: Dragonite|0 fnt
|faint|p2b: Dragonite
|
|win|1OO% Jesus
||1OO% Jesus is ready for game 2.
||dingolino is ready for game 2.
|uhtml|next|Next: Game 2 of 3
