|j|☆KUKUMAN
|j|☆fancysushi12
|html|KUKUMANfancysushi12    
|uhtml|bestof|Game 2 of a best-of-3
|t:|1783712667
|gametype|doubles
|player|p1|KUKUMAN|scientist-gen4dp|1119
|player|p2|fancysushi12|2|1043
|gen|9
|tier|[Gen 9 Champions] VGC 2026 Reg M-B (Bo3)
|rated|
|rule|Species Clause: Limit one of each Pokémon
|rule|Item Clause: Limit 1 of each item
|clearpoke
|poke|p1|Ninetales-Alola, L50, F, shiny|
|poke|p1|Raichu, L50, M, shiny|
|poke|p1|Milotic, L50, F, shiny|
|poke|p1|Incineroar, L50, M, shiny|
|poke|p1|Ceruledge, L50, M, shiny|
|poke|p1|Sinistcha-Masterpiece, L50, shiny|
|poke|p2|Politoed, L50, M|
|poke|p2|Swampert, L50, F|
|poke|p2|Metagross, L50|
|poke|p2|Overqwil, L50, M|
|poke|p2|Sableye, L50, F|
|poke|p2|Archaludon, L50, M|
|teampreview|4
|showteam|p1|Ninetales-Alola||LightClay|SnowWarning|Blizzard,Moonblast,AuroraVeil,Protect|Timid||F|||50|]Raichu||RaichuniteY|LightningRod|ZapCannon,FocusBlast,FakeOut,Protect|Timid||M|||50|]Milotic||Leftovers|Competitive|Scald,IcyWind,LifeDew,Protect|Bold||F|||50|]Incineroar||SitrusBerry|Intimidate|FlareBlitz,ThroatChop,FakeOut,PartingShot|Impish||M|||50|]Ceruledge||ColburBerry|FlashFire|BitterBlade,ShadowSneak,BulkUp,Protect|Adamant||M|||50|]Sinistcha-Masterpiece||KasibBerry|Hospitality|MatchaGotcha,LifeDew,RagePowder,TrickRoom|Bold|||||50|
|showteam|p2|Politoed||SitrusBerry|Drizzle|Encore,IceBeam,WeatherBall,Protect|Bold||M|||50|]Swampert||Swampertite|Torrent|WaveCrash,HighHorsepower,FlipTurn,Protect|Adamant||F|||50|]Metagross||Metagrossite|ClearBody|IronHead,PsychicFangs,BodyPress,Protect|Jolly|||||50|]Overqwil||LifeOrb|SwiftSwim|PoisonJab,ThroatChop,Liquidation,Protect|Adamant||M|||50|]Sableye||LightClay|Prankster|Taunt,RainDance,LightScreen,Reflect|Bold||F|||50|]Archaludon||Leftovers|Stamina|ElectroShot,DragonPulse,FlashCannon,Protect|Modest||M|||50|
|inactive|Battle timer is ON: inactive players will automatically lose when time's up. (requested by KUKUMAN)
|
|t:|1783712704
|teamsize|p1|4
|teamsize|p2|4
|start
|switch|p1a: Raichu|Raichu, L50, M, shiny|100/100
|switch|p1b: Milotic|Milotic, L50, F, shiny|100/100
|switch|p2a: Swampert|Swampert, L50, F|100/100
|switch|p2b: Overqwil|Overqwil, L50, M|100/100
|turn|1
|
|t:|1783712716
|detailschange|p1a: Raichu|Raichu-Mega-Y, L50, M, shiny
|-mega|p1a: Raichu|Raichu|Raichunite Y
|detailschange|p2a: Swampert|Swampert-Mega, L50, F
|-mega|p2a: Swampert|Swampert|Swampertite
|move|p2b: Overqwil|Protect|p2b: Overqwil
|-singleturn|p2b: Overqwil|Protect
|move|p2a: Swampert|Protect|p2a: Swampert
|-singleturn|p2a: Swampert|Protect
|move|p1a: Raichu|Fake Out|p2a: Swampert
|-activate|p2a: Swampert|move: Protect
|move|p1b: Milotic|Icy Wind|p2b: Overqwil|[spread] 
|-activate|p2a: Swampert|move: Protect
|-activate|p2b: Overqwil|move: Protect
|
|upkeep
|turn|2
|
|t:|1783712741
|switch|p1a: Ninetales|Ninetales-Alola, L50, F, shiny|100/100
|-weather|Snowscape|[from] ability: Snow Warning|[of] p1a: Ninetales
|move|p2b: Overqwil|Poison Jab|p1a: Ninetales
|-supereffective|p1a: Ninetales|1
|-damage|p1a: Ninetales|0 fnt
|faint|p1a: Ninetales
|-damage|p2b: Overqwil|90/100|[from] item: Life Orb
|move|p2a: Swampert|Flip Turn|p1b: Milotic
|-resisted|p1b: Milotic|1
|-damage|p1b: Milotic|83/100
|
|t:|1783712752
|switch|p2a: Politoed|Politoed, L50, M|100/100|[from] Flip Turn
|-weather|RainDance|[from] ability: Drizzle|[of] p2a: Politoed
|move|p1b: Milotic|Icy Wind|p2a: Politoed|[spread] p2a,p2b
|-resisted|p2a: Politoed|1
|-damage|p2a: Politoed|95/100
|-damage|p2b: Overqwil|75/100
|-unboost|p2a: Politoed|spe|1
|-unboost|p2b: Overqwil|spe|1
|
|-weather|RainDance|[upkeep]
|-heal|p1b: Milotic|89/100|[from] item: Leftovers
|upkeep
|
|t:|1783712772
|switch|p1a: Sinistcha|Sinistcha-Masterpiece, L50, shiny|100/100
|-heal|p1b: Milotic|100/100|[from] ability: Hospitality|[of] p1a: Sinistcha
|turn|3
|
|t:|1783712782
|move|p2b: Overqwil|Throat Chop|p1a: Sinistcha
|-supereffective|p1a: Sinistcha|1
|-damage|p1a: Sinistcha|8/100
|-start|p1a: Sinistcha|Throat Chop|[silent]
|-damage|p2b: Overqwil|65/100|[from] item: Life Orb
|move|p1b: Milotic|Scald|p2b: Overqwil
|-damage|p2b: Overqwil|0 fnt
|faint|p2b: Overqwil
|move|p1a: Sinistcha|Matcha Gotcha|p2a: Politoed
|-supereffective|p2a: Politoed|1
|-damage|p2a: Politoed|35/100
|-heal|p1a: Sinistcha|44/100|[from] drain|[of] p2a: Politoed
|-enditem|p2a: Politoed|Sitrus Berry|[eat]
|-heal|p2a: Politoed|59/100|[from] item: Sitrus Berry
|move|p2a: Politoed|Encore|p1b: Milotic
|-start|p1b: Milotic|Encore
|
|-weather|RainDance|[upkeep]
|upkeep
|
|t:|1783712799
|switch|p2b: Archaludon|Archaludon, L50, M|100/100
|turn|4
|
|t:|1783712822
|move|p2a: Politoed|Protect|p2a: Politoed
|-singleturn|p2a: Politoed|Protect
|move|p1a: Sinistcha|Rage Powder|p1a: Sinistcha
|-singleturn|p1a: Sinistcha|move: Rage Powder
|move|p1b: Milotic|Scald|p2b: Archaludon
|-resisted|p2b: Archaludon|1
|-damage|p2b: Archaludon|74/100
|-ability|p2b: Archaludon|Stamina|boost
|-boost|p2b: Archaludon|def|1
|move|p2b: Archaludon|Dragon Pulse|p1a: Sinistcha
|-damage|p1a: Sinistcha|0 fnt
|faint|p1a: Sinistcha
|
|-weather|RainDance|[upkeep]
|-heal|p2b: Archaludon|80/100|[from] item: Leftovers
|upkeep
|
|t:|1783712835
|switch|p1a: Raichu|Raichu-Mega-Y, L50, M, shiny|100/100
|turn|5
|
|t:|1783712844
|switch|p2a: Swampert|Swampert-Mega, L50, F|100/100
|move|p1a: Raichu|Focus Blast|p2b: Archaludon
|-supereffective|p2b: Archaludon|1
|-damage|p2b: Archaludon|0 fnt
|faint|p2b: Archaludon
|move|p1b: Milotic|Scald|p2a: Swampert
|-crit|p2a: Swampert
|-damage|p2a: Swampert|38/100
|
|-weather|RainDance|[upkeep]
|upkeep
|
|t:|1783712855
|switch|p2b: Politoed|Politoed, L50, M|59/100
|turn|6
|-message|fancysushi12 forfeited.
|
|win|KUKUMAN
|raw|KUKUMAN's rating: 1119 → 1139(+20 for winning)
|raw|fancysushi12's rating: 1043 → 1030(-13 for losing)
|l|☆fancysushi12
|player|p2|
