|j|☆siamocucinatidoc
|j|☆OdeioPeugeot
|html|siamocucinatidocOdeioPeugeot    
|uhtml|bestof|Game 2 of a best-of-3
|t:|1783987188
|gametype|doubles
|player|p1|siamocucinatidoc|169|1341
|player|p2|OdeioPeugeot|swimmer-gen4dp|1247
|gen|9
|tier|[Gen 9 Champions] VGC 2026 Reg M-B (Bo3)
|rated|
|rule|Species Clause: Limit one of each Pokémon
|rule|Item Clause: Limit 1 of each item
|clearpoke
|poke|p1|Pelipper, L50, M|
|poke|p1|Archaludon, L50, M|
|poke|p1|Grimmsnarl, L50, M|
|poke|p1|Basculegion, L50, M|
|poke|p1|Venusaur, L50, F|
|poke|p1|Charizard, L50, M|
|poke|p2|Basculegion, L50, M|
|poke|p2|Pelipper, L50, F|
|poke|p2|Archaludon, L50, F|
|poke|p2|Grimmsnarl, L50, M|
|poke|p2|Charizard, L50, M|
|poke|p2|Venusaur, L50, F|
|teampreview|4
|showteam|p1|Pelipper||SitrusBerry|Drizzle|WeatherBall,Hurricane,Tailwind,WideGuard|Modest||M|||50|]Archaludon||Leftovers|Stamina|ElectroShot,DragonPulse,FlashCannon,Protect|Calm||M|||50|]Grimmsnarl||LightClay|Prankster|FoulPlay,LightScreen,Reflect,PartingShot|Calm||M|||50|]Basculegion||ChoiceScarf|Adaptability|WaveCrash,FlipTurn,LastRespects,AquaJet|Jolly||M|||50|]Venusaur||FocusSash|Chlorophyll|SleepPowder,SludgeBomb,EarthPower,Protect|Modest||F|||50|]Charizard||CharizarditeY|SolarPower|HeatWave,WeatherBall,SolarBeam,Protect|Modest||M|||50|
|showteam|p2|Basculegion||LifeOrb|SwiftSwim|WaveCrash,AquaJet,LastRespects,Protect|Adamant||M|||50|]Pelipper||SitrusBerry|Drizzle|Hurricane,Tailwind,WeatherBall,Protect|Modest||F|||50|]Archaludon||Leftovers|Stamina|ElectroShot,FlashCannon,DragonPulse,Protect|Modest||F|||50|]Grimmsnarl||LightClay|Prankster|FoulPlay,PartingShot,Reflect,LightScreen|Calm||M|||50|]Charizard||CharizarditeY|Blaze|HeatWave,SolarBeam,WeatherBall,Protect|Modest||M|||50|]Venusaur||FocusSash|Chlorophyll|SludgeBomb,GigaDrain,SleepPowder,Protect|Modest||F|||50|
|inactive|Battle timer is ON: inactive players will automatically lose when time's up. (requested by OdeioPeugeot)
|inactive|OdeioPeugeot has 60 seconds left.
|
|t:|1783987231
|teamsize|p1|4
|teamsize|p2|4
|start
|switch|p1a: Charizard|Charizard, L50, M|100/100
|switch|p1b: Venusaur|Venusaur, L50, F|100/100
|switch|p2a: Grimmsnarl|Grimmsnarl, L50, M|100/100
|switch|p2b: Archaludon|Archaludon, L50, F|100/100
|turn|1
|
|t:|1783987256
|move|p1a: Charizard|Protect|p1a: Charizard
|-singleturn|p1a: Charizard|Protect
|move|p2b: Archaludon|Protect|p2b: Archaludon
|-singleturn|p2b: Archaludon|Protect
|move|p2a: Grimmsnarl|Light Screen|p2a: Grimmsnarl
|-sidestart|p2: OdeioPeugeot|move: Light Screen
|move|p1b: Venusaur|Sludge Bomb|p2a: Grimmsnarl
|-supereffective|p2a: Grimmsnarl|1
|-damage|p2a: Grimmsnarl|51/100
|
|upkeep
|turn|2
|
|t:|1783987277
|switch|p1a: Grimmsnarl|Grimmsnarl, L50, M|100/100
|move|p2a: Grimmsnarl|Parting Shot|p1a: Grimmsnarl
|-hint|Since gen 7, Dark is immune to Prankster moves.
|-immune|p1a: Grimmsnarl
|move|p1b: Venusaur|Sludge Bomb|p2a: Grimmsnarl
|-supereffective|p2a: Grimmsnarl|1
|-damage|p2a: Grimmsnarl|2/100
|move|p2b: Archaludon|Dragon Pulse|p1b: Venusaur
|-damage|p1b: Venusaur|51/100
|
|upkeep
|turn|3
|
|t:|1783987300
|move|p1a: Grimmsnarl|Light Screen|p1a: Grimmsnarl
|-sidestart|p1: siamocucinatidoc|move: Light Screen
|move|p2a: Grimmsnarl|Parting Shot|p1b: Venusaur
|-unboost|p1b: Venusaur|atk|1
|-unboost|p1b: Venusaur|spa|1
|
|t:|1783987310
|switch|p2a: Ela Tpm|Charizard, L50, M|100/100|[from] Parting Shot
|move|p1b: Venusaur|Sleep Powder|p2b: Archaludon|[miss]
|-miss|p1b: Venusaur|p2b: Archaludon
|move|p2b: Archaludon|Dragon Pulse|p1b: Venusaur
|-damage|p1b: Venusaur|22/100
|
|upkeep
|turn|4
|inactive|siamocucinatidoc has 30 seconds left.
|inactive|siamocucinatidoc has 20 seconds left.
|
|t:|1783987350
|move|p1b: Venusaur|Protect|p1b: Venusaur
|-singleturn|p1b: Venusaur|Protect
|move|p2a: Ela Tpm|Protect|p2a: Ela Tpm
|-singleturn|p2a: Ela Tpm|Protect
|move|p1a: Grimmsnarl|Parting Shot|p2b: Archaludon
|-unboost|p2b: Archaludon|atk|1
|-unboost|p2b: Archaludon|spa|1
|
|t:|1783987358
|switch|p1a: Charizard|Charizard, L50, M|100/100|[from] Parting Shot
|move|p2b: Archaludon|Dragon Pulse|p1b: Venusaur
|-activate|p1b: Venusaur|move: Protect
|
|upkeep
|turn|5
|
|t:|1783987372
|detailschange|p1a: Charizard|Charizard-Mega-Y, L50, M
|-mega|p1a: Charizard|Charizard|Charizardite Y
|-weather|SunnyDay|[from] ability: Drought|[of] p1a: Charizard
|detailschange|p2a: Ela Tpm|Charizard-Mega-Y, L50, M
|-mega|p2a: Ela Tpm|Charizard|Charizardite Y
|move|p1b: Venusaur|Sleep Powder|p2a: Ela Tpm
|-status|p2a: Ela Tpm|slp|[from] move: Sleep Powder
|move|p1a: Charizard|Weather Ball|p2b: Archaludon
|-damage|p2b: Archaludon|42/100
|-ability|p2b: Archaludon|Stamina|boost
|-boost|p2b: Archaludon|def|1
|cant|p2a: Ela Tpm|slp
|move|p2b: Archaludon|Dragon Pulse|p1b: Venusaur
|-damage|p1b: Venusaur|2/100
|
|-weather|SunnyDay|[upkeep]
|-heal|p2b: Archaludon|48/100|[from] item: Leftovers
|upkeep
|turn|6
|
|t:|1783987394
|switch|p1b: Grimmsnarl|Grimmsnarl, L50, M|100/100
|move|p2b: Archaludon|Protect|p2b: Archaludon
|-singleturn|p2b: Archaludon|Protect
|move|p1a: Charizard|Weather Ball|p2b: Archaludon
|-activate|p2b: Archaludon|move: Protect
|-curestatus|p2a: Ela Tpm|slp|[msg]
|move|p2a: Ela Tpm|Heat Wave|p1a: Charizard|[spread] p1a,p1b
|-resisted|p1a: Charizard|1
|-damage|p1a: Charizard|83/100
|-damage|p1b: Grimmsnarl|65/100
|
|-weather|SunnyDay|[upkeep]
|-heal|p2b: Archaludon|55/100|[from] item: Leftovers
|upkeep
|turn|7
|inactive|OdeioPeugeot has 30 seconds left.
|
|t:|1783987420
|move|p1a: Charizard|Weather Ball|p2b: Archaludon
|-damage|p2b: Archaludon|0 fnt
|faint|p2b: Archaludon
|move|p2a: Ela Tpm|Heat Wave|p1a: Charizard|[spread] p1a
|-miss|p2a: Ela Tpm|p1b: Grimmsnarl
|-resisted|p1a: Charizard|1
|-damage|p1a: Charizard|66/100
|move|p1b: Grimmsnarl|Foul Play|p2a: Ela Tpm
|-damage|p2a: Ela Tpm|70/100
|
|-weather|SunnyDay|[upkeep]
|upkeep
|
|t:|1783987433
|switch|p2b: Venusaur|Venusaur, L50, F|100/100
|turn|8
|inactive|siamocucinatidoc has 30 seconds left.
|inactive|siamocucinatidoc has 20 seconds left.
|inactive|siamocucinatidoc has 15 seconds left.
|inactive|siamocucinatidoc has 10 seconds left.
|
|t:|1783987481
|move|p1b: Grimmsnarl|Parting Shot|p2a: Ela Tpm
|-unboost|p2a: Ela Tpm|atk|1
|-unboost|p2a: Ela Tpm|spa|1
|
|t:|1783987486
|switch|p1b: Basculegion|Basculegion, L50, M|100/100|[from] Parting Shot
|move|p2b: Venusaur|Sleep Powder|p1a: Charizard
|-status|p1a: Charizard|slp|[from] move: Sleep Powder
|cant|p1a: Charizard|slp
|move|p2a: Ela Tpm|Weather Ball|p1b: Basculegion
|-resisted|p1b: Basculegion|1
|-damage|p1b: Basculegion|80/100
|
|-weather|SunnyDay|[upkeep]
|-sideend|p2: OdeioPeugeot|move: Light Screen
|upkeep
|turn|9
|inactive|siamocucinatidoc has 30 seconds left.
|inactive|OdeioPeugeot has 30 seconds left.
|inactive|siamocucinatidoc has 20 seconds left.
|inactive|siamocucinatidoc has 15 seconds left.
|inactive|siamocucinatidoc has 10 seconds left.
|inactive|siamocucinatidoc has 5 seconds left.
|
|t:|1783987541
|move|p2b: Venusaur|Giga Drain|p1b: Basculegion
|-supereffective|p1b: Basculegion|1
|-damage|p1b: Basculegion|24/100
|move|p1b: Basculegion|Wave Crash|p2b: Venusaur
|-resisted|p2b: Venusaur|1
|-damage|p2b: Venusaur|77/100
|-damage|p1b: Basculegion|19/100|[from] Recoil
|cant|p1a: Charizard|slp
|move|p2a: Ela Tpm|Solar Beam||[still]
|-prepare|p2a: Ela Tpm|Solar Beam
|-anim|p2a: Ela Tpm|Solar Beam|p1b: Basculegion
|-supereffective|p1b: Basculegion|1
|-crit|p1b: Basculegion
|-damage|p1b: Basculegion|0 fnt
|faint|p1b: Basculegion
|
|-weather|none
|upkeep
|
|t:|1783987559
|switch|p1b: Grimmsnarl|Grimmsnarl, L50, M|65/100
|turn|10
|
|t:|1783987570
|switch|p2a: Grimmsnarl|Grimmsnarl, L50, M|2/100
|move|p2b: Venusaur|Protect|p2b: Venusaur
|-singleturn|p2b: Venusaur|Protect
|move|p1b: Grimmsnarl|Reflect|p1b: Grimmsnarl
|-sidestart|p1: siamocucinatidoc|Reflect
|-curestatus|p1a: Charizard|slp|[msg]
|move|p1a: Charizard|Heat Wave|p2b: Venusaur|[spread] 
|-activate|p2b: Venusaur|move: Protect
|-miss|p1a: Charizard|p2a: Grimmsnarl
|
|-sideend|p1: siamocucinatidoc|move: Light Screen
|upkeep
|turn|11
|
|t:|1783987590
|move|p2a: Grimmsnarl|Parting Shot|p1a: Charizard
|-unboost|p1a: Charizard|atk|1
|-unboost|p1a: Charizard|spa|1
|
|t:|1783987593
|switch|p2a: Ela Tpm|Charizard-Mega-Y, L50, M|70/100|[from] Parting Shot
|-weather|SunnyDay|[from] ability: Drought|[of] p2a: Ela Tpm
|move|p2b: Venusaur|Sleep Powder|p1a: Charizard
|-status|p1a: Charizard|slp|[from] move: Sleep Powder
|cant|p1a: Charizard|slp
|move|p1b: Grimmsnarl|Foul Play|p2a: Ela Tpm
|-damage|p2a: Ela Tpm|40/100
|
|-weather|SunnyDay|[upkeep]
|upkeep
|turn|12
|
|t:|1783987608
|move|p1b: Grimmsnarl|Light Screen|p1b: Grimmsnarl
|-sidestart|p1: siamocucinatidoc|move: Light Screen
|move|p2b: Venusaur|Sludge Bomb|p1a: Charizard
|-damage|p1a: Charizard|38/100 slp
|-curestatus|p1a: Charizard|slp|[msg]
|move|p1a: Charizard|Heat Wave|p2a: Ela Tpm|[spread] p2a,p2b
|-resisted|p2a: Ela Tpm|1
|-supereffective|p2b: Venusaur|1
|-damage|p2a: Ela Tpm|24/100
|-damage|p2b: Venusaur|0 fnt
|faint|p2b: Venusaur
|move|p2a: Ela Tpm|Weather Ball|p1a: Charizard
|-resisted|p1a: Charizard|1
|-damage|p1a: Charizard|11/100
|
|-weather|SunnyDay|[upkeep]
|upkeep
|
|t:|1783987621
|switch|p2b: Grimmsnarl|Grimmsnarl, L50, M|2/100
|turn|13
|
|t:|1783987639
|move|p1a: Charizard|Weather Ball|p2b: Grimmsnarl
|-damage|p2b: Grimmsnarl|0 fnt
|faint|p2b: Grimmsnarl
|move|p2a: Ela Tpm|Heat Wave|p1b: Grimmsnarl|[spread] p1a,p1b
|-resisted|p1a: Charizard|1
|-damage|p1a: Charizard|0 fnt
|-damage|p1b: Grimmsnarl|31/100
|faint|p1a: Charizard
|move|p1b: Grimmsnarl|Foul Play|p2a: Ela Tpm
|-crit|p2a: Ela Tpm
|-damage|p2a: Ela Tpm|0 fnt
|faint|p2a: Ela Tpm
|
|win|siamocucinatidoc
||siamocucinatidoc is ready for game 3.
|inactive|OdeioPeugeot has 30 seconds to confirm battle start!
|l|☆OdeioPeugeot
|player|p2|
|j|☆OdeioPeugeot
|player|p2|OdeioPeugeot|swimmer-gen4dp|
|inactive|OdeioPeugeot has 20 seconds to confirm battle start!
||OdeioPeugeot is ready for game 3.
|uhtml|next|Next: Game 3 of 3
|l|☆siamocucinatidoc
|player|p1|
|l|☆OdeioPeugeot
|player|p2|
|j|☆OdeioPeugeot
|player|p2|OdeioPeugeot|swimmer-gen4dp|
