|j|☆kst kampfi
|j|☆WindyNyt
|html|kst kampfiWindyNyt    
|uhtml|bestof|Game 1 of a best-of-3
|t:|1786026703
|gametype|doubles
|player|p1|kst kampfi|colress|1066
|player|p2|WindyNyt|lucas|1136
|gen|9
|tier|[Gen 9 Champions] VGC 2026 Reg M-B (Bo3)
|rated|
|rule|Species Clause: Limit one of each Pokémon
|rule|Item Clause: Limit 1 of each item
|clearpoke
|poke|p1|Floette-Eternal, L50, F|
|poke|p1|Sneasler, L50, F|
|poke|p1|Sinistcha, L50|
|poke|p1|Incineroar, L50, M|
|poke|p1|Kingambit, L50, F|
|poke|p1|Talonflame, L50, F|
|poke|p2|Kingambit, L50, F|
|poke|p2|Blastoise, L50, M|
|poke|p2|Incineroar, L50, M|
|poke|p2|Aerodactyl, L50, F|
|poke|p2|Sinistcha, L50|
|poke|p2|Froslass, L50, F|
|teampreview|4
|showteam|p1|Floette-Eternal||Floettite|FlowerVeil|DazzlingGleam,DrainingKiss,CalmMind,Protect|Bold||F|||50|]Sneasler||FocusSash|PoisonTouch|PoisonJab,CloseCombat,Coaching,FakeOut|Jolly||F|||50|]Sinistcha||OccaBerry|Hospitality|MatchaGotcha,LifeDew,RagePowder,TrickRoom|Calm|||||50|]Incineroar||SitrusBerry|Intimidate|FlareBlitz,DarkestLariat,FakeOut,PartingShot|Impish||M|||50|]Kingambit||BlackGlasses|Defiant|KowtowCleave,SwordsDance,SuckerPunch,Protect|Adamant||F|||50|]Talonflame||SharpBeak|GaleWings|QuickGuard,DualWingbeat,Tailwind,Protect|Jolly||F|||50|
|showteam|p2|Kingambit||LifeOrb|Defiant|SuckerPunch,KowtowCleave,IronHead,LowKick|Adamant||F|||50|]Blastoise||Blastoisinite|RainDish|ShellSmash,AuraSphere,WaterSpout,WaterPulse|Quiet||M|||50|]Incineroar||SitrusBerry|Intimidate|FakeOut,CloseCombat,FlareBlitz,PartingShot|Impish||M|||50|]Aerodactyl||FocusSash|Unnerve|RockSlide,DualWingbeat,Tailwind,Taunt|Jolly||F|||50|]Sinistcha||ColburBerry|Hospitality|MatchaGotcha,TrickRoom,RagePowder,LifeDew|Relaxed|||||50|]Froslass||Froslassite|CursedBody|Blizzard,NastyPlot,ShadowBall,Protect|Modest||F|||50|
|inactive|Battle timer is ON: inactive players will automatically lose when time's up. (requested by kst kampfi)
|inactive|kst kampfi has 60 seconds left.
|inactive|WindyNyt has 60 seconds left.
|inactive|WindyNyt has 30 seconds left.
|inactive|WindyNyt has 20 seconds left.
|
|t:|1786026775
|teamsize|p1|4
|teamsize|p2|4
|start
|switch|p1a: Floette|Floette-Eternal, L50, F|100/100
|switch|p1b: Sneasler|Sneasler, L50, F|100/100
|switch|p2a: Aerodactyl|Aerodactyl, L50, F|100/100
|switch|p2b: Incineroar|Incineroar, L50, M|100/100
|-ability|p2a: Aerodactyl|Unnerve
|-ability|p2b: Incineroar|Intimidate|boost
|-unboost|p1a: Floette|atk|1
|-unboost|p1b: Sneasler|atk|1
|turn|1
|inactive|kst kampfi has 30 seconds left.
|
|t:|1786026807
|detailschange|p1a: Floette|Floette-Mega, L50, F
|-mega|p1a: Floette|Floette|Floettite
|-ability|p1a: Floette|Fairy Aura
|move|p1b: Sneasler|Fake Out|p2a: Aerodactyl
|-resisted|p2a: Aerodactyl|1
|-damage|p2a: Aerodactyl|91/100
|move|p2b: Incineroar|Fake Out|p1a: Floette
|-damage|p1a: Floette|89/100
|cant|p2a: Aerodactyl|flinch
|cant|p1a: Floette|flinch
|
|upkeep
|turn|2
|
|t:|1786026825
|switch|p1b: Incineroar|Incineroar, L50, M|100/100
|-ability|p1b: Incineroar|Intimidate|boost
|-unboost|p2a: Aerodactyl|atk|1
|-unboost|p2b: Incineroar|atk|1
|move|p2a: Aerodactyl|Dual Wingbeat|p1b: Incineroar
|-damage|p1b: Incineroar|90/100
|-damage|p1b: Incineroar|81/100
|-hitcount|p1b: Incineroar|2
|move|p1a: Floette|Calm Mind|p1a: Floette
|-boost|p1a: Floette|spa|1
|-boost|p1a: Floette|spd|1
|move|p2b: Incineroar|Parting Shot|p1a: Floette
|-unboost|p1a: Floette|atk|1
|-unboost|p1a: Floette|spa|1
|
|t:|1786026848
|switch|p2b: Kingambit|Kingambit, L50, F|100/100|[from] Parting Shot
|
|upkeep
|turn|3
|inactive|kst kampfi has 30 seconds left.
|inactive|kst kampfi has 20 seconds left.
|
|t:|1786026884
|move|p1a: Floette|Protect|p1a: Floette
|-singleturn|p1a: Floette|Protect
|move|p2a: Aerodactyl|Tailwind|p2a: Aerodactyl
|-sidestart|p2: WindyNyt|move: Tailwind
|move|p2b: Kingambit|Iron Head|p1a: Floette
|-activate|p1a: Floette|move: Protect
|move|p1b: Incineroar|Flare Blitz|p2b: Kingambit
|-supereffective|p2b: Kingambit|1
|-damage|p2b: Kingambit|26/100
|-status|p2b: Kingambit|brn
|-damage|p1b: Incineroar|58/100|[from] Recoil
|
|-damage|p2b: Kingambit|20/100y brn|[from] brn
|upkeep
|turn|4
|
|t:|1786026902
|move|p2a: Aerodactyl|Rock Slide|p1b: Incineroar|[spread] p1b
|-miss|p2a: Aerodactyl|p1a: Floette
|-supereffective|p1b: Incineroar|1
|-damage|p1b: Incineroar|34/100
|move|p2b: Kingambit|Iron Head|p1a: Floette
|-supereffective|p1a: Floette|1
|-crit|p1a: Floette
|-damage|p1a: Floette|7/100
|-damage|p2b: Kingambit|10/100 brn|[from] item: Life Orb
|move|p1a: Floette|Calm Mind|p1a: Floette
|-boost|p1a: Floette|spa|1
|-boost|p1a: Floette|spd|1
|move|p1b: Incineroar|Parting Shot|p2a: Aerodactyl
|-unboost|p2a: Aerodactyl|atk|1
|-unboost|p2a: Aerodactyl|spa|1
|
|t:|1786026919
|switch|p1b: Sneasler|Sneasler, L50, F|100/100|[from] Parting Shot
|
|-damage|p2b: Kingambit|4/100 brn|[from] brn
|upkeep
|turn|5
|
|t:|1786026930
|move|p1b: Sneasler|Fake Out|p2b: Kingambit
|-resisted|p2b: Kingambit|1
|-damage|p2b: Kingambit|0 fnt
|faint|p2b: Kingambit
|move|p2a: Aerodactyl|Rock Slide|p1a: Floette|[spread] p1a,p1b
|-resisted|p1b: Sneasler|1
|-damage|p1a: Floette|0 fnt
|-damage|p1b: Sneasler|88/100
|faint|p1a: Floette
|
|upkeep
|
|t:|1786026946
|switch|p1a: Talonflame|Talonflame, L50, F|100/100
|switch|p2b: Incineroar|Incineroar, L50, M|100/100
|-ability|p2b: Incineroar|Intimidate|boost
|-unboost|p1a: Talonflame|atk|1
|-unboost|p1b: Sneasler|atk|1
|turn|6
|
|t:|1786026965
|switch|p2a: Froslass|Froslass, L50, F|100/100
|switch|p1b: Incineroar|Incineroar, L50, M|34/100
|-enditem|p1b: Incineroar|Sitrus Berry|[eat]
|-heal|p1b: Incineroar|58/100|[from] item: Sitrus Berry
|-ability|p1b: Incineroar|Intimidate|boost
|-unboost|p2a: Froslass|atk|1
|-unboost|p2b: Incineroar|atk|1
|move|p1a: Talonflame|Protect|p1a: Talonflame
|-singleturn|p1a: Talonflame|Protect
|move|p2b: Incineroar|Fake Out|p1a: Talonflame
|-activate|p1a: Talonflame|move: Protect
|
|-sideend|p2: WindyNyt|move: Tailwind
|upkeep
|turn|7
|inactive|WindyNyt has 30 seconds left.
|
|t:|1786027000
|switch|p2a: Aerodactyl|Aerodactyl, L50, F|91/100
|-ability|p2a: Aerodactyl|Unnerve
|move|p1a: Talonflame|Tailwind|p1a: Talonflame
|-sidestart|p1: kst kampfi|move: Tailwind
|move|p1b: Incineroar|Flare Blitz|p2a: Aerodactyl
|-resisted|p2a: Aerodactyl|1
|-damage|p2a: Aerodactyl|54/100
|-status|p2a: Aerodactyl|brn
|-damage|p1b: Incineroar|49/100|[from] Recoil
|move|p2b: Incineroar|Close Combat|p1b: Incineroar
|-supereffective|p1b: Incineroar|1
|-damage|p1b: Incineroar|9/100
|-unboost|p2b: Incineroar|def|1
|-unboost|p2b: Incineroar|spd|1
|
|-damage|p2a: Aerodactyl|48/100 brn|[from] brn
|upkeep
|turn|8
|inactive|kst kampfi has 30 seconds left.
|
|t:|1786027034
|move|p1a: Talonflame|Dual Wingbeat|p2a: Aerodactyl
|-resisted|p2a: Aerodactyl|1
|-damage|p2a: Aerodactyl|39/100 brn
|-resisted|p2a: Aerodactyl|1
|-damage|p2a: Aerodactyl|31/100 brn
|-hitcount|p2a: Aerodactyl|2
|move|p2a: Aerodactyl|Rock Slide|p1a: Talonflame|[spread] p1a,p1b
|-supereffective|p1a: Talonflame|2
|-supereffective|p1b: Incineroar|1
|-damage|p1a: Talonflame|32/100
|-damage|p1b: Incineroar|0 fnt
|faint|p1b: Incineroar
|move|p2b: Incineroar|Flare Blitz|p1a: Talonflame
|-resisted|p1a: Talonflame|1
|-damage|p1a: Talonflame|8/100
|-damage|p2b: Incineroar|93/100|[from] Recoil
|
|-damage|p2a: Aerodactyl|25/100 brn|[from] brn
|upkeep
|
|t:|1786027047
|switch|p1b: Sneasler|Sneasler, L50, F|88/100
|turn|9
|inactive|kst kampfi has 30 seconds left.
|
|t:|1786027078
|move|p1a: Talonflame|Dual Wingbeat|p2a: Aerodactyl
|-resisted|p2a: Aerodactyl|1
|-damage|p2a: Aerodactyl|15/100 brn
|-resisted|p2a: Aerodactyl|1
|-damage|p2a: Aerodactyl|8/100 brn
|-hitcount|p2a: Aerodactyl|2
|move|p1b: Sneasler|Close Combat|p2b: Incineroar
|-supereffective|p2b: Incineroar|1
|-damage|p2b: Incineroar|0 fnt
|-unboost|p1b: Sneasler|def|1
|-unboost|p1b: Sneasler|spd|1
|faint|p2b: Incineroar
|move|p2a: Aerodactyl|Dual Wingbeat|p1b: Sneasler
|-supereffective|p1b: Sneasler|1
|-damage|p1b: Sneasler|45/100
|-supereffective|p1b: Sneasler|1
|-damage|p1b: Sneasler|0 fnt
|faint|p1b: Sneasler
|-hitcount|p1: Sneasler|2
|
|-damage|p2a: Aerodactyl|2/100 brn|[from] brn
|upkeep
|
|t:|1786027087
|switch|p2b: Froslass|Froslass, L50, F|100/100
|turn|10
|-message|kst kampfi forfeited.
|raw|kst kampfi's rating: 1066 → 1050(-16 for losing)
|raw|WindyNyt's rating: 1136 → 1156(+20 for winning)
|
|win|WindyNyt
