|j|☆ToyDollRi
|j|☆Abo Demi Demi
|html|ToyDollRiAbo Demi Demi    
|uhtml|bestof|Game 2 of a best-of-3
|t:|1756768587
|gametype|doubles
|player|p1|ToyDollRi|burglar|1152
|player|p2|Abo Demi Demi|unknown|1202
|gen|9
|tier|[Gen 9] VGC 2025 Reg H (Bo3)
|rated|
|rule|Species Clause: Limit one of each Pokémon
|rule|Item Clause: Limit 1 of each item
|clearpoke
|poke|p1|Electabuzz, L50, F|
|poke|p1|Kingambit, L50, M|
|poke|p1|Rillaboom, L50, M|
|poke|p1|Sneasler, L50, M|
|poke|p1|Volcarona, L50, F|
|poke|p1|Dragonite, L50, M|
|poke|p2|Rillaboom, L50, M|
|poke|p2|Sneasler, L50, F|
|poke|p2|Dragonite, L50, M|
|poke|p2|Ceruledge, L50, M|
|poke|p2|Electabuzz, L50, F|
|poke|p2|Primarina, L50, M|
|teampreview|4
|showteam|p1|Electabuzz||Eviolite|VitalSpirit|Thunderbolt,Taunt,FollowMe,Protect|||F|||50|,,,,,Ghost]Kingambit||BlackGlasses|Defiant|KowtowCleave,SuckerPunch,SwordsDance,Protect|||M|||50|,,,,,Dark]Rillaboom||AssaultVest|GrassySurge|FakeOut,HighHorsepower,WoodHammer,GrassyGlide|||M|||50|,,,,,Fire]Sneasler||FocusSash|PoisonTouch|DireClaw,CloseCombat,FakeOut,Coaching|||M|||50|,,,,,Stellar]Volcarona||Leftovers|FlameBody|HeatWave,TeraBlast,QuiverDance,Protect|||F|||50|,,,,,Fairy]Dragonite||LoadedDice|Multiscale|ExtremeSpeed,ScaleShot,Protect,Haze|||M|||50|,,,,,Steel
|showteam|p2|Rillaboom||AssaultVest|GrassySurge|FakeOut,WoodHammer,HighHorsepower,Uturn|||M|||50|,,,,,Fire]Sneasler||GrassySeed|Unburden|Coaching,DireClaw,CloseCombat,Protect|||F|||50|,,,,,Stellar]Dragonite||LoadedDice|InnerFocus|Protect,Haze,ScaleShot,ExtremeSpeed|||M|||50|,,,,,Fairy]Ceruledge||ClearAmulet|FlashFire|Protect,BitterBlade,BulkUp,ShadowSneak|||M|||50|,,,,,Grass]Electabuzz||Eviolite|VitalSpirit|Electroweb,FollowMe,Protect,Taunt|||F|||50|,,,,,Ghost]Primarina||Leftovers|LiquidVoice|CalmMind,HyperVoice,Moonblast,Protect|||M|||50|,,,,,Poison
|
|t:|1756768656
|teamsize|p1|4
|teamsize|p2|4
|start
|switch|p1a: Sneasler|Sneasler, L50, M|100/100
|switch|p1b: Dragonite|Dragonite, L50, M|100/100
|switch|p2a: Electabuzz|Electabuzz, L50, F|100/100
|switch|p2b: Primarina|Primarina, L50, M|100/100
|turn|1
|
|t:|1756768700
|move|p1b: Dragonite|Protect|p1b: Dragonite
|-singleturn|p1b: Dragonite|Protect
|move|p1a: Sneasler|Coaching|p1b: Dragonite
|-boost|p1b: Dragonite|atk|1
|-boost|p1b: Dragonite|def|1
|move|p2a: Electabuzz|Electroweb|p1a: Sneasler|[spread] p1a
|-activate|p1b: Dragonite|move: Protect
|-damage|p1a: Sneasler|82/100
|-unboost|p1a: Sneasler|spe|1
|move|p2b: Primarina|Hyper Voice|p1b: Dragonite|[spread] p1a
|-activate|p1b: Dragonite|move: Protect
|-damage|p1a: Sneasler|37/100
|
|upkeep
|turn|2
|
|t:|1756768726
|move|p2a: Electabuzz|Electroweb|p1b: Dragonite|[spread] p1a,p1b
|-damage|p1a: Sneasler|19/100
|-damage|p1b: Dragonite|93/100
|-unboost|p1a: Sneasler|spe|1
|-unboost|p1b: Dragonite|spe|1
|move|p2b: Primarina|Hyper Voice|p1a: Sneasler|[spread] p1a,p1b
|-resisted|p1b: Dragonite
|-damage|p1a: Sneasler|0 fnt
|-damage|p1b: Dragonite|74/100
|faint|p1a: Sneasler
|move|p1b: Dragonite|Scale Shot|p2a: Electabuzz
|-damage|p2a: Electabuzz|79/100
|-damage|p2a: Electabuzz|59/100
|-crit|p2a: Electabuzz
|-damage|p2a: Electabuzz|31/100
|-crit|p2a: Electabuzz
|-damage|p2a: Electabuzz|0 fnt
|faint|p2a: Electabuzz
|-hitcount|p2: Electabuzz|4
|-unboost|p1b: Dragonite|def|1
|-boost|p1b: Dragonite|spe|1
|
|upkeep
|
|t:|1756768737
|switch|p1a: Electabuzz|Electabuzz, L50, F|100/100
|switch|p2a: Sneasler|Sneasler, L50, F|100/100
|turn|3
|
|t:|1756768759
|move|p2a: Sneasler|Protect|p2a: Sneasler
|-singleturn|p2a: Sneasler|Protect
|move|p1b: Dragonite|Protect|p1b: Dragonite
|-singleturn|p1b: Dragonite|Protect
|move|p1a: Electabuzz|Thunderbolt|p2b: Primarina
|-supereffective|p2b: Primarina
|-crit|p2b: Primarina
|-damage|p2b: Primarina|26/100
|move|p2b: Primarina|Calm Mind|p2b: Primarina
|-boost|p2b: Primarina|spa|1
|-boost|p2b: Primarina|spd|1
|
|-heal|p2b: Primarina|32/100|[from] item: Leftovers
|upkeep
|turn|4
|
|t:|1756768794
|move|p2b: Primarina|Protect|p2b: Primarina
|-singleturn|p2b: Primarina|Protect
|move|p2a: Sneasler|Coaching|p2b: Primarina
|-boost|p2b: Primarina|atk|1
|-boost|p2b: Primarina|def|1
|move|p1a: Electabuzz|Thunderbolt|p2b: Primarina
|-activate|p2b: Primarina|move: Protect
|move|p1b: Dragonite|Scale Shot|p2a: Sneasler
|-damage|p2a: Sneasler|62/100
|-damage|p2a: Sneasler|24/100
|-damage|p2a: Sneasler|0 fnt
|faint|p2a: Sneasler
|-hitcount|p2: Sneasler|3
|-unboost|p1b: Dragonite|def|1
|-boost|p1b: Dragonite|spe|1
|
|-heal|p2b: Primarina|38/100|[from] item: Leftovers
|upkeep
|
|t:|1756768803
|switch|p2a: Ceruledge|Ceruledge, L50, M|100/100
|turn|5
|
|t:|1756768826
|-terastallize|p2b: Primarina|Poison
|move|p1b: Dragonite|Protect|p1b: Dragonite
|-singleturn|p1b: Dragonite|Protect
|move|p2a: Ceruledge|Shadow Sneak|p1b: Dragonite
|-activate|p1b: Dragonite|move: Protect
|move|p1a: Electabuzz|Thunderbolt|p2b: Primarina
|-damage|p2b: Primarina|18/100
|move|p2b: Primarina|Moonblast|p1b: Dragonite
|-activate|p1b: Dragonite|move: Protect
|
|-heal|p2b: Primarina|24/100|[from] item: Leftovers
|upkeep
|turn|6
|-message|Abo Demi Demi forfeited.
|
|win|ToyDollRi
|l|☆Abo Demi Demi
|player|p2|
||Abo Demi Demi is ready for game 3.
||ToyDollRi is ready for game 3.
|uhtml|next|Next: Game 3 of 3
|l|☆ToyDollRi
|player|p1|
|j|☆Abo Demi Demi
|player|p2|Abo Demi Demi|unknown|
