|j|☆123something
|j|☆Sonja Hilmer
|html|123somethingSonja Hilmer    
|uhtml|bestof|Game 3 of a best-of-3
|t:|1755576823
|gametype|doubles
|player|p1|123something|1|1357
|player|p2|Sonja Hilmer|lady|1559
|gen|9
|tier|[Gen 9] VGC 2025 Reg H (Bo3)
|rated|
|rule|Species Clause: Limit one of each Pokémon
|rule|Item Clause: Limit 1 of each item
|clearpoke
|poke|p1|Garchomp, L50, M|
|poke|p1|Weezing-Galar, L50, M|
|poke|p1|Archaludon, L50, M|
|poke|p1|Gholdengo, L50|
|poke|p1|Talonflame, L50, F|
|poke|p1|Annihilape, L50, F|
|poke|p2|Dachsbun, L50, F|
|poke|p2|Typhlosion-Hisui, L50, M|
|poke|p2|Kingambit, L50, M|
|poke|p2|Whimsicott, L50, M|
|poke|p2|Rillaboom, L50, M|
|poke|p2|Torkoal, L50, F|
|teampreview|4
|showteam|p1|Garchomp||LifeOrb|RoughSkin|DragonClaw,Earthquake,StompingTantrum,Protect|||M|||50|,,,,,Ground]Weezing-Galar||FocusSash|NeutralizingGas|Protect,SludgeBomb,Taunt,StrangeSteam|||M|||50|,,,,,Flying]Archaludon||PowerHerb|Sturdy|ElectroShot,Thunderbolt,DracoMeteor,Protect|||M|||50|,,,,,Electric]Gholdengo||ChoiceSpecs|GoodasGold|ShadowBall,DazzlingGleam,PowerGem,MakeItRain||||||50|,,,,,Fairy]Talonflame||CovertCloak|GaleWings|Tailwind,DualWingbeat,WillOWisp,FlareBlitz|||F|||50|,,,,,Stellar]Annihilape||AssaultVest|Defiant|CloseCombat,RageFist,FinalGambit,IcePunch|||F|||50|,,,,,Grass
|showteam|p2|Dachsbun||Leftovers|WellBakedBody|BodyPress,Snarl,HelpingHand,Protect|||F|||50|,,,,,Steel]Typhlosion-Hisui||ChoiceSpecs|Blaze|Eruption,LavaPlume,WillOWisp,ShadowBall|||M|||50|,,,,,Fire]Kingambit||SafetyGoggles|Defiant|Protect,KowtowCleave,SuckerPunch,SwordsDance|||M|||50|,,,,,Dark]Whimsicott||CovertCloak|Prankster|Moonblast,Tailwind,SunnyDay,Encore|||M|||50|,,,,,Steel]Rillaboom||AssaultVest|GrassySurge|WoodHammer,GrassyGlide,FakeOut,HighHorsepower|||M|||50|,,,,,Water]Torkoal||SitrusBerry|Drought|HeatWave,LavaPlume,ClearSmog,Protect|||F|||50|,,,,,Grass
|inactive|Battle timer is ON: inactive players will automatically lose when time's up. (requested by Sonja Hilmer)
|inactive|123something has 60 seconds left.
|inactive|123something has 30 seconds left.
|inactive|123something has 20 seconds left.
|inactive|123something has 15 seconds left.
|
|t:|1755576901
|teamsize|p1|4
|teamsize|p2|4
|start
|switch|p1a: Talonflame|Talonflame, L50, F|100/100
|switch|p1b: Gholdengo|Gholdengo, L50|100/100
|switch|p2a: Typhlosion|Typhlosion-Hisui, L50, M|100/100
|switch|p2b: Whimsicott|Whimsicott, L50, M|100/100
|turn|1
|inactive|123something has 30 seconds left.
|inactive|Sonja Hilmer has 30 seconds left.
|
|t:|1755576930
|-terastallize|p2a: Typhlosion|Fire
|-terastallize|p1b: Gholdengo|Fairy
|move|p1a: Talonflame|Dual Wingbeat|p2a: Typhlosion
|-damage|p2a: Typhlosion|78/100
|-damage|p2a: Typhlosion|56/100
|-hitcount|p2a: Typhlosion|2
|move|p2b: Whimsicott|Moonblast|p1b: Gholdengo
|-damage|p1b: Gholdengo|72/100
|move|p2a: Typhlosion|Eruption|p1b: Gholdengo|[spread] p1a,p1b
|-resisted|p1a: Talonflame
|-damage|p1a: Talonflame|56/100
|-damage|p1b: Gholdengo|0 fnt
|faint|p1b: Gholdengo
|
|upkeep
|
|t:|1755576944
|switch|p1b: Garchomp|Garchomp, L50, M|100/100
|turn|2
|
|t:|1755576955
|move|p2b: Whimsicott|Tailwind|p2b: Whimsicott
|-sidestart|p2: Sonja Hilmer|move: Tailwind
|move|p2a: Typhlosion|Eruption|p1a: Talonflame|[spread] p1a,p1b
|-resisted|p1a: Talonflame
|-resisted|p1b: Garchomp
|-damage|p1a: Talonflame|7/100
|-damage|p1b: Garchomp|70/100
|move|p1a: Talonflame|Tailwind|p1a: Talonflame
|-sidestart|p1: 123something|move: Tailwind
|move|p1b: Garchomp|Earthquake|p2a: Typhlosion|[spread] p2a,p2b
|-immune|p1a: Talonflame
|-supereffective|p2a: Typhlosion
|-resisted|p2b: Whimsicott
|-damage|p2a: Typhlosion|0 fnt
|-damage|p2b: Whimsicott|69/100
|faint|p2a: Typhlosion
|-damage|p1b: Garchomp|60/100|[from] item: Life Orb
|
|upkeep
|
|t:|1755576967
|switch|p2a: Rillaboom|Rillaboom, L50, M|100/100
|-fieldstart|move: Grassy Terrain|[from] ability: Grassy Surge|[of] p2a: Rillaboom
|turn|3
|inactive|123something has 30 seconds left.
|inactive|123something has 20 seconds left.
|inactive|123something has 15 seconds left.
|
|t:|1755577012
|switch|p1a: Archaludon|Archaludon, L50, M|100/100
|move|p2a: Rillaboom|Fake Out|p1a: Archaludon
|-resisted|p1a: Archaludon
|-damage|p1a: Archaludon|94/100
|move|p2b: Whimsicott|Moonblast|p1b: Garchomp
|-supereffective|p1b: Garchomp
|-damage|p1b: Garchomp|0 fnt
|faint|p1b: Garchomp
|
|-heal|p2b: Whimsicott|75/100|[from] Grassy Terrain
|-heal|p1a: Archaludon|100/100|[from] Grassy Terrain
|upkeep
|
|t:|1755577020
|switch|p1b: Talonflame|Talonflame, L50, F|7/100
|turn|4
|l|☆Sonja Hilmer
|inactive|Sonja Hilmer disconnected and has a minute to reconnect!
|player|p2|
|j|☆Sonja Hilmer
|inactive|Sonja Hilmer reconnected and has 45 seconds left.
|player|p2|Sonja Hilmer|lady|
|
|t:|1755577039
|move|p2a: Rillaboom|Grassy Glide|p1b: Talonflame
|-resisted|p1b: Talonflame
|-damage|p1b: Talonflame|0 fnt
|faint|p1b: Talonflame
|move|p2b: Whimsicott|Moonblast|p1a: Archaludon
|-damage|p1a: Archaludon|59/100
|move|p1a: Archaludon|Electro Shot||[still]
|-prepare|p1a: Archaludon|Electro Shot
|-boost|p1a: Archaludon|spa|1
|-enditem|p1a: Archaludon|Power Herb
|-anim|p1a: Archaludon|Electro Shot|p2a: Rillaboom
|-resisted|p2a: Rillaboom
|-damage|p2a: Rillaboom|80/100
|
|-heal|p2b: Whimsicott|81/100|[from] Grassy Terrain
|-heal|p1a: Archaludon|65/100|[from] Grassy Terrain
|-heal|p2a: Rillaboom|86/100|[from] Grassy Terrain
|upkeep
|turn|5
|
|t:|1755577052
|move|p2b: Whimsicott|Encore|p1a: Archaludon
|-start|p1a: Archaludon|Encore
|move|p1a: Archaludon|Electro Shot||[still]
|-prepare|p1a: Archaludon|Electro Shot
|-boost|p1a: Archaludon|spa|1
|move|p2a: Rillaboom|High Horsepower|p1a: Archaludon
|-supereffective|p1a: Archaludon
|-damage|p1a: Archaludon|12/100
|
|-heal|p2b: Whimsicott|87/100|[from] Grassy Terrain
|-heal|p1a: Archaludon|18/100|[from] Grassy Terrain
|-heal|p2a: Rillaboom|92/100|[from] Grassy Terrain
|-sideend|p2: Sonja Hilmer|move: Tailwind
|-sideend|p1: 123something|move: Tailwind
|upkeep
|turn|6
|-message|123something forfeited.
|
|win|Sonja Hilmer
|raw|123something's rating: 1357 → 1347(-10 for losing)
|raw|Sonja Hilmer's rating: 1559 → 1569(+10 for winning)
|l|☆Sonja Hilmer
|player|p2|
