|j|☆borp! likes cheese
|j|☆taylor4ever
|html|borp! likes cheesetaylor4ever    
|uhtml|bestof|Game 1 of a best-of-3
|t:|1756999542
|gametype|doubles
|player|p1|borp! likes cheese|2|1084
|player|p2|taylor4ever|102|1121
|gen|9
|tier|[Gen 9] VGC 2025 Reg H (Bo3)
|rated|
|rule|Species Clause: Limit one of each Pokémon
|rule|Item Clause: Limit 1 of each item
|clearpoke
|poke|p1|Zoroark-Hisui, L50, F|
|poke|p1|Indeedee-F, L50, F|
|poke|p1|Torkoal, L50, F|
|poke|p1|Gallade, L50, M|
|poke|p1|Ursaluna, L50, F|
|poke|p1|Mimikyu, L50, F|
|poke|p2|Indeedee-F, L50, F|
|poke|p2|Gallade, L50, M|
|poke|p2|Torkoal, L50, M|
|poke|p2|Ursaluna, L50, M|
|poke|p2|Hatterene, L50, F|
|poke|p2|Lilligant-Hisui, L50, F|
|teampreview|4
|showteam|p1|Zoroark-Hisui||ChoiceSpecs|Illusion|HyperVoice,Uturn,ShadowBall,IcyWind|||F|||50|,,,,,Normal]Indeedee-F||FocusSash|PsychicSurge|Psychic,Protect,FollowMe,TrickRoom|||F|||50|,,,,,Ghost]Torkoal||Charcoal|Drought|HeatWave,Eruption,Protect,BodyPress|||F|||50|,,,,,Fire]Gallade||ClearAmulet|Sharpness|PsychoCut,SacredSword,TrickRoom,WideGuard|||M|||50|,,,,,Ghost]Ursaluna||FlameOrb|Guts|Facade,HighHorsepower,Protect,Earthquake|||F|||50|,,,,,Ghost]Mimikyu||MentalHerb|Disguise|PlayRough,TrickRoom,Protect,WillOWisp|||F|||50|,,,,,Steel
|showteam|p2|Indeedee-F||RockyHelmet|PsychicSurge|Psychic,HelpingHand,FollowMe,TrickRoom|||F|||50|,,,,,Grass]Gallade||ScopeLens|Sharpness|SacredSword,PsychoCut,TrickRoom,WideGuard|||M|||50|,,,,,Grass]Torkoal||Charcoal|Drought|Eruption,WeatherBall,ClearSmog,HeatWave|||M|||50|,,,,,Fire]Ursaluna||FlameOrb|Guts|Facade,HeadlongRush,Earthquake,Protect|||M|||50|,,,,,Ghost]Hatterene||LifeOrb|MagicBounce|ExpandingForce,TrickRoom,DazzlingGleam,Protect|||F|||50|,,,,,Psychic]Lilligant-Hisui||FocusSash|Chlorophyll|SleepPowder,AfterYou,SolarBlade,CloseCombat|||F|||50|,,,,,Ghost
|inactive|Battle timer is ON: inactive players will automatically lose when time's up. (requested by borp! likes cheese)
|inactive|borp! likes cheese has 60 seconds left.
|inactive|taylor4ever has 60 seconds left.
|
|t:|1756999605
|teamsize|p1|4
|teamsize|p2|4
|start
|switch|p1a: Ursaluna|Ursaluna, L50, F, shiny|100/100
|switch|p1b: Indeedee|Indeedee-F, L50, F|100/100
|switch|p2a: Indeedee|Indeedee-F, L50, F|100/100
|switch|p2b: Hatterene|Hatterene, L50, F|100/100
|-fieldstart|move: Psychic Terrain|[from] ability: Psychic Surge|[of] p1b: Indeedee
|turn|1
|inactive|taylor4ever has 30 seconds left.
|inactive|taylor4ever has 20 seconds left.
|inactive|taylor4ever has 15 seconds left.
|
|t:|1756999645
|switch|p1b: Torkoal|Torkoal, L50, F|100/100
|-weather|SunnyDay|[from] ability: Drought|[of] p1b: Torkoal
|move|p2a: Indeedee|Helping Hand|p2b: Hatterene
|-singleturn|p2b: Hatterene|Helping Hand|[of] p2a: Indeedee
|move|p1a: Ursaluna|Protect|p1a: Ursaluna
|-singleturn|p1a: Ursaluna|Protect
|move|p2b: Hatterene|Expanding Force|p1a: Ursaluna|[spread] p1b
|-activate|p1a: Ursaluna|move: Protect
|-damage|p1b: Torkoal|0 fnt
|faint|p1b: Torkoal
|-damage|p2b: Hatterene|91/100|[from] item: Life Orb
|
|-weather|SunnyDay|[upkeep]
|-status|p1a: Ursaluna|brn|[from] item: Flame Orb
|upkeep
|
|t:|1756999650
|switch|p1b: Gallade|Gallade, L50, M|100/100
|turn|2
|inactive|taylor4ever has 30 seconds left.
|
|t:|1756999680
|move|p1b: Gallade|Wide Guard|p1b: Gallade
|-singleturn|p1b: Gallade|Wide Guard
|move|p2a: Indeedee|Follow Me|p2a: Indeedee
|-singleturn|p2a: Indeedee|move: Follow Me
|move|p1a: Ursaluna|Earthquake|p2b: Hatterene|[spread] p2a,p2b
|-activate|p1b: Gallade|move: Wide Guard
|-damage|p2a: Indeedee|41/100
|-damage|p2b: Hatterene|15/100
|move|p2b: Hatterene|Trick Room|p2b: Hatterene
|-fieldstart|move: Trick Room|[of] p2b: Hatterene
|
|-weather|SunnyDay|[upkeep]
|-damage|p1a: Ursaluna|95/100 brn|[from] brn
|upkeep
|turn|3
|
|t:|1756999696
|move|p2b: Hatterene|Protect|p2b: Hatterene
|-singleturn|p2b: Hatterene|Protect
|move|p1b: Gallade|Wide Guard|p1b: Gallade
|-singleturn|p1b: Gallade|Wide Guard
|move|p1a: Ursaluna|Earthquake|p2b: Hatterene|[spread] p2a
|-activate|p1b: Gallade|move: Wide Guard
|-activate|p2b: Hatterene|move: Protect
|-damage|p2a: Indeedee|0 fnt
|faint|p2a: Indeedee
|
|-weather|SunnyDay|[upkeep]
|-damage|p1a: Ursaluna|89/100 brn|[from] brn
|upkeep
|
|t:|1756999706
|switch|p2a: Torkoal|Torkoal, L50, M|100/100
|turn|4
|
|t:|1756999721
|switch|p2a: Ursaluna|Ursaluna, L50, M|100/100
|move|p1b: Gallade|Wide Guard|p1b: Gallade
|-singleturn|p1b: Gallade|Wide Guard
|move|p2b: Hatterene|Dazzling Gleam|p1a: Ursaluna|[spread] 
|-activate|p1a: Ursaluna|move: Wide Guard
|-activate|p1b: Gallade|move: Wide Guard
|move|p1a: Ursaluna|Earthquake|p2b: Hatterene|[spread] p2a,p2b
|-activate|p1b: Gallade|move: Wide Guard
|-damage|p2a: Ursaluna|51/100
|-damage|p2b: Hatterene|0 fnt
|faint|p2b: Hatterene
|
|-weather|SunnyDay|[upkeep]
|-damage|p1a: Ursaluna|83/100 brn|[from] brn
|-status|p2a: Ursaluna|brn|[from] item: Flame Orb
|upkeep
|
|t:|1756999729
|switch|p2b: Torkoal|Torkoal, L50, M|100/100
|turn|5
|
|t:|1756999751
|-terastallize|p2a: Ursaluna|Ghost
|move|p1a: Ursaluna|Protect|p1a: Ursaluna
|-singleturn|p1a: Ursaluna|Protect
|move|p2b: Torkoal|Weather Ball|p1a: Ursaluna
|-activate|p1a: Ursaluna|move: Protect
|move|p2a: Ursaluna|Facade|p1b: Gallade
|-damage|p1b: Gallade|0 fnt
|faint|p1b: Gallade
|
|-weather|none
|-damage|p2a: Ursaluna|45/100 brn|[from] brn
|-damage|p1a: Ursaluna|77/100 brn|[from] brn
|-fieldend|move: Psychic Terrain
|upkeep
|
|t:|1756999755
|switch|p1b: Indeedee|Indeedee-F, L50, F|100/100
|-fieldstart|move: Psychic Terrain|[from] ability: Psychic Surge|[of] p1b: Indeedee
|turn|6
|
|t:|1756999774
|-terastallize|p1a: Ursaluna|Ghost
|move|p2b: Torkoal|Eruption|p1a: Ursaluna|[spread] p1a,p1b
|-damage|p1a: Ursaluna|25/100 brn
|-damage|p1b: Indeedee|49/100
|move|p2a: Ursaluna|Facade|p1b: Indeedee
|-damage|p1b: Indeedee|0 fnt
|faint|p1b: Indeedee
|move|p1a: Ursaluna|Earthquake|p2a: Ursaluna|[spread] p2a,p2b
|-supereffective|p2b: Torkoal
|-damage|p2a: Ursaluna|0 fnt
|-damage|p2b: Torkoal|7/100
|faint|p2a: Ursaluna
|
|-damage|p1a: Ursaluna|19/100 brn|[from] brn
|-fieldend|move: Trick Room
|upkeep
|turn|7
|
|t:|1756999787
|move|p1a: Ursaluna|Facade|p2b: Torkoal
|-damage|p2b: Torkoal|0 fnt
|faint|p2b: Torkoal
|
|win|borp! likes cheese
||borp! likes cheese is ready for game 2.
|inactive|taylor4ever has 30 seconds to confirm battle start!
|l|☆borp! likes cheese
|player|p1|
||taylor4ever is ready for game 2.
|uhtml|next|Next: Game 2 of 3
