|j|☆DaveyShwavey
|j|☆satandagiii2005
|html|DaveyShwaveysatandagiii2005    
|uhtml|bestof|Game 3 of a best-of-3
|t:|1785961876
|gametype|doubles
|player|p1|DaveyShwavey|harlequin|1125
|player|p2|satandagiii2005|byron|1184
|gen|9
|tier|[Gen 9 Champions] VGC 2026 Reg M-B (Bo3)
|rated|
|rule|Species Clause: Limit one of each Pokémon
|rule|Item Clause: Limit 1 of each item
|clearpoke
|poke|p1|Sneasler, L50, F, shiny|
|poke|p1|Garchomp, L50, M, shiny|
|poke|p1|Whimsicott, L50, F, shiny|
|poke|p1|Basculegion, L50, M, shiny|
|poke|p1|Kingambit, L50, M, shiny|
|poke|p1|Charizard, L50, F, shiny|
|poke|p2|Raichu, L50, F|
|poke|p2|Staraptor, L50, F|
|poke|p2|Arcanine-Hisui, L50, M|
|poke|p2|Farigiraf, L50, M|
|poke|p2|Sylveon, L50, F|
|poke|p2|Kingambit, L50, M|
|teampreview|4
|showteam|p1|Sneasler||WhiteHerb|Unburden|FakeOut,DireClaw,CloseCombat,Protect|Adamant||F|||50|]Garchomp||LifeOrb|RoughSkin|Earthquake,Protect,DragonClaw,RockSlide|Jolly||M|||50|]Whimsicott||FocusSash|Prankster|Tailwind,Taunt,Moonblast,Encore|Timid||F|||50|]Basculegion||ChoiceScarf|Adaptability|AquaJet,WaveCrash,LastRespects,FlipTurn|Adamant||M|||50|]Kingambit||BlackGlasses|Defiant|KowtowCleave,IronHead,SuckerPunch,Protect|Adamant||M|||50|]Charizard||CharizarditeY|Blaze|HeatWave,WeatherBall,Protect,SolarBeam|Modest||F|||50|
|showteam|p2|Raichu||RaichuniteY|LightningRod|ZapCannon,FocusBlast,FakeOut,Protect|Timid||F|||50|]Staraptor||Staraptite|Intimidate|CloseCombat,DualWingbeat,Tailwind,Protect|Jolly||F|||50|]Arcanine-Hisui||FocusSash|RockHead|FlareBlitz,HeadSmash,ExtremeSpeed,Protect|Jolly||M|||50|]Farigiraf||SitrusBerry|ArmorTail|Psychic,HelpingHand,TrickRoom,Protect|Calm||M|||50|]Sylveon||FairyFeather|Pixilate|HyperVoice,QuickAttack,HyperBeam,Detect|Modest||F|||50|]Kingambit||LifeOrb|Defiant|KowtowCleave,SuckerPunch,SwordsDance,Protect|Adamant||M|||50|
|inactive|Battle timer is ON: inactive players will automatically lose when time's up. (requested by satandagiii2005)
|
|t:|1785961941
|teamsize|p1|4
|teamsize|p2|4
|start
|switch|p1a: Sneasler|Sneasler, L50, F, shiny|100/100
|switch|p1b: Whimsicott|Whimsicott, L50, F, shiny|100/100
|switch|p2a: Staraptor|Staraptor, L50, F|100/100
|switch|p2b: Arcanine|Arcanine-Hisui, L50, M|100/100
|-ability|p2a: Staraptor|Intimidate|boost
|-unboost|p1a: Sneasler|atk|1
|-unboost|p1b: Whimsicott|atk|1
|-enditem|p1a: Sneasler|White Herb
|-clearnegativeboost|p1a: Sneasler|[silent]
|turn|1
|inactive|DaveyShwavey has 30 seconds left.
|inactive|satandagiii2005 has 30 seconds left.
|inactive|DaveyShwavey has 20 seconds left.
|inactive|DaveyShwavey has 15 seconds left.
|inactive|satandagiii2005 has 20 seconds left.
|inactive|DaveyShwavey has 10 seconds left.
|inactive|satandagiii2005 has 15 seconds left.
|inactive|DaveyShwavey has 5 seconds left.
|
|t:|1785961992
|detailschange|p2a: Staraptor|Staraptor-Mega, L50, F
|-mega|p2a: Staraptor|Staraptor|Staraptite
|move|p2a: Staraptor|Protect|p2a: Staraptor
|-singleturn|p2a: Staraptor|Protect
|move|p1a: Sneasler|Fake Out|p2b: Arcanine
|-resisted|p2b: Arcanine|1
|-crit|p2b: Arcanine
|-damage|p2b: Arcanine|85/100
|move|p1b: Whimsicott|Moonblast|p2a: Staraptor
|-activate|p2a: Staraptor|move: Protect
|cant|p2b: Arcanine|flinch
|
|upkeep
|turn|2
|
|t:|1785962010
|move|p1a: Sneasler|Close Combat|p2b: Arcanine
|-supereffective|p2b: Arcanine|1
|-damage|p2b: Arcanine|0 fnt
|-unboost|p1a: Sneasler|def|1
|-unboost|p1a: Sneasler|spd|1
|faint|p2b: Arcanine
|move|p1b: Whimsicott|Moonblast|p2a: Staraptor
|-supereffective|p2a: Staraptor|1
|-damage|p2a: Staraptor|16/100
|move|p2a: Staraptor|Close Combat|p1b: Whimsicott
|-resisted|p1b: Whimsicott|1
|-damage|p1b: Whimsicott|55/100
|-boost|p2a: Staraptor|def|1
|-boost|p2a: Staraptor|spd|1
|
|upkeep
|
|t:|1785962024
|switch|p2b: Farigiraf|Farigiraf, L50, M|100/100
|turn|3
|inactive|DaveyShwavey has 30 seconds left.
|inactive|DaveyShwavey has 20 seconds left.
|inactive|DaveyShwavey has 15 seconds left.
|inactive|DaveyShwavey has 10 seconds left.
|inactive|DaveyShwavey has 5 seconds left.
|
|t:|1785962077
|switch|p1a: Garchomp|Garchomp, L50, M, shiny|100/100
|move|p2a: Staraptor|Protect|p2a: Staraptor
|-singleturn|p2a: Staraptor|Protect
|move|p1b: Whimsicott|Moonblast|p2a: Staraptor
|-activate|p2a: Staraptor|move: Protect
|move|p2b: Farigiraf|Trick Room|p2b: Farigiraf
|-fieldstart|move: Trick Room|[of] p2b: Farigiraf
|
|upkeep
|turn|4
|inactive|satandagiii2005 has 30 seconds left.
|
|t:|1785962111
|switch|p1b: Charizard|Charizard, L50, F, shiny|100/100
|move|p2b: Farigiraf|Helping Hand|p2a: Staraptor
|-singleturn|p2a: Staraptor|Helping Hand|[of] p2b: Farigiraf
|move|p1a: Garchomp|Dragon Claw|p2a: Staraptor
|-damage|p2a: Staraptor|0 fnt
|faint|p2a: Staraptor
|-damage|p1a: Garchomp|90/100|[from] item: Life Orb
|
|upkeep
|
|t:|1785962121
|switch|p2a: Kingambit|Kingambit, L50, M|100/100
|turn|5
|inactive|satandagiii2005 has 30 seconds left.
|inactive|satandagiii2005 has 20 seconds left.
|inactive|satandagiii2005 has 15 seconds left.
|
|t:|1785962164
|move|p2b: Farigiraf|Helping Hand|p2a: Kingambit
|-singleturn|p2a: Kingambit|Helping Hand|[of] p2b: Farigiraf
|move|p1b: Charizard|Protect|p1b: Charizard
|-singleturn|p1b: Charizard|Protect
|move|p2a: Kingambit|Sucker Punch|p1a: Garchomp
|-damage|p1a: Garchomp|13/100
|-damage|p2a: Kingambit|87/100|[from] ability: Rough Skin|[of] p1a: Garchomp
|-damage|p2a: Kingambit|78/100|[from] item: Life Orb
|move|p1a: Garchomp|Earthquake|p2a: Kingambit|[spread] p2a,p2b
|-activate|p1b: Charizard|move: Protect
|-supereffective|p2a: Kingambit|1
|-damage|p2a: Kingambit|5/100
|-damage|p2b: Farigiraf|54/100
|-damage|p1a: Garchomp|3/100|[from] item: Life Orb
|
|upkeep
|turn|6
|
|t:|1785962188
|detailschange|p1b: Charizard|Charizard-Mega-Y, L50, F, shiny
|-mega|p1b: Charizard|Charizard|Charizardite Y
|-weather|SunnyDay|[from] ability: Drought|[of] p1b: Charizard
|move|p2a: Kingambit|Protect|p2a: Kingambit
|-singleturn|p2a: Kingambit|Protect
|move|p2b: Farigiraf|Psychic|p1a: Garchomp
|-damage|p1a: Garchomp|0 fnt
|faint|p1a: Garchomp
|move|p1b: Charizard|Heat Wave|p2b: Farigiraf|[spread] 
|-activate|p2a: Kingambit|move: Protect
|-miss|p1b: Charizard|p2b: Farigiraf
|
|-weather|SunnyDay|[upkeep]
|upkeep
|
|t:|1785962205
|switch|p1a: Whimsicott|Whimsicott, L50, F, shiny|55/100
|turn|7
|
|t:|1785962212
|move|p2b: Farigiraf|Helping Hand|p2a: Kingambit
|-singleturn|p2a: Kingambit|Helping Hand|[of] p2b: Farigiraf
|move|p2a: Kingambit|Kowtow Cleave|p1b: Charizard
|-damage|p1b: Charizard|0 fnt
|faint|p1b: Charizard
|-damage|p2a: Kingambit|0 fnt|[from] item: Life Orb
|faint|p2a: Kingambit
|move|p1a: Whimsicott|Moonblast|p2b: Farigiraf
|-damage|p2b: Farigiraf|24/100
|-enditem|p2b: Farigiraf|Sitrus Berry|[eat]
|-heal|p2b: Farigiraf|49/100|[from] item: Sitrus Berry
|
|-weather|SunnyDay|[upkeep]
|-fieldend|move: Trick Room
|upkeep
|
|t:|1785962223
|switch|p1b: Sneasler|Sneasler, L50, F, shiny|100/100
|turn|8
|
|t:|1785962228
|move|p2b: Farigiraf|Protect|p2b: Farigiraf
|-singleturn|p2b: Farigiraf|Protect
|move|p1a: Whimsicott|Moonblast|p2b: Farigiraf
|-activate|p2b: Farigiraf|move: Protect
|move|p1b: Sneasler|Dire Claw|p2b: Farigiraf
|-activate|p2b: Farigiraf|move: Protect
|
|-weather|SunnyDay|[upkeep]
|upkeep
|turn|9
|
|t:|1785962237
|move|p1a: Whimsicott|Moonblast|p2b: Farigiraf
|-damage|p2b: Farigiraf|19/100
|move|p1b: Sneasler|Dire Claw|p2b: Farigiraf
|-damage|p2b: Farigiraf|0 fnt
|faint|p2b: Farigiraf
|
|win|DaveyShwavey
|raw|DaveyShwavey's rating: 1125 → 1154(+29 for winning)
|raw|satandagiii2005's rating: 1184 → 1155(-29 for losing)
|l|☆DaveyShwavey
|player|p1|
