|j|☆plaidhaxx
|j|☆terry ferry
|html|plaidhaxxterry ferry    
|uhtml|bestof|Game 1 of a best-of-3
|t:|1786203559
|gametype|doubles
|player|p1|plaidhaxx|grimsley|
|player|p2|terry ferry|gentleman|
|gen|9
|tier|[Gen 9 Champions] VGC 2026 Reg M-B (Bo3)
|rule|Species Clause: Limit one of each Pokémon
|rule|Item Clause: Limit 1 of each item
|clearpoke
|poke|p1|Kommo-o, L50, F|
|poke|p1|Excadrill, L50, F|
|poke|p1|Tyranitar, L50, M|
|poke|p1|Grimmsnarl, L50, M|
|poke|p1|Scovillain, L50, M|
|poke|p1|Basculegion, L50, M|
|poke|p2|Basculegion, L50, M|
|poke|p2|Garchomp, L50, F|
|poke|p2|Scizor, L50, F|
|poke|p2|Tyranitar, L50, M|
|poke|p2|Sneasler, L50, F|
|poke|p2|Corviknight, L50, F|
|teampreview|4
|showteam|p1|Kommo-o||Leftovers|Overcoat|ClangingScales,ClangorousSoul,AuraSphere,Protect|Modest||F|||50|]Excadrill||LifeOrb|SandRush|HighHorsepower,RockSlide,IronHead,Protect|Adamant||F|||50|]Tyranitar||Tyranitarite|SandStream|DragonDance,RockSlide,KnockOff,Protect|Jolly||M|||50|]Grimmsnarl||LightClay|Prankster|SpiritBreak,LightScreen,Reflect,FakeOut|Impish||M|||50|]Scovillain||Scovillainite|Moody|Protect,RagePowder,Overheat,EnergyBall|Bold||M|||50|]Basculegion||ChoiceScarf|Adaptability|WaveCrash,LastRespects,AquaJet,FlipTurn|Adamant||M|||50|
|showteam|p2|Basculegion||SitrusBerry|Adaptability|WaveCrash,LastRespects,AquaJet,Protect|Jolly||M|||50|]Garchomp||Garchompite|RoughSkin|EarthPower,DracoMeteor,PowerGem,Protect|Modest||F|||50|]Scizor||LifeOrb|Technician|BulletPunch,BugBite,SwordsDance,Protect|Adamant||F|||50|]Tyranitar||ChoiceScarf|SandStream|RockSlide,KnockOff,IcePunch,Superpower|Jolly||M|||50|]Sneasler||FocusSash|PoisonTouch|PoisonJab,CloseCombat,FakeOut,Protect|Jolly||F|||50|]Corviknight||Leftovers|MirrorArmor|IronHead,BraveBird,Tailwind,Protect|Impish||F|||50|
|
|t:|1786203622
|teamsize|p1|4
|teamsize|p2|4
|start
|switch|p1a: Scovillain|Scovillain, L50, M|100/100
|switch|p1b: Kommo-o|Kommo-o, L50, F|100/100
|switch|p2a: Garchomp|Garchomp, L50, F|100/100
|switch|p2b: Basculegion|Basculegion, L50, M|100/100
|turn|1
|
|t:|1786203652
|detailschange|p2a: Garchomp|Garchomp-Mega, L50, F
|-mega|p2a: Garchomp|Garchomp|Garchompite
|detailschange|p1a: Scovillain|Scovillain-Mega, L50, M
|-mega|p1a: Scovillain|Scovillain|Scovillainite
|move|p1a: Scovillain|Rage Powder|p1a: Scovillain
|-singleturn|p1a: Scovillain|move: Rage Powder
|move|p2a: Garchomp|Draco Meteor|p1a: Scovillain
|-damage|p1a: Scovillain|26/100
|-unboost|p2a: Garchomp|spa|2
|-status|p2a: Garchomp|brn|[from] ability: Spicy Spray|[of] p1a: Scovillain
|move|p2b: Basculegion|Wave Crash|p1a: Scovillain
|-damage|p1a: Scovillain|0 fnt
|-status|p2b: Basculegion|brn|[from] ability: Spicy Spray|[of] p1a: Scovillain
|faint|p1a: Scovillain
|-damage|p2b: Basculegion|92/100 brn|[from] Recoil
|move|p1b: Kommo-o|Clangorous Soul|p1b: Kommo-o
|-boost|p1b: Kommo-o|atk|1
|-boost|p1b: Kommo-o|def|1
|-boost|p1b: Kommo-o|spa|1
|-boost|p1b: Kommo-o|spd|1
|-boost|p1b: Kommo-o|spe|1
|-damage|p1b: Kommo-o|67/100
|
|-heal|p1b: Kommo-o|72/100|[from] item: Leftovers
|-damage|p2a: Garchomp|93/100 brn|[from] brn
|-damage|p2b: Basculegion|86/100 brn|[from] brn
|upkeep
|
|t:|1786203681
|switch|p1a: Basculegion|Basculegion, L50, M|100/100
|turn|2
|
|t:|1786203692
|move|p2a: Garchomp|Protect|p2a: Garchomp
|-singleturn|p2a: Garchomp|Protect
|move|p1b: Kommo-o|Clanging Scales|p2a: Garchomp|[spread] p2b
|-activate|p2a: Garchomp|move: Protect
|-damage|p2b: Basculegion|16/100 brn
|-enditem|p2b: Basculegion|Sitrus Berry|[eat]
|-heal|p2b: Basculegion|41/100 brn|[from] item: Sitrus Berry
|-unboost|p1b: Kommo-o|def|1
|move|p1a: Basculegion|Last Respects|p2b: Basculegion
|-supereffective|p2b: Basculegion|1
|-damage|p2b: Basculegion|0 fnt
|faint|p2b: Basculegion
|
|-heal|p1b: Kommo-o|78/100|[from] item: Leftovers
|-damage|p2a: Garchomp|87/100 brn|[from] brn
|upkeep
|
|t:|1786203712
|switch|p2b: Sneasler|Sneasler, L50, F|100/100
|turn|3
|
|t:|1786203723
|switch|p2a: Tyranitar|Tyranitar, L50, M|100/100
|-weather|Sandstorm|[from] ability: Sand Stream|[of] p2a: Tyranitar
|move|p1b: Kommo-o|Protect|p1b: Kommo-o
|-singleturn|p1b: Kommo-o|Protect
|move|p2b: Sneasler|Fake Out|p1b: Kommo-o
|-activate|p1b: Kommo-o|move: Protect
|move|p1a: Basculegion|Last Respects|p2b: Sneasler
|-enditem|p2b: Sneasler|Focus Sash
|-damage|p2b: Sneasler|1/100
|
|-weather|Sandstorm|[upkeep]
|-damage|p1a: Basculegion|93/100|[from] Sandstorm
|-damage|p2b: Sneasler|0 fnt|[from] Sandstorm
|faint|p2b: Sneasler
|-heal|p1b: Kommo-o|84/100|[from] item: Leftovers
|upkeep
|
|t:|1786203738
|switch|p2b: Garchomp|Garchomp-Mega, L50, F|87/100 brn
|turn|4
|
|t:|1786203774
|switch|p1a: Excadrill|Excadrill, L50, F|100/100
|move|p2b: Garchomp|Protect|p2b: Garchomp
|-singleturn|p2b: Garchomp|Protect
|move|p1b: Kommo-o|Clanging Scales|p2b: Garchomp|[spread] p2a
|-activate|p2b: Garchomp|move: Protect
|-damage|p2a: Tyranitar|58/100
|-unboost|p1b: Kommo-o|def|1
|move|p2a: Tyranitar|Ice Punch|p1b: Kommo-o
|-supereffective|p1b: Kommo-o|1
|-damage|p1b: Kommo-o|4/100
|
|-weather|Sandstorm|[upkeep]
|-heal|p1b: Kommo-o|10/100|[from] item: Leftovers
|-damage|p2b: Garchomp|81/100 brn|[from] brn
|upkeep
|turn|5
|
|t:|1786203800
|move|p2b: Garchomp|Protect|p2b: Garchomp
|-singleturn|p2b: Garchomp|Protect
|move|p1a: Excadrill|Iron Head|p2a: Tyranitar
|-supereffective|p2a: Tyranitar|1
|-damage|p2a: Tyranitar|0 fnt
|faint|p2a: Tyranitar
|-damage|p1a: Excadrill|90/100|[from] item: Life Orb
|move|p1b: Kommo-o|Clanging Scales|p2b: Garchomp
|-activate|p2b: Garchomp|move: Protect
|
|-weather|Sandstorm|[upkeep]
|-heal|p1b: Kommo-o|16/100|[from] item: Leftovers
|-damage|p2b: Garchomp|75/100 brn|[from] brn
|upkeep
|turn|6
|
|t:|1786203816
|move|p1a: Excadrill|Iron Head|p2b: Garchomp
|-damage|p2b: Garchomp|22/100 brn
|-damage|p1a: Excadrill|80/100|[from] item: Life Orb
|move|p1b: Kommo-o|Clanging Scales|p2b: Garchomp
|-supereffective|p2b: Garchomp|1
|-damage|p2b: Garchomp|0 fnt
|faint|p2b: Garchomp
|
|win|plaidhaxx
