|j|☆Sedrav
|j|☆inoshikacho2
|html|Sedravinoshikacho2    
|uhtml|bestof|Game 1 of a best-of-3
|t:|1756930073
|gametype|doubles
|player|p1|Sedrav|265|1316
|player|p2|inoshikacho2|2|1359
|gen|9
|tier|[Gen 9] VGC 2025 Reg H (Bo3)
|rated|
|rule|Species Clause: Limit one of each Pokémon
|rule|Item Clause: Limit 1 of each item
|clearpoke
|poke|p1|Garchomp, L50, M|
|poke|p1|Talonflame, L50, F|
|poke|p1|Gholdengo, L50|
|poke|p1|Tyranitar, L50, F|
|poke|p1|Amoonguss, L50, F|
|poke|p1|Milotic, L50, M|
|poke|p2|Pelipper, L50, F|
|poke|p2|Archaludon, L50, F|
|poke|p2|Sinistcha, L50|
|poke|p2|Ursaluna, L50, M|
|poke|p2|Dragonite, L50, F|
|poke|p2|Incineroar, L50, F|
|teampreview|4
|showteam|p1|Garchomp||LifeOrb|RoughSkin|DragonClaw,StompingTantrum,Earthquake,Protect|||M|||50|,,,,,Fairy]Talonflame||CovertCloak|GaleWings|BraveBird,Tailwind,WillOWisp,Taunt|||F|||50|,,,,,Grass]Gholdengo||MetalCoat|GoodasGold|MakeItRain,ShadowBall,NastyPlot,Protect||||||50|,,,,,Flying]Tyranitar||AssaultVest|SandStream|RockSlide,KnockOff,LowKick,TeraBlast|||F|||50|,,,,,Flying]Amoonguss||SitrusBerry|Regenerator|Spore,RagePowder,PollenPuff,Protect|||F|||50|,,,,,Water]Milotic||SafetyGoggles|Competitive|Scald,IcyWind,Haze,Protect|||M|||50|,,,,,Dragon
|showteam|p2|Pelipper||FocusSash|Drizzle|MuddyWater,Hurricane,Protect,Tailwind|||F|||50|,,,,,Ground]Archaludon||AssaultVest|Stamina|FlashCannon,BodyPress,ElectroShot,Snarl|||F|||50|,,,,,Bug]Sinistcha||SitrusBerry|Hospitality|MatchaGotcha,LifeDew,RagePowder,TrickRoom||||||50|,,,,,Dark]Ursaluna||FlameOrb|Guts|Protect,Facade,HeadlongRush,Earthquake|||M|||50|,,,,,Ghost]Dragonite||LoadedDice|Multiscale|Protect,ScaleShot,Haze,Tailwind|||F|||50|,,,,,Fairy]Incineroar||SafetyGoggles|Intimidate|FakeOut,PartingShot,KnockOff,FlareBlitz|||F|||50|,,,,,Ghost
|inactive|Battle timer is ON: inactive players will automatically lose when time's up. (requested by Sedrav)
|inactive|Sedrav has 60 seconds left.
|inactive|inoshikacho2 has 60 seconds left.
|
|t:|1756930135
|teamsize|p1|4
|teamsize|p2|4
|start
|switch|p1a: Garchomp|Garchomp, L50, M|100/100
|switch|p1b: Milotic|Milotic, L50, M|100/100
|switch|p2a: Pelipper|Pelipper, L50, F|100/100
|switch|p2b: Archaludon|Archaludon, L50, F|100/100
|-weather|RainDance|[from] ability: Drizzle|[of] p2a: Pelipper
|turn|1
|inactive|Sedrav has 30 seconds left.
|inactive|inoshikacho2 has 30 seconds left.
|inactive|inoshikacho2 has 20 seconds left.
|inactive|inoshikacho2 has 15 seconds left.
|inactive|inoshikacho2 has 10 seconds left.
|inactive|inoshikacho2 has 5 seconds left.
|
|t:|1756930188
|switch|p2a: Sinistcha|Sinistcha, L50|100/100
|switch|p1b: Tyranitar|Tyranitar, L50, F|100/100
|-weather|Sandstorm|[from] ability: Sand Stream|[of] p1b: Tyranitar
|move|p1a: Garchomp|Dragon Claw|p2a: Sinistcha
|-damage|p2a: Sinistcha|47/100
|-enditem|p2a: Sinistcha|Sitrus Berry|[eat]
|-heal|p2a: Sinistcha|72/100|[from] item: Sitrus Berry
|-damage|p1a: Garchomp|91/100|[from] item: Life Orb
|move|p2b: Archaludon|Flash Cannon|p1b: Tyranitar
|-supereffective|p1b: Tyranitar
|-damage|p1b: Tyranitar|71/100
|
|-weather|Sandstorm|[upkeep]
|-damage|p2a: Sinistcha|66/100|[from] Sandstorm
|upkeep
|turn|2
|inactive|Sedrav has 30 seconds left.
|inactive|inoshikacho2 has 30 seconds left.
|inactive|Sedrav has 20 seconds left.
|
|t:|1756930227
|switch|p1b: Gholdengo|Gholdengo, L50|100/100
|move|p1a: Garchomp|Stomping Tantrum|p2b: Archaludon
|-supereffective|p2b: Archaludon
|-damage|p2b: Archaludon|14/100
|-ability|p2b: Archaludon|Stamina|boost
|-boost|p2b: Archaludon|def|1
|-damage|p1a: Garchomp|81/100|[from] item: Life Orb
|move|p2b: Archaludon|Body Press|p1b: Gholdengo
|-immune|p1b: Gholdengo
|move|p2a: Sinistcha|Trick Room|p2a: Sinistcha
|-fieldstart|move: Trick Room|[of] p2a: Sinistcha
|
|-weather|Sandstorm|[upkeep]
|-damage|p2a: Sinistcha|59/100|[from] Sandstorm
|upkeep
|turn|3
|inactive|Sedrav has 30 seconds left.
|
|t:|1756930259
|move|p1b: Gholdengo|Protect|p1b: Gholdengo
|-singleturn|p1b: Gholdengo|Protect
|move|p2a: Sinistcha|Matcha Gotcha|p1a: Garchomp|[spread] p1a
|-activate|p1b: Gholdengo|move: Protect
|-damage|p1a: Garchomp|56/100
|-heal|p2a: Sinistcha|72/100|[from] drain|[of] p1a: Garchomp
|move|p2b: Archaludon|Snarl|p1b: Gholdengo|[spread] p1a
|-activate|p1b: Gholdengo|move: Protect
|-damage|p1a: Garchomp|41/100
|-unboost|p1a: Garchomp|spa|1
|move|p1a: Garchomp|Earthquake|p2a: Sinistcha|[spread] p2a,p2b
|-activate|p1b: Gholdengo|move: Protect
|-resisted|p2a: Sinistcha
|-supereffective|p2b: Archaludon
|-damage|p2a: Sinistcha|50/100
|-damage|p2b: Archaludon|0 fnt
|faint|p2b: Archaludon
|-damage|p1a: Garchomp|31/100|[from] item: Life Orb
|
|-weather|Sandstorm|[upkeep]
|-damage|p2a: Sinistcha|44/100|[from] Sandstorm
|upkeep
|
|t:|1756930272
|switch|p2b: Ursaluna|Ursaluna, L50, M|100/100
|turn|4
|inactive|Sedrav has 30 seconds left.
|inactive|Sedrav has 20 seconds left.
|
|t:|1756930311
|move|p2b: Ursaluna|Protect|p2b: Ursaluna
|-singleturn|p2b: Ursaluna|Protect
|move|p1b: Gholdengo|Protect||[still]
|-fail|p1b: Gholdengo
|move|p2a: Sinistcha|Matcha Gotcha|p1a: Garchomp|[spread] p1a,p1b
|-resisted|p1b: Gholdengo
|-damage|p1a: Garchomp|5/100
|-heal|p2a: Sinistcha|57/100|[from] drain|[of] p1a: Garchomp
|-damage|p1b: Gholdengo|87/100
|-heal|p2a: Sinistcha|63/100|[from] drain|[of] p1b: Gholdengo
|move|p1a: Garchomp|Dragon Claw|p2a: Sinistcha
|-damage|p2a: Sinistcha|7/100
|-damage|p1a: Garchomp|0 fnt|[from] item: Life Orb
|faint|p1a: Garchomp
|
|-weather|Sandstorm|[upkeep]
|-damage|p2a: Sinistcha|0 fnt|[from] Sandstorm
|faint|p2a: Sinistcha
|-status|p2b: Ursaluna|brn|[from] item: Flame Orb
|upkeep
|inactive|Sedrav has 30 seconds left.
|
|t:|1756930345
|switch|p2a: Pelipper|Pelipper, L50, F|100/100
|switch|p1a: Milotic|Milotic, L50, M|100/100
|-weather|RainDance|[from] ability: Drizzle|[of] p2a: Pelipper
|turn|5
|inactive|inoshikacho2 has 30 seconds left.
|
|t:|1756930371
|-terastallize|p2b: Ursaluna|Ghost
|move|p1b: Gholdengo|Protect|p1b: Gholdengo
|-singleturn|p1b: Gholdengo|Protect
|move|p2b: Ursaluna|Facade|p1a: Milotic
|-damage|p1a: Milotic|1/100
|move|p1a: Milotic|Icy Wind|p2a: Pelipper|[spread] p2a,p2b
|-damage|p2a: Pelipper|81/100
|-damage|p2b: Ursaluna|90/100 brn
|-unboost|p2a: Pelipper|spe|1
|-unboost|p2b: Ursaluna|spe|1
|move|p2a: Pelipper|Hurricane|p1b: Gholdengo
|-activate|p1b: Gholdengo|move: Protect
|
|-weather|RainDance|[upkeep]
|-damage|p2b: Ursaluna|84/100 brn|[from] brn
|upkeep
|turn|6
|inactive|Sedrav has 30 seconds left.
|
|t:|1756930405
|-terastallize|p1b: Gholdengo|Flying
|move|p1a: Milotic|Protect|p1a: Milotic
|-singleturn|p1a: Milotic|Protect
|move|p2b: Ursaluna|Facade|p1b: Gholdengo
|-damage|p1b: Gholdengo|0 fnt
|faint|p1b: Gholdengo
|move|p2a: Pelipper|Muddy Water|p1a: Milotic
|-activate|p1a: Milotic|move: Protect
|
|-weather|RainDance|[upkeep]
|-damage|p2b: Ursaluna|78/100 brn|[from] brn
|-fieldend|move: Trick Room
|upkeep
|
|t:|1756930415
|switch|p1b: Tyranitar|Tyranitar, L50, F|71/100
|-weather|Sandstorm|[from] ability: Sand Stream|[of] p1b: Tyranitar
|turn|7
|
|t:|1756930437
|move|p2b: Ursaluna|Protect|p2b: Ursaluna
|-singleturn|p2b: Ursaluna|Protect
|move|p1a: Milotic|Scald|p2b: Ursaluna
|-activate|p2b: Ursaluna|move: Protect
|move|p1b: Tyranitar|Rock Slide|p2a: Pelipper|[spread] 
|-activate|p2b: Ursaluna|move: Protect
|-miss|p1b: Tyranitar|p2a: Pelipper
|move|p2a: Pelipper|Tailwind|p2a: Pelipper
|-sidestart|p2: inoshikacho2|move: Tailwind
|
|-weather|Sandstorm|[upkeep]
|-damage|p2a: Pelipper|75/100|[from] Sandstorm
|-damage|p2b: Ursaluna|72/100 brn|[from] Sandstorm
|-damage|p2b: Ursaluna|67/100 brn|[from] brn
|upkeep
|turn|8
|inactive|Sedrav has 30 seconds left.
|
|t:|1756930462
|move|p2a: Pelipper|Muddy Water|p1b: Tyranitar|[spread] p1a,p1b
|-resisted|p1a: Milotic
|-crit|p1a: Milotic
|-supereffective|p1b: Tyranitar
|-damage|p1a: Milotic|0 fnt
|-damage|p1b: Tyranitar|49/100
|faint|p1a: Milotic
|move|p2b: Ursaluna|Earthquake|p1b: Tyranitar|[spread] p1b
|-immune|p2a: Pelipper
|-supereffective|p1b: Tyranitar
|-damage|p1b: Tyranitar|0 fnt
|faint|p1b: Tyranitar
|
|win|inoshikacho2
||inoshikacho2 is ready for game 2.
|inactive|Sedrav has 30 seconds to confirm battle start!
