|j|☆disguisedavalos
|j|☆Boss_Melee
|html|disguisedavalosBoss_Melee    
|uhtml|bestof|Game 1 of a best-of-3
|t:|1782637244
|gametype|doubles
|player|p1|disguisedavalos|miku-ghost|1216
|player|p2|Boss_Melee|swimmerf|1147
|gen|9
|tier|[Gen 9 Champions] VGC 2026 Reg M-B (Bo3)
|rated|
|rule|Species Clause: Limit one of each Pokémon
|rule|Item Clause: Limit 1 of each item
|clearpoke
|poke|p1|Floette-Eternal, L50, F|
|poke|p1|Incineroar, L50, F, shiny|
|poke|p1|Sinistcha, L50, shiny|
|poke|p1|Garchomp, L50, M, shiny|
|poke|p1|Whimsicott, L50, F, shiny|
|poke|p1|Charizard, L50, M, shiny|
|poke|p2|Kingambit, L50, F, shiny|
|poke|p2|Basculegion, L50, M|
|poke|p2|Garchomp, L50, F|
|poke|p2|Whimsicott, L50, F|
|poke|p2|Floette-Eternal, L50, F|
|poke|p2|Charizard, L50, F, shiny|
|teampreview|4
|showteam|p1|Floette-Eternal||Floettite|FlowerVeil|DrainingKiss,DazzlingGleam,CalmMind,Protect|Modest||F|||50|]Incineroar||Charcoal|Intimidate|FakeOut,ThroatChop,FlareBlitz,PartingShot|Adamant||F|||50|]Sinistcha||CobaBerry|Hospitality|MatchaGotcha,RagePowder,LifeDew,TrickRoom|Bold|||||50|]Garchomp||LifeOrb|RoughSkin|RockSlide,Earthquake,DragonClaw,Protect|Jolly||M|||50|]Whimsicott||FocusSash|Prankster|Moonblast,Tailwind,Encore,Protect|Timid||F|||50|]Charizard||CharizarditeY|Blaze|WeatherBall,HeatWave,SolarBeam,Protect|Modest||M|||50|
|showteam|p2|Kingambit||ChopleBerry|Defiant|KowtowCleave,IronHead,SuckerPunch,Protect|Adamant||F|||50|]Basculegion||ChoiceScarf|Adaptability|WaveCrash,LastRespects,AquaJet,FlipTurn|Adamant||M|||50|]Garchomp||LifeOrb|RoughSkin|RockSlide,Earthquake,DragonClaw,Protect|Jolly||F|||50|]Whimsicott||FocusSash|Prankster|Moonblast,Tailwind,Encore,SunnyDay|Timid||F|||50|]Floette-Eternal||Floettite|FlowerVeil|Moonblast,DazzlingGleam,LightofRuin,Protect|Modest||F|||50|]Charizard||CharizarditeY|Blaze|HeatWave,WeatherBall,SolarBeam,Protect|Timid||F|||50|
|inactive|Battle timer is ON: inactive players will automatically lose when time's up. (requested by disguisedavalos)
|inactive|disguisedavalos has 60 seconds left.
|inactive|Boss_Melee has 60 seconds left.
|inactive|Boss_Melee has 30 seconds left.
|
|t:|1782637314
|teamsize|p1|4
|teamsize|p2|4
|start
|switch|p1a: Dandelion|Floette-Eternal, L50, F|100/100
|switch|p1b: Mr. Meow|Incineroar, L50, F, shiny|100/100
|switch|p2a: Garchomp|Garchomp, L50, F|100/100
|switch|p2b: Whimsicott|Whimsicott, L50, F|100/100
|-ability|p1b: Mr. Meow|Intimidate|boost
|-unboost|p2a: Garchomp|atk|1
|-unboost|p2b: Whimsicott|atk|1
|turn|1
|inactive|Boss_Melee has 30 seconds left.
|inactive|Boss_Melee has 20 seconds left.
|
|t:|1782637350
|switch|p2b: LittleSpit|Basculegion, L50, M|100/100
|switch|p2a: Yoshimitsu|Kingambit, L50, F, shiny|100/100
|detailschange|p1a: Dandelion|Floette-Mega, L50, F
|-mega|p1a: Dandelion|Floette|Floettite
|-ability|p1a: Dandelion|Fairy Aura
|move|p1b: Mr. Meow|Fake Out|p2b: LittleSpit
|-immune|p2b: LittleSpit
|move|p1a: Dandelion|Dazzling Gleam|p2a: Yoshimitsu|[spread] p2a,p2b
|-damage|p2a: Yoshimitsu|55/100
|-damage|p2b: LittleSpit|49/100
|
|upkeep
|turn|2
|
|t:|1782637370
|move|p1a: Dandelion|Protect|p1a: Dandelion
|-singleturn|p1a: Dandelion|Protect
|move|p2b: LittleSpit|Wave Crash|p1b: Mr. Meow
|-supereffective|p1b: Mr. Meow|1
|-damage|p1b: Mr. Meow|0 fnt
|faint|p1b: Mr. Meow
|-damage|p2b: LittleSpit|14/100|[from] Recoil
|move|p2a: Yoshimitsu|Iron Head|p1a: Dandelion
|-activate|p1a: Dandelion|move: Protect
|
|upkeep
|
|t:|1782637375
|switch|p1b: Beri|Sinistcha, L50, shiny|100/100
|turn|3
|
|t:|1782637392
|switch|p2b: Whimsicott|Whimsicott, L50, F|100/100
|move|p1b: Beri|Rage Powder|p1b: Beri
|-singleturn|p1b: Beri|move: Rage Powder
|move|p1a: Dandelion|Dazzling Gleam|p2a: Yoshimitsu|[spread] p2a,p2b
|-damage|p2a: Yoshimitsu|8/100
|-damage|p2b: Whimsicott|18/100
|move|p2a: Yoshimitsu|Kowtow Cleave|p1b: Beri
|-supereffective|p1b: Beri|1
|-damage|p1b: Beri|15/100
|
|upkeep
|turn|4
|
|t:|1782637414
|move|p2a: Yoshimitsu|Protect|p2a: Yoshimitsu
|-singleturn|p2a: Yoshimitsu|Protect
|move|p1b: Beri|Rage Powder|p1b: Beri
|-singleturn|p1b: Beri|move: Rage Powder
|move|p2b: Whimsicott|Moonblast|p1b: Beri
|-crit|p1b: Beri
|-damage|p1b: Beri|0 fnt
|faint|p1b: Beri
|move|p1a: Dandelion|Dazzling Gleam|p2b: Whimsicott|[spread] p2b
|-activate|p2a: Yoshimitsu|move: Protect
|-damage|p2b: Whimsicott|0 fnt
|faint|p2b: Whimsicott
|
|upkeep
|
|t:|1782637428
|switch|p2b: LittleSpit|Basculegion, L50, M|14/100
|switch|p1b: Flaure|Whimsicott, L50, F, shiny|100/100
|turn|5
|
|t:|1782637443
|move|p1b: Flaure|Tailwind|p1b: Flaure
|-sidestart|p1: disguisedavalos|move: Tailwind
|move|p1a: Dandelion|Dazzling Gleam|p2b: LittleSpit|[spread] p2a,p2b
|-damage|p2a: Yoshimitsu|0 fnt
|-damage|p2b: LittleSpit|0 fnt
|faint|p2a: Yoshimitsu
|faint|p2b: LittleSpit
|
|upkeep
|
|t:|1782637446
|switch|p2a: Garchomp|Garchomp, L50, F|100/100
|turn|6
|
|t:|1782637452
|move|p1b: Flaure|Moonblast|p2a: Garchomp
|-supereffective|p2a: Garchomp|1
|-damage|p2a: Garchomp|1/100
|move|p1a: Dandelion|Dazzling Gleam|p2a: Garchomp
|-supereffective|p2a: Garchomp|1
|-crit|p2a: Garchomp
|-damage|p2a: Garchomp|0 fnt
|faint|p2a: Garchomp
|
|win|disguisedavalos
||disguisedavalos is ready for game 2.
|l|☆Boss_Melee
|player|p2|
|inactive|Boss_Melee has 30 seconds to confirm battle start!
||Boss_Melee is ready for game 2.
|uhtml|next|Next: Game 2 of 3
