|j|☆Arkhept
|j|☆beeetch
|html|Arkheptbeeetch    
|uhtml|bestof|Game 1 of a best-of-3
|t:|1756675442
|gametype|doubles
|player|p1|Arkhept|misty|1302
|player|p2|beeetch|beauty-gen4dp|1275
|gen|9
|tier|[Gen 9] VGC 2025 Reg H (Bo3)
|rated|
|rule|Species Clause: Limit one of each Pokémon
|rule|Item Clause: Limit 1 of each item
|clearpoke
|poke|p1|Milotic, L50, F|
|poke|p1|Tyranitar, L50, F|
|poke|p1|Talonflame, L50, M|
|poke|p1|Garchomp, L50, M|
|poke|p1|Amoonguss, L50, F|
|poke|p1|Gholdengo, L50|
|poke|p2|Toedscruel, L50, M|
|poke|p2|Weezing-Galar, L50, F|
|poke|p2|Corviknight, L50, M|
|poke|p2|Pawmot, L50, M|
|poke|p2|Garchomp, L50, F|
|poke|p2|Typhlosion-Hisui, L50, M|
|teampreview|4
|showteam|p1|Milotic||SafetyGoggles|Competitive|Scald,IcyWind,Haze,Protect|||F|||50|,,,,,Dragon]Tyranitar||AssaultVest|SandStream|RockSlide,KnockOff,LowKick,TeraBlast|||F|||50|,,,,,Flying]Talonflame||CovertCloak|GaleWings|BraveBird,Tailwind,WillOWisp,Taunt|||M|||50|,,,,,Ghost]Garchomp||LifeOrb|RoughSkin|Protect,StompingTantrum,Earthquake,DragonClaw|||M|||50|,,,,,Steel]Amoonguss||SitrusBerry|Regenerator|Protect,RagePowder,Spore,PollenPuff|||F|||50|,,,,,Water]Gholdengo||IronPlate|GoodasGold|MakeItRain,ShadowBall,NastyPlot,Protect||||||50|,,,,,Flying
|showteam|p2|Toedscruel||CovertCloak|MyceliumMight|Spore,EarthPower,AcidSpray,RagePowder|||M|||50|,,,,,Water]Weezing-Galar||ChoiceSpecs|NeutralizingGas|DazzlingGleam,SludgeBomb,StrangeSteam,Flamethrower|||F|||50|,,,,,Fire]Corviknight||SitrusBerry|MirrorArmor|Protect,Tailwind,Roost,BraveBird|||M|||50|,,,,,Dragon]Pawmot||FocusSash|NaturalCure|Protect,CloseCombat,DoubleShock,FakeOut|||M|||50|,,,,,Electric]Garchomp||LifeOrb|RoughSkin|Protect,Earthquake,DragonClaw,StompingTantrum|||F|||50|,,,,,Ground]Typhlosion-Hisui||ChoiceScarf|Blaze|Eruption,SleepTalk,HeatWave,ShadowBall|||M|||50|,,,,,Fire
|
|t:|1756675498
|teamsize|p1|4
|teamsize|p2|4
|start
|switch|p1a: Milotic|Milotic, L50, F|100/100
|switch|p1b: Gholdengo|Gholdengo, L50|100/100
|switch|p2a: Typhlosion|Typhlosion-Hisui, L50, M|100/100
|switch|p2b: Weezing|Weezing-Galar, L50, F|100/100
|-ability|p2b: Weezing|Neutralizing Gas
|turn|1
|
|t:|1756675515
|move|p1b: Gholdengo|Protect|p1b: Gholdengo
|-singleturn|p1b: Gholdengo|Protect
|move|p2a: Typhlosion|Eruption|p1b: Gholdengo|[spread] p1a
|-activate|p1b: Gholdengo|move: Protect
|-resisted|p1a: Milotic
|-damage|p1a: Milotic|79/100
|move|p1a: Milotic|Icy Wind|p2b: Weezing|[spread] p2a,p2b
|-resisted|p2a: Typhlosion
|-damage|p2a: Typhlosion|94/100
|-damage|p2b: Weezing|88/100
|-unboost|p2a: Typhlosion|spe|1
|-unboost|p2b: Weezing|spe|1
|move|p2b: Weezing|Dazzling Gleam|p1b: Gholdengo|[spread] p1a
|-activate|p1b: Gholdengo|move: Protect
|-damage|p1a: Milotic|50/100
|
|upkeep
|turn|2
|
|t:|1756675551
|switch|p1b: Talonflame|Talonflame, L50, M|100/100
|switch|p2a: Corviknight|Corviknight, L50, M|100/100
|move|p1a: Milotic|Protect|p1a: Milotic
|-singleturn|p1a: Milotic|Protect
|move|p2b: Weezing|Dazzling Gleam|p1b: Talonflame|[spread] p1b
|-activate|p1a: Milotic|move: Protect
|-resisted|p1b: Talonflame
|-damage|p1b: Talonflame|74/100
|
|upkeep
|turn|3
|
|t:|1756675625
|move|p1b: Talonflame|Taunt|p2a: Corviknight
|-start|p2a: Corviknight|move: Taunt
|move|p1a: Milotic|Scald|p2b: Weezing
|-damage|p2b: Weezing|50/100
|-status|p2b: Weezing|brn
|cant|p2a: Corviknight|move: Taunt|Tailwind
|move|p2b: Weezing|Dazzling Gleam|p1a: Milotic|[spread] p1a,p1b
|-resisted|p1b: Talonflame
|-damage|p1a: Milotic|23/100
|-damage|p1b: Talonflame|47/100
|
|-damage|p2b: Weezing|44/100 brn|[from] brn
|upkeep
|turn|4
|
|t:|1756675645
|move|p1b: Talonflame|Brave Bird|p2b: Weezing
|-damage|p2b: Weezing|11/100 brn
|-damage|p1b: Talonflame|37/100|[from] Recoil
|move|p1a: Milotic|Scald|p2a: Corviknight
|-damage|p2a: Corviknight|77/100
|-status|p2a: Corviknight|brn
|move|p2a: Corviknight|Brave Bird|p1b: Talonflame
|-damage|p1b: Talonflame|11/100
|-damage|p2a: Corviknight|69/100 brn|[from] Recoil
|move|p2b: Weezing|Dazzling Gleam|p1b: Talonflame|[spread] p1a,p1b
|-resisted|p1b: Talonflame
|-damage|p1a: Milotic|0 fnt
|-damage|p1b: Talonflame|0 fnt
|faint|p1a: Milotic
|faint|p1b: Talonflame
|
|-damage|p2a: Corviknight|63/100 brn|[from] brn
|-damage|p2b: Weezing|5/100 brn|[from] brn
|upkeep
|
|t:|1756675659
|switch|p1b: Tyranitar|Tyranitar, L50, F|100/100
|switch|p1a: Gholdengo|Gholdengo, L50|100/100
|turn|5
|
|t:|1756675671
|move|p1a: Gholdengo|Nasty Plot|p1a: Gholdengo
|-boost|p1a: Gholdengo|spa|2
|move|p2a: Corviknight|Brave Bird|p1b: Tyranitar
|-resisted|p1b: Tyranitar
|-damage|p1b: Tyranitar|92/100
|-damage|p2a: Corviknight|60/100 brn|[from] Recoil
|move|p1b: Tyranitar|Rock Slide|p2b: Weezing|[spread] p2a,p2b
|-damage|p2a: Corviknight|36/100 brn
|-damage|p2b: Weezing|0 fnt
|-enditem|p2a: Corviknight|Sitrus Berry|[eat]
|-heal|p2a: Corviknight|60/100 brn|[from] item: Sitrus Berry
|faint|p2b: Weezing
|-end|p2b: Weezing|ability: Neutralizing Gas
|-weather|Sandstorm|[from] ability: Sand Stream|[of] p1b: Tyranitar
|
|-weather|Sandstorm|[upkeep]
|-damage|p2a: Corviknight|55/100 brn|[from] brn
|-end|p2a: Corviknight|move: Taunt
|upkeep
|
|t:|1756675683
|switch|p2b: Typhlosion|Typhlosion-Hisui, L50, M|94/100
|turn|6
|
|t:|1756675693
|move|p1a: Gholdengo|Protect|p1a: Gholdengo
|-singleturn|p1a: Gholdengo|Protect
|move|p2b: Typhlosion|Eruption|p1a: Gholdengo|[spread] p1b
|-activate|p1a: Gholdengo|move: Protect
|-resisted|p1b: Tyranitar
|-damage|p1b: Tyranitar|81/100
|move|p2a: Corviknight|Tailwind|p2a: Corviknight
|-sidestart|p2: beeetch|move: Tailwind
|move|p1b: Tyranitar|Rock Slide|p2a: Corviknight|[spread] p2a,p2b
|-supereffective|p2b: Typhlosion
|-damage|p2a: Corviknight|28/100 brn
|-damage|p2b: Typhlosion|0 fnt
|faint|p2b: Typhlosion
|
|-weather|Sandstorm|[upkeep]
|-damage|p2a: Corviknight|22/100 brn|[from] brn
|upkeep
|
|t:|1756675703
|switch|p2b: Pawmot|Pawmot, L50, M|100/100
|turn|7
|
|t:|1756675714
|-terastallize|p2b: Pawmot|Electric
|-terastallize|p1b: Tyranitar|Flying
|move|p2b: Pawmot|Double Shock|p1a: Gholdengo
|-damage|p1a: Gholdengo|13/100
|-start|p2b: Pawmot|typechange|Electric|[from] move: Double Shock
|move|p2a: Corviknight|Roost|p2a: Corviknight
|-heal|p2a: Corviknight|73/100 brn
|-singleturn|p2a: Corviknight|move: Roost
|move|p1a: Gholdengo|Make It Rain|p2a: Corviknight|[spread] p2a,p2b
|-resisted|p2a: Corviknight
|-resisted|p2b: Pawmot
|-damage|p2a: Corviknight|26/100 brn
|-enditem|p2b: Pawmot|Focus Sash
|-damage|p2b: Pawmot|1/100
|-unboost|p1a: Gholdengo|spa|1
|move|p1b: Tyranitar|Knock Off|p2b: Pawmot
|-damage|p2b: Pawmot|0 fnt
|faint|p2b: Pawmot
|
|-weather|Sandstorm|[upkeep]
|-damage|p1b: Tyranitar|75/100|[from] Sandstorm
|-damage|p2a: Corviknight|20/100 brn|[from] brn
|upkeep
|turn|8
|
|t:|1756675729
|move|p2a: Corviknight|Brave Bird|p1a: Gholdengo
|-resisted|p1a: Gholdengo
|-damage|p1a: Gholdengo|0 fnt
|faint|p1a: Gholdengo
|-damage|p2a: Corviknight|17/100 brn|[from] Recoil
|move|p1b: Tyranitar|Knock Off|p2a: Corviknight
|-damage|p2a: Corviknight|0 fnt
|faint|p2a: Corviknight
|
|win|Arkhept
||Arkhept is ready for game 2.
