|j|☆Cotton999
|j|☆ZilverZurfer
|html|Cotton999ZilverZurfer    
|uhtml|bestof|Game 2 of a best-of-3
|t:|1757629626
|gametype|doubles
|player|p1|Cotton999|giovanni|1000
|player|p2|ZilverZurfer|2|1115
|gen|9
|tier|[Gen 9] VGC 2025 Reg H (Bo3)
|rated|
|rule|Species Clause: Limit one of each Pokémon
|rule|Item Clause: Limit 1 of each item
|clearpoke
|poke|p1|Tyranitar, L50, F|
|poke|p1|Bronzong, L50|
|poke|p1|Excadrill, L50, M|
|poke|p1|Sinistcha-Masterpiece, L50|
|poke|p1|Incineroar, L50, M|
|poke|p1|Ursaluna, L50, F|
|poke|p2|Torkoal, L50, F|
|poke|p2|Lilligant-Hisui, L50, F|
|poke|p2|Indeedee-F, L50, F|
|poke|p2|Hatterene, L50, F|
|poke|p2|Gallade, L50, M|
|poke|p2|Ursaluna, L50, F|
|teampreview|4
|showteam|p1|Tyranitar||AssaultVest|SandStream|KnockOff,RockSlide,LowKick,TeraBlast|||F|||50|,,,,,Flying]Bronzong||MentalHerb|Levitate|TrickRoom,Gravity,Hypnosis,Protect||||||50|,,,,,Dark]Excadrill||ChoiceBand|SandRush|BrickBreak,IronHead,HighHorsepower,XScissor|||M|||50|,,,,,Dragon]Sinistcha-Masterpiece||SitrusBerry|Hospitality|MatchaGotcha,Protect,LifeDew,RagePowder||||||50|,,,,,Water]Incineroar||SafetyGoggles|Intimidate|FakeOut,FlareBlitz,PartingShot,Protect|||M|||50|,,,,,Ghost]Ursaluna||FlameOrb|Guts|Earthquake,Facade,CloseCombat,Protect|||F|||50|,,,,,Water
|showteam|p2|Torkoal||ChoiceSpecs|Drought|Eruption,HeatWave,EarthPower,WeatherBall|||F|||50|,,,,,Fire]Lilligant-Hisui||FocusSash|Chlorophyll|Protect,AfterYou,CloseCombat,SolarBlade|||F|||50|,,,,,Ghost]Indeedee-F||PsychicSeed|PsychicSurge|Psychic,HelpingHand,TrickRoom,FollowMe|||F|||50|,,,,,Water]Hatterene||LifeOrb|MagicBounce|Protect,ExpandingForce,DazzlingGleam,TrickRoom|||F|||50|,,,,,Fire]Gallade||ClearAmulet|Sharpness|SacredSword,PsychoCut,TrickRoom,WideGuard|||M|||50|,,,,,Grass]Ursaluna||FlameOrb|Guts|Protect,HeadlongRush,Earthquake,Facade|||F|||50|,,,,,Ghost
|inactive|Battle timer is ON: inactive players will automatically lose when time's up. (requested by Cotton999)
|inactive|ZilverZurfer has 60 seconds left.
|
|t:|1757629664
|teamsize|p1|4
|teamsize|p2|4
|start
|switch|p1a: Excadrill|Excadrill, L50, M|100/100
|switch|p1b: Incineroar|Incineroar, L50, M|100/100
|switch|p2a: Torkoal|Torkoal, L50, F|100/100
|switch|p2b: Lilligant|Lilligant-Hisui, L50, F|100/100
|-ability|p1b: Incineroar|Intimidate|boost
|-unboost|p2a: Torkoal|atk|1
|-unboost|p2b: Lilligant|atk|1
|-weather|SunnyDay|[from] ability: Drought|[of] p2a: Torkoal
|turn|1
|inactive|ZilverZurfer has 30 seconds left.
|inactive|ZilverZurfer has 20 seconds left.
|
|t:|1757629701
|switch|p1b: Tyranitar|Tyranitar, L50, F|100/100
|-weather|Sandstorm|[from] ability: Sand Stream|[of] p1b: Tyranitar
|switch|p2a: Ursaluna|Ursaluna, L50, F|100/100
|move|p2b: Lilligant|Protect|p2b: Lilligant
|-singleturn|p2b: Lilligant|Protect
|move|p1a: Excadrill|High Horsepower|p2a: Ursaluna
|-damage|p2a: Ursaluna|37/100
|
|-weather|Sandstorm|[upkeep]
|-damage|p2b: Lilligant|94/100|[from] Sandstorm
|-status|p2a: Ursaluna|brn|[from] item: Flame Orb
|upkeep
|turn|2
|inactive|ZilverZurfer has 30 seconds left.
|
|t:|1757629734
|switch|p2a: Torkoal|Torkoal, L50, F|100/100
|-weather|SunnyDay|[from] ability: Drought|[of] p2a: Torkoal
|-terastallize|p1b: Tyranitar|Flying
|move|p2b: Lilligant|Close Combat|p1a: Excadrill
|-supereffective|p1a: Excadrill
|-damage|p1a: Excadrill|0 fnt
|-unboost|p2b: Lilligant|def|1
|-unboost|p2b: Lilligant|spd|1
|faint|p1a: Excadrill
|move|p1b: Tyranitar|Tera Blast|p2b: Lilligant|[anim] Tera Blast Flying
|-supereffective|p2b: Lilligant
|-damage|p2b: Lilligant|0 fnt
|faint|p2b: Lilligant
|
|-weather|SunnyDay|[upkeep]
|upkeep
|
|t:|1757629754
|switch|p2b: Gallade|Gallade, L50, M|100/100
|switch|p1a: Incineroar|Incineroar, L50, M|100/100
|-ability|p1a: Incineroar|Intimidate|boost
|-unboost|p2a: Torkoal|atk|1
|-fail|p2b: Gallade|unboost|[from] item: Clear Amulet|[of] p2b: Gallade
|turn|3
|inactive|Cotton999 has 30 seconds left.
|
|t:|1757629781
|move|p1a: Incineroar|Fake Out|p2b: Gallade
|-damage|p2b: Gallade|86/100
|move|p1b: Tyranitar|Tera Blast|p2b: Gallade|[anim] Tera Blast Flying
|-supereffective|p2b: Gallade
|-damage|p2b: Gallade|0 fnt
|faint|p2b: Gallade
|move|p2a: Torkoal|Heat Wave|p1a: Incineroar|[spread] p1a,p1b
|-resisted|p1a: Incineroar
|-damage|p1a: Incineroar|78/100
|-damage|p1b: Tyranitar|62/100
|
|-weather|SunnyDay|[upkeep]
|upkeep
|
|t:|1757629791
|switch|p2b: Ursaluna|Ursaluna, L50, F|37/100 brn
|turn|4
|
|t:|1757629815
|-terastallize|p2b: Ursaluna|Ghost
|move|p1a: Incineroar|Parting Shot|p2a: Torkoal
|-unboost|p2a: Torkoal|atk|1
|-unboost|p2a: Torkoal|spa|1
|
|t:|1757629821
|switch|p1a: Sinistcha|Sinistcha-Masterpiece, L50|100/100|[from] Parting Shot
|-heal|p1b: Tyranitar|87/100|[from] ability: Hospitality|[of] p1a: Sinistcha
|move|p1b: Tyranitar|Knock Off|p2b: Ursaluna
|-supereffective|p2b: Ursaluna
|-damage|p2b: Ursaluna|0 fnt
|-enditem|p2b: Ursaluna|Flame Orb|[from] move: Knock Off|[of] p1b: Tyranitar
|faint|p2b: Ursaluna
|move|p2a: Torkoal|Heat Wave|p1a: Sinistcha|[spread] p1a,p1b
|-supereffective|p1a: Sinistcha
|-damage|p1a: Sinistcha|0 fnt
|-damage|p1b: Tyranitar|59/100
|faint|p1a: Sinistcha
|
|-weather|SunnyDay|[upkeep]
|upkeep
|
|t:|1757629833
|switch|p1a: Incineroar|Incineroar, L50, M|78/100
|-ability|p1a: Incineroar|Intimidate|boost
|-unboost|p2a: Torkoal|atk|1
|turn|5
|-message|ZilverZurfer forfeited.
|
|win|Cotton999
||ZilverZurfer is ready for game 3.
||Cotton999 is ready for game 3.
|uhtml|next|Next: Game 3 of 3
