|j|☆Dungx showdown
|j|☆KodeBeast0526
|html|Dungx showdownKodeBeast0526    
|uhtml|bestof|Game 2 of a best-of-3
|t:|1783393391
|gametype|doubles
|player|p1|Dungx showdown|miku-ghost|1176
|player|p2|KodeBeast0526|sailor|1111
|gen|9
|tier|[Gen 9 Champions] VGC 2026 Reg M-B (Bo3)
|rated|
|rule|Species Clause: Limit one of each Pokémon
|rule|Item Clause: Limit 1 of each item
|clearpoke
|poke|p1|Pelipper, L50, M|
|poke|p1|Archaludon, L50, M|
|poke|p1|Basculegion, L50, M|
|poke|p1|Dragonite, L50, F|
|poke|p1|Metagross, L50|
|poke|p1|Sableye, L50, M|
|poke|p2|Gengar, L50, F, shiny|
|poke|p2|Swampert, L50, F, shiny|
|poke|p2|Incineroar, L50, F, shiny|
|poke|p2|Politoed, L50, M, shiny|
|poke|p2|Archaludon, L50, M|
|poke|p2|Vivillon-Ocean, L50, M|
|teampreview|4
|showteam|p1|Pelipper||FocusSash|Drizzle|Tailwind,Protect,WeatherBall,Hurricane|Modest||M|||50|]Archaludon||Leftovers|Stamina|ElectroShot,Protect,FlashCannon,DragonPulse|Modest||M|||50|]Basculegion||LifeOrb|SwiftSwim|AquaJet,WaveCrash,Protect,LastRespects|Adamant||M|||50|]Dragonite||Dragoninite|InnerFocus|Hurricane,WeatherBall,Protect,DracoMeteor|Modest||F|||50|]Metagross||Metagrossite|ClearBody|PsychicFangs,Protect,MeteorMash,StompingTantrum|Adamant|||||50|]Sableye||RoseliBerry|Prankster|LightScreen,WillOWisp,FoulPlay,RainDance|Bold||M|||50|
|showteam|p2|Gengar||Gengarite|CursedBody|ShadowBall,PerishSong,SludgeBomb,Protect|Timid||F|||50|]Swampert||Swampertite|Torrent|WaveCrash,Earthquake,IcePunch,Protect|Adamant||F|||50|]Incineroar||PasshoBerry|Intimidate|ThroatChop,PartingShot,FakeOut,Protect|Sassy||F|||50|]Politoed||SitrusBerry|Drizzle|WeatherBall,PerishSong,Encore,Protect|Calm||M|||50|]Archaludon||Leftovers|Stamina|DragonPulse,FlashCannon,ElectroShot,Protect|Bold||M|||50|]Vivillon-Ocean||FocusSash|CompoundEyes|Hurricane,SleepPowder,RagePowder,Protect|Timid||M|||50|
|inactive|Battle timer is ON: inactive players will automatically lose when time's up. (requested by Dungx showdown)
|
|t:|1783393414
|teamsize|p1|4
|teamsize|p2|4
|start
|switch|p1a: Ultra neon|Metagross, L50|100/100
|switch|p1b: Recoil|Basculegion, L50, M|100/100
|switch|p2a: Archaludon|Archaludon, L50, M|100/100
|switch|p2b: Politoed|Politoed, L50, M, shiny|100/100
|-weather|RainDance|[from] ability: Drizzle|[of] p2b: Politoed
|turn|1
|inactive|Dungx showdown has 30 seconds left.
|
|t:|1783393441
|switch|p1b: Roblox|Archaludon, L50, M|100/100
|switch|p2b: Vivillon|Vivillon-Ocean, L50, M|100/100
|detailschange|p1a: Ultra neon|Metagross-Mega, L50
|-mega|p1a: Ultra neon|Metagross|Metagrossite
|move|p1a: Ultra neon|Psychic Fangs|p2b: Vivillon
|-enditem|p2b: Vivillon|Focus Sash
|-damage|p2b: Vivillon|1/100
|move|p2a: Archaludon|Electro Shot||[still]
|-prepare|p2a: Archaludon|Electro Shot
|-boost|p2a: Archaludon|spa|1
|-anim|p2a: Archaludon|Electro Shot|p1b: Roblox
|-resisted|p1b: Roblox|1
|-damage|p1b: Roblox|69/100
|-ability|p1b: Roblox|Stamina|boost
|-boost|p1b: Roblox|def|1
|
|-weather|RainDance|[upkeep]
|-heal|p1b: Roblox|75/100|[from] item: Leftovers
|upkeep
|turn|2
|
|t:|1783393463
|move|p2b: Vivillon|Rage Powder|p2b: Vivillon
|-singleturn|p2b: Vivillon|move: Rage Powder
|move|p1a: Ultra neon|Psychic Fangs|p2b: Vivillon
|-damage|p2b: Vivillon|0 fnt
|faint|p2b: Vivillon
|move|p2a: Archaludon|Electro Shot||[still]
|-prepare|p2a: Archaludon|Electro Shot
|-boost|p2a: Archaludon|spa|1
|-anim|p2a: Archaludon|Electro Shot|p1a: Ultra neon
|-damage|p1a: Ultra neon|27/100
|move|p1b: Roblox|Electro Shot||[still]
|-prepare|p1b: Roblox|Electro Shot
|-boost|p1b: Roblox|spa|1
|-anim|p1b: Roblox|Electro Shot|p2a: Archaludon
|-resisted|p2a: Archaludon|1
|-damage|p2a: Archaludon|66/100
|-ability|p2a: Archaludon|Stamina|boost
|-boost|p2a: Archaludon|def|1
|
|-weather|RainDance|[upkeep]
|-heal|p2a: Archaludon|72/100|[from] item: Leftovers
|-heal|p1b: Roblox|81/100|[from] item: Leftovers
|upkeep
|
|t:|1783393481
|switch|p2b: Swampert|Swampert, L50, F, shiny|100/100
|turn|3
|
|t:|1783393503
|detailschange|p2b: Swampert|Swampert-Mega, L50, F, shiny
|-mega|p2b: Swampert|Swampert|Swampertite
|move|p1a: Ultra neon|Protect|p1a: Ultra neon
|-singleturn|p1a: Ultra neon|Protect
|move|p2a: Archaludon|Protect|p2a: Archaludon
|-singleturn|p2a: Archaludon|Protect
|move|p1b: Roblox|Protect|p1b: Roblox
|-singleturn|p1b: Roblox|Protect
|move|p2b: Swampert|Earthquake|p1b: Roblox|[spread] 
|-activate|p2a: Archaludon|move: Protect
|-activate|p1a: Ultra neon|move: Protect
|-activate|p1b: Roblox|move: Protect
|
|-weather|RainDance|[upkeep]
|-heal|p2a: Archaludon|78/100|[from] item: Leftovers
|-heal|p1b: Roblox|87/100|[from] item: Leftovers
|upkeep
|turn|4
|
|t:|1783393526
|move|p2b: Swampert|Protect|p2b: Swampert
|-singleturn|p2b: Swampert|Protect
|move|p1a: Ultra neon|Stomping Tantrum|p2a: Archaludon
|-supereffective|p2a: Archaludon|1
|-damage|p2a: Archaludon|44/100
|-ability|p2a: Archaludon|Stamina|boost
|-boost|p2a: Archaludon|def|1
|move|p2a: Archaludon|Electro Shot||[still]
|-prepare|p2a: Archaludon|Electro Shot
|-boost|p2a: Archaludon|spa|1
|-anim|p2a: Archaludon|Electro Shot|p1a: Ultra neon
|-damage|p1a: Ultra neon|0 fnt
|faint|p1a: Ultra neon
|move|p1b: Roblox|Dragon Pulse|p2a: Archaludon
|-damage|p2a: Archaludon|0 fnt
|faint|p2a: Archaludon
|
|-weather|RainDance|[upkeep]
|-heal|p1b: Roblox|93/100|[from] item: Leftovers
|upkeep
|
|t:|1783393538
|switch|p1a: Sableye|Sableye, L50, M|100/100
|switch|p2a: Politoed|Politoed, L50, M, shiny|100/100
|turn|5
|
|t:|1783393548
|move|p1a: Sableye|Will-O-Wisp|p2b: Swampert
|-status|p2b: Swampert|brn
|move|p2b: Swampert|Earthquake|p1a: Sableye|[spread] p2a,p1a,p1b
|-supereffective|p1b: Roblox|1
|-damage|p2a: Politoed|77/100
|-damage|p1a: Sableye|71/100
|-damage|p1b: Roblox|72/100
|-ability|p1b: Roblox|Stamina|boost
|-boost|p1b: Roblox|def|1
|move|p1b: Roblox|Electro Shot||[still]
|-prepare|p1b: Roblox|Electro Shot
|-boost|p1b: Roblox|spa|1
|-anim|p1b: Roblox|Electro Shot|p2a: Politoed
|-supereffective|p2a: Politoed|1
|-damage|p2a: Politoed|0 fnt
|faint|p2a: Politoed
|
|-weather|none
|-heal|p1b: Roblox|78/100|[from] item: Leftovers
|-damage|p2b: Swampert|94/100 brn|[from] brn
|upkeep
|turn|6
|
|t:|1783393562
|move|p2b: Swampert|Earthquake|p1b: Roblox|[spread] p1a,p1b
|-supereffective|p1b: Roblox|1
|-damage|p1a: Sableye|46/100
|-damage|p1b: Roblox|59/100
|-ability|p1b: Roblox|Stamina|boost
|-boost|p1b: Roblox|def|1
|move|p1b: Roblox|Dragon Pulse|p2b: Swampert
|-damage|p2b: Swampert|17/100 brn
|move|p1a: Sableye|Foul Play|p2b: Swampert
|-damage|p2b: Swampert|0 fnt
|faint|p2b: Swampert
|
|win|Dungx showdown
|raw|Dungx showdown's rating: 1176 → 1196(+20 for winning)
|raw|KodeBeast0526's rating: 1111 → 1091(-20 for losing)
