|j|☆JakAttack101
|j|☆Mathos2
|html|JakAttack101Mathos2    
|uhtml|bestof|Game 1 of a best-of-3
|t:|1756818883
|gametype|doubles
|player|p1|JakAttack101|blaine|1080
|player|p2|Mathos2|marlon|1111
|gen|9
|tier|[Gen 9] VGC 2025 Reg H (Bo3)
|rated|
|rule|Species Clause: Limit one of each Pokémon
|rule|Item Clause: Limit 1 of each item
|clearpoke
|poke|p1|Ursaluna, L50, M|
|poke|p1|Gholdengo, L50|
|poke|p1|Porygon2, L50|
|poke|p1|Amoonguss, L50, M|
|poke|p1|Incineroar, L50, F|
|poke|p1|Hydreigon, L50, M|
|poke|p2|Grafaiai, L50, M|
|poke|p2|Garchomp, L50, F|
|poke|p2|Incineroar, L50, M|
|poke|p2|Annihilape, L50, M|
|poke|p2|Ninetales-Alola, L50, F|
|poke|p2|Vivillon, L50, F|
|teampreview|4
|showteam|p1|Ursaluna||FlameOrb|Guts|Facade,Earthquake,HeadlongRush,Protect|||M|||50|,,,,,Ghost]Gholdengo||LifeOrb|GoodasGold|MakeItRain,ShadowBall,NastyPlot,Protect||||||50|,,,,,Water]Porygon2||Eviolite|Download|TeraBlast,IceBeam,Recover,TrickRoom||||||50|,,,,,Fighting]Amoonguss||CovertCloak|Regenerator|PollenPuff,ClearSmog,RagePowder,Spore|||M|||50|,,,,,Water]Incineroar||SitrusBerry|Intimidate|FakeOut,FlareBlitz,KnockOff,PartingShot|||F|||50|,,,,,Ghost]Hydreigon||SafetyGoggles|Levitate|DracoMeteor,Snarl,Tailwind,Protect|||M|||50|,,,,,Ghost
|showteam|p2|Grafaiai||CovertCloak|Prankster|Doodle,Taunt,Protect,FoulPlay|||M|||50|,,,,,Dark]Garchomp||LifeOrb|RoughSkin|DragonClaw,Earthquake,StompingTantrum,Protect|||F|||50|,,,,,Ground]Incineroar||SitrusBerry|Intimidate|FakeOut,FlareBlitz,KnockOff,PartingShot|||M|||50|,,,,,Grass]Annihilape||ChoiceScarf|Defiant|FinalGambit,CloseCombat,RageFist,Uturn|||M|||50|,,,,,Stellar]Ninetales-Alola||ChoiceSpecs|SnowWarning|Blizzard,Moonblast,IcyWind,FreezeDry|||F|||50|,,,,,Water]Vivillon||FocusSash|CompoundEyes|Hurricane,Tailwind,SleepPowder,Protect|||F|||50|,,,,,Ghost
|inactive|Battle timer is ON: inactive players will automatically lose when time's up. (requested by JakAttack101)
|
|t:|1756818933
|teamsize|p1|4
|teamsize|p2|4
|start
|switch|p1a: Hydreigon|Hydreigon, L50, M|100/100
|switch|p1b: Gholdengo|Gholdengo, L50|100/100
|switch|p2a: Incineroar|Incineroar, L50, M|100/100
|switch|p2b: Annihilape|Annihilape, L50, M|100/100
|-ability|p2a: Incineroar|Intimidate|boost
|-unboost|p1a: Hydreigon|atk|1
|-unboost|p1b: Gholdengo|atk|1
|turn|1
|
|t:|1756818950
|move|p1a: Hydreigon|Protect|p1a: Hydreigon
|-singleturn|p1a: Hydreigon|Protect
|move|p2a: Incineroar|Fake Out|p1a: Hydreigon
|-activate|p1a: Hydreigon|move: Protect
|move|p2b: Annihilape|U-turn|p1b: Gholdengo
|-resisted|p1b: Gholdengo
|-damage|p1b: Gholdengo|95/100
|
|t:|1756818959
|switch|p2b: Grafaiai|Grafaiai, L50, M|100/100|[from] U-turn
|move|p1b: Gholdengo|Shadow Ball|p2b: Grafaiai
|-immune|p2b: Grafaiai
|
|upkeep
|turn|2
|
|t:|1756818979
|switch|p2b: Annihilape|Annihilape, L50, M|100/100
|-terastallize|p1b: Gholdengo|Water
|move|p1a: Hydreigon|Draco Meteor|p2a: Incineroar
|-damage|p2a: Incineroar|45/100
|-unboost|p1a: Hydreigon|spa|2
|-enditem|p2a: Incineroar|Sitrus Berry|[eat]
|-heal|p2a: Incineroar|70/100|[from] item: Sitrus Berry
|move|p1b: Gholdengo|Nasty Plot|p1b: Gholdengo
|-boost|p1b: Gholdengo|spa|2
|move|p2a: Incineroar|Parting Shot|p1a: Hydreigon
|-unboost|p1a: Hydreigon|atk|1
|-unboost|p1a: Hydreigon|spa|1
|
|t:|1756818995
|switch|p2a: Garchomp|Garchomp, L50, F|100/100|[from] Parting Shot
|
|upkeep
|turn|3
|inactive|JakAttack101 has 30 seconds left.
|inactive|Mathos2 has 30 seconds left.
|inactive|JakAttack101 has 20 seconds left.
|
|t:|1756819032
|move|p1b: Gholdengo|Protect|p1b: Gholdengo
|-singleturn|p1b: Gholdengo|Protect
|move|p2b: Annihilape|Close Combat|p1b: Gholdengo
|-activate|p1b: Gholdengo|move: Protect
|move|p2a: Garchomp|Dragon Claw|p1a: Hydreigon
|-supereffective|p1a: Hydreigon
|-damage|p1a: Hydreigon|0 fnt
|faint|p1a: Hydreigon
|-damage|p2a: Garchomp|91/100|[from] item: Life Orb
|
|upkeep
|
|t:|1756819043
|switch|p1a: Amoonguss|Amoonguss, L50, M|100/100
|turn|4
|
|t:|1756819063
|switch|p2b: Incineroar|Incineroar, L50, M|70/100
|-ability|p2b: Incineroar|Intimidate|boost
|-unboost|p1a: Amoonguss|atk|1
|-unboost|p1b: Gholdengo|atk|1
|move|p2a: Garchomp|Protect|p2a: Garchomp
|-singleturn|p2a: Garchomp|Protect
|move|p1a: Amoonguss|Rage Powder|p1a: Amoonguss
|-singleturn|p1a: Amoonguss|move: Rage Powder
|move|p1b: Gholdengo|Make It Rain|p2b: Incineroar|[spread] p2b
|-activate|p2a: Garchomp|move: Protect
|-resisted|p2b: Incineroar
|-damage|p2b: Incineroar|19/100
|-unboost|p1b: Gholdengo|spa|1
|-damage|p1b: Gholdengo|86/100|[from] item: Life Orb
|
|upkeep
|turn|5
|inactive|Mathos2 has 30 seconds left.
|
|t:|1756819094
|move|p1b: Gholdengo|Protect|p1b: Gholdengo
|-singleturn|p1b: Gholdengo|Protect
|move|p2a: Garchomp|Earthquake|p1a: Amoonguss|[spread] p2b,p1a
|-activate|p1b: Gholdengo|move: Protect
|-supereffective|p2b: Incineroar
|-damage|p2b: Incineroar|0 fnt
|-damage|p1a: Amoonguss|55/100
|faint|p2b: Incineroar
|-damage|p2a: Garchomp|81/100|[from] item: Life Orb
|move|p1a: Amoonguss|Spore|p2a: Garchomp
|-status|p2a: Garchomp|slp|[from] move: Spore
|
|upkeep
|
|t:|1756819105
|switch|p2b: Annihilape|Annihilape, L50, M|100/100
|turn|6
|
|t:|1756819119
|cant|p2a: Garchomp|slp
|move|p1a: Amoonguss|Rage Powder|p1a: Amoonguss
|-singleturn|p1a: Amoonguss|move: Rage Powder
|move|p2b: Annihilape|Final Gambit|p1a: Amoonguss
|-damage|p1a: Amoonguss|0 fnt
|faint|p2b: Annihilape
|faint|p1a: Amoonguss
|move|p1b: Gholdengo|Make It Rain|p2a: Garchomp
|-damage|p2a: Garchomp|0 fnt
|-unboost|p1b: Gholdengo|spa|1
|faint|p2a: Garchomp
|-damage|p1b: Gholdengo|76/100|[from] item: Life Orb
|
|upkeep
|-message|Mathos2 forfeited.
|
|win|JakAttack101
|l|☆Mathos2
|player|p2|
|raw|JakAttack101's rating: 1080 → 1110(+30 for winning)
|raw|Mathos2's rating: 1111 → 1084(-27 for losing)
