|j|☆Jacrepid
|j|☆falafeeeel
|html|Jacrepidfalafeeeel    
|uhtml|bestof|Game 1 of a best-of-3
|t:|1785434110
|gametype|doubles
|player|p1|Jacrepid|fisherman|1049
|player|p2|falafeeeel|ghetsis|1182
|gen|9
|tier|[Gen 9 Champions] VGC 2026 Reg M-B (Bo3)
|rated|
|rule|Species Clause: Limit one of each Pokémon
|rule|Item Clause: Limit 1 of each item
|clearpoke
|poke|p1|Metagross, L50, shiny|
|poke|p1|Charizard, L50, M, shiny|
|poke|p1|Incineroar, L50, M, shiny|
|poke|p1|Garchomp, L50, M, shiny|
|poke|p1|Hydreigon, L50, M, shiny|
|poke|p1|Whimsicott, L50, F|
|poke|p2|Venusaur, L50, F, shiny|
|poke|p2|Dragonite, L50, F|
|poke|p2|Gholdengo, L50, shiny|
|poke|p2|Samurott-Hisui, L50, M|
|poke|p2|Raichu, L50, M|
|poke|p2|Whimsicott, L50, M|
|teampreview|4
|showteam|p1|Metagross||Metagrossite|ClearBody|IronHead,PsychicFangs,BodyPress,Protect|Jolly|||||50|]Charizard||CharizarditeY|Blaze|HeatWave,WeatherBall,SolarBeam,Protect|Timid||M|||50|]Incineroar||SitrusBerry|Intimidate|FlareBlitz,ThroatChop,FakeOut,PartingShot|Impish||M|||50|]Garchomp||LifeOrb|RoughSkin|Earthquake,DragonClaw,RockSlide,Protect|Jolly||M|||50|]Hydreigon||ChoiceScarf|Levitate|DracoMeteor,DarkPulse,Snarl,HeatWave|Modest||M|||50|]Whimsicott||FocusSash|Prankster|Tailwind,Encore,Protect,Moonblast|Timid||F|||50|
|showteam|p2|Venusaur||Venusaurite|Chlorophyll|GigaDrain,SludgeBomb,EarthPower,Protect|Modest||F|||50|]Dragonite||LifeOrb|Multiscale|DragonClaw,LowKick,ExtremeSpeed,Protect|Adamant||F|||50|]Gholdengo||Leftovers|GoodasGold|MakeItRain,ShadowBall,NastyPlot,Protect|Modest|||||50|]Samurott-Hisui||FocusSash|Sharpness|AquaCutter,CeaselessEdge,AquaJet,Detect|Adamant||M|||50|]Raichu||RaichuniteY|LightningRod|FakeOut,ZapCannon,FocusBlast,Protect|Timid||M|||50|]Whimsicott||FairyFeather|Prankster|Tailwind,Moonblast,Encore,Protect|Timid||M|||50|
|inactive|Battle timer is ON: inactive players will automatically lose when time's up. (requested by falafeeeel)
|inactive|Jacrepid has 60 seconds left.
|inactive|falafeeeel has 60 seconds left.
|
|t:|1785434144
|teamsize|p1|4
|teamsize|p2|4
|start
|switch|p1a: Steven|Metagross, L50, shiny|100/100
|switch|p1b: Triple Kelp|Hydreigon, L50, M, shiny|100/100
|switch|p2a: Raichu|Raichu, L50, M|100/100
|switch|p2b: Whimsicott|Whimsicott, L50, M|100/100
|turn|1
|
|t:|1785434163
|detailschange|p2a: Raichu|Raichu-Mega-Y, L50, M
|-mega|p2a: Raichu|Raichu|Raichunite Y
|detailschange|p1a: Steven|Metagross-Mega, L50, shiny
|-mega|p1a: Steven|Metagross|Metagrossite
|move|p2a: Raichu|Fake Out|p1a: Steven
|-resisted|p1a: Steven|1
|-damage|p1a: Steven|96/100
|move|p2b: Whimsicott|Tailwind|p2b: Whimsicott
|-sidestart|p2: falafeeeel|move: Tailwind
|move|p1b: Triple Kelp|Heat Wave|p2b: Whimsicott|[spread] p2a,p2b
|-supereffective|p2b: Whimsicott|1
|-damage|p2a: Raichu|62/100
|-damage|p2b: Whimsicott|8/100
|cant|p1a: Steven|flinch
|
|upkeep
|turn|2
|
|t:|1785434182
|move|p2a: Raichu|Zap Cannon|p1a: Steven
|-damage|p1a: Steven|19/100
|-status|p1a: Steven|par
|move|p2b: Whimsicott|Moonblast|p1b: Triple Kelp
|-supereffective|p1b: Triple Kelp|2
|-damage|p1b: Triple Kelp|0 fnt
|faint|p1b: Triple Kelp
|move|p1a: Steven|Psychic Fangs|p2a: Raichu
|-damage|p2a: Raichu|0 fnt
|faint|p2a: Raichu
|
|upkeep
|
|t:|1785434199
|switch|p2a: Samurott|Samurott-Hisui, L50, M|100/100
|switch|p1b: Whimsicott|Whimsicott, L50, F|100/100
|turn|3
|
|t:|1785434218
|move|p1b: Whimsicott|Protect|p1b: Whimsicott
|-singleturn|p1b: Whimsicott|Protect
|move|p1a: Steven|Protect|p1a: Steven
|-singleturn|p1a: Steven|Protect
|move|p2b: Whimsicott|Encore|p1a: Steven
|-activate|p1a: Steven|move: Protect
|move|p2a: Samurott|Aqua Cutter|p1b: Whimsicott
|-activate|p1b: Whimsicott|move: Protect
|
|upkeep
|turn|4
|
|t:|1785434232
|switch|p1b: Jarrkhan|Garchomp, L50, M, shiny|100/100
|move|p2b: Whimsicott|Encore||[still]
|-fail|p2b: Whimsicott
|move|p2a: Samurott|Aqua Cutter|p1a: Steven
|-damage|p1a: Steven|0 fnt
|faint|p1a: Steven
|
|-sideend|p2: falafeeeel|move: Tailwind
|upkeep
|
|t:|1785434238
|switch|p1a: Whimsicott|Whimsicott, L50, F|100/100
|turn|5
|
|t:|1785434247
|move|p2b: Whimsicott|Tailwind|p2b: Whimsicott
|-sidestart|p2: falafeeeel|move: Tailwind
|move|p1a: Whimsicott|Tailwind|p1a: Whimsicott
|-sidestart|p1: Jacrepid|move: Tailwind
|move|p1b: Jarrkhan|Earthquake|p2b: Whimsicott|[spread] p1a,p2a,p2b
|-resisted|p1a: Whimsicott|1
|-crit|p1a: Whimsicott
|-resisted|p2b: Whimsicott|1
|-damage|p1a: Whimsicott|51/100
|-damage|p2a: Samurott|31/100
|-damage|p2b: Whimsicott|0 fnt
|faint|p2b: Whimsicott
|-damage|p1b: Jarrkhan|90/100|[from] item: Life Orb
|move|p2a: Samurott|Aqua Cutter|p1b: Jarrkhan
|-damage|p1b: Jarrkhan|35/100
|
|upkeep
|
|t:|1785434250
|switch|p2b: Dragonite|Dragonite, L50, F|100/100
|turn|6
|
|t:|1785434264
|move|p2a: Samurott|Detect|p2a: Samurott
|-singleturn|p2a: Samurott|Protect
|move|p2b: Dragonite|Protect|p2b: Dragonite
|-singleturn|p2b: Dragonite|Protect
|move|p1a: Whimsicott|Moonblast|p2b: Dragonite
|-activate|p2b: Dragonite|move: Protect
|move|p1b: Jarrkhan|Rock Slide|p2a: Samurott|[spread] 
|-activate|p2a: Samurott|move: Protect
|-activate|p2b: Dragonite|move: Protect
|
|upkeep
|turn|7
|
|t:|1785434277
|move|p2b: Dragonite|Extreme Speed|p1b: Jarrkhan
|-crit|p1b: Jarrkhan
|-damage|p1b: Jarrkhan|0 fnt
|-damage|p2b: Dragonite|87/100|[from] ability: Rough Skin|[of] p1b: Jarrkhan
|faint|p1b: Jarrkhan
|-damage|p2b: Dragonite|77/100|[from] item: Life Orb
|move|p2a: Samurott|Aqua Jet|p1a: Whimsicott
|-resisted|p1a: Whimsicott|1
|-damage|p1a: Whimsicott|40/100
|move|p1a: Whimsicott|Moonblast|p2b: Dragonite
|-supereffective|p2b: Dragonite|1
|-crit|p2b: Dragonite
|-damage|p2b: Dragonite|0 fnt
|faint|p2b: Dragonite
|
|upkeep
|turn|8
|
|t:|1785434293
|move|p1a: Whimsicott|Moonblast|p2a: Samurott
|-supereffective|p2a: Samurott|1
|-damage|p2a: Samurott|0 fnt
|faint|p2a: Samurott
|
|win|Jacrepid
