|j|☆al.fo1234
|j|☆magicalarcher57
|html|al.fo1234magicalarcher57    
|uhtml|bestof|Game 1 of a best-of-3
|t:|1784822571
|gametype|doubles
|player|p1|al.fo1234|acetrainer-gen4dp|1230
|player|p2|magicalarcher57|diantha|1160
|gen|9
|tier|[Gen 9 Champions] VGC 2026 Reg M-B (Bo3)
|rated|
|rule|Species Clause: Limit one of each Pokémon
|rule|Item Clause: Limit 1 of each item
|clearpoke
|poke|p1|Charizard, L50, M, shiny|
|poke|p1|Venusaur, L50, F|
|poke|p1|Sylveon, L50, F|
|poke|p1|Farigiraf, L50, F|
|poke|p1|Incineroar, L50, F|
|poke|p1|Garchomp, L50, F|
|poke|p2|Sneasler, L50, F|
|poke|p2|Garchomp, L50, M|
|poke|p2|Aerodactyl, L50, F|
|poke|p2|Charizard, L50, F|
|poke|p2|Venusaur, L50, F|
|poke|p2|Kingambit, L50, M|
|teampreview|4
|showteam|p1|Charizard||CharizarditeY|Blaze|Protect,WeatherBall,HeatWave,HelpingHand|Modest||M|||50|]Venusaur||FocusSash|Chlorophyll|SludgeBomb,SolarBeam,EarthPower,Protect|Modest||F|||50|]Sylveon||FairyFeather|Pixilate|Protect,Psychic,HyperVoice,Yawn|Modest||F|||50|]Farigiraf||ColburBerry|ArmorTail|TrickRoom,Thunderbolt,Protect,PsychicNoise|Sassy||F|||50|]Incineroar||Charcoal|Intimidate|PartingShot,FlareBlitz,ThroatChop,FakeOut|Brave||F|||50|]Garchomp||LifeOrb|RoughSkin|Protect,Earthquake,RockSlide,DragonClaw|Jolly||F|||50|
|showteam|p2|Sneasler||WhiteHerb|Unburden|FakeOut,CloseCombat,DireClaw,Protect|Adamant||F|||50|]Garchomp||LifeOrb|RoughSkin|Earthquake,StompingTantrum,DragonClaw,Protect|Jolly||M|||50|]Aerodactyl||Aerodactylite|Unnerve|RockSlide,WideGuard,Tailwind,IceFang|Jolly||F|||50|]Charizard||CharizarditeY|Blaze|HeatWave,WeatherBall,SolarBeam,Protect|Modest||F|||50|]Venusaur||FocusSash|Chlorophyll|SolarBeam,SludgeBomb,Protect,EarthPower|Modest||F|||50|]Kingambit||BlackGlasses|Defiant|LowKick,KowtowCleave,SuckerPunch,Protect|Adamant||M|||50|
|inactive|Battle timer is ON: inactive players will automatically lose when time's up. (requested by magicalarcher57)
|inactive|al.fo1234 has 60 seconds left.
|inactive|al.fo1234 has 30 seconds left.
|
|t:|1784822633
|teamsize|p1|4
|teamsize|p2|4
|start
|switch|p1a: Incineroar|Incineroar, L50, F|100/100
|switch|p1b: Farigiraf|Farigiraf, L50, F|100/100
|switch|p2a: Aerodactyl|Aerodactyl, L50, F|100/100
|switch|p2b: Sneasler|Sneasler, L50, F|100/100
|-ability|p2a: Aerodactyl|Unnerve
|-ability|p1a: Incineroar|Intimidate|boost
|-unboost|p2a: Aerodactyl|atk|1
|-unboost|p2b: Sneasler|atk|1
|-enditem|p2b: Sneasler|White Herb
|-clearnegativeboost|p2b: Sneasler|[silent]
|turn|1
|
|t:|1784822649
|detailschange|p2a: Aerodactyl|Aerodactyl-Mega, L50, F
|-mega|p2a: Aerodactyl|Aerodactyl|Aerodactylite
|move|p1a: Incineroar|Fake Out|p2a: Aerodactyl
|-resisted|p2a: Aerodactyl|1
|-damage|p2a: Aerodactyl|91/100
|move|p2b: Sneasler|Close Combat|p1a: Incineroar
|-supereffective|p1a: Incineroar|1
|-damage|p1a: Incineroar|0 fnt
|-unboost|p2b: Sneasler|def|1
|-unboost|p2b: Sneasler|spd|1
|faint|p1a: Incineroar
|cant|p2a: Aerodactyl|flinch
|move|p1b: Farigiraf|Trick Room|p1b: Farigiraf
|-fieldstart|move: Trick Room|[of] p1b: Farigiraf
|
|upkeep
|
|t:|1784822663
|switch|p1a: Sylveon|Sylveon, L50, F|100/100
|turn|2
|
|t:|1784822679
|move|p2b: Sneasler|Protect|p2b: Sneasler
|-singleturn|p2b: Sneasler|Protect
|move|p1b: Farigiraf|Thunderbolt|p2a: Aerodactyl
|-supereffective|p2a: Aerodactyl|1
|-damage|p2a: Aerodactyl|31/100
|move|p1a: Sylveon|Psychic|p2b: Sneasler
|-activate|p2b: Sneasler|move: Protect
|move|p2a: Aerodactyl|Rock Slide|p1b: Farigiraf|[spread] p1a,p1b
|-damage|p1a: Sylveon|81/100
|-damage|p1b: Farigiraf|80/100
|
|upkeep
|turn|3
|inactive|al.fo1234 has 30 seconds left.
|
|t:|1784822704
|switch|p2a: Venusaur|Venusaur, L50, F|100/100
|switch|p2b: Garchomp|Garchomp, L50, M|100/100
|move|p1b: Farigiraf|Thunderbolt|p2b: Garchomp
|-immune|p2b: Garchomp
|move|p1a: Sylveon|Yawn|p2b: Garchomp
|-start|p2b: Garchomp|move: Yawn|[of] p1a: Sylveon
|
|upkeep
|turn|4
|inactive|magicalarcher57 has 30 seconds left.
|
|t:|1784822734
|switch|p2b: Sneasler|Sneasler, L50, F|100/100
|move|p1b: Farigiraf|Psychic Noise|p2a: Venusaur
|-supereffective|p2a: Venusaur|1
|-damage|p2a: Venusaur|37/100
|-start|p2a: Venusaur|move: Heal Block
|move|p1a: Sylveon|Hyper Voice|p2b: Sneasler|[spread] p2a,p2b
|-resisted|p2a: Venusaur|1
|-damage|p2a: Venusaur|10/100
|-damage|p2b: Sneasler|34/100
|move|p2a: Venusaur|Sludge Bomb|p1a: Sylveon
|-supereffective|p1a: Sylveon|1
|-damage|p1a: Sylveon|22/100
|
|upkeep
|turn|5
|inactive|al.fo1234 has 30 seconds left.
|inactive|magicalarcher57 has 30 seconds left.
|
|t:|1784822762
|switch|p1b: Charizard|Charizard, L50, M, shiny|100/100
|move|p2a: Venusaur|Protect|p2a: Venusaur
|-singleturn|p2a: Venusaur|Protect
|move|p2b: Sneasler|Protect|p2b: Sneasler
|-singleturn|p2b: Sneasler|Protect
|move|p1a: Sylveon|Hyper Voice|p2b: Sneasler|[spread] 
|-activate|p2a: Venusaur|move: Protect
|-activate|p2b: Sneasler|move: Protect
|
|-end|p2a: Venusaur|move: Heal Block
|-fieldend|move: Trick Room
|upkeep
|turn|6
|
|t:|1784822784
|switch|p1a: Farigiraf|Farigiraf, L50, F|80/100
|move|p2b: Sneasler|Dire Claw|p1a: Farigiraf
|-damage|p1a: Farigiraf|38/100
|move|p2a: Venusaur|Sludge Bomb|p1b: Charizard
|-damage|p1b: Charizard|48/100
|move|p1b: Charizard|Heat Wave|p2a: Venusaur|[spread] p2a,p2b
|-supereffective|p2a: Venusaur|1
|-damage|p2a: Venusaur|0 fnt
|-damage|p2b: Sneasler|0 fnt
|faint|p2a: Venusaur
|faint|p2b: Sneasler
|
|upkeep
|
|t:|1784822794
|switch|p2b: Garchomp|Garchomp, L50, M|100/100
|switch|p2a: Aerodactyl|Aerodactyl-Mega, L50, F|31/100
|turn|7
|
|t:|1784822811
|detailschange|p1b: Charizard|Charizard-Mega-Y, L50, M, shiny
|-mega|p1b: Charizard|Charizard|Charizardite Y
|-weather|SunnyDay|[from] ability: Drought|[of] p1b: Charizard
|move|p2a: Aerodactyl|Rock Slide|p1b: Charizard|[spread] p1b
|-miss|p2a: Aerodactyl|p1a: Farigiraf
|-supereffective|p1b: Charizard|2
|-damage|p1b: Charizard|0 fnt
|faint|p1b: Charizard
|move|p2b: Garchomp|Earthquake|p1a: Farigiraf|[spread] p1a
|-immune|p2a: Aerodactyl
|-damage|p1a: Farigiraf|0 fnt
|faint|p1a: Farigiraf
|-damage|p2b: Garchomp|90/100|[from] item: Life Orb
|
|-weather|SunnyDay|[upkeep]
|upkeep
|-message|al.fo1234 forfeited.
|
|win|magicalarcher57
