|j|☆Soratami
|j|☆wester7
|html|Soratamiwester7    
|uhtml|bestof|Game 1 of a best-of-3
|t:|1757735957
|gametype|doubles
|player|p1|Soratami|ethan|1235
|player|p2|wester7|1|1110
|gen|9
|tier|[Gen 9] VGC 2025 Reg H (Bo3)
|rated|
|rule|Species Clause: Limit one of each Pokémon
|rule|Item Clause: Limit 1 of each item
|clearpoke
|poke|p1|Pelipper, L50, F|
|poke|p1|Blastoise, L50, M|
|poke|p1|Sneasler, L50, M|
|poke|p1|Archaludon, L50, M|
|poke|p1|Electabuzz, L50, F|
|poke|p1|Rillaboom, L50, F|
|poke|p2|Orthworm, L50, M|
|poke|p2|Ursaluna, L50, M|
|poke|p2|Dragonite, L50, F|
|poke|p2|Ninetales-Alola, L50, F|
|poke|p2|Incineroar, L50, F|
|poke|p2|Rabsca, L50, F|
|teampreview|4
|showteam|p1|Pelipper||FocusSash|Drizzle|Hurricane,Tailwind,WeatherBall,WideGuard|||F|||50|,,,,,Steel]Blastoise||MysticWater|RainDish|HydroPump,ShellSmash,WaterSpout,Protect|||M|||50|,,,,,Water]Sneasler||GrassySeed|Unburden|DireClaw,CloseCombat,FakeOut,Protect|||M|||50|,,,,,Fairy]Archaludon||AssaultVest|Stamina|BodyPress,ElectroShot,DracoMeteor,FlashCannon|||M|||50|,,,,,Grass]Electabuzz||Eviolite|VitalSpirit|FollowMe,ThunderWave,Thunderbolt,Taunt|||F|||50|,,,,,Ghost]Rillaboom||MiracleSeed|GrassySurge|FakeOut,GrassyGlide,WoodHammer,HighHorsepower|||F|||50|,,,,,Fire
|showteam|p2|Orthworm||SitrusBerry|EarthEater|HeavySlam,ShedTail,BodyPress,Protect|||M|||50|,,,,,Poison]Ursaluna||FlameOrb|Guts|Facade,Earthquake,HeadlongRush,Protect|||M|||50|,,,,,Ghost]Dragonite||LoadedDice|Multiscale|ScaleShot,Tailwind,Haze,Protect|||F|||50|,,,,,Fairy]Ninetales-Alola||FocusSash|SnowWarning|AuroraVeil,Blizzard,Moonblast,Protect|||F|||50|,,,,,Ice]Incineroar||AssaultVest|Intimidate|FakeOut,FlareBlitz,KnockOff,Uturn|||F|||50|,,,,,Grass]Rabsca||SafetyGoggles|Telepathy|TrickRoom,RevivalBlessing,EarthPower,Psychic|||F|||50|,,,,,Ground
|inactive|Battle timer is ON: inactive players will automatically lose when time's up. (requested by Soratami)
|inactive|wester7 has 60 seconds left.
|inactive|wester7 has 30 seconds left.
|inactive|wester7 has 20 seconds left.
|inactive|wester7 has 15 seconds left.
|inactive|wester7 has 10 seconds left.
|
|t:|1757736041
|teamsize|p1|4
|teamsize|p2|4
|start
|switch|p1a: Electabuzz|Electabuzz, L50, F|100/100
|switch|p1b: Blastoise|Blastoise, L50, M|100/100
|switch|p2a: Rabsca|Rabsca, L50, F|100/100
|switch|p2b: Incineroar|Incineroar, L50, F|100/100
|-ability|p2b: Incineroar|Intimidate|boost
|-unboost|p1a: Electabuzz|atk|1
|-unboost|p1b: Blastoise|atk|1
|turn|1
|
|t:|1757736059
|-terastallize|p1a: Electabuzz|Ghost
|move|p2b: Incineroar|Fake Out|p1b: Blastoise
|-damage|p1b: Blastoise|89/100
|move|p1a: Electabuzz|Taunt|p2a: Rabsca
|-start|p2a: Rabsca|move: Taunt
|cant|p1b: Blastoise|flinch
|move|p2a: Rabsca|Earth Power|p1a: Electabuzz
|-damage|p1a: Electabuzz|80/100
|
|upkeep
|turn|2
|inactive|wester7 has 30 seconds left.
|inactive|wester7 has 20 seconds left.
|
|t:|1757736098
|switch|p2a: Dragonite|Dragonite, L50, F|100/100
|move|p1a: Electabuzz|Follow Me|p1a: Electabuzz
|-singleturn|p1a: Electabuzz|move: Follow Me
|move|p1b: Blastoise|Shell Smash|p1b: Blastoise
|-unboost|p1b: Blastoise|def|1
|-unboost|p1b: Blastoise|spd|1
|-boost|p1b: Blastoise|atk|2
|-boost|p1b: Blastoise|spa|2
|-boost|p1b: Blastoise|spe|2
|move|p2b: Incineroar|Knock Off|p1a: Electabuzz
|-supereffective|p1a: Electabuzz
|-damage|p1a: Electabuzz|19/100
|-enditem|p1a: Electabuzz|Eviolite|[from] move: Knock Off|[of] p2b: Incineroar
|
|upkeep
|turn|3
|
|t:|1757736117
|move|p1a: Electabuzz|Follow Me|p1a: Electabuzz
|-singleturn|p1a: Electabuzz|move: Follow Me
|move|p1b: Blastoise|Water Spout|p2a: Dragonite|[spread] p2a,p2b
|-resisted|p2a: Dragonite
|-supereffective|p2b: Incineroar
|-damage|p2a: Dragonite|71/100
|-damage|p2b: Incineroar|0 fnt
|faint|p2b: Incineroar
|move|p2a: Dragonite|Scale Shot|p1a: Electabuzz
|-damage|p1a: Electabuzz|1/100
|-damage|p1a: Electabuzz|0 fnt
|faint|p1a: Electabuzz
|-hitcount|p1: Electabuzz|2
|-unboost|p2a: Dragonite|def|1
|-boost|p2a: Dragonite|spe|1
|
|upkeep
|
|t:|1757736130
|switch|p1a: Pelipper|Pelipper, L50, F|100/100
|switch|p2b: Rabsca|Rabsca, L50, F|100/100
|-weather|RainDance|[from] ability: Drizzle|[of] p1a: Pelipper
|turn|4
|inactive|wester7 has 30 seconds left.
|
|t:|1757736161
|switch|p2b: Ninetales|Ninetales-Alola, L50, F|100/100
|-weather|Snowscape|[from] ability: Snow Warning|[of] p2b: Ninetales
|move|p1b: Blastoise|Water Spout|p2b: Ninetales|[spread] p2a,p2b
|-resisted|p2a: Dragonite
|-damage|p2a: Dragonite|20/100
|-enditem|p2b: Ninetales|Focus Sash
|-damage|p2b: Ninetales|1/100
|move|p2a: Dragonite|Scale Shot|p1b: Blastoise
|-damage|p1b: Blastoise|67/100
|-damage|p1b: Blastoise|44/100
|-damage|p1b: Blastoise|23/100
|-damage|p1b: Blastoise|0 fnt
|faint|p1b: Blastoise
|-hitcount|p1: Blastoise|4
|-unboost|p2a: Dragonite|def|1
|-boost|p2a: Dragonite|spe|1
|move|p1a: Pelipper|Tailwind|p1a: Pelipper
|-sidestart|p1: Soratami|move: Tailwind
|
|-weather|Snowscape|[upkeep]
|upkeep
|
|t:|1757736181
|switch|p1b: Archaludon|Archaludon, L50, M|100/100
|turn|5
|inactive|wester7 has 30 seconds left.
|
|t:|1757736207
|move|p2a: Dragonite|Tailwind|p2a: Dragonite
|-sidestart|p2: wester7|move: Tailwind
|move|p2b: Ninetales|Blizzard|p1a: Pelipper|[spread] p1a,p1b
|-damage|p1a: Pelipper|49/100
|-damage|p1b: Archaludon|79/100
|-ability|p1b: Archaludon|Stamina|boost
|-boost|p1b: Archaludon|def|1
|move|p1a: Pelipper|Weather Ball|p2a: Dragonite
|-supereffective|p2a: Dragonite
|-damage|p2a: Dragonite|0 fnt
|faint|p2a: Dragonite
|move|p1b: Archaludon|Flash Cannon|p2b: Ninetales
|-supereffective|p2b: Ninetales
|-damage|p2b: Ninetales|0 fnt
|faint|p2b: Ninetales
|
|-weather|Snowscape|[upkeep]
|upkeep
|
|t:|1757736216
|switch|p2a: Rabsca|Rabsca, L50, F|100/100
|turn|6
|inactive|Soratami has 30 seconds left.
|
|t:|1757736242
|-terastallize|p2a: Rabsca|Ground
|move|p1a: Pelipper|Hurricane|p2a: Rabsca|[miss]
|-miss|p1a: Pelipper|p2a: Rabsca
|move|p1b: Archaludon|Draco Meteor|p2a: Rabsca
|-damage|p2a: Rabsca|37/100
|-unboost|p1b: Archaludon|spa|2
|move|p2a: Rabsca|Revival Blessing|p2a: Rabsca
|inactive|wester7 has 30 seconds left.
|
|t:|1757736269
|-heal|p2: Ninetales|50/100|[from] move: Revival Blessing
|
|-weather|Snowscape|[upkeep]
|upkeep
|switch|p2b: Ninetales|Ninetales-Alola, L50, F|50/100
|turn|7
|
|t:|1757736282
|move|p2b: Ninetales|Blizzard|p1b: Archaludon|[spread] p1a,p1b
|-crit|p1a: Pelipper
|-damage|p1a: Pelipper|0 fnt
|-damage|p1b: Archaludon|58/100
|-status|p1b: Archaludon|frz
|-ability|p1b: Archaludon|Stamina|boost
|-boost|p1b: Archaludon|def|1
|faint|p1a: Pelipper
|-curestatus|p1b: Archaludon|frz|[msg]
|move|p1b: Archaludon|Flash Cannon|p2b: Ninetales
|-supereffective|p2b: Ninetales
|-damage|p2b: Ninetales|0 fnt
|faint|p2b: Ninetales
|move|p2a: Rabsca|Earth Power|p1b: Archaludon
|-supereffective|p1b: Archaludon
|-damage|p1b: Archaludon|0 fnt
|faint|p1b: Archaludon
|
|win|wester7
|c|☆Soratami|Lol
||Soratami is ready for game 2.
|inactive|wester7 has 30 seconds to confirm battle start!
||wester7 is ready for game 2.
|uhtml|next|Next: Game 2 of 3
|l|☆Soratami
|player|p1|
