|j|☆WASHINGTONGARGACHA
|j|☆ADtaiga
|html|WASHINGTONGARGACHAADtaiga    
|uhtml|bestof|Game 2 of a best-of-3
|t:|1756423908
|gametype|doubles
|player|p1|WASHINGTONGARGACHA|265|1070
|player|p2|ADtaiga|101|1000
|gen|9
|tier|[Gen 9] VGC 2025 Reg H (Bo3)
|rated|
|rule|Species Clause: Limit one of each Pokémon
|rule|Item Clause: Limit 1 of each item
|clearpoke
|poke|p1|Farigiraf, L50, M|
|poke|p1|Incineroar, L50, M|
|poke|p1|Rillaboom, L50, F|
|poke|p1|Gholdengo, L50|
|poke|p1|Blaziken, L50, M|
|poke|p1|Sneasler, L50, M|
|poke|p2|Sneasler, L50, M|
|poke|p2|Gholdengo, L50|
|poke|p2|Garchomp, L50, F|
|poke|p2|Indeedee, L50, M|
|poke|p2|Hydreigon, L50, M|
|poke|p2|Electabuzz, L50, F|
|teampreview|4
|showteam|p1|Farigiraf||ThroatSpray|ArmorTail|HyperVoice,Psychic,TrickRoom,Protect|||M|||50|,,,,,Fairy]Incineroar||SafetyGoggles|Intimidate|FlareBlitz,FakeOut,KnockOff,PartingShot|||M|||50|,,,,,Ghost]Rillaboom||AssaultVest|GrassySurge|FakeOut,GrassyGlide,Uturn,WoodHammer|||F|||50|,,,,,Fire]Gholdengo||SitrusBerry|GoodasGold|MakeItRain,NastyPlot,ShadowBall,Protect||||||50|,,,,,Water]Blaziken||FocusSash|SpeedBoost|CloseCombat,FlareBlitz,Detect,SwordsDance|||M|||50|,,,,,Stellar]Sneasler||GrassySeed|Unburden|DireClaw,CloseCombat,Protect,ThroatChop|||M|||50|,,,,,Stellar
|showteam|p2|Sneasler||PsychicSeed|Unburden|FakeOut,Acrobatics,Coaching,DireClaw|||M|||50|,,,,,Flying]Gholdengo||MetalCoat|GoodasGold|MakeItRain,ShadowBall,Protect,NastyPlot||||||50|,,,,,Water]Garchomp||LifeOrb|RoughSkin|Protect,StompingTantrum,DragonClaw,Earthquake|||F|||50|,,,,,Steel]Indeedee||FocusSash|PsychicSurge|ExpandingForce,TeraBlast,TrickRoom,Imprison|||M|||50|,,,,,Fighting]Hydreigon||AssaultVest|Levitate|HeatWave,Snarl,DarkPulse,DracoMeteor|||M|||50|,,,,,Fire]Electabuzz||Eviolite|VitalSpirit|ThunderWave,Thunderbolt,Taunt,FollowMe|||F|||50|,,,,,Flying
|inactive|Battle timer is ON: inactive players will automatically lose when time's up. (requested by ADtaiga)
|
|t:|1756423931
|teamsize|p1|4
|teamsize|p2|4
|start
|switch|p1a: Gholdengo|Gholdengo, L50|100/100
|switch|p1b: Sneasler|Sneasler, L50, M|100/100
|switch|p2a: Gholdengo|Gholdengo, L50|100/100
|switch|p2b: Sneasler|Sneasler, L50, M|100/100
|turn|1
|inactive|WASHINGTONGARGACHA has 30 seconds left.
|inactive|ADtaiga has 30 seconds left.
|
|t:|1756423964
|switch|p2a: Indeedee|Indeedee, L50, M|100/100
|-fieldstart|move: Psychic Terrain|[from] ability: Psychic Surge|[of] p2a: Indeedee
|-enditem|p2b: Sneasler|Psychic Seed
|-boost|p2b: Sneasler|spd|1|[from] item: Psychic Seed
|move|p1b: Sneasler|Protect|p1b: Sneasler
|-singleturn|p1b: Sneasler|Protect
|move|p2b: Sneasler|Fake Out|p1b: Sneasler
|-activate|p1b: Sneasler|move: Psychic Terrain
|move|p1a: Gholdengo|Shadow Ball|p2a: Indeedee
|-immune|p2a: Indeedee
|
|upkeep
|turn|2
|inactive|ADtaiga has 30 seconds left.
|inactive|ADtaiga has 20 seconds left.
|inactive|ADtaiga has 15 seconds left.
|
|t:|1756424008
|-terastallize|p2b: Sneasler|Flying
|move|p2b: Sneasler|Acrobatics|p1a: Gholdengo
|-resisted|p1a: Gholdengo
|-damage|p1a: Gholdengo|72/100
|move|p1b: Sneasler|Throat Chop|p2b: Sneasler
|-damage|p2b: Sneasler|50/100
|-start|p2b: Sneasler|Throat Chop|[silent]
|move|p2a: Indeedee|Expanding Force|p1b: Sneasler|[spread] p1a,p1b
|-resisted|p1a: Gholdengo
|-supereffective|p1b: Sneasler
|-damage|p1a: Gholdengo|45/100
|-damage|p1b: Sneasler|0 fnt
|-enditem|p1a: Gholdengo|Sitrus Berry|[eat]
|-heal|p1a: Gholdengo|70/100|[from] item: Sitrus Berry
|faint|p1b: Sneasler
|move|p1a: Gholdengo|Make It Rain|p2a: Indeedee|[spread] p2a,p2b
|-damage|p2a: Indeedee|43/100
|-damage|p2b: Sneasler|15/100
|-unboost|p1a: Gholdengo|spa|1
|
|upkeep
|
|t:|1756424024
|switch|p1b: Rillaboom|Rillaboom, L50, F|100/100
|-fieldstart|move: Grassy Terrain|[from] ability: Grassy Surge|[of] p1b: Rillaboom
|turn|3
|
|t:|1756424039
|switch|p2a: Gholdengo|Gholdengo, L50|100/100
|move|p1b: Rillaboom|Fake Out|p2b: Sneasler
|-damage|p2b: Sneasler|0 fnt
|faint|p2b: Sneasler
|move|p1a: Gholdengo|Nasty Plot|p1a: Gholdengo
|-boost|p1a: Gholdengo|spa|2
|
|-heal|p1a: Gholdengo|76/100|[from] Grassy Terrain
|upkeep
|
|t:|1756424050
|switch|p2b: Hydreigon|Hydreigon, L50, M|100/100
|turn|4
|
|t:|1756424070
|switch|p1b: Incineroar|Incineroar, L50, M|100/100
|-ability|p1b: Incineroar|Intimidate|boost
|-unboost|p2a: Gholdengo|atk|1
|-unboost|p2b: Hydreigon|atk|1
|move|p2b: Hydreigon|Heat Wave|p1b: Incineroar|[spread] p1a,p1b
|-supereffective|p1a: Gholdengo
|-resisted|p1b: Incineroar
|-damage|p1a: Gholdengo|24/100
|-damage|p1b: Incineroar|89/100
|move|p1a: Gholdengo|Nasty Plot|p1a: Gholdengo
|-boost|p1a: Gholdengo|spa|2
|move|p2a: Gholdengo|Shadow Ball|p1a: Gholdengo
|-supereffective|p1a: Gholdengo
|-damage|p1a: Gholdengo|0 fnt
|faint|p1a: Gholdengo
|
|-heal|p1b: Incineroar|95/100|[from] Grassy Terrain
|upkeep
|
|t:|1756424086
|switch|p1a: Rillaboom|Rillaboom, L50, F|100/100
|turn|5
|
|t:|1756424094
|switch|p2a: Indeedee|Indeedee, L50, M|43/100
|-fieldstart|move: Psychic Terrain|[from] ability: Psychic Surge|[of] p2a: Indeedee
|move|p2b: Hydreigon|Heat Wave|p1b: Incineroar|[spread] p1a
|-miss|p2b: Hydreigon|p1b: Incineroar
|-supereffective|p1a: Rillaboom
|-damage|p1a: Rillaboom|54/100
|move|p1a: Rillaboom|Wood Hammer|p2b: Hydreigon
|-resisted|p2b: Hydreigon
|-damage|p2b: Hydreigon|68/100
|-damage|p1a: Rillaboom|43/100|[from] Recoil
|move|p1b: Incineroar|Flare Blitz|p2b: Hydreigon
|-resisted|p2b: Hydreigon
|-damage|p2b: Hydreigon|30/100
|-damage|p1b: Incineroar|84/100|[from] Recoil
|
|upkeep
|turn|6
|inactive|WASHINGTONGARGACHA has 30 seconds left.
|inactive|ADtaiga has 30 seconds left.
|
|t:|1756424123
|move|p2b: Hydreigon|Heat Wave|p1a: Rillaboom|[spread] p1a,p1b
|-supereffective|p1a: Rillaboom
|-resisted|p1b: Incineroar
|-damage|p1a: Rillaboom|0 fnt
|-damage|p1b: Incineroar|74/100
|faint|p1a: Rillaboom
|move|p2a: Indeedee|Expanding Force|p1b: Incineroar
|-immune|p1b: Incineroar
|move|p1b: Incineroar|Knock Off|p2b: Hydreigon
|-resisted|p2b: Hydreigon
|-damage|p2b: Hydreigon|1/100
|-enditem|p2b: Hydreigon|Assault Vest|[from] move: Knock Off|[of] p1b: Incineroar
|
|upkeep
|turn|7
|inactive|WASHINGTONGARGACHA has 30 seconds left.
|
|t:|1756424151
|move|p2b: Hydreigon|Draco Meteor|p1b: Incineroar
|-damage|p1b: Incineroar|5/100
|-unboost|p2b: Hydreigon|spa|2
|move|p2a: Indeedee|Tera Blast|p1b: Incineroar
|-damage|p1b: Incineroar|0 fnt
|faint|p1b: Incineroar
|
|win|ADtaiga
|raw|WASHINGTONGARGACHA's rating: 1070 → 1045(-25 for losing)
|raw|ADtaiga's rating: 1000 → 1048(+48 for winning)
