|j|☆RochesterRockruffs
|j|☆Scheffman
|html|RochesterRockruffsScheffman    
|uhtml|bestof|Game 2 of a best-of-3
|t:|1783735926
|gametype|doubles
|player|p1|RochesterRockruffs|pokemaniac|
|player|p2|Scheffman|1|
|gen|9
|tier|[Gen 9 Champions] VGC 2026 Reg M-B (Bo3)
|rule|Species Clause: Limit one of each Pokémon
|rule|Item Clause: Limit 1 of each item
|clearpoke
|poke|p1|Sneasler, L50, M|
|poke|p1|Aerodactyl, L50, F|
|poke|p1|Tsareena, L50, F|
|poke|p1|Ariados, L50, M|
|poke|p1|Tyranitar, L50, F|
|poke|p1|Zoroark-Hisui, L50, F|
|poke|p2|Kangaskhan, L50, F|
|poke|p2|Dragonite, L50, F|
|poke|p2|Slowbro, L50, F|
|poke|p2|Klefki, L50, F|
|poke|p2|Araquanid, L50, F|
|poke|p2|Clefable, L50, F|
|teampreview|4
|showteam|p1|Sneasler||WhiteHerb|PoisonTouch|FakeOut,ShadowClaw,CloseCombat,Acrobatics|Jolly||M|||50|]Aerodactyl||FocusSash|Unnerve|Tailwind,RockSlide,IronHead,DragonClaw|Adamant||F|||50|]Tsareena||LightClay|QueenlyMajesty|LightScreen,Reflect,TropKick,KnockOff|Careful||F|||50|]Ariados||BrightPowder|Sniper|RagePowder,Protect,ShadowSneak,PoisonJab|Impish||M|||50|]Tyranitar||Tyranitarite|SandStream|RockSlide,DragonDance,Protect,IcePunch|Adamant||F|||50|]Zoroark-Hisui||LifeOrb|Illusion|BitterMalice,HyperVoice,IcyWind,FocusBlast|Timid||F|||50|
|showteam|p2|Kangaskhan||Kangaskhanite|EarlyBird|IcePunch,FakeOut,Earthquake,DrainPunch|Jolly||F|||50|]Dragonite||DragonFang|InnerFocus|ExtremeSpeed,Outrage,IronHead,Roost|Adamant||F|||50|]Slowbro||Leftovers|Oblivious|Disable,Psyshock,Scald,Protect|Bold||F|||50|]Klefki||SitrusBerry|Prankster|DazzlingGleam,FlashCannon,ThunderWave,Spikes|Modest||F|||50|]Araquanid||MysticWater|WaterBubble|Liquidation,Lunge,Protect,Crunch|Adamant||F|||50|]Clefable||Clefablite|MagicGuard|Moonblast,Encore,Thunderbolt,Wish|Calm||F|||50|
|inactive|Battle timer is ON: inactive players will automatically lose when time's up. (requested by RochesterRockruffs)
|j| DDN_Dallas_Drednaw
|
|t:|1783735955
|teamsize|p1|4
|teamsize|p2|4
|start
|switch|p1a: Aerodactyl|Aerodactyl, L50, F|100/100
|switch|p1b: Tsareena|Tsareena, L50, F|100/100
|switch|p2a: Kangaskhan|Kangaskhan, L50, F|100/100
|switch|p2b: Klefki|Klefki, L50, F|100/100
|-ability|p1a: Aerodactyl|Unnerve
|turn|1
|inactive|Scheffman has 30 seconds left.
|
|t:|1783735991
|detailschange|p2a: Kangaskhan|Kangaskhan-Mega, L50, F
|-mega|p2a: Kangaskhan|Kangaskhan|Kangaskhanite
|move|p1a: Aerodactyl|Tailwind|p1a: Aerodactyl
|-sidestart|p1: RochesterRockruffs|move: Tailwind
|move|p1b: Tsareena|Reflect|p1b: Tsareena
|-sidestart|p1: RochesterRockruffs|Reflect
|move|p2a: Kangaskhan|Ice Punch|p1b: Tsareena
|-supereffective|p1b: Tsareena|1
|-damage|p1b: Tsareena|69/100
|-supereffective|p1b: Tsareena|1
|-damage|p1b: Tsareena|62/100
|-hitcount|p1b: Tsareena|2
|move|p2b: Klefki|Dazzling Gleam|p1a: Aerodactyl|[spread] p1a,p1b
|-damage|p1a: Aerodactyl|61/100
|-damage|p1b: Tsareena|43/100
|
|upkeep
|turn|2
|
|t:|1783736013
|move|p1a: Aerodactyl|Rock Slide|p2b: Klefki|[spread] p2a,p2b
|-resisted|p2b: Klefki|1
|-damage|p2a: Kangaskhan|71/100
|-damage|p2b: Klefki|84/100
|move|p1b: Tsareena|Trop Kick|p2a: Kangaskhan
|-damage|p2a: Kangaskhan|38/100
|-unboost|p2a: Kangaskhan|atk|1
|move|p2a: Kangaskhan|Drain Punch|p1a: Aerodactyl
|-damage|p1a: Aerodactyl|42/100
|-heal|p2a: Kangaskhan|46/100|[from] drain|[of] p1a: Aerodactyl
|-damage|p1a: Aerodactyl|38/100
|-heal|p2a: Kangaskhan|48/100|[from] drain|[of] p1a: Aerodactyl
|-hitcount|p1a: Aerodactyl|2
|cant|p2b: Klefki|flinch
|
|upkeep
|turn|3
|inactive|RochesterRockruffs has 30 seconds left.
|
|t:|1783736047
|switch|p1b: Tyranitar|Tyranitar, L50, F|100/100
|-weather|Sandstorm|[from] ability: Sand Stream|[of] p1b: Tyranitar
|move|p1a: Aerodactyl|Rock Slide|p2b: Klefki|[spread] p2a,p2b
|-resisted|p2b: Klefki|1
|-damage|p2a: Kangaskhan|22/100
|-damage|p2b: Klefki|68/100
|move|p2a: Kangaskhan|Ice Punch|p1b: Tyranitar
|-damage|p1b: Tyranitar|89/100
|-damage|p1b: Tyranitar|86/100
|-hitcount|p1b: Tyranitar|2
|cant|p2b: Klefki|flinch
|
|-weather|Sandstorm|[upkeep]
|-damage|p2a: Kangaskhan|16/100|[from] Sandstorm
|upkeep
|turn|4
|inactive|RochesterRockruffs has 30 seconds left.
|inactive|Scheffman has 30 seconds left.
|
|t:|1783736073
|detailschange|p1b: Tyranitar|Tyranitar-Mega, L50, F
|-mega|p1b: Tyranitar|Tyranitar|Tyranitarite
|move|p2b: Klefki|Thunder Wave|p1b: Tyranitar
|-hint|Since gen 7, Dark is immune to Prankster moves.
|-immune|p1b: Tyranitar
|move|p1a: Aerodactyl|Rock Slide|p2a: Kangaskhan|[spread] p2a,p2b
|-resisted|p2b: Klefki|1
|-damage|p2a: Kangaskhan|0 fnt
|-damage|p2b: Klefki|51/100
|faint|p2a: Kangaskhan
|move|p1b: Tyranitar|Dragon Dance|p1b: Tyranitar
|-boost|p1b: Tyranitar|atk|1
|-boost|p1b: Tyranitar|spe|1
|
|-weather|Sandstorm|[upkeep]
|-sideend|p1: RochesterRockruffs|move: Tailwind
|upkeep
|
|t:|1783736086
|switch|p2a: Araquanid|Araquanid, L50, F|100/100
|turn|5
|
|t:|1783736098
|move|p1a: Aerodactyl|Iron Head|p2b: Klefki
|-damage|p2b: Klefki|18/100
|move|p1b: Tyranitar|Rock Slide|p2b: Klefki|[spread] p2a,p2b
|-supereffective|p2a: Araquanid|1
|-resisted|p2b: Klefki|1
|-damage|p2a: Araquanid|0 fnt
|-damage|p2b: Klefki|0 fnt
|faint|p2a: Araquanid
|faint|p2b: Klefki
|
|-weather|Sandstorm|[upkeep]
|upkeep
|
|t:|1783736110
|switch|p2a: Dragonite|Dragonite, L50, F|100/100
|turn|6
|
|t:|1783736116
|move|p1a: Aerodactyl|Iron Head|p2a: Dragonite
|-damage|p2a: Dragonite|76/100
|move|p1b: Tyranitar|Ice Punch|p2a: Dragonite
|-supereffective|p2a: Dragonite|2
|-damage|p2a: Dragonite|0 fnt
|faint|p2a: Dragonite
|
|win|RochesterRockruffs
