|j|☆vivek1245s
|j|☆chefstony24
|html|vivek1245schefstony24    
|uhtml|bestof|Game 1 of a best-of-3
|t:|1757654978
|gametype|doubles
|player|p1|vivek1245s|aromalady|
|player|p2|chefstony24|brycen|
|gen|9
|tier|[Gen 9] VGC 2025 Reg H (Bo3)
|rule|Species Clause: Limit one of each Pokémon
|rule|Item Clause: Limit 1 of each item
|clearpoke
|poke|p1|Annihilape, L50, M|
|poke|p1|Whimsicott, L50, F|
|poke|p1|Garchomp, L50, F|
|poke|p1|Clefable, L50, F|
|poke|p1|Hydreigon, L50, M|
|poke|p1|Gholdengo, L50|
|poke|p2|Delphox, L50, F|
|poke|p2|Indeedee-F, L50, F|
|poke|p2|Illumise, L50, F|
|poke|p2|Sneasler, L50, M|
|poke|p2|Primarina, L50, M|
|poke|p2|Ursaluna-Bloodmoon, L50, M|
|teampreview|4
|showteam|p1|Annihilape||SafetyGoggles|Defiant|Protect,BulkUp,DrainPunch,RageFist|||M|||50|,,,,,Water]Whimsicott||FocusSash|Prankster|SunnyDay,Encore,Tailwind,Moonblast|||F|||50|,,,,,Ghost]Garchomp||LifeOrb|RoughSkin|Protect,StompingTantrum,DragonClaw,Earthquake|||F|||50|,,,,,Steel]Clefable||SitrusBerry|Unaware|Protect,FollowMe,MistyTerrain,Moonblast|||F|||50|,,,,,Water]Hydreigon||ChoiceSpecs|Levitate|HeatWave,Snarl,DarkPulse,DracoMeteor|||M|||50|,,,,,Fire]Gholdengo||MetalCoat|GoodasGold|Protect,NastyPlot,ShadowBall,MakeItRain||||||50|,,,,,Steel
|showteam|p2|Delphox||PsychicSeed|Magician|ExpandingForce,NastyPlot,Protect,Flamethrower|||F|||50|,,,,,Fairy]Indeedee-F||SafetyGoggles|PsychicSurge|Imprison,TrickRoom,FollowMe,DazzlingGleam|||F|||50|,,,,,Fairy]Illumise||CovertCloak|Prankster|Encore,Tailwind,FakeTears,BugBuzz|||F|||50|,,,,,Bug]Sneasler||FocusSash|Unburden|Protect,DireClaw,CloseCombat,ThroatChop|||M|||50|,,,,,Dark]Primarina||ThroatSpray|LiquidVoice|HyperVoice,Moonblast,Protect,Haze|||M|||50|,,,,,Grass]Ursaluna-Bloodmoon||SilkScarf|MindsEye|BloodMoon,EarthPower,HyperVoice,Protect|||M|||50|,,,,,Normal
|inactive|Battle timer is ON: inactive players will automatically lose when time's up. (requested by chefstony24)
|c|☆vivek1245s|glhf
|c|☆chefstony24|have fun
|c|☆vivek1245s|does bo3 work
|c|☆vivek1245s|or nah
|inactive|vivek1245s has 60 seconds left.
|inactive|chefstony24 has 60 seconds left.
|j| jpishere
|inactive|chefstony24 has 30 seconds left.
|
|t:|1757655041
|teamsize|p1|4
|teamsize|p2|4
|start
|switch|p1a: Hydreigon|Hydreigon, L50, M|100/100
|switch|p1b: Whimsicott|Whimsicott, L50, F|100/100
|switch|p2a: Sneasler|Sneasler, L50, M|100/100
|switch|p2b: Illumise|Illumise, L50, F|100/100
|turn|1
|inactive|vivek1245s has 30 seconds left.
|
|t:|1757655072
|switch|p1a: Annihilape|Annihilape, L50, M|100/100
|move|p1b: Whimsicott|Tailwind|p1b: Whimsicott
|-sidestart|p1: vivek1245s|move: Tailwind
|move|p2b: Illumise|Tailwind|p2b: Illumise
|-sidestart|p2: chefstony24|move: Tailwind
|move|p2a: Sneasler|Dire Claw|p1a: Annihilape
|-resisted|p1a: Annihilape
|-damage|p1a: Annihilape|81/100
|-status|p1a: Annihilape|par
|
|upkeep
|turn|2
|j| TealMcNuggetz
|inactive|chefstony24 has 30 seconds left.
|inactive|chefstony24 has 20 seconds left.
|inactive|chefstony24 has 15 seconds left.
|inactive|chefstony24 has 10 seconds left.
|inactive|chefstony24 has 5 seconds left.
|
|t:|1757655125
|switch|p1b: Gholdengo|Gholdengo, L50|100/100
|switch|p2b: Indeedee|Indeedee-F, L50, F|100/100
|-fieldstart|move: Psychic Terrain|[from] ability: Psychic Surge|[of] p2b: Indeedee
|-terastallize|p2a: Sneasler|Dark
|move|p2a: Sneasler|Throat Chop|p1a: Annihilape
|-damage|p1a: Annihilape|42/100 par
|-start|p1a: Annihilape|Throat Chop|[silent]
|move|p1a: Annihilape|Bulk Up|p1a: Annihilape
|-boost|p1a: Annihilape|atk|1
|-boost|p1a: Annihilape|def|1
|
|upkeep
|turn|3
|inactive|chefstony24 has 30 seconds left.
|inactive|vivek1245s has 30 seconds left.
|
|t:|1757655163
|move|p2a: Sneasler|Protect|p2a: Sneasler
|-singleturn|p2a: Sneasler|Protect
|move|p1b: Gholdengo|Protect|p1b: Gholdengo
|-singleturn|p1b: Gholdengo|Protect
|move|p2b: Indeedee|Dazzling Gleam|p1a: Annihilape|[spread] p1a
|-activate|p1b: Gholdengo|move: Protect
|-supereffective|p1a: Annihilape
|-damage|p1a: Annihilape|19/100 par
|move|p1a: Annihilape|Drain Punch|p2a: Sneasler
|-activate|p2a: Sneasler|move: Protect
|
|-end|p1a: Annihilape|Throat Chop|[silent]
|upkeep
|turn|4
|inactive|chefstony24 has 30 seconds left.
|
|t:|1757655193
|move|p2b: Indeedee|Follow Me|p2b: Indeedee
|-singleturn|p2b: Indeedee|move: Follow Me
|move|p2a: Sneasler|Throat Chop|p1b: Gholdengo
|-supereffective|p1b: Gholdengo
|-damage|p1b: Gholdengo|0 fnt
|faint|p1b: Gholdengo
|move|p1a: Annihilape|Drain Punch|p2b: Indeedee
|-damage|p2b: Indeedee|55/100
|-heal|p1a: Annihilape|38/100 par|[from] drain|[of] p2b: Indeedee
|
|-sideend|p2: chefstony24|move: Tailwind
|-sideend|p1: vivek1245s|move: Tailwind
|upkeep
|
|t:|1757655206
|switch|p1b: Whimsicott|Whimsicott, L50, F|100/100
|turn|5
|
|t:|1757655215
|move|p1a: Annihilape|Protect|p1a: Annihilape
|-singleturn|p1a: Annihilape|Protect
|move|p2b: Indeedee|Follow Me|p2b: Indeedee
|-singleturn|p2b: Indeedee|move: Follow Me
|move|p1b: Whimsicott|Tailwind|p1b: Whimsicott
|-sidestart|p1: vivek1245s|move: Tailwind
|move|p2a: Sneasler|Dire Claw|p1b: Whimsicott
|-supereffective|p1b: Whimsicott
|-enditem|p1b: Whimsicott|Focus Sash
|-damage|p1b: Whimsicott|1/100
|-status|p1b: Whimsicott|par
|
|upkeep
|turn|6
|inactive|chefstony24 has 30 seconds left.
|
|t:|1757655242
|move|p2b: Indeedee|Follow Me|p2b: Indeedee
|-singleturn|p2b: Indeedee|move: Follow Me
|cant|p1b: Whimsicott|par
|move|p2a: Sneasler|Dire Claw|p1b: Whimsicott
|-supereffective|p1b: Whimsicott
|-damage|p1b: Whimsicott|0 fnt
|faint|p1b: Whimsicott
|move|p1a: Annihilape|Drain Punch|p2b: Indeedee
|-damage|p2b: Indeedee|15/100
|-heal|p1a: Annihilape|54/100 par|[from] drain|[of] p2b: Indeedee
|
|-fieldend|move: Psychic Terrain
|upkeep
|
|t:|1757655252
|switch|p1b: Hydreigon|Hydreigon, L50, M|100/100
|turn|7
|c|☆chefstony24|gg pal r1
|
|t:|1757655271
|-terastallize|p1b: Hydreigon|Fire
|move|p1b: Hydreigon|Snarl|p2a: Sneasler|[spread] p2a,p2b
|-resisted|p2a: Sneasler
|-supereffective|p2b: Indeedee
|-damage|p2a: Sneasler|77/100
|-damage|p2b: Indeedee|0 fnt
|-unboost|p2a: Sneasler|spa|1
|faint|p2b: Indeedee
|move|p2a: Sneasler|Dire Claw|p1b: Hydreigon
|-damage|p1b: Hydreigon|52/100
|move|p1a: Annihilape|Drain Punch|p2a: Sneasler
|-supereffective|p2a: Sneasler
|-damage|p2a: Sneasler|0 fnt
|-heal|p1a: Annihilape|82/100 par|[from] drain|[of] p2a: Sneasler
|faint|p2a: Sneasler
|
|upkeep
|
|t:|1757655287
|switch|p2a: Primarina|Primarina, L50, M, shiny|100/100
|switch|p2b: Illumise|Illumise, L50, F|100/100
|turn|8
|c|☆vivek1245s|says who
|c| TealMcNuggetz|OMG OMG OMG
|c| TealMcNuggetz|PRIMARINA
|c| TealMcNuggetz|LETS GOOOOOOOOO
|inactive|chefstony24 has 30 seconds left.
|
|t:|1757655312
|move|p2a: Primarina|Protect|p2a: Primarina
|-singleturn|p2a: Primarina|Protect
|move|p2b: Illumise|Tailwind|p2b: Illumise
|-sidestart|p2: chefstony24|move: Tailwind
|move|p1b: Hydreigon|Snarl|p2b: Illumise|[spread] p2b
|-activate|p2a: Primarina|move: Protect
|-damage|p2b: Illumise|49/100
|move|p1a: Annihilape|Rage Fist|p2a: Primarina
|-activate|p2a: Primarina|move: Protect
|
|-sideend|p1: vivek1245s|move: Tailwind
|upkeep
|turn|9
|
|t:|1757655332
|move|p2b: Illumise|Fake Tears|p1a: Annihilape
|-unboost|p1a: Annihilape|spd|2
|-ability|p1a: Annihilape|Defiant|boost
|-boost|p1a: Annihilape|atk|2
|move|p2a: Primarina|Hyper Voice|p1a: Annihilape|[spread] p1a,p1b
|-supereffective|p1b: Hydreigon
|-damage|p1a: Annihilape|17/100 par
|-damage|p1b: Hydreigon|0 fnt
|faint|p1b: Hydreigon
|-enditem|p2a: Primarina|Throat Spray
|-boost|p2a: Primarina|spa|1|[from] item: Throat Spray
|move|p1a: Annihilape|Rage Fist|p2a: Primarina
|-damage|p2a: Primarina|0 fnt
|faint|p2a: Primarina
|
|upkeep
|turn|10
|c|☆vivek1245s|ape lives moonblast
|c|☆vivek1245s|no it doesnt
|c|☆vivek1245s|omg
|c|☆vivek1245s|bug buxz
|c| TealMcNuggetz|NOOOOOOO
|c|☆vivek1245s|buzz
|
|t:|1757655356
|move|p2b: Illumise|Bug Buzz|p1a: Annihilape
|-resisted|p1a: Annihilape
|-damage|p1a: Annihilape|1/100 par
|cant|p1a: Annihilape|par
|
|upkeep
|turn|11
|c| TealMcNuggetz|not my primarina
|c|☆chefstony24|lol
|c|☆vivek1245s|NOOOOOOOO
|c|☆vivek1245s|ggs
|c|☆vivek1245s|r2
|c|☆chefstony24|oh you have your cheer squad here lol
|
|t:|1757655379
|move|p2b: Illumise|Bug Buzz|p1a: Annihilape
|-resisted|p1a: Annihilape
|-crit|p1a: Annihilape
|-damage|p1a: Annihilape|0 fnt
|faint|p1a: Annihilape
|
|win|chefstony24
||vivek1245s is ready for game 2.
||chefstony24 is ready for game 2.
|uhtml|next|Next: Game 2 of 3
|l| jpishere
|l| TealMcNuggetz
|j| jpishere
|l| jpishere
|l|☆vivek1245s
|player|p1|
