|j|☆Rugss
|j|☆Dr.Agonite805
|html|RugssDr.Agonite805    
|uhtml|bestof|Game 1 of a best-of-3
|t:|1784839705
|gametype|doubles
|player|p1|Rugss|101|1150
|player|p2|Dr.Agonite805|265|1251
|gen|9
|tier|[Gen 9 Champions] VGC 2026 Reg M-B (Bo3)
|rated|
|rule|Species Clause: Limit one of each Pokémon
|rule|Item Clause: Limit 1 of each item
|clearpoke
|poke|p1|Raichu, L50, M, shiny|
|poke|p1|Sinistcha, L50, shiny|
|poke|p1|Gholdengo, L50|
|poke|p1|Basculegion, L50, M|
|poke|p1|Staraptor, L50, M, shiny|
|poke|p1|Milotic, L50, M, shiny|
|poke|p2|Whimsicott, L50, F, shiny|
|poke|p2|Rotom-Heat, L50|
|poke|p2|Garchomp, L50, F, shiny|
|poke|p2|Kingambit, L50, M, shiny|
|poke|p2|Sneasler, L50, F|
|poke|p2|Froslass, L50, F|
|teampreview|4
|showteam|p1|Raichu||RaichuniteY|LightningRod|ZapCannon,FocusBlast,FakeOut,Protect|Timid||M|||50|]Sinistcha||KasibBerry|Hospitality|MatchaGotcha,RagePowder,ShadowBall,Protect|Bold|||||50|]Gholdengo||LifeOrb|GoodasGold|ShadowBall,MakeItRain,NastyPlot,Protect|Modest|||||50|]Basculegion||MysticWater|Adaptability|WaveCrash,LastRespects,Protect,AquaJet|Adamant||M|||50|]Staraptor||Staraptite|Intimidate|CloseCombat,BraveBird,Tailwind,Protect|Jolly||M|||50|]Milotic||Leftovers|Competitive|Scald,IcyWind,Haze,Protect|Calm||M|||50|
|showteam|p2|Whimsicott||FocusSash|Prankster|Moonblast,Tailwind,Encore,Protect|Timid||F|||50|]Rotom-Heat||LifeOrb|Levitate|Overheat,Thunderbolt,VoltSwitch,Protect|Timid|||||50|]Garchomp||SitrusBerry|RoughSkin|DragonClaw,Earthquake,RockSlide,Protect|Jolly||F|||50|]Kingambit||ChopleBerry|Defiant|KowtowCleave,SuckerPunch,IronHead,Protect|Adamant||M|||50|]Sneasler||WhiteHerb|Unburden|FakeOut,DireClaw,CloseCombat,Protect|Jolly||F|||50|]Froslass||Froslassite|SnowCloak|Blizzard,ShadowBall,AuroraVeil,Protect|Modest||F|||50|
|inactive|Battle timer is ON: inactive players will automatically lose when time's up. (requested by Dr.Agonite805)
|inactive|Rugss has 60 seconds left.
|
|t:|1784839790
|teamsize|p1|4
|teamsize|p2|4
|start
|switch|p1a: Staraptor|Staraptor, L50, M, shiny|100/100
|switch|p1b: Milotic|Milotic, L50, M, shiny|100/100
|switch|p2a: Merius|Whimsicott, L50, F, shiny|100/100
|switch|p2b: Froslass|Froslass, L50, F|100/100
|-ability|p1a: Staraptor|Intimidate|boost
|-unboost|p2a: Merius|atk|1
|-unboost|p2b: Froslass|atk|1
|turn|1
|inactive|Rugss has 30 seconds left.
|inactive|Rugss has 20 seconds left.
|inactive|Rugss has 15 seconds left.
|
|t:|1784839834
|detailschange|p1a: Staraptor|Staraptor-Mega, L50, M, shiny
|-mega|p1a: Staraptor|Staraptor|Staraptite
|detailschange|p2b: Froslass|Froslass-Mega, L50, F
|-mega|p2b: Froslass|Froslass|Froslassite
|-weather|Snowscape|[from] ability: Snow Warning|[of] p2b: Froslass
|move|p2a: Merius|Tailwind|p2a: Merius
|-sidestart|p2: Dr.Agonite805|move: Tailwind
|move|p2b: Froslass|Blizzard|p1a: Staraptor|[spread] p1a,p1b
|-supereffective|p1a: Staraptor|1
|-resisted|p1b: Milotic|1
|-damage|p1a: Staraptor|0 fnt
|-damage|p1b: Milotic|84/100
|faint|p1a: Staraptor
|move|p1b: Milotic|Icy Wind|p2a: Merius|[spread] p2a,p2b
|-supereffective|p2a: Merius|1
|-resisted|p2b: Froslass|1
|-damage|p2a: Merius|69/100
|-damage|p2b: Froslass|94/100
|-unboost|p2a: Merius|spe|1
|-unboost|p2b: Froslass|spe|1
|
|-weather|Snowscape|[upkeep]
|-heal|p1b: Milotic|90/100|[from] item: Leftovers
|upkeep
|
|t:|1784839851
|switch|p1a: Basculegion|Basculegion, L50, M|100/100
|turn|2
|
|t:|1784839859
|move|p1a: Basculegion|Protect|p1a: Basculegion
|-singleturn|p1a: Basculegion|Protect
|move|p2a: Merius|Moonblast|p1b: Milotic
|-damage|p1b: Milotic|65/100
|move|p2b: Froslass|Shadow Ball|p1a: Basculegion
|-activate|p1a: Basculegion|move: Protect
|move|p1b: Milotic|Icy Wind|p2b: Froslass|[spread] p2a,p2b
|-supereffective|p2a: Merius|1
|-resisted|p2b: Froslass|1
|-damage|p2a: Merius|35/100
|-damage|p2b: Froslass|89/100
|-unboost|p2a: Merius|spe|1
|-unboost|p2b: Froslass|spe|1
|
|-weather|Snowscape|[upkeep]
|-heal|p1b: Milotic|71/100|[from] item: Leftovers
|upkeep
|turn|3
|
|t:|1784839881
|switch|p1a: Sinistcha|Sinistcha, L50, shiny|100/100
|-heal|p1b: Milotic|95/100|[from] ability: Hospitality|[of] p1a: Sinistcha
|move|p2a: Merius|Encore||[still]
|-fail|p2a: Merius
|move|p2b: Froslass|Shadow Ball|p1a: Sinistcha
|-supereffective|p1a: Sinistcha|1
|-enditem|p1a: Sinistcha|Kasib Berry|[eat]
|-enditem|p1a: Sinistcha|Kasib Berry|[weaken]
|-damage|p1a: Sinistcha|57/100
|move|p1b: Milotic|Icy Wind|p2a: Merius|[spread] p2a,p2b
|-supereffective|p2a: Merius|1
|-resisted|p2b: Froslass|1
|-damage|p2a: Merius|3/100
|-damage|p2b: Froslass|83/100
|-unboost|p2a: Merius|spe|1
|-unboost|p2b: Froslass|spe|1
|
|-weather|Snowscape|[upkeep]
|-heal|p1b: Milotic|100/100|[from] item: Leftovers
|upkeep
|turn|4
|inactive|Rugss has 30 seconds left.
|inactive|Rugss has 20 seconds left.
|inactive|Rugss has 15 seconds left.
|
|t:|1784839923
|switch|p2b: Forninho|Rotom-Heat, L50|100/100
|switch|p1a: Basculegion|Basculegion, L50, M|100/100
|move|p2a: Merius|Protect|p2a: Merius
|-singleturn|p2a: Merius|Protect
|move|p1b: Milotic|Icy Wind|p2a: Merius|[spread] p2b
|-activate|p2a: Merius|move: Protect
|-resisted|p2b: Forninho|1
|-damage|p2b: Forninho|93/100
|-unboost|p2b: Forninho|spe|1
|
|-weather|Snowscape|[upkeep]
|-sideend|p2: Dr.Agonite805|move: Tailwind
|upkeep
|turn|5
|inactive|Rugss has 30 seconds left.
|inactive|Rugss has 20 seconds left.
|inactive|Rugss has 15 seconds left.
|j| 8bitbidoof
|
|t:|1784839967
|switch|p1a: Sinistcha|Sinistcha, L50, shiny|57/100
|move|p2a: Merius|Tailwind|p2a: Merius
|-sidestart|p2: Dr.Agonite805|move: Tailwind
|move|p2b: Forninho|Thunderbolt|p1a: Sinistcha
|-resisted|p1a: Sinistcha|1
|-damage|p1a: Sinistcha|35/100
|-status|p1a: Sinistcha|par
|-damage|p2b: Forninho|84/100|[from] item: Life Orb
|move|p1b: Milotic|Icy Wind|p2a: Merius|[spread] p2a,p2b
|-supereffective|p2a: Merius|1
|-resisted|p2b: Forninho|1
|-damage|p2a: Merius|0 fnt
|-damage|p2b: Forninho|78/100
|-unboost|p2b: Forninho|spe|1
|faint|p2a: Merius
|
|-weather|none
|upkeep
|
|t:|1784839971
|switch|p2a: Froslass|Froslass-Mega, L50, F|83/100
|-weather|Snowscape|[from] ability: Snow Warning|[of] p2a: Froslass
|turn|6
|l| 8bitbidoof
|inactive|Rugss has 30 seconds left.
|
|t:|1784840000
|move|p1b: Milotic|Protect|p1b: Milotic
|-singleturn|p1b: Milotic|Protect
|move|p1a: Sinistcha|Protect|p1a: Sinistcha
|-singleturn|p1a: Sinistcha|Protect
|move|p2a: Froslass|Blizzard|p1b: Milotic|[spread] 
|-activate|p1a: Sinistcha|move: Protect
|-activate|p1b: Milotic|move: Protect
|move|p2b: Forninho|Thunderbolt|p1b: Milotic
|-activate|p1b: Milotic|move: Protect
|
|-weather|Snowscape|[upkeep]
|upkeep
|turn|7
|inactive|Rugss has 30 seconds left.
|inactive|Rugss has 20 seconds left.
|inactive|Rugss has 15 seconds left.
|inactive|Rugss has 10 seconds left.
|inactive|Rugss has 5 seconds left.
|
|t:|1784840052
|move|p2a: Froslass|Blizzard|p1a: Sinistcha|[spread] p1a,p1b
|-supereffective|p1a: Sinistcha|1
|-resisted|p1b: Milotic|1
|-damage|p1a: Sinistcha|0 fnt
|-damage|p1b: Milotic|84/100
|faint|p1a: Sinistcha
|move|p2b: Forninho|Thunderbolt|p1b: Milotic
|-supereffective|p1b: Milotic|1
|-damage|p1b: Milotic|17/100
|-damage|p2b: Forninho|69/100|[from] item: Life Orb
|move|p1b: Milotic|Icy Wind|p2b: Forninho|[spread] p2a,p2b
|-resisted|p2a: Froslass|1
|-resisted|p2b: Forninho|1
|-damage|p2a: Froslass|77/100
|-damage|p2b: Forninho|63/100
|-unboost|p2a: Froslass|spe|1
|-unboost|p2b: Forninho|spe|1
|
|-weather|Snowscape|[upkeep]
|-heal|p1b: Milotic|23/100|[from] item: Leftovers
|upkeep
|
|t:|1784840067
|switch|p1a: Basculegion|Basculegion, L50, M|100/100
|turn|8
|
|t:|1784840086
|switch|p2b: Tralalero|Garchomp, L50, F, shiny|100/100
|move|p1b: Milotic|Protect|p1b: Milotic
|-singleturn|p1b: Milotic|Protect
|move|p1a: Basculegion|Protect|p1a: Basculegion
|-singleturn|p1a: Basculegion|Protect
|move|p2a: Froslass|Shadow Ball|p1b: Milotic
|-activate|p1b: Milotic|move: Protect
|
|-weather|Snowscape|[upkeep]
|-heal|p1b: Milotic|29/100|[from] item: Leftovers
|-sideend|p2: Dr.Agonite805|move: Tailwind
|upkeep
|turn|9
|
|t:|1784840110
|move|p2b: Tralalero|Dragon Claw|p1b: Milotic
|-damage|p1b: Milotic|0 fnt
|faint|p1b: Milotic
|move|p2a: Froslass|Shadow Ball|p1a: Basculegion
|-supereffective|p1a: Basculegion|1
|-damage|p1a: Basculegion|9/100
|-unboost|p1a: Basculegion|spd|1
|move|p1a: Basculegion|Last Respects|p2b: Tralalero
|-damage|p2b: Tralalero|0 fnt
|faint|p2b: Tralalero
|
|-weather|Snowscape|[upkeep]
|upkeep
|
|t:|1784840117
|switch|p2b: Forninho|Rotom-Heat, L50|63/100
|turn|10
|-message|Rugss forfeited.
|
|win|Dr.Agonite805
