|j|☆feedback9946
|j|☆Mestremarkusme
|html|feedback9946Mestremarkusme    
|uhtml|bestof|Game 2 of a best-of-3
|t:|1785149018
|gametype|doubles
|player|p1|feedback9946|grimsley-gen7|1180
|player|p2|Mestremarkusme|hiker-gen4|1153
|gen|9
|tier|[Gen 9 Champions] VGC 2026 Reg M-B (Bo3)
|rated|
|rule|Species Clause: Limit one of each Pokémon
|rule|Item Clause: Limit 1 of each item
|clearpoke
|poke|p1|Glimmora, L50, F|
|poke|p1|Swampert, L50, M|
|poke|p1|Kingambit, L50, F|
|poke|p1|Pelipper, L50, M|
|poke|p1|Rotom-Mow, L50|
|poke|p1|Noivern, L50, M|
|poke|p2|Incineroar, L50, F|
|poke|p2|Kingambit, L50, M|
|poke|p2|Sinistcha, L50|
|poke|p2|Sneasler, L50, M|
|poke|p2|Blastoise, L50, M|
|poke|p2|Delphox, L50, M|
|teampreview|4
|showteam|p1|Glimmora||Glimmoranite|ToxicDebris|PowerGem,SludgeWave,EarthPower,SpikyShield|Modest||F|||50|]Swampert||Swampertite|Torrent|WaveCrash,Earthquake,IcePunch,Protect|Adamant||M|||50|]Kingambit||ChopleBerry|Defiant|SuckerPunch,KowtowCleave,IronHead,Protect|Adamant||F|||50|]Pelipper||SitrusBerry|Drizzle|Hurricane,WeatherBall,WideGuard,Protect|Modest||M|||50|]Rotom-Mow||ChoiceScarf|Levitate|LeafStorm,VoltSwitch,Discharge,Electroweb|Timid|||||50|]Noivern||FocusSash|Telepathy|DracoMeteor,SuperFang,Tailwind,Protect|Timid||M|||50|
|showteam|p2|Incineroar||SitrusBerry|Intimidate|FakeOut,FlareBlitz,ThroatChop,PartingShot|Impish||F|||50|]Kingambit||BlackGlasses|Defiant|KowtowCleave,SuckerPunch,SwordsDance,Protect|Adamant||M|||50|]Sinistcha||OccaBerry|Hospitality|MatchaGotcha,RagePowder,TrickRoom,Protect|Relaxed|||||50|]Sneasler||FocusSash|PoisonTouch|FakeOut,CloseCombat,PoisonJab,QuickGuard|Jolly||M|||50|]Blastoise||Blastoisinite|RainDish|WaterSpout,DarkPulse,ShellSmash,Protect|Modest||M|||50|]Delphox||Delphoxite|Blaze|HeatWave,Psychic,NastyPlot,Protect|Timid||M|||50|
|
|t:|1785149047
|teamsize|p1|4
|teamsize|p2|4
|start
|switch|p1a: Rotom|Rotom-Mow, L50|100/100
|switch|p1b: Noivern|Noivern, L50, M|100/100
|switch|p2a: Kingambit|Kingambit, L50, M|100/100
|switch|p2b: Incineroar|Incineroar, L50, F|100/100
|-ability|p2b: Incineroar|Intimidate|boost
|-unboost|p1a: Rotom|atk|1
|-unboost|p1b: Noivern|atk|1
|turn|1
|
|t:|1785149099
|switch|p1b: Swampert|Swampert, L50, M|100/100
|move|p1a: Rotom|Volt Switch|p2b: Incineroar
|-crit|p2b: Incineroar
|-damage|p2b: Incineroar|60/100
|
|t:|1785149105
|switch|p1a: Pelipper|Pelipper, L50, M|100/100|[from] Volt Switch
|-weather|RainDance|[from] ability: Drizzle|[of] p1a: Pelipper
|move|p2b: Incineroar|Parting Shot|p1a: Pelipper
|-unboost|p1a: Pelipper|atk|1
|-unboost|p1a: Pelipper|spa|1
|
|t:|1785149131
|switch|p2b: Sinistcha|Sinistcha, L50|100/100|[from] Parting Shot
|move|p2a: Kingambit|Swords Dance|p2a: Kingambit
|-boost|p2a: Kingambit|atk|2
|
|-weather|RainDance|[upkeep]
|upkeep
|turn|2
|
|t:|1785149176
|switch|p2b: Incineroar|Incineroar, L50, F|60/100
|-ability|p2b: Incineroar|Intimidate|boost
|-unboost|p1a: Pelipper|atk|1
|-unboost|p1b: Swampert|atk|1
|detailschange|p1b: Swampert|Swampert-Mega, L50, M
|-mega|p1b: Swampert|Swampert|Swampertite
|move|p2a: Kingambit|Protect|p2a: Kingambit
|-singleturn|p2a: Kingambit|Protect
|move|p1b: Swampert|Ice Punch|p2b: Incineroar
|-resisted|p2b: Incineroar|1
|-damage|p2b: Incineroar|52/100
|move|p1a: Pelipper|Hurricane|p2b: Incineroar
|-damage|p2b: Incineroar|20/100y
|-enditem|p2b: Incineroar|Sitrus Berry|[eat]
|-heal|p2b: Incineroar|45/100|[from] item: Sitrus Berry
|
|-weather|RainDance|[upkeep]
|upkeep
|turn|3
|
|t:|1785149232
|move|p1b: Swampert|Protect|p1b: Swampert
|-singleturn|p1b: Swampert|Protect
|move|p1a: Pelipper|Protect|p1a: Pelipper
|-singleturn|p1a: Pelipper|Protect
|move|p2b: Incineroar|Fake Out|p1b: Swampert
|-activate|p1b: Swampert|move: Protect
|move|p2a: Kingambit|Kowtow Cleave|p1a: Pelipper
|-activate|p1a: Pelipper|move: Protect
|
|-weather|RainDance|[upkeep]
|upkeep
|turn|4
|
|t:|1785149262
|move|p1b: Swampert|Earthquake|p2b: Incineroar|[spread] p2a,p2b
|-immune|p1a: Pelipper
|-supereffective|p2a: Kingambit|1
|-supereffective|p2b: Incineroar|1
|-damage|p2a: Kingambit|53/100
|-damage|p2b: Incineroar|0 fnt
|faint|p2b: Incineroar
|move|p1a: Pelipper|Weather Ball|p2a: Kingambit
|-damage|p2a: Kingambit|16/100
|move|p2a: Kingambit|Kowtow Cleave|p1a: Pelipper
|-damage|p1a: Pelipper|0 fnt
|faint|p1a: Pelipper
|
|-weather|RainDance|[upkeep]
|upkeep
|
|t:|1785149289
|switch|p1a: Noivern|Noivern, L50, M|100/100
|switch|p2b: Sinistcha|Sinistcha, L50|100/100
|-heal|p2a: Kingambit|41/100|[from] ability: Hospitality|[of] p2b: Sinistcha
|turn|5
|
|t:|1785149297
|move|p2a: Kingambit|Protect|p2a: Kingambit
|-singleturn|p2a: Kingambit|Protect
|move|p1b: Swampert|Ice Punch|p2b: Sinistcha
|-supereffective|p2b: Sinistcha|1
|-damage|p2b: Sinistcha|66/100
|move|p1a: Noivern|Draco Meteor|p2b: Sinistcha|[miss]
|-miss|p1a: Noivern|p2b: Sinistcha
|move|p2b: Sinistcha|Trick Room|p2b: Sinistcha
|-fieldstart|move: Trick Room|[of] p2b: Sinistcha
|
|-weather|none
|upkeep
|turn|6
|
|t:|1785149320
|move|p1b: Swampert|Protect|p1b: Swampert
|-singleturn|p1b: Swampert|Protect
|move|p2a: Kingambit|Kowtow Cleave|p1b: Swampert
|-activate|p1b: Swampert|move: Protect
|move|p2b: Sinistcha|Matcha Gotcha|p1a: Noivern|[spread] p1a
|-activate|p1b: Swampert|move: Protect
|-resisted|p1a: Noivern|2
|-crit|p1a: Noivern
|-damage|p1a: Noivern|88/100
|-heal|p2b: Sinistcha|71/100|[from] drain|[of] p1a: Noivern
|move|p1a: Noivern|Draco Meteor|p2b: Sinistcha
|-damage|p2b: Sinistcha|21/100
|-unboost|p1a: Noivern|spa|2
|
|upkeep
|turn|7
|
|t:|1785149351
|switch|p1b: Rotom|Rotom-Mow, L50|100/100
|move|p2a: Kingambit|Kowtow Cleave|p1a: Noivern
|-damage|p1a: Noivern|0 fnt
|faint|p1a: Noivern
|move|p2b: Sinistcha|Matcha Gotcha|p1b: Rotom
|-resisted|p1b: Rotom|1
|-damage|p1b: Rotom|81/100
|-heal|p2b: Sinistcha|29/100|[from] drain|[of] p1b: Rotom
|-status|p1b: Rotom|brn
|
|-damage|p1b: Rotom|75/100 brn|[from] brn
|upkeep
|
|t:|1785149357
|switch|p1a: Swampert|Swampert-Mega, L50, M|100/100
|turn|8
|
|t:|1785149372
|move|p2a: Kingambit|Kowtow Cleave|p1b: Rotom
|-damage|p1b: Rotom|0 fnt
|faint|p1b: Rotom
|move|p2b: Sinistcha|Matcha Gotcha|p1a: Swampert
|-supereffective|p1a: Swampert|2
|-damage|p1a: Swampert|0 fnt
|-heal|p2b: Sinistcha|83/100|[from] drain|[of] p1a: Swampert
|faint|p1a: Swampert
|
|win|Mestremarkusme
|raw|feedback9946's rating: 1180 → 1153(-27 for losing)
|raw|Mestremarkusme's rating: 1153 → 1180(+27 for winning)
