|j|☆dyd666
|j|☆irluke
|html|dyd666irluke    
|uhtml|bestof|Game 1 of a best-of-3
|t:|1756158259
|gametype|doubles
|player|p1|dyd666|265|1168
|player|p2|irluke|n|1235
|gen|9
|tier|[Gen 9] VGC 2025 Reg H (Bo3)
|rated|
|rule|Species Clause: Limit one of each Pokémon
|rule|Item Clause: Limit 1 of each item
|clearpoke
|poke|p1|Archaludon, L50, F|
|poke|p1|Pelipper, L50, F|
|poke|p1|Blastoise, L50, M|
|poke|p1|Maushold, L50|
|poke|p1|Sneasler, L50, M|
|poke|p1|Indeedee-F, L50, F|
|poke|p2|Clefable, L50, M|
|poke|p2|Baxcalibur, L50, F|
|poke|p2|Sneasler, L50, F|
|poke|p2|Incineroar, L50, M|
|poke|p2|Gholdengo, L50|
|poke|p2|Pelipper, L50, F|
|teampreview|4
|showteam|p1|Archaludon||AssaultVest|Stamina|FlashCannon,ElectroShot,DracoMeteor,BodyPress|||F|||50|,,,,,Ghost]Pelipper||ChoiceScarf|Drizzle|Hurricane,WeatherBall,Tailwind,Uturn|||F|||50|,,,,,Ghost]Blastoise||SplashPlate|Torrent|WaterSpout,HydroPump,ShellSmash,Protect|||M|||50|,,,,,Water]Maushold||WideLens|Technician|PopulationBomb,Taunt,Bite,Protect||||||50|,,,,,Ghost]Sneasler||PsychicSeed|Unburden|DireClaw,CloseCombat,Acrobatics,Protect|||M|||50|,,,,,Flying]Indeedee-F||SitrusBerry|PsychicSurge|Psychic,TrickRoom,HelpingHand,FollowMe|||F|||50|,,,,,Fairy
|showteam|p2|Clefable||SafetyGoggles|Unaware|FollowMe,Moonblast,LifeDew,Protect|||M|||50|,,,,,Water]Baxcalibur||LoadedDice|ThermalExchange|IcicleSpear,ScaleShot,HighHorsepower,Protect|||F|||50|,,,,,Poison]Sneasler||FocusSash|Unburden|Coaching,CloseCombat,DireClaw,Protect|||F|||50|,,,,,Stellar]Incineroar||AssaultVest|Intimidate|FakeOut,KnockOff,FlareBlitz,Uturn|||M|||50|,,,,,Ghost]Gholdengo||MetalCoat|GoodasGold|MakeItRain,ShadowBall,Protect,NastyPlot||||||50|,,,,,Water]Pelipper||CovertCloak|Drizzle|WeatherBall,Hurricane,WideGuard,Protect|||F|||50|,,,,,Grass
|inactive|Battle timer is ON: inactive players will automatically lose when time's up. (requested by irluke)
|inactive|dyd666 has 60 seconds left.
|inactive|irluke has 60 seconds left.
|inactive|dyd666 has 30 seconds left.
|inactive|irluke has 30 seconds left.
|
|t:|1756158322
|teamsize|p1|4
|teamsize|p2|4
|start
|switch|p1a: Maushold|Maushold, L50|100/100
|switch|p1b: Archaludon|Archaludon, L50, F|100/100
|switch|p2a: I hate it|Incineroar, L50, M, shiny|100/100
|switch|p2b: What|Baxcalibur, L50, F, shiny|100/100
|-ability|p2a: I hate it|Intimidate|boost
|-unboost|p1a: Maushold|atk|1
|-unboost|p1b: Archaludon|atk|1
|turn|1
|
|t:|1756158345
|-terastallize|p2b: What|Poison
|move|p1a: Maushold|Population Bomb|p1b: Archaludon
|-resisted|p1b: Archaludon
|-damage|p1b: Archaludon|97/100
|-ability|p1b: Archaludon|Stamina|boost
|-boost|p1b: Archaludon|def|1
|-resisted|p1b: Archaludon
|-damage|p1b: Archaludon|96/100
|-ability|p1b: Archaludon|Stamina|boost
|-boost|p1b: Archaludon|def|1
|-resisted|p1b: Archaludon
|-damage|p1b: Archaludon|94/100
|-ability|p1b: Archaludon|Stamina|boost
|-boost|p1b: Archaludon|def|1
|-resisted|p1b: Archaludon
|-damage|p1b: Archaludon|93/100
|-ability|p1b: Archaludon|Stamina|boost
|-boost|p1b: Archaludon|def|1
|-resisted|p1b: Archaludon
|-damage|p1b: Archaludon|92/100
|-ability|p1b: Archaludon|Stamina|boost
|-boost|p1b: Archaludon|def|1
|-resisted|p1b: Archaludon
|-damage|p1b: Archaludon|91/100
|-ability|p1b: Archaludon|Stamina|boost
|-boost|p1b: Archaludon|def|1
|-resisted|p1b: Archaludon
|-damage|p1b: Archaludon|91/100
|-resisted|p1b: Archaludon
|-crit|p1b: Archaludon
|-damage|p1b: Archaludon|84/100
|-resisted|p1b: Archaludon
|-damage|p1b: Archaludon|84/100
|-resisted|p1b: Archaludon
|-damage|p1b: Archaludon|83/100
|-hitcount|p1b: Archaludon|10
|move|p2b: What|Scale Shot|p1b: Archaludon
|-damage|p1b: Archaludon|80/100
|-damage|p1b: Archaludon|77/100
|-damage|p1b: Archaludon|74/100
|-damage|p1b: Archaludon|71/100
|-damage|p1b: Archaludon|68/100
|-hitcount|p1b: Archaludon|5
|-unboost|p2b: What|def|1
|-boost|p2b: What|spe|1
|move|p1b: Archaludon|Body Press|p2a: I hate it
|-supereffective|p2a: I hate it
|-damage|p2a: I hate it|0 fnt
|faint|p2a: I hate it
|
|upkeep
|inactive|irluke has 30 seconds left.
|inactive|irluke has 20 seconds left.
|
|t:|1756158385
|switch|p2a: Look. At. Me.|Clefable, L50, M|100/100
|turn|2
|
|t:|1756158399
|switch|p1a: Pelipper|Pelipper, L50, F|100/100
|-weather|RainDance|[from] ability: Drizzle|[of] p1a: Pelipper
|move|p2a: Look. At. Me.|Follow Me|p2a: Look. At. Me.
|-singleturn|p2a: Look. At. Me.|move: Follow Me
|move|p2b: What|Scale Shot|p1b: Archaludon
|-damage|p1b: Archaludon|65/100
|-damage|p1b: Archaludon|62/100
|-damage|p1b: Archaludon|58/100
|-damage|p1b: Archaludon|55/100
|-hitcount|p1b: Archaludon|4
|-unboost|p2b: What|def|1
|-boost|p2b: What|spe|1
|move|p1b: Archaludon|Flash Cannon|p2a: Look. At. Me.
|-supereffective|p2a: Look. At. Me.
|-damage|p2a: Look. At. Me.|40/100
|
|-weather|RainDance|[upkeep]
|upkeep
|turn|3
|inactive|irluke has 30 seconds left.
|
|t:|1756158430
|move|p2a: Look. At. Me.|Protect|p2a: Look. At. Me.
|-singleturn|p2a: Look. At. Me.|Protect
|move|p2b: What|Icicle Spear|p1a: Pelipper
|-damage|p1a: Pelipper|82/100
|-damage|p1a: Pelipper|62/100
|-damage|p1a: Pelipper|42/100
|-damage|p1a: Pelipper|24/100
|-hitcount|p1a: Pelipper|4
|move|p1a: Pelipper|Weather Ball|p2a: Look. At. Me.
|-activate|p2a: Look. At. Me.|move: Protect
|move|p1b: Archaludon|Body Press|p2b: What
|-resisted|p2b: What
|-damage|p2b: What|8/100
|
|-weather|RainDance|[upkeep]
|upkeep
|turn|4
|inactive|irluke has 30 seconds left.
|
|t:|1756158465
|move|p2a: Look. At. Me.|Follow Me|p2a: Look. At. Me.
|-singleturn|p2a: Look. At. Me.|move: Follow Me
|move|p2b: What|Icicle Spear|p1b: Archaludon
|-damage|p1b: Archaludon|51/100
|-damage|p1b: Archaludon|48/100
|-damage|p1b: Archaludon|45/100
|-damage|p1b: Archaludon|42/100
|-damage|p1b: Archaludon|39/100
|-hitcount|p1b: Archaludon|5
|move|p1a: Pelipper|Weather Ball|p2a: Look. At. Me.
|-damage|p2a: Look. At. Me.|0 fnt
|faint|p2a: Look. At. Me.
|move|p1b: Archaludon|Body Press|p2b: What
|-resisted|p2b: What
|-damage|p2b: What|0 fnt
|faint|p2b: What
|
|-weather|RainDance|[upkeep]
|upkeep
|
|t:|1756158477
|switch|p2b: 99% Quit|Sneasler, L50, F|100/100
|turn|5
|
|t:|1756158491
|move|p1a: Pelipper|Weather Ball|p2b: 99% Quit
|-damage|p2b: 99% Quit|6/100
|move|p2b: 99% Quit|Close Combat|p1b: Archaludon
|-supereffective|p1b: Archaludon
|-damage|p1b: Archaludon|14/100
|-unboost|p2b: 99% Quit|def|1
|-unboost|p2b: 99% Quit|spd|1
|move|p1b: Archaludon|Body Press|p2b: 99% Quit
|-resisted|p2b: 99% Quit
|-damage|p2b: 99% Quit|0 fnt
|faint|p2b: 99% Quit
|
|win|dyd666
||irluke is ready for game 2.
|inactive|dyd666 has 30 seconds to confirm battle start!
|inactive|dyd666 has 20 seconds to confirm battle start!
|inactive|dyd666 has 10 seconds to confirm battle start!
|uhtml|next|Next: Game 2 of 3
