|j|☆Reboquete
|j|☆spoolingus
|html|Reboquetespoolingus    
|uhtml|bestof|Game 1 of a best-of-3
|t:|1782243237
|gametype|doubles
|player|p1|Reboquete|iris-gen5bw2|1185
|player|p2|spoolingus|102|1226
|gen|9
|tier|[Gen 9 Champions] VGC 2026 Reg M-B (Bo3)
|rated|
|rule|Species Clause: Limit one of each Pokémon
|rule|Item Clause: Limit 1 of each item
|clearpoke
|poke|p1|Staraptor, L50, M|
|poke|p1|Grimmsnarl, L50, M|
|poke|p1|Garchomp, L50, M|
|poke|p1|Basculegion, L50, M|
|poke|p1|Maushold, L50|
|poke|p1|Gholdengo, L50|
|poke|p2|Swampert, L50, F|
|poke|p2|Sinistcha, L50|
|poke|p2|Pelipper, L50, F|
|poke|p2|Archaludon, L50, M|
|poke|p2|Grimmsnarl, L50, M|
|poke|p2|Metagross, L50|
|teampreview|4
|showteam|p1|Staraptor||Staraptite|Intimidate|CloseCombat,BraveBird,Roost,Protect|Jolly||M|||50|]Grimmsnarl||LightClay|Prankster|Reflect,LightScreen,SpiritBreak,PartingShot|Careful||M|||50|]Garchomp||RoseliBerry|RoughSkin|RockSlide,DragonClaw,Earthquake,PoisonJab|Jolly||M|||50|]Basculegion||ChoiceScarf|Adaptability|WaveCrash,FlipTurn,LastRespects,AquaJet|Jolly||M|||50|]Maushold||FocusSash|FriendGuard|Charm,FollowMe,SuperFang,Protect|Jolly|||||50|]Gholdengo||LifeOrb|GoodasGold|MakeItRain,ShadowBall,Protect,NastyPlot|Modest|||||50|
|showteam|p2|Swampert||Swampertite|Torrent|WaveCrash,HighHorsepower,KnockOff,Protect|Adamant||F|||50|]Sinistcha||KasibBerry|Hospitality|MatchaGotcha,RagePowder,TrickRoom,LifeDew|Bold|||||50|]Pelipper||FocusSash|Drizzle|WeatherBall,Hurricane,Tailwind,Protect|Modest||F|||50|]Archaludon||Leftovers|Stamina|ElectroShot,DragonPulse,FlashCannon,Protect|Calm||M|||50|]Grimmsnarl||LightClay|Prankster|FoulPlay,Reflect,LightScreen,PartingShot|Calm||M|||50|]Metagross||Metagrossite|ClearBody|PsychicFangs,IronHead,BodyPress,Protect|Jolly|||||50|
|
|t:|1782243291
|teamsize|p1|4
|teamsize|p2|4
|start
|switch|p1a: Gholdengo|Gholdengo, L50|100/100
|switch|p1b: Basculegion|Basculegion, L50, M|100/100
|switch|p2a: Metagross|Metagross, L50|100/100
|switch|p2b: Grimmsnarl|Grimmsnarl, L50, M|100/100
|turn|1
|
|t:|1782243315
|detailschange|p2a: Metagross|Metagross-Mega, L50
|-mega|p2a: Metagross|Metagross|Metagrossite
|move|p2b: Grimmsnarl|Reflect|p2b: Grimmsnarl
|-sidestart|p2: spoolingus|Reflect
|move|p1b: Basculegion|Wave Crash|p2a: Metagross
|-damage|p2a: Metagross|58/100
|-damage|p1b: Basculegion|89/100|[from] Recoil
|move|p2a: Metagross|Psychic Fangs|p1a: Gholdengo
|-resisted|p1a: Gholdengo|1
|-damage|p1a: Gholdengo|62/100
|move|p1a: Gholdengo|Nasty Plot|p1a: Gholdengo
|-boost|p1a: Gholdengo|spa|2
|
|upkeep
|turn|2
|
|t:|1782243347
|move|p2a: Metagross|Protect|p2a: Metagross
|-singleturn|p2a: Metagross|Protect
|move|p1b: Basculegion|Wave Crash|p2a: Metagross
|-activate|p2a: Metagross|move: Protect
|move|p1a: Gholdengo|Make It Rain|p2a: Metagross|[spread] p2b
|-activate|p2a: Metagross|move: Protect
|-supereffective|p2b: Grimmsnarl|1
|-damage|p2b: Grimmsnarl|0 fnt
|-unboost|p1a: Gholdengo|spa|2
|faint|p2b: Grimmsnarl
|-damage|p1a: Gholdengo|52/100|[from] item: Life Orb
|
|upkeep
|
|t:|1782243357
|switch|p2b: Sinistcha|Sinistcha, L50|100/100
|-heal|p2a: Metagross|83/100|[from] ability: Hospitality|[of] p2b: Sinistcha
|turn|3
|
|t:|1782243371
|switch|p2a: Pelipper|Pelipper, L50, F|100/100
|-weather|RainDance|[from] ability: Drizzle|[of] p2a: Pelipper
|move|p1b: Basculegion|Wave Crash|p2a: Pelipper
|-resisted|p2a: Pelipper|1
|-crit|p2a: Pelipper
|-enditem|p2a: Pelipper|Focus Sash
|-damage|p2a: Pelipper|1/100
|-damage|p1b: Basculegion|66/100|[from] Recoil
|move|p1a: Gholdengo|Shadow Ball|p2a: Pelipper
|-damage|p2a: Pelipper|0 fnt
|faint|p2a: Pelipper
|-damage|p1a: Gholdengo|42/100|[from] item: Life Orb
|move|p2b: Sinistcha|Matcha Gotcha|p1a: Gholdengo|[spread] p1a,p1b
|-resisted|p1a: Gholdengo|1
|-supereffective|p1b: Basculegion|1
|-damage|p1a: Gholdengo|28/100
|-damage|p1b: Basculegion|10/100
|
|-weather|RainDance|[upkeep]
|upkeep
|
|t:|1782243380
|switch|p2a: Metagross|Metagross-Mega, L50|83/100
|turn|4
|
|t:|1782243405
|switch|p1b: Maushold|Maushold, L50|100/100
|move|p1a: Gholdengo|Protect|p1a: Gholdengo
|-singleturn|p1a: Gholdengo|Protect
|move|p2a: Metagross|Psychic Fangs|p1b: Maushold
|-damage|p1b: Maushold|23/100
|move|p2b: Sinistcha|Matcha Gotcha|p1b: Maushold|[spread] p1b
|-activate|p1a: Gholdengo|move: Protect
|-damage|p1b: Maushold|0 fnt
|faint|p1b: Maushold
|
|-weather|RainDance|[upkeep]
|upkeep
|
|t:|1782243423
|switch|p1b: Garchomp|Garchomp, L50, M|100/100
|turn|5
|
|t:|1782243443
|move|p2a: Metagross|Psychic Fangs|p1a: Gholdengo
|-resisted|p1a: Gholdengo|1
|-damage|p1a: Gholdengo|0 fnt
|faint|p1a: Gholdengo
|move|p1b: Garchomp|Poison Jab|p2b: Sinistcha
|-damage|p2b: Sinistcha|86/100
|move|p2b: Sinistcha|Matcha Gotcha|p1b: Garchomp|[miss]
|-miss|p2b: Sinistcha|p1b: Garchomp
|
|-weather|RainDance|[upkeep]
|upkeep
|
|t:|1782243457
|switch|p1a: Basculegion|Basculegion, L50, M|10/100
|turn|6
|
|t:|1782243471
|move|p2a: Metagross|Protect|p2a: Metagross
|-singleturn|p2a: Metagross|Protect
|move|p1a: Basculegion|Last Respects|p2b: Sinistcha
|-supereffective|p2b: Sinistcha|1
|-enditem|p2b: Sinistcha|Kasib Berry|[eat]
|-enditem|p2b: Sinistcha|Kasib Berry|[weaken]
|-damage|p2b: Sinistcha|34/100
|move|p1b: Garchomp|Rock Slide|p2b: Sinistcha|[spread] p2b
|-activate|p2a: Metagross|move: Protect
|-damage|p2b: Sinistcha|24/100
|move|p2b: Sinistcha|Matcha Gotcha|p1b: Garchomp|[spread] p1a,p1b
|-supereffective|p1a: Basculegion|1
|-damage|p1a: Basculegion|0 fnt
|-heal|p2b: Sinistcha|30/100|[from] drain|[of] p1a: Basculegion
|-damage|p1b: Garchomp|74/100
|-heal|p2b: Sinistcha|44/100|[from] drain|[of] p1b: Garchomp
|faint|p1a: Basculegion
|
|-weather|RainDance|[upkeep]
|upkeep
|turn|7
|
|t:|1782243492
|move|p2a: Metagross|Psychic Fangs|p1b: Garchomp
|-damage|p1b: Garchomp|11/100
|-damage|p2a: Metagross|71/100|[from] ability: Rough Skin|[of] p1b: Garchomp
|move|p1b: Garchomp|Earthquake|p2a: Metagross|[spread] p2a,p2b
|-supereffective|p2a: Metagross|1
|-resisted|p2b: Sinistcha|1
|-damage|p2a: Metagross|28/100
|-damage|p2b: Sinistcha|34/100
|move|p2b: Sinistcha|Matcha Gotcha|p1b: Garchomp
|-damage|p1b: Garchomp|0 fnt
|-heal|p2b: Sinistcha|41/100|[from] drain|[of] p1b: Garchomp
|faint|p1b: Garchomp
|
|win|spoolingus
||spoolingus is ready for game 2.
|inactive|Reboquete has 30 seconds to confirm battle start!
||Reboquete is ready for game 2.
|uhtml|next|Next: Game 2 of 3
|l|☆Reboquete
|player|p1|
