|j|☆figglewiggle
|j|☆coberdt
|html|figglewigglecoberdt    
|uhtml|bestof|Game 2 of a best-of-3
|t:|1785456677
|gametype|doubles
|player|p1|figglewiggle|101|1261
|player|p2|coberdt|lebanne|1251
|gen|9
|tier|[Gen 9 Champions] VGC 2026 Reg M-B (Bo3)
|rated|
|rule|Species Clause: Limit one of each Pokémon
|rule|Item Clause: Limit 1 of each item
|clearpoke
|poke|p1|Glimmora, L50, F|
|poke|p1|Charizard, L50, F|
|poke|p1|Whimsicott, L50, F|
|poke|p1|Ninetales-Alola, L50, F|
|poke|p1|Kingambit, L50, M|
|poke|p1|Kommo-o, L50, F|
|poke|p2|Staraptor, L50, M|
|poke|p2|Delphox, L50, F|
|poke|p2|Whimsicott, L50, F|
|poke|p2|Garchomp, L50, M|
|poke|p2|Kingambit, L50, F|
|poke|p2|Glimmora, L50, F|
|teampreview|4
|showteam|p1|Glimmora||Glimmoranite|ToxicDebris|PowerGem,SludgeBomb,EarthPower,SpikyShield|Modest||F|||50|]Charizard||CharizarditeY|SolarPower|WeatherBall,HeatWave,SolarBeam,Protect|Modest||F|||50|]Whimsicott||FocusSash|Prankster|Moonblast,Tailwind,Encore,Protect|Timid||F|||50|]Ninetales-Alola||NeverMeltIce|SnowWarning|Blizzard,FreezeDry,Disable,Protect|Timid||F|||50|]Kingambit||BlackGlasses|Defiant|IronHead,KowtowCleave,SuckerPunch,Protect|Adamant||M|||50|]Kommo-o||LifeOrb|Overcoat|ClangingScales,VacuumWave,AuraSphere,Protect|Modest||F|||50|
|showteam|p2|Staraptor||Staraptite|Intimidate|CloseCombat,BraveBird,Roost,Protect|Jolly||M|||50|]Delphox||Delphoxite|Blaze|HeatWave,Psychic,Substitute,Protect|Timid||F|||50|]Whimsicott||OccaBerry|Prankster|Tailwind,Moonblast,Charm,LightScreen|Timid||F|||50|]Garchomp||LifeOrb|RoughSkin|Earthquake,DragonClaw,RockSlide,Protect|Jolly||M|||50|]Kingambit||ChopleBerry|Defiant|KowtowCleave,SuckerPunch,IronHead,Protect|Adamant||F|||50|]Glimmora||FocusSash|ToxicDebris|PowerGem,SludgeBomb,EarthPower,SpikyShield|Modest||F|||50|
|inactive|Battle timer is ON: inactive players will automatically lose when time's up. (requested by figglewiggle)
|inactive|figglewiggle has 60 seconds left.
|inactive|coberdt has 60 seconds left.
|
|t:|1785456729
|teamsize|p1|4
|teamsize|p2|4
|start
|switch|p1a: Glimmora|Glimmora, L50, F|100/100
|switch|p1b: Whimsicott|Whimsicott, L50, F|100/100
|switch|p2a: Staraptor|Staraptor, L50, M|100/100
|switch|p2b: Garchomp|Garchomp, L50, M|100/100
|-ability|p2a: Staraptor|Intimidate|boost
|-unboost|p1a: Glimmora|atk|1
|-unboost|p1b: Whimsicott|atk|1
|turn|1
|inactive|figglewiggle has 30 seconds left.
|inactive|figglewiggle has 20 seconds left.
|inactive|figglewiggle has 15 seconds left.
|inactive|figglewiggle has 10 seconds left.
|
|t:|1785456777
|move|p2a: Staraptor|Protect|p2a: Staraptor
|-singleturn|p2a: Staraptor|Protect
|move|p1a: Glimmora|Spiky Shield|p1a: Glimmora
|-singleturn|p1a: Glimmora|move: Protect
|move|p1b: Whimsicott|Moonblast|p2b: Garchomp
|-supereffective|p2b: Garchomp|1
|-damage|p2b: Garchomp|25/100
|move|p2b: Garchomp|Earthquake|p1a: Glimmora|[spread] p1b
|-activate|p2a: Staraptor|move: Protect
|-activate|p1a: Glimmora|move: Protect
|-resisted|p1b: Whimsicott|1
|-damage|p1b: Whimsicott|65/100
|-damage|p2b: Garchomp|15/100|[from] item: Life Orb
|
|upkeep
|turn|2
|inactive|figglewiggle has 30 seconds left.
|inactive|coberdt has 30 seconds left.
|inactive|figglewiggle has 20 seconds left.
|inactive|coberdt has 20 seconds left.
|inactive|figglewiggle has 15 seconds left.
|inactive|coberdt has 15 seconds left.
|inactive|figglewiggle has 10 seconds left.
|inactive|figglewiggle has 5 seconds left.
|
|t:|1785456832
|switch|p2b: Whimsicott|Whimsicott, L50, F|100/100
|detailschange|p2a: Staraptor|Staraptor-Mega, L50, M
|-mega|p2a: Staraptor|Staraptor|Staraptite
|detailschange|p1a: Glimmora|Glimmora-Mega, L50, F
|-mega|p1a: Glimmora|Glimmora|Glimmoranite
|move|p1b: Whimsicott|Moonblast|p2b: Whimsicott
|-damage|p2b: Whimsicott|51/100
|move|p2a: Staraptor|Brave Bird|p1b: Whimsicott
|-supereffective|p1b: Whimsicott|1
|-damage|p1b: Whimsicott|0 fnt
|faint|p1b: Whimsicott
|-damage|p2a: Staraptor|84/100|[from] Recoil
|move|p1a: Glimmora|Sludge Bomb|p2a: Staraptor
|-damage|p2a: Staraptor|13/100
|
|upkeep
|
|t:|1785456851
|switch|p1b: Kingambit|Kingambit, L50, M|100/100
|turn|3
|inactive|coberdt has 30 seconds left.
|inactive|coberdt has 20 seconds left.
|inactive|figglewiggle has 30 seconds left.
|inactive|coberdt has 15 seconds left.
|inactive|coberdt has 10 seconds left.
|inactive|coberdt has 5 seconds left.
|
|t:|1785456902
|switch|p1a: Ninetales|Ninetales-Alola, L50, F|100/100
|-weather|Snowscape|[from] ability: Snow Warning|[of] p1a: Ninetales
|move|p2a: Staraptor|Protect|p2a: Staraptor
|-singleturn|p2a: Staraptor|Protect
|move|p2b: Whimsicott|Tailwind|p2b: Whimsicott
|-sidestart|p2: coberdt|move: Tailwind
|move|p1b: Kingambit|Sucker Punch||[still]
|-fail|p1b: Kingambit
|
|-weather|Snowscape|[upkeep]
|upkeep
|turn|4
|inactive|figglewiggle has 30 seconds left.
|inactive|coberdt has 30 seconds left.
|
|t:|1785456938
|move|p1b: Kingambit|Sucker Punch|p2a: Staraptor
|-resisted|p2a: Staraptor|1
|-damage|p2a: Staraptor|0 fnt
|faint|p2a: Staraptor
|move|p2b: Whimsicott|Moonblast|p1a: Ninetales
|-damage|p1a: Ninetales|70/100
|move|p1a: Ninetales|Blizzard|p2b: Whimsicott
|-supereffective|p2b: Whimsicott|1
|-damage|p2b: Whimsicott|0 fnt
|faint|p2b: Whimsicott
|
|-weather|Snowscape|[upkeep]
|upkeep
|
|t:|1785456945
|switch|p2a: Garchomp|Garchomp, L50, M|15/100
|switch|p2b: Glimmora|Glimmora, L50, F|100/100
|turn|5
|inactive|figglewiggle has 30 seconds left.
|
|t:|1785456979
|switch|p1a: Glimmora|Glimmora-Mega, L50, F|100/100
|move|p1b: Kingambit|Protect|p1b: Kingambit
|-singleturn|p1b: Kingambit|Protect
|move|p2a: Garchomp|Rock Slide|p1a: Glimmora|[spread] p1a
|-activate|p1b: Kingambit|move: Protect
|-damage|p1a: Glimmora|75/100
|-damage|p2a: Garchomp|5/100|[from] item: Life Orb
|move|p2b: Glimmora|Earth Power|p1b: Kingambit
|-activate|p1b: Kingambit|move: Protect
|
|-weather|Snowscape|[upkeep]
|upkeep
|turn|6
|inactive|figglewiggle has 30 seconds left.
|inactive|coberdt has 30 seconds left.
|inactive|figglewiggle has 20 seconds left.
|
|t:|1785457017
|move|p2a: Garchomp|Protect|p2a: Garchomp
|-singleturn|p2a: Garchomp|Protect
|move|p1a: Glimmora|Spiky Shield|p1a: Glimmora
|-singleturn|p1a: Glimmora|move: Protect
|move|p1b: Kingambit|Sucker Punch||[still]
|-fail|p1b: Kingambit
|move|p2b: Glimmora|Earth Power|p1b: Kingambit
|-supereffective|p1b: Kingambit|1
|-damage|p1b: Kingambit|28/100
|
|-weather|Snowscape|[upkeep]
|-sideend|p2: coberdt|move: Tailwind
|upkeep
|turn|7
|
|t:|1785457034
|move|p2a: Garchomp|Protect|p2a: Garchomp
|-singleturn|p2a: Garchomp|Protect
|move|p1b: Kingambit|Sucker Punch||[still]
|-fail|p1b: Kingambit
|move|p1a: Glimmora|Earth Power|p2b: Glimmora
|-supereffective|p2b: Glimmora|2
|-enditem|p2b: Glimmora|Focus Sash
|-damage|p2b: Glimmora|1/100
|move|p2b: Glimmora|Earth Power|p1b: Kingambit
|-supereffective|p1b: Kingambit|1
|-damage|p1b: Kingambit|0 fnt
|faint|p1b: Kingambit
|
|-weather|none
|upkeep
|
|t:|1785457047
|switch|p1b: Ninetales|Ninetales-Alola, L50, F|70/100
|-weather|Snowscape|[from] ability: Snow Warning|[of] p1b: Ninetales
|turn|8
|
|t:|1785457054
|move|p1b: Ninetales|Blizzard|p2b: Glimmora|[spread] p2a,p2b
|-supereffective|p2a: Garchomp|2
|-damage|p2a: Garchomp|0 fnt
|-damage|p2b: Glimmora|0 fnt
|faint|p2a: Garchomp
|faint|p2b: Glimmora
|
|win|figglewiggle
|raw|figglewiggle's rating: 1261 → 1285(+24 for winning)
|raw|coberdt's rating: 1251 → 1227(-24 for losing)
|l|☆coberdt
|player|p2|
