|j|‽adrisntgg
|j|☆ThetaB
|html|adrisntggThetaB    
|uhtml|bestof|Game 1 of a best-of-3
|t:|1782586370
|gametype|doubles
|player|p1|adrisntgg|iris|1000
|player|p2|ThetaB|palmer|1144
|gen|9
|tier|[Gen 9 Champions] VGC 2026 Reg M-B (Bo3)
|rated|
|rule|Species Clause: Limit one of each Pokémon
|rule|Item Clause: Limit 1 of each item
|clearpoke
|poke|p1|Metagross, L50|
|poke|p1|Swampert, L50, F|
|poke|p1|Pelipper, L50, F|
|poke|p1|Sableye, L50, F|
|poke|p1|Archaludon, L50, F|
|poke|p1|Sylveon, L50, F|
|poke|p2|Hydreigon, L50, M|
|poke|p2|Garchomp, L50, M|
|poke|p2|Metagross, L50|
|poke|p2|Charizard, L50, M|
|poke|p2|Grimmsnarl, L50, M|
|poke|p2|Toxapex, L50, F|
|teampreview|4
|showteam|p1|Metagross||Metagrossite|ClearBody|HardPress,Trailblaze,PsychicFangs,Protect|Adamant|||||50|]Swampert||Swampertite|Torrent|WaveCrash,Earthquake,IcePunch,FlipTurn|Adamant||F|||50|]Pelipper||FocusSash|Drizzle|Tailwind,WeatherBall,Hurricane,Protect|Modest||F|||50|]Sableye||LightClay|Prankster|LightScreen,WillOWisp,RainDance,Reflect|Calm||F|||50|]Archaludon||Leftovers|Stamina|ElectroShot,DragonPulse,FlashCannon,Protect|Bold||F|||50|]Sylveon||FairyFeather|Pixilate|Detect,QuickAttack,HyperVoice,HyperBeam|Modest||F|||50|
|showteam|p2|Hydreigon||ChoiceScarf|Levitate|HeatWave,DarkPulse,DracoMeteor,Snarl|Modest||M|||50|]Garchomp||SitrusBerry|RoughSkin|Earthquake,RockSlide,DragonClaw,Protect|Adamant||M|||50|]Metagross||Metagrossite|ClearBody|IronHead,HammerArm,BulletPunch,Protect|Adamant|||||50|]Charizard||CharizarditeY|Blaze|Protect,HeatWave,SolarBeam,WeatherBall|Timid||M|||50|]Grimmsnarl||RoseliBerry|Prankster|FakeOut,FoulPlay,Reflect,PartingShot|Sassy||M|||50|]Toxapex||Leftovers|Regenerator|Infestation,Toxic,BanefulBunker,WideGuard|Bold||F|||50|
|
|t:|1782586403
|teamsize|p1|4
|teamsize|p2|4
|start
|switch|p1a: Sableye|Sableye, L50, F|100/100
|switch|p1b: Pelipper|Pelipper, L50, F|100/100
|switch|p2a: Grimmsnarl|Grimmsnarl, L50, M|100/100
|switch|p2b: Charizard|Charizard, L50, M|100/100
|-weather|RainDance|[from] ability: Drizzle|[of] p1b: Pelipper
|turn|1
|
|t:|1782586423
|detailschange|p2b: Charizard|Charizard-Mega-Y, L50, M
|-mega|p2b: Charizard|Charizard|Charizardite Y
|-weather|SunnyDay|[from] ability: Drought|[of] p2b: Charizard
|move|p2a: Grimmsnarl|Fake Out|p1b: Pelipper
|-damage|p1b: Pelipper|88/100
|move|p1a: Sableye|Light Screen|p1a: Sableye
|-sidestart|p1: adrisntgg|move: Light Screen
|move|p2b: Charizard|Heat Wave|p1b: Pelipper|[spread] p1a,p1b
|-resisted|p1b: Pelipper|1
|-damage|p1a: Sableye|60/100
|-damage|p1b: Pelipper|68/100
|cant|p1b: Pelipper|flinch
|
|-weather|SunnyDay|[upkeep]
|upkeep
|turn|2
|
|t:|1782586441
|switch|p2b: Toxapex|Toxapex, L50, F|100/100
|move|p2a: Grimmsnarl|Parting Shot|p1b: Pelipper
|-unboost|p1b: Pelipper|atk|1
|-unboost|p1b: Pelipper|spa|1
|inactive|Battle timer is ON: inactive players will automatically lose when time's up. (requested by adrisntgg)
|
|t:|1782586444
|switch|p2a: Hydreigon|Hydreigon, L50, M|100/100|[from] Parting Shot
|move|p1a: Sableye|Rain Dance|p1a: Sableye
|-weather|RainDance
|move|p1b: Pelipper|Weather Ball|p2b: Toxapex
|-resisted|p2b: Toxapex|1
|-damage|p2b: Toxapex|84/100
|
|-weather|RainDance|[upkeep]
|-heal|p2b: Toxapex|90/100|[from] item: Leftovers
|upkeep
|turn|3
|
|t:|1782586458
|switch|p1b: Sylveon|Sylveon, L50, F|100/100
|move|p1a: Sableye|Will-O-Wisp|p2b: Toxapex
|-status|p2b: Toxapex|brn
|move|p2a: Hydreigon|Snarl|p1a: Sableye|[spread] p1a,p1b
|-resisted|p1b: Sylveon|1
|-damage|p1a: Sableye|45/100
|-damage|p1b: Sylveon|94/100
|-unboost|p1a: Sableye|spa|1
|-unboost|p1b: Sylveon|spa|1
|move|p2b: Toxapex|Infestation|p1a: Sableye
|-damage|p1a: Sableye|42/100
|-activate|p1a: Sableye|move: Infestation|[of] p2b: Toxapex
|
|-weather|RainDance|[upkeep]
|-heal|p2b: Toxapex|96/100 brn|[from] item: Leftovers
|-damage|p2b: Toxapex|90/100 brn|[from] brn
|-damage|p1a: Sableye|29/100|[from] move: Infestation|[partiallytrapped]
|upkeep
|turn|4
|
|t:|1782586477
|switch|p2a: Charizard|Charizard-Mega-Y, L50, M|100/100
|-weather|SunnyDay|[from] ability: Drought|[of] p2a: Charizard
|move|p1a: Sableye|Reflect|p1a: Sableye
|-sidestart|p1: adrisntgg|Reflect
|move|p1b: Sylveon|Hyper Voice|p2b: Toxapex|[spread] p2a,p2b
|-resisted|p2a: Charizard|1
|-resisted|p2b: Toxapex|1
|-damage|p2a: Charizard|86/100
|-damage|p2b: Toxapex|80/100 brn
|move|p2b: Toxapex|Infestation|p1b: Sylveon
|-resisted|p1b: Sylveon|1
|-damage|p1b: Sylveon|94/100
|-activate|p1b: Sylveon|move: Infestation|[of] p2b: Toxapex
|
|-weather|SunnyDay|[upkeep]
|-heal|p2b: Toxapex|85/100 brn|[from] item: Leftovers
|-damage|p2b: Toxapex|80/100 brn|[from] brn
|-damage|p1b: Sylveon|82/100|[from] move: Infestation|[partiallytrapped]
|-damage|p1a: Sableye|17/100|[from] move: Infestation|[partiallytrapped]
|upkeep
|turn|5
|inactive|ThetaB has 30 seconds left.
|
|t:|1782586503
|move|p1a: Sableye|Rain Dance|p1a: Sableye
|-weather|RainDance
|move|p2a: Charizard|Heat Wave|p1b: Sylveon|[spread] p1a,p1b
|-damage|p1a: Sableye|5/100
|-damage|p1b: Sylveon|72/100
|move|p1b: Sylveon|Hyper Beam|p2b: Toxapex
|-resisted|p2b: Toxapex|1
|-damage|p2b: Toxapex|57/100 brn
|-mustrecharge|p1b: Sylveon
|move|p2b: Toxapex|Toxic|p1b: Sylveon
|-status|p1b: Sylveon|tox
|
|-weather|RainDance|[upkeep]
|-heal|p2b: Toxapex|63/100 brn|[from] item: Leftovers
|-damage|p1b: Sylveon|66/100 tox|[from] psn
|-damage|p2b: Toxapex|57/100 brn|[from] brn
|-damage|p1b: Sylveon|54/100 tox|[from] move: Infestation|[partiallytrapped]
|-damage|p1a: Sableye|0 fnt|[from] move: Infestation|[partiallytrapped]
|faint|p1a: Sableye
|upkeep
|
|t:|1782586514
|switch|p1a: Swampert|Swampert, L50, F|100/100
|turn|6
|
|t:|1782586524
|switch|p2a: Hydreigon|Hydreigon, L50, M|100/100
|detailschange|p1a: Swampert|Swampert-Mega, L50, F
|-mega|p1a: Swampert|Swampert|Swampertite
|move|p2b: Toxapex|Baneful Bunker|p2b: Toxapex
|-singleturn|p2b: Toxapex|move: Protect
|move|p1a: Swampert|Ice Punch|p2a: Hydreigon
|-supereffective|p2a: Hydreigon|1
|-damage|p2a: Hydreigon|28/100
|cant|p1b: Sylveon|recharge
|
|-weather|RainDance|[upkeep]
|-heal|p2b: Toxapex|63/100 brn|[from] item: Leftovers
|-damage|p1b: Sylveon|42/100 tox|[from] psn
|-damage|p2b: Toxapex|57/100 brn|[from] brn
|-damage|p1b: Sylveon|29/100 tox|[from] move: Infestation|[partiallytrapped]
|upkeep
|turn|7
|inactive|adrisntgg has 30 seconds left.
|inactive|ThetaB has 30 seconds left.
|
|t:|1782586555
|switch|p2a: Charizard|Charizard-Mega-Y, L50, M|86/100
|-weather|SunnyDay|[from] ability: Drought|[of] p2a: Charizard
|move|p1b: Sylveon|Quick Attack|p2a: Charizard
|-resisted|p2a: Charizard|1
|-damage|p2a: Charizard|79/100
|move|p1a: Swampert|Earthquake|p2a: Charizard|[spread] p1b,p2b
|-immune|p2a: Charizard
|-supereffective|p2b: Toxapex|1
|-damage|p1b: Sylveon|1/100 tox
|-damage|p2b: Toxapex|0 fnt
|faint|p2b: Toxapex
|
|-weather|SunnyDay|[upkeep]
|-damage|p1b: Sylveon|0 fnt|[from] psn
|faint|p1b: Sylveon
|upkeep
|
|t:|1782586569
|switch|p1b: Pelipper|Pelipper, L50, F|68/100
|switch|p2b: Grimmsnarl|Grimmsnarl, L50, M|100/100
|-weather|RainDance|[from] ability: Drizzle|[of] p1b: Pelipper
|turn|8
|
|t:|1782586594
|switch|p2a: Hydreigon|Hydreigon, L50, M|28/100
|move|p2b: Grimmsnarl|Fake Out|p1a: Swampert
|-damage|p1a: Swampert|93/100
|cant|p1a: Swampert|flinch
|move|p1b: Pelipper|Weather Ball|p2a: Hydreigon
|-resisted|p2a: Hydreigon|1
|-damage|p2a: Hydreigon|0 fnt
|faint|p2a: Hydreigon
|
|-weather|RainDance|[upkeep]
|-sideend|p1: adrisntgg|move: Light Screen
|upkeep
|
|t:|1782586598
|switch|p2a: Charizard|Charizard-Mega-Y, L50, M|79/100
|-weather|SunnyDay|[from] ability: Drought|[of] p2a: Charizard
|turn|9
|
|t:|1782586621
|move|p2b: Grimmsnarl|Reflect|p2b: Grimmsnarl
|-sidestart|p2: ThetaB|Reflect
|move|p2a: Charizard|Solar Beam||[still]
|-prepare|p2a: Charizard|Solar Beam
|-anim|p2a: Charizard|Solar Beam|p1b: Pelipper
|-damage|p1b: Pelipper|21/100
|move|p1a: Swampert|Wave Crash|p2a: Charizard
|-supereffective|p2a: Charizard|1
|-damage|p2a: Charizard|30/100
|-damage|p1a: Swampert|77/100|[from] Recoil
|move|p1b: Pelipper|Hurricane|p2a: Charizard
|-damage|p2a: Charizard|0 fnt
|faint|p2a: Charizard
|
|-weather|SunnyDay|[upkeep]
|upkeep
|turn|10
|-message|ThetaB forfeited.
|
|win|adrisntgg
||ThetaB is ready for game 2.
||adrisntgg is ready for game 2.
|uhtml|next|Next: Game 2 of 3
|l|‽adrisntgg
|player|p1|
