|j|☆fsdewfgkijeeoki
|j|‽Desertfreak
|html|fsdewfgkijeeokiDesertfreak    
|uhtml|bestof|Game 2 of a best-of-3
|t:|1757627125
|gametype|doubles
|player|p1|fsdewfgkijeeoki|lillie-masters|1312
|player|p2|Desertfreak|265|1386
|gen|9
|tier|[Gen 9] VGC 2025 Reg H (Bo3)
|rated|
|rule|Species Clause: Limit one of each Pokémon
|rule|Item Clause: Limit 1 of each item
|clearpoke
|poke|p1|Dondozo, L50, M|
|poke|p1|Tatsugiri, L50, F|
|poke|p1|Ursaluna-Bloodmoon, L50, M|
|poke|p1|Whimsicott, L50, F|
|poke|p1|Sneasler, L50, F|
|poke|p1|Indeedee, L50, M|
|poke|p2|Gholdengo, L50|
|poke|p2|Kilowattrel, L50, F|
|poke|p2|Incineroar, L50, F|
|poke|p2|Amoonguss, L50, M|
|poke|p2|Porygon2, L50|
|poke|p2|Ursaluna, L50, F|
|teampreview|4
|showteam|p1|Dondozo||Leftovers|Unaware|WaveCrash,OrderUp,Earthquake,Protect|||M|||50|,,,,,Grass]Tatsugiri||SafetyGoggles|Commander|DracoMeteor,MuddyWater,HelpingHand,Protect|||F|||50|,,,,,Fairy]Ursaluna-Bloodmoon||SilkScarf|MindsEye|BloodMoon,HyperVoice,EarthPower,Protect|||M|||50|,,,,,Normal]Whimsicott||CovertCloak|Prankster|Moonblast,Encore,LightScreen,Tailwind|||F|||50|,,,,,Dark]Sneasler||PsychicSeed|Unburden|CloseCombat,DireClaw,ThroatChop,Protect|||F|||50|,,,,,Dark]Indeedee||FocusSash|PsychicSurge|ExpandingForce,TeraBlast,HelpingHand,Protect|||M|||50|,,,,,Psychic
|showteam|p2|Gholdengo||LifeOrb|GoodasGold|MakeItRain,ShadowBall,Protect,NastyPlot||||||50|,,,,,Water]Kilowattrel||FocusSash|Competitive|AirSlash,Thunderbolt,Tailwind,Protect|||F|||50|,,,,,Ghost]Incineroar||SafetyGoggles|Intimidate|FakeOut,FlareBlitz,KnockOff,PartingShot|||F|||50|,,,,,Ghost]Amoonguss||SitrusBerry|Regenerator|PollenPuff,Spore,RagePowder,Protect|||M|||50|,,,,,Water]Porygon2||Eviolite|Download|TeraBlast,IceBeam,Recover,TrickRoom||||||50|,,,,,Fighting]Ursaluna||FlameOrb|Guts|Earthquake,Facade,HeadlongRush,Protect|||F|||50|,,,,,Ghost
|inactive|Battle timer is ON: inactive players will automatically lose when time's up. (requested by Desertfreak)
|
|t:|1757627184
|teamsize|p1|4
|teamsize|p2|4
|start
|switch|p1a: screaming bear|Ursaluna-Bloodmoon, L50, M|100/100
|switch|p1b: boom!|Indeedee, L50, M, shiny|100/100
|switch|p2a: Amoonguss|Amoonguss, L50, M, shiny|100/100
|switch|p2b: Porygon2|Porygon2, L50, shiny|100/100
|-fieldstart|move: Psychic Terrain|[from] ability: Psychic Surge|[of] p1b: boom!
|-ability|p2b: Porygon2|Download|boost
|-boost|p2b: Porygon2|spa|1
|turn|1
|inactive|Desertfreak has 30 seconds left.
|
|t:|1757627214
|-terastallize|p1a: screaming bear|Normal
|move|p2a: Amoonguss|Rage Powder|p2a: Amoonguss
|-singleturn|p2a: Amoonguss|move: Rage Powder
|move|p1b: boom!|Expanding Force|p2a: Amoonguss|[spread] p2a,p2b
|-supereffective|p2a: Amoonguss
|-damage|p2a: Amoonguss|14/100
|-damage|p2b: Porygon2|66/100
|-enditem|p2a: Amoonguss|Sitrus Berry|[eat]
|-heal|p2a: Amoonguss|39/100|[from] item: Sitrus Berry
|move|p1a: screaming bear|Hyper Voice|p2b: Porygon2|[spread] p2a,p2b
|-damage|p2a: Amoonguss|0 fnt
|-damage|p2b: Porygon2|23/100
|faint|p2a: Amoonguss
|move|p2b: Porygon2|Trick Room|p2b: Porygon2
|-fieldstart|move: Trick Room|[of] p2b: Porygon2
|
|upkeep
|inactive|Desertfreak has 30 seconds left.
|inactive|Desertfreak has 20 seconds left.
|
|t:|1757627251
|switch|p2a: Ursaluna|Ursaluna, L50, F, shiny|100/100
|turn|2
|inactive|fsdewfgkijeeoki has 30 seconds left.
|inactive|fsdewfgkijeeoki has 20 seconds left.
|
|t:|1757627289
|switch|p2b: Incineroar|Incineroar, L50, F, shiny|100/100
|-ability|p2b: Incineroar|Intimidate|boost
|-unboost|p1a: screaming bear|atk|1
|-unboost|p1b: boom!|atk|1
|move|p2a: Ursaluna|Protect|p2a: Ursaluna
|-singleturn|p2a: Ursaluna|Protect
|move|p1a: screaming bear|Hyper Voice|p2b: Incineroar|[spread] p2b
|-activate|p2a: Ursaluna|move: Protect
|-damage|p2b: Incineroar|41/100
|move|p1b: boom!|Expanding Force|p2a: Ursaluna|[spread] 
|-activate|p2a: Ursaluna|move: Protect
|-immune|p2b: Incineroar
|
|-status|p2a: Ursaluna|brn|[from] item: Flame Orb
|upkeep
|turn|3
|
|t:|1757627298
|move|p1a: screaming bear|Protect|p1a: screaming bear
|-singleturn|p1a: screaming bear|Protect
|move|p1b: boom!|Protect|p1b: boom!
|-singleturn|p1b: boom!|Protect
|move|p2a: Ursaluna|Facade|p1a: screaming bear
|-activate|p1a: screaming bear|move: Protect
|move|p2b: Incineroar|Knock Off|p1b: boom!
|-activate|p1b: boom!|move: Protect
|
|-damage|p2a: Ursaluna|95/100 brn|[from] brn
|upkeep
|turn|4
|inactive|fsdewfgkijeeoki has 30 seconds left.
|inactive|fsdewfgkijeeoki has 20 seconds left.
|inactive|fsdewfgkijeeoki has 15 seconds left.
|
|t:|1757627338
|move|p2a: Ursaluna|Facade|p1a: screaming bear
|-damage|p1a: screaming bear|0 fnt
|faint|p1a: screaming bear
|move|p2b: Incineroar|Parting Shot|p1b: boom!
|-unboost|p1b: boom!|atk|1
|-unboost|p1b: boom!|spa|1
|
|t:|1757627340
|switch|p2b: Porygon2|Porygon2, L50, shiny|23/100|[from] Parting Shot
|-ability|p2b: Porygon2|Download|boost
|-boost|p2b: Porygon2|atk|1
|move|p1b: boom!|Expanding Force|p2b: Porygon2|[spread] p2a,p2b
|-damage|p2a: Ursaluna|63/100 brn
|-damage|p2b: Porygon2|1/100
|
|-damage|p2a: Ursaluna|57/100 brn|[from] brn
|upkeep
|
|t:|1757627357
|switch|p1a: true leader.|Tatsugiri, L50, F|100/100
|turn|5
|inactive|Desertfreak has 30 seconds left.
|
|t:|1757627382
|switch|p1b: menacetosociety|Sneasler, L50, F, shiny|100/100
|-enditem|p1b: menacetosociety|Psychic Seed
|-boost|p1b: menacetosociety|spd|1|[from] item: Psychic Seed
|move|p1a: true leader.|Protect|p1a: true leader.
|-singleturn|p1a: true leader.|Protect
|move|p2b: Porygon2|Recover|p2b: Porygon2
|-heal|p2b: Porygon2|51/100
|move|p2a: Ursaluna|Facade|p1b: menacetosociety
|-damage|p1b: menacetosociety|0 fnt
|faint|p1b: menacetosociety
|
|-damage|p2a: Ursaluna|52/100 brn|[from] brn
|-fieldend|move: Trick Room
|-fieldend|move: Psychic Terrain
|upkeep
|inactive|fsdewfgkijeeoki has 30 seconds left.
|inactive|fsdewfgkijeeoki has 20 seconds left.
|inactive|fsdewfgkijeeoki has 15 seconds left.
|
|t:|1757627426
|switch|p1b: boom!|Indeedee, L50, M, shiny|100/100
|-fieldstart|move: Psychic Terrain|[from] ability: Psychic Surge|[of] p1b: boom!
|turn|6
|
|t:|1757627434
|move|p1b: boom!|Expanding Force|p2b: Porygon2|[spread] p2a,p2b
|-damage|p2a: Ursaluna|2/100 brn
|-damage|p2b: Porygon2|17/100
|move|p1a: true leader.|Muddy Water|p2b: Porygon2|[spread] p2a,p2b
|-supereffective|p2a: Ursaluna
|-damage|p2a: Ursaluna|0 fnt
|-damage|p2b: Porygon2|0 fnt
|faint|p2a: Ursaluna
|faint|p2b: Porygon2
|
|upkeep
|
|t:|1757627439
|switch|p2b: Incineroar|Incineroar, L50, F, shiny|41/100
|-ability|p2b: Incineroar|Intimidate|boost
|-unboost|p1a: true leader.|atk|1
|-unboost|p1b: boom!|atk|1
|turn|7
|-message|Desertfreak forfeited.
|
|win|fsdewfgkijeeoki
|raw|fsdewfgkijeeoki's rating: 1312 → 1336(+24 for winning)
|raw|Desertfreak's rating: 1386 → 1362(-24 for losing)
