|j|☆RelentlessRogue
|j|☆littlepotato13
|html|RelentlessRoguelittlepotato13    
|uhtml|bestof|Game 2 of a best-of-3
|t:|1757639361
|gametype|doubles
|player|p1|RelentlessRogue|ethan|1301
|player|p2|littlepotato13|101|1219
|gen|9
|tier|[Gen 9] VGC 2025 Reg H (Bo3)
|rated|
|rule|Species Clause: Limit one of each Pokémon
|rule|Item Clause: Limit 1 of each item
|clearpoke
|poke|p1|Basculegion, L50, M|
|poke|p1|Pelipper, L50, F|
|poke|p1|Archaludon, L50, F|
|poke|p1|Whimsicott, L50, F|
|poke|p1|Gholdengo, L50|
|poke|p1|Incineroar, L50, M|
|poke|p2|Baxcalibur, L50, M|
|poke|p2|Sneasler, L50, F|
|poke|p2|Kingambit, L50, M|
|poke|p2|Electabuzz, L50, M|
|poke|p2|Volcarona, L50, F|
|poke|p2|Rillaboom, L50, M|
|teampreview|4
|showteam|p1|Basculegion||ChoiceBand|SwiftSwim|WaveCrash,LastRespects,FlipTurn,AquaJet|||M|||50|,,,,,Water]Pelipper||FocusSash|Drizzle|WeatherBall,Hurricane,WideGuard,Protect|||F|||50|,,,,,Stellar]Archaludon||PowerHerb|Stalwart|ElectroShot,DracoMeteor,FlashCannon,Protect|||F|||50|,,,,,Electric]Whimsicott||CovertCloak|Prankster|Moonblast,Tailwind,Taunt,WorrySeed|||F|||50|,,,,,Steel]Gholdengo||LifeOrb|GoodasGold|MakeItRain,ShadowBall,NastyPlot,Protect||||||50|,,,,,Dragon]Incineroar||SafetyGoggles|Intimidate|FlareBlitz,KnockOff,PartingShot,FakeOut|||M|||50|,,,,,Ghost
|showteam|p2|Baxcalibur||LoadedDice|ThermalExchange|IceShard,IcicleSpear,ScaleShot,Protect|||M|||50|,,,,,Ghost]Sneasler||FocusSash|Unburden|DireClaw,CloseCombat,Protect,FakeOut|||F|||50|,,,,,Ghost]Kingambit||AssaultVest|Defiant|KowtowCleave,SuckerPunch,IronHead,TeraBlast|||M|||50|,,,,,Flying]Electabuzz||Eviolite|VitalSpirit|Thunderbolt,Taunt,Protect,FollowMe|||M|||50|,,,,,Flying]Volcarona||Leftovers|FlameBody|HeatWave,GigaDrain,QuiverDance,Protect|||F|||50|,,,,,Grass]Rillaboom||MiracleSeed|GrassySurge|FakeOut,GrassyGlide,WoodHammer,HighHorsepower|||M|||50|,,,,,Fire
|inactive|Battle timer is ON: inactive players will automatically lose when time's up. (requested by littlepotato13)
|inactive|RelentlessRogue also wants the timer to be on.
|inactive|RelentlessRogue has 60 seconds left.
|
|t:|1757639404
|teamsize|p1|4
|teamsize|p2|4
|start
|switch|p1a: Whimsicott|Whimsicott, L50, F, shiny|100/100
|switch|p1b: Gholdengo|Gholdengo, L50|100/100
|switch|p2a: Baxcalibur|Baxcalibur, L50, M|100/100
|switch|p2b: Electabuzz|Electabuzz, L50, M|100/100
|turn|1
|inactive|RelentlessRogue has 30 seconds left.
|inactive|RelentlessRogue has 20 seconds left.
|inactive|RelentlessRogue has 15 seconds left.
|
|t:|1757639446
|-terastallize|p2a: Baxcalibur|Ghost
|move|p2b: Electabuzz|Follow Me|p2b: Electabuzz
|-singleturn|p2b: Electabuzz|move: Follow Me
|move|p1a: Whimsicott|Tailwind|p1a: Whimsicott
|-sidestart|p1: RelentlessRogue|move: Tailwind
|move|p1b: Gholdengo|Make It Rain|p2a: Baxcalibur|[spread] p2a,p2b
|-crit|p2a: Baxcalibur
|-resisted|p2b: Electabuzz
|-damage|p2a: Baxcalibur|19/100
|-damage|p2b: Electabuzz|80/100
|-unboost|p1b: Gholdengo|spa|1
|-damage|p1b: Gholdengo|91/100|[from] item: Life Orb
|move|p2a: Baxcalibur|Icicle Spear|p1a: Whimsicott
|-supereffective|p1a: Whimsicott
|-damage|p1a: Whimsicott|61/100
|-supereffective|p1a: Whimsicott
|-damage|p1a: Whimsicott|27/100
|-supereffective|p1a: Whimsicott
|-damage|p1a: Whimsicott|0 fnt
|faint|p1a: Whimsicott
|-hitcount|p1: Whimsicott|3
|
|upkeep
|
|t:|1757639465
|switch|p1a: Archaludon|Archaludon, L50, F|100/100
|turn|2
|
|t:|1757639478
|move|p2a: Baxcalibur|Protect|p2a: Baxcalibur
|-singleturn|p2a: Baxcalibur|Protect
|move|p1b: Gholdengo|Nasty Plot|p1b: Gholdengo
|-boost|p1b: Gholdengo|spa|2
|move|p1a: Archaludon|Electro Shot||[still]
|-prepare|p1a: Archaludon|Electro Shot
|-boost|p1a: Archaludon|spa|1
|-enditem|p1a: Archaludon|Power Herb
|-anim|p1a: Archaludon|Electro Shot|p2a: Baxcalibur
|-activate|p2a: Baxcalibur|move: Protect
|move|p2b: Electabuzz|Thunderbolt|p1b: Gholdengo
|-damage|p1b: Gholdengo|55/100
|
|upkeep
|turn|3
|
|t:|1757639503
|switch|p1b: Pelipper|Pelipper, L50, F|100/100
|-weather|RainDance|[from] ability: Drizzle|[of] p1b: Pelipper
|move|p2b: Electabuzz|Protect|p2b: Electabuzz
|-singleturn|p2b: Electabuzz|Protect
|move|p2a: Baxcalibur|Ice Shard|p1a: Archaludon
|-damage|p1a: Archaludon|81/100
|move|p1a: Archaludon|Electro Shot||[still]
|-prepare|p1a: Archaludon|Electro Shot
|-boost|p1a: Archaludon|spa|1
|-anim|p1a: Archaludon|Electro Shot|p2a: Baxcalibur
|-damage|p2a: Baxcalibur|0 fnt
|faint|p2a: Baxcalibur
|
|-weather|RainDance|[upkeep]
|upkeep
|
|t:|1757639509
|switch|p2a: Sneasler|Sneasler, L50, F|100/100
|turn|4
|inactive|RelentlessRogue has 30 seconds left.
|inactive|RelentlessRogue has 20 seconds left.
|inactive|RelentlessRogue has 15 seconds left.
|
|t:|1757639550
|move|p1a: Archaludon|Protect|p1a: Archaludon
|-singleturn|p1a: Archaludon|Protect
|move|p2a: Sneasler|Protect|p2a: Sneasler
|-singleturn|p2a: Sneasler|Protect
|move|p1b: Pelipper|Weather Ball|p2b: Electabuzz
|-damage|p2b: Electabuzz|24/100
|move|p2b: Electabuzz|Thunderbolt|p1b: Pelipper
|-supereffective|p1b: Pelipper
|-enditem|p1b: Pelipper|Focus Sash
|-damage|p1b: Pelipper|1/100
|
|-weather|RainDance|[upkeep]
|-sideend|p1: RelentlessRogue|move: Tailwind
|upkeep
|turn|5
|inactive|RelentlessRogue has 30 seconds left.
|
|t:|1757639580
|-terastallize|p1a: Archaludon|Electric
|move|p1b: Pelipper|Protect|p1b: Pelipper
|-singleturn|p1b: Pelipper|Protect
|move|p2a: Sneasler|Dire Claw|p1b: Pelipper
|-activate|p1b: Pelipper|move: Protect
|move|p2b: Electabuzz|Thunderbolt|p1a: Archaludon
|-resisted|p1a: Archaludon
|-damage|p1a: Archaludon|60/100
|move|p1a: Archaludon|Draco Meteor|p2b: Electabuzz
|-crit|p2b: Electabuzz
|-damage|p2b: Electabuzz|0 fnt
|-unboost|p1a: Archaludon|spa|2
|faint|p2b: Electabuzz
|
|-weather|RainDance|[upkeep]
|upkeep
|
|t:|1757639584
|switch|p2b: Rillaboom|Rillaboom, L50, M|100/100
|-fieldstart|move: Grassy Terrain|[from] ability: Grassy Surge|[of] p2b: Rillaboom
|turn|6
|inactive|RelentlessRogue has 30 seconds left.
|
|t:|1757639617
|switch|p1b: Gholdengo|Gholdengo, L50|55/100
|move|p1a: Archaludon|Protect|p1a: Archaludon
|-singleturn|p1a: Archaludon|Protect
|move|p2b: Rillaboom|Fake Out|p1b: Gholdengo
|-immune|p1b: Gholdengo
|move|p2a: Sneasler|Close Combat|p1a: Archaludon
|-activate|p1a: Archaludon|move: Protect
|
|-weather|RainDance|[upkeep]
|-heal|p1b: Gholdengo|61/100|[from] Grassy Terrain
|-heal|p1a: Archaludon|66/100|[from] Grassy Terrain
|upkeep
|turn|7
|inactive|RelentlessRogue has 30 seconds left.
|
|t:|1757639647
|move|p2a: Sneasler|Protect|p2a: Sneasler
|-singleturn|p2a: Sneasler|Protect
|move|p1b: Gholdengo|Make It Rain|p2a: Sneasler|[spread] p2b
|-activate|p2a: Sneasler|move: Protect
|-damage|p2b: Rillaboom|37/100
|-unboost|p1b: Gholdengo|spa|1
|-damage|p1b: Gholdengo|52/100|[from] item: Life Orb
|move|p2b: Rillaboom|High Horsepower|p1b: Gholdengo|[miss]
|-miss|p2b: Rillaboom|p1b: Gholdengo
|move|p1a: Archaludon|Electro Shot||[still]
|-prepare|p1a: Archaludon|Electro Shot
|-boost|p1a: Archaludon|spa|1
|-anim|p1a: Archaludon|Electro Shot|p2a: Sneasler
|-activate|p2a: Sneasler|move: Protect
|
|-weather|none
|-heal|p1b: Gholdengo|58/100|[from] Grassy Terrain
|-heal|p2b: Rillaboom|43/100|[from] Grassy Terrain
|-heal|p1a: Archaludon|72/100|[from] Grassy Terrain
|upkeep
|turn|8
|
|t:|1757639668
|move|p2a: Sneasler|Close Combat|p1a: Archaludon
|-damage|p1a: Archaludon|25/100
|-unboost|p2a: Sneasler|def|1
|-unboost|p2a: Sneasler|spd|1
|move|p1b: Gholdengo|Make It Rain|p2b: Rillaboom|[spread] p2a,p2b
|-damage|p2a: Sneasler|18/100
|-damage|p2b: Rillaboom|0 fnt
|-unboost|p1b: Gholdengo|spa|1
|faint|p2b: Rillaboom
|-damage|p1b: Gholdengo|49/100|[from] item: Life Orb
|move|p1a: Archaludon|Flash Cannon|p2a: Sneasler
|-damage|p2a: Sneasler|0 fnt
|faint|p2a: Sneasler
|
|win|RelentlessRogue
|raw|RelentlessRogue's rating: 1301 → 1316(+15 for winning)
|raw|littlepotato13's rating: 1219 → 1200(-19 for losing)
