|j|☆PokeReplaysVGC
|j|☆PixelRory
|html|PokeReplaysVGCPixelRory    
|uhtml|bestof|Game 3 of a best-of-3
|t:|1784553137
|gametype|doubles
|player|p1|PokeReplaysVGC|lillie|
|player|p2|PixelRory|ingo|
|gen|9
|tier|[Gen 9 Champions] VGC 2026 Reg M-B (Bo3)
|rule|Species Clause: Limit one of each Pokémon
|rule|Item Clause: Limit 1 of each item
|clearpoke
|poke|p1|Kingambit, L50, F|
|poke|p1|Whimsicott, L50, M|
|poke|p1|Basculegion, L50, M|
|poke|p1|Garchomp, L50, F|
|poke|p1|Charizard, L50, F|
|poke|p1|Floette-Eternal, L50, F|
|poke|p2|Tyranitar, L50, F|
|poke|p2|Staraptor, L50, M|
|poke|p2|Excadrill, L50, F|
|poke|p2|Milotic, L50, F|
|poke|p2|Sinistcha, L50|
|poke|p2|Gholdengo, L50|
|teampreview|4
|showteam|p1|Kingambit||ChopleBerry|Defiant|KowtowCleave,LowKick,SuckerPunch,Protect|Adamant||F|||50|]Whimsicott||FocusSash|Prankster|Moonblast,Tailwind,Encore,Protect|Timid||M|||50|]Basculegion||MysticWater|Adaptability|WaveCrash,LastRespects,AquaJet,Protect|Adamant||M|||50|]Garchomp||LifeOrb|RoughSkin|DragonClaw,RockSlide,Earthquake,Protect|Jolly||F|||50|]Charizard||CharizarditeY|Blaze|WeatherBall,HeatWave,SolarBeam,Protect|Modest||F|||50|]Floette-Eternal||Floettite|FlowerVeil|Moonblast,DazzlingGleam,LightofRuin,Protect|Modest||F|||50|
|showteam|p2|Tyranitar||Tyranitarite|SandStream|RockSlide,KnockOff,HighHorsepower,Protect|Jolly||F|||50|]Staraptor||Staraptite|Intimidate|CloseCombat,BraveBird,Tailwind,Protect|Jolly||M|||50|]Excadrill||FocusSash|SandRush|Earthquake,IronHead,RockSlide,Protect|Jolly||F|||50|]Milotic||SitrusBerry|Competitive|Scald,IcyWind,Haze,Protect|Calm||F|||50|]Sinistcha||ColburBerry|Hospitality|MatchaGotcha,ShadowBall,RagePowder,Protect|Bold|||||50|]Gholdengo||LifeOrb|GoodasGold|MakeItRain,ShadowBall,NastyPlot,Protect|Modest|||||50|
|inactive|Battle timer is ON: inactive players will automatically lose when time's up. (requested by PokeReplaysVGC)
|j| awammy
|j| Aox93
|
|t:|1784553166
|teamsize|p1|4
|teamsize|p2|4
|start
|switch|p1a: Garchomp|Garchomp, L50, F|100/100
|switch|p1b: Charizard|Charizard, L50, F|100/100
|switch|p2a: Tyranitar|Tyranitar, L50, F|100/100
|switch|p2b: Excadrill|Excadrill, L50, F|100/100
|-weather|Sandstorm|[from] ability: Sand Stream|[of] p2a: Tyranitar
|turn|1
|
|t:|1784553181
|move|p1b: Charizard|Protect|p1b: Charizard
|-singleturn|p1b: Charizard|Protect
|move|p2b: Excadrill|Rock Slide|p1b: Charizard|[spread] p1a
|-activate|p1b: Charizard|move: Protect
|-resisted|p1a: Garchomp|1
|-damage|p1a: Garchomp|89/100
|move|p1a: Garchomp|Earthquake|p2a: Tyranitar|[spread] p2a,p2b
|-activate|p1b: Charizard|move: Protect
|-supereffective|p2a: Tyranitar|1
|-supereffective|p2b: Excadrill|1
|-damage|p2a: Tyranitar|17/100
|-enditem|p2b: Excadrill|Focus Sash
|-damage|p2b: Excadrill|1/100
|-damage|p1a: Garchomp|80/100|[from] item: Life Orb
|move|p2a: Tyranitar|Knock Off|p1a: Garchomp
|-damage|p1a: Garchomp|29/100
|-damage|p2a: Tyranitar|4/100|[from] ability: Rough Skin|[of] p1a: Garchomp
|-enditem|p1a: Garchomp|Life Orb|[from] move: Knock Off|[of] p2a: Tyranitar
|
|-weather|Sandstorm|[upkeep]
|-damage|p1b: Charizard|93/100|[from] Sandstorm
|upkeep
|turn|2
|l| Aox93
|
|t:|1784553196
|switch|p1b: Whimsicott|Whimsicott, L50, M|100/100
|switch|p2a: Sinistcha|Sinistcha, L50|100/100
|-heal|p2b: Excadrill|25/100|[from] ability: Hospitality|[of] p2a: Sinistcha
|move|p1a: Garchomp|Protect|p1a: Garchomp
|-singleturn|p1a: Garchomp|Protect
|move|p2b: Excadrill|Rock Slide|p1a: Garchomp|[spread] p1b
|-activate|p1a: Garchomp|move: Protect
|-damage|p1b: Whimsicott|68/100
|
|-weather|Sandstorm|[upkeep]
|-damage|p1b: Whimsicott|62/100|[from] Sandstorm
|-damage|p2a: Sinistcha|94/100|[from] Sandstorm
|upkeep
|turn|3
|j| celaerity
|inactive|PokeReplaysVGC has 30 seconds left.
|inactive|PokeReplaysVGC has 20 seconds left.
|
|t:|1784553233
|move|p1b: Whimsicott|Protect|p1b: Whimsicott
|-singleturn|p1b: Whimsicott|Protect
|move|p2b: Excadrill|Protect|p2b: Excadrill
|-singleturn|p2b: Excadrill|Protect
|move|p1a: Garchomp|Protect|p1a: Garchomp
|-singleturn|p1a: Garchomp|Protect
|move|p2a: Sinistcha|Matcha Gotcha|p1b: Whimsicott|[spread] 
|-activate|p1a: Garchomp|move: Protect
|-activate|p1b: Whimsicott|move: Protect
|
|-weather|Sandstorm|[upkeep]
|-damage|p1b: Whimsicott|56/100|[from] Sandstorm
|-damage|p2a: Sinistcha|88/100|[from] Sandstorm
|upkeep
|turn|4
|inactive|PokeReplaysVGC has 30 seconds left.
|
|t:|1784553260
|switch|p2b: Gholdengo|Gholdengo, L50|100/100
|move|p1b: Whimsicott|Encore|p2b: Gholdengo
|-immune|p2b: Gholdengo|[from] ability: Good as Gold
|move|p1a: Garchomp|Dragon Claw|p2a: Sinistcha
|-damage|p2a: Sinistcha|52/100
|move|p2a: Sinistcha|Matcha Gotcha|p1a: Garchomp|[spread] p1a,p1b
|-resisted|p1b: Whimsicott|1
|-damage|p1a: Garchomp|0 fnt
|-heal|p2a: Sinistcha|68/100|[from] drain|[of] p1a: Garchomp
|-damage|p1b: Whimsicott|37/100
|-heal|p2a: Sinistcha|76/100|[from] drain|[of] p1b: Whimsicott
|-status|p1b: Whimsicott|brn
|faint|p1a: Garchomp
|
|-weather|Sandstorm|[upkeep]
|-damage|p1b: Whimsicott|31/100 brn|[from] Sandstorm
|-damage|p2a: Sinistcha|70/100|[from] Sandstorm
|-damage|p1b: Whimsicott|25/100 brn|[from] brn
|upkeep
|
|t:|1784553271
|switch|p1a: Charizard|Charizard, L50, F|93/100
|turn|5
|inactive|PokeReplaysVGC has 30 seconds left.
|inactive|PixelRory has 30 seconds left.
|inactive|PokeReplaysVGC has 20 seconds left.
|inactive|PixelRory has 20 seconds left.
|inactive|PixelRory has 15 seconds left.
|inactive|PixelRory has 10 seconds left.
|
|t:|1784553318
|detailschange|p1a: Charizard|Charizard-Mega-Y, L50, F
|-mega|p1a: Charizard|Charizard|Charizardite Y
|-weather|SunnyDay|[from] ability: Drought|[of] p1a: Charizard
|move|p2a: Sinistcha|Rage Powder|p2a: Sinistcha
|-singleturn|p2a: Sinistcha|move: Rage Powder
|move|p1b: Whimsicott|Moonblast|p2b: Gholdengo
|-resisted|p2b: Gholdengo|1
|-damage|p2b: Gholdengo|80/100
|move|p1a: Charizard|Heat Wave|p2b: Gholdengo|[spread] p2a,p2b
|-supereffective|p2a: Sinistcha|1
|-supereffective|p2b: Gholdengo|1
|-damage|p2a: Sinistcha|0 fnt
|-damage|p2b: Gholdengo|0 fnt
|faint|p2a: Sinistcha
|faint|p2b: Gholdengo
|
|-weather|SunnyDay|[upkeep]
|-damage|p1b: Whimsicott|19/100 brn|[from] brn
|upkeep
|j| Aox93
|
|t:|1784553320
|switch|p2b: Excadrill|Excadrill, L50, F|25/100
|switch|p2a: Tyranitar|Tyranitar, L50, F|4/100
|-weather|Sandstorm|[from] ability: Sand Stream|[of] p2a: Tyranitar
|turn|6
|
|t:|1784553334
|detailschange|p2a: Tyranitar|Tyranitar-Mega, L50, F
|-mega|p2a: Tyranitar|Tyranitar|Tyranitarite
|move|p1a: Charizard|Protect|p1a: Charizard
|-singleturn|p1a: Charizard|Protect
|move|p1b: Whimsicott|Tailwind|p1b: Whimsicott
|-sidestart|p1: PokeReplaysVGC|move: Tailwind
|move|p2b: Excadrill|Rock Slide|p1a: Charizard|[spread] p1b
|-activate|p1a: Charizard|move: Protect
|-damage|p1b: Whimsicott|0 fnt
|faint|p1b: Whimsicott
|move|p2a: Tyranitar|Rock Slide|p1a: Charizard
|-activate|p1a: Charizard|move: Protect
|
|-weather|Sandstorm|[upkeep]
|-damage|p1a: Charizard|87/100|[from] Sandstorm
|upkeep
|
|t:|1784553337
|switch|p1b: Basculegion|Basculegion, L50, M|100/100
|turn|7
|inactive|PokeReplaysVGC has 30 seconds left.
|
|t:|1784553367
|move|p1b: Basculegion|Aqua Jet|p2b: Excadrill
|-supereffective|p2b: Excadrill|1
|-damage|p2b: Excadrill|0 fnt
|faint|p2b: Excadrill
|move|p1a: Charizard|Weather Ball|p2a: Tyranitar
|-damage|p2a: Tyranitar|0 fnt
|faint|p2a: Tyranitar
|
|win|PokeReplaysVGC
|c|☆PokeReplaysVGC|gg
|c|☆PixelRory|gg
|l| Aox93
|l|☆PixelRory
|player|p2|
|l| awammy
|l|☆PokeReplaysVGC
|player|p1|
|j|☆PixelRory
|player|p2|PixelRory|ingo|
