|j|☆princeofunderworld
|j|☆No.1 Bug Fan
|html|princeofunderworldNo.1 Bug Fan    
|uhtml|bestof|Game 2 of a best-of-3
|t:|1785375235
|gametype|doubles
|player|p1|princeofunderworld|102|1148
|player|p2|No.1 Bug Fan|burgh-masters|1049
|gen|9
|tier|[Gen 9 Champions] VGC 2026 Reg M-B (Bo3)
|rated|
|rule|Species Clause: Limit one of each Pokémon
|rule|Item Clause: Limit 1 of each item
|clearpoke
|poke|p1|Blastoise, L50, M|
|poke|p1|Kingambit, L50, M|
|poke|p1|Whimsicott, L50, M|
|poke|p1|Incineroar, L50, F|
|poke|p1|Farigiraf, L50, M|
|poke|p1|Garchomp, L50, F|
|poke|p2|Froslass, L50, F|
|poke|p2|Scovillain, L50, M, shiny|
|poke|p2|Basculegion, L50, M|
|poke|p2|Kingambit, L50, M, shiny|
|poke|p2|Sneasler, L50, F, shiny|
|poke|p2|Lycanroc-Dusk, L50, F, shiny|
|teampreview|4
|showteam|p1|Blastoise||Blastoisinite|Torrent|MuddyWater,AuraSphere,Protect,IceBeam|Modest||M|||50|]Kingambit||LifeOrb|Defiant|KowtowCleave,SuckerPunch,Protect,IronHead|Adamant||M|||50|]Whimsicott||FocusSash|Prankster|Moonblast,Tailwind,Taunt,WorrySeed|Timid||M|||50|]Incineroar||ChopleBerry|Intimidate|PartingShot,FlareBlitz,ThroatChop,FakeOut|Adamant||F|||50|]Farigiraf||SitrusBerry|ArmorTail|TwinBeam,Thunderbolt,Protect,HelpingHand|Sassy||M|||50|]Garchomp||Garchompite|SandVeil|PowerGem,EarthPower,Protect,DracoMeteor|Modest||F|||50|
|showteam|p2|Froslass||Froslassite|CursedBody|Blizzard,ShadowBall,AuroraVeil,Protect|Modest||F|||50|]Scovillain||Scovillainite|Moody|GigaDrain,Overheat,RagePowder,Protect|Bold||M|||50|]Basculegion||SitrusBerry|Adaptability|WaveCrash,LastRespects,AquaJet,Protect|Adamant||M|||50|]Kingambit||LifeOrb|Defiant|KowtowCleave,SuckerPunch,SwordsDance,Protect|Adamant||M|||50|]Sneasler||WhiteHerb|Unburden|CloseCombat,GunkShot,Protect,FakeOut|Adamant||F|||50|]Lycanroc-Dusk||FocusSash|ToughClaws|CloseCombat,Accelerock,RockSlide,Protect|Adamant||F|||50|
|inactive|Battle timer is ON: inactive players will automatically lose when time's up. (requested by princeofunderworld)
|inactive|No.1 Bug Fan also wants the timer to be on.
|inactive|No.1 Bug Fan has 60 seconds left.
|
|t:|1785375278
|teamsize|p1|4
|teamsize|p2|4
|start
|switch|p1a: Garchomp|Garchomp, L50, F|100/100
|switch|p1b: Incineroar|Incineroar, L50, F|100/100
|switch|p2a: milk|Scovillain, L50, M, shiny|100/100
|switch|p2b: Paul|Kingambit, L50, M, shiny|100/100
|-ability|p1b: Incineroar|Intimidate|boost
|-unboost|p2a: milk|atk|1
|-unboost|p2b: Paul|atk|1
|-ability|p2b: Paul|Defiant|boost
|-boost|p2b: Paul|atk|2
|turn|1
|
|t:|1785375294
|detailschange|p1a: Garchomp|Garchomp-Mega, L50, F
|-mega|p1a: Garchomp|Garchomp|Garchompite
|detailschange|p2a: milk|Scovillain-Mega, L50, M, shiny
|-mega|p2a: milk|Scovillain|Scovillainite
|move|p2b: Paul|Protect|p2b: Paul
|-singleturn|p2b: Paul|Protect
|move|p1b: Incineroar|Fake Out|p2b: Paul
|-activate|p2b: Paul|move: Protect
|move|p1a: Garchomp|Power Gem|p2a: milk
|-supereffective|p2a: milk|1
|-damage|p2a: milk|43/100
|-status|p1a: Garchomp|brn|[from] ability: Spicy Spray|[of] p2a: milk
|move|p2a: milk|Giga Drain|p1a: Garchomp
|-damage|p1a: Garchomp|68/100 brn
|-heal|p2a: milk|61/100|[from] drain|[of] p1a: Garchomp
|
|-damage|p1a: Garchomp|62/100 brn|[from] brn
|upkeep
|turn|2
|inactive|No.1 Bug Fan has 30 seconds left.
|
|t:|1785375324
|move|p1a: Garchomp|Protect|p1a: Garchomp
|-singleturn|p1a: Garchomp|Protect
|move|p2a: milk|Rage Powder|p2a: milk
|-singleturn|p2a: milk|move: Rage Powder
|move|p1b: Incineroar|Flare Blitz|p2a: milk
|-damage|p2a: milk|4/100
|-immune|p1b: Incineroar
|-damage|p1b: Incineroar|83/100|[from] Recoil
|move|p2b: Paul|Kowtow Cleave|p1a: Garchomp
|-activate|p1a: Garchomp|move: Protect
|
|-damage|p1a: Garchomp|56/100 brn|[from] brn
|upkeep
|turn|3
|
|t:|1785375343
|switch|p1a: Kingambit|Kingambit, L50, M|100/100
|move|p2a: milk|Rage Powder|p2a: milk
|-singleturn|p2a: milk|move: Rage Powder
|move|p2b: Paul|Sucker Punch||[still]
|-fail|p2b: Paul
|move|p1b: Incineroar|Flare Blitz|p2a: milk
|-damage|p2a: milk|0 fnt
|-immune|p1b: Incineroar
|faint|p2a: milk
|-damage|p1b: Incineroar|82/100|[from] Recoil
|
|upkeep
|
|t:|1785375346
|switch|p2a: Sonion ring|Sneasler, L50, F, shiny|100/100
|turn|4
|
|t:|1785375368
|switch|p1a: Farigiraf|Farigiraf, L50, M|100/100
|move|p2a: Sonion ring|Close Combat|p1b: Incineroar
|-supereffective|p1b: Incineroar|1
|-enditem|p1b: Incineroar|Chople Berry|[eat]
|-enditem|p1b: Incineroar|Chople Berry|[weaken]
|-damage|p1b: Incineroar|21/100
|-unboost|p2a: Sonion ring|def|1
|-unboost|p2a: Sonion ring|spd|1
|-enditem|p2a: Sonion ring|White Herb
|-clearnegativeboost|p2a: Sonion ring|[silent]
|move|p1b: Incineroar|Flare Blitz|p2b: Paul
|-supereffective|p2b: Paul|1
|-damage|p2b: Paul|17/100
|-damage|p1b: Incineroar|0 fnt|[from] Recoil
|faint|p1b: Incineroar
|move|p2b: Paul|Swords Dance|p2b: Paul
|-boost|p2b: Paul|atk|2
|
|upkeep
|
|t:|1785375384
|switch|p1b: Garchomp|Garchomp-Mega, L50, F|56/100 brn
|turn|5
|
|t:|1785375400
|move|p2a: Sonion ring|Protect|p2a: Sonion ring
|-singleturn|p2a: Sonion ring|Protect
|move|p2b: Paul|Protect|p2b: Paul
|-singleturn|p2b: Paul|Protect
|move|p1b: Garchomp|Earth Power|p2b: Paul
|-activate|p2b: Paul|move: Protect
|move|p1a: Farigiraf|Twin Beam|p2a: Sonion ring
|-activate|p2a: Sonion ring|move: Protect
|
|-damage|p1b: Garchomp|50/100y brn|[from] brn
|upkeep
|turn|6
|
|t:|1785375418
|move|p2a: Sonion ring|Close Combat|p1b: Garchomp
|-damage|p1b: Garchomp|3/100 brn
|-unboost|p2a: Sonion ring|def|1
|-unboost|p2a: Sonion ring|spd|1
|move|p1b: Garchomp|Earth Power|p2b: Paul
|-supereffective|p2b: Paul|1
|-damage|p2b: Paul|0 fnt
|faint|p2b: Paul
|move|p1a: Farigiraf|Thunderbolt|p2a: Sonion ring
|-damage|p2a: Sonion ring|55/100
|
|-damage|p1b: Garchomp|0 fnt|[from] brn
|faint|p1b: Garchomp
|upkeep
|
|t:|1785375425
|switch|p1b: Kingambit|Kingambit, L50, M|100/100
|switch|p2b: fih is calling|Basculegion, L50, M|100/100
|turn|7
|
|t:|1785375437
|move|p2a: Sonion ring|Protect|p2a: Sonion ring
|-singleturn|p2a: Sonion ring|Protect
|move|p2b: fih is calling|Protect|p2b: fih is calling
|-singleturn|p2b: fih is calling|Protect
|move|p1b: Kingambit|Sucker Punch||[still]
|-fail|p1b: Kingambit
|move|p1a: Farigiraf|Twin Beam|p2a: Sonion ring
|-activate|p2a: Sonion ring|move: Protect
|
|upkeep
|turn|8
|
|t:|1785375449
|move|p2b: fih is calling|Protect||[still]
|-fail|p2b: fih is calling
|move|p1b: Kingambit|Protect|p1b: Kingambit
|-singleturn|p1b: Kingambit|Protect
|move|p2a: Sonion ring|Close Combat|p1b: Kingambit
|-activate|p1b: Kingambit|move: Protect
|move|p1a: Farigiraf|Twin Beam|p2a: Sonion ring
|-supereffective|p2a: Sonion ring|2
|-damage|p2a: Sonion ring|0 fnt
|faint|p2a: Sonion ring
|-hitcount|p2: Sonion ring|1
|
|upkeep
|turn|9
|-message|No.1 Bug Fan forfeited.
|
|win|princeofunderworld
