|j|☆CianMck18
|j|☆exhoul
|html|CianMck18exhoul    
|uhtml|bestof|Game 1 of a best-of-3
|t:|1757770185
|gametype|doubles
|player|p1|CianMck18|170|1281
|player|p2|exhoul|266|1443
|gen|9
|tier|[Gen 9] VGC 2025 Reg H (Bo3)
|rated|
|rule|Species Clause: Limit one of each Pokémon
|rule|Item Clause: Limit 1 of each item
|clearpoke
|poke|p1|Annihilape, L50, F|
|poke|p1|Sinistcha, L50|
|poke|p1|Maushold-Four, L50|
|poke|p1|Klefki, L50, M|
|poke|p1|Ursaluna-Bloodmoon, L50, M|
|poke|p1|Ninetales-Alola, L50, F|
|poke|p2|Torkoal, L50, M|
|poke|p2|Lilligant-Hisui, L50, F|
|poke|p2|Armarouge, L50, F|
|poke|p2|Indeedee-F, L50, F|
|poke|p2|Gallade, L50, M|
|poke|p2|Ursaluna, L50, F|
|teampreview|4
|showteam|p1|Annihilape||Leftovers|Defiant|Protect,BulkUp,DrainPunch,RageFist|||F|||50|,,,,,Fire]Sinistcha||SitrusBerry|Hospitality|MatchaGotcha,TrickRoom,LifeDew,RagePowder||||||50|,,,,,Water]Maushold-Four||SafetyGoggles|FriendGuard|FollowMe,Taunt,BeatUp,Protect||||||50|,,,,,Ghost]Klefki||LightClay|Prankster|Reflect,LightScreen,MistyTerrain,DazzlingGleam|||M|||50|,,,,,Ghost]Ursaluna-Bloodmoon||AssaultVest|MindsEye|BloodMoon,HyperVoice,EarthPower,VacuumWave|||M|||50|,,,,,Water]Ninetales-Alola||FocusSash|SnowWarning|Protect,Encore,FreezeDry,Blizzard|||F|||50|,,,,,Ghost
|showteam|p2|Torkoal||Charcoal|Drought|Eruption,Flamethrower,ClearSmog,Protect|||M|||50|,,,,,Fire]Lilligant-Hisui||FocusSash|Chlorophyll|SleepPowder,CloseCombat,Encore,AfterYou|||F|||50|,,,,,Ghost]Armarouge||LifeOrb|FlashFire|ExpandingForce,ArmorCannon,WideGuard,TrickRoom|||F|||50|,,,,,Grass]Indeedee-F||SafetyGoggles|PsychicSurge|FollowMe,HelpingHand,FakeOut,TrickRoom|||F|||50|,,,,,Steel]Gallade||ClearAmulet|Sharpness|SacredSword,NightSlash,DestinyBond,TrickRoom|||M|||50|,,,,,Dark]Ursaluna||FlameOrb|Guts|Facade,HeadlongRush,Earthquake,Protect|||F|||50|,,,,,Ghost
|inactive|Battle timer is ON: inactive players will automatically lose when time's up. (requested by exhoul)
|
|t:|1757770213
|teamsize|p1|4
|teamsize|p2|4
|start
|switch|p1a: Klefki|Klefki, L50, M|100/100
|switch|p1b: Ninetales|Ninetales-Alola, L50, F, shiny|100/100
|switch|p2a: Indeedee|Indeedee-F, L50, F|100/100
|switch|p2b: Armarouge|Armarouge, L50, F|100/100
|-weather|Snowscape|[from] ability: Snow Warning|[of] p1b: Ninetales
|-fieldstart|move: Psychic Terrain|[from] ability: Psychic Surge|[of] p2a: Indeedee
|turn|1
|
|t:|1757770227
|switch|p2a: Torkoal|Torkoal, L50, M|100/100
|-weather|SunnyDay|[from] ability: Drought|[of] p2a: Torkoal
|move|p1a: Klefki|Misty Terrain|p1a: Klefki
|-fieldstart|move: Misty Terrain
|move|p1b: Ninetales|Blizzard|p2a: Torkoal|[spread] 
|-miss|p1b: Ninetales|p2a: Torkoal
|-miss|p1b: Ninetales|p2b: Armarouge
|move|p2b: Armarouge|Trick Room|p2b: Armarouge
|-fieldstart|move: Trick Room|[of] p2b: Armarouge
|
|-weather|SunnyDay|[upkeep]
|upkeep
|turn|2
|
|t:|1757770243
|switch|p2b: Indeedee|Indeedee-F, L50, F|100/100
|-fieldstart|move: Psychic Terrain|[from] ability: Psychic Surge|[of] p2b: Indeedee
|move|p1a: Klefki|Light Screen|p1a: Klefki
|-sidestart|p1: CianMck18|move: Light Screen
|move|p2a: Torkoal|Eruption|p1b: Ninetales|[spread] p1a,p1b
|-supereffective|p1a: Klefki
|-supereffective|p1b: Ninetales
|-damage|p1a: Klefki|0 fnt
|-enditem|p1b: Ninetales|Focus Sash
|-damage|p1b: Ninetales|1/100
|faint|p1a: Klefki
|move|p1b: Ninetales|Encore||[still]
|-fail|p1b: Ninetales
|
|-weather|SunnyDay|[upkeep]
|upkeep
|
|t:|1757770247
|switch|p1a: Ursaluna|Ursaluna-Bloodmoon, L50, M|100/100
|turn|3
|
|t:|1757770264
|switch|p2b: Ursaluna|Ursaluna, L50, F|100/100
|-terastallize|p1a: Ursaluna|Water
|move|p1b: Ninetales|Protect|p1b: Ninetales
|-singleturn|p1b: Ninetales|Protect
|move|p2a: Torkoal|Eruption|p1a: Ursaluna|[spread] p1a
|-activate|p1b: Ninetales|move: Protect
|-resisted|p1a: Ursaluna
|-damage|p1a: Ursaluna|83/100
|move|p1a: Ursaluna|Hyper Voice|p2b: Ursaluna|[spread] p2a,p2b
|-damage|p2a: Torkoal|48/100
|-damage|p2b: Ursaluna|66/100
|
|-weather|SunnyDay|[upkeep]
|-status|p2b: Ursaluna|brn|[from] item: Flame Orb
|upkeep
|turn|4
|
|t:|1757770277
|switch|p1b: Maushold|Maushold-Four, L50|100/100
|move|p2a: Torkoal|Eruption|p1b: Maushold|[spread] p1a,p1b
|-resisted|p1a: Ursaluna
|-damage|p1a: Ursaluna|77/100
|-damage|p1b: Maushold|64/100
|move|p2b: Ursaluna|Facade|p1a: Ursaluna
|-damage|p1a: Ursaluna|12/100
|move|p1a: Ursaluna|Blood Moon|p2b: Ursaluna
|-damage|p2b: Ursaluna|0 fnt
|faint|p2b: Ursaluna
|
|-weather|SunnyDay|[upkeep]
|upkeep
|
|t:|1757770286
|switch|p2b: Armarouge|Armarouge, L50, F|100/100
|turn|5
|
|t:|1757770297
|switch|p2a: Indeedee|Indeedee-F, L50, F|100/100
|switch|p1a: Ninetales|Ninetales-Alola, L50, F, shiny|1/100
|-weather|Snowscape|[from] ability: Snow Warning|[of] p1a: Ninetales
|move|p1b: Maushold|Protect|p1b: Maushold
|-singleturn|p1b: Maushold|Protect
|move|p2b: Armarouge|Expanding Force|p1b: Maushold|[spread] p1a
|-activate|p1b: Maushold|move: Protect
|-damage|p1a: Ninetales|0 fnt
|faint|p1a: Ninetales
|-damage|p2b: Armarouge|91/100|[from] item: Life Orb
|
|-weather|Snowscape|[upkeep]
|-fieldend|move: Trick Room
|upkeep
|
|t:|1757770300
|switch|p1a: Ursaluna|Ursaluna-Bloodmoon, L50, M, tera:Water|12/100
|turn|6
|
|t:|1757770309
|move|p2a: Indeedee|Follow Me|p2a: Indeedee
|-singleturn|p2a: Indeedee|move: Follow Me
|move|p1b: Maushold|Taunt|p2a: Indeedee
|-start|p2a: Indeedee|move: Taunt
|move|p1a: Ursaluna|Blood Moon|p2a: Indeedee
|-damage|p2a: Indeedee|29/100
|move|p2b: Armarouge|Expanding Force|p1a: Ursaluna|[spread] p1a,p1b
|-damage|p1a: Ursaluna|0 fnt
|-damage|p1b: Maushold|0 fnt
|faint|p1a: Ursaluna
|faint|p1b: Maushold
|-damage|p2b: Armarouge|82/100|[from] item: Life Orb
|
|win|exhoul
||CianMck18 is ready for game 2.
||exhoul is ready for game 2.
|uhtml|next|Next: Game 2 of 3
|l|☆CianMck18
|player|p1|
