|j|☆Prepucio Santos
|j|☆raksbach
|html|Prepucio Santosraksbach    
|uhtml|bestof|Game 2 of a best-of-3
|t:|1784034603
|gametype|doubles
|player|p1|Prepucio Santos|striker|1310
|player|p2|raksbach|1|1301
|gen|9
|tier|[Gen 9 Champions] VGC 2026 Reg M-B (Bo3)
|rated|
|rule|Species Clause: Limit one of each Pokémon
|rule|Item Clause: Limit 1 of each item
|clearpoke
|poke|p1|Incineroar, L50, F|
|poke|p1|Sinistcha-Masterpiece, L50, shiny|
|poke|p1|Floette-Eternal, L50, F|
|poke|p1|Sneasler, L50, F|
|poke|p1|Kingambit, L50, M|
|poke|p1|Blaziken, L50, M|
|poke|p2|Incineroar, L50, M|
|poke|p2|Maushold, L50|
|poke|p2|Sinistcha, L50|
|poke|p2|Sneasler, L50, M|
|poke|p2|Blastoise, L50, M|
|poke|p2|Delphox, L50, F|
|teampreview|4
|showteam|p1|Incineroar||SitrusBerry|Intimidate|FakeOut,PartingShot,ThroatChop,FlareBlitz|Careful||F|||50|]Sinistcha-Masterpiece||KasibBerry|Hospitality|MatchaGotcha,LifeDew,RagePowder,TrickRoom|Bold|||||50|]Floette-Eternal||Floettite|FlowerVeil|Moonblast,DazzlingGleam,CalmMind,Protect|Modest||F|||50|]Sneasler||FocusSash|PoisonTouch|FakeOut,CloseCombat,DireClaw,RockSlide|Jolly||F|||50|]Kingambit||BlackGlasses|Defiant|KowtowCleave,SuckerPunch,SwordsDance,Protect|Adamant||M|||50|]Blaziken||Blazikenite|SpeedBoost|CloseCombat,FlareBlitz,SwordsDance,Detect|Adamant||M|||50|
|showteam|p2|Incineroar||SitrusBerry|Intimidate|FakeOut,FlareBlitz,DarkestLariat,PartingShot|Impish||M|||50|]Maushold||ChopleBerry|FriendGuard|SuperFang,FollowMe,Protect,Feint|Impish|||||50|]Sinistcha||OccaBerry|Hospitality|MatchaGotcha,LifeDew,RagePowder,Protect|Bold|||||50|]Sneasler||FocusSash|PoisonTouch|FakeOut,CloseCombat,DireClaw,QuickGuard|Jolly||M|||50|]Blastoise||Blastoisinite|Torrent|WaterSpout,DarkPulse,ShellSmash,Protect|Modest||M|||50|]Delphox||Delphoxite|Blaze|HeatWave,Psychic,NastyPlot,Protect|Timid||F|||50|
|inactive|Battle timer is ON: inactive players will automatically lose when time's up. (requested by raksbach)
|inactive|Prepucio Santos has 60 seconds left.
|
|t:|1784034637
|teamsize|p1|4
|teamsize|p2|4
|start
|switch|p1a: Incineroar|Incineroar, L50, F|100/100
|switch|p1b: Kingambit|Kingambit, L50, M|100/100
|switch|p2a: Sneasler|Sneasler, L50, M|100/100
|switch|p2b: Delphox|Delphox, L50, F|100/100
|-ability|p1a: Incineroar|Intimidate|boost
|-unboost|p2a: Sneasler|atk|1
|-unboost|p2b: Delphox|atk|1
|turn|1
|
|t:|1784034658
|detailschange|p2b: Delphox|Delphox-Mega, L50, F
|-mega|p2b: Delphox|Delphox|Delphoxite
|move|p1a: Incineroar|Fake Out|p2a: Sneasler
|-damage|p2a: Sneasler|81/100
|move|p2b: Delphox|Nasty Plot|p2b: Delphox
|-boost|p2b: Delphox|spa|2
|cant|p2a: Sneasler|flinch
|move|p1b: Kingambit|Kowtow Cleave|p2b: Delphox
|-supereffective|p2b: Delphox|1
|-damage|p2b: Delphox|0 fnt
|faint|p2b: Delphox
|
|upkeep
|
|t:|1784034670
|switch|p2b: Incineroar|Incineroar, L50, M|100/100
|-ability|p2b: Incineroar|Intimidate|boost
|-unboost|p1a: Incineroar|atk|1
|-unboost|p1b: Kingambit|atk|1
|-ability|p1b: Kingambit|Defiant|boost
|-boost|p1b: Kingambit|atk|2
|turn|2
|
|t:|1784034679
|move|p1b: Kingambit|Protect|p1b: Kingambit
|-singleturn|p1b: Kingambit|Protect
|move|p2b: Incineroar|Fake Out|p1a: Incineroar
|-damage|p1a: Incineroar|89/100
|move|p2a: Sneasler|Close Combat|p1b: Kingambit
|-activate|p1b: Kingambit|move: Protect
|cant|p1a: Incineroar|flinch
|
|upkeep
|turn|3
|
|t:|1784034691
|move|p1b: Kingambit|Sucker Punch|p2a: Sneasler
|-resisted|p2a: Sneasler|1
|-damage|p2a: Sneasler|14/100
|move|p2a: Sneasler|Close Combat|p1a: Incineroar
|-supereffective|p1a: Incineroar|1
|-damage|p1a: Incineroar|11/100
|-unboost|p2a: Sneasler|def|1
|-unboost|p2a: Sneasler|spd|1
|-status|p1a: Incineroar|psn|[from] ability: Poison Touch|[of] p2a: Sneasler
|-enditem|p1a: Incineroar|Sitrus Berry|[eat]
|-heal|p1a: Incineroar|36/100 psn|[from] item: Sitrus Berry
|move|p1a: Incineroar|Parting Shot|p2a: Sneasler
|-unboost|p2a: Sneasler|atk|1
|-unboost|p2a: Sneasler|spa|1
|
|t:|1784034703
|switch|p1a: Floette|Floette-Eternal, L50, F|100/100|[from] Parting Shot
|move|p2b: Incineroar|Flare Blitz|p1b: Kingambit
|-supereffective|p1b: Kingambit|1
|-crit|p1b: Kingambit
|-damage|p1b: Kingambit|0 fnt
|faint|p1b: Kingambit
|-damage|p2b: Incineroar|66/100|[from] Recoil
|
|upkeep
|
|t:|1784034707
|switch|p1b: Incineroar|Incineroar, L50, F|36/100 psn
|-ability|p1b: Incineroar|Intimidate|boost
|-unboost|p2a: Sneasler|atk|1
|-unboost|p2b: Incineroar|atk|1
|turn|4
|
|t:|1784034717
|detailschange|p1a: Floette|Floette-Mega, L50, F
|-mega|p1a: Floette|Floette|Floettite
|-ability|p1a: Floette|Fairy Aura
|move|p2a: Sneasler|Quick Guard|p2a: Sneasler
|-singleturn|p2a: Sneasler|Quick Guard
|move|p1b: Incineroar|Fake Out|p2a: Sneasler
|-activate|p2a: Sneasler|move: Quick Guard
|move|p1a: Floette|Calm Mind|p1a: Floette
|-boost|p1a: Floette|spa|1
|-boost|p1a: Floette|spd|1
|move|p2b: Incineroar|Parting Shot|p1a: Floette
|-unboost|p1a: Floette|atk|1
|-unboost|p1a: Floette|spa|1
|
|t:|1784034729
|switch|p2b: Sinistcha|Sinistcha, L50|100/100|[from] Parting Shot
|-heal|p2a: Sneasler|38/100|[from] ability: Hospitality|[of] p2b: Sinistcha
|
|-damage|p1b: Incineroar|23/100 psn|[from] psn
|upkeep
|turn|5
|
|t:|1784034749
|move|p2a: Sneasler|Dire Claw|p1a: Floette
|-supereffective|p1a: Floette|1
|-damage|p1a: Floette|69/100
|move|p1a: Floette|Dazzling Gleam|p2b: Sinistcha|[spread] p2a,p2b
|-crit|p2a: Sneasler
|-damage|p2a: Sneasler|0 fnt
|-damage|p2b: Sinistcha|56/100
|faint|p2a: Sneasler
|move|p1b: Incineroar|Parting Shot|p2b: Sinistcha
|-unboost|p2b: Sinistcha|atk|1
|-unboost|p2b: Sinistcha|spa|1
|
|t:|1784034757
|switch|p1b: Sinistcha|Sinistcha-Masterpiece, L50, shiny|100/100|[from] Parting Shot
|-heal|p1a: Floette|93/100|[from] ability: Hospitality|[of] p1b: Sinistcha
|move|p2b: Sinistcha|Life Dew|p2b: Sinistcha
|-heal|p2b: Sinistcha|81/100
|
|upkeep
|
|t:|1784034760
|switch|p2a: Incineroar|Incineroar, L50, M|66/100
|-ability|p2a: Incineroar|Intimidate|boost
|-unboost|p1a: Floette|atk|1
|-unboost|p1b: Sinistcha|atk|1
|turn|6
|
|t:|1784034775
|switch|p1b: Incineroar|Incineroar, L50, F|23/100 psn
|-ability|p1b: Incineroar|Intimidate|boost
|-unboost|p2a: Incineroar|atk|1
|-unboost|p2b: Sinistcha|atk|1
|move|p1a: Floette|Protect|p1a: Floette
|-singleturn|p1a: Floette|Protect
|move|p2a: Incineroar|Fake Out|p1a: Floette
|-activate|p1a: Floette|move: Protect
|move|p2b: Sinistcha|Life Dew|p2b: Sinistcha|[spread] p2a,p2b
|-heal|p2a: Incineroar|91/100
|-heal|p2b: Sinistcha|100/100
|
|-damage|p1b: Incineroar|11/100 psn|[from] psn
|upkeep
|turn|7
|
|t:|1784034790
|move|p2b: Sinistcha|Protect|p2b: Sinistcha
|-singleturn|p2b: Sinistcha|Protect
|move|p1a: Floette|Calm Mind|p1a: Floette
|-boost|p1a: Floette|spa|1
|-boost|p1a: Floette|spd|1
|move|p1b: Incineroar|Parting Shot|p2a: Incineroar
|-unboost|p2a: Incineroar|atk|1
|-unboost|p2a: Incineroar|spa|1
|
|t:|1784034796
|switch|p1b: Sinistcha|Sinistcha-Masterpiece, L50, shiny|100/100|[from] Parting Shot
|-heal|p1a: Floette|100/100|[from] ability: Hospitality|[of] p1b: Sinistcha
|move|p2a: Incineroar|Parting Shot|p1a: Floette
|-unboost|p1a: Floette|atk|1
|-unboost|p1a: Floette|spa|1
|
|upkeep
|turn|8
|
|t:|1784034808
|switch|p1b: Incineroar|Incineroar, L50, F|11/100 psn
|-ability|p1b: Incineroar|Intimidate|boost
|-unboost|p2a: Incineroar|atk|1
|-unboost|p2b: Sinistcha|atk|1
|move|p1a: Floette|Calm Mind|p1a: Floette
|-boost|p1a: Floette|spa|1
|-boost|p1a: Floette|spd|1
|move|p2b: Sinistcha|Matcha Gotcha|p1a: Floette|[spread] p1a
|-miss|p2b: Sinistcha|p1b: Incineroar
|-damage|p1a: Floette|95/100
|move|p2a: Incineroar|Flare Blitz|p1b: Incineroar
|-resisted|p1b: Incineroar|1
|-damage|p1b: Incineroar|2/100 psn
|-damage|p2a: Incineroar|88/100|[from] Recoil
|
|-damage|p1b: Incineroar|0 fnt|[from] psn
|faint|p1b: Incineroar
|upkeep
|
|t:|1784034811
|switch|p1b: Sinistcha|Sinistcha-Masterpiece, L50, shiny|100/100
|-heal|p1a: Floette|100/100|[from] ability: Hospitality|[of] p1b: Sinistcha
|turn|9
|
|t:|1784034823
|move|p1b: Sinistcha|Rage Powder|p1b: Sinistcha
|-singleturn|p1b: Sinistcha|move: Rage Powder
|move|p1a: Floette|Dazzling Gleam|p2a: Incineroar|[spread] p2a,p2b
|-damage|p2a: Incineroar|20/100y
|-damage|p2b: Sinistcha|37/100
|-enditem|p2a: Incineroar|Sitrus Berry|[eat]
|-heal|p2a: Incineroar|45/100|[from] item: Sitrus Berry
|move|p2b: Sinistcha|Matcha Gotcha|p1b: Sinistcha|[spread] p1a,p1b
|-resisted|p1b: Sinistcha|1
|-damage|p1a: Floette|95/100
|-heal|p2b: Sinistcha|39/100|[from] drain|[of] p1a: Floette
|-damage|p1b: Sinistcha|93/100
|-heal|p2b: Sinistcha|43/100|[from] drain|[of] p1b: Sinistcha
|move|p2a: Incineroar|Parting Shot|p1b: Sinistcha
|-unboost|p1b: Sinistcha|atk|1
|-unboost|p1b: Sinistcha|spa|1
|
|upkeep
|turn|10
|
|t:|1784034835
|move|p1b: Sinistcha|Rage Powder|p1b: Sinistcha
|-singleturn|p1b: Sinistcha|move: Rage Powder
|move|p1a: Floette|Dazzling Gleam|p2a: Incineroar|[spread] p2a,p2b
|-damage|p2a: Incineroar|0 fnt
|-damage|p2b: Sinistcha|0 fnt
|faint|p2a: Incineroar
|faint|p2b: Sinistcha
|
|win|Prepucio Santos
