|j|☆sadnessvgc
|j|☆pikatrod
|html|sadnessvgcpikatrod    
|uhtml|bestof|Game 1 of a best-of-3
|t:|1786158493
|gametype|doubles
|player|p1|sadnessvgc|brock-gen1rb|1412
|player|p2|pikatrod|169|1519
|gen|9
|tier|[Gen 9 Champions] VGC 2026 Reg M-B (Bo3)
|rated|
|rule|Species Clause: Limit one of each Pokémon
|rule|Item Clause: Limit 1 of each item
|clearpoke
|poke|p1|Staraptor, L50, F, shiny|
|poke|p1|Raichu, L50, M, shiny|
|poke|p1|Arcanine-Hisui, L50, F, shiny|
|poke|p1|Kingambit, L50, F, shiny|
|poke|p1|Sylveon, L50, M, shiny|
|poke|p1|Farigiraf, L50, M, shiny|
|poke|p2|Froslass, L50, F|
|poke|p2|Dragonite, L50, F|
|poke|p2|Toxapex, L50, M|
|poke|p2|Sneasler, L50, F|
|poke|p2|Kingambit, L50, F|
|poke|p2|Blaziken, L50, M|
|teampreview|4
|showteam|p1|Staraptor||Staraptite|Intimidate|BraveBird,CloseCombat,Tailwind,Protect|Jolly||F|||50|]Raichu||RaichuniteY|LightningRod|ZapCannon,FocusBlast,FakeOut,Protect|Timid||M|||50|]Arcanine-Hisui||FocusSash|RockHead|FlareBlitz,HeadSmash,ExtremeSpeed,Protect|Jolly||F|||50|]Kingambit||LifeOrb|Defiant|KowtowCleave,SuckerPunch,SwordsDance,Protect|Adamant||F|||50|]Sylveon||FairyFeather|Pixilate|HyperVoice,HyperBeam,QuickAttack,Detect|Modest||M|||50|]Farigiraf||SitrusBerry|ArmorTail|Psychic,HelpingHand,TrickRoom,Protect|Calm||M|||50|
|showteam|p2|Froslass||Froslassite|CursedBody|Blizzard,ShadowBall,AuroraVeil,Protect|Timid||F|||50|]Dragonite||LifeOrb|InnerFocus|DragonClaw,ExtremeSpeed,Superpower,Protect|Adamant||F|||50|]Toxapex||Leftovers|Regenerator|Infestation,Toxic,WideGuard,BanefulBunker|Bold||M|||50|]Sneasler||FocusSash|PoisonTouch|CloseCombat,PoisonJab,FakeOut,Protect|Jolly||F|||50|]Kingambit||BlackGlasses|Defiant|KowtowCleave,IronHead,SuckerPunch,Protect|Adamant||F|||50|]Blaziken||Blazikenite|SpeedBoost|CloseCombat,FlareBlitz,RockSlide,Protect|Adamant||M|||50|
|inactive|Battle timer is ON: inactive players will automatically lose when time's up. (requested by sadnessvgc)
|inactive|sadnessvgc has 60 seconds left.
|inactive|pikatrod has 60 seconds left.
|inactive|pikatrod has 30 seconds left.
|inactive|pikatrod has 20 seconds left.
|
|t:|1786158570
|teamsize|p1|4
|teamsize|p2|4
|start
|switch|p1a: Raichu|Raichu, L50, M, shiny|100/100
|switch|p1b: Kingambit|Kingambit, L50, F, shiny|100/100
|switch|p2a: Sneasler|Sneasler, L50, F|100/100
|switch|p2b: Blaziken|Blaziken, L50, M|100/100
|turn|1
|inactive|sadnessvgc has 30 seconds left.
|
|t:|1786158602
|switch|p1a: Staraptor|Staraptor, L50, F, shiny|100/100
|-ability|p1a: Staraptor|Intimidate|boost
|-unboost|p2a: Sneasler|atk|1
|-unboost|p2b: Blaziken|atk|1
|detailschange|p2b: Blaziken|Blaziken-Mega, L50, M
|-mega|p2b: Blaziken|Blaziken|Blazikenite
|move|p1b: Kingambit|Protect|p1b: Kingambit
|-singleturn|p1b: Kingambit|Protect
|move|p2a: Sneasler|Fake Out|p1b: Kingambit
|-activate|p1b: Kingambit|move: Protect
|move|p2b: Blaziken|Close Combat|p1b: Kingambit
|-activate|p1b: Kingambit|move: Protect
|
|-ability|p2b: Blaziken|Speed Boost|boost
|-boost|p2b: Blaziken|spe|1
|upkeep
|turn|2
|inactive|sadnessvgc has 30 seconds left.
|inactive|pikatrod has 30 seconds left.
|
|t:|1786158630
|switch|p2b: Dragonite|Dragonite, L50, F|100/100
|switch|p1b: Arcanine|Arcanine-Hisui, L50, F, shiny|100/100
|move|p2a: Sneasler|Poison Jab|p1a: Staraptor
|-damage|p1a: Staraptor|63/100
|-status|p1a: Staraptor|psn
|move|p1a: Staraptor|Tailwind|p1a: Staraptor
|-sidestart|p1: sadnessvgc|move: Tailwind
|
|-damage|p1a: Staraptor|51/100 psn|[from] psn
|upkeep
|turn|3
|
|t:|1786158652
|move|p2a: Sneasler|Protect|p2a: Sneasler
|-singleturn|p2a: Sneasler|Protect
|move|p2b: Dragonite|Protect|p2b: Dragonite
|-singleturn|p2b: Dragonite|Protect
|move|p1a: Staraptor|Brave Bird|p2a: Sneasler
|-activate|p2a: Sneasler|move: Protect
|move|p1b: Arcanine|Head Smash|p2b: Dragonite
|-activate|p2b: Dragonite|move: Protect
|
|-damage|p1a: Staraptor|39/100 psn|[from] psn
|upkeep
|turn|4
|
|t:|1786158669
|move|p2b: Dragonite|Extreme Speed|p1a: Staraptor
|-damage|p1a: Staraptor|0 fnt
|faint|p1a: Staraptor
|-damage|p2b: Dragonite|90/100|[from] item: Life Orb
|move|p1b: Arcanine|Head Smash|p2b: Dragonite
|-supereffective|p2b: Dragonite|1
|-damage|p2b: Dragonite|0 fnt
|faint|p2b: Dragonite
|move|p2a: Sneasler|Close Combat|p1b: Arcanine
|-supereffective|p1b: Arcanine|1
|-enditem|p1b: Arcanine|Focus Sash
|-damage|p1b: Arcanine|1/100
|-unboost|p2a: Sneasler|def|1
|-unboost|p2a: Sneasler|spd|1
|
|upkeep
|
|t:|1786158691
|switch|p1a: Raichu|Raichu, L50, M, shiny|100/100
|switch|p2b: Blaziken|Blaziken-Mega, L50, M|100/100
|turn|5
|
|t:|1786158704
|detailschange|p1a: Raichu|Raichu-Mega-Y, L50, M, shiny
|-mega|p1a: Raichu|Raichu|Raichunite Y
|move|p2a: Sneasler|Protect|p2a: Sneasler
|-singleturn|p2a: Sneasler|Protect
|move|p2b: Blaziken|Protect|p2b: Blaziken
|-singleturn|p2b: Blaziken|Protect
|move|p1b: Arcanine|Extreme Speed|p2b: Blaziken
|-activate|p2b: Blaziken|move: Protect
|move|p1a: Raichu|Zap Cannon|p2a: Sneasler
|-activate|p2a: Sneasler|move: Protect
|
|-sideend|p1: sadnessvgc|move: Tailwind
|-ability|p2b: Blaziken|Speed Boost|boost
|-boost|p2b: Blaziken|spe|1
|upkeep
|turn|6
|
|t:|1786158725
|move|p1b: Arcanine|Extreme Speed|p2a: Sneasler
|-damage|p2a: Sneasler|30/100
|move|p2b: Blaziken|Close Combat|p1a: Raichu
|-damage|p1a: Raichu|0 fnt
|-unboost|p2b: Blaziken|def|1
|-unboost|p2b: Blaziken|spd|1
|faint|p1a: Raichu
|move|p2a: Sneasler|Close Combat|p1b: Arcanine
|-supereffective|p1b: Arcanine|1
|-damage|p1b: Arcanine|0 fnt
|-unboost|p2a: Sneasler|def|1
|-unboost|p2a: Sneasler|spd|1
|faint|p1b: Arcanine
|
|-ability|p2b: Blaziken|Speed Boost|boost
|-boost|p2b: Blaziken|spe|1
|upkeep
|
|t:|1786158736
|switch|p1b: Kingambit|Kingambit, L50, F, shiny|100/100
|turn|7
|-message|sadnessvgc forfeited.
|
|win|pikatrod
||pikatrod is ready for game 2.
||sadnessvgc is ready for game 2.
|uhtml|next|Next: Game 2 of 3
