|j|☆yendis3730
|j|☆monsoonisbest
|html|yendis3730monsoonisbest    
|uhtml|bestof|Game 2 of a best-of-3
|t:|1782389506
|gametype|doubles
|player|p1|yendis3730|klara|1000
|player|p2|monsoonisbest|102|1107
|gen|9
|tier|[Gen 9 Champions] VGC 2026 Reg M-B (Bo3)
|rated|
|rule|Species Clause: Limit one of each Pokémon
|rule|Item Clause: Limit 1 of each item
|clearpoke
|poke|p1|Staraptor, L50, F|
|poke|p1|Whimsicott, L50, F|
|poke|p1|Raichu, L50, F|
|poke|p1|Primarina, L50, M|
|poke|p1|Pelipper, L50, F|
|poke|p1|Palafin, L50, F, shiny|
|poke|p2|Swampert, L50, M|
|poke|p2|Pelipper, L50, M|
|poke|p2|Archaludon, L50, M|
|poke|p2|Sinistcha, L50|
|poke|p2|Kingambit, L50, M|
|poke|p2|Grimmsnarl, L50, M|
|teampreview|4
|showteam|p1|Staraptor||Staraptite|Intimidate|CloseCombat,Protect,DualWingbeat,Roost|Adamant||F|||50|]Whimsicott||FocusSash|Prankster|Charm,Tickle,Moonblast,Tailwind|Bold||F|||50|]Raichu||RaichuniteY|LightningRod|FakeOut,ZapCannon,Charm,MegaKick|Hasty||F|||50|]Primarina||MysticWater|LiquidVoice|HyperVoice,Moonblast,Protect,PsychicNoise|Modest||M|||50|]Pelipper||DampRock|Drizzle|Tailwind,Hurricane,WeatherBall,Protect|Serious||F|||50|]Palafin||ShellBell|ZerotoHero|FlipTurn,WaveCrash,Protect,Waterfall|Jolly||F|||50|
|showteam|p2|Swampert||Swampertite|Torrent|WaveCrash,Earthquake,IcePunch,Protect|Adamant||M|||50|]Pelipper||SitrusBerry|Drizzle|WeatherBall,Hurricane,WideGuard,Tailwind|Modest||M|||50|]Archaludon||Leftovers|Stamina|ElectroShot,DragonPulse,FlashCannon,Protect|Modest||M|||50|]Sinistcha||KasibBerry|Hospitality|MatchaGotcha,RagePowder,TrickRoom,Protect|Bold|||||50|]Kingambit||ChopleBerry|Defiant|KowtowCleave,SuckerPunch,LowKick,Protect|Adamant||M|||50|]Grimmsnarl||LightClay|Prankster|SpiritBreak,Reflect,LightScreen,PartingShot|Careful||M|||50|
|
|t:|1782389539
|teamsize|p1|4
|teamsize|p2|4
|start
|switch|p1a: Staraptor|Staraptor, L50, F|100/100
|switch|p1b: Whimsicott|Whimsicott, L50, F|100/100
|switch|p2a: Pelipper|Pelipper, L50, M|100/100
|switch|p2b: Swampert|Swampert, L50, M|100/100
|-ability|p1a: Staraptor|Intimidate|boost
|-unboost|p2a: Pelipper|atk|1
|-unboost|p2b: Swampert|atk|1
|-weather|RainDance|[from] ability: Drizzle|[of] p2a: Pelipper
|turn|1
|
|t:|1782389565
|detailschange|p1a: Staraptor|Staraptor-Mega, L50, F
|-mega|p1a: Staraptor|Staraptor|Staraptite
|detailschange|p2b: Swampert|Swampert-Mega, L50, M
|-mega|p2b: Swampert|Swampert|Swampertite
|move|p1b: Whimsicott|Tailwind|p1b: Whimsicott
|-sidestart|p1: yendis3730|move: Tailwind
|move|p1a: Staraptor|Close Combat|p2b: Swampert
|-damage|p2b: Swampert|32/100
|-boost|p1a: Staraptor|def|1
|-boost|p1a: Staraptor|spd|1
|move|p2b: Swampert|Ice Punch|p1a: Staraptor
|-supereffective|p1a: Staraptor|1
|-damage|p1a: Staraptor|73/100
|move|p2a: Pelipper|Hurricane|p1a: Staraptor
|-supereffective|p1a: Staraptor|1
|-damage|p1a: Staraptor|17/100
|-start|p1a: Staraptor|confusion
|
|-weather|RainDance|[upkeep]
|upkeep
|turn|2
|
|t:|1782389597
|switch|p2b: Sinistcha|Sinistcha, L50|100/100
|move|p1b: Whimsicott|Tickle|p1a: Staraptor
|-boost|p1a: Staraptor|atk|1
|-boost|p1a: Staraptor|def|1
|-activate|p1a: Staraptor|confusion
|move|p1a: Staraptor|Close Combat|p2b: Sinistcha
|-immune|p2b: Sinistcha
|move|p2a: Pelipper|Hurricane|p1a: Staraptor
|-supereffective|p1a: Staraptor|1
|-damage|p1a: Staraptor|0 fnt
|faint|p1a: Staraptor
|
|-weather|RainDance|[upkeep]
|upkeep
|
|t:|1782389611
|switch|p1a: Primarina|Primarina, L50, M|100/100
|turn|3
|
|t:|1782389622
|move|p1b: Whimsicott|Moonblast|p2a: Pelipper
|-damage|p2a: Pelipper|63/100
|move|p1a: Primarina|Moonblast|p2a: Pelipper
|-damage|p2a: Pelipper|2/100
|-enditem|p2a: Pelipper|Sitrus Berry|[eat]
|-heal|p2a: Pelipper|26/100|[from] item: Sitrus Berry
|move|p2a: Pelipper|Hurricane|p1b: Whimsicott
|-supereffective|p1b: Whimsicott|1
|-enditem|p1b: Whimsicott|Focus Sash
|-damage|p1b: Whimsicott|1/100
|-start|p1b: Whimsicott|confusion
|move|p2b: Sinistcha|Matcha Gotcha|p1b: Whimsicott|[spread] p1a,p1b
|-supereffective|p1a: Primarina|1
|-resisted|p1b: Whimsicott|1
|-damage|p1a: Primarina|58/100
|-damage|p1b: Whimsicott|0 fnt
|-status|p1a: Primarina|brn
|faint|p1b: Whimsicott
|
|-weather|RainDance|[upkeep]
|-damage|p1a: Primarina|52/100 brn|[from] brn
|upkeep
|
|t:|1782389641
|switch|p1b: Raichu|Raichu, L50, F|100/100
|turn|4
|
|t:|1782389652
|switch|p2a: Archaludon|Archaludon, L50, M|100/100
|move|p1b: Raichu|Zap Cannon|p2b: Sinistcha
|-resisted|p2b: Sinistcha|1
|-damage|p2b: Sinistcha|79/100
|-status|p2b: Sinistcha|par
|move|p1a: Primarina|Psychic Noise|p2a: Archaludon
|-resisted|p2a: Archaludon|1
|-damage|p2a: Archaludon|60/100
|-start|p2a: Archaludon|move: Heal Block
|-ability|p2a: Archaludon|Stamina|boost
|-boost|p2a: Archaludon|def|1
|move|p2b: Sinistcha|Matcha Gotcha|p1b: Raichu|[spread] p1a,p1b
|-supereffective|p1a: Primarina|1
|-damage|p1a: Primarina|13/100 brn
|-heal|p2b: Sinistcha|100/100 par|[from] drain|[of] p1a: Primarina
|-damage|p1b: Raichu|62/100
|-status|p1b: Raichu|brn
|
|-weather|RainDance|[upkeep]
|-damage|p1b: Raichu|56/100 brn|[from] brn
|-damage|p1a: Primarina|8/100 brn|[from] brn
|-sideend|p1: yendis3730|move: Tailwind
|upkeep
|turn|5
|
|t:|1782389689
|move|p1b: Raichu|Mega Kick|p2a: Archaludon
|-resisted|p2a: Archaludon|1
|-damage|p2a: Archaludon|57/100
|-ability|p2a: Archaludon|Stamina|boost
|-boost|p2a: Archaludon|def|1
|move|p2a: Archaludon|Dragon Pulse|p1b: Raichu
|-damage|p1b: Raichu|0 fnt
|faint|p1b: Raichu
|move|p1a: Primarina|Psychic Noise|p2a: Archaludon
|-resisted|p2a: Archaludon|1
|-damage|p2a: Archaludon|19/100
|-ability|p2a: Archaludon|Stamina|boost
|-boost|p2a: Archaludon|def|1
|move|p2b: Sinistcha|Matcha Gotcha|p1a: Primarina
|-supereffective|p1a: Primarina|1
|-damage|p1a: Primarina|0 fnt
|faint|p1a: Primarina
|
|win|monsoonisbest
|raw|yendis3730's rating: 1000 → 1000(+0 for losing)
|raw|monsoonisbest's rating: 1107 → 1125(+18 for winning)
