|j|☆tajinvgc
|j|☆Juicelo8
|html|tajinvgcJuicelo8    
|uhtml|bestof|Game 1 of a best-of-3
|t:|1783649412
|gametype|doubles
|player|p1|tajinvgc|palmer|
|player|p2|Juicelo8|1|
|gen|9
|tier|[Gen 9 Champions] VGC 2026 Reg M-B (Bo3)
|rule|Species Clause: Limit one of each Pokémon
|rule|Item Clause: Limit 1 of each item
|clearpoke
|poke|p1|Aerodactyl, L50, F|
|poke|p1|Garchomp, L50, F|
|poke|p1|Kingambit, L50, M|
|poke|p1|Charizard, L50, M|
|poke|p1|Sylveon, L50, M|
|poke|p1|Farigiraf, L50, M|
|poke|p2|Swampert, L50, M|
|poke|p2|Pelipper, L50, M|
|poke|p2|Archaludon, L50, F, shiny|
|poke|p2|Grimmsnarl, L50, M, shiny|
|poke|p2|Aerodactyl, L50, F|
|poke|p2|Sylveon, L50, F|
|teampreview|4
|showteam|p1|Aerodactyl||Aerodactylite|RockHead|RockSlide,WideGuard,Tailwind,IceFang|Jolly||F|||50|]Garchomp||LifeOrb|RoughSkin|DragonClaw,Earthquake,Protect,RockSlide|Jolly||F|||50|]Kingambit||FocusSash|Defiant|SuckerPunch,KowtowCleave,IronHead,LowKick|Adamant||M|||50|]Charizard||CharizarditeY|Blaze|Protect,WeatherBall,HeatWave,SolarBeam|Modest||M|||50|]Sylveon||FairyFeather|Pixilate|Protect,HyperVoice,HyperBeam,QuickAttack|Modest||M|||50|]Farigiraf||SitrusBerry|ArmorTail|TrickRoom,Thunderbolt,Roar,Psychic|Bold||M|||50|
|showteam|p2|Swampert||Swampertite|Torrent|WaveCrash,Earthquake,HighHorsepower,Protect|Adamant||M|||50|]Pelipper||FocusSash|Drizzle|MuddyWater,Hurricane,Protect,Tailwind|Modest||M|||50|]Archaludon||Leftovers|Stamina|ElectroShot,FlashCannon,DragonPulse,Protect|Timid||F|||50|]Grimmsnarl||LightClay|Prankster|Reflect,FakeOut,LightScreen,PartingShot|Careful||M|||50|]Aerodactyl||Aerodactylite|RockHead|IceFang,WideGuard,RockSlide,Tailwind|Jolly||F|||50|]Sylveon||LifeOrb|Pixilate|HyperBeam,HyperVoice,QuickAttack,Detect|Calm||F|||50|
|inactive|Battle timer is ON: inactive players will automatically lose when time's up. (requested by tajinvgc)
|inactive|tajinvgc has 60 seconds left.
|inactive|Juicelo8 has 60 seconds left.
|
|t:|1783649455
|teamsize|p1|4
|teamsize|p2|4
|start
|switch|p1a: Farigiraf|Farigiraf, L50, M|100/100
|switch|p1b: Sylveon|Sylveon, L50, M|100/100
|switch|p2a: Aerodactyl|Aerodactyl, L50, F|100/100
|switch|p2b: Grimmsnarl|Grimmsnarl, L50, M, shiny|100/100
|turn|1
|inactive|tajinvgc has 30 seconds left.
|
|t:|1783649486
|move|p2a: Aerodactyl|Wide Guard|p2a: Aerodactyl
|-singleturn|p2a: Aerodactyl|Wide Guard
|move|p2b: Grimmsnarl|Light Screen|p2b: Grimmsnarl
|-sidestart|p2: Juicelo8|move: Light Screen
|move|p1b: Sylveon|Hyper Beam|p2a: Aerodactyl
|-damage|p2a: Aerodactyl|19/100
|-mustrecharge|p1b: Sylveon
|move|p1a: Farigiraf|Roar|p1b: Sylveon
|drag|p1b: Charizard|Charizard, L50, M|100/100
|
|upkeep
|turn|2
|inactive|tajinvgc has 30 seconds left.
|inactive|Juicelo8 has 30 seconds left.
|inactive|tajinvgc has 20 seconds left.
|inactive|Juicelo8 has 20 seconds left.
|inactive|Juicelo8 has 15 seconds left.
|
|t:|1783649531
|switch|p2a: Swampert|Swampert, L50, M|100/100
|move|p1b: Charizard|Protect|p1b: Charizard
|-singleturn|p1b: Charizard|Protect
|move|p2b: Grimmsnarl|Reflect|p2b: Grimmsnarl
|-sidestart|p2: Juicelo8|Reflect
|move|p1a: Farigiraf|Psychic|p2a: Swampert
|-crit|p2a: Swampert
|-damage|p2a: Swampert|52/100
|
|upkeep
|turn|3
|inactive|Juicelo8 has 30 seconds left.
|
|t:|1783649561
|switch|p2b: Aerodactyl|Aerodactyl, L50, F|19/100
|detailschange|p1b: Charizard|Charizard-Mega-Y, L50, M
|-mega|p1b: Charizard|Charizard|Charizardite Y
|-weather|SunnyDay|[from] ability: Drought|[of] p1b: Charizard
|move|p2a: Swampert|Protect|p2a: Swampert
|-singleturn|p2a: Swampert|Protect
|move|p1b: Charizard|Solar Beam||[still]
|-prepare|p1b: Charizard|Solar Beam
|-anim|p1b: Charizard|Solar Beam|p2a: Swampert
|-activate|p2a: Swampert|move: Protect
|move|p1a: Farigiraf|Roar|p1b: Charizard
|drag|p1b: Sylveon|Sylveon, L50, M|100/100
|
|-weather|SunnyDay|[upkeep]
|upkeep
|turn|4
|inactive|tajinvgc has 30 seconds left.
|inactive|Juicelo8 has 30 seconds left.
|inactive|tajinvgc has 20 seconds left.
|inactive|tajinvgc has 15 seconds left.
|inactive|tajinvgc has 10 seconds left.
|
|t:|1783649606
|switch|p2b: Pelipper|Pelipper, L50, M|100/100
|-weather|RainDance|[from] ability: Drizzle|[of] p2b: Pelipper
|detailschange|p2a: Swampert|Swampert-Mega, L50, M
|-mega|p2a: Swampert|Swampert|Swampertite
|move|p1b: Sylveon|Protect|p1b: Sylveon
|-singleturn|p1b: Sylveon|Protect
|move|p2a: Swampert|Wave Crash|p1b: Sylveon
|-activate|p1b: Sylveon|move: Protect
|move|p1a: Farigiraf|Thunderbolt|p2b: Pelipper
|-supereffective|p2b: Pelipper|2
|-enditem|p2b: Pelipper|Focus Sash
|-damage|p2b: Pelipper|1/100
|
|-weather|RainDance|[upkeep]
|upkeep
|turn|5
|inactive|tajinvgc has 30 seconds left.
|inactive|Juicelo8 has 30 seconds left.
|
|t:|1783649639
|switch|p2b: Grimmsnarl|Grimmsnarl, L50, M, shiny|100/100
|move|p1b: Sylveon|Quick Attack|p2b: Grimmsnarl
|-supereffective|p2b: Grimmsnarl|1
|-damage|p2b: Grimmsnarl|83/100
|move|p2a: Swampert|High Horsepower|p1a: Farigiraf
|-damage|p1a: Farigiraf|50/100g
|move|p1a: Farigiraf|Psychic|p2a: Swampert
|-damage|p2a: Swampert|31/100
|-unboost|p2a: Swampert|spd|1
|
|-weather|RainDance|[upkeep]
|upkeep
|turn|6
|inactive|tajinvgc has 30 seconds left.
|inactive|Juicelo8 has 30 seconds left.
|inactive|Juicelo8 has 20 seconds left.
|inactive|Juicelo8 has 15 seconds left.
|inactive|Juicelo8 has 10 seconds left.
|inactive|Juicelo8 has 5 seconds left.
|
|t:|1783649690
|switch|p1a: Charizard|Charizard-Mega-Y, L50, M|100/100
|-weather|SunnyDay|[from] ability: Drought|[of] p1a: Charizard
|move|p2b: Grimmsnarl|Parting Shot|p1b: Sylveon
|-unboost|p1b: Sylveon|atk|1
|-unboost|p1b: Sylveon|spa|1
|
|t:|1783649697
|switch|p2b: Pelipper|Pelipper, L50, M|1/100|[from] Parting Shot
|-weather|RainDance|[from] ability: Drizzle|[of] p2b: Pelipper
|move|p2a: Swampert|Wave Crash|p1a: Charizard
|-supereffective|p1a: Charizard|1
|-damage|p1a: Charizard|0 fnt
|faint|p1a: Charizard
|-damage|p2a: Swampert|0 fnt|[from] Recoil
|faint|p2a: Swampert
|move|p1b: Sylveon|Hyper Voice|p2b: Pelipper
|-damage|p2b: Pelipper|0 fnt
|faint|p2b: Pelipper
|
|-weather|RainDance|[upkeep]
|upkeep
|
|t:|1783649720
|switch|p1a: Farigiraf|Farigiraf, L50, M|50/100g
|switch|p2b: Grimmsnarl|Grimmsnarl, L50, M, shiny|83/100
|switch|p2a: Aerodactyl|Aerodactyl, L50, F|19/100
|turn|7
|
|t:|1783649738
|move|p1b: Sylveon|Protect|p1b: Sylveon
|-singleturn|p1b: Sylveon|Protect
|move|p2b: Grimmsnarl|Fake Out||[still]
|cant|p1a: Farigiraf|ability: Armor Tail|Fake Out|[of] p2b: Grimmsnarl
|move|p2a: Aerodactyl|Rock Slide|p1b: Sylveon|[spread] p1a
|-activate|p1b: Sylveon|move: Protect
|-damage|p1a: Farigiraf|34/100
|-enditem|p1a: Farigiraf|Sitrus Berry|[eat]
|-heal|p1a: Farigiraf|59/100|[from] item: Sitrus Berry
|move|p1a: Farigiraf|Trick Room|p1a: Farigiraf
|-fieldstart|move: Trick Room|[of] p1a: Farigiraf
|
|-weather|RainDance|[upkeep]
|upkeep
|turn|8
|-message|Juicelo8 forfeited.
|
|win|tajinvgc
