|j|☆grapejuiceplaysyt
|j|☆pupusaeater
|html|grapejuiceplaysytpupusaeater    
|uhtml|bestof|Game 1 of a best-of-3
|t:|1756705890
|gametype|doubles
|player|p1|grapejuiceplaysyt|roughneck-gen4|1035
|player|p2|pupusaeater|169|1142
|gen|9
|tier|[Gen 9] VGC 2025 Reg H (Bo3)
|rated|
|rule|Species Clause: Limit one of each Pokémon
|rule|Item Clause: Limit 1 of each item
|clearpoke
|poke|p1|Charizard, L50, F|
|poke|p1|Torkoal, L50, M|
|poke|p1|Porygon2, L50|
|poke|p1|Incineroar, L50, M|
|poke|p1|Jumpluff, L50, M|
|poke|p1|Ursaluna, L50, F|
|poke|p2|Kingambit, L50, F|
|poke|p2|Sneasler, L50, F|
|poke|p2|Electabuzz, L50, F|
|poke|p2|Rillaboom, L50, M|
|poke|p2|Dragonite, L50, F|
|poke|p2|Clefable, L50, F|
|teampreview|4
|showteam|p1|Charizard||ChoiceSpecs|SolarPower|HeatWave,Overheat,WeatherBall,AirSlash|||F|||50|,,,,,Ghost]Torkoal||EjectPack|Drought|Eruption,Overheat,HelpingHand,Protect|||M|||50|,,,,,Fire]Porygon2||Eviolite|Download|TeraBlast,IceBeam,Recover,TrickRoom||||||50|,,,,,Fighting]Incineroar||SitrusBerry|Intimidate|FlareBlitz,KnockOff,FakeOut,PartingShot|||M|||50|,,,,,Ghost]Jumpluff||CovertCloak|Chlorophyll|SleepPowder,SunnyDay,RagePowder,Tailwind|||M|||50|,,,,,Water]Ursaluna||FlameOrb|Guts|HeadlongRush,Facade,Earthquake,Protect|||F|||50|,,,,,Ghost
|showteam|p2|Kingambit||BlackGlasses|Defiant|KowtowCleave,SuckerPunch,LowKick,Protect|||F|||50|,,,,,Water]Sneasler||FocusSash|PoisonTouch|CloseCombat,DireClaw,Coaching,Protect|||F|||50|,,,,,Ghost]Electabuzz||Eviolite|VitalSpirit|FollowMe,Protect,Thunderbolt,Taunt|||F|||50|,,,,,Ghost]Rillaboom||AssaultVest|GrassySurge|WoodHammer,GrassyGlide,HighHorsepower,FakeOut|||M|||50|,,,,,Fire]Dragonite||SitrusBerry|Multiscale|ExtremeSpeed,Haze,DragonClaw,Tailwind|||F|||50|,,,,,Normal]Clefable||SafetyGoggles|MagicGuard|KnockOff,Moonblast,FollowMe,Protect|||F|||50|,,,,,Poison
|inactive|Battle timer is ON: inactive players will automatically lose when time's up. (requested by pupusaeater)
|inactive|grapejuiceplaysyt has 60 seconds left.
|
|t:|1756705938
|teamsize|p1|4
|teamsize|p2|4
|start
|switch|p1a: Torkoal|Torkoal, L50, M|100/100
|switch|p1b: Porygon2|Porygon2, L50|100/100
|switch|p2a: Clefable|Clefable, L50, F|100/100
|switch|p2b: Sneasler|Sneasler, L50, F, shiny|100/100
|-ability|p1b: Porygon2|Download|boost
|-boost|p1b: Porygon2|atk|1
|-weather|SunnyDay|[from] ability: Drought|[of] p1a: Torkoal
|turn|1
|
|t:|1756705955
|move|p2b: Sneasler|Close Combat|p1b: Porygon2
|-supereffective|p1b: Porygon2
|-damage|p1b: Porygon2|21/100
|-unboost|p2b: Sneasler|def|1
|-unboost|p2b: Sneasler|spd|1
|move|p2a: Clefable|Knock Off|p1b: Porygon2
|-damage|p1b: Porygon2|10/100
|-enditem|p1b: Porygon2|Eviolite|[from] move: Knock Off|[of] p2a: Clefable
|move|p1a: Torkoal|Overheat|p2b: Sneasler
|-enditem|p2b: Sneasler|Focus Sash
|-damage|p2b: Sneasler|1/100
|-unboost|p1a: Torkoal|spa|2
|-enditem|p1a: Torkoal|Eject Pack
|
|t:|1756705968
|switch|p1a: Ursaluna|Ursaluna, L50, F|100/100
|move|p1b: Porygon2|Trick Room|p1b: Porygon2
|-fieldstart|move: Trick Room|[of] p1b: Porygon2
|
|-weather|SunnyDay|[upkeep]
|-status|p1a: Ursaluna|brn|[from] item: Flame Orb
|upkeep
|turn|2
|inactive|pupusaeater has 30 seconds left.
|
|t:|1756705995
|switch|p2b: Dragonite|Dragonite, L50, F, shiny|100/100
|move|p2a: Clefable|Moonblast|p1a: Ursaluna
|-damage|p1a: Ursaluna|61/100 brn
|move|p1b: Porygon2|Tera Blast|p2b: Dragonite
|-damage|p2b: Dragonite|80/100
|move|p1a: Ursaluna|Facade|p2a: Clefable
|-damage|p2a: Clefable|0 fnt
|faint|p2a: Clefable
|
|-weather|SunnyDay|[upkeep]
|-damage|p1a: Ursaluna|56/100 brn|[from] brn
|upkeep
|
|t:|1756706009
|switch|p2a: Rillaboom|Rillaboom, L50, M|100/100
|-fieldstart|move: Grassy Terrain|[from] ability: Grassy Surge|[of] p2a: Rillaboom
|turn|3
|inactive|pupusaeater has 30 seconds left.
|
|t:|1756706036
|move|p1a: Ursaluna|Protect|p1a: Ursaluna
|-singleturn|p1a: Ursaluna|Protect
|move|p2b: Dragonite|Extreme Speed|p1a: Ursaluna
|-activate|p1a: Ursaluna|move: Protect
|move|p2a: Rillaboom|Grassy Glide|p1b: Porygon2
|-damage|p1b: Porygon2|0 fnt
|faint|p1b: Porygon2
|
|-weather|SunnyDay|[upkeep]
|-heal|p1a: Ursaluna|61/100 brn|[from] Grassy Terrain
|-damage|p1a: Ursaluna|56/100 brn|[from] brn
|upkeep
|inactive|grapejuiceplaysyt has 30 seconds left.
|
|t:|1756706071
|switch|p1b: Torkoal|Torkoal, L50, M|100/100
|turn|4
|
|t:|1756706094
|-terastallize|p1a: Ursaluna|Ghost
|move|p2b: Dragonite|Extreme Speed|p1b: Torkoal
|-damage|p1b: Torkoal|78/100
|move|p2a: Rillaboom|Grassy Glide|p1a: Ursaluna
|-damage|p1a: Ursaluna|26/100 brn
|move|p1b: Torkoal|Eruption|p2a: Rillaboom|[spread] p2a,p2b
|-supereffective|p2a: Rillaboom
|-resisted|p2b: Dragonite
|-crit|p2b: Dragonite
|-damage|p2a: Rillaboom|18/100
|-damage|p2b: Dragonite|36/100
|-enditem|p2b: Dragonite|Sitrus Berry|[eat]
|-heal|p2b: Dragonite|61/100|[from] item: Sitrus Berry
|move|p1a: Ursaluna|Facade|p2a: Rillaboom
|-damage|p2a: Rillaboom|0 fnt
|faint|p2a: Rillaboom
|
|-weather|SunnyDay|[upkeep]
|-heal|p1b: Torkoal|84/100|[from] Grassy Terrain
|-heal|p1a: Ursaluna|31/100 brn|[from] Grassy Terrain
|-damage|p1a: Ursaluna|26/100 brn|[from] brn
|upkeep
|
|t:|1756706116
|switch|p2a: Sneasler|Sneasler, L50, F, shiny|1/100
|turn|5
|
|t:|1756706133
|move|p2a: Sneasler|Protect|p2a: Sneasler
|-singleturn|p2a: Sneasler|Protect
|move|p2b: Dragonite|Extreme Speed|p1b: Torkoal
|-damage|p1b: Torkoal|59/100
|move|p1b: Torkoal|Overheat|p2a: Sneasler
|-activate|p2a: Sneasler|move: Protect
|move|p1a: Ursaluna|Facade|p2b: Dragonite
|-damage|p2b: Dragonite|0 fnt
|faint|p2b: Dragonite
|
|-weather|none
|-heal|p1b: Torkoal|65/100|[from] Grassy Terrain
|-heal|p1a: Ursaluna|31/100 brn|[from] Grassy Terrain
|-heal|p2a: Sneasler|7/100|[from] Grassy Terrain
|-damage|p1a: Ursaluna|26/100 brn|[from] brn
|-fieldend|move: Trick Room
|upkeep
|turn|6
|
|t:|1756706155
|switch|p1a: Incineroar|Incineroar, L50, M|100/100
|-ability|p1a: Incineroar|Intimidate|boost
|-unboost|p2a: Sneasler|atk|1
|move|p2a: Sneasler|Dire Claw|p1a: Incineroar
|-damage|p1a: Incineroar|75/100
|-status|p1a: Incineroar|par
|move|p1b: Torkoal|Overheat|p2a: Sneasler
|-damage|p2a: Sneasler|0 fnt
|-unboost|p1b: Torkoal|spa|2
|faint|p2a: Sneasler
|
|win|grapejuiceplaysyt
||pupusaeater is ready for game 2.
|inactive|grapejuiceplaysyt has 30 seconds to confirm battle start!
||grapejuiceplaysyt is ready for game 2.
|uhtml|next|Next: Game 2 of 3
