|j|☆chonky bunny moo
|j|☆psychic system
|html|chonky bunny moopsychic system    
|uhtml|bestof|Game 3 of a best-of-3
|t:|1756996705
|gametype|doubles
|player|p1|chonky bunny moo|schoolkidf|1073
|player|p2|psychic system|lucas|1150
|gen|9
|tier|[Gen 9] VGC 2025 Reg H (Bo3)
|rated|
|rule|Species Clause: Limit one of each Pokémon
|rule|Item Clause: Limit 1 of each item
|clearpoke
|poke|p1|Scovillain, L50, F|
|poke|p1|Gholdengo, L50|
|poke|p1|Sinistcha, L50|
|poke|p1|Torkoal, L50, F|
|poke|p1|Indeedee-F, L50, F|
|poke|p1|Dragonite, L50, M|
|poke|p2|Rillaboom, L50, M|
|poke|p2|Florges, L50, F|
|poke|p2|Amoonguss, L50, M|
|poke|p2|Kingambit, L50, F|
|poke|p2|Incineroar, L50, F|
|poke|p2|Pelipper, L50, F|
|teampreview|4
|showteam|p1|Scovillain||FocusSash|Chlorophyll|Overheat,Protect,RagePowder,SpicyExtract|||F|||50|,,,,,Electric]Gholdengo||LifeOrb|GoodasGold|MakeItRain,ShadowBall,DazzlingGleam,NastyPlot||||||50|,,,,,Dark]Sinistcha||EjectPack|Hospitality|MatchaGotcha,Protect,Scald,LifeDew||||||50|,,,,,Water]Torkoal||ChoiceSpecs|Drought|Eruption,EarthPower,SolarBeam,HeatWave|||F|||50|,,,,,Grass]Indeedee-F||RockyHelmet|PsychicSurge|TrickRoom,FollowMe,Psychic,ShadowBall|||F|||50|,,,,,Water]Dragonite||ClearAmulet|Multiscale|ExtremeSpeed,ThunderPunch,IceSpinner,Earthquake|||M|||50|,,,,,Normal
|showteam|p2|Rillaboom||AssaultVest|GrassySurge|FakeOut,GrassyGlide,DrumBeating,Uturn|||M|||50|,,,,,Fire]Florges||Leftovers|FlowerVeil|Moonblast,DazzlingGleam,CalmMind,Protect|||F|||50|,,,,,Grass]Amoonguss||SitrusBerry|Regenerator|ClearSmog,Spore,PollenPuff,RagePowder|||M|||50|,,,,,Water]Kingambit||BlackGlasses|Defiant|Protect,KowtowCleave,SuckerPunch,SwordsDance|||F|||50|,,,,,Ghost]Incineroar||SafetyGoggles|Intimidate|FakeOut,KnockOff,FlareBlitz,PartingShot|||F|||50|,,,,,Ghost]Pelipper||ChoiceScarf|Drizzle|MuddyWater,Hurricane,IcyWind,WeatherBall|||F|||50|,,,,,Water
|inactive|Battle timer is ON: inactive players will automatically lose when time's up. (requested by psychic system)
|inactive|psychic system has 60 seconds left.
|
|t:|1756996750
|teamsize|p1|4
|teamsize|p2|4
|start
|switch|p1a: Scovillain|Scovillain, L50, F|100/100
|switch|p1b: Torkoal|Torkoal, L50, F|100/100
|switch|p2a: Florges|Florges, L50, F|100/100
|switch|p2b: Incineroar|Incineroar, L50, F|100/100
|-ability|p2b: Incineroar|Intimidate|boost
|-unboost|p1a: Scovillain|atk|1
|-unboost|p1b: Torkoal|atk|1
|-weather|SunnyDay|[from] ability: Drought|[of] p1b: Torkoal
|turn|1
|inactive|chonky bunny moo has 30 seconds left.
|inactive|psychic system has 30 seconds left.
|
|t:|1756996790
|switch|p2b: Pelipper|Pelipper, L50, F|100/100
|-weather|RainDance|[from] ability: Drizzle|[of] p2b: Pelipper
|switch|p1b: Dragonite|Dragonite, L50, M|100/100
|move|p2a: Florges|Protect|p2a: Florges
|-singleturn|p2a: Florges|Protect
|move|p1a: Scovillain|Spicy Extract|p1b: Dragonite
|-fail|p1b: Dragonite|unboost|[from] item: Clear Amulet|[of] p1b: Dragonite
|-boost|p1b: Dragonite|atk|2
|
|-weather|RainDance|[upkeep]
|upkeep
|turn|2
|inactive|chonky bunny moo has 30 seconds left.
|
|t:|1756996819
|-terastallize|p1b: Dragonite|Normal
|move|p2b: Pelipper|Icy Wind|p1b: Dragonite|[spread] p1a,p1b
|-damage|p1a: Scovillain|84/100
|-damage|p1b: Dragonite|95/100
|-unboost|p1a: Scovillain|spe|1
|move|p1b: Dragonite|Ice Spinner|p2b: Pelipper
|-damage|p2b: Pelipper|21/100
|move|p2a: Florges|Dazzling Gleam|p1a: Scovillain|[spread] p1a,p1b
|-resisted|p1a: Scovillain
|-crit|p1b: Dragonite
|-damage|p1a: Scovillain|65/100
|-damage|p1b: Dragonite|61/100
|move|p1a: Scovillain|Spicy Extract|p1b: Dragonite
|-fail|p1b: Dragonite|unboost|[from] item: Clear Amulet|[of] p1b: Dragonite
|-boost|p1b: Dragonite|atk|2
|
|-weather|RainDance|[upkeep]
|upkeep
|turn|3
|inactive|chonky bunny moo has 30 seconds left.
|
|t:|1756996851
|switch|p2b: Incineroar|Incineroar, L50, F|100/100
|-ability|p2b: Incineroar|Intimidate|boost
|-unboost|p1a: Scovillain|atk|1
|-fail|p1b: Dragonite|unboost|[from] item: Clear Amulet|[of] p1b: Dragonite
|move|p1b: Dragonite|Extreme Speed|p2a: Florges
|-damage|p2a: Florges|0 fnt
|faint|p2a: Florges
|move|p1a: Scovillain|Rage Powder|p1a: Scovillain
|-singleturn|p1a: Scovillain|move: Rage Powder
|
|-weather|RainDance|[upkeep]
|upkeep
|
|t:|1756996863
|switch|p2a: Rillaboom|Rillaboom, L50, M|100/100
|-fieldstart|move: Grassy Terrain|[from] ability: Grassy Surge|[of] p2a: Rillaboom
|turn|4
|
|t:|1756996880
|switch|p1a: Sinistcha|Sinistcha, L50|100/100
|-heal|p1b: Dragonite|85/100|[from] ability: Hospitality|[of] p1a: Sinistcha
|move|p2a: Rillaboom|Fake Out|p1b: Dragonite
|-damage|p1b: Dragonite|73/100
|cant|p1b: Dragonite|flinch
|move|p2b: Incineroar|Knock Off|p1a: Sinistcha
|-supereffective|p1a: Sinistcha
|-damage|p1a: Sinistcha|0 fnt
|-enditem|p1a: Sinistcha|Eject Pack|[from] move: Knock Off|[of] p2b: Incineroar
|faint|p1a: Sinistcha
|
|-weather|RainDance|[upkeep]
|-heal|p1b: Dragonite|79/100|[from] Grassy Terrain
|upkeep
|
|t:|1756996897
|switch|p1a: Scovillain|Scovillain, L50, F|65/100
|turn|5
|inactive|chonky bunny moo has 30 seconds left.
|
|t:|1756996925
|move|p1a: Scovillain|Protect|p1a: Scovillain
|-singleturn|p1a: Scovillain|Protect
|move|p1b: Dragonite|Extreme Speed|p2b: Incineroar
|-damage|p2b: Incineroar|0 fnt
|faint|p2b: Incineroar
|move|p2a: Rillaboom|U-turn|p1a: Scovillain
|-activate|p1a: Scovillain|move: Protect
|
|-weather|none
|-heal|p1a: Scovillain|71/100|[from] Grassy Terrain
|-heal|p1b: Dragonite|85/100|[from] Grassy Terrain
|upkeep
|-message|psychic system forfeited.
|
|win|chonky bunny moo
|raw|chonky bunny moo's rating: 1073 → 1108(+35 for winning)
|raw|psychic system's rating: 1150 → 1120(-30 for losing)
