|j|☆ufhednarvgc
|j|☆Scoseb
|html|ufhednarvgcScoseb    
|uhtml|bestof|Game 3 of a best-of-3
|t:|1785351889
|gametype|doubles
|player|p1|ufhednarvgc|lance|1224
|player|p2|Scoseb|brycenman|1306
|gen|9
|tier|[Gen 9 Champions] VGC 2026 Reg M-B (Bo3)
|rated|
|rule|Species Clause: Limit one of each Pokémon
|rule|Item Clause: Limit 1 of each item
|clearpoke
|poke|p1|Staraptor, L50, F|
|poke|p1|Whimsicott, L50, F|
|poke|p1|Garchomp, L50, M|
|poke|p1|Raichu, L50, M|
|poke|p1|Basculegion, L50, M|
|poke|p1|Kingambit, L50, M|
|poke|p2|Gholdengo, L50|
|poke|p2|Zoroark-Hisui, L50, M|
|poke|p2|Incineroar, L50, F|
|poke|p2|Whimsicott, L50, F|
|poke|p2|Staraptor, L50, F|
|poke|p2|Garchomp, L50, M|
|teampreview|4
|showteam|p1|Staraptor||Staraptite|Intimidate|CloseCombat,BraveBird,Roost,Protect|Jolly||F|||50|]Whimsicott||FocusSash|Prankster|Moonblast,Charm,Tailwind,LightScreen|Timid||F|||50|]Garchomp||LifeOrb|RoughSkin|DragonClaw,Earthquake,RockSlide,Protect|Jolly||M|||50|]Raichu||RaichuniteY|Static|FakeOut,ZapCannon,FocusBlast,Protect|Timid||M|||50|]Basculegion||ChoiceScarf|Adaptability|LastRespects,WaveCrash,FlipTurn,AquaJet|Adamant||M|||50|]Kingambit||BlackGlasses|Defiant|KowtowCleave,SuckerPunch,SwordsDance,Protect|Adamant||M|||50|
|showteam|p2|Gholdengo||LifeOrb|GoodasGold|PowerGem,Protect,MakeItRain,ShadowBall|Modest|||||50|]Zoroark-Hisui||FocusSash|Illusion|Taunt,IcyWind,FakeTears,ShadowBall|Timid||M|||50|]Incineroar||SitrusBerry|Intimidate|FakeOut,PartingShot,FlareBlitz,DarkestLariat|Careful||F|||50|]Whimsicott||FairyFeather|Prankster|Moonblast,Tailwind,Charm,Encore|Modest||F|||50|]Staraptor||Staraptite|Reckless|CloseCombat,Protect,BraveBird,Roost|Jolly||F|||50|]Garchomp||Garchompite|RoughSkin|Protect,StompingTantrum,DragonClaw,RockSlide|Adamant||M|||50|
|inactive|Battle timer is ON: inactive players will automatically lose when time's up. (requested by Scoseb)
|
|t:|1785351917
|teamsize|p1|4
|teamsize|p2|4
|start
|switch|p1a: Raichu|Raichu, L50, M|100/100
|switch|p1b: Kingambit|Kingambit, L50, M|100/100
|switch|p2a: Whimsicott|Whimsicott, L50, F|100/100
|switch|p2b: Staraptor|Staraptor, L50, F|100/100
|turn|1
|
|t:|1785351932
|switch|p2b: Garchomp|Garchomp, L50, M|100/100
|switch|p1b: Whimsicott|Whimsicott, L50, F|100/100
|detailschange|p1a: Raichu|Raichu-Mega-Y, L50, M
|-mega|p1a: Raichu|Raichu|Raichunite Y
|move|p2a: Whimsicott|Tailwind|p2a: Whimsicott
|-sidestart|p2: Scoseb|move: Tailwind
|move|p1a: Raichu|Zap Cannon|p2b: Garchomp
|-immune|p2b: Garchomp
|
|upkeep
|turn|2
|
|t:|1785351949
|switch|p2b: Incineroar|Incineroar, L50, F|100/100
|-ability|p2b: Incineroar|Intimidate|boost
|-unboost|p1a: Raichu|atk|1
|-unboost|p1b: Whimsicott|atk|1
|switch|p1a: Basculegion|Basculegion, L50, M|100/100
|move|p2a: Whimsicott|Encore||[still]
|-fail|p2a: Whimsicott
|move|p1b: Whimsicott|Tailwind|p1b: Whimsicott
|-sidestart|p1: ufhednarvgc|move: Tailwind
|
|upkeep
|turn|3
|inactive|Scoseb has 30 seconds left.
|
|t:|1785351977
|move|p2a: Whimsicott|Charm|p1a: Basculegion
|-unboost|p1a: Basculegion|atk|2
|move|p1a: Basculegion|Wave Crash|p2b: Incineroar
|-supereffective|p2b: Incineroar|1
|-damage|p2b: Incineroar|34/100
|-enditem|p2b: Incineroar|Sitrus Berry|[eat]
|-heal|p2b: Incineroar|59/100|[from] item: Sitrus Berry
|-damage|p1a: Basculegion|77/100|[from] Recoil
|move|p1b: Whimsicott|Moonblast|p2a: Whimsicott
|-damage|p2a: Whimsicott|44/100
|-unboost|p2a: Whimsicott|spa|1
|move|p2b: Incineroar|Darkest Lariat|p1a: Basculegion
|-supereffective|p1a: Basculegion|1
|-damage|p1a: Basculegion|0 fnt
|faint|p1a: Basculegion
|
|upkeep
|
|t:|1785351993
|switch|p1a: Raichu|Raichu-Mega-Y, L50, M|100/100
|turn|4
|inactive|Scoseb has 30 seconds left.
|inactive|Scoseb has 20 seconds left.
|
|t:|1785352028
|switch|p2a: Staraptor|Staraptor, L50, F|100/100
|move|p1a: Raichu|Focus Blast|p2b: Incineroar
|-supereffective|p2b: Incineroar|1
|-damage|p2b: Incineroar|0 fnt
|faint|p2b: Incineroar
|move|p1b: Whimsicott|Moonblast|p2a: Staraptor
|-damage|p2a: Staraptor|55/100
|
|-sideend|p2: Scoseb|move: Tailwind
|upkeep
|
|t:|1785352037
|switch|p2b: Whimsicott|Whimsicott, L50, F|44/100
|turn|5
|
|t:|1785352059
|move|p2a: Staraptor|Protect|p2a: Staraptor
|-singleturn|p2a: Staraptor|Protect
|move|p2b: Whimsicott|Tailwind|p2b: Whimsicott
|-sidestart|p2: Scoseb|move: Tailwind
|move|p1a: Raichu|Focus Blast|p2a: Staraptor
|-activate|p2a: Staraptor|move: Protect
|move|p1b: Whimsicott|Moonblast|p2b: Whimsicott
|-damage|p2b: Whimsicott|0 fnt
|faint|p2b: Whimsicott
|
|-sideend|p1: ufhednarvgc|move: Tailwind
|upkeep
|
|t:|1785352069
|switch|p2b: Garchomp|Garchomp, L50, M|100/100
|turn|6
|
|t:|1785352087
|detailschange|p2b: Garchomp|Garchomp-Mega, L50, M
|-mega|p2b: Garchomp|Garchomp|Garchompite
|move|p2a: Staraptor|Protect||[still]
|-fail|p2a: Staraptor
|move|p1b: Whimsicott|Tailwind|p1b: Whimsicott
|-sidestart|p1: ufhednarvgc|move: Tailwind
|move|p1a: Raichu|Zap Cannon|p2a: Staraptor
|-supereffective|p2a: Staraptor|1
|-damage|p2a: Staraptor|0 fnt
|faint|p2a: Staraptor
|move|p2b: Garchomp|Stomping Tantrum|p1a: Raichu
|-supereffective|p1a: Raichu|1
|-damage|p1a: Raichu|0 fnt
|faint|p1a: Raichu
|
|upkeep
|
|t:|1785352099
|switch|p1a: Kingambit|Kingambit, L50, M|100/100
|turn|7
|
|t:|1785352107
|move|p1a: Kingambit|Sucker Punch|p2b: Garchomp
|-damage|p2b: Garchomp|60/100
|move|p1b: Whimsicott|Moonblast|p2b: Garchomp
|-supereffective|p2b: Garchomp|1
|-damage|p2b: Garchomp|1/100
|move|p2b: Garchomp|Stomping Tantrum|p1a: Kingambit
|-supereffective|p1a: Kingambit|1
|-damage|p1a: Kingambit|21/100
|
|upkeep
|turn|8
|-message|Scoseb forfeited.
|
|win|ufhednarvgc
|raw|ufhednarvgc's rating: 1224 → 1255(+31 for winning)
|raw|Scoseb's rating: 1306 → 1281(-25 for losing)
|j| tedidn
|c|☆Scoseb|ggs
|c|☆ufhednarvgc|ggs
|l|☆Scoseb
|player|p2|
