|j|☆Jaybird112233
|j|☆terosath
|html|Jaybird112233terosath    
|uhtml|bestof|Game 2 of a best-of-3
|t:|1785116786
|gametype|doubles
|player|p1|Jaybird112233|naveen|
|player|p2|terosath|n|
|gen|9
|tier|[Gen 9 Champions] VGC 2026 Reg M-B (Bo3)
|rule|Species Clause: Limit one of each Pokémon
|rule|Item Clause: Limit 1 of each item
|clearpoke
|poke|p1|Altaria, L50, F, shiny|
|poke|p1|Sinistcha, L50|
|poke|p1|Tyranitar, L50, F, shiny|
|poke|p1|Rotom-Heat, L50, shiny|
|poke|p1|Slowbro, L50, M|
|poke|p1|Aggron, L50, F|
|poke|p2|Drampa, L50, F|
|poke|p2|Crabominable, L50, F|
|poke|p2|Sinistcha-Masterpiece, L50|
|poke|p2|Politoed, L50, M|
|poke|p2|Farigiraf, L50, M|
|poke|p2|Garganacl, L50, F|
|teampreview|4
|showteam|p1|Altaria||Altarianite|CloudNine|HyperVoice,DracoMeteor,HyperBeam,Protect|Quiet||F|||50|]Sinistcha||SitrusBerry|Hospitality|MatchaGotcha,LifeDew,RagePowder,TrickRoom|Calm|||||50|]Tyranitar||Tyranitarite|SandStream|KnockOff,RockSlide,LowKick,Protect|Adamant||F|||50|]Rotom-Heat||WhiteHerb|Levitate|Thunderbolt,Overheat,LightScreen,VoltSwitch|Modest|||||50|]Slowbro||Leftovers|Regenerator|HealPulse,TrickRoom,Scald,Protect|Relaxed||M|||50|]Aggron||Aggronite|Sturdy|IronDefense,BodyPress,HeavySlam,Protect|Impish||F|||50|
|showteam|p2|Drampa||Drampanite|Berserk|Protect,EarthPower,CalmMind,HyperVoice|Quiet||F|||50|]Crabominable||Crabominite|HyperCutter|DrainPunch,Protect,IceHammer,ThunderPunch|Brave||F|||50|]Sinistcha-Masterpiece||SitrusBerry|Hospitality|TrickRoom,MatchaGotcha,LifeDew,RagePowder|Modest|||||50|]Politoed||MysticWater|Drizzle|MuddyWater,Protect,Encore,HelpingHand|Calm||M|||50|]Farigiraf||MentalHerb|ArmorTail|TrickRoom,PsychicNoise,LightScreen,Reflect|Sassy||M|||50|]Garganacl||Leftovers|PurifyingSalt|WideGuard,RockSlide,Protect,BodyPress|Relaxed||F|||50|
|j| geminiduality2
|
|t:|1785116802
|teamsize|p1|4
|teamsize|p2|4
|start
|switch|p1a: Cuppa Tay|Sinistcha, L50|100/100
|switch|p1b: Ferrous|Aggron, L50, F|100/100
|switch|p2a: 'Nam Veteran|Drampa, L50, F|100/100
|switch|p2b: RacecaR|Farigiraf, L50, M|100/100
|turn|1
|j| seafan13
|j| Bingus Von Bongus
|
|t:|1785116828
|detailschange|p1b: Ferrous|Aggron-Mega, L50, F
|-mega|p1b: Ferrous|Aggron|Aggronite
|detailschange|p2a: 'Nam Veteran|Drampa-Mega, L50, F
|-mega|p2a: 'Nam Veteran|Drampa|Drampanite
|move|p2b: RacecaR|Psychic Noise|p1a: Cuppa Tay
|-damage|p1a: Cuppa Tay|76/100
|-start|p1a: Cuppa Tay|move: Heal Block
|move|p1b: Ferrous|Iron Defense|p1b: Ferrous
|-boost|p1b: Ferrous|def|2
|move|p2a: 'Nam Veteran|Calm Mind|p2a: 'Nam Veteran
|-boost|p2a: 'Nam Veteran|spa|1
|-boost|p2a: 'Nam Veteran|spd|1
|move|p1a: Cuppa Tay|Trick Room|p1a: Cuppa Tay
|-fieldstart|move: Trick Room|[of] p1a: Cuppa Tay
|
|upkeep
|turn|2
|
|t:|1785116850
|switch|p1a: Chomps|Tyranitar, L50, F, shiny|100/100
|-weather|Sandstorm|[from] ability: Sand Stream|[of] p1a: Chomps
|move|p2a: 'Nam Veteran|Earth Power|p1b: Ferrous
|-supereffective|p1b: Ferrous|1
|-damage|p1b: Ferrous|9/100
|move|p1b: Ferrous|Body Press|p2a: 'Nam Veteran
|-supereffective|p2a: 'Nam Veteran|1
|-damage|p2a: 'Nam Veteran|0 fnt
|faint|p2a: 'Nam Veteran
|move|p2b: RacecaR|Psychic Noise|p1b: Ferrous
|-resisted|p1b: Ferrous|1
|-damage|p1b: Ferrous|0 fnt
|faint|p1b: Ferrous
|
|-weather|Sandstorm|[upkeep]
|-damage|p2b: RacecaR|93/100|[from] Sandstorm
|upkeep
|
|t:|1785116866
|switch|p2a: I've seen this b4|Garganacl, L50, F|100/100
|switch|p1b: Air Fryer|Rotom-Heat, L50, shiny|100/100
|turn|3
|
|t:|1785116889
|switch|p1a: Cuppa Tay|Sinistcha, L50|76/100
|move|p2a: I've seen this b4|Rock Slide|p1b: Air Fryer|[spread] p1b
|-miss|p2a: I've seen this b4|p1a: Cuppa Tay
|-supereffective|p1b: Air Fryer|1
|-damage|p1b: Air Fryer|56/100
|move|p2b: RacecaR|Reflect|p2b: RacecaR
|-sidestart|p2: terosath|Reflect
|move|p1b: Air Fryer|Light Screen|p1b: Air Fryer
|-sidestart|p1: Jaybird112233|move: Light Screen
|
|-weather|Sandstorm|[upkeep]
|-damage|p2b: RacecaR|87/100|[from] Sandstorm
|-damage|p1a: Cuppa Tay|70/100|[from] Sandstorm
|-damage|p1b: Air Fryer|50/100g|[from] Sandstorm
|upkeep
|turn|4
|
|t:|1785116915
|move|p2a: I've seen this b4|Rock Slide|p1b: Air Fryer|[spread] p1a
|-miss|p2a: I've seen this b4|p1b: Air Fryer
|-damage|p1a: Cuppa Tay|52/100
|move|p2b: RacecaR|Psychic Noise|p1a: Cuppa Tay
|-damage|p1a: Cuppa Tay|35/100
|-start|p1a: Cuppa Tay|move: Heal Block
|cant|p1a: Cuppa Tay|flinch
|move|p1b: Air Fryer|Volt Switch|p2b: RacecaR
|-damage|p2b: RacecaR|64/100
|
|t:|1785116927
|switch|p1b: Chomps|Tyranitar, L50, F, shiny|100/100|[from] Volt Switch
|
|-weather|Sandstorm|[upkeep]
|-damage|p2b: RacecaR|58/100|[from] Sandstorm
|-damage|p1a: Cuppa Tay|29/100|[from] Sandstorm
|upkeep
|turn|5
|
|t:|1785116962
|switch|p1a: Air Fryer|Rotom-Heat, L50, shiny|50/100g
|move|p2a: I've seen this b4|Rock Slide|p1a: Air Fryer|[spread] p1a,p1b
|-supereffective|p1a: Air Fryer|1
|-damage|p1a: Air Fryer|11/100
|-damage|p1b: Chomps|85/100
|move|p2b: RacecaR|Psychic Noise|p1a: Air Fryer
|-damage|p1a: Air Fryer|0 fnt
|faint|p1a: Air Fryer
|move|p1b: Chomps|Knock Off|p2b: RacecaR
|-supereffective|p2b: RacecaR|1
|-damage|p2b: RacecaR|0 fnt
|-enditem|p2b: RacecaR|Mental Herb|[from] move: Knock Off|[of] p1b: Chomps
|faint|p2b: RacecaR
|
|-weather|Sandstorm|[upkeep]
|-fieldend|move: Trick Room
|upkeep
|
|t:|1785116977
|switch|p1a: Cuppa Tay|Sinistcha, L50|29/100
|switch|p2b: Double Gulp|Sinistcha-Masterpiece, L50|100/100
|-enditem|p1a: Cuppa Tay|Sitrus Berry|[eat]
|-heal|p1a: Cuppa Tay|54/100|[from] item: Sitrus Berry
|-heal|p1b: Chomps|100/100|[from] ability: Hospitality|[of] p1a: Cuppa Tay
|turn|6
|
|t:|1785116996
|move|p2a: I've seen this b4|Protect|p2a: I've seen this b4
|-singleturn|p2a: I've seen this b4|Protect
|move|p1a: Cuppa Tay|Life Dew||[still]|[spread] p1a,p1b
|-heal|p1a: Cuppa Tay|79/100
|-fail|p1b: Chomps|heal
|move|p1b: Chomps|Knock Off|p2b: Double Gulp
|-supereffective|p2b: Double Gulp|1
|-damage|p2b: Double Gulp|41/100
|-enditem|p2b: Double Gulp|Sitrus Berry|[from] move: Knock Off|[of] p1b: Chomps
|move|p2b: Double Gulp|Trick Room|p2b: Double Gulp
|-fieldstart|move: Trick Room|[of] p2b: Double Gulp
|
|-weather|none
|upkeep
|turn|7
|
|t:|1785117026
|move|p2a: I've seen this b4|Rock Slide|p1a: Cuppa Tay|[spread] p1a,p1b
|-damage|p1a: Cuppa Tay|60/100
|-damage|p1b: Chomps|85/100
|cant|p1b: Chomps|flinch
|move|p2b: Double Gulp|Matcha Gotcha|p1b: Chomps|[spread] p1a,p1b
|-resisted|p1a: Cuppa Tay|1
|-supereffective|p1b: Chomps|1
|-damage|p1a: Cuppa Tay|53/100
|-heal|p2b: Double Gulp|44/100|[from] drain|[of] p1a: Cuppa Tay
|-damage|p1b: Chomps|56/100
|-heal|p2b: Double Gulp|61/100|[from] drain|[of] p1b: Chomps
|move|p1a: Cuppa Tay|Trick Room|p1a: Cuppa Tay
|-fieldend|move: Trick Room
|
|-sideend|p2: terosath|Reflect
|-sideend|p1: Jaybird112233|move: Light Screen
|upkeep
|turn|8
|
|t:|1785117047
|move|p2b: Double Gulp|Matcha Gotcha|p1b: Chomps|[spread] p1a,p1b
|-resisted|p1a: Cuppa Tay|1
|-supereffective|p1b: Chomps|1
|-damage|p1a: Cuppa Tay|43/100
|-heal|p2b: Double Gulp|66/100|[from] drain|[of] p1a: Cuppa Tay
|-damage|p1b: Chomps|12/100
|-heal|p2b: Double Gulp|92/100|[from] drain|[of] p1b: Chomps
|move|p1a: Cuppa Tay|Matcha Gotcha|p2b: Double Gulp|[spread] p2a,p2b
|-supereffective|p2a: I've seen this b4|1
|-resisted|p2b: Double Gulp|1
|-damage|p2a: I've seen this b4|55/100
|-heal|p1a: Cuppa Tay|69/100|[from] drain|[of] p2a: I've seen this b4
|-damage|p2b: Double Gulp|79/100
|-heal|p1a: Cuppa Tay|75/100|[from] drain|[of] p2b: Double Gulp
|move|p1b: Chomps|Knock Off|p2b: Double Gulp
|-supereffective|p2b: Double Gulp|1
|-damage|p2b: Double Gulp|17/100
|move|p2a: I've seen this b4|Body Press|p1b: Chomps
|-supereffective|p1b: Chomps|2
|-damage|p1b: Chomps|0 fnt
|faint|p1b: Chomps
|
|-heal|p2a: I've seen this b4|61/100|[from] item: Leftovers
|upkeep
|turn|9
|
|t:|1785117074
|move|p2b: Double Gulp|Life Dew|p2b: Double Gulp|[spread] p2a,p2b
|-heal|p2a: I've seen this b4|86/100
|-heal|p2b: Double Gulp|43/100
|move|p1a: Cuppa Tay|Matcha Gotcha|p2b: Double Gulp|[spread] p2b
|-miss|p1a: Cuppa Tay|p2a: I've seen this b4
|-resisted|p2b: Double Gulp|1
|-damage|p2b: Double Gulp|31/100
|-heal|p1a: Cuppa Tay|81/100|[from] drain|[of] p2b: Double Gulp
|move|p2a: I've seen this b4|Rock Slide|p1a: Cuppa Tay
|-damage|p1a: Cuppa Tay|55/100
|
|-heal|p2a: I've seen this b4|92/100|[from] item: Leftovers
|upkeep
|turn|10
|
|t:|1785117098
|move|p2a: I've seen this b4|Wide Guard|p2a: I've seen this b4
|-singleturn|p2a: I've seen this b4|Wide Guard
|move|p2b: Double Gulp|Matcha Gotcha|p1a: Cuppa Tay
|-resisted|p1a: Cuppa Tay|1
|-damage|p1a: Cuppa Tay|40/100
|-heal|p2b: Double Gulp|39/100|[from] drain|[of] p1a: Cuppa Tay
|move|p1a: Cuppa Tay|Life Dew|p1a: Cuppa Tay
|-heal|p1a: Cuppa Tay|65/100
|
|-heal|p2a: I've seen this b4|98/100|[from] item: Leftovers
|upkeep
|turn|11
|
|t:|1785117119
|move|p2a: I've seen this b4|Wide Guard|p2a: I've seen this b4
|-singleturn|p2a: I've seen this b4|Wide Guard
|move|p1a: Cuppa Tay|Life Dew|p1a: Cuppa Tay
|-heal|p1a: Cuppa Tay|91/100
|move|p2b: Double Gulp|Trick Room|p2b: Double Gulp
|-fieldstart|move: Trick Room|[of] p2b: Double Gulp
|
|-heal|p2a: I've seen this b4|100/100|[from] item: Leftovers
|upkeep
|turn|12
|
|t:|1785117134
|move|p2a: I've seen this b4|Rock Slide|p1a: Cuppa Tay
|-damage|p1a: Cuppa Tay|65/100
|move|p1a: Cuppa Tay|Matcha Gotcha|p2a: I've seen this b4|[spread] p2a,p2b
|-supereffective|p2a: I've seen this b4|1
|-resisted|p2b: Double Gulp|1
|-damage|p2a: I've seen this b4|53/100
|-heal|p1a: Cuppa Tay|92/100|[from] drain|[of] p2a: I've seen this b4
|-damage|p2b: Double Gulp|27/100
|-heal|p1a: Cuppa Tay|98/100|[from] drain|[of] p2b: Double Gulp
|move|p2b: Double Gulp|Matcha Gotcha|p1a: Cuppa Tay
|-resisted|p1a: Cuppa Tay|1
|-damage|p1a: Cuppa Tay|84/100
|-heal|p2b: Double Gulp|34/100|[from] drain|[of] p1a: Cuppa Tay
|
|-heal|p2a: I've seen this b4|59/100|[from] item: Leftovers
|upkeep
|turn|13
|
|t:|1785117157
|move|p2a: I've seen this b4|Wide Guard|p2a: I've seen this b4
|-singleturn|p2a: I've seen this b4|Wide Guard
|move|p2b: Double Gulp|Life Dew|p2b: Double Gulp|[spread] p2a,p2b
|-heal|p2a: I've seen this b4|84/100
|-heal|p2b: Double Gulp|60/100
|move|p1a: Cuppa Tay|Trick Room|p1a: Cuppa Tay
|-fieldend|move: Trick Room
|
|-heal|p2a: I've seen this b4|90/100|[from] item: Leftovers
|upkeep
|turn|14
|
|t:|1785117178
|move|p2a: I've seen this b4|Wide Guard|p2a: I've seen this b4
|-singleturn|p2a: I've seen this b4|Wide Guard
|move|p1a: Cuppa Tay|Rage Powder|p1a: Cuppa Tay
|-singleturn|p1a: Cuppa Tay|move: Rage Powder
|move|p2b: Double Gulp|Matcha Gotcha|p1a: Cuppa Tay
|-resisted|p1a: Cuppa Tay|1
|-damage|p1a: Cuppa Tay|70/100
|-heal|p2b: Double Gulp|66/100|[from] drain|[of] p1a: Cuppa Tay
|
|-heal|p2a: I've seen this b4|96/100|[from] item: Leftovers
|upkeep
|turn|15
|
|t:|1785117188
|move|p2a: I've seen this b4|Wide Guard|p2a: I've seen this b4
|-singleturn|p2a: I've seen this b4|Wide Guard
|move|p1a: Cuppa Tay|Life Dew|p1a: Cuppa Tay
|-heal|p1a: Cuppa Tay|96/100
|move|p2b: Double Gulp|Trick Room|p2b: Double Gulp
|-fieldstart|move: Trick Room|[of] p2b: Double Gulp
|
|-heal|p2a: I've seen this b4|100/100|[from] item: Leftovers
|upkeep
|turn|16
|
|t:|1785117203
|move|p2a: I've seen this b4|Rock Slide|p1a: Cuppa Tay
|-damage|p1a: Cuppa Tay|69/100
|move|p2b: Double Gulp|Matcha Gotcha|p1a: Cuppa Tay
|-resisted|p1a: Cuppa Tay|1
|-damage|p1a: Cuppa Tay|53/100
|-heal|p2b: Double Gulp|74/100|[from] drain|[of] p1a: Cuppa Tay
|move|p1a: Cuppa Tay|Trick Room|p1a: Cuppa Tay
|-fieldend|move: Trick Room
|
|upkeep
|turn|17
|
|t:|1785117223
|move|p1a: Cuppa Tay|Life Dew|p1a: Cuppa Tay
|-heal|p1a: Cuppa Tay|78/100
|move|p2a: I've seen this b4|Rock Slide|p1a: Cuppa Tay
|-damage|p1a: Cuppa Tay|54/100
|move|p2b: Double Gulp|Trick Room|p2b: Double Gulp
|-fieldstart|move: Trick Room|[of] p2b: Double Gulp
|
|upkeep
|turn|18
|
|t:|1785117235
|move|p2a: I've seen this b4|Rock Slide|p1a: Cuppa Tay
|-damage|p1a: Cuppa Tay|30/100
|move|p2b: Double Gulp|Matcha Gotcha|p1a: Cuppa Tay
|-resisted|p1a: Cuppa Tay|1
|-damage|p1a: Cuppa Tay|16/100
|-heal|p2b: Double Gulp|82/100|[from] drain|[of] p1a: Cuppa Tay
|cant|p1a: Cuppa Tay|flinch
|
|upkeep
|turn|19
|
|t:|1785117248
|move|p2a: I've seen this b4|Rock Slide|p1a: Cuppa Tay
|-damage|p1a: Cuppa Tay|0 fnt
|faint|p1a: Cuppa Tay
|
|win|terosath
||terosath is ready for game 3.
