|j|â˜†talwinv
|j|â˜†EspeonEnthusiastUU
|html|talwinvEspeonEnthusiastUU    
|uhtml|bestof|Game 1 of a best-of-3
|t:|1757847397
|gametype|doubles
|player|p1|talwinv|2|1111
|player|p2|EspeonEnthusiastUU|waiter-gen4dp|1044
|gen|9
|tier|[Gen 9] VGC 2025 Reg H (Bo3)
|rated|
|rule|Species Clause: Limit one of each PokÃ©mon
|rule|Item Clause: Limit 1 of each item
|clearpoke
|poke|p1|Ninetales-Alola, L50, F|
|poke|p1|Gliscor, L50, M|
|poke|p1|Gholdengo, L50|
|poke|p1|Incineroar, L50, M|
|poke|p1|Rillaboom, L50, M|
|poke|p1|Sneasler, L50, F|
|poke|p2|Annihilape, L50, F|
|poke|p2|Rillaboom, L50, F|
|poke|p2|Palafin, L50, F|
|poke|p2|Incineroar, L50, M|
|poke|p2|Perrserker, L50, M|
|poke|p2|Gliscor, L50, F|
|teampreview|4
|showteam|p1|Ninetales-Alola||LightClay|SnowCloak|AuroraVeil,Blizzard,Protect,IcyWind|||F|||50|,,,,,Water]Gliscor||ToxicOrb|PoisonHeal|SwordsDance,Protect,DualWingbeat,HighHorsepower|||M|||50|,,,,,Water]Gholdengo||LifeOrb|GoodasGold|MakeItRain,ShadowBall,Protect,NastyPlot||||||50|,,,,,Water]Incineroar||SafetyGoggles|Intimidate|FlareBlitz,KnockOff,PartingShot,FakeOut|||M|||50|,,,,,Ghost]Rillaboom||AssaultVest|GrassySurge|WoodHammer,GrassyGlide,FakeOut,Uturn|||M|||50|,,,,,Fire]Sneasler||FocusSash|Unburden|DireClaw,CloseCombat,Coaching,Protect|||F|||50|,,,,,Ghost
|showteam|p2|Annihilape||SafetyGoggles|Defiant|Coaching,RageFist,CloseCombat,Uturn|||F|||50|,,,,,Fire]Rillaboom||MiracleSeed|GrassySurge|WoodHammer,FakeOut,Uturn,GrassyGlide|||F|||50|,,,,,Grass]Palafin||ClearAmulet|ZerotoHero|Haze,WaveCrash,JetPunch,FlipTurn|||F|||50|,,,,,Water]Incineroar||MirrorHerb|Intimidate|KnockOff,FakeOut,PartingShot,FlareBlitz|||M|||50|,,,,,Grass]Perrserker||AssaultVest|ToughClaws|IronHead,CloseCombat,FakeOut,Uturn|||M|||50|,,,,,Bug]Gliscor||ChoiceBand|HyperCutter|Uturn,HighHorsepower,TeraBlast,DualWingbeat|||F|||50|,,,,,Ice
|inactive|Battle timer is ON: inactive players will automatically lose when time's up. (requested by talwinv)
|inactive|talwinv has 60 seconds left.
|
|t:|1757847434
|teamsize|p1|4
|teamsize|p2|4
|start
|switch|p1a: Ninetales|Ninetales-Alola, L50, F, shiny|100/100
|switch|p1b: Gholdengo|Gholdengo, L50, shiny|100/100
|switch|p2a: Gliscor|Gliscor, L50, F|100/100
|switch|p2b: Perrserker|Perrserker, L50, M|100/100
|turn|1
|
|t:|1757847456
|move|p1b: Gholdengo|Protect|p1b: Gholdengo
|-singleturn|p1b: Gholdengo|Protect
|move|p2b: Perrserker|Fake Out|p1a: Ninetales
|-damage|p1a: Ninetales|78/100
|cant|p1a: Ninetales|flinch
|move|p2a: Gliscor|High Horsepower|p1b: Gholdengo
|-activate|p1b: Gholdengo|move: Protect
|
|upkeep
|turn|2
|l|â˜†talwinv
|inactive|talwinv disconnected and has a minute to reconnect!
|player|p1|
|inactive|talwinv has 30 seconds left.
|j|â˜†talwinv
|inactive|talwinv reconnected and has 30 seconds left.
|player|p1|talwinv|2|
|inactive|talwinv has 20 seconds left.
|inactive|talwinv has 15 seconds left.
|inactive|EspeonEnthusiastUU has 30 seconds left.
|
|t:|1757847497
|switch|p1b: Rillaboom|Rillaboom, L50, M, shiny|100/100
|-fieldstart|move: Grassy Terrain|[from] ability: Grassy Surge|[of] p1b: Rillaboom
|switch|p2b: Annihilape|Annihilape, L50, F|100/100
|move|p1a: Ninetales|Icy Wind|p2b: Annihilape|[spread] p2a,p2b
|-supereffective|p2a: Gliscor
|-damage|p2a: Gliscor|30/100
|-damage|p2b: Annihilape|89/100
|-unboost|p2a: Gliscor|spe|1
|-unboost|p2b: Annihilape|spe|1
|-ability|p2b: Annihilape|Defiant|boost
|-boost|p2b: Annihilape|atk|2
|move|p2a: Gliscor|High Horsepower|p1a: Ninetales
|-damage|p1a: Ninetales|0 fnt
|faint|p1a: Ninetales
|
|-heal|p2b: Annihilape|95/100|[from] Grassy Terrain
|upkeep
|
|t:|1757847517
|switch|p1a: Gliscor|Gliscor, L50, M, shiny|100/100
|turn|3
|inactive|EspeonEnthusiastUU has 30 seconds left.
|
|t:|1757847543
|move|p1a: Gliscor|Swords Dance|p1a: Gliscor
|-boost|p1a: Gliscor|atk|2
|move|p1b: Rillaboom|Wood Hammer|p2b: Annihilape
|-damage|p2b: Annihilape|19/100
|-damage|p1b: Rillaboom|75/100|[from] Recoil
|move|p2b: Annihilape|Rage Fist|p1a: Gliscor
|-damage|p1a: Gliscor|8/100
|move|p2a: Gliscor|High Horsepower|p1b: Rillaboom
|-resisted|p1b: Rillaboom
|-damage|p1b: Rillaboom|48/100
|
|-heal|p1b: Rillaboom|53/100|[from] Grassy Terrain
|-heal|p2b: Annihilape|26/100|[from] Grassy Terrain
|-status|p1a: Gliscor|tox|[from] item: Toxic Orb
|upkeep
|turn|4
|
|t:|1757847567
|move|p1a: Gliscor|Protect|p1a: Gliscor
|-singleturn|p1a: Gliscor|Protect
|move|p1b: Rillaboom|Grassy Glide|p2a: Gliscor
|-damage|p2a: Gliscor|0 fnt
|faint|p2a: Gliscor
|move|p2b: Annihilape|U-turn|p1b: Rillaboom
|-supereffective|p1b: Rillaboom
|-damage|p1b: Rillaboom|0 fnt
|faint|p1b: Rillaboom
|
|t:|1757847576
|switch|p2b: Incineroar|Incineroar, L50, M|100/100|[from] U-turn
|-ability|p2b: Incineroar|Intimidate|boost
|-unboost|p1a: Gliscor|atk|1
|
|-heal|p1a: Gliscor|20/100 tox|[from] ability: Poison Heal
|upkeep
|
|t:|1757847584
|switch|p2a: Perrserker|Perrserker, L50, M|100/100
|switch|p1b: Gholdengo|Gholdengo, L50, shiny|100/100
|turn|5
|
|t:|1757847602
|move|p2a: Perrserker|Fake Out|p1a: Gliscor
|-damage|p1a: Gliscor|7/100 tox
|move|p1b: Gholdengo|Nasty Plot|p1b: Gholdengo
|-boost|p1b: Gholdengo|spa|2
|-enditem|p2b: Incineroar|Mirror Herb
|-boost|p2b: Incineroar|spa|2|[from] item: Mirror Herb
|cant|p1a: Gliscor|flinch
|move|p2b: Incineroar|Flare Blitz|p1b: Gholdengo
|-supereffective|p1b: Gholdengo
|-damage|p1b: Gholdengo|0 fnt
|faint|p1b: Gholdengo
|-damage|p2b: Incineroar|70/100|[from] Recoil
|
|-heal|p2b: Incineroar|76/100|[from] Grassy Terrain
|-heal|p1a: Gliscor|19/100 tox|[from] ability: Poison Heal
|upkeep
|turn|6
|
|t:|1757847621
|move|p1a: Gliscor|Protect|p1a: Gliscor
|-singleturn|p1a: Gliscor|Protect
|move|p2b: Incineroar|Knock Off|p1a: Gliscor
|-activate|p1a: Gliscor|move: Protect
|move|p2a: Perrserker|Iron Head|p1a: Gliscor
|-activate|p1a: Gliscor|move: Protect
|
|-heal|p2b: Incineroar|82/100|[from] Grassy Terrain
|-heal|p1a: Gliscor|31/100 tox|[from] ability: Poison Heal
|-fieldend|move: Grassy Terrain
|upkeep
|turn|7
|
|t:|1757847634
|move|p1a: Gliscor|High Horsepower|p2b: Incineroar
|-supereffective|p2b: Incineroar
|-damage|p2b: Incineroar|0 fnt
|faint|p2b: Incineroar
|move|p2a: Perrserker|Iron Head|p1a: Gliscor
|-damage|p1a: Gliscor|0 fnt
|faint|p1a: Gliscor
|
|win|EspeonEnthusiastUU
|inactive|talwinv has 30 seconds to confirm battle start!
|inactive|EspeonEnthusiastUU has 30 seconds to confirm battle start!
||talwinv is ready for game 2.
||EspeonEnthusiastUU is ready for game 2.
|uhtml|next|Next: Game 2 of 3
