|j|☆irdiasil
|j|☆Cowboy076
|html|irdiasilCowboy076    
|uhtml|bestof|Game 1 of a best-of-3
|t:|1783010252
|gametype|doubles
|player|p1|irdiasil|gardenia|
|player|p2|Cowboy076|byron|
|gen|9
|tier|[Gen 9 Champions] VGC 2026 Reg M-B (Bo3)
|rule|Species Clause: Limit one of each Pokémon
|rule|Item Clause: Limit 1 of each item
|clearpoke
|poke|p1|Incineroar, L50, M|
|poke|p1|Farigiraf, L50, M|
|poke|p1|Conkeldurr, L50, M|
|poke|p1|Hydrapple, L50, M|
|poke|p1|Aerodactyl, L50, F|
|poke|p1|Tinkaton, L50, F|
|poke|p2|Tyranitar, L50, F|
|poke|p2|Garchomp, L50, F|
|poke|p2|Orthworm, L50, F|
|poke|p2|Clefable, L50, M|
|poke|p2|Delphox, L50, F|
|poke|p2|Polteageist, L50|
|teampreview|4
|showteam|p1|Incineroar||ShucaBerry|Intimidate|FakeOut,DarkestLariat,DrainPunch,FlareBlitz|Adamant||M|||50|]Farigiraf||SitrusBerry|CudChew|DazzlingGleam,HyperVoice,AllySwitch,TrickRoom|Bold||M|||50|]Conkeldurr||BlackBelt|IronFist|WideGuard,RockSlide,DrainPunch,MachPunch|Adamant||M|||50|]Hydrapple||LifeOrb|Regenerator|Protect,FickleBeam,GigaDrain,NastyPlot|Quiet||M|||50|]Aerodactyl||Aerodactylite|Unnerve|Protect,RockSlide,IceFang,Tailwind|Jolly||F|||50|]Tinkaton||FocusSash|OwnTempo|FakeOut,GigatonHammer,StoneEdge,PlayRough|Jolly||F|||50|
|showteam|p2|Tyranitar||HardStone|SandStream|RockSlide,Crunch,Protect,Taunt|Sassy||F|||50|]Garchomp||Garchompite|RoughSkin|Protect,StompingTantrum,Earthquake,RockSlide|Adamant||F|||50|]Orthworm||SitrusBerry|EarthEater|BodyPress,IronDefense,Protect,IronTail|Careful||F|||50|]Clefable||Leftovers|MagicGuard|FollowMe,Moonblast,Protect,IcyWind|Sassy||M|||50|]Delphox||Delphoxite|Blaze|ShadowBall,HeatWave,Psychic,Protect|Timid||F|||50|]Polteageist||ChoiceScarf|CursedBody|TrickRoom,Trick,StrengthSap,DarkPulse|Sassy|||||50|
|c|☆irdiasil|gl hf
|c|☆Cowboy076|You too
|c|☆irdiasil|it's not supposed to be open teamsheet right ?
|c|☆Cowboy076|Right but it’s fine we have the honor system
|c|☆Cowboy076|I’m also eliminated anyways
|c|☆irdiasil|aight, won't look
|
|t:|1783010368
|teamsize|p1|4
|teamsize|p2|4
|start
|switch|p1a: Tinkaton|Tinkaton, L50, F|100/100
|switch|p1b: Farigiraf|Farigiraf, L50, M|100/100
|switch|p2a: Garchomp|Garchomp, L50, F|100/100
|switch|p2b: Tyranitar|Tyranitar, L50, F|100/100
|-weather|Sandstorm|[from] ability: Sand Stream|[of] p2b: Tyranitar
|turn|1
|
|t:|1783010384
|switch|p2b: Orthworm|Orthworm, L50, F|100/100
|detailschange|p2a: Garchomp|Garchomp-Mega, L50, F
|-mega|p2a: Garchomp|Garchomp|Garchompite
|move|p1a: Tinkaton|Fake Out|p2b: Orthworm
|-resisted|p2b: Orthworm|1
|-damage|p2b: Orthworm|96/100
|move|p2a: Garchomp|Earthquake|p1a: Tinkaton|[spread] p1a,p1b
|-heal|p2b: Orthworm|100/100|[from] ability: Earth Eater|[of] p2a: Garchomp
|-supereffective|p1a: Tinkaton|1
|-enditem|p1a: Tinkaton|Focus Sash
|-damage|p1a: Tinkaton|1/100
|-damage|p1b: Farigiraf|53/100
|move|p1b: Farigiraf|Trick Room|p1b: Farigiraf
|-fieldstart|move: Trick Room|[of] p1b: Farigiraf
|
|-weather|Sandstorm|[upkeep]
|-damage|p1b: Farigiraf|47/100|[from] Sandstorm
|-enditem|p1b: Farigiraf|Sitrus Berry|[eat]
|-heal|p1b: Farigiraf|71/100|[from] item: Sitrus Berry
|-activate|p1b: Farigiraf|ability: Cud Chew
|-enditem|p1b: Farigiraf|Sitrus Berry|[eat]
|-heal|p1b: Farigiraf|96/100|[from] item: Sitrus Berry
|upkeep
|turn|2
|
|t:|1783010409
|move|p2a: Garchomp|Protect|p2a: Garchomp
|-singleturn|p2a: Garchomp|Protect
|move|p1b: Farigiraf|Dazzling Gleam|p2b: Orthworm|[spread] p2b
|-activate|p2a: Garchomp|move: Protect
|-resisted|p2b: Orthworm|1
|-damage|p2b: Orthworm|92/100
|move|p2b: Orthworm|Iron Defense|p2b: Orthworm
|-boost|p2b: Orthworm|def|2
|move|p1a: Tinkaton|Play Rough|p2a: Garchomp
|-activate|p2a: Garchomp|move: Protect
|
|-weather|Sandstorm|[upkeep]
|-damage|p1b: Farigiraf|90/100|[from] Sandstorm
|upkeep
|turn|3
|
|t:|1783010431
|switch|p2a: Clefable|Clefable, L50, M|100/100
|move|p1b: Farigiraf|Dazzling Gleam|p2b: Orthworm|[spread] p2a,p2b
|-resisted|p2b: Orthworm|1
|-damage|p2a: Clefable|89/100
|-damage|p2b: Orthworm|84/100
|move|p2b: Orthworm|Body Press|p1a: Tinkaton
|-damage|p1a: Tinkaton|0 fnt
|faint|p1a: Tinkaton
|
|-weather|Sandstorm|[upkeep]
|-damage|p1b: Farigiraf|84/100|[from] Sandstorm
|-heal|p2a: Clefable|95/100|[from] item: Leftovers
|upkeep
|
|t:|1783010444
|switch|p1a: Incineroar|Incineroar, L50, M|100/100
|-ability|p1a: Incineroar|Intimidate|boost
|-unboost|p2a: Clefable|atk|1
|-unboost|p2b: Orthworm|atk|1
|turn|4
|
|t:|1783010458
|move|p2a: Clefable|Protect|p2a: Clefable
|-singleturn|p2a: Clefable|Protect
|move|p2b: Orthworm|Protect|p2b: Orthworm
|-singleturn|p2b: Orthworm|Protect
|move|p1b: Farigiraf|Ally Switch|p1b: Farigiraf
|swap|p1b: Farigiraf|0|[from] move: Ally Switch
|move|p1b: Incineroar|Flare Blitz|p2b: Orthworm
|-activate|p2b: Orthworm|move: Protect
|
|-weather|Sandstorm|[upkeep]
|-damage|p1a: Farigiraf|77/100|[from] Sandstorm
|-damage|p1b: Incineroar|93/100|[from] Sandstorm
|-heal|p2a: Clefable|100/100|[from] item: Leftovers
|upkeep
|turn|5
|
|t:|1783010473
|move|p2a: Clefable|Follow Me|p2a: Clefable
|-singleturn|p2a: Clefable|move: Follow Me
|move|p1a: Farigiraf|Dazzling Gleam|p2b: Orthworm|[spread] p2a,p2b
|-resisted|p2b: Orthworm|1
|-damage|p2a: Clefable|90/100
|-damage|p2b: Orthworm|77/100
|move|p2b: Orthworm|Body Press|p1b: Incineroar
|-supereffective|p1b: Incineroar|1
|-damage|p1b: Incineroar|0 fnt
|faint|p1b: Incineroar
|
|-weather|none
|-heal|p2a: Clefable|96/100|[from] item: Leftovers
|-fieldend|move: Trick Room
|upkeep
|
|t:|1783010480
|switch|p1b: Conkeldurr|Conkeldurr, L50, M|100/100
|turn|6
|
|t:|1783010501
|move|p2b: Orthworm|Body Press|p1b: Conkeldurr
|-damage|p1b: Conkeldurr|52/100
|move|p1b: Conkeldurr|Rock Slide|p2b: Orthworm|[spread] p2a
|-miss|p1b: Conkeldurr|p2b: Orthworm
|-damage|p2a: Clefable|70/100
|move|p1a: Farigiraf|Hyper Voice|p2b: Orthworm|[spread] p2a,p2b
|-resisted|p2b: Orthworm|1
|-damage|p2a: Clefable|52/100
|-damage|p2b: Orthworm|63/100
|move|p2a: Clefable|Moonblast|p1b: Conkeldurr
|-supereffective|p1b: Conkeldurr|1
|-damage|p1b: Conkeldurr|0 fnt
|faint|p1b: Conkeldurr
|
|-heal|p2a: Clefable|58/100|[from] item: Leftovers
|upkeep
|turn|7
|
|t:|1783010518
|move|p2b: Orthworm|Body Press|p1a: Farigiraf
|-damage|p1a: Farigiraf|41/100
|move|p1a: Farigiraf|Hyper Voice|p2a: Clefable|[spread] p2a,p2b
|-resisted|p2b: Orthworm|1
|-damage|p2a: Clefable|40/100
|-damage|p2b: Orthworm|51/100
|move|p2a: Clefable|Moonblast|p1a: Farigiraf
|-damage|p1a: Farigiraf|9/100
|
|-heal|p2a: Clefable|46/100|[from] item: Leftovers
|upkeep
|turn|8
|
|t:|1783010526
|move|p2b: Orthworm|Body Press|p1a: Farigiraf
|-damage|p1a: Farigiraf|0 fnt
|faint|p1a: Farigiraf
|
|win|Cowboy076
||irdiasil is ready for game 2.
