|j|☆vilan333
|j|‽Habeebt
|html|vilan333Habeebt    
|uhtml|bestof|Game 1 of a best-of-3
|t:|1756251443
|gametype|doubles
|player|p1|vilan333|marshal|1064
|player|p2|Habeebt|lucas|1018
|gen|9
|tier|[Gen 9] VGC 2025 Reg H (Bo3)
|rated|
|rule|Species Clause: Limit one of each Pokémon
|rule|Item Clause: Limit 1 of each item
|clearpoke
|poke|p1|Sneasler, L50, M|
|poke|p1|Indeedee, L50, M|
|poke|p1|Ursaluna-Bloodmoon, L50, M|
|poke|p1|Electabuzz, L50, M|
|poke|p1|Talonflame, L50, F|
|poke|p1|Incineroar, L50, M|
|poke|p2|Rillaboom, L50, F|
|poke|p2|Volcarona, L50, M|
|poke|p2|Ninetales, L50, M|
|poke|p2|Greninja-*, L50, F|
|poke|p2|Clefable, L50, M|
|poke|p2|Dragonite, L50, F|
|teampreview|4
|showteam|p1|Sneasler||PsychicSeed|Unburden|Protect,CloseCombat,DireClaw,ThroatChop|||M|||50|,,,,,Dark]Indeedee||FocusSash|PsychicSurge|Imprison,TrickRoom,ExpandingForce,TeraBlast|||M|||50|,,,,,Fighting]Ursaluna-Bloodmoon||LifeOrb|MindsEye|Protect,HyperVoice,BloodMoon,EarthPower|||M|||50|,,,,,Normal]Electabuzz||Eviolite|VitalSpirit|Electroweb,Protect,Taunt,FollowMe|||M|||50|,,,,,Ghost]Talonflame||CovertCloak|GaleWings|Tailwind,WillOWisp,DualWingbeat,FlareBlitz|||F|||50|,,,,,Fairy]Incineroar||SafetyGoggles|Intimidate|FakeOut,KnockOff,PartingShot,FlareBlitz|||M|||50|,,,,,Ghost
|showteam|p2|Rillaboom||AssaultVest|GrassySurge|FakeOut,GrassyGlide,HighHorsepower,WoodHammer|||F|||50|,,,,,Fire]Volcarona||GrassySeed|FlameBody|Protect,QuiverDance,TeraBlast,HeatWave|||M|||50|,,,,,Fairy]Ninetales||EjectPack|Drought|Protect,HelpingHand,SunnyDay,Overheat|||M|||50|,,,,,Ghost]Greninja||ChoiceSpecs|Protean|Taunt,IcyWind,DarkPulse,HydroPump|||F|||50|,,,,,Stellar]Clefable||SitrusBerry|Unaware|Protect,FollowMe,LifeDew,IcyWind|||M|||50|,,,,,Ghost]Dragonite||LoadedDice|Multiscale|Tailwind,ExtremeSpeed,Haze,ScaleShot|||F|||50|,,,,,Fairy
|inactive|Battle timer is ON: inactive players will automatically lose when time's up. (requested by Habeebt)
|inactive|vilan333 has 60 seconds left.
|inactive|Habeebt has 60 seconds left.
|inactive|Habeebt has 30 seconds left.
|
|t:|1756251505
|teamsize|p1|4
|teamsize|p2|4
|start
|switch|p1a: Talonflame|Talonflame, L50, F, shiny|100/100
|switch|p1b: Sneasler|Sneasler, L50, M|100/100
|switch|p2a: Dragonite|Dragonite, L50, F|100/100
|switch|p2b: Rillaboom|Rillaboom, L50, F|100/100
|-fieldstart|move: Grassy Terrain|[from] ability: Grassy Surge|[of] p2b: Rillaboom
|turn|1
|
|t:|1756251522
|move|p1b: Sneasler|Protect|p1b: Sneasler
|-singleturn|p1b: Sneasler|Protect
|move|p2b: Rillaboom|Fake Out|p1b: Sneasler
|-activate|p1b: Sneasler|move: Protect
|move|p1a: Talonflame|Will-O-Wisp|p2a: Dragonite
|-status|p2a: Dragonite|brn
|move|p2a: Dragonite|Scale Shot|p1b: Sneasler
|-activate|p1b: Sneasler|move: Protect
|
|-damage|p2a: Dragonite|95/100 brn|[from] brn
|upkeep
|turn|2
|
|t:|1756251542
|-terastallize|p2b: Rillaboom|Fire
|move|p1a: Talonflame|Flare Blitz|p2b: Rillaboom
|-resisted|p2b: Rillaboom
|-damage|p2b: Rillaboom|79/100
|-damage|p1a: Talonflame|91/100|[from] Recoil
|move|p1b: Sneasler|Dire Claw|p2a: Dragonite
|-damage|p2a: Dragonite|49/100 brn
|move|p2a: Dragonite|Tailwind|p2a: Dragonite
|-sidestart|p2: Habeebt|move: Tailwind
|move|p2b: Rillaboom|Wood Hammer|p1b: Sneasler
|-resisted|p1b: Sneasler
|-damage|p1b: Sneasler|40/100
|-damage|p2b: Rillaboom|63/100|[from] Recoil
|
|-heal|p2b: Rillaboom|69/100|[from] Grassy Terrain
|-heal|p1b: Sneasler|46/100|[from] Grassy Terrain
|-damage|p2a: Dragonite|44/100 brn|[from] brn
|upkeep
|turn|3
|inactive|Habeebt has 30 seconds left.
|
|t:|1756251576
|move|p2a: Dragonite|Scale Shot|p1a: Talonflame
|-damage|p1a: Talonflame|80/100
|-damage|p1a: Talonflame|69/100
|-damage|p1a: Talonflame|59/100
|-damage|p1a: Talonflame|50/100
|-damage|p1a: Talonflame|38/100
|-hitcount|p1a: Talonflame|5
|-unboost|p2a: Dragonite|def|1
|-boost|p2a: Dragonite|spe|1
|move|p2b: Rillaboom|High Horsepower|p1b: Sneasler
|-supereffective|p1b: Sneasler
|-damage|p1b: Sneasler|0 fnt
|faint|p1b: Sneasler
|move|p1a: Talonflame|Tailwind|p1a: Talonflame
|-sidestart|p1: vilan333|move: Tailwind
|
|-heal|p2b: Rillaboom|74/100|[from] Grassy Terrain
|-damage|p2a: Dragonite|38/100 brn|[from] brn
|upkeep
|
|t:|1756251595
|switch|p1b: Indeedee|Indeedee, L50, M|100/100
|-fieldstart|move: Psychic Terrain|[from] ability: Psychic Surge|[of] p1b: Indeedee
|turn|4
|
|t:|1756251606
|switch|p2b: Ninetales|Ninetales, L50, M|100/100
|-weather|SunnyDay|[from] ability: Drought|[of] p2b: Ninetales
|move|p2a: Dragonite|Scale Shot|p1a: Talonflame
|-damage|p1a: Talonflame|29/100
|-damage|p1a: Talonflame|17/100
|-damage|p1a: Talonflame|7/100
|-damage|p1a: Talonflame|0 fnt
|faint|p1a: Talonflame
|-hitcount|p1: Talonflame|4
|-unboost|p2a: Dragonite|def|1
|-boost|p2a: Dragonite|spe|1
|move|p1b: Indeedee|Expanding Force|p2b: Ninetales|[spread] p2a,p2b
|-damage|p2a: Dragonite|0 fnt
|-damage|p2b: Ninetales|42/100
|faint|p2a: Dragonite
|
|-weather|SunnyDay|[upkeep]
|upkeep
|
|t:|1756251626
|switch|p1a: Electabuzz|Electabuzz, L50, M, shiny|100/100
|switch|p2a: Rillaboom|Rillaboom, L50, F, tera:Fire|74/100
|-fieldstart|move: Grassy Terrain|[from] ability: Grassy Surge|[of] p2a: Rillaboom
|turn|5
|inactive|vilan333 has 30 seconds left.
|
|t:|1756251655
|move|p2a: Rillaboom|Fake Out|p1b: Indeedee
|-damage|p1b: Indeedee|73/100
|move|p1a: Electabuzz|Follow Me|p1a: Electabuzz
|-singleturn|p1a: Electabuzz|move: Follow Me
|cant|p1b: Indeedee|flinch
|move|p2b: Ninetales|Overheat|p1a: Electabuzz
|-damage|p1a: Electabuzz|43/100
|-unboost|p2b: Ninetales|spa|2
|-enditem|p2b: Ninetales|Eject Pack
|
|t:|1756251666
|switch|p2b: Volcarona|Volcarona, L50, M|100/100
|-enditem|p2b: Volcarona|Grassy Seed
|-boost|p2b: Volcarona|def|1|[from] item: Grassy Seed
|
|-weather|SunnyDay|[upkeep]
|-heal|p1a: Electabuzz|49/100|[from] Grassy Terrain
|-heal|p1b: Indeedee|79/100|[from] Grassy Terrain
|-heal|p2a: Rillaboom|80/100|[from] Grassy Terrain
|-sideend|p2: Habeebt|move: Tailwind
|upkeep
|turn|6
|-message|vilan333 forfeited.
|
|win|Habeebt
|l|☆vilan333
|player|p1|
||vilan333 is ready for game 2.
||Habeebt is ready for game 2.
|uhtml|next|Next: Game 2 of 3
|j|☆vilan333
|player|p1|vilan333|marshal|
