|j|☆Ferdrizzy
|j|☆sogreenitslime
|html|Ferdrizzysogreenitslime    
|uhtml|bestof|Game 1 of a best-of-3
|t:|1783132150
|gametype|doubles
|player|p1|Ferdrizzy|169|1049
|player|p2|sogreenitslime|pokemaniac|1125
|gen|9
|tier|[Gen 9 Champions] VGC 2026 Reg M-B (Bo3)
|rated|
|rule|Species Clause: Limit one of each Pokémon
|rule|Item Clause: Limit 1 of each item
|clearpoke
|poke|p1|Tyranitar, L50, F|
|poke|p1|Excadrill, L50, M|
|poke|p1|Rotom-Wash, L50|
|poke|p1|Blaziken, L50, F|
|poke|p1|Noivern, L50, F|
|poke|p1|Grimmsnarl, L50, M|
|poke|p2|Aerodactyl, L50, M|
|poke|p2|Rotom-Wash, L50|
|poke|p2|Sceptile, L50, F|
|poke|p2|Kingambit, L50, M|
|poke|p2|Ninetales-Alola, L50, M|
|poke|p2|Incineroar, L50, M|
|teampreview|4
|showteam|p1|Tyranitar||Tyranitarite|SandStream|RockSlide,KnockOff,DragonDance,Protect|Adamant||F|||50|]Excadrill||LifeOrb|SandRush|RockSlide,Earthquake,IronHead,Protect|Jolly||M|||50|]Rotom-Wash||SitrusBerry|Levitate|HydroPump,Thunderbolt,Electroweb,VoltSwitch|Bold|||||50|]Blaziken||Blazikenite|Blaze|FlareBlitz,CloseCombat,BulkUp,Protect|Adamant||F|||50|]Noivern||BrightPowder|Infiltrator|Tailwind,DracoMeteor,Hurricane,Protect|Timid||F|||50|]Grimmsnarl||MentalHerb|Prankster|PartingShot,FakeOut,SpiritBreak,Reflect|Careful||M|||50|
|showteam|p2|Aerodactyl||Aerodactylite|Unnerve|Tailwind,RockSlide,DualWingbeat,Protect|Jolly||M|||50|]Rotom-Wash||ChoiceScarf|Levitate|VoltSwitch,Discharge,Electroweb,HydroPump|Timid|||||50|]Sceptile||Sceptilite|Overgrow|EnergyBall,EarthPower,DragonPulse,Protect|Timid||F|||50|]Kingambit||ChopleBerry|Defiant|KowtowCleave,SuckerPunch,IronHead,Protect|Adamant||M|||50|]Ninetales-Alola||NeverMeltIce|SnowWarning|Blizzard,AuroraVeil,Protect,Moonblast|Bold||M|||50|]Incineroar||SitrusBerry|Intimidate|WillOWisp,FlareBlitz,PartingShot,FakeOut|Careful||M|||50|
|inactive|Battle timer is ON: inactive players will automatically lose when time's up. (requested by Ferdrizzy)
|inactive|Ferdrizzy has 60 seconds left.
|
|t:|1783132197
|teamsize|p1|4
|teamsize|p2|4
|start
|switch|p1a: Grimmsnarl|Grimmsnarl, L50, M|100/100
|switch|p1b: Blaziken|Blaziken, L50, F|100/100
|switch|p2a: Aerodactyl|Aerodactyl, L50, M|100/100
|switch|p2b: Ninetales|Ninetales-Alola, L50, M|100/100
|-ability|p2a: Aerodactyl|Unnerve
|-weather|Snowscape|[from] ability: Snow Warning|[of] p2b: Ninetales
|turn|1
|
|t:|1783132220
|switch|p1b: Rotom|Rotom-Wash, L50|100/100
|move|p2a: Aerodactyl|Protect|p2a: Aerodactyl
|-singleturn|p2a: Aerodactyl|Protect
|move|p2b: Ninetales|Protect|p2b: Ninetales
|-singleturn|p2b: Ninetales|Protect
|move|p1a: Grimmsnarl|Fake Out|p2b: Ninetales
|-activate|p2b: Ninetales|move: Protect
|
|-weather|Snowscape|[upkeep]
|upkeep
|turn|2
|inactive|Ferdrizzy has 30 seconds left.
|
|t:|1783132251
|detailschange|p2a: Aerodactyl|Aerodactyl-Mega, L50, M
|-mega|p2a: Aerodactyl|Aerodactyl|Aerodactylite
|move|p1a: Grimmsnarl|Reflect|p1a: Grimmsnarl
|-sidestart|p1: Ferdrizzy|Reflect
|move|p2a: Aerodactyl|Tailwind|p2a: Aerodactyl
|-sidestart|p2: sogreenitslime|move: Tailwind
|move|p2b: Ninetales|Aurora Veil|p2b: Ninetales
|-sidestart|p2: sogreenitslime|move: Aurora Veil
|move|p1b: Rotom|Volt Switch|p2a: Aerodactyl
|-supereffective|p2a: Aerodactyl|1
|-damage|p2a: Aerodactyl|61/100
|
|t:|1783132266
|switch|p1b: Blaziken|Blaziken, L50, F|100/100|[from] Volt Switch
|
|-weather|Snowscape|[upkeep]
|upkeep
|turn|3
|inactive|Ferdrizzy has 30 seconds left.
|
|t:|1783132295
|detailschange|p1b: Blaziken|Blaziken-Mega, L50, F
|-mega|p1b: Blaziken|Blaziken|Blazikenite
|move|p1b: Blaziken|Protect|p1b: Blaziken
|-singleturn|p1b: Blaziken|Protect
|move|p1a: Grimmsnarl|Parting Shot|p2a: Aerodactyl
|-unboost|p2a: Aerodactyl|atk|1
|-unboost|p2a: Aerodactyl|spa|1
|
|t:|1783132307
|switch|p1a: Tyranitar|Tyranitar, L50, F|100/100|[from] Parting Shot
|-weather|Sandstorm|[from] ability: Sand Stream|[of] p1a: Tyranitar
|move|p2a: Aerodactyl|Rock Slide|p1a: Tyranitar|[spread] p1a
|-activate|p1b: Blaziken|move: Protect
|-damage|p1a: Tyranitar|88/100
|move|p2b: Ninetales|Moonblast|p1b: Blaziken
|-activate|p1b: Blaziken|move: Protect
|
|-weather|Sandstorm|[upkeep]
|-damage|p2b: Ninetales|93/100|[from] Sandstorm
|-damage|p1b: Blaziken|94/100|[from] Sandstorm
|-ability|p1b: Blaziken|Speed Boost|boost
|-boost|p1b: Blaziken|spe|1
|upkeep
|turn|4
|inactive|Ferdrizzy has 30 seconds left.
|inactive|sogreenitslime has 30 seconds left.
|inactive|Ferdrizzy has 20 seconds left.
|
|t:|1783132346
|switch|p2a: Incineroar|Incineroar, L50, M|100/100
|-ability|p2a: Incineroar|Intimidate|boost
|-unboost|p1a: Tyranitar|atk|1
|-unboost|p1b: Blaziken|atk|1
|move|p2b: Ninetales|Moonblast|p1b: Blaziken
|-damage|p1b: Blaziken|54/100
|move|p1b: Blaziken|Bulk Up|p1b: Blaziken
|-boost|p1b: Blaziken|atk|1
|-boost|p1b: Blaziken|def|1
|move|p1a: Tyranitar|Rock Slide|p2b: Ninetales|[spread] p2a,p2b
|-supereffective|p2a: Incineroar|1
|-supereffective|p2b: Ninetales|1
|-damage|p2a: Incineroar|70/100
|-damage|p2b: Ninetales|65/100
|
|-weather|Sandstorm|[upkeep]
|-damage|p2b: Ninetales|58/100|[from] Sandstorm
|-damage|p1b: Blaziken|49/100|[from] Sandstorm
|-damage|p2a: Incineroar|64/100|[from] Sandstorm
|-ability|p1b: Blaziken|Speed Boost|boost
|-boost|p1b: Blaziken|spe|1
|upkeep
|turn|5
|inactive|Ferdrizzy has 30 seconds left.
|inactive|sogreenitslime has 30 seconds left.
|
|t:|1783132376
|switch|p2b: Aerodactyl|Aerodactyl-Mega, L50, M|61/100
|move|p2a: Incineroar|Fake Out|p1a: Tyranitar
|-resisted|p1a: Tyranitar|1
|-damage|p1a: Tyranitar|85/100
|move|p1b: Blaziken|Bulk Up|p1b: Blaziken
|-boost|p1b: Blaziken|atk|1
|-boost|p1b: Blaziken|def|1
|cant|p1a: Tyranitar|flinch
|
|-weather|Sandstorm|[upkeep]
|-damage|p1b: Blaziken|43/100|[from] Sandstorm
|-damage|p2a: Incineroar|58/100|[from] Sandstorm
|-sideend|p2: sogreenitslime|move: Tailwind
|-ability|p1b: Blaziken|Speed Boost|boost
|-boost|p1b: Blaziken|spe|1
|upkeep
|turn|6
|inactive|Ferdrizzy has 30 seconds left.
|inactive|Ferdrizzy has 20 seconds left.
|
|t:|1783132412
|switch|p1a: Rotom|Rotom-Wash, L50|100/100
|move|p1b: Blaziken|Protect|p1b: Blaziken
|-singleturn|p1b: Blaziken|Protect
|move|p2b: Aerodactyl|Tailwind|p2b: Aerodactyl
|-sidestart|p2: sogreenitslime|move: Tailwind
|move|p2a: Incineroar|Parting Shot|p1b: Blaziken
|-activate|p1b: Blaziken|move: Protect
|
|-weather|Sandstorm|[upkeep]
|-damage|p1b: Blaziken|37/100|[from] Sandstorm
|-damage|p2a: Incineroar|52/100|[from] Sandstorm
|-damage|p1a: Rotom|94/100|[from] Sandstorm
|-sideend|p1: Ferdrizzy|Reflect
|-sideend|p2: sogreenitslime|move: Aurora Veil
|-ability|p1b: Blaziken|Speed Boost|boost
|-boost|p1b: Blaziken|spe|1
|upkeep
|turn|7
|inactive|Ferdrizzy has 30 seconds left.
|
|t:|1783132439
|move|p1b: Blaziken|Close Combat|p2a: Incineroar
|-supereffective|p2a: Incineroar|1
|-damage|p2a: Incineroar|0 fnt
|-unboost|p1b: Blaziken|def|1
|-unboost|p1b: Blaziken|spd|1
|faint|p2a: Incineroar
|move|p2b: Aerodactyl|Rock Slide|p1a: Rotom|[spread] p1a,p1b
|-damage|p1a: Rotom|68/100
|-damage|p1b: Blaziken|10/100
|move|p1a: Rotom|Hydro Pump|p2b: Aerodactyl
|-supereffective|p2b: Aerodactyl|1
|-damage|p2b: Aerodactyl|0 fnt
|faint|p2b: Aerodactyl
|
|-weather|none
|-ability|p1b: Blaziken|Speed Boost|boost
|-boost|p1b: Blaziken|spe|1
|upkeep
|
|t:|1783132453
|switch|p2b: Ninetales|Ninetales-Alola, L50, M|58/100
|switch|p2a: Sceptile|Sceptile, L50, F|100/100
|-weather|Snowscape|[from] ability: Snow Warning|[of] p2b: Ninetales
|turn|8
|inactive|sogreenitslime has 30 seconds left.
|
|t:|1783132479
|move|p1b: Blaziken|Flare Blitz|p2b: Ninetales
|-supereffective|p2b: Ninetales|1
|-damage|p2b: Ninetales|0 fnt
|faint|p2b: Ninetales
|-damage|p1b: Blaziken|0 fnt|[from] Recoil
|faint|p1b: Blaziken
|move|p2a: Sceptile|Energy Ball|p1a: Rotom
|-supereffective|p1a: Rotom|1
|-damage|p1a: Rotom|0 fnt
|faint|p1a: Rotom
|
|-weather|Snowscape|[upkeep]
|upkeep
|
|t:|1783132492
|switch|p1b: Tyranitar|Tyranitar, L50, F|85/100
|switch|p1a: Grimmsnarl|Grimmsnarl, L50, M|100/100
|-weather|Sandstorm|[from] ability: Sand Stream|[of] p1b: Tyranitar
|turn|9
|
|t:|1783132505
|move|p2a: Sceptile|Protect|p2a: Sceptile
|-singleturn|p2a: Sceptile|Protect
|move|p1a: Grimmsnarl|Fake Out|p2a: Sceptile
|-activate|p2a: Sceptile|move: Protect
|move|p1b: Tyranitar|Dragon Dance|p1b: Tyranitar
|-boost|p1b: Tyranitar|atk|1
|-boost|p1b: Tyranitar|spe|1
|
|-weather|Sandstorm|[upkeep]
|-damage|p2a: Sceptile|93/100|[from] Sandstorm
|-damage|p1a: Grimmsnarl|94/100|[from] Sandstorm
|-sideend|p2: sogreenitslime|move: Tailwind
|upkeep
|turn|10
|inactive|Ferdrizzy has 30 seconds left.
|
|t:|1783132534
|move|p1b: Tyranitar|Protect|p1b: Tyranitar
|-singleturn|p1b: Tyranitar|Protect
|move|p1a: Grimmsnarl|Reflect|p1a: Grimmsnarl
|-sidestart|p1: Ferdrizzy|Reflect
|move|p2a: Sceptile|Energy Ball|p1b: Tyranitar
|-activate|p1b: Tyranitar|move: Protect
|
|-weather|Sandstorm|[upkeep]
|-damage|p2a: Sceptile|87/100|[from] Sandstorm
|-damage|p1a: Grimmsnarl|88/100|[from] Sandstorm
|upkeep
|turn|11
|
|t:|1783132557
|move|p1a: Grimmsnarl|Parting Shot|p2a: Sceptile
|-unboost|p2a: Sceptile|atk|1
|-unboost|p2a: Sceptile|spa|1
|move|p2a: Sceptile|Energy Ball|p1b: Tyranitar
|-supereffective|p1b: Tyranitar|1
|-damage|p1b: Tyranitar|56/100
|move|p1b: Tyranitar|Knock Off|p2a: Sceptile
|-damage|p2a: Sceptile|0 fnt
|faint|p2a: Sceptile
|
|win|Ferdrizzy
|inactive|Ferdrizzy has 30 seconds to confirm battle start!
|inactive|sogreenitslime has 30 seconds to confirm battle start!
||sogreenitslime is ready for game 2.
|l|☆Ferdrizzy
|player|p1|
|inactive|Ferdrizzy has 20 seconds to confirm battle start!
|inactive|Ferdrizzy has 10 seconds to confirm battle start!
|uhtml|next|Next: Game 2 of 3
