|j|☆vonhemmoltz
|j|☆wweewwzz
|html|vonhemmoltzwweewwzz    
|uhtml|bestof|Game 2 of a best-of-3
|t:|1756426913
|gametype|doubles
|player|p1|vonhemmoltz|170|1371
|player|p2|wweewwzz|pokekid|1394
|gen|9
|tier|[Gen 9] VGC 2025 Reg H (Bo3)
|rated|
|rule|Species Clause: Limit one of each Pokémon
|rule|Item Clause: Limit 1 of each item
|clearpoke
|poke|p1|Baxcalibur, L50, M|
|poke|p1|Primarina, L50, F|
|poke|p1|Incineroar, L50, M|
|poke|p1|Blaziken, L50, F|
|poke|p1|Ursaluna, L50, F|
|poke|p1|Porygon2, L50|
|poke|p2|Gholdengo, L50|
|poke|p2|Incineroar, L50, M|
|poke|p2|Ursaluna, L50, M|
|poke|p2|Sinistcha, L50|
|poke|p2|Sneasler, L50, M|
|poke|p2|Dragonite, L50, F|
|teampreview|4
|showteam|p1|Baxcalibur||LoadedDice|ThermalExchange|IcicleSpear,ScaleShot,IceShard,Protect|||M|||50|,,,,,Water]Primarina||ThroatSpray|LiquidVoice|HyperVoice,Moonblast,Haze,Protect|||F|||50|,,,,,Steel]Incineroar||SafetyGoggles|Intimidate|FlareBlitz,KnockOff,PartingShot,FakeOut|||M|||50|,,,,,Ghost]Blaziken||FocusSash|SpeedBoost|HeatWave,AuraSphere,Coaching,Detect|||F|||50|,,,,,Ghost]Ursaluna||FlameOrb|Guts|Facade,HeadlongRush,Earthquake,Protect|||F|||50|,,,,,Ghost]Porygon2||Eviolite|Download|TrickRoom,Recover,TeraBlast,IceBeam||||||50|,,,,,Fighting
|showteam|p2|Gholdengo||LifeOrb|GoodasGold|MakeItRain,ShadowBall,NastyPlot,Protect||||||50|,,,,,Water]Incineroar||AssaultVest|Intimidate|FakeOut,Uturn,KnockOff,FlareBlitz|||M|||50|,,,,,Ghost]Ursaluna||FlameOrb|Guts|Earthquake,Facade,HeadlongRush,Protect|||M|||50|,,,,,Ghost]Sinistcha||SitrusBerry|Hospitality|MatchaGotcha,LifeDew,RagePowder,TrickRoom||||||50|,,,,,Dark]Sneasler||FocusSash|PoisonTouch|DireClaw,CloseCombat,Coaching,Protect|||M|||50|,,,,,Flying]Dragonite||LoadedDice|Multiscale|ScaleShot,Haze,Tailwind,Protect|||F|||50|,,,,,Fairy
|inactive|Battle timer is ON: inactive players will automatically lose when time's up. (requested by wweewwzz)
|
|t:|1756426927
|teamsize|p1|4
|teamsize|p2|4
|start
|switch|p1a: Blaziken|Blaziken, L50, F|100/100
|switch|p1b: Baxcalibur|Baxcalibur, L50, M|100/100
|switch|p2a: Dragonite|Dragonite, L50, F, shiny|100/100
|switch|p2b: Incineroar|Incineroar, L50, M|100/100
|-ability|p2b: Incineroar|Intimidate|boost
|-unboost|p1a: Blaziken|atk|1
|-unboost|p1b: Baxcalibur|atk|1
|turn|1
|inactive|vonhemmoltz has 30 seconds left.
|inactive|vonhemmoltz has 20 seconds left.
|
|t:|1756426963
|-terastallize|p1b: Baxcalibur|Water
|move|p2b: Incineroar|Fake Out|p1b: Baxcalibur
|-damage|p1b: Baxcalibur|90/100
|move|p1a: Blaziken|Coaching|p1b: Baxcalibur
|-boost|p1b: Baxcalibur|atk|1
|-boost|p1b: Baxcalibur|def|1
|cant|p1b: Baxcalibur|flinch
|move|p2a: Dragonite|Tailwind|p2a: Dragonite
|-sidestart|p2: wweewwzz|move: Tailwind
|
|-ability|p1a: Blaziken|Speed Boost|boost
|-boost|p1a: Blaziken|spe|1
|upkeep
|turn|2
|
|t:|1756426983
|-terastallize|p2a: Dragonite|Fairy
|move|p2a: Dragonite|Scale Shot|p1a: Blaziken
|-damage|p1a: Blaziken|79/100
|-damage|p1a: Blaziken|57/100
|-damage|p1a: Blaziken|35/100
|-damage|p1a: Blaziken|11/100
|-damage|p1a: Blaziken|0 fnt
|faint|p1a: Blaziken
|-hitcount|p1: Blaziken|5
|-unboost|p2a: Dragonite|def|1
|-boost|p2a: Dragonite|spe|1
|move|p2b: Incineroar|U-turn|p1b: Baxcalibur
|-damage|p1b: Baxcalibur|77/100
|l|☆vonhemmoltz
|inactive|vonhemmoltz disconnected and has a minute to reconnect!
|player|p1|
|j|☆vonhemmoltz
|inactive|vonhemmoltz reconnected.
|player|p1|vonhemmoltz|170|
|
|t:|1756427000
|switch|p2b: Ursaluna|Ursaluna, L50, M, shiny|100/100|[from] U-turn
|move|p1b: Baxcalibur|Scale Shot|p2b: Ursaluna
|-damage|p2b: Ursaluna|87/100
|-damage|p2b: Ursaluna|75/100
|-damage|p2b: Ursaluna|64/100
|-damage|p2b: Ursaluna|51/100
|-hitcount|p2b: Ursaluna|4
|-unboost|p1b: Baxcalibur|def|1
|-boost|p1b: Baxcalibur|spe|1
|
|-status|p2b: Ursaluna|brn|[from] item: Flame Orb
|upkeep
|
|t:|1756427012
|switch|p1a: Porygon2|Porygon2, L50|100/100
|-ability|p1a: Porygon2|Download|boost
|-boost|p1a: Porygon2|atk|1
|turn|3
|inactive|vonhemmoltz has 30 seconds left.
|
|t:|1756427060
|move|p2a: Dragonite|Haze|p2a: Dragonite
|-clearallboost
|move|p2b: Ursaluna|Facade|p1b: Baxcalibur
|-damage|p1b: Baxcalibur|0 fnt
|faint|p1b: Baxcalibur
|move|p1a: Porygon2|Trick Room|p1a: Porygon2
|-fieldstart|move: Trick Room|[of] p1a: Porygon2
|
|-damage|p2b: Ursaluna|45/100 brn|[from] brn
|upkeep
|
|t:|1756427065
|switch|p1b: Ursaluna|Ursaluna, L50, F|100/100
|turn|4
|
|t:|1756427085
|switch|p2b: Incineroar|Incineroar, L50, M|100/100
|-ability|p2b: Incineroar|Intimidate|boost
|-unboost|p1a: Porygon2|atk|1
|-unboost|p1b: Ursaluna|atk|1
|move|p1b: Ursaluna|Facade|p2a: Dragonite
|-damage|p2a: Dragonite|84/100
|move|p1a: Porygon2|Tera Blast|p2a: Dragonite
|-damage|p2a: Dragonite|50/100
|move|p2a: Dragonite|Scale Shot|p1b: Ursaluna|[miss]
|-miss|p2a: Dragonite|p1b: Ursaluna
|
|-sideend|p2: wweewwzz|move: Tailwind
|-status|p1b: Ursaluna|brn|[from] item: Flame Orb
|upkeep
|turn|5
|
|t:|1756427100
|move|p2b: Incineroar|Fake Out|p1b: Ursaluna
|-damage|p1b: Ursaluna|92/100 brn
|cant|p1b: Ursaluna|flinch
|move|p1a: Porygon2|Tera Blast|p2b: Incineroar
|-damage|p2b: Incineroar|79/100
|move|p2a: Dragonite|Scale Shot|p1a: Porygon2
|-damage|p1a: Porygon2|92/100
|-damage|p1a: Porygon2|84/100
|-damage|p1a: Porygon2|74/100
|-damage|p1a: Porygon2|66/100
|-hitcount|p1a: Porygon2|4
|-unboost|p2a: Dragonite|def|1
|-boost|p2a: Dragonite|spe|1
|
|-damage|p1b: Ursaluna|86/100 brn|[from] brn
|upkeep
|turn|6
|
|t:|1756427120
|switch|p2a: Ursaluna|Ursaluna, L50, M, shiny|45/100 brn
|move|p1b: Ursaluna|Earthquake|p2a: Ursaluna|[spread] p1a,p2a,p2b
|-supereffective|p2b: Incineroar
|-damage|p1a: Porygon2|39/100
|-damage|p2a: Ursaluna|10/100 brn
|-damage|p2b: Incineroar|4/100
|move|p1a: Porygon2|Recover|p1a: Porygon2
|-heal|p1a: Porygon2|89/100
|move|p2b: Incineroar|Knock Off|p1a: Porygon2
|-damage|p1a: Porygon2|64/100
|-enditem|p1a: Porygon2|Eviolite|[from] move: Knock Off|[of] p2b: Incineroar
|
|-damage|p1b: Ursaluna|80/100 brn|[from] brn
|-damage|p2a: Ursaluna|4/100 brn|[from] brn
|upkeep
|turn|7
|inactive|vonhemmoltz has 30 seconds left.
|
|t:|1756427150
|move|p1b: Ursaluna|Facade|p2b: Incineroar
|-damage|p2b: Incineroar|0 fnt
|faint|p2b: Incineroar
|move|p1a: Porygon2|Ice Beam|p2a: Ursaluna
|-supereffective|p2a: Ursaluna
|-damage|p2a: Ursaluna|0 fnt
|faint|p2a: Ursaluna
|
|-damage|p1b: Ursaluna|74/100 brn|[from] brn
|-fieldend|move: Trick Room
|upkeep
|
|t:|1756427152
|switch|p2b: Gholdengo|Gholdengo, L50, shiny|100/100
|switch|p2a: Dragonite|Dragonite, L50, F, shiny, tera:Fairy|50/100
|turn|8
|
|t:|1756427173
|move|p2b: Gholdengo|Make It Rain|p1b: Ursaluna|[spread] p1a,p1b
|-damage|p1a: Porygon2|11/100
|-damage|p1b: Ursaluna|26/100 brn
|-unboost|p2b: Gholdengo|spa|1
|-damage|p2b: Gholdengo|91/100|[from] item: Life Orb
|move|p2a: Dragonite|Scale Shot|p1a: Porygon2
|-damage|p1a: Porygon2|0 fnt
|faint|p1a: Porygon2
|-hitcount|p1: Porygon2|1
|-unboost|p2a: Dragonite|def|1
|-boost|p2a: Dragonite|spe|1
|move|p1b: Ursaluna|Earthquake|p2a: Dragonite|[spread] p2a,p2b
|-supereffective|p2b: Gholdengo
|-damage|p2a: Dragonite|0 fnt
|-damage|p2b: Gholdengo|0 fnt
|faint|p2a: Dragonite
|faint|p2b: Gholdengo
|
|win|vonhemmoltz
|inactive|vonhemmoltz has 30 seconds to confirm battle start!
|inactive|wweewwzz has 30 seconds to confirm battle start!
||vonhemmoltz is ready for game 3.
|inactive|wweewwzz has 20 seconds to confirm battle start!
||wweewwzz is ready for game 3.
|uhtml|next|Next: Game 3 of 3
|l|☆vonhemmoltz
|player|p1|
