|j|☆new mental
|j|☆G3N13
|html|new mentalG3N13    
|uhtml|bestof|Game 2 of a best-of-3
|t:|1784368193
|gametype|doubles
|player|p1|new mental|volkner|1283
|player|p2|G3N13|n|1118
|gen|9
|tier|[Gen 9 Champions] VGC 2026 Reg M-B (Bo3)
|rated|
|rule|Species Clause: Limit one of each Pokémon
|rule|Item Clause: Limit 1 of each item
|clearpoke
|poke|p1|Incineroar, L50, M|
|poke|p1|Maushold, L50|
|poke|p1|Sinistcha, L50|
|poke|p1|Sneasler, L50, M|
|poke|p1|Blastoise, L50, F|
|poke|p1|Delphox, L50, F|
|poke|p2|Pelipper, L50, M|
|poke|p2|Archaludon, L50, M|
|poke|p2|Incineroar, L50, M|
|poke|p2|Sinistcha, L50|
|poke|p2|Gardevoir, L50, F, shiny|
|poke|p2|Swampert, L50, F|
|teampreview|4
|showteam|p1|Incineroar||SitrusBerry|Intimidate|FakeOut,FlareBlitz,DarkestLariat,PartingShot|Impish||M|||50|]Maushold||ChopleBerry|FriendGuard|SuperFang,FollowMe,Protect,Feint|Impish|||||50|]Sinistcha||OccaBerry|Hospitality|MatchaGotcha,LifeDew,RagePowder,Protect|Bold|||||50|]Sneasler||FocusSash|PoisonTouch|FakeOut,CloseCombat,DireClaw,QuickGuard|Jolly||M|||50|]Blastoise||Blastoisinite|Torrent|WaterSpout,DarkPulse,ShellSmash,Protect|Modest||F|||50|]Delphox||Delphoxite|Blaze|HeatWave,Psychic,NastyPlot,Protect|Timid||F|||50|
|showteam|p2|Pelipper||FocusSash|Drizzle|WeatherBall,WideGuard,Tailwind,Protect|Timid||M|||50|]Archaludon||Leftovers|Stamina|ElectroShot,Protect,FlashCannon,DragonPulse|Modest||M|||50|]Incineroar||SitrusBerry|Intimidate|FakeOut,FlareBlitz,PartingShot,ThroatChop|Serious||M|||50|]Sinistcha||KasibBerry|Hospitality|MatchaGotcha,RagePowder,TrickRoom,Protect|Calm|||||50|]Gardevoir||Gardevoirite|Telepathy|HyperVoice,Psyshock,Protect,TrickRoom|Modest||F|||50|]Swampert||Swampertite|Damp|Earthquake,WaveCrash,Protect,IcePunch|Adamant||F|||50|
|inactive|Battle timer is ON: inactive players will automatically lose when time's up. (requested by new mental)
|
|t:|1784368223
|teamsize|p1|4
|teamsize|p2|4
|start
|switch|p1a: Maushold|Maushold, L50|100/100
|switch|p1b: Blastoise|Blastoise, L50, F|100/100
|switch|p2a: Incineroar|Incineroar, L50, M|100/100
|switch|p2b: Swampert|Swampert, L50, F|100/100
|-ability|p2a: Incineroar|Intimidate|boost
|-unboost|p1a: Maushold|atk|1
|-unboost|p1b: Blastoise|atk|1
|turn|1
|
|t:|1784368243
|switch|p1a: Sinistcha|Sinistcha, L50|100/100
|switch|p2a: Pelipper|Pelipper, L50, M|100/100
|-weather|RainDance|[from] ability: Drizzle|[of] p2a: Pelipper
|detailschange|p2b: Swampert|Swampert-Mega, L50, F
|-mega|p2b: Swampert|Swampert|Swampertite
|move|p1b: Blastoise|Protect|p1b: Blastoise
|-singleturn|p1b: Blastoise|Protect
|move|p2b: Swampert|Earthquake|p1b: Blastoise|[spread] p1a
|-activate|p1b: Blastoise|move: Protect
|-immune|p2a: Pelipper
|-resisted|p1a: Sinistcha|1
|-crit|p1a: Sinistcha
|-damage|p1a: Sinistcha|67/100
|
|-weather|RainDance|[upkeep]
|upkeep
|turn|2
|
|t:|1784368265
|detailschange|p1b: Blastoise|Blastoise-Mega, L50, F
|-mega|p1b: Blastoise|Blastoise|Blastoisinite
|move|p2a: Pelipper|Wide Guard|p2a: Pelipper
|-singleturn|p2a: Pelipper|Wide Guard
|move|p1a: Sinistcha|Rage Powder|p1a: Sinistcha
|-singleturn|p1a: Sinistcha|move: Rage Powder
|move|p2b: Swampert|Ice Punch|p1a: Sinistcha
|-supereffective|p1a: Sinistcha|1
|-damage|p1a: Sinistcha|16/100
|move|p1b: Blastoise|Shell Smash|p1b: Blastoise
|-unboost|p1b: Blastoise|def|1
|-unboost|p1b: Blastoise|spd|1
|-boost|p1b: Blastoise|atk|2
|-boost|p1b: Blastoise|spa|2
|-boost|p1b: Blastoise|spe|2
|
|-weather|RainDance|[upkeep]
|upkeep
|turn|3
|
|t:|1784368288
|move|p2a: Pelipper|Wide Guard|p2a: Pelipper
|-singleturn|p2a: Pelipper|Wide Guard
|move|p1a: Sinistcha|Rage Powder|p1a: Sinistcha
|-singleturn|p1a: Sinistcha|move: Rage Powder
|move|p1b: Blastoise|Dark Pulse|p2a: Pelipper
|-enditem|p2a: Pelipper|Focus Sash
|-damage|p2a: Pelipper|1/100
|move|p2b: Swampert|Earthquake|p1a: Sinistcha|[spread] p1a,p1b
|-activate|p2a: Pelipper|move: Wide Guard
|-resisted|p1a: Sinistcha|1
|-damage|p1a: Sinistcha|0 fnt
|-damage|p1b: Blastoise|28/100
|faint|p1a: Sinistcha
|
|-weather|RainDance|[upkeep]
|upkeep
|
|t:|1784368296
|switch|p1a: Sneasler|Sneasler, L50, M|100/100
|turn|4
|
|t:|1784368302
|move|p2b: Swampert|Protect|p2b: Swampert
|-singleturn|p2b: Swampert|Protect
|move|p2a: Pelipper|Protect||[still]
|-fail|p2a: Pelipper
|move|p1a: Sneasler|Fake Out|p2a: Pelipper
|-damage|p2a: Pelipper|0 fnt
|faint|p2a: Pelipper
|move|p1b: Blastoise|Dark Pulse|p2b: Swampert
|-activate|p2b: Swampert|move: Protect
|
|-weather|RainDance|[upkeep]
|upkeep
|
|t:|1784368326
|switch|p2a: Incineroar|Incineroar, L50, M|100/100
|-ability|p2a: Incineroar|Intimidate|boost
|-unboost|p1a: Sneasler|atk|1
|-unboost|p1b: Blastoise|atk|1
|turn|5
|
|t:|1784368342
|move|p1a: Sneasler|Quick Guard|p1a: Sneasler
|-singleturn|p1a: Sneasler|Quick Guard
|move|p2a: Incineroar|Fake Out|p1a: Sneasler
|-activate|p1a: Sneasler|move: Quick Guard
|move|p1b: Blastoise|Dark Pulse|p2b: Swampert
|-damage|p2b: Swampert|7/100
|move|p2b: Swampert|Earthquake|p1b: Blastoise|[spread] p2a,p1a,p1b
|-supereffective|p2a: Incineroar|1
|-supereffective|p1a: Sneasler|1
|-damage|p2a: Incineroar|24/100
|-enditem|p1a: Sneasler|Focus Sash
|-damage|p1a: Sneasler|1/100
|-damage|p1b: Blastoise|0 fnt
|-enditem|p2a: Incineroar|Sitrus Berry|[eat]
|-heal|p2a: Incineroar|49/100|[from] item: Sitrus Berry
|faint|p1b: Blastoise
|
|-weather|none
|upkeep
|
|t:|1784368349
|switch|p1b: Maushold|Maushold, L50|100/100
|turn|6
|
|t:|1784368362
|move|p2b: Swampert|Protect|p2b: Swampert
|-singleturn|p2b: Swampert|Protect
|move|p1b: Maushold|Feint|p2b: Swampert
|-activate|p2b: Swampert|move: Feint
|-damage|p2b: Swampert|0 fnt
|faint|p2b: Swampert
|move|p1a: Sneasler|Close Combat|p2a: Incineroar
|-supereffective|p2a: Incineroar|1
|-damage|p2a: Incineroar|0 fnt
|-unboost|p1a: Sneasler|def|1
|-unboost|p1a: Sneasler|spd|1
|faint|p2a: Incineroar
|
|upkeep
|
|t:|1784368369
|switch|p2b: Archaludon|Archaludon, L50, M|100/100
|turn|7
|
|t:|1784368374
|move|p1a: Sneasler|Close Combat|p2b: Archaludon
|-supereffective|p2b: Archaludon|1
|-damage|p2b: Archaludon|31/100
|-unboost|p1a: Sneasler|def|1
|-unboost|p1a: Sneasler|spd|1
|-ability|p2b: Archaludon|Stamina|boost
|-boost|p2b: Archaludon|def|1
|move|p1b: Maushold|Super Fang|p2b: Archaludon|[miss]
|-miss|p1b: Maushold|p2b: Archaludon
|move|p2b: Archaludon|Flash Cannon|p1a: Sneasler
|-damage|p1a: Sneasler|0 fnt
|faint|p1a: Sneasler
|
|-heal|p2b: Archaludon|37/100|[from] item: Leftovers
|upkeep
|turn|8
|
|t:|1784368384
|move|p2b: Archaludon|Protect|p2b: Archaludon
|-singleturn|p2b: Archaludon|Protect
|move|p1b: Maushold|Super Fang|p2b: Archaludon
|-activate|p2b: Archaludon|move: Protect
|
|-heal|p2b: Archaludon|43/100|[from] item: Leftovers
|upkeep
|turn|9
|
|t:|1784368391
|move|p1b: Maushold|Super Fang|p2b: Archaludon
|-damage|p2b: Archaludon|21/100
|-ability|p2b: Archaludon|Stamina|boost
|-boost|p2b: Archaludon|def|1
|move|p2b: Archaludon|Dragon Pulse|p1b: Maushold
|-damage|p1b: Maushold|48/100
|
|-heal|p2b: Archaludon|27/100|[from] item: Leftovers
|upkeep
|turn|10
|
|t:|1784368400
|move|p1b: Maushold|Super Fang|p2b: Archaludon
|-damage|p2b: Archaludon|14/100
|-ability|p2b: Archaludon|Stamina|boost
|-boost|p2b: Archaludon|def|1
|move|p2b: Archaludon|Dragon Pulse|p1b: Maushold
|-damage|p1b: Maushold|0 fnt
|faint|p1b: Maushold
|
|win|G3N13
|raw|new mental's rating: 1283 → 1247(-36 for losing)
|raw|G3N13's rating: 1118 → 1154(+36 for winning)
