|j|☆Hotdiggitydawgs
|j|☆abgesaftet
|html|Hotdiggitydawgsabgesaftet    
|uhtml|bestof|Game 1 of a best-of-3
|t:|1783693647
|gametype|doubles
|player|p1|Hotdiggitydawgs|265|1337
|player|p2|abgesaftet|ballguy|1496
|gen|9
|tier|[Gen 9 Champions] VGC 2026 Reg M-B (Bo3)
|rated|
|rule|Species Clause: Limit one of each Pokémon
|rule|Item Clause: Limit 1 of each item
|clearpoke
|poke|p1|Charizard, L50, M|
|poke|p1|Farigiraf, L50, M|
|poke|p1|Aerodactyl, L50, M|
|poke|p1|Garchomp, L50, M|
|poke|p1|Sylveon, L50, F|
|poke|p1|Kingambit, L50, F|
|poke|p2|Sinistcha-Masterpiece, L50|
|poke|p2|Kingambit, L50, F|
|poke|p2|Sneasler, L50, F|
|poke|p2|Floette-Eternal, L50, F|
|poke|p2|Blastoise, L50, F|
|poke|p2|Incineroar, L50, M|
|teampreview|4
|showteam|p1|Charizard||CharizarditeY|Blaze|Protect,WeatherBall,HeatWave,SolarBeam|Modest||M|||50|]Farigiraf||SitrusBerry|ArmorTail|Protect,Psychic,Thunderbolt,TrickRoom|Bold||M|||50|]Aerodactyl||Aerodactylite|Unnerve|DualWingbeat,IceFang,Tailwind,RockSlide|Jolly||M|||50|]Garchomp||LifeOrb|RoughSkin|DragonClaw,Earthquake,StompingTantrum,Protect|Jolly||M|||50|]Sylveon||FairyFeather|Pixilate|HyperBeam,HyperVoice,Detect,Yawn|Modest||F|||50|]Kingambit||FocusSash|Defiant|SuckerPunch,KowtowCleave,IronHead,LowKick|Adamant||F|||50|
|showteam|p2|Sinistcha-Masterpiece||OccaBerry|Hospitality|MatchaGotcha,RagePowder,TrickRoom,Protect|Bold|||||50|]Kingambit||LifeOrb|Defiant|KowtowCleave,SuckerPunch,SwordsDance,Protect|Adamant||F|||50|]Sneasler||FocusSash|PoisonTouch|FakeOut,CloseCombat,DireClaw,RockTomb|Jolly||F|||50|]Floette-Eternal||Floettite|FlowerVeil|Moonblast,DazzlingGleam,CalmMind,Protect|Modest||F|||50|]Blastoise||Blastoisinite|Torrent|WaterSpout,DarkPulse,ShellSmash,Protect|Modest||F|||50|]Incineroar||SitrusBerry|Intimidate|PartingShot,FlareBlitz,ThroatChop,FakeOut|Careful||M|||50|
|inactive|Battle timer is ON: inactive players will automatically lose when time's up. (requested by Hotdiggitydawgs)
|inactive|Hotdiggitydawgs has 60 seconds left.
|inactive|abgesaftet has 60 seconds left.
|
|t:|1783693690
|teamsize|p1|4
|teamsize|p2|4
|start
|switch|p1a: Kingambit|Kingambit, L50, F|100/100
|switch|p1b: Farigiraf|Farigiraf, L50, M|100/100
|switch|p2a: Blastoise|Blastoise, L50, F|100/100
|switch|p2b: Incineroar|Incineroar, L50, M|100/100
|-ability|p2b: Incineroar|Intimidate|boost
|-unboost|p1a: Kingambit|atk|1
|-ability|p1a: Kingambit|Defiant|boost
|-boost|p1a: Kingambit|atk|2
|-unboost|p1b: Farigiraf|atk|1
|turn|1
|
|t:|1783693709
|switch|p2a: Sinistcha|Sinistcha-Masterpiece, L50|100/100
|move|p2b: Incineroar|Flare Blitz|p1a: Kingambit
|-supereffective|p1a: Kingambit|1
|-damage|p1a: Kingambit|29/100
|-damage|p2b: Incineroar|75/100|[from] Recoil
|move|p1a: Kingambit|Kowtow Cleave|p2a: Sinistcha
|-supereffective|p2a: Sinistcha|1
|-damage|p2a: Sinistcha|0 fnt
|faint|p2a: Sinistcha
|move|p1b: Farigiraf|Trick Room|p1b: Farigiraf
|-fieldstart|move: Trick Room|[of] p1b: Farigiraf
|
|upkeep
|
|t:|1783693722
|switch|p2a: Kingambit|Kingambit, L50, F|100/100
|turn|2
|inactive|Hotdiggitydawgs has 30 seconds left.
|inactive|Hotdiggitydawgs has 20 seconds left.
|inactive|abgesaftet has 30 seconds left.
|
|t:|1783693761
|switch|p1b: Sylveon|Sylveon, L50, F|100/100
|move|p2a: Kingambit|Protect|p2a: Kingambit
|-singleturn|p2a: Kingambit|Protect
|move|p1a: Kingambit|Low Kick|p2a: Kingambit
|-activate|p2a: Kingambit|move: Protect
|move|p2b: Incineroar|Flare Blitz|p1a: Kingambit
|-supereffective|p1a: Kingambit|1
|-damage|p1a: Kingambit|0 fnt
|faint|p1a: Kingambit
|-damage|p2b: Incineroar|65/100|[from] Recoil
|
|upkeep
|
|t:|1783693776
|switch|p1a: Farigiraf|Farigiraf, L50, M|100/100
|turn|3
|inactive|Hotdiggitydawgs has 30 seconds left.
|inactive|abgesaftet has 30 seconds left.
|
|t:|1783693809
|switch|p2a: Blastoise|Blastoise, L50, F|100/100
|move|p1a: Farigiraf|Thunderbolt|p2a: Blastoise
|-supereffective|p2a: Blastoise|1
|-damage|p2a: Blastoise|46/100
|move|p1b: Sylveon|Hyper Voice|p2b: Incineroar|[spread] p2a,p2b
|-damage|p2a: Blastoise|0 fnt
|-damage|p2b: Incineroar|26/100
|-enditem|p2b: Incineroar|Sitrus Berry|[eat]
|-heal|p2b: Incineroar|51/100|[from] item: Sitrus Berry
|faint|p2a: Blastoise
|move|p2b: Incineroar|Parting Shot|p1b: Sylveon
|-unboost|p1b: Sylveon|atk|1
|-unboost|p1b: Sylveon|spa|1
|
|t:|1783693815
|switch|p2b: Kingambit|Kingambit, L50, F|100/100|[from] Parting Shot
|
|upkeep
|
|t:|1783693817
|switch|p2a: Incineroar|Incineroar, L50, M|51/100
|-ability|p2a: Incineroar|Intimidate|boost
|-unboost|p1a: Farigiraf|atk|1
|-unboost|p1b: Sylveon|atk|1
|turn|4
|inactive|abgesaftet has 30 seconds left.
|inactive|abgesaftet has 20 seconds left.
|inactive|abgesaftet has 15 seconds left.
|inactive|abgesaftet has 10 seconds left.
|
|t:|1783693863
|switch|p1b: Charizard|Charizard, L50, M|100/100
|move|p2b: Kingambit|Kowtow Cleave|p1a: Farigiraf
|-supereffective|p1a: Farigiraf|1
|-damage|p1a: Farigiraf|0 fnt
|faint|p1a: Farigiraf
|-damage|p2b: Kingambit|90/100|[from] item: Life Orb
|move|p2a: Incineroar|Flare Blitz|p1b: Charizard
|-resisted|p1b: Charizard|1
|-damage|p1b: Charizard|73/100
|-damage|p2a: Incineroar|43/100|[from] Recoil
|
|upkeep
|
|t:|1783693874
|switch|p1a: Sylveon|Sylveon, L50, F|100/100
|turn|5
|
|t:|1783693888
|move|p1a: Sylveon|Detect|p1a: Sylveon
|-singleturn|p1a: Sylveon|Protect
|move|p1b: Charizard|Protect|p1b: Charizard
|-singleturn|p1b: Charizard|Protect
|move|p2b: Kingambit|Sucker Punch||[still]
|-fail|p2b: Kingambit
|move|p2a: Incineroar|Parting Shot|p1a: Sylveon
|-activate|p1a: Sylveon|move: Protect
|
|-fieldend|move: Trick Room
|upkeep
|turn|6
|inactive|Hotdiggitydawgs has 30 seconds left.
|inactive|abgesaftet has 30 seconds left.
|
|t:|1783693916
|detailschange|p1b: Charizard|Charizard-Mega-Y, L50, M
|-mega|p1b: Charizard|Charizard|Charizardite Y
|-weather|SunnyDay|[from] ability: Drought|[of] p1b: Charizard
|move|p2b: Kingambit|Sucker Punch|p1b: Charizard
|-damage|p1b: Charizard|11/100
|-damage|p2b: Kingambit|80/100|[from] item: Life Orb
|move|p1b: Charizard|Weather Ball|p2b: Kingambit
|-supereffective|p2b: Kingambit|1
|-damage|p2b: Kingambit|0 fnt
|faint|p2b: Kingambit
|move|p2a: Incineroar|Flare Blitz|p1a: Sylveon
|-damage|p1a: Sylveon|16/100
|-damage|p2a: Incineroar|18/100|[from] Recoil
|move|p1a: Sylveon|Hyper Beam|p2a: Incineroar
|-damage|p2a: Incineroar|0 fnt
|-mustrecharge|p1a: Sylveon
|faint|p2a: Incineroar
|
|win|Hotdiggitydawgs
||abgesaftet is ready for game 2.
|inactive|Hotdiggitydawgs has 30 seconds to confirm battle start!
||Hotdiggitydawgs is ready for game 2.
|uhtml|next|Next: Game 2 of 3
