|j|☆hopiumoncrack
|j|☆KendallVGC
|html|hopiumoncrackKendallVGC    
|uhtml|bestof|Game 1 of a best-of-3
|t:|1783448798
|gametype|doubles
|player|p1|hopiumoncrack|265|1013
|player|p2|KendallVGC|selene-masters2|1024
|gen|9
|tier|[Gen 9 Champions] VGC 2026 Reg M-B (Bo3)
|rated|
|rule|Species Clause: Limit one of each Pokémon
|rule|Item Clause: Limit 1 of each item
|clearpoke
|poke|p1|Tyranitar, L50, M|
|poke|p1|Garchomp, L50, M|
|poke|p1|Sinistcha, L50|
|poke|p1|Gardevoir, L50, M|
|poke|p1|Maushold, L50|
|poke|p1|Corviknight, L50, M|
|poke|p2|Swampert, L50, F|
|poke|p2|Metagross, L50|
|poke|p2|Pelipper, L50, F|
|poke|p2|Archaludon, L50, F|
|poke|p2|Grimmsnarl, L50, M|
|poke|p2|Sneasler, L50, F|
|teampreview|4
|showteam|p1|Tyranitar||Tyranitarite|SandStream|KnockOff,RockSlide,LowKick,Protect|Adamant||M|||50|]Garchomp||LifeOrb|RoughSkin|Earthquake,DragonClaw,RockSlide,Protect|Jolly||M|||50|]Sinistcha||SitrusBerry|Hospitality|MatchaGotcha,RagePowder,TrickRoom,Protect|Relaxed|||||50|]Gardevoir||Gardevoirite|Synchronize|HyperVoice,Psyshock,TrickRoom,Protect|Quiet||M|||50|]Maushold||FocusSash|FriendGuard|SuperFang,Taunt,FollowMe,Protect|Impish|||||50|]Corviknight||Leftovers|MirrorArmor|BraveBird,IronHead,BulkUp,Roost|Careful||M|||50|
|showteam|p2|Swampert||Swampertite|Torrent|WaveCrash,HighHorsepower,IcePunch,Protect|Jolly||F|||50|]Metagross||Metagrossite|ClearBody|IronHead,PsychicFangs,BodyPress,Protect|Adamant|||||50|]Pelipper||SitrusBerry|Drizzle|Tailwind,WeatherBall,Hurricane,WideGuard|Bold||F|||50|]Archaludon||Leftovers|Stamina|DragonPulse,FlashCannon,ElectroShot,Protect|Modest||F|||50|]Grimmsnarl||LightClay|Prankster|SpiritBreak,Reflect,LightScreen,PartingShot|Impish||M|||50|]Sneasler||WhiteHerb|Unburden|FakeOut,DireClaw,CloseCombat,Protect|Jolly||F|||50|
|j| Tyho45
|
|t:|1783448861
|teamsize|p1|4
|teamsize|p2|4
|start
|switch|p1a: Maushold|Maushold, L50|100/100
|switch|p1b: Gardevoir|Gardevoir, L50, M|100/100
|switch|p2a: Archaludon|Archaludon, L50, F|100/100
|switch|p2b: Grimmsnarl|Grimmsnarl, L50, M|100/100
|turn|1
|
|t:|1783448911
|move|p1b: Gardevoir|Protect|p1b: Gardevoir
|-singleturn|p1b: Gardevoir|Protect
|move|p1a: Maushold|Taunt|p2b: Grimmsnarl
|-start|p2b: Grimmsnarl|move: Taunt
|move|p2a: Archaludon|Flash Cannon|p1a: Maushold
|-damage|p1a: Maushold|55/100
|move|p2b: Grimmsnarl|Spirit Break|p1a: Maushold
|-damage|p1a: Maushold|25/100
|-unboost|p1a: Maushold|spa|1
|
|upkeep
|turn|2
|
|t:|1783448940
|switch|p2a: Pelipper|Pelipper, L50, F|100/100
|-weather|RainDance|[from] ability: Drizzle|[of] p2a: Pelipper
|detailschange|p1b: Gardevoir|Gardevoir-Mega, L50, M
|-mega|p1b: Gardevoir|Gardevoir|Gardevoirite
|move|p1a: Maushold|Super Fang|p2a: Pelipper
|-damage|p2a: Pelipper|50/100g
|move|p1b: Gardevoir|Hyper Voice|p2b: Grimmsnarl|[spread] p2a,p2b
|-supereffective|p2b: Grimmsnarl|1
|-damage|p2a: Pelipper|0 fnt
|-damage|p2b: Grimmsnarl|0 fnt
|faint|p2a: Pelipper
|faint|p2b: Grimmsnarl
|
|-weather|RainDance|[upkeep]
|upkeep
|
|t:|1783448952
|switch|p2a: Swampert|Swampert, L50, F|100/100
|switch|p2b: Archaludon|Archaludon, L50, F|100/100
|turn|3
|
|t:|1783448991
|switch|p1b: Sinistcha|Sinistcha, L50|100/100
|-heal|p1a: Maushold|50/100g|[from] ability: Hospitality|[of] p1b: Sinistcha
|move|p1a: Maushold|Protect|p1a: Maushold
|-singleturn|p1a: Maushold|Protect
|move|p2a: Swampert|Protect|p2a: Swampert
|-singleturn|p2a: Swampert|Protect
|move|p2b: Archaludon|Flash Cannon|p1b: Sinistcha
|-damage|p1b: Sinistcha|67/100
|-unboost|p1b: Sinistcha|spd|1
|
|-weather|RainDance|[upkeep]
|upkeep
|turn|4
|
|t:|1783449011
|detailschange|p2a: Swampert|Swampert-Mega, L50, F
|-mega|p2a: Swampert|Swampert|Swampertite
|move|p1a: Maushold|Follow Me|p1a: Maushold
|-singleturn|p1a: Maushold|move: Follow Me
|move|p2a: Swampert|Ice Punch|p1a: Maushold
|-damage|p1a: Maushold|23/100
|move|p2b: Archaludon|Electro Shot||[still]
|-prepare|p2b: Archaludon|Electro Shot
|-boost|p2b: Archaludon|spa|1
|-anim|p2b: Archaludon|Electro Shot|p1a: Maushold
|-damage|p1a: Maushold|0 fnt
|faint|p1a: Maushold
|move|p1b: Sinistcha|Matcha Gotcha|p2a: Swampert|[spread] p2a,p2b
|-supereffective|p2a: Swampert|2
|-resisted|p2b: Archaludon|2
|-damage|p2a: Swampert|9/100
|-heal|p1b: Sinistcha|100/100|[from] drain|[of] p2a: Swampert
|-damage|p2b: Archaludon|92/100
|-ability|p2b: Archaludon|Stamina|boost
|-boost|p2b: Archaludon|def|1
|
|-weather|RainDance|[upkeep]
|-heal|p2b: Archaludon|98/100|[from] item: Leftovers
|upkeep
|
|t:|1783449038
|switch|p1a: Garchomp|Garchomp, L50, M|100/100
|turn|5
|
|t:|1783449067
|move|p2a: Swampert|Protect|p2a: Swampert
|-singleturn|p2a: Swampert|Protect
|move|p1a: Garchomp|Protect|p1a: Garchomp
|-singleturn|p1a: Garchomp|Protect
|move|p1b: Sinistcha|Protect|p1b: Sinistcha
|-singleturn|p1b: Sinistcha|Protect
|move|p2b: Archaludon|Dragon Pulse|p1a: Garchomp
|-activate|p1a: Garchomp|move: Protect
|
|-weather|RainDance|[upkeep]
|-heal|p2b: Archaludon|100/100|[from] item: Leftovers
|upkeep
|turn|6
|
|t:|1783449111
|switch|p1a: Gardevoir|Gardevoir-Mega, L50, M|100/100
|move|p2a: Swampert|Ice Punch|p1b: Sinistcha
|-supereffective|p1b: Sinistcha|1
|-damage|p1b: Sinistcha|56/100
|move|p2b: Archaludon|Dragon Pulse|p1a: Gardevoir
|-immune|p1a: Gardevoir
|move|p1b: Sinistcha|Matcha Gotcha|p2a: Swampert|[spread] p2a,p2b
|-supereffective|p2a: Swampert|2
|-resisted|p2b: Archaludon|2
|-damage|p2a: Swampert|0 fnt
|-heal|p1b: Sinistcha|61/100|[from] drain|[of] p2a: Swampert
|-damage|p2b: Archaludon|91/100
|-heal|p1b: Sinistcha|65/100|[from] drain|[of] p2b: Archaludon
|-status|p2b: Archaludon|brn
|-ability|p2b: Archaludon|Stamina|boost
|-boost|p2b: Archaludon|def|1
|faint|p2a: Swampert
|
|-weather|none
|-heal|p2b: Archaludon|97/100 brn|[from] item: Leftovers
|-damage|p2b: Archaludon|91/100 brn|[from] brn
|upkeep
|turn|7
|-message|KendallVGC forfeited.
|
|win|hopiumoncrack
