|j|☆FERA kApset
|j|☆asdasdasdss
|html|FERA kApsetasdasdasdss    
|uhtml|bestof|Game 1 of a best-of-3
|t:|1782432054
|gametype|doubles
|player|p1|FERA kApset|byron|1040
|player|p2|asdasdasdss|2|1000
|gen|9
|tier|[Gen 9 Champions] VGC 2026 Reg M-B (Bo3)
|rated|
|rule|Species Clause: Limit one of each Pokémon
|rule|Item Clause: Limit 1 of each item
|clearpoke
|poke|p1|Aerodactyl, L50, F|
|poke|p1|Garchomp, L50, F|
|poke|p1|Kingambit, L50, M|
|poke|p1|Farigiraf, L50, M|
|poke|p1|Sylveon, L50, F|
|poke|p1|Charizard, L50, M|
|poke|p2|Crabominable, L50, F|
|poke|p2|Tyranitar, L50, M|
|poke|p2|Sinistcha, L50|
|poke|p2|Farigiraf, L50, M|
|poke|p2|Milotic, L50, F|
|poke|p2|Corviknight, L50, F|
|teampreview|4
|showteam|p1|Aerodactyl||Aerodactylite|Unnerve|RockSlide,Protect,DualWingbeat,Tailwind|Jolly||F|||50|]Garchomp||LifeOrb|RoughSkin|Protect,DragonClaw,Earthquake,StompingTantrum|Adamant||F|||50|]Kingambit||FocusSash|Defiant|KowtowCleave,IronHead,SuckerPunch,Protect|Adamant||M|||50|]Farigiraf||SitrusBerry|ArmorTail|Roar,TwinBeam,TrickRoom,EnergyBall|Bold||M|||50|]Sylveon||FairyFeather|Pixilate|HyperVoice,Protect,HyperBeam,QuickAttack|Bold||F|||50|]Charizard||CharizarditeY|Blaze|HeatWave,WeatherBall,SolarBeam,Protect|Modest||M|||50|
|showteam|p2|Crabominable||Crabominite|IronFist|MachPunch,Protect,Crabhammer,IcePunch|Brave||F|||50|]Tyranitar||Tyranitarite|SandStream|Protect,RockSlide,KnockOff,Earthquake|Adamant||M|||50|]Sinistcha||ColburBerry|Hospitality|MatchaGotcha,RagePowder,TrickRoom,LifeDew|Sassy|||||50|]Farigiraf||SitrusBerry|ArmorTail|TrickRoom,HelpingHand,Psychic,Protect|Sassy||M|||50|]Milotic||Leftovers|Competitive|Protect,Scald,IcyWind,AquaRing|Relaxed||F|||50|]Corviknight||SharpBeak|MirrorArmor|BraveBird,IronHead,DualWingbeat,Roost|Adamant||F|||50|
|inactive|Battle timer is ON: inactive players will automatically lose when time's up. (requested by FERA kApset)
|inactive|FERA kApset has 60 seconds left.
|inactive|asdasdasdss has 60 seconds left.
|
|t:|1782432103
|teamsize|p1|4
|teamsize|p2|4
|start
|switch|p1a: Aerodactyl|Aerodactyl, L50, F|100/100
|switch|p1b: Garchomp|Garchomp, L50, F|100/100
|switch|p2a: Farigiraf|Farigiraf, L50, M|100/100
|switch|p2b: Tyranitar|Tyranitar, L50, M|100/100
|-ability|p1a: Aerodactyl|Unnerve
|-weather|Sandstorm|[from] ability: Sand Stream|[of] p2b: Tyranitar
|turn|1
|inactive|FERA kApset has 30 seconds left.
|
|t:|1782432130
|detailschange|p1a: Aerodactyl|Aerodactyl-Mega, L50, F
|-mega|p1a: Aerodactyl|Aerodactyl|Aerodactylite
|move|p2b: Tyranitar|Protect|p2b: Tyranitar
|-singleturn|p2b: Tyranitar|Protect
|move|p1a: Aerodactyl|Dual Wingbeat|p2a: Farigiraf
|-damage|p2a: Farigiraf|75/100
|-damage|p2a: Farigiraf|49/100
|-enditem|p2a: Farigiraf|Sitrus Berry|[eat]
|-heal|p2a: Farigiraf|74/100|[from] item: Sitrus Berry
|-hitcount|p2a: Farigiraf|2
|move|p1b: Garchomp|Earthquake|p2a: Farigiraf|[spread] p2a
|-activate|p2b: Tyranitar|move: Protect
|-immune|p1a: Aerodactyl
|-damage|p2a: Farigiraf|14/100
|-damage|p1b: Garchomp|90/100|[from] item: Life Orb
|move|p2a: Farigiraf|Trick Room|p2a: Farigiraf
|-fieldstart|move: Trick Room|[of] p2a: Farigiraf
|
|-weather|Sandstorm|[upkeep]
|-damage|p2a: Farigiraf|7/100|[from] Sandstorm
|upkeep
|turn|2
|inactive|FERA kApset has 30 seconds left.
|
|t:|1782432157
|move|p2a: Farigiraf|Helping Hand|p2b: Tyranitar
|-singleturn|p2b: Tyranitar|Helping Hand|[of] p2a: Farigiraf
|move|p1a: Aerodactyl|Protect|p1a: Aerodactyl
|-singleturn|p1a: Aerodactyl|Protect
|move|p2b: Tyranitar|Rock Slide|p1b: Garchomp|[spread] p1b
|-activate|p1a: Aerodactyl|move: Protect
|-resisted|p1b: Garchomp|1
|-damage|p1b: Garchomp|69/100
|move|p1b: Garchomp|Earthquake|p2b: Tyranitar|[spread] p2a,p2b
|-activate|p1a: Aerodactyl|move: Protect
|-supereffective|p2b: Tyranitar|1
|-damage|p2a: Farigiraf|0 fnt
|-damage|p2b: Tyranitar|12/100
|faint|p2a: Farigiraf
|-damage|p1b: Garchomp|59/100|[from] item: Life Orb
|
|-weather|Sandstorm|[upkeep]
|upkeep
|
|t:|1782432172
|switch|p2a: Milotic|Milotic, L50, F|100/100
|turn|3
|
|t:|1782432188
|detailschange|p2b: Tyranitar|Tyranitar-Mega, L50, M
|-mega|p2b: Tyranitar|Tyranitar|Tyranitarite
|move|p1b: Garchomp|Protect|p1b: Garchomp
|-singleturn|p1b: Garchomp|Protect
|move|p2a: Milotic|Aqua Ring|p2a: Milotic
|-start|p2a: Milotic|Aqua Ring
|move|p2b: Tyranitar|Rock Slide|p1a: Aerodactyl|[spread] p1a
|-activate|p1b: Garchomp|move: Protect
|-supereffective|p1a: Aerodactyl|1
|-damage|p1a: Aerodactyl|18/100
|move|p1a: Aerodactyl|Rock Slide|p2a: Milotic|[spread] p2a
|-miss|p1a: Aerodactyl|p2b: Tyranitar
|-damage|p2a: Milotic|74/100
|
|-weather|Sandstorm|[upkeep]
|-damage|p2a: Milotic|68/100|[from] Sandstorm
|-heal|p2a: Milotic|74/100|[from] item: Leftovers
|-heal|p2a: Milotic|80/100|[from] Aqua Ring
|upkeep
|turn|4
|inactive|FERA kApset has 30 seconds left.
|inactive|asdasdasdss has 30 seconds left.
|inactive|asdasdasdss has 20 seconds left.
|inactive|asdasdasdss has 15 seconds left.
|inactive|asdasdasdss has 10 seconds left.
|
|t:|1782432238
|move|p2b: Tyranitar|Protect|p2b: Tyranitar
|-singleturn|p2b: Tyranitar|Protect
|move|p2a: Milotic|Icy Wind|p1a: Aerodactyl|[spread] p1a,p1b
|-supereffective|p1a: Aerodactyl|1
|-supereffective|p1b: Garchomp|2
|-damage|p1a: Aerodactyl|2/100
|-damage|p1b: Garchomp|17/100
|-unboost|p1a: Aerodactyl|spe|1
|-unboost|p1b: Garchomp|spe|1
|move|p1b: Garchomp|Earthquake|p2a: Milotic|[spread] p2a
|-activate|p2b: Tyranitar|move: Protect
|-immune|p1a: Aerodactyl
|-damage|p2a: Milotic|23/100
|-damage|p1b: Garchomp|7/100|[from] item: Life Orb
|move|p1a: Aerodactyl|Tailwind|p1a: Aerodactyl
|-sidestart|p1: FERA kApset|move: Tailwind
|
|-weather|Sandstorm|[upkeep]
|-damage|p2a: Milotic|17/100|[from] Sandstorm
|-heal|p2a: Milotic|23/100|[from] item: Leftovers
|-heal|p2a: Milotic|29/100|[from] Aqua Ring
|upkeep
|turn|5
|
|t:|1782432262
|switch|p1b: Kingambit|Kingambit, L50, M|100/100
|move|p1a: Aerodactyl|Protect|p1a: Aerodactyl
|-singleturn|p1a: Aerodactyl|Protect
|move|p2a: Milotic|Icy Wind|p1b: Kingambit|[spread] p1b
|-activate|p1a: Aerodactyl|move: Protect
|-resisted|p1b: Kingambit|1
|-damage|p1b: Kingambit|93/100
|-unboost|p1b: Kingambit|spe|1
|-ability|p1b: Kingambit|Defiant|boost
|-boost|p1b: Kingambit|atk|2
|move|p2b: Tyranitar|Rock Slide|p1a: Aerodactyl|[spread] 
|-activate|p1a: Aerodactyl|move: Protect
|-miss|p2b: Tyranitar|p1b: Kingambit
|
|-weather|none
|-heal|p2a: Milotic|35/100|[from] item: Leftovers
|-heal|p2a: Milotic|41/100|[from] Aqua Ring
|-fieldend|move: Trick Room
|upkeep
|turn|6
|inactive|FERA kApset has 30 seconds left.
|inactive|asdasdasdss has 30 seconds left.
|
|t:|1782432293
|move|p2a: Milotic|Protect|p2a: Milotic
|-singleturn|p2a: Milotic|Protect
|move|p1a: Aerodactyl|Rock Slide|p2a: Milotic|[spread] p2b
|-activate|p2a: Milotic|move: Protect
|-damage|p2b: Tyranitar|0 fnt
|faint|p2b: Tyranitar
|move|p1b: Kingambit|Kowtow Cleave|p2a: Milotic
|-activate|p2a: Milotic|move: Protect
|
|-heal|p2a: Milotic|47/100|[from] item: Leftovers
|-heal|p2a: Milotic|53/100|[from] Aqua Ring
|upkeep
|
|t:|1782432304
|switch|p2b: Corviknight|Corviknight, L50, F|100/100
|turn|7
|
|t:|1782432318
|move|p1a: Aerodactyl|Rock Slide|p2a: Milotic|[spread] p2a,p2b
|-damage|p2a: Milotic|29/100
|-damage|p2b: Corviknight|78/100
|move|p1b: Kingambit|Kowtow Cleave|p2b: Corviknight
|-damage|p2b: Corviknight|4/100
|move|p2a: Milotic|Icy Wind|p1a: Aerodactyl|[spread] p1a,p1b
|-supereffective|p1a: Aerodactyl|1
|-resisted|p1b: Kingambit|1
|-damage|p1a: Aerodactyl|0 fnt
|-damage|p1b: Kingambit|87/100
|-unboost|p1b: Kingambit|spe|1
|-ability|p1b: Kingambit|Defiant|boost
|-boost|p1b: Kingambit|atk|2
|faint|p1a: Aerodactyl
|cant|p2b: Corviknight|flinch
|
|-heal|p2a: Milotic|35/100|[from] item: Leftovers
|-heal|p2a: Milotic|41/100|[from] Aqua Ring
|-sideend|p1: FERA kApset|move: Tailwind
|upkeep
|
|t:|1782432338
|switch|p1a: Sylveon|Sylveon, L50, F|100/100
|turn|8
|
|t:|1782432359
|move|p1a: Sylveon|Quick Attack|p2b: Corviknight
|-resisted|p2b: Corviknight|1
|-damage|p2b: Corviknight|0 fnt
|faint|p2b: Corviknight
|move|p2a: Milotic|Icy Wind|p1b: Kingambit|[spread] p1a,p1b
|-resisted|p1b: Kingambit|1
|-damage|p1a: Sylveon|90/100
|-damage|p1b: Kingambit|81/100
|-unboost|p1a: Sylveon|spe|1
|-unboost|p1b: Kingambit|spe|1
|-ability|p1b: Kingambit|Defiant|boost
|-boost|p1b: Kingambit|atk|2
|move|p1b: Kingambit|Kowtow Cleave|p2a: Milotic
|-damage|p2a: Milotic|0 fnt
|faint|p2a: Milotic
|
|win|FERA kApset
