|j|☆AirBloom
|j|☆raksbach
|html|AirBloomraksbach    
|uhtml|bestof|Game 3 of a best-of-3
|t:|1783346087
|gametype|doubles
|player|p1|AirBloom|sabrina|1205
|player|p2|raksbach|102|1264
|gen|9
|tier|[Gen 9 Champions] VGC 2026 Reg M-B (Bo3)
|rated|
|rule|Species Clause: Limit one of each Pokémon
|rule|Item Clause: Limit 1 of each item
|clearpoke
|poke|p1|Pelipper, L50, M|
|poke|p1|Archaludon, L50, M|
|poke|p1|Raichu, L50, F|
|poke|p1|Basculegion, L50, M|
|poke|p1|Venusaur, L50, F|
|poke|p1|Grimmsnarl, L50, M, shiny|
|poke|p2|Incineroar, L50, M|
|poke|p2|Maushold, L50|
|poke|p2|Sinistcha, L50|
|poke|p2|Sneasler, L50, F|
|poke|p2|Blastoise, L50, F|
|poke|p2|Delphox, L50, M|
|teampreview|4
|showteam|p1|Pelipper||SitrusBerry|Drizzle|Hurricane,WeatherBall,Tailwind,WideGuard|Timid||M|||50|]Archaludon||Leftovers|Stamina|DragonPulse,FlashCannon,ElectroShot,Protect|Modest||M|||50|]Raichu||RaichuniteY|LightningRod|FakeOut,PlayRough,ZapCannon,VoltSwitch|Timid||F|||50|]Basculegion||ChoiceScarf|Adaptability|LastRespects,WaveCrash,FlipTurn,AquaJet|Jolly||M|||50|]Venusaur||Venusaurite|Overgrow|GigaDrain,Protect,LeechSeed,SludgeBomb|Modest||F|||50|]Grimmsnarl||LightClay|Prankster|Reflect,LightScreen,PartingShot,SpiritBreak|Careful||M|||50|
|showteam|p2|Incineroar||SitrusBerry|Intimidate|FakeOut,FlareBlitz,DarkestLariat,PartingShot|Impish||M|||50|]Maushold||ChopleBerry|FriendGuard|SuperFang,Feint,FollowMe,Protect|Impish|||||50|]Sinistcha||OccaBerry|Hospitality|MatchaGotcha,LifeDew,RagePowder,Protect|Bold|||||50|]Sneasler||FocusSash|PoisonTouch|FakeOut,CloseCombat,DireClaw,QuickGuard|Jolly||F|||50|]Blastoise||Blastoisinite|Torrent|WaterSpout,DarkPulse,ShellSmash,Protect|Modest||F|||50|]Delphox||Delphoxite|Blaze|HeatWave,Psychic,NastyPlot,Protect|Timid||M|||50|
|inactive|Battle timer is ON: inactive players will automatically lose when time's up. (requested by raksbach)
|inactive|AirBloom has 60 seconds left.
|inactive|raksbach has 60 seconds left.
|
|t:|1783346143
|teamsize|p1|4
|teamsize|p2|4
|start
|switch|p1a: Grimmsnarl|Grimmsnarl, L50, M, shiny|100/100
|switch|p1b: Raichu|Raichu, L50, F|100/100
|switch|p2a: Sneasler|Sneasler, L50, F|100/100
|switch|p2b: Incineroar|Incineroar, L50, M|100/100
|-ability|p2b: Incineroar|Intimidate|boost
|-unboost|p1a: Grimmsnarl|atk|1
|-unboost|p1b: Raichu|atk|1
|turn|1
|inactive|raksbach has 30 seconds left.
|
|t:|1783346172
|detailschange|p1b: Raichu|Raichu-Mega-Y, L50, F
|-mega|p1b: Raichu|Raichu|Raichunite Y
|move|p1b: Raichu|Fake Out|p2a: Sneasler
|-damage|p2a: Sneasler|89/100
|move|p2b: Incineroar|Fake Out|p1b: Raichu
|-damage|p1b: Raichu|75/100
|move|p1a: Grimmsnarl|Parting Shot|p2a: Sneasler
|-unboost|p2a: Sneasler|atk|1
|-unboost|p2a: Sneasler|spa|1
|
|t:|1783346192
|switch|p1a: Pelipper|Pelipper, L50, M|100/100|[from] Parting Shot
|-weather|RainDance|[from] ability: Drizzle|[of] p1a: Pelipper
|cant|p2a: Sneasler|flinch
|
|-weather|RainDance|[upkeep]
|upkeep
|turn|2
|
|t:|1783346212
|move|p1b: Raichu|Volt Switch|p2a: Sneasler
|-damage|p2a: Sneasler|29/100
|
|t:|1783346216
|switch|p1b: Grimmsnarl|Grimmsnarl, L50, M, shiny|100/100|[from] Volt Switch
|move|p2a: Sneasler|Close Combat|p1b: Grimmsnarl
|-damage|p1b: Grimmsnarl|54/100
|-unboost|p2a: Sneasler|def|1
|-unboost|p2a: Sneasler|spd|1
|-status|p1b: Grimmsnarl|psn|[from] ability: Poison Touch|[of] p2a: Sneasler
|move|p1a: Pelipper|Tailwind|p1a: Pelipper
|-sidestart|p1: AirBloom|move: Tailwind
|move|p2b: Incineroar|Parting Shot|p1a: Pelipper
|-unboost|p1a: Pelipper|atk|1
|-unboost|p1a: Pelipper|spa|1
|
|t:|1783346233
|switch|p2b: Delphox|Delphox, L50, M|100/100|[from] Parting Shot
|
|-weather|RainDance|[upkeep]
|-damage|p1b: Grimmsnarl|42/100 psn|[from] psn
|upkeep
|turn|3
|
|t:|1783346245
|detailschange|p2b: Delphox|Delphox-Mega, L50, M
|-mega|p2b: Delphox|Delphox|Delphoxite
|move|p2b: Delphox|Protect|p2b: Delphox
|-singleturn|p2b: Delphox|Protect
|move|p1b: Grimmsnarl|Parting Shot|p2b: Delphox
|-activate|p2b: Delphox|move: Protect
|move|p1a: Pelipper|Hurricane|p2a: Sneasler
|-supereffective|p2a: Sneasler|1
|-damage|p2a: Sneasler|0 fnt
|faint|p2a: Sneasler
|
|-weather|RainDance|[upkeep]
|-damage|p1b: Grimmsnarl|30/100 psn|[from] psn
|upkeep
|
|t:|1783346270
|switch|p2a: Sinistcha|Sinistcha, L50|100/100
|turn|4
|
|t:|1783346284
|switch|p1a: Archaludon|Archaludon, L50, M|100/100
|move|p2a: Sinistcha|Rage Powder|p2a: Sinistcha
|-singleturn|p2a: Sinistcha|move: Rage Powder
|move|p1b: Grimmsnarl|Light Screen|p1b: Grimmsnarl
|-sidestart|p1: AirBloom|move: Light Screen
|move|p2b: Delphox|Nasty Plot|p2b: Delphox
|-boost|p2b: Delphox|spa|2
|
|-weather|RainDance|[upkeep]
|-damage|p1b: Grimmsnarl|17/100 psn|[from] psn
|upkeep
|turn|5
|
|t:|1783346316
|move|p2b: Delphox|Protect|p2b: Delphox
|-singleturn|p2b: Delphox|Protect
|move|p2a: Sinistcha|Protect|p2a: Sinistcha
|-singleturn|p2a: Sinistcha|Protect
|move|p1a: Archaludon|Electro Shot||[still]
|-prepare|p1a: Archaludon|Electro Shot
|-boost|p1a: Archaludon|spa|1
|-anim|p1a: Archaludon|Electro Shot|p2b: Delphox
|-activate|p2b: Delphox|move: Protect
|move|p1b: Grimmsnarl|Spirit Break|p2a: Sinistcha
|-activate|p2a: Sinistcha|move: Protect
|
|-weather|none
|-damage|p1b: Grimmsnarl|5/100 psn|[from] psn
|-sideend|p1: AirBloom|move: Tailwind
|upkeep
|turn|6
|inactive|raksbach has 30 seconds left.
|
|t:|1783346346
|move|p2a: Sinistcha|Rage Powder|p2a: Sinistcha
|-singleturn|p2a: Sinistcha|move: Rage Powder
|move|p1b: Grimmsnarl|Parting Shot|p2a: Sinistcha
|-unboost|p2a: Sinistcha|atk|1
|-unboost|p2a: Sinistcha|spa|1
|
|t:|1783346350
|switch|p1b: Pelipper|Pelipper, L50, M|100/100|[from] Parting Shot
|-weather|RainDance|[from] ability: Drizzle|[of] p1b: Pelipper
|move|p2b: Delphox|Psychic|p1a: Archaludon
|-resisted|p1a: Archaludon|1
|-damage|p1a: Archaludon|65/100
|-ability|p1a: Archaludon|Stamina|boost
|-boost|p1a: Archaludon|def|1
|move|p1a: Archaludon|Electro Shot||[still]
|-prepare|p1a: Archaludon|Electro Shot
|-boost|p1a: Archaludon|spa|1
|-anim|p1a: Archaludon|Electro Shot|p2a: Sinistcha
|-resisted|p2a: Sinistcha|1
|-damage|p2a: Sinistcha|61/100
|
|-weather|RainDance|[upkeep]
|-heal|p1a: Archaludon|71/100|[from] item: Leftovers
|upkeep
|turn|7
|inactive|raksbach has 30 seconds left.
|
|t:|1783346385
|switch|p1b: Grimmsnarl|Grimmsnarl, L50, M, shiny|5/100 psn
|move|p2a: Sinistcha|Rage Powder|p2a: Sinistcha
|-singleturn|p2a: Sinistcha|move: Rage Powder
|move|p2b: Delphox|Psychic|p1b: Grimmsnarl
|-immune|p1b: Grimmsnarl
|move|p1a: Archaludon|Dragon Pulse|p2a: Sinistcha
|-damage|p2a: Sinistcha|0 fnt
|faint|p2a: Sinistcha
|
|-weather|RainDance|[upkeep]
|-heal|p1a: Archaludon|78/100|[from] item: Leftovers
|-damage|p1b: Grimmsnarl|0 fnt|[from] psn
|faint|p1b: Grimmsnarl
|upkeep
|
|t:|1783346396
|switch|p2a: Incineroar|Incineroar, L50, M|100/100
|switch|p1b: Raichu|Raichu-Mega-Y, L50, F|75/100
|-ability|p2a: Incineroar|Intimidate|boost
|-unboost|p1a: Archaludon|atk|1
|-unboost|p1b: Raichu|atk|1
|turn|8
|inactive|raksbach has 30 seconds left.
|
|t:|1783346427
|move|p1b: Raichu|Fake Out|p2a: Incineroar
|-damage|p2a: Incineroar|96/100
|move|p2b: Delphox|Psychic|p1a: Archaludon
|-resisted|p1a: Archaludon|1
|-damage|p1a: Archaludon|44/100
|-ability|p1a: Archaludon|Stamina|boost
|-boost|p1a: Archaludon|def|1
|move|p1a: Archaludon|Dragon Pulse|p2b: Delphox
|-damage|p2b: Delphox|30/100
|cant|p2a: Incineroar|flinch
|
|-weather|RainDance|[upkeep]
|-heal|p1a: Archaludon|50/100g|[from] item: Leftovers
|upkeep
|turn|9
|inactive|AirBloom has 30 seconds left.
|inactive|raksbach has 30 seconds left.
|
|t:|1783346464
|move|p2b: Delphox|Protect|p2b: Delphox
|-singleturn|p2b: Delphox|Protect
|move|p1b: Raichu|Zap Cannon|p2a: Incineroar
|-crit|p2a: Incineroar
|-damage|p2a: Incineroar|1/100
|-status|p2a: Incineroar|par
|-enditem|p2a: Incineroar|Sitrus Berry|[eat]
|-heal|p2a: Incineroar|25/100 par|[from] item: Sitrus Berry
|move|p1a: Archaludon|Dragon Pulse|p2a: Incineroar
|-damage|p2a: Incineroar|0 fnt
|faint|p2a: Incineroar
|
|-weather|RainDance|[upkeep]
|-heal|p1a: Archaludon|56/100|[from] item: Leftovers
|upkeep
|turn|10
|-message|raksbach forfeited.
|
|win|AirBloom
|raw|AirBloom's rating: 1205 → 1234(+29 for winning)
|raw|raksbach's rating: 1264 → 1235(-29 for losing)
