|j|☆Bergmann VGC
|j|☆ScaleMiss
|html|Bergmann VGCScaleMiss    
|uhtml|bestof|Game 2 of a best-of-3
|t:|1756667312
|gametype|doubles
|player|p1|Bergmann VGC|volkner|1329
|player|p2|ScaleMiss|harmony|1317
|gen|9
|tier|[Gen 9] VGC 2025 Reg H (Bo3)
|rated|
|rule|Species Clause: Limit one of each Pokémon
|rule|Item Clause: Limit 1 of each item
|clearpoke
|poke|p1|Charizard, L50, M|
|poke|p1|Torkoal, L50, F|
|poke|p1|Porygon2, L50|
|poke|p1|Incineroar, L50, M|
|poke|p1|Jumpluff, L50, F|
|poke|p1|Ursaluna, L50, M|
|poke|p2|Volcarona, L50, F|
|poke|p2|Rillaboom, L50, F|
|poke|p2|Gholdengo, L50|
|poke|p2|Sneasler, L50, M|
|poke|p2|Primarina, L50, M|
|poke|p2|Sinistcha-Masterpiece, L50|
|teampreview|4
|showteam|p1|Charizard||ChoiceSpecs|SolarPower|HeatWave,Overheat,WeatherBall,AirSlash|||M|||50|,,,,,Ghost]Torkoal||EjectPack|Drought|Eruption,Overheat,HelpingHand,Protect|||F|||50|,,,,,Fire]Porygon2||Eviolite|Download|TeraBlast,IceBeam,Recover,TrickRoom||||||50|,,,,,Fighting]Incineroar||SafetyGoggles|Intimidate|FlareBlitz,KnockOff,FakeOut,PartingShot|||M|||50|,,,,,Ghost]Jumpluff||CovertCloak|Chlorophyll|SleepPowder,SunnyDay,RagePowder,Tailwind|||F|||50|,,,,,Water]Ursaluna||FlameOrb|Guts|HeadlongRush,Facade,Earthquake,Protect|||M|||50|,,,,,Ghost
|showteam|p2|Volcarona||CovertCloak|FlameBody|QuiverDance,HeatWave,TeraBlast,Protect|||F|||50|,,,,,Fairy]Rillaboom||AssaultVest|GrassySurge|Uturn,WoodHammer,GrassyGlide,FakeOut|||F|||50|,,,,,Fire]Gholdengo||MetalCoat|GoodasGold|MakeItRain,ShadowBall,NastyPlot,Protect||||||50|,,,,,Dragon]Sneasler||FocusSash|Unburden|DireClaw,CloseCombat,FakeOut,Protect|||M|||50|,,,,,Stellar]Primarina||SitrusBerry|LiquidVoice|HyperVoice,Moonblast,Haze,Protect|||M|||50|,,,,,Poison]Sinistcha-Masterpiece||RockyHelmet|Hospitality|MatchaGotcha,RagePowder,TrickRoom,Imprison||||||50|,,,,,Dark
|inactive|Battle timer is ON: inactive players will automatically lose when time's up. (requested by ScaleMiss)
|
|t:|1756667329
|teamsize|p1|4
|teamsize|p2|4
|start
|switch|p1a: Musashi|Incineroar, L50, M|100/100
|switch|p1b: Shōnagon|Jumpluff, L50, F|100/100
|switch|p2a: Gholdengo|Gholdengo, L50|100/100
|switch|p2b: Sneasler|Sneasler, L50, M|100/100
|-ability|p1a: Musashi|Intimidate|boost
|-unboost|p2a: Gholdengo|atk|1
|-unboost|p2b: Sneasler|atk|1
|turn|1
|
|t:|1756667354
|-terastallize|p2a: Gholdengo|Dragon
|move|p2b: Sneasler|Fake Out|p1a: Musashi
|-damage|p1a: Musashi|90/100
|cant|p1a: Musashi|flinch
|move|p1b: Shōnagon|Sleep Powder|p2b: Sneasler|[miss]
|-miss|p1b: Shōnagon|p2b: Sneasler
|move|p2a: Gholdengo|Nasty Plot|p2a: Gholdengo
|-boost|p2a: Gholdengo|spa|2
|
|upkeep
|turn|2
|inactive|Bergmann VGC has 30 seconds left.
|
|t:|1756667381
|-terastallize|p1b: Shōnagon|Water
|move|p2b: Sneasler|Close Combat|p1a: Musashi
|-supereffective|p1a: Musashi
|-damage|p1a: Musashi|3/100
|-unboost|p2b: Sneasler|def|1
|-unboost|p2b: Sneasler|spd|1
|move|p1b: Shōnagon|Sunny Day|p1b: Shōnagon
|-weather|SunnyDay
|move|p2a: Gholdengo|Make It Rain|p1a: Musashi|[spread] p1a,p1b
|-resisted|p1a: Musashi
|-resisted|p1b: Shōnagon
|-damage|p1a: Musashi|0 fnt
|-damage|p1b: Shōnagon|39/100
|-unboost|p2a: Gholdengo|spa|1
|faint|p1a: Musashi
|
|-weather|SunnyDay|[upkeep]
|upkeep
|
|t:|1756667390
|switch|p1a: Kenshin|Charizard, L50, M, shiny|100/100
|turn|3
|
|t:|1756667405
|move|p1b: Shōnagon|Sleep Powder|p2b: Sneasler
|-status|p2b: Sneasler|slp|[from] move: Sleep Powder
|cant|p2b: Sneasler|slp
|move|p1a: Kenshin|Heat Wave|p2b: Sneasler|[spread] p2a,p2b
|-resisted|p2a: Gholdengo
|-damage|p2a: Gholdengo|47/100
|-enditem|p2b: Sneasler|Focus Sash
|-damage|p2b: Sneasler|1/100 slp
|move|p2a: Gholdengo|Shadow Ball|p1a: Kenshin
|-damage|p1a: Kenshin|22/100
|
|-weather|SunnyDay|[upkeep]
|-damage|p1a: Kenshin|10/100|[from] ability: Solar Power|[of] p1a: Kenshin
|upkeep
|turn|4
|
|t:|1756667419
|move|p2a: Gholdengo|Protect|p2a: Gholdengo
|-singleturn|p2a: Gholdengo|Protect
|cant|p2b: Sneasler|slp
|move|p1b: Shōnagon|Tailwind|p1b: Shōnagon
|-sidestart|p1: Bergmann VGC|move: Tailwind
|move|p1a: Kenshin|Heat Wave|p2a: Gholdengo|[spread] p2b
|-activate|p2a: Gholdengo|move: Protect
|-damage|p2b: Sneasler|0 fnt
|faint|p2b: Sneasler
|
|-weather|SunnyDay|[upkeep]
|-damage|p1a: Kenshin|0 fnt|[from] ability: Solar Power|[of] p1a: Kenshin
|faint|p1a: Kenshin
|upkeep
|
|t:|1756667426
|switch|p2b: Sinistcha|Sinistcha-Masterpiece, L50|100/100
|switch|p1a: Koshamain|Ursaluna, L50, M|100/100
|-heal|p2a: Gholdengo|72/100|[from] ability: Hospitality|[of] p2b: Sinistcha
|turn|5
|-message|Bergmann VGC forfeited.
|
|win|ScaleMiss
|raw|Bergmann VGC's rating: 1329 → 1308(-21 for losing)
|raw|ScaleMiss's rating: 1317 → 1338(+21 for winning)
|c|☆ScaleMiss|gg
