|j|☆taillow40
|j|☆roman_legend
|html|taillow40roman_legend    
|uhtml|bestof|Game 2 of a best-of-3
|t:|1756914843
|gametype|doubles
|player|p1|taillow40|170|1027
|player|p2|roman_legend|nate-masters|1080
|gen|9
|tier|[Gen 9] VGC 2025 Reg H (Bo3)
|rated|
|rule|Species Clause: Limit one of each Pokémon
|rule|Item Clause: Limit 1 of each item
|clearpoke
|poke|p1|Pelipper, L50, F|
|poke|p1|Archaludon, L50, M|
|poke|p1|Raichu, L50, M|
|poke|p1|Primarina, L50, M|
|poke|p1|Indeedee-F, L50, F|
|poke|p1|Gyarados, L50, F|
|poke|p2|Gholdengo, L50|
|poke|p2|Sneasler, L50, M|
|poke|p2|Rillaboom, L50, M|
|poke|p2|Dragonite, L50, M|
|poke|p2|Ninetales-Alola, L50, F|
|poke|p2|Arcanine-Hisui, L50, M|
|teampreview|4
|showteam|p1|Pelipper||FocusSash|Drizzle|Uturn,Tailwind,Hurricane,Protect|||F|||50|,,,,,Water]Archaludon||LifeOrb|Stamina|ElectroShot,FlashCannon,DragonPulse,Protect|||M|||50|,,,,,Steel]Raichu||SitrusBerry|LightningRod|Protect,FakeOut,Nuzzle,VoltSwitch|||M|||50|,,,,,Electric]Primarina||AssaultVest|LiquidVoice|HyperVoice,Moonblast,DazzlingGleam,LightScreen|||M|||50|,,,,,Water]Indeedee-F||MentalHerb|PsychicSurge|TrickRoom,Psychic,SkillSwap,HelpingHand|||F|||50|,,,,,Psychic]Gyarados||Leftovers|Intimidate|TeraBlast,Protect,DragonDance,Waterfall|||F|||50|,,,,,Flying
|showteam|p2|Gholdengo||GrassySeed|GoodasGold|NastyPlot,MakeItRain,ShadowBall,Protect||||||50|,,,,,Water]Sneasler||WhiteHerb|Unburden|CloseCombat,DireClaw,Coaching,Protect|||M|||50|,,,,,Ghost]Rillaboom||AssaultVest|GrassySurge|FakeOut,GrassyGlide,DrumBeating,HighHorsepower|||M|||50|,,,,,Fire]Dragonite||LoadedDice|Multiscale|ScaleShot,StompingTantrum,Tailwind,Protect|||M|||50|,,,,,Ground]Ninetales-Alola||FocusSash|SnowWarning|Blizzard,IcyWind,Encore,AuroraVeil|||F|||50|,,,,,Ghost]Arcanine-Hisui||ClearAmulet|Intimidate|RockSlide,FlareBlitz,ExtremeSpeed,Protect|||M|||50|,,,,,Water
|inactive|Battle timer is ON: inactive players will automatically lose when time's up. (requested by taillow40)
|inactive|taillow40 has 60 seconds left.
|inactive|taillow40 has 30 seconds left.
|inactive|taillow40 has 20 seconds left.
|
|t:|1756914916
|teamsize|p1|4
|teamsize|p2|4
|start
|switch|p1a: Primarina|Primarina, L50, M|100/100
|switch|p1b: Gyarados|Gyarados, L50, F|100/100
|switch|p2a: Gholdengo|Gholdengo, L50, shiny|100/100
|switch|p2b: Rillaboom|Rillaboom, L50, M|100/100
|-fieldstart|move: Grassy Terrain|[from] ability: Grassy Surge|[of] p2b: Rillaboom
|-enditem|p2a: Gholdengo|Grassy Seed
|-boost|p2a: Gholdengo|def|1|[from] item: Grassy Seed
|-ability|p1b: Gyarados|Intimidate|boost
|-unboost|p2a: Gholdengo|atk|1
|-unboost|p2b: Rillaboom|atk|1
|turn|1
|inactive|taillow40 has 30 seconds left.
|inactive|roman_legend has 30 seconds left.
|
|t:|1756914945
|switch|p1b: Pelipper|Pelipper, L50, F|100/100
|-weather|RainDance|[from] ability: Drizzle|[of] p1b: Pelipper
|move|p2b: Rillaboom|Drum Beating|p1a: Primarina
|-supereffective|p1a: Primarina
|-damage|p1a: Primarina|0 fnt
|faint|p1a: Primarina
|move|p2a: Gholdengo|Shadow Ball|p1b: Pelipper
|-damage|p1b: Pelipper|56/100
|
|-weather|RainDance|[upkeep]
|upkeep
|
|t:|1756914958
|switch|p1a: Archaludon|Archaludon, L50, M|100/100
|turn|2
|j| takua1495
|inactive|taillow40 has 30 seconds left.
|inactive|roman_legend has 30 seconds left.
|inactive|roman_legend has 20 seconds left.
|
|t:|1756914996
|switch|p2b: Ninetales|Ninetales-Alola, L50, F|100/100
|-weather|Snowscape|[from] ability: Snow Warning|[of] p2b: Ninetales
|move|p1b: Pelipper|Protect|p1b: Pelipper
|-singleturn|p1b: Pelipper|Protect
|move|p2a: Gholdengo|Shadow Ball|p1b: Pelipper
|-activate|p1b: Pelipper|move: Protect
|move|p1a: Archaludon|Electro Shot||[still]
|-prepare|p1a: Archaludon|Electro Shot
|-boost|p1a: Archaludon|spa|1
|
|-weather|Snowscape|[upkeep]
|upkeep
|turn|3
|
|t:|1756915018
|move|p2a: Gholdengo|Protect|p2a: Gholdengo
|-singleturn|p2a: Gholdengo|Protect
|move|p2b: Ninetales|Encore|p1b: Pelipper
|-start|p1b: Pelipper|Encore
|move|p1a: Archaludon|Electro Shot|p2a: Gholdengo|[from] lockedmove
|-activate|p2a: Gholdengo|move: Protect
|move|p1b: Pelipper|Protect||[still]
|-fail|p1b: Pelipper
|
|-weather|Snowscape|[upkeep]
|upkeep
|turn|4
|
|t:|1756915035
|switch|p1b: Gyarados|Gyarados, L50, F|100/100
|-ability|p1b: Gyarados|Intimidate|boost
|-unboost|p2a: Gholdengo|atk|1
|-unboost|p2b: Ninetales|atk|1
|move|p2b: Ninetales|Encore|p1a: Archaludon
|-start|p1a: Archaludon|Encore
|move|p2a: Gholdengo|Nasty Plot|p2a: Gholdengo
|-boost|p2a: Gholdengo|spa|2
|move|p1a: Archaludon|Electro Shot||[still]
|-prepare|p1a: Archaludon|Electro Shot
|-boost|p1a: Archaludon|spa|1
|
|-weather|Snowscape|[upkeep]
|upkeep
|turn|5
|
|t:|1756915055
|switch|p2b: Rillaboom|Rillaboom, L50, M|100/100
|switch|p1b: Pelipper|Pelipper, L50, F|56/100
|-weather|RainDance|[from] ability: Drizzle|[of] p1b: Pelipper
|move|p2a: Gholdengo|Protect|p2a: Gholdengo
|-singleturn|p2a: Gholdengo|Protect
|move|p1a: Archaludon|Electro Shot|p2a: Gholdengo|[from] lockedmove
|-activate|p2a: Gholdengo|move: Protect
|
|-weather|RainDance|[upkeep]
|-fieldend|move: Grassy Terrain
|upkeep
|turn|6
|inactive|taillow40 has 30 seconds left.
|inactive|taillow40 has 20 seconds left.
|inactive|roman_legend has 30 seconds left.
|
|t:|1756915091
|move|p2b: Rillaboom|Drum Beating|p1a: Archaludon
|-resisted|p1a: Archaludon
|-damage|p1a: Archaludon|94/100
|-unboost|p1a: Archaludon|spe|1
|-ability|p1a: Archaludon|Stamina|boost
|-boost|p1a: Archaludon|def|1
|move|p2a: Gholdengo|Shadow Ball|p1b: Pelipper
|-damage|p1b: Pelipper|0 fnt
|faint|p1b: Pelipper
|move|p1a: Archaludon|Electro Shot||[still]
|-prepare|p1a: Archaludon|Electro Shot
|-boost|p1a: Archaludon|spa|1
|-anim|p1a: Archaludon|Electro Shot|p2a: Gholdengo
|-damage|p2a: Gholdengo|0 fnt
|faint|p2a: Gholdengo
|-damage|p1a: Archaludon|84/100|[from] item: Life Orb
|
|-weather|RainDance|[upkeep]
|-end|p1a: Archaludon|Encore
|upkeep
|
|t:|1756915107
|switch|p2a: Ninetales|Ninetales-Alola, L50, F|100/100
|switch|p1b: Gyarados|Gyarados, L50, F|100/100
|-weather|Snowscape|[from] ability: Snow Warning|[of] p2a: Ninetales
|-ability|p1b: Gyarados|Intimidate|boost
|-unboost|p2a: Ninetales|atk|1
|-unboost|p2b: Rillaboom|atk|1
|turn|7
|
|t:|1756915127
|-terastallize|p1b: Gyarados|Flying
|move|p2a: Ninetales|Encore|p1a: Archaludon
|-start|p1a: Archaludon|Encore
|move|p2b: Rillaboom|Drum Beating|p1b: Gyarados
|-resisted|p1b: Gyarados
|-damage|p1b: Gyarados|90/100
|-unboost|p1b: Gyarados|spe|1
|move|p1a: Archaludon|Electro Shot||[still]
|-prepare|p1a: Archaludon|Electro Shot
|-boost|p1a: Archaludon|spa|1
|move|p1b: Gyarados|Tera Blast|p2b: Rillaboom|[anim] Tera Blast Flying
|-supereffective|p2b: Rillaboom
|-damage|p2b: Rillaboom|0 fnt
|faint|p2b: Rillaboom
|
|-weather|Snowscape|[upkeep]
|-heal|p1b: Gyarados|96/100|[from] item: Leftovers
|upkeep
|
|t:|1756915136
|switch|p2b: Sneasler|Sneasler, L50, M, shiny|100/100
|turn|8
|j| Yankiken
|l| Yankiken
|
|t:|1756915154
|move|p2a: Ninetales|Blizzard|p1a: Archaludon|[spread] p1a,p1b
|-crit|p1a: Archaludon
|-supereffective|p1b: Gyarados
|-damage|p1a: Archaludon|14/100
|-damage|p1b: Gyarados|35/100
|-ability|p1a: Archaludon|Stamina|boost
|-boost|p1a: Archaludon|def|1
|move|p2b: Sneasler|Close Combat|p1a: Archaludon
|-supereffective|p1a: Archaludon
|-crit|p1a: Archaludon
|-damage|p1a: Archaludon|0 fnt
|-unboost|p2b: Sneasler|def|1
|-unboost|p2b: Sneasler|spd|1
|faint|p1a: Archaludon
|-enditem|p2b: Sneasler|White Herb
|-clearnegativeboost|p2b: Sneasler|[silent]
|move|p1b: Gyarados|Tera Blast|p2b: Sneasler|[anim] Tera Blast Flying
|-supereffective|p2b: Sneasler
|-damage|p2b: Sneasler|0 fnt
|faint|p2b: Sneasler
|
|-weather|Snowscape|[upkeep]
|-heal|p1b: Gyarados|41/100|[from] item: Leftovers
|upkeep
|turn|9
|inactive|taillow40 has 30 seconds left.
|
|t:|1756915188
|move|p2a: Ninetales|Blizzard|p1b: Gyarados
|-supereffective|p1b: Gyarados
|-damage|p1b: Gyarados|0 fnt
|faint|p1b: Gyarados
|
|win|roman_legend
|raw|taillow40's rating: 1027 → 1015(-12 for losing)
|raw|roman_legend's rating: 1080 → 1104(+24 for winning)
