|j|☆mattorfo
|j|☆Njstinks
|html|mattorfoNjstinks    
|uhtml|bestof|Game 3 of a best-of-3
|t:|1756917879
|gametype|doubles
|player|p1|mattorfo|backersf|1247
|player|p2|Njstinks|170|1327
|gen|9
|tier|[Gen 9] VGC 2025 Reg H (Bo3)
|rated|
|rule|Species Clause: Limit one of each Pokémon
|rule|Item Clause: Limit 1 of each item
|clearpoke
|poke|p1|Gholdengo, L50|
|poke|p1|Sneasler, L50, M|
|poke|p1|Rillaboom, L50, M|
|poke|p1|Dragonite, L50, M|
|poke|p1|Ninetales-Alola, L50, F|
|poke|p1|Arcanine-Hisui, L50, F|
|poke|p2|Sneasler, L50, F|
|poke|p2|Dondozo, L50, M|
|poke|p2|Tatsugiri, L50, F|
|poke|p2|Indeedee, L50, M|
|poke|p2|Excadrill, L50, F|
|poke|p2|Tyranitar, L50, F|
|teampreview|4
|showteam|p1|Gholdengo||GrassySeed|GoodasGold|NastyPlot,MakeItRain,ShadowBall,Protect||||||50|,,,,,Water]Sneasler||WhiteHerb|Unburden|CloseCombat,DireClaw,Coaching,Protect|||M|||50|,,,,,Ghost]Rillaboom||AssaultVest|GrassySurge|FakeOut,GrassyGlide,DrumBeating,HighHorsepower|||M|||50|,,,,,Fire]Dragonite||LoadedDice|Multiscale|ScaleShot,StompingTantrum,Tailwind,Haze|||M|||50|,,,,,Ground]Ninetales-Alola||FocusSash|SnowWarning|Blizzard,IcyWind,Encore,AuroraVeil|||F|||50|,,,,,Ghost]Arcanine-Hisui||ClearAmulet|Intimidate|RockSlide,FlareBlitz,ExtremeSpeed,Protect|||F|||50|,,,,,Water
|showteam|p2|Sneasler||PsychicSeed|Unburden|DireClaw,CloseCombat,Protect,ThroatChop|||F|||50|,,,,,Dark]Dondozo||Leftovers|Unaware|WaveCrash,HeavySlam,OrderUp,Protect|||M|||50|,,,,,Grass]Tatsugiri||FocusSash|Commander|DracoMeteor,MuddyWater,IcyWind,Protect|||F|||50|,,,,,Stellar]Indeedee||ChoiceScarf|PsychicSurge|ExpandingForce,ShadowBall,Trick,Protect|||M|||50|,,,,,Psychic]Excadrill||ClearAmulet|SandRush|Earthquake,IronHead,HighHorsepower,Protect|||F|||50|,,,,,Ground]Tyranitar||AssaultVest|SandStream|RockSlide,KnockOff,LowKick,TeraBlast|||F|||50|,,,,,Flying
|inactive|Battle timer is ON: inactive players will automatically lose when time's up. (requested by mattorfo)
|j| teamthief420
|inactive|Njstinks has 60 seconds left.
|
|t:|1756917924
|teamsize|p1|4
|teamsize|p2|4
|start
|switch|p1a: Rillaboom|Rillaboom, L50, M|100/100
|switch|p1b: Dragonite|Dragonite, L50, M|100/100
|switch|p2a: Excadrill|Excadrill, L50, F|100/100
|switch|p2b: Tyranitar|Tyranitar, L50, F|100/100
|-fieldstart|move: Grassy Terrain|[from] ability: Grassy Surge|[of] p1a: Rillaboom
|-weather|Sandstorm|[from] ability: Sand Stream|[of] p2b: Tyranitar
|turn|1
|
|t:|1756917942
|switch|p1b: Ninetales|Ninetales-Alola, L50, F|100/100
|-weather|Snowscape|[from] ability: Snow Warning|[of] p1b: Ninetales
|-terastallize|p2b: Tyranitar|Flying
|move|p1a: Rillaboom|Fake Out|p2a: Excadrill
|-resisted|p2a: Excadrill
|-damage|p2a: Excadrill|92/100
|cant|p2a: Excadrill|flinch
|move|p2b: Tyranitar|Rock Slide|p1a: Rillaboom|[spread] p1a,p1b
|-crit|p1a: Rillaboom
|-supereffective|p1b: Ninetales
|-damage|p1a: Rillaboom|53/100
|-damage|p1b: Ninetales|40/100
|
|-weather|Snowscape|[upkeep]
|-heal|p1b: Ninetales|46/100|[from] Grassy Terrain
|-heal|p2a: Excadrill|98/100|[from] Grassy Terrain
|-heal|p1a: Rillaboom|59/100|[from] Grassy Terrain
|upkeep
|turn|2
|
|t:|1756917960
|move|p1b: Ninetales|Blizzard|p2b: Tyranitar|[spread] p2a,p2b
|-supereffective|p2b: Tyranitar
|-damage|p2a: Excadrill|57/100
|-damage|p2b: Tyranitar|65/100
|move|p2a: Excadrill|Iron Head|p1a: Rillaboom
|-damage|p1a: Rillaboom|12/100
|move|p1a: Rillaboom|Drum Beating|p2a: Excadrill
|-damage|p2a: Excadrill|0 fnt
|faint|p2a: Excadrill
|move|p2b: Tyranitar|Rock Slide|p1b: Ninetales|[spread] p1a
|-miss|p2b: Tyranitar|p1b: Ninetales
|-damage|p1a: Rillaboom|0 fnt
|faint|p1a: Rillaboom
|
|-weather|Snowscape|[upkeep]
|-heal|p1b: Ninetales|52/100|[from] Grassy Terrain
|upkeep
|
|t:|1756917972
|switch|p2a: Dondozo|Dondozo, L50, M|100/100
|switch|p1a: Sneasler|Sneasler, L50, M|100/100
|turn|3
|
|t:|1756917985
|move|p2a: Dondozo|Protect|p2a: Dondozo
|-singleturn|p2a: Dondozo|Protect
|move|p1b: Ninetales|Aurora Veil|p1b: Ninetales
|-sidestart|p1: mattorfo|move: Aurora Veil
|move|p1a: Sneasler|Dire Claw|p2a: Dondozo
|-activate|p2a: Dondozo|move: Protect
|move|p2b: Tyranitar|Tera Blast|p1a: Sneasler|[anim] Tera Blast Flying
|-supereffective|p1a: Sneasler
|-damage|p1a: Sneasler|21/100
|
|-weather|Snowscape|[upkeep]
|-heal|p1b: Ninetales|58/100|[from] Grassy Terrain
|-heal|p1a: Sneasler|27/100|[from] Grassy Terrain
|upkeep
|turn|4
|
|t:|1756918003
|switch|p2a: Tatsugiri|Tatsugiri, L50, F|100/100
|move|p1b: Ninetales|Encore||[still]
|-fail|p1b: Ninetales
|move|p1a: Sneasler|Dire Claw|p2b: Tyranitar
|-damage|p2b: Tyranitar|32/100
|-status|p2b: Tyranitar|psn
|move|p2b: Tyranitar|Rock Slide|p1a: Sneasler|[spread] p1a,p1b
|-resisted|p1a: Sneasler
|-supereffective|p1b: Ninetales
|-damage|p1a: Sneasler|12/100
|-damage|p1b: Ninetales|15/100
|
|-weather|Snowscape|[upkeep]
|-heal|p1b: Ninetales|21/100|[from] Grassy Terrain
|-heal|p1a: Sneasler|19/100|[from] Grassy Terrain
|-damage|p2b: Tyranitar|20/100 psn|[from] psn
|upkeep
|turn|5
|
|t:|1756918020
|switch|p2b: Dondozo|Dondozo, L50, M|100/100
|-activate|p2a: Tatsugiri|ability: Commander|[of] p2b: Dondozo
|-boost|p2b: Dondozo|atk|2
|-boost|p2b: Dondozo|spa|2
|-boost|p2b: Dondozo|spe|2
|-boost|p2b: Dondozo|def|2
|-boost|p2b: Dondozo|spd|2
|move|p1b: Ninetales|Blizzard|p2b: Dondozo|[spread] p2b
|-miss|p1b: Ninetales|p2a: Tatsugiri
|-resisted|p2b: Dondozo
|-damage|p2b: Dondozo|92/100
|move|p1a: Sneasler|Close Combat|p2a: Tatsugiri|[miss]
|-miss|p1a: Sneasler|p2a: Tatsugiri
|
|-weather|none
|-heal|p1b: Ninetales|27/100|[from] Grassy Terrain
|-heal|p2b: Dondozo|98/100|[from] Grassy Terrain
|-heal|p2b: Dondozo|100/100|[from] item: Leftovers
|-heal|p1a: Sneasler|25/100|[from] Grassy Terrain
|-fieldend|move: Grassy Terrain
|upkeep
|turn|6
|
|t:|1756918038
|move|p1b: Ninetales|Icy Wind|p2a: Tatsugiri|[spread] p2b
|-miss|p1b: Ninetales|p2a: Tatsugiri
|-resisted|p2b: Dondozo
|-damage|p2b: Dondozo|96/100
|-unboost|p2b: Dondozo|spe|1
|move|p1a: Sneasler|Close Combat|p2b: Dondozo
|-damage|p2b: Dondozo|75/100
|-unboost|p1a: Sneasler|def|1
|-unboost|p1a: Sneasler|spd|1
|-enditem|p1a: Sneasler|White Herb
|-clearnegativeboost|p1a: Sneasler|[silent]
|move|p2b: Dondozo|Wave Crash|p1b: Ninetales
|-damage|p1b: Ninetales|0 fnt
|faint|p1b: Ninetales
|-damage|p2b: Dondozo|69/100|[from] Recoil
|
|-heal|p2b: Dondozo|75/100|[from] item: Leftovers
|upkeep
|
|t:|1756918051
|switch|p1b: Dragonite|Dragonite, L50, M|100/100
|turn|7
|
|t:|1756918061
|move|p1a: Sneasler|Dire Claw|p2b: Dondozo
|-damage|p2b: Dondozo|61/100
|move|p1b: Dragonite|Haze|p1b: Dragonite
|-clearallboost
|move|p2b: Dondozo|Wave Crash|p1a: Sneasler
|-crit|p1a: Sneasler
|-damage|p1a: Sneasler|0 fnt
|faint|p1a: Sneasler
|-damage|p2b: Dondozo|54/100|[from] Recoil
|
|-heal|p2b: Dondozo|61/100|[from] item: Leftovers
|-sideend|p1: mattorfo|move: Aurora Veil
|upkeep
|turn|8
|
|t:|1756918072
|move|p1b: Dragonite|Scale Shot|p2b: Dondozo
|-crit|p2b: Dondozo
|-damage|p2b: Dondozo|45/100
|-damage|p2b: Dondozo|34/100
|-damage|p2b: Dondozo|24/100
|-damage|p2b: Dondozo|13/100
|-damage|p2b: Dondozo|2/100
|-hitcount|p2b: Dondozo|5
|-unboost|p1b: Dragonite|def|1
|-boost|p1b: Dragonite|spe|1
|move|p2b: Dondozo|Order Up|p1b: Dragonite
|-supereffective|p1b: Dragonite
|-crit|p1b: Dragonite
|-damage|p1b: Dragonite|59/100
|-boost|p2b: Dondozo|atk|1
|
|-heal|p2b: Dondozo|8/100|[from] item: Leftovers
|upkeep
|turn|9
|
|t:|1756918087
|move|p1b: Dragonite|Stomping Tantrum|p2b: Dondozo
|-damage|p2b: Dondozo|0 fnt
|faint|p2b: Dondozo
|
|upkeep
|
|t:|1756918089
|switch|p2b: Tyranitar|Tyranitar, L50, F, tera:Flying|20/100 psn
|-weather|Sandstorm|[from] ability: Sand Stream|[of] p2b: Tyranitar
|turn|10
|
|t:|1756918101
|-terastallize|p1b: Dragonite|Ground
|move|p1b: Dragonite|Scale Shot|p2a: Tatsugiri
|-supereffective|p2a: Tatsugiri
|-crit|p2a: Tatsugiri
|-damage|p2a: Tatsugiri|15/100
|-supereffective|p2a: Tatsugiri
|-damage|p2a: Tatsugiri|0 fnt
|faint|p2a: Tatsugiri
|-hitcount|p2: Tatsugiri|2
|-unboost|p1b: Dragonite|def|1
|-boost|p1b: Dragonite|spe|1
|move|p2b: Tyranitar|Knock Off|p1b: Dragonite
|-crit|p1b: Dragonite
|-damage|p1b: Dragonite|0 fnt
|-enditem|p1b: Dragonite|Loaded Dice|[from] move: Knock Off|[of] p2b: Tyranitar
|faint|p1b: Dragonite
|
|win|Njstinks
|raw|mattorfo's rating: 1247 → 1228(-19 for losing)
|raw|Njstinks's rating: 1327 → 1342(+15 for winning)
|c|☆Njstinks|Gg
|l| teamthief420
|c|☆mattorfo|gg
