|j|☆Bailey'sSock
|j|☆baileygoodstuffs
|html|Bailey'sSockbaileygoodstuffs    
|uhtml|bestof|Game 2 of a best-of-3
|t:|1785297796
|gametype|doubles
|player|p1|Bailey'sSock|1|
|player|p2|baileygoodstuffs|1|
|gen|9
|tier|[Gen 9 Champions] VGC 2026 Reg M-B (Bo3)
|rule|Species Clause: Limit one of each Pokémon
|rule|Item Clause: Limit 1 of each item
|clearpoke
|poke|p1|Blastoise, L50, M|
|poke|p1|Delphox, L50, F, shiny|
|poke|p1|Incineroar, L50, F|
|poke|p1|Sinistcha, L50|
|poke|p1|Sneasler, L50, F|
|poke|p1|Vivillon-High Plains, L50, M|
|poke|p2|Raichu, L50, M|
|poke|p2|Gardevoir, L50, F, shiny|
|poke|p2|Espathra, L50, F, shiny|
|poke|p2|Pelipper, L50, M, shiny|
|poke|p2|Archaludon, L50, M, shiny|
|poke|p2|Garchomp, L50, M, shiny|
|teampreview|4
|showteam|p1|Blastoise||Blastoisinite|Torrent|Protect,ShellSmash,WaterSpout,DarkPulse|Modest||M|||50|]Delphox||Delphoxite|Blaze|Protect,HeatWave,Psyshock,NastyPlot|Timid||F|||50|]Incineroar||PasshoBerry|Intimidate|FakeOut,PartingShot,FlareBlitz,ThroatChop|Impish||F|||50|]Sinistcha||SitrusBerry|Hospitality|Protect,MatchaGotcha,TrickRoom,RagePowder|Bold|||||50|]Sneasler||FocusSash|PoisonTouch|QuickGuard,FakeOut,CloseCombat,DireClaw|Jolly||F|||50|]Vivillon-High Plains||ChoiceScarf|CompoundEyes|Hurricane,SleepPowder,RagePowder,Uturn|Timid||M|||50|
|showteam|p2|Raichu||RaichuniteX|LightningRod|RisingVoltage,VoltSwitch,FakeOut,Feint|Timid||M|||50|]Gardevoir||Gardevoirite|Telepathy|HyperVoice,Psychic,Gravity,Protect|Timid||F|||50|]Espathra||FocusSash|SpeedBoost|LuminaCrash,BatonPass,Hypnosis,Protect|Timid||F|||50|]Pelipper||MysticWater|Drizzle|WeatherBall,Hurricane,Tailwind,WideGuard|Timid||M|||50|]Archaludon||Leftovers|Stamina|FlashCannon,DragonPulse,ElectroShot,Protect|Calm||M|||50|]Garchomp||LifeOrb|RoughSkin|Earthquake,DragonClaw,SwordsDance,Protect|Adamant||M|||50|
|
|t:|1785297861
|teamsize|p1|4
|teamsize|p2|4
|start
|switch|p1a: Blastoise|Blastoise, L50, M|100/100
|switch|p1b: Vivillon|Vivillon-High Plains, L50, M|100/100
|switch|p2a: Gardevoir|Gardevoir, L50, F, shiny|100/100
|switch|p2b: Raichu|Raichu, L50, M|100/100
|turn|1
|
|t:|1785297958
|switch|p1a: Incineroar|Incineroar, L50, F|100/100
|-ability|p1a: Incineroar|Intimidate|boost
|-unboost|p2a: Gardevoir|atk|1
|-unboost|p2b: Raichu|atk|1
|detailschange|p2b: Raichu|Raichu-Mega-X, L50, M
|-mega|p2b: Raichu|Raichu|Raichunite X
|-fieldstart|move: Electric Terrain|[from] ability: Electric Surge|[of] p2b: Raichu
|move|p2b: Raichu|Fake Out|p1a: Incineroar
|-damage|p1a: Incineroar|94/100
|move|p1b: Vivillon|U-turn|p2b: Raichu
|-damage|p2b: Raichu|85/100
|
|t:|1785297979
|switch|p1b: Blastoise|Blastoise, L50, M|100/100|[from] U-turn
|move|p2a: Gardevoir|Psychic|p1b: Blastoise
|-damage|p1b: Blastoise|51/100
|
|upkeep
|turn|2
|
|t:|1785298080
|detailschange|p1b: Blastoise|Blastoise-Mega, L50, M
|-mega|p1b: Blastoise|Blastoise|Blastoisinite
|move|p2b: Raichu|Volt Switch|p1b: Blastoise
|-supereffective|p1b: Blastoise|1
|-damage|p1b: Blastoise|0 fnt
|faint|p1b: Blastoise
|
|t:|1785298105
|switch|p2b: Pelipper|Pelipper, L50, M, shiny|100/100|[from] Volt Switch
|-weather|RainDance|[from] ability: Drizzle|[of] p2b: Pelipper
|move|p2a: Gardevoir|Gravity|p2a: Gardevoir
|-fieldstart|move: Gravity
|move|p1a: Incineroar|Parting Shot|p2a: Gardevoir
|-unboost|p2a: Gardevoir|atk|1
|-unboost|p2a: Gardevoir|spa|1
|
|t:|1785298116
|switch|p1a: Vivillon|Vivillon-High Plains, L50, M|100/100|[from] Parting Shot
|
|-weather|RainDance|[upkeep]
|upkeep
|
|t:|1785298120
|switch|p1b: Incineroar|Incineroar, L50, F|94/100
|-ability|p1b: Incineroar|Intimidate|boost
|-unboost|p2a: Gardevoir|atk|1
|-unboost|p2b: Pelipper|atk|1
|turn|3
|
|t:|1785298162
|switch|p2a: Garchomp|Garchomp, L50, M, shiny|100/100
|move|p1b: Incineroar|Fake Out|p2b: Pelipper
|-damage|p2b: Pelipper|84/100
|move|p1a: Vivillon|Hurricane|p2b: Pelipper
|-damage|p2b: Pelipper|10/100
|cant|p2b: Pelipper|flinch
|
|-weather|RainDance|[upkeep]
|upkeep
|turn|4
|
|t:|1785298212
|move|p1a: Vivillon|Hurricane|p2b: Pelipper
|-damage|p2b: Pelipper|0 fnt
|faint|p2b: Pelipper
|move|p2a: Garchomp|Earthquake|p1b: Incineroar|[spread] p1a,p1b
|-resisted|p1a: Vivillon|1
|-supereffective|p1b: Incineroar|1
|-damage|p1a: Vivillon|41/100
|-damage|p1b: Incineroar|11/100
|-damage|p2a: Garchomp|90/100|[from] item: Life Orb
|move|p1b: Incineroar|Parting Shot|p2a: Garchomp
|-unboost|p2a: Garchomp|atk|1
|-unboost|p2a: Garchomp|spa|1
|
|t:|1785298222
|switch|p1b: Sinistcha|Sinistcha, L50|100/100|[from] Parting Shot
|-heal|p1a: Vivillon|66/100|[from] ability: Hospitality|[of] p1b: Sinistcha
|
|-weather|RainDance|[upkeep]
|upkeep
|j| 7d75fi5tci5
|
|t:|1785298259
|switch|p2b: Raichu|Raichu-Mega-X, L50, M|85/100
|turn|5
|
|t:|1785298293
|switch|p2a: Gardevoir|Gardevoir, L50, F, shiny|100/100
|switch|p1b: Incineroar|Incineroar, L50, F|11/100
|-ability|p1b: Incineroar|Intimidate|boost
|-unboost|p2a: Gardevoir|atk|1
|-unboost|p2b: Raichu|atk|1
|move|p1a: Vivillon|Hurricane|p2b: Raichu
|-resisted|p2b: Raichu|1
|-damage|p2b: Raichu|61/100
|move|p2b: Raichu|Volt Switch|p1a: Vivillon
|-supereffective|p1a: Vivillon|1
|-damage|p1a: Vivillon|0 fnt
|faint|p1a: Vivillon
|
|t:|1785298305
|switch|p2b: Garchomp|Garchomp, L50, M, shiny|90/100|[from] Volt Switch
|
|-weather|RainDance|[upkeep]
|-fieldend|move: Electric Terrain
|upkeep
|
|t:|1785298310
|switch|p1a: Sinistcha|Sinistcha, L50|100/100
|-heal|p1b: Incineroar|36/100|[from] ability: Hospitality|[of] p1a: Sinistcha
|turn|6
|
|t:|1785298404
|move|p1b: Incineroar|Fake Out|p2b: Garchomp
|-damage|p2b: Garchomp|78/100
|-damage|p1b: Incineroar|24/100|[from] ability: Rough Skin|[of] p2b: Garchomp
|move|p2a: Gardevoir|Hyper Voice|p1b: Incineroar|[spread] p1b
|-immune|p1a: Sinistcha
|-damage|p1b: Incineroar|5/100
|cant|p2b: Garchomp|flinch
|move|p1a: Sinistcha|Trick Room|p1a: Sinistcha
|-fieldstart|move: Trick Room|[of] p1a: Sinistcha
|
|-weather|none
|-fieldend|move: Gravity
|upkeep
|turn|7
|
|t:|1785298485
|move|p2b: Garchomp|Protect|p2b: Garchomp
|-singleturn|p2b: Garchomp|Protect
|move|p1b: Incineroar|Throat Chop|p2a: Gardevoir
|-damage|p2a: Gardevoir|51/100
|-start|p2a: Gardevoir|Throat Chop|[silent]
|move|p1a: Sinistcha|Matcha Gotcha|p2a: Gardevoir|[spread] p2a
|-activate|p2b: Garchomp|move: Protect
|-damage|p2a: Gardevoir|27/100
|cant|p2a: Gardevoir|move: Throat Chop
|
|upkeep
|turn|8
|
|t:|1785298510
|switch|p2b: Raichu|Raichu-Mega-X, L50, M|61/100
|-fieldstart|move: Electric Terrain|[from] ability: Electric Surge|[of] p2b: Raichu
|move|p2a: Gardevoir|Protect|p2a: Gardevoir
|-singleturn|p2a: Gardevoir|Protect
|move|p1b: Incineroar|Parting Shot|p2b: Raichu
|-unboost|p2b: Raichu|atk|1
|-unboost|p2b: Raichu|spa|1
|move|p1a: Sinistcha|Matcha Gotcha|p2b: Raichu|[spread] 
|-activate|p2a: Gardevoir|move: Protect
|-miss|p1a: Sinistcha|p2b: Raichu
|
|-end|p2a: Gardevoir|Throat Chop|[silent]
|upkeep
|turn|9
|
|t:|1785298572
|move|p2b: Raichu|Fake Out|p1b: Incineroar
|-damage|p1b: Incineroar|0 fnt
|faint|p1b: Incineroar
|move|p1a: Sinistcha|Matcha Gotcha|p2b: Raichu|[spread] p2a,p2b
|-damage|p2a: Gardevoir|1/100
|-damage|p2b: Raichu|34/100
|-status|p2b: Raichu|brn
|move|p2a: Gardevoir|Psychic|p1a: Sinistcha
|-damage|p1a: Sinistcha|52/100
|
|-damage|p2b: Raichu|28/100 brn|[from] brn
|upkeep
|turn|10
|
|t:|1785298587
|move|p2a: Gardevoir|Protect|p2a: Gardevoir
|-singleturn|p2a: Gardevoir|Protect
|move|p1a: Sinistcha|Matcha Gotcha|p2b: Raichu|[spread] 
|-activate|p2a: Gardevoir|move: Protect
|-miss|p1a: Sinistcha|p2b: Raichu
|move|p2b: Raichu|Rising Voltage|p1a: Sinistcha
|-hint|Rising Voltage's BP doubled on grounded target.
|-resisted|p1a: Sinistcha|1
|-damage|p1a: Sinistcha|29/100
|-enditem|p1a: Sinistcha|Sitrus Berry|[eat]
|-heal|p1a: Sinistcha|53/100|[from] item: Sitrus Berry
|
|-damage|p2b: Raichu|22/100 brn|[from] brn
|-fieldend|move: Trick Room
|upkeep
|turn|11
|
|t:|1785298613
|move|p2b: Raichu|Rising Voltage|p1a: Sinistcha
|-hint|Rising Voltage's BP doubled on grounded target.
|-resisted|p1a: Sinistcha|1
|-damage|p1a: Sinistcha|32/100
|move|p2a: Gardevoir|Psychic|p1a: Sinistcha
|-damage|p1a: Sinistcha|0 fnt
|faint|p1a: Sinistcha
|
|win|baileygoodstuffs
||baileygoodstuffs is ready for game 3.
|inactive|Bailey'sSock has 30 seconds to confirm battle start!
||Bailey'sSock is ready for game 3.
|uhtml|next|Next: Game 3 of 3
|l| 7d75fi5tci5
|j| Graffiti Boy
|l| Graffiti Boy
|l|☆Bailey'sSock
|player|p1|
