|j|☆papucaru
|j|☆alkdfe
|html|papucarualkdfe    
|uhtml|bestof|Game 1 of a best-of-3
|t:|1784421536
|gametype|doubles
|player|p1|papucaru|169|1114
|player|p2|alkdfe|elesa|1155
|gen|9
|tier|[Gen 9 Champions] VGC 2026 Reg M-B (Bo3)
|rated|
|rule|Species Clause: Limit one of each Pokémon
|rule|Item Clause: Limit 1 of each item
|clearpoke
|poke|p1|Staraptor, L50, F|
|poke|p1|Vileplume, L50, F|
|poke|p1|Feraligatr, L50, M|
|poke|p1|Sceptile, L50, M|
|poke|p1|Gholdengo, L50|
|poke|p1|Houndoom, L50, F|
|poke|p2|Gengar, L50, M|
|poke|p2|Swampert, L50, M|
|poke|p2|Incineroar, L50, F|
|poke|p2|Politoed, L50, M|
|poke|p2|Archaludon, L50, F|
|poke|p2|Vivillon, L50, F|
|teampreview|4
|showteam|p1|Staraptor||Staraptite|Intimidate|BraveBird,CloseCombat,Protect,Roost|Jolly||F|||50|]Vileplume||BigRoot|EffectSpore|SludgeBomb,GigaDrain,StrengthSap,LeechSeed|Relaxed||F|||50|]Feraligatr||LifeOrb|SheerForce|Liquidation,RockSlide,AquaJet,IcePunch|Adamant||M|||50|]Sceptile||WhiteHerb|Unburden|LeafStorm,RockTomb,QuickGuard,EarthPower|Timid||M|||50|]Gholdengo||SitrusBerry|GoodasGold|MakeItRain,NastyPlot,Protect,ShadowBall|Modest|||||50|]Houndoom||FocusSash|FlashFire|SuckerPunch,HeatWave,Protect,Snarl|Hasty||F|||50|
|showteam|p2|Gengar||Gengarite|CursedBody|ShadowBall,PerishSong,SludgeBomb,Protect|Timid||M|||50|]Swampert||Swampertite|Torrent|WaveCrash,Earthquake,IcePunch,Protect|Adamant||M|||50|]Incineroar||PasshoBerry|Intimidate|ThroatChop,PartingShot,FakeOut,Protect|Sassy||F|||50|]Politoed||SitrusBerry|Drizzle|WeatherBall,PerishSong,Encore,Protect|Calm||M|||50|]Archaludon||Leftovers|Stamina|DragonPulse,FlashCannon,ElectroShot,Protect|Bold||F|||50|]Vivillon||FocusSash|CompoundEyes|Hurricane,SleepPowder,RagePowder,Protect|Timid||F|||50|
|inactive|Battle timer is ON: inactive players will automatically lose when time's up. (requested by alkdfe)
|inactive|papucaru has 60 seconds left.
|
|t:|1784421617
|teamsize|p1|4
|teamsize|p2|4
|start
|switch|p1a: Staraptor|Staraptor, L50, F|100/100
|switch|p1b: Gholdengo|Gholdengo, L50|100/100
|switch|p2a: Vivillon|Vivillon, L50, F|100/100
|switch|p2b: Swampert|Swampert, L50, M|100/100
|-ability|p1a: Staraptor|Intimidate|boost
|-unboost|p2a: Vivillon|atk|1
|-unboost|p2b: Swampert|atk|1
|turn|1
|inactive|papucaru has 30 seconds left.
|inactive|alkdfe has 30 seconds left.
|inactive|papucaru has 20 seconds left.
|inactive|papucaru has 15 seconds left.
|inactive|papucaru has 10 seconds left.
|
|t:|1784421663
|switch|p1b: Sceptile|Sceptile, L50, M|100/100
|detailschange|p1a: Staraptor|Staraptor-Mega, L50, F
|-mega|p1a: Staraptor|Staraptor|Staraptite
|detailschange|p2b: Swampert|Swampert-Mega, L50, M
|-mega|p2b: Swampert|Swampert|Swampertite
|move|p1a: Staraptor|Close Combat|p2b: Swampert
|-damage|p2b: Swampert|42/100
|-boost|p1a: Staraptor|def|1
|-boost|p1a: Staraptor|spd|1
|move|p2a: Vivillon|Sleep Powder|p1a: Staraptor
|-status|p1a: Staraptor|slp|[from] move: Sleep Powder
|move|p2b: Swampert|Earthquake|p1b: Sceptile|[spread] p1b
|-immune|p2a: Vivillon
|-immune|p1a: Staraptor
|-resisted|p1b: Sceptile|1
|-damage|p1b: Sceptile|77/100
|
|upkeep
|turn|2
|inactive|papucaru has 30 seconds left.
|inactive|alkdfe has 30 seconds left.
|inactive|papucaru has 20 seconds left.
|inactive|papucaru has 15 seconds left.
|
|t:|1784421706
|switch|p2b: Archaludon|Archaludon, L50, F|100/100
|move|p1b: Sceptile|Rock Tomb|p2a: Vivillon
|-supereffective|p2a: Vivillon|2
|-damage|p2a: Vivillon|9/100
|-unboost|p2a: Vivillon|spe|1
|cant|p1a: Staraptor|slp
|move|p2a: Vivillon|Hurricane|p1b: Sceptile
|-supereffective|p1b: Sceptile|1
|-crit|p1b: Sceptile
|-damage|p1b: Sceptile|0 fnt
|faint|p1b: Sceptile
|
|upkeep
|inactive|papucaru has 30 seconds left.
|
|t:|1784421736
|switch|p1b: Gholdengo|Gholdengo, L50|100/100
|turn|3
|
|t:|1784421760
|switch|p2a: Politoed|Politoed, L50, M|100/100
|-weather|RainDance|[from] ability: Drizzle|[of] p2a: Politoed
|cant|p1a: Staraptor|slp
|move|p1b: Gholdengo|Nasty Plot|p1b: Gholdengo
|-boost|p1b: Gholdengo|spa|2
|move|p2b: Archaludon|Electro Shot||[still]
|-prepare|p2b: Archaludon|Electro Shot
|-boost|p2b: Archaludon|spa|1
|-anim|p2b: Archaludon|Electro Shot|p1a: Staraptor
|-supereffective|p1a: Staraptor|1
|-damage|p1a: Staraptor|16/100 slp
|
|-weather|RainDance|[upkeep]
|upkeep
|turn|4
|inactive|papucaru has 30 seconds left.
|inactive|papucaru has 20 seconds left.
|inactive|papucaru has 15 seconds left.
|inactive|papucaru has 10 seconds left.
|
|t:|1784421809
|move|p2b: Archaludon|Protect|p2b: Archaludon
|-singleturn|p2b: Archaludon|Protect
|-curestatus|p1a: Staraptor|slp|[msg]
|move|p1a: Staraptor|Roost|p1a: Staraptor
|-heal|p1a: Staraptor|66/100
|-singleturn|p1a: Staraptor|move: Roost
|move|p1b: Gholdengo|Nasty Plot|p1b: Gholdengo
|-boost|p1b: Gholdengo|spa|2
|move|p2a: Politoed|Weather Ball|p1a: Staraptor
|-damage|p1a: Staraptor|32/100
|
|-weather|RainDance|[upkeep]
|upkeep
|turn|5
|inactive|papucaru has 30 seconds left.
|inactive|alkdfe has 30 seconds left.
|inactive|alkdfe has 20 seconds left.
|inactive|alkdfe has 15 seconds left.
|
|t:|1784421850
|move|p1a: Staraptor|Close Combat|p2b: Archaludon
|-supereffective|p2b: Archaludon|1
|-damage|p2b: Archaludon|17/100
|-boost|p1a: Staraptor|def|1
|-boost|p1a: Staraptor|spd|1
|-ability|p2b: Archaludon|Stamina|boost
|-boost|p2b: Archaludon|def|1
|move|p1b: Gholdengo|Shadow Ball|p2b: Archaludon
|-damage|p2b: Archaludon|0 fnt
|faint|p2b: Archaludon
|move|p2a: Politoed|Weather Ball|p1a: Staraptor
|-damage|p1a: Staraptor|6/100
|
|-weather|RainDance|[upkeep]
|upkeep
|
|t:|1784421862
|switch|p2b: Swampert|Swampert-Mega, L50, M|42/100
|turn|6
|
|t:|1784421875
|move|p1b: Gholdengo|Protect|p1b: Gholdengo
|-singleturn|p1b: Gholdengo|Protect
|move|p2b: Swampert|Wave Crash|p1b: Gholdengo
|-activate|p1b: Gholdengo|move: Protect
|move|p1a: Staraptor|Close Combat|p2b: Swampert
|-damage|p2b: Swampert|0 fnt
|-boost|p1a: Staraptor|def|1
|-boost|p1a: Staraptor|spd|1
|faint|p2b: Swampert
|move|p2a: Politoed|Weather Ball|p1a: Staraptor
|-damage|p1a: Staraptor|0 fnt
|faint|p1a: Staraptor
|
|-weather|RainDance|[upkeep]
|upkeep
|-message|alkdfe forfeited.
|
|win|papucaru
||papucaru is ready for game 2.
||alkdfe is ready for game 2.
|uhtml|next|Next: Game 2 of 3
|l|☆papucaru
|player|p1|
