|j|☆palle synchro
|j|☆tessa scarlet
|html|palle synchrotessa scarlet    
|uhtml|bestof|Game 2 of a best-of-3
|t:|1756915881
|gametype|doubles
|player|p1|palle synchro|volkner|1386
|player|p2|tessa scarlet|266|1485
|gen|9
|tier|[Gen 9] VGC 2025 Reg H (Bo3)
|rated|
|rule|Species Clause: Limit one of each Pokémon
|rule|Item Clause: Limit 1 of each item
|clearpoke
|poke|p1|Whimsicott, L50, M|
|poke|p1|Corviknight, L50, F|
|poke|p1|Indeedee, L50, M|
|poke|p1|Sneasler, L50, F|
|poke|p1|Ursaluna-Bloodmoon, L50, M|
|poke|p1|Archaludon, L50, F|
|poke|p2|Gholdengo, L50|
|poke|p2|Annihilape, L50, F|
|poke|p2|Volcarona, L50, M|
|poke|p2|Dragonite, L50, M|
|poke|p2|Ninetales-Alola, L50, F|
|poke|p2|Ursaluna-Bloodmoon, L50, M|
|teampreview|4
|showteam|p1|Whimsicott||CovertCloak|Prankster|Moonblast,Taunt,Tailwind,FakeTears|||M|||50|,,,,,Water]Corviknight||Leftovers|MirrorArmor|BraveBird,BulkUp,Tailwind,Roost|||F|||50|,,,,,Dragon]Indeedee||FocusSash|PsychicSurge|ExpandingForce,TeraBlast,Imprison,TrickRoom|||M|||50|,,,,,Psychic]Sneasler||PsychicSeed|Unburden|CloseCombat,DireClaw,ThroatChop,Protect|||F|||50|,,,,,Dark]Ursaluna-Bloodmoon||LifeOrb|MindsEye|HyperVoice,BloodMoon,EarthPower,Protect|||M|||50|,,,,,Normal]Archaludon||PowerHerb|Stalwart|ElectroShot,DragonPulse,Thunderbolt,Protect|||F|||50|,,,,,Electric
|showteam|p2|Gholdengo||LifeOrb|GoodasGold|NastyPlot,MakeItRain,ShadowBall,Protect||||||50|,,,,,Water]Annihilape||LumBerry|Defiant|DrainPunch,RageFist,BulkUp,Protect|||F|||50|,,,,,Fire]Volcarona||SitrusBerry|FlameBody|StruggleBug,Overheat,RagePowder,Tailwind|||M|||50|,,,,,Steel]Dragonite||LoadedDice|Multiscale|ScaleShot,Haze,Tailwind,Protect|||M|||50|,,,,,Steel]Ninetales-Alola||FocusSash|SnowWarning|Blizzard,IcyWind,IcicleSpear,AuroraVeil|||F|||50|,,,,,Ghost]Ursaluna-Bloodmoon||AssaultVest|MindsEye|BloodMoon,HyperVoice,EarthPower,VacuumWave|||M|||50|,,,,,Water
|inactive|Battle timer is ON: inactive players will automatically lose when time's up. (requested by palle synchro)
|
|t:|1756915902
|teamsize|p1|4
|teamsize|p2|4
|start
|switch|p1a: Whimsicott|Whimsicott, L50, M|100/100
|switch|p1b: Archaludon|Archaludon, L50, F|100/100
|switch|p2a: Ninetales|Ninetales-Alola, L50, F|100/100
|switch|p2b: Dragonite|Dragonite, L50, M|100/100
|-weather|Snowscape|[from] ability: Snow Warning|[of] p2a: Ninetales
|turn|1
|
|t:|1756915913
|move|p1b: Archaludon|Protect|p1b: Archaludon
|-singleturn|p1b: Archaludon|Protect
|move|p1a: Whimsicott|Moonblast|p2b: Dragonite
|-supereffective|p2b: Dragonite
|-damage|p2b: Dragonite|71/100
|move|p2a: Ninetales|Icy Wind|p1b: Archaludon|[spread] p1a
|-activate|p1b: Archaludon|move: Protect
|-supereffective|p1a: Whimsicott
|-damage|p1a: Whimsicott|59/100
|move|p2b: Dragonite|Tailwind|p2b: Dragonite
|-sidestart|p2: tessa scarlet|move: Tailwind
|
|-weather|Snowscape|[upkeep]
|upkeep
|turn|2
|
|t:|1756915926
|move|p1a: Whimsicott|Tailwind|p1a: Whimsicott
|-sidestart|p1: palle synchro|move: Tailwind
|move|p2a: Ninetales|Icy Wind|p1b: Archaludon|[spread] p1b
|-miss|p2a: Ninetales|p1a: Whimsicott
|-damage|p1b: Archaludon|75/100
|-unboost|p1b: Archaludon|spe|1
|move|p2b: Dragonite|Scale Shot|p1b: Archaludon
|-damage|p1b: Archaludon|61/100
|-damage|p1b: Archaludon|48/100
|-damage|p1b: Archaludon|35/100
|-damage|p1b: Archaludon|23/100
|-damage|p1b: Archaludon|9/100
|-hitcount|p1b: Archaludon|5
|-unboost|p2b: Dragonite|def|1
|-boost|p2b: Dragonite|spe|1
|move|p1b: Archaludon|Electro Shot||[still]
|-prepare|p1b: Archaludon|Electro Shot
|-boost|p1b: Archaludon|spa|1
|-enditem|p1b: Archaludon|Power Herb
|-anim|p1b: Archaludon|Electro Shot|p2b: Dragonite
|-damage|p2b: Dragonite|0 fnt
|faint|p2b: Dragonite
|
|-weather|Snowscape|[upkeep]
|upkeep
|
|t:|1756915940
|switch|p2b: Gholdengo|Gholdengo, L50|100/100
|turn|3
|
|t:|1756915971
|switch|p1a: Sneasler|Sneasler, L50, F|100/100
|switch|p2a: Volcarona|Volcarona, L50, M|100/100
|move|p2b: Gholdengo|Nasty Plot|p2b: Gholdengo
|-boost|p2b: Gholdengo|spa|2
|move|p1b: Archaludon|Thunderbolt|p2a: Volcarona
|-damage|p2a: Volcarona|54/100
|
|-weather|Snowscape|[upkeep]
|upkeep
|turn|4
|inactive|tessa scarlet has 30 seconds left.
|inactive|tessa scarlet has 20 seconds left.
|inactive|tessa scarlet has 15 seconds left.
|inactive|tessa scarlet has 10 seconds left.
|
|t:|1756916020
|-terastallize|p2a: Volcarona|Steel
|move|p1a: Sneasler|Protect|p1a: Sneasler
|-singleturn|p1a: Sneasler|Protect
|move|p2a: Volcarona|Rage Powder|p2a: Volcarona
|-singleturn|p2a: Volcarona|move: Rage Powder
|move|p2b: Gholdengo|Make It Rain|p1a: Sneasler|[spread] p1b
|-activate|p1a: Sneasler|move: Protect
|-resisted|p1b: Archaludon
|-damage|p1b: Archaludon|0 fnt
|-unboost|p2b: Gholdengo|spa|1
|faint|p1b: Archaludon
|-damage|p2b: Gholdengo|91/100|[from] item: Life Orb
|
|-weather|Snowscape|[upkeep]
|-sideend|p2: tessa scarlet|move: Tailwind
|upkeep
|
|t:|1756916030
|switch|p1b: Ursaluna|Ursaluna-Bloodmoon, L50, M|100/100
|turn|5
|
|t:|1756916048
|switch|p1b: Whimsicott|Whimsicott, L50, M|59/100
|move|p2b: Gholdengo|Protect|p2b: Gholdengo
|-singleturn|p2b: Gholdengo|Protect
|move|p1a: Sneasler|Close Combat|p2a: Volcarona
|-supereffective|p2a: Volcarona
|-damage|p2a: Volcarona|0 fnt
|-unboost|p1a: Sneasler|def|1
|-unboost|p1a: Sneasler|spd|1
|faint|p2a: Volcarona
|
|-weather|none
|-sideend|p1: palle synchro|move: Tailwind
|upkeep
|
|t:|1756916050
|switch|p2a: Ninetales|Ninetales-Alola, L50, F|100/100
|-weather|Snowscape|[from] ability: Snow Warning|[of] p2a: Ninetales
|turn|6
|inactive|palle synchro has 30 seconds left.
|
|t:|1756916080
|-terastallize|p1a: Sneasler|Dark
|move|p1b: Whimsicott|Tailwind|p1b: Whimsicott
|-sidestart|p1: palle synchro|move: Tailwind
|move|p1a: Sneasler|Throat Chop|p2b: Gholdengo
|-supereffective|p2b: Gholdengo
|-damage|p2b: Gholdengo|8/100
|-start|p2b: Gholdengo|Throat Chop|[silent]
|move|p2a: Ninetales|Blizzard|p1b: Whimsicott|[spread] p1a,p1b
|-supereffective|p1b: Whimsicott
|-damage|p1a: Sneasler|31/100
|-damage|p1b: Whimsicott|0 fnt
|faint|p1b: Whimsicott
|move|p2b: Gholdengo|Make It Rain|p1a: Sneasler
|-damage|p1a: Sneasler|0 fnt
|-unboost|p2b: Gholdengo|spa|1
|faint|p1a: Sneasler
|-damage|p2b: Gholdengo|0 fnt|[from] item: Life Orb
|faint|p2b: Gholdengo
|
|-weather|Snowscape|[upkeep]
|upkeep
|
|t:|1756916086
|switch|p1b: Ursaluna|Ursaluna-Bloodmoon, L50, M|100/100
|turn|7
|
|t:|1756916089
|move|p1b: Ursaluna|Hyper Voice|p2a: Ninetales
|-damage|p2a: Ninetales|24/100
|-damage|p1b: Ursaluna|91/100|[from] item: Life Orb
|move|p2a: Ninetales|Icy Wind|p1b: Ursaluna
|-supereffective|p1b: Ursaluna
|-damage|p1b: Ursaluna|31/100
|-unboost|p1b: Ursaluna|spe|1
|
|-weather|Snowscape|[upkeep]
|upkeep
|turn|8
|
|t:|1756916097
|move|p2a: Ninetales|Blizzard|p1b: Ursaluna
|-supereffective|p1b: Ursaluna
|-crit|p1b: Ursaluna
|-damage|p1b: Ursaluna|0 fnt
|faint|p1b: Ursaluna
|
|win|tessa scarlet
||palle synchro is ready for game 3.
||tessa scarlet is ready for game 3.
|uhtml|next|Next: Game 3 of 3
