|j|☆AndrewsWho
|j|☆lateralvs
|html|AndrewsWholateralvs    
|uhtml|bestof|Game 1 of a best-of-3
|t:|1756319150
|gametype|doubles
|player|p1|AndrewsWho|infielder|
|player|p2|lateralvs|giovanni|
|gen|9
|tier|[Gen 9] VGC 2025 Reg H (Bo3)
|rule|Species Clause: Limit one of each Pokémon
|rule|Item Clause: Limit 1 of each item
|clearpoke
|poke|p1|Charizard, L50, F|
|poke|p1|Torkoal, L50, F|
|poke|p1|Porygon2, L50|
|poke|p1|Incineroar, L50, M|
|poke|p1|Jumpluff, L50, F|
|poke|p1|Ursaluna, L50, F|
|poke|p2|Ursaluna, L50, M|
|poke|p2|Gholdengo, L50|
|poke|p2|Porygon2, L50|
|poke|p2|Amoonguss, L50, F|
|poke|p2|Incineroar, L50, M|
|poke|p2|Hydreigon, L50, F|
|teampreview|4
|showteam|p1|Charizard||ChoiceSpecs|SolarPower|HeatWave,Overheat,WeatherBall,AirSlash|||F|||50|,,,,,Ghost]Torkoal||EjectPack|Drought|Eruption,Overheat,HelpingHand,Protect|||F|||50|,,,,,Fire]Porygon2||Eviolite|Download|TeraBlast,IceBeam,Recover,TrickRoom||||||50|,,,,,Fighting]Incineroar||SitrusBerry|Intimidate|FlareBlitz,KnockOff,FakeOut,PartingShot|||M|||50|,,,,,Ghost]Jumpluff||CovertCloak|Chlorophyll|SleepPowder,SunnyDay,RagePowder,Tailwind|||F|||50|,,,,,Water]Ursaluna||FlameOrb|Guts|HeadlongRush,Facade,Earthquake,Protect|||F|||50|,,,,,Ghost
|showteam|p2|Ursaluna||FlameOrb|Guts|Facade,Earthquake,HeadlongRush,Protect|||M|||50|,,,,,Fairy]Gholdengo||MetalCoat|GoodasGold|MakeItRain,ShadowBall,NastyPlot,Protect||||||50|,,,,,Flying]Porygon2||Eviolite|Download|TeraBlast,IceBeam,TrickRoom,Recover||||||50|,,,,,Fighting]Amoonguss||CovertCloak|Regenerator|PollenPuff,Spore,RagePowder,Protect|||F|||50|,,,,,Fire]Incineroar||SitrusBerry|Intimidate|FlareBlitz,KnockOff,PartingShot,FakeOut|||M|||50|,,,,,Grass]Hydreigon||SafetyGoggles|Levitate|DracoMeteor,Snarl,Tailwind,Protect|||F|||50|,,,,,Ghost
|c|☆AndrewsWho|glhf
|c|☆lateralvs|glhf!
|
|t:|1756319205
|teamsize|p1|4
|teamsize|p2|4
|start
|switch|p1a: Charizard|Charizard, L50, F|100/100
|switch|p1b: Torkoal|Torkoal, L50, F|100/100
|switch|p2a: Hydreigon|Hydreigon, L50, F|100/100
|switch|p2b: Amoonguss|Amoonguss, L50, F|100/100
|-weather|SunnyDay|[from] ability: Drought|[of] p1b: Torkoal
|turn|1
|
|t:|1756319263
|move|p2b: Amoonguss|Rage Powder|p2b: Amoonguss
|-singleturn|p2b: Amoonguss|move: Rage Powder
|move|p1a: Charizard|Overheat|p2b: Amoonguss
|-supereffective|p2b: Amoonguss
|-damage|p2b: Amoonguss|0 fnt
|-unboost|p1a: Charizard|spa|2
|faint|p2b: Amoonguss
|move|p2a: Hydreigon|Draco Meteor|p1a: Charizard
|-damage|p1a: Charizard|14/100
|-unboost|p2a: Hydreigon|spa|2
|move|p1b: Torkoal|Overheat|p2a: Hydreigon
|-resisted|p2a: Hydreigon
|-crit|p2a: Hydreigon
|-damage|p2a: Hydreigon|26/100
|-unboost|p1b: Torkoal|spa|2
|-enditem|p1b: Torkoal|Eject Pack
|
|t:|1756319268
|switch|p1b: Jumpluff|Jumpluff, L50, F|100/100
|
|-weather|SunnyDay|[upkeep]
|-damage|p1a: Charizard|2/100|[from] ability: Solar Power|[of] p1a: Charizard
|upkeep
|
|t:|1756319283
|switch|p2b: Incineroar|Incineroar, L50, M|100/100
|-ability|p2b: Incineroar|Intimidate|boost
|-unboost|p1a: Charizard|atk|1
|-unboost|p1b: Jumpluff|atk|1
|turn|2
|
|t:|1756319336
|switch|p1a: Ursaluna|Ursaluna, L50, F|100/100
|switch|p2a: Porygon2|Porygon2, L50|100/100
|-ability|p2a: Porygon2|Download|boost
|-boost|p2a: Porygon2|spa|1
|-terastallize|p1b: Jumpluff|Water
|move|p1b: Jumpluff|Sleep Powder|p2a: Porygon2|[miss]
|-miss|p1b: Jumpluff|p2a: Porygon2
|move|p2b: Incineroar|Parting Shot|p1a: Ursaluna
|-unboost|p1a: Ursaluna|atk|1
|-unboost|p1a: Ursaluna|spa|1
|
|t:|1756319346
|switch|p2b: Hydreigon|Hydreigon, L50, F|26/100|[from] Parting Shot
|
|-weather|SunnyDay|[upkeep]
|-status|p1a: Ursaluna|brn|[from] item: Flame Orb
|upkeep
|turn|3
|
|t:|1756319374
|switch|p1a: Torkoal|Torkoal, L50, F|100/100
|move|p1b: Jumpluff|Tailwind|p1b: Jumpluff
|-sidestart|p1: AndrewsWho|move: Tailwind
|move|p2b: Hydreigon|Draco Meteor|p1a: Torkoal
|-damage|p1a: Torkoal|8/100
|-unboost|p2b: Hydreigon|spa|2
|move|p2a: Porygon2|Trick Room|p2a: Porygon2
|-fieldstart|move: Trick Room|[of] p2a: Porygon2
|
|-weather|SunnyDay|[upkeep]
|upkeep
|turn|4
|
|t:|1756319410
|move|p1a: Torkoal|Overheat|p2b: Hydreigon
|-resisted|p2b: Hydreigon
|-crit|p2b: Hydreigon
|-damage|p2b: Hydreigon|0 fnt
|-unboost|p1a: Torkoal|spa|2
|faint|p2b: Hydreigon
|move|p2a: Porygon2|Tera Blast|p1b: Jumpluff
|-damage|p1b: Jumpluff|41/100
|move|p1b: Jumpluff|Sleep Powder|p2a: Porygon2|[miss]
|-miss|p1b: Jumpluff|p2a: Porygon2
|
|-weather|SunnyDay|[upkeep]
|upkeep
|
|t:|1756319419
|switch|p2b: Incineroar|Incineroar, L50, M|100/100
|-ability|p2b: Incineroar|Intimidate|boost
|-unboost|p1a: Torkoal|atk|1
|-unboost|p1b: Jumpluff|atk|1
|turn|5
|
|t:|1756319441
|switch|p1a: Charizard|Charizard, L50, F|2/100
|move|p1b: Jumpluff|Rage Powder|p1b: Jumpluff
|-singleturn|p1b: Jumpluff|move: Rage Powder
|move|p2a: Porygon2|Tera Blast|p1b: Jumpluff
|-damage|p1b: Jumpluff|0 fnt
|faint|p1b: Jumpluff
|move|p2b: Incineroar|Knock Off|p1a: Charizard
|-damage|p1a: Charizard|0 fnt
|-enditem|p1a: Charizard|Choice Specs|[from] move: Knock Off|[of] p2b: Incineroar
|faint|p1a: Charizard
|
|-weather|none
|upkeep
|
|t:|1756319443
|switch|p1a: Torkoal|Torkoal, L50, F|8/100
|switch|p1b: Ursaluna|Ursaluna, L50, F|100/100 brn
|-weather|SunnyDay|[from] ability: Drought|[of] p1a: Torkoal
|turn|6
|
|t:|1756319483
|move|p1b: Ursaluna|Protect|p1b: Ursaluna
|-singleturn|p1b: Ursaluna|Protect
|move|p1a: Torkoal|Overheat|p2a: Porygon2
|-damage|p2a: Porygon2|44/100
|-unboost|p1a: Torkoal|spa|2
|move|p2a: Porygon2|Ice Beam|p1b: Ursaluna
|-activate|p1b: Ursaluna|move: Protect
|move|p2b: Incineroar|Flare Blitz|p1b: Ursaluna
|-activate|p1b: Ursaluna|move: Protect
|
|-weather|SunnyDay|[upkeep]
|-damage|p1b: Ursaluna|95/100 brn|[from] brn
|-sideend|p1: AndrewsWho|move: Tailwind
|upkeep
|turn|7
|
|t:|1756319500
|move|p1a: Torkoal|Overheat|p2a: Porygon2
|-damage|p2a: Porygon2|16/100
|-unboost|p1a: Torkoal|spa|2
|move|p2a: Porygon2|Recover|p2a: Porygon2
|-heal|p2a: Porygon2|66/100
|move|p1b: Ursaluna|Earthquake|p2a: Porygon2|[spread] p1a,p2a,p2b
|-supereffective|p1a: Torkoal
|-supereffective|p2b: Incineroar
|-damage|p1a: Torkoal|0 fnt
|-damage|p2a: Porygon2|22/100
|-damage|p2b: Incineroar|0 fnt
|faint|p1a: Torkoal
|faint|p2b: Incineroar
|
|-weather|SunnyDay|[upkeep]
|-damage|p1b: Ursaluna|89/100 brn|[from] brn
|-fieldend|move: Trick Room
|upkeep
|turn|8
|
|t:|1756319516
|move|p1b: Ursaluna|Facade|p2a: Porygon2
|-damage|p2a: Porygon2|0 fnt
|faint|p2a: Porygon2
|
|win|AndrewsWho
