|j|☆Shoto.tx
|j|☆raphaelk1602
|html|Shoto.txraphaelk1602    
|uhtml|bestof|Game 1 of a best-of-3
|t:|1757089667
|gametype|doubles
|player|p1|Shoto.tx|1|1017
|player|p2|raphaelk1602|101|1094
|gen|9
|tier|[Gen 9] VGC 2025 Reg H (Bo3)
|rated|
|rule|Species Clause: Limit one of each Pokémon
|rule|Item Clause: Limit 1 of each item
|clearpoke
|poke|p1|Archaludon, L50, M|
|poke|p1|Politoed, L50, M|
|poke|p1|Gothitelle, L50, M|
|poke|p1|Kingdra, L50, M|
|poke|p1|Incineroar, L50, F|
|poke|p1|Amoonguss, L50, M|
|poke|p2|Toxapex, L50, F|
|poke|p2|Tyranitar, L50, F|
|poke|p2|Excadrill, L50, M|
|poke|p2|Corviknight, L50, M|
|poke|p2|Amoonguss, L50, M|
|poke|p2|Indeedee, L50, M|
|teampreview|4
|showteam|p1|Archaludon||PowerHerb|Sturdy|ElectroShot,FlashCannon,DragonPulse,Protect|||M|||50|,,,,,Electric]Politoed||Leftovers|Drizzle|WeatherBall,PerishSong,Encore,Protect|||M|||50|,,,,,Grass]Gothitelle||SitrusBerry|ShadowTag|Psychic,FakeOut,TrickRoom,Protect|||M|||50|,,,,,Dark]Kingdra||LifeOrb|SwiftSwim|DracoMeteor,WeatherBall,MuddyWater,Protect|||M|||50|,,,,,Stellar]Incineroar||SafetyGoggles|Intimidate|FakeOut,KnockOff,PartingShot,Protect|||F|||50|,,,,,Ghost]Amoonguss||EjectButton|Regenerator|Spore,RagePowder,PollenPuff,Protect|||M|||50|,,,,,Fairy
|showteam|p2|Toxapex||Leftovers|Regenerator|BanefulBunker,Toxic,Recover,MuddyWater|||F|||50|,,,,,Dark]Tyranitar||FocusSash|SandStream|KnockOff,RockSlide,Protect,DragonDance|||F|||50|,,,,,Flying]Excadrill||ChoiceBand|SandRush|Earthquake,HighHorsepower,IronHead,RockSlide|||M|||50|,,,,,Ground]Corviknight||SitrusBerry|MirrorArmor|Roost,BulkUp,PowerTrip,BraveBird|||M|||50|,,,,,Dragon]Amoonguss||MentalHerb|Regenerator|Spore,PollenPuff,RagePowder,Protect|||M|||50|,,,,,Water]Indeedee||ChoiceScarf|PsychicSurge|ExpandingForce,HyperVoice,Trick,DazzlingGleam|||M|||50|,,,,,Fairy
|inactive|Battle timer is ON: inactive players will automatically lose when time's up. (requested by raphaelk1602)
|inactive|raphaelk1602 has 60 seconds left.
|
|t:|1757089716
|teamsize|p1|4
|teamsize|p2|4
|start
|switch|p1a: Gothitelle|Gothitelle, L50, M, shiny|100/100
|switch|p1b: Kingdra|Kingdra, L50, M, shiny|100/100
|switch|p2a: Toxapex|Toxapex, L50, F|100/100
|switch|p2b: Indeedee|Indeedee, L50, M|100/100
|-fieldstart|move: Psychic Terrain|[from] ability: Psychic Surge|[of] p2b: Indeedee
|turn|1
|inactive|Shoto.tx has 30 seconds left.
|inactive|raphaelk1602 has 30 seconds left.
|inactive|Shoto.tx has 20 seconds left.
|inactive|Shoto.tx has 15 seconds left.
|inactive|Shoto.tx has 10 seconds left.
|inactive|Shoto.tx has 5 seconds left.
|
|t:|1757089767
|move|p2b: Indeedee|Expanding Force|p1b: Kingdra|[spread] p1a,p1b
|-resisted|p1a: Gothitelle
|-damage|p1a: Gothitelle|80/100
|-damage|p1b: Kingdra|37/100
|move|p1b: Kingdra|Weather Ball|p2b: Indeedee
|-damage|p2b: Indeedee|72/100
|-damage|p1b: Kingdra|27/100|[from] item: Life Orb
|move|p1a: Gothitelle|Psychic|p2b: Indeedee
|-resisted|p2b: Indeedee
|-damage|p2b: Indeedee|49/100
|move|p2a: Toxapex|Toxic|p1b: Kingdra
|-status|p1b: Kingdra|tox
|
|-damage|p1b: Kingdra|21/100 tox|[from] psn
|upkeep
|turn|2
|
|t:|1757089792
|switch|p1a: Politoed|Politoed, L50, M, shiny|100/100
|-weather|RainDance|[from] ability: Drizzle|[of] p1a: Politoed
|move|p1b: Kingdra|Muddy Water|p2b: Indeedee|[spread] p2a,p2b
|-resisted|p2a: Toxapex
|-damage|p2a: Toxapex|80/100
|-damage|p2b: Indeedee|0 fnt
|faint|p2b: Indeedee
|-damage|p1b: Kingdra|11/100 tox|[from] item: Life Orb
|move|p2a: Toxapex|Toxic|p1a: Politoed
|-status|p1a: Politoed|tox
|
|-weather|RainDance|[upkeep]
|-heal|p2a: Toxapex|86/100|[from] item: Leftovers
|-damage|p1b: Kingdra|0 fnt|[from] psn
|faint|p1b: Kingdra
|-damage|p1a: Politoed|94/100 tox|[from] psn
|upkeep
|
|t:|1757089816
|switch|p2b: Excadrill|Excadrill, L50, M|100/100
|switch|p1b: Incineroar|Incineroar, L50, F, shiny|100/100
|-ability|p1b: Incineroar|Intimidate|boost
|-unboost|p2a: Toxapex|atk|1
|-unboost|p2b: Excadrill|atk|1
|turn|3
|
|t:|1757089835
|switch|p2b: Tyranitar|Tyranitar, L50, F|100/100
|-weather|Sandstorm|[from] ability: Sand Stream|[of] p2b: Tyranitar
|move|p1b: Incineroar|Fake Out|p2b: Tyranitar
|-activate|p2b: Tyranitar|move: Psychic Terrain
|move|p1a: Politoed|Weather Ball|p2b: Tyranitar
|-damage|p2b: Tyranitar|86/100
|move|p2a: Toxapex|Toxic|p1b: Incineroar
|-status|p1b: Incineroar|tox
|
|-weather|Sandstorm|[upkeep]
|-damage|p1a: Politoed|88/100 tox|[from] Sandstorm
|-damage|p2a: Toxapex|80/100|[from] Sandstorm
|-heal|p1a: Politoed|94/100 tox|[from] item: Leftovers
|-heal|p2a: Toxapex|86/100|[from] item: Leftovers
|-damage|p1b: Incineroar|95/100 tox|[from] psn
|-damage|p1a: Politoed|82/100 tox|[from] psn
|upkeep
|turn|4
|inactive|Shoto.tx has 30 seconds left.
|
|t:|1757089868
|switch|p1a: Gothitelle|Gothitelle, L50, M, shiny|80/100
|move|p2b: Tyranitar|Dragon Dance|p2b: Tyranitar
|-boost|p2b: Tyranitar|atk|1
|-boost|p2b: Tyranitar|spe|1
|move|p1b: Incineroar|Parting Shot|p2b: Tyranitar
|-unboost|p2b: Tyranitar|atk|1
|-unboost|p2b: Tyranitar|spa|1
|
|t:|1757089877
|switch|p1b: Politoed|Politoed, L50, M, shiny|82/100 tox|[from] Parting Shot
|-weather|RainDance|[from] ability: Drizzle|[of] p1b: Politoed
|move|p2a: Toxapex|Muddy Water|p1a: Gothitelle|[spread] p1a,p1b
|-resisted|p1b: Politoed
|-damage|p1a: Gothitelle|62/100
|-damage|p1b: Politoed|75/100 tox
|-unboost|p1b: Politoed|accuracy|1
|
|-weather|RainDance|[upkeep]
|-heal|p1b: Politoed|81/100 tox|[from] item: Leftovers
|-heal|p2a: Toxapex|92/100|[from] item: Leftovers
|-damage|p1b: Politoed|75/100 tox|[from] psn
|upkeep
|turn|5
|inactive|raphaelk1602 has 30 seconds left.
|
|t:|1757089903
|move|p2b: Tyranitar|Knock Off|p1a: Gothitelle
|-supereffective|p1a: Gothitelle
|-damage|p1a: Gothitelle|0 fnt
|-enditem|p1a: Gothitelle|Sitrus Berry|[from] move: Knock Off|[of] p2b: Tyranitar
|faint|p1a: Gothitelle
|move|p1b: Politoed|Weather Ball|p2b: Tyranitar
|-supereffective|p2b: Tyranitar
|-damage|p2b: Tyranitar|0 fnt
|faint|p2b: Tyranitar
|move|p2a: Toxapex|Toxic|p1b: Politoed
|-fail|p1b: Politoed|tox
|
|-weather|RainDance|[upkeep]
|-heal|p1b: Politoed|81/100 tox|[from] item: Leftovers
|-heal|p2a: Toxapex|97/100|[from] item: Leftovers
|-damage|p1b: Politoed|69/100 tox|[from] psn
|-fieldend|move: Psychic Terrain
|upkeep
|
|t:|1757089918
|switch|p2b: Excadrill|Excadrill, L50, M|100/100
|switch|p1a: Incineroar|Incineroar, L50, F, shiny|95/100 tox
|-ability|p1a: Incineroar|Intimidate|boost
|-unboost|p2a: Toxapex|atk|1
|-unboost|p2b: Excadrill|atk|1
|turn|6
|inactive|raphaelk1602 has 30 seconds left.
|
|t:|1757089949
|move|p1a: Incineroar|Fake Out|p2b: Excadrill
|-resisted|p2b: Excadrill
|-damage|p2b: Excadrill|93/100
|cant|p2b: Excadrill|flinch
|move|p1b: Politoed|Weather Ball|p2b: Excadrill|[miss]
|-miss|p1b: Politoed|p2b: Excadrill
|move|p2a: Toxapex|Muddy Water|p1a: Incineroar|[spread] p1a,p1b
|-supereffective|p1a: Incineroar
|-resisted|p1b: Politoed
|-damage|p1a: Incineroar|62/100 tox
|-damage|p1b: Politoed|61/100 tox
|-unboost|p1a: Incineroar|accuracy|1
|
|-weather|RainDance|[upkeep]
|-heal|p1b: Politoed|67/100 tox|[from] item: Leftovers
|-heal|p2a: Toxapex|100/100|[from] item: Leftovers
|-damage|p1a: Incineroar|56/100 tox|[from] psn
|-damage|p1b: Politoed|49/100 tox|[from] psn
|upkeep
|turn|7
|inactive|Shoto.tx has 30 seconds left.
|
|t:|1757089979
|-terastallize|p1b: Politoed|Grass
|move|p1a: Incineroar|Protect|p1a: Incineroar
|-singleturn|p1a: Incineroar|Protect
|move|p2b: Excadrill|Rock Slide|p1b: Politoed|[spread] p1b
|-activate|p1a: Incineroar|move: Protect
|-damage|p1b: Politoed|26/100 tox
|cant|p1b: Politoed|flinch
|move|p2a: Toxapex|Muddy Water|p1a: Incineroar|[spread] p1b
|-activate|p1a: Incineroar|move: Protect
|-resisted|p1b: Politoed
|-damage|p1b: Politoed|18/100 tox
|-unboost|p1b: Politoed|accuracy|1
|
|-weather|RainDance|[upkeep]
|-heal|p1b: Politoed|24/100 tox|[from] item: Leftovers
|-damage|p1a: Incineroar|44/100 tox|[from] psn
|-damage|p1b: Politoed|0 fnt|[from] psn
|faint|p1b: Politoed
|upkeep
|turn|8
|inactive|Shoto.tx has 30 seconds left.
|-message|Shoto.tx forfeited.
|
|win|raphaelk1602
||raphaelk1602 is ready for game 2.
