|j|☆BrotherSpike
|j|☆xDeacon
|html|BrotherSpikexDeacon    
|uhtml|bestof|Game 2 of a best-of-3
|t:|1783970188
|gametype|doubles
|player|p1|BrotherSpike|170|1050
|player|p2|xDeacon|1|1139
|gen|9
|tier|[Gen 9 Champions] VGC 2026 Reg M-B (Bo3)
|rated|
|rule|Species Clause: Limit one of each Pokémon
|rule|Item Clause: Limit 1 of each item
|clearpoke
|poke|p1|Staraptor, L50, F|
|poke|p1|Zoroark-Hisui, L50, M, shiny|
|poke|p1|Whimsicott, L50, M|
|poke|p1|Farigiraf, L50, M, shiny|
|poke|p1|Garchomp, L50, M, shiny|
|poke|p1|Metagross, L50, shiny|
|poke|p2|Gengar, L50, M|
|poke|p2|Sneasler, L50, M|
|poke|p2|Incineroar, L50, F|
|poke|p2|Samurott-Hisui, L50, M|
|poke|p2|Ninetales-Alola, L50, M|
|poke|p2|Altaria, L50, F|
|teampreview|4
|showteam|p1|Staraptor||Staraptite|Intimidate|CloseCombat,BraveBird,Roost,Protect|Adamant||F|||50|]Zoroark-Hisui||ChoiceScarf|Illusion|GrassKnot,LowKick,Trick,Protect|Timid||M|||50|]Whimsicott||FocusSash|Prankster|Moonblast,Tailwind,Encore,Charm|Bold||M|||50|]Farigiraf||SitrusBerry|ArmorTail|Thunderbolt,Psychic,TrickRoom,HelpingHand|Quiet||M|||50|]Garchomp||LifeOrb|RoughSkin|DragonClaw,StompingTantrum,RockSlide,Protect|Jolly||M|||50|]Metagross||Metagrossite|ClearBody|IronHead,StompingTantrum,PsychicFangs,Protect|Adamant|||||50|
|showteam|p2|Gengar||Gengarite|CursedBody|Protect,ShadowBall,PerishSong,Disable|Timid||M|||50|]Sneasler||WhiteHerb|Unburden|Protect,FakeOut,DireClaw,CloseCombat|Adamant||M|||50|]Incineroar||ShucaBerry|Intimidate|Protect,FakeOut,ThroatChop,PartingShot|Relaxed||F|||50|]Samurott-Hisui||FocusSash|Sharpness|Protect,NightSlash,AquaCutter,SacredSword|Adamant||M|||50|]Ninetales-Alola||NeverMeltIce|SnowWarning|Protect,Encore,FreezeDry,Blizzard|Timid||M|||50|]Altaria||RoseliBerry|CloudNine|Protect,PerishSong,WillOWisp,BraveBird|Careful||F|||50|
|
|t:|1783970219
|teamsize|p1|4
|teamsize|p2|4
|start
|switch|p1a: Whimsicott|Whimsicott, L50, M|100/100
|switch|p1b: Metagross|Metagross, L50, shiny|100/100
|switch|p2a: Incineroar|Incineroar, L50, F|100/100
|switch|p2b: Gengar|Gengar, L50, M|100/100
|-ability|p2a: Incineroar|Intimidate|boost
|-unboost|p1a: Whimsicott|atk|1
|-unboost|p1b: Metagross|atk|1
|turn|1
|
|t:|1783970285
|detailschange|p2b: Gengar|Gengar-Mega, L50, M
|-mega|p2b: Gengar|Gengar|Gengarite
|move|p1b: Metagross|Protect|p1b: Metagross
|-singleturn|p1b: Metagross|Protect
|move|p1a: Whimsicott|Tailwind|p1a: Whimsicott
|-sidestart|p1: BrotherSpike|move: Tailwind
|move|p2b: Gengar|Shadow Ball|p1a: Whimsicott
|-damage|p1a: Whimsicott|40/100
|move|p2a: Incineroar|Throat Chop|p1b: Metagross
|-activate|p1b: Metagross|move: Protect
|
|upkeep
|turn|2
|c|☆xDeacon|crazy set on that zoroark
|
|t:|1783970396
|move|p1b: Metagross|Protect||[still]
|-fail|p1b: Metagross
|move|p1a: Whimsicott|Encore|p2b: Gengar
|-start|p2b: Gengar|Encore
|move|p2b: Gengar|Shadow Ball|p1a: Whimsicott
|-damage|p1a: Whimsicott|0 fnt
|faint|p1a: Whimsicott
|move|p2a: Incineroar|Throat Chop|p1b: Metagross
|-supereffective|p1b: Metagross|1
|-damage|p1b: Metagross|0 fnt
|replace|p1b: Zoroark|Zoroark-Hisui, L50, M, shiny
|-end|p1b: Zoroark|Illusion
|faint|p1b: Zoroark
|
|upkeep
|
|t:|1783970418
|switch|p1b: Farigiraf|Farigiraf, L50, M, shiny|100/100
|switch|p1a: Metagross|Metagross, L50, shiny|100/100
|turn|3
|
|t:|1783970447
|switch|p2b: Samurott|Samurott-Hisui, L50, M|100/100
|move|p1a: Metagross|Protect|p1a: Metagross
|-singleturn|p1a: Metagross|Protect
|move|p2a: Incineroar|Parting Shot|p1a: Metagross
|-activate|p1a: Metagross|move: Protect
|move|p1b: Farigiraf|Trick Room|p1b: Farigiraf
|-fieldstart|move: Trick Room|[of] p1b: Farigiraf
|
|upkeep
|turn|4
|
|t:|1783970496
|move|p1b: Farigiraf|Helping Hand|p1a: Metagross
|-singleturn|p1a: Metagross|Helping Hand|[of] p1b: Farigiraf
|move|p2a: Incineroar|Throat Chop|p1a: Metagross
|-supereffective|p1a: Metagross|1
|-damage|p1a: Metagross|51/100
|-start|p1a: Metagross|Throat Chop|[silent]
|move|p2b: Samurott|Night Slash|p1a: Metagross
|-supereffective|p1a: Metagross|1
|-crit|p1a: Metagross
|-damage|p1a: Metagross|0 fnt
|faint|p1a: Metagross
|
|-sideend|p1: BrotherSpike|move: Tailwind
|upkeep
|turn|5
|
|t:|1783970512
|move|p2a: Incineroar|Throat Chop|p1b: Farigiraf
|-supereffective|p1b: Farigiraf|1
|-damage|p1b: Farigiraf|33/100
|-start|p1b: Farigiraf|Throat Chop|[silent]
|-enditem|p1b: Farigiraf|Sitrus Berry|[eat]
|-heal|p1b: Farigiraf|57/100|[from] item: Sitrus Berry
|move|p1b: Farigiraf|Thunderbolt|p2b: Samurott
|-supereffective|p2b: Samurott|1
|-damage|p2b: Samurott|1/100
|move|p2b: Samurott|Night Slash|p1b: Farigiraf
|-supereffective|p1b: Farigiraf|1
|-crit|p1b: Farigiraf
|-damage|p1b: Farigiraf|0 fnt
|faint|p1b: Farigiraf
|
|win|xDeacon
|raw|BrotherSpike's rating: 1030 → 1020(-10 for losing)
|raw|xDeacon's rating: 1139 → 1156(+17 for winning)
|c|☆xDeacon|ggs
