|j|☆The median voter
|j|☆psychic system
|html|The median voterpsychic system    
|uhtml|bestof|Game 1 of a best-of-3
|t:|1757094949
|gametype|doubles
|player|p1|The median voter|scientist-gen4dp|1279
|player|p2|psychic system|lucas|1200
|gen|9
|tier|[Gen 9] VGC 2025 Reg H (Bo3)
|rated|
|rule|Species Clause: Limit one of each Pokémon
|rule|Item Clause: Limit 1 of each item
|clearpoke
|poke|p1|Arcanine-Hisui, L50, F|
|poke|p1|Ninetales-Alola, L50, M|
|poke|p1|Gholdengo, L50|
|poke|p1|Sneasler, L50, F|
|poke|p1|Rillaboom, L50, M|
|poke|p1|Dragonite, L50, M|
|poke|p2|Rillaboom, L50, M|
|poke|p2|Florges, L50, F|
|poke|p2|Amoonguss, L50, F|
|poke|p2|Kingambit, L50, M|
|poke|p2|Incineroar, L50, M|
|poke|p2|Pelipper, L50, M|
|teampreview|4
|showteam|p1|Arcanine-Hisui||ClearAmulet|Intimidate|FlareBlitz,RockSlide,Protect,ExtremeSpeed|||F|||50|,,,,,Water]Ninetales-Alola||FocusSash|SnowWarning|Blizzard,IcyWind,AuroraVeil,Encore|||M|||50|,,,,,Ghost]Gholdengo||GrassySeed|GoodasGold|MakeItRain,NastyPlot,ShadowBall,Protect||||||50|,,,,,Water]Sneasler||WhiteHerb|Unburden|DireClaw,CloseCombat,Coaching,Protect|||F|||50|,,,,,Ghost]Rillaboom||AssaultVest|GrassySurge|FakeOut,DrumBeating,HighHorsepower,GrassyGlide|||M|||50|,,,,,Fire]Dragonite||LoadedDice|Multiscale|ScaleShot,Protect,StompingTantrum,Tailwind|||M|||50|,,,,,Ground
|showteam|p2|Rillaboom||MiracleSeed|GrassySurge|WoodHammer,GrassyGlide,HighHorsepower,SwordsDance|||M|||50|,,,,,Fire]Florges||PixiePlate|FlowerVeil|DrainingKiss,DazzlingGleam,CalmMind,Protect|||F|||50|,,,,,Grass]Amoonguss||SitrusBerry|Regenerator|ClearSmog,Spore,PollenPuff,RagePowder|||F|||50|,,,,,Water]Kingambit||BlackGlasses|Defiant|Protect,KowtowCleave,SuckerPunch,SwordsDance|||M|||50|,,,,,Ghost]Incineroar||SafetyGoggles|Intimidate|FakeOut,KnockOff,FlareBlitz,PartingShot|||M|||50|,,,,,Ghost]Pelipper||ChoiceScarf|Drizzle|MuddyWater,Hurricane,IcyWind,WeatherBall|||M|||50|,,,,,Water
|inactive|Battle timer is ON: inactive players will automatically lose when time's up. (requested by psychic system)
|inactive|psychic system has 60 seconds left.
|inactive|psychic system has 30 seconds left.
|inactive|psychic system has 20 seconds left.
|inactive|psychic system has 15 seconds left.
|inactive|psychic system has 10 seconds left.
|
|t:|1757095060
|teamsize|p1|4
|teamsize|p2|4
|start
|switch|p1a: Sneasler|Sneasler, L50, F|100/100
|switch|p1b: Ninetales|Ninetales-Alola, L50, M|100/100
|switch|p2a: Rillaboom|Rillaboom, L50, M|100/100
|switch|p2b: Pelipper|Pelipper, L50, M|100/100
|-weather|RainDance|[from] ability: Drizzle|[of] p2b: Pelipper
|-weather|Snowscape|[from] ability: Snow Warning|[of] p1b: Ninetales
|-fieldstart|move: Grassy Terrain|[from] ability: Grassy Surge|[of] p2a: Rillaboom
|turn|1
|inactive|psychic system has 30 seconds left.
|inactive|The median voter has 30 seconds left.
|inactive|psychic system has 20 seconds left.
|inactive|psychic system has 15 seconds left.
|inactive|psychic system has 10 seconds left.
|
|t:|1757095109
|switch|p2b: Incineroar|Incineroar, L50, M|100/100
|-ability|p2b: Incineroar|Intimidate|boost
|-unboost|p1a: Sneasler|atk|1
|-unboost|p1b: Ninetales|atk|1
|-enditem|p1a: Sneasler|White Herb
|-clearnegativeboost|p1a: Sneasler|[silent]
|switch|p2a: Florges|Florges, L50, F|100/100
|-terastallize|p1a: Sneasler|Ghost
|move|p1a: Sneasler|Dire Claw|p2a: Florges
|-supereffective|p2a: Florges
|-damage|p2a: Florges|24/100
|move|p1b: Ninetales|Blizzard|p2b: Incineroar|[spread] p2a,p2b
|-resisted|p2b: Incineroar
|-damage|p2a: Florges|2/100
|-damage|p2b: Incineroar|88/100
|
|-weather|Snowscape|[upkeep]
|-heal|p2a: Florges|8/100|[from] Grassy Terrain
|-heal|p2b: Incineroar|94/100|[from] Grassy Terrain
|upkeep
|turn|2
|inactive|psychic system has 30 seconds left.
|
|t:|1757095135
|switch|p1b: Arcanine|Arcanine-Hisui, L50, F|100/100
|-ability|p1b: Arcanine|Intimidate|boost
|-unboost|p2a: Florges|atk|1
|-unboost|p2b: Incineroar|atk|1
|switch|p2b: Pelipper|Pelipper, L50, M|100/100
|-weather|RainDance|[from] ability: Drizzle|[of] p2b: Pelipper
|move|p2a: Florges|Protect|p2a: Florges
|-singleturn|p2a: Florges|Protect
|move|p1a: Sneasler|Dire Claw|p2a: Florges
|-activate|p2a: Florges|move: Protect
|
|-weather|RainDance|[upkeep]
|-heal|p2a: Florges|14/100|[from] Grassy Terrain
|upkeep
|turn|3
|inactive|The median voter has 30 seconds left.
|inactive|psychic system has 30 seconds left.
|
|t:|1757095169
|switch|p2b: Rillaboom|Rillaboom, L50, M|100/100
|move|p1b: Arcanine|Extreme Speed|p2a: Florges
|-damage|p2a: Florges|0 fnt
|faint|p2a: Florges
|move|p1a: Sneasler|Dire Claw|p2b: Rillaboom
|-supereffective|p2b: Rillaboom
|-damage|p2b: Rillaboom|19/100
|-status|p2b: Rillaboom|slp
|
|-weather|RainDance|[upkeep]
|-heal|p2b: Rillaboom|25/100 slp|[from] Grassy Terrain
|upkeep
|
|t:|1757095178
|switch|p2a: Incineroar|Incineroar, L50, M|94/100
|-ability|p2a: Incineroar|Intimidate|boost
|-unboost|p1a: Sneasler|atk|1
|-fail|p1b: Arcanine|unboost|[from] item: Clear Amulet|[of] p1b: Arcanine
|turn|4
|
|t:|1757095197
|move|p1a: Sneasler|Coaching|p1b: Arcanine
|-boost|p1b: Arcanine|atk|1
|-boost|p1b: Arcanine|def|1
|move|p1b: Arcanine|Rock Slide|p2b: Rillaboom|[spread] p2a,p2b
|-supereffective|p2a: Incineroar
|-damage|p2a: Incineroar|19/100
|-damage|p2b: Rillaboom|0 fnt
|faint|p2b: Rillaboom
|move|p2a: Incineroar|Knock Off|p1b: Arcanine
|-damage|p1b: Arcanine|64/100
|-enditem|p1b: Arcanine|Clear Amulet|[from] move: Knock Off|[of] p2a: Incineroar
|
|-weather|RainDance|[upkeep]
|-heal|p1b: Arcanine|70/100|[from] Grassy Terrain
|-heal|p2a: Incineroar|25/100|[from] Grassy Terrain
|upkeep
|
|t:|1757095209
|switch|p2b: Pelipper|Pelipper, L50, M|100/100
|turn|5
|
|t:|1757095219
|switch|p1a: Ninetales|Ninetales-Alola, L50, M|100/100
|-weather|Snowscape|[from] ability: Snow Warning|[of] p1a: Ninetales
|move|p1b: Arcanine|Extreme Speed|p2a: Incineroar
|-damage|p2a: Incineroar|0 fnt
|faint|p2a: Incineroar
|move|p2b: Pelipper|Muddy Water|p1b: Arcanine|[spread] p1a,p1b
|-supereffective|p1b: Arcanine
|-damage|p1a: Ninetales|68/100
|-damage|p1b: Arcanine|0 fnt
|faint|p1b: Arcanine
|
|-weather|Snowscape|[upkeep]
|-heal|p1a: Ninetales|74/100|[from] Grassy Terrain
|-fieldend|move: Grassy Terrain
|upkeep
|
|t:|1757095233
|switch|p1b: Sneasler|Sneasler, L50, F, tera:Ghost|100/100
|turn|6
|
|t:|1757095239
|-terastallize|p2b: Pelipper|Water
|move|p2b: Pelipper|Muddy Water|p1b: Sneasler|[spread] p1a,p1b
|-damage|p1a: Ninetales|30/100
|-damage|p1b: Sneasler|52/100
|move|p1b: Sneasler|Dire Claw|p2b: Pelipper
|-damage|p2b: Pelipper|47/100
|move|p1a: Ninetales|Icy Wind|p2b: Pelipper
|-resisted|p2b: Pelipper
|-damage|p2b: Pelipper|28/100
|-unboost|p2b: Pelipper|spe|1
|
|-weather|Snowscape|[upkeep]
|upkeep
|turn|7
|
|t:|1757095246
|move|p1b: Sneasler|Dire Claw|p2b: Pelipper
|-damage|p2b: Pelipper|0 fnt
|faint|p2b: Pelipper
|
|win|The median voter
||psychic system is ready for game 2.
||The median voter is ready for game 2.
|uhtml|next|Next: Game 2 of 3
