|j|☆influxxyyy
|j|‽squigglybuff
|html|influxxyyysquigglybuff    
|uhtml|bestof|Game 2 of a best-of-3
|t:|1756835777
|gametype|doubles
|player|p1|influxxyyy|skyla|
|player|p2|squigglybuff|170|
|gen|9
|tier|[Gen 9] VGC 2025 Reg H (Bo3)
|rule|Species Clause: Limit one of each Pokémon
|rule|Item Clause: Limit 1 of each item
|clearpoke
|poke|p1|Dragalge, L50, M|
|poke|p1|Mimikyu, L50, M|
|poke|p1|Primarina, L50, F|
|poke|p1|Hariyama, L50, F|
|poke|p1|Grimmsnarl, L50, M|
|poke|p1|Torracat, L50, F|
|poke|p2|Glaceon, L50, F|
|poke|p2|Abomasnow, L50, M|
|poke|p2|Dusclops, L50, M|
|poke|p2|Comfey, L50, M|
|poke|p2|Arcanine-Hisui, L50, F|
|poke|p2|Blastoise, L50, M|
|teampreview|4
|showteam|p1|Dragalge||LifeOrb|Adaptability|Protect,SludgeBomb,DragonPulse,TeraBlast|||M|||50|,,,,,Fairy]Mimikyu||MentalHerb|Disguise|ShadowSneak,PlayRough,DestinyBond,TrickRoom|||M|||50|,,,,,Water]Primarina||FairyFeather|LiquidVoice|Protect,DazzlingGleam,Moonblast,HyperVoice|||F|||50|,,,,,Poison]Hariyama||FlameOrb|Guts|Protect,FakeOut,DrainPunch,KnockOff|||F|||50|,,,,,Steel]Grimmsnarl||LightClay|Prankster|LightScreen,Reflect,PartingShot,SpiritBreak|||M|||50|,,,,,Ghost]Torracat||Eviolite|Intimidate|FakeOut,FlareBlitz,HelpingHand,PartingShot|||F|||50|,,,,,Fire
|showteam|p2|Glaceon||ChoiceSpecs|IceBody|Blizzard,FreezeDry,AlluringVoice,WeatherBall|||F|||50|,,,,,Fairy]Abomasnow||LightClay|SnowWarning|AuroraVeil,Protect,HelpingHand,Blizzard|||M|||50|,,,,,Fire]Dusclops||Eviolite|Pressure|TrickRoom,WillOWisp,HelpingHand,NightShade|||M|||50|,,,,,Fairy]Comfey||CovertCloak|Triage|DrainingKiss,FloralHealing,TrickRoom,Protect|||M|||50|,,,,,Steel]Arcanine-Hisui||AssaultVest|Intimidate|RockSlide,ExtremeSpeed,FlareBlitz,Snarl|||F|||50|,,,,,Grass]Blastoise||SitrusBerry|Torrent|ShellSmash,FakeOut,WaterSpout,Blizzard|||M|||50|,,,,,Ghost
|inactive|Battle timer is ON: inactive players will automatically lose when time's up. (requested by influxxyyy)
|
|t:|1756835798
|teamsize|p1|4
|teamsize|p2|4
|start
|switch|p1a: Mimikyu|Mimikyu, L50, M, shiny|100/100
|switch|p1b: Grimmsnarl|Grimmsnarl, L50, M|100/100
|switch|p2a: Abomasnow|Abomasnow, L50, M|100/100
|switch|p2b: Arcanine|Arcanine-Hisui, L50, F|100/100
|-ability|p2b: Arcanine|Intimidate|boost
|-unboost|p1a: Mimikyu|atk|1
|-unboost|p1b: Grimmsnarl|atk|1
|-weather|Snowscape|[from] ability: Snow Warning|[of] p2a: Abomasnow
|turn|1
|
|t:|1756835813
|move|p1b: Grimmsnarl|Light Screen|p1b: Grimmsnarl
|-sidestart|p1: influxxyyy|move: Light Screen
|move|p2b: Arcanine|Rock Slide|p1a: Mimikyu|[spread] p1a,p1b
|-activate|p1a: Mimikyu|ability: Disguise
|-damage|p1a: Mimikyu|100/100
|-damage|p1b: Grimmsnarl|72/100
|detailschange|p1a: Mimikyu|Mimikyu-Busted, L50, M, shiny
|-damage|p1a: Mimikyu|88/100|[from] pokemon: Mimikyu-Busted
|move|p2a: Abomasnow|Blizzard|p1b: Grimmsnarl|[spread] p1a,p1b
|-damage|p1a: Mimikyu|71/100
|-damage|p1b: Grimmsnarl|57/100
|-status|p1a: Mimikyu|frz
|cant|p1a: Mimikyu|frz
|
|-weather|Snowscape|[upkeep]
|upkeep
|turn|2
|c|☆influxxyyy|ffs
|
|t:|1756835837
|move|p1b: Grimmsnarl|Reflect|p1b: Grimmsnarl
|-sidestart|p1: influxxyyy|Reflect
|move|p2b: Arcanine|Rock Slide|p1b: Grimmsnarl|[spread] p1a,p1b
|-damage|p1a: Mimikyu|47/100 frz
|-damage|p1b: Grimmsnarl|40/100
|move|p2a: Abomasnow|Blizzard|p1b: Grimmsnarl|[spread] p1a,p1b
|-damage|p1a: Mimikyu|31/100 frz
|-damage|p1b: Grimmsnarl|25/100
|-curestatus|p1a: Mimikyu|frz|[msg]
|move|p1a: Mimikyu|Trick Room|p1a: Mimikyu
|-fieldstart|move: Trick Room|[of] p1a: Mimikyu
|
|-weather|Snowscape|[upkeep]
|upkeep
|turn|3
|c|☆influxxyyy|ok thanks rng
|inactive|influxxyyy has 30 seconds left.
|
|t:|1756835863
|switch|p1a: Dragalge|Dragalge, L50, M, shiny|100/100
|move|p1b: Grimmsnarl|Parting Shot|p2b: Arcanine
|-unboost|p2b: Arcanine|atk|1
|-unboost|p2b: Arcanine|spa|1
|
|t:|1756835870
|switch|p1b: Hariyama|Hariyama, L50, F, shiny|100/100|[from] Parting Shot
|move|p2a: Abomasnow|Aurora Veil|p2a: Abomasnow
|-sidestart|p2: squigglybuff|move: Aurora Veil
|move|p2b: Arcanine|Rock Slide|p1a: Dragalge|[spread] p1a,p1b
|-resisted|p1b: Hariyama
|-damage|p1a: Dragalge|86/100
|-damage|p1b: Hariyama|93/100
|
|-weather|Snowscape|[upkeep]
|-status|p1b: Hariyama|brn|[from] item: Flame Orb
|upkeep
|turn|4
|
|t:|1756835889
|switch|p2b: Comfey|Comfey, L50, M|100/100
|-terastallize|p1a: Dragalge|Fairy
|move|p2a: Abomasnow|Protect|p2a: Abomasnow
|-singleturn|p2a: Abomasnow|Protect
|move|p1a: Dragalge|Sludge Bomb|p2a: Abomasnow
|-activate|p2a: Abomasnow|move: Protect
|move|p1b: Hariyama|Drain Punch|p2b: Comfey
|-resisted|p2b: Comfey
|-damage|p2b: Comfey|82/100
|-heal|p1b: Hariyama|99/100 brn|[from] drain|[of] p2b: Comfey
|
|-weather|Snowscape|[upkeep]
|-damage|p1b: Hariyama|94/100 brn|[from] brn
|upkeep
|turn|5
|
|t:|1756835914
|switch|p2a: Arcanine|Arcanine-Hisui, L50, F|100/100
|-ability|p2a: Arcanine|Intimidate|boost
|-unboost|p1a: Dragalge|atk|1
|-unboost|p1b: Hariyama|atk|1
|move|p2b: Comfey|Protect|p2b: Comfey
|-singleturn|p2b: Comfey|Protect
|move|p1a: Dragalge|Tera Blast|p2b: Comfey|[anim] Tera Blast Fairy
|-activate|p2b: Comfey|move: Protect
|move|p1b: Hariyama|Drain Punch|p2b: Comfey
|-activate|p2b: Comfey|move: Protect
|
|-weather|none
|-damage|p1b: Hariyama|88/100 brn|[from] brn
|upkeep
|turn|6
|inactive|squigglybuff has 30 seconds left.
|inactive|squigglybuff has 20 seconds left.
|
|t:|1756835949
|switch|p2b: Abomasnow|Abomasnow, L50, M|100/100
|-weather|Snowscape|[from] ability: Snow Warning|[of] p2b: Abomasnow
|move|p1a: Dragalge|Dragon Pulse|p2a: Arcanine
|-damage|p2a: Arcanine|70/100
|-damage|p1a: Dragalge|77/100|[from] item: Life Orb
|move|p1b: Hariyama|Drain Punch|p2a: Arcanine
|-supereffective|p2a: Arcanine
|-damage|p2a: Arcanine|0 fnt
|-heal|p1b: Hariyama|100/100 brn|[from] drain|[of] p2a: Arcanine
|faint|p2a: Arcanine
|
|-weather|Snowscape|[upkeep]
|-damage|p1b: Hariyama|95/100 brn|[from] brn
|-fieldend|move: Trick Room
|upkeep
|
|t:|1756835960
|switch|p2a: Blastoise|Blastoise, L50, M|100/100
|turn|7
|
|t:|1756835983
|switch|p2b: Comfey|Comfey, L50, M|82/100
|-terastallize|p2a: Blastoise|Ghost
|move|p2a: Blastoise|Shell Smash|p2a: Blastoise
|-unboost|p2a: Blastoise|def|1
|-unboost|p2a: Blastoise|spd|1
|-boost|p2a: Blastoise|atk|2
|-boost|p2a: Blastoise|spa|2
|-boost|p2a: Blastoise|spe|2
|move|p1b: Hariyama|Knock Off|p2a: Blastoise
|-supereffective|p2a: Blastoise
|-damage|p2a: Blastoise|8/100
|-enditem|p2a: Blastoise|Sitrus Berry|[from] move: Knock Off|[of] p1b: Hariyama
|move|p1a: Dragalge|Dragon Pulse|p2a: Blastoise
|-damage|p2a: Blastoise|0 fnt
|faint|p2a: Blastoise
|-damage|p1a: Dragalge|67/100|[from] item: Life Orb
|
|-weather|Snowscape|[upkeep]
|-damage|p1b: Hariyama|89/100 brn|[from] brn
|upkeep
|-message|squigglybuff forfeited.
|
|win|influxxyyy
|c|☆influxxyyy|gg
|l|‽squigglybuff
|player|p2|
