|j|☆PTP_VGC
|j|☆fanman64
|html|PTP_VGCfanman64    
|uhtml|bestof|Game 2 of a best-of-3
|t:|1755201316
|gametype|doubles
|player|p1|PTP_VGC|169|1288
|player|p2|fanman64|volkner|1256
|gen|9
|tier|[Gen 9] VGC 2025 Reg H (Bo3)
|rated|
|rule|Species Clause: Limit one of each Pokémon
|rule|Item Clause: Limit 1 of each item
|clearpoke
|poke|p1|Arcanine-Hisui, L50, M|
|poke|p1|Weezing, L50, F|
|poke|p1|Porygon2, L50|
|poke|p1|Weavile, L50, F|
|poke|p1|Pawmot, L50, F|
|poke|p1|Toedscruel, L50, F|
|poke|p2|Tyranitar, L50, M|
|poke|p2|Magmar, L50, F|
|poke|p2|Whimsicott, L50, M|
|poke|p2|Basculegion, L50, M|
|poke|p2|Rillaboom, L50, M|
|poke|p2|Kommo-o, L50, F|
|teampreview|4
|showteam|p1|Arcanine-Hisui||AbilityShield|Intimidate|FlareBlitz,RockSlide,ExtremeSpeed,Protect|||M|||50|,,,,,Ghost]Weezing||SitrusBerry|NeutralizingGas|SludgeBomb,WillOWisp,Taunt,Protect|||F|||50|,,,,,Grass]Porygon2||Eviolite|Download|TeraBlast,IceBeam,Recover,TrickRoom||||||50|,,,,,Water]Weavile||WideLens|Pressure|KnockOff,TripleAxel,FakeOut,Protect|||F|||50|,,,,,Stellar]Pawmot||FocusSash|NaturalCure|DoubleShock,CloseCombat,RevivalBlessing,Protect|||F|||50|,,,,,Stellar]Toedscruel||LifeOrb|MyceliumMight|EarthPower,EnergyBall,Spore,RagePowder|||F|||50|,,,,,Water
|showteam|p2|Tyranitar||AssaultVest|SandStream|RockSlide,KnockOff,LowKick,TeraBlast|||M|||50|,,,,,Flying]Magmar||Eviolite|VitalSpirit|Overheat,FollowMe,Protect,ClearSmog|||F|||50|,,,,,Fairy]Whimsicott||CovertCloak|Prankster|Moonblast,Tailwind,Protect,Encore|||M|||50|,,,,,Ghost]Basculegion||ChoiceScarf|Adaptability|WaveCrash,FlipTurn,LastRespects,AquaJet|||M|||50|,,,,,Water]Rillaboom||MiracleSeed|GrassySurge|WoodHammer,GrassyGlide,FakeOut,Uturn|||M|||50|,,,,,Grass]Kommo-o||ThroatSpray|Soundproof|ClangingScales,Flamethrower,Protect,ClangorousSoul|||F|||50|,,,,,Fire
|inactive|Battle timer is ON: inactive players will automatically lose when time's up. (requested by PTP_VGC)
|
|t:|1755201338
|teamsize|p1|4
|teamsize|p2|4
|start
|switch|p1a: Speedwalker|Weavile, L50, F|100/100
|switch|p1b: gbombsz|Toedscruel, L50, F|100/100
|switch|p2a: Kommo-o|Kommo-o, L50, F|100/100
|switch|p2b: Rillaboom|Rillaboom, L50, M|100/100
|-ability|p1a: Speedwalker|Pressure
|-fieldstart|move: Grassy Terrain|[from] ability: Grassy Surge|[of] p2b: Rillaboom
|turn|1
|
|t:|1755201360
|move|p2a: Kommo-o|Protect|p2a: Kommo-o
|-singleturn|p2a: Kommo-o|Protect
|move|p1a: Speedwalker|Triple Axel|p2b: Rillaboom
|-supereffective|p2b: Rillaboom
|-damage|p2b: Rillaboom|80/100
|-supereffective|p2b: Rillaboom
|-damage|p2b: Rillaboom|45/100
|-supereffective|p2b: Rillaboom
|-damage|p2b: Rillaboom|0 fnt
|faint|p2b: Rillaboom
|-hitcount|p2: Rillaboom|3
|move|p1b: gbombsz|Spore|p2a: Kommo-o
|-activate|p2a: Kommo-o|move: Protect
|
|upkeep
|
|t:|1755201365
|switch|p2b: Magmar|Magmar, L50, F|100/100
|turn|2
|
|t:|1755201374
|-terastallize|p2b: Magmar|Fairy
|move|p2b: Magmar|Follow Me|p2b: Magmar
|-singleturn|p2b: Magmar|move: Follow Me
|move|p1a: Speedwalker|Knock Off|p2b: Magmar
|-resisted|p2b: Magmar
|-damage|p2b: Magmar|82/100
|-enditem|p2b: Magmar|Eviolite|[from] move: Knock Off|[of] p1a: Speedwalker
|move|p1b: gbombsz|Earth Power|p2b: Magmar
|-damage|p2b: Magmar|27/100
|-damage|p1b: gbombsz|91/100|[from] item: Life Orb
|move|p2a: Kommo-o|Clangorous Soul|p2a: Kommo-o
|-boost|p2a: Kommo-o|atk|1
|-boost|p2a: Kommo-o|def|1
|-boost|p2a: Kommo-o|spa|1
|-boost|p2a: Kommo-o|spd|1
|-boost|p2a: Kommo-o|spe|1
|-damage|p2a: Kommo-o|68/100
|-enditem|p2a: Kommo-o|Throat Spray
|-boost|p2a: Kommo-o|spa|1|[from] item: Throat Spray
|
|-heal|p2a: Kommo-o|74/100|[from] Grassy Terrain
|-heal|p1b: gbombsz|97/100|[from] Grassy Terrain
|-heal|p2b: Magmar|33/100|[from] Grassy Terrain
|upkeep
|turn|3
|
|t:|1755201396
|move|p2b: Magmar|Follow Me|p2b: Magmar
|-singleturn|p2b: Magmar|move: Follow Me
|move|p1a: Speedwalker|Triple Axel|p2b: Magmar
|-damage|p2b: Magmar|21/100
|-damage|p2b: Magmar|0 fnt
|faint|p2b: Magmar
|-hitcount|p2: Magmar|2
|move|p2a: Kommo-o|Clanging Scales|p1a: Speedwalker|[spread] p1a,p1b
|-damage|p1a: Speedwalker|0 fnt
|-damage|p1b: gbombsz|27/100
|faint|p1a: Speedwalker
|-unboost|p2a: Kommo-o|def|1
|move|p1b: gbombsz|Spore|p2a: Kommo-o
|-status|p2a: Kommo-o|slp|[from] move: Spore
|
|-heal|p2a: Kommo-o|80/100 slp|[from] Grassy Terrain
|-heal|p1b: gbombsz|33/100|[from] Grassy Terrain
|upkeep
|
|t:|1755201415
|switch|p1a: Funky Duck|Porygon2, L50|100/100
|switch|p2b: Basculegion|Basculegion, L50, M|100/100
|-ability|p1a: Funky Duck|Download|boost
|-boost|p1a: Funky Duck|atk|1
|turn|4
|
|t:|1755201429
|move|p1b: gbombsz|Rage Powder|p1b: gbombsz
|-singleturn|p1b: gbombsz|move: Rage Powder
|move|p2b: Basculegion|Wave Crash|p1b: gbombsz
|-damage|p1b: gbombsz|0 fnt
|faint|p1b: gbombsz
|-damage|p2b: Basculegion|92/100|[from] Recoil
|cant|p2a: Kommo-o|slp
|move|p1a: Funky Duck|Trick Room|p1a: Funky Duck
|-fieldstart|move: Trick Room|[of] p1a: Funky Duck
|
|-heal|p2a: Kommo-o|86/100 slp|[from] Grassy Terrain
|-heal|p2b: Basculegion|98/100|[from] Grassy Terrain
|upkeep
|
|t:|1755201433
|switch|p1b: Back Pocket|Pawmot, L50, F|100/100
|turn|5
|
|t:|1755201448
|-terastallize|p1b: Back Pocket|Stellar
|move|p1a: Funky Duck|Ice Beam|p2a: Kommo-o
|-supereffective|p2a: Kommo-o
|-damage|p2a: Kommo-o|51/100 slp
|move|p1b: Back Pocket|Double Shock|p2b: Basculegion
|-supereffective|p2b: Basculegion
|-damage|p2b: Basculegion|0 fnt
|-start|p1b: Back Pocket|typechange|Electric/Fighting|[from] move: Double Shock
|faint|p2b: Basculegion
|-curestatus|p2a: Kommo-o|slp|[msg]
|move|p2a: Kommo-o|Clanging Scales|p1b: Back Pocket|[spread] p1a,p1b
|-damage|p1a: Funky Duck|52/100
|-enditem|p1b: Back Pocket|Focus Sash
|-damage|p1b: Back Pocket|1/100
|-unboost|p2a: Kommo-o|def|1
|
|-heal|p1a: Funky Duck|58/100|[from] Grassy Terrain
|-heal|p1b: Back Pocket|7/100|[from] Grassy Terrain
|-heal|p2a: Kommo-o|57/100|[from] Grassy Terrain
|-fieldend|move: Grassy Terrain
|upkeep
|turn|6
|
|t:|1755201472
|move|p1a: Funky Duck|Recover|p1a: Funky Duck
|-heal|p1a: Funky Duck|100/100
|move|p1b: Back Pocket|Close Combat|p2a: Kommo-o
|-damage|p2a: Kommo-o|0 fnt
|-unboost|p1b: Back Pocket|def|1
|-unboost|p1b: Back Pocket|spd|1
|faint|p2a: Kommo-o
|
|win|PTP_VGC
|raw|PTP_VGC's rating: 1288 → 1311(+23 for winning)
|raw|fanman64's rating: 1256 → 1233(-23 for losing)
