|j|☆snailboss
|j|☆nicven
|html|snailbossnicven    
|uhtml|bestof|Game 3 of a best-of-3
|t:|1755824886
|gametype|doubles
|player|p1|snailboss|hilda-wonderlauncher|1282
|player|p2|nicven|169|1312
|gen|9
|tier|[Gen 9] VGC 2025 Reg H (Bo3)
|rated|
|rule|Species Clause: Limit one of each Pokémon
|rule|Item Clause: Limit 1 of each item
|clearpoke
|poke|p1|Kingambit, L50, M|
|poke|p1|Zoroark-Hisui, L50, M|
|poke|p1|Rillaboom, L50, M|
|poke|p1|Volcarona, L50, M|
|poke|p1|Tauros-Paldea-Aqua, L50, M|
|poke|p1|Clefable, L50, F|
|poke|p2|Ninetales-Alola, L50, F|
|poke|p2|Ursaluna-Bloodmoon, L50, M|
|poke|p2|Maushold-Four, L50|
|poke|p2|Annihilape, L50, M|
|poke|p2|Klefki, L50, F|
|poke|p2|Sinistcha-Masterpiece, L50|
|teampreview|4
|showteam|p1|Kingambit||BlackGlasses|Defiant|SuckerPunch,KowtowCleave,SwordsDance,Protect|||M|||50|,,,,,Ghost]Zoroark-Hisui||ChoiceSpecs|Illusion|HyperVoice,ShadowBall,HyperBeam,Flamethrower|||M|||50|,,,,,Normal]Rillaboom||AssaultVest|GrassySurge|FakeOut,GrassyGlide,WoodHammer,HighHorsepower|||M|||50|,,,,,Fire]Volcarona||CovertCloak|FlameBody|QuiverDance,HeatWave,GigaDrain,Protect|||M|||50|,,,,,Grass]Tauros-Paldea-Aqua||GrassySeed|Intimidate|WaveCrash,BodyPress,Protect,AquaJet|||M|||50|,,,,,Fire]Clefable||SafetyGoggles|Unaware|Moonblast,FollowMe,Protect,HelpingHand|||F|||50|,,,,,Ghost
|showteam|p2|Ninetales-Alola||FocusSash|SnowWarning|Protect,Encore,FreezeDry,Blizzard|||F|||50|,,,,,Ghost]Ursaluna-Bloodmoon||AssaultVest|MindsEye|BloodMoon,EarthPower,HyperVoice,VacuumWave|||M|||50|,,,,,Water]Maushold-Four||SafetyGoggles|FriendGuard|FollowMe,Taunt,Protect,BeatUp||||||50|,,,,,Ghost]Annihilape||Leftovers|Defiant|Protect,RageFist,BulkUp,DrainPunch|||M|||50|,,,,,Fire]Klefki||LightClay|Prankster|DazzlingGleam,LightScreen,Reflect,MistyTerrain|||F|||50|,,,,,Ghost]Sinistcha-Masterpiece||SitrusBerry|Hospitality|MatchaGotcha,RagePowder,LifeDew,TrickRoom||||||50|,,,,,Water
|
|t:|1755824938
|teamsize|p1|4
|teamsize|p2|4
|start
|switch|p1a: Kingambit|Kingambit, L50, M|100/100
|switch|p1b: Rillaboom|Rillaboom, L50, M|100/100
|switch|p2a: Annihilape|Annihilape, L50, M|100/100
|switch|p2b: Maushold|Maushold-Four, L50|100/100
|-fieldstart|move: Grassy Terrain|[from] ability: Grassy Surge|[of] p1b: Rillaboom
|turn|1
|
|t:|1755824966
|-terastallize|p2b: Maushold|Ghost
|move|p1a: Kingambit|Shadow Ball|p2a: Annihilape
|-supereffective|p2a: Annihilape
|-damage|p2a: Annihilape|12/100
|move|p2b: Maushold|Beat Up|p2a: Annihilape
|-damage|p2a: Annihilape|10/100
|-damage|p2a: Annihilape|8/100
|-damage|p2a: Annihilape|6/100
|-damage|p2a: Annihilape|4/100
|-hitcount|p2a: Annihilape|4
|move|p2a: Annihilape|Drain Punch|p1a: Kingambit
|-immune|p1a: Kingambit
|move|p1b: Rillaboom|Wood Hammer|p2b: Maushold
|-damage|p2b: Maushold|20/100
|-damage|p1b: Rillaboom|77/100|[from] Recoil
|
|-heal|p2b: Maushold|26/100|[from] Grassy Terrain
|-heal|p2a: Annihilape|10/100|[from] Grassy Terrain
|-heal|p2a: Annihilape|16/100|[from] item: Leftovers
|-heal|p1b: Rillaboom|83/100|[from] Grassy Terrain
|upkeep
|turn|2
|
|t:|1755825001
|switch|p2a: Ursaluna|Ursaluna-Bloodmoon, L50, M|100/100
|move|p2b: Maushold|Protect|p2b: Maushold
|-singleturn|p2b: Maushold|Protect
|move|p1b: Rillaboom|Grassy Glide|p2a: Ursaluna
|-supereffective|p2a: Ursaluna
|-damage|p2a: Ursaluna|60/100
|move|p1a: Kingambit|Shadow Ball|p2a: Ursaluna
|-immune|p2a: Ursaluna
|
|-heal|p2b: Maushold|33/100|[from] Grassy Terrain
|-heal|p1b: Rillaboom|89/100|[from] Grassy Terrain
|-heal|p2a: Ursaluna|66/100|[from] Grassy Terrain
|upkeep
|turn|3
|
|t:|1755825046
|switch|p1a: Tauros|Tauros-Paldea-Aqua, L50, M|100/100
|-ability|p1a: Tauros|Intimidate|boost
|-unboost|p2a: Ursaluna|atk|1
|-unboost|p2b: Maushold|atk|1
|-enditem|p1a: Tauros|Grassy Seed
|-boost|p1a: Tauros|def|1|[from] item: Grassy Seed
|move|p2b: Maushold|Follow Me|p2b: Maushold
|-singleturn|p2b: Maushold|move: Follow Me
|move|p1b: Rillaboom|Grassy Glide|p2b: Maushold
|-damage|p2b: Maushold|0 fnt
|faint|p2b: Maushold
|move|p2a: Ursaluna|Hyper Voice|p1a: Tauros|[spread] p1a,p1b
|-damage|p1a: Tauros|37/100
|-damage|p1b: Rillaboom|60/100
|
|-heal|p1a: Tauros|43/100|[from] Grassy Terrain
|-heal|p1b: Rillaboom|66/100|[from] Grassy Terrain
|-heal|p2a: Ursaluna|72/100|[from] Grassy Terrain
|upkeep
|
|t:|1755825067
|switch|p2b: Ninetales|Ninetales-Alola, L50, F|100/100
|-weather|Snowscape|[from] ability: Snow Warning|[of] p2b: Ninetales
|turn|4
|
|t:|1755825101
|switch|p1b: Kingambit|Kingambit, L50, M|100/100
|switch|p2a: Annihilape|Annihilape, L50, M|16/100
|-terastallize|p1a: Tauros|Fire
|move|p2b: Ninetales|Freeze-Dry|p1a: Tauros
|-resisted|p1a: Tauros
|-damage|p1a: Tauros|23/100
|move|p1a: Tauros|Body Press|p2a: Annihilape
|-immune|p2a: Annihilape
|
|-weather|Snowscape|[upkeep]
|-heal|p2a: Annihilape|23/100|[from] Grassy Terrain
|-heal|p2a: Annihilape|29/100|[from] item: Leftovers
|-heal|p1a: Tauros|29/100|[from] Grassy Terrain
|upkeep
|turn|5
|
|t:|1755825137
|move|p2b: Ninetales|Encore|p1a: Tauros
|-start|p1a: Tauros|Encore
|move|p2a: Annihilape|Drain Punch|p1b: Kingambit
|-supereffective|p1b: Kingambit
|-damage|p1b: Kingambit|4/100
|-heal|p2a: Annihilape|74/100|[from] drain|[of] p1b: Kingambit
|move|p1a: Tauros|Body Press|p2a: Annihilape
|-immune|p2a: Annihilape
|move|p1b: Kingambit|Swords Dance|p1b: Kingambit
|-boost|p1b: Kingambit|atk|2
|
|-weather|Snowscape|[upkeep]
|-heal|p2a: Annihilape|80/100|[from] Grassy Terrain
|-heal|p2a: Annihilape|86/100|[from] item: Leftovers
|-heal|p1a: Tauros|35/100|[from] Grassy Terrain
|-heal|p1b: Kingambit|10/100|[from] Grassy Terrain
|-fieldend|move: Grassy Terrain
|upkeep
|turn|6
|
|t:|1755825157
|move|p1b: Kingambit|Sucker Punch||[still]
|-fail|p1b: Kingambit
|move|p2b: Ninetales|Encore|p1b: Kingambit
|-start|p1b: Kingambit|Encore
|move|p2a: Annihilape|Bulk Up|p2a: Annihilape
|-boost|p2a: Annihilape|atk|1
|-boost|p2a: Annihilape|def|1
|move|p1a: Tauros|Body Press|p2b: Ninetales
|-damage|p2b: Ninetales|44/100
|
|-weather|Snowscape|[upkeep]
|-heal|p2a: Annihilape|92/100|[from] item: Leftovers
|upkeep
|turn|7
|
|t:|1755825202
|move|p2b: Ninetales|Protect|p2b: Ninetales
|-singleturn|p2b: Ninetales|Protect
|move|p1b: Kingambit|Sucker Punch|p2a: Annihilape
|-damage|p2a: Annihilape|23/100
|move|p2a: Annihilape|Rage Fist|p1b: Kingambit
|-resisted|p1b: Kingambit
|-damage|p1b: Kingambit|0 fnt
|faint|p1b: Kingambit
|move|p1a: Tauros|Body Press|p2b: Ninetales
|-activate|p2b: Ninetales|move: Protect
|
|-weather|Snowscape|[upkeep]
|-heal|p2a: Annihilape|29/100|[from] item: Leftovers
|-end|p1a: Tauros|Encore
|upkeep
|inactive|Battle timer is ON: inactive players will automatically lose when time's up. (requested by snailboss)
|
|t:|1755825214
|switch|p1b: Rillaboom|Rillaboom, L50, M|66/100
|-fieldstart|move: Grassy Terrain|[from] ability: Grassy Surge|[of] p1b: Rillaboom
|turn|8
|inactive|nicven has 30 seconds left.
|inactive|snailboss has 30 seconds left.
|
|t:|1755825261
|move|p2a: Annihilape|Protect|p2a: Annihilape
|-singleturn|p2a: Annihilape|Protect
|move|p1b: Rillaboom|Fake Out|p2b: Ninetales
|-damage|p2b: Ninetales|30/100
|cant|p2b: Ninetales|flinch
|move|p1a: Tauros|Body Press|p2b: Ninetales
|-damage|p2b: Ninetales|0 fnt
|faint|p2b: Ninetales
|
|-weather|none
|-heal|p2a: Annihilape|35/100|[from] Grassy Terrain
|-heal|p2a: Annihilape|41/100|[from] item: Leftovers
|-heal|p1a: Tauros|41/100|[from] Grassy Terrain
|-heal|p1b: Rillaboom|72/100|[from] Grassy Terrain
|upkeep
|
|t:|1755825277
|switch|p2b: Ursaluna|Ursaluna-Bloodmoon, L50, M|72/100
|turn|9
|
|t:|1755825291
|move|p2a: Annihilape|Rage Fist|p1a: Tauros
|-damage|p1a: Tauros|0 fnt
|faint|p1a: Tauros
|move|p1b: Rillaboom|Wood Hammer|p2b: Ursaluna
|-supereffective|p2b: Ursaluna
|-damage|p2b: Ursaluna|0 fnt
|faint|p2b: Ursaluna
|-damage|p1b: Rillaboom|48/100|[from] Recoil
|
|-heal|p2a: Annihilape|47/100|[from] Grassy Terrain
|-heal|p2a: Annihilape|54/100|[from] item: Leftovers
|-heal|p1b: Rillaboom|53/100|[from] Grassy Terrain
|upkeep
|
|t:|1755825300
|switch|p1a: Rillaboom|Rillaboom, L50, M|100/100
|turn|10
|-message|nicven forfeited.
|
|win|snailboss
|raw|snailboss's rating: 1282 → 1309(+27 for winning)
|raw|nicven's rating: 1312 → 1290(-22 for losing)
|l|☆nicven
|player|p2|
