|j|☆AncientFuture
|j|☆xolo13
|html|AncientFuturexolo13    
|uhtml|bestof|Game 2 of a best-of-3
|t:|1785026273
|gametype|doubles
|player|p1|AncientFuture|juan|
|player|p2|xolo13|hoopster|
|gen|9
|tier|[Gen 9 Champions] VGC 2026 Reg M-B (Bo3)
|rule|Species Clause: Limit one of each Pokémon
|rule|Item Clause: Limit 1 of each item
|clearpoke
|poke|p1|Incineroar, L50, M|
|poke|p1|Sneasler, L50, F|
|poke|p1|Sinistcha, L50|
|poke|p1|Floette-Eternal, L50, F|
|poke|p1|Aerodactyl, L50, M|
|poke|p1|Gyarados, L50, F|
|poke|p2|Venusaur, L50, F|
|poke|p2|Grimmsnarl, L50, M|
|poke|p2|Pelipper, L50, F|
|poke|p2|Archaludon, L50, F|
|poke|p2|Charizard, L50, M|
|poke|p2|Basculegion, L50, M|
|teampreview|4
|showteam|p1|Incineroar||SitrusBerry|Intimidate|ThroatChop,PartingShot,FlareBlitz,FakeOut|Impish||M|||50|]Sneasler||WhiteHerb|Unburden|FakeOut,CloseCombat,DireClaw,Coaching|Adamant||F|||50|]Sinistcha||ColburBerry|Hospitality|MatchaGotcha,RagePowder,LifeDew,TrickRoom|Calm|||||50|]Floette-Eternal||Floettite|FlowerVeil|DrainingKiss,DazzlingGleam,CalmMind,Protect|Modest||F|||50|]Aerodactyl||FocusSash|Unnerve|RockSlide,DualWingbeat,Protect,Tailwind|Jolly||M|||50|]Gyarados||Gyaradosite|Intimidate|Waterfall,LashOut,DragonDance,Protect|Adamant||F|||50|
|showteam|p2|Venusaur||FocusSash|Chlorophyll|SludgeBomb,EarthPower,SleepPowder,Protect|Timid||F|||50|]Grimmsnarl||LightClay|Prankster|SpiritBreak,Reflect,LightScreen,PartingShot|Careful||M|||50|]Pelipper||SitrusBerry|Drizzle|Hurricane,WeatherBall,Tailwind,WideGuard|Modest||F|||50|]Archaludon||Leftovers|Stamina|DragonPulse,FlashCannon,ElectroShot,Protect|Modest||F|||50|]Charizard||CharizarditeY|Blaze|HeatWave,SolarBeam,WeatherBall,Protect|Modest||M|||50|]Basculegion||ChoiceScarf|Adaptability|WaveCrash,FlipTurn,LastRespects,AquaJet|Jolly||M|||50|
|j| RunningRad
|j| Evelyie
|inactive|Battle timer is ON: inactive players will automatically lose when time's up. (requested by xolo13)
|j| eevee1ynn
|inactive|xolo13 has 60 seconds left.
|inactive|AncientFuture has 60 seconds left.
|
|t:|1785026325
|teamsize|p1|4
|teamsize|p2|4
|start
|switch|p1a: Incineroar|Incineroar, L50, M|100/100
|switch|p1b: Floette|Floette-Eternal, L50, F|100/100
|switch|p2a: Charizard|Charizard, L50, M|100/100
|switch|p2b: Venusaur|Venusaur, L50, F|100/100
|-ability|p1a: Incineroar|Intimidate|boost
|-unboost|p2a: Charizard|atk|1
|-unboost|p2b: Venusaur|atk|1
|turn|1
|j| blackpinklisahater
|inactive|AncientFuture has 30 seconds left.
|
|t:|1785026351
|detailschange|p1b: Floette|Floette-Mega, L50, F
|-mega|p1b: Floette|Floette|Floettite
|-ability|p1b: Floette|Fairy Aura
|detailschange|p2a: Charizard|Charizard-Mega-Y, L50, M
|-mega|p2a: Charizard|Charizard|Charizardite Y
|-weather|SunnyDay|[from] ability: Drought|[of] p2a: Charizard
|move|p1a: Incineroar|Fake Out|p2b: Venusaur
|-damage|p2b: Venusaur|87/100
|cant|p2b: Venusaur|flinch
|move|p1b: Floette|Dazzling Gleam|p2a: Charizard|[spread] p2a,p2b
|-resisted|p2a: Charizard|1
|-resisted|p2b: Venusaur|1
|-damage|p2a: Charizard|81/100
|-damage|p2b: Venusaur|63/100
|move|p2a: Charizard|Heat Wave|p1b: Floette|[spread] p1a,p1b
|-resisted|p1a: Incineroar|1
|-crit|p1a: Incineroar
|-damage|p1a: Incineroar|57/100
|-damage|p1b: Floette|58/100
|-status|p1b: Floette|brn
|
|-weather|SunnyDay|[upkeep]
|-damage|p1b: Floette|52/100 brn|[from] brn
|upkeep
|turn|2
|inactive|AncientFuture has 30 seconds left.
|inactive|xolo13 has 30 seconds left.
|inactive|AncientFuture has 20 seconds left.
|inactive|AncientFuture has 15 seconds left.
|j| iamTay
|inactive|AncientFuture has 10 seconds left.
|
|t:|1785026400
|move|p1b: Floette|Protect|p1b: Floette
|-singleturn|p1b: Floette|Protect
|move|p2b: Venusaur|Sleep Powder|p1a: Incineroar|[miss]
|-miss|p2b: Venusaur|p1a: Incineroar
|move|p2a: Charizard|Weather Ball|p1b: Floette
|-activate|p1b: Floette|move: Protect
|move|p1a: Incineroar|Flare Blitz|p2b: Venusaur
|-supereffective|p2b: Venusaur|1
|-damage|p2b: Venusaur|0 fnt
|faint|p2b: Venusaur
|-damage|p1a: Incineroar|41/100|[from] Recoil
|-enditem|p1a: Incineroar|Sitrus Berry|[eat]
|-heal|p1a: Incineroar|66/100|[from] item: Sitrus Berry
|
|-weather|SunnyDay|[upkeep]
|-damage|p1b: Floette|46/100 brn|[from] brn
|upkeep
|j| Izzywooperstan
|
|t:|1785026416
|switch|p2b: Grimmsnarl|Grimmsnarl, L50, M|100/100
|turn|3
|
|t:|1785026431
|switch|p1a: Sinistcha|Sinistcha, L50|100/100
|-heal|p1b: Floette|71/100 brn|[from] ability: Hospitality|[of] p1a: Sinistcha
|move|p2b: Grimmsnarl|Parting Shot|p1b: Floette
|-unboost|p1b: Floette|atk|1
|-unboost|p1b: Floette|spa|1
|
|t:|1785026438
|switch|p2b: Basculegion|Basculegion, L50, M|100/100|[from] Parting Shot
|move|p1b: Floette|Draining Kiss|p2b: Basculegion
|-damage|p2b: Basculegion|70/100
|-heal|p1b: Floette|96/100 brn|[from] drain|[of] p2b: Basculegion
|move|p2a: Charizard|Weather Ball|p1b: Floette
|-damage|p1b: Floette|29/100 brn
|
|-weather|SunnyDay|[upkeep]
|-damage|p1b: Floette|23/100 brn|[from] brn
|upkeep
|turn|4
|inactive|AncientFuture has 30 seconds left.
|inactive|xolo13 has 30 seconds left.
|inactive|xolo13 has 20 seconds left.
|inactive|xolo13 has 15 seconds left.
|
|t:|1785026481
|move|p1a: Sinistcha|Rage Powder|p1a: Sinistcha
|-singleturn|p1a: Sinistcha|move: Rage Powder
|move|p2b: Basculegion|Last Respects|p1a: Sinistcha
|-supereffective|p1a: Sinistcha|1
|-damage|p1a: Sinistcha|0 fnt
|faint|p1a: Sinistcha
|move|p1b: Floette|Draining Kiss|p2b: Basculegion
|-damage|p2b: Basculegion|39/100
|-heal|p1b: Floette|50/100y brn|[from] drain|[of] p2b: Basculegion
|move|p2a: Charizard|Weather Ball|p1b: Floette
|-damage|p1b: Floette|0 fnt
|faint|p1b: Floette
|
|-weather|SunnyDay|[upkeep]
|upkeep
|
|t:|1785026492
|switch|p1b: Incineroar|Incineroar, L50, M|66/100
|switch|p1a: Sneasler|Sneasler, L50, F|100/100
|-ability|p1b: Incineroar|Intimidate|boost
|-unboost|p2a: Charizard|atk|1
|-unboost|p2b: Basculegion|atk|1
|turn|5
|inactive|xolo13 has 30 seconds left.
|inactive|xolo13 has 20 seconds left.
|inactive|xolo13 has 15 seconds left.
|inactive|xolo13 has 10 seconds left.
|inactive|xolo13 has 5 seconds left.
|
|t:|1785026545
|switch|p2b: Grimmsnarl|Grimmsnarl, L50, M|100/100
|move|p1a: Sneasler|Fake Out|p2a: Charizard
|-damage|p2a: Charizard|70/100
|cant|p2a: Charizard|flinch
|move|p1b: Incineroar|Flare Blitz|p2b: Grimmsnarl
|-damage|p2b: Grimmsnarl|25/100
|-damage|p1b: Incineroar|41/100|[from] Recoil
|
|-weather|none
|upkeep
|turn|6
|
|t:|1785026569
|move|p2b: Grimmsnarl|Reflect|p2b: Grimmsnarl
|-sidestart|p2: xolo13|Reflect
|move|p1a: Sneasler|Close Combat|p2b: Grimmsnarl
|-damage|p2b: Grimmsnarl|0 fnt
|-unboost|p1a: Sneasler|def|1
|-unboost|p1a: Sneasler|spd|1
|faint|p2b: Grimmsnarl
|-enditem|p1a: Sneasler|White Herb
|-clearnegativeboost|p1a: Sneasler|[silent]
|move|p2a: Charizard|Heat Wave|p1b: Incineroar|[spread] p1a,p1b
|-resisted|p1b: Incineroar|1
|-damage|p1a: Sneasler|52/100
|-damage|p1b: Incineroar|23/100
|move|p1b: Incineroar|Throat Chop|p2a: Charizard
|-damage|p2a: Charizard|50/100g
|-start|p2a: Charizard|Throat Chop|[silent]
|
|upkeep
|
|t:|1785026573
|switch|p2b: Basculegion|Basculegion, L50, M|39/100
|turn|7
|inactive|AncientFuture has 30 seconds left.
|inactive|xolo13 has 30 seconds left.
|inactive|AncientFuture has 20 seconds left.
|inactive|AncientFuture has 15 seconds left.
|inactive|xolo13 has 20 seconds left.
|inactive|xolo13 has 15 seconds left.
|
|t:|1785026621
|move|p2b: Basculegion|Aqua Jet|p1b: Incineroar
|-supereffective|p1b: Incineroar|1
|-damage|p1b: Incineroar|0 fnt
|faint|p1b: Incineroar
|move|p1a: Sneasler|Dire Claw|p2b: Basculegion
|-resisted|p2b: Basculegion|1
|-damage|p2b: Basculegion|25/100
|move|p2a: Charizard|Heat Wave|p1a: Sneasler
|-damage|p1a: Sneasler|0 fnt
|faint|p1a: Sneasler
|
|win|xolo13
|c|☆xolo13|Gg
|l| Evelyie
|l| iamTay
|c|☆AncientFuture|gg
|l| blackpinklisahater
|l| Izzywooperstan
|l|☆xolo13
|player|p2|
|l| eevee1ynn
|l| RunningRad
|j| PolaroidVGC
|l| PolaroidVGC
|l|☆AncientFuture
|player|p1|
|j| blackpinklisahater
