|j|☆Seris03
|j|☆craqui butaneroc
|html|Seris03craqui butaneroc    
|uhtml|bestof|Game 1 of a best-of-3
|t:|1757099807
|gametype|doubles
|player|p1|Seris03|serena|1085
|player|p2|craqui butaneroc|169|1122
|gen|9
|tier|[Gen 9] VGC 2025 Reg H (Bo3)
|rated|
|rule|Species Clause: Limit one of each Pokémon
|rule|Item Clause: Limit 1 of each item
|clearpoke
|poke|p1|Dragonite, L50, F|
|poke|p1|Sneasler, L50, F|
|poke|p1|Electabuzz, L50, M|
|poke|p1|Rillaboom, L50, M|
|poke|p1|Volcarona, L50, M|
|poke|p1|Kingambit, L50, F|
|poke|p2|Archaludon, L50, F|
|poke|p2|Pelipper, L50, F|
|poke|p2|Basculegion, L50, M|
|poke|p2|Dragonite, L50, F|
|poke|p2|Incineroar, L50, M|
|poke|p2|Sinistcha-Masterpiece, L50|
|teampreview|4
|showteam|p1|Dragonite||LoadedDice|Multiscale|ScaleShot,ExtremeSpeed,Haze,Protect|||F|||50|,,,,,Fairy]Sneasler||FocusSash|Unburden|DireClaw,CloseCombat,FakeOut,Coaching|||F|||50|,,,,,Ghost]Electabuzz||Eviolite|VitalSpirit|Electroweb,FollowMe,Taunt,Protect|||M|||50|,,,,,Ghost]Rillaboom||AssaultVest|GrassySurge|WoodHammer,GrassyGlide,FakeOut,Uturn|||M|||50|,,,,,Fire]Volcarona||CovertCloak|FlameBody|HeatWave,TeraBlast,QuiverDance,Protect|||M|||50|,,,,,Fairy]Kingambit||BlackGlasses|Defiant|KowtowCleave,SuckerPunch,SwordsDance,Protect|||F|||50|,,,,,Dark
|showteam|p2|Archaludon||AssaultVest|Stamina|BodyPress,ElectroShot,DracoMeteor,FlashCannon|||F|||50|,,,,,Fighting]Pelipper||FocusSash|Drizzle|Hurricane,MuddyWater,WideGuard,Tailwind|||F|||50|,,,,,Ground]Basculegion||LifeOrb|SwiftSwim|WaveCrash,AquaJet,LastRespects,Protect|||M|||50|,,,,,Water]Dragonite||LoadedDice|InnerFocus|ScaleShot,IceSpinner,Encore,Protect|||F|||50|,,,,,Fairy]Incineroar||SafetyGoggles|Intimidate|FakeOut,KnockOff,PartingShot,FlareBlitz|||M|||50|,,,,,Water]Sinistcha-Masterpiece||SitrusBerry|Hospitality|MatchaGotcha,LifeDew,RagePowder,Protect||||||50|,,,,,Water
|c|☆Seris03|glhf
|c|☆craqui butaneroc|gl
|inactive|Battle timer is ON: inactive players will automatically lose when time's up. (requested by craqui butaneroc)
|inactive|Seris03 has 60 seconds left.
|
|t:|1757099894
|teamsize|p1|4
|teamsize|p2|4
|start
|switch|p1a: Sneasler|Sneasler, L50, F|100/100
|switch|p1b: Kingambit|Kingambit, L50, F|100/100
|switch|p2a: Chiquitol|Pelipper, L50, F|100/100
|switch|p2b: Leo Harlem|Dragonite, L50, F|100/100
|-weather|RainDance|[from] ability: Drizzle|[of] p2a: Chiquitol
|turn|1
|
|t:|1757099920
|move|p1a: Sneasler|Fake Out|p2a: Chiquitol
|-damage|p2a: Chiquitol|84/100
|cant|p2a: Chiquitol|flinch
|move|p2b: Leo Harlem|Encore|p1a: Sneasler
|-start|p1a: Sneasler|Encore
|move|p1b: Kingambit|Swords Dance|p1b: Kingambit
|-boost|p1b: Kingambit|atk|2
|
|-weather|RainDance|[upkeep]
|upkeep
|turn|2
|inactive|craqui butaneroc has 30 seconds left.
|
|t:|1757099947
|switch|p1a: Electabuzz|Electabuzz, L50, M|100/100
|move|p1b: Kingambit|Protect|p1b: Kingambit
|-singleturn|p1b: Kingambit|Protect
|move|p2a: Chiquitol|Tailwind|p2a: Chiquitol
|-sidestart|p2: craqui butaneroc|move: Tailwind
|move|p2b: Leo Harlem|Encore|p1b: Kingambit
|-activate|p1b: Kingambit|move: Protect
|
|-weather|RainDance|[upkeep]
|upkeep
|turn|3
|
|t:|1757099965
|move|p2b: Leo Harlem|Protect|p2b: Leo Harlem
|-singleturn|p2b: Leo Harlem|Protect
|move|p1a: Electabuzz|Follow Me|p1a: Electabuzz
|-singleturn|p1a: Electabuzz|move: Follow Me
|move|p2a: Chiquitol|Muddy Water|p1a: Electabuzz|[spread] p1a
|-miss|p2a: Chiquitol|p1b: Kingambit
|-damage|p1a: Electabuzz|77/100
|move|p1b: Kingambit|Kowtow Cleave|p2b: Leo Harlem
|-activate|p2b: Leo Harlem|move: Protect
|
|-weather|RainDance|[upkeep]
|upkeep
|turn|4
|
|t:|1757099980
|-terastallize|p2b: Leo Harlem|Fairy
|move|p1b: Kingambit|Protect|p1b: Kingambit
|-singleturn|p1b: Kingambit|Protect
|move|p2a: Chiquitol|Hurricane|p1b: Kingambit
|-activate|p1b: Kingambit|move: Protect
|move|p2b: Leo Harlem|Scale Shot|p1a: Electabuzz
|-damage|p1a: Electabuzz|64/100
|-damage|p1a: Electabuzz|52/100
|-damage|p1a: Electabuzz|38/100
|-damage|p1a: Electabuzz|26/100
|-damage|p1a: Electabuzz|11/100
|-hitcount|p1a: Electabuzz|5
|-unboost|p2b: Leo Harlem|def|1
|-boost|p2b: Leo Harlem|spe|1
|move|p1a: Electabuzz|Taunt|p2b: Leo Harlem
|-start|p2b: Leo Harlem|move: Taunt
|
|-weather|RainDance|[upkeep]
|upkeep
|turn|5
|inactive|craqui butaneroc has 30 seconds left.
|inactive|craqui butaneroc has 20 seconds left.
|
|t:|1757100016
|switch|p2a: Dani Rovira|Sinistcha-Masterpiece, L50|100/100
|move|p1a: Electabuzz|Protect|p1a: Electabuzz
|-singleturn|p1a: Electabuzz|Protect
|move|p2b: Leo Harlem|Ice Spinner|p1a: Electabuzz
|-activate|p1a: Electabuzz|move: Protect
|move|p1b: Kingambit|Swords Dance|p1b: Kingambit
|-boost|p1b: Kingambit|atk|2
|
|-weather|none
|-sideend|p2: craqui butaneroc|move: Tailwind
|upkeep
|turn|6
|
|t:|1757100034
|switch|p1a: Sneasler|Sneasler, L50, F|100/100
|move|p2a: Dani Rovira|Protect|p2a: Dani Rovira
|-singleturn|p2a: Dani Rovira|Protect
|move|p2b: Leo Harlem|Ice Spinner|p1a: Sneasler
|-damage|p1a: Sneasler|46/100
|move|p1b: Kingambit|Kowtow Cleave|p2a: Dani Rovira
|-activate|p2a: Dani Rovira|move: Protect
|
|upkeep
|turn|7
|
|t:|1757100055
|switch|p2b: Chiquitol|Pelipper, L50, F|84/100
|-weather|RainDance|[from] ability: Drizzle|[of] p2b: Chiquitol
|-terastallize|p1b: Kingambit|Dark
|move|p1a: Sneasler|Dire Claw|p2b: Chiquitol
|-damage|p2b: Chiquitol|35/100
|-status|p2b: Chiquitol|slp
|move|p2a: Dani Rovira|Matcha Gotcha|p1a: Sneasler|[spread] p1a
|-miss|p2a: Dani Rovira|p1b: Kingambit
|-resisted|p1a: Sneasler
|-damage|p1a: Sneasler|31/100
|move|p1b: Kingambit|Kowtow Cleave|p2b: Chiquitol
|-damage|p2b: Chiquitol|0 fnt
|faint|p2b: Chiquitol
|
|-weather|RainDance|[upkeep]
|upkeep
|
|t:|1757100075
|switch|p2b: Leo Harlem|Dragonite, L50, F, tera:Fairy|100/100
|turn|8
|
|t:|1757100096
|move|p2a: Dani Rovira|Rage Powder|p2a: Dani Rovira
|-singleturn|p2a: Dani Rovira|move: Rage Powder
|move|p1b: Kingambit|Sucker Punch||[still]
|-fail|p1b: Kingambit
|move|p1a: Sneasler|Dire Claw|p2a: Dani Rovira
|-damage|p2a: Dani Rovira|67/100
|move|p2b: Leo Harlem|Ice Spinner|p1a: Sneasler
|-damage|p1a: Sneasler|0 fnt
|faint|p1a: Sneasler
|
|-weather|RainDance|[upkeep]
|upkeep
|
|t:|1757100117
|switch|p1a: Electabuzz|Electabuzz, L50, M|11/100
|turn|9
|
|t:|1757100138
|move|p2a: Dani Rovira|Protect|p2a: Dani Rovira
|-singleturn|p2a: Dani Rovira|Protect
|move|p1a: Electabuzz|Follow Me|p1a: Electabuzz
|-singleturn|p1a: Electabuzz|move: Follow Me
|move|p2b: Leo Harlem|Scale Shot|p1a: Electabuzz
|-damage|p1a: Electabuzz|0 fnt
|faint|p1a: Electabuzz
|-hitcount|p1: Electabuzz|1
|-unboost|p2b: Leo Harlem|def|1
|-boost|p2b: Leo Harlem|spe|1
|move|p1b: Kingambit|Kowtow Cleave|p2b: Leo Harlem
|-resisted|p2b: Leo Harlem
|-damage|p2b: Leo Harlem|0 fnt
|faint|p2b: Leo Harlem
|
|-weather|RainDance|[upkeep]
|upkeep
|
|t:|1757100154
|switch|p1a: Rillaboom|Rillaboom, L50, M|100/100
|switch|p2b: Cuñao|Archaludon, L50, F|100/100
|-fieldstart|move: Grassy Terrain|[from] ability: Grassy Surge|[of] p1a: Rillaboom
|turn|10
|inactive|Seris03 has 30 seconds left.
|inactive|Seris03 has 20 seconds left.
|inactive|Seris03 has 15 seconds left.
|
|t:|1757100197
|move|p1b: Kingambit|Protect|p1b: Kingambit
|-singleturn|p1b: Kingambit|Protect
|move|p1a: Rillaboom|Wood Hammer|p2a: Dani Rovira
|-resisted|p2a: Dani Rovira
|-damage|p2a: Dani Rovira|36/100
|-enditem|p2a: Dani Rovira|Sitrus Berry|[eat]
|-heal|p2a: Dani Rovira|61/100|[from] item: Sitrus Berry
|-damage|p1a: Rillaboom|92/100|[from] Recoil
|move|p2b: Cuñao|Body Press|p1b: Kingambit
|-activate|p1b: Kingambit|move: Protect
|move|p2a: Dani Rovira|Matcha Gotcha|p1a: Rillaboom|[spread] p1a
|-activate|p1b: Kingambit|move: Protect
|-resisted|p1a: Rillaboom
|-damage|p1a: Rillaboom|80/100
|-heal|p2a: Dani Rovira|67/100|[from] drain|[of] p1a: Rillaboom
|
|-weather|RainDance|[upkeep]
|-heal|p1a: Rillaboom|86/100|[from] Grassy Terrain
|-heal|p2a: Dani Rovira|74/100|[from] Grassy Terrain
|upkeep
|turn|11
|
|t:|1757100222
|move|p2a: Dani Rovira|Rage Powder|p2a: Dani Rovira
|-singleturn|p2a: Dani Rovira|move: Rage Powder
|move|p1b: Kingambit|Sucker Punch||[still]
|-fail|p1b: Kingambit
|move|p1a: Rillaboom|Wood Hammer|p2a: Dani Rovira
|-resisted|p2a: Dani Rovira
|-damage|p2a: Dani Rovira|39/100
|-damage|p1a: Rillaboom|76/100|[from] Recoil
|move|p2b: Cuñao|Body Press|p1b: Kingambit
|-supereffective|p1b: Kingambit
|-damage|p1b: Kingambit|63/100
|
|-weather|none
|-heal|p1a: Rillaboom|82/100|[from] Grassy Terrain
|-heal|p2a: Dani Rovira|45/100|[from] Grassy Terrain
|-heal|p1b: Kingambit|69/100|[from] Grassy Terrain
|upkeep
|turn|12
|
|t:|1757100243
|move|p1a: Rillaboom|Wood Hammer|p2a: Dani Rovira
|-resisted|p2a: Dani Rovira
|-damage|p2a: Dani Rovira|11/100
|-damage|p1a: Rillaboom|72/100|[from] Recoil
|move|p2b: Cuñao|Draco Meteor|p1b: Kingambit
|-damage|p1b: Kingambit|6/100
|-unboost|p2b: Cuñao|spa|2
|move|p2a: Dani Rovira|Life Dew||[still]|[spread] p2a,p2b
|-heal|p2a: Dani Rovira|36/100
|-fail|p2b: Cuñao|heal
|move|p1b: Kingambit|Kowtow Cleave|p2b: Cuñao
|-damage|p2b: Cuñao|0 fnt
|faint|p2b: Cuñao
|
|-heal|p1a: Rillaboom|78/100|[from] Grassy Terrain
|-heal|p2a: Dani Rovira|42/100|[from] Grassy Terrain
|-heal|p1b: Kingambit|12/100|[from] Grassy Terrain
|upkeep
|turn|13
|
|t:|1757100262
|move|p1b: Kingambit|Sucker Punch|p2a: Dani Rovira
|-supereffective|p2a: Dani Rovira
|-damage|p2a: Dani Rovira|0 fnt
|faint|p2a: Dani Rovira
|
|win|Seris03
||Seris03 is ready for game 2.
|l|☆craqui butaneroc
|player|p2|
||craqui butaneroc is ready for game 2.
|uhtml|next|Next: Game 2 of 3
