|j|☆tamagotchai-05
|j|☆AllySwitch24
|html|tamagotchai-05AllySwitch24    
|uhtml|bestof|Game 3 of a best-of-3
|t:|1786067884
|gametype|doubles
|player|p1|tamagotchai-05|101|1085
|player|p2|AllySwitch24|elesa|1120
|gen|9
|tier|[Gen 9 Champions] VGC 2026 Reg M-B (Bo3)
|rated|
|rule|Species Clause: Limit one of each Pokémon
|rule|Item Clause: Limit 1 of each item
|clearpoke
|poke|p1|Charizard, L50, M|
|poke|p1|Garchomp, L50, M|
|poke|p1|Gholdengo, L50|
|poke|p1|Whimsicott, L50, F|
|poke|p1|Incineroar, L50, M|
|poke|p1|Basculegion, L50, M|
|poke|p2|Palafin, L50, F|
|poke|p2|Raichu, L50, F|
|poke|p2|Incineroar, L50, M|
|poke|p2|Froslass, L50, F|
|poke|p2|Sylveon, L50, F|
|poke|p2|Corviknight, L50, M|
|teampreview|4
|showteam|p1|Charizard||CharizarditeY|Blaze|HeatWave,SolarBeam,WeatherBall,Protect|Timid||M|||50|]Garchomp||LifeOrb|RoughSkin|Earthquake,DragonClaw,RockSlide,Protect|Jolly||M|||50|]Gholdengo||MetalCoat|GoodasGold|MakeItRain,ShadowBall,NastyPlot,Protect|Modest|||||50|]Whimsicott||FocusSash|Prankster|Moonblast,Tailwind,Encore,Protect|Timid||F|||50|]Incineroar||SitrusBerry|Intimidate|FlareBlitz,ThroatChop,FakeOut,PartingShot|Impish||M|||50|]Basculegion||ChoiceScarf|Adaptability|WaveCrash,LastRespects,AquaJet,FlipTurn|Jolly||M|||50|
|showteam|p2|Palafin||LifeOrb|ZerotoHero|JetPunch,WaveCrash,IcePunch,Protect|Adamant||F|||50|]Raichu||RaichuniteY|LightningRod|ZapCannon,FocusBlast,FakeOut,Protect|Timid||F|||50|]Incineroar||SitrusBerry|Intimidate|FlareBlitz,ThroatChop,PartingShot,FakeOut|Impish||M|||50|]Froslass||Froslassite|CursedBody|Blizzard,ShadowBall,Thunderbolt,Protect|Timid||F|||50|]Sylveon||FairyFeather|Pixilate|HyperVoice,QuickAttack,HyperBeam,Protect|Modest||F|||50|]Corviknight||Leftovers|MirrorArmor|BodyPress,BraveBird,Protect,Tailwind|Impish||M|||50|
|inactive|Battle timer is ON: inactive players will automatically lose when time's up. (requested by tamagotchai-05)
|
|t:|1786067912
|teamsize|p1|4
|teamsize|p2|4
|start
|switch|p1a: Charizard|Charizard, L50, M|100/100
|switch|p1b: Gholdengo|Gholdengo, L50|100/100
|switch|p2a: Palafin|Palafin, L50, F|100/100
|switch|p2b: Incineroar|Incineroar, L50, M|100/100
|-ability|p2b: Incineroar|Intimidate|boost
|-unboost|p1a: Charizard|atk|1
|-unboost|p1b: Gholdengo|atk|1
|turn|1
|inactive|tamagotchai-05 has 30 seconds left.
|inactive|AllySwitch24 has 30 seconds left.
|inactive|tamagotchai-05 has 20 seconds left.
|inactive|AllySwitch24 has 20 seconds left.
|
|t:|1786067950
|detailschange|p2a: Palafin|Palafin-Hero, L50, F
|switch|p2a: Froslass|Froslass, L50, F|100/100
|detailschange|p1a: Charizard|Charizard-Mega-Y, L50, M
|-mega|p1a: Charizard|Charizard|Charizardite Y
|-weather|SunnyDay|[from] ability: Drought|[of] p1a: Charizard
|move|p2b: Incineroar|Fake Out|p1a: Charizard
|-damage|p1a: Charizard|87/100
|cant|p1a: Charizard|flinch
|move|p1b: Gholdengo|Nasty Plot|p1b: Gholdengo
|-boost|p1b: Gholdengo|spa|2
|
|-weather|SunnyDay|[upkeep]
|upkeep
|turn|2
|inactive|AllySwitch24 has 30 seconds left.
|inactive|AllySwitch24 has 20 seconds left.
|inactive|AllySwitch24 has 15 seconds left.
|inactive|AllySwitch24 has 10 seconds left.
|
|t:|1786067999
|move|p2a: Froslass|Protect|p2a: Froslass
|-singleturn|p2a: Froslass|Protect
|move|p1a: Charizard|Heat Wave|p2a: Froslass|[spread] p2b
|-activate|p2a: Froslass|move: Protect
|-resisted|p2b: Incineroar|1
|-damage|p2b: Incineroar|75/100
|move|p1b: Gholdengo|Nasty Plot|p1b: Gholdengo
|-boost|p1b: Gholdengo|spa|2
|move|p2b: Incineroar|Flare Blitz|p1b: Gholdengo
|-supereffective|p1b: Gholdengo|1
|-damage|p1b: Gholdengo|0 fnt
|faint|p1b: Gholdengo
|-damage|p2b: Incineroar|47/100|[from] Recoil
|-enditem|p2b: Incineroar|Sitrus Berry|[eat]
|-heal|p2b: Incineroar|72/100|[from] item: Sitrus Berry
|
|-weather|SunnyDay|[upkeep]
|upkeep
|
|t:|1786067999
|switch|p1b: Basculegion|Basculegion, L50, M|100/100
|turn|3
|inactive|tamagotchai-05 has 30 seconds left.
|inactive|AllySwitch24 has 30 seconds left.
|inactive|AllySwitch24 has 20 seconds left.
|inactive|AllySwitch24 has 15 seconds left.
|inactive|AllySwitch24 has 10 seconds left.
|
|t:|1786068045
|detailschange|p2a: Froslass|Froslass-Mega, L50, F
|-mega|p2a: Froslass|Froslass|Froslassite
|-weather|Snowscape|[from] ability: Snow Warning|[of] p2a: Froslass
|move|p1b: Basculegion|Wave Crash|p2b: Incineroar
|-supereffective|p2b: Incineroar|1
|-damage|p2b: Incineroar|0 fnt
|faint|p2b: Incineroar
|-damage|p1b: Basculegion|75/100|[from] Recoil
|move|p2a: Froslass|Thunderbolt|p1a: Charizard
|-supereffective|p1a: Charizard|1
|-damage|p1a: Charizard|21/100
|move|p1a: Charizard|Heat Wave|p2a: Froslass
|-supereffective|p2a: Froslass|1
|-damage|p2a: Froslass|0 fnt
|faint|p2a: Froslass
|
|-weather|Snowscape|[upkeep]
|upkeep
|
|t:|1786068060
|switch|p2a: Palafin|Palafin-Hero, L50, F|100/100
|switch|p2b: Corviknight|Corviknight, L50, M|100/100
|-activate|p2a: Palafin|ability: Zero to Hero
|turn|4
|inactive|AllySwitch24 has 30 seconds left.
|
|t:|1786068086
|switch|p1b: Garchomp|Garchomp, L50, M|100/100
|move|p1a: Charizard|Protect|p1a: Charizard
|-singleturn|p1a: Charizard|Protect
|move|p2a: Palafin|Jet Punch|p1a: Charizard
|-activate|p1a: Charizard|move: Protect
|move|p2b: Corviknight|Brave Bird|p1b: Garchomp
|-damage|p1b: Garchomp|63/100
|-damage|p2b: Corviknight|87/100|[from] ability: Rough Skin|[of] p1b: Garchomp
|-damage|p2b: Corviknight|77/100|[from] Recoil
|
|-weather|Snowscape|[upkeep]
|-heal|p2b: Corviknight|82/100|[from] item: Leftovers
|upkeep
|turn|5
|
|t:|1786068100
|move|p2a: Palafin|Protect|p2a: Palafin
|-singleturn|p2a: Palafin|Protect
|move|p1b: Garchomp|Earthquake|p2b: Corviknight|[spread] 
|-activate|p2a: Palafin|move: Protect
|-immune|p1a: Charizard
|-immune|p2b: Corviknight
|move|p1a: Charizard|Heat Wave|p2a: Palafin|[spread] p2b
|-activate|p2a: Palafin|move: Protect
|-supereffective|p2b: Corviknight|1
|-damage|p2b: Corviknight|2/100
|move|p2b: Corviknight|Tailwind|p2b: Corviknight
|-sidestart|p2: AllySwitch24|move: Tailwind
|
|-weather|Snowscape|[upkeep]
|-heal|p2b: Corviknight|8/100|[from] item: Leftovers
|upkeep
|turn|6
|inactive|AllySwitch24 has 30 seconds left.
|inactive|AllySwitch24 has 20 seconds left.
|inactive|AllySwitch24 has 15 seconds left.
|inactive|AllySwitch24 has 10 seconds left.
|inactive|AllySwitch24 has 5 seconds left.
|
|t:|1786068151
|switch|p1b: Basculegion|Basculegion, L50, M|75/100
|move|p2b: Corviknight|Protect|p2b: Corviknight
|-singleturn|p2b: Corviknight|Protect
|move|p2a: Palafin|Ice Punch|p1b: Basculegion
|-resisted|p1b: Basculegion|1
|-damage|p1b: Basculegion|52/100
|-damage|p2a: Palafin|90/100|[from] item: Life Orb
|move|p1a: Charizard|Weather Ball|p2b: Corviknight
|-activate|p2b: Corviknight|move: Protect
|
|-weather|Snowscape|[upkeep]
|-heal|p2b: Corviknight|14/100|[from] item: Leftovers
|upkeep
|turn|7
|
|t:|1786068173
|move|p2a: Palafin|Jet Punch|p1a: Charizard
|-supereffective|p1a: Charizard|1
|-damage|p1a: Charizard|0 fnt
|faint|p1a: Charizard
|-damage|p2a: Palafin|80/100|[from] item: Life Orb
|move|p1b: Basculegion|Aqua Jet|p2b: Corviknight
|-damage|p2b: Corviknight|1/100
|move|p2b: Corviknight|Brave Bird|p1b: Basculegion
|-damage|p1b: Basculegion|14/100
|-damage|p2b: Corviknight|0 fnt|[from] Recoil
|faint|p2b: Corviknight
|
|-weather|none
|upkeep
|
|t:|1786068173
|switch|p1a: Garchomp|Garchomp, L50, M|63/100
|turn|8
|
|t:|1786068196
|move|p2a: Palafin|Jet Punch|p1b: Basculegion
|-resisted|p1b: Basculegion|1
|-damage|p1b: Basculegion|0 fnt
|faint|p1b: Basculegion
|-damage|p2a: Palafin|70/100|[from] item: Life Orb
|move|p1a: Garchomp|Rock Slide|p2a: Palafin
|-damage|p2a: Palafin|39/100
|-damage|p1a: Garchomp|54/100|[from] item: Life Orb
|
|-sideend|p2: AllySwitch24|move: Tailwind
|upkeep
|turn|9
|
|t:|1786068207
|move|p1a: Garchomp|Earthquake|p2a: Palafin
|-damage|p2a: Palafin|0 fnt
|faint|p2a: Palafin
|-damage|p1a: Garchomp|44/100|[from] item: Life Orb
|
|win|tamagotchai-05
|raw|tamagotchai-05's rating: 1085 → 1115(+30 for winning)
|raw|AllySwitch24's rating: 1120 → 1092(-28 for losing)
|l|☆tamagotchai-05
|player|p1|
