|j|☆felasmiguel
|j|☆hamlessmel
|html|felasmiguelhamlessmel    
|uhtml|bestof|Game 2 of a best-of-3
|t:|1757702796
|gametype|doubles
|player|p1|felasmiguel|scientist|1144
|player|p2|hamlessmel|dawn-gen4pt|1181
|gen|9
|tier|[Gen 9] VGC 2025 Reg H (Bo3)
|rated|
|rule|Species Clause: Limit one of each Pokémon
|rule|Item Clause: Limit 1 of each item
|clearpoke
|poke|p1|Gliscor, L50, F|
|poke|p1|Breloom, L50, M|
|poke|p1|Talonflame, L50, F|
|poke|p1|Milotic, L50, M|
|poke|p1|Dragapult, L50, M|
|poke|p1|Farigiraf, L50, F|
|poke|p2|Excadrill, L50, F|
|poke|p2|Tyranitar, L50, F|
|poke|p2|Sneasler, L50, M|
|poke|p2|Indeedee, L50, M|
|poke|p2|Annihilape, L50, M|
|poke|p2|Corviknight, L50, F|
|teampreview|4
|showteam|p1|Gliscor||ToxicOrb|PoisonHeal|SwordsDance,DualWingbeat,HighHorsepower,Protect|||F|||50|,,,,,Water]Breloom||LoadedDice|Technician|Spore,MachPunch,BulletSeed,Protect|||M|||50|,,,,,Grass]Talonflame||CovertCloak|GaleWings|Tailwind,FlareBlitz,BraveBird,Taunt|||F|||50|,,,,,Flying]Milotic||AdrenalineOrb|Competitive|Scald,IceBeam,Haze,Protect|||M|||50|,,,,,Poison]Dragapult||ChoiceSpecs|Infiltrator|DracoMeteor,Thunderbolt,ShadowBall,Uturn|||M|||50|,,,,,Ghost]Farigiraf||ThroatSpray|ArmorTail|Imprison,TrickRoom,PsychicNoise,HyperVoice|||F|||50|,,,,,Fire
|showteam|p2|Excadrill||FocusSash|SandRush|Protect,IronHead,HighHorsepower,Earthquake|||F|||50|,,,,,Stellar]Tyranitar||AssaultVest|SandStream|KnockOff,RockSlide,TeraBlast,LowKick|||F|||50|,,,,,Flying]Sneasler||PsychicSeed|Unburden|ThroatChop,CloseCombat,Protect,DireClaw|||M|||50|,,,,,Dark]Indeedee||ChoiceScarf|PsychicSurge|TeraBlast,ExpandingForce,Protect,Trick|||M|||50|,,,,,Fighting]Annihilape||SafetyGoggles|Defiant|Taunt,RageFist,CloseCombat,FinalGambit|||M|||50|,,,,,Water]Corviknight||Leftovers|MirrorArmor|Tailwind,BraveBird,Roost,BulkUp|||F|||50|,,,,,Dragon
|
|t:|1757702804
|teamsize|p1|4
|teamsize|p2|4
|start
|switch|p1a: Talonflame|Talonflame, L50, F|100/100
|switch|p1b: Gliscor|Gliscor, L50, F|100/100
|switch|p2a: Corviknight|Corviknight, L50, F, shiny|100/100
|switch|p2b: Annihilape|Annihilape, L50, M, shiny|100/100
|turn|1
|
|t:|1757702853
|switch|p2a: Tyranitar|Tyranitar, L50, F, shiny|100/100
|-weather|Sandstorm|[from] ability: Sand Stream|[of] p2a: Tyranitar
|move|p1b: Gliscor|Protect|p1b: Gliscor
|-singleturn|p1b: Gliscor|Protect
|move|p1a: Talonflame|Taunt|p2a: Tyranitar
|-start|p2a: Tyranitar|move: Taunt
|move|p2b: Annihilape|Taunt|p1a: Talonflame
|-start|p1a: Talonflame|move: Taunt
|
|-weather|Sandstorm|[upkeep]
|-damage|p1a: Talonflame|95/100|[from] Sandstorm
|-status|p1b: Gliscor|tox|[from] item: Toxic Orb
|upkeep
|turn|2
|
|t:|1757702912
|-terastallize|p2b: Annihilape|Water
|move|p1a: Talonflame|Flare Blitz|p2b: Annihilape
|-resisted|p2b: Annihilape
|-damage|p2b: Annihilape|78/100
|-status|p2b: Annihilape|brn
|-damage|p1a: Talonflame|84/100|[from] Recoil
|move|p2b: Annihilape|Rage Fist|p1b: Gliscor
|-damage|p1b: Gliscor|81/100 tox
|move|p1b: Gliscor|Swords Dance|p1b: Gliscor
|-boost|p1b: Gliscor|atk|2
|move|p2a: Tyranitar|Rock Slide|p1a: Talonflame|[spread] p1a
|-miss|p2a: Tyranitar|p1b: Gliscor
|-supereffective|p1a: Talonflame
|-damage|p1a: Talonflame|0 fnt
|faint|p1a: Talonflame
|
|-weather|Sandstorm|[upkeep]
|-heal|p1b: Gliscor|93/100 tox|[from] ability: Poison Heal
|-damage|p2b: Annihilape|71/100 brn|[from] brn
|upkeep
|
|t:|1757702932
|switch|p1a: Breloom|Breloom, L50, M|100/100
|turn|3
|
|t:|1757702968
|move|p1a: Breloom|Protect|p1a: Breloom
|-singleturn|p1a: Breloom|Protect
|move|p2b: Annihilape|Taunt|p1a: Breloom
|-activate|p1a: Breloom|move: Protect
|move|p1b: Gliscor|High Horsepower|p2b: Annihilape
|-damage|p2b: Annihilape|0 fnt
|faint|p2b: Annihilape
|move|p2a: Tyranitar|Knock Off|p1b: Gliscor
|-damage|p1b: Gliscor|39/100 tox
|-enditem|p1b: Gliscor|Toxic Orb|[from] move: Knock Off|[of] p2a: Tyranitar
|
|-weather|Sandstorm|[upkeep]
|-damage|p1a: Breloom|95/100|[from] Sandstorm
|-heal|p1b: Gliscor|52/100 tox|[from] ability: Poison Heal
|-end|p2a: Tyranitar|move: Taunt
|upkeep
|
|t:|1757702992
|switch|p2b: Excadrill|Excadrill, L50, F, shiny|100/100
|turn|4
|
|t:|1757703015
|move|p1b: Gliscor|Protect|p1b: Gliscor
|-singleturn|p1b: Gliscor|Protect
|move|p1a: Breloom|Mach Punch|p2a: Tyranitar
|-supereffective|p2a: Tyranitar
|-damage|p2a: Tyranitar|2/100
|move|p2b: Excadrill|Iron Head|p1a: Breloom
|-damage|p1a: Breloom|12/100
|move|p2a: Tyranitar|Knock Off|p1a: Breloom
|-resisted|p1a: Breloom
|-damage|p1a: Breloom|0 fnt
|-enditem|p1a: Breloom|Loaded Dice|[from] move: Knock Off|[of] p2a: Tyranitar
|faint|p1a: Breloom
|
|-weather|Sandstorm|[upkeep]
|-heal|p1b: Gliscor|64/100 tox|[from] ability: Poison Heal
|upkeep
|
|t:|1757703023
|switch|p1a: Dragapult|Dragapult, L50, M|100/100
|turn|5
|
|t:|1757703051
|switch|p2a: Corviknight|Corviknight, L50, F, shiny|100/100
|-terastallize|p1a: Dragapult|Ghost
|move|p2b: Excadrill|Iron Head|p1b: Gliscor
|-crit|p1b: Gliscor
|-damage|p1b: Gliscor|0 fnt
|faint|p1b: Gliscor
|move|p1a: Dragapult|Shadow Ball|p2a: Corviknight
|-damage|p2a: Corviknight|38/100
|
|-weather|none
|-heal|p2a: Corviknight|44/100|[from] item: Leftovers
|upkeep
|turn|6
|-message|felasmiguel forfeited.
|
|win|hamlessmel
|l|☆felasmiguel
|player|p1|
||hamlessmel is ready for game 3.
||felasmiguel is ready for game 3.
|uhtml|next|Next: Game 3 of 3
|l|☆hamlessmel
|player|p2|
