|j|☆Checkmath
|j|☆boguepo
|html|Checkmathboguepo    
|uhtml|bestof|Game 1 of a best-of-3
|t:|1785176573
|gametype|doubles
|player|p1|Checkmath|red|1121
|player|p2|boguepo|265|1090
|gen|9
|tier|[Gen 9 Champions] VGC 2026 Reg M-B (Bo3)
|rated|
|rule|Species Clause: Limit one of each Pokémon
|rule|Item Clause: Limit 1 of each item
|clearpoke
|poke|p1|Charizard, L50, M|
|poke|p1|Archaludon, L50, F|
|poke|p1|Basculegion, L50, M|
|poke|p1|Venusaur, L50, F|
|poke|p1|Grimmsnarl, L50, M|
|poke|p1|Pelipper, L50, M|
|poke|p2|Hatterene, L50, F|
|poke|p2|Farigiraf, L50, F|
|poke|p2|Kingambit, L50, F|
|poke|p2|Gallade, L50, M|
|poke|p2|Kangaskhan, L50, F|
|poke|p2|Camerupt, L50, F|
|teampreview|4
|showteam|p1|Charizard||CharizarditeY|SolarPower|HeatWave,WeatherBall,SolarBeam,Protect|Modest||M|||50|]Archaludon||Leftovers|Stamina|FlashCannon,DragonPulse,ElectroShot,Protect|Modest||F|||50|]Basculegion||ChoiceScarf|Adaptability|WaveCrash,LastRespects,FlipTurn,AquaJet|Adamant||M|||50|]Venusaur||Venusaurite|Chlorophyll|SludgeBomb,EarthPower,SleepPowder,Protect|Modest||F|||50|]Grimmsnarl||LightClay|Prankster|LightScreen,Reflect,PartingShot,FoulPlay|Careful||M|||50|]Pelipper||FocusSash|Drizzle|Hurricane,WeatherBall,WideGuard,Tailwind|Timid||M|||50|
|showteam|p2|Hatterene||LifeOrb|MagicBounce|Psychic,DazzlingGleam,TrickRoom,Protect|Sassy||F|||50|]Farigiraf||ColburBerry|ArmorTail|TwinBeam,Thunderbolt,TrickRoom,HelpingHand|Relaxed||F|||50|]Kingambit||ChopleBerry|Defiant|KowtowCleave,IronHead,SuckerPunch,LowKick|Brave||F|||50|]Gallade||FocusSash|Sharpness|SacredSword,PsychoCut,LeafBlade,WideGuard|Brave||M|||50|]Kangaskhan||Kangaskhanite|Scrappy|Crunch,DoubleEdge,FakeOut,HammerArm|Brave||F|||50|]Camerupt||Cameruptite|SolidRock|AncientPower,EarthPower,HeatWave,Protect|Quiet||F|||50|
|j| tedidn
|
|t:|1785176696
|teamsize|p1|4
|teamsize|p2|4
|start
|switch|p1a: Charizard|Charizard, L50, M|100/100
|switch|p1b: Grimmsnarl|Grimmsnarl, L50, M|100/100
|switch|p2a: Hatterene|Hatterene, L50, F|100/100
|switch|p2b: Kangaskhan|Kangaskhan, L50, F|100/100
|turn|1
|
|t:|1785176733
|switch|p1a: Archaludon|Archaludon, L50, F|100/100
|detailschange|p2b: Kangaskhan|Kangaskhan-Mega, L50, F
|-mega|p2b: Kangaskhan|Kangaskhan|Kangaskhanite
|move|p2b: Kangaskhan|Fake Out|p1b: Grimmsnarl
|-damage|p1b: Grimmsnarl|76/100
|-damage|p1b: Grimmsnarl|71/100
|-hitcount|p1b: Grimmsnarl|2
|cant|p1b: Grimmsnarl|flinch
|move|p2a: Hatterene|Trick Room|p2a: Hatterene
|-fieldstart|move: Trick Room|[of] p2a: Hatterene
|
|upkeep
|turn|2
|l| tedidn
|
|t:|1785176770
|move|p1a: Archaludon|Protect|p1a: Archaludon
|-singleturn|p1a: Archaludon|Protect
|move|p1b: Grimmsnarl|Light Screen|p1b: Grimmsnarl
|-sidestart|p1: Checkmath|move: Light Screen
|move|p2a: Hatterene|Dazzling Gleam|p1b: Grimmsnarl|[spread] p1b
|-activate|p1a: Archaludon|move: Protect
|-supereffective|p1b: Grimmsnarl|1
|-damage|p1b: Grimmsnarl|23/100
|-damage|p2a: Hatterene|90/100|[from] item: Life Orb
|move|p2b: Kangaskhan|Hammer Arm|p1a: Archaludon
|-activate|p1a: Archaludon|move: Protect
|
|upkeep
|turn|3
|
|t:|1785176799
|move|p1b: Grimmsnarl|Reflect|p1b: Grimmsnarl
|-sidestart|p1: Checkmath|Reflect
|move|p2a: Hatterene|Dazzling Gleam|p1a: Archaludon|[spread] p1a,p1b
|-supereffective|p1b: Grimmsnarl|1
|-damage|p1a: Archaludon|70/100
|-damage|p1b: Grimmsnarl|0 fnt
|-ability|p1a: Archaludon|Stamina|boost
|-boost|p1a: Archaludon|def|1
|faint|p1b: Grimmsnarl
|-damage|p2a: Hatterene|80/100|[from] item: Life Orb
|move|p2b: Kangaskhan|Hammer Arm|p1a: Archaludon
|-supereffective|p1a: Archaludon|1
|-damage|p1a: Archaludon|47/100
|-unboost|p2b: Kangaskhan|spe|1
|-ability|p1a: Archaludon|Stamina|boost
|-boost|p1a: Archaludon|def|1
|-supereffective|p1a: Archaludon|1
|-damage|p1a: Archaludon|43/100
|-unboost|p2b: Kangaskhan|spe|1
|-ability|p1a: Archaludon|Stamina|boost
|-boost|p1a: Archaludon|def|1
|-hitcount|p1a: Archaludon|2
|move|p1a: Archaludon|Flash Cannon|p2a: Hatterene
|-supereffective|p2a: Hatterene|1
|-damage|p2a: Hatterene|0 fnt
|faint|p2a: Hatterene
|
|-heal|p1a: Archaludon|49/100|[from] item: Leftovers
|upkeep
|
|t:|1785176845
|switch|p2a: Gallade|Gallade, L50, M|100/100
|switch|p1b: Charizard|Charizard, L50, M|100/100
|turn|4
|
|t:|1785176870
|move|p1a: Archaludon|Protect|p1a: Archaludon
|-singleturn|p1a: Archaludon|Protect
|move|p1b: Charizard|Protect|p1b: Charizard
|-singleturn|p1b: Charizard|Protect
|move|p2b: Kangaskhan|Double-Edge|p1b: Charizard
|-activate|p1b: Charizard|move: Protect
|move|p2a: Gallade|Sacred Sword|p1a: Archaludon
|-activate|p1a: Archaludon|move: Protect
|
|-heal|p1a: Archaludon|55/100|[from] item: Leftovers
|upkeep
|turn|5
|
|t:|1785176924
|switch|p1b: Pelipper|Pelipper, L50, M|100/100
|-weather|RainDance|[from] ability: Drizzle|[of] p1b: Pelipper
|move|p2b: Kangaskhan|Double-Edge|p1b: Pelipper
|-damage|p1b: Pelipper|37/100
|-damage|p1b: Pelipper|24/100
|-hitcount|p1b: Pelipper|2
|-damage|p2b: Kangaskhan|83/100|[from] Recoil
|move|p2a: Gallade|Psycho Cut|p1b: Pelipper
|-crit|p1b: Pelipper
|-damage|p1b: Pelipper|0 fnt
|faint|p1b: Pelipper
|move|p1a: Archaludon|Electro Shot||[still]
|-prepare|p1a: Archaludon|Electro Shot
|-boost|p1a: Archaludon|spa|1
|-anim|p1a: Archaludon|Electro Shot|p2a: Gallade
|-damage|p2a: Gallade|40/100
|
|-weather|RainDance|[upkeep]
|-heal|p1a: Archaludon|61/100|[from] item: Leftovers
|-fieldend|move: Trick Room
|upkeep
|
|t:|1785176946
|switch|p1b: Charizard|Charizard, L50, M|100/100
|turn|6
|
|t:|1785177014
|switch|p2a: Farigiraf|Farigiraf, L50, F|100/100
|move|p1b: Charizard|Weather Ball|p2a: Farigiraf
|-damage|p2a: Farigiraf|57/100
|move|p1a: Archaludon|Electro Shot||[still]
|-prepare|p1a: Archaludon|Electro Shot
|-boost|p1a: Archaludon|spa|1
|-anim|p1a: Archaludon|Electro Shot|p2b: Kangaskhan
|-damage|p2b: Kangaskhan|15/100
|move|p2b: Kangaskhan|Double-Edge|p1b: Charizard
|-damage|p1b: Charizard|48/100
|-damage|p1b: Charizard|34/100
|-hitcount|p1b: Charizard|2
|-damage|p2b: Kangaskhan|0 fnt|[from] Recoil
|faint|p2b: Kangaskhan
|
|-weather|RainDance|[upkeep]
|-heal|p1a: Archaludon|68/100|[from] item: Leftovers
|upkeep
|
|t:|1785177031
|switch|p2b: Gallade|Gallade, L50, M|40/100
|turn|7
|j| tedidn
|
|t:|1785177050
|detailschange|p1b: Charizard|Charizard-Mega-Y, L50, M
|-mega|p1b: Charizard|Charizard|Charizardite Y
|-weather|SunnyDay|[from] ability: Drought|[of] p1b: Charizard
|move|p1b: Charizard|Weather Ball|p2b: Gallade
|-damage|p2b: Gallade|0 fnt
|faint|p2b: Gallade
|move|p1a: Archaludon|Dragon Pulse|p2a: Farigiraf
|-damage|p2a: Farigiraf|0 fnt
|faint|p2a: Farigiraf
|
|win|Checkmath
