|j|☆Daravones Soup
|j|☆Gabeeel
|html|Daravones SoupGabeeel    
|uhtml|bestof|Game 1 of a best-of-3
|t:|1783204072
|gametype|doubles
|player|p1|Daravones Soup|lady-gen4|
|player|p2|Gabeeel|iris|
|gen|9
|tier|[Gen 9 Champions] VGC 2026 Reg M-B (Bo3)
|rule|Species Clause: Limit one of each Pokémon
|rule|Item Clause: Limit 1 of each item
|clearpoke
|poke|p1|Gengar, L50, F|
|poke|p1|Tyranitar, L50, M|
|poke|p1|Excadrill, L50, M|
|poke|p1|Corviknight, L50, F|
|poke|p1|Rotom-Wash, L50|
|poke|p1|Clefable, L50, F|
|poke|p2|Scrafty, L50, M|
|poke|p2|Slowking-Galar, L50, M|
|poke|p2|Palafin, L50, M|
|poke|p2|Volcarona, L50, F|
|poke|p2|Meowscarada, L50, M|
|poke|p2|Metagross, L50|
|teampreview|4
|showteam|p1|Gengar||Gengarite|CursedBody|ShadowBall,SludgeBomb,IcyWind,Protect|Modest||F|||50|]Tyranitar||Tyranitarite|SandStream|DragonDance,KnockOff,RockSlide,Protect|Jolly||M|||50|]Excadrill||FocusSash|SandRush|Earthquake,IronHead,RockSlide,Protect|Adamant||M|||50|]Corviknight||Leftovers|MirrorArmor|Tailwind,BulkUp,BraveBird,BodyPress|Adamant||F|||50|]Rotom-Wash||SitrusBerry|Levitate|HydroPump,WillOWisp,VoltSwitch,LightScreen|Bold|||||50|]Clefable||KebiaBerry|Unaware|FollowMe,HelpingHand,Moonblast,Protect|Bold||F|||50|
|showteam|p2|Scrafty||Scraftinite|Intimidate|FakeOut,KnockOff,DrainPunch,SwordsDance|Adamant||M|||50|]Slowking-Galar||LifeOrb|Regenerator|SludgeBomb,Psychic,TrickRoom,Protect|Quiet||M|||50|]Palafin||MysticWater|ZerotoHero|WaveCrash,FlipTurn,JetPunch,Protect|Adamant||M|||50|]Volcarona||Leftovers|FlameBody|HeatWave,GigaDrain,QuiverDance,Protect|Modest||F|||50|]Meowscarada||FocusSash|Overgrow|FlowerTrick,KnockOff,SuckerPunch,Protect|Jolly||M|||50|]Metagross||MetalCoat|ClearBody|BulletPunch,IronHead,PsychicFangs,Protect|Adamant|||||50|
|inactive|Battle timer is ON: inactive players will automatically lose when time's up. (requested by Daravones Soup)
|c|☆Gabeeel|glhf
|inactive|Gabeeel has 60 seconds left.
|c|☆Daravones Soup|U2
|inactive|Gabeeel has 30 seconds left.
|
|t:|1783204136
|teamsize|p1|4
|teamsize|p2|4
|start
|switch|p1a: Tyranitar|Tyranitar, L50, M|100/100
|switch|p1b: Excadrill|Excadrill, L50, M|100/100
|switch|p2a: Scrafty|Scrafty, L50, M|100/100
|switch|p2b: Slowking|Slowking-Galar, L50, M|100/100
|-weather|Sandstorm|[from] ability: Sand Stream|[of] p1a: Tyranitar
|-ability|p2a: Scrafty|Intimidate|boost
|-unboost|p1a: Tyranitar|atk|1
|-unboost|p1b: Excadrill|atk|1
|turn|1
|
|t:|1783204160
|switch|p1b: Corviknight|Corviknight, L50, F|100/100
|detailschange|p1a: Tyranitar|Tyranitar-Mega, L50, M
|-mega|p1a: Tyranitar|Tyranitar|Tyranitarite
|detailschange|p2a: Scrafty|Scrafty-Mega, L50, M
|-mega|p2a: Scrafty|Scrafty|Scraftinite
|-ability|p2a: Scrafty|Intimidate|boost
|-unboost|p1a: Tyranitar|atk|1
|-ability|p1b: Corviknight|Mirror Armor
|-unboost|p2a: Scrafty|atk|1
|move|p2a: Scrafty|Fake Out|p1b: Corviknight
|-resisted|p1b: Corviknight|1
|-damage|p1b: Corviknight|96/100
|move|p1a: Tyranitar|Rock Slide|p2a: Scrafty|[spread] p2a,p2b
|-resisted|p2a: Scrafty|1
|-damage|p2a: Scrafty|93/100
|-damage|p2b: Slowking|81/100
|move|p2b: Slowking|Trick Room|p2b: Slowking
|-fieldstart|move: Trick Room|[of] p2b: Slowking
|
|-weather|Sandstorm|[upkeep]
|-damage|p2b: Slowking|75/100|[from] Sandstorm
|-damage|p2a: Scrafty|87/100|[from] Sandstorm
|-heal|p1b: Corviknight|100/100|[from] item: Leftovers
|upkeep
|turn|2
|
|t:|1783204184
|-heal|p2b: Slowking|100/100|[from] ability: Regenerator|[silent]
|switch|p2b: Palafin|Palafin, L50, M|100/100
|switch|p1a: Clefable|Clefable, L50, F|100/100
|move|p1b: Corviknight|Bulk Up|p1b: Corviknight
|-boost|p1b: Corviknight|atk|1
|-boost|p1b: Corviknight|def|1
|move|p2a: Scrafty|Swords Dance|p2a: Scrafty
|-boost|p2a: Scrafty|atk|2
|
|-weather|Sandstorm|[upkeep]
|-damage|p1a: Clefable|94/100|[from] Sandstorm
|-damage|p2a: Scrafty|81/100|[from] Sandstorm
|-damage|p2b: Palafin|93/100|[from] Sandstorm
|upkeep
|turn|3
|inactive|Daravones Soup has 30 seconds left.
|inactive|Gabeeel has 30 seconds left.
|
|t:|1783204218
|switch|p2a: Slowking|Slowking-Galar, L50, M|100/100
|move|p1a: Clefable|Moonblast|p2a: Slowking
|-resisted|p2a: Slowking|1
|-damage|p2a: Slowking|87/100
|move|p1b: Corviknight|Bulk Up|p1b: Corviknight
|-boost|p1b: Corviknight|atk|1
|-boost|p1b: Corviknight|def|1
|move|p2b: Palafin|Flip Turn|p1b: Corviknight
|-damage|p1b: Corviknight|87/100
|
|t:|1783204233
|detailschange|p2b: Palafin|Palafin-Hero, L50, M
|switch|p2b: Scrafty|Scrafty-Mega, L50, M|81/100|[from] Flip Turn
|-ability|p2b: Scrafty|Intimidate|boost
|-unboost|p1a: Clefable|atk|1
|-ability|p1b: Corviknight|Mirror Armor
|-unboost|p2b: Scrafty|atk|1
|
|-weather|Sandstorm|[upkeep]
|-damage|p2a: Slowking|81/100|[from] Sandstorm
|-damage|p1a: Clefable|88/100|[from] Sandstorm
|-damage|p2b: Scrafty|75/100|[from] Sandstorm
|-heal|p1b: Corviknight|93/100|[from] item: Leftovers
|upkeep
|turn|4
|
|t:|1783204246
|move|p1a: Clefable|Protect|p1a: Clefable
|-singleturn|p1a: Clefable|Protect
|move|p2a: Slowking|Sludge Bomb|p1a: Clefable
|-activate|p1a: Clefable|move: Protect
|move|p1b: Corviknight|Body Press|p2b: Scrafty
|-supereffective|p2b: Scrafty|1
|-damage|p2b: Scrafty|11/100
|move|p2b: Scrafty|Knock Off|p1b: Corviknight
|-damage|p1b: Corviknight|80/100
|-enditem|p1b: Corviknight|Leftovers|[from] move: Knock Off|[of] p2b: Scrafty
|
|-weather|Sandstorm|[upkeep]
|-damage|p2a: Slowking|75/100|[from] Sandstorm
|-damage|p1a: Clefable|82/100|[from] Sandstorm
|-damage|p2b: Scrafty|5/100|[from] Sandstorm
|upkeep
|turn|5
|
|t:|1783204264
|switch|p1a: Excadrill|Excadrill, L50, M|100/100
|move|p2a: Slowking|Sludge Bomb|p1a: Excadrill
|-immune|p1a: Excadrill
|move|p1b: Corviknight|Brave Bird|p2a: Slowking
|-damage|p2a: Slowking|0 fnt
|faint|p2a: Slowking
|-damage|p1b: Corviknight|55/100|[from] Recoil
|move|p2b: Scrafty|Drain Punch|p1a: Excadrill
|-supereffective|p1a: Excadrill|1
|-damage|p1a: Excadrill|25/100
|-heal|p2b: Scrafty|45/100|[from] drain|[of] p1a: Excadrill
|
|-weather|none
|-fieldend|move: Trick Room
|upkeep
|
|t:|1783204279
|switch|p2a: Palafin|Palafin-Hero, L50, M|93/100
|-activate|p2a: Palafin|ability: Zero to Hero
|turn|6
|
|t:|1783204301
|move|p1a: Excadrill|Earthquake|p2b: Scrafty|[spread] p2a,p2b
|-immune|p1b: Corviknight
|-damage|p2a: Palafin|54/100
|-damage|p2b: Scrafty|7/100
|move|p2a: Palafin|Wave Crash|p1b: Corviknight
|-damage|p1b: Corviknight|17/100
|-damage|p2a: Palafin|40/100|[from] Recoil
|move|p2b: Scrafty|Swords Dance|p2b: Scrafty
|-boost|p2b: Scrafty|atk|2
|move|p1b: Corviknight|Brave Bird|p2a: Palafin
|-damage|p2a: Palafin|0 fnt
|faint|p2a: Palafin
|-damage|p1b: Corviknight|4/100|[from] Recoil
|
|upkeep
|
|t:|1783204308
|switch|p2a: Meowscarada|Meowscarada, L50, M|100/100
|turn|7
|
|t:|1783204331
|move|p1a: Excadrill|Protect|p1a: Excadrill
|-singleturn|p1a: Excadrill|Protect
|move|p2a: Meowscarada|Sucker Punch||[still]
|-fail|p2a: Meowscarada
|move|p2b: Scrafty|Drain Punch|p1b: Corviknight
|-damage|p1b: Corviknight|0 fnt
|-heal|p2b: Scrafty|10/100|[from] drain|[of] p1b: Corviknight
|faint|p1b: Corviknight
|
|upkeep
|
|t:|1783204341
|switch|p1b: Clefable|Clefable, L50, F|82/100
|turn|8
|
|t:|1783204358
|move|p1b: Clefable|Follow Me|p1b: Clefable
|-singleturn|p1b: Clefable|move: Follow Me
|move|p2a: Meowscarada|Flower Trick|p1b: Clefable
|-crit|p1b: Clefable
|-damage|p1b: Clefable|43/100
|move|p1a: Excadrill|Iron Head|p2b: Scrafty
|-damage|p2b: Scrafty|0 fnt
|faint|p2b: Scrafty
|
|upkeep
|turn|9
|
|t:|1783204368
|move|p1b: Clefable|Follow Me|p1b: Clefable
|-singleturn|p1b: Clefable|move: Follow Me
|move|p2a: Meowscarada|Flower Trick|p1b: Clefable
|-crit|p1b: Clefable
|-damage|p1b: Clefable|5/100
|move|p1a: Excadrill|Iron Head|p2a: Meowscarada
|-damage|p2a: Meowscarada|24/100
|
|upkeep
|turn|10
|
|t:|1783204374
|move|p1b: Clefable|Follow Me|p1b: Clefable
|-singleturn|p1b: Clefable|move: Follow Me
|move|p2a: Meowscarada|Flower Trick|p1b: Clefable
|-crit|p1b: Clefable
|-damage|p1b: Clefable|0 fnt
|faint|p1b: Clefable
|move|p1a: Excadrill|Iron Head|p2a: Meowscarada
|-damage|p2a: Meowscarada|0 fnt
|faint|p2a: Meowscarada
|
|win|Daravones Soup
||Gabeeel is ready for game 2.
||Daravones Soup is ready for game 2.
|uhtml|next|Next: Game 2 of 3
