|j|☆Morgan's Soul
|j|☆F63
|html|Morgan's SoulF63    
|uhtml|bestof|Game 2 of a best-of-3
|t:|1784408323
|gametype|doubles
|player|p1|Morgan's Soul|blue|
|player|p2|F63|miku-ghost|
|gen|9
|tier|[Gen 9 Champions] VGC 2026 Reg M-B (Bo3)
|rule|Species Clause: Limit one of each Pokémon
|rule|Item Clause: Limit 1 of each item
|clearpoke
|poke|p1|Farigiraf, L50, M|
|poke|p1|Sylveon, L50, F|
|poke|p1|Tyranitar, L50, M|
|poke|p1|Aerodactyl, L50, F|
|poke|p1|Delphox, L50, M|
|poke|p1|Swampert, L50, F|
|poke|p2|Sinistcha, L50|
|poke|p2|Skeledirge, L50, M|
|poke|p2|Sableye, L50, F|
|poke|p2|Lopunny, L50, F, shiny|
|poke|p2|Metagross, L50|
|poke|p2|Archaludon, L50, M|
|teampreview|4
|showteam|p1|Farigiraf||ColburBerry|ArmorTail|TrickRoom,HyperVoice,HelpingHand,DazzlingGleam|Relaxed||M|||50|]Sylveon||FairyFeather|Pixilate|HyperVoice,CalmMind,Protect,ShadowBall|Quiet||F|||50|]Tyranitar||ExpertBelt|SandStream|KnockOff,RockSlide,DragonDance,Protect|Adamant||M|||50|]Aerodactyl||Aerodactylite|RockHead|DualWingbeat,RockSlide,Tailwind,Protect|Adamant||F|||50|]Delphox||Delphoxite|Blaze|HeatWave,Psychic,ShadowBall,Protect|Calm||M|||50|]Swampert||ChoiceScarf|Torrent|Earthquake,FlipTurn,WaveCrash,Protect|Adamant||F|||50|
|showteam|p2|Sinistcha||OccaBerry|Hospitality|MatchaGotcha,RagePowder,LifeDew,TrickRoom|Bold|||||50|]Skeledirge||SitrusBerry|Unaware|TorchSong,ShadowBall,Roar,Protect|Calm||M|||50|]Sableye||FocusSash|Prankster|FakeOut,Quash,LightScreen,RainDance|Calm||F|||50|]Lopunny||Lopunnite|CuteCharm|FakeOut,HighJumpKick,AfterYou,Protect|Jolly||F|||50|]Metagross||Metagrossite|ClearBody|PsychicFangs,IronHead,RockSlide,Protect|Jolly|||||50|]Archaludon||Leftovers|Stamina|ElectroShot,FlashCannon,AuraSphere,Protect|Modest||M|||50|
|j| ItzZinnia
|j| Khyrsos
|
|t:|1784408381
|teamsize|p1|4
|teamsize|p2|4
|start
|switch|p1a: the binding chain.|Farigiraf, L50, M|100/100
|switch|p1b: Chud McCallister|Delphox, L50, M|100/100
|switch|p2a: Chá da vovó|Sinistcha, L50|100/100
|switch|p2b: Peter|Skeledirge, L50, M|100/100
|turn|1
|
|t:|1784408498
|detailschange|p1b: Chud McCallister|Delphox-Mega, L50, M
|-mega|p1b: Chud McCallister|Delphox|Delphoxite
|move|p1a: the binding chain.|Helping Hand|p1b: Chud McCallister
|-singleturn|p1b: Chud McCallister|Helping Hand|[of] p1a: the binding chain.
|move|p2a: Chá da vovó|Rage Powder|p2a: Chá da vovó
|-singleturn|p2a: Chá da vovó|move: Rage Powder
|move|p1b: Chud McCallister|Heat Wave|p2b: Peter|[spread] p2a,p2b
|-supereffective|p2a: Chá da vovó|1
|-enditem|p2a: Chá da vovó|Occa Berry|[eat]
|-enditem|p2a: Chá da vovó|Occa Berry|[weaken]
|-resisted|p2b: Peter|1
|-damage|p2a: Chá da vovó|43/100
|-damage|p2b: Peter|73/100
|move|p2b: Peter|Torch Song|p1a: the binding chain.
|-damage|p1a: the binding chain.|72/100
|-boost|p2b: Peter|spa|1
|
|upkeep
|turn|2
|
|t:|1784408540
|switch|p2a: Just a little guy|Sableye, L50, F|100/100
|move|p1a: the binding chain.|Helping Hand|p1b: Chud McCallister
|-singleturn|p1b: Chud McCallister|Helping Hand|[of] p1a: the binding chain.
|move|p1b: Chud McCallister|Heat Wave|p2a: Just a little guy|[spread] p2a,p2b
|-resisted|p2b: Peter|1
|-damage|p2a: Just a little guy|30/100
|-damage|p2b: Peter|46/100
|-enditem|p2b: Peter|Sitrus Berry|[eat]
|-heal|p2b: Peter|71/100|[from] item: Sitrus Berry
|move|p2b: Peter|Torch Song|p1a: the binding chain.
|-damage|p1a: the binding chain.|32/100
|-boost|p2b: Peter|spa|1
|
|upkeep
|turn|3
|
|t:|1784408565
|switch|p1a: That one guy|Swampert, L50, F|100/100
|move|p2a: Just a little guy|Quash|p1b: Chud McCallister
|-activate|p1b: Chud McCallister|move: Quash
|move|p2b: Peter|Shadow Ball|p1b: Chud McCallister
|-supereffective|p1b: Chud McCallister|1
|-damage|p1b: Chud McCallister|13/100
|-unboost|p1b: Chud McCallister|spd|1
|move|p1b: Chud McCallister|Shadow Ball|p2b: Peter
|-supereffective|p2b: Peter|1
|-damage|p2b: Peter|22/100
|
|upkeep
|turn|4
|
|t:|1784408631
|switch|p2a: Chá da vovó|Sinistcha, L50|43/100
|-heal|p2b: Peter|46/100|[from] ability: Hospitality|[of] p2a: Chá da vovó
|move|p2b: Peter|Protect|p2b: Peter
|-singleturn|p2b: Peter|Protect
|move|p1a: That one guy|Earthquake|p2b: Peter|[spread] p2a
|-activate|p2b: Peter|move: Protect
|-immune|p1b: Chud McCallister|[from] ability: Levitate
|-resisted|p2a: Chá da vovó|1
|-damage|p2a: Chá da vovó|28/100
|move|p1b: Chud McCallister|Shadow Ball|p2b: Peter
|-activate|p2b: Peter|move: Protect
|
|upkeep
|turn|5
|
|t:|1784408708
|move|p2a: Chá da vovó|Rage Powder|p2a: Chá da vovó
|-singleturn|p2a: Chá da vovó|move: Rage Powder
|move|p1a: That one guy|Earthquake|p2a: Chá da vovó|[spread] p2a,p2b
|-immune|p1b: Chud McCallister|[from] ability: Levitate
|-resisted|p2a: Chá da vovó|1
|-supereffective|p2b: Peter|1
|-damage|p2a: Chá da vovó|12/100
|-damage|p2b: Peter|0 fnt
|faint|p2b: Peter
|move|p1b: Chud McCallister|Shadow Ball|p2a: Chá da vovó
|-supereffective|p2a: Chá da vovó|1
|-damage|p2a: Chá da vovó|0 fnt
|faint|p2a: Chá da vovó
|
|upkeep
|
|t:|1784408719
|switch|p2a: Just a little guy|Sableye, L50, F|30/100
|switch|p2b: Ponte 25 de abril|Archaludon, L50, M|100/100
|turn|6
|
|t:|1784408725
|move|p1b: Chud McCallister|Protect|p1b: Chud McCallister
|-singleturn|p1b: Chud McCallister|Protect
|move|p2a: Just a little guy|Rain Dance|p2a: Just a little guy
|-weather|RainDance
|move|p1a: That one guy|Earthquake|p2a: Just a little guy|[spread] p2a,p2b
|-activate|p1b: Chud McCallister|move: Protect
|-supereffective|p2b: Ponte 25 de abril|1
|-damage|p2a: Just a little guy|0 fnt
|-damage|p2b: Ponte 25 de abril|39/100
|-ability|p2b: Ponte 25 de abril|Stamina|boost
|-boost|p2b: Ponte 25 de abril|def|1
|faint|p2a: Just a little guy
|move|p2b: Ponte 25 de abril|Electro Shot||[still]
|-prepare|p2b: Ponte 25 de abril|Electro Shot
|-boost|p2b: Ponte 25 de abril|spa|1
|-anim|p2b: Ponte 25 de abril|Electro Shot|p1b: Chud McCallister
|-activate|p1b: Chud McCallister|move: Protect
|
|-weather|RainDance|[upkeep]
|-heal|p2b: Ponte 25 de abril|45/100|[from] item: Leftovers
|upkeep
|turn|7
|
|t:|1784408747
|move|p2b: Ponte 25 de abril|Protect|p2b: Ponte 25 de abril
|-singleturn|p2b: Ponte 25 de abril|Protect
|move|p1a: That one guy|Earthquake|p2b: Ponte 25 de abril|[spread] 
|-activate|p2b: Ponte 25 de abril|move: Protect
|-immune|p1b: Chud McCallister|[from] ability: Levitate
|move|p1b: Chud McCallister|Shadow Ball|p2b: Ponte 25 de abril
|-activate|p2b: Ponte 25 de abril|move: Protect
|
|-weather|RainDance|[upkeep]
|-heal|p2b: Ponte 25 de abril|51/100|[from] item: Leftovers
|upkeep
|turn|8
|
|t:|1784408760
|switch|p1a: Gojira-kun|Tyranitar, L50, M|100/100
|-weather|Sandstorm|[from] ability: Sand Stream|[of] p1a: Gojira-kun
|move|p1b: Chud McCallister|Heat Wave|p2b: Ponte 25 de abril
|-damage|p2b: Ponte 25 de abril|0 fnt
|faint|p2b: Ponte 25 de abril
|
|win|Morgan's Soul
