|j|☆gambitofking
|j|☆Ice124567890
|html|gambitofkingIce124567890    
|uhtml|bestof|Game 2 of a best-of-3
|t:|1782209177
|gametype|doubles
|player|p1|gambitofking|miku-grass|1176
|player|p2|Ice124567890|102|1340
|gen|9
|tier|[Gen 9 Champions] VGC 2026 Reg M-B (Bo3)
|rated|
|rule|Species Clause: Limit one of each Pokémon
|rule|Item Clause: Limit 1 of each item
|clearpoke
|poke|p1|Froslass, L50, F|
|poke|p1|Incineroar, L50, F|
|poke|p1|Garchomp, L50, M|
|poke|p1|Aerodactyl, L50, M|
|poke|p1|Rotom-Wash, L50|
|poke|p1|Kingambit, L50, M, shiny|
|poke|p2|Torkoal, L50, F|
|poke|p2|Venusaur, L50, F|
|poke|p2|Delphox, L50, M|
|poke|p2|Incineroar, L50, F|
|poke|p2|Farigiraf, L50, F|
|poke|p2|Floette-Eternal, L50, F|
|teampreview|4
|showteam|p1|Froslass||Froslassite|SnowCloak|Blizzard,ShadowBall,AuroraVeil,Protect|Timid||F|||50|]Incineroar||PasshoBerry|Intimidate|FakeOut,PartingShot,ThroatChop,FlareBlitz|Impish||F|||50|]Garchomp||LifeOrb|RoughSkin|Earthquake,StompingTantrum,DragonClaw,Protect|Jolly||M|||50|]Aerodactyl||Aerodactylite|Unnerve|RockSlide,DualWingbeat,Tailwind,Protect|Jolly||M|||50|]Rotom-Wash||SitrusBerry|Levitate|HydroPump,VoltSwitch,WillOWisp,Protect|Modest|||||50|]Kingambit||ChopleBerry|Defiant|SuckerPunch,KowtowCleave,IronHead,LowKick|Adamant||M|||50|
|showteam|p2|Torkoal||HeatRock|Drought|Eruption,WeatherBall,Yawn,Protect|Quiet||F|||50|]Venusaur||LifeOrb|Chlorophyll|EnergyBall,SludgeBomb,EarthPower,Protect|Modest||F|||50|]Delphox||Delphoxite|Blaze|Psyshock,HeatWave,NastyPlot,Protect|Timid||M|||50|]Incineroar||Charcoal|Intimidate|PartingShot,FakeOut,ThroatChop,FlareBlitz|Adamant||F|||50|]Farigiraf||SitrusBerry|ArmorTail|Psychic,HyperVoice,TrickRoom,Protect|Quiet||F|||50|]Floette-Eternal||Floettite|FlowerVeil|DazzlingGleam,Moonblast,LightofRuin,Protect|Timid||F|||50|
|inactive|Battle timer is ON: inactive players will automatically lose when time's up. (requested by Ice124567890)
|inactive|Ice124567890 has 60 seconds left.
|
|t:|1782209215
|teamsize|p1|4
|teamsize|p2|4
|start
|switch|p1a: JaidenAnimations|Garchomp, L50, M|100/100
|switch|p1b: GettingTuff|Aerodactyl, L50, M|100/100
|switch|p2a: Farigiraf|Farigiraf, L50, F|100/100
|switch|p2b: Incineroar|Incineroar, L50, F|100/100
|-ability|p1b: GettingTuff|Unnerve
|-ability|p2b: Incineroar|Intimidate|boost
|-unboost|p1a: JaidenAnimations|atk|1
|-unboost|p1b: GettingTuff|atk|1
|turn|1
|inactive|gambitofking has 30 seconds left.
|
|t:|1782209245
|switch|p1a: WolfeyNo1Fan|Incineroar, L50, F|100/100
|-ability|p1a: WolfeyNo1Fan|Intimidate|boost
|-unboost|p2a: Farigiraf|atk|1
|-unboost|p2b: Incineroar|atk|1
|move|p2b: Incineroar|Fake Out|p1b: GettingTuff
|-resisted|p1b: GettingTuff|1
|-damage|p1b: GettingTuff|92/100
|cant|p1b: GettingTuff|flinch
|move|p2a: Farigiraf|Trick Room|p2a: Farigiraf
|-fieldstart|move: Trick Room|[of] p2a: Farigiraf
|
|upkeep
|turn|2
|
|t:|1782209261
|move|p2a: Farigiraf|Psychic|p1b: GettingTuff
|-damage|p1b: GettingTuff|29/100
|move|p2b: Incineroar|Throat Chop|p1b: GettingTuff
|-damage|p1b: GettingTuff|0 fnt
|faint|p1b: GettingTuff
|move|p1a: WolfeyNo1Fan|Throat Chop|p2a: Farigiraf
|-supereffective|p2a: Farigiraf|1
|-damage|p2a: Farigiraf|41/100
|-start|p2a: Farigiraf|Throat Chop|[silent]
|-enditem|p2a: Farigiraf|Sitrus Berry|[eat]
|-heal|p2a: Farigiraf|66/100|[from] item: Sitrus Berry
|
|upkeep
|
|t:|1782209272
|switch|p1b: Yamato|Froslass, L50, F|100/100
|turn|3
|inactive|gambitofking has 30 seconds left.
|inactive|gambitofking has 20 seconds left.
|
|t:|1782209310
|move|p1b: Yamato|Protect|p1b: Yamato
|-singleturn|p1b: Yamato|Protect
|move|p2a: Farigiraf|Psychic|p1b: Yamato
|-activate|p1b: Yamato|move: Protect
|move|p2b: Incineroar|Parting Shot|p1a: WolfeyNo1Fan
|-unboost|p1a: WolfeyNo1Fan|atk|1
|-unboost|p1a: WolfeyNo1Fan|spa|1
|
|t:|1782209327
|switch|p2b: Torkoal|Torkoal, L50, F|100/100|[from] Parting Shot
|-weather|SunnyDay|[from] ability: Drought|[of] p2b: Torkoal
|move|p1a: WolfeyNo1Fan|Throat Chop|p2a: Farigiraf
|-supereffective|p2a: Farigiraf|1
|-damage|p2a: Farigiraf|25/100
|
|-weather|SunnyDay|[upkeep]
|-end|p2a: Farigiraf|Throat Chop|[silent]
|upkeep
|turn|4
|
|t:|1782209341
|switch|p1b: JaidenAnimations|Garchomp, L50, M|100/100
|move|p2b: Torkoal|Eruption|p1a: WolfeyNo1Fan|[spread] p1a,p1b
|-resisted|p1a: WolfeyNo1Fan|1
|-resisted|p1b: JaidenAnimations|1
|-damage|p1a: WolfeyNo1Fan|68/100
|-damage|p1b: JaidenAnimations|60/100
|move|p2a: Farigiraf|Hyper Voice|p1a: WolfeyNo1Fan|[spread] p1a,p1b
|-crit|p1a: WolfeyNo1Fan
|-damage|p1a: WolfeyNo1Fan|27/100
|-damage|p1b: JaidenAnimations|28/100
|move|p1a: WolfeyNo1Fan|Throat Chop|p2a: Farigiraf
|-supereffective|p2a: Farigiraf|1
|-damage|p2a: Farigiraf|0 fnt
|faint|p2a: Farigiraf
|
|-weather|SunnyDay|[upkeep]
|upkeep
|
|t:|1782209364
|switch|p2a: Incineroar|Incineroar, L50, F|100/100
|-ability|p2a: Incineroar|Intimidate|boost
|-unboost|p1a: WolfeyNo1Fan|atk|1
|-unboost|p1b: JaidenAnimations|atk|1
|turn|5
|
|t:|1782209372
|switch|p2b: Venusaur|Venusaur, L50, F|100/100
|move|p1b: JaidenAnimations|Protect|p1b: JaidenAnimations
|-singleturn|p1b: JaidenAnimations|Protect
|move|p2a: Incineroar|Flare Blitz|p1a: WolfeyNo1Fan
|-resisted|p1a: WolfeyNo1Fan|1
|-damage|p1a: WolfeyNo1Fan|0 fnt
|faint|p1a: WolfeyNo1Fan
|-damage|p2a: Incineroar|91/100|[from] Recoil
|
|-weather|SunnyDay|[upkeep]
|-fieldend|move: Trick Room
|upkeep
|
|t:|1782209384
|switch|p1a: Yamato|Froslass, L50, F|100/100
|turn|6
|inactive|Ice124567890 has 30 seconds left.
|
|t:|1782209412
|detailschange|p1a: Yamato|Froslass-Mega, L50, F
|-mega|p1a: Yamato|Froslass|Froslassite
|-weather|Snowscape|[from] ability: Snow Warning|[of] p1a: Yamato
|move|p2b: Venusaur|Protect|p2b: Venusaur
|-singleturn|p2b: Venusaur|Protect
|move|p1a: Yamato|Blizzard|p2b: Venusaur|[spread] p2a
|-activate|p2b: Venusaur|move: Protect
|-resisted|p2a: Incineroar|1
|-crit|p2a: Incineroar
|-damage|p2a: Incineroar|64/100
|move|p1b: JaidenAnimations|Stomping Tantrum|p2a: Incineroar
|-supereffective|p2a: Incineroar|1
|-damage|p2a: Incineroar|0 fnt
|faint|p2a: Incineroar
|-damage|p1b: JaidenAnimations|18/100|[from] item: Life Orb
|
|-weather|Snowscape|[upkeep]
|upkeep
|
|t:|1782209415
|switch|p2a: Torkoal|Torkoal, L50, F|100/100
|-weather|SunnyDay|[from] ability: Drought|[of] p2a: Torkoal
|turn|7
|
|t:|1782209437
|move|p1b: JaidenAnimations|Protect|p1b: JaidenAnimations
|-singleturn|p1b: JaidenAnimations|Protect
|move|p2b: Venusaur|Energy Ball|p1b: JaidenAnimations
|-activate|p1b: JaidenAnimations|move: Protect
|move|p1a: Yamato|Blizzard|p2b: Venusaur|[spread] p2a,p2b
|-resisted|p2a: Torkoal|1
|-supereffective|p2b: Venusaur|1
|-damage|p2a: Torkoal|72/100
|-damage|p2b: Venusaur|0 fnt
|faint|p2b: Venusaur
|move|p2a: Torkoal|Weather Ball|p1a: Yamato
|-supereffective|p1a: Yamato|1
|-damage|p1a: Yamato|0 fnt
|faint|p1a: Yamato
|
|-weather|SunnyDay|[upkeep]
|upkeep
|turn|8
|
|t:|1782209454
|move|p1b: JaidenAnimations|Earthquake|p2a: Torkoal
|-supereffective|p2a: Torkoal|1
|-damage|p2a: Torkoal|5/100
|-damage|p1b: JaidenAnimations|8/100|[from] item: Life Orb
|move|p2a: Torkoal|Weather Ball|p1b: JaidenAnimations
|-resisted|p1b: JaidenAnimations|1
|-damage|p1b: JaidenAnimations|0 fnt
|faint|p1b: JaidenAnimations
|
|win|Ice124567890
||Ice124567890 is ready for game 3.
|l|☆Ice124567890
|player|p2|
|c|☆gambitofking|bru
|inactive|gambitofking has 30 seconds to confirm battle start!
