|j|☆freudianbreath
|j|☆VgcUSUM
|html|freudianbreathVgcUSUM    
|uhtml|bestof|Game 1 of a best-of-3
|t:|1785881343
|gametype|doubles
|player|p1|freudianbreath|102|1120
|player|p2|VgcUSUM|cynthia|1141
|gen|9
|tier|[Gen 9 Champions] VGC 2026 Reg M-B (Bo3)
|rated|
|rule|Species Clause: Limit one of each Pokémon
|rule|Item Clause: Limit 1 of each item
|clearpoke
|poke|p1|Gholdengo, L50|
|poke|p1|Whimsicott, L50, F|
|poke|p1|Sneasler, L50, M|
|poke|p1|Aerodactyl, L50, M|
|poke|p1|Politoed, L50, F|
|poke|p1|Swampert, L50, M|
|poke|p2|Kangaskhan, L50, F|
|poke|p2|Chandelure, L50, M|
|poke|p2|Gallade, L50, M|
|poke|p2|Garchomp, L50, M|
|poke|p2|Tyranitar, L50, M|
|poke|p2|Corviknight, L50, F|
|teampreview|4
|showteam|p1|Gholdengo||LifeOrb|GoodasGold|NastyPlot,MakeItRain,Protect,ShadowBall|Timid|||||50|]Whimsicott||SitrusBerry|Prankster|Moonblast,Encore,Tailwind,Protect|Bold||F|||50|]Sneasler||FocusSash|Unburden|FakeOut,DireClaw,CloseCombat,ThroatChop|Jolly||M|||50|]Aerodactyl||Aerodactylite|Unnerve|DualWingbeat,RockSlide,Protect,Tailwind|Jolly||M|||50|]Politoed||Leftovers|Drizzle|Whirlpool,Protect,EarthPower,WeatherBall|Modest||F|||50|]Swampert||Swampertite|Torrent|WaveCrash,Protect,HighHorsepower,IcePunch|Adamant||M|||50|
|showteam|p2|Kangaskhan||Kangaskhanite|Scrappy|FakeOut,DoubleEdge,IcePunch,BrickBreak|Brave||F|||50|]Chandelure||FocusSash|FlashFire|TrickRoom,HeatWave,ShadowBall,Protect|Quiet||M|||50|]Gallade||IronBall|Sharpness|Protect,LeafBlade,SacredSword,PsychoCut|Brave||M|||50|]Garchomp||Garchompite|SandVeil|Protect,EarthPower,DracoMeteor,PowerGem|Modest||M|||50|]Tyranitar||ChoiceScarf|SandStream|LowKick,IcePunch,RockSlide,KnockOff|Jolly||M|||50|]Corviknight||LifeOrb|MirrorArmor|Protect,Tailwind,IronHead,DualWingbeat|Jolly||F|||50|
|inactive|Battle timer is ON: inactive players will automatically lose when time's up. (requested by VgcUSUM)
|inactive|freudianbreath has 60 seconds left.
|inactive|freudianbreath has 30 seconds left.
|
|t:|1785881508
|teamsize|p1|4
|teamsize|p2|4
|start
|switch|p1a: Sneasler|Sneasler, L50, M|100/100
|switch|p1b: Aerodactyl|Aerodactyl, L50, M|100/100
|switch|p2a: Chandelure|Chandelure, L50, M|100/100
|switch|p2b: Kangaskhan|Kangaskhan, L50, F|100/100
|-ability|p1b: Aerodactyl|Unnerve
|turn|1
|inactive|freudianbreath has 30 seconds left.
|inactive|VgcUSUM has 30 seconds left.
|inactive|freudianbreath has 20 seconds left.
|inactive|freudianbreath has 15 seconds left.
|inactive|freudianbreath has 10 seconds left.
|inactive|freudianbreath has 5 seconds left.
|
|t:|1785881560
|detailschange|p1b: Aerodactyl|Aerodactyl-Mega, L50, M
|-mega|p1b: Aerodactyl|Aerodactyl|Aerodactylite
|detailschange|p2b: Kangaskhan|Kangaskhan-Mega, L50, F
|-mega|p2b: Kangaskhan|Kangaskhan|Kangaskhanite
|move|p1a: Sneasler|Fake Out|p2b: Kangaskhan
|-damage|p2b: Kangaskhan|87/100
|cant|p2b: Kangaskhan|flinch
|move|p1b: Aerodactyl|Dual Wingbeat|p2b: Kangaskhan
|-damage|p2b: Kangaskhan|62/100
|-damage|p2b: Kangaskhan|38/100
|-hitcount|p2b: Kangaskhan|2
|move|p2a: Chandelure|Trick Room|p2a: Chandelure
|-fieldstart|move: Trick Room|[of] p2a: Chandelure
|
|upkeep
|turn|2
|inactive|freudianbreath has 30 seconds left.
|inactive|freudianbreath has 20 seconds left.
|inactive|freudianbreath has 15 seconds left.
|inactive|freudianbreath has 10 seconds left.
|inactive|freudianbreath has 5 seconds left.
|
|t:|1785881611
|move|p1b: Aerodactyl|Protect|p1b: Aerodactyl
|-singleturn|p1b: Aerodactyl|Protect
|move|p2a: Chandelure|Heat Wave|p1a: Sneasler|[spread] p1a
|-activate|p1b: Aerodactyl|move: Protect
|-damage|p1a: Sneasler|42/100
|move|p2b: Kangaskhan|Ice Punch|p1b: Aerodactyl
|-activate|p1b: Aerodactyl|move: Protect
|move|p1a: Sneasler|Close Combat|p2b: Kangaskhan
|-supereffective|p2b: Kangaskhan|1
|-damage|p2b: Kangaskhan|0 fnt
|-unboost|p1a: Sneasler|def|1
|-unboost|p1a: Sneasler|spd|1
|faint|p2b: Kangaskhan
|
|upkeep
|
|t:|1785881624
|switch|p2b: Corviknight|Corviknight, L50, F|100/100
|turn|3
|
|t:|1785881647
|switch|p1a: Politoed|Politoed, L50, F|100/100
|-weather|RainDance|[from] ability: Drizzle|[of] p1a: Politoed
|move|p2a: Chandelure|Shadow Ball|p1a: Politoed
|-damage|p1a: Politoed|58/100
|move|p2b: Corviknight|Iron Head|p1b: Aerodactyl
|-supereffective|p1b: Aerodactyl|1
|-damage|p1b: Aerodactyl|0 fnt
|faint|p1b: Aerodactyl
|-damage|p2b: Corviknight|90/100|[from] item: Life Orb
|
|-weather|RainDance|[upkeep]
|-heal|p1a: Politoed|64/100|[from] item: Leftovers
|upkeep
|inactive|freudianbreath has 30 seconds left.
|
|t:|1785881677
|switch|p1b: Sneasler|Sneasler, L50, M|42/100
|turn|4
|inactive|freudianbreath has 30 seconds left.
|
|t:|1785881712
|move|p1b: Sneasler|Fake Out|p2b: Corviknight
|-resisted|p2b: Corviknight|1
|-damage|p2b: Corviknight|84/100
|move|p1a: Politoed|Weather Ball|p2a: Chandelure
|-supereffective|p2a: Chandelure|1
|-enditem|p2a: Chandelure|Focus Sash
|-damage|p2a: Chandelure|1/100
|move|p2a: Chandelure|Shadow Ball|p1a: Politoed
|-damage|p1a: Politoed|17/100
|-unboost|p1a: Politoed|spd|1
|cant|p2b: Corviknight|flinch
|
|-weather|RainDance|[upkeep]
|-heal|p1a: Politoed|23/100|[from] item: Leftovers
|upkeep
|turn|5
|inactive|freudianbreath has 30 seconds left.
|inactive|freudianbreath has 20 seconds left.
|inactive|freudianbreath has 15 seconds left.
|inactive|freudianbreath has 10 seconds left.
|
|t:|1785881760
|switch|p1b: Swampert|Swampert, L50, M|100/100
|move|p2a: Chandelure|Protect|p2a: Chandelure
|-singleturn|p2a: Chandelure|Protect
|move|p1a: Politoed|Protect|p1a: Politoed
|-singleturn|p1a: Politoed|Protect
|move|p2b: Corviknight|Tailwind|p2b: Corviknight
|-sidestart|p2: VgcUSUM|move: Tailwind
|
|-weather|RainDance|[upkeep]
|-heal|p1a: Politoed|29/100|[from] item: Leftovers
|-fieldend|move: Trick Room
|upkeep
|turn|6
|inactive|freudianbreath has 30 seconds left.
|inactive|freudianbreath has 20 seconds left.
|inactive|freudianbreath has 15 seconds left.
|inactive|freudianbreath has 10 seconds left.
|
|t:|1785881810
|switch|p1a: Sneasler|Sneasler, L50, M|42/100
|move|p2b: Corviknight|Iron Head|p1a: Sneasler
|-damage|p1a: Sneasler|0 fnt
|faint|p1a: Sneasler
|-damage|p2b: Corviknight|74/100|[from] item: Life Orb
|move|p2a: Chandelure|Shadow Ball|p1b: Swampert
|-damage|p1b: Swampert|52/100
|move|p1b: Swampert|Wave Crash|p2b: Corviknight
|-damage|p2b: Corviknight|0 fnt
|faint|p2b: Corviknight
|-damage|p1b: Swampert|31/100|[from] Recoil
|
|-weather|RainDance|[upkeep]
|upkeep
|
|t:|1785881824
|switch|p1a: Politoed|Politoed, L50, F|29/100
|switch|p2b: Gallade|Gallade, L50, M|100/100
|turn|7
|inactive|freudianbreath has 30 seconds left.
|inactive|freudianbreath has 20 seconds left.
|inactive|freudianbreath has 15 seconds left.
|inactive|freudianbreath has 10 seconds left.
|inactive|freudianbreath has 5 seconds left.
|
|t:|1785881876
|move|p2b: Gallade|Protect|p2b: Gallade
|-singleturn|p2b: Gallade|Protect
|move|p2a: Chandelure|Shadow Ball|p1a: Politoed
|-damage|p1a: Politoed|0 fnt
|faint|p1a: Politoed
|move|p1b: Swampert|Wave Crash|p2b: Gallade
|-activate|p2b: Gallade|move: Protect
|
|-weather|none
|upkeep
|turn|8
|
|t:|1785881890
|move|p2a: Chandelure|Shadow Ball|p1b: Swampert
|-damage|p1b: Swampert|0 fnt
|faint|p1b: Swampert
|
|win|VgcUSUM
||VgcUSUM is ready for game 2.
