|j|☆clarocojones
|j|☆lalalaing
|html|clarocojoneslalalaing    
|uhtml|bestof|Game 1 of a best-of-3
|t:|1785947750
|gametype|doubles
|player|p1|clarocojones|striker|1293
|player|p2|lalalaing|artist-gen4|1314
|gen|9
|tier|[Gen 9 Champions] VGC 2026 Reg M-B (Bo3)
|rated|
|rule|Species Clause: Limit one of each Pokémon
|rule|Item Clause: Limit 1 of each item
|clearpoke
|poke|p1|Floette-Eternal, L50, F|
|poke|p1|Incineroar, L50, M, shiny|
|poke|p1|Sinistcha-Masterpiece, L50, shiny|
|poke|p1|Garchomp, L50, F|
|poke|p1|Kingambit, L50, M|
|poke|p1|Sneasler, L50, M|
|poke|p2|Gengar, L50, M|
|poke|p2|Swampert, L50, F|
|poke|p2|Archaludon, L50, F|
|poke|p2|Politoed, L50, M|
|poke|p2|Vivillon-Marine, L50, F|
|poke|p2|Incineroar, L50, M|
|teampreview|4
|showteam|p1|Floette-Eternal||Floettite|FlowerVeil|Moonblast,DazzlingGleam,CalmMind,Protect|Modest||F|||50|]Incineroar||SitrusBerry|Intimidate|FakeOut,PartingShot,HelpingHand,FlareBlitz|Careful||M|||50|]Sinistcha-Masterpiece||ColburBerry|Hospitality|MatchaGotcha,LifeDew,RagePowder,TrickRoom|Bold|||||50|]Garchomp||Garchompite|SandVeil|DragonClaw,StompingTantrum,RockSlide,Protect|Adamant||F|||50|]Kingambit||BlackGlasses|Defiant|KowtowCleave,SuckerPunch,SwordsDance,Protect|Adamant||M|||50|]Sneasler||FocusSash|PoisonTouch|FakeOut,CloseCombat,DireClaw,Coaching|Jolly||M|||50|
|showteam|p2|Gengar||Gengarite|CursedBody|ShadowBall,PerishSong,Disable,Protect|Modest||M|||50|]Swampert||Swampertite|Torrent|WaveCrash,Earthquake,IcePunch,Protect|Adamant||F|||50|]Archaludon||Leftovers|Stamina|FlashCannon,DragonPulse,ElectroShot,Protect|Modest||F|||50|]Politoed||SitrusBerry|Drizzle|WeatherBall,Encore,PerishSong,Protect|Calm||M|||50|]Vivillon-Marine||FocusSash|CompoundEyes|Hurricane,SleepPowder,RagePowder,Protect|Timid||F|||50|]Incineroar||ChopleBerry|Intimidate|ThroatChop,FakeOut,PartingShot,Protect|Impish||M|||50|
|inactive|Battle timer is ON: inactive players will automatically lose when time's up. (requested by lalalaing)
|
|t:|1785947773
|teamsize|p1|4
|teamsize|p2|4
|start
|switch|p1a: Friends Take|Incineroar, L50, M, shiny|100/100
|switch|p1b: Felicidad|Floette-Eternal, L50, F|100/100
|switch|p2a: Gengar|Gengar, L50, M|100/100
|switch|p2b: Incineroar|Incineroar, L50, M|100/100
|-ability|p1a: Friends Take|Intimidate|boost
|-unboost|p2a: Gengar|atk|1
|-unboost|p2b: Incineroar|atk|1
|-ability|p2b: Incineroar|Intimidate|boost
|-unboost|p1a: Friends Take|atk|1
|-unboost|p1b: Felicidad|atk|1
|turn|1
|inactive|clarocojones has 30 seconds left.
|inactive|clarocojones has 20 seconds left.
|
|t:|1785947809
|switch|p1b: Kingambit|Kingambit, L50, M|100/100
|detailschange|p2a: Gengar|Gengar-Mega, L50, M
|-mega|p2a: Gengar|Gengar|Gengarite
|move|p1a: Friends Take|Fake Out|p2b: Incineroar
|-damage|p2b: Incineroar|94/100
|cant|p2b: Incineroar|flinch
|move|p2a: Gengar|Perish Song|p2a: Gengar
|-start|p1a: Friends Take|perish3|[silent]
|-start|p1b: Kingambit|perish3|[silent]
|-start|p2a: Gengar|perish3|[silent]
|-start|p2b: Incineroar|perish3|[silent]
|-fieldactivate|move: Perish Song
|
|-start|p2a: Gengar|perish3
|-start|p1a: Friends Take|perish3
|-start|p2b: Incineroar|perish3
|-start|p1b: Kingambit|perish3
|upkeep
|turn|2
|
|t:|1785947832
|move|p2a: Gengar|Protect|p2a: Gengar
|-singleturn|p2a: Gengar|Protect
|move|p1a: Friends Take|Parting Shot|p2b: Incineroar
|-unboost|p2b: Incineroar|atk|1
|-unboost|p2b: Incineroar|spa|1
|
|t:|1785947844
|switch|p1a: DON JULIO|Sinistcha-Masterpiece, L50, shiny|100/100|[from] Parting Shot
|move|p2b: Incineroar|Throat Chop|p1a: DON JULIO
|-supereffective|p1a: DON JULIO|1
|-enditem|p1a: DON JULIO|Colbur Berry|[eat]
|-enditem|p1a: DON JULIO|Colbur Berry|[weaken]
|-damage|p1a: DON JULIO|85/100
|-start|p1a: DON JULIO|Throat Chop|[silent]
|move|p1b: Kingambit|Kowtow Cleave|p2a: Gengar
|-activate|p2a: Gengar|move: Protect
|
|-start|p2a: Gengar|perish2
|-start|p2b: Incineroar|perish2
|-start|p1b: Kingambit|perish2
|upkeep
|turn|3
|inactive|clarocojones has 30 seconds left.
|
|t:|1785947875
|switch|p2a: Archaludon|Archaludon, L50, F|100/100
|move|p1a: DON JULIO|Matcha Gotcha|p2a: Archaludon|[spread] p2a,p2b
|-resisted|p2a: Archaludon|2
|-resisted|p2b: Incineroar|1
|-damage|p2a: Archaludon|92/100
|-heal|p1a: DON JULIO|89/100|[from] drain|[of] p2a: Archaludon
|-damage|p2b: Incineroar|85/100
|-heal|p1a: DON JULIO|94/100|[from] drain|[of] p2b: Incineroar
|-status|p2a: Archaludon|brn
|-ability|p2a: Archaludon|Stamina|boost
|-boost|p2a: Archaludon|def|1
|move|p2b: Incineroar|Parting Shot|p1a: DON JULIO
|-unboost|p1a: DON JULIO|atk|1
|-unboost|p1a: DON JULIO|spa|1
|
|t:|1785947891
|switch|p2b: Gengar|Gengar-Mega, L50, M|100/100|[from] Parting Shot
|move|p1b: Kingambit|Kowtow Cleave|p2a: Archaludon
|-damage|p2a: Archaludon|65/100 brn
|-ability|p2a: Archaludon|Stamina|boost
|-boost|p2a: Archaludon|def|1
|
|-heal|p2a: Archaludon|71/100 brn|[from] item: Leftovers
|-damage|p2a: Archaludon|65/100 brn|[from] brn
|-end|p1a: DON JULIO|Throat Chop|[silent]
|-start|p1b: Kingambit|perish1
|upkeep
|turn|4
|inactive|clarocojones has 30 seconds left.
|inactive|clarocojones has 20 seconds left.
|
|t:|1785947929
|move|p2b: Gengar|Protect|p2b: Gengar
|-singleturn|p2b: Gengar|Protect
|move|p2a: Archaludon|Flash Cannon|p1a: DON JULIO
|-damage|p1a: DON JULIO|60/100
|move|p1b: Kingambit|Kowtow Cleave|p2b: Gengar
|-activate|p2b: Gengar|move: Protect
|move|p1a: DON JULIO|Trick Room|p1a: DON JULIO
|-fieldstart|move: Trick Room|[of] p1a: DON JULIO
|
|-heal|p2a: Archaludon|71/100 brn|[from] item: Leftovers
|-damage|p2a: Archaludon|65/100 brn|[from] brn
|-start|p1b: Kingambit|perish0
|faint|p1b: Kingambit
|upkeep
|
|t:|1785947954
|switch|p1b: Felicidad|Floette-Eternal, L50, F|100/100
|turn|5
|
|t:|1785947971
|switch|p1a: Friends Take|Incineroar, L50, M, shiny|100/100
|-ability|p1a: Friends Take|Intimidate|boost
|-unboost|p2a: Archaludon|atk|1
|-unboost|p2b: Gengar|atk|1
|switch|p2a: Incineroar|Incineroar, L50, M|85/100
|-ability|p2a: Incineroar|Intimidate|boost
|-unboost|p1a: Friends Take|atk|1
|-unboost|p1b: Felicidad|atk|1
|detailschange|p1b: Felicidad|Floette-Mega, L50, F
|-mega|p1b: Felicidad|Floette|Floettite
|-ability|p1b: Felicidad|Fairy Aura
|move|p1b: Felicidad|Dazzling Gleam|p2b: Gengar|[spread] p2a,p2b
|-resisted|p2b: Gengar|1
|-damage|p2a: Incineroar|50/100g
|-damage|p2b: Gengar|70/100
|move|p2b: Gengar|Perish Song|p2b: Gengar
|-start|p1a: Friends Take|perish3|[silent]
|-start|p1b: Felicidad|perish3|[silent]
|-start|p2a: Incineroar|perish3|[silent]
|-start|p2b: Gengar|perish3|[silent]
|-fieldactivate|move: Perish Song
|
|-start|p2a: Incineroar|perish3
|-start|p1a: Friends Take|perish3
|-start|p1b: Felicidad|perish3
|-start|p2b: Gengar|perish3
|upkeep
|turn|6
|inactive|clarocojones has 30 seconds left.
|
|t:|1785948006
|move|p2a: Incineroar|Fake Out|p1a: Friends Take
|-damage|p1a: Friends Take|89/100
|cant|p1a: Friends Take|flinch
|move|p1b: Felicidad|Calm Mind|p1b: Felicidad
|-boost|p1b: Felicidad|spa|1
|-boost|p1b: Felicidad|spd|1
|move|p2b: Gengar|Disable|p1b: Felicidad
|-start|p1b: Felicidad|Disable|Calm Mind
|
|-start|p2a: Incineroar|perish2
|-start|p1a: Friends Take|perish2
|-start|p1b: Felicidad|perish2
|-start|p2b: Gengar|perish2
|upkeep
|turn|7
|
|t:|1785948022
|switch|p2b: Archaludon|Archaludon, L50, F|65/100 brn
|move|p1a: Friends Take|Helping Hand|p1b: Felicidad
|-singleturn|p1b: Felicidad|Helping Hand|[of] p1a: Friends Take
|move|p2a: Incineroar|Throat Chop|p1a: Friends Take
|-resisted|p1a: Friends Take|1
|-damage|p1a: Friends Take|72/100
|-start|p1a: Friends Take|Throat Chop|[silent]
|move|p1b: Felicidad|Dazzling Gleam|p2b: Archaludon|[spread] p2a,p2b
|-damage|p2a: Incineroar|0 fnt
|-damage|p2b: Archaludon|0 fnt
|faint|p2a: Incineroar
|faint|p2b: Archaludon
|
|-start|p1a: Friends Take|perish1
|-start|p1b: Felicidad|perish1
|upkeep
|
|t:|1785948032
|switch|p2a: Gengar|Gengar-Mega, L50, M|70/100
|switch|p2b: Politoed|Politoed, L50, M|100/100
|-weather|RainDance|[from] ability: Drizzle|[of] p2b: Politoed
|turn|8
|
|t:|1785948049
|move|p1a: Friends Take|Helping Hand|p1b: Felicidad
|-singleturn|p1b: Felicidad|Helping Hand|[of] p1a: Friends Take
|move|p2b: Politoed|Protect|p2b: Politoed
|-singleturn|p2b: Politoed|Protect
|move|p2a: Gengar|Protect|p2a: Gengar
|-singleturn|p2a: Gengar|Protect
|move|p1b: Felicidad|Dazzling Gleam|p2b: Politoed|[spread] 
|-activate|p2a: Gengar|move: Protect
|-activate|p2b: Politoed|move: Protect
|
|-weather|RainDance|[upkeep]
|-end|p1a: Friends Take|Throat Chop|[silent]
|-start|p1a: Friends Take|perish0
|-start|p1b: Felicidad|perish0
|-fieldend|move: Trick Room
|faint|p1a: Friends Take
|faint|p1b: Felicidad
|upkeep
|-message|clarocojones forfeited.
|
|win|lalalaing
||clarocojones is ready for game 2.
||lalalaing is ready for game 2.
|uhtml|next|Next: Game 2 of 3
