|j|‽tamagotchai-02
|j|☆datrandomguy787
|html|tamagotchai-02datrandomguy787    
|uhtml|bestof|Game 3 of a best-of-3
|t:|1785365557
|gametype|doubles
|player|p1|tamagotchai-02|169|1098
|player|p2|datrandomguy787|102|1026
|gen|9
|tier|[Gen 9 Champions] VGC 2026 Reg M-B (Bo3)
|rated|
|rule|Species Clause: Limit one of each Pokémon
|rule|Item Clause: Limit 1 of each item
|clearpoke
|poke|p1|Tyranitar, L50, M|
|poke|p1|Excadrill, L50, M|
|poke|p1|Gholdengo, L50|
|poke|p1|Sinistcha, L50|
|poke|p1|Milotic, L50, M|
|poke|p1|Staraptor, L50, F|
|poke|p2|Sneasler, L50, M|
|poke|p2|Blastoise, L50, M|
|poke|p2|Kingambit, L50, M|
|poke|p2|Incineroar, L50, M|
|poke|p2|Delphox, L50, F|
|poke|p2|Sinistcha, L50|
|teampreview|4
|showteam|p1|Tyranitar||Tyranitarite|SandStream|RockSlide,KnockOff,LowKick,Protect|Adamant||M|||50|]Excadrill||FocusSash|SandRush|IronHead,HighHorsepower,RockSlide,Protect|Adamant||M|||50|]Gholdengo||LifeOrb|GoodasGold|ShadowBall,MakeItRain,NastyPlot,Protect|Modest|||||50|]Sinistcha||ColburBerry|Hospitality|MatchaGotcha,RagePowder,TrickRoom,Protect|Bold|||||50|]Milotic||SitrusBerry|Competitive|Scald,IceBeam,Recover,Protect|Modest||M|||50|]Staraptor||Staraptite|Intimidate|BraveBird,CloseCombat,Tailwind,Protect|Jolly||F|||50|
|showteam|p2|Sneasler||FocusSash|PoisonTouch|PoisonJab,CloseCombat,FakeOut,QuickGuard|Jolly||M|||50|]Blastoise||Blastoisinite|RainDish|DarkPulse,WaterSpout,ShellSmash,Protect|Modest||M|||50|]Kingambit||BlackGlasses|Defiant|KowtowCleave,SuckerPunch,SwordsDance,Protect|Adamant||M|||50|]Incineroar||SitrusBerry|Intimidate|FlareBlitz,HelpingHand,PartingShot,FakeOut|Careful||M|||50|]Delphox||Delphoxite|Blaze|HeatWave,NastyPlot,Psychic,Protect|Modest||F|||50|]Sinistcha||ColburBerry|Hospitality|MatchaGotcha,RagePowder,TrickRoom,Protect|Bold|||||50|
|inactive|Battle timer is ON: inactive players will automatically lose when time's up. (requested by tamagotchai-02)
|
|t:|1785365579
|teamsize|p1|4
|teamsize|p2|4
|start
|switch|p1a: Excadrill|Excadrill, L50, M|100/100
|switch|p1b: Milotic|Milotic, L50, M|100/100
|switch|p2a: Delphox|Delphox, L50, F|100/100
|switch|p2b: Sneasler|Sneasler, L50, M|100/100
|turn|1
|
|t:|1785365591
|detailschange|p2a: Delphox|Delphox-Mega, L50, F
|-mega|p2a: Delphox|Delphox|Delphoxite
|move|p2b: Sneasler|Fake Out|p1b: Milotic
|-damage|p1b: Milotic|86/100
|move|p2a: Delphox|Nasty Plot|p2a: Delphox
|-boost|p2a: Delphox|spa|2
|move|p1a: Excadrill|High Horsepower|p2a: Delphox
|-immune|p2a: Delphox|[from] ability: Levitate
|cant|p1b: Milotic|flinch
|
|upkeep
|turn|2
|
|t:|1785365611
|switch|p2b: Sinistcha|Sinistcha, L50|100/100
|move|p2a: Delphox|Protect|p2a: Delphox
|-singleturn|p2a: Delphox|Protect
|move|p1a: Excadrill|Protect|p1a: Excadrill
|-singleturn|p1a: Excadrill|Protect
|move|p1b: Milotic|Recover|p1b: Milotic
|-heal|p1b: Milotic|100/100
|
|upkeep
|turn|3
|
|t:|1785365626
|move|p2b: Sinistcha|Rage Powder|p2b: Sinistcha
|-singleturn|p2b: Sinistcha|move: Rage Powder
|move|p2a: Delphox|Heat Wave|p1b: Milotic|[spread] p1a,p1b
|-supereffective|p1a: Excadrill|1
|-resisted|p1b: Milotic|1
|-enditem|p1a: Excadrill|Focus Sash
|-damage|p1a: Excadrill|1/100
|-damage|p1b: Milotic|72/100
|move|p1a: Excadrill|High Horsepower|p2b: Sinistcha
|-resisted|p2b: Sinistcha|1
|-damage|p2b: Sinistcha|77/100
|move|p1b: Milotic|Ice Beam|p2b: Sinistcha
|-supereffective|p2b: Sinistcha|1
|-damage|p2b: Sinistcha|32/100
|
|upkeep
|turn|4
|
|t:|1785365647
|move|p1a: Excadrill|Protect|p1a: Excadrill
|-singleturn|p1a: Excadrill|Protect
|move|p2a: Delphox|Psychic|p1b: Milotic
|-damage|p1b: Milotic|0 fnt
|faint|p1b: Milotic
|move|p2b: Sinistcha|Matcha Gotcha|p1a: Excadrill
|-activate|p1a: Excadrill|move: Protect
|
|upkeep
|
|t:|1785365647
|switch|p1b: Tyranitar|Tyranitar, L50, M|100/100
|-weather|Sandstorm|[from] ability: Sand Stream|[of] p1b: Tyranitar
|turn|5
|
|t:|1785365669
|move|p2b: Sinistcha|Rage Powder|p2b: Sinistcha
|-singleturn|p2b: Sinistcha|move: Rage Powder
|move|p1a: Excadrill|High Horsepower|p2b: Sinistcha
|-resisted|p2b: Sinistcha|1
|-damage|p2b: Sinistcha|8/100
|move|p2a: Delphox|Heat Wave|p1b: Tyranitar|[spread] p1a
|-miss|p2a: Delphox|p1b: Tyranitar
|-supereffective|p1a: Excadrill|1
|-damage|p1a: Excadrill|0 fnt
|faint|p1a: Excadrill
|move|p1b: Tyranitar|Rock Slide|p2b: Sinistcha|[spread] p2a,p2b
|-supereffective|p2a: Delphox|1
|-damage|p2a: Delphox|30/100
|-damage|p2b: Sinistcha|0 fnt
|faint|p2b: Sinistcha
|
|-weather|Sandstorm|[upkeep]
|-damage|p2a: Delphox|24/100|[from] Sandstorm
|upkeep
|
|t:|1785365684
|switch|p1a: Sinistcha|Sinistcha, L50|100/100
|switch|p2b: Incineroar|Incineroar, L50, M|100/100
|-ability|p2b: Incineroar|Intimidate|boost
|-unboost|p1a: Sinistcha|atk|1
|-unboost|p1b: Tyranitar|atk|1
|turn|6
|
|t:|1785365690
|detailschange|p1b: Tyranitar|Tyranitar-Mega, L50, M
|-mega|p1b: Tyranitar|Tyranitar|Tyranitarite
|move|p1a: Sinistcha|Protect|p1a: Sinistcha
|-singleturn|p1a: Sinistcha|Protect
|move|p2b: Incineroar|Fake Out|p1b: Tyranitar
|-resisted|p1b: Tyranitar|1
|-damage|p1b: Tyranitar|96/100
|move|p2a: Delphox|Heat Wave|p1b: Tyranitar|[spread] p1b
|-activate|p1a: Sinistcha|move: Protect
|-resisted|p1b: Tyranitar|1
|-damage|p1b: Tyranitar|74/100
|cant|p1b: Tyranitar|flinch
|
|-weather|Sandstorm|[upkeep]
|-damage|p2a: Delphox|19/100|[from] Sandstorm
|-damage|p2b: Incineroar|94/100|[from] Sandstorm
|-damage|p1a: Sinistcha|93/100|[from] Sandstorm
|upkeep
|turn|7
|
|t:|1785365702
|move|p2b: Incineroar|Helping Hand|p2a: Delphox
|-singleturn|p2a: Delphox|Helping Hand|[of] p2b: Incineroar
|move|p1b: Tyranitar|Protect|p1b: Tyranitar
|-singleturn|p1b: Tyranitar|Protect
|move|p2a: Delphox|Heat Wave|p1b: Tyranitar|[spread] 
|-activate|p1b: Tyranitar|move: Protect
|-miss|p2a: Delphox|p1a: Sinistcha
|move|p1a: Sinistcha|Trick Room|p1a: Sinistcha
|-fieldstart|move: Trick Room|[of] p1a: Sinistcha
|
|-weather|Sandstorm|[upkeep]
|-damage|p1a: Sinistcha|87/100|[from] Sandstorm
|-damage|p2b: Incineroar|88/100|[from] Sandstorm
|-damage|p2a: Delphox|13/100|[from] Sandstorm
|upkeep
|turn|8
|inactive|datrandomguy787 has 30 seconds left.
|
|t:|1785365728
|move|p1a: Sinistcha|Protect|p1a: Sinistcha
|-singleturn|p1a: Sinistcha|Protect
|move|p2a: Delphox|Protect|p2a: Delphox
|-singleturn|p2a: Delphox|Protect
|move|p2b: Incineroar|Parting Shot|p1b: Tyranitar
|-unboost|p1b: Tyranitar|atk|1
|-unboost|p1b: Tyranitar|spa|1
|
|t:|1785365736
|switch|p2b: Sneasler|Sneasler, L50, M|100/100|[from] Parting Shot
|move|p1b: Tyranitar|Rock Slide|p2a: Delphox|[spread] p2b
|-activate|p2a: Delphox|move: Protect
|-resisted|p2b: Sneasler|1
|-damage|p2b: Sneasler|85/100
|
|-weather|Sandstorm|[upkeep]
|-damage|p1a: Sinistcha|81/100|[from] Sandstorm
|-damage|p2a: Delphox|7/100|[from] Sandstorm
|-damage|p2b: Sneasler|79/100|[from] Sandstorm
|upkeep
|turn|9
|
|t:|1785365747
|move|p1b: Tyranitar|Protect|p1b: Tyranitar
|-singleturn|p1b: Tyranitar|Protect
|move|p2b: Sneasler|Fake Out|p1b: Tyranitar
|-activate|p1b: Tyranitar|move: Protect
|move|p1a: Sinistcha|Matcha Gotcha|p2b: Sneasler|[spread] p2b
|-miss|p1a: Sinistcha|p2a: Delphox
|-resisted|p2b: Sneasler|1
|-damage|p2b: Sneasler|62/100
|-heal|p1a: Sinistcha|89/100|[from] drain|[of] p2b: Sneasler
|-status|p2b: Sneasler|brn
|move|p2a: Delphox|Heat Wave|p1a: Sinistcha|[spread] p1a
|-activate|p1b: Tyranitar|move: Protect
|-supereffective|p1a: Sinistcha|1
|-damage|p1a: Sinistcha|0 fnt
|faint|p1a: Sinistcha
|
|-weather|none
|-damage|p2b: Sneasler|56/100 brn|[from] brn
|upkeep
|turn|10
|
|t:|1785365761
|switch|p2b: Incineroar|Incineroar, L50, M|88/100
|-ability|p2b: Incineroar|Intimidate|boost
|-unboost|p1b: Tyranitar|atk|1
|move|p1b: Tyranitar|Rock Slide|p2a: Delphox|[spread] p2a,p2b
|-supereffective|p2a: Delphox|1
|-supereffective|p2b: Incineroar|1
|-damage|p2a: Delphox|0 fnt
|-damage|p2b: Incineroar|61/100
|faint|p2a: Delphox
|
|upkeep
|
|t:|1785365771
|switch|p2a: Sneasler|Sneasler, L50, M|56/100 brn
|turn|11
|
|t:|1785365776
|move|p2b: Incineroar|Fake Out|p1b: Tyranitar
|-resisted|p1b: Tyranitar|1
|-damage|p1b: Tyranitar|70/100
|cant|p1b: Tyranitar|flinch
|move|p2a: Sneasler|Close Combat|p1b: Tyranitar
|-supereffective|p1b: Tyranitar|2
|-damage|p1b: Tyranitar|0 fnt
|-unboost|p2a: Sneasler|def|1
|-unboost|p2a: Sneasler|spd|1
|faint|p1b: Tyranitar
|
|win|datrandomguy787
|raw|tamagotchai-02's rating: 1098 → 1068(-30 for losing)
|raw|datrandomguy787's rating: 1026 → 1069(+43 for winning)
