|j|☆Goat Pincurchin
|j|☆elmono11
|html|Goat Pincurchinelmono11    
|uhtml|bestof|Game 1 of a best-of-3
|t:|1756630647
|gametype|doubles
|player|p1|Goat Pincurchin|ghetsis|1316
|player|p2|elmono11|ghetsis|1300
|gen|9
|tier|[Gen 9] VGC 2025 Reg H (Bo3)
|rated|
|rule|Species Clause: Limit one of each Pokémon
|rule|Item Clause: Limit 1 of each item
|clearpoke
|poke|p1|Sneasler, L50, F|
|poke|p1|Rillaboom, L50, F|
|poke|p1|Dragapult, L50, M|
|poke|p1|Gholdengo, L50|
|poke|p1|Primarina, L50, M|
|poke|p1|Magmar, L50, F|
|poke|p2|Gholdengo, L50|
|poke|p2|Sneasler, L50, M|
|poke|p2|Rillaboom, L50, M|
|poke|p2|Dragonite, L50, M|
|poke|p2|Ninetales-Alola, L50, M|
|poke|p2|Arcanine-Hisui, L50, M|
|teampreview|4
|showteam|p1|Sneasler||FocusSash|Unburden|DireClaw,CloseCombat,Protect,FakeOut|||F|||50|,,,,,Stellar]Rillaboom||AssaultVest|GrassySurge|FakeOut,WoodHammer,GrassyGlide,HighHorsepower|||F|||50|,,,,,Fire]Dragapult||ChoiceBand|ClearBody|DragonDarts,Outrage,PhantomForce,Uturn|||M|||50|,,,,,Dragon]Gholdengo||LifeOrb|GoodasGold|MakeItRain,ShadowBall,Protect,NastyPlot||||||50|,,,,,Steel]Primarina||SitrusBerry|LiquidVoice|HyperVoice,Moonblast,Protect,IcyWind|||M|||50|,,,,,Poison]Magmar||Eviolite|VitalSpirit|Overheat,WillOWisp,Taunt,FollowMe|||F|||50|,,,,,Grass
|showteam|p2|Gholdengo||GrassySeed|GoodasGold|NastyPlot,MakeItRain,ShadowBall,Protect||||||50|,,,,,Water]Sneasler||WhiteHerb|Unburden|CloseCombat,DireClaw,Coaching,Protect|||M|||50|,,,,,Ghost]Rillaboom||AssaultVest|GrassySurge|FakeOut,GrassyGlide,DrumBeating,HighHorsepower|||M|||50|,,,,,Fire]Dragonite||LoadedDice|Multiscale|ScaleShot,IceSpinner,Haze,Protect|||M|||50|,,,,,Steel]Ninetales-Alola||FocusSash|SnowWarning|Blizzard,IcyWind,Encore,AuroraVeil|||M|||50|,,,,,Ghost]Arcanine-Hisui||ClearAmulet|Intimidate|RockSlide,FlareBlitz,ExtremeSpeed,Protect|||M|||50|,,,,,Water
|inactive|Battle timer is ON: inactive players will automatically lose when time's up. (requested by elmono11)
|inactive|Goat Pincurchin also wants the timer to be on.
|inactive|Goat Pincurchin has 60 seconds left.
|inactive|elmono11 has 60 seconds left.
|inactive|elmono11 has 30 seconds left.
|
|t:|1756630708
|teamsize|p1|4
|teamsize|p2|4
|start
|switch|p1a: Magmar|Magmar, L50, F|100/100
|switch|p1b: Dragapult|Dragapult, L50, M|100/100
|switch|p2a: Rillaboom|Rillaboom, L50, M|100/100
|switch|p2b: Gholdengo|Gholdengo, L50|100/100
|-fieldstart|move: Grassy Terrain|[from] ability: Grassy Surge|[of] p2a: Rillaboom
|-enditem|p2b: Gholdengo|Grassy Seed
|-boost|p2b: Gholdengo|def|1|[from] item: Grassy Seed
|turn|1
|
|t:|1756630732
|-terastallize|p1b: Dragapult|Dragon
|move|p2a: Rillaboom|Fake Out|p1a: Magmar
|-damage|p1a: Magmar|87/100
|move|p1b: Dragapult|Dragon Darts|p2a: Rillaboom
|-crit|p2a: Rillaboom
|-damage|p2a: Rillaboom|13/100
|-anim|p1b: Dragapult|Dragon Darts|p2b: Gholdengo
|-resisted|p2b: Gholdengo
|-damage|p2b: Gholdengo|83/100
|cant|p1a: Magmar|flinch
|move|p2b: Gholdengo|Nasty Plot|p2b: Gholdengo
|-boost|p2b: Gholdengo|spa|2
|
|-heal|p2a: Rillaboom|18/100|[from] Grassy Terrain
|-heal|p1a: Magmar|92/100|[from] Grassy Terrain
|-heal|p2b: Gholdengo|90/100|[from] Grassy Terrain
|upkeep
|turn|2
|
|t:|1756630750
|switch|p2a: Ninetales|Ninetales-Alola, L50, M|100/100
|-weather|Snowscape|[from] ability: Snow Warning|[of] p2a: Ninetales
|move|p2b: Gholdengo|Protect|p2b: Gholdengo
|-singleturn|p2b: Gholdengo|Protect
|move|p1b: Dragapult|Dragon Darts|p2a: Ninetales
|-immune|p2a: Ninetales
|move|p1a: Magmar|Overheat|p2b: Gholdengo
|-activate|p2b: Gholdengo|move: Protect
|
|-weather|Snowscape|[upkeep]
|-heal|p1a: Magmar|98/100|[from] Grassy Terrain
|-heal|p2b: Gholdengo|96/100|[from] Grassy Terrain
|upkeep
|turn|3
|
|t:|1756630773
|switch|p1b: Primarina|Primarina, L50, M|100/100
|-terastallize|p2b: Gholdengo|Water
|move|p2a: Ninetales|Aurora Veil|p2a: Ninetales
|-sidestart|p2: elmono11|move: Aurora Veil
|move|p1a: Magmar|Overheat|p2b: Gholdengo
|-resisted|p2b: Gholdengo
|-damage|p2b: Gholdengo|80/100
|-unboost|p1a: Magmar|spa|2
|move|p2b: Gholdengo|Shadow Ball|p1a: Magmar
|-damage|p1a: Magmar|30/100
|-unboost|p1a: Magmar|spd|1
|
|-weather|Snowscape|[upkeep]
|-heal|p1a: Magmar|36/100|[from] Grassy Terrain
|-heal|p2b: Gholdengo|86/100|[from] Grassy Terrain
|upkeep
|turn|4
|inactive|elmono11 has 30 seconds left.
|
|t:|1756630803
|move|p2a: Ninetales|Blizzard|p1b: Primarina|[spread] p1a,p1b
|-resisted|p1a: Magmar
|-resisted|p1b: Primarina
|-damage|p1a: Magmar|17/100
|-damage|p1b: Primarina|85/100
|move|p1a: Magmar|Overheat|p2a: Ninetales
|-supereffective|p2a: Ninetales
|-damage|p2a: Ninetales|65/100
|-unboost|p1a: Magmar|spa|2
|move|p2b: Gholdengo|Nasty Plot|p2b: Gholdengo
|-boost|p2b: Gholdengo|spa|2
|move|p1b: Primarina|Moonblast|p2b: Gholdengo
|-damage|p2b: Gholdengo|49/100
|
|-weather|Snowscape|[upkeep]
|-heal|p2a: Ninetales|71/100|[from] Grassy Terrain
|-heal|p1a: Magmar|23/100|[from] Grassy Terrain
|-heal|p2b: Gholdengo|56/100|[from] Grassy Terrain
|-heal|p1b: Primarina|91/100|[from] Grassy Terrain
|upkeep
|turn|5
|inactive|elmono11 has 30 seconds left.
|inactive|elmono11 has 20 seconds left.
|
|t:|1756630838
|move|p2b: Gholdengo|Protect|p2b: Gholdengo
|-singleturn|p2b: Gholdengo|Protect
|move|p2a: Ninetales|Blizzard|p1b: Primarina|[spread] p1a,p1b
|-resisted|p1a: Magmar
|-crit|p1a: Magmar
|-resisted|p1b: Primarina
|-damage|p1a: Magmar|0 fnt
|-damage|p1b: Primarina|77/100
|faint|p1a: Magmar
|move|p1b: Primarina|Moonblast|p2b: Gholdengo
|-activate|p2b: Gholdengo|move: Protect
|
|-weather|Snowscape|[upkeep]
|-heal|p2a: Ninetales|77/100|[from] Grassy Terrain
|-heal|p2b: Gholdengo|62/100|[from] Grassy Terrain
|-heal|p1b: Primarina|83/100|[from] Grassy Terrain
|-fieldend|move: Grassy Terrain
|upkeep
|
|t:|1756630843
|switch|p1a: Dragapult|Dragapult, L50, M, tera:Dragon|100/100
|turn|6
|
|t:|1756630859
|switch|p2a: Sneasler|Sneasler, L50, M|100/100
|move|p1a: Dragapult|Dragon Darts|p2b: Gholdengo
|-damage|p2b: Gholdengo|36/100
|-anim|p1a: Dragapult|Dragon Darts|p2a: Sneasler
|-damage|p2a: Sneasler|56/100
|move|p2b: Gholdengo|Make It Rain|p1b: Primarina|[spread] p1a,p1b
|-damage|p1a: Dragapult|0 fnt
|-damage|p1b: Primarina|0 fnt
|-unboost|p2b: Gholdengo|spa|1
|faint|p1a: Dragapult
|faint|p1b: Primarina
|
|-weather|none
|upkeep
|
|t:|1756630870
|switch|p1b: Gholdengo|Gholdengo, L50|100/100
|turn|7
|
|t:|1756630880
|switch|p2a: Ninetales|Ninetales-Alola, L50, M|77/100
|-weather|Snowscape|[from] ability: Snow Warning|[of] p2a: Ninetales
|move|p2b: Gholdengo|Protect|p2b: Gholdengo
|-singleturn|p2b: Gholdengo|Protect
|move|p1b: Gholdengo|Shadow Ball|p2b: Gholdengo
|-activate|p2b: Gholdengo|move: Protect
|
|-weather|Snowscape|[upkeep]
|-sideend|p2: elmono11|move: Aurora Veil
|upkeep
|turn|8
|
|t:|1756630888
|move|p2a: Ninetales|Icy Wind|p1b: Gholdengo
|-resisted|p1b: Gholdengo
|-damage|p1b: Gholdengo|88/100
|-unboost|p1b: Gholdengo|spe|1
|move|p2b: Gholdengo|Shadow Ball|p1b: Gholdengo
|-supereffective|p1b: Gholdengo
|-damage|p1b: Gholdengo|0 fnt
|faint|p1b: Gholdengo
|
|win|elmono11
||elmono11 is ready for game 2.
||Goat Pincurchin is ready for game 2.
|uhtml|next|Next: Game 2 of 3
|l|☆Goat Pincurchin
|player|p1|
