|j|☆Cyllage Cyclones
|j|☆Waalrain
|html|Cyllage CyclonesWaalrain    
|uhtml|bestof|Game 3 of a best-of-3
|t:|1756251774
|gametype|doubles
|player|p1|Cyllage Cyclones|101|1000
|player|p2|Waalrain|miku-fire|1000
|gen|9
|tier|[Gen 9] VGC 2025 Reg H (Bo3)
|rated|
|rule|Species Clause: Limit one of each Pokémon
|rule|Item Clause: Limit 1 of each item
|clearpoke
|poke|p1|Electabuzz, L50, M|
|poke|p1|Pelipper, L50, M|
|poke|p1|Rillaboom, L50, M|
|poke|p1|Basculegion, L50, M|
|poke|p1|Kingambit, L50, M|
|poke|p1|Archaludon, L50, M|
|poke|p2|Hatterene, L50, F|
|poke|p2|Indeedee-F, L50, F|
|poke|p2|Torkoal, L50, F|
|poke|p2|Amoonguss, L50, F|
|poke|p2|Ursaluna, L50, F|
|poke|p2|Grimmsnarl, L50, M|
|teampreview|4
|showteam|p1|Electabuzz||Eviolite|VitalSpirit|Electroweb,Protect,FollowMe,Taunt|||M|||50|,,,,,Ghost]Pelipper||FocusSash|Drizzle|WeatherBall,Hurricane,Tailwind,Protect|||M|||50|,,,,,Ghost]Rillaboom||LoadedDice|GrassySurge|BulletSeed,GrassyGlide,FakeOut,HighHorsepower|||M|||50|,,,,,Fire]Basculegion||ChoiceBand|SwiftSwim|WaveCrash,LastRespects,FlipTurn,AquaJet|||M|||50|,,,,,Grass]Kingambit||BlackGlasses|Defiant|KowtowCleave,SuckerPunch,Protect,SwordsDance|||M|||50|,,,,,Dark]Archaludon||AssaultVest|Stamina|DracoMeteor,ElectroShot,FlashCannon,BodyPress|||M|||50|,,,,,Fairy
|showteam|p2|Hatterene||LifeOrb|MagicBounce|ExpandingForce,DazzlingGleam,MysticalFire,TrickRoom|||F|||50|,,,,,Psychic]Indeedee-F||FocusSash|PsychicSurge|FollowMe,HelpingHand,Protect,Psychic|||F|||50|,,,,,Psychic]Torkoal||ChoiceSpecs|Drought|Eruption,EarthPower,Flamethrower,SolarBeam|||F|||50|,,,,,Fire]Amoonguss||SitrusBerry|Regenerator|Spore,RagePowder,Protect,SludgeBomb|||F|||50|,,,,,Grass]Ursaluna||FlameOrb|Guts|HeadlongRush,Facade,LowKick,Protect|||F|||50|,,,,,Normal]Grimmsnarl||LightClay|Prankster|LightScreen,Reflect,SpiritBreak,ThunderWave|||M|||50|,,,,,Dark
|inactive|Battle timer is ON: inactive players will automatically lose when time's up. (requested by Cyllage Cyclones)
|inactive|Waalrain has 60 seconds left.
|
|t:|1756251840
|teamsize|p1|4
|teamsize|p2|4
|start
|switch|p1a: Pelipper|Pelipper, L50, M|100/100
|switch|p1b: Archaludon|Archaludon, L50, M|100/100
|switch|p2a: Torkoal|Torkoal, L50, F|100/100
|switch|p2b: Indeedee|Indeedee-F, L50, F|100/100
|-weather|RainDance|[from] ability: Drizzle|[of] p1a: Pelipper
|-fieldstart|move: Psychic Terrain|[from] ability: Psychic Surge|[of] p2b: Indeedee
|-weather|SunnyDay|[from] ability: Drought|[of] p2a: Torkoal
|turn|1
|inactive|Cyllage Cyclones has 30 seconds left.
|inactive|Cyllage Cyclones has 20 seconds left.
|inactive|Cyllage Cyclones has 15 seconds left.
|
|t:|1756251883
|switch|p1a: Rillaboom|Rillaboom, L50, M|100/100
|-fieldstart|move: Grassy Terrain|[from] ability: Grassy Surge|[of] p1a: Rillaboom
|-terastallize|p2a: Torkoal|Fire
|move|p2b: Indeedee|Follow Me|p2b: Indeedee
|-singleturn|p2b: Indeedee|move: Follow Me
|move|p1b: Archaludon|Draco Meteor|p2b: Indeedee
|-damage|p2b: Indeedee|42/100
|-unboost|p1b: Archaludon|spa|2
|move|p2a: Torkoal|Eruption|p1a: Rillaboom|[spread] p1a,p1b
|-supereffective|p1a: Rillaboom
|-damage|p1a: Rillaboom|0 fnt
|-damage|p1b: Archaludon|0 fnt
|faint|p1a: Rillaboom
|faint|p1b: Archaludon
|
|-weather|SunnyDay|[upkeep]
|-heal|p2b: Indeedee|49/100|[from] Grassy Terrain
|upkeep
|
|t:|1756251901
|switch|p1a: Kingambit|Kingambit, L50, M|100/100
|switch|p1b: Pelipper|Pelipper, L50, M|100/100
|-weather|RainDance|[from] ability: Drizzle|[of] p1b: Pelipper
|turn|2
|
|t:|1756251925
|switch|p2a: Amoonguss|Amoonguss, L50, F|100/100
|-terastallize|p1a: Kingambit|Dark
|move|p2b: Indeedee|Protect|p2b: Indeedee
|-singleturn|p2b: Indeedee|Protect
|move|p1b: Pelipper|Weather Ball|p2a: Amoonguss
|-resisted|p2a: Amoonguss
|-damage|p2a: Amoonguss|77/100
|move|p1a: Kingambit|Swords Dance|p1a: Kingambit
|-boost|p1a: Kingambit|atk|2
|
|-weather|RainDance|[upkeep]
|-heal|p2b: Indeedee|55/100|[from] Grassy Terrain
|-heal|p2a: Amoonguss|83/100|[from] Grassy Terrain
|upkeep
|turn|3
|inactive|Cyllage Cyclones has 30 seconds left.
|
|t:|1756251956
|move|p2b: Indeedee|Follow Me|p2b: Indeedee
|-singleturn|p2b: Indeedee|move: Follow Me
|move|p1b: Pelipper|Hurricane|p2b: Indeedee
|-damage|p2b: Indeedee|11/100
|move|p1a: Kingambit|Kowtow Cleave|p2b: Indeedee
|-supereffective|p2b: Indeedee
|-damage|p2b: Indeedee|0 fnt
|faint|p2b: Indeedee
|move|p2a: Amoonguss|Spore|p1a: Kingambit
|-status|p1a: Kingambit|slp|[from] move: Spore
|
|-weather|RainDance|[upkeep]
|-heal|p2a: Amoonguss|89/100|[from] Grassy Terrain
|upkeep
|
|t:|1756251966
|switch|p2b: Torkoal|Torkoal, L50, F, tera:Fire|100/100
|-weather|SunnyDay|[from] ability: Drought|[of] p2b: Torkoal
|turn|4
|inactive|Cyllage Cyclones has 30 seconds left.
|
|t:|1756251993
|move|p2a: Amoonguss|Rage Powder|p2a: Amoonguss
|-singleturn|p2a: Amoonguss|move: Rage Powder
|move|p1b: Pelipper|Hurricane|p2a: Amoonguss|[miss]
|-miss|p1b: Pelipper|p2a: Amoonguss
|cant|p1a: Kingambit|slp
|move|p2b: Torkoal|Eruption|p1a: Kingambit|[spread] p1a,p1b
|-resisted|p1b: Pelipper
|-damage|p1a: Kingambit|0 fnt
|-enditem|p1b: Pelipper|Focus Sash
|-damage|p1b: Pelipper|1/100
|faint|p1a: Kingambit
|
|-weather|SunnyDay|[upkeep]
|-heal|p2a: Amoonguss|95/100|[from] Grassy Terrain
|upkeep
|turn|5
|
|t:|1756252007
|move|p1b: Pelipper|Tailwind|p1b: Pelipper
|-sidestart|p1: Cyllage Cyclones|move: Tailwind
|move|p2a: Amoonguss|Sludge Bomb|p1b: Pelipper
|-damage|p1b: Pelipper|0 fnt
|faint|p1b: Pelipper
|
|win|Waalrain
|raw|Cyllage Cyclones's rating: 1000 → 1000(+0 for losing)
|raw|Waalrain's rating: 1000 → 1040(+40 for winning)
