|j|☆Sazandoramx
|j|☆Lstdnce
|html|SazandoramxLstdnce    
|uhtml|bestof|Game 1 of a best-of-3
|t:|1756825129
|gametype|doubles
|player|p1|Sazandoramx|266|1307
|player|p2|Lstdnce|265|1304
|gen|9
|tier|[Gen 9] VGC 2025 Reg H (Bo3)
|rated|
|rule|Species Clause: Limit one of each Pokémon
|rule|Item Clause: Limit 1 of each item
|clearpoke
|poke|p1|Armarouge, L50, M|
|poke|p1|Kingambit, L50, F|
|poke|p1|Indeedee-F, L50, F|
|poke|p1|Annihilape, L50, M|
|poke|p1|Hatterene, L50, F|
|poke|p1|Torkoal, L50, M|
|poke|p2|Dragonite, L50, F|
|poke|p2|Ursaluna-Bloodmoon, L50, M|
|poke|p2|Gholdengo, L50|
|poke|p2|Maushold-Four, L50|
|poke|p2|Annihilape, L50, F|
|poke|p2|Rillaboom, L50, M|
|teampreview|4
|showteam|p1|Armarouge||PowerHerb|FlashFire|ArmorCannon,ExpandingForce,MeteorBeam,TrickRoom|||M|||50|,,,,,Grass]Kingambit||SafetyGoggles|Defiant|KowtowCleave,LowKick,SuckerPunch,SwordsDance|||F|||50|,,,,,Dark]Indeedee-F||RockyHelmet|PsychicSurge|Psychic,FollowMe,TrickRoom,HelpingHand|||F|||50|,,,,,Steel]Annihilape||ChoiceScarf|Defiant|CloseCombat,ShadowClaw,FinalGambit,Uturn|||M|||50|,,,,,Stellar]Hatterene||LifeOrb|MagicBounce|ExpandingForce,DazzlingGleam,TrickRoom,Protect|||F|||50|,,,,,Water]Torkoal||ChoiceSpecs|Drought|Eruption,EarthPower,WeatherBall,HeatWave|||M|||50|,,,,,Fire
|showteam|p2|Dragonite||LoadedDice|Multiscale|ScaleShot,Tailwind,Haze,Protect|||F|||50|,,,,,Steel]Ursaluna-Bloodmoon||AssaultVest|MindsEye|BloodMoon,EarthPower,HyperVoice,VacuumWave|||M|||50|,,,,,Water]Gholdengo||LifeOrb|GoodasGold|MakeItRain,ShadowBall,NastyPlot,Protect||||||50|,,,,,Water]Maushold-Four||FocusSash|FriendGuard|SuperFang,FollowMe,BeatUp,Protect||||||50|,,,,,Ghost]Annihilape||SitrusBerry|Defiant|RageFist,DrainPunch,BulkUp,Protect|||F|||50|,,,,,Fire]Rillaboom||MiracleSeed|GrassySurge|WoodHammer,GrassyGlide,HighHorsepower,FakeOut|||M|||50|,,,,,Fire
|l|☆Lstdnce
|player|p2|
|j|☆Lstdnce
|player|p2|Lstdnce|265|
|inactive|Battle timer is ON: inactive players will automatically lose when time's up. (requested by Lstdnce)
|
|t:|1756825190
|teamsize|p1|4
|teamsize|p2|4
|start
|switch|p1a: Hatterene|Hatterene, L50, F|100/100
|switch|p1b: Indeedee|Indeedee-F, L50, F|100/100
|switch|p2a: Ursaluna|Ursaluna-Bloodmoon, L50, M|100/100
|switch|p2b: Gholdengo|Gholdengo, L50|100/100
|-fieldstart|move: Psychic Terrain|[from] ability: Psychic Surge|[of] p1b: Indeedee
|turn|1
|inactive|Sazandoramx has 30 seconds left.
|inactive|Sazandoramx has 20 seconds left.
|inactive|Sazandoramx has 15 seconds left.
|inactive|Sazandoramx has 10 seconds left.
|
|t:|1756825236
|switch|p1b: Kingambit|Kingambit, L50, F|100/100
|-terastallize|p1a: Hatterene|Water
|move|p2b: Gholdengo|Nasty Plot|p2b: Gholdengo
|-boost|p2b: Gholdengo|spa|2
|move|p2a: Ursaluna|Hyper Voice|p1b: Kingambit|[spread] p1a,p1b
|-resisted|p1b: Kingambit
|-damage|p1a: Hatterene|62/100
|-damage|p1b: Kingambit|84/100
|move|p1a: Hatterene|Trick Room|p1a: Hatterene
|-fieldstart|move: Trick Room|[of] p1a: Hatterene
|
|upkeep
|turn|2
|inactive|Sazandoramx has 30 seconds left.
|inactive|Lstdnce has 30 seconds left.
|inactive|Sazandoramx has 20 seconds left.
|inactive|Sazandoramx has 15 seconds left.
|inactive|Sazandoramx has 10 seconds left.
|inactive|Lstdnce has 20 seconds left.
|inactive|Sazandoramx has 5 seconds left.
|inactive|Lstdnce has 15 seconds left.
|
|t:|1756825291
|switch|p2b: Rillaboom|Rillaboom, L50, M|100/100
|-fieldstart|move: Grassy Terrain|[from] ability: Grassy Surge|[of] p2b: Rillaboom
|-terastallize|p2a: Ursaluna|Water
|move|p1a: Hatterene|Expanding Force|p2a: Ursaluna
|-damage|p2a: Ursaluna|61/100
|-damage|p1a: Hatterene|53/100|[from] item: Life Orb
|move|p1b: Kingambit|Kowtow Cleave|p2a: Ursaluna
|-damage|p2a: Ursaluna|21/100
|move|p2a: Ursaluna|Earth Power|p1b: Kingambit
|-supereffective|p1b: Kingambit
|-damage|p1b: Kingambit|0 fnt
|faint|p1b: Kingambit
|
|-heal|p1a: Hatterene|58/100|[from] Grassy Terrain
|-heal|p2a: Ursaluna|28/100|[from] Grassy Terrain
|upkeep
|inactive|Sazandoramx has 30 seconds left.
|inactive|Sazandoramx has 20 seconds left.
|
|t:|1756825329
|switch|p1b: Indeedee|Indeedee-F, L50, F|100/100
|-fieldstart|move: Psychic Terrain|[from] ability: Psychic Surge|[of] p1b: Indeedee
|turn|3
|
|t:|1756825341
|switch|p2a: Gholdengo|Gholdengo, L50|100/100
|switch|p1b: Torkoal|Torkoal, L50, M|100/100
|-weather|SunnyDay|[from] ability: Drought|[of] p1b: Torkoal
|move|p1a: Hatterene|Expanding Force|p2b: Rillaboom|[spread] p2a,p2b
|-resisted|p2a: Gholdengo
|-damage|p2a: Gholdengo|47/100
|-damage|p2b: Rillaboom|3/100
|-damage|p1a: Hatterene|49/100|[from] item: Life Orb
|move|p2b: Rillaboom|Wood Hammer|p1a: Hatterene
|-supereffective|p1a: Hatterene
|-damage|p1a: Hatterene|0 fnt
|faint|p1a: Hatterene
|-damage|p2b: Rillaboom|0 fnt|[from] Recoil
|faint|p2b: Rillaboom
|
|-weather|SunnyDay|[upkeep]
|upkeep
|
|t:|1756825361
|switch|p1a: Indeedee|Indeedee-F, L50, F|100/100
|switch|p2b: Annihilape|Annihilape, L50, F|100/100
|turn|4
|inactive|Sazandoramx has 30 seconds left.
|inactive|Sazandoramx has 20 seconds left.
|inactive|Sazandoramx has 15 seconds left.
|
|t:|1756825402
|move|p2a: Gholdengo|Protect|p2a: Gholdengo
|-singleturn|p2a: Gholdengo|Protect
|move|p2b: Annihilape|Protect|p2b: Annihilape
|-singleturn|p2b: Annihilape|Protect
|move|p1b: Torkoal|Heat Wave|p2b: Annihilape|[spread] 
|-activate|p2a: Gholdengo|move: Protect
|-activate|p2b: Annihilape|move: Protect
|move|p1a: Indeedee|Psychic|p2b: Annihilape
|-activate|p2b: Annihilape|move: Protect
|
|-weather|SunnyDay|[upkeep]
|upkeep
|turn|5
|
|t:|1756825417
|switch|p2a: Ursaluna|Ursaluna-Bloodmoon, L50, M, tera:Water|28/100
|move|p2b: Annihilape|Protect||[still]
|-fail|p2b: Annihilape
|move|p1b: Torkoal|Heat Wave|p2b: Annihilape|[spread] p2a,p2b
|-resisted|p2a: Ursaluna
|-damage|p2a: Ursaluna|7/100
|-damage|p2b: Annihilape|38/100
|-enditem|p2b: Annihilape|Sitrus Berry|[eat]
|-heal|p2b: Annihilape|63/100|[from] item: Sitrus Berry
|move|p1a: Indeedee|Psychic|p2b: Annihilape
|-supereffective|p2b: Annihilape
|-damage|p2b: Annihilape|0 fnt
|faint|p2b: Annihilape
|
|-weather|SunnyDay|[upkeep]
|-fieldend|move: Trick Room
|upkeep
|
|t:|1756825422
|switch|p2b: Gholdengo|Gholdengo, L50|47/100
|turn|6
|
|t:|1756825437
|move|p2b: Gholdengo|Make It Rain|p1b: Torkoal|[spread] p1a,p1b
|-resisted|p1b: Torkoal
|-damage|p1a: Indeedee|46/100
|-damage|p1b: Torkoal|62/100
|-unboost|p2b: Gholdengo|spa|1
|-damage|p2b: Gholdengo|37/100|[from] item: Life Orb
|move|p1a: Indeedee|Psychic|p2a: Ursaluna
|-damage|p2a: Ursaluna|0 fnt
|faint|p2a: Ursaluna
|move|p1b: Torkoal|Heat Wave|p2b: Gholdengo|[miss]
|-miss|p1b: Torkoal|p2b: Gholdengo
|
|-weather|SunnyDay|[upkeep]
|upkeep
|turn|7
|
|t:|1756825452
|move|p2b: Gholdengo|Make It Rain|p1a: Indeedee|[spread] p1a,p1b
|-resisted|p1b: Torkoal
|-damage|p1a: Indeedee|8/100
|-damage|p1b: Torkoal|38/100
|-unboost|p2b: Gholdengo|spa|1
|-damage|p2b: Gholdengo|28/100|[from] item: Life Orb
|move|p1a: Indeedee|Psychic|p2b: Gholdengo
|-resisted|p2b: Gholdengo
|-damage|p2b: Gholdengo|5/100
|move|p1b: Torkoal|Heat Wave|p2b: Gholdengo
|-supereffective|p2b: Gholdengo
|-damage|p2b: Gholdengo|0 fnt
|faint|p2b: Gholdengo
|
|win|Sazandoramx
||Lstdnce is ready for game 2.
|inactive|Sazandoramx has 30 seconds to confirm battle start!
