|j|‽Juaner95
|j|☆Natsuki2457
|html|Juaner95Natsuki2457    
|uhtml|bestof|Game 2 of a best-of-3
|t:|1783819559
|gametype|doubles
|player|p1|Juaner95|ash-capbackward|1117
|player|p2|Natsuki2457|iris-gen5bw2|1119
|gen|9
|tier|[Gen 9 Champions] VGC 2026 Reg M-B (Bo3)
|rated|
|rule|Species Clause: Limit one of each Pokémon
|rule|Item Clause: Limit 1 of each item
|clearpoke
|poke|p1|Scovillain, L50, M|
|poke|p1|Basculegion, L50, M, shiny|
|poke|p1|Sylveon, L50, F, shiny|
|poke|p1|Garchomp, L50, M|
|poke|p1|Aerodactyl, L50, M|
|poke|p1|Kingambit, L50, M|
|poke|p2|Kingambit, L50, M|
|poke|p2|Kommo-o, L50, M|
|poke|p2|Sneasler, L50, F|
|poke|p2|Scovillain, L50, M|
|poke|p2|Aerodactyl, L50, F|
|poke|p2|Basculegion, L50, M|
|teampreview|4
|showteam|p1|Scovillain||Scovillainite|Moody|Overheat,LeechSeed,RagePowder,Protect|Calm||M|||50|]Basculegion||ChoiceScarf|Adaptability|WaveCrash,LastRespects,FlipTurn,AquaJet|Jolly||M|||50|]Sylveon||FairyFeather|Pixilate|HyperVoice,HyperBeam,QuickAttack,Detect|Modest||F|||50|]Garchomp||SitrusBerry|RoughSkin|Earthquake,DragonClaw,PoisonJab,Protect|Adamant||M|||50|]Aerodactyl||Aerodactylite|Unnerve|RockSlide,DualWingbeat,Tailwind,Protect|Jolly||M|||50|]Kingambit||FocusSash|Defiant|KowtowCleave,IronHead,LowKick,SuckerPunch|Adamant||M|||50|
|showteam|p2|Kingambit||BlackGlasses|Defiant|KowtowCleave,IronHead,SuckerPunch,Protect|Serious||M|||50|]Kommo-o||LifeOrb|Soundproof|AuraSphere,ClangingScales,FlashCannon,Protect|Timid||M|||50|]Sneasler||MentalHerb|Unburden|DireClaw,FakeOut,CloseCombat,Protect|Adamant||F|||50|]Scovillain||Scovillainite|Moody|Overheat,RagePowder,LeechSeed,Protect|Calm||M|||50|]Aerodactyl||Aerodactylite|Unnerve|Protect,Tailwind,DualWingbeat,RockSlide|Jolly||F|||50|]Basculegion||SitrusBerry|Adaptability|AquaJet,LastRespects,Protect,WaveCrash|Adamant||M|||50|
|inactive|Battle timer is ON: inactive players will automatically lose when time's up. (requested by Natsuki2457)
|inactive|Juaner95 has 60 seconds left.
|inactive|Juaner95 has 30 seconds left.
|inactive|Juaner95 has 20 seconds left.
|inactive|Juaner95 has 15 seconds left.
|inactive|Juaner95 has 10 seconds left.
|
|t:|1783819814
|teamsize|p1|4
|teamsize|p2|4
|start
|switch|p1a: Aerodactyl|Aerodactyl, L50, M|100/100
|switch|p1b: Basculegion|Basculegion, L50, M, shiny|100/100
|switch|p2a: Aerodactyl|Aerodactyl, L50, F|100/100
|switch|p2b: Kingambit|Kingambit, L50, M|100/100
|-ability|p2a: Aerodactyl|Unnerve
|-ability|p1a: Aerodactyl|Unnerve
|turn|1
|
|t:|1783819829
|detailschange|p1a: Aerodactyl|Aerodactyl-Mega, L50, M
|-mega|p1a: Aerodactyl|Aerodactyl|Aerodactylite
|move|p2a: Aerodactyl|Protect|p2a: Aerodactyl
|-singleturn|p2a: Aerodactyl|Protect
|move|p1a: Aerodactyl|Tailwind|p1a: Aerodactyl
|-sidestart|p1: Juaner95|move: Tailwind
|move|p1b: Basculegion|Flip Turn|p2a: Aerodactyl
|-activate|p2a: Aerodactyl|move: Protect
|move|p2b: Kingambit|Kowtow Cleave|p1b: Basculegion
|-supereffective|p1b: Basculegion|1
|-damage|p1b: Basculegion|0 fnt
|faint|p1b: Basculegion
|
|upkeep
|
|t:|1783819851
|switch|p1b: Garchomp|Garchomp, L50, M|100/100
|turn|2
|
|t:|1783819870
|detailschange|p2a: Aerodactyl|Aerodactyl-Mega, L50, F
|-mega|p2a: Aerodactyl|Aerodactyl|Aerodactylite
|move|p2b: Kingambit|Protect|p2b: Kingambit
|-singleturn|p2b: Kingambit|Protect
|move|p1a: Aerodactyl|Rock Slide|p2b: Kingambit|[spread] p2a
|-activate|p2b: Kingambit|move: Protect
|-supereffective|p2a: Aerodactyl|1
|-damage|p2a: Aerodactyl|43/100
|move|p1b: Garchomp|Earthquake|p2b: Kingambit|[spread] 
|-activate|p2b: Kingambit|move: Protect
|-immune|p1a: Aerodactyl
|-immune|p2a: Aerodactyl
|cant|p2a: Aerodactyl|flinch
|
|upkeep
|turn|3
|
|t:|1783819892
|switch|p2b: Scovillain|Scovillain, L50, M|100/100
|move|p1a: Aerodactyl|Rock Slide|p2b: Scovillain|[spread] p2a
|-miss|p1a: Aerodactyl|p2b: Scovillain
|-supereffective|p2a: Aerodactyl|1
|-damage|p2a: Aerodactyl|0 fnt
|faint|p2a: Aerodactyl
|move|p1b: Garchomp|Earthquake|p2b: Scovillain|[spread] p2b
|-immune|p1a: Aerodactyl
|-damage|p2b: Scovillain|47/100
|
|-ability|p2b: Scovillain|Moody|boost
|-boost|p2b: Scovillain|spe|2
|-unboost|p2b: Scovillain|spd|1
|upkeep
|
|t:|1783819908
|switch|p2a: Kommo-o|Kommo-o, L50, M|100/100
|turn|4
|
|t:|1783819924
|move|p1a: Aerodactyl|Protect|p1a: Aerodactyl
|-singleturn|p1a: Aerodactyl|Protect
|move|p2a: Kommo-o|Protect|p2a: Kommo-o
|-singleturn|p2a: Kommo-o|Protect
|move|p1b: Garchomp|Dragon Claw|p2a: Kommo-o
|-activate|p2a: Kommo-o|move: Protect
|move|p2b: Scovillain|Leech Seed|p1b: Garchomp|[miss]
|-miss|p2b: Scovillain|p1b: Garchomp
|
|-sideend|p1: Juaner95|move: Tailwind
|-ability|p2b: Scovillain|Moody|boost
|-boost|p2b: Scovillain|spe|2
|-unboost|p2b: Scovillain|atk|1
|upkeep
|turn|5
|
|t:|1783819943
|move|p2b: Scovillain|Rage Powder|p2b: Scovillain
|-singleturn|p2b: Scovillain|move: Rage Powder
|move|p1a: Aerodactyl|Tailwind|p1a: Aerodactyl
|-sidestart|p1: Juaner95|move: Tailwind
|move|p1b: Garchomp|Dragon Claw|p2b: Scovillain
|-damage|p2b: Scovillain|0 fnt
|faint|p2b: Scovillain
|move|p2a: Kommo-o|Clanging Scales|p1a: Aerodactyl|[spread] p1a,p1b
|-supereffective|p1b: Garchomp|1
|-damage|p1a: Aerodactyl|49/100
|-damage|p1b: Garchomp|11/100
|-enditem|p1b: Garchomp|Sitrus Berry|[eat]
|-heal|p1b: Garchomp|35/100|[from] item: Sitrus Berry
|-unboost|p2a: Kommo-o|def|1
|-damage|p2a: Kommo-o|90/100|[from] item: Life Orb
|
|upkeep
|
|t:|1783819957
|switch|p2b: Kingambit|Kingambit, L50, M|100/100
|turn|6
|
|t:|1783819967
|move|p2b: Kingambit|Sucker Punch|p1b: Garchomp
|-damage|p1b: Garchomp|0 fnt
|-damage|p2b: Kingambit|87/100|[from] ability: Rough Skin|[of] p1b: Garchomp
|faint|p1b: Garchomp
|move|p1a: Aerodactyl|Dual Wingbeat|p2a: Kommo-o
|-supereffective|p2a: Kommo-o|1
|-damage|p2a: Kommo-o|17/100
|-supereffective|p2a: Kommo-o|1
|-damage|p2a: Kommo-o|0 fnt
|faint|p2a: Kommo-o
|-hitcount|p2: Kommo-o|2
|
|upkeep
|
|t:|1783819977
|switch|p1b: Sylveon|Sylveon, L50, F, shiny|100/100
|turn|7
|
|t:|1783819989
|move|p1a: Aerodactyl|Dual Wingbeat|p2b: Kingambit
|-resisted|p2b: Kingambit|1
|-damage|p2b: Kingambit|79/100
|-resisted|p2b: Kingambit|1
|-damage|p2b: Kingambit|71/100
|-hitcount|p2b: Kingambit|2
|move|p1b: Sylveon|Hyper Beam|p2b: Kingambit
|-damage|p2b: Kingambit|0 fnt
|-mustrecharge|p1b: Sylveon
|faint|p2b: Kingambit
|
|win|Juaner95
|raw|Juaner95's rating: 1117 → 1142(+25 for winning)
|raw|Natsuki2457's rating: 1119 → 1094(-25 for losing)
