|j|☆testy accounty 2
|j|☆alexander1111
|html|testy accounty 2alexander1111    
|uhtml|bestof|Game 1 of a best-of-3
|t:|1784270153
|gametype|doubles
|player|p1|testy accounty 2|1|1309
|player|p2|alexander1111|preschooler|1335
|gen|9
|tier|[Gen 9 Champions] VGC 2026 Reg M-B (Bo3)
|rated|
|rule|Species Clause: Limit one of each Pokémon
|rule|Item Clause: Limit 1 of each item
|clearpoke
|poke|p1|Venusaur, L50, F|
|poke|p1|Mimikyu, L50, M|
|poke|p1|Tyranitar, L50, M|
|poke|p1|Rotom-Heat, L50|
|poke|p1|Milotic, L50, F|
|poke|p1|Excadrill, L50, F|
|poke|p2|Milotic, L50, F|
|poke|p2|Maushold-Four, L50|
|poke|p2|Charizard, L50, F, shiny|
|poke|p2|Whimsicott, L50, F, shiny|
|poke|p2|Kingambit, L50, M|
|poke|p2|Garchomp, L50, M|
|teampreview|4
|showteam|p1|Venusaur||Venusaurite|Chlorophyll|GigaDrain,SludgeBomb,EarthPower,Protect|Modest||F|||50|]Mimikyu||LifeOrb|Disguise|ShadowClaw,ShadowSneak,PlayRough,TrickRoom|Adamant||M|||50|]Tyranitar||Tyranitarite|SandStream|RockSlide,KnockOff,LowKick,Protect|Adamant||M|||50|]Rotom-Heat||ChoiceScarf|Levitate|Overheat,VoltSwitch,WillOWisp,Electroweb|Timid|||||50|]Milotic||Leftovers|Competitive|Scald,LifeDew,IcyWind,Protect|Modest||F|||50|]Excadrill||FocusSash|SandRush|IronHead,Protect,HighHorsepower,RockSlide|Adamant||F|||50|
|showteam|p2|Milotic||SitrusBerry|Competitive|Scald,IceBeam,HelpingHand,Protect|Modest||F|||50|]Maushold-Four||WideLens|Technician|PopulationBomb,FollowMe,Protect,SunnyDay|Jolly|||||50|]Charizard||CharizarditeY|Blaze|SolarBeam,HeatWave,WeatherBall,Protect|Timid||F|||50|]Whimsicott||FocusSash|Prankster|Tailwind,Moonblast,Protect,Encore|Timid||F|||50|]Kingambit||ChopleBerry|Defiant|KowtowCleave,SuckerPunch,IronHead,LowKick|Adamant||M|||50|]Garchomp||LifeOrb|RoughSkin|RockSlide,Earthquake,DragonClaw,Protect|Jolly||M|||50|
|inactive|Battle timer is ON: inactive players will automatically lose when time's up. (requested by alexander1111)
|inactive|testy accounty 2 has 60 seconds left.
|
|t:|1784270248
|teamsize|p1|4
|teamsize|p2|4
|start
|switch|p1a: Mimikyu|Mimikyu, L50, M|100/100
|switch|p1b: Rotom|Rotom-Heat, L50|100/100
|switch|p2a: Charizard|Charizard, L50, F, shiny|100/100
|switch|p2b: Kingambit|Kingambit, L50, M|100/100
|turn|1
|inactive|testy accounty 2 has 30 seconds left.
|inactive|alexander1111 has 30 seconds left.
|inactive|testy accounty 2 has 20 seconds left.
|
|t:|1784270284
|switch|p2b: Garchomp|Garchomp, L50, M|100/100
|detailschange|p2a: Charizard|Charizard-Mega-Y, L50, F, shiny
|-mega|p2a: Charizard|Charizard|Charizardite Y
|-weather|SunnyDay|[from] ability: Drought|[of] p2a: Charizard
|move|p1b: Rotom|Will-O-Wisp|p2b: Garchomp
|-status|p2b: Garchomp|brn
|move|p2a: Charizard|Heat Wave|p1b: Rotom|[spread] p1b
|-miss|p2a: Charizard|p1a: Mimikyu
|-resisted|p1b: Rotom|1
|-damage|p1b: Rotom|58/100
|move|p1a: Mimikyu|Shadow Claw|p2a: Charizard
|-damage|p2a: Charizard|45/100
|-damage|p1a: Mimikyu|90/100|[from] item: Life Orb
|
|-weather|SunnyDay|[upkeep]
|-damage|p2b: Garchomp|94/100 brn|[from] brn
|upkeep
|turn|2
|inactive|testy accounty 2 has 30 seconds left.
|inactive|alexander1111 has 30 seconds left.
|inactive|testy accounty 2 has 20 seconds left.
|
|t:|1784270321
|switch|p1b: Tyranitar|Tyranitar, L50, M|100/100
|-weather|Sandstorm|[from] ability: Sand Stream|[of] p1b: Tyranitar
|move|p2b: Garchomp|Earthquake|p1b: Tyranitar|[spread] p1a,p1b
|-immune|p2a: Charizard
|-supereffective|p1b: Tyranitar|1
|-activate|p1a: Mimikyu|ability: Disguise
|-damage|p1a: Mimikyu|90/100
|-damage|p1b: Tyranitar|59/100
|detailschange|p1a: Mimikyu|Mimikyu-Busted, L50, M
|-damage|p1a: Mimikyu|78/100|[from] pokemon: Mimikyu-Busted
|-damage|p2b: Garchomp|84/100 brn|[from] item: Life Orb
|move|p2a: Charizard|Heat Wave|p1a: Mimikyu|[spread] p1a
|-miss|p2a: Charizard|p1b: Tyranitar
|-damage|p1a: Mimikyu|26/100
|-status|p1a: Mimikyu|brn
|move|p1a: Mimikyu|Play Rough|p2b: Garchomp
|-supereffective|p2b: Garchomp|1
|-damage|p2b: Garchomp|36/100 brn
|-damage|p1a: Mimikyu|14/100 brn|[from] ability: Rough Skin|[of] p2b: Garchomp
|-damage|p1a: Mimikyu|4/100 brn|[from] item: Life Orb
|
|-weather|Sandstorm|[upkeep]
|-damage|p2a: Charizard|39/100|[from] Sandstorm
|-damage|p1a: Mimikyu|0 fnt|[from] Sandstorm
|faint|p1a: Mimikyu
|-damage|p2b: Garchomp|30/100 brn|[from] brn
|upkeep
|
|t:|1784270344
|switch|p1a: Excadrill|Excadrill, L50, F|100/100
|turn|3
|inactive|alexander1111 has 30 seconds left.
|inactive|alexander1111 has 20 seconds left.
|
|t:|1784270381
|switch|p2b: Maushold|Maushold-Four, L50|100/100
|switch|p2a: Kingambit|Kingambit, L50, M|100/100
|move|p1a: Excadrill|Iron Head|p2b: Maushold
|-damage|p2b: Maushold|29/100
|move|p1b: Tyranitar|Rock Slide|p2b: Maushold|[spread] p2b
|-miss|p1b: Tyranitar|p2a: Kingambit
|-damage|p2b: Maushold|0 fnt
|faint|p2b: Maushold
|
|-weather|Sandstorm|[upkeep]
|upkeep
|
|t:|1784270392
|switch|p2b: Charizard|Charizard-Mega-Y, L50, F, shiny|39/100
|-weather|SunnyDay|[from] ability: Drought|[of] p2b: Charizard
|turn|4
|inactive|testy accounty 2 has 30 seconds left.
|inactive|alexander1111 has 30 seconds left.
|
|t:|1784270422
|switch|p1a: Rotom|Rotom-Heat, L50|58/100
|detailschange|p1b: Tyranitar|Tyranitar-Mega, L50, M
|-mega|p1b: Tyranitar|Tyranitar|Tyranitarite
|-weather|Sandstorm|[from] ability: Sand Stream|[of] p1b: Tyranitar
|move|p2a: Kingambit|Sucker Punch||[still]
|-fail|p2a: Kingambit
|move|p2b: Charizard|Heat Wave|p1a: Rotom|[spread] p1b
|-miss|p2b: Charizard|p1a: Rotom
|-resisted|p1b: Tyranitar|1
|-damage|p1b: Tyranitar|49/100
|move|p1b: Tyranitar|Low Kick|p2a: Kingambit
|-supereffective|p2a: Kingambit|2
|-enditem|p2a: Kingambit|Chople Berry|[eat]
|-enditem|p2a: Kingambit|Chople Berry|[weaken]
|-damage|p2a: Kingambit|42/100
|
|-weather|Sandstorm|[upkeep]
|-damage|p1a: Rotom|52/100|[from] Sandstorm
|-damage|p2b: Charizard|32/100|[from] Sandstorm
|upkeep
|turn|5
|inactive|testy accounty 2 has 30 seconds left.
|inactive|alexander1111 has 30 seconds left.
|inactive|testy accounty 2 has 20 seconds left.
|
|t:|1784270458
|move|p2a: Kingambit|Sucker Punch|p1b: Tyranitar
|-resisted|p1b: Tyranitar|1
|-damage|p1b: Tyranitar|37/100
|move|p1a: Rotom|Volt Switch|p2b: Charizard
|-supereffective|p2b: Charizard|1
|-crit|p2b: Charizard
|-damage|p2b: Charizard|0 fnt
|faint|p2b: Charizard
|-message|alexander1111 forfeited.
|
|win|testy accounty 2
||alexander1111 is ready for game 2.
|inactive|testy accounty 2 has 30 seconds to confirm battle start!
||testy accounty 2 is ready for game 2.
|uhtml|next|Next: Game 2 of 3
|l|☆alexander1111
|player|p2|
