|j|☆FieryFIame
|j|☆gundot
|html|FieryFIamegundot    
|uhtml|bestof|Game 3 of a best-of-3
|t:|1785070254
|gametype|doubles
|player|p1|FieryFIame|169|1414
|player|p2|gundot|ethan-gen2|1360
|gen|9
|tier|[Gen 9 Champions] VGC 2026 Reg M-B (Bo3)
|rated|
|rule|Species Clause: Limit one of each Pokémon
|rule|Item Clause: Limit 1 of each item
|clearpoke
|poke|p1|Staraptor, L50, F|
|poke|p1|Vanilluxe, L50, M|
|poke|p1|Farigiraf, L50, M|
|poke|p1|Blastoise, L50, M|
|poke|p1|Kingambit, L50, F|
|poke|p1|Camerupt, L50, F|
|poke|p2|Charizard, L50, F, shiny|
|poke|p2|Whimsicott, L50, F|
|poke|p2|Mawile, L50, F, shiny|
|poke|p2|Garchomp, L50, M|
|poke|p2|Farigiraf, L50, F|
|poke|p2|Basculegion, L50, M, shiny|
|teampreview|4
|showteam|p1|Staraptor||ChoiceScarf|Intimidate|FinalGambit,BraveBird,CloseCombat,Uturn|Jolly||F|||50|]Vanilluxe||NeverMeltIce|SnowWarning|Blizzard,FreezeDry,Protect,IceShard|Quiet||M|||50|]Farigiraf||SitrusBerry|ArmorTail|PsychicFangs,Thunderbolt,HelpingHand,TrickRoom|Relaxed||M|||50|]Blastoise||Blastoisinite|RainDish|FakeOut,WaterSpout,AuraSphere,DarkPulse|Quiet||M|||50|]Kingambit||LifeOrb|Defiant|KowtowCleave,IronHead,Protect,SuckerPunch|Brave||F|||50|]Camerupt||Cameruptite|SolidRock|HeatWave,EarthPower,Protect,AncientPower|Quiet||F|||50|
|showteam|p2|Charizard||CharizarditeY|SolarPower|HeatWave,WeatherBall,SolarBeam,Protect|Modest||F|||50|]Whimsicott||FocusSash|Prankster|Moonblast,Tailwind,Encore,Protect|Timid||F|||50|]Mawile||Mawilite|HyperCutter|PlayRough,IronHead,RockSlide,SuckerPunch|Adamant||F|||50|]Garchomp||LifeOrb|RoughSkin|Earthquake,DragonClaw,RockSlide,Protect|Jolly||M|||50|]Farigiraf||SitrusBerry|ArmorTail|Psychic,Thunderbolt,TrickRoom,HelpingHand|Modest||F|||50|]Basculegion||MysticWater|Adaptability|WaveCrash,AquaJet,LastRespects,Protect|Adamant||M|||50|
|inactive|Battle timer is ON: inactive players will automatically lose when time's up. (requested by gundot)
|inactive|FieryFIame has 60 seconds left.
|inactive|gundot has 60 seconds left.
|inactive|FieryFIame has 30 seconds left.
|inactive|gundot has 30 seconds left.
|inactive|FieryFIame has 20 seconds left.
|inactive|FieryFIame has 15 seconds left.
|inactive|FieryFIame has 10 seconds left.
|inactive|FieryFIame has 5 seconds left.
|
|t:|1785070342
|teamsize|p1|4
|teamsize|p2|4
|start
|switch|p1a: Farigiraf|Farigiraf, L50, M|100/100
|switch|p1b: Blastoise|Blastoise, L50, M|100/100
|switch|p2a: Charizard|Charizard, L50, F, shiny|100/100
|switch|p2b: Whimsicott|Whimsicott, L50, F|100/100
|turn|1
|inactive|FieryFIame has 30 seconds left.
|inactive|FieryFIame has 20 seconds left.
|inactive|FieryFIame has 15 seconds left.
|inactive|FieryFIame has 10 seconds left.
|
|t:|1785070389
|switch|p2b: Farigiraf|Farigiraf, L50, F|100/100
|detailschange|p2a: Charizard|Charizard-Mega-Y, L50, F, shiny
|-mega|p2a: Charizard|Charizard|Charizardite Y
|-weather|SunnyDay|[from] ability: Drought|[of] p2a: Charizard
|detailschange|p1b: Blastoise|Blastoise-Mega, L50, M
|-mega|p1b: Blastoise|Blastoise|Blastoisinite
|move|p1b: Blastoise|Fake Out||[still]
|cant|p2b: Farigiraf|ability: Armor Tail|Fake Out|[of] p1b: Blastoise
|move|p2a: Charizard|Solar Beam||[still]
|-prepare|p2a: Charizard|Solar Beam
|-anim|p2a: Charizard|Solar Beam|p1b: Blastoise
|-supereffective|p1b: Blastoise|1
|-damage|p1b: Blastoise|17/100
|move|p1a: Farigiraf|Trick Room|p1a: Farigiraf
|-fieldstart|move: Trick Room|[of] p1a: Farigiraf
|
|-weather|SunnyDay|[upkeep]
|upkeep
|turn|2
|
|t:|1785070413
|move|p1a: Farigiraf|Thunderbolt|p2a: Charizard
|-supereffective|p2a: Charizard|1
|-damage|p2a: Charizard|58/100
|move|p2b: Farigiraf|Thunderbolt|p1b: Blastoise
|-supereffective|p1b: Blastoise|1
|-damage|p1b: Blastoise|0 fnt
|faint|p1b: Blastoise
|move|p2a: Charizard|Weather Ball|p1a: Farigiraf
|-damage|p1a: Farigiraf|17/100
|-enditem|p1a: Farigiraf|Sitrus Berry|[eat]
|-heal|p1a: Farigiraf|42/100|[from] item: Sitrus Berry
|
|-weather|SunnyDay|[upkeep]
|upkeep
|
|t:|1785070419
|switch|p1b: Vanilluxe|Vanilluxe, L50, M|100/100
|-weather|Snowscape|[from] ability: Snow Warning|[of] p1b: Vanilluxe
|turn|3
|
|t:|1785070443
|switch|p2a: Basculegion|Basculegion, L50, M, shiny|100/100
|move|p1a: Farigiraf|Helping Hand|p1b: Vanilluxe
|-singleturn|p1b: Vanilluxe|Helping Hand|[of] p1a: Farigiraf
|move|p1b: Vanilluxe|Blizzard|p2a: Basculegion|[spread] p2a,p2b
|-resisted|p2a: Basculegion|1
|-damage|p2a: Basculegion|59/100
|-damage|p2b: Farigiraf|37/100
|-enditem|p2b: Farigiraf|Sitrus Berry|[eat]
|-heal|p2b: Farigiraf|62/100|[from] item: Sitrus Berry
|move|p2b: Farigiraf|Trick Room|p2b: Farigiraf
|-fieldend|move: Trick Room
|
|-weather|Snowscape|[upkeep]
|upkeep
|turn|4
|
|t:|1785070467
|switch|p1a: Kingambit|Kingambit, L50, F|100/100
|move|p2a: Basculegion|Wave Crash|p1a: Kingambit
|-damage|p1a: Kingambit|22/100
|-damage|p2a: Basculegion|34/100|[from] Recoil
|move|p1b: Vanilluxe|Freeze-Dry|p2a: Basculegion
|-supereffective|p2a: Basculegion|1
|-crit|p2a: Basculegion
|-damage|p2a: Basculegion|0 fnt
|faint|p2a: Basculegion
|move|p2b: Farigiraf|Psychic|p1b: Vanilluxe
|-crit|p1b: Vanilluxe
|-damage|p1b: Vanilluxe|37/100
|
|-weather|Snowscape|[upkeep]
|upkeep
|
|t:|1785070474
|switch|p2a: Charizard|Charizard-Mega-Y, L50, F, shiny|58/100
|-weather|SunnyDay|[from] ability: Drought|[of] p2a: Charizard
|turn|5
|inactive|FieryFIame has 30 seconds left.
|inactive|gundot has 30 seconds left.
|inactive|FieryFIame has 20 seconds left.
|inactive|FieryFIame has 15 seconds left.
|inactive|gundot has 20 seconds left.
|inactive|FieryFIame has 10 seconds left.
|inactive|gundot has 15 seconds left.
|
|t:|1785070521
|move|p2a: Charizard|Weather Ball|p1a: Kingambit
|-supereffective|p1a: Kingambit|1
|-damage|p1a: Kingambit|0 fnt
|faint|p1a: Kingambit
|move|p1b: Vanilluxe|Freeze-Dry|p2a: Charizard
|-damage|p2a: Charizard|23/100
|move|p2b: Farigiraf|Psychic|p1b: Vanilluxe
|-damage|p1b: Vanilluxe|2/100
|
|-weather|SunnyDay|[upkeep]
|upkeep
|c|☆FieryFIame|ggwp
|-message|FieryFIame forfeited.
|
|win|gundot
|raw|FieryFIame's rating: 1414 → 1391(-23 for losing)
|raw|gundot's rating: 1360 → 1383(+23 for winning)
|l|☆FieryFIame
|player|p1|
