|j|☆moeunu
|j|☆luisecanonserna
|html|moeunuluisecanonserna    
|uhtml|bestof|Game 1 of a best-of-3
|t:|1756493117
|gametype|doubles
|player|p1|moeunu|jasmine|1075
|player|p2|luisecanonserna|266|1091
|gen|9
|tier|[Gen 9] VGC 2025 Reg H (Bo3)
|rated|
|rule|Species Clause: Limit one of each Pokémon
|rule|Item Clause: Limit 1 of each item
|clearpoke
|poke|p1|Gholdengo, L50|
|poke|p1|Incineroar, L50, M|
|poke|p1|Porygon2, L50|
|poke|p1|Ursaluna, L50, F|
|poke|p1|Dragonite, L50, F|
|poke|p1|Amoonguss, L50, F|
|poke|p2|Gholdengo, L50|
|poke|p2|Incineroar, L50, M|
|poke|p2|Amoonguss, L50, F|
|poke|p2|Dragonite, L50, M|
|poke|p2|Tyranitar, L50, F|
|poke|p2|Garchomp, L50, M|
|teampreview|4
|showteam|p1|Gholdengo||LifeOrb|GoodasGold|Protect,MakeItRain,ShadowBall,NastyPlot||||||50|,,,,,Water]Incineroar||SafetyGoggles|Intimidate|PartingShot,FakeOut,KnockOff,FlareBlitz|||M|||50|,,,,,Bug]Porygon2||Eviolite|Download|TeraBlast,Recover,IceBeam,TrickRoom||||||50|,,,,,Fighting]Ursaluna||FlameOrb|Guts|Facade,Protect,HeadlongRush,Earthquake|||F|||50|,,,,,Ghost]Dragonite||LoadedDice|Multiscale|ScaleShot,IceSpinner,Tailwind,Protect|||F|||50|,,,,,Fairy]Amoonguss||SitrusBerry|Regenerator|PollenPuff,Spore,RagePowder,Protect|||F|||50|,,,,,Water
|showteam|p2|Gholdengo||LifeOrb|GoodasGold|MakeItRain,ShadowBall,NastyPlot,Protect||||||50|,,,,,Water]Incineroar||SafetyGoggles|Intimidate|FakeOut,KnockOff,PartingShot,FlareBlitz|||M|||50|,,,,,Ghost]Amoonguss||RockyHelmet|Regenerator|PollenPuff,RagePowder,Spore,Protect|||F|||50|,,,,,Dark]Dragonite||LoadedDice|Multiscale|ScaleShot,Tailwind,Haze,Protect|||M|||50|,,,,,Fairy]Tyranitar||AssaultVest|SandStream|RockSlide,LowKick,TeraBlast,Assurance|||F|||50|,,,,,Flying]Garchomp||ClearAmulet|RoughSkin|DragonClaw,Protect,StompingTantrum,Earthquake|||M|||50|,,,,,Fire
|inactive|Battle timer is ON: inactive players will automatically lose when time's up. (requested by luisecanonserna)
|
|t:|1756493201
|teamsize|p1|4
|teamsize|p2|4
|start
|switch|p1a: Gholdengo|Gholdengo, L50, shiny|100/100
|switch|p1b: Amoonguss|Amoonguss, L50, F, shiny|100/100
|switch|p2a: Incineroar|Incineroar, L50, M|100/100
|switch|p2b: Gholdengo|Gholdengo, L50|100/100
|-ability|p2a: Incineroar|Intimidate|boost
|-unboost|p1a: Gholdengo|atk|1
|-unboost|p1b: Amoonguss|atk|1
|turn|1
|inactive|moeunu has 30 seconds left.
|inactive|luisecanonserna has 30 seconds left.
|inactive|luisecanonserna has 20 seconds left.
|
|t:|1756493238
|move|p2a: Incineroar|Fake Out|p1a: Gholdengo
|-immune|p1a: Gholdengo
|move|p1b: Amoonguss|Rage Powder|p1b: Amoonguss
|-singleturn|p1b: Amoonguss|move: Rage Powder
|move|p2b: Gholdengo|Nasty Plot|p2b: Gholdengo
|-boost|p2b: Gholdengo|spa|2
|move|p1a: Gholdengo|Nasty Plot|p1a: Gholdengo
|-boost|p1a: Gholdengo|spa|2
|
|upkeep
|turn|2
|inactive|luisecanonserna has 30 seconds left.
|
|t:|1756493266
|-terastallize|p2b: Gholdengo|Water
|move|p1b: Amoonguss|Rage Powder|p1b: Amoonguss
|-singleturn|p1b: Amoonguss|move: Rage Powder
|move|p2b: Gholdengo|Make It Rain|p1b: Amoonguss|[spread] p1a,p1b
|-resisted|p1a: Gholdengo
|-damage|p1a: Gholdengo|29/100
|-damage|p1b: Amoonguss|1/100
|-unboost|p2b: Gholdengo|spa|1
|-enditem|p1b: Amoonguss|Sitrus Berry|[eat]
|-heal|p1b: Amoonguss|26/100|[from] item: Sitrus Berry
|-damage|p2b: Gholdengo|91/100|[from] item: Life Orb
|move|p1a: Gholdengo|Shadow Ball|p2b: Gholdengo
|-damage|p2b: Gholdengo|0 fnt
|faint|p2b: Gholdengo
|-damage|p1a: Gholdengo|20/100|[from] item: Life Orb
|move|p2a: Incineroar|Knock Off|p1a: Gholdengo
|-supereffective|p1a: Gholdengo
|-damage|p1a: Gholdengo|0 fnt
|-enditem|p1a: Gholdengo|Life Orb|[from] move: Knock Off|[of] p2a: Incineroar
|faint|p1a: Gholdengo
|
|upkeep
|
|t:|1756493290
|switch|p2b: Dragonite|Dragonite, L50, M|100/100
|switch|p1a: Porygon2|Porygon2, L50, shiny|100/100
|-ability|p1a: Porygon2|Download|boost
|-boost|p1a: Porygon2|spa|1
|turn|3
|
|t:|1756493311
|switch|p2b: Amoonguss|Amoonguss, L50, F|100/100
|move|p1b: Amoonguss|Protect|p1b: Amoonguss
|-singleturn|p1b: Amoonguss|Protect
|move|p2a: Incineroar|Parting Shot|p1a: Porygon2
|-unboost|p1a: Porygon2|atk|1
|-unboost|p1a: Porygon2|spa|1
|
|t:|1756493318
|switch|p2a: Dragonite|Dragonite, L50, M|100/100|[from] Parting Shot
|move|p1a: Porygon2|Trick Room|p1a: Porygon2
|-fieldstart|move: Trick Room|[of] p1a: Porygon2
|
|upkeep
|turn|4
|
|t:|1756493340
|switch|p2a: Incineroar|Incineroar, L50, M|100/100
|-ability|p2a: Incineroar|Intimidate|boost
|-unboost|p1a: Porygon2|atk|1
|-unboost|p1b: Amoonguss|atk|1
|move|p1b: Amoonguss|Spore|p2a: Incineroar
|-activate|p2a: Incineroar|item: Safety Goggles|Spore
|move|p2b: Amoonguss|Spore|p1a: Porygon2
|-status|p1a: Porygon2|slp|[from] move: Spore
|cant|p1a: Porygon2|slp
|
|upkeep
|turn|5
|inactive|moeunu has 30 seconds left.
|inactive|luisecanonserna has 30 seconds left.
|inactive|luisecanonserna has 20 seconds left.
|
|t:|1756493376
|-terastallize|p1a: Porygon2|Fighting
|move|p1b: Amoonguss|Protect|p1b: Amoonguss
|-singleturn|p1b: Amoonguss|Protect
|move|p2b: Amoonguss|Spore|p1b: Amoonguss
|-activate|p1b: Amoonguss|move: Protect
|-curestatus|p1a: Porygon2|slp|[msg]
|move|p1a: Porygon2|Tera Blast|p2a: Incineroar|[anim] Tera Blast Fighting
|-supereffective|p2a: Incineroar
|-damage|p2a: Incineroar|37/100
|move|p2a: Incineroar|Knock Off|p1a: Porygon2
|-resisted|p1a: Porygon2
|-damage|p1a: Porygon2|89/100
|-enditem|p1a: Porygon2|Eviolite|[from] move: Knock Off|[of] p2a: Incineroar
|
|upkeep
|turn|6
|inactive|moeunu has 30 seconds left.
|inactive|luisecanonserna has 30 seconds left.
|
|t:|1756493407
|move|p1b: Amoonguss|Pollen Puff|p2a: Incineroar
|-damage|p2a: Incineroar|19/100
|move|p2b: Amoonguss|Spore|p1a: Porygon2
|-status|p1a: Porygon2|slp|[from] move: Spore
|cant|p1a: Porygon2|slp
|move|p2a: Incineroar|Parting Shot|p1a: Porygon2
|-unboost|p1a: Porygon2|atk|1
|-unboost|p1a: Porygon2|spa|1
|
|t:|1756493416
|switch|p2a: Dragonite|Dragonite, L50, M|100/100|[from] Parting Shot
|
|upkeep
|turn|7
|inactive|luisecanonserna has 30 seconds left.
|
|t:|1756493448
|switch|p1a: Dragonite|Dragonite, L50, F, shiny|100/100
|switch|p2a: Incineroar|Incineroar, L50, M|19/100
|-ability|p2a: Incineroar|Intimidate|boost
|-unboost|p1a: Dragonite|atk|1
|-unboost|p1b: Amoonguss|atk|1
|move|p1b: Amoonguss|Spore|p2a: Incineroar
|-activate|p2a: Incineroar|item: Safety Goggles|Spore
|move|p2b: Amoonguss|Pollen Puff|p2a: Incineroar
|-heal|p2a: Incineroar|68/100
|
|-fieldend|move: Trick Room
|upkeep
|turn|8
|inactive|moeunu has 30 seconds left.
|inactive|luisecanonserna has 30 seconds left.
|inactive|luisecanonserna has 20 seconds left.
|inactive|luisecanonserna has 15 seconds left.
|inactive|luisecanonserna has 10 seconds left.
|
|t:|1756493497
|switch|p1b: Porygon2|Porygon2, L50, shiny, tera:Fighting|89/100 slp
|-ability|p1b: Porygon2|Download|boost
|-boost|p1b: Porygon2|spa|1
|move|p1a: Dragonite|Protect|p1a: Dragonite
|-singleturn|p1a: Dragonite|Protect
|move|p2b: Amoonguss|Rage Powder|p2b: Amoonguss
|-singleturn|p2b: Amoonguss|move: Rage Powder
|move|p2a: Incineroar|Parting Shot|p1a: Dragonite
|-activate|p1a: Dragonite|move: Protect
|
|upkeep
|turn|9
|inactive|luisecanonserna has 30 seconds left.
|inactive|luisecanonserna has 20 seconds left.
|
|t:|1756493538
|move|p1a: Dragonite|Ice Spinner|p2b: Amoonguss
|-supereffective|p2b: Amoonguss
|-damage|p2b: Amoonguss|69/100
|-damage|p1a: Dragonite|84/100|[from] item: Rocky Helmet|[of] p2b: Amoonguss
|move|p2a: Incineroar|Parting Shot|p1b: Porygon2
|-unboost|p1b: Porygon2|atk|1
|-unboost|p1b: Porygon2|spa|1
|
|t:|1756493545
|switch|p2a: Dragonite|Dragonite, L50, M|100/100|[from] Parting Shot
|-curestatus|p1b: Porygon2|slp|[msg]
|move|p1b: Porygon2|Ice Beam|p2b: Amoonguss
|-supereffective|p2b: Amoonguss
|-damage|p2b: Amoonguss|22/100
|-status|p2b: Amoonguss|frz
|cant|p2b: Amoonguss|frz
|
|upkeep
|turn|10
|inactive|luisecanonserna has 30 seconds left.
|inactive|moeunu has 30 seconds left.
|inactive|luisecanonserna has 20 seconds left.
|inactive|moeunu has 20 seconds left.
|inactive|luisecanonserna has 15 seconds left.
|inactive|luisecanonserna has 10 seconds left.
|
|t:|1756493590
|-curestatus|p2b: Amoonguss|frz|[msg]
|move|p2b: Amoonguss|Rage Powder|p2b: Amoonguss
|-singleturn|p2b: Amoonguss|move: Rage Powder
|move|p1a: Dragonite|Ice Spinner|p2b: Amoonguss
|-supereffective|p2b: Amoonguss
|-damage|p2b: Amoonguss|0 fnt
|-damage|p1a: Dragonite|67/100|[from] item: Rocky Helmet|[of] p2b: Amoonguss
|faint|p2b: Amoonguss
|move|p2a: Dragonite|Scale Shot|p1a: Dragonite
|-supereffective|p1a: Dragonite
|-damage|p1a: Dragonite|38/100
|-supereffective|p1a: Dragonite
|-damage|p1a: Dragonite|9/100
|-supereffective|p1a: Dragonite
|-damage|p1a: Dragonite|0 fnt
|faint|p1a: Dragonite
|-hitcount|p1: Dragonite|3
|-unboost|p2a: Dragonite|def|1
|-boost|p2a: Dragonite|spe|1
|move|p1b: Porygon2|Trick Room|p1b: Porygon2
|-fieldstart|move: Trick Room|[of] p1b: Porygon2
|
|upkeep
|
|t:|1756493609
|switch|p2b: Incineroar|Incineroar, L50, M|68/100
|switch|p1a: Amoonguss|Amoonguss, L50, F, shiny|59/100
|-ability|p2b: Incineroar|Intimidate|boost
|-unboost|p1a: Amoonguss|atk|1
|-unboost|p1b: Porygon2|atk|1
|turn|11
|inactive|moeunu has 30 seconds left.
|
|t:|1756493634
|move|p1a: Amoonguss|Protect|p1a: Amoonguss
|-singleturn|p1a: Amoonguss|Protect
|move|p2b: Incineroar|Fake Out|p1a: Amoonguss
|-activate|p1a: Amoonguss|move: Protect
|move|p1b: Porygon2|Recover|p1b: Porygon2
|-heal|p1b: Porygon2|100/100
|move|p2a: Dragonite|Scale Shot|p1b: Porygon2
|-crit|p1b: Porygon2
|-damage|p1b: Porygon2|83/100
|-damage|p1b: Porygon2|70/100
|-damage|p1b: Porygon2|57/100
|-damage|p1b: Porygon2|42/100
|-damage|p1b: Porygon2|28/100
|-hitcount|p1b: Porygon2|5
|-unboost|p2a: Dragonite|def|1
|-boost|p2a: Dragonite|spe|1
|
|upkeep
|turn|12
|inactive|luisecanonserna has 30 seconds left.
|
|t:|1756493657
|move|p1a: Amoonguss|Spore|p2a: Dragonite
|-status|p2a: Dragonite|slp|[from] move: Spore
|move|p1b: Porygon2|Recover|p1b: Porygon2
|-heal|p1b: Porygon2|78/100
|move|p2b: Incineroar|Flare Blitz|p1b: Porygon2
|-damage|p1b: Porygon2|34/100
|-damage|p2b: Incineroar|54/100|[from] Recoil
|cant|p2a: Dragonite|slp
|
|upkeep
|turn|13
|inactive|luisecanonserna has 25 seconds left this turn.
|inactive|luisecanonserna has 20 seconds left.
|inactive|luisecanonserna has 15 seconds left.
|inactive|luisecanonserna has 10 seconds left.
|inactive|luisecanonserna has 5 seconds left.
|
|t:|1756493677
|move|p1a: Amoonguss|Pollen Puff|p1b: Porygon2
|-heal|p1b: Porygon2|84/100
|move|p1b: Porygon2|Tera Blast|p2b: Incineroar|[anim] Tera Blast Fighting
|-supereffective|p2b: Incineroar
|-damage|p2b: Incineroar|0 fnt
|faint|p2b: Incineroar
|-curestatus|p2a: Dragonite|slp|[msg]
|move|p2a: Dragonite|Scale Shot|p1b: Porygon2
|-damage|p1b: Porygon2|71/100
|-damage|p1b: Porygon2|58/100
|-damage|p1b: Porygon2|46/100
|-damage|p1b: Porygon2|33/100
|-hitcount|p1b: Porygon2|4
|-unboost|p2a: Dragonite|def|1
|-boost|p2a: Dragonite|spe|1
|
|upkeep
|turn|14
|inactive|luisecanonserna has 5 seconds left this turn.
|-message|luisecanonserna lost due to inactivity.
|
|win|moeunu
|inactive|moeunu has 30 seconds to confirm battle start!
|inactive|luisecanonserna has 30 seconds to confirm battle start!
||luisecanonserna is ready for game 2.
||moeunu is ready for game 2.
|uhtml|next|Next: Game 2 of 3
|l|☆moeunu
|player|p1|
