|j|☆mil0battles
|j|☆LiarChoir
|html|mil0battlesLiarChoir    
|uhtml|bestof|Game 1 of a best-of-3
|t:|1756600105
|gametype|doubles
|player|p1|mil0battles|pokemonranger-gen4|1165
|player|p2|LiarChoir|candice|1233
|gen|9
|tier|[Gen 9] VGC 2025 Reg H (Bo3)
|rated|
|rule|Species Clause: Limit one of each Pokémon
|rule|Item Clause: Limit 1 of each item
|clearpoke
|poke|p1|Incineroar, L50, M|
|poke|p1|Primarina, L50, F|
|poke|p1|Gholdengo, L50|
|poke|p1|Sneasler, L50, F|
|poke|p1|Kilowattrel, L50, M|
|poke|p1|Rillaboom, L50, M|
|poke|p2|Sinistcha, L50|
|poke|p2|Ninetales-Alola, L50, M|
|poke|p2|Ursaluna-Bloodmoon, L50, M|
|poke|p2|Incineroar, L50, M|
|poke|p2|Dragapult, L50, F|
|poke|p2|Primarina, L50, F|
|teampreview|4
|showteam|p1|Incineroar||SafetyGoggles|Intimidate|FakeOut,KnockOff,PartingShot,FlareBlitz|||M|||50|,,,,,Ghost]Primarina||ThroatSpray|LiquidVoice|HyperVoice,Moonblast,Haze,Protect|||F|||50|,,,,,Poison]Gholdengo||LifeOrb|GoodasGold|NastyPlot,MakeItRain,ShadowBall,Protect||||||50|,,,,,Water]Sneasler||WhiteHerb|Unburden|DireClaw,CloseCombat,FakeOut,Protect|||F|||50|,,,,,Stellar]Kilowattrel||FocusSash|Competitive|AirSlash,Thunderbolt,Tailwind,Protect|||M|||50|,,,,,Ghost]Rillaboom||AssaultVest|GrassySurge|GrassyGlide,WoodHammer,FakeOut,Uturn|||M|||50|,,,,,Fire
|showteam|p2|Sinistcha||RockyHelmet|Hospitality|RagePowder,MatchaGotcha,ShadowBall,TrickRoom||||||50|,,,,,Water]Ninetales-Alola||LightClay|SnowWarning|AuroraVeil,FreezeDry,Blizzard,Protect|||M|||50|,,,,,Ghost]Ursaluna-Bloodmoon||AssaultVest|MindsEye|BloodMoon,HyperVoice,VacuumWave,EarthPower|||M|||50|,,,,,Ghost]Incineroar||SafetyGoggles|Intimidate|FlareBlitz,KnockOff,PartingShot,FakeOut|||M|||50|,,,,,Ghost]Dragapult||ChoiceBand|ClearBody|DragonDarts,PhantomForce,Uturn,SuckerPunch|||F|||50|,,,,,Dragon]Primarina||ThroatSpray|LiquidVoice|HyperVoice,Moonblast,Haze,Protect|||F|||50|,,,,,Water
|
|t:|1756600142
|teamsize|p1|4
|teamsize|p2|4
|start
|switch|p1a: Sneasler|Sneasler, L50, F|100/100
|switch|p1b: Kilowattrel|Kilowattrel, L50, M|100/100
|switch|p2a: Ninetales|Ninetales-Alola, L50, M|100/100
|switch|p2b: Ursaluna|Ursaluna-Bloodmoon, L50, M|100/100
|-weather|Snowscape|[from] ability: Snow Warning|[of] p2a: Ninetales
|turn|1
|inactive|Battle timer is ON: inactive players will automatically lose when time's up. (requested by mil0battles)
|
|t:|1756600160
|-terastallize|p2b: Ursaluna|Ghost
|move|p1b: Kilowattrel|Air Slash|p2b: Ursaluna
|-damage|p2b: Ursaluna|74/100
|move|p2a: Ninetales|Aurora Veil|p2a: Ninetales
|-sidestart|p2: LiarChoir|move: Aurora Veil
|move|p1a: Sneasler|Dire Claw|p2b: Ursaluna
|-resisted|p2b: Ursaluna
|-damage|p2b: Ursaluna|65/100
|move|p2b: Ursaluna|Earth Power|p1a: Sneasler
|-supereffective|p1a: Sneasler
|-damage|p1a: Sneasler|0 fnt
|faint|p1a: Sneasler
|
|-weather|Snowscape|[upkeep]
|upkeep
|
|t:|1756600173
|switch|p1a: Gholdengo|Gholdengo, L50|100/100
|turn|2
|
|t:|1756600185
|move|p1b: Kilowattrel|Air Slash|p2b: Ursaluna
|-damage|p2b: Ursaluna|48/100
|move|p2a: Ninetales|Blizzard|p1a: Gholdengo|[spread] p1a,p1b
|-resisted|p1a: Gholdengo
|-supereffective|p1b: Kilowattrel
|-damage|p1a: Gholdengo|83/100
|-enditem|p1b: Kilowattrel|Focus Sash
|-damage|p1b: Kilowattrel|1/100
|move|p1a: Gholdengo|Make It Rain|p2b: Ursaluna|[spread] p2a,p2b
|-supereffective|p2a: Ninetales
|-damage|p2a: Ninetales|0 fnt
|-damage|p2b: Ursaluna|20/100
|-unboost|p1a: Gholdengo|spa|1
|faint|p2a: Ninetales
|-damage|p1a: Gholdengo|74/100|[from] item: Life Orb
|move|p2b: Ursaluna|Earth Power|p1a: Gholdengo
|-supereffective|p1a: Gholdengo
|-damage|p1a: Gholdengo|0 fnt
|faint|p1a: Gholdengo
|
|-weather|Snowscape|[upkeep]
|upkeep
|
|t:|1756600205
|switch|p2a: Dragapult|Dragapult, L50, F|100/100
|switch|p1a: Primarina|Primarina, L50, F|100/100
|turn|3
|
|t:|1756600214
|move|p1b: Kilowattrel|Protect|p1b: Kilowattrel
|-singleturn|p1b: Kilowattrel|Protect
|move|p2b: Ursaluna|Vacuum Wave|p1b: Kilowattrel
|-activate|p1b: Kilowattrel|move: Protect
|move|p2a: Dragapult|Phantom Force||[still]
|-prepare|p2a: Dragapult|Phantom Force
|move|p1a: Primarina|Moonblast|p2a: Dragapult|[miss]
|-miss|p1a: Primarina|p2a: Dragapult
|
|-weather|Snowscape|[upkeep]
|upkeep
|turn|4
|
|t:|1756600226
|move|p2b: Ursaluna|Vacuum Wave|p1b: Kilowattrel
|-resisted|p1b: Kilowattrel
|-damage|p1b: Kilowattrel|0 fnt
|faint|p1b: Kilowattrel
|move|p2a: Dragapult|Phantom Force|p1a: Primarina|[from] lockedmove
|-damage|p1a: Primarina|24/100
|move|p1a: Primarina|Hyper Voice|p2b: Ursaluna|[spread] p2a,p2b
|-resisted|p2a: Dragapult
|-damage|p2a: Dragapult|86/100
|-damage|p2b: Ursaluna|1/100
|-enditem|p1a: Primarina|Throat Spray
|-boost|p1a: Primarina|spa|1|[from] item: Throat Spray
|
|-weather|Snowscape|[upkeep]
|upkeep
|turn|5
|-message|mil0battles forfeited.
|
|win|LiarChoir
||LiarChoir is ready for game 2.
||mil0battles is ready for game 2.
|uhtml|next|Next: Game 2 of 3
