|j|☆M9RBLEST6R
|j|☆coggs's
|html|M9RBLEST6Rcoggs's    
|uhtml|bestof|Game 2 of a best-of-3
|t:|1783368352
|gametype|doubles
|player|p1|M9RBLEST6R|hilda-wonderlauncher|
|player|p2|coggs's|madame-gen4|
|gen|9
|tier|[Gen 9 Champions] VGC 2026 Reg M-B (Bo3)
|rule|Species Clause: Limit one of each Pokémon
|rule|Item Clause: Limit 1 of each item
|clearpoke
|poke|p1|Zoroark-Hisui, L50, M, shiny|
|poke|p1|Klefki, L50, M|
|poke|p1|Scizor, L50, F|
|poke|p1|Milotic, L50, M|
|poke|p1|Roserade, L50, F, shiny|
|poke|p1|Incineroar, L50, F|
|poke|p2|Swampert, L50, M|
|poke|p2|Sableye, L50, M|
|poke|p2|Pelipper, L50, M|
|poke|p2|Archaludon, L50, F|
|poke|p2|Basculegion, L50, M|
|poke|p2|Venusaur, L50, M|
|teampreview|4
|showteam|p1|Zoroark-Hisui||FocusSash|Illusion|IcyWind,PhantomForce,BitterMalice,ShadowBall|Hasty||M|||50|]Klefki||LightClay|Prankster|LightScreen,PlayRough,Protect,Reflect|Brave||M|||50|]Scizor||Scizorite|Technician|AerialAce,Uturn,KnockOff,BulletPunch|Adamant||F|||50|]Milotic||Leftovers|Competitive|IcyWind,HydroPump,AlluringVoice,Recover|Modest||M|||50|]Roserade||BrightPowder|NaturalCure|StunSpore,SludgeBomb,PetalDance,Protect|Modest||F|||50|]Incineroar||BlackGlasses|Intimidate|BulkUp,DarkestLariat,FakeOut,FlareBlitz|Adamant||F|||50|
|showteam|p2|Swampert||Swampertite|Damp|WaveCrash,Earthquake,IcePunch,Protect|Adamant||M|||50|]Sableye||RoseliBerry|Prankster|Encore,RainDance,WillOWisp,LightScreen|Careful||M|||50|]Pelipper||SitrusBerry|Drizzle|Hurricane,Tailwind,WeatherBall,RainDance|Bold||M|||50|]Archaludon||Leftovers|Stamina|ElectroShot,DragonPulse,FlashCannon,Protect|Modest||F|||50|]Basculegion||ChoiceScarf|Adaptability|LastRespects,WaveCrash,PsychicFangs,FlipTurn|Jolly||M|||50|]Venusaur||Venusaurite|Chlorophyll|Protect,GigaDrain,SludgeBomb,EarthPower|Modest||M|||50|
|c|☆coggs's|glhf
|
|t:|1783368379
|teamsize|p1|4
|teamsize|p2|4
|start
|switch|p1a: Scizor|Scizor, L50, F|100/100
|switch|p1b: Milotic|Milotic, L50, M|100/100
|switch|p2a: Swampert|Swampert, L50, M|100/100
|switch|p2b: Pelipper|Pelipper, L50, M|100/100
|-weather|RainDance|[from] ability: Drizzle|[of] p2b: Pelipper
|turn|1
|
|t:|1783368414
|detailschange|p2a: Swampert|Swampert-Mega, L50, M
|-mega|p2a: Swampert|Swampert|Swampertite
|detailschange|p1a: Scizor|Scizor-Mega, L50, F
|-mega|p1a: Scizor|Scizor|Scizorite
|move|p2a: Swampert|Wave Crash|p1a: Scizor
|-damage|p1a: Scizor|1/100
|-damage|p2a: Swampert|75/100|[from] Recoil
|move|p1b: Milotic|Icy Wind|p2b: Pelipper|[spread] p2a,p2b
|-crit|p2a: Swampert
|-damage|p2a: Swampert|61/100
|-damage|p2b: Pelipper|84/100
|-unboost|p2a: Swampert|spe|1
|-unboost|p2b: Pelipper|spe|1
|move|p1a: Scizor|U-turn|p2a: Swampert
|-damage|p2a: Swampert|24/100
|
|t:|1783368432
|switch|p1a: Klefki|Klefki, L50, M|100/100|[from] U-turn
|move|p2b: Pelipper|Hurricane|p1a: Klefki
|-resisted|p1a: Klefki|1
|-damage|p1a: Klefki|76/100
|
|-weather|RainDance|[upkeep]
|upkeep
|turn|2
|
|t:|1783368451
|move|p2a: Swampert|Earthquake|p1a: Klefki|[spread] p1a,p1b
|-immune|p2b: Pelipper
|-supereffective|p1a: Klefki|1
|-damage|p1a: Klefki|0 fnt
|-damage|p1b: Milotic|54/100
|faint|p1a: Klefki
|move|p1b: Milotic|Alluring Voice|p2b: Pelipper
|-damage|p2b: Pelipper|50/100y
|-enditem|p2b: Pelipper|Sitrus Berry|[eat]
|-heal|p2b: Pelipper|74/100|[from] item: Sitrus Berry
|move|p2b: Pelipper|Hurricane|p1b: Milotic
|-damage|p1b: Milotic|21/100
|-start|p1b: Milotic|confusion
|
|-weather|RainDance|[upkeep]
|-heal|p1b: Milotic|27/100|[from] item: Leftovers
|upkeep
|
|t:|1783368468
|switch|p1a: Bud-Bud|Roserade, L50, F, shiny|100/100
|turn|3
|
|t:|1783368484
|switch|p2a: Archaludon|Archaludon, L50, F|100/100
|move|p1a: Bud-Bud|Sludge Bomb|p2b: Pelipper
|-damage|p2b: Pelipper|11/100
|-status|p2b: Pelipper|psn
|-activate|p1b: Milotic|confusion
|move|p1b: Milotic|Alluring Voice|p2b: Pelipper
|-damage|p2b: Pelipper|0 fnt
|faint|p2b: Pelipper
|
|-weather|RainDance|[upkeep]
|-heal|p1b: Milotic|32/100|[from] item: Leftovers
|upkeep
|
|t:|1783368496
|switch|p2b: Swampert|Swampert-Mega, L50, M|24/100
|turn|4
|
|t:|1783368504
|move|p2b: Swampert|Ice Punch|p1a: Bud-Bud
|-supereffective|p1a: Bud-Bud|1
|-damage|p1a: Bud-Bud|10/100
|move|p1a: Bud-Bud|Petal Dance|p2b: Swampert
|-supereffective|p2b: Swampert|2
|-damage|p2b: Swampert|0 fnt
|faint|p2b: Swampert
|move|p2a: Archaludon|Electro Shot||[still]
|-prepare|p2a: Archaludon|Electro Shot
|-boost|p2a: Archaludon|spa|1
|-anim|p2a: Archaludon|Electro Shot|p1b: Milotic
|-supereffective|p1b: Milotic|1
|-damage|p1b: Milotic|0 fnt
|faint|p1b: Milotic
|
|-weather|RainDance|[upkeep]
|upkeep
|
|t:|1783368521
|switch|p2b: Basculegion|Basculegion, L50, M|100/100
|switch|p1b: Scizor|Scizor-Mega, L50, F|1/100
|turn|5
|
|t:|1783368537
|move|p2b: Basculegion|Wave Crash|p1a: Bud-Bud
|-resisted|p1a: Bud-Bud|1
|-damage|p1a: Bud-Bud|0 fnt
|faint|p1a: Bud-Bud
|-damage|p2b: Basculegion|97/100|[from] Recoil
|move|p2a: Archaludon|Dragon Pulse|p1b: Scizor
|-resisted|p1b: Scizor|1
|-damage|p1b: Scizor|0 fnt
|faint|p1b: Scizor
|
|win|coggs's
|c|☆coggs's|ggs
