|j|☆Etchebest Marx
|j|☆AFGAzalea
|html|Etchebest MarxAFGAzalea    
|uhtml|bestof|Game 1 of a best-of-3
|t:|1756744992
|gametype|doubles
|player|p1|Etchebest Marx|miku-ground|1000
|player|p2|AFGAzalea|winona|1000
|gen|9
|tier|[Gen 9] VGC 2025 Reg H (Bo3)
|rated|
|rule|Species Clause: Limit one of each Pokémon
|rule|Item Clause: Limit 1 of each item
|clearpoke
|poke|p1|Amoonguss, L50, F|
|poke|p1|Ursaluna, L50, F|
|poke|p1|Hydreigon, L50, F|
|poke|p1|Incineroar, L50, F|
|poke|p1|Porygon2, L50|
|poke|p1|Gholdengo, L50|
|poke|p2|Volcarona, L50, F|
|poke|p2|Hypno, L50, F|
|poke|p2|Maushold, L50|
|poke|p2|Grimmsnarl, L50, M|
|poke|p2|Glimmora, L50, M|
|poke|p2|Annihilape, L50, M|
|teampreview|4
|showteam|p1|Amoonguss||RockyHelmet|Regenerator|PollenPuff,Spore,RagePowder,Protect|||F|||50|,,,,,Fairy]Ursaluna||FlameOrb|Guts|Facade,HeadlongRush,Earthquake,Protect|||F|||50|,,,,,Ghost]Hydreigon||SafetyGoggles|Levitate|DracoMeteor,Snarl,Tailwind,Protect|||F|||50|,,,,,Ghost]Incineroar||AssaultVest|Intimidate|FakeOut,KnockOff,FlareBlitz,Uturn|||F|||50|,,,,,Ghost]Porygon2||Eviolite|Download|TeraBlast,IceBeam,Recover,TrickRoom||||||50|,,,,,Fighting]Gholdengo||MetalCoat|GoodasGold|MakeItRain,ShadowBall,NastyPlot,Protect||||||50|,,,,,Water
|showteam|p2|Volcarona||Leftovers|FlameBody|HeatWave,QuiverDance,GigaDrain,Protect|||F|||50|,,,,,Grass]Hypno||AguavBerry|Insomnia|ExpandingForce,Haze,Imprison,TrickRoom|||F|||50|,,,,,Ghost]Maushold||SafetyGoggles|FriendGuard|Taunt,Protect,BeatUp,FollowMe||||||50|,,,,,Fairy]Grimmsnarl||LightClay|Prankster|SpiritBreak,LightScreen,Reflect,ThunderWave|||M|||50|,,,,,Ghost]Glimmora||AssaultVest|ToxicDebris|MortalSpin,PowerGem,SludgeBomb,EarthPower|||M|||50|,,,,,Steel]Annihilape||SitrusBerry|Defiant|RageFist,DrainPunch,Protect,BulkUp|||M|||50|,,,,,Water
|
|t:|1756745054
|teamsize|p1|4
|teamsize|p2|4
|start
|switch|p1a: Ursaluna|Ursaluna, L50, F|100/100
|switch|p1b: Hydreigon|Hydreigon, L50, F|100/100
|switch|p2a: Grimmsnarl|Grimmsnarl, L50, M, shiny|100/100
|switch|p2b: Volcarona|Volcarona, L50, F, shiny|100/100
|turn|1
|
|t:|1756745094
|switch|p1a: Incineroar|Incineroar, L50, F, shiny|100/100
|-ability|p1a: Incineroar|Intimidate|boost
|-unboost|p2a: Grimmsnarl|atk|1
|-unboost|p2b: Volcarona|atk|1
|-terastallize|p2b: Volcarona|Grass
|move|p2a: Grimmsnarl|Thunder Wave|p1b: Hydreigon
|-hint|Since gen 7, Dark is immune to Prankster moves.
|-immune|p1b: Hydreigon
|move|p1b: Hydreigon|Snarl|p2b: Volcarona|[spread] p2b
|-miss|p1b: Hydreigon|p2a: Grimmsnarl
|-damage|p2b: Volcarona|84/100
|-unboost|p2b: Volcarona|spa|1
|move|p2b: Volcarona|Quiver Dance|p2b: Volcarona
|-boost|p2b: Volcarona|spa|1
|-boost|p2b: Volcarona|spd|1
|-boost|p2b: Volcarona|spe|1
|
|-heal|p2b: Volcarona|91/100|[from] item: Leftovers
|upkeep
|turn|2
|inactive|Battle timer is ON: inactive players will automatically lose when time's up. (requested by AFGAzalea)
|inactive|AFGAzalea has 60 seconds left.
|
|t:|1756745135
|move|p2b: Volcarona|Protect|p2b: Volcarona
|-singleturn|p2b: Volcarona|Protect
|move|p1b: Hydreigon|Protect|p1b: Hydreigon
|-singleturn|p1b: Hydreigon|Protect
|move|p2a: Grimmsnarl|Reflect|p2a: Grimmsnarl
|-sidestart|p2: AFGAzalea|Reflect
|move|p1a: Incineroar|Flare Blitz|p2b: Volcarona
|-activate|p2b: Volcarona|move: Protect
|
|-heal|p2b: Volcarona|97/100|[from] item: Leftovers
|upkeep
|turn|3
|inactive|AFGAzalea has 30 seconds left.
|
|t:|1756745162
|switch|p1b: Ursaluna|Ursaluna, L50, F|100/100
|move|p2b: Volcarona|Heat Wave|p1b: Ursaluna|[spread] p1a,p1b
|-resisted|p1a: Incineroar
|-damage|p1a: Incineroar|89/100
|-damage|p1b: Ursaluna|68/100
|move|p1a: Incineroar|Flare Blitz|p2b: Volcarona
|-supereffective|p2b: Volcarona
|-damage|p2b: Volcarona|20/100
|-damage|p1a: Incineroar|65/100|[from] Recoil
|move|p2a: Grimmsnarl|Spirit Break|p1b: Ursaluna
|-damage|p1b: Ursaluna|51/100
|-unboost|p1b: Ursaluna|spa|1
|
|-heal|p2b: Volcarona|26/100|[from] item: Leftovers
|-status|p1b: Ursaluna|brn|[from] item: Flame Orb
|upkeep
|turn|4
|inactive|Etchebest Marx has 30 seconds left.
|inactive|AFGAzalea has 30 seconds left.
|
|t:|1756745193
|move|p2b: Volcarona|Protect|p2b: Volcarona
|-singleturn|p2b: Volcarona|Protect
|move|p1a: Incineroar|U-turn|p2b: Volcarona
|-activate|p2b: Volcarona|move: Protect
|move|p1b: Ursaluna|Facade|p2a: Grimmsnarl
|-damage|p2a: Grimmsnarl|16/100
|move|p2a: Grimmsnarl|Spirit Break|p1a: Incineroar
|-damage|p1a: Incineroar|46/100
|-unboost|p1a: Incineroar|spa|1
|
|-heal|p2b: Volcarona|32/100|[from] item: Leftovers
|-damage|p1b: Ursaluna|45/100 brn|[from] brn
|upkeep
|turn|5
|
|t:|1756745215
|move|p2a: Grimmsnarl|Light Screen|p2a: Grimmsnarl
|-sidestart|p2: AFGAzalea|move: Light Screen
|move|p2b: Volcarona|Heat Wave|p1b: Ursaluna|[spread] p1a,p1b
|-resisted|p1a: Incineroar
|-damage|p1a: Incineroar|37/100
|-damage|p1b: Ursaluna|15/100 brn
|move|p1a: Incineroar|U-turn|p2b: Volcarona
|-supereffective|p2b: Volcarona
|-damage|p2b: Volcarona|3/100
|
|t:|1756745223
|switch|p1a: Hydreigon|Hydreigon, L50, F|100/100|[from] U-turn
|move|p1b: Ursaluna|Headlong Rush|p2a: Grimmsnarl
|-damage|p2a: Grimmsnarl|0 fnt
|-unboost|p1b: Ursaluna|def|1
|-unboost|p1b: Ursaluna|spd|1
|faint|p2a: Grimmsnarl
|
|-heal|p2b: Volcarona|9/100|[from] item: Leftovers
|-damage|p1b: Ursaluna|9/100 brn|[from] brn
|upkeep
|
|t:|1756745238
|switch|p2a: Maushold|Maushold, L50|100/100
|turn|6
|
|t:|1756745258
|switch|p1b: Incineroar|Incineroar, L50, F, shiny|37/100
|-ability|p1b: Incineroar|Intimidate|boost
|-unboost|p2a: Maushold|atk|1
|-unboost|p2b: Volcarona|atk|1
|-terastallize|p1a: Hydreigon|Ghost
|move|p2a: Maushold|Follow Me|p2a: Maushold
|-singleturn|p2a: Maushold|move: Follow Me
|move|p2b: Volcarona|Giga Drain|p1b: Incineroar
|-resisted|p1b: Incineroar
|-damage|p1b: Incineroar|25/100
|-heal|p2b: Volcarona|16/100|[from] drain|[of] p1b: Incineroar
|move|p1a: Hydreigon|Tailwind|p1a: Hydreigon
|-sidestart|p1: Etchebest Marx|move: Tailwind
|
|-heal|p2b: Volcarona|22/100|[from] item: Leftovers
|upkeep
|turn|7
|inactive|AFGAzalea has 30 seconds left.
|
|t:|1756745285
|move|p2a: Maushold|Protect|p2a: Maushold
|-singleturn|p2a: Maushold|Protect
|move|p1a: Hydreigon|Snarl|p2b: Volcarona|[spread] 
|-activate|p2a: Maushold|move: Protect
|-miss|p1a: Hydreigon|p2b: Volcarona
|move|p2b: Volcarona|Heat Wave|p1b: Incineroar|[spread] p1b
|-miss|p2b: Volcarona|p1a: Hydreigon
|-resisted|p1b: Incineroar
|-damage|p1b: Incineroar|15/100
|move|p1b: Incineroar|Knock Off|p2b: Volcarona
|-damage|p2b: Volcarona|0 fnt
|-enditem|p2b: Volcarona|Leftovers|[from] move: Knock Off|[of] p1b: Incineroar
|faint|p2b: Volcarona
|
|upkeep
|
|t:|1756745298
|switch|p2b: Annihilape|Annihilape, L50, M, shiny|100/100
|turn|8
|
|t:|1756745318
|switch|p1a: Ursaluna|Ursaluna, L50, F|9/100 brn
|move|p1b: Incineroar|Knock Off|p2b: Annihilape
|-damage|p2b: Annihilape|79/100
|-enditem|p2b: Annihilape|Sitrus Berry|[from] move: Knock Off|[of] p1b: Incineroar
|move|p2a: Maushold|Beat Up|p2b: Annihilape
|-damage|p2b: Annihilape|78/100
|-damage|p2b: Annihilape|76/100
|-hitcount|p2b: Annihilape|2
|move|p2b: Annihilape|Rage Fist|p1a: Ursaluna
|-immune|p1a: Ursaluna
|
|-damage|p1a: Ursaluna|3/100 brn|[from] brn
|upkeep
|turn|9
|inactive|AFGAzalea has 30 seconds left.
|
|t:|1756745353
|switch|p1b: Hydreigon|Hydreigon, L50, F, tera:Ghost|100/100
|move|p2a: Maushold|Protect|p2a: Maushold
|-singleturn|p2a: Maushold|Protect
|move|p2b: Annihilape|Protect|p2b: Annihilape
|-singleturn|p2b: Annihilape|Protect
|move|p1a: Ursaluna|Earthquake|p2b: Annihilape|[spread] 
|-activate|p2a: Maushold|move: Protect
|-activate|p2b: Annihilape|move: Protect
|-immune|p1b: Hydreigon|[from] ability: Levitate
|
|-damage|p1a: Ursaluna|0 fnt|[from] brn
|faint|p1a: Ursaluna
|-sideend|p2: AFGAzalea|Reflect
|-sideend|p1: Etchebest Marx|move: Tailwind
|upkeep
|inactive|Etchebest Marx has 30 seconds left.
|
|t:|1756745380
|switch|p1a: Gholdengo|Gholdengo, L50|100/100
|turn|10
|
|t:|1756745404
|move|p2a: Maushold|Follow Me|p2a: Maushold
|-singleturn|p2a: Maushold|move: Follow Me
|move|p1b: Hydreigon|Tailwind|p1b: Hydreigon
|-sidestart|p1: Etchebest Marx|move: Tailwind
|move|p1a: Gholdengo|Make It Rain|p2b: Annihilape|[spread] p2a,p2b
|-damage|p2a: Maushold|54/100
|-damage|p2b: Annihilape|52/100
|-unboost|p1a: Gholdengo|spa|1
|move|p2b: Annihilape|Rage Fist|p1a: Gholdengo
|-supereffective|p1a: Gholdengo
|-damage|p1a: Gholdengo|0 fnt
|faint|p1a: Gholdengo
|
|upkeep
|
|t:|1756745410
|switch|p1a: Incineroar|Incineroar, L50, F, shiny|15/100
|-ability|p1a: Incineroar|Intimidate|boost
|-unboost|p2a: Maushold|atk|1
|-unboost|p2b: Annihilape|atk|1
|-ability|p2b: Annihilape|Defiant|boost
|-boost|p2b: Annihilape|atk|2
|turn|11
|inactive|Etchebest Marx has 30 seconds left.
|inactive|Etchebest Marx has 20 seconds left.
|inactive|Etchebest Marx has 15 seconds left.
|
|t:|1756745455
|move|p1b: Hydreigon|Protect|p1b: Hydreigon
|-singleturn|p1b: Hydreigon|Protect
|move|p2a: Maushold|Follow Me|p2a: Maushold
|-singleturn|p2a: Maushold|move: Follow Me
|move|p1a: Incineroar|Flare Blitz|p2a: Maushold
|-damage|p2a: Maushold|0 fnt
|faint|p2a: Maushold
|-damage|p1a: Incineroar|0 fnt|[from] Recoil
|faint|p1a: Incineroar
|move|p2b: Annihilape|Drain Punch|p1b: Hydreigon
|-activate|p1b: Hydreigon|move: Protect
|
|upkeep
|turn|12
|
|t:|1756745475
|move|p1b: Hydreigon|Protect|p1b: Hydreigon
|-singleturn|p1b: Hydreigon|Protect
|move|p2b: Annihilape|Rage Fist|p1b: Hydreigon
|-activate|p1b: Hydreigon|move: Protect
|
|-sideend|p2: AFGAzalea|move: Light Screen
|upkeep
|turn|13
|
|t:|1756745490
|move|p1b: Hydreigon|Draco Meteor|p2b: Annihilape
|-damage|p2b: Annihilape|3/100
|-unboost|p1b: Hydreigon|spa|2
|move|p2b: Annihilape|Rage Fist|p1b: Hydreigon
|-supereffective|p1b: Hydreigon
|-damage|p1b: Hydreigon|0 fnt
|faint|p1b: Hydreigon
|
|win|AFGAzalea
||Etchebest Marx is ready for game 2.
||AFGAzalea is ready for game 2.
|uhtml|next|Next: Game 2 of 3
|l|☆Etchebest Marx
|player|p1|
