|j|☆ZekromAllDay
|j|☆mausholdmerchant
|html|ZekromAllDaymausholdmerchant    
|uhtml|bestof|Game 1 of a best-of-3
|t:|1756500385
|gametype|doubles
|player|p1|ZekromAllDay|170|1111
|player|p2|mausholdmerchant|169|1082
|gen|9
|tier|[Gen 9] VGC 2025 Reg H (Bo3)
|rated|
|rule|Species Clause: Limit one of each Pokémon
|rule|Item Clause: Limit 1 of each item
|clearpoke
|poke|p1|Basculegion, L50, M|
|poke|p1|Pelipper, L50, M|
|poke|p1|Archaludon, L50, F|
|poke|p1|Dragonite, L50, F|
|poke|p1|Indeedee, L50, M|
|poke|p1|Sneasler, L50, M|
|poke|p2|Goodra, L50, F|
|poke|p2|Politoed, L50, M|
|poke|p2|Basculegion, L50, M|
|poke|p2|Sableye, L50, F|
|poke|p2|Archaludon, L50, F|
|poke|p2|Incineroar, L50, F|
|teampreview|4
|showteam|p1|Basculegion||ChoiceBand|SwiftSwim|WaveCrash,LastRespects,AquaJet,FlipTurn|||M|||50|,,,,,Grass]Pelipper||CovertCloak|Drizzle|WeatherBall,Hurricane,Tailwind,MuddyWater|||M|||50|,,,,,Stellar]Archaludon||AssaultVest|Stamina|ElectroShot,DracoMeteor,BodyPress,FlashCannon|||F|||50|,,,,,Bug]Dragonite||LoadedDice|InnerFocus|ScaleShot,Tailwind,Haze,Protect|||F|||50|,,,,,Fairy]Indeedee||FocusSash|PsychicSurge|ExpandingForce,TrickRoom,TeraBlast,Protect|||M|||50|,,,,,Psychic]Sneasler||PsychicSeed|Unburden|CloseCombat,ThroatChop,DireClaw,Protect|||M|||50|,,,,,Dark
|showteam|p2|Goodra||Leftovers|Hydration|Feint,DracoMeteor,Toxic,Protect|||F|||50|,,,,,Fairy]Politoed||RindoBerry|Drizzle|WeatherBall,MuddyWater,PerishSong,Protect|||M|||50|,,,,,Grass]Basculegion||LifeOrb|SwiftSwim|FlipTurn,WaveCrash,LastRespects,Protect|||M|||50|,,,,,Water]Sableye||RoseliBerry|Prankster|Protect,Disable,FakeOut,FoulPlay|||F|||50|,,,,,Steel]Archaludon||CovertCloak|Sturdy|ElectroShot,DragonPulse,FlashCannon,Protect|||F|||50|,,,,,Electric]Incineroar||SafetyGoggles|Intimidate|FakeOut,PartingShot,FlareBlitz,Protect|||F|||50|,,,,,Ghost
|inactive|Battle timer is ON: inactive players will automatically lose when time's up. (requested by ZekromAllDay)
|
|t:|1756500430
|teamsize|p1|4
|teamsize|p2|4
|start
|switch|p1a: Indeedee|Indeedee, L50, M|100/100
|switch|p1b: Sneasler|Sneasler, L50, M|100/100
|switch|p2a: Goodra|Goodra, L50, F|100/100
|switch|p2b: Archaludon|Archaludon, L50, F|100/100
|-fieldstart|move: Psychic Terrain|[from] ability: Psychic Surge|[of] p1a: Indeedee
|-enditem|p1b: Sneasler|Psychic Seed
|-boost|p1b: Sneasler|spd|1|[from] item: Psychic Seed
|turn|1
|inactive|mausholdmerchant has 30 seconds left.
|
|t:|1756500456
|switch|p2b: Sableye|Sableye, L50, F|100/100
|move|p1b: Sneasler|Protect|p1b: Sneasler
|-singleturn|p1b: Sneasler|Protect
|move|p1a: Indeedee|Expanding Force|p2a: Goodra|[spread] p2a
|-immune|p2b: Sableye
|-damage|p2a: Goodra|77/100
|move|p2a: Goodra|Toxic|p1b: Sneasler
|-activate|p1b: Sneasler|move: Protect
|
|-heal|p2a: Goodra|83/100|[from] item: Leftovers
|upkeep
|turn|2
|inactive|mausholdmerchant has 30 seconds left.
|
|t:|1756500488
|move|p2b: Sableye|Fake Out|p1b: Sneasler
|-activate|p1b: Sneasler|move: Psychic Terrain
|move|p1b: Sneasler|Dire Claw|p2b: Sableye
|-resisted|p2b: Sableye
|-damage|p2b: Sableye|79/100
|-status|p2b: Sableye|psn
|move|p1a: Indeedee|Expanding Force|p2b: Sableye|[spread] p2a
|-immune|p2b: Sableye
|-damage|p2a: Goodra|57/100
|move|p2a: Goodra|Toxic|p1a: Indeedee
|-status|p1a: Indeedee|tox
|
|-heal|p2a: Goodra|63/100|[from] item: Leftovers
|-damage|p1a: Indeedee|95/100 tox|[from] psn
|-damage|p2b: Sableye|67/100 psn|[from] psn
|upkeep
|turn|3
|
|t:|1756500511
|move|p2b: Sableye|Disable|p1b: Sneasler
|-activate|p1b: Sneasler|move: Psychic Terrain
|move|p1b: Sneasler|Throat Chop|p2b: Sableye
|-damage|p2b: Sableye|35/100 psn
|-start|p2b: Sableye|Throat Chop|[silent]
|move|p1a: Indeedee|Expanding Force|p2a: Goodra|[spread] p2a
|-immune|p2b: Sableye
|-damage|p2a: Goodra|39/100
|move|p2a: Goodra|Draco Meteor|p1b: Sneasler|[miss]
|-miss|p2a: Goodra|p1b: Sneasler
|
|-heal|p2a: Goodra|45/100|[from] item: Leftovers
|-damage|p1a: Indeedee|83/100 tox|[from] psn
|-damage|p2b: Sableye|23/100 psn|[from] psn
|upkeep
|turn|4
|
|t:|1756500535
|move|p2b: Sableye|Protect|p2b: Sableye
|-singleturn|p2b: Sableye|Protect
|move|p1b: Sneasler|Dire Claw|p2a: Goodra
|-damage|p2a: Goodra|0 fnt
|faint|p2a: Goodra
|move|p1a: Indeedee|Expanding Force|p2b: Sableye
|-activate|p2b: Sableye|move: Protect
|
|-damage|p1a: Indeedee|65/100 tox|[from] psn
|-damage|p2b: Sableye|11/100 psn|[from] psn
|-end|p2b: Sableye|Throat Chop|[silent]
|upkeep
|
|t:|1756500545
|switch|p2a: Politoed|Politoed, L50, M|100/100
|-weather|RainDance|[from] ability: Drizzle|[of] p2a: Politoed
|turn|5
|
|t:|1756500561
|switch|p1a: Archaludon|Archaludon, L50, F|100/100
|move|p2b: Sableye|Protect|p2b: Sableye
|-singleturn|p2b: Sableye|Protect
|move|p2a: Politoed|Protect|p2a: Politoed
|-singleturn|p2a: Politoed|Protect
|move|p1b: Sneasler|Dire Claw|p2b: Sableye
|-activate|p2b: Sableye|move: Protect
|
|-weather|RainDance|[upkeep]
|-damage|p2b: Sableye|0 fnt|[from] psn
|faint|p2b: Sableye
|-fieldend|move: Psychic Terrain
|upkeep
|
|t:|1756500573
|switch|p2b: Archaludon|Archaludon, L50, F|100/100
|turn|6
|
|t:|1756500593
|-terastallize|p2b: Archaludon|Electric
|move|p1b: Sneasler|Dire Claw|p2a: Politoed
|-damage|p2a: Politoed|48/100
|move|p1a: Archaludon|Electro Shot||[still]
|-prepare|p1a: Archaludon|Electro Shot
|-boost|p1a: Archaludon|spa|1
|-anim|p1a: Archaludon|Electro Shot|p2a: Politoed
|-supereffective|p2a: Politoed
|-damage|p2a: Politoed|0 fnt
|faint|p2a: Politoed
|move|p2b: Archaludon|Electro Shot||[still]
|-prepare|p2b: Archaludon|Electro Shot
|-boost|p2b: Archaludon|spa|1
|-anim|p2b: Archaludon|Electro Shot|p1b: Sneasler
|-damage|p1b: Sneasler|15/100
|
|-weather|RainDance|[upkeep]
|upkeep
|turn|7
|
|t:|1756500614
|move|p1b: Sneasler|Dire Claw|p2b: Archaludon
|-damage|p2b: Archaludon|64/100
|move|p1a: Archaludon|Electro Shot||[still]
|-prepare|p1a: Archaludon|Electro Shot
|-boost|p1a: Archaludon|spa|1
|-anim|p1a: Archaludon|Electro Shot|p2b: Archaludon
|-resisted|p2b: Archaludon
|-damage|p2b: Archaludon|22/100
|move|p2b: Archaludon|Electro Shot||[still]
|-prepare|p2b: Archaludon|Electro Shot
|-boost|p2b: Archaludon|spa|1
|-anim|p2b: Archaludon|Electro Shot|p1b: Sneasler
|-damage|p1b: Sneasler|0 fnt
|faint|p1b: Sneasler
|
|-weather|RainDance|[upkeep]
|upkeep
|
|t:|1756500622
|switch|p1b: Indeedee|Indeedee, L50, M|65/100 tox
|-fieldstart|move: Psychic Terrain|[from] ability: Psychic Surge|[of] p1b: Indeedee
|turn|8
|
|t:|1756500635
|move|p1b: Indeedee|Expanding Force|p2b: Archaludon
|-damage|p2b: Archaludon|0 fnt
|faint|p2b: Archaludon
|
|win|ZekromAllDay
||mausholdmerchant is ready for game 2.
