|j|☆wpnxemcail
|j|☆DarkVoid47
|html|wpnxemcailDarkVoid47    
|uhtml|bestof|Game 1 of a best-of-3
|t:|1757819742
|gametype|doubles
|player|p1|wpnxemcail|101|1067
|player|p2|DarkVoid47|102|1016
|gen|9
|tier|[Gen 9] VGC 2025 Reg H (Bo3)
|rated|
|rule|Species Clause: Limit one of each Pokémon
|rule|Item Clause: Limit 1 of each item
|clearpoke
|poke|p1|Sneasler, L50, F|
|poke|p1|Indeedee, L50, M|
|poke|p1|Torkoal, L50, M|
|poke|p1|Ursaluna, L50, F|
|poke|p1|Lilligant-Hisui, L50, F|
|poke|p1|Archaludon, L50, F|
|poke|p2|Whimsicott, L50, F|
|poke|p2|Archaludon, L50, M|
|poke|p2|Incineroar, L50, M|
|poke|p2|Basculegion, L50, M|
|poke|p2|Rillaboom, L50, M|
|poke|p2|Pelipper, L50, F|
|teampreview|4
|showteam|p1|Sneasler||PsychicSeed|Unburden|Protect,ThroatChop,CloseCombat,DireClaw|||F|||50|,,,,,Dark]Indeedee||RockyHelmet|PsychicSurge|HelpingHand,ExpandingForce,TrickRoom,Imprison|||M|||50|,,,,,Psychic]Torkoal||Charcoal|Drought|Eruption,Overheat,Protect,EarthPower|||M|||50|,,,,,Fire]Ursaluna||FlameOrb|Guts|Protect,HeadlongRush,Facade,Earthquake|||F|||50|,,,,,Ghost]Lilligant-Hisui||FocusSash|Chlorophyll|CloseCombat,LeafBlade,AfterYou,SleepPowder|||F|||50|,,,,,Ghost]Archaludon||AssaultVest|Stamina|Snarl,ElectroShot,BodyPress,FlashCannon|||F|||50|,,,,,Fairy
|showteam|p2|Whimsicott||FocusSash|Prankster|BeatUp,Tailwind,Moonblast,Encore|||F|||50|,,,,,Dark]Archaludon||AssaultVest|Stamina|BodyPress,ElectroShot,DracoMeteor,FlashCannon|||M|||50|,,,,,Grass]Incineroar||RockyHelmet|Intimidate|FakeOut,PartingShot,Protect,KnockOff|||M|||50|,,,,,Ghost]Basculegion||ChoiceBand|SwiftSwim|AquaJet,FlipTurn,LastRespects,WaveCrash|||M|||50|,,,,,Ghost]Rillaboom||GrassySeed|GrassySurge|Acrobatics,Uturn,GrassyGlide,FakeOut|||M|||50|,,,,,Water]Pelipper||Leftovers|Drizzle|WeatherBall,Tailwind,Hurricane,Uturn|||F|||50|,,,,,Grass
|
|t:|1757819788
|teamsize|p1|4
|teamsize|p2|4
|start
|switch|p1a: Torkoal|Torkoal, L50, M|100/100
|switch|p1b: Lilligant|Lilligant-Hisui, L50, F, shiny|100/100
|switch|p2a: Pelipper|Pelipper, L50, F|100/100
|switch|p2b: Whimsicott|Whimsicott, L50, F|100/100
|-weather|RainDance|[from] ability: Drizzle|[of] p2a: Pelipper
|-weather|SunnyDay|[from] ability: Drought|[of] p1a: Torkoal
|turn|1
|
|t:|1757819817
|-terastallize|p1a: Torkoal|Fire
|move|p2b: Whimsicott|Tailwind|p2b: Whimsicott
|-sidestart|p2: DarkVoid47|move: Tailwind
|move|p1b: Lilligant|After You|p1a: Torkoal
|-activate|p1a: Torkoal|move: After You
|move|p1a: Torkoal|Eruption|p2b: Whimsicott|[spread] p2a,p2b
|-resisted|p2a: Pelipper
|-supereffective|p2b: Whimsicott
|-damage|p2a: Pelipper|13/100
|-enditem|p2b: Whimsicott|Focus Sash
|-damage|p2b: Whimsicott|1/100
|move|p2a: Pelipper|Weather Ball|p1b: Lilligant
|-supereffective|p1b: Lilligant
|-enditem|p1b: Lilligant|Focus Sash
|-damage|p1b: Lilligant|1/100
|
|-weather|SunnyDay|[upkeep]
|-heal|p2a: Pelipper|19/100|[from] item: Leftovers
|upkeep
|turn|2
|
|t:|1757819869
|switch|p2a: Basculegion|Basculegion, L50, M|100/100
|move|p2b: Whimsicott|Encore|p1b: Lilligant
|-start|p1b: Lilligant|Encore
|move|p1b: Lilligant|After You|p1a: Torkoal
|-activate|p1a: Torkoal|move: After You
|move|p1a: Torkoal|Eruption|p2b: Whimsicott|[spread] p2a,p2b
|-resisted|p2a: Basculegion
|-supereffective|p2b: Whimsicott
|-damage|p2a: Basculegion|32/100
|-damage|p2b: Whimsicott|0 fnt
|faint|p2b: Whimsicott
|
|-weather|SunnyDay|[upkeep]
|upkeep
|
|t:|1757819885
|switch|p2b: Pelipper|Pelipper, L50, F|19/100
|-weather|RainDance|[from] ability: Drizzle|[of] p2b: Pelipper
|turn|3
|
|t:|1757819899
|switch|p1b: Indeedee|Indeedee, L50, M, shiny|100/100
|-fieldstart|move: Psychic Terrain|[from] ability: Psychic Surge|[of] p1b: Indeedee
|-terastallize|p2a: Basculegion|Ghost
|move|p2a: Basculegion|Aqua Jet|p1a: Torkoal
|-activate|p1a: Torkoal|move: Psychic Terrain
|move|p2b: Pelipper|Weather Ball|p1a: Torkoal
|-supereffective|p1a: Torkoal
|-damage|p1a: Torkoal|0 fnt
|faint|p1a: Torkoal
|
|-weather|RainDance|[upkeep]
|-heal|p2b: Pelipper|25/100|[from] item: Leftovers
|upkeep
|
|t:|1757819912
|switch|p1a: Archaludon|Archaludon, L50, F, shiny|100/100
|turn|4
|
|t:|1757819925
|switch|p2a: Archaludon|Archaludon, L50, M|100/100
|move|p2b: Pelipper|Weather Ball|p1b: Indeedee
|-damage|p1b: Indeedee|10/100
|move|p1b: Indeedee|Expanding Force|p2b: Pelipper|[spread] p2a,p2b
|-resisted|p2a: Archaludon
|-damage|p2a: Archaludon|73/100
|-damage|p2b: Pelipper|0 fnt
|-ability|p2a: Archaludon|Stamina|boost
|-boost|p2a: Archaludon|def|1
|faint|p2b: Pelipper
|move|p1a: Archaludon|Electro Shot||[still]
|-prepare|p1a: Archaludon|Electro Shot
|-boost|p1a: Archaludon|spa|1
|-anim|p1a: Archaludon|Electro Shot|p2a: Archaludon
|-resisted|p2a: Archaludon
|-damage|p2a: Archaludon|33/100
|-ability|p2a: Archaludon|Stamina|boost
|-boost|p2a: Archaludon|def|1
|
|-weather|RainDance|[upkeep]
|-sideend|p2: DarkVoid47|move: Tailwind
|upkeep
|
|t:|1757819944
|switch|p2b: Basculegion|Basculegion, L50, M, tera:Ghost|32/100
|turn|5
|
|t:|1757819955
|move|p1b: Indeedee|Helping Hand|p1a: Archaludon
|-singleturn|p1a: Archaludon|Helping Hand|[of] p1b: Indeedee
|move|p2b: Basculegion|Last Respects|p1a: Archaludon
|-damage|p1a: Archaludon|0 fnt
|faint|p1a: Archaludon
|move|p2a: Archaludon|Body Press|p1b: Indeedee
|-damage|p1b: Indeedee|0 fnt
|-damage|p2a: Archaludon|17/100|[from] item: Rocky Helmet|[of] p1b: Indeedee
|faint|p1b: Indeedee
|
|-weather|RainDance|[upkeep]
|upkeep
|
|t:|1757819967
|switch|p1b: Lilligant|Lilligant-Hisui, L50, F, shiny|1/100
|turn|6
|
|t:|1757819974
|move|p2b: Basculegion|Last Respects|p1b: Lilligant
|-damage|p1b: Lilligant|0 fnt
|faint|p1b: Lilligant
|
|win|DarkVoid47
||wpnxemcail is ready for game 2.
||DarkVoid47 is ready for game 2.
|uhtml|next|Next: Game 2 of 3
|l|☆wpnxemcail
|player|p1|
