|j|☆asefito
|j|☆bearlover997
|html|asefitobearlover997    
|uhtml|bestof|Game 2 of a best-of-3
|t:|1783458678
|gametype|doubles
|player|p1|asefito|winona|1159
|player|p2|bearlover997|sage|1114
|gen|9
|tier|[Gen 9 Champions] VGC 2026 Reg M-B (Bo3)
|rated|
|rule|Species Clause: Limit one of each Pokémon
|rule|Item Clause: Limit 1 of each item
|clearpoke
|poke|p1|Incineroar, L50, F|
|poke|p1|Basculegion, L50, M|
|poke|p1|Tinkaton, L50, F|
|poke|p1|Floette-Eternal, L50, F|
|poke|p1|Kingambit, L50, F|
|poke|p1|Sneasler, L50, F|
|poke|p2|Dragalge, L50, M, shiny|
|poke|p2|Sinistcha, L50|
|poke|p2|Incineroar, L50, M|
|poke|p2|Grimmsnarl, L50, M|
|poke|p2|Lopunny, L50, M|
|poke|p2|Volcarona, L50, F|
|teampreview|4
|showteam|p1|Incineroar||SitrusBerry|Intimidate|FlareBlitz,DarkestLariat,PartingShot,FakeOut|Careful||F|||50|]Basculegion||ChoiceScarf|Adaptability|WaveCrash,LastRespects,FlipTurn,AquaJet|Jolly||M|||50|]Tinkaton||Leftovers|MoldBreaker|GigatonHammer,PlayRough,BrickBreak,FakeOut|Adamant||F|||50|]Floette-Eternal||Floettite|FlowerVeil|Moonblast,DazzlingGleam,CalmMind,Protect|Modest||F|||50|]Kingambit||LifeOrb|Defiant|KowtowCleave,SuckerPunch,SwordsDance,Protect|Adamant||F|||50|]Sneasler||FocusSash|PoisonTouch|CloseCombat,DireClaw,Feint,FakeOut|Jolly||F|||50|
|showteam|p2|Dragalge||Dragalgite|PoisonPoint|DracoMeteor,SludgeBomb,FlipTurn,Toxic|Calm||M|||50|]Sinistcha||ColburBerry|Hospitality|MatchaGotcha,StrengthSap,RagePowder,Protect|Bold|||||50|]Incineroar||SitrusBerry|Intimidate|FakeOut,PartingShot,WillOWisp,FlareBlitz|Adamant||M|||50|]Grimmsnarl||LightClay|Prankster|LightScreen,Reflect,PartingShot,SpiritBreak|Careful||M|||50|]Lopunny||Lopunnite|Limber|CloseCombat,Encore,FakeOut,Uturn|Jolly||M|||50|]Volcarona||Leftovers|FlameBody|StruggleBug,FieryDance,Protect,QuiverDance|Modest||F|||50|
|inactive|Battle timer is ON: inactive players will automatically lose when time's up. (requested by bearlover997)
|inactive|asefito also wants the timer to be on.
|inactive|asefito has 60 seconds left.
|
|t:|1783458711
|teamsize|p1|4
|teamsize|p2|4
|start
|switch|p1a: Incineroar|Incineroar, L50, F|100/100
|switch|p1b: Basculegion|Basculegion, L50, M|100/100
|switch|p2a: Dragalge|Dragalge, L50, M, shiny|100/100
|switch|p2b: Grimmsnarl|Grimmsnarl, L50, M|100/100
|-ability|p1a: Incineroar|Intimidate|boost
|-unboost|p2a: Dragalge|atk|1
|-unboost|p2b: Grimmsnarl|atk|1
|turn|1
|
|t:|1783458728
|detailschange|p2a: Dragalge|Dragalge-Mega, L50, M, shiny
|-mega|p2a: Dragalge|Dragalge|Dragalgite
|move|p1a: Incineroar|Fake Out|p2b: Grimmsnarl
|-damage|p2b: Grimmsnarl|86/100
|cant|p2b: Grimmsnarl|flinch
|move|p1b: Basculegion|Flip Turn|p2a: Dragalge
|-resisted|p2a: Dragalge|1
|-damage|p2a: Dragalge|81/100
|
|t:|1783458735
|switch|p1b: Sneasler|Sneasler, L50, F|100/100|[from] Flip Turn
|move|p2a: Dragalge|Toxic|p1b: Sneasler
|-immune|p1b: Sneasler
|
|upkeep
|turn|2
|
|t:|1783458754
|move|p1b: Sneasler|Fake Out|p2b: Grimmsnarl
|-damage|p2b: Grimmsnarl|70/100
|cant|p2b: Grimmsnarl|flinch
|move|p1a: Incineroar|Parting Shot|p2a: Dragalge
|-unboost|p2a: Dragalge|atk|1
|-unboost|p2a: Dragalge|spa|1
|
|t:|1783458761
|switch|p1a: Basculegion|Basculegion, L50, M|100/100|[from] Parting Shot
|move|p2a: Dragalge|Sludge Bomb|p1a: Basculegion
|-resisted|p1a: Basculegion|1
|-damage|p1a: Basculegion|85/100
|-status|p1a: Basculegion|psn
|
|-damage|p1a: Basculegion|73/100 psn|[from] psn
|upkeep
|turn|3
|inactive|asefito has 30 seconds left.
|
|t:|1783458789
|switch|p1b: Incineroar|Incineroar, L50, F|100/100
|-ability|p1b: Incineroar|Intimidate|boost
|-unboost|p2a: Dragalge|atk|1
|-unboost|p2b: Grimmsnarl|atk|1
|move|p2b: Grimmsnarl|Reflect|p2b: Grimmsnarl
|-sidestart|p2: bearlover997|Reflect
|move|p1a: Basculegion|Wave Crash|p2b: Grimmsnarl
|-damage|p2b: Grimmsnarl|4/100
|-damage|p1a: Basculegion|51/100 psn|[from] Recoil
|move|p2a: Dragalge|Flip Turn|p1b: Incineroar
|-supereffective|p1b: Incineroar|1
|-damage|p1b: Incineroar|92/100
|
|t:|1783458803
|-heal|p2a: Dragalge|100/100|[from] ability: Regenerator|[silent]
|switch|p2a: Sinistcha|Sinistcha, L50|100/100|[from] Flip Turn
|-heal|p2b: Grimmsnarl|29/100|[from] ability: Hospitality|[of] p2a: Sinistcha
|
|-damage|p1a: Basculegion|39/100 psn|[from] psn
|upkeep
|turn|4
|
|t:|1783458816
|switch|p1a: Sneasler|Sneasler, L50, F|100/100
|switch|p2b: Dragalge|Dragalge-Mega, L50, M, shiny|100/100
|move|p2a: Sinistcha|Matcha Gotcha|p1a: Sneasler|[spread] p1a,p1b
|-resisted|p1a: Sneasler|1
|-crit|p1a: Sneasler
|-resisted|p1b: Incineroar|1
|-damage|p1a: Sneasler|73/100
|-damage|p1b: Incineroar|83/100
|-status|p1a: Sneasler|brn
|move|p1b: Incineroar|Flare Blitz|p2b: Dragalge
|-resisted|p2b: Dragalge|1
|-damage|p2b: Dragalge|85/100
|-damage|p1b: Incineroar|79/100|[from] Recoil
|
|-damage|p1a: Sneasler|67/100 brn|[from] brn
|upkeep
|turn|5
|
|t:|1783458837
|switch|p1b: Floette|Floette-Eternal, L50, F|100/100
|move|p1a: Sneasler|Fake Out|p2b: Dragalge
|-damage|p2b: Dragalge|80/100
|move|p2a: Sinistcha|Strength Sap|p1b: Floette
|-unboost|p1b: Floette|atk|1
|cant|p2b: Dragalge|flinch
|
|-damage|p1a: Sneasler|61/100 brn|[from] brn
|upkeep
|turn|6
|
|t:|1783458851
|switch|p1a: Incineroar|Incineroar, L50, F|79/100
|-ability|p1a: Incineroar|Intimidate|boost
|-unboost|p2a: Sinistcha|atk|1
|-unboost|p2b: Dragalge|atk|1
|detailschange|p1b: Floette|Floette-Mega, L50, F
|-mega|p1b: Floette|Floette|Floettite
|-ability|p1b: Floette|Fairy Aura
|move|p1b: Floette|Dazzling Gleam|p2b: Dragalge|[spread] p2a,p2b
|-crit|p2a: Sinistcha
|-damage|p2a: Sinistcha|17/100
|-damage|p2b: Dragalge|55/100
|move|p2a: Sinistcha|Matcha Gotcha|p1a: Incineroar|[spread] p1a,p1b
|-resisted|p1a: Incineroar|1
|-damage|p1a: Incineroar|70/100
|-heal|p2a: Sinistcha|22/100|[from] drain|[of] p1a: Incineroar
|-damage|p1b: Floette|82/100
|-heal|p2a: Sinistcha|30/100|[from] drain|[of] p1b: Floette
|move|p2b: Dragalge|Sludge Bomb|p1b: Floette
|-supereffective|p1b: Floette|1
|-damage|p1b: Floette|19/100
|
|upkeep
|turn|7
|inactive|bearlover997 has 30 seconds left.
|
|t:|1783458879
|-heal|p2b: Dragalge|88/100|[from] ability: Regenerator|[silent]
|switch|p2b: Incineroar|Incineroar, L50, M|100/100
|-ability|p2b: Incineroar|Intimidate|boost
|-unboost|p1a: Incineroar|atk|1
|-unboost|p1b: Floette|atk|1
|move|p2a: Sinistcha|Protect|p2a: Sinistcha
|-singleturn|p2a: Sinistcha|Protect
|move|p1a: Incineroar|Fake Out|p2b: Incineroar
|-damage|p2b: Incineroar|94/100
|move|p1b: Floette|Moonblast|p2b: Incineroar
|-damage|p2b: Incineroar|38/100
|-enditem|p2b: Incineroar|Sitrus Berry|[eat]
|-heal|p2b: Incineroar|62/100|[from] item: Sitrus Berry
|
|upkeep
|turn|8
|
|t:|1783458894
|switch|p1a: Basculegion|Basculegion, L50, M|39/100 psn
|move|p1b: Floette|Protect|p1b: Floette
|-singleturn|p1b: Floette|Protect
|move|p2b: Incineroar|Fake Out|p1b: Floette
|-activate|p1b: Floette|move: Protect
|move|p2a: Sinistcha|Strength Sap|p1a: Basculegion
|-unboost|p1a: Basculegion|atk|1
|-heal|p2a: Sinistcha|100/100
|
|-damage|p1a: Basculegion|26/100 psn|[from] psn
|upkeep
|turn|9
|
|t:|1783458907
|switch|p1b: Incineroar|Incineroar, L50, F|70/100
|-ability|p1b: Incineroar|Intimidate|boost
|-unboost|p2a: Sinistcha|atk|1
|-unboost|p2b: Incineroar|atk|1
|switch|p2b: Dragalge|Dragalge-Mega, L50, M, shiny|88/100
|move|p1a: Basculegion|Last Respects|p2a: Sinistcha
|-supereffective|p2a: Sinistcha|1
|-crit|p2a: Sinistcha
|-damage|p2a: Sinistcha|37/100
|move|p2a: Sinistcha|Matcha Gotcha|p1b: Incineroar|[spread] p1a,p1b
|-supereffective|p1a: Basculegion|1
|-resisted|p1b: Incineroar|1
|-damage|p1a: Basculegion|0 fnt
|-heal|p2a: Sinistcha|52/100|[from] drain|[of] p1a: Basculegion
|-damage|p1b: Incineroar|61/100
|-heal|p2a: Sinistcha|57/100|[from] drain|[of] p1b: Incineroar
|faint|p1a: Basculegion
|
|upkeep
|
|t:|1783458911
|switch|p1a: Floette|Floette-Mega, L50, F|19/100
|-ability|p1a: Floette|Fairy Aura
|turn|10
|inactive|asefito has 30 seconds left.
|inactive|bearlover997 has 30 seconds left.
|inactive|asefito has 20 seconds left.
|inactive|asefito has 15 seconds left.
|
|t:|1783458955
|switch|p2a: Incineroar|Incineroar, L50, M|62/100
|-ability|p2a: Incineroar|Intimidate|boost
|-unboost|p1a: Floette|atk|1
|-unboost|p1b: Incineroar|atk|1
|move|p1b: Incineroar|Fake Out|p2b: Dragalge
|-damage|p2b: Dragalge|84/100
|move|p1a: Floette|Moonblast|p2a: Incineroar
|-damage|p2a: Incineroar|8/100
|cant|p2b: Dragalge|flinch
|
|-sideend|p2: bearlover997|Reflect
|upkeep
|turn|11
|inactive|bearlover997 has 30 seconds left.
|
|t:|1783458981
|switch|p1a: Sneasler|Sneasler, L50, F|61/100 brn
|move|p2a: Incineroar|Fake Out|p1a: Sneasler
|-damage|p1a: Sneasler|42/100 brn
|move|p1b: Incineroar|Darkest Lariat|p2a: Incineroar
|-resisted|p2a: Incineroar|1
|-damage|p2a: Incineroar|0 fnt
|faint|p2a: Incineroar
|move|p2b: Dragalge|Sludge Bomb|p1b: Incineroar
|-damage|p1b: Incineroar|32/100
|-status|p1b: Incineroar|psn
|-enditem|p1b: Incineroar|Sitrus Berry|[eat]
|-heal|p1b: Incineroar|56/100 psn|[from] item: Sitrus Berry
|
|-damage|p1b: Incineroar|44/100 psn|[from] psn
|-damage|p1a: Sneasler|36/100 brn|[from] brn
|upkeep
|
|t:|1783458994
|switch|p2a: Grimmsnarl|Grimmsnarl, L50, M|29/100
|turn|12
|
|t:|1783459009
|move|p2a: Grimmsnarl|Parting Shot|p1a: Sneasler
|-unboost|p1a: Sneasler|atk|1
|-unboost|p1a: Sneasler|spa|1
|
|t:|1783459012
|switch|p2a: Sinistcha|Sinistcha, L50|57/100|[from] Parting Shot
|-heal|p2b: Dragalge|100/100|[from] ability: Hospitality|[of] p2a: Sinistcha
|move|p1a: Sneasler|Dire Claw|p2a: Sinistcha
|-crit|p2a: Sinistcha
|-damage|p2a: Sinistcha|36/100
|move|p1b: Incineroar|Parting Shot|p2b: Dragalge
|-unboost|p2b: Dragalge|atk|1
|-unboost|p2b: Dragalge|spa|1
|
|t:|1783459022
|switch|p1b: Floette|Floette-Mega, L50, F|19/100|[from] Parting Shot
|-ability|p1b: Floette|Fairy Aura
|move|p2b: Dragalge|Flip Turn|p1b: Floette
|-damage|p1b: Floette|10/100
|
|t:|1783459029
|switch|p2b: Grimmsnarl|Grimmsnarl, L50, M|29/100|[from] Flip Turn
|
|-damage|p1a: Sneasler|30/100 brn|[from] brn
|upkeep
|turn|13
|
|t:|1783459040
|move|p2a: Sinistcha|Protect|p2a: Sinistcha
|-singleturn|p2a: Sinistcha|Protect
|move|p2b: Grimmsnarl|Light Screen|p2b: Grimmsnarl
|-sidestart|p2: bearlover997|move: Light Screen
|move|p1a: Sneasler|Dire Claw|p2b: Grimmsnarl
|-supereffective|p2b: Grimmsnarl|1
|-damage|p2b: Grimmsnarl|0 fnt
|faint|p2b: Grimmsnarl
|move|p1b: Floette|Dazzling Gleam|p2a: Sinistcha
|-activate|p2a: Sinistcha|move: Protect
|
|-damage|p1a: Sneasler|24/100 brn|[from] brn
|upkeep
|
|t:|1783459050
|switch|p2b: Dragalge|Dragalge-Mega, L50, M, shiny|100/100
|turn|14
|
|t:|1783459058
|move|p1a: Sneasler|Dire Claw|p2b: Dragalge
|-resisted|p2b: Dragalge|1
|-damage|p2b: Dragalge|93/100
|move|p1b: Floette|Dazzling Gleam|p2a: Sinistcha|[spread] p2a,p2b
|-crit|p2b: Dragalge
|-damage|p2a: Sinistcha|0 fnt
|-damage|p2b: Dragalge|52/100
|faint|p2a: Sinistcha
|move|p2b: Dragalge|Sludge Bomb|p1b: Floette
|-supereffective|p1b: Floette|1
|-damage|p1b: Floette|0 fnt
|faint|p1b: Floette
|
|-damage|p1a: Sneasler|19/100 brn|[from] brn
|upkeep
|
|t:|1783459065
|switch|p1b: Incineroar|Incineroar, L50, F|44/100 psn
|-ability|p1b: Incineroar|Intimidate|boost
|-unboost|p2b: Dragalge|atk|1
|turn|15
|
|t:|1783459070
|move|p1b: Incineroar|Fake Out|p2b: Dragalge
|-damage|p2b: Dragalge|42/100
|move|p1a: Sneasler|Dire Claw|p2b: Dragalge
|-resisted|p2b: Dragalge|1
|-crit|p2b: Dragalge
|-damage|p2b: Dragalge|27/100
|cant|p2b: Dragalge|flinch
|
|-damage|p1b: Incineroar|32/100 psn|[from] psn
|-damage|p1a: Sneasler|13/100 brn|[from] brn
|upkeep
|turn|16
|
|t:|1783459085
|move|p1a: Sneasler|Close Combat|p2b: Dragalge
|-resisted|p2b: Dragalge|1
|-damage|p2b: Dragalge|17/100
|-unboost|p1a: Sneasler|def|1
|-unboost|p1a: Sneasler|spd|1
|move|p1b: Incineroar|Flare Blitz|p2b: Dragalge
|-resisted|p2b: Dragalge|1
|-damage|p2b: Dragalge|0 fnt
|faint|p2b: Dragalge
|-damage|p1b: Incineroar|27/100 psn|[from] Recoil
|
|win|asefito
|raw|asefito's rating: 1159 → 1181(+22 for winning)
|raw|bearlover997's rating: 1114 → 1092(-22 for losing)
