|j|☆bbull
|j|☆Whitelightning31
|html|bbullWhitelightning31    
|uhtml|bestof|Game 1 of a best-of-3
|t:|1784928153
|gametype|doubles
|player|p1|bbull|bruno|
|player|p2|Whitelightning31|2|
|gen|9
|tier|[Gen 9 Champions] VGC 2026 Reg M-B (Bo3)
|rule|Species Clause: Limit one of each Pokémon
|rule|Item Clause: Limit 1 of each item
|clearpoke
|poke|p1|Archaludon, L50, M|
|poke|p1|Politoed, L50, F|
|poke|p1|Weavile, L50, M|
|poke|p1|Venusaur, L50, F|
|poke|p1|Hatterene, L50, F|
|poke|p1|Dragonite, L50, F|
|poke|p2|Froslass, L50, F|
|poke|p2|Rotom-Frost, L50|
|poke|p2|Toxicroak, L50, M|
|poke|p2|Palafin, L50, M, shiny|
|poke|p2|Whimsicott, L50, M|
|poke|p2|Arcanine-Hisui, L50, M|
|teampreview|4
|showteam|p1|Archaludon||ChopleBerry|Stamina|ElectroShot,FlashCannon,Protect,DragonPulse|Sassy||M|||50|]Politoed||SitrusBerry|Drizzle|BrickBreak,Protect,IceBeam,WeatherBall|Sassy||F|||50|]Weavile||FocusSash|Pickpocket|KnockOff,Protect,TripleAxel,FakeOut|Jolly||M|||50|]Venusaur||Venusaurite|Overgrow|EarthPower,Protect,SludgeBomb,GigaDrain|Quiet||F|||50|]Hatterene||KebiaBerry|MagicBounce|TrickRoom,Psychic,MysticalFire,Protect|Quiet||F|||50|]Dragonite||Dragoninite|Multiscale|Tailwind,Protect,Hurricane,DragonPulse|Modest||F|||50|
|showteam|p2|Froslass||Froslassite|CursedBody|ShadowBall,Blizzard,Thunder,Protect|Modest||F|||50|]Rotom-Frost||SitrusBerry|Levitate|Blizzard,Electroweb,EerieImpulse,Protect|Calm|||||50|]Toxicroak||CobaBerry|DrySkin|LowKick,GunkShot,VacuumWave,FakeOut|Hasty||M|||50|]Palafin||ChoiceScarf|ZerotoHero|FlipTurn,WaveCrash,CloseCombat,IcePunch|Adamant||M|||50|]Whimsicott||FocusSash|Prankster|Moonblast,Tailwind,Encore,Protect|Timid||M|||50|]Arcanine-Hisui||LifeOrb|Intimidate|RockSlide,CloseCombat,PsychicFangs,Protect|Jolly||M|||50|
|inactive|Battle timer is ON: inactive players will automatically lose when time's up. (requested by bbull)
|c|☆Whitelightning31|no team sheet allowed btw
|inactive|Whitelightning31 has 60 seconds left.
|c|☆bbull|yeah
|
|t:|1784928196
|teamsize|p1|4
|teamsize|p2|4
|start
|switch|p1a: Hatterene|Hatterene, L50, F|100/100
|switch|p1b: Venusaur|Venusaur, L50, F|100/100
|switch|p2a: Rotom|Rotom-Frost, L50|100/100
|switch|p2b: Palafin|Palafin, L50, M, shiny|100/100
|turn|1
|inactive|bbull has 30 seconds left.
|inactive|Whitelightning31 has 30 seconds left.
|
|t:|1784928229
|detailschange|p1b: Venusaur|Venusaur-Mega, L50, F
|-mega|p1b: Venusaur|Venusaur|Venusaurite
|move|p2b: Palafin|Flip Turn|p1a: Hatterene
|-damage|p1a: Hatterene|72/100
|
|t:|1784928233
|detailschange|p2b: Palafin|Palafin-Hero, L50, M, shiny
|switch|p2b: Whimsicott|Whimsicott, L50, M|100/100|[from] Flip Turn
|move|p2a: Rotom|Blizzard|p1b: Venusaur|[spread] p1a,p1b
|-supereffective|p1b: Venusaur|1
|-damage|p1a: Hatterene|43/100
|-damage|p1b: Venusaur|74/100
|-status|p1a: Hatterene|frz
|move|p1b: Venusaur|Giga Drain|p2b: Whimsicott
|-resisted|p2b: Whimsicott|1
|-damage|p2b: Whimsicott|64/100
|-heal|p1b: Venusaur|89/100|[from] drain|[of] p2b: Whimsicott
|-curestatus|p1a: Hatterene|frz|[msg]
|move|p1a: Hatterene|Trick Room|p1a: Hatterene
|-fieldstart|move: Trick Room|[of] p1a: Hatterene
|
|upkeep
|turn|2
|j| alazubb
|inactive|Whitelightning31 has 30 seconds left.
|l| alazubb
|inactive|Whitelightning31 has 20 seconds left.
|
|t:|1784928269
|move|p2b: Whimsicott|Encore|p1a: Hatterene
|move|p1a: Hatterene|Encore||[from] ability: Magic Bounce|[still]
|-fail|p1a: Hatterene
|move|p1a: Hatterene|Mystical Fire|p2a: Rotom
|-supereffective|p2a: Rotom|1
|-damage|p2a: Rotom|55/100
|-unboost|p2a: Rotom|spa|1
|move|p1b: Venusaur|Sludge Bomb|p2b: Whimsicott
|-supereffective|p2b: Whimsicott|2
|-damage|p2b: Whimsicott|0 fnt
|faint|p2b: Whimsicott
|move|p2a: Rotom|Blizzard|p1b: Venusaur|[spread] p1a,p1b
|-supereffective|p1b: Venusaur|1
|-damage|p1a: Hatterene|26/100
|-damage|p1b: Venusaur|73/100
|
|upkeep
|
|t:|1784928292
|switch|p2b: Palafin|Palafin-Hero, L50, M, shiny|100/100
|-activate|p2b: Palafin|ability: Zero to Hero
|turn|3
|inactive|Whitelightning31 has 30 seconds left.
|
|t:|1784928320
|move|p1a: Hatterene|Mystical Fire|p2a: Rotom
|-supereffective|p2a: Rotom|1
|-damage|p2a: Rotom|13/100
|-unboost|p2a: Rotom|spa|1
|-enditem|p2a: Rotom|Sitrus Berry|[eat]
|-heal|p2a: Rotom|38/100|[from] item: Sitrus Berry
|move|p1b: Venusaur|Giga Drain|p2b: Palafin
|-supereffective|p2b: Palafin|1
|-damage|p2b: Palafin|14/100
|-heal|p1b: Venusaur|100/100|[from] drain|[of] p2b: Palafin
|move|p2a: Rotom|Eerie Impulse|p1b: Venusaur
|-unboost|p1b: Venusaur|spa|2
|move|p2b: Palafin|Wave Crash|p1a: Hatterene
|-damage|p1a: Hatterene|0 fnt
|faint|p1a: Hatterene
|-damage|p2b: Palafin|6/100|[from] Recoil
|
|upkeep
|
|t:|1784928336
|switch|p1a: Archaludon|Archaludon, L50, M|100/100
|turn|4
|
|t:|1784928358
|move|p1b: Venusaur|Giga Drain|p2b: Palafin
|-supereffective|p2b: Palafin|1
|-damage|p2b: Palafin|0 fnt
|faint|p2b: Palafin
|move|p1a: Archaludon|Electro Shot||[still]
|-prepare|p1a: Archaludon|Electro Shot
|-boost|p1a: Archaludon|spa|1
|move|p2a: Rotom|Eerie Impulse|p1a: Archaludon
|-unboost|p1a: Archaludon|spa|2
|
|upkeep
|
|t:|1784928368
|switch|p2b: Froslass|Froslass, L50, F|100/100
|turn|5
|inactive|bbull has 30 seconds left.
|
|t:|1784928399
|move|p2a: Rotom|Protect|p2a: Rotom
|-singleturn|p2a: Rotom|Protect
|move|p2b: Froslass|Protect|p2b: Froslass
|-singleturn|p2b: Froslass|Protect
|move|p1b: Venusaur|Giga Drain|p2b: Froslass
|-activate|p2b: Froslass|move: Protect
|move|p1a: Archaludon|Electro Shot|p2a: Rotom|[from] lockedmove
|-activate|p2a: Rotom|move: Protect
|
|-fieldend|move: Trick Room
|upkeep
|turn|6
|inactive|bbull has 30 seconds left.
|
|t:|1784928426
|detailschange|p2b: Froslass|Froslass-Mega, L50, F
|-mega|p2b: Froslass|Froslass|Froslassite
|-weather|Snowscape|[from] ability: Snow Warning|[of] p2b: Froslass
|move|p2b: Froslass|Blizzard|p1b: Venusaur|[spread] p1a,p1b
|-supereffective|p1b: Venusaur|1
|-damage|p1a: Archaludon|51/100
|-damage|p1b: Venusaur|60/100
|-ability|p1a: Archaludon|Stamina|boost
|-boost|p1a: Archaludon|def|1
|move|p2a: Rotom|Blizzard|p1a: Archaludon|[spread] p1a,p1b
|-supereffective|p1b: Venusaur|1
|-damage|p1a: Archaludon|37/100
|-damage|p1b: Venusaur|49/100
|-ability|p1a: Archaludon|Stamina|boost
|-boost|p1a: Archaludon|def|1
|move|p1a: Archaludon|Flash Cannon|p2b: Froslass
|-supereffective|p2b: Froslass|1
|-damage|p2b: Froslass|33/100
|move|p1b: Venusaur|Giga Drain|p2a: Rotom
|-damage|p2a: Rotom|21/100
|-heal|p1b: Venusaur|57/100|[from] drain|[of] p2a: Rotom
|
|-weather|Snowscape|[upkeep]
|upkeep
|turn|7
|inactive|bbull has 30 seconds left.
|inactive|Whitelightning31 has 30 seconds left.
|
|t:|1784928459
|switch|p1b: Politoed|Politoed, L50, F|100/100
|-weather|RainDance|[from] ability: Drizzle|[of] p1b: Politoed
|move|p2b: Froslass|Blizzard|p1b: Politoed|[spread] p1b
|-miss|p2b: Froslass|p1a: Archaludon
|-resisted|p1b: Politoed|1
|-damage|p1b: Politoed|84/100
|move|p2a: Rotom|Blizzard|p1b: Politoed|[spread] p1a,p1b
|-resisted|p1b: Politoed|1
|-damage|p1a: Archaludon|20/100y
|-damage|p1b: Politoed|80/100
|-ability|p1a: Archaludon|Stamina|boost
|-boost|p1a: Archaludon|def|1
|move|p1a: Archaludon|Flash Cannon|p2b: Froslass
|-supereffective|p2b: Froslass|1
|-damage|p2b: Froslass|0 fnt
|faint|p2b: Froslass
|
|-weather|RainDance|[upkeep]
|upkeep
|turn|8
|inactive|bbull has 30 seconds left.
|inactive|Whitelightning31 has 30 seconds left.
|
|t:|1784928489
|move|p2a: Rotom|Blizzard|p1b: Politoed|[spread] p1a,p1b
|-resisted|p1b: Politoed|1
|-damage|p1a: Archaludon|5/100
|-damage|p1b: Politoed|75/100
|-status|p1a: Archaludon|frz
|-ability|p1a: Archaludon|Stamina|boost
|-boost|p1a: Archaludon|def|1
|cant|p1a: Archaludon|frz
|move|p1b: Politoed|Weather Ball|p2a: Rotom
|-damage|p2a: Rotom|0 fnt
|faint|p2a: Rotom
|
|win|bbull
|inactive|bbull has 30 seconds to confirm battle start!
|inactive|Whitelightning31 has 30 seconds to confirm battle start!
||Whitelightning31 is ready for game 2.
|inactive|bbull has 20 seconds to confirm battle start!
