|j|☆000ogle
|j|☆k0nvit
|html|000oglek0nvit    
|uhtml|bestof|Game 1 of a best-of-3
|t:|1786072638
|gametype|doubles
|player|p1|000ogle|170|
|player|p2|k0nvit|266|
|gen|9
|tier|[Gen 9 Champions] VGC 2026 Reg M-B (Bo3)
|rule|Species Clause: Limit one of each Pokémon
|rule|Item Clause: Limit 1 of each item
|clearpoke
|poke|p1|Tyranitar, L50, F|
|poke|p1|Sneasler, L50, F|
|poke|p1|Aerodactyl, L50, M, shiny|
|poke|p1|Excadrill, L50, F|
|poke|p1|Heliolisk, L50, F|
|poke|p1|Audino, L50, F|
|poke|p2|Mimikyu, L50, F|
|poke|p2|Torkoal, L50, F|
|poke|p2|Glimmora, L50, M|
|poke|p2|Tsareena, L50, F|
|poke|p2|Clefable, L50, M|
|poke|p2|Araquanid, L50, F|
|teampreview|4
|showteam|p1|Tyranitar||Tyranitarite|SandStream|KnockOff,RockSlide,HighHorsepower,Protect|Adamant||F|||50|]Sneasler||WhiteHerb|Pressure|CloseCombat,FakeOut,DireClaw,Protect|Jolly||F|||50|]Aerodactyl||PasshoBerry|Unnerve|WideGuard,RockSlide,DualWingbeat,Protect|Jolly||M|||50|]Excadrill||FocusSash|SandRush|Earthquake,IronHead,RockSlide,Protect|Adamant||F|||50|]Heliolisk||ChoiceScarf|DrySkin|VoltSwitch,Thunderbolt,HyperVoice,Protect|Timid||F|||50|]Audino||SitrusBerry|Regenerator|LifeDew,TrickRoom,AllySwitch,SimpleBeam|Sassy||F|||50|
|showteam|p2|Mimikyu||KasibBerry|Disguise|ShadowSneak,TrickRoom,PlayRough,SwordsDance|Brave||F|||50|]Torkoal||LifeOrb|Drought|Eruption,SolarBeam,Protect,WillOWisp|Quiet||F|||50|]Glimmora||Glimmoranite|ToxicDebris|SludgeBomb,SpikyShield,DazzlingGleam,EarthPower|Quiet||M|||50|]Tsareena||WideLens|QueenlyMajesty|PowerWhip,TripleAxel,HighJumpKick,Protect|Brave||F|||50|]Clefable||BabiriBerry|Unaware|Moonblast,FollowMe,Protect,Encore|Sassy||M|||50|]Araquanid||MysticWater|WaterBubble|Protect,WideGuard,Liquidation,StickyWeb|Quiet||F|||50|
|
|t:|1786072690
|teamsize|p1|4
|teamsize|p2|4
|start
|switch|p1a: slim queen|Sneasler, L50, F|100/100
|switch|p1b: Julliam|Audino, L50, F|100/100
|switch|p2a: Tsareena|Tsareena, L50, F|100/100
|switch|p2b: Mimikyu|Mimikyu, L50, F|100/100
|-ability|p1a: slim queen|Pressure
|turn|1
|
|t:|1786072719
|move|p1a: slim queen|Fake Out||[still]
|cant|p2a: Tsareena|ability: Queenly Majesty|Fake Out|[of] p1a: slim queen
|move|p2a: Tsareena|High Jump Kick|p1b: Julliam
|-supereffective|p1b: Julliam|1
|-damage|p1b: Julliam|0 fnt
|faint|p1b: Julliam
|move|p2b: Mimikyu|Trick Room|p2b: Mimikyu
|-fieldstart|move: Trick Room|[of] p2b: Mimikyu
|
|upkeep
|
|t:|1786072737
|switch|p1b: Black + Decker|Excadrill, L50, F|100/100
|turn|2
|
|t:|1786072746
|move|p1b: Black + Decker|Protect|p1b: Black + Decker
|-singleturn|p1b: Black + Decker|Protect
|move|p2a: Tsareena|High Jump Kick|p1b: Black + Decker
|-activate|p1b: Black + Decker|move: Protect
|-damage|p2a: Tsareena|50/100g|[from] highjumpkick
|move|p2b: Mimikyu|Swords Dance|p2b: Mimikyu
|-boost|p2b: Mimikyu|atk|2
|move|p1a: slim queen|Dire Claw|p2a: Tsareena
|-supereffective|p2a: Tsareena|1
|-damage|p2a: Tsareena|0 fnt
|faint|p2a: Tsareena
|
|upkeep
|
|t:|1786072761
|switch|p2a: Torkoal|Torkoal, L50, F|100/100
|-weather|SunnyDay|[from] ability: Drought|[of] p2a: Torkoal
|turn|3
|
|t:|1786072771
|move|p1a: slim queen|Protect|p1a: slim queen
|-singleturn|p1a: slim queen|Protect
|move|p2a: Torkoal|Eruption|p1a: slim queen|[spread] p1b
|-activate|p1a: slim queen|move: Protect
|-supereffective|p1b: Black + Decker|1
|-enditem|p1b: Black + Decker|Focus Sash
|-damage|p1b: Black + Decker|1/100
|-damage|p2a: Torkoal|90/100|[from] item: Life Orb
|move|p2b: Mimikyu|Play Rough|p1a: slim queen
|-activate|p1a: slim queen|move: Protect
|move|p1b: Black + Decker|Rock Slide|p2b: Mimikyu|[spread] p2a,p2b
|-supereffective|p2a: Torkoal|1
|-damage|p2a: Torkoal|58/100
|-activate|p2b: Mimikyu|ability: Disguise
|-damage|p2b: Mimikyu|100/100
|detailschange|p2b: Mimikyu|Mimikyu-Busted, L50, F
|-damage|p2b: Mimikyu|87/100|[from] pokemon: Mimikyu-Busted
|
|-weather|SunnyDay|[upkeep]
|upkeep
|turn|4
|
|t:|1786072814
|move|p1b: Black + Decker|Protect|p1b: Black + Decker
|-singleturn|p1b: Black + Decker|Protect
|move|p2a: Torkoal|Eruption|p1a: slim queen|[spread] p1a
|-activate|p1b: Black + Decker|move: Protect
|-damage|p1a: slim queen|19/100
|-damage|p2a: Torkoal|48/100|[from] item: Life Orb
|move|p2b: Mimikyu|Play Rough|p1a: slim queen
|-damage|p1a: slim queen|0 fnt
|faint|p1a: slim queen
|
|-weather|SunnyDay|[upkeep]
|upkeep
|
|t:|1786072825
|switch|p1a: plz save my team|Tyranitar, L50, F|100/100
|-weather|Sandstorm|[from] ability: Sand Stream|[of] p1a: plz save my team
|turn|5
|
|t:|1786072840
|switch|p2a: Araquanid|Araquanid, L50, F|100/100
|detailschange|p1a: plz save my team|Tyranitar-Mega, L50, F
|-mega|p1a: plz save my team|Tyranitar|Tyranitarite
|move|p1b: Black + Decker|Protect||[still]
|-fail|p1b: Black + Decker
|move|p2b: Mimikyu|Shadow Sneak|p1b: Black + Decker
|-damage|p1b: Black + Decker|0 fnt
|faint|p1b: Black + Decker
|move|p1a: plz save my team|Rock Slide|p2b: Mimikyu|[spread] p2a,p2b
|-supereffective|p2a: Araquanid|1
|-damage|p2a: Araquanid|7/100
|-damage|p2b: Mimikyu|40/100
|
|-weather|Sandstorm|[upkeep]
|-damage|p2a: Araquanid|2/100|[from] Sandstorm
|-damage|p2b: Mimikyu|34/100|[from] Sandstorm
|-fieldend|move: Trick Room
|upkeep
|turn|6
|
|t:|1786072861
|move|p2b: Mimikyu|Play Rough|p1a: plz save my team
|-supereffective|p1a: plz save my team|1
|-damage|p1a: plz save my team|0 fnt
|faint|p1a: plz save my team
|
|win|k0nvit
|inactive|000ogle has 30 seconds to confirm battle start!
|inactive|k0nvit has 30 seconds to confirm battle start!
||000ogle is ready for game 2.
||k0nvit is ready for game 2.
|uhtml|next|Next: Game 2 of 3
|l|☆k0nvit
|player|p2|
