|j|☆drillcurlsaresexy
|j|☆Milanmirchandani
|html|drillcurlsaresexyMilanmirchandani    
|uhtml|bestof|Game 2 of a best-of-3
|t:|1757694636
|gametype|doubles
|player|p1|drillcurlsaresexy|melony|1178
|player|p2|Milanmirchandani|170|1221
|gen|9
|tier|[Gen 9] VGC 2025 Reg H (Bo3)
|rated|
|rule|Species Clause: Limit one of each Pokémon
|rule|Item Clause: Limit 1 of each item
|clearpoke
|poke|p1|Gholdengo, L50|
|poke|p1|Clefable, L50, F|
|poke|p1|Ursaluna-Bloodmoon, L50, M|
|poke|p1|Sneasler, L50, M|
|poke|p1|Tauros-Paldea-Blaze, L50, M|
|poke|p1|Dragonite, L50, F|
|poke|p2|Clefairy, L50, M|
|poke|p2|Farigiraf, L50, F|
|poke|p2|Torkoal, L50, F|
|poke|p2|Kingambit, L50, F|
|poke|p2|Sinistcha, L50|
|poke|p2|Incineroar, L50, M|
|teampreview|4
|showteam|p1|Gholdengo||LifeOrb|GoodasGold|MakeItRain,ShadowBall,Protect,NastyPlot||||||50|,,,,,Dragon]Clefable||SitrusBerry|Unaware|Moonblast,Protect,FollowMe,HelpingHand|||F|||50|,,,,,Water]Ursaluna-Bloodmoon||AssaultVest|MindsEye|HyperVoice,BloodMoon,EarthPower,VacuumWave|||M|||50|,,,,,Water]Sneasler||FocusSash|PoisonTouch|CloseCombat,DireClaw,Protect,FakeOut|||M|||50|,,,,,Stellar]Tauros-Paldea-Blaze||MirrorHerb|Intimidate|CloseCombat,FlareBlitz,WillOWisp,Protect|||M|||50|,,,,,Dragon]Dragonite||LoadedDice|Multiscale|ScaleShot,Protect,Tailwind,Haze|||F|||50|,,,,,Steel
|showteam|p2|Clefairy||Eviolite|FriendGuard|FollowMe,Protect,LifeDew,Encore|||M|||50|,,,,,Steel]Farigiraf||ThroatSpray|ArmorTail|TrickRoom,HyperVoice,Psychic,Protect|||F|||50|,,,,,Water]Torkoal||Charcoal|Drought|Eruption,HeatWave,Overheat,SolarBeam|||F|||50|,,,,,Fire]Kingambit||BlackGlasses|Defiant|Protect,SwordsDance,KowtowCleave,SuckerPunch|||F|||50|,,,,,Dark]Sinistcha||SitrusBerry|Hospitality|TrickRoom,MatchaGotcha,LifeDew,RagePowder||||||50|,,,,,Water]Incineroar||SafetyGoggles|Intimidate|FakeOut,PartingShot,KnockOff,FlareBlitz|||M|||50|,,,,,Ghost
|inactive|Battle timer is ON: inactive players will automatically lose when time's up. (requested by Milanmirchandani)
|inactive|Milanmirchandani has 60 seconds left.
|
|t:|1757694672
|teamsize|p1|4
|teamsize|p2|4
|start
|switch|p1a: Gholdengo|Gholdengo, L50|100/100
|switch|p1b: Ursaluna|Ursaluna-Bloodmoon, L50, M|100/100
|switch|p2a: Incineroar|Incineroar, L50, M|100/100
|switch|p2b: Farigiraf|Farigiraf, L50, F|100/100
|-ability|p2a: Incineroar|Intimidate|boost
|-unboost|p1a: Gholdengo|atk|1
|-unboost|p1b: Ursaluna|atk|1
|turn|1
|inactive|drillcurlsaresexy has 30 seconds left.
|inactive|Milanmirchandani has 30 seconds left.
|inactive|Milanmirchandani has 20 seconds left.
|
|t:|1757694707
|-terastallize|p2b: Farigiraf|Water
|move|p1a: Gholdengo|Shadow Ball|p2a: Incineroar
|-resisted|p2a: Incineroar
|-damage|p2a: Incineroar|71/100
|-damage|p1a: Gholdengo|91/100|[from] item: Life Orb
|move|p2a: Incineroar|Flare Blitz|p1a: Gholdengo
|-supereffective|p1a: Gholdengo
|-damage|p1a: Gholdengo|0 fnt
|faint|p1a: Gholdengo
|-damage|p2a: Incineroar|43/100|[from] Recoil
|move|p1b: Ursaluna|Earth Power|p2a: Incineroar
|-supereffective|p2a: Incineroar
|-damage|p2a: Incineroar|0 fnt
|faint|p2a: Incineroar
|move|p2b: Farigiraf|Hyper Voice|p1b: Ursaluna
|-damage|p1b: Ursaluna|69/100
|-enditem|p2b: Farigiraf|Throat Spray
|-boost|p2b: Farigiraf|spa|1|[from] item: Throat Spray
|
|upkeep
|inactive|Milanmirchandani has 30 seconds left.
|inactive|Milanmirchandani has 20 seconds left.
|inactive|Milanmirchandani has 15 seconds left.
|
|t:|1757694748
|switch|p1a: Dragonite|Dragonite, L50, F|100/100
|switch|p2a: Kingambit|Kingambit, L50, F|100/100
|turn|2
|inactive|drillcurlsaresexy has 30 seconds left.
|inactive|Milanmirchandani has 30 seconds left.
|inactive|drillcurlsaresexy has 20 seconds left.
|inactive|Milanmirchandani has 20 seconds left.
|inactive|drillcurlsaresexy has 15 seconds left.
|inactive|Milanmirchandani has 15 seconds left.
|
|t:|1757694792
|move|p2a: Kingambit|Sucker Punch|p1b: Ursaluna
|-damage|p1b: Ursaluna|34/100
|move|p1a: Dragonite|Scale Shot|p2b: Farigiraf
|-damage|p2b: Farigiraf|84/100
|-damage|p2b: Farigiraf|70/100
|-damage|p2b: Farigiraf|53/100
|-crit|p2b: Farigiraf
|-damage|p2b: Farigiraf|30/100
|-damage|p2b: Farigiraf|15/100
|-hitcount|p2b: Farigiraf|5
|-unboost|p1a: Dragonite|def|1
|-boost|p1a: Dragonite|spe|1
|move|p1b: Ursaluna|Blood Moon|p2b: Farigiraf
|-damage|p2b: Farigiraf|0 fnt
|faint|p2b: Farigiraf
|
|upkeep
|
|t:|1757694808
|switch|p2b: Sinistcha|Sinistcha, L50|100/100
|turn|3
|inactive|drillcurlsaresexy has 30 seconds left.
|
|t:|1757694834
|move|p1b: Ursaluna|Vacuum Wave|p2a: Kingambit
|-supereffective|p2a: Kingambit
|-damage|p2a: Kingambit|43/100
|move|p1a: Dragonite|Scale Shot|p2b: Sinistcha|[miss]
|-miss|p1a: Dragonite|p2b: Sinistcha
|move|p2a: Kingambit|Kowtow Cleave|p1b: Ursaluna
|-damage|p1b: Ursaluna|0 fnt
|faint|p1b: Ursaluna
|move|p2b: Sinistcha|Trick Room|p2b: Sinistcha
|-fieldstart|move: Trick Room|[of] p2b: Sinistcha
|
|upkeep
|
|t:|1757694840
|switch|p1b: Clefable|Clefable, L50, F|100/100
|turn|4
|inactive|Milanmirchandani has 30 seconds left.
|
|t:|1757694868
|move|p1b: Clefable|Moonblast|p2a: Kingambit
|-damage|p2a: Kingambit|9/100
|move|p2a: Kingambit|Kowtow Cleave|p1a: Dragonite
|-damage|p1a: Dragonite|53/100
|move|p2b: Sinistcha|Life Dew||[still]|[spread] p2a,p2b
|-heal|p2a: Kingambit|34/100
|-fail|p2b: Sinistcha|heal
|move|p1a: Dragonite|Scale Shot|p2a: Kingambit
|-resisted|p2a: Kingambit
|-damage|p2a: Kingambit|29/100
|-resisted|p2a: Kingambit
|-damage|p2a: Kingambit|24/100
|-resisted|p2a: Kingambit
|-damage|p2a: Kingambit|19/100
|-resisted|p2a: Kingambit
|-damage|p2a: Kingambit|14/100
|-hitcount|p2a: Kingambit|4
|-unboost|p1a: Dragonite|def|1
|-boost|p1a: Dragonite|spe|1
|
|upkeep
|turn|5
|
|t:|1757694888
|move|p2a: Kingambit|Protect|p2a: Kingambit
|-singleturn|p2a: Kingambit|Protect
|move|p1a: Dragonite|Protect|p1a: Dragonite
|-singleturn|p1a: Dragonite|Protect
|move|p1b: Clefable|Moonblast|p2a: Kingambit
|-activate|p2a: Kingambit|move: Protect
|move|p2b: Sinistcha|Life Dew||[still]|[spread] p2a,p2b
|-heal|p2a: Kingambit|39/100
|-fail|p2b: Sinistcha|heal
|
|upkeep
|turn|6
|
|t:|1757694913
|move|p1b: Clefable|Follow Me|p1b: Clefable
|-singleturn|p1b: Clefable|move: Follow Me
|move|p2a: Kingambit|Kowtow Cleave|p1b: Clefable
|-resisted|p1b: Clefable
|-damage|p1b: Clefable|78/100
|move|p2b: Sinistcha|Life Dew||[still]|[spread] p2a,p2b
|-heal|p2a: Kingambit|64/100
|-fail|p2b: Sinistcha|heal
|move|p1a: Dragonite|Scale Shot|p2b: Sinistcha
|-damage|p2b: Sinistcha|88/100
|-damage|p2b: Sinistcha|76/100
|-crit|p2b: Sinistcha
|-damage|p2b: Sinistcha|58/100
|-damage|p2b: Sinistcha|46/100
|-enditem|p2b: Sinistcha|Sitrus Berry|[eat]
|-heal|p2b: Sinistcha|71/100|[from] item: Sitrus Berry
|-hitcount|p2b: Sinistcha|4
|-unboost|p1a: Dragonite|def|1
|-boost|p1a: Dragonite|spe|1
|
|upkeep
|turn|7
|inactive|Milanmirchandani has 30 seconds left.
|inactive|Milanmirchandani has 20 seconds left.
|
|t:|1757694951
|move|p1b: Clefable|Follow Me|p1b: Clefable
|-singleturn|p1b: Clefable|move: Follow Me
|move|p2a: Kingambit|Kowtow Cleave|p1b: Clefable
|-resisted|p1b: Clefable
|-damage|p1b: Clefable|55/100
|move|p2b: Sinistcha|Matcha Gotcha|p1a: Dragonite|[spread] p1a,p1b
|-resisted|p1a: Dragonite
|-damage|p1a: Dragonite|48/100
|-heal|p2b: Sinistcha|74/100|[from] drain|[of] p1a: Dragonite
|-damage|p1b: Clefable|32/100
|-heal|p2b: Sinistcha|87/100|[from] drain|[of] p1b: Clefable
|-enditem|p1b: Clefable|Sitrus Berry|[eat]
|-heal|p1b: Clefable|56/100|[from] item: Sitrus Berry
|move|p1a: Dragonite|Scale Shot|p2b: Sinistcha
|-damage|p2b: Sinistcha|75/100
|-damage|p2b: Sinistcha|62/100
|-damage|p2b: Sinistcha|50/100
|-damage|p2b: Sinistcha|38/100
|-hitcount|p2b: Sinistcha|4
|-unboost|p1a: Dragonite|def|1
|-boost|p1a: Dragonite|spe|1
|
|-fieldend|move: Trick Room
|upkeep
|turn|8
|inactive|drillcurlsaresexy has 30 seconds left.
|inactive|Milanmirchandani has 30 seconds left.
|
|t:|1757694979
|move|p1b: Clefable|Follow Me|p1b: Clefable
|-singleturn|p1b: Clefable|move: Follow Me
|move|p1a: Dragonite|Scale Shot|p2b: Sinistcha|[miss]
|-miss|p1a: Dragonite|p2b: Sinistcha
|move|p2b: Sinistcha|Life Dew|p2b: Sinistcha|[spread] p2a,p2b
|-heal|p2a: Kingambit|89/100
|-heal|p2b: Sinistcha|63/100
|move|p2a: Kingambit|Kowtow Cleave|p1b: Clefable
|-resisted|p1b: Clefable
|-damage|p1b: Clefable|34/100
|
|upkeep
|turn|9
|inactive|Milanmirchandani has 30 seconds left.
|
|t:|1757695010
|move|p1b: Clefable|Follow Me|p1b: Clefable
|-singleturn|p1b: Clefable|move: Follow Me
|move|p1a: Dragonite|Scale Shot|p2b: Sinistcha|[miss]
|-miss|p1a: Dragonite|p2b: Sinistcha
|move|p2b: Sinistcha|Matcha Gotcha|p1b: Clefable|[spread] p1a,p1b
|-resisted|p1a: Dragonite
|-damage|p1a: Dragonite|41/100
|-heal|p2b: Sinistcha|67/100|[from] drain|[of] p1a: Dragonite
|-damage|p1b: Clefable|9/100
|-heal|p2b: Sinistcha|81/100|[from] drain|[of] p1b: Clefable
|-status|p1a: Dragonite|brn
|move|p2a: Kingambit|Kowtow Cleave|p1b: Clefable
|-resisted|p1b: Clefable
|-damage|p1b: Clefable|0 fnt
|faint|p1b: Clefable
|
|-damage|p1a: Dragonite|36/100 brn|[from] brn
|upkeep
|turn|10
|c|☆drillcurlsaresexy|Gg
|-message|drillcurlsaresexy forfeited.
|
|win|Milanmirchandani
||drillcurlsaresexy is ready for game 3.
||Milanmirchandani is ready for game 3.
|uhtml|next|Next: Game 3 of 3
