|j|☆Northgdh
|j|☆caZISA
|html|NorthgdhcaZISA    
|uhtml|bestof|Game 3 of a best-of-3
|t:|1784169349
|gametype|doubles
|player|p1|Northgdh|265|1390
|player|p2|caZISA|red|1436
|gen|9
|tier|[Gen 9 Champions] VGC 2026 Reg M-B (Bo3)
|rated|
|rule|Species Clause: Limit one of each Pokémon
|rule|Item Clause: Limit 1 of each item
|clearpoke
|poke|p1|Incineroar, L50, M, shiny|
|poke|p1|Delphox, L50, F, shiny|
|poke|p1|Sinistcha, L50|
|poke|p1|Kingambit, L50, M, shiny|
|poke|p1|Blastoise, L50, M, shiny|
|poke|p1|Sneasler, L50, M|
|poke|p2|Charizard, L50, F, shiny|
|poke|p2|Floette-Eternal, L50, F|
|poke|p2|Garchomp, L50, M|
|poke|p2|Whimsicott, L50, M|
|poke|p2|Incineroar, L50, M|
|poke|p2|Gholdengo, L50|
|teampreview|4
|showteam|p1|Incineroar||SitrusBerry|Intimidate|FlareBlitz,FakeOut,HelpingHand,PartingShot|Impish||M|||50|]Delphox||Delphoxite|Blaze|HeatWave,Psychic,NastyPlot,Protect|Timid||F|||50|]Sinistcha||KasibBerry|Hospitality|MatchaGotcha,RagePowder,LifeDew,Protect|Bold|||||50|]Kingambit||LifeOrb|Defiant|KowtowCleave,SuckerPunch,SwordsDance,Protect|Adamant||M|||50|]Blastoise||Blastoisinite|RainDish|WaterSpout,DarkPulse,ShellSmash,Protect|Modest||M|||50|]Sneasler||FocusSash|PoisonTouch|CloseCombat,PoisonJab,FakeOut,QuickGuard|Jolly||M|||50|
|showteam|p2|Charizard||CharizarditeY|Blaze|HeatWave,WeatherBall,SolarBeam,Protect|Modest||F|||50|]Floette-Eternal||Floettite|FlowerVeil|DazzlingGleam,Moonblast,LightofRuin,Protect|Modest||F|||50|]Garchomp||SitrusBerry|RoughSkin|DragonClaw,Earthquake,RockSlide,Protect|Jolly||M|||50|]Whimsicott||FocusSash|Prankster|Moonblast,Encore,Tailwind,Protect|Timid||M|||50|]Incineroar||ChopleBerry|Intimidate|FakeOut,FlareBlitz,ThroatChop,PartingShot|Adamant||M|||50|]Gholdengo||LifeOrb|GoodasGold|MakeItRain,ShadowBall,Protect,NastyPlot|Timid|||||50|
|inactive|Battle timer is ON: inactive players will automatically lose when time's up. (requested by Northgdh)
|
|t:|1784169368
|teamsize|p1|4
|teamsize|p2|4
|start
|switch|p1a: purple|Delphox, L50, F, shiny|100/100
|switch|p1b: stupid song|Incineroar, L50, M, shiny|100/100
|switch|p2a: Legolas|Whimsicott, L50, M|100/100
|switch|p2b: Tigre Toño|Incineroar, L50, M|100/100
|-ability|p2b: Tigre Toño|Intimidate|boost
|-unboost|p1a: purple|atk|1
|-unboost|p1b: stupid song|atk|1
|-ability|p1b: stupid song|Intimidate|boost
|-unboost|p2a: Legolas|atk|1
|-unboost|p2b: Tigre Toño|atk|1
|turn|1
|
|t:|1784169386
|switch|p2a: Sharkboy|Garchomp, L50, M|100/100
|detailschange|p1a: purple|Delphox-Mega, L50, F, shiny
|-mega|p1a: purple|Delphox|Delphoxite
|move|p1a: purple|Protect|p1a: purple
|-singleturn|p1a: purple|Protect
|move|p2b: Tigre Toño|Fake Out|p1b: stupid song
|-damage|p1b: stupid song|94/100
|cant|p1b: stupid song|flinch
|
|upkeep
|turn|2
|inactive|Northgdh has 30 seconds left.
|
|t:|1784169415
|switch|p1a: honeybee|Sneasler, L50, M|100/100
|move|p2a: Sharkboy|Rock Slide|p1a: honeybee|[spread] p1a,p1b
|-resisted|p1a: honeybee|1
|-supereffective|p1b: stupid song|1
|-damage|p1a: honeybee|85/100
|-damage|p1b: stupid song|70/100
|move|p2b: Tigre Toño|Throat Chop|p1b: stupid song
|-resisted|p1b: stupid song|1
|-damage|p1b: stupid song|62/100
|-start|p1b: stupid song|Throat Chop|[silent]
|cant|p1b: stupid song|move: Throat Chop
|
|upkeep
|turn|3
|
|t:|1784169437
|switch|p1b: the cure|Sinistcha, L50|100/100
|-heal|p1a: honeybee|100/100|[from] ability: Hospitality|[of] p1b: the cure
|move|p1a: honeybee|Close Combat|p2b: Tigre Toño
|-supereffective|p2b: Tigre Toño|1
|-enditem|p2b: Tigre Toño|Chople Berry|[eat]
|-enditem|p2b: Tigre Toño|Chople Berry|[weaken]
|-damage|p2b: Tigre Toño|48/100
|-unboost|p1a: honeybee|def|1
|-unboost|p1a: honeybee|spd|1
|-status|p2b: Tigre Toño|psn|[from] ability: Poison Touch|[of] p1a: honeybee
|move|p2a: Sharkboy|Dragon Claw|p1a: honeybee
|-damage|p1a: honeybee|1/100
|move|p2b: Tigre Toño|Parting Shot|p1a: honeybee
|-unboost|p1a: honeybee|atk|1
|-unboost|p1a: honeybee|spa|1
|
|t:|1784169446
|switch|p2b: Legolas|Whimsicott, L50, M|100/100|[from] Parting Shot
|
|upkeep
|turn|4
|
|t:|1784169452
|switch|p1a: stupid song|Incineroar, L50, M, shiny|62/100
|-ability|p1a: stupid song|Intimidate|boost
|-unboost|p2a: Sharkboy|atk|1
|-unboost|p2b: Legolas|atk|1
|move|p2b: Legolas|Tailwind|p2b: Legolas
|-sidestart|p2: caZISA|move: Tailwind
|move|p2a: Sharkboy|Rock Slide|p1b: the cure|[spread] p1a,p1b
|-supereffective|p1a: stupid song|1
|-damage|p1a: stupid song|45/100
|-damage|p1b: the cure|90/100
|-enditem|p1a: stupid song|Sitrus Berry|[eat]
|-heal|p1a: stupid song|70/100|[from] item: Sitrus Berry
|move|p1b: the cure|Matcha Gotcha|p2a: Sharkboy|[spread] p2b
|-miss|p1b: the cure|p2a: Sharkboy
|-resisted|p2b: Legolas|1
|-damage|p2b: Legolas|80/100
|-heal|p1b: the cure|98/100|[from] drain|[of] p2b: Legolas
|-status|p2b: Legolas|brn
|
|-damage|p2b: Legolas|74/100 brn|[from] brn
|upkeep
|turn|5
|inactive|Northgdh has 30 seconds left.
|
|t:|1784169481
|switch|p2b: Tigre Toño|Incineroar, L50, M|48/100 psn
|-ability|p2b: Tigre Toño|Intimidate|boost
|-unboost|p1a: stupid song|atk|1
|-unboost|p1b: the cure|atk|1
|switch|p2a: ROZ-A|Floette-Eternal, L50, F|100/100
|move|p1b: the cure|Matcha Gotcha|p2a: ROZ-A|[spread] p2b
|-miss|p1b: the cure|p2a: ROZ-A
|-resisted|p2b: Tigre Toño|1
|-damage|p2b: Tigre Toño|38/100 psn
|-heal|p1b: the cure|100/100|[from] drain|[of] p2b: Tigre Toño
|move|p1a: stupid song|Parting Shot|p2a: ROZ-A
|-unboost|p2a: ROZ-A|atk|1
|-unboost|p2a: ROZ-A|spa|1
|
|t:|1784169494
|switch|p1a: honeybee|Sneasler, L50, M|1/100|[from] Parting Shot
|
|-damage|p2b: Tigre Toño|26/100 psn|[from] psn
|upkeep
|turn|6
|inactive|Northgdh has 30 seconds left.
|
|t:|1784169521
|switch|p2b: Legolas|Whimsicott, L50, M|74/100 brn
|switch|p1b: stupid song|Incineroar, L50, M, shiny|70/100
|-ability|p1b: stupid song|Intimidate|boost
|-unboost|p2a: ROZ-A|atk|1
|-block|p2b: Legolas|ability: Flower Veil|[of] p2a: ROZ-A
|detailschange|p2a: ROZ-A|Floette-Mega, L50, F
|-mega|p2a: ROZ-A|Floette|Floettite
|-ability|p2a: ROZ-A|Fairy Aura
|move|p1a: honeybee|Fake Out|p2a: ROZ-A
|-damage|p2a: ROZ-A|85/100
|cant|p2a: ROZ-A|flinch
|
|-damage|p2b: Legolas|68/100 brn|[from] brn
|upkeep
|turn|7
|
|t:|1784169540
|switch|p1a: the cure|Sinistcha, L50|100/100
|-heal|p1b: stupid song|95/100|[from] ability: Hospitality|[of] p1a: the cure
|move|p2b: Legolas|Protect|p2b: Legolas
|-singleturn|p2b: Legolas|Protect
|move|p1b: stupid song|Fake Out|p2a: ROZ-A
|-damage|p2a: ROZ-A|73/100
|cant|p2a: ROZ-A|flinch
|
|-damage|p2b: Legolas|62/100 brn|[from] brn
|-sideend|p2: caZISA|move: Tailwind
|upkeep
|turn|8
|
|t:|1784169554
|switch|p2a: Tigre Toño|Incineroar, L50, M|26/100 psn
|-ability|p2a: Tigre Toño|Intimidate|boost
|-unboost|p1a: the cure|atk|1
|-unboost|p1b: stupid song|atk|1
|move|p2b: Legolas|Tailwind|p2b: Legolas
|-sidestart|p2: caZISA|move: Tailwind
|move|p1a: the cure|Matcha Gotcha|p2b: Legolas|[spread] p2a,p2b
|-resisted|p2a: Tigre Toño|1
|-resisted|p2b: Legolas|1
|-damage|p2a: Tigre Toño|15/100 psn
|-damage|p2b: Legolas|43/100 brn
|move|p1b: stupid song|Parting Shot|p2a: Tigre Toño
|-unboost|p2a: Tigre Toño|atk|1
|-unboost|p2a: Tigre Toño|spa|1
|
|t:|1784169559
|switch|p1b: honeybee|Sneasler, L50, M|1/100|[from] Parting Shot
|
|-damage|p2a: Tigre Toño|3/100 psn|[from] psn
|-damage|p2b: Legolas|37/100 brn|[from] brn
|upkeep
|turn|9
|
|t:|1784169567
|switch|p1b: stupid song|Incineroar, L50, M, shiny|95/100
|-ability|p1b: stupid song|Intimidate|boost
|-unboost|p2a: Tigre Toño|atk|1
|-unboost|p2b: Legolas|atk|1
|switch|p2a: Sharkboy|Garchomp, L50, M|100/100
|move|p1a: the cure|Protect|p1a: the cure
|-singleturn|p1a: the cure|Protect
|move|p2b: Legolas|Moonblast|p1a: the cure
|-activate|p1a: the cure|move: Protect
|
|-damage|p2b: Legolas|31/100 brn|[from] brn
|upkeep
|turn|10
|
|t:|1784169576
|move|p2b: Legolas|Encore|p1a: the cure
|-start|p1a: the cure|Encore
|move|p1a: the cure|Protect|p1a: the cure
|-singleturn|p1a: the cure|Protect
|move|p2a: Sharkboy|Rock Slide|p1a: the cure|[spread] p1b
|-activate|p1a: the cure|move: Protect
|-supereffective|p1b: stupid song|1
|-damage|p1b: stupid song|69/100
|cant|p1b: stupid song|flinch
|
|-damage|p2b: Legolas|25/100 brn|[from] brn
|upkeep
|turn|11
|
|t:|1784169590
|switch|p1a: purple|Delphox-Mega, L50, F, shiny|100/100
|move|p2b: Legolas|Protect|p2b: Legolas
|-singleturn|p2b: Legolas|Protect
|move|p2a: Sharkboy|Earthquake|p1a: purple|[spread] p1b
|-activate|p2b: Legolas|move: Protect
|-immune|p1a: purple|[from] ability: Levitate
|-supereffective|p1b: stupid song|1
|-damage|p1b: stupid song|21/100
|move|p1b: stupid song|Flare Blitz|p2b: Legolas
|-activate|p2b: Legolas|move: Protect
|
|-damage|p2b: Legolas|19/100 brn|[from] brn
|-sideend|p2: caZISA|move: Tailwind
|upkeep
|turn|12
|
|t:|1784169610
|switch|p1b: the cure|Sinistcha, L50|100/100
|move|p2b: Legolas|Tailwind|p2b: Legolas
|-sidestart|p2: caZISA|move: Tailwind
|move|p2a: Sharkboy|Rock Slide|p1b: the cure|[spread] p1b
|-miss|p2a: Sharkboy|p1a: purple
|-damage|p1b: the cure|85/100
|move|p1a: purple|Nasty Plot|p1a: purple
|-boost|p1a: purple|spa|2
|
|-damage|p2b: Legolas|13/100 brn|[from] brn
|upkeep
|turn|13
|
|t:|1784169627
|move|p2b: Legolas|Encore|p1a: purple
|-start|p1a: purple|Encore
|move|p2a: Sharkboy|Rock Slide|p1b: the cure|[spread] p1a
|-miss|p2a: Sharkboy|p1b: the cure
|-supereffective|p1a: purple|1
|-damage|p1a: purple|53/100
|cant|p1a: purple|flinch
|move|p1b: the cure|Life Dew|p1b: the cure|[spread] p1a,p1b
|-heal|p1a: purple|78/100
|-heal|p1b: the cure|100/100
|
|-damage|p2b: Legolas|8/100 brn|[from] brn
|upkeep
|turn|14
|
|t:|1784169637
|switch|p2b: ROZ-A|Floette-Mega, L50, F|73/100
|-ability|p2b: ROZ-A|Fairy Aura
|switch|p1b: stupid song|Incineroar, L50, M, shiny|21/100
|-ability|p1b: stupid song|Intimidate|boost
|-unboost|p2a: Sharkboy|atk|1
|-unboost|p2b: ROZ-A|atk|1
|move|p2a: Sharkboy|Rock Slide|p1b: stupid song|[spread] p1a,p1b
|-supereffective|p1a: purple|1
|-supereffective|p1b: stupid song|1
|-damage|p1a: purple|47/100
|-damage|p1b: stupid song|3/100
|move|p1a: purple|Nasty Plot|p1a: purple
|-boost|p1a: purple|spa|2
|
|upkeep
|turn|15
|
|t:|1784169648
|move|p1b: stupid song|Fake Out|p2b: ROZ-A
|-damage|p2b: ROZ-A|62/100
|move|p2a: Sharkboy|Rock Slide|p1a: purple|[spread] p1a,p1b
|-supereffective|p1a: purple|1
|-supereffective|p1b: stupid song|1
|-damage|p1a: purple|19/100
|-damage|p1b: stupid song|0 fnt
|faint|p1b: stupid song
|cant|p2b: ROZ-A|flinch
|move|p1a: purple|Nasty Plot|p1a: purple
|-boost|p1a: purple|spa|2
|
|-end|p1a: purple|Encore
|-sideend|p2: caZISA|move: Tailwind
|upkeep
|
|t:|1784169651
|switch|p1b: the cure|Sinistcha, L50|100/100
|-heal|p1a: purple|44/100|[from] ability: Hospitality|[of] p1b: the cure
|turn|16
|
|t:|1784169662
|switch|p2b: Tigre Toño|Incineroar, L50, M|3/100 psn
|-ability|p2b: Tigre Toño|Intimidate|boost
|-unboost|p1a: purple|atk|1
|-unboost|p1b: the cure|atk|1
|move|p1a: purple|Heat Wave|p2b: Tigre Toño|[spread] p2a,p2b
|-resisted|p2a: Sharkboy|1
|-resisted|p2b: Tigre Toño|1
|-damage|p2a: Sharkboy|23/100
|-damage|p2b: Tigre Toño|0 fnt
|-enditem|p2a: Sharkboy|Sitrus Berry|[eat]
|-heal|p2a: Sharkboy|48/100|[from] item: Sitrus Berry
|faint|p2b: Tigre Toño
|move|p2a: Sharkboy|Rock Slide|p1b: the cure|[spread] p1a,p1b
|-supereffective|p1a: purple|1
|-damage|p1a: purple|14/100
|-damage|p1b: the cure|91/100
|move|p1b: the cure|Life Dew|p1b: the cure|[spread] p1a,p1b
|-heal|p1a: purple|39/100
|-heal|p1b: the cure|100/100
|
|upkeep
|
|t:|1784169673
|switch|p2b: Legolas|Whimsicott, L50, M|8/100 brn
|turn|17
|
|t:|1784169679
|move|p1b: the cure|Rage Powder|p1b: the cure
|-singleturn|p1b: the cure|move: Rage Powder
|move|p2b: Legolas|Tailwind|p2b: Legolas
|-sidestart|p2: caZISA|move: Tailwind
|move|p2a: Sharkboy|Rock Slide|p1a: purple|[spread] p1a,p1b
|-supereffective|p1a: purple|1
|-damage|p1a: purple|9/100
|-damage|p1b: the cure|90/100
|move|p1a: purple|Heat Wave|p2a: Sharkboy|[spread] p2a,p2b
|-resisted|p2a: Sharkboy|1
|-crit|p2a: Sharkboy
|-supereffective|p2b: Legolas|1
|-damage|p2a: Sharkboy|0 fnt
|-damage|p2b: Legolas|0 fnt
|faint|p2a: Sharkboy
|faint|p2b: Legolas
|
|upkeep
|
|t:|1784169687
|switch|p2b: ROZ-A|Floette-Mega, L50, F|62/100
|-ability|p2b: ROZ-A|Fairy Aura
|turn|18
|
|t:|1784169691
|move|p1a: purple|Protect|p1a: purple
|-singleturn|p1a: purple|Protect
|move|p1b: the cure|Protect|p1b: the cure
|-singleturn|p1b: the cure|Protect
|move|p2b: ROZ-A|Dazzling Gleam|p1b: the cure|[spread] 
|-activate|p1a: purple|move: Protect
|-activate|p1b: the cure|move: Protect
|
|upkeep
|turn|19
|
|t:|1784169696
|move|p1b: the cure|Rage Powder|p1b: the cure
|-singleturn|p1b: the cure|move: Rage Powder
|move|p2b: ROZ-A|Dazzling Gleam|p1b: the cure|[spread] p1a,p1b
|-resisted|p1a: purple|1
|-damage|p1a: purple|0 fnt
|-damage|p1b: the cure|35/100
|faint|p1a: purple
|
|upkeep
|
|t:|1784169700
|switch|p1a: honeybee|Sneasler, L50, M|1/100
|turn|20
|
|t:|1784169704
|move|p2b: ROZ-A|Protect|p2b: ROZ-A
|-singleturn|p2b: ROZ-A|Protect
|move|p1a: honeybee|Fake Out|p2b: ROZ-A
|-activate|p2b: ROZ-A|move: Protect
|move|p1b: the cure|Life Dew|p1b: the cure|[spread] p1a,p1b
|-heal|p1a: honeybee|25/100
|-heal|p1b: the cure|60/100
|
|-sideend|p2: caZISA|move: Tailwind
|upkeep
|turn|21
|
|t:|1784169710
|move|p1b: the cure|Rage Powder|p1b: the cure
|-singleturn|p1b: the cure|move: Rage Powder
|move|p1a: honeybee|Poison Jab|p2b: ROZ-A
|-supereffective|p2b: ROZ-A|1
|-damage|p2b: ROZ-A|0 fnt
|faint|p2b: ROZ-A
|
|win|Northgdh
|raw|Northgdh's rating: 1390 → 1413(+23 for winning)
|raw|caZISA's rating: 1436 → 1413(-23 for losing)
|c|☆caZISA|gg
|l|☆caZISA
|player|p2|
