|j|☆hugoggg
|j|☆Inteligent8pro
|html|hugogggInteligent8pro    
|uhtml|bestof|Game 3 of a best-of-3
|t:|1786192794
|gametype|doubles
|player|p1|hugoggg|266|1297
|player|p2|Inteligent8pro|elesa|1200
|gen|9
|tier|[Gen 9 Champions] VGC 2026 Reg M-B (Bo3)
|rated|
|rule|Species Clause: Limit one of each Pokémon
|rule|Item Clause: Limit 1 of each item
|clearpoke
|poke|p1|Froslass, L50, F|
|poke|p1|Dragonite, L50, F, shiny|
|poke|p1|Sneasler, L50, F|
|poke|p1|Arcanine-Hisui, L50, F|
|poke|p1|Gholdengo, L50|
|poke|p1|Kingambit, L50, F|
|poke|p2|Blaziken, L50, F|
|poke|p2|Venusaur, L50, F|
|poke|p2|Kingambit, L50, F|
|poke|p2|Ninetales-Alola, L50, F|
|poke|p2|Lycanroc-Dusk, L50, F|
|poke|p2|Basculegion, L50, M|
|teampreview|4
|showteam|p1|Froslass||Froslassite|CursedBody|Blizzard,ShadowBall,AuroraVeil,Protect|Modest||F|||50|]Dragonite||DragonFang|Multiscale|ScaleShot,Haze,Tailwind,Protect|Adamant||F|||50|]Sneasler||WhiteHerb|Unburden|CloseCombat,GunkShot,FakeOut,Protect|Adamant||F|||50|]Arcanine-Hisui||FocusSash|RockHead|HeadSmash,FlareBlitz,ExtremeSpeed,Protect|Adamant||F|||50|]Gholdengo||ChoiceScarf|GoodasGold|MakeItRain,ShadowBall,PowerGem,Trick|Modest|||||50|]Kingambit||LifeOrb|Defiant|KowtowCleave,SuckerPunch,SwordsDance,Protect|Adamant||F|||50|
|showteam|p2|Blaziken||Blazikenite|SpeedBoost|FlareBlitz,CloseCombat,RockSlide,Detect|Adamant||F|||50|]Venusaur||Venusaurite|Chlorophyll|GigaDrain,SludgeBomb,EarthPower,Protect|Modest||F|||50|]Kingambit||LifeOrb|Defiant|KowtowCleave,SuckerPunch,IronHead,Protect|Adamant||F|||50|]Ninetales-Alola||NeverMeltIce|SnowWarning|Blizzard,FreezeDry,Encore,Protect|Timid||F|||50|]Lycanroc-Dusk||FocusSash|ToughClaws|RockSlide,Accelerock,CloseCombat,Protect|Adamant||F|||50|]Basculegion||ChoiceScarf|Adaptability|LastRespects,WaveCrash,AquaJet,FlipTurn|Jolly||M|||50|
|
|t:|1786192841
|teamsize|p1|4
|teamsize|p2|4
|start
|switch|p1a: Rollin girl|Dragonite, L50, F, shiny|100/100
|switch|p1b: Streetcat|Sneasler, L50, F|100/100
|switch|p2a: Venusaur|Venusaur, L50, F|100/100
|switch|p2b: Blaziken|Blaziken, L50, F|100/100
|turn|1
|inactive|Battle timer is ON: inactive players will automatically lose when time's up. (requested by Inteligent8pro)
|
|t:|1786192869
|move|p2a: Venusaur|Protect|p2a: Venusaur
|-singleturn|p2a: Venusaur|Protect
|move|p1b: Streetcat|Fake Out|p2a: Venusaur
|-activate|p2a: Venusaur|move: Protect
|move|p1a: Rollin girl|Tailwind|p1a: Rollin girl
|-sidestart|p1: hugoggg|move: Tailwind
|move|p2b: Blaziken|Rock Slide|p1a: Rollin girl|[spread] 
|-miss|p2b: Blaziken|p1a: Rollin girl
|-miss|p2b: Blaziken|p1b: Streetcat
|
|-ability|p2b: Blaziken|Speed Boost|boost
|-boost|p2b: Blaziken|spe|1
|upkeep
|turn|2
|c|☆hugoggg|lmao
|inactive|Inteligent8pro has 30 seconds left.
|inactive|Inteligent8pro has 20 seconds left.
|inactive|Inteligent8pro has 15 seconds left.
|
|t:|1786192913
|detailschange|p2a: Venusaur|Venusaur-Mega, L50, F
|-mega|p2a: Venusaur|Venusaur|Venusaurite
|move|p1b: Streetcat|Close Combat|p2a: Venusaur
|-resisted|p2a: Venusaur|1
|-damage|p2a: Venusaur|78/100
|-unboost|p1b: Streetcat|def|1
|-unboost|p1b: Streetcat|spd|1
|-enditem|p1b: Streetcat|White Herb
|-clearnegativeboost|p1b: Streetcat|[silent]
|move|p1a: Rollin girl|Scale Shot|p2a: Venusaur
|-damage|p2a: Venusaur|65/100
|-damage|p2a: Venusaur|51/100
|-hitcount|p2a: Venusaur|2
|-unboost|p1a: Rollin girl|def|1
|-boost|p1a: Rollin girl|spe|1
|move|p2b: Blaziken|Rock Slide|p1a: Rollin girl|[spread] p1b
|-miss|p2b: Blaziken|p1a: Rollin girl
|-resisted|p1b: Streetcat|1
|-damage|p1b: Streetcat|89/100
|move|p2a: Venusaur|Earth Power|p1b: Streetcat
|-supereffective|p1b: Streetcat|1
|-damage|p1b: Streetcat|18/100
|
|-ability|p2b: Blaziken|Speed Boost|boost
|-boost|p2b: Blaziken|spe|1
|upkeep
|turn|3
|inactive|Inteligent8pro has 30 seconds left.
|inactive|Inteligent8pro has 20 seconds left.
|
|t:|1786192951
|move|p2b: Blaziken|Detect|p2b: Blaziken
|-singleturn|p2b: Blaziken|Protect
|move|p2a: Venusaur|Protect|p2a: Venusaur
|-singleturn|p2a: Venusaur|Protect
|move|p1b: Streetcat|Close Combat|p2b: Blaziken
|-activate|p2b: Blaziken|move: Protect
|move|p1a: Rollin girl|Scale Shot|p2a: Venusaur
|-activate|p2a: Venusaur|move: Protect
|
|-ability|p2b: Blaziken|Speed Boost|boost
|-boost|p2b: Blaziken|spe|1
|upkeep
|turn|4
|inactive|Inteligent8pro has 30 seconds left.
|
|t:|1786192981
|move|p1b: Streetcat|Close Combat|p2b: Blaziken
|-damage|p2b: Blaziken|33/100
|-unboost|p1b: Streetcat|def|1
|-unboost|p1b: Streetcat|spd|1
|move|p1a: Rollin girl|Haze|p1a: Rollin girl
|-clearallboost
|move|p2b: Blaziken|Rock Slide|p1a: Rollin girl|[spread] p1a,p1b
|-supereffective|p1a: Rollin girl|1
|-resisted|p1b: Streetcat|1
|-damage|p1a: Rollin girl|80/100
|-damage|p1b: Streetcat|8/100
|move|p2a: Venusaur|Sludge Bomb|p1a: Rollin girl
|-damage|p1a: Rollin girl|33/100
|-status|p1a: Rollin girl|psn
|
|-damage|p1a: Rollin girl|20/100y psn|[from] psn
|-sideend|p1: hugoggg|move: Tailwind
|-ability|p2b: Blaziken|Speed Boost|boost
|-boost|p2b: Blaziken|spe|1
|upkeep
|turn|5
|inactive|hugoggg has 30 seconds left.
|inactive|Inteligent8pro has 30 seconds left.
|
|t:|1786193015
|move|p1b: Streetcat|Close Combat|p2b: Blaziken
|-damage|p2b: Blaziken|0 fnt
|-unboost|p1b: Streetcat|def|1
|-unboost|p1b: Streetcat|spd|1
|faint|p2b: Blaziken
|move|p1a: Rollin girl|Tailwind|p1a: Rollin girl
|-sidestart|p1: hugoggg|move: Tailwind
|move|p2a: Venusaur|Earth Power|p1b: Streetcat
|-supereffective|p1b: Streetcat|1
|-damage|p1b: Streetcat|0 fnt
|faint|p1b: Streetcat
|
|-damage|p1a: Rollin girl|8/100 psn|[from] psn
|upkeep
|
|t:|1786193038
|switch|p1b: Animal|Arcanine-Hisui, L50, F|100/100
|switch|p2b: Kingambit|Kingambit, L50, F|100/100
|turn|6
|inactive|Inteligent8pro has 30 seconds left.
|inactive|Inteligent8pro has 20 seconds left.
|inactive|Inteligent8pro has 15 seconds left.
|inactive|Inteligent8pro has 10 seconds left.
|
|t:|1786193085
|move|p2b: Kingambit|Protect|p2b: Kingambit
|-singleturn|p2b: Kingambit|Protect
|move|p1b: Animal|Flare Blitz|p2b: Kingambit
|-activate|p2b: Kingambit|move: Protect
|move|p1a: Rollin girl|Scale Shot|p2b: Kingambit
|-activate|p2b: Kingambit|move: Protect
|move|p2a: Venusaur|Earth Power|p1b: Animal
|-supereffective|p1b: Animal|2
|-enditem|p1b: Animal|Focus Sash
|-damage|p1b: Animal|1/100
|
|-damage|p1a: Rollin girl|0 fnt|[from] psn
|faint|p1a: Rollin girl
|upkeep
|
|t:|1786193090
|switch|p1a: Ghost rule|Froslass, L50, F|100/100
|turn|7
|inactive|Inteligent8pro has 30 seconds left.
|inactive|Inteligent8pro has 20 seconds left.
|
|t:|1786193125
|detailschange|p1a: Ghost rule|Froslass-Mega, L50, F
|-mega|p1a: Ghost rule|Froslass|Froslassite
|-weather|Snowscape|[from] ability: Snow Warning|[of] p1a: Ghost rule
|move|p2a: Venusaur|Protect|p2a: Venusaur
|-singleturn|p2a: Venusaur|Protect
|move|p1b: Animal|Extreme Speed|p2b: Kingambit
|-resisted|p2b: Kingambit|1
|-damage|p2b: Kingambit|88/100
|move|p1a: Ghost rule|Blizzard|p2b: Kingambit|[spread] p2b
|-activate|p2a: Venusaur|move: Protect
|-resisted|p2b: Kingambit|1
|-damage|p2b: Kingambit|68/100
|move|p2b: Kingambit|Kowtow Cleave|p1a: Ghost rule
|-supereffective|p1a: Ghost rule|1
|-damage|p1a: Ghost rule|0 fnt
|faint|p1a: Ghost rule
|-damage|p2b: Kingambit|58/100|[from] item: Life Orb
|
|-weather|Snowscape|[upkeep]
|upkeep
|turn|8
|-message|hugoggg forfeited.
|
|win|Inteligent8pro
|raw|hugoggg's rating: 1297 → 1265(-32 for losing)
|raw|Inteligent8pro's rating: 1200 → 1232(+32 for winning)
