|j|☆NiightFuryy
|j|☆DinisDenis
|html|NiightFuryyDinisDenis    
|uhtml|bestof|Game 3 of a best-of-3
|t:|1784322674
|gametype|doubles
|player|p1|NiightFuryy|giovanni|
|player|p2|DinisDenis|fisherman-gen4|
|gen|9
|tier|[Gen 9 Champions] VGC 2026 Reg M-B (Bo3)
|rule|Species Clause: Limit one of each Pokémon
|rule|Item Clause: Limit 1 of each item
|clearpoke
|poke|p1|Gengar, L50, F|
|poke|p1|Incineroar, L50, M|
|poke|p1|Primarina, L50, M|
|poke|p1|Dragonite, L50, F|
|poke|p1|Ariados, L50, F|
|poke|p1|Rotom-Heat, L50|
|poke|p2|Talonflame, L50, F|
|poke|p2|Basculegion, L50, M|
|poke|p2|Mudsdale, L50, F|
|poke|p2|Lopunny, L50, M|
|poke|p2|Sylveon, L50, M|
|poke|p2|Appletun, L50, F|
|teampreview|4
|showteam|p1|Gengar||Gengarite|CursedBody|Protect,PerishSong,ShadowBall,Disable|Timid||F|||50|]Incineroar||SitrusBerry|Intimidate|FakeOut,Protect,PartingShot,FlareBlitz|Impish||M|||50|]Primarina||FairyFeather|LiquidVoice|Protect,Moonblast,PerishSong,AquaJet|Modest||M|||50|]Dragonite||DragonFang|Multiscale|DragonClaw,Protect,AerialAce,ThunderPunch|Adamant||F|||50|]Ariados||FocusSash|Insomnia|Agility,RagePowder,Protect,Infestation|Impish||F|||50|]Rotom-Heat||ChoiceScarf|Levitate|Overheat,Thunderbolt,Electroweb,VoltSwitch|Timid|||||50|
|showteam|p2|Talonflame||FocusSash|GaleWings|Tailwind,WillOWisp,UpperHand,Overheat|Timid||F|||50|]Basculegion||KasibBerry|Adaptability|LastRespects,WaveCrash,AquaJet,FlipTurn|Adamant||M|||50|]Mudsdale||SoftSand|InnerFocus|Protect,HighHorsepower,RockSlide,Bulldoze|Adamant||F|||50|]Lopunny||Lopunnite|Limber|CloseCombat,FakeOut,QuickAttack,Encore|Jolly||M|||50|]Sylveon||LifeOrb|Pixilate|MysticalFire,HyperVoice,Detect,QuickAttack|Quiet||M|||50|]Appletun||SitrusBerry|Gluttony|AppleAcid,LightScreen,Reflect,LeechSeed|Calm||F|||50|
|j| Hugh r
|j| JVoid
|j| enzothegamer
|
|t:|1784322718
|teamsize|p1|4
|teamsize|p2|4
|start
|switch|p1a: Gengar|Gengar, L50, F|100/100
|switch|p1b: Primarina|Primarina, L50, M|100/100
|switch|p2a: Mudsdale|Mudsdale, L50, F|100/100
|switch|p2b: Sylveon|Sylveon, L50, M|100/100
|turn|1
|
|t:|1784322759
|detailschange|p1a: Gengar|Gengar-Mega, L50, F
|-mega|p1a: Gengar|Gengar|Gengarite
|move|p1a: Gengar|Protect|p1a: Gengar
|-singleturn|p1a: Gengar|Protect
|move|p2b: Sylveon|Detect|p2b: Sylveon
|-singleturn|p2b: Sylveon|Protect
|move|p1b: Primarina|Moonblast|p2a: Mudsdale
|-damage|p2a: Mudsdale|50/100g
|move|p2a: Mudsdale|Bulldoze|p1b: Primarina|[spread] p1b
|-activate|p2b: Sylveon|move: Protect
|-activate|p1a: Gengar|move: Protect
|-damage|p1b: Primarina|64/100
|-unboost|p1b: Primarina|spe|1
|
|upkeep
|turn|2
|
|t:|1784322796
|move|p2a: Mudsdale|Protect|p2a: Mudsdale
|-singleturn|p2a: Mudsdale|Protect
|move|p1a: Gengar|Disable|p2a: Mudsdale
|-activate|p2a: Mudsdale|move: Protect
|move|p2b: Sylveon|Hyper Voice|p1b: Primarina|[spread] p1a,p1b
|-resisted|p1a: Gengar|1
|-damage|p1a: Gengar|71/100
|-damage|p1b: Primarina|20/100y
|-damage|p2b: Sylveon|90/100|[from] item: Life Orb
|move|p1b: Primarina|Moonblast|p2a: Mudsdale
|-activate|p2a: Mudsdale|move: Protect
|
|upkeep
|turn|3
|
|t:|1784322857
|switch|p1b: Rotom|Rotom-Heat, L50|100/100
|move|p1a: Gengar|Protect|p1a: Gengar
|-singleturn|p1a: Gengar|Protect
|move|p2b: Sylveon|Quick Attack|p1b: Rotom
|-resisted|p1b: Rotom|1
|-damage|p1b: Rotom|89/100
|-damage|p2b: Sylveon|80/100|[from] item: Life Orb
|move|p2a: Mudsdale|High Horsepower|p1a: Gengar
|-activate|p1a: Gengar|move: Protect
|
|upkeep
|turn|4
|
|t:|1784322928
|move|p1b: Rotom|Overheat|p2a: Mudsdale
|-damage|p2a: Mudsdale|1/100
|-unboost|p1b: Rotom|spa|2
|move|p1a: Gengar|Shadow Ball|p2a: Mudsdale
|-damage|p2a: Mudsdale|0 fnt
|faint|p2a: Mudsdale
|move|p2b: Sylveon|Hyper Voice|p1a: Gengar|[spread] p1a,p1b
|-resisted|p1a: Gengar|1
|-resisted|p1b: Rotom|1
|-damage|p1a: Gengar|41/100
|-damage|p1b: Rotom|56/100
|-damage|p2b: Sylveon|70/100|[from] item: Life Orb
|
|upkeep
|
|t:|1784322939
|switch|p2a: Lopunny|Lopunny, L50, M|100/100
|turn|5
|
|t:|1784322980
|switch|p1b: Primarina|Primarina, L50, M|20/100y
|detailschange|p2a: Lopunny|Lopunny-Mega, L50, M
|-mega|p2a: Lopunny|Lopunny|Lopunnite
|move|p1a: Gengar|Protect|p1a: Gengar
|-singleturn|p1a: Gengar|Protect
|move|p2a: Lopunny|Fake Out|p1a: Gengar
|-activate|p1a: Gengar|move: Protect
|move|p2b: Sylveon|Mystical Fire|p1b: Primarina
|-resisted|p1b: Primarina|1
|-damage|p1b: Primarina|6/100
|-unboost|p1b: Primarina|spa|1
|-damage|p2b: Sylveon|60/100|[from] item: Life Orb
|
|upkeep
|turn|6
|
|t:|1784323006
|move|p1b: Primarina|Protect|p1b: Primarina
|-singleturn|p1b: Primarina|Protect
|move|p2b: Sylveon|Quick Attack|p1b: Primarina
|-activate|p1b: Primarina|move: Protect
|move|p2a: Lopunny|Close Combat|p1a: Gengar
|-resisted|p1a: Gengar|1
|-damage|p1a: Gengar|7/100
|-unboost|p2a: Lopunny|def|1
|-unboost|p2a: Lopunny|spd|1
|move|p1a: Gengar|Perish Song|p1a: Gengar
|-start|p1a: Gengar|perish3|[silent]
|-start|p1b: Primarina|perish3|[silent]
|-start|p2a: Lopunny|perish3|[silent]
|-start|p2b: Sylveon|perish3|[silent]
|-fieldactivate|move: Perish Song
|
|-start|p2a: Lopunny|perish3
|-start|p1a: Gengar|perish3
|-start|p1b: Primarina|perish3
|-start|p2b: Sylveon|perish3
|upkeep
|turn|7
|
|t:|1784323053
|move|p1a: Gengar|Protect|p1a: Gengar
|-singleturn|p1a: Gengar|Protect
|move|p1b: Primarina|Aqua Jet|p2a: Lopunny
|-damage|p2a: Lopunny|80/100
|move|p2b: Sylveon|Quick Attack|p1a: Gengar
|-activate|p1a: Gengar|move: Protect
|move|p2a: Lopunny|Encore|p1b: Primarina
|-start|p1b: Primarina|Encore
|
|-start|p2a: Lopunny|perish2
|-start|p1a: Gengar|perish2
|-start|p1b: Primarina|perish2
|-start|p2b: Sylveon|perish2
|upkeep
|turn|8
|
|t:|1784323110
|move|p1a: Gengar|Protect|p1a: Gengar
|-singleturn|p1a: Gengar|Protect
|move|p2a: Lopunny|Quick Attack|p1a: Gengar
|-activate|p1a: Gengar|move: Protect
|move|p1b: Primarina|Aqua Jet|p2a: Lopunny
|-damage|p2a: Lopunny|60/100
|move|p2b: Sylveon|Hyper Voice|p1b: Primarina|[spread] p1b
|-activate|p1a: Gengar|move: Protect
|-damage|p1b: Primarina|0 fnt
|faint|p1b: Primarina
|-damage|p2b: Sylveon|50/100g|[from] item: Life Orb
|
|-start|p2a: Lopunny|perish1
|-start|p1a: Gengar|perish1
|-start|p2b: Sylveon|perish1
|upkeep
|
|t:|1784323126
|switch|p1b: Incineroar|Incineroar, L50, M|100/100
|-ability|p1b: Incineroar|Intimidate|boost
|-fail|p2a: Lopunny|unboost|Attack|[from] ability: Scrappy|[of] p2a: Lopunny
|-unboost|p2b: Sylveon|atk|1
|turn|9
|
|t:|1784323147
|move|p1b: Incineroar|Fake Out|p2b: Sylveon
|-crit|p2b: Sylveon
|-damage|p2b: Sylveon|30/100
|cant|p2b: Sylveon|flinch
|move|p2a: Lopunny|Close Combat|p1b: Incineroar
|-supereffective|p1b: Incineroar|1
|-crit|p1b: Incineroar
|-damage|p1b: Incineroar|0 fnt
|-unboost|p2a: Lopunny|def|1
|-unboost|p2a: Lopunny|spd|1
|faint|p1b: Incineroar
|move|p1a: Gengar|Disable|p2b: Sylveon
|-start|p2b: Sylveon|Disable|Hyper Voice
|
|-start|p2a: Lopunny|perish0
|-start|p1a: Gengar|perish0
|-start|p2b: Sylveon|perish0
|upkeep
|faint|p2a: Lopunny
|faint|p1a: Gengar
|faint|p2b: Sylveon
|
|t:|1784323165
|switch|p2a: Basculegion|Basculegion, L50, M|100/100
|switch|p1a: Rotom|Rotom-Heat, L50|56/100
|turn|10
|
|t:|1784323174
|move|p2a: Basculegion|Aqua Jet|p1a: Rotom
|-supereffective|p1a: Rotom|1
|-damage|p1a: Rotom|0 fnt
|faint|p1a: Rotom
|
|win|DinisDenis
|l|☆NiightFuryy
|player|p1|
|l| enzothegamer
