|j|☆Jakobtc
|j|☆2lico
|html|Jakobtc2lico    
|uhtml|bestof|Game 1 of a best-of-3
|t:|1756755829
|gametype|doubles
|player|p1|Jakobtc|riley|1194
|player|p2|2lico|mrstone|1306
|gen|9
|tier|[Gen 9] VGC 2025 Reg H (Bo3)
|rated|
|rule|Species Clause: Limit one of each Pokémon
|rule|Item Clause: Limit 1 of each item
|clearpoke
|poke|p1|Gholdengo, L50|
|poke|p1|Incineroar, L50, M|
|poke|p1|Ursaluna, L50, M|
|poke|p1|Porygon2, L50|
|poke|p1|Kilowattrel, L50, M|
|poke|p1|Sneasler, L50, F|
|poke|p2|Excadrill, L50, M|
|poke|p2|Tyranitar, L50, F|
|poke|p2|Sneasler, L50, F|
|poke|p2|Indeedee, L50, M|
|poke|p2|Corviknight, L50, M|
|poke|p2|Annihilape, L50, M|
|teampreview|4
|showteam|p1|Gholdengo||LifeOrb|GoodasGold|MakeItRain,ShadowBall,NastyPlot,Protect||||||50|,,,,,Dragon]Incineroar||SafetyGoggles|Intimidate|FakeOut,FlareBlitz,KnockOff,PartingShot|||M|||50|,,,,,Bug]Ursaluna||FlameOrb|Guts|Facade,HeadlongRush,Earthquake,Protect|||M|||50|,,,,,Ghost]Porygon2||Eviolite|Download|TeraBlast,IceBeam,Recover,TrickRoom||||||50|,,,,,Flying]Kilowattrel||FocusSash|Competitive|AirSlash,Thunderbolt,Tailwind,Protect|||M|||50|,,,,,Ghost]Sneasler||WhiteHerb|Unburden|DireClaw,CloseCombat,Taunt,Protect|||F|||50|,,,,,Stellar
|showteam|p2|Excadrill||FocusSash|SandRush|IronHead,HighHorsepower,Earthquake,Protect|||M|||50|,,,,,Stellar]Tyranitar||AssaultVest|SandStream|RockSlide,KnockOff,TeraBlast,LowKick|||F|||50|,,,,,Flying]Sneasler||PsychicSeed|Unburden|DireClaw,CloseCombat,ThroatChop,Protect|||F|||50|,,,,,Dark]Indeedee||ChoiceScarf|PsychicSurge|ExpandingForce,TeraBlast,Protect,Trick|||M|||50|,,,,,Psychic]Corviknight||Leftovers|MirrorArmor|BraveBird,BulkUp,Roost,Tailwind|||M|||50|,,,,,Dragon]Annihilape||SafetyGoggles|Defiant|CloseCombat,FinalGambit,RageFist,Taunt|||M|||50|,,,,,Water
|c|☆Jakobtc|glhf
|c|☆2lico|u2
|inactive|Battle timer is ON: inactive players will automatically lose when time's up. (requested by 2lico)
|
|t:|1756755895
|teamsize|p1|4
|teamsize|p2|4
|start
|switch|p1a: Incineroar|Incineroar, L50, M|100/100
|switch|p1b: Porygon2|Porygon2, L50, shiny|100/100
|switch|p2a: Annihilape|Annihilape, L50, M|100/100
|switch|p2b: Corviknight|Corviknight, L50, M|100/100
|-ability|p1b: Porygon2|Download|boost
|-boost|p1b: Porygon2|spa|1
|-ability|p1a: Incineroar|Intimidate|boost
|-unboost|p2a: Annihilape|atk|1
|-ability|p2a: Annihilape|Defiant|boost
|-boost|p2a: Annihilape|atk|2
|-ability|p2b: Corviknight|Mirror Armor
|-unboost|p1a: Incineroar|atk|1
|turn|1
|inactive|Jakobtc has 30 seconds left.
|inactive|Jakobtc has 20 seconds left.
|
|t:|1756755932
|move|p2a: Annihilape|Taunt|p1b: Porygon2
|-start|p1b: Porygon2|move: Taunt
|move|p2b: Corviknight|Bulk Up|p2b: Corviknight
|-boost|p2b: Corviknight|atk|1
|-boost|p2b: Corviknight|def|1
|move|p1b: Porygon2|Ice Beam|p2a: Annihilape
|-damage|p2a: Annihilape|65/100
|move|p1a: Incineroar|Flare Blitz|p2a: Annihilape
|-damage|p2a: Annihilape|27/100
|-damage|p1a: Incineroar|88/100|[from] Recoil
|
|upkeep
|turn|2
|
|t:|1756755954
|move|p2a: Annihilape|Close Combat|p1a: Incineroar
|-supereffective|p1a: Incineroar
|-damage|p1a: Incineroar|0 fnt
|-unboost|p2a: Annihilape|def|1
|-unboost|p2a: Annihilape|spd|1
|faint|p1a: Incineroar
|move|p2b: Corviknight|Bulk Up|p2b: Corviknight
|-boost|p2b: Corviknight|atk|1
|-boost|p2b: Corviknight|def|1
|move|p1b: Porygon2|Ice Beam|p2b: Corviknight
|-damage|p2b: Corviknight|65/100
|-status|p2b: Corviknight|frz
|
|-heal|p2b: Corviknight|71/100 frz|[from] item: Leftovers
|upkeep
|
|t:|1756755970
|switch|p1a: Sneasler|Sneasler, L50, F|100/100
|turn|3
|inactive|2lico has 30 seconds left.
|
|t:|1756756001
|switch|p2a: Tyranitar|Tyranitar, L50, F, shiny|100/100
|-weather|Sandstorm|[from] ability: Sand Stream|[of] p2a: Tyranitar
|move|p1a: Sneasler|Dire Claw|p2a: Tyranitar
|-resisted|p2a: Tyranitar
|-damage|p2a: Tyranitar|84/100
|cant|p2b: Corviknight|frz
|move|p1b: Porygon2|Ice Beam|p2b: Corviknight
|-damage|p2b: Corviknight|39/100 frz
|
|-weather|Sandstorm|[upkeep]
|-damage|p1a: Sneasler|94/100|[from] Sandstorm
|-damage|p1b: Porygon2|94/100|[from] Sandstorm
|-heal|p2b: Corviknight|45/100 frz|[from] item: Leftovers
|-end|p1b: Porygon2|move: Taunt
|upkeep
|turn|4
|inactive|Jakobtc has 30 seconds left.
|
|t:|1756756036
|switch|p1a: Ursaluna|Ursaluna, L50, M|100/100
|-terastallize|p2a: Tyranitar|Flying
|move|p2a: Tyranitar|Tera Blast|p1a: Ursaluna|[anim] Tera Blast Flying
|-damage|p1a: Ursaluna|69/100
|cant|p2b: Corviknight|frz
|move|p1b: Porygon2|Trick Room|p1b: Porygon2
|-fieldstart|move: Trick Room|[of] p1b: Porygon2
|
|-weather|Sandstorm|[upkeep]
|-damage|p1b: Porygon2|88/100|[from] Sandstorm
|-damage|p2a: Tyranitar|78/100|[from] Sandstorm
|-heal|p2b: Corviknight|51/100 frz|[from] item: Leftovers
|-status|p1a: Ursaluna|brn|[from] item: Flame Orb
|upkeep
|turn|5
|
|t:|1756756055
|switch|p2a: Annihilape|Annihilape, L50, M|27/100
|move|p1a: Ursaluna|Facade|p2a: Annihilape
|-immune|p2a: Annihilape
|move|p1b: Porygon2|Ice Beam|p2b: Corviknight
|-damage|p2b: Corviknight|16/100 frz
|cant|p2b: Corviknight|frz
|
|-weather|Sandstorm|[upkeep]
|-damage|p1b: Porygon2|82/100|[from] Sandstorm
|-heal|p2b: Corviknight|22/100 frz|[from] item: Leftovers
|-damage|p1a: Ursaluna|63/100 brn|[from] brn
|upkeep
|turn|6
|
|t:|1756756080
|move|p1a: Ursaluna|Facade|p2b: Corviknight
|-resisted|p2b: Corviknight
|-damage|p2b: Corviknight|0 fnt
|faint|p2b: Corviknight
|move|p1b: Porygon2|Ice Beam|p2a: Annihilape
|-damage|p2a: Annihilape|0 fnt
|faint|p2a: Annihilape
|
|-weather|Sandstorm|[upkeep]
|-damage|p1b: Porygon2|75/100|[from] Sandstorm
|-damage|p1a: Ursaluna|57/100 brn|[from] brn
|upkeep
|
|t:|1756756084
|switch|p2b: Excadrill|Excadrill, L50, M, shiny|100/100
|switch|p2a: Tyranitar|Tyranitar, L50, F, shiny, tera:Flying|78/100
|turn|7
|
|t:|1756756101
|move|p1a: Ursaluna|Facade|p2a: Tyranitar
|-damage|p2a: Tyranitar|0 fnt
|faint|p2a: Tyranitar
|move|p1b: Porygon2|Ice Beam|p2b: Excadrill
|-damage|p2b: Excadrill|49/100
|move|p2b: Excadrill|Earthquake|p1a: Ursaluna|[spread] p1a,p1b
|-damage|p1a: Ursaluna|25/100 brn
|-damage|p1b: Porygon2|47/100
|
|-weather|none
|-damage|p1a: Ursaluna|19/100 brn|[from] brn
|upkeep
|turn|8
|
|t:|1756756113
|move|p1a: Ursaluna|Facade|p2b: Excadrill
|-resisted|p2b: Excadrill
|-damage|p2b: Excadrill|0 fnt
|faint|p2b: Excadrill
|
|win|Jakobtc
