|j|☆Sawadaburner
|j|☆Refanner
|html|SawadaburnerRefanner    
|uhtml|bestof|Game 1 of a best-of-3
|t:|1756471576
|gametype|doubles
|player|p1|Sawadaburner|102|1251
|player|p2|Refanner|101|1164
|gen|9
|tier|[Gen 9] VGC 2025 Reg H (Bo3)
|rated|
|rule|Species Clause: Limit one of each Pokémon
|rule|Item Clause: Limit 1 of each item
|clearpoke
|poke|p1|Porygon2, L50|
|poke|p1|Incineroar, L50, M|
|poke|p1|Ursaluna, L50, M|
|poke|p1|Jumpluff, L50, M|
|poke|p1|Charizard, L50, M|
|poke|p1|Torkoal, L50, F|
|poke|p2|Garchomp, L50, M|
|poke|p2|Incineroar, L50, M|
|poke|p2|Tyranitar, L50, M|
|poke|p2|Gholdengo, L50|
|poke|p2|Primarina, L50, F|
|poke|p2|Talonflame, L50, M|
|teampreview|4
|showteam|p1|Porygon2||Eviolite|Download|TeraBlast,IceBeam,TrickRoom,Recover||||||50|,,,,,Fighting]Incineroar||SitrusBerry|Intimidate|FakeOut,KnockOff,FlareBlitz,PartingShot|||M|||50|,,,,,Ghost]Ursaluna||FlameOrb|Guts|HeadlongRush,Facade,Earthquake,Protect|||M|||50|,,,,,Ghost]Jumpluff||CovertCloak|Chlorophyll|RagePowder,SunnyDay,Tailwind,SleepPowder|||M|||50|,,,,,Water]Charizard||ChoiceSpecs|SolarPower|HeatWave,Overheat,WeatherBall,AirSlash|||M|||50|,,,,,Ghost]Torkoal||EjectPack|Drought|Overheat,Eruption,HelpingHand,Protect|||F|||50|,,,,,Fire
|showteam|p2|Garchomp||LifeOrb|RoughSkin|Earthquake,DragonClaw,StompingTantrum,Protect|||M|||50|,,,,,Fire]Incineroar||SitrusBerry|Intimidate|FlareBlitz,KnockOff,PartingShot,FakeOut|||M|||50|,,,,,Grass]Tyranitar||AssaultVest|SandStream|KnockOff,RockSlide,TeraBlast,LowKick|||M|||50|,,,,,Flying]Gholdengo||Leftovers|GoodasGold|MakeItRain,ShadowBall,NastyPlot,Protect||||||50|,,,,,Flying]Primarina||MagoBerry|LiquidVoice|HyperVoice,Moonblast,CalmMind,Protect|||F|||50|,,,,,Poison]Talonflame||CovertCloak|GaleWings|BraveBird,Tailwind,WillOWisp,Taunt|||M|||50|,,,,,Flying
|c|☆Sawadaburner|Just faced 172 speed Electabuzz...
|c|☆Sawadaburner|What rank are we? 1070?
|
|t:|1756471672
|teamsize|p1|4
|teamsize|p2|4
|start
|switch|p1a: Jumpluff|Jumpluff, L50, M|100/100
|switch|p1b: Torkoal|Torkoal, L50, F|100/100
|switch|p2a: Tyranitar|Tyranitar, L50, M|100/100
|switch|p2b: Talonflame|Talonflame, L50, M|100/100
|-weather|Sandstorm|[from] ability: Sand Stream|[of] p2a: Tyranitar
|-weather|SunnyDay|[from] ability: Drought|[of] p1b: Torkoal
|turn|1
|
|t:|1756471743
|switch|p1a: Porygon2|Porygon2, L50|100/100
|-ability|p1a: Porygon2|Download|boost
|-boost|p1a: Porygon2|spa|1
|move|p2b: Talonflame|Taunt|p1a: Porygon2
|-start|p1a: Porygon2|move: Taunt
|move|p2a: Tyranitar|Rock Slide|p1a: Porygon2|[spread] p1a,p1b
|-supereffective|p1b: Torkoal
|-damage|p1a: Porygon2|82/100
|-damage|p1b: Torkoal|50/100
|move|p1b: Torkoal|Overheat|p2b: Talonflame
|-resisted|p2b: Talonflame
|-damage|p2b: Talonflame|34/100
|-unboost|p1b: Torkoal|spa|2
|-enditem|p1b: Torkoal|Eject Pack
|
|t:|1756471754
|switch|p1b: Jumpluff|Jumpluff, L50, M|100/100
|
|-weather|SunnyDay|[upkeep]
|upkeep
|turn|2
|inactive|Battle timer is ON: inactive players will automatically lose when time's up. (requested by Sawadaburner)
|
|t:|1756471813
|move|p1b: Jumpluff|Sleep Powder|p2b: Talonflame
|-status|p2b: Talonflame|slp|[from] move: Sleep Powder
|cant|p2b: Talonflame|slp
|move|p2a: Tyranitar|Rock Slide|p1b: Jumpluff|[spread] p1a,p1b
|-supereffective|p1b: Jumpluff
|-damage|p1a: Porygon2|62/100
|-damage|p1b: Jumpluff|31/100
|move|p1a: Porygon2|Ice Beam|p2b: Talonflame
|-damage|p2b: Talonflame|0 fnt
|faint|p2b: Talonflame
|
|-weather|SunnyDay|[upkeep]
|upkeep
|
|t:|1756471830
|switch|p2b: Incineroar|Incineroar, L50, M|100/100
|-ability|p2b: Incineroar|Intimidate|boost
|-unboost|p1a: Porygon2|atk|1
|-unboost|p1b: Jumpluff|atk|1
|turn|3
|
|t:|1756471844
|move|p1b: Jumpluff|Sleep Powder|p2a: Tyranitar
|-status|p2a: Tyranitar|slp|[from] move: Sleep Powder
|move|p2b: Incineroar|Knock Off|p1a: Porygon2
|-damage|p1a: Porygon2|37/100
|-enditem|p1a: Porygon2|Eviolite|[from] move: Knock Off|[of] p2b: Incineroar
|cant|p2a: Tyranitar|slp
|move|p1a: Porygon2|Tera Blast|p2b: Incineroar
|-damage|p2b: Incineroar|47/100
|-enditem|p2b: Incineroar|Sitrus Berry|[eat]
|-heal|p2b: Incineroar|72/100|[from] item: Sitrus Berry
|
|-weather|SunnyDay|[upkeep]
|-end|p1a: Porygon2|move: Taunt
|upkeep
|turn|4
|inactive|Refanner has 30 seconds left.
|
|t:|1756471877
|-terastallize|p2b: Incineroar|Grass
|-terastallize|p1a: Porygon2|Fighting
|move|p1b: Jumpluff|Tailwind|p1b: Jumpluff
|-sidestart|p1: Sawadaburner|move: Tailwind
|move|p1a: Porygon2|Tera Blast|p2a: Tyranitar|[anim] Tera Blast Fighting
|-supereffective|p2a: Tyranitar
|-damage|p2a: Tyranitar|0 fnt
|faint|p2a: Tyranitar
|move|p2b: Incineroar|Flare Blitz|p1a: Porygon2
|-damage|p1a: Porygon2|0 fnt
|faint|p1a: Porygon2
|-damage|p2b: Incineroar|61/100|[from] Recoil
|
|-weather|SunnyDay|[upkeep]
|upkeep
|
|t:|1756471889
|switch|p2a: Garchomp|Garchomp, L50, M|100/100
|switch|p1a: Ursaluna|Ursaluna, L50, M|100/100
|turn|5
|inactive|Refanner has 30 seconds left.
|inactive|Refanner has 20 seconds left.
|
|t:|1756471925
|move|p1a: Ursaluna|Protect|p1a: Ursaluna
|-singleturn|p1a: Ursaluna|Protect
|move|p2a: Garchomp|Protect|p2a: Garchomp
|-singleturn|p2a: Garchomp|Protect
|move|p1b: Jumpluff|Sleep Powder|p2a: Garchomp
|-activate|p2a: Garchomp|move: Protect
|move|p2b: Incineroar|Knock Off|p1a: Ursaluna
|-activate|p1a: Ursaluna|move: Protect
|
|-weather|none
|-status|p1a: Ursaluna|brn|[from] item: Flame Orb
|upkeep
|turn|6
|
|t:|1756471948
|switch|p1b: Torkoal|Torkoal, L50, F|50/100
|-weather|SunnyDay|[from] ability: Drought|[of] p1b: Torkoal
|move|p1a: Ursaluna|Facade|p2a: Garchomp
|-damage|p2a: Garchomp|0 fnt
|-damage|p1a: Ursaluna|88/100 brn|[from] ability: Rough Skin|[of] p2a: Garchomp
|faint|p2a: Garchomp
|move|p2b: Incineroar|Knock Off|p1a: Ursaluna
|-damage|p1a: Ursaluna|54/100 brn
|-enditem|p1a: Ursaluna|Flame Orb|[from] move: Knock Off|[of] p2b: Incineroar
|
|-weather|SunnyDay|[upkeep]
|-damage|p1a: Ursaluna|48/100 brn|[from] brn
|upkeep
|turn|7
|-message|Refanner forfeited.
|
|win|Sawadaburner
||Refanner is ready for game 2.
||Sawadaburner is ready for game 2.
|uhtml|next|Next: Game 2 of 3
