|j|☆ner0_05
|j|☆lolgz
|html|ner0_05lolgz    
|uhtml|bestof|Game 2 of a best-of-3
|t:|1783034168
|gametype|doubles
|player|p1|ner0_05|1|1145
|player|p2|lolgz|dawn|1121
|gen|9
|tier|[Gen 9 Champions] VGC 2026 Reg M-B (Bo3)
|rated|
|rule|Species Clause: Limit one of each Pokémon
|rule|Item Clause: Limit 1 of each item
|clearpoke
|poke|p1|Swampert, L50, F|
|poke|p1|Sinistcha, L50|
|poke|p1|Archaludon, L50, M|
|poke|p1|Pelipper, L50, F|
|poke|p1|Dragalge, L50, F|
|poke|p1|Grimmsnarl, L50, M|
|poke|p2|Scrafty, L50, M|
|poke|p2|Vivillon, L50, F|
|poke|p2|Incineroar, L50, M|
|poke|p2|Sinistcha, L50|
|poke|p2|Rotom-Wash, L50|
|poke|p2|Delphox, L50, M|
|teampreview|4
|showteam|p1|Swampert||Swampertite|Torrent|Protect,WaveCrash,Earthquake,KnockOff|Adamant||F|||50|]Sinistcha||KasibBerry|Hospitality|Protect,MatchaGotcha,TrickRoom,RagePowder|Bold|||||50|]Archaludon||Leftovers|Stamina|Protect,ElectroShot,FlashCannon,AuraSphere|Modest||M|||50|]Pelipper||LifeOrb|Drizzle|WeatherBall,Hurricane,WideGuard,Protect|Modest||F|||50|]Dragalge||Dragalgite|PoisonPoint|Protect,SludgeWave,SludgeBomb,DracoMeteor|Modest||F|||50|]Grimmsnarl||LightClay|Prankster|Reflect,LightScreen,PartingShot,SpiritBreak|Careful||M|||50|
|showteam|p2|Scrafty||Scraftinite|Intimidate|DrainPunch,KnockOff,Protect,DragonDance|Jolly||M|||50|]Vivillon||ChoiceScarf|CompoundEyes|SleepPowder,Hurricane,RagePowder,Tailwind|Timid||F|||50|]Incineroar||PasshoBerry|Intimidate|PartingShot,FakeOut,ThroatChop,FlareBlitz|Careful||M|||50|]Sinistcha||KasibBerry|Hospitality|MatchaGotcha,RagePowder,LifeDew,Protect|Serious|||||50|]Rotom-Wash||SitrusBerry|Levitate|HydroPump,WillOWisp,VoltSwitch,LightScreen|Modest|||||50|]Delphox||Delphoxite|Blaze|HeatWave,Psychic,Protect,NastyPlot|Timid||M|||50|
|inactive|Battle timer is ON: inactive players will automatically lose when time's up. (requested by lolgz)
|j| Gelian
|inactive|lolgz has 60 seconds left.
|
|t:|1783034201
|teamsize|p1|4
|teamsize|p2|4
|start
|switch|p1a: Sinistcha|Sinistcha, L50|100/100
|switch|p1b: Pelipper|Pelipper, L50, F|100/100
|switch|p2a: Vivillon|Vivillon, L50, F|100/100
|switch|p2b: Scrafty|Scrafty, L50, M|100/100
|-ability|p2b: Scrafty|Intimidate|boost
|-unboost|p1a: Sinistcha|atk|1
|-unboost|p1b: Pelipper|atk|1
|-weather|RainDance|[from] ability: Drizzle|[of] p1b: Pelipper
|turn|1
|l| Gelian
|inactive|ner0_05 has 30 seconds left.
|inactive|ner0_05 has 20 seconds left.
|
|t:|1783034240
|detailschange|p2b: Scrafty|Scrafty-Mega, L50, M
|-mega|p2b: Scrafty|Scrafty|Scraftinite
|-ability|p2b: Scrafty|Intimidate|boost
|-unboost|p1a: Sinistcha|atk|1
|-unboost|p1b: Pelipper|atk|1
|move|p1a: Sinistcha|Rage Powder|p1a: Sinistcha
|-singleturn|p1a: Sinistcha|move: Rage Powder
|move|p2a: Vivillon|Hurricane|p1a: Sinistcha
|-supereffective|p1a: Sinistcha|1
|-damage|p1a: Sinistcha|22/100
|-start|p1a: Sinistcha|confusion
|move|p2b: Scrafty|Dragon Dance|p2b: Scrafty
|-boost|p2b: Scrafty|atk|1
|-boost|p2b: Scrafty|spe|1
|move|p1b: Pelipper|Hurricane|p2a: Vivillon
|-supereffective|p2a: Vivillon|1
|-damage|p2a: Vivillon|0 fnt
|faint|p2a: Vivillon
|-damage|p1b: Pelipper|90/100|[from] item: Life Orb
|
|-weather|RainDance|[upkeep]
|upkeep
|
|t:|1783034248
|switch|p2a: Incineroar|Incineroar, L50, M|100/100
|-ability|p2a: Incineroar|Intimidate|boost
|-unboost|p1a: Sinistcha|atk|1
|-unboost|p1b: Pelipper|atk|1
|turn|2
|
|t:|1783034272
|switch|p1a: Grimmsnarl|Grimmsnarl, L50, M|100/100
|move|p1b: Pelipper|Protect|p1b: Pelipper
|-singleturn|p1b: Pelipper|Protect
|move|p2b: Scrafty|Knock Off|p1b: Pelipper
|-activate|p1b: Pelipper|move: Protect
|move|p2a: Incineroar|Throat Chop|p1a: Grimmsnarl
|-resisted|p1a: Grimmsnarl|2
|-damage|p1a: Grimmsnarl|91/100
|-start|p1a: Grimmsnarl|Throat Chop|[silent]
|
|-weather|RainDance|[upkeep]
|upkeep
|turn|3
|
|t:|1783034293
|move|p2b: Scrafty|Protect|p2b: Scrafty
|-singleturn|p2b: Scrafty|Protect
|move|p1a: Grimmsnarl|Reflect|p1a: Grimmsnarl
|-sidestart|p1: ner0_05|Reflect
|move|p1b: Pelipper|Weather Ball|p2a: Incineroar
|-supereffective|p2a: Incineroar|1
|-enditem|p2a: Incineroar|Passho Berry|[eat]
|-enditem|p2a: Incineroar|Passho Berry|[weaken]
|-damage|p2a: Incineroar|30/100
|-damage|p1b: Pelipper|81/100|[from] item: Life Orb
|move|p2a: Incineroar|Parting Shot|p1a: Grimmsnarl
|-unboost|p1a: Grimmsnarl|atk|1
|-unboost|p1a: Grimmsnarl|spa|1
|
|t:|1783034301
|switch|p2a: Sinistcha|Sinistcha, L50|100/100|[from] Parting Shot
|
|-weather|RainDance|[upkeep]
|-end|p1a: Grimmsnarl|Throat Chop|[silent]
|upkeep
|turn|4
|inactive|ner0_05 has 30 seconds left.
|
|t:|1783034331
|move|p2a: Sinistcha|Rage Powder|p2a: Sinistcha
|-singleturn|p2a: Sinistcha|move: Rage Powder
|move|p2b: Scrafty|Dragon Dance|p2b: Scrafty
|-boost|p2b: Scrafty|atk|1
|-boost|p2b: Scrafty|spe|1
|move|p1b: Pelipper|Hurricane|p2a: Sinistcha
|-supereffective|p2a: Sinistcha|1
|-damage|p2a: Sinistcha|0 fnt
|faint|p2a: Sinistcha
|-damage|p1b: Pelipper|71/100|[from] item: Life Orb
|move|p1a: Grimmsnarl|Spirit Break|p2b: Scrafty
|-supereffective|p2b: Scrafty|2
|-damage|p2b: Scrafty|33/100
|-unboost|p2b: Scrafty|spa|1
|
|-weather|RainDance|[upkeep]
|upkeep
|
|t:|1783034341
|switch|p2a: Incineroar|Incineroar, L50, M|30/100
|-ability|p2a: Incineroar|Intimidate|boost
|-unboost|p1a: Grimmsnarl|atk|1
|-unboost|p1b: Pelipper|atk|1
|turn|5
|inactive|ner0_05 has 30 seconds left.
|
|t:|1783034367
|switch|p1a: Sinistcha|Sinistcha, L50|22/100
|-heal|p1b: Pelipper|96/100|[from] ability: Hospitality|[of] p1a: Sinistcha
|move|p2a: Incineroar|Fake Out|p1a: Sinistcha
|-immune|p1a: Sinistcha
|move|p2b: Scrafty|Knock Off|p1b: Pelipper
|-damage|p1b: Pelipper|19/100
|-enditem|p1b: Pelipper|Life Orb|[from] move: Knock Off|[of] p2b: Scrafty
|move|p1b: Pelipper|Hurricane|p2b: Scrafty
|-supereffective|p2b: Scrafty|1
|-damage|p2b: Scrafty|0 fnt
|faint|p2b: Scrafty
|
|-weather|none
|upkeep
|turn|6
|-message|lolgz forfeited.
|
|win|ner0_05
