|j|‽Juaner95
|j|☆memeberserk
|html|Juaner95memeberserk    
|uhtml|bestof|Game 3 of a best-of-3
|t:|1785108673
|gametype|doubles
|player|p1|Juaner95|ash-hoenn|1142
|player|p2|memeberserk|lance|1208
|gen|9
|tier|[Gen 9 Champions] VGC 2026 Reg M-B (Bo3)
|rated|
|rule|Species Clause: Limit one of each Pokémon
|rule|Item Clause: Limit 1 of each item
|clearpoke
|poke|p1|Eelektross, L50, F|
|poke|p1|Ninetales-Alola, L50, F, shiny|
|poke|p1|Talonflame, L50, F|
|poke|p1|Garchomp, L50, M|
|poke|p1|Incineroar, L50, M, shiny|
|poke|p1|Kingambit, L50, M|
|poke|p2|Raichu, L50, F|
|poke|p2|Corviknight, L50, M|
|poke|p2|Sylveon, L50, F|
|poke|p2|Basculegion, L50, M|
|poke|p2|Mamoswine, L50, M|
|poke|p2|Tyranitar, L50, F|
|teampreview|4
|showteam|p1|Eelektross||Eelektrossite|Levitate|SupercellSlam,DrainPunch,Coil,Protect|Adamant||F|||50|]Ninetales-Alola||ChoiceScarf|SnowWarning|Blizzard,FreezeDry,IcyWind,Moonblast|Modest||F|||50|]Talonflame||SharpBeak|GaleWings|BraveBird,FlareBlitz,Tailwind,Protect|Jolly||F|||50|]Garchomp||LifeOrb|RoughSkin|RockSlide,Earthquake,DragonClaw,Protect|Jolly||M|||50|]Incineroar||SitrusBerry|Intimidate|FlareBlitz,ThroatChop,PartingShot,FakeOut|Careful||M|||50|]Kingambit||FocusSash|Defiant|KowtowCleave,SuckerPunch,LowKick,Protect|Adamant||M|||50|
|showteam|p2|Raichu||RaichuniteY|LightningRod|ZapCannon,FocusBlast,FakeOut,Protect|Timid||F|||50|]Corviknight||Leftovers|Unnerve|BraveBird,IronHead,Tailwind,Protect|Careful||M|||50|]Sylveon||FairyFeather|Pixilate|HyperVoice,QuickAttack,Protect,Yawn|Modest||F|||50|]Basculegion||MysticWater|SwiftSwim|WaveCrash,LastRespects,AquaJet,Protect|Adamant||M|||50|]Mamoswine||LifeOrb|Oblivious|HighHorsepower,IceShard,IcicleCrash,Protect|Adamant||M|||50|]Tyranitar||FocusSash|SandStream|RockSlide,KnockOff,Superpower,Protect|Adamant||F|||50|
|inactive|Battle timer is ON: inactive players will automatically lose when time's up. (requested by memeberserk)
|inactive|Juaner95 has 60 seconds left.
|inactive|Juaner95 has 30 seconds left.
|inactive|Juaner95 has 20 seconds left.
|
|t:|1785108763
|teamsize|p1|4
|teamsize|p2|4
|start
|switch|p1a: Incineroar|Incineroar, L50, M, shiny|100/100
|switch|p1b: Talonflame|Talonflame, L50, F|100/100
|switch|p2a: Mamoswine|Mamoswine, L50, M|100/100
|switch|p2b: Tyranitar|Tyranitar, L50, F|100/100
|-weather|Sandstorm|[from] ability: Sand Stream|[of] p2b: Tyranitar
|-ability|p1a: Incineroar|Intimidate|boost
|-fail|p2a: Mamoswine|unboost|Attack|[from] ability: Oblivious|[of] p2a: Mamoswine
|-unboost|p2b: Tyranitar|atk|1
|turn|1
|
|t:|1785108781
|move|p1a: Incineroar|Fake Out|p2a: Mamoswine
|-damage|p2a: Mamoswine|87/100
|move|p1b: Talonflame|Tailwind|p1b: Talonflame
|-sidestart|p1: Juaner95|move: Tailwind
|cant|p2a: Mamoswine|flinch
|move|p2b: Tyranitar|Rock Slide|p1a: Incineroar|[spread] 
|-miss|p2b: Tyranitar|p1a: Incineroar
|-miss|p2b: Tyranitar|p1b: Talonflame
|
|-weather|Sandstorm|[upkeep]
|-damage|p1b: Talonflame|94/100|[from] Sandstorm
|-damage|p1a: Incineroar|93/100|[from] Sandstorm
|upkeep
|turn|2
|
|t:|1785108797
|switch|p2a: Sylveon|Sylveon, L50, F|100/100
|move|p1b: Talonflame|Flare Blitz|p2a: Sylveon
|-damage|p2a: Sylveon|48/100
|-damage|p1b: Talonflame|73/100|[from] Recoil
|move|p1a: Incineroar|Flare Blitz|p2a: Sylveon
|-damage|p2a: Sylveon|0 fnt
|faint|p2a: Sylveon
|-damage|p1a: Incineroar|78/100|[from] Recoil
|move|p2b: Tyranitar|Rock Slide|p1a: Incineroar|[spread] p1b
|-miss|p2b: Tyranitar|p1a: Incineroar
|-supereffective|p1b: Talonflame|2
|-damage|p1b: Talonflame|0 fnt
|faint|p1b: Talonflame
|
|-weather|Sandstorm|[upkeep]
|-damage|p1a: Incineroar|72/100|[from] Sandstorm
|upkeep
|inactive|memeberserk has 30 seconds left.
|
|t:|1785108831
|switch|p1b: Garchomp|Garchomp, L50, M|100/100
|switch|p2a: Raichu|Raichu, L50, F|100/100
|turn|3
|
|t:|1785108838
|move|p1b: Garchomp|Protect|p1b: Garchomp
|-singleturn|p1b: Garchomp|Protect
|move|p2a: Raichu|Fake Out|p1b: Garchomp
|-activate|p1b: Garchomp|move: Protect
|move|p1a: Incineroar|Parting Shot|p2a: Raichu
|-unboost|p2a: Raichu|atk|1
|-unboost|p2a: Raichu|spa|1
|
|t:|1785108843
|switch|p1a: Eelektross|Eelektross, L50, F|100/100|[from] Parting Shot
|move|p2b: Tyranitar|Superpower|p1a: Eelektross
|-damage|p1a: Eelektross|65/100
|-unboost|p2b: Tyranitar|atk|1
|-unboost|p2b: Tyranitar|def|1
|
|-weather|Sandstorm|[upkeep]
|-damage|p2a: Raichu|94/100|[from] Sandstorm
|-damage|p1a: Eelektross|59/100|[from] Sandstorm
|upkeep
|turn|4
|inactive|memeberserk has 30 seconds left.
|
|t:|1785108876
|detailschange|p2a: Raichu|Raichu-Mega-Y, L50, F
|-mega|p2a: Raichu|Raichu|Raichunite Y
|detailschange|p1a: Eelektross|Eelektross-Mega, L50, F
|-mega|p1a: Eelektross|Eelektross|Eelektrossite
|move|p2a: Raichu|Protect|p2a: Raichu
|-singleturn|p2a: Raichu|Protect
|move|p2b: Tyranitar|Protect|p2b: Tyranitar
|-singleturn|p2b: Tyranitar|Protect
|move|p1b: Garchomp|Earthquake|p2a: Raichu|[spread] 
|-activate|p2a: Raichu|move: Protect
|-activate|p2b: Tyranitar|move: Protect
|-immune|p1a: Eelektross|[from] ability: Eelevate
|move|p1a: Eelektross|Coil|p1a: Eelektross
|-boost|p1a: Eelektross|atk|1
|-boost|p1a: Eelektross|def|1
|-boost|p1a: Eelektross|accuracy|1
|
|-weather|Sandstorm|[upkeep]
|-damage|p1a: Eelektross|53/100|[from] Sandstorm
|-damage|p2a: Raichu|88/100|[from] Sandstorm
|-sideend|p1: Juaner95|move: Tailwind
|upkeep
|turn|5
|
|t:|1785108898
|move|p2a: Raichu|Zap Cannon|p1a: Eelektross
|-resisted|p1a: Eelektross|1
|-damage|p1a: Eelektross|32/100
|move|p1b: Garchomp|Earthquake|p2a: Raichu|[spread] p2a,p2b
|-immune|p1a: Eelektross|[from] ability: Eelevate
|-supereffective|p2a: Raichu|1
|-supereffective|p2b: Tyranitar|1
|-damage|p2a: Raichu|0 fnt
|-enditem|p2b: Tyranitar|Focus Sash
|-damage|p2b: Tyranitar|1/100
|faint|p2a: Raichu
|-damage|p1b: Garchomp|90/100|[from] item: Life Orb
|move|p1a: Eelektross|Drain Punch|p2b: Tyranitar
|-supereffective|p2b: Tyranitar|2
|-damage|p2b: Tyranitar|0 fnt
|-heal|p1a: Eelektross|33/100|[from] drain|[of] p2b: Tyranitar
|faint|p2b: Tyranitar
|-ability|p1a: Eelektross|Eelevate|boost
|-boost|p1a: Eelektross|atk|1
|
|-weather|none
|upkeep
|
|t:|1785108916
|switch|p2b: Mamoswine|Mamoswine, L50, M|87/100
|turn|6
|
|t:|1785108922
|switch|p1b: Incineroar|Incineroar, L50, M, shiny|72/100
|-ability|p1b: Incineroar|Intimidate|boost
|-fail|p2b: Mamoswine|unboost|Attack|[from] ability: Oblivious|[of] p2b: Mamoswine
|move|p2b: Mamoswine|Icicle Crash|p1a: Eelektross
|-damage|p1a: Eelektross|0 fnt
|faint|p1a: Eelektross
|-damage|p2b: Mamoswine|77/100|[from] item: Life Orb
|
|upkeep
|
|t:|1785108928
|switch|p1a: Garchomp|Garchomp, L50, M|90/100
|turn|7
|
|t:|1785108950
|move|p2b: Mamoswine|Protect|p2b: Mamoswine
|-singleturn|p2b: Mamoswine|Protect
|move|p1b: Incineroar|Fake Out|p2b: Mamoswine
|-activate|p2b: Mamoswine|move: Protect
|move|p1a: Garchomp|Rock Slide|p2b: Mamoswine
|-activate|p2b: Mamoswine|move: Protect
|
|upkeep
|turn|8
|
|t:|1785108965
|move|p2b: Mamoswine|Ice Shard|p1a: Garchomp
|-supereffective|p1a: Garchomp|2
|-damage|p1a: Garchomp|0 fnt
|faint|p1a: Garchomp
|-damage|p2b: Mamoswine|68/100|[from] item: Life Orb
|move|p1b: Incineroar|Flare Blitz|p2b: Mamoswine
|-supereffective|p2b: Mamoswine|1
|-damage|p2b: Mamoswine|0 fnt
|faint|p2b: Mamoswine
|-damage|p1b: Incineroar|51/100|[from] Recoil
|
|win|Juaner95
|raw|Juaner95's rating: 1142 → 1172(+30 for winning)
|raw|memeberserk's rating: 1208 → 1178(-30 for losing)
|l|☆memeberserk
|player|p2|
