|j|☆PaquitoelBollito
|j|☆FatherPenguin
|html|PaquitoelBollitoFatherPenguin    
|uhtml|bestof|Game 1 of a best-of-3
|t:|1785096991
|gametype|doubles
|player|p1|PaquitoelBollito|170|1119
|player|p2|FatherPenguin|acetrainersnow|1180
|gen|9
|tier|[Gen 9 Champions] VGC 2026 Reg M-B (Bo3)
|rated|
|rule|Species Clause: Limit one of each Pokémon
|rule|Item Clause: Limit 1 of each item
|clearpoke
|poke|p1|Aerodactyl, L50, F|
|poke|p1|Kingambit, L50, M|
|poke|p1|Garchomp, L50, M|
|poke|p1|Farigiraf, L50, M|
|poke|p1|Charizard, L50, F|
|poke|p1|Sylveon, L50, M|
|poke|p2|Tyranitar, L50, M|
|poke|p2|Excadrill, L50, F|
|poke|p2|Milotic, L50, F|
|poke|p2|Sinistcha, L50|
|poke|p2|Staraptor, L50, F|
|poke|p2|Gholdengo, L50|
|teampreview|4
|showteam|p1|Aerodactyl||Aerodactylite|Unnerve|Tailwind,DualWingbeat,IceFang,RockSlide|Jolly||F|||50|]Kingambit||BlackGlasses|Defiant|SuckerPunch,KowtowCleave,IronHead,LowKick|Adamant||M|||50|]Garchomp||LifeOrb|RoughSkin|Protect,DragonClaw,RockSlide,StompingTantrum|Jolly||M|||50|]Farigiraf||SitrusBerry|ArmorTail|PsychicFangs,Thunderbolt,TrickRoom,SunnyDay|Relaxed||M|||50|]Charizard||CharizarditeY|Blaze|Protect,HeatWave,WeatherBall,SolarBeam|Modest||F|||50|]Sylveon||FairyFeather|Pixilate|HyperVoice,Protect,QuickAttack,HyperBeam|Modest||M|||50|
|showteam|p2|Tyranitar||Tyranitarite|SandStream|KnockOff,RockSlide,HighHorsepower,Protect|Jolly||M|||50|]Excadrill||FocusSash|SandRush|Earthquake,IronHead,RockSlide,Protect|Adamant||F|||50|]Milotic||SitrusBerry|Competitive|Scald,IcyWind,Haze,Protect|Calm||F|||50|]Sinistcha||ColburBerry|Hospitality|MatchaGotcha,ShadowBall,Protect,RagePowder|Bold|||||50|]Staraptor||Staraptite|Intimidate|CloseCombat,BraveBird,Tailwind,Protect|Jolly||F|||50|]Gholdengo||LifeOrb|GoodasGold|MakeItRain,ShadowBall,NastyPlot,Protect|Modest|||||50|
|inactive|Battle timer is ON: inactive players will automatically lose when time's up. (requested by PaquitoelBollito)
|inactive|FatherPenguin has 60 seconds left.
|
|t:|1785097036
|teamsize|p1|4
|teamsize|p2|4
|start
|switch|p1a: Sylveon|Sylveon, L50, M|100/100
|switch|p1b: Aerodactyl|Aerodactyl, L50, F|100/100
|switch|p2a: Milotic|Milotic, L50, F|100/100
|switch|p2b: Gholdengo|Gholdengo, L50|100/100
|-ability|p1b: Aerodactyl|Unnerve
|turn|1
|
|t:|1785097059
|detailschange|p1b: Aerodactyl|Aerodactyl-Mega, L50, F
|-mega|p1b: Aerodactyl|Aerodactyl|Aerodactylite
|move|p1a: Sylveon|Protect|p1a: Sylveon
|-singleturn|p1a: Sylveon|Protect
|move|p1b: Aerodactyl|Tailwind|p1b: Aerodactyl
|-sidestart|p1: PaquitoelBollito|move: Tailwind
|move|p2a: Milotic|Scald|p1b: Aerodactyl
|-supereffective|p1b: Aerodactyl|1
|-damage|p1b: Aerodactyl|41/100
|move|p2b: Gholdengo|Make It Rain|p1b: Aerodactyl|[spread] 
|-activate|p1a: Sylveon|move: Protect
|-miss|p2b: Gholdengo|p1b: Aerodactyl
|
|upkeep
|turn|2
|inactive|FatherPenguin has 30 seconds left.
|inactive|PaquitoelBollito has 30 seconds left.
|inactive|FatherPenguin has 20 seconds left.
|inactive|FatherPenguin has 15 seconds left.
|inactive|FatherPenguin has 10 seconds left.
|
|t:|1785097104
|move|p1b: Aerodactyl|Rock Slide|p2b: Gholdengo|[spread] p2a,p2b
|-resisted|p2b: Gholdengo|1
|-damage|p2a: Milotic|74/100
|-damage|p2b: Gholdengo|87/100
|move|p1a: Sylveon|Hyper Voice|p2a: Milotic|[spread] p2a,p2b
|-resisted|p2b: Gholdengo|1
|-damage|p2a: Milotic|44/100
|-damage|p2b: Gholdengo|67/100
|-enditem|p2a: Milotic|Sitrus Berry|[eat]
|-heal|p2a: Milotic|68/100|[from] item: Sitrus Berry
|move|p2a: Milotic|Icy Wind|p1a: Sylveon|[spread] p1a,p1b
|-supereffective|p1b: Aerodactyl|1
|-damage|p1a: Sylveon|92/100
|-damage|p1b: Aerodactyl|18/100
|-unboost|p1a: Sylveon|spe|1
|-unboost|p1b: Aerodactyl|spe|1
|cant|p2b: Gholdengo|flinch
|
|upkeep
|turn|3
|inactive|FatherPenguin has 30 seconds left.
|
|t:|1785097131
|switch|p1a: Kingambit|Kingambit, L50, M|100/100
|move|p1b: Aerodactyl|Rock Slide|p2a: Milotic|[spread] p2a
|-miss|p1b: Aerodactyl|p2b: Gholdengo
|-damage|p2a: Milotic|41/100
|cant|p2a: Milotic|flinch
|move|p2b: Gholdengo|Make It Rain|p1b: Aerodactyl|[spread] p1a,p1b
|-resisted|p1a: Kingambit|1
|-supereffective|p1b: Aerodactyl|1
|-damage|p1a: Kingambit|65/100
|-damage|p1b: Aerodactyl|0 fnt
|-unboost|p2b: Gholdengo|spa|2
|faint|p1b: Aerodactyl
|-damage|p2b: Gholdengo|57/100|[from] item: Life Orb
|
|upkeep
|
|t:|1785097142
|switch|p1b: Garchomp|Garchomp, L50, M|100/100
|turn|4
|inactive|FatherPenguin has 30 seconds left.
|inactive|FatherPenguin has 20 seconds left.
|inactive|FatherPenguin has 15 seconds left.
|inactive|FatherPenguin has 10 seconds left.
|inactive|FatherPenguin has 5 seconds left.
|
|t:|1785097196
|switch|p2b: Staraptor|Staraptor, L50, F|100/100
|-ability|p2b: Staraptor|Intimidate|boost
|-unboost|p1a: Kingambit|atk|1
|-ability|p1a: Kingambit|Defiant|boost
|-boost|p1a: Kingambit|atk|2
|-unboost|p1b: Garchomp|atk|1
|move|p2a: Milotic|Protect|p2a: Milotic
|-singleturn|p2a: Milotic|Protect
|move|p1b: Garchomp|Stomping Tantrum|p2b: Staraptor
|-immune|p2b: Staraptor
|move|p1a: Kingambit|Kowtow Cleave|p2a: Milotic
|-activate|p2a: Milotic|move: Protect
|
|-sideend|p1: PaquitoelBollito|move: Tailwind
|upkeep
|turn|5
|inactive|PaquitoelBollito has 30 seconds left.
|inactive|FatherPenguin has 30 seconds left.
|inactive|FatherPenguin has 20 seconds left.
|inactive|FatherPenguin has 15 seconds left.
|inactive|FatherPenguin has 10 seconds left.
|
|t:|1785097245
|move|p2b: Staraptor|Protect|p2b: Staraptor
|-singleturn|p2b: Staraptor|Protect
|move|p1a: Kingambit|Sucker Punch||[still]
|-fail|p1a: Kingambit
|move|p1b: Garchomp|Rock Slide|p2a: Milotic|[spread] p2a
|-activate|p2b: Staraptor|move: Protect
|-damage|p2a: Milotic|27/100
|-damage|p1b: Garchomp|90/100|[from] item: Life Orb
|move|p2a: Milotic|Icy Wind|p1b: Garchomp|[spread] p1a,p1b
|-resisted|p1a: Kingambit|1
|-supereffective|p1b: Garchomp|2
|-damage|p1a: Kingambit|60/100
|-damage|p1b: Garchomp|48/100
|-unboost|p1a: Kingambit|spe|1
|-ability|p1a: Kingambit|Defiant|boost
|-boost|p1a: Kingambit|atk|2
|-unboost|p1b: Garchomp|spe|1
|
|upkeep
|turn|6
|inactive|FatherPenguin has 30 seconds left.
|inactive|FatherPenguin has 20 seconds left.
|inactive|FatherPenguin has 15 seconds left.
|inactive|FatherPenguin has 10 seconds left.
|
|t:|1785097294
|detailschange|p2b: Staraptor|Staraptor-Mega, L50, F
|-mega|p2b: Staraptor|Staraptor|Staraptite
|move|p1a: Kingambit|Sucker Punch|p2b: Staraptor
|-resisted|p2b: Staraptor|1
|-damage|p2b: Staraptor|41/100
|move|p2b: Staraptor|Close Combat|p1a: Kingambit
|-supereffective|p1a: Kingambit|2
|-damage|p1a: Kingambit|0 fnt
|-boost|p2b: Staraptor|def|1
|-boost|p2b: Staraptor|spd|1
|faint|p1a: Kingambit
|move|p2a: Milotic|Scald|p1b: Garchomp
|-damage|p1b: Garchomp|19/100
|move|p1b: Garchomp|Rock Slide|p2b: Staraptor|[spread] p2a,p2b
|-damage|p2a: Milotic|11/100
|-damage|p2b: Staraptor|31/100
|-damage|p1b: Garchomp|9/100|[from] item: Life Orb
|
|upkeep
|
|t:|1785097307
|switch|p1a: Sylveon|Sylveon, L50, M|92/100
|turn|7
|
|t:|1785097329
|move|p1b: Garchomp|Protect|p1b: Garchomp
|-singleturn|p1b: Garchomp|Protect
|move|p2b: Staraptor|Tailwind|p2b: Staraptor
|-sidestart|p2: FatherPenguin|move: Tailwind
|move|p2a: Milotic|Icy Wind|p1b: Garchomp|[spread] p1a
|-activate|p1b: Garchomp|move: Protect
|-damage|p1a: Sylveon|83/100
|-unboost|p1a: Sylveon|spe|1
|move|p1a: Sylveon|Hyper Voice|p2b: Staraptor|[spread] p2a,p2b
|-supereffective|p2b: Staraptor|1
|-damage|p2a: Milotic|0 fnt
|-damage|p2b: Staraptor|0 fnt
|faint|p2a: Milotic
|faint|p2b: Staraptor
|
|upkeep
|
|t:|1785097345
|switch|p2b: Gholdengo|Gholdengo, L50|57/100
|switch|p2a: Tyranitar|Tyranitar, L50, M|100/100
|-weather|Sandstorm|[from] ability: Sand Stream|[of] p2a: Tyranitar
|turn|8
|
|t:|1785097368
|move|p2b: Gholdengo|Protect|p2b: Gholdengo
|-singleturn|p2b: Gholdengo|Protect
|move|p2a: Tyranitar|Rock Slide|p1a: Sylveon|[spread] p1a,p1b
|-resisted|p1b: Garchomp|1
|-damage|p1a: Sylveon|53/100
|-damage|p1b: Garchomp|0 fnt
|faint|p1b: Garchomp
|move|p1a: Sylveon|Hyper Voice|p2a: Tyranitar|[spread] p2a
|-activate|p2b: Gholdengo|move: Protect
|-supereffective|p2a: Tyranitar|1
|-damage|p2a: Tyranitar|39/100
|
|-weather|Sandstorm|[upkeep]
|-damage|p1a: Sylveon|46/100|[from] Sandstorm
|upkeep
|turn|9
|inactive|FatherPenguin has 30 seconds left.
|
|t:|1785097399
|move|p1a: Sylveon|Quick Attack|p2a: Tyranitar
|-supereffective|p2a: Tyranitar|1
|-damage|p2a: Tyranitar|17/100
|move|p2a: Tyranitar|Knock Off|p1a: Sylveon
|-resisted|p1a: Sylveon|1
|-damage|p1a: Sylveon|20/100y
|-enditem|p1a: Sylveon|Fairy Feather|[from] move: Knock Off|[of] p2a: Tyranitar
|move|p2b: Gholdengo|Shadow Ball|p1a: Sylveon
|-damage|p1a: Sylveon|0 fnt
|faint|p1a: Sylveon
|-damage|p2b: Gholdengo|48/100|[from] item: Life Orb
|
|win|FatherPenguin
