|j|☆panijc
|j|☆zhz2021
|html|panijczhz2021    
|uhtml|bestof|Game 2 of a best-of-3
|t:|1785614793
|gametype|doubles
|player|p1|panijc|170|1251
|player|p2|zhz2021|102|1271
|gen|9
|tier|[Gen 9 Champions] VGC 2026 Reg M-B (Bo3)
|rated|
|rule|Species Clause: Limit one of each Pokémon
|rule|Item Clause: Limit 1 of each item
|clearpoke
|poke|p1|Raichu, L50, M|
|poke|p1|Mamoswine, L50, F|
|poke|p1|Sylveon, L50, F|
|poke|p1|Incineroar, L50, F|
|poke|p1|Basculegion, L50, M|
|poke|p1|Whimsicott, L50, F|
|poke|p2|Froslass, L50, F|
|poke|p2|Dragonite, L50, M|
|poke|p2|Kingambit, L50, M|
|poke|p2|Blaziken, L50, F|
|poke|p2|Farigiraf, L50, M|
|poke|p2|Tinkaton, L50, F|
|teampreview|4
|showteam|p1|Raichu||RaichuniteY|LightningRod|ZapCannon,FocusBlast,FakeOut,Protect|Timid||M|||50|]Mamoswine||LifeOrb|Oblivious|IcicleCrash,HighHorsepower,IceShard,Protect|Adamant||F|||50|]Sylveon||FairyFeather|Pixilate|HyperVoice,HyperBeam,Detect,Yawn|Modest||F|||50|]Incineroar||SitrusBerry|Intimidate|ThroatChop,FlareBlitz,FakeOut,PartingShot|Impish||F|||50|]Basculegion||MysticWater|Adaptability|WaveCrash,LastRespects,AquaJet,Protect|Adamant||M|||50|]Whimsicott||FocusSash|Prankster|Moonblast,Tailwind,Protect,Encore|Timid||F|||50|
|showteam|p2|Froslass||Froslassite|CursedBody|Blizzard,ShadowBall,AuroraVeil,Protect|Timid||F|||50|]Dragonite||LifeOrb|InnerFocus|DragonClaw,ExtremeSpeed,Tailwind,Protect|Adamant||M|||50|]Kingambit||ChopleBerry|Defiant|KowtowCleave,SwordsDance,SuckerPunch,Protect|Adamant||M|||50|]Blaziken||Blazikenite|SpeedBoost|CloseCombat,FlareBlitz,RockSlide,Protect|Adamant||F|||50|]Farigiraf||SitrusBerry|ArmorTail|TrickRoom,HelpingHand,TwinBeam,Protect|Bold||M|||50|]Tinkaton||FocusSash|MoldBreaker|FakeOut,Protect,PlayRough,GigatonHammer|Adamant||F|||50|
|
|t:|1785614821
|teamsize|p1|4
|teamsize|p2|4
|start
|switch|p1a: Mamoswine|Mamoswine, L50, F|100/100
|switch|p1b: Raichu|Raichu, L50, M|100/100
|switch|p2a: Ice Age|Froslass, L50, F|100/100
|switch|p2b: Lasr Samurai|Kingambit, L50, M|100/100
|turn|1
|inactive|Battle timer is ON: inactive players will automatically lose when time's up. (requested by zhz2021)
|
|t:|1785614835
|detailschange|p1b: Raichu|Raichu-Mega-Y, L50, M
|-mega|p1b: Raichu|Raichu|Raichunite Y
|detailschange|p2a: Ice Age|Froslass-Mega, L50, F
|-mega|p2a: Ice Age|Froslass|Froslassite
|-weather|Snowscape|[from] ability: Snow Warning|[of] p2a: Ice Age
|move|p2b: Lasr Samurai|Protect|p2b: Lasr Samurai
|-singleturn|p2b: Lasr Samurai|Protect
|move|p1b: Raichu|Zap Cannon|p2a: Ice Age
|-damage|p2a: Ice Age|23/100
|-status|p2a: Ice Age|par
|move|p1a: Mamoswine|High Horsepower|p2b: Lasr Samurai
|-activate|p2b: Lasr Samurai|move: Protect
|move|p2a: Ice Age|Aurora Veil|p2a: Ice Age
|-sidestart|p2: zhz2021|move: Aurora Veil
|
|-weather|Snowscape|[upkeep]
|upkeep
|turn|2
|
|t:|1785614857
|switch|p2a: Farigiraf|Farigiraf, L50, M|100/100
|move|p2b: Lasr Samurai|Sucker Punch|p1b: Raichu
|-damage|p1b: Raichu|27/100
|move|p1b: Raichu|Zap Cannon|p2a: Farigiraf
|-damage|p2a: Farigiraf|62/100
|-status|p2a: Farigiraf|par
|move|p1a: Mamoswine|High Horsepower|p2b: Lasr Samurai
|-supereffective|p2b: Lasr Samurai|1
|-damage|p2b: Lasr Samurai|33/100
|-damage|p1a: Mamoswine|90/100|[from] item: Life Orb
|
|-weather|Snowscape|[upkeep]
|upkeep
|turn|3
|inactive|zhz2021 has 30 seconds left.
|inactive|panijc has 30 seconds left.
|inactive|zhz2021 has 20 seconds left.
|inactive|zhz2021 has 15 seconds left.
|inactive|zhz2021 has 10 seconds left.
|
|t:|1785614903
|move|p2b: Lasr Samurai|Sucker Punch|p1b: Raichu
|-damage|p1b: Raichu|0 fnt
|faint|p1b: Raichu
|move|p1a: Mamoswine|High Horsepower|p2a: Farigiraf
|-damage|p2a: Farigiraf|23/100 par
|-enditem|p2a: Farigiraf|Sitrus Berry|[eat]
|-heal|p2a: Farigiraf|48/100 par|[from] item: Sitrus Berry
|-damage|p1a: Mamoswine|80/100|[from] item: Life Orb
|cant|p2a: Farigiraf|par
|
|-weather|Snowscape|[upkeep]
|upkeep
|
|t:|1785614914
|switch|p1b: Sylveon|Sylveon, L50, F|100/100
|turn|4
|inactive|zhz2021 has 30 seconds left.
|inactive|zhz2021 has 20 seconds left.
|inactive|zhz2021 has 15 seconds left.
|
|t:|1785614955
|move|p2a: Farigiraf|Helping Hand|p2b: Lasr Samurai
|-singleturn|p2b: Lasr Samurai|Helping Hand|[of] p2a: Farigiraf
|move|p2b: Lasr Samurai|Sucker Punch|p1a: Mamoswine
|-damage|p1a: Mamoswine|35/100
|move|p1a: Mamoswine|High Horsepower|p2b: Lasr Samurai
|-supereffective|p2b: Lasr Samurai|1
|-damage|p2b: Lasr Samurai|0 fnt
|faint|p2b: Lasr Samurai
|-damage|p1a: Mamoswine|25/100|[from] item: Life Orb
|move|p1b: Sylveon|Hyper Beam|p2a: Farigiraf
|-damage|p2a: Farigiraf|0 fnt
|-mustrecharge|p1b: Sylveon
|faint|p2a: Farigiraf
|
|-weather|Snowscape|[upkeep]
|upkeep
|
|t:|1785614957
|switch|p2a: Ice Age|Froslass-Mega, L50, F|23/100 par
|switch|p2b: Chicken Run|Blaziken, L50, F|100/100
|turn|5
|inactive|panijc has 30 seconds left.
|
|t:|1785614983
|move|p2b: Chicken Run|Protect|p2b: Chicken Run
|-singleturn|p2b: Chicken Run|Protect
|move|p1a: Mamoswine|Ice Shard|p2a: Ice Age
|-resisted|p2a: Ice Age|1
|-damage|p2a: Ice Age|15/100 par
|-damage|p1a: Mamoswine|16/100|[from] item: Life Orb
|cant|p1b: Sylveon|recharge
|move|p2a: Ice Age|Shadow Ball|p1a: Mamoswine
|-damage|p1a: Mamoswine|0 fnt
|faint|p1a: Mamoswine
|
|-weather|none
|-sideend|p2: zhz2021|move: Aurora Veil
|-ability|p2b: Chicken Run|Speed Boost|boost
|-boost|p2b: Chicken Run|spe|1
|upkeep
|
|t:|1785614996
|switch|p1a: Basculegion|Basculegion, L50, M|100/100
|turn|6
|
|t:|1785615014
|move|p2b: Chicken Run|Rock Slide|p1a: Basculegion|[spread] p1a,p1b
|-damage|p1a: Basculegion|79/100
|-damage|p1b: Sylveon|76/100
|move|p1a: Basculegion|Wave Crash|p2b: Chicken Run
|-supereffective|p2b: Chicken Run|1
|-damage|p2b: Chicken Run|0 fnt
|faint|p2b: Chicken Run
|-damage|p1a: Basculegion|52/100|[from] Recoil
|move|p2a: Ice Age|Shadow Ball|p1a: Basculegion
|-supereffective|p1a: Basculegion|1
|-damage|p1a: Basculegion|0 fnt
|faint|p1a: Basculegion
|cant|p1b: Sylveon|flinch
|
|upkeep
|turn|7
|
|t:|1785615029
|move|p1b: Sylveon|Hyper Voice|p2a: Ice Age
|-damage|p2a: Ice Age|0 fnt
|faint|p2a: Ice Age
|
|win|panijc
||panijc is ready for game 3.
|inactive|zhz2021 has 30 seconds to confirm battle start!
|inactive|zhz2021 has 20 seconds to confirm battle start!
|inactive|zhz2021 has 10 seconds to confirm battle start!
||zhz2021 is ready for game 3.
|uhtml|next|Next: Game 3 of 3
|l|☆zhz2021
|player|p2|
