|j|☆spiritneko666
|j|☆jaflako
|html|spiritneko666jaflako    
|uhtml|bestof|Game 1 of a best-of-3
|t:|1756269207
|gametype|doubles
|player|p1|spiritneko666|psychic-gen4|1186
|player|p2|jaflako|barry|1096
|gen|9
|tier|[Gen 9] VGC 2025 Reg H (Bo3)
|rated|
|rule|Species Clause: Limit one of each Pokémon
|rule|Item Clause: Limit 1 of each item
|clearpoke
|poke|p1|Sneasler, L50, M|
|poke|p1|Indeedee, L50, M|
|poke|p1|Ursaluna-Bloodmoon, L50, M|
|poke|p1|Talonflame, L50, M|
|poke|p1|Electabuzz, L50, F|
|poke|p1|Incineroar, L50, F|
|poke|p2|Skeledirge, L50, M|
|poke|p2|Ninetales-Alola, L50, M|
|poke|p2|Sneasler, L50, F|
|poke|p2|Rillaboom, L50, F|
|poke|p2|Electabuzz, L50, F|
|poke|p2|Ribombee, L50, M|
|teampreview|4
|showteam|p1|Sneasler||PsychicSeed|Unburden|CloseCombat,DireClaw,ThroatChop,Protect|||M|||50|,,,,,Dark]Indeedee||FocusSash|PsychicSurge|ExpandingForce,TrickRoom,HelpingHand,Protect|||M|||50|,,,,,Psychic]Ursaluna-Bloodmoon||LifeOrb|MindsEye|BloodMoon,HyperVoice,EarthPower,Protect|||M|||50|,,,,,Normal]Talonflame||CovertCloak|GaleWings|FlareBlitz,DualWingbeat,WillOWisp,Tailwind|||M|||50|,,,,,Fairy]Electabuzz||Eviolite|VitalSpirit|Electroweb,FollowMe,Taunt,Protect|||F|||50|,,,,,Dragon]Incineroar||SafetyGoggles|Intimidate|FlareBlitz,KnockOff,PartingShot,FakeOut|||F|||50|,,,,,Ghost
|showteam|p2|Skeledirge||ThroatSpray|Unaware|HyperVoice,TorchSong,ShadowBall,Protect|||M|||50|,,,,,Normal]Ninetales-Alola||LightClay|SnowWarning|Blizzard,Protect,AuroraVeil,NastyPlot|||M|||50|,,,,,Ghost]Sneasler||FocusSash|Unburden|DireClaw,CloseCombat,Protect,FakeOut|||F|||50|,,,,,Dark]Rillaboom||AssaultVest|GrassySurge|Uturn,WoodHammer,FakeOut,HighHorsepower|||F|||50|,,,,,Fire]Electabuzz||Eviolite|VitalSpirit|FollowMe,VoltSwitch,Thunderbolt,KnockOff|||F|||50|,,,,,Dark]Ribombee||GrassySeed|SweetVeil|Protect,Trick,Tailwind,PollenPuff|||M|||50|,,,,,Water
|inactive|Battle timer is ON: inactive players will automatically lose when time's up. (requested by spiritneko666)
|inactive|spiritneko666 has 60 seconds left.
|inactive|jaflako has 60 seconds left.
|
|t:|1756269248
|teamsize|p1|4
|teamsize|p2|4
|start
|switch|p1a: Sneasler|Sneasler, L50, M|100/100
|switch|p1b: Incineroar|Incineroar, L50, F|100/100
|switch|p2a: Rillaboom|Rillaboom, L50, F|100/100
|switch|p2b: Ribombee|Ribombee, L50, M|100/100
|-ability|p1b: Incineroar|Intimidate|boost
|-unboost|p2a: Rillaboom|atk|1
|-unboost|p2b: Ribombee|atk|1
|-fieldstart|move: Grassy Terrain|[from] ability: Grassy Surge|[of] p2a: Rillaboom
|-enditem|p2b: Ribombee|Grassy Seed
|-boost|p2b: Ribombee|def|1|[from] item: Grassy Seed
|turn|1
|inactive|jaflako has 30 seconds left.
|
|t:|1756269282
|switch|p1b: Indeedee|Indeedee, L50, M|100/100
|-fieldstart|move: Psychic Terrain|[from] ability: Psychic Surge|[of] p1b: Indeedee
|-enditem|p1a: Sneasler|Psychic Seed
|-boost|p1a: Sneasler|spd|1|[from] item: Psychic Seed
|switch|p2a: Skeledirge|Skeledirge, L50, M|100/100
|move|p1a: Sneasler|Dire Claw|p2b: Ribombee
|-supereffective|p2b: Ribombee
|-damage|p2b: Ribombee|6/100
|move|p2b: Ribombee|Tailwind|p2b: Ribombee
|-sidestart|p2: jaflako|move: Tailwind
|
|upkeep
|turn|2
|inactive|spiritneko666 has 30 seconds left.
|
|t:|1756269316
|move|p1a: Sneasler|Throat Chop|p2a: Skeledirge
|-supereffective|p2a: Skeledirge
|-damage|p2a: Skeledirge|51/100
|-start|p2a: Skeledirge|Throat Chop|[silent]
|move|p2b: Ribombee|Pollen Puff|p1b: Indeedee
|-supereffective|p1b: Indeedee
|-enditem|p1b: Indeedee|Focus Sash
|-damage|p1b: Indeedee|1/100
|cant|p2a: Skeledirge|move: Throat Chop
|move|p1b: Indeedee|Expanding Force|p2b: Ribombee|[spread] p2a,p2b
|-crit|p2b: Ribombee
|-damage|p2a: Skeledirge|0 fnt
|-damage|p2b: Ribombee|0 fnt
|faint|p2a: Skeledirge
|faint|p2b: Ribombee
|
|upkeep
|c|☆spiritneko666|cant believe that worked
|
|t:|1756269333
|switch|p2b: Sneasler|Sneasler, L50, F|100/100
|switch|p2a: Rillaboom|Rillaboom, L50, F|100/100
|-fieldstart|move: Grassy Terrain|[from] ability: Grassy Surge|[of] p2a: Rillaboom
|turn|3
|c|☆jaflako|good play
|inactive|jaflako has 30 seconds left.
|
|t:|1756269364
|switch|p1b: Incineroar|Incineroar, L50, F|100/100
|-ability|p1b: Incineroar|Intimidate|boost
|-unboost|p2a: Rillaboom|atk|1
|-unboost|p2b: Sneasler|atk|1
|move|p1a: Sneasler|Protect|p1a: Sneasler
|-singleturn|p1a: Sneasler|Protect
|move|p2b: Sneasler|Fake Out|p1b: Incineroar
|-damage|p1b: Incineroar|90/100
|move|p2a: Rillaboom|High Horsepower|p1a: Sneasler
|-activate|p1a: Sneasler|move: Protect
|
|-heal|p1b: Incineroar|96/100|[from] Grassy Terrain
|upkeep
|turn|4
|
|t:|1756269384
|move|p1b: Incineroar|Fake Out|p2b: Sneasler
|-damage|p2b: Sneasler|80/100
|cant|p2b: Sneasler|flinch
|move|p1a: Sneasler|Dire Claw|p2a: Rillaboom
|-supereffective|p2a: Rillaboom
|-damage|p2a: Rillaboom|16/100
|-status|p2a: Rillaboom|psn
|move|p2a: Rillaboom|High Horsepower|p1a: Sneasler
|-supereffective|p1a: Sneasler
|-damage|p1a: Sneasler|26/100
|
|-heal|p1a: Sneasler|31/100|[from] Grassy Terrain
|-heal|p2b: Sneasler|86/100|[from] Grassy Terrain
|-heal|p2a: Rillaboom|22/100 psn|[from] Grassy Terrain
|-heal|p1b: Incineroar|100/100|[from] Grassy Terrain
|-damage|p2a: Rillaboom|10/100 psn|[from] psn
|-sideend|p2: jaflako|move: Tailwind
|upkeep
|turn|5
|
|t:|1756269404
|move|p1a: Sneasler|Close Combat|p2b: Sneasler
|-resisted|p2b: Sneasler
|-damage|p2b: Sneasler|21/100
|-unboost|p1a: Sneasler|def|1
|-unboost|p1a: Sneasler|spd|1
|move|p2b: Sneasler|Close Combat|p1b: Incineroar
|-supereffective|p1b: Incineroar
|-damage|p1b: Incineroar|11/100
|-unboost|p2b: Sneasler|def|1
|-unboost|p2b: Sneasler|spd|1
|move|p2a: Rillaboom|High Horsepower|p1a: Sneasler
|-supereffective|p1a: Sneasler
|-damage|p1a: Sneasler|0 fnt
|faint|p1a: Sneasler
|move|p1b: Incineroar|Flare Blitz|p2b: Sneasler
|-damage|p2b: Sneasler|0 fnt
|faint|p2b: Sneasler
|-damage|p1b: Incineroar|5/100|[from] Recoil
|
|-heal|p2a: Rillaboom|16/100 psn|[from] Grassy Terrain
|-heal|p1b: Incineroar|11/100|[from] Grassy Terrain
|-damage|p2a: Rillaboom|3/100 psn|[from] psn
|upkeep
|
|t:|1756269414
|switch|p1a: Indeedee|Indeedee, L50, M|1/100
|-fieldstart|move: Psychic Terrain|[from] ability: Psychic Surge|[of] p1a: Indeedee
|turn|6
|
|t:|1756269429
|move|p1a: Indeedee|Expanding Force|p2a: Rillaboom
|-damage|p2a: Rillaboom|0 fnt
|faint|p2a: Rillaboom
|
|win|spiritneko666
|l|☆jaflako
|player|p2|
||jaflako is ready for game 2.
||spiritneko666 is ready for game 2.
|uhtml|next|Next: Game 2 of 3
