|j|☆aseyo
|j|☆jonen
|html|aseyojonen    
|uhtml|bestof|Game 3 of a best-of-3
|t:|1755773563
|gametype|doubles
|player|p1|aseyo|1|1310
|player|p2|jonen|ruinmaniac|1222
|gen|9
|tier|[Gen 9] VGC 2025 Reg H (Bo3)
|rated|
|rule|Species Clause: Limit one of each Pokémon
|rule|Item Clause: Limit 1 of each item
|clearpoke
|poke|p1|Kingambit, L50, M|
|poke|p1|Rillaboom, L50, M|
|poke|p1|Sneasler, L50, F|
|poke|p1|Talonflame, L50, F|
|poke|p1|Garchomp, L50, F|
|poke|p1|Electabuzz, L50, M|
|poke|p2|Garchomp, L50, F|
|poke|p2|Weezing-Galar, L50, F|
|poke|p2|Archaludon, L50, M|
|poke|p2|Gholdengo, L50|
|poke|p2|Talonflame, L50, F|
|poke|p2|Annihilape, L50, M|
|teampreview|4
|showteam|p1|Kingambit||BlackGlasses|Defiant|KowtowCleave,SuckerPunch,SwordsDance,Protect|||M|||50|,,,,,Dark]Rillaboom||AssaultVest|GrassySurge|WoodHammer,GrassyGlide,HighHorsepower,FakeOut|||M|||50|,,,,,Fire]Sneasler||FocusSash|Unburden|CloseCombat,DireClaw,FakeOut,Coaching|||F|||50|,,,,,Ghost]Talonflame||CovertCloak|GaleWings|DualWingbeat,Taunt,FlareBlitz,Tailwind|||F|||50|,,,,,Flying]Garchomp||LifeOrb|RoughSkin|StompingTantrum,DragonClaw,RockSlide,Protect|||F|||50|,,,,,Steel]Electabuzz||Eviolite|VitalSpirit|Electroweb,FollowMe,HelpingHand,Protect|||M|||50|,,,,,Fairy
|showteam|p2|Garchomp||LifeOrb|RoughSkin|DragonClaw,Earthquake,StompingTantrum,Protect|||F|||50|,,,,,Ground]Weezing-Galar||FocusSash|NeutralizingGas|Protect,SludgeBomb,Taunt,StrangeSteam|||F|||50|,,,,,Flying]Archaludon||PowerHerb|Sturdy|ElectroShot,Thunderbolt,DracoMeteor,Protect|||M|||50|,,,,,Electric]Gholdengo||ChoiceSpecs|GoodasGold|ShadowBall,DazzlingGleam,PowerGem,MakeItRain||||||50|,,,,,Fairy]Talonflame||CovertCloak|GaleWings|Tailwind,DualWingbeat,WillOWisp,FlareBlitz|||F|||50|,,,,,Fairy]Annihilape||AssaultVest|Defiant|CloseCombat,RageFist,FinalGambit,IcePunch|||M|||50|,,,,,Grass
|inactive|Battle timer is ON: inactive players will automatically lose when time's up. (requested by aseyo)
|inactive|jonen also wants the timer to be on.
|l|☆jonen
|inactive|jonen disconnected and has a minute to reconnect!
|player|p2|
|j|☆jonen
|inactive|jonen reconnected and has 70 seconds left.
|player|p2|jonen|ruinmaniac|
|
|t:|1755773591
|teamsize|p1|4
|teamsize|p2|4
|start
|switch|p1a: Gambit|Kingambit, L50, M, shiny|100/100
|switch|p1b: Sneasler|Sneasler, L50, F|100/100
|switch|p2a: Garchomp|Garchomp, L50, F, shiny|100/100
|switch|p2b: Annihilape|Annihilape, L50, M|100/100
|turn|1
|
|t:|1755773610
|move|p1a: Gambit|Protect|p1a: Gambit
|-singleturn|p1a: Gambit|Protect
|move|p1b: Sneasler|Coaching|p1a: Gambit
|-boost|p1a: Gambit|atk|1
|-boost|p1a: Gambit|def|1
|move|p2a: Garchomp|Stomping Tantrum|p1b: Sneasler
|-supereffective|p1b: Sneasler
|-enditem|p1b: Sneasler|Focus Sash
|-damage|p1b: Sneasler|1/100
|-damage|p2a: Garchomp|91/100|[from] item: Life Orb
|move|p2b: Annihilape|Close Combat|p1a: Gambit
|-activate|p1a: Gambit|move: Protect
|
|upkeep
|turn|2
|l|☆jonen
|inactive|jonen disconnected and has a minute to reconnect!
|player|p2|
|j|☆jonen
|inactive|jonen reconnected and has 35 seconds left.
|player|p2|jonen|ruinmaniac|
|inactive|jonen has 30 seconds left.
|
|t:|1755773639
|switch|p1b: Talonflame|Talonflame, L50, F|100/100
|switch|p2a: Talonflame|Talonflame, L50, F|100/100
|-terastallize|p1a: Gambit|Dark
|move|p1a: Gambit|Sucker Punch|p2b: Annihilape
|-damage|p2b: Annihilape|5/100
|move|p2b: Annihilape|Close Combat|p1a: Gambit
|-supereffective|p1a: Gambit
|-damage|p1a: Gambit|40/100
|-unboost|p2b: Annihilape|def|1
|-unboost|p2b: Annihilape|spd|1
|
|upkeep
|turn|3
|inactive|jonen has 30 seconds left.
|inactive|jonen has 20 seconds left.
|
|t:|1755773678
|switch|p2b: Gholdengo|Gholdengo, L50|100/100
|move|p1a: Gambit|Protect|p1a: Gambit
|-singleturn|p1a: Gambit|Protect
|move|p1b: Talonflame|Tailwind|p1b: Talonflame
|-sidestart|p1: aseyo|move: Tailwind
|move|p2a: Talonflame|Dual Wingbeat|p1a: Gambit
|-activate|p1a: Gambit|move: Protect
|
|upkeep
|turn|4
|l|☆jonen
|inactive|jonen disconnected and has a minute to reconnect!
|player|p2|
|j|☆jonen
|inactive|jonen reconnected and has 35 seconds left.
|player|p2|jonen|ruinmaniac|
|inactive|aseyo has 30 seconds left.
|inactive|jonen has 30 seconds left.
|
|t:|1755773706
|-terastallize|p2b: Gholdengo|Fairy
|move|p1b: Talonflame|Dual Wingbeat|p2b: Gholdengo
|-damage|p2b: Gholdengo|83/100
|-damage|p2b: Gholdengo|67/100
|-hitcount|p2b: Gholdengo|2
|move|p1a: Gambit|Sucker Punch|p2b: Gholdengo
|-resisted|p2b: Gholdengo
|-damage|p2b: Gholdengo|13/100
|move|p2a: Talonflame|Tailwind|p2a: Talonflame
|-sidestart|p2: jonen|move: Tailwind
|move|p2b: Gholdengo|Power Gem|p1b: Talonflame
|-supereffective|p1b: Talonflame
|-damage|p1b: Talonflame|0 fnt
|faint|p1b: Talonflame
|
|upkeep
|
|t:|1755773719
|switch|p1b: Electabuzz|Electabuzz, L50, M|100/100
|turn|5
|
|t:|1755773728
|switch|p2b: Annihilape|Annihilape, L50, M|5/100
|move|p1b: Electabuzz|Follow Me|p1b: Electabuzz
|-singleturn|p1b: Electabuzz|move: Follow Me
|move|p1a: Gambit|Sucker Punch||[still]
|-fail|p1a: Gambit
|move|p2a: Talonflame|Will-O-Wisp|p1b: Electabuzz|[miss]
|-miss|p2a: Talonflame|p1b: Electabuzz
|
|upkeep
|turn|6
|l|☆jonen
|inactive|jonen disconnected and has a minute to reconnect!
|player|p2|
|j|☆jonen
|inactive|jonen reconnected and has 35 seconds left.
|player|p2|jonen|ruinmaniac|
|inactive|jonen has 30 seconds left.
|
|t:|1755773759
|switch|p2b: Gholdengo|Gholdengo, L50, tera:Fairy|13/100
|move|p1a: Gambit|Protect|p1a: Gambit
|-singleturn|p1a: Gambit|Protect
|move|p2a: Talonflame|Flare Blitz|p1a: Gambit
|-activate|p1a: Gambit|move: Protect
|move|p1b: Electabuzz|Electroweb|p2a: Talonflame|[spread] p2b
|-miss|p1b: Electabuzz|p2a: Talonflame
|-damage|p2b: Gholdengo|0 fnt
|faint|p2b: Gholdengo
|
|-sideend|p1: aseyo|move: Tailwind
|upkeep
|
|t:|1755773764
|switch|p2b: Garchomp|Garchomp, L50, F, shiny|91/100
|turn|7
|
|t:|1755773778
|move|p2b: Garchomp|Protect|p2b: Garchomp
|-singleturn|p2b: Garchomp|Protect
|move|p1b: Electabuzz|Follow Me|p1b: Electabuzz
|-singleturn|p1b: Electabuzz|move: Follow Me
|move|p1a: Gambit|Sucker Punch||[still]
|-fail|p1a: Gambit
|move|p2a: Talonflame|Will-O-Wisp|p1b: Electabuzz
|-status|p1b: Electabuzz|brn
|
|-damage|p1b: Electabuzz|95/100 brn|[from] brn
|-sideend|p2: jonen|move: Tailwind
|upkeep
|turn|8
|
|t:|1755773791
|switch|p2b: Annihilape|Annihilape, L50, M|5/100
|move|p1b: Electabuzz|Follow Me|p1b: Electabuzz
|-singleturn|p1b: Electabuzz|move: Follow Me
|move|p2a: Talonflame|Tailwind|p2a: Talonflame
|-sidestart|p2: jonen|move: Tailwind
|move|p1a: Gambit|Sucker Punch||[still]
|-fail|p1a: Gambit
|
|-damage|p1b: Electabuzz|89/100 brn|[from] brn
|upkeep
|turn|9
|
|t:|1755773805
|move|p1b: Electabuzz|Follow Me|p1b: Electabuzz
|-singleturn|p1b: Electabuzz|move: Follow Me
|move|p1a: Gambit|Sucker Punch|p2a: Talonflame
|-damage|p2a: Talonflame|0 fnt
|faint|p2a: Talonflame
|move|p2b: Annihilape|Close Combat|p1b: Electabuzz
|-damage|p1b: Electabuzz|45/100 brn
|-unboost|p2b: Annihilape|def|1
|-unboost|p2b: Annihilape|spd|1
|
|-damage|p1b: Electabuzz|39/100 brn|[from] brn
|upkeep
|
|t:|1755773809
|switch|p2a: Garchomp|Garchomp, L50, F, shiny|91/100
|turn|10
|
|t:|1755773815
|move|p1b: Electabuzz|Follow Me|p1b: Electabuzz
|-singleturn|p1b: Electabuzz|move: Follow Me
|move|p1a: Gambit|Sucker Punch|p2a: Garchomp
|-damage|p2a: Garchomp|0 fnt
|-damage|p1a: Gambit|28/100|[from] ability: Rough Skin|[of] p2a: Garchomp
|faint|p2a: Garchomp
|move|p2b: Annihilape|Close Combat|p1b: Electabuzz
|-damage|p1b: Electabuzz|0 fnt
|-unboost|p2b: Annihilape|def|1
|-unboost|p2b: Annihilape|spd|1
|faint|p1b: Electabuzz
|
|upkeep
|
|t:|1755773819
|switch|p1b: Sneasler|Sneasler, L50, F|1/100
|turn|11
|
|t:|1755773824
|move|p1a: Gambit|Sucker Punch|p2b: Annihilape
|-damage|p2b: Annihilape|0 fnt
|faint|p2b: Annihilape
|
|win|aseyo
|raw|aseyo's rating: 1310 → 1325(+15 for winning)
|raw|jonen's rating: 1222 → 1203(-19 for losing)
|c|☆jonen|Gg
|c|☆aseyo|ggwp
|c|☆aseyo|great match
|c|☆jonen|Yeah you played insanely well
|c|☆aseyo|thanks a lot you too
|l|☆jonen
|player|p2|
