|j|☆Reckzz
|j|☆sadnessvgc
|html|Reckzzsadnessvgc    
|uhtml|bestof|Game 1 of a best-of-3
|t:|1785338405
|gametype|doubles
|player|p1|Reckzz|101|1221
|player|p2|sadnessvgc|chase|1296
|gen|9
|tier|[Gen 9 Champions] VGC 2026 Reg M-B (Bo3)
|rated|
|rule|Species Clause: Limit one of each Pokémon
|rule|Item Clause: Limit 1 of each item
|clearpoke
|poke|p1|Tyranitar, L50, F|
|poke|p1|Excadrill, L50, M|
|poke|p1|Milotic, L50, F|
|poke|p1|Sinistcha, L50|
|poke|p1|Staraptor, L50, M|
|poke|p1|Gholdengo, L50|
|poke|p2|Staraptor, L50, M, shiny|
|poke|p2|Meowstic, L50, M, shiny|
|poke|p2|Farigiraf, L50, F, shiny|
|poke|p2|Camerupt, L50, F, shiny|
|poke|p2|Metagross, L50, shiny|
|poke|p2|Overqwil, L50, F, shiny|
|teampreview|4
|showteam|p1|Tyranitar||Tyranitarite|SandStream|KnockOff,RockSlide,LowKick,Protect|Jolly||F|||50|]Excadrill||FocusSash|SandRush|Earthquake,IronHead,RockSlide,Protect|Adamant||M|||50|]Milotic||SitrusBerry|Competitive|Scald,IcyWind,Haze,Protect|Calm||F|||50|]Sinistcha||ColburBerry|Hospitality|MatchaGotcha,ShadowBall,Protect,RagePowder|Bold|||||50|]Staraptor||Staraptite|Intimidate|CloseCombat,BraveBird,Tailwind,Protect|Jolly||M|||50|]Gholdengo||LifeOrb|GoodasGold|MakeItRain,ShadowBall,NastyPlot,Protect|Modest|||||50|
|showteam|p2|Staraptor||ChoiceScarf|Reckless|BraveBird,FinalGambit,Uturn,CloseCombat|Jolly||M|||50|]Meowstic||BrightPowder|Prankster|PsychicTerrain,Yawn,SkillSwap,SunnyDay|Impish||M|||50|]Farigiraf||ColburBerry|ArmorTail|TrickRoom,ExpandingForce,SunnyDay,Gravity|Bold||F|||50|]Camerupt||Cameruptite|MagmaArmor|HeatWave,EarthPower,Protect,FireBlast|Quiet||F|||50|]Metagross||Metagrossite|ClearBody|BodyPress,PsychUp,PsychicFangs,MeteorMash|Impish|||||50|]Overqwil||Leftovers|Intimidate|Minimize,GunkShot,Protect,Stockpile|Impish||F|||50|
|inactive|Battle timer is ON: inactive players will automatically lose when time's up. (requested by sadnessvgc)
|inactive|Reckzz has 60 seconds left.
|inactive|sadnessvgc has 60 seconds left.
|
|t:|1785338454
|teamsize|p1|4
|teamsize|p2|4
|start
|switch|p1a: Tyranitar|Tyranitar, L50, F|100/100
|switch|p1b: Gholdengo|Gholdengo, L50|100/100
|switch|p2a: Staraptor|Staraptor, L50, M, shiny|100/100
|switch|p2b: Farigiraf|Farigiraf, L50, F, shiny|100/100
|-weather|Sandstorm|[from] ability: Sand Stream|[of] p1a: Tyranitar
|turn|1
|inactive|sadnessvgc has 30 seconds left.
|
|t:|1785338485
|switch|p2a: Camerupt|Camerupt, L50, F, shiny|100/100
|switch|p1a: Sinistcha|Sinistcha, L50|100/100
|move|p1b: Gholdengo|Nasty Plot|p1b: Gholdengo
|-boost|p1b: Gholdengo|spa|2
|move|p2b: Farigiraf|Trick Room|p2b: Farigiraf
|-fieldstart|move: Trick Room|[of] p2b: Farigiraf
|
|-weather|Sandstorm|[upkeep]
|-damage|p2b: Farigiraf|93/100|[from] Sandstorm
|-damage|p1a: Sinistcha|94/100|[from] Sandstorm
|upkeep
|turn|2
|inactive|Reckzz has 30 seconds left.
|inactive|sadnessvgc has 30 seconds left.
|
|t:|1785338512
|detailschange|p2a: Camerupt|Camerupt-Mega, L50, F, shiny
|-mega|p2a: Camerupt|Camerupt|Cameruptite
|move|p1a: Sinistcha|Protect|p1a: Sinistcha
|-singleturn|p1a: Sinistcha|Protect
|move|p1b: Gholdengo|Protect|p1b: Gholdengo
|-singleturn|p1b: Gholdengo|Protect
|move|p2a: Camerupt|Heat Wave|p1b: Gholdengo|[spread] 
|-activate|p1a: Sinistcha|move: Protect
|-activate|p1b: Gholdengo|move: Protect
|move|p2b: Farigiraf|Sunny Day|p2b: Farigiraf
|-weather|SunnyDay
|
|-weather|SunnyDay|[upkeep]
|upkeep
|turn|3
|
|t:|1785338525
|switch|p1a: Tyranitar|Tyranitar, L50, F|100/100
|-weather|Sandstorm|[from] ability: Sand Stream|[of] p1a: Tyranitar
|move|p2a: Camerupt|Heat Wave|p1b: Gholdengo|[spread] p1a,p1b
|-resisted|p1a: Tyranitar|1
|-supereffective|p1b: Gholdengo|1
|-damage|p1a: Tyranitar|82/100
|-damage|p1b: Gholdengo|6/100
|move|p2b: Farigiraf|Gravity|p2b: Farigiraf
|-fieldstart|move: Gravity
|move|p1b: Gholdengo|Shadow Ball|p2a: Camerupt
|-damage|p2a: Camerupt|2/100
|-damage|p1b: Gholdengo|0 fnt|[from] item: Life Orb
|faint|p1b: Gholdengo
|
|-weather|Sandstorm|[upkeep]
|-damage|p2b: Farigiraf|87/100|[from] Sandstorm
|upkeep
|
|t:|1785338546
|switch|p1b: Staraptor|Staraptor, L50, M|100/100
|-ability|p1b: Staraptor|Intimidate|boost
|-unboost|p2a: Camerupt|atk|1
|-unboost|p2b: Farigiraf|atk|1
|turn|4
|
|t:|1785338570
|detailschange|p1b: Staraptor|Staraptor-Mega, L50, M
|-mega|p1b: Staraptor|Staraptor|Staraptite
|move|p1a: Tyranitar|Protect|p1a: Tyranitar
|-singleturn|p1a: Tyranitar|Protect
|move|p2a: Camerupt|Fire Blast|p1b: Staraptor
|-damage|p1b: Staraptor|10/100
|move|p2b: Farigiraf|Sunny Day|p2b: Farigiraf
|-weather|SunnyDay
|move|p1b: Staraptor|Close Combat|p2a: Camerupt
|-damage|p2a: Camerupt|0 fnt
|-boost|p1b: Staraptor|def|1
|-boost|p1b: Staraptor|spd|1
|faint|p2a: Camerupt
|
|-weather|SunnyDay|[upkeep]
|upkeep
|
|t:|1785338584
|switch|p2a: Overqwil|Overqwil, L50, F, shiny|100/100
|-ability|p2a: Overqwil|Intimidate|boost
|-unboost|p1a: Tyranitar|atk|1
|-boost|p1b: Staraptor|atk|1
|turn|5
|
|t:|1785338605
|switch|p1a: Sinistcha|Sinistcha, L50|94/100
|-heal|p1b: Staraptor|35/100|[from] ability: Hospitality|[of] p1a: Sinistcha
|move|p2b: Farigiraf|Expanding Force|p1b: Staraptor
|-supereffective|p1b: Staraptor|1
|-damage|p1b: Staraptor|0 fnt
|faint|p1b: Staraptor
|move|p2a: Overqwil|Minimize|p2a: Overqwil
|-boost|p2a: Overqwil|evasion|2
|
|-weather|SunnyDay|[upkeep]
|-fieldend|move: Trick Room
|upkeep
|
|t:|1785338613
|switch|p1b: Tyranitar|Tyranitar, L50, F|82/100
|-weather|Sandstorm|[from] ability: Sand Stream|[of] p1b: Tyranitar
|turn|6
|
|t:|1785338638
|move|p1b: Tyranitar|Rock Slide|p2b: Farigiraf|[spread] p2b
|-miss|p1b: Tyranitar|p2a: Overqwil
|-crit|p2b: Farigiraf
|-damage|p2b: Farigiraf|59/100
|move|p2a: Overqwil|Gunk Shot|p1b: Tyranitar
|-resisted|p1b: Tyranitar|1
|-damage|p1b: Tyranitar|61/100
|-status|p1b: Tyranitar|psn
|move|p1a: Sinistcha|Matcha Gotcha|p2b: Farigiraf|[spread] p2a,p2b
|-resisted|p2a: Overqwil|1
|-damage|p2a: Overqwil|87/100
|-heal|p1a: Sinistcha|100/100|[from] drain|[of] p2a: Overqwil
|-damage|p2b: Farigiraf|33/100
|move|p2b: Farigiraf|Sunny Day|p2b: Farigiraf
|-weather|SunnyDay
|
|-weather|SunnyDay|[upkeep]
|-heal|p2a: Overqwil|93/100|[from] item: Leftovers
|-damage|p1b: Tyranitar|48/100 psn|[from] psn
|upkeep
|turn|7
|inactive|Reckzz has 30 seconds left.
|inactive|sadnessvgc has 30 seconds left.
|-message|Reckzz forfeited.
|
|win|sadnessvgc
|l|☆Reckzz
|player|p1|
||Reckzz is ready for game 2.
||sadnessvgc is ready for game 2.
|uhtml|next|Next: Game 2 of 3
