|j|☆Shepz
|j|☆LynxVGC
|html|ShepzLynxVGC    
|uhtml|bestof|Game 2 of a best-of-3
|t:|1784548069
|gametype|doubles
|player|p1|Shepz|bellelba|1192
|player|p2|LynxVGC|larry|1276
|gen|9
|tier|[Gen 9 Champions] VGC 2026 Reg M-B (Bo3)
|rated|
|rule|Species Clause: Limit one of each Pokémon
|rule|Item Clause: Limit 1 of each item
|clearpoke
|poke|p1|Aggron, L50, M|
|poke|p1|Sinistcha, L50|
|poke|p1|Grimmsnarl, L50, M|
|poke|p1|Tyranitar, L50, F|
|poke|p1|Primarina, L50, F|
|poke|p1|Farigiraf, L50, F|
|poke|p2|Basculegion, L50, M|
|poke|p2|Kingambit, L50, M|
|poke|p2|Maushold, L50|
|poke|p2|Gardevoir, L50, F|
|poke|p2|Talonflame, L50, F|
|poke|p2|Garchomp, L50, M|
|teampreview|4
|showteam|p1|Aggron||Aggronite|Sturdy|BodyPress,HeavySlam,IronDefense,Protect|Careful||M|||50|]Sinistcha||SitrusBerry|Hospitality|MatchaGotcha,TrickRoom,RagePowder,Protect|Calm|||||50|]Grimmsnarl||LightClay|Prankster|FakeOut,PartingShot,SpiritBreak,LightScreen|Impish||M|||50|]Tyranitar||Tyranitarite|SandStream|RockSlide,KnockOff,DragonDance,Protect|Jolly||F|||50|]Primarina||ChoiceScarf|LiquidVoice|HyperVoice,Moonblast,DazzlingGleam,Psychic|Timid||F|||50|]Farigiraf||Leftovers|ArmorTail|Thunderbolt,HyperVoice,TrickRoom,Protect|Quiet||F|||50|
|showteam|p2|Basculegion||ChoiceScarf|Adaptability|FlipTurn,AquaJet,WaveCrash,LastRespects|Jolly||M|||50|]Kingambit||FocusSash|Defiant|KowtowCleave,LowKick,SuckerPunch,IronHead|Adamant||M|||50|]Maushold||ChopleBerry|FriendGuard|SuperFang,FollowMe,Feint,Protect|Timid|||||50|]Gardevoir||Gardevoirite|Telepathy|HyperVoice,Psyshock,VacuumWave,Protect|Modest||F|||50|]Talonflame||SharpBeak|GaleWings|DualWingbeat,Tailwind,QuickGuard,FlareBlitz|Jolly||F|||50|]Garchomp||LifeOrb|RoughSkin|DragonClaw,Earthquake,RockTomb,Protect|Adamant||M|||50|
|inactive|Battle timer is ON: inactive players will automatically lose when time's up. (requested by Shepz)
|
|t:|1784548132
|teamsize|p1|4
|teamsize|p2|4
|start
|switch|p1a: Chuncker|Aggron, L50, M|100/100
|switch|p1b: Rhino|Farigiraf, L50, F|100/100
|switch|p2a: Garchomp|Garchomp, L50, M|100/100
|switch|p2b: Talonflame|Talonflame, L50, F|100/100
|turn|1
|inactive|LynxVGC has 30 seconds left.
|
|t:|1784548158
|move|p1a: Chuncker|Protect|p1a: Chuncker
|-singleturn|p1a: Chuncker|Protect
|move|p2b: Talonflame|Flare Blitz|p1b: Rhino
|-damage|p1b: Rhino|58/100
|-status|p1b: Rhino|brn
|-damage|p2b: Talonflame|80/100|[from] Recoil
|move|p2a: Garchomp|Earthquake|p1a: Chuncker|[spread] p1b
|-activate|p1a: Chuncker|move: Protect
|-immune|p2b: Talonflame
|-damage|p1b: Rhino|10/100 brn
|-damage|p2a: Garchomp|90/100|[from] item: Life Orb
|move|p1b: Rhino|Trick Room|p1b: Rhino
|-fieldstart|move: Trick Room|[of] p1b: Rhino
|
|-heal|p1b: Rhino|16/100 brn|[from] item: Leftovers
|-damage|p1b: Rhino|10/100 brn|[from] brn
|upkeep
|turn|2
|j| RainmakerG
|l| RainmakerG
|inactive|Shepz has 30 seconds left.
|inactive|LynxVGC has 30 seconds left.
|inactive|LynxVGC has 20 seconds left.
|
|t:|1784548196
|switch|p2b: Gardevoir|Gardevoir, L50, F|100/100
|detailschange|p1a: Chuncker|Aggron-Mega, L50, M
|-mega|p1a: Chuncker|Aggron|Aggronite
|move|p1a: Chuncker|Iron Defense|p1a: Chuncker
|-boost|p1a: Chuncker|def|2
|move|p1b: Rhino|Thunderbolt|p2b: Gardevoir
|-damage|p2b: Gardevoir|78/100
|move|p2a: Garchomp|Earthquake|p1b: Rhino|[spread] p1a,p1b
|-activate|p2b: Gardevoir|ability: Telepathy
|-supereffective|p1a: Chuncker|1
|-crit|p1b: Rhino
|-damage|p1a: Chuncker|79/100
|-damage|p1b: Rhino|0 fnt
|faint|p1b: Rhino
|-damage|p2a: Garchomp|80/100|[from] item: Life Orb
|
|upkeep
|
|t:|1784548213
|switch|p1b: Goblin|Grimmsnarl, L50, M|100/100
|turn|3
|inactive|LynxVGC has 30 seconds left.
|inactive|LynxVGC has 20 seconds left.
|inactive|LynxVGC has 15 seconds left.
|
|t:|1784548254
|detailschange|p2b: Gardevoir|Gardevoir-Mega, L50, F
|-mega|p2b: Gardevoir|Gardevoir|Gardevoirite
|move|p1b: Goblin|Fake Out|p2b: Gardevoir
|-damage|p2b: Gardevoir|62/100
|move|p1a: Chuncker|Iron Defense|p1a: Chuncker
|-boost|p1a: Chuncker|def|2
|move|p2a: Garchomp|Earthquake|p1b: Goblin|[spread] p2b,p1a,p1b
|-supereffective|p1a: Chuncker|1
|-damage|p2b: Gardevoir|0 fnt
|-damage|p1a: Chuncker|64/100
|-damage|p1b: Goblin|33/100
|faint|p2b: Gardevoir
|-damage|p2a: Garchomp|71/100|[from] item: Life Orb
|
|upkeep
|
|t:|1784548263
|switch|p2b: Kingambit|Kingambit, L50, M|100/100
|turn|4
|inactive|Shepz has 30 seconds left.
|
|t:|1784548297
|move|p2a: Garchomp|Protect|p2a: Garchomp
|-singleturn|p2a: Garchomp|Protect
|move|p1a: Chuncker|Body Press|p2b: Kingambit
|-supereffective|p2b: Kingambit|2
|-enditem|p2b: Kingambit|Focus Sash
|-damage|p2b: Kingambit|1/100
|move|p1b: Goblin|Spirit Break|p2a: Garchomp
|-activate|p2a: Garchomp|move: Protect
|move|p2b: Kingambit|Low Kick|p1a: Chuncker
|-supereffective|p1a: Chuncker|1
|-damage|p1a: Chuncker|53/100
|
|upkeep
|turn|5
|inactive|LynxVGC has 30 seconds left.
|
|t:|1784548324
|switch|p2a: Talonflame|Talonflame, L50, F|80/100
|move|p2b: Kingambit|Sucker Punch|p1a: Chuncker
|-damage|p1a: Chuncker|46/100
|move|p1a: Chuncker|Body Press|p2a: Talonflame
|-resisted|p2a: Talonflame|1
|-damage|p2a: Talonflame|0 fnt
|faint|p2a: Talonflame
|move|p1b: Goblin|Spirit Break|p2b: Kingambit
|-damage|p2b: Kingambit|0 fnt
|faint|p2b: Kingambit
|
|-fieldend|move: Trick Room
|upkeep
|
|t:|1784548333
|switch|p2a: Garchomp|Garchomp, L50, M|71/100
|turn|6
|c|☆LynxVGC|who the f even plays aggron with all that zard
|c|☆LynxVGC|gg i guess
|c|☆Shepz|me
|c|☆Shepz|gg
|
|t:|1784548358
|move|p1b: Goblin|Parting Shot|p2a: Garchomp
|-unboost|p2a: Garchomp|atk|1
|-unboost|p2a: Garchomp|spa|1
|
|t:|1784548362
|switch|p1b: Chomper|Tyranitar, L50, F|100/100|[from] Parting Shot
|-weather|Sandstorm|[from] ability: Sand Stream|[of] p1b: Chomper
|move|p2a: Garchomp|Earthquake|p1a: Chuncker|[spread] p1a,p1b
|-supereffective|p1a: Chuncker|1
|-supereffective|p1b: Chomper|1
|-damage|p1a: Chuncker|38/100
|-damage|p1b: Chomper|24/100
|-damage|p2a: Garchomp|61/100|[from] item: Life Orb
|move|p1a: Chuncker|Body Press|p2a: Garchomp
|-damage|p2a: Garchomp|0 fnt
|-damage|p1a: Chuncker|25/100|[from] ability: Rough Skin|[of] p2a: Garchomp
|faint|p2a: Garchomp
|
|win|Shepz
|raw|Shepz's rating: 1192 → 1223(+31 for winning)
|raw|LynxVGC's rating: 1276 → 1245(-31 for losing)
|l|☆LynxVGC
|player|p2|
|c|☆Shepz|but that is why i have tyrannitar
|j|☆LynxVGC
|player|p2|LynxVGC|larry|
|l|☆Shepz
|player|p1|
