|j|☆Sonja Hilmer
|j|☆drewqfan
|html|Sonja Hilmerdrewqfan    
|uhtml|bestof|Game 2 of a best-of-3
|t:|1755669151
|gametype|doubles
|player|p1|Sonja Hilmer|lady|1535
|player|p2|drewqfan|preschooler|1509
|gen|9
|tier|[Gen 9] VGC 2025 Reg H (Bo3)
|rated|
|rule|Species Clause: Limit one of each Pokémon
|rule|Item Clause: Limit 1 of each item
|clearpoke
|poke|p1|Dachsbun, L50, F|
|poke|p1|Typhlosion-Hisui, L50, M|
|poke|p1|Kingambit, L50, M|
|poke|p1|Whimsicott, L50, M|
|poke|p1|Rillaboom, L50, M|
|poke|p1|Torkoal, L50, M|
|poke|p2|Volcarona, L50, F|
|poke|p2|Dragonite, L50, F|
|poke|p2|Incineroar, L50, F|
|poke|p2|Annihilape, L50, M|
|poke|p2|Rillaboom, L50, M|
|poke|p2|Archaludon, L50, F|
|teampreview|4
|showteam|p1|Dachsbun||Leftovers|WellBakedBody|BodyPress,Snarl,HelpingHand,Protect|||F|||50|,,,,,Steel]Typhlosion-Hisui||ChoiceSpecs|Blaze|Eruption,LavaPlume,WillOWisp,ShadowBall|||M|||50|,,,,,Fire]Kingambit||SafetyGoggles|Defiant|Protect,KowtowCleave,SuckerPunch,SwordsDance|||M|||50|,,,,,Dark]Whimsicott||CovertCloak|Prankster|Moonblast,Tailwind,SunnyDay,Encore|||M|||50|,,,,,Steel]Rillaboom||AssaultVest|GrassySurge|WoodHammer,GrassyGlide,FakeOut,HighHorsepower|||M|||50|,,,,,Water]Torkoal||SitrusBerry|Drought|HeatWave,LavaPlume,ClearSmog,Protect|||M|||50|,,,,,Grass
|showteam|p2|Volcarona||CovertCloak|FlameBody|HeatWave,TeraBlast,QuiverDance,Protect|||F|||50|,,,,,Fairy]Dragonite||LoadedDice|Multiscale|ScaleShot,ExtremeSpeed,Haze,Protect|||F|||50|,,,,,Fairy]Incineroar||SafetyGoggles|Intimidate|FlareBlitz,KnockOff,FakeOut,PartingShot|||F|||50|,,,,,Ghost]Annihilape||FocusSash|Defiant|CloseCombat,RageFist,Coaching,FinalGambit|||M|||50|,,,,,Grass]Rillaboom||AssaultVest|GrassySurge|WoodHammer,GrassyGlide,HighHorsepower,FakeOut|||M|||50|,,,,,Fire]Archaludon||PowerHerb|Sturdy|ElectroShot,DragonPulse,FlashCannon,Protect|||F|||50|,,,,,Electric
|inactive|Battle timer is ON: inactive players will automatically lose when time's up. (requested by Sonja Hilmer)
|inactive|Sonja Hilmer has 60 seconds left.
|
|t:|1755669202
|teamsize|p1|4
|teamsize|p2|4
|start
|switch|p1a: Typhlosion|Typhlosion-Hisui, L50, M|100/100
|switch|p1b: Dachsbun|Dachsbun, L50, F|100/100
|switch|p2a: Archaludon|Archaludon, L50, F|100/100
|switch|p2b: Dragonite|Dragonite, L50, F|100/100
|turn|1
|inactive|Sonja Hilmer has 30 seconds left.
|inactive|Sonja Hilmer has 20 seconds left.
|
|t:|1755669237
|-terastallize|p1a: Typhlosion|Fire
|move|p1b: Dachsbun|Protect|p1b: Dachsbun
|-singleturn|p1b: Dachsbun|Protect
|move|p1a: Typhlosion|Lava Plume|p2a: Archaludon|[spread] p2a,p2b
|-activate|p1b: Dachsbun|move: Protect
|-resisted|p2b: Dragonite
|-damage|p2a: Archaludon|19/100
|-damage|p2b: Dragonite|85/100
|-status|p2b: Dragonite|brn
|move|p2a: Archaludon|Electro Shot||[still]
|-prepare|p2a: Archaludon|Electro Shot
|-boost|p2a: Archaludon|spa|1
|-enditem|p2a: Archaludon|Power Herb
|-anim|p2a: Archaludon|Electro Shot|p1b: Dachsbun
|-activate|p1b: Dachsbun|move: Protect
|move|p2b: Dragonite|Scale Shot|p1a: Typhlosion
|-damage|p1a: Typhlosion|90/100
|-crit|p1a: Typhlosion
|-damage|p1a: Typhlosion|76/100
|-damage|p1a: Typhlosion|66/100
|-damage|p1a: Typhlosion|54/100
|-damage|p1a: Typhlosion|43/100
|-hitcount|p1a: Typhlosion|5
|-unboost|p2b: Dragonite|def|1
|-boost|p2b: Dragonite|spe|1
|
|-damage|p2b: Dragonite|79/100 brn|[from] brn
|upkeep
|turn|2
|
|t:|1755669254
|switch|p1a: Kingambit|Kingambit, L50, M|100/100
|move|p2a: Archaludon|Protect|p2a: Archaludon
|-singleturn|p2a: Archaludon|Protect
|move|p2b: Dragonite|Scale Shot|p1a: Kingambit
|-resisted|p1a: Kingambit
|-damage|p1a: Kingambit|97/100
|-resisted|p1a: Kingambit
|-crit|p1a: Kingambit
|-damage|p1a: Kingambit|93/100
|-resisted|p1a: Kingambit
|-damage|p1a: Kingambit|90/100
|-resisted|p1a: Kingambit
|-damage|p1a: Kingambit|87/100
|-hitcount|p1a: Kingambit|4
|-unboost|p2b: Dragonite|def|1
|-boost|p2b: Dragonite|spe|1
|move|p1b: Dachsbun|Body Press|p2a: Archaludon
|-activate|p2a: Archaludon|move: Protect
|
|-damage|p2b: Dragonite|73/100 brn|[from] brn
|upkeep
|turn|3
|
|t:|1755669267
|switch|p2a: Annihilape|Annihilape, L50, M|100/100
|move|p2b: Dragonite|Protect|p2b: Dragonite
|-singleturn|p2b: Dragonite|Protect
|move|p1a: Kingambit|Sucker Punch||[still]
|-fail|p1a: Kingambit
|move|p1b: Dachsbun|Body Press|p2b: Dragonite
|-activate|p2b: Dragonite|move: Protect
|
|-damage|p2b: Dragonite|67/100 brn|[from] brn
|upkeep
|turn|4
|inactive|drewqfan has 30 seconds left.
|inactive|drewqfan has 20 seconds left.
|
|t:|1755669304
|move|p1a: Kingambit|Protect|p1a: Kingambit
|-singleturn|p1a: Kingambit|Protect
|move|p2b: Dragonite|Extreme Speed|p1a: Kingambit
|-activate|p1a: Kingambit|move: Protect
|move|p2a: Annihilape|Close Combat|p1a: Kingambit
|-activate|p1a: Kingambit|move: Protect
|move|p1b: Dachsbun|Body Press|p2b: Dragonite
|-resisted|p2b: Dragonite
|-damage|p2b: Dragonite|35/100 brn
|
|-damage|p2b: Dragonite|29/100 brn|[from] brn
|upkeep
|turn|5
|
|t:|1755669326
|switch|p1a: Torkoal|Torkoal, L50, M|100/100
|-weather|SunnyDay|[from] ability: Drought|[of] p1a: Torkoal
|move|p2b: Dragonite|Protect|p2b: Dragonite
|-singleturn|p2b: Dragonite|Protect
|move|p2a: Annihilape|Close Combat|p1a: Torkoal
|-damage|p1a: Torkoal|64/100
|-unboost|p2a: Annihilape|def|1
|-unboost|p2a: Annihilape|spd|1
|move|p1b: Dachsbun|Body Press|p2b: Dragonite
|-activate|p2b: Dragonite|move: Protect
|
|-weather|SunnyDay|[upkeep]
|-damage|p2b: Dragonite|23/100 brn|[from] brn
|upkeep
|turn|6
|
|t:|1755669349
|switch|p2a: Incineroar|Incineroar, L50, F|100/100
|-ability|p2a: Incineroar|Intimidate|boost
|-unboost|p1a: Torkoal|atk|1
|-unboost|p1b: Dachsbun|atk|1
|move|p1b: Dachsbun|Helping Hand|p1a: Torkoal
|-singleturn|p1a: Torkoal|Helping Hand|[of] p1b: Dachsbun
|move|p2b: Dragonite|Scale Shot|p1a: Torkoal
|-damage|p1a: Torkoal|59/100
|-damage|p1a: Torkoal|54/100
|-damage|p1a: Torkoal|49/100
|-enditem|p1a: Torkoal|Sitrus Berry|[eat]
|-heal|p1a: Torkoal|73/100|[from] item: Sitrus Berry
|-damage|p1a: Torkoal|68/100
|-hitcount|p1a: Torkoal|4
|-unboost|p2b: Dragonite|def|1
|-boost|p2b: Dragonite|spe|1
|move|p1a: Torkoal|Lava Plume|p2b: Dragonite|[spread] p2a,p2b
|-ability|p1b: Dachsbun|Well-Baked Body|boost
|-boost|p1b: Dachsbun|def|2
|-resisted|p2a: Incineroar
|-resisted|p2b: Dragonite
|-damage|p2a: Incineroar|79/100
|-damage|p2b: Dragonite|0 fnt
|faint|p2b: Dragonite
|
|-weather|SunnyDay|[upkeep]
|upkeep
|
|t:|1755669358
|switch|p2b: Archaludon|Archaludon, L50, F|19/100
|turn|7
|
|t:|1755669366
|switch|p1a: Kingambit|Kingambit, L50, M|87/100
|move|p2b: Archaludon|Protect|p2b: Archaludon
|-singleturn|p2b: Archaludon|Protect
|move|p1b: Dachsbun|Protect|p1b: Dachsbun
|-singleturn|p1b: Dachsbun|Protect
|move|p2a: Incineroar|Flare Blitz|p1a: Kingambit
|-supereffective|p1a: Kingambit
|-damage|p1a: Kingambit|0 fnt
|faint|p1a: Kingambit
|-damage|p2a: Incineroar|51/100|[from] Recoil
|
|-weather|SunnyDay|[upkeep]
|upkeep
|
|t:|1755669375
|switch|p1a: Typhlosion|Typhlosion-Hisui, L50, M, tera:Fire|43/100
|turn|8
|
|t:|1755669386
|switch|p2b: Annihilape|Annihilape, L50, M|100/100
|move|p1a: Typhlosion|Lava Plume|p2a: Incineroar|[spread] p2a,p2b
|-ability|p1b: Dachsbun|Well-Baked Body|boost
|-boost|p1b: Dachsbun|def|2
|-resisted|p2a: Incineroar
|-damage|p2a: Incineroar|9/100
|-damage|p2b: Annihilape|25/100
|move|p1b: Dachsbun|Body Press|p2a: Incineroar
|-supereffective|p2a: Incineroar
|-damage|p2a: Incineroar|0 fnt
|faint|p2a: Incineroar
|
|-weather|SunnyDay|[upkeep]
|upkeep
|
|t:|1755669406
|switch|p2a: Archaludon|Archaludon, L50, F|19/100
|turn|9
|-message|drewqfan forfeited.
|
|win|Sonja Hilmer
|raw|Sonja Hilmer's rating: 1535 → 1554(+19 for winning)
|raw|drewqfan's rating: 1509 → 1490(-19 for losing)
|l|☆Sonja Hilmer
|player|p1|
