|j|☆catnip enthusiast
|j|☆lillyrosethedemon
|html|catnip enthusiastlillyrosethedemon    
|uhtml|bestof|Game 3 of a best-of-3
|t:|1756953184
|gametype|doubles
|player|p1|catnip enthusiast|bianca|1203
|player|p2|lillyrosethedemon|parasollady|1230
|gen|9
|tier|[Gen 9] VGC 2025 Reg H (Bo3)
|rated|
|rule|Species Clause: Limit one of each Pokémon
|rule|Item Clause: Limit 1 of each item
|clearpoke
|poke|p1|Charizard, L50, M|
|poke|p1|Jumpluff, L50, F|
|poke|p1|Torkoal, L50, M|
|poke|p1|Incineroar, L50, M|
|poke|p1|Ursaluna, L50, M|
|poke|p1|Porygon2, L50|
|poke|p2|Archaludon, L50, F|
|poke|p2|Annihilape, L50, F|
|poke|p2|Maushold, L50|
|poke|p2|Incineroar, L50, F|
|poke|p2|Primarina, L50, F|
|poke|p2|Farigiraf, L50, M|
|teampreview|4
|showteam|p1|Charizard||ChoiceSpecs|SolarPower|HeatWave,Overheat,WeatherBall,AirSlash|||M|||50|,,,,,Ghost]Jumpluff||CovertCloak|Chlorophyll|Tailwind,SleepPowder,RagePowder,SunnyDay|||F|||50|,,,,,Fire]Torkoal||EjectPack|Drought|Eruption,Overheat,HelpingHand,Protect|||M|||50|,,,,,Grass]Incineroar||SafetyGoggles|Intimidate|KnockOff,FlareBlitz,PartingShot,FakeOut|||M|||50|,,,,,Ghost]Ursaluna||FlameOrb|Guts|Facade,HeadlongRush,Protect,Earthquake|||M|||50|,,,,,Fairy]Porygon2||Eviolite|Download|TeraBlast,IceBeam,TrickRoom,Recover||||||50|,,,,,Fighting
|showteam|p2|Archaludon||PowerHerb|Stalwart|DragonPulse,ElectroShot,Thunderbolt,Protect|||F|||50|,,,,,Electric]Annihilape||LumBerry|Defiant|RageFist,CloseCombat,Taunt,FinalGambit|||F|||50|,,,,,Fire]Maushold||RockyHelmet|FriendGuard|BeatUp,FollowMe,Protect,Taunt||||||50|,,,,,Ghost]Incineroar||SafetyGoggles|Intimidate|FakeOut,FlareBlitz,KnockOff,PartingShot|||F|||50|,,,,,Water]Primarina||Leftovers|LiquidVoice|Haze,HyperVoice,Moonblast,Protect|||F|||50|,,,,,Grass]Farigiraf||ThroatSpray|ArmorTail|HyperVoice,Psychic,Protect,TrickRoom|||M|||50|,,,,,Fairy
|
|t:|1756953233
|teamsize|p1|4
|teamsize|p2|4
|start
|switch|p1a: Charizard|Charizard, L50, M, shiny|100/100
|switch|p1b: Torkoal|Torkoal, L50, M|100/100
|switch|p2a: Primarina|Primarina, L50, F|100/100
|switch|p2b: Maushold|Maushold, L50|100/100
|-weather|SunnyDay|[from] ability: Drought|[of] p1b: Torkoal
|turn|1
|
|t:|1756953265
|-terastallize|p1a: Charizard|Ghost
|move|p1b: Torkoal|Helping Hand|p1a: Charizard
|-singleturn|p1a: Charizard|Helping Hand|[of] p1b: Torkoal
|move|p2b: Maushold|Protect|p2b: Maushold
|-singleturn|p2b: Maushold|Protect
|move|p1a: Charizard|Heat Wave|p2a: Primarina|[spread] p2a
|-activate|p2b: Maushold|move: Protect
|-resisted|p2a: Primarina
|-crit|p2a: Primarina
|-damage|p2a: Primarina|21/100
|move|p2a: Primarina|Hyper Voice|p1a: Charizard|[spread] p1a,p1b
|-supereffective|p1b: Torkoal
|-damage|p1a: Charizard|79/100
|-damage|p1b: Torkoal|60/100
|
|-weather|SunnyDay|[upkeep]
|-damage|p1a: Charizard|67/100|[from] ability: Solar Power|[of] p1a: Charizard
|-heal|p2a: Primarina|27/100|[from] item: Leftovers
|upkeep
|turn|2
|
|t:|1756953313
|switch|p2a: Incineroar|Incineroar, L50, F|100/100
|-ability|p2a: Incineroar|Intimidate|boost
|-unboost|p1a: Charizard|atk|1
|-unboost|p1b: Torkoal|atk|1
|-enditem|p1b: Torkoal|Eject Pack
|
|t:|1756953320
|switch|p1b: Peach Cobbler|Ursaluna, L50, M, shiny|100/100
|move|p2b: Maushold|Beat Up|p1a: Charizard
|-supereffective|p1a: Charizard
|-damage|p1a: Charizard|57/100
|-supereffective|p1a: Charizard
|-damage|p1a: Charizard|50/100
|-supereffective|p1a: Charizard
|-damage|p1a: Charizard|42/100
|-supereffective|p1a: Charizard
|-damage|p1a: Charizard|33/100
|-hitcount|p1a: Charizard|4
|move|p1a: Charizard|Heat Wave|p2b: Maushold|[spread] p2a,p2b
|-resisted|p2a: Incineroar
|-crit|p2b: Maushold
|-damage|p2a: Incineroar|70/100
|-damage|p2b: Maushold|0 fnt
|faint|p2b: Maushold
|
|-weather|SunnyDay|[upkeep]
|-damage|p1a: Charizard|20/100|[from] ability: Solar Power|[of] p1a: Charizard
|-status|p1b: Peach Cobbler|brn|[from] item: Flame Orb
|upkeep
|
|t:|1756953338
|switch|p2b: Annihilape|Annihilape, L50, F, shiny|100/100
|turn|3
|
|t:|1756953396
|-terastallize|p2b: Annihilape|Fire
|move|p1b: Peach Cobbler|Protect|p1b: Peach Cobbler
|-singleturn|p1b: Peach Cobbler|Protect
|move|p1a: Charizard|Heat Wave|p2b: Annihilape|[spread] p2a,p2b
|-resisted|p2a: Incineroar
|-resisted|p2b: Annihilape
|-damage|p2a: Incineroar|22/100
|-damage|p2b: Annihilape|41/100
|move|p2b: Annihilape|Close Combat|p1b: Peach Cobbler
|-activate|p1b: Peach Cobbler|move: Protect
|move|p2a: Incineroar|Flare Blitz|p1a: Charizard
|-damage|p1a: Charizard|0 fnt
|faint|p1a: Charizard
|-damage|p2a: Incineroar|17/100|[from] Recoil
|
|-weather|SunnyDay|[upkeep]
|-damage|p1b: Peach Cobbler|94/100 brn|[from] brn
|upkeep
|
|t:|1756953413
|switch|p1a: Jumpluff|Jumpluff, L50, F, shiny|100/100
|turn|4
|
|t:|1756953488
|move|p1a: Jumpluff|Tailwind|p1a: Jumpluff
|-sidestart|p1: catnip enthusiast|move: Tailwind
|move|p2b: Annihilape|Close Combat|p1b: Peach Cobbler
|-supereffective|p1b: Peach Cobbler
|-damage|p1b: Peach Cobbler|13/100 brn
|-unboost|p2b: Annihilape|def|1
|-unboost|p2b: Annihilape|spd|1
|move|p1b: Peach Cobbler|Earthquake|p2b: Annihilape|[spread] p2a,p2b
|-immune|p1a: Jumpluff
|-supereffective|p2a: Incineroar
|-supereffective|p2b: Annihilape
|-damage|p2a: Incineroar|0 fnt
|-damage|p2b: Annihilape|0 fnt
|faint|p2a: Incineroar
|faint|p2b: Annihilape
|
|-weather|SunnyDay|[upkeep]
|-damage|p1b: Peach Cobbler|7/100 brn|[from] brn
|upkeep
|
|t:|1756953503
|switch|p2b: Primarina|Primarina, L50, F|27/100
|turn|5
|
|t:|1756953509
|move|p2b: Primarina|Protect|p2b: Primarina
|-singleturn|p2b: Primarina|Protect
|move|p1a: Jumpluff|Sleep Powder|p2b: Primarina
|-activate|p2b: Primarina|move: Protect
|move|p1b: Peach Cobbler|Facade|p2b: Primarina
|-activate|p2b: Primarina|move: Protect
|
|-weather|none
|-heal|p2b: Primarina|33/100|[from] item: Leftovers
|-damage|p1b: Peach Cobbler|0 fnt|[from] brn
|faint|p1b: Peach Cobbler
|upkeep
|
|t:|1756953511
|switch|p1b: Torkoal|Torkoal, L50, M|60/100
|-weather|SunnyDay|[from] ability: Drought|[of] p1b: Torkoal
|turn|6
|
|t:|1756953528
|move|p1b: Torkoal|Protect|p1b: Torkoal
|-singleturn|p1b: Torkoal|Protect
|move|p1a: Jumpluff|Sleep Powder|p2b: Primarina
|-status|p2b: Primarina|slp|[from] move: Sleep Powder
|cant|p2b: Primarina|slp
|
|-weather|SunnyDay|[upkeep]
|-heal|p2b: Primarina|38/100 slp|[from] item: Leftovers
|upkeep
|turn|7
|
|t:|1756953541
|move|p1a: Jumpluff|Sunny Day||[still]
|-fail|p1a: Jumpluff
|cant|p2b: Primarina|slp
|move|p1b: Torkoal|Overheat|p2b: Primarina
|-resisted|p2b: Primarina
|-damage|p2b: Primarina|5/100 slp
|-unboost|p1b: Torkoal|spa|2
|
|-weather|SunnyDay|[upkeep]
|-heal|p2b: Primarina|11/100 slp|[from] item: Leftovers
|-sideend|p1: catnip enthusiast|move: Tailwind
|upkeep
|turn|8
|
|t:|1756953575
|move|p1a: Jumpluff|Tailwind|p1a: Jumpluff
|-sidestart|p1: catnip enthusiast|move: Tailwind
|-curestatus|p2b: Primarina|slp|[msg]
|move|p2b: Primarina|Hyper Voice|p1a: Jumpluff|[spread] p1a,p1b
|-resisted|p1a: Jumpluff
|-supereffective|p1b: Torkoal
|-damage|p1a: Jumpluff|92/100
|-damage|p1b: Torkoal|19/100
|move|p1b: Torkoal|Overheat|p2b: Primarina
|-resisted|p2b: Primarina
|-damage|p2b: Primarina|0 fnt
|-unboost|p1b: Torkoal|spa|2
|faint|p2b: Primarina
|
|win|catnip enthusiast
|raw|catnip enthusiast's rating: 1203 → 1230(+27 for winning)
|raw|lillyrosethedemon's rating: 1230 → 1203(-27 for losing)
|c|☆catnip enthusiast|gg
