|j|☆Zaxxxxxx
|j|☆ThePrinceofNT
|html|ZaxxxxxxThePrinceofNT    
|uhtml|bestof|Game 1 of a best-of-3
|t:|1783608213
|gametype|doubles
|player|p1|Zaxxxxxx|benga|1287
|player|p2|ThePrinceofNT|1|1339
|gen|9
|tier|[Gen 9 Champions] VGC 2026 Reg M-B (Bo3)
|rated|
|rule|Species Clause: Limit one of each Pokémon
|rule|Item Clause: Limit 1 of each item
|clearpoke
|poke|p1|Delphox, L50, M, shiny|
|poke|p1|Blastoise, L50, F, shiny|
|poke|p1|Incineroar, L50, M, shiny|
|poke|p1|Sneasler, L50, M, shiny|
|poke|p1|Sinistcha, L50, shiny|
|poke|p1|Maushold, L50, shiny|
|poke|p2|Torkoal, L50, M|
|poke|p2|Vileplume, L50, F|
|poke|p2|Farigiraf, L50, M|
|poke|p2|Mawile, L50, M|
|poke|p2|Incineroar, L50, F|
|poke|p2|Aerodactyl, L50, M|
|teampreview|4
|showteam|p1|Delphox||Delphoxite|Blaze|Protect,NastyPlot,HeatWave,Psychic|Timid||M|||50|]Blastoise||Blastoisinite|Torrent|Protect,ShellSmash,WaterSpout,DarkPulse|Modest||F|||50|]Incineroar||SitrusBerry|Intimidate|FakeOut,PartingShot,DarkestLariat,FlareBlitz|Impish||M|||50|]Sneasler||FocusSash|PoisonTouch|FakeOut,CloseCombat,DireClaw,QuickGuard|Jolly||M|||50|]Sinistcha||KasibBerry|Hospitality|Protect,MatchaGotcha,LifeDew,RagePowder|Bold|||||50|]Maushold||ChopleBerry|FriendGuard|Protect,FollowMe,SuperFang,Feint|Impish|||||50|
|showteam|p2|Torkoal||Charcoal|Drought|Eruption,EarthPower,WeatherBall,Protect|Quiet||M|||50|]Vileplume||LifeOrb|Chlorophyll|SludgeBomb,LeafStorm,SleepPowder,AfterYou|Timid||F|||50|]Farigiraf||SitrusBerry|ArmorTail|HelpingHand,Thunderbolt,TwinBeam,TrickRoom|Bold||M|||50|]Mawile||Mawilite|Intimidate|PlayRough,SuckerPunch,SwordsDance,Protect|Brave||M|||50|]Incineroar||ShucaBerry|Intimidate|FakeOut,PartingShot,DarkestLariat,FlareBlitz|Brave||F|||50|]Aerodactyl||Aerodactylite|Unnerve|RockSlide,DualWingbeat,IceFang,WideGuard|Jolly||M|||50|
|inactive|Battle timer is ON: inactive players will automatically lose when time's up. (requested by ThePrinceofNT)
|
|t:|1783608241
|teamsize|p1|4
|teamsize|p2|4
|start
|switch|p1a: Sneasler|Sneasler, L50, M, shiny|100/100
|switch|p1b: Delphox|Delphox, L50, M, shiny|100/100
|switch|p2a: Torkoal|Torkoal, L50, M|100/100
|switch|p2b: Vileplume|Vileplume, L50, F|100/100
|-weather|SunnyDay|[from] ability: Drought|[of] p2a: Torkoal
|turn|1
|
|t:|1783608262
|switch|p2a: Farigiraf|Farigiraf, L50, M|100/100
|detailschange|p1b: Delphox|Delphox-Mega, L50, M, shiny
|-mega|p1b: Delphox|Delphox|Delphoxite
|move|p1a: Sneasler|Fake Out||[still]
|cant|p2a: Farigiraf|ability: Armor Tail|Fake Out|[of] p1a: Sneasler
|move|p2b: Vileplume|Sleep Powder|p1b: Delphox
|-status|p1b: Delphox|slp|[from] move: Sleep Powder
|cant|p1b: Delphox|slp
|
|-weather|SunnyDay|[upkeep]
|upkeep
|turn|2
|
|t:|1783608276
|move|p2b: Vileplume|Sludge Bomb|p1b: Delphox
|-damage|p1b: Delphox|54/100 slp
|-damage|p2b: Vileplume|90/100|[from] item: Life Orb
|cant|p1b: Delphox|slp
|move|p1a: Sneasler|Dire Claw|p2a: Farigiraf
|-damage|p2a: Farigiraf|69/100
|move|p2a: Farigiraf|Twin Beam|p1a: Sneasler
|-supereffective|p1a: Sneasler|2
|-damage|p1a: Sneasler|20/100r
|-supereffective|p1a: Sneasler|2
|-damage|p1a: Sneasler|0 fnt
|faint|p1a: Sneasler
|-hitcount|p1: Sneasler|2
|
|-weather|SunnyDay|[upkeep]
|upkeep
|
|t:|1783608291
|switch|p1a: Incineroar|Incineroar, L50, M, shiny|100/100
|-ability|p1a: Incineroar|Intimidate|boost
|-unboost|p2a: Farigiraf|atk|1
|-unboost|p2b: Vileplume|atk|1
|turn|3
|
|t:|1783608296
|move|p2a: Farigiraf|Helping Hand|p2b: Vileplume
|-singleturn|p2b: Vileplume|Helping Hand|[of] p2a: Farigiraf
|move|p2b: Vileplume|Sludge Bomb|p1b: Delphox
|-damage|p1b: Delphox|0 fnt
|faint|p1b: Delphox
|-damage|p2b: Vileplume|80/100|[from] item: Life Orb
|move|p1a: Incineroar|Flare Blitz|p2a: Farigiraf
|-damage|p2a: Farigiraf|15/100
|-enditem|p2a: Farigiraf|Sitrus Berry|[eat]
|-heal|p2a: Farigiraf|40/100|[from] item: Sitrus Berry
|-damage|p1a: Incineroar|80/100|[from] Recoil
|
|-weather|SunnyDay|[upkeep]
|upkeep
|
|t:|1783608310
|switch|p1b: Sinistcha|Sinistcha, L50, shiny|100/100
|-heal|p1a: Incineroar|100/100|[from] ability: Hospitality|[of] p1b: Sinistcha
|turn|4
|
|t:|1783608323
|switch|p2a: Aerodactyl|Aerodactyl, L50, M|100/100
|-ability|p2a: Aerodactyl|Unnerve
|move|p2b: Vileplume|Sleep Powder|p1a: Incineroar
|-status|p1a: Incineroar|slp|[from] move: Sleep Powder
|move|p1b: Sinistcha|Life Dew||[still]|[still]|[spread] 
|-fail|p1a: Incineroar|heal
|-fail|p1b: Sinistcha|heal
|cant|p1a: Incineroar|slp
|
|-weather|SunnyDay|[upkeep]
|upkeep
|turn|5
|
|t:|1783608336
|detailschange|p2a: Aerodactyl|Aerodactyl-Mega, L50, M
|-mega|p2a: Aerodactyl|Aerodactyl|Aerodactylite
|move|p2b: Vileplume|Sludge Bomb|p1b: Sinistcha
|-damage|p1b: Sinistcha|47/100
|-status|p1b: Sinistcha|psn
|-damage|p2b: Vileplume|70/100|[from] item: Life Orb
|move|p2a: Aerodactyl|Dual Wingbeat|p1b: Sinistcha
|-supereffective|p1b: Sinistcha|1
|-crit|p1b: Sinistcha
|-damage|p1b: Sinistcha|0 fnt
|faint|p1b: Sinistcha
|-hitcount|p1: Sinistcha|1
|cant|p1a: Incineroar|slp
|
|-weather|none
|upkeep
|turn|6
|-message|Zaxxxxxx forfeited.
|
|win|ThePrinceofNT
|l|☆Zaxxxxxx
|player|p1|
||Zaxxxxxx is ready for game 2.
||ThePrinceofNT is ready for game 2.
|uhtml|next|Next: Game 2 of 3
