|j|☆Bread248
|j|☆spearow's nest
|html|Bread248spearow's nest    
|uhtml|bestof|Game 1 of a best-of-3
|t:|1756252786
|gametype|doubles
|player|p1|Bread248|170|1337
|player|p2|spearow's nest|lance|1251
|gen|9
|tier|[Gen 9] VGC 2025 Reg H (Bo3)
|rated|
|rule|Species Clause: Limit one of each Pokémon
|rule|Item Clause: Limit 1 of each item
|clearpoke
|poke|p1|Gholdengo, L50|
|poke|p1|Sneasler, L50, F|
|poke|p1|Incineroar, L50, F|
|poke|p1|Amoonguss, L50, M|
|poke|p1|Dragonite, L50, M|
|poke|p1|Ursaluna-Bloodmoon, L50, M|
|poke|p2|Rillaboom, L50, M|
|poke|p2|Dragonite, L50, M|
|poke|p2|Sneasler, L50, M|
|poke|p2|Ninetales-Alola, L50, F|
|poke|p2|Kingambit, L50, M|
|poke|p2|Magmar, L50, M|
|teampreview|4
|showteam|p1|Gholdengo||LifeOrb|GoodasGold|MakeItRain,ShadowBall,NastyPlot,Protect||||||50|,,,,,Steel]Sneasler||FocusSash|PoisonTouch|FakeOut,CloseCombat,DireClaw,Protect|||F|||50|,,,,,Stellar]Incineroar||SafetyGoggles|Intimidate|FakeOut,FlareBlitz,KnockOff,PartingShot|||F|||50|,,,,,Ghost]Amoonguss||SitrusBerry|Regenerator|Spore,RagePowder,SludgeBomb,Protect|||M|||50|,,,,,Psychic]Dragonite||LoadedDice|Multiscale|ScaleShot,Haze,Tailwind,Protect|||M|||50|,,,,,Fairy]Ursaluna-Bloodmoon||AssaultVest|MindsEye|HyperVoice,BloodMoon,EarthPower,VacuumWave|||M|||50|,,,,,Water
|showteam|p2|Rillaboom||AssaultVest|GrassySurge|WoodHammer,GrassyGlide,HighHorsepower,FakeOut|||M|||50|,,,,,Fire]Dragonite||LoadedDice|Multiscale|Protect,ScaleShot,LowKick,Haze|||M|||50|,,,,,Fairy]Sneasler||WhiteHerb|Unburden|Protect,DireClaw,CloseCombat,Coaching|||M|||50|,,,,,Ghost]Ninetales-Alola||ChoiceSpecs|SnowWarning|Blizzard,IcyWind,Moonblast,FreezeDry|||F|||50|,,,,,Ghost]Kingambit||SafetyGoggles|Defiant|Protect,KowtowCleave,SuckerPunch,SwordsDance|||M|||50|,,,,,Dark]Magmar||Eviolite|VitalSpirit|Protect,FollowMe,Overheat,WillOWisp|||M|||50|,,,,,Dragon
|inactive|Battle timer is ON: inactive players will automatically lose when time's up. (requested by Bread248)
|inactive|Bread248 has 60 seconds left.
|inactive|spearow's nest has 60 seconds left.
|inactive|Bread248 has 30 seconds left.
|inactive|spearow's nest has 30 seconds left.
|inactive|Bread248 has 20 seconds left.
|
|t:|1756252858
|teamsize|p1|4
|teamsize|p2|4
|start
|switch|p1a: Dragonite|Dragonite, L50, M|100/100
|switch|p1b: Incineroar|Incineroar, L50, F, shiny|100/100
|switch|p2a: Sneasler|Sneasler, L50, M|100/100
|switch|p2b: Dragonite|Dragonite, L50, M|100/100
|-ability|p1b: Incineroar|Intimidate|boost
|-unboost|p2a: Sneasler|atk|1
|-unboost|p2b: Dragonite|atk|1
|-enditem|p2a: Sneasler|White Herb
|-clearnegativeboost|p2a: Sneasler|[silent]
|turn|1
|
|t:|1756252868
|move|p2a: Sneasler|Protect|p2a: Sneasler
|-singleturn|p2a: Sneasler|Protect
|move|p2b: Dragonite|Protect|p2b: Dragonite
|-singleturn|p2b: Dragonite|Protect
|move|p1b: Incineroar|Fake Out|p2b: Dragonite
|-activate|p2b: Dragonite|move: Protect
|move|p1a: Dragonite|Scale Shot|p2a: Sneasler
|-activate|p2a: Sneasler|move: Protect
|
|upkeep
|turn|2
|
|t:|1756252884
|-terastallize|p1a: Dragonite|Fairy
|-terastallize|p2b: Dragonite|Fairy
|move|p2a: Sneasler|Dire Claw|p1a: Dragonite
|-supereffective|p1a: Dragonite
|-damage|p1a: Dragonite|57/100
|-status|p1a: Dragonite|psn
|move|p1a: Dragonite|Scale Shot|p2a: Sneasler
|-damage|p2a: Sneasler|77/100
|-damage|p2a: Sneasler|56/100
|-damage|p2a: Sneasler|32/100
|-damage|p2a: Sneasler|7/100
|-hitcount|p2a: Sneasler|4
|-unboost|p1a: Dragonite|def|1
|-boost|p1a: Dragonite|spe|1
|move|p2b: Dragonite|Scale Shot|p1a: Dragonite
|-immune|p1a: Dragonite
|move|p1b: Incineroar|Knock Off|p2b: Dragonite
|-resisted|p2b: Dragonite
|-damage|p2b: Dragonite|90/100
|-enditem|p2b: Dragonite|Loaded Dice|[from] move: Knock Off|[of] p1b: Incineroar
|
|-damage|p1a: Dragonite|45/100 psn|[from] psn
|upkeep
|turn|3
|
|t:|1756252907
|move|p1a: Dragonite|Protect|p1a: Dragonite
|-singleturn|p1a: Dragonite|Protect
|move|p2b: Dragonite|Protect|p2b: Dragonite
|-singleturn|p2b: Dragonite|Protect
|move|p2a: Sneasler|Coaching|p2b: Dragonite
|-boost|p2b: Dragonite|atk|1
|-boost|p2b: Dragonite|def|1
|move|p1b: Incineroar|Parting Shot|p2b: Dragonite
|-activate|p2b: Dragonite|move: Protect
|
|-damage|p1a: Dragonite|33/100 psn|[from] psn
|upkeep
|turn|4
|
|t:|1756252926
|switch|p1a: Gholdengo|Gholdengo, L50|100/100
|move|p2a: Sneasler|Coaching|p2b: Dragonite
|-boost|p2b: Dragonite|atk|1
|-boost|p2b: Dragonite|def|1
|move|p2b: Dragonite|Scale Shot|p1b: Incineroar
|-damage|p1b: Incineroar|78/100
|-damage|p1b: Incineroar|55/100
|-damage|p1b: Incineroar|33/100
|-damage|p1b: Incineroar|12/100
|-hitcount|p1b: Incineroar|4
|-unboost|p2b: Dragonite|def|1
|-boost|p2b: Dragonite|spe|1
|move|p1b: Incineroar|Parting Shot|p2b: Dragonite
|-unboost|p2b: Dragonite|atk|1
|-unboost|p2b: Dragonite|spa|1
|
|t:|1756252938
|switch|p1b: Ursaluna|Ursaluna-Bloodmoon, L50, M|100/100|[from] Parting Shot
|
|upkeep
|turn|5
|inactive|Bread248 has 30 seconds left.
|inactive|spearow's nest has 30 seconds left.
|
|t:|1756252970
|switch|p2b: Rillaboom|Rillaboom, L50, M|100/100
|-fieldstart|move: Grassy Terrain|[from] ability: Grassy Surge|[of] p2b: Rillaboom
|move|p2a: Sneasler|Coaching|p2b: Rillaboom
|-boost|p2b: Rillaboom|atk|1
|-boost|p2b: Rillaboom|def|1
|move|p1a: Gholdengo|Make It Rain|p2a: Sneasler|[spread] p2a,p2b
|-damage|p2a: Sneasler|0 fnt
|-damage|p2b: Rillaboom|48/100
|-unboost|p1a: Gholdengo|spa|1
|faint|p2a: Sneasler
|-damage|p1a: Gholdengo|91/100|[from] item: Life Orb
|move|p1b: Ursaluna|Earth Power|p2b: Rillaboom
|-resisted|p2b: Rillaboom
|-damage|p2b: Rillaboom|28/100
|
|-heal|p1a: Gholdengo|97/100|[from] Grassy Terrain
|-heal|p2b: Rillaboom|34/100|[from] Grassy Terrain
|upkeep
|
|t:|1756252983
|switch|p2a: Ninetales|Ninetales-Alola, L50, F|100/100
|-weather|Snowscape|[from] ability: Snow Warning|[of] p2a: Ninetales
|turn|6
|
|t:|1756252993
|switch|p1b: Incineroar|Incineroar, L50, F, shiny|12/100
|-ability|p1b: Incineroar|Intimidate|boost
|-unboost|p2a: Ninetales|atk|1
|-unboost|p2b: Rillaboom|atk|1
|move|p2a: Ninetales|Icy Wind|p1b: Incineroar|[spread] p1a,p1b
|-resisted|p1a: Gholdengo
|-resisted|p1b: Incineroar
|-damage|p1a: Gholdengo|83/100
|-damage|p1b: Incineroar|5/100
|-unboost|p1a: Gholdengo|spe|1
|-unboost|p1b: Incineroar|spe|1
|move|p2b: Rillaboom|High Horsepower|p1a: Gholdengo
|-supereffective|p1a: Gholdengo
|-damage|p1a: Gholdengo|9/100
|move|p1a: Gholdengo|Make It Rain|p2a: Ninetales|[spread] p2a,p2b
|-supereffective|p2a: Ninetales
|-damage|p2a: Ninetales|0 fnt
|-damage|p2b: Rillaboom|0 fnt
|-unboost|p1a: Gholdengo|spa|1
|faint|p2a: Ninetales
|faint|p2b: Rillaboom
|-damage|p1a: Gholdengo|0 fnt|[from] item: Life Orb
|faint|p1a: Gholdengo
|
|-weather|Snowscape|[upkeep]
|-heal|p1b: Incineroar|11/100|[from] Grassy Terrain
|upkeep
|
|t:|1756253005
|switch|p1a: Ursaluna|Ursaluna-Bloodmoon, L50, M|100/100
|switch|p2b: Dragonite|Dragonite, L50, M, tera:Fairy|90/100
|turn|7
|
|t:|1756253012
|switch|p1b: Dragonite|Dragonite, L50, M, tera:Fairy|33/100 psn
|move|p2b: Dragonite|Protect|p2b: Dragonite
|-singleturn|p2b: Dragonite|Protect
|move|p1a: Ursaluna|Blood Moon|p2b: Dragonite
|-activate|p2b: Dragonite|move: Protect
|
|-weather|Snowscape|[upkeep]
|-heal|p2b: Dragonite|96/100|[from] Grassy Terrain
|-heal|p1b: Dragonite|39/100 psn|[from] Grassy Terrain
|-damage|p1b: Dragonite|27/100 psn|[from] psn
|upkeep
|turn|8
|
|t:|1756253020
|move|p2b: Dragonite|Low Kick|p1a: Ursaluna
|-supereffective|p1a: Ursaluna
|-damage|p1a: Ursaluna|30/100
|move|p1b: Dragonite|Tailwind|p1b: Dragonite
|-sidestart|p1: Bread248|move: Tailwind
|move|p1a: Ursaluna|Hyper Voice|p2b: Dragonite
|-crit|p2b: Dragonite
|-damage|p2b: Dragonite|17/100
|
|-weather|Snowscape|[upkeep]
|-heal|p1b: Dragonite|33/100 psn|[from] Grassy Terrain
|-heal|p1a: Ursaluna|36/100|[from] Grassy Terrain
|-heal|p2b: Dragonite|23/100|[from] Grassy Terrain
|-damage|p1b: Dragonite|21/100 psn|[from] psn
|upkeep
|turn|9
|-message|spearow's nest forfeited.
|
|win|Bread248
||spearow's nest is ready for game 2.
||Bread248 is ready for game 2.
|uhtml|next|Next: Game 2 of 3
