|j|☆StonksVgc89
|j|☆axcoquette
|html|StonksVgc89axcoquette    
|uhtml|bestof|Game 2 of a best-of-3
|t:|1783618822
|gametype|doubles
|player|p1|StonksVgc89|266|1151
|player|p2|axcoquette|maid|1146
|gen|9
|tier|[Gen 9 Champions] VGC 2026 Reg M-B (Bo3)
|rated|
|rule|Species Clause: Limit one of each Pokémon
|rule|Item Clause: Limit 1 of each item
|clearpoke
|poke|p1|Grimmsnarl, L50, M|
|poke|p1|Basculegion, L50, M|
|poke|p1|Venusaur, L50, F|
|poke|p1|Pelipper, L50, M|
|poke|p1|Archaludon, L50, F|
|poke|p1|Swampert, L50, F|
|poke|p2|Delphox, L50, M|
|poke|p2|Sneasler, L50, F|
|poke|p2|Sinistcha, L50|
|poke|p2|Incineroar, L50, F|
|poke|p2|Kingambit, L50, F|
|poke|p2|Floette-Eternal, L50, F|
|teampreview|4
|showteam|p1|Grimmsnarl||LightClay|Prankster|SpiritBreak,Reflect,LightScreen,PartingShot|Careful||M|||50|]Basculegion||ChoiceScarf|Adaptability|WaveCrash,LastRespects,AquaJet,FlipTurn|Jolly||M|||50|]Venusaur||Venusaurite|Chlorophyll|GigaDrain,SludgeBomb,EarthPower,Protect|Modest||F|||50|]Pelipper||SitrusBerry|Drizzle|Hurricane,WeatherBall,Tailwind,RainDance|Modest||M|||50|]Archaludon||Leftovers|Stamina|FlashCannon,DragonPulse,ElectroShot,Protect|Modest||F|||50|]Swampert||Swampertite|Damp|WaveCrash,Earthquake,IcePunch,Protect|Adamant||F|||50|
|showteam|p2|Delphox||Delphoxite|Blaze|Protect,NastyPlot,HeatWave,Psychic|Timid||M|||50|]Sneasler||FocusSash|PoisonTouch|Protect,FakeOut,PoisonJab,CloseCombat|Jolly||F|||50|]Sinistcha||KasibBerry|Hospitality|Protect,RagePowder,MatchaGotcha,LifeDew|Bold|||||50|]Incineroar||SitrusBerry|Intimidate|FakeOut,FlareBlitz,HelpingHand,PartingShot|Careful||F|||50|]Kingambit||BlackGlasses|Defiant|KowtowCleave,SwordsDance,SuckerPunch,Protect|Adamant||F|||50|]Floette-Eternal||Floettite|FlowerVeil|Moonblast,DazzlingGleam,CalmMind,Protect|Modest||F|||50|
|inactive|Battle timer is ON: inactive players will automatically lose when time's up. (requested by axcoquette)
|j| Lexicon
|inactive|StonksVgc89 has 60 seconds left.
|
|t:|1783618868
|teamsize|p1|4
|teamsize|p2|4
|start
|switch|p1a: Swampert|Swampert, L50, F|100/100
|switch|p1b: Basculegion|Basculegion, L50, M|100/100
|switch|p2a: Floette|Floette-Eternal, L50, F|100/100
|switch|p2b: Kingambit|Kingambit, L50, F|100/100
|turn|1
|inactive|StonksVgc89 has 30 seconds left.
|inactive|StonksVgc89 has 20 seconds left.
|
|t:|1783618906
|switch|p1b: Pelipper|Pelipper, L50, M|100/100
|-weather|RainDance|[from] ability: Drizzle|[of] p1b: Pelipper
|switch|p2b: Incineroar|Incineroar, L50, F|100/100
|-ability|p2b: Incineroar|Intimidate|boost
|-unboost|p1a: Swampert|atk|1
|-unboost|p1b: Pelipper|atk|1
|detailschange|p2a: Floette|Floette-Mega, L50, F
|-mega|p2a: Floette|Floette|Floettite
|-ability|p2a: Floette|Fairy Aura
|detailschange|p1a: Swampert|Swampert-Mega, L50, F
|-mega|p1a: Swampert|Swampert|Swampertite
|move|p1a: Swampert|Earthquake|p2a: Floette|[spread] p2a,p2b
|-immune|p1b: Pelipper
|-supereffective|p2b: Incineroar|1
|-damage|p2a: Floette|68/100
|-damage|p2b: Incineroar|42/100
|-enditem|p2b: Incineroar|Sitrus Berry|[eat]
|-heal|p2b: Incineroar|67/100|[from] item: Sitrus Berry
|move|p2a: Floette|Calm Mind|p2a: Floette
|-boost|p2a: Floette|spa|1
|-boost|p2a: Floette|spd|1
|
|-weather|RainDance|[upkeep]
|upkeep
|turn|2
|inactive|StonksVgc89 has 30 seconds left.
|inactive|axcoquette has 30 seconds left.
|inactive|StonksVgc89 has 20 seconds left.
|inactive|StonksVgc89 has 15 seconds left.
|inactive|StonksVgc89 has 10 seconds left.
|
|t:|1783618954
|switch|p1a: Archaludon|Archaludon, L50, F|100/100
|move|p2b: Incineroar|Fake Out|p1a: Archaludon
|-resisted|p1a: Archaludon|1
|-damage|p1a: Archaludon|96/100
|-ability|p1a: Archaludon|Stamina|boost
|-boost|p1a: Archaludon|def|1
|move|p2a: Floette|Dazzling Gleam|p1a: Archaludon|[spread] p1a,p1b
|-damage|p1a: Archaludon|29/100
|-damage|p1b: Pelipper|23/100
|-ability|p1a: Archaludon|Stamina|boost
|-boost|p1a: Archaludon|def|1
|-enditem|p1b: Pelipper|Sitrus Berry|[eat]
|-heal|p1b: Pelipper|48/100|[from] item: Sitrus Berry
|move|p1b: Pelipper|Tailwind|p1b: Pelipper
|-sidestart|p1: StonksVgc89|move: Tailwind
|
|-weather|RainDance|[upkeep]
|-heal|p1a: Archaludon|35/100|[from] item: Leftovers
|upkeep
|turn|3
|inactive|StonksVgc89 has 30 seconds left.
|inactive|StonksVgc89 has 20 seconds left.
|inactive|StonksVgc89 has 15 seconds left.
|
|t:|1783618994
|switch|p2b: Sinistcha|Sinistcha, L50|100/100
|-heal|p2a: Floette|93/100|[from] ability: Hospitality|[of] p2b: Sinistcha
|move|p2a: Floette|Protect|p2a: Floette
|-singleturn|p2a: Floette|Protect
|move|p1a: Archaludon|Flash Cannon|p2a: Floette
|-activate|p2a: Floette|move: Protect
|move|p1b: Pelipper|Weather Ball|p2b: Sinistcha
|-resisted|p2b: Sinistcha|1
|-damage|p2b: Sinistcha|73/100
|
|-weather|RainDance|[upkeep]
|-heal|p1a: Archaludon|41/100|[from] item: Leftovers
|upkeep
|turn|4
|inactive|StonksVgc89 has 30 seconds left.
|inactive|axcoquette has 30 seconds left.
|inactive|StonksVgc89 has 20 seconds left.
|inactive|axcoquette has 20 seconds left.
|inactive|StonksVgc89 has 15 seconds left.
|inactive|axcoquette has 15 seconds left.
|inactive|axcoquette has 10 seconds left.
|
|t:|1783619042
|move|p1a: Archaludon|Protect|p1a: Archaludon
|-singleturn|p1a: Archaludon|Protect
|move|p2b: Sinistcha|Protect|p2b: Sinistcha
|-singleturn|p2b: Sinistcha|Protect
|move|p1b: Pelipper|Hurricane|p2b: Sinistcha
|-activate|p2b: Sinistcha|move: Protect
|move|p2a: Floette|Calm Mind|p2a: Floette
|-boost|p2a: Floette|spa|1
|-boost|p2a: Floette|spd|1
|
|-weather|RainDance|[upkeep]
|-heal|p1a: Archaludon|47/100|[from] item: Leftovers
|upkeep
|turn|5
|inactive|StonksVgc89 has 30 seconds left.
|inactive|StonksVgc89 has 20 seconds left.
|inactive|StonksVgc89 has 15 seconds left.
|
|t:|1783619086
|switch|p1b: Swampert|Swampert-Mega, L50, F|100/100
|switch|p2b: Incineroar|Incineroar, L50, F|67/100
|-ability|p2b: Incineroar|Intimidate|boost
|-unboost|p1a: Archaludon|atk|1
|-unboost|p1b: Swampert|atk|1
|move|p1a: Archaludon|Dragon Pulse|p2b: Incineroar
|-damage|p2b: Incineroar|35/100
|move|p2a: Floette|Dazzling Gleam|p1a: Archaludon|[spread] p1a,p1b
|-damage|p1a: Archaludon|0 fnt
|-damage|p1b: Swampert|21/100
|faint|p1a: Archaludon
|
|-weather|none
|-sideend|p1: StonksVgc89|move: Tailwind
|upkeep
|
|t:|1783619102
|switch|p1a: Basculegion|Basculegion, L50, M|100/100
|turn|6
|inactive|StonksVgc89 has 30 seconds left.
|
|t:|1783619131
|switch|p1b: Pelipper|Pelipper, L50, M|48/100
|-weather|RainDance|[from] ability: Drizzle|[of] p1b: Pelipper
|move|p2b: Incineroar|Fake Out|p1b: Pelipper
|-damage|p1b: Pelipper|37/100
|move|p1a: Basculegion|Wave Crash|p2a: Floette
|-damage|p2a: Floette|0 fnt
|faint|p2a: Floette
|-damage|p1a: Basculegion|75/100|[from] Recoil
|
|-weather|RainDance|[upkeep]
|upkeep
|
|t:|1783619146
|switch|p2a: Sinistcha|Sinistcha, L50|73/100
|-heal|p2b: Incineroar|60/100|[from] ability: Hospitality|[of] p2a: Sinistcha
|turn|7
|
|t:|1783619169
|move|p2b: Incineroar|Helping Hand|p2a: Sinistcha
|-singleturn|p2a: Sinistcha|Helping Hand|[of] p2b: Incineroar
|move|p1a: Basculegion|Wave Crash|p2b: Incineroar
|-supereffective|p2b: Incineroar|1
|-damage|p2b: Incineroar|0 fnt
|faint|p2b: Incineroar
|-damage|p1a: Basculegion|55/100|[from] Recoil
|move|p1b: Pelipper|Hurricane|p2a: Sinistcha
|-supereffective|p2a: Sinistcha|1
|-damage|p2a: Sinistcha|0 fnt
|faint|p2a: Sinistcha
|
|-weather|RainDance|[upkeep]
|upkeep
|
|t:|1783619182
|switch|p2b: Kingambit|Kingambit, L50, F|100/100
|turn|8
|inactive|StonksVgc89 has 30 seconds left.
|
|t:|1783619210
|move|p2b: Kingambit|Sucker Punch|p1a: Basculegion
|-supereffective|p1a: Basculegion|1
|-damage|p1a: Basculegion|0 fnt
|faint|p1a: Basculegion
|move|p1b: Pelipper|Weather Ball|p2b: Kingambit
|-damage|p2b: Kingambit|39/100
|
|-weather|RainDance|[upkeep]
|upkeep
|
|t:|1783619218
|switch|p1a: Swampert|Swampert-Mega, L50, F|21/100
|turn|9
|
|t:|1783619237
|move|p2b: Kingambit|Protect|p2b: Kingambit
|-singleturn|p2b: Kingambit|Protect
|move|p1a: Swampert|Earthquake|p2b: Kingambit|[spread] 
|-activate|p2b: Kingambit|move: Protect
|-immune|p1b: Pelipper
|move|p1b: Pelipper|Weather Ball|p2b: Kingambit
|-activate|p2b: Kingambit|move: Protect
|
|-weather|RainDance|[upkeep]
|upkeep
|turn|10
|
|t:|1783619249
|move|p2b: Kingambit|Protect||[still]
|-fail|p2b: Kingambit
|move|p1a: Swampert|Earthquake|p2b: Kingambit|[spread] p2b
|-immune|p1b: Pelipper
|-supereffective|p2b: Kingambit|1
|-damage|p2b: Kingambit|0 fnt
|faint|p2b: Kingambit
|
|win|StonksVgc89
|raw|StonksVgc89's rating: 1151 → 1176(+25 for winning)
|raw|axcoquette's rating: 1146 → 1121(-25 for losing)
