|j|☆pokeopposition
|j|☆Rabiitbs
|html|pokeoppositionRabiitbs    
|uhtml|bestof|Game 2 of a best-of-3
|t:|1783118033
|gametype|doubles
|player|p1|pokeopposition|silver|1137
|player|p2|Rabiitbs|101|1130
|gen|9
|tier|[Gen 9 Champions] VGC 2026 Reg M-B (Bo3)
|rated|
|rule|Species Clause: Limit one of each Pokémon
|rule|Item Clause: Limit 1 of each item
|clearpoke
|poke|p1|Hatterene, L50, F, shiny|
|poke|p1|Hydrapple, L50, F, shiny|
|poke|p1|Incineroar, L50, M|
|poke|p1|Torkoal, L50, F, shiny|
|poke|p1|Farigiraf, L50, F, shiny|
|poke|p1|Camerupt, L50, M, shiny|
|poke|p2|Froslass, L50, F|
|poke|p2|Dragonite, L50, F|
|poke|p2|Lycanroc-Dusk, L50, F|
|poke|p2|Sableye, L50, F|
|poke|p2|Samurott-Hisui, L50, F|
|poke|p2|Archaludon, L50, M|
|teampreview|4
|showteam|p1|Hatterene||LifeOrb|MagicBounce|DazzlingGleam,Psychic,TrickRoom,Protect|Quiet||F|||50|]Hydrapple||YacheBerry|Regenerator|FickleBeam,LeafStorm,EarthPower,Protect|Quiet||F|||50|]Incineroar||SitrusBerry|Intimidate|FakeOut,PartingShot,FlareBlitz,DarkestLariat|Relaxed||M|||50|]Torkoal||Charcoal|Drought|WeatherBall,Eruption,HelpingHand,Protect|Quiet||F|||50|]Farigiraf||MentalHerb|ArmorTail|Psychic,HelpingHand,TrickRoom,Protect|Relaxed||F|||50|]Camerupt||Cameruptite|SolidRock|AncientPower,FireBlast,Eruption,EarthPower|Quiet||M|||50|
|showteam|p2|Froslass||Froslassite|SnowCloak|Blizzard,ShadowBall,AuroraVeil,Protect|Timid||F|||50|]Dragonite||Dragoninite|Multiscale|Hurricane,DragonPulse,IceBeam,Protect|Modest||F|||50|]Lycanroc-Dusk||FocusSash|ToughClaws|RockSlide,CloseCombat,Accelerock,Protect|Adamant||F|||50|]Sableye||RoseliBerry|Prankster|Quash,Encore,LightScreen,RainDance|Calm||F|||50|]Samurott-Hisui||ChoiceScarf|Sharpness|SacredSword,SuckerPunch,AquaCutter,NightSlash|Adamant||F|||50|]Archaludon||Leftovers|Stamina|ElectroShot,FlashCannon,AuraSphere,Protect|Modest||M|||50|
|
|t:|1783118052
|teamsize|p1|4
|teamsize|p2|4
|start
|switch|p1a: Farigiraf|Farigiraf, L50, F, shiny|100/100
|switch|p1b: Incineroar|Incineroar, L50, M|100/100
|switch|p2a: Lycanroc|Lycanroc-Dusk, L50, F|100/100
|switch|p2b: Samurott|Samurott-Hisui, L50, F|100/100
|-ability|p1b: Incineroar|Intimidate|boost
|-unboost|p2a: Lycanroc|atk|1
|-unboost|p2b: Samurott|atk|1
|turn|1
|
|t:|1783118071
|move|p2b: Samurott|Sacred Sword|p1b: Incineroar
|-supereffective|p1b: Incineroar|1
|-damage|p1b: Incineroar|54/100
|move|p2a: Lycanroc|Rock Slide|p1b: Incineroar|[spread] p1a,p1b
|-supereffective|p1b: Incineroar|1
|-damage|p1a: Farigiraf|81/100
|-damage|p1b: Incineroar|27/100
|-enditem|p1b: Incineroar|Sitrus Berry|[eat]
|-heal|p1b: Incineroar|52/100|[from] item: Sitrus Berry
|move|p1b: Incineroar|Parting Shot|p2b: Samurott
|-unboost|p2b: Samurott|atk|1
|-unboost|p2b: Samurott|spa|1
|
|t:|1783118084
|switch|p1b: Torkoal|Torkoal, L50, F, shiny|100/100|[from] Parting Shot
|-weather|SunnyDay|[from] ability: Drought|[of] p1b: Torkoal
|move|p1a: Farigiraf|Trick Room|p1a: Farigiraf
|-fieldstart|move: Trick Room|[of] p1a: Farigiraf
|
|-weather|SunnyDay|[upkeep]
|upkeep
|turn|2
|
|t:|1783118116
|switch|p2b: Sableye|Sableye, L50, F|100/100
|move|p2a: Lycanroc|Protect|p2a: Lycanroc
|-singleturn|p2a: Lycanroc|Protect
|move|p1b: Torkoal|Eruption|p2a: Lycanroc|[spread] p2b
|-activate|p2a: Lycanroc|move: Protect
|-damage|p2b: Sableye|0 fnt
|faint|p2b: Sableye
|move|p1a: Farigiraf|Psychic|p2a: Lycanroc
|-activate|p2a: Lycanroc|move: Protect
|
|-weather|SunnyDay|[upkeep]
|upkeep
|
|t:|1783118128
|switch|p2b: Froslass|Froslass, L50, F|100/100
|turn|3
|
|t:|1783118138
|detailschange|p2b: Froslass|Froslass-Mega, L50, F
|-mega|p2b: Froslass|Froslass|Froslassite
|-weather|Snowscape|[from] ability: Snow Warning|[of] p2b: Froslass
|move|p1a: Farigiraf|Helping Hand|p1b: Torkoal
|-singleturn|p1b: Torkoal|Helping Hand|[of] p1a: Farigiraf
|move|p2b: Froslass|Protect|p2b: Froslass
|-singleturn|p2b: Froslass|Protect
|move|p1b: Torkoal|Eruption|p2b: Froslass|[spread] p2a
|-activate|p2b: Froslass|move: Protect
|-resisted|p2a: Lycanroc|1
|-damage|p2a: Lycanroc|34/100
|move|p2a: Lycanroc|Rock Slide|p1b: Torkoal|[spread] p1b
|-miss|p2a: Lycanroc|p1a: Farigiraf
|-supereffective|p1b: Torkoal|1
|-crit|p1b: Torkoal
|-damage|p1b: Torkoal|25/100
|
|-weather|Snowscape|[upkeep]
|upkeep
|turn|4
|
|t:|1783118162
|switch|p1b: Incineroar|Incineroar, L50, M|52/100
|-ability|p1b: Incineroar|Intimidate|boost
|-unboost|p2a: Lycanroc|atk|1
|-unboost|p2b: Froslass|atk|1
|switch|p2b: Samurott|Samurott-Hisui, L50, F|100/100
|move|p2a: Lycanroc|Protect|p2a: Lycanroc
|-singleturn|p2a: Lycanroc|Protect
|move|p1a: Farigiraf|Psychic|p2a: Lycanroc
|-activate|p2a: Lycanroc|move: Protect
|
|-weather|Snowscape|[upkeep]
|upkeep
|turn|5
|
|t:|1783118232
|switch|p2a: Froslass|Froslass-Mega, L50, F|100/100
|move|p1a: Farigiraf|Psychic|p2a: Froslass
|-damage|p2a: Froslass|54/100
|move|p1b: Incineroar|Parting Shot|p2b: Samurott
|-unboost|p2b: Samurott|atk|1
|-unboost|p2b: Samurott|spa|1
|
|t:|1783118239
|switch|p1b: Torkoal|Torkoal, L50, F, shiny|25/100|[from] Parting Shot
|-weather|SunnyDay|[from] ability: Drought|[of] p1b: Torkoal
|move|p2b: Samurott|Aqua Cutter|p1b: Torkoal
|-supereffective|p1b: Torkoal|1
|-damage|p1b: Torkoal|1/100
|
|-weather|SunnyDay|[upkeep]
|-fieldend|move: Trick Room
|upkeep
|turn|6
|
|t:|1783118257
|switch|p2a: Lycanroc|Lycanroc-Dusk, L50, F|34/100
|switch|p1b: Incineroar|Incineroar, L50, M|52/100
|-ability|p1b: Incineroar|Intimidate|boost
|-unboost|p2a: Lycanroc|atk|1
|-unboost|p2b: Samurott|atk|1
|move|p2b: Samurott|Aqua Cutter|p1a: Farigiraf
|-damage|p1a: Farigiraf|71/100
|move|p1a: Farigiraf|Trick Room|p1a: Farigiraf
|-fieldstart|move: Trick Room|[of] p1a: Farigiraf
|
|-weather|SunnyDay|[upkeep]
|upkeep
|turn|7
|
|t:|1783118279
|switch|p2b: Froslass|Froslass-Mega, L50, F|54/100
|-weather|Snowscape|[from] ability: Snow Warning|[of] p2b: Froslass
|move|p2a: Lycanroc|Accelerock||[still]
|cant|p1a: Farigiraf|ability: Armor Tail|Accelerock|[of] p2a: Lycanroc
|move|p1a: Farigiraf|Psychic|p2a: Lycanroc
|-damage|p2a: Lycanroc|0 fnt
|faint|p2a: Lycanroc
|move|p1b: Incineroar|Parting Shot|p2b: Froslass
|-unboost|p2b: Froslass|atk|1
|-unboost|p2b: Froslass|spa|1
|
|t:|1783118287
|switch|p1b: Torkoal|Torkoal, L50, F, shiny|1/100|[from] Parting Shot
|-weather|SunnyDay|[from] ability: Drought|[of] p1b: Torkoal
|
|-weather|SunnyDay|[upkeep]
|upkeep
|
|t:|1783118294
|switch|p2a: Samurott|Samurott-Hisui, L50, F|100/100
|turn|8
|
|t:|1783118304
|switch|p1a: Incineroar|Incineroar, L50, M|52/100
|-ability|p1a: Incineroar|Intimidate|boost
|-unboost|p2a: Samurott|atk|1
|-unboost|p2b: Froslass|atk|1
|move|p1b: Torkoal|Protect|p1b: Torkoal
|-singleturn|p1b: Torkoal|Protect
|move|p2b: Froslass|Protect|p2b: Froslass
|-singleturn|p2b: Froslass|Protect
|move|p2a: Samurott|Aqua Cutter|p1b: Torkoal
|-activate|p1b: Torkoal|move: Protect
|
|-weather|SunnyDay|[upkeep]
|upkeep
|turn|9
|
|t:|1783118320
|move|p1b: Torkoal|Weather Ball|p2b: Froslass
|-supereffective|p2b: Froslass|1
|-damage|p2b: Froslass|0 fnt
|faint|p2b: Froslass
|move|p1a: Incineroar|Parting Shot|p2a: Samurott
|-unboost|p2a: Samurott|atk|1
|-unboost|p2a: Samurott|spa|1
|
|t:|1783118327
|switch|p1a: Farigiraf|Farigiraf, L50, F, shiny|71/100|[from] Parting Shot
|move|p2a: Samurott|Aqua Cutter|p1b: Torkoal
|-supereffective|p1b: Torkoal|1
|-damage|p1b: Torkoal|0 fnt
|faint|p1b: Torkoal
|
|-weather|SunnyDay|[upkeep]
|upkeep
|
|t:|1783118331
|switch|p1b: Hatterene|Hatterene, L50, F, shiny|100/100
|turn|10
|
|t:|1783118340
|move|p2a: Samurott|Aqua Cutter|p1b: Hatterene
|-damage|p1b: Hatterene|86/100
|move|p1b: Hatterene|Trick Room|p1b: Hatterene
|-fieldend|move: Trick Room
|move|p1a: Farigiraf|Trick Room|p1a: Farigiraf
|-fieldstart|move: Trick Room|[of] p1a: Farigiraf
|
|-weather|SunnyDay|[upkeep]
|upkeep
|turn|11
|
|t:|1783118351
|switch|p1a: Incineroar|Incineroar, L50, M|52/100
|-ability|p1a: Incineroar|Intimidate|boost
|-unboost|p2a: Samurott|atk|1
|move|p1b: Hatterene|Dazzling Gleam|p2a: Samurott
|-supereffective|p2a: Samurott|1
|-damage|p2a: Samurott|0 fnt
|faint|p2a: Samurott
|-damage|p1b: Hatterene|76/100|[from] item: Life Orb
|
|win|pokeopposition
|raw|pokeopposition's rating: 1137 → 1161(+24 for winning)
|raw|Rabiitbs's rating: 1130 → 1106(-24 for losing)
|c|☆pokeopposition|ggs
|l|☆Rabiitbs
|player|p2|
