|j|☆idkmeibee
|j|☆monsoonisbest
|html|idkmeibeemonsoonisbest    
|uhtml|bestof|Game 2 of a best-of-3
|t:|1782984167
|gametype|doubles
|player|p1|idkmeibee|roxie|1120
|player|p2|monsoonisbest|266|1206
|gen|9
|tier|[Gen 9 Champions] VGC 2026 Reg M-B (Bo3)
|rated|
|rule|Species Clause: Limit one of each Pokémon
|rule|Item Clause: Limit 1 of each item
|clearpoke
|poke|p1|Vivillon-Icy Snow, L50, F|
|poke|p1|Scrafty, L50, M|
|poke|p1|Sableye, L50, M|
|poke|p1|Ninetales-Alola, L50, M|
|poke|p1|Gholdengo, L50|
|poke|p1|Primarina, L50, F|
|poke|p2|Pyroar, L50, F|
|poke|p2|Basculegion, L50, M|
|poke|p2|Mawile, L50, F|
|poke|p2|Torkoal, L50, F|
|poke|p2|Oranguru, L50, M|
|poke|p2|Grimmsnarl, L50, M|
|teampreview|4
|showteam|p1|Vivillon-Icy Snow||ChoiceScarf|CompoundEyes|SleepPowder,Hurricane,PollenPuff,Tailwind|Bold||F|||50|]Scrafty||Scraftinite|Intimidate|SwordsDance,DrainPunch,KnockOff,FakeOut|Adamant||M|||50|]Sableye||RoseliBerry|Prankster|Quash,WillOWisp,FoulPlay,LightScreen|Careful||M|||50|]Ninetales-Alola||LightClay|SnowWarning|AuroraVeil,Blizzard,IcyWind,Encore|Calm||M|||50|]Gholdengo||WhiteHerb|GoodasGold|NastyPlot,ShadowBall,MakeItRain,Protect|Modest|||||50|]Primarina||MysticWater|LiquidVoice|HyperVoice,Moonblast,Haze,Protect|Timid||F|||50|
|showteam|p2|Pyroar||Pyroarite|Rivalry|HeatWave,SolarBeam,Overheat,Protect|Timid||F|||50|]Basculegion||ChoiceScarf|Adaptability|WaveCrash,LastRespects,FlipTurn,AquaJet|Jolly||M|||50|]Mawile||Mawilite|HyperCutter|IronHead,PlayRough,SuckerPunch,Protect|Adamant||F|||50|]Torkoal||Charcoal|Drought|Eruption,WeatherBall,HelpingHand,Protect|Quiet||F|||50|]Oranguru||MentalHerb|InnerFocus|Psychic,TrickRoom,Encore,Instruct|Relaxed||M|||50|]Grimmsnarl||SitrusBerry|Prankster|SpiritBreak,FakeOut,LightScreen,PartingShot|Careful||M|||50|
|inactive|Battle timer is ON: inactive players will automatically lose when time's up. (requested by idkmeibee)
|inactive|monsoonisbest has 60 seconds left.
|inactive|monsoonisbest has 30 seconds left.
|inactive|monsoonisbest has 20 seconds left.
|inactive|monsoonisbest has 15 seconds left.
|
|t:|1782984251
|teamsize|p1|4
|teamsize|p2|4
|start
|switch|p1a: Sableye|Sableye, L50, M|100/100
|switch|p1b: Gholdengo|Gholdengo, L50|100/100
|switch|p2a: Pyroar|Pyroar, L50, F|100/100
|switch|p2b: Grimmsnarl|Grimmsnarl, L50, M|100/100
|turn|1
|
|t:|1782984268
|switch|p2b: Torkoal|Torkoal, L50, F|100/100
|-weather|SunnyDay|[from] ability: Drought|[of] p2b: Torkoal
|detailschange|p2a: Pyroar|Pyroar-Mega, L50, F
|-mega|p2a: Pyroar|Pyroar|Pyroarite
|move|p1a: Sableye|Light Screen|p1a: Sableye
|-sidestart|p1: idkmeibee|move: Light Screen
|move|p2a: Pyroar|Heat Wave|p1b: Gholdengo|[spread] p1a,p1b
|-supereffective|p1b: Gholdengo|1
|-damage|p1a: Sableye|37/100
|-damage|p1b: Gholdengo|0 fnt
|faint|p1b: Gholdengo
|
|-weather|SunnyDay|[upkeep]
|upkeep
|
|t:|1782984272
|switch|p1b: Primarina|Primarina, L50, F|100/100
|turn|2
|
|t:|1782984282
|move|p2b: Torkoal|Helping Hand|p2a: Pyroar
|-singleturn|p2a: Pyroar|Helping Hand|[of] p2b: Torkoal
|move|p1a: Sableye|Quash|p2a: Pyroar
|-activate|p2a: Pyroar|move: Quash
|move|p1b: Primarina|Hyper Voice|p2a: Pyroar|[spread] p2a,p2b
|-supereffective|p2a: Pyroar|1
|-supereffective|p2b: Torkoal|1
|-damage|p2a: Pyroar|52/100
|-damage|p2b: Torkoal|48/100
|move|p2a: Pyroar|Solar Beam||[still]
|-prepare|p2a: Pyroar|Solar Beam
|-anim|p2a: Pyroar|Solar Beam|p1b: Primarina
|-supereffective|p1b: Primarina|1
|-damage|p1b: Primarina|22/100
|
|-weather|SunnyDay|[upkeep]
|upkeep
|turn|3
|
|t:|1782984299
|move|p2b: Torkoal|Helping Hand|p2a: Pyroar
|-singleturn|p2a: Pyroar|Helping Hand|[of] p2b: Torkoal
|move|p1a: Sableye|Quash|p2a: Pyroar
|-activate|p2a: Pyroar|move: Quash
|move|p1b: Primarina|Hyper Voice|p2a: Pyroar|[spread] p2a,p2b
|-supereffective|p2a: Pyroar|1
|-crit|p2a: Pyroar
|-supereffective|p2b: Torkoal|1
|-damage|p2a: Pyroar|0 fnt
|-damage|p2b: Torkoal|0 fnt
|faint|p2a: Pyroar
|faint|p2b: Torkoal
|
|-weather|SunnyDay|[upkeep]
|upkeep
|
|t:|1782984307
|switch|p2a: Grimmsnarl|Grimmsnarl, L50, M|100/100
|switch|p2b: Basculegion|Basculegion, L50, M|100/100
|turn|4
|
|t:|1782984325
|move|p1b: Primarina|Protect|p1b: Primarina
|-singleturn|p1b: Primarina|Protect
|move|p2a: Grimmsnarl|Fake Out|p1b: Primarina
|-activate|p1b: Primarina|move: Protect
|move|p2b: Basculegion|Last Respects|p1a: Sableye
|-damage|p1a: Sableye|0 fnt
|faint|p1a: Sableye
|
|-weather|SunnyDay|[upkeep]
|upkeep
|
|t:|1782984332
|switch|p1a: Scrafty|Scrafty, L50, M|100/100
|-ability|p1a: Scrafty|Intimidate|boost
|-unboost|p2a: Grimmsnarl|atk|1
|-unboost|p2b: Basculegion|atk|1
|turn|5
|
|t:|1782984342
|detailschange|p1a: Scrafty|Scrafty-Mega, L50, M
|-mega|p1a: Scrafty|Scrafty|Scraftinite
|-ability|p1a: Scrafty|Intimidate|boost
|-unboost|p2a: Grimmsnarl|atk|1
|-unboost|p2b: Basculegion|atk|1
|move|p2b: Basculegion|Last Respects|p1b: Primarina
|-damage|p1b: Primarina|0 fnt
|faint|p1b: Primarina
|move|p1a: Scrafty|Knock Off|p2b: Basculegion
|-supereffective|p2b: Basculegion|1
|-damage|p2b: Basculegion|0 fnt
|-enditem|p2b: Basculegion|Choice Scarf|[from] move: Knock Off|[of] p1a: Scrafty
|faint|p2b: Basculegion
|move|p2a: Grimmsnarl|Spirit Break|p1a: Scrafty
|-supereffective|p1a: Scrafty|2
|-damage|p1a: Scrafty|41/100
|-unboost|p1a: Scrafty|spa|1
|
|-weather|none
|-sideend|p1: idkmeibee|move: Light Screen
|upkeep
|turn|6
|
|t:|1782984357
|move|p1a: Scrafty|Drain Punch|p2a: Grimmsnarl
|-damage|p2a: Grimmsnarl|46/100
|-heal|p1a: Scrafty|77/100|[from] drain|[of] p2a: Grimmsnarl
|-enditem|p2a: Grimmsnarl|Sitrus Berry|[eat]
|-heal|p2a: Grimmsnarl|71/100|[from] item: Sitrus Berry
|move|p2a: Grimmsnarl|Spirit Break|p1a: Scrafty
|-supereffective|p1a: Scrafty|2
|-damage|p1a: Scrafty|21/100
|-unboost|p1a: Scrafty|spa|1
|
|upkeep
|turn|7
|
|t:|1782984363
|move|p1a: Scrafty|Drain Punch|p2a: Grimmsnarl
|-damage|p2a: Grimmsnarl|21/100
|-heal|p1a: Scrafty|54/100|[from] drain|[of] p2a: Grimmsnarl
|move|p2a: Grimmsnarl|Spirit Break|p1a: Scrafty
|-supereffective|p1a: Scrafty|2
|-damage|p1a: Scrafty|0 fnt
|faint|p1a: Scrafty
|
|win|monsoonisbest
|raw|idkmeibee's rating: 1120 → 1101(-19 for losing)
|raw|monsoonisbest's rating: 1206 → 1225(+19 for winning)
