|j|☆Frakub
|j|‽mirokartdeluxe
|html|Frakubmirokartdeluxe    
|uhtml|bestof|Game 3 of a best-of-3
|t:|1755624602
|gametype|doubles
|player|p1|Frakub|acetrainer-gen4dp|1313
|player|p2|mirokartdeluxe|hiker-gen4|1186
|gen|9
|tier|[Gen 9] VGC 2025 Reg H (Bo3)
|rated|
|rule|Species Clause: Limit one of each Pokémon
|rule|Item Clause: Limit 1 of each item
|clearpoke
|poke|p1|Kingambit, L50, M|
|poke|p1|Rillaboom, L50, M|
|poke|p1|Ninetales-Alola, L50, F|
|poke|p1|Dragonite, L50, M|
|poke|p1|Magmar, L50, M|
|poke|p1|Sneasler, L50, M|
|poke|p2|Garchomp, L50, F|
|poke|p2|Jumpluff, L50, M|
|poke|p2|Torkoal, L50, F|
|poke|p2|Dragonite, L50, M|
|poke|p2|Kingambit, L50, F|
|poke|p2|Typhlosion-Hisui, L50, M|
|teampreview|4
|showteam|p1|Kingambit||BlackGlasses|Defiant|KowtowCleave,SuckerPunch,SwordsDance,Protect|||M|||50|,,,,,Dark]Rillaboom||AssaultVest|GrassySurge|WoodHammer,GrassyGlide,HighHorsepower,FakeOut|||M|||50|,,,,,Fire]Ninetales-Alola||LightClay|SnowWarning|Blizzard,FreezeDry,Protect,AuroraVeil|||F|||50|,,,,,Ghost]Dragonite||LoadedDice|Multiscale|ScaleShot,ExtremeSpeed,Haze,Protect|||M|||50|,,,,,Steel]Magmar||Eviolite|VitalSpirit|Taunt,Overheat,FollowMe,Protect|||M|||50|,,,,,Ghost]Sneasler||FocusSash|PoisonTouch|FakeOut,DireClaw,CloseCombat,Protect|||M|||50|,,,,,Ghost
|showteam|p2|Garchomp||LifeOrb|RoughSkin|Earthquake,DragonClaw,StompingTantrum,Protect|||F|||50|,,,,,Fire]Jumpluff||CovertCloak|Chlorophyll|LeafStorm,SleepPowder,Encore,Tailwind|||M|||50|,,,,,Water]Torkoal||EjectPack|Drought|Overheat,BurningJealousy,HelpingHand,Protect|||F|||50|,,,,,Flying]Dragonite||LoadedDice|Multiscale|ScaleShot,ExtremeSpeed,Haze,Protect|||M|||50|,,,,,Fairy]Kingambit||AssaultVest|Defiant|IronHead,SuckerPunch,Assurance,LowKick|||F|||50|,,,,,Flying]Typhlosion-Hisui||ChoiceSpecs|Blaze|Eruption,ShadowBall,HeatWave,Overheat|||M|||50|,,,,,Fire
|inactive|Battle timer is ON: inactive players will automatically lose when time's up. (requested by mirokartdeluxe)
|inactive|Frakub also wants the timer to be on.
|inactive|Frakub has 60 seconds left.
|
|t:|1755624644
|teamsize|p1|4
|teamsize|p2|4
|start
|switch|p1a: Kingambit|Kingambit, L50, M|100/100
|switch|p1b: Magmar|Magmar, L50, M|100/100
|switch|p2a: Torkoal|Torkoal, L50, F|100/100
|switch|p2b: Jumpluff|Jumpluff, L50, M|100/100
|-weather|SunnyDay|[from] ability: Drought|[of] p2a: Torkoal
|turn|1
|
|t:|1755624660
|-terastallize|p1a: Kingambit|Dark
|move|p2b: Jumpluff|Tailwind|p2b: Jumpluff
|-sidestart|p2: mirokartdeluxe|move: Tailwind
|move|p1b: Magmar|Overheat|p2b: Jumpluff
|-supereffective|p2b: Jumpluff
|-damage|p2b: Jumpluff|0 fnt
|-unboost|p1b: Magmar|spa|2
|faint|p2b: Jumpluff
|move|p2a: Torkoal|Overheat|p1b: Magmar
|-resisted|p1b: Magmar
|-damage|p1b: Magmar|73/100
|-unboost|p2a: Torkoal|spa|2
|-enditem|p2a: Torkoal|Eject Pack
|
|t:|1755624670
|switch|p2a: Garchomp|Garchomp, L50, F|100/100
|move|p1a: Kingambit|Kowtow Cleave|p2a: Garchomp
|-damage|p2a: Garchomp|20/100
|-damage|p1a: Kingambit|88/100|[from] ability: Rough Skin|[of] p2a: Garchomp
|
|-weather|SunnyDay|[upkeep]
|upkeep
|
|t:|1755624678
|switch|p2b: Typhlosion|Typhlosion-Hisui, L50, M|100/100
|turn|2
|
|t:|1755624691
|-terastallize|p2b: Typhlosion|Fire
|move|p1b: Magmar|Protect|p1b: Magmar
|-singleturn|p1b: Magmar|Protect
|move|p1a: Kingambit|Sucker Punch|p2b: Typhlosion
|-crit|p2b: Typhlosion
|-damage|p2b: Typhlosion|0 fnt
|faint|p2b: Typhlosion
|move|p2a: Garchomp|Stomping Tantrum|p1b: Magmar
|-activate|p1b: Magmar|move: Protect
|
|-weather|SunnyDay|[upkeep]
|upkeep
|
|t:|1755624698
|switch|p2b: Torkoal|Torkoal, L50, F|100/100
|turn|3
|inactive|Frakub has 30 seconds left.
|
|t:|1755624725
|move|p2a: Garchomp|Protect|p2a: Garchomp
|-singleturn|p2a: Garchomp|Protect
|move|p1a: Kingambit|Sucker Punch||[still]
|-fail|p1a: Kingambit
|move|p1b: Magmar|Taunt|p2b: Torkoal
|-start|p2b: Torkoal|move: Taunt
|move|p2b: Torkoal|Overheat|p1a: Kingambit
|-crit|p1a: Kingambit
|-damage|p1a: Kingambit|0 fnt
|-unboost|p2b: Torkoal|spa|2
|faint|p1a: Kingambit
|
|-weather|SunnyDay|[upkeep]
|upkeep
|
|t:|1755624731
|switch|p1a: Ninetales|Ninetales-Alola, L50, F|100/100
|-weather|Snowscape|[from] ability: Snow Warning|[of] p1a: Ninetales
|turn|4
|
|t:|1755624742
|move|p1a: Ninetales|Protect|p1a: Ninetales
|-singleturn|p1a: Ninetales|Protect
|move|p1b: Magmar|Protect|p1b: Magmar
|-singleturn|p1b: Magmar|Protect
|move|p2a: Garchomp|Stomping Tantrum|p1b: Magmar
|-activate|p1b: Magmar|move: Protect
|move|p2b: Torkoal|Overheat|p1a: Ninetales
|-activate|p1a: Ninetales|move: Protect
|
|-weather|Snowscape|[upkeep]
|-sideend|p2: mirokartdeluxe|move: Tailwind
|upkeep
|turn|5
|
|t:|1755624753
|switch|p1b: Sneasler|Sneasler, L50, M|100/100
|move|p2a: Garchomp|Protect|p2a: Garchomp
|-singleturn|p2a: Garchomp|Protect
|move|p1a: Ninetales|Blizzard|p2b: Torkoal|[spread] p2b
|-activate|p2a: Garchomp|move: Protect
|-resisted|p2b: Torkoal
|-damage|p2b: Torkoal|82/100
|move|p2b: Torkoal|Overheat|p1a: Ninetales
|-supereffective|p1a: Ninetales
|-damage|p1a: Ninetales|39/100
|-unboost|p2b: Torkoal|spa|2
|
|-weather|Snowscape|[upkeep]
|-end|p2b: Torkoal|move: Taunt
|upkeep
|turn|6
|
|t:|1755624761
|move|p1b: Sneasler|Fake Out|p2b: Torkoal
|-damage|p2b: Torkoal|71/100
|move|p1a: Ninetales|Blizzard|p2b: Torkoal|[spread] p2a,p2b
|-supereffective|p2a: Garchomp
|-resisted|p2b: Torkoal
|-damage|p2a: Garchomp|0 fnt
|-damage|p2b: Torkoal|49/100
|faint|p2a: Garchomp
|cant|p2b: Torkoal|flinch
|
|-weather|Snowscape|[upkeep]
|upkeep
|turn|7
|-message|mirokartdeluxe forfeited.
|
|win|Frakub
|raw|Frakub's rating: 1313 → 1326(+13 for winning)
|raw|mirokartdeluxe's rating: 1186 → 1170(-16 for losing)
|l|‽mirokartdeluxe
|player|p2|
|c|☆Frakub|gg
