|j|鈽哛egionalModeSlow
|j|鈽唅vanthesaxophonist
|html|RegionalModeSlowivanthesaxophonist    
|uhtml|bestof|Game 1 of a best-of-3
|t:|1756352783
|gametype|doubles
|player|p1|RegionalModeSlow|birdkeeper-gen4dp|1164
|player|p2|ivanthesaxophonist|acetrainer-gen4dp|1076
|gen|9
|tier|[Gen 9] VGC 2025 Reg H (Bo3)
|rated|
|rule|Species Clause: Limit one of each Pok茅mon
|rule|Item Clause: Limit 1 of each item
|clearpoke
|poke|p1|Noivern, L50, M|
|poke|p1|Weezing-Galar, L50, M|
|poke|p1|Gholdengo, L50|
|poke|p1|Garchomp, L50, M|
|poke|p1|Annihilape, L50, M|
|poke|p1|Magmar, L50, M|
|poke|p2|Incineroar, L50, F|
|poke|p2|Rillaboom, L50, M|
|poke|p2|Milotic, L50, M|
|poke|p2|Gholdengo, L50|
|poke|p2|Grimmsnarl, L50, M|
|poke|p2|Dragonite, L50, M|
|teampreview|4
|showteam|p1|Noivern||CovertCloak|Telepathy|AirSlash,SuperFang,Tailwind,Taunt|||M|||50|,,,,,Steel]Weezing-Galar||ChoiceSpecs|NeutralizingGas|DazzlingGleam,SludgeBomb,StrangeSteam,Flamethrower|||M|||50|,,,,,Flying]Gholdengo||MetalCoat|GoodasGold|MakeItRain,ShadowBall,NastyPlot,Protect||||||50|,,,,,Flying]Garchomp||LifeOrb|RoughSkin|DragonClaw,Earthquake,StompingTantrum,Protect|||M|||50|,,,,,Ground]Annihilape||AssaultVest|Defiant|CloseCombat,ShadowClaw,FinalGambit,Uturn|||M|||50|,,,,,Stellar]Magmar||Eviolite|VitalSpirit|HeatWave,WillOWisp,FollowMe,Protect|||M|||50|,,,,,Ghost
|showteam|p2|Incineroar||SafetyGoggles|Intimidate|FlareBlitz,KnockOff,FakeOut,PartingShot|||F|||50|,,,,,Ghost]Rillaboom||AssaultVest|GrassySurge|FakeOut,GrassyGlide,WoodHammer,HighHorsepower|||M|||50|,,,,,Water]Milotic||Leftovers|Competitive|Scald,IcyWind,AlluringVoice,Protect|||M|||50|,,,,,Grass]Gholdengo||LifeOrb|GoodasGold|ShadowBall,MakeItRain,NastyPlot,Protect||||||50|,,,,,Water]Grimmsnarl||LightClay|Prankster|SpiritBreak,ThroatChop,LightScreen,Reflect|||M|||50|,,,,,Ghost]Dragonite||LoadedDice|Multiscale|ExtremeSpeed,ScaleShot,Tailwind,Protect|||M|||50|,,,,,Steel
|
|t:|1756352841
|teamsize|p1|4
|teamsize|p2|4
|start
|switch|p1a: Purple馃挏Haze|Weezing-Galar, L50, M|100/100
|switch|p1b: V盲in盲m枚inen|Annihilape, L50, M, shiny|100/100
|switch|p2a: Milotic|Milotic, L50, M|100/100
|switch|p2b: Grimmsnarl|Grimmsnarl, L50, M|100/100
|-ability|p1a: Purple馃挏Haze|Neutralizing Gas
|turn|1
|inactive|Battle timer is ON: inactive players will automatically lose when time's up. (requested by ivanthesaxophonist)
|
|t:|1756352872
|move|p1b: V盲in盲m枚inen|U-turn|p2b: Grimmsnarl
|-damage|p2b: Grimmsnarl|75/100
|
|t:|1756352876
|switch|p1b: Steely Dan|Gholdengo, L50, shiny|100/100|[from] U-turn
|move|p2a: Milotic|Icy Wind|p1b: Steely Dan|[spread] 
|-miss|p2a: Milotic|p1a: Purple馃挏Haze
|-miss|p2a: Milotic|p1b: Steely Dan
|move|p1a: Purple馃挏Haze|Dazzling Gleam|p2a: Milotic|[spread] p2a,p2b
|-supereffective|p2b: Grimmsnarl
|-damage|p2a: Milotic|78/100
|-damage|p2b: Grimmsnarl|0 fnt
|faint|p2b: Grimmsnarl
|
|-heal|p2a: Milotic|84/100|[from] item: Leftovers
|upkeep
|
|t:|1756352888
|switch|p2b: Rillaboom|Rillaboom, L50, M|100/100
|turn|2
|
|t:|1756352898
|-end|p1a: Purple馃挏Haze|ability: Neutralizing Gas
|-fieldstart|move: Grassy Terrain|[from] ability: Grassy Surge|[of] p2b: Rillaboom
|switch|p1a: Ozzy|Noivern, L50, M|100/100
|move|p2b: Rillaboom|Fake Out|p1a: Ozzy
|-damage|p1a: Ozzy|87/100
|move|p1b: Steely Dan|Nasty Plot|p1b: Steely Dan
|-boost|p1b: Steely Dan|spa|2
|move|p2a: Milotic|Icy Wind|p1b: Steely Dan|[spread] p1a,p1b
|-supereffective|p1a: Ozzy
|-resisted|p1b: Steely Dan
|-damage|p1a: Ozzy|44/100
|-damage|p1b: Steely Dan|96/100
|-unboost|p1b: Steely Dan|spe|1
|
|-heal|p2a: Milotic|90/100|[from] Grassy Terrain
|-heal|p2a: Milotic|96/100|[from] item: Leftovers
|-heal|p1b: Steely Dan|100/100|[from] Grassy Terrain
|upkeep
|turn|3
|inactive|ivanthesaxophonist has 30 seconds left.
|
|t:|1756352931
|-terastallize|p2b: Rillaboom|Water
|move|p1a: Ozzy|Tailwind|p1a: Ozzy
|-sidestart|p1: RegionalModeSlow|move: Tailwind
|move|p1b: Steely Dan|Make It Rain|p2a: Milotic|[spread] p2a,p2b
|-resisted|p2a: Milotic
|-resisted|p2b: Rillaboom
|-damage|p2a: Milotic|59/100
|-damage|p2b: Rillaboom|51/100
|-unboost|p1b: Steely Dan|spa|1
|move|p2b: Rillaboom|High Horsepower|p1b: Steely Dan
|-supereffective|p1b: Steely Dan
|-damage|p1b: Steely Dan|31/100
|move|p2a: Milotic|Scald|p1b: Steely Dan
|-damage|p1b: Steely Dan|0 fnt
|faint|p1b: Steely Dan
|
|-heal|p2b: Rillaboom|56/100|[from] Grassy Terrain
|-heal|p2a: Milotic|65/100|[from] Grassy Terrain
|-heal|p2a: Milotic|71/100|[from] item: Leftovers
|upkeep
|
|t:|1756352936
|switch|p1b: Purple馃挏Haze|Weezing-Galar, L50, M|100/100
|-ability|p1b: Purple馃挏Haze|Neutralizing Gas
|turn|4
|
|t:|1756352954
|-terastallize|p1a: Ozzy|Steel
|move|p1a: Ozzy|Air Slash|p2b: Rillaboom
|-damage|p2b: Rillaboom|34/100
|move|p1b: Purple馃挏Haze|Dazzling Gleam|p2a: Milotic|[spread] p2a,p2b
|-crit|p2a: Milotic
|-damage|p2a: Milotic|32/100
|-damage|p2b: Rillaboom|0 fnt
|faint|p2b: Rillaboom
|move|p2a: Milotic|Alluring Voice|p1a: Ozzy
|-resisted|p1a: Ozzy
|-damage|p1a: Ozzy|33/100
|
|-heal|p1a: Ozzy|39/100|[from] Grassy Terrain
|-heal|p2a: Milotic|38/100|[from] Grassy Terrain
|-heal|p2a: Milotic|44/100|[from] item: Leftovers
|upkeep
|
|t:|1756352966
|switch|p2b: Gholdengo|Gholdengo, L50|100/100
|turn|5
|
|t:|1756352978
|move|p1a: Ozzy|Super Fang|p2a: Milotic
|-damage|p2a: Milotic|22/100
|move|p1b: Purple馃挏Haze|Dazzling Gleam|p2b: Gholdengo|[spread] p2a,p2b
|-resisted|p2b: Gholdengo
|-damage|p2a: Milotic|0 fnt
|-damage|p2b: Gholdengo|78/100
|faint|p2a: Milotic
|move|p2b: Gholdengo|Shadow Ball|p1a: Ozzy
|-damage|p1a: Ozzy|0 fnt
|faint|p1a: Ozzy
|-damage|p2b: Gholdengo|68/100|[from] item: Life Orb
|
|-heal|p2b: Gholdengo|74/100|[from] Grassy Terrain
|upkeep
|
|t:|1756352981
|switch|p1a: V盲in盲m枚inen|Annihilape, L50, M, shiny|100/100
|turn|6
|
|t:|1756352992
|move|p2b: Gholdengo|Protect|p2b: Gholdengo
|-singleturn|p2b: Gholdengo|Protect
|move|p1a: V盲in盲m枚inen|Shadow Claw|p2b: Gholdengo
|-activate|p2b: Gholdengo|move: Protect
|move|p1b: Purple馃挏Haze|Dazzling Gleam|p2b: Gholdengo
|-activate|p2b: Gholdengo|move: Protect
|
|-heal|p2b: Gholdengo|80/100|[from] Grassy Terrain
|-sideend|p1: RegionalModeSlow|move: Tailwind
|-fieldend|move: Grassy Terrain
|upkeep
|turn|7
|
|t:|1756353003
|move|p1a: V盲in盲m枚inen|Shadow Claw|p2b: Gholdengo
|-supereffective|p2b: Gholdengo
|-damage|p2b: Gholdengo|6/100
|move|p2b: Gholdengo|Shadow Ball|p1a: V盲in盲m枚inen
|-supereffective|p1a: V盲in盲m枚inen
|-damage|p1a: V盲in盲m枚inen|26/100
|-unboost|p1a: V盲in盲m枚inen|spd|1
|-damage|p2b: Gholdengo|0 fnt|[from] item: Life Orb
|faint|p2b: Gholdengo
|
|win|RegionalModeSlow
||ivanthesaxophonist is ready for game 2.
||RegionalModeSlow is ready for game 2.
|uhtml|next|Next: Game 2 of 3
|l|鈽唅vanthesaxophonist
|player|p2|
