|j|☆rurik2
|j|☆rainloverrrr
|html|rurik2rainloverrrr    
|uhtml|bestof|Game 1 of a best-of-3
|t:|1782334190
|gametype|doubles
|player|p1|rurik2|hugh|1097
|player|p2|rainloverrrr|n|1085
|gen|9
|tier|[Gen 9 Champions] VGC 2026 Reg M-B (Bo3)
|rated|
|rule|Species Clause: Limit one of each Pokémon
|rule|Item Clause: Limit 1 of each item
|clearpoke
|poke|p1|Farigiraf, L50, F|
|poke|p1|Gallade, L50, M|
|poke|p1|Torkoal, L50, F|
|poke|p1|Slowbro, L50, F|
|poke|p1|Kingambit, L50, M|
|poke|p1|Hatterene, L50, F|
|poke|p2|Aerodactyl, L50, M|
|poke|p2|Tyranitar, L50, M|
|poke|p2|Metagross, L50|
|poke|p2|Rotom-Wash, L50|
|poke|p2|Dragapult, L50, F|
|poke|p2|Garchomp, L50, M|
|teampreview|4
|showteam|p1|Farigiraf||ColburBerry|ArmorTail|ExpandingForce,TrickRoom,Protect,PsychicTerrain|Sassy||F|||50|]Gallade||FocusSash|Sharpness|PsychoCut,SacredSword,TrickRoom,WideGuard|Brave||M|||50|]Torkoal||Charcoal|Drought|Eruption,WeatherBall,EarthPower,Protect|Quiet||F|||50|]Slowbro||Slowbronite|Oblivious|MuddyWater,ExpandingForce,TrickRoom,PsychicTerrain|Quiet||F|||50|]Kingambit||ExpertBelt|Defiant|KowtowCleave,IronHead,LowKick,Protect|Brave||M|||50|]Hatterene||LifeOrb|MagicBounce|DazzlingGleam,ExpandingForce,TrickRoom,Protect|Quiet||F|||50|
|showteam|p2|Aerodactyl||FocusSash|Unnerve|DualWingbeat,Tailwind,RockSlide,Protect|Jolly||M|||50|]Tyranitar||Tyranitarite|SandStream|DragonDance,Protect,KnockOff,RockSlide|Adamant||M|||50|]Metagross||Metagrossite|ClearBody|StompingTantrum,BulletPunch,PsychicFangs,Protect|Adamant|||||50|]Rotom-Wash||Leftovers|Levitate|Electroweb,Thunderbolt,Protect,HydroPump|Modest|||||50|]Dragapult||ChoiceScarf|ClearBody|Uturn,ShadowBall,Flamethrower,DragonPulse|Modest||F|||50|]Garchomp||LifeOrb|SandVeil|Earthquake,DragonClaw,Protect,PoisonJab|Jolly||M|||50|
|inactive|Battle timer is ON: inactive players will automatically lose when time's up. (requested by rainloverrrr)
|inactive|rainloverrrr has 60 seconds left.
|l|☆rurik2
|inactive|rurik2 disconnected and has a minute to reconnect!
|player|p1|
|inactive|rainloverrrr has 30 seconds left.
|inactive|rainloverrrr has 20 seconds left.
|inactive|rainloverrrr has 15 seconds left.
|j|☆rurik2
|inactive|rurik2 reconnected.
|player|p1|rurik2|hugh|
|
|t:|1782334281
|teamsize|p1|4
|teamsize|p2|4
|start
|switch|p1a: Farigiraf|Farigiraf, L50, F|100/100
|switch|p1b: Gallade|Gallade, L50, M|100/100
|switch|p2a: Tyranitar|Tyranitar, L50, M|100/100
|switch|p2b: Dragapult|Dragapult, L50, F|100/100
|-weather|Sandstorm|[from] ability: Sand Stream|[of] p2a: Tyranitar
|turn|1
|inactive|rurik2 has 30 seconds left.
|
|t:|1782334306
|move|p2a: Tyranitar|Protect|p2a: Tyranitar
|-singleturn|p2a: Tyranitar|Protect
|move|p2b: Dragapult|Shadow Ball|p1b: Gallade
|-supereffective|p1b: Gallade|1
|-damage|p1b: Gallade|31/100
|move|p1a: Farigiraf|Psychic Terrain|p1a: Farigiraf
|-fieldstart|move: Psychic Terrain
|move|p1b: Gallade|Trick Room|p1b: Gallade
|-fieldstart|move: Trick Room|[of] p1b: Gallade
|
|-weather|Sandstorm|[upkeep]
|-damage|p1a: Farigiraf|93/100|[from] Sandstorm
|-damage|p1b: Gallade|25/100|[from] Sandstorm
|-damage|p2b: Dragapult|93/100|[from] Sandstorm
|upkeep
|turn|2
|inactive|rurik2 has 30 seconds left.
|inactive|rainloverrrr has 30 seconds left.
|inactive|rainloverrrr has 20 seconds left.
|
|t:|1782334345
|switch|p1a: Slowbro|Slowbro, L50, F|100/100
|switch|p2a: Rotom|Rotom-Wash, L50|100/100
|move|p1b: Gallade|Sacred Sword|p2a: Rotom
|-damage|p2a: Rotom|9/100
|move|p2b: Dragapult|Shadow Ball|p1b: Gallade
|-supereffective|p1b: Gallade|1
|-damage|p1b: Gallade|0 fnt
|faint|p1b: Gallade
|
|-weather|Sandstorm|[upkeep]
|-damage|p1a: Slowbro|94/100|[from] Sandstorm
|-damage|p2a: Rotom|3/100|[from] Sandstorm
|-damage|p2b: Dragapult|87/100|[from] Sandstorm
|-heal|p2a: Rotom|9/100|[from] item: Leftovers
|upkeep
|
|t:|1782334367
|switch|p1b: Farigiraf|Farigiraf, L50, F|93/100
|turn|3
|inactive|rainloverrrr has 30 seconds left.
|inactive|rainloverrrr has 20 seconds left.
|
|t:|1782334402
|detailschange|p1a: Slowbro|Slowbro-Mega, L50, F
|-mega|p1a: Slowbro|Slowbro|Slowbronite
|move|p1a: Slowbro|Muddy Water|p2a: Rotom|[spread] p2a,p2b
|-resisted|p2a: Rotom|1
|-resisted|p2b: Dragapult|1
|-damage|p2a: Rotom|0 fnt
|-damage|p2b: Dragapult|63/100
|faint|p2a: Rotom
|move|p1b: Farigiraf|Expanding Force|p2b: Dragapult
|-damage|p2b: Dragapult|0 fnt
|faint|p2b: Dragapult
|
|-weather|Sandstorm|[upkeep]
|-damage|p1a: Slowbro|88/100|[from] Sandstorm
|-damage|p1b: Farigiraf|87/100|[from] Sandstorm
|upkeep
|
|t:|1782334411
|switch|p2a: Tyranitar|Tyranitar, L50, M|100/100
|switch|p2b: Garchomp|Garchomp, L50, M|100/100
|turn|4
|
|t:|1782334422
|detailschange|p2a: Tyranitar|Tyranitar-Mega, L50, M
|-mega|p2a: Tyranitar|Tyranitar|Tyranitarite
|move|p2b: Garchomp|Protect|p2b: Garchomp
|-singleturn|p2b: Garchomp|Protect
|move|p1a: Slowbro|Muddy Water|p2b: Garchomp|[spread] 
|-activate|p2b: Garchomp|move: Protect
|-miss|p1a: Slowbro|p2a: Tyranitar
|move|p1b: Farigiraf|Expanding Force|p2b: Garchomp|[spread] 
|-activate|p2b: Garchomp|move: Protect
|-immune|p2a: Tyranitar
|move|p2a: Tyranitar|Knock Off|p1a: Slowbro
|-supereffective|p1a: Slowbro|1
|-damage|p1a: Slowbro|39/100
|
|-weather|Sandstorm|[upkeep]
|-damage|p1a: Slowbro|33/100|[from] Sandstorm
|-damage|p1b: Farigiraf|81/100|[from] Sandstorm
|upkeep
|turn|5
|inactive|rainloverrrr has 30 seconds left.
|
|t:|1782334448
|move|p1a: Slowbro|Muddy Water|p2b: Garchomp|[spread] p2a,p2b
|-supereffective|p2a: Tyranitar|1
|-damage|p2a: Tyranitar|59/100
|-damage|p2b: Garchomp|57/100
|-unboost|p2a: Tyranitar|accuracy|1
|move|p1b: Farigiraf|Expanding Force|p2a: Tyranitar|[spread] p2b
|-immune|p2a: Tyranitar
|-damage|p2b: Garchomp|12/100
|move|p2a: Tyranitar|Knock Off|p1a: Slowbro|[miss]
|-miss|p2a: Tyranitar|p1a: Slowbro
|move|p2b: Garchomp|Poison Jab|p1b: Farigiraf
|-damage|p1b: Farigiraf|49/100
|-damage|p2b: Garchomp|3/100|[from] item: Life Orb
|
|-weather|none
|-fieldend|move: Trick Room
|-fieldend|move: Psychic Terrain
|upkeep
|turn|6
|inactive|rainloverrrr has 30 seconds left.
|inactive|rainloverrrr has 20 seconds left.
|inactive|rainloverrrr has 15 seconds left.
|
|t:|1782334489
|move|p2b: Garchomp|Dragon Claw|p1a: Slowbro
|-damage|p1a: Slowbro|6/100
|-damage|p2b: Garchomp|0 fnt|[from] item: Life Orb
|faint|p2b: Garchomp
|move|p2a: Tyranitar|Knock Off|p1b: Farigiraf
|-supereffective|p1b: Farigiraf|1
|-enditem|p1b: Farigiraf|Colbur Berry|[eat]
|-enditem|p1b: Farigiraf|Colbur Berry|[weaken]
|-damage|p1b: Farigiraf|0 fnt
|faint|p1b: Farigiraf
|move|p1a: Slowbro|Trick Room|p1a: Slowbro
|-fieldstart|move: Trick Room|[of] p1a: Slowbro
|
|upkeep
|
|t:|1782334500
|switch|p1b: Torkoal|Torkoal, L50, F|100/100
|-weather|SunnyDay|[from] ability: Drought|[of] p1b: Torkoal
|turn|7
|inactive|rainloverrrr has 30 seconds left.
|inactive|rainloverrrr has 20 seconds left.
|
|t:|1782334538
|move|p1b: Torkoal|Eruption|p2a: Tyranitar
|-resisted|p2a: Tyranitar|1
|-damage|p2a: Tyranitar|11/100
|move|p1a: Slowbro|Muddy Water|p2a: Tyranitar
|-supereffective|p2a: Tyranitar|1
|-damage|p2a: Tyranitar|0 fnt
|faint|p2a: Tyranitar
|
|win|rurik2
|l|☆rainloverrrr
|player|p2|
||rainloverrrr is ready for game 2.
