|j|☆D4ilos
|j|☆dondozo ate my son
|html|D4ilosdondozo ate my son    
|uhtml|bestof|Game 1 of a best-of-3
|t:|1783657526
|gametype|doubles
|player|p1|D4ilos|101|1118
|player|p2|dondozo ate my son|102|1272
|gen|9
|tier|[Gen 9 Champions] VGC 2026 Reg M-B (Bo3)
|rated|
|rule|Species Clause: Limit one of each Pokémon
|rule|Item Clause: Limit 1 of each item
|clearpoke
|poke|p1|Garchomp, L50, M|
|poke|p1|Metagross, L50|
|poke|p1|Farigiraf, L50, F|
|poke|p1|Milotic, L50, M|
|poke|p1|Zoroark-Hisui, L50, F|
|poke|p1|Tyranitar, L50, M|
|poke|p2|Floette-Eternal, L50, F|
|poke|p2|Sneasler, L50, F|
|poke|p2|Incineroar, L50, F|
|poke|p2|Sinistcha, L50|
|poke|p2|Garchomp, L50, F|
|poke|p2|Kingambit, L50, F|
|teampreview|4
|showteam|p1|Garchomp||Garchompite|SandVeil|Earthquake,RockSlide,DragonClaw,Protect|Brave||M|||50|]Metagross||Metagrossite|ClearBody|BodyPress,BulletPunch,PsychicFangs,IcePunch|Brave|||||50|]Farigiraf||SitrusBerry|ArmorTail|TrickRoom,TwinBeam,AllySwitch,HyperVoice|Bold||F|||50|]Milotic||Leftovers|Competitive|Scald,LifeDew,IceBeam,Protect|Modest||M|||50|]Zoroark-Hisui||LifeOrb|Illusion|HyperVoice,ShadowBall,SludgeBomb,IcyWind|Modest||F|||50|]Tyranitar||FocusSash|SandStream|KnockOff,Protect,RockSlide,StealthRock|Brave||M|||50|
|showteam|p2|Floette-Eternal||Floettite|FlowerVeil|DazzlingGleam,DrainingKiss,CalmMind,Protect|Bold||F|||50|]Sneasler||FocusSash|PoisonTouch|FakeOut,PoisonJab,CloseCombat,Protect|Jolly||F|||50|]Incineroar||SitrusBerry|Intimidate|FakeOut,FlareBlitz,PartingShot,DarkestLariat|Careful||F|||50|]Sinistcha||Leftovers|Hospitality|MatchaGotcha,Protect,TrickRoom,RagePowder|Bold|||||50|]Garchomp||LifeOrb|RoughSkin|Protect,StompingTantrum,RockSlide,DragonClaw|Jolly||F|||50|]Kingambit||ChopleBerry|Defiant|KowtowCleave,SuckerPunch,IronHead,Protect|Adamant||F|||50|
|inactive|Battle timer is ON: inactive players will automatically lose when time's up. (requested by D4ilos)
|
|t:|1783657558
|teamsize|p1|4
|teamsize|p2|4
|start
|switch|p1a: Tyranitar|Tyranitar, L50, M|100/100
|switch|p1b: Farigiraf|Farigiraf, L50, F|100/100
|switch|p2a: Sneasler|Sneasler, L50, F|100/100
|switch|p2b: Garchomp|Garchomp, L50, F|100/100
|turn|1
|
|t:|1783657571
|move|p2a: Sneasler|Close Combat|p1a: Tyranitar
|-immune|p1a: Tyranitar
|move|p2b: Garchomp|Stomping Tantrum|p1a: Tyranitar
|-damage|p1a: Tyranitar|0 fnt
|replace|p1a: Zoroark|Zoroark-Hisui, L50, F
|-end|p1a: Zoroark|Illusion
|faint|p1a: Zoroark
|-damage|p2b: Garchomp|90/100|[from] item: Life Orb
|move|p1b: Farigiraf|Trick Room|p1b: Farigiraf
|-fieldstart|move: Trick Room|[of] p1b: Farigiraf
|
|upkeep
|
|t:|1783657579
|switch|p1a: Metagross|Metagross, L50|100/100
|turn|2
|
|t:|1783657594
|detailschange|p1a: Metagross|Metagross-Mega, L50
|-mega|p1a: Metagross|Metagross|Metagrossite
|move|p1b: Farigiraf|Twin Beam|p2a: Sneasler
|-supereffective|p2a: Sneasler|2
|-damage|p2a: Sneasler|23/100
|-supereffective|p2a: Sneasler|2
|-damage|p2a: Sneasler|0 fnt
|faint|p2a: Sneasler
|-hitcount|p2: Sneasler|2
|move|p1a: Metagross|Ice Punch|p2b: Garchomp
|-supereffective|p2b: Garchomp|2
|-damage|p2b: Garchomp|0 fnt
|-damage|p1a: Metagross|87/100|[from] ability: Rough Skin|[of] p2b: Garchomp
|faint|p2b: Garchomp
|
|upkeep
|
|t:|1783657605
|switch|p2b: Floette|Floette-Eternal, L50, F|100/100
|switch|p2a: Kingambit|Kingambit, L50, F|100/100
|turn|3
|
|t:|1783657614
|detailschange|p2b: Floette|Floette-Mega, L50, F
|-mega|p2b: Floette|Floette|Floettite
|-ability|p2b: Floette|Fairy Aura
|move|p2a: Kingambit|Kowtow Cleave|p1a: Metagross
|-supereffective|p1a: Metagross|1
|-damage|p1a: Metagross|22/100
|move|p1b: Farigiraf|Hyper Voice|p2a: Kingambit|[spread] p2a,p2b
|-resisted|p2a: Kingambit|1
|-damage|p2a: Kingambit|88/100
|-damage|p2b: Floette|81/100
|move|p1a: Metagross|Body Press|p2a: Kingambit
|-supereffective|p2a: Kingambit|2
|-enditem|p2a: Kingambit|Chople Berry|[eat]
|-enditem|p2a: Kingambit|Chople Berry|[weaken]
|-damage|p2a: Kingambit|33/100
|move|p2b: Floette|Dazzling Gleam|p1a: Metagross|[spread] p1a,p1b
|-resisted|p1a: Metagross|1
|-damage|p1a: Metagross|0 fnt
|-damage|p1b: Farigiraf|64/100
|faint|p1a: Metagross
|
|upkeep
|
|t:|1783657626
|switch|p1a: Tyranitar|Tyranitar, L50, M|100/100
|-weather|Sandstorm|[from] ability: Sand Stream|[of] p1a: Tyranitar
|turn|4
|
|t:|1783657647
|move|p2a: Kingambit|Kowtow Cleave|p1b: Farigiraf
|-supereffective|p1b: Farigiraf|1
|-damage|p1b: Farigiraf|0 fnt
|faint|p1b: Farigiraf
|move|p1a: Tyranitar|Rock Slide|p2b: Floette|[spread] p2a
|-miss|p1a: Tyranitar|p2b: Floette
|-resisted|p2a: Kingambit|1
|-damage|p2a: Kingambit|23/100
|move|p2b: Floette|Draining Kiss|p1a: Tyranitar
|-supereffective|p1a: Tyranitar|1
|-damage|p1a: Tyranitar|64/100
|-heal|p2b: Floette|100/100|[from] drain|[of] p1a: Tyranitar
|
|-weather|Sandstorm|[upkeep]
|-damage|p2b: Floette|93/100|[from] Sandstorm
|upkeep
|turn|5
|
|t:|1783657663
|move|p2a: Kingambit|Iron Head|p1a: Tyranitar
|-supereffective|p1a: Tyranitar|1
|-damage|p1a: Tyranitar|0 fnt
|faint|p1a: Tyranitar
|
|win|dondozo ate my son
|l|☆D4ilos
|player|p1|
