|j|☆lakaka siuuu
|j|☆vxrdant
|html|lakaka siuuuvxrdant    
|uhtml|bestof|Game 2 of a best-of-3
|t:|1782353791
|gametype|doubles
|player|p1|lakaka siuuu|expert-gen6|1325
|player|p2|vxrdant|karen|1406
|gen|9
|tier|[Gen 9 Champions] VGC 2026 Reg M-B (Bo3)
|rated|
|rule|Species Clause: Limit one of each Pokémon
|rule|Item Clause: Limit 1 of each item
|clearpoke
|poke|p1|Floette-Eternal, L50, F|
|poke|p1|Sinistcha, L50|
|poke|p1|Incineroar, L50, M|
|poke|p1|Delphox, L50, M|
|poke|p1|Kingambit, L50, M|
|poke|p1|Sneasler, L50, M|
|poke|p2|Krookodile, L50, F|
|poke|p2|Staraptor, L50, M|
|poke|p2|Whimsicott, L50, M|
|poke|p2|Grimmsnarl, L50, M|
|poke|p2|Rotom-Heat, L50|
|poke|p2|Glimmora, L50, F|
|teampreview|4
|showteam|p1|Floette-Eternal||Floettite|FlowerVeil|Moonblast,DazzlingGleam,CalmMind,Protect|Modest||F|||50|]Sinistcha||ColburBerry|Hospitality|MatchaGotcha,RagePowder,Protect,TrickRoom|Bold|||||50|]Incineroar||SitrusBerry|Intimidate|FlareBlitz,PartingShot,FakeOut,HelpingHand|Careful||M|||50|]Delphox||Delphoxite|Blaze|HeatWave,Psyshock,NastyPlot,Protect|Timid||M|||50|]Kingambit||BlackGlasses|Defiant|KowtowCleave,SuckerPunch,SwordsDance,Protect|Adamant||M|||50|]Sneasler||FocusSash|Unburden|CloseCombat,DireClaw,FakeOut,QuickGuard|Jolly||M|||50|
|showteam|p2|Krookodile||ChoiceScarf|Intimidate|Earthquake,KnockOff,RockSlide,StompingTantrum|Adamant||F|||50|]Staraptor||Staraptite|Intimidate|CloseCombat,BraveBird,Roost,Protect|Jolly||M|||50|]Whimsicott||FocusSash|Prankster|Moonblast,Charm,Tailwind,Protect|Timid||M|||50|]Grimmsnarl||SitrusBerry|Prankster|SpiritBreak,FakeOut,PartingShot,LightScreen|Impish||M|||50|]Rotom-Heat||LifeOrb|Levitate|Overheat,Thunderbolt,VoltSwitch,Protect|Timid|||||50|]Glimmora||Glimmoranite|ToxicDebris|PowerGem,SludgeBomb,EnergyBall,SpikyShield|Timid||F|||50|
|
|t:|1782353827
|teamsize|p1|4
|teamsize|p2|4
|start
|switch|p1a: Delphox|Delphox, L50, M|100/100
|switch|p1b: Gradisce|Incineroar, L50, M|100/100
|switch|p2a: Grimmsnarl|Grimmsnarl, L50, M|100/100
|switch|p2b: Glimmora|Glimmora, L50, F|100/100
|-ability|p1b: Gradisce|Intimidate|boost
|-unboost|p2a: Grimmsnarl|atk|1
|-unboost|p2b: Glimmora|atk|1
|turn|1
|
|t:|1782353854
|detailschange|p1a: Delphox|Delphox-Mega, L50, M
|-mega|p1a: Delphox|Delphox|Delphoxite
|move|p2a: Grimmsnarl|Fake Out|p1a: Delphox
|-damage|p1a: Delphox|90/100
|move|p1b: Gradisce|Fake Out|p2b: Glimmora
|-resisted|p2b: Glimmora|1
|-damage|p2b: Glimmora|94/100
|-activate|p2b: Glimmora|ability: Toxic Debris
|-sidestart|p1: lakaka siuuu|move: Toxic Spikes
|cant|p1a: Delphox|flinch
|cant|p2b: Glimmora|flinch
|
|upkeep
|turn|2
|
|t:|1782353876
|detailschange|p2b: Glimmora|Glimmora-Mega, L50, F
|-mega|p2b: Glimmora|Glimmora|Glimmoranite
|move|p1a: Delphox|Protect|p1a: Delphox
|-singleturn|p1a: Delphox|Protect
|move|p2a: Grimmsnarl|Light Screen|p2a: Grimmsnarl
|-sidestart|p2: vxrdant|move: Light Screen
|move|p2b: Glimmora|Power Gem|p1b: Gradisce
|-supereffective|p1b: Gradisce|1
|-damage|p1b: Gradisce|6/100
|-enditem|p1b: Gradisce|Sitrus Berry|[eat]
|-heal|p1b: Gradisce|31/100|[from] item: Sitrus Berry
|move|p1b: Gradisce|Parting Shot|p2b: Glimmora
|-unboost|p2b: Glimmora|atk|1
|-unboost|p2b: Glimmora|spa|1
|
|t:|1782353886
|switch|p1b: Apache Kid|Kingambit, L50, M|100/100|[from] Parting Shot
|
|upkeep
|turn|3
|
|t:|1782353913
|move|p2a: Grimmsnarl|Parting Shot|p1a: Delphox
|-unboost|p1a: Delphox|atk|1
|-unboost|p1a: Delphox|spa|1
|
|t:|1782353921
|switch|p2a: Rotom|Rotom-Heat, L50|100/100|[from] Parting Shot
|move|p1a: Delphox|Nasty Plot|p1a: Delphox
|-boost|p1a: Delphox|spa|2
|move|p2b: Glimmora|Power Gem|p1a: Delphox
|-supereffective|p1a: Delphox|1
|-damage|p1a: Delphox|14/100
|move|p1b: Apache Kid|Swords Dance|p1b: Apache Kid
|-boost|p1b: Apache Kid|atk|2
|
|upkeep
|turn|4
|
|t:|1782353933
|move|p1b: Apache Kid|Sucker Punch|p2a: Rotom
|-damage|p2a: Rotom|0 fnt
|faint|p2a: Rotom
|move|p1a: Delphox|Psyshock|p2b: Glimmora
|-supereffective|p2b: Glimmora|1
|-damage|p2b: Glimmora|6/100
|move|p2b: Glimmora|Sludge Bomb|p1a: Delphox
|-damage|p1a: Delphox|0 fnt
|faint|p1a: Delphox
|
|upkeep
|
|t:|1782353946
|switch|p1a: Il Conto?|Sinistcha, L50|100/100
|switch|p2a: Grimmsnarl|Grimmsnarl, L50, M|100/100
|-status|p1a: Il Conto?|psn
|turn|5
|
|t:|1782353956
|move|p2a: Grimmsnarl|Fake Out|p1b: Apache Kid
|-resisted|p1b: Apache Kid|1
|-damage|p1b: Apache Kid|96/100
|move|p2b: Glimmora|Sludge Bomb|p1a: Il Conto?
|-damage|p1a: Il Conto?|55/100 psn
|cant|p1b: Apache Kid|flinch
|move|p1a: Il Conto?|Trick Room|p1a: Il Conto?
|-fieldstart|move: Trick Room|[of] p1a: Il Conto?
|
|-damage|p1a: Il Conto?|42/100 psn|[from] psn
|upkeep
|turn|6
|
|t:|1782353974
|move|p2b: Glimmora|Spiky Shield|p2b: Glimmora
|-singleturn|p2b: Glimmora|move: Protect
|move|p1b: Apache Kid|Kowtow Cleave|p2a: Grimmsnarl
|-resisted|p2a: Grimmsnarl|2
|-damage|p2a: Grimmsnarl|74/100
|move|p2a: Grimmsnarl|Spirit Break|p1a: Il Conto?
|-damage|p1a: Il Conto?|16/100 psn
|-unboost|p1a: Il Conto?|spa|1
|move|p1a: Il Conto?|Matcha Gotcha|p2a: Grimmsnarl|[spread] p2a
|-activate|p2b: Glimmora|move: Protect
|-damage|p2a: Grimmsnarl|63/100
|-heal|p1a: Il Conto?|23/100 psn|[from] drain|[of] p2a: Grimmsnarl
|-status|p2a: Grimmsnarl|brn
|
|-damage|p1a: Il Conto?|11/100 psn|[from] psn
|-damage|p2a: Grimmsnarl|57/100 brn|[from] brn
|-sideend|p2: vxrdant|move: Light Screen
|upkeep
|turn|7
|
|t:|1782354010
|move|p2b: Glimmora|Spiky Shield||[still]
|-fail|p2b: Glimmora
|move|p1b: Apache Kid|Kowtow Cleave|p2b: Glimmora
|-damage|p2b: Glimmora|0 fnt
|faint|p2b: Glimmora
|move|p2a: Grimmsnarl|Spirit Break|p1a: Il Conto?
|-damage|p1a: Il Conto?|0 fnt
|faint|p1a: Il Conto?
|
|-damage|p2a: Grimmsnarl|51/100 brn|[from] brn
|upkeep
|
|t:|1782354016
|switch|p1a: Gradisce|Incineroar, L50, M|31/100
|switch|p2b: Krookodile|Krookodile, L50, F|100/100
|-status|p1a: Gradisce|psn
|-ability|p1a: Gradisce|Intimidate|boost
|-unboost|p2a: Grimmsnarl|atk|1
|-unboost|p2b: Krookodile|atk|1
|-ability|p2b: Krookodile|Intimidate|boost
|-unboost|p1a: Gradisce|atk|1
|-unboost|p1b: Apache Kid|atk|1
|-ability|p1b: Apache Kid|Defiant|boost
|-boost|p1b: Apache Kid|atk|2
|turn|8
|
|t:|1782354028
|move|p1a: Gradisce|Fake Out|p2b: Krookodile
|-damage|p2b: Krookodile|91/100
|move|p1b: Apache Kid|Swords Dance|p1b: Apache Kid
|-boost|p1b: Apache Kid|atk|2
|move|p2a: Grimmsnarl|Spirit Break|p1a: Gradisce
|-damage|p1a: Gradisce|23/100 psn
|-unboost|p1a: Gradisce|spa|1
|cant|p2b: Krookodile|flinch
|
|-damage|p1a: Gradisce|11/100 psn|[from] psn
|-damage|p2a: Grimmsnarl|45/100 brn|[from] brn
|upkeep
|-enditem|p2a: Grimmsnarl|Sitrus Berry|[eat]
|-heal|p2a: Grimmsnarl|70/100 brn|[from] item: Sitrus Berry
|turn|9
|
|t:|1782354038
|move|p1a: Gradisce|Helping Hand|p1b: Apache Kid
|-singleturn|p1b: Apache Kid|Helping Hand|[of] p1a: Gradisce
|move|p1b: Apache Kid|Kowtow Cleave|p2b: Krookodile
|-resisted|p2b: Krookodile|1
|-damage|p2b: Krookodile|0 fnt
|faint|p2b: Krookodile
|move|p2a: Grimmsnarl|Spirit Break|p1a: Gradisce
|-damage|p1a: Gradisce|3/100 psn
|-unboost|p1a: Gradisce|spa|1
|
|-damage|p1a: Gradisce|0 fnt|[from] psn
|faint|p1a: Gradisce
|-damage|p2a: Grimmsnarl|64/100 brn|[from] brn
|-fieldend|move: Trick Room
|upkeep
|turn|10
|c|☆vxrdant|g
|c|☆vxrdant|gg
|c|☆lakaka siuuu|man
|c|☆vxrdant|yes?
|c|☆lakaka siuuu|the person who decided it was a good idea giving bishop an evolution
|c|☆vxrdant|lmfao
|c|☆lakaka siuuu|is to curse
|
|t:|1782354094
|move|p2a: Grimmsnarl|Spirit Break|p1b: Apache Kid
|-damage|p1b: Apache Kid|88/100
|-unboost|p1b: Apache Kid|spa|1
|-ability|p1b: Apache Kid|Defiant|boost
|-boost|p1b: Apache Kid|atk|1
|move|p1b: Apache Kid|Kowtow Cleave|p2a: Grimmsnarl
|-resisted|p2a: Grimmsnarl|2
|-damage|p2a: Grimmsnarl|7/100 brn
|
|-damage|p2a: Grimmsnarl|1/100 brn|[from] brn
|upkeep
|turn|11
|
|t:|1782354107
|move|p2a: Grimmsnarl|Spirit Break|p1b: Apache Kid
|-damage|p1b: Apache Kid|81/100
|-unboost|p1b: Apache Kid|spa|1
|-boost|p1b: Apache Kid|atk|0
|move|p1b: Apache Kid|Swords Dance|p1b: Apache Kid
|-boost|p1b: Apache Kid|atk|0
|
|-damage|p2a: Grimmsnarl|0 fnt|[from] brn
|faint|p2a: Grimmsnarl
|
|win|lakaka siuuu
|raw|lakaka siuuu's rating: 1325 → 1350(+25 for winning)
|raw|vxrdant's rating: 1406 → 1381(-25 for losing)
|c|☆vxrdant|ggs
|c|☆lakaka siuuu|ggs
|c|☆vxrdant|trying to build team for friend atm grim and glimm are experimental
