|j|☆NoiceDynamite
|j|☆page-rk
|html|NoiceDynamitepage-rk    
|uhtml|bestof|Game 1 of a best-of-3
|t:|1757815240
|gametype|doubles
|player|p1|NoiceDynamite|cynthia|1025
|player|p2|page-rk|170|1045
|gen|9
|tier|[Gen 9] VGC 2025 Reg H (Bo3)
|rated|
|rule|Species Clause: Limit one of each Pokémon
|rule|Item Clause: Limit 1 of each item
|clearpoke
|poke|p1|Garchomp, L50, F|
|poke|p1|Gholdengo, L50|
|poke|p1|Weezing-Galar, L50, M|
|poke|p1|Talonflame, L50, F|
|poke|p1|Archaludon, L50, F|
|poke|p1|Annihilape, L50, M|
|poke|p2|Dragapult, L50, F|
|poke|p2|Kingambit, L50, F|
|poke|p2|Ninetales-Alola, L50, F|
|poke|p2|Dragonite, L50, F|
|poke|p2|Indeedee-F, L50, F|
|poke|p2|Ursaluna-Bloodmoon, L50, M|
|teampreview|4
|showteam|p1|Garchomp||LifeOrb|RoughSkin|DragonClaw,Earthquake,StompingTantrum,Protect|||F|||50|,,,,,Ground]Gholdengo||ChoiceSpecs|GoodasGold|DazzlingGleam,ShadowBall,PowerGem,MakeItRain||||||50|,,,,,Fairy]Weezing-Galar||FocusSash|NeutralizingGas|Protect,SludgeBomb,StrangeSteam,Taunt|||M|||50|,,,,,Flying]Talonflame||CovertCloak|GaleWings|Tailwind,DualWingbeat,WillOWisp,FlareBlitz|||F|||50|,,,,,Stellar]Archaludon||PowerHerb|Sturdy|ElectroShot,Thunderbolt,DracoMeteor,Protect|||F|||50|,,,,,Electric]Annihilape||AssaultVest|Defiant|CloseCombat,RageFist,FinalGambit,IcePunch|||M|||50|,,,,,Grass
|showteam|p2|Dragapult||ChoiceBand|Infiltrator|DragonDarts,Outrage,PhantomForce,Uturn|||F|||50|,,,,,Dragon]Kingambit||AssaultVest|Defiant|IronHead,KowtowCleave,LowKick,SuckerPunch|||F|||50|,,,,,Fire]Ninetales-Alola||FocusSash|SnowWarning|Blizzard,FreezeDry,Moonblast,Protect|||F|||50|,,,,,Water]Dragonite||LoadedDice|Multiscale|Haze,ScaleShot,Tailwind,Protect|||F|||50|,,,,,Fire]Indeedee-F||SitrusBerry|PsychicSurge|AlluringVoice,TrickRoom,SkillSwap,FollowMe|||F|||50|,,,,,Fairy]Ursaluna-Bloodmoon||LifeOrb|MindsEye|BloodMoon,EarthPower,HyperVoice,Protect|||M|||50|,,,,,Normal
|inactive|Battle timer is ON: inactive players will automatically lose when time's up. (requested by NoiceDynamite)
|
|t:|1757815306
|teamsize|p1|4
|teamsize|p2|4
|start
|switch|p1a: Weezing|Weezing-Galar, L50, M|100/100
|switch|p1b: Talonflame|Talonflame, L50, F|100/100
|switch|p2a: Dragapult|Dragapult, L50, F, shiny|100/100
|switch|p2b: Ursaluna|Ursaluna-Bloodmoon, L50, M|100/100
|-ability|p1a: Weezing|Neutralizing Gas
|turn|1
|inactive|NoiceDynamite has 30 seconds left.
|
|t:|1757815331
|move|p1b: Talonflame|Tailwind|p1b: Talonflame
|-sidestart|p1: NoiceDynamite|move: Tailwind
|move|p1a: Weezing|Strange Steam|p2a: Dragapult
|-supereffective|p2a: Dragapult
|-damage|p2a: Dragapult|0 fnt
|faint|p2a: Dragapult
|move|p2b: Ursaluna|Blood Moon|p1a: Weezing
|-crit|p1a: Weezing
|-enditem|p1a: Weezing|Focus Sash
|-damage|p1a: Weezing|1/100
|-damage|p2b: Ursaluna|91/100|[from] item: Life Orb
|
|upkeep
|
|t:|1757815345
|switch|p2a: Kingambit|Kingambit, L50, F, shiny|100/100
|turn|2
|inactive|NoiceDynamite has 30 seconds left.
|inactive|NoiceDynamite has 20 seconds left.
|inactive|NoiceDynamite has 15 seconds left.
|
|t:|1757815388
|-terastallize|p2a: Kingambit|Fire
|move|p1a: Weezing|Protect|p1a: Weezing
|-singleturn|p1a: Weezing|Protect
|move|p2a: Kingambit|Sucker Punch||[still]
|-fail|p2a: Kingambit
|move|p1b: Talonflame|Flare Blitz|p2b: Ursaluna
|-damage|p2b: Ursaluna|59/100
|-damage|p1b: Talonflame|86/100|[from] Recoil
|move|p2b: Ursaluna|Hyper Voice|p1b: Talonflame|[spread] p1b
|-activate|p1a: Weezing|move: Protect
|-damage|p1b: Talonflame|4/100
|-damage|p2b: Ursaluna|49/100|[from] item: Life Orb
|
|upkeep
|turn|3
|inactive|NoiceDynamite has 30 seconds left.
|inactive|page-rk has 30 seconds left.
|inactive|NoiceDynamite has 20 seconds left.
|inactive|NoiceDynamite has 15 seconds left.
|inactive|page-rk has 20 seconds left.
|inactive|NoiceDynamite has 10 seconds left.
|
|t:|1757815435
|move|p2b: Ursaluna|Protect|p2b: Ursaluna
|-singleturn|p2b: Ursaluna|Protect
|move|p2a: Kingambit|Sucker Punch|p1b: Talonflame
|-damage|p1b: Talonflame|0 fnt
|faint|p1b: Talonflame
|move|p1a: Weezing|Sludge Bomb|p2b: Ursaluna
|-activate|p2b: Ursaluna|move: Protect
|
|upkeep
|
|t:|1757815443
|switch|p1b: Gholdengo|Gholdengo, L50|100/100
|turn|4
|
|t:|1757815464
|-terastallize|p1b: Gholdengo|Fairy
|move|p1b: Gholdengo|Power Gem|p2a: Kingambit
|-supereffective|p2a: Kingambit
|-damage|p2a: Kingambit|44/100
|move|p1a: Weezing|Sludge Bomb|p2b: Ursaluna
|-resisted|p2b: Ursaluna
|-damage|p2b: Ursaluna|31/100
|move|p2a: Kingambit|Iron Head|p1b: Gholdengo
|-supereffective|p1b: Gholdengo
|-damage|p1b: Gholdengo|2/100
|move|p2b: Ursaluna|Hyper Voice|p1b: Gholdengo|[spread] p1a,p1b
|-damage|p1a: Weezing|0 fnt
|-damage|p1b: Gholdengo|0 fnt
|faint|p1a: Weezing
|-end|p1a: Weezing|ability: Neutralizing Gas
|faint|p1b: Gholdengo
|-damage|p2b: Ursaluna|21/100|[from] item: Life Orb
|
|-sideend|p1: NoiceDynamite|move: Tailwind
|upkeep
|
|t:|1757815481
|switch|p1b: Archaludon|Archaludon, L50, F|100/100
|turn|5
|
|t:|1757815490
|move|p1b: Archaludon|Draco Meteor|p2b: Ursaluna
|-damage|p2b: Ursaluna|0 fnt
|-unboost|p1b: Archaludon|spa|2
|faint|p2b: Ursaluna
|move|p2a: Kingambit|Low Kick|p1b: Archaludon
|-supereffective|p1b: Archaludon
|-damage|p1b: Archaludon|49/100
|
|upkeep
|
|t:|1757815496
|switch|p2b: Ninetales|Ninetales-Alola, L50, F, shiny|100/100
|-weather|Snowscape|[from] ability: Snow Warning|[of] p2b: Ninetales
|turn|6
|
|t:|1757815511
|move|p2a: Kingambit|Sucker Punch|p1b: Archaludon
|-damage|p1b: Archaludon|12/100
|move|p2b: Ninetales|Blizzard|p1b: Archaludon
|-damage|p1b: Archaludon|0 fnt
|faint|p1b: Archaludon
|
|win|page-rk
