|j|☆arkjsmith
|j|☆cpeavy04
|html|arkjsmithcpeavy04    
|uhtml|bestof|Game 2 of a best-of-3
|t:|1756962154
|gametype|doubles
|player|p1|arkjsmith|roxie|1322
|player|p2|cpeavy04|169|1258
|gen|9
|tier|[Gen 9] VGC 2025 Reg H (Bo3)
|rated|
|rule|Species Clause: Limit one of each Pokémon
|rule|Item Clause: Limit 1 of each item
|clearpoke
|poke|p1|Dragonite, L50, F|
|poke|p1|Ninetales-Alola, L50, M|
|poke|p1|Annihilape, L50, M|
|poke|p1|Rillaboom, L50, M|
|poke|p1|Gholdengo, L50|
|poke|p1|Ursaluna-Bloodmoon, L50, M|
|poke|p2|Dragonite, L50, M|
|poke|p2|Ursaluna-Bloodmoon, L50, M|
|poke|p2|Gholdengo, L50|
|poke|p2|Incineroar, L50, F|
|poke|p2|Ninetales-Alola, L50, M|
|poke|p2|Annihilape, L50, F|
|teampreview|4
|showteam|p1|Dragonite||LoadedDice|Multiscale|ScaleShot,ExtremeSpeed,Tailwind,Protect|||F|||50|,,,,,Fairy]Ninetales-Alola||LightClay|SnowWarning|IcicleSpear,AuroraVeil,Blizzard,IcyWind|||M|||50|,,,,,Ghost]Annihilape||SafetyGoggles|Defiant|RageFist,DrainPunch,BulkUp,Protect|||M|||50|,,,,,Fire]Rillaboom||MiracleSeed|GrassySurge|WoodHammer,GrassyGlide,FakeOut,Protect|||M|||50|,,,,,Grass]Gholdengo||LifeOrb|GoodasGold|MakeItRain,ShadowBall,NastyPlot,Protect||||||50|,,,,,Water]Ursaluna-Bloodmoon||AssaultVest|MindsEye|BloodMoon,HyperVoice,EarthPower,VacuumWave|||M|||50|,,,,,Ghost
|showteam|p2|Dragonite||LoadedDice|Multiscale|ScaleShot,Tailwind,Haze,Protect|||M|||50|,,,,,Steel]Ursaluna-Bloodmoon||AssaultVest|MindsEye|HyperVoice,BloodMoon,EarthPower,VacuumWave|||M|||50|,,,,,Poison]Gholdengo||LifeOrb|GoodasGold|MakeItRain,ShadowBall,NastyPlot,Protect||||||50|,,,,,Fairy]Incineroar||SafetyGoggles|Intimidate|FlareBlitz,KnockOff,FakeOut,PartingShot|||F|||50|,,,,,Ghost]Ninetales-Alola||FocusSash|SnowWarning|FreezeDry,IcicleSpear,AuroraVeil,Protect|||M|||50|,,,,,Ghost]Annihilape||Leftovers|Defiant|DrainPunch,RageFist,BulkUp,Protect|||F|||50|,,,,,Fire
|inactive|Battle timer is ON: inactive players will automatically lose when time's up. (requested by arkjsmith)
|inactive|arkjsmith has 60 seconds left.
|
|t:|1756962203
|teamsize|p1|4
|teamsize|p2|4
|start
|switch|p1a: Guns For Hands|Dragonite, L50, F, shiny|100/100
|switch|p1b: Indigo|Annihilape, L50, M, shiny|100/100
|switch|p2a: Annihilape|Annihilape, L50, F|100/100
|switch|p2b: Ninetales|Ninetales-Alola, L50, M|100/100
|-weather|Snowscape|[from] ability: Snow Warning|[of] p2b: Ninetales
|turn|1
|
|t:|1756962222
|switch|p1a: Lavish|Gholdengo, L50|100/100
|-terastallize|p2a: Annihilape|Fire
|move|p2b: Ninetales|Icicle Spear|p2a: Annihilape
|-resisted|p2a: Annihilape
|-damage|p2a: Annihilape|98/100
|-resisted|p2a: Annihilape
|-damage|p2a: Annihilape|95/100
|-resisted|p2a: Annihilape
|-damage|p2a: Annihilape|92/100
|-hitcount|p2a: Annihilape|3
|move|p1b: Indigo|Bulk Up|p1b: Indigo
|-boost|p1b: Indigo|atk|1
|-boost|p1b: Indigo|def|1
|move|p2a: Annihilape|Bulk Up|p2a: Annihilape
|-boost|p2a: Annihilape|atk|1
|-boost|p2a: Annihilape|def|1
|
|-weather|Snowscape|[upkeep]
|-heal|p2a: Annihilape|98/100|[from] item: Leftovers
|upkeep
|turn|2
|inactive|arkjsmith has 30 seconds left.
|
|t:|1756962250
|move|p1a: Lavish|Protect|p1a: Lavish
|-singleturn|p1a: Lavish|Protect
|move|p2b: Ninetales|Aurora Veil|p2b: Ninetales
|-sidestart|p2: cpeavy04|move: Aurora Veil
|move|p1b: Indigo|Bulk Up|p1b: Indigo
|-boost|p1b: Indigo|atk|1
|-boost|p1b: Indigo|def|1
|move|p2a: Annihilape|Rage Fist|p1a: Lavish
|-activate|p1a: Lavish|move: Protect
|
|-weather|Snowscape|[upkeep]
|-heal|p2a: Annihilape|100/100|[from] item: Leftovers
|upkeep
|turn|3
|
|t:|1756962263
|switch|p1a: Glowing Eyes|Ursaluna-Bloodmoon, L50, M|100/100
|-terastallize|p1b: Indigo|Fire
|move|p2b: Ninetales|Icicle Spear|p2a: Annihilape
|-resisted|p2a: Annihilape
|-damage|p2a: Annihilape|99/100
|-resisted|p2a: Annihilape
|-damage|p2a: Annihilape|98/100
|-resisted|p2a: Annihilape
|-damage|p2a: Annihilape|96/100
|-hitcount|p2a: Annihilape|3
|move|p1b: Indigo|Drain Punch|p2a: Annihilape
|-damage|p2a: Annihilape|71/100
|move|p2a: Annihilape|Rage Fist|p1a: Glowing Eyes
|-immune|p1a: Glowing Eyes
|
|-weather|Snowscape|[upkeep]
|-heal|p2a: Annihilape|77/100|[from] item: Leftovers
|upkeep
|turn|4
|
|t:|1756962282
|move|p1b: Indigo|Protect|p1b: Indigo
|-singleturn|p1b: Indigo|Protect
|move|p2b: Ninetales|Freeze-Dry|p1a: Glowing Eyes
|-supereffective|p1a: Glowing Eyes
|-damage|p1a: Glowing Eyes|65/100
|move|p2a: Annihilape|Drain Punch|p1a: Glowing Eyes
|-supereffective|p1a: Glowing Eyes
|-damage|p1a: Glowing Eyes|6/100
|-heal|p2a: Annihilape|100/100|[from] drain|[of] p1a: Glowing Eyes
|move|p1a: Glowing Eyes|Earth Power|p2a: Annihilape
|-supereffective|p2a: Annihilape
|-damage|p2a: Annihilape|59/100
|
|-weather|Snowscape|[upkeep]
|-heal|p2a: Annihilape|65/100|[from] item: Leftovers
|upkeep
|turn|5
|inactive|arkjsmith has 30 seconds left.
|
|t:|1756962310
|switch|p1a: Lavish|Gholdengo, L50|100/100
|move|p2b: Ninetales|Freeze-Dry|p1a: Lavish
|-resisted|p1a: Lavish
|-damage|p1a: Lavish|86/100
|move|p1b: Indigo|Bulk Up|p1b: Indigo
|-boost|p1b: Indigo|atk|1
|-boost|p1b: Indigo|def|1
|move|p2a: Annihilape|Rage Fist|p1b: Indigo
|-damage|p1b: Indigo|24/100
|
|-weather|none
|-heal|p2a: Annihilape|71/100|[from] item: Leftovers
|upkeep
|turn|6
|inactive|cpeavy04 has 30 seconds left.
|
|t:|1756962340
|switch|p2b: Incineroar|Incineroar, L50, F|100/100
|-ability|p2b: Incineroar|Intimidate|boost
|-unboost|p1a: Lavish|atk|1
|-unboost|p1b: Indigo|atk|1
|-ability|p1b: Indigo|Defiant|boost
|-boost|p1b: Indigo|atk|2
|move|p1b: Indigo|Protect|p1b: Indigo
|-singleturn|p1b: Indigo|Protect
|move|p1a: Lavish|Protect|p1a: Lavish
|-singleturn|p1a: Lavish|Protect
|move|p2a: Annihilape|Protect||[still]
|-fail|p2a: Annihilape
|
|-heal|p2a: Annihilape|77/100|[from] item: Leftovers
|-sideend|p2: cpeavy04|move: Aurora Veil
|upkeep
|turn|7
|inactive|cpeavy04 has 30 seconds left.
|
|t:|1756962368
|move|p1b: Indigo|Protect|p1b: Indigo
|-singleturn|p1b: Indigo|Protect
|move|p2b: Incineroar|Fake Out|p1b: Indigo
|-activate|p1b: Indigo|move: Protect
|move|p1a: Lavish|Nasty Plot|p1a: Lavish
|-boost|p1a: Lavish|spa|2
|move|p2a: Annihilape|Drain Punch|p1b: Indigo
|-activate|p1b: Indigo|move: Protect
|
|-heal|p2a: Annihilape|83/100|[from] item: Leftovers
|upkeep
|turn|8
|
|t:|1756962390
|move|p1b: Indigo|Drain Punch|p2b: Incineroar
|-supereffective|p2b: Incineroar
|-damage|p2b: Incineroar|0 fnt
|-heal|p1b: Indigo|72/100|[from] drain|[of] p2b: Incineroar
|faint|p2b: Incineroar
|move|p1a: Lavish|Shadow Ball|p2a: Annihilape
|-damage|p2a: Annihilape|13/100
|-unboost|p2a: Annihilape|spd|1
|-ability|p2a: Annihilape|Defiant|boost
|-boost|p2a: Annihilape|atk|2
|-damage|p1a: Lavish|76/100|[from] item: Life Orb
|move|p2a: Annihilape|Rage Fist|p1b: Indigo
|-damage|p1b: Indigo|0 fnt
|faint|p1b: Indigo
|
|-heal|p2a: Annihilape|19/100|[from] item: Leftovers
|upkeep
|
|t:|1756962411
|switch|p1b: Guns For Hands|Dragonite, L50, F, shiny|100/100
|switch|p2b: Ninetales|Ninetales-Alola, L50, M|100/100
|-weather|Snowscape|[from] ability: Snow Warning|[of] p2b: Ninetales
|turn|9
|inactive|cpeavy04 has 30 seconds left.
|
|t:|1756962446
|move|p2a: Annihilape|Protect|p2a: Annihilape
|-singleturn|p2a: Annihilape|Protect
|move|p1b: Guns For Hands|Extreme Speed|p2b: Ninetales
|-damage|p2b: Ninetales|69/100
|move|p2b: Ninetales|Aurora Veil|p2b: Ninetales
|-sidestart|p2: cpeavy04|move: Aurora Veil
|move|p1a: Lavish|Make It Rain|p2a: Annihilape|[spread] p2b
|-activate|p2a: Annihilape|move: Protect
|-supereffective|p2b: Ninetales
|-damage|p2b: Ninetales|0 fnt
|-unboost|p1a: Lavish|spa|1
|faint|p2b: Ninetales
|-damage|p1a: Lavish|67/100|[from] item: Life Orb
|
|-weather|Snowscape|[upkeep]
|-heal|p2a: Annihilape|25/100|[from] item: Leftovers
|upkeep
|
|t:|1756962460
|switch|p2b: Dragonite|Dragonite, L50, M|100/100
|turn|10
|
|t:|1756962472
|move|p1a: Lavish|Shadow Ball|p2a: Annihilape
|-damage|p2a: Annihilape|0 fnt
|faint|p2a: Annihilape
|-damage|p1a: Lavish|57/100|[from] item: Life Orb
|move|p1b: Guns For Hands|Scale Shot|p2b: Dragonite
|-supereffective|p2b: Dragonite
|-damage|p2b: Dragonite|90/100
|-supereffective|p2b: Dragonite
|-damage|p2b: Dragonite|66/100
|-supereffective|p2b: Dragonite
|-damage|p2b: Dragonite|43/100
|-supereffective|p2b: Dragonite
|-damage|p2b: Dragonite|21/100
|-hitcount|p2b: Dragonite|4
|-unboost|p1b: Guns For Hands|def|1
|-boost|p1b: Guns For Hands|spe|1
|move|p2b: Dragonite|Tailwind|p2b: Dragonite
|-sidestart|p2: cpeavy04|move: Tailwind
|
|-weather|Snowscape|[upkeep]
|upkeep
|turn|11
|
|t:|1756962489
|move|p1b: Guns For Hands|Extreme Speed|p2b: Dragonite
|-damage|p2b: Dragonite|0 fnt
|faint|p2b: Dragonite
|
|win|arkjsmith
|raw|arkjsmith's rating: 1322 → 1338(+16 for winning)
|raw|cpeavy04's rating: 1258 → 1238(-20 for losing)
|c|☆arkjsmith|Gg
