|j|☆trafa preparate
|j|☆trafalgar_vgc
|html|trafa preparatetrafalgar_vgc    
|uhtml|bestof|Game 2 of a best-of-3
|t:|1757714492
|gametype|doubles
|player|p1|trafa preparate|colress|
|player|p2|trafalgar_vgc|cynthia-masters|
|gen|9
|tier|[Gen 9] VGC 2025 Reg H (Bo3)
|rule|Species Clause: Limit one of each Pokémon
|rule|Item Clause: Limit 1 of each item
|clearpoke
|poke|p1|Kingambit, L50, M|
|poke|p1|Electabuzz, L50, F|
|poke|p1|Rillaboom, L50, M|
|poke|p1|Ninetales-Alola, L50, F|
|poke|p1|Dragonite, L50, M|
|poke|p1|Blaziken, L50, F|
|poke|p2|Zoroark-Hisui, L50, F|
|poke|p2|Maushold, L50|
|poke|p2|Archaludon, L50, M|
|poke|p2|Pelipper, L50, F|
|poke|p2|Basculegion, L50, M|
|poke|p2|Spiritomb, L50, M|
|teampreview|4
|showteam|p1|Kingambit||BlackGlasses|Defiant|SwordsDance,Protect,KowtowCleave,SuckerPunch|||M|||50|,,,,,Dark]Electabuzz||Eviolite|VitalSpirit|FollowMe,Electroweb,Protect,Taunt|||F|||50|,,,,,Dragon]Rillaboom||AssaultVest|GrassySurge|GrassyGlide,WoodHammer,HighHorsepower,FakeOut|||M|||50|,,,,,Fire]Ninetales-Alola||FocusSash|SnowWarning|FreezeDry,Blizzard,Encore,Protect|||F|||50|,,,,,Ghost]Dragonite||LoadedDice|Multiscale|ScaleShot,IronHead,Protect,Haze|||M|||50|,,,,,Steel]Blaziken||LifeOrb|SpeedBoost|AuraSphere,HeatWave,Protect,Coaching|||F|||50|,,,,,Stellar
|showteam|p2|Zoroark-Hisui||ChoiceSpecs|Illusion|FocusBlast,ShadowBall,HyperBeam,IcyWind|||F|||50|,,,,,Stellar]Maushold||WideLens|Technician|PopulationBomb,FollowMe,Taunt,Protect||||||50|,,,,,Ghost]Archaludon||AssaultVest|Stamina|ElectroShot,DracoMeteor,Snarl,BodyPress|||M|||50|,,,,,Fairy]Pelipper||FocusSash|Drizzle|Hurricane,WeatherBall,Protect,Tailwind|||F|||50|,,,,,Ghost]Basculegion||ChoiceBand|SwiftSwim|WaveCrash,FlipTurn,LastRespects,AquaJet|||M|||50|,,,,,Water]Spiritomb||LifeOrb|Infiltrator|Psychic,FoulPlay,AllySwitch,DarkPulse|||M|||50|,,,,,Poison
|inactive|Battle timer is ON: inactive players will automatically lose when time's up. (requested by trafalgar_vgc)
|j| NoMasRegH
|inactive|trafa preparate has 60 seconds left.
|
|t:|1757714528
|teamsize|p1|4
|teamsize|p2|4
|start
|switch|p1a: Blaziken|Blaziken, L50, F|100/100
|switch|p1b: Kingambit|Kingambit, L50, M|100/100
|switch|p2a: Los Yagami|Maushold, L50, shiny|100/100
|switch|p2b: ArchaluGon|Archaludon, L50, M, shiny|100/100
|turn|1
|c|☆trafalgar_vgc|Jaime en tu defensa le he ayudado con el MU
|
|t:|1757714554
|move|p1b: Kingambit|Protect|p1b: Kingambit
|-singleturn|p1b: Kingambit|Protect
|move|p2a: Los Yagami|Population Bomb|p2b: ArchaluGon
|-resisted|p2b: ArchaluGon
|-damage|p2b: ArchaluGon|96/100
|-ability|p2b: ArchaluGon|Stamina|boost
|-boost|p2b: ArchaluGon|def|1
|-resisted|p2b: ArchaluGon
|-damage|p2b: ArchaluGon|93/100
|-ability|p2b: ArchaluGon|Stamina|boost
|-boost|p2b: ArchaluGon|def|1
|-resisted|p2b: ArchaluGon
|-damage|p2b: ArchaluGon|91/100
|-ability|p2b: ArchaluGon|Stamina|boost
|-boost|p2b: ArchaluGon|def|1
|-resisted|p2b: ArchaluGon
|-crit|p2b: ArchaluGon
|-damage|p2b: ArchaluGon|85/100
|-ability|p2b: ArchaluGon|Stamina|boost
|-boost|p2b: ArchaluGon|def|1
|-resisted|p2b: ArchaluGon
|-damage|p2b: ArchaluGon|83/100
|-ability|p2b: ArchaluGon|Stamina|boost
|-boost|p2b: ArchaluGon|def|1
|-resisted|p2b: ArchaluGon
|-damage|p2b: ArchaluGon|82/100
|-ability|p2b: ArchaluGon|Stamina|boost
|-boost|p2b: ArchaluGon|def|1
|-resisted|p2b: ArchaluGon
|-damage|p2b: ArchaluGon|81/100
|-hitcount|p2b: ArchaluGon|7
|move|p1a: Blaziken|Heat Wave|p2b: ArchaluGon|[spread] p2a,p2b
|-damage|p2a: Los Yagami|24/100
|-damage|p2b: ArchaluGon|48/100
|-damage|p1a: Blaziken|91/100|[from] item: Life Orb
|move|p2b: ArchaluGon|Body Press|p1b: Kingambit
|-activate|p1b: Kingambit|move: Protect
|
|-ability|p1a: Blaziken|Speed Boost|boost
|-boost|p1a: Blaziken|spe|1
|upkeep
|turn|2
|inactive|trafa preparate has 30 seconds left.
|
|t:|1757714587
|switch|p2a: Yajirobe|Pelipper, L50, F, shiny|100/100
|-weather|RainDance|[from] ability: Drizzle|[of] p2a: Yajirobe
|-terastallize|p2b: ArchaluGon|Fairy
|-terastallize|p1b: Kingambit|Dark
|move|p1b: Kingambit|Sucker Punch|p2b: ArchaluGon
|-resisted|p2b: ArchaluGon
|-damage|p2b: ArchaluGon|42/100
|move|p1a: Blaziken|Heat Wave|p2b: ArchaluGon|[spread] p2a,p2b
|-resisted|p2a: Yajirobe
|-damage|p2a: Yajirobe|81/100
|-damage|p2b: ArchaluGon|27/100
|-damage|p1a: Blaziken|81/100|[from] item: Life Orb
|move|p2b: ArchaluGon|Body Press|p1a: Blaziken
|-damage|p1a: Blaziken|0 fnt
|faint|p1a: Blaziken
|
|-weather|RainDance|[upkeep]
|upkeep
|
|t:|1757714595
|switch|p1a: Ninetales|Ninetales-Alola, L50, F|100/100
|-weather|Snowscape|[from] ability: Snow Warning|[of] p1a: Ninetales
|turn|3
|inactive|trafa preparate has 30 seconds left.
|
|t:|1757714620
|switch|p2a: Los Yagami|Maushold, L50, shiny|24/100
|move|p1a: Ninetales|Blizzard|p2b: ArchaluGon|[spread] p2a,p2b
|-damage|p2a: Los Yagami|0 fnt
|-damage|p2b: ArchaluGon|7/100
|faint|p2a: Los Yagami
|move|p2b: ArchaluGon|Body Press|p1b: Kingambit
|-supereffective|p1b: Kingambit
|-damage|p1b: Kingambit|0 fnt
|faint|p1b: Kingambit
|
|-weather|Snowscape|[upkeep]
|upkeep
|
|t:|1757714627
|switch|p2a: Gabimaru|Basculegion, L50, M|100/100
|switch|p1b: Rillaboom|Rillaboom, L50, M|100/100
|-fieldstart|move: Grassy Terrain|[from] ability: Grassy Surge|[of] p1b: Rillaboom
|turn|4
|
|t:|1757714648
|switch|p2b: Yajirobe|Pelipper, L50, F, shiny|81/100
|-weather|RainDance|[from] ability: Drizzle|[of] p2b: Yajirobe
|move|p1b: Rillaboom|Grassy Glide|p2a: Gabimaru
|-supereffective|p2a: Gabimaru
|-damage|p2a: Gabimaru|20/100
|move|p2a: Gabimaru|Wave Crash|p1a: Ninetales
|-enditem|p1a: Ninetales|Focus Sash
|-damage|p1a: Ninetales|1/100
|-damage|p2a: Gabimaru|0 fnt|[from] Recoil
|faint|p2a: Gabimaru
|move|p1a: Ninetales|Freeze-Dry|p2b: Yajirobe
|-supereffective|p2b: Yajirobe
|-damage|p2b: Yajirobe|0 fnt
|faint|p2b: Yajirobe
|
|-weather|RainDance|[upkeep]
|-heal|p1a: Ninetales|7/100|[from] Grassy Terrain
|upkeep
|
|t:|1757714658
|switch|p2b: ArchaluGon|Archaludon, L50, M, shiny, tera:Fairy|7/100
|turn|5
|
|t:|1757714664
|move|p1b: Rillaboom|Grassy Glide|p2b: ArchaluGon
|-damage|p2b: ArchaluGon|0 fnt
|faint|p2b: ArchaluGon
|
|win|trafa preparate
|l|☆trafa preparate
|player|p1|
||trafalgar_vgc is ready for game 3.
||trafa preparate is ready for game 3.
|uhtml|next|Next: Game 3 of 3
|l| NoMasRegH
