|j|☆ApostrofoRosaVGC
|j|☆ikeer.ros
|html|ApostrofoRosaVGCikeer.ros    
|uhtml|bestof|Game 2 of a best-of-3
|t:|1756212342
|gametype|doubles
|player|p1|ApostrofoRosaVGC|170|1289
|player|p2|ikeer.ros|brawly|1182
|gen|9
|tier|[Gen 9] VGC 2025 Reg H (Bo3)
|rated|
|rule|Species Clause: Limit one of each Pokémon
|rule|Item Clause: Limit 1 of each item
|clearpoke
|poke|p1|Gholdengo, L50|
|poke|p1|Sneasler, L50, M|
|poke|p1|Ursaluna-Bloodmoon, L50, M|
|poke|p1|Dragonite, L50, M|
|poke|p1|Incineroar, L50, M|
|poke|p1|Amoonguss, L50, M|
|poke|p2|Kilowattrel, L50, M|
|poke|p2|Gholdengo, L50|
|poke|p2|Ursaluna, L50, F|
|poke|p2|Incineroar, L50, M|
|poke|p2|Dragonite, L50, M|
|poke|p2|Electabuzz, L50, M|
|teampreview|4
|showteam|p1|Gholdengo||LifeOrb|GoodasGold|MakeItRain,ShadowBall,NastyPlot,Protect||||||50|,,,,,Water]Sneasler||FocusSash|Unburden|CloseCombat,DireClaw,ThroatChop,Protect|||M|||50|,,,,,Stellar]Ursaluna-Bloodmoon||AssaultVest|MindsEye|EarthPower,BloodMoon,HyperVoice,VacuumWave|||M|||50|,,,,,Water]Dragonite||LoadedDice|Multiscale|ScaleShot,Tailwind,Haze,Protect|||M|||50|,,,,,Fairy]Incineroar||SafetyGoggles|Intimidate|FlareBlitz,KnockOff,FakeOut,PartingShot|||M|||50|,,,,,Ghost]Amoonguss||SitrusBerry|Regenerator|PollenPuff,Spore,RagePowder,Protect|||M|||50|,,,,,Psychic
|showteam|p2|Kilowattrel||FocusSash|Competitive|Tailwind,Protect,Thunderbolt,AirSlash|||M|||50|,,,,,Ghost]Gholdengo||LifeOrb|GoodasGold|NastyPlot,Protect,ShadowBall,MakeItRain||||||50|,,,,,Dragon]Ursaluna||FlameOrb|Guts|Earthquake,Protect,Facade,HeadlongRush|||F|||50|,,,,,Ghost]Incineroar||RockyHelmet|Intimidate|PartingShot,FlareBlitz,KnockOff,FakeOut|||M|||50|,,,,,Bug]Dragonite||LoadedDice|Multiscale|ScaleShot,IceSpinner,Haze,Protect|||M|||50|,,,,,Fairy]Electabuzz||Eviolite|VitalSpirit|Electroweb,Taunt,FollowMe,Protect|||M|||50|,,,,,Dragon
|inactive|Battle timer is ON: inactive players will automatically lose when time's up. (requested by ikeer.ros)
|
|t:|1756212363
|teamsize|p1|4
|teamsize|p2|4
|start
|switch|p1a: Dragonite|Dragonite, L50, M|100/100
|switch|p1b: Ursaluna|Ursaluna-Bloodmoon, L50, M|100/100
|switch|p2a: Vox|Dragonite, L50, M, shiny|100/100
|switch|p2b: ccoo|Electabuzz, L50, M|100/100
|turn|1
|inactive|ApostrofoRosaVGC has 30 seconds left.
|
|t:|1756212388
|-terastallize|p2a: Vox|Fairy
|move|p1a: Dragonite|Protect|p1a: Dragonite
|-singleturn|p1a: Dragonite|Protect
|move|p2b: ccoo|Electroweb|p1a: Dragonite|[spread] 
|-activate|p1a: Dragonite|move: Protect
|-immune|p1b: Ursaluna
|move|p2a: Vox|Ice Spinner|p1b: Ursaluna
|-supereffective|p1b: Ursaluna
|-damage|p1b: Ursaluna|55/100
|move|p1b: Ursaluna|Hyper Voice|p2b: ccoo|[spread] p2a,p2b
|-damage|p2a: Vox|80/100
|-damage|p2b: ccoo|69/100
|
|upkeep
|turn|2
|inactive|ikeer.ros has 30 seconds left.
|
|t:|1756212417
|switch|p1a: Gholdengo|Gholdengo, L50|100/100
|move|p2a: Vox|Protect|p2a: Vox
|-singleturn|p2a: Vox|Protect
|move|p2b: ccoo|Electroweb|p1b: Ursaluna|[spread] p1a
|-immune|p1b: Ursaluna
|-damage|p1a: Gholdengo|85/100
|-unboost|p1a: Gholdengo|spe|1
|move|p1b: Ursaluna|Earth Power|p2b: ccoo
|-supereffective|p2b: ccoo
|-damage|p2b: ccoo|0 fnt
|faint|p2b: ccoo
|
|upkeep
|
|t:|1756212430
|switch|p2b: PP|Kilowattrel, L50, M, shiny|100/100
|turn|3
|inactive|ApostrofoRosaVGC has 30 seconds left.
|
|t:|1756212457
|move|p1b: Ursaluna|Vacuum Wave|p2b: PP
|-resisted|p2b: PP
|-crit|p2b: PP
|-damage|p2b: PP|82/100
|move|p2b: PP|Thunderbolt|p1a: Gholdengo
|-damage|p1a: Gholdengo|44/100
|move|p2a: Vox|Scale Shot|p1b: Ursaluna
|-damage|p1b: Ursaluna|45/100
|-damage|p1b: Ursaluna|35/100
|-damage|p1b: Ursaluna|23/100
|-damage|p1b: Ursaluna|13/100
|-hitcount|p1b: Ursaluna|4
|-unboost|p2a: Vox|def|1
|-boost|p2a: Vox|spe|1
|move|p1a: Gholdengo|Make It Rain|p2a: Vox|[spread] p2a,p2b
|-supereffective|p2a: Vox
|-resisted|p2b: PP
|-damage|p2a: Vox|0 fnt
|-damage|p2b: PP|27/100
|-unboost|p1a: Gholdengo|spa|1
|faint|p2a: Vox
|-damage|p1a: Gholdengo|34/100|[from] item: Life Orb
|
|upkeep
|
|t:|1756212472
|switch|p2a: sumar|Ursaluna, L50, F, shiny|100/100
|turn|4
|
|t:|1756212489
|move|p1b: Ursaluna|Vacuum Wave|p2b: PP
|-resisted|p2b: PP
|-damage|p2b: PP|14/100
|move|p2b: PP|Tailwind|p2b: PP
|-sidestart|p2: ikeer.ros|move: Tailwind
|move|p2a: sumar|Earthquake|p1a: Gholdengo|[spread] p1a,p1b
|-immune|p2b: PP
|-supereffective|p1a: Gholdengo
|-damage|p1a: Gholdengo|0 fnt
|-damage|p1b: Ursaluna|0 fnt
|faint|p1a: Gholdengo
|faint|p1b: Ursaluna
|
|-status|p2a: sumar|brn|[from] item: Flame Orb
|upkeep
|
|t:|1756212497
|switch|p1a: Incineroar|Incineroar, L50, M|100/100
|switch|p1b: Dragonite|Dragonite, L50, M|100/100
|-ability|p1a: Incineroar|Intimidate|boost
|-unboost|p2a: sumar|atk|1
|-unboost|p2b: PP|atk|1
|-ability|p2b: PP|Competitive|boost
|-boost|p2b: PP|spa|2
|turn|5
|inactive|ApostrofoRosaVGC has 30 seconds left.
|
|t:|1756212527
|move|p2b: PP|Protect|p2b: PP
|-singleturn|p2b: PP|Protect
|move|p1a: Incineroar|Fake Out|p2b: PP
|-activate|p2b: PP|move: Protect
|move|p2a: sumar|Facade|p1b: Dragonite
|-damage|p1b: Dragonite|52/100
|move|p1b: Dragonite|Tailwind|p1b: Dragonite
|-sidestart|p1: ApostrofoRosaVGC|move: Tailwind
|
|-damage|p2a: sumar|95/100 brn|[from] brn
|upkeep
|turn|6
|
|t:|1756212552
|-terastallize|p1a: Incineroar|Ghost
|move|p1b: Dragonite|Protect|p1b: Dragonite
|-singleturn|p1b: Dragonite|Protect
|move|p2b: PP|Thunderbolt|p1b: Dragonite
|-activate|p1b: Dragonite|move: Protect
|move|p1a: Incineroar|Knock Off|p2b: PP
|-damage|p2b: PP|0 fnt
|-enditem|p2b: PP|Focus Sash|[from] move: Knock Off|[of] p1a: Incineroar
|faint|p2b: PP
|move|p2a: sumar|Headlong Rush|p1a: Incineroar
|-damage|p1a: Incineroar|29/100
|-unboost|p2a: sumar|def|1
|-unboost|p2a: sumar|spd|1
|
|-damage|p2a: sumar|89/100 brn|[from] brn
|upkeep
|turn|7
|
|t:|1756212570
|move|p1b: Dragonite|Scale Shot|p2a: sumar
|-damage|p2a: sumar|69/100 brn
|-damage|p2a: sumar|51/100 brn
|-damage|p2a: sumar|34/100 brn
|-damage|p2a: sumar|15/100 brn
|-damage|p2a: sumar|0 fnt
|faint|p2a: sumar
|-hitcount|p2: sumar|5
|
|win|ApostrofoRosaVGC
|raw|ApostrofoRosaVGC's rating: 1289 → 1307(+18 for winning)
|raw|ikeer.ros's rating: 1182 → 1164(-18 for losing)
