|j|â˜†Pallos
|j|â˜†bongus_real
|html|Pallosbongus_real    
|uhtml|bestof|Game 2 of a best-of-3
|t:|1785692692
|gametype|doubles
|player|p1|Pallos|colress|
|player|p2|bongus_real|wallace|
|gen|9
|tier|[Gen 9 Champions] VGC 2026 Reg M-B (Bo3)
|rule|Species Clause: Limit one of each PokÃ©mon
|rule|Item Clause: Limit 1 of each item
|clearpoke
|poke|p1|Aerodactyl, L50, F|
|poke|p1|Politoed, L50, F, shiny|
|poke|p1|Basculegion, L50, M, shiny|
|poke|p1|Kangaskhan, L50, F|
|poke|p1|Scovillain, L50, F|
|poke|p1|Raichu-Alola, L50, F, shiny|
|poke|p2|Dragapult, L50, F|
|poke|p2|Kingambit, L50, M|
|poke|p2|Infernape, L50, M|
|poke|p2|Gardevoir, L50, F|
|poke|p2|Vivillon, L50, F|
|poke|p2|Chesnaught, L50, F|
|teampreview|4
|showteam|p1|Aerodactyl||FocusSash|Unnerve|RockSlide,DualWingbeat,Tailwind,WideGuard|Adamant||F|||50|]Politoed||Leftovers|Drizzle|WeatherBall,Encore,PerishSong,Protect|Bold||F|||50|]Basculegion||SitrusBerry|SwiftSwim|WaveCrash,LastRespects,FlipTurn,Protect|Adamant||M|||50|]Kangaskhan||SilkScarf|InnerFocus|FakeOut,LastResort|Adamant||F|||50|]Scovillain||Scovillainite|Moody|Overheat,EnergyBall,RagePowder,Protect|Bold||F|||50|]Raichu-Alola||ChoiceScarf|SurgeSurfer|Thunder,Psychic,Thunderbolt,VoltSwitch|Modest||F|||50|
|showteam|p2|Dragapult||LifeOrb|CursedBody|ShadowBall,DracoMeteor,WillOWisp,Protect|Timid||F|||50|]Kingambit||BlackGlasses|Defiant|SwordsDance,KowtowCleave,SuckerPunch,Protect|Adamant||M|||50|]Infernape||FocusSash|IronFist|FakeOut,CloseCombat,KnockOff,MachPunch|Adamant||M|||50|]Gardevoir||Gardevoirite|Trace|HyperVoice,Psychic,Protect,TrickRoom|Modest||F|||50|]Vivillon||ChoiceScarf|CompoundEyes|SleepPowder,Hurricane,StringShot,RagePowder|Timid||F|||50|]Chesnaught||OccaBerry|Bulletproof|SpikyShield,IronDefense,BodyPress,WoodHammer|Impish||F|||50|
|inactive|Battle timer is ON: inactive players will automatically lose when time's up. (requested by Pallos)
|inactive|Pallos has 60 seconds left.
|inactive|bongus_real has 60 seconds left.
|
|t:|1785692731
|teamsize|p1|4
|teamsize|p2|4
|start
|switch|p1a: Aerodactyl|Aerodactyl, L50, F|100/100
|switch|p1b: Basculegion|Basculegion, L50, M, shiny|100/100
|switch|p2a: 17|Kingambit, L50, M|100/100
|switch|p2b: 15|Dragapult, L50, F|100/100
|-ability|p1a: Aerodactyl|Unnerve
|turn|1
|inactive|bongus_real has 30 seconds left.
|inactive|bongus_real has 20 seconds left.
|inactive|Pallos has 30 seconds left.
|inactive|bongus_real has 15 seconds left.
|
|t:|1785692780
|switch|p1a: Politoed|Politoed, L50, F, shiny|100/100
|-weather|RainDance|[from] ability: Drizzle|[of] p1a: Politoed
|move|p1b: Basculegion|Last Respects|p2b: 15
|-supereffective|p2b: 15|1
|-damage|p2b: 15|42/100
|-start|p1b: Basculegion|Disable|Last Respects|[from] ability: Cursed Body|[of] p2b: 15
|move|p2b: 15|Shadow Ball|p1a: Politoed
|-damage|p1a: Politoed|61/100
|-damage|p2b: 15|32/100|[from] item: Life Orb
|move|p2a: 17|Kowtow Cleave|p1b: Basculegion
|-supereffective|p1b: Basculegion|1
|-damage|p1b: Basculegion|0 fnt
|faint|p1b: Basculegion
|
|-weather|RainDance|[upkeep]
|-heal|p1a: Politoed|68/100|[from] item: Leftovers
|upkeep
|
|t:|1785692799
|switch|p1b: Aerodactyl|Aerodactyl, L50, F|100/100
|-ability|p1b: Aerodactyl|Unnerve
|turn|2
|c|â˜†Pallos|I didnt think that would kill
|c|â˜†Pallos|Whoops lolol
|
|t:|1785692822
|move|p2b: 15|Shadow Ball|p1b: Aerodactyl
|-damage|p1b: Aerodactyl|33/100
|-damage|p2b: 15|23/100|[from] item: Life Orb
|move|p1b: Aerodactyl|Dual Wingbeat|p2b: 15
|-damage|p2b: 15|0 fnt
|faint|p2b: 15
|-hitcount|p2: 15|1
|move|p1a: Politoed|Weather Ball|p2a: 17
|-damage|p2a: 17|48/100
|move|p2a: 17|Kowtow Cleave|p1b: Aerodactyl
|-damage|p1b: Aerodactyl|0 fnt
|faint|p1b: Aerodactyl
|
|-weather|RainDance|[upkeep]
|-heal|p1a: Politoed|74/100|[from] item: Leftovers
|upkeep
|
|t:|1785692834
|switch|p2b: Chesnaught|Chesnaught, L50, F|100/100
|switch|p1b: Scovillain|Scovillain, L50, F|100/100
|turn|3
|inactive|bongus_real has 30 seconds left.
|
|t:|1785692866
|detailschange|p1b: Scovillain|Scovillain-Mega, L50, F
|-mega|p1b: Scovillain|Scovillain|Scovillainite
|move|p1b: Scovillain|Overheat|p2a: 17
|-supereffective|p2a: 17|1
|-damage|p2a: 17|0 fnt
|-unboost|p1b: Scovillain|spa|2
|faint|p2a: 17
|move|p1a: Politoed|Weather Ball|p2b: Chesnaught
|-immune|p2b: Chesnaught|[from] ability: Bulletproof
|move|p2b: Chesnaught|Wood Hammer|p1a: Politoed
|-supereffective|p1a: Politoed|1
|-damage|p1a: Politoed|0 fnt
|faint|p1a: Politoed
|-damage|p2b: Chesnaught|75/100|[from] Recoil
|
|-weather|RainDance|[upkeep]
|upkeep
|
|t:|1785692870
|switch|p2a: Gardevoir|Gardevoir, L50, F|100/100
|-ability|p2a: Gardevoir|Spicy Spray|Trace|[from] ability: Trace|[of] p1b: Scovillain
|turn|4
|
|t:|1785692884
|detailschange|p2a: Gardevoir|Gardevoir-Mega, L50, F
|-mega|p2a: Gardevoir|Gardevoir|Gardevoirite
|move|p2a: Gardevoir|Psychic|p1b: Scovillain
|-damage|p1b: Scovillain|34/100
|-status|p2a: Gardevoir|brn|[from] ability: Spicy Spray|[of] p1b: Scovillain
|move|p1b: Scovillain|Energy Ball|p2a: Gardevoir
|-damage|p2a: Gardevoir|82/100 brn
|move|p2b: Chesnaught|Iron Defense|p2b: Chesnaught
|-boost|p2b: Chesnaught|def|2
|
|-weather|RainDance|[upkeep]
|-damage|p2a: Gardevoir|76/100 brn|[from] brn
|upkeep
|turn|5
|
|t:|1785692893
|move|p2a: Gardevoir|Psychic|p1b: Scovillain
|-damage|p1b: Scovillain|0 fnt
|faint|p1b: Scovillain
|
|win|bongus_real
|c|â˜†bongus_real|gg
|c|â˜†Pallos|gg
|l|â˜†Pallos
|player|p1|
