|j|☆totaldestroy
|j|☆BlackAshura
|html|totaldestroyBlackAshura    
|uhtml|bestof|Game 1 of a best-of-3
|t:|1783450992
|gametype|doubles
|player|p1|totaldestroy|gambler|1031
|player|p2|BlackAshura|samsonoak|1060
|gen|9
|tier|[Gen 9 Champions] VGC 2026 Reg M-B (Bo3)
|rated|
|rule|Species Clause: Limit one of each Pokémon
|rule|Item Clause: Limit 1 of each item
|clearpoke
|poke|p1|Palafin, L50, F|
|poke|p1|Pelipper, L50, F|
|poke|p1|Dragonite, L50, F|
|poke|p1|Archaludon, L50, F|
|poke|p1|Sneasler, L50, M|
|poke|p1|Kingambit, L50, F|
|poke|p2|Metagross, L50, shiny|
|poke|p2|Kleavor, L50, F|
|poke|p2|Hydreigon, L50, F|
|poke|p2|Venusaur, L50, F, shiny|
|poke|p2|Simipour, L50, M, shiny|
|poke|p2|Talonflame, L50, F, shiny|
|teampreview|4
|showteam|p1|Palafin||ChoiceScarf|ZerotoHero|JetPunch,FlipTurn,WaveCrash,CloseCombat|Jolly||F|||50|]Pelipper||SitrusBerry|Drizzle|Tailwind,WeatherBall,Hurricane,WideGuard|Bold||F|||50|]Dragonite||Dragoninite|Multiscale|DragonPulse,Thunderbolt,ExtremeSpeed,Protect|Mild||F|||50|]Archaludon||Leftovers|Stamina|ElectroShot,DragonPulse,FlashCannon,Protect|Modest||F|||50|]Sneasler||WhiteHerb|Unburden|DireClaw,FakeOut,CloseCombat,Coaching|Adamant||M|||50|]Kingambit||LifeOrb|Defiant|SuckerPunch,KowtowCleave,IronHead,LowKick|Adamant||F|||50|
|showteam|p2|Metagross||Metagrossite|ClearBody|IronHead,PsychicFangs,IcePunch,Protect|Jolly|||||50|]Kleavor||ChoiceScarf|Sharpness|StoneAxe,CloseCombat,NightSlash,XScissor|Jolly||F|||50|]Hydreigon||LifeOrb|Levitate|DracoMeteor,DarkPulse,EarthPower,Protect|Timid||F|||50|]Venusaur||Venusaurite|Overgrow|GigaDrain,SludgeBomb,EarthPower,Protect|Modest||F|||50|]Simipour||FocusSash|Torrent|FakeOut,Scald,IceBeam,Protect|Timid||M|||50|]Talonflame||Charcoal|GaleWings|Overheat,Taunt,QuickGuard,Tailwind|Timid||F|||50|
|inactive|Battle timer is ON: inactive players will automatically lose when time's up. (requested by totaldestroy)
|
|t:|1783451077
|teamsize|p1|4
|teamsize|p2|4
|start
|switch|p1a: Sneasler|Sneasler, L50, M|100/100
|switch|p1b: Palafin|Palafin, L50, F|100/100
|switch|p2a: Venusaur|Venusaur, L50, F, shiny|100/100
|switch|p2b: Hydreigon|Hydreigon, L50, F|100/100
|turn|1
|inactive|BlackAshura has 30 seconds left.
|inactive|BlackAshura has 20 seconds left.
|
|t:|1783451113
|detailschange|p1b: Palafin|Palafin-Hero, L50, F
|switch|p1b: Dragonite|Dragonite, L50, F|100/100
|detailschange|p2a: Venusaur|Venusaur-Mega, L50, F, shiny
|-mega|p2a: Venusaur|Venusaur|Venusaurite
|move|p2b: Hydreigon|Protect|p2b: Hydreigon
|-singleturn|p2b: Hydreigon|Protect
|move|p1a: Sneasler|Coaching|p1b: Dragonite
|-boost|p1b: Dragonite|atk|1
|-boost|p1b: Dragonite|def|1
|move|p2a: Venusaur|Earth Power|p1a: Sneasler
|-supereffective|p1a: Sneasler|1
|-damage|p1a: Sneasler|19/100
|
|upkeep
|turn|2
|inactive|totaldestroy has 30 seconds left.
|inactive|BlackAshura has 30 seconds left.
|inactive|BlackAshura has 20 seconds left.
|inactive|BlackAshura has 15 seconds left.
|inactive|BlackAshura has 10 seconds left.
|inactive|BlackAshura has 5 seconds left.
|
|t:|1783451164
|switch|p2b: Simipour|Simipour, L50, M, shiny|100/100
|detailschange|p1b: Dragonite|Dragonite-Mega, L50, F
|-mega|p1b: Dragonite|Dragonite|Dragoninite
|move|p1a: Sneasler|Close Combat|p2b: Simipour
|-enditem|p2b: Simipour|Focus Sash
|-damage|p2b: Simipour|1/100
|-unboost|p1a: Sneasler|def|1
|-unboost|p1a: Sneasler|spd|1
|-enditem|p1a: Sneasler|White Herb
|-clearnegativeboost|p1a: Sneasler|[silent]
|move|p1b: Dragonite|Dragon Pulse|p2a: Venusaur
|-damage|p2a: Venusaur|55/100
|move|p2a: Venusaur|Earth Power|p1a: Sneasler
|-supereffective|p1a: Sneasler|1
|-damage|p1a: Sneasler|0 fnt
|faint|p1a: Sneasler
|
|upkeep
|
|t:|1783451173
|switch|p1a: Kingambit|Kingambit, L50, F|100/100
|turn|3
|
|t:|1783451196
|switch|p2a: Kleavor|Kleavor, L50, F|100/100
|switch|p1a: Palafin|Palafin-Hero, L50, F|100/100
|-activate|p1a: Palafin|ability: Zero to Hero
|move|p2b: Simipour|Fake Out|p1b: Dragonite
|-damage|p1b: Dragonite|97/100
|cant|p1b: Dragonite|flinch
|
|upkeep
|turn|4
|inactive|BlackAshura has 30 seconds left.
|inactive|BlackAshura has 20 seconds left.
|inactive|BlackAshura has 15 seconds left.
|inactive|BlackAshura has 10 seconds left.
|
|t:|1783451241
|move|p2b: Simipour|Protect|p2b: Simipour
|-singleturn|p2b: Simipour|Protect
|move|p1a: Palafin|Flip Turn|p2b: Simipour
|-activate|p2b: Simipour|move: Protect
|move|p2a: Kleavor|Stone Axe|p1b: Dragonite
|-supereffective|p1b: Dragonite|1
|-damage|p1b: Dragonite|17/100
|-sidestart|p1: totaldestroy|move: Stealth Rock
|move|p1b: Dragonite|Dragon Pulse|p2a: Kleavor
|-damage|p2a: Kleavor|21/100
|
|upkeep
|turn|5
|inactive|BlackAshura has 30 seconds left.
|
|t:|1783451267
|move|p1b: Dragonite|Extreme Speed|p2b: Simipour
|-damage|p2b: Simipour|0 fnt
|faint|p2b: Simipour
|move|p1a: Palafin|Flip Turn|p2a: Kleavor
|-supereffective|p2a: Kleavor|1
|-damage|p2a: Kleavor|0 fnt
|faint|p2a: Kleavor
|
|t:|1783451273
|switch|p1a: Kingambit|Kingambit, L50, F|100/100|[from] Flip Turn
|-damage|p1a: Kingambit|94/100|[from] Stealth Rock
|
|upkeep
|
|t:|1783451281
|switch|p2b: Hydreigon|Hydreigon, L50, F|100/100
|switch|p2a: Venusaur|Venusaur-Mega, L50, F, shiny|55/100
|turn|6
|
|t:|1783451297
|move|p2b: Hydreigon|Protect|p2b: Hydreigon
|-singleturn|p2b: Hydreigon|Protect
|move|p1b: Dragonite|Extreme Speed|p2a: Venusaur
|-damage|p2a: Venusaur|27/100
|move|p1a: Kingambit|Sucker Punch|p2a: Venusaur
|-damage|p2a: Venusaur|0 fnt
|faint|p2a: Venusaur
|-damage|p1a: Kingambit|84/100|[from] item: Life Orb
|
|upkeep
|turn|7
|
|t:|1783451314
|move|p2b: Hydreigon|Dark Pulse|p1b: Dragonite
|-damage|p1b: Dragonite|0 fnt
|faint|p1b: Dragonite
|-damage|p2b: Hydreigon|90/100|[from] item: Life Orb
|move|p1a: Kingambit|Low Kick|p2b: Hydreigon
|-supereffective|p2b: Hydreigon|1
|-damage|p2b: Hydreigon|0 fnt
|faint|p2b: Hydreigon
|-damage|p1a: Kingambit|74/100|[from] item: Life Orb
|
|win|totaldestroy
||BlackAshura is ready for game 2.
|inactive|totaldestroy has 30 seconds to confirm battle start!
||totaldestroy is ready for game 2.
|uhtml|next|Next: Game 2 of 3
|l|☆totaldestroy
|player|p1|
