|j|☆maviuc
|j|☆The.JuanMa
|html|maviucThe.JuanMa    
|uhtml|bestof|Game 2 of a best-of-3
|t:|1784312528
|gametype|doubles
|player|p1|maviuc|elesa|1059
|player|p2|The.JuanMa|102|1080
|gen|9
|tier|[Gen 9 Champions] VGC 2026 Reg M-B (Bo3)
|rated|
|rule|Species Clause: Limit one of each Pokémon
|rule|Item Clause: Limit 1 of each item
|clearpoke
|poke|p1|Charizard, L50, F|
|poke|p1|Incineroar, L50, M|
|poke|p1|Sylveon, L50, F|
|poke|p1|Farigiraf, L50, F|
|poke|p1|Garchomp, L50, M|
|poke|p1|Aerodactyl, L50, M|
|poke|p2|Whimsicott, L50, M, shiny|
|poke|p2|Floette-Eternal, L50, F|
|poke|p2|Charizard, L50, M, shiny|
|poke|p2|Basculegion, L50, M|
|poke|p2|Glimmora, L50, M, shiny|
|poke|p2|Garchomp, L50, F|
|teampreview|4
|showteam|p1|Charizard||CharizarditeY|Blaze|HeatWave,WeatherBall,SolarBeam,Protect|Modest||F|||50|]Incineroar||Charcoal|Intimidate|FlareBlitz,DarkestLariat,FakeOut,PartingShot|Brave||M|||50|]Sylveon||FairyFeather|Pixilate|HyperVoice,Yawn,QuickAttack,Protect|Modest||F|||50|]Farigiraf||SitrusBerry|ArmorTail|Psyshock,HelpingHand,TrickRoom,Protect|Calm||F|||50|]Garchomp||LifeOrb|RoughSkin|Earthquake,Protect,DragonClaw,StompingTantrum|Jolly||M|||50|]Aerodactyl||FocusSash|Unnerve|RockSlide,Tailwind,WideGuard,Protect|Jolly||M|||50|
|showteam|p2|Whimsicott||FairyFeather|Prankster|Protect,Encore,Tailwind,Moonblast|Timid||M|||50|]Floette-Eternal||Floettite|FlowerVeil|Moonblast,DazzlingGleam,LightofRuin,Protect|Modest||F|||50|]Charizard||CharizarditeY|Blaze|Protect,HeatWave,SolarBeam,WeatherBall|Modest||M|||50|]Basculegion||ColburBerry|Adaptability|Protect,WaveCrash,LastRespects,AquaJet|Adamant||M|||50|]Glimmora||FocusSash|ToxicDebris|SpikyShield,PowerGem,SludgeBomb,EarthPower|Modest||M|||50|]Garchomp||SitrusBerry|RoughSkin|StompingTantrum,DragonClaw,Earthquake,Protect|Adamant||F|||50|
|
|t:|1784312535
|teamsize|p1|4
|teamsize|p2|4
|start
|switch|p1a: Aerodactyl|Aerodactyl, L50, M|100/100
|switch|p1b: Garchomp|Garchomp, L50, M|100/100
|switch|p2a: Hadita|Floette-Eternal, L50, F|100/100
|switch|p2b: Salmoni|Basculegion, L50, M|100/100
|-ability|p1a: Aerodactyl|Unnerve
|turn|1
|inactive|Battle timer is ON: inactive players will automatically lose when time's up. (requested by The.JuanMa)
|inactive|maviuc has 60 seconds left.
|inactive|maviuc has 30 seconds left.
|inactive|maviuc has 20 seconds left.
|inactive|maviuc has 15 seconds left.
|
|t:|1784312617
|detailschange|p2a: Hadita|Floette-Mega, L50, F
|-mega|p2a: Hadita|Floette|Floettite
|-ability|p2a: Hadita|Fairy Aura
|move|p1b: Garchomp|Protect|p1b: Garchomp
|-singleturn|p1b: Garchomp|Protect
|move|p2b: Salmoni|Aqua Jet|p1a: Aerodactyl
|-supereffective|p1a: Aerodactyl|1
|-damage|p1a: Aerodactyl|3/100
|move|p1a: Aerodactyl|Tailwind|p1a: Aerodactyl
|-sidestart|p1: maviuc|move: Tailwind
|move|p2a: Hadita|Dazzling Gleam|p1b: Garchomp|[spread] p1a
|-activate|p1b: Garchomp|move: Protect
|-damage|p1a: Aerodactyl|0 fnt
|faint|p1a: Aerodactyl
|
|upkeep
|
|t:|1784312627
|switch|p1a: Charizard|Charizard, L50, F|100/100
|turn|2
|
|t:|1784312637
|detailschange|p1a: Charizard|Charizard-Mega-Y, L50, F
|-mega|p1a: Charizard|Charizard|Charizardite Y
|-weather|SunnyDay|[from] ability: Drought|[of] p1a: Charizard
|move|p2a: Hadita|Protect|p2a: Hadita
|-singleturn|p2a: Hadita|Protect
|move|p2b: Salmoni|Protect|p2b: Salmoni
|-singleturn|p2b: Salmoni|Protect
|move|p1b: Garchomp|Earthquake|p2b: Salmoni|[spread] 
|-activate|p2a: Hadita|move: Protect
|-activate|p2b: Salmoni|move: Protect
|-immune|p1a: Charizard
|move|p1a: Charizard|Heat Wave|p2a: Hadita|[spread] 
|-activate|p2a: Hadita|move: Protect
|-activate|p2b: Salmoni|move: Protect
|
|-weather|SunnyDay|[upkeep]
|upkeep
|turn|3
|inactive|The.JuanMa has 30 seconds left.
|
|t:|1784312667
|move|p1b: Garchomp|Earthquake|p2b: Salmoni|[spread] p2a,p2b
|-immune|p1a: Charizard
|-damage|p2a: Hadita|47/100
|-damage|p2b: Salmoni|32/100
|-damage|p1b: Garchomp|90/100|[from] item: Life Orb
|move|p1a: Charizard|Heat Wave|p2b: Salmoni|[spread] p2a,p2b
|-resisted|p2b: Salmoni|1
|-damage|p2a: Hadita|0 fnt
|-damage|p2b: Salmoni|0 fnt
|faint|p2a: Hadita
|faint|p2b: Salmoni
|
|-weather|SunnyDay|[upkeep]
|upkeep
|
|t:|1784312679
|switch|p2a: Algodoncio|Whimsicott, L50, M, shiny|100/100
|switch|p2b: Alcachofa|Glimmora, L50, M, shiny|100/100
|turn|4
|inactive|maviuc has 30 seconds left.
|
|t:|1784312711
|switch|p1b: Incineroar|Incineroar, L50, M|100/100
|-ability|p1b: Incineroar|Intimidate|boost
|-unboost|p2a: Algodoncio|atk|1
|-unboost|p2b: Alcachofa|atk|1
|move|p2a: Algodoncio|Tailwind|p2a: Algodoncio
|-sidestart|p2: The.JuanMa|move: Tailwind
|move|p1a: Charizard|Heat Wave|p2b: Alcachofa|[spread] p2a,p2b
|-supereffective|p2a: Algodoncio|1
|-resisted|p2b: Alcachofa|1
|-damage|p2a: Algodoncio|0 fnt
|-damage|p2b: Alcachofa|51/100
|faint|p2a: Algodoncio
|move|p2b: Alcachofa|Power Gem|p1a: Charizard
|-supereffective|p1a: Charizard|2
|-damage|p1a: Charizard|0 fnt
|faint|p1a: Charizard
|
|-weather|SunnyDay|[upkeep]
|-sideend|p1: maviuc|move: Tailwind
|upkeep
|
|t:|1784312720
|switch|p1a: Garchomp|Garchomp, L50, M|90/100
|turn|5
|-message|The.JuanMa forfeited.
|
|win|maviuc
|raw|maviuc's rating: 1059 → 1092(+33 for winning)
|raw|The.JuanMa's rating: 1080 → 1057(-23 for losing)
|l|☆The.JuanMa
|player|p2|
