|j|☆habeebomarali123
|j|☆sporghus
|html|habeebomarali123sporghus    
|uhtml|bestof|Game 2 of a best-of-3
|t:|1756167278
|gametype|doubles
|player|p1|habeebomarali123|giovanni|1065
|player|p2|sporghus|elesa-masters|1070
|gen|9
|tier|[Gen 9] VGC 2025 Reg H (Bo3)
|rated|
|rule|Species Clause: Limit one of each Pokémon
|rule|Item Clause: Limit 1 of each item
|clearpoke
|poke|p1|Rillaboom, L50, M|
|poke|p1|Volcarona, L50, M|
|poke|p1|Dragapult, L50, M|
|poke|p1|Gholdengo, L50|
|poke|p1|Murkrow, L50, F|
|poke|p1|Sneasler, L50, M|
|poke|p2|Incineroar, L50, F|
|poke|p2|Garchomp, L50, F|
|poke|p2|Magmar, L50, F|
|poke|p2|Farigiraf, L50, F|
|poke|p2|Kingambit, L50, M|
|poke|p2|Sinistcha, L50|
|teampreview|4
|showteam|p1|Rillaboom||AssaultVest|GrassySurge|FakeOut,GrassyGlide,KnockOff,WoodHammer|||M|||50|,,,,,Fire]Volcarona||GrassySeed|FlameBody|Protect,QuiverDance,TeraBlast,HeatWave|||M|||50|,,,,,Fairy]Dragapult||ChoiceBand|ClearBody|DragonDarts,PhantomForce,Uturn,SuckerPunch|||M|||50|,,,,,Dragon]Gholdengo||ChoiceSpecs|GoodasGold|ShadowBall,MakeItRain,FocusBlast,Thunderbolt||||||50|,,,,,Water]Murkrow||Eviolite|Prankster|Tailwind,Haze,Taunt,Protect|||F|||50|,,,,,Ghost]Sneasler||FocusSash|Unburden|Protect,DireClaw,CloseCombat,Coaching|||M|||50|,,,,,Stellar
|showteam|p2|Incineroar||SafetyGoggles|Intimidate|FakeOut,KnockOff,FlareBlitz,PartingShot|||F|||50|,,,,,Grass]Garchomp||LifeOrb|RoughSkin|StompingTantrum,Earthquake,DragonClaw,Protect|||F|||50|,,,,,Fire]Magmar||Eviolite|FlameBody|FollowMe,WillOWisp,Protect,Overheat|||F|||50|,,,,,Grass]Farigiraf||ThroatSpray|ArmorTail|DazzlingGleam,PsychicNoise,TrickRoom,Protect|||F|||50|,,,,,Fairy]Kingambit||AssaultVest|Defiant|KowtowCleave,SuckerPunch,IronHead,LowKick|||M|||50|,,,,,Fire]Sinistcha||SitrusBerry|Hospitality|RagePowder,TrickRoom,MatchaGotcha,ShadowBall||||||50|,,,,,Water
|
|t:|1756167318
|teamsize|p1|4
|teamsize|p2|4
|start
|switch|p1a: Dragapult|Dragapult, L50, M|100/100
|switch|p1b: Volcarona|Volcarona, L50, M|100/100
|switch|p2a: Farigiraf|Farigiraf, L50, F|100/100
|switch|p2b: Magmar|Magmar, L50, F|100/100
|turn|1
|
|t:|1756167332
|move|p1a: Dragapult|Dragon Darts|p2a: Farigiraf
|-damage|p2a: Farigiraf|69/100
|-anim|p1a: Dragapult|Dragon Darts|p2b: Magmar
|-damage|p2b: Magmar|75/100
|move|p1b: Volcarona|Quiver Dance|p1b: Volcarona
|-boost|p1b: Volcarona|spa|1
|-boost|p1b: Volcarona|spd|1
|-boost|p1b: Volcarona|spe|1
|move|p2b: Magmar|Will-O-Wisp|p1a: Dragapult
|-status|p1a: Dragapult|brn
|move|p2a: Farigiraf|Trick Room|p2a: Farigiraf
|-fieldstart|move: Trick Room|[of] p2a: Farigiraf
|
|-damage|p1a: Dragapult|94/100 brn|[from] brn
|upkeep
|turn|2
|
|t:|1756167365
|switch|p2b: Garchomp|Garchomp, L50, F|100/100
|move|p2a: Farigiraf|Dazzling Gleam|p1b: Volcarona|[spread] p1a,p1b
|-supereffective|p1a: Dragapult
|-resisted|p1b: Volcarona
|-damage|p1a: Dragapult|40/100 brn
|-damage|p1b: Volcarona|94/100
|move|p1b: Volcarona|Quiver Dance|p1b: Volcarona
|-boost|p1b: Volcarona|spa|1
|-boost|p1b: Volcarona|spd|1
|-boost|p1b: Volcarona|spe|1
|move|p1a: Dragapult|Dragon Darts|p2a: Farigiraf
|-crit|p2a: Farigiraf
|-damage|p2a: Farigiraf|41/100
|-anim|p1a: Dragapult|Dragon Darts|p2b: Garchomp
|-supereffective|p2b: Garchomp
|-crit|p2b: Garchomp
|-damage|p2b: Garchomp|53/100
|
|-damage|p1a: Dragapult|34/100 brn|[from] brn
|upkeep
|turn|3
|
|t:|1756167400
|-terastallize|p2b: Garchomp|Fire
|move|p1b: Volcarona|Protect|p1b: Volcarona
|-singleturn|p1b: Volcarona|Protect
|move|p2a: Farigiraf|Psychic Noise|p1b: Volcarona
|-activate|p1b: Volcarona|move: Protect
|move|p2b: Garchomp|Earthquake|p1a: Dragapult|[spread] p2a,p1a
|-activate|p1b: Volcarona|move: Protect
|-damage|p2a: Farigiraf|0 fnt
|-damage|p1a: Dragapult|0 fnt
|faint|p2a: Farigiraf
|faint|p1a: Dragapult
|-damage|p2b: Garchomp|43/100|[from] item: Life Orb
|
|upkeep
|
|t:|1756167406
|switch|p2a: Kingambit|Kingambit, L50, M|100/100
|switch|p1a: Rillaboom|Rillaboom, L50, M|100/100
|-fieldstart|move: Grassy Terrain|[from] ability: Grassy Surge|[of] p1a: Rillaboom
|-enditem|p1b: Volcarona|Grassy Seed
|-boost|p1b: Volcarona|def|1|[from] item: Grassy Seed
|turn|4
|
|t:|1756167440
|-terastallize|p1b: Volcarona|Fairy
|move|p2b: Garchomp|Protect|p2b: Garchomp
|-singleturn|p2b: Garchomp|Protect
|move|p1a: Rillaboom|Fake Out|p2a: Kingambit
|-resisted|p2a: Kingambit
|-damage|p2a: Kingambit|95/100
|cant|p2a: Kingambit|flinch
|move|p1b: Volcarona|Heat Wave|p2b: Garchomp|[spread] p2a
|-activate|p2b: Garchomp|move: Protect
|-supereffective|p2a: Kingambit
|-damage|p2a: Kingambit|0 fnt
|faint|p2a: Kingambit
|
|-heal|p2b: Garchomp|49/100|[from] Grassy Terrain
|-heal|p1b: Volcarona|100/100|[from] Grassy Terrain
|upkeep
|
|t:|1756167446
|switch|p2a: Magmar|Magmar, L50, F|75/100
|turn|5
|
|t:|1756167459
|move|p1b: Volcarona|Protect|p1b: Volcarona
|-singleturn|p1b: Volcarona|Protect
|move|p1a: Rillaboom|Knock Off|p2a: Magmar
|-damage|p2a: Magmar|52/100
|-status|p1a: Rillaboom|brn|[from] ability: Flame Body|[of] p2a: Magmar
|-enditem|p2a: Magmar|Eviolite|[from] move: Knock Off|[of] p1a: Rillaboom
|move|p2a: Magmar|Will-O-Wisp|p1a: Rillaboom
|-fail|p1a: Rillaboom|brn
|move|p2b: Garchomp|Stomping Tantrum|p1b: Volcarona
|-activate|p1b: Volcarona|move: Protect
|
|-heal|p2a: Magmar|57/100|[from] Grassy Terrain
|-heal|p2b: Garchomp|55/100|[from] Grassy Terrain
|-damage|p1a: Rillaboom|95/100 brn|[from] brn
|-fieldend|move: Trick Room
|upkeep
|turn|6
|
|t:|1756167469
|move|p2a: Magmar|Follow Me|p2a: Magmar
|-singleturn|p2a: Magmar|move: Follow Me
|move|p1b: Volcarona|Heat Wave|p2b: Garchomp|[spread] p2a,p2b
|-resisted|p2a: Magmar
|-resisted|p2b: Garchomp
|-damage|p2a: Magmar|12/100
|-damage|p2b: Garchomp|19/100
|move|p2b: Garchomp|Stomping Tantrum|p1b: Volcarona
|-damage|p1b: Volcarona|61/100
|-damage|p2b: Garchomp|9/100|[from] item: Life Orb
|move|p1a: Rillaboom|Knock Off|p2a: Magmar
|-damage|p2a: Magmar|1/100
|
|-heal|p1b: Volcarona|67/100|[from] Grassy Terrain
|-heal|p2b: Garchomp|15/100|[from] Grassy Terrain
|-heal|p2a: Magmar|7/100|[from] Grassy Terrain
|-heal|p1a: Rillaboom|100/100 brn|[from] Grassy Terrain
|-damage|p1a: Rillaboom|95/100 brn|[from] brn
|upkeep
|turn|7
|
|t:|1756167477
|move|p2a: Magmar|Follow Me|p2a: Magmar
|-singleturn|p2a: Magmar|move: Follow Me
|move|p1a: Rillaboom|Grassy Glide|p2a: Magmar
|-resisted|p2a: Magmar
|-damage|p2a: Magmar|0 fnt
|faint|p2a: Magmar
|move|p1b: Volcarona|Heat Wave|p2b: Garchomp|[miss]
|-miss|p1b: Volcarona|p2b: Garchomp
|move|p2b: Garchomp|Stomping Tantrum|p1b: Volcarona
|-damage|p1b: Volcarona|25/100
|-damage|p2b: Garchomp|5/100|[from] item: Life Orb
|
|-heal|p1b: Volcarona|31/100|[from] Grassy Terrain
|-heal|p2b: Garchomp|11/100|[from] Grassy Terrain
|-heal|p1a: Rillaboom|100/100 brn|[from] Grassy Terrain
|-damage|p1a: Rillaboom|95/100 brn|[from] brn
|upkeep
|turn|8
|
|t:|1756167492
|move|p1b: Volcarona|Tera Blast|p2b: Garchomp|[anim] Tera Blast Fairy
|-resisted|p2b: Garchomp
|-damage|p2b: Garchomp|0 fnt
|faint|p2b: Garchomp
|
|win|habeebomarali123
||sporghus is ready for game 3.
||habeebomarali123 is ready for game 3.
|uhtml|next|Next: Game 3 of 3
|l|☆sporghus
|player|p2|
