|j|☆dartsvg
|j|☆Sven
|html|dartsvgSven    
|uhtml|bestof|Game 1 of a best-of-3
|t:|1786034843
|gametype|doubles
|player|p1|dartsvg|#smogonxnpa2024draftee2|
|player|p2|Sven|#smogonxnpa2024winner|
|gen|9
|tier|[Gen 9 Champions] VGC 2026 Reg M-B (Bo3)
|rule|Species Clause: Limit one of each Pokémon
|rule|Item Clause: Limit 1 of each item
|clearpoke
|poke|p1|Staraptor, L50, F|
|poke|p1|Arcanine-Hisui, L50, M|
|poke|p1|Kingambit, L50, M|
|poke|p1|Raichu, L50, F|
|poke|p1|Farigiraf, L50, M|
|poke|p1|Sylveon, L50, F|
|poke|p2|Tyranitar, L50, M|
|poke|p2|Staraptor, L50, F|
|poke|p2|Gholdengo, L50|
|poke|p2|Farigiraf, L50, F|
|poke|p2|Basculegion, L50, M|
|poke|p2|Scovillain, L50, M, shiny|
|teampreview|4
|showteam|p1|Staraptor||Staraptite|Intimidate|DualWingbeat,CloseCombat,Tailwind,Protect|Jolly||F|||50|]Arcanine-Hisui||FocusSash|RockHead|FlareBlitz,HeadSmash,ExtremeSpeed,Protect|Jolly||M|||50|]Kingambit||LifeOrb|Defiant|KowtowCleave,SuckerPunch,SwordsDance,Protect|Adamant||M|||50|]Raichu||RaichuniteY|LightningRod|ZapCannon,FocusBlast,FakeOut,Protect|Timid||F|||50|]Farigiraf||SitrusBerry|ArmorTail|Psychic,HelpingHand,TrickRoom,Protect|Calm||M|||50|]Sylveon||FairyFeather|Pixilate|HyperVoice,HyperBeam,QuickAttack,Detect|Modest||F|||50|
|showteam|p2|Tyranitar||FocusSash|SandStream|KnockOff,RockSlide,LowKick,Protect|Jolly||M|||50|]Staraptor||Staraptite|Intimidate|CloseCombat,BraveBird,Tailwind,Protect|Jolly||F|||50|]Gholdengo||LifeOrb|GoodasGold|MakeItRain,ShadowBall,NastyPlot,Protect|Modest|||||50|]Farigiraf||SitrusBerry|ArmorTail|Thunderbolt,Psychic,HelpingHand,TrickRoom|Modest||F|||50|]Basculegion||ChoiceScarf|Adaptability|WaveCrash,FlipTurn,AquaJet,LastRespects|Jolly||M|||50|]Scovillain||Scovillainite|Moody|Overheat,GigaDrain,RagePowder,Protect|Bold||M|||50|
|inactive|Battle timer is ON: inactive players will automatically lose when time's up. (requested by dartsvg)
|inactive|Sven also wants the timer to be on.
|inactive|dartsvg no longer wants the timer on, but the timer is staying on because sven still does.
|inactiveoff|Battle timer is now OFF.
|c|☆dartsvg|can we timer off
|c|☆dartsvg|ty
|c|☆Sven|gl hf bro
|c|☆dartsvg|glhf!
|j| Feyette
|j| servitordelteschio
|j| Akaru Kokuyoふわ
|j| EGAHydreigons
|
|t:|1786034906
|teamsize|p1|4
|teamsize|p2|4
|start
|switch|p1a: Staraptor|Staraptor, L50, F|100/100
|switch|p1b: Arcanine|Arcanine-Hisui, L50, M|100/100
|switch|p2a: Scovillain|Scovillain, L50, M, shiny|100/100
|switch|p2b: Basculegion|Basculegion, L50, M|100/100
|-ability|p1a: Staraptor|Intimidate|boost
|-unboost|p2a: Scovillain|atk|1
|-unboost|p2b: Basculegion|atk|1
|turn|1
|
|t:|1786034923
|switch|p1a: Kingambit|Kingambit, L50, M|100/100
|move|p1b: Arcanine|Protect|p1b: Arcanine
|-singleturn|p1b: Arcanine|Protect
|move|p2a: Scovillain|Protect|p2a: Scovillain
|-singleturn|p2a: Scovillain|Protect
|move|p2b: Basculegion|Flip Turn|p1b: Arcanine
|-activate|p1b: Arcanine|move: Protect
|
|-ability|p2a: Scovillain|Moody|boost
|-boost|p2a: Scovillain|spd|2
|-unboost|p2a: Scovillain|atk|1
|upkeep
|turn|2
|
|t:|1786034941
|switch|p2a: Gholdengo|Gholdengo, L50|100/100
|move|p2b: Basculegion|Flip Turn|p1b: Arcanine
|-supereffective|p1b: Arcanine|2
|-enditem|p1b: Arcanine|Focus Sash
|-damage|p1b: Arcanine|1/100
|j| TTV-HervXXX
|
|t:|1786034945
|switch|p2b: Scovillain|Scovillain, L50, M, shiny|100/100|[from] Flip Turn
|move|p1b: Arcanine|Head Smash|p2a: Gholdengo
|-resisted|p2a: Gholdengo|1
|-damage|p2a: Gholdengo|68/100
|move|p1a: Kingambit|Swords Dance|p1a: Kingambit
|-boost|p1a: Kingambit|atk|2
|
|-ability|p2b: Scovillain|Moody|boost
|-boost|p2b: Scovillain|spe|2
|-unboost|p2b: Scovillain|def|1
|upkeep
|turn|3
|l| TTV-HervXXX
|j| Herv The One
|
|t:|1786034959
|move|p2b: Scovillain|Protect|p2b: Scovillain
|-singleturn|p2b: Scovillain|Protect
|move|p1a: Kingambit|Sucker Punch||[still]
|-fail|p1a: Kingambit
|move|p1b: Arcanine|Flare Blitz|p2a: Gholdengo
|-supereffective|p2a: Gholdengo|1
|-damage|p2a: Gholdengo|0 fnt
|faint|p2a: Gholdengo
|
|-ability|p2b: Scovillain|Moody|boost
|-boost|p2b: Scovillain|def|2
|-unboost|p2b: Scovillain|spa|1
|upkeep
|
|t:|1786034964
|switch|p2a: Staraptor|Staraptor, L50, F|100/100
|-ability|p2a: Staraptor|Intimidate|boost
|-unboost|p1a: Kingambit|atk|1
|-ability|p1a: Kingambit|Defiant|boost
|-boost|p1a: Kingambit|atk|2
|-unboost|p1b: Arcanine|atk|1
|turn|4
|
|t:|1786034978
|detailschange|p2a: Staraptor|Staraptor-Mega, L50, F
|-mega|p2a: Staraptor|Staraptor|Staraptite
|move|p1a: Kingambit|Protect|p1a: Kingambit
|-singleturn|p1a: Kingambit|Protect
|move|p2b: Scovillain|Overheat|p1b: Arcanine
|-resisted|p1b: Arcanine|2
|-damage|p1b: Arcanine|0 fnt
|-unboost|p2b: Scovillain|spa|2
|faint|p1b: Arcanine
|move|p2a: Staraptor|Close Combat|p1a: Kingambit
|-activate|p1a: Kingambit|move: Protect
|
|-ability|p2b: Scovillain|Moody|boost
|-boost|p2b: Scovillain|atk|2
|-unboost|p2b: Scovillain|spe|1
|upkeep
|
|t:|1786034991
|switch|p1b: Sylveon|Sylveon, L50, F|100/100
|turn|5
|
|t:|1786035014
|move|p1a: Kingambit|Protect|p1a: Kingambit
|-singleturn|p1a: Kingambit|Protect
|move|p2b: Scovillain|Rage Powder|p2b: Scovillain
|-singleturn|p2b: Scovillain|move: Rage Powder
|move|p2a: Staraptor|Close Combat|p1a: Kingambit
|-activate|p1a: Kingambit|move: Protect
|move|p1b: Sylveon|Hyper Voice|p2b: Scovillain|[spread] p2a,p2b
|-supereffective|p2a: Staraptor|1
|-resisted|p2b: Scovillain|1
|-damage|p2a: Staraptor|4/100
|-damage|p2b: Scovillain|72/100
|
|-ability|p2b: Scovillain|Moody|boost
|-boost|p2b: Scovillain|spe|2
|-unboost|p2b: Scovillain|spd|1
|upkeep
|turn|6
|
|t:|1786035029
|switch|p1a: Staraptor|Staraptor, L50, F|100/100
|-ability|p1a: Staraptor|Intimidate|boost
|-boost|p2a: Staraptor|atk|1
|-unboost|p2b: Scovillain|atk|1
|move|p2b: Scovillain|Overheat|p1b: Sylveon
|-damage|p1b: Sylveon|84/100
|-unboost|p2b: Scovillain|spa|2
|move|p2a: Staraptor|Close Combat|p1a: Staraptor
|-damage|p1a: Staraptor|0 fnt
|-boost|p2a: Staraptor|def|1
|-boost|p2a: Staraptor|spd|1
|faint|p1a: Staraptor
|move|p1b: Sylveon|Hyper Voice|p2b: Scovillain|[spread] p2a,p2b
|-supereffective|p2a: Staraptor|1
|-resisted|p2b: Scovillain|1
|-damage|p2a: Staraptor|0 fnt
|-damage|p2b: Scovillain|27/100
|faint|p2a: Staraptor
|
|-ability|p2b: Scovillain|Moody|boost
|-boost|p2b: Scovillain|atk|2
|-unboost|p2b: Scovillain|def|1
|upkeep
|j| Code
|
|t:|1786035039
|switch|p2a: Basculegion|Basculegion, L50, M|100/100
|switch|p1a: Kingambit|Kingambit, L50, M|100/100
|turn|7
|
|t:|1786035049
|move|p2b: Scovillain|Rage Powder|p2b: Scovillain
|-singleturn|p2b: Scovillain|move: Rage Powder
|move|p2a: Basculegion|Last Respects|p1b: Sylveon
|-damage|p1b: Sylveon|0 fnt
|faint|p1b: Sylveon
|move|p1a: Kingambit|Kowtow Cleave|p2b: Scovillain
|-damage|p2b: Scovillain|0 fnt
|faint|p2b: Scovillain
|-damage|p1a: Kingambit|90/100|[from] item: Life Orb
|
|upkeep
|turn|8
|-message|Sven forfeited.
|
|win|dartsvg
||Sven is ready for game 2.
||dartsvg is ready for game 2.
|uhtml|next|Next: Game 2 of 3
|l| Code
|j| Code
|l| Code
|l| servitordelteschio
