|j|☆Aquarior_testing1
|j|☆jusemato
|html|Aquarior_testing1jusemato    
|uhtml|bestof|Game 1 of a best-of-3
|t:|1783115940
|gametype|doubles
|player|p1|Aquarior_testing1|mustard-master|1281
|player|p2|jusemato|ingo|1269
|gen|9
|tier|[Gen 9 Champions] VGC 2026 Reg M-B (Bo3)
|rated|
|rule|Species Clause: Limit one of each Pokémon
|rule|Item Clause: Limit 1 of each item
|clearpoke
|poke|p1|Kingambit, L50, M, shiny|
|poke|p1|Charizard, L50, F, shiny|
|poke|p1|Aerodactyl, L50, M, shiny|
|poke|p1|Farigiraf, L50, M, shiny|
|poke|p1|Garchomp, L50, F, shiny|
|poke|p1|Sylveon, L50, M, shiny|
|poke|p2|Kingambit, L50, M|
|poke|p2|Farigiraf, L50, F|
|poke|p2|Venusaur, L50, M|
|poke|p2|Vivillon-Marine, L50, F|
|poke|p2|Sylveon, L50, F|
|poke|p2|Camerupt, L50, M, shiny|
|teampreview|4
|showteam|p1|Kingambit||FocusSash|Defiant|KowtowCleave,SuckerPunch,IronHead,LowKick|Adamant||M|||50|]Charizard||CharizarditeY|Blaze|HeatWave,WeatherBall,SolarBeam,Protect|Serious||F|||50|]Aerodactyl||Aerodactylite|Unnerve|RockSlide,DualWingbeat,IceFang,Tailwind|Jolly||M|||50|]Farigiraf||SitrusBerry|ArmorTail|Psychic,Thunderbolt,TrickRoom,Protect|Bold||M|||50|]Garchomp||LifeOrb|RoughSkin|Earthquake,StompingTantrum,DragonClaw,Protect|Jolly||F|||50|]Sylveon||FairyFeather|Pixilate|HyperVoice,HyperBeam,QuickAttack,Detect|Modest||M|||50|
|showteam|p2|Kingambit||BlackGlasses|Defiant|KowtowCleave,SwordsDance,SuckerPunch,Protect|Adamant||M|||50|]Farigiraf||SitrusBerry|ArmorTail|PsychicFangs,Protect,Thunderbolt,TrickRoom|Relaxed||F|||50|]Venusaur||Venusaurite|Chlorophyll|SludgeBomb,EarthPower,GigaDrain,Protect|Modest||M|||50|]Vivillon-Marine||FocusSash|CompoundEyes|Hurricane,Protect,RagePowder,SleepPowder|Timid||F|||50|]Sylveon||LifeOrb|Pixilate|HyperVoice,QuickAttack,Detect,HyperBeam|Quiet||F|||50|]Camerupt||Cameruptite|SolidRock|HeatWave,EarthPower,AncientPower,Protect|Quiet||M|||50|
|c|☆jusemato|Glhf
|inactive|Battle timer is ON: inactive players will automatically lose when time's up. (requested by Aquarior_testing1)
|c|☆Aquarior_testing1|glhf
|inactive|Aquarior_testing1 has 60 seconds left.
|inactive|Aquarior_testing1 has 30 seconds left.
|inactive|Aquarior_testing1 has 20 seconds left.
|inactive|Aquarior_testing1 has 15 seconds left.
|inactive|Aquarior_testing1 has 10 seconds left.
|
|t:|1783116040
|teamsize|p1|4
|teamsize|p2|4
|start
|switch|p1a: Aerodactyl|Aerodactyl, L50, M, shiny|100/100
|switch|p1b: Garchomp|Garchomp, L50, F, shiny|100/100
|switch|p2a: Vivillon|Vivillon-Marine, L50, F|100/100
|switch|p2b: Farigiraf|Farigiraf, L50, F|100/100
|-ability|p1a: Aerodactyl|Unnerve
|turn|1
|
|t:|1783116056
|move|p2a: Vivillon|Rage Powder|p2a: Vivillon
|-singleturn|p2a: Vivillon|move: Rage Powder
|move|p1a: Aerodactyl|Rock Slide|p2b: Farigiraf|[spread] p2a
|-miss|p1a: Aerodactyl|p2b: Farigiraf
|-supereffective|p2a: Vivillon|2
|-enditem|p2a: Vivillon|Focus Sash
|-damage|p2a: Vivillon|1/100
|move|p1b: Garchomp|Dragon Claw|p2a: Vivillon
|-damage|p2a: Vivillon|0 fnt
|faint|p2a: Vivillon
|-damage|p1b: Garchomp|90/100|[from] item: Life Orb
|move|p2b: Farigiraf|Trick Room|p2b: Farigiraf
|-fieldstart|move: Trick Room|[of] p2b: Farigiraf
|
|upkeep
|
|t:|1783116069
|switch|p2a: Sylveon|Sylveon, L50, F|100/100
|turn|2
|
|t:|1783116081
|move|p2a: Sylveon|Hyper Voice|p1a: Aerodactyl|[spread] p1a,p1b
|-supereffective|p1b: Garchomp|1
|-damage|p1a: Aerodactyl|30/100
|-damage|p1b: Garchomp|0 fnt
|faint|p1b: Garchomp
|-damage|p2a: Sylveon|90/100|[from] item: Life Orb
|move|p2b: Farigiraf|Thunderbolt|p1a: Aerodactyl
|-supereffective|p1a: Aerodactyl|1
|-damage|p1a: Aerodactyl|0 fnt
|faint|p1a: Aerodactyl
|
|upkeep
|
|t:|1783116086
|switch|p1b: Kingambit|Kingambit, L50, M, shiny|100/100
|switch|p1a: Charizard|Charizard, L50, F, shiny|100/100
|turn|3
|inactive|Aquarior_testing1 has 30 seconds left.
|inactive|Aquarior_testing1 has 20 seconds left.
|
|t:|1783116121
|detailschange|p1a: Charizard|Charizard-Mega-Y, L50, F, shiny
|-mega|p1a: Charizard|Charizard|Charizardite Y
|-weather|SunnyDay|[from] ability: Drought|[of] p1a: Charizard
|move|p2a: Sylveon|Hyper Beam|p1b: Kingambit
|-enditem|p1b: Kingambit|Focus Sash
|-damage|p1b: Kingambit|1/100
|-mustrecharge|p2a: Sylveon
|-damage|p2a: Sylveon|80/100|[from] item: Life Orb
|move|p2b: Farigiraf|Thunderbolt|p1b: Kingambit
|-damage|p1b: Kingambit|0 fnt
|faint|p1b: Kingambit
|move|p1a: Charizard|Heat Wave|p2a: Sylveon|[spread] p2a
|-miss|p1a: Charizard|p2b: Farigiraf
|-damage|p2a: Sylveon|41/100
|
|-weather|SunnyDay|[upkeep]
|upkeep
|turn|4
|
|t:|1783116141
|move|p2b: Farigiraf|Thunderbolt|p1a: Charizard
|-supereffective|p1a: Charizard|1
|-damage|p1a: Charizard|58/100
|-status|p1a: Charizard|par
|move|p1a: Charizard|Heat Wave|p2b: Farigiraf|[spread] p2a,p2b
|-damage|p2a: Sylveon|1/100
|-damage|p2b: Farigiraf|47/100
|-status|p2a: Sylveon|brn
|-enditem|p2b: Farigiraf|Sitrus Berry|[eat]
|-heal|p2b: Farigiraf|72/100|[from] item: Sitrus Berry
|cant|p2a: Sylveon|recharge
|
|-weather|SunnyDay|[upkeep]
|-damage|p2a: Sylveon|0 fnt|[from] brn
|faint|p2a: Sylveon
|upkeep
|
|t:|1783116154
|switch|p2a: Camerupt|Camerupt, L50, M, shiny|100/100
|turn|5
|
|t:|1783116159
|detailschange|p2a: Camerupt|Camerupt-Mega, L50, M, shiny
|-mega|p2a: Camerupt|Camerupt|Cameruptite
|cant|p1a: Charizard|par
|move|p2a: Camerupt|Ancient Power|p1a: Charizard
|-supereffective|p1a: Charizard|2
|-damage|p1a: Charizard|0 fnt
|faint|p1a: Charizard
|
|win|jusemato
||jusemato is ready for game 2.
||Aquarior_testing1 is ready for game 2.
|uhtml|next|Next: Game 2 of 3
|l|☆jusemato
|player|p2|
