|j|☆ShakXD404
|j|☆BlackStag52
|html|ShakXD404BlackStag52    
|uhtml|bestof|Game 1 of a best-of-3
|t:|1782188442
|gametype|doubles
|player|p1|ShakXD404|2|1046
|player|p2|BlackStag52|lebanne|1104
|gen|9
|tier|[Gen 9 Champions] VGC 2026 Reg M-B (Bo3)
|rated|
|rule|Species Clause: Limit one of each Pokémon
|rule|Item Clause: Limit 1 of each item
|clearpoke
|poke|p1|Archaludon, L50, M|
|poke|p1|Pelipper, L50, M|
|poke|p1|Swampert, L50, F|
|poke|p1|Basculegion, L50, M|
|poke|p1|Whimsicott, L50, F|
|poke|p1|Staraptor, L50, M|
|poke|p2|Garchomp, L50, M|
|poke|p2|Eelektross, L50, M|
|poke|p2|Sinistcha, L50|
|poke|p2|Primarina, L50, M|
|poke|p2|Vivillon-High Plains, L50, F|
|poke|p2|Sneasler, L50, F|
|teampreview|4
|showteam|p1|Archaludon||Leftovers|Stamina|ElectroShot,FlashCannon,DragonPulse,Protect|Bold||M|||50|]Pelipper||FocusSash|Drizzle|Hurricane,WeatherBall,Tailwind,WideGuard|Timid||M|||50|]Swampert||Swampertite|Torrent|WaveCrash,Earthquake,IcePunch,Protect|Jolly||F|||50|]Basculegion||LifeOrb|SwiftSwim|WaveCrash,FlipTurn,LastRespects,Protect|Jolly||M|||50|]Whimsicott||BrightPowder|Prankster|Moonblast,Tailwind,Charm,Encore|Timid||F|||50|]Staraptor||Staraptite|Intimidate|CloseCombat,BraveBird,Roost,Protect|Jolly||M|||50|
|showteam|p2|Garchomp||LifeOrb|RoughSkin|DragonClaw,Earthquake,Protect,RockSlide|Impish||M|||50|]Eelektross||Eelektrossite|Levitate|GrassKnot,Thunderbolt,Protect,Flamethrower|Modest||M|||50|]Sinistcha||KasibBerry|Hospitality|MatchaGotcha,RagePowder,TrickRoom,LifeDew|Bold|||||50|]Primarina||FairyFeather|LiquidVoice|DazzlingGleam,EnergyBall,HyperVoice,Protect|Modest||M|||50|]Vivillon-High Plains||FocusSash|FriendGuard|Tailwind,AirSlash,PollenPuff,Protect|Timid||F|||50|]Sneasler||WhiteHerb|Unburden|FakeOut,CloseCombat,DireClaw,Protect|Adamant||F|||50|
|inactive|Battle timer is ON: inactive players will automatically lose when time's up. (requested by ShakXD404)
|
|t:|1782188503
|teamsize|p1|4
|teamsize|p2|4
|start
|switch|p1a: Whimsicott|Whimsicott, L50, F|100/100
|switch|p1b: Staraptor|Staraptor, L50, M|100/100
|switch|p2a: Eelektross|Eelektross, L50, M|100/100
|switch|p2b: Sneasler|Sneasler, L50, F|100/100
|-ability|p1b: Staraptor|Intimidate|boost
|-unboost|p2a: Eelektross|atk|1
|-unboost|p2b: Sneasler|atk|1
|-enditem|p2b: Sneasler|White Herb
|-clearnegativeboost|p2b: Sneasler|[silent]
|turn|1
|
|t:|1782188526
|detailschange|p2a: Eelektross|Eelektross-Mega, L50, M
|-mega|p2a: Eelektross|Eelektross|Eelektrossite
|move|p1b: Staraptor|Protect|p1b: Staraptor
|-singleturn|p1b: Staraptor|Protect
|move|p2b: Sneasler|Fake Out|p1a: Whimsicott
|-damage|p1a: Whimsicott|78/100
|cant|p1a: Whimsicott|flinch
|move|p2a: Eelektross|Thunderbolt|p1b: Staraptor
|-activate|p1b: Staraptor|move: Protect
|
|upkeep
|turn|2
|
|t:|1782188543
|switch|p2b: Garchomp|Garchomp, L50, M|100/100
|detailschange|p1b: Staraptor|Staraptor-Mega, L50, M
|-mega|p1b: Staraptor|Staraptor|Staraptite
|move|p1a: Whimsicott|Encore||[still]
|-fail|p1a: Whimsicott
|move|p1b: Staraptor|Close Combat|p2a: Eelektross
|-damage|p2a: Eelektross|35/100
|-boost|p1b: Staraptor|def|1
|-boost|p1b: Staraptor|spd|1
|move|p2a: Eelektross|Thunderbolt|p1b: Staraptor
|-supereffective|p1b: Staraptor|1
|-damage|p1b: Staraptor|18/100
|
|upkeep
|turn|3
|
|t:|1782188564
|switch|p2a: Vivillon|Vivillon-High Plains, L50, F|100/100
|move|p1a: Whimsicott|Tailwind|p1a: Whimsicott
|-sidestart|p1: ShakXD404|move: Tailwind
|move|p1b: Staraptor|Roost|p1b: Staraptor
|-heal|p1b: Staraptor|68/100
|-singleturn|p1b: Staraptor|move: Roost
|move|p2b: Garchomp|Rock Slide|p1a: Whimsicott|[spread] p1b
|-miss|p2b: Garchomp|p1a: Whimsicott
|-resisted|p1b: Staraptor|1
|-damage|p1b: Staraptor|60/100
|-damage|p2b: Garchomp|90/100|[from] item: Life Orb
|
|upkeep
|turn|4
|
|t:|1782188587
|switch|p2b: Sneasler|Sneasler, L50, F|100/100
|move|p1a: Whimsicott|Charm|p1b: Staraptor
|-boost|p1b: Staraptor|atk|2
|move|p1b: Staraptor|Brave Bird|p2a: Vivillon
|-supereffective|p2a: Vivillon|1
|-enditem|p2a: Vivillon|Focus Sash
|-damage|p2a: Vivillon|1/100
|-damage|p1b: Staraptor|29/100|[from] Recoil
|move|p2a: Vivillon|Tailwind|p2a: Vivillon
|-sidestart|p2: BlackStag52|move: Tailwind
|
|upkeep
|turn|5
|
|t:|1782188608
|move|p1a: Whimsicott|Charm|p2b: Sneasler
|-unboost|p2b: Sneasler|atk|2
|move|p1b: Staraptor|Brave Bird|p2b: Sneasler
|-supereffective|p2b: Sneasler|1
|-damage|p2b: Sneasler|0 fnt
|faint|p2b: Sneasler
|-damage|p1b: Staraptor|0 fnt|[from] Recoil
|faint|p1b: Staraptor
|move|p2a: Vivillon|Air Slash|p1a: Whimsicott
|-supereffective|p1a: Whimsicott|1
|-damage|p1a: Whimsicott|0 fnt
|faint|p1a: Whimsicott
|
|upkeep
|
|t:|1782188627
|switch|p1a: Pelipper|Pelipper, L50, M|100/100
|switch|p1b: Basculegion|Basculegion, L50, M|100/100
|switch|p2b: Eelektross|Eelektross-Mega, L50, M|35/100
|-weather|RainDance|[from] ability: Drizzle|[of] p1a: Pelipper
|turn|6
|
|t:|1782188648
|move|p2a: Vivillon|Protect|p2a: Vivillon
|-singleturn|p2a: Vivillon|Protect
|move|p2b: Eelektross|Protect|p2b: Eelektross
|-singleturn|p2b: Eelektross|Protect
|move|p1b: Basculegion|Last Respects|p2b: Eelektross
|-activate|p2b: Eelektross|move: Protect
|move|p1a: Pelipper|Hurricane|p2a: Vivillon
|-activate|p2a: Vivillon|move: Protect
|
|-weather|RainDance|[upkeep]
|-sideend|p1: ShakXD404|move: Tailwind
|upkeep
|turn|7
|
|t:|1782188666
|move|p1b: Basculegion|Protect|p1b: Basculegion
|-singleturn|p1b: Basculegion|Protect
|move|p2a: Vivillon|Pollen Puff|p2b: Eelektross
|-heal|p2b: Eelektross|85/100
|move|p2b: Eelektross|Thunderbolt|p1b: Basculegion
|-activate|p1b: Basculegion|move: Protect
|move|p1a: Pelipper|Tailwind|p1a: Pelipper
|-sidestart|p1: ShakXD404|move: Tailwind
|
|-weather|RainDance|[upkeep]
|-sideend|p2: BlackStag52|move: Tailwind
|upkeep
|turn|8
|
|t:|1782188686
|move|p1b: Basculegion|Last Respects|p2b: Eelektross
|-damage|p2b: Eelektross|16/100
|-damage|p1b: Basculegion|90/100|[from] item: Life Orb
|move|p1a: Pelipper|Weather Ball|p2a: Vivillon
|-damage|p2a: Vivillon|0 fnt
|faint|p2a: Vivillon
|move|p2b: Eelektross|Thunderbolt|p1a: Pelipper
|-supereffective|p1a: Pelipper|2
|-enditem|p1a: Pelipper|Focus Sash
|-damage|p1a: Pelipper|1/100
|-status|p1a: Pelipper|par
|
|-weather|RainDance|[upkeep]
|upkeep
|
|t:|1782188697
|switch|p2a: Garchomp|Garchomp, L50, M|90/100
|turn|9
|
|t:|1782188721
|move|p2b: Eelektross|Protect|p2b: Eelektross
|-singleturn|p2b: Eelektross|Protect
|cant|p1a: Pelipper|par
|move|p1b: Basculegion|Last Respects|p2b: Eelektross
|-activate|p2b: Eelektross|move: Protect
|move|p2a: Garchomp|Rock Slide|p1a: Pelipper|[spread] p1a,p1b
|-supereffective|p1a: Pelipper|1
|-damage|p1a: Pelipper|0 fnt
|-damage|p1b: Basculegion|61/100
|faint|p1a: Pelipper
|-damage|p2a: Garchomp|80/100|[from] item: Life Orb
|
|-weather|RainDance|[upkeep]
|upkeep
|turn|10
|
|t:|1782188744
|move|p1b: Basculegion|Last Respects|p2b: Eelektross
|-damage|p2b: Eelektross|0 fnt
|faint|p2b: Eelektross
|-damage|p1b: Basculegion|52/100|[from] item: Life Orb
|move|p2a: Garchomp|Dragon Claw|p1b: Basculegion
|-damage|p1b: Basculegion|0 fnt
|faint|p1b: Basculegion
|-damage|p2a: Garchomp|70/100|[from] item: Life Orb
|
|win|BlackStag52
