|j|☆zanquettao
|j|☆abadanriyi92
|html|zanquettaoabadanriyi92    
|uhtml|bestof|Game 1 of a best-of-3
|t:|1784510109
|gametype|doubles
|player|p1|zanquettao|hilda-wonderlauncher|1148
|player|p2|abadanriyi92|scientist|1274
|gen|9
|tier|[Gen 9 Champions] VGC 2026 Reg M-B (Bo3)
|rated|
|rule|Species Clause: Limit one of each Pokémon
|rule|Item Clause: Limit 1 of each item
|clearpoke
|poke|p1|Farigiraf, L50, M, shiny|
|poke|p1|Incineroar, L50, F, shiny|
|poke|p1|Torkoal, L50, M|
|poke|p1|Sinistcha-Masterpiece, L50|
|poke|p1|Primarina, L50, M|
|poke|p1|Mawile, L50, F|
|poke|p2|Venusaur, L50, F|
|poke|p2|Grimmsnarl, L50, M|
|poke|p2|Politoed, L50, F|
|poke|p2|Archaludon, L50, F|
|poke|p2|Kingambit, L50, M|
|poke|p2|Aerodactyl, L50, M|
|teampreview|4
|showteam|p1|Farigiraf||ColburBerry|ArmorTail|TrickRoom,ConfuseRay,HelpingHand,Protect|Relaxed||M|||50|]Incineroar||ExpertBelt|Intimidate|CloseCombat,FlareBlitz,FakeOut,DarkestLariat|Brave||F|||50|]Torkoal||Charcoal|Drought|Eruption,EarthPower,SolarBeam,Protect|Quiet||M|||50|]Sinistcha-Masterpiece||FocusSash|Hospitality|TrickRoom,MatchaGotcha,ShadowBall,Protect|Quiet|||||50|]Primarina||LifeOrb|LiquidVoice|HyperVoice,DazzlingGleam,IceBeam,EnergyBall|Quiet||M|||50|]Mawile||Mawilite|HyperCutter|SuckerPunch,PlayRough,IronHead,ThunderPunch|Brave||F|||50|
|showteam|p2|Venusaur||Venusaurite|Chlorophyll|GigaDrain,SludgeBomb,EarthPower,Protect|Modest||F|||50|]Grimmsnarl||LightClay|Prankster|PartingShot,Reflect,LightScreen,FoulPlay|Relaxed||M|||50|]Politoed||SitrusBerry|Drizzle|WeatherBall,PerishSong,Encore,Protect|Sassy||F|||50|]Archaludon||Leftovers|Stamina|ElectroShot,FlashCannon,DracoMeteor,Protect|Modest||F|||50|]Kingambit||BlackGlasses|Defiant|KowtowCleave,SuckerPunch,SwordsDance,Protect|Brave||M|||50|]Aerodactyl||Aerodactylite|Unnerve|RockSlide,DualWingbeat,Tailwind,Protect|Jolly||M|||50|
|inactive|Battle timer is ON: inactive players will automatically lose when time's up. (requested by zanquettao)
|inactive|zanquettao has 60 seconds left.
|
|t:|1784510144
|teamsize|p1|4
|teamsize|p2|4
|start
|switch|p1a: Farigiraf|Farigiraf, L50, M, shiny|100/100
|switch|p1b: Incineroar|Incineroar, L50, F, shiny|100/100
|switch|p2a: Grimmsnarl|Grimmsnarl, L50, M|100/100
|switch|p2b: Kingambit|Kingambit, L50, M|100/100
|-ability|p1b: Incineroar|Intimidate|boost
|-unboost|p2a: Grimmsnarl|atk|1
|-unboost|p2b: Kingambit|atk|1
|-ability|p2b: Kingambit|Defiant|boost
|-boost|p2b: Kingambit|atk|2
|turn|1
|inactive|abadanriyi92 has 30 seconds left.
|inactive|abadanriyi92 has 20 seconds left.
|
|t:|1784510183
|move|p2b: Kingambit|Protect|p2b: Kingambit
|-singleturn|p2b: Kingambit|Protect
|move|p2a: Grimmsnarl|Reflect|p2a: Grimmsnarl
|-sidestart|p2: abadanriyi92|Reflect
|move|p1b: Incineroar|Close Combat|p2b: Kingambit
|-activate|p2b: Kingambit|move: Protect
|move|p1a: Farigiraf|Trick Room|p1a: Farigiraf
|-fieldstart|move: Trick Room|[of] p1a: Farigiraf
|
|upkeep
|turn|2
|inactive|zanquettao has 30 seconds left.
|inactive|abadanriyi92 has 30 seconds left.
|inactive|abadanriyi92 has 20 seconds left.
|
|t:|1784510219
|switch|p2b: Venusaur|Venusaur, L50, F|100/100
|switch|p2a: Politoed|Politoed, L50, F|100/100
|-weather|RainDance|[from] ability: Drizzle|[of] p2a: Politoed
|move|p1a: Farigiraf|Helping Hand|p1b: Incineroar
|-singleturn|p1b: Incineroar|Helping Hand|[of] p1a: Farigiraf
|move|p1b: Incineroar|Close Combat|p2b: Venusaur
|-resisted|p2b: Venusaur|1
|-damage|p2b: Venusaur|77/100
|-unboost|p1b: Incineroar|def|1
|-unboost|p1b: Incineroar|spd|1
|
|-weather|RainDance|[upkeep]
|upkeep
|turn|3
|inactive|zanquettao has 30 seconds left.
|inactive|abadanriyi92 has 30 seconds left.
|inactive|zanquettao has 20 seconds left.
|inactive|zanquettao has 15 seconds left.
|inactive|zanquettao has 10 seconds left.
|
|t:|1784510267
|switch|p1b: Primarina|Primarina, L50, M|100/100
|detailschange|p2b: Venusaur|Venusaur-Mega, L50, F
|-mega|p2b: Venusaur|Venusaur|Venusaurite
|move|p1a: Farigiraf|Confuse Ray|p2a: Politoed
|-start|p2a: Politoed|confusion
|-activate|p2a: Politoed|confusion
|-damage|p2a: Politoed|93/100|[from] confusion
|move|p2b: Venusaur|Giga Drain|p1a: Farigiraf
|-damage|p1a: Farigiraf|56/100
|-heal|p2b: Venusaur|100/100|[from] drain|[of] p1a: Farigiraf
|
|-weather|RainDance|[upkeep]
|upkeep
|turn|4
|inactive|zanquettao has 30 seconds left.
|inactive|abadanriyi92 has 30 seconds left.
|inactive|zanquettao has 20 seconds left.
|inactive|abadanriyi92 has 20 seconds left.
|
|t:|1784510304
|switch|p2a: Kingambit|Kingambit, L50, M|100/100
|move|p1a: Farigiraf|Helping Hand|p1b: Primarina
|-singleturn|p1b: Primarina|Helping Hand|[of] p1a: Farigiraf
|move|p1b: Primarina|Ice Beam|p2b: Venusaur
|-supereffective|p2b: Venusaur|1
|-damage|p2b: Venusaur|49/100
|-damage|p1b: Primarina|90/100|[from] item: Life Orb
|move|p2b: Venusaur|Giga Drain|p1b: Primarina
|-supereffective|p1b: Primarina|1
|-damage|p1b: Primarina|25/100
|-heal|p2b: Venusaur|82/100|[from] drain|[of] p1b: Primarina
|
|-weather|RainDance|[upkeep]
|upkeep
|turn|5
|inactive|zanquettao has 30 seconds left.
|inactive|abadanriyi92 has 30 seconds left.
|
|t:|1784510333
|move|p2a: Kingambit|Protect|p2a: Kingambit
|-singleturn|p2a: Kingambit|Protect
|move|p1b: Primarina|Ice Beam|p2b: Venusaur
|-supereffective|p2b: Venusaur|1
|-damage|p2b: Venusaur|42/100
|-damage|p1b: Primarina|15/100|[from] item: Life Orb
|move|p1a: Farigiraf|Confuse Ray|p2b: Venusaur
|-start|p2b: Venusaur|confusion
|-activate|p2b: Venusaur|confusion
|move|p2b: Venusaur|Giga Drain|p1b: Primarina
|-supereffective|p1b: Primarina|1
|-damage|p1b: Primarina|0 fnt
|-heal|p2b: Venusaur|50/100g|[from] drain|[of] p1b: Primarina
|faint|p1b: Primarina
|
|-weather|RainDance|[upkeep]
|-fieldend|move: Trick Room
|upkeep
|
|t:|1784510347
|switch|p1b: Torkoal|Torkoal, L50, M|100/100
|-weather|SunnyDay|[from] ability: Drought|[of] p1b: Torkoal
|turn|6
|
|t:|1784510364
|switch|p2b: Politoed|Politoed, L50, F|93/100
|-weather|RainDance|[from] ability: Drizzle|[of] p2b: Politoed
|move|p1b: Torkoal|Protect|p1b: Torkoal
|-singleturn|p1b: Torkoal|Protect
|move|p2a: Kingambit|Kowtow Cleave|p1a: Farigiraf
|-supereffective|p1a: Farigiraf|1
|-enditem|p1a: Farigiraf|Colbur Berry|[eat]
|-enditem|p1a: Farigiraf|Colbur Berry|[weaken]
|-damage|p1a: Farigiraf|12/100
|move|p1a: Farigiraf|Trick Room|p1a: Farigiraf
|-fieldstart|move: Trick Room|[of] p1a: Farigiraf
|
|-weather|RainDance|[upkeep]
|upkeep
|turn|7
|inactive|abadanriyi92 has 30 seconds left.
|inactive|zanquettao has 30 seconds left.
|
|t:|1784510397
|switch|p2a: Grimmsnarl|Grimmsnarl, L50, M|100/100
|move|p1b: Torkoal|Eruption|p2a: Grimmsnarl|[spread] p2a,p2b
|-resisted|p2b: Politoed|1
|-damage|p2a: Grimmsnarl|72/100
|-damage|p2b: Politoed|83/100
|move|p1a: Farigiraf|Confuse Ray|p2a: Grimmsnarl
|-start|p2a: Grimmsnarl|confusion
|move|p2b: Politoed|Weather Ball|p1b: Torkoal
|-supereffective|p1b: Torkoal|1
|-damage|p1b: Torkoal|0 fnt
|faint|p1b: Torkoal
|
|-weather|RainDance|[upkeep]
|upkeep
|
|t:|1784510409
|switch|p1b: Incineroar|Incineroar, L50, F, shiny|100/100
|-ability|p1b: Incineroar|Intimidate|boost
|-unboost|p2a: Grimmsnarl|atk|1
|-unboost|p2b: Politoed|atk|1
|turn|8
|
|t:|1784510427
|move|p1a: Farigiraf|Helping Hand|p1b: Incineroar
|-singleturn|p1b: Incineroar|Helping Hand|[of] p1a: Farigiraf
|-activate|p2a: Grimmsnarl|confusion
|-damage|p2a: Grimmsnarl|66/100|[from] confusion
|move|p1b: Incineroar|Close Combat|p2a: Grimmsnarl
|-damage|p2a: Grimmsnarl|29/100
|-unboost|p1b: Incineroar|def|1
|-unboost|p1b: Incineroar|spd|1
|move|p2b: Politoed|Weather Ball|p1b: Incineroar
|-supereffective|p1b: Incineroar|1
|-damage|p1b: Incineroar|0 fnt
|faint|p1b: Incineroar
|
|-weather|RainDance|[upkeep]
|-sideend|p2: abadanriyi92|Reflect
|upkeep
|turn|9
|-message|zanquettao forfeited.
|
|win|abadanriyi92
