|j|☆Cjpremo
|j|☆freudianbreath
|html|Cjpremofreudianbreath    
|uhtml|bestof|Game 1 of a best-of-3
|t:|1785822606
|gametype|doubles
|player|p1|Cjpremo|266|1029
|player|p2|freudianbreath|101|1100
|gen|9
|tier|[Gen 9 Champions] VGC 2026 Reg M-B (Bo3)
|rated|
|rule|Species Clause: Limit one of each Pokémon
|rule|Item Clause: Limit 1 of each item
|clearpoke
|poke|p1|Whimsicott, L50, F|
|poke|p1|Staraptor, L50, F|
|poke|p1|Garchomp, L50, F|
|poke|p1|Gholdengo, L50|
|poke|p1|Basculegion, L50, M|
|poke|p1|Typhlosion-Hisui, L50, M|
|poke|p2|Gholdengo, L50|
|poke|p2|Whimsicott, L50, F|
|poke|p2|Sneasler, L50, M|
|poke|p2|Aerodactyl, L50, M|
|poke|p2|Politoed, L50, M|
|poke|p2|Swampert, L50, M|
|teampreview|4
|showteam|p1|Whimsicott||FocusSash|Prankster|Tickle,Tailwind,Moonblast,FakeTears|Timid||F|||50|]Staraptor||Staraptite|Intimidate|BraveBird,CloseCombat,Roost,Protect|Jolly||F|||50|]Garchomp||RoseliBerry|RoughSkin|DragonClaw,StompingTantrum,RockTomb,PoisonJab|Jolly||F|||50|]Gholdengo||LifeOrb|GoodasGold|MakeItRain,ShadowBall,PowerGem,Protect|Modest|||||50|]Basculegion||MysticWater|Adaptability|WaveCrash,LastRespects,AquaJet,Protect|Adamant||M|||50|]Typhlosion-Hisui||ChoiceScarf|Frisk|Eruption,HeatWave,BurnUp,ShadowBall|Modest||M|||50|
|showteam|p2|Gholdengo||LifeOrb|GoodasGold|NastyPlot,MakeItRain,Protect,ShadowBall|Timid|||||50|]Whimsicott||SitrusBerry|Prankster|Moonblast,Encore,Tailwind,Protect|Bold||F|||50|]Sneasler||FocusSash|Unburden|FakeOut,DireClaw,CloseCombat,ThroatChop|Jolly||M|||50|]Aerodactyl||Aerodactylite|Unnerve|DualWingbeat,RockSlide,Protect,Tailwind|Jolly||M|||50|]Politoed||Leftovers|Drizzle|Whirlpool,Protect,EarthPower,WeatherBall|Modest||M|||50|]Swampert||Swampertite|Torrent|WaveCrash,Protect,HighHorsepower,IcePunch|Adamant||M|||50|
|inactive|Battle timer is ON: inactive players will automatically lose when time's up. (requested by Cjpremo)
|inactive|Cjpremo has 60 seconds left.
|inactive|freudianbreath has 60 seconds left.
|inactive|freudianbreath has 30 seconds left.
|inactive|freudianbreath has 20 seconds left.
|inactive|freudianbreath has 15 seconds left.
|inactive|freudianbreath has 10 seconds left.
|inactive|freudianbreath has 5 seconds left.
|
|t:|1785822695
|teamsize|p1|4
|teamsize|p2|4
|start
|switch|p1a: Whimsicott|Whimsicott, L50, F|100/100
|switch|p1b: Typhlosion|Typhlosion-Hisui, L50, M|100/100
|switch|p2a: Sneasler|Sneasler, L50, M|100/100
|switch|p2b: Whimsicott|Whimsicott, L50, F|100/100
|-item|p2a: Sneasler|Focus Sash|[from] ability: Frisk|[of] p1b: Typhlosion
|-item|p2b: Whimsicott|Sitrus Berry|[from] ability: Frisk|[of] p1b: Typhlosion
|turn|1
|inactive|Cjpremo has 30 seconds left.
|inactive|freudianbreath has 30 seconds left.
|l|☆Cjpremo
|inactive|Cjpremo disconnected and has a minute to reconnect!
|player|p1|
|j|☆Cjpremo
|inactive|Cjpremo reconnected and has 25 seconds left.
|player|p1|Cjpremo|266|
|inactive|Cjpremo has 20 seconds left.
|inactive|freudianbreath has 20 seconds left.
|inactive|Cjpremo has 15 seconds left.
|inactive|freudianbreath has 15 seconds left.
|inactive|freudianbreath has 10 seconds left.
|inactive|freudianbreath has 5 seconds left.
|
|t:|1785822746
|switch|p1a: Staraptor|Staraptor, L50, F|100/100
|-ability|p1a: Staraptor|Intimidate|boost
|-unboost|p2a: Sneasler|atk|1
|-unboost|p2b: Whimsicott|atk|1
|move|p2a: Sneasler|Fake Out|p1a: Staraptor
|-damage|p1a: Staraptor|85/100
|move|p2b: Whimsicott|Tailwind|p2b: Whimsicott
|-sidestart|p2: freudianbreath|move: Tailwind
|move|p1b: Typhlosion|Eruption|p2a: Sneasler|[spread] p2a,p2b
|-supereffective|p2b: Whimsicott|1
|-damage|p2a: Sneasler|19/100
|-damage|p2b: Whimsicott|0 fnt
|faint|p2b: Whimsicott
|
|upkeep
|l|☆Cjpremo
|inactive|Cjpremo disconnected and has a minute to reconnect!
|player|p1|
|j|☆Cjpremo
|inactive|Cjpremo reconnected.
|player|p1|Cjpremo|266|
|inactive|freudianbreath has 30 seconds left.
|inactive|freudianbreath has 20 seconds left.
|
|t:|1785822783
|switch|p2b: Swampert|Swampert, L50, M|100/100
|turn|2
|
|t:|1785822804
|switch|p2a: Politoed|Politoed, L50, M|100/100
|-weather|RainDance|[from] ability: Drizzle|[of] p2a: Politoed
|detailschange|p2b: Swampert|Swampert-Mega, L50, M
|-mega|p2b: Swampert|Swampert|Swampertite
|detailschange|p1a: Staraptor|Staraptor-Mega, L50, F
|-mega|p1a: Staraptor|Staraptor|Staraptite
|move|p2b: Swampert|Ice Punch|p1a: Staraptor
|-supereffective|p1a: Staraptor|1
|-damage|p1a: Staraptor|25/100
|move|p1b: Typhlosion|Eruption|p2a: Politoed|[spread] p2a,p2b
|-resisted|p2a: Politoed|1
|-resisted|p2b: Swampert|1
|-damage|p2a: Politoed|87/100
|-damage|p2b: Swampert|87/100
|move|p1a: Staraptor|Brave Bird|p2b: Swampert
|-damage|p2b: Swampert|32/100
|-damage|p1a: Staraptor|1/100|[from] Recoil
|
|-weather|RainDance|[upkeep]
|-heal|p2a: Politoed|93/100|[from] item: Leftovers
|upkeep
|turn|3
|inactive|freudianbreath has 30 seconds left.
|inactive|Cjpremo has 30 seconds left.
|inactive|freudianbreath has 20 seconds left.
|inactive|Cjpremo has 20 seconds left.
|inactive|freudianbreath has 15 seconds left.
|inactive|freudianbreath has 10 seconds left.
|inactive|freudianbreath has 5 seconds left.
|
|t:|1785822858
|switch|p1b: Whimsicott|Whimsicott, L50, F|100/100
|switch|p1a: Basculegion|Basculegion, L50, M|100/100
|move|p2b: Swampert|Ice Punch|p1a: Basculegion
|-resisted|p1a: Basculegion|1
|-damage|p1a: Basculegion|82/100
|move|p2a: Politoed|Whirlpool|p1b: Whimsicott
|-resisted|p1b: Whimsicott|1
|-damage|p1b: Whimsicott|81/100
|-activate|p1b: Whimsicott|move: Whirlpool|[of] p2a: Politoed
|
|-weather|RainDance|[upkeep]
|-heal|p2a: Politoed|99/100|[from] item: Leftovers
|-damage|p1b: Whimsicott|69/100|[from] move: Whirlpool|[partiallytrapped]
|upkeep
|turn|4
|inactive|Cjpremo has 30 seconds left.
|inactive|freudianbreath has 30 seconds left.
|inactive|freudianbreath has 20 seconds left.
|inactive|freudianbreath has 15 seconds left.
|inactive|Cjpremo has 20 seconds left.
|inactive|freudianbreath has 10 seconds left.
|inactive|freudianbreath has 5 seconds left.
|
|t:|1785822911
|move|p1a: Basculegion|Protect|p1a: Basculegion
|-singleturn|p1a: Basculegion|Protect
|move|p1b: Whimsicott|Tickle|p2b: Swampert
|-unboost|p2b: Swampert|atk|1
|-unboost|p2b: Swampert|def|1
|move|p2b: Swampert|High Horsepower|p1a: Basculegion
|-activate|p1a: Basculegion|move: Protect
|move|p2a: Politoed|Earth Power|p1a: Basculegion
|-activate|p1a: Basculegion|move: Protect
|
|-weather|RainDance|[upkeep]
|-heal|p2a: Politoed|100/100|[from] item: Leftovers
|-damage|p1b: Whimsicott|56/100|[from] move: Whirlpool|[partiallytrapped]
|-sideend|p2: freudianbreath|move: Tailwind
|upkeep
|turn|5
|inactive|freudianbreath has 30 seconds left.
|inactive|freudianbreath has 20 seconds left.
|inactive|freudianbreath has 15 seconds left.
|
|t:|1785822955
|switch|p1a: Staraptor|Staraptor-Mega, L50, F|1/100
|move|p2b: Swampert|Protect|p2b: Swampert
|-singleturn|p2b: Swampert|Protect
|move|p1b: Whimsicott|Fake Tears|p2a: Politoed
|-unboost|p2a: Politoed|spd|2
|move|p2a: Politoed|Earth Power|p1a: Staraptor
|-immune|p1a: Staraptor
|
|-weather|RainDance|[upkeep]
|-damage|p1b: Whimsicott|44/100|[from] move: Whirlpool|[partiallytrapped]
|upkeep
|turn|6
|inactive|freudianbreath has 30 seconds left.
|inactive|freudianbreath has 20 seconds left.
|inactive|freudianbreath has 15 seconds left.
|
|t:|1785822997
|switch|p2b: Sneasler|Sneasler, L50, M|19/100
|move|p1a: Staraptor|Protect|p1a: Staraptor
|-singleturn|p1a: Staraptor|Protect
|move|p1b: Whimsicott|Tailwind|p1b: Whimsicott
|-sidestart|p1: Cjpremo|move: Tailwind
|move|p2a: Politoed|Weather Ball|p1b: Whimsicott
|-resisted|p1b: Whimsicott|1
|-damage|p1b: Whimsicott|0 fnt
|faint|p1b: Whimsicott
|
|-weather|none
|upkeep
|
|t:|1785823010
|switch|p1b: Basculegion|Basculegion, L50, M|82/100
|turn|7
|inactive|freudianbreath has 30 seconds left.
|inactive|freudianbreath has 20 seconds left.
|inactive|freudianbreath has 15 seconds left.
|inactive|freudianbreath has 10 seconds left.
|inactive|freudianbreath has 5 seconds left.
|
|t:|1785823064
|switch|p1a: Typhlosion|Typhlosion-Hisui, L50, M|100/100
|-item|p2a: Politoed|Leftovers|[from] ability: Frisk|[of] p1a: Typhlosion
|-item|p2b: Sneasler|Focus Sash|[from] ability: Frisk|[of] p1a: Typhlosion
|move|p2b: Sneasler|Fake Out|p1a: Typhlosion
|-immune|p1a: Typhlosion
|move|p1b: Basculegion|Last Respects|p2a: Politoed
|-damage|p2a: Politoed|24/100
|move|p2a: Politoed|Whirlpool|p1a: Typhlosion
|-supereffective|p1a: Typhlosion|1
|-damage|p1a: Typhlosion|56/100
|-activate|p1a: Typhlosion|move: Whirlpool|[of] p2a: Politoed
|
|-heal|p2a: Politoed|30/100|[from] item: Leftovers
|-damage|p1a: Typhlosion|44/100|[from] move: Whirlpool|[partiallytrapped]
|upkeep
|turn|8
|inactive|Cjpremo has 30 seconds left.
|inactive|freudianbreath has 30 seconds left.
|inactive|Cjpremo has 20 seconds left.
|inactive|freudianbreath has 20 seconds left.
|inactive|Cjpremo has 15 seconds left.
|inactive|freudianbreath has 15 seconds left.
|inactive|Cjpremo has 10 seconds left.
|
|t:|1785823110
|switch|p2b: Swampert|Swampert-Mega, L50, M|32/100
|move|p2a: Politoed|Protect|p2a: Politoed
|-singleturn|p2a: Politoed|Protect
|move|p1b: Basculegion|Aqua Jet|p2b: Swampert
|-damage|p2b: Swampert|4/100
|move|p1a: Typhlosion|Heat Wave|p2a: Politoed|[spread] 
|-activate|p2a: Politoed|move: Protect
|-miss|p1a: Typhlosion|p2b: Swampert
|
|-heal|p2a: Politoed|37/100|[from] item: Leftovers
|-damage|p1a: Typhlosion|32/100|[from] move: Whirlpool|[partiallytrapped]
|upkeep
|turn|9
|inactive|freudianbreath has 30 seconds left.
|inactive|freudianbreath has 20 seconds left.
|
|t:|1785823140
|move|p2b: Swampert|Protect|p2b: Swampert
|-singleturn|p2b: Swampert|Protect
|move|p1a: Typhlosion|Heat Wave|p2a: Politoed|[spread] p2a
|-activate|p2b: Swampert|move: Protect
|-resisted|p2a: Politoed|1
|-damage|p2a: Politoed|2/100
|move|p1b: Basculegion|Last Respects|p2a: Politoed
|-damage|p2a: Politoed|0 fnt
|faint|p2a: Politoed
|
|-end|p1a: Typhlosion|Whirlpool|[partiallytrapped]|[silent]
|-sideend|p1: Cjpremo|move: Tailwind
|upkeep
|inactive|freudianbreath has 20 seconds left this turn.
|inactive|freudianbreath has 15 seconds left.
|
|t:|1785823149
|switch|p2a: Sneasler|Sneasler, L50, M|19/100
|turn|10
|inactive|freudianbreath has 15 seconds left this turn.
|inactive|freudianbreath has 10 seconds left.
|inactive|freudianbreath has 5 seconds left.
|
|t:|1785823173
|move|p1b: Basculegion|Aqua Jet|p2b: Swampert
|-damage|p2b: Swampert|0 fnt
|faint|p2b: Swampert
|move|p1a: Typhlosion|Heat Wave|p2a: Sneasler
|-damage|p2a: Sneasler|0 fnt
|faint|p2a: Sneasler
|
|win|Cjpremo
