|j|☆uutung
|j|☆strye
|html|uutungstrye    
|uhtml|bestof|Game 1 of a best-of-3
|t:|1785763970
|gametype|doubles
|player|p1|uutung|102|
|player|p2|strye|2|
|gen|9
|tier|[Gen 9 Champions] VGC 2026 Reg M-B (Bo3)
|rule|Species Clause: Limit one of each Pokémon
|rule|Item Clause: Limit 1 of each item
|clearpoke
|poke|p1|Charizard, L50, M|
|poke|p1|Glimmora, L50, M|
|poke|p1|Whimsicott, L50, F|
|poke|p1|Ninetales-Alola, L50, F|
|poke|p1|Kingambit, L50, M|
|poke|p1|Kommo-o, L50, M|
|poke|p2|Blaziken, L50, M, shiny|
|poke|p2|Kingambit, L50, M, shiny|
|poke|p2|Basculegion, L50, M, shiny|
|poke|p2|Sylveon, L50, F, shiny|
|poke|p2|Torkoal, L50, F, shiny|
|poke|p2|Aerodactyl, L50, F, shiny|
|teampreview|4
|showteam|p1|Charizard||CharizarditeY|Blaze|HeatWave,WeatherBall,SolarBeam,Protect|Modest||M|||50|]Glimmora||Glimmoranite|ToxicDebris|SludgeBomb,PowerGem,EarthPower,SpikyShield|Modest||M|||50|]Whimsicott||FocusSash|Prankster|Moonblast,Tailwind,Encore,Protect|Timid||F|||50|]Ninetales-Alola||NeverMeltIce|SnowWarning|Blizzard,FreezeDry,Disable,Protect|Timid||F|||50|]Kingambit||BlackGlasses|Defiant|KowtowCleave,SuckerPunch,IronHead,Protect|Adamant||M|||50|]Kommo-o||LifeOrb|Overcoat|ClangingScales,AuraSphere,VacuumWave,Protect|Modest||M|||50|
|showteam|p2|Blaziken||Blazikenite|SpeedBoost|FlareBlitz,CloseCombat,RockSlide,Detect|Adamant||M|||50|]Kingambit||LifeOrb|Defiant|KowtowCleave,SuckerPunch,IronHead,Protect|Adamant||M|||50|]Basculegion||FocusSash|Adaptability|Liquidation,AquaJet,LastRespects,Protect|Adamant||M|||50|]Sylveon||FairyFeather|Pixilate|HyperVoice,HyperBeam,QuickAttack,Protect|Modest||F|||50|]Torkoal||Leftovers|Drought|BurningJealousy,WeatherBall,Yawn,Protect|Relaxed||F|||50|]Aerodactyl||Aerodactylite|Unnerve|RockSlide,DualWingbeat,IceFang,Tailwind|Jolly||F|||50|
|
|t:|1785764029
|teamsize|p1|4
|teamsize|p2|4
|start
|switch|p1a: Glimmora|Glimmora, L50, M|100/100
|switch|p1b: Whimsicott|Whimsicott, L50, F|100/100
|switch|p2a: Aerodactyl|Aerodactyl, L50, F, shiny|100/100
|switch|p2b: Basculegion|Basculegion, L50, M, shiny|100/100
|-ability|p2a: Aerodactyl|Unnerve
|turn|1
|
|t:|1785764075
|detailschange|p1a: Glimmora|Glimmora-Mega, L50, M
|-mega|p1a: Glimmora|Glimmora|Glimmoranite
|move|p1b: Whimsicott|Tailwind|p1b: Whimsicott
|-sidestart|p1: uutung|move: Tailwind
|move|p1a: Glimmora|Power Gem|p2a: Aerodactyl
|-supereffective|p2a: Aerodactyl|1
|-damage|p2a: Aerodactyl|0 fnt
|faint|p2a: Aerodactyl
|move|p2b: Basculegion|Liquidation|p1a: Glimmora
|-supereffective|p1a: Glimmora|1
|-damage|p1a: Glimmora|0 fnt
|faint|p1a: Glimmora
|
|upkeep
|
|t:|1785764099
|switch|p2a: Blaziken|Blaziken, L50, M, shiny|100/100
|switch|p1a: Kingambit|Kingambit, L50, M|100/100
|turn|2
|
|t:|1785764149
|detailschange|p2a: Blaziken|Blaziken-Mega, L50, M, shiny
|-mega|p2a: Blaziken|Blaziken|Blazikenite
|move|p1b: Whimsicott|Moonblast|p2a: Blaziken
|-damage|p2a: Blaziken|50/100g
|-unboost|p2a: Blaziken|spa|1
|move|p1a: Kingambit|Kowtow Cleave|p2b: Basculegion
|-supereffective|p2b: Basculegion|1
|-enditem|p2b: Basculegion|Focus Sash
|-damage|p2b: Basculegion|1/100
|move|p2a: Blaziken|Close Combat|p1a: Kingambit
|-supereffective|p1a: Kingambit|2
|-damage|p1a: Kingambit|0 fnt
|-unboost|p2a: Blaziken|def|1
|-unboost|p2a: Blaziken|spd|1
|faint|p1a: Kingambit
|move|p2b: Basculegion|Last Respects|p1b: Whimsicott
|-damage|p1b: Whimsicott|2/100
|
|-ability|p2a: Blaziken|Speed Boost|boost
|-boost|p2a: Blaziken|spe|1
|upkeep
|
|t:|1785764165
|switch|p1a: Kommo-o|Kommo-o, L50, M|100/100
|turn|3
|
|t:|1785764200
|switch|p2a: Kingambit|Kingambit, L50, M, shiny|100/100
|move|p1b: Whimsicott|Protect|p1b: Whimsicott
|-singleturn|p1b: Whimsicott|Protect
|move|p2b: Basculegion|Aqua Jet|p1b: Whimsicott
|-activate|p1b: Whimsicott|move: Protect
|move|p1a: Kommo-o|Clanging Scales|p2b: Basculegion|[spread] p2a,p2b
|-resisted|p2a: Kingambit|1
|-damage|p2a: Kingambit|71/100
|-damage|p2b: Basculegion|0 fnt
|faint|p2b: Basculegion
|-unboost|p1a: Kommo-o|def|1
|-damage|p1a: Kommo-o|90/100|[from] item: Life Orb
|
|upkeep
|
|t:|1785764210
|switch|p2b: Blaziken|Blaziken-Mega, L50, M, shiny|50/100g
|turn|4
|
|t:|1785764251
|move|p1b: Whimsicott|Protect||[still]
|-fail|p1b: Whimsicott
|move|p2a: Kingambit|Protect|p2a: Kingambit
|-singleturn|p2a: Kingambit|Protect
|move|p1a: Kommo-o|Aura Sphere|p2b: Blaziken
|-damage|p2b: Blaziken|0 fnt
|faint|p2b: Blaziken
|-damage|p1a: Kommo-o|80/100|[from] item: Life Orb
|
|-sideend|p1: uutung|move: Tailwind
|upkeep
|turn|5
|-message|strye forfeited.
|
|win|uutung
|l|☆strye
|player|p2|
||strye is ready for game 2.
||uutung is ready for game 2.
|uhtml|next|Next: Game 2 of 3
