|j|☆ban1106
|j|☆AbadanRiyi92
|html|ban1106AbadanRiyi92    
|uhtml|bestof|Game 1 of a best-of-3
|t:|1785613762
|gametype|doubles
|player|p1|ban1106|brawly|1139
|player|p2|AbadanRiyi92|colress|1244
|gen|9
|tier|[Gen 9 Champions] VGC 2026 Reg M-B (Bo3)
|rated|
|rule|Species Clause: Limit one of each Pokémon
|rule|Item Clause: Limit 1 of each item
|clearpoke
|poke|p1|Tyranitar, L50, F|
|poke|p1|Excadrill, L50, M|
|poke|p1|Milotic, L50, M|
|poke|p1|Gholdengo, L50|
|poke|p1|Sinistcha-Masterpiece, L50|
|poke|p1|Staraptor, L50, M|
|poke|p2|Tyranitar, L50, F|
|poke|p2|Excadrill, L50, F|
|poke|p2|Milotic, L50, M|
|poke|p2|Sinistcha, L50|
|poke|p2|Staraptor, L50, M|
|poke|p2|Gholdengo, L50|
|teampreview|4
|showteam|p1|Tyranitar||Tyranitarite|SandStream|KnockOff,RockSlide,HighHorsepower,Protect|Jolly||F|||50|]Excadrill||FocusSash|SandRush|HighHorsepower,RockSlide,IronHead,Protect|Adamant||M|||50|]Milotic||SitrusBerry|Competitive|Scald,Haze,IcyWind,Protect|Serious||M|||50|]Gholdengo||LifeOrb|GoodasGold|ShadowBall,MakeItRain,NastyPlot,Protect|Modest|||||50|]Sinistcha-Masterpiece||ColburBerry|Hospitality|MatchaGotcha,ShadowBall,Protect,RagePowder|Bold|||||50|]Staraptor||Staraptite|Intimidate|CloseCombat,BraveBird,Tailwind,Protect|Jolly||M|||50|
|showteam|p2|Tyranitar||Tyranitarite|SandStream|KnockOff,RockSlide,HighHorsepower,Protect|Jolly||F|||50|]Excadrill||FocusSash|SandRush|Earthquake,IronHead,RockSlide,Protect|Adamant||F|||50|]Milotic||SitrusBerry|Competitive|Scald,IcyWind,Haze,Protect|Calm||M|||50|]Sinistcha||ColburBerry|Hospitality|MatchaGotcha,ShadowBall,Protect,RagePowder|Bold|||||50|]Staraptor||Staraptite|Intimidate|CloseCombat,BraveBird,Tailwind,Protect|Jolly||M|||50|]Gholdengo||LifeOrb|GoodasGold|MakeItRain,ShadowBall,NastyPlot,Protect|Modest|||||50|
|
|t:|1785613805
|teamsize|p1|4
|teamsize|p2|4
|start
|switch|p1a: Milotic|Milotic, L50, M|100/100
|switch|p1b: Gholdengo|Gholdengo, L50|100/100
|switch|p2a: Gholdengo|Gholdengo, L50|100/100
|switch|p2b: Sinistcha|Sinistcha, L50|100/100
|turn|1
|inactive|Battle timer is ON: inactive players will automatically lose when time's up. (requested by AbadanRiyi92)
|
|t:|1785613847
|move|p1b: Gholdengo|Protect|p1b: Gholdengo
|-singleturn|p1b: Gholdengo|Protect
|move|p2a: Gholdengo|Nasty Plot|p2a: Gholdengo
|-boost|p2a: Gholdengo|spa|2
|move|p1a: Milotic|Icy Wind|p2a: Gholdengo|[spread] p2a,p2b
|-resisted|p2a: Gholdengo|1
|-crit|p2a: Gholdengo
|-supereffective|p2b: Sinistcha|1
|-damage|p2a: Gholdengo|93/100
|-damage|p2b: Sinistcha|79/100
|-unboost|p2a: Gholdengo|spe|1
|-unboost|p2b: Sinistcha|spe|1
|move|p2b: Sinistcha|Matcha Gotcha|p1b: Gholdengo|[spread] p1a
|-activate|p1b: Gholdengo|move: Protect
|-supereffective|p1a: Milotic|1
|-damage|p1a: Milotic|65/100
|-heal|p2b: Sinistcha|98/100|[from] drain|[of] p1a: Milotic
|
|upkeep
|turn|2
|
|t:|1785613869
|move|p2b: Sinistcha|Rage Powder|p2b: Sinistcha
|-singleturn|p2b: Sinistcha|move: Rage Powder
|move|p1b: Gholdengo|Shadow Ball|p2b: Sinistcha
|-supereffective|p2b: Sinistcha|1
|-damage|p2b: Sinistcha|0 fnt
|faint|p2b: Sinistcha
|-damage|p1b: Gholdengo|90/100|[from] item: Life Orb
|move|p1a: Milotic|Scald|p2a: Gholdengo
|-damage|p2a: Gholdengo|69/100
|move|p2a: Gholdengo|Shadow Ball|p1b: Gholdengo
|-supereffective|p1b: Gholdengo|1
|-damage|p1b: Gholdengo|0 fnt
|faint|p1b: Gholdengo
|-damage|p2a: Gholdengo|60/100|[from] item: Life Orb
|
|upkeep
|
|t:|1785613892
|switch|p1b: Tyranitar|Tyranitar, L50, F|100/100
|switch|p2b: Tyranitar|Tyranitar, L50, F|100/100
|-weather|Sandstorm|[from] ability: Sand Stream|[of] p1b: Tyranitar
|turn|3
|inactive|AbadanRiyi92 has 30 seconds left.
|inactive|AbadanRiyi92 has 20 seconds left.
|
|t:|1785613927
|detailschange|p2b: Tyranitar|Tyranitar-Mega, L50, F
|-mega|p2b: Tyranitar|Tyranitar|Tyranitarite
|detailschange|p1b: Tyranitar|Tyranitar-Mega, L50, F
|-mega|p1b: Tyranitar|Tyranitar|Tyranitarite
|move|p1b: Tyranitar|Knock Off|p2a: Gholdengo
|-supereffective|p2a: Gholdengo|1
|-damage|p2a: Gholdengo|0 fnt
|-enditem|p2a: Gholdengo|Life Orb|[from] move: Knock Off|[of] p1b: Tyranitar
|faint|p2a: Gholdengo
|move|p2b: Tyranitar|Knock Off|p1a: Milotic
|-damage|p1a: Milotic|16/100
|-enditem|p1a: Milotic|Sitrus Berry|[from] move: Knock Off|[of] p2b: Tyranitar
|move|p1a: Milotic|Scald|p2b: Tyranitar
|-supereffective|p2b: Tyranitar|1
|-damage|p2b: Tyranitar|70/100
|-status|p2b: Tyranitar|brn
|
|-weather|Sandstorm|[upkeep]
|-damage|p1a: Milotic|10/100|[from] Sandstorm
|-damage|p2b: Tyranitar|64/100 brn|[from] brn
|upkeep
|
|t:|1785613943
|switch|p2a: Excadrill|Excadrill, L50, F|100/100
|turn|4
|inactive|ban1106 has 30 seconds left.
|inactive|ban1106 has 20 seconds left.
|inactive|ban1106 has 15 seconds left.
|inactive|ban1106 has 10 seconds left.
|inactive|ban1106 has 5 seconds left.
|
|t:|1785613996
|move|p2a: Excadrill|Iron Head|p1b: Tyranitar
|-supereffective|p1b: Tyranitar|1
|-damage|p1b: Tyranitar|34/100
|move|p2b: Tyranitar|Rock Slide|p1a: Milotic|[spread] p1a
|-miss|p2b: Tyranitar|p1b: Tyranitar
|-damage|p1a: Milotic|0 fnt
|faint|p1a: Milotic
|move|p1b: Tyranitar|High Horsepower|p2a: Excadrill
|-supereffective|p2a: Excadrill|1
|-enditem|p2a: Excadrill|Focus Sash
|-damage|p2a: Excadrill|1/100
|
|-weather|Sandstorm|[upkeep]
|-damage|p2b: Tyranitar|58/100 brn|[from] brn
|upkeep
|
|t:|1785614011
|switch|p1a: Sinistcha|Sinistcha-Masterpiece, L50|100/100
|-heal|p1b: Tyranitar|59/100|[from] ability: Hospitality|[of] p1a: Sinistcha
|turn|5
|
|t:|1785614022
|move|p2a: Excadrill|Protect|p2a: Excadrill
|-singleturn|p2a: Excadrill|Protect
|move|p1b: Tyranitar|Protect|p1b: Tyranitar
|-singleturn|p1b: Tyranitar|Protect
|move|p2b: Tyranitar|Knock Off|p1a: Sinistcha
|-supereffective|p1a: Sinistcha|1
|-enditem|p1a: Sinistcha|Colbur Berry|[eat]
|-enditem|p1a: Sinistcha|Colbur Berry|[weaken]
|-damage|p1a: Sinistcha|79/100
|move|p1a: Sinistcha|Matcha Gotcha|p2a: Excadrill|[spread] p2b
|-activate|p2a: Excadrill|move: Protect
|-supereffective|p2b: Tyranitar|1
|-damage|p2b: Tyranitar|30/100 brn
|-heal|p1a: Sinistcha|94/100|[from] drain|[of] p2b: Tyranitar
|
|-weather|Sandstorm|[upkeep]
|-damage|p1a: Sinistcha|89/100|[from] Sandstorm
|-damage|p2b: Tyranitar|23/100 brn|[from] brn
|upkeep
|turn|6
|inactive|ban1106 has 30 seconds left.
|
|t:|1785614050
|move|p1a: Sinistcha|Rage Powder|p1a: Sinistcha
|-singleturn|p1a: Sinistcha|move: Rage Powder
|move|p2a: Excadrill|Rock Slide|p1a: Sinistcha|[spread] p1a,p1b
|-damage|p1a: Sinistcha|73/100
|-damage|p1b: Tyranitar|43/100
|move|p2b: Tyranitar|Rock Slide|p1a: Sinistcha|[spread] p1a,p1b
|-damage|p1a: Sinistcha|61/100
|-damage|p1b: Tyranitar|33/100
|move|p1b: Tyranitar|Rock Slide|p2b: Tyranitar|[spread] p2a,p2b
|-resisted|p2a: Excadrill|2
|-damage|p2a: Excadrill|0 fnt
|-damage|p2b: Tyranitar|1/100 brn
|faint|p2a: Excadrill
|
|-weather|Sandstorm|[upkeep]
|-damage|p1a: Sinistcha|55/100|[from] Sandstorm
|-damage|p2b: Tyranitar|0 fnt|[from] brn
|faint|p2b: Tyranitar
|
|win|ban1106
|inactive|ban1106 has 30 seconds to confirm battle start!
|inactive|AbadanRiyi92 has 30 seconds to confirm battle start!
||AbadanRiyi92 is ready for game 2.
