|j|Ōśågengarisgoated0094
|j|ŌśåRyushinYuki
|html|gengarisgoated0094RyushinYuki    
|uhtml|bestof|Game 1 of a best-of-3
|t:|1785516402
|gametype|doubles
|player|p1|gengarisgoated0094|psychic|
|player|p2|RyushinYuki|concordia|
|gen|9
|tier|[Gen 9 Champions] VGC 2026 Reg M-B (Bo3)
|rule|Species Clause: Limit one of each Pok├®mon
|rule|Item Clause: Limit 1 of each item
|clearpoke
|poke|p1|Gengar, L50, M, shiny|
|poke|p1|Venusaur, L50, F, shiny|
|poke|p1|Alcremie, L50, F, shiny|
|poke|p1|Typhlosion-Hisui, L50, F|
|poke|p1|Volcarona, L50, M|
|poke|p1|Lopunny, L50, F|
|poke|p2|Rotom-Wash, L50|
|poke|p2|Gallade, L50, M|
|poke|p2|Meganium, L50, M|
|poke|p2|Volcarona, L50, F|
|poke|p2|Corviknight, L50, M|
|poke|p2|Dragapult, L50, M|
|teampreview|4
|showteam|p1|Gengar||Gengarite|CursedBody|PerishSong,Protect,Substitute,ShadowBall|Timid||M|||50|]Venusaur||Venusaurite|Chlorophyll|Protect,EarthPower,GigaDrain,SludgeBomb|Modest||F|||50|]Alcremie||BabiriBerry|SweetVeil|Decorate,Encore,Endeavor,Protect|Bold||F|||50|]Typhlosion-Hisui||ChoiceScarf|Blaze|Eruption,ShadowBall,Overheat,FocusBlast|Modest||F|||50|]Volcarona||FocusSash|FlameBody|QuiverDance,HeatWave,GigaDrain,Protect|Modest||M|||50|]Lopunny||Lopunnite|CuteCharm|FakeOut,Uturn,Protect,CloseCombat|Jolly||F|||50|
|showteam|p2|Rotom-Wash||ChoiceScarf|Levitate|Electroweb,Thunderbolt,Trick,HydroPump|Timid|||||50|]Gallade||LifeOrb|Sharpness|SacredSword,PsychoCut,NightSlash,WideGuard|Jolly||M|||50|]Meganium||Meganiumite|Overgrow|SolarBeam,DazzlingGleam,WeatherBall,Protect|Timid||M|||50|]Volcarona||SitrusBerry|FlameBody|FieryDance,Protect,RagePowder,StruggleBug|Bold||F|||50|]Corviknight||Leftovers|Pressure|BraveBird,BulkUp,BodyPress,Tailwind|Adamant||M|||50|]Dragapult||FocusSash|Infiltrator|PhantomForce,DragonDarts,ThunderWave,Protect|Jolly||M|||50|
|inactive|Battle timer is ON: inactive players will automatically lose when time's up. (requested by gengarisgoated0094)
|inactive|gengarisgoated0094 has 60 seconds left.
|inactive|RyushinYuki has 60 seconds left.
|
|t:|1785516441
|teamsize|p1|4
|teamsize|p2|4
|start
|switch|p1a: Typhlosion|Typhlosion-Hisui, L50, F|100/100
|switch|p1b: Lopunny|Lopunny, L50, F|100/100
|switch|p2a: Dragapult|Dragapult, L50, M|100/100
|switch|p2b: Rotom|Rotom-Wash, L50|100/100
|turn|1
|inactive|gengarisgoated0094 has 30 seconds left.
|inactive|RyushinYuki has 30 seconds left.
|
|t:|1785516471
|move|p2a: Dragapult|Protect|p2a: Dragapult
|-singleturn|p2a: Dragapult|Protect
|move|p1b: Lopunny|Fake Out|p2b: Rotom
|-damage|p2b: Rotom|80/100
|cant|p2b: Rotom|flinch
|move|p1a: Typhlosion|Shadow Ball|p2a: Dragapult
|-activate|p2a: Dragapult|move: Protect
|
|upkeep
|turn|2
|inactive|gengarisgoated0094 has 30 seconds left.
|inactive|RyushinYuki has 30 seconds left.
|inactive|gengarisgoated0094 has 20 seconds left.
|
|t:|1785516507
|switch|p2a: Corviknight|Corviknight, L50, M|100/100
|-ability|p2a: Corviknight|Pressure
|move|p2b: Rotom|Hydro Pump|p1a: Typhlosion|[miss]
|-miss|p2b: Rotom|p1a: Typhlosion
|move|p1a: Typhlosion|Shadow Ball|p2a: Corviknight
|-damage|p2a: Corviknight|67/100
|move|p1b: Lopunny|U-turn|p2b: Rotom
|-damage|p2b: Rotom|57/100
|
|t:|1785516521
|switch|p1b: Volcarona|Volcarona, L50, M|100/100|[from] U-turn
|
|-heal|p2a: Corviknight|73/100|[from] item: Leftovers
|upkeep
|turn|3
|inactive|RyushinYuki has 30 seconds left.
|inactive|RyushinYuki has 20 seconds left.
|
|t:|1785516556
|switch|p2a: Dragapult|Dragapult, L50, M|100/100
|move|p2b: Rotom|Hydro Pump|p1a: Typhlosion
|-supereffective|p1a: Typhlosion|1
|-damage|p1a: Typhlosion|0 fnt
|faint|p1a: Typhlosion
|move|p1b: Volcarona|Quiver Dance|p1b: Volcarona
|-boost|p1b: Volcarona|spa|1
|-boost|p1b: Volcarona|spd|1
|-boost|p1b: Volcarona|spe|1
|
|upkeep
|
|t:|1785516566
|switch|p1a: Lopunny|Lopunny, L50, F|100/100
|turn|4
|
|t:|1785516590
|move|p1a: Lopunny|Fake Out|p2b: Rotom
|-damage|p2b: Rotom|38/100
|move|p1b: Volcarona|Giga Drain|p2b: Rotom
|-supereffective|p2b: Rotom|1
|-damage|p2b: Rotom|0 fnt
|faint|p2b: Rotom
|move|p2a: Dragapult|Thunder Wave|p1b: Volcarona
|-status|p1b: Volcarona|par
|
|upkeep
|
|t:|1785516601
|switch|p2b: Corviknight|Corviknight, L50, M|73/100
|-ability|p2b: Corviknight|Pressure
|turn|5
|c|Ōśågengarisgoated0094|plz no full para]
|inactive|RyushinYuki has 30 seconds left.
|inactive|RyushinYuki has 20 seconds left.
|inactive|RyushinYuki has 15 seconds left.
|c|Ōśågengarisgoated0094|plz speed
|inactive|RyushinYuki has 10 seconds left.
|c|Ōśågengarisgoated0094|i need this
|c|Ōśågengarisgoated0094|no full para
|inactive|RyushinYuki has 5 seconds left.
|
|t:|1785516656
|move|p1a: Lopunny|Protect|p1a: Lopunny
|-singleturn|p1a: Lopunny|Protect
|move|p2a: Dragapult|Phantom Force||[still]
|-prepare|p2a: Dragapult|Phantom Force
|move|p1b: Volcarona|Heat Wave|p2a: Dragapult|[spread] p2b
|-miss|p1b: Volcarona|p2a: Dragapult
|-supereffective|p2b: Corviknight|1
|-damage|p2b: Corviknight|0 fnt
|faint|p2b: Corviknight
|
|upkeep
|inactive|RyushinYuki has 30 seconds left.
|
|t:|1785516685
|switch|p2b: Gallade|Gallade, L50, M|100/100
|turn|6
|inactive|RyushinYuki has 30 seconds left.
|
|t:|1785516712
|move|p2a: Dragapult|Phantom Force|p1a: Lopunny|[from] lockedmove
|-immune|p1a: Lopunny
|move|p1a: Lopunny|U-turn|p2b: Gallade
|-damage|p2b: Gallade|72/100
|
|t:|1785516717
|switch|p1a: Venusaur|Venusaur, L50, F, shiny|100/100|[from] U-turn
|move|p2b: Gallade|Sacred Sword|p1b: Volcarona
|-resisted|p1b: Volcarona|1
|-damage|p1b: Volcarona|33/100 par
|-damage|p2b: Gallade|62/100|[from] item: Life Orb
|move|p1b: Volcarona|Heat Wave|p2b: Gallade|[spread] p2a,p2b
|-resisted|p2a: Dragapult|1
|-damage|p2a: Dragapult|58/100
|-damage|p2b: Gallade|4/100
|
|upkeep
|turn|7
|c|ŌśåRyushinYuki|well ggs
|c|ŌśåRyushinYuki|oh
|inactive|RyushinYuki has 30 seconds left.
|
|t:|1785516747
|detailschange|p1a: Venusaur|Venusaur-Mega, L50, F, shiny
|-mega|p1a: Venusaur|Venusaur|Venusaurite
|move|p2a: Dragapult|Dragon Darts|p1b: Volcarona
|-damage|p1b: Volcarona|0 fnt
|-anim|p2a: Dragapult|Dragon Darts|p1a: Venusaur
|-damage|p1a: Venusaur|79/100
|faint|p1b: Volcarona
|move|p2b: Gallade|Psycho Cut|p1a: Venusaur
|-supereffective|p1a: Venusaur|1
|-damage|p1a: Venusaur|0 fnt
|faint|p1a: Venusaur
|-damage|p2b: Gallade|0 fnt|[from] item: Life Orb
|faint|p2b: Gallade
|
|upkeep
|
|t:|1785516761
|switch|p1b: Lopunny|Lopunny, L50, F|100/100
|turn|8
|
|t:|1785516777
|move|p2a: Dragapult|Dragon Darts|p1b: Lopunny
|-damage|p1b: Lopunny|61/100
|-anim|p2a: Dragapult|Dragon Darts|p1b: Lopunny
|-damage|p1b: Lopunny|25/100
|move|p1b: Lopunny|U-turn|p2a: Dragapult
|-resisted|p2a: Dragapult|1
|-damage|p2a: Dragapult|46/100
|
|upkeep
|turn|9
|
|t:|1785516787
|move|p1b: Lopunny|Protect|p1b: Lopunny
|-singleturn|p1b: Lopunny|Protect
|move|p2a: Dragapult|Dragon Darts|p1b: Lopunny
|-activate|p1b: Lopunny|move: Protect
|
|upkeep
|turn|10
|
|t:|1785516796
|move|p2a: Dragapult|Dragon Darts|p1b: Lopunny
|-damage|p1b: Lopunny|0 fnt
|faint|p1b: Lopunny
|
|win|RyushinYuki
||RyushinYuki is ready for game 2.
||gengarisgoated0094 is ready for game 2.
|uhtml|next|Next: Game 2 of 3
|l|Ōśågengarisgoated0094
|player|p1|
