|j|☆testdigi
|j|☆Vulpisfoglia
|html|testdigiVulpisfoglia    
|uhtml|bestof|Game 2 of a best-of-3
|t:|1784908894
|gametype|doubles
|player|p1|testdigi|101|1151
|player|p2|Vulpisfoglia|gwynn|1191
|gen|9
|tier|[Gen 9 Champions] VGC 2026 Reg M-B (Bo3)
|rated|
|rule|Species Clause: Limit one of each Pokémon
|rule|Item Clause: Limit 1 of each item
|clearpoke
|poke|p1|Raichu, L50, F|
|poke|p1|Sinistcha, L50|
|poke|p1|Corviknight, L50, F|
|poke|p1|Sylveon, L50, F|
|poke|p1|Garchomp, L50, F|
|poke|p1|Tyranitar, L50, F|
|poke|p2|Venusaur, L50, M|
|poke|p2|Pelipper, L50, M|
|poke|p2|Swampert, L50, M|
|poke|p2|Sylveon, L50, M|
|poke|p2|Grimmsnarl, L50, M|
|poke|p2|Archaludon, L50, M|
|teampreview|4
|showteam|p1|Raichu||RaichuniteY|LightningRod|ZapCannon,FocusBlast,FakeOut,Protect|Timid||F|||50|]Sinistcha||KasibBerry|Hospitality|MatchaGotcha,ShadowBall,RagePowder,Protect|Modest|||||50|]Corviknight||OccaBerry|MirrorArmor|IronHead,BraveBird,Tailwind,Protect|Adamant||F|||50|]Sylveon||FairyFeather|Pixilate|HyperVoice,QuickAttack,Yawn,Detect|Modest||F|||50|]Garchomp||SitrusBerry|RoughSkin|DragonClaw,StompingTantrum,RockSlide,Protect|Adamant||F|||50|]Tyranitar||FocusSash|SandStream|RockSlide,KnockOff,Superpower,Protect|Adamant||F|||50|
|showteam|p2|Venusaur||Venusaurite|Chlorophyll|Protect,GigaDrain,EarthPower,SludgeBomb|Modest||M|||50|]Pelipper||SitrusBerry|Drizzle|Tailwind,WeatherBall,Hurricane,RainDance|Bold||M|||50|]Swampert||Swampertite|Torrent|WaveCrash,Protect,HighHorsepower,IcePunch|Adamant||M|||50|]Sylveon||FairyFeather|Pixilate|HyperVoice,HyperBeam,Protect,Yawn|Modest||M|||50|]Grimmsnarl||LightClay|Prankster|PartingShot,LightScreen,Reflect,FoulPlay|Careful||M|||50|]Archaludon||Leftovers|Stamina|ElectroShot,FlashCannon,Protect,DragonPulse|Calm||M|||50|
|
|t:|1784908934
|teamsize|p1|4
|teamsize|p2|4
|start
|switch|p1a: Sylveon|Sylveon, L50, F|100/100
|switch|p1b: Raichu|Raichu, L50, F|100/100
|switch|p2a: Grimmsnarl|Grimmsnarl, L50, M|100/100
|switch|p2b: Archaludon|Archaludon, L50, M|100/100
|turn|1
|
|t:|1784908949
|move|p1b: Raichu|Fake Out|p2a: Grimmsnarl
|-damage|p2a: Grimmsnarl|91/100
|cant|p2a: Grimmsnarl|flinch
|move|p2b: Archaludon|Flash Cannon|p1a: Sylveon
|-supereffective|p1a: Sylveon|1
|-crit|p1a: Sylveon
|-damage|p1a: Sylveon|16/100
|move|p1a: Sylveon|Yawn|p2a: Grimmsnarl
|-start|p2a: Grimmsnarl|move: Yawn|[of] p1a: Sylveon
|
|upkeep
|turn|2
|
|t:|1784908962
|detailschange|p1b: Raichu|Raichu-Mega-Y, L50, F
|-mega|p1b: Raichu|Raichu|Raichunite Y
|move|p2a: Grimmsnarl|Light Screen|p2a: Grimmsnarl
|-sidestart|p2: Vulpisfoglia|move: Light Screen
|move|p1b: Raichu|Focus Blast|p2b: Archaludon
|-supereffective|p2b: Archaludon|1
|-damage|p2b: Archaludon|50/100g
|-ability|p2b: Archaludon|Stamina|boost
|-boost|p2b: Archaludon|def|1
|move|p2b: Archaludon|Flash Cannon|p1a: Sylveon
|-supereffective|p1a: Sylveon|1
|-damage|p1a: Sylveon|0 fnt
|faint|p1a: Sylveon
|
|-heal|p2b: Archaludon|56/100|[from] item: Leftovers
|-end|p2a: Grimmsnarl|move: Yawn|[silent]
|-status|p2a: Grimmsnarl|slp
|upkeep
|
|t:|1784908967
|switch|p1a: Corviknight|Corviknight, L50, F|100/100
|turn|3
|
|t:|1784908981
|move|p2b: Archaludon|Protect|p2b: Archaludon
|-singleturn|p2b: Archaludon|Protect
|move|p1a: Corviknight|Protect|p1a: Corviknight
|-singleturn|p1a: Corviknight|Protect
|cant|p2a: Grimmsnarl|slp
|move|p1b: Raichu|Zap Cannon|p2b: Archaludon
|-activate|p2b: Archaludon|move: Protect
|
|-heal|p2b: Archaludon|62/100|[from] item: Leftovers
|upkeep
|turn|4
|
|t:|1784908994
|switch|p2a: Pelipper|Pelipper, L50, M|100/100
|-weather|RainDance|[from] ability: Drizzle|[of] p2a: Pelipper
|move|p1b: Raichu|Zap Cannon|p2b: Archaludon
|-resisted|p2b: Archaludon|1
|-damage|p2b: Archaludon|44/100
|-status|p2b: Archaludon|par
|-ability|p2b: Archaludon|Stamina|boost
|-boost|p2b: Archaludon|def|1
|move|p1a: Corviknight|Iron Head|p2a: Pelipper
|-resisted|p2a: Pelipper|1
|-damage|p2a: Pelipper|83/100
|move|p2b: Archaludon|Electro Shot||[still]
|-prepare|p2b: Archaludon|Electro Shot
|-boost|p2b: Archaludon|spa|1
|-anim|p2b: Archaludon|Electro Shot|p1a: Corviknight
|-supereffective|p1a: Corviknight|1
|-crit|p1a: Corviknight
|-damage|p1a: Corviknight|0 fnt
|faint|p1a: Corviknight
|
|-weather|RainDance|[upkeep]
|-heal|p2b: Archaludon|50/100g par|[from] item: Leftovers
|upkeep
|
|t:|1784908997
|switch|p1a: Tyranitar|Tyranitar, L50, F|100/100
|-weather|Sandstorm|[from] ability: Sand Stream|[of] p1a: Tyranitar
|turn|5
|
|t:|1784909016
|switch|p2a: Grimmsnarl|Grimmsnarl, L50, M|91/100 slp
|move|p2b: Archaludon|Protect|p2b: Archaludon
|-singleturn|p2b: Archaludon|Protect
|move|p1b: Raichu|Zap Cannon|p2a: Grimmsnarl
|-damage|p2a: Grimmsnarl|56/100 slp
|move|p1a: Tyranitar|Knock Off|p2b: Archaludon
|-activate|p2b: Archaludon|move: Protect
|
|-weather|Sandstorm|[upkeep]
|-damage|p1b: Raichu|93/100|[from] Sandstorm
|-damage|p2a: Grimmsnarl|50/100g slp|[from] Sandstorm
|-heal|p2b: Archaludon|56/100 par|[from] item: Leftovers
|upkeep
|turn|6
|
|t:|1784909033
|cant|p2a: Grimmsnarl|slp
|move|p1b: Raichu|Focus Blast|p2b: Archaludon
|-supereffective|p2b: Archaludon|1
|-damage|p2b: Archaludon|4/100 par
|-unboost|p2b: Archaludon|spd|1
|-ability|p2b: Archaludon|Stamina|boost
|-boost|p2b: Archaludon|def|1
|move|p1a: Tyranitar|Superpower|p2b: Archaludon
|-supereffective|p2b: Archaludon|1
|-damage|p2b: Archaludon|0 fnt
|-unboost|p1a: Tyranitar|atk|1
|-unboost|p1a: Tyranitar|def|1
|faint|p2b: Archaludon
|
|-weather|Sandstorm|[upkeep]
|-damage|p1b: Raichu|87/100|[from] Sandstorm
|-damage|p2a: Grimmsnarl|44/100 slp|[from] Sandstorm
|upkeep
|
|t:|1784909043
|switch|p2b: Pelipper|Pelipper, L50, M|83/100
|-weather|RainDance|[from] ability: Drizzle|[of] p2b: Pelipper
|turn|7
|
|t:|1784909053
|-curestatus|p2a: Grimmsnarl|slp|[msg]
|move|p2a: Grimmsnarl|Parting Shot|p1b: Raichu
|-unboost|p1b: Raichu|atk|1
|-unboost|p1b: Raichu|spa|1
|
|t:|1784909057
|switch|p2a: Venusaur|Venusaur, L50, M|100/100|[from] Parting Shot
|move|p1b: Raichu|Zap Cannon|p2b: Pelipper
|-supereffective|p2b: Pelipper|2
|-damage|p2b: Pelipper|0 fnt
|faint|p2b: Pelipper
|move|p1a: Tyranitar|Rock Slide|p2a: Venusaur
|-damage|p2a: Venusaur|70/100
|
|-weather|RainDance|[upkeep]
|upkeep
|
|t:|1784909062
|switch|p2b: Grimmsnarl|Grimmsnarl, L50, M|44/100
|turn|8
|
|t:|1784909072
|detailschange|p2a: Venusaur|Venusaur-Mega, L50, M
|-mega|p2a: Venusaur|Venusaur|Venusaurite
|move|p2b: Grimmsnarl|Parting Shot|p1b: Raichu
|-unboost|p1b: Raichu|atk|1
|-unboost|p1b: Raichu|spa|1
|move|p1b: Raichu|Zap Cannon|p2a: Venusaur
|-resisted|p2a: Venusaur|1
|-damage|p2a: Venusaur|62/100
|-status|p2a: Venusaur|par
|move|p1a: Tyranitar|Rock Slide|p2a: Venusaur|[spread] p2a,p2b
|-damage|p2a: Venusaur|46/100 par
|-damage|p2b: Grimmsnarl|20/100r
|cant|p2a: Venusaur|flinch
|
|-weather|RainDance|[upkeep]
|upkeep
|turn|9
|
|t:|1784909087
|move|p2b: Grimmsnarl|Reflect|p2b: Grimmsnarl
|-sidestart|p2: Vulpisfoglia|Reflect
|move|p1b: Raichu|Zap Cannon|p2a: Venusaur
|-resisted|p2a: Venusaur|1
|-damage|p2a: Venusaur|38/100 par
|move|p1a: Tyranitar|Rock Slide|p2a: Venusaur|[spread] p2a,p2b
|-damage|p2a: Venusaur|26/100 par
|-damage|p2b: Grimmsnarl|6/100
|move|p2a: Venusaur|Giga Drain|p1a: Tyranitar
|-supereffective|p1a: Tyranitar|1
|-damage|p1a: Tyranitar|26/100
|-heal|p2a: Venusaur|61/100 par|[from] drain|[of] p1a: Tyranitar
|
|-weather|RainDance|[upkeep]
|-sideend|p2: Vulpisfoglia|move: Light Screen
|upkeep
|turn|10
|
|t:|1784909104
|move|p2b: Grimmsnarl|Parting Shot|p1b: Raichu
|-unboost|p1b: Raichu|atk|1
|-unboost|p1b: Raichu|spa|1
|move|p1b: Raichu|Zap Cannon|p2b: Grimmsnarl
|-damage|p2b: Grimmsnarl|0 fnt
|faint|p2b: Grimmsnarl
|move|p1a: Tyranitar|Knock Off|p2a: Venusaur
|-damage|p2a: Venusaur|48/100 par
|move|p2a: Venusaur|Giga Drain|p1a: Tyranitar
|-supereffective|p1a: Tyranitar|1
|-damage|p1a: Tyranitar|0 fnt
|-heal|p2a: Venusaur|61/100 par|[from] drain|[of] p1a: Tyranitar
|faint|p1a: Tyranitar
|
|-weather|RainDance|[upkeep]
|upkeep
|turn|11
|-message|testdigi forfeited.
|
|win|Vulpisfoglia
