|j|☆eldannyboy510
|j|☆mil0battles
|html|eldannyboy510mil0battles    
|uhtml|bestof|Game 3 of a best-of-3
|t:|1756852927
|gametype|doubles
|player|p1|eldannyboy510|red|1051
|player|p2|mil0battles|pokemonranger-gen4|1107
|gen|9
|tier|[Gen 9] VGC 2025 Reg H (Bo3)
|rated|
|rule|Species Clause: Limit one of each Pokémon
|rule|Item Clause: Limit 1 of each item
|clearpoke
|poke|p1|Vivillon-Pokeball, L50, M|
|poke|p1|Gholdengo, L50|
|poke|p1|Garchomp, L50, M|
|poke|p1|Talonflame, L50, M|
|poke|p1|Ninetales-Alola, L50, F|
|poke|p1|Annihilape, L50, M|
|poke|p2|Ursaluna-Bloodmoon, L50, M|
|poke|p2|Gholdengo, L50|
|poke|p2|Dragonite, L50, M|
|poke|p2|Amoonguss, L50, F|
|poke|p2|Incineroar, L50, M|
|poke|p2|Primarina, L50, M|
|teampreview|4
|showteam|p1|Vivillon-Pokeball||FocusSash|CompoundEyes|RagePowder,SleepPowder,Hurricane,Protect|||M|||50|,,,,,Ghost]Gholdengo||IronPlate|GoodasGold|MakeItRain,NastyPlot,ShadowBall,Protect||||||50|,,,,,Steel]Garchomp||LifeOrb|RoughSkin|Earthquake,DragonClaw,StompingTantrum,Protect|||M|||50|,,,,,Steel]Talonflame||SharpBeak|GaleWings|DualWingbeat,Tailwind,WillOWisp,Protect|||M|||50|,,,,,Ghost]Ninetales-Alola||CovertCloak|SnowWarning|FreezeDry,Blizzard,AuroraVeil,Protect|||F|||50|,,,,,Ice]Annihilape||SafetyGoggles|Defiant|RageFist,DrainPunch,BulkUp,Protect|||M|||50|,,,,,Water
|showteam|p2|Ursaluna-Bloodmoon||AssaultVest|MindsEye|BloodMoon,EarthPower,VacuumWave,HyperVoice|||M|||50|,,,,,Water]Gholdengo||LifeOrb|GoodasGold|Protect,MakeItRain,ShadowBall,NastyPlot||||||50|,,,,,Water]Dragonite||LoadedDice|Multiscale|ScaleShot,Tailwind,Haze,Protect|||M|||50|,,,,,Fairy]Amoonguss||SitrusBerry|Regenerator|Spore,RagePowder,PollenPuff,Protect|||F|||50|,,,,,Water]Incineroar||SafetyGoggles|Intimidate|FakeOut,KnockOff,PartingShot,FlareBlitz|||M|||50|,,,,,Ghost]Primarina||ThroatSpray|LiquidVoice|HyperVoice,Moonblast,Haze,Protect|||M|||50|,,,,,Poison
|
|t:|1756852964
|teamsize|p1|4
|teamsize|p2|4
|start
|switch|p1a: Vivi|Vivillon-Pokeball, L50, M|100/100
|switch|p1b: Akuma|Annihilape, L50, M|100/100
|switch|p2a: Dragonite|Dragonite, L50, M|100/100
|switch|p2b: Gholdengo|Gholdengo, L50|100/100
|turn|1
|inactive|Battle timer is ON: inactive players will automatically lose when time's up. (requested by mil0battles)
|
|t:|1756852985
|-terastallize|p2b: Gholdengo|Water
|move|p1b: Akuma|Rage Fist|p2b: Gholdengo
|-damage|p2b: Gholdengo|79/100
|move|p1a: Vivi|Sleep Powder|p2a: Dragonite
|-status|p2a: Dragonite|slp|[from] move: Sleep Powder
|move|p2b: Gholdengo|Make It Rain|p1a: Vivi|[spread] p1a,p1b
|-enditem|p1a: Vivi|Focus Sash
|-damage|p1a: Vivi|1/100
|-damage|p1b: Akuma|48/100
|-unboost|p2b: Gholdengo|spa|1
|-damage|p2b: Gholdengo|69/100|[from] item: Life Orb
|cant|p2a: Dragonite|slp
|
|upkeep
|turn|2
|inactive|eldannyboy510 has 30 seconds left.
|inactive|mil0battles has 30 seconds left.
|
|t:|1756853014
|switch|p2a: Primarina|Primarina, L50, M|100/100
|move|p1b: Akuma|Rage Fist|p2b: Gholdengo
|-crit|p2b: Gholdengo
|-damage|p2b: Gholdengo|9/100
|move|p1a: Vivi|Hurricane|p2b: Gholdengo
|-damage|p2b: Gholdengo|0 fnt
|faint|p2b: Gholdengo
|
|upkeep
|
|t:|1756853024
|switch|p2b: Dragonite|Dragonite, L50, M|100/100 slp
|turn|3
|
|t:|1756853035
|move|p1b: Akuma|Rage Fist|p2b: Dragonite
|-damage|p2b: Dragonite|81/100 slp
|move|p1a: Vivi|Sleep Powder|p2a: Primarina
|-status|p2a: Primarina|slp|[from] move: Sleep Powder
|cant|p2b: Dragonite|slp
|cant|p2a: Primarina|slp
|
|upkeep
|turn|4
|
|t:|1756853060
|-terastallize|p1b: Akuma|Water
|move|p1b: Akuma|Rage Fist|p2b: Dragonite
|-damage|p2b: Dragonite|39/100 slp
|move|p1a: Vivi|Hurricane|p2b: Dragonite
|-damage|p2b: Dragonite|0 fnt
|faint|p2b: Dragonite
|cant|p2a: Primarina|slp
|
|upkeep
|
|t:|1756853071
|switch|p2b: Ursaluna|Ursaluna-Bloodmoon, L50, M|100/100
|turn|5
|
|t:|1756853081
|move|p2b: Ursaluna|Vacuum Wave|p1a: Vivi
|-resisted|p1a: Vivi
|-damage|p1a: Vivi|0 fnt
|faint|p1a: Vivi
|move|p1b: Akuma|Drain Punch|p2b: Ursaluna
|-supereffective|p2b: Ursaluna
|-damage|p2b: Ursaluna|56/100
|-heal|p1b: Akuma|70/100|[from] drain|[of] p2b: Ursaluna
|-curestatus|p2a: Primarina|slp|[msg]
|move|p2a: Primarina|Hyper Voice|p1b: Akuma
|-resisted|p1b: Akuma
|-damage|p1b: Akuma|50/100
|-enditem|p2a: Primarina|Throat Spray
|-boost|p2a: Primarina|spa|1|[from] item: Throat Spray
|
|upkeep
|
|t:|1756853095
|switch|p1a: Fubuki|Ninetales-Alola, L50, F|100/100
|-weather|Snowscape|[from] ability: Snow Warning|[of] p1a: Fubuki
|turn|6
|
|t:|1756853106
|move|p2b: Ursaluna|Vacuum Wave|p1b: Akuma
|-damage|p1b: Akuma|36/100
|move|p1a: Fubuki|Aurora Veil|p1a: Fubuki
|-sidestart|p1: eldannyboy510|move: Aurora Veil
|move|p1b: Akuma|Drain Punch|p2b: Ursaluna
|-supereffective|p2b: Ursaluna
|-damage|p2b: Ursaluna|15/100
|-heal|p1b: Akuma|56/100|[from] drain|[of] p2b: Ursaluna
|move|p2a: Primarina|Hyper Voice|p1b: Akuma|[spread] p1a,p1b
|-resisted|p1b: Akuma
|-damage|p1a: Fubuki|59/100
|-damage|p1b: Akuma|41/100
|
|-weather|Snowscape|[upkeep]
|upkeep
|turn|7
|
|t:|1756853122
|move|p1a: Fubuki|Freeze-Dry|p2a: Primarina
|-supereffective|p2a: Primarina
|-damage|p2a: Primarina|56/100
|-status|p2a: Primarina|frz
|move|p1b: Akuma|Drain Punch|p2b: Ursaluna
|-supereffective|p2b: Ursaluna
|-damage|p2b: Ursaluna|0 fnt
|-heal|p1b: Akuma|48/100|[from] drain|[of] p2b: Ursaluna
|faint|p2b: Ursaluna
|cant|p2a: Primarina|frz
|
|-weather|Snowscape|[upkeep]
|upkeep
|turn|8
|-message|mil0battles forfeited.
|
|win|eldannyboy510
|raw|eldannyboy510's rating: 1051 → 1089(+38 for winning)
|raw|mil0battles's rating: 1107 → 1078(-29 for losing)
