|j|☆Mortipherus
|j|☆panijc
|html|Mortipheruspanijc    
|uhtml|bestof|Game 2 of a best-of-3
|t:|1785615601
|gametype|doubles
|player|p1|Mortipherus|biker-gen4|1145
|player|p2|panijc|170|1227
|gen|9
|tier|[Gen 9 Champions] VGC 2026 Reg M-B (Bo3)
|rated|
|rule|Species Clause: Limit one of each Pokémon
|rule|Item Clause: Limit 1 of each item
|clearpoke
|poke|p1|Blastoise, L50, F|
|poke|p1|Talonflame, L50, M, shiny|
|poke|p1|Farigiraf, L50, F|
|poke|p1|Sinistcha, L50|
|poke|p1|Gardevoir, L50, M, shiny|
|poke|p1|Garchomp, L50, F, shiny|
|poke|p2|Raichu, L50, F|
|poke|p2|Mamoswine, L50, M|
|poke|p2|Sylveon, L50, M|
|poke|p2|Incineroar, L50, M|
|poke|p2|Basculegion, L50, M|
|poke|p2|Whimsicott, L50, M|
|teampreview|4
|showteam|p1|Blastoise||Blastoisinite|RainDish|Protect,WaterSpout,DarkPulse,IceBeam|Modest||F|||50|]Talonflame||LifeOrb|GaleWings|Protect,Tailwind,RainDance,DualWingbeat|Jolly||M|||50|]Farigiraf||ColburBerry|ArmorTail|Protect,TrickRoom,HelpingHand,TwinBeam|Bold||F|||50|]Sinistcha||SitrusBerry|Hospitality|TrickRoom,RagePowder,LifeDew,MatchaGotcha|Bold|||||50|]Gardevoir||Gardevoirite|Telepathy|Protect,CalmMind,HyperVoice,Psyshock|Modest||M|||50|]Garchomp||ChoiceScarf|RoughSkin|DragonClaw,StompingTantrum,IronHead,RockSlide|Adamant||F|||50|
|showteam|p2|Raichu||RaichuniteY|LightningRod|ZapCannon,FocusBlast,FakeOut,Protect|Timid||F|||50|]Mamoswine||LifeOrb|Oblivious|IcicleCrash,HighHorsepower,IceShard,Protect|Adamant||M|||50|]Sylveon||FairyFeather|Pixilate|HyperVoice,HyperBeam,Detect,Yawn|Modest||M|||50|]Incineroar||SitrusBerry|Intimidate|ThroatChop,FlareBlitz,FakeOut,PartingShot|Impish||M|||50|]Basculegion||MysticWater|Adaptability|WaveCrash,LastRespects,AquaJet,Protect|Adamant||M|||50|]Whimsicott||FocusSash|Prankster|Moonblast,Tailwind,Protect,Encore|Timid||M|||50|
|
|t:|1785615631
|teamsize|p1|4
|teamsize|p2|4
|start
|switch|p1a: Talonflame|Talonflame, L50, M, shiny|100/100
|switch|p1b: Gardevoir|Gardevoir, L50, M, shiny|100/100
|switch|p2a: Raichu|Raichu, L50, F|100/100
|switch|p2b: Whimsicott|Whimsicott, L50, M|100/100
|turn|1
|
|t:|1785615656
|switch|p1b: Farigiraf|Farigiraf, L50, F|100/100
|detailschange|p2a: Raichu|Raichu-Mega-Y, L50, F
|-mega|p2a: Raichu|Raichu|Raichunite Y
|move|p2a: Raichu|Fake Out||[still]
|cant|p1b: Farigiraf|ability: Armor Tail|Fake Out|[of] p2a: Raichu
|move|p1a: Talonflame|Dual Wingbeat|p2b: Whimsicott
|-supereffective|p2b: Whimsicott|1
|-damage|p2b: Whimsicott|40/100
|-supereffective|p2b: Whimsicott|1
|-damage|p2b: Whimsicott|0 fnt
|faint|p2b: Whimsicott
|-hitcount|p2: Whimsicott|2
|-damage|p1a: Talonflame|90/100|[from] item: Life Orb
|
|upkeep
|
|t:|1785615672
|switch|p2b: Basculegion|Basculegion, L50, M|100/100
|turn|2
|
|t:|1785615679
|switch|p1a: Garchomp|Garchomp, L50, F, shiny|100/100
|move|p2a: Raichu|Zap Cannon|p1b: Farigiraf
|-damage|p1b: Farigiraf|39/100
|-status|p1b: Farigiraf|par
|move|p2b: Basculegion|Wave Crash|p1b: Farigiraf
|-damage|p1b: Farigiraf|0 fnt
|faint|p1b: Farigiraf
|-damage|p2b: Basculegion|85/100|[from] Recoil
|
|upkeep
|
|t:|1785615697
|switch|p1b: Gardevoir|Gardevoir, L50, M, shiny|100/100
|turn|3
|inactive|Battle timer is ON: inactive players will automatically lose when time's up. (requested by panijc)
|
|t:|1785615753
|move|p1b: Gardevoir|Protect|p1b: Gardevoir
|-singleturn|p1b: Gardevoir|Protect
|move|p1a: Garchomp|Stomping Tantrum|p2a: Raichu
|-supereffective|p2a: Raichu|1
|-damage|p2a: Raichu|0 fnt
|faint|p2a: Raichu
|move|p2b: Basculegion|Last Respects|p1b: Gardevoir
|-activate|p1b: Gardevoir|move: Protect
|
|upkeep
|
|t:|1785615763
|switch|p2a: Mamoswine|Mamoswine, L50, M|100/100
|turn|4
|
|t:|1785615778
|switch|p1a: Talonflame|Talonflame, L50, M, shiny|90/100
|detailschange|p1b: Gardevoir|Gardevoir-Mega, L50, M, shiny
|-mega|p1b: Gardevoir|Gardevoir|Gardevoirite
|move|p2a: Mamoswine|Ice Shard|p1a: Talonflame
|-damage|p1a: Talonflame|41/100
|-damage|p2a: Mamoswine|90/100|[from] item: Life Orb
|move|p1b: Gardevoir|Hyper Voice|p2b: Basculegion|[spread] p2a,p2b
|-damage|p2a: Mamoswine|20/100y
|-damage|p2b: Basculegion|41/100
|move|p2b: Basculegion|Last Respects|p1b: Gardevoir
|-supereffective|p1b: Gardevoir|1
|-damage|p1b: Gardevoir|0 fnt
|faint|p1b: Gardevoir
|
|upkeep
|
|t:|1785615792
|switch|p1b: Garchomp|Garchomp, L50, F, shiny|100/100
|turn|5
|
|t:|1785615812
|move|p2a: Mamoswine|Ice Shard|p1b: Garchomp
|-supereffective|p1b: Garchomp|2
|-damage|p1b: Garchomp|0 fnt
|faint|p1b: Garchomp
|-damage|p2a: Mamoswine|11/100|[from] item: Life Orb
|move|p2b: Basculegion|Aqua Jet|p1a: Talonflame
|-supereffective|p1a: Talonflame|1
|-crit|p1a: Talonflame
|-damage|p1a: Talonflame|0 fnt
|faint|p1a: Talonflame
|
|win|panijc
||Mortipherus is ready for game 3.
||panijc is ready for game 3.
|uhtml|next|Next: Game 3 of 3
|l|☆Mortipherus
|player|p1|
