|j|☆Pledgen
|j|☆TheThunderstorm
|html|PledgenTheThunderstorm    
|uhtml|bestof|Game 3 of a best-of-3
|t:|1785870919
|gametype|doubles
|player|p1|Pledgen|266|1123
|player|p2|TheThunderstorm|2|1014
|gen|9
|tier|[Gen 9 Champions] VGC 2026 Reg M-B (Bo3)
|rated|
|rule|Species Clause: Limit one of each Pokémon
|rule|Item Clause: Limit 1 of each item
|clearpoke
|poke|p1|Gengar, L50, F|
|poke|p1|Incineroar, L50, F|
|poke|p1|Sneasler, L50, M|
|poke|p1|Garchomp, L50, M|
|poke|p1|Kingambit, L50, F|
|poke|p1|Floette-Eternal, L50, F|
|poke|p2|Kingambit, L50, M|
|poke|p2|Garchomp, L50, F|
|poke|p2|Aerodactyl, L50, M|
|poke|p2|Farigiraf, L50, F|
|poke|p2|Charizard, L50, F|
|poke|p2|Sylveon, L50, F|
|teampreview|4
|showteam|p1|Gengar||Gengarite|CursedBody|PerishSong,Disable,ShadowBall,Protect|Timid||F|||50|]Incineroar||ChopleBerry|Intimidate|FakeOut,FlareBlitz,DarkestLariat,PartingShot|Adamant||F|||50|]Sneasler||WhiteHerb|Unburden|Uturn,FakeOut,DireClaw,CloseCombat|Adamant||M|||50|]Garchomp||LifeOrb|RoughSkin|StompingTantrum,RockSlide,DragonClaw,Protect|Jolly||M|||50|]Kingambit||BlackGlasses|Defiant|KowtowCleave,SuckerPunch,IronHead,Protect|Adamant||F|||50|]Floette-Eternal||Floettite|FlowerVeil|DazzlingGleam,Moonblast,LightofRuin,Protect|Timid||F|||50|
|showteam|p2|Kingambit||FocusSash|Defiant|KowtowCleave,SuckerPunch,IronHead,Protect|Adamant||M|||50|]Garchomp||LifeOrb|RoughSkin|Earthquake,StompingTantrum,DragonClaw,Protect|Jolly||F|||50|]Aerodactyl||Aerodactylite|Unnerve|IceFang,Tailwind,RockSlide,DualWingbeat|Jolly||M|||50|]Farigiraf||SitrusBerry|ArmorTail|Thunderbolt,Psychic,TrickRoom,Protect|Bold||F|||50|]Charizard||CharizarditeY|Blaze|SolarBeam,HeatWave,WeatherBall,Protect|Modest||F|||50|]Sylveon||FairyFeather|Pixilate|HyperVoice,HyperBeam,QuickAttack,Protect|Modest||F|||50|
|inactive|Battle timer is ON: inactive players will automatically lose when time's up. (requested by Pledgen)
|inactive|TheThunderstorm has 60 seconds left.
|inactive|TheThunderstorm has 30 seconds left.
|
|t:|1785870993
|teamsize|p1|4
|teamsize|p2|4
|start
|switch|p1a: Garchomp|Garchomp, L50, M|100/100
|switch|p1b: Kingambit|Kingambit, L50, F|100/100
|switch|p2a: Farigiraf|Farigiraf, L50, F|100/100
|switch|p2b: Charizard|Charizard, L50, F|100/100
|turn|1
|inactive|TheThunderstorm has 30 seconds left.
|inactive|TheThunderstorm has 20 seconds left.
|inactive|TheThunderstorm has 15 seconds left.
|
|t:|1785871037
|switch|p1a: Floette|Floette-Eternal, L50, F|100/100
|switch|p2b: Sylveon|Sylveon, L50, F|100/100
|switch|p2a: Garchomp|Garchomp, L50, F|100/100
|move|p1b: Kingambit|Kowtow Cleave|p2a: Garchomp
|-damage|p2a: Garchomp|37/100
|-damage|p1b: Kingambit|87/100|[from] ability: Rough Skin|[of] p2a: Garchomp
|
|upkeep
|turn|2
|inactive|Pledgen has 30 seconds left.
|
|t:|1785871071
|detailschange|p1a: Floette|Floette-Mega, L50, F
|-mega|p1a: Floette|Floette|Floettite
|-ability|p1a: Floette|Fairy Aura
|move|p1b: Kingambit|Protect|p1b: Kingambit
|-singleturn|p1b: Kingambit|Protect
|move|p2a: Garchomp|Earthquake|p1a: Floette|[spread] p2b,p1a
|-activate|p1b: Kingambit|move: Protect
|-damage|p2b: Sylveon|37/100
|-damage|p1a: Floette|37/100
|-damage|p2a: Garchomp|28/100|[from] item: Life Orb
|move|p1a: Floette|Dazzling Gleam|p2b: Sylveon|[spread] p2a,p2b
|-supereffective|p2a: Garchomp|1
|-damage|p2a: Garchomp|0 fnt
|-damage|p2b: Sylveon|0 fnt
|faint|p2a: Garchomp
|faint|p2b: Sylveon
|
|upkeep
|
|t:|1785871089
|switch|p2a: Farigiraf|Farigiraf, L50, F|100/100
|switch|p2b: Charizard|Charizard, L50, F|100/100
|turn|3
|
|t:|1785871109
|detailschange|p2b: Charizard|Charizard-Mega-Y, L50, F
|-mega|p2b: Charizard|Charizard|Charizardite Y
|-weather|SunnyDay|[from] ability: Drought|[of] p2b: Charizard
|move|p2a: Farigiraf|Protect|p2a: Farigiraf
|-singleturn|p2a: Farigiraf|Protect
|move|p1b: Kingambit|Sucker Punch||[still]
|cant|p2a: Farigiraf|ability: Armor Tail|Sucker Punch|[of] p1b: Kingambit
|move|p1a: Floette|Light of Ruin|p2b: Charizard
|-resisted|p2b: Charizard|1
|-damage|p2b: Charizard|50/100g
|-damage|p1a: Floette|7/100|[from] Recoil
|move|p2b: Charizard|Heat Wave|p1b: Kingambit|[spread] p1a,p1b
|-supereffective|p1b: Kingambit|1
|-damage|p1a: Floette|0 fnt
|-damage|p1b: Kingambit|0 fnt
|faint|p1a: Floette
|faint|p1b: Kingambit
|
|-weather|SunnyDay|[upkeep]
|upkeep
|
|t:|1785871118
|switch|p1a: Garchomp|Garchomp, L50, M|100/100
|switch|p1b: Sneasler|Sneasler, L50, M|100/100
|turn|4
|inactive|Pledgen has 30 seconds left.
|inactive|TheThunderstorm has 30 seconds left.
|inactive|Pledgen has 20 seconds left.
|inactive|TheThunderstorm has 20 seconds left.
|
|t:|1785871157
|move|p2a: Farigiraf|Protect||[still]
|-fail|p2a: Farigiraf
|move|p1b: Sneasler|Close Combat|p2a: Farigiraf
|-damage|p2a: Farigiraf|42/100
|-unboost|p1b: Sneasler|def|1
|-unboost|p1b: Sneasler|spd|1
|-enditem|p2a: Farigiraf|Sitrus Berry|[eat]
|-heal|p2a: Farigiraf|67/100|[from] item: Sitrus Berry
|-enditem|p1b: Sneasler|White Herb
|-clearnegativeboost|p1b: Sneasler|[silent]
|move|p1a: Garchomp|Stomping Tantrum|p2a: Farigiraf
|-damage|p2a: Farigiraf|26/100
|-damage|p1a: Garchomp|90/100|[from] item: Life Orb
|move|p2b: Charizard|Weather Ball|p1b: Sneasler
|-damage|p1b: Sneasler|0 fnt
|faint|p1b: Sneasler
|
|-weather|SunnyDay|[upkeep]
|upkeep
|turn|5
|inactive|TheThunderstorm has 30 seconds left.
|
|t:|1785871187
|move|p2b: Charizard|Protect|p2b: Charizard
|-singleturn|p2b: Charizard|Protect
|move|p1a: Garchomp|Rock Slide|p2a: Farigiraf|[spread] p2a
|-activate|p2b: Charizard|move: Protect
|-damage|p2a: Farigiraf|4/100
|-damage|p1a: Garchomp|80/100|[from] item: Life Orb
|move|p2a: Farigiraf|Trick Room|p2a: Farigiraf
|-fieldstart|move: Trick Room|[of] p2a: Farigiraf
|
|-weather|SunnyDay|[upkeep]
|upkeep
|turn|6
|
|t:|1785871204
|move|p2a: Farigiraf|Psychic|p1a: Garchomp
|-damage|p1a: Garchomp|41/100
|-unboost|p1a: Garchomp|spd|1
|move|p2b: Charizard|Solar Beam||[still]
|-prepare|p2b: Charizard|Solar Beam
|-anim|p2b: Charizard|Solar Beam|p1a: Garchomp
|-damage|p1a: Garchomp|0 fnt
|faint|p1a: Garchomp
|
|win|TheThunderstorm
|raw|Pledgen's rating: 1123 → 1090(-33 for losing)
|raw|TheThunderstorm's rating: 1014 → 1063(+49 for winning)
