|j|☆abadanriyi92
|j|☆ImAtWorkVGC
|html|abadanriyi92ImAtWorkVGC    
|uhtml|bestof|Game 2 of a best-of-3
|t:|1786039591
|gametype|doubles
|player|p1|abadanriyi92|colress|1247
|player|p2|ImAtWorkVGC|102|1211
|gen|9
|tier|[Gen 9 Champions] VGC 2026 Reg M-B (Bo3)
|rated|
|rule|Species Clause: Limit one of each Pokémon
|rule|Item Clause: Limit 1 of each item
|clearpoke
|poke|p1|Charizard, L50, M|
|poke|p1|Floette-Eternal, L50, F|
|poke|p1|Basculegion, L50, M|
|poke|p1|Garchomp, L50, M|
|poke|p1|Kingambit, L50, F|
|poke|p1|Whimsicott, L50, M|
|poke|p2|Ceruledge, L50, M|
|poke|p2|Raichu, L50, M, shiny|
|poke|p2|Kingambit, L50, F|
|poke|p2|Clefable, L50, F, shiny|
|poke|p2|Ninetales-Alola, L50, M|
|poke|p2|Gyarados, L50, M|
|teampreview|4
|showteam|p1|Charizard||CharizarditeY|Blaze|HeatWave,SolarBeam,WeatherBall,Protect|Modest||M|||50|]Floette-Eternal||Floettite|FlowerVeil|Moonblast,DazzlingGleam,LightofRuin,Protect|Timid||F|||50|]Basculegion||LifeOrb|Adaptability|WaveCrash,AquaJet,LastRespects,Protect|Adamant||M|||50|]Garchomp||SitrusBerry|RoughSkin|Earthquake,RockSlide,Protect,DragonClaw|Adamant||M|||50|]Kingambit||ChopleBerry|Defiant|KowtowCleave,IronHead,SuckerPunch,LowKick|Adamant||F|||50|]Whimsicott||FocusSash|Prankster|Moonblast,Tailwind,Encore,Protect|Timid||M|||50|
|showteam|p2|Ceruledge||Leftovers|FlashFire|Protect,BitterBlade,ShadowSneak,BulkUp|Adamant||M|||50|]Raichu||RaichuniteY|LightningRod|Protect,FakeOut,ZapCannon,FocusBlast|Timid||M|||50|]Kingambit||FocusSash|Defiant|Protect,KowtowCleave,SuckerPunch,IronHead|Adamant||F|||50|]Clefable||KebiaBerry|Unaware|FollowMe,Moonblast,HelpingHand,Protect|Bold||F|||50|]Ninetales-Alola||NeverMeltIce|SnowWarning|Blizzard,FreezeDry,AuroraVeil,Protect|Timid||M|||50|]Gyarados||SitrusBerry|Intimidate|Protect,Waterfall,PowerWhip,DragonDance|Adamant||M|||50|
|
|t:|1786039625
|teamsize|p1|4
|teamsize|p2|4
|start
|switch|p1a: Whimsicott|Whimsicott, L50, M|100/100
|switch|p1b: Kingambit|Kingambit, L50, F|100/100
|switch|p2a: Ninetales|Ninetales-Alola, L50, M|100/100
|switch|p2b: Raichu|Raichu, L50, M, shiny|100/100
|-weather|Snowscape|[from] ability: Snow Warning|[of] p2a: Ninetales
|turn|1
|
|t:|1786039653
|detailschange|p2b: Raichu|Raichu-Mega-Y, L50, M, shiny
|-mega|p2b: Raichu|Raichu|Raichunite Y
|move|p2b: Raichu|Fake Out|p1b: Kingambit
|-resisted|p1b: Kingambit|1
|-crit|p1b: Kingambit
|-damage|p1b: Kingambit|94/100
|move|p1a: Whimsicott|Tailwind|p1a: Whimsicott
|-sidestart|p1: abadanriyi92|move: Tailwind
|move|p2a: Ninetales|Blizzard|p1b: Kingambit|[spread] p1a,p1b
|-supereffective|p1a: Whimsicott|1
|-resisted|p1b: Kingambit|1
|-enditem|p1a: Whimsicott|Focus Sash
|-damage|p1a: Whimsicott|1/100
|-damage|p1b: Kingambit|75/100
|cant|p1b: Kingambit|flinch
|
|-weather|Snowscape|[upkeep]
|upkeep
|turn|2
|
|t:|1786039674
|switch|p2b: Kingambit|Kingambit, L50, F|100/100
|switch|p2a: Ceruledge|Ceruledge, L50, M|100/100
|move|p1a: Whimsicott|Encore|p2b: Kingambit
|-hint|Since gen 7, Dark is immune to Prankster moves.
|-immune|p2b: Kingambit
|move|p1b: Kingambit|Iron Head|p2a: Ceruledge
|-resisted|p2a: Ceruledge|1
|-damage|p2a: Ceruledge|78/100
|
|-weather|Snowscape|[upkeep]
|-heal|p2a: Ceruledge|84/100|[from] item: Leftovers
|upkeep
|turn|3
|
|t:|1786039714
|switch|p1a: Garchomp|Garchomp, L50, M|100/100
|move|p2b: Kingambit|Sucker Punch||[still]
|-fail|p2b: Kingambit
|move|p1b: Kingambit|Kowtow Cleave|p2a: Ceruledge
|-supereffective|p2a: Ceruledge|1
|-damage|p2a: Ceruledge|0 fnt
|faint|p2a: Ceruledge
|
|-weather|Snowscape|[upkeep]
|upkeep
|
|t:|1786039722
|switch|p2a: Raichu|Raichu-Mega-Y, L50, M, shiny|100/100
|turn|4
|
|t:|1786039742
|switch|p1b: Charizard|Charizard, L50, M|100/100
|switch|p2b: Ninetales|Ninetales-Alola, L50, M|100/100
|move|p2a: Raichu|Protect|p2a: Raichu
|-singleturn|p2a: Raichu|Protect
|move|p1a: Garchomp|Earthquake|p2b: Ninetales|[spread] p2b
|-activate|p2a: Raichu|move: Protect
|-immune|p1b: Charizard
|-damage|p2b: Ninetales|60/100
|
|-weather|Snowscape|[upkeep]
|-sideend|p1: abadanriyi92|move: Tailwind
|upkeep
|turn|5
|
|t:|1786039802
|detailschange|p1b: Charizard|Charizard-Mega-Y, L50, M
|-mega|p1b: Charizard|Charizard|Charizardite Y
|-weather|SunnyDay|[from] ability: Drought|[of] p1b: Charizard
|move|p1a: Garchomp|Protect|p1a: Garchomp
|-singleturn|p1a: Garchomp|Protect
|move|p2a: Raichu|Zap Cannon|p1b: Charizard
|-supereffective|p1b: Charizard|1
|-damage|p1b: Charizard|0 fnt
|faint|p1b: Charizard
|move|p2b: Ninetales|Freeze-Dry|p1a: Garchomp
|-activate|p1a: Garchomp|move: Protect
|
|-weather|SunnyDay|[upkeep]
|upkeep
|
|t:|1786039813
|switch|p1b: Whimsicott|Whimsicott, L50, M|1/100
|turn|6
|
|t:|1786039838
|switch|p1a: Kingambit|Kingambit, L50, F|75/100
|move|p2b: Ninetales|Protect|p2b: Ninetales
|-singleturn|p2b: Ninetales|Protect
|move|p1b: Whimsicott|Tailwind|p1b: Whimsicott
|-sidestart|p1: abadanriyi92|move: Tailwind
|move|p2a: Raichu|Focus Blast|p1a: Kingambit
|-supereffective|p1a: Kingambit|2
|-enditem|p1a: Kingambit|Chople Berry|[eat]
|-enditem|p1a: Kingambit|Chople Berry|[weaken]
|-damage|p1a: Kingambit|0 fnt
|faint|p1a: Kingambit
|
|-weather|SunnyDay|[upkeep]
|upkeep
|
|t:|1786039849
|switch|p1a: Garchomp|Garchomp, L50, M|100/100
|turn|7
|
|t:|1786039869
|move|p1b: Whimsicott|Moonblast|p2a: Raichu
|-damage|p2a: Raichu|50/100g
|move|p1a: Garchomp|Rock Slide|p2b: Ninetales|[spread] p2a
|-miss|p1a: Garchomp|p2b: Ninetales
|-damage|p2a: Raichu|15/100
|move|p2a: Raichu|Focus Blast|p1a: Garchomp
|-damage|p1a: Garchomp|56/100
|move|p2b: Ninetales|Freeze-Dry|p1a: Garchomp
|-supereffective|p1a: Garchomp|2
|-damage|p1a: Garchomp|0 fnt
|faint|p1a: Garchomp
|
|-weather|SunnyDay|[upkeep]
|upkeep
|turn|8
|c|☆abadanriyi92|that miss
|c|☆abadanriyi92|ggs
|
|t:|1786039885
|move|p1b: Whimsicott|Moonblast|p2b: Ninetales
|-damage|p2b: Ninetales|19/100
|move|p2a: Raichu|Zap Cannon|p1b: Whimsicott
|-resisted|p1b: Whimsicott|1
|-damage|p1b: Whimsicott|0 fnt
|faint|p1b: Whimsicott
|
|win|ImAtWorkVGC
|raw|abadanriyi92's rating: 1247 → 1219(-28 for losing)
|raw|ImAtWorkVGC's rating: 1211 → 1239(+28 for winning)
|c|☆ImAtWorkVGC|idk if it kos
|c|☆ImAtWorkVGC|you needed a flinch
|c|☆abadanriyi92|it does 60% at least
|c|☆abadanriyi92|Its superefective and Im not int
|l|☆ImAtWorkVGC
|player|p2|
|c|☆abadanriyi92|Just checked
|c|☆abadanriyi92|its a roll
