|j|☆williamfaketears
|j|☆3 Ptits Points...
|html|williamfaketears3 Ptits Points...    
|uhtml|bestof|Game 3 of a best-of-3
|t:|1782761023
|gametype|doubles
|player|p1|williamfaketears|shadowtriad|
|player|p2|3 Ptits Points...|gambler|
|gen|9
|tier|[Gen 9 Champions] VGC 2026 Reg M-B (Bo3)
|rule|Species Clause: Limit one of each Pokémon
|rule|Item Clause: Limit 1 of each item
|clearpoke
|poke|p1|Sceptile, L50, M|
|poke|p1|Rotom-Heat, L50|
|poke|p1|Basculegion, L50, M|
|poke|p1|Aerodactyl, L50, M|
|poke|p1|Garchomp, L50, M|
|poke|p1|Floette-Eternal, L50, F|
|poke|p2|Raichu, L50, M, shiny|
|poke|p2|Talonflame, L50, F|
|poke|p2|Sneasler, L50, M|
|poke|p2|Ninetales-Alola, L50, F|
|poke|p2|Kingambit, L50, M|
|poke|p2|Sceptile, L50, M|
|teampreview|4
|showteam|p1|Sceptile||Sceptilite|Overgrow|GrassKnot,DragonPulse,EarthPower,Detect|Timid||M|||50|]Rotom-Heat||ChoiceScarf|Levitate|Thunderbolt,Overheat,VoltSwitch,Discharge|Timid|||||50|]Basculegion||SitrusBerry|Adaptability|WaveCrash,LastRespects,AquaJet,Protect|Adamant||M|||50|]Aerodactyl||FocusSash|Unnerve|RockSlide,DualWingbeat,Tailwind,WideGuard|Jolly||M|||50|]Garchomp||LifeOrb|RoughSkin|DragonClaw,Earthquake,RockSlide,Protect|Jolly||M|||50|]Floette-Eternal||Floettite|FlowerVeil|Moonblast,DazzlingGleam,LightofRuin,Protect|Timid||F|||50|
|showteam|p2|Raichu||RaichuniteY|LightningRod|FakeOut,ZapCannon,FocusBlast,Protect|Timid||M|||50|]Talonflame||SharpBeak|GaleWings|Taunt,UpperHand,Tailwind,DualWingbeat|Jolly||F|||50|]Sneasler||WhiteHerb|Unburden|FakeOut,DireClaw,CloseCombat,Protect|Adamant||M|||50|]Ninetales-Alola||LifeOrb|SnowWarning|Blizzard,Moonblast,FreezeDry,Protect|Timid||F|||50|]Kingambit||BlackGlasses|Defiant|KowtowCleave,Protect,SuckerPunch,IronHead|Adamant||M|||50|]Sceptile||Sceptilite|Overgrow|EarthPower,LeafStorm,DragonPulse,Protect|Timid||M|||50|
|j| yovan
|
|t:|1782761099
|teamsize|p1|4
|teamsize|p2|4
|start
|switch|p1a: Rotom|Rotom-Heat, L50|100/100
|switch|p1b: Sceptile|Sceptile, L50, M|100/100
|switch|p2a: Cuit-cuit|Talonflame, L50, F|100/100
|switch|p2b: Wolverine|Sneasler, L50, M|100/100
|turn|1
|
|t:|1782761120
|switch|p1b: Garchomp|Garchomp, L50, M|100/100
|move|p2b: Wolverine|Fake Out|p1a: Rotom
|-damage|p1a: Rotom|79/100
|move|p2a: Cuit-cuit|Tailwind|p2a: Cuit-cuit
|-sidestart|p2: 3 Ptits Points...|move: Tailwind
|cant|p1a: Rotom|flinch
|
|upkeep
|turn|2
|
|t:|1782761173
|switch|p2a: Yamete|Kingambit, L50, M|100/100
|move|p2b: Wolverine|Protect|p2b: Wolverine
|-singleturn|p2b: Wolverine|Protect
|move|p1a: Rotom|Discharge|p2b: Wolverine|[spread] p2a
|-activate|p2b: Wolverine|move: Protect
|-immune|p1b: Garchomp
|-damage|p2a: Yamete|73/100
|move|p1b: Garchomp|Earthquake|p2b: Wolverine|[spread] p2a
|-activate|p2b: Wolverine|move: Protect
|-immune|p1a: Rotom|[from] ability: Levitate
|-supereffective|p2a: Yamete|1
|-damage|p2a: Yamete|0 fnt
|faint|p2a: Yamete
|-damage|p1b: Garchomp|90/100|[from] item: Life Orb
|
|upkeep
|j| b1kharma
|
|t:|1782761188
|switch|p2a: Channel|Ninetales-Alola, L50, F|100/100
|-weather|Snowscape|[from] ability: Snow Warning|[of] p2a: Channel
|turn|3
|
|t:|1782761220
|move|p1b: Garchomp|Protect|p1b: Garchomp
|-singleturn|p1b: Garchomp|Protect
|move|p2a: Channel|Blizzard|p1a: Rotom|[spread] p1a
|-activate|p1b: Garchomp|move: Protect
|-resisted|p1a: Rotom|1
|-damage|p1a: Rotom|54/100
|-damage|p2a: Channel|90/100|[from] item: Life Orb
|move|p2b: Wolverine|Close Combat|p1a: Rotom
|-damage|p1a: Rotom|0 fnt
|-unboost|p2b: Wolverine|def|1
|-unboost|p2b: Wolverine|spd|1
|faint|p1a: Rotom
|-enditem|p2b: Wolverine|White Herb
|-clearnegativeboost|p2b: Wolverine|[silent]
|
|-weather|Snowscape|[upkeep]
|upkeep
|
|t:|1782761252
|switch|p1a: Sceptile|Sceptile, L50, M|100/100
|turn|4
|
|t:|1782761315
|detailschange|p1a: Sceptile|Sceptile-Mega, L50, M
|-mega|p1a: Sceptile|Sceptile|Sceptilite
|move|p1a: Sceptile|Detect|p1a: Sceptile
|-singleturn|p1a: Sceptile|Protect
|move|p2b: Wolverine|Dire Claw|p1a: Sceptile
|-activate|p1a: Sceptile|move: Protect
|move|p2a: Channel|Blizzard|p1a: Sceptile|[spread] p1b
|-activate|p1a: Sceptile|move: Protect
|-supereffective|p1b: Garchomp|2
|-damage|p1b: Garchomp|0 fnt
|faint|p1b: Garchomp
|-damage|p2a: Channel|81/100|[from] item: Life Orb
|
|-weather|Snowscape|[upkeep]
|-sideend|p2: 3 Ptits Points...|move: Tailwind
|upkeep
|
|t:|1782761319
|switch|p1b: Aerodactyl|Aerodactyl, L50, M|100/100
|-ability|p1b: Aerodactyl|Unnerve
|turn|5
|
|t:|1782761379
|move|p2b: Wolverine|Close Combat|p1b: Aerodactyl
|-enditem|p1b: Aerodactyl|Focus Sash
|-damage|p1b: Aerodactyl|1/100
|-unboost|p2b: Wolverine|def|1
|-unboost|p2b: Wolverine|spd|1
|move|p1a: Sceptile|Earth Power|p2b: Wolverine
|-supereffective|p2b: Wolverine|1
|-damage|p2b: Wolverine|0 fnt
|faint|p2b: Wolverine
|move|p1b: Aerodactyl|Rock Slide|p2a: Channel
|-supereffective|p2a: Channel|1
|-damage|p2a: Channel|16/100
|cant|p2a: Channel|flinch
|
|-weather|Snowscape|[upkeep]
|upkeep
|
|t:|1782761393
|switch|p2b: Cuit-cuit|Talonflame, L50, F|100/100
|turn|6
|
|t:|1782761421
|move|p1b: Aerodactyl|Wide Guard|p1b: Aerodactyl
|-singleturn|p1b: Aerodactyl|Wide Guard
|move|p2b: Cuit-cuit|Tailwind|p2b: Cuit-cuit
|-sidestart|p2: 3 Ptits Points...|move: Tailwind
|move|p2a: Channel|Blizzard|p1b: Aerodactyl|[spread] 
|-activate|p1a: Sceptile|move: Wide Guard
|-activate|p1b: Aerodactyl|move: Wide Guard
|move|p1a: Sceptile|Earth Power|p2a: Channel
|-damage|p2a: Channel|0 fnt
|faint|p2a: Channel
|
|-weather|Snowscape|[upkeep]
|upkeep
|turn|7
|j| Lambovino
|
|t:|1782761443
|move|p2b: Cuit-cuit|Dual Wingbeat|p1b: Aerodactyl
|-resisted|p1b: Aerodactyl|1
|-damage|p1b: Aerodactyl|0 fnt
|faint|p1b: Aerodactyl
|-hitcount|p1: Aerodactyl|1
|move|p1a: Sceptile|Dragon Pulse|p2b: Cuit-cuit
|-damage|p2b: Cuit-cuit|23/100
|
|-weather|none
|upkeep
|turn|8
|
|t:|1782761452
|move|p1a: Sceptile|Detect|p1a: Sceptile
|-singleturn|p1a: Sceptile|Protect
|move|p2b: Cuit-cuit|Dual Wingbeat|p1a: Sceptile
|-activate|p1a: Sceptile|move: Protect
|
|upkeep
|turn|9
|
|t:|1782761455
|move|p1a: Sceptile|Detect||[still]
|-fail|p1a: Sceptile
|move|p2b: Cuit-cuit|Dual Wingbeat|p1a: Sceptile
|-supereffective|p1a: Sceptile|1
|-damage|p1a: Sceptile|45/100
|-supereffective|p1a: Sceptile|1
|-damage|p1a: Sceptile|0 fnt
|faint|p1a: Sceptile
|-hitcount|p1: Sceptile|2
|
|win|3 Ptits Points...
|c|☆williamfaketears|jj
|c|☆3 Ptits Points...|fiou !
|c|☆3 Ptits Points...|gg
|l| b1kharma
|l| yovan
