|j|☆viatles
|j|☆TG511
|html|viatlesTG511    
|uhtml|bestof|Game 1 of a best-of-3
|t:|1757628490
|gametype|doubles
|player|p1|viatles|hiker|1000
|player|p2|TG511|volkner|1078
|gen|9
|tier|[Gen 9] VGC 2025 Reg H (Bo3)
|rated|
|rule|Species Clause: Limit one of each Pokémon
|rule|Item Clause: Limit 1 of each item
|clearpoke
|poke|p1|Scizor, L50, M|
|poke|p1|Talonflame, L50, M|
|poke|p1|Rillaboom, L50, F|
|poke|p1|Garchomp, L50, F|
|poke|p1|Kilowattrel, L50, M|
|poke|p1|Garganacl, L50, M|
|poke|p2|Dondozo, L50, F|
|poke|p2|Tatsugiri, L50, F|
|poke|p2|Indeedee, L50, M|
|poke|p2|Garchomp, L50, F|
|poke|p2|Gholdengo, L50|
|poke|p2|Murkrow, L50, F|
|teampreview|4
|showteam|p1|Scizor||LifeOrb|Technician|BulletPunch,BugBite,DualWingbeat,Protect|||M|||50|,,,,,Fire]Talonflame||CovertCloak|GaleWings|DualWingbeat,Tailwind,Taunt,FlareBlitz|||M|||50|,,,,,Flying]Rillaboom||AssaultVest|GrassySurge|FakeOut,GrassyGlide,Uturn,WoodHammer|||F|||50|,,,,,Fairy]Garchomp||ClearAmulet|RoughSkin|IronHead,Earthquake,DragonClaw,Protect|||F|||50|,,,,,Steel]Kilowattrel||FocusSash|Competitive|Discharge,AirSlash,Tailwind,Protect|||M|||50|,,,,,Fairy]Garganacl||Leftovers|PurifyingSalt|SaltCure,Recover,Protect,RockSlide|||M|||50|,,,,,Grass
|showteam|p2|Dondozo||Leftovers|Unaware|OrderUp,Earthquake,WaveCrash,Protect|||F|||50|,,,,,Grass]Tatsugiri||FocusSash|Commander|DracoMeteor,MuddyWater,IcyWind,Protect|||F|||50|,,,,,Stellar]Indeedee||ChoiceScarf|PsychicSurge|ExpandingForce,Trick,SleepTalk,HyperVoice|||M|||50|,,,,,Psychic]Garchomp||LifeOrb|RoughSkin|Earthquake,StompingTantrum,DragonClaw,Protect|||F|||50|,,,,,Ground]Gholdengo||ChoiceSpecs|GoodasGold|MakeItRain,ShadowBall,SteelBeam,Thunderbolt||||||50|,,,,,Steel]Murkrow||Eviolite|Prankster|FoulPlay,Tailwind,Quash,Haze|||F|||50|,,,,,Ghost
|c|☆viatles|gl hf
|inactive|Battle timer is ON: inactive players will automatically lose when time's up. (requested by viatles)
|
|t:|1757628521
|teamsize|p1|4
|teamsize|p2|4
|start
|switch|p1a: Garganacl|Garganacl, L50, M|100/100
|switch|p1b: Scizor|Scizor, L50, M|100/100
|switch|p2a: Murkrow|Murkrow, L50, F|100/100
|switch|p2b: Gholdengo|Gholdengo, L50|100/100
|turn|1
|
|t:|1757628546
|-terastallize|p2b: Gholdengo|Steel
|-terastallize|p1a: Garganacl|Grass
|move|p1b: Scizor|Protect|p1b: Scizor
|-singleturn|p1b: Scizor|Protect
|move|p2b: Gholdengo|Make It Rain|p1a: Garganacl|[spread] p1a
|-activate|p1b: Scizor|move: Protect
|-damage|p1a: Garganacl|36/100
|-unboost|p2b: Gholdengo|spa|1
|move|p2a: Murkrow|Foul Play|p1b: Scizor
|-activate|p1b: Scizor|move: Protect
|move|p1a: Garganacl|Salt Cure|p2b: Gholdengo
|-resisted|p2b: Gholdengo
|-crit|p2b: Gholdengo
|-damage|p2b: Gholdengo|89/100
|-start|p2b: Gholdengo|Salt Cure
|
|-heal|p1a: Garganacl|42/100|[from] item: Leftovers
|-damage|p2b: Gholdengo|64/100|[from] Salt Cure
|upkeep
|turn|2
|inactive|viatles has 30 seconds left.
|
|t:|1757628576
|move|p1a: Garganacl|Protect|p1a: Garganacl
|-singleturn|p1a: Garganacl|Protect
|move|p2a: Murkrow|Haze|p2a: Murkrow
|-clearallboost
|move|p2b: Gholdengo|Make It Rain|p1b: Scizor|[spread] p1b
|-activate|p1a: Garganacl|move: Protect
|-resisted|p1b: Scizor
|-damage|p1b: Scizor|39/100
|-unboost|p2b: Gholdengo|spa|1
|move|p1b: Scizor|Bug Bite|p2a: Murkrow
|-damage|p2a: Murkrow|27/100
|-damage|p1b: Scizor|29/100|[from] item: Life Orb
|
|-heal|p1a: Garganacl|47/100|[from] item: Leftovers
|-damage|p2b: Gholdengo|40/100|[from] Salt Cure
|upkeep
|turn|3
|inactive|viatles has 30 seconds left.
|
|t:|1757628602
|switch|p1a: Rillaboom|Rillaboom, L50, F|100/100
|-fieldstart|move: Grassy Terrain|[from] ability: Grassy Surge|[of] p1a: Rillaboom
|move|p2a: Murkrow|Haze|p2a: Murkrow
|-clearallboost
|move|p1b: Scizor|Bullet Punch|p2a: Murkrow
|-damage|p2a: Murkrow|0 fnt
|faint|p2a: Murkrow
|-damage|p1b: Scizor|19/100|[from] item: Life Orb
|move|p2b: Gholdengo|Make It Rain|p1a: Rillaboom|[spread] p1a,p1b
|-resisted|p1b: Scizor
|-damage|p1a: Rillaboom|34/100
|-damage|p1b: Scizor|0 fnt
|-unboost|p2b: Gholdengo|spa|1
|faint|p1b: Scizor
|
|-heal|p2b: Gholdengo|46/100|[from] Grassy Terrain
|-heal|p1a: Rillaboom|39/100|[from] Grassy Terrain
|-damage|p2b: Gholdengo|21/100|[from] Salt Cure
|upkeep
|
|t:|1757628622
|switch|p2a: Dondozo|Dondozo, L50, F|100/100
|switch|p1b: Garganacl|Garganacl, L50, M, tera:Grass|47/100
|turn|4
|
|t:|1757628639
|move|p2a: Dondozo|Protect|p2a: Dondozo
|-singleturn|p2a: Dondozo|Protect
|move|p1b: Garganacl|Protect|p1b: Garganacl
|-singleturn|p1b: Garganacl|Protect
|move|p1a: Rillaboom|Fake Out|p2b: Gholdengo
|-resisted|p2b: Gholdengo
|-damage|p2b: Gholdengo|14/100
|cant|p2b: Gholdengo|flinch
|
|-heal|p2b: Gholdengo|20/100|[from] Grassy Terrain
|-heal|p1a: Rillaboom|45/100|[from] Grassy Terrain
|-heal|p1b: Garganacl|53/100|[from] Grassy Terrain
|-heal|p1b: Garganacl|59/100|[from] item: Leftovers
|-damage|p2b: Gholdengo|0 fnt|[from] Salt Cure
|faint|p2b: Gholdengo
|upkeep
|
|t:|1757628646
|switch|p2b: Tatsugiri|Tatsugiri, L50, F, shiny|100/100
|-activate|p2b: Tatsugiri|ability: Commander|[of] p2a: Dondozo
|-boost|p2a: Dondozo|atk|2
|-boost|p2a: Dondozo|spa|2
|-boost|p2a: Dondozo|spe|2
|-boost|p2a: Dondozo|def|2
|-boost|p2a: Dondozo|spd|2
|turn|5
|
|t:|1757628667
|move|p1a: Rillaboom|Grassy Glide|p2a: Dondozo
|-supereffective|p2a: Dondozo
|-damage|p2a: Dondozo|76/100
|move|p2a: Dondozo|Order Up|p1b: Garganacl
|-damage|p1b: Garganacl|29/100
|-boost|p2a: Dondozo|atk|1
|move|p1b: Garganacl|Salt Cure|p2a: Dondozo
|-damage|p2a: Dondozo|71/100
|-start|p2a: Dondozo|Salt Cure
|
|-heal|p2a: Dondozo|77/100|[from] Grassy Terrain
|-heal|p2a: Dondozo|83/100|[from] item: Leftovers
|-heal|p1a: Rillaboom|51/100|[from] Grassy Terrain
|-heal|p1b: Garganacl|35/100|[from] Grassy Terrain
|-heal|p1b: Garganacl|41/100|[from] item: Leftovers
|-damage|p2a: Dondozo|59/100|[from] Salt Cure
|upkeep
|turn|6
|inactive|viatles has 30 seconds left.
|
|t:|1757628695
|move|p1b: Garganacl|Protect|p1b: Garganacl
|-singleturn|p1b: Garganacl|Protect
|move|p2a: Dondozo|Order Up|p1a: Rillaboom
|-damage|p1a: Rillaboom|1/100
|-boost|p2a: Dondozo|atk|1
|move|p1a: Rillaboom|U-turn|p2a: Dondozo
|-damage|p2a: Dondozo|52/100
|
|t:|1757628702
|switch|p1a: Garchomp|Garchomp, L50, F|100/100|[from] U-turn
|
|-heal|p2a: Dondozo|58/100|[from] Grassy Terrain
|-heal|p2a: Dondozo|64/100|[from] item: Leftovers
|-heal|p1b: Garganacl|46/100|[from] Grassy Terrain
|-heal|p1b: Garganacl|52/100|[from] item: Leftovers
|-damage|p2a: Dondozo|39/100|[from] Salt Cure
|upkeep
|turn|7
|
|t:|1757628715
|move|p1a: Garchomp|Protect|p1a: Garchomp
|-singleturn|p1a: Garchomp|Protect
|move|p2a: Dondozo|Order Up|p1b: Garganacl
|-damage|p1b: Garganacl|8/100
|-boost|p2a: Dondozo|atk|1
|move|p1b: Garganacl|Recover|p1b: Garganacl
|-heal|p1b: Garganacl|58/100
|
|-heal|p2a: Dondozo|45/100|[from] Grassy Terrain
|-heal|p2a: Dondozo|51/100|[from] item: Leftovers
|-heal|p1b: Garganacl|64/100|[from] Grassy Terrain
|-heal|p1b: Garganacl|70/100|[from] item: Leftovers
|-damage|p2a: Dondozo|27/100|[from] Salt Cure
|-fieldend|move: Grassy Terrain
|upkeep
|turn|8
|-message|TG511 forfeited.
|raw|viatles's rating: 1000 → 1049(+49 for winning)
|raw|TG511's rating: 1078 → 1052(-26 for losing)
|
|win|viatles
|l|☆TG511
|player|p2|
