|j|☆masterhax3
|j|☆swarmhostuser
|html|masterhax3swarmhostuser    
|uhtml|bestof|Game 1 of a best-of-3
|t:|1756902250
|gametype|doubles
|player|p1|masterhax3|scientist-gen4dp|1057
|player|p2|swarmhostuser|2|1017
|gen|9
|tier|[Gen 9] VGC 2025 Reg H (Bo3)
|rated|
|rule|Species Clause: Limit one of each Pokémon
|rule|Item Clause: Limit 1 of each item
|clearpoke
|poke|p1|Vivillon-Pokeball, L50, M|
|poke|p1|Garganacl, L50, F|
|poke|p1|Garchomp, L50, M|
|poke|p1|Gardevoir, L50, F|
|poke|p1|Dondozo, L50, M|
|poke|p1|Ninetales-Alola, L50, F|
|poke|p2|Sneasler, L50, M|
|poke|p2|Kingambit, L50, F|
|poke|p2|Rillaboom, L50, F|
|poke|p2|Dragonite, L50, M|
|poke|p2|Volcarona, L50, F|
|poke|p2|Electabuzz, L50, F|
|teampreview|4
|showteam|p1|Vivillon-Pokeball||FocusSash|CompoundEyes|SleepPowder,Tailwind,Protect,Hurricane|||M|||50|,,,,,Ghost]Garganacl||MarangaBerry|PurifyingSalt|SaltCure,StealthRock,Protect,Recover|||F|||50|,,,,,Flying]Garchomp||LifeOrb|RoughSkin|Earthquake,DragonClaw,RockSlide,Protect|||M|||50|,,,,,Ground]Gardevoir||ChoiceScarf|Telepathy|Trick,Moonblast,Psychic,IcyWind|||F|||50|,,,,,Steel]Dondozo||Leftovers|Unaware|Liquidation,Yawn,Fissure,Protect|||M|||50|,,,,,Poison]Ninetales-Alola||NeverMeltIce|SnowWarning|Blizzard,FreezeDry,Protect,AuroraVeil|||F|||50|,,,,,Ice
|showteam|p2|Sneasler||FocusSash|Unburden|DireClaw,CloseCombat,Coaching,FakeOut|||M|||50|,,,,,Stellar]Kingambit||BlackGlasses|Defiant|KowtowCleave,SwordsDance,SuckerPunch,Protect|||F|||50|,,,,,Dark]Rillaboom||AssaultVest|GrassySurge|FakeOut,WoodHammer,GrassyGlide,HighHorsepower|||F|||50|,,,,,Fire]Dragonite||LoadedDice|Multiscale|ScaleShot,ExtremeSpeed,Haze,Protect|||M|||50|,,,,,Fairy]Volcarona||CovertCloak|FlameBody|HeatWave,TeraBlast,QuiverDance,Protect|||F|||50|,,,,,Fairy]Electabuzz||Eviolite|VitalSpirit|Electroweb,FollowMe,Taunt,Protect|||F|||50|,,,,,Ghost
|
|t:|1756902293
|teamsize|p1|4
|teamsize|p2|4
|start
|switch|p1a: Garchomp|Garchomp, L50, M|100/100
|switch|p1b: Garganacl|Garganacl, L50, F|100/100
|switch|p2a: Rillaboom|Rillaboom, L50, F|100/100
|switch|p2b: Electabuzz|Electabuzz, L50, F|100/100
|-fieldstart|move: Grassy Terrain|[from] ability: Grassy Surge|[of] p2a: Rillaboom
|turn|1
|
|t:|1756902315
|move|p1a: Garchomp|Protect|p1a: Garchomp
|-singleturn|p1a: Garchomp|Protect
|move|p2a: Rillaboom|Fake Out|p1a: Garchomp
|-activate|p1a: Garchomp|move: Protect
|move|p2b: Electabuzz|Taunt|p1b: Garganacl
|-start|p1b: Garganacl|move: Taunt
|cant|p1b: Garganacl|move: Taunt|Stealth Rock
|
|upkeep
|turn|2
|inactive|Battle timer is ON: inactive players will automatically lose when time's up. (requested by masterhax3)
|inactive|swarmhostuser has 60 seconds left.
|inactive|swarmhostuser has 30 seconds left.
|
|t:|1756902425
|move|p2b: Electabuzz|Protect|p2b: Electabuzz
|-singleturn|p2b: Electabuzz|Protect
|move|p1a: Garchomp|Dragon Claw|p2a: Rillaboom
|-damage|p2a: Rillaboom|48/100
|-damage|p1a: Garchomp|91/100|[from] item: Life Orb
|move|p2a: Rillaboom|Wood Hammer|p1b: Garganacl
|-supereffective|p1b: Garganacl
|-damage|p1b: Garganacl|1/100
|-damage|p2a: Rillaboom|15/100|[from] Recoil
|move|p1b: Garganacl|Salt Cure|p2b: Electabuzz
|-activate|p2b: Electabuzz|move: Protect
|
|-heal|p1a: Garchomp|97/100|[from] Grassy Terrain
|-heal|p2a: Rillaboom|21/100|[from] Grassy Terrain
|-heal|p1b: Garganacl|7/100|[from] Grassy Terrain
|upkeep
|turn|3
|
|t:|1756902449
|move|p2b: Electabuzz|Follow Me|p2b: Electabuzz
|-singleturn|p2b: Electabuzz|move: Follow Me
|move|p2a: Rillaboom|Grassy Glide|p1b: Garganacl
|-supereffective|p1b: Garganacl
|-damage|p1b: Garganacl|0 fnt
|faint|p1b: Garganacl
|move|p1a: Garchomp|Rock Slide|p2a: Rillaboom|[spread] p2a,p2b
|-damage|p2a: Rillaboom|0 fnt
|-damage|p2b: Electabuzz|82/100
|faint|p2a: Rillaboom
|-damage|p1a: Garchomp|87/100|[from] item: Life Orb
|
|-heal|p1a: Garchomp|93/100|[from] Grassy Terrain
|-heal|p2b: Electabuzz|88/100|[from] Grassy Terrain
|upkeep
|
|t:|1756902465
|switch|p2a: Dragonite|Dragonite, L50, M|100/100
|switch|p1b: Gardevoir|Gardevoir, L50, F|100/100
|turn|4
|inactive|swarmhostuser has 30 seconds left.
|inactive|swarmhostuser has 20 seconds left.
|inactive|swarmhostuser has 15 seconds left.
|inactive|swarmhostuser has 10 seconds left.
|inactive|swarmhostuser has 5 seconds left.
|
|t:|1756902516
|-terastallize|p1a: Garchomp|Ground
|-terastallize|p2a: Dragonite|Fairy
|move|p2b: Electabuzz|Follow Me|p2b: Electabuzz
|-singleturn|p2b: Electabuzz|move: Follow Me
|move|p2a: Dragonite|Extreme Speed|p1b: Gardevoir
|-damage|p1b: Gardevoir|48/100
|move|p1b: Gardevoir|Icy Wind|p2b: Electabuzz|[spread] p2a,p2b
|-damage|p2a: Dragonite|93/100
|-damage|p2b: Electabuzz|76/100
|-unboost|p2a: Dragonite|spe|1
|-unboost|p2b: Electabuzz|spe|1
|move|p1a: Garchomp|Rock Slide|p2a: Dragonite|[spread] p2b
|-miss|p1a: Garchomp|p2a: Dragonite
|-crit|p2b: Electabuzz
|-damage|p2b: Electabuzz|47/100
|-damage|p1a: Garchomp|83/100|[from] item: Life Orb
|
|-heal|p1b: Gardevoir|54/100|[from] Grassy Terrain
|-heal|p1a: Garchomp|89/100|[from] Grassy Terrain
|-heal|p2b: Electabuzz|53/100|[from] Grassy Terrain
|-heal|p2a: Dragonite|99/100|[from] Grassy Terrain
|upkeep
|turn|5
|
|t:|1756902540
|switch|p1b: Dondozo|Dondozo, L50, M|100/100
|move|p2a: Dragonite|Extreme Speed|p1b: Dondozo
|-damage|p1b: Dondozo|81/100
|move|p1a: Garchomp|Rock Slide|p2a: Dragonite|[spread] p2a,p2b
|-damage|p2a: Dragonite|70/100
|-damage|p2b: Electabuzz|34/100
|-damage|p1a: Garchomp|79/100|[from] item: Life Orb
|move|p2b: Electabuzz|Electroweb|p1a: Garchomp|[spread] p1b
|-immune|p1a: Garchomp
|-supereffective|p1b: Dondozo
|-damage|p1b: Dondozo|59/100
|-unboost|p1b: Dondozo|spe|1
|
|-heal|p1a: Garchomp|85/100|[from] Grassy Terrain
|-heal|p2b: Electabuzz|40/100|[from] Grassy Terrain
|-heal|p2a: Dragonite|76/100|[from] Grassy Terrain
|-heal|p1b: Dondozo|65/100|[from] Grassy Terrain
|-heal|p1b: Dondozo|71/100|[from] item: Leftovers
|-fieldend|move: Grassy Terrain
|upkeep
|turn|6
|inactive|swarmhostuser has 30 seconds left.
|inactive|swarmhostuser has 20 seconds left.
|inactive|swarmhostuser has 15 seconds left.
|
|t:|1756902583
|switch|p1b: Gardevoir|Gardevoir, L50, F|54/100
|move|p2b: Electabuzz|Follow Me|p2b: Electabuzz
|-singleturn|p2b: Electabuzz|move: Follow Me
|move|p1a: Garchomp|Earthquake|p2b: Electabuzz|[spread] p2a,p2b
|-activate|p1b: Gardevoir|ability: Telepathy
|-crit|p2a: Dragonite
|-supereffective|p2b: Electabuzz
|-crit|p2b: Electabuzz
|-damage|p2a: Dragonite|0 fnt
|-damage|p2b: Electabuzz|0 fnt
|faint|p2a: Dragonite
|faint|p2b: Electabuzz
|-damage|p1a: Garchomp|75/100|[from] item: Life Orb
|
|upkeep
|
|t:|1756902595
|switch|p2b: Volcarona|Volcarona, L50, F|100/100
|turn|7
|
|t:|1756902606
|move|p1b: Gardevoir|Trick|p2b: Volcarona
|-activate|p1b: Gardevoir|move: Trick|[of] p2b: Volcarona
|-item|p2b: Volcarona|Choice Scarf|[from] move: Trick
|-item|p1b: Gardevoir|Covert Cloak|[from] move: Trick
|move|p2b: Volcarona|Heat Wave|p1b: Gardevoir|[spread] p1a,p1b
|-damage|p1a: Garchomp|35/100
|-damage|p1b: Gardevoir|13/100
|move|p1a: Garchomp|Earthquake|p2b: Volcarona|[spread] p2b
|-activate|p1b: Gardevoir|ability: Telepathy
|-damage|p2b: Volcarona|19/100
|-damage|p1a: Garchomp|26/100|[from] item: Life Orb
|
|upkeep
|turn|8
|
|t:|1756902621
|move|p2b: Volcarona|Heat Wave|p1b: Gardevoir|[spread] p1a,p1b
|-damage|p1a: Garchomp|0 fnt
|-damage|p1b: Gardevoir|0 fnt
|faint|p1a: Garchomp
|faint|p1b: Gardevoir
|
|upkeep
|
|t:|1756902626
|switch|p1b: Dondozo|Dondozo, L50, M|71/100
|turn|9
|
|t:|1756902632
|move|p2b: Volcarona|Heat Wave|p1b: Dondozo
|-resisted|p1b: Dondozo
|-crit|p1b: Dondozo
|-damage|p1b: Dondozo|44/100
|move|p1b: Dondozo|Yawn|p2b: Volcarona
|-start|p2b: Volcarona|move: Yawn|[of] p1b: Dondozo
|
|-heal|p1b: Dondozo|50/100|[from] item: Leftovers
|upkeep
|turn|10
|
|t:|1756902638
|move|p1b: Dondozo|Protect|p1b: Dondozo
|-singleturn|p1b: Dondozo|Protect
|move|p2b: Volcarona|Heat Wave|p1b: Dondozo
|-activate|p1b: Dondozo|move: Protect
|
|-heal|p1b: Dondozo|56/100|[from] item: Leftovers
|-end|p2b: Volcarona|move: Yawn|[silent]
|-status|p2b: Volcarona|slp
|upkeep
|turn|11
|
|t:|1756902649
|cant|p2b: Volcarona|slp
|move|p1b: Dondozo|Liquidation|p2b: Volcarona
|-supereffective|p2b: Volcarona
|-damage|p2b: Volcarona|0 fnt
|faint|p2b: Volcarona
|
|win|masterhax3
