|j|‽tavinn_n
|j|☆PaquitoelBollito
|html|tavinn_nPaquitoelBollito    
|uhtml|bestof|Game 2 of a best-of-3
|t:|1786123417
|gametype|doubles
|player|p1|tavinn_n|ghetsis|1239
|player|p2|PaquitoelBollito|102|1148
|gen|9
|tier|[Gen 9 Champions] VGC 2026 Reg M-B (Bo3)
|rated|
|rule|Species Clause: Limit one of each Pokémon
|rule|Item Clause: Limit 1 of each item
|clearpoke
|poke|p1|Staraptor, L50, F|
|poke|p1|Delphox, L50, F|
|poke|p1|Whimsicott, L50, M|
|poke|p1|Glimmora, L50, M|
|poke|p1|Garchomp, L50, M|
|poke|p1|Kingambit, L50, M|
|poke|p2|Froslass, L50, F|
|poke|p2|Scovillain, L50, F|
|poke|p2|Kingambit, L50, F|
|poke|p2|Sneasler, L50, F|
|poke|p2|Basculegion, L50, M|
|poke|p2|Lycanroc-Dusk, L50, F|
|teampreview|4
|showteam|p1|Staraptor||Staraptite|Intimidate|Protect,Roost,BraveBird,CloseCombat|Jolly||F|||50|]Delphox||Delphoxite|Blaze|Protect,Encore,HeatWave,Psychic|Timid||F|||50|]Whimsicott||OccaBerry|Prankster|Tailwind,Charm,Moonblast,LightScreen|Bold||M|||50|]Glimmora||FocusSash|ToxicDebris|SpikyShield,PowerGem,EarthPower,SludgeBomb|Timid||M|||50|]Garchomp||ChoiceScarf|RoughSkin|RockSlide,Earthquake,StompingTantrum,DragonClaw|Jolly||M|||50|]Kingambit||ChopleBerry|Defiant|IronHead,LowKick,SuckerPunch,KowtowCleave|Adamant||M|||50|
|showteam|p2|Froslass||Froslassite|CursedBody|Protect,Blizzard,AuroraVeil,ShadowBall|Modest||F|||50|]Scovillain||Scovillainite|Moody|Protect,Overheat,GigaDrain,RagePowder|Modest||F|||50|]Kingambit||BlackGlasses|Defiant|Protect,KowtowCleave,SwordsDance,SuckerPunch|Adamant||F|||50|]Sneasler||WhiteHerb|Unburden|FakeOut,GunkShot,CloseCombat,Protect|Adamant||F|||50|]Basculegion||SitrusBerry|Adaptability|Protect,LastRespects,WaveCrash,AquaJet|Adamant||M|||50|]Lycanroc-Dusk||FocusSash|ToughClaws|Protect,Accelerock,RockSlide,CloseCombat|Adamant||F|||50|
|inactive|Battle timer is ON: inactive players will automatically lose when time's up. (requested by PaquitoelBollito)
|inactive|tavinn_n also wants the timer to be on.
|inactive|PaquitoelBollito has 60 seconds left.
|
|t:|1786123464
|teamsize|p1|4
|teamsize|p2|4
|start
|switch|p1a: Delphox|Delphox, L50, F|100/100
|switch|p1b: Kingambit|Kingambit, L50, M|100/100
|switch|p2a: Froslass|Froslass, L50, F|100/100
|switch|p2b: Sneasler|Sneasler, L50, F|100/100
|turn|1
|
|t:|1786123480
|detailschange|p1a: Delphox|Delphox-Mega, L50, F
|-mega|p1a: Delphox|Delphox|Delphoxite
|detailschange|p2a: Froslass|Froslass-Mega, L50, F
|-mega|p2a: Froslass|Froslass|Froslassite
|-weather|Snowscape|[from] ability: Snow Warning|[of] p2a: Froslass
|move|p2b: Sneasler|Fake Out|p1b: Kingambit
|-resisted|p1b: Kingambit|1
|-damage|p1b: Kingambit|95/100
|move|p1a: Delphox|Psychic|p2b: Sneasler
|-supereffective|p2b: Sneasler|2
|-damage|p2b: Sneasler|0 fnt
|faint|p2b: Sneasler
|move|p2a: Froslass|Blizzard|p1a: Delphox|[spread] p1a,p1b
|-resisted|p1a: Delphox|1
|-resisted|p1b: Kingambit|1
|-damage|p1a: Delphox|78/100
|-damage|p1b: Kingambit|74/100
|cant|p1b: Kingambit|flinch
|
|-weather|Snowscape|[upkeep]
|upkeep
|
|t:|1786123493
|switch|p2b: Lycanroc|Lycanroc-Dusk, L50, F|100/100
|turn|2
|
|t:|1786123510
|move|p1b: Kingambit|Sucker Punch||[still]
|-fail|p1b: Kingambit
|move|p1a: Delphox|Heat Wave|p2b: Lycanroc|[spread] p2a,p2b
|-supereffective|p2a: Froslass|1
|-resisted|p2b: Lycanroc|1
|-damage|p2a: Froslass|10/100
|-damage|p2b: Lycanroc|67/100
|move|p2a: Froslass|Aurora Veil|p2a: Froslass
|-sidestart|p2: PaquitoelBollito|move: Aurora Veil
|move|p2b: Lycanroc|Close Combat|p1b: Kingambit
|-supereffective|p1b: Kingambit|2
|-crit|p1b: Kingambit
|-enditem|p1b: Kingambit|Chople Berry|[eat]
|-enditem|p1b: Kingambit|Chople Berry|[weaken]
|-damage|p1b: Kingambit|0 fnt
|-unboost|p2b: Lycanroc|def|1
|-unboost|p2b: Lycanroc|spd|1
|faint|p1b: Kingambit
|
|-weather|Snowscape|[upkeep]
|upkeep
|
|t:|1786123531
|switch|p1b: Garchomp|Garchomp, L50, M|100/100
|turn|3
|
|t:|1786123548
|move|p1a: Delphox|Protect|p1a: Delphox
|-singleturn|p1a: Delphox|Protect
|move|p2a: Froslass|Protect|p2a: Froslass
|-singleturn|p2a: Froslass|Protect
|move|p2b: Lycanroc|Protect|p2b: Lycanroc
|-singleturn|p2b: Lycanroc|Protect
|move|p1b: Garchomp|Earthquake|p2a: Froslass|[spread] 
|-activate|p1a: Delphox|move: Protect
|-activate|p2a: Froslass|move: Protect
|-activate|p2b: Lycanroc|move: Protect
|
|-weather|Snowscape|[upkeep]
|upkeep
|turn|4
|
|t:|1786123569
|switch|p1a: Glimmora|Glimmora, L50, M|100/100
|move|p2b: Lycanroc|Accelerock|p1a: Glimmora
|-damage|p1a: Glimmora|65/100
|-activate|p1a: Glimmora|ability: Toxic Debris
|-sidestart|p2: PaquitoelBollito|move: Toxic Spikes
|move|p1b: Garchomp|Earthquake|p2b: Lycanroc|[spread] p1a,p2a,p2b
|-supereffective|p1a: Glimmora|2
|-supereffective|p2b: Lycanroc|1
|-damage|p1a: Glimmora|0 fnt
|-damage|p2a: Froslass|0 fnt
|-damage|p2b: Lycanroc|0 fnt
|-activate|p1a: Glimmora|ability: Toxic Debris
|-sidestart|p2: PaquitoelBollito|move: Toxic Spikes
|faint|p1a: Glimmora
|faint|p2a: Froslass
|faint|p2b: Lycanroc
|
|-weather|Snowscape|[upkeep]
|upkeep
|
|t:|1786123586
|switch|p2b: Basculegion|Basculegion, L50, M|100/100
|switch|p1a: Delphox|Delphox-Mega, L50, F|78/100
|-status|p2b: Basculegion|tox
|turn|5
|
|t:|1786123598
|move|p1a: Delphox|Protect|p1a: Delphox
|-singleturn|p1a: Delphox|Protect
|move|p1b: Garchomp|Earthquake|p2b: Basculegion|[spread] p2b
|-activate|p1a: Delphox|move: Protect
|-damage|p2b: Basculegion|73/100 tox
|move|p2b: Basculegion|Last Respects|p1b: Garchomp
|-damage|p1b: Garchomp|0 fnt
|faint|p1b: Garchomp
|
|-weather|none
|-damage|p2b: Basculegion|67/100 tox|[from] psn
|upkeep
|turn|6
|
|t:|1786123613
|move|p1a: Delphox|Protect|p1a: Delphox
|-singleturn|p1a: Delphox|Protect
|move|p2b: Basculegion|Last Respects|p1a: Delphox
|-activate|p1a: Delphox|move: Protect
|
|-damage|p2b: Basculegion|55/100 tox|[from] psn
|-sideend|p2: PaquitoelBollito|move: Aurora Veil
|upkeep
|turn|7
|
|t:|1786123620
|move|p1a: Delphox|Psychic|p2b: Basculegion
|-damage|p2b: Basculegion|0 fnt
|faint|p2b: Basculegion
|
|win|tavinn_n
