|j|☆Oscarm92
|j|☆UnlimitedAura219
|html|Oscarm92UnlimitedAura219    
|uhtml|bestof|Game 2 of a best-of-3
|t:|1783099217
|gametype|doubles
|player|p1|Oscarm92|170|1236
|player|p2|UnlimitedAura219|265|1087
|gen|9
|tier|[Gen 9 Champions] VGC 2026 Reg M-B (Bo3)
|rated|
|rule|Species Clause: Limit one of each Pokémon
|rule|Item Clause: Limit 1 of each item
|clearpoke
|poke|p1|Charizard, L50, M, shiny|
|poke|p1|Aerodactyl, L50, F|
|poke|p1|Garchomp, L50, M, shiny|
|poke|p1|Kingambit, L50, M|
|poke|p1|Sylveon, L50, F|
|poke|p1|Farigiraf, L50, F|
|poke|p2|Charizard, L50, M|
|poke|p2|Garchomp, L50, M|
|poke|p2|Heliolisk, L50, F|
|poke|p2|Whimsicott, L50, F|
|poke|p2|Sneasler, L50, M|
|poke|p2|Floette-Eternal, L50, F|
|teampreview|4
|showteam|p1|Charizard||CharizarditeY|Blaze|HeatWave,WeatherBall,SolarBeam,Protect|Modest||M|||50|]Aerodactyl||Aerodactylite|RockHead|IceFang,RockSlide,Tailwind,DualWingbeat|Jolly||F|||50|]Garchomp||LifeOrb|RoughSkin|DragonClaw,StompingTantrum,Earthquake,Protect|Jolly||M|||50|]Kingambit||FocusSash|Defiant|SuckerPunch,KowtowCleave,IronHead,LowKick|Adamant||M|||50|]Sylveon||FairyFeather|Pixilate|QuickAttack,HyperVoice,HyperBeam,Protect|Modest||F|||50|]Farigiraf||SitrusBerry|ArmorTail|TrickRoom,Thunderbolt,GrassKnot,TwinBeam|Bold||F|||50|
|showteam|p2|Charizard||CharizarditeY|SolarPower|HeatWave,WeatherBall,SolarBeam,Protect|Timid||M|||50|]Garchomp||LifeOrb|RoughSkin|Earthquake,DragonClaw,Crunch,Protect|Jolly||M|||50|]Heliolisk||ChoiceScarf|SolarPower|Thunderbolt,HyperVoice,VoltSwitch,Thunder|Timid||F|||50|]Whimsicott||SitrusBerry|Prankster|Tailwind,Encore,Moonblast,Protect|Bold||F|||50|]Sneasler||WhiteHerb|Unburden|CloseCombat,DireClaw,FakeOut,Protect|Adamant||M|||50|]Floette-Eternal||Floettite|FlowerVeil|DazzlingGleam,Moonblast,LightofRuin,Protect|Timid||F|||50|
|
|t:|1783099262
|teamsize|p1|4
|teamsize|p2|4
|start
|switch|p1a: Aerodactyl|Aerodactyl, L50, F|100/100
|switch|p1b: Kingambit|Kingambit, L50, M|100/100
|switch|p2a: Charizard|Charizard, L50, M|100/100
|switch|p2b: Heliolisk|Heliolisk, L50, F|100/100
|turn|1
|
|t:|1783099303
|switch|p1a: Farigiraf|Farigiraf, L50, F|100/100
|detailschange|p2a: Charizard|Charizard-Mega-Y, L50, M
|-mega|p2a: Charizard|Charizard|Charizardite Y
|-weather|SunnyDay|[from] ability: Drought|[of] p2a: Charizard
|move|p1b: Kingambit|Sucker Punch|p2a: Charizard
|-damage|p2a: Charizard|39/100
|move|p2b: Heliolisk|Volt Switch|p1a: Farigiraf
|-damage|p1a: Farigiraf|54/100
|
|t:|1783099314
|switch|p2b: Garchomp|Garchomp, L50, M|100/100|[from] Volt Switch
|move|p2a: Charizard|Heat Wave|p1b: Kingambit|[spread] p1a,p1b
|-supereffective|p1b: Kingambit|1
|-damage|p1a: Farigiraf|0 fnt
|-enditem|p1b: Kingambit|Focus Sash
|-damage|p1b: Kingambit|1/100
|faint|p1a: Farigiraf
|
|-weather|SunnyDay|[upkeep]
|upkeep
|
|t:|1783099321
|switch|p1a: Aerodactyl|Aerodactyl, L50, F|100/100
|turn|2
|
|t:|1783099359
|switch|p2a: Heliolisk|Heliolisk, L50, F|100/100
|detailschange|p1a: Aerodactyl|Aerodactyl-Mega, L50, F
|-mega|p1a: Aerodactyl|Aerodactyl|Aerodactylite
|move|p1b: Kingambit|Sucker Punch||[still]
|-fail|p1b: Kingambit
|move|p1a: Aerodactyl|Ice Fang|p2b: Garchomp
|-supereffective|p2b: Garchomp|2
|-damage|p2b: Garchomp|0 fnt
|-damage|p1a: Aerodactyl|87/100|[from] ability: Rough Skin|[of] p2b: Garchomp
|faint|p2b: Garchomp
|
|-weather|SunnyDay|[upkeep]
|-damage|p2a: Heliolisk|87/100|[from] ability: Solar Power|[of] p2a: Heliolisk
|upkeep
|
|t:|1783099372
|switch|p2b: Charizard|Charizard-Mega-Y, L50, M|39/100
|turn|3
|
|t:|1783099404
|move|p2b: Charizard|Protect|p2b: Charizard
|-singleturn|p2b: Charizard|Protect
|move|p1b: Kingambit|Sucker Punch|p2a: Heliolisk
|-damage|p2a: Heliolisk|2/100
|move|p2a: Heliolisk|Thunderbolt|p1a: Aerodactyl
|-supereffective|p1a: Aerodactyl|1
|-damage|p1a: Aerodactyl|0 fnt
|faint|p1a: Aerodactyl
|
|-weather|SunnyDay|[upkeep]
|-damage|p2a: Heliolisk|0 fnt|[from] ability: Solar Power|[of] p2a: Heliolisk
|faint|p2a: Heliolisk
|upkeep
|
|t:|1783099415
|switch|p1a: Sylveon|Sylveon, L50, F|100/100
|switch|p2a: Whimsicott|Whimsicott, L50, F|100/100
|turn|4
|
|t:|1783099432
|move|p2b: Charizard|Protect||[still]
|-fail|p2b: Charizard
|move|p1b: Kingambit|Sucker Punch||[still]
|-fail|p1b: Kingambit
|move|p2a: Whimsicott|Moonblast|p1b: Kingambit
|-damage|p1b: Kingambit|0 fnt
|faint|p1b: Kingambit
|move|p1a: Sylveon|Hyper Voice|p2b: Charizard|[spread] p2a,p2b
|-resisted|p2b: Charizard|1
|-damage|p2a: Whimsicott|38/100
|-damage|p2b: Charizard|14/100
|-enditem|p2a: Whimsicott|Sitrus Berry|[eat]
|-heal|p2a: Whimsicott|63/100|[from] item: Sitrus Berry
|
|-weather|SunnyDay|[upkeep]
|upkeep
|turn|5
|
|t:|1783099463
|move|p2a: Whimsicott|Encore|p1a: Sylveon
|-start|p1a: Sylveon|Encore
|move|p2b: Charizard|Weather Ball|p1a: Sylveon
|-damage|p1a: Sylveon|29/100
|move|p1a: Sylveon|Hyper Voice|p2a: Whimsicott|[spread] p2a,p2b
|-resisted|p2b: Charizard|1
|-damage|p2a: Whimsicott|9/100
|-damage|p2b: Charizard|0 fnt
|faint|p2b: Charizard
|
|-weather|none
|upkeep
|turn|6
|c|☆Oscarm92|hp
|
|t:|1783099478
|move|p2a: Whimsicott|Moonblast|p1a: Sylveon
|-damage|p1a: Sylveon|7/100
|move|p1a: Sylveon|Hyper Voice|p2a: Whimsicott
|-damage|p2a: Whimsicott|0 fnt
|faint|p2a: Whimsicott
|
|win|Oscarm92
||Oscarm92 is ready for game 3.
||UnlimitedAura219 is ready for game 3.
|uhtml|next|Next: Game 3 of 3
|l|☆UnlimitedAura219
|player|p2|
