|j|☆The_TrueNose
|j|☆snakke001
|html|The_TrueNosesnakke001    
|uhtml|bestof|Game 3 of a best-of-3
|t:|1756379598
|gametype|doubles
|player|p1|The_TrueNose|265|1112
|player|p2|snakke001|1|1093
|gen|9
|tier|[Gen 9] VGC 2025 Reg H (Bo3)
|rated|
|rule|Species Clause: Limit one of each Pokémon
|rule|Item Clause: Limit 1 of each item
|clearpoke
|poke|p1|Garchomp, L50, M|
|poke|p1|Jumpluff, L50, F|
|poke|p1|Torkoal, L50, F|
|poke|p1|Dragonite, L50, F|
|poke|p1|Typhlosion-Hisui, L50, F|
|poke|p1|Kingambit, L50, F|
|poke|p2|Magmar, L50, M|
|poke|p2|Baxcalibur, L50, M|
|poke|p2|Rillaboom, L50, F|
|poke|p2|Sneasler, L50, F|
|poke|p2|Kingambit, L50, M|
|poke|p2|Dondozo, L50, F|
|teampreview|4
|showteam|p1|Garchomp||LifeOrb|RoughSkin|DragonClaw,StompingTantrum,Earthquake,Protect|||M|||50|,,,,,Fire]Jumpluff||CovertCloak|Chlorophyll|LeafStorm,SleepPowder,Encore,Tailwind|||F|||50|,,,,,Water]Torkoal||EjectPack|Drought|Overheat,BurningJealousy,HelpingHand,Protect|||F|||50|,,,,,Flying]Dragonite||LoadedDice|Multiscale|ScaleShot,ExtremeSpeed,IceSpinner,Protect|||F|||50|,,,,,Fairy]Typhlosion-Hisui||ChoiceSpecs|Blaze|Eruption,ShadowBall,HeatWave,Overheat|||F|||50|,,,,,Fire]Kingambit||AssaultVest|Defiant|SuckerPunch,Assurance,IronHead,LowKick|||F|||50|,,,,,Fire
|showteam|p2|Magmar||Eviolite|VitalSpirit|WillOWisp,Overheat,FollowMe,Protect|||M|||50|,,,,,Electric]Baxcalibur||LoadedDice|ThermalExchange|Protect,IceShard,ScaleShot,IcicleSpear|||M|||50|,,,,,Poison]Rillaboom||AssaultVest|GrassySurge|FakeOut,GrassyGlide,WoodHammer,HighHorsepower|||F|||50|,,,,,Fire]Sneasler||FocusSash|Unburden|Protect,Coaching,DireClaw,CloseCombat|||F|||50|,,,,,Stellar]Kingambit||SafetyGoggles|Defiant|Protect,SuckerPunch,KowtowCleave,SwordsDance|||M|||50|,,,,,Dark]Dondozo||Leftovers|Unaware|Protect,WaveCrash,Fissure,Yawn|||F|||50|,,,,,Bug
|inactive|Battle timer is ON: inactive players will automatically lose when time's up. (requested by snakke001)
|inactive|snakke001 has 60 seconds left.
|
|t:|1756379632
|teamsize|p1|4
|teamsize|p2|4
|start
|switch|p1a: Typhlosion|Typhlosion-Hisui, L50, F|100/100
|switch|p1b: Jumpluff|Jumpluff, L50, F|100/100
|switch|p2a: Magmar|Magmar, L50, M|100/100
|switch|p2b: Baxcalibur|Baxcalibur, L50, M|100/100
|turn|1
|inactive|snakke001 has 30 seconds left.
|
|t:|1756379659
|-terastallize|p1a: Typhlosion|Fire
|move|p2a: Magmar|Follow Me|p2a: Magmar
|-singleturn|p2a: Magmar|move: Follow Me
|move|p1b: Jumpluff|Tailwind|p1b: Jumpluff
|-sidestart|p1: The_TrueNose|move: Tailwind
|move|p1a: Typhlosion|Eruption|p2b: Baxcalibur|[spread] p2a,p2b
|-resisted|p2a: Magmar
|-damage|p2a: Magmar|56/100
|-damage|p2b: Baxcalibur|0 fnt
|faint|p2b: Baxcalibur
|
|upkeep
|
|t:|1756379671
|switch|p2b: Dondozo|Dondozo, L50, F|100/100
|turn|2
|
|t:|1756379678
|move|p2a: Magmar|Follow Me|p2a: Magmar
|-singleturn|p2a: Magmar|move: Follow Me
|move|p1b: Jumpluff|Encore|p2a: Magmar
|-start|p2a: Magmar|Encore
|move|p1a: Typhlosion|Eruption|p2a: Magmar|[spread] p2a,p2b
|-resisted|p2a: Magmar
|-resisted|p2b: Dondozo
|-damage|p2a: Magmar|17/100
|-damage|p2b: Dondozo|50/100
|move|p2b: Dondozo|Wave Crash|p1a: Typhlosion
|-supereffective|p1a: Typhlosion
|-damage|p1a: Typhlosion|0 fnt
|faint|p1a: Typhlosion
|-damage|p2b: Dondozo|31/100|[from] Recoil
|
|-heal|p2b: Dondozo|37/100|[from] item: Leftovers
|upkeep
|
|t:|1756379685
|switch|p1a: Garchomp|Garchomp, L50, M|100/100
|turn|3
|inactive|snakke001 has 30 seconds left.
|
|t:|1756379713
|switch|p1b: Dragonite|Dragonite, L50, F|100/100
|switch|p2a: Rillaboom|Rillaboom, L50, F|100/100
|-fieldstart|move: Grassy Terrain|[from] ability: Grassy Surge|[of] p2a: Rillaboom
|move|p1a: Garchomp|Dragon Claw|p2a: Rillaboom
|-damage|p2a: Rillaboom|53/100
|-damage|p1a: Garchomp|91/100|[from] item: Life Orb
|move|p2b: Dondozo|Yawn|p1a: Garchomp
|-start|p1a: Garchomp|move: Yawn|[of] p2b: Dondozo
|
|-heal|p1a: Garchomp|97/100|[from] Grassy Terrain
|-heal|p2a: Rillaboom|58/100|[from] Grassy Terrain
|-heal|p2b: Dondozo|43/100|[from] Grassy Terrain
|-heal|p2b: Dondozo|49/100|[from] item: Leftovers
|upkeep
|turn|4
|inactive|snakke001 has 30 seconds left.
|
|t:|1756379743
|switch|p1a: Jumpluff|Jumpluff, L50, F|100/100
|switch|p2b: Magmar|Magmar, L50, M|17/100
|move|p2a: Rillaboom|Fake Out|p1b: Dragonite
|-damage|p1b: Dragonite|94/100
|cant|p1b: Dragonite|flinch
|
|-heal|p2b: Magmar|23/100|[from] Grassy Terrain
|-heal|p2a: Rillaboom|64/100|[from] Grassy Terrain
|-sideend|p1: The_TrueNose|move: Tailwind
|upkeep
|turn|5
|
|t:|1756379765
|switch|p2a: Dondozo|Dondozo, L50, F|49/100
|move|p1a: Jumpluff|Encore||[still]
|-fail|p1a: Jumpluff
|move|p1b: Dragonite|Scale Shot|p2b: Magmar
|-damage|p2b: Magmar|12/100
|-damage|p2b: Magmar|1/100
|-damage|p2b: Magmar|0 fnt
|faint|p2b: Magmar
|-hitcount|p2: Magmar|3
|-unboost|p1b: Dragonite|def|1
|-boost|p1b: Dragonite|spe|1
|
|-heal|p2a: Dondozo|56/100|[from] Grassy Terrain
|-heal|p2a: Dondozo|62/100|[from] item: Leftovers
|upkeep
|
|t:|1756379773
|switch|p2b: Rillaboom|Rillaboom, L50, F|64/100
|turn|6
|inactive|snakke001 has 30 seconds left.
|
|t:|1756379800
|move|p1b: Dragonite|Protect|p1b: Dragonite
|-singleturn|p1b: Dragonite|Protect
|move|p1a: Jumpluff|Sleep Powder|p2a: Dondozo
|-status|p2a: Dondozo|slp|[from] move: Sleep Powder
|move|p2b: Rillaboom|Wood Hammer|p1b: Dragonite
|-activate|p1b: Dragonite|move: Protect
|cant|p2a: Dondozo|slp
|
|-heal|p2b: Rillaboom|70/100|[from] Grassy Terrain
|-heal|p2a: Dondozo|68/100 slp|[from] Grassy Terrain
|-heal|p2a: Dondozo|74/100 slp|[from] item: Leftovers
|upkeep
|turn|7
|
|t:|1756379810
|cant|p2a: Dondozo|slp
|move|p1b: Dragonite|Ice Spinner|p2b: Rillaboom
|-supereffective|p2b: Rillaboom
|-damage|p2b: Rillaboom|19/100
|-fieldend|move: Grassy Terrain
|move|p1a: Jumpluff|Leaf Storm|p2a: Dondozo
|-supereffective|p2a: Dondozo
|-damage|p2a: Dondozo|16/100 slp
|-unboost|p1a: Jumpluff|spa|2
|move|p2b: Rillaboom|Wood Hammer|p1b: Dragonite
|-resisted|p1b: Dragonite
|-damage|p1b: Dragonite|71/100
|-damage|p2b: Rillaboom|12/100|[from] Recoil
|
|-heal|p2a: Dondozo|22/100 slp|[from] item: Leftovers
|upkeep
|turn|8
|-message|snakke001 forfeited.
|
|win|The_TrueNose
|raw|The_TrueNose's rating: 1112 → 1136(+24 for winning)
|raw|snakke001's rating: 1093 → 1070(-23 for losing)
|l|☆snakke001
|player|p2|
