|j|☆Competiversionofme
|j|☆noka47
|html|Competiversionofmenoka47    
|uhtml|bestof|Game 3 of a best-of-3
|t:|1782234319
|gametype|doubles
|player|p1|Competiversionofme|ghetsis-gen5bw|1115
|player|p2|noka47|101|1195
|gen|9
|tier|[Gen 9 Champions] VGC 2026 Reg M-B (Bo3)
|rated|
|rule|Species Clause: Limit one of each Pokémon
|rule|Item Clause: Limit 1 of each item
|clearpoke
|poke|p1|Sinistcha-Masterpiece, L50|
|poke|p1|Incineroar, L50, F|
|poke|p1|Staraptor, L50, F|
|poke|p1|Whimsicott, L50, F|
|poke|p1|Gholdengo, L50|
|poke|p1|Aggron, L50, M|
|poke|p2|Mawile, L50, F|
|poke|p2|Incineroar, L50, M|
|poke|p2|Sneasler, L50, F|
|poke|p2|Pelipper, L50, M|
|poke|p2|Farigiraf, L50, F|
|poke|p2|Sinistcha, L50|
|teampreview|4
|showteam|p1|Sinistcha-Masterpiece||Leftovers|Hospitality|LifeDew,RagePowder,MatchaGotcha,Protect|Bold|||||50|]Incineroar||ChopleBerry|Intimidate|FakeOut,PartingShot,Protect,WillOWisp|Careful||F|||50|]Staraptor||Staraptite|Intimidate|CloseCombat,Roost,Protect,DualWingbeat|Careful||F|||50|]Whimsicott||SitrusBerry|Prankster|Tailwind,WorrySeed,FakeTears,Charm|Bold||F|||50|]Gholdengo||LifeOrb|GoodasGold|ShadowBall,DazzlingGleam,Protect,MakeItRain|Rash|||||50|]Aggron||Aggronite|Sturdy|BodyPress,IronDefense,HeavySlam,Protect|Careful||M|||50|
|showteam|p2|Mawile||Mawilite|Intimidate|IronHead,PlayRough,SuckerPunch,Protect|Adamant||F|||50|]Incineroar||PasshoBerry|Intimidate|FlareBlitz,DarkestLariat,FakeOut,PartingShot|Adamant||M|||50|]Sneasler||WhiteHerb|Unburden|CloseCombat,DireClaw,FakeOut,Protect|Adamant||F|||50|]Pelipper||LifeOrb|Drizzle|Hurricane,WeatherBall,IceBeam,Protect|Modest||M|||50|]Farigiraf||ColburBerry|ArmorTail|Psychic,Thunderbolt,TrickRoom,Protect|Quiet||F|||50|]Sinistcha||SitrusBerry|Hospitality|MatchaGotcha,RagePowder,TrickRoom,ShadowBall|Relaxed|||||50|
|
|t:|1782234329
|teamsize|p1|4
|teamsize|p2|4
|start
|switch|p1a: Staraptor|Staraptor, L50, F|100/100
|switch|p1b: Whimsicott|Whimsicott, L50, F|100/100
|switch|p2a: Sneasler|Sneasler, L50, F|100/100
|switch|p2b: Farigiraf|Farigiraf, L50, F|100/100
|-ability|p1a: Staraptor|Intimidate|boost
|-unboost|p2a: Sneasler|atk|1
|-unboost|p2b: Farigiraf|atk|1
|-enditem|p2a: Sneasler|White Herb
|-clearnegativeboost|p2a: Sneasler|[silent]
|turn|1
|
|t:|1782234362
|detailschange|p1a: Staraptor|Staraptor-Mega, L50, F
|-mega|p1a: Staraptor|Staraptor|Staraptite
|move|p1b: Whimsicott|Fake Tears|p1a: Staraptor
|-boost|p1a: Staraptor|spd|2
|move|p2a: Sneasler|Dire Claw|p1b: Whimsicott
|-supereffective|p1b: Whimsicott|2
|-damage|p1b: Whimsicott|0 fnt
|faint|p1b: Whimsicott
|move|p1a: Staraptor|Dual Wingbeat|p2a: Sneasler
|-supereffective|p2a: Sneasler|1
|-damage|p2a: Sneasler|37/100
|-supereffective|p2a: Sneasler|1
|-damage|p2a: Sneasler|0 fnt
|faint|p2a: Sneasler
|-hitcount|p2: Sneasler|2
|move|p2b: Farigiraf|Trick Room|p2b: Farigiraf
|-fieldstart|move: Trick Room|[of] p2b: Farigiraf
|
|upkeep
|
|t:|1782234379
|switch|p1b: Incineroar|Incineroar, L50, F|100/100
|switch|p2a: Pelipper|Pelipper, L50, M|100/100
|-ability|p1b: Incineroar|Intimidate|boost
|-unboost|p2a: Pelipper|atk|1
|-unboost|p2b: Farigiraf|atk|1
|-weather|RainDance|[from] ability: Drizzle|[of] p2a: Pelipper
|turn|2
|
|t:|1782234411
|move|p1b: Incineroar|Protect|p1b: Incineroar
|-singleturn|p1b: Incineroar|Protect
|move|p1a: Staraptor|Protect|p1a: Staraptor
|-singleturn|p1a: Staraptor|Protect
|move|p2b: Farigiraf|Psychic|p1a: Staraptor
|-activate|p1a: Staraptor|move: Protect
|move|p2a: Pelipper|Hurricane|p1a: Staraptor
|-activate|p1a: Staraptor|move: Protect
|
|-weather|RainDance|[upkeep]
|upkeep
|turn|3
|
|t:|1782234438
|move|p2b: Farigiraf|Psychic|p1a: Staraptor
|-supereffective|p1a: Staraptor|1
|-damage|p1a: Staraptor|70/100
|move|p1b: Incineroar|Parting Shot|p1a: Staraptor
|-boost|p1a: Staraptor|atk|1
|-boost|p1a: Staraptor|spa|1
|
|t:|1782234445
|switch|p1b: Sinistcha|Sinistcha-Masterpiece, L50|100/100|[from] Parting Shot
|-heal|p1a: Staraptor|95/100|[from] ability: Hospitality|[of] p1b: Sinistcha
|move|p2a: Pelipper|Hurricane|p1a: Staraptor
|-supereffective|p1a: Staraptor|1
|-damage|p1a: Staraptor|46/100
|-start|p1a: Staraptor|confusion
|-damage|p2a: Pelipper|90/100|[from] item: Life Orb
|-activate|p1a: Staraptor|confusion
|move|p1a: Staraptor|Close Combat|p2b: Farigiraf
|-damage|p2b: Farigiraf|7/100
|-boost|p1a: Staraptor|def|1
|-boost|p1a: Staraptor|spd|1
|
|-weather|RainDance|[upkeep]
|upkeep
|turn|4
|
|t:|1782234483
|move|p2b: Farigiraf|Psychic|p1a: Staraptor
|-supereffective|p1a: Staraptor|1
|-damage|p1a: Staraptor|21/100
|move|p2a: Pelipper|Weather Ball|p1b: Sinistcha
|-resisted|p1b: Sinistcha|1
|-damage|p1b: Sinistcha|47/100
|-damage|p2a: Pelipper|80/100|[from] item: Life Orb
|move|p1b: Sinistcha|Life Dew|p1b: Sinistcha|[spread] p1a,p1b
|-heal|p1a: Staraptor|46/100
|-heal|p1b: Sinistcha|72/100
|-activate|p1a: Staraptor|confusion
|move|p1a: Staraptor|Roost|p1a: Staraptor
|-heal|p1a: Staraptor|96/100
|-singleturn|p1a: Staraptor|move: Roost
|
|-weather|RainDance|[upkeep]
|-heal|p1b: Sinistcha|78/100|[from] item: Leftovers
|upkeep
|turn|5
|
|t:|1782234506
|move|p2b: Farigiraf|Psychic|p1a: Staraptor
|-supereffective|p1a: Staraptor|1
|-damage|p1a: Staraptor|71/100
|move|p2a: Pelipper|Hurricane|p1b: Sinistcha
|-supereffective|p1b: Sinistcha|1
|-damage|p1b: Sinistcha|0 fnt
|faint|p1b: Sinistcha
|-damage|p2a: Pelipper|71/100|[from] item: Life Orb
|-end|p1a: Staraptor|confusion
|move|p1a: Staraptor|Close Combat|p2a: Pelipper
|-resisted|p2a: Pelipper|1
|-damage|p2a: Pelipper|28/100
|-boost|p1a: Staraptor|def|1
|-boost|p1a: Staraptor|spd|1
|
|-weather|RainDance|[upkeep]
|-fieldend|move: Trick Room
|upkeep
|
|t:|1782234512
|switch|p1b: Incineroar|Incineroar, L50, F|100/100
|-ability|p1b: Incineroar|Intimidate|boost
|-unboost|p2a: Pelipper|atk|1
|-unboost|p2b: Farigiraf|atk|1
|turn|6
|
|t:|1782234541
|move|p1a: Staraptor|Close Combat|p2b: Farigiraf
|-damage|p2b: Farigiraf|0 fnt
|-boost|p1a: Staraptor|def|1
|-boost|p1a: Staraptor|spd|1
|faint|p2b: Farigiraf
|move|p2a: Pelipper|Weather Ball|p1b: Incineroar
|-supereffective|p1b: Incineroar|1
|-damage|p1b: Incineroar|0 fnt
|faint|p1b: Incineroar
|-damage|p2a: Pelipper|18/100|[from] item: Life Orb
|
|-weather|none
|upkeep
|
|t:|1782234551
|switch|p2b: Mawile|Mawile, L50, F|100/100
|-ability|p2b: Mawile|Intimidate|boost
|-boost|p1a: Staraptor|atk|1
|turn|7
|
|t:|1782234563
|detailschange|p2b: Mawile|Mawile-Mega, L50, F
|-mega|p2b: Mawile|Mawile|Mawilite
|move|p2b: Mawile|Protect|p2b: Mawile
|-singleturn|p2b: Mawile|Protect
|move|p1a: Staraptor|Close Combat|p2b: Mawile
|-activate|p2b: Mawile|move: Protect
|move|p2a: Pelipper|Ice Beam|p1a: Staraptor
|-supereffective|p1a: Staraptor|1
|-damage|p1a: Staraptor|54/100
|-damage|p2a: Pelipper|8/100|[from] item: Life Orb
|
|upkeep
|turn|8
|
|t:|1782234576
|move|p1a: Staraptor|Close Combat|p2b: Mawile
|-damage|p2b: Mawile|0 fnt
|-boost|p1a: Staraptor|def|1
|-boost|p1a: Staraptor|spd|1
|faint|p2b: Mawile
|move|p2a: Pelipper|Hurricane|p1a: Staraptor
|-supereffective|p1a: Staraptor|1
|-damage|p1a: Staraptor|29/100
|-damage|p2a: Pelipper|0 fnt|[from] item: Life Orb
|faint|p2a: Pelipper
|
|win|Competiversionofme
|raw|Competiversionofme's rating: 1115 → 1146(+31 for winning)
|raw|noka47's rating: 1195 → 1164(-31 for losing)
|l|☆Competiversionofme
|player|p1|
