|j|☆Huasometa
|j|☆rustychair13
|html|Huasometarustychair13    
|uhtml|bestof|Game 2 of a best-of-3
|t:|1783698295
|gametype|doubles
|player|p1|Huasometa|elesa|1217
|player|p2|rustychair13|265|1266
|gen|9
|tier|[Gen 9 Champions] VGC 2026 Reg M-B (Bo3)
|rated|
|rule|Species Clause: Limit one of each Pokémon
|rule|Item Clause: Limit 1 of each item
|clearpoke
|poke|p1|Chandelure, L50, F|
|poke|p1|Kangaskhan, L50, F|
|poke|p1|Sylveon, L50, M|
|poke|p1|Kingambit, L50, F|
|poke|p1|Rotom-Wash, L50|
|poke|p1|Venusaur, L50, M|
|poke|p2|Garchomp, L50, M|
|poke|p2|Charizard, L50, F|
|poke|p2|Incineroar, L50, M|
|poke|p2|Aerodactyl, L50, F|
|poke|p2|Sylveon, L50, F|
|poke|p2|Farigiraf, L50, M|
|teampreview|4
|showteam|p1|Chandelure||FocusSash|FlashFire|HeatWave,ShadowBall,TrickRoom,Taunt|Quiet||F|||50|]Kangaskhan||Kangaskhanite|InnerFocus|FakeOut,DoubleEdge,SuckerPunch,HammerArm|Brave||F|||50|]Sylveon||FairyFeather|Pixilate|HyperVoice,Protect,HyperBeam,QuickAttack|Quiet||M|||50|]Kingambit||BlackGlasses|Defiant|KowtowCleave,SuckerPunch,IronHead,Protect|Brave||F|||50|]Rotom-Wash||SitrusBerry|Levitate|ThunderWave,VoltSwitch,HydroPump,Protect|Calm|||||50|]Venusaur||Venusaurite|Chlorophyll|EarthPower,SleepPowder,GigaDrain,Protect|Modest||M|||50|
|showteam|p2|Garchomp||LifeOrb|RoughSkin|DragonClaw,Earthquake,StompingTantrum,Protect|Jolly||M|||50|]Charizard||CharizarditeY|Blaze|WeatherBall,HeatWave,SolarBeam,Protect|Modest||F|||50|]Incineroar||Charcoal|Intimidate|FlareBlitz,DarkestLariat,PartingShot,FakeOut|Brave||M|||50|]Aerodactyl||FocusSash|Unnerve|RockSlide,Tailwind,WideGuard,Protect|Jolly||F|||50|]Sylveon||FairyFeather|Pixilate|HyperVoice,QuickAttack,Yawn,Detect|Modest||F|||50|]Farigiraf||SitrusBerry|ArmorTail|Psychic,HelpingHand,TrickRoom,Protect|Calm||M|||50|
|
|t:|1783698330
|teamsize|p1|4
|teamsize|p2|4
|start
|switch|p1a: Chandelure|Chandelure, L50, F|100/100
|switch|p1b: Sylveon|Sylveon, L50, M|100/100
|switch|p2a: Farigiraf|Farigiraf, L50, M|100/100
|switch|p2b: Sylveon|Sylveon, L50, F|100/100
|turn|1
|inactive|Battle timer is ON: inactive players will automatically lose when time's up. (requested by rustychair13)
|
|t:|1783698371
|move|p2a: Farigiraf|Helping Hand|p2b: Sylveon
|-singleturn|p2b: Sylveon|Helping Hand|[of] p2a: Farigiraf
|move|p2b: Sylveon|Hyper Voice|p1a: Chandelure|[spread] p1a,p1b
|-resisted|p1a: Chandelure|1
|-damage|p1a: Chandelure|56/100
|-damage|p1b: Sylveon|44/100
|move|p1a: Chandelure|Taunt|p2b: Sylveon
|-start|p2b: Sylveon|move: Taunt
|move|p1b: Sylveon|Hyper Voice|p2a: Farigiraf|[spread] p2a,p2b
|-damage|p2a: Farigiraf|62/100
|-damage|p2b: Sylveon|62/100
|
|upkeep
|turn|2
|
|t:|1783698386
|move|p2a: Farigiraf|Helping Hand|p2b: Sylveon
|-singleturn|p2b: Sylveon|Helping Hand|[of] p2a: Farigiraf
|move|p1b: Sylveon|Protect|p1b: Sylveon
|-singleturn|p1b: Sylveon|Protect
|move|p2b: Sylveon|Hyper Voice|p1a: Chandelure|[spread] p1a
|-activate|p1b: Sylveon|move: Protect
|-resisted|p1a: Chandelure|1
|-damage|p1a: Chandelure|15/100
|move|p1a: Chandelure|Trick Room|p1a: Chandelure
|-fieldstart|move: Trick Room|[of] p1a: Chandelure
|
|upkeep
|turn|3
|inactive|Huasometa has 30 seconds left.
|
|t:|1783698415
|move|p1b: Sylveon|Hyper Voice|p2a: Farigiraf|[spread] p2a,p2b
|-damage|p2a: Farigiraf|28/100
|-damage|p2b: Sylveon|22/100
|-enditem|p2a: Farigiraf|Sitrus Berry|[eat]
|-heal|p2a: Farigiraf|53/100|[from] item: Sitrus Berry
|move|p1a: Chandelure|Taunt|p2a: Farigiraf
|-start|p2a: Farigiraf|move: Taunt
|move|p2b: Sylveon|Hyper Voice|p1a: Chandelure|[spread] p1a,p1b
|-resisted|p1a: Chandelure|1
|-damage|p1a: Chandelure|0 fnt
|-damage|p1b: Sylveon|5/100
|faint|p1a: Chandelure
|cant|p2a: Farigiraf|move: Taunt|Trick Room
|
|upkeep
|
|t:|1783698430
|switch|p1a: Rotom|Rotom-Wash, L50|100/100
|turn|4
|
|t:|1783698435
|move|p2b: Sylveon|Quick Attack|p1b: Sylveon
|-damage|p1b: Sylveon|0 fnt
|faint|p1b: Sylveon
|move|p2a: Farigiraf|Psychic|p1a: Rotom
|-damage|p1a: Rotom|72/100
|move|p1a: Rotom|Volt Switch|p2b: Sylveon
|-damage|p2b: Sylveon|2/100
|
|t:|1783698440
|switch|p1a: Venusaur|Venusaur, L50, M|100/100|[from] Volt Switch
|
|-end|p2b: Sylveon|move: Taunt
|upkeep
|
|t:|1783698445
|switch|p1b: Rotom|Rotom-Wash, L50|72/100
|turn|5
|
|t:|1783698454
|move|p2a: Farigiraf|Psychic|p1a: Venusaur
|-supereffective|p1a: Venusaur|1
|-damage|p1a: Venusaur|37/100
|move|p2b: Sylveon|Hyper Voice|p1a: Venusaur|[spread] p1a,p1b
|-resisted|p1a: Venusaur|1
|-damage|p1a: Venusaur|13/100
|-damage|p1b: Rotom|36/100
|-enditem|p1b: Rotom|Sitrus Berry|[eat]
|-heal|p1b: Rotom|61/100|[from] item: Sitrus Berry
|move|p1b: Rotom|Volt Switch|p2b: Sylveon
|-damage|p2b: Sylveon|0 fnt
|faint|p2b: Sylveon
|move|p1a: Venusaur|Sleep Powder|p2a: Farigiraf
|-status|p2a: Farigiraf|slp|[from] move: Sleep Powder
|
|-end|p2a: Farigiraf|move: Taunt
|upkeep
|
|t:|1783698461
|switch|p2b: Incineroar|Incineroar, L50, M|100/100
|-ability|p2b: Incineroar|Intimidate|boost
|-unboost|p1a: Venusaur|atk|1
|-unboost|p1b: Rotom|atk|1
|turn|6
|
|t:|1783698470
|move|p1b: Rotom|Protect|p1b: Rotom
|-singleturn|p1b: Rotom|Protect
|move|p1a: Venusaur|Protect|p1a: Venusaur
|-singleturn|p1a: Venusaur|Protect
|move|p2b: Incineroar|Fake Out|p1b: Rotom
|-activate|p1b: Rotom|move: Protect
|cant|p2a: Farigiraf|slp
|
|-fieldend|move: Trick Room
|upkeep
|turn|7
|
|t:|1783698492
|move|p1a: Venusaur|Earth Power|p2b: Incineroar
|-supereffective|p2b: Incineroar|1
|-damage|p2b: Incineroar|51/100
|move|p1b: Rotom|Hydro Pump|p2b: Incineroar|[miss]
|-miss|p1b: Rotom|p2b: Incineroar
|cant|p2a: Farigiraf|slp
|move|p2b: Incineroar|Flare Blitz|p1a: Venusaur
|-supereffective|p1a: Venusaur|1
|-damage|p1a: Venusaur|0 fnt
|faint|p1a: Venusaur
|-damage|p2b: Incineroar|46/100|[from] Recoil
|
|upkeep
|turn|8
|inactive|Huasometa has 30 seconds left.
|
|t:|1783698525
|move|p1b: Rotom|Hydro Pump|p2b: Incineroar
|-supereffective|p2b: Incineroar|1
|-damage|p2b: Incineroar|0 fnt
|faint|p2b: Incineroar
|-curestatus|p2a: Farigiraf|slp|[msg]
|move|p2a: Farigiraf|Psychic|p1b: Rotom
|-damage|p1b: Rotom|33/100
|
|upkeep
|
|t:|1783698544
|switch|p2b: Charizard|Charizard, L50, F|100/100
|turn|9
|
|t:|1783698552
|detailschange|p2b: Charizard|Charizard-Mega-Y, L50, F
|-mega|p2b: Charizard|Charizard|Charizardite Y
|-weather|SunnyDay|[from] ability: Drought|[of] p2b: Charizard
|move|p2b: Charizard|Solar Beam||[still]
|-prepare|p2b: Charizard|Solar Beam
|-anim|p2b: Charizard|Solar Beam|p1b: Rotom
|-supereffective|p1b: Rotom|1
|-damage|p1b: Rotom|0 fnt
|faint|p1b: Rotom
|
|win|rustychair13
|raw|Huasometa's rating: 1217 → 1196(-21 for losing)
|raw|rustychair13's rating: 1266 → 1287(+21 for winning)
