|j|☆master 792
|j|☆HeoWay
|html|master 792HeoWay    
|uhtml|bestof|Game 1 of a best-of-3
|t:|1784309162
|gametype|doubles
|player|p1|master 792|red|1264
|player|p2|HeoWay|170|1245
|gen|9
|tier|[Gen 9 Champions] VGC 2026 Reg M-B (Bo3)
|rated|
|rule|Species Clause: Limit one of each Pokémon
|rule|Item Clause: Limit 1 of each item
|clearpoke
|poke|p1|Blastoise, L50, M|
|poke|p1|Delphox, L50, F|
|poke|p1|Incineroar, L50, F|
|poke|p1|Sneasler, L50, M|
|poke|p1|Sinistcha, L50, shiny|
|poke|p1|Maushold-Four, L50|
|poke|p2|Charizard, L50, F|
|poke|p2|Tyranitar, L50, F|
|poke|p2|Milotic, L50, M|
|poke|p2|Sneasler, L50, F|
|poke|p2|Excadrill, L50, F|
|poke|p2|Sinistcha, L50|
|teampreview|4
|showteam|p1|Blastoise||Blastoisinite|RainDish|WaterSpout,DarkPulse,ShellSmash,Protect|Modest||M|||50|]Delphox||Delphoxite|Blaze|HeatWave,Psychic,NastyPlot,Protect|Timid||F|||50|]Incineroar||SitrusBerry|Intimidate|FakeOut,PartingShot,FlareBlitz,ThroatChop|Bold||F|||50|]Sneasler||FocusSash|PoisonTouch|FakeOut,DireClaw,CloseCombat,QuickGuard|Jolly||M|||50|]Sinistcha||OccaBerry|Hospitality|MatchaGotcha,LifeDew,RagePowder,Protect|Bold|||||50|]Maushold-Four||ChopleBerry|FriendGuard|FollowMe,SuperFang,Protect,Taunt|Bold|||||50|
|showteam|p2|Charizard||CharizarditeX|Blaze|FlareBlitz,Protect,Roost,WillOWisp|Jolly||F|||50|]Tyranitar||Tyranitarite|SandStream|DragonDance,KnockOff,RockSlide,Protect|Jolly||F|||50|]Milotic||Leftovers|Competitive|Scald,Protect,Recover,IcyWind|Calm||M|||50|]Sneasler||WhiteHerb|Unburden|CloseCombat,FakeOut,DireClaw,Protect|Adamant||F|||50|]Excadrill||FocusSash|SandRush|RockSlide,HighHorsepower,IronHead,Protect|Jolly||F|||50|]Sinistcha||KasibBerry|Hospitality|MatchaGotcha,RagePowder,LifeDew,Protect|Bold|||||50|
|inactive|Battle timer is ON: inactive players will automatically lose when time's up. (requested by HeoWay)
|inactive|HeoWay has 60 seconds left.
|
|t:|1784309210
|teamsize|p1|4
|teamsize|p2|4
|start
|switch|p1a: Blastoise|Blastoise, L50, M|100/100
|switch|p1b: Maushold|Maushold-Four, L50|100/100
|switch|p2a: Sneasler|Sneasler, L50, F|100/100
|switch|p2b: Milotic|Milotic, L50, M|100/100
|turn|1
|
|t:|1784309232
|move|p1b: Maushold|Protect|p1b: Maushold
|-singleturn|p1b: Maushold|Protect
|move|p1a: Blastoise|Protect|p1a: Blastoise
|-singleturn|p1a: Blastoise|Protect
|move|p2a: Sneasler|Close Combat|p1b: Maushold
|-activate|p1b: Maushold|move: Protect
|move|p2b: Milotic|Scald|p1b: Maushold
|-activate|p1b: Maushold|move: Protect
|
|upkeep
|turn|2
|inactive|HeoWay has 30 seconds left.
|
|t:|1784309257
|detailschange|p1a: Blastoise|Blastoise-Mega, L50, M
|-mega|p1a: Blastoise|Blastoise|Blastoisinite
|move|p1b: Maushold|Follow Me|p1b: Maushold
|-singleturn|p1b: Maushold|move: Follow Me
|move|p2a: Sneasler|Close Combat|p1b: Maushold
|-supereffective|p1b: Maushold|1
|-enditem|p1b: Maushold|Chople Berry|[eat]
|-enditem|p1b: Maushold|Chople Berry|[weaken]
|-damage|p1b: Maushold|29/100
|-unboost|p2a: Sneasler|def|1
|-unboost|p2a: Sneasler|spd|1
|-enditem|p2a: Sneasler|White Herb
|-clearnegativeboost|p2a: Sneasler|[silent]
|move|p1a: Blastoise|Shell Smash|p1a: Blastoise
|-unboost|p1a: Blastoise|def|1
|-unboost|p1a: Blastoise|spd|1
|-boost|p1a: Blastoise|atk|2
|-boost|p1a: Blastoise|spa|2
|-boost|p1a: Blastoise|spe|2
|move|p2b: Milotic|Icy Wind|p1b: Maushold|[spread] p1a,p1b
|-resisted|p1a: Blastoise|1
|-damage|p1a: Blastoise|94/100
|-damage|p1b: Maushold|18/100
|-unboost|p1a: Blastoise|spe|1
|-unboost|p1b: Maushold|spe|1
|
|upkeep
|turn|3
|inactive|HeoWay has 30 seconds left.
|inactive|HeoWay has 20 seconds left.
|
|t:|1784309295
|move|p2a: Sneasler|Protect|p2a: Sneasler
|-singleturn|p2a: Sneasler|Protect
|move|p1b: Maushold|Follow Me|p1b: Maushold
|-singleturn|p1b: Maushold|move: Follow Me
|move|p1a: Blastoise|Water Spout|p2a: Sneasler|[spread] p2b
|-activate|p2a: Sneasler|move: Protect
|-resisted|p2b: Milotic|1
|-damage|p2b: Milotic|61/100
|move|p2b: Milotic|Scald|p1b: Maushold
|-damage|p1b: Maushold|0 fnt
|faint|p1b: Maushold
|
|-heal|p2b: Milotic|67/100|[from] item: Leftovers
|upkeep
|
|t:|1784309301
|switch|p1b: Sinistcha|Sinistcha, L50, shiny|100/100
|-heal|p1a: Blastoise|100/100|[from] ability: Hospitality|[of] p1b: Sinistcha
|turn|4
|
|t:|1784309309
|move|p1b: Sinistcha|Rage Powder|p1b: Sinistcha
|-singleturn|p1b: Sinistcha|move: Rage Powder
|move|p2a: Sneasler|Dire Claw|p1b: Sinistcha
|-damage|p1b: Sinistcha|64/100
|-status|p1b: Sinistcha|psn
|move|p1a: Blastoise|Shell Smash|p1a: Blastoise
|-unboost|p1a: Blastoise|def|1
|-unboost|p1a: Blastoise|spd|1
|-boost|p1a: Blastoise|atk|2
|-boost|p1a: Blastoise|spa|2
|-boost|p1a: Blastoise|spe|2
|move|p2b: Milotic|Icy Wind|p1a: Blastoise|[spread] p1a,p1b
|-resisted|p1a: Blastoise|1
|-supereffective|p1b: Sinistcha|1
|-damage|p1a: Blastoise|90/100
|-damage|p1b: Sinistcha|43/100 psn
|-unboost|p1a: Blastoise|spe|1
|-unboost|p1b: Sinistcha|spe|1
|
|-heal|p2b: Milotic|73/100|[from] item: Leftovers
|-damage|p1b: Sinistcha|31/100 psn|[from] psn
|upkeep
|turn|5
|inactive|HeoWay has 30 seconds left.
|
|t:|1784309334
|move|p1b: Sinistcha|Rage Powder|p1b: Sinistcha
|-singleturn|p1b: Sinistcha|move: Rage Powder
|move|p2a: Sneasler|Dire Claw|p1b: Sinistcha
|-damage|p1b: Sinistcha|0 fnt
|-fail|p1b: Sinistcha
|faint|p1b: Sinistcha
|move|p1a: Blastoise|Water Spout|p2b: Milotic|[spread] p2a,p2b
|-resisted|p2b: Milotic|1
|-damage|p2a: Sneasler|0 fnt
|-damage|p2b: Milotic|15/100
|faint|p2a: Sneasler
|move|p2b: Milotic|Icy Wind|p1a: Blastoise
|-resisted|p1a: Blastoise|1
|-damage|p1a: Blastoise|78/100
|-unboost|p1a: Blastoise|spe|1
|
|-heal|p2b: Milotic|21/100|[from] item: Leftovers
|upkeep
|
|t:|1784309349
|switch|p2a: Tyranitar|Tyranitar, L50, F|100/100
|switch|p1b: Sneasler|Sneasler, L50, M|100/100
|-weather|Sandstorm|[from] ability: Sand Stream|[of] p2a: Tyranitar
|turn|6
|
|t:|1784309371
|move|p2a: Tyranitar|Protect|p2a: Tyranitar
|-singleturn|p2a: Tyranitar|Protect
|move|p1b: Sneasler|Fake Out|p2b: Milotic
|-damage|p2b: Milotic|7/100
|move|p1a: Blastoise|Shell Smash|p1a: Blastoise
|-unboost|p1a: Blastoise|def|1
|-unboost|p1a: Blastoise|spd|1
|-boost|p1a: Blastoise|atk|2
|-boost|p1a: Blastoise|spa|2
|-boost|p1a: Blastoise|spe|2
|cant|p2b: Milotic|flinch
|
|-weather|Sandstorm|[upkeep]
|-damage|p1a: Blastoise|72/100|[from] Sandstorm
|-damage|p1b: Sneasler|94/100|[from] Sandstorm
|-damage|p2b: Milotic|1/100|[from] Sandstorm
|-heal|p2b: Milotic|7/100|[from] item: Leftovers
|upkeep
|turn|7
|
|t:|1784309391
|detailschange|p2a: Tyranitar|Tyranitar-Mega, L50, F
|-mega|p2a: Tyranitar|Tyranitar|Tyranitarite
|move|p1a: Blastoise|Water Spout|p2b: Milotic|[spread] p2a,p2b
|-supereffective|p2a: Tyranitar|1
|-resisted|p2b: Milotic|1
|-damage|p2a: Tyranitar|0 fnt
|-damage|p2b: Milotic|0 fnt
|faint|p2a: Tyranitar
|faint|p2b: Milotic
|move|p1b: Sneasler|Close Combat|p2: Tyranitar|[notarget]
|-fail|p1b: Sneasler
|
|-weather|Sandstorm|[upkeep]
|-damage|p1a: Blastoise|67/100|[from] Sandstorm
|-damage|p1b: Sneasler|88/100|[from] Sandstorm
|upkeep
|
|t:|1784309396
|switch|p2b: Excadrill|Excadrill, L50, F|100/100
|turn|8
|
|t:|1784309401
|move|p1a: Blastoise|Dark Pulse|p2b: Excadrill
|-enditem|p2b: Excadrill|Focus Sash
|-damage|p2b: Excadrill|1/100
|move|p2b: Excadrill|High Horsepower|p1b: Sneasler
|-supereffective|p1b: Sneasler|1
|-damage|p1b: Sneasler|0 fnt
|faint|p1b: Sneasler
|
|-weather|Sandstorm|[upkeep]
|-damage|p1a: Blastoise|61/100|[from] Sandstorm
|upkeep
|turn|9
|
|t:|1784309407
|move|p1a: Blastoise|Dark Pulse|p2b: Excadrill
|-damage|p2b: Excadrill|0 fnt
|faint|p2b: Excadrill
|
|win|master 792
||HeoWay is ready for game 2.
||master 792 is ready for game 2.
|uhtml|next|Next: Game 2 of 3
|l|☆HeoWay
|player|p2|
