|j|☆wodaiogien
|j|☆AkihitoKei
|html|wodaiogienAkihitoKei    
|uhtml|bestof|Game 3 of a best-of-3
|t:|1782307237
|gametype|doubles
|player|p1|wodaiogien|170|1138
|player|p2|AkihitoKei|n|1155
|gen|9
|tier|[Gen 9 Champions] VGC 2026 Reg M-B (Bo3)
|rated|
|rule|Species Clause: Limit one of each Pokémon
|rule|Item Clause: Limit 1 of each item
|clearpoke
|poke|p1|Ninetales-Alola, L50, F|
|poke|p1|Raichu, L50, F|
|poke|p1|Basculegion, L50, M|
|poke|p1|Incineroar, L50, F|
|poke|p1|Kingambit, L50, M|
|poke|p1|Farigiraf, L50, M|
|poke|p2|Sneasler, L50, F|
|poke|p2|Basculegion, L50, M|
|poke|p2|Ceruledge, L50, F|
|poke|p2|Kingambit, L50, M|
|poke|p2|Froslass, L50, F|
|poke|p2|Dragonite, L50, M|
|teampreview|4
|showteam|p1|Ninetales-Alola||FocusSash|SnowWarning|Blizzard,FreezeDry,Encore,Protect|Timid||F|||50|]Raichu||RaichuniteY|LightningRod|ZapCannon,FocusBlast,FakeOut,Protect|Timid||F|||50|]Basculegion||LifeOrb|Adaptability|WaveCrash,AquaJet,LastRespects,Protect|Adamant||M|||50|]Incineroar||ShucaBerry|Intimidate|FlareBlitz,PartingShot,FakeOut,DarkestLariat|Careful||F|||50|]Kingambit||ChopleBerry|Defiant|KowtowCleave,SuckerPunch,IronHead,LowKick|Adamant||M|||50|]Farigiraf||SitrusBerry|ArmorTail|TwinBeam,TrickRoom,HelpingHand,Protect|Relaxed||M|||50|
|showteam|p2|Sneasler||WhiteHerb|Unburden|CloseCombat,DireClaw,FakeOut,Protect|Adamant||F|||50|]Basculegion||ChoiceScarf|Adaptability|WaveCrash,LastRespects,AquaJet,FlipTurn|Jolly||M|||50|]Ceruledge||ColburBerry|FlashFire|BitterBlade,ShadowSneak,BrickBreak,Protect|Jolly||F|||50|]Kingambit||BlackGlasses|Defiant|KowtowCleave,LowKick,SuckerPunch,Protect|Adamant||M|||50|]Froslass||Froslassite|CursedBody|Blizzard,ShadowBall,AuroraVeil,Protect|Timid||F|||50|]Dragonite||Dragoninite|Multiscale|DragonPulse,Flamethrower,Tailwind,Protect|Modest||M|||50|
|inactive|Battle timer is ON: inactive players will automatically lose when time's up. (requested by wodaiogien)
|
|t:|1782307278
|teamsize|p1|4
|teamsize|p2|4
|start
|switch|p1a: Farigiraf|Farigiraf, L50, M|100/100
|switch|p1b: Basculegion|Basculegion, L50, M|100/100
|switch|p2a: Froslass|Froslass, L50, F|100/100
|switch|p2b: Dragonite|Dragonite, L50, M|100/100
|turn|1
|inactive|wodaiogien has 30 seconds left.
|inactive|AkihitoKei has 30 seconds left.
|inactive|wodaiogien has 20 seconds left.
|inactive|wodaiogien has 15 seconds left.
|
|t:|1782307323
|move|p2a: Froslass|Protect|p2a: Froslass
|-singleturn|p2a: Froslass|Protect
|move|p1b: Basculegion|Protect|p1b: Basculegion
|-singleturn|p1b: Basculegion|Protect
|move|p2b: Dragonite|Dragon Pulse|p1a: Farigiraf
|-damage|p1a: Farigiraf|60/100
|move|p1a: Farigiraf|Trick Room|p1a: Farigiraf
|-fieldstart|move: Trick Room|[of] p1a: Farigiraf
|
|upkeep
|turn|2
|inactive|AkihitoKei has 30 seconds left.
|
|t:|1782307350
|switch|p2a: Kingambit|Kingambit, L50, M|100/100
|move|p1a: Farigiraf|Twin Beam|p2b: Dragonite
|-damage|p2b: Dragonite|93/100
|-damage|p2b: Dragonite|79/100
|-hitcount|p2b: Dragonite|2
|move|p2b: Dragonite|Dragon Pulse|p1a: Farigiraf
|-damage|p1a: Farigiraf|20/100y
|-enditem|p1a: Farigiraf|Sitrus Berry|[eat]
|-heal|p1a: Farigiraf|45/100|[from] item: Sitrus Berry
|move|p1b: Basculegion|Wave Crash|p2a: Kingambit
|-damage|p2a: Kingambit|19/100
|-damage|p1b: Basculegion|74/100|[from] Recoil
|-damage|p1b: Basculegion|64/100|[from] item: Life Orb
|
|upkeep
|turn|3
|inactive|wodaiogien has 30 seconds left.
|
|t:|1782307377
|move|p1a: Farigiraf|Protect|p1a: Farigiraf
|-singleturn|p1a: Farigiraf|Protect
|move|p2a: Kingambit|Kowtow Cleave|p1b: Basculegion
|-supereffective|p1b: Basculegion|1
|-damage|p1b: Basculegion|0 fnt
|faint|p1b: Basculegion
|move|p2b: Dragonite|Dragon Pulse|p1a: Farigiraf
|-activate|p1a: Farigiraf|move: Protect
|
|upkeep
|
|t:|1782307384
|switch|p1b: Incineroar|Incineroar, L50, F|100/100
|-ability|p1b: Incineroar|Intimidate|boost
|-unboost|p2a: Kingambit|atk|1
|-ability|p2a: Kingambit|Defiant|boost
|-boost|p2a: Kingambit|atk|2
|-unboost|p2b: Dragonite|atk|1
|turn|4
|
|t:|1782307416
|switch|p1a: Raichu|Raichu, L50, F|100/100
|move|p2a: Kingambit|Protect|p2a: Kingambit
|-singleturn|p2a: Kingambit|Protect
|move|p1b: Incineroar|Fake Out|p2a: Kingambit
|-activate|p2a: Kingambit|move: Protect
|move|p2b: Dragonite|Dragon Pulse|p1a: Raichu
|-damage|p1a: Raichu|45/100
|
|upkeep
|turn|5
|inactive|wodaiogien has 30 seconds left.
|inactive|AkihitoKei has 30 seconds left.
|
|t:|1782307462
|move|p1a: Raichu|Protect|p1a: Raichu
|-singleturn|p1a: Raichu|Protect
|move|p2a: Kingambit|Kowtow Cleave|p1a: Raichu
|-activate|p1a: Raichu|move: Protect
|move|p1b: Incineroar|Flare Blitz|p2a: Kingambit
|-supereffective|p2a: Kingambit|1
|-damage|p2a: Kingambit|0 fnt
|faint|p2a: Kingambit
|-damage|p1b: Incineroar|93/100|[from] Recoil
|move|p2b: Dragonite|Dragon Pulse|p1a: Raichu
|-activate|p1a: Raichu|move: Protect
|
|-fieldend|move: Trick Room
|upkeep
|
|t:|1782307469
|switch|p2a: Froslass|Froslass, L50, F|100/100
|turn|6
|
|t:|1782307477
|detailschange|p2a: Froslass|Froslass-Mega, L50, F
|-mega|p2a: Froslass|Froslass|Froslassite
|-weather|Snowscape|[from] ability: Snow Warning|[of] p2a: Froslass
|detailschange|p1a: Raichu|Raichu-Mega-Y, L50, F
|-mega|p1a: Raichu|Raichu|Raichunite Y
|move|p1a: Raichu|Zap Cannon|p2b: Dragonite
|-damage|p2b: Dragonite|25/100
|-status|p2b: Dragonite|par
|move|p2a: Froslass|Blizzard|p1b: Incineroar|[spread] p1a,p1b
|-resisted|p1b: Incineroar|1
|-damage|p1a: Raichu|0 fnt
|-damage|p1b: Incineroar|78/100
|faint|p1a: Raichu
|move|p1b: Incineroar|Darkest Lariat|p2a: Froslass
|-supereffective|p2a: Froslass|1
|-damage|p2a: Froslass|33/100
|move|p2b: Dragonite|Flamethrower|p1b: Incineroar
|-resisted|p1b: Incineroar|1
|-damage|p1b: Incineroar|67/100
|
|-weather|Snowscape|[upkeep]
|upkeep
|
|t:|1782307494
|switch|p1a: Farigiraf|Farigiraf, L50, M|45/100
|turn|7
|
|t:|1782307503
|move|p2a: Froslass|Blizzard|p1b: Incineroar|[spread] p1a,p1b
|-resisted|p1b: Incineroar|1
|-damage|p1a: Farigiraf|1/100
|-damage|p1b: Incineroar|50/100g
|move|p1b: Incineroar|Darkest Lariat|p2a: Froslass
|-supereffective|p2a: Froslass|1
|-damage|p2a: Froslass|0 fnt
|faint|p2a: Froslass
|move|p1a: Farigiraf|Twin Beam|p2b: Dragonite
|-damage|p2b: Dragonite|11/100 par
|-damage|p2b: Dragonite|0 fnt
|faint|p2b: Dragonite
|-hitcount|p2: Dragonite|2
|
|-weather|Snowscape|[upkeep]
|upkeep
|
|t:|1782307515
|switch|p2b: Basculegion|Basculegion, L50, M|100/100
|turn|8
|inactive|wodaiogien has 30 seconds left.
|
|t:|1782307540
|move|p2b: Basculegion|Wave Crash|p1b: Incineroar
|-supereffective|p1b: Incineroar|1
|-damage|p1b: Incineroar|0 fnt
|faint|p1b: Incineroar
|-damage|p2b: Basculegion|82/100|[from] Recoil
|move|p1a: Farigiraf|Twin Beam|p2b: Basculegion
|-damage|p2b: Basculegion|64/100
|-damage|p2b: Basculegion|46/100
|-hitcount|p2b: Basculegion|2
|
|-weather|Snowscape|[upkeep]
|upkeep
|turn|9
|
|t:|1782307550
|move|p1a: Farigiraf|Protect|p1a: Farigiraf
|-singleturn|p1a: Farigiraf|Protect
|move|p2b: Basculegion|Wave Crash|p1a: Farigiraf
|-activate|p1a: Farigiraf|move: Protect
|
|-weather|Snowscape|[upkeep]
|upkeep
|turn|10
|
|t:|1782307554
|move|p2b: Basculegion|Wave Crash|p1a: Farigiraf
|-damage|p1a: Farigiraf|0 fnt
|faint|p1a: Farigiraf
|-damage|p2b: Basculegion|45/100|[from] Recoil
|
|win|AkihitoKei
|raw|wodaiogien's rating: 1138 → 1114(-24 for losing)
|raw|AkihitoKei's rating: 1155 → 1179(+24 for winning)
