|j|☆ga sneasler
|j|☆pippobaudobaldo
|html|ga sneaslerpippobaudobaldo    
|uhtml|bestof|Game 1 of a best-of-3
|t:|1756317299
|gametype|doubles
|player|p1|ga sneasler|101|1114
|player|p2|pippobaudobaldo|169|1061
|gen|9
|tier|[Gen 9] VGC 2025 Reg H (Bo3)
|rated|
|rule|Species Clause: Limit one of each Pokémon
|rule|Item Clause: Limit 1 of each item
|clearpoke
|poke|p1|Dragapult, L50, M|
|poke|p1|Kingambit, L50, M|
|poke|p1|Electabuzz, L50, F|
|poke|p1|Blaziken, L50, F|
|poke|p1|Primarina, L50, F|
|poke|p1|Rillaboom, L50, F|
|poke|p2|Sneasler, L50, F|
|poke|p2|Gholdengo, L50|
|poke|p2|Dragonite, L50, M|
|poke|p2|Primarina, L50, F|
|poke|p2|Rillaboom, L50, F|
|poke|p2|Incineroar, L50, F|
|teampreview|4
|showteam|p1|Dragapult||ChoiceBand|ClearBody|Outrage,DragonDarts,PhantomForce,Uturn|||M|||50|,,,,,Dragon]Kingambit||SafetyGoggles|Defiant|KowtowCleave,SuckerPunch,SwordsDance,Protect|||M|||50|,,,,,Dark]Electabuzz||Eviolite|VitalSpirit|Thunderbolt,HelpingHand,FollowMe,Protect|||F|||50|,,,,,Ghost]Blaziken||FocusSash|SpeedBoost|HeatWave,AuraSphere,Coaching,Detect|||F|||50|,,,,,Ghost]Primarina||SitrusBerry|LiquidVoice|Moonblast,HyperVoice,Haze,Protect|||F|||50|,,,,,Water]Rillaboom||AssaultVest|GrassySurge|WoodHammer,GrassyGlide,FakeOut,Uturn|||F|||50|,,,,,Fire
|showteam|p2|Sneasler||FocusSash|PoisonTouch|FakeOut,DireClaw,CloseCombat,ThroatChop|||F|||50|,,,,,Stellar]Gholdengo||Leftovers|GoodasGold|Protect,MakeItRain,ShadowBall,NastyPlot||||||50|,,,,,Dragon]Dragonite||LoadedDice|Multiscale|Protect,ScaleShot,Tailwind,Haze|||M|||50|,,,,,Fairy]Primarina||SitrusBerry|LiquidVoice|HyperVoice,Moonblast,Haze,Protect|||F|||50|,,,,,Poison]Rillaboom||AssaultVest|GrassySurge|WoodHammer,GrassyGlide,FakeOut,Uturn|||F|||50|,,,,,Fire]Incineroar||SafetyGoggles|Intimidate|FakeOut,KnockOff,WillOWisp,PartingShot|||F|||50|,,,,,Fire
|inactive|Battle timer is ON: inactive players will automatically lose when time's up. (requested by ga sneasler)
|inactive|pippobaudobaldo also wants the timer to be on.
|inactive|ga sneasler has 60 seconds left.
|inactive|pippobaudobaldo has 60 seconds left.
|
|t:|1756317352
|teamsize|p1|4
|teamsize|p2|4
|start
|switch|p1a: Dragapult|Dragapult, L50, M|100/100
|switch|p1b: Blaziken|Blaziken, L50, F|100/100
|switch|p2a: Dragonite|Dragonite, L50, M|100/100
|switch|p2b: Sneasler|Sneasler, L50, F|100/100
|turn|1
|
|t:|1756317375
|move|p1b: Blaziken|Detect|p1b: Blaziken
|-singleturn|p1b: Blaziken|Protect
|move|p2a: Dragonite|Protect|p2a: Dragonite
|-singleturn|p2a: Dragonite|Protect
|move|p1a: Dragapult|Phantom Force||[still]
|-prepare|p1a: Dragapult|Phantom Force
|move|p2b: Sneasler|Dire Claw|p1a: Dragapult|[miss]
|-miss|p2b: Sneasler|p1a: Dragapult
|
|-ability|p1b: Blaziken|Speed Boost|boost
|-boost|p1b: Blaziken|spe|1
|upkeep
|turn|2
|
|t:|1756317393
|move|p1b: Blaziken|Heat Wave|p2b: Sneasler|[spread] p2a,p2b
|-resisted|p2a: Dragonite
|-damage|p2a: Dragonite|94/100
|-damage|p2b: Sneasler|56/100
|move|p1a: Dragapult|Phantom Force|p2a: Dragonite|[from] lockedmove
|-damage|p2a: Dragonite|29/100
|move|p2b: Sneasler|Dire Claw|p1a: Dragapult
|-resisted|p1a: Dragapult
|-damage|p1a: Dragapult|72/100
|-status|p1a: Dragapult|slp
|move|p2a: Dragonite|Tailwind|p2a: Dragonite
|-sidestart|p2: pippobaudobaldo|move: Tailwind
|
|-ability|p1b: Blaziken|Speed Boost|boost
|-boost|p1b: Blaziken|spe|1
|upkeep
|turn|3
|l|☆ga sneasler
|inactive|ga sneasler disconnected and has a minute to reconnect!
|player|p1|
|j|☆ga sneasler
|inactive|ga sneasler reconnected and has 40 seconds left.
|player|p1|ga sneasler|101|
|inactive|ga sneasler has 30 seconds left.
|inactive|ga sneasler has 20 seconds left.
|inactive|pippobaudobaldo has 30 seconds left.
|
|t:|1756317431
|move|p1b: Blaziken|Detect|p1b: Blaziken
|-singleturn|p1b: Blaziken|Protect
|move|p2b: Sneasler|Dire Claw|p1b: Blaziken
|-activate|p1b: Blaziken|move: Protect
|move|p2a: Dragonite|Scale Shot|p1b: Blaziken
|-activate|p1b: Blaziken|move: Protect
|cant|p1a: Dragapult|slp
|
|-ability|p1b: Blaziken|Speed Boost|boost
|-boost|p1b: Blaziken|spe|1
|upkeep
|turn|4
|
|t:|1756317451
|move|p1b: Blaziken|Heat Wave|p2a: Dragonite|[spread] p2a,p2b
|-resisted|p2a: Dragonite
|-damage|p2a: Dragonite|15/100
|-damage|p2b: Sneasler|8/100
|move|p2b: Sneasler|Dire Claw|p1b: Blaziken
|-damage|p1b: Blaziken|31/100
|-status|p1b: Blaziken|slp
|move|p2a: Dragonite|Haze|p2a: Dragonite
|-clearallboost
|cant|p1a: Dragapult|slp
|
|-ability|p1b: Blaziken|Speed Boost|boost
|-boost|p1b: Blaziken|spe|1
|upkeep
|turn|5
|
|t:|1756317473
|move|p2b: Sneasler|Throat Chop|p1a: Dragapult
|-supereffective|p1a: Dragapult
|-damage|p1a: Dragapult|0 fnt
|faint|p1a: Dragapult
|cant|p1b: Blaziken|slp
|move|p2a: Dragonite|Scale Shot|p1b: Blaziken
|-damage|p1b: Blaziken|9/100 slp
|-damage|p1b: Blaziken|0 fnt
|faint|p1b: Blaziken
|-hitcount|p1: Blaziken|2
|-unboost|p2a: Dragonite|def|1
|-boost|p2a: Dragonite|spe|1
|
|-sideend|p2: pippobaudobaldo|move: Tailwind
|upkeep
|
|t:|1756317478
|switch|p1a: Electabuzz|Electabuzz, L50, F|100/100
|switch|p1b: Kingambit|Kingambit, L50, M|100/100
|turn|6
|
|t:|1756317497
|switch|p2b: Rillaboom|Rillaboom, L50, F|100/100
|-fieldstart|move: Grassy Terrain|[from] ability: Grassy Surge|[of] p2b: Rillaboom
|move|p1b: Kingambit|Sucker Punch||[still]
|-fail|p1b: Kingambit
|move|p2a: Dragonite|Tailwind|p2a: Dragonite
|-sidestart|p2: pippobaudobaldo|move: Tailwind
|move|p1a: Electabuzz|Thunderbolt|p2a: Dragonite
|-damage|p2a: Dragonite|0 fnt
|faint|p2a: Dragonite
|
|upkeep
|
|t:|1756317512
|switch|p2a: Sneasler|Sneasler, L50, F|8/100
|turn|7
|
|t:|1756317535
|move|p1a: Electabuzz|Protect|p1a: Electabuzz
|-singleturn|p1a: Electabuzz|Protect
|move|p1b: Kingambit|Protect|p1b: Kingambit
|-singleturn|p1b: Kingambit|Protect
|move|p2b: Rillaboom|Fake Out|p1b: Kingambit
|-activate|p1b: Kingambit|move: Protect
|move|p2a: Sneasler|Close Combat|p1b: Kingambit
|-activate|p1b: Kingambit|move: Protect
|
|-heal|p2a: Sneasler|14/100|[from] Grassy Terrain
|upkeep
|turn|8
|
|t:|1756317549
|switch|p2a: Primarina|Primarina, L50, F|100/100
|move|p1b: Kingambit|Sucker Punch||[still]
|-fail|p1b: Kingambit
|move|p2b: Rillaboom|U-turn|p1b: Kingambit
|-crit|p1b: Kingambit
|-damage|p1b: Kingambit|74/100
|
|t:|1756317558
|switch|p2b: Sneasler|Sneasler, L50, F|14/100|[from] U-turn
|move|p1a: Electabuzz|Thunderbolt|p2a: Primarina
|-supereffective|p2a: Primarina
|-damage|p2a: Primarina|48/100
|-enditem|p2a: Primarina|Sitrus Berry|[eat]
|-heal|p2a: Primarina|72/100|[from] item: Sitrus Berry
|
|-heal|p2b: Sneasler|20/100|[from] Grassy Terrain
|-heal|p2a: Primarina|78/100|[from] Grassy Terrain
|-heal|p1b: Kingambit|80/100|[from] Grassy Terrain
|upkeep
|turn|9
|inactive|ga sneasler has 30 seconds left.
|inactive|pippobaudobaldo has 30 seconds left.
|inactive|pippobaudobaldo has 20 seconds left.
|inactive|pippobaudobaldo has 15 seconds left.
|
|t:|1756317600
|move|p2b: Sneasler|Fake Out|p1a: Electabuzz
|-damage|p1a: Electabuzz|88/100
|move|p1b: Kingambit|Sucker Punch||[still]
|-fail|p1b: Kingambit
|move|p2a: Primarina|Moonblast|p1b: Kingambit
|-damage|p1b: Kingambit|29/100
|cant|p1a: Electabuzz|flinch
|
|-heal|p2b: Sneasler|25/100|[from] Grassy Terrain
|-heal|p2a: Primarina|84/100|[from] Grassy Terrain
|-heal|p1a: Electabuzz|93/100|[from] Grassy Terrain
|-heal|p1b: Kingambit|35/100|[from] Grassy Terrain
|-sideend|p2: pippobaudobaldo|move: Tailwind
|upkeep
|turn|10
|
|t:|1756317621
|-terastallize|p2a: Primarina|Poison
|move|p1b: Kingambit|Protect|p1b: Kingambit
|-singleturn|p1b: Kingambit|Protect
|move|p2b: Sneasler|Fake Out||[still]
|-hint|Fake Out only works on your first turn out.
|-fail|p2b: Sneasler
|move|p1a: Electabuzz|Thunderbolt|p2a: Primarina
|-damage|p2a: Primarina|58/100
|move|p2a: Primarina|Moonblast|p1b: Kingambit
|-activate|p1b: Kingambit|move: Protect
|
|-heal|p2b: Sneasler|31/100|[from] Grassy Terrain
|-heal|p1a: Electabuzz|99/100|[from] Grassy Terrain
|-heal|p2a: Primarina|64/100|[from] Grassy Terrain
|-heal|p1b: Kingambit|41/100|[from] Grassy Terrain
|-fieldend|move: Grassy Terrain
|upkeep
|turn|11
|inactive|ga sneasler has 30 seconds left.
|inactive|ga sneasler has 20 seconds left.
|inactive|ga sneasler has 15 seconds left.
|
|t:|1756317665
|switch|p2b: Rillaboom|Rillaboom, L50, F|100/100
|-fieldstart|move: Grassy Terrain|[from] ability: Grassy Surge|[of] p2b: Rillaboom
|-terastallize|p1b: Kingambit|Dark
|move|p2a: Primarina|Protect|p2a: Primarina
|-singleturn|p2a: Primarina|Protect
|move|p1a: Electabuzz|Follow Me|p1a: Electabuzz
|-singleturn|p1a: Electabuzz|move: Follow Me
|move|p1b: Kingambit|Sucker Punch||[still]
|-fail|p1b: Kingambit
|
|-heal|p1a: Electabuzz|100/100|[from] Grassy Terrain
|-heal|p2a: Primarina|70/100|[from] Grassy Terrain
|-heal|p1b: Kingambit|46/100|[from] Grassy Terrain
|upkeep
|turn|12
|
|t:|1756317686
|move|p1a: Electabuzz|Protect|p1a: Electabuzz
|-singleturn|p1a: Electabuzz|Protect
|move|p1b: Kingambit|Protect|p1b: Kingambit
|-singleturn|p1b: Kingambit|Protect
|move|p2b: Rillaboom|Fake Out|p1a: Electabuzz
|-activate|p1a: Electabuzz|move: Protect
|move|p2a: Primarina|Moonblast|p1b: Kingambit
|-activate|p1b: Kingambit|move: Protect
|
|-heal|p2a: Primarina|76/100|[from] Grassy Terrain
|-heal|p1b: Kingambit|52/100|[from] Grassy Terrain
|upkeep
|turn|13
|
|t:|1756317698
|move|p1a: Electabuzz|Follow Me|p1a: Electabuzz
|-singleturn|p1a: Electabuzz|move: Follow Me
|move|p2b: Rillaboom|U-turn|p1a: Electabuzz
|-damage|p1a: Electabuzz|79/100
|
|t:|1756317703
|switch|p2b: Sneasler|Sneasler, L50, F|31/100|[from] U-turn
|move|p2a: Primarina|Moonblast|p1a: Electabuzz
|-damage|p1a: Electabuzz|41/100
|-unboost|p1a: Electabuzz|spa|1
|move|p1b: Kingambit|Swords Dance|p1b: Kingambit
|-boost|p1b: Kingambit|atk|2
|
|-heal|p2b: Sneasler|37/100|[from] Grassy Terrain
|-heal|p1a: Electabuzz|47/100|[from] Grassy Terrain
|-heal|p2a: Primarina|82/100|[from] Grassy Terrain
|-heal|p1b: Kingambit|58/100|[from] Grassy Terrain
|upkeep
|turn|14
|
|t:|1756317721
|move|p1a: Electabuzz|Protect|p1a: Electabuzz
|-singleturn|p1a: Electabuzz|Protect
|move|p1b: Kingambit|Protect|p1b: Kingambit
|-singleturn|p1b: Kingambit|Protect
|move|p2b: Sneasler|Fake Out|p1a: Electabuzz
|-activate|p1a: Electabuzz|move: Protect
|move|p2a: Primarina|Haze|p2a: Primarina
|-clearallboost
|
|-heal|p2b: Sneasler|43/100|[from] Grassy Terrain
|-heal|p1a: Electabuzz|53/100|[from] Grassy Terrain
|-heal|p2a: Primarina|88/100|[from] Grassy Terrain
|-heal|p1b: Kingambit|64/100|[from] Grassy Terrain
|upkeep
|turn|15
|
|t:|1756317732
|switch|p2b: Rillaboom|Rillaboom, L50, F|100/100
|move|p1a: Electabuzz|Helping Hand|p1b: Kingambit
|-singleturn|p1b: Kingambit|Helping Hand|[of] p1a: Electabuzz
|move|p1b: Kingambit|Sucker Punch|p2a: Primarina
|-damage|p2a: Primarina|0 fnt
|faint|p2a: Primarina
|
|-heal|p1a: Electabuzz|58/100|[from] Grassy Terrain
|-heal|p1b: Kingambit|70/100|[from] Grassy Terrain
|-fieldend|move: Grassy Terrain
|upkeep
|
|t:|1756317743
|switch|p2a: Sneasler|Sneasler, L50, F|43/100
|turn|16
|
|t:|1756317754
|move|p1a: Electabuzz|Protect|p1a: Electabuzz
|-singleturn|p1a: Electabuzz|Protect
|move|p1b: Kingambit|Protect|p1b: Kingambit
|-singleturn|p1b: Kingambit|Protect
|move|p2b: Rillaboom|Fake Out|p1b: Kingambit
|-activate|p1b: Kingambit|move: Protect
|move|p2a: Sneasler|Dire Claw|p1a: Electabuzz
|-activate|p1a: Electabuzz|move: Protect
|
|upkeep
|turn|17
|
|t:|1756317767
|move|p1a: Electabuzz|Follow Me|p1a: Electabuzz
|-singleturn|p1a: Electabuzz|move: Follow Me
|move|p2a: Sneasler|Dire Claw|p1a: Electabuzz
|-damage|p1a: Electabuzz|23/100
|-status|p1a: Electabuzz|psn|[from] ability: Poison Touch|[of] p2a: Sneasler
|move|p2b: Rillaboom|Wood Hammer|p1a: Electabuzz
|-damage|p1a: Electabuzz|0 fnt
|faint|p1a: Electabuzz
|-damage|p2b: Rillaboom|94/100|[from] Recoil
|move|p1b: Kingambit|Kowtow Cleave|p2a: Sneasler
|-resisted|p2a: Sneasler
|-damage|p2a: Sneasler|0 fnt
|faint|p2a: Sneasler
|
|upkeep
|turn|18
|
|t:|1756317789
|move|p2b: Rillaboom|Wood Hammer|p1b: Kingambit
|-damage|p1b: Kingambit|26/100
|-damage|p2b: Rillaboom|80/100|[from] Recoil
|move|p1b: Kingambit|Kowtow Cleave|p2b: Rillaboom
|-damage|p2b: Rillaboom|15/100
|
|upkeep
|turn|19
|c|☆ga sneasler|no bc folding after all that luck is insane
|
|t:|1756317804
|move|p2b: Rillaboom|Fake Out||[still]
|-hint|Fake Out only works on your first turn out.
|-fail|p2b: Rillaboom
|move|p1b: Kingambit|Sucker Punch||[still]
|-fail|p1b: Kingambit
|
|upkeep
|turn|20
|
|t:|1756317813
|move|p1b: Kingambit|Sucker Punch|p2b: Rillaboom
|-damage|p2b: Rillaboom|0 fnt
|faint|p2b: Rillaboom
|
|win|ga sneasler
||ga sneasler is ready for game 2.
|l|☆pippobaudobaldo
|player|p2|
|inactive|pippobaudobaldo has 30 seconds to confirm battle start!
||pippobaudobaldo is ready for game 2.
|uhtml|next|Next: Game 2 of 3
