|j|☆GlennIsAFrog
|j|☆MrTedno
|html|GlennIsAFrogMrTedno    
|uhtml|bestof|Game 1 of a best-of-3
|t:|1756328883
|gametype|doubles
|player|p1|GlennIsAFrog|102|1129
|player|p2|MrTedno|barry|1223
|gen|9
|tier|[Gen 9] VGC 2025 Reg H (Bo3)
|rated|
|rule|Species Clause: Limit one of each Pokémon
|rule|Item Clause: Limit 1 of each item
|clearpoke
|poke|p1|Tyranitar, L50, M|
|poke|p1|Garchomp, L50, F|
|poke|p1|Corviknight, L50, F|
|poke|p1|Gholdengo, L50|
|poke|p1|Amoonguss, L50, M|
|poke|p1|Incineroar, L50, F|
|poke|p2|Dondozo, L50, F|
|poke|p2|Tatsugiri, L50, F|
|poke|p2|Politoed, L50, F|
|poke|p2|Archaludon, L50, M|
|poke|p2|Amoonguss, L50, M|
|poke|p2|Overqwil, L50, F|
|teampreview|4
|showteam|p1|Tyranitar||AssaultVest|SandStream|KnockOff,RockSlide,LowKick,TeraBlast|||M|||50|,,,,,Flying]Garchomp||ClearAmulet|RoughSkin|StompingTantrum,DragonClaw,Earthquake,Protect|||F|||50|,,,,,Steel]Corviknight||SitrusBerry|MirrorArmor|BraveBird,Taunt,Tailwind,Roost|||F|||50|,,,,,Dragon]Gholdengo||LifeOrb|GoodasGold|MakeItRain,ShadowBall,NastyPlot,Protect||||||50|,,,,,Water]Amoonguss||CobaBerry|Regenerator|SludgeBomb,Spore,RagePowder,Protect|||M|||50|,,,,,Water]Incineroar||SafetyGoggles|Intimidate|FlareBlitz,KnockOff,PartingShot,FakeOut|||F|||50|,,,,,Ghost
|showteam|p2|Dondozo||LifeOrb|Unaware|Surf,Protect,SleepTalk|||F|||50|,,,,,Water]Tatsugiri||FocusSash|Commander|DracoMeteor,Protect,MuddyWater,Taunt|||F|||50|,,,,,Stellar]Politoed||SitrusBerry|Drizzle|WeatherBall,IceBeam,Haze,Protect|||F|||50|,,,,,Steel]Archaludon||AssaultVest|Stamina|BodyPress,ElectroShot,DragonPulse,FlashCannon|||M|||50|,,,,,Grass]Amoonguss||RockyHelmet|Regenerator|Spore,RagePowder,PollenPuff,Protect|||M|||50|,,,,,Fairy]Overqwil||ChoiceBand|SwiftSwim|PoisonJab,ThroatChop,Liquidation,PinMissile|||F|||50|,,,,,Ghost
|inactive|Battle timer is ON: inactive players will automatically lose when time's up. (requested by GlennIsAFrog)
|inactive|GlennIsAFrog has 60 seconds left.
|inactive|MrTedno has 60 seconds left.
|
|t:|1756328921
|teamsize|p1|4
|teamsize|p2|4
|start
|switch|p1a: Gholdengo|Gholdengo, L50|100/100
|switch|p1b: Amoonguss|Amoonguss, L50, M|100/100
|switch|p2a: Kwazii|Dondozo, L50, F|100/100
|switch|p2b: Shellington|Overqwil, L50, F|100/100
|turn|1
|inactive|MrTedno has 30 seconds left.
|inactive|MrTedno has 20 seconds left.
|inactive|MrTedno has 15 seconds left.
|
|t:|1756328962
|switch|p2a: Tweak|Politoed, L50, F|100/100
|-weather|RainDance|[from] ability: Drizzle|[of] p2a: Tweak
|-terastallize|p1a: Gholdengo|Water
|move|p1b: Amoonguss|Rage Powder|p1b: Amoonguss
|-singleturn|p1b: Amoonguss|move: Rage Powder
|move|p2b: Shellington|Throat Chop|p1b: Amoonguss
|-damage|p1b: Amoonguss|46/100
|-start|p1b: Amoonguss|Throat Chop|[silent]
|move|p1a: Gholdengo|Nasty Plot|p1a: Gholdengo
|-boost|p1a: Gholdengo|spa|2
|
|-weather|RainDance|[upkeep]
|upkeep
|turn|2
|inactive|MrTedno has 30 seconds left.
|
|t:|1756328994
|switch|p2b: Kwazii|Dondozo, L50, F|100/100
|switch|p1b: Incineroar|Incineroar, L50, F|100/100
|-ability|p1b: Incineroar|Intimidate|boost
|-unboost|p2a: Tweak|atk|1
|-unboost|p2b: Kwazii|atk|1
|move|p1a: Gholdengo|Make It Rain|p2b: Kwazii|[spread] p2a,p2b
|-resisted|p2a: Tweak
|-resisted|p2b: Kwazii
|-damage|p2a: Tweak|55/100
|-damage|p2b: Kwazii|66/100
|-unboost|p1a: Gholdengo|spa|1
|-damage|p1a: Gholdengo|91/100|[from] item: Life Orb
|move|p2a: Tweak|Weather Ball|p1b: Incineroar
|-supereffective|p1b: Incineroar
|-damage|p1b: Incineroar|22/100
|
|-weather|RainDance|[upkeep]
|upkeep
|turn|3
|inactive|GlennIsAFrog has 30 seconds left.
|inactive|MrTedno has 30 seconds left.
|inactive|MrTedno has 20 seconds left.
|inactive|MrTedno has 15 seconds left.
|inactive|MrTedno has 10 seconds left.
|inactive|MrTedno has 5 seconds left.
|
|t:|1756329048
|move|p2a: Tweak|Protect|p2a: Tweak
|-singleturn|p2a: Tweak|Protect
|move|p2b: Kwazii|Protect|p2b: Kwazii
|-singleturn|p2b: Kwazii|Protect
|move|p1b: Incineroar|Fake Out|p2a: Tweak
|-activate|p2a: Tweak|move: Protect
|move|p1a: Gholdengo|Shadow Ball|p2b: Kwazii
|-activate|p2b: Kwazii|move: Protect
|
|-weather|RainDance|[upkeep]
|upkeep
|turn|4
|
|t:|1756329062
|switch|p2a: Peso|Tatsugiri, L50, F|100/100
|-activate|p2a: Peso|ability: Commander|[of] p2b: Kwazii
|-boost|p2b: Kwazii|atk|2
|-boost|p2b: Kwazii|spa|2
|-boost|p2b: Kwazii|spe|2
|-boost|p2b: Kwazii|def|2
|-boost|p2b: Kwazii|spd|2
|-terastallize|p2b: Kwazii|Water
|move|p2b: Kwazii|Surf|p1b: Incineroar|[spread] p1a,p1b
|-miss|p2b: Kwazii|p2a: Peso
|-resisted|p1a: Gholdengo
|-supereffective|p1b: Incineroar
|-damage|p1a: Gholdengo|27/100
|-damage|p1b: Incineroar|0 fnt
|faint|p1b: Incineroar
|-damage|p2b: Kwazii|57/100|[from] item: Life Orb
|move|p1a: Gholdengo|Shadow Ball|p2b: Kwazii
|-damage|p2b: Kwazii|25/100
|-damage|p1a: Gholdengo|17/100|[from] item: Life Orb
|
|-weather|RainDance|[upkeep]
|upkeep
|
|t:|1756329086
|switch|p1b: Big Man|Tyranitar, L50, M|100/100
|-weather|Sandstorm|[from] ability: Sand Stream|[of] p1b: Big Man
|turn|5
|inactive|GlennIsAFrog has 30 seconds left.
|
|t:|1756329114
|move|p2b: Kwazii|Surf|p1b: Big Man|[spread] p1a,p1b
|-miss|p2b: Kwazii|p2a: Peso
|-resisted|p1a: Gholdengo
|-supereffective|p1b: Big Man
|-damage|p1a: Gholdengo|0 fnt
|-damage|p1b: Big Man|31/100
|faint|p1a: Gholdengo
|-damage|p2b: Kwazii|16/100|[from] item: Life Orb
|move|p1b: Big Man|Knock Off|p2b: Kwazii
|-damage|p2b: Kwazii|0 fnt
|-enditem|p2b: Kwazii|Life Orb|[from] move: Knock Off|[of] p1b: Big Man
|faint|p2b: Kwazii
|
|-weather|Sandstorm|[upkeep]
|-damage|p2a: Peso|94/100|[from] Sandstorm
|upkeep
|
|t:|1756329137
|switch|p1a: Amoonguss|Amoonguss, L50, M|79/100
|switch|p2b: Tweak|Politoed, L50, F|55/100
|-weather|RainDance|[from] ability: Drizzle|[of] p2b: Tweak
|turn|6
|
|t:|1756329158
|move|p2a: Peso|Draco Meteor|p1a: Amoonguss
|-damage|p1a: Amoonguss|31/100
|-unboost|p2a: Peso|spa|2
|move|p2b: Tweak|Ice Beam|p1a: Amoonguss
|-supereffective|p1a: Amoonguss
|-damage|p1a: Amoonguss|0 fnt
|faint|p1a: Amoonguss
|move|p1b: Big Man|Rock Slide|p2b: Tweak|[spread] p2a,p2b
|-damage|p2a: Peso|37/100
|-damage|p2b: Tweak|13/100
|-enditem|p2b: Tweak|Sitrus Berry|[eat]
|-heal|p2b: Tweak|38/100|[from] item: Sitrus Berry
|
|-weather|RainDance|[upkeep]
|upkeep
|turn|7
|-message|GlennIsAFrog forfeited.
|
|win|MrTedno
|l|☆GlennIsAFrog
|player|p1|
||MrTedno is ready for game 2.
||GlennIsAFrog is ready for game 2.
|uhtml|next|Next: Game 2 of 3
|j|☆GlennIsAFrog
|player|p1|GlennIsAFrog|102|
|l|☆GlennIsAFrog
|player|p1|
