|j|☆Jun RH
|j|☆Jessditta
|html|Jun RHJessditta    
|uhtml|bestof|Game 1 of a best-of-3
|t:|1757856265
|gametype|doubles
|player|p1|Jun RH|burglar|1123
|player|p2|Jessditta|hilda|1187
|gen|9
|tier|[Gen 9] VGC 2025 Reg H (Bo3)
|rated|
|rule|Species Clause: Limit one of each Pokémon
|rule|Item Clause: Limit 1 of each item
|clearpoke
|poke|p1|Gholdengo, L50|
|poke|p1|Incineroar, L50, M|
|poke|p1|Amoonguss, L50, M|
|poke|p1|Dragonite, L50, F|
|poke|p1|Pelipper, L50, F|
|poke|p1|Archaludon, L50, M|
|poke|p2|Ninetales-Alola, L50, F|
|poke|p2|Rillaboom, L50, F|
|poke|p2|Volcarona, L50, F|
|poke|p2|Annihilape, L50, M|
|poke|p2|Primarina, L50, M|
|poke|p2|Sneasler, L50, M|
|teampreview|4
|showteam|p1|Gholdengo||LifeOrb|GoodasGold|MakeItRain,ShadowBall,NastyPlot,Protect||||||50|,,,,,Water]Incineroar||SafetyGoggles|Intimidate|KnockOff,FlareBlitz,FakeOut,PartingShot|||M|||50|,,,,,Ghost]Amoonguss||RockyHelmet|Regenerator|RagePowder,PollenPuff,Protect,Spore|||M|||50|,,,,,Fairy]Dragonite||LoadedDice|Multiscale|ScaleShot,Tailwind,Protect,Haze|||F|||50|,,,,,Fairy]Pelipper||FocusSash|Drizzle|Hurricane,WeatherBall,WideGuard,Protect|||F|||50|,,,,,Stellar]Archaludon||AssaultVest|Stamina|FlashCannon,DracoMeteor,ElectroShot,BodyPress|||M|||50|,,,,,Grass
|showteam|p2|Ninetales-Alola||LightClay|SnowWarning|Blizzard,IcicleSpear,AuroraVeil,FreezeDry|||F|||50|,,,,,Ghost]Rillaboom||AssaultVest|GrassySurge|FakeOut,WoodHammer,GrassyGlide,Uturn|||F|||50|,,,,,Fire]Volcarona||SitrusBerry|FlameBody|HeatWave,GigaDrain,QuiverDance,Protect|||F|||50|,,,,,Grass]Annihilape||Leftovers|Defiant|RageFist,DrainPunch,BulkUp,Protect|||M|||50|,,,,,Fire]Primarina||ThroatSpray|LiquidVoice|HyperVoice,Moonblast,Haze,Protect|||M|||50|,,,,,Water]Sneasler||GrassySeed|Unburden|FakeOut,DireClaw,CloseCombat,Coaching|||M|||50|,,,,,Dark
|
|t:|1757856325
|teamsize|p1|4
|teamsize|p2|4
|start
|switch|p1a: Gholdengo|Gholdengo, L50|100/100
|switch|p1b: Incineroar|Incineroar, L50, M|100/100
|switch|p2a: Primarina|Primarina, L50, M, shiny|100/100
|switch|p2b: Annihilape|Annihilape, L50, M, shiny|100/100
|-ability|p1b: Incineroar|Intimidate|boost
|-unboost|p2a: Primarina|atk|1
|-unboost|p2b: Annihilape|atk|1
|-ability|p2b: Annihilape|Defiant|boost
|-boost|p2b: Annihilape|atk|2
|turn|1
|
|t:|1757856361
|move|p1a: Gholdengo|Protect|p1a: Gholdengo
|-singleturn|p1a: Gholdengo|Protect
|move|p1b: Incineroar|Parting Shot|p2a: Primarina
|-unboost|p2a: Primarina|atk|1
|-unboost|p2a: Primarina|spa|1
|
|t:|1757856367
|switch|p1b: Dragonite|Dragonite, L50, F|100/100|[from] Parting Shot
|move|p2b: Annihilape|Rage Fist|p1a: Gholdengo
|-activate|p1a: Gholdengo|move: Protect
|move|p2a: Primarina|Hyper Voice|p1a: Gholdengo|[spread] p1b
|-activate|p1a: Gholdengo|move: Protect
|-resisted|p1b: Dragonite
|-damage|p1b: Dragonite|95/100
|-enditem|p2a: Primarina|Throat Spray
|-boost|p2a: Primarina|spa|1|[from] item: Throat Spray
|
|upkeep
|turn|2
|
|t:|1757856410
|-terastallize|p1a: Gholdengo|Water
|move|p1a: Gholdengo|Shadow Ball|p2b: Annihilape
|-supereffective|p2b: Annihilape
|-damage|p2b: Annihilape|3/100
|-damage|p1a: Gholdengo|91/100|[from] item: Life Orb
|move|p1b: Dragonite|Haze|p1b: Dragonite
|-clearallboost
|move|p2b: Annihilape|Rage Fist|p1a: Gholdengo
|-damage|p1a: Gholdengo|32/100
|move|p2a: Primarina|Moonblast|p1b: Dragonite
|-supereffective|p1b: Dragonite
|-damage|p1b: Dragonite|19/100
|
|-heal|p2b: Annihilape|9/100|[from] item: Leftovers
|upkeep
|turn|3
|
|t:|1757856454
|switch|p2b: Rillaboom|Rillaboom, L50, F|100/100
|-fieldstart|move: Grassy Terrain|[from] ability: Grassy Surge|[of] p2b: Rillaboom
|move|p2a: Primarina|Protect|p2a: Primarina
|-singleturn|p2a: Primarina|Protect
|move|p1a: Gholdengo|Make It Rain|p2b: Rillaboom|[spread] p2b
|-activate|p2a: Primarina|move: Protect
|-damage|p2b: Rillaboom|54/100
|-unboost|p1a: Gholdengo|spa|1
|-damage|p1a: Gholdengo|22/100|[from] item: Life Orb
|move|p1b: Dragonite|Tailwind|p1b: Dragonite
|-sidestart|p1: Jun RH|move: Tailwind
|
|-heal|p1a: Gholdengo|28/100|[from] Grassy Terrain
|-heal|p2b: Rillaboom|60/100|[from] Grassy Terrain
|upkeep
|turn|4
|
|t:|1757856482
|switch|p1a: Incineroar|Incineroar, L50, M|100/100
|-ability|p1a: Incineroar|Intimidate|boost
|-unboost|p2a: Primarina|atk|1
|-unboost|p2b: Rillaboom|atk|1
|move|p2b: Rillaboom|Grassy Glide|p1a: Incineroar
|-resisted|p1a: Incineroar
|-damage|p1a: Incineroar|87/100
|move|p1b: Dragonite|Scale Shot|p2b: Rillaboom
|-damage|p2b: Rillaboom|47/100
|-damage|p2b: Rillaboom|34/100
|-damage|p2b: Rillaboom|20/100
|-damage|p2b: Rillaboom|6/100
|-damage|p2b: Rillaboom|0 fnt
|faint|p2b: Rillaboom
|-hitcount|p2: Rillaboom|5
|-unboost|p1b: Dragonite|def|1
|-boost|p1b: Dragonite|spe|1
|move|p2a: Primarina|Hyper Voice|p1b: Dragonite|[spread] p1a,p1b
|-supereffective|p1a: Incineroar
|-resisted|p1b: Dragonite
|-damage|p1a: Incineroar|35/100
|-damage|p1b: Dragonite|5/100
|
|-heal|p1a: Incineroar|41/100|[from] Grassy Terrain
|upkeep
|
|t:|1757856504
|switch|p2b: Ninetales|Ninetales-Alola, L50, F|100/100
|-weather|Snowscape|[from] ability: Snow Warning|[of] p2b: Ninetales
|turn|5
|
|t:|1757856530
|switch|p1b: Pelipper|Pelipper, L50, F|100/100
|-weather|RainDance|[from] ability: Drizzle|[of] p1b: Pelipper
|move|p1a: Incineroar|Parting Shot|p2a: Primarina
|-unboost|p2a: Primarina|atk|1
|-unboost|p2a: Primarina|spa|1
|
|t:|1757856545
|switch|p1a: Dragonite|Dragonite, L50, F|5/100|[from] Parting Shot
|move|p2b: Ninetales|Aurora Veil||[still]
|-fail|p2b: Ninetales
|move|p2a: Primarina|Hyper Voice|p1b: Pelipper|[spread] p1a,p1b
|-resisted|p1a: Dragonite
|-resisted|p1b: Pelipper
|-damage|p1a: Dragonite|0 fnt
|-damage|p1b: Pelipper|73/100
|faint|p1a: Dragonite
|
|-weather|RainDance|[upkeep]
|upkeep
|
|t:|1757856559
|switch|p1a: Gholdengo|Gholdengo, L50, tera:Water|28/100
|turn|6
|
|t:|1757856574
|-terastallize|p2a: Primarina|Water
|move|p1a: Gholdengo|Make It Rain|p2b: Ninetales|[spread] p2a,p2b
|-resisted|p2a: Primarina
|-supereffective|p2b: Ninetales
|-damage|p2a: Primarina|82/100
|-damage|p2b: Ninetales|0 fnt
|-unboost|p1a: Gholdengo|spa|1
|faint|p2b: Ninetales
|-damage|p1a: Gholdengo|19/100|[from] item: Life Orb
|move|p1b: Pelipper|Hurricane|p2a: Primarina
|-damage|p2a: Primarina|51/100
|move|p2a: Primarina|Moonblast|p1b: Pelipper
|-damage|p1b: Pelipper|23/100
|-unboost|p1b: Pelipper|spa|1
|
|-weather|RainDance|[upkeep]
|-heal|p1a: Gholdengo|25/100|[from] Grassy Terrain
|-heal|p2a: Primarina|57/100|[from] Grassy Terrain
|-sideend|p1: Jun RH|move: Tailwind
|upkeep
|
|t:|1757856592
|switch|p2b: Annihilape|Annihilape, L50, M, shiny|9/100
|turn|7
|
|t:|1757856610
|move|p2b: Annihilape|Protect|p2b: Annihilape
|-singleturn|p2b: Annihilape|Protect
|move|p1a: Gholdengo|Make It Rain|p2a: Primarina|[spread] p2a
|-activate|p2b: Annihilape|move: Protect
|-resisted|p2a: Primarina
|-damage|p2a: Primarina|45/100
|-unboost|p1a: Gholdengo|spa|1
|-damage|p1a: Gholdengo|15/100|[from] item: Life Orb
|move|p1b: Pelipper|Hurricane|p2a: Primarina
|-damage|p2a: Primarina|27/100
|move|p2a: Primarina|Hyper Voice|p1a: Gholdengo|[spread] p1a,p1b
|-resisted|p1a: Gholdengo
|-resisted|p1b: Pelipper
|-damage|p1a: Gholdengo|0 fnt
|-damage|p1b: Pelipper|0 fnt
|faint|p1a: Gholdengo
|faint|p1b: Pelipper
|
|-weather|RainDance|[upkeep]
|-heal|p2b: Annihilape|15/100|[from] Grassy Terrain
|-heal|p2b: Annihilape|21/100|[from] item: Leftovers
|-heal|p2a: Primarina|33/100|[from] Grassy Terrain
|-fieldend|move: Grassy Terrain
|upkeep
|
|t:|1757856635
|switch|p1a: Incineroar|Incineroar, L50, M|41/100
|-ability|p1a: Incineroar|Intimidate|boost
|-unboost|p2a: Primarina|atk|1
|-unboost|p2b: Annihilape|atk|1
|-ability|p2b: Annihilape|Defiant|boost
|-boost|p2b: Annihilape|atk|2
|turn|8
|
|t:|1757856644
|move|p1a: Incineroar|Knock Off|p2b: Annihilape
|-damage|p2b: Annihilape|0 fnt
|-enditem|p2b: Annihilape|Leftovers|[from] move: Knock Off|[of] p1a: Incineroar
|faint|p2b: Annihilape
|move|p2a: Primarina|Hyper Voice|p1a: Incineroar
|-supereffective|p1a: Incineroar
|-damage|p1a: Incineroar|0 fnt
|faint|p1a: Incineroar
|
|win|Jessditta
||Jessditta is ready for game 2.
|inactive|Jun RH has 30 seconds to confirm battle start!
