|j|‚òÜuglybeast
|j|‚òÜCavaliereIsSoPeak
|html|uglybeastCavaliereIsSoPeak    
|uhtml|bestof|Game 3 of a best-of-3
|t:|1756804110
|gametype|doubles
|player|p1|uglybeast|lucas|1359
|player|p2|CavaliereIsSoPeak|gambler|1356
|gen|9
|tier|[Gen 9] VGC 2025 Reg H (Bo3)
|rated|
|rule|Species Clause: Limit one of each Pok√©mon
|rule|Item Clause: Limit 1 of each item
|clearpoke
|poke|p1|Murkrow, L50, M|
|poke|p1|Ursaluna-Bloodmoon, L50, M|
|poke|p1|Sneasler, L50, F|
|poke|p1|Dragapult, L50, F|
|poke|p1|Armarouge, L50, M|
|poke|p1|Indeedee-F, L50, F|
|poke|p2|Volcarona, L50, M|
|poke|p2|Gholdengo, L50|
|poke|p2|Sneasler, L50, F|
|poke|p2|Dragonite, L50, M|
|poke|p2|Ursaluna-Bloodmoon, L50, M|
|poke|p2|Whimsicott, L50, F|
|teampreview|4
|showteam|p1|Murkrow||Eviolite|Prankster|Haze,SunnyDay,Tailwind,BraveBird|||M|||50|,,,,,Ghost]Ursaluna-Bloodmoon||LifeOrb|MindsEye|BloodMoon,HyperVoice,Protect,EarthPower|||M|||50|,,,,,Normal]Sneasler||PsychicSeed|Unburden|ThroatChop,DireClaw,CloseCombat,Protect|||F|||50|,,,,,Dark]Dragapult||ChoiceBand|ClearBody|DragonDarts,Outrage,Uturn,PhantomForce|||F|||50|,,,,,Dragon]Armarouge||PowerHerb|FlashFire|HeatWave,MeteorBeam,ExpandingForce,Protect|||M|||50|,,,,,Grass]Indeedee-F||RockyHelmet|PsychicSurge|DazzlingGleam,FollowMe,HelpingHand,TrickRoom|||F|||50|,,,,,Grass
|showteam|p2|Volcarona||SitrusBerry|FlameBody|HeatWave,TeraBlast,QuiverDance,Protect|||M|||50|,,,,,Fairy]Gholdengo||ChoiceSpecs|GoodasGold|MakeItRain,ShadowBall,PowerGem,Trick||||||50|,,,,,Steel]Sneasler||FocusSash|Unburden|DireClaw,CloseCombat,ThroatChop,Protect|||F|||50|,,,,,Dark]Dragonite||LoadedDice|Multiscale|ScaleShot,ExtremeSpeed,Haze,Protect|||M|||50|,,,,,Steel]Ursaluna-Bloodmoon||LifeOrb|MindsEye|BloodMoon,HyperVoice,EarthPower,Protect|||M|||50|,,,,,Normal]Whimsicott||CovertCloak|Prankster|Moonblast,Tailwind,Encore,SunnyDay|||F|||50|,,,,,Poison
|
|t:|1756804137
|teamsize|p1|4
|teamsize|p2|4
|start
|switch|p1a: Blade|Indeedee-F, L50, F|100/100
|switch|p1b: Anagnoman|Sneasler, L50, F|100/100
|switch|p2a: ShƒÅhmat|Ursaluna-Bloodmoon, L50, M|100/100
|switch|p2b: Mary|Whimsicott, L50, F|100/100
|-fieldstart|move: Psychic Terrain|[from] ability: Psychic Surge|[of] p1a: Blade
|-enditem|p1b: Anagnoman|Psychic Seed
|-boost|p1b: Anagnoman|spd|1|[from] item: Psychic Seed
|turn|1
|
|t:|1756804158
|move|p1a: Blade|Follow Me|p1a: Blade
|-singleturn|p1a: Blade|move: Follow Me
|move|p1b: Anagnoman|Dire Claw|p2b: Mary
|-supereffective|p2b: Mary
|-damage|p2b: Mary|0 fnt
|faint|p2b: Mary
|move|p2a: ShƒÅhmat|Blood Moon|p1a: Blade
|-damage|p1a: Blade|2/100
|-damage|p2a: ShƒÅhmat|91/100|[from] item: Life Orb
|
|upkeep
|
|t:|1756804161
|switch|p2b: Ventus|Dragonite, L50, M|100/100
|turn|2
|
|t:|1756804190
|move|p1b: Anagnoman|Protect|p1b: Anagnoman
|-singleturn|p1b: Anagnoman|Protect
|move|p2a: ShƒÅhmat|Protect|p2a: ShƒÅhmat
|-singleturn|p2a: ShƒÅhmat|Protect
|move|p2b: Ventus|Scale Shot|p1a: Blade
|-damage|p1a: Blade|0 fnt
|faint|p1a: Blade
|-hitcount|p1: Blade|1
|-unboost|p2b: Ventus|def|1
|-boost|p2b: Ventus|spe|1
|
|upkeep
|
|t:|1756804199
|switch|p1a: Giandam|Armarouge, L50, M|100/100
|turn|3
|
|t:|1756804220
|move|p1b: Anagnoman|Close Combat|p2a: ShƒÅhmat
|-supereffective|p2a: ShƒÅhmat
|-damage|p2a: ShƒÅhmat|0 fnt
|-unboost|p1b: Anagnoman|def|1
|-unboost|p1b: Anagnoman|spd|1
|faint|p2a: ShƒÅhmat
|move|p2b: Ventus|Scale Shot|p1b: Anagnoman
|-damage|p1b: Anagnoman|61/100
|-damage|p1b: Anagnoman|22/100
|-damage|p1b: Anagnoman|0 fnt
|faint|p1b: Anagnoman
|-hitcount|p1: Anagnoman|3
|-unboost|p2b: Ventus|def|1
|-boost|p2b: Ventus|spe|1
|move|p1a: Giandam|Meteor Beam||[still]
|-prepare|p1a: Giandam|Meteor Beam
|-boost|p1a: Giandam|spa|1
|-enditem|p1a: Giandam|Power Herb
|-anim|p1a: Giandam|Meteor Beam|p2b: Ventus
|-supereffective|p2b: Ventus
|-damage|p2b: Ventus|35/100
|
|upkeep
|
|t:|1756804230
|switch|p1b: Kwstas|Murkrow, L50, M|100/100
|switch|p2a: D'oro|Sneasler, L50, F|100/100
|turn|4
|
|t:|1756804288
|-terastallize|p2a: D'oro|Dark
|-terastallize|p1a: Giandam|Grass
|move|p1b: Kwstas|Tailwind|p1b: Kwstas
|-sidestart|p1: uglybeast|move: Tailwind
|move|p1a: Giandam|Heat Wave|p2a: D'oro|[spread] p2a,p2b
|-resisted|p2b: Ventus
|-damage|p2a: D'oro|29/100
|-damage|p2b: Ventus|8/100
|move|p2b: Ventus|Scale Shot|p1b: Kwstas
|-damage|p1b: Kwstas|83/100
|-damage|p1b: Kwstas|66/100
|-damage|p1b: Kwstas|49/100
|-damage|p1b: Kwstas|31/100
|-hitcount|p1b: Kwstas|4
|-unboost|p2b: Ventus|def|1
|-boost|p2b: Ventus|spe|1
|move|p2a: D'oro|Dire Claw|p1b: Kwstas
|-damage|p1b: Kwstas|0 fnt
|faint|p1b: Kwstas
|
|upkeep
|turn|5
|inactive|Battle timer is ON: inactive players will automatically lose when time's up. (requested by uglybeast)
|
|t:|1756804313
|move|p2b: Ventus|Protect|p2b: Ventus
|-singleturn|p2b: Ventus|Protect
|move|p2a: D'oro|Protect|p2a: D'oro
|-singleturn|p2a: D'oro|Protect
|move|p1a: Giandam|Heat Wave|p2b: Ventus|[spread] 
|-activate|p2a: D'oro|move: Protect
|-activate|p2b: Ventus|move: Protect
|
|-fieldend|move: Psychic Terrain
|upkeep
|turn|6
|
|t:|1756804323
|move|p2b: Ventus|Scale Shot|p1a: Giandam
|-crit|p1a: Giandam
|-damage|p1a: Giandam|74/100
|-damage|p1a: Giandam|57/100
|-damage|p1a: Giandam|40/100
|-damage|p1a: Giandam|22/100
|-damage|p1a: Giandam|5/100
|-hitcount|p1a: Giandam|5
|-unboost|p2b: Ventus|def|1
|-boost|p2b: Ventus|spe|1
|move|p1a: Giandam|Heat Wave|p2b: Ventus|[spread] p2b
|-miss|p1a: Giandam|p2a: D'oro
|-resisted|p2b: Ventus
|-damage|p2b: Ventus|0 fnt
|faint|p2b: Ventus
|move|p2a: D'oro|Dire Claw|p1a: Giandam
|-supereffective|p1a: Giandam
|-damage|p1a: Giandam|0 fnt
|faint|p1a: Giandam
|
|win|CavaliereIsSoPeak
|raw|uglybeast's rating: 1359 → 1339(-20 for losing)
|raw|CavaliereIsSoPeak's rating: 1356 → 1376(+20 for winning)
|l|‚òÜCavaliereIsSoPeak
|player|p2|
|c|‚òÜuglybeast|OOF
