|j|☆nicven
|j|☆Il Mule
|html|nicvenIl Mule    
|uhtml|bestof|Game 2 of a best-of-3
|t:|1756764866
|gametype|doubles
|player|p1|nicven|265|1502
|player|p2|Il Mule|102|1600
|gen|9
|tier|[Gen 9] VGC 2025 Reg H (Bo3)
|rated|
|rule|Species Clause: Limit one of each Pokémon
|rule|Item Clause: Limit 1 of each item
|clearpoke
|poke|p1|Sneasler, L50, M|
|poke|p1|Dragonite, L50, F|
|poke|p1|Rillaboom, L50, F|
|poke|p1|Basculegion, L50, M|
|poke|p1|Volcarona, L50, F|
|poke|p1|Kingambit, L50, F|
|poke|p2|Corviknight, L50, M|
|poke|p2|Garchomp, L50, M|
|poke|p2|Tyranitar, L50, M|
|poke|p2|Gholdengo, L50|
|poke|p2|Sneasler, L50, M|
|poke|p2|Incineroar, L50, M|
|teampreview|4
|showteam|p1|Sneasler||FocusSash|Unburden|CloseCombat,DireClaw,Coaching,Protect|||M|||50|,,,,,Stellar]Dragonite||LoadedDice|Multiscale|ScaleShot,ExtremeSpeed,Haze,Protect|||F|||50|,,,,,Fairy]Rillaboom||AssaultVest|GrassySurge|WoodHammer,GrassyGlide,Uturn,FakeOut|||F|||50|,,,,,Fire]Basculegion||ChoiceScarf|Adaptability|WaveCrash,FlipTurn,LastRespects,AquaJet|||M|||50|,,,,,Water]Volcarona||GrassySeed|FlameBody|HeatWave,TeraBlast,QuiverDance,Protect|||F|||50|,,,,,Fairy]Kingambit||SafetyGoggles|Defiant|KowtowCleave,SuckerPunch,SwordsDance,Protect|||F|||50|,,,,,Water
|showteam|p2|Corviknight||CovertCloak|MirrorArmor|BraveBird,Taunt,Roost,Tailwind|||M|||50|,,,,,Dragon]Garchomp||ClearAmulet|RoughSkin|Earthquake,DragonClaw,StompingTantrum,Protect|||M|||50|,,,,,Steel]Tyranitar||AssaultVest|SandStream|RockSlide,KnockOff,TeraBlast,LowKick|||M|||50|,,,,,Flying]Gholdengo||LifeOrb|GoodasGold|MakeItRain,ShadowBall,NastyPlot,Protect||||||50|,,,,,Flying]Sneasler||WhiteHerb|Unburden|DireClaw,CloseCombat,Coaching,Protect|||M|||50|,,,,,Ghost]Incineroar||SafetyGoggles|Intimidate|FlareBlitz,WillOWisp,PartingShot,FakeOut|||M|||50|,,,,,Ghost
|
|t:|1756764911
|teamsize|p1|4
|teamsize|p2|4
|start
|switch|p1a: Rillaboom|Rillaboom, L50, F|100/100
|switch|p1b: Volcarona|Volcarona, L50, F|100/100
|switch|p2a: Incineroar|Incineroar, L50, M|100/100
|switch|p2b: Garchomp|Garchomp, L50, M|100/100
|-fieldstart|move: Grassy Terrain|[from] ability: Grassy Surge|[of] p1a: Rillaboom
|-enditem|p1b: Volcarona|Grassy Seed
|-boost|p1b: Volcarona|def|1|[from] item: Grassy Seed
|-ability|p2a: Incineroar|Intimidate|boost
|-unboost|p1a: Rillaboom|atk|1
|-unboost|p1b: Volcarona|atk|1
|turn|1
|inactive|Battle timer is ON: inactive players will automatically lose when time's up. (requested by Il Mule)
|inactive|nicven has 60 seconds left.
|
|t:|1756764943
|switch|p2a: Tyranitar|Tyranitar, L50, M|100/100
|-weather|Sandstorm|[from] ability: Sand Stream|[of] p2a: Tyranitar
|move|p1a: Rillaboom|Fake Out|p2b: Garchomp
|-damage|p2b: Garchomp|91/100
|-damage|p1a: Rillaboom|88/100|[from] ability: Rough Skin|[of] p2b: Garchomp
|cant|p2b: Garchomp|flinch
|move|p1b: Volcarona|Quiver Dance|p1b: Volcarona
|-boost|p1b: Volcarona|spa|1
|-boost|p1b: Volcarona|spd|1
|-boost|p1b: Volcarona|spe|1
|
|-weather|Sandstorm|[upkeep]
|-damage|p1b: Volcarona|95/100|[from] Sandstorm
|-damage|p1a: Rillaboom|83/100|[from] Sandstorm
|-heal|p1b: Volcarona|100/100|[from] Grassy Terrain
|-heal|p2b: Garchomp|97/100|[from] Grassy Terrain
|-heal|p1a: Rillaboom|88/100|[from] Grassy Terrain
|upkeep
|turn|2
|inactive|nicven has 30 seconds left.
|inactive|Il Mule has 30 seconds left.
|inactive|nicven has 20 seconds left.
|inactive|nicven has 15 seconds left.
|inactive|nicven has 10 seconds left.
|inactive|nicven has 5 seconds left.
|
|t:|1756764996
|-terastallize|p1b: Volcarona|Fairy
|move|p1b: Volcarona|Tera Blast|p2b: Garchomp|[anim] Tera Blast Fairy
|-supereffective|p2b: Garchomp
|-damage|p2b: Garchomp|0 fnt
|faint|p2b: Garchomp
|move|p1a: Rillaboom|U-turn|p2a: Tyranitar
|-supereffective|p2a: Tyranitar
|-damage|p2a: Tyranitar|76/100
|
|t:|1756765006
|switch|p1a: Kingambit|Kingambit, L50, F|100/100|[from] U-turn
|move|p2a: Tyranitar|Knock Off|p1a: Kingambit
|-resisted|p1a: Kingambit
|-damage|p1a: Kingambit|82/100
|-enditem|p1a: Kingambit|Safety Goggles|[from] move: Knock Off|[of] p2a: Tyranitar
|
|-weather|Sandstorm|[upkeep]
|-damage|p1b: Volcarona|95/100|[from] Sandstorm
|-heal|p1b: Volcarona|100/100|[from] Grassy Terrain
|-heal|p2a: Tyranitar|82/100|[from] Grassy Terrain
|-heal|p1a: Kingambit|88/100|[from] Grassy Terrain
|upkeep
|
|t:|1756765012
|switch|p2b: Sneasler|Sneasler, L50, M|100/100
|turn|3
|inactive|nicven has 30 seconds left.
|inactive|nicven has 20 seconds left.
|inactive|nicven has 15 seconds left.
|inactive|nicven has 10 seconds left.
|
|t:|1756765061
|move|p1a: Kingambit|Sucker Punch|p2b: Sneasler
|-resisted|p2b: Sneasler
|-damage|p2b: Sneasler|72/100
|move|p1b: Volcarona|Heat Wave|p2b: Sneasler|[spread] p2a,p2b
|-resisted|p2a: Tyranitar
|-damage|p2a: Tyranitar|71/100
|-damage|p2b: Sneasler|8/100
|move|p2b: Sneasler|Close Combat|p1a: Kingambit
|-supereffective|p1a: Kingambit
|-crit|p1a: Kingambit
|-damage|p1a: Kingambit|0 fnt
|-unboost|p2b: Sneasler|def|1
|-unboost|p2b: Sneasler|spd|1
|faint|p1a: Kingambit
|-enditem|p2b: Sneasler|White Herb
|-clearnegativeboost|p2b: Sneasler|[silent]
|move|p2a: Tyranitar|Rock Slide|p1b: Volcarona|[miss]
|-miss|p2a: Tyranitar|p1b: Volcarona
|
|-weather|Sandstorm|[upkeep]
|-damage|p2b: Sneasler|2/100|[from] Sandstorm
|-damage|p1b: Volcarona|95/100|[from] Sandstorm
|-heal|p2b: Sneasler|8/100|[from] Grassy Terrain
|-heal|p1b: Volcarona|100/100|[from] Grassy Terrain
|-heal|p2a: Tyranitar|76/100|[from] Grassy Terrain
|upkeep
|inactive|nicven has 30 seconds left.
|
|t:|1756765092
|switch|p1a: Rillaboom|Rillaboom, L50, F|88/100
|turn|4
|inactive|nicven has 30 seconds left.
|inactive|nicven has 20 seconds left.
|
|t:|1756765128
|switch|p2a: Incineroar|Incineroar, L50, M|100/100
|-ability|p2a: Incineroar|Intimidate|boost
|-unboost|p1a: Rillaboom|atk|1
|-unboost|p1b: Volcarona|atk|1
|move|p2b: Sneasler|Protect|p2b: Sneasler
|-singleturn|p2b: Sneasler|Protect
|move|p1a: Rillaboom|Grassy Glide|p2b: Sneasler
|-activate|p2b: Sneasler|move: Protect
|move|p1b: Volcarona|Tera Blast|p2a: Incineroar|[anim] Tera Blast Fairy
|-damage|p2a: Incineroar|51/100
|
|-weather|Sandstorm|[upkeep]
|-damage|p2b: Sneasler|2/100|[from] Sandstorm
|-damage|p1b: Volcarona|95/100|[from] Sandstorm
|-damage|p1a: Rillaboom|83/100|[from] Sandstorm
|-heal|p2b: Sneasler|8/100|[from] Grassy Terrain
|-heal|p1b: Volcarona|100/100|[from] Grassy Terrain
|-heal|p1a: Rillaboom|88/100|[from] Grassy Terrain
|-heal|p2a: Incineroar|57/100|[from] Grassy Terrain
|upkeep
|turn|5
|inactive|nicven has 30 seconds left.
|inactive|Il Mule has 30 seconds left.
|inactive|nicven has 20 seconds left.
|
|t:|1756765168
|switch|p1a: Basculegion|Basculegion, L50, M|100/100
|move|p1b: Volcarona|Protect|p1b: Volcarona
|-singleturn|p1b: Volcarona|Protect
|move|p2a: Incineroar|Fake Out|p1a: Basculegion
|-immune|p1a: Basculegion
|move|p2b: Sneasler|Dire Claw|p1b: Volcarona
|-activate|p1b: Volcarona|move: Protect
|
|-weather|none
|-heal|p2b: Sneasler|14/100|[from] Grassy Terrain
|-heal|p2a: Incineroar|63/100|[from] Grassy Terrain
|-fieldend|move: Grassy Terrain
|upkeep
|turn|6
|-message|Il Mule forfeited.
|
|win|nicven
|raw|nicven's rating: 1502 → 1527(+25 for winning)
|raw|Il Mule's rating: 1600 → 1575(-25 for losing)
|l|☆Il Mule
|player|p2|
