|j|☆AviDotWav
|j|☆dunderpilot
|html|AviDotWavdunderpilot    
|uhtml|bestof|Game 2 of a best-of-3
|t:|1783340382
|gametype|doubles
|player|p1|AviDotWav|lady-gen4|1115
|player|p2|dunderpilot|101|1050
|gen|9
|tier|[Gen 9 Champions] VGC 2026 Reg M-B (Bo3)
|rated|
|rule|Species Clause: Limit one of each Pokémon
|rule|Item Clause: Limit 1 of each item
|clearpoke
|poke|p1|Audino, L50, F|
|poke|p1|Farigiraf, L50, F|
|poke|p1|Annihilape, L50, M|
|poke|p1|Incineroar, L50, M|
|poke|p1|Raichu, L50, M|
|poke|p1|Maushold-Four, L50|
|poke|p2|Mamoswine, L50, F|
|poke|p2|Aerodactyl, L50, F|
|poke|p2|Sinistcha, L50|
|poke|p2|Blastoise, L50, M|
|poke|p2|Blaziken, L50, M|
|poke|p2|Sceptile, L50, M|
|teampreview|4
|showteam|p1|Audino||Audinite|Healer|TrickRoom,HealPulse,DazzlingGleam,AllySwitch|Relaxed||F|||50|]Farigiraf||ExpertBelt|ArmorTail|Psychic,Thunderbolt,TrickRoom,Protect|Quiet||F|||50|]Annihilape||Leftovers|Defiant|Protect,BulkUp,RageFist,DrainPunch|Adamant||M|||50|]Incineroar||PasshoBerry|Intimidate|FakeOut,ThroatChop,PartingShot,FlareBlitz|Impish||M|||50|]Raichu||RaichuniteY|LightningRod|FakeOut,ZapCannon,AlluringVoice,Protect|Timid||M|||50|]Maushold-Four||ChopleBerry|FriendGuard|HelpingHand,FollowMe,SuperFang,BeatUp|Timid|||||50|
|showteam|p2|Mamoswine||LifeOrb|Oblivious|IceShard,IcicleCrash,HighHorsepower,Protect|Adamant||F|||50|]Aerodactyl||FocusSash|RockHead|Tailwind,RockSlide,WideGuard,Protect|Jolly||F|||50|]Sinistcha||SitrusBerry|Hospitality|MatchaGotcha,RagePowder,TrickRoom,LifeDew|Relaxed|||||50|]Blastoise||Leftovers|Torrent|FakeOut,Yawn,IceBeam,HydroPump|Sassy||M|||50|]Blaziken||Blazikenite|SpeedBoost|CloseCombat,FlareBlitz,SwordsDance,Protect|Jolly||M|||50|]Sceptile||Sceptilite|Overgrow|DragonPulse,LeafStorm,EarthPower,Protect|Timid||M|||50|
|inactive|Battle timer is ON: inactive players will automatically lose when time's up. (requested by AviDotWav)
|inactive|dunderpilot has 60 seconds left.
|
|t:|1783340413
|teamsize|p1|4
|teamsize|p2|4
|start
|switch|p1a: Audino|Audino, L50, F|100/100
|switch|p1b: Incineroar|Incineroar, L50, M|100/100
|switch|p2a: Blaziken|Blaziken, L50, M|100/100
|switch|p2b: Sinistcha|Sinistcha, L50|100/100
|-ability|p1b: Incineroar|Intimidate|boost
|-unboost|p2a: Blaziken|atk|1
|-unboost|p2b: Sinistcha|atk|1
|turn|1
|inactive|AviDotWav has 30 seconds left.
|inactive|AviDotWav has 20 seconds left.
|
|t:|1783340453
|switch|p2b: Blastoise|Blastoise, L50, M|100/100
|detailschange|p2a: Blaziken|Blaziken-Mega, L50, M
|-mega|p2a: Blaziken|Blaziken|Blazikenite
|detailschange|p1a: Audino|Audino-Mega, L50, F
|-mega|p1a: Audino|Audino|Audinite
|move|p2a: Blaziken|Close Combat|p1b: Incineroar
|-supereffective|p1b: Incineroar|1
|-damage|p1b: Incineroar|21/100
|-unboost|p2a: Blaziken|def|1
|-unboost|p2a: Blaziken|spd|1
|move|p1b: Incineroar|Parting Shot|p2a: Blaziken
|-unboost|p2a: Blaziken|atk|1
|-unboost|p2a: Blaziken|spa|1
|
|t:|1783340467
|switch|p1b: Annihilape|Annihilape, L50, M|100/100|[from] Parting Shot
|move|p1a: Audino|Dazzling Gleam|p2b: Blastoise|[spread] p2a,p2b
|-damage|p2a: Blaziken|66/100
|-damage|p2b: Blastoise|85/100
|
|-heal|p2b: Blastoise|91/100|[from] item: Leftovers
|-ability|p2a: Blaziken|Speed Boost|boost
|-boost|p2a: Blaziken|spe|1
|upkeep
|turn|2
|
|t:|1783340479
|switch|p2a: Sinistcha|Sinistcha, L50|100/100
|-heal|p2b: Blastoise|100/100|[from] ability: Hospitality|[of] p2a: Sinistcha
|switch|p1b: Farigiraf|Farigiraf, L50, F|100/100
|move|p2b: Blastoise|Yawn|p1b: Farigiraf
|-start|p1b: Farigiraf|move: Yawn|[of] p2b: Blastoise
|move|p1a: Audino|Trick Room|p1a: Audino
|-fieldstart|move: Trick Room|[of] p1a: Audino
|
|upkeep
|turn|3
|
|t:|1783340493
|move|p1a: Audino|Dazzling Gleam|p2a: Sinistcha|[spread] p2a,p2b
|-damage|p2a: Sinistcha|79/100
|-damage|p2b: Blastoise|87/100
|move|p1b: Farigiraf|Thunderbolt|p2b: Blastoise
|-supereffective|p2b: Blastoise|1
|-damage|p2b: Blastoise|35/100
|-status|p2b: Blastoise|par
|cant|p2b: Blastoise|par
|move|p2a: Sinistcha|Matcha Gotcha|p1a: Audino|[spread] p1a,p1b
|-damage|p1a: Audino|82/100
|-heal|p2a: Sinistcha|89/100|[from] drain|[of] p1a: Audino
|-damage|p1b: Farigiraf|74/100
|-heal|p2a: Sinistcha|100/100|[from] drain|[of] p1b: Farigiraf
|-status|p1b: Farigiraf|brn
|
|-heal|p2b: Blastoise|41/100 par|[from] item: Leftovers
|-activate|p1a: Audino|ability: Healer
|-curestatus|p1b: Farigiraf|brn|[msg]
|-end|p1b: Farigiraf|move: Yawn|[silent]
|-status|p1b: Farigiraf|slp
|upkeep
|turn|4
|inactive|dunderpilot has 30 seconds left.
|
|t:|1783340521
|switch|p1a: Annihilape|Annihilape, L50, M|100/100
|move|p2a: Sinistcha|Rage Powder|p2a: Sinistcha
|-singleturn|p2a: Sinistcha|move: Rage Powder
|move|p2b: Blastoise|Hydro Pump|p1b: Farigiraf|[miss]
|-miss|p2b: Blastoise|p1b: Farigiraf
|cant|p1b: Farigiraf|slp
|
|-heal|p2b: Blastoise|46/100 par|[from] item: Leftovers
|upkeep
|turn|5
|
|t:|1783340536
|move|p2b: Blastoise|Hydro Pump|p1b: Farigiraf
|-damage|p1b: Farigiraf|28/100 slp
|cant|p1b: Farigiraf|slp
|move|p2a: Sinistcha|Matcha Gotcha|p1b: Farigiraf|[spread] p1a,p1b
|-damage|p1a: Annihilape|79/100
|-damage|p1b: Farigiraf|2/100 slp
|-status|p1a: Annihilape|brn
|move|p1a: Annihilape|Bulk Up|p1a: Annihilape
|-boost|p1a: Annihilape|atk|1
|-boost|p1a: Annihilape|def|1
|
|-heal|p2b: Blastoise|52/100 par|[from] item: Leftovers
|-heal|p1a: Annihilape|86/100 brn|[from] item: Leftovers
|-damage|p1a: Annihilape|79/100 brn|[from] brn
|upkeep
|turn|6
|
|t:|1783340554
|switch|p1b: Audino|Audino-Mega, L50, F|82/100
|move|p2b: Blastoise|Hydro Pump|p1a: Annihilape
|-damage|p1a: Annihilape|46/100 brn
|move|p2a: Sinistcha|Matcha Gotcha|p1b: Audino|[spread] p1a,p1b
|-damage|p1a: Annihilape|25/100 brn
|-damage|p1b: Audino|65/100
|move|p1a: Annihilape|Bulk Up|p1a: Annihilape
|-boost|p1a: Annihilape|atk|1
|-boost|p1a: Annihilape|def|1
|
|-heal|p2b: Blastoise|58/100 par|[from] item: Leftovers
|-activate|p1b: Audino|ability: Healer
|-curestatus|p1a: Annihilape|brn|[msg]
|-heal|p1a: Annihilape|31/100|[from] item: Leftovers
|-fieldend|move: Trick Room
|upkeep
|turn|7
|
|t:|1783340567
|move|p1a: Annihilape|Protect|p1a: Annihilape
|-singleturn|p1a: Annihilape|Protect
|move|p2a: Sinistcha|Rage Powder|p2a: Sinistcha
|-singleturn|p2a: Sinistcha|move: Rage Powder
|move|p2b: Blastoise|Hydro Pump|p1a: Annihilape
|-activate|p1a: Annihilape|move: Protect
|move|p1b: Audino|Trick Room|p1b: Audino
|-fieldstart|move: Trick Room|[of] p1b: Audino
|
|-heal|p2b: Blastoise|64/100 par|[from] item: Leftovers
|-heal|p1a: Annihilape|37/100|[from] item: Leftovers
|upkeep
|turn|8
|
|t:|1783340577
|move|p2b: Blastoise|Ice Beam|p1a: Annihilape
|-damage|p1a: Annihilape|17/100
|move|p1b: Audino|Heal Pulse|p1a: Annihilape
|-heal|p1a: Annihilape|67/100
|move|p2a: Sinistcha|Matcha Gotcha|p1a: Annihilape|[spread] p1b
|-miss|p2a: Sinistcha|p1a: Annihilape
|-damage|p1b: Audino|48/100
|move|p1a: Annihilape|Rage Fist|p2a: Sinistcha
|-supereffective|p2a: Sinistcha|1
|-damage|p2a: Sinistcha|0 fnt
|faint|p2a: Sinistcha
|
|-heal|p2b: Blastoise|69/100 par|[from] item: Leftovers
|-heal|p1a: Annihilape|74/100|[from] item: Leftovers
|upkeep
|
|t:|1783340585
|switch|p2a: Mamoswine|Mamoswine, L50, F|100/100
|turn|9
|
|t:|1783340602
|move|p2a: Mamoswine|Protect|p2a: Mamoswine
|-singleturn|p2a: Mamoswine|Protect
|move|p1b: Audino|Ally Switch|p1b: Audino
|swap|p1b: Audino|0|[from] move: Ally Switch
|move|p2b: Blastoise|Hydro Pump|p1a: Audino|[miss]
|-miss|p2b: Blastoise|p1a: Audino
|move|p1b: Annihilape|Rage Fist|p2b: Blastoise
|-damage|p2b: Blastoise|0 fnt
|faint|p2b: Blastoise
|
|-heal|p1b: Annihilape|80/100|[from] item: Leftovers
|upkeep
|-message|dunderpilot forfeited.
|
|win|AviDotWav
|raw|AviDotWav's rating: 1115 → 1135(+20 for winning)
|raw|dunderpilot's rating: 1050 → 1036(-14 for losing)
|l|☆dunderpilot
|player|p2|
