|j|☆BenjiRNG
|j|☆Arhanjunior
|html|BenjiRNGArhanjunior    
|uhtml|bestof|Game 2 of a best-of-3
|t:|1782626647
|gametype|doubles
|player|p1|BenjiRNG|102|1118
|player|p2|Arhanjunior|2|1117
|gen|9
|tier|[Gen 9 Champions] VGC 2026 Reg M-B (Bo3)
|rated|
|rule|Species Clause: Limit one of each Pokémon
|rule|Item Clause: Limit 1 of each item
|clearpoke
|poke|p1|Raichu, L50, M|
|poke|p1|Gholdengo, L50|
|poke|p1|Basculegion, L50, M|
|poke|p1|Whimsicott, L50, M|
|poke|p1|Scrafty, L50, M|
|poke|p1|Arcanine-Hisui, L50, M|
|poke|p2|Swampert, L50, M|
|poke|p2|Pelipper, L50, M|
|poke|p2|Archaludon, L50, M|
|poke|p2|Sinistcha, L50|
|poke|p2|Maushold-Four, L50|
|poke|p2|Gholdengo, L50|
|teampreview|4
|showteam|p1|Raichu||RaichuniteY|LightningRod|FakeOut,ZapCannon,FocusBlast,Protect|Modest||M|||50|]Gholdengo||LifeOrb|GoodasGold|MakeItRain,ShadowBall,NastyPlot,Protect|Modest|||||50|]Basculegion||MysticWater|Adaptability|WaveCrash,LastRespects,AquaJet,Protect|Adamant||M|||50|]Whimsicott||FocusSash|Prankster|Moonblast,Encore,Tailwind,Protect|Timid||M|||50|]Scrafty||Scraftinite|Intimidate|FakeOut,CloseCombat,KnockOff,Protect|Adamant||M|||50|]Arcanine-Hisui||ChoiceScarf|Intimidate|FlareBlitz,HeadSmash,ExtremeSpeed,RockSlide|Adamant||M|||50|
|showteam|p2|Swampert||Swampertite|Damp|HighHorsepower,WaveCrash,IcePunch,Protect|Adamant||M|||50|]Pelipper||SitrusBerry|Drizzle|Hurricane,WeatherBall,Tailwind,WideGuard|Modest||M|||50|]Archaludon||Leftovers|Stamina|DragonPulse,ElectroShot,AuraSphere,FlashCannon|Modest||M|||50|]Sinistcha||KasibBerry|Hospitality|MatchaGotcha,TrickRoom,RagePowder,LifeDew|Bold|||||50|]Maushold-Four||FocusSash|FriendGuard|SuperFang,FollowMe,RainDance,Protect|Timid|||||50|]Gholdengo||LifeOrb|GoodasGold|MakeItRain,ShadowBall,NastyPlot,Protect|Modest|||||50|
|inactive|Battle timer is ON: inactive players will automatically lose when time's up. (requested by Arhanjunior)
|
|t:|1782626669
|teamsize|p1|4
|teamsize|p2|4
|start
|switch|p1a: Raichu|Raichu, L50, M|100/100
|switch|p1b: Gholdengo|Gholdengo, L50|100/100
|switch|p2a: Swampert|Swampert, L50, M|100/100
|switch|p2b: Maushold|Maushold-Four, L50|100/100
|turn|1
|
|t:|1782626694
|switch|p1b: Scrafty|Scrafty, L50, M|100/100
|-ability|p1b: Scrafty|Intimidate|boost
|-unboost|p2a: Swampert|atk|1
|-unboost|p2b: Maushold|atk|1
|detailschange|p1a: Raichu|Raichu-Mega-Y, L50, M
|-mega|p1a: Raichu|Raichu|Raichunite Y
|move|p2b: Maushold|Protect|p2b: Maushold
|-singleturn|p2b: Maushold|Protect
|move|p2a: Swampert|Protect|p2a: Swampert
|-singleturn|p2a: Swampert|Protect
|move|p1a: Raichu|Focus Blast|p2b: Maushold
|-activate|p2b: Maushold|move: Protect
|
|upkeep
|turn|2
|
|t:|1782626717
|switch|p2a: Sinistcha|Sinistcha, L50|100/100
|move|p1b: Scrafty|Fake Out|p2a: Sinistcha
|-immune|p2a: Sinistcha
|move|p2b: Maushold|Rain Dance|p2b: Maushold
|-weather|RainDance
|move|p1a: Raichu|Focus Blast|p2b: Maushold
|-supereffective|p2b: Maushold|1
|-enditem|p2b: Maushold|Focus Sash
|-damage|p2b: Maushold|1/100
|
|-weather|RainDance|[upkeep]
|upkeep
|turn|3
|inactive|BenjiRNG has 30 seconds left.
|
|t:|1782626743
|switch|p1a: Gholdengo|Gholdengo, L50|100/100
|move|p2b: Maushold|Follow Me|p2b: Maushold
|-singleturn|p2b: Maushold|move: Follow Me
|move|p2a: Sinistcha|Matcha Gotcha|p1b: Scrafty|[spread] p1a
|-miss|p2a: Sinistcha|p1b: Scrafty
|-resisted|p1a: Gholdengo|1
|-damage|p1a: Gholdengo|88/100
|move|p1b: Scrafty|Knock Off|p2b: Maushold
|-damage|p2b: Maushold|0 fnt
|faint|p2b: Maushold
|
|-weather|RainDance|[upkeep]
|upkeep
|
|t:|1782626758
|switch|p2b: Swampert|Swampert, L50, M|100/100
|turn|4
|inactive|BenjiRNG has 30 seconds left.
|
|t:|1782626784
|detailschange|p2b: Swampert|Swampert-Mega, L50, M
|-mega|p2b: Swampert|Swampert|Swampertite
|move|p2b: Swampert|Wave Crash|p1b: Scrafty
|-damage|p1b: Scrafty|0 fnt
|faint|p1b: Scrafty
|-damage|p2b: Swampert|70/100|[from] Recoil
|move|p1a: Gholdengo|Shadow Ball|p2a: Sinistcha
|-supereffective|p2a: Sinistcha|1
|-enditem|p2a: Sinistcha|Kasib Berry|[eat]
|-enditem|p2a: Sinistcha|Kasib Berry|[weaken]
|-damage|p2a: Sinistcha|46/100
|-damage|p1a: Gholdengo|78/100|[from] item: Life Orb
|move|p2a: Sinistcha|Matcha Gotcha|p1a: Gholdengo
|-resisted|p1a: Gholdengo|1
|-damage|p1a: Gholdengo|61/100
|-heal|p2a: Sinistcha|56/100|[from] drain|[of] p1a: Gholdengo
|
|-weather|RainDance|[upkeep]
|upkeep
|inactive|BenjiRNG has 30 seconds left.
|
|t:|1782626813
|switch|p1b: Raichu|Raichu-Mega-Y, L50, M|100/100
|turn|5
|
|t:|1782626821
|switch|p2a: Archaludon|Archaludon, L50, M|100/100
|move|p2b: Swampert|Protect|p2b: Swampert
|-singleturn|p2b: Swampert|Protect
|move|p1b: Raichu|Fake Out|p2b: Swampert
|-activate|p2b: Swampert|move: Protect
|move|p1a: Gholdengo|Shadow Ball|p2a: Archaludon
|-damage|p2a: Archaludon|36/100
|-ability|p2a: Archaludon|Stamina|boost
|-boost|p2a: Archaludon|def|1
|-damage|p1a: Gholdengo|51/100|[from] item: Life Orb
|
|-weather|RainDance|[upkeep]
|-heal|p2a: Archaludon|42/100|[from] item: Leftovers
|upkeep
|turn|6
|
|t:|1782626842
|move|p1b: Raichu|Protect|p1b: Raichu
|-singleturn|p1b: Raichu|Protect
|move|p2b: Swampert|High Horsepower|p1a: Gholdengo
|-supereffective|p1a: Gholdengo|1
|-damage|p1a: Gholdengo|0 fnt
|faint|p1a: Gholdengo
|move|p2a: Archaludon|Dragon Pulse|p1b: Raichu
|-activate|p1b: Raichu|move: Protect
|
|-weather|none
|-heal|p2a: Archaludon|48/100|[from] item: Leftovers
|upkeep
|
|t:|1782626853
|switch|p1a: Basculegion|Basculegion, L50, M|100/100
|turn|7
|
|t:|1782626875
|switch|p2a: Sinistcha|Sinistcha, L50|56/100
|-heal|p2b: Swampert|94/100|[from] ability: Hospitality|[of] p2a: Sinistcha
|move|p1b: Raichu|Focus Blast|p2a: Sinistcha
|-immune|p2a: Sinistcha
|move|p1a: Basculegion|Last Respects|p2b: Swampert
|-damage|p2b: Swampert|13/100
|move|p2b: Swampert|High Horsepower|p1a: Basculegion
|-damage|p1a: Basculegion|29/100
|
|upkeep
|turn|8
|inactive|BenjiRNG has 30 seconds left.
|inactive|BenjiRNG has 20 seconds left.
|inactive|BenjiRNG has 15 seconds left.
|inactive|BenjiRNG has 10 seconds left.
|inactive|Arhanjunior has 30 seconds left.
|
|t:|1782626927
|move|p1b: Raichu|Protect|p1b: Raichu
|-singleturn|p1b: Raichu|Protect
|move|p1a: Basculegion|Last Respects|p2a: Sinistcha
|-supereffective|p2a: Sinistcha|1
|-damage|p2a: Sinistcha|0 fnt
|faint|p2a: Sinistcha
|move|p2b: Swampert|High Horsepower|p1b: Raichu
|-activate|p1b: Raichu|move: Protect
|
|upkeep
|
|t:|1782626931
|switch|p2a: Archaludon|Archaludon, L50, M|48/100
|turn|9
|
|t:|1782626945
|move|p1b: Raichu|Focus Blast|p2a: Archaludon
|-supereffective|p2a: Archaludon|1
|-damage|p2a: Archaludon|0 fnt
|faint|p2a: Archaludon
|move|p1a: Basculegion|Last Respects|p2b: Swampert
|-damage|p2b: Swampert|0 fnt
|faint|p2b: Swampert
|
|win|BenjiRNG
||Arhanjunior is ready for game 3.
