|j|☆elitetweet
|j|☆Zaint
|html|elitetweetZaint    
|uhtml|bestof|Game 2 of a best-of-3
|t:|1784752301
|gametype|doubles
|player|p1|elitetweet|korrina|1284
|player|p2|Zaint|2|1212
|gen|9
|tier|[Gen 9 Champions] VGC 2026 Reg M-B (Bo3)
|rated|
|rule|Species Clause: Limit one of each Pokémon
|rule|Item Clause: Limit 1 of each item
|clearpoke
|poke|p1|Aerodactyl, L50, F|
|poke|p1|Rotom-Wash, L50, shiny|
|poke|p1|Garchomp, L50, M|
|poke|p1|Sneasler, L50, F|
|poke|p1|Incineroar, L50, M|
|poke|p1|Floette-Eternal, L50, F|
|poke|p2|Corviknight, L50, M|
|poke|p2|Sinistcha, L50|
|poke|p2|Sylveon, L50, F|
|poke|p2|Garchomp, L50, M|
|poke|p2|Ninetales-Alola, L50, M|
|poke|p2|Raichu, L50, M|
|teampreview|4
|showteam|p1|Aerodactyl||FocusSash|Unnerve|RockSlide,DualWingbeat,Taunt,Tailwind|Jolly||F|||50|]Rotom-Wash||ChoiceScarf|Levitate|HydroPump,Electroweb,WillOWisp,Thunderbolt|Timid|||||50|]Garchomp||LifeOrb|RoughSkin|StompingTantrum,DragonClaw,RockSlide,Protect|Jolly||M|||50|]Sneasler||WhiteHerb|Unburden|FakeOut,DireClaw,CloseCombat,Coaching|Adamant||F|||50|]Incineroar||SitrusBerry|Intimidate|FakeOut,FlareBlitz,DarkestLariat,PartingShot|Adamant||M|||50|]Floette-Eternal||Floettite|FlowerVeil|DazzlingGleam,CalmMind,DrainingKiss,Protect|Modest||F|||50|
|showteam|p2|Corviknight||Leftovers|MirrorArmor|BraveBird,Roost,Tailwind,BodyPress|Careful||M|||50|]Sinistcha||SitrusBerry|Hospitality|MatchaGotcha,RagePowder,Protect,TrickRoom|Bold|||||50|]Sylveon||FairyFeather|Pixilate|HyperBeam,HyperVoice,QuickAttack,Detect|Modest||F|||50|]Garchomp||LifeOrb|RoughSkin|Earthquake,DragonClaw,RockSlide,Protect|Jolly||M|||50|]Ninetales-Alola||NeverMeltIce|SnowWarning|Blizzard,FreezeDry,Protect,Encore|Timid||M|||50|]Raichu||RaichuniteX|Static|VoltTackle,VoltSwitch,FakeOut,Protect|Jolly||M|||50|
|inactive|Battle timer is ON: inactive players will automatically lose when time's up. (requested by elitetweet)
|inactive|Zaint has 60 seconds left.
|inactive|Zaint has 30 seconds left.
|inactive|Zaint has 20 seconds left.
|inactive|Zaint has 15 seconds left.
|inactive|Zaint has 10 seconds left.
|inactive|Zaint has 5 seconds left.
|
|t:|1784752387
|teamsize|p1|4
|teamsize|p2|4
|start
|switch|p1a: Aerodactyl|Aerodactyl, L50, F|100/100
|switch|p1b: Garchomp|Garchomp, L50, M|100/100
|switch|p2a: Raichu|Raichu, L50, M|100/100
|switch|p2b: Garchomp|Garchomp, L50, M|100/100
|-ability|p1a: Aerodactyl|Unnerve
|turn|1
|inactive|elitetweet has 30 seconds left.
|inactive|Zaint has 30 seconds left.
|inactive|elitetweet has 20 seconds left.
|
|t:|1784752424
|switch|p1a: john smogon|Rotom-Wash, L50, shiny|100/100
|detailschange|p2a: Raichu|Raichu-Mega-X, L50, M
|-mega|p2a: Raichu|Raichu|Raichunite X
|-fieldstart|move: Electric Terrain|[from] ability: Electric Surge|[of] p2a: Raichu
|move|p2a: Raichu|Volt Switch|p1a: john smogon
|-damage|p1a: john smogon|62/100
|
|t:|1784752436
|switch|p2a: Corviknight|Corviknight, L50, M|100/100|[from] Volt Switch
|move|p1b: Garchomp|Stomping Tantrum|p2a: Corviknight
|-immune|p2a: Corviknight
|move|p2b: Garchomp|Rock Slide|p1b: Garchomp|[spread] p1a,p1b
|-resisted|p1b: Garchomp|1
|-damage|p1a: john smogon|30/100
|-damage|p1b: Garchomp|86/100
|-damage|p2b: Garchomp|90/100|[from] item: Life Orb
|
|upkeep
|turn|2
|inactive|Zaint has 30 seconds left.
|inactive|elitetweet has 30 seconds left.
|inactive|Zaint has 20 seconds left.
|inactive|Zaint has 15 seconds left.
|
|t:|1784752479
|switch|p1b: Aerodactyl|Aerodactyl, L50, F|100/100
|-ability|p1b: Aerodactyl|Unnerve
|move|p1a: john smogon|Will-O-Wisp|p2b: Garchomp
|-status|p2b: Garchomp|brn
|move|p2b: Garchomp|Rock Slide|p1b: Aerodactyl|[spread] p1a,p1b
|-crit|p1a: john smogon
|-supereffective|p1b: Aerodactyl|1
|-damage|p1a: john smogon|5/100
|-damage|p1b: Aerodactyl|61/100
|-damage|p2b: Garchomp|80/100 brn|[from] item: Life Orb
|move|p2a: Corviknight|Tailwind|p2a: Corviknight
|-sidestart|p2: Zaint|move: Tailwind
|
|-damage|p2b: Garchomp|74/100 brn|[from] brn
|upkeep
|turn|3
|inactive|elitetweet has 30 seconds left.
|inactive|Zaint has 30 seconds left.
|
|t:|1784752509
|switch|p1a: Floette|Floette-Eternal, L50, F|100/100
|move|p2b: Garchomp|Rock Slide|p1a: Floette|[spread] p1a,p1b
|-supereffective|p1b: Aerodactyl|1
|-damage|p1a: Floette|84/100
|-damage|p1b: Aerodactyl|17/100
|-damage|p2b: Garchomp|64/100 brn|[from] item: Life Orb
|move|p2a: Corviknight|Body Press|p1b: Aerodactyl
|-damage|p1b: Aerodactyl|0 fnt
|faint|p1b: Aerodactyl
|
|-damage|p2b: Garchomp|58/100 brn|[from] brn
|upkeep
|
|t:|1784752526
|switch|p1b: Garchomp|Garchomp, L50, M|86/100
|turn|4
|
|t:|1784752545
|detailschange|p1a: Floette|Floette-Mega, L50, F
|-mega|p1a: Floette|Floette|Floettite
|-ability|p1a: Floette|Fairy Aura
|move|p2b: Garchomp|Dragon Claw|p1b: Garchomp
|-supereffective|p1b: Garchomp|1
|-damage|p1b: Garchomp|27/100
|-damage|p2b: Garchomp|46/100 brn|[from] ability: Rough Skin|[of] p1b: Garchomp
|-damage|p2b: Garchomp|36/100 brn|[from] item: Life Orb
|move|p2a: Corviknight|Brave Bird|p1a: Floette
|-damage|p1a: Floette|48/100
|-damage|p2a: Corviknight|89/100|[from] Recoil
|move|p1b: Garchomp|Dragon Claw|p2b: Garchomp
|-supereffective|p2b: Garchomp|1
|-damage|p2b: Garchomp|0 fnt
|-damage|p1b: Garchomp|14/100|[from] ability: Rough Skin|[of] p2b: Garchomp
|faint|p2b: Garchomp
|-damage|p1b: Garchomp|4/100|[from] item: Life Orb
|move|p1a: Floette|Calm Mind|p1a: Floette
|-boost|p1a: Floette|spa|1
|-boost|p1a: Floette|spd|1
|
|-heal|p2a: Corviknight|95/100|[from] item: Leftovers
|upkeep
|
|t:|1784752568
|switch|p2b: Raichu|Raichu-Mega-X, L50, M|100/100
|turn|5
|
|t:|1784752582
|move|p1b: Garchomp|Protect|p1b: Garchomp
|-singleturn|p1b: Garchomp|Protect
|move|p1a: Floette|Protect|p1a: Floette
|-singleturn|p1a: Floette|Protect
|move|p2b: Raichu|Fake Out|p1a: Floette
|-activate|p1a: Floette|move: Protect
|move|p2a: Corviknight|Brave Bird|p1b: Garchomp
|-activate|p1b: Garchomp|move: Protect
|
|-heal|p2a: Corviknight|100/100|[from] item: Leftovers
|-sideend|p2: Zaint|move: Tailwind
|-fieldend|move: Electric Terrain
|upkeep
|turn|6
|inactive|Zaint has 30 seconds left.
|inactive|elitetweet has 30 seconds left.
|inactive|Zaint has 20 seconds left.
|inactive|Zaint has 15 seconds left.
|inactive|Zaint has 10 seconds left.
|
|t:|1784752629
|move|p2b: Raichu|Volt Switch|p1a: Floette
|-damage|p1a: Floette|37/100
|
|t:|1784752632
|switch|p2b: Sinistcha|Sinistcha, L50|100/100|[from] Volt Switch
|move|p1b: Garchomp|Stomping Tantrum|p2b: Sinistcha
|-resisted|p2b: Sinistcha|1
|-damage|p2b: Sinistcha|80/100
|-damage|p1b: Garchomp|0 fnt|[from] item: Life Orb
|faint|p1b: Garchomp
|move|p1a: Floette|Draining Kiss|p2a: Corviknight
|-resisted|p2a: Corviknight|1
|-crit|p2a: Corviknight
|-damage|p2a: Corviknight|62/100
|-heal|p1a: Floette|69/100|[from] drain|[of] p2a: Corviknight
|move|p2a: Corviknight|Brave Bird|p1a: Floette
|-damage|p1a: Floette|30/100
|-damage|p2a: Corviknight|51/100|[from] Recoil
|
|-heal|p2a: Corviknight|57/100|[from] item: Leftovers
|upkeep
|
|t:|1784752642
|switch|p1b: john smogon|Rotom-Wash, L50, shiny|5/100
|turn|7
|
|t:|1784752663
|move|p1b: john smogon|Thunderbolt|p2a: Corviknight
|-supereffective|p2a: Corviknight|1
|-damage|p2a: Corviknight|0 fnt
|faint|p2a: Corviknight
|move|p1a: Floette|Draining Kiss|p2b: Sinistcha
|-damage|p2b: Sinistcha|19/100
|-heal|p1a: Floette|76/100|[from] drain|[of] p2b: Sinistcha
|-enditem|p2b: Sinistcha|Sitrus Berry|[eat]
|-heal|p2b: Sinistcha|43/100|[from] item: Sitrus Berry
|move|p2b: Sinistcha|Matcha Gotcha|p1a: Floette|[spread] p1a,p1b
|-supereffective|p1b: john smogon|1
|-damage|p1a: Floette|64/100
|-heal|p2b: Sinistcha|50/100y|[from] drain|[of] p1a: Floette
|-damage|p1b: john smogon|0 fnt
|-heal|p2b: Sinistcha|52/100|[from] drain|[of] p1b: john smogon
|faint|p1b: john smogon
|
|upkeep
|
|t:|1784752679
|switch|p2a: Raichu|Raichu-Mega-X, L50, M|100/100
|-fieldstart|move: Electric Terrain|[from] ability: Electric Surge|[of] p2a: Raichu
|turn|8
|
|t:|1784752688
|move|p1a: Floette|Protect|p1a: Floette
|-singleturn|p1a: Floette|Protect
|move|p2a: Raichu|Fake Out|p1a: Floette
|-activate|p1a: Floette|move: Protect
|move|p2b: Sinistcha|Matcha Gotcha|p1a: Floette
|-activate|p1a: Floette|move: Protect
|
|upkeep
|turn|9
|inactive|elitetweet has 30 seconds left.
|inactive|elitetweet has 20 seconds left.
|
|t:|1784752725
|move|p2b: Sinistcha|Rage Powder|p2b: Sinistcha
|-singleturn|p2b: Sinistcha|move: Rage Powder
|move|p2a: Raichu|Volt Tackle|p1a: Floette
|-damage|p1a: Floette|0 fnt
|faint|p1a: Floette
|-damage|p2a: Raichu|72/100|[from] Recoil
|
|win|Zaint
|raw|elitetweet's rating: 1284 → 1254(-30 for losing)
|raw|Zaint's rating: 1212 → 1242(+30 for winning)
|l|☆elitetweet
|player|p1|
