|j|☆Diegoelsocorrista
|j|☆katusso
|html|Diegoelsocorristakatusso    
|uhtml|bestof|Game 2 of a best-of-3
|t:|1757668657
|gametype|doubles
|player|p1|Diegoelsocorrista|blaine-lgpe|1100
|player|p2|katusso|265|1105
|gen|9
|tier|[Gen 9] VGC 2025 Reg H (Bo3)
|rated|
|rule|Species Clause: Limit one of each Pokémon
|rule|Item Clause: Limit 1 of each item
|clearpoke
|poke|p1|Archaludon, L50, F|
|poke|p1|Rillaboom, L50, M|
|poke|p1|Basculegion, L50, M|
|poke|p1|Kingambit, L50, M|
|poke|p1|Pelipper, L50, M|
|poke|p1|Electabuzz, L50, F|
|poke|p2|Sneasler, L50, F|
|poke|p2|Rillaboom, L50, F|
|poke|p2|Farigiraf, L50, F|
|poke|p2|Malamar, L50, M|
|poke|p2|Pelipper, L50, M|
|poke|p2|Archaludon, L50, F|
|teampreview|4
|showteam|p1|Archaludon||AssaultVest|Stamina|ElectroShot,DracoMeteor,FlashCannon,BodyPress|||F|||50|,,,,,Fairy]Rillaboom||LoadedDice|GrassySurge|BulletSeed,GrassyGlide,FakeOut,Uturn|||M|||50|,,,,,Fire]Basculegion||ChoiceBand|SwiftSwim|WaveCrash,LastRespects,FlipTurn,AquaJet|||M|||50|,,,,,Grass]Kingambit||BlackGlasses|Defiant|KowtowCleave,SuckerPunch,SwordsDance,Protect|||M|||50|,,,,,Dark]Pelipper||FocusSash|Drizzle|WeatherBall,Hurricane,Tailwind,Protect|||M|||50|,,,,,Ghost]Electabuzz||Eviolite|VitalSpirit|Electroweb,Taunt,FollowMe,Protect|||F|||50|,,,,,Ghost
|showteam|p2|Sneasler||GrassySeed|Unburden|Protect,CloseCombat,DireClaw,Acrobatics|||F|||50|,,,,,Dark]Rillaboom||AssaultVest|GrassySurge|FakeOut,GrassyGlide,WoodHammer,HighHorsepower|||F|||50|,,,,,Fire]Farigiraf||MentalHerb|ArmorTail|HelpingHand,HyperVoice,Psychic,TrickRoom|||F|||50|,,,,,Fairy]Malamar||SitrusBerry|Contrary|Protect,Superpower,KnockOff,TeraBlast|||M|||50|,,,,,Stellar]Pelipper||SafetyGoggles|Drizzle|WideGuard,Hurricane,WeatherBall,Tailwind|||M|||50|,,,,,Ground]Archaludon||PowerHerb|Stalwart|Protect,ElectroShot,DragonPulse,FlashCannon|||F|||50|,,,,,Electric
|inactive|Battle timer is ON: inactive players will automatically lose when time's up. (requested by katusso)
|
|t:|1757668710
|teamsize|p1|4
|teamsize|p2|4
|start
|switch|p1a: Pelipper|Pelipper, L50, M|100/100
|switch|p1b: Basculegion|Basculegion, L50, M|100/100
|switch|p2a: Rillaboom|Rillaboom, L50, F, shiny|100/100
|switch|p2b: Sneasler|Sneasler, L50, F, shiny|100/100
|-weather|RainDance|[from] ability: Drizzle|[of] p1a: Pelipper
|-fieldstart|move: Grassy Terrain|[from] ability: Grassy Surge|[of] p2a: Rillaboom
|-enditem|p2b: Sneasler|Grassy Seed
|-boost|p2b: Sneasler|def|1|[from] item: Grassy Seed
|turn|1
|inactive|Diegoelsocorrista has 30 seconds left.
|inactive|Diegoelsocorrista has 20 seconds left.
|
|t:|1757668746
|switch|p1b: Archaludon|Archaludon, L50, F, shiny|100/100
|move|p2a: Rillaboom|Fake Out|p1a: Pelipper
|-damage|p1a: Pelipper|84/100
|move|p2b: Sneasler|Dire Claw|p1b: Archaludon
|-immune|p1b: Archaludon
|cant|p1a: Pelipper|flinch
|
|-weather|RainDance|[upkeep]
|upkeep
|turn|2
|inactive|Diegoelsocorrista has 30 seconds left.
|
|t:|1757668781
|-terastallize|p1b: Archaludon|Fairy
|move|p2b: Sneasler|Dire Claw|p1a: Pelipper
|-damage|p1a: Pelipper|33/100
|move|p1b: Archaludon|Electro Shot||[still]
|-prepare|p1b: Archaludon|Electro Shot
|-boost|p1b: Archaludon|spa|1
|-anim|p1b: Archaludon|Electro Shot|p2b: Sneasler
|-damage|p2b: Sneasler|26/100
|move|p1a: Pelipper|Tailwind|p1a: Pelipper
|-sidestart|p1: Diegoelsocorrista|move: Tailwind
|move|p2a: Rillaboom|High Horsepower|p1b: Archaludon
|-damage|p1b: Archaludon|82/100
|-ability|p1b: Archaludon|Stamina|boost
|-boost|p1b: Archaludon|def|1
|
|-weather|RainDance|[upkeep]
|-heal|p2b: Sneasler|32/100|[from] Grassy Terrain
|-heal|p1b: Archaludon|88/100|[from] Grassy Terrain
|upkeep
|turn|3
|inactive|Diegoelsocorrista has 30 seconds left.
|inactive|Diegoelsocorrista has 20 seconds left.
|inactive|Diegoelsocorrista has 15 seconds left.
|inactive|Diegoelsocorrista has 10 seconds left.
|
|t:|1757668828
|switch|p1a: Rillaboom|Rillaboom, L50, M|100/100
|move|p2b: Sneasler|Dire Claw|p1b: Archaludon
|-supereffective|p1b: Archaludon
|-damage|p1b: Archaludon|51/100
|-ability|p1b: Archaludon|Stamina|boost
|-boost|p1b: Archaludon|def|1
|move|p1b: Archaludon|Flash Cannon|p2b: Sneasler
|-damage|p2b: Sneasler|0 fnt
|faint|p2b: Sneasler
|move|p2a: Rillaboom|Wood Hammer|p1a: Rillaboom
|-resisted|p1a: Rillaboom
|-damage|p1a: Rillaboom|64/100
|-damage|p2a: Rillaboom|89/100|[from] Recoil
|
|-weather|RainDance|[upkeep]
|-heal|p1a: Rillaboom|70/100|[from] Grassy Terrain
|-heal|p1b: Archaludon|57/100|[from] Grassy Terrain
|-heal|p2a: Rillaboom|95/100|[from] Grassy Terrain
|upkeep
|
|t:|1757668839
|switch|p2b: Farigiraf|Farigiraf, L50, F, shiny|100/100
|turn|4
|
|t:|1757668857
|switch|p2a: Malamar|Malamar, L50, M, shiny|100/100
|move|p1a: Rillaboom|Bullet Seed|p1b: Archaludon
|-damage|p1b: Archaludon|50/100
|-ability|p1b: Archaludon|Stamina|boost
|-boost|p1b: Archaludon|def|1
|-damage|p1b: Archaludon|45/100
|-ability|p1b: Archaludon|Stamina|boost
|-boost|p1b: Archaludon|def|1
|-damage|p1b: Archaludon|40/100
|-ability|p1b: Archaludon|Stamina|boost
|-boost|p1b: Archaludon|def|1
|-damage|p1b: Archaludon|37/100
|-ability|p1b: Archaludon|Stamina|boost
|-boost|p1b: Archaludon|def|1
|-damage|p1b: Archaludon|34/100
|-hitcount|p1b: Archaludon|5
|move|p1b: Archaludon|Electro Shot||[still]
|-prepare|p1b: Archaludon|Electro Shot
|-boost|p1b: Archaludon|spa|1
|-anim|p1b: Archaludon|Electro Shot|p2b: Farigiraf
|-damage|p2b: Farigiraf|30/100
|move|p2b: Farigiraf|Trick Room|p2b: Farigiraf
|-fieldstart|move: Trick Room|[of] p2b: Farigiraf
|
|-weather|RainDance|[upkeep]
|-heal|p2b: Farigiraf|36/100|[from] Grassy Terrain
|-heal|p1b: Archaludon|40/100|[from] Grassy Terrain
|-heal|p1a: Rillaboom|76/100|[from] Grassy Terrain
|upkeep
|turn|5
|inactive|Diegoelsocorrista has 30 seconds left.
|inactive|Diegoelsocorrista has 20 seconds left.
|inactive|Diegoelsocorrista has 15 seconds left.
|inactive|Diegoelsocorrista has 10 seconds left.
|
|t:|1757668905
|-terastallize|p2a: Malamar|Stellar
|move|p2b: Farigiraf|Hyper Voice|p1a: Rillaboom|[spread] p1a,p1b
|-damage|p1a: Rillaboom|43/100
|-damage|p1b: Archaludon|17/100
|move|p2a: Malamar|Tera Blast|p1b: Archaludon|[anim] Tera Blast Stellar
|-supereffective|p1b: Archaludon
|-damage|p1b: Archaludon|4/100
|-boost|p2a: Malamar|atk|1
|-boost|p2a: Malamar|spa|1
|move|p1b: Archaludon|Body Press|p2b: Farigiraf
|-damage|p2b: Farigiraf|0 fnt
|faint|p2b: Farigiraf
|move|p1a: Rillaboom|U-turn|p2a: Malamar
|-supereffective|p2a: Malamar
|-damage|p2a: Malamar|9/100
|-enditem|p2a: Malamar|Sitrus Berry|[eat]
|-heal|p2a: Malamar|34/100|[from] item: Sitrus Berry
|
|t:|1757668921
|switch|p1a: Basculegion|Basculegion, L50, M|100/100|[from] U-turn
|
|-weather|none
|-heal|p2a: Malamar|40/100|[from] Grassy Terrain
|-heal|p1b: Archaludon|10/100|[from] Grassy Terrain
|-sideend|p1: Diegoelsocorrista|move: Tailwind
|-fieldend|move: Grassy Terrain
|upkeep
|
|t:|1757668926
|switch|p2b: Rillaboom|Rillaboom, L50, F, shiny|95/100
|-fieldstart|move: Grassy Terrain|[from] ability: Grassy Surge|[of] p2b: Rillaboom
|turn|6
|inactive|Diegoelsocorrista has 30 seconds left.
|
|t:|1757668955
|move|p2a: Malamar|Tera Blast|p1b: Archaludon|[anim] Tera Blast Stellar
|-supereffective|p1b: Archaludon
|-damage|p1b: Archaludon|0 fnt
|-boost|p2a: Malamar|atk|1
|-boost|p2a: Malamar|spa|1
|faint|p1b: Archaludon
|move|p2b: Rillaboom|Wood Hammer|p1a: Basculegion
|-supereffective|p1a: Basculegion
|-damage|p1a: Basculegion|0 fnt
|faint|p1a: Basculegion
|-damage|p2b: Rillaboom|64/100|[from] Recoil
|
|-heal|p2a: Malamar|47/100|[from] Grassy Terrain
|-heal|p2b: Rillaboom|70/100|[from] Grassy Terrain
|upkeep
|
|t:|1757668965
|switch|p1b: Pelipper|Pelipper, L50, M|33/100
|switch|p1a: Rillaboom|Rillaboom, L50, M|43/100
|-weather|RainDance|[from] ability: Drizzle|[of] p1b: Pelipper
|turn|7
|inactive|Diegoelsocorrista has 30 seconds left.
|
|t:|1757668997
|move|p1b: Pelipper|Protect|p1b: Pelipper
|-singleturn|p1b: Pelipper|Protect
|move|p1a: Rillaboom|Fake Out|p2b: Rillaboom
|-damage|p2b: Rillaboom|57/100
|move|p2a: Malamar|Superpower|p1b: Pelipper
|-activate|p1b: Pelipper|move: Protect
|cant|p2b: Rillaboom|flinch
|
|-weather|RainDance|[upkeep]
|-heal|p2a: Malamar|53/100|[from] Grassy Terrain
|-heal|p2b: Rillaboom|63/100|[from] Grassy Terrain
|-heal|p1a: Rillaboom|49/100|[from] Grassy Terrain
|upkeep
|turn|8
|
|t:|1757669014
|move|p1b: Pelipper|Protect||[still]
|-fail|p1b: Pelipper
|move|p2a: Malamar|Superpower|p1b: Pelipper
|-resisted|p1b: Pelipper
|-damage|p1b: Pelipper|0 fnt
|-boost|p2a: Malamar|atk|1
|-boost|p2a: Malamar|def|1
|faint|p1b: Pelipper
|move|p2b: Rillaboom|Wood Hammer|p1a: Rillaboom
|-resisted|p1a: Rillaboom
|-damage|p1a: Rillaboom|13/100
|-damage|p2b: Rillaboom|51/100|[from] Recoil
|move|p1a: Rillaboom|Bullet Seed|p2a: Malamar
|-damage|p2a: Malamar|40/100
|-damage|p2a: Malamar|28/100
|-damage|p2a: Malamar|17/100
|-damage|p2a: Malamar|4/100
|-hitcount|p2a: Malamar|4
|
|-weather|RainDance|[upkeep]
|-heal|p2a: Malamar|10/100|[from] Grassy Terrain
|-heal|p2b: Rillaboom|57/100|[from] Grassy Terrain
|-heal|p1a: Rillaboom|19/100|[from] Grassy Terrain
|-fieldend|move: Trick Room
|upkeep
|turn|9
|inactive|Diegoelsocorrista has 30 seconds left.
|inactive|Diegoelsocorrista has 20 seconds left.
|
|t:|1757669051
|move|p1a: Rillaboom|U-turn|p2a: Malamar
|-supereffective|p2a: Malamar
|-damage|p2a: Malamar|0 fnt
|faint|p2a: Malamar
|move|p2b: Rillaboom|Wood Hammer|p1a: Rillaboom
|-resisted|p1a: Rillaboom
|-damage|p1a: Rillaboom|0 fnt
|faint|p1a: Rillaboom
|-damage|p2b: Rillaboom|51/100|[from] Recoil
|
|win|katusso
|raw|Diegoelsocorrista's rating: 1100 → 1075(-25 for losing)
|raw|katusso's rating: 1105 → 1130(+25 for winning)
|l|☆katusso
|player|p2|
