|j|☆GoPlayCatch
|j|☆MarkTheMarker
|html|GoPlayCatchMarkTheMarker    
|uhtml|bestof|Game 2 of a best-of-3
|t:|1784839397
|gametype|doubles
|player|p1|GoPlayCatch|2|1239
|player|p2|MarkTheMarker|wallace|1398
|gen|9
|tier|[Gen 9 Champions] VGC 2026 Reg M-B (Bo3)
|rated|
|rule|Species Clause: Limit one of each Pokémon
|rule|Item Clause: Limit 1 of each item
|clearpoke
|poke|p1|Pinsir, L50, M|
|poke|p1|Mamoswine, L50, F|
|poke|p1|Hydreigon, L50, F|
|poke|p1|Aegislash, L50, M|
|poke|p1|Meowstic-F, L50, F|
|poke|p1|Azumarill, L50, F|
|poke|p2|Grimmsnarl, L50, M|
|poke|p2|Archaludon, L50, M|
|poke|p2|Pelipper, L50, M|
|poke|p2|Venusaur, L50, F|
|poke|p2|Gholdengo, L50|
|poke|p2|Staraptor, L50, M|
|teampreview|4
|showteam|p1|Pinsir||Pinsirite|HyperCutter|Detect,BodySlam,Feint,StormThrow|Jolly||M|||50|]Mamoswine||LifeOrb|Oblivious|IceShard,Earthquake,IcicleCrash,Protect|Jolly||F|||50|]Hydreigon||FocusSash|Levitate|DarkPulse,DracoMeteor,Tailwind,Protect|Timid||F|||50|]Aegislash||OccaBerry|StanceChange|WideGuard,FlashCannon,ShadowBall,KingsShield|Modest||M|||50|]Meowstic-F||Meowsticite|Competitive|FakeOut,Psychic,Thunderbolt,Protect|Timid||F|||50|]Azumarill||MysticWater|HugePower|AquaJet,PlayRough,Liquidation,Protect|Adamant||F|||50|
|showteam|p2|Grimmsnarl||LightClay|Prankster|SpiritBreak,PartingShot,LightScreen,Reflect|Careful||M|||50|]Archaludon||Leftovers|Stamina|DragonPulse,FlashCannon,ElectroShot,Protect|Calm||M|||50|]Pelipper||SitrusBerry|Drizzle|Hurricane,WeatherBall,WideGuard,Tailwind|Modest||M|||50|]Venusaur||Venusaurite|Chlorophyll|GigaDrain,SludgeBomb,EarthPower,Protect|Modest||F|||50|]Gholdengo||LifeOrb|GoodasGold|MakeItRain,ShadowBall,NastyPlot,Protect|Modest|||||50|]Staraptor||Staraptite|Intimidate|CloseCombat,BraveBird,Roost,Protect|Jolly||M|||50|
|inactive|Battle timer is ON: inactive players will automatically lose when time's up. (requested by MarkTheMarker)
|inactive|GoPlayCatch has 60 seconds left.
|inactive|MarkTheMarker has 60 seconds left.
|
|t:|1784839439
|teamsize|p1|4
|teamsize|p2|4
|start
|switch|p1a: Hydreigon|Hydreigon, L50, F|100/100
|switch|p1b: Meowstic|Meowstic-F, L50, F|100/100
|switch|p2a: Pelipper|Pelipper, L50, M|100/100
|switch|p2b: Archaludon|Archaludon, L50, M|100/100
|-weather|RainDance|[from] ability: Drizzle|[of] p2a: Pelipper
|turn|1
|inactive|GoPlayCatch has 30 seconds left.
|
|t:|1784839468
|switch|p2a: Grimmsnarl|Grimmsnarl, L50, M|100/100
|move|p2b: Archaludon|Protect|p2b: Archaludon
|-singleturn|p2b: Archaludon|Protect
|move|p1b: Meowstic|Fake Out|p2a: Grimmsnarl
|-damage|p2a: Grimmsnarl|94/100
|move|p1a: Hydreigon|Dark Pulse|p2b: Archaludon
|-activate|p2b: Archaludon|move: Protect
|
|-weather|RainDance|[upkeep]
|upkeep
|turn|2
|inactive|GoPlayCatch has 30 seconds left.
|
|t:|1784839498
|move|p1b: Meowstic|Protect|p1b: Meowstic
|-singleturn|p1b: Meowstic|Protect
|move|p2a: Grimmsnarl|Light Screen|p2a: Grimmsnarl
|-sidestart|p2: MarkTheMarker|move: Light Screen
|move|p1a: Hydreigon|Tailwind|p1a: Hydreigon
|-sidestart|p1: GoPlayCatch|move: Tailwind
|move|p2b: Archaludon|Electro Shot||[still]
|-prepare|p2b: Archaludon|Electro Shot
|-boost|p2b: Archaludon|spa|1
|-anim|p2b: Archaludon|Electro Shot|p1b: Meowstic
|-activate|p1b: Meowstic|move: Protect
|
|-weather|RainDance|[upkeep]
|upkeep
|turn|3
|inactive|GoPlayCatch has 30 seconds left.
|
|t:|1784839525
|switch|p1b: Aegislash|Aegislash, L50, M|100/100
|move|p2b: Archaludon|Protect|p2b: Archaludon
|-singleturn|p2b: Archaludon|Protect
|move|p1a: Hydreigon|Dark Pulse|p2b: Archaludon
|-activate|p2b: Archaludon|move: Protect
|move|p2a: Grimmsnarl|Spirit Break|p1a: Hydreigon
|-supereffective|p1a: Hydreigon|2
|-enditem|p1a: Hydreigon|Focus Sash
|-damage|p1a: Hydreigon|1/100
|-unboost|p1a: Hydreigon|spa|1
|
|-weather|RainDance|[upkeep]
|upkeep
|turn|4
|
|t:|1784839543
|switch|p1b: Meowstic|Meowstic-F, L50, F|100/100
|move|p2a: Grimmsnarl|Parting Shot|p1b: Meowstic
|-unboost|p1b: Meowstic|atk|1
|-ability|p1b: Meowstic|Competitive|boost
|-boost|p1b: Meowstic|spa|2
|-unboost|p1b: Meowstic|spa|1
|-ability|p1b: Meowstic|Competitive|boost
|-boost|p1b: Meowstic|spa|2
|
|t:|1784839548
|switch|p2a: Venusaur|Venusaur, L50, F|100/100|[from] Parting Shot
|move|p1a: Hydreigon|Draco Meteor|p2b: Archaludon
|-damage|p2b: Archaludon|75/100
|-unboost|p1a: Hydreigon|spa|2
|-ability|p2b: Archaludon|Stamina|boost
|-boost|p2b: Archaludon|def|1
|move|p2b: Archaludon|Electro Shot||[still]
|-prepare|p2b: Archaludon|Electro Shot
|-boost|p2b: Archaludon|spa|1
|-anim|p2b: Archaludon|Electro Shot|p1b: Meowstic
|-damage|p1b: Meowstic|0 fnt
|faint|p1b: Meowstic
|
|-weather|RainDance|[upkeep]
|-heal|p2b: Archaludon|81/100|[from] item: Leftovers
|upkeep
|
|t:|1784839567
|switch|p1b: Pinsir|Pinsir, L50, M|100/100
|turn|5
|
|t:|1784839581
|switch|p2a: Grimmsnarl|Grimmsnarl, L50, M|94/100
|detailschange|p1b: Pinsir|Pinsir-Mega, L50, M
|-mega|p1b: Pinsir|Pinsir|Pinsirite
|move|p2b: Archaludon|Protect|p2b: Archaludon
|-singleturn|p2b: Archaludon|Protect
|move|p1b: Pinsir|Storm Throw|p2b: Archaludon
|-activate|p2b: Archaludon|move: Protect
|move|p1a: Hydreigon|Draco Meteor|p2b: Archaludon
|-activate|p2b: Archaludon|move: Protect
|
|-weather|none
|-heal|p2b: Archaludon|87/100|[from] item: Leftovers
|-sideend|p1: GoPlayCatch|move: Tailwind
|upkeep
|turn|6
|
|t:|1784839601
|switch|p1a: Aegislash|Aegislash, L50, M|100/100
|move|p1b: Pinsir|Detect|p1b: Pinsir
|-singleturn|p1b: Pinsir|Protect
|move|p2a: Grimmsnarl|Parting Shot|p1b: Pinsir
|-activate|p1b: Pinsir|move: Protect
|move|p2b: Archaludon|Electro Shot||[still]
|-prepare|p2b: Archaludon|Electro Shot
|-boost|p2b: Archaludon|spa|1
|
|-heal|p2b: Archaludon|93/100|[from] item: Leftovers
|upkeep
|turn|7
|
|t:|1784839619
|move|p2a: Grimmsnarl|Parting Shot|p1a: Aegislash
|-unboost|p1a: Aegislash|atk|1
|-unboost|p1a: Aegislash|spa|1
|
|t:|1784839627
|switch|p2a: Pelipper|Pelipper, L50, M|100/100|[from] Parting Shot
|-weather|RainDance|[from] ability: Drizzle|[of] p2a: Pelipper
|move|p1b: Pinsir|Storm Throw|p2b: Archaludon
|-supereffective|p2b: Archaludon|1
|-crit|p2b: Archaludon
|-damage|p2b: Archaludon|37/100
|-ability|p2b: Archaludon|Stamina|boost
|-boost|p2b: Archaludon|def|1
|move|p2b: Archaludon|Electro Shot|p1b: Pinsir|[from] lockedmove
|-supereffective|p1b: Pinsir|1
|-damage|p1b: Pinsir|0 fnt
|faint|p1b: Pinsir
|-formechange|p1a: Aegislash|Aegislash-Blade|
|move|p1a: Aegislash|Shadow Ball|p2b: Archaludon
|-damage|p2b: Archaludon|19/100
|-unboost|p2b: Archaludon|spd|1
|-ability|p2b: Archaludon|Stamina|boost
|-boost|p2b: Archaludon|def|1
|
|-weather|RainDance|[upkeep]
|-heal|p2b: Archaludon|26/100|[from] item: Leftovers
|upkeep
|
|t:|1784839647
|switch|p1b: Hydreigon|Hydreigon, L50, F|1/100
|turn|8
|-message|GoPlayCatch forfeited.
|
|win|MarkTheMarker
|l|☆GoPlayCatch
|player|p1|
||MarkTheMarker is ready for game 3.
||GoPlayCatch is ready for game 3.
|uhtml|next|Next: Game 3 of 3
