|j|☆raylix
|j|☆Ho-Nononono
|html|raylixHo-Nononono    
|uhtml|bestof|Game 3 of a best-of-3
|t:|1756808741
|gametype|doubles
|player|p1|raylix|bruno|1173
|player|p2|Ho-Nononono|caitlin-masters|1463
|gen|9
|tier|[Gen 9] VGC 2025 Reg H (Bo3)
|rated|
|rule|Species Clause: Limit one of each Pokémon
|rule|Item Clause: Limit 1 of each item
|clearpoke
|poke|p1|Sneasler, L50, F|
|poke|p1|Indeedee, L50, M|
|poke|p1|Volcarona, L50, M|
|poke|p1|Ursaluna-Bloodmoon, L50, M|
|poke|p1|Annihilape, L50, M|
|poke|p1|Tyranitar, L50, M|
|poke|p2|Archaludon, L50, M|
|poke|p2|Pelipper, L50, F|
|poke|p2|Dragonite, L50, F|
|poke|p2|Ursaluna, L50, F|
|poke|p2|Sinistcha, L50|
|poke|p2|Incineroar, L50, M|
|teampreview|4
|showteam|p1|Sneasler||PsychicSeed|Unburden|CloseCombat,DireClaw,ThroatChop,Protect|||F|||50|,,,,,Dark]Indeedee||ChoiceScarf|PsychicSurge|ExpandingForce,TeraBlast,Trick,Protect|||M|||50|,,,,,Psychic]Volcarona||SitrusBerry|FlameBody|Overheat,StruggleBug,RagePowder,Tailwind|||M|||50|,,,,,Grass]Ursaluna-Bloodmoon||LifeOrb|MindsEye|BloodMoon,HyperVoice,EarthPower,Protect|||M|||50|,,,,,Normal]Annihilape||SafetyGoggles|Defiant|CloseCombat,RageFist,Taunt,FinalGambit|||M|||50|,,,,,Fairy]Tyranitar||AssaultVest|SandStream|RockSlide,KnockOff,TeraBlast,LowKick|||M|||50|,,,,,Flying
|showteam|p2|Archaludon||AssaultVest|Stamina|ElectroShot,Snarl,FlashCannon,BodyPress|||M|||50|,,,,,Bug]Pelipper||FocusSash|Drizzle|WeatherBall,Hurricane,Tailwind,Protect|||F|||50|,,,,,Ghost]Dragonite||LoadedDice|Multiscale|ScaleShot,Tailwind,Haze,Protect|||F|||50|,,,,,Steel]Ursaluna||FlameOrb|Guts|Facade,HeadlongRush,Earthquake,Protect|||F|||50|,,,,,Ghost]Sinistcha||SitrusBerry|Hospitality|MatchaGotcha,RagePowder,LifeDew,TrickRoom||||||50|,,,,,Dark]Incineroar||SafetyGoggles|Intimidate|Taunt,KnockOff,PartingShot,FakeOut|||M|||50|,,,,,Ghost
|inactive|Battle timer is ON: inactive players will automatically lose when time's up. (requested by Ho-Nononono)
|
|t:|1756808762
|teamsize|p1|4
|teamsize|p2|4
|start
|switch|p1a: Volcarona|Volcarona, L50, M|100/100
|switch|p1b: Tyranitar|Tyranitar, L50, M|100/100
|switch|p2a: Archaludon|Archaludon, L50, M|100/100
|switch|p2b: Dragonite|Dragonite, L50, F|100/100
|-weather|Sandstorm|[from] ability: Sand Stream|[of] p1b: Tyranitar
|turn|1
|inactive|raylix has 30 seconds left.
|
|t:|1756808794
|move|p1a: Volcarona|Tailwind|p1a: Volcarona
|-sidestart|p1: raylix|move: Tailwind
|move|p1b: Tyranitar|Low Kick|p2a: Archaludon
|-supereffective|p2a: Archaludon
|-damage|p2a: Archaludon|54/100
|-ability|p2a: Archaludon|Stamina|boost
|-boost|p2a: Archaludon|def|1
|move|p2b: Dragonite|Scale Shot|p1b: Tyranitar
|-damage|p1b: Tyranitar|88/100
|-damage|p1b: Tyranitar|76/100
|-damage|p1b: Tyranitar|65/100
|-damage|p1b: Tyranitar|52/100
|-hitcount|p1b: Tyranitar|4
|-unboost|p2b: Dragonite|def|1
|-boost|p2b: Dragonite|spe|1
|move|p2a: Archaludon|Body Press|p1b: Tyranitar
|-supereffective|p1b: Tyranitar
|-damage|p1b: Tyranitar|0 fnt
|faint|p1b: Tyranitar
|
|-weather|Sandstorm|[upkeep]
|-damage|p1a: Volcarona|94/100|[from] Sandstorm
|-damage|p2b: Dragonite|94/100|[from] Sandstorm
|upkeep
|inactive|raylix has 30 seconds left.
|inactive|raylix has 20 seconds left.
|inactive|raylix has 15 seconds left.
|inactive|raylix has 10 seconds left.
|
|t:|1756808844
|switch|p1b: Sneasler|Sneasler, L50, F|100/100
|turn|2
|inactive|raylix has 30 seconds left.
|
|t:|1756808874
|-terastallize|p1a: Volcarona|Grass
|move|p1a: Volcarona|Rage Powder|p1a: Volcarona
|-singleturn|p1a: Volcarona|move: Rage Powder
|move|p1b: Sneasler|Close Combat|p2a: Archaludon
|-supereffective|p2a: Archaludon
|-damage|p2a: Archaludon|0 fnt
|-unboost|p1b: Sneasler|def|1
|-unboost|p1b: Sneasler|spd|1
|faint|p2a: Archaludon
|move|p2b: Dragonite|Scale Shot|p1a: Volcarona
|-damage|p1a: Volcarona|78/100
|-damage|p1a: Volcarona|62/100
|-damage|p1a: Volcarona|45/100
|-enditem|p1a: Volcarona|Sitrus Berry|[eat]
|-heal|p1a: Volcarona|70/100|[from] item: Sitrus Berry
|-damage|p1a: Volcarona|54/100
|-damage|p1a: Volcarona|35/100
|-hitcount|p1a: Volcarona|5
|-unboost|p2b: Dragonite|def|1
|-boost|p2b: Dragonite|spe|1
|
|-weather|Sandstorm|[upkeep]
|-damage|p1b: Sneasler|95/100|[from] Sandstorm
|-damage|p1a: Volcarona|29/100|[from] Sandstorm
|-damage|p2b: Dragonite|88/100|[from] Sandstorm
|upkeep
|
|t:|1756808881
|switch|p2a: Sinistcha|Sinistcha, L50|100/100
|-heal|p2b: Dragonite|100/100|[from] ability: Hospitality|[of] p2a: Sinistcha
|turn|3
|inactive|raylix has 30 seconds left.
|inactive|raylix has 20 seconds left.
|inactive|Ho-Nononono has 30 seconds left.
|inactive|raylix has 15 seconds left.
|inactive|Ho-Nononono has 20 seconds left.
|
|t:|1756808931
|switch|p2a: Ursaluna|Ursaluna, L50, F|100/100
|move|p1b: Sneasler|Dire Claw|p2b: Dragonite
|-damage|p2b: Dragonite|46/100
|move|p1a: Volcarona|Struggle Bug|p2a: Ursaluna|[spread] p2a,p2b
|-resisted|p2b: Dragonite
|-damage|p2a: Ursaluna|82/100
|-damage|p2b: Dragonite|38/100
|-unboost|p2a: Ursaluna|spa|1
|-unboost|p2b: Dragonite|spa|1
|move|p2b: Dragonite|Scale Shot|p1a: Volcarona
|-damage|p1a: Volcarona|12/100
|-damage|p1a: Volcarona|0 fnt
|faint|p1a: Volcarona
|-hitcount|p1: Volcarona|2
|-unboost|p2b: Dragonite|def|1
|-boost|p2b: Dragonite|spe|1
|
|-weather|Sandstorm|[upkeep]
|-damage|p2b: Dragonite|32/100|[from] Sandstorm
|-damage|p1b: Sneasler|89/100|[from] Sandstorm
|-status|p2a: Ursaluna|brn|[from] item: Flame Orb
|upkeep
|
|t:|1756808939
|switch|p1a: Indeedee|Indeedee, L50, M|100/100
|-fieldstart|move: Psychic Terrain|[from] ability: Psychic Surge|[of] p1a: Indeedee
|-enditem|p1b: Sneasler|Psychic Seed
|-boost|p1b: Sneasler|spd|1|[from] item: Psychic Seed
|turn|4
|
|t:|1756808963
|switch|p2a: Sinistcha|Sinistcha, L50|100/100
|-heal|p2b: Dragonite|57/100|[from] ability: Hospitality|[of] p2a: Sinistcha
|move|p2b: Dragonite|Protect|p2b: Dragonite
|-singleturn|p2b: Dragonite|Protect
|move|p1b: Sneasler|Dire Claw|p2b: Dragonite
|-activate|p2b: Dragonite|move: Protect
|move|p1a: Indeedee|Expanding Force|p2a: Sinistcha|[spread] p2a
|-activate|p2b: Dragonite|move: Protect
|-damage|p2a: Sinistcha|53/100
|
|-weather|Sandstorm|[upkeep]
|-damage|p1b: Sneasler|83/100|[from] Sandstorm
|-damage|p1a: Indeedee|95/100|[from] Sandstorm
|-damage|p2b: Dragonite|50/100|[from] Sandstorm
|-damage|p2a: Sinistcha|47/100|[from] Sandstorm
|-enditem|p2a: Sinistcha|Sitrus Berry|[eat]
|-heal|p2a: Sinistcha|71/100|[from] item: Sitrus Berry
|-sideend|p1: raylix|move: Tailwind
|upkeep
|turn|5
|
|t:|1756808974
|-terastallize|p2b: Dragonite|Steel
|move|p2a: Sinistcha|Rage Powder|p2a: Sinistcha
|-singleturn|p2a: Sinistcha|move: Rage Powder
|move|p2b: Dragonite|Scale Shot|p1a: Indeedee
|-damage|p1a: Indeedee|65/100
|-damage|p1a: Indeedee|37/100
|-damage|p1a: Indeedee|8/100
|-damage|p1a: Indeedee|0 fnt
|faint|p1a: Indeedee
|-hitcount|p1: Indeedee|4
|-unboost|p2b: Dragonite|def|1
|-boost|p2b: Dragonite|spe|1
|move|p1b: Sneasler|Dire Claw|p2a: Sinistcha
|-damage|p2a: Sinistcha|26/100
|-status|p2a: Sinistcha|par
|
|-weather|none
|upkeep
|turn|6
|
|t:|1756808989
|move|p2b: Dragonite|Scale Shot|p1b: Sneasler
|-damage|p1b: Sneasler|50/100
|-damage|p1b: Sneasler|14/100
|-damage|p1b: Sneasler|0 fnt
|faint|p1b: Sneasler
|-hitcount|p1: Sneasler|3
|
|win|Ho-Nononono
|raw|raylix's rating: 1173 → 1165(-8 for losing)
|raw|Ho-Nononono's rating: 1463 → 1469(+6 for winning)
