|j|☆NettoFagundes
|j|☆SeymoursLeftToeVGC
|html|NettoFagundesSeymoursLeftToeVGC    
|uhtml|bestof|Game 3 of a best-of-3
|t:|1782257723
|gametype|doubles
|player|p1|NettoFagundes|hugh|1077
|player|p2|SeymoursLeftToeVGC|marlon|1070
|gen|9
|tier|[Gen 9 Champions] VGC 2026 Reg M-B (Bo3)
|rated|
|rule|Species Clause: Limit one of each Pokémon
|rule|Item Clause: Limit 1 of each item
|clearpoke
|poke|p1|Swampert, L50, M|
|poke|p1|Raichu, L50, M|
|poke|p1|Archaludon, L50, M|
|poke|p1|Pelipper, L50, M|
|poke|p1|Basculegion, L50, M|
|poke|p1|Grimmsnarl, L50, M|
|poke|p2|Whimsicott, L50, M, shiny|
|poke|p2|Typhlosion-Hisui, L50, M, shiny|
|poke|p2|Farigiraf, L50, M|
|poke|p2|Sceptile, L50, F, shiny|
|poke|p2|Rotom-Wash, L50, shiny|
|poke|p2|Tyranitar, L50, M, shiny|
|teampreview|4
|showteam|p1|Swampert||Swampertite|Torrent|WaveCrash,Earthquake,PoisonJab,Protect|Adamant||M|||50|]Raichu||RaichuniteY|LightningRod|FakeOut,ZapCannon,FocusBlast,VoltSwitch|Hasty||M|||50|]Archaludon||Leftovers|Stamina|FlashCannon,DracoMeteor,ElectroShot,Protect|Calm||M|||50|]Pelipper||FocusSash|Drizzle|Hurricane,Protect,WeatherBall,Tailwind|Bold||M|||50|]Basculegion||ChoiceScarf|Adaptability|WaveCrash,AquaJet,LastRespects,FlipTurn|Jolly||M|||50|]Grimmsnarl||LightClay|Prankster|SpiritBreak,Reflect,LightScreen,PartingShot|Careful||M|||50|
|showteam|p2|Whimsicott||FocusSash|Prankster|Moonblast,FakeTears,Protect,Tailwind|Modest||M|||50|]Typhlosion-Hisui||Charcoal|Blaze|Eruption,Protect,ShadowBall,HeatWave|Modest||M|||50|]Farigiraf||LifeOrb|ArmorTail|HyperVoice,TwinBeam,Protect,HelpingHand|Modest||M|||50|]Sceptile||Sceptilite|Overgrow|FrenzyPlant,DragonPulse,Protect,GigaDrain|Timid||F|||50|]Rotom-Wash||ChoiceScarf|Levitate|HydroPump,Discharge,VoltSwitch,Electroweb|Timid|||||50|]Tyranitar||Tyranitarite|SandStream|RockSlide,KnockOff,Protect,DragonDance|Adamant||M|||50|
|inactive|Battle timer is ON: inactive players will automatically lose when time's up. (requested by SeymoursLeftToeVGC)
|
|t:|1782257745
|teamsize|p1|4
|teamsize|p2|4
|start
|switch|p1a: Raichu|Raichu, L50, M|100/100
|switch|p1b: Grimmsnarl|Grimmsnarl, L50, M|100/100
|switch|p2a: Sceptile|Sceptile, L50, F, shiny|100/100
|switch|p2b: Rotom|Rotom-Wash, L50, shiny|100/100
|turn|1
|inactive|NettoFagundes has 30 seconds left.
|inactive|SeymoursLeftToeVGC has 30 seconds left.
|
|t:|1782257776
|switch|p2b: Farigiraf|Farigiraf, L50, M|100/100
|detailschange|p2a: Sceptile|Sceptile-Mega, L50, F, shiny
|-mega|p2a: Sceptile|Sceptile|Sceptilite
|move|p2a: Sceptile|Protect|p2a: Sceptile
|-singleturn|p2a: Sceptile|Protect
|move|p1a: Raichu|Fake Out||[still]
|cant|p2b: Farigiraf|ability: Armor Tail|Fake Out|[of] p1a: Raichu
|move|p1b: Grimmsnarl|Light Screen|p1b: Grimmsnarl
|-sidestart|p1: NettoFagundes|move: Light Screen
|
|upkeep
|turn|2
|inactive|NettoFagundes has 30 seconds left.
|
|t:|1782257803
|switch|p2a: Whimsicott|Whimsicott, L50, M, shiny|100/100
|move|p1a: Raichu|Focus Blast|p2a: Whimsicott
|-resisted|p2a: Whimsicott|1
|-damage|p2a: Whimsicott|71/100
|move|p2b: Farigiraf|Hyper Voice|p1a: Raichu|[spread] p1a,p1b
|-crit|p1a: Raichu
|-damage|p1a: Raichu|0 fnt
|-damage|p1b: Grimmsnarl|76/100
|faint|p1a: Raichu
|-damage|p2b: Farigiraf|90/100|[from] item: Life Orb
|move|p1b: Grimmsnarl|Spirit Break|p2a: Whimsicott
|-damage|p2a: Whimsicott|27/100
|-unboost|p2a: Whimsicott|spa|1
|
|upkeep
|
|t:|1782257825
|switch|p1a: Swampert|Swampert, L50, M|100/100
|turn|3
|
|t:|1782257841
|detailschange|p1a: Swampert|Swampert-Mega, L50, M
|-mega|p1a: Swampert|Swampert|Swampertite
|move|p1a: Swampert|Protect|p1a: Swampert
|-singleturn|p1a: Swampert|Protect
|move|p2a: Whimsicott|Fake Tears|p1a: Swampert
|-activate|p1a: Swampert|move: Protect
|move|p2b: Farigiraf|Hyper Voice|p1b: Grimmsnarl|[spread] p1b
|-activate|p1a: Swampert|move: Protect
|-damage|p1b: Grimmsnarl|55/100
|-damage|p2b: Farigiraf|80/100|[from] item: Life Orb
|move|p1b: Grimmsnarl|Spirit Break|p2b: Farigiraf
|-damage|p2b: Farigiraf|45/100
|-unboost|p2b: Farigiraf|spa|1
|
|upkeep
|turn|4
|inactive|NettoFagundes has 30 seconds left.
|inactive|NettoFagundes has 20 seconds left.
|
|t:|1782257878
|switch|p1a: Pelipper|Pelipper, L50, M|100/100
|-weather|RainDance|[from] ability: Drizzle|[of] p1a: Pelipper
|move|p2a: Whimsicott|Tailwind|p2a: Whimsicott
|-sidestart|p2: SeymoursLeftToeVGC|move: Tailwind
|move|p2b: Farigiraf|Hyper Voice|p1a: Pelipper|[spread] p1a,p1b
|-crit|p1a: Pelipper
|-damage|p1a: Pelipper|3/100
|-damage|p1b: Grimmsnarl|40/100
|-damage|p2b: Farigiraf|35/100|[from] item: Life Orb
|move|p1b: Grimmsnarl|Spirit Break|p2b: Farigiraf
|-damage|p2b: Farigiraf|0 fnt
|faint|p2b: Farigiraf
|
|-weather|RainDance|[upkeep]
|upkeep
|
|t:|1782257893
|switch|p2b: Sceptile|Sceptile-Mega, L50, F, shiny|100/100
|turn|5
|
|t:|1782257905
|move|p1b: Grimmsnarl|Parting Shot|p2b: Sceptile
|-unboost|p2b: Sceptile|atk|1
|-unboost|p2b: Sceptile|spa|1
|
|t:|1782257908
|switch|p1b: Swampert|Swampert-Mega, L50, M|100/100|[from] Parting Shot
|move|p2b: Sceptile|Giga Drain|p1a: Pelipper
|-damage|p1a: Pelipper|0 fnt
|faint|p1a: Pelipper
|move|p2a: Whimsicott|Moonblast|p1b: Swampert
|-damage|p1b: Swampert|87/100
|
|-weather|RainDance|[upkeep]
|upkeep
|
|t:|1782257918
|switch|p1a: Grimmsnarl|Grimmsnarl, L50, M|40/100
|turn|6
|
|t:|1782257931
|move|p2a: Whimsicott|Fake Tears|p1b: Swampert
|-unboost|p1b: Swampert|spd|2
|move|p1a: Grimmsnarl|Parting Shot|p2b: Sceptile
|-unboost|p2b: Sceptile|atk|1
|-unboost|p2b: Sceptile|spa|1
|move|p2b: Sceptile|Giga Drain|p1b: Swampert
|-supereffective|p1b: Swampert|2
|-damage|p1b: Swampert|0 fnt
|faint|p1b: Swampert
|
|-weather|RainDance|[upkeep]
|upkeep
|turn|7
|
|t:|1782257943
|switch|p2b: Rotom|Rotom-Wash, L50, shiny|100/100
|move|p2a: Whimsicott|Moonblast|p1a: Grimmsnarl
|-supereffective|p1a: Grimmsnarl|1
|-damage|p1a: Grimmsnarl|14/100
|move|p1a: Grimmsnarl|Spirit Break|p2b: Rotom
|-crit|p2b: Rotom
|-damage|p2b: Rotom|37/100
|-unboost|p2b: Rotom|spa|1
|
|-weather|RainDance|[upkeep]
|-sideend|p2: SeymoursLeftToeVGC|move: Tailwind
|upkeep
|turn|8
|inactive|NettoFagundes has 30 seconds left.
|inactive|NettoFagundes has 20 seconds left.
|
|t:|1782257978
|move|p2a: Whimsicott|Fake Tears|p1a: Grimmsnarl
|-hint|Since gen 7, Dark is immune to Prankster moves.
|-immune|p1a: Grimmsnarl
|move|p2b: Rotom|Volt Switch|p1a: Grimmsnarl
|-damage|p1a: Grimmsnarl|3/100
|
|t:|1782257984
|switch|p2b: Sceptile|Sceptile-Mega, L50, F, shiny|100/100|[from] Volt Switch
|move|p1a: Grimmsnarl|Spirit Break|p2b: Sceptile
|-supereffective|p2b: Sceptile|1
|-damage|p2b: Sceptile|1/100
|-unboost|p2b: Sceptile|spa|1
|
|-weather|none
|-sideend|p1: NettoFagundes|move: Light Screen
|upkeep
|turn|9
|
|t:|1782257995
|move|p2b: Sceptile|Giga Drain|p1a: Grimmsnarl
|-damage|p1a: Grimmsnarl|0 fnt
|-heal|p2b: Sceptile|3/100|[from] drain|[of] p1a: Grimmsnarl
|faint|p1a: Grimmsnarl
|
|win|SeymoursLeftToeVGC
|raw|NettoFagundes's rating: 1077 → 1055(-22 for losing)
|raw|SeymoursLeftToeVGC's rating: 1070 → 1100(+30 for winning)
