|j|☆patoathie
|j|☆Aircross360
|html|patoathieAircross360    
|uhtml|bestof|Game 2 of a best-of-3
|t:|1756932661
|gametype|doubles
|player|p1|patoathie|169|1159
|player|p2|Aircross360|lucas|1038
|gen|9
|tier|[Gen 9] VGC 2025 Reg H (Bo3)
|rated|
|rule|Species Clause: Limit one of each Pokémon
|rule|Item Clause: Limit 1 of each item
|clearpoke
|poke|p1|Volcarona, L50, M|
|poke|p1|Sneasler, L50, M|
|poke|p1|Rillaboom, L50, F|
|poke|p1|Dragapult, L50, F|
|poke|p1|Kingambit, L50, M|
|poke|p1|Electabuzz, L50, F|
|poke|p2|Gholdengo, L50|
|poke|p2|Dragonite, L50, F|
|poke|p2|Sneasler, L50, F|
|poke|p2|Ursaluna-Bloodmoon, L50, M|
|poke|p2|Whimsicott, L50, F|
|poke|p2|Magmar, L50, M|
|teampreview|4
|showteam|p1|Volcarona||Leftovers|FlameBody|QuiverDance,HeatWave,TeraBlast,Protect|||M|||50|,,,,,Fairy]Sneasler||FocusSash|Unburden|FakeOut,CloseCombat,DireClaw,Coaching|||M|||50|,,,,,Ghost]Rillaboom||AssaultVest|GrassySurge|FakeOut,WoodHammer,GrassyGlide,Uturn|||F|||50|,,,,,Fire]Dragapult||ChoiceBand|ClearBody|DragonDarts,Outrage,Uturn,PhantomForce|||F|||50|,,,,,Dragon]Kingambit||BlackGlasses|Defiant|SwordsDance,KowtowCleave,SuckerPunch,Protect|||M|||50|,,,,,Dark]Electabuzz||Eviolite|VitalSpirit|FollowMe,Electroweb,HelpingHand,Taunt|||F|||50|,,,,,Ghost
|showteam|p2|Gholdengo||LifeOrb|GoodasGold|MakeItRain,ShadowBall,NastyPlot,Protect||||||50|,,,,,Water]Dragonite||LoadedDice|Multiscale|ScaleShot,ExtremeSpeed,IceSpinner,Protect|||F|||50|,,,,,Fairy]Sneasler||FocusSash|Unburden|DireClaw,CloseCombat,ThroatChop,Protect|||F|||50|,,,,,Stellar]Ursaluna-Bloodmoon||AssaultVest|MindsEye|BloodMoon,HyperVoice,EarthPower,VacuumWave|||M|||50|,,,,,Water]Whimsicott||CovertCloak|Prankster|Tailwind,Moonblast,Encore,LightScreen|||F|||50|,,,,,Water]Magmar||Eviolite|VitalSpirit|FollowMe,Overheat,Taunt,Protect|||M|||50|,,,,,Ghost
|
|t:|1756932733
|teamsize|p1|4
|teamsize|p2|4
|start
|switch|p1a: Volcarona|Volcarona, L50, M|100/100
|switch|p1b: Electabuzz|Electabuzz, L50, F|100/100
|switch|p2a: Magmar|Magmar, L50, M|100/100
|switch|p2b: Dragonite|Dragonite, L50, F|100/100
|turn|1
|
|t:|1756932776
|move|p1b: Electabuzz|Electroweb|p2b: Dragonite|[spread] p2a,p2b
|-damage|p2a: Magmar|90/100
|-damage|p2b: Dragonite|93/100
|-unboost|p2a: Magmar|spe|1
|-unboost|p2b: Dragonite|spe|1
|move|p1a: Volcarona|Quiver Dance|p1a: Volcarona
|-boost|p1a: Volcarona|spa|1
|-boost|p1a: Volcarona|spd|1
|-boost|p1a: Volcarona|spe|1
|move|p2b: Dragonite|Scale Shot|p1b: Electabuzz
|-damage|p1b: Electabuzz|89/100
|-damage|p1b: Electabuzz|77/100
|-damage|p1b: Electabuzz|65/100
|-damage|p1b: Electabuzz|54/100
|-hitcount|p1b: Electabuzz|4
|-unboost|p2b: Dragonite|def|1
|-boost|p2b: Dragonite|spe|1
|move|p2a: Magmar|Taunt|p1b: Electabuzz
|-start|p1b: Electabuzz|move: Taunt
|
|upkeep
|turn|2
|
|t:|1756932850
|-terastallize|p1a: Volcarona|Fairy
|move|p1a: Volcarona|Tera Blast|p2b: Dragonite|[anim] Tera Blast Fairy
|-supereffective|p2b: Dragonite
|-damage|p2b: Dragonite|0 fnt
|faint|p2b: Dragonite
|move|p1b: Electabuzz|Electroweb|p2a: Magmar
|-damage|p2a: Magmar|75/100
|-unboost|p2a: Magmar|spe|1
|move|p2a: Magmar|Taunt|p1a: Volcarona
|-start|p1a: Volcarona|move: Taunt
|
|upkeep
|
|t:|1756932861
|switch|p2b: Sneasler|Sneasler, L50, F|100/100
|turn|3
|
|t:|1756932876
|move|p2b: Sneasler|Protect|p2b: Sneasler
|-singleturn|p2b: Sneasler|Protect
|move|p1a: Volcarona|Heat Wave|p2b: Sneasler|[spread] p2a
|-activate|p2b: Sneasler|move: Protect
|-resisted|p2a: Magmar
|-damage|p2a: Magmar|56/100
|move|p1b: Electabuzz|Electroweb|p2b: Sneasler|[spread] p2a
|-activate|p2b: Sneasler|move: Protect
|-damage|p2a: Magmar|45/100
|-unboost|p2a: Magmar|spe|1
|move|p2a: Magmar|Overheat|p1b: Electabuzz
|-damage|p1b: Electabuzz|19/100
|-unboost|p2a: Magmar|spa|2
|
|upkeep
|turn|4
|inactive|Battle timer is ON: inactive players will automatically lose when time's up. (requested by patoathie)
|
|t:|1756932916
|switch|p2a: Ursaluna|Ursaluna-Bloodmoon, L50, M|100/100
|move|p1a: Volcarona|Heat Wave|p2a: Ursaluna|[spread] p2a,p2b
|-damage|p2a: Ursaluna|69/100
|-damage|p2b: Sneasler|33/100
|-status|p2b: Sneasler|brn
|move|p2b: Sneasler|Dire Claw|p1b: Electabuzz
|-damage|p1b: Electabuzz|2/100
|move|p1b: Electabuzz|Electroweb|p2b: Sneasler|[spread] p2b
|-immune|p2a: Ursaluna
|-damage|p2b: Sneasler|13/100 brn
|-unboost|p2b: Sneasler|spe|1
|
|-damage|p2b: Sneasler|7/100 brn|[from] brn
|-end|p1b: Electabuzz|move: Taunt
|upkeep
|turn|5
|inactive|Aircross360 has 30 seconds left.
|inactive|Aircross360 has 20 seconds left.
|inactive|Aircross360 has 15 seconds left.
|inactive|Aircross360 has 10 seconds left.
|inactive|Aircross360 has 5 seconds left.
|
|t:|1756932970
|move|p1b: Electabuzz|Helping Hand|p1a: Volcarona
|-singleturn|p1a: Volcarona|Helping Hand|[of] p1b: Electabuzz
|move|p2a: Ursaluna|Vacuum Wave|p1b: Electabuzz
|-damage|p1b: Electabuzz|0 fnt
|faint|p1b: Electabuzz
|move|p1a: Volcarona|Heat Wave|p2a: Ursaluna|[spread] p2a,p2b
|-damage|p2a: Ursaluna|21/100
|-damage|p2b: Sneasler|0 fnt
|faint|p2b: Sneasler
|
|-end|p1a: Volcarona|move: Taunt
|upkeep
|-message|Aircross360 forfeited.
|
|win|patoathie
||Aircross360 is ready for game 3.
||patoathie is ready for game 3.
|uhtml|next|Next: Game 3 of 3
|l|☆patoathie
|player|p1|
