|j|☆yutaliban
|j|☆daviisiiitoo
|html|yutalibandaviisiiitoo    
|uhtml|bestof|Game 1 of a best-of-3
|t:|1782311893
|gametype|doubles
|player|p1|yutaliban|102|1144
|player|p2|daviisiiitoo|266|1155
|gen|9
|tier|[Gen 9 Champions] VGC 2026 Reg M-B (Bo3)
|rated|
|rule|Species Clause: Limit one of each Pokémon
|rule|Item Clause: Limit 1 of each item
|clearpoke
|poke|p1|Aerodactyl, L50, F|
|poke|p1|Gholdengo, L50|
|poke|p1|Maushold, L50|
|poke|p1|Garchomp, L50, M|
|poke|p1|Kingambit, L50, M|
|poke|p1|Floette-Eternal, L50, F|
|poke|p2|Metagross, L50|
|poke|p2|Dragonite, L50, F|
|poke|p2|Ninetales-Alola, L50, M|
|poke|p2|Sneasler, L50, M|
|poke|p2|Garchomp, L50, F|
|poke|p2|Kingambit, L50, F|
|teampreview|4
|showteam|p1|Aerodactyl||Aerodactylite|RockHead|DualWingbeat,RockSlide,IceFang,Tailwind|Adamant||F|||50|]Gholdengo||LifeOrb|GoodasGold|ShadowBall,MakeItRain,NastyPlot,Protect|Modest|||||50|]Maushold||FocusSash|FriendGuard|FollowMe,SuperFang,Taunt,Protect|Jolly|||||50|]Garchomp||SitrusBerry|SandVeil|RockSlide,DragonClaw,Earthquake,Protect|Adamant||M|||50|]Kingambit||BlackGlasses|Defiant|KowtowCleave,LowKick,SuckerPunch,Protect|Adamant||M|||50|]Floette-Eternal||Floettite|FlowerVeil|EnergyBall,Moonblast,DazzlingGleam,Protect|Modest||F|||50|
|showteam|p2|Metagross||Metagrossite|ClearBody|IronHead,PsychicFangs,StompingTantrum,Protect|Jolly|||||50|]Dragonite||Dragoninite|Multiscale|Tailwind,DragonPulse,HeatWave,Protect|Modest||F|||50|]Ninetales-Alola||FocusSash|SnowWarning|Blizzard,Moonblast,Encore,Protect|Timid||M|||50|]Sneasler||WhiteHerb|Unburden|FakeOut,DireClaw,CloseCombat,Coaching|Adamant||M|||50|]Garchomp||LifeOrb|RoughSkin|DragonClaw,StompingTantrum,RockSlide,Protect|Jolly||F|||50|]Kingambit||BlackGlasses|Defiant|KowtowCleave,LowKick,SuckerPunch,IronHead|Adamant||F|||50|
|
|t:|1782311959
|teamsize|p1|4
|teamsize|p2|4
|start
|switch|p1a: Maushold|Maushold, L50|100/100
|switch|p1b: Aerodactyl|Aerodactyl, L50, F|100/100
|switch|p2a: Sneasler|Sneasler, L50, M|100/100
|switch|p2b: Garchomp|Garchomp, L50, F|100/100
|turn|1
|
|t:|1782311996
|switch|p1b: Garchomp|Garchomp, L50, M|100/100
|move|p1a: Maushold|Protect|p1a: Maushold
|-singleturn|p1a: Maushold|Protect
|move|p2a: Sneasler|Fake Out|p1b: Garchomp
|-damage|p1b: Garchomp|90/100
|move|p2b: Garchomp|Rock Slide|p1b: Garchomp|[spread] p1b
|-activate|p1a: Maushold|move: Protect
|-resisted|p1b: Garchomp|1
|-damage|p1b: Garchomp|80/100
|-damage|p2b: Garchomp|90/100|[from] item: Life Orb
|
|upkeep
|turn|2
|
|t:|1782312027
|switch|p2b: Metagross|Metagross, L50|100/100
|move|p1a: Maushold|Follow Me|p1a: Maushold
|-singleturn|p1a: Maushold|move: Follow Me
|move|p2a: Sneasler|Coaching|p2b: Metagross
|-boost|p2b: Metagross|atk|1
|-boost|p2b: Metagross|def|1
|move|p1b: Garchomp|Dragon Claw|p2b: Metagross
|-resisted|p2b: Metagross|1
|-damage|p2b: Metagross|86/100
|
|upkeep
|turn|3
|
|t:|1782312052
|detailschange|p2b: Metagross|Metagross-Mega, L50
|-mega|p2b: Metagross|Metagross|Metagrossite
|move|p2b: Metagross|Protect|p2b: Metagross
|-singleturn|p2b: Metagross|Protect
|move|p1a: Maushold|Super Fang|p2b: Metagross
|-activate|p2b: Metagross|move: Protect
|move|p2a: Sneasler|Close Combat|p1b: Garchomp
|-damage|p1b: Garchomp|33/100
|-unboost|p2a: Sneasler|def|1
|-unboost|p2a: Sneasler|spd|1
|-enditem|p1b: Garchomp|Sitrus Berry|[eat]
|-heal|p1b: Garchomp|58/100|[from] item: Sitrus Berry
|-enditem|p2a: Sneasler|White Herb
|-clearnegativeboost|p2a: Sneasler|[silent]
|move|p1b: Garchomp|Earthquake|p2a: Sneasler|[spread] p1a,p2a
|-activate|p2b: Metagross|move: Protect
|-supereffective|p2a: Sneasler|1
|-damage|p1a: Maushold|48/100
|-damage|p2a: Sneasler|0 fnt
|faint|p2a: Sneasler
|
|upkeep
|
|t:|1782312076
|switch|p2a: Garchomp|Garchomp, L50, F|90/100
|turn|4
|
|t:|1782312095
|move|p1a: Maushold|Protect|p1a: Maushold
|-singleturn|p1a: Maushold|Protect
|move|p2b: Metagross|Psychic Fangs|p1b: Garchomp
|-damage|p1b: Garchomp|0 fnt
|faint|p1b: Garchomp
|move|p2a: Garchomp|Dragon Claw|p1a: Maushold
|-activate|p1a: Maushold|move: Protect
|
|upkeep
|
|t:|1782312110
|switch|p1b: Aerodactyl|Aerodactyl, L50, F|100/100
|turn|5
|
|t:|1782312124
|detailschange|p1b: Aerodactyl|Aerodactyl-Mega, L50, F
|-mega|p1b: Aerodactyl|Aerodactyl|Aerodactylite
|move|p2a: Garchomp|Protect|p2a: Garchomp
|-singleturn|p2a: Garchomp|Protect
|move|p1a: Maushold|Follow Me|p1a: Maushold
|-singleturn|p1a: Maushold|move: Follow Me
|move|p1b: Aerodactyl|Ice Fang|p2a: Garchomp
|-activate|p2a: Garchomp|move: Protect
|move|p2b: Metagross|Iron Head|p1a: Maushold
|-damage|p1a: Maushold|0 fnt
|faint|p1a: Maushold
|
|upkeep
|
|t:|1782312136
|switch|p1a: Kingambit|Kingambit, L50, M|100/100
|turn|6
|
|t:|1782312162
|move|p1b: Aerodactyl|Rock Slide|p2b: Metagross|[spread] p2b
|-miss|p1b: Aerodactyl|p2a: Garchomp
|-resisted|p2b: Metagross|1
|-damage|p2b: Metagross|78/100
|cant|p2b: Metagross|flinch
|move|p2a: Garchomp|Stomping Tantrum|p1a: Kingambit
|-supereffective|p1a: Kingambit|1
|-damage|p1a: Kingambit|24/100
|-damage|p2a: Garchomp|80/100|[from] item: Life Orb
|move|p1a: Kingambit|Kowtow Cleave|p2b: Metagross
|-supereffective|p2b: Metagross|1
|-damage|p2b: Metagross|16/100
|
|upkeep
|turn|7
|
|t:|1782312188
|switch|p2a: Kingambit|Kingambit, L50, F|100/100
|move|p2b: Metagross|Protect|p2b: Metagross
|-singleturn|p2b: Metagross|Protect
|move|p1a: Kingambit|Sucker Punch||[still]
|-fail|p1a: Kingambit
|move|p1b: Aerodactyl|Ice Fang|p2a: Kingambit
|-resisted|p2a: Kingambit|1
|-damage|p2a: Kingambit|88/100
|-status|p2a: Kingambit|frz
|
|upkeep
|turn|8
|
|t:|1782312232
|switch|p2b: Garchomp|Garchomp, L50, F|80/100
|move|p1b: Aerodactyl|Dual Wingbeat|p2b: Garchomp
|-damage|p2b: Garchomp|51/100
|-damage|p1b: Aerodactyl|87/100|[from] ability: Rough Skin|[of] p2b: Garchomp
|-damage|p2b: Garchomp|22/100
|-damage|p1b: Aerodactyl|75/100|[from] ability: Rough Skin|[of] p2b: Garchomp
|-hitcount|p2b: Garchomp|2
|cant|p2a: Kingambit|frz
|move|p1a: Kingambit|Low Kick|p2a: Kingambit
|-supereffective|p2a: Kingambit|2
|-damage|p2a: Kingambit|0 fnt
|faint|p2a: Kingambit
|
|upkeep
|
|t:|1782312245
|switch|p2a: Metagross|Metagross-Mega, L50|16/100
|turn|9
|
|t:|1782312253
|move|p1a: Kingambit|Sucker Punch|p2a: Metagross
|-supereffective|p2a: Metagross|1
|-damage|p2a: Metagross|0 fnt
|faint|p2a: Metagross
|move|p1b: Aerodactyl|Ice Fang|p2b: Garchomp
|-supereffective|p2b: Garchomp|2
|-damage|p2b: Garchomp|0 fnt
|-damage|p1b: Aerodactyl|63/100|[from] ability: Rough Skin|[of] p2b: Garchomp
|faint|p2b: Garchomp
|
|win|yutaliban
|c|☆daviisiiitoo|Gg
|raw|yutaliban's rating: 1144 → 1170(+26 for winning)
|raw|daviisiiitoo's rating: 1155 → 1129(-26 for losing)
|l|☆daviisiiitoo
|player|p2|
