|j|☆munjah 14
|j|☆breloomb01
|html|munjah 14breloomb01    
|uhtml|bestof|Game 2 of a best-of-3
|t:|1785441142
|gametype|doubles
|player|p1|munjah 14|102|1250
|player|p2|breloomb01|roughneck|1266
|gen|9
|tier|[Gen 9 Champions] VGC 2026 Reg M-B (Bo3)
|rated|
|rule|Species Clause: Limit one of each Pokémon
|rule|Item Clause: Limit 1 of each item
|clearpoke
|poke|p1|Tyranitar, L50, F, shiny|
|poke|p1|Gholdengo, L50, shiny|
|poke|p1|Excadrill, L50, F, shiny|
|poke|p1|Milotic, L50, M, shiny|
|poke|p1|Staraptor, L50, M, shiny|
|poke|p1|Sinistcha-Masterpiece, L50, shiny|
|poke|p2|Floette-Eternal, L50, F|
|poke|p2|Incineroar, L50, F|
|poke|p2|Sinistcha, L50|
|poke|p2|Garchomp, L50, M|
|poke|p2|Sneasler, L50, F|
|poke|p2|Rotom-Wash, L50|
|teampreview|4
|showteam|p1|Tyranitar||Tyranitarite|SandStream|RockSlide,LowKick,KnockOff,Protect|Jolly||F|||50|]Gholdengo||LifeOrb|GoodasGold|MakeItRain,ShadowBall,NastyPlot,Protect|Modest|||||50|]Excadrill||FocusSash|SandRush|RockSlide,IronHead,HighHorsepower,Protect|Adamant||F|||50|]Milotic||SitrusBerry|Competitive|IcyWind,Scald,Haze,Protect|Calm||M|||50|]Staraptor||Staraptite|Intimidate|BraveBird,CloseCombat,Tailwind,Protect|Jolly||M|||50|]Sinistcha-Masterpiece||ColburBerry|Hospitality|MatchaGotcha,ShadowBall,RagePowder,Protect|Calm|||||50|
|showteam|p2|Floette-Eternal||Floettite|FlowerVeil|DrainingKiss,DazzlingGleam,CalmMind,Protect|Modest||F|||50|]Incineroar||SitrusBerry|Intimidate|FakeOut,FlareBlitz,ThroatChop,PartingShot|Careful||F|||50|]Sinistcha||KasibBerry|Hospitality|Protect,RagePowder,MatchaGotcha,TrickRoom|Calm|||||50|]Garchomp||LifeOrb|RoughSkin|Earthquake,DragonClaw,RockSlide,Protect|Jolly||M|||50|]Sneasler||FocusSash|PoisonTouch|FakeOut,DireClaw,CloseCombat,Protect|Jolly||F|||50|]Rotom-Wash||Leftovers|Levitate|HydroPump,Protect,WillOWisp,Electroweb|Bold|||||50|
|
|t:|1785441170
|teamsize|p1|4
|teamsize|p2|4
|start
|switch|p1a: Milotic|Milotic, L50, M, shiny|100/100
|switch|p1b: Sinistcha|Sinistcha-Masterpiece, L50, shiny|100/100
|switch|p2a: Floette|Floette-Eternal, L50, F|100/100
|switch|p2b: Sneasler|Sneasler, L50, F|100/100
|turn|1
|
|t:|1785441180
|detailschange|p2a: Floette|Floette-Mega, L50, F
|-mega|p2a: Floette|Floette|Floettite
|-ability|p2a: Floette|Fairy Aura
|move|p2b: Sneasler|Fake Out|p1a: Milotic
|-damage|p1a: Milotic|86/100
|move|p2a: Floette|Calm Mind|p2a: Floette
|-boost|p2a: Floette|spa|1
|-boost|p2a: Floette|spd|1
|cant|p1a: Milotic|flinch
|move|p1b: Sinistcha|Matcha Gotcha|p2a: Floette|[spread] p2a,p2b
|-resisted|p2b: Sneasler|1
|-damage|p2a: Floette|87/100
|-damage|p2b: Sneasler|82/100
|
|upkeep
|turn|2
|
|t:|1785441194
|move|p2b: Sneasler|Dire Claw|p1b: Sinistcha
|-damage|p1b: Sinistcha|63/100
|move|p2a: Floette|Calm Mind|p2a: Floette
|-boost|p2a: Floette|spa|1
|-boost|p2a: Floette|spd|1
|move|p1a: Milotic|Haze|p1a: Milotic
|-clearallboost
|move|p1b: Sinistcha|Matcha Gotcha|p2b: Sneasler|[spread] p2a,p2b
|-resisted|p2b: Sneasler|1
|-damage|p2a: Floette|69/100
|-heal|p1b: Sinistcha|73/100|[from] drain|[of] p2a: Floette
|-damage|p2b: Sneasler|63/100
|-heal|p1b: Sinistcha|81/100|[from] drain|[of] p2b: Sneasler
|
|upkeep
|turn|3
|
|t:|1785441212
|move|p2b: Sneasler|Dire Claw|p1a: Milotic
|-damage|p1a: Milotic|44/100
|-status|p1a: Milotic|psn
|-enditem|p1a: Milotic|Sitrus Berry|[eat]
|-heal|p1a: Milotic|69/100 psn|[from] item: Sitrus Berry
|move|p2a: Floette|Calm Mind|p2a: Floette
|-boost|p2a: Floette|spa|1
|-boost|p2a: Floette|spd|1
|move|p1a: Milotic|Icy Wind|p2a: Floette|[spread] p2a,p2b
|-damage|p2a: Floette|64/100
|-damage|p2b: Sneasler|50/100g
|-unboost|p2a: Floette|spe|1
|-unboost|p2b: Sneasler|spe|1
|move|p1b: Sinistcha|Matcha Gotcha|p2a: Floette|[spread] p2a,p2b
|-resisted|p2b: Sneasler|1
|-damage|p2a: Floette|51/100
|-heal|p1b: Sinistcha|88/100|[from] drain|[of] p2a: Floette
|-damage|p2b: Sneasler|33/100
|-heal|p1b: Sinistcha|96/100|[from] drain|[of] p2b: Sneasler
|
|-damage|p1a: Milotic|56/100 psn|[from] psn
|upkeep
|turn|4
|
|t:|1785441234
|switch|p2b: Rotom|Rotom-Wash, L50|100/100
|move|p1a: Milotic|Haze|p1a: Milotic
|-clearallboost
|move|p2a: Floette|Dazzling Gleam|p1a: Milotic|[spread] p1a,p1b
|-damage|p1a: Milotic|27/100 psn
|-damage|p1b: Sinistcha|53/100
|move|p1b: Sinistcha|Matcha Gotcha|p2b: Rotom|[spread] p2b
|-miss|p1b: Sinistcha|p2a: Floette
|-supereffective|p2b: Rotom|1
|-crit|p2b: Rotom
|-damage|p2b: Rotom|24/100
|-heal|p1b: Sinistcha|86/100|[from] drain|[of] p2b: Rotom
|
|-heal|p2b: Rotom|30/100|[from] item: Leftovers
|-damage|p1a: Milotic|14/100 psn|[from] psn
|upkeep
|turn|5
|
|t:|1785441253
|switch|p2b: Garchomp|Garchomp, L50, M|100/100
|move|p2a: Floette|Dazzling Gleam|p1a: Milotic|[spread] p1a,p1b
|-damage|p1a: Milotic|0 fnt
|-damage|p1b: Sinistcha|43/100
|faint|p1a: Milotic
|move|p1b: Sinistcha|Matcha Gotcha|p2b: Garchomp|[spread] p2b
|-miss|p1b: Sinistcha|p2a: Floette
|-damage|p2b: Garchomp|71/100
|-heal|p1b: Sinistcha|58/100|[from] drain|[of] p2b: Garchomp
|-status|p2b: Garchomp|brn
|
|-damage|p2b: Garchomp|65/100 brn|[from] brn
|upkeep
|
|t:|1785441260
|switch|p1a: Staraptor|Staraptor, L50, M, shiny|100/100
|-ability|p1a: Staraptor|Intimidate|boost
|-unboost|p2a: Floette|atk|1
|-unboost|p2b: Garchomp|atk|1
|turn|6
|
|t:|1785441275
|switch|p2b: Sneasler|Sneasler, L50, F|33/100
|switch|p1b: Tyranitar|Tyranitar, L50, F, shiny|100/100
|-weather|Sandstorm|[from] ability: Sand Stream|[of] p1b: Tyranitar
|detailschange|p1a: Staraptor|Staraptor-Mega, L50, M, shiny
|-mega|p1a: Staraptor|Staraptor|Staraptite
|move|p1a: Staraptor|Brave Bird|p2a: Floette
|-damage|p2a: Floette|0 fnt
|faint|p2a: Floette
|-damage|p1a: Staraptor|82/100|[from] Recoil
|
|-weather|Sandstorm|[upkeep]
|-damage|p2b: Sneasler|27/100|[from] Sandstorm
|-damage|p1a: Staraptor|76/100|[from] Sandstorm
|upkeep
|
|t:|1785441279
|switch|p2a: Rotom|Rotom-Wash, L50|30/100
|turn|7
|
|t:|1785441288
|move|p1a: Staraptor|Protect|p1a: Staraptor
|-singleturn|p1a: Staraptor|Protect
|move|p1b: Tyranitar|Protect|p1b: Tyranitar
|-singleturn|p1b: Tyranitar|Protect
|move|p2b: Sneasler|Close Combat|p1b: Tyranitar
|-activate|p1b: Tyranitar|move: Protect
|move|p2a: Rotom|Will-O-Wisp|p1a: Staraptor
|-activate|p1a: Staraptor|move: Protect
|
|-weather|Sandstorm|[upkeep]
|-damage|p2b: Sneasler|21/100|[from] Sandstorm
|-damage|p1a: Staraptor|70/100|[from] Sandstorm
|-damage|p2a: Rotom|24/100|[from] Sandstorm
|-heal|p2a: Rotom|30/100|[from] item: Leftovers
|upkeep
|turn|8
|
|t:|1785441300
|switch|p1b: Sinistcha|Sinistcha-Masterpiece, L50, shiny|58/100
|-heal|p1a: Staraptor|95/100|[from] ability: Hospitality|[of] p1b: Sinistcha
|move|p2b: Sneasler|Close Combat|p1b: Sinistcha
|-immune|p1b: Sinistcha
|move|p1a: Staraptor|Close Combat|p2a: Rotom
|-damage|p2a: Rotom|0 fnt
|-boost|p1a: Staraptor|def|1
|-boost|p1a: Staraptor|spd|1
|faint|p2a: Rotom
|
|-weather|Sandstorm|[upkeep]
|-damage|p2b: Sneasler|15/100|[from] Sandstorm
|-damage|p1a: Staraptor|89/100|[from] Sandstorm
|-damage|p1b: Sinistcha|51/100|[from] Sandstorm
|upkeep
|-message|breloomb01 forfeited.
|
|win|munjah 14
