|j|☆pko007
|j|☆Giocostorto
|html|pko007Giocostorto    
|uhtml|bestof|Game 3 of a best-of-3
|t:|1756534834
|gametype|doubles
|player|p1|pko007|hilbert-wonderlauncher|1103
|player|p2|Giocostorto|266|1199
|gen|9
|tier|[Gen 9] VGC 2025 Reg H (Bo3)
|rated|
|rule|Species Clause: Limit one of each Pokémon
|rule|Item Clause: Limit 1 of each item
|clearpoke
|poke|p1|Amoonguss, L50, F|
|poke|p1|Sneasler, L50, F|
|poke|p1|Dragonite, L50, F|
|poke|p1|Archaludon, L50, M|
|poke|p1|Gholdengo, L50|
|poke|p1|Pelipper, L50, M|
|poke|p2|Misdreavus, L50, F|
|poke|p2|Gothitelle, L50, F|
|poke|p2|Amoonguss, L50, F|
|poke|p2|Incineroar, L50, M|
|poke|p2|Primarina, L50, F|
|poke|p2|Ursaluna, L50, M|
|teampreview|4
|showteam|p1|Amoonguss||RockyHelmet|Regenerator|Spore,RagePowder,PollenPuff,Protect|||F|||50|,,,,,Grass]Sneasler||FocusSash|Unburden|CloseCombat,DireClaw,Protect,Coaching|||F|||50|,,,,,Fighting]Dragonite||LoadedDice|Multiscale|ScaleShot,Tailwind,Haze,Protect|||F|||50|,,,,,Dragon]Archaludon||AssaultVest|Stamina|ElectroShot,FlashCannon,BodyPress,DracoMeteor|||M|||50|,,,,,Steel]Gholdengo||LifeOrb|GoodasGold|MakeItRain,ShadowBall,Protect,NastyPlot||||||50|,,,,,Steel]Pelipper||CovertCloak|Drizzle|Hurricane,WeatherBall,Protect,WideGuard|||M|||50|,,,,,Water
|showteam|p2|Misdreavus||Eviolite|Levitate|FoulPlay,PerishSong,TrickRoom,Protect|||F|||50|,,,,,Fire]Gothitelle||Leftovers|ShadowTag|FakeOut,HealPulse,TrickRoom,Protect|||F|||50|,,,,,Water]Amoonguss||MentalHerb|Regenerator|PollenPuff,Spore,RagePowder,Protect|||F|||50|,,,,,Water]Incineroar||SafetyGoggles|Intimidate|FlareBlitz,ThroatChop,FakeOut,PartingShot|||M|||50|,,,,,Grass]Primarina||SitrusBerry|LiquidVoice|HyperVoice,Moonblast,PerishSong,Protect|||F|||50|,,,,,Steel]Ursaluna||FlameOrb|Guts|Facade,HeadlongRush,Earthquake,Protect|||M|||50|,,,,,Ghost
|inactive|Battle timer is ON: inactive players will automatically lose when time's up. (requested by Giocostorto)
|inactive|Giocostorto has 60 seconds left.
|
|t:|1756534881
|teamsize|p1|4
|teamsize|p2|4
|start
|switch|p1a: Amoonguss|Amoonguss, L50, F|100/100
|switch|p1b: Dragonite|Dragonite, L50, F|100/100
|switch|p2a: Misdreavus|Misdreavus, L50, F|100/100
|switch|p2b: Incineroar|Incineroar, L50, M|100/100
|-ability|p2b: Incineroar|Intimidate|boost
|-unboost|p1a: Amoonguss|atk|1
|-unboost|p1b: Dragonite|atk|1
|turn|1
|inactive|pko007 has 30 seconds left.
|inactive|pko007 has 20 seconds left.
|inactive|Giocostorto has 30 seconds left.
|inactive|pko007 has 15 seconds left.
|
|t:|1756534922
|move|p1a: Amoonguss|Protect|p1a: Amoonguss
|-singleturn|p1a: Amoonguss|Protect
|move|p2b: Incineroar|Fake Out|p1a: Amoonguss
|-activate|p1a: Amoonguss|move: Protect
|move|p1b: Dragonite|Scale Shot|p2a: Misdreavus
|-damage|p2a: Misdreavus|93/100
|-damage|p2a: Misdreavus|86/100
|-damage|p2a: Misdreavus|78/100
|-damage|p2a: Misdreavus|70/100
|-hitcount|p2a: Misdreavus|4
|-unboost|p1b: Dragonite|def|1
|-boost|p1b: Dragonite|spe|1
|move|p2a: Misdreavus|Trick Room|p2a: Misdreavus
|-fieldstart|move: Trick Room|[of] p2a: Misdreavus
|
|upkeep
|turn|2
|inactive|pko007 has 30 seconds left.
|
|t:|1756534957
|switch|p2a: Amoonguss|Amoonguss, L50, F|100/100
|move|p1a: Amoonguss|Spore|p2b: Incineroar
|-activate|p2b: Incineroar|item: Safety Goggles|Spore
|move|p2b: Incineroar|Parting Shot|p1a: Amoonguss
|-unboost|p1a: Amoonguss|atk|1
|-unboost|p1a: Amoonguss|spa|1
|
|t:|1756534964
|switch|p2b: Ursaluna|Ursaluna, L50, M|100/100|[from] Parting Shot
|move|p1b: Dragonite|Scale Shot|p2a: Amoonguss
|-damage|p2a: Amoonguss|92/100
|-damage|p2a: Amoonguss|84/100
|-damage|p2a: Amoonguss|75/100
|-damage|p2a: Amoonguss|67/100
|-damage|p2a: Amoonguss|59/100
|-hitcount|p2a: Amoonguss|5
|-unboost|p1b: Dragonite|def|1
|-boost|p1b: Dragonite|spe|1
|
|-status|p2b: Ursaluna|brn|[from] item: Flame Orb
|upkeep
|turn|3
|inactive|pko007 has 30 seconds left.
|
|t:|1756534991
|move|p1a: Amoonguss|Protect|p1a: Amoonguss
|-singleturn|p1a: Amoonguss|Protect
|move|p1b: Dragonite|Protect|p1b: Dragonite
|-singleturn|p1b: Dragonite|Protect
|move|p2a: Amoonguss|Pollen Puff|p1a: Amoonguss
|-activate|p1a: Amoonguss|move: Protect
|move|p2b: Ursaluna|Headlong Rush|p1a: Amoonguss
|-activate|p1a: Amoonguss|move: Protect
|
|-damage|p2b: Ursaluna|95/100 brn|[from] brn
|upkeep
|turn|4
|inactive|pko007 has 30 seconds left.
|
|t:|1756535018
|switch|p1a: Pelipper|Pelipper, L50, M|100/100
|-weather|RainDance|[from] ability: Drizzle|[of] p1a: Pelipper
|-terastallize|p1b: Dragonite|Dragon
|move|p2a: Amoonguss|Spore|p1b: Dragonite
|-status|p1b: Dragonite|slp|[from] move: Spore
|move|p2b: Ursaluna|Facade|p1a: Pelipper
|-damage|p1a: Pelipper|0 fnt
|faint|p1a: Pelipper
|cant|p1b: Dragonite|slp
|
|-weather|RainDance|[upkeep]
|-damage|p2b: Ursaluna|89/100 brn|[from] brn
|upkeep
|
|t:|1756535027
|switch|p1a: Amoonguss|Amoonguss, L50, F|100/100
|turn|5
|
|t:|1756535049
|switch|p2a: Incineroar|Incineroar, L50, M|100/100
|-ability|p2a: Incineroar|Intimidate|boost
|-unboost|p1a: Amoonguss|atk|1
|-unboost|p1b: Dragonite|atk|1
|move|p1a: Amoonguss|Rage Powder|p1a: Amoonguss
|-singleturn|p1a: Amoonguss|move: Rage Powder
|move|p2b: Ursaluna|Facade|p1a: Amoonguss
|-damage|p1a: Amoonguss|0 fnt
|-damage|p2b: Ursaluna|72/100 brn|[from] item: Rocky Helmet|[of] p1a: Amoonguss
|faint|p1a: Amoonguss
|cant|p1b: Dragonite|slp
|
|-weather|RainDance|[upkeep]
|-damage|p2b: Ursaluna|66/100 brn|[from] brn
|-fieldend|move: Trick Room
|upkeep
|
|t:|1756535054
|switch|p1a: Gholdengo|Gholdengo, L50|100/100
|turn|6
|
|t:|1756535073
|switch|p2b: Amoonguss|Amoonguss, L50, F|92/100
|cant|p1b: Dragonite|slp
|move|p1a: Gholdengo|Shadow Ball|p2b: Amoonguss
|-damage|p2b: Amoonguss|40/100
|-unboost|p2b: Amoonguss|spd|1
|-damage|p1a: Gholdengo|91/100|[from] item: Life Orb
|move|p2a: Incineroar|Parting Shot|p1b: Dragonite
|-unboost|p1b: Dragonite|atk|1
|-unboost|p1b: Dragonite|spa|1
|
|t:|1756535085
|switch|p2a: Misdreavus|Misdreavus, L50, F|70/100|[from] Parting Shot
|
|-weather|RainDance|[upkeep]
|upkeep
|turn|7
|
|t:|1756535108
|switch|p2b: Incineroar|Incineroar, L50, M|100/100
|-ability|p2b: Incineroar|Intimidate|boost
|-unboost|p1a: Gholdengo|atk|1
|-unboost|p1b: Dragonite|atk|1
|-terastallize|p2a: Misdreavus|Fire
|-curestatus|p1b: Dragonite|slp|[msg]
|move|p1b: Dragonite|Haze|p1b: Dragonite
|-clearallboost
|move|p1a: Gholdengo|Make It Rain|p2b: Incineroar|[spread] p2a,p2b
|-resisted|p2a: Misdreavus
|-resisted|p2b: Incineroar
|-damage|p2a: Misdreavus|44/100
|-damage|p2b: Incineroar|77/100
|-unboost|p1a: Gholdengo|spa|1
|-damage|p1a: Gholdengo|81/100|[from] item: Life Orb
|move|p2a: Misdreavus|Perish Song|p2a: Misdreavus
|-immune|p1a: Gholdengo|[from] ability: Good as Gold
|-start|p1b: Dragonite|perish3|[silent]
|-start|p2a: Misdreavus|perish3|[silent]
|-start|p2b: Incineroar|perish3|[silent]
|-fieldactivate|move: Perish Song
|
|-weather|RainDance|[upkeep]
|-start|p1b: Dragonite|perish3
|-start|p2a: Misdreavus|perish3
|-start|p2b: Incineroar|perish3
|upkeep
|turn|8
|inactive|pko007 has 30 seconds left.
|inactive|pko007 has 20 seconds left.
|
|t:|1756535146
|move|p1a: Gholdengo|Make It Rain|p2b: Incineroar|[spread] p2a,p2b
|-resisted|p2a: Misdreavus
|-resisted|p2b: Incineroar
|-damage|p2a: Misdreavus|28/100
|-damage|p2b: Incineroar|62/100
|-unboost|p1a: Gholdengo|spa|1
|-damage|p1a: Gholdengo|72/100|[from] item: Life Orb
|move|p1b: Dragonite|Scale Shot|p2b: Incineroar
|-damage|p2b: Incineroar|44/100
|-damage|p2b: Incineroar|27/100
|-damage|p2b: Incineroar|8/100
|-damage|p2b: Incineroar|0 fnt
|faint|p2b: Incineroar
|-hitcount|p2: Incineroar|4
|-unboost|p1b: Dragonite|def|1
|-boost|p1b: Dragonite|spe|1
|move|p2a: Misdreavus|Foul Play|p1a: Gholdengo
|-supereffective|p1a: Gholdengo
|-damage|p1a: Gholdengo|45/100
|
|-weather|none
|-start|p1b: Dragonite|perish2
|-start|p2a: Misdreavus|perish2
|upkeep
|
|t:|1756535171
|switch|p2b: Amoonguss|Amoonguss, L50, F|73/100
|turn|9
|
|t:|1756535185
|move|p2b: Amoonguss|Rage Powder|p2b: Amoonguss
|-singleturn|p2b: Amoonguss|move: Rage Powder
|move|p1b: Dragonite|Scale Shot|p2b: Amoonguss
|-damage|p2b: Amoonguss|56/100
|-damage|p2b: Amoonguss|39/100
|-damage|p2b: Amoonguss|21/100
|-damage|p2b: Amoonguss|4/100
|-hitcount|p2b: Amoonguss|4
|-unboost|p1b: Dragonite|def|1
|-boost|p1b: Dragonite|spe|1
|move|p1a: Gholdengo|Nasty Plot|p1a: Gholdengo
|-boost|p1a: Gholdengo|spa|2
|move|p2a: Misdreavus|Foul Play|p1a: Gholdengo
|-supereffective|p1a: Gholdengo
|-damage|p1a: Gholdengo|15/100
|
|-start|p1b: Dragonite|perish1
|-start|p2a: Misdreavus|perish1
|upkeep
|turn|10
|inactive|pko007 has 30 seconds left.
|inactive|Giocostorto has 30 seconds left.
|
|t:|1756535217
|move|p2b: Amoonguss|Rage Powder|p2b: Amoonguss
|-singleturn|p2b: Amoonguss|move: Rage Powder
|move|p1b: Dragonite|Scale Shot|p2b: Amoonguss
|-damage|p2b: Amoonguss|0 fnt
|faint|p2b: Amoonguss
|-hitcount|p2: Amoonguss|1
|-unboost|p1b: Dragonite|def|1
|-boost|p1b: Dragonite|spe|1
|move|p1a: Gholdengo|Shadow Ball|p2a: Misdreavus
|-damage|p2a: Misdreavus|0 fnt
|faint|p2a: Misdreavus
|-damage|p1a: Gholdengo|6/100|[from] item: Life Orb
|
|-start|p1b: Dragonite|perish0
|upkeep
|faint|p1b: Dragonite
|
|t:|1756535229
|switch|p2b: Ursaluna|Ursaluna, L50, M|66/100 brn
|turn|11
|
|t:|1756535242
|move|p1a: Gholdengo|Protect|p1a: Gholdengo
|-singleturn|p1a: Gholdengo|Protect
|move|p2b: Ursaluna|Earthquake|p1a: Gholdengo
|-activate|p1a: Gholdengo|move: Protect
|
|-damage|p2b: Ursaluna|60/100 brn|[from] brn
|upkeep
|turn|12
|
|t:|1756535258
|move|p1a: Gholdengo|Make It Rain|p2b: Ursaluna
|-damage|p2b: Ursaluna|0 fnt
|-unboost|p1a: Gholdengo|spa|1
|faint|p2b: Ursaluna
|-damage|p1a: Gholdengo|0 fnt|[from] item: Life Orb
|faint|p1a: Gholdengo
|
|win|pko007
|raw|pko007's rating: 1103 → 1135(+32 for winning)
|raw|Giocostorto's rating: 1199 → 1167(-32 for losing)
|c|☆pko007|gg
|c|☆Giocostorto|gg
|l|☆pko007
|player|p1|
