|j|☆Sangyforever
|j|☆spain core
|html|Sangyforeverspain core    
|uhtml|bestof|Game 2 of a best-of-3
|t:|1783450308
|gametype|doubles
|player|p1|Sangyforever|169|
|player|p2|spain core|benga|
|gen|9
|tier|[Gen 9 Champions] VGC 2026 Reg M-B (Bo3)
|rule|Species Clause: Limit one of each Pokémon
|rule|Item Clause: Limit 1 of each item
|clearpoke
|poke|p1|Swampert, L50, F|
|poke|p1|Pelipper, L50, F|
|poke|p1|Archaludon, L50, M|
|poke|p1|Raichu, L50, F|
|poke|p1|Sinistcha, L50|
|poke|p1|Sneasler, L50, M|
|poke|p2|Delphox, L50, M|
|poke|p2|Blastoise, L50, F|
|poke|p2|Sneasler, L50, M|
|poke|p2|Maushold, L50|
|poke|p2|Sinistcha-Masterpiece, L50|
|poke|p2|Kingambit, L50, M|
|teampreview|4
|showteam|p1|Swampert||Swampertite|Torrent|WaveCrash,HighHorsepower,IcePunch,Protect|Adamant||F|||50|]Pelipper||FocusSash|Drizzle|Tailwind,WeatherBall,Hurricane,WideGuard|Modest||F|||50|]Archaludon||Leftovers|Stamina|ElectroShot,DragonPulse,FlashCannon,Protect|Modest||M|||50|]Raichu||RaichuniteX|Static|VoltSwitch,VoltTackle,FakeOut,RainDance|Jolly||F|||50|]Sinistcha||CobaBerry|Hospitality|MatchaGotcha,RagePowder,TrickRoom,LifeDew|Bold|||||50|]Sneasler||WhiteHerb|Unburden|FakeOut,CloseCombat,DireClaw,Protect|Jolly||M|||50|
|showteam|p2|Delphox||Delphoxite|Blaze|HeatWave,Psychic,Protect,NastyPlot|Timid||M|||50|]Blastoise||Blastoisinite|RainDish|WaterSpout,DarkPulse,ShellSmash,Protect|Modest||F|||50|]Sneasler||FocusSash|PoisonTouch|CloseCombat,PoisonJab,RockTomb,FakeOut|Jolly||M|||50|]Maushold||SitrusBerry|FriendGuard|FollowMe,HelpingHand,Protect,SuperFang|Jolly|||||50|]Sinistcha-Masterpiece||KasibBerry|Hospitality|MatchaGotcha,RagePowder,Protect,TrickRoom|Bold|||||50|]Kingambit||BlackGlasses|Defiant|KowtowCleave,SuckerPunch,SwordsDance,Protect|Adamant||M|||50|
|inactive|Battle timer is ON: inactive players will automatically lose when time's up. (requested by spain core)
|j| Fcjavic09
|
|t:|1783450329
|teamsize|p1|4
|teamsize|p2|4
|start
|switch|p1a: Sneasler|Sneasler, L50, M|100/100
|switch|p1b: Sinistcha|Sinistcha, L50|100/100
|switch|p2a: Blastoise|Blastoise, L50, F|100/100
|switch|p2b: Sneasler|Sneasler, L50, M|100/100
|turn|1
|
|t:|1783450344
|detailschange|p2a: Blastoise|Blastoise-Mega, L50, F
|-mega|p2a: Blastoise|Blastoise|Blastoisinite
|move|p2b: Sneasler|Fake Out|p1a: Sneasler
|-damage|p1a: Sneasler|80/100
|cant|p1a: Sneasler|flinch
|move|p2a: Blastoise|Dark Pulse|p1b: Sinistcha
|-supereffective|p1b: Sinistcha|1
|-damage|p1b: Sinistcha|14/100
|move|p1b: Sinistcha|Matcha Gotcha|p2b: Sneasler|[spread] p2a,p2b
|-supereffective|p2a: Blastoise|1
|-resisted|p2b: Sneasler|1
|-damage|p2a: Blastoise|50/100y
|-heal|p1b: Sinistcha|36/100|[from] drain|[of] p2a: Blastoise
|-damage|p2b: Sneasler|83/100
|-heal|p1b: Sinistcha|43/100|[from] drain|[of] p2b: Sneasler
|-status|p2a: Blastoise|brn
|
|-damage|p2a: Blastoise|44/100 brn|[from] brn
|upkeep
|turn|2
|inactive|Sangyforever has 30 seconds left.
|
|t:|1783450370
|move|p2b: Sneasler|Rock Tomb|p1a: Sneasler
|-resisted|p1a: Sneasler|1
|-damage|p1a: Sneasler|66/100
|-unboost|p1a: Sneasler|spe|1
|-enditem|p1a: Sneasler|White Herb
|-clearnegativeboost|p1a: Sneasler|[silent]
|move|p1a: Sneasler|Close Combat|p2a: Blastoise
|-damage|p2a: Blastoise|0 fnt
|-unboost|p1a: Sneasler|def|1
|-unboost|p1a: Sneasler|spd|1
|faint|p2a: Blastoise
|move|p1b: Sinistcha|Life Dew|p1b: Sinistcha|[spread] p1a,p1b
|-heal|p1a: Sneasler|91/100
|-heal|p1b: Sinistcha|68/100
|
|upkeep
|
|t:|1783450389
|switch|p2a: Sinistcha|Sinistcha-Masterpiece, L50|100/100
|-heal|p2b: Sneasler|100/100|[from] ability: Hospitality|[of] p2a: Sinistcha
|turn|3
|inactive|Sangyforever has 30 seconds left.
|
|t:|1783450420
|switch|p1a: Pelipper|Pelipper, L50, F|100/100
|-weather|RainDance|[from] ability: Drizzle|[of] p1a: Pelipper
|move|p2b: Sneasler|Poison Jab|p1b: Sinistcha
|-damage|p1b: Sinistcha|33/100
|-status|p1b: Sinistcha|psn
|move|p2a: Sinistcha|Matcha Gotcha|p1a: Pelipper|[spread] p1a
|-miss|p2a: Sinistcha|p1b: Sinistcha
|-damage|p1a: Pelipper|58/100
|move|p1b: Sinistcha|Life Dew|p1b: Sinistcha|[spread] p1a,p1b
|-heal|p1a: Pelipper|83/100
|-heal|p1b: Sinistcha|58/100 psn
|
|-weather|RainDance|[upkeep]
|-damage|p1b: Sinistcha|46/100 psn|[from] psn
|upkeep
|turn|4
|inactive|Sangyforever has 30 seconds left.
|inactive|spain core has 30 seconds left.
|
|t:|1783450454
|move|p1b: Sinistcha|Rage Powder|p1b: Sinistcha
|-singleturn|p1b: Sinistcha|move: Rage Powder
|move|p2b: Sneasler|Poison Jab|p1b: Sinistcha
|-damage|p1b: Sinistcha|10/100 psn
|move|p1a: Pelipper|Hurricane|p2a: Sinistcha
|-supereffective|p2a: Sinistcha|1
|-damage|p2a: Sinistcha|1/100
|-start|p2a: Sinistcha|confusion
|-activate|p2a: Sinistcha|confusion
|move|p2a: Sinistcha|Matcha Gotcha|p1b: Sinistcha|[spread] p1a,p1b
|-resisted|p1b: Sinistcha|1
|-damage|p1a: Pelipper|40/100
|-heal|p2a: Sinistcha|17/100|[from] drain|[of] p1a: Pelipper
|-damage|p1b: Sinistcha|0 fnt
|-heal|p2a: Sinistcha|22/100|[from] drain|[of] p1b: Sinistcha
|faint|p1b: Sinistcha
|
|-weather|RainDance|[upkeep]
|upkeep
|
|t:|1783450476
|switch|p1b: Sneasler|Sneasler, L50, M|91/100
|turn|5
|
|t:|1783450496
|switch|p2a: Maushold|Maushold, L50|100/100
|move|p1b: Sneasler|Fake Out|p2b: Sneasler
|-damage|p2b: Sneasler|83/100
|cant|p2b: Sneasler|flinch
|move|p1a: Pelipper|Tailwind|p1a: Pelipper
|-sidestart|p1: Sangyforever|move: Tailwind
|
|-weather|RainDance|[upkeep]
|upkeep
|turn|6
|
|t:|1783450515
|move|p2a: Maushold|Follow Me|p2a: Maushold
|-singleturn|p2a: Maushold|move: Follow Me
|move|p1b: Sneasler|Close Combat|p2a: Maushold
|-supereffective|p2a: Maushold|1
|-damage|p2a: Maushold|0 fnt
|-unboost|p1b: Sneasler|def|1
|-unboost|p1b: Sneasler|spd|1
|faint|p2a: Maushold
|move|p1a: Pelipper|Hurricane|p2b: Sneasler
|-supereffective|p2b: Sneasler|1
|-damage|p2b: Sneasler|0 fnt
|faint|p2b: Sneasler
|
|-weather|RainDance|[upkeep]
|upkeep
|-message|spain core forfeited.
|
|win|Sangyforever
|l|☆spain core
|player|p2|
||spain core is ready for game 3.
||Sangyforever is ready for game 3.
|uhtml|next|Next: Game 3 of 3
|l| Fcjavic09
|j|☆spain core
|player|p2|spain core|benga|
