|j|☆Slayermen34
|j|☆MK_Hero1
|html|Slayermen34MK_Hero1    
|uhtml|bestof|Game 2 of a best-of-3
|t:|1783054102
|gametype|doubles
|player|p1|Slayermen34|alder|
|player|p2|MK_Hero1|170|
|gen|9
|tier|[Gen 9 Champions] VGC 2026 Reg M-B (Bo3)
|rule|Species Clause: Limit one of each Pokémon
|rule|Item Clause: Limit 1 of each item
|clearpoke
|poke|p1|Gardevoir, L50, F, shiny|
|poke|p1|Ceruledge, L50, F|
|poke|p1|Goodra, L50, M|
|poke|p1|Mamoswine, L50, M|
|poke|p1|Musharna, L50, M, shiny|
|poke|p1|Aggron, L50, M|
|poke|p2|Metagross, L50, shiny|
|poke|p2|Eelektross, L50, M|
|poke|p2|Dragapult, L50, F, shiny|
|poke|p2|Houndoom, L50, M|
|poke|p2|Polteageist, L50, shiny|
|poke|p2|Meganium, L50, M, shiny|
|teampreview|4
|showteam|p1|Gardevoir||Gardevoirite|Trace|CalmMind,HyperVoice,ShadowBall,EnergyBall|Timid||F|||50|]Ceruledge||FocusSash|FlashFire|SwordsDance,BitterBlade,SunnyDay,SolarBlade|Jolly||F|||50|]Goodra||Leftovers|Gooey|AcidArmor,GigaDrain,Thunderbolt,DragonPulse|Modest||M|||50|]Mamoswine||LifeOrb|ThickFat|Earthquake,RockSlide,IceShard,KnockOff|Jolly||M|||50|]Musharna||LightClay|Telepathy|LightScreen,Reflect,EnergyBall,MistyExplosion|Modest||M|||50|]Aggron||QuickClaw|Sturdy|RockSlide,IronHead,StealthRock,Outrage|Adamant||M|||50|
|showteam|p2|Metagross||Metagrossite|ClearBody|IronHead,PsychicFangs,Trailblaze,Protect|Jolly|||||50|]Eelektross||Leftovers|Levitate|VoltSwitch,DragonTail,Flamethrower,Electroweb|Quiet||M|||50|]Dragapult||FocusSash|ClearBody|DragonDarts,PhantomForce,SuckerPunch,Uturn|Jolly||F|||50|]Houndoom||ChoiceScarf|FlashFire|Protect,HeatWave,DarkPulse,ScorchingSands|Timid||M|||50|]Polteageist||WhiteHerb|WeakArmor|ShellSmash,Protect,ShadowBall,StoredPower|Modest|||||50|]Meganium||LightClay|LeafGuard|HelpingHand,LeechSeed,LightScreen,Protect|Calm||M|||50|
|j| GetSlagged
|
|t:|1783054125
|teamsize|p1|4
|teamsize|p2|4
|start
|switch|p1a: Gheeeeew|Goodra, L50, M|100/100
|switch|p1b: Grond|Mamoswine, L50, M|100/100
|switch|p2a: Polteageist|Polteageist, L50, shiny|100/100
|switch|p2b: Dragapult|Dragapult, L50, F, shiny|100/100
|turn|1
|
|t:|1783054146
|move|p1b: Grond|Ice Shard|p2b: Dragapult
|-supereffective|p2b: Dragapult|1
|-damage|p2b: Dragapult|19/100
|-damage|p1b: Grond|90/100|[from] item: Life Orb
|move|p2b: Dragapult|Dragon Darts|p1a: Gheeeeew
|-supereffective|p1a: Gheeeeew|1
|-damage|p1a: Gheeeeew|36/100
|-anim|p2b: Dragapult|Dragon Darts|p1b: Grond
|-damage|p1b: Grond|60/100
|move|p2a: Polteageist|Shell Smash|p2a: Polteageist
|-unboost|p2a: Polteageist|def|1
|-unboost|p2a: Polteageist|spd|1
|-boost|p2a: Polteageist|atk|2
|-boost|p2a: Polteageist|spa|2
|-boost|p2a: Polteageist|spe|2
|-enditem|p2a: Polteageist|White Herb
|-clearnegativeboost|p2a: Polteageist|[silent]
|move|p1a: Gheeeeew|Acid Armor|p1a: Gheeeeew
|-boost|p1a: Gheeeeew|def|2
|
|-heal|p1a: Gheeeeew|42/100|[from] item: Leftovers
|upkeep
|turn|2
|
|t:|1783054180
|move|p2b: Dragapult|Sucker Punch|p1b: Grond
|-damage|p1b: Grond|35/100
|move|p1b: Grond|Ice Shard|p2b: Dragapult
|-supereffective|p2b: Dragapult|1
|-damage|p2b: Dragapult|0 fnt
|faint|p2b: Dragapult
|-damage|p1b: Grond|25/100|[from] item: Life Orb
|move|p2a: Polteageist|Stored Power|p1a: Gheeeeew
|-damage|p1a: Gheeeeew|0 fnt
|faint|p1a: Gheeeeew
|
|upkeep
|
|t:|1783054204
|switch|p2b: Metagross|Metagross, L50, shiny|100/100
|switch|p1a: Uther|Aggron, L50, M|100/100
|turn|3
|
|t:|1783054224
|detailschange|p2b: Metagross|Metagross-Mega, L50, shiny
|-mega|p2b: Metagross|Metagross|Metagrossite
|move|p2a: Polteageist|Shadow Ball|p1a: Uther
|-ability|p1a: Uther|Sturdy
|-damage|p1a: Uther|1/100
|move|p2b: Metagross|Trailblaze|p1b: Grond
|-supereffective|p1b: Grond|1
|-damage|p1b: Grond|0 fnt
|-boost|p2b: Metagross|spe|1
|faint|p1b: Grond
|move|p1a: Uther|Rock Slide|p2b: Metagross|[spread] p2a,p2b
|-resisted|p2b: Metagross|1
|-damage|p2a: Polteageist|44/100
|-damage|p2b: Metagross|89/100
|-ability|p2a: Polteageist|Weak Armor|boost
|-unboost|p2a: Polteageist|def|1
|-boost|p2a: Polteageist|spe|2
|
|upkeep
|
|t:|1783054240
|switch|p1b: Alter|Ceruledge, L50, F|100/100
|turn|4
|
|t:|1783054256
|move|p2a: Polteageist|Shadow Ball|p1b: Alter
|-supereffective|p1b: Alter|1
|-enditem|p1b: Alter|Focus Sash
|-damage|p1b: Alter|1/100
|move|p2b: Metagross|Iron Head|p1a: Uther
|-damage|p1a: Uther|0 fnt
|faint|p1a: Uther
|move|p1b: Alter|Bitter Blade|p2b: Metagross
|-supereffective|p2b: Metagross|1
|-damage|p2b: Metagross|15/100
|-heal|p1b: Alter|39/100|[from] drain|[of] p2b: Metagross
|
|upkeep
|turn|5
|
|t:|1783054270
|move|p2a: Polteageist|Shadow Ball|p1b: Alter
|-supereffective|p1b: Alter|1
|-damage|p1b: Alter|0 fnt
|faint|p1b: Alter
|
|win|MK_Hero1
