|j|☆goatdengo77
|j|☆spiritnekovgc
|html|goatdengo77spiritnekovgc    
|uhtml|bestof|Game 3 of a best-of-3
|t:|1757144040
|gametype|doubles
|player|p1|goatdengo77|2|1136
|player|p2|spiritnekovgc|psychic-gen4|1076
|gen|9
|tier|[Gen 9] VGC 2025 Reg H (Bo3)
|rated|
|rule|Species Clause: Limit one of each Pokémon
|rule|Item Clause: Limit 1 of each item
|clearpoke
|poke|p1|Incineroar, L50, F|
|poke|p1|Gholdengo, L50|
|poke|p1|Amoonguss, L50, F|
|poke|p1|Sneasler, L50, M|
|poke|p1|Dragonite, L50, M|
|poke|p1|Electabuzz, L50, F|
|poke|p2|Sneasler, L50, F|
|poke|p2|Indeedee, L50, M|
|poke|p2|Talonflame, L50, M|
|poke|p2|Ursaluna-Bloodmoon, L50, M|
|poke|p2|Primarina, L50, F|
|poke|p2|Arcanine-Hisui, L50, M|
|teampreview|4
|showteam|p1|Incineroar||AssaultVest|Intimidate|FakeOut,FlareBlitz,KnockOff,Uturn|||F|||50|,,,,,Bug]Gholdengo||Leftovers|GoodasGold|MakeItRain,ShadowBall,NastyPlot,Protect||||||50|,,,,,Water]Amoonguss||RockyHelmet|Regenerator|Spore,RagePowder,PollenPuff,ClearSmog|||F|||50|,,,,,Ghost]Sneasler||WhiteHerb|Unburden|DireClaw,CloseCombat,Acrobatics,Protect|||M|||50|,,,,,Flying]Dragonite||LoadedDice|Multiscale|ScaleShot,Tailwind,Haze,Protect|||M|||50|,,,,,Fairy]Electabuzz||Eviolite|VitalSpirit|Electroweb,FollowMe,Taunt,ThunderWave|||F|||50|,,,,,Ghost
|showteam|p2|Sneasler||PsychicSeed|Unburden|CloseCombat,DireClaw,ThroatChop,Protect|||F|||50|,,,,,Dark]Indeedee||FocusSash|PsychicSurge|ExpandingForce,TrickRoom,HelpingHand,Protect|||M|||50|,,,,,Psychic]Talonflame||CovertCloak|GaleWings|FlareBlitz,DualWingbeat,WillOWisp,Tailwind|||M|||50|,,,,,Flying]Ursaluna-Bloodmoon||LifeOrb|MindsEye|BloodMoon,HyperVoice,EarthPower,Protect|||M|||50|,,,,,Normal]Primarina||SitrusBerry|LiquidVoice|HyperVoice,Moonblast,Haze,Protect|||F|||50|,,,,,Poison]Arcanine-Hisui||ChoiceBand|Intimidate|FlareBlitz,ExtremeSpeed,CloseCombat,RockSlide|||M|||50|,,,,,Grass
|inactive|Battle timer is ON: inactive players will automatically lose when time's up. (requested by spiritnekovgc)
|
|t:|1757144062
|teamsize|p1|4
|teamsize|p2|4
|start
|switch|p1a: Sneasler|Sneasler, L50, M|100/100
|switch|p1b: Electabuzz|Electabuzz, L50, F|100/100
|switch|p2a: Arcanine|Arcanine-Hisui, L50, M|100/100
|switch|p2b: Alfred|Indeedee, L50, M|100/100
|-fieldstart|move: Psychic Terrain|[from] ability: Psychic Surge|[of] p2b: Alfred
|-ability|p2a: Arcanine|Intimidate|boost
|-unboost|p1a: Sneasler|atk|1
|-unboost|p1b: Electabuzz|atk|1
|-enditem|p1a: Sneasler|White Herb
|-clearnegativeboost|p1a: Sneasler|[silent]
|turn|1
|
|t:|1757144083
|move|p1a: Sneasler|Protect|p1a: Sneasler
|-singleturn|p1a: Sneasler|Protect
|move|p2b: Alfred|Expanding Force|p1a: Sneasler|[spread] p1b
|-activate|p1a: Sneasler|move: Protect
|-damage|p1b: Electabuzz|60/100
|move|p2a: Arcanine|Flare Blitz|p1b: Electabuzz
|-damage|p1b: Electabuzz|2/100
|-status|p1b: Electabuzz|brn
|-damage|p2a: Arcanine|81/100|[from] Recoil
|move|p1b: Electabuzz|Electroweb|p2b: Alfred|[spread] p2a,p2b
|-damage|p2a: Arcanine|65/100
|-damage|p2b: Alfred|82/100
|-unboost|p2a: Arcanine|spe|1
|-unboost|p2b: Alfred|spe|1
|
|-damage|p1b: Electabuzz|0 fnt|[from] brn
|faint|p1b: Electabuzz
|upkeep
|
|t:|1757144099
|switch|p1b: Dragonite|Dragonite, L50, M|100/100
|turn|2
|
|t:|1757144111
|move|p2b: Alfred|Protect|p2b: Alfred
|-singleturn|p2b: Alfred|Protect
|move|p1a: Sneasler|Close Combat|p2a: Arcanine
|-supereffective|p2a: Arcanine
|-damage|p2a: Arcanine|0 fnt
|-unboost|p1a: Sneasler|def|1
|-unboost|p1a: Sneasler|spd|1
|faint|p2a: Arcanine
|move|p1b: Dragonite|Scale Shot|p2b: Alfred
|-activate|p2b: Alfred|move: Protect
|
|upkeep
|
|t:|1757144113
|switch|p2a: Shrike|Talonflame, L50, M, shiny|100/100
|turn|3
|
|t:|1757144142
|switch|p1a: Incineroar|Incineroar, L50, F|100/100
|-ability|p1a: Incineroar|Intimidate|boost
|-unboost|p2a: Shrike|atk|1
|-unboost|p2b: Alfred|atk|1
|move|p1b: Dragonite|Protect|p1b: Dragonite
|-singleturn|p1b: Dragonite|Protect
|move|p2a: Shrike|Tailwind|p2a: Shrike
|-sidestart|p2: spiritnekovgc|move: Tailwind
|move|p2b: Alfred|Expanding Force|p1b: Dragonite|[spread] 
|-activate|p1b: Dragonite|move: Protect
|-immune|p1a: Incineroar
|
|upkeep
|turn|4
|
|t:|1757144159
|move|p2a: Shrike|Will-O-Wisp|p1b: Dragonite
|-status|p1b: Dragonite|brn
|move|p2b: Alfred|Expanding Force|p1a: Incineroar|[spread] p1b
|-immune|p1a: Incineroar
|-damage|p1b: Dragonite|70/100 brn
|move|p1b: Dragonite|Scale Shot|p2a: Shrike
|-damage|p2a: Shrike|89/100
|-damage|p2a: Shrike|78/100
|-damage|p2a: Shrike|67/100
|-damage|p2a: Shrike|57/100
|-hitcount|p2a: Shrike|4
|-unboost|p1b: Dragonite|def|1
|-boost|p1b: Dragonite|spe|1
|move|p1a: Incineroar|U-turn|p2b: Alfred
|-supereffective|p2b: Alfred
|-damage|p2b: Alfred|0 fnt
|faint|p2b: Alfred
|
|t:|1757144178
|switch|p1a: Sneasler|Sneasler, L50, M|100/100|[from] U-turn
|
|-damage|p1b: Dragonite|64/100 brn|[from] brn
|upkeep
|
|t:|1757144180
|switch|p2b: Maple|Ursaluna-Bloodmoon, L50, M|100/100
|turn|5
|
|t:|1757144201
|switch|p1a: Incineroar|Incineroar, L50, F|100/100
|-ability|p1a: Incineroar|Intimidate|boost
|-unboost|p2a: Shrike|atk|1
|-unboost|p2b: Maple|atk|1
|-terastallize|p2b: Maple|Normal
|move|p2a: Shrike|Dual Wingbeat|p1a: Incineroar
|-damage|p1a: Incineroar|93/100
|-damage|p1a: Incineroar|85/100
|-hitcount|p1a: Incineroar|2
|move|p2b: Maple|Hyper Voice|p1b: Dragonite|[spread] p1a,p1b
|-damage|p1a: Incineroar|40/100
|-damage|p1b: Dragonite|0 fnt
|faint|p1b: Dragonite
|-damage|p2b: Maple|91/100|[from] item: Life Orb
|
|-fieldend|move: Psychic Terrain
|upkeep
|
|t:|1757144218
|switch|p1b: Sneasler|Sneasler, L50, M|100/100
|turn|6
|
|t:|1757144241
|-terastallize|p1b: Sneasler|Flying
|move|p2a: Shrike|Will-O-Wisp|p1b: Sneasler|[miss]
|-miss|p2a: Shrike|p1b: Sneasler
|move|p2b: Maple|Hyper Voice|p1a: Incineroar|[spread] p1a,p1b
|-damage|p1a: Incineroar|0 fnt
|-damage|p1b: Sneasler|0 fnt
|faint|p1a: Incineroar
|faint|p1b: Sneasler
|-damage|p2b: Maple|81/100|[from] item: Life Orb
|
|win|spiritnekovgc
|raw|goatdengo77's rating: 1136 → 1107(-29 for losing)
|raw|spiritnekovgc's rating: 1076 → 1109(+33 for winning)
