|j|☆Gentlefish
|j|☆shalewell
|html|Gentlefishshalewell    
|uhtml|bestof|Game 3 of a best-of-3
|t:|1756673537
|gametype|doubles
|player|p1|Gentlefish|burglar-gen1rb|1110
|player|p2|shalewell|102|1040
|gen|9
|tier|[Gen 9] VGC 2025 Reg H (Bo3)
|rated|
|rule|Species Clause: Limit one of each Pokémon
|rule|Item Clause: Limit 1 of each item
|clearpoke
|poke|p1|Garchomp, L50, F|
|poke|p1|Weezing-Galar, L50, F|
|poke|p1|Archaludon, L50, F|
|poke|p1|Gholdengo, L50|
|poke|p1|Talonflame, L50, M|
|poke|p1|Annihilape, L50, M|
|poke|p2|Ursaluna, L50, M|
|poke|p2|Talonflame, L50, F|
|poke|p2|Rillaboom, L50, M|
|poke|p2|Farigiraf, L50, F|
|teampreview|4
|showteam|p1|Garchomp||LifeOrb|RoughSkin|DragonClaw,Earthquake,StompingTantrum,Protect|||F|||50|,,,,,Ground]Weezing-Galar||FocusSash|NeutralizingGas|Protect,SludgeBomb,Taunt,StrangeSteam|||F|||50|,,,,,Flying]Archaludon||PowerHerb|Sturdy|ElectroShot,Thunderbolt,DracoMeteor,Protect|||F|||50|,,,,,Electric]Gholdengo||ChoiceSpecs|GoodasGold|ShadowBall,DazzlingGleam,PowerGem,MakeItRain||||||50|,,,,,Fairy]Talonflame||CovertCloak|GaleWings|Tailwind,DualWingbeat,Taunt,FlareBlitz|||M|||50|,,,,,Stellar]Annihilape||AssaultVest|Defiant|CloseCombat,RageFist,FinalGambit,IcePunch|||M|||50|,,,,,Grass
|showteam|p2|Ursaluna||FlameOrb|Guts|Facade,HeadlongRush,Protect,DrainPunch|||M|||50|,,,,,Grass]Talonflame||SitrusBerry|GaleWings|Acrobatics,WillOWisp,Protect,Tailwind|||F|||50|,,,,,Ghost]Rillaboom||AssaultVest|GrassySurge|WoodHammer,HighHorsepower,GrassyGlide,FakeOut|||M|||50|,,,,,Fire]Farigiraf||GrassySeed|ArmorTail|FoulPlay,AllySwitch,Protect,TrickRoom|||F|||50|,,,,,Dark
|inactive|Battle timer is ON: inactive players will automatically lose when time's up. (requested by shalewell)
|inactive|Gentlefish has 60 seconds left.
|
|t:|1756673607
|teamsize|p1|4
|teamsize|p2|4
|start
|switch|p1a: Talonflame|Talonflame, L50, M|100/100
|switch|p1b: Gholdengo|Gholdengo, L50|100/100
|switch|p2a: Ursaluna|Ursaluna, L50, M|100/100
|switch|p2b: Talonflame|Talonflame, L50, F, shiny|100/100
|turn|1
|inactive|Gentlefish has 30 seconds left.
|inactive|Gentlefish has 20 seconds left.
|inactive|shalewell has 30 seconds left.
|inactive|Gentlefish has 15 seconds left.
|
|t:|1756673651
|-terastallize|p1b: Gholdengo|Fairy
|move|p2b: Talonflame|Protect|p2b: Talonflame
|-singleturn|p2b: Talonflame|Protect
|move|p1a: Talonflame|Tailwind|p1a: Talonflame
|-sidestart|p1: Gentlefish|move: Tailwind
|move|p1b: Gholdengo|Dazzling Gleam|p2b: Talonflame|[spread] p2a
|-activate|p2b: Talonflame|move: Protect
|-damage|p2a: Ursaluna|56/100
|move|p2a: Ursaluna|Headlong Rush|p1b: Gholdengo
|-damage|p1b: Gholdengo|19/100
|-unboost|p2a: Ursaluna|def|1
|-unboost|p2a: Ursaluna|spd|1
|
|-status|p2a: Ursaluna|brn|[from] item: Flame Orb
|upkeep
|turn|2
|inactive|Gentlefish has 30 seconds left.
|
|t:|1756673679
|move|p2b: Talonflame|Acrobatics|p1b: Gholdengo
|-damage|p1b: Gholdengo|0 fnt
|faint|p1b: Gholdengo
|move|p1a: Talonflame|Flare Blitz|p2a: Ursaluna
|-damage|p2a: Ursaluna|10/100 brn
|-damage|p1a: Talonflame|77/100|[from] Recoil
|move|p2a: Ursaluna|Facade|p1a: Talonflame
|-damage|p1a: Talonflame|0 fnt
|faint|p1a: Talonflame
|
|-damage|p2a: Ursaluna|4/100 brn|[from] brn
|upkeep
|
|t:|1756673682
|switch|p1a: Annihilape|Annihilape, L50, M|100/100
|switch|p1b: Weezing|Weezing-Galar, L50, F|100/100
|-ability|p1b: Weezing|Neutralizing Gas
|turn|3
|
|t:|1756673705
|move|p1a: Annihilape|Ice Punch|p2a: Ursaluna
|-supereffective|p2a: Ursaluna
|-damage|p2a: Ursaluna|0 fnt
|faint|p2a: Ursaluna
|move|p1b: Weezing|Taunt|p2b: Talonflame
|-start|p2b: Talonflame|move: Taunt
|move|p2b: Talonflame|Acrobatics|p1a: Annihilape
|-supereffective|p1a: Annihilape
|-damage|p1a: Annihilape|52/100
|
|upkeep
|
|t:|1756673720
|switch|p2a: Rillaboom|Rillaboom, L50, M|100/100
|turn|4
|
|t:|1756673731
|-terastallize|p2a: Rillaboom|Fire
|move|p2a: Rillaboom|Fake Out|p1b: Weezing
|-damage|p1b: Weezing|85/100
|move|p1a: Annihilape|Rage Fist|p2b: Talonflame
|-damage|p2b: Talonflame|25/100
|-enditem|p2b: Talonflame|Sitrus Berry|[eat]
|-heal|p2b: Talonflame|49/100|[from] item: Sitrus Berry
|cant|p1b: Weezing|flinch
|move|p2b: Talonflame|Acrobatics|p1a: Annihilape
|-supereffective|p1a: Annihilape
|-damage|p1a: Annihilape|0 fnt
|faint|p1a: Annihilape
|
|-sideend|p1: Gentlefish|move: Tailwind
|upkeep
|turn|5
|
|t:|1756673756
|move|p2b: Talonflame|Acrobatics|p1b: Weezing
|-damage|p1b: Weezing|44/100
|move|p2a: Rillaboom|High Horsepower|p1b: Weezing|[miss]
|-miss|p2a: Rillaboom|p1b: Weezing
|move|p1b: Weezing|Sludge Bomb|p2b: Talonflame
|-damage|p2b: Talonflame|0 fnt
|faint|p2b: Talonflame
|
|upkeep
|
|t:|1756673764
|switch|p2b: Farigiraf|Farigiraf, L50, F, shiny|100/100
|turn|6
|-message|Gentlefish forfeited.
|
|win|shalewell
|raw|Gentlefish's rating: 1110 → 1080(-30 for losing)
|raw|shalewell's rating: 1040 → 1081(+41 for winning)
