|j|☆PixelJaguar
|j|☆ClarkSmash
|html|PixelJaguarClarkSmash    
|uhtml|bestof|Game 3 of a best-of-3
|t:|1786016103
|gametype|doubles
|player|p1|PixelJaguar|266|1058
|player|p2|ClarkSmash|red|1044
|gen|9
|tier|[Gen 9 Champions] VGC 2026 Reg M-B (Bo3)
|rated|
|rule|Species Clause: Limit one of each Pokémon
|rule|Item Clause: Limit 1 of each item
|clearpoke
|poke|p1|Whimsicott, L50, F|
|poke|p1|Staraptor, L50, F|
|poke|p1|Garchomp, L50, M|
|poke|p1|Ceruledge, L50, F|
|poke|p1|Metagross, L50|
|poke|p1|Farigiraf, L50, F|
|poke|p2|Raichu, L50, F|
|poke|p2|Incineroar, L50, F|
|poke|p2|Grimmsnarl, L50, M|
|poke|p2|Metagross, L50|
|poke|p2|Rotom-Wash, L50|
|poke|p2|Whimsicott, L50, F|
|teampreview|4
|showteam|p1|Whimsicott||FocusSash|Prankster|Encore,Tailwind,Moonblast,Charm|Timid||F|||50|]Staraptor||Staraptite|Intimidate|Protect,CloseCombat,BraveBird,Roost|Jolly||F|||50|]Garchomp||LifeOrb|RoughSkin|Protect,RockSlide,Earthquake,DragonClaw|Jolly||M|||50|]Ceruledge||ColburBerry|FlashFire|Protect,BitterBlade,BulkUp,ShadowSneak|Adamant||F|||50|]Metagross||Metagrossite|ClearBody|Protect,StompingTantrum,IronHead,PsychicFangs|Adamant|||||50|]Farigiraf||SitrusBerry|ArmorTail|HelpingHand,TrickRoom,Psychic,Thunderbolt|Calm||F|||50|
|showteam|p2|Raichu||RaichuniteY|LightningRod|Protect,FakeOut,ZapCannon,FocusBlast|Timid||F|||50|]Incineroar||SitrusBerry|Intimidate|FakeOut,WillOWisp,PartingShot,DrainPunch|Careful||F|||50|]Grimmsnarl||LightClay|Prankster|SpiritBreak,PartingShot,Reflect,LightScreen|Impish||M|||50|]Metagross||Metagrossite|ClearBody|Protect,BulletPunch,IronHead,PsychicFangs|Adamant|||||50|]Rotom-Wash||Leftovers|Levitate|WillOWisp,ThunderWave,VoltSwitch,Protect|Calm|||||50|]Whimsicott||MentalHerb|Prankster|Charm,Moonblast,Encore,Tailwind|Bold||F|||50|
|
|t:|1786016136
|teamsize|p1|4
|teamsize|p2|4
|start
|switch|p1a: Staraptor|Staraptor, L50, F|100/100
|switch|p1b: Garchomp|Garchomp, L50, M|100/100
|switch|p2a: Rotom|Rotom-Wash, L50|100/100
|switch|p2b: Grimmsnarl|Grimmsnarl, L50, M|100/100
|-ability|p1a: Staraptor|Intimidate|boost
|-unboost|p2a: Rotom|atk|1
|-unboost|p2b: Grimmsnarl|atk|1
|turn|1
|
|t:|1786016174
|switch|p1a: Ceruledge|Ceruledge, L50, F|100/100
|move|p2b: Grimmsnarl|Reflect|p2b: Grimmsnarl
|-sidestart|p2: ClarkSmash|Reflect
|move|p1b: Garchomp|Rock Slide|p2b: Grimmsnarl|[spread] p2a,p2b
|-damage|p2a: Rotom|82/100
|-damage|p2b: Grimmsnarl|86/100
|-damage|p1b: Garchomp|90/100|[from] item: Life Orb
|move|p2a: Rotom|Will-O-Wisp|p1a: Ceruledge
|-start|p1a: Ceruledge|ability: Flash Fire
|
|-heal|p2a: Rotom|87/100|[from] item: Leftovers
|upkeep
|turn|2
|inactive|Battle timer is ON: inactive players will automatically lose when time's up. (requested by ClarkSmash)
|
|t:|1786016201
|move|p2b: Grimmsnarl|Parting Shot|p1b: Garchomp
|-unboost|p1b: Garchomp|atk|1
|-unboost|p1b: Garchomp|spa|1
|
|t:|1786016205
|switch|p2b: Metagross|Metagross, L50|100/100|[from] Parting Shot
|move|p1b: Garchomp|Rock Slide|p2a: Rotom|[spread] p2a,p2b
|-resisted|p2b: Metagross|1
|-damage|p2a: Rotom|77/100
|-damage|p2b: Metagross|94/100
|-damage|p1b: Garchomp|80/100|[from] item: Life Orb
|move|p1a: Ceruledge|Bitter Blade|p2b: Metagross
|-supereffective|p2b: Metagross|1
|-damage|p2b: Metagross|6/100
|move|p2a: Rotom|Thunder Wave|p1a: Ceruledge
|-status|p1a: Ceruledge|par
|
|-heal|p2a: Rotom|83/100|[from] item: Leftovers
|upkeep
|turn|3
|inactive|PixelJaguar has 30 seconds left.
|inactive|ClarkSmash has 30 seconds left.
|
|t:|1786016232
|move|p2b: Metagross|Protect|p2b: Metagross
|-singleturn|p2b: Metagross|Protect
|move|p1b: Garchomp|Rock Slide|p2a: Rotom|[spread] p2a
|-activate|p2b: Metagross|move: Protect
|-damage|p2a: Rotom|71/100
|-damage|p1b: Garchomp|70/100|[from] item: Life Orb
|cant|p2a: Rotom|flinch
|cant|p1a: Ceruledge|par
|
|-heal|p2a: Rotom|77/100|[from] item: Leftovers
|upkeep
|turn|4
|inactive|ClarkSmash has 30 seconds left.
|
|t:|1786016266
|switch|p2b: Grimmsnarl|Grimmsnarl, L50, M|86/100
|move|p1b: Garchomp|Rock Slide|p2b: Grimmsnarl|[spread] p2a,p2b
|-damage|p2a: Rotom|66/100
|-damage|p2b: Grimmsnarl|76/100
|-damage|p1b: Garchomp|61/100|[from] item: Life Orb
|cant|p2a: Rotom|flinch
|move|p1a: Ceruledge|Bitter Blade|p2b: Grimmsnarl
|-damage|p2b: Grimmsnarl|34/100
|
|-heal|p2a: Rotom|71/100|[from] item: Leftovers
|upkeep
|turn|5
|inactive|ClarkSmash has 30 seconds left.
|
|t:|1786016297
|move|p1b: Garchomp|Rock Slide|p2a: Rotom|[spread] p2a,p2b
|-crit|p2b: Grimmsnarl
|-damage|p2a: Rotom|61/100
|-damage|p2b: Grimmsnarl|1/100
|-damage|p1b: Garchomp|51/100|[from] item: Life Orb
|move|p2a: Rotom|Will-O-Wisp|p1b: Garchomp
|-status|p1b: Garchomp|brn
|move|p2b: Grimmsnarl|Spirit Break|p1b: Garchomp
|-supereffective|p1b: Garchomp|1
|-damage|p1b: Garchomp|0 fnt
|-damage|p2b: Grimmsnarl|0 fnt|[from] ability: Rough Skin|[of] p1b: Garchomp
|faint|p1b: Garchomp
|faint|p2b: Grimmsnarl
|cant|p1a: Ceruledge|par
|
|-heal|p2a: Rotom|67/100|[from] item: Leftovers
|upkeep
|
|t:|1786016321
|switch|p1b: Whimsicott|Whimsicott, L50, F|100/100
|switch|p2b: Metagross|Metagross, L50|6/100
|turn|6
|
|t:|1786016338
|move|p1a: Ceruledge|Shadow Sneak|p2b: Metagross
|-supereffective|p2b: Metagross|1
|-damage|p2b: Metagross|0 fnt
|faint|p2b: Metagross
|move|p1b: Whimsicott|Moonblast|p2a: Rotom
|-damage|p2a: Rotom|38/100
|move|p2a: Rotom|Volt Switch|p1a: Ceruledge
|-damage|p1a: Ceruledge|76/100 par
|
|t:|1786016348
|switch|p2a: Raichu|Raichu, L50, F|100/100|[from] Volt Switch
|
|upkeep
|
|t:|1786016355
|switch|p2b: Rotom|Rotom-Wash, L50|38/100
|turn|7
|
|t:|1786016376
|detailschange|p2a: Raichu|Raichu-Mega-Y, L50, F
|-mega|p2a: Raichu|Raichu|Raichunite Y
|move|p1b: Whimsicott|Tailwind|p1b: Whimsicott
|-sidestart|p1: PixelJaguar|move: Tailwind
|move|p2a: Raichu|Zap Cannon|p1a: Ceruledge
|-damage|p1a: Ceruledge|8/100 par
|move|p1a: Ceruledge|Bitter Blade|p2a: Raichu
|-crit|p2a: Raichu
|-damage|p2a: Raichu|0 fnt
|-heal|p1a: Ceruledge|54/100 par|[from] drain|[of] p2a: Raichu
|faint|p2a: Raichu
|move|p2b: Rotom|Will-O-Wisp|p1b: Whimsicott
|-status|p1b: Whimsicott|brn
|
|-heal|p2b: Rotom|43/100|[from] item: Leftovers
|-damage|p1b: Whimsicott|94/100 brn|[from] brn
|upkeep
|turn|8
|
|t:|1786016396
|move|p1a: Ceruledge|Shadow Sneak|p2b: Rotom
|-damage|p2b: Rotom|28/100
|move|p1b: Whimsicott|Moonblast|p2b: Rotom
|-damage|p2b: Rotom|0 fnt
|faint|p2b: Rotom
|
|win|PixelJaguar
|raw|PixelJaguar's rating: 1058 → 1088(+30 for winning)
|raw|ClarkSmash's rating: 1044 → 1028(-16 for losing)
