|j|☆ming0mang0
|j|☆luckstat10
|html|ming0mang0luckstat10    
|uhtml|bestof|Game 3 of a best-of-3
|t:|1756833071
|gametype|doubles
|player|p1|ming0mang0|harlequin|1028
|player|p2|luckstat10|265|1114
|gen|9
|tier|[Gen 9] VGC 2025 Reg H (Bo3)
|rated|
|rule|Species Clause: Limit one of each Pokémon
|rule|Item Clause: Limit 1 of each item
|clearpoke
|poke|p1|Sneasler, L50, F|
|poke|p1|Indeedee, L50, M|
|poke|p1|Ursaluna-Bloodmoon, L50, M|
|poke|p1|Electabuzz, L50, M|
|poke|p1|Incineroar, L50, F|
|poke|p1|Talonflame, L50, M|
|poke|p2|Rillaboom, L50, M|
|poke|p2|Sneasler, L50, F|
|poke|p2|Gholdengo, L50|
|poke|p2|Volcarona, L50, F|
|poke|p2|Ninetales-Alola, L50, M|
|poke|p2|Incineroar, L50, M|
|teampreview|4
|showteam|p1|Sneasler||PsychicSeed|Unburden|CloseCombat,DireClaw,ThroatChop,Protect|||F|||50|,,,,,Dark]Indeedee||FocusSash|PsychicSurge|ExpandingForce,TrickRoom,HelpingHand,Protect|||M|||50|,,,,,Psychic]Ursaluna-Bloodmoon||LifeOrb|MindsEye|BloodMoon,HyperVoice,EarthPower,Protect|||M|||50|,,,,,Normal]Electabuzz||Eviolite|VitalSpirit|Electroweb,FollowMe,Taunt,Protect|||M|||50|,,,,,Dragon]Incineroar||SafetyGoggles|Intimidate|FlareBlitz,KnockOff,PartingShot,FakeOut|||F|||50|,,,,,Ghost]Talonflame||CovertCloak|GaleWings|FlareBlitz,DualWingbeat,WillOWisp,Tailwind|||M|||50|,,,,,Fairy
|showteam|p2|Rillaboom||AssaultVest|GrassySurge|FakeOut,WoodHammer,GrassyGlide,HighHorsepower|||M|||50|,,,,,Fire]Sneasler||FocusSash|PoisonTouch|FakeOut,CloseCombat,DireClaw,Protect|||F|||50|,,,,,Stellar]Gholdengo||LifeOrb|GoodasGold|NastyPlot,MakeItRain,ShadowBall,Protect||||||50|,,,,,Water]Volcarona||SitrusBerry|FlameBody|QuiverDance,HeatWave,GigaDrain,Protect|||F|||50|,,,,,Grass]Ninetales-Alola||CovertCloak|SnowWarning|Blizzard,IcyWind,Moonblast,Protect|||M|||50|,,,,,Poison]Incineroar||SafetyGoggles|Intimidate|FakeOut,KnockOff,FlareBlitz,Taunt|||M|||50|,,,,,Ghost
|
|t:|1756833243
|teamsize|p1|4
|teamsize|p2|4
|start
|switch|p1a: Talonflame|Talonflame, L50, M|100/100
|switch|p1b: Ursaluna|Ursaluna-Bloodmoon, L50, M|100/100
|switch|p2a: Incineroar|Incineroar, L50, M, shiny|100/100
|switch|p2b: Midas|Gholdengo, L50|100/100
|-ability|p2a: Incineroar|Intimidate|boost
|-unboost|p1a: Talonflame|atk|1
|-unboost|p1b: Ursaluna|atk|1
|turn|1
|
|t:|1756833278
|switch|p2a: Koba|Rillaboom, L50, M, shiny|100/100
|-fieldstart|move: Grassy Terrain|[from] ability: Grassy Surge|[of] p2a: Koba
|-terastallize|p2b: Midas|Water
|move|p1b: Ursaluna|Protect|p1b: Ursaluna
|-singleturn|p1b: Ursaluna|Protect
|move|p1a: Talonflame|Tailwind|p1a: Talonflame
|-sidestart|p1: ming0mang0|move: Tailwind
|move|p2b: Midas|Nasty Plot|p2b: Midas
|-boost|p2b: Midas|spa|2
|
|upkeep
|turn|2
|
|t:|1756833311
|switch|p1a: Indeedee|Indeedee, L50, M|100/100
|-fieldstart|move: Psychic Terrain|[from] ability: Psychic Surge|[of] p1a: Indeedee
|switch|p2a: Incineroar|Incineroar, L50, M, shiny|100/100
|-ability|p2a: Incineroar|Intimidate|boost
|-unboost|p1a: Indeedee|atk|1
|-unboost|p1b: Ursaluna|atk|1
|-terastallize|p1b: Ursaluna|Normal
|move|p2b: Midas|Protect|p2b: Midas
|-singleturn|p2b: Midas|Protect
|move|p1b: Ursaluna|Blood Moon|p2b: Midas
|-activate|p2b: Midas|move: Protect
|
|upkeep
|turn|3
|
|t:|1756833340
|switch|p2a: Koba|Rillaboom, L50, M, shiny|100/100
|-fieldstart|move: Grassy Terrain|[from] ability: Grassy Surge|[of] p2a: Koba
|move|p1a: Indeedee|Helping Hand|p1b: Ursaluna
|-singleturn|p1b: Ursaluna|Helping Hand|[of] p1a: Indeedee
|move|p1b: Ursaluna|Earth Power|p2b: Midas
|-damage|p2b: Midas|0 fnt
|faint|p2b: Midas
|-damage|p1b: Ursaluna|91/100|[from] item: Life Orb
|
|-heal|p1b: Ursaluna|97/100|[from] Grassy Terrain
|upkeep
|
|t:|1756833356
|switch|p2b: Mothers|Volcarona, L50, F, shiny|100/100
|turn|4
|
|t:|1756833392
|switch|p1a: Talonflame|Talonflame, L50, M|100/100
|move|p2a: Koba|Fake Out|p1a: Talonflame
|-damage|p1a: Talonflame|78/100
|move|p1b: Ursaluna|Blood Moon|p2b: Mothers
|-damage|p2b: Mothers|0 fnt
|faint|p2b: Mothers
|-damage|p1b: Ursaluna|87/100|[from] item: Life Orb
|
|-heal|p1b: Ursaluna|93/100|[from] Grassy Terrain
|-sideend|p1: ming0mang0|move: Tailwind
|upkeep
|
|t:|1756833397
|switch|p2b: Incineroar|Incineroar, L50, M, shiny|100/100
|-ability|p2b: Incineroar|Intimidate|boost
|-unboost|p1a: Talonflame|atk|1
|-unboost|p1b: Ursaluna|atk|1
|turn|5
|
|t:|1756833425
|switch|p1b: Indeedee|Indeedee, L50, M|100/100
|-fieldstart|move: Psychic Terrain|[from] ability: Psychic Surge|[of] p1b: Indeedee
|move|p1a: Talonflame|Will-O-Wisp|p2a: Koba
|-status|p2a: Koba|brn
|move|p2a: Koba|Wood Hammer|p1b: Indeedee
|-damage|p1b: Indeedee|39/100
|-damage|p2a: Koba|86/100 brn|[from] Recoil
|move|p2b: Incineroar|Knock Off|p1a: Talonflame
|-damage|p1a: Talonflame|19/100
|-enditem|p1a: Talonflame|Covert Cloak|[from] move: Knock Off|[of] p2b: Incineroar
|
|-damage|p2a: Koba|80/100 brn|[from] brn
|upkeep
|turn|6
|-message|luckstat10 forfeited.
|raw|ming0mang0's rating: 1028 → 1072(+44 for winning)
|raw|luckstat10's rating: 1114 → 1083(-31 for losing)
|
|win|ming0mang0
|l|☆luckstat10
|player|p2|
|l|☆ming0mang0
|player|p1|
|j|☆ming0mang0
|player|p1|ming0mang0|harlequin|
