|j|☆CrazyyBoi
|j|☆ArielsHusband
|html|CrazyyBoiArielsHusband    
|uhtml|bestof|Game 2 of a best-of-3
|t:|1757221176
|gametype|doubles
|player|p1|CrazyyBoi|102|1203
|player|p2|ArielsHusband|170|1000
|gen|9
|tier|[Gen 9] VGC 2025 Reg H (Bo3)
|rated|
|rule|Species Clause: Limit one of each Pokémon
|rule|Item Clause: Limit 1 of each item
|clearpoke
|poke|p1|Maushold-Four, L50|
|poke|p1|Sableye, L50, F|
|poke|p1|Gothitelle, L50, M|
|poke|p1|Kommo-o, L50, M|
|poke|p1|Incineroar, L50, F|
|poke|p1|Primarina, L50, F|
|poke|p2|Gholdengo, L50|
|poke|p2|Sneasler, L50, M|
|poke|p2|Rillaboom, L50, M|
|poke|p2|Dragonite, L50, M|
|poke|p2|Ninetales-Alola, L50, F|
|poke|p2|Arcanine-Hisui, L50, M|
|teampreview|4
|showteam|p1|Maushold-Four||WideLens|Technician|Protect,PopulationBomb,Bite,FollowMe||||||50|,,,,,Poison]Sableye||FocusSash|Prankster|FakeOut,Quash,Disable,Encore|||F|||50|,,,,,Grass]Gothitelle||SitrusBerry|ShadowTag|FakeOut,Psychic,TrickRoom,Protect|||M|||50|,,,,,Steel]Kommo-o||ThroatSpray|Overcoat|ClangorousSoul,ClangingScales,Protect,AuraSphere|||M|||50|,,,,,Steel]Incineroar||SafetyGoggles|Intimidate|FakeOut,PartingShot,KnockOff,Taunt|||F|||50|,,,,,Ghost]Primarina||LifeOrb|LiquidVoice|HyperVoice,Moonblast,PerishSong,Protect|||F|||50|,,,,,Dragon
|showteam|p2|Gholdengo||GrassySeed|GoodasGold|NastyPlot,MakeItRain,ShadowBall,Protect||||||50|,,,,,Water]Sneasler||WhiteHerb|Unburden|CloseCombat,DireClaw,Coaching,Protect|||M|||50|,,,,,Ghost]Rillaboom||AssaultVest|GrassySurge|FakeOut,GrassyGlide,DrumBeating,HighHorsepower|||M|||50|,,,,,Fire]Dragonite||LoadedDice|Multiscale|ScaleShot,StompingTantrum,Tailwind,Protect|||M|||50|,,,,,Ground]Ninetales-Alola||FocusSash|SnowWarning|Blizzard,IcyWind,Encore,AuroraVeil|||F|||50|,,,,,Ghost]Arcanine-Hisui||ClearAmulet|Intimidate|RockSlide,FlareBlitz,ExtremeSpeed,Protect|||M|||50|,,,,,Water
|inactive|Battle timer is ON: inactive players will automatically lose when time's up. (requested by CrazyyBoi)
|inactive|ArielsHusband has 60 seconds left.
|
|t:|1757221240
|teamsize|p1|4
|teamsize|p2|4
|start
|switch|p1a: Gothitelle|Gothitelle, L50, M|100/100
|switch|p1b: Primarina|Primarina, L50, F|100/100
|switch|p2a: Rillaboom|Rillaboom, L50, M|100/100
|switch|p2b: Gholdengo|Gholdengo, L50|100/100
|-fieldstart|move: Grassy Terrain|[from] ability: Grassy Surge|[of] p2a: Rillaboom
|-enditem|p2b: Gholdengo|Grassy Seed
|-boost|p2b: Gholdengo|def|1|[from] item: Grassy Seed
|turn|1
|
|t:|1757221265
|-terastallize|p2b: Gholdengo|Water
|move|p1b: Primarina|Protect|p1b: Primarina
|-singleturn|p1b: Primarina|Protect
|move|p2a: Rillaboom|Fake Out|p1b: Primarina
|-activate|p1b: Primarina|move: Protect
|move|p2b: Gholdengo|Nasty Plot|p2b: Gholdengo
|-boost|p2b: Gholdengo|spa|2
|move|p1a: Gothitelle|Trick Room|p1a: Gothitelle
|-fieldstart|move: Trick Room|[of] p1a: Gothitelle
|
|upkeep
|turn|2
|inactive|CrazyyBoi has 30 seconds left.
|
|t:|1757221297
|switch|p1b: Incineroar|Incineroar, L50, F|100/100
|-ability|p1b: Incineroar|Intimidate|boost
|-unboost|p2a: Rillaboom|atk|1
|-unboost|p2b: Gholdengo|atk|1
|-terastallize|p1a: Gothitelle|Steel
|move|p2a: Rillaboom|Grassy Glide|p1b: Incineroar
|-resisted|p1b: Incineroar
|-damage|p1b: Incineroar|90/100
|move|p1a: Gothitelle|Psychic|p2b: Gholdengo
|-damage|p2b: Gholdengo|70/100
|move|p2b: Gholdengo|Make It Rain|p1b: Incineroar|[spread] p1a,p1b
|-resisted|p1a: Gothitelle
|-resisted|p1b: Incineroar
|-damage|p1a: Gothitelle|67/100
|-damage|p1b: Incineroar|56/100
|-unboost|p2b: Gholdengo|spa|1
|
|-heal|p1b: Incineroar|62/100|[from] Grassy Terrain
|-heal|p1a: Gothitelle|73/100|[from] Grassy Terrain
|-heal|p2b: Gholdengo|77/100|[from] Grassy Terrain
|upkeep
|turn|3
|inactive|CrazyyBoi has 30 seconds left.
|
|t:|1757221323
|move|p2b: Gholdengo|Protect|p2b: Gholdengo
|-singleturn|p2b: Gholdengo|Protect
|move|p1b: Incineroar|Parting Shot|p2a: Rillaboom
|-unboost|p2a: Rillaboom|atk|1
|-unboost|p2a: Rillaboom|spa|1
|
|t:|1757221331
|switch|p1b: Kommo-o|Kommo-o, L50, M|100/100|[from] Parting Shot
|move|p1a: Gothitelle|Psychic|p2b: Gholdengo
|-activate|p2b: Gholdengo|move: Protect
|move|p2a: Rillaboom|High Horsepower|p1b: Kommo-o
|-damage|p1b: Kommo-o|88/100
|
|-heal|p1a: Gothitelle|80/100|[from] Grassy Terrain
|-heal|p1b: Kommo-o|94/100|[from] Grassy Terrain
|-heal|p2b: Gholdengo|83/100|[from] Grassy Terrain
|upkeep
|turn|4
|inactive|ArielsHusband has 30 seconds left.
|
|t:|1757221359
|move|p1a: Gothitelle|Psychic|p2b: Gholdengo
|-damage|p2b: Gholdengo|53/100
|move|p1b: Kommo-o|Clanging Scales|p2b: Gholdengo|[spread] p2a,p2b
|-damage|p2a: Rillaboom|65/100
|-damage|p2b: Gholdengo|16/100
|-unboost|p1b: Kommo-o|def|1
|-enditem|p1b: Kommo-o|Throat Spray
|-boost|p1b: Kommo-o|spa|1|[from] item: Throat Spray
|move|p2b: Gholdengo|Make It Rain|p1b: Kommo-o|[spread] p1a,p1b
|-resisted|p1a: Gothitelle
|-damage|p1a: Gothitelle|53/100
|-damage|p1b: Kommo-o|34/100
|-unboost|p2b: Gholdengo|spa|1
|move|p2a: Rillaboom|Drum Beating|p1b: Kommo-o
|-resisted|p1b: Kommo-o
|-damage|p1b: Kommo-o|19/100
|-unboost|p1b: Kommo-o|spe|1
|
|-heal|p1b: Kommo-o|25/100|[from] Grassy Terrain
|-heal|p1a: Gothitelle|59/100|[from] Grassy Terrain
|-heal|p2b: Gholdengo|22/100|[from] Grassy Terrain
|-heal|p2a: Rillaboom|71/100|[from] Grassy Terrain
|upkeep
|turn|5
|inactive|CrazyyBoi has 30 seconds left.
|inactive|ArielsHusband has 30 seconds left.
|
|t:|1757221392
|move|p1b: Kommo-o|Protect|p1b: Kommo-o
|-singleturn|p1b: Kommo-o|Protect
|move|p2b: Gholdengo|Protect|p2b: Gholdengo
|-singleturn|p2b: Gholdengo|Protect
|move|p2a: Rillaboom|Grassy Glide|p1b: Kommo-o
|-activate|p1b: Kommo-o|move: Protect
|move|p1a: Gothitelle|Psychic|p2b: Gholdengo
|-activate|p2b: Gholdengo|move: Protect
|
|-heal|p1b: Kommo-o|31/100|[from] Grassy Terrain
|-heal|p1a: Gothitelle|65/100|[from] Grassy Terrain
|-heal|p2b: Gholdengo|29/100|[from] Grassy Terrain
|-heal|p2a: Rillaboom|77/100|[from] Grassy Terrain
|-fieldend|move: Trick Room
|-fieldend|move: Grassy Terrain
|upkeep
|turn|6
|
|t:|1757221410
|move|p2a: Rillaboom|Grassy Glide|p1b: Kommo-o
|-resisted|p1b: Kommo-o
|-damage|p1b: Kommo-o|22/100
|move|p2b: Gholdengo|Make It Rain|p1b: Kommo-o|[spread] p1a,p1b
|-resisted|p1a: Gothitelle
|-damage|p1a: Gothitelle|48/100
|-damage|p1b: Kommo-o|0 fnt
|-unboost|p2b: Gholdengo|spa|1
|-enditem|p1a: Gothitelle|Sitrus Berry|[eat]
|-heal|p1a: Gothitelle|73/100|[from] item: Sitrus Berry
|faint|p1b: Kommo-o
|move|p1a: Gothitelle|Trick Room|p1a: Gothitelle
|-fieldstart|move: Trick Room|[of] p1a: Gothitelle
|
|upkeep
|
|t:|1757221423
|switch|p1b: Primarina|Primarina, L50, F|100/100
|turn|7
|
|t:|1757221435
|switch|p1b: Incineroar|Incineroar, L50, F|62/100
|-ability|p1b: Incineroar|Intimidate|boost
|-unboost|p2a: Rillaboom|atk|1
|-unboost|p2b: Gholdengo|atk|1
|move|p2b: Gholdengo|Protect|p2b: Gholdengo
|-singleturn|p2b: Gholdengo|Protect
|move|p1a: Gothitelle|Psychic|p2b: Gholdengo
|-activate|p2b: Gholdengo|move: Protect
|move|p2a: Rillaboom|Grassy Glide|p1b: Incineroar
|-resisted|p1b: Incineroar
|-damage|p1b: Incineroar|57/100
|
|upkeep
|turn|8
|
|t:|1757221450
|move|p1b: Incineroar|Fake Out|p2a: Rillaboom
|-damage|p2a: Rillaboom|66/100
|move|p1a: Gothitelle|Psychic|p2b: Gholdengo
|-damage|p2b: Gholdengo|0 fnt
|faint|p2b: Gholdengo
|cant|p2a: Rillaboom|flinch
|
|upkeep
|
|t:|1757221455
|switch|p2b: Arcanine|Arcanine-Hisui, L50, M|100/100
|-ability|p2b: Arcanine|Intimidate|boost
|-unboost|p1a: Gothitelle|atk|1
|-unboost|p1b: Incineroar|atk|1
|turn|9
|
|t:|1757221471
|move|p1a: Gothitelle|Protect|p1a: Gothitelle
|-singleturn|p1a: Gothitelle|Protect
|move|p1b: Incineroar|Knock Off|p2b: Arcanine
|-damage|p2b: Arcanine|70/100
|-enditem|p2b: Arcanine|Clear Amulet|[from] move: Knock Off|[of] p1b: Incineroar
|move|p2a: Rillaboom|Grassy Glide|p1b: Incineroar
|-resisted|p1b: Incineroar
|-damage|p1b: Incineroar|52/100
|move|p2b: Arcanine|Flare Blitz|p1a: Gothitelle
|-activate|p1a: Gothitelle|move: Protect
|
|upkeep
|turn|10
|inactive|CrazyyBoi has 30 seconds left.
|
|t:|1757221502
|switch|p1a: Primarina|Primarina, L50, F|100/100
|move|p1b: Incineroar|Parting Shot|p2a: Rillaboom
|-unboost|p2a: Rillaboom|atk|1
|-unboost|p2a: Rillaboom|spa|1
|
|t:|1757221508
|switch|p1b: Gothitelle|Gothitelle, L50, M, tera:Steel|73/100|[from] Parting Shot
|move|p2a: Rillaboom|High Horsepower|p1b: Gothitelle
|-supereffective|p1b: Gothitelle
|-damage|p1b: Gothitelle|55/100
|move|p2b: Arcanine|Flare Blitz|p1a: Primarina
|-resisted|p1a: Primarina
|-damage|p1a: Primarina|64/100
|-damage|p2b: Arcanine|57/100|[from] Recoil
|
|-fieldend|move: Trick Room
|upkeep
|turn|11
|inactive|CrazyyBoi has 30 seconds left.
|
|t:|1757221534
|move|p1b: Gothitelle|Fake Out|p2b: Arcanine
|-resisted|p2b: Arcanine
|-damage|p2b: Arcanine|54/100
|cant|p2b: Arcanine|flinch
|move|p2a: Rillaboom|Grassy Glide|p1a: Primarina
|-supereffective|p1a: Primarina
|-damage|p1a: Primarina|41/100
|move|p1a: Primarina|Hyper Voice|p2b: Arcanine|[spread] p2a,p2b
|-resisted|p2a: Rillaboom
|-supereffective|p2b: Arcanine
|-damage|p2a: Rillaboom|46/100
|-damage|p2b: Arcanine|0 fnt
|faint|p2b: Arcanine
|-damage|p1a: Primarina|32/100|[from] item: Life Orb
|
|upkeep
|
|t:|1757221543
|switch|p2b: Dragonite|Dragonite, L50, M, shiny|100/100
|turn|12
|
|t:|1757221556
|move|p1a: Primarina|Protect|p1a: Primarina
|-singleturn|p1a: Primarina|Protect
|move|p2a: Rillaboom|Grassy Glide|p1a: Primarina
|-activate|p1a: Primarina|move: Protect
|move|p2b: Dragonite|Scale Shot|p1b: Gothitelle
|-resisted|p1b: Gothitelle
|-damage|p1b: Gothitelle|47/100
|-resisted|p1b: Gothitelle
|-damage|p1b: Gothitelle|39/100
|-resisted|p1b: Gothitelle
|-damage|p1b: Gothitelle|32/100
|-resisted|p1b: Gothitelle
|-damage|p1b: Gothitelle|25/100
|-resisted|p1b: Gothitelle
|-damage|p1b: Gothitelle|19/100
|-hitcount|p1b: Gothitelle|5
|-unboost|p2b: Dragonite|def|1
|-boost|p2b: Dragonite|spe|1
|move|p1b: Gothitelle|Trick Room|p1b: Gothitelle
|-fieldstart|move: Trick Room|[of] p1b: Gothitelle
|
|upkeep
|turn|13
|
|t:|1757221572
|move|p1b: Gothitelle|Protect|p1b: Gothitelle
|-singleturn|p1b: Gothitelle|Protect
|move|p2b: Dragonite|Protect|p2b: Dragonite
|-singleturn|p2b: Dragonite|Protect
|move|p1a: Primarina|Perish Song|p1a: Primarina
|-start|p1a: Primarina|perish3|[silent]
|-start|p1b: Gothitelle|perish3|[silent]
|-start|p2a: Rillaboom|perish3|[silent]
|-start|p2b: Dragonite|perish3|[silent]
|-fieldactivate|move: Perish Song
|move|p2a: Rillaboom|Grassy Glide|p1a: Primarina
|-supereffective|p1a: Primarina
|-damage|p1a: Primarina|11/100
|
|-start|p1b: Gothitelle|perish3
|-start|p1a: Primarina|perish3
|-start|p2a: Rillaboom|perish3
|-start|p2b: Dragonite|perish3
|upkeep
|turn|14
|
|t:|1757221592
|switch|p1b: Incineroar|Incineroar, L50, F|52/100
|-ability|p1b: Incineroar|Intimidate|boost
|-unboost|p2a: Rillaboom|atk|1
|-unboost|p2b: Dragonite|atk|1
|move|p1a: Primarina|Protect|p1a: Primarina
|-singleturn|p1a: Primarina|Protect
|move|p2a: Rillaboom|Grassy Glide|p1a: Primarina
|-activate|p1a: Primarina|move: Protect
|move|p2b: Dragonite|Scale Shot|p1b: Incineroar
|-damage|p1b: Incineroar|44/100
|-damage|p1b: Incineroar|36/100
|-damage|p1b: Incineroar|28/100
|-damage|p1b: Incineroar|19/100
|-hitcount|p1b: Incineroar|4
|-unboost|p2b: Dragonite|def|1
|-boost|p2b: Dragonite|spe|1
|
|-start|p1a: Primarina|perish2
|-start|p2a: Rillaboom|perish2
|-start|p2b: Dragonite|perish2
|upkeep
|turn|15
|
|t:|1757221615
|switch|p1a: Gothitelle|Gothitelle, L50, M, tera:Steel|19/100
|move|p1b: Incineroar|Fake Out|p2b: Dragonite
|-crit|p2b: Dragonite
|-damage|p2b: Dragonite|83/100
|move|p2a: Rillaboom|Grassy Glide|p1a: Gothitelle
|-resisted|p1a: Gothitelle
|-damage|p1a: Gothitelle|15/100
|cant|p2b: Dragonite|flinch
|
|-start|p2a: Rillaboom|perish1
|-start|p2b: Dragonite|perish1
|upkeep
|turn|16
|
|t:|1757221629
|move|p1a: Gothitelle|Protect|p1a: Gothitelle
|-singleturn|p1a: Gothitelle|Protect
|move|p1b: Incineroar|Parting Shot|p2a: Rillaboom
|-unboost|p2a: Rillaboom|atk|1
|-unboost|p2a: Rillaboom|spa|1
|
|t:|1757221635
|switch|p1b: Primarina|Primarina, L50, F|11/100|[from] Parting Shot
|move|p2a: Rillaboom|High Horsepower|p1b: Primarina
|-damage|p1b: Primarina|2/100
|move|p2b: Dragonite|Scale Shot|p1a: Gothitelle
|-activate|p1a: Gothitelle|move: Protect
|
|-start|p2a: Rillaboom|perish0
|-start|p2b: Dragonite|perish0
|-fieldend|move: Trick Room
|faint|p2a: Rillaboom
|faint|p2b: Dragonite
|
|win|CrazyyBoi
||ArielsHusband is ready for game 3.
|inactive|CrazyyBoi has 30 seconds to confirm battle start!
