|j|☆ddx9000
|j|☆robby w
|html|ddx9000robby w    
|uhtml|bestof|Game 2 of a best-of-3
|t:|1756870767
|gametype|doubles
|player|p1|ddx9000|elesa|1187
|player|p2|robby w|pokefan-gen4|1162
|gen|9
|tier|[Gen 9] VGC 2025 Reg H (Bo3)
|rated|
|rule|Species Clause: Limit one of each Pokémon
|rule|Item Clause: Limit 1 of each item
|clearpoke
|poke|p1|Incineroar, L50, M|
|poke|p1|Porygon2, L50|
|poke|p1|Amoonguss, L50, F|
|poke|p1|Hydreigon, L50, F|
|poke|p1|Ursaluna, L50, F|
|poke|p1|Gholdengo, L50|
|poke|p2|Dondozo, L50, F|
|poke|p2|Tatsugiri, L50, F|
|poke|p2|Sneasler, L50, F|
|poke|p2|Whimsicott, L50, M|
|poke|p2|Indeedee, L50, M|
|poke|p2|Hydreigon, L50, F|
|teampreview|4
|showteam|p1|Incineroar||AssaultVest|Intimidate|FakeOut,Uturn,FlareBlitz,KnockOff|||M|||50|,,,,,Ghost]Porygon2||Eviolite|Download|TeraBlast,IceBeam,Recover,TrickRoom||||||50|,,,,,Fighting]Amoonguss||RockyHelmet|Regenerator|Spore,ClearSmog,RagePowder,PollenPuff|||F|||50|,,,,,Fairy]Hydreigon||SafetyGoggles|Levitate|Tailwind,Snarl,Protect,DracoMeteor|||F|||50|,,,,,Ghost]Ursaluna||FlameOrb|Guts|Protect,HeadlongRush,Earthquake,Facade|||F|||50|,,,,,Ghost]Gholdengo||LifeOrb|GoodasGold|Protect,NastyPlot,MakeItRain,ShadowBall||||||50|,,,,,Water
|showteam|p2|Dondozo||Leftovers|Unaware|Protect,WaveCrash,Earthquake,OrderUp|||F|||50|,,,,,Grass]Tatsugiri||ChoiceScarf|Commander|DragonPulse,IcyWind,DracoMeteor,MuddyWater|||F|||50|,,,,,Stellar]Sneasler||PsychicSeed|Unburden|DireClaw,CloseCombat,Protect,ThroatChop|||F|||50|,,,,,Dark]Whimsicott||CovertCloak|Prankster|Tailwind,Moonblast,Taunt,HelpingHand|||M|||50|,,,,,Dark]Indeedee||FocusSash|PsychicSurge|ExpandingForce,TrickRoom,DazzlingGleam,Protect|||M|||50|,,,,,Fairy]Hydreigon||LifeOrb|Levitate|DracoMeteor,Snarl,HeatWave,Protect|||F|||50|,,,,,Steel
|inactive|Battle timer is ON: inactive players will automatically lose when time's up. (requested by robby w)
|inactive|ddx9000 has 60 seconds left.
|
|t:|1756870842
|teamsize|p1|4
|teamsize|p2|4
|start
|switch|p1a: Incineroar|Incineroar, L50, M, shiny|100/100
|switch|p1b: Ursaluna|Ursaluna, L50, F|100/100
|switch|p2a: Dondozo|Dondozo, L50, F, shiny|100/100
|switch|p2b: Sneasler|Sneasler, L50, F|100/100
|-ability|p1a: Incineroar|Intimidate|boost
|-unboost|p2a: Dondozo|atk|1
|-unboost|p2b: Sneasler|atk|1
|turn|1
|inactive|ddx9000 has 30 seconds left.
|inactive|robby w has 30 seconds left.
|
|t:|1756870874
|switch|p2a: Indeedee|Indeedee, L50, M|100/100
|-fieldstart|move: Psychic Terrain|[from] ability: Psychic Surge|[of] p2a: Indeedee
|-enditem|p2b: Sneasler|Psychic Seed
|-boost|p2b: Sneasler|spd|1|[from] item: Psychic Seed
|move|p1a: Incineroar|Fake Out|p2a: Indeedee
|-activate|p2a: Indeedee|move: Psychic Terrain
|move|p2b: Sneasler|Close Combat|p1a: Incineroar
|-supereffective|p1a: Incineroar
|-damage|p1a: Incineroar|8/100
|-unboost|p2b: Sneasler|def|1
|-unboost|p2b: Sneasler|spd|1
|move|p1b: Ursaluna|Headlong Rush|p2b: Sneasler
|-supereffective|p2b: Sneasler
|-damage|p2b: Sneasler|0 fnt
|-unboost|p1b: Ursaluna|def|1
|-unboost|p1b: Ursaluna|spd|1
|faint|p2b: Sneasler
|
|-status|p1b: Ursaluna|brn|[from] item: Flame Orb
|upkeep
|
|t:|1756870894
|switch|p2b: Dondozo|Dondozo, L50, F, shiny|100/100
|turn|2
|
|t:|1756870918
|switch|p2a: Tatsugiri|Tatsugiri, L50, F|100/100
|-activate|p2a: Tatsugiri|ability: Commander|[of] p2b: Dondozo
|-boost|p2b: Dondozo|atk|2
|-boost|p2b: Dondozo|spa|2
|-boost|p2b: Dondozo|spe|2
|-boost|p2b: Dondozo|def|2
|-boost|p2b: Dondozo|spd|2
|move|p2b: Dondozo|Earthquake|p1a: Incineroar|[spread] p1a,p1b
|-miss|p2b: Dondozo|p2a: Tatsugiri
|-supereffective|p1a: Incineroar
|-damage|p1a: Incineroar|0 fnt
|-damage|p1b: Ursaluna|64/100 brn
|faint|p1a: Incineroar
|move|p1b: Ursaluna|Facade|p2b: Dondozo
|-damage|p2b: Dondozo|58/100
|
|-heal|p2b: Dondozo|64/100|[from] item: Leftovers
|-damage|p1b: Ursaluna|58/100 brn|[from] brn
|upkeep
|
|t:|1756870921
|switch|p1a: Amoonguss|Amoonguss, L50, F, shiny|100/100
|turn|3
|inactive|robby w has 30 seconds left.
|
|t:|1756870950
|switch|p1b: Porygon2|Porygon2, L50|100/100
|-ability|p1b: Porygon2|Download|boost
|-boost|p1b: Porygon2|spa|1
|-terastallize|p2b: Dondozo|Grass
|move|p2b: Dondozo|Order Up|p1a: Amoonguss
|-damage|p1a: Amoonguss|65/100
|-boost|p2b: Dondozo|atk|1
|move|p1a: Amoonguss|Clear Smog|p2b: Dondozo
|-supereffective|p2b: Dondozo
|-damage|p2b: Dondozo|47/100
|-clearboost|p2b: Dondozo
|
|-heal|p2b: Dondozo|54/100|[from] item: Leftovers
|upkeep
|turn|4
|
|t:|1756870971
|move|p2b: Dondozo|Wave Crash|p1b: Porygon2
|-damage|p1b: Porygon2|69/100
|-damage|p2b: Dondozo|45/100|[from] Recoil
|move|p1a: Amoonguss|Clear Smog|p2b: Dondozo
|-supereffective|p2b: Dondozo
|-damage|p2b: Dondozo|8/100
|-clearboost|p2b: Dondozo
|move|p1b: Porygon2|Trick Room|p1b: Porygon2
|-fieldstart|move: Trick Room|[of] p1b: Porygon2
|
|-heal|p2b: Dondozo|14/100|[from] item: Leftovers
|upkeep
|turn|5
|inactive|robby w has 30 seconds left.
|
|t:|1756870997
|switch|p1a: Ursaluna|Ursaluna, L50, F|58/100 brn
|move|p1b: Porygon2|Ice Beam|p2b: Dondozo
|-supereffective|p2b: Dondozo
|-damage|p2b: Dondozo|0 fnt
|faint|p2b: Dondozo
|
|-damage|p1a: Ursaluna|53/100 brn|[from] brn
|-fieldend|move: Psychic Terrain
|upkeep
|
|t:|1756871005
|switch|p2b: Indeedee|Indeedee, L50, M|100/100
|-fieldstart|move: Psychic Terrain|[from] ability: Psychic Surge|[of] p2b: Indeedee
|turn|6
|
|t:|1756871016
|move|p1b: Porygon2|Tera Blast|p2b: Indeedee
|-damage|p2b: Indeedee|22/100
|move|p1a: Ursaluna|Facade|p2a: Tatsugiri
|-damage|p2a: Tatsugiri|0 fnt
|faint|p2a: Tatsugiri
|move|p2b: Indeedee|Expanding Force|p1b: Porygon2|[spread] p1a,p1b
|-damage|p1a: Ursaluna|4/100 brn
|-damage|p1b: Porygon2|34/100
|
|-damage|p1a: Ursaluna|0 fnt|[from] brn
|faint|p1a: Ursaluna
|upkeep
|
|t:|1756871020
|switch|p1a: Amoonguss|Amoonguss, L50, F, shiny|98/100
|turn|7
|
|t:|1756871031
|move|p2b: Indeedee|Protect|p2b: Indeedee
|-singleturn|p2b: Indeedee|Protect
|move|p1a: Amoonguss|Spore|p2b: Indeedee
|-activate|p2b: Indeedee|move: Protect
|move|p1b: Porygon2|Recover|p1b: Porygon2
|-heal|p1b: Porygon2|84/100
|
|upkeep
|turn|8
|
|t:|1756871039
|move|p2b: Indeedee|Protect||[still]
|-fail|p2b: Indeedee
|move|p1a: Amoonguss|Spore|p2b: Indeedee
|-status|p2b: Indeedee|slp|[from] move: Spore
|move|p1b: Porygon2|Tera Blast|p2b: Indeedee
|-damage|p2b: Indeedee|0 fnt
|faint|p2b: Indeedee
|
|win|ddx9000
||robby w is ready for game 3.
||ddx9000 is ready for game 3.
|uhtml|next|Next: Game 3 of 3
|l|☆ddx9000
|player|p1|
|j|☆ddx9000
|player|p1|ddx9000|elesa|
