|j|☆KingCorba
|j|☆trompavieja
|html|KingCorbatrompavieja    
|uhtml|bestof|Game 1 of a best-of-3
|t:|1783005393
|gametype|doubles
|player|p1|KingCorba|266|1268
|player|p2|trompavieja|tate|1412
|gen|9
|tier|[Gen 9 Champions] VGC 2026 Reg M-B (Bo3)
|rated|
|rule|Species Clause: Limit one of each Pokémon
|rule|Item Clause: Limit 1 of each item
|clearpoke
|poke|p1|Pelipper, L50, M|
|poke|p1|Archaludon, L50, F|
|poke|p1|Basculegion, L50, M|
|poke|p1|Grimmsnarl, L50, M|
|poke|p1|Venusaur, L50, M|
|poke|p1|Raichu, L50, F|
|poke|p2|Farigiraf, L50, F|
|poke|p2|Kingambit, L50, F|
|poke|p2|Sylveon, L50, F|
|poke|p2|Charizard, L50, M|
|poke|p2|Garchomp, L50, M|
|poke|p2|Aerodactyl, L50, M|
|teampreview|4
|showteam|p1|Pelipper||FocusSash|Drizzle|Hurricane,WeatherBall,Tailwind,Protect|Modest||M|||50|]Archaludon||Leftovers|Stamina|ElectroShot,DragonPulse,FlashCannon,Protect|Modest||F|||50|]Basculegion||LifeOrb|SwiftSwim|Protect,WaveCrash,LastRespects,AquaJet|Adamant||M|||50|]Grimmsnarl||LightClay|Prankster|SpiritBreak,Reflect,LightScreen,PartingShot|Careful||M|||50|]Venusaur||Venusaurite|Chlorophyll|GigaDrain,SludgeBomb,EarthPower,Protect|Modest||M|||50|]Raichu||RaichuniteY|LightningRod|FocusBlast,ZapCannon,VoltSwitch,FakeOut|Timid||F|||50|
|showteam|p2|Farigiraf||SitrusBerry|ArmorTail|TwinBeam,Thunderbolt,TrickRoom,HelpingHand|Bold||F|||50|]Kingambit||FocusSash|Defiant|SuckerPunch,KowtowCleave,LowKick,IronHead|Adamant||F|||50|]Sylveon||FairyFeather|Pixilate|Detect,HyperVoice,QuickAttack,HyperBeam|Modest||F|||50|]Charizard||CharizarditeY|Blaze|HeatWave,SolarBeam,WeatherBall,Protect|Modest||M|||50|]Garchomp||LifeOrb|RoughSkin|StompingTantrum,Earthquake,DragonClaw,Protect|Jolly||M|||50|]Aerodactyl||Aerodactylite|Unnerve|Tailwind,DualWingbeat,RockSlide,IceFang|Jolly||M|||50|
|inactive|Battle timer is ON: inactive players will automatically lose when time's up. (requested by trompavieja)
|inactive|KingCorba has 60 seconds left.
|inactive|KingCorba has 30 seconds left.
|inactive|KingCorba has 20 seconds left.
|
|t:|1783005482
|teamsize|p1|4
|teamsize|p2|4
|start
|switch|p1a: Raichu|Raichu, L50, F|100/100
|switch|p1b: Pelipper|Pelipper, L50, M|100/100
|switch|p2a: Kingambit|Kingambit, L50, F|100/100
|switch|p2b: Farigiraf|Farigiraf, L50, F|100/100
|-weather|RainDance|[from] ability: Drizzle|[of] p1b: Pelipper
|turn|1
|inactive|KingCorba has 30 seconds left.
|inactive|KingCorba has 20 seconds left.
|inactive|trompavieja has 30 seconds left.
|inactive|trompavieja has 20 seconds left.
|inactive|trompavieja has 15 seconds left.
|
|t:|1783005534
|detailschange|p1a: Raichu|Raichu-Mega-Y, L50, F
|-mega|p1a: Raichu|Raichu|Raichunite Y
|move|p2a: Kingambit|Sucker Punch|p1a: Raichu
|-damage|p1a: Raichu|39/100
|move|p1a: Raichu|Zap Cannon|p2a: Kingambit
|-damage|p2a: Kingambit|33/100
|-status|p2a: Kingambit|par
|move|p1b: Pelipper|Weather Ball|p2a: Kingambit
|-damage|p2a: Kingambit|0 fnt
|faint|p2a: Kingambit
|move|p2b: Farigiraf|Twin Beam|p1a: Raichu
|-damage|p1a: Raichu|20/100r
|-damage|p1a: Raichu|0 fnt
|faint|p1a: Raichu
|-hitcount|p1: Raichu|2
|
|-weather|RainDance|[upkeep]
|upkeep
|inactive|KingCorba has 30 seconds left.
|
|t:|1783005559
|switch|p1a: Basculegion|Basculegion, L50, M|100/100
|switch|p2a: Charizard|Charizard, L50, M|100/100
|turn|2
|inactive|KingCorba has 30 seconds left.
|inactive|trompavieja has 30 seconds left.
|inactive|KingCorba has 20 seconds left.
|
|t:|1783005598
|detailschange|p2a: Charizard|Charizard-Mega-Y, L50, M
|-mega|p2a: Charizard|Charizard|Charizardite Y
|-weather|SunnyDay|[from] ability: Drought|[of] p2a: Charizard
|move|p1a: Basculegion|Protect|p1a: Basculegion
|-singleturn|p1a: Basculegion|Protect
|move|p2a: Charizard|Solar Beam||[still]
|-prepare|p2a: Charizard|Solar Beam
|-anim|p2a: Charizard|Solar Beam|p1a: Basculegion
|-activate|p1a: Basculegion|move: Protect
|move|p1b: Pelipper|Tailwind|p1b: Pelipper
|-sidestart|p1: KingCorba|move: Tailwind
|move|p2b: Farigiraf|Thunderbolt|p1b: Pelipper
|-supereffective|p1b: Pelipper|2
|-enditem|p1b: Pelipper|Focus Sash
|-damage|p1b: Pelipper|1/100
|
|-weather|SunnyDay|[upkeep]
|upkeep
|turn|3
|inactive|KingCorba has 30 seconds left.
|inactive|KingCorba has 20 seconds left.
|inactive|KingCorba has 15 seconds left.
|
|t:|1783005641
|switch|p1b: Archaludon|Archaludon, L50, F|100/100
|move|p2a: Charizard|Protect|p2a: Charizard
|-singleturn|p2a: Charizard|Protect
|move|p1a: Basculegion|Last Respects|p2a: Charizard
|-activate|p2a: Charizard|move: Protect
|move|p2b: Farigiraf|Trick Room|p2b: Farigiraf
|-fieldstart|move: Trick Room|[of] p2b: Farigiraf
|
|-weather|SunnyDay|[upkeep]
|upkeep
|turn|4
|inactive|KingCorba has 30 seconds left.
|inactive|KingCorba has 20 seconds left.
|inactive|KingCorba has 15 seconds left.
|inactive|KingCorba has 10 seconds left.
|
|t:|1783005687
|switch|p2a: Sylveon|Sylveon, L50, F|100/100
|move|p1a: Basculegion|Protect|p1a: Basculegion
|-singleturn|p1a: Basculegion|Protect
|move|p2b: Farigiraf|Thunderbolt|p1a: Basculegion
|-activate|p1a: Basculegion|move: Protect
|move|p1b: Archaludon|Dragon Pulse|p2b: Farigiraf
|-damage|p2b: Farigiraf|62/100
|
|-weather|SunnyDay|[upkeep]
|upkeep
|turn|5
|inactive|KingCorba has 30 seconds left.
|inactive|KingCorba has 20 seconds left.
|
|t:|1783005726
|move|p2b: Farigiraf|Thunderbolt|p1a: Basculegion
|-supereffective|p1a: Basculegion|1
|-damage|p1a: Basculegion|50/100g
|-status|p1a: Basculegion|par
|move|p2a: Sylveon|Hyper Voice|p1b: Archaludon|[spread] p1a,p1b
|-damage|p1a: Basculegion|0 fnt
|-damage|p1b: Archaludon|53/100
|-ability|p1b: Archaludon|Stamina|boost
|-boost|p1b: Archaludon|def|1
|faint|p1a: Basculegion
|move|p1b: Archaludon|Flash Cannon|p2a: Sylveon
|-supereffective|p2a: Sylveon|1
|-damage|p2a: Sylveon|39/100
|
|-weather|SunnyDay|[upkeep]
|-heal|p1b: Archaludon|59/100|[from] item: Leftovers
|-sideend|p1: KingCorba|move: Tailwind
|upkeep
|
|t:|1783005743
|switch|p1a: Pelipper|Pelipper, L50, M|1/100
|-weather|RainDance|[from] ability: Drizzle|[of] p1a: Pelipper
|turn|6
|-message|KingCorba forfeited.
|
|win|trompavieja
||KingCorba is ready for game 2.
||trompavieja is ready for game 2.
|uhtml|next|Next: Game 2 of 3
