|j|☆asiermii
|j|☆mrsuaaaaj
|html|asiermiimrsuaaaaj    
|uhtml|bestof|Game 2 of a best-of-3
|t:|1782552747
|gametype|doubles
|player|p1|asiermii|169|1108
|player|p2|mrsuaaaaj|1|1090
|gen|9
|tier|[Gen 9 Champions] VGC 2026 Reg M-B (Bo3)
|rated|
|rule|Species Clause: Limit one of each Pokémon
|rule|Item Clause: Limit 1 of each item
|clearpoke
|poke|p1|Sylveon, L50, F, shiny|
|poke|p1|Aerodactyl, L50, M|
|poke|p1|Metagross, L50, shiny|
|poke|p1|Sinistcha, L50|
|poke|p1|Incineroar, L50, F, shiny|
|poke|p1|Rotom-Wash, L50|
|poke|p2|Charizard, L50, M|
|poke|p2|Incineroar, L50, M|
|poke|p2|Farigiraf, L50, M|
|poke|p2|Sylveon, L50, F|
|poke|p2|Aerodactyl, L50, F|
|poke|p2|Venusaur, L50, F|
|teampreview|4
|showteam|p1|Sylveon||FairyFeather|Pixilate|HyperVoice,HyperBeam,QuickAttack,Detect|Modest||F|||50|]Aerodactyl||Aerodactylite|Unnerve|RockSlide,IceFang,Tailwind,WideGuard|Jolly||M|||50|]Metagross||Metagrossite|ClearBody|PsychicFangs,IronHead,BulletPunch,Protect|Adamant|||||50|]Sinistcha||KasibBerry|Hospitality|MatchaGotcha,RagePowder,StrengthSap,Protect|Bold|||||50|]Incineroar||SitrusBerry|Intimidate|FakeOut,FlareBlitz,PartingShot,ThroatChop|Careful||F|||50|]Rotom-Wash||Leftovers|Levitate|HydroPump,Thunderbolt,WillOWisp,Protect|Bold|||||50|
|showteam|p2|Charizard||CharizarditeY|Blaze|Protect,HeatWave,SolarBeam,WeatherBall|Timid||M|||50|]Incineroar||PasshoBerry|Intimidate|FakeOut,FlareBlitz,DarkestLariat,PartingShot|Careful||M|||50|]Farigiraf||SitrusBerry|ArmorTail|Psychic,Thunderbolt,Roar,TrickRoom|Bold||M|||50|]Sylveon||FairyFeather|Pixilate|Detect,HyperVoice,HyperBeam,QuickAttack|Modest||F|||50|]Aerodactyl||FocusSash|Unnerve|Protect,RockSlide,IceFang,Tailwind|Jolly||F|||50|]Venusaur||LifeOrb|Chlorophyll|Protect,GigaDrain,SludgeBomb,EarthPower|Modest||F|||50|
|inactive|Battle timer is ON: inactive players will automatically lose when time's up. (requested by asiermii)
|inactive|asiermii has 60 seconds left.
|inactive|mrsuaaaaj has 60 seconds left.
|
|t:|1782552785
|teamsize|p1|4
|teamsize|p2|4
|start
|switch|p1a: Rotom|Rotom-Wash, L50|100/100
|switch|p1b: Metagross|Metagross, L50, shiny|100/100
|switch|p2a: Aerodactyl|Aerodactyl, L50, F|100/100
|switch|p2b: Incineroar|Incineroar, L50, M|100/100
|-ability|p2a: Aerodactyl|Unnerve
|-ability|p2b: Incineroar|Intimidate|boost
|-unboost|p1a: Rotom|atk|1
|-fail|p1b: Metagross|unboost|[from] ability: Clear Body|[of] p1b: Metagross
|turn|1
|inactive|mrsuaaaaj has 30 seconds left.
|inactive|asiermii has 30 seconds left.
|inactive|mrsuaaaaj has 20 seconds left.
|
|t:|1782552823
|detailschange|p1b: Metagross|Metagross-Mega, L50, shiny
|-mega|p1b: Metagross|Metagross|Metagrossite
|move|p2a: Aerodactyl|Rock Slide|p1a: Rotom|[spread] p1a
|-miss|p2a: Aerodactyl|p1b: Metagross
|-damage|p1a: Rotom|78/100
|move|p1b: Metagross|Iron Head|p2a: Aerodactyl
|-supereffective|p2a: Aerodactyl|1
|-enditem|p2a: Aerodactyl|Focus Sash
|-damage|p2a: Aerodactyl|1/100
|move|p1a: Rotom|Hydro Pump|p2a: Aerodactyl
|-supereffective|p2a: Aerodactyl|1
|-damage|p2a: Aerodactyl|0 fnt
|faint|p2a: Aerodactyl
|move|p2b: Incineroar|Parting Shot|p1a: Rotom
|-unboost|p1a: Rotom|atk|1
|-unboost|p1a: Rotom|spa|1
|
|t:|1782552840
|switch|p2b: Charizard|Charizard, L50, M|100/100|[from] Parting Shot
|
|-heal|p1a: Rotom|84/100|[from] item: Leftovers
|upkeep
|
|t:|1782552851
|switch|p2a: Farigiraf|Farigiraf, L50, M|100/100
|turn|2
|inactive|mrsuaaaaj has 30 seconds left.
|inactive|mrsuaaaaj has 20 seconds left.
|inactive|mrsuaaaaj has 15 seconds left.
|inactive|mrsuaaaaj has 10 seconds left.
|
|t:|1782552897
|switch|p1a: Incineroar|Incineroar, L50, F, shiny|100/100
|-ability|p1a: Incineroar|Intimidate|boost
|-unboost|p2a: Farigiraf|atk|1
|-unboost|p2b: Charizard|atk|1
|detailschange|p2b: Charizard|Charizard-Mega-Y, L50, M
|-mega|p2b: Charizard|Charizard|Charizardite Y
|-weather|SunnyDay|[from] ability: Drought|[of] p2b: Charizard
|move|p1b: Metagross|Iron Head|p2a: Farigiraf
|-damage|p2a: Farigiraf|52/100
|move|p2b: Charizard|Weather Ball|p1b: Metagross
|-supereffective|p1b: Metagross|1
|-damage|p1b: Metagross|0 fnt
|faint|p1b: Metagross
|move|p2a: Farigiraf|Thunderbolt|p1a: Incineroar
|-damage|p1a: Incineroar|80/100
|
|-weather|SunnyDay|[upkeep]
|upkeep
|
|t:|1782552918
|switch|p1b: Rotom|Rotom-Wash, L50|84/100
|turn|3
|
|t:|1782552942
|switch|p2a: Incineroar|Incineroar, L50, M|100/100
|-ability|p2a: Incineroar|Intimidate|boost
|-unboost|p1a: Incineroar|atk|1
|-unboost|p1b: Rotom|atk|1
|move|p1b: Rotom|Protect|p1b: Rotom
|-singleturn|p1b: Rotom|Protect
|move|p2b: Charizard|Solar Beam||[still]
|-prepare|p2b: Charizard|Solar Beam
|-anim|p2b: Charizard|Solar Beam|p1b: Rotom
|-activate|p1b: Rotom|move: Protect
|move|p1a: Incineroar|Throat Chop|p2a: Incineroar
|-resisted|p2a: Incineroar|1
|-damage|p2a: Incineroar|91/100
|-start|p2a: Incineroar|Throat Chop|[silent]
|
|-weather|SunnyDay|[upkeep]
|-heal|p1b: Rotom|90/100|[from] item: Leftovers
|upkeep
|turn|4
|inactive|mrsuaaaaj has 30 seconds left.
|
|t:|1782552968
|switch|p1b: Sinistcha|Sinistcha, L50|100/100
|-heal|p1a: Incineroar|100/100|[from] ability: Hospitality|[of] p1b: Sinistcha
|move|p2b: Charizard|Solar Beam||[still]
|-prepare|p2b: Charizard|Solar Beam
|-anim|p2b: Charizard|Solar Beam|p1b: Sinistcha
|-resisted|p1b: Sinistcha|1
|-damage|p1b: Sinistcha|73/100
|move|p2a: Incineroar|Flare Blitz|p1b: Sinistcha
|-supereffective|p1b: Sinistcha|1
|-damage|p1b: Sinistcha|0 fnt
|faint|p1b: Sinistcha
|-damage|p2a: Incineroar|70/100|[from] Recoil
|move|p1a: Incineroar|Parting Shot|p2b: Charizard
|-unboost|p2b: Charizard|atk|1
|-unboost|p2b: Charizard|spa|1
|
|t:|1782552982
|switch|p1a: Rotom|Rotom-Wash, L50|90/100|[from] Parting Shot
|
|-weather|SunnyDay|[upkeep]
|-heal|p1a: Rotom|96/100|[from] item: Leftovers
|-end|p2a: Incineroar|Throat Chop|[silent]
|upkeep
|
|t:|1782552986
|switch|p1b: Incineroar|Incineroar, L50, F, shiny|100/100
|-ability|p1b: Incineroar|Intimidate|boost
|-unboost|p2a: Incineroar|atk|1
|-unboost|p2b: Charizard|atk|1
|turn|5
|inactive|mrsuaaaaj has 30 seconds left.
|
|t:|1782553012
|move|p2b: Charizard|Protect|p2b: Charizard
|-singleturn|p2b: Charizard|Protect
|move|p1b: Incineroar|Fake Out|p2a: Incineroar
|-damage|p2a: Incineroar|60/100
|move|p1a: Rotom|Hydro Pump|p2a: Incineroar|[miss]
|-miss|p1a: Rotom|p2a: Incineroar
|cant|p2a: Incineroar|flinch
|
|-weather|SunnyDay|[upkeep]
|-heal|p1a: Rotom|100/100|[from] item: Leftovers
|upkeep
|turn|6
|inactive|mrsuaaaaj has 30 seconds left.
|
|t:|1782553039
|move|p1a: Rotom|Protect|p1a: Rotom
|-singleturn|p1a: Rotom|Protect
|move|p2b: Charizard|Solar Beam||[still]
|-prepare|p2b: Charizard|Solar Beam
|-anim|p2b: Charizard|Solar Beam|p1a: Rotom
|-activate|p1a: Rotom|move: Protect
|move|p2a: Incineroar|Parting Shot|p1a: Rotom
|-activate|p1a: Rotom|move: Protect
|move|p1b: Incineroar|Parting Shot|p2b: Charizard
|-unboost|p2b: Charizard|atk|1
|-unboost|p2b: Charizard|spa|1
|
|-weather|none
|upkeep
|turn|7
|
|t:|1782553054
|switch|p2b: Farigiraf|Farigiraf, L50, M|52/100
|move|p1a: Rotom|Hydro Pump|p2a: Incineroar
|-supereffective|p2a: Incineroar|1
|-crit|p2a: Incineroar
|-enditem|p2a: Incineroar|Passho Berry|[eat]
|-enditem|p2a: Incineroar|Passho Berry|[weaken]
|-damage|p2a: Incineroar|9/100
|move|p2a: Incineroar|Parting Shot|p1a: Rotom
|-unboost|p1a: Rotom|atk|1
|-unboost|p1a: Rotom|spa|1
|
|t:|1782553064
|switch|p2a: Charizard|Charizard-Mega-Y, L50, M|100/100|[from] Parting Shot
|-weather|SunnyDay|[from] ability: Drought|[of] p2a: Charizard
|move|p1b: Incineroar|Throat Chop|p2b: Farigiraf
|-supereffective|p2b: Farigiraf|1
|-damage|p2b: Farigiraf|7/100
|-start|p2b: Farigiraf|Throat Chop|[silent]
|-enditem|p2b: Farigiraf|Sitrus Berry|[eat]
|-heal|p2b: Farigiraf|31/100|[from] item: Sitrus Berry
|
|-weather|SunnyDay|[upkeep]
|upkeep
|turn|8
|inactive|mrsuaaaaj has 30 seconds left.
|
|t:|1782553089
|switch|p2b: Incineroar|Incineroar, L50, M|9/100
|-ability|p2b: Incineroar|Intimidate|boost
|-unboost|p1a: Rotom|atk|1
|-unboost|p1b: Incineroar|atk|1
|move|p2a: Charizard|Protect|p2a: Charizard
|-singleturn|p2a: Charizard|Protect
|move|p1a: Rotom|Protect|p1a: Rotom
|-singleturn|p1a: Rotom|Protect
|move|p1b: Incineroar|Parting Shot|p2a: Charizard
|-activate|p2a: Charizard|move: Protect
|
|-weather|SunnyDay|[upkeep]
|upkeep
|turn|9
|inactive|asiermii has 30 seconds left.
|inactive|mrsuaaaaj has 30 seconds left.
|
|t:|1782553121
|move|p1a: Rotom|Protect||[still]
|-fail|p1a: Rotom
|move|p2a: Charizard|Solar Beam||[still]
|-prepare|p2a: Charizard|Solar Beam
|-anim|p2a: Charizard|Solar Beam|p1a: Rotom
|-supereffective|p1a: Rotom|1
|-damage|p1a: Rotom|9/100
|move|p2b: Incineroar|Parting Shot|p1b: Incineroar
|-unboost|p1b: Incineroar|atk|1
|-unboost|p1b: Incineroar|spa|1
|
|t:|1782553129
|switch|p2b: Farigiraf|Farigiraf, L50, M|31/100|[from] Parting Shot
|move|p1b: Incineroar|Parting Shot|p2a: Charizard
|-unboost|p2a: Charizard|atk|1
|-unboost|p2a: Charizard|spa|1
|
|-weather|SunnyDay|[upkeep]
|-heal|p1a: Rotom|15/100|[from] item: Leftovers
|upkeep
|turn|10
|
|t:|1782553145
|switch|p2a: Incineroar|Incineroar, L50, M|9/100
|-ability|p2a: Incineroar|Intimidate|boost
|-unboost|p1a: Rotom|atk|1
|-unboost|p1b: Incineroar|atk|1
|move|p1a: Rotom|Thunderbolt|p2a: Incineroar
|-damage|p2a: Incineroar|0 fnt
|faint|p2a: Incineroar
|move|p1b: Incineroar|Throat Chop|p2b: Farigiraf
|-supereffective|p2b: Farigiraf|1
|-damage|p2b: Farigiraf|12/100
|-start|p2b: Farigiraf|Throat Chop|[silent]
|move|p2b: Farigiraf|Psychic|p1a: Rotom
|-damage|p1a: Rotom|0 fnt
|faint|p1a: Rotom
|
|-weather|SunnyDay|[upkeep]
|upkeep
|
|t:|1782553159
|switch|p2a: Charizard|Charizard-Mega-Y, L50, M|100/100
|turn|11
|
|t:|1782553171
|move|p2a: Charizard|Weather Ball|p1b: Incineroar
|-resisted|p1b: Incineroar|1
|-damage|p1b: Incineroar|68/100
|move|p1b: Incineroar|Throat Chop|p2a: Charizard
|-damage|p2a: Charizard|84/100
|-start|p2a: Charizard|Throat Chop|[silent]
|move|p2b: Farigiraf|Thunderbolt|p1b: Incineroar
|-damage|p1b: Incineroar|51/100
|
|-weather|none
|-end|p2b: Farigiraf|Throat Chop|[silent]
|upkeep
|turn|12
|
|t:|1782553187
|move|p2a: Charizard|Heat Wave|p1b: Incineroar
|-resisted|p1b: Incineroar|1
|-damage|p1b: Incineroar|31/100
|-enditem|p1b: Incineroar|Sitrus Berry|[eat]
|-heal|p1b: Incineroar|56/100|[from] item: Sitrus Berry
|move|p1b: Incineroar|Throat Chop|p2b: Farigiraf
|-supereffective|p2b: Farigiraf|1
|-damage|p2b: Farigiraf|0 fnt
|faint|p2b: Farigiraf
|
|-end|p2a: Charizard|Throat Chop|[silent]
|upkeep
|turn|13
|
|t:|1782553198
|move|p2a: Charizard|Heat Wave|p1b: Incineroar
|-resisted|p1b: Incineroar|1
|-damage|p1b: Incineroar|33/100
|move|p1b: Incineroar|Throat Chop|p2a: Charizard
|-damage|p2a: Charizard|68/100
|-start|p2a: Charizard|Throat Chop|[silent]
|
|upkeep
|turn|14
|
|t:|1782553205
|move|p2a: Charizard|Heat Wave|p1b: Incineroar|[miss]
|-miss|p2a: Charizard|p1b: Incineroar
|move|p1b: Incineroar|Throat Chop|p2a: Charizard
|-damage|p2a: Charizard|54/100
|
|-end|p2a: Charizard|Throat Chop|[silent]
|upkeep
|turn|15
|
|t:|1782553211
|move|p2a: Charizard|Heat Wave|p1b: Incineroar
|-resisted|p1b: Incineroar|1
|-damage|p1b: Incineroar|12/100
|move|p1b: Incineroar|Throat Chop|p2a: Charizard
|-damage|p2a: Charizard|38/100
|-start|p2a: Charizard|Throat Chop|[silent]
|
|upkeep
|turn|16
|
|t:|1782553217
|move|p2a: Charizard|Heat Wave|p1b: Incineroar
|-resisted|p1b: Incineroar|1
|-damage|p1b: Incineroar|0 fnt
|faint|p1b: Incineroar
|
|win|mrsuaaaaj
||asiermii is ready for game 3.
||mrsuaaaaj is ready for game 3.
|uhtml|next|Next: Game 3 of 3
|l|☆asiermii
|player|p1|
