|j|☆Prepucio Santos
|j|☆HopsVGC
|html|Prepucio SantosHopsVGC    
|uhtml|bestof|Game 2 of a best-of-3
|t:|1784635121
|gametype|doubles
|player|p1|Prepucio Santos|striker|1262
|player|p2|HopsVGC|102|1259
|gen|9
|tier|[Gen 9 Champions] VGC 2026 Reg M-B (Bo3)
|rated|
|rule|Species Clause: Limit one of each Pokémon
|rule|Item Clause: Limit 1 of each item
|clearpoke
|poke|p1|Incineroar, L50, F|
|poke|p1|Maushold, L50|
|poke|p1|Sinistcha, L50|
|poke|p1|Sneasler, L50, M|
|poke|p1|Blastoise, L50, F|
|poke|p1|Delphox, L50, F|
|poke|p2|Venusaur, L50, M, shiny|
|poke|p2|Raichu, L50, M|
|poke|p2|Pelipper, L50, M|
|poke|p2|Grimmsnarl, L50, M|
|poke|p2|Archaludon, L50, F|
|poke|p2|Sinistcha, L50|
|teampreview|4
|showteam|p1|Incineroar||SitrusBerry|Intimidate|FakeOut,FlareBlitz,ThroatChop,PartingShot|Impish||F|||50|]Maushold||ChopleBerry|FriendGuard|SuperFang,Feint,FollowMe,Protect|Impish|||||50|]Sinistcha||KasibBerry|Hospitality|MatchaGotcha,LifeDew,RagePowder,TrickRoom|Bold|||||50|]Sneasler||FocusSash|PoisonTouch|FakeOut,CloseCombat,DireClaw,QuickGuard|Jolly||M|||50|]Blastoise||Blastoisinite|RainDish|WaterSpout,DarkPulse,ShellSmash,Protect|Modest||F|||50|]Delphox||Delphoxite|Blaze|HeatWave,Psyshock,NastyPlot,Protect|Timid||F|||50|
|showteam|p2|Venusaur||Venusaurite|Chlorophyll|SludgeBomb,EarthPower,LeechSeed,Protect|Modest||M|||50|]Raichu||RaichuniteY|LightningRod|ZapCannon,DazzlingGleam,FakeOut,Protect|Hasty||M|||50|]Pelipper||FocusSash|Drizzle|WeatherBall,Hurricane,Tailwind,Protect|Timid||M|||50|]Grimmsnarl||LightClay|Prankster|SpiritBreak,Reflect,LightScreen,PartingShot|Careful||M|||50|]Archaludon||Leftovers|Stamina|ElectroShot,FlashCannon,AuraSphere,Protect|Bold||F|||50|]Sinistcha||SitrusBerry|Hospitality|MatchaGotcha,RagePowder,TrickRoom,LifeDew|Relaxed|||||50|
|inactive|Battle timer is ON: inactive players will automatically lose when time's up. (requested by HopsVGC)
|
|t:|1784635190
|teamsize|p1|4
|teamsize|p2|4
|start
|switch|p1a: Maushold|Maushold, L50|100/100
|switch|p1b: Blastoise|Blastoise, L50, F|100/100
|switch|p2a: Raichu|Raichu, L50, M|100/100
|switch|p2b: Sinistcha|Sinistcha, L50|100/100
|turn|1
|inactive|Prepucio Santos has 30 seconds left.
|
|t:|1784635217
|switch|p1b: Sinistcha|Sinistcha, L50|100/100
|detailschange|p2a: Raichu|Raichu-Mega-Y, L50, M
|-mega|p2a: Raichu|Raichu|Raichunite Y
|move|p2a: Raichu|Fake Out|p1b: Sinistcha
|-immune|p1b: Sinistcha
|move|p1a: Maushold|Super Fang|p2a: Raichu
|-damage|p2a: Raichu|50/100g
|move|p2b: Sinistcha|Matcha Gotcha|p1a: Maushold|[spread] p1a,p1b
|-resisted|p1b: Sinistcha|1
|-damage|p1a: Maushold|75/100
|-damage|p1b: Sinistcha|91/100
|
|upkeep
|turn|2
|
|t:|1784635241
|move|p2a: Raichu|Zap Cannon|p1b: Sinistcha
|-resisted|p1b: Sinistcha|1
|-damage|p1b: Sinistcha|64/100
|-status|p1b: Sinistcha|par
|move|p1a: Maushold|Super Fang|p2a: Raichu
|-damage|p2a: Raichu|25/100
|move|p2b: Sinistcha|Matcha Gotcha|p1b: Sinistcha|[spread] p1a,p1b
|-resisted|p1b: Sinistcha|1
|-damage|p1a: Maushold|48/100
|-damage|p1b: Sinistcha|56/100 par
|move|p1b: Sinistcha|Matcha Gotcha|p2a: Raichu|[spread] p2a
|-miss|p1b: Sinistcha|p2b: Sinistcha
|-damage|p2a: Raichu|0 fnt
|-heal|p1b: Sinistcha|65/100 par|[from] drain|[of] p2a: Raichu
|faint|p2a: Raichu
|
|upkeep
|
|t:|1784635255
|switch|p2a: Archaludon|Archaludon, L50, F|100/100
|turn|3
|
|t:|1784635273
|move|p1a: Maushold|Super Fang|p2a: Archaludon
|-damage|p2a: Archaludon|50/100g
|-ability|p2a: Archaludon|Stamina|boost
|-boost|p2a: Archaludon|def|1
|move|p2a: Archaludon|Electro Shot||[still]
|-prepare|p2a: Archaludon|Electro Shot
|-boost|p2a: Archaludon|spa|1
|move|p1b: Sinistcha|Matcha Gotcha|p2a: Archaludon|[spread] p2a,p2b
|-resisted|p2a: Archaludon|2
|-resisted|p2b: Sinistcha|1
|-crit|p2b: Sinistcha
|-damage|p2a: Archaludon|45/100
|-heal|p1b: Sinistcha|68/100 par|[from] drain|[of] p2a: Archaludon
|-damage|p2b: Sinistcha|79/100
|-heal|p1b: Sinistcha|78/100 par|[from] drain|[of] p2b: Sinistcha
|-status|p2a: Archaludon|brn
|-ability|p2a: Archaludon|Stamina|boost
|-boost|p2a: Archaludon|def|1
|move|p2b: Sinistcha|Trick Room|p2b: Sinistcha
|-fieldstart|move: Trick Room|[of] p2b: Sinistcha
|
|-heal|p2a: Archaludon|51/100 brn|[from] item: Leftovers
|-damage|p2a: Archaludon|45/100 brn|[from] brn
|upkeep
|turn|4
|
|t:|1784635298
|move|p1b: Sinistcha|Rage Powder|p1b: Sinistcha
|-singleturn|p1b: Sinistcha|move: Rage Powder
|move|p2b: Sinistcha|Life Dew|p2b: Sinistcha|[spread] p2a,p2b
|-heal|p2a: Archaludon|70/100 brn
|-heal|p2b: Sinistcha|100/100
|move|p2a: Archaludon|Electro Shot|p1b: Sinistcha|[from] lockedmove
|-resisted|p1b: Sinistcha|1
|-damage|p1b: Sinistcha|58/100 par
|move|p1a: Maushold|Super Fang|p2a: Archaludon
|-damage|p2a: Archaludon|35/100 brn
|-ability|p2a: Archaludon|Stamina|boost
|-boost|p2a: Archaludon|def|1
|
|-heal|p2a: Archaludon|41/100 brn|[from] item: Leftovers
|-damage|p2a: Archaludon|35/100 brn|[from] brn
|upkeep
|turn|5
|
|t:|1784635318
|move|p1b: Sinistcha|Rage Powder|p1b: Sinistcha
|-singleturn|p1b: Sinistcha|move: Rage Powder
|move|p2b: Sinistcha|Rage Powder|p2b: Sinistcha
|-singleturn|p2b: Sinistcha|move: Rage Powder
|move|p2a: Archaludon|Electro Shot||[still]
|-prepare|p2a: Archaludon|Electro Shot
|-boost|p2a: Archaludon|spa|1
|move|p1a: Maushold|Super Fang|p2b: Sinistcha
|-immune|p2b: Sinistcha
|
|-heal|p2a: Archaludon|41/100 brn|[from] item: Leftovers
|-damage|p2a: Archaludon|35/100 brn|[from] brn
|upkeep
|turn|6
|
|t:|1784635330
|switch|p2b: Pelipper|Pelipper, L50, M|100/100
|-weather|RainDance|[from] ability: Drizzle|[of] p2b: Pelipper
|switch|p1a: Blastoise|Blastoise, L50, F|100/100
|move|p1b: Sinistcha|Rage Powder|p1b: Sinistcha
|-singleturn|p1b: Sinistcha|move: Rage Powder
|move|p2a: Archaludon|Electro Shot|p1b: Sinistcha|[from] lockedmove
|-resisted|p1b: Sinistcha|1
|-damage|p1b: Sinistcha|21/100 par
|
|-weather|RainDance|[upkeep]
|-heal|p2a: Archaludon|41/100 brn|[from] item: Leftovers
|-damage|p2a: Archaludon|35/100 brn|[from] brn
|upkeep
|turn|7
|
|t:|1784635348
|detailschange|p1a: Blastoise|Blastoise-Mega, L50, F
|-mega|p1a: Blastoise|Blastoise|Blastoisinite
|move|p1b: Sinistcha|Rage Powder|p1b: Sinistcha
|-singleturn|p1b: Sinistcha|move: Rage Powder
|move|p2a: Archaludon|Electro Shot||[still]
|-prepare|p2a: Archaludon|Electro Shot
|-boost|p2a: Archaludon|spa|1
|-anim|p2a: Archaludon|Electro Shot|p1b: Sinistcha
|-resisted|p1b: Sinistcha|1
|-damage|p1b: Sinistcha|0 fnt
|faint|p1b: Sinistcha
|move|p2b: Pelipper|Hurricane|p1a: Blastoise
|-damage|p1a: Blastoise|48/100
|move|p1a: Blastoise|Dark Pulse|p2a: Archaludon
|-damage|p2a: Archaludon|0 fnt
|faint|p2a: Archaludon
|
|-weather|RainDance|[upkeep]
|-fieldend|move: Trick Room
|upkeep
|
|t:|1784635362
|switch|p2a: Sinistcha|Sinistcha, L50|100/100
|switch|p1b: Sneasler|Sneasler, L50, M|100/100
|turn|8
|
|t:|1784635368
|move|p2b: Pelipper|Protect|p2b: Pelipper
|-singleturn|p2b: Pelipper|Protect
|move|p1b: Sneasler|Fake Out|p2b: Pelipper
|-activate|p2b: Pelipper|move: Protect
|move|p1a: Blastoise|Dark Pulse|p2a: Sinistcha
|-supereffective|p2a: Sinistcha|1
|-damage|p2a: Sinistcha|0 fnt
|faint|p2a: Sinistcha
|
|-weather|RainDance|[upkeep]
|upkeep
|turn|9
|
|t:|1784635375
|move|p1b: Sneasler|Dire Claw|p2b: Pelipper
|-damage|p2b: Pelipper|40/100
|move|p1a: Blastoise|Dark Pulse|p2b: Pelipper
|-damage|p2b: Pelipper|0 fnt
|faint|p2b: Pelipper
|
|win|Prepucio Santos
