|j|☆NON CRITTARMI BRO
|j|☆Keith Jones
|html|NON CRITTARMI BROKeith Jones    
|uhtml|bestof|Game 3 of a best-of-3
|t:|1783590835
|gametype|doubles
|player|p1|NON CRITTARMI BRO|1|1297
|player|p2|Keith Jones|benga|1398
|gen|9
|tier|[Gen 9 Champions] VGC 2026 Reg M-B (Bo3)
|rated|
|rule|Species Clause: Limit one of each Pokémon
|rule|Item Clause: Limit 1 of each item
|clearpoke
|poke|p1|Kingambit, L50, F|
|poke|p1|Charizard, L50, M|
|poke|p1|Aerodactyl, L50, M|
|poke|p1|Farigiraf, L50, M|
|poke|p1|Garchomp, L50, F|
|poke|p1|Sylveon, L50, F|
|poke|p2|Aegislash, L50, M|
|poke|p2|Hydreigon, L50, M|
|poke|p2|Meowscarada, L50, M|
|poke|p2|Aerodactyl, L50, F|
|poke|p2|Lopunny, L50, M|
|poke|p2|Volcarona, L50, M|
|teampreview|4
|showteam|p1|Kingambit||FocusSash|Defiant|KowtowCleave,IronHead,SuckerPunch,LowKick|Adamant||F|||50|]Charizard||CharizarditeY|Blaze|HeatWave,SolarBeam,WeatherBall,Protect|Modest||M|||50|]Aerodactyl||Aerodactylite|Unnerve|RockSlide,DualWingbeat,IceFang,Tailwind|Jolly||M|||50|]Farigiraf||SitrusBerry|ArmorTail|Psychic,Thunderbolt,TrickRoom,Roar|Bold||M|||50|]Garchomp||LifeOrb|RoughSkin|Earthquake,DragonClaw,StompingTantrum,Protect|Jolly||F|||50|]Sylveon||FairyFeather|Pixilate|HyperVoice,HyperBeam,QuickAttack,Protect|Modest||F|||50|
|showteam|p2|Aegislash||SpellTag|StanceChange|Poltergeist,ShadowSneak,CloseCombat,KingsShield|Adamant||M|||50|]Hydreigon||ChoiceScarf|Levitate|DracoMeteor,DarkPulse,Snarl,EarthPower|Modest||M|||50|]Meowscarada||LifeOrb|Overgrow|FlowerTrick,KnockOff,SuckerPunch,Protect|Jolly||M|||50|]Aerodactyl||FocusSash|Unnerve|RockSlide,DualWingbeat,Tailwind,Protect|Jolly||F|||50|]Lopunny||Lopunnite|CuteCharm|CloseCombat,GigaImpact,Encore,FakeOut|Jolly||M|||50|]Volcarona||PasshoBerry|FlameBody|FieryDance,WillOWisp,Tailwind,RagePowder|Bold||M|||50|
|
|t:|1783590861
|teamsize|p1|4
|teamsize|p2|4
|start
|switch|p1a: Aerodactyl|Aerodactyl, L50, M|100/100
|switch|p1b: Garchomp|Garchomp, L50, F|100/100
|switch|p2a: Aegislash|Aegislash, L50, M|100/100
|switch|p2b: Aerodactyl|Aerodactyl, L50, F|100/100
|-ability|p2b: Aerodactyl|Unnerve
|-ability|p1a: Aerodactyl|Unnerve
|turn|1
|
|t:|1783590880
|detailschange|p1a: Aerodactyl|Aerodactyl-Mega, L50, M
|-mega|p1a: Aerodactyl|Aerodactyl|Aerodactylite
|move|p1a: Aerodactyl|Rock Slide|p2b: Aerodactyl|[spread] p2a
|-miss|p1a: Aerodactyl|p2b: Aerodactyl
|-resisted|p2a: Aegislash|1
|-damage|p2a: Aegislash|88/100
|move|p2b: Aerodactyl|Tailwind|p2b: Aerodactyl
|-sidestart|p2: Keith Jones|move: Tailwind
|-formechange|p2a: Aegislash|Aegislash-Blade|
|move|p2a: Aegislash|Poltergeist|p1a: Aerodactyl
|-activate|p1a: Aerodactyl|move: Poltergeist|Aerodactylite
|-damage|p1a: Aerodactyl|17/100
|move|p1b: Garchomp|Earthquake|p2b: Aerodactyl|[spread] p2a
|-immune|p1a: Aerodactyl
|-immune|p2b: Aerodactyl
|-supereffective|p2a: Aegislash|1
|-damage|p2a: Aegislash|0 fnt
|faint|p2a: Aegislash
|-damage|p1b: Garchomp|90/100|[from] item: Life Orb
|
|upkeep
|
|t:|1783590894
|switch|p2a: Meowscarada|Meowscarada, L50, M|100/100
|turn|2
|
|t:|1783590908
|switch|p1a: Sylveon|Sylveon, L50, F|100/100
|move|p1b: Garchomp|Protect|p1b: Garchomp
|-singleturn|p1b: Garchomp|Protect
|move|p2b: Aerodactyl|Rock Slide|p1b: Garchomp|[spread] p1a
|-activate|p1b: Garchomp|move: Protect
|-damage|p1a: Sylveon|72/100
|move|p2a: Meowscarada|Knock Off|p1b: Garchomp
|-activate|p1b: Garchomp|move: Protect
|
|upkeep
|turn|3
|
|t:|1783590921
|switch|p1b: Kingambit|Kingambit, L50, F|100/100
|move|p1a: Sylveon|Protect|p1a: Sylveon
|-singleturn|p1a: Sylveon|Protect
|move|p2b: Aerodactyl|Rock Slide|p1a: Sylveon|[spread] p1b
|-activate|p1a: Sylveon|move: Protect
|-resisted|p1b: Kingambit|1
|-crit|p1b: Kingambit
|-damage|p1b: Kingambit|84/100
|move|p2a: Meowscarada|Flower Trick|p1a: Sylveon
|-activate|p1a: Sylveon|move: Protect
|
|upkeep
|turn|4
|
|t:|1783590943
|move|p2b: Aerodactyl|Protect|p2b: Aerodactyl
|-singleturn|p2b: Aerodactyl|Protect
|move|p1a: Sylveon|Quick Attack|p2b: Aerodactyl
|-activate|p2b: Aerodactyl|move: Protect
|move|p2a: Meowscarada|Flower Trick|p1a: Sylveon
|-crit|p1a: Sylveon
|-damage|p1a: Sylveon|0 fnt
|faint|p1a: Sylveon
|-damage|p2a: Meowscarada|90/100|[from] item: Life Orb
|move|p1b: Kingambit|Iron Head|p2b: Aerodactyl
|-activate|p2b: Aerodactyl|move: Protect
|
|-sideend|p2: Keith Jones|move: Tailwind
|upkeep
|
|t:|1783590945
|switch|p1a: Aerodactyl|Aerodactyl-Mega, L50, M|17/100
|turn|5
|
|t:|1783590966
|move|p2a: Meowscarada|Sucker Punch||[still]
|-fail|p2a: Meowscarada
|move|p1a: Aerodactyl|Tailwind|p1a: Aerodactyl
|-sidestart|p1: NON CRITTARMI BRO|move: Tailwind
|move|p1b: Kingambit|Iron Head|p2b: Aerodactyl
|-supereffective|p2b: Aerodactyl|1
|-enditem|p2b: Aerodactyl|Focus Sash
|-damage|p2b: Aerodactyl|1/100
|move|p2b: Aerodactyl|Tailwind|p2b: Aerodactyl
|-sidestart|p2: Keith Jones|move: Tailwind
|
|upkeep
|turn|6
|
|t:|1783590993
|switch|p1a: Garchomp|Garchomp, L50, F|90/100
|move|p2a: Meowscarada|Sucker Punch||[still]
|-fail|p2a: Meowscarada
|move|p2b: Aerodactyl|Rock Slide|p1b: Kingambit|[spread] p1a,p1b
|-resisted|p1a: Garchomp|1
|-resisted|p1b: Kingambit|1
|-damage|p1a: Garchomp|78/100
|-damage|p1b: Kingambit|74/100
|move|p1b: Kingambit|Low Kick|p2a: Meowscarada
|-supereffective|p2a: Meowscarada|1
|-damage|p2a: Meowscarada|18/100
|
|upkeep
|turn|7
|
|t:|1783591008
|move|p2a: Meowscarada|Protect|p2a: Meowscarada
|-singleturn|p2a: Meowscarada|Protect
|move|p1b: Kingambit|Sucker Punch|p2b: Aerodactyl
|-damage|p2b: Aerodactyl|0 fnt
|faint|p2b: Aerodactyl
|move|p1a: Garchomp|Dragon Claw|p2a: Meowscarada
|-activate|p2a: Meowscarada|move: Protect
|
|upkeep
|
|t:|1783591010
|switch|p2b: Lopunny|Lopunny, L50, M|100/100
|turn|8
|
|t:|1783591030
|detailschange|p2b: Lopunny|Lopunny-Mega, L50, M
|-mega|p2b: Lopunny|Lopunny|Lopunnite
|move|p2a: Meowscarada|Protect||[still]
|-fail|p2a: Meowscarada
|move|p2b: Lopunny|Close Combat|p1a: Garchomp
|-damage|p1a: Garchomp|17/100
|-unboost|p2b: Lopunny|def|1
|-unboost|p2b: Lopunny|spd|1
|-damage|p2b: Lopunny|88/100|[from] ability: Rough Skin|[of] p1a: Garchomp
|move|p1a: Garchomp|Dragon Claw|p2a: Meowscarada
|-damage|p2a: Meowscarada|0 fnt
|faint|p2a: Meowscarada
|-damage|p1a: Garchomp|8/100|[from] item: Life Orb
|move|p1b: Kingambit|Low Kick|p2b: Lopunny
|-supereffective|p2b: Lopunny|1
|-damage|p2b: Lopunny|1/100
|
|-sideend|p1: NON CRITTARMI BRO|move: Tailwind
|-sideend|p2: Keith Jones|move: Tailwind
|upkeep
|turn|9
|-message|Keith Jones forfeited.
|
|win|NON CRITTARMI BRO
|raw|NON CRITTARMI BRO's rating: 1297 → 1329(+32 for winning)
|raw|Keith Jones's rating: 1398 → 1372(-26 for losing)
