|j|☆cartrideintocardib
|j|☆jhlbv
|html|cartrideintocardibjhlbv    
|uhtml|bestof|Game 1 of a best-of-3
|t:|1756919387
|gametype|doubles
|player|p1|cartrideintocardib|hilbert-wonderlauncher|
|player|p2|jhlbv|1|
|gen|9
|tier|[Gen 9] VGC 2025 Reg H (Bo3)
|rule|Species Clause: Limit one of each Pokémon
|rule|Item Clause: Limit 1 of each item
|clearpoke
|poke|p1|Gholdengo, L50|
|poke|p1|Weezing-Galar, L50, F|
|poke|p1|Drifblim, L50, F|
|poke|p1|Toedscruel, L50, M|
|poke|p1|Overqwil, L50, M|
|poke|p1|Sneasler, L50, F|
|poke|p2|Glimmora, L50, M|
|poke|p2|Espeon, L50, M|
|poke|p2|Farigiraf, L50, F|
|poke|p2|Ditto, L50|
|poke|p2|Clefairy, L50, F|
|poke|p2|Torkoal, L50, F|
|teampreview|4
|showteam|p1|Gholdengo||LifeOrb|GoodasGold|NastyPlot,ShadowBall,MakeItRain,Protect||||||50|,,,,,Water]Weezing-Galar||Leftovers|NeutralizingGas|ClearSmog,Taunt,SludgeBomb,StrangeSteam|||F|||50|,,,,,Poison]Drifblim||RedCard|Unburden|Imprison,Tailwind,TrickRoom,Acrobatics|||F|||50|,,,,,Ghost]Toedscruel||SitrusBerry|MyceliumMight|RagePowder,AcidSpray,Spore,EarthPower|||M|||50|,,,,,Ground]Overqwil||ClearAmulet|Intimidate|GunkShot,Liquidation,ThroatChop,Protect|||M|||50|,,,,,Water]Sneasler||FocusSash|Unburden|CloseCombat,DireClaw,ThroatChop,Protect|||F|||50|,,,,,Dark
|showteam|p2|Glimmora||FocusSash|ToxicDebris|MortalSpin,PowerGem,StealthRock,SludgeBomb|||M|||50|,,,,,Flying]Espeon||RoomService|MagicBounce|MorningSun,WeatherBall,TrickRoom,ExpandingForce|||M|||50|,,,,,Psychic]Farigiraf||CovertCloak|ArmorTail|TrickRoom,Imprison,HyperVoice,PsychicNoise|||F|||50|,,,,,Normal]Ditto||AbilityShield|Imposter|Transform||||||50|,,,,,Normal]Clefairy||Eviolite|FriendGuard|FollowMe,ThunderWave,FakeTears,HealPulse|||F|||50|,,,,,Fairy]Torkoal||HeatRock|Drought|Eruption,SolarBeam,ScorchingSands,Protect|||F|||50|,,,,,Fire
|inactive|Battle timer is ON: inactive players will automatically lose when time's up. (requested by cartrideintocardib)
|inactive|cartrideintocardib has 60 seconds left.
|inactive|jhlbv has 60 seconds left.
|
|t:|1756919430
|teamsize|p1|4
|teamsize|p2|4
|start
|switch|p1a: Drifblim|Drifblim, L50, F|100/100
|switch|p1b: Sneasler|Sneasler, L50, F|100/100
|switch|p2a: Glimmora|Glimmora, L50, M|100/100
|switch|p2b: Farigiraf|Farigiraf, L50, F|100/100
|turn|1
|
|t:|1756919453
|move|p1b: Sneasler|Throat Chop|p2b: Farigiraf
|-supereffective|p2b: Farigiraf
|-damage|p2b: Farigiraf|33/100
|move|p2a: Glimmora|Stealth Rock|p1a: Drifblim
|-sidestart|p1: cartrideintocardib|move: Stealth Rock
|move|p1a: Drifblim|Imprison|p1a: Drifblim
|-start|p1a: Drifblim|move: Imprison
|move|p2b: Farigiraf|Psychic Noise|p1b: Sneasler
|-supereffective|p1b: Sneasler
|-enditem|p1b: Sneasler|Focus Sash
|-damage|p1b: Sneasler|1/100
|-start|p1b: Sneasler|move: Heal Block
|
|upkeep
|turn|2
|
|t:|1756919478
|move|p1b: Sneasler|Throat Chop|p2b: Farigiraf
|-supereffective|p2b: Farigiraf
|-damage|p2b: Farigiraf|0 fnt
|faint|p2b: Farigiraf
|move|p2a: Glimmora|Mortal Spin|p1a: Drifblim|[spread] p1a,p1b
|-resisted|p1a: Drifblim
|-resisted|p1b: Sneasler
|-damage|p1a: Drifblim|97/100
|-damage|p1b: Sneasler|0 fnt
|-status|p1a: Drifblim|psn
|faint|p1b: Sneasler
|-enditem|p1a: Drifblim|Red Card|[of] p2a: Glimmora
|drag|p2a: Torkoal|Torkoal, L50, F|100/100
|-weather|SunnyDay|[from] ability: Drought|[of] p2a: Torkoal
|move|p1a: Drifblim|Tailwind|p1a: Drifblim
|-sidestart|p1: cartrideintocardib|move: Tailwind
|
|-weather|SunnyDay|[upkeep]
|-damage|p1a: Drifblim|85/100 psn|[from] psn
|upkeep
|
|t:|1756919488
|switch|p1b: Overqwil|Overqwil, L50, M, shiny|100/100
|switch|p2b: Glimmora|Glimmora, L50, M|100/100
|-damage|p1b: Overqwil|88/100|[from] Stealth Rock
|-ability|p1b: Overqwil|Intimidate|boost
|-unboost|p2a: Torkoal|atk|1
|-unboost|p2b: Glimmora|atk|1
|turn|3
|
|t:|1756919501
|move|p2a: Torkoal|Protect|p2a: Torkoal
|-singleturn|p2a: Torkoal|Protect
|move|p1a: Drifblim|Acrobatics|p2a: Torkoal
|-activate|p2a: Torkoal|move: Protect
|move|p1b: Overqwil|Gunk Shot|p2a: Torkoal
|-activate|p2a: Torkoal|move: Protect
|move|p2b: Glimmora|Power Gem|p1a: Drifblim
|-supereffective|p1a: Drifblim
|-damage|p1a: Drifblim|15/100 psn
|
|-weather|SunnyDay|[upkeep]
|-damage|p1a: Drifblim|2/100 psn|[from] psn
|upkeep
|turn|4
|
|t:|1756919531
|move|p1a: Drifblim|Acrobatics|p2a: Torkoal
|-damage|p2a: Torkoal|74/100
|move|p1b: Overqwil|Liquidation|p2b: Glimmora
|-supereffective|p2b: Glimmora
|-damage|p2b: Glimmora|64/100
|-activate|p2b: Glimmora|ability: Toxic Debris
|-sidestart|p1: cartrideintocardib|move: Toxic Spikes
|move|p2b: Glimmora|Power Gem|p1b: Overqwil
|-damage|p1b: Overqwil|22/100
|move|p2a: Torkoal|Scorching Sands|p1b: Overqwil
|-supereffective|p1b: Overqwil
|-damage|p1b: Overqwil|0 fnt
|faint|p1b: Overqwil
|
|-weather|SunnyDay|[upkeep]
|-damage|p1a: Drifblim|0 fnt|[from] psn
|faint|p1a: Drifblim
|upkeep
|
|t:|1756919544
|switch|p1a: Gholdengo|Gholdengo, L50|100/100
|-damage|p1a: Gholdengo|94/100|[from] Stealth Rock
|turn|5
|
|t:|1756919555
|switch|p2b: Ditto|Ditto, L50|100/100
|-transform|p2b: Ditto|p1a: Gholdengo|[from] ability: Imposter
|-terastallize|p1a: Gholdengo|Water
|move|p1a: Gholdengo|Nasty Plot|p1a: Gholdengo
|-boost|p1a: Gholdengo|spa|2
|move|p2a: Torkoal|Eruption|p1a: Gholdengo
|-resisted|p1a: Gholdengo
|-damage|p1a: Gholdengo|52/100
|
|-weather|SunnyDay|[upkeep]
|-sideend|p1: cartrideintocardib|move: Tailwind
|upkeep
|turn|6
|
|t:|1756919574
|move|p1a: Gholdengo|Shadow Ball|p2b: Ditto
|-supereffective|p2b: Ditto
|-damage|p2b: Ditto|0 fnt
|faint|p2b: Ditto
|-damage|p1a: Gholdengo|42/100|[from] item: Life Orb
|move|p2a: Torkoal|Solar Beam||[still]
|-prepare|p2a: Torkoal|Solar Beam
|-anim|p2a: Torkoal|Solar Beam|p1a: Gholdengo
|-supereffective|p1a: Gholdengo
|-damage|p1a: Gholdengo|0 fnt
|faint|p1a: Gholdengo
|
|win|jhlbv
|inactive|cartrideintocardib has 30 seconds to confirm battle start!
|inactive|jhlbv has 30 seconds to confirm battle start!
||cartrideintocardib is ready for game 2.
|inactive|jhlbv has 20 seconds to confirm battle start!
||jhlbv is ready for game 2.
|uhtml|next|Next: Game 2 of 3
|l|☆cartrideintocardib
|player|p1|
