|j|☆JoshSketch
|j|☆Marcored87
|html|JoshSketchMarcored87    
|uhtml|bestof|Game 1 of a best-of-3
|t:|1757710693
|gametype|doubles
|player|p1|JoshSketch|101|1017
|player|p2|Marcored87|2|1101
|gen|9
|tier|[Gen 9] VGC 2025 Reg H (Bo3)
|rated|
|rule|Species Clause: Limit one of each Pokémon
|rule|Item Clause: Limit 1 of each item
|clearpoke
|poke|p1|Gholdengo, L50|
|poke|p1|Sneasler, L50, M|
|poke|p1|Incineroar, L50, M|
|poke|p1|Amoonguss, L50, F|
|poke|p1|Dragonite, L50, F|
|poke|p1|Ursaluna-Bloodmoon, L50, M|
|poke|p2|Magmar, L50, M|
|poke|p2|Kingambit, L50, M|
|poke|p2|Primarina, L50, F|
|poke|p2|Rillaboom, L50, F|
|poke|p2|Dragapult, L50, F|
|poke|p2|Sneasler, L50, F|
|teampreview|4
|showteam|p1|Gholdengo||LifeOrb|GoodasGold|MakeItRain,ShadowBall,NastyPlot,Protect||||||50|,,,,,Water]Sneasler||FocusSash|PoisonTouch|FakeOut,CloseCombat,DireClaw,Protect|||M|||50|,,,,,Stellar]Incineroar||SafetyGoggles|Intimidate|FakeOut,FlareBlitz,KnockOff,PartingShot|||M|||50|,,,,,Ghost]Amoonguss||SitrusBerry|Regenerator|Spore,RagePowder,PollenPuff,Protect|||F|||50|,,,,,Water]Dragonite||LoadedDice|Multiscale|ScaleShot,Haze,Tailwind,ExtremeSpeed|||F|||50|,,,,,Fairy]Ursaluna-Bloodmoon||AssaultVest|MindsEye|HyperVoice,BloodMoon,EarthPower,VacuumWave|||M|||50|,,,,,Normal
|showteam|p2|Magmar||Eviolite|VitalSpirit|Overheat,WillOWisp,FollowMe,Taunt|||M|||50|,,,,,Ghost]Kingambit||BlackGlasses|Defiant|SuckerPunch,KowtowCleave,SwordsDance,Protect|||M|||50|,,,,,Dark]Primarina||LifeOrb|LiquidVoice|HyperVoice,Moonblast,Haze,Protect|||F|||50|,,,,,Poison]Rillaboom||AssaultVest|GrassySurge|FakeOut,WoodHammer,HighHorsepower,GrassyGlide|||F|||50|,,,,,Fire]Dragapult||ChoiceBand|ClearBody|DragonDarts,Outrage,PhantomForce,Uturn|||F|||50|,,,,,Dragon]Sneasler||WhiteHerb|Unburden|CloseCombat,DireClaw,FakeOut,Protect|||F|||50|,,,,,Stellar
|inactive|Battle timer is ON: inactive players will automatically lose when time's up. (requested by Marcored87)
|inactive|JoshSketch has 60 seconds left.
|
|t:|1757710729
|teamsize|p1|4
|teamsize|p2|4
|start
|switch|p1a: Dragonite|Dragonite, L50, F|100/100
|switch|p1b: Sneasler|Sneasler, L50, M|100/100
|switch|p2a: Magmar|Magmar, L50, M|100/100
|switch|p2b: Kingambit|Kingambit, L50, M|100/100
|turn|1
|
|t:|1757710753
|move|p2b: Kingambit|Protect|p2b: Kingambit
|-singleturn|p2b: Kingambit|Protect
|move|p1b: Sneasler|Fake Out|p2a: Magmar
|-damage|p2a: Magmar|89/100
|move|p1a: Dragonite|Scale Shot|p2b: Kingambit
|-activate|p2b: Kingambit|move: Protect
|cant|p2a: Magmar|flinch
|
|upkeep
|turn|2
|
|t:|1757710765
|switch|p2b: Primarina|Primarina, L50, F|100/100
|move|p1b: Sneasler|Close Combat|p2b: Primarina
|-resisted|p2b: Primarina
|-damage|p2b: Primarina|71/100
|-unboost|p1b: Sneasler|def|1
|-unboost|p1b: Sneasler|spd|1
|-status|p2b: Primarina|psn|[from] ability: Poison Touch|[of] p1b: Sneasler
|move|p1a: Dragonite|Scale Shot|p2a: Magmar
|-damage|p2a: Magmar|76/100
|-damage|p2a: Magmar|63/100
|-damage|p2a: Magmar|51/100
|-damage|p2a: Magmar|38/100
|-damage|p2a: Magmar|26/100
|-hitcount|p2a: Magmar|5
|-unboost|p1a: Dragonite|def|1
|-boost|p1a: Dragonite|spe|1
|move|p2a: Magmar|Will-O-Wisp|p1b: Sneasler
|-status|p1b: Sneasler|brn
|
|-damage|p2b: Primarina|58/100 psn|[from] psn
|-damage|p1b: Sneasler|95/100 brn|[from] brn
|upkeep
|turn|3
|inactive|Marcored87 has 30 seconds left.
|
|t:|1757710792
|-terastallize|p2b: Primarina|Poison
|move|p1a: Dragonite|Extreme Speed|p2a: Magmar
|-damage|p2a: Magmar|0 fnt
|faint|p2a: Magmar
|move|p1b: Sneasler|Dire Claw|p2b: Primarina
|-resisted|p2b: Primarina
|-damage|p2b: Primarina|48/100 psn
|move|p2b: Primarina|Moonblast|p1a: Dragonite
|-supereffective|p1a: Dragonite
|-damage|p1a: Dragonite|41/100
|-unboost|p1a: Dragonite|spa|1
|-damage|p2b: Primarina|38/100 psn|[from] item: Life Orb
|
|-damage|p2b: Primarina|25/100 psn|[from] psn
|-damage|p1b: Sneasler|89/100 brn|[from] brn
|upkeep
|
|t:|1757710809
|switch|p2a: Sneasler|Sneasler, L50, F|100/100
|turn|4
|
|t:|1757710828
|move|p1b: Sneasler|Protect|p1b: Sneasler
|-singleturn|p1b: Sneasler|Protect
|move|p2a: Sneasler|Protect|p2a: Sneasler
|-singleturn|p2a: Sneasler|Protect
|move|p1a: Dragonite|Extreme Speed|p2b: Primarina
|-damage|p2b: Primarina|0 fnt
|faint|p2b: Primarina
|
|-damage|p1b: Sneasler|83/100 brn|[from] brn
|upkeep
|
|t:|1757710833
|switch|p2b: Kingambit|Kingambit, L50, M|100/100
|turn|5
|
|t:|1757710843
|move|p2b: Kingambit|Sucker Punch|p1b: Sneasler
|-resisted|p1b: Sneasler
|-damage|p1b: Sneasler|17/100 brn
|move|p1a: Dragonite|Haze|p1a: Dragonite
|-clearallboost
|move|p1b: Sneasler|Close Combat|p2b: Kingambit
|-supereffective|p2b: Kingambit
|-damage|p2b: Kingambit|13/100
|-unboost|p1b: Sneasler|def|1
|-unboost|p1b: Sneasler|spd|1
|move|p2a: Sneasler|Dire Claw|p1a: Dragonite
|-damage|p1a: Dragonite|0 fnt
|faint|p1a: Dragonite
|
|-damage|p1b: Sneasler|11/100 brn|[from] brn
|upkeep
|
|t:|1757710851
|switch|p1a: Incineroar|Incineroar, L50, M, shiny|100/100
|-ability|p1a: Incineroar|Intimidate|boost
|-unboost|p2a: Sneasler|atk|1
|-unboost|p2b: Kingambit|atk|1
|-ability|p2b: Kingambit|Defiant|boost
|-boost|p2b: Kingambit|atk|2
|-enditem|p2a: Sneasler|White Herb
|-clearnegativeboost|p2a: Sneasler|[silent]
|turn|6
|
|t:|1757710865
|move|p2a: Sneasler|Protect|p2a: Sneasler
|-singleturn|p2a: Sneasler|Protect
|move|p2b: Kingambit|Protect|p2b: Kingambit
|-singleturn|p2b: Kingambit|Protect
|move|p1a: Incineroar|Fake Out|p2a: Sneasler
|-activate|p2a: Sneasler|move: Protect
|move|p1b: Sneasler|Close Combat|p2b: Kingambit
|-activate|p2b: Kingambit|move: Protect
|
|-damage|p1b: Sneasler|6/100 brn|[from] brn
|upkeep
|turn|7
|
|t:|1757710880
|move|p1b: Sneasler|Protect|p1b: Sneasler
|-singleturn|p1b: Sneasler|Protect
|move|p2b: Kingambit|Sucker Punch||[still]
|-fail|p2b: Kingambit
|move|p2a: Sneasler|Close Combat|p1a: Incineroar
|-supereffective|p1a: Incineroar
|-damage|p1a: Incineroar|0 fnt
|-unboost|p2a: Sneasler|def|1
|-unboost|p2a: Sneasler|spd|1
|faint|p1a: Incineroar
|
|-damage|p1b: Sneasler|0 fnt|[from] brn
|faint|p1b: Sneasler
|upkeep
|
|t:|1757710884
|switch|p1b: Gholdengo|Gholdengo, L50|100/100
|turn|8
|inactive|Marcored87 has 30 seconds left.
|
|t:|1757710910
|-terastallize|p1b: Gholdengo|Water
|move|p2b: Kingambit|Sucker Punch|p1b: Gholdengo
|-damage|p1b: Gholdengo|11/100
|move|p2a: Sneasler|Dire Claw|p1b: Gholdengo
|-damage|p1b: Gholdengo|0 fnt
|faint|p1b: Gholdengo
|
|win|Marcored87
||JoshSketch is ready for game 2.
|inactive|Marcored87 has 30 seconds to confirm battle start!
|inactive|Marcored87 has 20 seconds to confirm battle start!
||Marcored87 is ready for game 2.
|uhtml|next|Next: Game 2 of 3
|l|☆Marcored87
|player|p2|
