|j|☆triskili
|j|☆amatothetomato
|html|triskiliamatothetomato    
|uhtml|bestof|Game 2 of a best-of-3
|t:|1786155055
|gametype|doubles
|player|p1|triskili|flannery|
|player|p2|amatothetomato|maid|
|gen|9
|tier|[Gen 9 Champions] VGC 2026 Reg M-B (Bo3)
|rule|Species Clause: Limit one of each Pokémon
|rule|Item Clause: Limit 1 of each item
|clearpoke
|poke|p1|Delphox, L50, M|
|poke|p1|Floette-Eternal, L50, F|
|poke|p1|Sneasler, L50, M|
|poke|p1|Incineroar, L50, M|
|poke|p1|Sinistcha, L50|
|poke|p1|Kingambit, L50, F|
|poke|p2|Pelipper, L50, M|
|poke|p2|Swampert, L50, M, shiny|
|poke|p2|Rotom-Wash, L50|
|poke|p2|Castform, L50, F|
|poke|p2|Basculegion, L50, M, shiny|
|poke|p2|Raichu, L50, M|
|teampreview|4
|showteam|p1|Delphox||Delphoxite|Blaze|HeatWave,Psyshock,NastyPlot,Protect|Timid||M|||50|]Floette-Eternal||Floettite|FlowerVeil|Moonblast,DazzlingGleam,CalmMind,Protect|Modest||F|||50|]Sneasler||FocusSash|PoisonTouch|DireClaw,CloseCombat,FakeOut,QuickGuard|Jolly||M|||50|]Incineroar||SitrusBerry|Intimidate|DarkestLariat,FlareBlitz,FakeOut,PartingShot|Impish||M|||50|]Sinistcha||ColburBerry|Hospitality|MatchaGotcha,RagePowder,TrickRoom,Protect|Relaxed|||||50|]Kingambit||BlackGlasses|Defiant|KowtowCleave,SuckerPunch,SwordsDance,Protect|Adamant||F|||50|
|showteam|p2|Pelipper||DampRock|Drizzle|Tailwind,Soak,Uturn,Hurricane|Modest||M|||50|]Swampert||Swampertite|Torrent|StompingTantrum,IcePunch,WaveCrash,FlipTurn|Adamant||M|||50|]Rotom-Wash|||Levitate|HydroPump,Thunderbolt,WillOWisp,VoltSwitch|Timid|||||50|]Castform||QuickClaw|Forecast|WeatherBall,SunnyDay,Snowscape,RainDance|Modest||F|||50|]Basculegion||Leftovers|Adaptability|Liquidation,PhantomForce,AquaJet,IceFang|Adamant||M|||50|]Raichu||RaichuniteX|LightningRod|RisingVoltage,FakeOut,DrainPunch,Trailblaze|Jolly||M|||50|
|
|t:|1786155094
|teamsize|p1|4
|teamsize|p2|4
|start
|switch|p1a: Sneasler|Sneasler, L50, M|100/100
|switch|p1b: Incineroar|Incineroar, L50, M|100/100
|switch|p2a: Pelipper|Pelipper, L50, M|100/100
|switch|p2b: Rotom|Rotom-Wash, L50|100/100
|-weather|RainDance|[from] ability: Drizzle|[of] p2a: Pelipper
|-ability|p1b: Incineroar|Intimidate|boost
|-unboost|p2a: Pelipper|atk|1
|-unboost|p2b: Rotom|atk|1
|turn|1
|
|t:|1786155120
|move|p1a: Sneasler|Fake Out|p2b: Rotom
|-damage|p2b: Rotom|80/100
|move|p1b: Incineroar|Fake Out|p2a: Pelipper
|-damage|p2a: Pelipper|86/100
|cant|p2b: Rotom|flinch
|cant|p2a: Pelipper|flinch
|
|-weather|RainDance|[upkeep]
|upkeep
|turn|2
|
|t:|1786155137
|move|p1a: Sneasler|Dire Claw|p2b: Rotom
|-damage|p2b: Rotom|23/100
|-status|p2b: Rotom|psn|[from] ability: Poison Touch|[of] p1a: Sneasler
|move|p2b: Rotom|Will-O-Wisp|p1a: Sneasler
|-status|p1a: Sneasler|brn
|move|p2a: Pelipper|Tailwind|p2a: Pelipper
|-sidestart|p2: amatothetomato|move: Tailwind
|move|p1b: Incineroar|Parting Shot|p2b: Rotom
|-unboost|p2b: Rotom|atk|1
|-unboost|p2b: Rotom|spa|1
|
|t:|1786155150
|switch|p1b: Floette|Floette-Eternal, L50, F|100/100|[from] Parting Shot
|
|-weather|RainDance|[upkeep]
|-damage|p2b: Rotom|11/100 psn|[from] psn
|-damage|p1a: Sneasler|94/100 brn|[from] brn
|upkeep
|turn|3
|
|t:|1786155171
|move|p2b: Rotom|Thunderbolt|p1b: Floette
|-damage|p1b: Floette|78/100
|move|p2a: Pelipper|Hurricane|p1a: Sneasler
|-supereffective|p1a: Sneasler|1
|-damage|p1a: Sneasler|0 fnt
|faint|p1a: Sneasler
|move|p1b: Floette|Calm Mind|p1b: Floette
|-boost|p1b: Floette|spa|1
|-boost|p1b: Floette|spd|1
|
|-weather|RainDance|[upkeep]
|-damage|p2b: Rotom|0 fnt|[from] psn
|faint|p2b: Rotom
|upkeep
|
|t:|1786155188
|switch|p1a: Incineroar|Incineroar, L50, M|100/100
|switch|p2b: Castform|Castform, L50, F|100/100
|-ability|p1a: Incineroar|Intimidate|boost
|-unboost|p2a: Pelipper|atk|1
|-unboost|p2b: Castform|atk|1
|-formechange|p2b: Castform|Castform-Rainy|[msg]|[from] ability: Forecast
|turn|4
|
|t:|1786155209
|detailschange|p1b: Floette|Floette-Mega, L50, F
|-mega|p1b: Floette|Floette|Floettite
|-ability|p1b: Floette|Fairy Aura
|move|p1a: Incineroar|Fake Out|p2b: Castform
|-damage|p2b: Castform|82/100
|cant|p2b: Castform|flinch
|move|p2a: Pelipper|Hurricane|p1b: Floette
|-damage|p1b: Floette|51/100
|-start|p1b: Floette|confusion
|-activate|p1b: Floette|confusion
|move|p1b: Floette|Calm Mind|p1b: Floette
|-boost|p1b: Floette|spa|1
|-boost|p1b: Floette|spd|1
|
|-weather|RainDance|[upkeep]
|upkeep
|turn|5
|
|t:|1786155236
|move|p2b: Castform|Weather Ball|p1a: Incineroar
|-supereffective|p1a: Incineroar|1
|-damage|p1a: Incineroar|0 fnt
|faint|p1a: Incineroar
|move|p2a: Pelipper|U-turn|p1b: Floette
|-resisted|p1b: Floette|1
|-damage|p1b: Floette|49/100
|
|t:|1786155242
|switch|p2a: Swampert|Swampert, L50, M, shiny|100/100|[from] U-turn
|-activate|p1b: Floette|confusion
|move|p1b: Floette|Moonblast|p2a: Swampert
|-damage|p2a: Swampert|0 fnt
|faint|p2a: Swampert
|
|-weather|RainDance|[upkeep]
|-sideend|p2: amatothetomato|move: Tailwind
|upkeep
|
|t:|1786155250
|switch|p2a: Pelipper|Pelipper, L50, M|86/100
|switch|p1a: Sinistcha|Sinistcha, L50|100/100
|-heal|p1b: Floette|74/100|[from] ability: Hospitality|[of] p1a: Sinistcha
|turn|6
|
|t:|1786155266
|-end|p1b: Floette|confusion
|move|p1b: Floette|Dazzling Gleam|p2a: Pelipper|[spread] p2a,p2b
|-damage|p2a: Pelipper|0 fnt
|-damage|p2b: Castform|0 fnt
|faint|p2a: Pelipper
|faint|p2b: Castform
|
|win|triskili
|c|☆amatothetomato|gg
|c|☆triskili|gg
||triskili is ready for game 3.
|inactive|amatothetomato has 30 seconds to confirm battle start!
||amatothetomato is ready for game 3.
|uhtml|next|Next: Game 3 of 3
