|j|☆dambro222
|j|☆IshtarVGC26
|html|dambro222IshtarVGC26    
|uhtml|bestof|Game 3 of a best-of-3
|t:|1756799989
|gametype|doubles
|player|p1|dambro222|ethan|1205
|player|p2|IshtarVGC26|juan|1295
|gen|9
|tier|[Gen 9] VGC 2025 Reg H (Bo3)
|rated|
|rule|Species Clause: Limit one of each Pokémon
|rule|Item Clause: Limit 1 of each item
|clearpoke
|poke|p1|Dragonite, L50, M|
|poke|p1|Volcarona, L50, F|
|poke|p1|Sneasler, L50, M|
|poke|p1|Rillaboom, L50, M|
|poke|p1|Electabuzz, L50, M|
|poke|p1|Kingambit, L50, M|
|poke|p2|Tyranitar, L50, M|
|poke|p2|Excadrill, L50, M|
|poke|p2|Sinistcha-Masterpiece, L50|
|poke|p2|Primarina, L50, F|
|poke|p2|Volcarona, L50, M|
|poke|p2|Braviary, L50, M|
|teampreview|4
|showteam|p1|Dragonite||LoadedDice|Multiscale|ScaleShot,ExtremeSpeed,Haze,Protect|||M|||50|,,,,,Fairy]Volcarona||CovertCloak|FlameBody|HeatWave,TeraBlast,QuiverDance,Protect|||F|||50|,,,,,Fairy]Sneasler||FocusSash|Unburden|CloseCombat,DireClaw,RockSlide,Protect|||M|||50|,,,,,Stellar]Rillaboom||AssaultVest|GrassySurge|WoodHammer,GrassyGlide,HighHorsepower,FakeOut|||M|||50|,,,,,Water]Electabuzz||Eviolite|VitalSpirit|Electroweb,FollowMe,Taunt,Protect|||M|||50|,,,,,Ghost]Kingambit||BlackGlasses|Defiant|KowtowCleave,SuckerPunch,SwordsDance,Protect|||M|||50|,,,,,Dark
|showteam|p2|Tyranitar||AssaultVest|SandStream|RockSlide,KnockOff,TeraBlast,BrickBreak|||M|||50|,,,,,Flying]Excadrill||FocusSash|SandRush|Protect,DrillRun,Earthquake,IronHead|||M|||50|,,,,,Dragon]Sinistcha-Masterpiece||RockyHelmet|Hospitality|LifeDew,RagePowder,MatchaGotcha,TrickRoom||||||50|,,,,,Water]Primarina||ThroatSpray|LiquidVoice|Protect,HyperVoice,Moonblast,Haze|||F|||50|,,,,,Water]Volcarona||SitrusBerry|FlameBody|Protect,FieryDance,GigaDrain,QuiverDance|||M|||50|,,,,,Dragon]Braviary||SafetyGoggles|Defiant|Protect,BraveBird,CloseCombat,Tailwind|||M|||50|,,,,,Ghost
|inactive|Battle timer is ON: inactive players will automatically lose when time's up. (requested by dambro222)
|inactive|dambro222 has 60 seconds left.
|inactive|IshtarVGC26 has 60 seconds left.
|
|t:|1756800040
|teamsize|p1|4
|teamsize|p2|4
|start
|switch|p1a: Volcarona|Volcarona, L50, F|100/100
|switch|p1b: Rillaboom|Rillaboom, L50, M|100/100
|switch|p2a: Volcarona|Volcarona, L50, M|100/100
|switch|p2b: Tyranitar|Tyranitar, L50, M|100/100
|-fieldstart|move: Grassy Terrain|[from] ability: Grassy Surge|[of] p1b: Rillaboom
|-weather|Sandstorm|[from] ability: Sand Stream|[of] p2b: Tyranitar
|turn|1
|inactive|dambro222 has 30 seconds left.
|inactive|IshtarVGC26 has 30 seconds left.
|
|t:|1756800072
|-terastallize|p1b: Rillaboom|Water
|move|p1b: Rillaboom|Fake Out|p2b: Tyranitar
|-resisted|p2b: Tyranitar
|-damage|p2b: Tyranitar|94/100
|move|p1a: Volcarona|Quiver Dance|p1a: Volcarona
|-boost|p1a: Volcarona|spa|1
|-boost|p1a: Volcarona|spd|1
|-boost|p1a: Volcarona|spe|1
|move|p2a: Volcarona|Quiver Dance|p2a: Volcarona
|-boost|p2a: Volcarona|spa|1
|-boost|p2a: Volcarona|spd|1
|-boost|p2a: Volcarona|spe|1
|cant|p2b: Tyranitar|flinch
|
|-weather|Sandstorm|[upkeep]
|-damage|p1a: Volcarona|94/100|[from] Sandstorm
|-damage|p2a: Volcarona|94/100|[from] Sandstorm
|-damage|p1b: Rillaboom|94/100|[from] Sandstorm
|-heal|p1a: Volcarona|100/100|[from] Grassy Terrain
|-heal|p2a: Volcarona|100/100|[from] Grassy Terrain
|-heal|p1b: Rillaboom|100/100|[from] Grassy Terrain
|-heal|p2b: Tyranitar|100/100|[from] Grassy Terrain
|upkeep
|turn|2
|inactive|IshtarVGC26 has 30 seconds left.
|
|t:|1756800097
|-terastallize|p2b: Tyranitar|Flying
|move|p1a: Volcarona|Heat Wave|p2a: Volcarona|[spread] p2a,p2b
|-damage|p2a: Volcarona|68/100
|-damage|p2b: Tyranitar|62/100
|move|p2a: Volcarona|Giga Drain|p1b: Rillaboom
|-supereffective|p1b: Rillaboom
|-damage|p1b: Rillaboom|28/100
|-heal|p2a: Volcarona|100/100|[from] drain|[of] p1b: Rillaboom
|move|p1b: Rillaboom|Wood Hammer|p2b: Tyranitar
|-resisted|p2b: Tyranitar
|-damage|p2b: Tyranitar|22/100
|-damage|p1b: Rillaboom|15/100|[from] Recoil
|move|p2b: Tyranitar|Tera Blast|p1a: Volcarona|[anim] Tera Blast Flying
|-supereffective|p1a: Volcarona
|-damage|p1a: Volcarona|0 fnt
|faint|p1a: Volcarona
|
|-weather|Sandstorm|[upkeep]
|-damage|p2a: Volcarona|94/100|[from] Sandstorm
|-damage|p1b: Rillaboom|9/100|[from] Sandstorm
|-damage|p2b: Tyranitar|15/100|[from] Sandstorm
|-heal|p2a: Volcarona|100/100|[from] Grassy Terrain
|-heal|p1b: Rillaboom|15/100|[from] Grassy Terrain
|upkeep
|
|t:|1756800113
|switch|p1a: Sneasler|Sneasler, L50, M|100/100
|turn|3
|
|t:|1756800129
|switch|p1b: Electabuzz|Electabuzz, L50, M|100/100
|move|p2a: Volcarona|Protect|p2a: Volcarona
|-singleturn|p2a: Volcarona|Protect
|move|p1a: Sneasler|Rock Slide|p2a: Volcarona|[spread] p2b
|-activate|p2a: Volcarona|move: Protect
|-supereffective|p2b: Tyranitar
|-damage|p2b: Tyranitar|0 fnt
|faint|p2b: Tyranitar
|
|-weather|Sandstorm|[upkeep]
|-damage|p2a: Volcarona|94/100|[from] Sandstorm
|-damage|p1a: Sneasler|94/100|[from] Sandstorm
|-damage|p1b: Electabuzz|95/100|[from] Sandstorm
|-heal|p2a: Volcarona|100/100|[from] Grassy Terrain
|-heal|p1a: Sneasler|100/100|[from] Grassy Terrain
|-heal|p1b: Electabuzz|100/100|[from] Grassy Terrain
|upkeep
|
|t:|1756800150
|switch|p2b: Sinistcha|Sinistcha-Masterpiece, L50|100/100
|turn|4
|
|t:|1756800161
|move|p1b: Electabuzz|Follow Me|p1b: Electabuzz
|-singleturn|p1b: Electabuzz|move: Follow Me
|move|p2a: Volcarona|Fiery Dance|p1b: Electabuzz
|-damage|p1b: Electabuzz|53/100
|move|p1a: Sneasler|Rock Slide|p2b: Sinistcha|[spread] p2a,p2b
|-supereffective|p2a: Volcarona
|-damage|p2a: Volcarona|9/100
|-damage|p2b: Sinistcha|85/100
|-enditem|p2a: Volcarona|Sitrus Berry|[eat]
|-heal|p2a: Volcarona|33/100|[from] item: Sitrus Berry
|move|p2b: Sinistcha|Life Dew|p2b: Sinistcha|[spread] p2a,p2b
|-heal|p2a: Volcarona|58/100
|-heal|p2b: Sinistcha|100/100
|
|-weather|Sandstorm|[upkeep]
|-damage|p2a: Volcarona|52/100|[from] Sandstorm
|-damage|p1a: Sneasler|94/100|[from] Sandstorm
|-damage|p1b: Electabuzz|47/100|[from] Sandstorm
|-damage|p2b: Sinistcha|94/100|[from] Sandstorm
|-heal|p2a: Volcarona|58/100|[from] Grassy Terrain
|-heal|p1a: Sneasler|100/100|[from] Grassy Terrain
|-heal|p1b: Electabuzz|53/100|[from] Grassy Terrain
|-heal|p2b: Sinistcha|100/100|[from] Grassy Terrain
|upkeep
|turn|5
|
|t:|1756800182
|move|p2a: Volcarona|Protect|p2a: Volcarona
|-singleturn|p2a: Volcarona|Protect
|move|p1b: Electabuzz|Follow Me|p1b: Electabuzz
|-singleturn|p1b: Electabuzz|move: Follow Me
|move|p1a: Sneasler|Rock Slide|p2a: Volcarona|[spread] p2b
|-activate|p2a: Volcarona|move: Protect
|-damage|p2b: Sinistcha|83/100
|move|p2b: Sinistcha|Matcha Gotcha|p1b: Electabuzz|[spread] p1a,p1b
|-resisted|p1a: Sneasler
|-damage|p1a: Sneasler|80/100
|-heal|p2b: Sinistcha|92/100|[from] drain|[of] p1a: Sneasler
|-damage|p1b: Electabuzz|29/100
|-heal|p2b: Sinistcha|100/100|[from] drain|[of] p1b: Electabuzz
|-status|p1a: Sneasler|brn
|
|-weather|none
|-heal|p2a: Volcarona|64/100|[from] Grassy Terrain
|-heal|p1a: Sneasler|86/100 brn|[from] Grassy Terrain
|-heal|p1b: Electabuzz|34/100|[from] Grassy Terrain
|-damage|p1a: Sneasler|80/100 brn|[from] brn
|-fieldend|move: Grassy Terrain
|upkeep
|turn|6
|inactive|IshtarVGC26 has 30 seconds left.
|
|t:|1756800213
|move|p1b: Electabuzz|Follow Me|p1b: Electabuzz
|-singleturn|p1b: Electabuzz|move: Follow Me
|move|p2a: Volcarona|Giga Drain|p1b: Electabuzz
|-damage|p1b: Electabuzz|7/100
|-heal|p2a: Volcarona|78/100|[from] drain|[of] p1b: Electabuzz
|move|p1a: Sneasler|Rock Slide|p2b: Sinistcha|[spread] p2a,p2b
|-supereffective|p2a: Volcarona
|-damage|p2a: Volcarona|25/100
|-damage|p2b: Sinistcha|93/100
|move|p2b: Sinistcha|Life Dew|p2b: Sinistcha|[spread] p2a,p2b
|-heal|p2a: Volcarona|50/100
|-heal|p2b: Sinistcha|100/100
|
|-damage|p1a: Sneasler|74/100 brn|[from] brn
|upkeep
|turn|7
|
|t:|1756800237
|move|p2a: Volcarona|Protect|p2a: Volcarona
|-singleturn|p2a: Volcarona|Protect
|move|p1b: Electabuzz|Follow Me|p1b: Electabuzz
|-singleturn|p1b: Electabuzz|move: Follow Me
|move|p1a: Sneasler|Dire Claw|p2b: Sinistcha
|-damage|p2b: Sinistcha|84/100
|-status|p2b: Sinistcha|par
|-damage|p1a: Sneasler|57/100 brn|[from] item: Rocky Helmet|[of] p2b: Sinistcha
|move|p2b: Sinistcha|Matcha Gotcha|p1b: Electabuzz|[spread] p1b
|-miss|p2b: Sinistcha|p1a: Sneasler
|-crit|p1b: Electabuzz
|-damage|p1b: Electabuzz|0 fnt
|-heal|p2b: Sinistcha|88/100 par|[from] drain|[of] p1b: Electabuzz
|faint|p1b: Electabuzz
|
|-damage|p1a: Sneasler|51/100 brn|[from] brn
|upkeep
|
|t:|1756800249
|switch|p1b: Rillaboom|Rillaboom, L50, M, tera:Water|15/100
|-fieldstart|move: Grassy Terrain|[from] ability: Grassy Surge|[of] p1b: Rillaboom
|turn|8
|
|t:|1756800263
|move|p2a: Volcarona|Protect|p2a: Volcarona
|-singleturn|p2a: Volcarona|Protect
|move|p1b: Rillaboom|Fake Out|p2a: Volcarona
|-activate|p2a: Volcarona|move: Protect
|move|p1a: Sneasler|Rock Slide|p2b: Sinistcha|[spread] p2b
|-activate|p2a: Volcarona|move: Protect
|-damage|p2b: Sinistcha|79/100 par
|move|p2b: Sinistcha|Matcha Gotcha|p1a: Sneasler|[spread] p1a,p1b
|-resisted|p1a: Sneasler
|-supereffective|p1b: Rillaboom
|-damage|p1a: Sneasler|29/100 brn
|-heal|p2b: Sinistcha|89/100 par|[from] drain|[of] p1a: Sneasler
|-damage|p1b: Rillaboom|0 fnt
|-heal|p2b: Sinistcha|97/100 par|[from] drain|[of] p1b: Rillaboom
|faint|p1b: Rillaboom
|
|-heal|p2a: Volcarona|56/100|[from] Grassy Terrain
|-heal|p1a: Sneasler|35/100 brn|[from] Grassy Terrain
|-heal|p2b: Sinistcha|100/100 par|[from] Grassy Terrain
|-damage|p1a: Sneasler|29/100 brn|[from] brn
|upkeep
|turn|9
|c|☆dambro222|gg
|
|t:|1756800287
|move|p2b: Sinistcha|Rage Powder|p2b: Sinistcha
|-singleturn|p2b: Sinistcha|move: Rage Powder
|move|p2a: Volcarona|Fiery Dance|p1a: Sneasler
|-damage|p1a: Sneasler|0 fnt
|-boost|p2a: Volcarona|spa|1
|faint|p1a: Sneasler
|
|win|IshtarVGC26
|raw|dambro222's rating: 1205 → 1186(-19 for losing)
|raw|IshtarVGC26's rating: 1295 → 1314(+19 for winning)
