|j|☆zio_gelato
|j|☆Er ciccio98
|html|zio_gelatoEr ciccio98    
|uhtml|bestof|Game 1 of a best-of-3
|t:|1757840412
|gametype|doubles
|player|p1|zio_gelato|cynthia-gen4|
|player|p2|Er ciccio98|101|
|gen|9
|tier|[Gen 9] VGC 2025 Reg H (Bo3)
|rule|Species Clause: Limit one of each Pokémon
|rule|Item Clause: Limit 1 of each item
|clearpoke
|poke|p1|Archaludon, L50, M|
|poke|p1|Rillaboom, L50, F|
|poke|p1|Basculegion, L50, M|
|poke|p1|Kingambit, L50, F|
|poke|p1|Pelipper, L50, M|
|poke|p1|Electabuzz, L50, F|
|poke|p2|Incineroar, L50, F|
|poke|p2|Torkoal, L50, M|
|poke|p2|Electabuzz, L50, M|
|poke|p2|Ursaluna-Bloodmoon, L50, M|
|poke|p2|Mimikyu, L50, M|
|poke|p2|Lilligant-Hisui, L50, F|
|teampreview|4
|showteam|p1|Archaludon||AssaultVest|Stamina|ElectroShot,DracoMeteor,FlashCannon,BodyPress|||M|||50|,,,,,Fairy]Rillaboom||GrassySeed|GrassySurge|WoodHammer,GrassyGlide,FakeOut,HighHorsepower|||F|||50|,,,,,Fire]Basculegion||ChoiceBand|SwiftSwim|WaveCrash,LastRespects,FlipTurn,AquaJet|||M|||50|,,,,,Grass]Kingambit||BlackGlasses|Defiant|KowtowCleave,SuckerPunch,SwordsDance,Protect|||F|||50|,,,,,Dark]Pelipper||FocusSash|Drizzle|WeatherBall,Hurricane,Tailwind,Protect|||M|||50|,,,,,Ghost]Electabuzz||Eviolite|VitalSpirit|Electroweb,Taunt,FollowMe,Protect|||F|||50|,,,,,Ghost
|showteam|p2|Incineroar||AssaultVest|Intimidate|FakeOut,KnockOff,FlareBlitz,Uturn|||F|||50|,,,,,Bug]Torkoal||Charcoal|Drought|Eruption,Protect,Flamethrower,ClearSmog|||M|||50|,,,,,Fire]Electabuzz||Eviolite|Static|FollowMe,Electroweb,Taunt,HelpingHand|||M|||50|,,,,,Ghost]Ursaluna-Bloodmoon||LifeOrb|MindsEye|HyperVoice,BloodMoon,Protect,EarthPower|||M|||50|,,,,,Normal]Mimikyu||MentalHerb|Disguise|ShadowSneak,PlayRough,ShadowClaw,TrickRoom|||M|||50|,,,,,Steel]Lilligant-Hisui||FocusSash|Chlorophyll|AfterYou,CloseCombat,SleepPowder,LeafBlade|||F|||50|,,,,,Ghost
|inactive|Battle timer is ON: inactive players will automatically lose when time's up. (requested by Er ciccio98)
|inactive|zio_gelato has 60 seconds left.
|
|t:|1757840455
|teamsize|p1|4
|teamsize|p2|4
|start
|switch|p1a: Archaludon|Archaludon, L50, M|100/100
|switch|p1b: Rillaboom|Rillaboom, L50, F|100/100
|switch|p2a: Electabuzz|Electabuzz, L50, M|100/100
|switch|p2b: Ursaluna|Ursaluna-Bloodmoon, L50, M|100/100
|-fieldstart|move: Grassy Terrain|[from] ability: Grassy Surge|[of] p1b: Rillaboom
|-enditem|p1b: Rillaboom|Grassy Seed
|-boost|p1b: Rillaboom|def|1|[from] item: Grassy Seed
|turn|1
|inactive|zio_gelato has 30 seconds left.
|inactive|zio_gelato has 20 seconds left.
|inactive|zio_gelato has 15 seconds left.
|inactive|zio_gelato has 10 seconds left.
|
|t:|1757840503
|-terastallize|p1a: Archaludon|Fairy
|move|p2b: Ursaluna|Protect|p2b: Ursaluna
|-singleturn|p2b: Ursaluna|Protect
|move|p1b: Rillaboom|Fake Out|p2a: Electabuzz
|-damage|p2a: Electabuzz|88/100
|cant|p2a: Electabuzz|flinch
|move|p1a: Archaludon|Body Press|p2b: Ursaluna
|-activate|p2b: Ursaluna|move: Protect
|
|-heal|p2a: Electabuzz|94/100|[from] Grassy Terrain
|upkeep
|turn|2
|inactive|zio_gelato has 30 seconds left.
|inactive|zio_gelato has 20 seconds left.
|inactive|zio_gelato has 15 seconds left.
|inactive|zio_gelato has 10 seconds left.
|inactive|zio_gelato has 5 seconds left.
|
|t:|1757840554
|-terastallize|p2b: Ursaluna|Normal
|move|p2a: Electabuzz|Electroweb|p1b: Rillaboom|[spread] p1a,p1b
|-resisted|p1b: Rillaboom
|-damage|p1a: Archaludon|91/100
|-damage|p1b: Rillaboom|93/100
|-unboost|p1a: Archaludon|spe|1
|-unboost|p1b: Rillaboom|spe|1
|-ability|p1a: Archaludon|Stamina|boost
|-boost|p1a: Archaludon|def|1
|move|p2b: Ursaluna|Blood Moon|p1a: Archaludon
|-damage|p1a: Archaludon|0 fnt
|faint|p1a: Archaludon
|-damage|p2b: Ursaluna|91/100|[from] item: Life Orb
|move|p1b: Rillaboom|High Horsepower|p2a: Electabuzz
|-supereffective|p2a: Electabuzz
|-damage|p2a: Electabuzz|40/100
|-status|p1b: Rillaboom|par|[from] ability: Static|[of] p2a: Electabuzz
|
|-heal|p2a: Electabuzz|47/100|[from] Grassy Terrain
|-heal|p2b: Ursaluna|97/100|[from] Grassy Terrain
|-heal|p1b: Rillaboom|99/100 par|[from] Grassy Terrain
|upkeep
|
|t:|1757840577
|switch|p1a: Basculegion|Basculegion, L50, M|100/100
|turn|3
|inactive|zio_gelato has 30 seconds left.
|
|t:|1757840609
|switch|p1b: Pelipper|Pelipper, L50, M|100/100
|-weather|RainDance|[from] ability: Drizzle|[of] p1b: Pelipper
|move|p2b: Ursaluna|Protect|p2b: Ursaluna
|-singleturn|p2b: Ursaluna|Protect
|move|p1a: Basculegion|Flip Turn|p2a: Electabuzz
|-damage|p2a: Electabuzz|0 fnt
|-status|p1a: Basculegion|par|[from] ability: Static|[of] p2a: Electabuzz
|faint|p2a: Electabuzz
|
|t:|1757840622
|switch|p1a: Rillaboom|Rillaboom, L50, F|99/100 par|[from] Flip Turn
|
|-weather|RainDance|[upkeep]
|-heal|p2b: Ursaluna|100/100|[from] Grassy Terrain
|-heal|p1a: Rillaboom|100/100 par|[from] Grassy Terrain
|upkeep
|
|t:|1757840629
|switch|p2a: Torkoal|Torkoal, L50, M|100/100
|-weather|SunnyDay|[from] ability: Drought|[of] p2a: Torkoal
|turn|4
|inactive|zio_gelato has 30 seconds left.
|inactive|zio_gelato has 20 seconds left.
|inactive|zio_gelato has 15 seconds left.
|inactive|zio_gelato has 10 seconds left.
|inactive|zio_gelato has 5 seconds left.
|
|t:|1757840682
|move|p1b: Pelipper|Tailwind|p1b: Pelipper
|-sidestart|p1: zio_gelato|move: Tailwind
|move|p1a: Rillaboom|High Horsepower|p2a: Torkoal
|-supereffective|p2a: Torkoal
|-damage|p2a: Torkoal|49/100
|move|p2b: Ursaluna|Hyper Voice|p1b: Pelipper|[spread] p1a,p1b
|-damage|p1a: Rillaboom|34/100 par
|-enditem|p1b: Pelipper|Focus Sash
|-damage|p1b: Pelipper|1/100
|-damage|p2b: Ursaluna|91/100|[from] item: Life Orb
|move|p2a: Torkoal|Eruption|p1a: Rillaboom|[spread] p1a,p1b
|-supereffective|p1a: Rillaboom
|-resisted|p1b: Pelipper
|-damage|p1a: Rillaboom|0 fnt
|-damage|p1b: Pelipper|0 fnt
|faint|p1a: Rillaboom
|faint|p1b: Pelipper
|
|-weather|SunnyDay|[upkeep]
|-heal|p2b: Ursaluna|97/100|[from] Grassy Terrain
|-heal|p2a: Torkoal|55/100|[from] Grassy Terrain
|upkeep
|
|t:|1757840701
|switch|p1a: Basculegion|Basculegion, L50, M|100/100 par
|turn|5
|
|t:|1757840712
|move|p2a: Torkoal|Protect|p2a: Torkoal
|-singleturn|p2a: Torkoal|Protect
|move|p1a: Basculegion|Wave Crash|p2b: Ursaluna
|-damage|p2b: Ursaluna|64/100
|-damage|p1a: Basculegion|89/100 par|[from] Recoil
|move|p2b: Ursaluna|Blood Moon|p1a: Basculegion
|-damage|p1a: Basculegion|0 fnt
|faint|p1a: Basculegion
|-damage|p2b: Ursaluna|54/100|[from] item: Life Orb
|
|win|Er ciccio98
||zio_gelato is ready for game 2.
|inactive|Er ciccio98 has 30 seconds to confirm battle start!
||Er ciccio98 is ready for game 2.
|uhtml|next|Next: Game 2 of 3
