|j|☆crimsonkidd
|j|☆Indigochen
|html|crimsonkiddIndigochen    
|uhtml|bestof|Game 2 of a best-of-3
|t:|1757776016
|gametype|doubles
|player|p1|crimsonkidd|lance|1093
|player|p2|Indigochen|fantina|1000
|gen|9
|tier|[Gen 9] VGC 2025 Reg H (Bo3)
|rated|
|rule|Species Clause: Limit one of each Pokémon
|rule|Item Clause: Limit 1 of each item
|clearpoke
|poke|p1|Talonflame, L50, M|
|poke|p1|Garchomp, L50, M|
|poke|p1|Tyranitar, L50, F|
|poke|p1|Milotic, L50, F|
|poke|p1|Sinistcha, L50|
|poke|p1|Gholdengo, L50|
|poke|p2|Ninetales-Alola, L50, F|
|poke|p2|Volcarona, L50, M|
|poke|p2|Kingambit, L50, F|
|poke|p2|Sneasler, L50, F|
|poke|p2|Kommo-o, L50, M|
|poke|p2|Rillaboom, L50, M|
|teampreview|4
|showteam|p1|Talonflame||CovertCloak|GaleWings|DualWingbeat,Tailwind,WillOWisp,Taunt|||M|||50|,,,,,Flying]Garchomp||LifeOrb|RoughSkin|Protect,StompingTantrum,Earthquake,DragonClaw|||M|||50|,,,,,Ground]Tyranitar||AssaultVest|SandStream|RockSlide,KnockOff,LowKick,TeraBlast|||F|||50|,,,,,Flying]Milotic||SafetyGoggles|Competitive|Scald,IcyWind,Haze,Protect|||F|||50|,,,,,Poison]Sinistcha||SitrusBerry|Hospitality|MatchaGotcha,TrickRoom,RagePowder,Imprison||||||50|,,,,,Water]Gholdengo||MetalCoat|GoodasGold|MakeItRain,ShadowBall,NastyPlot,Protect||||||50|,,,,,Flying
|showteam|p2|Ninetales-Alola||ChoiceSpecs|SnowWarning|Moonblast,AuroraVeil,FreezeDry,Blizzard|||F|||50|,,,,,Ice]Volcarona||SitrusBerry|FlameBody|HeatWave,WillOWisp,RagePowder,Tailwind|||M|||50|,,,,,Fairy]Kingambit||SafetyGoggles|Defiant|SuckerPunch,KowtowCleave,SwordsDance,Protect|||F|||50|,,,,,Dark]Sneasler||FocusSash|PoisonTouch|DireClaw,CloseCombat,FakeOut,Protect|||F|||50|,,,,,Stellar]Kommo-o||ThroatSpray|Soundproof|ClangingScales,Flamethrower,ClangorousSoul,Protect|||M|||50|,,,,,Fire]Rillaboom||AssaultVest|GrassySurge|WoodHammer,GrassyGlide,FakeOut,HighHorsepower|||M|||50|,,,,,Fire
|c|☆crimsonkidd|gg
|
|t:|1757776033
|teamsize|p1|4
|teamsize|p2|4
|start
|switch|p1a: Talonflame|Talonflame, L50, M|100/100
|switch|p1b: Tyranitar|Tyranitar, L50, F, shiny|100/100
|switch|p2a: Kommo-o|Kommo-o, L50, M|100/100
|switch|p2b: Rillaboom|Rillaboom, L50, M|100/100
|-fieldstart|move: Grassy Terrain|[from] ability: Grassy Surge|[of] p2b: Rillaboom
|-weather|Sandstorm|[from] ability: Sand Stream|[of] p1b: Tyranitar
|turn|1
|inactive|Battle timer is ON: inactive players will automatically lose when time's up. (requested by crimsonkidd)
|inactive|crimsonkidd has 60 seconds left.
|inactive|Indigochen has 60 seconds left.
|
|t:|1757776075
|move|p2a: Kommo-o|Protect|p2a: Kommo-o
|-singleturn|p2a: Kommo-o|Protect
|move|p2b: Rillaboom|Fake Out|p1a: Talonflame
|-damage|p1a: Talonflame|80/100
|move|p1a: Talonflame|Taunt|p2a: Kommo-o
|-activate|p2a: Kommo-o|move: Protect
|move|p1b: Tyranitar|Rock Slide|p2a: Kommo-o|[spread] p2b
|-activate|p2a: Kommo-o|move: Protect
|-damage|p2b: Rillaboom|72/100
|
|-weather|Sandstorm|[upkeep]
|-damage|p1a: Talonflame|74/100|[from] Sandstorm
|-damage|p2a: Kommo-o|94/100|[from] Sandstorm
|-damage|p2b: Rillaboom|65/100|[from] Sandstorm
|-heal|p2a: Kommo-o|100/100|[from] Grassy Terrain
|-heal|p2b: Rillaboom|72/100|[from] Grassy Terrain
|upkeep
|turn|2
|inactive|crimsonkidd has 30 seconds left.
|inactive|Indigochen has 30 seconds left.
|
|t:|1757776105
|-terastallize|p1b: Tyranitar|Flying
|move|p2b: Rillaboom|Grassy Glide|p1b: Tyranitar
|-resisted|p1b: Tyranitar
|-damage|p1b: Tyranitar|86/100
|move|p1a: Talonflame|Tailwind|p1a: Talonflame
|-sidestart|p1: crimsonkidd|move: Tailwind
|move|p1b: Tyranitar|Tera Blast|p2a: Kommo-o|[anim] Tera Blast Flying
|-supereffective|p2a: Kommo-o
|-damage|p2a: Kommo-o|21/100
|move|p2a: Kommo-o|Clanging Scales|p1b: Tyranitar|[spread] p1a,p1b
|-damage|p1a: Talonflame|29/100
|-damage|p1b: Tyranitar|69/100
|-unboost|p2a: Kommo-o|def|1
|-enditem|p2a: Kommo-o|Throat Spray
|-boost|p2a: Kommo-o|spa|1|[from] item: Throat Spray
|
|-weather|Sandstorm|[upkeep]
|-damage|p1a: Talonflame|23/100|[from] Sandstorm
|-damage|p1b: Tyranitar|63/100|[from] Sandstorm
|-damage|p2a: Kommo-o|15/100|[from] Sandstorm
|-damage|p2b: Rillaboom|65/100|[from] Sandstorm
|-heal|p2a: Kommo-o|21/100|[from] Grassy Terrain
|-heal|p2b: Rillaboom|72/100|[from] Grassy Terrain
|upkeep
|turn|3
|
|t:|1757776127
|move|p2a: Kommo-o|Protect|p2a: Kommo-o
|-singleturn|p2a: Kommo-o|Protect
|move|p1a: Talonflame|Dual Wingbeat|p2a: Kommo-o
|-activate|p2a: Kommo-o|move: Protect
|move|p1b: Tyranitar|Tera Blast|p2b: Rillaboom|[anim] Tera Blast Flying
|-supereffective|p2b: Rillaboom
|-damage|p2b: Rillaboom|0 fnt
|faint|p2b: Rillaboom
|
|-weather|Sandstorm|[upkeep]
|-damage|p1a: Talonflame|17/100|[from] Sandstorm
|-damage|p1b: Tyranitar|57/100|[from] Sandstorm
|-damage|p2a: Kommo-o|15/100|[from] Sandstorm
|-heal|p2a: Kommo-o|21/100|[from] Grassy Terrain
|upkeep
|
|t:|1757776140
|switch|p2b: Sneasler|Sneasler, L50, F|100/100
|turn|4
|
|t:|1757776163
|move|p2b: Sneasler|Fake Out|p1a: Talonflame
|-damage|p1a: Talonflame|0 fnt
|faint|p1a: Talonflame
|move|p1b: Tyranitar|Tera Blast|p2b: Sneasler|[anim] Tera Blast Flying
|-supereffective|p2b: Sneasler
|-enditem|p2b: Sneasler|Focus Sash
|-damage|p2b: Sneasler|1/100
|move|p2a: Kommo-o|Clanging Scales|p1b: Tyranitar
|-damage|p1b: Tyranitar|19/100
|-unboost|p2a: Kommo-o|def|1
|
|-weather|Sandstorm|[upkeep]
|-damage|p1b: Tyranitar|14/100|[from] Sandstorm
|-damage|p2b: Sneasler|0 fnt|[from] Sandstorm
|-damage|p2a: Kommo-o|15/100|[from] Sandstorm
|faint|p2b: Sneasler
|-heal|p2a: Kommo-o|21/100|[from] Grassy Terrain
|upkeep
|
|t:|1757776179
|switch|p1a: Gholdengo|Gholdengo, L50|100/100
|switch|p2b: Volcarona|Volcarona, L50, M|100/100
|turn|5
|
|t:|1757776197
|-terastallize|p2a: Kommo-o|Fire
|move|p1a: Gholdengo|Make It Rain|p2a: Kommo-o|[spread] p2a,p2b
|-resisted|p2a: Kommo-o
|-resisted|p2b: Volcarona
|-damage|p2a: Kommo-o|0 fnt
|-damage|p2b: Volcarona|74/100
|-unboost|p1a: Gholdengo|spa|1
|faint|p2a: Kommo-o
|move|p1b: Tyranitar|Rock Slide|p2b: Volcarona
|-supereffective|p2b: Volcarona
|-damage|p2b: Volcarona|0 fnt
|faint|p2b: Volcarona
|
|win|crimsonkidd
|raw|crimsonkidd's rating: 1093 → 1112(+19 for winning)
|raw|Indigochen's rating: 1000 → 1000(+0 for losing)
|l|☆Indigochen
|player|p2|
