|j|☆DaGondy
|j|☆doatzmgoatz
|html|DaGondydoatzmgoatz    
|uhtml|bestof|Game 1 of a best-of-3
|t:|1784511088
|gametype|doubles
|player|p1|DaGondy|mars|
|player|p2|doatzmgoatz|102|
|gen|9
|tier|[Gen 9 Champions] VGC 2026 Reg M-B (Bo3)
|rule|Species Clause: Limit one of each Pokémon
|rule|Item Clause: Limit 1 of each item
|clearpoke
|poke|p1|Ditto, L50, shiny|
|poke|p1|Pelipper, L50, M|
|poke|p1|Eelektross, L50, F|
|poke|p1|Roserade, L50, M|
|poke|p1|Lycanroc-Dusk, L50, M, shiny|
|poke|p1|Whimsicott, L50, F|
|poke|p2|Gengar, L50, F|
|poke|p2|Incineroar, L50, F|
|poke|p2|Hydreigon, L50, F|
|poke|p2|Clefable, L50, F|
|poke|p2|Vaporeon, L50, F|
|poke|p2|Noivern, L50, F|
|teampreview|4
|showteam|p1|Ditto||FocusSash|Imposter|Transform|Bold|||||50|]Pelipper||SitrusBerry|Drizzle|Tailwind,Hurricane,Roost,Protect|Bold||M|||50|]Eelektross||Eelektrossite|Levitate|Flamethrower,GrassKnot,Thunder,VoltSwitch|Timid||F|||50|]Roserade||PoisonBarb|PoisonPoint|Extrasensory,LeafStorm,SleepPowder,SludgeBomb|Timid||M|||50|]Lycanroc-Dusk||HardStone|ToughClaws|Accelerock,CloseCombat,StoneEdge,BrickBreak|Jolly||M|||50|]Whimsicott||Leftovers|Prankster|Tailwind,Moonblast,Uturn,Encore|Bold||F|||50|
|showteam|p2|Gengar||Gengarite|CursedBody|SludgeWave,ShadowBall,NastyPlot,Substitute|Timid||F|||50|]Incineroar||SitrusBerry|Intimidate|BrickBreak,Earthquake,PartingShot,FakeOut|Adamant||F|||50|]Hydreigon||LifeOrb|Levitate|EarthPower,DracoMeteor,DarkPulse,Uturn|Timid||F|||50|]Clefable||Leftovers|MagicGuard|FollowMe,LightScreen,DazzlingGleam,Gravity|Calm||F|||50|]Vaporeon||MysticWater|WaterAbsorb|Scald,Protect,RainDance,IceBeam|Bold||F|||50|]Noivern||ExpertBelt|Telepathy|Tailwind,Boomburst,Hurricane,Uturn|Timid||F|||50|
|
|t:|1784511122
|teamsize|p1|4
|teamsize|p2|4
|start
|switch|p1a: pooopfart|Lycanroc-Dusk, L50, M, shiny|100/100
|switch|p1b: Whimsicott|Whimsicott, L50, F|100/100
|switch|p2a: Clefable|Clefable, L50, F|100/100
|switch|p2b: Incineroar|Incineroar, L50, F|100/100
|-ability|p2b: Incineroar|Intimidate|boost
|-unboost|p1a: pooopfart|atk|1
|-unboost|p1b: Whimsicott|atk|1
|turn|1
|
|t:|1784511144
|move|p2b: Incineroar|Fake Out|p1a: pooopfart
|-resisted|p1a: pooopfart|1
|-damage|p1a: pooopfart|88/100
|cant|p1a: pooopfart|flinch
|move|p1b: Whimsicott|Tailwind|p1b: Whimsicott
|-sidestart|p1: DaGondy|move: Tailwind
|move|p2a: Clefable|Light Screen|p2a: Clefable
|-sidestart|p2: doatzmgoatz|move: Light Screen
|
|upkeep
|turn|2
|
|t:|1784511161
|move|p2a: Clefable|Follow Me|p2a: Clefable
|-singleturn|p2a: Clefable|move: Follow Me
|move|p1a: pooopfart|Brick Break|p2a: Clefable
|-sideend|p2: doatzmgoatz|move: Light Screen
|-resisted|p2a: Clefable|1
|-damage|p2a: Clefable|88/100
|move|p1b: Whimsicott|Moonblast|p2a: Clefable
|-damage|p2a: Clefable|71/100
|move|p2b: Incineroar|Brick Break|p1a: pooopfart
|-supereffective|p1a: pooopfart|1
|-damage|p1a: pooopfart|0 fnt
|faint|p1a: pooopfart
|
|-heal|p2a: Clefable|77/100|[from] item: Leftovers
|upkeep
|
|t:|1784511173
|switch|p1a: Pelipper|Pelipper, L50, M|100/100
|-weather|RainDance|[from] ability: Drizzle|[of] p1a: Pelipper
|turn|3
|
|t:|1784511199
|switch|p2b: Hydreigon|Hydreigon, L50, F|100/100
|move|p1b: Whimsicott|U-turn|p2b: Hydreigon
|-supereffective|p2b: Hydreigon|1
|-damage|p2b: Hydreigon|82/100
|
|t:|1784511205
|switch|p1b: Eelektross|Eelektross, L50, F|100/100|[from] U-turn
|move|p1a: Pelipper|Hurricane|p2b: Hydreigon
|-damage|p2b: Hydreigon|39/100
|move|p2a: Clefable|Dazzling Gleam|p1a: Pelipper|[spread] p1a,p1b
|-damage|p1a: Pelipper|74/100
|-damage|p1b: Eelektross|75/100
|
|-weather|RainDance|[upkeep]
|-heal|p2a: Clefable|83/100|[from] item: Leftovers
|upkeep
|turn|4
|
|t:|1784511288
|detailschange|p1b: Eelektross|Eelektross-Mega, L50, F
|-mega|p1b: Eelektross|Eelektross|Eelektrossite
|move|p2a: Clefable|Follow Me|p2a: Clefable
|-singleturn|p2a: Clefable|move: Follow Me
|move|p1b: Eelektross|Thunder|p2a: Clefable
|-damage|p2a: Clefable|41/100
|-status|p2a: Clefable|par
|move|p1a: Pelipper|Hurricane|p2a: Clefable
|-damage|p2a: Clefable|14/100 par
|move|p2b: Hydreigon|U-turn|p1b: Eelektross
|-damage|p1b: Eelektross|48/100
|-damage|p2b: Hydreigon|29/100|[from] item: Life Orb
|
|t:|1784511300
|switch|p2b: Incineroar|Incineroar, L50, F|100/100|[from] U-turn
|-ability|p2b: Incineroar|Intimidate|boost
|-unboost|p1a: Pelipper|atk|1
|-unboost|p1b: Eelektross|atk|1
|
|-weather|RainDance|[upkeep]
|-heal|p2a: Clefable|20/100y par|[from] item: Leftovers
|-sideend|p1: DaGondy|move: Tailwind
|upkeep
|turn|5
|
|t:|1784511337
|switch|p1b: Whimsicott|Whimsicott, L50, F|100/100
|move|p2b: Incineroar|Fake Out|p1b: Whimsicott
|-damage|p1b: Whimsicott|86/100
|move|p1a: Pelipper|Hurricane|p2b: Incineroar
|-damage|p2b: Incineroar|66/100
|move|p2a: Clefable|Gravity|p2a: Clefable
|-fieldstart|move: Gravity
|
|-weather|RainDance|[upkeep]
|-heal|p1b: Whimsicott|92/100|[from] item: Leftovers
|-heal|p2a: Clefable|26/100 par|[from] item: Leftovers
|upkeep
|turn|6
|
|t:|1784511356
|switch|p1a: Eelektross|Eelektross-Mega, L50, F|48/100
|move|p1b: Whimsicott|Tailwind|p1b: Whimsicott
|-sidestart|p1: DaGondy|move: Tailwind
|move|p2b: Incineroar|Parting Shot|p1b: Whimsicott
|-unboost|p1b: Whimsicott|atk|1
|-unboost|p1b: Whimsicott|spa|1
|
|t:|1784511364
|switch|p2b: Hydreigon|Hydreigon, L50, F|29/100|[from] Parting Shot
|cant|p2a: Clefable|par
|
|-weather|RainDance|[upkeep]
|-heal|p1b: Whimsicott|98/100|[from] item: Leftovers
|-heal|p2a: Clefable|32/100 par|[from] item: Leftovers
|upkeep
|turn|7
|
|t:|1784511377
|move|p2a: Clefable|Follow Me|p2a: Clefable
|-singleturn|p2a: Clefable|move: Follow Me
|move|p1a: Eelektross|Thunder|p2a: Clefable
|-damage|p2a: Clefable|0 fnt
|faint|p2a: Clefable
|-ability|p1a: Eelektross|Eelevate|boost
|-boost|p1a: Eelektross|spa|1
|move|p1b: Whimsicott|Moonblast|p2b: Hydreigon
|-supereffective|p2b: Hydreigon|2
|-damage|p2b: Hydreigon|0 fnt
|faint|p2b: Hydreigon
|
|-weather|none
|-heal|p1b: Whimsicott|100/100|[from] item: Leftovers
|upkeep
|
|t:|1784511390
|switch|p2b: Gengar|Gengar, L50, F|100/100
|switch|p2a: Incineroar|Incineroar, L50, F|66/100
|-ability|p2a: Incineroar|Intimidate|boost
|-unboost|p1a: Eelektross|atk|1
|-unboost|p1b: Whimsicott|atk|1
|turn|8
|
|t:|1784511407
|detailschange|p2b: Gengar|Gengar-Mega, L50, F
|-mega|p2b: Gengar|Gengar|Gengarite
|move|p1a: Eelektross|Volt Switch|p2b: Gengar
|-damage|p2b: Gengar|16/100
|
|t:|1784511411
|switch|p1a: Pelipper|Pelipper, L50, M|74/100|[from] Volt Switch
|-weather|RainDance|[from] ability: Drizzle|[of] p1a: Pelipper
|move|p1b: Whimsicott|Moonblast|p2a: Incineroar
|-damage|p2a: Incineroar|50/100g
|move|p2b: Gengar|Substitute|p2b: Gengar
|-fail|p2b: Gengar|move: Substitute|[weak]
|move|p2a: Incineroar|Earthquake|p1b: Whimsicott|[spread] p2b,p1a,p1b
|-supereffective|p2b: Gengar|1
|-resisted|p1b: Whimsicott|1
|-damage|p2b: Gengar|0 fnt
|-damage|p1a: Pelipper|52/100
|-damage|p1b: Whimsicott|89/100
|faint|p2b: Gengar
|
|-weather|RainDance|[upkeep]
|-heal|p1b: Whimsicott|95/100|[from] item: Leftovers
|upkeep
|turn|9
|
|t:|1784511434
|move|p1b: Whimsicott|U-turn|p2a: Incineroar
|-damage|p2a: Incineroar|45/100
|-enditem|p2a: Incineroar|Sitrus Berry|[eat]
|-heal|p2a: Incineroar|70/100|[from] item: Sitrus Berry
|
|t:|1784511440
|switch|p1b: Eelektross|Eelektross-Mega, L50, F|48/100|[from] U-turn
|move|p1a: Pelipper|Hurricane|p2a: Incineroar
|-damage|p2a: Incineroar|37/100
|-start|p2a: Incineroar|confusion
|-activate|p2a: Incineroar|confusion
|-damage|p2a: Incineroar|22/100|[from] confusion
|
|-weather|RainDance|[upkeep]
|-sideend|p1: DaGondy|move: Tailwind
|-fieldend|move: Gravity
|upkeep
|turn|10
|
|t:|1784511457
|move|p1a: Pelipper|Protect|p1a: Pelipper
|-singleturn|p1a: Pelipper|Protect
|move|p1b: Eelektross|Thunder|p2a: Incineroar
|-damage|p2a: Incineroar|0 fnt
|faint|p2a: Incineroar
|
|win|DaGondy
