|j|☆Tyrunt Jumpman
|j|☆gastero
|html|Tyrunt Jumpmangastero    
|uhtml|bestof|Game 2 of a best-of-3
|t:|1785624631
|gametype|doubles
|player|p1|Tyrunt Jumpman|hiker-gen4|1346
|player|p2|gastero|carmine|1296
|gen|9
|tier|[Gen 9 Champions] VGC 2026 Reg M-B (Bo3)
|rated|
|rule|Species Clause: Limit one of each Pokémon
|rule|Item Clause: Limit 1 of each item
|clearpoke
|poke|p1|Tyranitar, L50, F|
|poke|p1|Excadrill, L50, M|
|poke|p1|Milotic, L50, M|
|poke|p1|Sinistcha, L50|
|poke|p1|Staraptor, L50, M|
|poke|p1|Gholdengo, L50|
|poke|p2|Staraptor, L50, F|
|poke|p2|Gholdengo, L50|
|poke|p2|Sinistcha, L50|
|poke|p2|Incineroar, L50, M|
|poke|p2|Arcanine-Hisui, L50, M|
|poke|p2|Ninetales-Alola, L50, F|
|teampreview|4
|showteam|p1|Tyranitar||Tyranitarite|SandStream|KnockOff,RockSlide,HighHorsepower,Protect|Jolly||F|||50|]Excadrill||FocusSash|SandRush|Earthquake,IronHead,RockSlide,Protect|Adamant||M|||50|]Milotic||SitrusBerry|Competitive|Scald,IceBeam,IcyWind,Protect|Calm||M|||50|]Sinistcha||ColburBerry|Hospitality|MatchaGotcha,ShadowBall,Protect,RagePowder|Bold|||||50|]Staraptor||Staraptite|Intimidate|CloseCombat,BraveBird,Tailwind,Protect|Jolly||M|||50|]Gholdengo||LifeOrb|GoodasGold|MakeItRain,ShadowBall,NastyPlot,Protect|Modest|||||50|
|showteam|p2|Staraptor||Staraptite|Intimidate|CloseCombat,DualWingbeat,Tailwind,Protect|Jolly||F|||50|]Gholdengo||LifeOrb|GoodasGold|MakeItRain,ShadowBall,NastyPlot,Protect|Modest|||||50|]Sinistcha||ColburBerry|Hospitality|MatchaGotcha,RagePowder,TrickRoom,StrengthSap|Calm|||||50|]Incineroar||SitrusBerry|Intimidate|FakeOut,FlareBlitz,DarkestLariat,PartingShot|Careful||M|||50|]Arcanine-Hisui||FocusSash|RockHead|FlareBlitz,HeadSmash,ExtremeSpeed,Protect|Jolly||M|||50|]Ninetales-Alola||NeverMeltIce|SnowWarning|Blizzard,FreezeDry,Encore,Protect|Timid||F|||50|
|
|t:|1785624703
|teamsize|p1|4
|teamsize|p2|4
|start
|switch|p1a: Milotic|Milotic, L50, M|100/100
|switch|p1b: Gholdengo|Gholdengo, L50|100/100
|switch|p2a: Staraptor|Staraptor, L50, F|100/100
|switch|p2b: Sinistcha|Sinistcha, L50|100/100
|-ability|p2a: Staraptor|Intimidate|boost
|-unboost|p1a: Milotic|atk|1
|-ability|p1a: Milotic|Competitive|boost
|-boost|p1a: Milotic|spa|2
|-unboost|p1b: Gholdengo|atk|1
|turn|1
|inactive|Battle timer is ON: inactive players will automatically lose when time's up. (requested by Tyrunt Jumpman)
|inactive|gastero has 60 seconds left.
|
|t:|1785624746
|detailschange|p2a: Staraptor|Staraptor-Mega, L50, F
|-mega|p2a: Staraptor|Staraptor|Staraptite
|move|p2a: Staraptor|Close Combat|p1a: Milotic
|-damage|p1a: Milotic|44/100
|-boost|p2a: Staraptor|def|1
|-boost|p2a: Staraptor|spd|1
|-enditem|p1a: Milotic|Sitrus Berry|[eat]
|-heal|p1a: Milotic|69/100|[from] item: Sitrus Berry
|move|p1a: Milotic|Ice Beam|p2a: Staraptor
|-supereffective|p2a: Staraptor|1
|-damage|p2a: Staraptor|46/100
|move|p1b: Gholdengo|Nasty Plot|p1b: Gholdengo
|-boost|p1b: Gholdengo|spa|2
|move|p2b: Sinistcha|Matcha Gotcha|p1b: Gholdengo|[spread] p1a
|-miss|p2b: Sinistcha|p1b: Gholdengo
|-supereffective|p1a: Milotic|1
|-damage|p1a: Milotic|37/100
|
|upkeep
|turn|2
|inactive|Tyrunt Jumpman has 30 seconds left.
|inactive|gastero has 30 seconds left.
|
|t:|1785624777
|move|p1a: Milotic|Protect|p1a: Milotic
|-singleturn|p1a: Milotic|Protect
|move|p2b: Sinistcha|Rage Powder|p2b: Sinistcha
|-singleturn|p2b: Sinistcha|move: Rage Powder
|move|p2a: Staraptor|Close Combat|p1a: Milotic
|-activate|p1a: Milotic|move: Protect
|move|p1b: Gholdengo|Shadow Ball|p2b: Sinistcha
|-supereffective|p2b: Sinistcha|1
|-damage|p2b: Sinistcha|0 fnt
|faint|p2b: Sinistcha
|-damage|p1b: Gholdengo|90/100|[from] item: Life Orb
|
|upkeep
|
|t:|1785624780
|switch|p2b: Gholdengo|Gholdengo, L50|100/100
|turn|3
|inactive|Tyrunt Jumpman has 30 seconds left.
|inactive|Tyrunt Jumpman has 20 seconds left.
|
|t:|1785624818
|move|p1b: Gholdengo|Protect|p1b: Gholdengo
|-singleturn|p1b: Gholdengo|Protect
|move|p2a: Staraptor|Close Combat|p1a: Milotic
|-damage|p1a: Milotic|0 fnt
|-boost|p2a: Staraptor|def|1
|-boost|p2a: Staraptor|spd|1
|faint|p1a: Milotic
|move|p2b: Gholdengo|Shadow Ball|p1b: Gholdengo
|-activate|p1b: Gholdengo|move: Protect
|
|upkeep
|
|t:|1785624823
|switch|p1a: Staraptor|Staraptor, L50, M|100/100
|-ability|p1a: Staraptor|Intimidate|boost
|-boost|p2a: Staraptor|atk|1
|-unboost|p2b: Gholdengo|atk|1
|turn|4
|inactive|gastero has 30 seconds left.
|
|t:|1785624851
|detailschange|p1a: Staraptor|Staraptor-Mega, L50, M
|-mega|p1a: Staraptor|Staraptor|Staraptite
|move|p1a: Staraptor|Tailwind|p1a: Staraptor
|-sidestart|p1: Tyrunt Jumpman|move: Tailwind
|move|p1b: Gholdengo|Shadow Ball|p2a: Staraptor
|-damage|p2a: Staraptor|0 fnt
|faint|p2a: Staraptor
|-damage|p1b: Gholdengo|80/100|[from] item: Life Orb
|move|p2b: Gholdengo|Shadow Ball|p1b: Gholdengo
|-supereffective|p1b: Gholdengo|1
|-damage|p1b: Gholdengo|0 fnt
|faint|p1b: Gholdengo
|-damage|p2b: Gholdengo|90/100|[from] item: Life Orb
|
|upkeep
|
|t:|1785624863
|switch|p2a: Ninetales|Ninetales-Alola, L50, F|100/100
|switch|p1b: Tyranitar|Tyranitar, L50, F|100/100
|-weather|Sandstorm|[from] ability: Sand Stream|[of] p1b: Tyranitar
|-weather|Snowscape|[from] ability: Snow Warning|[of] p2a: Ninetales
|turn|5
|inactive|Tyrunt Jumpman has 30 seconds left.
|
|t:|1785624890
|move|p2b: Gholdengo|Protect|p2b: Gholdengo
|-singleturn|p2b: Gholdengo|Protect
|move|p1a: Staraptor|Brave Bird|p2a: Ninetales
|-damage|p2a: Ninetales|42/100
|-damage|p1a: Staraptor|85/100|[from] Recoil
|move|p1b: Tyranitar|Knock Off|p2b: Gholdengo
|-activate|p2b: Gholdengo|move: Protect
|move|p2a: Ninetales|Freeze-Dry|p1a: Staraptor
|-supereffective|p1a: Staraptor|1
|-damage|p1a: Staraptor|18/100
|
|-weather|Snowscape|[upkeep]
|upkeep
|turn|6
|
|t:|1785624904
|move|p2b: Gholdengo|Protect||[still]
|-fail|p2b: Gholdengo
|move|p1a: Staraptor|Brave Bird|p2a: Ninetales
|-damage|p2a: Ninetales|0 fnt
|faint|p2a: Ninetales
|-damage|p1a: Staraptor|7/100|[from] Recoil
|move|p1b: Tyranitar|Knock Off|p2b: Gholdengo
|-supereffective|p2b: Gholdengo|1
|-damage|p2b: Gholdengo|0 fnt
|-enditem|p2b: Gholdengo|Life Orb|[from] move: Knock Off|[of] p1b: Tyranitar
|faint|p2b: Gholdengo
|
|win|Tyrunt Jumpman
|raw|Tyrunt Jumpman's rating: 1346 → 1363(+17 for winning)
|raw|gastero's rating: 1296 → 1275(-21 for losing)
|l|☆Tyrunt Jumpman
|player|p1|
