|j|☆SomeKidJon
|j|☆ILoveMIR
|html|SomeKidJonILoveMIR    
|uhtml|bestof|Game 2 of a best-of-3
|t:|1783720308
|gametype|doubles
|player|p1|SomeKidJon|scientistf|1315
|player|p2|ILoveMIR|shauntal|1441
|gen|9
|tier|[Gen 9 Champions] VGC 2026 Reg M-B (Bo3)
|rated|
|rule|Species Clause: Limit one of each Pokémon
|rule|Item Clause: Limit 1 of each item
|clearpoke
|poke|p1|Primarina, L50, F|
|poke|p1|Hatterene, L50, F|
|poke|p1|Lopunny, L50, F|
|poke|p1|Staraptor, L50, F|
|poke|p1|Farigiraf, L50, M|
|poke|p1|Camerupt, L50, F|
|poke|p2|Blaziken, L50, M|
|poke|p2|Milotic, L50, F|
|poke|p2|Gholdengo, L50|
|poke|p2|Whimsicott, L50, F|
|poke|p2|Hydreigon, L50, M|
|poke|p2|Tsareena, L50, F|
|teampreview|4
|showteam|p1|Primarina||Leftovers|LiquidVoice|HyperVoice,Protect,Moonblast,CalmMind|Modest||F|||50|]Hatterene||FocusSash|MagicBounce|Psychic,Protect,DazzlingGleam,TrickRoom|Quiet||F|||50|]Lopunny||Lopunnite|Klutz|FakeOut,CloseCombat,AfterYou,TripleAxel|Jolly||F|||50|]Staraptor||ChoiceScarf|Intimidate|FinalGambit,CloseCombat,BraveBird,Uturn|Adamant||F|||50|]Farigiraf||SitrusBerry|ArmorTail|DazzlingGleam,Protect,Thunderbolt,TrickRoom|Quiet||M|||50|]Camerupt||Cameruptite|SolidRock|HeatWave,AncientPower,EarthPower,Protect|Quiet||F|||50|
|showteam|p2|Blaziken||Blazikenite|SpeedBoost|FlareBlitz,CloseCombat,RockSlide,Detect|Adamant||M|||50|]Milotic||ExpertBelt|Competitive|Scald,IceBeam,Recover,Protect|Modest||F|||50|]Gholdengo||LifeOrb|GoodasGold|ShadowBall,MakeItRain,PowerGem,Protect|Modest|||||50|]Whimsicott||FocusSash|Prankster|Moonblast,Encore,Tailwind,Protect|Timid||F|||50|]Hydreigon||ChoiceScarf|Levitate|DarkPulse,DracoMeteor,Snarl,EarthPower|Modest||M|||50|]Tsareena||WideLens|QueenlyMajesty|PowerWhip,TripleAxel,LowKick,Taunt|Adamant||F|||50|
|inactive|Battle timer is ON: inactive players will automatically lose when time's up. (requested by ILoveMIR)
|inactive|SomeKidJon has 60 seconds left.
|
|t:|1783720352
|teamsize|p1|4
|teamsize|p2|4
|start
|switch|p1a: Staraptor|Staraptor, L50, F|100/100
|switch|p1b: Farigiraf|Farigiraf, L50, M|100/100
|switch|p2a: Gholdengo|Gholdengo, L50|100/100
|switch|p2b: Tsareena|Tsareena, L50, F|100/100
|-ability|p1a: Staraptor|Intimidate|boost
|-unboost|p2a: Gholdengo|atk|1
|-unboost|p2b: Tsareena|atk|1
|turn|1
|inactive|ILoveMIR has 30 seconds left.
|
|t:|1783720378
|move|p1b: Farigiraf|Protect|p1b: Farigiraf
|-singleturn|p1b: Farigiraf|Protect
|move|p1a: Staraptor|Brave Bird|p2b: Tsareena
|-supereffective|p2b: Tsareena|1
|-damage|p2b: Tsareena|0 fnt
|faint|p2b: Tsareena
|-damage|p1a: Staraptor|71/100|[from] Recoil
|move|p2a: Gholdengo|Make It Rain|p1a: Staraptor|[spread] p1a
|-activate|p1b: Farigiraf|move: Protect
|-damage|p1a: Staraptor|0 fnt
|-unboost|p2a: Gholdengo|spa|2
|faint|p1a: Staraptor
|-damage|p2a: Gholdengo|90/100|[from] item: Life Orb
|
|upkeep
|
|t:|1783720387
|switch|p1a: Primarina|Primarina, L50, F|100/100
|switch|p2b: Milotic|Milotic, L50, F|100/100
|turn|2
|
|t:|1783720406
|move|p2a: Gholdengo|Make It Rain|p1b: Farigiraf|[spread] p1a,p1b
|-damage|p1a: Primarina|72/100
|-damage|p1b: Farigiraf|70/100
|-unboost|p2a: Gholdengo|spa|2
|-damage|p2a: Gholdengo|81/100|[from] item: Life Orb
|move|p2b: Milotic|Scald|p1b: Farigiraf
|-damage|p1b: Farigiraf|39/100
|-status|p1b: Farigiraf|brn
|-enditem|p1b: Farigiraf|Sitrus Berry|[eat]
|-heal|p1b: Farigiraf|63/100 brn|[from] item: Sitrus Berry
|move|p1a: Primarina|Calm Mind|p1a: Primarina
|-boost|p1a: Primarina|spa|1
|-boost|p1a: Primarina|spd|1
|move|p1b: Farigiraf|Trick Room|p1b: Farigiraf
|-fieldstart|move: Trick Room|[of] p1b: Farigiraf
|
|-heal|p1a: Primarina|78/100|[from] item: Leftovers
|-damage|p1b: Farigiraf|57/100 brn|[from] brn
|upkeep
|turn|3
|
|t:|1783720423
|switch|p2a: Blaziken|Blaziken, L50, M|100/100
|move|p1b: Farigiraf|Thunderbolt|p2b: Milotic
|-supereffective|p2b: Milotic|1
|-damage|p2b: Milotic|66/100
|move|p1a: Primarina|Moonblast|p2b: Milotic
|-damage|p2b: Milotic|15/100
|-unboost|p2b: Milotic|spa|1
|-ability|p2b: Milotic|Competitive|boost
|-boost|p2b: Milotic|spa|2
|move|p2b: Milotic|Scald|p1a: Primarina
|-resisted|p1a: Primarina|1
|-damage|p1a: Primarina|63/100
|
|-heal|p1a: Primarina|69/100|[from] item: Leftovers
|-damage|p1b: Farigiraf|51/100 brn|[from] brn
|upkeep
|turn|4
|
|t:|1783720436
|move|p2b: Milotic|Protect|p2b: Milotic
|-singleturn|p2b: Milotic|Protect
|move|p2a: Blaziken|Detect|p2a: Blaziken
|-singleturn|p2a: Blaziken|Protect
|move|p1b: Farigiraf|Thunderbolt|p2b: Milotic
|-activate|p2b: Milotic|move: Protect
|move|p1a: Primarina|Hyper Voice|p2b: Milotic|[spread] 
|-activate|p2a: Blaziken|move: Protect
|-activate|p2b: Milotic|move: Protect
|
|-heal|p1a: Primarina|75/100|[from] item: Leftovers
|-damage|p1b: Farigiraf|45/100 brn|[from] brn
|-ability|p2a: Blaziken|Speed Boost|boost
|-boost|p2a: Blaziken|spe|1
|upkeep
|turn|5
|
|t:|1783720446
|switch|p2a: Gholdengo|Gholdengo, L50|81/100
|move|p1b: Farigiraf|Thunderbolt|p2b: Milotic
|-supereffective|p2b: Milotic|1
|-damage|p2b: Milotic|0 fnt
|faint|p2b: Milotic
|move|p1a: Primarina|Hyper Voice|p2a: Gholdengo
|-damage|p2a: Gholdengo|8/100
|
|-heal|p1a: Primarina|81/100|[from] item: Leftovers
|-damage|p1b: Farigiraf|39/100 brn|[from] brn
|upkeep
|
|t:|1783720447
|switch|p2b: Blaziken|Blaziken, L50, M|100/100
|turn|6
|
|t:|1783720472
|move|p2b: Blaziken|Detect|p2b: Blaziken
|-singleturn|p2b: Blaziken|Protect
|move|p2a: Gholdengo|Protect|p2a: Gholdengo
|-singleturn|p2a: Gholdengo|Protect
|move|p1b: Farigiraf|Thunderbolt|p2a: Gholdengo
|-activate|p2a: Gholdengo|move: Protect
|move|p1a: Primarina|Calm Mind|p1a: Primarina
|-boost|p1a: Primarina|spa|1
|-boost|p1a: Primarina|spd|1
|
|-heal|p1a: Primarina|87/100|[from] item: Leftovers
|-damage|p1b: Farigiraf|33/100 brn|[from] brn
|-fieldend|move: Trick Room
|-ability|p2b: Blaziken|Speed Boost|boost
|-boost|p2b: Blaziken|spe|1
|upkeep
|turn|7
|
|t:|1783720496
|detailschange|p2b: Blaziken|Blaziken-Mega, L50, M
|-mega|p2b: Blaziken|Blaziken|Blazikenite
|move|p2b: Blaziken|Flare Blitz|p1a: Primarina
|-resisted|p1a: Primarina|1
|-damage|p1a: Primarina|49/100
|-damage|p2b: Blaziken|85/100|[from] Recoil
|move|p2a: Gholdengo|Make It Rain|p1a: Primarina|[spread] p1a,p1b
|-damage|p1a: Primarina|24/100
|-damage|p1b: Farigiraf|0 fnt
|-unboost|p2a: Gholdengo|spa|2
|faint|p1b: Farigiraf
|-damage|p2a: Gholdengo|0 fnt|[from] item: Life Orb
|faint|p2a: Gholdengo
|move|p1a: Primarina|Hyper Voice|p2b: Blaziken
|-supereffective|p2b: Blaziken|1
|-damage|p2b: Blaziken|0 fnt
|faint|p2b: Blaziken
|
|win|SomeKidJon
|raw|SomeKidJon's rating: 1315 → 1342(+27 for winning)
|raw|ILoveMIR's rating: 1441 → 1414(-27 for losing)
