|j|ŌśåGuacGangster826
|j|Ōśåpwndnoob1
|html|GuacGangster826pwndnoob1    
|uhtml|bestof|Game 1 of a best-of-3
|t:|1785265667
|gametype|doubles
|player|p1|GuacGangster826|ingo|
|player|p2|pwndnoob1|chuck|
|gen|9
|tier|[Gen 9 Champions] VGC 2026 Reg M-B (Bo3)
|rule|Species Clause: Limit one of each Pok├®mon
|rule|Item Clause: Limit 1 of each item
|clearpoke
|poke|p1|Pyroar, L50, M, shiny|
|poke|p1|Sableye, L50, M, shiny|
|poke|p1|Scrafty, L50, M, shiny|
|poke|p1|Raichu, L50, F, shiny|
|poke|p1|Ninetales, L50, M, shiny|
|poke|p1|Gallade, L50, M, shiny|
|poke|p2|Basculegion, L50, M|
|poke|p2|Sneasler, L50, F|
|poke|p2|Scrafty, L50, F|
|poke|p2|Noivern, L50, F|
|poke|p2|Wyrdeer, L50, M|
|poke|p2|Alcremie, L50, F|
|teampreview|4
|showteam|p1|Pyroar||Pyroarite|Unnerve|HeatWave,HyperVoice,WillOWisp,Protect|Timid||M|||50|]Sableye||FocusSash|Prankster|Reflect,SunnyDay,Quash,Protect|Bold||M|||50|]Scrafty||SitrusBerry|Intimidate|FakeOut,KnockOff,HelpingHand,Protect|Careful||M|||50|]Raichu||KingsRock|Static|Electroweb,Endeavor,Nuzzle,FakeOut|Hasty||F|||50|]Ninetales||SmoothRock|Drought|WeatherBall,Encore,WillOWisp,Protect|Calm||M|||50|]Gallade||LifeOrb|Sharpness|PsychoCut,SacredSword,LeafBlade,Protect|Jolly||M|||50|
|showteam|p2|Basculegion||ChoiceScarf|Adaptability|LastRespects,WaveCrash,FlipTurn,AquaJet|Adamant||M|||50|]Sneasler||FocusSash|Unburden|CloseCombat,Acrobatics,FakeOut,RainDance|Jolly||F|||50|]Scrafty||Scraftinite|Intimidate|Detect,DrainPunch,IronHead,FakeOut|Careful||F|||50|]Noivern||MentalHerb|Frisk|Tailwind,Protect,AirSlash,DracoMeteor|Calm||F|||50|]Wyrdeer||LifeOrb|Intimidate|TrickRoom,Earthquake,Protect,HighHorsepower|Careful||M|||50|]Alcremie||SitrusBerry|AromaVeil|Decorate,DazzlingGleam,Protect,HelpingHand|Calm||F|||50|
|l|ŌśåGuacGangster826
|player|p1|
|j|ŌśåGuacGangster826
|player|p1|GuacGangster826|ingo|
|c|ŌśåGuacGangster826|glhf
|c|ŌśåGuacGangster826|Just like donŌĆÖt look ig idk
|c|Ōśåpwndnoob1|*rolls eyes*
|c|Ōśåpwndnoob1|sure
|
|t:|1785265765
|teamsize|p1|4
|teamsize|p2|4
|start
|switch|p1a: Sableye|Sableye, L50, M, shiny|100/100
|switch|p1b: Pyroar|Pyroar, L50, M, shiny|100/100
|switch|p2a: Noivern|Noivern, L50, F|100/100
|switch|p2b: Sneasler|Sneasler, L50, F|100/100
|-ability|p1b: Pyroar|Unnerve
|-item|p1a: Sableye|Focus Sash|[from] ability: Frisk|[of] p2a: Noivern
|-item|p1b: Pyroar|Pyroarite|[from] ability: Frisk|[of] p2a: Noivern
|turn|1
|
|t:|1785265818
|switch|p1b: Gallade|Gallade, L50, M, shiny|100/100
|move|p1a: Sableye|Reflect|p1a: Sableye
|-sidestart|p1: GuacGangster826|Reflect
|move|p2b: Sneasler|Close Combat|p1b: Gallade
|-resisted|p1b: Gallade|1
|-crit|p1b: Gallade
|-damage|p1b: Gallade|18/100
|-unboost|p2b: Sneasler|def|1
|-unboost|p2b: Sneasler|spd|1
|move|p2a: Noivern|Tailwind|p2a: Noivern
|-sidestart|p2: pwndnoob1|move: Tailwind
|
|upkeep
|turn|2
|c|Ōśåpwndnoob1|nah bro when i mouse over your mons it shows moves
|c|Ōśåpwndnoob1|we can play open, I guess
|c|ŌśåGuacGangster826|Yeahhhh
|c|ŌśåGuacGangster826|I mean if you want we can restart
|c|Ōśåpwndnoob1|but i like my opener, i got a crit
|c|Ōśåpwndnoob1|like
|c|Ōśåpwndnoob1|just sitting here with frisk like an idiot
|c|ŌśåGuacGangster826|Get a look at this guy
|c|ŌśåGuacGangster826|Yeahhhh ig
|c|ŌśåGuacGangster826|Oh well
|c|ŌśåGuacGangster826|Wait did you get live?
|l|ŌśåGuacGangster826
|player|p1|
|j|ŌśåGuacGangster826
|player|p1|GuacGangster826|ingo|
|
|t:|1785266006
|switch|p2b: Scrafty|Scrafty, L50, F|100/100
|-ability|p2b: Scrafty|Intimidate|boost
|-unboost|p1a: Sableye|atk|1
|-unboost|p1b: Gallade|atk|1
|move|p1a: Sableye|Quash|p2b: Scrafty
|-hint|Since gen 7, Dark is immune to Prankster moves.
|-immune|p2b: Scrafty
|move|p2a: Noivern|Air Slash|p1b: Gallade
|-supereffective|p1b: Gallade|1
|-damage|p1b: Gallade|0 fnt
|faint|p1b: Gallade
|
|upkeep
|
|t:|1785266019
|switch|p1b: Pyroar|Pyroar, L50, M, shiny|100/100
|-ability|p1b: Pyroar|Unnerve
|turn|3
|
|t:|1785266042
|detailschange|p1b: Pyroar|Pyroar-Mega, L50, M, shiny
|-mega|p1b: Pyroar|Pyroar|Pyroarite
|detailschange|p2b: Scrafty|Scrafty-Mega, L50, F
|-mega|p2b: Scrafty|Scrafty|Scraftinite
|-ability|p2b: Scrafty|Intimidate|boost
|-unboost|p1a: Sableye|atk|1
|-unboost|p1b: Pyroar|atk|1
|move|p1b: Pyroar|Protect|p1b: Pyroar
|-singleturn|p1b: Pyroar|Protect
|move|p1a: Sableye|Sunny Day|p1a: Sableye
|-weather|SunnyDay
|move|p2a: Noivern|Air Slash|p1b: Pyroar
|-activate|p1b: Pyroar|move: Protect
|move|p2b: Scrafty|Drain Punch|p1b: Pyroar
|-activate|p1b: Pyroar|move: Protect
|
|-weather|SunnyDay|[upkeep]
|upkeep
|turn|4
|
|t:|1785266079
|switch|p2a: Sneasler|Sneasler, L50, F|100/100
|move|p1a: Sableye|Quash|p2b: Scrafty
|-hint|Since gen 7, Dark is immune to Prankster moves.
|-immune|p2b: Scrafty
|move|p1b: Pyroar|Heat Wave|p2b: Scrafty|[spread] p2a,p2b
|-damage|p2a: Sneasler|1/100
|-damage|p2b: Scrafty|54/100
|move|p2b: Scrafty|Drain Punch|p1b: Pyroar
|-supereffective|p1b: Pyroar|1
|-damage|p1b: Pyroar|53/100
|-heal|p2b: Scrafty|80/100|[from] drain|[of] p1b: Pyroar
|
|-weather|SunnyDay|[upkeep]
|-sideend|p2: pwndnoob1|move: Tailwind
|upkeep
|turn|5
|
|t:|1785266106
|move|p1a: Sableye|Quash|p2a: Sneasler
|-activate|p2a: Sneasler|move: Quash
|move|p1b: Pyroar|Heat Wave|p2b: Scrafty|[spread] p2a
|-miss|p1b: Pyroar|p2b: Scrafty
|-damage|p2a: Sneasler|0 fnt
|faint|p2a: Sneasler
|move|p2b: Scrafty|Drain Punch|p1b: Pyroar
|-supereffective|p1b: Pyroar|1
|-damage|p1b: Pyroar|6/100
|-heal|p2b: Scrafty|100/100|[from] drain|[of] p1b: Pyroar
|
|-weather|SunnyDay|[upkeep]
|-sideend|p1: GuacGangster826|Reflect
|upkeep
|c|ŌśåGuacGangster826|Oof
|c|ŌśåGuacGangster826|That miss hurts
|
|t:|1785266133
|switch|p2a: Basculegion|Basculegion, L50, M|100/100
|turn|6
|
|t:|1785266145
|switch|p1b: Scrafty|Scrafty, L50, M, shiny|100/100
|-ability|p1b: Scrafty|Intimidate|boost
|-unboost|p2a: Basculegion|atk|1
|-unboost|p2b: Scrafty|atk|1
|move|p2a: Basculegion|Aqua Jet|p1b: Scrafty
|-damage|p1b: Scrafty|93/100
|move|p1a: Sableye|Reflect|p1a: Sableye
|-sidestart|p1: GuacGangster826|Reflect
|move|p2b: Scrafty|Iron Head|p1a: Sableye
|-damage|p1a: Sableye|89/100
|
|-weather|SunnyDay|[upkeep]
|upkeep
|turn|7
|
|t:|1785266164
|switch|p2a: Noivern|Noivern, L50, F|100/100
|-item|p1a: Sableye|Focus Sash|[from] ability: Frisk|[of] p2a: Noivern
|-item|p1b: Scrafty|Sitrus Berry|[from] ability: Frisk|[of] p2a: Noivern
|move|p1a: Sableye|Protect|p1a: Sableye
|-singleturn|p1a: Sableye|Protect
|move|p2b: Scrafty|Detect|p2b: Scrafty
|-singleturn|p2b: Scrafty|Protect
|move|p1b: Scrafty|Knock Off|p2a: Noivern
|-damage|p2a: Noivern|62/100
|-enditem|p2a: Noivern|Mental Herb|[from] move: Knock Off|[of] p1b: Scrafty
|
|-weather|none
|upkeep
|turn|8
|
|t:|1785266210
|switch|p1a: Pyroar|Pyroar-Mega, L50, M, shiny|6/100
|move|p1b: Scrafty|Protect|p1b: Scrafty
|-singleturn|p1b: Scrafty|Protect
|move|p2a: Noivern|Air Slash|p1b: Scrafty
|-activate|p1b: Scrafty|move: Protect
|move|p2b: Scrafty|Drain Punch|p1b: Scrafty
|-activate|p1b: Scrafty|move: Protect
|
|upkeep
|turn|9
|
|t:|1785266229
|move|p1b: Scrafty|Helping Hand|p1a: Pyroar
|-singleturn|p1a: Pyroar|Helping Hand|[of] p1b: Scrafty
|move|p2a: Noivern|Protect|p2a: Noivern
|-singleturn|p2a: Noivern|Protect
|move|p1a: Pyroar|Heat Wave|p2b: Scrafty|[spread] p2b
|-activate|p2a: Noivern|move: Protect
|-damage|p2b: Scrafty|61/100
|move|p2b: Scrafty|Drain Punch|p1a: Pyroar
|-supereffective|p1a: Pyroar|1
|-damage|p1a: Pyroar|0 fnt
|-heal|p2b: Scrafty|64/100|[from] drain|[of] p1a: Pyroar
|faint|p1a: Pyroar
|
|upkeep
|
|t:|1785266244
|switch|p1a: Sableye|Sableye, L50, M, shiny|89/100
|turn|10
|
|t:|1785266266
|move|p1a: Sableye|Quash|p2a: Noivern
|-activate|p2a: Noivern|move: Quash
|move|p2b: Scrafty|Drain Punch|p1b: Scrafty
|-supereffective|p1b: Scrafty|1
|-damage|p1b: Scrafty|64/100
|-heal|p2b: Scrafty|79/100|[from] drain|[of] p1b: Scrafty
|move|p1b: Scrafty|Knock Off|p2a: Noivern
|-damage|p2a: Noivern|36/100
|move|p2a: Noivern|Air Slash|p1b: Scrafty
|-supereffective|p1b: Scrafty|1
|-damage|p1b: Scrafty|28/100
|-enditem|p1b: Scrafty|Sitrus Berry|[eat]
|-heal|p1b: Scrafty|53/100|[from] item: Sitrus Berry
|
|-sideend|p1: GuacGangster826|Reflect
|upkeep
|turn|11
|
|t:|1785266310
|move|p2a: Noivern|Protect|p2a: Noivern
|-singleturn|p2a: Noivern|Protect
|move|p1a: Sableye|Reflect|p1a: Sableye
|-sidestart|p1: GuacGangster826|Reflect
|move|p2b: Scrafty|Drain Punch|p1b: Scrafty
|-supereffective|p1b: Scrafty|1
|-damage|p1b: Scrafty|25/100
|-heal|p2b: Scrafty|93/100|[from] drain|[of] p1b: Scrafty
|move|p1b: Scrafty|Knock Off|p2a: Noivern
|-activate|p2a: Noivern|move: Protect
|
|upkeep
|turn|12
|
|t:|1785266330
|move|p1a: Sableye|Protect|p1a: Sableye
|-singleturn|p1a: Sableye|Protect
|move|p1b: Scrafty|Protect|p1b: Scrafty
|-singleturn|p1b: Scrafty|Protect
|move|p2a: Noivern|Air Slash|p1b: Scrafty
|-activate|p1b: Scrafty|move: Protect
|move|p2b: Scrafty|Drain Punch|p1b: Scrafty
|-activate|p1b: Scrafty|move: Protect
|
|upkeep
|turn|13
|
|t:|1785266344
|move|p1a: Sableye|Quash|p2a: Noivern
|-activate|p2a: Noivern|move: Quash
|move|p2b: Scrafty|Drain Punch|p1b: Scrafty
|-supereffective|p1b: Scrafty|1
|-damage|p1b: Scrafty|0 fnt
|-heal|p2b: Scrafty|100/100|[from] drain|[of] p1b: Scrafty
|faint|p1b: Scrafty
|move|p2a: Noivern|Air Slash|p1a: Sableye
|-damage|p1a: Sableye|51/100
|
|upkeep
|turn|14
|
|t:|1785266360
|move|p1a: Sableye|Sunny Day|p1a: Sableye
|-weather|SunnyDay
|move|p2a: Noivern|Air Slash|p1a: Sableye
|-damage|p1a: Sableye|7/100
|move|p2b: Scrafty|Iron Head|p1a: Sableye
|-damage|p1a: Sableye|0 fnt
|faint|p1a: Sableye
|
|win|pwndnoob1
||pwndnoob1 is ready for game 2.
||GuacGangster826 is ready for game 2.
|uhtml|next|Next: Game 2 of 3
|l|ŌśåGuacGangster826
|player|p1|
|l|Ōśåpwndnoob1
|player|p2|
|j|ŌśåGuacGangster826
|player|p1|GuacGangster826|ingo|
|l|ŌśåGuacGangster826
|player|p1|
