|j|☆rowansmuscleshirt
|j|☆Pikapoololol
|html|rowansmuscleshirtPikapoololol    
|uhtml|bestof|Game 1 of a best-of-3
|t:|1757774991
|gametype|doubles
|player|p1|rowansmuscleshirt|ltsurge|1217
|player|p2|Pikapoololol|ninjaboy|1157
|gen|9
|tier|[Gen 9] VGC 2025 Reg H (Bo3)
|rated|
|rule|Species Clause: Limit one of each Pokémon
|rule|Item Clause: Limit 1 of each item
|clearpoke
|poke|p1|Dragonite, L50, M|
|poke|p1|Gholdengo, L50|
|poke|p1|Ursaluna-Bloodmoon, L50, M|
|poke|p1|Annihilape, L50, F|
|poke|p1|Maushold-Four, L50|
|poke|p1|Rillaboom, L50, F|
|poke|p2|Pelipper, L50, F|
|poke|p2|Archaludon, L50, F|
|poke|p2|Incineroar, L50, M|
|poke|p2|Kingdra, L50, F|
|poke|p2|Amoonguss, L50, M|
|poke|p2|Rillaboom, L50, M|
|teampreview|4
|showteam|p1|Dragonite||LoadedDice|Multiscale|ScaleShot,Tailwind,Haze,Protect|||M|||50|,,,,,Fairy]Gholdengo||LifeOrb|GoodasGold|MakeItRain,ShadowBall,NastyPlot,Protect||||||50|,,,,,Water]Ursaluna-Bloodmoon||AssaultVest|MindsEye|BloodMoon,EarthPower,HyperVoice,VacuumWave|||M|||50|,,,,,Water]Annihilape||SitrusBerry|Defiant|DrainPunch,RageFist,BulkUp,Protect|||F|||50|,,,,,Fire]Maushold-Four||FocusSash|FriendGuard|SuperFang,BeatUp,FollowMe,Protect||||||50|,,,,,Ghost]Rillaboom||MiracleSeed|GrassySurge|WoodHammer,GrassyGlide,HighHorsepower,FakeOut|||F|||50|,,,,,Fire
|showteam|p2|Pelipper||FocusSash|Drizzle|Hurricane,WeatherBall,Tailwind,Protect|||F|||50|,,,,,Ground]Archaludon||AssaultVest|Stamina|ElectroShot,DragonPulse,FlashCannon,BodyPress|||F|||50|,,,,,Bug]Incineroar||SafetyGoggles|Intimidate|FlareBlitz,KnockOff,PartingShot,FakeOut|||M|||50|,,,,,Ghost]Kingdra||LifeOrb|SwiftSwim|DracoMeteor,WeatherBall,Protect,MuddyWater|||F|||50|,,,,,Stellar]Amoonguss||SitrusBerry|Regenerator|PollenPuff,Protect,RagePowder,Spore|||M|||50|,,,,,Psychic]Rillaboom||LoadedDice|GrassySurge|BulletSeed,GrassyGlide,HighHorsepower,FakeOut|||M|||50|,,,,,Fire
|inactive|Battle timer is ON: inactive players will automatically lose when time's up. (requested by rowansmuscleshirt)
|inactive|rowansmuscleshirt has 60 seconds left.
|
|t:|1757775039
|teamsize|p1|4
|teamsize|p2|4
|start
|switch|p1a: Annihilape|Annihilape, L50, F|100/100
|switch|p1b: Maushold|Maushold-Four, L50|100/100
|switch|p2a: Pelipper|Pelipper, L50, F|100/100
|switch|p2b: Kingdra|Kingdra, L50, F|100/100
|-weather|RainDance|[from] ability: Drizzle|[of] p2a: Pelipper
|turn|1
|
|t:|1757775062
|move|p2b: Kingdra|Weather Ball|p1b: Maushold
|-enditem|p1b: Maushold|Focus Sash
|-damage|p1b: Maushold|1/100
|-damage|p2b: Kingdra|91/100|[from] item: Life Orb
|move|p1b: Maushold|Super Fang|p2a: Pelipper
|-damage|p2a: Pelipper|50/100
|move|p1a: Annihilape|Rage Fist|p2a: Pelipper
|-damage|p2a: Pelipper|22/100
|move|p2a: Pelipper|Hurricane|p1a: Annihilape
|-supereffective|p1a: Annihilape
|-damage|p1a: Annihilape|23/100
|-start|p1a: Annihilape|confusion
|-enditem|p1a: Annihilape|Sitrus Berry|[eat]
|-heal|p1a: Annihilape|48/100|[from] item: Sitrus Berry
|
|-weather|RainDance|[upkeep]
|upkeep
|turn|2
|inactive|Pikapoololol has 30 seconds left.
|
|t:|1757775091
|switch|p1a: Rillaboom|Rillaboom, L50, F|100/100
|-fieldstart|move: Grassy Terrain|[from] ability: Grassy Surge|[of] p1a: Rillaboom
|move|p1b: Maushold|Protect|p1b: Maushold
|-singleturn|p1b: Maushold|Protect
|move|p2a: Pelipper|Protect|p2a: Pelipper
|-singleturn|p2a: Pelipper|Protect
|move|p2b: Kingdra|Muddy Water|p1b: Maushold|[spread] p1a
|-activate|p1b: Maushold|move: Protect
|-resisted|p1a: Rillaboom
|-damage|p1a: Rillaboom|75/100
|-unboost|p1a: Rillaboom|accuracy|1
|-damage|p2b: Kingdra|81/100|[from] item: Life Orb
|
|-weather|RainDance|[upkeep]
|-heal|p2b: Kingdra|87/100|[from] Grassy Terrain
|-heal|p1b: Maushold|7/100|[from] Grassy Terrain
|-heal|p1a: Rillaboom|81/100|[from] Grassy Terrain
|upkeep
|turn|3
|inactive|rowansmuscleshirt has 30 seconds left.
|
|t:|1757775118
|switch|p2a: Archaludon|Archaludon, L50, F|100/100
|move|p2b: Kingdra|Protect|p2b: Kingdra
|-singleturn|p2b: Kingdra|Protect
|move|p1a: Rillaboom|Fake Out|p2b: Kingdra
|-activate|p2b: Kingdra|move: Protect
|move|p1b: Maushold|Beat Up|p2a: Archaludon
|-damage|p2a: Archaludon|98/100
|-ability|p2a: Archaludon|Stamina|boost
|-boost|p2a: Archaludon|def|1
|-damage|p2a: Archaludon|96/100
|-ability|p2a: Archaludon|Stamina|boost
|-boost|p2a: Archaludon|def|1
|-damage|p2a: Archaludon|95/100
|-ability|p2a: Archaludon|Stamina|boost
|-boost|p2a: Archaludon|def|1
|-damage|p2a: Archaludon|94/100
|-ability|p2a: Archaludon|Stamina|boost
|-boost|p2a: Archaludon|def|1
|-hitcount|p2a: Archaludon|4
|
|-weather|RainDance|[upkeep]
|-heal|p2b: Kingdra|93/100|[from] Grassy Terrain
|-heal|p1b: Maushold|13/100|[from] Grassy Terrain
|-heal|p1a: Rillaboom|87/100|[from] Grassy Terrain
|-heal|p2a: Archaludon|99/100|[from] Grassy Terrain
|upkeep
|turn|4
|
|t:|1757775132
|move|p1b: Maushold|Protect|p1b: Maushold
|-singleturn|p1b: Maushold|Protect
|move|p2b: Kingdra|Muddy Water|p1b: Maushold|[spread] 
|-activate|p1b: Maushold|move: Protect
|-miss|p2b: Kingdra|p1a: Rillaboom
|move|p1a: Rillaboom|Wood Hammer|p2b: Kingdra
|-damage|p2b: Kingdra|0 fnt
|faint|p2b: Kingdra
|-damage|p1a: Rillaboom|64/100|[from] Recoil
|move|p2a: Archaludon|Body Press|p1a: Rillaboom
|-crit|p1a: Rillaboom
|-damage|p1a: Rillaboom|0 fnt
|faint|p1a: Rillaboom
|
|-weather|RainDance|[upkeep]
|-heal|p1b: Maushold|19/100|[from] Grassy Terrain
|-heal|p2a: Archaludon|100/100|[from] Grassy Terrain
|upkeep
|
|t:|1757775146
|switch|p2b: Rillaboom|Rillaboom, L50, M|100/100
|switch|p1a: Gholdengo|Gholdengo, L50|100/100
|turn|5
|
|t:|1757775160
|-terastallize|p1b: Maushold|Ghost
|move|p1b: Maushold|Follow Me|p1b: Maushold
|-singleturn|p1b: Maushold|move: Follow Me
|move|p2b: Rillaboom|Grassy Glide|p1b: Maushold
|-damage|p1b: Maushold|0 fnt
|faint|p1b: Maushold
|move|p1a: Gholdengo|Nasty Plot|p1a: Gholdengo
|-boost|p1a: Gholdengo|spa|2
|move|p2a: Archaludon|Electro Shot||[still]
|-prepare|p2a: Archaludon|Electro Shot
|-boost|p2a: Archaludon|spa|1
|-anim|p2a: Archaludon|Electro Shot|p1a: Gholdengo
|-damage|p1a: Gholdengo|37/100
|
|-weather|none
|-heal|p1a: Gholdengo|43/100|[from] Grassy Terrain
|upkeep
|
|t:|1757775166
|switch|p1b: Annihilape|Annihilape, L50, F|48/100
|turn|6
|inactive|Pikapoololol has 30 seconds left.
|
|t:|1757775202
|-terastallize|p2b: Rillaboom|Fire
|move|p1b: Annihilape|Rage Fist|p2a: Archaludon
|-damage|p2a: Archaludon|91/100
|-ability|p2a: Archaludon|Stamina|boost
|-boost|p2a: Archaludon|def|1
|move|p1a: Gholdengo|Shadow Ball|p2a: Archaludon
|-damage|p2a: Archaludon|15/100
|-ability|p2a: Archaludon|Stamina|boost
|-boost|p2a: Archaludon|def|1
|-damage|p1a: Gholdengo|33/100|[from] item: Life Orb
|move|p2b: Rillaboom|Bullet Seed|p1b: Annihilape
|-damage|p1b: Annihilape|28/100
|-damage|p1b: Annihilape|11/100
|-damage|p1b: Annihilape|0 fnt
|faint|p1b: Annihilape
|-hitcount|p1: Annihilape|3
|move|p2a: Archaludon|Dragon Pulse|p1a: Gholdengo
|-resisted|p1a: Gholdengo
|-damage|p1a: Gholdengo|0 fnt
|faint|p1a: Gholdengo
|
|win|Pikapoololol
||rowansmuscleshirt is ready for game 2.
|inactive|Pikapoololol has 30 seconds to confirm battle start!
||Pikapoololol is ready for game 2.
|uhtml|next|Next: Game 2 of 3
