|j|☆lordtentacle69
|j|☆ggfsb
|html|lordtentacle69ggfsb    
|uhtml|bestof|Game 1 of a best-of-3
|t:|1784689761
|gametype|doubles
|player|p1|lordtentacle69|corbeau|1429
|player|p2|ggfsb|palmer|1317
|gen|9
|tier|[Gen 9 Champions] VGC 2026 Reg M-B (Bo3)
|rated|
|rule|Species Clause: Limit one of each Pokémon
|rule|Item Clause: Limit 1 of each item
|clearpoke
|poke|p1|Delphox, L50, M|
|poke|p1|Incineroar, L50, M|
|poke|p1|Maushold-Four, L50|
|poke|p1|Sinistcha, L50|
|poke|p1|Sneasler, L50, F|
|poke|p1|Blastoise, L50, M|
|poke|p2|Blastoise, L50, F|
|poke|p2|Incineroar, L50, M|
|poke|p2|Delphox, L50, F|
|poke|p2|Sneasler, L50, F|
|poke|p2|Sinistcha, L50|
|poke|p2|Kingambit, L50, F|
|teampreview|4
|showteam|p1|Delphox||Delphoxite|Blaze|HeatWave,Psychic,NastyPlot,Protect|Timid||M|||50|]Incineroar||SitrusBerry|Intimidate|FakeOut,PartingShot,FlareBlitz,ThroatChop|Impish||M|||50|]Maushold-Four||ChopleBerry|FriendGuard|Feint,HelpingHand,Protect,FollowMe|Impish|||||50|]Sinistcha||KasibBerry|Hospitality|Protect,MatchaGotcha,TrickRoom,RagePowder|Bold|||||50|]Sneasler||FocusSash|PoisonTouch|CloseCombat,PoisonJab,QuickGuard,FakeOut|Adamant||F|||50|]Blastoise||Blastoisinite|RainDish|Protect,WaterSpout,DarkPulse,ShellSmash|Modest||M|||50|
|showteam|p2|Blastoise||Blastoisinite|RainDish|WaterSpout,DarkPulse,ShellSmash,Protect|Modest||F|||50|]Incineroar||SitrusBerry|Intimidate|FakeOut,PartingShot,ThroatChop,FlareBlitz|Careful||M|||50|]Delphox||Delphoxite|Blaze|HeatWave,Psychic,NastyPlot,Protect|Timid||F|||50|]Sneasler||FocusSash|PoisonTouch|FakeOut,CloseCombat,DireClaw,QuickGuard|Jolly||F|||50|]Sinistcha||ColburBerry|Hospitality|MatchaGotcha,RagePowder,TrickRoom,Protect|Relaxed|||||50|]Kingambit||BlackGlasses|Defiant|KowtowCleave,SuckerPunch,SwordsDance,Protect|Adamant||F|||50|
|inactive|Battle timer is ON: inactive players will automatically lose when time's up. (requested by ggfsb)
|inactive|lordtentacle69 has 60 seconds left.
|inactive|ggfsb has 60 seconds left.
|
|t:|1784689806
|teamsize|p1|4
|teamsize|p2|4
|start
|switch|p1a: Brent|Blastoise, L50, M|100/100
|switch|p1b: Sarahn's OC|Sneasler, L50, F|100/100
|switch|p2a: Blastoise|Blastoise, L50, F|100/100
|switch|p2b: Incineroar|Incineroar, L50, M|100/100
|-ability|p2b: Incineroar|Intimidate|boost
|-unboost|p1a: Brent|atk|1
|-unboost|p1b: Sarahn's OC|atk|1
|turn|1
|inactive|ggfsb has 30 seconds left.
|
|t:|1784689836
|detailschange|p1a: Brent|Blastoise-Mega, L50, M
|-mega|p1a: Brent|Blastoise|Blastoisinite
|detailschange|p2a: Blastoise|Blastoise-Mega, L50, F
|-mega|p2a: Blastoise|Blastoise|Blastoisinite
|move|p1b: Sarahn's OC|Fake Out|p2b: Incineroar
|-damage|p2b: Incineroar|90/100
|-status|p2b: Incineroar|psn|[from] ability: Poison Touch|[of] p1b: Sarahn's OC
|move|p1a: Brent|Shell Smash|p1a: Brent
|-unboost|p1a: Brent|def|1
|-unboost|p1a: Brent|spd|1
|-boost|p1a: Brent|atk|2
|-boost|p1a: Brent|spa|2
|-boost|p1a: Brent|spe|2
|move|p2a: Blastoise|Shell Smash|p2a: Blastoise
|-unboost|p2a: Blastoise|def|1
|-unboost|p2a: Blastoise|spd|1
|-boost|p2a: Blastoise|atk|2
|-boost|p2a: Blastoise|spa|2
|-boost|p2a: Blastoise|spe|2
|cant|p2b: Incineroar|flinch
|
|-damage|p2b: Incineroar|77/100 psn|[from] psn
|upkeep
|turn|2
|inactive|lordtentacle69 has 30 seconds left.
|inactive|ggfsb has 30 seconds left.
|
|t:|1784689868
|move|p1a: Brent|Protect|p1a: Brent
|-singleturn|p1a: Brent|Protect
|move|p2a: Blastoise|Water Spout|p1b: Sarahn's OC|[spread] p1b
|-activate|p1a: Brent|move: Protect
|-enditem|p1b: Sarahn's OC|Focus Sash
|-damage|p1b: Sarahn's OC|1/100
|move|p1b: Sarahn's OC|Close Combat|p2a: Blastoise
|-crit|p2a: Blastoise
|-damage|p2a: Blastoise|0 fnt
|-unboost|p1b: Sarahn's OC|def|1
|-unboost|p1b: Sarahn's OC|spd|1
|faint|p2a: Blastoise
|move|p2b: Incineroar|Parting Shot|p1b: Sarahn's OC
|-unboost|p1b: Sarahn's OC|atk|1
|-unboost|p1b: Sarahn's OC|spa|1
|
|t:|1784689876
|switch|p2b: Sneasler|Sneasler, L50, F|100/100|[from] Parting Shot
|
|upkeep
|
|t:|1784689881
|switch|p2a: Incineroar|Incineroar, L50, M|77/100 psn
|-ability|p2a: Incineroar|Intimidate|boost
|-unboost|p1a: Brent|atk|1
|-unboost|p1b: Sarahn's OC|atk|1
|turn|3
|
|t:|1784689905
|switch|p1a: Green Day|Sinistcha, L50|100/100
|-heal|p1b: Sarahn's OC|25/100|[from] ability: Hospitality|[of] p1a: Green Day
|switch|p1b: MMCH|Maushold-Four, L50|100/100
|move|p2a: Incineroar|Fake Out|p1a: Green Day
|-immune|p1a: Green Day
|move|p2b: Sneasler|Close Combat|p1a: Green Day
|-immune|p1a: Green Day
|
|-damage|p2a: Incineroar|65/100 psn|[from] psn
|upkeep
|turn|4
|inactive|lordtentacle69 has 30 seconds left.
|inactive|ggfsb has 30 seconds left.
|inactive|lordtentacle69 has 20 seconds left.
|inactive|lordtentacle69 has 15 seconds left.
|inactive|lordtentacle69 has 10 seconds left.
|
|t:|1784689951
|switch|p2b: Sinistcha|Sinistcha, L50|100/100
|-heal|p2a: Incineroar|90/100 psn|[from] ability: Hospitality|[of] p2b: Sinistcha
|switch|p1a: Sarahn's OC|Sneasler, L50, F|25/100
|move|p1b: MMCH|Protect|p1b: MMCH
|-singleturn|p1b: MMCH|Protect
|move|p2a: Incineroar|Throat Chop|p1a: Sarahn's OC
|-resisted|p1a: Sarahn's OC|1
|-damage|p1a: Sarahn's OC|7/100
|-start|p1a: Sarahn's OC|Throat Chop|[silent]
|
|-damage|p2a: Incineroar|77/100 psn|[from] psn
|upkeep
|turn|5
|
|t:|1784689974
|move|p1b: MMCH|Helping Hand|p1a: Sarahn's OC
|-singleturn|p1a: Sarahn's OC|Helping Hand|[of] p1b: MMCH
|move|p2b: Sinistcha|Rage Powder|p2b: Sinistcha
|-singleturn|p2b: Sinistcha|move: Rage Powder
|move|p1a: Sarahn's OC|Poison Jab|p2b: Sinistcha
|-damage|p2b: Sinistcha|49/100
|move|p2a: Incineroar|Parting Shot|p1b: MMCH
|-unboost|p1b: MMCH|atk|1
|-unboost|p1b: MMCH|spa|1
|
|t:|1784689978
|switch|p2a: Sneasler|Sneasler, L50, F|100/100|[from] Parting Shot
|
|-end|p1a: Sarahn's OC|Throat Chop|[silent]
|upkeep
|turn|6
|
|t:|1784689995
|move|p1b: MMCH|Protect|p1b: MMCH
|-singleturn|p1b: MMCH|Protect
|move|p2a: Sneasler|Fake Out|p1a: Sarahn's OC
|-damage|p1a: Sarahn's OC|0 fnt
|faint|p1a: Sarahn's OC
|move|p2b: Sinistcha|Trick Room|p2b: Sinistcha
|-fieldstart|move: Trick Room|[of] p2b: Sinistcha
|
|upkeep
|
|t:|1784690006
|switch|p1a: Green Day|Sinistcha, L50|100/100
|turn|7
|
|t:|1784690022
|move|p1b: MMCH|Feint|p2a: Sneasler
|-damage|p2a: Sneasler|90/100
|move|p2b: Sinistcha|Matcha Gotcha|p1a: Green Day|[spread] p1a,p1b
|-resisted|p1a: Green Day|1
|-damage|p1a: Green Day|90/100
|-heal|p2b: Sinistcha|53/100|[from] drain|[of] p1a: Green Day
|-damage|p1b: MMCH|71/100
|-heal|p2b: Sinistcha|68/100|[from] drain|[of] p1b: MMCH
|move|p2a: Sneasler|Dire Claw|p1a: Green Day
|-damage|p1a: Green Day|63/100
|move|p1a: Green Day|Trick Room|p1a: Green Day
|-fieldend|move: Trick Room
|
|upkeep
|turn|8
|inactive|lordtentacle69 has 30 seconds left.
|inactive|ggfsb has 30 seconds left.
|inactive|ggfsb has 20 seconds left.
|
|t:|1784690062
|move|p1b: MMCH|Helping Hand|p1a: Green Day
|-singleturn|p1a: Green Day|Helping Hand|[of] p1b: MMCH
|move|p2a: Sneasler|Close Combat|p1b: MMCH
|-supereffective|p1b: MMCH|1
|-enditem|p1b: MMCH|Chople Berry|[eat]
|-enditem|p1b: MMCH|Chople Berry|[weaken]
|-damage|p1b: MMCH|15/100
|-unboost|p2a: Sneasler|def|1
|-unboost|p2a: Sneasler|spd|1
|move|p1a: Green Day|Matcha Gotcha|p2a: Sneasler|[spread] p2a,p2b
|-resisted|p2a: Sneasler|1
|-resisted|p2b: Sinistcha|1
|-damage|p2a: Sneasler|52/100
|-heal|p1a: Green Day|80/100|[from] drain|[of] p2a: Sneasler
|-damage|p2b: Sinistcha|47/100
|-heal|p1a: Green Day|91/100|[from] drain|[of] p2b: Sinistcha
|move|p2b: Sinistcha|Matcha Gotcha|p1b: MMCH|[spread] p1a,p1b
|-resisted|p1a: Green Day|1
|-damage|p1a: Green Day|82/100
|-heal|p2b: Sinistcha|52/100|[from] drain|[of] p1a: Green Day
|-damage|p1b: MMCH|0 fnt
|-heal|p2b: Sinistcha|60/100|[from] drain|[of] p1b: MMCH
|faint|p1b: MMCH
|
|upkeep
|
|t:|1784690081
|switch|p1b: Brent|Blastoise-Mega, L50, M|100/100
|turn|9
|inactive|ggfsb has 30 seconds left.
|
|t:|1784690107
|move|p2a: Sneasler|Dire Claw|p1a: Green Day
|-damage|p1a: Green Day|51/100
|-status|p1a: Green Day|psn
|move|p1b: Brent|Dark Pulse|p2b: Sinistcha
|-supereffective|p2b: Sinistcha|1
|-enditem|p2b: Sinistcha|Colbur Berry|[eat]
|-enditem|p2b: Sinistcha|Colbur Berry|[weaken]
|-damage|p2b: Sinistcha|5/100
|move|p1a: Green Day|Matcha Gotcha|p2a: Sneasler|[spread] p2a,p2b
|-resisted|p2a: Sneasler|1
|-resisted|p2b: Sinistcha|1
|-damage|p2a: Sneasler|25/100
|-heal|p1a: Green Day|63/100 psn|[from] drain|[of] p2a: Sneasler
|-damage|p2b: Sinistcha|0 fnt
|-heal|p1a: Green Day|66/100 psn|[from] drain|[of] p2b: Sinistcha
|faint|p2b: Sinistcha
|
|-damage|p1a: Green Day|53/100 psn|[from] psn
|upkeep
|
|t:|1784690122
|switch|p2b: Incineroar|Incineroar, L50, M|77/100 psn
|-ability|p2b: Incineroar|Intimidate|boost
|-unboost|p1a: Green Day|atk|1
|-unboost|p1b: Brent|atk|1
|turn|10
|
|t:|1784690140
|move|p1b: Brent|Protect|p1b: Brent
|-singleturn|p1b: Brent|Protect
|move|p1a: Green Day|Protect|p1a: Green Day
|-singleturn|p1a: Green Day|Protect
|move|p2b: Incineroar|Fake Out|p1b: Brent
|-activate|p1b: Brent|move: Protect
|move|p2a: Sneasler|Dire Claw|p1b: Brent
|-activate|p1b: Brent|move: Protect
|
|-damage|p2b: Incineroar|65/100 psn|[from] psn
|-damage|p1a: Green Day|41/100 psn|[from] psn
|upkeep
|turn|11
|
|t:|1784690153
|move|p1a: Green Day|Rage Powder|p1a: Green Day
|-singleturn|p1a: Green Day|move: Rage Powder
|move|p2a: Sneasler|Dire Claw|p1a: Green Day
|-damage|p1a: Green Day|10/100 psn
|move|p1b: Brent|Water Spout|p2a: Sneasler|[spread] p2a,p2b
|-supereffective|p2b: Incineroar|1
|-damage|p2a: Sneasler|0 fnt
|-damage|p2b: Incineroar|0 fnt
|faint|p2a: Sneasler
|faint|p2b: Incineroar
|
|win|lordtentacle69
||ggfsb is ready for game 2.
||lordtentacle69 is ready for game 2.
|uhtml|next|Next: Game 2 of 3
|l|☆ggfsb
|player|p2|
