|j|☆trevYAH
|j|☆naibot2814
|html|trevYAHnaibot2814    
|uhtml|bestof|Game 1 of a best-of-3
|t:|1784424706
|gametype|doubles
|player|p1|trevYAH|trevor|1340
|player|p2|naibot2814|colress|1365
|gen|9
|tier|[Gen 9 Champions] VGC 2026 Reg M-B (Bo3)
|rated|
|rule|Species Clause: Limit one of each Pokémon
|rule|Item Clause: Limit 1 of each item
|clearpoke
|poke|p1|Pelipper, L50, M|
|poke|p1|Archaludon, L50, M|
|poke|p1|Grimmsnarl, L50, M|
|poke|p1|Charizard, L50, M|
|poke|p1|Basculegion, L50, M|
|poke|p1|Venusaur, L50, F|
|poke|p2|Blastoise, L50, M|
|poke|p2|Incineroar, L50, M|
|poke|p2|Sneasler, L50, M|
|poke|p2|Sinistcha, L50|
|poke|p2|Kingambit, L50, M, shiny|
|poke|p2|Delphox, L50, F|
|teampreview|4
|showteam|p1|Pelipper||SitrusBerry|Drizzle|WeatherBall,Hurricane,Tailwind,WideGuard|Modest||M|||50|]Archaludon||Leftovers|Stamina|ElectroShot,DragonPulse,FlashCannon,Protect|Bold||M|||50|]Grimmsnarl||LightClay|Prankster|FoulPlay,Reflect,LightScreen,PartingShot|Careful||M|||50|]Charizard||CharizarditeY|Blaze|WeatherBall,HeatWave,SolarBeam,Protect|Modest||M|||50|]Basculegion||LifeOrb|SwiftSwim|WaveCrash,LastRespects,AquaJet,Protect|Adamant||M|||50|]Venusaur||Venusaurite|Chlorophyll|GigaDrain,EarthPower,SludgeBomb,SleepPowder|Modest||F|||50|
|showteam|p2|Blastoise||Blastoisinite|Torrent|WaterSpout,DarkPulse,ShellSmash,Protect|Modest||M|||50|]Incineroar||SitrusBerry|Intimidate|FakeOut,FlareBlitz,DarkestLariat,PartingShot|Careful||M|||50|]Sneasler||FocusSash|PoisonTouch|FakeOut,CloseCombat,PoisonJab,RockTomb|Jolly||M|||50|]Sinistcha||KasibBerry|Hospitality|MatchaGotcha,TrickRoom,RagePowder,Protect|Bold|||||50|]Kingambit||BlackGlasses|Defiant|KowtowCleave,SuckerPunch,SwordsDance,Protect|Adamant||M|||50|]Delphox||Delphoxite|Blaze|HeatWave,Psyshock,NastyPlot,Protect|Timid||F|||50|
|
|t:|1784424731
|teamsize|p1|4
|teamsize|p2|4
|start
|switch|p1a: Grimmsnarl|Grimmsnarl, L50, M|100/100
|switch|p1b: Charizard|Charizard, L50, M|100/100
|switch|p2a: Blastoise|Blastoise, L50, M|100/100
|switch|p2b: Sneasler|Sneasler, L50, M|100/100
|turn|1
|
|t:|1784424747
|switch|p1b: Archaludon|Archaludon, L50, M|100/100
|move|p2a: Blastoise|Protect|p2a: Blastoise
|-singleturn|p2a: Blastoise|Protect
|move|p1a: Grimmsnarl|Light Screen|p1a: Grimmsnarl
|-sidestart|p1: trevYAH|move: Light Screen
|move|p2b: Sneasler|Rock Tomb|p1b: Archaludon|[miss]
|-miss|p2b: Sneasler|p1b: Archaludon
|
|upkeep
|turn|2
|
|t:|1784424766
|switch|p2a: Incineroar|Incineroar, L50, M|100/100
|-ability|p2a: Incineroar|Intimidate|boost
|-unboost|p1a: Grimmsnarl|atk|1
|-unboost|p1b: Archaludon|atk|1
|move|p1b: Archaludon|Protect|p1b: Archaludon
|-singleturn|p1b: Archaludon|Protect
|move|p1a: Grimmsnarl|Reflect|p1a: Grimmsnarl
|-sidestart|p1: trevYAH|Reflect
|move|p2b: Sneasler|Close Combat|p1b: Archaludon
|-activate|p1b: Archaludon|move: Protect
|
|upkeep
|turn|3
|
|t:|1784424781
|switch|p1b: Pelipper|Pelipper, L50, M|100/100
|-weather|RainDance|[from] ability: Drizzle|[of] p1b: Pelipper
|move|p2b: Sneasler|Close Combat|p1b: Pelipper
|-resisted|p1b: Pelipper|1
|-damage|p1b: Pelipper|76/100
|-unboost|p2b: Sneasler|def|1
|-unboost|p2b: Sneasler|spd|1
|move|p2a: Incineroar|Parting Shot|p1a: Grimmsnarl
|-unboost|p1a: Grimmsnarl|atk|1
|-unboost|p1a: Grimmsnarl|spa|1
|
|t:|1784424785
|switch|p2a: Blastoise|Blastoise, L50, M|100/100|[from] Parting Shot
|move|p1a: Grimmsnarl|Foul Play|p2b: Sneasler
|-resisted|p2b: Sneasler|1
|-damage|p2b: Sneasler|37/100
|
|-weather|RainDance|[upkeep]
|upkeep
|turn|4
|
|t:|1784424797
|switch|p2b: Incineroar|Incineroar, L50, M|100/100
|-ability|p2b: Incineroar|Intimidate|boost
|-unboost|p1a: Grimmsnarl|atk|1
|-unboost|p1b: Pelipper|atk|1
|detailschange|p2a: Blastoise|Blastoise-Mega, L50, M
|-mega|p2a: Blastoise|Blastoise|Blastoisinite
|move|p1a: Grimmsnarl|Parting Shot|p2a: Blastoise
|-unboost|p2a: Blastoise|atk|1
|-unboost|p2a: Blastoise|spa|1
|
|t:|1784424801
|switch|p1a: Archaludon|Archaludon, L50, M|100/100|[from] Parting Shot
|move|p2a: Blastoise|Shell Smash|p2a: Blastoise
|-unboost|p2a: Blastoise|def|1
|-unboost|p2a: Blastoise|spd|1
|-boost|p2a: Blastoise|atk|2
|-boost|p2a: Blastoise|spa|2
|-boost|p2a: Blastoise|spe|2
|move|p1b: Pelipper|Tailwind|p1b: Pelipper
|-sidestart|p1: trevYAH|move: Tailwind
|
|-weather|RainDance|[upkeep]
|upkeep
|turn|5
|
|t:|1784424819
|move|p1a: Archaludon|Protect|p1a: Archaludon
|-singleturn|p1a: Archaludon|Protect
|move|p2b: Incineroar|Fake Out|p1a: Archaludon
|-activate|p1a: Archaludon|move: Protect
|move|p2a: Blastoise|Dark Pulse|p1b: Pelipper
|-damage|p1b: Pelipper|14/100
|-enditem|p1b: Pelipper|Sitrus Berry|[eat]
|-heal|p1b: Pelipper|39/100|[from] item: Sitrus Berry
|move|p1b: Pelipper|Hurricane|p2a: Blastoise
|-damage|p2a: Blastoise|41/100
|
|-weather|RainDance|[upkeep]
|upkeep
|turn|6
|
|t:|1784424831
|switch|p1a: Grimmsnarl|Grimmsnarl, L50, M|100/100
|move|p2a: Blastoise|Protect|p2a: Blastoise
|-singleturn|p2a: Blastoise|Protect
|move|p1b: Pelipper|Hurricane|p2a: Blastoise
|-activate|p2a: Blastoise|move: Protect
|move|p2b: Incineroar|Parting Shot|p1a: Grimmsnarl
|-unboost|p1a: Grimmsnarl|atk|1
|-unboost|p1a: Grimmsnarl|spa|1
|
|t:|1784424835
|switch|p2b: Sinistcha|Sinistcha, L50|100/100|[from] Parting Shot
|-heal|p2a: Blastoise|66/100|[from] ability: Hospitality|[of] p2b: Sinistcha
|
|-weather|RainDance|[upkeep]
|upkeep
|turn|7
|
|t:|1784424848
|move|p2b: Sinistcha|Rage Powder|p2b: Sinistcha
|-singleturn|p2b: Sinistcha|move: Rage Powder
|move|p1a: Grimmsnarl|Parting Shot|p2b: Sinistcha
|-unboost|p2b: Sinistcha|atk|1
|-unboost|p2b: Sinistcha|spa|1
|
|t:|1784424851
|switch|p1a: Archaludon|Archaludon, L50, M|100/100|[from] Parting Shot
|move|p2a: Blastoise|Shell Smash|p2a: Blastoise
|-unboost|p2a: Blastoise|def|1
|-unboost|p2a: Blastoise|spd|1
|-boost|p2a: Blastoise|atk|2
|-boost|p2a: Blastoise|spa|2
|-boost|p2a: Blastoise|spe|2
|move|p1b: Pelipper|Hurricane|p2b: Sinistcha
|-supereffective|p2b: Sinistcha|1
|-damage|p2b: Sinistcha|21/100
|
|-weather|none
|-sideend|p1: trevYAH|move: Tailwind
|upkeep
|turn|8
|
|t:|1784424869
|switch|p2b: Incineroar|Incineroar, L50, M|100/100
|-ability|p2b: Incineroar|Intimidate|boost
|-unboost|p1a: Archaludon|atk|1
|-unboost|p1b: Pelipper|atk|1
|move|p2a: Blastoise|Protect|p2a: Blastoise
|-singleturn|p2a: Blastoise|Protect
|move|p1a: Archaludon|Dragon Pulse|p2a: Blastoise
|-activate|p2a: Blastoise|move: Protect
|move|p1b: Pelipper|Tailwind|p1b: Pelipper
|-sidestart|p1: trevYAH|move: Tailwind
|
|-sideend|p1: trevYAH|move: Light Screen
|upkeep
|turn|9
|
|t:|1784424881
|move|p1a: Archaludon|Protect|p1a: Archaludon
|-singleturn|p1a: Archaludon|Protect
|move|p2b: Incineroar|Fake Out|p1a: Archaludon
|-activate|p1a: Archaludon|move: Protect
|move|p2a: Blastoise|Dark Pulse|p1b: Pelipper
|-damage|p1b: Pelipper|0 fnt
|faint|p1b: Pelipper
|
|-sideend|p1: trevYAH|Reflect
|upkeep
|
|t:|1784424888
|switch|p1b: Grimmsnarl|Grimmsnarl, L50, M|100/100
|turn|10
|
|t:|1784424899
|move|p2a: Blastoise|Protect|p2a: Blastoise
|-singleturn|p2a: Blastoise|Protect
|move|p1b: Grimmsnarl|Light Screen|p1b: Grimmsnarl
|-sidestart|p1: trevYAH|move: Light Screen
|move|p1a: Archaludon|Dragon Pulse|p2a: Blastoise
|-activate|p2a: Blastoise|move: Protect
|move|p2b: Incineroar|Parting Shot|p1a: Archaludon
|-unboost|p1a: Archaludon|atk|1
|-unboost|p1a: Archaludon|spa|1
|
|t:|1784424904
|switch|p2b: Sinistcha|Sinistcha, L50|21/100|[from] Parting Shot
|-heal|p2a: Blastoise|91/100|[from] ability: Hospitality|[of] p2b: Sinistcha
|
|upkeep
|turn|11
|
|t:|1784424910
|move|p2b: Sinistcha|Rage Powder|p2b: Sinistcha
|-singleturn|p2b: Sinistcha|move: Rage Powder
|move|p2a: Blastoise|Water Spout|p1b: Grimmsnarl|[spread] p1a,p1b
|-resisted|p1a: Archaludon|1
|-damage|p1a: Archaludon|53/100
|-damage|p1b: Grimmsnarl|14/100
|-ability|p1a: Archaludon|Stamina|boost
|-boost|p1a: Archaludon|def|1
|move|p1a: Archaludon|Dragon Pulse|p2b: Sinistcha
|-damage|p2b: Sinistcha|1/100
|move|p1b: Grimmsnarl|Foul Play|p2b: Sinistcha
|-supereffective|p2b: Sinistcha|1
|-damage|p2b: Sinistcha|0 fnt
|faint|p2b: Sinistcha
|
|-heal|p1a: Archaludon|59/100|[from] item: Leftovers
|-sideend|p1: trevYAH|move: Tailwind
|upkeep
|
|t:|1784424921
|switch|p2b: Incineroar|Incineroar, L50, M|100/100
|-ability|p2b: Incineroar|Intimidate|boost
|-unboost|p1a: Archaludon|atk|1
|-unboost|p1b: Grimmsnarl|atk|1
|turn|12
|-message|trevYAH forfeited.
|
|win|naibot2814
||trevYAH is ready for game 2.
||naibot2814 is ready for game 2.
|uhtml|next|Next: Game 2 of 3
|l|☆trevYAH
|player|p1|
