|j|☆CoachChris
|j|‽Slackermaru
|html|CoachChrisSlackermaru    
|uhtml|bestof|Game 2 of a best-of-3
|t:|1754511521
|gametype|doubles
|player|p1|CoachChris|2|1235
|player|p2|Slackermaru|workerice|1304
|gen|9
|tier|[Gen 9] VGC 2025 Reg H (Bo3)
|rated|
|rule|Species Clause: Limit one of each Pokémon
|rule|Item Clause: Limit 1 of each item
|clearpoke
|poke|p1|Garganacl, L50, F|
|poke|p1|Dondozo, L50, F|
|poke|p1|Sneasler, L50, F|
|poke|p1|Gholdengo, L50|
|poke|p1|Ninetales-Alola, L50, F|
|poke|p1|Incineroar, L50, M|
|poke|p2|Porygon2, L50|
|poke|p2|Hydreigon, L50, M|
|poke|p2|Incineroar, L50, M|
|poke|p2|Garchomp, L50, F|
|poke|p2|Amoonguss, L50, F|
|poke|p2|Gholdengo, L50|
|teampreview|4
|showteam|p1|Garganacl||MarangaBerry|PurifyingSalt|SaltCure,StealthRock,Protect,Recover|||F|||50|,,,,,Flying]Dondozo||Leftovers|Unaware|Liquidation,Yawn,Curse,Protect|||F|||50|,,,,,Poison]Sneasler||FocusSash|PoisonTouch|DireClaw,CloseCombat,Coaching,Protect|||F|||50|,,,,,Ghost]Gholdengo||ChoiceScarf|GoodasGold|MakeItRain,ShadowBall,Trick,PowerGem||||||50|,,,,,Steel]Ninetales-Alola||NeverMeltIce|SnowWarning|Blizzard,FreezeDry,Protect,AuroraVeil|||F|||50|,,,,,Ice]Incineroar||AssaultVest|Intimidate|FlareBlitz,KnockOff,FakeOut,DrainPunch|||M|||50|,,,,,Grass
|showteam|p2|Porygon2||Eviolite|Download|TeraBlast,IceBeam,TrickRoom,Recover||||||50|,,,,,Fighting]Hydreigon||SafetyGoggles|Levitate|Snarl,DracoMeteor,Tailwind,Protect|||M|||50|,,,,,Ghost]Incineroar||SitrusBerry|Intimidate|FlareBlitz,KnockOff,PartingShot,FakeOut|||M|||50|,,,,,Grass]Garchomp||LoadedDice|RoughSkin|ScaleShot,Earthquake,StompingTantrum,Protect|||F|||50|,,,,,Fire]Amoonguss||CovertCloak|Regenerator|PollenPuff,Spore,RagePowder,Protect|||F|||50|,,,,,Fire]Gholdengo||MetalCoat|GoodasGold|MakeItRain,ShadowBall,NastyPlot,Protect||||||50|,,,,,Flying
|
|t:|1754511557
|teamsize|p1|4
|teamsize|p2|4
|start
|switch|p1a: Ninetales|Ninetales-Alola, L50, F|100/100
|switch|p1b: Sneasler|Sneasler, L50, F|100/100
|switch|p2a: Incineroar|Incineroar, L50, M, shiny|100/100
|switch|p2b: Garchomp|Garchomp, L50, F, shiny|100/100
|-weather|Snowscape|[from] ability: Snow Warning|[of] p1a: Ninetales
|-ability|p2a: Incineroar|Intimidate|boost
|-unboost|p1a: Ninetales|atk|1
|-unboost|p1b: Sneasler|atk|1
|turn|1
|
|t:|1754511595
|switch|p2b: Gholdengo|Gholdengo, L50|100/100
|move|p1b: Sneasler|Protect|p1b: Sneasler
|-singleturn|p1b: Sneasler|Protect
|move|p2a: Incineroar|Fake Out|p1b: Sneasler
|-activate|p1b: Sneasler|move: Protect
|move|p1a: Ninetales|Aurora Veil|p1a: Ninetales
|-sidestart|p1: CoachChris|move: Aurora Veil
|
|-weather|Snowscape|[upkeep]
|upkeep
|turn|2
|j| TheShadowInYou1
|
|t:|1754511616
|switch|p1a: Dondozo|Dondozo, L50, F|100/100
|move|p1b: Sneasler|Coaching|p1a: Dondozo
|-boost|p1a: Dondozo|atk|1
|-boost|p1a: Dondozo|def|1
|move|p2a: Incineroar|Parting Shot|p1b: Sneasler
|-unboost|p1b: Sneasler|atk|1
|-unboost|p1b: Sneasler|spa|1
|
|t:|1754511625
|switch|p2a: Garchomp|Garchomp, L50, F, shiny|100/100|[from] Parting Shot
|move|p2b: Gholdengo|Nasty Plot|p2b: Gholdengo
|-boost|p2b: Gholdengo|spa|2
|
|-weather|Snowscape|[upkeep]
|upkeep
|turn|3
|
|t:|1754511646
|move|p2b: Gholdengo|Protect|p2b: Gholdengo
|-singleturn|p2b: Gholdengo|Protect
|move|p1b: Sneasler|Coaching|p1a: Dondozo
|-boost|p1a: Dondozo|atk|1
|-boost|p1a: Dondozo|def|1
|move|p2a: Garchomp|Scale Shot|p1b: Sneasler
|-damage|p1b: Sneasler|84/100
|-damage|p1b: Sneasler|66/100
|-damage|p1b: Sneasler|48/100
|-damage|p1b: Sneasler|30/100
|-hitcount|p1b: Sneasler|4
|-unboost|p2a: Garchomp|def|1
|-boost|p2a: Garchomp|spe|1
|move|p1a: Dondozo|Liquidation|p2b: Gholdengo
|-activate|p2b: Gholdengo|move: Protect
|
|-weather|Snowscape|[upkeep]
|upkeep
|turn|4
|
|t:|1754511666
|switch|p2a: Incineroar|Incineroar, L50, M, shiny|100/100
|-ability|p2a: Incineroar|Intimidate|boost
|-unboost|p1a: Dondozo|atk|1
|-unboost|p1b: Sneasler|atk|1
|move|p1b: Sneasler|Coaching|p1a: Dondozo
|-boost|p1a: Dondozo|atk|1
|-boost|p1a: Dondozo|def|1
|move|p2b: Gholdengo|Make It Rain|p1a: Dondozo|[spread] p1a,p1b
|-resisted|p1a: Dondozo
|-damage|p1a: Dondozo|87/100
|-damage|p1b: Sneasler|0 fnt
|-unboost|p2b: Gholdengo|spa|1
|faint|p1b: Sneasler
|move|p1a: Dondozo|Liquidation|p2b: Gholdengo
|-damage|p2b: Gholdengo|35/100
|
|-weather|Snowscape|[upkeep]
|-heal|p1a: Dondozo|93/100|[from] item: Leftovers
|upkeep
|
|t:|1754511690
|switch|p1b: Garganacl|Garganacl, L50, F|100/100
|turn|5
|
|t:|1754511711
|-terastallize|p2a: Incineroar|Grass
|-terastallize|p1b: Garganacl|Flying
|move|p2b: Gholdengo|Protect|p2b: Gholdengo
|-singleturn|p2b: Gholdengo|Protect
|move|p2a: Incineroar|Knock Off|p1b: Garganacl
|-damage|p1b: Garganacl|80/100
|-enditem|p1b: Garganacl|Maranga Berry|[from] move: Knock Off|[of] p2a: Incineroar
|move|p1a: Dondozo|Curse|p1a: Dondozo
|-unboost|p1a: Dondozo|spe|1
|-boost|p1a: Dondozo|atk|1
|-boost|p1a: Dondozo|def|1
|move|p1b: Garganacl|Stealth Rock|p2a: Incineroar
|-sidestart|p2: Slackermaru|move: Stealth Rock
|
|-weather|none
|-heal|p1a: Dondozo|99/100|[from] item: Leftovers
|-sideend|p1: CoachChris|move: Aurora Veil
|upkeep
|turn|6
|l| TheShadowInYou1
|
|t:|1754511740
|move|p2a: Incineroar|Parting Shot|p1a: Dondozo
|-unboost|p1a: Dondozo|atk|1
|-unboost|p1a: Dondozo|spa|1
|
|t:|1754511744
|switch|p2a: Garchomp|Garchomp, L50, F, shiny|100/100|[from] Parting Shot
|-damage|p2a: Garchomp|95/100|[from] Stealth Rock
|move|p2b: Gholdengo|Make It Rain|p1a: Dondozo|[spread] p1a,p1b
|-resisted|p1a: Dondozo
|-damage|p1a: Dondozo|76/100
|-damage|p1b: Garganacl|23/100
|-unboost|p2b: Gholdengo|spa|1
|move|p1b: Garganacl|Salt Cure|p2a: Garchomp
|-resisted|p2a: Garchomp
|-damage|p2a: Garchomp|87/100
|-start|p2a: Garchomp|Salt Cure
|move|p1a: Dondozo|Liquidation|p2b: Gholdengo
|-damage|p2b: Gholdengo|0 fnt
|faint|p2b: Gholdengo
|
|-heal|p1a: Dondozo|82/100|[from] item: Leftovers
|-damage|p2a: Garchomp|75/100|[from] Salt Cure
|upkeep
|
|t:|1754511761
|switch|p2b: Incineroar|Incineroar, L50, M, shiny, tera:Grass|100/100
|-damage|p2b: Incineroar|88/100|[from] Stealth Rock
|-ability|p2b: Incineroar|Intimidate|boost
|-unboost|p1a: Dondozo|atk|1
|-unboost|p1b: Garganacl|atk|1
|turn|7
|j| TheShadowInYou1
|
|t:|1754511774
|move|p1b: Garganacl|Protect|p1b: Garganacl
|-singleturn|p1b: Garganacl|Protect
|move|p2a: Garchomp|Scale Shot|p1b: Garganacl
|-activate|p1b: Garganacl|move: Protect
|move|p2b: Incineroar|Parting Shot|p1a: Dondozo
|-unboost|p1a: Dondozo|atk|1
|-unboost|p1a: Dondozo|spa|1
|
|t:|1754511781
|switch|p2b: Porygon2|Porygon2, L50, shiny|100/100|[from] Parting Shot
|-damage|p2b: Porygon2|88/100|[from] Stealth Rock
|-ability|p2b: Porygon2|Download|boost
|-boost|p2b: Porygon2|spa|1
|move|p1a: Dondozo|Yawn|p2a: Garchomp
|-start|p2a: Garchomp|move: Yawn|[of] p1a: Dondozo
|
|-heal|p1a: Dondozo|88/100|[from] item: Leftovers
|-damage|p2a: Garchomp|62/100|[from] Salt Cure
|upkeep
|turn|8
|l| TheShadowInYou1
|
|t:|1754511812
|switch|p2a: Incineroar|Incineroar, L50, M, shiny, tera:Grass|88/100
|-damage|p2a: Incineroar|75/100|[from] Stealth Rock
|-ability|p2a: Incineroar|Intimidate|boost
|-unboost|p1a: Dondozo|atk|1
|-unboost|p1b: Garganacl|atk|1
|move|p2b: Porygon2|Tera Blast|p1b: Garganacl
|-damage|p1b: Garganacl|0 fnt
|faint|p1b: Garganacl
|move|p1a: Dondozo|Liquidation|p2a: Incineroar
|-resisted|p2a: Incineroar
|-damage|p2a: Incineroar|65/100
|
|-heal|p1a: Dondozo|94/100|[from] item: Leftovers
|upkeep
|
|t:|1754511824
|switch|p1b: Ninetales|Ninetales-Alola, L50, F|100/100
|-weather|Snowscape|[from] ability: Snow Warning|[of] p1b: Ninetales
|turn|9
|
|t:|1754511856
|move|p2a: Incineroar|Fake Out|p1b: Ninetales
|-damage|p1b: Ninetales|89/100
|cant|p1b: Ninetales|flinch
|move|p1a: Dondozo|Yawn|p2b: Porygon2
|-start|p2b: Porygon2|move: Yawn|[of] p1a: Dondozo
|move|p2b: Porygon2|Trick Room|p2b: Porygon2
|-fieldstart|move: Trick Room|[of] p2b: Porygon2
|
|-weather|Snowscape|[upkeep]
|-heal|p1a: Dondozo|99/100|[from] item: Leftovers
|upkeep
|turn|10
|j| chalupa dadio
|j| TheShadowInYou1
|l| TheShadowInYou1
|
|t:|1754511882
|switch|p2b: Garchomp|Garchomp, L50, F, shiny|62/100
|-damage|p2b: Garchomp|56/100|[from] Stealth Rock
|move|p1a: Dondozo|Curse|p1a: Dondozo
|-unboost|p1a: Dondozo|spe|1
|-boost|p1a: Dondozo|atk|1
|-boost|p1a: Dondozo|def|1
|move|p2a: Incineroar|Flare Blitz|p1b: Ninetales
|-supereffective|p1b: Ninetales
|-damage|p1b: Ninetales|0 fnt
|faint|p1b: Ninetales
|-damage|p2a: Incineroar|42/100|[from] Recoil
|-enditem|p2a: Incineroar|Sitrus Berry|[eat]
|-heal|p2a: Incineroar|67/100|[from] item: Sitrus Berry
|
|-weather|Snowscape|[upkeep]
|-heal|p1a: Dondozo|100/100|[from] item: Leftovers
|upkeep
|turn|11
|
|t:|1754511905
|move|p1a: Dondozo|Liquidation|p2a: Incineroar
|-resisted|p2a: Incineroar
|-damage|p2a: Incineroar|49/100
|-unboost|p2a: Incineroar|def|1
|move|p2a: Incineroar|Parting Shot|p1a: Dondozo
|-unboost|p1a: Dondozo|atk|1
|-unboost|p1a: Dondozo|spa|1
|
|t:|1754511912
|switch|p2a: Porygon2|Porygon2, L50, shiny|88/100|[from] Parting Shot
|-damage|p2a: Porygon2|75/100|[from] Stealth Rock
|-ability|p2a: Porygon2|Download|boost
|-boost|p2a: Porygon2|spa|1
|move|p2b: Garchomp|Scale Shot|p1a: Dondozo
|-damage|p1a: Dondozo|98/100
|-damage|p1a: Dondozo|95/100
|-crit|p1a: Dondozo
|-damage|p1a: Dondozo|80/100
|-damage|p1a: Dondozo|78/100
|-damage|p1a: Dondozo|74/100
|-hitcount|p1a: Dondozo|5
|-unboost|p2b: Garchomp|def|1
|-boost|p2b: Garchomp|spe|1
|
|-weather|Snowscape|[upkeep]
|-heal|p1a: Dondozo|80/100|[from] item: Leftovers
|upkeep
|turn|12
|
|t:|1754511933
|switch|p2b: Incineroar|Incineroar, L50, M, shiny, tera:Grass|49/100
|-damage|p2b: Incineroar|37/100|[from] Stealth Rock
|-ability|p2b: Incineroar|Intimidate|boost
|-unboost|p1a: Dondozo|atk|1
|move|p1a: Dondozo|Curse|p1a: Dondozo
|-unboost|p1a: Dondozo|spe|1
|-boost|p1a: Dondozo|atk|1
|-boost|p1a: Dondozo|def|1
|move|p2a: Porygon2|Tera Blast|p1a: Dondozo
|-damage|p1a: Dondozo|55/100
|
|-weather|Snowscape|[upkeep]
|-heal|p1a: Dondozo|61/100|[from] item: Leftovers
|upkeep
|turn|13
|
|t:|1754511953
|move|p2b: Incineroar|Fake Out|p1a: Dondozo
|-damage|p1a: Dondozo|59/100
|cant|p1a: Dondozo|flinch
|move|p2a: Porygon2|Tera Blast|p1a: Dondozo
|-damage|p1a: Dondozo|31/100
|
|-weather|none
|-heal|p1a: Dondozo|37/100|[from] item: Leftovers
|-fieldend|move: Trick Room
|upkeep
|turn|14
|-message|CoachChris forfeited.
|
|win|Slackermaru
|raw|CoachChris's rating: 1235 → 1215(-20 for losing)
|raw|Slackermaru's rating: 1304 → 1320(+16 for winning)
|l|‽Slackermaru
|player|p2|
|l| chalupa dadio
