|j|☆AyyLwin
|j|☆Astano
|html|AyyLwinAstano    
|uhtml|bestof|Game 2 of a best-of-3
|t:|1785332310
|gametype|doubles
|player|p1|AyyLwin|2|1014
|player|p2|Astano|102|1119
|gen|9
|tier|[Gen 9 Champions] VGC 2026 Reg M-B (Bo3)
|rated|
|rule|Species Clause: Limit one of each Pokémon
|rule|Item Clause: Limit 1 of each item
|clearpoke
|poke|p1|Charizard, L50, M|
|poke|p1|Swampert, L50, M|
|poke|p1|Sinistcha, L50|
|poke|p1|Politoed, L50, F|
|poke|p1|Clefable, L50, F|
|poke|p1|Vivillon-Fancy, L50, M|
|poke|p2|Swampert, L50, M|
|poke|p2|Sableye, L50, F|
|poke|p2|Archaludon, L50, M|
|poke|p2|Pelipper, L50, F|
|poke|p2|Sylveon, L50, M|
|poke|p2|Venusaur, L50, F|
|teampreview|4
|showteam|p1|Charizard||CharizarditeY|Blaze|HeatWave,Protect,WeatherBall,SolarBeam|Modest||M|||50|]Swampert||Swampertite|Torrent|FlipTurn,IcePunch,Protect,Earthquake|Adamant||M|||50|]Sinistcha||KasibBerry|Hospitality|MatchaGotcha,Protect,TrickRoom,RagePowder|Bold|||||50|]Politoed||DampRock|Drizzle|Hypnosis,Surf,WeatherBall,Protect|Sassy||F|||50|]Clefable||SitrusBerry|Unaware|FollowMe,Gravity,Protect,Moonblast|Modest||F|||50|]Vivillon-Fancy||FocusSash|CompoundEyes|SleepPowder,Protect,Hurricane,RagePowder|Timid||M|||50|
|showteam|p2|Swampert||Swampertite|Torrent|Protect,WaveCrash,Earthquake,HighHorsepower|Adamant||M|||50|]Sableye||LightClay|Prankster|Encore,Reflect,LightScreen,RainDance|Bold||F|||50|]Archaludon||Leftovers|Stamina|Protect,DragonPulse,FlashCannon,ElectroShot|Modest||M|||50|]Pelipper||SitrusBerry|Drizzle|Protect,WeatherBall,Hurricane,Tailwind|Bold||F|||50|]Sylveon||FairyFeather|Pixilate|Detect,HyperVoice,Moonblast,QuickAttack|Modest||M|||50|]Venusaur||Venusaurite|Overgrow|Protect,GigaDrain,SludgeBomb,EarthPower|Modest||F|||50|
|inactive|Battle timer is ON: inactive players will automatically lose when time's up. (requested by Astano)
|
|t:|1785332359
|teamsize|p1|4
|teamsize|p2|4
|start
|switch|p1a: Swampert|Swampert, L50, M|100/100
|switch|p1b: Vivillon|Vivillon-Fancy, L50, M|100/100
|switch|p2a: Archaludon|Archaludon, L50, M|100/100
|switch|p2b: Sableye|Sableye, L50, F|100/100
|turn|1
|
|t:|1785332379
|move|p1b: Vivillon|Protect|p1b: Vivillon
|-singleturn|p1b: Vivillon|Protect
|move|p2a: Archaludon|Protect|p2a: Archaludon
|-singleturn|p2a: Archaludon|Protect
|move|p1a: Swampert|Protect|p1a: Swampert
|-singleturn|p1a: Swampert|Protect
|move|p2b: Sableye|Reflect|p2b: Sableye
|-sidestart|p2: Astano|Reflect
|
|upkeep
|turn|2
|
|t:|1785332392
|move|p1b: Vivillon|Rage Powder|p1b: Vivillon
|-singleturn|p1b: Vivillon|move: Rage Powder
|move|p2b: Sableye|Encore|p1b: Vivillon
|-start|p1b: Vivillon|Encore
|move|p2a: Archaludon|Dragon Pulse|p1b: Vivillon
|-damage|p1b: Vivillon|21/100
|move|p1a: Swampert|Earthquake|p2a: Archaludon|[spread] p2a,p2b
|-immune|p1b: Vivillon
|-supereffective|p2a: Archaludon|1
|-damage|p2a: Archaludon|61/100
|-damage|p2b: Sableye|71/100
|-ability|p2a: Archaludon|Stamina|boost
|-boost|p2a: Archaludon|def|1
|
|-heal|p2a: Archaludon|67/100|[from] item: Leftovers
|upkeep
|turn|3
|
|t:|1785332412
|switch|p1b: Politoed|Politoed, L50, F|100/100
|-weather|RainDance|[from] ability: Drizzle|[of] p1b: Politoed
|detailschange|p1a: Swampert|Swampert-Mega, L50, M
|-mega|p1a: Swampert|Swampert|Swampertite
|move|p2b: Sableye|Rain Dance||[still]
|-fail|p2b: Sableye
|move|p1a: Swampert|Earthquake|p2a: Archaludon|[spread] p1b,p2a,p2b
|-supereffective|p2a: Archaludon|1
|-damage|p1b: Politoed|45/100
|-damage|p2a: Archaludon|35/100
|-damage|p2b: Sableye|35/100
|-ability|p2a: Archaludon|Stamina|boost
|-boost|p2a: Archaludon|def|1
|move|p2a: Archaludon|Electro Shot||[still]
|-prepare|p2a: Archaludon|Electro Shot
|-boost|p2a: Archaludon|spa|1
|-anim|p2a: Archaludon|Electro Shot|p1b: Politoed
|-supereffective|p1b: Politoed|1
|-damage|p1b: Politoed|0 fnt
|faint|p1b: Politoed
|
|-weather|RainDance|[upkeep]
|-heal|p2a: Archaludon|41/100|[from] item: Leftovers
|upkeep
|
|t:|1785332432
|switch|p1b: Vivillon|Vivillon-Fancy, L50, M|21/100
|turn|4
|
|t:|1785332439
|move|p2a: Archaludon|Protect|p2a: Archaludon
|-singleturn|p2a: Archaludon|Protect
|move|p2b: Sableye|Light Screen|p2b: Sableye
|-sidestart|p2: Astano|move: Light Screen
|move|p1a: Swampert|Earthquake|p2a: Archaludon|[spread] p2b
|-activate|p2a: Archaludon|move: Protect
|-immune|p1b: Vivillon
|-damage|p2b: Sableye|0 fnt
|faint|p2b: Sableye
|move|p1b: Vivillon|Sleep Powder|p2a: Archaludon
|-activate|p2a: Archaludon|move: Protect
|
|-weather|RainDance|[upkeep]
|-heal|p2a: Archaludon|47/100|[from] item: Leftovers
|upkeep
|
|t:|1785332451
|switch|p2b: Swampert|Swampert, L50, M|100/100
|turn|5
|
|t:|1785332464
|detailschange|p2b: Swampert|Swampert-Mega, L50, M
|-mega|p2b: Swampert|Swampert|Swampertite
|move|p2b: Swampert|Wave Crash|p1b: Vivillon
|-damage|p1b: Vivillon|0 fnt
|faint|p1b: Vivillon
|-damage|p2b: Swampert|94/100|[from] Recoil
|move|p1a: Swampert|Earthquake|p2a: Archaludon|[spread] p2a,p2b
|-supereffective|p2a: Archaludon|1
|-damage|p2a: Archaludon|22/100
|-damage|p2b: Swampert|65/100
|-ability|p2a: Archaludon|Stamina|boost
|-boost|p2a: Archaludon|def|1
|move|p2a: Archaludon|Dragon Pulse|p1a: Swampert
|-damage|p1a: Swampert|46/100
|
|-weather|RainDance|[upkeep]
|-heal|p2a: Archaludon|28/100|[from] item: Leftovers
|upkeep
|
|t:|1785332479
|switch|p1b: Sinistcha|Sinistcha, L50|100/100
|-heal|p1a: Swampert|70/100|[from] ability: Hospitality|[of] p1b: Sinistcha
|turn|6
|
|t:|1785332496
|move|p2b: Swampert|Wave Crash|p1b: Sinistcha
|-resisted|p1b: Sinistcha|1
|-damage|p1b: Sinistcha|51/100
|-damage|p2b: Swampert|50/100g|[from] Recoil
|move|p1a: Swampert|Earthquake|p2b: Swampert|[spread] p1b,p2a,p2b
|-resisted|p1b: Sinistcha|1
|-supereffective|p2a: Archaludon|1
|-damage|p1b: Sinistcha|34/100
|-damage|p2a: Archaludon|8/100
|-damage|p2b: Swampert|21/100
|-ability|p2a: Archaludon|Stamina|boost
|-boost|p2a: Archaludon|def|1
|move|p2a: Archaludon|Dragon Pulse|p1b: Sinistcha
|-damage|p1b: Sinistcha|0 fnt
|faint|p1b: Sinistcha
|
|-weather|RainDance|[upkeep]
|-heal|p2a: Archaludon|14/100|[from] item: Leftovers
|upkeep
|turn|7
|
|t:|1785332511
|move|p2b: Swampert|Protect|p2b: Swampert
|-singleturn|p2b: Swampert|Protect
|move|p2a: Archaludon|Protect|p2a: Archaludon
|-singleturn|p2a: Archaludon|Protect
|move|p1a: Swampert|Earthquake|p2b: Swampert|[spread] 
|-activate|p2a: Archaludon|move: Protect
|-activate|p2b: Swampert|move: Protect
|
|-weather|RainDance|[upkeep]
|-heal|p2a: Archaludon|20/100y|[from] item: Leftovers
|upkeep
|turn|8
|inactive|Astano has 30 seconds left.
|
|t:|1785332537
|move|p2b: Swampert|Wave Crash|p1a: Swampert
|-damage|p1a: Swampert|0 fnt
|faint|p1a: Swampert
|-damage|p2b: Swampert|0 fnt|[from] Recoil
|faint|p2b: Swampert
|
|win|Astano
