|j|☆slopmachine
|j|☆wenzheng1811
|html|slopmachinewenzheng1811    
|uhtml|bestof|Game 1 of a best-of-3
|t:|1785745852
|gametype|doubles
|player|p1|slopmachine|medium|1105
|player|p2|wenzheng1811|steven|1025
|gen|9
|tier|[Gen 9 Champions] VGC 2026 Reg M-B (Bo3)
|rated|
|rule|Species Clause: Limit one of each Pokémon
|rule|Item Clause: Limit 1 of each item
|clearpoke
|poke|p1|Floette-Eternal, L50, F|
|poke|p1|Whimsicott, L50, F|
|poke|p1|Charizard, L50, M|
|poke|p1|Basculegion, L50, M|
|poke|p1|Garchomp, L50, F|
|poke|p1|Incineroar, L50, M|
|poke|p2|Sceptile, L50, M|
|poke|p2|Staraptor, L50, M|
|poke|p2|Ceruledge, L50, M|
|poke|p2|Grimmsnarl, L50, M|
|poke|p2|Metagross, L50|
|poke|p2|Archaludon, L50, F|
|teampreview|4
|showteam|p1|Floette-Eternal||Floettite|FlowerVeil|Protect,DazzlingGleam,DrainingKiss,CalmMind|Modest||F|||50|]Whimsicott||FocusSash|Prankster|Protect,Moonblast,Tailwind,Encore|Timid||F|||50|]Charizard||CharizarditeY|Blaze|Protect,WeatherBall,SolarBeam,HeatWave|Modest||M|||50|]Basculegion||ChoiceScarf|Adaptability|FlipTurn,WaveCrash,LastRespects,AquaJet|Jolly||M|||50|]Garchomp||LifeOrb|RoughSkin|Protect,Earthquake,DragonClaw,RockSlide|Jolly||F|||50|]Incineroar||SitrusBerry|Intimidate|FlareBlitz,ThroatChop,FakeOut,PartingShot|Careful||M|||50|
|showteam|p2|Sceptile||LightBall|Unburden|ShedTail,LeechSeed,EnergyBall,Fling|Timid||M|||50|]Staraptor||Staraptite|Intimidate|BraveBird,Protect,CloseCombat,Roost|Jolly||M|||50|]Ceruledge||LifeOrb|FlashFire|BitterBlade,PhantomForce,ShadowSneak,SwordsDance|Adamant||M|||50|]Grimmsnarl||LightClay|Prankster|SpiritBreak,LightScreen,Reflect,PartingShot|Careful||M|||50|]Metagross||Metagrossite|ClearBody|IcePunch,IronHead,PsychicFangs,Protect|Adamant|||||50|]Archaludon||WhiteHerb|Stamina|Thunderbolt,FlashCannon,DracoMeteor,AuraSphere|Modest||F|||50|
|inactive|Battle timer is ON: inactive players will automatically lose when time's up. (requested by slopmachine)
|inactive|wenzheng1811 has 60 seconds left.
|inactive|wenzheng1811 has 30 seconds left.
|inactive|wenzheng1811 has 20 seconds left.
|inactive|wenzheng1811 has 15 seconds left.
|inactive|wenzheng1811 has 10 seconds left.
|inactive|wenzheng1811 has 5 seconds left.
|
|t:|1785746047
|teamsize|p1|4
|teamsize|p2|4
|start
|switch|p1a: Incineroar|Incineroar, L50, M|100/100
|switch|p1b: Floette|Floette-Eternal, L50, F|100/100
|switch|p2a: Sceptile|Sceptile, L50, M|100/100
|switch|p2b: Staraptor|Staraptor, L50, M|100/100
|-ability|p2b: Staraptor|Intimidate|boost
|-unboost|p1a: Incineroar|atk|1
|-unboost|p1b: Floette|atk|1
|-ability|p1a: Incineroar|Intimidate|boost
|-unboost|p2a: Sceptile|atk|1
|-unboost|p2b: Staraptor|atk|1
|turn|1
|inactive|slopmachine has 30 seconds left.
|inactive|wenzheng1811 has 30 seconds left.
|inactive|slopmachine has 20 seconds left.
|inactive|wenzheng1811 has 20 seconds left.
|
|t:|1785746083
|detailschange|p2b: Staraptor|Staraptor-Mega, L50, M
|-mega|p2b: Staraptor|Staraptor|Staraptite
|move|p1a: Incineroar|Fake Out|p2a: Sceptile
|-damage|p2a: Sceptile|89/100
|cant|p2a: Sceptile|flinch
|move|p2b: Staraptor|Close Combat|p1a: Incineroar
|-supereffective|p1a: Incineroar|1
|-damage|p1a: Incineroar|37/100
|-boost|p2b: Staraptor|def|1
|-boost|p2b: Staraptor|spd|1
|-enditem|p1a: Incineroar|Sitrus Berry|[eat]
|-heal|p1a: Incineroar|62/100|[from] item: Sitrus Berry
|move|p1b: Floette|Calm Mind|p1b: Floette
|-boost|p1b: Floette|spa|1
|-boost|p1b: Floette|spd|1
|
|upkeep
|turn|2
|inactive|slopmachine has 30 seconds left.
|inactive|slopmachine has 20 seconds left.
|
|t:|1785746119
|switch|p1a: Basculegion|Basculegion, L50, M|100/100
|move|p2a: Sceptile|Fling|p1b: Floette
|-resisted|p1b: Floette|1
|-damage|p1b: Floette|97/100
|-status|p1b: Floette|par
|-enditem|p2a: Sceptile|Light Ball|[from] move: Fling
|move|p2b: Staraptor|Close Combat|p1a: Basculegion
|-immune|p1a: Basculegion
|move|p1b: Floette|Dazzling Gleam|p2a: Sceptile|[spread] p2a,p2b
|-supereffective|p2b: Staraptor|1
|-damage|p2a: Sceptile|37/100
|-damage|p2b: Staraptor|38/100
|
|upkeep
|turn|3
|inactive|slopmachine has 30 seconds left.
|inactive|wenzheng1811 has 30 seconds left.
|inactive|slopmachine has 20 seconds left.
|inactive|slopmachine has 15 seconds left.
|inactive|slopmachine has 10 seconds left.
|
|t:|1785746167
|move|p2a: Sceptile|Leech Seed|p1b: Floette
|-start|p1b: Floette|move: Leech Seed
|move|p1a: Basculegion|Flip Turn|p2a: Sceptile
|-resisted|p2a: Sceptile|1
|-damage|p2a: Sceptile|9/100
|
|t:|1785746174
|switch|p1a: Whimsicott|Whimsicott, L50, F|100/100|[from] Flip Turn
|move|p2b: Staraptor|Roost|p2b: Staraptor
|-heal|p2b: Staraptor|88/100
|-singleturn|p2b: Staraptor|move: Roost
|move|p1b: Floette|Dazzling Gleam|p2b: Staraptor|[spread] p2a,p2b
|-supereffective|p2b: Staraptor|1
|-damage|p2a: Sceptile|0 fnt
|-damage|p2b: Staraptor|22/100
|faint|p2a: Sceptile
|
|upkeep
|inactive|wenzheng1811 has 30 seconds left.
|inactive|wenzheng1811 has 20 seconds left.
|inactive|wenzheng1811 has 15 seconds left.
|inactive|wenzheng1811 has 10 seconds left.
|inactive|wenzheng1811 has 5 seconds left.
|
|t:|1785746229
|switch|p2a: Ceruledge|Ceruledge, L50, M|100/100
|turn|4
|inactive|slopmachine has 30 seconds left.
|inactive|wenzheng1811 has 30 seconds left.
|
|t:|1785746259
|move|p1a: Whimsicott|Moonblast|p2b: Staraptor
|-supereffective|p2b: Staraptor|1
|-damage|p2b: Staraptor|0 fnt
|faint|p2b: Staraptor
|move|p2a: Ceruledge|Swords Dance|p2a: Ceruledge
|-boost|p2a: Ceruledge|atk|2
|move|p1b: Floette|Calm Mind|p1b: Floette
|-boost|p1b: Floette|spa|1
|-boost|p1b: Floette|spd|1
|
|-damage|p1b: Floette|85/100 par|[from] Leech Seed|[of] p2a: Ceruledge
|upkeep
|inactive|wenzheng1811 has 30 seconds left.
|inactive|wenzheng1811 has 20 seconds left.
|inactive|wenzheng1811 has 15 seconds left.
|inactive|wenzheng1811 has 10 seconds left.
|inactive|wenzheng1811 has 5 seconds left.
|
|t:|1785746315
|switch|p2b: Grimmsnarl|Grimmsnarl, L50, M|100/100
|turn|5
|inactive|wenzheng1811 has 30 seconds left.
|
|t:|1785746344
|detailschange|p1b: Floette|Floette-Mega, L50, F
|-mega|p1b: Floette|Floette|Floettite
|-ability|p1b: Floette|Fairy Aura
|move|p1a: Whimsicott|Encore|p2a: Ceruledge
|-start|p2a: Ceruledge|Encore
|move|p2b: Grimmsnarl|Light Screen|p2b: Grimmsnarl
|-sidestart|p2: wenzheng1811|move: Light Screen
|move|p2a: Ceruledge|Swords Dance|p2a: Ceruledge
|-boost|p2a: Ceruledge|atk|2
|cant|p1b: Floette|par
|
|-damage|p1b: Floette|72/100 par|[from] Leech Seed|[of] p2a: Ceruledge
|upkeep
|turn|6
|inactive|slopmachine has 30 seconds left.
|inactive|wenzheng1811 has 30 seconds left.
|
|t:|1785746378
|move|p1a: Whimsicott|Tailwind|p1a: Whimsicott
|-sidestart|p1: slopmachine|move: Tailwind
|move|p2b: Grimmsnarl|Parting Shot|p1b: Floette
|-unboost|p1b: Floette|atk|1
|-unboost|p1b: Floette|spa|1
|move|p2a: Ceruledge|Swords Dance|p2a: Ceruledge
|-boost|p2a: Ceruledge|atk|2
|move|p1b: Floette|Dazzling Gleam|p2a: Ceruledge|[spread] p2a,p2b
|-resisted|p2a: Ceruledge|1
|-supereffective|p2b: Grimmsnarl|1
|-crit|p2b: Grimmsnarl
|-damage|p2a: Ceruledge|78/100
|-damage|p2b: Grimmsnarl|0 fnt
|faint|p2b: Grimmsnarl
|
|-damage|p1b: Floette|60/100 par|[from] Leech Seed|[of] p2a: Ceruledge
|-heal|p2a: Ceruledge|91/100|[silent]
|upkeep
|turn|7
|inactive|wenzheng1811 has 30 seconds left.
|inactive|wenzheng1811 has 20 seconds left.
|
|t:|1785746415
|move|p1a: Whimsicott|Moonblast|p2a: Ceruledge
|-resisted|p2a: Ceruledge|1
|-damage|p2a: Ceruledge|75/100
|-unboost|p2a: Ceruledge|spa|1
|move|p2a: Ceruledge|Swords Dance|p2a: Ceruledge
|-boost|p2a: Ceruledge|atk|0
|move|p1b: Floette|Draining Kiss|p2a: Ceruledge
|-resisted|p2a: Ceruledge|1
|-damage|p2a: Ceruledge|54/100
|-heal|p1b: Floette|76/100 par|[from] drain|[of] p2a: Ceruledge
|
|-damage|p1b: Floette|64/100 par|[from] Leech Seed|[of] p2a: Ceruledge
|-heal|p2a: Ceruledge|67/100|[silent]
|-end|p2a: Ceruledge|Encore
|upkeep
|turn|8
|
|t:|1785746432
|switch|p1b: Basculegion|Basculegion, L50, M|100/100
|move|p1a: Whimsicott|Encore|p2a: Ceruledge
|-start|p2a: Ceruledge|Encore
|move|p2a: Ceruledge|Swords Dance|p2a: Ceruledge
|-boost|p2a: Ceruledge|atk|0
|
|upkeep
|turn|9
|
|t:|1785746449
|switch|p1a: Incineroar|Incineroar, L50, M|62/100
|-ability|p1a: Incineroar|Intimidate|boost
|-unboost|p2a: Ceruledge|atk|1
|move|p1b: Basculegion|Wave Crash|p2a: Ceruledge
|-supereffective|p2a: Ceruledge|1
|-damage|p2a: Ceruledge|0 fnt
|faint|p2a: Ceruledge
|-damage|p1b: Basculegion|79/100|[from] Recoil
|
|win|slopmachine
|inactive|slopmachine has 30 seconds to confirm battle start!
|inactive|wenzheng1811 has 30 seconds to confirm battle start!
||slopmachine is ready for game 2.
|inactive|wenzheng1811 has 20 seconds to confirm battle start!
|inactive|wenzheng1811 has 10 seconds to confirm battle start!
|uhtml|next|Next: Game 2 of 3
