|j|☆guillelona
|j|☆vicburgos
|html|guillelonavicburgos    
|uhtml|bestof|Game 1 of a best-of-3
|t:|1784985763
|gametype|doubles
|player|p1|guillelona|2|1129
|player|p2|vicburgos|170|1149
|gen|9
|tier|[Gen 9 Champions] VGC 2026 Reg M-B (Bo3)
|rated|
|rule|Species Clause: Limit one of each Pokémon
|rule|Item Clause: Limit 1 of each item
|clearpoke
|poke|p1|Vivillon-Tundra, L50, F|
|poke|p1|Mawile, L50, F|
|poke|p1|Torkoal, L50, F|
|poke|p1|Farigiraf, L50, M|
|poke|p1|Garchomp, L50, F|
|poke|p1|Raichu, L50, M|
|poke|p2|Raichu, L50, M|
|poke|p2|Annihilape, L50, F|
|poke|p2|Sinistcha, L50|
|poke|p2|Vaporeon, L50, M|
|poke|p2|Maushold-Four, L50|
|poke|p2|Incineroar, L50, F|
|teampreview|4
|showteam|p1|Vivillon-Tundra||FocusSash|CompoundEyes|Hurricane,SleepPowder,RagePowder,Protect|Timid||F|||50|]Mawile||Mawilite|Intimidate|PlayRough,RockSlide,SuckerPunch,Protect|Adamant||F|||50|]Torkoal||Charcoal|Drought|Eruption,WeatherBall,Protect,EarthPower|Quiet||F|||50|]Farigiraf||SitrusBerry|ArmorTail|Psychic,Thunderbolt,TrickRoom,HelpingHand|Relaxed||M|||50|]Garchomp||LifeOrb|RoughSkin|DragonClaw,Earthquake,RockSlide,Protect|Jolly||F|||50|]Raichu||RaichuniteY|LightningRod|ZapCannon,FocusBlast,FakeOut,Protect|Timid||M|||50|
|showteam|p2|Raichu||RaichuniteX|LightningRod|VoltTackle,FakeOut,KnockOff,Nuzzle|Jolly||M|||50|]Annihilape||SitrusBerry|Defiant|RageFist,Protect,BulkUp,DrainPunch|Careful||F|||50|]Sinistcha||BigRoot|Hospitality|MatchaGotcha,Protect,RagePowder,LifeDew|Bold|||||50|]Vaporeon||Leftovers|WaterAbsorb|Scald,Protect,Roar,IceBeam|Bold||M|||50|]Maushold-Four||WideLens|FriendGuard|PopulationBomb,Protect,FollowMe,ThunderWave|Jolly|||||50|]Incineroar||ChopleBerry|Intimidate|FlareBlitz,FakeOut,DarkestLariat,PartingShot|Adamant||F|||50|
|inactive|Battle timer is ON: inactive players will automatically lose when time's up. (requested by vicburgos)
|
|t:|1784985815
|teamsize|p1|4
|teamsize|p2|4
|start
|switch|p1a: Raichu|Raichu, L50, M|100/100
|switch|p1b: Vivillon|Vivillon-Tundra, L50, F|100/100
|switch|p2a: Raichu|Raichu, L50, M|100/100
|switch|p2b: Vaporeon|Vaporeon, L50, M|100/100
|turn|1
|inactive|vicburgos has 30 seconds left.
|
|t:|1784985847
|detailschange|p2a: Raichu|Raichu-Mega-X, L50, M
|-mega|p2a: Raichu|Raichu|Raichunite X
|-fieldstart|move: Electric Terrain|[from] ability: Electric Surge|[of] p2a: Raichu
|detailschange|p1a: Raichu|Raichu-Mega-Y, L50, M
|-mega|p1a: Raichu|Raichu|Raichunite Y
|move|p1a: Raichu|Fake Out|p2a: Raichu
|-damage|p2a: Raichu|88/100
|cant|p2a: Raichu|flinch
|move|p1b: Vivillon|Sleep Powder|p2b: Vaporeon
|-activate|p2b: Vaporeon|move: Electric Terrain
|move|p2b: Vaporeon|Roar|p1a: Raichu
|drag|p1a: Farigiraf|Farigiraf, L50, M|100/100
|
|upkeep
|turn|2
|inactive|guillelona has 30 seconds left.
|inactive|guillelona has 20 seconds left.
|
|t:|1784985884
|move|p1b: Vivillon|Rage Powder|p1b: Vivillon
|-singleturn|p1b: Vivillon|move: Rage Powder
|move|p2a: Raichu|Volt Tackle|p1b: Vivillon
|-supereffective|p1b: Vivillon|1
|-enditem|p1b: Vivillon|Focus Sash
|-damage|p1b: Vivillon|1/100
|-damage|p2a: Raichu|57/100|[from] Recoil
|move|p2b: Vaporeon|Scald|p1b: Vivillon
|-damage|p1b: Vivillon|0 fnt
|faint|p1b: Vivillon
|move|p1a: Farigiraf|Trick Room|p1a: Farigiraf
|-fieldstart|move: Trick Room|[of] p1a: Farigiraf
|
|upkeep
|
|t:|1784985892
|switch|p1b: Torkoal|Torkoal, L50, F|100/100
|-weather|SunnyDay|[from] ability: Drought|[of] p1b: Torkoal
|turn|3
|
|t:|1784985913
|switch|p2a: Maushold|Maushold-Four, L50|100/100
|move|p1b: Torkoal|Eruption|p2a: Maushold|[spread] p2a,p2b
|-resisted|p2b: Vaporeon|1
|-damage|p2a: Maushold|0 fnt
|-damage|p2b: Vaporeon|74/100
|faint|p2a: Maushold
|move|p1a: Farigiraf|Thunderbolt|p2b: Vaporeon
|-supereffective|p2b: Vaporeon|1
|-crit|p2b: Vaporeon
|-damage|p2b: Vaporeon|8/100
|move|p2b: Vaporeon|Scald|p1b: Torkoal
|-supereffective|p1b: Torkoal|1
|-damage|p1b: Torkoal|59/100
|
|-weather|SunnyDay|[upkeep]
|-heal|p2b: Vaporeon|14/100|[from] item: Leftovers
|upkeep
|
|t:|1784985925
|switch|p2a: Annihilape|Annihilape, L50, F|100/100
|turn|4
|
|t:|1784985938
|move|p2b: Vaporeon|Protect|p2b: Vaporeon
|-singleturn|p2b: Vaporeon|Protect
|move|p1b: Torkoal|Eruption|p2b: Vaporeon|[spread] p2a
|-activate|p2b: Vaporeon|move: Protect
|-damage|p2a: Annihilape|64/100
|move|p1a: Farigiraf|Psychic|p2a: Annihilape
|-supereffective|p2a: Annihilape|1
|-damage|p2a: Annihilape|14/100
|-enditem|p2a: Annihilape|Sitrus Berry|[eat]
|-heal|p2a: Annihilape|39/100|[from] item: Sitrus Berry
|move|p2a: Annihilape|Bulk Up|p2a: Annihilape
|-boost|p2a: Annihilape|atk|1
|-boost|p2a: Annihilape|def|1
|
|-weather|SunnyDay|[upkeep]
|-heal|p2b: Vaporeon|20/100y|[from] item: Leftovers
|upkeep
|turn|5
|
|t:|1784985955
|move|p2a: Annihilape|Protect|p2a: Annihilape
|-singleturn|p2a: Annihilape|Protect
|move|p1b: Torkoal|Weather Ball|p2a: Annihilape
|-activate|p2a: Annihilape|move: Protect
|move|p1a: Farigiraf|Thunderbolt|p2b: Vaporeon
|-supereffective|p2b: Vaporeon|1
|-damage|p2b: Vaporeon|0 fnt
|faint|p2b: Vaporeon
|
|-weather|SunnyDay|[upkeep]
|-fieldend|move: Electric Terrain
|upkeep
|
|t:|1784985964
|switch|p2b: Raichu|Raichu-Mega-X, L50, M|57/100
|-fieldstart|move: Electric Terrain|[from] ability: Electric Surge|[of] p2b: Raichu
|turn|6
|
|t:|1784985974
|move|p1b: Torkoal|Earth Power|p2b: Raichu
|-supereffective|p2b: Raichu|1
|-damage|p2b: Raichu|0 fnt
|faint|p2b: Raichu
|move|p1a: Farigiraf|Psychic|p2a: Annihilape
|-supereffective|p2a: Annihilape|1
|-damage|p2a: Annihilape|0 fnt
|faint|p2a: Annihilape
|
|win|guillelona
|l|☆vicburgos
|player|p2|
||vicburgos is ready for game 2.
|l|☆guillelona
|player|p1|
|inactive|guillelona has 30 seconds to confirm battle start!
||guillelona is ready for game 2.
|uhtml|next|Next: Game 2 of 3
|j|☆guillelona
|player|p1|guillelona|2|
