|j|☆x-4 at worlds
|j|☆Awesome Person III
|html|x-4 at worldsAwesome Person III    
|uhtml|bestof|Game 3 of a best-of-3
|t:|1757688118
|gametype|doubles
|player|p1|x-4 at worlds|shauntal|1521
|player|p2|Awesome Person III|fisherman-gen4|1408
|gen|9
|tier|[Gen 9] VGC 2025 Reg H (Bo3)
|rated|
|rule|Species Clause: Limit one of each Pokémon
|rule|Item Clause: Limit 1 of each item
|clearpoke
|poke|p1|Basculegion, L50, M|
|poke|p1|Incineroar, L50, M|
|poke|p1|Amoonguss, L50, M|
|poke|p1|Kilowattrel, L50, F|
|poke|p1|Ursaluna, L50, F|
|poke|p1|Gholdengo, L50|
|poke|p2|Dragonite, L50, M|
|poke|p2|Incineroar, L50, M|
|poke|p2|Rillaboom, L50, M|
|poke|p2|Sneasler, L50, F|
|poke|p2|Gholdengo, L50|
|poke|p2|Ursaluna-Bloodmoon, L50, M|
|teampreview|4
|showteam|p1|Basculegion||ChoiceScarf|Adaptability|WaveCrash,LastRespects,FlipTurn,AquaJet|||M|||50|,,,,,Grass]Incineroar||AssaultVest|Intimidate|KnockOff,FlareBlitz,Uturn,FakeOut|||M|||50|,,,,,Grass]Amoonguss||CovertCloak|Regenerator|PollenPuff,Spore,RagePowder,Protect|||M|||50|,,,,,Psychic]Kilowattrel||FocusSash|Competitive|Thunderbolt,AirSlash,Tailwind,Protect|||F|||50|,,,,,Ghost]Ursaluna||FlameOrb|Guts|HeadlongRush,Facade,Earthquake,Protect|||F|||50|,,,,,Fairy]Gholdengo||LifeOrb|GoodasGold|MakeItRain,ShadowBall,NastyPlot,Protect||||||50|,,,,,Water
|showteam|p2|Dragonite||LoadedDice|Multiscale|ScaleShot,Tailwind,Protect,Haze|||M|||50|,,,,,Fairy]Incineroar||SafetyGoggles|Intimidate|FlareBlitz,KnockOff,FakeOut,PartingShot|||M|||50|,,,,,Ghost]Rillaboom||MiracleSeed|GrassySurge|WoodHammer,GrassyGlide,HighHorsepower,FakeOut|||M|||50|,,,,,Water]Sneasler||FocusSash|Unburden|CloseCombat,DireClaw,ThroatChop,Protect|||F|||50|,,,,,Stellar]Gholdengo||LifeOrb|GoodasGold|MakeItRain,ShadowBall,Protect,NastyPlot||||||50|,,,,,Water]Ursaluna-Bloodmoon||AssaultVest|MindsEye|BloodMoon,EarthPower,HyperVoice,VacuumWave|||M|||50|,,,,,Electric
|inactive|Battle timer is ON: inactive players will automatically lose when time's up. (requested by Awesome Person III)
|inactive|x-4 at worlds has 60 seconds left.
|
|t:|1757688173
|teamsize|p1|4
|teamsize|p2|4
|start
|switch|p1a: Incineroar|Incineroar, L50, M|100/100
|switch|p1b: Gholdengo|Gholdengo, L50|100/100
|switch|p2a: Dragonite|Dragonite, L50, M|100/100
|switch|p2b: Rillaboom|Rillaboom, L50, M|100/100
|-fieldstart|move: Grassy Terrain|[from] ability: Grassy Surge|[of] p2b: Rillaboom
|-ability|p1a: Incineroar|Intimidate|boost
|-unboost|p2a: Dragonite|atk|1
|-unboost|p2b: Rillaboom|atk|1
|turn|1
|
|t:|1757688189
|move|p2b: Rillaboom|Fake Out|p1a: Incineroar
|-damage|p1a: Incineroar|91/100
|move|p1b: Gholdengo|Make It Rain|p2b: Rillaboom|[spread] p2a,p2b
|-damage|p2a: Dragonite|66/100
|-damage|p2b: Rillaboom|41/100
|-unboost|p1b: Gholdengo|spa|1
|-damage|p1b: Gholdengo|91/100|[from] item: Life Orb
|move|p2a: Dragonite|Scale Shot|p1a: Incineroar
|-damage|p1a: Incineroar|80/100
|-damage|p1a: Incineroar|71/100
|-damage|p1a: Incineroar|61/100
|-damage|p1a: Incineroar|52/100
|-hitcount|p1a: Incineroar|4
|-unboost|p2a: Dragonite|def|1
|-boost|p2a: Dragonite|spe|1
|cant|p1a: Incineroar|flinch
|
|-heal|p1b: Gholdengo|97/100|[from] Grassy Terrain
|-heal|p2b: Rillaboom|47/100|[from] Grassy Terrain
|-heal|p1a: Incineroar|58/100|[from] Grassy Terrain
|upkeep
|turn|2
|
|t:|1757688208
|move|p2a: Dragonite|Scale Shot|p1a: Incineroar
|-damage|p1a: Incineroar|48/100
|-damage|p1a: Incineroar|37/100
|-damage|p1a: Incineroar|28/100
|-damage|p1a: Incineroar|17/100
|-hitcount|p1a: Incineroar|4
|-unboost|p2a: Dragonite|def|1
|-boost|p2a: Dragonite|spe|1
|move|p1b: Gholdengo|Make It Rain|p2a: Dragonite|[spread] p2a,p2b
|-damage|p2a: Dragonite|26/100
|-damage|p2b: Rillaboom|8/100
|-unboost|p1b: Gholdengo|spa|1
|-damage|p1b: Gholdengo|88/100|[from] item: Life Orb
|move|p2b: Rillaboom|High Horsepower|p1a: Incineroar
|-supereffective|p1a: Incineroar
|-crit|p1a: Incineroar
|-damage|p1a: Incineroar|0 fnt
|faint|p1a: Incineroar
|
|-heal|p1b: Gholdengo|94/100|[from] Grassy Terrain
|-heal|p2b: Rillaboom|14/100|[from] Grassy Terrain
|upkeep
|
|t:|1757688215
|switch|p1a: Kilowattrel|Kilowattrel, L50, F|100/100
|turn|3
|inactive|Awesome Person III has 30 seconds left.
|
|t:|1757688242
|switch|p2b: Ursaluna|Ursaluna-Bloodmoon, L50, M|100/100
|move|p2a: Dragonite|Protect|p2a: Dragonite
|-singleturn|p2a: Dragonite|Protect
|move|p1a: Kilowattrel|Protect|p1a: Kilowattrel
|-singleturn|p1a: Kilowattrel|Protect
|move|p1b: Gholdengo|Make It Rain|p2a: Dragonite|[spread] p2b
|-activate|p2a: Dragonite|move: Protect
|-damage|p2b: Ursaluna|82/100
|-unboost|p1b: Gholdengo|spa|1
|-damage|p1b: Gholdengo|84/100|[from] item: Life Orb
|
|-heal|p1b: Gholdengo|90/100|[from] Grassy Terrain
|-heal|p2b: Ursaluna|88/100|[from] Grassy Terrain
|upkeep
|turn|4
|
|t:|1757688263
|switch|p1b: Ursaluna|Ursaluna, L50, F|100/100
|move|p2a: Dragonite|Scale Shot|p1a: Kilowattrel
|-damage|p1a: Kilowattrel|84/100
|-damage|p1a: Kilowattrel|67/100
|-crit|p1a: Kilowattrel
|-damage|p1a: Kilowattrel|23/100
|-damage|p1a: Kilowattrel|6/100
|-hitcount|p1a: Kilowattrel|4
|-unboost|p2a: Dragonite|def|1
|-boost|p2a: Dragonite|spe|1
|move|p1a: Kilowattrel|Tailwind|p1a: Kilowattrel
|-sidestart|p1: x-4 at worlds|move: Tailwind
|move|p2b: Ursaluna|Hyper Voice|p1a: Kilowattrel|[spread] p1a,p1b
|-damage|p1a: Kilowattrel|0 fnt
|-damage|p1b: Ursaluna|67/100
|faint|p1a: Kilowattrel
|
|-heal|p1b: Ursaluna|73/100|[from] Grassy Terrain
|-heal|p2b: Ursaluna|94/100|[from] Grassy Terrain
|-status|p1b: Ursaluna|brn|[from] item: Flame Orb
|upkeep
|
|t:|1757688284
|switch|p1a: Gholdengo|Gholdengo, L50|90/100
|turn|5
|inactive|x-4 at worlds has 30 seconds left.
|inactive|Awesome Person III has 30 seconds left.
|
|t:|1757688317
|switch|p2b: Rillaboom|Rillaboom, L50, M|14/100
|move|p2a: Dragonite|Protect|p2a: Dragonite
|-singleturn|p2a: Dragonite|Protect
|move|p1a: Gholdengo|Make It Rain|p2a: Dragonite|[spread] p2b
|-activate|p2a: Dragonite|move: Protect
|-damage|p2b: Rillaboom|0 fnt
|-unboost|p1a: Gholdengo|spa|1
|faint|p2b: Rillaboom
|-damage|p1a: Gholdengo|81/100|[from] item: Life Orb
|move|p1b: Ursaluna|Facade|p2a: Dragonite
|-activate|p2a: Dragonite|move: Protect
|
|-heal|p1a: Gholdengo|87/100|[from] Grassy Terrain
|-heal|p1b: Ursaluna|79/100 brn|[from] Grassy Terrain
|-damage|p1b: Ursaluna|73/100 brn|[from] brn
|-fieldend|move: Grassy Terrain
|upkeep
|
|t:|1757688322
|switch|p2b: Incineroar|Incineroar, L50, M|100/100
|-ability|p2b: Incineroar|Intimidate|boost
|-unboost|p1a: Gholdengo|atk|1
|-unboost|p1b: Ursaluna|atk|1
|turn|6
|inactive|x-4 at worlds has 30 seconds left.
|inactive|x-4 at worlds has 20 seconds left.
|inactive|x-4 at worlds has 15 seconds left.
|inactive|x-4 at worlds has 10 seconds left.
|
|t:|1757688367
|move|p2b: Incineroar|Fake Out|p1b: Ursaluna
|-crit|p1b: Ursaluna
|-damage|p1b: Ursaluna|60/100 brn
|move|p2a: Dragonite|Tailwind|p2a: Dragonite
|-sidestart|p2: Awesome Person III|move: Tailwind
|move|p1a: Gholdengo|Make It Rain|p2b: Incineroar|[spread] p2a,p2b
|-resisted|p2b: Incineroar
|-damage|p2a: Dragonite|0 fnt
|-damage|p2b: Incineroar|82/100
|-unboost|p1a: Gholdengo|spa|1
|faint|p2a: Dragonite
|-damage|p1a: Gholdengo|78/100|[from] item: Life Orb
|cant|p1b: Ursaluna|flinch
|
|-damage|p1b: Ursaluna|54/100 brn|[from] brn
|upkeep
|
|t:|1757688375
|switch|p2a: Ursaluna|Ursaluna-Bloodmoon, L50, M|94/100
|turn|7
|
|t:|1757688394
|-terastallize|p1a: Gholdengo|Water
|-terastallize|p2b: Incineroar|Ghost
|move|p1a: Gholdengo|Nasty Plot|p1a: Gholdengo
|-boost|p1a: Gholdengo|spa|2
|move|p2b: Incineroar|Flare Blitz|p1a: Gholdengo
|-resisted|p1a: Gholdengo
|-damage|p1a: Gholdengo|54/100
|-status|p1a: Gholdengo|brn
|-damage|p2b: Incineroar|75/100|[from] Recoil
|move|p1b: Ursaluna|Headlong Rush|p2b: Incineroar
|-damage|p2b: Incineroar|22/100
|-unboost|p1b: Ursaluna|def|1
|-unboost|p1b: Ursaluna|spd|1
|move|p2a: Ursaluna|Blood Moon|p1b: Ursaluna
|-damage|p1b: Ursaluna|0 fnt
|faint|p1b: Ursaluna
|
|-damage|p1a: Gholdengo|48/100 brn|[from] brn
|-sideend|p1: x-4 at worlds|move: Tailwind
|upkeep
|turn|8
|
|t:|1757688412
|move|p1a: Gholdengo|Protect|p1a: Gholdengo
|-singleturn|p1a: Gholdengo|Protect
|move|p2b: Incineroar|Knock Off|p1a: Gholdengo
|-activate|p1a: Gholdengo|move: Protect
|move|p2a: Ursaluna|Earth Power|p1a: Gholdengo
|-activate|p1a: Gholdengo|move: Protect
|
|-damage|p1a: Gholdengo|42/100 brn|[from] brn
|upkeep
|turn|9
|
|t:|1757688415
|move|p1a: Gholdengo|Protect||[still]
|-fail|p1a: Gholdengo
|move|p2b: Incineroar|Knock Off|p1a: Gholdengo
|-damage|p1a: Gholdengo|0 fnt
|-enditem|p1a: Gholdengo|Life Orb|[from] move: Knock Off|[of] p2b: Incineroar
|faint|p1a: Gholdengo
|
|win|Awesome Person III
|raw|x-4 at worlds's rating: 1521 → 1495(-26 for losing)
|raw|Awesome Person III's rating: 1408 → 1434(+26 for winning)
|c|☆Awesome Person III|gg
|c|☆x-4 at worlds|Ggs
