|j|☆CavaliereIsSoPeak
|j|☆dont make me walk
|html|CavaliereIsSoPeakdont make me walk    
|uhtml|bestof|Game 1 of a best-of-3
|t:|1756900960
|gametype|doubles
|player|p1|CavaliereIsSoPeak|gambler|1435
|player|p2|dont make me walk|red-masters3|1385
|gen|9
|tier|[Gen 9] VGC 2025 Reg H (Bo3)
|rated|
|rule|Species Clause: Limit one of each Pokémon
|rule|Item Clause: Limit 1 of each item
|clearpoke
|poke|p1|Volcarona, L50, M|
|poke|p1|Basculegion, L50, M|
|poke|p1|Sneasler, L50, F|
|poke|p1|Dragonite, L50, M|
|poke|p1|Ursaluna-Bloodmoon, L50, M|
|poke|p1|Whimsicott, L50, F|
|poke|p2|Ursaluna-Bloodmoon, L50, M|
|poke|p2|Indeedee, L50, M|
|poke|p2|Sneasler, L50, M|
|poke|p2|Incineroar, L50, F|
|poke|p2|Talonflame, L50, M|
|poke|p2|Garchomp, L50, M|
|teampreview|4
|showteam|p1|Volcarona||SitrusBerry|FlameBody|HeatWave,TeraBlast,QuiverDance,Protect|||M|||50|,,,,,Fairy]Basculegion||ChoiceScarf|Adaptability|WaveCrash,FlipTurn,AquaJet,LastRespects|||M|||50|,,,,,Water]Sneasler||FocusSash|Unburden|DireClaw,CloseCombat,ThroatChop,Protect|||F|||50|,,,,,Dark]Dragonite||LoadedDice|Multiscale|ScaleShot,ExtremeSpeed,Haze,Protect|||M|||50|,,,,,Steel]Ursaluna-Bloodmoon||LifeOrb|MindsEye|BloodMoon,HyperVoice,EarthPower,Protect|||M|||50|,,,,,Normal]Whimsicott||CovertCloak|Prankster|Moonblast,Tailwind,Encore,Taunt|||F|||50|,,,,,Poison
|showteam|p2|Ursaluna-Bloodmoon||LifeOrb|MindsEye|Protect,EarthPower,HyperVoice,BloodMoon|||M|||50|,,,,,Normal]Indeedee||FocusSash|PsychicSurge|ExpandingForce,Protect,TrickRoom,Imprison|||M|||50|,,,,,Psychic]Sneasler||PsychicSeed|Unburden|DireClaw,CloseCombat,ThroatChop,Protect|||M|||50|,,,,,Dark]Incineroar||SafetyGoggles|Intimidate|FakeOut,KnockOff,FlareBlitz,PartingShot|||F|||50|,,,,,Ghost]Talonflame||CovertCloak|GaleWings|FlareBlitz,DualWingbeat,WillOWisp,Tailwind|||M|||50|,,,,,Fairy]Garchomp||ClearAmulet|RoughSkin|Earthquake,StompingTantrum,DragonClaw,Protect|||M|||50|,,,,,Fairy
|inactive|Battle timer is ON: inactive players will automatically lose when time's up. (requested by dont make me walk)
|
|t:|1756900973
|teamsize|p1|4
|teamsize|p2|4
|start
|switch|p1a: Aqua|Basculegion, L50, M|100/100
|switch|p1b: Mary|Whimsicott, L50, F|100/100
|switch|p2a: Talonflame|Talonflame, L50, M|100/100
|switch|p2b: Ursaluna|Ursaluna-Bloodmoon, L50, M|100/100
|turn|1
|inactive|CavaliereIsSoPeak has 30 seconds left.
|
|t:|1756901007
|-terastallize|p1a: Aqua|Water
|-terastallize|p2b: Ursaluna|Normal
|move|p1b: Mary|Tailwind|p1b: Mary
|-sidestart|p1: CavaliereIsSoPeak|move: Tailwind
|move|p2a: Talonflame|Tailwind|p2a: Talonflame
|-sidestart|p2: dont make me walk|move: Tailwind
|move|p1a: Aqua|Flip Turn|p2b: Ursaluna
|-damage|p2b: Ursaluna|65/100
|
|t:|1756901017
|switch|p1a: Ventus|Dragonite, L50, M|100/100|[from] Flip Turn
|move|p2b: Ursaluna|Blood Moon|p1a: Ventus
|-damage|p1a: Ventus|27/100
|-damage|p2b: Ursaluna|56/100|[from] item: Life Orb
|
|upkeep
|turn|2
|
|t:|1756901026
|move|p1b: Mary|Encore|p2a: Talonflame
|-start|p2a: Talonflame|Encore
|move|p2a: Talonflame|Tailwind||[still]
|-fail|p2a: Talonflame
|move|p1a: Ventus|Scale Shot|p2b: Ursaluna
|-damage|p2b: Ursaluna|44/100
|-damage|p2b: Ursaluna|32/100
|-damage|p2b: Ursaluna|20/100
|-damage|p2b: Ursaluna|9/100
|-hitcount|p2b: Ursaluna|4
|-unboost|p1a: Ventus|def|1
|-boost|p1a: Ventus|spe|1
|move|p2b: Ursaluna|Hyper Voice|p1b: Mary|[spread] p1a,p1b
|-damage|p1a: Ventus|0 fnt
|-damage|p1b: Mary|7/100
|faint|p1a: Ventus
|-damage|p2b: Ursaluna|0 fnt|[from] item: Life Orb
|faint|p2b: Ursaluna
|
|upkeep
|
|t:|1756901037
|switch|p1a: Aqua|Basculegion, L50, M, tera:Water|100/100
|switch|p2b: Sneasler|Sneasler, L50, M|100/100
|turn|3
|
|t:|1756901055
|switch|p2a: Indeedee|Indeedee, L50, M|100/100
|-fieldstart|move: Psychic Terrain|[from] ability: Psychic Surge|[of] p2a: Indeedee
|-enditem|p2b: Sneasler|Psychic Seed
|-boost|p2b: Sneasler|spd|1|[from] item: Psychic Seed
|move|p2b: Sneasler|Close Combat|p1a: Aqua
|-damage|p1a: Aqua|25/100
|-unboost|p2b: Sneasler|def|1
|-unboost|p2b: Sneasler|spd|1
|move|p1a: Aqua|Flip Turn|p2a: Indeedee
|-damage|p2a: Indeedee|9/100
|
|t:|1756901067
|switch|p1a: D'oro|Sneasler, L50, F|100/100|[from] Flip Turn
|move|p1b: Mary|Moonblast|p2a: Indeedee
|-crit|p2a: Indeedee
|-damage|p2a: Indeedee|0 fnt
|faint|p2a: Indeedee
|
|upkeep
|
|t:|1756901069
|switch|p2a: Talonflame|Talonflame, L50, M|100/100
|turn|4
|
|t:|1756901082
|move|p2b: Sneasler|Dire Claw|p1b: Mary
|-supereffective|p1b: Mary
|-damage|p1b: Mary|0 fnt
|faint|p1b: Mary
|move|p1a: D'oro|Close Combat|p2b: Sneasler
|-resisted|p2b: Sneasler
|-damage|p2b: Sneasler|12/100
|-unboost|p1a: D'oro|def|1
|-unboost|p1a: D'oro|spd|1
|move|p2a: Talonflame|Will-O-Wisp|p1a: D'oro
|-status|p1a: D'oro|brn
|
|-damage|p1a: D'oro|95/100 brn|[from] brn
|-sideend|p2: dont make me walk|move: Tailwind
|-sideend|p1: CavaliereIsSoPeak|move: Tailwind
|upkeep
|
|t:|1756901085
|switch|p1b: Aqua|Basculegion, L50, M, tera:Water|25/100
|turn|5
|
|t:|1756901096
|move|p2a: Talonflame|Tailwind|p2a: Talonflame
|-sidestart|p2: dont make me walk|move: Tailwind
|move|p2b: Sneasler|Dire Claw|p1b: Aqua
|-damage|p1b: Aqua|0 fnt
|faint|p1b: Aqua
|move|p1a: D'oro|Close Combat|p2b: Sneasler
|-resisted|p2b: Sneasler
|-damage|p2b: Sneasler|0 fnt
|-unboost|p1a: D'oro|def|1
|-unboost|p1a: D'oro|spd|1
|faint|p2b: Sneasler
|
|-damage|p1a: D'oro|89/100 brn|[from] brn
|upkeep
|turn|6
|-message|CavaliereIsSoPeak forfeited.
|
|win|dont make me walk
|l|☆CavaliereIsSoPeak
|player|p1|
||CavaliereIsSoPeak is ready for game 2.
||dont make me walk is ready for game 2.
|uhtml|next|Next: Game 2 of 3
