|j|☆superG195
|j|☆Autin Mago
|html|superG195Autin Mago    
|uhtml|bestof|Game 1 of a best-of-3
|t:|1785718971
|gametype|doubles
|player|p1|superG195|brawly|1180
|player|p2|Autin Mago|arezu|1163
|gen|9
|tier|[Gen 9 Champions] VGC 2026 Reg M-B (Bo3)
|rated|
|rule|Species Clause: Limit one of each Pokémon
|rule|Item Clause: Limit 1 of each item
|clearpoke
|poke|p1|Rotom-Heat, L50|
|poke|p1|Tyranitar, L50, F|
|poke|p1|Garchomp, L50, M|
|poke|p1|Corviknight, L50, M|
|poke|p1|Venusaur, L50, F|
|poke|p1|Primarina, L50, M|
|poke|p2|Milotic, L50, M|
|poke|p2|Staraptor, L50, M|
|poke|p2|Tyranitar, L50, F|
|poke|p2|Gholdengo, L50|
|poke|p2|Excadrill, L50, F|
|poke|p2|Sinistcha, L50|
|teampreview|4
|showteam|p1|Rotom-Heat||ChoiceScarf|Levitate|Thunderbolt,VoltSwitch,Electroweb,Overheat|Timid|||||50|]Tyranitar||FocusSash|SandStream|RockSlide,KnockOff,LowKick,Protect|Adamant||F|||50|]Garchomp||LifeOrb|RoughSkin|Earthquake,DragonClaw,Protect,RockSlide|Jolly||M|||50|]Corviknight||Leftovers|MirrorArmor|Tailwind,BraveBird,IronHead,Protect|Adamant||M|||50|]Venusaur||Venusaurite|Chlorophyll|SludgeBomb,GigaDrain,EarthPower,Protect|Modest||F|||50|]Primarina||SitrusBerry|LiquidVoice|HyperVoice,Protect,Moonblast,HydroCannon|Modest||M|||50|
|showteam|p2|Milotic||SitrusBerry|Competitive|Protect,Haze,Scald,IcyWind|Calm||M|||50|]Staraptor||Staraptite|Intimidate|Protect,BraveBird,CloseCombat,Tailwind|Jolly||M|||50|]Tyranitar||Tyranitarite|SandStream|Protect,KnockOff,RockSlide,LowKick|Jolly||F|||50|]Gholdengo||LifeOrb|GoodasGold|Protect,ShadowBall,NastyPlot,MakeItRain|Modest|||||50|]Excadrill||FocusSash|SandRush|Protect,IronHead,RockSlide,HighHorsepower|Jolly||F|||50|]Sinistcha||ColburBerry|Hospitality|Protect,ShadowBall,RagePowder,MatchaGotcha|Bold|||||50|
|c|☆Autin Mago|Glhf!
|
|t:|1785719000
|teamsize|p1|4
|teamsize|p2|4
|start
|switch|p1a: Primarina|Primarina, L50, M|100/100
|switch|p1b: Rotom|Rotom-Heat, L50|100/100
|switch|p2a: Gholdengo|Gholdengo, L50|100/100
|switch|p2b: Staraptor|Staraptor, L50, M|100/100
|-ability|p2b: Staraptor|Intimidate|boost
|-unboost|p1a: Primarina|atk|1
|-unboost|p1b: Rotom|atk|1
|turn|1
|
|t:|1785719035
|detailschange|p2b: Staraptor|Staraptor-Mega, L50, M
|-mega|p2b: Staraptor|Staraptor|Staraptite
|move|p1b: Rotom|Overheat|p2a: Gholdengo
|-supereffective|p2a: Gholdengo|1
|-damage|p2a: Gholdengo|3/100
|-unboost|p1b: Rotom|spa|2
|move|p2b: Staraptor|Tailwind|p2b: Staraptor
|-sidestart|p2: Autin Mago|move: Tailwind
|move|p2a: Gholdengo|Nasty Plot|p2a: Gholdengo
|-boost|p2a: Gholdengo|spa|2
|move|p1a: Primarina|Moonblast|p2b: Staraptor
|-supereffective|p2b: Staraptor|1
|-damage|p2b: Staraptor|0 fnt
|faint|p2b: Staraptor
|
|upkeep
|
|t:|1785719049
|switch|p2b: Milotic|Milotic, L50, M|100/100
|turn|2
|
|t:|1785719080
|move|p1a: Primarina|Protect|p1a: Primarina
|-singleturn|p1a: Primarina|Protect
|move|p2b: Milotic|Scald|p1b: Rotom
|-supereffective|p1b: Rotom|1
|-damage|p1b: Rotom|34/100
|move|p2a: Gholdengo|Make It Rain|p1a: Primarina|[spread] p1b
|-activate|p1a: Primarina|move: Protect
|-resisted|p1b: Rotom|2
|-damage|p1b: Rotom|0 fnt
|-unboost|p2a: Gholdengo|spa|2
|faint|p1b: Rotom
|-damage|p2a: Gholdengo|0 fnt|[from] item: Life Orb
|faint|p2a: Gholdengo
|
|upkeep
|
|t:|1785719098
|switch|p1b: Venusaur|Venusaur, L50, F|100/100
|switch|p2a: Tyranitar|Tyranitar, L50, F|100/100
|-weather|Sandstorm|[from] ability: Sand Stream|[of] p2a: Tyranitar
|turn|3
|
|t:|1785719123
|detailschange|p1b: Venusaur|Venusaur-Mega, L50, F
|-mega|p1b: Venusaur|Venusaur|Venusaurite
|move|p2a: Tyranitar|Rock Slide|p1a: Primarina|[spread] p1a,p1b
|-damage|p1a: Primarina|71/100
|-damage|p1b: Venusaur|77/100
|move|p2b: Milotic|Icy Wind|p1b: Venusaur|[spread] p1a,p1b
|-resisted|p1a: Primarina|1
|-supereffective|p1b: Venusaur|1
|-damage|p1a: Primarina|66/100
|-damage|p1b: Venusaur|70/100
|-unboost|p1a: Primarina|spe|1
|-unboost|p1b: Venusaur|spe|1
|move|p1b: Venusaur|Giga Drain|p2b: Milotic
|-supereffective|p2b: Milotic|1
|-damage|p2b: Milotic|46/100
|-heal|p1b: Venusaur|97/100|[from] drain|[of] p2b: Milotic
|-enditem|p2b: Milotic|Sitrus Berry|[eat]
|-heal|p2b: Milotic|71/100|[from] item: Sitrus Berry
|move|p1a: Primarina|Hyper Voice|p2a: Tyranitar|[spread] p2a,p2b
|-supereffective|p2a: Tyranitar|1
|-resisted|p2b: Milotic|1
|-damage|p2a: Tyranitar|55/100
|-damage|p2b: Milotic|60/100
|
|-weather|Sandstorm|[upkeep]
|-damage|p2b: Milotic|54/100|[from] Sandstorm
|-damage|p1b: Venusaur|91/100|[from] Sandstorm
|-damage|p1a: Primarina|60/100|[from] Sandstorm
|upkeep
|turn|4
|
|t:|1785719148
|move|p2b: Milotic|Protect|p2b: Milotic
|-singleturn|p2b: Milotic|Protect
|move|p2a: Tyranitar|Rock Slide|p1b: Venusaur|[spread] p1a,p1b
|-damage|p1a: Primarina|32/100
|-damage|p1b: Venusaur|71/100
|-enditem|p1a: Primarina|Sitrus Berry|[eat]
|-heal|p1a: Primarina|57/100|[from] item: Sitrus Berry
|move|p1b: Venusaur|Giga Drain|p2b: Milotic
|-activate|p2b: Milotic|move: Protect
|cant|p1a: Primarina|flinch
|
|-weather|Sandstorm|[upkeep]
|-damage|p2b: Milotic|48/100|[from] Sandstorm
|-damage|p1b: Venusaur|65/100|[from] Sandstorm
|-damage|p1a: Primarina|51/100|[from] Sandstorm
|-sideend|p2: Autin Mago|move: Tailwind
|upkeep
|turn|5
|
|t:|1785719166
|move|p2a: Tyranitar|Rock Slide|p1b: Venusaur|[spread] p1a,p1b
|-damage|p1a: Primarina|22/100
|-damage|p1b: Venusaur|44/100
|move|p2b: Milotic|Icy Wind|p1a: Primarina|[spread] p1a,p1b
|-resisted|p1a: Primarina|1
|-supereffective|p1b: Venusaur|1
|-damage|p1a: Primarina|18/100
|-damage|p1b: Venusaur|36/100
|-unboost|p1a: Primarina|spe|1
|-unboost|p1b: Venusaur|spe|1
|cant|p1b: Venusaur|flinch
|move|p1a: Primarina|Moonblast|p2a: Tyranitar
|-supereffective|p2a: Tyranitar|1
|-damage|p2a: Tyranitar|0 fnt
|faint|p2a: Tyranitar
|
|-weather|Sandstorm|[upkeep]
|-damage|p2b: Milotic|42/100|[from] Sandstorm
|-damage|p1b: Venusaur|30/100|[from] Sandstorm
|-damage|p1a: Primarina|12/100|[from] Sandstorm
|upkeep
|turn|6
|c|☆Autin Mago|Gg wp
|
|t:|1785719188
|move|p2b: Milotic|Icy Wind|p1a: Primarina|[spread] p1a,p1b
|-resisted|p1a: Primarina|1
|-supereffective|p1b: Venusaur|1
|-damage|p1a: Primarina|7/100
|-damage|p1b: Venusaur|21/100
|-unboost|p1a: Primarina|spe|1
|-unboost|p1b: Venusaur|spe|1
|move|p1b: Venusaur|Giga Drain|p2b: Milotic
|-supereffective|p2b: Milotic|1
|-damage|p2b: Milotic|0 fnt
|-heal|p1b: Venusaur|43/100|[from] drain|[of] p2b: Milotic
|faint|p2b: Milotic
|
|win|superG195
||superG195 is ready for game 2.
|inactive|Autin Mago has 30 seconds to confirm battle start!
||Autin Mago is ready for game 2.
|uhtml|next|Next: Game 2 of 3
