|j|☆lolgz
|j|☆EeveesCloset
|html|lolgzEeveesCloset    
|uhtml|bestof|Game 1 of a best-of-3
|t:|1782272422
|gametype|doubles
|player|p1|lolgz|dawn|1185
|player|p2|EeveesCloset|2|1120
|gen|9
|tier|[Gen 9 Champions] VGC 2026 Reg M-B (Bo3)
|rated|
|rule|Species Clause: Limit one of each Pokémon
|rule|Item Clause: Limit 1 of each item
|clearpoke
|poke|p1|Torkoal, L50, F|
|poke|p1|Vileplume, L50, M|
|poke|p1|Farigiraf, L50, M|
|poke|p1|Scrafty, L50, M|
|poke|p1|Gallade, L50, M|
|poke|p1|Mawile, L50, F|
|poke|p2|Ninetales-Alola, L50, M|
|poke|p2|Hydreigon, L50, F|
|poke|p2|Aerodactyl, L50, F|
|poke|p2|Incineroar, L50, F|
|poke|p2|Blaziken, L50, M|
|poke|p2|Metagross, L50|
|teampreview|4
|showteam|p1|Torkoal||Charcoal|Drought|Eruption,WeatherBall,EarthPower,Protect|Quiet||F|||50|]Vileplume||FocusSash|Chlorophyll|EnergyBall,SludgeBomb,SleepPowder,AfterYou|Timid||M|||50|]Farigiraf||SitrusBerry|ArmorTail|TrickRoom,Protect,Psychic,HelpingHand|Bold||M|||50|]Scrafty||Scraftinite|Intimidate|CloseCombat,KnockOff,FakeOut,RockSlide|Brave||M|||50|]Gallade||IronBall|Sharpness|SacredSword,PsychoCut,WideGuard,TrickRoom|Brave||M|||50|]Mawile||Mawilite|Intimidate|SuckerPunch,PlayRough,SwordsDance,Protect|Brave||F|||50|
|showteam|p2|Ninetales-Alola||LifeOrb|SnowWarning|Blizzard,FreezeDry,Moonblast,Protect|Timid||M|||50|]Hydreigon||ChoiceScarf|Levitate|DarkPulse,DracoMeteor,EarthPower,Snarl|Modest||F|||50|]Aerodactyl||FocusSash|Unnerve|RockSlide,DualWingbeat,Tailwind,Protect|Adamant||F|||50|]Incineroar||SitrusBerry|Intimidate|DarkestLariat,FakeOut,FlareBlitz,PartingShot|Impish||F|||50|]Blaziken||Blazikenite|SpeedBoost|SwordsDance,CloseCombat,FlareBlitz,Protect|Adamant||M|||50|]Metagross||Metagrossite|ClearBody|MeteorMash,BulletPunch,PsychicFangs,Protect|Jolly|||||50|
|inactive|Battle timer is ON: inactive players will automatically lose when time's up. (requested by lolgz)
|inactive|EeveesCloset has 60 seconds left.
|
|t:|1782272455
|teamsize|p1|4
|teamsize|p2|4
|start
|switch|p1a: Farigiraf|Farigiraf, L50, M|100/100
|switch|p1b: Mawile|Mawile, L50, F|100/100
|switch|p2a: Incineroar|Incineroar, L50, F|100/100
|switch|p2b: Hydreigon|Hydreigon, L50, F|100/100
|-ability|p2a: Incineroar|Intimidate|boost
|-unboost|p1a: Farigiraf|atk|1
|-unboost|p1b: Mawile|atk|1
|-ability|p1b: Mawile|Intimidate|boost
|-unboost|p2a: Incineroar|atk|1
|-unboost|p2b: Hydreigon|atk|1
|turn|1
|inactive|lolgz has 30 seconds left.
|inactive|EeveesCloset has 30 seconds left.
|inactive|EeveesCloset has 20 seconds left.
|inactive|EeveesCloset has 15 seconds left.
|
|t:|1782272499
|switch|p2b: Metagross|Metagross, L50|100/100
|detailschange|p1b: Mawile|Mawile-Mega, L50, F
|-mega|p1b: Mawile|Mawile|Mawilite
|move|p1a: Farigiraf|Protect|p1a: Farigiraf
|-singleturn|p1a: Farigiraf|Protect
|move|p2a: Incineroar|Flare Blitz|p1b: Mawile
|-supereffective|p1b: Mawile|1
|-damage|p1b: Mawile|45/100
|-damage|p2a: Incineroar|86/100|[from] Recoil
|move|p1b: Mawile|Play Rough|p2a: Incineroar
|-damage|p2a: Incineroar|38/100
|-enditem|p2a: Incineroar|Sitrus Berry|[eat]
|-heal|p2a: Incineroar|62/100|[from] item: Sitrus Berry
|
|upkeep
|turn|2
|inactive|EeveesCloset has 30 seconds left.
|
|t:|1782272526
|switch|p1b: Torkoal|Torkoal, L50, F|100/100
|-weather|SunnyDay|[from] ability: Drought|[of] p1b: Torkoal
|detailschange|p2b: Metagross|Metagross-Mega, L50
|-mega|p2b: Metagross|Metagross|Metagrossite
|move|p2b: Metagross|Psychic Fangs|p1a: Farigiraf
|-resisted|p1a: Farigiraf|1
|-damage|p1a: Farigiraf|74/100
|move|p2a: Incineroar|Darkest Lariat|p1a: Farigiraf
|-supereffective|p1a: Farigiraf|1
|-damage|p1a: Farigiraf|44/100
|-enditem|p1a: Farigiraf|Sitrus Berry|[eat]
|-heal|p1a: Farigiraf|69/100|[from] item: Sitrus Berry
|move|p1a: Farigiraf|Trick Room|p1a: Farigiraf
|-fieldstart|move: Trick Room|[of] p1a: Farigiraf
|
|-weather|SunnyDay|[upkeep]
|upkeep
|turn|3
|inactive|EeveesCloset has 30 seconds left.
|inactive|EeveesCloset has 20 seconds left.
|
|t:|1782272564
|move|p1a: Farigiraf|Helping Hand|p1b: Torkoal
|-singleturn|p1b: Torkoal|Helping Hand|[of] p1a: Farigiraf
|move|p2b: Metagross|Protect|p2b: Metagross
|-singleturn|p2b: Metagross|Protect
|move|p1b: Torkoal|Earth Power|p2a: Incineroar
|-supereffective|p2a: Incineroar|1
|-damage|p2a: Incineroar|1/100
|move|p2a: Incineroar|Parting Shot|p1b: Torkoal
|-unboost|p1b: Torkoal|atk|1
|-unboost|p1b: Torkoal|spa|1
|
|t:|1782272575
|switch|p2a: Ninetales|Ninetales-Alola, L50, M|100/100|[from] Parting Shot
|-weather|Snowscape|[from] ability: Snow Warning|[of] p2a: Ninetales
|
|-weather|Snowscape|[upkeep]
|upkeep
|turn|4
|
|t:|1782272592
|switch|p2b: Incineroar|Incineroar, L50, F|1/100
|-ability|p2b: Incineroar|Intimidate|boost
|-unboost|p1a: Farigiraf|atk|1
|-unboost|p1b: Torkoal|atk|1
|move|p1a: Farigiraf|Helping Hand|p1b: Torkoal
|-singleturn|p1b: Torkoal|Helping Hand|[of] p1a: Farigiraf
|move|p2a: Ninetales|Protect|p2a: Ninetales
|-singleturn|p2a: Ninetales|Protect
|move|p1b: Torkoal|Eruption|p2b: Incineroar|[spread] p2b
|-activate|p2a: Ninetales|move: Protect
|-resisted|p2b: Incineroar|1
|-damage|p2b: Incineroar|0 fnt
|faint|p2b: Incineroar
|
|-weather|Snowscape|[upkeep]
|upkeep
|
|t:|1782272605
|switch|p2b: Hydreigon|Hydreigon, L50, F|100/100
|turn|5
|inactive|lolgz has 30 seconds left.
|
|t:|1782272637
|switch|p1a: Mawile|Mawile-Mega, L50, F|45/100
|switch|p2a: Metagross|Metagross-Mega, L50|100/100
|move|p1b: Torkoal|Eruption|p2b: Hydreigon|[spread] p2a,p2b
|-supereffective|p2a: Metagross|1
|-resisted|p2b: Hydreigon|1
|-damage|p2a: Metagross|18/100
|-damage|p2b: Hydreigon|80/100
|move|p2b: Hydreigon|Earth Power|p1b: Torkoal
|-supereffective|p1b: Torkoal|1
|-damage|p1b: Torkoal|10/100
|
|-weather|Snowscape|[upkeep]
|upkeep
|turn|6
|inactive|EeveesCloset has 30 seconds left.
|inactive|EeveesCloset has 20 seconds left.
|inactive|EeveesCloset has 15 seconds left.
|inactive|EeveesCloset has 10 seconds left.
|inactive|EeveesCloset has 5 seconds left.
|
|t:|1782272689
|switch|p1b: Farigiraf|Farigiraf, L50, M|69/100
|switch|p2b: Ninetales|Ninetales-Alola, L50, M|100/100
|move|p2a: Metagross|Bullet Punch||[still]
|cant|p1b: Farigiraf|ability: Armor Tail|Bullet Punch|[of] p2a: Metagross
|move|p1a: Mawile|Play Rough|p2b: Ninetales
|-damage|p2b: Ninetales|17/100
|-unboost|p2b: Ninetales|atk|1
|
|-weather|Snowscape|[upkeep]
|-fieldend|move: Trick Room
|upkeep
|turn|7
|
|t:|1782272709
|move|p1a: Mawile|Sucker Punch|p2a: Metagross
|-supereffective|p2a: Metagross|1
|-damage|p2a: Metagross|0 fnt
|faint|p2a: Metagross
|move|p2b: Ninetales|Blizzard|p1a: Mawile|[spread] p1a,p1b
|-resisted|p1a: Mawile|1
|-damage|p1a: Mawile|19/100
|-damage|p1b: Farigiraf|31/100
|-damage|p2b: Ninetales|8/100|[from] item: Life Orb
|move|p1b: Farigiraf|Trick Room|p1b: Farigiraf
|-fieldstart|move: Trick Room|[of] p1b: Farigiraf
|
|-weather|none
|upkeep
|
|t:|1782272720
|switch|p2a: Hydreigon|Hydreigon, L50, F|80/100
|turn|8
|
|t:|1782272729
|move|p1a: Mawile|Play Rough|p2a: Hydreigon
|-supereffective|p2a: Hydreigon|2
|-damage|p2a: Hydreigon|0 fnt
|faint|p2a: Hydreigon
|move|p1b: Farigiraf|Psychic|p2b: Ninetales
|-damage|p2b: Ninetales|0 fnt
|faint|p2b: Ninetales
|
|win|lolgz
