|j|☆MrTedno
|j|☆colemarcusvgc
|html|MrTednocolemarcusvgc    
|uhtml|bestof|Game 3 of a best-of-3
|t:|1756588663
|gametype|doubles
|player|p1|MrTedno|barry|1126
|player|p2|colemarcusvgc|n|1091
|gen|9
|tier|[Gen 9] VGC 2025 Reg H (Bo3)
|rated|
|rule|Species Clause: Limit one of each Pokémon
|rule|Item Clause: Limit 1 of each item
|clearpoke
|poke|p1|Dondozo, L50, F|
|poke|p1|Tatsugiri, L50, M|
|poke|p1|Politoed, L50, F|
|poke|p1|Archaludon, L50, F|
|poke|p1|Amoonguss, L50, M|
|poke|p1|Overqwil, L50, M|
|poke|p2|Indeedee-F, L50, F|
|poke|p2|Hatterene, L50, F|
|poke|p2|Ursaluna, L50, F|
|poke|p2|Amoonguss, L50, F|
|poke|p2|Porygon2, L50|
|poke|p2|Tyranitar, L50, M|
|teampreview|4
|showteam|p1|Dondozo||LifeOrb|Unaware|Surf,Protect,SleepTalk|||F|||50|,,,,,Water]Tatsugiri||FocusSash|Commander|DracoMeteor,Protect,MuddyWater,Taunt|||M|||50|,,,,,Stellar]Politoed||SitrusBerry|Drizzle|WeatherBall,IceBeam,Encore,Protect|||F|||50|,,,,,Steel]Archaludon||AssaultVest|Stamina|BodyPress,ElectroShot,DragonPulse,FlashCannon|||F|||50|,,,,,Grass]Amoonguss||RockyHelmet|Regenerator|Spore,RagePowder,PollenPuff,Protect|||M|||50|,,,,,Fairy]Overqwil||ChoiceBand|SwiftSwim|PoisonJab,ThroatChop,Liquidation,TeraBlast|||M|||50|,,,,,Grass
|showteam|p2|Indeedee-F||RockyHelmet|PsychicSurge|FollowMe,HelpingHand,TrickRoom,DazzlingGleam|||F|||50|,,,,,Steel]Hatterene||LifeOrb|MagicBounce|TrickRoom,ExpandingForce,MysticalFire,DazzlingGleam|||F|||50|,,,,,Ghost]Ursaluna||FlameOrb|Guts|Facade,HeadlongRush,Earthquake,Protect|||F|||50|,,,,,Ghost]Amoonguss||SitrusBerry|Regenerator|Spore,RagePowder,PollenPuff,SludgeBomb|||F|||50|,,,,,Water]Porygon2||Eviolite|Download|IceBeam,TeraBlast,Recover,TrickRoom||||||50|,,,,,Grass]Tyranitar||SafetyGoggles|SandStream|RockSlide,Crunch,LowKick,IcePunch|||M|||50|,,,,,Fairy
|
|t:|1756588717
|teamsize|p1|4
|teamsize|p2|4
|start
|switch|p1a: Kwazii|Dondozo, L50, F|100/100
|switch|p1b: Shellington|Overqwil, L50, M|100/100
|switch|p2a: Porygon2|Porygon2, L50|100/100
|switch|p2b: Tyranitar|Tyranitar, L50, M|100/100
|-weather|Sandstorm|[from] ability: Sand Stream|[of] p2b: Tyranitar
|-ability|p2a: Porygon2|Download|boost
|-boost|p2a: Porygon2|spa|1
|turn|1
|
|t:|1756588769
|switch|p1b: Tweak|Politoed, L50, F|100/100
|-weather|RainDance|[from] ability: Drizzle|[of] p1b: Tweak
|-terastallize|p2b: Tyranitar|Fairy
|move|p1a: Kwazii|Protect|p1a: Kwazii
|-singleturn|p1a: Kwazii|Protect
|move|p2b: Tyranitar|Low Kick|p1a: Kwazii
|-activate|p1a: Kwazii|move: Protect
|move|p2a: Porygon2|Trick Room|p2a: Porygon2
|-fieldstart|move: Trick Room|[of] p2a: Porygon2
|
|-weather|RainDance|[upkeep]
|upkeep
|turn|2
|
|t:|1756588798
|switch|p2a: Amoonguss|Amoonguss, L50, F|100/100
|switch|p1b: Peso|Tatsugiri, L50, M|100/100
|-activate|p1b: Peso|ability: Commander|[of] p1a: Kwazii
|-boost|p1a: Kwazii|atk|2
|-boost|p1a: Kwazii|spa|2
|-boost|p1a: Kwazii|spe|2
|-boost|p1a: Kwazii|def|2
|-boost|p1a: Kwazii|spd|2
|move|p2b: Tyranitar|Low Kick|p1a: Kwazii
|-damage|p1a: Kwazii|83/100
|move|p1a: Kwazii|Surf|p2a: Amoonguss|[spread] p2a,p2b
|-miss|p1a: Kwazii|p1b: Peso
|-resisted|p2a: Amoonguss
|-damage|p2a: Amoonguss|69/100
|-damage|p2b: Tyranitar|25/100
|-damage|p1a: Kwazii|74/100|[from] item: Life Orb
|
|-weather|RainDance|[upkeep]
|upkeep
|turn|3
|
|t:|1756588837
|move|p2a: Amoonguss|Pollen Puff|p2b: Tyranitar
|-heal|p2b: Tyranitar|75/100
|move|p2b: Tyranitar|Low Kick|p1a: Kwazii
|-damage|p1a: Kwazii|58/100
|move|p1a: Kwazii|Sleep Talk||[still]
|-fail|p1a: Kwazii
|
|-weather|RainDance|[upkeep]
|upkeep
|turn|4
|
|t:|1756588861
|move|p2a: Amoonguss|Spore|p1a: Kwazii
|-status|p1a: Kwazii|slp|[from] move: Spore
|move|p2b: Tyranitar|Low Kick|p1a: Kwazii
|-damage|p1a: Kwazii|43/100 slp
|cant|p1a: Kwazii|slp
|
|-weather|RainDance|[upkeep]
|upkeep
|turn|5
|
|t:|1756588873
|move|p2a: Amoonguss|Sludge Bomb|p1a: Kwazii
|-damage|p1a: Kwazii|26/100 slp
|move|p2b: Tyranitar|Low Kick|p1a: Kwazii
|-damage|p1a: Kwazii|9/100 slp
|-curestatus|p1a: Kwazii|slp|[msg]
|move|p1a: Kwazii|Sleep Talk||[still]
|-fail|p1a: Kwazii
|
|-weather|none
|-fieldend|move: Trick Room
|upkeep
|turn|6
|
|t:|1756588895
|move|p1a: Kwazii|Surf|p2a: Amoonguss|[spread] p2a,p2b
|-miss|p1a: Kwazii|p1b: Peso
|-resisted|p2a: Amoonguss
|-damage|p2a: Amoonguss|44/100
|-damage|p2b: Tyranitar|20/100
|-enditem|p2a: Amoonguss|Sitrus Berry|[eat]
|-heal|p2a: Amoonguss|69/100|[from] item: Sitrus Berry
|-damage|p1a: Kwazii|0 fnt|[from] item: Life Orb
|faint|p1a: Kwazii
|move|p2b: Tyranitar|Low Kick|p1b: Peso
|-damage|p1b: Peso|85/100
|move|p2a: Amoonguss|Sludge Bomb|p1b: Peso
|-damage|p1b: Peso|51/100
|-status|p1b: Peso|psn
|
|-damage|p1b: Peso|39/100 psn|[from] psn
|upkeep
|
|t:|1756588930
|switch|p1a: Shellington|Overqwil, L50, M|100/100
|turn|7
|
|t:|1756588944
|-terastallize|p1a: Shellington|Grass
|move|p1a: Shellington|Poison Jab|p2b: Tyranitar
|-supereffective|p2b: Tyranitar
|-damage|p2b: Tyranitar|0 fnt
|faint|p2b: Tyranitar
|move|p1b: Peso|Draco Meteor|p2a: Amoonguss
|-damage|p2a: Amoonguss|18/100
|-unboost|p1b: Peso|spa|2
|move|p2a: Amoonguss|Pollen Puff|p2: Tyranitar|[notarget]
|-fail|p2a: Amoonguss
|
|-damage|p1b: Peso|26/100 psn|[from] psn
|upkeep
|
|t:|1756588956
|switch|p2b: Porygon2|Porygon2, L50|100/100
|-ability|p2b: Porygon2|Download|boost
|-boost|p2b: Porygon2|atk|1
|turn|8
|
|t:|1756588998
|switch|p1b: Tweak|Politoed, L50, F|100/100
|-weather|RainDance|[from] ability: Drizzle|[of] p1b: Tweak
|move|p2a: Amoonguss|Rage Powder|p2a: Amoonguss
|-singleturn|p2a: Amoonguss|move: Rage Powder
|move|p1a: Shellington|Poison Jab|p2a: Amoonguss
|-damage|p2a: Amoonguss|0 fnt
|faint|p2a: Amoonguss
|move|p2b: Porygon2|Trick Room|p2b: Porygon2
|-fieldstart|move: Trick Room|[of] p2b: Porygon2
|
|-weather|RainDance|[upkeep]
|upkeep
|
|t:|1756589008
|switch|p2a: Ursaluna|Ursaluna, L50, F|100/100
|turn|9
|
|t:|1756589042
|move|p2a: Ursaluna|Facade|p1a: Shellington
|-damage|p1a: Shellington|51/100
|move|p2b: Porygon2|Ice Beam|p1a: Shellington
|-supereffective|p1a: Shellington
|-damage|p1a: Shellington|0 fnt
|faint|p1a: Shellington
|move|p1b: Tweak|Weather Ball|p2a: Ursaluna
|-supereffective|p2a: Ursaluna
|-damage|p2a: Ursaluna|22/100
|
|-weather|RainDance|[upkeep]
|-status|p2a: Ursaluna|brn|[from] item: Flame Orb
|upkeep
|
|t:|1756589051
|switch|p1a: Peso|Tatsugiri, L50, M|26/100 psn
|turn|10
|-message|MrTedno forfeited.
|
|win|colemarcusvgc
|raw|MrTedno's rating: 1126 → 1098(-28 for losing)
|raw|colemarcusvgc's rating: 1091 → 1120(+29 for winning)
|c|☆colemarcusvgc|GG!
