|j|☆Basura2U
|j|☆jirufell
|html|Basura2Ujirufell    
|uhtml|bestof|Game 1 of a best-of-3
|t:|1757769997
|gametype|doubles
|player|p1|Basura2U|lucas|1100
|player|p2|jirufell|acetrainerf|1172
|gen|9
|tier|[Gen 9] VGC 2025 Reg H (Bo3)
|rated|
|rule|Species Clause: Limit one of each Pokémon
|rule|Item Clause: Limit 1 of each item
|clearpoke
|poke|p1|Talonflame, L50, M|
|poke|p1|Rotom-Wash, L50|
|poke|p1|Toxicroak, L50, M|
|poke|p1|Dragapult, L50, M|
|poke|p1|Electabuzz, L50, F|
|poke|p1|Brambleghast, L50, M|
|poke|p2|Incineroar, L50, F|
|poke|p2|Ursaluna, L50, M|
|poke|p2|Pelipper, L50, F|
|poke|p2|Sinistcha, L50|
|poke|p2|Archaludon, L50, F|
|poke|p2|Dragonite, L50, M|
|teampreview|4
|showteam|p1|Talonflame|||GaleWings|Acrobatics,FlareBlitz,Tailwind,Protect|||M|||50|,,,,,Ghost]Rotom-Wash||SitrusBerry|Levitate|WillOWisp,Thunderbolt,HydroPump,Protect||||||50|,,,,,Dark]Toxicroak||AssaultVest|DrySkin|FakeOut,SuckerPunch,GunkShot,CloseCombat|||M|||50|,,,,,Dark]Dragapult||ChoiceScarf|ClearBody|DragonDarts,PhantomForce,PsychicFangs,Uturn|||M|||50|,,,,,Dragon]Electabuzz||Eviolite|VitalSpirit|FollowMe,Electroweb,Taunt,HelpingHand|||F|||50|,,,,,Fairy]Brambleghast||FocusSash|WindRider|Poltergeist,PowerWhip,ShadowSneak,Protect|||M|||50|,,,,,Ghost
|showteam|p2|Incineroar||SafetyGoggles|Intimidate|FlareBlitz,KnockOff,FakeOut,PartingShot|||F|||50|,,,,,Ghost]Ursaluna||FlameOrb|Guts|Protect,Facade,HeadlongRush,Earthquake|||M|||50|,,,,,Psychic]Pelipper||FocusSash|Drizzle|Protect,MuddyWater,Hurricane,Tailwind|||F|||50|,,,,,Ground]Sinistcha||SitrusBerry|Hospitality|MatchaGotcha,LifeDew,RagePowder,TrickRoom||||||50|,,,,,Dark]Archaludon||AssaultVest|Stamina|FlashCannon,BodyPress,ElectroShot,Snarl|||F|||50|,,,,,Bug]Dragonite||LoadedDice|Multiscale|Protect,ScaleShot,Tailwind,Haze|||M|||50|,,,,,Steel
|inactive|Battle timer is ON: inactive players will automatically lose when time's up. (requested by Basura2U)
|
|t:|1757770056
|teamsize|p1|4
|teamsize|p2|4
|start
|switch|p1a: Rotom|Rotom-Wash, L50|100/100
|switch|p1b: Dragapult|Dragapult, L50, M|100/100
|switch|p2a: Pelipper|Pelipper, L50, F|100/100
|switch|p2b: Archaludon|Archaludon, L50, F|100/100
|-weather|RainDance|[from] ability: Drizzle|[of] p2a: Pelipper
|turn|1
|inactive|Basura2U has 30 seconds left.
|
|t:|1757770081
|-terastallize|p1b: Dragapult|Dragon
|-terastallize|p2a: Pelipper|Ground
|move|p1b: Dragapult|Dragon Darts|p2b: Archaludon
|-damage|p2b: Archaludon|76/100
|-ability|p2b: Archaludon|Stamina|boost
|-boost|p2b: Archaludon|def|1
|-anim|p1b: Dragapult|Dragon Darts|p2a: Pelipper
|-damage|p2a: Pelipper|53/100
|move|p1a: Rotom|Will-O-Wisp|p2b: Archaludon
|-status|p2b: Archaludon|brn
|move|p2a: Pelipper|Tailwind|p2a: Pelipper
|-sidestart|p2: jirufell|move: Tailwind
|move|p2b: Archaludon|Electro Shot||[still]
|-prepare|p2b: Archaludon|Electro Shot
|-boost|p2b: Archaludon|spa|1
|-anim|p2b: Archaludon|Electro Shot|p1a: Rotom
|-damage|p1a: Rotom|32/100
|-enditem|p1a: Rotom|Sitrus Berry|[eat]
|-heal|p1a: Rotom|56/100|[from] item: Sitrus Berry
|
|-weather|RainDance|[upkeep]
|-damage|p2b: Archaludon|70/100 brn|[from] brn
|upkeep
|turn|2
|inactive|Basura2U has 30 seconds left.
|inactive|Basura2U has 20 seconds left.
|inactive|Basura2U has 15 seconds left.
|
|t:|1757770123
|move|p1a: Rotom|Protect|p1a: Rotom
|-singleturn|p1a: Rotom|Protect
|move|p1b: Dragapult|Dragon Darts|p2b: Archaludon
|-damage|p2b: Archaludon|53/100 brn
|-ability|p2b: Archaludon|Stamina|boost
|-boost|p2b: Archaludon|def|1
|-anim|p1b: Dragapult|Dragon Darts|p2a: Pelipper
|-damage|p2a: Pelipper|5/100
|move|p2a: Pelipper|Hurricane|p1b: Dragapult
|-damage|p1b: Dragapult|39/100
|move|p2b: Archaludon|Electro Shot||[still]
|-prepare|p2b: Archaludon|Electro Shot
|-boost|p2b: Archaludon|spa|1
|-anim|p2b: Archaludon|Electro Shot|p1a: Rotom
|-activate|p1a: Rotom|move: Protect
|
|-weather|RainDance|[upkeep]
|-damage|p2b: Archaludon|46/100 brn|[from] brn
|upkeep
|turn|3
|inactive|jirufell has 30 seconds left.
|inactive|jirufell has 20 seconds left.
|
|t:|1757770159
|switch|p2a: Sinistcha|Sinistcha, L50|100/100
|-heal|p2b: Archaludon|71/100 brn|[from] ability: Hospitality|[of] p2a: Sinistcha
|switch|p1a: Toxicroak|Toxicroak, L50, M|100/100
|move|p1b: Dragapult|Dragon Darts|p2a: Sinistcha
|-damage|p2a: Sinistcha|66/100
|-anim|p1b: Dragapult|Dragon Darts|p2b: Archaludon
|-damage|p2b: Archaludon|59/100 brn
|-ability|p2b: Archaludon|Stamina|boost
|-boost|p2b: Archaludon|def|1
|move|p2b: Archaludon|Snarl|p1a: Toxicroak|[spread] p1a,p1b
|-resisted|p1a: Toxicroak
|-damage|p1a: Toxicroak|88/100
|-damage|p1b: Dragapult|10/100
|-unboost|p1a: Toxicroak|spa|1
|
|-weather|RainDance|[upkeep]
|-heal|p1a: Toxicroak|100/100|[from] ability: Dry Skin
|-damage|p2b: Archaludon|53/100 brn|[from] brn
|upkeep
|turn|4
|inactive|jirufell has 30 seconds left.
|
|t:|1757770190
|switch|p1b: Brambleghast|Brambleghast, L50, M|100/100
|move|p2b: Archaludon|Electro Shot||[still]
|-prepare|p2b: Archaludon|Electro Shot
|-boost|p2b: Archaludon|spa|1
|-anim|p2b: Archaludon|Electro Shot|p1a: Toxicroak
|-crit|p1a: Toxicroak
|-damage|p1a: Toxicroak|0 fnt
|faint|p1a: Toxicroak
|move|p2a: Sinistcha|Life Dew|p2a: Sinistcha|[spread] p2a,p2b
|-heal|p2a: Sinistcha|91/100
|-heal|p2b: Archaludon|78/100 brn
|
|-weather|RainDance|[upkeep]
|-damage|p2b: Archaludon|72/100 brn|[from] brn
|-sideend|p2: jirufell|move: Tailwind
|upkeep
|
|t:|1757770211
|switch|p1a: Dragapult|Dragapult, L50, M, tera:Dragon|10/100
|turn|5
|
|t:|1757770222
|move|p1a: Dragapult|U-turn|p2a: Sinistcha
|-damage|p2a: Sinistcha|69/100
|
|t:|1757770225
|switch|p1a: Rotom|Rotom-Wash, L50|56/100|[from] U-turn
|move|p1b: Brambleghast|Poltergeist|p2b: Archaludon
|-activate|p2b: Archaludon|move: Poltergeist|Assault Vest
|-damage|p2b: Archaludon|58/100 brn
|-ability|p2b: Archaludon|Stamina|boost
|-boost|p2b: Archaludon|def|1
|move|p2b: Archaludon|Snarl|p1b: Brambleghast|[spread] p1a,p1b
|-supereffective|p1b: Brambleghast
|-damage|p1a: Rotom|23/100
|-enditem|p1b: Brambleghast|Focus Sash
|-damage|p1b: Brambleghast|1/100
|-unboost|p1a: Rotom|spa|1
|-unboost|p1b: Brambleghast|spa|1
|move|p2a: Sinistcha|Trick Room|p2a: Sinistcha
|-fieldstart|move: Trick Room|[of] p2a: Sinistcha
|
|-weather|none
|-damage|p2b: Archaludon|52/100 brn|[from] brn
|upkeep
|turn|6
|-message|Basura2U forfeited.
|
|win|jirufell
||jirufell is ready for game 2.
||Basura2U is ready for game 2.
|uhtml|next|Next: Game 2 of 3
