|j|☆NightshadeAI
|j|☆lolgz
|html|NightshadeAIlolgz    
|uhtml|bestof|Game 3 of a best-of-3
|inactive|Battle timer is ON: inactive players will automatically lose when time's up. (requested by NightshadeAI)
|t:|1783380644
|gametype|doubles
|player|p1|NightshadeAI|2|1067
|player|p2|lolgz|170|1140
|gen|9
|tier|[Gen 9 Champions] VGC 2026 Reg M-B (Bo3)
|rated|
|rule|Species Clause: Limit one of each Pokémon
|rule|Item Clause: Limit 1 of each item
|clearpoke
|poke|p1|Whimsicott, L50, F|
|poke|p1|Charizard, L50, F|
|poke|p1|Basculegion, L50, M|
|poke|p1|Garchomp, L50, M|
|poke|p1|Floette-Eternal, L50, F|
|poke|p1|Kingambit, L50, M|
|poke|p2|Scrafty, L50, F|
|poke|p2|Vivillon, L50, M|
|poke|p2|Incineroar, L50, F|
|poke|p2|Sinistcha, L50|
|poke|p2|Kingambit, L50, M|
|poke|p2|Delphox, L50, F|
|teampreview|4
|showteam|p1|Whimsicott||FocusSash|Prankster|Moonblast,Tailwind,Encore,Protect|Timid||F|||50|]Charizard||CharizarditeY|Blaze|WeatherBall,SolarBeam,HeatWave,Protect|Modest||F|||50|]Basculegion||MysticWater|Adaptability|LastRespects,WaveCrash,AquaJet,Protect|Adamant||M|||50|]Garchomp||LifeOrb|RoughSkin|DragonClaw,Earthquake,RockSlide,Protect|Adamant||M|||50|]Floette-Eternal||Floettite|FlowerVeil|DazzlingGleam,LightofRuin,Moonblast,Protect|Modest||F|||50|]Kingambit||ChopleBerry|Defiant|KowtowCleave,SuckerPunch,IronHead,LowKick|Adamant||M|||50|
|showteam|p2|Scrafty||Scraftinite|Intimidate|DrainPunch,KnockOff,Protect,DragonDance|Jolly||F|||50|]Vivillon||ChoiceScarf|CompoundEyes|SleepPowder,Hurricane,RagePowder,Tailwind|Timid||M|||50|]Incineroar||PasshoBerry|Intimidate|PartingShot,FakeOut,ThroatChop,FlareBlitz|Careful||F|||50|]Sinistcha||KasibBerry|Hospitality|MatchaGotcha,RagePowder,TrickRoom,Protect|Serious|||||50|]Kingambit||BlackGlasses|Defiant|SuckerPunch,KowtowCleave,Protect,SwordsDance|Adamant||M|||50|]Delphox||Delphoxite|Blaze|HeatWave,Psychic,Protect,NastyPlot|Timid||F|||50|
|inactive|lolgz also wants the timer to be on.
|
|t:|1783380668
|teamsize|p1|4
|teamsize|p2|4
|start
|switch|p1a: Whimsicott|Whimsicott, L50, F|100/100
|switch|p1b: Charizard|Charizard, L50, F|100/100
|switch|p2a: Incineroar|Incineroar, L50, F|100/100
|switch|p2b: Kingambit|Kingambit, L50, M|100/100
|-ability|p2a: Incineroar|Intimidate|boost
|-unboost|p1a: Whimsicott|atk|1
|-unboost|p1b: Charizard|atk|1
|turn|1
|
|t:|1783380674
|detailschange|p1b: Charizard|Charizard-Mega-Y, L50, F
|-mega|p1b: Charizard|Charizard|Charizardite Y
|-weather|SunnyDay|[from] ability: Drought|[of] p1b: Charizard
|move|p2a: Incineroar|Fake Out|p1b: Charizard
|-damage|p1b: Charizard|84/100
|move|p1a: Whimsicott|Tailwind|p1a: Whimsicott
|-sidestart|p1: NightshadeAI|move: Tailwind
|cant|p1b: Charizard|flinch
|move|p2b: Kingambit|Swords Dance|p2b: Kingambit
|-boost|p2b: Kingambit|atk|2
|
|-weather|SunnyDay|[upkeep]
|upkeep
|turn|2
|
|t:|1783380683
|switch|p1a: Garchomp|Garchomp, L50, M|100/100
|move|p2b: Kingambit|Sucker Punch|p1b: Charizard
|-damage|p1b: Charizard|0 fnt
|faint|p1b: Charizard
|move|p2a: Incineroar|Flare Blitz|p1a: Garchomp
|-resisted|p1a: Garchomp|1
|-damage|p1a: Garchomp|68/100
|-damage|p2a: Incineroar|87/100|[from] ability: Rough Skin|[of] p1a: Garchomp
|-damage|p2a: Incineroar|77/100|[from] Recoil
|
|-weather|SunnyDay|[upkeep]
|upkeep
|
|t:|1783380683
|switch|p1b: Whimsicott|Whimsicott, L50, F|100/100
|turn|3
|
|t:|1783380692
|move|p1b: Whimsicott|Protect|p1b: Whimsicott
|-singleturn|p1b: Whimsicott|Protect
|move|p2b: Kingambit|Sucker Punch|p1a: Garchomp
|-damage|p1a: Garchomp|0 fnt
|-damage|p2b: Kingambit|87/100|[from] ability: Rough Skin|[of] p1a: Garchomp
|faint|p1a: Garchomp
|move|p2a: Incineroar|Flare Blitz|p1b: Whimsicott
|-activate|p1b: Whimsicott|move: Protect
|
|-weather|SunnyDay|[upkeep]
|upkeep
|
|t:|1783380692
|switch|p1a: Basculegion|Basculegion, L50, M|100/100
|turn|4
|
|t:|1783380700
|move|p1b: Whimsicott|Protect||[still]
|-fail|p1b: Whimsicott
|move|p1a: Basculegion|Protect|p1a: Basculegion
|-singleturn|p1a: Basculegion|Protect
|move|p2a: Incineroar|Flare Blitz|p1b: Whimsicott
|-supereffective|p1b: Whimsicott|1
|-enditem|p1b: Whimsicott|Focus Sash
|-damage|p1b: Whimsicott|1/100
|-damage|p2a: Incineroar|49/100|[from] Recoil
|move|p2b: Kingambit|Kowtow Cleave|p1a: Basculegion
|-activate|p1a: Basculegion|move: Protect
|
|-weather|SunnyDay|[upkeep]
|-sideend|p1: NightshadeAI|move: Tailwind
|upkeep
|turn|5
|
|t:|1783380706
|move|p1b: Whimsicott|Protect|p1b: Whimsicott
|-singleturn|p1b: Whimsicott|Protect
|move|p1a: Basculegion|Protect||[still]
|-fail|p1a: Basculegion
|move|p2b: Kingambit|Sucker Punch||[still]
|-fail|p2b: Kingambit
|move|p2a: Incineroar|Throat Chop|p1b: Whimsicott
|-activate|p1b: Whimsicott|move: Protect
|
|-weather|none
|upkeep
|turn|6
|
|t:|1783380709
|move|p1b: Whimsicott|Tailwind|p1b: Whimsicott
|-sidestart|p1: NightshadeAI|move: Tailwind
|move|p1a: Basculegion|Wave Crash|p2a: Incineroar
|-supereffective|p2a: Incineroar|1
|-enditem|p2a: Incineroar|Passho Berry|[eat]
|-enditem|p2a: Incineroar|Passho Berry|[weaken]
|-damage|p2a: Incineroar|0 fnt
|faint|p2a: Incineroar
|-damage|p1a: Basculegion|84/100|[from] Recoil
|move|p2b: Kingambit|Kowtow Cleave|p1a: Basculegion
|-supereffective|p1a: Basculegion|1
|-damage|p1a: Basculegion|0 fnt
|faint|p1a: Basculegion
|
|upkeep
|
|t:|1783380714
|switch|p2a: Vivillon|Vivillon, L50, M|100/100
|turn|7
|
|t:|1783380717
|move|p2b: Kingambit|Sucker Punch|p1b: Whimsicott
|-resisted|p1b: Whimsicott|1
|-damage|p1b: Whimsicott|0 fnt
|faint|p1b: Whimsicott
|
|win|lolgz
|raw|NightshadeAI's rating: 1067 → 1051(-16 for losing)
|raw|lolgz's rating: 1140 → 1160(+20 for winning)
|l|☆NightshadeAI
|player|p1|
