|j|☆Priestia
|j|☆Plopy14
|html|PriestiaPlopy14    
|uhtml|bestof|Game 2 of a best-of-3
|t:|1783139655
|gametype|doubles
|player|p1|Priestia|iris-gen5bw2|1156
|player|p2|Plopy14|bugcatcher|1219
|gen|9
|tier|[Gen 9 Champions] VGC 2026 Reg M-B (Bo3)
|rated|
|rule|Species Clause: Limit one of each Pokémon
|rule|Item Clause: Limit 1 of each item
|clearpoke
|poke|p1|Charizard, L50, M|
|poke|p1|Aerodactyl, L50, M|
|poke|p1|Farigiraf, L50, F|
|poke|p1|Kingambit, L50, F|
|poke|p1|Sylveon, L50, M|
|poke|p1|Garchomp, L50, F|
|poke|p2|Floette-Eternal, L50, F|
|poke|p2|Incineroar, L50, M|
|poke|p2|Sinistcha, L50|
|poke|p2|Delphox, L50, M|
|poke|p2|Sneasler, L50, F|
|poke|p2|Kingambit, L50, M|
|teampreview|4
|showteam|p1|Charizard||CharizarditeY|Blaze|WeatherBall,HeatWave,Protect,SolarBeam|Timid||M|||50|]Aerodactyl||Aerodactylite|Unnerve|RockSlide,IceFang,Tailwind,DualWingbeat|Jolly||M|||50|]Farigiraf||SitrusBerry|ArmorTail|TwinBeam,Thunderbolt,GrassKnot,TrickRoom|Modest||F|||50|]Kingambit||FocusSash|Defiant|IronHead,KowtowCleave,SuckerPunch,LowKick|Adamant||F|||50|]Sylveon||FairyFeather|Pixilate|HyperVoice,HyperBeam,Detect,QuickAttack|Modest||M|||50|]Garchomp||LifeOrb|RoughSkin|Earthquake,StompingTantrum,DragonClaw,Protect|Jolly||F|||50|
|showteam|p2|Floette-Eternal||Floettite|FlowerVeil|DazzlingGleam,Moonblast,CalmMind,Protect|Modest||F|||50|]Incineroar||SitrusBerry|Intimidate|FakeOut,FlareBlitz,ThroatChop,PartingShot|Careful||M|||50|]Sinistcha||OccaBerry|Hospitality|MatchaGotcha,RagePowder,TrickRoom,Protect|Bold|||||50|]Delphox||Delphoxite|Blaze|HeatWave,Psyshock,NastyPlot,Protect|Timid||M|||50|]Sneasler||FocusSash|PoisonTouch|FakeOut,PoisonJab,CloseCombat,QuickGuard|Jolly||F|||50|]Kingambit||BlackGlasses|Defiant|KowtowCleave,SuckerPunch,SwordsDance,Protect|Adamant||M|||50|
|inactive|Battle timer is ON: inactive players will automatically lose when time's up. (requested by Priestia)
|
|t:|1783139676
|teamsize|p1|4
|teamsize|p2|4
|start
|switch|p1a: Aerodactyl|Aerodactyl, L50, M|100/100
|switch|p1b: Kingambit|Kingambit, L50, F|100/100
|switch|p2a: Sneasler|Sneasler, L50, F|100/100
|switch|p2b: Floette|Floette-Eternal, L50, F|100/100
|-ability|p1a: Aerodactyl|Unnerve
|turn|1
|inactive|Priestia has 30 seconds left.
|inactive|Plopy14 has 30 seconds left.
|
|t:|1783139710
|detailschange|p1a: Aerodactyl|Aerodactyl-Mega, L50, M
|-mega|p1a: Aerodactyl|Aerodactyl|Aerodactylite
|detailschange|p2b: Floette|Floette-Mega, L50, F
|-mega|p2b: Floette|Floette|Floettite
|-ability|p2b: Floette|Fairy Aura
|move|p2a: Sneasler|Fake Out|p1a: Aerodactyl
|-resisted|p1a: Aerodactyl|1
|-damage|p1a: Aerodactyl|91/100
|-status|p1a: Aerodactyl|psn|[from] ability: Poison Touch|[of] p2a: Sneasler
|cant|p1a: Aerodactyl|flinch
|move|p2b: Floette|Dazzling Gleam|p1b: Kingambit|[spread] p1a,p1b
|-crit|p1b: Kingambit
|-damage|p1a: Aerodactyl|48/100 psn
|-damage|p1b: Kingambit|19/100
|move|p1b: Kingambit|Iron Head|p2b: Floette
|-supereffective|p2b: Floette|1
|-damage|p2b: Floette|0 fnt
|faint|p2b: Floette
|
|-damage|p1a: Aerodactyl|36/100 psn|[from] psn
|upkeep
|inactive|Plopy14 has 30 seconds left.
|
|t:|1783139739
|switch|p2b: Kingambit|Kingambit, L50, M|100/100
|turn|2
|
|t:|1783139749
|move|p2b: Kingambit|Sucker Punch|p1b: Kingambit
|-resisted|p1b: Kingambit|1
|-damage|p1b: Kingambit|0 fnt
|faint|p1b: Kingambit
|move|p1a: Aerodactyl|Tailwind|p1a: Aerodactyl
|-sidestart|p1: Priestia|move: Tailwind
|move|p2a: Sneasler|Close Combat|p1a: Aerodactyl
|-crit|p1a: Aerodactyl
|-damage|p1a: Aerodactyl|0 fnt
|-unboost|p2a: Sneasler|def|1
|-unboost|p2a: Sneasler|spd|1
|faint|p1a: Aerodactyl
|
|upkeep
|
|t:|1783139761
|switch|p1a: Sylveon|Sylveon, L50, M|100/100
|switch|p1b: Farigiraf|Farigiraf, L50, F|100/100
|turn|3
|
|t:|1783139783
|switch|p2a: Incineroar|Incineroar, L50, M|100/100
|-ability|p2a: Incineroar|Intimidate|boost
|-unboost|p1a: Sylveon|atk|1
|-unboost|p1b: Farigiraf|atk|1
|move|p2b: Kingambit|Protect|p2b: Kingambit
|-singleturn|p2b: Kingambit|Protect
|move|p1b: Farigiraf|Twin Beam|p2a: Incineroar
|-immune|p2a: Incineroar
|move|p1a: Sylveon|Hyper Beam|p2b: Kingambit
|-activate|p2b: Kingambit|move: Protect
|
|upkeep
|turn|4
|inactive|Plopy14 has 30 seconds left.
|inactive|Plopy14 has 20 seconds left.
|inactive|Plopy14 has 15 seconds left.
|inactive|Plopy14 has 10 seconds left.
|
|t:|1783139831
|switch|p2b: Sneasler|Sneasler, L50, F|100/100
|move|p1b: Farigiraf|Thunderbolt|p2b: Sneasler
|-damage|p2b: Sneasler|64/100
|move|p1a: Sylveon|Hyper Beam|p2b: Sneasler
|-damage|p2b: Sneasler|0 fnt
|-mustrecharge|p1a: Sylveon
|faint|p2b: Sneasler
|move|p2a: Incineroar|Parting Shot|p1a: Sylveon
|-unboost|p1a: Sylveon|atk|1
|-unboost|p1a: Sylveon|spa|1
|
|t:|1783139838
|switch|p2a: Kingambit|Kingambit, L50, M|100/100|[from] Parting Shot
|
|upkeep
|
|t:|1783139840
|switch|p2b: Incineroar|Incineroar, L50, M|100/100
|-ability|p2b: Incineroar|Intimidate|boost
|-unboost|p1a: Sylveon|atk|1
|-unboost|p1b: Farigiraf|atk|1
|turn|5
|
|t:|1783139849
|move|p1b: Farigiraf|Thunderbolt|p2a: Kingambit
|-damage|p2a: Kingambit|74/100
|-status|p2a: Kingambit|par
|cant|p1a: Sylveon|recharge
|move|p2b: Incineroar|Throat Chop|p1b: Farigiraf
|-supereffective|p1b: Farigiraf|1
|-damage|p1b: Farigiraf|43/100
|-start|p1b: Farigiraf|Throat Chop|[silent]
|-enditem|p1b: Farigiraf|Sitrus Berry|[eat]
|-heal|p1b: Farigiraf|68/100|[from] item: Sitrus Berry
|move|p2a: Kingambit|Kowtow Cleave|p1b: Farigiraf
|-supereffective|p1b: Farigiraf|1
|-damage|p1b: Farigiraf|0 fnt
|faint|p1b: Farigiraf
|
|-sideend|p1: Priestia|move: Tailwind
|upkeep
|turn|6
|
|t:|1783139867
|move|p2a: Kingambit|Sucker Punch|p1a: Sylveon
|-resisted|p1a: Sylveon|1
|-damage|p1a: Sylveon|70/100
|move|p2b: Incineroar|Throat Chop|p1a: Sylveon
|-resisted|p1a: Sylveon|1
|-damage|p1a: Sylveon|51/100
|-start|p1a: Sylveon|Throat Chop|[silent]
|move|p1a: Sylveon|Hyper Beam|p2a: Kingambit
|-damage|p2a: Kingambit|4/100 par
|-mustrecharge|p1a: Sylveon
|
|upkeep
|turn|7
|
|t:|1783139876
|move|p2a: Kingambit|Sucker Punch||[still]
|-fail|p2a: Kingambit
|move|p2b: Incineroar|Flare Blitz|p1a: Sylveon
|-damage|p1a: Sylveon|0 fnt
|faint|p1a: Sylveon
|-damage|p2b: Incineroar|83/100|[from] Recoil
|
|win|Plopy14
|raw|Priestia's rating: 1156 → 1135(-21 for losing)
|raw|Plopy14's rating: 1219 → 1240(+21 for winning)
