|j|☆MobiusVGC
|j|☆elmono11
|html|MobiusVGCelmono11    
|uhtml|bestof|Game 1 of a best-of-3
|t:|1756290367
|gametype|doubles
|player|p1|MobiusVGC|gentleman-gen4dp|1144
|player|p2|elmono11|2|1276
|gen|9
|tier|[Gen 9] VGC 2025 Reg H (Bo3)
|rated|
|rule|Species Clause: Limit one of each Pokémon
|rule|Item Clause: Limit 1 of each item
|clearpoke
|poke|p1|Kilowattrel, L50, M|
|poke|p1|Amoonguss, L50, M|
|poke|p1|Incineroar, L50, F|
|poke|p1|Porygon2, L50|
|poke|p1|Gholdengo, L50|
|poke|p1|Ursaluna, L50, F|
|poke|p2|Gholdengo, L50|
|poke|p2|Sneasler, L50, M|
|poke|p2|Rillaboom, L50, F|
|poke|p2|Dragonite, L50, M|
|poke|p2|Ninetales-Alola, L50, M|
|poke|p2|Arcanine-Hisui, L50, M|
|teampreview|4
|showteam|p1|Kilowattrel||FocusSash|Competitive|Thunderbolt,AirSlash,Tailwind,Protect|||M|||50|,,,,,Ghost]Amoonguss||SitrusBerry|Regenerator|PollenPuff,Spore,RagePowder,Protect|||M|||50|,,,,,Water]Incineroar||SafetyGoggles|Intimidate|FakeOut,FlareBlitz,KnockOff,PartingShot|||F|||50|,,,,,Ghost]Porygon2||Eviolite|Download|TeraBlast,IceBeam,Recover,TrickRoom||||||50|,,,,,Fighting]Gholdengo||MetalCoat|GoodasGold|MakeItRain,ShadowBall,NastyPlot,Protect||||||50|,,,,,Flying]Ursaluna||FlameOrb|Guts|Facade,HeadlongRush,Earthquake,Protect|||F|||50|,,,,,Ghost
|showteam|p2|Gholdengo||GrassySeed|GoodasGold|NastyPlot,MakeItRain,ShadowBall,Protect||||||50|,,,,,Water]Sneasler||WhiteHerb|Unburden|CloseCombat,DireClaw,Coaching,Protect|||M|||50|,,,,,Ghost]Rillaboom||AssaultVest|GrassySurge|FakeOut,GrassyGlide,DrumBeating,HighHorsepower|||F|||50|,,,,,Fire]Dragonite||LoadedDice|Multiscale|ScaleShot,Haze,Tailwind,Protect|||M|||50|,,,,,Steel]Ninetales-Alola||FocusSash|SnowWarning|Blizzard,IcyWind,Encore,AuroraVeil|||M|||50|,,,,,Ghost]Arcanine-Hisui||ClearAmulet|Intimidate|RockSlide,FlareBlitz,ExtremeSpeed,Protect|||M|||50|,,,,,Water
|inactive|Battle timer is ON: inactive players will automatically lose when time's up. (requested by elmono11)
|inactive|elmono11 has 60 seconds left.
|inactive|elmono11 has 30 seconds left.
|inactive|elmono11 has 20 seconds left.
|inactive|elmono11 has 15 seconds left.
|
|t:|1756290444
|teamsize|p1|4
|teamsize|p2|4
|start
|switch|p1a: Kilowattrel|Kilowattrel, L50, M|100/100
|switch|p1b: Gholdengo|Gholdengo, L50|100/100
|switch|p2a: Dragonite|Dragonite, L50, M|100/100
|switch|p2b: Ninetales|Ninetales-Alola, L50, M|100/100
|-weather|Snowscape|[from] ability: Snow Warning|[of] p2b: Ninetales
|turn|1
|inactive|MobiusVGC has 30 seconds left.
|inactive|elmono11 has 30 seconds left.
|
|t:|1756290476
|move|p1a: Kilowattrel|Protect|p1a: Kilowattrel
|-singleturn|p1a: Kilowattrel|Protect
|move|p2b: Ninetales|Aurora Veil|p2b: Ninetales
|-sidestart|p2: elmono11|move: Aurora Veil
|move|p1b: Gholdengo|Make It Rain|p2b: Ninetales|[spread] p2a,p2b
|-supereffective|p2b: Ninetales
|-damage|p2a: Dragonite|81/100
|-enditem|p2b: Ninetales|Focus Sash
|-damage|p2b: Ninetales|1/100
|-unboost|p1b: Gholdengo|spa|1
|move|p2a: Dragonite|Tailwind|p2a: Dragonite
|-sidestart|p2: elmono11|move: Tailwind
|
|-weather|Snowscape|[upkeep]
|upkeep
|turn|2
|inactive|elmono11 has 30 seconds left.
|
|t:|1756290504
|switch|p1a: Incineroar|Incineroar, L50, F|100/100
|-ability|p1a: Incineroar|Intimidate|boost
|-unboost|p2a: Dragonite|atk|1
|-unboost|p2b: Ninetales|atk|1
|move|p2b: Ninetales|Blizzard|p1b: Gholdengo|[spread] p1a,p1b
|-resisted|p1a: Incineroar
|-resisted|p1b: Gholdengo
|-damage|p1a: Incineroar|86/100
|-damage|p1b: Gholdengo|84/100
|move|p2a: Dragonite|Scale Shot|p1a: Incineroar
|-damage|p1a: Incineroar|75/100
|-damage|p1a: Incineroar|65/100
|-damage|p1a: Incineroar|55/100
|-damage|p1a: Incineroar|47/100
|-damage|p1a: Incineroar|36/100
|-hitcount|p1a: Incineroar|5
|-unboost|p2a: Dragonite|def|1
|-boost|p2a: Dragonite|spe|1
|move|p1b: Gholdengo|Make It Rain|p2b: Ninetales|[spread] p2a,p2b
|-supereffective|p2b: Ninetales
|-damage|p2a: Dragonite|52/100
|-damage|p2b: Ninetales|0 fnt
|-unboost|p1b: Gholdengo|spa|1
|faint|p2b: Ninetales
|
|-weather|Snowscape|[upkeep]
|upkeep
|
|t:|1756290528
|switch|p2b: Arcanine|Arcanine-Hisui, L50, M|100/100
|-ability|p2b: Arcanine|Intimidate|boost
|-unboost|p1a: Incineroar|atk|1
|-unboost|p1b: Gholdengo|atk|1
|turn|3
|
|t:|1756290538
|switch|p1b: Kilowattrel|Kilowattrel, L50, M|100/100
|move|p1a: Incineroar|Fake Out|p2a: Dragonite
|-damage|p2a: Dragonite|43/100
|cant|p2a: Dragonite|flinch
|move|p2b: Arcanine|Flare Blitz|p1b: Kilowattrel
|-enditem|p1b: Kilowattrel|Focus Sash
|-damage|p1b: Kilowattrel|1/100
|-damage|p2b: Arcanine|72/100|[from] Recoil
|
|-weather|Snowscape|[upkeep]
|upkeep
|turn|4
|inactive|elmono11 has 30 seconds left.
|
|t:|1756290571
|switch|p1a: Amoonguss|Amoonguss, L50, M|100/100
|move|p1b: Kilowattrel|Protect|p1b: Kilowattrel
|-singleturn|p1b: Kilowattrel|Protect
|move|p2a: Dragonite|Scale Shot|p1a: Amoonguss
|-damage|p1a: Amoonguss|93/100
|-damage|p1a: Amoonguss|85/100
|-damage|p1a: Amoonguss|76/100
|-damage|p1a: Amoonguss|67/100
|-damage|p1a: Amoonguss|59/100
|-hitcount|p1a: Amoonguss|5
|-unboost|p2a: Dragonite|def|1
|-boost|p2a: Dragonite|spe|1
|move|p2b: Arcanine|Rock Slide|p1b: Kilowattrel|[spread] p1a
|-activate|p1b: Kilowattrel|move: Protect
|-damage|p1a: Amoonguss|38/100
|-enditem|p1a: Amoonguss|Sitrus Berry|[eat]
|-heal|p1a: Amoonguss|63/100|[from] item: Sitrus Berry
|
|-weather|Snowscape|[upkeep]
|-sideend|p2: elmono11|move: Tailwind
|upkeep
|turn|5
|
|t:|1756290594
|-terastallize|p1b: Kilowattrel|Ghost
|move|p1a: Amoonguss|Rage Powder|p1a: Amoonguss
|-singleturn|p1a: Amoonguss|move: Rage Powder
|move|p2a: Dragonite|Tailwind|p2a: Dragonite
|-sidestart|p2: elmono11|move: Tailwind
|move|p2b: Arcanine|Rock Slide|p1a: Amoonguss|[spread] p1a,p1b
|-damage|p1a: Amoonguss|43/100
|-damage|p1b: Kilowattrel|0 fnt
|faint|p1b: Kilowattrel
|
|-weather|none
|-sideend|p2: elmono11|move: Aurora Veil
|upkeep
|
|t:|1756290606
|switch|p1b: Gholdengo|Gholdengo, L50|84/100
|turn|6
|inactive|elmono11 has 30 seconds left.
|inactive|elmono11 has 20 seconds left.
|inactive|elmono11 has 15 seconds left.
|inactive|elmono11 has 10 seconds left.
|inactive|elmono11 has 5 seconds left.
|
|t:|1756290660
|move|p1a: Amoonguss|Rage Powder|p1a: Amoonguss
|-singleturn|p1a: Amoonguss|move: Rage Powder
|move|p2a: Dragonite|Haze|p2a: Dragonite
|-clearallboost
|move|p2b: Arcanine|Flare Blitz|p1a: Amoonguss
|-supereffective|p1a: Amoonguss
|-damage|p1a: Amoonguss|0 fnt
|faint|p1a: Amoonguss
|-damage|p2b: Arcanine|54/100|[from] Recoil
|move|p1b: Gholdengo|Make It Rain|p2b: Arcanine|[spread] p2a,p2b
|-damage|p2a: Dragonite|0 fnt
|-damage|p2b: Arcanine|0 fnt
|-unboost|p1b: Gholdengo|spa|1
|faint|p2a: Dragonite
|faint|p2b: Arcanine
|
|upkeep
|
|t:|1756290673
|switch|p2b: Sneasler|Sneasler, L50, M|100/100
|switch|p1a: Incineroar|Incineroar, L50, F|36/100
|-ability|p1a: Incineroar|Intimidate|boost
|-unboost|p2b: Sneasler|atk|1
|-enditem|p2b: Sneasler|White Herb
|-clearnegativeboost|p2b: Sneasler|[silent]
|turn|7
|-message|elmono11 forfeited.
|
|win|MobiusVGC
||elmono11 is ready for game 2.
||MobiusVGC is ready for game 2.
|uhtml|next|Next: Game 2 of 3
