|j|☆ronzthebonz
|j|☆eastyliam67
|html|ronzthebonzeastyliam67    
|uhtml|bestof|Game 1 of a best-of-3
|t:|1785083348
|gametype|doubles
|player|p1|ronzthebonz|170|1303
|player|p2|eastyliam67|unknownf|1474
|gen|9
|tier|[Gen 9 Champions] VGC 2026 Reg M-B (Bo3)
|rated|
|rule|Species Clause: Limit one of each Pokémon
|rule|Item Clause: Limit 1 of each item
|clearpoke
|poke|p1|Charizard, L50, M|
|poke|p1|Incineroar, L50, M|
|poke|p1|Toxapex, L50, F|
|poke|p1|Annihilape, L50, F|
|poke|p1|Metagross, L50|
|poke|p1|Hydreigon, L50, F|
|poke|p2|Charizard, L50, F|
|poke|p2|Garchomp, L50, F|
|poke|p2|Whimsicott, L50, F|
|poke|p2|Basculegion, L50, M|
|poke|p2|Toxapex, L50, M|
|poke|p2|Kingambit, L50, M|
|teampreview|4
|showteam|p1|Charizard||CharizarditeY|Blaze|HeatWave,WeatherBall,SolarBeam,Protect|Modest||M|||50|]Incineroar||SitrusBerry|Intimidate|FlareBlitz,ThroatChop,PartingShot,FakeOut|Impish||M|||50|]Toxapex||Leftovers|Regenerator|Toxic,Infestation,BanefulBunker,WideGuard|Impish||F|||50|]Annihilape||FocusSash|Defiant|CloseCombat,PhantomForce,RockTomb,Protect|Jolly||F|||50|]Metagross||Metagrossite|ClearBody|PsychicFangs,StompingTantrum,BulletPunch,Protect|Adamant|||||50|]Hydreigon||ChoiceScarf|Levitate|Snarl,DarkPulse,DracoMeteor,EarthPower|Modest||F|||50|
|showteam|p2|Charizard||CharizarditeY|Blaze|HeatWave,SolarBeam,WeatherBall,Protect|Modest||F|||50|]Garchomp||SitrusBerry|RoughSkin|DragonClaw,StompingTantrum,RockSlide,Protect|Adamant||F|||50|]Whimsicott||FocusSash|Prankster|Moonblast,Tailwind,Encore,Protect|Timid||F|||50|]Basculegion||LifeOrb|Adaptability|WaveCrash,AquaJet,LastRespects,Protect|Adamant||M|||50|]Toxapex||Leftovers|Regenerator|Infestation,Toxic,WideGuard,BanefulBunker|Bold||M|||50|]Kingambit||OccaBerry|Defiant|KowtowCleave,IronHead,SuckerPunch,Protect|Adamant||M|||50|
|inactive|Battle timer is ON: inactive players will automatically lose when time's up. (requested by ronzthebonz)
|inactive|ronzthebonz has 60 seconds left.
|inactive|eastyliam67 has 60 seconds left.
|
|t:|1785083415
|teamsize|p1|4
|teamsize|p2|4
|start
|switch|p1a: Toxapex|Toxapex, L50, F|100/100
|switch|p1b: Incineroar|Incineroar, L50, M|100/100
|switch|p2a: Charizard|Charizard, L50, F|100/100
|switch|p2b: Toxapex|Toxapex, L50, M|100/100
|-ability|p1b: Incineroar|Intimidate|boost
|-unboost|p2a: Charizard|atk|1
|-unboost|p2b: Toxapex|atk|1
|turn|1
|inactive|eastyliam67 has 30 seconds left.
|inactive|eastyliam67 has 20 seconds left.
|
|t:|1785083452
|switch|p2a: Kingambit|Kingambit, L50, M|100/100
|move|p1b: Incineroar|Parting Shot|p2a: Kingambit
|-unboost|p2a: Kingambit|atk|1
|-ability|p2a: Kingambit|Defiant|boost
|-boost|p2a: Kingambit|atk|2
|-unboost|p2a: Kingambit|spa|1
|-ability|p2a: Kingambit|Defiant|boost
|-boost|p2a: Kingambit|atk|2
|
|t:|1785083458
|switch|p1b: Charizard|Charizard, L50, M|100/100|[from] Parting Shot
|move|p1a: Toxapex|Infestation|p2b: Toxapex
|-resisted|p2b: Toxapex|1
|-damage|p2b: Toxapex|98/100
|-activate|p2b: Toxapex|move: Infestation|[of] p1a: Toxapex
|move|p2b: Toxapex|Infestation|p1a: Toxapex
|-resisted|p1a: Toxapex|1
|-damage|p1a: Toxapex|98/100
|-activate|p1a: Toxapex|move: Infestation|[of] p2b: Toxapex
|
|-heal|p2b: Toxapex|100/100|[from] item: Leftovers
|-heal|p1a: Toxapex|100/100|[from] item: Leftovers
|-damage|p1a: Toxapex|87/100|[from] move: Infestation|[partiallytrapped]
|-damage|p2b: Toxapex|87/100|[from] move: Infestation|[partiallytrapped]
|upkeep
|turn|2
|inactive|eastyliam67 has 30 seconds left.
|inactive|eastyliam67 has 20 seconds left.
|inactive|eastyliam67 has 15 seconds left.
|inactive|eastyliam67 has 10 seconds left.
|inactive|eastyliam67 has 5 seconds left.
|
|t:|1785083509
|switch|p1b: Incineroar|Incineroar, L50, M|100/100
|-ability|p1b: Incineroar|Intimidate|boost
|-unboost|p2a: Kingambit|atk|1
|-ability|p2a: Kingambit|Defiant|boost
|-boost|p2a: Kingambit|atk|2
|-unboost|p2b: Toxapex|atk|1
|move|p2a: Kingambit|Sucker Punch||[still]
|-fail|p2a: Kingambit
|move|p1a: Toxapex|Infestation|p2a: Kingambit
|-damage|p2a: Kingambit|97/100
|-activate|p2a: Kingambit|move: Infestation|[of] p1a: Toxapex
|move|p2b: Toxapex|Toxic|p1b: Incineroar
|-status|p1b: Incineroar|tox
|
|-heal|p2b: Toxapex|93/100|[from] item: Leftovers
|-heal|p1a: Toxapex|93/100|[from] item: Leftovers
|-damage|p1b: Incineroar|94/100 tox|[from] psn
|-damage|p2a: Kingambit|85/100|[from] move: Infestation|[partiallytrapped]
|-damage|p2b: Toxapex|81/100|[from] move: Infestation|[partiallytrapped]
|-damage|p1a: Toxapex|81/100|[from] move: Infestation|[partiallytrapped]
|upkeep
|turn|3
|inactive|ronzthebonz has 30 seconds left.
|
|t:|1785083534
|move|p1b: Incineroar|Flare Blitz|p2a: Kingambit
|-supereffective|p2a: Kingambit|1
|-enditem|p2a: Kingambit|Occa Berry|[eat]
|-enditem|p2a: Kingambit|Occa Berry|[weaken]
|-damage|p2a: Kingambit|53/100
|-damage|p1b: Incineroar|83/100 tox|[from] Recoil
|move|p2a: Kingambit|Kowtow Cleave|p1a: Toxapex
|-damage|p1a: Toxapex|1/100
|move|p1a: Toxapex|Infestation|p2a: Kingambit
|-damage|p2a: Kingambit|50/100g
|move|p2b: Toxapex|Infestation|p1b: Incineroar
|-damage|p1b: Incineroar|80/100 tox
|-activate|p1b: Incineroar|move: Infestation|[of] p2b: Toxapex
|
|-heal|p1a: Toxapex|6/100|[from] item: Leftovers
|-heal|p2b: Toxapex|87/100|[from] item: Leftovers
|-damage|p1b: Incineroar|68/100 tox|[from] psn
|-damage|p1b: Incineroar|56/100 tox|[from] move: Infestation|[partiallytrapped]
|-damage|p2a: Kingambit|38/100|[from] move: Infestation|[partiallytrapped]
|-damage|p1a: Toxapex|0 fnt|[from] move: Infestation|[partiallytrapped]
|faint|p1a: Toxapex
|-end|p2b: Toxapex|Infestation|[partiallytrapped]|[silent]
|upkeep
|
|t:|1785083548
|switch|p1a: Hydreigon|Hydreigon, L50, F|100/100
|turn|4
|
|t:|1785083571
|move|p2a: Kingambit|Protect|p2a: Kingambit
|-singleturn|p2a: Kingambit|Protect
|move|p2b: Toxapex|Baneful Bunker|p2b: Toxapex
|-singleturn|p2b: Toxapex|move: Protect
|move|p1a: Hydreigon|Earth Power|p2a: Kingambit
|-activate|p2a: Kingambit|move: Protect
|move|p1b: Incineroar|Parting Shot|p2b: Toxapex
|-activate|p2b: Toxapex|move: Protect
|
|-heal|p2b: Toxapex|92/100|[from] item: Leftovers
|-damage|p1b: Incineroar|38/100 tox|[from] psn
|-damage|p1b: Incineroar|26/100 tox|[from] move: Infestation|[partiallytrapped]
|-end|p2a: Kingambit|Infestation|[partiallytrapped]|[silent]
|upkeep
|-enditem|p1b: Incineroar|Sitrus Berry|[eat]
|-heal|p1b: Incineroar|50/100g tox|[from] item: Sitrus Berry
|turn|5
|inactive|eastyliam67 has 30 seconds left.
|
|t:|1785083596
|move|p2a: Kingambit|Sucker Punch|p1a: Hydreigon
|-resisted|p1a: Hydreigon|1
|-damage|p1a: Hydreigon|34/100
|move|p1a: Hydreigon|Earth Power|p2a: Kingambit
|-supereffective|p2a: Kingambit|1
|-crit|p2a: Kingambit
|-damage|p2a: Kingambit|0 fnt
|faint|p2a: Kingambit
|move|p1b: Incineroar|Parting Shot|p2b: Toxapex
|-unboost|p2b: Toxapex|atk|1
|-unboost|p2b: Toxapex|spa|1
|
|t:|1785083605
|switch|p1b: Charizard|Charizard, L50, M|100/100|[from] Parting Shot
|move|p2b: Toxapex|Infestation|p1a: Hydreigon
|-supereffective|p1a: Hydreigon|1
|-damage|p1a: Hydreigon|30/100
|-activate|p1a: Hydreigon|move: Infestation|[of] p2b: Toxapex
|
|-heal|p2b: Toxapex|98/100|[from] item: Leftovers
|-damage|p1a: Hydreigon|18/100|[from] move: Infestation|[partiallytrapped]
|upkeep
|
|t:|1785083619
|switch|p2a: Garchomp|Garchomp, L50, F|100/100
|turn|6
|
|t:|1785083624
|detailschange|p1b: Charizard|Charizard-Mega-Y, L50, M
|-mega|p1b: Charizard|Charizard|Charizardite Y
|-weather|SunnyDay|[from] ability: Drought|[of] p1b: Charizard
|move|p2a: Garchomp|Protect|p2a: Garchomp
|-singleturn|p2a: Garchomp|Protect
|move|p2b: Toxapex|Baneful Bunker|p2b: Toxapex
|-singleturn|p2b: Toxapex|move: Protect
|move|p1a: Hydreigon|Earth Power|p2a: Garchomp
|-activate|p2a: Garchomp|move: Protect
|move|p1b: Charizard|Heat Wave|p2b: Toxapex|[spread] 
|-activate|p2a: Garchomp|move: Protect
|-activate|p2b: Toxapex|move: Protect
|
|-weather|SunnyDay|[upkeep]
|-heal|p2b: Toxapex|100/100|[from] item: Leftovers
|-damage|p1a: Hydreigon|6/100|[from] move: Infestation|[partiallytrapped]
|upkeep
|turn|7
|inactive|eastyliam67 has 30 seconds left.
|
|t:|1785083650
|switch|p2b: Charizard|Charizard, L50, F|100/100
|move|p1a: Hydreigon|Earth Power|p2a: Garchomp
|-crit|p2a: Garchomp
|-damage|p2a: Garchomp|57/100
|move|p2a: Garchomp|Rock Slide|p1b: Charizard|[spread] p1a,p1b
|-supereffective|p1b: Charizard|2
|-damage|p1a: Hydreigon|0 fnt
|-damage|p1b: Charizard|12/100
|faint|p1a: Hydreigon
|move|p1b: Charizard|Solar Beam||[still]
|-prepare|p1b: Charizard|Solar Beam
|-anim|p1b: Charizard|Solar Beam|p2a: Garchomp
|-damage|p2a: Garchomp|14/100
|-enditem|p2a: Garchomp|Sitrus Berry|[eat]
|-heal|p2a: Garchomp|39/100|[from] item: Sitrus Berry
|
|-weather|SunnyDay|[upkeep]
|upkeep
|
|t:|1785083662
|switch|p1a: Incineroar|Incineroar, L50, M|50/100g tox
|-ability|p1a: Incineroar|Intimidate|boost
|-unboost|p2a: Garchomp|atk|1
|-unboost|p2b: Charizard|atk|1
|turn|8
|
|t:|1785083673
|switch|p2a: Toxapex|Toxapex, L50, M|100/100
|move|p2b: Charizard|Protect|p2b: Charizard
|-singleturn|p2b: Charizard|Protect
|move|p1b: Charizard|Heat Wave|p2b: Charizard|[spread] p2a
|-activate|p2b: Charizard|move: Protect
|-resisted|p2a: Toxapex|1
|-damage|p2a: Toxapex|75/100
|move|p1a: Incineroar|Flare Blitz|p2b: Charizard
|-activate|p2b: Charizard|move: Protect
|
|-weather|SunnyDay|[upkeep]
|-heal|p2a: Toxapex|81/100|[from] item: Leftovers
|-damage|p1a: Incineroar|45/100 tox|[from] psn
|upkeep
|turn|9
|-message|ronzthebonz forfeited.
|
|win|eastyliam67
|l|☆ronzthebonz
|player|p1|
||eastyliam67 is ready for game 2.
||ronzthebonz is ready for game 2.
|uhtml|next|Next: Game 2 of 3
