|j|☆NandoGTG
|j|☆Craser13
|html|NandoGTGCraser13    
|uhtml|bestof|Game 2 of a best-of-3
|t:|1784917100
|gametype|doubles
|player|p1|NandoGTG|cheren|
|player|p2|Craser13|alder|
|gen|9
|tier|[Gen 9 Champions] VGC 2026 Reg M-B (Bo3)
|rule|Species Clause: Limit one of each Pokémon
|rule|Item Clause: Limit 1 of each item
|clearpoke
|poke|p1|Charizard, L50, F|
|poke|p1|Hydreigon, L50, M|
|poke|p1|Incineroar, L50, M|
|poke|p1|Toxapex, L50, M|
|poke|p1|Floette-Eternal, L50, F|
|poke|p1|Venusaur, L50, M|
|poke|p2|Charizard, L50, M|
|poke|p2|Venusaur, L50, F|
|poke|p2|Archaludon, L50, F|
|poke|p2|Grimmsnarl, L50, M|
|poke|p2|Pelipper, L50, F|
|poke|p2|Basculegion, L50, M|
|teampreview|4
|showteam|p1|Charizard||CharizarditeY|Blaze|HeatWave,WeatherBall,SolarBeam,Protect|Modest||F|||50|]Hydreigon||ChoiceScarf|Levitate|DarkPulse,DracoMeteor,Snarl,EarthPower|Modest||M|||50|]Incineroar||SitrusBerry|Intimidate|FlareBlitz,ThroatChop,FakeOut,PartingShot|Impish||M|||50|]Toxapex||Leftovers|Regenerator|Infestation,Toxic,WideGuard,BanefulBunker|Bold||M|||50|]Floette-Eternal||Floettite|FlowerVeil|DazzlingGleam,Moonblast,LightofRuin,Protect|Timid||F|||50|]Venusaur||FocusSash|Chlorophyll|SludgeBomb,EarthPower,SleepPowder,Protect|Modest||M|||50|
|showteam|p2|Charizard||CharizarditeY|Blaze|WeatherBall,SolarBeam,HeatWave,Protect|Modest||M|||50|]Venusaur||FocusSash|Chlorophyll|SludgeBomb,EarthPower,SleepPowder,LeafStorm|Modest||F|||50|]Archaludon||Leftovers|Stamina|DragonPulse,FlashCannon,ElectroShot,Protect|Modest||F|||50|]Grimmsnarl||LightClay|Prankster|SpiritBreak,Reflect,LightScreen,PartingShot|Sassy||M|||50|]Pelipper||SitrusBerry|Drizzle|WeatherBall,Hurricane,Tailwind,WideGuard|Modest||F|||50|]Basculegion||ChoiceScarf|SwiftSwim|WaveCrash,LastRespects,AquaJet,FlipTurn|Jolly||M|||50|
|
|t:|1784917123
|teamsize|p1|4
|teamsize|p2|4
|start
|switch|p1a: Venusaur|Venusaur, L50, M|100/100
|switch|p1b: Hydreigon|Hydreigon, L50, M|100/100
|switch|p2a: Basculegion|Basculegion, L50, M|100/100
|switch|p2b: Archaludon|Archaludon, L50, F|100/100
|turn|1
|
|t:|1784917171
|switch|p2a: Charizard|Charizard, L50, M|100/100
|move|p1b: Hydreigon|Dark Pulse|p2a: Charizard
|-damage|p2a: Charizard|53/100
|move|p1a: Venusaur|Sleep Powder|p2b: Archaludon
|-status|p2b: Archaludon|slp|[from] move: Sleep Powder
|cant|p2b: Archaludon|slp
|
|upkeep
|turn|2
|
|t:|1784917187
|detailschange|p2a: Charizard|Charizard-Mega-Y, L50, M
|-mega|p2a: Charizard|Charizard|Charizardite Y
|-weather|SunnyDay|[from] ability: Drought|[of] p2a: Charizard
|move|p1a: Venusaur|Sleep Powder|p2a: Charizard
|-status|p2a: Charizard|slp|[from] move: Sleep Powder
|move|p1b: Hydreigon|Dark Pulse|p2a: Charizard
|-damage|p2a: Charizard|17/100 slp
|cant|p2a: Charizard|slp
|cant|p2b: Archaludon|slp
|
|-weather|SunnyDay|[upkeep]
|upkeep
|turn|3
|c|☆Craser13|aaaaqaaaaaaa
|
|t:|1784917216
|switch|p1b: Toxapex|Toxapex, L50, M|100/100
|move|p1a: Venusaur|Sludge Bomb|p2a: Charizard
|-damage|p2a: Charizard|0 fnt
|faint|p2a: Charizard
|-curestatus|p2b: Archaludon|slp|[msg]
|move|p2b: Archaludon|Dragon Pulse|p1b: Toxapex
|-damage|p1b: Toxapex|67/100
|
|-weather|SunnyDay|[upkeep]
|-heal|p1b: Toxapex|73/100|[from] item: Leftovers
|upkeep
|
|t:|1784917227
|switch|p2a: Pelipper|Pelipper, L50, F|100/100
|-weather|RainDance|[from] ability: Drizzle|[of] p2a: Pelipper
|turn|4
|
|t:|1784917239
|-heal|p1b: Toxapex|100/100|[from] ability: Regenerator|[silent]
|switch|p1b: Hydreigon|Hydreigon, L50, M|100/100
|move|p1a: Venusaur|Sleep Powder|p2a: Pelipper|[miss]
|-miss|p1a: Venusaur|p2a: Pelipper
|move|p2b: Archaludon|Electro Shot||[still]
|-prepare|p2b: Archaludon|Electro Shot
|-boost|p2b: Archaludon|spa|1
|-anim|p2b: Archaludon|Electro Shot|p1b: Hydreigon
|-resisted|p1b: Hydreigon|1
|-damage|p1b: Hydreigon|63/100
|move|p2a: Pelipper|Hurricane|p1a: Venusaur
|-supereffective|p1a: Venusaur|1
|-damage|p1a: Venusaur|4/100
|-start|p1a: Venusaur|confusion
|
|-weather|RainDance|[upkeep]
|upkeep
|turn|5
|
|t:|1784917265
|move|p2b: Archaludon|Protect|p2b: Archaludon
|-singleturn|p2b: Archaludon|Protect
|move|p1b: Hydreigon|Earth Power|p2b: Archaludon
|-activate|p2b: Archaludon|move: Protect
|-activate|p1a: Venusaur|confusion
|move|p1a: Venusaur|Sleep Powder|p2a: Pelipper
|-status|p2a: Pelipper|slp|[from] move: Sleep Powder
|cant|p2a: Pelipper|slp
|
|-weather|RainDance|[upkeep]
|upkeep
|turn|6
|
|t:|1784917283
|move|p1b: Hydreigon|Earth Power|p2b: Archaludon
|-supereffective|p2b: Archaludon|1
|-damage|p2b: Archaludon|37/100
|-unboost|p2b: Archaludon|spd|1
|-ability|p2b: Archaludon|Stamina|boost
|-boost|p2b: Archaludon|def|1
|-activate|p1a: Venusaur|confusion
|-damage|p1a: Venusaur|0 fnt|[from] confusion
|faint|p1a: Venusaur
|move|p2b: Archaludon|Dragon Pulse|p1b: Hydreigon
|-supereffective|p1b: Hydreigon|1
|-damage|p1b: Hydreigon|0 fnt
|faint|p1b: Hydreigon
|cant|p2a: Pelipper|slp
|
|-weather|RainDance|[upkeep]
|-heal|p2b: Archaludon|43/100|[from] item: Leftovers
|upkeep
|
|t:|1784917291
|switch|p1b: Toxapex|Toxapex, L50, M|100/100
|switch|p1a: Charizard|Charizard, L50, F|100/100
|turn|7
|
|t:|1784917311
|switch|p2a: Basculegion|Basculegion, L50, M|100/100
|detailschange|p1a: Charizard|Charizard-Mega-Y, L50, F
|-mega|p1a: Charizard|Charizard|Charizardite Y
|-weather|SunnyDay|[from] ability: Drought|[of] p1a: Charizard
|move|p2b: Archaludon|Protect|p2b: Archaludon
|-singleturn|p2b: Archaludon|Protect
|move|p1a: Charizard|Heat Wave|p2b: Archaludon|[spread] p2a
|-activate|p2b: Archaludon|move: Protect
|-resisted|p2a: Basculegion|1
|-damage|p2a: Basculegion|67/100
|move|p1b: Toxapex|Infestation|p2a: Basculegion
|-resisted|p2a: Basculegion|1
|-damage|p2a: Basculegion|66/100
|-activate|p2a: Basculegion|move: Infestation|[of] p1b: Toxapex
|
|-weather|SunnyDay|[upkeep]
|-heal|p2b: Archaludon|49/100|[from] item: Leftovers
|-damage|p2a: Basculegion|53/100|[from] move: Infestation|[partiallytrapped]
|upkeep
|turn|8
|
|t:|1784917339
|move|p1a: Charizard|Protect|p1a: Charizard
|-singleturn|p1a: Charizard|Protect
|move|p2a: Basculegion|Wave Crash|p1a: Charizard
|-activate|p1a: Charizard|move: Protect
|move|p2b: Archaludon|Dragon Pulse|p1a: Charizard
|-activate|p1a: Charizard|move: Protect
|move|p1b: Toxapex|Toxic|p2a: Basculegion
|-status|p2a: Basculegion|tox
|
|-weather|SunnyDay|[upkeep]
|-heal|p2b: Archaludon|55/100|[from] item: Leftovers
|-damage|p2a: Basculegion|47/100 tox|[from] psn
|-damage|p2a: Basculegion|35/100 tox|[from] move: Infestation|[partiallytrapped]
|upkeep
|turn|9
|
|t:|1784917390
|switch|p2b: Pelipper|Pelipper, L50, F|100/100 slp
|-weather|RainDance|[from] ability: Drizzle|[of] p2b: Pelipper
|move|p2a: Basculegion|Wave Crash|p1a: Charizard
|-supereffective|p1a: Charizard|1
|-damage|p1a: Charizard|0 fnt
|faint|p1a: Charizard
|-damage|p2a: Basculegion|4/100 tox|[from] Recoil
|move|p1b: Toxapex|Toxic||[still]
|-fail|p1b: Toxapex
|
|-weather|RainDance|[upkeep]
|-damage|p2a: Basculegion|0 fnt|[from] psn
|faint|p2a: Basculegion
|upkeep
|-message|NandoGTG forfeited.
|
|win|Craser13
||NandoGTG is ready for game 3.
||Craser13 is ready for game 3.
|uhtml|next|Next: Game 3 of 3
|l|☆Craser13
|player|p2|
