|j|☆RamonTheKiller
|j|☆wideguard_user
|html|RamonTheKillerwideguard_user    
|uhtml|bestof|Game 2 of a best-of-3
|t:|1757640336
|gametype|doubles
|player|p1|RamonTheKiller|palmer|1213
|player|p2|wideguard_user|170|1302
|gen|9
|tier|[Gen 9] VGC 2025 Reg H (Bo3)
|rated|
|rule|Species Clause: Limit one of each Pokémon
|rule|Item Clause: Limit 1 of each item
|clearpoke
|poke|p1|Ninetales-Alola, L50, M|
|poke|p1|Archaludon, L50, M|
|poke|p1|Annihilape, L50, F|
|poke|p1|Arcanine-Hisui, L50, F|
|poke|p1|Rillaboom, L50, F|
|poke|p1|Electabuzz, L50, F|
|poke|p2|Gholdengo, L50|
|poke|p2|Incineroar, L50, M|
|poke|p2|Amoonguss, L50, F|
|poke|p2|Garchomp, L50, M|
|poke|p2|Kilowattrel, L50, M|
|poke|p2|Tyranitar, L50, F|
|teampreview|4
|showteam|p1|Ninetales-Alola||FocusSash|SnowWarning|Blizzard,Protect,AuroraVeil,Encore|||M|||50|,,,,,Ghost]Archaludon||PowerHerb|Sturdy|ElectroShot,DragonPulse,Protect,FlashCannon|||M|||50|,,,,,Electric]Annihilape||SafetyGoggles|Defiant|DrainPunch,RageFist,Protect,BulkUp|||F|||50|,,,,,Fire]Arcanine-Hisui||ChoiceBand|Intimidate|FlareBlitz,RockSlide,ExtremeSpeed,TeraBlast|||F|||50|,,,,,Fairy]Rillaboom||AssaultVest|GrassySurge|GrassyGlide,FakeOut,WoodHammer,Uturn|||F|||50|,,,,,Fire]Electabuzz||Eviolite|VitalSpirit|Electroweb,FollowMe,Protect,Taunt|||F|||50|,,,,,Dragon
|showteam|p2|Gholdengo||MetalCoat|GoodasGold|MakeItRain,NastyPlot,ShadowBall,Protect||||||50|,,,,,Flying]Incineroar||SafetyGoggles|Intimidate|FakeOut,FlareBlitz,PartingShot,KnockOff|||M|||50|,,,,,Grass]Amoonguss||SitrusBerry|Regenerator|Spore,RagePowder,PollenPuff,Protect|||F|||50|,,,,,Psychic]Garchomp||LifeOrb|RoughSkin|DragonClaw,StompingTantrum,Earthquake,Protect|||M|||50|,,,,,Fire]Kilowattrel||CovertCloak|Competitive|AirSlash,Tailwind,Thunderbolt,Protect|||M|||50|,,,,,Fairy]Tyranitar||AssaultVest|SandStream|RockSlide,KnockOff,LowKick,TeraBlast|||F|||50|,,,,,Flying
|inactive|Battle timer is ON: inactive players will automatically lose when time's up. (requested by wideguard_user)
|
|t:|1757640376
|teamsize|p1|4
|teamsize|p2|4
|start
|switch|p1a: Annihilape|Annihilape, L50, F|100/100
|switch|p1b: Electabuzz|Electabuzz, L50, F|100/100
|switch|p2a: Kilowattrel|Kilowattrel, L50, M|100/100
|switch|p2b: Garchomp|Garchomp, L50, M|100/100
|turn|1
|
|t:|1757640399
|switch|p1b: Rillaboom|Rillaboom, L50, F|100/100
|-fieldstart|move: Grassy Terrain|[from] ability: Grassy Surge|[of] p1b: Rillaboom
|-terastallize|p1a: Annihilape|Fire
|move|p2a: Kilowattrel|Tailwind|p2a: Kilowattrel
|-sidestart|p2: wideguard_user|move: Tailwind
|move|p2b: Garchomp|Earthquake|p1a: Annihilape|[spread] p1a,p1b
|-immune|p2a: Kilowattrel
|-supereffective|p1a: Annihilape
|-resisted|p1b: Rillaboom
|-crit|p1b: Rillaboom
|-damage|p1a: Annihilape|43/100
|-damage|p1b: Rillaboom|82/100
|-damage|p2b: Garchomp|91/100|[from] item: Life Orb
|move|p1a: Annihilape|Bulk Up|p1a: Annihilape
|-boost|p1a: Annihilape|atk|1
|-boost|p1a: Annihilape|def|1
|
|-heal|p2b: Garchomp|97/100|[from] Grassy Terrain
|-heal|p1a: Annihilape|49/100|[from] Grassy Terrain
|-heal|p1b: Rillaboom|89/100|[from] Grassy Terrain
|upkeep
|turn|2
|inactive|wideguard_user has 30 seconds left.
|
|t:|1757640430
|switch|p1b: Electabuzz|Electabuzz, L50, F|100/100
|move|p2b: Garchomp|Protect|p2b: Garchomp
|-singleturn|p2b: Garchomp|Protect
|move|p1a: Annihilape|Protect|p1a: Annihilape
|-singleturn|p1a: Annihilape|Protect
|move|p2a: Kilowattrel|Thunderbolt|p1a: Annihilape
|-activate|p1a: Annihilape|move: Protect
|
|-heal|p2b: Garchomp|100/100|[from] Grassy Terrain
|-heal|p1a: Annihilape|55/100|[from] Grassy Terrain
|upkeep
|turn|3
|inactive|wideguard_user has 30 seconds left.
|
|t:|1757640461
|move|p2a: Kilowattrel|Protect|p2a: Kilowattrel
|-singleturn|p2a: Kilowattrel|Protect
|move|p1b: Electabuzz|Follow Me|p1b: Electabuzz
|-singleturn|p1b: Electabuzz|move: Follow Me
|move|p2b: Garchomp|Earthquake|p1b: Electabuzz|[spread] p1a,p1b
|-activate|p2a: Kilowattrel|move: Protect
|-supereffective|p1a: Annihilape
|-supereffective|p1b: Electabuzz
|-damage|p1a: Annihilape|18/100
|-damage|p1b: Electabuzz|55/100
|-damage|p2b: Garchomp|91/100|[from] item: Life Orb
|move|p1a: Annihilape|Drain Punch|p2b: Garchomp
|-damage|p2b: Garchomp|43/100
|-heal|p1a: Annihilape|39/100|[from] drain|[of] p2b: Garchomp
|-damage|p1a: Annihilape|26/100|[from] ability: Rough Skin|[of] p2b: Garchomp
|
|-heal|p2b: Garchomp|49/100|[from] Grassy Terrain
|-heal|p1a: Annihilape|33/100|[from] Grassy Terrain
|-heal|p1b: Electabuzz|61/100|[from] Grassy Terrain
|upkeep
|turn|4
|
|t:|1757640484
|switch|p2b: Tyranitar|Tyranitar, L50, F|100/100
|-weather|Sandstorm|[from] ability: Sand Stream|[of] p2b: Tyranitar
|move|p1a: Annihilape|Protect|p1a: Annihilape
|-singleturn|p1a: Annihilape|Protect
|move|p2a: Kilowattrel|Thunderbolt|p1a: Annihilape
|-activate|p1a: Annihilape|move: Protect
|move|p1b: Electabuzz|Taunt|p2a: Kilowattrel
|-start|p2a: Kilowattrel|move: Taunt
|
|-weather|Sandstorm|[upkeep]
|-damage|p2a: Kilowattrel|94/100|[from] Sandstorm
|-damage|p1b: Electabuzz|55/100|[from] Sandstorm
|-heal|p1a: Annihilape|39/100|[from] Grassy Terrain
|-heal|p1b: Electabuzz|61/100|[from] Grassy Terrain
|-sideend|p2: wideguard_user|move: Tailwind
|upkeep
|turn|5
|inactive|RamonTheKiller has 30 seconds left.
|inactive|wideguard_user has 30 seconds left.
|
|t:|1757640518
|switch|p2a: Garchomp|Garchomp, L50, M|49/100
|-terastallize|p2b: Tyranitar|Flying
|move|p1b: Electabuzz|Follow Me|p1b: Electabuzz
|-singleturn|p1b: Electabuzz|move: Follow Me
|move|p1a: Annihilape|Rage Fist|p2a: Garchomp
|-damage|p2a: Garchomp|0 fnt
|-damage|p1a: Annihilape|26/100|[from] ability: Rough Skin|[of] p2a: Garchomp
|faint|p2a: Garchomp
|move|p2b: Tyranitar|Knock Off|p1b: Electabuzz
|-damage|p1b: Electabuzz|22/100
|-enditem|p1b: Electabuzz|Eviolite|[from] move: Knock Off|[of] p2b: Tyranitar
|
|-weather|Sandstorm|[upkeep]
|-damage|p1b: Electabuzz|16/100|[from] Sandstorm
|-damage|p2b: Tyranitar|95/100|[from] Sandstorm
|-heal|p1a: Annihilape|33/100|[from] Grassy Terrain
|-heal|p1b: Electabuzz|22/100|[from] Grassy Terrain
|-fieldend|move: Grassy Terrain
|upkeep
|
|t:|1757640530
|switch|p2a: Kilowattrel|Kilowattrel, L50, M|94/100
|turn|6
|
|t:|1757640551
|move|p1b: Electabuzz|Follow Me|p1b: Electabuzz
|-singleturn|p1b: Electabuzz|move: Follow Me
|move|p2a: Kilowattrel|Tailwind|p2a: Kilowattrel
|-sidestart|p2: wideguard_user|move: Tailwind
|move|p2b: Tyranitar|Rock Slide|p1b: Electabuzz|[spread] p1a,p1b
|-supereffective|p1a: Annihilape
|-damage|p1a: Annihilape|0 fnt
|-damage|p1b: Electabuzz|0 fnt
|faint|p1a: Annihilape
|faint|p1b: Electabuzz
|
|-weather|Sandstorm|[upkeep]
|-damage|p2a: Kilowattrel|88/100|[from] Sandstorm
|-damage|p2b: Tyranitar|89/100|[from] Sandstorm
|upkeep
|
|t:|1757640562
|switch|p1a: Rillaboom|Rillaboom, L50, F|89/100
|switch|p1b: Ninetales|Ninetales-Alola, L50, M|100/100
|-weather|Snowscape|[from] ability: Snow Warning|[of] p1b: Ninetales
|-fieldstart|move: Grassy Terrain|[from] ability: Grassy Surge|[of] p1a: Rillaboom
|turn|7
|
|t:|1757640579
|switch|p2b: Gholdengo|Gholdengo, L50|100/100
|move|p2a: Kilowattrel|Protect|p2a: Kilowattrel
|-singleturn|p2a: Kilowattrel|Protect
|move|p1b: Ninetales|Blizzard|p2a: Kilowattrel|[spread] p2b
|-activate|p2a: Kilowattrel|move: Protect
|-resisted|p2b: Gholdengo
|-damage|p2b: Gholdengo|82/100
|move|p1a: Rillaboom|Wood Hammer|p2b: Gholdengo
|-resisted|p2b: Gholdengo
|-damage|p2b: Gholdengo|43/100
|-damage|p1a: Rillaboom|77/100|[from] Recoil
|
|-weather|Snowscape|[upkeep]
|-heal|p2b: Gholdengo|49/100|[from] Grassy Terrain
|-heal|p1a: Rillaboom|83/100|[from] Grassy Terrain
|upkeep
|turn|8
|
|t:|1757640598
|move|p2a: Kilowattrel|Air Slash|p1a: Rillaboom
|-supereffective|p1a: Rillaboom
|-damage|p1a: Rillaboom|33/100
|move|p2b: Gholdengo|Make It Rain|p1a: Rillaboom|[spread] p1a,p1b
|-supereffective|p1b: Ninetales
|-crit|p1b: Ninetales
|-damage|p1a: Rillaboom|0 fnt
|-enditem|p1b: Ninetales|Focus Sash
|-damage|p1b: Ninetales|1/100
|-unboost|p2b: Gholdengo|spa|1
|faint|p1a: Rillaboom
|move|p1b: Ninetales|Blizzard|p2b: Gholdengo|[spread] p2a,p2b
|-supereffective|p2a: Kilowattrel
|-resisted|p2b: Gholdengo
|-damage|p2a: Kilowattrel|0 fnt
|-damage|p2b: Gholdengo|33/100
|faint|p2a: Kilowattrel
|
|-weather|Snowscape|[upkeep]
|-heal|p2b: Gholdengo|39/100|[from] Grassy Terrain
|-heal|p1b: Ninetales|7/100|[from] Grassy Terrain
|upkeep
|
|t:|1757640604
|switch|p2a: Tyranitar|Tyranitar, L50, F, tera:Flying|89/100
|-weather|Sandstorm|[from] ability: Sand Stream|[of] p2a: Tyranitar
|turn|9
|
|t:|1757640617
|move|p2b: Gholdengo|Make It Rain|p1b: Ninetales
|-supereffective|p1b: Ninetales
|-damage|p1b: Ninetales|0 fnt
|-unboost|p2b: Gholdengo|spa|1
|faint|p1b: Ninetales
|
|win|wideguard_user
|raw|RamonTheKiller's rating: 1213 → 1194(-19 for losing)
|raw|wideguard_user's rating: 1302 → 1317(+15 for winning)
|c|☆wideguard_user|ggwp
