|j|☆FastForwardMyGame
|j|☆i still have it
|html|FastForwardMyGamei still have it    
|uhtml|bestof|Game 1 of a best-of-3
|t:|1757812586
|gametype|doubles
|player|p1|FastForwardMyGame|cyclist|1115
|player|p2|i still have it|169|1195
|gen|9
|tier|[Gen 9] VGC 2025 Reg H (Bo3)
|rated|
|rule|Species Clause: Limit one of each Pokémon
|rule|Item Clause: Limit 1 of each item
|clearpoke
|poke|p1|Hatterene, L50, F|
|poke|p1|Sunflora, L50, F|
|poke|p1|Indeedee-F, L50, F|
|poke|p1|Torkoal, L50, M|
|poke|p1|Gallade, L50, M|
|poke|p1|Ursaluna, L50, M|
|poke|p2|Sneasler, L50, F|
|poke|p2|Rillaboom, L50, M|
|poke|p2|Kingambit, L50, F|
|poke|p2|Incineroar, L50, F|
|poke|p2|Ninetales-Alola, L50, F|
|poke|p2|Dondozo, L50, F|
|teampreview|4
|showteam|p1|Hatterene||CovertCloak|MagicBounce|TrickRoom,ExpandingForce,DazzlingGleam,Protect|||F|||50|,,,,,Water]Sunflora||LifeOrb|SolarPower|EarthPower,WeatherBall,EnergyBall,Protect|||F|||50|,,,,,Fire]Indeedee-F||EjectButton|PsychicSurge|FollowMe,HelpingHand,TrickRoom,TeraBlast|||F|||50|,,,,,Dark]Torkoal||EjectPack|Drought|Eruption,HelpingHand,SunnyDay,Overheat|||M|||50|,,,,,Grass]Gallade||PsychicSeed|Sharpness|TrickRoom,SacredSword,PsychoCut,WideGuard|||M|||50|,,,,,Fire]Ursaluna||FlameOrb|Guts|Facade,HeadlongRush,Protect,Crunch|||M|||50|,,,,,Ghost
|showteam|p2|Sneasler||FocusSash|PoisonTouch|CloseCombat,DireClaw,Coaching,Protect|||F|||50|,,,,,Stellar]Rillaboom||AssaultVest|GrassySurge|WoodHammer,HighHorsepower,FakeOut,GrassyGlide|||M|||50|,,,,,Fire]Kingambit||DreadPlate|Defiant|KowtowCleave,SwordsDance,SuckerPunch,Protect|||F|||50|,,,,,Dark]Incineroar||SafetyGoggles|Intimidate|FlareBlitz,KnockOff,FakeOut,PartingShot|||F|||50|,,,,,Ghost]Ninetales-Alola||CovertCloak|SnowWarning|Blizzard,AuroraVeil,FreezeDry,Protect|||F|||50|,,,,,Ghost]Dondozo||Leftovers|Unaware|WaveCrash,Fissure,Yawn,Protect|||F|||50|,,,,,Poison
|inactive|Battle timer is ON: inactive players will automatically lose when time's up. (requested by FastForwardMyGame)
|
|t:|1757812615
|teamsize|p1|4
|teamsize|p2|4
|start
|switch|p1a: Amiable|Indeedee-F, L50, F|100/100
|switch|p1b: Goatllade|Gallade, L50, M, shiny|100/100
|switch|p2a: Dondozo|Dondozo, L50, F|100/100
|switch|p2b: Sneasler|Sneasler, L50, F|100/100
|-fieldstart|move: Psychic Terrain|[from] ability: Psychic Surge|[of] p1a: Amiable
|-enditem|p1b: Goatllade|Psychic Seed
|-boost|p1b: Goatllade|spd|1|[from] item: Psychic Seed
|turn|1
|
|t:|1757812636
|move|p1a: Amiable|Follow Me|p1a: Amiable
|-singleturn|p1a: Amiable|move: Follow Me
|move|p2b: Sneasler|Coaching|p2a: Dondozo
|-boost|p2a: Dondozo|atk|1
|-boost|p2a: Dondozo|def|1
|move|p2a: Dondozo|Yawn|p1a: Amiable
|-start|p1a: Amiable|move: Yawn|[of] p2a: Dondozo
|move|p1b: Goatllade|Trick Room|p1b: Goatllade
|-fieldstart|move: Trick Room|[of] p1b: Goatllade
|
|upkeep
|turn|2
|
|t:|1757812655
|move|p1a: Amiable|Helping Hand|p1b: Goatllade
|-singleturn|p1b: Goatllade|Helping Hand|[of] p1a: Amiable
|move|p2a: Dondozo|Yawn|p1b: Goatllade
|-start|p1b: Goatllade|move: Yawn|[of] p2a: Dondozo
|move|p1b: Goatllade|Psycho Cut|p2a: Dondozo
|-damage|p2a: Dondozo|58/100
|move|p2b: Sneasler|Coaching|p2a: Dondozo
|-boost|p2a: Dondozo|atk|1
|-boost|p2a: Dondozo|def|1
|
|-heal|p2a: Dondozo|64/100|[from] item: Leftovers
|-end|p1a: Amiable|move: Yawn|[silent]
|-status|p1a: Amiable|slp
|upkeep
|turn|3
|inactive|FastForwardMyGame has 30 seconds left.
|inactive|i still have it has 30 seconds left.
|
|t:|1757812685
|switch|p1a: Goatflora|Sunflora, L50, F|100/100
|switch|p1b: Anger|Torkoal, L50, M|100/100
|-weather|SunnyDay|[from] ability: Drought|[of] p1b: Anger
|switch|p2b: Incineroar|Incineroar, L50, F|100/100
|-ability|p2b: Incineroar|Intimidate|boost
|-unboost|p1a: Goatflora|atk|1
|-unboost|p1b: Anger|atk|1
|-enditem|p1b: Anger|Eject Pack
|
|t:|1757812696
|switch|p1b: Goatllade|Gallade, L50, M, shiny|100/100
|move|p2a: Dondozo|Wave Crash|p1a: Goatflora
|-resisted|p1a: Goatflora
|-damage|p1a: Goatflora|69/100
|-damage|p2a: Dondozo|57/100|[from] Recoil
|
|-weather|SunnyDay|[upkeep]
|-damage|p1a: Goatflora|57/100|[from] ability: Solar Power|[of] p1a: Goatflora
|-heal|p2a: Dondozo|63/100|[from] item: Leftovers
|upkeep
|turn|4
|inactive|i still have it has 30 seconds left.
|
|t:|1757812725
|switch|p2b: Rillaboom|Rillaboom, L50, M|100/100
|-fieldstart|move: Grassy Terrain|[from] ability: Grassy Surge|[of] p2b: Rillaboom
|move|p2a: Dondozo|Protect|p2a: Dondozo
|-singleturn|p2a: Dondozo|Protect
|move|p1a: Goatflora|Earth Power|p2b: Rillaboom
|-resisted|p2b: Rillaboom
|-damage|p2b: Rillaboom|79/100
|-damage|p1a: Goatflora|47/100|[from] item: Life Orb
|move|p1b: Goatllade|Sacred Sword|p2a: Dondozo
|-activate|p2a: Dondozo|move: Protect
|
|-weather|SunnyDay|[upkeep]
|-damage|p1a: Goatflora|35/100|[from] ability: Solar Power|[of] p1a: Goatflora
|-heal|p1a: Goatflora|41/100|[from] Grassy Terrain
|-heal|p2a: Dondozo|69/100|[from] Grassy Terrain
|-heal|p2a: Dondozo|75/100|[from] item: Leftovers
|-heal|p2b: Rillaboom|85/100|[from] Grassy Terrain
|upkeep
|turn|5
|inactive|i still have it has 30 seconds left.
|
|t:|1757812758
|switch|p1b: Amiable|Indeedee-F, L50, F|100/100 slp
|-fieldstart|move: Psychic Terrain|[from] ability: Psychic Surge|[of] p1b: Amiable
|-terastallize|p2a: Dondozo|Poison
|move|p1a: Goatflora|Weather Ball|p2b: Rillaboom
|-supereffective|p2b: Rillaboom
|-damage|p2b: Rillaboom|0 fnt
|faint|p2b: Rillaboom
|-damage|p1a: Goatflora|31/100|[from] item: Life Orb
|move|p2a: Dondozo|Wave Crash|p1b: Amiable
|-crit|p1b: Amiable
|-damage|p1b: Amiable|45/100 slp
|-damage|p2a: Dondozo|63/100|[from] Recoil
|-enditem|p1b: Amiable|Eject Button
|
|t:|1757812773
|switch|p1b: Goatllade|Gallade, L50, M, shiny|100/100
|
|-weather|SunnyDay|[upkeep]
|-damage|p1a: Goatflora|19/100|[from] ability: Solar Power|[of] p1a: Goatflora
|-heal|p2a: Dondozo|69/100|[from] item: Leftovers
|-fieldend|move: Trick Room
|upkeep
|
|t:|1757812795
|switch|p2b: Incineroar|Incineroar, L50, F|100/100
|-ability|p2b: Incineroar|Intimidate|boost
|-unboost|p1a: Goatflora|atk|1
|-unboost|p1b: Goatllade|atk|1
|turn|6
|
|t:|1757812819
|move|p1a: Goatflora|Protect|p1a: Goatflora
|-singleturn|p1a: Goatflora|Protect
|move|p2b: Incineroar|Flare Blitz|p1b: Goatllade
|-damage|p1b: Goatllade|0 fnt
|faint|p1b: Goatllade
|-damage|p2b: Incineroar|74/100|[from] Recoil
|move|p2a: Dondozo|Wave Crash|p1a: Goatflora
|-activate|p1a: Goatflora|move: Protect
|
|-weather|SunnyDay|[upkeep]
|-damage|p1a: Goatflora|7/100|[from] ability: Solar Power|[of] p1a: Goatflora
|-heal|p2a: Dondozo|75/100|[from] item: Leftovers
|upkeep
|
|t:|1757812831
|switch|p1b: Amiable|Indeedee-F, L50, F|45/100 slp
|turn|7
|
|t:|1757812843
|move|p2a: Dondozo|Protect|p2a: Dondozo
|-singleturn|p2a: Dondozo|Protect
|move|p2b: Incineroar|Knock Off|p1b: Amiable
|-supereffective|p1b: Amiable
|-damage|p1b: Amiable|0 fnt
|faint|p1b: Amiable
|move|p1a: Goatflora|Earth Power|p2b: Incineroar
|-supereffective|p2b: Incineroar
|-damage|p2b: Incineroar|0 fnt
|faint|p2b: Incineroar
|-damage|p1a: Goatflora|0 fnt|[from] item: Life Orb
|faint|p1a: Goatflora
|
|-weather|none
|-heal|p2a: Dondozo|81/100|[from] item: Leftovers
|upkeep
|
|t:|1757812856
|switch|p2b: Sneasler|Sneasler, L50, F|100/100
|switch|p1b: Anger|Torkoal, L50, M|100/100
|-weather|SunnyDay|[from] ability: Drought|[of] p1b: Anger
|turn|8
|
|t:|1757812872
|move|p2b: Sneasler|Protect|p2b: Sneasler
|-singleturn|p2b: Sneasler|Protect
|move|p2a: Dondozo|Protect||[still]
|-fail|p2a: Dondozo
|move|p1b: Anger|Eruption|p2b: Sneasler|[spread] p2a
|-activate|p2b: Sneasler|move: Protect
|-damage|p2a: Dondozo|35/100
|
|-weather|SunnyDay|[upkeep]
|-heal|p2a: Dondozo|42/100|[from] item: Leftovers
|upkeep
|turn|9
|inactive|FastForwardMyGame has 30 seconds left.
|
|t:|1757812900
|move|p2b: Sneasler|Dire Claw|p1b: Anger
|-damage|p1b: Anger|70/100
|-status|p1b: Anger|par
|move|p2a: Dondozo|Wave Crash|p1b: Anger
|-supereffective|p1b: Anger
|-damage|p1b: Anger|4/100 par
|-damage|p2a: Dondozo|27/100|[from] Recoil
|move|p1b: Anger|Eruption|p2b: Sneasler|[spread] p2a,p2b
|-damage|p2a: Dondozo|25/100
|-damage|p2b: Sneasler|96/100
|
|-weather|SunnyDay|[upkeep]
|-heal|p2a: Dondozo|31/100|[from] item: Leftovers
|-fieldend|move: Psychic Terrain
|upkeep
|turn|10
|
|t:|1757812912
|cant|p1b: Anger|par
|move|p2b: Sneasler|Dire Claw|p1b: Anger
|-damage|p1b: Anger|0 fnt
|faint|p1b: Anger
|
|win|i still have it
||FastForwardMyGame is ready for game 2.
||i still have it is ready for game 2.
|uhtml|next|Next: Game 2 of 3
|l|☆i still have it
|player|p2|
