|j|☆Lirtox
|j|☆4y9q9hf4q0
|html|Lirtox4y9q9hf4q0    
|uhtml|bestof|Game 2 of a best-of-3
|t:|1782349009
|gametype|doubles
|player|p1|Lirtox|lucas|1000
|player|p2|4y9q9hf4q0|1|1070
|gen|9
|tier|[Gen 9 Champions] VGC 2026 Reg M-B (Bo3)
|rated|
|rule|Species Clause: Limit one of each Pokémon
|rule|Item Clause: Limit 1 of each item
|clearpoke
|poke|p1|Falinks, L50|
|poke|p1|Sinistcha, L50|
|poke|p1|Maushold, L50|
|poke|p1|Raichu, L50, M|
|poke|p1|Meowstic, L50, M|
|poke|p1|Basculegion, L50, M|
|poke|p2|Blastoise, L50, M|
|poke|p2|Torterra, L50, M|
|poke|p2|Farigiraf, L50, F|
|poke|p2|Eelektross, L50, M|
|poke|p2|Pelipper, L50, M|
|poke|p2|Overqwil, L50, M|
|teampreview|4
|showteam|p1|Falinks||Falinksite|Defiant|NoRetreat,RockSlide,CloseCombat,KnockOff|Jolly|||||50|]Sinistcha||OccaBerry|Hospitality|RagePowder,LifeDew,MatchaGotcha,Scald|Bold|||||50|]Maushold||SitrusBerry|FriendGuard|FollowMe,HelpingHand,PopulationBomb,Protect|Jolly|||||50|]Raichu||RaichuniteY|LightningRod|ZapCannon,FocusBlast,VoltSwitch,Protect|Timid||M|||50|]Meowstic||LightClay|Prankster|PsychicTerrain,LightScreen,ExpandingForce,Reflect|Calm||M|||50|]Basculegion||ChoiceScarf|Adaptability|LastRespects,WaveCrash,Liquidation,FlipTurn|Jolly||M|||50|
|showteam|p2|Blastoise||Blastoisinite|RainDish|FakeOut,DarkPulse,IceBeam,WaterSpout|Modest||M|||50|]Torterra||WhiteHerb|Overgrow|HeadlongRush,ShellSmash,WoodHammer,Protect|Jolly||M|||50|]Farigiraf||SitrusBerry|ArmorTail|TrickRoom,TwinBeam,Thunderbolt,ShadowBall|Modest||F|||50|]Eelektross||Eelektrossite|Levitate|Discharge,Thunder,Protect,GigaDrain|Modest||M|||50|]Pelipper||ChoiceScarf|Drizzle|Hurricane,WeatherBall,Tailwind,Soak|Timid||M|||50|]Overqwil||FocusSash|SwiftSwim|PoisonJab,ThroatChop,Protect,AquaJet|Serious||M|||50|
|
|t:|1782349060
|teamsize|p1|4
|teamsize|p2|4
|start
|switch|p1a: Falinks|Falinks, L50|100/100
|switch|p1b: Maushold|Maushold, L50|100/100
|switch|p2a: Farigiraf|Farigiraf, L50, F|100/100
|switch|p2b: Blastoise|Blastoise, L50, M|100/100
|turn|1
|
|t:|1782349104
|detailschange|p1a: Falinks|Falinks-Mega, L50
|-mega|p1a: Falinks|Falinks|Falinksite
|detailschange|p2b: Blastoise|Blastoise-Mega, L50, M
|-mega|p2b: Blastoise|Blastoise|Blastoisinite
|move|p2b: Blastoise|Fake Out|p1b: Maushold
|-damage|p1b: Maushold|88/100
|cant|p1b: Maushold|flinch
|move|p1a: Falinks|No Retreat|p1a: Falinks
|-boost|p1a: Falinks|atk|1
|-boost|p1a: Falinks|def|1
|-boost|p1a: Falinks|spa|1
|-boost|p1a: Falinks|spd|1
|-boost|p1a: Falinks|spe|1
|-start|p1a: Falinks|move: No Retreat
|move|p2a: Farigiraf|Twin Beam|p1a: Falinks
|-supereffective|p1a: Falinks|1
|-damage|p1a: Falinks|71/100
|-supereffective|p1a: Falinks|1
|-damage|p1a: Falinks|40/100
|-hitcount|p1a: Falinks|2
|
|upkeep
|turn|2
|
|t:|1782349145
|switch|p2b: Torterra|Torterra, L50, M|100/100
|move|p1b: Maushold|Helping Hand|p1a: Falinks
|-singleturn|p1a: Falinks|Helping Hand|[of] p1b: Maushold
|move|p1a: Falinks|Close Combat|p2b: Torterra
|-damage|p2b: Torterra|0 fnt
|-unboost|p1a: Falinks|def|1
|-unboost|p1a: Falinks|spd|1
|faint|p2b: Torterra
|move|p2a: Farigiraf|Trick Room|p2a: Farigiraf
|-fieldstart|move: Trick Room|[of] p2a: Farigiraf
|
|upkeep
|
|t:|1782349157
|switch|p2b: Blastoise|Blastoise-Mega, L50, M|100/100
|turn|3
|
|t:|1782349166
|move|p2a: Farigiraf|Twin Beam|p1b: Maushold
|-damage|p1b: Maushold|66/100
|-damage|p1b: Maushold|43/100
|-enditem|p1b: Maushold|Sitrus Berry|[eat]
|-heal|p1b: Maushold|68/100|[from] item: Sitrus Berry
|-hitcount|p1b: Maushold|2
|move|p2b: Blastoise|Water Spout|p1b: Maushold|[spread] p1a,p1b
|-damage|p1a: Falinks|0 fnt
|-damage|p1b: Maushold|0 fnt
|faint|p1a: Falinks
|faint|p1b: Maushold
|
|upkeep
|
|t:|1782349178
|switch|p1a: Sinistcha|Sinistcha, L50|100/100
|switch|p1b: Basculegion|Basculegion, L50, M|100/100
|turn|4
|
|t:|1782349224
|move|p2a: Farigiraf|Thunderbolt|p1b: Basculegion
|-supereffective|p1b: Basculegion|1
|-damage|p1b: Basculegion|40/100
|move|p1a: Sinistcha|Matcha Gotcha|p2b: Blastoise|[spread] p2a,p2b
|-supereffective|p2b: Blastoise|1
|-damage|p2a: Farigiraf|78/100
|-damage|p2b: Blastoise|51/100
|-status|p2a: Farigiraf|brn
|move|p2b: Blastoise|Dark Pulse|p1b: Basculegion
|-supereffective|p1b: Basculegion|1
|-damage|p1b: Basculegion|0 fnt
|faint|p1b: Basculegion
|
|-damage|p2a: Farigiraf|72/100 brn|[from] brn
|upkeep
|turn|5
|
|t:|1782349241
|move|p2a: Farigiraf|Shadow Ball|p1a: Sinistcha
|-supereffective|p1a: Sinistcha|1
|-damage|p1a: Sinistcha|49/100
|move|p1a: Sinistcha|Matcha Gotcha|p2a: Farigiraf|[spread] p2a,p2b
|-supereffective|p2b: Blastoise|1
|-damage|p2a: Farigiraf|50/100y brn
|-heal|p1a: Sinistcha|62/100|[from] drain|[of] p2a: Farigiraf
|-damage|p2b: Blastoise|5/100
|-heal|p1a: Sinistcha|85/100|[from] drain|[of] p2b: Blastoise
|-status|p2b: Blastoise|brn
|-enditem|p2a: Farigiraf|Sitrus Berry|[eat]
|-heal|p2a: Farigiraf|75/100 brn|[from] item: Sitrus Berry
|move|p2b: Blastoise|Dark Pulse|p1a: Sinistcha
|-supereffective|p1a: Sinistcha|1
|-damage|p1a: Sinistcha|0 fnt
|faint|p1a: Sinistcha
|
|win|4y9q9hf4q0
|raw|Lirtox's rating: 1000 → 1000(+0 for losing)
|raw|4y9q9hf4q0's rating: 1070 → 1094(+24 for winning)
