|j|☆glueck
|j|☆WarlogFV
|html|glueckWarlogFV    
|uhtml|bestof|Game 1 of a best-of-3
|t:|1756382218
|gametype|doubles
|player|p1|glueck|marley|1000
|player|p2|WarlogFV|erika|1045
|gen|9
|tier|[Gen 9] VGC 2025 Reg H (Bo3)
|rated|
|rule|Species Clause: Limit one of each Pokémon
|rule|Item Clause: Limit 1 of each item
|clearpoke
|poke|p1|Charizard, L50, F|
|poke|p1|Torkoal, L50, F|
|poke|p1|Porygon2, L50|
|poke|p1|Incineroar, L50, M|
|poke|p1|Jumpluff, L50, M|
|poke|p1|Ursaluna, L50, F|
|poke|p2|Charizard, L50, F|
|poke|p2|Torkoal, L50, F|
|poke|p2|Porygon2, L50|
|poke|p2|Incineroar, L50, F|
|poke|p2|Jumpluff, L50, F|
|poke|p2|Ursaluna, L50, M|
|teampreview|4
|showteam|p1|Charizard||ChoiceSpecs|SolarPower|HeatWave,Overheat,WeatherBall,AirSlash|||F|||50|,,,,,Ghost]Torkoal||EjectPack|Drought|Eruption,Overheat,HelpingHand,Protect|||F|||50|,,,,,Fire]Porygon2||Eviolite|Download|TeraBlast,IceBeam,Recover,TrickRoom||||||50|,,,,,Fighting]Incineroar||SitrusBerry|Intimidate|FlareBlitz,KnockOff,FakeOut,PartingShot|||M|||50|,,,,,Ghost]Jumpluff||CovertCloak|Chlorophyll|SleepPowder,SunnyDay,RagePowder,Tailwind|||M|||50|,,,,,Water]Ursaluna||FlameOrb|Guts|HeadlongRush,Facade,Earthquake,Protect|||F|||50|,,,,,Ghost
|showteam|p2|Charizard||ChoiceSpecs|SolarPower|HeatWave,Overheat,WeatherBall,AirSlash|||F|||50|,,,,,Ghost]Torkoal||EjectPack|Drought|Eruption,Overheat,HelpingHand,Protect|||F|||50|,,,,,Fire]Porygon2||Eviolite|Download|TeraBlast,IceBeam,Recover,TrickRoom||||||50|,,,,,Fighting]Incineroar||SitrusBerry|Intimidate|FlareBlitz,KnockOff,FakeOut,PartingShot|||F|||50|,,,,,Ghost]Jumpluff||CovertCloak|Chlorophyll|SleepPowder,SunnyDay,RagePowder,Tailwind|||F|||50|,,,,,Water]Ursaluna||FlameOrb|Guts|HeadlongRush,Facade,Earthquake,Protect|||M|||50|,,,,,Ghost
|inactive|Battle timer is ON: inactive players will automatically lose when time's up. (requested by glueck)
|
|t:|1756382251
|teamsize|p1|4
|teamsize|p2|4
|start
|switch|p1a: Jumpluff|Jumpluff, L50, M|100/100
|switch|p1b: Porygon2|Porygon2, L50|100/100
|switch|p2a: Jumpluff|Jumpluff, L50, F|100/100
|switch|p2b: Charizard|Charizard, L50, F|100/100
|-ability|p1b: Porygon2|Download|boost
|-boost|p1b: Porygon2|atk|1
|turn|1
|
|t:|1756382272
|switch|p2b: Torkoal|Torkoal, L50, F|100/100
|-weather|SunnyDay|[from] ability: Drought|[of] p2b: Torkoal
|move|p1a: Jumpluff|Sleep Powder|p2b: Torkoal
|-status|p2b: Torkoal|slp|[from] move: Sleep Powder
|move|p2a: Jumpluff|Sleep Powder|p1b: Porygon2
|-status|p1b: Porygon2|slp|[from] move: Sleep Powder
|cant|p1b: Porygon2|slp
|
|-weather|SunnyDay|[upkeep]
|upkeep
|turn|2
|
|t:|1756382297
|switch|p1a: Ursaluna|Ursaluna, L50, F|100/100
|move|p2a: Jumpluff|Tailwind|p2a: Jumpluff
|-sidestart|p2: WarlogFV|move: Tailwind
|cant|p2b: Torkoal|slp
|cant|p1b: Porygon2|slp
|
|-weather|SunnyDay|[upkeep]
|-status|p1a: Ursaluna|brn|[from] item: Flame Orb
|upkeep
|turn|3
|inactive|glueck has 30 seconds left.
|inactive|WarlogFV has 30 seconds left.
|inactive|glueck has 20 seconds left.
|inactive|glueck has 15 seconds left.
|inactive|glueck has 10 seconds left.
|
|t:|1756382343
|move|p2a: Jumpluff|Rage Powder|p2a: Jumpluff
|-singleturn|p2a: Jumpluff|move: Rage Powder
|move|p1a: Ursaluna|Facade|p2a: Jumpluff
|-damage|p2a: Jumpluff|0 fnt
|faint|p2a: Jumpluff
|cant|p2b: Torkoal|slp
|cant|p1b: Porygon2|slp
|
|-weather|SunnyDay|[upkeep]
|-damage|p1a: Ursaluna|95/100 brn|[from] brn
|upkeep
|
|t:|1756382352
|switch|p2a: Charizard|Charizard, L50, F|100/100
|turn|4
|inactive|glueck has 30 seconds left.
|inactive|glueck has 20 seconds left.
|
|t:|1756382390
|move|p2a: Charizard|Weather Ball|p1a: Ursaluna
|-damage|p1a: Ursaluna|0 fnt
|faint|p1a: Ursaluna
|cant|p2b: Torkoal|slp
|-curestatus|p1b: Porygon2|slp|[msg]
|move|p1b: Porygon2|Trick Room|p1b: Porygon2
|-fieldstart|move: Trick Room|[of] p1b: Porygon2
|
|-weather|SunnyDay|[upkeep]
|-damage|p2a: Charizard|88/100|[from] ability: Solar Power|[of] p2a: Charizard
|upkeep
|
|t:|1756382407
|switch|p1a: Torkoal|Torkoal, L50, F|100/100
|turn|5
|
|t:|1756382417
|switch|p2a: Incineroar|Incineroar, L50, F|100/100
|-ability|p2a: Incineroar|Intimidate|boost
|-unboost|p1a: Torkoal|atk|1
|-unboost|p1b: Porygon2|atk|1
|-enditem|p1a: Torkoal|Eject Pack
|
|t:|1756382422
|switch|p1a: Jumpluff|Jumpluff, L50, M|100/100
|-curestatus|p2b: Torkoal|slp|[msg]
|move|p2b: Torkoal|Overheat|p1b: Porygon2
|-damage|p1b: Porygon2|44/100
|-unboost|p2b: Torkoal|spa|2
|-enditem|p2b: Torkoal|Eject Pack
|
|t:|1756382429
|switch|p2b: Charizard|Charizard, L50, F|88/100
|move|p1b: Porygon2|Ice Beam|p2a: Incineroar
|-resisted|p2a: Incineroar
|-damage|p2a: Incineroar|87/100
|
|-weather|none
|-sideend|p2: WarlogFV|move: Tailwind
|upkeep
|turn|6
|inactive|glueck has 30 seconds left.
|
|t:|1756382455
|switch|p2a: Torkoal|Torkoal, L50, F|100/100
|-weather|SunnyDay|[from] ability: Drought|[of] p2a: Torkoal
|-terastallize|p1b: Porygon2|Fighting
|-terastallize|p2b: Charizard|Ghost
|move|p1a: Jumpluff|Rage Powder|p1a: Jumpluff
|-singleturn|p1a: Jumpluff|move: Rage Powder
|move|p1b: Porygon2|Tera Blast|p2a: Torkoal|[anim] Tera Blast Fighting
|-damage|p2a: Torkoal|48/100
|move|p2b: Charizard|Heat Wave|p1a: Jumpluff|[spread] p1a,p1b
|-supereffective|p1a: Jumpluff
|-damage|p1a: Jumpluff|0 fnt
|-damage|p1b: Porygon2|0 fnt
|faint|p1a: Jumpluff
|faint|p1b: Porygon2
|
|-weather|SunnyDay|[upkeep]
|-damage|p2b: Charizard|76/100|[from] ability: Solar Power|[of] p2b: Charizard
|upkeep
|
|t:|1756382459
|switch|p1b: Torkoal|Torkoal, L50, F|100/100
|turn|7
|j| Aska IV
|
|t:|1756382474
|switch|p2b: Incineroar|Incineroar, L50, F|87/100
|-ability|p2b: Incineroar|Intimidate|boost
|-unboost|p1b: Torkoal|atk|1
|move|p2a: Torkoal|Overheat|p1b: Torkoal
|-resisted|p1b: Torkoal
|-damage|p1b: Torkoal|42/100
|-unboost|p2a: Torkoal|spa|2
|move|p1b: Torkoal|Eruption|p2b: Incineroar|[spread] p2a,p2b
|-resisted|p2a: Torkoal
|-resisted|p2b: Incineroar
|-damage|p2a: Torkoal|30/100
|-damage|p2b: Incineroar|71/100
|
|-weather|SunnyDay|[upkeep]
|upkeep
|turn|8
|
|t:|1756382497
|switch|p2a: Charizard|Charizard, L50, F, tera:Ghost|76/100
|move|p2b: Incineroar|Fake Out|p1b: Torkoal
|-damage|p1b: Torkoal|33/100
|cant|p1b: Torkoal|flinch
|
|-weather|SunnyDay|[upkeep]
|-damage|p2a: Charizard|63/100|[from] ability: Solar Power|[of] p2a: Charizard
|-fieldend|move: Trick Room
|upkeep
|turn|9
|
|t:|1756382508
|move|p2a: Charizard|Weather Ball|p1b: Torkoal
|-resisted|p1b: Torkoal
|-damage|p1b: Torkoal|0 fnt
|faint|p1b: Torkoal
|
|win|WarlogFV
||glueck is ready for game 2.
||WarlogFV is ready for game 2.
|uhtml|next|Next: Game 2 of 3
|l| Aska IV
|l|☆WarlogFV
|player|p2|
