|j|‽NemoAK
|j|☆doingVGCthings
|html|NemoAKdoingVGCthings    
|uhtml|bestof|Game 1 of a best-of-3
|t:|1757041453
|gametype|doubles
|player|p1|NemoAK|170|1090
|player|p2|doingVGCthings|swimmer-gen4dp|1242
|gen|9
|tier|[Gen 9] VGC 2025 Reg H (Bo3)
|rated|
|rule|Species Clause: Limit one of each Pokémon
|rule|Item Clause: Limit 1 of each item
|clearpoke
|poke|p1|Armarouge, L50, M|
|poke|p1|Garchomp, L50, M|
|poke|p1|Indeedee-F, L50, F|
|poke|p1|Murkrow, L50, M|
|poke|p1|Kingdra, L50, M|
|poke|p1|Torkoal, L50, M|
|poke|p2|Volcarona, L50, M|
|poke|p2|Dragonite, L50, F|
|poke|p2|Tyranitar, L50, M|
|poke|p2|Amoonguss, L50, M|
|poke|p2|Incineroar, L50, F|
|poke|p2|Basculegion, L50, M|
|teampreview|4
|showteam|p1|Armarouge||PowerHerb|FlashFire|ExpandingForce,ArmorCannon,MeteorBeam,TrickRoom|||M|||50|,,,,,Bug]Garchomp||LifeOrb|RoughSkin|BreakingSwipe,Protect,StompingTantrum,Earthquake|||M|||50|,,,,,Fairy]Indeedee-F||PsychicSeed|PsychicSurge|Psychic,TrickRoom,HelpingHand,FollowMe|||F|||50|,,,,,Fairy]Murkrow||Eviolite|Prankster|FoulPlay,RainDance,Haze,Tailwind|||M|||50|,,,,,Ghost]Kingdra||MysticWater|SwiftSwim|WeatherBall,DracoMeteor,MuddyWater,Protect|||M|||50|,,,,,Water]Torkoal||CovertCloak|Drought|Eruption,HeatWave,EarthPower,Protect|||M|||50|,,,,,Fire
|showteam|p2|Volcarona||CovertCloak|FlameBody|Protect,HeatWave,GigaDrain,QuiverDance|||M|||50|,,,,,Grass]Dragonite||LoadedDice|InnerFocus|Protect,ScaleShot,ExtremeSpeed,Haze|||F|||50|,,,,,Normal]Tyranitar||AssaultVest|SandStream|RockSlide,KnockOff,LowKick,TeraBlast|||M|||50|,,,,,Flying]Amoonguss||SitrusBerry|Regenerator|Protect,PollenPuff,Spore,RagePowder|||M|||50|,,,,,Fairy]Incineroar||SafetyGoggles|Intimidate|FlareBlitz,KnockOff,PartingShot,FakeOut|||F|||50|,,,,,Ghost]Basculegion||ChoiceScarf|Adaptability|WaveCrash,LastRespects,AquaJet,FlipTurn|||M|||50|,,,,,Grass
|inactive|Battle timer is ON: inactive players will automatically lose when time's up. (requested by doingVGCthings)
|inactive|doingVGCthings has 60 seconds left.
|inactive|doingVGCthings has 30 seconds left.
|inactive|doingVGCthings has 20 seconds left.
|inactive|doingVGCthings has 15 seconds left.
|inactive|doingVGCthings has 10 seconds left.
|inactive|doingVGCthings has 5 seconds left.
|
|t:|1757041539
|teamsize|p1|4
|teamsize|p2|4
|start
|switch|p1a: Indeedee|Indeedee-F, L50, F|100/100
|switch|p1b: Armarouge|Armarouge, L50, M|100/100
|switch|p2a: Amoonguss|Amoonguss, L50, M|100/100
|switch|p2b: Dragonite|Dragonite, L50, F|100/100
|-fieldstart|move: Psychic Terrain|[from] ability: Psychic Surge|[of] p1a: Indeedee
|-enditem|p1a: Indeedee|Psychic Seed
|-boost|p1a: Indeedee|spd|1|[from] item: Psychic Seed
|turn|1
|inactive|NemoAK has 30 seconds left.
|inactive|doingVGCthings has 30 seconds left.
|
|t:|1757041566
|-terastallize|p2a: Amoonguss|Fairy
|move|p1a: Indeedee|Helping Hand|p1b: Armarouge
|-singleturn|p1b: Armarouge|Helping Hand|[of] p1a: Indeedee
|move|p2b: Dragonite|Scale Shot|p1b: Armarouge
|-damage|p1b: Armarouge|86/100
|-damage|p1b: Armarouge|73/100
|-damage|p1b: Armarouge|57/100
|-damage|p1b: Armarouge|44/100
|-damage|p1b: Armarouge|31/100
|-hitcount|p1b: Armarouge|5
|-unboost|p2b: Dragonite|def|1
|-boost|p2b: Dragonite|spe|1
|move|p1b: Armarouge|Meteor Beam||[still]
|-prepare|p1b: Armarouge|Meteor Beam
|-boost|p1b: Armarouge|spa|1
|-enditem|p1b: Armarouge|Power Herb
|-anim|p1b: Armarouge|Meteor Beam|p2b: Dragonite
|-supereffective|p2b: Dragonite
|-damage|p2b: Dragonite|0 fnt
|faint|p2b: Dragonite
|move|p2a: Amoonguss|Spore|p1b: Armarouge
|-status|p1b: Armarouge|slp|[from] move: Spore
|
|upkeep
|
|t:|1757041586
|switch|p2b: Tyranitar|Tyranitar, L50, M|100/100
|-weather|Sandstorm|[from] ability: Sand Stream|[of] p2b: Tyranitar
|turn|2
|
|t:|1757041603
|switch|p1b: Garchomp|Garchomp, L50, M|100/100
|-terastallize|p1a: Indeedee|Fairy
|move|p2b: Tyranitar|Rock Slide|p1b: Garchomp|[spread] p1a,p1b
|-resisted|p1b: Garchomp
|-damage|p1a: Indeedee|70/100
|-damage|p1b: Garchomp|85/100
|cant|p1a: Indeedee|flinch
|move|p2a: Amoonguss|Spore|p1b: Garchomp
|-status|p1b: Garchomp|slp|[from] move: Spore
|
|-weather|Sandstorm|[upkeep]
|-damage|p1a: Indeedee|64/100|[from] Sandstorm
|-damage|p2a: Amoonguss|95/100|[from] Sandstorm
|upkeep
|turn|3
|inactive|NemoAK has 30 seconds left.
|inactive|NemoAK has 20 seconds left.
|
|t:|1757041639
|move|p1a: Indeedee|Follow Me|p1a: Indeedee
|-singleturn|p1a: Indeedee|move: Follow Me
|cant|p1b: Garchomp|slp
|move|p2b: Tyranitar|Knock Off|p1a: Indeedee
|-resisted|p1a: Indeedee
|-damage|p1a: Indeedee|46/100
|move|p2a: Amoonguss|Spore|p1a: Indeedee
|-status|p1a: Indeedee|slp|[from] move: Spore
|
|-weather|Sandstorm|[upkeep]
|-damage|p1a: Indeedee|40/100 slp|[from] Sandstorm
|-damage|p2a: Amoonguss|89/100|[from] Sandstorm
|upkeep
|turn|4
|
|t:|1757041655
|-curestatus|p1b: Garchomp|slp|[msg]
|move|p1b: Garchomp|Stomping Tantrum|p2b: Tyranitar
|-supereffective|p2b: Tyranitar
|-damage|p2b: Tyranitar|0 fnt
|faint|p2b: Tyranitar
|-damage|p1b: Garchomp|75/100|[from] item: Life Orb
|cant|p1a: Indeedee|slp
|move|p2a: Amoonguss|Spore|p1b: Garchomp
|-status|p1b: Garchomp|slp|[from] move: Spore
|
|-weather|Sandstorm|[upkeep]
|-damage|p1a: Indeedee|34/100 slp|[from] Sandstorm
|-damage|p2a: Amoonguss|83/100|[from] Sandstorm
|upkeep
|
|t:|1757041667
|switch|p2b: Volcarona|Volcarona, L50, M|100/100
|turn|5
|
|t:|1757041676
|switch|p1a: Torkoal|Torkoal, L50, M|100/100
|-weather|SunnyDay|[from] ability: Drought|[of] p1a: Torkoal
|cant|p1b: Garchomp|slp
|move|p2b: Volcarona|Quiver Dance|p2b: Volcarona
|-boost|p2b: Volcarona|spa|1
|-boost|p2b: Volcarona|spd|1
|-boost|p2b: Volcarona|spe|1
|move|p2a: Amoonguss|Spore|p1a: Torkoal
|-status|p1a: Torkoal|slp|[from] move: Spore
|
|-weather|SunnyDay|[upkeep]
|-fieldend|move: Psychic Terrain
|upkeep
|turn|6
|
|t:|1757041701
|move|p2b: Volcarona|Heat Wave|p1b: Garchomp|[spread] p1a,p1b
|-resisted|p1a: Torkoal
|-resisted|p1b: Garchomp
|-crit|p1b: Garchomp
|-damage|p1a: Torkoal|51/100 slp
|-damage|p1b: Garchomp|6/100 slp
|cant|p1b: Garchomp|slp
|move|p2a: Amoonguss|Spore|p1b: Garchomp
|-fail|p1b: Garchomp|slp
|cant|p1a: Torkoal|slp
|
|-weather|SunnyDay|[upkeep]
|upkeep
|turn|7
|
|t:|1757041718
|switch|p1b: Armarouge|Armarouge, L50, M|31/100 slp
|move|p2b: Volcarona|Heat Wave|p1b: Armarouge|[spread] p1a
|-start|p1b: Armarouge|ability: Flash Fire
|-resisted|p1a: Torkoal
|-damage|p1a: Torkoal|2/100 slp
|move|p2a: Amoonguss|Pollen Puff|p1a: Torkoal
|-resisted|p1a: Torkoal
|-damage|p1a: Torkoal|0 fnt
|faint|p1a: Torkoal
|
|-weather|SunnyDay|[upkeep]
|upkeep
|
|t:|1757041734
|switch|p1a: Indeedee|Indeedee-F, L50, F, tera:Fairy|34/100 slp
|-fieldstart|move: Psychic Terrain|[from] ability: Psychic Surge|[of] p1a: Indeedee
|turn|8
|
|t:|1757041746
|move|p2b: Volcarona|Heat Wave|p1b: Armarouge|[spread] p1a
|-immune|p1b: Armarouge|[from] ability: Flash Fire
|-damage|p1a: Indeedee|0 fnt
|faint|p1a: Indeedee
|cant|p1b: Armarouge|slp
|move|p2a: Amoonguss|Pollen Puff|p1b: Armarouge
|-damage|p1b: Armarouge|10/100 slp
|
|-weather|SunnyDay|[upkeep]
|upkeep
|
|t:|1757041757
|switch|p1a: Garchomp|Garchomp, L50, M|6/100 slp
|turn|9
|
|t:|1757041766
|move|p2b: Volcarona|Giga Drain|p1b: Armarouge
|-resisted|p1b: Armarouge
|-damage|p1b: Armarouge|0 fnt
|faint|p1b: Armarouge
|-curestatus|p1a: Garchomp|slp|[msg]
|move|p1a: Garchomp|Earthquake|p2b: Volcarona|[spread] p2a,p2b
|-damage|p2a: Amoonguss|42/100
|-damage|p2b: Volcarona|42/100
|-enditem|p2a: Amoonguss|Sitrus Berry|[eat]
|-heal|p2a: Amoonguss|66/100|[from] item: Sitrus Berry
|-damage|p1a: Garchomp|0 fnt|[from] item: Life Orb
|faint|p1a: Garchomp
|
|win|doingVGCthings
|inactive|NemoAK has 30 seconds to confirm battle start!
|inactive|doingVGCthings has 30 seconds to confirm battle start!
||NemoAK is ready for game 2.
||doingVGCthings is ready for game 2.
|uhtml|next|Next: Game 2 of 3
