|j|☆VenuDaAscoInRain
|j|☆Jiyaodengboss
|html|VenuDaAscoInRainJiyaodengboss    
|uhtml|bestof|Game 2 of a best-of-3
|t:|1783064269
|gametype|doubles
|player|p1|VenuDaAscoInRain|li|1141
|player|p2|Jiyaodengboss|lucas|1000
|gen|9
|tier|[Gen 9 Champions] VGC 2026 Reg M-B (Bo3)
|rated|
|rule|Species Clause: Limit one of each Pokémon
|rule|Item Clause: Limit 1 of each item
|clearpoke
|poke|p1|Pelipper, L50, M, shiny|
|poke|p1|Swampert, L50, M|
|poke|p1|Archaludon, L50, M, shiny|
|poke|p1|Grimmsnarl, L50, M, shiny|
|poke|p1|Venusaur, L50, M, shiny|
|poke|p1|Sneasler, L50, M, shiny|
|poke|p2|Grimmsnarl, L50, M|
|poke|p2|Archaludon, L50, M|
|poke|p2|Pelipper, L50, F|
|poke|p2|Sinistcha, L50|
|poke|p2|Swampert, L50, F|
|poke|p2|Metagross, L50|
|teampreview|4
|showteam|p1|Pelipper||FocusSash|Drizzle|WeatherBall,Hurricane,Tailwind,Protect|Modest||M|||50|]Swampert||Swampertite|Torrent|WaveCrash,IcePunch,HighHorsepower,Protect|Adamant||M|||50|]Archaludon||Leftovers|Stamina|ElectroShot,FlashCannon,DragonPulse,Protect|Modest||M|||50|]Grimmsnarl||RoseliBerry|Prankster|SpiritBreak,PartingShot,Reflect,LightScreen|Careful||M|||50|]Venusaur||Venusaurite|Chlorophyll|SludgeBomb,GigaDrain,EarthPower,SleepPowder|Modest||M|||50|]Sneasler||WhiteHerb|Unburden|DireClaw,CloseCombat,FakeOut,RockTomb|Jolly||M|||50|
|showteam|p2|Grimmsnarl||LightClay|Prankster|SpiritBreak,PartingShot,Reflect,LightScreen|Calm||M|||50|]Archaludon||Leftovers|Stamina|ElectroShot,DragonPulse,FlashCannon,Protect|Modest||M|||50|]Pelipper||SitrusBerry|Drizzle|Hurricane,WeatherBall,Tailwind,WideGuard|Modest||F|||50|]Sinistcha||CobaBerry|Hospitality|MatchaGotcha,TrickRoom,RagePowder,Protect|Lax|||||50|]Swampert||Swampertite|Torrent|WaveCrash,Earthquake,IcePunch,Protect|Adamant||F|||50|]Metagross||Metagrossite|ClearBody|IronHead,PsychicFangs,BodyPress,Protect|Jolly|||||50|
|inactive|Battle timer is ON: inactive players will automatically lose when time's up. (requested by VenuDaAscoInRain)
|
|t:|1783064302
|teamsize|p1|4
|teamsize|p2|4
|start
|switch|p1a: Venusaur|Venusaur, L50, M, shiny|100/100
|switch|p1b: Grimmsnarl|Grimmsnarl, L50, M, shiny|100/100
|switch|p2a: Pelipper|Pelipper, L50, F|100/100
|switch|p2b: Swampert|Swampert, L50, F|100/100
|-weather|RainDance|[from] ability: Drizzle|[of] p2a: Pelipper
|turn|1
|
|t:|1783064325
|detailschange|p1a: Venusaur|Venusaur-Mega, L50, M, shiny
|-mega|p1a: Venusaur|Venusaur|Venusaurite
|detailschange|p2b: Swampert|Swampert-Mega, L50, F
|-mega|p2b: Swampert|Swampert|Swampertite
|move|p1b: Grimmsnarl|Reflect|p1b: Grimmsnarl
|-sidestart|p1: VenuDaAscoInRain|Reflect
|move|p2b: Swampert|Wave Crash|p1b: Grimmsnarl
|-damage|p1b: Grimmsnarl|20/100y
|-damage|p2b: Swampert|72/100|[from] Recoil
|move|p1a: Venusaur|Sleep Powder|p2a: Pelipper
|-status|p2a: Pelipper|slp|[from] move: Sleep Powder
|cant|p2a: Pelipper|slp
|
|-weather|RainDance|[upkeep]
|upkeep
|turn|2
|inactive|Jiyaodengboss has 30 seconds left.
|
|t:|1783064351
|move|p1b: Grimmsnarl|Parting Shot|p2b: Swampert
|-unboost|p2b: Swampert|atk|1
|-unboost|p2b: Swampert|spa|1
|
|t:|1783064354
|switch|p1b: Archaludon|Archaludon, L50, M, shiny|100/100|[from] Parting Shot
|move|p2b: Swampert|Ice Punch|p1a: Venusaur
|-supereffective|p1a: Venusaur|1
|-damage|p1a: Venusaur|88/100
|move|p1a: Venusaur|Giga Drain|p2a: Pelipper
|-damage|p2a: Pelipper|56/100 slp
|-heal|p1a: Venusaur|100/100|[from] drain|[of] p2a: Pelipper
|-curestatus|p2a: Pelipper|slp|[msg]
|move|p2a: Pelipper|Hurricane|p1a: Venusaur
|-supereffective|p1a: Venusaur|1
|-damage|p1a: Venusaur|34/100
|
|-weather|RainDance|[upkeep]
|upkeep
|turn|3
|inactive|Jiyaodengboss has 30 seconds left.
|
|t:|1783064386
|switch|p2b: Sinistcha|Sinistcha, L50|100/100
|-heal|p2a: Pelipper|81/100|[from] ability: Hospitality|[of] p2b: Sinistcha
|move|p1b: Archaludon|Electro Shot||[still]
|-prepare|p1b: Archaludon|Electro Shot
|-boost|p1b: Archaludon|spa|1
|-anim|p1b: Archaludon|Electro Shot|p2a: Pelipper
|-supereffective|p2a: Pelipper|2
|-damage|p2a: Pelipper|0 fnt
|faint|p2a: Pelipper
|move|p1a: Venusaur|Giga Drain|p2b: Sinistcha
|-resisted|p2b: Sinistcha|1
|-damage|p2b: Sinistcha|81/100
|-heal|p1a: Venusaur|43/100|[from] drain|[of] p2b: Sinistcha
|
|-weather|RainDance|[upkeep]
|upkeep
|
|t:|1783064402
|switch|p2a: Swampert|Swampert-Mega, L50, F|72/100
|turn|4
|
|t:|1783064412
|move|p2b: Sinistcha|Rage Powder|p2b: Sinistcha
|-singleturn|p2b: Sinistcha|move: Rage Powder
|move|p2a: Swampert|Ice Punch|p1a: Venusaur
|-supereffective|p1a: Venusaur|1
|-damage|p1a: Venusaur|27/100
|-status|p1a: Venusaur|frz
|cant|p1a: Venusaur|frz
|move|p1b: Archaludon|Dragon Pulse|p2b: Sinistcha
|-damage|p2b: Sinistcha|15/100
|
|-weather|RainDance|[upkeep]
|upkeep
|turn|5
|
|t:|1783064431
|move|p1b: Archaludon|Protect|p1b: Archaludon
|-singleturn|p1b: Archaludon|Protect
|move|p2b: Sinistcha|Protect|p2b: Sinistcha
|-singleturn|p2b: Sinistcha|Protect
|move|p2a: Swampert|Earthquake|p1a: Venusaur|[spread] p1a
|-activate|p2b: Sinistcha|move: Protect
|-activate|p1b: Archaludon|move: Protect
|-crit|p1a: Venusaur
|-damage|p1a: Venusaur|0 fnt
|faint|p1a: Venusaur
|
|-weather|none
|-sideend|p1: VenuDaAscoInRain|Reflect
|upkeep
|
|t:|1783064439
|switch|p1a: Grimmsnarl|Grimmsnarl, L50, M, shiny|20/100y
|turn|6
|
|t:|1783064450
|move|p2b: Sinistcha|Rage Powder|p2b: Sinistcha
|-singleturn|p2b: Sinistcha|move: Rage Powder
|move|p1a: Grimmsnarl|Reflect|p1a: Grimmsnarl
|-sidestart|p1: VenuDaAscoInRain|Reflect
|move|p2a: Swampert|Earthquake|p1a: Grimmsnarl|[spread] p2b,p1a,p1b
|-resisted|p2b: Sinistcha|1
|-supereffective|p1b: Archaludon|1
|-damage|p2b: Sinistcha|0 fnt
|-damage|p1a: Grimmsnarl|0 fnt
|-damage|p1b: Archaludon|51/100
|-ability|p1b: Archaludon|Stamina|boost
|-boost|p1b: Archaludon|def|1
|faint|p2b: Sinistcha
|faint|p1a: Grimmsnarl
|move|p1b: Archaludon|Dragon Pulse|p2a: Swampert
|-damage|p2a: Swampert|16/100
|
|-heal|p1b: Archaludon|57/100|[from] item: Leftovers
|upkeep
|
|t:|1783064465
|switch|p2b: Archaludon|Archaludon, L50, M|100/100
|switch|p1a: Pelipper|Pelipper, L50, M, shiny|100/100
|-weather|RainDance|[from] ability: Drizzle|[of] p1a: Pelipper
|turn|7
|
|t:|1783064475
|move|p1b: Archaludon|Protect|p1b: Archaludon
|-singleturn|p1b: Archaludon|Protect
|move|p2a: Swampert|Ice Punch|p1a: Pelipper
|-damage|p1a: Pelipper|71/100
|move|p1a: Pelipper|Weather Ball|p2a: Swampert
|-damage|p2a: Swampert|0 fnt
|faint|p2a: Swampert
|move|p2b: Archaludon|Electro Shot||[still]
|-prepare|p2b: Archaludon|Electro Shot
|-boost|p2b: Archaludon|spa|1
|-anim|p2b: Archaludon|Electro Shot|p1a: Pelipper
|-supereffective|p1a: Pelipper|2
|-damage|p1a: Pelipper|0 fnt
|faint|p1a: Pelipper
|
|-weather|RainDance|[upkeep]
|-heal|p1b: Archaludon|64/100|[from] item: Leftovers
|upkeep
|turn|8
|
|t:|1783064494
|move|p1b: Archaludon|Dragon Pulse|p2b: Archaludon
|-damage|p2b: Archaludon|47/100
|-ability|p2b: Archaludon|Stamina|boost
|-boost|p2b: Archaludon|def|1
|move|p2b: Archaludon|Electro Shot||[still]
|-prepare|p2b: Archaludon|Electro Shot
|-boost|p2b: Archaludon|spa|1
|-anim|p2b: Archaludon|Electro Shot|p1b: Archaludon
|-resisted|p1b: Archaludon|1
|-damage|p1b: Archaludon|27/100
|-ability|p1b: Archaludon|Stamina|boost
|-boost|p1b: Archaludon|def|1
|
|-weather|RainDance|[upkeep]
|-heal|p1b: Archaludon|33/100|[from] item: Leftovers
|-heal|p2b: Archaludon|53/100|[from] item: Leftovers
|upkeep
|turn|9
|
|t:|1783064510
|move|p1b: Archaludon|Dragon Pulse|p2b: Archaludon
|-damage|p2b: Archaludon|0 fnt
|faint|p2b: Archaludon
|
|win|VenuDaAscoInRain
|raw|VenuDaAscoInRain's rating: 1141 → 1156(+15 for winning)
|raw|Jiyaodengboss's rating: 1000 → 1000(+0 for losing)
