|j|☆lolgz
|j|☆altdotcom
|html|lolgzaltdotcom    
|uhtml|bestof|Game 1 of a best-of-3
|t:|1782453894
|gametype|doubles
|player|p1|lolgz|dawn|1265
|player|p2|altdotcom|waitress|1390
|gen|9
|tier|[Gen 9 Champions] VGC 2026 Reg M-B (Bo3)
|rated|
|rule|Species Clause: Limit one of each Pokémon
|rule|Item Clause: Limit 1 of each item
|clearpoke
|poke|p1|Mawile, L50, M|
|poke|p1|Sneasler, L50, M|
|poke|p1|Farigiraf, L50, F|
|poke|p1|Ampharos, L50, F|
|poke|p1|Vileplume, L50, M|
|poke|p1|Torkoal, L50, M|
|poke|p2|Pyroar, L50, F, shiny|
|poke|p2|Whimsicott, L50, M|
|poke|p2|Zoroark-Hisui, L50, F, shiny|
|poke|p2|Sylveon, L50, F|
|poke|p2|Kingambit, L50, M|
|poke|p2|Raichu, L50, M|
|teampreview|4
|showteam|p1|Mawile||Mawilite|HyperCutter|PlayRough,SuckerPunch,SwordsDance,Protect|Serious||M|||50|]Sneasler||IronBall|PoisonTouch|FakeOut,DireClaw,CloseCombat,RockTomb|Brave||M|||50|]Farigiraf||SitrusBerry|ArmorTail|TrickRoom,Thunderbolt,Psychic,HelpingHand|Relaxed||F|||50|]Ampharos||Ampharosite|Static|Thunderbolt,DragonPulse,Protect,FocusBlast|Brave||F|||50|]Vileplume||FocusSash|Chlorophyll|SleepPowder,SludgeBomb,EnergyBall,AfterYou|Timid||M|||50|]Torkoal||Charcoal|Drought|Eruption,WeatherBall,EarthPower,Protect|Quiet||M|||50|
|showteam|p2|Pyroar||Pyroarite|Rivalry|HeatWave,Overheat,SolarBeam,Protect|Modest||F|||50|]Whimsicott||FocusSash|Prankster|Tailwind,Moonblast,Encore,SunnyDay|Timid||M|||50|]Zoroark-Hisui||LifeOrb|Illusion|HyperVoice,ShadowBall,IcyWind,GrassKnot|Timid||F|||50|]Sylveon||FairyFeather|Pixilate|HyperVoice,HyperBeam,QuickAttack,Detect|Modest||F|||50|]Kingambit||BlackGlasses|Defiant|KowtowCleave,SuckerPunch,SwordsDance,Protect|Adamant||M|||50|]Raichu||RaichuniteY|LightningRod|FakeOut,ZapCannon,FocusBlast,Encore|Timid||M|||50|
|inactive|Battle timer is ON: inactive players will automatically lose when time's up. (requested by lolgz)
|inactive|lolgz has 60 seconds left.
|inactive|altdotcom has 60 seconds left.
|inactive|lolgz has 30 seconds left.
|
|t:|1782453960
|teamsize|p1|4
|teamsize|p2|4
|start
|switch|p1a: Farigiraf|Farigiraf, L50, F|100/100
|switch|p1b: Sneasler|Sneasler, L50, M|100/100
|switch|p2a: Pyroar|Pyroar, L50, F, shiny|100/100
|switch|p2b: Whimsicott|Whimsicott, L50, M|100/100
|turn|1
|inactive|altdotcom has 30 seconds left.
|inactive|altdotcom has 20 seconds left.
|
|t:|1782454000
|switch|p2a: Sylveon|Sylveon, L50, F|100/100
|move|p1b: Sneasler|Fake Out|p2a: Sylveon
|-damage|p2a: Sylveon|80/100
|-status|p2a: Sylveon|psn|[from] ability: Poison Touch|[of] p1b: Sneasler
|move|p2b: Whimsicott|Moonblast|p1a: Farigiraf
|-damage|p1a: Farigiraf|69/100
|move|p1a: Farigiraf|Trick Room|p1a: Farigiraf
|-fieldstart|move: Trick Room|[of] p1a: Farigiraf
|
|-damage|p2a: Sylveon|67/100 psn|[from] psn
|upkeep
|turn|2
|inactive|lolgz has 30 seconds left.
|
|t:|1782454034
|move|p2a: Sylveon|Detect|p2a: Sylveon
|-singleturn|p2a: Sylveon|Protect
|move|p1b: Sneasler|Dire Claw|p2b: Whimsicott
|-supereffective|p2b: Whimsicott|2
|-enditem|p2b: Whimsicott|Focus Sash
|-damage|p2b: Whimsicott|1/100
|-status|p2b: Whimsicott|slp
|move|p1a: Farigiraf|Psychic|p2a: Sylveon
|-activate|p2a: Sylveon|move: Protect
|cant|p2b: Whimsicott|slp
|
|-damage|p2a: Sylveon|55/100 psn|[from] psn
|upkeep
|turn|3
|
|t:|1782454047
|switch|p2a: Kingambit|Kingambit, L50, M|100/100
|move|p1b: Sneasler|Dire Claw|p2a: Kingambit
|-immune|p2a: Kingambit
|move|p1a: Farigiraf|Psychic|p2a: Kingambit
|-immune|p2a: Kingambit
|cant|p2b: Whimsicott|slp
|
|upkeep
|turn|4
|
|t:|1782454059
|switch|p2b: Sylveon|Sylveon, L50, F|55/100 psn
|move|p2a: Kingambit|Protect|p2a: Kingambit
|-singleturn|p2a: Kingambit|Protect
|move|p1b: Sneasler|Close Combat|p2a: Kingambit
|-activate|p2a: Kingambit|move: Protect
|move|p1a: Farigiraf|Psychic|p2b: Sylveon
|-damage|p2b: Sylveon|32/100 psn
|
|-damage|p2b: Sylveon|19/100 psn|[from] psn
|upkeep
|turn|5
|
|t:|1782454068
|switch|p2a: Whimsicott|Whimsicott, L50, M|1/100 slp
|move|p2b: Sylveon|Detect|p2b: Sylveon
|-singleturn|p2b: Sylveon|Protect
|move|p1b: Sneasler|Dire Claw|p2b: Sylveon
|-activate|p2b: Sylveon|move: Protect
|move|p1a: Farigiraf|Psychic|p2a: Whimsicott
|-damage|p2a: Whimsicott|0 fnt
|faint|p2a: Whimsicott
|
|-damage|p2b: Sylveon|7/100 psn|[from] psn
|-fieldend|move: Trick Room
|upkeep
|
|t:|1782454075
|switch|p2a: Pyroar|Pyroar, L50, F, shiny|100/100
|turn|6
|
|t:|1782454087
|switch|p1a: Ampharos|Ampharos, L50, F|100/100
|switch|p1b: Torkoal|Torkoal, L50, M|100/100
|-weather|SunnyDay|[from] ability: Drought|[of] p1b: Torkoal
|detailschange|p2a: Pyroar|Pyroar-Mega, L50, F, shiny
|-mega|p2a: Pyroar|Pyroar|Pyroarite
|move|p2a: Pyroar|Heat Wave|p1a: Ampharos|[spread] p1b
|-miss|p2a: Pyroar|p1a: Ampharos
|-resisted|p1b: Torkoal|1
|-damage|p1b: Torkoal|38/100
|move|p2b: Sylveon|Hyper Voice|p1a: Ampharos|[spread] p1a,p1b
|-resisted|p1b: Torkoal|1
|-damage|p1a: Ampharos|55/100
|-damage|p1b: Torkoal|6/100
|
|-weather|SunnyDay|[upkeep]
|-damage|p2b: Sylveon|0 fnt|[from] psn
|faint|p2b: Sylveon
|upkeep
|
|t:|1782454099
|switch|p2b: Kingambit|Kingambit, L50, M|100/100
|turn|7
|
|t:|1782454122
|detailschange|p1a: Ampharos|Ampharos-Mega, L50, F
|-mega|p1a: Ampharos|Ampharos|Ampharosite
|-ability|p1a: Ampharos|Mold Breaker
|move|p2a: Pyroar|Heat Wave|p1a: Ampharos|[spread] p1a
|-miss|p2a: Pyroar|p1b: Torkoal
|-resisted|p1a: Ampharos|1
|-damage|p1a: Ampharos|14/100
|move|p2b: Kingambit|Kowtow Cleave|p1a: Ampharos
|-damage|p1a: Ampharos|0 fnt
|faint|p1a: Ampharos
|move|p1b: Torkoal|Earth Power|p2b: Kingambit
|-supereffective|p2b: Kingambit|1
|-damage|p2b: Kingambit|50/100g
|
|-weather|SunnyDay|[upkeep]
|upkeep
|
|t:|1782454127
|switch|p1a: Farigiraf|Farigiraf, L50, F|69/100
|turn|8
|-message|lolgz forfeited.
|
|win|altdotcom
