|j|☆Mortipherus
|j|☆furnoz
|html|Mortipherusfurnoz    
|uhtml|bestof|Game 3 of a best-of-3
|t:|1756683145
|gametype|doubles
|player|p1|Mortipherus|biker-gen4|1212
|player|p2|furnoz|wallace|1212
|gen|9
|tier|[Gen 9] VGC 2025 Reg H (Bo3)
|rated|
|rule|Species Clause: Limit one of each Pokémon
|rule|Item Clause: Limit 1 of each item
|clearpoke
|poke|p1|Hydrapple, L50, F|
|poke|p1|Arcanine-Hisui, L50, M|
|poke|p1|Gholdengo, L50|
|poke|p1|Electabuzz, L50, F|
|poke|p1|Indeedee, L50, M|
|poke|p1|Sneasler, L50, F|
|poke|p2|Weezing-Galar, L50, M|
|poke|p2|Dragapult, L50, M|
|poke|p2|Indeedee-F, L50, F|
|poke|p2|Typhlosion-Hisui, L50, M|
|poke|p2|Whimsicott, L50, M|
|poke|p2|Espeon, L50, F|
|teampreview|4
|showteam|p1|Hydrapple||AssaultVest|Regenerator|FickleBeam,EnergyBall,EarthPower,BreakingSwipe|||F|||50|,,,,,Ground]Arcanine-Hisui||ClearAmulet|Intimidate|Protect,ExtremeSpeed,FlareBlitz,RockSlide|||M|||50|,,,,,Grass]Gholdengo||LifeOrb|GoodasGold|Protect,NastyPlot,MakeItRain,ShadowBall||||||50|,,,,,Flying]Electabuzz||Eviolite|VitalSpirit|Protect,FollowMe,Taunt,Electroweb|||F|||50|,,,,,Dragon]Indeedee||FocusSash|PsychicSurge|Protect,TrickRoom,ExpandingForce,TeraBlast|||M|||50|,,,,,Ground]Sneasler||PsychicSeed|Unburden|Protect,ThroatChop,DireClaw,CloseCombat|||F|||50|,,,,,Dark
|showteam|p2|Weezing-Galar||FocusSash|NeutralizingGas|Protect,Taunt,SludgeBomb,WillOWisp|||M|||50|,,,,,Poison]Dragapult||ChoiceBand|ClearBody|DragonDarts,Uturn,PhantomForce,Outrage|||M|||50|,,,,,Dragon]Indeedee-F||PsychicSeed|PsychicSurge|FollowMe,TrickRoom,HelpingHand,DazzlingGleam|||F|||50|,,,,,Psychic]Typhlosion-Hisui||ChoiceScarf|Blaze|Eruption,Flamethrower,ShadowBall,BurningJealousy|||M|||50|,,,,,Fire]Whimsicott||CovertCloak|Prankster|Tailwind,Moonblast,SunnyDay,Encore|||M|||50|,,,,,Steel]Espeon||TwistedSpoon|Synchronize|ExpandingForce,Psychic,Protect,DazzlingGleam|||F|||50|,,,,,Psychic
|j| SvenV2
|inactive|Battle timer is ON: inactive players will automatically lose when time's up. (requested by Mortipherus)
|
|t:|1756683219
|teamsize|p1|4
|teamsize|p2|4
|start
|switch|p1a: Indeedee|Indeedee, L50, M|100/100
|switch|p1b: Arcanine|Arcanine-Hisui, L50, M|100/100
|switch|p2a: Weezing|Weezing-Galar, L50, M|100/100
|switch|p2b: Dragapult|Dragapult, L50, M|100/100
|-ability|p2a: Weezing|Neutralizing Gas
|turn|1
|inactive|furnoz has 30 seconds left.
|inactive|furnoz has 20 seconds left.
|
|t:|1756683255
|move|p2a: Weezing|Protect|p2a: Weezing
|-singleturn|p2a: Weezing|Protect
|move|p2b: Dragapult|Phantom Force||[still]
|-prepare|p2b: Dragapult|Phantom Force
|move|p1a: Indeedee|Expanding Force|p2a: Weezing
|-activate|p2a: Weezing|move: Protect
|move|p1b: Arcanine|Rock Slide|p2a: Weezing|[spread] 
|-miss|p1b: Arcanine|p2b: Dragapult
|-activate|p2a: Weezing|move: Protect
|
|upkeep
|turn|2
|inactive|furnoz has 30 seconds left.
|
|t:|1756683283
|move|p2b: Dragapult|Phantom Force|p1b: Arcanine|[from] lockedmove
|-damage|p1b: Arcanine|33/100
|move|p1a: Indeedee|Expanding Force|p2a: Weezing
|-supereffective|p2a: Weezing
|-damage|p2a: Weezing|33/100
|move|p1b: Arcanine|Rock Slide|p2a: Weezing|[spread] p2a,p2b
|-damage|p2a: Weezing|10/100
|-damage|p2b: Dragapult|64/100
|cant|p2a: Weezing|flinch
|
|upkeep
|turn|3
|inactive|furnoz has 30 seconds left.
|
|t:|1756683313
|move|p1b: Arcanine|Extreme Speed|p2a: Weezing
|-damage|p2a: Weezing|0 fnt
|faint|p2a: Weezing
|-end|p2a: Weezing|ability: Neutralizing Gas
|-fieldstart|move: Psychic Terrain|[from] ability: Psychic Surge|[of] p1a: Indeedee
|-ability|p1b: Arcanine|Intimidate|boost
|-fail|p2b: Dragapult|unboost|[from] ability: Clear Body|[of] p2b: Dragapult
|move|p2b: Dragapult|Phantom Force||[still]
|-prepare|p2b: Dragapult|Phantom Force
|move|p1a: Indeedee|Expanding Force|p2b: Dragapult|[miss]
|-miss|p1a: Indeedee|p2b: Dragapult
|
|upkeep
|
|t:|1756683316
|switch|p2a: Espeon|Espeon, L50, F|100/100
|turn|4
|
|t:|1756683332
|-terastallize|p2a: Espeon|Psychic
|move|p2b: Dragapult|Phantom Force|p1b: Arcanine|[from] lockedmove
|-damage|p1b: Arcanine|0 fnt
|faint|p1b: Arcanine
|move|p2a: Espeon|Expanding Force|p1a: Indeedee
|-resisted|p1a: Indeedee
|-damage|p1a: Indeedee|3/100
|move|p1a: Indeedee|Expanding Force|p2b: Dragapult|[spread] p2a,p2b
|-resisted|p2a: Espeon
|-damage|p2a: Espeon|64/100
|-damage|p2b: Dragapult|0 fnt
|faint|p2b: Dragapult
|
|upkeep
|
|t:|1756683339
|switch|p2b: Typhlosion|Typhlosion-Hisui, L50, M|100/100
|switch|p1b: Sneasler|Sneasler, L50, F|100/100
|-enditem|p1b: Sneasler|Psychic Seed
|-boost|p1b: Sneasler|spd|1|[from] item: Psychic Seed
|turn|5
|
|t:|1756683368
|-terastallize|p1b: Sneasler|Dark
|move|p1a: Indeedee|Protect|p1a: Indeedee
|-singleturn|p1a: Indeedee|Protect
|move|p1b: Sneasler|Throat Chop|p2b: Typhlosion
|-supereffective|p2b: Typhlosion
|-damage|p2b: Typhlosion|0 fnt
|faint|p2b: Typhlosion
|move|p2a: Espeon|Expanding Force|p1a: Indeedee|[spread] 
|-activate|p1a: Indeedee|move: Protect
|-immune|p1b: Sneasler
|
|upkeep
|turn|6
|-message|furnoz forfeited.
|
|win|Mortipherus
|raw|Mortipherus's rating: 1212 → 1237(+25 for winning)
|raw|furnoz's rating: 1212 → 1187(-25 for losing)
|l|☆furnoz
|player|p2|
