|j|☆proteinman11
|j|☆CoolHand124
|html|proteinman11CoolHand124    
|uhtml|bestof|Game 2 of a best-of-3
|t:|1783197870
|gametype|doubles
|player|p1|proteinman11|hiker-gen4|1095
|player|p2|CoolHand124|169|1038
|gen|9
|tier|[Gen 9 Champions] VGC 2026 Reg M-B (Bo3)
|rated|
|rule|Species Clause: Limit one of each Pokémon
|rule|Item Clause: Limit 1 of each item
|clearpoke
|poke|p1|Archaludon, L50, F|
|poke|p1|Maushold-Four, L50|
|poke|p1|Sinistcha-Masterpiece, L50|
|poke|p1|Raichu, L50, F|
|poke|p1|Espathra, L50, F|
|poke|p1|Gengar, L50, F|
|poke|p2|Heliolisk, L50, M|
|poke|p2|Charizard, L50, M|
|poke|p2|Sylveon, L50, F|
|poke|p2|Garchomp, L50, F|
|poke|p2|Farigiraf, L50, F|
|poke|p2|Kangaskhan, L50, F|
|teampreview|4
|showteam|p1|Archaludon||Leftovers|Stamina|ElectroShot,DragonPulse,AuraSphere,Protect|Calm||F|||50|]Maushold-Four||WideLens|FriendGuard|FollowMe,Protect,PopulationBomb,RainDance|Jolly|||||50|]Sinistcha-Masterpiece||SitrusBerry|Hospitality|RagePowder,LifeDew,MatchaGotcha,Protect|Calm|||||50|]Raichu||RaichuniteY|LightningRod|ZapCannon,FocusBlast,FakeOut,Protect|Timid||F|||50|]Espathra||FocusSash|SpeedBoost|Protect,CalmMind,BatonPass,StoredPower|Bold||F|||50|]Gengar||Gengarite|CursedBody|SludgeBomb,ShadowBall,Protect,Hypnosis|Timid||F|||50|
|showteam|p2|Heliolisk||ShellBell|SolarPower|WeatherBall,Thunderbolt,GrassKnot,Protect|Timid||M|||50|]Charizard||CharizarditeY|Blaze|HeatWave,DragonPulse,WeatherBall,Protect|Timid||M|||50|]Sylveon||FairyFeather|Pixilate|HyperBeam,HyperVoice,Protect,Round|Bold||F|||50|]Garchomp||LifeOrb|SandVeil|Earthquake,DragonClaw,RockSlide,Protect|Jolly||F|||50|]Farigiraf||Leftovers|ArmorTail|TrickRoom,CalmMind,ExpandingForce,Protect|Quiet||F|||50|]Kangaskhan||Kangaskhanite|Scrappy|Round,DrainPunch,FakeOut,Protect|Serious||F|||50|
|inactive|Battle timer is ON: inactive players will automatically lose when time's up. (requested by proteinman11)
|inactive|proteinman11 has 60 seconds left.
|
|t:|1783197908
|teamsize|p1|4
|teamsize|p2|4
|start
|switch|p1a: Foid|Espathra, L50, F|100/100
|switch|p1b: No more volts|Raichu, L50, F|100/100
|switch|p2a: Charizard|Charizard, L50, M|100/100
|switch|p2b: Heliolisk|Heliolisk, L50, M|100/100
|turn|1
|inactive|proteinman11 has 30 seconds left.
|inactive|proteinman11 has 20 seconds left.
|
|t:|1783197946
|detailschange|p2a: Charizard|Charizard-Mega-Y, L50, M
|-mega|p2a: Charizard|Charizard|Charizardite Y
|-weather|SunnyDay|[from] ability: Drought|[of] p2a: Charizard
|move|p1b: No more volts|Fake Out|p2a: Charizard
|-damage|p2a: Charizard|89/100
|move|p2b: Heliolisk|Weather Ball|p1b: No more volts
|-damage|p1b: No more volts|0 fnt
|faint|p1b: No more volts
|cant|p2a: Charizard|flinch
|move|p1a: Foid|Calm Mind|p1a: Foid
|-boost|p1a: Foid|spa|1
|-boost|p1a: Foid|spd|1
|
|-weather|SunnyDay|[upkeep]
|-damage|p2b: Heliolisk|87/100|[from] ability: Solar Power|[of] p2b: Heliolisk
|-ability|p1a: Foid|Speed Boost|boost
|-boost|p1a: Foid|spe|1
|upkeep
|
|t:|1783197959
|switch|p1b: The Medic|Sinistcha-Masterpiece, L50|100/100
|turn|2
|inactive|proteinman11 has 30 seconds left.
|inactive|proteinman11 has 20 seconds left.
|
|t:|1783197995
|move|p1a: Foid|Protect|p1a: Foid
|-singleturn|p1a: Foid|Protect
|move|p1b: The Medic|Protect|p1b: The Medic
|-singleturn|p1b: The Medic|Protect
|move|p2b: Heliolisk|Weather Ball|p1a: Foid
|-activate|p1a: Foid|move: Protect
|move|p2a: Charizard|Heat Wave|p1b: The Medic|[spread] 
|-activate|p1a: Foid|move: Protect
|-activate|p1b: The Medic|move: Protect
|
|-weather|SunnyDay|[upkeep]
|-damage|p2b: Heliolisk|75/100|[from] ability: Solar Power|[of] p2b: Heliolisk
|-ability|p1a: Foid|Speed Boost|boost
|-boost|p1a: Foid|spe|1
|upkeep
|turn|3
|inactive|proteinman11 has 30 seconds left.
|inactive|CoolHand124 has 30 seconds left.
|inactive|proteinman11 has 20 seconds left.
|inactive|CoolHand124 has 20 seconds left.
|inactive|CoolHand124 has 15 seconds left.
|inactive|CoolHand124 has 10 seconds left.
|inactive|CoolHand124 has 5 seconds left.
|
|t:|1783198046
|move|p1a: Foid|Baton Pass|p1a: Foid
|
|t:|1783198056
|switch|p1a: Arch yo shi|Archaludon, L50, F|100/100|[from] Baton Pass
|move|p2b: Heliolisk|Weather Ball|p1a: Arch yo shi
|-damage|p1a: Arch yo shi|59/100
|-ability|p1a: Arch yo shi|Stamina|boost
|-boost|p1a: Arch yo shi|def|1
|-heal|p2b: Heliolisk|82/100|[from] item: Shell Bell|[of] p1a: Arch yo shi
|move|p2a: Charizard|Heat Wave|p1a: Arch yo shi|[spread] p1a,p1b
|-supereffective|p1b: The Medic|1
|-damage|p1a: Arch yo shi|21/100
|-damage|p1b: The Medic|0 fnt
|-ability|p1a: Arch yo shi|Stamina|boost
|-boost|p1a: Arch yo shi|def|1
|faint|p1b: The Medic
|
|-weather|SunnyDay|[upkeep]
|-damage|p2b: Heliolisk|70/100|[from] ability: Solar Power|[of] p2b: Heliolisk
|-heal|p1a: Arch yo shi|27/100|[from] item: Leftovers
|upkeep
|inactive|proteinman11 has 30 seconds left.
|
|t:|1783198081
|switch|p1b: Foid|Espathra, L50, F|100/100
|turn|4
|
|t:|1783198087
|move|p1a: Arch yo shi|Protect|p1a: Arch yo shi
|-singleturn|p1a: Arch yo shi|Protect
|move|p2a: Charizard|Protect|p2a: Charizard
|-singleturn|p2a: Charizard|Protect
|move|p2b: Heliolisk|Weather Ball|p1a: Arch yo shi
|-activate|p1a: Arch yo shi|move: Protect
|move|p1b: Foid|Calm Mind|p1b: Foid
|-boost|p1b: Foid|spa|1
|-boost|p1b: Foid|spd|1
|
|-weather|SunnyDay|[upkeep]
|-damage|p2b: Heliolisk|58/100|[from] ability: Solar Power|[of] p2b: Heliolisk
|-heal|p1a: Arch yo shi|33/100|[from] item: Leftovers
|-ability|p1b: Foid|Speed Boost|boost
|-boost|p1b: Foid|spe|1
|upkeep
|turn|5
|inactive|proteinman11 has 30 seconds left.
|inactive|proteinman11 has 20 seconds left.
|inactive|proteinman11 has 15 seconds left.
|inactive|proteinman11 has 10 seconds left.
|inactive|proteinman11 has 5 seconds left.
|
|t:|1783198140
|move|p1a: Arch yo shi|Protect|p1a: Arch yo shi
|-singleturn|p1a: Arch yo shi|Protect
|move|p1b: Foid|Calm Mind|p1b: Foid
|-boost|p1b: Foid|spa|1
|-boost|p1b: Foid|spd|1
|move|p2b: Heliolisk|Weather Ball|p1a: Arch yo shi
|-activate|p1a: Arch yo shi|move: Protect
|move|p2a: Charizard|Heat Wave|p1a: Arch yo shi|[spread] p1b
|-activate|p1a: Arch yo shi|move: Protect
|-damage|p1b: Foid|55/100
|
|-weather|none
|-heal|p1a: Arch yo shi|39/100|[from] item: Leftovers
|-ability|p1b: Foid|Speed Boost|boost
|-boost|p1b: Foid|spe|1
|upkeep
|turn|6
|
|t:|1783198165
|move|p1b: Foid|Stored Power|p2a: Charizard
|-damage|p2a: Charizard|0 fnt
|faint|p2a: Charizard
|move|p1a: Arch yo shi|Dragon Pulse|p2b: Heliolisk
|-damage|p2b: Heliolisk|0 fnt
|faint|p2b: Heliolisk
|
|-heal|p1a: Arch yo shi|45/100|[from] item: Leftovers
|-ability|p1b: Foid|Speed Boost|boost
|-boost|p1b: Foid|spe|1
|upkeep
|
|t:|1783198177
|switch|p2b: Kangaskhan|Kangaskhan, L50, F|100/100
|switch|p2a: Garchomp|Garchomp, L50, F|100/100
|turn|7
|
|t:|1783198193
|move|p1b: Foid|Protect|p1b: Foid
|-singleturn|p1b: Foid|Protect
|move|p1a: Arch yo shi|Protect|p1a: Arch yo shi
|-singleturn|p1a: Arch yo shi|Protect
|move|p2b: Kangaskhan|Fake Out|p1b: Foid
|-activate|p1b: Foid|move: Protect
|move|p2a: Garchomp|Dragon Claw|p1a: Arch yo shi
|-activate|p1a: Arch yo shi|move: Protect
|
|-heal|p1a: Arch yo shi|51/100|[from] item: Leftovers
|-ability|p1b: Foid|Speed Boost|boost
|-boost|p1b: Foid|spe|1
|upkeep
|turn|8
|
|t:|1783198215
|move|p1b: Foid|Stored Power|p2b: Kangaskhan
|-damage|p2b: Kangaskhan|0 fnt
|faint|p2b: Kangaskhan
|move|p1a: Arch yo shi|Dragon Pulse|p2a: Garchomp
|-supereffective|p2a: Garchomp|1
|-damage|p2a: Garchomp|0 fnt
|faint|p2a: Garchomp
|
|win|proteinman11
|raw|proteinman11's rating: 1095 → 1117(+22 for winning)
|raw|CoolHand124's rating: 1038 → 1025(-13 for losing)
|l|☆CoolHand124
|player|p2|
