|j|☆PTP_VGC
|j|☆furretusedpunch
|html|PTP_VGCfurretusedpunch    
|uhtml|bestof|Game 2 of a best-of-3
|t:|1756615446
|gametype|doubles
|player|p1|PTP_VGC|birdkeeper|1328
|player|p2|furretusedpunch|lacey|1262
|gen|9
|tier|[Gen 9] VGC 2025 Reg H (Bo3)
|rated|
|rule|Species Clause: Limit one of each Pokémon
|rule|Item Clause: Limit 1 of each item
|clearpoke
|poke|p1|Arcanine-Hisui, L50, F|
|poke|p1|Weezing, L50, M|
|poke|p1|Porygon2, L50|
|poke|p1|Weavile, L50, M|
|poke|p1|Pawmot, L50, F|
|poke|p1|Toedscruel, L50, M|
|poke|p2|Gholdengo, L50|
|poke|p2|Sneasler, L50, M|
|poke|p2|Rillaboom, L50, F|
|poke|p2|Dragonite, L50, M|
|poke|p2|Ninetales-Alola, L50, F|
|poke|p2|Arcanine-Hisui, L50, F|
|teampreview|4
|showteam|p1|Arcanine-Hisui||AbilityShield|Intimidate|FlareBlitz,RockSlide,ExtremeSpeed,Protect|||F|||50|,,,,,Ghost]Weezing||SitrusBerry|NeutralizingGas|SludgeBomb,WillOWisp,Taunt,Protect|||M|||50|,,,,,Grass]Porygon2||Eviolite|Download|TeraBlast,IceBeam,Recover,TrickRoom||||||50|,,,,,Water]Weavile||WideLens|Pressure|KnockOff,TripleAxel,FakeOut,Protect|||M|||50|,,,,,Stellar]Pawmot||FocusSash|NaturalCure|DoubleShock,CloseCombat,RevivalBlessing,Protect|||F|||50|,,,,,Stellar]Toedscruel||LifeOrb|MyceliumMight|EarthPower,EnergyBall,Spore,RagePowder|||M|||50|,,,,,Water
|showteam|p2|Gholdengo||GrassySeed|GoodasGold|NastyPlot,MakeItRain,ShadowBall,Protect||||||50|,,,,,Water]Sneasler||WhiteHerb|Unburden|CloseCombat,DireClaw,Coaching,Protect|||M|||50|,,,,,Ghost]Rillaboom||AssaultVest|GrassySurge|FakeOut,GrassyGlide,DrumBeating,HighHorsepower|||F|||50|,,,,,Fire]Dragonite||LoadedDice|Multiscale|ScaleShot,StompingTantrum,Tailwind,Protect|||M|||50|,,,,,Ground]Ninetales-Alola||FocusSash|SnowWarning|IcyWind,Moonblast,FreezeDry,AuroraVeil|||F|||50|,,,,,Ghost]Arcanine-Hisui||SafetyGoggles|Intimidate|RockSlide,FlareBlitz,Snarl,Protect|||F|||50|,,,,,Water
|inactive|Battle timer is ON: inactive players will automatically lose when time's up. (requested by PTP_VGC)
|inactive|PTP_VGC has 60 seconds left.
|inactive|furretusedpunch has 60 seconds left.
|inactive|PTP_VGC has 30 seconds left.
|
|t:|1756615515
|teamsize|p1|4
|teamsize|p2|4
|start
|switch|p1a: gbombsz|Toedscruel, L50, M|100/100
|switch|p1b: Adr. & Adr.|Weezing, L50, M|100/100
|switch|p2a: Sneasler|Sneasler, L50, M|100/100
|switch|p2b: Ninetales|Ninetales-Alola, L50, F|100/100
|-ability|p1b: Adr. & Adr.|Neutralizing Gas
|turn|1
|inactive|furretusedpunch has 30 seconds left.
|
|t:|1756615548
|switch|p2a: Gholdengo|Gholdengo, L50|100/100
|switch|p1a: Vulfmon|Arcanine-Hisui, L50, F|100/100
|-ability|p1a: Vulfmon|Intimidate|boost
|-unboost|p2a: Gholdengo|atk|1
|-unboost|p2b: Ninetales|atk|1
|move|p2b: Ninetales|Freeze-Dry|p1a: Vulfmon
|-resisted|p1a: Vulfmon
|-damage|p1a: Vulfmon|86/100
|move|p1b: Adr. & Adr.|Will-O-Wisp|p2a: Gholdengo
|-status|p2a: Gholdengo|brn
|
|-damage|p2a: Gholdengo|94/100 brn|[from] brn
|upkeep
|turn|2
|inactive|furretusedpunch has 30 seconds left.
|
|t:|1756615578
|-terastallize|p2a: Gholdengo|Water
|move|p2b: Ninetales|Icy Wind|p1b: Adr. & Adr.|[spread] p1a,p1b
|-resisted|p1a: Vulfmon
|-damage|p1a: Vulfmon|79/100
|-damage|p1b: Adr. & Adr.|85/100
|-unboost|p1a: Vulfmon|spe|1
|-unboost|p1b: Adr. & Adr.|spe|1
|move|p2a: Gholdengo|Nasty Plot|p2a: Gholdengo
|-boost|p2a: Gholdengo|spa|2
|move|p1a: Vulfmon|Rock Slide|p2a: Gholdengo|[spread] p2a,p2b
|-supereffective|p2b: Ninetales
|-damage|p2a: Gholdengo|70/100 brn
|-damage|p2b: Ninetales|24/100
|move|p1b: Adr. & Adr.|Sludge Bomb|p2b: Ninetales
|-supereffective|p2b: Ninetales
|-damage|p2b: Ninetales|0 fnt
|faint|p2b: Ninetales
|
|-damage|p2a: Gholdengo|64/100 brn|[from] brn
|upkeep
|
|t:|1756615598
|switch|p2b: Rillaboom|Rillaboom, L50, F|100/100
|turn|3
|
|t:|1756615609
|move|p1b: Adr. & Adr.|Protect|p1b: Adr. & Adr.
|-singleturn|p1b: Adr. & Adr.|Protect
|move|p2b: Rillaboom|High Horsepower|p1a: Vulfmon
|-supereffective|p1a: Vulfmon
|-damage|p1a: Vulfmon|0 fnt
|faint|p1a: Vulfmon
|move|p2a: Gholdengo|Shadow Ball|p1b: Adr. & Adr.
|-activate|p1b: Adr. & Adr.|move: Protect
|
|-damage|p2a: Gholdengo|58/100 brn|[from] brn
|upkeep
|
|t:|1756615618
|switch|p1a: Back Pocket|Pawmot, L50, F|100/100
|turn|4
|
|t:|1756615633
|-terastallize|p1a: Back Pocket|Stellar
|move|p2a: Gholdengo|Protect|p2a: Gholdengo
|-singleturn|p2a: Gholdengo|Protect
|move|p1a: Back Pocket|Double Shock|p2a: Gholdengo
|-activate|p2a: Gholdengo|move: Protect
|move|p2b: Rillaboom|Drum Beating|p1a: Back Pocket
|-damage|p1a: Back Pocket|42/100
|-unboost|p1a: Back Pocket|spe|1
|move|p1b: Adr. & Adr.|Will-O-Wisp|p2b: Rillaboom
|-status|p2b: Rillaboom|brn
|
|-damage|p2b: Rillaboom|95/100 brn|[from] brn
|-damage|p2a: Gholdengo|52/100 brn|[from] brn
|upkeep
|turn|5
|
|t:|1756615655
|switch|p1a: gbombsz|Toedscruel, L50, M|100/100
|move|p1b: Adr. & Adr.|Protect|p1b: Adr. & Adr.
|-singleturn|p1b: Adr. & Adr.|Protect
|move|p2b: Rillaboom|High Horsepower|p1b: Adr. & Adr.
|-activate|p1b: Adr. & Adr.|move: Protect
|move|p2a: Gholdengo|Shadow Ball|p1a: gbombsz
|-damage|p1a: gbombsz|19/100
|-unboost|p1a: gbombsz|spd|1
|
|-damage|p2b: Rillaboom|89/100 brn|[from] brn
|-damage|p2a: Gholdengo|45/100 brn|[from] brn
|upkeep
|turn|6
|
|t:|1756615673
|move|p2a: Gholdengo|Protect|p2a: Gholdengo
|-singleturn|p2a: Gholdengo|Protect
|move|p1a: gbombsz|Energy Ball|p2a: Gholdengo
|-activate|p2a: Gholdengo|move: Protect
|move|p2b: Rillaboom|Drum Beating|p1a: gbombsz
|-damage|p1a: gbombsz|0 fnt
|faint|p1a: gbombsz
|move|p1b: Adr. & Adr.|Sludge Bomb|p2b: Rillaboom
|-supereffective|p2b: Rillaboom
|-damage|p2b: Rillaboom|40/100 brn
|
|-damage|p2b: Rillaboom|34/100 brn|[from] brn
|-damage|p2a: Gholdengo|39/100 brn|[from] brn
|upkeep
|
|t:|1756615675
|switch|p1a: Back Pocket|Pawmot, L50, F, tera:Stellar|42/100
|turn|7
|
|t:|1756615699
|move|p1a: Back Pocket|Double Shock|p2a: Gholdengo
|-supereffective|p2a: Gholdengo
|-damage|p2a: Gholdengo|0 fnt
|-start|p1a: Back Pocket|typechange|Electric/Fighting|[from] move: Double Shock
|faint|p2a: Gholdengo
|move|p2b: Rillaboom|Drum Beating|p1a: Back Pocket
|-damage|p1a: Back Pocket|9/100
|-unboost|p1a: Back Pocket|spe|1
|move|p1b: Adr. & Adr.|Sludge Bomb|p2b: Rillaboom
|-supereffective|p2b: Rillaboom
|-crit|p2b: Rillaboom
|-damage|p2b: Rillaboom|0 fnt
|faint|p2b: Rillaboom
|
|upkeep
|
|t:|1756615707
|switch|p2b: Sneasler|Sneasler, L50, M|100/100
|turn|8
|
|t:|1756615720
|move|p1a: Back Pocket|Protect|p1a: Back Pocket
|-singleturn|p1a: Back Pocket|Protect
|move|p2b: Sneasler|Dire Claw|p1a: Back Pocket
|-activate|p1a: Back Pocket|move: Protect
|move|p1b: Adr. & Adr.|Will-O-Wisp|p2b: Sneasler
|-status|p2b: Sneasler|brn
|
|-damage|p2b: Sneasler|95/100 brn|[from] brn
|upkeep
|turn|9
|
|t:|1756615725
|move|p2b: Sneasler|Dire Claw|p1a: Back Pocket
|-damage|p1a: Back Pocket|0 fnt
|faint|p1a: Back Pocket
|move|p1b: Adr. & Adr.|Sludge Bomb|p2b: Sneasler
|-resisted|p2b: Sneasler
|-damage|p2b: Sneasler|76/100 brn
|
|-damage|p2b: Sneasler|70/100 brn|[from] brn
|upkeep
|turn|10
|
|t:|1756615732
|move|p1b: Adr. & Adr.|Protect|p1b: Adr. & Adr.
|-singleturn|p1b: Adr. & Adr.|Protect
|move|p2b: Sneasler|Dire Claw|p1b: Adr. & Adr.
|-activate|p1b: Adr. & Adr.|move: Protect
|
|-damage|p2b: Sneasler|64/100 brn|[from] brn
|upkeep
|turn|11
|
|t:|1756615734
|move|p2b: Sneasler|Dire Claw|p1b: Adr. & Adr.
|-resisted|p1b: Adr. & Adr.
|-damage|p1b: Adr. & Adr.|75/100
|move|p1b: Adr. & Adr.|Sludge Bomb|p2b: Sneasler
|-resisted|p2b: Sneasler
|-damage|p2b: Sneasler|44/100 brn
|
|-damage|p2b: Sneasler|39/100 brn|[from] brn
|upkeep
|turn|12
|
|t:|1756615738
|move|p1b: Adr. & Adr.|Protect|p1b: Adr. & Adr.
|-singleturn|p1b: Adr. & Adr.|Protect
|move|p2b: Sneasler|Dire Claw|p1b: Adr. & Adr.
|-activate|p1b: Adr. & Adr.|move: Protect
|
|-damage|p2b: Sneasler|33/100 brn|[from] brn
|upkeep
|turn|13
|
|t:|1756615740
|move|p2b: Sneasler|Dire Claw|p1b: Adr. & Adr.
|-resisted|p1b: Adr. & Adr.
|-damage|p1b: Adr. & Adr.|66/100
|move|p1b: Adr. & Adr.|Sludge Bomb|p2b: Sneasler
|-resisted|p2b: Sneasler
|-damage|p2b: Sneasler|13/100 brn
|
|-damage|p2b: Sneasler|8/100 brn|[from] brn
|upkeep
|turn|14
|
|t:|1756615745
|move|p1b: Adr. & Adr.|Protect|p1b: Adr. & Adr.
|-singleturn|p1b: Adr. & Adr.|Protect
|move|p2b: Sneasler|Dire Claw|p1b: Adr. & Adr.
|-activate|p1b: Adr. & Adr.|move: Protect
|
|-damage|p2b: Sneasler|2/100 brn|[from] brn
|upkeep
|turn|15
|
|t:|1756615748
|move|p2b: Sneasler|Dire Claw|p1b: Adr. & Adr.
|-resisted|p1b: Adr. & Adr.
|-damage|p1b: Adr. & Adr.|57/100
|move|p1b: Adr. & Adr.|Taunt|p2b: Sneasler
|-start|p2b: Sneasler|move: Taunt
|
|-damage|p2b: Sneasler|0 fnt|[from] brn
|faint|p2b: Sneasler
|
|win|PTP_VGC
