|j|☆shiro_blast
|j|☆Gen4lover2
|html|shiro_blastGen4lover2    
|uhtml|bestof|Game 2 of a best-of-3
|t:|1785850498
|gametype|doubles
|player|p1|shiro_blast|170|1153
|player|p2|Gen4lover2|wallace|1243
|gen|9
|tier|[Gen 9 Champions] VGC 2026 Reg M-B (Bo3)
|rated|
|rule|Species Clause: Limit one of each Pokémon
|rule|Item Clause: Limit 1 of each item
|clearpoke
|poke|p1|Swampert, L50, M|
|poke|p1|Archaludon, L50, F|
|poke|p1|Tyranitar, L50, F|
|poke|p1|Pelipper, L50, F|
|poke|p1|Mawile, L50, M|
|poke|p1|Sinistcha-Masterpiece, L50|
|poke|p2|Tyranitar, L50, M|
|poke|p2|Excadrill, L50, F|
|poke|p2|Staraptor, L50, F|
|poke|p2|Milotic, L50, F|
|poke|p2|Gholdengo, L50|
|poke|p2|Sinistcha-Masterpiece, L50|
|teampreview|4
|showteam|p1|Swampert||Swampertite|Torrent|WaveCrash,FlipTurn,Earthquake,Protect|Adamant||M|||50|]Archaludon||Leftovers|Stamina|DragonPulse,ElectroShot,FlashCannon,Protect|Calm||F|||50|]Tyranitar||LifeOrb|SandStream|KnockOff,RockSlide,StompingTantrum,Protect|Jolly||F|||50|]Pelipper||FocusSash|Drizzle|Hurricane,HelpingHand,Tailwind,WideGuard|Timid||F|||50|]Mawile||Mawilite|Intimidate|SuckerPunch,PlayRough,SwordsDance,Protect|Adamant||M|||50|]Sinistcha-Masterpiece||CobaBerry|Hospitality|RagePowder,MatchaGotcha,TrickRoom,Protect|Calm|||||50|
|showteam|p2|Tyranitar||Tyranitarite|SandStream|RockSlide,KnockOff,LowKick,Protect|Adamant||M|||50|]Excadrill||FocusSash|SandRush|HighHorsepower,IronHead,RockSlide,Protect|Adamant||F|||50|]Staraptor||Staraptite|Intimidate|BraveBird,CloseCombat,Tailwind,Protect|Jolly||F|||50|]Milotic||SitrusBerry|Competitive|Scald,IceBeam,Recover,Protect|Modest||F|||50|]Gholdengo||LifeOrb|GoodasGold|MakeItRain,ShadowBall,NastyPlot,Protect|Modest|||||50|]Sinistcha-Masterpiece||ColburBerry|Hospitality|MatchaGotcha,RagePowder,TrickRoom,Protect|Relaxed|||||50|
|inactive|Battle timer is ON: inactive players will automatically lose when time's up. (requested by Gen4lover2)
|inactive|shiro_blast has 60 seconds left.
|inactive|shiro_blast has 30 seconds left.
|inactive|shiro_blast has 20 seconds left.
|inactive|shiro_blast has 15 seconds left.
|inactive|shiro_blast has 10 seconds left.
|inactive|shiro_blast has 5 seconds left.
|
|t:|1785850584
|teamsize|p1|4
|teamsize|p2|4
|start
|switch|p1a: Sinistcha|Sinistcha-Masterpiece, L50|100/100
|switch|p1b: Mawile|Mawile, L50, M|100/100
|switch|p2a: Staraptor|Staraptor, L50, F|100/100
|switch|p2b: Tyranitar|Tyranitar, L50, M|100/100
|-ability|p2a: Staraptor|Intimidate|boost
|-unboost|p1a: Sinistcha|atk|1
|-unboost|p1b: Mawile|atk|1
|-weather|Sandstorm|[from] ability: Sand Stream|[of] p2b: Tyranitar
|-ability|p1b: Mawile|Intimidate|boost
|-unboost|p2a: Staraptor|atk|1
|-unboost|p2b: Tyranitar|atk|1
|turn|1
|inactive|shiro_blast has 30 seconds left.
|inactive|Gen4lover2 has 30 seconds left.
|inactive|Gen4lover2 has 20 seconds left.
|
|t:|1785850623
|switch|p2a: Sinistcha|Sinistcha-Masterpiece, L50|100/100
|switch|p2b: Excadrill|Excadrill, L50, F|100/100
|move|p1b: Mawile|Protect|p1b: Mawile
|-singleturn|p1b: Mawile|Protect
|move|p1a: Sinistcha|Trick Room|p1a: Sinistcha
|-fieldstart|move: Trick Room|[of] p1a: Sinistcha
|
|-weather|Sandstorm|[upkeep]
|-damage|p2a: Sinistcha|93/100|[from] Sandstorm
|-damage|p1a: Sinistcha|93/100|[from] Sandstorm
|upkeep
|turn|2
|inactive|shiro_blast has 30 seconds left.
|
|t:|1785850652
|switch|p1a: Swampert|Swampert, L50, M|100/100
|detailschange|p1b: Mawile|Mawile-Mega, L50, M
|-mega|p1b: Mawile|Mawile|Mawilite
|move|p2a: Sinistcha|Rage Powder|p2a: Sinistcha
|-singleturn|p2a: Sinistcha|move: Rage Powder
|move|p1b: Mawile|Play Rough|p2a: Sinistcha
|-crit|p2a: Sinistcha
|-damage|p2a: Sinistcha|0 fnt
|faint|p2a: Sinistcha
|move|p2b: Excadrill|High Horsepower|p1b: Mawile
|-supereffective|p1b: Mawile|1
|-damage|p1b: Mawile|0 fnt
|faint|p1b: Mawile
|
|-weather|Sandstorm|[upkeep]
|upkeep
|
|t:|1785850672
|switch|p1b: Archaludon|Archaludon, L50, F|100/100
|switch|p2a: Staraptor|Staraptor, L50, F|100/100
|-ability|p2a: Staraptor|Intimidate|boost
|-unboost|p1a: Swampert|atk|1
|-unboost|p1b: Archaludon|atk|1
|turn|3
|
|t:|1785850693
|detailschange|p2a: Staraptor|Staraptor-Mega, L50, F
|-mega|p2a: Staraptor|Staraptor|Staraptite
|move|p1b: Archaludon|Protect|p1b: Archaludon
|-singleturn|p1b: Archaludon|Protect
|move|p1a: Swampert|Wave Crash|p2a: Staraptor
|-damage|p2a: Staraptor|58/100
|-damage|p1a: Swampert|85/100|[from] Recoil
|move|p2a: Staraptor|Close Combat|p1a: Swampert
|-damage|p1a: Swampert|25/100
|-boost|p2a: Staraptor|def|1
|-boost|p2a: Staraptor|spd|1
|move|p2b: Excadrill|High Horsepower|p1b: Archaludon
|-activate|p1b: Archaludon|move: Protect
|
|-weather|Sandstorm|[upkeep]
|-damage|p2a: Staraptor|52/100|[from] Sandstorm
|upkeep
|turn|4
|
|t:|1785850717
|switch|p1b: Sinistcha|Sinistcha-Masterpiece, L50|93/100
|-heal|p1a: Swampert|50/100g|[from] ability: Hospitality|[of] p1b: Sinistcha
|move|p1a: Swampert|Protect|p1a: Swampert
|-singleturn|p1a: Swampert|Protect
|move|p2a: Staraptor|Close Combat|p1b: Sinistcha
|-immune|p1b: Sinistcha
|move|p2b: Excadrill|High Horsepower|p1b: Sinistcha
|-resisted|p1b: Sinistcha|1
|-damage|p1b: Sinistcha|70/100
|
|-weather|Sandstorm|[upkeep]
|-damage|p1b: Sinistcha|63/100|[from] Sandstorm
|-damage|p2a: Staraptor|46/100|[from] Sandstorm
|upkeep
|turn|5
|inactive|shiro_blast has 30 seconds left.
|
|t:|1785850751
|move|p1b: Sinistcha|Protect|p1b: Sinistcha
|-singleturn|p1b: Sinistcha|Protect
|move|p2a: Staraptor|Protect|p2a: Staraptor
|-singleturn|p2a: Staraptor|Protect
|move|p2b: Excadrill|Protect|p2b: Excadrill
|-singleturn|p2b: Excadrill|Protect
|move|p1a: Swampert|Wave Crash|p2b: Excadrill
|-activate|p2b: Excadrill|move: Protect
|
|-weather|none
|-fieldend|move: Trick Room
|upkeep
|turn|6
|
|t:|1785850774
|move|p2a: Staraptor|Brave Bird|p1b: Sinistcha
|-supereffective|p1b: Sinistcha|1
|-enditem|p1b: Sinistcha|Coba Berry|[eat]
|-enditem|p1b: Sinistcha|Coba Berry|[weaken]
|-damage|p1b: Sinistcha|10/100
|-damage|p2a: Staraptor|29/100|[from] Recoil
|move|p2b: Excadrill|High Horsepower|p1a: Swampert
|-damage|p1a: Swampert|0 fnt
|faint|p1a: Swampert
|move|p1b: Sinistcha|Trick Room|p1b: Sinistcha
|-fieldstart|move: Trick Room|[of] p1b: Sinistcha
|
|upkeep
|
|t:|1785850786
|switch|p1a: Archaludon|Archaludon, L50, F|100/100
|turn|7
|inactive|shiro_blast has 30 seconds left.
|inactive|Gen4lover2 has 30 seconds left.
|inactive|Gen4lover2 has 20 seconds left.
|
|t:|1785850821
|move|p1b: Sinistcha|Rage Powder|p1b: Sinistcha
|-singleturn|p1b: Sinistcha|move: Rage Powder
|move|p1a: Archaludon|Flash Cannon|p2a: Staraptor
|-damage|p2a: Staraptor|4/100
|move|p2b: Excadrill|Iron Head|p1b: Sinistcha
|-damage|p1b: Sinistcha|0 fnt
|faint|p1b: Sinistcha
|move|p2a: Staraptor|Close Combat|p1a: Archaludon
|-supereffective|p1a: Archaludon|1
|-damage|p1a: Archaludon|17/100
|-boost|p2a: Staraptor|def|1
|-boost|p2a: Staraptor|spd|1
|-ability|p1a: Archaludon|Stamina|boost
|-boost|p1a: Archaludon|def|1
|
|-heal|p1a: Archaludon|23/100|[from] item: Leftovers
|upkeep
|turn|8
|
|t:|1785850845
|move|p1a: Archaludon|Electro Shot||[still]
|-prepare|p1a: Archaludon|Electro Shot
|-boost|p1a: Archaludon|spa|1
|move|p2b: Excadrill|High Horsepower|p1a: Archaludon
|-supereffective|p1a: Archaludon|1
|-damage|p1a: Archaludon|0 fnt
|faint|p1a: Archaludon
|
|win|Gen4lover2
|raw|shiro_blast's rating: 1153 → 1134(-19 for losing)
|raw|Gen4lover2's rating: 1243 → 1262(+19 for winning)
|l|☆shiro_blast
|player|p1|
