|j|☆majordomo0001
|j|☆Ninjacoox
|html|majordomo0001Ninjacoox    
|uhtml|bestof|Game 1 of a best-of-3
|t:|1785374493
|gametype|doubles
|player|p1|majordomo0001|102|1201
|player|p2|Ninjacoox|rood|1127
|gen|9
|tier|[Gen 9 Champions] VGC 2026 Reg M-B (Bo3)
|rated|
|rule|Species Clause: Limit one of each Pokémon
|rule|Item Clause: Limit 1 of each item
|clearpoke
|poke|p1|Blaziken, L50, M, shiny|
|poke|p1|Kingambit, L50, F|
|poke|p1|Floette-Eternal, L50, F|
|poke|p1|Whimsicott, L50, M|
|poke|p1|Incineroar, L50, M|
|poke|p1|Basculegion, L50, M|
|poke|p2|Staraptor, L50, F|
|poke|p2|Sinistcha, L50|
|poke|p2|Maushold, L50|
|poke|p2|Kingambit, L50, M|
|poke|p2|Sneasler, L50, F|
|poke|p2|Delphox, L50, M|
|teampreview|4
|showteam|p1|Blaziken||Blazikenite|SpeedBoost|FlareBlitz,CloseCombat,RockSlide,Detect|Adamant||M|||50|]Kingambit||BlackGlasses|Defiant|SuckerPunch,KowtowCleave,IronHead,Protect|Adamant||F|||50|]Floette-Eternal||Floettite|FlowerVeil|Protect,DazzlingGleam,Moonblast,DrainingKiss|Timid||F|||50|]Whimsicott||FocusSash|Prankster|Tailwind,Moonblast,Encore,Protect|Timid||M|||50|]Incineroar||SitrusBerry|Intimidate|FakeOut,PartingShot,FlareBlitz,HelpingHand|Impish||M|||50|]Basculegion||ChoiceScarf|Adaptability|WaveCrash,LastRespects,AquaJet,FlipTurn|Jolly||M|||50|
|showteam|p2|Staraptor||Staraptite|Intimidate|CloseCombat,BraveBird,Roost,Protect|Adamant||F|||50|]Sinistcha||SitrusBerry|Hospitality|RagePowder,MatchaGotcha,Protect,LifeDew|Calm|||||50|]Maushold||LumBerry|FriendGuard|Encore,Charm,FollowMe,Protect|Timid|||||50|]Kingambit||BlackGlasses|Defiant|KowtowCleave,SuckerPunch,SwordsDance,Protect|Adamant||M|||50|]Sneasler||WhiteHerb|Unburden|CloseCombat,DireClaw,FakeOut,Feint|Jolly||F|||50|]Delphox||Delphoxite|Blaze|HeatWave,Psyshock,NastyPlot,Protect|Timid||M|||50|
|inactive|Battle timer is ON: inactive players will automatically lose when time's up. (requested by Ninjacoox)
|inactive|majordomo0001 has 60 seconds left.
|inactive|majordomo0001 has 30 seconds left.
|inactive|majordomo0001 has 20 seconds left.
|inactive|majordomo0001 has 15 seconds left.
|
|t:|1785374570
|teamsize|p1|4
|teamsize|p2|4
|start
|switch|p1a: Blaziken|Blaziken, L50, M, shiny|100/100
|switch|p1b: Incineroar|Incineroar, L50, M|100/100
|switch|p2a: Maushold|Maushold, L50|100/100
|switch|p2b: Delphox|Delphox, L50, M|100/100
|-ability|p1b: Incineroar|Intimidate|boost
|-unboost|p2a: Maushold|atk|1
|-unboost|p2b: Delphox|atk|1
|turn|1
|
|t:|1785374591
|detailschange|p2b: Delphox|Delphox-Mega, L50, M
|-mega|p2b: Delphox|Delphox|Delphoxite
|detailschange|p1a: Blaziken|Blaziken-Mega, L50, M, shiny
|-mega|p1a: Blaziken|Blaziken|Blazikenite
|move|p1b: Incineroar|Fake Out|p2b: Delphox
|-damage|p2b: Delphox|89/100
|cant|p2b: Delphox|flinch
|move|p2a: Maushold|Encore|p1b: Incineroar
|-start|p1b: Incineroar|Encore
|move|p1a: Blaziken|Rock Slide|p2b: Delphox|[spread] p2a,p2b
|-supereffective|p2b: Delphox|1
|-damage|p2a: Maushold|67/100
|-damage|p2b: Delphox|39/100
|
|-ability|p1a: Blaziken|Speed Boost|boost
|-boost|p1a: Blaziken|spe|1
|upkeep
|turn|2
|
|t:|1785374609
|switch|p1b: Kingambit|Kingambit, L50, F|100/100
|move|p2b: Delphox|Protect|p2b: Delphox
|-singleturn|p2b: Delphox|Protect
|move|p1a: Blaziken|Rock Slide|p2b: Delphox|[spread] p2a
|-activate|p2b: Delphox|move: Protect
|-damage|p2a: Maushold|36/100
|move|p2a: Maushold|Charm|p1a: Blaziken
|-unboost|p1a: Blaziken|atk|2
|
|-ability|p1a: Blaziken|Speed Boost|boost
|-boost|p1a: Blaziken|spe|1
|upkeep
|turn|3
|
|t:|1785374628
|move|p2a: Maushold|Follow Me|p2a: Maushold
|-singleturn|p2a: Maushold|move: Follow Me
|move|p1b: Kingambit|Sucker Punch||[still]
|-fail|p1b: Kingambit
|move|p1a: Blaziken|Rock Slide|p2a: Maushold|[spread] p2a,p2b
|-supereffective|p2b: Delphox|1
|-damage|p2a: Maushold|21/100
|-damage|p2b: Delphox|15/100
|move|p2b: Delphox|Heat Wave|p1b: Kingambit|[spread] p1a,p1b
|-resisted|p1a: Blaziken|1
|-supereffective|p1b: Kingambit|1
|-damage|p1a: Blaziken|73/100
|-damage|p1b: Kingambit|29/100
|
|-ability|p1a: Blaziken|Speed Boost|boost
|-boost|p1a: Blaziken|spe|1
|upkeep
|turn|4
|inactive|Ninjacoox has 30 seconds left.
|inactive|Ninjacoox has 20 seconds left.
|
|t:|1785374667
|switch|p2a: Sneasler|Sneasler, L50, F|100/100
|switch|p1b: Incineroar|Incineroar, L50, M|100/100
|-ability|p1b: Incineroar|Intimidate|boost
|-unboost|p2a: Sneasler|atk|1
|-unboost|p2b: Delphox|atk|1
|-enditem|p2a: Sneasler|White Herb
|-clearnegativeboost|p2a: Sneasler|[silent]
|move|p2b: Delphox|Protect|p2b: Delphox
|-singleturn|p2b: Delphox|Protect
|move|p1a: Blaziken|Rock Slide|p2b: Delphox|[spread] p2a
|-activate|p2b: Delphox|move: Protect
|-resisted|p2a: Sneasler|1
|-damage|p2a: Sneasler|89/100
|
|-ability|p1a: Blaziken|Speed Boost|boost
|-boost|p1a: Blaziken|spe|1
|upkeep
|turn|5
|inactive|majordomo0001 has 30 seconds left.
|
|t:|1785374696
|move|p2a: Sneasler|Fake Out|p1a: Blaziken
|-damage|p1a: Blaziken|56/100
|move|p1b: Incineroar|Fake Out|p2b: Delphox
|-damage|p2b: Delphox|2/100
|cant|p1a: Blaziken|flinch
|cant|p2b: Delphox|flinch
|
|-ability|p1a: Blaziken|Speed Boost|boost
|-boost|p1a: Blaziken|spe|1
|upkeep
|turn|6
|
|t:|1785374718
|move|p1b: Incineroar|Helping Hand|p1a: Blaziken
|-singleturn|p1a: Blaziken|Helping Hand|[of] p1b: Incineroar
|move|p2a: Sneasler|Feint|p1a: Blaziken
|-damage|p1a: Blaziken|42/100
|move|p1a: Blaziken|Rock Slide|p2a: Sneasler|[spread] p2a,p2b
|-resisted|p2a: Sneasler|1
|-supereffective|p2b: Delphox|1
|-damage|p2a: Sneasler|72/100
|-damage|p2b: Delphox|0 fnt
|faint|p2b: Delphox
|
|-ability|p1a: Blaziken|Speed Boost|boost
|-boost|p1a: Blaziken|spe|1
|upkeep
|
|t:|1785374728
|switch|p2b: Kingambit|Kingambit, L50, M|100/100
|turn|7
|
|t:|1785374742
|move|p1b: Incineroar|Helping Hand|p1a: Blaziken
|-singleturn|p1a: Blaziken|Helping Hand|[of] p1b: Incineroar
|move|p1a: Blaziken|Close Combat|p2b: Kingambit
|-supereffective|p2b: Kingambit|2
|-damage|p2b: Kingambit|0 fnt
|-unboost|p1a: Blaziken|def|1
|-unboost|p1a: Blaziken|spd|1
|faint|p2b: Kingambit
|move|p2a: Sneasler|Dire Claw|p1a: Blaziken
|-damage|p1a: Blaziken|0 fnt
|faint|p1a: Blaziken
|
|upkeep
|
|t:|1785374753
|switch|p1a: Basculegion|Basculegion, L50, M|100/100
|switch|p2b: Maushold|Maushold, L50|21/100
|turn|8
|
|t:|1785374762
|switch|p1a: Kingambit|Kingambit, L50, F|29/100
|move|p2b: Maushold|Follow Me|p2b: Maushold
|-singleturn|p2b: Maushold|move: Follow Me
|move|p2a: Sneasler|Close Combat|p1b: Incineroar
|-supereffective|p1b: Incineroar|1
|-damage|p1b: Incineroar|18/100
|-unboost|p2a: Sneasler|def|1
|-unboost|p2a: Sneasler|spd|1
|-enditem|p1b: Incineroar|Sitrus Berry|[eat]
|-heal|p1b: Incineroar|43/100|[from] item: Sitrus Berry
|move|p1b: Incineroar|Flare Blitz|p2b: Maushold
|-damage|p2b: Maushold|0 fnt
|faint|p2b: Maushold
|-damage|p1b: Incineroar|37/100|[from] Recoil
|
|upkeep
|turn|9
|-message|Ninjacoox forfeited.
|
|win|majordomo0001
||Ninjacoox is ready for game 2.
||majordomo0001 is ready for game 2.
|uhtml|next|Next: Game 2 of 3
|l|☆majordomo0001
|player|p1|
