|j|☆SideB33563356
|j|☆spimchi
|html|SideB33563356spimchi    
|uhtml|bestof|Game 1 of a best-of-3
|t:|1784160575
|gametype|doubles
|player|p1|SideB33563356|1|
|player|p2|spimchi|cynthia|
|gen|9
|tier|[Gen 9 Champions] VGC 2026 Reg M-B (Bo3)
|rule|Species Clause: Limit one of each Pokémon
|rule|Item Clause: Limit 1 of each item
|clearpoke
|poke|p1|Metagross, L50|
|poke|p1|Talonflame, L50, F|
|poke|p1|Basculegion, L50, M|
|poke|p1|Kingambit, L50, F|
|poke|p1|Hydreigon, L50, M|
|poke|p1|Ninetales-Alola, L50, F|
|poke|p2|Meowscarada, L50, F, shiny|
|poke|p2|Meowstic, L50, M, shiny|
|poke|p2|Mamoswine, L50, M, shiny|
|poke|p2|Maushold, L50, shiny|
|poke|p2|Ampharos, L50, F, shiny|
|poke|p2|Primarina, L50, M, shiny|
|teampreview|4
|showteam|p1|Metagross||Metagrossite|ClearBody|MeteorMash,PsychicFangs,BulletPunch,Protect|Jolly|||||50|]Talonflame||SharpBeak|GaleWings|BraveBird,WillOWisp,Tailwind,Protect|Jolly||F|||50|]Basculegion||LifeOrb|Adaptability|WaveCrash,LastRespects,AquaJet,Protect|Jolly||M|||50|]Kingambit||BlackGlasses|Defiant|KowtowCleave,LowKick,SuckerPunch,Protect|Adamant||F|||50|]Hydreigon||ChoiceScarf|Levitate|DarkPulse,DracoMeteor,Snarl,EarthPower|Modest||M|||50|]Ninetales-Alola||FocusSash|SnowWarning|Blizzard,FreezeDry,Encore,Protect|Timid||F|||50|
|showteam|p2|Meowscarada||ChoiceScarf|Protean|FlowerTrick,ThunderPunch,KnockOff,TripleAxel|Jolly||F|||50|]Meowstic||LightClay|Prankster|LightScreen,RainDance,Reflect,Yawn|Calm||M|||50|]Mamoswine||Leftovers|Oblivious|IceShard,IcicleCrash,Protect,Earthquake|Jolly||M|||50|]Maushold||FocusSash|FriendGuard|SuperFang,FollowMe,Protect,Feint|Jolly|||||50|]Ampharos||Ampharosite|Static|DragonPulse,Protect,Thunderbolt,ParabolicCharge|Modest||F|||50|]Primarina||SitrusBerry|LiquidVoice|CalmMind,HyperVoice,Moonblast,Protect|Modest||M|||50|
|
|t:|1784160665
|teamsize|p1|4
|teamsize|p2|4
|start
|switch|p1a: Trae Young|Talonflame, L50, F|100/100
|switch|p1b: Texas Power Crisis|Ninetales-Alola, L50, F|100/100
|switch|p2a: le epic face|Ampharos, L50, F, shiny|100/100
|switch|p2b: chud|Mamoswine, L50, M, shiny|100/100
|-weather|Snowscape|[from] ability: Snow Warning|[of] p1b: Texas Power Crisis
|turn|1
|
|t:|1784160791
|switch|p1a: knickswinthechip!|Hydreigon, L50, M|100/100
|move|p1b: Texas Power Crisis|Blizzard|p2b: chud|[spread] p2a,p2b
|-damage|p2a: le epic face|66/100
|-damage|p2b: chud|52/100
|move|p2b: chud|Icicle Crash|p1a: knickswinthechip!|[miss]
|-miss|p2b: chud|p1a: knickswinthechip!
|move|p2a: le epic face|Thunderbolt|p1a: knickswinthechip!
|-resisted|p1a: knickswinthechip!|1
|-damage|p1a: knickswinthechip!|74/100
|
|-weather|Snowscape|[upkeep]
|-heal|p2b: chud|58/100|[from] item: Leftovers
|upkeep
|turn|2
|
|t:|1784160863
|move|p2b: chud|Ice Shard|p1a: knickswinthechip!
|-supereffective|p1a: knickswinthechip!|1
|-damage|p1a: knickswinthechip!|27/100
|move|p1a: knickswinthechip!|Snarl|p2a: le epic face|[spread] p2a,p2b
|-damage|p2a: le epic face|44/100
|-damage|p2b: chud|24/100
|-unboost|p2a: le epic face|spa|1
|-unboost|p2b: chud|spa|1
|move|p1b: Texas Power Crisis|Blizzard|p2b: chud|[spread] p2a,p2b
|-damage|p2a: le epic face|15/100
|-damage|p2b: chud|0 fnt
|faint|p2b: chud
|move|p2a: le epic face|Dragon Pulse|p1a: knickswinthechip!
|-supereffective|p1a: knickswinthechip!|1
|-damage|p1a: knickswinthechip!|0 fnt
|faint|p1a: knickswinthechip!
|
|-weather|Snowscape|[upkeep]
|upkeep
|
|t:|1784160939
|switch|p1a: Trae Young|Talonflame, L50, F|100/100
|switch|p2b: sealrious|Primarina, L50, M, shiny|100/100
|turn|3
|
|t:|1784160973
|move|p1a: Trae Young|Protect|p1a: Trae Young
|-singleturn|p1a: Trae Young|Protect
|move|p1b: Texas Power Crisis|Freeze-Dry|p2b: sealrious
|-supereffective|p2b: sealrious|1
|-crit|p2b: sealrious
|-damage|p2b: sealrious|35/100
|-enditem|p2b: sealrious|Sitrus Berry|[eat]
|-heal|p2b: sealrious|60/100|[from] item: Sitrus Berry
|move|p2b: sealrious|Hyper Voice|p1a: Trae Young|[spread] p1b
|-activate|p1a: Trae Young|move: Protect
|-damage|p1b: Texas Power Crisis|54/100
|move|p2a: le epic face|Thunderbolt|p1a: Trae Young
|-activate|p1a: Trae Young|move: Protect
|
|-weather|Snowscape|[upkeep]
|upkeep
|turn|4
|
|t:|1784161013
|move|p1a: Trae Young|Brave Bird|p2b: sealrious
|-damage|p2b: sealrious|0 fnt
|faint|p2b: sealrious
|-damage|p1a: Trae Young|76/100|[from] Recoil
|move|p1b: Texas Power Crisis|Blizzard|p2a: le epic face
|-damage|p2a: le epic face|0 fnt
|faint|p2a: le epic face
|
|-weather|Snowscape|[upkeep]
|upkeep
|
|t:|1784161028
|switch|p2a: grewwn mow|Meowscarada, L50, F, shiny|100/100
|turn|5
|
|t:|1784161068
|move|p2a: grewwn mow|Thunder Punch|p1a: Trae Young
|-start|p2a: grewwn mow|typechange|Electric|[from] ability: Protean
|-supereffective|p1a: Trae Young|1
|-damage|p1a: Trae Young|0 fnt
|faint|p1a: Trae Young
|move|p1b: Texas Power Crisis|Blizzard|p2a: grewwn mow
|-damage|p2a: grewwn mow|38/100
|
|-weather|none
|upkeep
|
|t:|1784161077
|switch|p1a: Computah|Metagross, L50|100/100
|turn|6
|
|t:|1784161095
|detailschange|p1a: Computah|Metagross-Mega, L50
|-mega|p1a: Computah|Metagross|Metagrossite
|move|p1b: Texas Power Crisis|Protect|p1b: Texas Power Crisis
|-singleturn|p1b: Texas Power Crisis|Protect
|move|p2a: grewwn mow|Thunder Punch|p1b: Texas Power Crisis
|-activate|p1b: Texas Power Crisis|move: Protect
|move|p1a: Computah|Psychic Fangs|p2a: grewwn mow
|-damage|p2a: grewwn mow|0 fnt
|faint|p2a: grewwn mow
|
|win|SideB33563356
|inactive|SideB33563356 has 30 seconds to confirm battle start!
|inactive|spimchi has 30 seconds to confirm battle start!
|inactive|SideB33563356 has 20 seconds to confirm battle start!
|inactive|spimchi has 20 seconds to confirm battle start!
|inactive|SideB33563356 has 10 seconds to confirm battle start!
|inactive|spimchi has 10 seconds to confirm battle start!
|l|☆spimchi
|player|p2|
||SideB33563356 is ready for game 2.
|uhtml|next|Next: Game 2 of 3
