|j|☆KamiCR666
|j|☆aquileselpoderoso
|html|KamiCR666aquileselpoderoso    
|uhtml|bestof|Game 3 of a best-of-3
|t:|1783595758
|gametype|doubles
|player|p1|KamiCR666|170|1121
|player|p2|aquileselpoderoso|169|1122
|gen|9
|tier|[Gen 9 Champions] VGC 2026 Reg M-B (Bo3)
|rated|
|rule|Species Clause: Limit one of each Pokémon
|rule|Item Clause: Limit 1 of each item
|clearpoke
|poke|p1|Charizard, L50, F|
|poke|p1|Kingambit, L50, F|
|poke|p1|Sylveon, L50, F|
|poke|p1|Garchomp, L50, F|
|poke|p1|Aerodactyl, L50, M|
|poke|p1|Farigiraf, L50, M|
|poke|p2|Primarina, L50, F|
|poke|p2|Tyranitar, L50, M|
|poke|p2|Sinistcha, L50|
|poke|p2|Garchomp, L50, F|
|poke|p2|Kingambit, L50, F|
|poke|p2|Talonflame, L50, F|
|teampreview|4
|showteam|p1|Charizard||CharizarditeY|SolarPower|Protect,HeatWave,SolarBeam,WeatherBall|Modest||F|||50|]Kingambit||FocusSash|Defiant|IronHead,SuckerPunch,KowtowCleave,LowKick|Adamant||F|||50|]Sylveon||FairyFeather|Pixilate|Detect,HyperVoice,HyperBeam,QuickAttack|Modest||F|||50|]Garchomp||LifeOrb|RoughSkin|Protect,DragonClaw,Earthquake,RockSlide|Jolly||F|||50|]Aerodactyl||Aerodactylite|Unnerve|IceFang,RockSlide,Tailwind,DualWingbeat|Jolly||M|||50|]Farigiraf||SitrusBerry|ArmorTail|TrickRoom,Psychic,Thunderbolt,Protect|Bold||M|||50|
|showteam|p2|Primarina||Leftovers|LiquidVoice|HyperVoice,CalmMind,Moonblast,Protect|Modest||F|||50|]Tyranitar||Tyranitarite|SandStream|Protect,RockSlide,KnockOff,DragonDance|Adamant||M|||50|]Sinistcha||ColburBerry|Hospitality|TrickRoom,RagePowder,MatchaGotcha,LifeDew|Bold|||||50|]Garchomp||BrightPowder|SandVeil|Protect,StompingTantrum,RockSlide,DragonClaw|Adamant||F|||50|]Kingambit||FocusSash|Defiant|SuckerPunch,KowtowCleave,IronHead,LowKick|Adamant||F|||50|]Talonflame||LifeOrb|GaleWings|Tailwind,Overheat,DualWingbeat,Protect|Jolly||F|||50|
|
|t:|1783595825
|teamsize|p1|4
|teamsize|p2|4
|start
|switch|p1a: Aerodactyl|Aerodactyl, L50, M|100/100
|switch|p1b: Sylveon|Sylveon, L50, F|100/100
|switch|p2a: Garchomp|Garchomp, L50, F|100/100
|switch|p2b: Kingambit|Kingambit, L50, F|100/100
|-ability|p1a: Aerodactyl|Unnerve
|turn|1
|
|t:|1783595860
|detailschange|p1a: Aerodactyl|Aerodactyl-Mega, L50, M
|-mega|p1a: Aerodactyl|Aerodactyl|Aerodactylite
|move|p1a: Aerodactyl|Tailwind|p1a: Aerodactyl
|-sidestart|p1: KamiCR666|move: Tailwind
|move|p1b: Sylveon|Hyper Voice|p2b: Kingambit|[spread] p2a,p2b
|-supereffective|p2a: Garchomp|1
|-damage|p2a: Garchomp|1/100
|-damage|p2b: Kingambit|46/100
|move|p2a: Garchomp|Rock Slide|p1a: Aerodactyl|[spread] p1a,p1b
|-supereffective|p1a: Aerodactyl|1
|-damage|p1a: Aerodactyl|49/100
|-damage|p1b: Sylveon|77/100
|move|p2b: Kingambit|Iron Head|p1a: Aerodactyl
|-supereffective|p1a: Aerodactyl|1
|-damage|p1a: Aerodactyl|0 fnt
|faint|p1a: Aerodactyl
|
|upkeep
|
|t:|1783595878
|switch|p1a: Garchomp|Garchomp, L50, F|100/100
|turn|2
|
|t:|1783595893
|switch|p2b: Tyranitar|Tyranitar, L50, M|100/100
|-weather|Sandstorm|[from] ability: Sand Stream|[of] p2b: Tyranitar
|move|p2a: Garchomp|Protect|p2a: Garchomp
|-singleturn|p2a: Garchomp|Protect
|move|p1a: Garchomp|Dragon Claw|p2a: Garchomp
|-activate|p2a: Garchomp|move: Protect
|move|p1b: Sylveon|Hyper Voice|p2a: Garchomp|[spread] p2b
|-activate|p2a: Garchomp|move: Protect
|-supereffective|p2b: Tyranitar|1
|-crit|p2b: Tyranitar
|-damage|p2b: Tyranitar|17/100
|
|-weather|Sandstorm|[upkeep]
|-damage|p1b: Sylveon|71/100|[from] Sandstorm
|upkeep
|turn|3
|
|t:|1783595917
|move|p1b: Sylveon|Detect|p1b: Sylveon
|-singleturn|p1b: Sylveon|Protect
|move|p2b: Tyranitar|Protect|p2b: Tyranitar
|-singleturn|p2b: Tyranitar|Protect
|move|p1a: Garchomp|Earthquake|p2a: Garchomp|[spread] p2a
|-activate|p1b: Sylveon|move: Protect
|-activate|p2b: Tyranitar|move: Protect
|-damage|p2a: Garchomp|0 fnt
|faint|p2a: Garchomp
|-damage|p1a: Garchomp|90/100|[from] item: Life Orb
|
|-weather|Sandstorm|[upkeep]
|-damage|p1b: Sylveon|64/100|[from] Sandstorm
|upkeep
|
|t:|1783595932
|switch|p2a: Primarina|Primarina, L50, F|100/100
|turn|4
|
|t:|1783595944
|move|p2b: Tyranitar|Protect||[still]
|-fail|p2b: Tyranitar
|move|p2a: Primarina|Protect|p2a: Primarina
|-singleturn|p2a: Primarina|Protect
|move|p1a: Garchomp|Earthquake|p2a: Primarina|[spread] p1b,p2b
|-activate|p2a: Primarina|move: Protect
|-supereffective|p2b: Tyranitar|1
|-damage|p1b: Sylveon|5/100
|-damage|p2b: Tyranitar|0 fnt
|faint|p2b: Tyranitar
|-damage|p1a: Garchomp|80/100|[from] item: Life Orb
|move|p1b: Sylveon|Hyper Voice|p2a: Primarina
|-activate|p2a: Primarina|move: Protect
|
|-weather|Sandstorm|[upkeep]
|-damage|p1b: Sylveon|0 fnt|[from] Sandstorm
|-damage|p2a: Primarina|94/100|[from] Sandstorm
|faint|p1b: Sylveon
|-heal|p2a: Primarina|100/100|[from] item: Leftovers
|-sideend|p1: KamiCR666|move: Tailwind
|upkeep
|
|t:|1783595961
|switch|p2b: Kingambit|Kingambit, L50, F|46/100
|switch|p1b: Kingambit|Kingambit, L50, F|100/100
|turn|5
|
|t:|1783596000
|move|p1a: Garchomp|Dragon Claw|p2b: Kingambit
|-resisted|p2b: Kingambit|1
|-damage|p2b: Kingambit|24/100
|-damage|p1a: Garchomp|70/100|[from] item: Life Orb
|move|p2b: Kingambit|Low Kick|p1b: Kingambit
|-supereffective|p1b: Kingambit|2
|-enditem|p1b: Kingambit|Focus Sash
|-damage|p1b: Kingambit|1/100
|move|p1b: Kingambit|Low Kick|p2b: Kingambit
|-supereffective|p2b: Kingambit|2
|-damage|p2b: Kingambit|0 fnt
|faint|p2b: Kingambit
|move|p2a: Primarina|Moonblast|p1a: Garchomp
|-supereffective|p1a: Garchomp|1
|-damage|p1a: Garchomp|0 fnt
|faint|p1a: Garchomp
|
|-weather|Sandstorm|[upkeep]
|-damage|p2a: Primarina|94/100|[from] Sandstorm
|-heal|p2a: Primarina|100/100|[from] item: Leftovers
|upkeep
|turn|6
|
|t:|1783596025
|move|p1b: Kingambit|Iron Head|p2a: Primarina
|-damage|p2a: Primarina|48/100
|cant|p2a: Primarina|flinch
|
|-weather|none
|-heal|p2a: Primarina|54/100|[from] item: Leftovers
|upkeep
|turn|7
|
|t:|1783596032
|move|p2a: Primarina|Protect|p2a: Primarina
|-singleturn|p2a: Primarina|Protect
|move|p1b: Kingambit|Iron Head|p2a: Primarina
|-activate|p2a: Primarina|move: Protect
|
|-heal|p2a: Primarina|59/100|[from] item: Leftovers
|upkeep
|turn|8
|
|t:|1783596039
|move|p1b: Kingambit|Iron Head|p2a: Primarina
|-damage|p2a: Primarina|3/100
|cant|p2a: Primarina|flinch
|
|-heal|p2a: Primarina|9/100|[from] item: Leftovers
|upkeep
|turn|9
|c|☆aquileselpoderoso|hahahaha
|c|☆aquileselpoderoso|gg
|
|t:|1783596051
|move|p1b: Kingambit|Iron Head|p2a: Primarina
|-damage|p2a: Primarina|0 fnt
|faint|p2a: Primarina
|
|win|KamiCR666
|raw|KamiCR666's rating: 1121 → 1146(+25 for winning)
|raw|aquileselpoderoso's rating: 1122 → 1097(-25 for losing)
