|j|☆worldenddominat0r
|j|☆SomeKidJon
|html|worldenddominat0rSomeKidJon    
|uhtml|bestof|Game 2 of a best-of-3
|t:|1782764362
|gametype|doubles
|player|p1|worldenddominat0r|maid-gen6|1215
|player|p2|SomeKidJon|scientistf|1341
|gen|9
|tier|[Gen 9 Champions] VGC 2026 Reg M-B (Bo3)
|rated|
|rule|Species Clause: Limit one of each Pokémon
|rule|Item Clause: Limit 1 of each item
|clearpoke
|poke|p1|Staraptor, L50, F|
|poke|p1|Maushold-Four, L50|
|poke|p1|Ninetales-Alola, L50, M|
|poke|p1|Delphox, L50, F|
|poke|p1|Basculegion, L50, M|
|poke|p1|Kingambit, L50, M|
|poke|p2|Camerupt, L50, M|
|poke|p2|Farigiraf, L50, F, shiny|
|poke|p2|Incineroar, L50, M|
|poke|p2|Primarina, L50, F|
|poke|p2|Ninetales-Alola, L50, M|
|poke|p2|Gyarados, L50, M|
|teampreview|4
|showteam|p1|Staraptor||Staraptite|Intimidate|CloseCombat,BraveBird,Protect,Tailwind|Adamant||F|||50|]Maushold-Four||FocusSash|FriendGuard|SuperFang,Protect,FollowMe,Encore|Jolly|||||50|]Ninetales-Alola||NeverMeltIce|SnowWarning|Blizzard,FreezeDry,IcyWind,Protect|Timid||M|||50|]Delphox||Delphoxite|Blaze|HeatWave,Psyshock,Protect,Substitute|Timid||F|||50|]Basculegion||ChoiceScarf|Adaptability|WaveCrash,LastRespects,FlipTurn,AquaJet|Jolly||M|||50|]Kingambit||BlackGlasses|Defiant|KowtowCleave,SuckerPunch,IronHead,Protect|Adamant||M|||50|
|showteam|p2|Camerupt||Cameruptite|SolidRock|Protect,AncientPower,EarthPower,HeatWave|Quiet||M|||50|]Farigiraf||SitrusBerry|ArmorTail|Thunderbolt,TrickRoom,DazzlingGleam,Protect|Calm||F|||50|]Incineroar||PasshoBerry|Intimidate|PartingShot,FakeOut,FlareBlitz,ThroatChop|Careful||M|||50|]Primarina||Leftovers|LiquidVoice|HyperVoice,Protect,Moonblast,CalmMind|Modest||F|||50|]Ninetales-Alola||LightClay|SnowWarning|FreezeDry,Blizzard,Protect,AuroraVeil|Timid||M|||50|]Gyarados||Gyaradosite|Intimidate|DragonDance,Crunch,Waterfall,Protect|Adamant||M|||50|
|inactive|Battle timer is ON: inactive players will automatically lose when time's up. (requested by worldenddominat0r)
|
|t:|1782764381
|teamsize|p1|4
|teamsize|p2|4
|start
|switch|p1a: Basculegion|Basculegion, L50, M|100/100
|switch|p1b: Maushold|Maushold-Four, L50|100/100
|switch|p2a: Ninetales|Ninetales-Alola, L50, M|100/100
|switch|p2b: Gyarados|Gyarados, L50, M|100/100
|-weather|Snowscape|[from] ability: Snow Warning|[of] p2a: Ninetales
|-ability|p2b: Gyarados|Intimidate|boost
|-unboost|p1a: Basculegion|atk|1
|-unboost|p1b: Maushold|atk|1
|turn|1
|inactive|worldenddominat0r has 30 seconds left.
|inactive|worldenddominat0r has 20 seconds left.
|inactive|worldenddominat0r has 15 seconds left.
|
|t:|1782764425
|move|p1a: Basculegion|Flip Turn|p2b: Gyarados
|-resisted|p2b: Gyarados|1
|-damage|p2b: Gyarados|84/100
|
|t:|1782764433
|switch|p1a: Staraptor|Staraptor, L50, F|100/100|[from] Flip Turn
|-ability|p1a: Staraptor|Intimidate|boost
|-unboost|p2a: Ninetales|atk|1
|-unboost|p2b: Gyarados|atk|1
|move|p1b: Maushold|Super Fang|p2b: Gyarados|[miss]
|-miss|p1b: Maushold|p2b: Gyarados
|move|p2a: Ninetales|Aurora Veil|p2a: Ninetales
|-sidestart|p2: SomeKidJon|move: Aurora Veil
|move|p2b: Gyarados|Dragon Dance|p2b: Gyarados
|-boost|p2b: Gyarados|atk|1
|-boost|p2b: Gyarados|spe|1
|
|-weather|Snowscape|[upkeep]
|upkeep
|turn|2
|inactive|worldenddominat0r has 30 seconds left.
|inactive|worldenddominat0r has 20 seconds left.
|inactive|worldenddominat0r has 15 seconds left.
|inactive|worldenddominat0r has 10 seconds left.
|
|t:|1782764480
|switch|p2a: Incineroar|Incineroar, L50, M|100/100
|-ability|p2a: Incineroar|Intimidate|boost
|-unboost|p1a: Staraptor|atk|1
|-unboost|p1b: Maushold|atk|1
|switch|p1a: Kingambit|Kingambit, L50, M|100/100
|move|p2b: Gyarados|Waterfall|p1a: Kingambit
|-damage|p1a: Kingambit|74/100
|move|p1b: Maushold|Super Fang|p2a: Incineroar
|-damage|p2a: Incineroar|50/100y
|
|-weather|Snowscape|[upkeep]
|upkeep
|turn|3
|inactive|worldenddominat0r has 30 seconds left.
|
|t:|1782764506
|switch|p1a: Staraptor|Staraptor, L50, F|100/100
|-ability|p1a: Staraptor|Intimidate|boost
|-unboost|p2a: Incineroar|atk|1
|-unboost|p2b: Gyarados|atk|1
|move|p2b: Gyarados|Dragon Dance|p2b: Gyarados
|-boost|p2b: Gyarados|atk|1
|-boost|p2b: Gyarados|spe|1
|move|p1b: Maushold|Super Fang|p2b: Gyarados
|-damage|p2b: Gyarados|42/100
|move|p2a: Incineroar|Flare Blitz|p1a: Staraptor
|-damage|p1a: Staraptor|68/100
|-damage|p2a: Incineroar|40/100|[from] Recoil
|
|-weather|Snowscape|[upkeep]
|upkeep
|turn|4
|
|t:|1782764523
|detailschange|p2b: Gyarados|Gyarados-Mega, L50, M
|-mega|p2b: Gyarados|Gyarados|Gyaradosite
|-ability|p2b: Gyarados|Mold Breaker
|detailschange|p1a: Staraptor|Staraptor-Mega, L50, F
|-mega|p1a: Staraptor|Staraptor|Staraptite
|move|p1b: Maushold|Follow Me|p1b: Maushold
|-singleturn|p1b: Maushold|move: Follow Me
|move|p2b: Gyarados|Waterfall|p1b: Maushold
|-damage|p1b: Maushold|26/100
|move|p1a: Staraptor|Close Combat|p2a: Incineroar
|-supereffective|p2a: Incineroar|1
|-damage|p2a: Incineroar|0 fnt
|-boost|p1a: Staraptor|def|1
|-boost|p1a: Staraptor|spd|1
|faint|p2a: Incineroar
|
|-weather|Snowscape|[upkeep]
|upkeep
|
|t:|1782764541
|switch|p2a: Ninetales|Ninetales-Alola, L50, M|100/100
|turn|5
|
|t:|1782764550
|move|p2b: Gyarados|Protect|p2b: Gyarados
|-singleturn|p2b: Gyarados|Protect
|move|p1b: Maushold|Follow Me|p1b: Maushold
|-singleturn|p1b: Maushold|move: Follow Me
|move|p2a: Ninetales|Blizzard|p1a: Staraptor|[spread] p1a,p1b
|-supereffective|p1a: Staraptor|1
|-damage|p1a: Staraptor|38/100
|-damage|p1b: Maushold|0 fnt
|faint|p1b: Maushold
|move|p1a: Staraptor|Close Combat|p2a: Ninetales
|-damage|p2a: Ninetales|63/100
|-boost|p1a: Staraptor|def|1
|-boost|p1a: Staraptor|spd|1
|
|-weather|none
|upkeep
|
|t:|1782764556
|switch|p1b: Basculegion|Basculegion, L50, M|100/100
|turn|6
|
|t:|1782764581
|move|p2b: Gyarados|Crunch|p1b: Basculegion
|-supereffective|p1b: Basculegion|1
|-damage|p1b: Basculegion|0 fnt
|faint|p1b: Basculegion
|move|p2a: Ninetales|Freeze-Dry|p1a: Staraptor
|-supereffective|p1a: Staraptor|1
|-damage|p1a: Staraptor|10/100
|move|p1a: Staraptor|Close Combat|p2b: Gyarados
|-supereffective|p2b: Gyarados|1
|-damage|p2b: Gyarados|0 fnt
|-boost|p1a: Staraptor|def|1
|-boost|p1a: Staraptor|spd|1
|faint|p2b: Gyarados
|
|upkeep
|
|t:|1782764587
|switch|p1b: Kingambit|Kingambit, L50, M|74/100
|switch|p2b: Primarina|Primarina, L50, F|100/100
|turn|7
|inactive|worldenddominat0r has 30 seconds left.
|
|t:|1782764619
|move|p2a: Ninetales|Protect|p2a: Ninetales
|-singleturn|p2a: Ninetales|Protect
|move|p1a: Staraptor|Brave Bird|p2b: Primarina
|-damage|p2b: Primarina|54/100
|-damage|p1a: Staraptor|0 fnt|[from] Recoil
|faint|p1a: Staraptor
|move|p2b: Primarina|Calm Mind|p2b: Primarina
|-boost|p2b: Primarina|spa|1
|-boost|p2b: Primarina|spd|1
|move|p1b: Kingambit|Iron Head|p2a: Ninetales
|-activate|p2a: Ninetales|move: Protect
|
|-heal|p2b: Primarina|59/100|[from] item: Leftovers
|upkeep
|turn|8
|
|t:|1782764631
|move|p2a: Ninetales|Freeze-Dry|p1b: Kingambit
|-resisted|p1b: Kingambit|1
|-damage|p1b: Kingambit|62/100
|move|p2b: Primarina|Hyper Voice|p1b: Kingambit
|-damage|p1b: Kingambit|0 fnt
|faint|p1b: Kingambit
|
|win|SomeKidJon
|raw|worldenddominat0r's rating: 1215 → 1199(-16 for losing)
|raw|SomeKidJon's rating: 1341 → 1354(+13 for winning)
