|j|☆graavi
|html|graaviteampablo    
|uhtml|bestof|Game 2 of a best-of-3
|t:|1783331953
|gametype|doubles
|player|p1|graavi|1|1040
|player|p2|teampablo|juan|1043
|gen|9
|tier|[Gen 9 Champions] VGC 2026 Reg M-B (Bo3)
|rated|
|rule|Species Clause: Limit one of each Pokémon
|rule|Item Clause: Limit 1 of each item
|clearpoke
|poke|p1|Venusaur, L50, M|
|poke|p1|Tyranitar, L50, F|
|poke|p1|Sinistcha, L50|
|poke|p1|Grimmsnarl, L50, M|
|poke|p1|Torkoal, L50, M|
|poke|p1|Kingambit, L50, M|
|poke|p2|Hatterene, L50, F|
|poke|p2|Spiritomb, L50, F|
|poke|p2|Audino, L50, F|
|poke|p2|Sylveon, L50, M|
|poke|p2|Sinistcha-Masterpiece, L50|
|poke|p2|Chimecho, L50, F|
|teampreview|4
|showteam|p1|Venusaur||Venusaurite|Overgrow|GigaDrain,SludgeBomb,EarthPower,Protect|Quiet||M|||50|]Tyranitar||Tyranitarite|SandStream|RockSlide,KnockOff,Protect,IcePunch|Brave||F|||50|]Sinistcha||Leftovers|Hospitality|MatchaGotcha,TrickRoom,Protect,LifeDew|Quiet|||||50|]Grimmsnarl||LightClay|Prankster|Reflect,LightScreen,PartingShot,FoulPlay|Sassy||M|||50|]Torkoal||SitrusBerry|Drought|Eruption,SolarBeam,Protect,EarthPower|Quiet||M|||50|]Kingambit||BlackGlasses|SupremeOverlord|SuckerPunch,KowtowCleave,Protect,IronHead|Brave||M|||50|
|showteam|p2|Hatterene||LightClay|MagicBounce|Reflect,SkillSwap,AromaticMist,LightScreen|Bold||F|||50|]Spiritomb||Leftovers|Infiltrator|Snarl,TrickRoom,WillOWisp,Hex|Bold||F|||50|]Audino||Audinite|Regenerator|SimpleBeam,CalmMind,HyperVoice,LifeDew|Bold||F|||50|]Sylveon||FairyFeather|Pixilate|HyperVoice,MysticalFire,SkillSwap,Protect|Calm||M|||50|]Sinistcha-Masterpiece||ColburBerry|Hospitality|MatchaGotcha,StrengthSap,RagePowder,TrickRoom|Bold|||||50|]Chimecho||Chimechite|Levitate|Boomburst,TrickRoom,FlashCannon,CosmicPower|Relaxed||F|||50|
|j|☆teampablo
|player|p2|teampablo|juan|
|
|t:|1783332034
|teamsize|p1|4
|teamsize|p2|4
|start
|switch|p1a: Venusaur|Venusaur, L50, M|100/100
|switch|p1b: Sinistcha|Sinistcha, L50|100/100
|switch|p2a: Spiritomb|Spiritomb, L50, F|100/100
|switch|p2b: Hatterene|Hatterene, L50, F|100/100
|turn|1
|
|t:|1783332056
|detailschange|p1a: Venusaur|Venusaur-Mega, L50, M
|-mega|p1a: Venusaur|Venusaur|Venusaurite
|move|p1a: Venusaur|Sludge Bomb|p2b: Hatterene
|-supereffective|p2b: Hatterene|1
|-damage|p2b: Hatterene|11/100
|move|p2a: Spiritomb|Snarl|p1a: Venusaur|[spread] p1a,p1b
|-crit|p1a: Venusaur
|-supereffective|p1b: Sinistcha|1
|-damage|p1a: Venusaur|80/100
|-damage|p1b: Sinistcha|78/100
|-unboost|p1a: Venusaur|spa|1
|-unboost|p1b: Sinistcha|spa|1
|move|p2b: Hatterene|Light Screen|p2b: Hatterene
|-sidestart|p2: teampablo|move: Light Screen
|move|p1b: Sinistcha|Trick Room|p1b: Sinistcha
|-fieldstart|move: Trick Room|[of] p1b: Sinistcha
|
|-heal|p1b: Sinistcha|84/100|[from] item: Leftovers
|upkeep
|turn|2
|
|t:|1783332136
|switch|p1b: Grimmsnarl|Grimmsnarl, L50, M|100/100
|move|p2b: Hatterene|Reflect|p2b: Hatterene
|-sidestart|p2: teampablo|Reflect
|move|p2a: Spiritomb|Snarl|p1a: Venusaur|[spread] p1a,p1b
|-resisted|p1b: Grimmsnarl|2
|-damage|p1a: Venusaur|70/100
|-damage|p1b: Grimmsnarl|97/100
|-unboost|p1a: Venusaur|spa|1
|-unboost|p1b: Grimmsnarl|spa|1
|move|p1a: Venusaur|Sludge Bomb|p2b: Hatterene
|-supereffective|p2b: Hatterene|1
|-damage|p2b: Hatterene|0 fnt
|faint|p2b: Hatterene
|
|upkeep
|
|t:|1783332158
|switch|p2b: Sylveon|Sylveon, L50, M|100/100
|turn|3
|
|t:|1783332173
|move|p1b: Grimmsnarl|Light Screen|p1b: Grimmsnarl
|-sidestart|p1: graavi|move: Light Screen
|move|p2a: Spiritomb|Will-O-Wisp|p1a: Venusaur
|-status|p1a: Venusaur|brn
|move|p2b: Sylveon|Hyper Voice|p1b: Grimmsnarl|[spread] p1a,p1b
|-resisted|p1a: Venusaur|1
|-supereffective|p1b: Grimmsnarl|1
|-damage|p1a: Venusaur|57/100 brn
|-damage|p1b: Grimmsnarl|41/100
|move|p1a: Venusaur|Sludge Bomb|p2b: Sylveon
|-supereffective|p2b: Sylveon|1
|-damage|p2b: Sylveon|77/100
|
|-damage|p1a: Venusaur|51/100 brn|[from] brn
|upkeep
|turn|4
|
|t:|1783332209
|move|p2b: Sylveon|Protect|p2b: Sylveon
|-singleturn|p2b: Sylveon|Protect
|move|p1b: Grimmsnarl|Reflect|p1b: Grimmsnarl
|-sidestart|p1: graavi|Reflect
|move|p2a: Spiritomb|Hex|p1a: Venusaur
|-damage|p1a: Venusaur|15/100 brn
|move|p1a: Venusaur|Sludge Bomb|p2b: Sylveon
|-activate|p2b: Sylveon|move: Protect
|
|-damage|p1a: Venusaur|9/100 brn|[from] brn
|upkeep
|turn|5
|
|t:|1783332246
|switch|p1b: Sinistcha|Sinistcha, L50|84/100
|-heal|p1a: Venusaur|34/100 brn|[from] ability: Hospitality|[of] p1b: Sinistcha
|move|p1a: Venusaur|Protect|p1a: Venusaur
|-singleturn|p1a: Venusaur|Protect
|move|p2a: Spiritomb|Hex|p1a: Venusaur
|-activate|p1a: Venusaur|move: Protect
|move|p2b: Sylveon|Hyper Voice|p1b: Sinistcha|[spread] p1b
|-activate|p1a: Venusaur|move: Protect
|-damage|p1b: Sinistcha|53/100
|
|-heal|p1b: Sinistcha|60/100|[from] item: Leftovers
|-damage|p1a: Venusaur|28/100 brn|[from] brn
|-fieldend|move: Trick Room
|upkeep
|turn|6
|
|t:|1783332280
|move|p2b: Sylveon|Protect|p2b: Sylveon
|-singleturn|p2b: Sylveon|Protect
|move|p1a: Venusaur|Giga Drain|p2a: Spiritomb
|-damage|p2a: Spiritomb|83/100
|-heal|p1a: Venusaur|35/100 brn|[from] drain|[of] p2a: Spiritomb
|move|p2a: Spiritomb|Hex|p1a: Venusaur
|-damage|p1a: Venusaur|4/100 brn
|move|p1b: Sinistcha|Trick Room|p1b: Sinistcha
|-fieldstart|move: Trick Room|[of] p1b: Sinistcha
|
|-heal|p2a: Spiritomb|89/100|[from] item: Leftovers
|-heal|p1b: Sinistcha|66/100|[from] item: Leftovers
|-damage|p1a: Venusaur|0 fnt|[from] brn
|faint|p1a: Venusaur
|upkeep
|
|t:|1783332295
|switch|p1a: Torkoal|Torkoal, L50, M|100/100
|-weather|SunnyDay|[from] ability: Drought|[of] p1a: Torkoal
|turn|7
|
|t:|1783332312
|move|p1a: Torkoal|Eruption|p2b: Sylveon|[spread] p2a,p2b
|-damage|p2a: Spiritomb|48/100
|-damage|p2b: Sylveon|52/100
|move|p2a: Spiritomb|Snarl|p1a: Torkoal|[spread] p1a,p1b
|-supereffective|p1b: Sinistcha|1
|-damage|p1a: Torkoal|87/100
|-damage|p1b: Sinistcha|44/100
|-unboost|p1a: Torkoal|spa|1
|-unboost|p1b: Sinistcha|spa|1
|move|p2b: Sylveon|Mystical Fire|p1a: Torkoal
|-resisted|p1a: Torkoal|1
|-damage|p1a: Torkoal|75/100
|-unboost|p1a: Torkoal|spa|1
|move|p1b: Sinistcha|Matcha Gotcha|p2b: Sylveon|[spread] p2a
|-miss|p1b: Sinistcha|p2b: Sylveon
|-damage|p2a: Spiritomb|35/100
|-heal|p1b: Sinistcha|51/100|[from] drain|[of] p2a: Spiritomb
|
|-weather|SunnyDay|[upkeep]
|-heal|p2a: Spiritomb|40/100|[from] item: Leftovers
|-heal|p1b: Sinistcha|57/100|[from] item: Leftovers
|upkeep
|turn|8
|
|t:|1783332346
|move|p2b: Sylveon|Protect|p2b: Sylveon
|-singleturn|p2b: Sylveon|Protect
|move|p1a: Torkoal|Eruption|p2a: Spiritomb|[spread] p2a
|-activate|p2b: Sylveon|move: Protect
|-damage|p2a: Spiritomb|25/100
|move|p2a: Spiritomb|Hex|p1b: Sinistcha
|-supereffective|p1b: Sinistcha|1
|-damage|p1b: Sinistcha|19/100
|move|p1b: Sinistcha|Life Dew|p1b: Sinistcha|[spread] p1a,p1b
|-heal|p1a: Torkoal|100/100
|-heal|p1b: Sinistcha|44/100
|
|-weather|SunnyDay|[upkeep]
|-heal|p2a: Spiritomb|31/100|[from] item: Leftovers
|-heal|p1b: Sinistcha|50/100g|[from] item: Leftovers
|-sideend|p2: teampablo|move: Light Screen
|upkeep
|turn|9
|
|t:|1783332379
|switch|p2b: Chimecho|Chimecho, L50, F|100/100
|move|p1a: Torkoal|Eruption|p2a: Spiritomb|[spread] p2a,p2b
|-crit|p2a: Spiritomb
|-damage|p2a: Spiritomb|0 fnt
|-damage|p2b: Chimecho|74/100
|faint|p2a: Spiritomb
|move|p1b: Sinistcha|Matcha Gotcha|p2b: Chimecho
|-damage|p2b: Chimecho|50/100y
|-heal|p1b: Sinistcha|63/100|[from] drain|[of] p2b: Chimecho
|
|-weather|SunnyDay|[upkeep]
|-heal|p1b: Sinistcha|69/100|[from] item: Leftovers
|-sideend|p2: teampablo|Reflect
|upkeep
|
|t:|1783332394
|switch|p2a: Sylveon|Sylveon, L50, M|52/100
|turn|10
|
|t:|1783332429
|detailschange|p2b: Chimecho|Chimecho-Mega, L50, F
|-mega|p2b: Chimecho|Chimecho|Chimechite
|move|p1a: Torkoal|Eruption|p2a: Sylveon|[spread] p2a,p2b
|-supereffective|p2b: Chimecho|1
|-damage|p2a: Sylveon|36/100
|-damage|p2b: Chimecho|9/100
|move|p2b: Chimecho|Cosmic Power|p2b: Chimecho
|-boost|p2b: Chimecho|def|1
|-boost|p2b: Chimecho|spd|1
|move|p2a: Sylveon|Skill Swap|p1b: Sinistcha
|-activate|p2a: Sylveon|Skill Swap|Hospitality|Pixilate|[of] p1b: Sinistcha
|-heal|p2b: Chimecho|34/100|[from] ability: Hospitality|[of] p2a: Sylveon
|move|p1b: Sinistcha|Matcha Gotcha|p2b: Chimecho|[spread] p2a,p2b
|-resisted|p2b: Chimecho|1
|-damage|p2a: Sylveon|25/100
|-heal|p1b: Sinistcha|75/100|[from] drain|[of] p2a: Sylveon
|-damage|p2b: Chimecho|29/100
|-heal|p1b: Sinistcha|78/100|[from] drain|[of] p2b: Chimecho
|-status|p2a: Sylveon|brn
|
|-weather|SunnyDay|[upkeep]
|-heal|p1b: Sinistcha|84/100|[from] item: Leftovers
|-damage|p2a: Sylveon|19/100 brn|[from] brn
|-sideend|p1: graavi|move: Light Screen
|-fieldend|move: Trick Room
|upkeep
|turn|11
|
|t:|1783332466
|move|p2a: Sylveon|Skill Swap|p2b: Chimecho
|-activate|p2a: Sylveon|Skill Swap|||[of] p2b: Chimecho
|-heal|p2a: Sylveon|44/100 brn|[from] ability: Hospitality|[of] p2b: Chimecho
|move|p2b: Chimecho|Boomburst|p1a: Torkoal|[spread] p2a,p1a
|-immune|p1b: Sinistcha
|-damage|p2a: Sylveon|22/100 brn
|-damage|p1a: Torkoal|68/100
|move|p1a: Torkoal|Eruption|p2b: Chimecho|[spread] p2a,p2b
|-supereffective|p2b: Chimecho|1
|-damage|p2a: Sylveon|10/100 brn
|-damage|p2b: Chimecho|8/100
|move|p1b: Sinistcha|Trick Room|p1b: Sinistcha
|-fieldstart|move: Trick Room|[of] p1b: Sinistcha
|
|-weather|none
|-heal|p1b: Sinistcha|91/100|[from] item: Leftovers
|-damage|p2a: Sylveon|4/100 brn|[from] brn
|-sideend|p1: graavi|Reflect
|upkeep
|turn|12
|inactive|Battle timer is ON: inactive players will automatically lose when time's up. (requested by graavi)
|inactive|teampablo has 60 seconds left.
|inactive|teampablo has 30 seconds left.
|inactive|teampablo has 20 seconds left.
|inactive|teampablo has 15 seconds left.
|inactive|teampablo has 10 seconds left.
|inactive|teampablo has 5 seconds left.
|
|t:|1783332669
|move|p1a: Torkoal|Eruption|p2a: Sylveon|[spread] p2a,p2b
|-supereffective|p2b: Chimecho|1
|-damage|p2a: Sylveon|0 fnt
|-damage|p2b: Chimecho|0 fnt
|faint|p2a: Sylveon
|faint|p2b: Chimecho
|
|win|graavi
|raw|graavi's rating: 1040 → 1074(+34 for winning)
|raw|teampablo's rating: 1043 → 1026(-17 for losing)
