|j|☆negaifreak
|j|☆CursedCookie475
|html|negaifreakCursedCookie475    
|uhtml|bestof|Game 1 of a best-of-3
|t:|1756244808
|gametype|doubles
|player|p1|negaifreak|nate|1105
|player|p2|CursedCookie475|266|1009
|gen|9
|tier|[Gen 9] VGC 2025 Reg H (Bo3)
|rated|
|rule|Species Clause: Limit one of each Pokémon
|rule|Item Clause: Limit 1 of each item
|clearpoke
|poke|p1|Ceruledge, L50, F|
|poke|p1|Sneasler, L50, F|
|poke|p1|Rillaboom, L50, M|
|poke|p1|Salamence, L50, M|
|poke|p1|Milotic, L50, F|
|poke|p1|Ninetales-Alola, L50, F|
|poke|p2|Indeedee-F, L50, F|
|poke|p2|Armarouge, L50, M|
|poke|p2|Torkoal, L50, M|
|poke|p2|Ursaluna, L50, M|
|poke|p2|Hatterene, L50, F|
|poke|p2|Lilligant-Hisui, L50, F|
|teampreview|4
|showteam|p1|Ceruledge||ClearAmulet|FlashFire|BitterBlade,ShadowSneak,BulkUp,Protect|||F|||50|,,,,,Grass]Sneasler||GrassySeed|Unburden|DireClaw,CloseCombat,Coaching,Protect|||F|||50|,,,,,Stellar]Rillaboom||AssaultVest|GrassySurge|FakeOut,GrassyGlide,WoodHammer,HighHorsepower|||M|||50|,,,,,Fire]Salamence||LifeOrb|Intimidate|AirSlash,DracoMeteor,Tailwind,Protect|||M|||50|,,,,,Steel]Milotic||Leftovers|Competitive|Scald,IceBeam,Haze,Protect|||F|||50|,,,,,Dragon]Ninetales-Alola||FocusSash|SnowWarning|FreezeDry,Moonblast,AuroraVeil,Protect|||F|||50|,,,,,Ice
|showteam|p2|Indeedee-F||RockyHelmet|PsychicSurge|Psychic,HelpingHand,FollowMe,TrickRoom|||F|||50|,,,,,Grass]Armarouge||PowerHerb|FlashFire|ExpandingForce,ArmorCannon,MeteorBeam,TrickRoom|||M|||50|,,,,,Grass]Torkoal||Charcoal|Drought|Eruption,WeatherBall,HeatWave,Protect|||M|||50|,,,,,Fire]Ursaluna||FlameOrb|Guts|Facade,HeadlongRush,Substitute,Protect|||M|||50|,,,,,Ghost]Hatterene||LifeOrb|MagicBounce|ExpandingForce,DazzlingGleam,TrickRoom,Protect|||F|||50|,,,,,Psychic]Lilligant-Hisui||FocusSash|Chlorophyll|SolarBlade,CloseCombat,SleepPowder,AfterYou|||F|||50|,,,,,Ghost
|c|☆negaifreak|GLHF
|
|t:|1756244853
|teamsize|p1|4
|teamsize|p2|4
|start
|switch|p1a: Rillaboom|Rillaboom, L50, M|100/100
|switch|p1b: Sneasler|Sneasler, L50, F|100/100
|switch|p2a: Indeedee|Indeedee-F, L50, F|100/100
|switch|p2b: Lilligant|Lilligant-Hisui, L50, F|100/100
|-fieldstart|move: Grassy Terrain|[from] ability: Grassy Surge|[of] p1a: Rillaboom
|-enditem|p1b: Sneasler|Grassy Seed
|-boost|p1b: Sneasler|def|1|[from] item: Grassy Seed
|-fieldstart|move: Psychic Terrain|[from] ability: Psychic Surge|[of] p2a: Indeedee
|turn|1
|
|t:|1756244889
|switch|p1a: Ceruledge|Ceruledge, L50, F, shiny|100/100
|move|p1b: Sneasler|Dire Claw|p2b: Lilligant
|-supereffective|p2b: Lilligant
|-enditem|p2b: Lilligant|Focus Sash
|-damage|p2b: Lilligant|1/100
|move|p2b: Lilligant|After You|p2a: Indeedee
|-activate|p2a: Indeedee|move: After You
|move|p2a: Indeedee|Trick Room|p2a: Indeedee
|-fieldstart|move: Trick Room|[of] p2a: Indeedee
|
|upkeep
|turn|2
|
|t:|1756244923
|switch|p1b: Rillaboom|Rillaboom, L50, M|100/100
|-fieldstart|move: Grassy Terrain|[from] ability: Grassy Surge|[of] p1b: Rillaboom
|-terastallize|p1a: Ceruledge|Grass
|move|p2a: Indeedee|Psychic|p1b: Rillaboom
|-damage|p1b: Rillaboom|78/100
|move|p1a: Ceruledge|Bulk Up|p1a: Ceruledge
|-boost|p1a: Ceruledge|atk|1
|-boost|p1a: Ceruledge|def|1
|move|p2b: Lilligant|Sleep Powder|p1a: Ceruledge
|-immune|p1a: Ceruledge
|
|-heal|p1b: Rillaboom|85/100|[from] Grassy Terrain
|-heal|p2b: Lilligant|7/100|[from] Grassy Terrain
|upkeep
|turn|3
|
|t:|1756244977
|switch|p2a: Ursaluna|Ursaluna, L50, M|100/100
|switch|p2b: Hatterene|Hatterene, L50, F|100/100
|move|p1a: Ceruledge|Bulk Up|p1a: Ceruledge
|-boost|p1a: Ceruledge|atk|1
|-boost|p1a: Ceruledge|def|1
|move|p1b: Rillaboom|High Horsepower|p2a: Ursaluna
|-damage|p2a: Ursaluna|73/100
|
|-heal|p2a: Ursaluna|79/100|[from] Grassy Terrain
|-heal|p1b: Rillaboom|91/100|[from] Grassy Terrain
|-status|p2a: Ursaluna|brn|[from] item: Flame Orb
|upkeep
|turn|4
|
|t:|1756245011
|switch|p2a: Indeedee|Indeedee-F, L50, F|100/100
|-fieldstart|move: Psychic Terrain|[from] ability: Psychic Surge|[of] p2a: Indeedee
|switch|p1b: Ninetales|Ninetales-Alola, L50, F|100/100
|-weather|Snowscape|[from] ability: Snow Warning|[of] p1b: Ninetales
|-terastallize|p2b: Hatterene|Psychic
|move|p1a: Ceruledge|Protect|p1a: Ceruledge
|-singleturn|p1a: Ceruledge|Protect
|move|p2b: Hatterene|Expanding Force|p1a: Ceruledge|[spread] p1b
|-activate|p1a: Ceruledge|move: Protect
|-enditem|p1b: Ninetales|Focus Sash
|-damage|p1b: Ninetales|1/100
|-damage|p2b: Hatterene|91/100|[from] item: Life Orb
|
|-weather|Snowscape|[upkeep]
|upkeep
|turn|5
|
|t:|1756245052
|switch|p1b: Rillaboom|Rillaboom, L50, M|91/100
|-fieldstart|move: Grassy Terrain|[from] ability: Grassy Surge|[of] p1b: Rillaboom
|move|p2a: Indeedee|Follow Me|p2a: Indeedee
|-singleturn|p2a: Indeedee|move: Follow Me
|move|p2b: Hatterene|Expanding Force|p1a: Ceruledge
|-damage|p1a: Ceruledge|21/100
|-damage|p2b: Hatterene|82/100|[from] item: Life Orb
|move|p1a: Ceruledge|Bitter Blade|p2a: Indeedee
|-damage|p2a: Indeedee|11/100
|-heal|p1a: Ceruledge|66/100|[from] drain|[of] p2a: Indeedee
|-damage|p1a: Ceruledge|50/100|[from] item: Rocky Helmet|[of] p2a: Indeedee
|
|-weather|Snowscape|[upkeep]
|-heal|p2b: Hatterene|87/100|[from] Grassy Terrain
|-heal|p2a: Indeedee|17/100|[from] Grassy Terrain
|-heal|p1a: Ceruledge|56/100|[from] Grassy Terrain
|-heal|p1b: Rillaboom|97/100|[from] Grassy Terrain
|-fieldend|move: Trick Room
|upkeep
|turn|6
|
|t:|1756245093
|switch|p2a: Ursaluna|Ursaluna, L50, M|79/100 brn
|move|p1b: Rillaboom|Wood Hammer|p2a: Ursaluna
|-supereffective|p2a: Ursaluna
|-damage|p2a: Ursaluna|0 fnt
|faint|p2a: Ursaluna
|-damage|p1b: Rillaboom|64/100|[from] Recoil
|move|p1a: Ceruledge|Bitter Blade|p2b: Hatterene
|-damage|p2b: Hatterene|0 fnt
|-heal|p1a: Ceruledge|95/100|[from] drain|[of] p2b: Hatterene
|faint|p2b: Hatterene
|
|-weather|Snowscape|[upkeep]
|-heal|p1b: Rillaboom|71/100|[from] Grassy Terrain
|-heal|p1a: Ceruledge|100/100|[from] Grassy Terrain
|upkeep
|
|t:|1756245106
|switch|p2a: Indeedee|Indeedee-F, L50, F|17/100
|switch|p2b: Lilligant|Lilligant-Hisui, L50, F|7/100
|-fieldstart|move: Psychic Terrain|[from] ability: Psychic Surge|[of] p2a: Indeedee
|turn|7
|-message|CursedCookie475 forfeited.
|
|win|negaifreak
|l|☆CursedCookie475
|player|p2|
