|j|☆Colonelpaco
|j|☆noexperiencesorry
|html|Colonelpaconoexperiencesorry    
|uhtml|bestof|Game 2 of a best-of-3
|t:|1757723361
|gametype|doubles
|player|p1|Colonelpaco|102|1062
|player|p2|noexperiencesorry|265|1145
|gen|9
|tier|[Gen 9] VGC 2025 Reg H (Bo3)
|rated|
|rule|Species Clause: Limit one of each Pokémon
|rule|Item Clause: Limit 1 of each item
|clearpoke
|poke|p1|Sneasler, L50, F|
|poke|p1|Dragapult, L50, M|
|poke|p1|Primarina, L50, M|
|poke|p1|Rillaboom, L50, F|
|poke|p1|Kingambit, L50, M|
|poke|p1|Magmar, L50, M|
|poke|p2|Gardevoir, L50, F|
|poke|p2|Dragapult, L50, F|
|poke|p2|Incineroar, L50, M|
|poke|p2|Araquanid, L50, M|
|poke|p2|Rillaboom, L50, F|
|poke|p2|Zoroark-Hisui, L50, M|
|teampreview|4
|showteam|p1|Sneasler||FocusSash|Unburden|CloseCombat,DireClaw,FakeOut,Protect|||F|||50|,,,,,Stellar]Dragapult||ChoiceBand|ClearBody|DragonDarts,TeraBlast,PhantomForce,Uturn|||M|||50|,,,,,Ghost]Primarina||SitrusBerry|LiquidVoice|HyperVoice,Moonblast,Haze,Protect|||M|||50|,,,,,Water]Rillaboom||AssaultVest|GrassySurge|WoodHammer,GrassyGlide,HighHorsepower,FakeOut|||F|||50|,,,,,Fire]Kingambit||BlackGlasses|Defiant|KowtowCleave,SuckerPunch,SwordsDance,Protect|||M|||50|,,,,,Ghost]Magmar||Eviolite|VitalSpirit|Overheat,WillOWisp,FollowMe,Protect|||M|||50|,,,,,Ghost
|showteam|p2|Gardevoir||GrassySeed|Trace|TrickRoom,Imprison,Moonblast,ExpandingForce|||F|||50|,,,,,Dark]Dragapult||ChoiceBand|ClearBody|DragonDarts,TeraBlast,PhantomForce,Outrage|||F|||50|,,,,,Dragon]Incineroar||SafetyGoggles|Intimidate|KnockOff,FakeOut,PartingShot,FlareBlitz|||M|||50|,,,,,Ghost]Araquanid||ClearAmulet|WaterBubble|WideGuard,Lunge,Liquidation,Crunch|||M|||50|,,,,,Dark]Rillaboom||AssaultVest|GrassySurge|DrumBeating,GrassyGlide,StompingTantrum,FakeOut|||F|||50|,,,,,Fire]Zoroark-Hisui||ChoiceScarf|Illusion|HyperVoice,BitterMalice,TeraBlast,Psychic|||M|||50|,,,,,Fighting
|inactive|Battle timer is ON: inactive players will automatically lose when time's up. (requested by Colonelpaco)
|inactive|noexperiencesorry has 60 seconds left.
|
|t:|1757723393
|teamsize|p1|4
|teamsize|p2|4
|start
|switch|p1a: Kingambit|Kingambit, L50, M|100/100
|switch|p1b: Sneasler|Sneasler, L50, F|100/100
|switch|p2a: Gardevoir|Gardevoir, L50, F|100/100
|switch|p2b: Rillaboom|Rillaboom, L50, F|100/100
|-fieldstart|move: Grassy Terrain|[from] ability: Grassy Surge|[of] p2b: Rillaboom
|turn|1
|inactive|Colonelpaco has 30 seconds left.
|
|t:|1757723426
|-terastallize|p1a: Kingambit|Ghost
|move|p1b: Sneasler|Fake Out|p2a: Gardevoir
|-immune|p2a: Gardevoir
|move|p2b: Rillaboom|Fake Out|p1b: Sneasler
|-damage|p1b: Sneasler|76/100
|move|p2a: Gardevoir|Psychic|p1b: Sneasler
|-supereffective|p1b: Sneasler
|-crit|p1b: Sneasler
|-damage|p1b: Sneasler|0 fnt
|faint|p1b: Sneasler
|move|p1a: Kingambit|Kowtow Cleave|p2a: Gardevoir
|-supereffective|p2a: Gardevoir
|-damage|p2a: Gardevoir|0 fnt
|replace|p2a: Zoroark|Zoroark-Hisui, L50, M
|-end|p2a: Zoroark|Illusion
|faint|p2a: Zoroark
|
|upkeep
|
|t:|1757723443
|switch|p1b: Magmar|Magmar, L50, M|100/100
|switch|p2a: Gardevoir|Gardevoir, L50, F|100/100
|-ability|p2a: Gardevoir|Vital Spirit|Trace|[from] ability: Trace|[of] p1b: Magmar
|-enditem|p2a: Gardevoir|Grassy Seed
|-boost|p2a: Gardevoir|def|1|[from] item: Grassy Seed
|turn|2
|inactive|noexperiencesorry has 30 seconds left.
|
|t:|1757723472
|move|p1a: Kingambit|Sucker Punch|p2a: Gardevoir
|-damage|p2a: Gardevoir|67/100
|move|p1b: Magmar|Overheat|p2b: Rillaboom
|-supereffective|p2b: Rillaboom
|-damage|p2b: Rillaboom|39/100
|-unboost|p1b: Magmar|spa|2
|move|p2b: Rillaboom|Stomping Tantrum|p1a: Kingambit
|-damage|p1a: Kingambit|82/100
|move|p2a: Gardevoir|Expanding Force|p1a: Kingambit
|-damage|p1a: Kingambit|50/100
|
|-heal|p2b: Rillaboom|45/100|[from] Grassy Terrain
|-heal|p2a: Gardevoir|73/100|[from] Grassy Terrain
|-heal|p1a: Kingambit|56/100|[from] Grassy Terrain
|upkeep
|turn|3
|
|t:|1757723495
|move|p1b: Magmar|Follow Me|p1b: Magmar
|-singleturn|p1b: Magmar|move: Follow Me
|move|p2b: Rillaboom|Drum Beating|p1b: Magmar
|-resisted|p1b: Magmar
|-damage|p1b: Magmar|81/100
|-unboost|p1b: Magmar|spe|1
|move|p2a: Gardevoir|Expanding Force|p1b: Magmar
|-damage|p1b: Magmar|60/100
|move|p1a: Kingambit|Kowtow Cleave|p2b: Rillaboom
|-damage|p2b: Rillaboom|0 fnt
|faint|p2b: Rillaboom
|
|-heal|p2a: Gardevoir|79/100|[from] Grassy Terrain
|-heal|p1b: Magmar|66/100|[from] Grassy Terrain
|-heal|p1a: Kingambit|62/100|[from] Grassy Terrain
|upkeep
|
|t:|1757723508
|switch|p2b: Araquanid|Araquanid, L50, M|100/100
|turn|4
|
|t:|1757723519
|move|p1b: Magmar|Follow Me|p1b: Magmar
|-singleturn|p1b: Magmar|move: Follow Me
|move|p1a: Kingambit|Swords Dance|p1a: Kingambit
|-boost|p1a: Kingambit|atk|2
|move|p2b: Araquanid|Liquidation|p1b: Magmar
|-supereffective|p1b: Magmar
|-damage|p1b: Magmar|0 fnt
|faint|p1b: Magmar
|move|p2a: Gardevoir|Trick Room|p2a: Gardevoir
|-fieldstart|move: Trick Room|[of] p2a: Gardevoir
|
|-heal|p1a: Kingambit|68/100|[from] Grassy Terrain
|-heal|p2a: Gardevoir|84/100|[from] Grassy Terrain
|upkeep
|
|t:|1757723529
|switch|p1b: Rillaboom|Rillaboom, L50, F|100/100
|turn|5
|
|t:|1757723551
|-terastallize|p2b: Araquanid|Dark
|move|p1b: Rillaboom|Fake Out|p2a: Gardevoir
|-damage|p2a: Gardevoir|74/100
|move|p2b: Araquanid|Crunch|p1a: Kingambit
|-supereffective|p1a: Kingambit
|-damage|p1a: Kingambit|22/100
|move|p1a: Kingambit|Kowtow Cleave|p2b: Araquanid
|-resisted|p2b: Araquanid
|-damage|p2b: Araquanid|32/100
|cant|p2a: Gardevoir|flinch
|
|-heal|p2b: Araquanid|38/100|[from] Grassy Terrain
|-heal|p1a: Kingambit|28/100|[from] Grassy Terrain
|-heal|p2a: Gardevoir|79/100|[from] Grassy Terrain
|-fieldend|move: Grassy Terrain
|upkeep
|turn|6
|inactive|Colonelpaco has 30 seconds left.
|inactive|noexperiencesorry has 30 seconds left.
|
|t:|1757723579
|move|p2b: Araquanid|Lunge|p1b: Rillaboom
|-supereffective|p1b: Rillaboom
|-damage|p1b: Rillaboom|36/100
|-unboost|p1b: Rillaboom|atk|1
|move|p1a: Kingambit|Kowtow Cleave|p2b: Araquanid
|-resisted|p2b: Araquanid
|-damage|p2b: Araquanid|0 fnt
|faint|p2b: Araquanid
|move|p2a: Gardevoir|Imprison|p2a: Gardevoir
|-start|p2a: Gardevoir|move: Imprison
|move|p1b: Rillaboom|Wood Hammer|p2a: Gardevoir
|-damage|p2a: Gardevoir|48/100
|-damage|p1b: Rillaboom|26/100|[from] Recoil
|
|upkeep
|turn|7
|
|t:|1757723602
|move|p1a: Kingambit|Kowtow Cleave|p2a: Gardevoir
|-damage|p2a: Gardevoir|0 fnt
|faint|p2a: Gardevoir
|
|win|Colonelpaco
|raw|Colonelpaco's rating: 1062 → 1100(+38 for winning)
|raw|noexperiencesorry's rating: 1145 → 1114(-31 for losing)
|l|☆noexperiencesorry
|player|p2|
