|j|☆Mega Chime Time
|j|☆midranger
|html|Mega Chime Timemidranger    
|uhtml|bestof|Game 1 of a best-of-3
|t:|1783444564
|gametype|doubles
|player|p1|Mega Chime Time|miku-flying|
|player|p2|midranger|1|
|gen|9
|tier|[Gen 9 Champions] VGC 2026 Reg M-B (Bo3)
|rule|Species Clause: Limit one of each Pokémon
|rule|Item Clause: Limit 1 of each item
|clearpoke
|poke|p1|Chimecho, L50, F|
|poke|p1|Starmie, L50|
|poke|p1|Klefki, L50, M|
|poke|p1|Rotom-Mow, L50|
|poke|p1|Salazzle, L50, F|
|poke|p1|Gliscor, L50, F, shiny|
|poke|p2|Arcanine, L50, M|
|poke|p2|Decidueye-Hisui, L50, M|
|poke|p2|Altaria, L50, F|
|poke|p2|Liepard, L50, F|
|poke|p2|Diggersby, L50, F|
|poke|p2|Blastoise, L50, F|
|teampreview|4
|showteam|p1|Chimecho||Leftovers|Levitate|StoredPower,CosmicPower,Recover,Protect|Bold||F|||50|]Starmie||Starminite|Illuminate|AquaJet,Liquidation,Protect,BulkUp|Jolly|||||50|]Klefki||LightClay|Prankster|RainDance,DazzlingGleam,Reflect,LightScreen|Calm||M|||50|]Rotom-Mow||ChoiceScarf|Levitate|VoltSwitch,Trick,LeafStorm,Thunderbolt|Timid|||||50|]Salazzle||FocusSash|Corrosion|FakeOut,HeatWave,Encore,Protect|Hasty||F|||50|]Gliscor||SitrusBerry|HyperCutter|Earthquake,Tailwind,Toxic,Protect|Jolly||F|||50|
|showteam|p2|Arcanine||SitrusBerry|Intimidate|Protect,FlareBlitz,Howl,ExtremeSpeed|Adamant||M|||50|]Decidueye-Hisui||ChoiceScarf|Scrappy|TripleArrows,LeafBlade,Uturn,KnockOff|Adamant||M|||50|]Altaria||Altarianite|CloudNine|HyperVoice,Protect,Tailwind,DragonPulse|Modest||F|||50|]Liepard||FocusSash|Prankster|KnockOff,Taunt,FakeOut,Yawn|Jolly||F|||50|]Diggersby||LifeOrb|HugePower|HighHorsepower,RockSlide,IronHead,Protect|Adamant||F|||50|]Blastoise||MysticWater|Torrent|FakeOut,WaveCrash,AquaJet,BrickBreak|Adamant||F|||50|
|inactive|Battle timer is ON: inactive players will automatically lose when time's up. (requested by Mega Chime Time)
|c|☆midranger|Hey!
|c|☆Mega Chime Time|gl hf!
|inactiveoff|Battle timer is now OFF.
|c|☆midranger|you too!
|
|t:|1783444648
|teamsize|p1|4
|teamsize|p2|4
|start
|switch|p1a: Klefki|Klefki, L50, M|100/100
|switch|p1b: Rotom|Rotom-Mow, L50|100/100
|switch|p2a: Liepard|Liepard, L50, F|100/100
|switch|p2b: Altaria|Altaria, L50, F|100/100
|-ability|p2b: Altaria|Cloud Nine
|turn|1
|
|t:|1783444686
|detailschange|p2b: Altaria|Altaria-Mega, L50, F
|-mega|p2b: Altaria|Altaria|Altarianite
|move|p2a: Liepard|Taunt|p1a: Klefki
|-start|p1a: Klefki|move: Taunt
|move|p1b: Rotom|Volt Switch|p2a: Liepard
|-damage|p2a: Liepard|40/100
|
|t:|1783444700
|switch|p1b: Salazzle|Salazzle, L50, F|100/100|[from] Volt Switch
|move|p2b: Altaria|Hyper Voice|p1b: Salazzle|[spread] p1a,p1b
|-resisted|p1a: Klefki|1
|-resisted|p1b: Salazzle|2
|-damage|p1a: Klefki|81/100
|-damage|p1b: Salazzle|81/100
|move|p1a: Klefki|Dazzling Gleam|p2b: Altaria|[spread] p2a,p2b
|-supereffective|p2a: Liepard|1
|-supereffective|p2b: Altaria|1
|-damage|p2a: Liepard|0 fnt
|-damage|p2b: Altaria|64/100
|faint|p2a: Liepard
|
|upkeep
|
|t:|1783444712
|switch|p2a: Arcanine|Arcanine, L50, M|100/100
|-ability|p2a: Arcanine|Intimidate|boost
|-unboost|p1a: Klefki|atk|1
|-unboost|p1b: Salazzle|atk|1
|turn|2
|
|t:|1783444734
|switch|p2b: Blastoise|Blastoise, L50, F|100/100
|switch|p1a: Rotom|Rotom-Mow, L50|100/100
|move|p2a: Arcanine|Protect|p2a: Arcanine
|-singleturn|p2a: Arcanine|Protect
|move|p1b: Salazzle|Fake Out|p2a: Arcanine
|-activate|p2a: Arcanine|move: Protect
|
|upkeep
|turn|3
|
|t:|1783444757
|move|p2b: Blastoise|Fake Out|p1a: Rotom
|-damage|p1a: Rotom|88/100
|cant|p1a: Rotom|flinch
|move|p1b: Salazzle|Encore|p2a: Arcanine
|-start|p2a: Arcanine|Encore
|move|p2a: Arcanine|Protect||[still]
|-fail|p2a: Arcanine
|
|upkeep
|turn|4
|
|t:|1783444771
|switch|p2a: Altaria|Altaria-Mega, L50, F|64/100
|move|p2b: Blastoise|Aqua Jet|p1b: Salazzle
|-supereffective|p1b: Salazzle|1
|-damage|p1b: Salazzle|9/100
|move|p1a: Rotom|Thunderbolt|p2a: Altaria
|-resisted|p2a: Altaria|1
|-damage|p2a: Altaria|45/100
|move|p1b: Salazzle|Encore|p2b: Blastoise
|-start|p2b: Blastoise|Encore
|
|upkeep
|turn|5
|
|t:|1783444788
|switch|p1b: Klefki|Klefki, L50, M|81/100
|move|p2b: Blastoise|Aqua Jet|p1b: Klefki
|-damage|p1b: Klefki|62/100
|move|p1a: Rotom|Thunderbolt|p2b: Blastoise
|-supereffective|p2b: Blastoise|1
|-damage|p2b: Blastoise|29/100
|move|p2a: Altaria|Hyper Voice|p1a: Rotom|[spread] p1a,p1b
|-resisted|p1b: Klefki|1
|-damage|p1a: Rotom|39/100
|-damage|p1b: Klefki|42/100
|
|upkeep
|turn|6
|
|t:|1783444801
|switch|p2b: Arcanine|Arcanine, L50, M|100/100
|-ability|p2b: Arcanine|Intimidate|boost
|-unboost|p1a: Rotom|atk|1
|-unboost|p1b: Klefki|atk|1
|move|p1b: Klefki|Light Screen|p1b: Klefki
|-sidestart|p1: Mega Chime Time|move: Light Screen
|move|p1a: Rotom|Thunderbolt|p2b: Arcanine
|-crit|p2b: Arcanine
|-damage|p2b: Arcanine|45/100
|-enditem|p2b: Arcanine|Sitrus Berry|[eat]
|-heal|p2b: Arcanine|70/100|[from] item: Sitrus Berry
|move|p2a: Altaria|Hyper Voice|p1b: Klefki|[spread] p1a,p1b
|-resisted|p1b: Klefki|1
|-damage|p1a: Rotom|3/100
|-damage|p1b: Klefki|29/100
|
|upkeep
|turn|7
|
|t:|1783444832
|switch|p1a: Salazzle|Salazzle, L50, F|9/100
|move|p2b: Arcanine|Extreme Speed|p1a: Salazzle
|-damage|p1a: Salazzle|0 fnt
|faint|p1a: Salazzle
|move|p1b: Klefki|Reflect|p1b: Klefki
|-sidestart|p1: Mega Chime Time|Reflect
|move|p2a: Altaria|Hyper Voice|p1b: Klefki
|-resisted|p1b: Klefki|1
|-damage|p1b: Klefki|12/100
|
|upkeep
|
|t:|1783444841
|switch|p1a: Starmie|Starmie, L50|100/100
|turn|8
|
|t:|1783444865
|detailschange|p1a: Starmie|Starmie-Mega, L50
|-mega|p1a: Starmie|Starmie|Starminite
|move|p2b: Arcanine|Extreme Speed|p1b: Klefki
|-resisted|p1b: Klefki|1
|-damage|p1b: Klefki|4/100
|move|p1a: Starmie|Liquidation|p2b: Arcanine
|-supereffective|p2b: Arcanine|1
|-damage|p2b: Arcanine|0 fnt
|faint|p2b: Arcanine
|move|p2a: Altaria|Hyper Voice|p1b: Klefki|[spread] p1a,p1b
|-resisted|p1b: Klefki|1
|-damage|p1a: Starmie|63/100
|-damage|p1b: Klefki|0 fnt
|faint|p1b: Klefki
|
|upkeep
|
|t:|1783444877
|switch|p2b: Blastoise|Blastoise, L50, F|29/100
|switch|p1b: Rotom|Rotom-Mow, L50|3/100
|turn|9
|
|t:|1783444913
|move|p2b: Blastoise|Fake Out|p1b: Rotom
|-damage|p1b: Rotom|0 fnt
|faint|p1b: Rotom
|move|p1a: Starmie|Liquidation|p2a: Altaria
|-resisted|p2a: Altaria|1
|-damage|p2a: Altaria|10/100
|move|p2a: Altaria|Hyper Voice|p1a: Starmie
|-crit|p1a: Starmie
|-damage|p1a: Starmie|0 fnt
|faint|p1a: Starmie
|
|win|midranger
||Mega Chime Time is ready for game 2.
|inactive|midranger has 30 seconds to confirm battle start!
||midranger is ready for game 2.
|uhtml|next|Next: Game 2 of 3
