|j|☆number1bocchifan
|j|☆g1c13
|html|number1bocchifang1c13    
|uhtml|bestof|Game 2 of a best-of-3
|t:|1756699959
|gametype|doubles
|player|p1|number1bocchifan|265|1065
|player|p2|g1c13|265|1000
|gen|9
|tier|[Gen 9] VGC 2025 Reg H (Bo3)
|rated|
|rule|Species Clause: Limit one of each Pokémon
|rule|Item Clause: Limit 1 of each item
|clearpoke
|poke|p1|Ninetales-Alola, L50, M|
|poke|p1|Dragonite, L50, F|
|poke|p1|Ursaluna-Bloodmoon, L50, M|
|poke|p1|Magmar, L50, M|
|poke|p1|Gholdengo, L50|
|poke|p1|Lapras, L50, M|
|poke|p2|Farigiraf, L50, F|
|poke|p2|Weezing-Galar, L50, M|
|poke|p2|Slaking, L50, M|
|poke|p2|Glaceon, L50, M|
|poke|p2|Indeedee-F, L50, F|
|poke|p2|Ninetales-Alola, L50, M|
|teampreview|4
|showteam|p1|Ninetales-Alola||FocusSash|SnowWarning|Protect,Blizzard,FreezeDry,AuroraVeil|||M|||50|,,,,,Water]Dragonite||LoadedDice|Multiscale|Protect,ScaleShot,ExtremeSpeed,Tailwind|||F|||50|,,,,,Fairy]Ursaluna-Bloodmoon||AssaultVest|MindsEye|EarthPower,BloodMoon,HyperVoice,VacuumWave|||M|||50|,,,,,Water]Magmar||Eviolite|FlameBody|Protect,FollowMe,Taunt,Overheat|||M|||50|,,,,,Ghost]Gholdengo||LifeOrb|GoodasGold|Protect,MakeItRain,ShadowBall,TeraBlast||||||50|,,,,,Fighting]Lapras||Leftovers|WaterAbsorb|Protect,FreezeDry,SheerCold,Haze|||M|||50|,,,,,Ground
|showteam|p2|Farigiraf||AbilityShield|ArmorTail|TrickRoom,Imprison,HyperVoice,TwinBeam|||F|||50|,,,,,Normal]Weezing-Galar||Leftovers|NeutralizingGas|Protect,WillOWisp,SludgeBomb,StrangeSteam|||M|||50|,,,,,Poison]Slaking||LifeOrb|Truant|BodySlam,PlayRough,SlackOff,SuckerPunch|||M|||50|,,,,,Normal]Glaceon||ChoiceSpecs|SnowCloak|FreezeDry,ShadowBall,TeraBlast,AlluringVoice|||M|||50|,,,,,Water]Indeedee-F||MentalHerb|PsychicSurge|HelpingHand,TrickRoom,HealPulse,LightScreen|||F|||50|,,,,,Psychic]Ninetales-Alola||LightClay|SnowWarning|AuroraVeil,IcyWind,Disable,FakeTears|||M|||50|,,,,,Ice
|
|t:|1756699980
|teamsize|p1|4
|teamsize|p2|4
|start
|switch|p1a: Ursaluna|Ursaluna-Bloodmoon, L50, M|100/100
|switch|p1b: Magmar|Magmar, L50, M|100/100
|switch|p2a: Ninetales|Ninetales-Alola, L50, M|100/100
|switch|p2b: Indeedee|Indeedee-F, L50, F|100/100
|-weather|Snowscape|[from] ability: Snow Warning|[of] p2a: Ninetales
|-fieldstart|move: Psychic Terrain|[from] ability: Psychic Surge|[of] p2b: Indeedee
|turn|1
|
|t:|1756699998
|-terastallize|p1a: Ursaluna|Water
|move|p2a: Ninetales|Aurora Veil|p2a: Ninetales
|-sidestart|p2: g1c13|move: Aurora Veil
|move|p1b: Magmar|Taunt|p2a: Ninetales
|-start|p2a: Ninetales|move: Taunt
|move|p1a: Ursaluna|Hyper Voice|p2a: Ninetales|[spread] p2a,p2b
|-damage|p2a: Ninetales|76/100
|-damage|p2b: Indeedee|82/100
|move|p2b: Indeedee|Trick Room|p2b: Indeedee
|-fieldstart|move: Trick Room|[of] p2b: Indeedee
|
|-weather|Snowscape|[upkeep]
|upkeep
|turn|2
|
|t:|1756700014
|switch|p2a: Glaceon|Glaceon, L50, M|100/100
|move|p1a: Ursaluna|Blood Moon|p2a: Glaceon
|-damage|p2a: Glaceon|42/100
|move|p2b: Indeedee|Light Screen|p2b: Indeedee
|-sidestart|p2: g1c13|move: Light Screen
|move|p1b: Magmar|Taunt|p2b: Indeedee
|-start|p2b: Indeedee|move: Taunt
|-enditem|p2b: Indeedee|Mental Herb
|-end|p2b: Indeedee|move: Taunt
|
|-weather|Snowscape|[upkeep]
|upkeep
|turn|3
|
|t:|1756700048
|-terastallize|p2a: Glaceon|Water
|move|p1a: Ursaluna|Earth Power|p2a: Glaceon|[miss]
|-miss|p1a: Ursaluna|p2a: Glaceon
|move|p2a: Glaceon|Freeze-Dry|p1a: Ursaluna
|-supereffective|p1a: Ursaluna
|-damage|p1a: Ursaluna|13/100
|move|p2b: Indeedee|Heal Pulse|p2a: Glaceon
|-heal|p2a: Glaceon|92/100
|move|p1b: Magmar|Taunt|p2b: Indeedee
|-start|p2b: Indeedee|move: Taunt
|
|-weather|Snowscape|[upkeep]
|upkeep
|turn|4
|
|t:|1756700068
|switch|p2b: Farigiraf|Farigiraf, L50, F|100/100
|move|p1b: Magmar|Follow Me|p1b: Magmar
|-singleturn|p1b: Magmar|move: Follow Me
|move|p1a: Ursaluna|Blood Moon|p2a: Glaceon
|-damage|p2a: Glaceon|33/100
|move|p2a: Glaceon|Freeze-Dry|p1b: Magmar
|-resisted|p1b: Magmar
|-damage|p1b: Magmar|78/100
|
|-weather|Snowscape|[upkeep]
|upkeep
|turn|5
|
|t:|1756700086
|switch|p2a: Indeedee|Indeedee-F, L50, F|82/100
|move|p1b: Magmar|Follow Me|p1b: Magmar
|-singleturn|p1b: Magmar|move: Follow Me
|move|p1a: Ursaluna|Hyper Voice|p2a: Indeedee|[spread] p2a,p2b
|-damage|p2a: Indeedee|64/100
|-damage|p2b: Farigiraf|78/100
|move|p2b: Farigiraf|Hyper Voice|p1a: Ursaluna|[spread] p1a,p1b
|-damage|p1a: Ursaluna|0 fnt
|-damage|p1b: Magmar|55/100
|faint|p1a: Ursaluna
|
|-weather|none
|-fieldend|move: Trick Room
|-fieldend|move: Psychic Terrain
|upkeep
|
|t:|1756700103
|switch|p1a: Gholdengo|Gholdengo, L50|100/100
|turn|6
|
|t:|1756700131
|move|p1a: Gholdengo|Protect|p1a: Gholdengo
|-singleturn|p1a: Gholdengo|Protect
|move|p1b: Magmar|Taunt|p2a: Indeedee
|-start|p2a: Indeedee|move: Taunt
|move|p2b: Farigiraf|Twin Beam|p1a: Gholdengo
|-activate|p1a: Gholdengo|move: Protect
|cant|p2a: Indeedee|move: Taunt|Trick Room
|
|-sideend|p2: g1c13|move: Light Screen
|upkeep
|turn|7
|
|t:|1756700150
|switch|p2a: Ninetales|Ninetales-Alola, L50, M|76/100
|-weather|Snowscape|[from] ability: Snow Warning|[of] p2a: Ninetales
|move|p1a: Gholdengo|Make It Rain|p2b: Farigiraf|[spread] p2a,p2b
|-supereffective|p2a: Ninetales
|-damage|p2a: Ninetales|0 fnt
|-damage|p2b: Farigiraf|42/100
|-unboost|p1a: Gholdengo|spa|1
|faint|p2a: Ninetales
|-damage|p1a: Gholdengo|91/100|[from] item: Life Orb
|move|p1b: Magmar|Taunt|p2b: Farigiraf
|-start|p2b: Farigiraf|move: Taunt
|move|p2b: Farigiraf|Twin Beam|p1b: Magmar
|-damage|p1b: Magmar|42/100
|-damage|p1b: Magmar|29/100
|-hitcount|p1b: Magmar|2
|
|-weather|Snowscape|[upkeep]
|upkeep
|
|t:|1756700162
|switch|p2a: Indeedee|Indeedee-F, L50, F|64/100
|-fieldstart|move: Psychic Terrain|[from] ability: Psychic Surge|[of] p2a: Indeedee
|turn|8
|
|t:|1756700176
|move|p2a: Indeedee|Helping Hand|p2b: Farigiraf
|-singleturn|p2b: Farigiraf|Helping Hand|[of] p2a: Indeedee
|move|p1a: Gholdengo|Make It Rain|p2a: Indeedee|[spread] p2a,p2b
|-damage|p2a: Indeedee|45/100
|-damage|p2b: Farigiraf|18/100
|-unboost|p1a: Gholdengo|spa|1
|-damage|p1a: Gholdengo|81/100|[from] item: Life Orb
|move|p1b: Magmar|Taunt|p2a: Indeedee
|-start|p2a: Indeedee|move: Taunt
|move|p2b: Farigiraf|Hyper Voice|p1a: Gholdengo|[spread] p1b
|-immune|p1a: Gholdengo
|-damage|p1b: Magmar|0 fnt
|faint|p1b: Magmar
|
|-weather|Snowscape|[upkeep]
|-sideend|p2: g1c13|move: Aurora Veil
|upkeep
|
|t:|1756700183
|switch|p1b: Ninetales|Ninetales-Alola, L50, M|100/100
|turn|9
|
|t:|1756700200
|move|p1b: Ninetales|Blizzard|p2a: Indeedee|[spread] p2a,p2b
|-damage|p2a: Indeedee|21/100
|-damage|p2b: Farigiraf|0 fnt
|faint|p2b: Farigiraf
|move|p1a: Gholdengo|Make It Rain|p2a: Indeedee
|-damage|p2a: Indeedee|0 fnt
|-unboost|p1a: Gholdengo|spa|1
|faint|p2a: Indeedee
|-damage|p1a: Gholdengo|71/100|[from] item: Life Orb
|
|-weather|Snowscape|[upkeep]
|upkeep
|
|t:|1756700204
|switch|p2b: Glaceon|Glaceon, L50, M, tera:Water|33/100
|turn|10
|
|t:|1756700211
|move|p1b: Ninetales|Freeze-Dry|p2b: Glaceon
|-supereffective|p2b: Glaceon
|-damage|p2b: Glaceon|0 fnt
|faint|p2b: Glaceon
|
|win|number1bocchifan
|raw|number1bocchifan's rating: 1065 → 1090(+25 for winning)
|raw|g1c13's rating: 1000 → 1000(+0 for losing)
|c|☆g1c13|gg
|c|☆number1bocchifan|gg
