|j|☆bonome musulman
|j|☆activoo
|html|bonome musulmanactivoo    
|uhtml|bestof|Game 1 of a best-of-3
|t:|1782740233
|gametype|doubles
|player|p1|bonome musulman|burglar|
|player|p2|activoo|2|
|gen|9
|tier|[Gen 9 Champions] VGC 2026 Reg M-B (Bo3)
|rule|Species Clause: Limit one of each Pokémon
|rule|Item Clause: Limit 1 of each item
|clearpoke
|poke|p1|Staraptor, L50, F|
|poke|p1|Sinistcha, L50|
|poke|p1|Farigiraf, L50, M|
|poke|p1|Barbaracle, L50, M|
|poke|p1|Torkoal, L50, F|
|poke|p1|Sylveon, L50, F|
|poke|p2|Mawile, L50, M, shiny|
|poke|p2|Farigiraf, L50, M|
|poke|p2|Kangaskhan, L50, F, shiny|
|poke|p2|Charizard, L50, F, shiny|
|poke|p2|Whimsicott, L50, F|
|poke|p2|Garchomp, L50, M|
|teampreview|4
|showteam|p1|Staraptor||ChoiceScarf|Intimidate|FinalGambit,CloseCombat,BraveBird,Uturn|Jolly||F|||50|]Sinistcha||LifeOrb|Hospitality|MatchaGotcha,ShadowBall,RagePowder,Protect|Quiet|||||50|]Farigiraf||MentalHerb|ArmorTail|PsychicFangs,TrickRoom,SkillSwap,HelpingHand|Relaxed||M|||50|]Barbaracle||Barbaracite|Sniper|RockSlide,CloseCombat,Protect,ShellSmash|Adamant||M|||50|]Torkoal||Charcoal|Drought|Eruption,HeatWave,WeatherBall,Protect|Quiet||F|||50|]Sylveon||FairyFeather|Pixilate|HyperVoice,QuickAttack,Detect,CalmMind|Quiet||F|||50|
|showteam|p2|Mawile||Mawilite|Intimidate|Protect,SuckerPunch,IronHead,PlayRough|Brave||M|||50|]Farigiraf||SitrusBerry|ArmorTail|Protect,Psychic,TrickRoom,HelpingHand|Sassy||M|||50|]Kangaskhan||SilkScarf|Scrappy|FakeOut,LastResort|Adamant||F|||50|]Charizard||CharizarditeY|Blaze|HeatWave,Protect,WeatherBall,SolarBeam|Timid||F|||50|]Whimsicott||FocusSash|Prankster|Moonblast,SunnyDay,Protect,Tailwind|Timid||F|||50|]Garchomp||SoftSand|RoughSkin|Earthquake,DragonClaw,Protect,RockSlide|Adamant||M|||50|
|inactive|Battle timer is ON: inactive players will automatically lose when time's up. (requested by bonome musulman)
|inactive|bonome musulman has 60 seconds left.
|inactive|activoo has 60 seconds left.
|inactive|activoo has 30 seconds left.
|inactive|activoo has 20 seconds left.
|inactive|activoo has 15 seconds left.
|inactive|activoo has 10 seconds left.
|
|t:|1782740317
|teamsize|p1|4
|teamsize|p2|4
|start
|switch|p1a: Barbaracle|Barbaracle, L50, M|100/100
|switch|p1b: Staraptor|Staraptor, L50, F|100/100
|switch|p2a: Farigiraf|Farigiraf, L50, M|100/100
|switch|p2b: Charizard|Charizard, L50, F, shiny|100/100
|-ability|p1b: Staraptor|Intimidate|boost
|-unboost|p2a: Farigiraf|atk|1
|-unboost|p2b: Charizard|atk|1
|turn|1
|inactive|bonome musulman has 30 seconds left.
|inactive|activoo has 30 seconds left.
|inactive|bonome musulman has 20 seconds left.
|inactive|bonome musulman has 15 seconds left.
|
|t:|1782740360
|detailschange|p1a: Barbaracle|Barbaracle-Mega, L50, M
|-mega|p1a: Barbaracle|Barbaracle|Barbaracite
|move|p2b: Charizard|Protect|p2b: Charizard
|-singleturn|p2b: Charizard|Protect
|move|p1b: Staraptor|Final Gambit|p2b: Charizard
|-activate|p2b: Charizard|move: Protect
|move|p1a: Barbaracle|Shell Smash|p1a: Barbaracle
|-unboost|p1a: Barbaracle|def|1
|-unboost|p1a: Barbaracle|spd|1
|-boost|p1a: Barbaracle|atk|2
|-boost|p1a: Barbaracle|spa|2
|-boost|p1a: Barbaracle|spe|2
|move|p2a: Farigiraf|Psychic|p1a: Barbaracle
|-supereffective|p1a: Barbaracle|1
|-damage|p1a: Barbaracle|0 fnt
|faint|p1a: Barbaracle
|
|upkeep
|
|t:|1782740375
|switch|p1a: Sylveon|Sylveon, L50, F|100/100
|turn|2
|
|t:|1782740385
|switch|p2b: Whimsicott|Whimsicott, L50, F|100/100
|move|p1b: Staraptor|Final Gambit|p2b: Whimsicott
|-enditem|p2b: Whimsicott|Focus Sash
|-damage|p2b: Whimsicott|1/100
|faint|p1b: Staraptor
|move|p2a: Farigiraf|Psychic|p1a: Sylveon
|-damage|p1a: Sylveon|74/100
|move|p1a: Sylveon|Calm Mind|p1a: Sylveon
|-boost|p1a: Sylveon|spa|1
|-boost|p1a: Sylveon|spd|1
|
|upkeep
|
|t:|1782740396
|switch|p1b: Farigiraf|Farigiraf, L50, M|100/100
|turn|3
|
|t:|1782740418
|move|p2b: Whimsicott|Moonblast|p1a: Sylveon
|-damage|p1a: Sylveon|58/100
|move|p1a: Sylveon|Calm Mind|p1a: Sylveon
|-boost|p1a: Sylveon|spa|1
|-boost|p1a: Sylveon|spd|1
|move|p2a: Farigiraf|Psychic|p1a: Sylveon
|-damage|p1a: Sylveon|45/100
|move|p1b: Farigiraf|Trick Room|p1b: Farigiraf
|-fieldstart|move: Trick Room|[of] p1b: Farigiraf
|
|upkeep
|turn|4
|
|t:|1782740439
|move|p1b: Farigiraf|Helping Hand|p1a: Sylveon
|-singleturn|p1a: Sylveon|Helping Hand|[of] p1b: Farigiraf
|move|p1a: Sylveon|Hyper Voice|p2b: Whimsicott|[spread] p2a,p2b
|-damage|p2a: Farigiraf|0 fnt
|-damage|p2b: Whimsicott|0 fnt
|faint|p2a: Farigiraf
|faint|p2b: Whimsicott
|
|upkeep
|
|t:|1782740449
|switch|p2a: Garchomp|Garchomp, L50, M|100/100
|switch|p2b: Charizard|Charizard, L50, F, shiny|100/100
|turn|5
|inactive|activoo has 30 seconds left.
|
|t:|1782740478
|detailschange|p2b: Charizard|Charizard-Mega-Y, L50, F, shiny
|-mega|p2b: Charizard|Charizard|Charizardite Y
|-weather|SunnyDay|[from] ability: Drought|[of] p2b: Charizard
|move|p1b: Farigiraf|Helping Hand|p1a: Sylveon
|-singleturn|p1a: Sylveon|Helping Hand|[of] p1b: Farigiraf
|move|p2a: Garchomp|Protect|p2a: Garchomp
|-singleturn|p2a: Garchomp|Protect
|move|p1a: Sylveon|Hyper Voice|p2a: Garchomp|[spread] p2b
|-activate|p2a: Garchomp|move: Protect
|-resisted|p2b: Charizard|1
|-damage|p2b: Charizard|32/100
|move|p2b: Charizard|Weather Ball|p1a: Sylveon
|-damage|p1a: Sylveon|12/100
|
|-weather|SunnyDay|[upkeep]
|upkeep
|turn|6
|
|t:|1782740503
|move|p1b: Farigiraf|Helping Hand|p1a: Sylveon
|-singleturn|p1a: Sylveon|Helping Hand|[of] p1b: Farigiraf
|move|p2b: Charizard|Protect|p2b: Charizard
|-singleturn|p2b: Charizard|Protect
|move|p1a: Sylveon|Hyper Voice|p2b: Charizard|[spread] p2a
|-activate|p2b: Charizard|move: Protect
|-supereffective|p2a: Garchomp|1
|-damage|p2a: Garchomp|0 fnt
|faint|p2a: Garchomp
|
|-weather|SunnyDay|[upkeep]
|upkeep
|turn|7
|
|t:|1782740523
|move|p1b: Farigiraf|Helping Hand|p1a: Sylveon
|-singleturn|p1a: Sylveon|Helping Hand|[of] p1b: Farigiraf
|move|p2b: Charizard|Protect||[still]
|-fail|p2b: Charizard
|move|p1a: Sylveon|Hyper Voice|p2b: Charizard
|-resisted|p2b: Charizard|1
|-damage|p2b: Charizard|0 fnt
|faint|p2b: Charizard
|
|win|bonome musulman
||bonome musulman is ready for game 2.
|inactive|activoo has 30 seconds to confirm battle start!
||activoo is ready for game 2.
|uhtml|next|Next: Game 2 of 3
