|j|☆bcoffey1010
|j|☆axcoquette
|html|bcoffey1010axcoquette    
|uhtml|bestof|Game 2 of a best-of-3
|t:|1782433343
|gametype|doubles
|player|p1|bcoffey1010|2|1127
|player|p2|axcoquette|maid|1147
|gen|9
|tier|[Gen 9 Champions] VGC 2026 Reg M-B (Bo3)
|rated|
|rule|Species Clause: Limit one of each Pokémon
|rule|Item Clause: Limit 1 of each item
|clearpoke
|poke|p1|Charizard, L50, F|
|poke|p1|Kingambit, L50, F|
|poke|p1|Garchomp, L50, F|
|poke|p1|Aerodactyl, L50, M|
|poke|p1|Sylveon, L50, F|
|poke|p1|Basculegion, L50, M|
|poke|p2|Farigiraf, L50, F|
|poke|p2|Mawile, L50, M|
|poke|p2|Sinistcha, L50|
|poke|p2|Torkoal, L50, F|
|poke|p2|Drampa, L50, F|
|poke|p2|Sneasler, L50, F|
|teampreview|4
|showteam|p1|Charizard||CharizarditeY|Blaze|HeatWave,WeatherBall,SolarBeam,Protect|Modest||F|||50|]Kingambit||FocusSash|Defiant|IronHead,KowtowCleave,SuckerPunch,LowKick|Adamant||F|||50|]Garchomp||SitrusBerry|RoughSkin|Protect,Earthquake,DragonClaw,RockTomb|Adamant||F|||50|]Aerodactyl||Aerodactylite|Unnerve|Protect,RockSlide,DualWingbeat,Tailwind|Jolly||M|||50|]Sylveon||FairyFeather|Pixilate|HyperVoice,HyperBeam,QuickAttack,Detect|Modest||F|||50|]Basculegion||ChoiceScarf|Adaptability|WaveCrash,FlipTurn,AquaJet,LastRespects|Adamant||M|||50|
|showteam|p2|Farigiraf||MentalHerb|ArmorTail|TrickRoom,LightScreen,Psychic,Protect|Quiet||F|||50|]Mawile||Mawilite|Intimidate|PlayRough,SuckerPunch,IronHead,Protect|Brave||M|||50|]Sinistcha||KasibBerry|Hospitality|TrickRoom,ShadowBall,RagePowder,LifeDew|Relaxed|||||50|]Torkoal||Charcoal|Drought|Eruption,HeatWave,SolarBeam,Protect|Modest||F|||50|]Drampa||Drampanite|CloudNine|EarthPower,DragonPulse,EnergyBall,Protect|Quiet||F|||50|]Sneasler||WhiteHerb|Unburden|FakeOut,CloseCombat,DireClaw,Protect|Adamant||F|||50|
|inactive|Battle timer is ON: inactive players will automatically lose when time's up. (requested by axcoquette)
|
|t:|1782433367
|teamsize|p1|4
|teamsize|p2|4
|start
|switch|p1a: Charizard|Charizard, L50, F|100/100
|switch|p1b: Kingambit|Kingambit, L50, F|100/100
|switch|p2a: Farigiraf|Farigiraf, L50, F|100/100
|switch|p2b: Sneasler|Sneasler, L50, F|100/100
|turn|1
|
|t:|1782433382
|detailschange|p1a: Charizard|Charizard-Mega-Y, L50, F
|-mega|p1a: Charizard|Charizard|Charizardite Y
|-weather|SunnyDay|[from] ability: Drought|[of] p1a: Charizard
|move|p2b: Sneasler|Fake Out|p1b: Kingambit
|-resisted|p1b: Kingambit|1
|-damage|p1b: Kingambit|93/100
|move|p1a: Charizard|Heat Wave|p2a: Farigiraf|[spread] p2b
|-miss|p1a: Charizard|p2a: Farigiraf
|-damage|p2b: Sneasler|8/100
|cant|p1b: Kingambit|flinch
|move|p2a: Farigiraf|Trick Room|p2a: Farigiraf
|-fieldstart|move: Trick Room|[of] p2a: Farigiraf
|
|-weather|SunnyDay|[upkeep]
|upkeep
|turn|2
|
|t:|1782433396
|switch|p2b: Drampa|Drampa, L50, F|100/100
|-ability|p2b: Drampa|Cloud Nine
|move|p2a: Farigiraf|Light Screen|p2a: Farigiraf
|-sidestart|p2: axcoquette|move: Light Screen
|move|p1b: Kingambit|Kowtow Cleave|p2a: Farigiraf
|-supereffective|p2a: Farigiraf|1
|-damage|p2a: Farigiraf|3/100
|move|p1a: Charizard|Heat Wave|p2a: Farigiraf|[spread] p2a,p2b
|-resisted|p2b: Drampa|1
|-damage|p2a: Farigiraf|0 fnt
|-damage|p2b: Drampa|87/100
|faint|p2a: Farigiraf
|
|-weather|SunnyDay|[upkeep]
|upkeep
|
|t:|1782433409
|switch|p2a: Sinistcha|Sinistcha, L50|100/100
|-heal|p2b: Drampa|100/100|[from] ability: Hospitality|[of] p2a: Sinistcha
|turn|3
|
|t:|1782433421
|switch|p1a: Sylveon|Sylveon, L50, F|100/100
|detailschange|p2b: Drampa|Drampa-Mega, L50, F
|-mega|p2b: Drampa|Drampa|Drampanite
|move|p2b: Drampa|Earth Power|p1b: Kingambit
|-supereffective|p1b: Kingambit|1
|-damage|p1b: Kingambit|0 fnt
|faint|p1b: Kingambit
|move|p2a: Sinistcha|Shadow Ball|p1a: Sylveon
|-damage|p1a: Sylveon|74/100
|
|-weather|SunnyDay|[upkeep]
|upkeep
|
|t:|1782433425
|switch|p1b: Charizard|Charizard-Mega-Y, L50, F|100/100
|turn|4
|
|t:|1782433438
|move|p1a: Sylveon|Detect|p1a: Sylveon
|-singleturn|p1a: Sylveon|Protect
|move|p1b: Charizard|Protect|p1b: Charizard
|-singleturn|p1b: Charizard|Protect
|move|p2b: Drampa|Earth Power|p1a: Sylveon
|-activate|p1a: Sylveon|move: Protect
|move|p2a: Sinistcha|Shadow Ball|p1a: Sylveon
|-activate|p1a: Sylveon|move: Protect
|
|-weather|SunnyDay|[upkeep]
|upkeep
|turn|5
|
|t:|1782433444
|move|p2b: Drampa|Energy Ball|p1a: Sylveon
|-damage|p1a: Sylveon|42/100
|move|p2a: Sinistcha|Shadow Ball|p1a: Sylveon
|-crit|p1a: Sylveon
|-damage|p1a: Sylveon|6/100
|move|p1a: Sylveon|Hyper Voice|p2b: Drampa|[spread] p2a,p2b
|-supereffective|p2b: Drampa|1
|-damage|p2a: Sinistcha|65/100
|-damage|p2b: Drampa|56/100
|move|p1b: Charizard|Heat Wave|p2a: Sinistcha|[spread] p2a,p2b
|-supereffective|p2a: Sinistcha|1
|-resisted|p2b: Drampa|1
|-damage|p2a: Sinistcha|0 fnt
|-damage|p2b: Drampa|38/100
|faint|p2a: Sinistcha
|-ability|p2b: Drampa|Berserk|boost
|-boost|p2b: Drampa|spa|1
|
|-weather|none
|-fieldend|move: Trick Room
|upkeep
|
|t:|1782433453
|switch|p2a: Sneasler|Sneasler, L50, F|8/100
|turn|6
|
|t:|1782433464
|move|p1b: Charizard|Protect|p1b: Charizard
|-singleturn|p1b: Charizard|Protect
|move|p1a: Sylveon|Detect|p1a: Sylveon
|-singleturn|p1a: Sylveon|Protect
|move|p2a: Sneasler|Fake Out|p1b: Charizard
|-activate|p1b: Charizard|move: Protect
|move|p2b: Drampa|Dragon Pulse|p1b: Charizard
|-activate|p1b: Charizard|move: Protect
|
|-sideend|p2: axcoquette|move: Light Screen
|upkeep
|turn|7
|
|t:|1782433473
|move|p1a: Sylveon|Quick Attack|p2a: Sneasler
|-damage|p2a: Sneasler|0 fnt
|faint|p2a: Sneasler
|move|p1b: Charizard|Heat Wave|p2b: Drampa
|-resisted|p2b: Drampa|1
|-damage|p2b: Drampa|17/100
|move|p2b: Drampa|Dragon Pulse|p1b: Charizard
|-damage|p1b: Charizard|30/100
|
|upkeep
|turn|8
|
|t:|1782433483
|move|p1b: Charizard|Heat Wave|p2b: Drampa
|-resisted|p2b: Drampa|1
|-damage|p2b: Drampa|0 fnt
|faint|p2b: Drampa
|
|win|bcoffey1010
|raw|bcoffey1010's rating: 1127 → 1153(+26 for winning)
|raw|axcoquette's rating: 1147 → 1121(-26 for losing)
