|j|☆Fireboule
|j|☆glitterckvamp
|html|Firebouleglitterckvamp    
|uhtml|bestof|Game 3 of a best-of-3
|t:|1757776393
|gametype|doubles
|player|p1|Fireboule|bugcatcher-gen4dp|
|player|p2|glitterckvamp|artist-gen4|
|gen|9
|tier|[Gen 9] VGC 2025 Reg H (Bo3)
|rule|Species Clause: Limit one of each Pokémon
|rule|Item Clause: Limit 1 of each item
|clearpoke
|poke|p1|Incineroar, L50, M|
|poke|p1|Amoonguss, L50, F|
|poke|p1|Ursaluna-Bloodmoon, L50, M|
|poke|p1|Sneasler, L50, F|
|poke|p1|Gholdengo, L50|
|poke|p1|Dragonite, L50, F|
|poke|p2|Kingambit, L50, M|
|poke|p2|Mimikyu, L50, F|
|poke|p2|Ursaluna-Bloodmoon, L50, M|
|poke|p2|Sneasler, L50, M|
|poke|p2|Volcarona, L50, F|
|poke|p2|Farigiraf, L50, F|
|teampreview|4
|showteam|p1|Incineroar||SafetyGoggles|Intimidate|FlareBlitz,KnockOff,PartingShot,FakeOut|||M|||50|,,,,,Ghost]Amoonguss||SitrusBerry|Regenerator|Spore,RagePowder,PollenPuff,Protect|||F|||50|,,,,,Psychic]Ursaluna-Bloodmoon||AssaultVest|MindsEye|HyperVoice,BloodMoon,EarthPower,VacuumWave|||M|||50|,,,,,Water]Sneasler||FocusSash|Unburden|CloseCombat,DireClaw,ThroatChop,Protect|||F|||50|,,,,,Stellar]Gholdengo||LifeOrb|GoodasGold|MakeItRain,ShadowBall,NastyPlot,Protect||||||50|,,,,,Water]Dragonite||LoadedDice|Multiscale|ScaleShot,Tailwind,Haze,Protect|||F|||50|,,,,,Fairy
|showteam|p2|Kingambit||SafetyGoggles|Defiant|KowtowCleave,SuckerPunch,SwordsDance,Protect|||M|||50|,,,,,Dark]Mimikyu||LifeOrb|Disguise|TrickRoom,ShadowClaw,WoodHammer,DrainPunch|||F|||50|,,,,,Grass]Ursaluna-Bloodmoon||SilkScarf|MindsEye|BloodMoon,EarthPower,Protect,HyperVoice|||M|||50|,,,,,Normal]Sneasler||WhiteHerb|Unburden|DireClaw,Taunt,CloseCombat,Coaching|||M|||50|,,,,,Dark]Volcarona||Leftovers|FlameBody|Flamethrower,BugBuzz,QuiverDance,Protect|||F|||50|,,,,,Dragon]Farigiraf||CovertCloak|ArmorTail|HelpingHand,Imprison,TrickRoom,TwinBeam|||F|||50|,,,,,Fairy
|inactive|Battle timer is ON: inactive players will automatically lose when time's up. (requested by Fireboule)
|
|t:|1757776467
|teamsize|p1|4
|teamsize|p2|4
|start
|switch|p1a: Dragonite|Dragonite, L50, F|100/100
|switch|p1b: Sneasler|Sneasler, L50, F|100/100
|switch|p2a: Flip Pilf|Farigiraf, L50, F, shiny|100/100
|switch|p2b: Vegas|Kingambit, L50, M, shiny|100/100
|turn|1
|inactive|Fireboule has 30 seconds left.
|
|t:|1757776496
|-terastallize|p2b: Vegas|Dark
|move|p1b: Sneasler|Throat Chop|p2a: Flip Pilf
|-supereffective|p2a: Flip Pilf
|-damage|p2a: Flip Pilf|50/100
|move|p1a: Dragonite|Scale Shot|p2a: Flip Pilf|[miss]
|-miss|p1a: Dragonite|p2a: Flip Pilf
|move|p2b: Vegas|Swords Dance|p2b: Vegas
|-boost|p2b: Vegas|atk|2
|move|p2a: Flip Pilf|Trick Room|p2a: Flip Pilf
|-fieldstart|move: Trick Room|[of] p2a: Flip Pilf
|
|upkeep
|turn|2
|
|t:|1757776514
|move|p2a: Flip Pilf|Helping Hand|p2b: Vegas
|-singleturn|p2b: Vegas|Helping Hand|[of] p2a: Flip Pilf
|move|p1b: Sneasler|Protect|p1b: Sneasler
|-singleturn|p1b: Sneasler|Protect
|move|p2b: Vegas|Kowtow Cleave|p1a: Dragonite
|-damage|p1a: Dragonite|2/100
|move|p1a: Dragonite|Haze|p1a: Dragonite
|-clearallboost
|
|upkeep
|turn|3
|inactive|Fireboule has 30 seconds left.
|inactive|glitterckvamp has 30 seconds left.
|inactive|Fireboule has 20 seconds left.
|
|t:|1757776551
|switch|p2a: Dead Moon|Ursaluna-Bloodmoon, L50, M|100/100
|move|p2b: Vegas|Kowtow Cleave|p1a: Dragonite
|-damage|p1a: Dragonite|0 fnt
|faint|p1a: Dragonite
|move|p1b: Sneasler|Close Combat|p2b: Vegas
|-supereffective|p2b: Vegas
|-damage|p2b: Vegas|9/100
|-unboost|p1b: Sneasler|def|1
|-unboost|p1b: Sneasler|spd|1
|
|upkeep
|
|t:|1757776560
|switch|p1a: Ursaluna|Ursaluna-Bloodmoon, L50, M|100/100
|turn|4
|
|t:|1757776583
|switch|p2b: Flip Pilf|Farigiraf, L50, F, shiny|50/100
|move|p2a: Dead Moon|Hyper Voice|p1b: Sneasler|[spread] p1a,p1b
|-crit|p1b: Sneasler
|-damage|p1a: Ursaluna|74/100
|-enditem|p1b: Sneasler|Focus Sash
|-damage|p1b: Sneasler|1/100
|move|p1a: Ursaluna|Hyper Voice|p2a: Dead Moon|[spread] p2a,p2b
|-damage|p2a: Dead Moon|64/100
|-damage|p2b: Flip Pilf|9/100
|move|p1b: Sneasler|Close Combat|p2a: Dead Moon
|-supereffective|p2a: Dead Moon
|-damage|p2a: Dead Moon|0 fnt
|-unboost|p1b: Sneasler|def|1
|-unboost|p1b: Sneasler|spd|1
|faint|p2a: Dead Moon
|
|upkeep
|
|t:|1757776592
|switch|p2a: Vegas|Kingambit, L50, M, shiny, tera:Dark|9/100
|turn|5
|
|t:|1757776605
|switch|p1a: Incineroar|Incineroar, L50, M|100/100
|-ability|p1a: Incineroar|Intimidate|boost
|-unboost|p2a: Vegas|atk|1
|-ability|p2a: Vegas|Defiant|boost
|-boost|p2a: Vegas|atk|2
|-unboost|p2b: Flip Pilf|atk|1
|move|p1b: Sneasler|Protect|p1b: Sneasler
|-singleturn|p1b: Sneasler|Protect
|move|p2a: Vegas|Sucker Punch||[still]
|-fail|p2a: Vegas
|move|p2b: Flip Pilf|Twin Beam|p1b: Sneasler
|-activate|p1b: Sneasler|move: Protect
|
|-fieldend|move: Trick Room
|upkeep
|turn|6
|
|t:|1757776622
|switch|p1b: Ursaluna|Ursaluna-Bloodmoon, L50, M|74/100
|move|p2a: Vegas|Protect|p2a: Vegas
|-singleturn|p2a: Vegas|Protect
|move|p1a: Incineroar|Flare Blitz|p2a: Vegas
|-activate|p2a: Vegas|move: Protect
|move|p2b: Flip Pilf|Twin Beam|p1b: Ursaluna
|-damage|p1b: Ursaluna|62/100
|-damage|p1b: Ursaluna|50/100
|-hitcount|p1b: Ursaluna|2
|
|upkeep
|turn|7
|inactive|Fireboule has 30 seconds left.
|
|t:|1757776648
|move|p2a: Vegas|Sucker Punch|p1b: Ursaluna
|-damage|p1b: Ursaluna|0 fnt
|faint|p1b: Ursaluna
|move|p1a: Incineroar|Knock Off|p2a: Vegas
|-resisted|p2a: Vegas
|-damage|p2a: Vegas|0 fnt
|-enditem|p2a: Vegas|Safety Goggles|[from] move: Knock Off|[of] p1a: Incineroar
|faint|p2a: Vegas
|move|p2b: Flip Pilf|Twin Beam|p1a: Incineroar
|-immune|p1a: Incineroar
|
|upkeep
|
|t:|1757776657
|switch|p1b: Sneasler|Sneasler, L50, F|1/100
|switch|p2a: Hellfire|Volcarona, L50, F|100/100
|turn|8
|
|t:|1757776671
|move|p1b: Sneasler|Protect|p1b: Sneasler
|-singleturn|p1b: Sneasler|Protect
|move|p2a: Hellfire|Quiver Dance|p2a: Hellfire
|-boost|p2a: Hellfire|spa|1
|-boost|p2a: Hellfire|spd|1
|-boost|p2a: Hellfire|spe|1
|move|p1a: Incineroar|Knock Off|p2b: Flip Pilf
|-supereffective|p2b: Flip Pilf
|-damage|p2b: Flip Pilf|0 fnt
|-enditem|p2b: Flip Pilf|Covert Cloak|[from] move: Knock Off|[of] p1a: Incineroar
|faint|p2b: Flip Pilf
|
|upkeep
|turn|9
|
|t:|1757776683
|-terastallize|p1b: Sneasler|Stellar
|move|p2a: Hellfire|Flamethrower|p1b: Sneasler
|-damage|p1b: Sneasler|0 fnt
|faint|p1b: Sneasler
|move|p1a: Incineroar|Knock Off|p2a: Hellfire
|-damage|p2a: Hellfire|50/100
|-enditem|p2a: Hellfire|Leftovers|[from] move: Knock Off|[of] p1a: Incineroar
|
|upkeep
|turn|10
|
|t:|1757776699
|move|p2a: Hellfire|Bug Buzz|p1a: Incineroar
|-damage|p1a: Incineroar|54/100
|move|p1a: Incineroar|Knock Off|p2a: Hellfire
|-damage|p2a: Hellfire|16/100
|
|upkeep
|turn|11
|
|t:|1757776711
|move|p2a: Hellfire|Bug Buzz|p1a: Incineroar
|-damage|p1a: Incineroar|3/100
|move|p1a: Incineroar|Knock Off|p2a: Hellfire
|-damage|p2a: Hellfire|0 fnt
|faint|p2a: Hellfire
|
|win|Fireboule
|c|☆glitterckvamp|gg
|c|☆Fireboule|gg
