|j|☆282839393m
|j|☆CrazyComet37
|html|282839393mCrazyComet37    
|uhtml|bestof|Game 1 of a best-of-3
|t:|1783530541
|gametype|doubles
|player|p1|282839393m|101|
|player|p2|CrazyComet37|flint|
|gen|9
|tier|[Gen 9 Champions] VGC 2026 Reg M-B (Bo3)
|rule|Species Clause: Limit one of each Pokémon
|rule|Item Clause: Limit 1 of each item
|clearpoke
|poke|p1|Gengar, L50, F|
|poke|p1|Incineroar, L50, M|
|poke|p1|Vivillon-Pokeball, L50, F|
|poke|p1|Altaria, L50, F|
|poke|p1|Primarina, L50, M|
|poke|p1|Sableye, L50, M|
|poke|p2|Whimsicott, L50, F|
|poke|p2|Garchomp, L50, F|
|poke|p2|Charizard, L50, F|
|poke|p2|Floette-Eternal, L50, F|
|poke|p2|Kingambit, L50, F|
|poke|p2|Basculegion, L50, M|
|teampreview|4
|showteam|p1|Gengar||Gengarite|CursedBody|PerishSong,Protect,ShadowBall,Disable|Timid||F|||50|]Incineroar||PasshoBerry|Intimidate|FakeOut,Protect,PartingShot,ThroatChop|Impish||M|||50|]Vivillon-Pokeball||ChoiceScarf|CompoundEyes|Uturn,Tailwind,SleepPowder,PollenPuff|Jolly||F|||50|]Altaria||ZoomLens|CloudNine|Protect,PerishSong,Sing,Roost|Sassy||F|||50|]Primarina||SitrusBerry|Torrent|PerishSong,Protect,FlipTurn,Moonblast|Bold||M|||50|]Sableye||FocusSash|Prankster|Detect,Encore,Disable,FakeOut|Impish||M|||50|
|showteam|p2|Whimsicott||FocusSash|Prankster|Protect,Tailwind,Moonblast,Encore|Timid||F|||50|]Garchomp||LifeOrb|RoughSkin|Protect,Earthquake,DragonClaw,RockSlide|Jolly||F|||50|]Charizard||CharizarditeY|Blaze|Protect,HeatWave,WeatherBall,SolarBeam|Modest||F|||50|]Floette-Eternal||Floettite|FlowerVeil|Protect,LightofRuin,DazzlingGleam,Moonblast|Modest||F|||50|]Kingambit||ChopleBerry|Defiant|IronHead,SuckerPunch,KowtowCleave,LowKick|Adamant||F|||50|]Basculegion||MysticWater|Adaptability|Protect,AquaJet,LastRespects,WaveCrash|Adamant||M|||50|
|c|☆CrazyComet37|Glhf!
|inactive|Battle timer is ON: inactive players will automatically lose when time's up. (requested by CrazyComet37)
|
|t:|1783530635
|teamsize|p1|4
|teamsize|p2|4
|start
|switch|p1a: Gengar|Gengar, L50, F|100/100
|switch|p1b: Sableye|Sableye, L50, M|100/100
|switch|p2a: Kingambit|Kingambit, L50, F|100/100
|switch|p2b: Basculegion|Basculegion, L50, M|100/100
|turn|1
|inactive|CrazyComet37 has 30 seconds left.
|
|t:|1783530669
|detailschange|p1a: Gengar|Gengar-Mega, L50, F
|-mega|p1a: Gengar|Gengar|Gengarite
|move|p2b: Basculegion|Protect|p2b: Basculegion
|-singleturn|p2b: Basculegion|Protect
|move|p1b: Sableye|Fake Out|p2a: Kingambit
|-resisted|p2a: Kingambit|1
|-damage|p2a: Kingambit|97/100
|move|p1a: Gengar|Perish Song|p1a: Gengar
|-start|p1a: Gengar|perish3|[silent]
|-start|p1b: Sableye|perish3|[silent]
|-start|p2a: Kingambit|perish3|[silent]
|-start|p2b: Basculegion|perish3|[silent]
|-fieldactivate|move: Perish Song
|cant|p2a: Kingambit|flinch
|
|-start|p1a: Gengar|perish3
|-start|p2b: Basculegion|perish3
|-start|p2a: Kingambit|perish3
|-start|p1b: Sableye|perish3
|upkeep
|turn|2
|
|t:|1783530693
|move|p1a: Gengar|Protect|p1a: Gengar
|-singleturn|p1a: Gengar|Protect
|move|p2b: Basculegion|Aqua Jet|p1b: Sableye
|-damage|p1b: Sableye|68/100
|move|p1b: Sableye|Encore|p2b: Basculegion
|-start|p2b: Basculegion|Encore
|move|p2a: Kingambit|Kowtow Cleave|p1a: Gengar
|-activate|p1a: Gengar|move: Protect
|
|-start|p1a: Gengar|perish2
|-start|p2b: Basculegion|perish2
|-start|p2a: Kingambit|perish2
|-start|p1b: Sableye|perish2
|upkeep
|turn|3
|
|t:|1783530717
|move|p2b: Basculegion|Aqua Jet|p1a: Gengar
|-damage|p1a: Gengar|61/100
|move|p1b: Sableye|Disable|p2b: Basculegion
|-start|p2b: Basculegion|Disable|Aqua Jet
|move|p1a: Gengar|Disable|p2a: Kingambit
|-start|p2a: Kingambit|Disable|Kowtow Cleave
|move|p2a: Kingambit|Iron Head|p1a: Gengar
|-damage|p1a: Gengar|10/100
|
|-start|p1a: Gengar|perish1
|-start|p2b: Basculegion|perish1
|-start|p2a: Kingambit|perish1
|-start|p1b: Sableye|perish1
|upkeep
|turn|4
|
|t:|1783530739
|switch|p1a: Vivillon|Vivillon-Pokeball, L50, F|100/100
|switch|p2b: Whimsicott|Whimsicott, L50, F|100/100
|switch|p1b: Primarina|Primarina, L50, M|100/100
|move|p2a: Kingambit|Iron Head|p1a: Vivillon
|-damage|p1a: Vivillon|20/100r
|
|-start|p2a: Kingambit|perish0
|upkeep
|faint|p2a: Kingambit
|
|t:|1783530757
|switch|p2a: Basculegion|Basculegion, L50, M|100/100
|turn|5
|inactive|CrazyComet37 has 30 seconds left.
|
|t:|1783530790
|move|p2b: Whimsicott|Tailwind|p2b: Whimsicott
|-sidestart|p2: CrazyComet37|move: Tailwind
|move|p2a: Basculegion|Last Respects|p1a: Vivillon
|-damage|p1a: Vivillon|0 fnt
|faint|p1a: Vivillon
|move|p1b: Primarina|Perish Song|p1b: Primarina
|-start|p1b: Primarina|perish3|[silent]
|-start|p2a: Basculegion|perish3|[silent]
|-start|p2b: Whimsicott|perish3|[silent]
|-fieldactivate|move: Perish Song
|
|-start|p2b: Whimsicott|perish3
|-start|p2a: Basculegion|perish3
|-start|p1b: Primarina|perish3
|upkeep
|
|t:|1783530798
|switch|p1a: Gengar|Gengar-Mega, L50, F|10/100
|turn|6
|inactive|282839393m has 30 seconds left.
|inactive|282839393m has 20 seconds left.
|inactive|282839393m has 15 seconds left.
|inactive|282839393m has 10 seconds left.
|inactive|282839393m has 5 seconds left.
|
|t:|1783530849
|move|p1a: Gengar|Protect|p1a: Gengar
|-singleturn|p1a: Gengar|Protect
|move|p1b: Primarina|Protect|p1b: Primarina
|-singleturn|p1b: Primarina|Protect
|move|p2b: Whimsicott|Encore|p1b: Primarina
|-activate|p1b: Primarina|move: Protect
|move|p2a: Basculegion|Last Respects|p1a: Gengar
|-activate|p1a: Gengar|move: Protect
|
|-start|p2b: Whimsicott|perish2
|-start|p2a: Basculegion|perish2
|-start|p1b: Primarina|perish2
|upkeep
|turn|7
|
|t:|1783530867
|switch|p1a: Sableye|Sableye, L50, M|68/100
|move|p2b: Whimsicott|Moonblast|p1a: Sableye
|-supereffective|p1a: Sableye|1
|-damage|p1a: Sableye|0 fnt
|faint|p1a: Sableye
|move|p2a: Basculegion|Last Respects|p1b: Primarina
|-damage|p1b: Primarina|27/100
|-enditem|p1b: Primarina|Sitrus Berry|[eat]
|-heal|p1b: Primarina|51/100|[from] item: Sitrus Berry
|move|p1b: Primarina|Flip Turn|p2a: Basculegion
|-resisted|p2a: Basculegion|1
|-damage|p2a: Basculegion|92/100
|
|t:|1783530873
|switch|p1b: Gengar|Gengar-Mega, L50, F|10/100|[from] Flip Turn
|
|-start|p2b: Whimsicott|perish1
|-start|p2a: Basculegion|perish1
|upkeep
|
|t:|1783530875
|switch|p1a: Primarina|Primarina, L50, M|51/100
|turn|8
|
|t:|1783530890
|switch|p2a: Floette|Floette-Eternal, L50, F|100/100
|move|p1b: Gengar|Protect|p1b: Gengar
|-singleturn|p1b: Gengar|Protect
|move|p2b: Whimsicott|Moonblast|p1b: Gengar
|-activate|p1b: Gengar|move: Protect
|move|p1a: Primarina|Perish Song|p1a: Primarina
|-start|p1a: Primarina|perish3|[silent]
|-start|p1b: Gengar|perish3|[silent]
|-start|p2a: Floette|perish3|[silent]
|-fieldactivate|move: Perish Song
|
|-start|p2b: Whimsicott|perish0
|-start|p2a: Floette|perish3
|faint|p2b: Whimsicott
|-start|p1b: Gengar|perish3
|-start|p1a: Primarina|perish3
|-sideend|p2: CrazyComet37|move: Tailwind
|upkeep
|
|t:|1783530899
|switch|p2b: Basculegion|Basculegion, L50, M|92/100
|turn|9
|
|t:|1783530909
|detailschange|p2a: Floette|Floette-Mega, L50, F
|-mega|p2a: Floette|Floette|Floettite
|-ability|p2a: Floette|Fairy Aura
|move|p2b: Basculegion|Aqua Jet|p1b: Gengar
|-damage|p1b: Gengar|0 fnt
|faint|p1b: Gengar
|move|p2a: Floette|Moonblast|p1a: Primarina
|-damage|p1a: Primarina|0 fnt
|faint|p1a: Primarina
|
|win|CrazyComet37
||282839393m is ready for game 2.
||CrazyComet37 is ready for game 2.
|uhtml|next|Next: Game 2 of 3
