|j|☆lakaka siuuu
|j|☆pirro9
|html|lakaka siuuupirro9    
|uhtml|bestof|Game 1 of a best-of-3
|t:|1782479906
|gametype|doubles
|player|p1|lakaka siuuu|expert-gen6|1339
|player|p2|pirro9|101|1252
|gen|9
|tier|[Gen 9 Champions] VGC 2026 Reg M-B (Bo3)
|rated|
|rule|Species Clause: Limit one of each Pokémon
|rule|Item Clause: Limit 1 of each item
|clearpoke
|poke|p1|Floette-Eternal, L50, F|
|poke|p1|Sinistcha, L50|
|poke|p1|Incineroar, L50, M|
|poke|p1|Delphox, L50, M|
|poke|p1|Kingambit, L50, M|
|poke|p1|Sneasler, L50, M|
|poke|p2|Blastoise, L50, M|
|poke|p2|Incineroar, L50, M|
|poke|p2|Maushold, L50|
|poke|p2|Sinistcha, L50|
|poke|p2|Charizard, L50, F|
|poke|p2|Sneasler, L50, M|
|teampreview|4
|showteam|p1|Floette-Eternal||Floettite|FlowerVeil|Moonblast,DazzlingGleam,CalmMind,Protect|Modest||F|||50|]Sinistcha||ColburBerry|Hospitality|MatchaGotcha,RagePowder,Protect,TrickRoom|Bold|||||50|]Incineroar||SitrusBerry|Intimidate|FlareBlitz,PartingShot,FakeOut,HelpingHand|Careful||M|||50|]Delphox||Delphoxite|Blaze|HeatWave,Psyshock,NastyPlot,Protect|Timid||M|||50|]Kingambit||BlackGlasses|Defiant|KowtowCleave,SuckerPunch,SwordsDance,Protect|Adamant||M|||50|]Sneasler||FocusSash|Unburden|CloseCombat,DireClaw,FakeOut,QuickGuard|Jolly||M|||50|
|showteam|p2|Blastoise||Blastoisinite|RainDish|DarkPulse,WaterSpout,Protect,ShellSmash|Modest||M|||50|]Incineroar||SitrusBerry|Intimidate|FlareBlitz,FakeOut,PartingShot,Roar|Impish||M|||50|]Maushold||FocusSash|FriendGuard|Feint,Protect,FollowMe,Taunt|Impish|||||50|]Sinistcha||KasibBerry|Hospitality|EnergyBall,RagePowder,MatchaGotcha,LifeDew|Relaxed|||||50|]Charizard||CharizarditeX|Blaze|FirePunch,DragonDance,BreakingSwipe,Protect|Adamant||F|||50|]Sneasler||WhiteHerb|Unburden|FakeOut,Coaching,CloseCombat,DireClaw|Adamant||M|||50|
|inactive|Battle timer is ON: inactive players will automatically lose when time's up. (requested by pirro9)
|inactive|lakaka siuuu has 60 seconds left.
|
|t:|1782479991
|teamsize|p1|4
|teamsize|p2|4
|start
|switch|p1a: Floette|Floette-Eternal, L50, F|100/100
|switch|p1b: Vigile|Sneasler, L50, M|100/100
|switch|p2a: Blastoise|Blastoise, L50, M|100/100
|switch|p2b: Sneasler|Sneasler, L50, M|100/100
|turn|1
|inactive|lakaka siuuu has 30 seconds left.
|
|t:|1782480022
|detailschange|p2a: Blastoise|Blastoise-Mega, L50, M
|-mega|p2a: Blastoise|Blastoise|Blastoisinite
|detailschange|p1a: Floette|Floette-Mega, L50, F
|-mega|p1a: Floette|Floette|Floettite
|-ability|p1a: Floette|Fairy Aura
|move|p1b: Vigile|Fake Out|p2b: Sneasler
|-crit|p2b: Sneasler
|-damage|p2b: Sneasler|63/100
|cant|p2b: Sneasler|flinch
|move|p1a: Floette|Dazzling Gleam|p2a: Blastoise|[spread] p2a,p2b
|-damage|p2a: Blastoise|48/100
|-damage|p2b: Sneasler|0 fnt
|faint|p2b: Sneasler
|move|p2a: Blastoise|Shell Smash|p2a: Blastoise
|-unboost|p2a: Blastoise|def|1
|-unboost|p2a: Blastoise|spd|1
|-boost|p2a: Blastoise|atk|2
|-boost|p2a: Blastoise|spa|2
|-boost|p2a: Blastoise|spe|2
|
|upkeep
|
|t:|1782480043
|switch|p2b: Sinistcha|Sinistcha, L50|100/100
|-heal|p2a: Blastoise|73/100|[from] ability: Hospitality|[of] p2b: Sinistcha
|turn|2
|
|t:|1782480055
|switch|p2b: Maushold|Maushold, L50|100/100
|move|p2a: Blastoise|Protect|p2a: Blastoise
|-singleturn|p2a: Blastoise|Protect
|move|p1b: Vigile|Dire Claw|p2b: Maushold
|-crit|p2b: Maushold
|-damage|p2b: Maushold|33/100
|move|p1a: Floette|Dazzling Gleam|p2b: Maushold|[spread] p2b
|-activate|p2a: Blastoise|move: Protect
|-damage|p2b: Maushold|0 fnt
|faint|p2b: Maushold
|
|upkeep
|
|t:|1782480071
|switch|p2b: Sinistcha|Sinistcha, L50|100/100
|-heal|p2a: Blastoise|98/100|[from] ability: Hospitality|[of] p2b: Sinistcha
|turn|3
|
|t:|1782480084
|move|p2b: Sinistcha|Rage Powder|p2b: Sinistcha
|-singleturn|p2b: Sinistcha|move: Rage Powder
|move|p2a: Blastoise|Water Spout|p1a: Floette|[spread] p1a,p1b
|-damage|p1a: Floette|1/100
|-enditem|p1b: Vigile|Focus Sash
|-damage|p1b: Vigile|1/100
|move|p1b: Vigile|Dire Claw|p2b: Sinistcha
|-damage|p2b: Sinistcha|65/100
|move|p1a: Floette|Dazzling Gleam|p2b: Sinistcha|[spread] p2a,p2b
|-damage|p2a: Blastoise|28/100
|-damage|p2b: Sinistcha|20/100y
|
|upkeep
|turn|4
|inactive|lakaka siuuu has 30 seconds left.
|inactive|lakaka siuuu has 20 seconds left.
|inactive|lakaka siuuu has 15 seconds left.
|
|t:|1782480126
|move|p2a: Blastoise|Protect|p2a: Blastoise
|-singleturn|p2a: Blastoise|Protect
|move|p1b: Vigile|Dire Claw|p2a: Blastoise
|-activate|p2a: Blastoise|move: Protect
|move|p1a: Floette|Dazzling Gleam|p2b: Sinistcha|[spread] p2b
|-activate|p2a: Blastoise|move: Protect
|-damage|p2b: Sinistcha|0 fnt
|faint|p2b: Sinistcha
|
|upkeep
|turn|5
|
|t:|1782480139
|move|p1b: Vigile|Close Combat|p2a: Blastoise
|-crit|p2a: Blastoise
|-damage|p2a: Blastoise|0 fnt
|-unboost|p1b: Vigile|def|1
|-unboost|p1b: Vigile|spd|1
|faint|p2a: Blastoise
|
|win|lakaka siuuu
||pirro9 is ready for game 2.
||lakaka siuuu is ready for game 2.
|uhtml|next|Next: Game 2 of 3
