|j|☆Omaruco
|j|☆mr_Owl23
|html|Omarucomr_Owl23    
|uhtml|bestof|Game 1 of a best-of-3
|t:|1785935803
|gametype|doubles
|player|p1|Omaruco|arven-s|1040
|player|p2|mr_Owl23|cynthia-gen4|1000
|gen|9
|tier|[Gen 9 Champions] VGC 2026 Reg M-B (Bo3)
|rated|
|rule|Species Clause: Limit one of each Pokémon
|rule|Item Clause: Limit 1 of each item
|clearpoke
|poke|p1|Charizard, L50, F|
|poke|p1|Garchomp, L50, M|
|poke|p1|Incineroar, L50, M|
|poke|p1|Venusaur, L50, F|
|poke|p1|Raichu, L50, M|
|poke|p1|Sylveon, L50, M|
|poke|p2|Staraptor, L50, F|
|poke|p2|Sinistcha-Masterpiece, L50|
|poke|p2|Tyranitar, L50, M|
|poke|p2|Milotic, L50, F|
|poke|p2|Excadrill, L50, M|
|poke|p2|Gholdengo, L50|
|teampreview|4
|showteam|p1|Charizard||CharizarditeY|Blaze|WeatherBall,HeatWave,AncientPower,Protect|Modest||F|||50|]Garchomp||ChoiceScarf|RoughSkin|RockSlide,DragonClaw,Earthquake,StompingTantrum|Adamant||M|||50|]Incineroar||SitrusBerry|Intimidate|FlareBlitz,FakeOut,DarkestLariat,PartingShot|Impish||M|||50|]Venusaur||LifeOrb|Chlorophyll|SludgeBomb,LeafStorm,EarthPower,Protect|Modest||F|||50|]Raichu||RaichuniteY|LightningRod|Protect,ZapCannon,FakeOut,FocusBlast|Timid||M|||50|]Sylveon||FairyFeather|Pixilate|HyperVoice,QuickAttack,Yawn,Detect|Modest||M|||50|
|showteam|p2|Staraptor||Staraptite|Intimidate|Roost,BraveBird,CloseCombat,Tailwind|Jolly||F|||50|]Sinistcha-Masterpiece||Leftovers|Hospitality|MatchaGotcha,RagePowder,StrengthSap,TrickRoom|Bold|||||50|]Tyranitar||Tyranitarite|SandStream|KnockOff,Protect,LowKick,RockSlide|Adamant||M|||50|]Milotic||SitrusBerry|Competitive|IceBeam,IcyWind,Scald,Protect|Modest||F|||50|]Excadrill||FocusSash|SandRush|RockSlide,Earthquake,Protect,IronHead|Jolly||M|||50|]Gholdengo||LifeOrb|GoodasGold|MakeItRain,NastyPlot,ShadowBall,Protect|Modest|||||50|
|inactive|Battle timer is ON: inactive players will automatically lose when time's up. (requested by Omaruco)
|
|t:|1785935825
|teamsize|p1|4
|teamsize|p2|4
|start
|switch|p1a: Garchomp|Garchomp, L50, M|100/100
|switch|p1b: Raichu|Raichu, L50, M|100/100
|switch|p2a: Milotic|Milotic, L50, F|100/100
|switch|p2b: Sinistcha|Sinistcha-Masterpiece, L50|100/100
|turn|1
|
|t:|1785935846
|detailschange|p1b: Raichu|Raichu-Mega-Y, L50, M
|-mega|p1b: Raichu|Raichu|Raichunite Y
|move|p1b: Raichu|Fake Out|p2a: Milotic
|-damage|p2a: Milotic|90/100
|move|p2b: Sinistcha|Rage Powder|p2b: Sinistcha
|-singleturn|p2b: Sinistcha|move: Rage Powder
|move|p1a: Garchomp|Dragon Claw|p2b: Sinistcha
|-damage|p2b: Sinistcha|58/100
|cant|p2a: Milotic|flinch
|
|-heal|p2b: Sinistcha|64/100|[from] item: Leftovers
|upkeep
|turn|2
|
|t:|1785935869
|switch|p1b: Venusaur|Venusaur, L50, F|100/100
|move|p2a: Milotic|Protect|p2a: Milotic
|-singleturn|p2a: Milotic|Protect
|move|p1a: Garchomp|Dragon Claw|p2a: Milotic
|-activate|p2a: Milotic|move: Protect
|move|p2b: Sinistcha|Strength Sap|p1a: Garchomp
|-unboost|p1a: Garchomp|atk|1
|-heal|p2b: Sinistcha|100/100
|
|upkeep
|turn|3
|
|t:|1785935890
|switch|p1a: Raichu|Raichu-Mega-Y, L50, M|100/100
|move|p2b: Sinistcha|Rage Powder|p2b: Sinistcha
|-singleturn|p2b: Sinistcha|move: Rage Powder
|move|p1b: Venusaur|Sludge Bomb|p2a: Milotic
|-damage|p2a: Milotic|45/100
|-status|p2a: Milotic|psn
|-enditem|p2a: Milotic|Sitrus Berry|[eat]
|-heal|p2a: Milotic|70/100 psn|[from] item: Sitrus Berry
|-damage|p1b: Venusaur|90/100|[from] item: Life Orb
|move|p2a: Milotic|Icy Wind|p1a: Raichu|[spread] p1a,p1b
|-supereffective|p1b: Venusaur|1
|-damage|p1a: Raichu|81/100
|-damage|p1b: Venusaur|63/100
|-unboost|p1a: Raichu|spe|1
|-unboost|p1b: Venusaur|spe|1
|
|-damage|p2a: Milotic|58/100 psn|[from] psn
|upkeep
|turn|4
|inactive|mr_Owl23 has 30 seconds left.
|inactive|mr_Owl23 has 20 seconds left.
|inactive|mr_Owl23 has 15 seconds left.
|
|t:|1785935935
|switch|p2b: Excadrill|Excadrill, L50, M|100/100
|move|p2a: Milotic|Protect|p2a: Milotic
|-singleturn|p2a: Milotic|Protect
|move|p1a: Raichu|Zap Cannon|p2a: Milotic
|-activate|p2a: Milotic|move: Protect
|move|p1b: Venusaur|Leaf Storm|p2a: Milotic
|-activate|p2a: Milotic|move: Protect
|
|-damage|p2a: Milotic|45/100 psn|[from] psn
|upkeep
|turn|5
|
|t:|1785935951
|switch|p2a: Tyranitar|Tyranitar, L50, M|100/100
|-weather|Sandstorm|[from] ability: Sand Stream|[of] p2a: Tyranitar
|move|p1a: Raichu|Protect|p1a: Raichu
|-singleturn|p1a: Raichu|Protect
|move|p1b: Venusaur|Protect|p1b: Venusaur
|-singleturn|p1b: Venusaur|Protect
|move|p2b: Excadrill|Iron Head|p1b: Venusaur
|-activate|p1b: Venusaur|move: Protect
|
|-weather|Sandstorm|[upkeep]
|-damage|p1a: Raichu|75/100|[from] Sandstorm
|-damage|p1b: Venusaur|57/100|[from] Sandstorm
|upkeep
|turn|6
|
|t:|1785935966
|switch|p1a: Incineroar|Incineroar, L50, M|100/100
|-ability|p1a: Incineroar|Intimidate|boost
|-unboost|p2a: Tyranitar|atk|1
|-unboost|p2b: Excadrill|atk|1
|switch|p1b: Garchomp|Garchomp, L50, M|100/100
|move|p2a: Tyranitar|Protect|p2a: Tyranitar
|-singleturn|p2a: Tyranitar|Protect
|move|p2b: Excadrill|Earthquake|p1a: Incineroar|[spread] p1a,p1b
|-activate|p2a: Tyranitar|move: Protect
|-supereffective|p1a: Incineroar|1
|-damage|p1a: Incineroar|63/100
|-damage|p1b: Garchomp|73/100
|
|-weather|Sandstorm|[upkeep]
|-damage|p1a: Incineroar|57/100|[from] Sandstorm
|upkeep
|turn|7
|
|t:|1785935986
|switch|p2b: Sinistcha|Sinistcha-Masterpiece, L50|100/100
|switch|p2a: Milotic|Milotic, L50, F|45/100 psn
|move|p1b: Garchomp|Stomping Tantrum|p2a: Milotic
|-damage|p2a: Milotic|1/100 psn
|move|p1a: Incineroar|Darkest Lariat|p2a: Milotic
|-damage|p2a: Milotic|0 fnt
|faint|p2a: Milotic
|
|-weather|Sandstorm|[upkeep]
|-damage|p2b: Sinistcha|93/100|[from] Sandstorm
|-damage|p1a: Incineroar|51/100|[from] Sandstorm
|-heal|p2b: Sinistcha|100/100|[from] item: Leftovers
|upkeep
|
|t:|1785935999
|switch|p2a: Excadrill|Excadrill, L50, M|100/100
|turn|8
|
|t:|1785936021
|switch|p1b: Venusaur|Venusaur, L50, F|57/100
|move|p2a: Excadrill|Earthquake|p1a: Incineroar|[spread] p2b,p1a,p1b
|-resisted|p2b: Sinistcha|1
|-supereffective|p1a: Incineroar|1
|-crit|p1a: Incineroar
|-damage|p2b: Sinistcha|83/100
|-damage|p1a: Incineroar|0 fnt
|-damage|p1b: Venusaur|1/100
|faint|p1a: Incineroar
|move|p2b: Sinistcha|Matcha Gotcha|p1b: Venusaur
|-resisted|p1b: Venusaur|2
|-damage|p1b: Venusaur|0 fnt
|-heal|p2b: Sinistcha|84/100|[from] drain|[of] p1b: Venusaur
|faint|p1b: Venusaur
|
|-weather|Sandstorm|[upkeep]
|-damage|p2b: Sinistcha|78/100|[from] Sandstorm
|-heal|p2b: Sinistcha|84/100|[from] item: Leftovers
|upkeep
|
|t:|1785936028
|switch|p1b: Raichu|Raichu-Mega-Y, L50, M|75/100
|switch|p1a: Garchomp|Garchomp, L50, M|73/100
|turn|9
|
|t:|1785936042
|move|p2a: Excadrill|Protect|p2a: Excadrill
|-singleturn|p2a: Excadrill|Protect
|move|p1b: Raichu|Fake Out|p2a: Excadrill
|-activate|p2a: Excadrill|move: Protect
|move|p1a: Garchomp|Dragon Claw|p2b: Sinistcha
|-damage|p2b: Sinistcha|45/100
|move|p2b: Sinistcha|Strength Sap|p1a: Garchomp
|-unboost|p1a: Garchomp|atk|1
|-heal|p2b: Sinistcha|100/100
|
|-weather|none
|upkeep
|turn|10
|-message|Omaruco forfeited.
|
|win|mr_Owl23
