|j|☆defaulttesting
|j|☆ming0mang0
|html|defaulttestingming0mang0    
|uhtml|bestof|Game 2 of a best-of-3
|t:|1756416477
|gametype|doubles
|player|p1|defaulttesting|plasmagrunt-gen5bw|1095
|player|p2|ming0mang0|harlequin|1096
|gen|9
|tier|[Gen 9] VGC 2025 Reg H (Bo3)
|rated|
|rule|Species Clause: Limit one of each Pokémon
|rule|Item Clause: Limit 1 of each item
|clearpoke
|poke|p1|Talonflame, L50, M|
|poke|p1|Tyranitar, L50, M|
|poke|p1|Gyarados, L50, M|
|poke|p1|Kommo-o, L50, M|
|poke|p1|Amoonguss, L50, F|
|poke|p1|Excadrill, L50, M|
|poke|p2|Sneasler, L50, M|
|poke|p2|Indeedee, L50, M|
|poke|p2|Ursaluna-Bloodmoon, L50, M|
|poke|p2|Electabuzz, L50, M|
|poke|p2|Incineroar, L50, F|
|poke|p2|Talonflame, L50, M|
|teampreview|4
|showteam|p1|Talonflame||SafetyGoggles|GaleWings|FlareBlitz,BraveBird,Tailwind,Protect|||M|||50|,,,,,Ghost]Tyranitar||ClearAmulet|SandStream|RockSlide,TeraBlast,KnockOff,Protect|||M|||50|,,,,,Flying]Gyarados||Leftovers|Intimidate|ThunderWave,Waterfall,Taunt,Protect|||M|||50|,,,,,Grass]Kommo-o||ThroatSpray|Overcoat|ClangingScales,ClangorousSoul,AuraSphere,Protect|||M|||50|,,,,,Steel]Amoonguss||SitrusBerry|Regenerator|RagePowder,PollenPuff,Spore,Protect|||F|||50|,,,,,Fire]Excadrill||LifeOrb|SandRush|HighHorsepower,Earthquake,IronHead,Protect|||M|||50|,,,,,Ground
|showteam|p2|Sneasler||PsychicSeed|Unburden|CloseCombat,DireClaw,ThroatChop,Protect|||M|||50|,,,,,Dark]Indeedee||FocusSash|PsychicSurge|ExpandingForce,TrickRoom,HelpingHand,Protect|||M|||50|,,,,,Psychic]Ursaluna-Bloodmoon||LifeOrb|MindsEye|BloodMoon,HyperVoice,EarthPower,Protect|||M|||50|,,,,,Normal]Electabuzz||Eviolite|VitalSpirit|Electroweb,FollowMe,Taunt,Protect|||M|||50|,,,,,Dragon]Incineroar||SafetyGoggles|Intimidate|FlareBlitz,KnockOff,PartingShot,FakeOut|||F|||50|,,,,,Ghost]Talonflame||CovertCloak|GaleWings|FlareBlitz,DualWingbeat,WillOWisp,Tailwind|||M|||50|,,,,,Fairy
|inactive|Battle timer is ON: inactive players will automatically lose when time's up. (requested by defaulttesting)
|
|t:|1756416502
|teamsize|p1|4
|teamsize|p2|4
|start
|switch|p1a: Talonflame|Talonflame, L50, M|100/100
|switch|p1b: Tyranitar|Tyranitar, L50, M|100/100
|switch|p2a: Talonflame|Talonflame, L50, M|100/100
|switch|p2b: Ursaluna|Ursaluna-Bloodmoon, L50, M|100/100
|-weather|Sandstorm|[from] ability: Sand Stream|[of] p1b: Tyranitar
|turn|1
|inactive|ming0mang0 has 30 seconds left.
|
|t:|1756416533
|-terastallize|p2a: Talonflame|Fairy
|move|p1b: Tyranitar|Protect|p1b: Tyranitar
|-singleturn|p1b: Tyranitar|Protect
|move|p2a: Talonflame|Tailwind|p2a: Talonflame
|-sidestart|p2: ming0mang0|move: Tailwind
|move|p1a: Talonflame|Tailwind|p1a: Talonflame
|-sidestart|p1: defaulttesting|move: Tailwind
|move|p2b: Ursaluna|Blood Moon|p1a: Talonflame
|-damage|p1a: Talonflame|0 fnt
|faint|p1a: Talonflame
|-damage|p2b: Ursaluna|91/100|[from] item: Life Orb
|
|-weather|Sandstorm|[upkeep]
|-damage|p2a: Talonflame|95/100|[from] Sandstorm
|upkeep
|
|t:|1756416546
|switch|p1a: Excadrill|Excadrill, L50, M|100/100
|turn|2
|inactive|defaulttesting has 30 seconds left.
|
|t:|1756416573
|-terastallize|p1a: Excadrill|Ground
|move|p1a: Excadrill|High Horsepower|p2b: Ursaluna
|-damage|p2b: Ursaluna|25/100
|-damage|p1a: Excadrill|91/100|[from] item: Life Orb
|move|p2a: Talonflame|Will-O-Wisp|p1b: Tyranitar
|-status|p1b: Tyranitar|brn
|move|p2b: Ursaluna|Earth Power|p1a: Excadrill
|-damage|p1a: Excadrill|2/100
|-damage|p2b: Ursaluna|15/100|[from] item: Life Orb
|move|p1b: Tyranitar|Knock Off|p2b: Ursaluna
|-damage|p2b: Ursaluna|0 fnt
|-enditem|p2b: Ursaluna|Life Orb|[from] move: Knock Off|[of] p1b: Tyranitar
|faint|p2b: Ursaluna
|
|-weather|Sandstorm|[upkeep]
|-damage|p2a: Talonflame|89/100|[from] Sandstorm
|-damage|p1b: Tyranitar|94/100 brn|[from] brn
|upkeep
|
|t:|1756416596
|switch|p2b: Sneasler|Sneasler, L50, M|100/100
|turn|3
|
|t:|1756416613
|switch|p1b: Gyarados|Gyarados, L50, M|100/100
|-ability|p1b: Gyarados|Intimidate|boost
|-unboost|p2a: Talonflame|atk|1
|-unboost|p2b: Sneasler|atk|1
|move|p2b: Sneasler|Protect|p2b: Sneasler
|-singleturn|p2b: Sneasler|Protect
|move|p1a: Excadrill|Earthquake|p2a: Talonflame|[spread] p2a
|-activate|p2b: Sneasler|move: Protect
|-immune|p1b: Gyarados
|-damage|p2a: Talonflame|0 fnt
|faint|p2a: Talonflame
|-damage|p1a: Excadrill|0 fnt|[from] item: Life Orb
|faint|p1a: Excadrill
|
|-weather|Sandstorm|[upkeep]
|-damage|p2b: Sneasler|95/100|[from] Sandstorm
|-damage|p1b: Gyarados|94/100|[from] Sandstorm
|-heal|p1b: Gyarados|100/100|[from] item: Leftovers
|upkeep
|inactive|defaulttesting has 30 seconds left.
|
|t:|1756416639
|switch|p2a: Indeedee|Indeedee, L50, M|100/100
|switch|p1a: Tyranitar|Tyranitar, L50, M|94/100 brn
|-fieldstart|move: Psychic Terrain|[from] ability: Psychic Surge|[of] p2a: Indeedee
|-enditem|p2b: Sneasler|Psychic Seed
|-boost|p2b: Sneasler|spd|1|[from] item: Psychic Seed
|turn|4
|inactive|ming0mang0 has 30 seconds left.
|
|t:|1756416670
|move|p2b: Sneasler|Dire Claw|p1a: Tyranitar
|-resisted|p1a: Tyranitar
|-damage|p1a: Tyranitar|81/100 brn
|move|p2a: Indeedee|Expanding Force|p1b: Gyarados|[spread] p1b
|-immune|p1a: Tyranitar
|-damage|p1b: Gyarados|52/100
|move|p1b: Gyarados|Waterfall|p2a: Indeedee
|-damage|p2a: Indeedee|8/100
|move|p1a: Tyranitar|Knock Off|p2a: Indeedee
|-supereffective|p2a: Indeedee
|-damage|p2a: Indeedee|0 fnt
|-enditem|p2a: Indeedee|Focus Sash|[from] move: Knock Off|[of] p1a: Tyranitar
|faint|p2a: Indeedee
|
|-weather|Sandstorm|[upkeep]
|-damage|p2b: Sneasler|89/100|[from] Sandstorm
|-damage|p1b: Gyarados|46/100|[from] Sandstorm
|-heal|p1b: Gyarados|52/100|[from] item: Leftovers
|-damage|p1a: Tyranitar|75/100 brn|[from] brn
|-sideend|p2: ming0mang0|move: Tailwind
|-sideend|p1: defaulttesting|move: Tailwind
|upkeep
|turn|5
|
|t:|1756416690
|move|p2b: Sneasler|Close Combat|p1a: Tyranitar
|-supereffective|p1a: Tyranitar
|-damage|p1a: Tyranitar|0 fnt
|-unboost|p2b: Sneasler|def|1
|-unboost|p2b: Sneasler|spd|1
|faint|p1a: Tyranitar
|move|p1b: Gyarados|Thunder Wave|p2b: Sneasler
|-status|p2b: Sneasler|par
|
|-weather|none
|-heal|p1b: Gyarados|58/100|[from] item: Leftovers
|upkeep
|turn|6
|
|t:|1756416708
|move|p1b: Gyarados|Protect|p1b: Gyarados
|-singleturn|p1b: Gyarados|Protect
|move|p2b: Sneasler|Dire Claw|p1b: Gyarados
|-activate|p1b: Gyarados|move: Protect
|
|-heal|p1b: Gyarados|64/100|[from] item: Leftovers
|upkeep
|turn|7
|
|t:|1756416716
|cant|p2b: Sneasler|par
|move|p1b: Gyarados|Waterfall|p2b: Sneasler
|-damage|p2b: Sneasler|0 fnt
|faint|p2b: Sneasler
|
|win|defaulttesting
|raw|defaulttesting's rating: 1095 → 1121(+26 for winning)
|raw|ming0mang0's rating: 1096 → 1072(-24 for losing)
