|j|☆Lab01JNEST
|j|☆LeMaitreCroissant
|html|Lab01JNESTLeMaitreCroissant    
|uhtml|bestof|Game 2 of a best-of-3
|t:|1757712964
|gametype|doubles
|player|p1|Lab01JNEST|266|1343
|player|p2|LeMaitreCroissant|265|1303
|gen|9
|tier|[Gen 9] VGC 2025 Reg H (Bo3)
|rated|
|rule|Species Clause: Limit one of each Pokémon
|rule|Item Clause: Limit 1 of each item
|clearpoke
|poke|p1|Tyranitar, L50, F|
|poke|p1|Garchomp, L50, F|
|poke|p1|Sinistcha, L50|
|poke|p1|Dragonite, L50, F|
|poke|p1|Corviknight, L50, M|
|poke|p1|Volcarona, L50, F|
|poke|p2|Basculegion, L50, M|
|poke|p2|Amoonguss, L50, M|
|poke|p2|Gholdengo, L50|
|poke|p2|Archaludon, L50, M|
|poke|p2|Incineroar, L50, M|
|poke|p2|Pelipper, L50, M|
|teampreview|4
|showteam|p1|Tyranitar||AssaultVest|SandStream|RockSlide,KnockOff,TeraBlast,LowKick|||F|||50|,,,,,Flying]Garchomp||LifeOrb|RoughSkin|Protect,DragonClaw,StompingTantrum,Earthquake|||F|||50|,,,,,Ground]Sinistcha||RockyHelmet|Hospitality|MatchaGotcha,LifeDew,TrickRoom,RagePowder||||||50|,,,,,Dark]Dragonite||ChoiceBand|InnerFocus|Outrage,ExtremeSpeed,IceSpinner,AerialAce|||F|||50|,,,,,Normal]Corviknight||SitrusBerry|MirrorArmor|Tailwind,BulkUp,Roost,BraveBird|||M|||50|,,,,,Dragon]Volcarona||Leftovers|FlameBody|FieryDance,GigaDrain,QuiverDance,Protect|||F|||50|,,,,,Dragon
|showteam|p2|Basculegion||ChoiceScarf|Adaptability|WaveCrash,LastRespects,FlipTurn,AquaJet|||M|||50|,,,,,Water]Amoonguss||SitrusBerry|Regenerator|PollenPuff,Spore,RagePowder,Protect|||M|||50|,,,,,Fairy]Gholdengo||LifeOrb|GoodasGold|MakeItRain,ShadowBall,NastyPlot,Protect||||||50|,,,,,Dragon]Archaludon||AssaultVest|Stamina|ElectroShot,DragonPulse,FlashCannon,BodyPress|||M|||50|,,,,,Grass]Incineroar||SafetyGoggles|Intimidate|FlareBlitz,KnockOff,FakeOut,PartingShot|||M|||50|,,,,,Ghost]Pelipper||FocusSash|Drizzle|Hurricane,WeatherBall,Tailwind,Protect|||M|||50|,,,,,Ghost
|inactive|Battle timer is ON: inactive players will automatically lose when time's up. (requested by Lab01JNEST)
|
|t:|1757712983
|teamsize|p1|4
|teamsize|p2|4
|start
|switch|p1a: Volcarona|Volcarona, L50, F|100/100
|switch|p1b: Sinistcha|Sinistcha, L50|100/100
|switch|p2a: Archaludon|Archaludon, L50, M, shiny|100/100
|switch|p2b: Basculegion|Basculegion, L50, M|100/100
|turn|1
|
|t:|1757713002
|move|p1b: Sinistcha|Rage Powder|p1b: Sinistcha
|-singleturn|p1b: Sinistcha|move: Rage Powder
|move|p2b: Basculegion|Flip Turn|p1b: Sinistcha
|-resisted|p1b: Sinistcha
|-damage|p1b: Sinistcha|81/100
|-damage|p2b: Basculegion|84/100|[from] item: Rocky Helmet|[of] p1b: Sinistcha
|
|t:|1757713007
|switch|p2b: Pelipper|Pelipper, L50, M|100/100|[from] Flip Turn
|-weather|RainDance|[from] ability: Drizzle|[of] p2b: Pelipper
|move|p1a: Volcarona|Quiver Dance|p1a: Volcarona
|-boost|p1a: Volcarona|spa|1
|-boost|p1a: Volcarona|spd|1
|-boost|p1a: Volcarona|spe|1
|move|p2a: Archaludon|Electro Shot||[still]
|-prepare|p2a: Archaludon|Electro Shot
|-boost|p2a: Archaludon|spa|1
|-anim|p2a: Archaludon|Electro Shot|p1b: Sinistcha
|-resisted|p1b: Sinistcha
|-damage|p1b: Sinistcha|54/100
|
|-weather|RainDance|[upkeep]
|upkeep
|turn|2
|
|t:|1757713027
|switch|p1b: Tyranitar|Tyranitar, L50, F|100/100
|-weather|Sandstorm|[from] ability: Sand Stream|[of] p1b: Tyranitar
|-terastallize|p1a: Volcarona|Dragon
|move|p1a: Volcarona|Quiver Dance|p1a: Volcarona
|-boost|p1a: Volcarona|spa|1
|-boost|p1a: Volcarona|spd|1
|-boost|p1a: Volcarona|spe|1
|move|p2b: Pelipper|Hurricane|p1b: Tyranitar
|-resisted|p1b: Tyranitar
|-damage|p1b: Tyranitar|90/100
|move|p2a: Archaludon|Electro Shot||[still]
|-prepare|p2a: Archaludon|Electro Shot
|-boost|p2a: Archaludon|spa|1
|
|-weather|Sandstorm|[upkeep]
|-damage|p1a: Volcarona|94/100|[from] Sandstorm
|-damage|p2b: Pelipper|95/100|[from] Sandstorm
|-heal|p1a: Volcarona|100/100|[from] item: Leftovers
|upkeep
|turn|3
|
|t:|1757713043
|switch|p1b: Sinistcha|Sinistcha, L50|54/100
|move|p1a: Volcarona|Quiver Dance|p1a: Volcarona
|-boost|p1a: Volcarona|spa|1
|-boost|p1a: Volcarona|spd|1
|-boost|p1a: Volcarona|spe|1
|move|p2b: Pelipper|Tailwind|p2b: Pelipper
|-sidestart|p2: LeMaitreCroissant|move: Tailwind
|move|p2a: Archaludon|Electro Shot|p1a: Volcarona|[from] lockedmove
|-resisted|p1a: Volcarona
|-damage|p1a: Volcarona|85/100
|
|-weather|Sandstorm|[upkeep]
|-damage|p1a: Volcarona|79/100|[from] Sandstorm
|-damage|p2b: Pelipper|89/100|[from] Sandstorm
|-damage|p1b: Sinistcha|48/100|[from] Sandstorm
|-heal|p1a: Volcarona|85/100|[from] item: Leftovers
|upkeep
|turn|4
|
|t:|1757713062
|move|p1b: Sinistcha|Rage Powder|p1b: Sinistcha
|-singleturn|p1b: Sinistcha|move: Rage Powder
|move|p1a: Volcarona|Fiery Dance|p2a: Archaludon
|-damage|p2a: Archaludon|26/100
|-ability|p2a: Archaludon|Stamina|boost
|-boost|p2a: Archaludon|def|1
|move|p2b: Pelipper|Hurricane|p1b: Sinistcha|[miss]
|-miss|p2b: Pelipper|p1b: Sinistcha
|move|p2a: Archaludon|Dragon Pulse|p1b: Sinistcha
|-damage|p1b: Sinistcha|0 fnt
|faint|p1b: Sinistcha
|
|-weather|Sandstorm|[upkeep]
|-damage|p1a: Volcarona|79/100|[from] Sandstorm
|-damage|p2b: Pelipper|83/100|[from] Sandstorm
|-heal|p1a: Volcarona|85/100|[from] item: Leftovers
|upkeep
|
|t:|1757713071
|switch|p1b: Dragonite|Dragonite, L50, F|100/100
|turn|5
|-message|LeMaitreCroissant forfeited.
|
|win|Lab01JNEST
|raw|Lab01JNEST's rating: 1343 → 1361(+18 for winning)
|raw|LeMaitreCroissant's rating: 1303 → 1285(-18 for losing)
