|j|☆Hayz27727282828
|j|☆owbd
|html|Hayz27727282828owbd    
|uhtml|bestof|Game 2 of a best-of-3
|t:|1756886980
|gametype|doubles
|player|p1|Hayz27727282828|169|1133
|player|p2|owbd|cynthia-gen4|1133
|gen|9
|tier|[Gen 9] VGC 2025 Reg H (Bo3)
|rated|
|rule|Species Clause: Limit one of each Pokémon
|rule|Item Clause: Limit 1 of each item
|clearpoke
|poke|p1|Tyranitar, L50, F|
|poke|p1|Rillaboom, L50, M|
|poke|p1|Volcarona, L50, F|
|poke|p1|Primarina, L50, M|
|poke|p1|Sneasler, L50, M|
|poke|p1|Baxcalibur, L50, M|
|poke|p2|Gholdengo, L50|
|poke|p2|Incineroar, L50, M|
|poke|p2|Ursaluna-Bloodmoon, L50, M|
|poke|p2|Indeedee, L50, M|
|poke|p2|Sneasler, L50, M|
|poke|p2|Murkrow, L50, M|
|teampreview|4
|showteam|p1|Tyranitar||FocusSash|SandStream|RockSlide,KnockOff,Taunt,Protect|||F|||50|,,,,,Ghost]Rillaboom||AssaultVest|GrassySurge|HighHorsepower,Uturn,GrassyGlide,FakeOut|||M|||50|,,,,,Fire]Volcarona||Leftovers|FlameBody|FieryDance,QuiverDance,GigaDrain,Protect|||F|||50|,,,,,Dragon]Primarina||ThroatSpray|LiquidVoice|Moonblast,HyperVoice,Haze,Protect|||M|||50|,,,,,Ground]Sneasler||GrassySeed|Unburden|CloseCombat,DireClaw,Acrobatics,Protect|||M|||50|,,,,,Dark]Baxcalibur||ClearAmulet|ThermalExchange|IceShard,GlaiveRush,Protect,IcicleCrash|||M|||50|,,,,,Water
|showteam|p2|Gholdengo||ChoiceSpecs|GoodasGold|MakeItRain,ShadowBall,Thunderbolt,Trick||||||50|,,,,,Steel]Incineroar||SafetyGoggles|Intimidate|FlareBlitz,PartingShot,FakeOut,KnockOff|||M|||50|,,,,,Ghost]Ursaluna-Bloodmoon||AssaultVest|MindsEye|BloodMoon,EarthPower,HyperVoice,Moonblast|||M|||50|,,,,,Normal]Indeedee||FocusSash|PsychicSurge|ExpandingForce,Protect,TrickRoom,Imprison|||M|||50|,,,,,Psychic]Sneasler||PsychicSeed|Unburden|CloseCombat,DireClaw,FakeOut,ThroatChop|||M|||50|,,,,,Stellar]Murkrow||CovertCloak|Prankster|FoulPlay,Haze,SunnyDay,Tailwind|||M|||50|,,,,,Dark
|inactive|Battle timer is ON: inactive players will automatically lose when time's up. (requested by Hayz27727282828)
|
|t:|1756887004
|teamsize|p1|4
|teamsize|p2|4
|start
|switch|p1a: Volcarona|Volcarona, L50, F|100/100
|switch|p1b: Tyranitar|Tyranitar, L50, F|100/100
|switch|p2a: Gholdengo|Gholdengo, L50|100/100
|switch|p2b: Murkrow|Murkrow, L50, M|100/100
|-weather|Sandstorm|[from] ability: Sand Stream|[of] p1b: Tyranitar
|turn|1
|
|t:|1756887024
|move|p2b: Murkrow|Tailwind|p2b: Murkrow
|-sidestart|p2: owbd|move: Tailwind
|move|p2a: Gholdengo|Make It Rain|p1a: Volcarona|[spread] p1a,p1b
|-resisted|p1a: Volcarona
|-supereffective|p1b: Tyranitar
|-damage|p1a: Volcarona|68/100
|-damage|p1b: Tyranitar|11/100
|-unboost|p2a: Gholdengo|spa|1
|move|p1a: Volcarona|Fiery Dance|p2a: Gholdengo
|-supereffective|p2a: Gholdengo
|-damage|p2a: Gholdengo|0 fnt
|-boost|p1a: Volcarona|spa|1
|faint|p2a: Gholdengo
|move|p1b: Tyranitar|Rock Slide|p2b: Murkrow
|-supereffective|p2b: Murkrow
|-damage|p2b: Murkrow|0 fnt
|faint|p2b: Murkrow
|
|-weather|Sandstorm|[upkeep]
|-damage|p1a: Volcarona|61/100|[from] Sandstorm
|-heal|p1a: Volcarona|68/100|[from] item: Leftovers
|upkeep
|
|t:|1756887043
|switch|p2a: Sneasler|Sneasler, L50, M|100/100
|switch|p2b: Indeedee|Indeedee, L50, M|100/100
|-fieldstart|move: Psychic Terrain|[from] ability: Psychic Surge|[of] p2b: Indeedee
|-enditem|p2a: Sneasler|Psychic Seed
|-boost|p2a: Sneasler|spd|1|[from] item: Psychic Seed
|turn|2
|
|t:|1756887067
|switch|p1b: Rillaboom|Rillaboom, L50, M|100/100
|-fieldstart|move: Grassy Terrain|[from] ability: Grassy Surge|[of] p1b: Rillaboom
|-terastallize|p2b: Indeedee|Psychic
|move|p1a: Volcarona|Protect|p1a: Volcarona
|-singleturn|p1a: Volcarona|Protect
|move|p2a: Sneasler|Dire Claw|p1b: Rillaboom
|-supereffective|p1b: Rillaboom
|-damage|p1b: Rillaboom|21/100
|move|p2b: Indeedee|Expanding Force|p1a: Volcarona
|-activate|p1a: Volcarona|move: Protect
|
|-weather|Sandstorm|[upkeep]
|-damage|p2a: Sneasler|95/100|[from] Sandstorm
|-damage|p2b: Indeedee|95/100|[from] Sandstorm
|-damage|p1a: Volcarona|61/100|[from] Sandstorm
|-damage|p1b: Rillaboom|15/100|[from] Sandstorm
|-heal|p2a: Sneasler|100/100|[from] Grassy Terrain
|-heal|p2b: Indeedee|100/100|[from] Grassy Terrain
|-heal|p1a: Volcarona|68/100|[from] Grassy Terrain
|-heal|p1a: Volcarona|74/100|[from] item: Leftovers
|-heal|p1b: Rillaboom|21/100|[from] Grassy Terrain
|upkeep
|turn|3
|inactive|Hayz27727282828 has 30 seconds left.
|inactive|Hayz27727282828 has 20 seconds left.
|
|t:|1756887103
|move|p1b: Rillaboom|Fake Out|p2a: Sneasler
|-damage|p2a: Sneasler|78/100
|cant|p2a: Sneasler|flinch
|move|p2b: Indeedee|Expanding Force|p1b: Rillaboom
|-damage|p1b: Rillaboom|0 fnt
|faint|p1b: Rillaboom
|move|p1a: Volcarona|Fiery Dance|p2a: Sneasler
|-damage|p2a: Sneasler|32/100
|-boost|p1a: Volcarona|spa|1
|
|-weather|Sandstorm|[upkeep]
|-damage|p2a: Sneasler|26/100|[from] Sandstorm
|-damage|p2b: Indeedee|95/100|[from] Sandstorm
|-damage|p1a: Volcarona|68/100|[from] Sandstorm
|-heal|p2a: Sneasler|32/100|[from] Grassy Terrain
|-heal|p2b: Indeedee|100/100|[from] Grassy Terrain
|-heal|p1a: Volcarona|74/100|[from] Grassy Terrain
|-heal|p1a: Volcarona|80/100|[from] item: Leftovers
|upkeep
|
|t:|1756887122
|switch|p1b: Tyranitar|Tyranitar, L50, F|11/100
|turn|4
|
|t:|1756887140
|move|p2a: Sneasler|Dire Claw|p1b: Tyranitar
|-resisted|p1b: Tyranitar
|-damage|p1b: Tyranitar|0 fnt
|faint|p1b: Tyranitar
|move|p2b: Indeedee|Expanding Force|p1a: Volcarona
|-damage|p1a: Volcarona|37/100
|move|p1a: Volcarona|Fiery Dance|p2a: Sneasler
|-damage|p2a: Sneasler|0 fnt
|-boost|p1a: Volcarona|spa|1
|faint|p2a: Sneasler
|
|-weather|Sandstorm|[upkeep]
|-damage|p2b: Indeedee|95/100|[from] Sandstorm
|-damage|p1a: Volcarona|31/100|[from] Sandstorm
|-heal|p2b: Indeedee|100/100|[from] Grassy Terrain
|-heal|p1a: Volcarona|37/100|[from] Grassy Terrain
|-heal|p1a: Volcarona|44/100|[from] item: Leftovers
|-sideend|p2: owbd|move: Tailwind
|upkeep
|
|t:|1756887158
|switch|p1b: Sneasler|Sneasler, L50, M|100/100
|-enditem|p1b: Sneasler|Grassy Seed
|-boost|p1b: Sneasler|def|1|[from] item: Grassy Seed
|turn|5
|
|t:|1756887172
|-terastallize|p1b: Sneasler|Dark
|move|p1b: Sneasler|Dire Claw|p2b: Indeedee
|-damage|p2b: Indeedee|14/100
|move|p2b: Indeedee|Expanding Force|p1b: Sneasler
|-immune|p1b: Sneasler
|move|p1a: Volcarona|Giga Drain|p2b: Indeedee
|-damage|p2b: Indeedee|0 fnt
|-heal|p1a: Volcarona|49/100|[from] drain|[of] p2b: Indeedee
|faint|p2b: Indeedee
|
|win|Hayz27727282828
||owbd is ready for game 3.
|inactive|Hayz27727282828 has 30 seconds to confirm battle start!
||Hayz27727282828 is ready for game 3.
|uhtml|next|Next: Game 3 of 3
|l|☆Hayz27727282828
|player|p1|
