|j|☆funntymann
|j|☆regalac3
|html|funntymannregalac3    
|uhtml|bestof|Game 3 of a best-of-3
|t:|1783044504
|gametype|doubles
|player|p1|funntymann|266|1154
|player|p2|regalac3|n|1099
|gen|9
|tier|[Gen 9 Champions] VGC 2026 Reg M-B (Bo3)
|rated|
|rule|Species Clause: Limit one of each Pokémon
|rule|Item Clause: Limit 1 of each item
|clearpoke
|poke|p1|Maushold, L50|
|poke|p1|Annihilape, L50, F|
|poke|p1|Floette-Eternal, L50, F|
|poke|p1|Talonflame, L50, F|
|poke|p1|Kingambit, L50, M|
|poke|p1|Basculegion, L50, M|
|poke|p2|Aerodactyl, L50, F|
|poke|p2|Pyroar, L50, F|
|poke|p2|Farigiraf, L50, F|
|poke|p2|Mamoswine, L50, F|
|poke|p2|Venusaur, L50, M|
|poke|p2|Torkoal, L50, M|
|teampreview|4
|showteam|p1|Maushold||FocusSash|FriendGuard|SuperFang,FollowMe,BeatUp,Protect|Jolly|||||50|]Annihilape||LifeOrb|Defiant|DrainPunch,RageFist,BulkUp,Protect|Adamant||F|||50|]Floette-Eternal||Floettite|FlowerVeil|Moonblast,DazzlingGleam,LightofRuin,Protect|Timid||F|||50|]Talonflame||SharpBeak|GaleWings|DualWingbeat,Tailwind,WillOWisp,Protect|Jolly||F|||50|]Kingambit||BlackGlasses|Defiant|KowtowCleave,SuckerPunch,IronHead,Protect|Adamant||M|||50|]Basculegion||MysticWater|Adaptability|WaveCrash,LastRespects,AquaJet,Protect|Adamant||M|||50|
|showteam|p2|Aerodactyl||Aerodactylite|Unnerve|RockSlide,DualWingbeat,IceFang,Tailwind|Jolly||F|||50|]Pyroar||Pyroarite|Unnerve|HeatWave,SolarBeam,Overheat,Protect|Timid||F|||50|]Farigiraf||SitrusBerry|ArmorTail|Psychic,Thunderbolt,HelpingHand,TrickRoom|Modest||F|||50|]Mamoswine||LifeOrb|Oblivious|IcicleCrash,HighHorsepower,IceShard,Protect|Adamant||F|||50|]Venusaur||FocusSash|Chlorophyll|LeafStorm,SludgeBomb,SleepPowder,Protect|Modest||M|||50|]Torkoal||Charcoal|Drought|Eruption,WeatherBall,HelpingHand,Protect|Quiet||M|||50|
|inactive|Battle timer is ON: inactive players will automatically lose when time's up. (requested by funntymann)
|
|t:|1783044527
|teamsize|p1|4
|teamsize|p2|4
|start
|switch|p1a: ummactuall-|Maushold, L50|100/100
|switch|p1b: IMVERYANGRY|Annihilape, L50, F|100/100
|switch|p2a: Farigiraf|Farigiraf, L50, F|100/100
|switch|p2b: Venusaur|Venusaur, L50, M|100/100
|turn|1
|
|t:|1783044543
|move|p1a: ummactuall-|Beat Up|p1b: IMVERYANGRY
|-damage|p1b: IMVERYANGRY|98/100
|-damage|p1b: IMVERYANGRY|95/100
|-damage|p1b: IMVERYANGRY|94/100
|-damage|p1b: IMVERYANGRY|91/100
|-hitcount|p1b: IMVERYANGRY|4
|move|p2b: Venusaur|Sleep Powder|p1b: IMVERYANGRY|[miss]
|-miss|p2b: Venusaur|p1b: IMVERYANGRY
|move|p1b: IMVERYANGRY|Rage Fist|p2b: Venusaur
|-enditem|p2b: Venusaur|Focus Sash
|-damage|p2b: Venusaur|1/100
|-damage|p1b: IMVERYANGRY|82/100|[from] item: Life Orb
|move|p2a: Farigiraf|Psychic|p1b: IMVERYANGRY
|-supereffective|p1b: IMVERYANGRY|1
|-damage|p1b: IMVERYANGRY|32/100
|
|upkeep
|turn|2
|
|t:|1783044567
|move|p1a: ummactuall-|Beat Up|p2b: Venusaur
|-damage|p2b: Venusaur|0 fnt
|faint|p2b: Venusaur
|-hitcount|p2: Venusaur|1
|move|p1b: IMVERYANGRY|Drain Punch|p2a: Farigiraf
|-damage|p2a: Farigiraf|53/100
|-heal|p1b: IMVERYANGRY|56/100|[from] drain|[of] p2a: Farigiraf
|-damage|p1b: IMVERYANGRY|46/100|[from] item: Life Orb
|move|p2a: Farigiraf|Trick Room|p2a: Farigiraf
|-fieldstart|move: Trick Room|[of] p2a: Farigiraf
|
|upkeep
|
|t:|1783044570
|switch|p2b: Torkoal|Torkoal, L50, M|100/100
|-weather|SunnyDay|[from] ability: Drought|[of] p2b: Torkoal
|turn|3
|
|t:|1783044586
|move|p2a: Farigiraf|Helping Hand|p2b: Torkoal
|-singleturn|p2b: Torkoal|Helping Hand|[of] p2a: Farigiraf
|move|p1b: IMVERYANGRY|Protect|p1b: IMVERYANGRY
|-singleturn|p1b: IMVERYANGRY|Protect
|move|p1a: ummactuall-|Protect|p1a: ummactuall-
|-singleturn|p1a: ummactuall-|Protect
|move|p2b: Torkoal|Eruption|p1a: ummactuall-|[spread] 
|-activate|p1a: ummactuall-|move: Protect
|-activate|p1b: IMVERYANGRY|move: Protect
|
|-weather|SunnyDay|[upkeep]
|upkeep
|turn|4
|
|t:|1783044601
|move|p2a: Farigiraf|Helping Hand|p2b: Torkoal
|-singleturn|p2b: Torkoal|Helping Hand|[of] p2a: Farigiraf
|move|p1b: IMVERYANGRY|Protect||[still]
|-fail|p1b: IMVERYANGRY
|move|p1a: ummactuall-|Follow Me|p1a: ummactuall-
|-singleturn|p1a: ummactuall-|move: Follow Me
|move|p2b: Torkoal|Eruption|p1b: IMVERYANGRY|[spread] p1a,p1b
|-enditem|p1a: ummactuall-|Focus Sash
|-damage|p1a: ummactuall-|1/100
|-damage|p1b: IMVERYANGRY|0 fnt
|faint|p1b: IMVERYANGRY
|
|-weather|SunnyDay|[upkeep]
|upkeep
|
|t:|1783044611
|switch|p1b: TheStrongestPlayer|Basculegion, L50, M|100/100
|turn|5
|
|t:|1783044618
|move|p1b: TheStrongestPlayer|Protect|p1b: TheStrongestPlayer
|-singleturn|p1b: TheStrongestPlayer|Protect
|move|p1a: ummactuall-|Protect|p1a: ummactuall-
|-singleturn|p1a: ummactuall-|Protect
|move|p2b: Torkoal|Eruption|p1b: TheStrongestPlayer|[spread] 
|-activate|p1a: ummactuall-|move: Protect
|-activate|p1b: TheStrongestPlayer|move: Protect
|move|p2a: Farigiraf|Thunderbolt|p1b: TheStrongestPlayer
|-activate|p1b: TheStrongestPlayer|move: Protect
|
|-weather|SunnyDay|[upkeep]
|upkeep
|turn|6
|
|t:|1783044636
|move|p1a: ummactuall-|Follow Me|p1a: ummactuall-
|-singleturn|p1a: ummactuall-|move: Follow Me
|move|p1b: TheStrongestPlayer|Aqua Jet||[still]
|cant|p2a: Farigiraf|ability: Armor Tail|Aqua Jet|[of] p1b: TheStrongestPlayer
|move|p2b: Torkoal|Eruption|p1b: TheStrongestPlayer|[spread] p1a,p1b
|-resisted|p1b: TheStrongestPlayer|1
|-damage|p1a: ummactuall-|0 fnt
|-damage|p1b: TheStrongestPlayer|64/100
|faint|p1a: ummactuall-
|move|p2a: Farigiraf|Thunderbolt|p1b: TheStrongestPlayer
|-supereffective|p1b: TheStrongestPlayer|1
|-damage|p1b: TheStrongestPlayer|3/100
|-status|p1b: TheStrongestPlayer|par
|
|-weather|SunnyDay|[upkeep]
|-fieldend|move: Trick Room
|upkeep
|
|t:|1783044642
|switch|p1a: Top3mega4Eva|Floette-Eternal, L50, F|100/100
|turn|7
|
|t:|1783044666
|detailschange|p1a: Top3mega4Eva|Floette-Mega, L50, F
|-mega|p1a: Top3mega4Eva|Floette|Floettite
|-ability|p1a: Top3mega4Eva|Fairy Aura
|move|p1a: Top3mega4Eva|Moonblast|p2a: Farigiraf
|-damage|p2a: Farigiraf|0 fnt
|faint|p2a: Farigiraf
|move|p1b: TheStrongestPlayer|Wave Crash|p2b: Torkoal
|-supereffective|p2b: Torkoal|1
|-crit|p2b: Torkoal
|-damage|p2b: Torkoal|0 fnt
|faint|p2b: Torkoal
|-damage|p1b: TheStrongestPlayer|0 fnt|[from] Recoil
|faint|p1b: TheStrongestPlayer
|
|-weather|none
|upkeep
|
|t:|1783044675
|switch|p2a: Pyroar|Pyroar, L50, F|100/100
|-ability|p2a: Pyroar|Unnerve
|turn|8
|
|t:|1783044693
|detailschange|p2a: Pyroar|Pyroar-Mega, L50, F
|-mega|p2a: Pyroar|Pyroar|Pyroarite
|move|p2a: Pyroar|Heat Wave|p1a: Top3mega4Eva
|-damage|p1a: Top3mega4Eva|40/100
|move|p1a: Top3mega4Eva|Light of Ruin|p2a: Pyroar
|-resisted|p2a: Pyroar|1
|-damage|p2a: Pyroar|33/100
|-damage|p1a: Top3mega4Eva|3/100|[from] Recoil
|
|upkeep
|turn|9
|-message|funntymann forfeited.
|raw|funntymann's rating: 1154 → 1125(-29 for losing)
|raw|regalac3's rating: 1099 → 1128(+29 for winning)
|
|win|regalac3
|l|☆funntymann
|player|p1|
