|j|☆axcoquette
|j|☆lettitripppp
|html|axcoquettelettitripppp    
|uhtml|bestof|Game 2 of a best-of-3
|t:|1783972215
|gametype|doubles
|player|p1|axcoquette|maid|1182
|player|p2|lettitripppp|lucas|1296
|gen|9
|tier|[Gen 9 Champions] VGC 2026 Reg M-B (Bo3)
|rated|
|rule|Species Clause: Limit one of each Pokémon
|rule|Item Clause: Limit 1 of each item
|clearpoke
|poke|p1|Ceruledge, L50, F|
|poke|p1|Glimmora, L50, F|
|poke|p1|Weavile, L50, F|
|poke|p1|Raichu, L50, M|
|poke|p1|Whimsicott, L50, F|
|poke|p1|Milotic, L50, M|
|poke|p2|Charizard, L50, M|
|poke|p2|Basculegion, L50, M|
|poke|p2|Pelipper, L50, M|
|poke|p2|Venusaur, L50, F|
|poke|p2|Archaludon, L50, F|
|poke|p2|Grimmsnarl, L50, M|
|teampreview|4
|showteam|p1|Ceruledge||ColburBerry|FlashFire|BitterBlade,ShadowSneak,BulkUp,Protect|Impish||F|||50|]Glimmora||Glimmoranite|ToxicDebris|SpikyShield,PowerGem,EarthPower,SludgeBomb|Timid||F|||50|]Weavile||FocusSash|Pressure|IcePunch,FakeOut,Protect,KnockOff|Jolly||F|||50|]Raichu||RaichuniteY|LightningRod|FakeOut,FocusBlast,ZapCannon,Protect|Timid||M|||50|]Whimsicott||FairyFeather|Prankster|Tailwind,Moonblast,Protect,Encore|Modest||F|||50|]Milotic||Leftovers|Competitive|Coil,Hypnosis,MuddyWater,Recover|Calm||M|||50|
|showteam|p2|Charizard||CharizarditeY|Blaze|WeatherBall,SolarBeam,HeatWave,Protect|Modest||M|||50|]Basculegion||ChoiceScarf|Adaptability|LastRespects,WaveCrash,FlipTurn,AquaJet|Jolly||M|||50|]Pelipper||SitrusBerry|Drizzle|WeatherBall,WideGuard,Hurricane,Tailwind|Modest||M|||50|]Venusaur||FocusSash|Chlorophyll|SleepPowder,SludgeBomb,EarthPower,Protect|Modest||F|||50|]Archaludon||Leftovers|Stamina|FlashCannon,DragonPulse,ElectroShot,Protect|Calm||F|||50|]Grimmsnarl||LightClay|Prankster|PartingShot,LightScreen,SpiritBreak,Reflect|Sassy||M|||50|
|inactive|Battle timer is ON: inactive players will automatically lose when time's up. (requested by lettitripppp)
|inactive|axcoquette also wants the timer to be on.
|
|t:|1783972245
|teamsize|p1|4
|teamsize|p2|4
|start
|switch|p1a: Ceruledge|Ceruledge, L50, F|100/100
|switch|p1b: Raichu|Raichu, L50, M|100/100
|switch|p2a: AGNI|Charizard, L50, M|100/100
|switch|p2b: Venusaur|Venusaur, L50, F|100/100
|turn|1
|
|t:|1783972260
|move|p2a: AGNI|Protect|p2a: AGNI
|-singleturn|p2a: AGNI|Protect
|move|p2b: Venusaur|Protect|p2b: Venusaur
|-singleturn|p2b: Venusaur|Protect
|move|p1b: Raichu|Fake Out|p2b: Venusaur
|-activate|p2b: Venusaur|move: Protect
|move|p1a: Ceruledge|Bulk Up|p1a: Ceruledge
|-boost|p1a: Ceruledge|atk|1
|-boost|p1a: Ceruledge|def|1
|
|upkeep
|turn|2
|
|t:|1783972273
|detailschange|p2a: AGNI|Charizard-Mega-Y, L50, M
|-mega|p2a: AGNI|Charizard|Charizardite Y
|-weather|SunnyDay|[from] ability: Drought|[of] p2a: AGNI
|move|p1b: Raichu|Protect|p1b: Raichu
|-singleturn|p1b: Raichu|Protect
|move|p1a: Ceruledge|Shadow Sneak|p2b: Venusaur
|-damage|p2b: Venusaur|63/100
|move|p2b: Venusaur|Sleep Powder|p1b: Raichu
|-activate|p1b: Raichu|move: Protect
|move|p2a: AGNI|Weather Ball|p1b: Raichu
|-activate|p1b: Raichu|move: Protect
|
|-weather|SunnyDay|[upkeep]
|upkeep
|turn|3
|
|t:|1783972297
|switch|p1b: Weavile|Weavile, L50, F|100/100
|-ability|p1b: Weavile|Pressure
|move|p2b: Venusaur|Sleep Powder|p1b: Weavile
|-status|p1b: Weavile|slp|[from] move: Sleep Powder
|move|p2a: AGNI|Weather Ball|p1b: Weavile
|-supereffective|p1b: Weavile|1
|-crit|p1b: Weavile
|-enditem|p1b: Weavile|Focus Sash
|-damage|p1b: Weavile|1/100 slp
|move|p1a: Ceruledge|Bitter Blade|p2b: Venusaur
|-supereffective|p2b: Venusaur|1
|-damage|p2b: Venusaur|0 fnt
|faint|p2b: Venusaur
|
|-weather|SunnyDay|[upkeep]
|upkeep
|
|t:|1783972309
|switch|p2b: Pelipper|Pelipper, L50, M|100/100
|-weather|RainDance|[from] ability: Drizzle|[of] p2b: Pelipper
|turn|4
|
|t:|1783972317
|move|p1a: Ceruledge|Protect|p1a: Ceruledge
|-singleturn|p1a: Ceruledge|Protect
|cant|p1b: Weavile|slp
|move|p2a: AGNI|Weather Ball|p1a: Ceruledge
|-activate|p1a: Ceruledge|move: Protect
|move|p2b: Pelipper|Tailwind|p2b: Pelipper
|-sidestart|p2: lettitripppp|move: Tailwind
|
|-weather|RainDance|[upkeep]
|upkeep
|turn|5
|
|t:|1783972331
|switch|p1a: Milotic|Milotic, L50, M|100/100
|move|p2a: AGNI|Weather Ball|p1a: Milotic
|-resisted|p1a: Milotic|1
|-damage|p1a: Milotic|81/100
|cant|p1b: Weavile|slp
|move|p2b: Pelipper|Weather Ball|p1a: Milotic
|-resisted|p1a: Milotic|1
|-damage|p1a: Milotic|63/100
|
|-weather|RainDance|[upkeep]
|-heal|p1a: Milotic|69/100|[from] item: Leftovers
|upkeep
|turn|6
|
|t:|1783972349
|move|p2a: AGNI|Weather Ball|p1b: Weavile
|-damage|p1b: Weavile|0 fnt
|faint|p1b: Weavile
|move|p2b: Pelipper|Hurricane|p1a: Milotic
|-damage|p1a: Milotic|40/100
|-start|p1a: Milotic|confusion
|-activate|p1a: Milotic|confusion
|move|p1a: Milotic|Recover|p1a: Milotic
|-heal|p1a: Milotic|90/100
|
|-weather|RainDance|[upkeep]
|-heal|p1a: Milotic|96/100|[from] item: Leftovers
|upkeep
|
|t:|1783972365
|switch|p1b: Raichu|Raichu, L50, M|100/100
|turn|7
|
|t:|1783972373
|switch|p2b: Archaludon|Archaludon, L50, F|100/100
|move|p2a: AGNI|Protect|p2a: AGNI
|-singleturn|p2a: AGNI|Protect
|move|p1b: Raichu|Fake Out|p2b: Archaludon
|-resisted|p2b: Archaludon|1
|-damage|p2b: Archaludon|96/100
|-ability|p2b: Archaludon|Stamina|boost
|-boost|p2b: Archaludon|def|1
|-activate|p1a: Milotic|confusion
|-damage|p1a: Milotic|92/100|[from] confusion
|
|-weather|RainDance|[upkeep]
|-heal|p2b: Archaludon|100/100|[from] item: Leftovers
|-heal|p1a: Milotic|98/100|[from] item: Leftovers
|-sideend|p2: lettitripppp|move: Tailwind
|upkeep
|turn|8
|
|t:|1783972392
|switch|p2a: Pelipper|Pelipper, L50, M|100/100
|move|p1b: Raichu|Protect|p1b: Raichu
|-singleturn|p1b: Raichu|Protect
|move|p2b: Archaludon|Dragon Pulse|p1b: Raichu
|-activate|p1b: Raichu|move: Protect
|-activate|p1a: Milotic|confusion
|move|p1a: Milotic|Coil|p1a: Milotic
|-boost|p1a: Milotic|atk|1
|-boost|p1a: Milotic|def|1
|-boost|p1a: Milotic|accuracy|1
|
|-weather|none
|-heal|p1a: Milotic|100/100|[from] item: Leftovers
|upkeep
|turn|9
|
|t:|1783972413
|detailschange|p1b: Raichu|Raichu-Mega-Y, L50, M
|-mega|p1b: Raichu|Raichu|Raichunite Y
|move|p1b: Raichu|Zap Cannon|p2a: Pelipper
|-supereffective|p2a: Pelipper|2
|-damage|p2a: Pelipper|0 fnt
|faint|p2a: Pelipper
|move|p2b: Archaludon|Dragon Pulse|p1a: Milotic
|-damage|p1a: Milotic|75/100
|-activate|p1a: Milotic|confusion
|-damage|p1a: Milotic|70/100|[from] confusion
|
|-heal|p1a: Milotic|76/100|[from] item: Leftovers
|upkeep
|
|t:|1783972422
|switch|p2a: AGNI|Charizard-Mega-Y, L50, M|100/100
|-weather|SunnyDay|[from] ability: Drought|[of] p2a: AGNI
|turn|10
|inactive|axcoquette has 30 seconds left.
|
|t:|1783972450
|move|p1b: Raichu|Protect|p1b: Raichu
|-singleturn|p1b: Raichu|Protect
|move|p2a: AGNI|Heat Wave|p1a: Milotic|[spread] p1a
|-activate|p1b: Raichu|move: Protect
|-resisted|p1a: Milotic|1
|-damage|p1a: Milotic|56/100
|move|p2b: Archaludon|Dragon Pulse|p1b: Raichu
|-activate|p1b: Raichu|move: Protect
|-end|p1a: Milotic|confusion
|move|p1a: Milotic|Hypnosis|p2b: Archaludon
|-status|p2b: Archaludon|slp|[from] move: Hypnosis
|
|-weather|SunnyDay|[upkeep]
|-heal|p1a: Milotic|62/100|[from] item: Leftovers
|upkeep
|turn|11
|
|t:|1783972466
|move|p1b: Raichu|Zap Cannon|p2a: AGNI
|-supereffective|p2a: AGNI|1
|-damage|p2a: AGNI|0 fnt
|faint|p2a: AGNI
|cant|p2b: Archaludon|slp
|move|p1a: Milotic|Recover|p1a: Milotic
|-heal|p1a: Milotic|100/100
|
|-weather|SunnyDay|[upkeep]
|upkeep
|turn|12
|-message|lettitripppp forfeited.
|
|win|axcoquette
|raw|axcoquette's rating: 1182 → 1215(+33 for winning)
|raw|lettitripppp's rating: 1296 → 1263(-33 for losing)
