|j|☆WeezingFan12
|j|☆heitorf
|html|WeezingFan12heitorf    
|uhtml|bestof|Game 3 of a best-of-3
|t:|1783564644
|gametype|doubles
|player|p1|WeezingFan12|bruno|
|player|p2|heitorf|2|
|gen|9
|tier|[Gen 9 Champions] VGC 2026 Reg M-B (Bo3)
|rule|Species Clause: Limit one of each Pokémon
|rule|Item Clause: Limit 1 of each item
|clearpoke
|poke|p1|Crabominable, L50, F|
|poke|p1|Farigiraf, L50, F|
|poke|p1|Torkoal, L50, M|
|poke|p1|Incineroar, L50, F|
|poke|p1|Venusaur, L50, M|
|poke|p1|Charizard, L50, F|
|poke|p2|Mawile, L50, M|
|poke|p2|Incineroar, L50, M|
|poke|p2|Dragalge, L50, M|
|poke|p2|Farigiraf, L50, F|
|poke|p2|Pelipper, L50, F|
|poke|p2|Hydrapple, L50, M|
|teampreview|4
|showteam|p1|Crabominable||Crabominite|HyperCutter|IceHammer,DrainPunch,MachPunch,Protect|Brave||F|||50|]Farigiraf||SitrusBerry|ArmorTail|Psychic,HelpingHand,TrickRoom,Protect|Bold||F|||50|]Torkoal||Charcoal|Drought|Eruption,WeatherBall,HelpingHand,Protect|Quiet||M|||50|]Incineroar||PasshoBerry|Intimidate|FakeOut,FlareBlitz,DarkestLariat,PartingShot|Adamant||F|||50|]Venusaur||FocusSash|Chlorophyll|SludgeBomb,LeafStorm,SleepPowder,Protect|Modest||M|||50|]Charizard||ChoiceScarf|SolarPower|WeatherBall,HeatWave,DragonPulse,ScorchingSands|Modest||F|||50|
|showteam|p2|Mawile||Mawilite|HyperCutter|IronHead,Protect,PlayRough,SuckerPunch|Brave||M|||50|]Incineroar||SitrusBerry|Intimidate|FakeOut,PartingShot,DarkestLariat,FlareBlitz|Adamant||M|||50|]Dragalge||Dragalgite|PoisonTouch|SludgeBomb,Thunder,Protect,DragonPulse|Modest||M|||50|]Farigiraf||ColburBerry|ArmorTail|Psychic,HelpingHand,Protect,TrickRoom|Sassy||F|||50|]Pelipper||FocusSash|Drizzle|Protect,WeatherBall,Hurricane,WideGuard|Timid||F|||50|]Hydrapple||LifeOrb|SupersweetSyrup|FickleBeam,GigaDrain,HydroPump,Protect|Quiet||M|||50|
|inactive|Battle timer is ON: inactive players will automatically lose when time's up. (requested by heitorf)
|inactive|heitorf has 60 seconds left.
|
|t:|1783564715
|teamsize|p1|4
|teamsize|p2|4
|start
|switch|p1a: Farigiraf|Farigiraf, L50, F|100/100
|switch|p1b: Charizard|Charizard, L50, F|100/100
|switch|p2a: Pelipper|Pelipper, L50, F|100/100
|switch|p2b: Hydrapple|Hydrapple, L50, M|100/100
|-weather|RainDance|[from] ability: Drizzle|[of] p2a: Pelipper
|-ability|p2b: Hydrapple|Supersweet Syrup
|-unboost|p1a: Farigiraf|evasion|1
|-unboost|p1b: Charizard|evasion|1
|turn|1
|
|t:|1783564739
|switch|p1a: Torkoal|Torkoal, L50, M|100/100
|-weather|SunnyDay|[from] ability: Drought|[of] p1a: Torkoal
|move|p1b: Charizard|Weather Ball|p2b: Hydrapple
|-damage|p2b: Hydrapple|0 fnt
|faint|p2b: Hydrapple
|move|p2a: Pelipper|Hurricane|p1b: Charizard|[miss]
|-miss|p2a: Pelipper|p1b: Charizard
|
|-weather|SunnyDay|[upkeep]
|-damage|p1b: Charizard|87/100|[from] ability: Solar Power|[of] p1b: Charizard
|upkeep
|inactive|heitorf has 30 seconds left.
|
|t:|1783564765
|switch|p2b: Incineroar|Incineroar, L50, M|100/100
|-ability|p2b: Incineroar|Intimidate|boost
|-unboost|p1a: Torkoal|atk|1
|-unboost|p1b: Charizard|atk|1
|turn|2
|
|t:|1783564778
|move|p2a: Pelipper|Wide Guard|p2a: Pelipper
|-singleturn|p2a: Pelipper|Wide Guard
|move|p1b: Charizard|Weather Ball|p2a: Pelipper
|-resisted|p2a: Pelipper|1
|-enditem|p2a: Pelipper|Focus Sash
|-damage|p2a: Pelipper|1/100
|move|p2b: Incineroar|Darkest Lariat|p1b: Charizard
|-damage|p1b: Charizard|27/100
|move|p1a: Torkoal|Weather Ball|p2a: Pelipper
|-resisted|p2a: Pelipper|1
|-damage|p2a: Pelipper|0 fnt
|faint|p2a: Pelipper
|
|-weather|SunnyDay|[upkeep]
|-damage|p1b: Charizard|15/100|[from] ability: Solar Power|[of] p1b: Charizard
|upkeep
|
|t:|1783564793
|switch|p2a: Mawile|Mawile, L50, M|100/100
|turn|3
|
|t:|1783564809
|detailschange|p2a: Mawile|Mawile-Mega, L50, M
|-mega|p2a: Mawile|Mawile|Mawilite
|move|p2a: Mawile|Protect|p2a: Mawile
|-singleturn|p2a: Mawile|Protect
|move|p1b: Charizard|Weather Ball|p2a: Mawile
|-activate|p2a: Mawile|move: Protect
|move|p2b: Incineroar|Parting Shot|p1a: Torkoal
|-unboost|p1a: Torkoal|atk|1
|-unboost|p1a: Torkoal|spa|1
|move|p1a: Torkoal|Weather Ball|p2a: Mawile
|-activate|p2a: Mawile|move: Protect
|
|-weather|SunnyDay|[upkeep]
|-damage|p1b: Charizard|3/100|[from] ability: Solar Power|[of] p1b: Charizard
|upkeep
|turn|4
|inactive|heitorf has 30 seconds left.
|
|t:|1783564837
|move|p2a: Mawile|Protect|p2a: Mawile
|-singleturn|p2a: Mawile|Protect
|move|p1b: Charizard|Weather Ball|p2a: Mawile
|-activate|p2a: Mawile|move: Protect
|move|p2b: Incineroar|Darkest Lariat|p1a: Torkoal
|-damage|p1a: Torkoal|66/100
|move|p1a: Torkoal|Weather Ball|p2a: Mawile
|-activate|p2a: Mawile|move: Protect
|
|-weather|SunnyDay|[upkeep]
|-damage|p1b: Charizard|0 fnt|[from] ability: Solar Power|[of] p1b: Charizard
|faint|p1b: Charizard
|upkeep
|
|t:|1783564841
|switch|p1b: Venusaur|Venusaur, L50, M|100/100
|turn|5
|
|t:|1783564855
|move|p1b: Venusaur|Sleep Powder|p2b: Incineroar
|-status|p2b: Incineroar|slp|[from] move: Sleep Powder
|cant|p2b: Incineroar|slp
|move|p2a: Mawile|Iron Head|p1b: Venusaur
|-damage|p1b: Venusaur|3/100
|move|p1a: Torkoal|Weather Ball|p2a: Mawile
|-supereffective|p2a: Mawile|1
|-damage|p2a: Mawile|0 fnt
|faint|p2a: Mawile
|
|-weather|none
|upkeep
|turn|6
|-message|heitorf forfeited.
|
|win|WeezingFan12
