|j|â˜†Il Mule
|j|â˜†lox1sm
|html|Il Mulelox1sm    
|uhtml|bestof|Game 2 of a best-of-3
|t:|1783073213
|gametype|doubles
|player|p1|Il Mule|salvatore|1316
|player|p2|lox1sm|veteran|1260
|gen|9
|tier|[Gen 9 Champions] VGC 2026 Reg M-B (Bo3)
|rated|
|rule|Species Clause: Limit one of each PokÃ©mon
|rule|Item Clause: Limit 1 of each item
|clearpoke
|poke|p1|Excadrill, L50, F|
|poke|p1|Tyranitar, L50, F|
|poke|p1|Sneasler, L50, F|
|poke|p1|Incineroar, L50, M|
|poke|p1|Froslass, L50, F|
|poke|p1|Sinistcha, L50|
|poke|p2|Charizard, L50, M|
|poke|p2|Aerodactyl, L50, F|
|poke|p2|Garchomp, L50, F|
|poke|p2|Kingambit, L50, M|
|poke|p2|Farigiraf, L50, F|
|poke|p2|Primarina, L50, F|
|teampreview|4
|showteam|p1|Excadrill||FocusSash|SandRush|HighHorsepower,RockSlide,IronHead,Protect|Adamant||F|||50|]Tyranitar||Tyranitarite|SandStream|KnockOff,RockSlide,DragonDance,Protect|Adamant||F|||50|]Sneasler||WhiteHerb|Unburden|CloseCombat,DireClaw,Coaching,FakeOut|Jolly||F|||50|]Incineroar||SitrusBerry|Intimidate|FlareBlitz,HelpingHand,PartingShot,FakeOut|Impish||M|||50|]Froslass||Froslassite|CursedBody|Blizzard,ShadowBall,NastyPlot,Protect|Timid||F|||50|]Sinistcha||ColburBerry|Hospitality|MatchaGotcha,ShadowBall,RagePowder,Protect|Bold|||||50|
|showteam|p2|Charizard||CharizarditeY|Blaze|HeatWave,WeatherBall,SolarBeam,Protect|Modest||M|||50|]Aerodactyl||Aerodactylite|RockHead|RockSlide,IceFang,Tailwind,Protect|Jolly||F|||50|]Garchomp||LifeOrb|RoughSkin|DragonClaw,Earthquake,RockSlide,Protect|Jolly||F|||50|]Kingambit||FocusSash|Defiant|KowtowCleave,SuckerPunch,IronHead,LowKick|Adamant||M|||50|]Farigiraf||ExpertBelt|ArmorTail|Psychic,DazzlingGleam,Thunderbolt,TrickRoom|Modest||F|||50|]Primarina||MysticWater|LiquidVoice|HyperVoice,Moonblast,Haze,Protect|Modest||F|||50|
|
|t:|1783073254
|teamsize|p1|4
|teamsize|p2|4
|start
|switch|p1a: odi et amo|Froslass, L50, F|100/100
|switch|p1b: Sabotage|Sneasler, L50, F|100/100
|switch|p2a: Aerodactyl|Aerodactyl, L50, F|100/100
|switch|p2b: Charizard|Charizard, L50, M|100/100
|turn|1
|inactive|Battle timer is ON: inactive players will automatically lose when time's up. (requested by Il Mule)
|
|t:|1783073310
|switch|p1a: Quando provo|Tyranitar, L50, F|100/100
|-weather|Sandstorm|[from] ability: Sand Stream|[of] p1a: Quando provo
|detailschange|p2b: Charizard|Charizard-Mega-Y, L50, M
|-mega|p2b: Charizard|Charizard|Charizardite Y
|-weather|SunnyDay|[from] ability: Drought|[of] p2b: Charizard
|move|p2a: Aerodactyl|Tailwind|p2a: Aerodactyl
|-sidestart|p2: lox1sm|move: Tailwind
|move|p2b: Charizard|Heat Wave|p1a: Quando provo|[spread] p1a,p1b
|-resisted|p1a: Quando provo|1
|-damage|p1a: Quando provo|73/100
|-damage|p1b: Sabotage|20/100y
|-status|p1b: Sabotage|brn
|move|p1b: Sabotage|Coaching|p1a: Quando provo
|-boost|p1a: Quando provo|atk|1
|-boost|p1a: Quando provo|def|1
|
|-weather|SunnyDay|[upkeep]
|-damage|p1b: Sabotage|14/100 brn|[from] brn
|upkeep
|turn|2
|c|â˜†lox1sm|sorry
|inactive|Il Mule has 30 seconds left.
|inactive|lox1sm has 30 seconds left.
|inactive|Il Mule has 20 seconds left.
|inactive|lox1sm has 20 seconds left.
|inactive|Il Mule has 15 seconds left.
|inactive|lox1sm has 15 seconds left.
|
|t:|1783073353
|switch|p2b: Garchomp|Garchomp, L50, F|100/100
|detailschange|p1a: Quando provo|Tyranitar-Mega, L50, F
|-mega|p1a: Quando provo|Tyranitar|Tyranitarite
|-weather|Sandstorm|[from] ability: Sand Stream|[of] p1a: Quando provo
|move|p2a: Aerodactyl|Rock Slide|p1a: Quando provo|[spread] p1a,p1b
|-resisted|p1b: Sabotage|1
|-damage|p1a: Quando provo|64/100
|-damage|p1b: Sabotage|1/100 brn
|cant|p1b: Sabotage|flinch
|cant|p1a: Quando provo|flinch
|
|-weather|Sandstorm|[upkeep]
|-damage|p1b: Sabotage|0 fnt|[from] Sandstorm
|faint|p1b: Sabotage
|upkeep
|
|t:|1783073365
|switch|p1b: Sidy|Incineroar, L50, M|100/100
|-ability|p1b: Sidy|Intimidate|boost
|-unboost|p2a: Aerodactyl|atk|1
|-unboost|p2b: Garchomp|atk|1
|turn|3
|c|â˜†lox1sm|no va be scusa
|c|â˜†lox1sm|Brutto brutto brutto
|inactive|lox1sm has 30 seconds left.
|
|t:|1783073397
|switch|p2a: Farigiraf|Farigiraf, L50, F|100/100
|move|p1b: Sidy|Fake Out||[still]
|cant|p2a: Farigiraf|ability: Armor Tail|Fake Out|[of] p1b: Sidy
|move|p2b: Garchomp|Earthquake|p1b: Sidy|[spread] p2a,p1a,p1b
|-supereffective|p1a: Quando provo|1
|-supereffective|p1b: Sidy|1
|-damage|p2a: Farigiraf|62/100
|-damage|p1a: Quando provo|33/100
|-damage|p1b: Sidy|48/100
|-enditem|p1b: Sidy|Sitrus Berry|[eat]
|-heal|p1b: Sidy|73/100|[from] item: Sitrus Berry
|-damage|p2b: Garchomp|90/100|[from] item: Life Orb
|move|p1a: Quando provo|Dragon Dance|p1a: Quando provo
|-boost|p1a: Quando provo|atk|1
|-boost|p1a: Quando provo|spe|1
|
|-weather|Sandstorm|[upkeep]
|-damage|p2a: Farigiraf|57/100|[from] Sandstorm
|-damage|p1b: Sidy|67/100|[from] Sandstorm
|upkeep
|turn|4
|inactive|lox1sm has 30 seconds left.
|
|t:|1783073427
|switch|p1b: odi et amo|Froslass, L50, F|100/100
|move|p1a: Quando provo|Protect|p1a: Quando provo
|-singleturn|p1a: Quando provo|Protect
|move|p2b: Garchomp|Rock Slide|p1a: Quando provo|[spread] p1b
|-activate|p1a: Quando provo|move: Protect
|-supereffective|p1b: odi et amo|1
|-damage|p1b: odi et amo|60/100
|-start|p2b: Garchomp|Disable|Rock Slide|[from] ability: Cursed Body|[of] p1b: odi et amo
|-damage|p2b: Garchomp|80/100|[from] item: Life Orb
|move|p2a: Farigiraf|Trick Room|p2a: Farigiraf
|-fieldstart|move: Trick Room|[of] p2a: Farigiraf
|
|-weather|Sandstorm|[upkeep]
|-damage|p1b: odi et amo|53/100|[from] Sandstorm
|-damage|p2a: Farigiraf|51/100|[from] Sandstorm
|-sideend|p2: lox1sm|move: Tailwind
|upkeep
|turn|5
|inactive|Il Mule has 30 seconds left.
|inactive|lox1sm has 30 seconds left.
|inactive|Il Mule has 20 seconds left.
|inactive|lox1sm has 20 seconds left.
|inactive|Il Mule has 15 seconds left.
|inactive|Il Mule has 10 seconds left.
|inactive|Il Mule has 5 seconds left.
|
|t:|1783073477
|switch|p1b: Sidy|Incineroar, L50, M|67/100
|-ability|p1b: Sidy|Intimidate|boost
|-unboost|p2a: Farigiraf|atk|1
|-unboost|p2b: Garchomp|atk|1
|move|p2a: Farigiraf|Dazzling Gleam|p1b: Sidy|[spread] p1a,p1b
|-supereffective|p1a: Quando provo|1
|-damage|p1a: Quando provo|8/100
|-damage|p1b: Sidy|49/100
|move|p2b: Garchomp|Dragon Claw|p1a: Quando provo
|-damage|p1a: Quando provo|0 fnt
|faint|p1a: Quando provo
|-damage|p2b: Garchomp|70/100|[from] item: Life Orb
|
|-weather|Sandstorm|[upkeep]
|-damage|p1b: Sidy|43/100|[from] Sandstorm
|-damage|p2a: Farigiraf|45/100|[from] Sandstorm
|upkeep
|
|t:|1783073490
|switch|p1a: odi et amo|Froslass, L50, F|53/100
|turn|6
|-message|Il Mule forfeited.
|
|win|lox1sm
|raw|Il Mule's rating: 1316 → 1293(-23 for losing)
|raw|lox1sm's rating: 1260 → 1289(+29 for winning)
|l|â˜†Il Mule
|player|p1|
