|j|☆0pyr0
|j|☆Voltage Gaming101
|html|0pyr0Voltage Gaming101    
|uhtml|bestof|Game 3 of a best-of-3
|t:|1756944881
|gametype|doubles
|player|p1|0pyr0|ryuki|
|player|p2|Voltage Gaming101|red|
|gen|9
|tier|[Gen 9] VGC 2025 Reg H (Bo3)
|rule|Species Clause: Limit one of each Pokémon
|rule|Item Clause: Limit 1 of each item
|clearpoke
|poke|p1|Dragonite, L50, F|
|poke|p1|Ursaluna-Bloodmoon, L50, M|
|poke|p1|Gholdengo, L50|
|poke|p1|Volcarona, L50, M|
|poke|p1|Amoonguss, L50, F|
|poke|p1|Incineroar, L50, M|
|poke|p2|Tyranitar, L50, F|
|poke|p2|Houndstone, L50, F|
|poke|p2|Gholdengo, L50|
|poke|p2|Garchomp, L50, F|
|poke|p2|Incineroar, L50, M|
|poke|p2|Amoonguss, L50, F|
|teampreview|4
|showteam|p1|Dragonite||ChoiceBand|InnerFocus|ExtremeSpeed,AerialAce,Outrage,StompingTantrum|||F|||50|,,,,,Normal]Ursaluna-Bloodmoon||AssaultVest|MindsEye|Snarl,HyperVoice,BloodMoon,EarthPower|||M|||50|,,,,,Steel]Gholdengo||FocusSash|GoodasGold|Protect,NastyPlot,MakeItRain,ShadowBall||||||50|,,,,,Steel]Volcarona||SitrusBerry|FlameBody|Tailwind,RagePowder,StruggleBug,HeatWave|||M|||50|,,,,,Fairy]Amoonguss||CovertCloak|Regenerator|Protect,RagePowder,Spore,PollenPuff|||F|||50|,,,,,Water]Incineroar||SafetyGoggles|Intimidate|PartingShot,FakeOut,FlareBlitz,KnockOff|||M|||50|,,,,,Ghost
|showteam|p2|Tyranitar||AssaultVest|SandStream|RockSlide,KnockOff,LowKick,TeraBlast|||F|||50|,,,,,Flying]Houndstone||SpellTag|SandRush|LastRespects,ShadowSneak,PlayRough,FireFang|||F|||50|,,,,,Ghost]Gholdengo||LifeOrb|GoodasGold|MakeItRain,ShadowBall,NastyPlot,Protect||||||50|,,,,,Water]Garchomp||LoadedDice|RoughSkin|ScaleShot,Earthquake,SwordsDance,Protect|||F|||50|,,,,,Fire]Incineroar||SafetyGoggles|Intimidate|FakeOut,KnockOff,FlareBlitz,PartingShot|||M|||50|,,,,,Water]Amoonguss||SitrusBerry|Regenerator|Spore,RagePowder,PollenPuff,Protect|||F|||50|,,,,,Water
|inactive|Battle timer is ON: inactive players will automatically lose when time's up. (requested by Voltage Gaming101)
|
|t:|1756944968
|teamsize|p1|4
|teamsize|p2|4
|start
|switch|p1a: Ursaluna|Ursaluna-Bloodmoon, L50, M|100/100
|switch|p1b: Incineroar|Incineroar, L50, M|100/100
|switch|p2a: Tyranitar|Tyranitar, L50, F, shiny|100/100
|switch|p2b: Amoonguss|Amoonguss, L50, F, shiny|100/100
|-weather|Sandstorm|[from] ability: Sand Stream|[of] p2a: Tyranitar
|-ability|p1b: Incineroar|Intimidate|boost
|-unboost|p2a: Tyranitar|atk|1
|-unboost|p2b: Amoonguss|atk|1
|turn|1
|inactive|0pyr0 has 30 seconds left.
|inactive|Voltage Gaming101 has 30 seconds left.
|inactive|0pyr0 has 20 seconds left.
|
|t:|1756945007
|switch|p1a: Gholdengo|Gholdengo, L50|100/100
|-terastallize|p2a: Tyranitar|Flying
|move|p2a: Tyranitar|Knock Off|p1b: Incineroar
|-resisted|p1b: Incineroar
|-damage|p1b: Incineroar|84/100
|-enditem|p1b: Incineroar|Safety Goggles|[from] move: Knock Off|[of] p2a: Tyranitar
|move|p1b: Incineroar|Parting Shot|p2a: Tyranitar
|-unboost|p2a: Tyranitar|atk|1
|-unboost|p2a: Tyranitar|spa|1
|
|t:|1756945031
|switch|p1b: Ursaluna|Ursaluna-Bloodmoon, L50, M|100/100|[from] Parting Shot
|move|p2b: Amoonguss|Spore|p1a: Gholdengo
|-immune|p1a: Gholdengo|[from] ability: Good as Gold
|
|-weather|Sandstorm|[upkeep]
|-damage|p2a: Tyranitar|95/100|[from] Sandstorm
|-damage|p2b: Amoonguss|95/100|[from] Sandstorm
|upkeep
|turn|2
|inactive|0pyr0 has 30 seconds left.
|inactive|0pyr0 has 20 seconds left.
|inactive|0pyr0 has 15 seconds left.
|
|t:|1756945075
|-terastallize|p1a: Gholdengo|Steel
|move|p1a: Gholdengo|Nasty Plot|p1a: Gholdengo
|-boost|p1a: Gholdengo|spa|2
|move|p1b: Ursaluna|Blood Moon|p2a: Tyranitar
|-damage|p2a: Tyranitar|53/100
|move|p2a: Tyranitar|Knock Off|p1a: Gholdengo
|-damage|p1a: Gholdengo|67/100
|-enditem|p1a: Gholdengo|Focus Sash|[from] move: Knock Off|[of] p2a: Tyranitar
|move|p2b: Amoonguss|Spore|p1b: Ursaluna
|-status|p1b: Ursaluna|slp|[from] move: Spore
|
|-weather|Sandstorm|[upkeep]
|-damage|p2a: Tyranitar|47/100|[from] Sandstorm
|-damage|p2b: Amoonguss|89/100|[from] Sandstorm
|upkeep
|turn|3
|inactive|Voltage Gaming101 has 30 seconds left.
|inactive|Voltage Gaming101 has 20 seconds left.
|inactive|Voltage Gaming101 has 15 seconds left.
|
|t:|1756945119
|switch|p2a: Incineroar|Incineroar, L50, M, shiny|100/100
|-ability|p2a: Incineroar|Intimidate|boost
|-unboost|p1a: Gholdengo|atk|1
|-unboost|p1b: Ursaluna|atk|1
|move|p2b: Amoonguss|Protect|p2b: Amoonguss
|-singleturn|p2b: Amoonguss|Protect
|move|p1a: Gholdengo|Make It Rain|p2a: Incineroar|[spread] p2a
|-activate|p2b: Amoonguss|move: Protect
|-resisted|p2a: Incineroar
|-damage|p2a: Incineroar|46/100
|-unboost|p1a: Gholdengo|spa|1
|cant|p1b: Ursaluna|slp
|
|-weather|Sandstorm|[upkeep]
|-damage|p2b: Amoonguss|83/100|[from] Sandstorm
|upkeep
|turn|4
|
|t:|1756945139
|move|p1a: Gholdengo|Protect|p1a: Gholdengo
|-singleturn|p1a: Gholdengo|Protect
|move|p2a: Incineroar|Fake Out|p1a: Gholdengo
|-activate|p1a: Gholdengo|move: Protect
|cant|p1b: Ursaluna|slp
|move|p2b: Amoonguss|Pollen Puff|p2a: Incineroar
|-heal|p2a: Incineroar|96/100
|
|-weather|Sandstorm|[upkeep]
|-damage|p2b: Amoonguss|77/100|[from] Sandstorm
|upkeep
|turn|5
|
|t:|1756945157
|switch|p1a: Incineroar|Incineroar, L50, M|84/100
|-ability|p1a: Incineroar|Intimidate|boost
|-unboost|p2a: Incineroar|atk|1
|-unboost|p2b: Amoonguss|atk|1
|-curestatus|p1b: Ursaluna|slp|[msg]
|move|p1b: Ursaluna|Earth Power|p2a: Incineroar
|-supereffective|p2a: Incineroar
|-damage|p2a: Incineroar|1/100
|move|p2a: Incineroar|Flare Blitz|p1a: Incineroar
|-resisted|p1a: Incineroar
|-damage|p1a: Incineroar|66/100
|-damage|p2a: Incineroar|0 fnt|[from] Recoil
|faint|p2a: Incineroar
|move|p2b: Amoonguss|Pollen Puff|p2: Incineroar|[notarget]
|-fail|p2b: Amoonguss
|
|-weather|none
|upkeep
|
|t:|1756945165
|switch|p2a: Tyranitar|Tyranitar, L50, F, shiny, tera:Flying|47/100
|-weather|Sandstorm|[from] ability: Sand Stream|[of] p2a: Tyranitar
|turn|6
|inactive|0pyr0 has 30 seconds left.
|
|t:|1756945200
|switch|p2a: Garchomp|Garchomp, L50, F, shiny|100/100
|move|p1a: Incineroar|Fake Out|p2a: Garchomp
|-damage|p2a: Garchomp|90/100
|-damage|p1a: Incineroar|54/100|[from] ability: Rough Skin|[of] p2a: Garchomp
|move|p1b: Ursaluna|Blood Moon|p2a: Garchomp
|-damage|p2a: Garchomp|2/100
|move|p2b: Amoonguss|Spore|p1b: Ursaluna
|-status|p1b: Ursaluna|slp|[from] move: Spore
|
|-weather|Sandstorm|[upkeep]
|-damage|p1a: Incineroar|48/100|[from] Sandstorm
|-damage|p2b: Amoonguss|71/100|[from] Sandstorm
|upkeep
|turn|7
|inactive|0pyr0 has 30 seconds left.
|inactive|Voltage Gaming101 has 30 seconds left.
|inactive|0pyr0 has 20 seconds left.
|inactive|Voltage Gaming101 has 20 seconds left.
|inactive|Voltage Gaming101 has 15 seconds left.
|
|t:|1756945246
|move|p2a: Garchomp|Earthquake|p1b: Ursaluna|[spread] p2b,p1a,p1b
|-supereffective|p1a: Incineroar
|-damage|p2b: Amoonguss|36/100
|-damage|p1a: Incineroar|0 fnt
|-damage|p1b: Ursaluna|68/100 slp
|-enditem|p2b: Amoonguss|Sitrus Berry|[eat]
|-heal|p2b: Amoonguss|61/100|[from] item: Sitrus Berry
|faint|p1a: Incineroar
|cant|p1b: Ursaluna|slp
|move|p2b: Amoonguss|Pollen Puff|p2a: Garchomp
|-heal|p2a: Garchomp|52/100
|
|-weather|Sandstorm|[upkeep]
|-damage|p2b: Amoonguss|55/100|[from] Sandstorm
|upkeep
|
|t:|1756945258
|switch|p1a: Dragonite|Dragonite, L50, F|100/100
|turn|8
|inactive|0pyr0 has 30 seconds left.
|
|t:|1756945284
|switch|p1a: Gholdengo|Gholdengo, L50, tera:Steel|67/100
|move|p2b: Amoonguss|Rage Powder|p2b: Amoonguss
|-singleturn|p2b: Amoonguss|move: Rage Powder
|move|p2a: Garchomp|Swords Dance|p2a: Garchomp
|-boost|p2a: Garchomp|atk|2
|cant|p1b: Ursaluna|slp
|
|-weather|Sandstorm|[upkeep]
|-damage|p2b: Amoonguss|50/100|[from] Sandstorm
|upkeep
|turn|9
|
|t:|1756945301
|switch|p2b: Tyranitar|Tyranitar, L50, F, shiny, tera:Flying|47/100
|move|p2a: Garchomp|Earthquake|p1b: Ursaluna|[spread] p1a,p1b
|-immune|p2b: Tyranitar
|-supereffective|p1a: Gholdengo
|-crit|p1b: Ursaluna
|-damage|p1a: Gholdengo|0 fnt
|-damage|p1b: Ursaluna|0 fnt
|faint|p1a: Gholdengo
|faint|p1b: Ursaluna
|
|-weather|Sandstorm|[upkeep]
|-damage|p2b: Tyranitar|41/100|[from] Sandstorm
|upkeep
|
|t:|1756945310
|switch|p1b: Dragonite|Dragonite, L50, F|100/100
|turn|10
|inactive|0pyr0 has 30 seconds left.
|
|t:|1756945336
|move|p1b: Dragonite|Extreme Speed|p2a: Garchomp
|-damage|p2a: Garchomp|3/100
|-damage|p1b: Dragonite|88/100|[from] ability: Rough Skin|[of] p2a: Garchomp
|move|p2a: Garchomp|Scale Shot|p1b: Dragonite
|-supereffective|p1b: Dragonite
|-damage|p1b: Dragonite|37/100
|-supereffective|p1b: Dragonite
|-damage|p1b: Dragonite|0 fnt
|faint|p1b: Dragonite
|-hitcount|p1: Dragonite|2
|
|win|Voltage Gaming101
|l|☆0pyr0
|player|p1|
