|j|☆pink spoon
|j|☆almagroalanzarote
|html|pink spoonalmagroalanzarote    
|uhtml|bestof|Game 3 of a best-of-3
|t:|1784298427
|gametype|doubles
|player|p1|pink spoon|parasollady|1203
|player|p2|almagroalanzarote|nate|1271
|gen|9
|tier|[Gen 9 Champions] VGC 2026 Reg M-B (Bo3)
|rated|
|rule|Species Clause: Limit one of each Pokémon
|rule|Item Clause: Limit 1 of each item
|clearpoke
|poke|p1|Lopunny, L50, F|
|poke|p1|Zoroark-Hisui, L50, M|
|poke|p1|Mamoswine, L50, M|
|poke|p1|Arcanine-Hisui, L50, F|
|poke|p1|Hydreigon, L50, M|
|poke|p1|Mawile, L50, M|
|poke|p2|Grimmsnarl, L50, M|
|poke|p2|Venusaur, L50, M|
|poke|p2|Pelipper, L50, M|
|poke|p2|Archaludon, L50, F|
|poke|p2|Charizard, L50, F|
|poke|p2|Basculegion, L50, M|
|teampreview|4
|showteam|p1|Lopunny||Lopunnite|Limber|CloseCombat,MegaKick,FakeOut,Protect|Jolly||F|||50|]Zoroark-Hisui||FocusSash|Illusion|HyperVoice,ShadowBall,NastyPlot,Protect|Timid||M|||50|]Mamoswine||LifeOrb|Oblivious|IcicleCrash,HighHorsepower,IceShard,Protect|Adamant||M|||50|]Arcanine-Hisui||PasshoBerry|RockHead|FlareBlitz,RockSlide,ExtremeSpeed,Protect|Jolly||F|||50|]Hydreigon||SitrusBerry|Levitate|DracoMeteor,Snarl,NastyPlot,Protect|Modest||M|||50|]Mawile||Mawilite|HyperCutter|PlayRough,SuckerPunch,SwordsDance,Protect|Brave||M|||50|
|showteam|p2|Grimmsnarl||LightClay|Prankster|SpiritBreak,Reflect,LightScreen,PartingShot|Careful||M|||50|]Venusaur||FocusSash|Chlorophyll|SludgeBomb,EarthPower,SleepPowder,Protect|Modest||M|||50|]Pelipper||SitrusBerry|Drizzle|WeatherBall,Hurricane,Tailwind,WideGuard|Modest||M|||50|]Archaludon||Leftovers|Stamina|ElectroShot,FlashCannon,DragonPulse,Protect|Modest||F|||50|]Charizard||CharizarditeY|Blaze|WeatherBall,HeatWave,SolarBeam,Protect|Modest||F|||50|]Basculegion||ChoiceScarf|Adaptability|WaveCrash,FlipTurn,AquaJet,LastRespects|Jolly||M|||50|
|inactive|Battle timer is ON: inactive players will automatically lose when time's up. (requested by almagroalanzarote)
|inactive|almagroalanzarote has 60 seconds left.
|
|t:|1784298459
|teamsize|p1|4
|teamsize|p2|4
|start
|switch|p1a: Lopunny|Lopunny, L50, F|100/100
|switch|p1b: Mamoswine|Mamoswine, L50, M|100/100
|switch|p2a: Basculegion|Basculegion, L50, M|100/100
|switch|p2b: Archaludon|Archaludon, L50, F|100/100
|turn|1
|
|t:|1784298478
|detailschange|p1a: Lopunny|Lopunny-Mega, L50, F
|-mega|p1a: Lopunny|Lopunny|Lopunnite
|move|p1a: Lopunny|Fake Out|p2a: Basculegion
|-damage|p2a: Basculegion|70/100
|cant|p2a: Basculegion|flinch
|move|p1b: Mamoswine|High Horsepower|p2b: Archaludon
|-supereffective|p2b: Archaludon|1
|-damage|p2b: Archaludon|0 fnt
|faint|p2b: Archaludon
|-damage|p1b: Mamoswine|90/100|[from] item: Life Orb
|
|upkeep
|
|t:|1784298495
|switch|p2b: Charizard|Charizard, L50, F|100/100
|turn|2
|inactive|pink spoon has 30 seconds left.
|
|t:|1784298521
|switch|p2b: Pelipper|Pelipper, L50, M|100/100
|-weather|RainDance|[from] ability: Drizzle|[of] p2b: Pelipper
|move|p1b: Mamoswine|Protect|p1b: Mamoswine
|-singleturn|p1b: Mamoswine|Protect
|move|p2a: Basculegion|Wave Crash|p1a: Lopunny
|-damage|p1a: Lopunny|0 fnt
|faint|p1a: Lopunny
|-damage|p2a: Basculegion|46/100|[from] Recoil
|
|-weather|RainDance|[upkeep]
|upkeep
|
|t:|1784298530
|switch|p1a: Hydreigon|Hydreigon, L50, M|100/100
|turn|3
|
|t:|1784298544
|move|p1b: Mamoswine|Ice Shard|p2a: Basculegion
|-resisted|p2a: Basculegion|1
|-crit|p2a: Basculegion
|-damage|p2a: Basculegion|18/100
|-damage|p1b: Mamoswine|80/100|[from] item: Life Orb
|move|p2a: Basculegion|Wave Crash|p1b: Mamoswine
|-supereffective|p1b: Mamoswine|1
|-damage|p1b: Mamoswine|0 fnt
|faint|p1b: Mamoswine
|-damage|p2a: Basculegion|0 fnt|[from] Recoil
|faint|p2a: Basculegion
|move|p1a: Hydreigon|Nasty Plot|p1a: Hydreigon
|-boost|p1a: Hydreigon|spa|2
|move|p2b: Pelipper|Tailwind|p2b: Pelipper
|-sidestart|p2: almagroalanzarote|move: Tailwind
|
|-weather|RainDance|[upkeep]
|upkeep
|
|t:|1784298558
|switch|p2a: Charizard|Charizard, L50, F|100/100
|switch|p1b: Zoroark|Zoroark-Hisui, L50, M|100/100
|turn|4
|
|t:|1784298568
|move|p2a: Charizard|Protect|p2a: Charizard
|-singleturn|p2a: Charizard|Protect
|move|p1b: Zoroark|Protect|p1b: Zoroark
|-singleturn|p1b: Zoroark|Protect
|move|p1a: Hydreigon|Protect|p1a: Hydreigon
|-singleturn|p1a: Hydreigon|Protect
|move|p2b: Pelipper|Hurricane|p1a: Hydreigon
|-activate|p1a: Hydreigon|move: Protect
|
|-weather|RainDance|[upkeep]
|upkeep
|turn|5
|
|t:|1784298588
|detailschange|p2a: Charizard|Charizard-Mega-Y, L50, F
|-mega|p2a: Charizard|Charizard|Charizardite Y
|-weather|SunnyDay|[from] ability: Drought|[of] p2a: Charizard
|move|p2a: Charizard|Heat Wave|p1b: Zoroark|[spread] p1a,p1b
|-resisted|p1a: Hydreigon|1
|-damage|p1a: Hydreigon|73/100
|-enditem|p1b: Zoroark|Focus Sash
|-damage|p1b: Zoroark|1/100
|move|p2b: Pelipper|Hurricane|p1a: Hydreigon|[miss]
|-miss|p2b: Pelipper|p1a: Hydreigon
|move|p1b: Zoroark|Shadow Ball|p2a: Charizard
|-damage|p2a: Charizard|67/100
|move|p1a: Hydreigon|Snarl|p2a: Charizard|[spread] p2a,p2b
|-damage|p2a: Charizard|35/100
|-damage|p2b: Pelipper|56/100
|-unboost|p2a: Charizard|spa|1
|-unboost|p2b: Pelipper|spa|1
|
|-weather|SunnyDay|[upkeep]
|upkeep
|turn|6
|
|t:|1784298607
|move|p1b: Zoroark|Protect|p1b: Zoroark
|-singleturn|p1b: Zoroark|Protect
|move|p1a: Hydreigon|Protect|p1a: Hydreigon
|-singleturn|p1a: Hydreigon|Protect
|move|p2a: Charizard|Heat Wave|p1a: Hydreigon|[spread] 
|-activate|p1a: Hydreigon|move: Protect
|-activate|p1b: Zoroark|move: Protect
|move|p2b: Pelipper|Hurricane|p1a: Hydreigon
|-activate|p1a: Hydreigon|move: Protect
|
|-weather|SunnyDay|[upkeep]
|-sideend|p2: almagroalanzarote|move: Tailwind
|upkeep
|turn|7
|
|t:|1784298623
|move|p2b: Pelipper|Wide Guard|p2b: Pelipper
|-singleturn|p2b: Pelipper|Wide Guard
|move|p1b: Zoroark|Shadow Ball|p2a: Charizard
|-damage|p2a: Charizard|0 fnt
|faint|p2a: Charizard
|move|p1a: Hydreigon|Draco Meteor|p2b: Pelipper
|-damage|p2b: Pelipper|0 fnt
|-unboost|p1a: Hydreigon|spa|2
|faint|p2b: Pelipper
|
|win|pink spoon
|raw|pink spoon's rating: 1203 → 1233(+30 for winning)
|raw|almagroalanzarote's rating: 1271 → 1241(-30 for losing)
