|j|☆joemama1313
|j|☆Aeraster
|html|joemama1313Aeraster    
|uhtml|bestof|Game 1 of a best-of-3
|t:|1756774987
|gametype|doubles
|player|p1|joemama1313|rocketgrunt|
|player|p2|Aeraster|266|
|gen|9
|tier|[Gen 9] VGC 2025 Reg H (Bo3)
|rule|Species Clause: Limit one of each Pokémon
|rule|Item Clause: Limit 1 of each item
|clearpoke
|poke|p1|Armarouge, L50, F|
|poke|p1|Annihilape, L50, M|
|poke|p1|Indeedee-F, L50, F|
|poke|p1|Ursaluna, L50, M|
|poke|p1|Ninetales-Alola, L50, F|
|poke|p1|Maushold-Four, L50|
|poke|p2|Volcarona, L50, F|
|poke|p2|Dondozo, L50, M|
|poke|p2|Tatsugiri, L50, F|
|poke|p2|Whimsicott, L50, F|
|poke|p2|Weezing-Galar, L50, M|
|poke|p2|Amoonguss, L50, F|
|teampreview|4
|showteam|p1|Armarouge||LifeOrb|FlashFire|ClearSmog,ExpandingForce,AuraSphere,Protect|||F|||50|,,,,,Fighting]Annihilape||LumBerry|VitalSpirit|RageFist,DrainPunch,Curse,Protect|||M|||50|,,,,,Flying]Indeedee-F||FocusSash|PsychicSurge|Protect,TrickRoom,FollowMe,Psyshock|||F|||50|,,,,,Fire]Ursaluna||FlameOrb|Guts|HeadlongRush,PlayRough,Facade,Protect|||M|||50|,,,,,Fairy]Ninetales-Alola||AbilityShield|SnowWarning|Blizzard,AuroraVeil,FreezeDry,Encore|||F|||50|,,,,,Water]Maushold-Four||SafetyGoggles|FriendGuard|BeatUp,Encore,Charm,FollowMe||||||50|,,,,,Steel
|showteam|p2|Volcarona||SitrusBerry|FlameBody|FieryDance,TeraBlast,RagePowder,QuiverDance|||F|||50|,,,,,Water]Dondozo||Leftovers|Unaware|WaveCrash,OrderUp,BodyPress,Protect|||M|||50|,,,,,Steel]Tatsugiri||FocusSash|Commander|DracoMeteor,MuddyWater,IcyWind,Protect|||F|||50|,,,,,Stellar]Whimsicott||CovertCloak|Prankster|Moonblast,LightScreen,Taunt,Protect|||F|||50|,,,,,Water]Weezing-Galar||ChoiceSpecs|NeutralizingGas|SludgeBomb,StrangeSteam,DarkPulse,TeraBlast|||M|||50|,,,,,Dark]Amoonguss||RockyHelmet|Regenerator|Spore,FoulPlay,RagePowder,Protect|||F|||50|,,,,,Water
|j| Argo472
|j| adc in 2017
|j| AWailOfATail
|
|t:|1756775091
|teamsize|p1|4
|teamsize|p2|4
|start
|switch|p1a: maushold my ballz|Maushold-Four, L50|100/100
|switch|p1b: Danny Phantom|Annihilape, L50, M, shiny|100/100
|switch|p2a: Volcarona|Volcarona, L50, F|100/100
|switch|p2b: Weezing|Weezing-Galar, L50, M|100/100
|-ability|p2b: Weezing|Neutralizing Gas
|turn|1
|
|t:|1756775158
|-terastallize|p1b: Danny Phantom|Flying
|move|p1a: maushold my ballz|Beat Up|p1b: Danny Phantom
|-damage|p1b: Danny Phantom|98/100
|-damage|p1b: Danny Phantom|95/100
|-damage|p1b: Danny Phantom|93/100
|-damage|p1b: Danny Phantom|91/100
|-hitcount|p1b: Danny Phantom|4
|move|p2a: Volcarona|Quiver Dance|p2a: Volcarona
|-boost|p2a: Volcarona|spa|1
|-boost|p2a: Volcarona|spd|1
|-boost|p2a: Volcarona|spe|1
|move|p2b: Weezing|Strange Steam|p1b: Danny Phantom
|-damage|p1b: Danny Phantom|39/100
|move|p1b: Danny Phantom|Rage Fist|p2a: Volcarona
|-damage|p2a: Volcarona|0 fnt
|faint|p2a: Volcarona
|
|upkeep
|
|t:|1756775180
|switch|p2a: Tatsugiri|Tatsugiri, L50, F|100/100
|turn|2
|
|t:|1756775248
|move|p1b: Danny Phantom|Protect|p1b: Danny Phantom
|-singleturn|p1b: Danny Phantom|Protect
|move|p1a: maushold my ballz|Beat Up|p2a: Tatsugiri
|-damage|p2a: Tatsugiri|96/100
|-damage|p2a: Tatsugiri|89/100
|-damage|p2a: Tatsugiri|85/100
|-damage|p2a: Tatsugiri|80/100
|-hitcount|p2a: Tatsugiri|4
|move|p2a: Tatsugiri|Icy Wind|p1a: maushold my ballz|[spread] p1a
|-activate|p1b: Danny Phantom|move: Protect
|-damage|p1a: maushold my ballz|84/100
|-unboost|p1a: maushold my ballz|spe|1
|move|p2b: Weezing|Strange Steam|p1b: Danny Phantom
|-activate|p1b: Danny Phantom|move: Protect
|
|upkeep
|turn|3
|
|t:|1756775330
|move|p2a: Tatsugiri|Protect|p2a: Tatsugiri
|-singleturn|p2a: Tatsugiri|Protect
|move|p1a: maushold my ballz|Follow Me|p1a: maushold my ballz
|-singleturn|p1a: maushold my ballz|move: Follow Me
|move|p2b: Weezing|Strange Steam|p1a: maushold my ballz
|-damage|p1a: maushold my ballz|18/100
|move|p1b: Danny Phantom|Rage Fist|p2a: Tatsugiri
|-activate|p2a: Tatsugiri|move: Protect
|
|upkeep
|turn|4
|
|t:|1756775513
|move|p1a: maushold my ballz|Follow Me|p1a: maushold my ballz
|-singleturn|p1a: maushold my ballz|move: Follow Me
|move|p2a: Tatsugiri|Muddy Water|p1b: Danny Phantom|[spread] p1a,p1b
|-damage|p1a: maushold my ballz|0 fnt
|-damage|p1b: Danny Phantom|7/100
|faint|p1a: maushold my ballz
|move|p2b: Weezing|Strange Steam|p1b: Danny Phantom
|-damage|p1b: Danny Phantom|0 fnt
|faint|p1b: Danny Phantom
|
|upkeep
|
|t:|1756775522
|switch|p1a: Indeedees sons mom|Indeedee-F, L50, F|100/100
|switch|p1b: Indeedee's son|Armarouge, L50, F, shiny|100/100
|turn|5
|
|t:|1756775660
|-terastallize|p2b: Weezing|Dark
|move|p2a: Tatsugiri|Protect|p2a: Tatsugiri
|-singleturn|p2a: Tatsugiri|Protect
|move|p1b: Indeedee's son|Protect|p1b: Indeedee's son
|-singleturn|p1b: Indeedee's son|Protect
|move|p2b: Weezing|Strange Steam|p1b: Indeedee's son
|-activate|p1b: Indeedee's son|move: Protect
|move|p1a: Indeedees sons mom|Trick Room|p1a: Indeedees sons mom
|-fieldstart|move: Trick Room|[of] p1a: Indeedees sons mom
|
|upkeep
|turn|6
|
|t:|1756775784
|switch|p2a: Dondozo|Dondozo, L50, M|100/100
|move|p1b: Indeedee's son|Expanding Force|p2a: Dondozo
|-damage|p2a: Dondozo|47/100
|-damage|p1b: Indeedee's son|91/100|[from] item: Life Orb
|move|p1a: Indeedees sons mom|Psyshock|p2a: Dondozo
|-damage|p2a: Dondozo|32/100
|move|p2b: Weezing|Strange Steam|p1b: Indeedee's son
|-resisted|p1b: Indeedee's son
|-damage|p1b: Indeedee's son|58/100
|
|-heal|p2a: Dondozo|38/100|[from] item: Leftovers
|upkeep
|turn|7
|
|t:|1756775905
|move|p2a: Dondozo|Protect|p2a: Dondozo
|-singleturn|p2a: Dondozo|Protect
|move|p1a: Indeedees sons mom|Follow Me|p1a: Indeedees sons mom
|-singleturn|p1a: Indeedees sons mom|move: Follow Me
|move|p1b: Indeedee's son|Aura Sphere|p2b: Weezing
|-supereffective|p2b: Weezing
|-damage|p2b: Weezing|0 fnt
|faint|p2b: Weezing
|-end|p2b: Weezing|ability: Neutralizing Gas
|-fieldstart|move: Psychic Terrain|[from] ability: Psychic Surge|[of] p1a: Indeedees sons mom
|-damage|p1b: Indeedee's son|48/100|[from] item: Life Orb
|
|-heal|p2a: Dondozo|44/100|[from] item: Leftovers
|upkeep
|
|t:|1756775917
|switch|p2b: Tatsugiri|Tatsugiri, L50, F|80/100
|-activate|p2b: Tatsugiri|ability: Commander|[of] p2a: Dondozo
|-boost|p2a: Dondozo|atk|2
|-boost|p2a: Dondozo|spa|2
|-boost|p2a: Dondozo|spe|2
|-boost|p2a: Dondozo|def|2
|-boost|p2a: Dondozo|spd|2
|turn|8
|
|t:|1756775938
|move|p1b: Indeedee's son|Expanding Force|p2b: Tatsugiri|[spread] p2a
|-miss|p1b: Indeedee's son|p2b: Tatsugiri
|-damage|p2a: Dondozo|4/100
|-damage|p1b: Indeedee's son|38/100|[from] item: Life Orb
|move|p1a: Indeedees sons mom|Psyshock|p2a: Dondozo
|-damage|p2a: Dondozo|0 fnt
|faint|p2a: Dondozo
|
|upkeep
|turn|9
|
|t:|1756775957
|move|p1b: Indeedee's son|Expanding Force|p2b: Tatsugiri
|-damage|p2b: Tatsugiri|0 fnt
|faint|p2b: Tatsugiri
|-damage|p1b: Indeedee's son|28/100|[from] item: Life Orb
|
|win|joemama1313
||joemama1313 is ready for game 2.
||Aeraster is ready for game 2.
|uhtml|next|Next: Game 2 of 3
|l| AWailOfATail
|l|☆joemama1313
|player|p1|
