|j|☆bighamsterbaseball
|j|☆axolotlwooper
|html|bighamsterbaseballaxolotlwooper    
|uhtml|bestof|Game 1 of a best-of-3
|t:|1785616502
|gametype|doubles
|player|p1|bighamsterbaseball|pokemaniac|1275
|player|p2|axolotlwooper|linebacker|1217
|gen|9
|tier|[Gen 9 Champions] VGC 2026 Reg M-B (Bo3)
|rated|
|rule|Species Clause: Limit one of each Pokémon
|rule|Item Clause: Limit 1 of each item
|clearpoke
|poke|p1|Pyroar, L50, M|
|poke|p1|Scrafty, L50, F|
|poke|p1|Torkoal, L50, M|
|poke|p1|Farigiraf, L50, M|
|poke|p1|Sneasler, L50, M|
|poke|p1|Mamoswine, L50, M|
|poke|p2|Farigiraf, L50, M|
|poke|p2|Absol, L50, M|
|poke|p2|Blastoise, L50, M, shiny|
|poke|p2|Camerupt, L50, M|
|poke|p2|Tinkaton, L50, F|
|poke|p2|Vanilluxe, L50, F|
|teampreview|4
|showteam|p1|Pyroar||Pyroarite|Unnerve|HeatWave,Overheat,SolarBeam,Protect|Timid||M|||50|]Scrafty||Scraftinite|Intimidate|FakeOut,DrainPunch,KnockOff,IcePunch|Adamant||F|||50|]Torkoal||Leftovers|Drought|HeatWave,Yawn,HelpingHand,Protect|Relaxed||M|||50|]Farigiraf||SitrusBerry|ArmorTail|Psychic,HyperVoice,TrickRoom,NastyPlot|Sassy||M|||50|]Sneasler||LifeOrb|PoisonTouch|CloseCombat,PoisonJab,RockSlide,Protect|Adamant||M|||50|]Mamoswine||FocusSash|Oblivious|IceShard,HighHorsepower,FreezeDry,Protect|Rash||M|||50|
|showteam|p2|Farigiraf||SitrusBerry|ArmorTail|PsychicFangs,HyperVoice,BeatUp,TrickRoom|Relaxed||M|||50|]Absol||LifeOrb|Justified|RockSlide,SuckerPunch,CloseCombat,Protect|Brave||M|||50|]Blastoise||Blastoisinite|RainDish|WaterSpout,DarkPulse,AuraSphere,FakeOut|Quiet||M|||50|]Camerupt||Cameruptite|SolidRock|HeatWave,EarthPower,AncientPower,Protect|Quiet||M|||50|]Tinkaton||MetalCoat|MoldBreaker|GigatonHammer,PlayRough,Feint,FakeOut|Brave||F|||50|]Vanilluxe||NeverMeltIce|SnowWarning|Blizzard,FreezeDry,IceShard,Protect|Quiet||F|||50|
|inactive|Battle timer is ON: inactive players will automatically lose when time's up. (requested by axolotlwooper)
|inactive|bighamsterbaseball has 60 seconds left.
|inactive|axolotlwooper has 60 seconds left.
|c|☆axolotlwooper|how u so good
|c|☆axolotlwooper|u have such a high rating
|inactive|axolotlwooper has 30 seconds left.
|inactive|axolotlwooper has 20 seconds left.
|inactive|axolotlwooper has 15 seconds left.
|inactive|axolotlwooper has 10 seconds left.
|
|t:|1785616586
|teamsize|p1|4
|teamsize|p2|4
|start
|switch|p1a: Farigiraf|Farigiraf, L50, M|100/100
|switch|p1b: Sneasler|Sneasler, L50, M|100/100
|switch|p2a: Farigiraf|Farigiraf, L50, M|100/100
|switch|p2b: Tinkaton|Tinkaton, L50, F|100/100
|-ability|p2b: Tinkaton|Mold Breaker
|turn|1
|inactive|bighamsterbaseball has 30 seconds left.
|inactive|bighamsterbaseball has 20 seconds left.
|
|t:|1785616622
|switch|p1b: Torkoal|Torkoal, L50, M|100/100
|-weather|SunnyDay|[from] ability: Drought|[of] p1b: Torkoal
|move|p2b: Tinkaton|Fake Out|p1a: Farigiraf
|-damage|p1a: Farigiraf|89/100
|cant|p1a: Farigiraf|flinch
|move|p2a: Farigiraf|Trick Room|p2a: Farigiraf
|-fieldstart|move: Trick Room|[of] p2a: Farigiraf
|
|-weather|SunnyDay|[upkeep]
|upkeep
|turn|2
|inactive|bighamsterbaseball has 30 seconds left.
|inactive|bighamsterbaseball has 20 seconds left.
|
|t:|1785616661
|move|p1b: Torkoal|Yawn|p2b: Tinkaton
|-start|p2b: Tinkaton|move: Yawn|[of] p1b: Torkoal
|move|p2a: Farigiraf|Hyper Voice|p1b: Torkoal|[spread] p1a,p1b
|-damage|p1a: Farigiraf|68/100
|-damage|p1b: Torkoal|72/100
|move|p2b: Tinkaton|Gigaton Hammer|p1a: Farigiraf
|-damage|p1a: Farigiraf|0 fnt
|faint|p1a: Farigiraf
|
|-weather|SunnyDay|[upkeep]
|-heal|p1b: Torkoal|78/100|[from] item: Leftovers
|upkeep
|
|t:|1785616666
|switch|p1a: Scrafty|Scrafty, L50, F|100/100
|-ability|p1a: Scrafty|Intimidate|boost
|-unboost|p2a: Farigiraf|atk|1
|-unboost|p2b: Tinkaton|atk|1
|turn|3
|
|t:|1785616684
|detailschange|p1a: Scrafty|Scrafty-Mega, L50, F
|-mega|p1a: Scrafty|Scrafty|Scraftinite
|-ability|p1a: Scrafty|Intimidate|boost
|-unboost|p2a: Farigiraf|atk|1
|-unboost|p2b: Tinkaton|atk|1
|move|p1b: Torkoal|Yawn||[still]
|-fail|p1b: Torkoal
|move|p2a: Farigiraf|Hyper Voice|p1b: Torkoal|[spread] p1a,p1b
|-damage|p1a: Scrafty|79/100
|-damage|p1b: Torkoal|49/100
|move|p1a: Scrafty|Drain Punch|p2b: Tinkaton
|-damage|p2b: Tinkaton|55/100
|-heal|p1a: Scrafty|100/100|[from] drain|[of] p2b: Tinkaton
|move|p2b: Tinkaton|Play Rough|p1a: Scrafty
|-supereffective|p1a: Scrafty|2
|-damage|p1a: Scrafty|35/100
|
|-weather|SunnyDay|[upkeep]
|-heal|p1b: Torkoal|55/100|[from] item: Leftovers
|-end|p2b: Tinkaton|move: Yawn|[silent]
|-status|p2b: Tinkaton|slp
|upkeep
|turn|4
|inactive|axolotlwooper has 30 seconds left.
|
|t:|1785616727
|move|p1b: Torkoal|Yawn|p2a: Farigiraf
|-start|p2a: Farigiraf|move: Yawn|[of] p1b: Torkoal
|move|p2a: Farigiraf|Hyper Voice|p1a: Scrafty|[spread] p1a,p1b
|-crit|p1a: Scrafty
|-damage|p1a: Scrafty|1/100
|-damage|p1b: Torkoal|27/100
|move|p1a: Scrafty|Drain Punch|p2b: Tinkaton
|-damage|p2b: Tinkaton|13/100 slp
|-heal|p1a: Scrafty|24/100|[from] drain|[of] p2b: Tinkaton
|cant|p2b: Tinkaton|slp
|
|-weather|SunnyDay|[upkeep]
|-heal|p1b: Torkoal|33/100|[from] item: Leftovers
|upkeep
|turn|5
|inactive|bighamsterbaseball has 30 seconds left.
|
|t:|1785616753
|switch|p1a: Sneasler|Sneasler, L50, M|100/100
|move|p1b: Torkoal|Heat Wave|p2b: Tinkaton|[spread] p2a,p2b
|-supereffective|p2b: Tinkaton|1
|-damage|p2a: Farigiraf|71/100
|-damage|p2b: Tinkaton|0 fnt
|faint|p2b: Tinkaton
|move|p2a: Farigiraf|Hyper Voice|p1a: Sneasler|[spread] p1a,p1b
|-damage|p1a: Sneasler|63/100
|-damage|p1b: Torkoal|6/100
|
|-weather|none
|-heal|p1b: Torkoal|12/100|[from] item: Leftovers
|-end|p2a: Farigiraf|move: Yawn|[silent]
|-status|p2a: Farigiraf|slp
|-fieldend|move: Trick Room
|upkeep
|
|t:|1785616769
|switch|p2b: Blastoise|Blastoise, L50, M, shiny|100/100
|turn|6
|
|t:|1785616787
|detailschange|p2b: Blastoise|Blastoise-Mega, L50, M, shiny
|-mega|p2b: Blastoise|Blastoise|Blastoisinite
|move|p1a: Sneasler|Close Combat|p2b: Blastoise
|-damage|p2b: Blastoise|30/100
|-unboost|p1a: Sneasler|def|1
|-unboost|p1a: Sneasler|spd|1
|-status|p2b: Blastoise|psn|[from] ability: Poison Touch|[of] p1a: Sneasler
|-damage|p1a: Sneasler|54/100|[from] item: Life Orb
|move|p2b: Blastoise|Dark Pulse|p1b: Torkoal
|-damage|p1b: Torkoal|0 fnt
|faint|p1b: Torkoal
|cant|p2a: Farigiraf|slp
|
|-damage|p2b: Blastoise|17/100 psn|[from] psn
|upkeep
|
|t:|1785616792
|switch|p1b: Scrafty|Scrafty-Mega, L50, F|24/100
|-ability|p1b: Scrafty|Intimidate|boost
|-unboost|p2a: Farigiraf|atk|1
|-unboost|p2b: Blastoise|atk|1
|turn|7
|
|t:|1785616813
|move|p1a: Sneasler|Rock Slide|p2a: Farigiraf|[spread] p2a,p2b
|-damage|p2a: Farigiraf|49/100 slp
|-damage|p2b: Blastoise|0 fnt
|-enditem|p2a: Farigiraf|Sitrus Berry|[eat]
|-heal|p2a: Farigiraf|74/100 slp|[from] item: Sitrus Berry
|faint|p2b: Blastoise
|-damage|p1a: Sneasler|44/100|[from] item: Life Orb
|move|p1b: Scrafty|Knock Off|p2a: Farigiraf
|-supereffective|p2a: Farigiraf|1
|-damage|p2a: Farigiraf|10/100 slp
|cant|p2a: Farigiraf|slp
|
|upkeep
|
|t:|1785616825
|switch|p2b: Vanilluxe|Vanilluxe, L50, F|100/100
|-weather|Snowscape|[from] ability: Snow Warning|[of] p2b: Vanilluxe
|turn|8
|
|t:|1785616847
|move|p1a: Sneasler|Close Combat|p2b: Vanilluxe
|-supereffective|p2b: Vanilluxe|1
|-crit|p2b: Vanilluxe
|-damage|p2b: Vanilluxe|0 fnt
|-unboost|p1a: Sneasler|def|1
|-unboost|p1a: Sneasler|spd|1
|faint|p2b: Vanilluxe
|-damage|p1a: Sneasler|35/100|[from] item: Life Orb
|move|p1b: Scrafty|Drain Punch|p2a: Farigiraf
|-damage|p2a: Farigiraf|0 fnt
|-heal|p1b: Scrafty|31/100|[from] drain|[of] p2a: Farigiraf
|faint|p2a: Farigiraf
|
|win|bighamsterbaseball
||axolotlwooper is ready for game 2.
|inactive|bighamsterbaseball has 30 seconds to confirm battle start!
||bighamsterbaseball is ready for game 2.
|uhtml|next|Next: Game 2 of 3
|l|☆axolotlwooper
|player|p2|
