|j|☆Infernape314
|j|☆That1Morpecko
|html|Infernape314That1Morpecko    
|uhtml|bestof|Game 3 of a best-of-3
|t:|1782677775
|gametype|doubles
|player|p1|Infernape314|thorton|1275
|player|p2|That1Morpecko|hiker-gen4|1192
|gen|9
|tier|[Gen 9 Champions] VGC 2026 Reg M-B (Bo3)
|rated|
|rule|Species Clause: Limit one of each Pokémon
|rule|Item Clause: Limit 1 of each item
|clearpoke
|poke|p1|Archaludon, L50, F|
|poke|p1|Swampert, L50, F|
|poke|p1|Pelipper, L50, M|
|poke|p1|Dragapult, L50, F|
|poke|p1|Scizor, L50, M|
|poke|p1|Heliolisk, L50, M|
|poke|p2|Sinistcha, L50|
|poke|p2|Incineroar, L50, M|
|poke|p2|Milotic, L50, M|
|poke|p2|Raichu, L50, M|
|poke|p2|Floette-Eternal, L50, F|
|poke|p2|Ceruledge, L50, F|
|teampreview|4
|showteam|p1|Archaludon||Leftovers|Stamina|DragonPulse,ElectroShot,FlashCannon,Protect|Modest||F|||50|]Swampert||Swampertite|Torrent|WaveCrash,HighHorsepower,IcePunch,Protect|Adamant||F|||50|]Pelipper||SitrusBerry|Drizzle|WeatherBall,Hurricane,WideGuard,Protect|Bold||M|||50|]Dragapult||FocusSash|ClearBody|DracoMeteor,ShadowBall,WillOWisp,Protect|Timid||F|||50|]Scizor||Scizorite|Technician|BulletPunch,CloseCombat,Protect,BugBite|Adamant||M|||50|]Heliolisk||ChoiceScarf|DrySkin|Thunderbolt,Electroweb,VoltSwitch,DarkPulse|Modest||M|||50|
|showteam|p2|Sinistcha||KasibBerry|Hospitality|MatchaGotcha,LifeDew,RagePowder,Protect|Relaxed|||||50|]Incineroar||SitrusBerry|Intimidate|FlareBlitz,ThroatChop,FakeOut,PartingShot|Impish||M|||50|]Milotic||Leftovers|Competitive|MuddyWater,Coil,Hypnosis,Protect|Calm||M|||50|]Raichu||RaichuniteY|LightningRod|ZapCannon,FocusBlast,FakeOut,Protect|Timid||M|||50|]Floette-Eternal||Floettite|FlowerVeil|DazzlingGleam,DrainingKiss,CalmMind,Protect|Timid||F|||50|]Ceruledge||ColburBerry|FlashFire|BitterBlade,ShadowSneak,BulkUp,Protect|Adamant||F|||50|
|inactive|Battle timer is ON: inactive players will automatically lose when time's up. (requested by That1Morpecko)
|inactive|Infernape314 also wants the timer to be on.
|
|t:|1782677792
|teamsize|p1|4
|teamsize|p2|4
|start
|switch|p1a: Pelipper|Pelipper, L50, M|100/100
|switch|p1b: Heliolisk|Heliolisk, L50, M|100/100
|switch|p2a: Raichu|Raichu, L50, M|100/100
|switch|p2b: Incineroar|Incineroar, L50, M|100/100
|-weather|RainDance|[from] ability: Drizzle|[of] p1a: Pelipper
|-ability|p2b: Incineroar|Intimidate|boost
|-unboost|p1a: Pelipper|atk|1
|-unboost|p1b: Heliolisk|atk|1
|turn|1
|
|t:|1782677816
|detailschange|p2a: Raichu|Raichu-Mega-Y, L50, M
|-mega|p2a: Raichu|Raichu|Raichunite Y
|move|p1a: Pelipper|Protect|p1a: Pelipper
|-singleturn|p1a: Pelipper|Protect
|move|p2b: Incineroar|Fake Out|p1b: Heliolisk
|-damage|p1b: Heliolisk|79/100
|cant|p1b: Heliolisk|flinch
|move|p2a: Raichu|Focus Blast|p1a: Pelipper
|-activate|p1a: Pelipper|move: Protect
|
|-weather|RainDance|[upkeep]
|-heal|p1b: Heliolisk|91/100|[from] ability: Dry Skin
|upkeep
|turn|2
|inactive|Infernape314 has 30 seconds left.
|
|t:|1782677849
|move|p1b: Heliolisk|Volt Switch|p2b: Incineroar
|-damage|p2b: Incineroar|71/100
|
|t:|1782677853
|switch|p1b: Swampert|Swampert, L50, F|100/100|[from] Volt Switch
|move|p2a: Raichu|Zap Cannon|p1a: Pelipper
|-supereffective|p1a: Pelipper|2
|-damage|p1a: Pelipper|0 fnt
|faint|p1a: Pelipper
|move|p2b: Incineroar|Throat Chop|p1b: Swampert
|-damage|p1b: Swampert|64/100
|-start|p1b: Swampert|Throat Chop|[silent]
|
|-weather|RainDance|[upkeep]
|upkeep
|
|t:|1782677863
|switch|p1a: Heliolisk|Heliolisk, L50, M|91/100
|turn|3
|inactive|Infernape314 has 30 seconds left.
|
|t:|1782677889
|switch|p2b: Sinistcha|Sinistcha, L50|100/100
|detailschange|p1b: Swampert|Swampert-Mega, L50, F
|-mega|p1b: Swampert|Swampert|Swampertite
|move|p2a: Raichu|Protect|p2a: Raichu
|-singleturn|p2a: Raichu|Protect
|move|p1b: Swampert|Wave Crash|p2a: Raichu
|-activate|p2a: Raichu|move: Protect
|move|p1a: Heliolisk|Dark Pulse|p2b: Sinistcha
|-supereffective|p2b: Sinistcha|1
|-damage|p2b: Sinistcha|48/100
|
|-weather|RainDance|[upkeep]
|-heal|p1a: Heliolisk|100/100|[from] ability: Dry Skin
|-end|p1b: Swampert|Throat Chop|[silent]
|upkeep
|turn|4
|
|t:|1782677906
|switch|p1b: Scizor|Scizor, L50, M|100/100
|move|p2b: Sinistcha|Rage Powder|p2b: Sinistcha
|-singleturn|p2b: Sinistcha|move: Rage Powder
|move|p1a: Heliolisk|Dark Pulse|p2b: Sinistcha
|-supereffective|p2b: Sinistcha|1
|-damage|p2b: Sinistcha|2/100
|move|p2a: Raichu|Focus Blast|p1b: Scizor
|-damage|p1b: Scizor|54/100
|
|-weather|RainDance|[upkeep]
|upkeep
|turn|5
|
|t:|1782677919
|switch|p1a: Swampert|Swampert-Mega, L50, F|64/100
|switch|p2b: Incineroar|Incineroar, L50, M|71/100
|-ability|p2b: Incineroar|Intimidate|boost
|-unboost|p1a: Swampert|atk|1
|-unboost|p1b: Scizor|atk|1
|move|p1b: Scizor|Bullet Punch|p2b: Incineroar
|-resisted|p2b: Incineroar|1
|-damage|p2b: Incineroar|62/100
|move|p2a: Raichu|Zap Cannon|p1b: Scizor
|-damage|p1b: Scizor|0 fnt
|faint|p1b: Scizor
|
|-weather|none
|upkeep
|
|t:|1782677923
|switch|p1b: Heliolisk|Heliolisk, L50, M|100/100
|turn|6
|
|t:|1782677937
|move|p2b: Incineroar|Fake Out|p1a: Swampert
|-damage|p1a: Swampert|54/100
|move|p1b: Heliolisk|Electroweb|p2a: Raichu|[spread] p2a,p2b
|-resisted|p2a: Raichu|1
|-damage|p2a: Raichu|86/100
|-damage|p2b: Incineroar|44/100
|-unboost|p2a: Raichu|spe|1
|-unboost|p2b: Incineroar|spe|1
|-enditem|p2b: Incineroar|Sitrus Berry|[eat]
|-heal|p2b: Incineroar|69/100|[from] item: Sitrus Berry
|move|p2a: Raichu|Focus Blast|p1a: Swampert
|-damage|p1a: Swampert|18/100
|-unboost|p1a: Swampert|spd|1
|cant|p1a: Swampert|flinch
|
|upkeep
|turn|7
|
|t:|1782677952
|move|p1b: Heliolisk|Electroweb|p2a: Raichu|[spread] p2a,p2b
|-resisted|p2a: Raichu|1
|-crit|p2b: Incineroar
|-damage|p2a: Raichu|74/100
|-damage|p2b: Incineroar|42/100
|-unboost|p2a: Raichu|spe|1
|-unboost|p2b: Incineroar|spe|1
|move|p1a: Swampert|High Horsepower|p2b: Incineroar
|-supereffective|p2b: Incineroar|1
|-damage|p2b: Incineroar|0 fnt
|faint|p2b: Incineroar
|move|p2a: Raichu|Focus Blast|p1a: Swampert
|-damage|p1a: Swampert|0 fnt
|faint|p1a: Swampert
|
|upkeep
|-message|Infernape314 forfeited.
|
|win|That1Morpecko
|raw|Infernape314's rating: 1275 → 1244(-31 for losing)
|raw|That1Morpecko's rating: 1192 → 1223(+31 for winning)
