|j|☆Lab01JNEST
|j|☆M0teM0te13
|html|Lab01JNESTM0teM0te13    
|uhtml|bestof|Game 2 of a best-of-3
|t:|1757633791
|gametype|doubles
|player|p1|Lab01JNEST|101|1178
|player|p2|M0teM0te13|101|1189
|gen|9
|tier|[Gen 9] VGC 2025 Reg H (Bo3)
|rated|
|rule|Species Clause: Limit one of each Pokémon
|rule|Item Clause: Limit 1 of each item
|clearpoke
|poke|p1|Tyranitar, L50, F|
|poke|p1|Garchomp, L50, M|
|poke|p1|Sinistcha, L50|
|poke|p1|Dragonite, L50, F|
|poke|p1|Corviknight, L50, F|
|poke|p1|Volcarona, L50, F|
|poke|p2|Dragonite, L50, F|
|poke|p2|Ursaluna-Bloodmoon, L50, M|
|poke|p2|Gholdengo, L50|
|poke|p2|Sneasler, L50, M|
|poke|p2|Incineroar, L50, F|
|poke|p2|Amoonguss, L50, M|
|teampreview|4
|showteam|p1|Tyranitar||AssaultVest|SandStream|RockSlide,KnockOff,TeraBlast,LowKick|||F|||50|,,,,,Flying]Garchomp||LifeOrb|RoughSkin|Protect,DragonClaw,StompingTantrum,Earthquake|||M|||50|,,,,,Ground]Sinistcha||RockyHelmet|Hospitality|MatchaGotcha,LifeDew,TrickRoom,RagePowder||||||50|,,,,,Dark]Dragonite||ChoiceBand|InnerFocus|Outrage,ExtremeSpeed,IceSpinner,AerialAce|||F|||50|,,,,,Normal]Corviknight||SitrusBerry|MirrorArmor|Tailwind,BulkUp,Roost,BraveBird|||F|||50|,,,,,Dragon]Volcarona||Leftovers|FlameBody|FieryDance,GigaDrain,QuiverDance,Protect|||F|||50|,,,,,Dragon
|showteam|p2|Dragonite||LoadedDice|InnerFocus|ScaleShot,Tailwind,Haze,Protect|||F|||50|,,,,,Steel]Ursaluna-Bloodmoon||SilkScarf|MindsEye|BloodMoon,HyperVoice,EarthPower,Protect|||M|||50|,,,,,Normal]Gholdengo||LifeOrb|GoodasGold|MakeItRain,ShadowBall,NastyPlot,Protect||||||50|,,,,,Fairy]Sneasler||FocusSash|PoisonTouch|CloseCombat,DireClaw,Coaching,Protect|||M|||50|,,,,,Stellar]Incineroar||SafetyGoggles|Intimidate|PartingShot,FakeOut,FlareBlitz,KnockOff|||F|||50|,,,,,Bug]Amoonguss||RockyHelmet|Regenerator|RagePowder,SludgeBomb,Spore,Protect|||M|||50|,,,,,Water
|inactive|Battle timer is ON: inactive players will automatically lose when time's up. (requested by Lab01JNEST)
|inactive|M0teM0te13 has 60 seconds left.
|
|t:|1757633826
|teamsize|p1|4
|teamsize|p2|4
|start
|switch|p1a: Dragonite|Dragonite, L50, F|100/100
|switch|p1b: Volcarona|Volcarona, L50, F|100/100
|switch|p2a: IneedIntimidate|Incineroar, L50, F|100/100
|switch|p2b: Amsterdam|Amoonguss, L50, M|100/100
|-ability|p2a: IneedIntimidate|Intimidate|boost
|-fail|p1a: Dragonite|unboost|Attack|[from] ability: Inner Focus|[of] p1a: Dragonite
|-unboost|p1b: Volcarona|atk|1
|turn|1
|
|t:|1757633842
|move|p1b: Volcarona|Fiery Dance|p2b: Amsterdam
|-supereffective|p2b: Amsterdam
|-damage|p2b: Amsterdam|45/100
|-boost|p1b: Volcarona|spa|1
|move|p1a: Dragonite|Outrage|p2a: IneedIntimidate
|-damage|p2a: IneedIntimidate|3/100
|move|p2a: IneedIntimidate|Parting Shot|p1b: Volcarona
|-unboost|p1b: Volcarona|atk|1
|-unboost|p1b: Volcarona|spa|1
|
|t:|1757633852
|switch|p2a: NoNick|Dragonite, L50, F|100/100|[from] Parting Shot
|move|p2b: Amsterdam|Spore|p1a: Dragonite
|-status|p1a: Dragonite|slp|[from] move: Spore
|
|upkeep
|turn|2
|
|t:|1757633870
|move|p1b: Volcarona|Fiery Dance|p2b: Amsterdam
|-supereffective|p2b: Amsterdam
|-damage|p2b: Amsterdam|0 fnt
|-boost|p1b: Volcarona|spa|1
|faint|p2b: Amsterdam
|move|p2a: NoNick|Scale Shot|p1a: Dragonite
|-supereffective|p1a: Dragonite
|-damage|p1a: Dragonite|68/100 slp
|-supereffective|p1a: Dragonite
|-damage|p1a: Dragonite|36/100 slp
|-supereffective|p1a: Dragonite
|-damage|p1a: Dragonite|6/100 slp
|-supereffective|p1a: Dragonite
|-damage|p1a: Dragonite|0 fnt
|faint|p1a: Dragonite
|-hitcount|p1: Dragonite|4
|-unboost|p2a: NoNick|def|1
|-boost|p2a: NoNick|spe|1
|
|upkeep
|
|t:|1757633879
|switch|p1a: Sinistcha|Sinistcha, L50|100/100
|switch|p2b: Not a Friend|Ursaluna-Bloodmoon, L50, M|100/100
|turn|3
|
|t:|1757633886
|-terastallize|p2b: Not a Friend|Normal
|move|p2a: NoNick|Tailwind|p2a: NoNick
|-sidestart|p2: M0teM0te13|move: Tailwind
|move|p2b: Not a Friend|Blood Moon|p1b: Volcarona
|-damage|p1b: Volcarona|0 fnt
|faint|p1b: Volcarona
|move|p1a: Sinistcha|Matcha Gotcha|p2a: NoNick|[spread] p2a,p2b
|-resisted|p2a: NoNick
|-damage|p2a: NoNick|94/100
|-damage|p2b: Not a Friend|70/100
|-status|p2b: Not a Friend|brn
|
|-damage|p2b: Not a Friend|64/100 brn|[from] brn
|upkeep
|
|t:|1757633893
|switch|p1b: Garchomp|Garchomp, L50, M|100/100
|turn|4
|
|t:|1757633908
|-terastallize|p1b: Garchomp|Ground
|move|p2a: NoNick|Scale Shot|p1a: Sinistcha
|-damage|p1a: Sinistcha|87/100
|-damage|p1a: Sinistcha|72/100
|-damage|p1a: Sinistcha|56/100
|-damage|p1a: Sinistcha|41/100
|-damage|p1a: Sinistcha|28/100
|-hitcount|p1a: Sinistcha|5
|-unboost|p2a: NoNick|def|1
|-boost|p2a: NoNick|spe|1
|move|p2b: Not a Friend|Hyper Voice|p1b: Garchomp|[spread] p1a,p1b
|-damage|p1a: Sinistcha|0 fnt
|-damage|p1b: Garchomp|35/100
|faint|p1a: Sinistcha
|move|p1b: Garchomp|Dragon Claw|p2a: NoNick
|-supereffective|p2a: NoNick
|-damage|p2a: NoNick|0 fnt
|faint|p2a: NoNick
|-damage|p1b: Garchomp|25/100|[from] item: Life Orb
|
|-damage|p2b: Not a Friend|58/100 brn|[from] brn
|upkeep
|
|t:|1757633924
|switch|p2a: IneedIntimidate|Incineroar, L50, F|3/100
|-ability|p2a: IneedIntimidate|Intimidate|boost
|-unboost|p1b: Garchomp|atk|1
|turn|5
|
|t:|1757633929
|move|p1b: Garchomp|Protect|p1b: Garchomp
|-singleturn|p1b: Garchomp|Protect
|move|p2a: IneedIntimidate|Fake Out|p1b: Garchomp
|-activate|p1b: Garchomp|move: Protect
|move|p2b: Not a Friend|Hyper Voice|p1b: Garchomp
|-activate|p1b: Garchomp|move: Protect
|
|-damage|p2b: Not a Friend|52/100 brn|[from] brn
|upkeep
|turn|6
|
|t:|1757633935
|move|p1b: Garchomp|Protect|p1b: Garchomp
|-singleturn|p1b: Garchomp|Protect
|move|p2b: Not a Friend|Blood Moon|p1b: Garchomp
|-activate|p1b: Garchomp|move: Protect
|move|p2a: IneedIntimidate|Flare Blitz|p1b: Garchomp
|-activate|p1b: Garchomp|move: Protect
|
|-damage|p2b: Not a Friend|46/100 brn|[from] brn
|-sideend|p2: M0teM0te13|move: Tailwind
|upkeep
|turn|7
|
|t:|1757633941
|move|p2a: IneedIntimidate|Fake Out||[still]
|-hint|Fake Out only works on your first turn out.
|-fail|p2a: IneedIntimidate
|move|p1b: Garchomp|Earthquake|p2b: Not a Friend|[spread] p2a,p2b
|-supereffective|p2a: IneedIntimidate
|-damage|p2a: IneedIntimidate|0 fnt
|-damage|p2b: Not a Friend|12/100 brn
|faint|p2a: IneedIntimidate
|-damage|p1b: Garchomp|16/100|[from] item: Life Orb
|move|p2b: Not a Friend|Hyper Voice|p1b: Garchomp
|-damage|p1b: Garchomp|0 fnt
|faint|p1b: Garchomp
|
|win|M0teM0te13
|raw|Lab01JNEST's rating: 1178 → 1154(-24 for losing)
|raw|M0teM0te13's rating: 1189 → 1213(+24 for winning)
