|j|☆Curebo
|j|☆pbroderick14
|html|Curebopbroderick14    
|uhtml|bestof|Game 2 of a best-of-3
|t:|1782329202
|gametype|doubles
|player|p1|Curebo|clay|1000
|player|p2|pbroderick14|170|1118
|gen|9
|tier|[Gen 9 Champions] VGC 2026 Reg M-B (Bo3)
|rated|
|rule|Species Clause: Limit one of each Pokémon
|rule|Item Clause: Limit 1 of each item
|clearpoke
|poke|p1|Excadrill, L50, F, shiny|
|poke|p1|Tyranitar, L50, F, shiny|
|poke|p1|Corviknight, L50, F, shiny|
|poke|p1|Hydreigon, L50, F, shiny|
|poke|p1|Scovillain, L50, M, shiny|
|poke|p1|Houndstone, L50, M, shiny|
|poke|p2|Swampert, L50, M|
|poke|p2|Pelipper, L50, M|
|poke|p2|Archaludon, L50, M|
|poke|p2|Sableye, L50, M|
|poke|p2|Basculegion, L50, M|
|poke|p2|Venusaur, L50, M|
|teampreview|4
|showteam|p1|Excadrill||FocusSash|SandRush|Earthquake,IronHead,RockSlide,Protect|Adamant||F|||50|]Tyranitar||Tyranitarite|SandStream|RockSlide,KnockOff,LowKick,Protect|Adamant||F|||50|]Corviknight||Leftovers|MirrorArmor|BraveBird,BulkUp,Roost,Tailwind|Careful||F|||50|]Hydreigon||ChoiceScarf|Levitate|DracoMeteor,DarkPulse,HeatWave,Snarl|Modest||F|||50|]Scovillain||Scovillainite|Moody|Overheat,GigaDrain,RagePowder,Protect|Calm||M|||50|]Houndstone||SitrusBerry|SandRush|LastRespects,WillOWisp,BodyPress,Protect|Adamant||M|||50|
|showteam|p2|Swampert||Swampertite|Damp|Protect,WaveCrash,Earthquake,FlipTurn|Adamant||M|||50|]Pelipper||FocusSash|Drizzle|Protect,Tailwind,Hurricane,WeatherBall|Modest||M|||50|]Archaludon||Leftovers|Stamina|Protect,ElectroShot,DragonPulse,FlashCannon|Bold||M|||50|]Sableye||RoseliBerry|Prankster|RainDance,Reflect,LightScreen,WillOWisp|Careful||M|||50|]Basculegion||ChoiceScarf|Adaptability|FlipTurn,WaveCrash,AquaJet,LastRespects|Jolly||M|||50|]Venusaur||Venusaurite|Chlorophyll|Protect,SludgeBomb,EarthPower,GigaDrain|Bold||M|||50|
|inactive|Battle timer is ON: inactive players will automatically lose when time's up. (requested by Curebo)
|inactive|Curebo has 60 seconds left.
|inactive|Curebo has 30 seconds left.
|inactive|Curebo has 20 seconds left.
|inactive|Curebo has 15 seconds left.
|inactive|Curebo has 10 seconds left.
|
|t:|1782329286
|teamsize|p1|4
|teamsize|p2|4
|start
|switch|p1a: Corvo della notte|Corviknight, L50, F, shiny|100/100
|switch|p1b: Tormentilla|Tyranitar, L50, F, shiny|100/100
|switch|p2a: Archaludon|Archaludon, L50, M|100/100
|switch|p2b: Sableye|Sableye, L50, M|100/100
|-weather|Sandstorm|[from] ability: Sand Stream|[of] p1b: Tormentilla
|turn|1
|
|t:|1782329304
|switch|p1a: Borer|Excadrill, L50, F, shiny|100/100
|move|p2b: Sableye|Rain Dance|p2b: Sableye
|-weather|RainDance
|move|p2a: Archaludon|Electro Shot||[still]
|-prepare|p2a: Archaludon|Electro Shot
|-boost|p2a: Archaludon|spa|1
|-anim|p2a: Archaludon|Electro Shot|p1a: Borer
|-immune|p1a: Borer
|move|p1b: Tormentilla|Low Kick|p2a: Archaludon
|-supereffective|p2a: Archaludon|1
|-damage|p2a: Archaludon|62/100
|-ability|p2a: Archaludon|Stamina|boost
|-boost|p2a: Archaludon|def|1
|
|-weather|RainDance|[upkeep]
|-heal|p2a: Archaludon|68/100|[from] item: Leftovers
|upkeep
|turn|2
|inactive|Curebo has 30 seconds left.
|inactive|Curebo has 20 seconds left.
|inactive|Curebo has 15 seconds left.
|
|t:|1782329345
|switch|p1b: Corvo della notte|Corviknight, L50, F, shiny|100/100
|move|p2a: Archaludon|Protect|p2a: Archaludon
|-singleturn|p2a: Archaludon|Protect
|move|p2b: Sableye|Will-O-Wisp|p1a: Borer
|-status|p1a: Borer|brn
|move|p1a: Borer|Earthquake|p2b: Sableye|[spread] p2b
|-activate|p2a: Archaludon|move: Protect
|-immune|p1b: Corvo della notte
|-damage|p2b: Sableye|67/100
|
|-weather|RainDance|[upkeep]
|-heal|p2a: Archaludon|74/100|[from] item: Leftovers
|-damage|p1a: Borer|94/100 brn|[from] brn
|upkeep
|turn|3
|inactive|Curebo has 30 seconds left.
|inactive|pbroderick14 has 30 seconds left.
|inactive|Curebo has 20 seconds left.
|inactive|Curebo has 15 seconds left.
|
|t:|1782329388
|switch|p1b: Tormentilla|Tyranitar, L50, F, shiny|100/100
|-weather|Sandstorm|[from] ability: Sand Stream|[of] p1b: Tormentilla
|move|p2b: Sableye|Rain Dance|p2b: Sableye
|-weather|RainDance
|move|p1a: Borer|Rock Slide|p2b: Sableye|[spread] p2b
|-miss|p1a: Borer|p2a: Archaludon
|-damage|p2b: Sableye|52/100
|move|p2a: Archaludon|Electro Shot||[still]
|-prepare|p2a: Archaludon|Electro Shot
|-boost|p2a: Archaludon|spa|1
|-anim|p2a: Archaludon|Electro Shot|p1b: Tormentilla
|-damage|p1b: Tormentilla|30/100
|
|-weather|RainDance|[upkeep]
|-heal|p2a: Archaludon|80/100|[from] item: Leftovers
|-damage|p1a: Borer|88/100 brn|[from] brn
|upkeep
|turn|4
|inactive|Curebo has 30 seconds left.
|inactive|pbroderick14 has 30 seconds left.
|
|t:|1782329422
|move|p1b: Tormentilla|Protect|p1b: Tormentilla
|-singleturn|p1b: Tormentilla|Protect
|move|p2b: Sableye|Rain Dance||[still]
|-fail|p2b: Sableye
|move|p1a: Borer|Iron Head|p2b: Sableye
|-damage|p2b: Sableye|17/100
|move|p2a: Archaludon|Electro Shot||[still]
|-prepare|p2a: Archaludon|Electro Shot
|-boost|p2a: Archaludon|spa|1
|-anim|p2a: Archaludon|Electro Shot|p1b: Tormentilla
|-activate|p1b: Tormentilla|move: Protect
|
|-weather|RainDance|[upkeep]
|-heal|p2a: Archaludon|86/100|[from] item: Leftovers
|-damage|p1a: Borer|82/100 brn|[from] brn
|upkeep
|turn|5
|
|t:|1782329444
|switch|p2b: Pelipper|Pelipper, L50, M|100/100
|detailschange|p1b: Tormentilla|Tyranitar-Mega, L50, F, shiny
|-mega|p1b: Tormentilla|Tyranitar|Tyranitarite
|-weather|Sandstorm|[from] ability: Sand Stream|[of] p1b: Tormentilla
|move|p1a: Borer|Rock Slide|p2a: Archaludon|[spread] p2a,p2b
|-resisted|p2a: Archaludon|1
|-supereffective|p2b: Pelipper|1
|-damage|p2a: Archaludon|84/100
|-damage|p2b: Pelipper|73/100
|-ability|p2a: Archaludon|Stamina|boost
|-boost|p2a: Archaludon|def|1
|move|p1b: Tormentilla|Rock Slide|p2a: Archaludon|[spread] p2a
|-miss|p1b: Tormentilla|p2b: Pelipper
|-resisted|p2a: Archaludon|1
|-damage|p2a: Archaludon|78/100
|-ability|p2a: Archaludon|Stamina|boost
|-boost|p2a: Archaludon|def|1
|move|p2a: Archaludon|Dragon Pulse|p1b: Tormentilla
|-damage|p1b: Tormentilla|0 fnt
|faint|p1b: Tormentilla
|
|-weather|Sandstorm|[upkeep]
|-damage|p2b: Pelipper|67/100|[from] Sandstorm
|-heal|p2a: Archaludon|84/100|[from] item: Leftovers
|-damage|p1a: Borer|76/100 brn|[from] brn
|upkeep
|inactive|Curebo has 30 seconds left.
|
|t:|1782329474
|switch|p1b: o7|Houndstone, L50, M, shiny|100/100
|turn|6
|-message|Curebo forfeited.
|
|win|pbroderick14
|raw|Curebo's rating: 1000 → 1000(+0 for losing)
|raw|pbroderick14's rating: 1118 → 1135(+17 for winning)
|l|☆pbroderick14
|player|p2|
