|j|☆Bendixxjmw
|j|☆Chelicerate1
|html|BendixxjmwChelicerate1    
|uhtml|bestof|Game 2 of a best-of-3
|t:|1784639885
|gametype|doubles
|player|p1|Bendixxjmw|265|1337
|player|p2|Chelicerate1|ethan|1312
|gen|9
|tier|[Gen 9 Champions] VGC 2026 Reg M-B (Bo3)
|rated|
|rule|Species Clause: Limit one of each Pokémon
|rule|Item Clause: Limit 1 of each item
|clearpoke
|poke|p1|Floette-Eternal, L50, F|
|poke|p1|Ceruledge, L50, M|
|poke|p1|Milotic, L50, M|
|poke|p1|Grimmsnarl, L50, M|
|poke|p1|Wyrdeer, L50, M|
|poke|p1|Sneasler, L50, F|
|poke|p2|Aerodactyl, L50, M|
|poke|p2|Charizard, L50, M|
|poke|p2|Incineroar, L50, M|
|poke|p2|Kingambit, L50, F|
|poke|p2|Sylveon, L50, M|
|poke|p2|Garchomp, L50, M|
|teampreview|4
|showteam|p1|Floette-Eternal||Floettite|FlowerVeil|Moonblast,DazzlingGleam,CalmMind,Protect|Modest||F|||50|]Ceruledge||Charcoal|FlashFire|BitterBlade,ShadowSneak,BulkUp,Protect|Adamant||M|||50|]Milotic||Leftovers|Competitive|MuddyWater,Hypnosis,Recover,Coil|Sassy||M|||50|]Grimmsnarl||LightClay|Prankster|FakeOut,Reflect,LightScreen,PartingShot|Impish||M|||50|]Wyrdeer||ColburBerry|Intimidate|TrickRoom,Gravity,Hypnosis,PsyshieldBash|Adamant||M|||50|]Sneasler||WhiteHerb|Unburden|FakeOut,CloseCombat,DireClaw,Protect|Adamant||F|||50|
|showteam|p2|Aerodactyl||Aerodactylite|Unnerve|RockSlide,DualWingbeat,WideGuard,Tailwind|Jolly||M|||50|]Charizard||CharizarditeY|Blaze|HeatWave,WeatherBall,SolarBeam,Protect|Modest||M|||50|]Incineroar||SitrusBerry|Intimidate|FlareBlitz,DarkestLariat,FakeOut,PartingShot|Impish||M|||50|]Kingambit||FocusSash|Defiant|KowtowCleave,IronHead,SuckerPunch,LowKick|Adamant||F|||50|]Sylveon||FairyFeather|Pixilate|HyperVoice,HyperBeam,QuickAttack,Detect|Modest||M|||50|]Garchomp||LifeOrb|RoughSkin|Earthquake,DragonClaw,RockSlide,Protect|Jolly||M|||50|
|inactive|Battle timer is ON: inactive players will automatically lose when time's up. (requested by Chelicerate1)
|
|t:|1784639912
|teamsize|p1|4
|teamsize|p2|4
|start
|switch|p1a: Milotic|Milotic, L50, M|100/100
|switch|p1b: Wyrdeer|Wyrdeer, L50, M|100/100
|switch|p2a: Charizard|Charizard, L50, M|100/100
|switch|p2b: Sylveon|Sylveon, L50, M|100/100
|-ability|p1b: Wyrdeer|Intimidate|boost
|-unboost|p2a: Charizard|atk|1
|-unboost|p2b: Sylveon|atk|1
|turn|1
|inactive|Bendixxjmw has 30 seconds left.
|inactive|Chelicerate1 has 30 seconds left.
|
|t:|1784639943
|switch|p1b: Ceruledge|Ceruledge, L50, M|100/100
|detailschange|p2a: Charizard|Charizard-Mega-Y, L50, M
|-mega|p2a: Charizard|Charizard|Charizardite Y
|-weather|SunnyDay|[from] ability: Drought|[of] p2a: Charizard
|move|p2a: Charizard|Weather Ball|p1b: Ceruledge
|-start|p1b: Ceruledge|ability: Flash Fire
|move|p2b: Sylveon|Hyper Voice|p1a: Milotic|[spread] p1a,p1b
|-resisted|p1b: Ceruledge|1
|-damage|p1a: Milotic|73/100
|-damage|p1b: Ceruledge|78/100
|move|p1a: Milotic|Coil|p1a: Milotic
|-boost|p1a: Milotic|atk|1
|-boost|p1a: Milotic|def|1
|-boost|p1a: Milotic|accuracy|1
|
|-weather|SunnyDay|[upkeep]
|-heal|p1a: Milotic|79/100|[from] item: Leftovers
|upkeep
|turn|2
|
|t:|1784639966
|move|p2a: Charizard|Solar Beam||[still]
|-prepare|p2a: Charizard|Solar Beam
|-anim|p2a: Charizard|Solar Beam|p1a: Milotic
|-supereffective|p1a: Milotic|1
|-damage|p1a: Milotic|28/100
|move|p1b: Ceruledge|Bitter Blade|p2b: Sylveon
|-damage|p2b: Sylveon|0 fnt
|-heal|p1b: Ceruledge|100/100|[from] drain|[of] p2b: Sylveon
|faint|p2b: Sylveon
|move|p1a: Milotic|Recover|p1a: Milotic
|-heal|p1a: Milotic|78/100
|
|-weather|SunnyDay|[upkeep]
|-heal|p1a: Milotic|84/100|[from] item: Leftovers
|upkeep
|
|t:|1784639980
|switch|p2b: Garchomp|Garchomp, L50, M|100/100
|turn|3
|
|t:|1784639993
|-end|p1b: Ceruledge|ability: Flash Fire|[silent]
|switch|p1b: Wyrdeer|Wyrdeer, L50, M|100/100
|-ability|p1b: Wyrdeer|Intimidate|boost
|-unboost|p2a: Charizard|atk|1
|-unboost|p2b: Garchomp|atk|1
|move|p2b: Garchomp|Earthquake|p1a: Milotic|[spread] p1a,p1b
|-immune|p2a: Charizard
|-damage|p1a: Milotic|64/100
|-damage|p1b: Wyrdeer|68/100
|-damage|p2b: Garchomp|90/100|[from] item: Life Orb
|move|p2a: Charizard|Solar Beam||[still]
|-prepare|p2a: Charizard|Solar Beam
|-anim|p2a: Charizard|Solar Beam|p1a: Milotic
|-supereffective|p1a: Milotic|1
|-damage|p1a: Milotic|8/100
|move|p1a: Milotic|Hypnosis|p2a: Charizard
|-status|p2a: Charizard|slp|[from] move: Hypnosis
|
|-weather|SunnyDay|[upkeep]
|-heal|p1a: Milotic|14/100|[from] item: Leftovers
|upkeep
|turn|4
|
|t:|1784640014
|move|p2b: Garchomp|Earthquake|p1b: Wyrdeer|[spread] p1a,p1b
|-immune|p2a: Charizard
|-damage|p1a: Milotic|0 fnt
|-damage|p1b: Wyrdeer|35/100
|faint|p1a: Milotic
|-damage|p2b: Garchomp|80/100|[from] item: Life Orb
|cant|p2a: Charizard|slp
|move|p1b: Wyrdeer|Trick Room|p1b: Wyrdeer
|-fieldstart|move: Trick Room|[of] p1b: Wyrdeer
|
|-weather|SunnyDay|[upkeep]
|upkeep
|
|t:|1784640018
|switch|p1a: Floette|Floette-Eternal, L50, F|100/100
|turn|5
|
|t:|1784640037
|detailschange|p1a: Floette|Floette-Mega, L50, F
|-mega|p1a: Floette|Floette|Floettite
|-ability|p1a: Floette|Fairy Aura
|move|p2b: Garchomp|Protect|p2b: Garchomp
|-singleturn|p2b: Garchomp|Protect
|move|p1b: Wyrdeer|Psyshield Bash|p2a: Charizard
|-damage|p2a: Charizard|64/100 slp
|-boost|p1b: Wyrdeer|def|1
|cant|p2a: Charizard|slp
|move|p1a: Floette|Moonblast|p2a: Charizard
|-resisted|p2a: Charizard|1
|-damage|p2a: Charizard|31/100 slp
|
|-weather|none
|upkeep
|turn|6
|
|t:|1784640054
|switch|p2a: Kingambit|Kingambit, L50, F|100/100
|move|p1b: Wyrdeer|Gravity|p1b: Wyrdeer
|-fieldstart|move: Gravity
|move|p1a: Floette|Dazzling Gleam|p2b: Garchomp|[spread] p2a,p2b
|-supereffective|p2b: Garchomp|1
|-damage|p2a: Kingambit|47/100
|-damage|p2b: Garchomp|0 fnt
|faint|p2b: Garchomp
|
|upkeep
|
|t:|1784640062
|switch|p2b: Charizard|Charizard-Mega-Y, L50, M|31/100 slp
|-weather|SunnyDay|[from] ability: Drought|[of] p2b: Charizard
|turn|7
|
|t:|1784640073
|move|p2a: Kingambit|Sucker Punch||[still]
|-fail|p2a: Kingambit
|move|p1b: Wyrdeer|Hypnosis|p2a: Kingambit
|-status|p2a: Kingambit|slp|[from] move: Hypnosis
|-curestatus|p2b: Charizard|slp|[msg]
|move|p2b: Charizard|Weather Ball|p1a: Floette
|-damage|p1a: Floette|32/100
|move|p1a: Floette|Dazzling Gleam|p2a: Kingambit|[spread] p2a,p2b
|-resisted|p2b: Charizard|1
|-damage|p2a: Kingambit|0 fnt
|-damage|p2b: Charizard|9/100
|faint|p2a: Kingambit
|
|-weather|SunnyDay|[upkeep]
|upkeep
|turn|8
|
|t:|1784640090
|move|p2b: Charizard|Protect|p2b: Charizard
|-singleturn|p2b: Charizard|Protect
|move|p1b: Wyrdeer|Psyshield Bash|p2b: Charizard
|-activate|p2b: Charizard|move: Protect
|move|p1a: Floette|Moonblast|p2b: Charizard
|-activate|p2b: Charizard|move: Protect
|
|-weather|SunnyDay|[upkeep]
|-fieldend|move: Trick Room
|upkeep
|turn|9
|
|t:|1784640097
|move|p1a: Floette|Moonblast|p2b: Charizard
|-resisted|p2b: Charizard|1
|-damage|p2b: Charizard|0 fnt
|faint|p2b: Charizard
|
|win|Bendixxjmw
|raw|Bendixxjmw's rating: 1337 → 1356(+19 for winning)
|raw|Chelicerate1's rating: 1312 → 1293(-19 for losing)
