|j|☆Capravolante97
|j|‽Livnlarge27
|html|Capravolante97Livnlarge27    
|uhtml|bestof|Game 2 of a best-of-3
|t:|1756401948
|gametype|doubles
|player|p1|Capravolante97|fantina|1429
|player|p2|Livnlarge27|red|1559
|gen|9
|tier|[Gen 9] VGC 2025 Reg H (Bo3)
|rated|
|rule|Species Clause: Limit one of each Pokémon
|rule|Item Clause: Limit 1 of each item
|clearpoke
|poke|p1|Whimsicott, L50, F|
|poke|p1|Meowscarada, L50, F|
|poke|p1|Indeedee, L50, M|
|poke|p1|Sneasler, L50, F|
|poke|p1|Ursaluna-Bloodmoon, L50, M|
|poke|p1|Archaludon, L50, M|
|poke|p2|Volcarona, L50, F|
|poke|p2|Rillaboom, L50, F|
|poke|p2|Farigiraf, L50, M|
|poke|p2|Ursaluna, L50, F|
|poke|p2|Dragonite, L50, M|
|poke|p2|Magmar, L50, M|
|teampreview|4
|showteam|p1|Whimsicott||CovertCloak|Prankster|Moonblast,Taunt,Tailwind,FakeTears|||F|||50|,,,,,Water]Meowscarada||ChoiceBand|Protean|FlowerTrick,TripleAxel,Uturn,KnockOff|||F|||50|,,,,,Ghost]Indeedee||FocusSash|PsychicSurge|ExpandingForce,TeraBlast,Imprison,TrickRoom|||M|||50|,,,,,Psychic]Sneasler||PsychicSeed|Unburden|CloseCombat,DireClaw,ThroatChop,Protect|||F|||50|,,,,,Dark]Ursaluna-Bloodmoon||LifeOrb|MindsEye|HyperVoice,BloodMoon,EarthPower,Protect|||M|||50|,,,,,Normal]Archaludon||PowerHerb|Stalwart|ElectroShot,DragonPulse,Thunderbolt,Protect|||M|||50|,,,,,Electric
|showteam|p2|Volcarona||SitrusBerry|FlameBody|QuiverDance,TeraBlast,HeatWave,Protect|||F|||50|,,,,,Fairy]Rillaboom||AssaultVest|GrassySurge|FakeOut,WoodHammer,GrassyGlide,Uturn|||F|||50|,,,,,Fire]Farigiraf||GrassySeed|ArmorTail|DazzlingGleam,TrickRoom,NastyPlot,TwinBeam|||M|||50|,,,,,Fairy]Ursaluna||FlameOrb|Guts|Protect,Facade,HeadlongRush,Earthquake|||F|||50|,,,,,Ghost]Dragonite||LoadedDice|Multiscale|ScaleShot,Haze,Protect,StompingTantrum|||M|||50|,,,,,Fairy]Magmar||Eviolite|VitalSpirit|FollowMe,Taunt,HeatWave,WillOWisp|||M|||50|,,,,,Dragon
|inactive|Battle timer is ON: inactive players will automatically lose when time's up. (requested by Capravolante97)
|
|t:|1756401968
|teamsize|p1|4
|teamsize|p2|4
|start
|switch|p1a: Indeedee|Indeedee, L50, M|100/100
|switch|p1b: Ursaluna|Ursaluna-Bloodmoon, L50, M|100/100
|switch|p2a: Rillaboom|Rillaboom, L50, F|100/100
|switch|p2b: Farigiraf|Farigiraf, L50, M|100/100
|-fieldstart|move: Psychic Terrain|[from] ability: Psychic Surge|[of] p1a: Indeedee
|-fieldstart|move: Grassy Terrain|[from] ability: Grassy Surge|[of] p2a: Rillaboom
|-enditem|p2b: Farigiraf|Grassy Seed
|-boost|p2b: Farigiraf|def|1|[from] item: Grassy Seed
|turn|1
|inactive|Livnlarge27 has 30 seconds left.
|
|t:|1756401996
|-terastallize|p1b: Ursaluna|Normal
|move|p1a: Indeedee|Imprison|p1a: Indeedee
|-start|p1a: Indeedee|move: Imprison
|move|p1b: Ursaluna|Blood Moon|p2b: Farigiraf
|-damage|p2b: Farigiraf|0 fnt
|faint|p2b: Farigiraf
|-damage|p1b: Ursaluna|91/100|[from] item: Life Orb
|move|p2a: Rillaboom|Wood Hammer|p1b: Ursaluna
|-damage|p1b: Ursaluna|14/100
|-damage|p2a: Rillaboom|77/100|[from] Recoil
|
|-heal|p1b: Ursaluna|20/100|[from] Grassy Terrain
|-heal|p2a: Rillaboom|83/100|[from] Grassy Terrain
|upkeep
|
|t:|1756402000
|switch|p2b: Dragonite|Dragonite, L50, M|100/100
|turn|2
|
|t:|1756402021
|switch|p1a: Archaludon|Archaludon, L50, M|100/100
|move|p1b: Ursaluna|Protect|p1b: Ursaluna
|-singleturn|p1b: Ursaluna|Protect
|move|p2b: Dragonite|Scale Shot|p1a: Archaludon
|-damage|p1a: Archaludon|87/100
|-damage|p1a: Archaludon|75/100
|-damage|p1a: Archaludon|62/100
|-damage|p1a: Archaludon|49/100
|-damage|p1a: Archaludon|35/100
|-hitcount|p1a: Archaludon|5
|-unboost|p2b: Dragonite|def|1
|-boost|p2b: Dragonite|spe|1
|move|p2a: Rillaboom|U-turn|p1b: Ursaluna
|-activate|p1b: Ursaluna|move: Protect
|
|-heal|p1a: Archaludon|41/100|[from] Grassy Terrain
|-heal|p1b: Ursaluna|26/100|[from] Grassy Terrain
|-heal|p2a: Rillaboom|89/100|[from] Grassy Terrain
|upkeep
|turn|3
|inactive|Capravolante97 has 30 seconds left.
|
|t:|1756402047
|move|p2b: Dragonite|Scale Shot|p1a: Archaludon
|-damage|p1a: Archaludon|28/100
|-damage|p1a: Archaludon|17/100
|-damage|p1a: Archaludon|5/100
|-damage|p1a: Archaludon|0 fnt
|faint|p1a: Archaludon
|-hitcount|p1: Archaludon|4
|-unboost|p2b: Dragonite|def|1
|-boost|p2b: Dragonite|spe|1
|move|p1b: Ursaluna|Hyper Voice|p2b: Dragonite|[spread] p2a,p2b
|-damage|p2a: Rillaboom|43/100
|-damage|p2b: Dragonite|70/100
|-damage|p1b: Ursaluna|16/100|[from] item: Life Orb
|move|p2a: Rillaboom|Wood Hammer|p1b: Ursaluna
|-damage|p1b: Ursaluna|0 fnt
|faint|p1b: Ursaluna
|-damage|p2a: Rillaboom|39/100|[from] Recoil
|
|-heal|p2a: Rillaboom|44/100|[from] Grassy Terrain
|upkeep
|
|t:|1756402052
|switch|p1a: Indeedee|Indeedee, L50, M|100/100
|switch|p1b: Sneasler|Sneasler, L50, F|100/100
|-fieldstart|move: Psychic Terrain|[from] ability: Psychic Surge|[of] p1a: Indeedee
|-enditem|p1b: Sneasler|Psychic Seed
|-boost|p1b: Sneasler|spd|1|[from] item: Psychic Seed
|turn|4
|inactive|Capravolante97 has 30 seconds left.
|
|t:|1756402082
|switch|p2a: Ursaluna|Ursaluna, L50, F|100/100
|move|p2b: Dragonite|Protect|p2b: Dragonite
|-singleturn|p2b: Dragonite|Protect
|move|p1b: Sneasler|Dire Claw|p2b: Dragonite
|-activate|p2b: Dragonite|move: Protect
|move|p1a: Indeedee|Expanding Force|p2a: Ursaluna|[spread] p2a
|-activate|p2b: Dragonite|move: Protect
|-damage|p2a: Ursaluna|57/100
|
|-status|p2a: Ursaluna|brn|[from] item: Flame Orb
|upkeep
|turn|5
|
|t:|1756402106
|switch|p2b: Rillaboom|Rillaboom, L50, F|44/100
|-fieldstart|move: Grassy Terrain|[from] ability: Grassy Surge|[of] p2b: Rillaboom
|-terastallize|p2a: Ursaluna|Ghost
|move|p1b: Sneasler|Dire Claw|p2b: Rillaboom
|-supereffective|p2b: Rillaboom
|-damage|p2b: Rillaboom|0 fnt
|faint|p2b: Rillaboom
|move|p1a: Indeedee|Expanding Force|p2a: Ursaluna
|-damage|p2a: Ursaluna|25/100 brn
|move|p2a: Ursaluna|Headlong Rush|p1b: Sneasler
|-supereffective|p1b: Sneasler
|-damage|p1b: Sneasler|0 fnt
|-unboost|p2a: Ursaluna|def|1
|-unboost|p2a: Ursaluna|spd|1
|faint|p1b: Sneasler
|
|-heal|p2a: Ursaluna|31/100 brn|[from] Grassy Terrain
|-damage|p2a: Ursaluna|25/100 brn|[from] brn
|upkeep
|
|t:|1756402120
|switch|p2b: Dragonite|Dragonite, L50, M|70/100
|turn|6
|
|t:|1756402123
|move|p1a: Indeedee|Expanding Force|p2b: Dragonite
|-damage|p2b: Dragonite|30/100
|move|p2b: Dragonite|Scale Shot|p1a: Indeedee
|-damage|p1a: Indeedee|71/100
|-damage|p1a: Indeedee|42/100
|-damage|p1a: Indeedee|12/100
|-damage|p1a: Indeedee|0 fnt
|faint|p1a: Indeedee
|-hitcount|p1: Indeedee|4
|
|win|Livnlarge27
|raw|Capravolante97's rating: 1429 → 1416(-13 for losing)
|raw|Livnlarge27's rating: 1559 → 1572(+13 for winning)
