|badge|p2|silver|gen9ou|30-6
|uhtml|medal-msg|Curious what those medals under the avatar are? PS now has Ladder Seasons! For more information, check out the thread on Smogon.
|j|☆spellbreakvgc
|j|☆JackRG1
|html|spellbreakvgcJackRG1    
|uhtml|bestof|Game 3 of a best-of-3
|t:|1757722329
|gametype|doubles
|player|p1|spellbreakvgc|lance|1176
|player|p2|JackRG1|dawn-gen4pt|1138
|gen|9
|tier|[Gen 9] VGC 2025 Reg H (Bo3)
|rated|
|rule|Species Clause: Limit one of each Pokémon
|rule|Item Clause: Limit 1 of each item
|clearpoke
|poke|p1|Dondozo, L50, M|
|poke|p1|Sneasler, L50, F|
|poke|p1|Ursaluna-Bloodmoon, L50, M|
|poke|p1|Indeedee, L50, M|
|poke|p1|Tatsugiri, L50, M|
|poke|p1|Whimsicott, L50, F|
|poke|p2|Dragapult, L50, M|
|poke|p2|Farigiraf, L50, F|
|poke|p2|Kingambit, L50, M|
|poke|p2|Primarina, L50, M|
|poke|p2|Rillaboom, L50, M|
|poke|p2|Mamoswine, L50, F|
|teampreview|4
|showteam|p1|Dondozo||Leftovers|Unaware|WaveCrash,OrderUp,Earthquake,Protect|||M|||50|,,,,,Grass]Sneasler||PsychicSeed|Unburden|DireClaw,CloseCombat,ThroatChop,Protect|||F|||50|,,,,,Dark]Ursaluna-Bloodmoon||LifeOrb|MindsEye|BloodMoon,HyperVoice,EarthPower,Protect|||M|||50|,,,,,Normal]Indeedee||FocusSash|PsychicSurge|ExpandingForce,TeraBlast,HelpingHand,Protect|||M|||50|,,,,,Psychic]Tatsugiri||SafetyGoggles|Commander|DracoMeteor,MuddyWater,HelpingHand,Protect|||M|||50|,,,,,Normal]Whimsicott||CovertCloak|Prankster|Moonblast,Tailwind,LightScreen,HelpingHand|||F|||50|,,,,,Poison
|showteam|p2|Dragapult||ChoiceBand|ClearBody|DragonDarts,PhantomForce,TeraBlast,Uturn|||M|||50|,,,,,Ghost]Farigiraf||CovertCloak|ArmorTail|PsychicNoise,Imprison,TrickRoom,HelpingHand|||F|||50|,,,,,Grass]Kingambit||SafetyGoggles|Defiant|KowtowCleave,SuckerPunch,Protect,SwordsDance|||M|||50|,,,,,Dragon]Primarina||ChoiceSpecs|LiquidVoice|HyperVoice,Moonblast,DazzlingGleam,Haze|||M|||50|,,,,,Fairy]Rillaboom||AssaultVest|GrassySurge|WoodHammer,GrassyGlide,FakeOut,Uturn|||M|||50|,,,,,Fire]Mamoswine||LoadedDice|Oblivious|IcicleSpear,HighHorsepower,IceShard,Protect|||F|||50|,,,,,Poison
|inactive|Battle timer is ON: inactive players will automatically lose when time's up. (requested by JackRG1)
|inactive|spellbreakvgc has 60 seconds left.
|inactive|JackRG1 has 60 seconds left.
|
|t:|1757722377
|teamsize|p1|4
|teamsize|p2|4
|start
|switch|p1a: Sneasler|Sneasler, L50, F|100/100
|switch|p1b: Indeedee|Indeedee, L50, M|100/100
|switch|p2a: Mamoswine|Mamoswine, L50, F|100/100
|switch|p2b: Rillaboom|Rillaboom, L50, M|100/100
|-fieldstart|move: Psychic Terrain|[from] ability: Psychic Surge|[of] p1b: Indeedee
|-enditem|p1a: Sneasler|Psychic Seed
|-boost|p1a: Sneasler|spd|1|[from] item: Psychic Seed
|-fieldstart|move: Grassy Terrain|[from] ability: Grassy Surge|[of] p2b: Rillaboom
|turn|1
|
|t:|1757722391
|move|p1a: Sneasler|Protect|p1a: Sneasler
|-singleturn|p1a: Sneasler|Protect
|move|p1b: Indeedee|Protect|p1b: Indeedee
|-singleturn|p1b: Indeedee|Protect
|move|p2b: Rillaboom|Fake Out|p1a: Sneasler
|-activate|p1a: Sneasler|move: Protect
|move|p2a: Mamoswine|Icicle Spear|p1b: Indeedee
|-activate|p1b: Indeedee|move: Protect
|
|upkeep
|turn|2
|
|t:|1757722412
|switch|p1b: Whimsicott|Whimsicott, L50, F|100/100
|move|p1a: Sneasler|Dire Claw|p2b: Rillaboom
|-supereffective|p2b: Rillaboom
|-damage|p2b: Rillaboom|14/100
|-status|p2b: Rillaboom|par
|move|p2a: Mamoswine|Icicle Spear|p1a: Sneasler
|-damage|p1a: Sneasler|77/100
|-damage|p1a: Sneasler|54/100
|-damage|p1a: Sneasler|34/100
|-crit|p1a: Sneasler
|-damage|p1a: Sneasler|4/100
|-damage|p1a: Sneasler|0 fnt
|faint|p1a: Sneasler
|-hitcount|p1: Sneasler|5
|cant|p2b: Rillaboom|par
|
|-heal|p2b: Rillaboom|19/100 par|[from] Grassy Terrain
|upkeep
|
|t:|1757722433
|switch|p1a: Indeedee|Indeedee, L50, M|100/100
|-fieldstart|move: Psychic Terrain|[from] ability: Psychic Surge|[of] p1a: Indeedee
|turn|3
|
|t:|1757722453
|switch|p2b: Farigiraf|Farigiraf, L50, F|100/100
|-terastallize|p1a: Indeedee|Psychic
|move|p1b: Whimsicott|Helping Hand|p1a: Indeedee
|-singleturn|p1a: Indeedee|Helping Hand|[of] p1b: Whimsicott
|move|p1a: Indeedee|Expanding Force|p2b: Farigiraf|[spread] p2a,p2b
|-crit|p2a: Mamoswine
|-resisted|p2b: Farigiraf
|-damage|p2a: Mamoswine|0 fnt
|-damage|p2b: Farigiraf|52/100
|faint|p2a: Mamoswine
|
|upkeep
|
|t:|1757722461
|switch|p2a: Rillaboom|Rillaboom, L50, M|19/100 par
|-fieldstart|move: Grassy Terrain|[from] ability: Grassy Surge|[of] p2a: Rillaboom
|turn|4
|
|t:|1757722470
|switch|p1a: Ursaluna|Ursaluna-Bloodmoon, L50, M|100/100
|cant|p2a: Rillaboom|par
|move|p1b: Whimsicott|Moonblast|p2a: Rillaboom
|-damage|p2a: Rillaboom|0 fnt
|faint|p2a: Rillaboom
|move|p2b: Farigiraf|Trick Room|p2b: Farigiraf
|-fieldstart|move: Trick Room|[of] p2b: Farigiraf
|
|-heal|p2b: Farigiraf|58/100|[from] Grassy Terrain
|upkeep
|
|t:|1757722473
|switch|p2a: Primarina|Primarina, L50, M|100/100
|turn|5
|
|t:|1757722485
|-terastallize|p2a: Primarina|Fairy
|move|p2b: Farigiraf|Helping Hand|p2a: Primarina
|-singleturn|p2a: Primarina|Helping Hand|[of] p2b: Farigiraf
|move|p1a: Ursaluna|Protect|p1a: Ursaluna
|-singleturn|p1a: Ursaluna|Protect
|move|p1b: Whimsicott|Light Screen|p1b: Whimsicott
|-sidestart|p1: spellbreakvgc|move: Light Screen
|move|p2a: Primarina|Dazzling Gleam|p1b: Whimsicott|[spread] p1b
|-activate|p1a: Ursaluna|move: Protect
|-damage|p1b: Whimsicott|30/100
|
|-heal|p2b: Farigiraf|64/100|[from] Grassy Terrain
|-heal|p1b: Whimsicott|36/100|[from] Grassy Terrain
|upkeep
|turn|6
|inactive|spellbreakvgc has 30 seconds left.
|
|t:|1757722512
|switch|p1a: Indeedee|Indeedee, L50, M, tera:Psychic|100/100
|-fieldstart|move: Psychic Terrain|[from] ability: Psychic Surge|[of] p1a: Indeedee
|move|p2b: Farigiraf|Helping Hand|p2a: Primarina
|-singleturn|p2a: Primarina|Helping Hand|[of] p2b: Farigiraf
|move|p2a: Primarina|Dazzling Gleam|p1a: Indeedee|[spread] p1a,p1b
|-damage|p1a: Indeedee|20/100
|-damage|p1b: Whimsicott|0 fnt
|faint|p1b: Whimsicott
|
|upkeep
|
|t:|1757722524
|switch|p1b: Ursaluna|Ursaluna-Bloodmoon, L50, M|100/100
|turn|7
|
|t:|1757722531
|move|p2b: Farigiraf|Helping Hand|p2a: Primarina
|-singleturn|p2a: Primarina|Helping Hand|[of] p2b: Farigiraf
|move|p1b: Ursaluna|Protect|p1b: Ursaluna
|-singleturn|p1b: Ursaluna|Protect
|move|p1a: Indeedee|Protect|p1a: Indeedee
|-singleturn|p1a: Indeedee|Protect
|move|p2a: Primarina|Dazzling Gleam|p1b: Ursaluna|[spread] 
|-activate|p1a: Indeedee|move: Protect
|-activate|p1b: Ursaluna|move: Protect
|
|upkeep
|turn|8
|
|t:|1757722538
|move|p2b: Farigiraf|Helping Hand|p2a: Primarina
|-singleturn|p2a: Primarina|Helping Hand|[of] p2b: Farigiraf
|move|p1b: Ursaluna|Protect||[still]
|-fail|p1b: Ursaluna
|move|p1a: Indeedee|Protect||[still]
|-fail|p1a: Indeedee
|move|p2a: Primarina|Dazzling Gleam|p1a: Indeedee|[spread] p1a,p1b
|-damage|p1a: Indeedee|0 fnt
|-damage|p1b: Ursaluna|22/100
|faint|p1a: Indeedee
|
|-fieldend|move: Trick Room
|upkeep
|turn|9
|
|t:|1757722546
|move|p1b: Ursaluna|Blood Moon|p2a: Primarina
|-damage|p2a: Primarina|3/100
|-damage|p1b: Ursaluna|12/100|[from] item: Life Orb
|move|p2a: Primarina|Dazzling Gleam|p1b: Ursaluna
|-damage|p1b: Ursaluna|0 fnt
|faint|p1b: Ursaluna
|
|win|JackRG1
