|j|☆HayesL
|j|☆gliscor43
|html|HayesLgliscor43    
|uhtml|bestof|Game 1 of a best-of-3
|t:|1784404627
|gametype|doubles
|player|p1|HayesL|will|
|player|p2|gliscor43|mars|
|gen|9
|tier|[Gen 9 Champions] VGC 2026 Reg M-B (Bo3)
|rule|Species Clause: Limit one of each Pokémon
|rule|Item Clause: Limit 1 of each item
|clearpoke
|poke|p1|Garchomp, L50, M|
|poke|p1|Kingambit, L50, M|
|poke|p1|Farigiraf, L50, M|
|poke|p1|Aerodactyl, L50, M|
|poke|p1|Clefable, L50, M|
|poke|p1|Rotom-Heat, L50|
|poke|p2|Pelipper, L50, M|
|poke|p2|Dragonite, L50, M|
|poke|p2|Staraptor, L50, F|
|poke|p2|Swampert, L50, F|
|poke|p2|Meowstic, L50, M|
|poke|p2|Volcarona, L50, M|
|teampreview|4
|showteam|p1|Garchomp||Garchompite|SandVeil|Earthquake,RockSlide,DragonClaw,Protect|Adamant||M|||50|]Kingambit||BlackGlasses|Defiant|KowtowCleave,SuckerPunch,IronHead,Protect|Adamant||M|||50|]Farigiraf||SitrusBerry|ArmorTail|Psychic,Thunderbolt,TrickRoom,Roar|Modest||M|||50|]Aerodactyl||FocusSash|RockHead|RockSlide,DualWingbeat,Tailwind,WideGuard|Jolly||M|||50|]Clefable||Leftovers|Unaware|Moonblast,FollowMe,HelpingHand,Protect|Bold||M|||50|]Rotom-Heat||PasshoBerry|Levitate|Overheat,Thunderbolt,WillOWisp,Protect|Timid|||||50|
|showteam|p2|Pelipper||FocusSash|Drizzle|WeatherBall,Hurricane,Tailwind,Protect|Modest||M|||50|]Dragonite||BrightPowder|Multiscale|DragonClaw,ExtremeSpeed,Roost,Protect|Adamant||M|||50|]Staraptor||Staraptite|Intimidate|CloseCombat,BraveBird,Roost,Protect|Adamant||F|||50|]Swampert||Swampertite|Torrent|WaveCrash,Earthquake,IcePunch,Protect|Adamant||F|||50|]Meowstic||MentalHerb|Prankster|FakeOut,Charm,RainDance,Yawn|Careful||M|||50|]Volcarona||SitrusBerry|FlameBody|RagePowder,BugBuzz,Protect,LightScreen|Bold||M|||50|
|
|t:|1784404721
|teamsize|p1|4
|teamsize|p2|4
|start
|switch|p1a: trebleleblebleb|Clefable, L50, M|100/100
|switch|p1b: sweater vest|Farigiraf, L50, M|100/100
|switch|p2a: Pelipper|Pelipper, L50, M|100/100
|switch|p2b: Swampert|Swampert, L50, F|100/100
|-weather|RainDance|[from] ability: Drizzle|[of] p2a: Pelipper
|turn|1
|
|t:|1784404751
|detailschange|p2b: Swampert|Swampert-Mega, L50, F
|-mega|p2b: Swampert|Swampert|Swampertite
|move|p2b: Swampert|Wave Crash|p1a: trebleleblebleb
|-damage|p1a: trebleleblebleb|9/100
|-damage|p2b: Swampert|68/100|[from] Recoil
|move|p2a: Pelipper|Weather Ball|p1b: sweater vest
|-damage|p1b: sweater vest|30/100
|-enditem|p1b: sweater vest|Sitrus Berry|[eat]
|-heal|p1b: sweater vest|55/100|[from] item: Sitrus Berry
|move|p1a: trebleleblebleb|Moonblast|p2a: Pelipper
|-damage|p2a: Pelipper|48/100
|-unboost|p2a: Pelipper|spa|1
|move|p1b: sweater vest|Trick Room|p1b: sweater vest
|-fieldstart|move: Trick Room|[of] p1b: sweater vest
|
|-weather|RainDance|[upkeep]
|-heal|p1a: trebleleblebleb|15/100|[from] item: Leftovers
|upkeep
|turn|2
|
|t:|1784404794
|switch|p2b: Volcarona|Volcarona, L50, M|100/100
|move|p1b: sweater vest|Psychic|p2b: Volcarona
|-damage|p2b: Volcarona|61/100
|-unboost|p2b: Volcarona|spd|1
|move|p1a: trebleleblebleb|Moonblast|p2a: Pelipper
|-damage|p2a: Pelipper|0 fnt
|faint|p2a: Pelipper
|
|-weather|RainDance|[upkeep]
|-heal|p1a: trebleleblebleb|21/100|[from] item: Leftovers
|upkeep
|
|t:|1784404806
|switch|p2a: Dragonite|Dragonite, L50, M|100/100
|turn|3
|
|t:|1784404833
|move|p2b: Volcarona|Rage Powder|p2b: Volcarona
|-singleturn|p2b: Volcarona|move: Rage Powder
|move|p1b: sweater vest|Thunderbolt|p2b: Volcarona
|-damage|p2b: Volcarona|22/100
|-enditem|p2b: Volcarona|Sitrus Berry|[eat]
|-heal|p2b: Volcarona|47/100|[from] item: Sitrus Berry
|move|p1a: trebleleblebleb|Moonblast|p2b: Volcarona
|-resisted|p2b: Volcarona|1
|-damage|p2b: Volcarona|34/100
|move|p2a: Dragonite|Dragon Claw|p1b: sweater vest
|-damage|p1b: sweater vest|10/100
|
|-weather|RainDance|[upkeep]
|-heal|p1a: trebleleblebleb|27/100|[from] item: Leftovers
|upkeep
|turn|4
|
|t:|1784404854
|move|p2b: Volcarona|Protect|p2b: Volcarona
|-singleturn|p2b: Volcarona|Protect
|move|p1b: sweater vest|Thunderbolt|p2b: Volcarona
|-activate|p2b: Volcarona|move: Protect
|move|p1a: trebleleblebleb|Moonblast|p2a: Dragonite
|-supereffective|p2a: Dragonite|1
|-damage|p2a: Dragonite|70/100
|move|p2a: Dragonite|Dragon Claw|p1b: sweater vest
|-crit|p1b: sweater vest
|-damage|p1b: sweater vest|0 fnt
|faint|p1b: sweater vest
|
|-weather|RainDance|[upkeep]
|-heal|p1a: trebleleblebleb|33/100|[from] item: Leftovers
|upkeep
|
|t:|1784404858
|switch|p1b: da don|Garchomp, L50, M|100/100
|turn|5
|
|t:|1784404879
|move|p1b: da don|Protect|p1b: da don
|-singleturn|p1b: da don|Protect
|move|p2b: Volcarona|Rage Powder|p2b: Volcarona
|-singleturn|p2b: Volcarona|move: Rage Powder
|move|p1a: trebleleblebleb|Moonblast|p2b: Volcarona
|-resisted|p2b: Volcarona|1
|-damage|p2b: Volcarona|20/100y
|move|p2a: Dragonite|Dragon Claw|p1b: da don
|-activate|p1b: da don|move: Protect
|
|-weather|none
|-heal|p1a: trebleleblebleb|39/100|[from] item: Leftovers
|-fieldend|move: Trick Room
|upkeep
|turn|6
|
|t:|1784404888
|move|p2b: Volcarona|Rage Powder|p2b: Volcarona
|-singleturn|p2b: Volcarona|move: Rage Powder
|move|p1b: da don|Rock Slide|p2b: Volcarona|[spread] p2a,p2b
|-supereffective|p2a: Dragonite|1
|-supereffective|p2b: Volcarona|2
|-damage|p2a: Dragonite|31/100
|-damage|p2b: Volcarona|0 fnt
|faint|p2b: Volcarona
|cant|p2a: Dragonite|flinch
|move|p1a: trebleleblebleb|Moonblast|p2a: Dragonite|[miss]
|-miss|p1a: trebleleblebleb|p2a: Dragonite
|
|-heal|p1a: trebleleblebleb|45/100|[from] item: Leftovers
|upkeep
|
|t:|1784404895
|switch|p2b: Swampert|Swampert-Mega, L50, F|68/100
|turn|7
|
|t:|1784404911
|move|p1b: da don|Protect|p1b: da don
|-singleturn|p1b: da don|Protect
|move|p2a: Dragonite|Protect|p2a: Dragonite
|-singleturn|p2a: Dragonite|Protect
|move|p2b: Swampert|Ice Punch|p1b: da don
|-activate|p1b: da don|move: Protect
|move|p1a: trebleleblebleb|Moonblast|p2b: Swampert
|-damage|p2b: Swampert|40/100
|-unboost|p2b: Swampert|spa|1
|
|-heal|p1a: trebleleblebleb|50/100g|[from] item: Leftovers
|upkeep
|turn|8
|
|t:|1784404925
|switch|p1b: shogun|Kingambit, L50, M|100/100
|move|p2a: Dragonite|Extreme Speed|p1a: trebleleblebleb
|-damage|p1a: trebleleblebleb|26/100
|move|p2b: Swampert|Ice Punch|p1b: shogun
|-resisted|p1b: shogun|1
|-damage|p1b: shogun|88/100
|move|p1a: trebleleblebleb|Moonblast|p2a: Dragonite
|-supereffective|p2a: Dragonite|1
|-damage|p2a: Dragonite|0 fnt
|faint|p2a: Dragonite
|
|-heal|p1a: trebleleblebleb|32/100|[from] item: Leftovers
|upkeep
|turn|9
|
|t:|1784404936
|move|p2b: Swampert|Earthquake|p1b: shogun|[spread] p1a,p1b
|-supereffective|p1b: shogun|1
|-damage|p1a: trebleleblebleb|0 fnt
|-damage|p1b: shogun|13/100
|faint|p1a: trebleleblebleb
|move|p1b: shogun|Kowtow Cleave|p2b: Swampert
|-damage|p2b: Swampert|0 fnt
|faint|p2b: Swampert
|
|win|HayesL
||HayesL is ready for game 2.
||gliscor43 is ready for game 2.
|uhtml|next|Next: Game 2 of 3
|l|☆HayesL
|player|p1|
