|j|☆Dart00765
|j|☆new mental
|html|Dart00765new mental    
|uhtml|bestof|Game 1 of a best-of-3
|t:|1783252919
|gametype|doubles
|player|p1|Dart00765|1|1204
|player|p2|new mental|volkner|1271
|gen|9
|tier|[Gen 9 Champions] VGC 2026 Reg M-B (Bo3)
|rated|
|rule|Species Clause: Limit one of each Pokémon
|rule|Item Clause: Limit 1 of each item
|clearpoke
|poke|p1|Gengar, L50, M|
|poke|p1|Gholdengo, L50|
|poke|p1|Ninetales-Alola, L50, F|
|poke|p1|Incineroar, L50, F|
|poke|p1|Sceptile, L50, M|
|poke|p1|Rotom-Wash, L50|
|poke|p2|Aerodactyl, L50, M|
|poke|p2|Garchomp, L50, F|
|poke|p2|Kingambit, L50, M|
|poke|p2|Charizard, L50, F|
|poke|p2|Sylveon, L50, M|
|poke|p2|Farigiraf, L50, F|
|teampreview|4
|showteam|p1|Gengar||Gengarite|CursedBody|ShadowBall,Protect,Disable,PerishSong|Serious||M|||50|]Gholdengo||LifeOrb|GoodasGold|MakeItRain,ShadowBall,Protect,NastyPlot|Timid|||||50|]Ninetales-Alola||FocusSash|SnowWarning|AuroraVeil,Blizzard,Protect,Encore|Timid||F|||50|]Incineroar||SitrusBerry|Intimidate|FakeOut,FlareBlitz,PartingShot,Protect|Sassy||F|||50|]Sceptile||Sceptilite|Overgrow|GrassKnot,DragonPulse,Protect,VacuumWave|Timid||M|||50|]Rotom-Wash||ChoiceScarf|Levitate|Discharge,VoltSwitch,HydroPump,WillOWisp|Modest|||||50|
|showteam|p2|Aerodactyl||Aerodactylite|Unnerve|IceFang,RockSlide,Tailwind,DualWingbeat|Jolly||M|||50|]Garchomp||LifeOrb|RoughSkin|DragonClaw,StompingTantrum,Earthquake,Protect|Jolly||F|||50|]Kingambit||FocusSash|Defiant|SuckerPunch,KowtowCleave,IronHead,LowKick|Adamant||M|||50|]Charizard||CharizarditeY|SolarPower|Protect,HeatWave,SolarBeam,WeatherBall|Timid||F|||50|]Sylveon||FairyFeather|Pixilate|Protect,HyperVoice,HyperBeam,QuickAttack|Modest||M|||50|]Farigiraf||SitrusBerry|ArmorTail|TrickRoom,Thunderbolt,Psychic,Roar|Bold||F|||50|
|inactive|Battle timer is ON: inactive players will automatically lose when time's up. (requested by new mental)
|
|t:|1783252968
|teamsize|p1|4
|teamsize|p2|4
|start
|switch|p1a: Rotom|Rotom-Wash, L50|100/100
|switch|p1b: Sceptile|Sceptile, L50, M|100/100
|switch|p2a: Aerodactyl|Aerodactyl, L50, M|100/100
|switch|p2b: Garchomp|Garchomp, L50, F|100/100
|-ability|p2a: Aerodactyl|Unnerve
|turn|1
|inactive|Dart00765 has 30 seconds left.
|inactive|new mental has 30 seconds left.
|
|t:|1783253002
|detailschange|p1b: Sceptile|Sceptile-Mega, L50, M
|-mega|p1b: Sceptile|Sceptile|Sceptilite
|move|p1b: Sceptile|Protect|p1b: Sceptile
|-singleturn|p1b: Sceptile|Protect
|move|p1a: Rotom|Discharge|p2b: Garchomp|[spread] p2a
|-activate|p1b: Sceptile|move: Protect
|-immune|p2b: Garchomp
|-supereffective|p2a: Aerodactyl|1
|-damage|p2a: Aerodactyl|28/100
|move|p2a: Aerodactyl|Tailwind|p2a: Aerodactyl
|-sidestart|p2: new mental|move: Tailwind
|move|p2b: Garchomp|Dragon Claw|p1b: Sceptile
|-activate|p1b: Sceptile|move: Protect
|
|upkeep
|turn|2
|inactive|new mental has 30 seconds left.
|
|t:|1783253029
|switch|p1b: Ninetales|Ninetales-Alola, L50, F|100/100
|-weather|Snowscape|[from] ability: Snow Warning|[of] p1b: Ninetales
|move|p2a: Aerodactyl|Rock Slide|p1b: Ninetales|[spread] p1a,p1b
|-supereffective|p1b: Ninetales|1
|-damage|p1a: Rotom|71/100
|-damage|p1b: Ninetales|57/100
|move|p2b: Garchomp|Dragon Claw|p1b: Ninetales
|-immune|p1b: Ninetales
|cant|p1a: Rotom|flinch
|
|-weather|Snowscape|[upkeep]
|upkeep
|turn|3
|
|t:|1783253044
|move|p1b: Ninetales|Protect|p1b: Ninetales
|-singleturn|p1b: Ninetales|Protect
|move|p2a: Aerodactyl|Rock Slide|p1a: Rotom|[spread] p1a
|-activate|p1b: Ninetales|move: Protect
|-damage|p1a: Rotom|43/100
|move|p2b: Garchomp|Dragon Claw|p1a: Rotom
|-damage|p1a: Rotom|0 fnt
|faint|p1a: Rotom
|-damage|p2b: Garchomp|90/100|[from] item: Life Orb
|
|-weather|Snowscape|[upkeep]
|upkeep
|
|t:|1783253059
|switch|p1a: Sceptile|Sceptile-Mega, L50, M|100/100
|turn|4
|
|t:|1783253064
|move|p2a: Aerodactyl|Rock Slide|p1b: Ninetales|[spread] p1a,p1b
|-supereffective|p1b: Ninetales|1
|-damage|p1a: Sceptile|65/100
|-damage|p1b: Ninetales|14/100
|move|p2b: Garchomp|Earthquake|p1a: Sceptile|[spread] p1a,p1b
|-immune|p2a: Aerodactyl
|-resisted|p1a: Sceptile|1
|-damage|p1a: Sceptile|31/100
|-damage|p1b: Ninetales|0 fnt
|faint|p1b: Ninetales
|-damage|p2b: Garchomp|80/100|[from] item: Life Orb
|move|p1a: Sceptile|Dragon Pulse|p2b: Garchomp
|-supereffective|p2b: Garchomp|1
|-damage|p2b: Garchomp|0 fnt
|faint|p2b: Garchomp
|
|-weather|Snowscape|[upkeep]
|-sideend|p2: new mental|move: Tailwind
|upkeep
|
|t:|1783253071
|switch|p1b: Gholdengo|Gholdengo, L50|100/100
|switch|p2b: Kingambit|Kingambit, L50, M|100/100
|turn|5
|
|t:|1783253085
|move|p1a: Sceptile|Vacuum Wave|p2b: Kingambit
|-supereffective|p2b: Kingambit|2
|-damage|p2b: Kingambit|34/100
|move|p2a: Aerodactyl|Tailwind|p2a: Aerodactyl
|-sidestart|p2: new mental|move: Tailwind
|move|p2b: Kingambit|Kowtow Cleave|p1b: Gholdengo
|-supereffective|p1b: Gholdengo|1
|-damage|p1b: Gholdengo|0 fnt
|faint|p1b: Gholdengo
|
|-weather|Snowscape|[upkeep]
|upkeep
|turn|6
|-message|Dart00765 forfeited.
|
|win|new mental
|l|☆Dart00765
|player|p1|
||new mental is ready for game 2.
||Dart00765 is ready for game 2.
|uhtml|next|Next: Game 2 of 3
