|j|☆gaelstromm
|j|☆Grugeater45
|html|gaelstrommGrugeater45    
|uhtml|bestof|Game 1 of a best-of-3
|t:|1757854451
|gametype|doubles
|player|p1|gaelstromm|1|1210
|player|p2|Grugeater45|gentleman|1226
|gen|9
|tier|[Gen 9] VGC 2025 Reg H (Bo3)
|rated|
|rule|Species Clause: Limit one of each Pokémon
|rule|Item Clause: Limit 1 of each item
|clearpoke
|poke|p1|Gholdengo, L50|
|poke|p1|Incineroar, L50, F|
|poke|p1|Amoonguss, L50, F|
|poke|p1|Archaludon, L50, F|
|poke|p1|Pelipper, L50, F|
|poke|p1|Basculegion, L50, M|
|poke|p2|Ursaluna-Bloodmoon, L50, M|
|poke|p2|Whimsicott, L50, F|
|poke|p2|Arcanine-Hisui, L50, M|
|poke|p2|Annihilape, L50, F|
|poke|p2|Maushold, L50|
|poke|p2|Ninetales-Alola, L50, F|
|teampreview|4
|showteam|p1|Gholdengo||LifeOrb|GoodasGold|MakeItRain,ShadowBall,NastyPlot,Protect||||||50|,,,,,Water]Incineroar||RockyHelmet|Intimidate|Taunt,KnockOff,PartingShot,FakeOut|||F|||50|,,,,,Ghost]Amoonguss||SitrusBerry|Regenerator|PollenPuff,Spore,RagePowder,Protect|||F|||50|,,,,,Water]Archaludon||AssaultVest|Stamina|DragonPulse,FlashCannon,ElectroShot,BodyPress|||F|||50|,,,,,Bug]Pelipper||FocusSash|Drizzle|WeatherBall,Hurricane,Tailwind,Protect|||F|||50|,,,,,Ground]Basculegion||ChoiceBand|SwiftSwim|WaveCrash,LastRespects,FlipTurn,AquaJet|||M|||50|,,,,,Water
|showteam|p2|Ursaluna-Bloodmoon||LifeOrb|MindsEye|BloodMoon,HyperVoice,EarthPower,Protect|||M|||50|,,,,,Normal]Whimsicott||CovertCloak|Prankster|Moonblast,Tailwind,Encore,MistyTerrain|||F|||50|,,,,,Dark]Arcanine-Hisui||ChoiceBand|Intimidate|ExtremeSpeed,RockSlide,FlareBlitz,CloseCombat|||M|||50|,,,,,Normal]Annihilape||Leftovers|Defiant|RageFist,DrainPunch,BulkUp,Protect|||F|||50|,,,,,Grass]Maushold||SafetyGoggles|FriendGuard|FollowMe,BeatUp,Taunt,Protect||||||50|,,,,,Ghost]Ninetales-Alola||FocusSash|SnowWarning|Blizzard,FreezeDry,AuroraVeil,Protect|||F|||50|,,,,,Ice
|inactive|Battle timer is ON: inactive players will automatically lose when time's up. (requested by gaelstromm)
|c|☆Grugeater45|glhf
|c|☆gaelstromm|u2
|inactive|gaelstromm has 60 seconds left.
|inactive|Grugeater45 has 60 seconds left.
|inactive|gaelstromm has 30 seconds left.
|inactive|gaelstromm has 20 seconds left.
|inactive|gaelstromm has 15 seconds left.
|
|t:|1757854529
|teamsize|p1|4
|teamsize|p2|4
|start
|switch|p1a: Pelipper|Pelipper, L50, F|100/100
|switch|p1b: Gholdengo|Gholdengo, L50|100/100
|switch|p2a: Ursaluna|Ursaluna-Bloodmoon, L50, M|100/100
|switch|p2b: Whimsicott|Whimsicott, L50, F|100/100
|-weather|RainDance|[from] ability: Drizzle|[of] p1a: Pelipper
|turn|1
|inactive|gaelstromm has 30 seconds left.
|inactive|Grugeater45 has 30 seconds left.
|inactive|Grugeater45 has 20 seconds left.
|inactive|Grugeater45 has 15 seconds left.
|inactive|Grugeater45 has 10 seconds left.
|
|t:|1757854579
|-terastallize|p1b: Gholdengo|Water
|-terastallize|p2a: Ursaluna|Normal
|move|p2b: Whimsicott|Tailwind|p2b: Whimsicott
|-sidestart|p2: Grugeater45|move: Tailwind
|move|p2a: Ursaluna|Hyper Voice|p1a: Pelipper|[spread] p1a,p1b
|-crit|p1b: Gholdengo
|-enditem|p1a: Pelipper|Focus Sash
|-damage|p1a: Pelipper|1/100
|-damage|p1b: Gholdengo|0 fnt
|faint|p1b: Gholdengo
|-damage|p2a: Ursaluna|91/100|[from] item: Life Orb
|move|p1a: Pelipper|Weather Ball|p2a: Ursaluna
|-damage|p2a: Ursaluna|4/100
|
|-weather|RainDance|[upkeep]
|upkeep
|
|t:|1757854591
|switch|p1b: Basculegion|Basculegion, L50, M|100/100
|turn|2
|
|t:|1757854606
|switch|p2b: Ninetales|Ninetales-Alola, L50, F|100/100
|-weather|Snowscape|[from] ability: Snow Warning|[of] p2b: Ninetales
|switch|p1a: Incineroar|Incineroar, L50, F|100/100
|-ability|p1a: Incineroar|Intimidate|boost
|-unboost|p2a: Ursaluna|atk|1
|-unboost|p2b: Ninetales|atk|1
|move|p1b: Basculegion|Aqua Jet|p2a: Ursaluna
|-damage|p2a: Ursaluna|0 fnt
|faint|p2a: Ursaluna
|
|-weather|Snowscape|[upkeep]
|upkeep
|
|t:|1757854630
|switch|p2a: Whimsicott|Whimsicott, L50, F|100/100
|turn|3
|
|t:|1757854649
|switch|p1b: Pelipper|Pelipper, L50, F|1/100
|-weather|RainDance|[from] ability: Drizzle|[of] p1b: Pelipper
|move|p2a: Whimsicott|Moonblast|p1b: Pelipper
|-damage|p1b: Pelipper|0 fnt
|faint|p1b: Pelipper
|move|p2b: Ninetales|Freeze-Dry|p1a: Incineroar
|-resisted|p1a: Incineroar
|-damage|p1a: Incineroar|87/100
|move|p1a: Incineroar|Knock Off|p2b: Ninetales
|-resisted|p2b: Ninetales
|-damage|p2b: Ninetales|66/100
|-enditem|p2b: Ninetales|Focus Sash|[from] move: Knock Off|[of] p1a: Incineroar
|
|-weather|RainDance|[upkeep]
|upkeep
|
|t:|1757854663
|switch|p1b: Basculegion|Basculegion, L50, M|100/100
|turn|4
|
|t:|1757854685
|switch|p2b: Arcanine|Arcanine-Hisui, L50, M|100/100
|-ability|p2b: Arcanine|Intimidate|boost
|-unboost|p1a: Incineroar|atk|1
|-unboost|p1b: Basculegion|atk|1
|move|p2a: Whimsicott|Moonblast|p1b: Basculegion
|-crit|p1b: Basculegion
|-damage|p1b: Basculegion|34/100
|move|p1b: Basculegion|Last Respects|p2b: Arcanine
|-damage|p2b: Arcanine|0 fnt
|faint|p2b: Arcanine
|move|p1a: Incineroar|Knock Off|p2a: Whimsicott
|-resisted|p2a: Whimsicott
|-damage|p2a: Whimsicott|80/100
|-enditem|p2a: Whimsicott|Covert Cloak|[from] move: Knock Off|[of] p1a: Incineroar
|
|-weather|RainDance|[upkeep]
|-sideend|p2: Grugeater45|move: Tailwind
|upkeep
|
|t:|1757854699
|switch|p2b: Ninetales|Ninetales-Alola, L50, F|66/100
|-weather|Snowscape|[from] ability: Snow Warning|[of] p2b: Ninetales
|turn|5
|
|t:|1757854717
|move|p2a: Whimsicott|Moonblast|p1a: Incineroar
|-damage|p1a: Incineroar|55/100
|-unboost|p1a: Incineroar|spa|1
|move|p2b: Ninetales|Freeze-Dry|p1b: Basculegion
|-supereffective|p1b: Basculegion
|-damage|p1b: Basculegion|0 fnt
|faint|p1b: Basculegion
|move|p1a: Incineroar|Parting Shot|p2b: Ninetales
|-unboost|p2b: Ninetales|atk|1
|-unboost|p2b: Ninetales|spa|1
|
|-weather|Snowscape|[upkeep]
|upkeep
|turn|6
|
|t:|1757854727
|move|p2a: Whimsicott|Moonblast|p1a: Incineroar
|-damage|p1a: Incineroar|20/100
|move|p2b: Ninetales|Blizzard|p1a: Incineroar
|-resisted|p1a: Incineroar
|-crit|p1a: Incineroar
|-damage|p1a: Incineroar|0 fnt
|faint|p1a: Incineroar
|
|win|Grugeater45
||gaelstromm is ready for game 2.
||Grugeater45 is ready for game 2.
|uhtml|next|Next: Game 2 of 3
