|j|☆ThomasTheLamb
|j|☆Mashuno
|html|ThomasTheLambMashuno    
|uhtml|bestof|Game 1 of a best-of-3
|t:|1784047108
|gametype|doubles
|player|p1|ThomasTheLamb|102|1180
|player|p2|Mashuno|harlequin|1140
|gen|9
|tier|[Gen 9 Champions] VGC 2026 Reg M-B (Bo3)
|rated|
|rule|Species Clause: Limit one of each Pokémon
|rule|Item Clause: Limit 1 of each item
|clearpoke
|poke|p1|Charizard, L50, F|
|poke|p1|Sylveon, L50, M|
|poke|p1|Kingambit, L50, M|
|poke|p1|Basculegion, L50, M|
|poke|p1|Garchomp, L50, M|
|poke|p1|Aerodactyl, L50, F|
|poke|p2|Pelipper, L50, M|
|poke|p2|Venusaur, L50, M|
|poke|p2|Blastoise, L50, F|
|poke|p2|Sinistcha, L50|
|poke|p2|Sableye, L50, M|
|poke|p2|Gholdengo, L50|
|teampreview|4
|showteam|p1|Charizard||CharizarditeY|Blaze|HeatWave,SolarBeam,WeatherBall,Protect|Timid||F|||50|]Sylveon||FairyFeather|Pixilate|Detect,HyperVoice,Yawn,QuickAttack|Sassy||M|||50|]Kingambit||ChopleBerry|Defiant|SuckerPunch,KowtowCleave,LowKick,IronHead|Adamant||M|||50|]Basculegion||FocusSash|Adaptability|Protect,LastRespects,AquaJet,Liquidation|Adamant||M|||50|]Garchomp||SitrusBerry|RoughSkin|RockTomb,Earthquake,DragonClaw,Protect|Jolly||M|||50|]Aerodactyl||Aerodactylite|Unnerve|Tailwind,DualWingbeat,RockSlide,WideGuard|Jolly||F|||50|
|showteam|p2|Pelipper||FocusSash|Drizzle|WeatherBall,Hurricane,Tailwind,RainDance|Modest||M|||50|]Venusaur||Venusaurite|Overgrow|Protect,GigaDrain,SludgeBomb,EarthPower|Modest||M|||50|]Blastoise||Blastoisinite|RainDish|Protect,WaterSpout,DarkPulse,AuraSphere|Modest||F|||50|]Sinistcha||SitrusBerry|Hospitality|MatchaGotcha,RagePowder,LifeDew,TrickRoom|Bold|||||50|]Sableye||LightClay|Prankster|FoulPlay,LightScreen,Reflect,RainDance|Impish||M|||50|]Gholdengo||ChoiceScarf|GoodasGold|MakeItRain,ShadowBall,PowerGem,Trick|Timid|||||50|
|c|☆Mashuno|gl hf <3
|
|t:|1784047156
|teamsize|p1|4
|teamsize|p2|4
|start
|switch|p1a: Charizard|Charizard, L50, F|100/100
|switch|p1b: Kingambit|Kingambit, L50, M|100/100
|switch|p2a: Blastoise|Blastoise, L50, F|100/100
|switch|p2b: 5 Bands Bob|Sableye, L50, M|100/100
|turn|1
|c|☆ThomasTheLamb|glhf
|
|t:|1784047191
|detailschange|p1a: Charizard|Charizard-Mega-Y, L50, F
|-mega|p1a: Charizard|Charizard|Charizardite Y
|-weather|SunnyDay|[from] ability: Drought|[of] p1a: Charizard
|move|p2a: Blastoise|Protect|p2a: Blastoise
|-singleturn|p2a: Blastoise|Protect
|move|p2b: 5 Bands Bob|Rain Dance|p2b: 5 Bands Bob
|-weather|RainDance
|move|p1a: Charizard|Solar Beam||[still]
|-prepare|p1a: Charizard|Solar Beam
|move|p1b: Kingambit|Kowtow Cleave|p2b: 5 Bands Bob
|-crit|p2b: 5 Bands Bob
|-damage|p2b: 5 Bands Bob|0 fnt
|faint|p2b: 5 Bands Bob
|
|-weather|RainDance|[upkeep]
|upkeep
|inactive|Battle timer is ON: inactive players will automatically lose when time's up. (requested by ThomasTheLamb)
|c|☆Mashuno|uh oh
|
|t:|1784047224
|switch|p2b: Dai News|Pelipper, L50, M|100/100
|turn|2
|
|t:|1784047243
|switch|p2a: Ghol.D.engo|Gholdengo, L50|100/100
|move|p1a: Charizard|Solar Beam|p2a: Ghol.D.engo|[from] lockedmove
|-resisted|p2a: Ghol.D.engo|1
|-damage|p2a: Ghol.D.engo|85/100
|move|p2b: Dai News|Tailwind|p2b: Dai News
|-sidestart|p2: Mashuno|move: Tailwind
|move|p1b: Kingambit|Kowtow Cleave|p2b: Dai News
|-damage|p2b: Dai News|44/100
|
|-weather|RainDance|[upkeep]
|upkeep
|turn|3
|inactive|ThomasTheLamb has 30 seconds left.
|inactive|ThomasTheLamb has 20 seconds left.
|inactive|ThomasTheLamb has 15 seconds left.
|inactive|ThomasTheLamb has 10 seconds left.
|
|t:|1784047291
|switch|p2a: Blastoise|Blastoise, L50, F|100/100
|switch|p1a: Garchomp|Garchomp, L50, M|100/100
|move|p2b: Dai News|Weather Ball|p1a: Garchomp
|-damage|p1a: Garchomp|36/100
|-enditem|p1a: Garchomp|Sitrus Berry|[eat]
|-heal|p1a: Garchomp|61/100|[from] item: Sitrus Berry
|move|p1b: Kingambit|Kowtow Cleave|p2a: Blastoise
|-damage|p2a: Blastoise|53/100
|
|-weather|RainDance|[upkeep]
|-heal|p2a: Blastoise|59/100|[from] ability: Rain Dish
|upkeep
|turn|4
|inactive|Mashuno has 30 seconds left.
|inactive|Mashuno has 20 seconds left.
|inactive|Mashuno has 15 seconds left.
|inactive|Mashuno has 10 seconds left.
|inactive|Mashuno has 5 seconds left.
|
|t:|1784047346
|move|p2a: Blastoise|Protect|p2a: Blastoise
|-singleturn|p2a: Blastoise|Protect
|move|p2b: Dai News|Weather Ball|p1a: Garchomp
|-damage|p1a: Garchomp|0 fnt
|faint|p1a: Garchomp
|move|p1b: Kingambit|Kowtow Cleave|p2a: Blastoise
|-activate|p2a: Blastoise|move: Protect
|
|-weather|RainDance|[upkeep]
|-heal|p2a: Blastoise|65/100|[from] ability: Rain Dish
|upkeep
|
|t:|1784047359
|switch|p1a: Charizard|Charizard-Mega-Y, L50, F|100/100
|-weather|SunnyDay|[from] ability: Drought|[of] p1a: Charizard
|turn|5
|inactive|ThomasTheLamb has 30 seconds left.
|inactive|ThomasTheLamb has 20 seconds left.
|
|t:|1784047397
|switch|p2b: Ghol.D.engo|Gholdengo, L50|85/100
|switch|p1a: Aerodactyl|Aerodactyl, L50, F|100/100
|-ability|p1a: Aerodactyl|Unnerve
|detailschange|p2a: Blastoise|Blastoise-Mega, L50, F
|-mega|p2a: Blastoise|Blastoise|Blastoisinite
|move|p2a: Blastoise|Aura Sphere|p1b: Kingambit
|-supereffective|p1b: Kingambit|2
|-enditem|p1b: Kingambit|Chople Berry|[eat]
|-enditem|p1b: Kingambit|Chople Berry|[weaken]
|-damage|p1b: Kingambit|6/100
|move|p1b: Kingambit|Kowtow Cleave|p2a: Blastoise
|-damage|p2a: Blastoise|21/100
|
|-weather|SunnyDay|[upkeep]
|-sideend|p2: Mashuno|move: Tailwind
|upkeep
|turn|6
|inactive|Mashuno has 30 seconds left.
|inactive|Mashuno has 20 seconds left.
|
|t:|1784047435
|move|p2a: Blastoise|Protect|p2a: Blastoise
|-singleturn|p2a: Blastoise|Protect
|move|p1a: Aerodactyl|Wide Guard|p1a: Aerodactyl
|-singleturn|p1a: Aerodactyl|Wide Guard
|move|p2b: Ghol.D.engo|Make It Rain|p1a: Aerodactyl|[spread] 
|-activate|p1a: Aerodactyl|move: Wide Guard
|-activate|p1b: Kingambit|move: Wide Guard
|move|p1b: Kingambit|Kowtow Cleave|p2b: Ghol.D.engo
|-supereffective|p2b: Ghol.D.engo|1
|-damage|p2b: Ghol.D.engo|0 fnt
|faint|p2b: Ghol.D.engo
|
|-weather|SunnyDay|[upkeep]
|upkeep
|c|☆Mashuno|ggs
|-message|Mashuno forfeited.
|
|win|ThomasTheLamb
||ThomasTheLamb is ready for game 2.
|inactive|Mashuno has 30 seconds to confirm battle start!
|inactive|Mashuno has 20 seconds to confirm battle start!
|inactive|Mashuno has 10 seconds to confirm battle start!
|uhtml|next|Next: Game 2 of 3
|l|☆ThomasTheLamb
|player|p1|
