|j|☆whootybooty
|j|☆Njstinks
|html|whootybootyNjstinks    
|uhtml|bestof|Game 3 of a best-of-3
|t:|1756921030
|gametype|doubles
|player|p1|whootybooty|marshal|1327
|player|p2|Njstinks|170|1368
|gen|9
|tier|[Gen 9] VGC 2025 Reg H (Bo3)
|rated|
|rule|Species Clause: Limit one of each Pokémon
|rule|Item Clause: Limit 1 of each item
|clearpoke
|poke|p1|Corviknight, L50, F|
|poke|p1|Tyranitar, L50, F|
|poke|p1|Garchomp, L50, F|
|poke|p1|Gholdengo, L50|
|poke|p1|Hydreigon, L50, M|
|poke|p1|Dragapult, L50, M|
|poke|p2|Sneasler, L50, M|
|poke|p2|Dondozo, L50, M|
|poke|p2|Tatsugiri, L50, F|
|poke|p2|Indeedee, L50, M|
|poke|p2|Excadrill, L50, M|
|poke|p2|Tyranitar, L50, M|
|teampreview|4
|showteam|p1|Corviknight||Leftovers|MirrorArmor|BraveBird,IronHead,Tailwind,Taunt|||F|||50|,,,,,Dragon]Tyranitar||AssaultVest|SandStream|KnockOff,RockSlide,TeraBlast,LowKick|||F|||50|,,,,,Flying]Garchomp||LifeOrb|RoughSkin|Earthquake,StompingTantrum,DragonClaw,Protect|||F|||50|,,,,,Steel]Gholdengo||MetalCoat|GoodasGold|NastyPlot,MakeItRain,ShadowBall,Protect||||||50|,,,,,Water]Hydreigon||SafetyGoggles|Levitate|DracoMeteor,HeatWave,NastyPlot,Protect|||M|||50|,,,,,Fire]Dragapult||FocusSash|ClearBody|DracoMeteor,ShadowBall,WillOWisp,Protect|||M|||50|,,,,,Steel
|showteam|p2|Sneasler||PsychicSeed|Unburden|DireClaw,CloseCombat,Protect,ThroatChop|||M|||50|,,,,,Dark]Dondozo||Leftovers|Unaware|WaveCrash,HeavySlam,OrderUp,Protect|||M|||50|,,,,,Grass]Tatsugiri||FocusSash|Commander|DracoMeteor,MuddyWater,IcyWind,Protect|||F|||50|,,,,,Stellar]Indeedee||ChoiceScarf|PsychicSurge|ExpandingForce,ShadowBall,Trick,Protect|||M|||50|,,,,,Psychic]Excadrill||ClearAmulet|SandRush|Earthquake,IronHead,HighHorsepower,Protect|||M|||50|,,,,,Ground]Tyranitar||AssaultVest|SandStream|RockSlide,KnockOff,LowKick,TeraBlast|||M|||50|,,,,,Flying
|inactive|Battle timer is ON: inactive players will automatically lose when time's up. (requested by whootybooty)
|
|t:|1756921082
|teamsize|p1|4
|teamsize|p2|4
|start
|switch|p1a: Corviknight|Corviknight, L50, F|100/100
|switch|p1b: Garchomp|Garchomp, L50, F|100/100
|switch|p2a: Dondozo|Dondozo, L50, M|100/100
|switch|p2b: Tatsugiri|Tatsugiri, L50, F|100/100
|-activate|p2b: Tatsugiri|ability: Commander|[of] p2a: Dondozo
|-boost|p2a: Dondozo|atk|2
|-boost|p2a: Dondozo|spa|2
|-boost|p2a: Dondozo|spe|2
|-boost|p2a: Dondozo|def|2
|-boost|p2a: Dondozo|spd|2
|turn|1
|inactive|whootybooty has 30 seconds left.
|
|t:|1756921109
|move|p1b: Garchomp|Protect|p1b: Garchomp
|-singleturn|p1b: Garchomp|Protect
|move|p2a: Dondozo|Wave Crash|p1a: Corviknight
|-crit|p1a: Corviknight
|-damage|p1a: Corviknight|0 fnt
|faint|p1a: Corviknight
|-damage|p2a: Dondozo|71/100|[from] Recoil
|
|-heal|p2a: Dondozo|77/100|[from] item: Leftovers
|upkeep
|
|t:|1756921119
|switch|p1a: Dragapult|Dragapult, L50, M|100/100
|turn|2
|
|t:|1756921133
|move|p1a: Dragapult|Will-O-Wisp|p2a: Dondozo
|-status|p2a: Dondozo|brn
|move|p2a: Dondozo|Order Up|p1a: Dragapult
|-supereffective|p1a: Dragapult
|-damage|p1a: Dragapult|29/100
|-boost|p2a: Dondozo|atk|1
|move|p1b: Garchomp|Dragon Claw|p2a: Dondozo
|-damage|p2a: Dondozo|58/100 brn
|-damage|p1b: Garchomp|91/100|[from] item: Life Orb
|
|-heal|p2a: Dondozo|65/100 brn|[from] item: Leftovers
|-damage|p2a: Dondozo|58/100 brn|[from] brn
|upkeep
|turn|3
|inactive|whootybooty has 30 seconds left.
|
|t:|1756921159
|move|p2a: Dondozo|Protect|p2a: Dondozo
|-singleturn|p2a: Dondozo|Protect
|move|p1b: Garchomp|Protect|p1b: Garchomp
|-singleturn|p1b: Garchomp|Protect
|move|p1a: Dragapult|Draco Meteor|p2a: Dondozo
|-activate|p2a: Dondozo|move: Protect
|
|-heal|p2a: Dondozo|65/100 brn|[from] item: Leftovers
|-damage|p2a: Dondozo|58/100 brn|[from] brn
|upkeep
|turn|4
|
|t:|1756921181
|move|p1a: Dragapult|Draco Meteor|p2a: Dondozo
|-damage|p2a: Dondozo|27/100 brn
|-unboost|p1a: Dragapult|spa|2
|move|p2a: Dondozo|Wave Crash|p1b: Garchomp
|-damage|p1b: Garchomp|21/100
|-damage|p2a: Dondozo|15/100 brn|[from] ability: Rough Skin|[of] p1b: Garchomp
|-damage|p2a: Dondozo|0 fnt|[from] Recoil
|faint|p2a: Dondozo
|move|p1b: Garchomp|Dragon Claw|p2b: Tatsugiri
|-supereffective|p2b: Tatsugiri
|-enditem|p2b: Tatsugiri|Focus Sash
|-damage|p2b: Tatsugiri|1/100
|-damage|p1b: Garchomp|11/100|[from] item: Life Orb
|
|upkeep
|
|t:|1756921196
|switch|p2a: Excadrill|Excadrill, L50, M|100/100
|turn|5
|
|t:|1756921209
|move|p1a: Dragapult|Protect|p1a: Dragapult
|-singleturn|p1a: Dragapult|Protect
|move|p2a: Excadrill|Protect|p2a: Excadrill
|-singleturn|p2a: Excadrill|Protect
|move|p1b: Garchomp|Earthquake|p2a: Excadrill|[spread] p2b
|-activate|p1a: Dragapult|move: Protect
|-activate|p2a: Excadrill|move: Protect
|-damage|p2b: Tatsugiri|0 fnt
|faint|p2b: Tatsugiri
|-damage|p1b: Garchomp|1/100|[from] item: Life Orb
|
|upkeep
|
|t:|1756921212
|switch|p2b: Tyranitar|Tyranitar, L50, M|100/100
|-weather|Sandstorm|[from] ability: Sand Stream|[of] p2b: Tyranitar
|turn|6
|
|t:|1756921236
|-terastallize|p2b: Tyranitar|Flying
|move|p2a: Excadrill|Earthquake|p1b: Garchomp|[spread] p1a,p1b
|-immune|p2b: Tyranitar
|-damage|p1a: Dragapult|0 fnt
|-damage|p1b: Garchomp|0 fnt
|faint|p1a: Dragapult
|faint|p1b: Garchomp
|move|p2b: Tyranitar|Low Kick|p1: Dragapult|[notarget]
|-fail|p2b: Tyranitar
|
|-weather|Sandstorm|[upkeep]
|-damage|p2b: Tyranitar|94/100|[from] Sandstorm
|upkeep
|
|t:|1756921249
|switch|p1a: Hydreigon|Hydreigon, L50, M|100/100
|turn|7
|
|t:|1756921262
|move|p1a: Hydreigon|Protect|p1a: Hydreigon
|-singleturn|p1a: Hydreigon|Protect
|move|p2a: Excadrill|Iron Head|p1a: Hydreigon
|-activate|p1a: Hydreigon|move: Protect
|move|p2b: Tyranitar|Low Kick|p1a: Hydreigon
|-activate|p1a: Hydreigon|move: Protect
|
|-weather|Sandstorm|[upkeep]
|-damage|p2b: Tyranitar|88/100|[from] Sandstorm
|upkeep
|turn|8
|
|t:|1756921279
|-terastallize|p1a: Hydreigon|Fire
|move|p2a: Excadrill|Iron Head|p1a: Hydreigon
|-resisted|p1a: Hydreigon
|-damage|p1a: Hydreigon|77/100
|move|p1a: Hydreigon|Nasty Plot|p1a: Hydreigon
|-boost|p1a: Hydreigon|spa|2
|move|p2b: Tyranitar|Rock Slide|p1a: Hydreigon
|-supereffective|p1a: Hydreigon
|-damage|p1a: Hydreigon|0 fnt
|faint|p1a: Hydreigon
|
|win|Njstinks
|raw|whootybooty's rating: 1327 → 1309(-18 for losing)
|raw|Njstinks's rating: 1368 → 1386(+18 for winning)
|l|☆whootybooty
|player|p1|
|c|☆Njstinks|Gg. Sorry a bout the hax g2
