|j|☆SirNeru
|j|☆timothim chalombre
|html|SirNerutimothim chalombre    
|uhtml|bestof|Game 2 of a best-of-3
|t:|1757852066
|gametype|doubles
|player|p1|SirNeru|265|1123
|player|p2|timothim chalombre|caitlin|1071
|gen|9
|tier|[Gen 9] VGC 2025 Reg H (Bo3)
|rated|
|rule|Species Clause: Limit one of each Pokémon
|rule|Item Clause: Limit 1 of each item
|clearpoke
|poke|p1|Tyranitar, L50, M|
|poke|p1|Excadrill, L50, F|
|poke|p1|Gholdengo, L50|
|poke|p1|Salamence, L50, F|
|poke|p1|Maushold-Four, L50|
|poke|p1|Annihilape, L50, F|
|poke|p2|Klefki, L50, M|
|poke|p2|Gliscor, L50, F|
|poke|p2|Incineroar, L50, M|
|poke|p2|Sinistcha, L50|
|poke|p2|Inteleon, L50, F|
|poke|p2|Zoroark-Hisui, L50, M|
|teampreview|4
|showteam|p1|Tyranitar||AssaultVest|SandStream|RockSlide,LowKick,KnockOff,TeraBlast|||M|||50|,,,,,Flying]Excadrill||FocusSash|SandRush|Earthquake,RockSlide,Protect,SwordsDance|||F|||50|,,,,,Stellar]Gholdengo||LifeOrb|GoodasGold|MakeItRain,Protect,NastyPlot,ShadowBall||||||50|,,,,,Dragon]Salamence||CovertCloak|Intimidate|Tailwind,HeatWave,DracoMeteor,AirSlash|||F|||50|,,,,,Fire]Maushold-Four||SafetyGoggles|FriendGuard|Taunt,FollowMe,BeatUp,Encore||||||50|,,,,,Ghost]Annihilape||Leftovers|Defiant|DrainPunch,BulkUp,RageFist,Protect|||F|||50|,,,,,Water
|showteam|p2|Klefki||LightClay|Prankster|DazzlingGleam,ThunderWave,LightScreen,MistyTerrain|||M|||50|,,,,,Water]Gliscor||ToxicOrb|PoisonHeal|DualWingbeat,HighHorsepower,SwordsDance,Protect|||F|||50|,,,,,Water]Incineroar||AssaultVest|Intimidate|FakeOut,FlareBlitz,KnockOff,PartingShot|||M|||50|,,,,,Grass]Sinistcha||SitrusBerry|Hospitality|MatchaGotcha,RagePowder,LifeDew,TrickRoom||||||50|,,,,,Grass]Inteleon||FocusSash|Sniper|SnipeShot,IceBeam,IcyWind,Protect|||F|||50|,,,,,Ghost]Zoroark-Hisui||ChoiceSpecs|Illusion|HyperVoice,ShadowBall,SludgeBomb,HyperBeam|||M|||50|,,,,,Normal
|inactive|Battle timer is ON: inactive players will automatically lose when time's up. (requested by SirNeru)
|
|t:|1757852091
|teamsize|p1|4
|teamsize|p2|4
|start
|switch|p1a: Annihilape|Annihilape, L50, F|100/100
|switch|p1b: Maushold|Maushold-Four, L50|100/100
|switch|p2a: Gliscor|Gliscor, L50, F|100/100
|switch|p2b: Inteleon|Inteleon, L50, F|100/100
|turn|1
|inactive|SirNeru has 30 seconds left.
|
|t:|1757852116
|move|p1b: Maushold|Beat Up|p1a: Annihilape
|-damage|p1a: Annihilape|98/100
|-damage|p1a: Annihilape|96/100
|-crit|p1a: Annihilape
|-damage|p1a: Annihilape|92/100
|-damage|p1a: Annihilape|90/100
|-hitcount|p1a: Annihilape|4
|move|p2b: Inteleon|Hyper Beam|p1b: Maushold|[miss]
|-miss|p2b: Inteleon|p1b: Maushold
|move|p2a: Gliscor|Swords Dance|p2a: Gliscor
|-boost|p2a: Gliscor|atk|2
|move|p1a: Annihilape|Rage Fist|p2a: Gliscor
|-damage|p2a: Gliscor|5/100
|
|-heal|p1a: Annihilape|96/100|[from] item: Leftovers
|-status|p2a: Gliscor|tox|[from] item: Toxic Orb
|upkeep
|turn|2
|
|t:|1757852135
|move|p2a: Gliscor|Protect|p2a: Gliscor
|-singleturn|p2a: Gliscor|Protect
|move|p1b: Maushold|Encore|p2b: Inteleon
|-start|p2b: Inteleon|Encore
|move|p2b: Inteleon|Hyper Beam|p1b: Maushold
|-damage|p1b: Maushold|0 fnt
|-mustrecharge|p2b: Inteleon
|faint|p1b: Maushold
|move|p1a: Annihilape|Rage Fist|p2a: Gliscor
|-activate|p2a: Gliscor|move: Protect
|
|-heal|p1a: Annihilape|100/100|[from] item: Leftovers
|-heal|p2a: Gliscor|18/100 tox|[from] ability: Poison Heal
|upkeep
|
|t:|1757852140
|switch|p1b: Gholdengo|Gholdengo, L50|100/100
|turn|3
|
|t:|1757852161
|cant|p2b: Inteleon|recharge
|move|p2a: Gliscor|Dual Wingbeat|p1a: Annihilape
|-supereffective|p1a: Annihilape
|-damage|p1a: Annihilape|34/100
|-supereffective|p1a: Annihilape
|-damage|p1a: Annihilape|0 fnt
|faint|p1a: Annihilape
|-hitcount|p1: Annihilape|2
|move|p1b: Gholdengo|Make It Rain|p2a: Gliscor|[spread] p2a,p2b
|-crit|p2b: Inteleon
|-damage|p2a: Gliscor|0 fnt
|-damage|p2b: Inteleon|0 fnt
|-unboost|p1b: Gholdengo|spa|1
|replace|p2b: Zoroark|Zoroark-Hisui, L50, M
|-end|p2b: Zoroark|Illusion
|faint|p2a: Gliscor
|faint|p2b: Zoroark
|-damage|p1b: Gholdengo|91/100|[from] item: Life Orb
|
|upkeep
|
|t:|1757852173
|switch|p2b: Incineroar|Incineroar, L50, M|100/100
|switch|p2a: Inteleon|Inteleon, L50, F|100/100
|switch|p1a: Salamence|Salamence, L50, F, shiny|100/100
|-ability|p1a: Salamence|Intimidate|boost
|-unboost|p2a: Inteleon|atk|1
|-unboost|p2b: Incineroar|atk|1
|-ability|p2b: Incineroar|Intimidate|boost
|-unboost|p1a: Salamence|atk|1
|-unboost|p1b: Gholdengo|atk|1
|turn|4
|
|t:|1757852197
|-terastallize|p1a: Salamence|Fire
|move|p2a: Inteleon|Snipe Shot|p1a: Salamence
|-supereffective|p1a: Salamence
|-damage|p1a: Salamence|0 fnt
|faint|p1a: Salamence
|move|p1b: Gholdengo|Nasty Plot|p1b: Gholdengo
|-boost|p1b: Gholdengo|spa|2
|move|p2b: Incineroar|Knock Off|p1b: Gholdengo
|-supereffective|p1b: Gholdengo
|-damage|p1b: Gholdengo|23/100
|-enditem|p1b: Gholdengo|Life Orb|[from] move: Knock Off|[of] p2b: Incineroar
|
|upkeep
|turn|5
|
|t:|1757852208
|move|p2a: Inteleon|Snipe Shot|p1b: Gholdengo
|-damage|p1b: Gholdengo|0 fnt
|faint|p1b: Gholdengo
|
|win|timothim chalombre
|l|☆SirNeru
|player|p1|
||timothim chalombre is ready for game 3.
|j|☆SirNeru
|player|p1|SirNeru|265|
||SirNeru is ready for game 3.
|uhtml|next|Next: Game 3 of 3
|l|☆SirNeru
|player|p1|
