|j|☆FrancoilCieco777
|j|☆psychic system
|html|FrancoilCieco777psychic system    
|uhtml|bestof|Game 3 of a best-of-3
|t:|1757005620
|gametype|doubles
|player|p1|FrancoilCieco777|baker|1138
|player|p2|psychic system|lucas|1120
|gen|9
|tier|[Gen 9] VGC 2025 Reg H (Bo3)
|rated|
|rule|Species Clause: Limit one of each Pokémon
|rule|Item Clause: Limit 1 of each item
|clearpoke
|poke|p1|Volcarona, L50, F|
|poke|p1|Electabuzz, L50, M|
|poke|p1|Sneasler, L50, M|
|poke|p1|Kingambit, L50, M|
|poke|p1|Dragonite, L50, M|
|poke|p1|Rillaboom, L50, M|
|poke|p2|Rillaboom, L50, F|
|poke|p2|Florges, L50, F|
|poke|p2|Amoonguss, L50, M|
|poke|p2|Kingambit, L50, F|
|poke|p2|Incineroar, L50, F|
|poke|p2|Pelipper, L50, M|
|teampreview|4
|showteam|p1|Volcarona||CovertCloak|FlameBody|HeatWave,TeraBlast,QuiverDance,Protect|||F|||50|,,,,,Fairy]Electabuzz||Eviolite|VitalSpirit|Thunderbolt,FollowMe,Taunt,Protect|||M|||50|,,,,,Ghost]Sneasler||FocusSash|Unburden|FakeOut,CloseCombat,DireClaw,Coaching|||M|||50|,,,,,Stellar]Kingambit||BlackGlasses|Defiant|KowtowCleave,SuckerPunch,SwordsDance,Protect|||M|||50|,,,,,Dark]Dragonite||LoadedDice|Multiscale|ScaleShot,ExtremeSpeed,Haze,Protect|||M|||50|,,,,,Normal]Rillaboom||AssaultVest|GrassySurge|WoodHammer,GrassyGlide,HighHorsepower,FakeOut|||M|||50|,,,,,Fire
|showteam|p2|Rillaboom||AssaultVest|GrassySurge|FakeOut,GrassyGlide,DrumBeating,Uturn|||F|||50|,,,,,Fire]Florges||Leftovers|FlowerVeil|Moonblast,DazzlingGleam,CalmMind,Protect|||F|||50|,,,,,Grass]Amoonguss||SitrusBerry|Regenerator|ClearSmog,Spore,PollenPuff,RagePowder|||M|||50|,,,,,Water]Kingambit||BlackGlasses|Defiant|Protect,KowtowCleave,SuckerPunch,SwordsDance|||F|||50|,,,,,Ghost]Incineroar||SafetyGoggles|Intimidate|FakeOut,KnockOff,FlareBlitz,PartingShot|||F|||50|,,,,,Ghost]Pelipper||ChoiceScarf|Drizzle|MuddyWater,Hurricane,IcyWind,WeatherBall|||M|||50|,,,,,Water
|inactive|Battle timer is ON: inactive players will automatically lose when time's up. (requested by FrancoilCieco777)
|
|t:|1757005650
|teamsize|p1|4
|teamsize|p2|4
|start
|switch|p1a: Volcarona|Volcarona, L50, F|100/100
|switch|p1b: Electabuzz|Electabuzz, L50, M|100/100
|switch|p2a: Florges|Florges, L50, F|100/100
|switch|p2b: Amoonguss|Amoonguss, L50, M|100/100
|turn|1
|
|t:|1757005661
|move|p1a: Volcarona|Protect|p1a: Volcarona
|-singleturn|p1a: Volcarona|Protect
|move|p1b: Electabuzz|Taunt|p2a: Florges
|-start|p2a: Florges|move: Taunt
|cant|p2a: Florges|move: Taunt|Calm Mind
|move|p2b: Amoonguss|Spore|p1a: Volcarona
|-activate|p1a: Volcarona|move: Protect
|
|upkeep
|turn|2
|
|t:|1757005680
|switch|p2a: Pelipper|Pelipper, L50, M|100/100
|-weather|RainDance|[from] ability: Drizzle|[of] p2a: Pelipper
|switch|p2b: Incineroar|Incineroar, L50, F|100/100
|-ability|p2b: Incineroar|Intimidate|boost
|-unboost|p1a: Volcarona|atk|1
|-unboost|p1b: Electabuzz|atk|1
|move|p1a: Volcarona|Quiver Dance|p1a: Volcarona
|-boost|p1a: Volcarona|spa|1
|-boost|p1a: Volcarona|spd|1
|-boost|p1a: Volcarona|spe|1
|move|p1b: Electabuzz|Taunt|p2b: Incineroar
|-start|p2b: Incineroar|move: Taunt
|
|-weather|RainDance|[upkeep]
|upkeep
|turn|3
|inactive|FrancoilCieco777 has 30 seconds left.
|
|t:|1757005712
|switch|p2a: Amoonguss|Amoonguss, L50, M|100/100
|-terastallize|p1a: Volcarona|Fairy
|move|p1a: Volcarona|Tera Blast|p2a: Amoonguss|[anim] Tera Blast Fairy
|-resisted|p2a: Amoonguss
|-damage|p2a: Amoonguss|75/100
|move|p1b: Electabuzz|Thunderbolt|p2a: Amoonguss
|-resisted|p2a: Amoonguss
|-damage|p2a: Amoonguss|61/100
|move|p2b: Incineroar|Knock Off|p1b: Electabuzz
|-damage|p1b: Electabuzz|69/100
|-enditem|p1b: Electabuzz|Eviolite|[from] move: Knock Off|[of] p2b: Incineroar
|
|-weather|RainDance|[upkeep]
|upkeep
|turn|4
|inactive|psychic system has 30 seconds left.
|inactive|psychic system has 20 seconds left.
|
|t:|1757005751
|switch|p2b: Florges|Florges, L50, F|100/100
|move|p1a: Volcarona|Quiver Dance|p1a: Volcarona
|-boost|p1a: Volcarona|spa|1
|-boost|p1a: Volcarona|spd|1
|-boost|p1a: Volcarona|spe|1
|move|p1b: Electabuzz|Taunt|p2a: Amoonguss
|-start|p2a: Amoonguss|move: Taunt
|move|p2a: Amoonguss|Clear Smog|p1a: Volcarona
|-supereffective|p1a: Volcarona
|-crit|p1a: Volcarona
|-damage|p1a: Volcarona|58/100
|-clearboost|p1a: Volcarona
|
|-weather|RainDance|[upkeep]
|upkeep
|turn|5
|
|t:|1757005771
|move|p1a: Volcarona|Tera Blast|p2b: Florges|[anim] Tera Blast Fairy
|-damage|p2b: Florges|73/100
|move|p1b: Electabuzz|Thunderbolt|p2b: Florges
|-damage|p2b: Florges|49/100
|-status|p2b: Florges|par
|move|p2b: Florges|Moonblast|p1a: Volcarona
|-damage|p1a: Volcarona|19/100
|move|p2a: Amoonguss|Clear Smog|p1a: Volcarona
|-supereffective|p1a: Volcarona
|-damage|p1a: Volcarona|0 fnt
|-clearboost|p1a: Volcarona
|faint|p1a: Volcarona
|
|-weather|RainDance|[upkeep]
|-heal|p2b: Florges|56/100 par|[from] item: Leftovers
|upkeep
|
|t:|1757005782
|switch|p1a: Sneasler|Sneasler, L50, M|100/100
|turn|6
|
|t:|1757005797
|switch|p2a: Incineroar|Incineroar, L50, F|100/100
|-ability|p2a: Incineroar|Intimidate|boost
|-unboost|p1a: Sneasler|atk|1
|-unboost|p1b: Electabuzz|atk|1
|move|p2b: Florges|Protect|p2b: Florges
|-singleturn|p2b: Florges|Protect
|move|p1a: Sneasler|Close Combat|p2a: Incineroar
|-supereffective|p2a: Incineroar
|-damage|p2a: Incineroar|31/100
|-unboost|p1a: Sneasler|def|1
|-unboost|p1a: Sneasler|spd|1
|move|p1b: Electabuzz|Thunderbolt|p2b: Florges
|-activate|p2b: Florges|move: Protect
|
|-weather|none
|-heal|p2b: Florges|62/100 par|[from] item: Leftovers
|upkeep
|turn|7
|
|t:|1757005820
|switch|p1a: Kingambit|Kingambit, L50, M, shiny|100/100
|switch|p2b: Amoonguss|Amoonguss, L50, M|94/100
|move|p2a: Incineroar|Fake Out|p1b: Electabuzz
|-damage|p1b: Electabuzz|56/100
|cant|p1b: Electabuzz|flinch
|
|upkeep
|turn|8
|
|t:|1757005841
|switch|p2b: Florges|Florges, L50, F|62/100 par
|move|p1b: Electabuzz|Taunt|p2b: Florges
|-start|p2b: Florges|move: Taunt
|move|p2a: Incineroar|Flare Blitz|p1a: Kingambit
|-supereffective|p1a: Kingambit
|-damage|p1a: Kingambit|18/100
|-damage|p2a: Incineroar|3/100|[from] Recoil
|move|p1a: Kingambit|Swords Dance|p1a: Kingambit
|-boost|p1a: Kingambit|atk|2
|
|-heal|p2b: Florges|68/100 par|[from] item: Leftovers
|upkeep
|turn|9
|inactive|psychic system has 30 seconds left.
|inactive|psychic system has 20 seconds left.
|inactive|psychic system has 15 seconds left.
|inactive|psychic system has 10 seconds left.
|inactive|psychic system has 5 seconds left.
|
|t:|1757005894
|switch|p2b: Amoonguss|Amoonguss, L50, M|100/100
|move|p1b: Electabuzz|Thunderbolt|p2a: Incineroar
|-damage|p2a: Incineroar|0 fnt
|faint|p2a: Incineroar
|move|p1a: Kingambit|Kowtow Cleave|p2b: Amoonguss
|-damage|p2b: Amoonguss|10/100
|-enditem|p2b: Amoonguss|Sitrus Berry|[eat]
|-heal|p2b: Amoonguss|35/100|[from] item: Sitrus Berry
|
|upkeep
|
|t:|1757005904
|switch|p2a: Florges|Florges, L50, F|68/100 par
|turn|10
|
|t:|1757005913
|move|p1a: Kingambit|Protect|p1a: Kingambit
|-singleturn|p1a: Kingambit|Protect
|move|p2b: Amoonguss|Rage Powder|p2b: Amoonguss
|-singleturn|p2b: Amoonguss|move: Rage Powder
|move|p1b: Electabuzz|Taunt|p2b: Amoonguss
|-start|p2b: Amoonguss|move: Taunt
|move|p2a: Florges|Dazzling Gleam|p1a: Kingambit|[spread] p1b
|-activate|p1a: Kingambit|move: Protect
|-damage|p1b: Electabuzz|26/100
|
|-heal|p2a: Florges|74/100 par|[from] item: Leftovers
|upkeep
|turn|11
|
|t:|1757005935
|move|p1b: Electabuzz|Thunderbolt|p2b: Amoonguss
|-resisted|p2b: Amoonguss
|-damage|p2b: Amoonguss|21/100
|move|p1a: Kingambit|Kowtow Cleave|p2b: Amoonguss
|-damage|p2b: Amoonguss|0 fnt
|faint|p2b: Amoonguss
|move|p2a: Florges|Dazzling Gleam|p1a: Kingambit|[spread] p1a,p1b
|-damage|p1a: Kingambit|0 fnt
|-damage|p1b: Electabuzz|0 fnt
|faint|p1a: Kingambit
|faint|p1b: Electabuzz
|
|-heal|p2a: Florges|81/100 par|[from] item: Leftovers
|upkeep
|
|t:|1757005947
|switch|p1b: Sneasler|Sneasler, L50, M|100/100
|switch|p2b: Pelipper|Pelipper, L50, M|100/100
|-weather|RainDance|[from] ability: Drizzle|[of] p2b: Pelipper
|turn|12
|
|t:|1757005957
|move|p2b: Pelipper|Hurricane|p1b: Sneasler
|-supereffective|p1b: Sneasler
|-enditem|p1b: Sneasler|Focus Sash
|-damage|p1b: Sneasler|1/100
|move|p1b: Sneasler|Dire Claw|p2b: Pelipper
|-damage|p2b: Pelipper|45/100
|-status|p2b: Pelipper|slp
|move|p2a: Florges|Moonblast|p1b: Sneasler
|-damage|p1b: Sneasler|0 fnt
|faint|p1b: Sneasler
|
|win|psychic system
|raw|FrancoilCieco777's rating: 1138 → 1112(-26 for losing)
|raw|psychic system's rating: 1120 → 1146(+26 for winning)
