|j|☆Stelvius
|j|☆KChiefs7
|html|StelviusKChiefs7    
|uhtml|bestof|Game 1 of a best-of-3
|t:|1757786853
|gametype|doubles
|player|p1|Stelvius|265|1209
|player|p2|KChiefs7|swimmer-gen4|1130
|gen|9
|tier|[Gen 9] VGC 2025 Reg H (Bo3)
|rated|
|rule|Species Clause: Limit one of each Pokémon
|rule|Item Clause: Limit 1 of each item
|clearpoke
|poke|p1|Indeedee-F, L50, F|
|poke|p1|Armarouge, L50, F|
|poke|p1|Amoonguss, L50, F|
|poke|p1|Bellibolt, L50, M|
|poke|p1|Oranguru, L50, M|
|poke|p1|Ursaluna, L50, F|
|poke|p2|Ursaluna, L50, M|
|poke|p2|Gholdengo, L50|
|poke|p2|Amoonguss, L50, F|
|poke|p2|Porygon2, L50|
|poke|p2|Incineroar, L50, M|
|poke|p2|Flamigo, L50, F|
|teampreview|4
|showteam|p1|Indeedee-F||PsychicSeed|PsychicSurge|AlluringVoice,FollowMe,HelpingHand,TrickRoom|||F|||50|,,,,,Water]Armarouge||LifeOrb|FlashFire|ExpandingForce,HeatWave,TrickRoom,Protect|||F|||50|,,,,,Grass]Amoonguss||MentalHerb|Regenerator|Spore,ClearSmog,PollenPuff,RagePowder|||F|||50|,,,,,Electric]Bellibolt||WeaknessPolicy|Electromorphosis|ParabolicCharge,Thunderbolt,TeraBlast,Protect|||M|||50|,,,,,Ice]Oranguru||SitrusBerry|Telepathy|Instruct,Taunt,Bulldoze,TrickRoom|||M|||50|,,,,,Dark]Ursaluna||FlameOrb|Guts|HeadlongRush,Facade,Earthquake,Protect|||F|||50|,,,,,Ghost
|showteam|p2|Ursaluna||FlameOrb|Guts|Facade,Earthquake,Substitute,Protect|||M|||50|,,,,,Ghost]Gholdengo||LifeOrb|GoodasGold|MakeItRain,ShadowBall,NastyPlot,Protect||||||50|,,,,,Steel]Amoonguss||SitrusBerry|Regenerator|RagePowder,Spore,PollenPuff,Protect|||F|||50|,,,,,Fairy]Porygon2||Eviolite|Download|Thunderbolt,IceBeam,Recover,TrickRoom||||||50|,,,,,Flying]Incineroar||AssaultVest|Intimidate|FlareBlitz,KnockOff,FakeOut,Uturn|||M|||50|,,,,,Grass]Flamigo||FocusSash|Scrappy|CloseCombat,BraveBird,WideGuard,Detect|||F|||50|,,,,,Stellar
|inactive|Battle timer is ON: inactive players will automatically lose when time's up. (requested by KChiefs7)
|inactive|Stelvius has 60 seconds left.
|inactive|KChiefs7 has 60 seconds left.
|
|t:|1757786904
|teamsize|p1|4
|teamsize|p2|4
|start
|switch|p1a: Oranguru|Oranguru, L50, M|100/100
|switch|p1b: Bellibolt|Bellibolt, L50, M|100/100
|switch|p2a: Gholdengo|Gholdengo, L50|100/100
|switch|p2b: Flamigo|Flamigo, L50, F|100/100
|turn|1
|inactive|Stelvius has 30 seconds left.
|inactive|KChiefs7 has 30 seconds left.
|
|t:|1757786933
|-terastallize|p2a: Gholdengo|Steel
|move|p2b: Flamigo|Close Combat|p1b: Bellibolt
|-damage|p1b: Bellibolt|47/100
|-unboost|p2b: Flamigo|def|1
|-unboost|p2b: Flamigo|spd|1
|-start|p1b: Bellibolt|Charge|Close Combat|[from] ability: Electromorphosis
|move|p2a: Gholdengo|Make It Rain|p1b: Bellibolt|[spread] p1a,p1b
|-resisted|p1b: Bellibolt
|-damage|p1a: Oranguru|37/100
|-damage|p1b: Bellibolt|7/100
|-unboost|p2a: Gholdengo|spa|1
|-start|p1b: Bellibolt|Charge|Make It Rain|[from] ability: Electromorphosis
|-enditem|p1a: Oranguru|Sitrus Berry|[eat]
|-heal|p1a: Oranguru|62/100|[from] item: Sitrus Berry
|-damage|p2a: Gholdengo|91/100|[from] item: Life Orb
|move|p1b: Bellibolt|Parabolic Charge|p2b: Flamigo|[spread] p2a,p2b
|-activate|p1a: Oranguru|ability: Telepathy
|-supereffective|p2b: Flamigo
|-damage|p2a: Gholdengo|40/100
|-heal|p1b: Bellibolt|27/100|[from] drain|[of] p2a: Gholdengo
|-enditem|p2b: Flamigo|Focus Sash
|-damage|p2b: Flamigo|1/100
|-heal|p1b: Bellibolt|64/100|[from] drain|[of] p2b: Flamigo
|-end|p1b: Bellibolt|Charge|[silent]
|move|p1a: Oranguru|Trick Room|p1a: Oranguru
|-fieldstart|move: Trick Room|[of] p1a: Oranguru
|
|upkeep
|turn|2
|inactive|Stelvius has 30 seconds left.
|inactive|KChiefs7 has 30 seconds left.
|inactive|Stelvius has 20 seconds left.
|inactive|Stelvius has 15 seconds left.
|inactive|Stelvius has 10 seconds left.
|
|t:|1757786983
|switch|p2a: Ursaluna|Ursaluna, L50, M|100/100
|move|p2b: Flamigo|Wide Guard|p2b: Flamigo
|-singleturn|p2b: Flamigo|Wide Guard
|move|p1a: Oranguru|Bulldoze|p2b: Flamigo|[spread] p1b
|-activate|p2a: Ursaluna|move: Wide Guard
|-activate|p2b: Flamigo|move: Wide Guard
|-supereffective|p1b: Bellibolt
|-damage|p1b: Bellibolt|54/100
|-unboost|p1b: Bellibolt|spe|1
|-start|p1b: Bellibolt|Charge|Bulldoze|[from] ability: Electromorphosis
|-enditem|p1b: Bellibolt|Weakness Policy
|-boost|p1b: Bellibolt|atk|2|[from] item: Weakness Policy
|-boost|p1b: Bellibolt|spa|2|[from] item: Weakness Policy
|move|p1b: Bellibolt|Thunderbolt|p2a: Ursaluna
|-immune|p2a: Ursaluna
|-end|p1b: Bellibolt|Charge|[silent]
|
|-status|p2a: Ursaluna|brn|[from] item: Flame Orb
|upkeep
|turn|3
|
|t:|1757787007
|move|p1b: Bellibolt|Protect|p1b: Bellibolt
|-singleturn|p1b: Bellibolt|Protect
|move|p2b: Flamigo|Wide Guard|p2b: Flamigo
|-singleturn|p2b: Flamigo|Wide Guard
|move|p2a: Ursaluna|Earthquake|p1b: Bellibolt|[spread] p1a
|-activate|p2b: Flamigo|move: Wide Guard
|-activate|p1b: Bellibolt|move: Protect
|-damage|p1a: Oranguru|3/100
|move|p1a: Oranguru|Taunt|p2b: Flamigo
|-start|p2b: Flamigo|move: Taunt
|
|-damage|p2a: Ursaluna|95/100 brn|[from] brn
|upkeep
|turn|4
|inactive|KChiefs7 has 30 seconds left.
|inactive|Stelvius has 30 seconds left.
|
|t:|1757787047
|-terastallize|p1b: Bellibolt|Ice
|move|p1b: Bellibolt|Tera Blast|p2a: Ursaluna|[anim] Tera Blast Ice
|-supereffective|p2a: Ursaluna
|-damage|p2a: Ursaluna|0 fnt
|faint|p2a: Ursaluna
|move|p1a: Oranguru|Instruct|p1b: Bellibolt
|-singleturn|p1b: Bellibolt|move: Instruct|[of] p1a: Oranguru
|move|p1b: Bellibolt|Tera Blast|p2b: Flamigo|[anim] Tera Blast Ice
|-supereffective|p2b: Flamigo
|-damage|p2b: Flamigo|0 fnt
|faint|p2b: Flamigo
|
|upkeep
|
|t:|1757787053
|switch|p2a: Gholdengo|Gholdengo, L50, tera:Steel|40/100
|switch|p2b: Incineroar|Incineroar, L50, M, shiny|100/100
|-ability|p2b: Incineroar|Intimidate|boost
|-unboost|p1a: Oranguru|atk|1
|-unboost|p1b: Bellibolt|atk|1
|turn|5
|inactive|Stelvius has 30 seconds left.
|inactive|Stelvius has 20 seconds left.
|
|t:|1757787088
|move|p2b: Incineroar|Fake Out|p1a: Oranguru
|-damage|p1a: Oranguru|0 fnt
|faint|p1a: Oranguru
|move|p1b: Bellibolt|Parabolic Charge|p2a: Gholdengo|[spread] p2a,p2b
|-damage|p2a: Gholdengo|0 fnt
|-heal|p1b: Bellibolt|69/100|[from] drain|[of] p2a: Gholdengo
|-damage|p2b: Incineroar|71/100
|-heal|p1b: Bellibolt|83/100|[from] drain|[of] p2b: Incineroar
|faint|p2a: Gholdengo
|
|-fieldend|move: Trick Room
|upkeep
|
|t:|1757787102
|switch|p1a: Amoonguss|Amoonguss, L50, F|100/100
|turn|6
|
|t:|1757787113
|move|p2b: Incineroar|Flare Blitz|p1a: Amoonguss
|-supereffective|p1a: Amoonguss
|-damage|p1a: Amoonguss|10/100
|-damage|p2b: Incineroar|39/100|[from] Recoil
|move|p1b: Bellibolt|Thunderbolt|p2b: Incineroar
|-damage|p2b: Incineroar|0 fnt
|faint|p2b: Incineroar
|
|win|Stelvius
||KChiefs7 is ready for game 2.
|inactive|Stelvius has 30 seconds to confirm battle start!
||Stelvius is ready for game 2.
|uhtml|next|Next: Game 2 of 3
