|j|☆sbhaga34
|j|☆L3git Pro
|html|sbhaga34L3git Pro    
|uhtml|bestof|Game 2 of a best-of-3
|t:|1784165711
|gametype|doubles
|player|p1|sbhaga34|hugh|1219
|player|p2|L3git Pro|cynthia-gen7|1181
|gen|9
|tier|[Gen 9 Champions] VGC 2026 Reg M-B (Bo3)
|rated|
|rule|Species Clause: Limit one of each Pokémon
|rule|Item Clause: Limit 1 of each item
|clearpoke
|poke|p1|Excadrill, L50, F|
|poke|p1|Tyranitar, L50, M|
|poke|p1|Corviknight, L50, M|
|poke|p1|Rotom-Wash, L50|
|poke|p1|Mimikyu, L50, M|
|poke|p1|Scovillain, L50, F|
|poke|p2|Meowstic, L50, M|
|poke|p2|Chesnaught, L50, M|
|poke|p2|Armarouge, L50, M|
|poke|p2|Pelipper, L50, M|
|poke|p2|Swampert, L50, M|
|poke|p2|Sylveon, L50, M|
|teampreview|4
|showteam|p1|Excadrill||FocusSash|SandRush|Earthquake,IronHead,SwordsDance,Protect|Adamant||F|||50|]Tyranitar||Tyranitarite|SandStream|RockSlide,KnockOff,LowKick,Protect|Adamant||M|||50|]Corviknight||SharpBeak|MirrorArmor|BraveBird,Tailwind,BulkUp,Roost|Careful||M|||50|]Rotom-Wash||ChoiceScarf|Levitate|VoltSwitch,Thunderbolt,Electroweb,HydroPump|Timid|||||50|]Mimikyu||FairyFeather|Disguise|PlayRough,ShadowSneak,TrickRoom,ShadowClaw|Adamant||M|||50|]Scovillain||Scovillainite|Chlorophyll|RagePowder,Overheat,GigaDrain,Protect|Calm||F|||50|
|showteam|p2|Meowstic||FocusSash|Prankster|FakeOut,PsychicTerrain,ExpandingForce,TrickRoom|Quiet||M|||50|]Chesnaught||Chesnaughtite|Bulletproof|SpikyShield,BodyPress,WideGuard,WoodHammer|Relaxed||M|||50|]Armarouge||LifeOrb|FlashFire|Protect,ArmorCannon,ExpandingForce,TrickRoom|Quiet||M|||50|]Pelipper||SitrusBerry|Drizzle|Hurricane,WeatherBall,WideGuard,Protect|Quiet||M|||50|]Swampert||Swampertite|Torrent|Protect,WaveCrash,Earthquake,IcePunch|Adamant||M|||50|]Sylveon||FairyFeather|Pixilate|Protect,HyperVoice,Moonblast,QuickAttack|Quiet||M|||50|
|inactive|Battle timer is ON: inactive players will automatically lose when time's up. (requested by sbhaga34)
|inactive|L3git Pro has 60 seconds left.
|
|t:|1784165756
|teamsize|p1|4
|teamsize|p2|4
|start
|switch|p1a: Rotom|Rotom-Wash, L50|100/100
|switch|p1b: Tyranitar|Tyranitar, L50, M|100/100
|switch|p2a: Swampert|Swampert, L50, M|100/100
|switch|p2b: Chesnaught|Chesnaught, L50, M|100/100
|-weather|Sandstorm|[from] ability: Sand Stream|[of] p1b: Tyranitar
|turn|1
|
|t:|1784165777
|move|p1b: Tyranitar|Protect|p1b: Tyranitar
|-singleturn|p1b: Tyranitar|Protect
|move|p2a: Swampert|Protect|p2a: Swampert
|-singleturn|p2a: Swampert|Protect
|move|p1a: Rotom|Volt Switch|p2b: Chesnaught
|-resisted|p2b: Chesnaught|1
|-damage|p2b: Chesnaught|86/100
|
|t:|1784165784
|switch|p1a: Corviknight|Corviknight, L50, M|100/100|[from] Volt Switch
|move|p2b: Chesnaught|Body Press|p1b: Tyranitar
|-activate|p1b: Tyranitar|move: Protect
|
|-weather|Sandstorm|[upkeep]
|-damage|p2b: Chesnaught|80/100|[from] Sandstorm
|upkeep
|turn|2
|
|t:|1784165807
|switch|p2b: Pelipper|Pelipper, L50, M|100/100
|-weather|RainDance|[from] ability: Drizzle|[of] p2b: Pelipper
|detailschange|p1b: Tyranitar|Tyranitar-Mega, L50, M
|-mega|p1b: Tyranitar|Tyranitar|Tyranitarite
|-weather|Sandstorm|[from] ability: Sand Stream|[of] p1b: Tyranitar
|detailschange|p2a: Swampert|Swampert-Mega, L50, M
|-mega|p2a: Swampert|Swampert|Swampertite
|move|p1b: Tyranitar|Rock Slide|p2b: Pelipper|[spread] p2a,p2b
|-resisted|p2a: Swampert|1
|-supereffective|p2b: Pelipper|1
|-damage|p2a: Swampert|85/100
|-damage|p2b: Pelipper|31/100
|-enditem|p2b: Pelipper|Sitrus Berry|[eat]
|-heal|p2b: Pelipper|56/100|[from] item: Sitrus Berry
|move|p2a: Swampert|Wave Crash|p1b: Tyranitar
|-supereffective|p1b: Tyranitar|1
|-damage|p1b: Tyranitar|7/100
|-damage|p2a: Swampert|51/100|[from] Recoil
|move|p1a: Corviknight|Brave Bird|p2a: Swampert
|-damage|p2a: Swampert|6/100
|-damage|p1a: Corviknight|86/100|[from] Recoil
|
|-weather|Sandstorm|[upkeep]
|-damage|p2b: Pelipper|50/100g|[from] Sandstorm
|upkeep
|turn|3
|inactive|sbhaga34 has 30 seconds left.
|inactive|L3git Pro has 30 seconds left.
|inactive|sbhaga34 has 20 seconds left.
|inactive|L3git Pro has 20 seconds left.
|
|t:|1784165843
|switch|p2b: Chesnaught|Chesnaught, L50, M|80/100
|move|p2a: Swampert|Protect|p2a: Swampert
|-singleturn|p2a: Swampert|Protect
|move|p1b: Tyranitar|Knock Off|p2a: Swampert
|-activate|p2a: Swampert|move: Protect
|move|p1a: Corviknight|Tailwind|p1a: Corviknight
|-sidestart|p1: sbhaga34|move: Tailwind
|
|-weather|Sandstorm|[upkeep]
|-damage|p2b: Chesnaught|73/100|[from] Sandstorm
|upkeep
|turn|4
|
|t:|1784165868
|switch|p2a: Pelipper|Pelipper, L50, M|50/100g
|-weather|RainDance|[from] ability: Drizzle|[of] p2a: Pelipper
|move|p2b: Chesnaught|Spiky Shield|p2b: Chesnaught
|-singleturn|p2b: Chesnaught|move: Protect
|move|p1b: Tyranitar|Knock Off|p2a: Pelipper
|-damage|p2a: Pelipper|6/100
|move|p1a: Corviknight|Brave Bird|p2b: Chesnaught
|-activate|p2b: Chesnaught|move: Protect
|-damage|p1a: Corviknight|73/100|[from] Spiky Shield|[of] p2b: Chesnaught
|
|-weather|RainDance|[upkeep]
|upkeep
|turn|5
|
|t:|1784165890
|switch|p2b: Armarouge|Armarouge, L50, M|100/100
|move|p2a: Pelipper|Protect|p2a: Pelipper
|-singleturn|p2a: Pelipper|Protect
|move|p1b: Tyranitar|Knock Off|p2a: Pelipper
|-activate|p2a: Pelipper|move: Protect
|move|p1a: Corviknight|Brave Bird|p2b: Armarouge
|-damage|p2b: Armarouge|56/100
|-damage|p1a: Corviknight|59/100|[from] Recoil
|
|-weather|RainDance|[upkeep]
|upkeep
|turn|6
|inactive|sbhaga34 has 30 seconds left.
|inactive|L3git Pro has 30 seconds left.
|inactive|L3git Pro has 20 seconds left.
|
|t:|1784165926
|switch|p1a: Rotom|Rotom-Wash, L50|100/100
|move|p2b: Armarouge|Protect|p2b: Armarouge
|-singleturn|p2b: Armarouge|Protect
|move|p1b: Tyranitar|Knock Off|p2b: Armarouge
|-activate|p2b: Armarouge|move: Protect
|move|p2a: Pelipper|Weather Ball|p1b: Tyranitar
|-supereffective|p1b: Tyranitar|1
|-damage|p1b: Tyranitar|0 fnt
|faint|p1b: Tyranitar
|
|-weather|RainDance|[upkeep]
|-sideend|p1: sbhaga34|move: Tailwind
|upkeep
|
|t:|1784165935
|switch|p1b: Excadrill|Excadrill, L50, F|100/100
|turn|7
|
|t:|1784165944
|switch|p2a: Chesnaught|Chesnaught, L50, M|73/100
|move|p1a: Rotom|Thunderbolt|p2a: Chesnaught
|-resisted|p2a: Chesnaught|1
|-damage|p2a: Chesnaught|54/100
|move|p1b: Excadrill|Earthquake|p2a: Chesnaught|[spread] p2a,p2b
|-immune|p1a: Rotom|[from] ability: Levitate
|-resisted|p2a: Chesnaught|1
|-supereffective|p2b: Armarouge|1
|-damage|p2a: Chesnaught|42/100
|-damage|p2b: Armarouge|0 fnt
|faint|p2b: Armarouge
|
|-weather|RainDance|[upkeep]
|upkeep
|
|t:|1784165963
|switch|p2b: Swampert|Swampert-Mega, L50, M|6/100
|turn|8
|
|t:|1784165971
|move|p1b: Excadrill|Protect|p1b: Excadrill
|-singleturn|p1b: Excadrill|Protect
|move|p2b: Swampert|Wave Crash|p1b: Excadrill
|-activate|p1b: Excadrill|move: Protect
|move|p1a: Rotom|Thunderbolt|p2a: Chesnaught
|-resisted|p2a: Chesnaught|1
|-damage|p2a: Chesnaught|24/100
|move|p2a: Chesnaught|Body Press|p1b: Excadrill
|-activate|p1b: Excadrill|move: Protect
|
|-weather|none
|upkeep
|turn|9
|
|t:|1784165985
|switch|p2a: Pelipper|Pelipper, L50, M|6/100
|-weather|RainDance|[from] ability: Drizzle|[of] p2a: Pelipper
|move|p2b: Swampert|Wave Crash|p1b: Excadrill
|-supereffective|p1b: Excadrill|1
|-enditem|p1b: Excadrill|Focus Sash
|-damage|p1b: Excadrill|1/100
|-damage|p2b: Swampert|0 fnt|[from] Recoil
|faint|p2b: Swampert
|move|p1a: Rotom|Thunderbolt|p2a: Pelipper
|-supereffective|p2a: Pelipper|2
|-damage|p2a: Pelipper|0 fnt
|faint|p2a: Pelipper
|move|p1b: Excadrill|Earthquake|p1a: Rotom
|-immune|p1a: Rotom|[from] ability: Levitate
|
|-weather|RainDance|[upkeep]
|upkeep
|
|t:|1784166002
|switch|p2a: Chesnaught|Chesnaught, L50, M|24/100
|turn|10
|
|t:|1784166008
|switch|p1b: Corviknight|Corviknight, L50, M|59/100
|move|p1a: Rotom|Thunderbolt|p2a: Chesnaught
|-resisted|p2a: Chesnaught|1
|-damage|p2a: Chesnaught|3/100
|move|p2a: Chesnaught|Wood Hammer|p1a: Rotom
|-supereffective|p1a: Rotom|1
|-damage|p1a: Rotom|8/100
|-damage|p2a: Chesnaught|0 fnt|[from] Recoil
|faint|p2a: Chesnaught
|
|win|sbhaga34
