|j|☆Phix_X
|j|☆boonanar
|html|Phix_Xboonanar    
|uhtml|bestof|Game 1 of a best-of-3
|t:|1783775548
|gametype|doubles
|player|p1|Phix_X|raihan|
|player|p2|boonanar|birdkeeper-gen4dp|
|gen|9
|tier|[Gen 9 Champions] VGC 2026 Reg M-B (Bo3)
|rule|Species Clause: Limit one of each Pokémon
|rule|Item Clause: Limit 1 of each item
|clearpoke
|poke|p1|Staraptor, L50, M|
|poke|p1|Grimmsnarl, L50, M|
|poke|p1|Kingambit, L50, M|
|poke|p1|Glimmora, L50, M|
|poke|p1|Basculegion, L50, M|
|poke|p1|Whimsicott, L50, F|
|poke|p2|Venusaur, L50, M|
|poke|p2|Grimmsnarl, L50, M|
|poke|p2|Pelipper, L50, M|
|poke|p2|Archaludon, L50, F|
|poke|p2|Swampert, L50, F|
|poke|p2|Hydreigon, L50, F|
|teampreview|4
|showteam|p1|Staraptor||Staraptite|Intimidate|BraveBird,CloseCombat,Protect,Roost|Jolly||M|||50|]Grimmsnarl||LightClay|Prankster|SpiritBreak,LightScreen,Reflect,FakeOut|Adamant||M|||50|]Kingambit||BlackGlasses|Defiant|KowtowCleave,SuckerPunch,SwordsDance,Protect|Adamant||M|||50|]Glimmora||FocusSash|ToxicDebris|SludgeBomb,PowerGem,SpikyShield,EarthPower|Timid||M|||50|]Basculegion||ChoiceScarf|Adaptability|LastRespects,AquaJet,WaveCrash,FlipTurn|Jolly||M|||50|]Whimsicott||FairyFeather|Prankster|Moonblast,Charm,Encore,Tailwind|Timid||F|||50|
|showteam|p2|Venusaur||Venusaurite|Chlorophyll|SludgeBomb,EarthPower,GigaDrain,Protect|Modest||M|||50|]Grimmsnarl||LightClay|Prankster|SpiritBreak,Reflect,LightScreen,Swagger|Careful||M|||50|]Pelipper||SitrusBerry|Drizzle|WideGuard,WeatherBall,Hurricane,Tailwind|Modest||M|||50|]Archaludon||Leftovers|Stamina|ElectroShot,DragonPulse,FlashCannon,Protect|Modest||F|||50|]Swampert||Swampertite|Torrent|WaveCrash,Earthquake,IcePunch,Protect|Adamant||F|||50|]Hydreigon||ChoiceScarf|Levitate|DarkPulse,Snarl,DracoMeteor,Uturn|Timid||F|||50|
|inactive|Battle timer is ON: inactive players will automatically lose when time's up. (requested by boonanar)
|inactive|Phix_X also wants the timer to be on.
|inactive|Phix_X has 60 seconds left.
|
|t:|1783775580
|teamsize|p1|4
|teamsize|p2|4
|start
|switch|p1a: Basculegion|Basculegion, L50, M|100/100
|switch|p1b: Whimsicott|Whimsicott, L50, F|100/100
|switch|p2a: Pelipper|Pelipper, L50, M|100/100
|switch|p2b: Hydreigon|Hydreigon, L50, F|100/100
|-weather|RainDance|[from] ability: Drizzle|[of] p2a: Pelipper
|turn|1
|
|t:|1783775605
|move|p1b: Whimsicott|Tailwind|p1b: Whimsicott
|-sidestart|p1: Phix_X|move: Tailwind
|move|p1a: Basculegion|Flip Turn|p2a: Pelipper
|-resisted|p2a: Pelipper|1
|-damage|p2a: Pelipper|72/100
|
|t:|1783775614
|switch|p1a: Glimmora|Glimmora, L50, M|100/100|[from] Flip Turn
|move|p2b: Hydreigon|U-turn|p1a: Glimmora
|-resisted|p1a: Glimmora|1
|-damage|p1a: Glimmora|91/100
|-activate|p1a: Glimmora|ability: Toxic Debris
|-sidestart|p2: boonanar|move: Toxic Spikes
|
|t:|1783775619
|switch|p2b: Swampert|Swampert, L50, F|100/100|[from] U-turn
|-status|p2b: Swampert|psn
|move|p2a: Pelipper|Tailwind|p2a: Pelipper
|-sidestart|p2: boonanar|move: Tailwind
|
|-weather|RainDance|[upkeep]
|-damage|p2b: Swampert|87/100 psn|[from] psn
|upkeep
|turn|2
|
|t:|1783775626
|detailschange|p2b: Swampert|Swampert-Mega, L50, F
|-mega|p2b: Swampert|Swampert|Swampertite
|move|p1b: Whimsicott|Charm|p2b: Swampert
|-unboost|p2b: Swampert|atk|2
|move|p2b: Swampert|Earthquake|p1a: Glimmora|[spread] p1a,p1b
|-immune|p2a: Pelipper
|-supereffective|p1a: Glimmora|2
|-resisted|p1b: Whimsicott|1
|-damage|p1a: Glimmora|0 fnt
|-damage|p1b: Whimsicott|82/100
|-activate|p1a: Glimmora|ability: Toxic Debris
|-sidestart|p2: boonanar|move: Toxic Spikes
|faint|p1a: Glimmora
|move|p2a: Pelipper|Hurricane|p1b: Whimsicott
|-supereffective|p1b: Whimsicott|1
|-damage|p1b: Whimsicott|0 fnt
|faint|p1b: Whimsicott
|
|-weather|RainDance|[upkeep]
|-damage|p2b: Swampert|75/100 psn|[from] psn
|upkeep
|
|t:|1783775638
|switch|p1b: Staraptor|Staraptor, L50, M|100/100
|switch|p1a: Basculegion|Basculegion, L50, M|100/100
|-ability|p1b: Staraptor|Intimidate|boost
|-unboost|p2a: Pelipper|atk|1
|-unboost|p2b: Swampert|atk|1
|turn|3
|inactive|boonanar has 30 seconds left.
|
|t:|1783775664
|switch|p2a: Hydreigon|Hydreigon, L50, F|100/100
|detailschange|p1b: Staraptor|Staraptor-Mega, L50, M
|-mega|p1b: Staraptor|Staraptor|Staraptite
|move|p2b: Swampert|Protect|p2b: Swampert
|-singleturn|p2b: Swampert|Protect
|move|p1a: Basculegion|Last Respects|p2a: Hydreigon
|-resisted|p2a: Hydreigon|1
|-damage|p2a: Hydreigon|43/100
|move|p1b: Staraptor|Close Combat|p2b: Swampert
|-activate|p2b: Swampert|move: Protect
|
|-weather|RainDance|[upkeep]
|-damage|p2b: Swampert|63/100 psn|[from] psn
|upkeep
|turn|4
|
|t:|1783775677
|switch|p2b: Pelipper|Pelipper, L50, M|72/100
|move|p2a: Hydreigon|Dark Pulse|p1a: Basculegion
|-supereffective|p1a: Basculegion|1
|-damage|p1a: Basculegion|14/100
|move|p1a: Basculegion|Last Respects|p2b: Pelipper
|-damage|p2b: Pelipper|0 fnt
|faint|p2b: Pelipper
|move|p1b: Staraptor|Close Combat|p2a: Hydreigon
|-supereffective|p2a: Hydreigon|1
|-damage|p2a: Hydreigon|0 fnt
|-boost|p1b: Staraptor|def|1
|-boost|p1b: Staraptor|spd|1
|faint|p2a: Hydreigon
|
|-weather|RainDance|[upkeep]
|-sideend|p1: Phix_X|move: Tailwind
|-sideend|p2: boonanar|move: Tailwind
|upkeep
|
|t:|1783775685
|switch|p2a: Swampert|Swampert-Mega, L50, F|63/100 psn
|switch|p2b: Grimmsnarl|Grimmsnarl, L50, M|100/100
|-status|p2b: Grimmsnarl|tox
|turn|5
|
|t:|1783775695
|move|p2b: Grimmsnarl|Swagger|p1b: Staraptor
|-unboost|p1b: Staraptor|atk|2
|-start|p1b: Staraptor|confusion
|move|p2a: Swampert|Wave Crash|p1a: Basculegion
|-resisted|p1a: Basculegion|1
|-crit|p1a: Basculegion
|-damage|p1a: Basculegion|0 fnt
|faint|p1a: Basculegion
|-damage|p2a: Swampert|58/100 psn|[from] Recoil
|-activate|p1b: Staraptor|confusion
|move|p1b: Staraptor|Close Combat|p2b: Grimmsnarl
|-damage|p2b: Grimmsnarl|64/100 tox
|-boost|p1b: Staraptor|def|1
|-boost|p1b: Staraptor|spd|1
|
|-weather|none
|-damage|p2a: Swampert|46/100 psn|[from] psn
|-damage|p2b: Grimmsnarl|58/100 tox|[from] psn
|upkeep
|turn|6
|
|t:|1783775710
|move|p2b: Grimmsnarl|Swagger|p1b: Staraptor
|-unboost|p1b: Staraptor|atk|2
|-activate|p1b: Staraptor|confusion
|move|p1b: Staraptor|Close Combat|p2a: Swampert
|-crit|p2a: Swampert
|-damage|p2a: Swampert|0 fnt
|-boost|p1b: Staraptor|def|1
|-boost|p1b: Staraptor|spd|1
|faint|p2a: Swampert
|
|-damage|p2b: Grimmsnarl|46/100 tox|[from] psn
|upkeep
|turn|7
|c|☆Phix_X|HELL YEAH
|
|t:|1783775721
|-end|p1b: Staraptor|confusion
|move|p1b: Staraptor|Close Combat|p2b: Grimmsnarl
|-damage|p2b: Grimmsnarl|22/100 tox
|-boost|p1b: Staraptor|def|1
|-boost|p1b: Staraptor|spd|1
|move|p2b: Grimmsnarl|Spirit Break|p1b: Staraptor
|-supereffective|p1b: Staraptor|1
|-damage|p1b: Staraptor|77/100
|-boost|p1b: Staraptor|spa|1
|
|-damage|p2b: Grimmsnarl|4/100 tox|[from] psn
|upkeep
|turn|8
|c|☆boonanar|Unfortunate lol
|c|☆Phix_X|MEGA STARAPTOR MY GOAT
|
|t:|1783775735
|move|p1b: Staraptor|Protect|p1b: Staraptor
|-singleturn|p1b: Staraptor|Protect
|move|p2b: Grimmsnarl|Spirit Break|p1b: Staraptor
|-activate|p1b: Staraptor|move: Protect
|
|-damage|p2b: Grimmsnarl|0 fnt|[from] psn
|faint|p2b: Grimmsnarl
|
|win|Phix_X
||boonanar is ready for game 2.
||Phix_X is ready for game 2.
|uhtml|next|Next: Game 2 of 3
|l|☆Phix_X
|player|p1|
|j| YamperIsTheBest
|j|☆Phix_X
|player|p1|Phix_X|raihan|
|l| YamperIsTheBest
|l|☆Phix_X
|player|p1|
