|j|☆arkjsmith
|j|☆upchicken
|html|arkjsmithupchicken    
|uhtml|bestof|Game 2 of a best-of-3
|t:|1756058679
|gametype|doubles
|player|p1|arkjsmith|roxie|1217
|player|p2|upchicken|az|1314
|gen|9
|tier|[Gen 9] VGC 2025 Reg H (Bo3)
|rated|
|rule|Species Clause: Limit one of each Pokémon
|rule|Item Clause: Limit 1 of each item
|clearpoke
|poke|p1|Archaludon, L50, F|
|poke|p1|Dragonite, L50, M|
|poke|p1|Incineroar, L50, M|
|poke|p1|Pelipper, L50, F|
|poke|p1|Sinistcha-Masterpiece, L50|
|poke|p1|Ursaluna, L50, M|
|poke|p2|Dusclops, L50, F|
|poke|p2|Metagross, L50|
|poke|p2|Avalugg-Hisui, L50, M|
|poke|p2|Tyranitar, L50, M|
|poke|p2|Hitmontop, L50, M|
|poke|p2|Annihilape, L50, F|
|teampreview|4
|showteam|p1|Archaludon||AssaultVest|Stamina|FlashCannon,ElectroShot,BodyPress,Snarl|||F|||50|,,,,,Fighting]Dragonite||LoadedDice|Multiscale|ScaleShot,Haze,Tailwind,Protect|||M|||50|,,,,,Fairy]Incineroar||SafetyGoggles|Intimidate|FlareBlitz,KnockOff,FakeOut,PartingShot|||M|||50|,,,,,Ghost]Pelipper||ChoiceScarf|Drizzle|WeatherBall,Hurricane,MuddyWater,Uturn|||F|||50|,,,,,Water]Sinistcha-Masterpiece||SitrusBerry|Hospitality|MatchaGotcha,RagePowder,TrickRoom,LifeDew||||||50|,,,,,Water]Ursaluna||FlameOrb|Guts|HeadlongRush,Facade,Earthquake,Protect|||M|||50|,,,,,Ghost
|showteam|p2|Dusclops||Eviolite|Pressure|TrickRoom,WillOWisp,PainSplit,ShadowSneak|||F|||50|,,,,,Dark]Metagross||WeaknessPolicy|ClearBody|BulletPunch,PsychicFangs,KnockOff,Protect||||||50|,,,,,Water]Avalugg-Hisui||AssaultVest|StrongJaw|MountainGale,RockSlide,HighHorsepower,IceSpinner|||M|||50|,,,,,Grass]Tyranitar||LifeOrb|SandStream|RockSlide,KnockOff,Assurance,Protect|||M|||50|,,,,,Ghost]Hitmontop||MirrorHerb|Intimidate|FakeOut,CloseCombat,Coaching,TripleAxel|||M|||50|,,,,,Ghost]Annihilape||SafetyGoggles|Defiant|BulkUp,RageFist,DrainPunch,Protect|||F|||50|,,,,,Fire
|inactive|Battle timer is ON: inactive players will automatically lose when time's up. (requested by arkjsmith)
|
|t:|1756058705
|teamsize|p1|4
|teamsize|p2|4
|start
|switch|p1a: Sinistcha|Sinistcha-Masterpiece, L50|100/100
|switch|p1b: Ursaluna|Ursaluna, L50, M|100/100
|switch|p2a: Dusclops|Dusclops, L50, F|100/100
|switch|p2b: Hitmontop|Hitmontop, L50, M|100/100
|-ability|p2b: Hitmontop|Intimidate|boost
|-unboost|p1a: Sinistcha|atk|1
|-unboost|p1b: Ursaluna|atk|1
|-ability|p2a: Dusclops|Pressure
|turn|1
|
|t:|1756058716
|-terastallize|p1b: Ursaluna|Ghost
|move|p2a: Dusclops|Shadow Sneak|p1a: Sinistcha
|-supereffective|p1a: Sinistcha
|-damage|p1a: Sinistcha|84/100
|move|p1b: Ursaluna|Headlong Rush|p2a: Dusclops
|-damage|p2a: Dusclops|75/100
|-unboost|p1b: Ursaluna|def|1
|-unboost|p1b: Ursaluna|spd|1
|move|p1a: Sinistcha|Matcha Gotcha|p2b: Hitmontop|[spread] p2a,p2b
|-damage|p2a: Dusclops|60/100
|-heal|p1a: Sinistcha|90/100|[from] drain|[of] p2a: Dusclops
|-damage|p2b: Hitmontop|76/100
|-heal|p1a: Sinistcha|100/100|[from] drain|[of] p2b: Hitmontop
|move|p2b: Hitmontop|Triple Axel|p1a: Sinistcha
|-supereffective|p1a: Sinistcha
|-damage|p1a: Sinistcha|90/100
|-hitcount|p1a: Sinistcha|1
|
|-status|p1b: Ursaluna|brn|[from] item: Flame Orb
|upkeep
|turn|2
|inactive|upchicken has 30 seconds left.
|
|t:|1756058746
|move|p1b: Ursaluna|Facade|p2b: Hitmontop
|-damage|p2b: Hitmontop|0 fnt
|faint|p2b: Hitmontop
|move|p1a: Sinistcha|Matcha Gotcha|p2a: Dusclops|[miss]
|-miss|p1a: Sinistcha|p2a: Dusclops
|move|p2a: Dusclops|Pain Split|p1b: Ursaluna
|-sethp|p1b: Ursaluna|72/100 brn|[from] move: Pain Split|[silent]
|-sethp|p2a: Dusclops|100/100|[from] move: Pain Split
|
|-damage|p1b: Ursaluna|66/100 brn|[from] brn
|upkeep
|
|t:|1756058754
|switch|p2b: Tyranitar|Tyranitar, L50, M|100/100
|-weather|Sandstorm|[from] ability: Sand Stream|[of] p2b: Tyranitar
|turn|3
|
|t:|1756058769
|-terastallize|p2b: Tyranitar|Ghost
|move|p2a: Dusclops|Shadow Sneak|p1a: Sinistcha
|-supereffective|p1a: Sinistcha
|-damage|p1a: Sinistcha|72/100
|move|p1b: Ursaluna|Headlong Rush|p2b: Tyranitar
|-damage|p2b: Tyranitar|38/100
|-unboost|p1b: Ursaluna|def|1
|-unboost|p1b: Ursaluna|spd|1
|move|p1a: Sinistcha|Matcha Gotcha|p2a: Dusclops|[spread] p2a
|-miss|p1a: Sinistcha|p2b: Tyranitar
|-damage|p2a: Dusclops|86/100
|-heal|p1a: Sinistcha|79/100|[from] drain|[of] p2a: Dusclops
|move|p2b: Tyranitar|Knock Off|p1b: Ursaluna
|-supereffective|p1b: Ursaluna
|-damage|p1b: Ursaluna|0 fnt
|-enditem|p1b: Ursaluna|Flame Orb|[from] move: Knock Off|[of] p2b: Tyranitar
|faint|p1b: Ursaluna
|-damage|p2b: Tyranitar|29/100|[from] item: Life Orb
|
|-weather|Sandstorm|[upkeep]
|-damage|p1a: Sinistcha|72/100|[from] Sandstorm
|-damage|p2b: Tyranitar|23/100|[from] Sandstorm
|-damage|p2a: Dusclops|79/100|[from] Sandstorm
|upkeep
|
|t:|1756058782
|switch|p1b: Pelipper|Pelipper, L50, F|100/100
|-weather|RainDance|[from] ability: Drizzle|[of] p1b: Pelipper
|turn|4
|
|t:|1756058792
|move|p2b: Tyranitar|Protect|p2b: Tyranitar
|-singleturn|p2b: Tyranitar|Protect
|move|p1a: Sinistcha|Rage Powder|p1a: Sinistcha
|-singleturn|p1a: Sinistcha|move: Rage Powder
|move|p1b: Pelipper|Muddy Water|p2a: Dusclops|[spread] p2a
|-activate|p2b: Tyranitar|move: Protect
|-damage|p2a: Dusclops|53/100
|-unboost|p2a: Dusclops|accuracy|1
|move|p2a: Dusclops|Trick Room|p2a: Dusclops
|-fieldstart|move: Trick Room|[of] p2a: Dusclops
|
|-weather|RainDance|[upkeep]
|upkeep
|turn|5
|
|t:|1756058810
|switch|p1b: Archaludon|Archaludon, L50, F|100/100
|move|p2a: Dusclops|Pain Split|p1b: Archaludon
|-sethp|p1b: Archaludon|70/100|[from] move: Pain Split|[silent]
|-sethp|p2a: Dusclops|94/100|[from] move: Pain Split
|move|p2b: Tyranitar|Knock Off|p1a: Sinistcha
|-supereffective|p1a: Sinistcha
|-damage|p1a: Sinistcha|0 fnt
|-enditem|p1a: Sinistcha|Sitrus Berry|[from] move: Knock Off|[of] p2b: Tyranitar
|faint|p1a: Sinistcha
|-damage|p2b: Tyranitar|13/100|[from] item: Life Orb
|
|-weather|RainDance|[upkeep]
|upkeep
|
|t:|1756058819
|switch|p1a: Pelipper|Pelipper, L50, F|100/100
|turn|6
|j| Arkhept
|
|t:|1756058829
|move|p2a: Dusclops|Shadow Sneak|p1a: Pelipper
|-damage|p1a: Pelipper|85/100
|move|p2b: Tyranitar|Knock Off|p1a: Pelipper
|-damage|p1a: Pelipper|0 fnt
|-enditem|p1a: Pelipper|Choice Scarf|[from] move: Knock Off|[of] p2b: Tyranitar
|faint|p1a: Pelipper
|-damage|p2b: Tyranitar|3/100|[from] item: Life Orb
|move|p1b: Archaludon|Electro Shot||[still]
|-prepare|p1b: Archaludon|Electro Shot
|-boost|p1b: Archaludon|spa|1
|-anim|p1b: Archaludon|Electro Shot|p2b: Tyranitar
|-damage|p2b: Tyranitar|0 fnt
|faint|p2b: Tyranitar
|
|-weather|RainDance|[upkeep]
|upkeep
|
|t:|1756058833
|switch|p2b: Avalugg|Avalugg-Hisui, L50, M|100/100
|turn|7
|
|t:|1756058843
|move|p2a: Dusclops|Will-O-Wisp|p1b: Archaludon
|-status|p1b: Archaludon|brn
|move|p2b: Avalugg|High Horsepower|p1b: Archaludon
|-supereffective|p1b: Archaludon
|-damage|p1b: Archaludon|26/100 brn
|-ability|p1b: Archaludon|Stamina|boost
|-boost|p1b: Archaludon|def|1
|move|p1b: Archaludon|Flash Cannon|p2b: Avalugg
|-supereffective|p2b: Avalugg
|-damage|p2b: Avalugg|0 fnt
|faint|p2b: Avalugg
|
|-weather|RainDance|[upkeep]
|-damage|p1b: Archaludon|20/100 brn|[from] brn
|upkeep
|turn|8
|
|t:|1756058850
|move|p2a: Dusclops|Shadow Sneak|p1b: Archaludon
|-damage|p1b: Archaludon|15/100 brn
|-ability|p1b: Archaludon|Stamina|boost
|-boost|p1b: Archaludon|def|1
|move|p1b: Archaludon|Electro Shot||[still]
|-prepare|p1b: Archaludon|Electro Shot
|-boost|p1b: Archaludon|spa|1
|-anim|p1b: Archaludon|Electro Shot|p2a: Dusclops
|-damage|p2a: Dusclops|52/100
|
|-weather|none
|-damage|p1b: Archaludon|9/100 brn|[from] brn
|-fieldend|move: Trick Room
|upkeep
|turn|9
|
|t:|1756058863
|move|p2a: Dusclops|Shadow Sneak|p1b: Archaludon
|-damage|p1b: Archaludon|6/100 brn
|-ability|p1b: Archaludon|Stamina|boost
|-boost|p1b: Archaludon|def|1
|move|p1b: Archaludon|Flash Cannon|p2a: Dusclops
|-damage|p2a: Dusclops|13/100
|
|-damage|p1b: Archaludon|0 fnt|[from] brn
|faint|p1b: Archaludon
|
|win|upchicken
|raw|arkjsmith's rating: 1217 → 1199(-18 for losing)
|raw|upchicken's rating: 1314 → 1329(+15 for winning)
