|j|☆MasterSkillsalt
|j|☆Bananabread1398
|html|MasterSkillsaltBananabread1398    
|uhtml|bestof|Game 1 of a best-of-3
|t:|1783262534
|gametype|doubles
|player|p1|MasterSkillsalt|265|
|player|p2|Bananabread1398|2|
|gen|9
|tier|[Gen 9 Champions] VGC 2026 Reg M-B (Bo3)
|rule|Species Clause: Limit one of each Pokémon
|rule|Item Clause: Limit 1 of each item
|clearpoke
|poke|p1|Meowscarada, L50, M|
|poke|p1|Archaludon, L50, F|
|poke|p1|Starmie, L50|
|poke|p1|Gholdengo, L50|
|poke|p1|Sceptile, L50, F|
|poke|p1|Zoroark, L50, F|
|poke|p2|Lopunny, L50, F|
|poke|p2|Whimsicott, L50, M|
|poke|p2|Basculegion, L50, M|
|poke|p2|Flapple, L50, F|
|poke|p2|Mudsdale, L50, M|
|poke|p2|Raichu, L50, M|
|teampreview|4
|showteam|p1|Meowscarada||BlackGlasses|Overgrow|SuckerPunch,KnockOff,FlowerTrick,Protect|Adamant||M|||50|]Archaludon||Leftovers|Stamina|FlashCannon,ElectroShot,DracoMeteor,Protect|Modest||F|||50|]Starmie||Starminite|NaturalCure|AquaJet,Protect,Liquidation,SkillSwap|Adamant|||||50|]Gholdengo||LifeOrb|GoodasGold|ShadowBall,MakeItRain,Protect,NastyPlot|Modest|||||50|]Sceptile||Sceptilite|Overgrow|LeafStorm,DragonPulse,EarthPower,Protect|Modest||F|||50|]Zoroark||FocusSash|Illusion|Encore,NightDaze,Taunt,RainDance|Timid||F|||50|
|showteam|p2|Lopunny||Lopunnite|CuteCharm|CloseCombat,FakeOut,Protect,IcePunch|Jolly||F|||50|]Whimsicott||MentalHerb|Prankster|SunnyDay,Tailwind,Protect,Moonblast|Bold||M|||50|]Basculegion||FocusSash|Adaptability|AquaJet,LastRespects,Protect,WaveCrash|Jolly||M|||50|]Flapple||ChoiceScarf|Hustle|GravApple,DragonRush,SuckerPunch,Uturn|Jolly||F|||50|]Mudsdale||LifeOrb|InnerFocus|HighHorsepower,Bulldoze,Earthquake,SunnyDay|Adamant||M|||50|]Raichu||RaichuniteY|Static|FocusBlast,Thunder,FakeOut,Protect|Hasty||M|||50|
|n|☆Bananabread1398|bananabread1398
|
|t:|1783262718
|teamsize|p1|4
|teamsize|p2|4
|start
|switch|p1a: Meowscarada|Meowscarada, L50, M|100/100
|switch|p1b: Gholdengo|Gholdengo, L50|100/100
|switch|p2a: Lopunny|Lopunny, L50, F|100/100
|switch|p2b: Whimsicott|Whimsicott, L50, M|100/100
|turn|1
|
|t:|1783262751
|detailschange|p2a: Lopunny|Lopunny-Mega, L50, F
|-mega|p2a: Lopunny|Lopunny|Lopunnite
|move|p1a: Meowscarada|Protect|p1a: Meowscarada
|-singleturn|p1a: Meowscarada|Protect
|move|p2a: Lopunny|Fake Out|p1b: Gholdengo
|-damage|p1b: Gholdengo|59/100
|replace|p1b: Zoroark|Zoroark, L50, F
|-end|p1b: Zoroark|Illusion
|move|p2b: Whimsicott|Tailwind|p2b: Whimsicott
|-sidestart|p2: Bananabread1398|move: Tailwind
|cant|p1b: Zoroark|flinch
|
|upkeep
|turn|2
|
|t:|1783262844
|move|p2a: Lopunny|Ice Punch|p1b: Zoroark
|-damage|p1b: Zoroark|6/100
|move|p2b: Whimsicott|Moonblast|p1a: Meowscarada
|-supereffective|p1a: Meowscarada|1
|-damage|p1a: Meowscarada|21/100
|move|p1a: Meowscarada|Flower Trick|p2a: Lopunny
|-crit|p2a: Lopunny
|-damage|p2a: Lopunny|0 fnt
|faint|p2a: Lopunny
|move|p1b: Zoroark|Night Daze|p2b: Whimsicott
|-resisted|p2b: Whimsicott|1
|-damage|p2b: Whimsicott|79/100
|
|upkeep
|
|t:|1783262867
|switch|p2a: Mudsdale|Mudsdale, L50, M|100/100
|turn|3
|
|t:|1783262942
|move|p2b: Whimsicott|Moonblast|p1a: Meowscarada
|-supereffective|p1a: Meowscarada|1
|-damage|p1a: Meowscarada|0 fnt
|faint|p1a: Meowscarada
|move|p1b: Zoroark|Night Daze|p2a: Mudsdale
|-damage|p2a: Mudsdale|56/100
|move|p2a: Mudsdale|Bulldoze|p1b: Zoroark|[spread] p2b,p1b
|-resisted|p2b: Whimsicott|1
|-crit|p1b: Zoroark
|-damage|p2b: Whimsicott|60/100
|-damage|p1b: Zoroark|0 fnt
|-unboost|p2b: Whimsicott|spe|1
|faint|p1b: Zoroark
|-damage|p2a: Mudsdale|46/100|[from] item: Life Orb
|
|upkeep
|
|t:|1783262955
|switch|p1a: Sceptile|Sceptile, L50, F|100/100
|switch|p1b: Gholdengo|Gholdengo, L50|100/100
|turn|4
|
|t:|1783262998
|detailschange|p1a: Sceptile|Sceptile-Mega, L50, F
|-mega|p1a: Sceptile|Sceptile|Sceptilite
|move|p2b: Whimsicott|Protect|p2b: Whimsicott
|-singleturn|p2b: Whimsicott|Protect
|move|p1a: Sceptile|Earth Power|p2a: Mudsdale
|-damage|p2a: Mudsdale|7/100
|-unboost|p2a: Mudsdale|spd|1
|move|p2a: Mudsdale|Bulldoze|p1b: Gholdengo|[spread] p1a,p1b
|-activate|p2b: Whimsicott|move: Protect
|-resisted|p1a: Sceptile|1
|-supereffective|p1b: Gholdengo|1
|-damage|p1a: Sceptile|76/100
|-damage|p1b: Gholdengo|35/100
|-unboost|p1a: Sceptile|spe|1
|-unboost|p1b: Gholdengo|spe|1
|-damage|p2a: Mudsdale|0 fnt|[from] item: Life Orb
|faint|p2a: Mudsdale
|move|p1b: Gholdengo|Nasty Plot|p1b: Gholdengo
|-boost|p1b: Gholdengo|spa|2
|
|-sideend|p2: Bananabread1398|move: Tailwind
|upkeep
|
|t:|1783263020
|switch|p2a: Raichu|Raichu, L50, M|100/100
|turn|5
|
|t:|1783263040
|move|p2a: Raichu|Fake Out|p1a: Sceptile
|-damage|p1a: Sceptile|61/100
|cant|p1a: Sceptile|flinch
|move|p2b: Whimsicott|Moonblast|p1b: Gholdengo
|-resisted|p1b: Gholdengo|1
|-damage|p1b: Gholdengo|22/100
|move|p1b: Gholdengo|Make It Rain|p2b: Whimsicott|[spread] p2a,p2b
|-resisted|p2a: Raichu|1
|-supereffective|p2b: Whimsicott|1
|-damage|p2a: Raichu|0 fnt
|-damage|p2b: Whimsicott|0 fnt
|-unboost|p1b: Gholdengo|spa|2
|faint|p2a: Raichu
|faint|p2b: Whimsicott
|-damage|p1b: Gholdengo|12/100|[from] item: Life Orb
|
|win|MasterSkillsalt
|inactive|MasterSkillsalt has 30 seconds to confirm battle start!
|inactive|Bananabread1398 has 30 seconds to confirm battle start!
||MasterSkillsalt is ready for game 2.
|inactive|Bananabread1398 has 20 seconds to confirm battle start!
|l|☆Bananabread1398
|player|p2|
|inactive|Bananabread1398 has 10 seconds to confirm battle start!
||Bananabread1398 is ready for game 2.
|uhtml|next|Next: Game 2 of 3
