|j|☆lexerthanatauros
|j|☆vilan333
|html|lexerthanataurosvilan333    
|uhtml|bestof|Game 2 of a best-of-3
|t:|1783463708
|gametype|doubles
|player|p1|lexerthanatauros|lucas|1089
|player|p2|vilan333|marshal|1144
|gen|9
|tier|[Gen 9 Champions] VGC 2026 Reg M-B (Bo3)
|rated|
|rule|Species Clause: Limit one of each Pokémon
|rule|Item Clause: Limit 1 of each item
|clearpoke
|poke|p1|Chandelure, L50, M|
|poke|p1|Whimsicott, L50, F|
|poke|p1|Milotic, L50, F|
|poke|p1|Kingambit, L50, F|
|poke|p1|Garchomp, L50, F|
|poke|p1|Kangaskhan, L50, F|
|poke|p2|Charizard, L50, F|
|poke|p2|Mawile, L50, F|
|poke|p2|Basculegion, L50, M|
|poke|p2|Garchomp, L50, F|
|poke|p2|Whimsicott, L50, M|
|poke|p2|Farigiraf, L50, F|
|teampreview|4
|showteam|p1|Chandelure||Chandelurite|Infiltrator|HeatWave,ShadowBall,TrickRoom,Protect|Timid||M|||50|]Whimsicott||FocusSash|Prankster|Moonblast,Tailwind,Encore,HelpingHand|Serious||F|||50|]Milotic||Leftovers|Competitive|MuddyWater,Coil,Hypnosis,Protect|Calm||F|||50|]Kingambit||BlackGlasses|Defiant|IronHead,SuckerPunch,SwordsDance,Protect|Brave||F|||50|]Garchomp||LifeOrb|RoughSkin|StompingTantrum,DragonClaw,RockSlide,Protect|Jolly||F|||50|]Kangaskhan||SilkScarf|Scrappy|FakeOut,LastResort|Adamant||F|||50|
|showteam|p2|Charizard||CharizarditeY|Blaze|WeatherBall,HeatWave,SolarBeam,Protect|Timid||F|||50|]Mawile||Mawilite|HyperCutter|PlayRough,SuckerPunch,RockSlide,Protect|Adamant||F|||50|]Basculegion||MysticWater|Adaptability|WaveCrash,LastRespects,AquaJet,Protect|Adamant||M|||50|]Garchomp||LifeOrb|RoughSkin|Earthquake,DragonClaw,RockSlide,Protect|Jolly||F|||50|]Whimsicott||FocusSash|Prankster|Moonblast,Encore,Tailwind,Protect|Timid||M|||50|]Farigiraf||SitrusBerry|ArmorTail|TwinBeam,Thunderbolt,TrickRoom,HelpingHand|Bold||F|||50|
|inactive|Battle timer is ON: inactive players will automatically lose when time's up. (requested by lexerthanatauros)
|
|t:|1783463731
|teamsize|p1|4
|teamsize|p2|4
|start
|switch|p1a: Chandelure|Chandelure, L50, M|100/100
|switch|p1b: Milotic|Milotic, L50, F|100/100
|switch|p2a: Garchomp|Garchomp, L50, F|100/100
|switch|p2b: Whimsicott|Whimsicott, L50, M|100/100
|turn|1
|inactive|vilan333 has 30 seconds left.
|
|t:|1783463761
|detailschange|p1a: Chandelure|Chandelure-Mega, L50, M
|-mega|p1a: Chandelure|Chandelure|Chandelurite
|move|p2b: Whimsicott|Moonblast|p1b: Milotic
|-damage|p1b: Milotic|77/100
|move|p2a: Garchomp|Earthquake|p1b: Milotic|[spread] p2b,p1a,p1b
|-resisted|p2b: Whimsicott|1
|-supereffective|p1a: Chandelure|1
|-damage|p2b: Whimsicott|65/100
|-damage|p1a: Chandelure|6/100
|-damage|p1b: Milotic|34/100
|-damage|p2a: Garchomp|90/100|[from] item: Life Orb
|move|p1b: Milotic|Coil|p1b: Milotic
|-boost|p1b: Milotic|atk|1
|-boost|p1b: Milotic|def|1
|-boost|p1b: Milotic|accuracy|1
|move|p1a: Chandelure|Trick Room|p1a: Chandelure
|-fieldstart|move: Trick Room|[of] p1a: Chandelure
|
|-heal|p1b: Milotic|40/100|[from] item: Leftovers
|upkeep
|turn|2
|inactive|vilan333 has 30 seconds left.
|
|t:|1783463791
|switch|p1a: Kangaskhan|Kangaskhan, L50, F|100/100
|move|p2b: Whimsicott|Encore||[still]
|-fail|p2b: Whimsicott
|move|p1b: Milotic|Hypnosis|p2a: Garchomp|[miss]
|-miss|p1b: Milotic|p2a: Garchomp
|move|p2a: Garchomp|Dragon Claw|p1b: Milotic
|-damage|p1b: Milotic|8/100
|-damage|p2a: Garchomp|80/100|[from] item: Life Orb
|
|-heal|p1b: Milotic|14/100|[from] item: Leftovers
|upkeep
|turn|3
|
|t:|1783463808
|move|p2b: Whimsicott|Protect|p2b: Whimsicott
|-singleturn|p2b: Whimsicott|Protect
|move|p2a: Garchomp|Protect|p2a: Garchomp
|-singleturn|p2a: Garchomp|Protect
|move|p1a: Kangaskhan|Fake Out|p2a: Garchomp
|-activate|p2a: Garchomp|move: Protect
|move|p1b: Milotic|Hypnosis|p2b: Whimsicott
|-activate|p2b: Whimsicott|move: Protect
|
|-heal|p1b: Milotic|20/100y|[from] item: Leftovers
|upkeep
|turn|4
|
|t:|1783463823
|move|p2b: Whimsicott|Encore|p1a: Kangaskhan
|-start|p1a: Kangaskhan|Encore
|move|p1a: Kangaskhan|Fake Out||[still]
|-hint|Fake Out only works on your first turn out.
|-fail|p1a: Kangaskhan
|move|p1b: Milotic|Hypnosis|p2a: Garchomp
|-status|p2a: Garchomp|slp|[from] move: Hypnosis
|cant|p2a: Garchomp|slp
|
|-heal|p1b: Milotic|26/100|[from] item: Leftovers
|upkeep
|turn|5
|
|t:|1783463844
|switch|p1a: Kingambit|Kingambit, L50, F|100/100
|move|p2b: Whimsicott|Protect|p2b: Whimsicott
|-singleturn|p2b: Whimsicott|Protect
|move|p1b: Milotic|Hypnosis|p2b: Whimsicott
|-activate|p2b: Whimsicott|move: Protect
|cant|p2a: Garchomp|slp
|
|-heal|p1b: Milotic|32/100|[from] item: Leftovers
|-fieldend|move: Trick Room
|upkeep
|turn|6
|
|t:|1783463859
|move|p2b: Whimsicott|Moonblast|p1a: Kingambit
|-damage|p1a: Kingambit|66/100
|-curestatus|p2a: Garchomp|slp|[msg]
|move|p2a: Garchomp|Earthquake|p1b: Milotic|[spread] p2b,p1a,p1b
|-resisted|p2b: Whimsicott|1
|-supereffective|p1a: Kingambit|1
|-damage|p2b: Whimsicott|31/100
|-damage|p1a: Kingambit|0 fnt
|-damage|p1b: Milotic|4/100
|faint|p1a: Kingambit
|-damage|p2a: Garchomp|71/100|[from] item: Life Orb
|move|p1b: Milotic|Hypnosis|p2b: Whimsicott
|-status|p2b: Whimsicott|slp|[from] move: Hypnosis
|
|-heal|p1b: Milotic|10/100|[from] item: Leftovers
|upkeep
|
|t:|1783463862
|switch|p1a: Kangaskhan|Kangaskhan, L50, F|100/100
|turn|7
|
|t:|1783463883
|switch|p2b: Basculegion|Basculegion, L50, M|100/100
|move|p1a: Kangaskhan|Fake Out|p2a: Garchomp
|-damage|p2a: Garchomp|50/100g
|-damage|p1a: Kangaskhan|87/100|[from] ability: Rough Skin|[of] p2a: Garchomp
|cant|p2a: Garchomp|flinch
|move|p1b: Milotic|Coil|p1b: Milotic
|-boost|p1b: Milotic|atk|1
|-boost|p1b: Milotic|def|1
|-boost|p1b: Milotic|accuracy|1
|
|-heal|p1b: Milotic|16/100|[from] item: Leftovers
|upkeep
|turn|8
|
|t:|1783463899
|move|p1b: Milotic|Protect|p1b: Milotic
|-singleturn|p1b: Milotic|Protect
|move|p2a: Garchomp|Dragon Claw|p1b: Milotic
|-activate|p1b: Milotic|move: Protect
|move|p1a: Kangaskhan|Last Resort|p2b: Basculegion
|-damage|p2b: Basculegion|6/100
|move|p2b: Basculegion|Wave Crash|p1a: Kangaskhan
|-damage|p1a: Kangaskhan|0 fnt
|faint|p1a: Kangaskhan
|-damage|p2b: Basculegion|0 fnt|[from] Recoil
|faint|p2b: Basculegion
|
|-heal|p1b: Milotic|22/100|[from] item: Leftovers
|upkeep
|
|t:|1783463916
|switch|p1a: Chandelure|Chandelure-Mega, L50, M|6/100
|switch|p2b: Charizard|Charizard, L50, F|100/100
|turn|9
|
|t:|1783463927
|detailschange|p2b: Charizard|Charizard-Mega-Y, L50, F
|-mega|p2b: Charizard|Charizard|Charizardite Y
|-weather|SunnyDay|[from] ability: Drought|[of] p2b: Charizard
|move|p1b: Milotic|Protect||[still]
|-fail|p1b: Milotic
|move|p2a: Garchomp|Earthquake|p1a: Chandelure|[spread] p1a,p1b
|-immune|p2b: Charizard
|-supereffective|p1a: Chandelure|1
|-damage|p1a: Chandelure|0 fnt
|-damage|p1b: Milotic|0 fnt
|faint|p1a: Chandelure
|faint|p1b: Milotic
|-damage|p2a: Garchomp|40/100|[from] item: Life Orb
|
|win|vilan333
|l|☆lexerthanatauros
|player|p1|
||lexerthanatauros is ready for game 3.
|inactive|vilan333 has 30 seconds to confirm battle start!
|inactive|vilan333 has 20 seconds to confirm battle start!
