|j|☆egopegolegotego
|j|☆FatherPenguin
|html|egopegolegotegoFatherPenguin    
|uhtml|bestof|Game 3 of a best-of-3
|t:|1786109129
|gametype|doubles
|player|p1|egopegolegotego|hooligans|1248
|player|p2|FatherPenguin|acetrainersnow|1159
|gen|9
|tier|[Gen 9 Champions] VGC 2026 Reg M-B (Bo3)
|rated|
|rule|Species Clause: Limit one of each Pokémon
|rule|Item Clause: Limit 1 of each item
|clearpoke
|poke|p1|Aerodactyl, L50, M|
|poke|p1|Garchomp, L50, M|
|poke|p1|Kingambit, L50, F|
|poke|p1|Charizard, L50, F|
|poke|p1|Sylveon, L50, M|
|poke|p1|Farigiraf, L50, M|
|poke|p2|Froslass, L50, F|
|poke|p2|Scovillain, L50, F|
|poke|p2|Lycanroc-Dusk, L50, F|
|poke|p2|Sneasler, L50, M|
|poke|p2|Basculegion, L50, M|
|poke|p2|Kingambit, L50, F|
|teampreview|4
|showteam|p1|Aerodactyl||Aerodactylite|Unnerve|IceFang,RockSlide,Tailwind,DualWingbeat|Jolly||M|||50|]Garchomp||LifeOrb|RoughSkin|DragonClaw,RockSlide,Earthquake,Protect|Jolly||M|||50|]Kingambit||FocusSash|Defiant|SuckerPunch,KowtowCleave,IronHead,LowKick|Adamant||F|||50|]Charizard||CharizarditeY|SolarPower|SolarBeam,WeatherBall,HeatWave,Protect|Modest||F|||50|]Sylveon||FairyFeather|Pixilate|QuickAttack,HyperVoice,HyperBeam,Detect|Modest||M|||50|]Farigiraf||SitrusBerry|ArmorTail|TrickRoom,Thunderbolt,SunnyDay,TwinBeam|Bold||M|||50|
|showteam|p2|Froslass||Froslassite|CursedBody|Blizzard,ShadowBall,AuroraVeil,Protect|Timid||F|||50|]Scovillain||Scovillainite|Moody|Overheat,GigaDrain,RagePowder,Protect|Bold||F|||50|]Lycanroc-Dusk||FocusSash|ToughClaws|RockSlide,CloseCombat,Accelerock,Protect|Adamant||F|||50|]Sneasler||WhiteHerb|Unburden|DireClaw,CloseCombat,FakeOut,Protect|Jolly||M|||50|]Basculegion||SitrusBerry|Adaptability|WaveCrash,LastRespects,AquaJet,Protect|Adamant||M|||50|]Kingambit||BlackGlasses|Defiant|KowtowCleave,SuckerPunch,SwordsDance,Protect|Adamant||F|||50|
|inactive|Battle timer is ON: inactive players will automatically lose when time's up. (requested by FatherPenguin)
|inactive|FatherPenguin has 60 seconds left.
|inactive|FatherPenguin has 30 seconds left.
|inactive|FatherPenguin has 20 seconds left.
|
|t:|1786109210
|teamsize|p1|4
|teamsize|p2|4
|start
|switch|p1a: Sylveon|Sylveon, L50, M|100/100
|switch|p1b: Farigiraf|Farigiraf, L50, M|100/100
|switch|p2a: Scovillain|Scovillain, L50, F|100/100
|switch|p2b: Basculegion|Basculegion, L50, M|100/100
|turn|1
|inactive|egopegolegotego has 30 seconds left.
|inactive|FatherPenguin has 30 seconds left.
|inactive|egopegolegotego has 20 seconds left.
|inactive|egopegolegotego has 15 seconds left.
|inactive|egopegolegotego has 10 seconds left.
|
|t:|1786109255
|detailschange|p2a: Scovillain|Scovillain-Mega, L50, F
|-mega|p2a: Scovillain|Scovillain|Scovillainite
|move|p2a: Scovillain|Overheat|p1b: Farigiraf
|-damage|p1b: Farigiraf|40/100
|-unboost|p2a: Scovillain|spa|2
|-enditem|p1b: Farigiraf|Sitrus Berry|[eat]
|-heal|p1b: Farigiraf|65/100|[from] item: Sitrus Berry
|move|p2b: Basculegion|Wave Crash|p1b: Farigiraf
|-damage|p1b: Farigiraf|3/100
|-damage|p2b: Basculegion|79/100|[from] Recoil
|move|p1a: Sylveon|Hyper Voice|p2a: Scovillain|[spread] p2a,p2b
|-resisted|p2a: Scovillain|1
|-damage|p2a: Scovillain|71/100
|-damage|p2b: Basculegion|33/100
|-status|p1a: Sylveon|brn|[from] ability: Spicy Spray|[of] p2a: Scovillain
|-enditem|p2b: Basculegion|Sitrus Berry|[eat]
|-heal|p2b: Basculegion|58/100|[from] item: Sitrus Berry
|move|p1b: Farigiraf|Trick Room|p1b: Farigiraf
|-fieldstart|move: Trick Room|[of] p1b: Farigiraf
|
|-damage|p1a: Sylveon|93/100 brn|[from] brn
|upkeep
|turn|2
|inactive|egopegolegotego has 30 seconds left.
|inactive|FatherPenguin has 30 seconds left.
|inactive|egopegolegotego has 20 seconds left.
|inactive|FatherPenguin has 20 seconds left.
|
|t:|1786109294
|move|p2a: Scovillain|Rage Powder|p2a: Scovillain
|-singleturn|p2a: Scovillain|move: Rage Powder
|move|p1b: Farigiraf|Thunderbolt|p2a: Scovillain
|-resisted|p2a: Scovillain|1
|-damage|p2a: Scovillain|59/100
|-status|p2a: Scovillain|par
|-status|p1b: Farigiraf|brn|[from] ability: Spicy Spray|[of] p2a: Scovillain
|move|p1a: Sylveon|Hyper Voice|p2a: Scovillain|[spread] p2a,p2b
|-resisted|p2a: Scovillain|1
|-damage|p2a: Scovillain|30/100 par
|-damage|p2b: Basculegion|14/100
|move|p2b: Basculegion|Wave Crash|p1a: Sylveon
|-damage|p1a: Sylveon|0 fnt
|faint|p1a: Sylveon
|-damage|p2b: Basculegion|0 fnt|[from] Recoil
|faint|p2b: Basculegion
|
|-damage|p1b: Farigiraf|0 fnt|[from] brn
|faint|p1b: Farigiraf
|upkeep
|
|t:|1786109313
|switch|p1b: Garchomp|Garchomp, L50, M|100/100
|switch|p1a: Charizard|Charizard, L50, F|100/100
|switch|p2b: Kingambit|Kingambit, L50, F|100/100
|turn|3
|inactive|FatherPenguin has 30 seconds left.
|inactive|FatherPenguin has 20 seconds left.
|inactive|FatherPenguin has 15 seconds left.
|
|t:|1786109355
|detailschange|p1a: Charizard|Charizard-Mega-Y, L50, F
|-mega|p1a: Charizard|Charizard|Charizardite Y
|-weather|SunnyDay|[from] ability: Drought|[of] p1a: Charizard
|move|p2a: Scovillain|Protect|p2a: Scovillain
|-singleturn|p2a: Scovillain|Protect
|move|p2b: Kingambit|Protect|p2b: Kingambit
|-singleturn|p2b: Kingambit|Protect
|move|p1a: Charizard|Heat Wave|p2b: Kingambit|[spread] 
|-activate|p2a: Scovillain|move: Protect
|-activate|p2b: Kingambit|move: Protect
|move|p1b: Garchomp|Earthquake|p2b: Kingambit|[spread] 
|-activate|p2a: Scovillain|move: Protect
|-activate|p2b: Kingambit|move: Protect
|-immune|p1a: Charizard
|
|-weather|SunnyDay|[upkeep]
|upkeep
|turn|4
|inactive|FatherPenguin has 30 seconds left.
|inactive|FatherPenguin has 20 seconds left.
|
|t:|1786109395
|move|p2a: Scovillain|Overheat|p1a: Charizard
|-resisted|p1a: Charizard|1
|-damage|p1a: Charizard|79/100
|-unboost|p2a: Scovillain|spa|2
|move|p2b: Kingambit|Kowtow Cleave|p1a: Charizard
|-damage|p1a: Charizard|17/100
|move|p1a: Charizard|Heat Wave|p2b: Kingambit|[spread] p2a,p2b
|-supereffective|p2b: Kingambit|1
|-damage|p2a: Scovillain|0 fnt
|-damage|p2b: Kingambit|0 fnt
|-immune|p1a: Charizard
|faint|p2a: Scovillain
|faint|p2b: Kingambit
|move|p1b: Garchomp|Earthquake|p1a: Charizard
|-immune|p1a: Charizard
|
|-weather|SunnyDay|[upkeep]
|upkeep
|
|t:|1786109411
|switch|p2a: Sneasler|Sneasler, L50, M|100/100
|turn|5
|c|☆egopegolegotego|gg
|c|☆FatherPenguin|gg
|
|t:|1786109433
|move|p2a: Sneasler|Fake Out|p1b: Garchomp
|-damage|p1b: Garchomp|89/100
|-damage|p2a: Sneasler|88/100|[from] ability: Rough Skin|[of] p1b: Garchomp
|move|p1a: Charizard|Weather Ball|p2a: Sneasler
|-damage|p2a: Sneasler|0 fnt
|faint|p2a: Sneasler
|
|win|egopegolegotego
|raw|egopegolegotego's rating: 1248 → 1267(+19 for winning)
|raw|FatherPenguin's rating: 1159 → 1140(-19 for losing)
