|j|☆chefbenboyrd
|j|☆BakonJR
|html|chefbenboyrdBakonJR    
|uhtml|bestof|Game 2 of a best-of-3
|t:|1756851688
|gametype|doubles
|player|p1|chefbenboyrd|brawly|1071
|player|p2|BakonJR|170|1062
|gen|9
|tier|[Gen 9] VGC 2025 Reg H (Bo3)
|rated|
|rule|Species Clause: Limit one of each Pokémon
|rule|Item Clause: Limit 1 of each item
|clearpoke
|poke|p1|Whimsicott, L50, F|
|poke|p1|Hydreigon, L50, M|
|poke|p1|Grimmsnarl, L50, M|
|poke|p1|Incineroar, L50, M|
|poke|p1|Gholdengo, L50|
|poke|p1|Annihilape, L50, F|
|poke|p2|Porygon2, L50|
|poke|p2|Ursaluna, L50, F|
|poke|p2|Primarina, L50, M|
|poke|p2|Rillaboom, L50, F|
|poke|p2|Pelipper, L50, M|
|poke|p2|Archaludon, L50, M|
|teampreview|4
|showteam|p1|Whimsicott||FocusSash|Prankster|SunnyDay,Encore,Tailwind,Moonblast|||F|||50|,,,,,Ghost]Hydreigon||ChoiceSpecs|Levitate|HeatWave,DracoMeteor,Snarl,DarkPulse|||M|||50|,,,,,Fire]Grimmsnarl||LightClay|Prankster|SpiritBreak,Reflect,LightScreen,ThunderWave|||M|||50|,,,,,Steel]Incineroar||SafetyGoggles|Intimidate|KnockOff,FakeOut,PartingShot,FlareBlitz|||M|||50|,,,,,Ghost]Gholdengo||LifeOrb|GoodasGold|Protect,MakeItRain,ShadowBall,NastyPlot||||||50|,,,,,Water]Annihilape||SitrusBerry|Defiant|Protect,Taunt,RageFist,DrainPunch|||F|||50|,,,,,Fairy
|showteam|p2|Porygon2||Eviolite|Download|TrickRoom,IceBeam,TeraBlast,Recover||||||50|,,,,,Flying]Ursaluna||FlameOrb|Guts|Crunch,Facade,Protect,HeadlongRush|||F|||50|,,,,,Ghost]Primarina||ThroatSpray|LiquidVoice|HyperVoice,Moonblast,Protect,CalmMind|||M|||50|,,,,,Steel]Rillaboom||LifeOrb|GrassySurge|GrassyGlide,FakeOut,StompingTantrum,KnockOff|||F|||50|,,,,,Fire]Pelipper||SharpBeak|Drizzle|Hurricane,HydroPump,Tailwind,Protect|||M|||50|,,,,,Ghost]Archaludon||AssaultVest|Stamina|FlashCannon,BodyPress,DracoMeteor,ElectroShot|||M|||50|,,,,,Dragon
|inactive|Battle timer is ON: inactive players will automatically lose when time's up. (requested by chefbenboyrd)
|
|t:|1756851710
|teamsize|p1|4
|teamsize|p2|4
|start
|switch|p1a: Whimsicott|Whimsicott, L50, F|100/100
|switch|p1b: Hydreigon|Hydreigon, L50, M|100/100
|switch|p2a: Porygon2|Porygon2, L50|100/100
|switch|p2b: Primarina|Primarina, L50, M|100/100
|-ability|p2a: Porygon2|Download|boost
|-boost|p2a: Porygon2|spa|1
|turn|1
|inactive|chefbenboyrd has 30 seconds left.
|inactive|chefbenboyrd has 20 seconds left.
|
|t:|1756851746
|move|p1a: Whimsicott|Sunny Day|p1a: Whimsicott
|-weather|SunnyDay
|move|p1b: Hydreigon|Snarl|p2a: Porygon2|[spread] p2a,p2b
|-resisted|p2b: Primarina
|-damage|p2a: Porygon2|80/100
|-damage|p2b: Primarina|85/100
|-unboost|p2a: Porygon2|spa|1
|-unboost|p2b: Primarina|spa|1
|move|p2b: Primarina|Calm Mind|p2b: Primarina
|-boost|p2b: Primarina|spa|1
|-boost|p2b: Primarina|spd|1
|move|p2a: Porygon2|Trick Room|p2a: Porygon2
|-fieldstart|move: Trick Room|[of] p2a: Porygon2
|
|-weather|SunnyDay|[upkeep]
|upkeep
|turn|2
|
|t:|1756851763
|move|p1a: Whimsicott|Encore|p2a: Porygon2
|-start|p2a: Porygon2|Encore
|move|p2a: Porygon2|Trick Room|p2a: Porygon2
|-fieldend|move: Trick Room
|move|p1b: Hydreigon|Snarl|p2a: Porygon2|[spread] p2a,p2b
|-resisted|p2b: Primarina
|-damage|p2a: Porygon2|59/100
|-damage|p2b: Primarina|75/100
|-unboost|p2a: Porygon2|spa|1
|-unboost|p2b: Primarina|spa|1
|move|p2b: Primarina|Moonblast|p1b: Hydreigon
|-supereffective|p1b: Hydreigon
|-damage|p1b: Hydreigon|0 fnt
|faint|p1b: Hydreigon
|
|-weather|SunnyDay|[upkeep]
|upkeep
|
|t:|1756851774
|switch|p1b: Gholdengo|Gholdengo, L50|100/100
|turn|3
|inactive|BakonJR has 30 seconds left.
|
|t:|1756851802
|-terastallize|p1b: Gholdengo|Water
|move|p2b: Primarina|Protect|p2b: Primarina
|-singleturn|p2b: Primarina|Protect
|move|p1a: Whimsicott|Moonblast|p2a: Porygon2
|-damage|p2a: Porygon2|37/100
|-unboost|p2a: Porygon2|spa|1
|move|p1b: Gholdengo|Nasty Plot|p1b: Gholdengo
|-boost|p1b: Gholdengo|spa|2
|move|p2a: Porygon2|Trick Room|p2a: Porygon2
|-fieldstart|move: Trick Room|[of] p2a: Porygon2
|
|-weather|SunnyDay|[upkeep]
|upkeep
|turn|4
|
|t:|1756851819
|switch|p2a: Pelipper|Pelipper, L50, M|100/100
|-weather|RainDance|[from] ability: Drizzle|[of] p2a: Pelipper
|-terastallize|p2b: Primarina|Steel
|move|p2b: Primarina|Hyper Voice|p1a: Whimsicott|[spread] p1a,p1b
|-resisted|p1a: Whimsicott
|-resisted|p1b: Gholdengo
|-damage|p1a: Whimsicott|68/100
|-damage|p1b: Gholdengo|79/100
|-enditem|p2b: Primarina|Throat Spray
|-boost|p2b: Primarina|spa|1|[from] item: Throat Spray
|move|p1b: Gholdengo|Make It Rain|p2b: Primarina|[spread] p2a,p2b
|-resisted|p2a: Pelipper
|-crit|p2a: Pelipper
|-resisted|p2b: Primarina
|-damage|p2a: Pelipper|0 fnt
|-damage|p2b: Primarina|41/100
|-unboost|p1b: Gholdengo|spa|1
|faint|p2a: Pelipper
|-damage|p1b: Gholdengo|70/100|[from] item: Life Orb
|move|p1a: Whimsicott|Moonblast|p2b: Primarina
|-resisted|p2b: Primarina
|-damage|p2b: Primarina|29/100
|
|-weather|RainDance|[upkeep]
|upkeep
|
|t:|1756851832
|switch|p2a: Porygon2|Porygon2, L50|37/100
|-ability|p2a: Porygon2|Download|boost
|-boost|p2a: Porygon2|spa|1
|turn|5
|
|t:|1756851857
|move|p1a: Whimsicott|Sunny Day|p1a: Whimsicott
|-weather|SunnyDay
|move|p2a: Porygon2|Ice Beam|p1a: Whimsicott
|-supereffective|p1a: Whimsicott
|-damage|p1a: Whimsicott|0 fnt
|faint|p1a: Whimsicott
|move|p2b: Primarina|Moonblast|p1b: Gholdengo
|-damage|p1b: Gholdengo|8/100
|move|p1b: Gholdengo|Make It Rain|p2a: Porygon2|[spread] p2a,p2b
|-crit|p2a: Porygon2
|-resisted|p2b: Primarina
|-damage|p2a: Porygon2|0 fnt
|-damage|p2b: Primarina|1/100
|-unboost|p1b: Gholdengo|spa|1
|faint|p2a: Porygon2
|-damage|p1b: Gholdengo|0 fnt|[from] item: Life Orb
|faint|p1b: Gholdengo
|
|-weather|SunnyDay|[upkeep]
|upkeep
|
|t:|1756851873
|switch|p2a: Archaludon|Archaludon, L50, M|100/100
|switch|p1b: Incineroar|Incineroar, L50, M|100/100
|-ability|p1b: Incineroar|Intimidate|boost
|-unboost|p2a: Archaludon|atk|1
|-unboost|p2b: Primarina|atk|1
|turn|6
|
|t:|1756851881
|move|p1b: Incineroar|Fake Out|p2b: Primarina
|-resisted|p2b: Primarina
|-damage|p2b: Primarina|0 fnt
|faint|p2b: Primarina
|move|p2a: Archaludon|Body Press|p1b: Incineroar
|-supereffective|p1b: Incineroar
|-damage|p1b: Incineroar|43/100
|
|-weather|SunnyDay|[upkeep]
|upkeep
|turn|7
|
|t:|1756851888
|move|p1b: Incineroar|Knock Off|p2a: Archaludon
|-damage|p2a: Archaludon|71/100
|-ability|p2a: Archaludon|Stamina|boost
|-boost|p2a: Archaludon|def|1
|-enditem|p2a: Archaludon|Assault Vest|[from] move: Knock Off|[of] p1b: Incineroar
|move|p2a: Archaludon|Body Press|p1b: Incineroar
|-supereffective|p1b: Incineroar
|-damage|p1b: Incineroar|0 fnt
|faint|p1b: Incineroar
|
|win|BakonJR
|raw|chefbenboyrd's rating: 1071 → 1050(-21 for losing)
|raw|BakonJR's rating: 1062 → 1093(+31 for winning)
