|j|☆0n0_SERPER_0n0
|j|☆Rojo53
|html|0n0_SERPER_0n0Rojo53    
|uhtml|bestof|Game 1 of a best-of-3
|t:|1782767629
|gametype|doubles
|player|p1|0n0_SERPER_0n0|169|
|player|p2|Rojo53|266|
|gen|9
|tier|[Gen 9 Champions] VGC 2026 Reg M-B (Bo3)
|rule|Species Clause: Limit one of each Pokémon
|rule|Item Clause: Limit 1 of each item
|clearpoke
|poke|p1|Whimsicott, L50, M, shiny|
|poke|p1|Metagross, L50|
|poke|p1|Garchomp, L50, M, shiny|
|poke|p1|Kingambit, L50, F|
|poke|p1|Sylveon, L50, M, shiny|
|poke|p1|Charizard, L50, F|
|poke|p2|Meganium, L50, M|
|poke|p2|Kingambit, L50, M|
|poke|p2|Sneasler, L50, F|
|poke|p2|Hydreigon, L50, F|
|poke|p2|Delphox, L50, F|
|poke|p2|Farigiraf, L50, F|
|teampreview|4
|showteam|p1|Whimsicott||MentalHerb|Prankster|Moonblast,Tailwind,Encore,Protect|Timid||M|||50|]Metagross||Metagrossite|ClearBody|IronHead,PsychicFangs,BodyPress,Protect|Jolly|||||50|]Garchomp||LifeOrb|RoughSkin|DragonClaw,StompingTantrum,RockSlide,Protect|Jolly||M|||50|]Kingambit||FocusSash|Defiant|SuckerPunch,KowtowCleave,IronHead,LowKick|Adamant||F|||50|]Sylveon||FairyFeather|Pixilate|QuickAttack,HyperBeam,HyperVoice,Detect|Modest||M|||50|]Charizard||CharizarditeY|Blaze|HeatWave,WeatherBall,Protect,SolarBeam|Modest||F|||50|
|showteam|p2|Meganium||Meganiumite|Overgrow|WeatherBall,DazzlingGleam,SolarBeam,Protect|Modest||M|||50|]Kingambit||BlackGlasses|Defiant|KowtowCleave,SuckerPunch,IronHead,Protect|Adamant||M|||50|]Sneasler||FocusSash|Unburden|CloseCombat,DireClaw,FakeOut,Protect|Adamant||F|||50|]Hydreigon||DragonFang|Levitate|DracoMeteor,Snarl,Tailwind,Protect|Timid||F|||50|]Delphox||Delphoxite|Blaze|HeatWave,Psychic,DazzlingGleam,Protect|Timid||F|||50|]Farigiraf||SitrusBerry|ArmorTail|TwinBeam,HyperVoice,Protect,TrickRoom|Relaxed||F|||50|
|c|☆Rojo53|gl hf
|inactive|Battle timer is ON: inactive players will automatically lose when time's up. (requested by Rojo53)
|j| LaBandaDelCampeon
|
|t:|1782767658
|teamsize|p1|4
|teamsize|p2|4
|start
|switch|p1a: Charizard|Charizard, L50, F|100/100
|switch|p1b: Chompy|Garchomp, L50, M, shiny|100/100
|switch|p2a: Sneasler|Sneasler, L50, F|100/100
|switch|p2b: Delphox|Delphox, L50, F|100/100
|turn|1
|c|☆0n0_SERPER_0n0|buena suerte
|c|☆Rojo53|igualmente compañeruqui
|j| Shiritu
|inactive|Rojo53 has 30 seconds left.
|
|t:|1782767687
|detailschange|p2b: Delphox|Delphox-Mega, L50, F
|-mega|p2b: Delphox|Delphox|Delphoxite
|detailschange|p1a: Charizard|Charizard-Mega-Y, L50, F
|-mega|p1a: Charizard|Charizard|Charizardite Y
|-weather|SunnyDay|[from] ability: Drought|[of] p1a: Charizard
|move|p1b: Chompy|Protect|p1b: Chompy
|-singleturn|p1b: Chompy|Protect
|move|p2b: Delphox|Psychic|p1b: Chompy
|-activate|p1b: Chompy|move: Protect
|move|p2a: Sneasler|Close Combat|p1b: Chompy
|-activate|p1b: Chompy|move: Protect
|move|p1a: Charizard|Heat Wave|p2b: Delphox|[spread] p2b
|-miss|p1a: Charizard|p2a: Sneasler
|-resisted|p2b: Delphox|1
|-damage|p2b: Delphox|71/100
|
|-weather|SunnyDay|[upkeep]
|upkeep
|turn|2
|
|t:|1782767707
|switch|p1b: Kingambit|Kingambit, L50, F|100/100
|move|p2b: Delphox|Psychic|p1b: Kingambit
|-immune|p1b: Kingambit
|move|p2a: Sneasler|Close Combat|p1b: Kingambit
|-supereffective|p1b: Kingambit|2
|-enditem|p1b: Kingambit|Focus Sash
|-damage|p1b: Kingambit|1/100
|-unboost|p2a: Sneasler|def|1
|-unboost|p2a: Sneasler|spd|1
|move|p1a: Charizard|Heat Wave|p2b: Delphox|[spread] p2a,p2b
|-resisted|p2b: Delphox|1
|-enditem|p2a: Sneasler|Focus Sash
|-damage|p2a: Sneasler|1/100
|-damage|p2b: Delphox|42/100
|
|-weather|SunnyDay|[upkeep]
|upkeep
|turn|3
|inactive|0n0_SERPER_0n0 has 30 seconds left.
|
|t:|1782767734
|switch|p2a: Farigiraf|Farigiraf, L50, F|100/100
|move|p1b: Kingambit|Sucker Punch||[still]
|cant|p2a: Farigiraf|ability: Armor Tail|Sucker Punch|[of] p1b: Kingambit
|move|p2b: Delphox|Heat Wave|p1b: Kingambit|[spread] p1a,p1b
|-resisted|p1a: Charizard|1
|-supereffective|p1b: Kingambit|1
|-damage|p1a: Charizard|70/100
|-damage|p1b: Kingambit|0 fnt
|faint|p1b: Kingambit
|move|p1a: Charizard|Weather Ball|p2a: Farigiraf
|-damage|p2a: Farigiraf|6/100
|-enditem|p2a: Farigiraf|Sitrus Berry|[eat]
|-heal|p2a: Farigiraf|31/100|[from] item: Sitrus Berry
|
|-weather|SunnyDay|[upkeep]
|upkeep
|
|t:|1782767749
|switch|p1b: Dawei Si|Sylveon, L50, M, shiny|100/100
|turn|4
|
|t:|1782767758
|move|p2a: Farigiraf|Protect|p2a: Farigiraf
|-singleturn|p2a: Farigiraf|Protect
|move|p2b: Delphox|Psychic|p1a: Charizard
|-crit|p1a: Charizard
|-damage|p1a: Charizard|0 fnt
|faint|p1a: Charizard
|move|p1b: Dawei Si|Hyper Voice|p2b: Delphox|[spread] p2b
|-activate|p2a: Farigiraf|move: Protect
|-resisted|p2b: Delphox|1
|-damage|p2b: Delphox|20/100y
|
|-weather|SunnyDay|[upkeep]
|upkeep
|
|t:|1782767767
|switch|p1a: Chompy|Garchomp, L50, M, shiny|100/100
|turn|5
|
|t:|1782767771
|switch|p2a: Kingambit|Kingambit, L50, M|100/100
|move|p2b: Delphox|Dazzling Gleam|p1a: Chompy|[spread] p1a,p1b
|-supereffective|p1a: Chompy|1
|-damage|p1a: Chompy|48/100
|-damage|p1b: Dawei Si|81/100
|move|p1a: Chompy|Rock Slide|p2a: Kingambit|[spread] p2a,p2b
|-resisted|p2a: Kingambit|1
|-supereffective|p2b: Delphox|1
|-damage|p2a: Kingambit|90/100
|-damage|p2b: Delphox|0 fnt
|faint|p2b: Delphox
|-damage|p1a: Chompy|38/100|[from] item: Life Orb
|move|p1b: Dawei Si|Hyper Voice|p2a: Kingambit
|-damage|p2a: Kingambit|32/100
|
|-weather|none
|upkeep
|
|t:|1782767781
|switch|p2b: Sneasler|Sneasler, L50, F|1/100
|turn|6
|
|t:|1782767806
|move|p1a: Chompy|Protect|p1a: Chompy
|-singleturn|p1a: Chompy|Protect
|move|p2b: Sneasler|Fake Out|p1b: Dawei Si
|-damage|p1b: Dawei Si|66/100
|cant|p1b: Dawei Si|flinch
|move|p2a: Kingambit|Sucker Punch||[still]
|-fail|p2a: Kingambit
|
|upkeep
|turn|7
|
|t:|1782767816
|switch|p2a: Farigiraf|Farigiraf, L50, F|31/100
|move|p1a: Chompy|Protect||[still]
|-fail|p1a: Chompy
|move|p1b: Dawei Si|Quick Attack||[still]
|cant|p2a: Farigiraf|ability: Armor Tail|Quick Attack|[of] p1b: Dawei Si
|move|p2b: Sneasler|Dire Claw|p1b: Dawei Si
|-supereffective|p1b: Dawei Si|1
|-damage|p1b: Dawei Si|0 fnt
|faint|p1b: Dawei Si
|
|upkeep
|turn|8
|
|t:|1782767826
|move|p2b: Sneasler|Close Combat|p1a: Chompy
|-damage|p1a: Chompy|0 fnt
|-unboost|p2b: Sneasler|def|1
|-unboost|p2b: Sneasler|spd|1
|-damage|p2b: Sneasler|0 fnt|[from] ability: Rough Skin|[of] p1a: Chompy
|faint|p1a: Chompy
|faint|p2b: Sneasler
|
|win|Rojo53
||0n0_SERPER_0n0 is ready for game 2.
||Rojo53 is ready for game 2.
|uhtml|next|Next: Game 2 of 3
|j| qqisback
|j| Tenzai
|l| LaBandaDelCampeon
|l| qqisback
|l| Shiritu
