|j|☆matrod
|j|☆fsucia
|html|matrodfsucia    
|uhtml|bestof|Game 2 of a best-of-3
|t:|1756227871
|gametype|doubles
|player|p1|matrod|steven|1312
|player|p2|fsucia|266|1362
|gen|9
|tier|[Gen 9] VGC 2025 Reg H (Bo3)
|rated|
|rule|Species Clause: Limit one of each Pokémon
|rule|Item Clause: Limit 1 of each item
|clearpoke
|poke|p1|Incineroar, L50, M|
|poke|p1|Amoonguss, L50, M|
|poke|p1|Pelipper, L50, F|
|poke|p1|Archaludon, L50, F|
|poke|p1|Gholdengo, L50|
|poke|p1|Palafin, L50, F|
|poke|p2|Primarina, L50, M|
|poke|p2|Sneasler, L50, F|
|poke|p2|Incineroar, L50, M|
|poke|p2|Dragonite, L50, M|
|poke|p2|Amoonguss, L50, M|
|poke|p2|Gholdengo, L50|
|teampreview|4
|showteam|p1|Incineroar||SafetyGoggles|Intimidate|KnockOff,FakeOut,FlareBlitz,Uturn|||M|||50|,,,,,Water]Amoonguss||SitrusBerry|Regenerator|Spore,Protect,RagePowder,PollenPuff|||M|||50|,,,,,Psychic]Pelipper||FocusSash|Drizzle|MuddyWater,Hurricane,Tailwind,Protect|||F|||50|,,,,,Ground]Archaludon||AssaultVest|Stamina|ElectroShot,DracoMeteor,FlashCannon,BodyPress|||F|||50|,,,,,Bug]Gholdengo||LifeOrb|GoodasGold|MakeItRain,ShadowBall,NastyPlot,Protect||||||50|,,,,,Water]Palafin||MysticWater|ZerotoHero|WaveCrash,JetPunch,Haze,Protect|||F|||50|,,,,,Water
|showteam|p2|Primarina||ThroatSpray|LiquidVoice|HyperVoice,Haze,Moonblast,Protect|||M|||50|,,,,,Electric]Sneasler||FocusSash|Unburden|Protect,CloseCombat,DireClaw,Coaching|||F|||50|,,,,,Ghost]Incineroar||SafetyGoggles|Intimidate|FakeOut,KnockOff,FlareBlitz,PartingShot|||M|||50|,,,,,Water]Dragonite||LoadedDice|Multiscale|Protect,Tailwind,ExtremeSpeed,ScaleShot|||M|||50|,,,,,Steel]Amoonguss||SitrusBerry|Regenerator|RagePowder,Spore,PollenPuff,Protect|||M|||50|,,,,,Water]Gholdengo||LifeOrb|GoodasGold|Protect,NastyPlot,ShadowBall,MakeItRain||||||50|,,,,,Water
|inactive|Battle timer is ON: inactive players will automatically lose when time's up. (requested by matrod)
|
|t:|1756227898
|teamsize|p1|4
|teamsize|p2|4
|start
|switch|p1a: Gholdengo|Gholdengo, L50|100/100
|switch|p1b: Palafin|Palafin, L50, F|100/100
|switch|p2a: Gholdengo|Gholdengo, L50|100/100
|switch|p2b: Incineroar|Incineroar, L50, M, shiny|100/100
|-ability|p2b: Incineroar|Intimidate|boost
|-unboost|p1a: Gholdengo|atk|1
|-unboost|p1b: Palafin|atk|1
|turn|1
|
|t:|1756227911
|switch|p1a: Pelipper|Pelipper, L50, F|100/100
|-weather|RainDance|[from] ability: Drizzle|[of] p1a: Pelipper
|move|p2b: Incineroar|Fake Out|p1a: Pelipper
|-damage|p1a: Pelipper|84/100
|move|p1b: Palafin|Wave Crash|p2b: Incineroar
|-supereffective|p2b: Incineroar
|-damage|p2b: Incineroar|25/100
|-damage|p1b: Palafin|72/100|[from] Recoil
|move|p2a: Gholdengo|Nasty Plot|p2a: Gholdengo
|-boost|p2a: Gholdengo|spa|2
|
|-weather|RainDance|[upkeep]
|upkeep
|turn|2
|
|t:|1756227928
|switch|p2b: Sneasler|Sneasler, L50, F|100/100
|move|p1b: Palafin|Haze|p1b: Palafin
|-clearallboost
|move|p2a: Gholdengo|Shadow Ball|p1a: Pelipper
|-damage|p1a: Pelipper|0 fnt
|faint|p1a: Pelipper
|-damage|p2a: Gholdengo|90/100|[from] item: Life Orb
|
|-weather|RainDance|[upkeep]
|upkeep
|
|t:|1756227946
|switch|p1a: Amoonguss|Amoonguss, L50, M, shiny|100/100
|turn|3
|
|t:|1756227953
|switch|p2b: Incineroar|Incineroar, L50, M, shiny|25/100
|-ability|p2b: Incineroar|Intimidate|boost
|-unboost|p1a: Amoonguss|atk|1
|-unboost|p1b: Palafin|atk|1
|-terastallize|p1b: Palafin|Water
|-terastallize|p2a: Gholdengo|Water
|move|p1b: Palafin|Wave Crash|p2a: Gholdengo
|-resisted|p2a: Gholdengo
|-damage|p2a: Gholdengo|54/100
|-damage|p1b: Palafin|60/100|[from] Recoil
|move|p2a: Gholdengo|Nasty Plot|p2a: Gholdengo
|-boost|p2a: Gholdengo|spa|2
|move|p1a: Amoonguss|Pollen Puff|p1b: Palafin
|-heal|p1b: Palafin|100/100
|
|-weather|RainDance|[upkeep]
|upkeep
|turn|4
|inactive|matrod has 30 seconds left.
|inactive|fsucia has 30 seconds left.
|
|t:|1756227987
|move|p1b: Palafin|Protect|p1b: Palafin
|-singleturn|p1b: Palafin|Protect
|move|p1a: Amoonguss|Protect|p1a: Amoonguss
|-singleturn|p1a: Amoonguss|Protect
|move|p2b: Incineroar|Fake Out|p1b: Palafin
|-activate|p1b: Palafin|move: Protect
|move|p2a: Gholdengo|Make It Rain|p1a: Amoonguss|[spread] 
|-activate|p1a: Amoonguss|move: Protect
|-activate|p1b: Palafin|move: Protect
|
|-weather|RainDance|[upkeep]
|upkeep
|turn|5
|
|t:|1756228010
|move|p1b: Palafin|Haze|p1b: Palafin
|-clearallboost
|move|p2a: Gholdengo|Make It Rain|p1a: Amoonguss|[spread] p1a,p1b
|-resisted|p1b: Palafin
|-damage|p1a: Amoonguss|61/100
|-damage|p1b: Palafin|62/100
|-unboost|p2a: Gholdengo|spa|1
|-damage|p2a: Gholdengo|44/100|[from] item: Life Orb
|move|p2b: Incineroar|Parting Shot|p1b: Palafin
|-unboost|p1b: Palafin|atk|1
|-unboost|p1b: Palafin|spa|1
|
|t:|1756228026
|switch|p2b: Sneasler|Sneasler, L50, F|100/100|[from] Parting Shot
|move|p1a: Amoonguss|Spore|p2b: Sneasler
|-status|p2b: Sneasler|slp|[from] move: Spore
|
|-weather|none
|upkeep
|turn|6
|
|t:|1756228039
|detailschange|p1b: Palafin|Palafin-Hero, L50, F, tera:Water
|switch|p1b: Gholdengo|Gholdengo, L50|100/100
|switch|p2a: Incineroar|Incineroar, L50, M, shiny|25/100
|-ability|p2a: Incineroar|Intimidate|boost
|-unboost|p1a: Amoonguss|atk|1
|-unboost|p1b: Gholdengo|atk|1
|cant|p2b: Sneasler|slp
|move|p1a: Amoonguss|Pollen Puff|p1b: Gholdengo
|
|upkeep
|turn|7
|
|t:|1756228062
|switch|p2a: Dragonite|Dragonite, L50, M|100/100
|switch|p1a: Palafin|Palafin-Hero, L50, F, tera:Water|62/100
|-activate|p1a: Palafin|ability: Zero to Hero
|cant|p2b: Sneasler|slp
|move|p1b: Gholdengo|Make It Rain|p2b: Sneasler|[spread] p2a,p2b
|-damage|p2a: Dragonite|69/100
|-damage|p2b: Sneasler|22/100 slp
|-unboost|p1b: Gholdengo|spa|1
|-damage|p1b: Gholdengo|91/100|[from] item: Life Orb
|
|upkeep
|turn|8
|inactive|matrod has 30 seconds left.
|
|t:|1756228090
|-curestatus|p2b: Sneasler|slp|[msg]
|move|p2b: Sneasler|Protect|p2b: Sneasler
|-singleturn|p2b: Sneasler|Protect
|move|p1a: Palafin|Wave Crash|p2a: Dragonite
|-resisted|p2a: Dragonite
|-damage|p2a: Dragonite|1/100
|-damage|p1a: Palafin|41/100|[from] Recoil
|move|p2a: Dragonite|Tailwind|p2a: Dragonite
|-sidestart|p2: fsucia|move: Tailwind
|move|p1b: Gholdengo|Make It Rain|p2b: Sneasler|[spread] p2a
|-activate|p2b: Sneasler|move: Protect
|-damage|p2a: Dragonite|0 fnt
|-unboost|p1b: Gholdengo|spa|1
|faint|p2a: Dragonite
|-damage|p1b: Gholdengo|81/100|[from] item: Life Orb
|
|upkeep
|
|t:|1756228101
|switch|p2a: Incineroar|Incineroar, L50, M, shiny|25/100
|-ability|p2a: Incineroar|Intimidate|boost
|-unboost|p1a: Palafin|atk|1
|-unboost|p1b: Gholdengo|atk|1
|turn|9
|inactive|matrod has 30 seconds left.
|
|t:|1756228138
|switch|p2a: Gholdengo|Gholdengo, L50, tera:Water|44/100
|move|p1a: Palafin|Protect|p1a: Palafin
|-singleturn|p1a: Palafin|Protect
|move|p1b: Gholdengo|Protect|p1b: Gholdengo
|-singleturn|p1b: Gholdengo|Protect
|move|p2b: Sneasler|Dire Claw|p1a: Palafin
|-activate|p1a: Palafin|move: Protect
|
|upkeep
|turn|10
|
|t:|1756228151
|move|p2b: Sneasler|Protect|p2b: Sneasler
|-singleturn|p2b: Sneasler|Protect
|move|p1a: Palafin|Jet Punch|p2b: Sneasler
|-activate|p2b: Sneasler|move: Protect
|move|p2a: Gholdengo|Shadow Ball|p1a: Palafin
|-damage|p1a: Palafin|0 fnt
|faint|p1a: Palafin
|-damage|p2a: Gholdengo|34/100|[from] item: Life Orb
|move|p1b: Gholdengo|Shadow Ball|p2a: Gholdengo
|-damage|p2a: Gholdengo|3/100
|-unboost|p2a: Gholdengo|spd|1
|-damage|p1b: Gholdengo|71/100|[from] item: Life Orb
|
|upkeep
|
|t:|1756228155
|switch|p1a: Amoonguss|Amoonguss, L50, M, shiny|95/100
|turn|11
|
|t:|1756228170
|switch|p2a: Incineroar|Incineroar, L50, M, shiny|25/100
|-ability|p2a: Incineroar|Intimidate|boost
|-unboost|p1a: Amoonguss|atk|1
|-unboost|p1b: Gholdengo|atk|1
|move|p2b: Sneasler|Coaching|p2a: Incineroar
|-boost|p2a: Incineroar|atk|1
|-boost|p2a: Incineroar|def|1
|move|p1b: Gholdengo|Make It Rain|p2a: Incineroar|[spread] p2a,p2b
|-resisted|p2a: Incineroar
|-damage|p2a: Incineroar|10/100
|-damage|p2b: Sneasler|0 fnt
|-unboost|p1b: Gholdengo|spa|1
|faint|p2b: Sneasler
|-damage|p1b: Gholdengo|61/100|[from] item: Life Orb
|move|p1a: Amoonguss|Pollen Puff|p1b: Gholdengo
|-heal|p1b: Gholdengo|100/100
|
|-sideend|p2: fsucia|move: Tailwind
|upkeep
|
|t:|1756228179
|switch|p2b: Gholdengo|Gholdengo, L50, tera:Water|3/100
|turn|12
|
|t:|1756228198
|move|p2a: Incineroar|Fake Out|p1a: Amoonguss
|-damage|p1a: Amoonguss|78/100
|cant|p1a: Amoonguss|flinch
|move|p2b: Gholdengo|Shadow Ball|p1b: Gholdengo
|-supereffective|p1b: Gholdengo
|-damage|p1b: Gholdengo|0 fnt
|faint|p1b: Gholdengo
|-damage|p2b: Gholdengo|0 fnt|[from] item: Life Orb
|faint|p2b: Gholdengo
|
|upkeep
|turn|13
|
|t:|1756228208
|move|p2a: Incineroar|Flare Blitz|p1a: Amoonguss
|-supereffective|p1a: Amoonguss
|-damage|p1a: Amoonguss|0 fnt
|faint|p1a: Amoonguss
|-damage|p2a: Incineroar|0 fnt|[from] Recoil
|faint|p2a: Incineroar
|
|win|fsucia
