|j|☆zilongkumo
|j|☆Devxp
|html|zilongkumoDevxp    
|uhtml|bestof|Game 2 of a best-of-3
|t:|1783812105
|gametype|doubles
|player|p1|zilongkumo|volkner|
|player|p2|Devxp|169|
|gen|9
|tier|[Gen 9 Champions] VGC 2026 Reg M-B (Bo3)
|rule|Species Clause: Limit one of each Pokémon
|rule|Item Clause: Limit 1 of each item
|clearpoke
|poke|p1|Sandaconda, L50, F, shiny|
|poke|p1|Milotic, L50, M|
|poke|p1|Leafeon, L50, F, shiny|
|poke|p1|Snorlax, L50, M|
|poke|p1|Blastoise, L50, M|
|poke|p1|Dragonite, L50, F|
|poke|p2|Tyranitar, L50, M|
|poke|p2|Excadrill, L50, M, shiny|
|poke|p2|Rotom-Wash, L50, shiny|
|poke|p2|Ceruledge, L50, F|
|poke|p2|Tsareena, L50, F, shiny|
|poke|p2|Gengar, L50, F|
|teampreview|4
|showteam|p1|Sandaconda||FocusSash|SandVeil|Earthquake,Endeavor,Glare,Protect|Jolly||F|||50|]Milotic||Leftovers|Competitive|AlluringVoice,Scald,LifeDew,Protect|Modest||M|||50|]Leafeon||ExpertBelt|Chlorophyll|SunnyDay,LeafBlade,Protect,SwordsDance|Impish||F|||50|]Snorlax||SitrusBerry|Immunity|Rest,BodySlam,SleepTalk,FirePunch|Adamant||M|||50|]Blastoise||KingsRock|RainDish|FakeOut,Liquidation,IceSpinner,RockSlide|Adamant||M|||50|]Dragonite||LifeOrb|Multiscale|ExtremeSpeed,DragonClaw,IceSpinner,RainDance|Jolly||F|||50|
|showteam|p2|Tyranitar||Tyranitarite|SandStream|RockSlide,KnockOff,LowKick,Protect|Adamant||M|||50|]Excadrill||LifeOrb|SandRush|HighHorsepower,IronHead,RockSlide,Protect|Jolly||M|||50|]Rotom-Wash||SitrusBerry|Levitate|HydroPump,Thunderbolt,WillOWisp,Protect|Calm|||||50|]Ceruledge||WhiteHerb|FlashFire|BitterBlade,CloseCombat,Protect,ShadowSneak|Adamant||F|||50|]Tsareena||ChoiceScarf|LeafGuard|TripleAxel,Uturn,HighJumpKick,PowerWhip|Adamant||F|||50|]Gengar||FocusSash|CursedBody|IcyWind,SludgeBomb,ShadowBall,Protect|Timid||F|||50|
|
|t:|1783812143
|teamsize|p1|4
|teamsize|p2|4
|start
|switch|p1a: King|Dragonite, L50, F|100/100
|switch|p1b: Maple|Leafeon, L50, F, shiny|100/100
|switch|p2a: Tsareena|Tsareena, L50, F, shiny|100/100
|switch|p2b: Maytag|Rotom-Wash, L50, shiny|100/100
|turn|1
|
|t:|1783812163
|move|p2a: Tsareena|Triple Axel|p1a: King
|-supereffective|p1a: King|2
|-damage|p1a: King|83/100
|-supereffective|p1a: King|2
|-damage|p1a: King|13/100
|-supereffective|p1a: King|2
|-damage|p1a: King|0 fnt
|faint|p1a: King
|-hitcount|p1: King|3
|move|p1b: Maple|Leaf Blade|p2b: Maytag
|-supereffective|p2b: Maytag|1
|-damage|p2b: Maytag|22/100
|-enditem|p2b: Maytag|Sitrus Berry|[eat]
|-heal|p2b: Maytag|47/100|[from] item: Sitrus Berry
|move|p2b: Maytag|Will-O-Wisp|p1b: Maple
|-status|p1b: Maple|brn
|
|-damage|p1b: Maple|93/100 brn|[from] brn
|upkeep
|
|t:|1783812182
|switch|p1a: Shella|Blastoise, L50, M|100/100
|turn|2
|
|t:|1783812191
|move|p1a: Shella|Fake Out|p2a: Tsareena
|-crit|p2a: Tsareena
|-damage|p2a: Tsareena|80/100
|cant|p2a: Tsareena|flinch
|move|p1b: Maple|Leaf Blade|p2b: Maytag
|-supereffective|p2b: Maytag|1
|-damage|p2b: Maytag|7/100
|move|p2b: Maytag|Thunderbolt|p1a: Shella
|-supereffective|p1a: Shella|1
|-damage|p1a: Shella|28/100
|
|-damage|p1b: Maple|87/100 brn|[from] brn
|upkeep
|turn|3
|
|t:|1783812208
|move|p1b: Maple|Protect|p1b: Maple
|-singleturn|p1b: Maple|Protect
|move|p2a: Tsareena|Triple Axel|p1b: Maple
|-activate|p1b: Maple|move: Protect
|move|p1a: Shella|Ice Spinner|p2a: Tsareena
|-supereffective|p2a: Tsareena|1
|-damage|p2a: Tsareena|25/100
|move|p2b: Maytag|Thunderbolt|p1a: Shella
|-supereffective|p1a: Shella|1
|-damage|p1a: Shella|0 fnt
|faint|p1a: Shella
|
|-damage|p1b: Maple|81/100 brn|[from] brn
|upkeep
|
|t:|1783812221
|switch|p1a: Melody|Milotic, L50, M|100/100
|turn|4
|
|t:|1783812240
|move|p1a: Melody|Protect|p1a: Melody
|-singleturn|p1a: Melody|Protect
|move|p2a: Tsareena|Triple Axel|p1b: Maple
|-supereffective|p1b: Maple|1
|-damage|p1b: Maple|68/100 brn
|-supereffective|p1b: Maple|1
|-damage|p1b: Maple|45/100 brn
|-supereffective|p1b: Maple|1
|-damage|p1b: Maple|12/100 brn
|-hitcount|p1b: Maple|3
|move|p1b: Maple|Leaf Blade|p2b: Maytag
|-supereffective|p2b: Maytag|1
|-damage|p2b: Maytag|0 fnt
|faint|p2b: Maytag
|
|-damage|p1b: Maple|6/100 brn|[from] brn
|upkeep
|
|t:|1783812253
|switch|p2b: Excadrill|Excadrill, L50, M, shiny|100/100
|turn|5
|
|t:|1783812278
|move|p2b: Excadrill|Protect|p2b: Excadrill
|-singleturn|p2b: Excadrill|Protect
|move|p2a: Tsareena|Triple Axel|p1b: Maple
|-supereffective|p1b: Maple|1
|-damage|p1b: Maple|0 fnt
|faint|p1b: Maple
|-hitcount|p1: Maple|1
|move|p1a: Melody|Scald|p2b: Excadrill
|-activate|p2b: Excadrill|move: Protect
|
|upkeep
|turn|6
|
|t:|1783812297
|move|p2a: Tsareena|Triple Axel|p1a: Melody
|-resisted|p1a: Melody|1
|-damage|p1a: Melody|96/100
|-resisted|p1a: Melody|1
|-damage|p1a: Melody|90/100
|-resisted|p1a: Melody|1
|-damage|p1a: Melody|80/100
|-hitcount|p1a: Melody|3
|move|p2b: Excadrill|High Horsepower|p1a: Melody
|-damage|p1a: Melody|23/100
|-damage|p2b: Excadrill|90/100|[from] item: Life Orb
|move|p1a: Melody|Scald|p2b: Excadrill
|-supereffective|p2b: Excadrill|1
|-damage|p2b: Excadrill|0 fnt
|faint|p2b: Excadrill
|
|-heal|p1a: Melody|29/100|[from] item: Leftovers
|upkeep
|
|t:|1783812306
|switch|p2b: Reptar|Tyranitar, L50, M|100/100
|-weather|Sandstorm|[from] ability: Sand Stream|[of] p2b: Reptar
|turn|7
|
|t:|1783812320
|detailschange|p2b: Reptar|Tyranitar-Mega, L50, M
|-mega|p2b: Reptar|Tyranitar|Tyranitarite
|move|p2a: Tsareena|Triple Axel|p1a: Melody
|-resisted|p1a: Melody|1
|-damage|p1a: Melody|25/100
|-resisted|p1a: Melody|1
|-crit|p1a: Melody
|-damage|p1a: Melody|16/100
|-resisted|p1a: Melody|1
|-damage|p1a: Melody|6/100
|-hitcount|p1a: Melody|3
|move|p1a: Melody|Scald|p2b: Reptar
|-supereffective|p2b: Reptar|1
|-damage|p2b: Reptar|67/100
|move|p2b: Reptar|Knock Off|p1a: Melody
|-damage|p1a: Melody|0 fnt
|-enditem|p1a: Melody|Leftovers|[from] move: Knock Off|[of] p2b: Reptar
|faint|p1a: Melody
|
|win|Devxp
|c|☆zilongkumo|GG
|c|☆Devxp|gg
