|j|☆blackman29
|j|☆Bergmann VGC
|html|blackman29Bergmann VGC    
|uhtml|bestof|Game 3 of a best-of-3
|t:|1755177524
|gametype|doubles
|player|p1|blackman29|2|1187
|player|p2|Bergmann VGC|roark|1294
|gen|9
|tier|[Gen 9] VGC 2025 Reg H (Bo3)
|rated|
|rule|Species Clause: Limit one of each Pokémon
|rule|Item Clause: Limit 1 of each item
|clearpoke
|poke|p1|Tyranitar, L50, F|
|poke|p1|Excadrill, L50, M|
|poke|p1|Sinistcha, L50|
|poke|p1|Dragonite, L50, M|
|poke|p1|Primarina, L50, F|
|poke|p1|Volcarona, L50, M|
|poke|p2|Charizard, L50, F|
|poke|p2|Torkoal, L50, M|
|poke|p2|Porygon2, L50|
|poke|p2|Incineroar, L50, M|
|poke|p2|Jumpluff, L50, M|
|poke|p2|Ursaluna, L50, F|
|teampreview|4
|showteam|p1|Tyranitar||AssaultVest|SandStream|RockSlide,KnockOff,TeraBlast,LowKick|||F|||50|,,,,,Flying]Excadrill||ClearAmulet|SandRush|Earthquake,IronHead,HighHorsepower,Protect|||M|||50|,,,,,Ghost]Sinistcha||RockyHelmet|Hospitality|MatchaGotcha,LifeDew,TrickRoom,RagePowder||||||50|,,,,,Dark]Dragonite||ChoiceBand|InnerFocus|Outrage,ExtremeSpeed,IceSpinner,AerialAce|||M|||50|,,,,,Normal]Primarina||ThroatSpray|LiquidVoice|Moonblast,HyperVoice,Haze,Protect|||F|||50|,,,,,Grass]Volcarona||Leftovers|FlameBody|FieryDance,GigaDrain,QuiverDance,Protect|||M|||50|,,,,,Dragon
|showteam|p2|Charizard||ChoiceSpecs|SolarPower|HeatWave,Overheat,WeatherBall,AirSlash|||F|||50|,,,,,Ghost]Torkoal||EjectPack|Drought|Eruption,Overheat,HelpingHand,Protect|||M|||50|,,,,,Fire]Porygon2||Eviolite|Download|TeraBlast,IceBeam,Recover,TrickRoom||||||50|,,,,,Fighting]Incineroar||SafetyGoggles|Intimidate|FlareBlitz,KnockOff,FakeOut,PartingShot|||M|||50|,,,,,Ghost]Jumpluff||CovertCloak|Chlorophyll|SleepPowder,SunnyDay,RagePowder,Tailwind|||M|||50|,,,,,Water]Ursaluna||FlameOrb|Guts|HeadlongRush,Facade,Earthquake,Protect|||F|||50|,,,,,Ghost
|inactive|Battle timer is ON: inactive players will automatically lose when time's up. (requested by blackman29)
|
|t:|1755177537
|teamsize|p1|4
|teamsize|p2|4
|start
|switch|p1a: Tyranitar|Tyranitar, L50, F|100/100
|switch|p1b: Excadrill|Excadrill, L50, M, shiny|100/100
|switch|p2a: Porygon2|Porygon2, L50, shiny|100/100
|switch|p2b: Incineroar|Incineroar, L50, M|100/100
|-ability|p2b: Incineroar|Intimidate|boost
|-unboost|p1a: Tyranitar|atk|1
|-fail|p1b: Excadrill|unboost|[from] item: Clear Amulet|[of] p1b: Excadrill
|-weather|Sandstorm|[from] ability: Sand Stream|[of] p1a: Tyranitar
|-ability|p2a: Porygon2|Download|boost
|-boost|p2a: Porygon2|spa|1
|turn|1
|inactive|blackman29 has 30 seconds left.
|
|t:|1755177562
|-terastallize|p2b: Incineroar|Ghost
|move|p2b: Incineroar|Fake Out|p1a: Tyranitar
|-resisted|p1a: Tyranitar
|-damage|p1a: Tyranitar|95/100
|move|p1b: Excadrill|High Horsepower|p2b: Incineroar
|-damage|p2b: Incineroar|47/100
|cant|p1a: Tyranitar|flinch
|move|p2a: Porygon2|Trick Room|p2a: Porygon2
|-fieldstart|move: Trick Room|[of] p2a: Porygon2
|
|-weather|Sandstorm|[upkeep]
|-damage|p2a: Porygon2|94/100|[from] Sandstorm
|upkeep
|turn|2
|inactive|blackman29 has 30 seconds left.
|
|t:|1755177593
|switch|p1a: Sinistcha|Sinistcha, L50|100/100
|move|p1b: Excadrill|Protect|p1b: Excadrill
|-singleturn|p1b: Excadrill|Protect
|move|p2a: Porygon2|Ice Beam|p1b: Excadrill
|-activate|p1b: Excadrill|move: Protect
|move|p2b: Incineroar|Parting Shot|p1a: Sinistcha
|-unboost|p1a: Sinistcha|atk|1
|-unboost|p1a: Sinistcha|spa|1
|inactive|Bergmann VGC has 30 seconds left.
|
|t:|1755177624
|switch|p2b: Ryo|Torkoal, L50, M|100/100|[from] Parting Shot
|-weather|SunnyDay|[from] ability: Drought|[of] p2b: Ryo
|
|-weather|SunnyDay|[upkeep]
|upkeep
|turn|3
|
|t:|1755177641
|switch|p1a: Primarina|Primarina, L50, F|100/100
|switch|p1b: Tyranitar|Tyranitar, L50, F|95/100
|-weather|Sandstorm|[from] ability: Sand Stream|[of] p1b: Tyranitar
|move|p2b: Ryo|Eruption|p1b: Tyranitar|[spread] p1a,p1b
|-resisted|p1a: Primarina
|-resisted|p1b: Tyranitar
|-damage|p1a: Primarina|82/100
|-damage|p1b: Tyranitar|86/100
|move|p2a: Porygon2|Ice Beam|p1b: Tyranitar
|-damage|p1b: Tyranitar|67/100
|
|-weather|Sandstorm|[upkeep]
|-damage|p2b: Ryo|94/100|[from] Sandstorm
|-damage|p2a: Porygon2|88/100|[from] Sandstorm
|-damage|p1a: Primarina|76/100|[from] Sandstorm
|upkeep
|turn|4
|inactive|Bergmann VGC has 30 seconds left.
|
|t:|1755177667
|switch|p2b: Incineroar|Incineroar, L50, M, tera:Ghost|47/100
|-ability|p2b: Incineroar|Intimidate|boost
|-unboost|p1a: Primarina|atk|1
|-unboost|p1b: Tyranitar|atk|1
|-terastallize|p1b: Tyranitar|Flying
|move|p2a: Porygon2|Tera Blast|p1a: Primarina
|-damage|p1a: Primarina|32/100
|move|p1a: Primarina|Hyper Voice|p2a: Porygon2|[spread] p2a,p2b
|-damage|p2a: Porygon2|68/100
|-damage|p2b: Incineroar|10/100
|-enditem|p1a: Primarina|Throat Spray
|-boost|p1a: Primarina|spa|1|[from] item: Throat Spray
|move|p1b: Tyranitar|Knock Off|p2a: Porygon2
|-damage|p2a: Porygon2|43/100
|-enditem|p2a: Porygon2|Eviolite|[from] move: Knock Off|[of] p1b: Tyranitar
|
|-weather|Sandstorm|[upkeep]
|-damage|p2a: Porygon2|36/100|[from] Sandstorm
|-damage|p1a: Primarina|26/100|[from] Sandstorm
|-damage|p1b: Tyranitar|61/100|[from] Sandstorm
|upkeep
|turn|5
|inactive|blackman29 has 30 seconds left.
|inactive|Bergmann VGC has 30 seconds left.
|
|t:|1755177699
|switch|p1a: Sinistcha|Sinistcha, L50|100/100
|-heal|p1b: Tyranitar|86/100|[from] ability: Hospitality|[of] p1a: Sinistcha
|switch|p2b: Ryo|Torkoal, L50, M|94/100
|-weather|SunnyDay|[from] ability: Drought|[of] p2b: Ryo
|move|p2a: Porygon2|Ice Beam|p1b: Tyranitar
|-supereffective|p1b: Tyranitar
|-damage|p1b: Tyranitar|31/100
|move|p1b: Tyranitar|Rock Slide|p2b: Ryo|[spread] p2a,p2b
|-supereffective|p2b: Ryo
|-damage|p2a: Porygon2|13/100
|-damage|p2b: Ryo|60/100
|
|-weather|SunnyDay|[upkeep]
|-fieldend|move: Trick Room
|upkeep
|turn|6
|
|t:|1755177722
|switch|p2b: Incineroar|Incineroar, L50, M, tera:Ghost|10/100
|-ability|p2b: Incineroar|Intimidate|boost
|-unboost|p1a: Sinistcha|atk|1
|-unboost|p1b: Tyranitar|atk|1
|move|p1b: Tyranitar|Rock Slide|p2a: Porygon2|[spread] p2a,p2b
|-damage|p2a: Porygon2|0 fnt
|-damage|p2b: Incineroar|0 fnt
|faint|p2a: Porygon2
|faint|p2b: Incineroar
|move|p1a: Sinistcha|Life Dew||[still]|[spread] p1a,p1b
|-fail|p1a: Sinistcha|heal
|-heal|p1b: Tyranitar|57/100
|
|-weather|SunnyDay|[upkeep]
|upkeep
|
|t:|1755177730
|switch|p2b: Ursaluna|Ursaluna, L50, F|100/100
|switch|p2a: Ryo|Torkoal, L50, M|60/100
|turn|7
|inactive|blackman29 has 30 seconds left.
|inactive|Bergmann VGC has 30 seconds left.
|inactive|blackman29 has 20 seconds left.
|inactive|blackman29 has 15 seconds left.
|inactive|blackman29 has 10 seconds left.
|
|t:|1755177776
|switch|p1b: Excadrill|Excadrill, L50, M, shiny|100/100
|switch|p1a: Primarina|Primarina, L50, F|26/100
|move|p2b: Ursaluna|Facade|p1b: Excadrill
|-resisted|p1b: Excadrill
|-damage|p1b: Excadrill|72/100
|move|p2a: Ryo|Overheat|p1a: Primarina
|-resisted|p1a: Primarina
|-damage|p1a: Primarina|0 fnt
|-unboost|p2a: Ryo|spa|2
|faint|p1a: Primarina
|
|-weather|SunnyDay|[upkeep]
|-status|p2b: Ursaluna|brn|[from] item: Flame Orb
|upkeep
|
|t:|1755177790
|switch|p1a: Tyranitar|Tyranitar, L50, F, tera:Flying|57/100
|-weather|Sandstorm|[from] ability: Sand Stream|[of] p1a: Tyranitar
|turn|8
|
|t:|1755177804
|move|p1b: Excadrill|Protect|p1b: Excadrill
|-singleturn|p1b: Excadrill|Protect
|move|p1a: Tyranitar|Low Kick|p2b: Ursaluna
|-supereffective|p2b: Ursaluna
|-damage|p2b: Ursaluna|30/100 brn
|move|p2b: Ursaluna|Facade|p1a: Tyranitar
|-damage|p1a: Tyranitar|0 fnt
|faint|p1a: Tyranitar
|move|p2a: Ryo|Overheat|p1b: Excadrill
|-activate|p1b: Excadrill|move: Protect
|
|-weather|Sandstorm|[upkeep]
|-damage|p2a: Ryo|54/100|[from] Sandstorm
|-damage|p2b: Ursaluna|24/100 brn|[from] brn
|upkeep
|
|t:|1755177814
|switch|p1a: Sinistcha|Sinistcha, L50|100/100
|-heal|p1b: Excadrill|97/100|[from] ability: Hospitality|[of] p1a: Sinistcha
|turn|9
|
|t:|1755177822
|move|p2b: Ursaluna|Protect|p2b: Ursaluna
|-singleturn|p2b: Ursaluna|Protect
|move|p1a: Sinistcha|Rage Powder|p1a: Sinistcha
|-singleturn|p1a: Sinistcha|move: Rage Powder
|move|p1b: Excadrill|Earthquake|p2a: Ryo|[spread] p1a,p2a
|-activate|p2b: Ursaluna|move: Protect
|-resisted|p1a: Sinistcha
|-supereffective|p2a: Ryo
|-damage|p1a: Sinistcha|83/100
|-damage|p2a: Ryo|0 fnt
|faint|p2a: Ryo
|
|-weather|Sandstorm|[upkeep]
|-damage|p1a: Sinistcha|77/100|[from] Sandstorm
|-damage|p2b: Ursaluna|18/100 brn|[from] brn
|upkeep
|turn|10
|-message|Bergmann VGC forfeited.
|
|win|blackman29
|raw|blackman29's rating: 1187 → 1219(+32 for winning)
|raw|Bergmann VGC's rating: 1294 → 1262(-32 for losing)
