|j|☆pacoespepe
|html|pacoespepex-demon18    
|uhtml|bestof|Game 2 of a best-of-3
|t:|1784043808
|gametype|doubles
|player|p1|pacoespepe|juggler|1049
|player|p2|x-demon18|lucas|1175
|gen|9
|tier|[Gen 9 Champions] VGC 2026 Reg M-B (Bo3)
|rated|
|rule|Species Clause: Limit one of each Pokémon
|rule|Item Clause: Limit 1 of each item
|clearpoke
|poke|p1|Kommo-o, L50, F|
|poke|p1|Froslass, L50, F|
|poke|p1|Sinistcha-Masterpiece, L50|
|poke|p1|Excadrill, L50, M, shiny|
|poke|p1|Tyranitar, L50, M, shiny|
|poke|p1|Garchomp, L50, F|
|poke|p2|Incineroar, L50, M|
|poke|p2|Rotom-Wash, L50|
|poke|p2|Venusaur, L50, F|
|poke|p2|Garchomp, L50, M|
|poke|p2|Sylveon, L50, F|
|poke|p2|Corviknight, L50, F|
|teampreview|4
|showteam|p1|Kommo-o||Leftovers|Soundproof|Boomburst,ClangingScales,ClangorousSoul,Protect|Modest||F|||50|]Froslass||Froslassite|CursedBody|AuroraVeil,Blizzard,Protect,ShadowBall|Timid||F|||50|]Sinistcha-Masterpiece||SitrusBerry|Hospitality|MatchaGotcha,PsychUp,RagePowder,StrengthSap|Calm|||||50|]Excadrill||FocusSash|SandRush|HighHorsepower,IronHead,RockSlide,Protect|Adamant||M|||50|]Tyranitar||Tyranitarite|SandStream|RockSlide,KnockOff,IcePunch,Protect|Adamant||M|||50|]Garchomp||LifeOrb|SandVeil|StompingTantrum,DragonClaw,Protect,IronHead|Jolly||F|||50|
|showteam|p2|Incineroar||ExpertBelt|Intimidate|FakeOut,TemperFlare,ThroatChop,PartingShot|Adamant||M|||50|]Rotom-Wash||SitrusBerry|Levitate|HydroPump,Electroweb,WillOWisp,VoltSwitch|Modest|||||50|]Venusaur||Venusaurite|Chlorophyll|GigaDrain,SludgeBomb,EarthPower,Protect|Modest||F|||50|]Garchomp||LifeOrb|RoughSkin|RockSlide,DragonClaw,StompingTantrum,Protect|Jolly||M|||50|]Sylveon||FairyFeather|Pixilate|HyperVoice,QuickAttack,Yawn,Detect|Modest||F|||50|]Corviknight||OccaBerry|MirrorArmor|Tailwind,BraveBird,IronHead,BodyPress|Careful||F|||50|
|j|☆x-demon18
|player|p2|x-demon18|lucas|
|
|t:|1784043845
|teamsize|p1|4
|teamsize|p2|4
|start
|switch|p1a: Kommo-o|Kommo-o, L50, F|100/100
|switch|p1b: Froslass|Froslass, L50, F|100/100
|switch|p2a: HydroVolt|Rotom-Wash, L50|100/100
|switch|p2b: Griffith|Corviknight, L50, F|100/100
|turn|1
|
|t:|1784043880
|detailschange|p1b: Froslass|Froslass-Mega, L50, F
|-mega|p1b: Froslass|Froslass|Froslassite
|-weather|Snowscape|[from] ability: Snow Warning|[of] p1b: Froslass
|move|p1b: Froslass|Shadow Ball|p2a: HydroVolt
|-damage|p2a: HydroVolt|58/100
|-unboost|p2a: HydroVolt|spd|1
|move|p2a: HydroVolt|Electroweb|p1a: Kommo-o|[spread] p1a,p1b
|-resisted|p1a: Kommo-o|1
|-damage|p1a: Kommo-o|92/100
|-damage|p1b: Froslass|78/100
|-unboost|p1a: Kommo-o|spe|1
|-unboost|p1b: Froslass|spe|1
|move|p2b: Griffith|Brave Bird|p1a: Kommo-o
|-supereffective|p1a: Kommo-o|1
|-damage|p1a: Kommo-o|15/100
|-damage|p2b: Griffith|75/100|[from] Recoil
|move|p1a: Kommo-o|Clanging Scales|p2b: Griffith|[spread] p2a,p2b
|-resisted|p2b: Griffith|1
|-damage|p2a: HydroVolt|5/100
|-damage|p2b: Griffith|60/100
|-enditem|p2a: HydroVolt|Sitrus Berry|[eat]
|-heal|p2a: HydroVolt|30/100|[from] item: Sitrus Berry
|-unboost|p1a: Kommo-o|def|1
|
|-weather|Snowscape|[upkeep]
|-heal|p1a: Kommo-o|21/100|[from] item: Leftovers
|upkeep
|turn|2
|
|t:|1784043911
|switch|p1a: Sinistcha|Sinistcha-Masterpiece, L50|100/100
|-heal|p1b: Froslass|100/100|[from] ability: Hospitality|[of] p1a: Sinistcha
|move|p1b: Froslass|Shadow Ball|p2a: HydroVolt
|-damage|p2a: HydroVolt|0 fnt
|faint|p2a: HydroVolt
|move|p2b: Griffith|Iron Head|p1b: Froslass
|-supereffective|p1b: Froslass|1
|-damage|p1b: Froslass|38/100
|
|-weather|Snowscape|[upkeep]
|upkeep
|
|t:|1784043926
|switch|p2a: Yggdrasil|Venusaur, L50, F|100/100
|turn|3
|
|t:|1784043939
|detailschange|p2a: Yggdrasil|Venusaur-Mega, L50, F
|-mega|p2a: Yggdrasil|Venusaur|Venusaurite
|move|p1a: Sinistcha|Rage Powder|p1a: Sinistcha
|-singleturn|p1a: Sinistcha|move: Rage Powder
|move|p1b: Froslass|Blizzard|p2a: Yggdrasil|[spread] p2a,p2b
|-supereffective|p2a: Yggdrasil|1
|-damage|p2a: Yggdrasil|61/100
|-damage|p2b: Griffith|27/100
|move|p2a: Yggdrasil|Sludge Bomb|p1b: Froslass
|-resisted|p1b: Froslass|1
|-damage|p1b: Froslass|15/100
|-status|p1b: Froslass|psn
|move|p2b: Griffith|Brave Bird|p1a: Sinistcha
|-supereffective|p1a: Sinistcha|1
|-damage|p1a: Sinistcha|14/100
|-enditem|p1a: Sinistcha|Sitrus Berry|[eat]
|-heal|p1a: Sinistcha|39/100|[from] item: Sitrus Berry
|-damage|p2b: Griffith|1/100|[from] Recoil
|
|-weather|Snowscape|[upkeep]
|-damage|p1b: Froslass|3/100 psn|[from] psn
|upkeep
|turn|4
|
|t:|1784044001
|move|p1b: Froslass|Blizzard|p2b: Griffith|[spread] p2a,p2b
|-supereffective|p2a: Yggdrasil|1
|-damage|p2a: Yggdrasil|25/100
|-damage|p2b: Griffith|0 fnt
|faint|p2b: Griffith
|move|p2a: Yggdrasil|Sludge Bomb|p1a: Sinistcha
|-damage|p1a: Sinistcha|0 fnt
|faint|p1a: Sinistcha
|
|-weather|Snowscape|[upkeep]
|-damage|p1b: Froslass|0 fnt|[from] psn
|faint|p1b: Froslass
|upkeep
|
|t:|1784044013
|switch|p1b: Excadrill|Excadrill, L50, M, shiny|100/100
|switch|p2b: Frieren|Sylveon, L50, F|100/100
|switch|p1a: Kommo-o|Kommo-o, L50, F|21/100
|turn|5
|
|t:|1784044043
|move|p2b: Frieren|Quick Attack|p1a: Kommo-o
|-supereffective|p1a: Kommo-o|2
|-damage|p1a: Kommo-o|0 fnt
|faint|p1a: Kommo-o
|move|p1b: Excadrill|Iron Head|p2b: Frieren
|-supereffective|p2b: Frieren|1
|-damage|p2b: Frieren|7/100
|move|p2a: Yggdrasil|Giga Drain|p1b: Excadrill
|-damage|p1b: Excadrill|44/100
|-heal|p2a: Yggdrasil|52/100|[from] drain|[of] p1b: Excadrill
|
|-weather|none
|upkeep
|turn|6
|
|t:|1784044066
|move|p1b: Excadrill|Iron Head|p2a: Yggdrasil
|-damage|p2a: Yggdrasil|13/100
|move|p2a: Yggdrasil|Giga Drain|p1b: Excadrill
|-damage|p1b: Excadrill|0 fnt
|-heal|p2a: Yggdrasil|36/100|[from] drain|[of] p1b: Excadrill
|faint|p1b: Excadrill
|
|win|x-demon18
