|j|☆3ChrisTresTigres
|j|☆Weare17
|html|3ChrisTresTigresWeare17    
|uhtml|bestof|Game 2 of a best-of-3
|t:|1784200772
|gametype|doubles
|player|p1|3ChrisTresTigres|flannery|1153
|player|p2|Weare17|1|1320
|gen|9
|tier|[Gen 9 Champions] VGC 2026 Reg M-B (Bo3)
|rated|
|rule|Species Clause: Limit one of each Pokémon
|rule|Item Clause: Limit 1 of each item
|clearpoke
|poke|p1|Blastoise, L50, M|
|poke|p1|Delphox, L50, M, shiny|
|poke|p1|Incineroar, L50, M|
|poke|p1|Sneasler, L50, M|
|poke|p1|Sinistcha, L50|
|poke|p1|Kingambit, L50, F|
|poke|p2|Ninetales-Alola, L50, M|
|poke|p2|Delphox, L50, M|
|poke|p2|Milotic, L50, M|
|poke|p2|Malamar, L50, M|
|poke|p2|Mawile, L50, M|
|poke|p2|Aerodactyl, L50, M|
|teampreview|4
|showteam|p1|Blastoise||Blastoisinite|RainDish|WaterSpout,DarkPulse,ShellSmash,Protect|Modest||M|||50|]Delphox||Delphoxite|Blaze|HeatWave,Psyshock,NastyPlot,Protect|Timid||M|||50|]Incineroar||SitrusBerry|Intimidate|FakeOut,FlareBlitz,ThroatChop,PartingShot|Impish||M|||50|]Sneasler||FocusSash|PoisonTouch|FakeOut,CloseCombat,DireClaw,QuickGuard|Jolly||M|||50|]Sinistcha||KasibBerry|Hospitality|MatchaGotcha,LifeDew,RagePowder,Protect|Bold|||||50|]Kingambit||BlackGlasses|Defiant|KowtowCleave,SuckerPunch,LowSweep,IronHead|Adamant||F|||50|
|showteam|p2|Ninetales-Alola||LightClay|SnowWarning|Protect,Encore,AuroraVeil,Blizzard|Timid||M|||50|]Delphox||Delphoxite|Magician|Protect,NastyPlot,HeatWave,Psychic|Timid||M|||50|]Milotic||Leftovers|Competitive|Coil,MuddyWater,Hypnosis,IcyWind|Bold||M|||50|]Malamar||RoseliBerry|Contrary|Protect,Superpower,KnockOff,TrickRoom|Adamant||M|||50|]Mawile||Mawilite|Intimidate|Protect,SuckerPunch,PlayRough,IronHead|Brave||M|||50|]Aerodactyl||FocusSash|Unnerve|Tailwind,WideGuard,RockSlide,DualWingbeat|Jolly||M|||50|
|
|t:|1784200829
|teamsize|p1|4
|teamsize|p2|4
|start
|switch|p1a: Blastoise|Blastoise, L50, M|100/100
|switch|p1b: Sneasler|Sneasler, L50, M|100/100
|switch|p2a: Aerodactyl|Aerodactyl, L50, M|100/100
|switch|p2b: Delphox|Delphox, L50, M|100/100
|-ability|p2a: Aerodactyl|Unnerve
|turn|1
|
|t:|1784200845
|detailschange|p2b: Delphox|Delphox-Mega, L50, M
|-mega|p2b: Delphox|Delphox|Delphoxite
|detailschange|p1a: Blastoise|Blastoise-Mega, L50, M
|-mega|p1a: Blastoise|Blastoise|Blastoisinite
|move|p1b: Sneasler|Fake Out|p2a: Aerodactyl
|-resisted|p2a: Aerodactyl|1
|-damage|p2a: Aerodactyl|89/100
|-status|p2a: Aerodactyl|psn|[from] ability: Poison Touch|[of] p1b: Sneasler
|move|p2b: Delphox|Psychic|p1b: Sneasler
|-supereffective|p1b: Sneasler|2
|-enditem|p1b: Sneasler|Focus Sash
|-damage|p1b: Sneasler|1/100
|cant|p2a: Aerodactyl|flinch
|move|p1a: Blastoise|Shell Smash|p1a: Blastoise
|-unboost|p1a: Blastoise|def|1
|-unboost|p1a: Blastoise|spd|1
|-boost|p1a: Blastoise|atk|2
|-boost|p1a: Blastoise|spa|2
|-boost|p1a: Blastoise|spe|2
|
|-damage|p2a: Aerodactyl|77/100 psn|[from] psn
|upkeep
|turn|2
|inactive|Battle timer is ON: inactive players will automatically lose when time's up. (requested by Weare17)
|
|t:|1784200880
|move|p2b: Delphox|Protect|p2b: Delphox
|-singleturn|p2b: Delphox|Protect
|move|p1a: Blastoise|Dark Pulse|p2b: Delphox
|-activate|p2b: Delphox|move: Protect
|move|p2a: Aerodactyl|Tailwind|p2a: Aerodactyl
|-sidestart|p2: Weare17|move: Tailwind
|move|p1b: Sneasler|Close Combat|p2a: Aerodactyl
|-damage|p2a: Aerodactyl|0 fnt
|-unboost|p1b: Sneasler|def|1
|-unboost|p1b: Sneasler|spd|1
|faint|p2a: Aerodactyl
|
|upkeep
|
|t:|1784200892
|switch|p2a: Milotic|Milotic, L50, M|100/100
|turn|3
|
|t:|1784200901
|move|p1a: Blastoise|Protect|p1a: Blastoise
|-singleturn|p1a: Blastoise|Protect
|move|p2b: Delphox|Heat Wave|p1b: Sneasler|[spread] p1b
|-activate|p1a: Blastoise|move: Protect
|-damage|p1b: Sneasler|0 fnt
|faint|p1b: Sneasler
|move|p2a: Milotic|Coil|p2a: Milotic
|-boost|p2a: Milotic|atk|1
|-boost|p2a: Milotic|def|1
|-boost|p2a: Milotic|accuracy|1
|
|upkeep
|
|t:|1784200917
|switch|p1b: Sinistcha|Sinistcha, L50|100/100
|turn|4
|
|t:|1784200926
|move|p1b: Sinistcha|Rage Powder|p1b: Sinistcha
|-singleturn|p1b: Sinistcha|move: Rage Powder
|move|p2b: Delphox|Heat Wave|p1b: Sinistcha|[spread] p1a,p1b
|-resisted|p1a: Blastoise|1
|-supereffective|p1b: Sinistcha|1
|-damage|p1a: Blastoise|66/100
|-damage|p1b: Sinistcha|21/100
|move|p1a: Blastoise|Shell Smash|p1a: Blastoise
|-unboost|p1a: Blastoise|def|1
|-unboost|p1a: Blastoise|spd|1
|-boost|p1a: Blastoise|atk|2
|-boost|p1a: Blastoise|spa|2
|-boost|p1a: Blastoise|spe|2
|move|p2a: Milotic|Hypnosis|p1b: Sinistcha
|-status|p1b: Sinistcha|slp|[from] move: Hypnosis
|
|upkeep
|turn|5
|inactive|Weare17 has 30 seconds left.
|
|t:|1784200958
|switch|p1b: Kingambit|Kingambit, L50, F|100/100
|move|p1a: Blastoise|Protect|p1a: Blastoise
|-singleturn|p1a: Blastoise|Protect
|move|p2b: Delphox|Heat Wave|p1a: Blastoise|[spread] p1b
|-activate|p1a: Blastoise|move: Protect
|-supereffective|p1b: Kingambit|1
|-damage|p1b: Kingambit|20/100y
|move|p2a: Milotic|Coil|p2a: Milotic
|-boost|p2a: Milotic|atk|1
|-boost|p2a: Milotic|def|1
|-boost|p2a: Milotic|accuracy|1
|
|-sideend|p2: Weare17|move: Tailwind
|upkeep
|turn|6
|inactive|3ChrisTresTigres has 30 seconds left.
|
|t:|1784200985
|switch|p1b: Sinistcha|Sinistcha, L50|21/100 slp
|-heal|p1a: Blastoise|91/100|[from] ability: Hospitality|[of] p1b: Sinistcha
|move|p2b: Delphox|Protect|p2b: Delphox
|-singleturn|p2b: Delphox|Protect
|move|p1a: Blastoise|Dark Pulse|p2a: Milotic
|-damage|p2a: Milotic|0 fnt
|faint|p2a: Milotic
|
|upkeep
|
|t:|1784200988
|switch|p2a: Malamar|Malamar, L50, M|100/100
|turn|7
|l|☆Weare17
|inactive|Weare17 disconnected and has a minute to reconnect!
|player|p2|
|
|t:|1784201002
|move|p1a: Blastoise|Water Spout|p2a: Malamar|[spread] p2a,p2b
|-supereffective|p2b: Delphox|1
|-damage|p2a: Malamar|0 fnt
|-damage|p2b: Delphox|0 fnt
|faint|p2a: Malamar
|faint|p2b: Delphox
|
|win|3ChrisTresTigres
