|j|☆thaduck
|j|☆lettitripppp
|html|thaducklettitripppp    
|uhtml|bestof|Game 2 of a best-of-3
|t:|1784754983
|gametype|doubles
|player|p1|thaduck|ghetsis|1271
|player|p2|lettitripppp|lucas|1302
|gen|9
|tier|[Gen 9 Champions] VGC 2026 Reg M-B (Bo3)
|rated|
|rule|Species Clause: Limit one of each Pokémon
|rule|Item Clause: Limit 1 of each item
|clearpoke
|poke|p1|Blastoise, L50, F|
|poke|p1|Delphox, L50, M|
|poke|p1|Sinistcha, L50|
|poke|p1|Incineroar, L50, M|
|poke|p1|Sneasler, L50, M|
|poke|p1|Kingambit, L50, F|
|poke|p2|Charizard, L50, M, shiny|
|poke|p2|Incineroar, L50, M|
|poke|p2|Toxapex, L50, M, shiny|
|poke|p2|Venusaur, L50, F|
|poke|p2|Garchomp, L50, M|
|poke|p2|Annihilape, L50, M|
|teampreview|4
|showteam|p1|Blastoise||Blastoisinite|RainDish|WaterSpout,ShellSmash,DarkPulse,Protect|Modest||F|||50|]Delphox||Delphoxite|Blaze|HeatWave,Psyshock,NastyPlot,Protect|Modest||M|||50|]Sinistcha||ColburBerry|Hospitality|MatchaGotcha,RagePowder,TrickRoom,LifeDew|Bold|||||50|]Incineroar||SitrusBerry|Intimidate|PartingShot,FakeOut,HelpingHand,FlareBlitz|Careful||M|||50|]Sneasler||FocusSash|PoisonTouch|CloseCombat,PoisonJab,FakeOut,RockTomb|Jolly||M|||50|]Kingambit||LifeOrb|Defiant|KowtowCleave,SuckerPunch,SwordsDance,Protect|Adamant||F|||50|
|showteam|p2|Charizard||CharizarditeY|Blaze|HelpingHand,WeatherBall,HeatWave,Protect|Modest||M|||50|]Incineroar||SitrusBerry|Intimidate|PartingShot,ThroatChop,FlareBlitz,FakeOut|Impish||M|||50|]Toxapex||Leftovers|Regenerator|WideGuard,Infestation,Toxic,BanefulBunker|Bold||M|||50|]Venusaur||LifeOrb|Chlorophyll|SludgeBomb,EarthPower,SolarBeam,Protect|Modest||F|||50|]Garchomp||ChoiceScarf|RoughSkin|StompingTantrum,DragonClaw,Earthquake,RockSlide|Adamant||M|||50|]Annihilape||FocusSash|Defiant|PhantomForce,CloseCombat,RockTomb,Protect|Jolly||M|||50|
|inactive|Battle timer is ON: inactive players will automatically lose when time's up. (requested by lettitripppp)
|
|t:|1784755004
|teamsize|p1|4
|teamsize|p2|4
|start
|switch|p1a: Blastoise|Blastoise, L50, F|100/100
|switch|p1b: Incineroar|Incineroar, L50, M|100/100
|switch|p2a: AGNI|Charizard, L50, M, shiny|100/100
|switch|p2b: AOI TODO|Incineroar, L50, M|100/100
|-ability|p1b: Incineroar|Intimidate|boost
|-unboost|p2a: AGNI|atk|1
|-unboost|p2b: AOI TODO|atk|1
|-ability|p2b: AOI TODO|Intimidate|boost
|-unboost|p1a: Blastoise|atk|1
|-unboost|p1b: Incineroar|atk|1
|turn|1
|inactive|lettitripppp has 30 seconds left.
|
|t:|1784755034
|detailschange|p2a: AGNI|Charizard-Mega-Y, L50, M, shiny
|-mega|p2a: AGNI|Charizard|Charizardite Y
|-weather|SunnyDay|[from] ability: Drought|[of] p2a: AGNI
|detailschange|p1a: Blastoise|Blastoise-Mega, L50, F
|-mega|p1a: Blastoise|Blastoise|Blastoisinite
|move|p1b: Incineroar|Fake Out|p2b: AOI TODO
|-damage|p2b: AOI TODO|94/100
|cant|p2b: AOI TODO|flinch
|move|p2a: AGNI|Heat Wave|p1b: Incineroar|[spread] p1a,p1b
|-resisted|p1a: Blastoise|1
|-resisted|p1b: Incineroar|1
|-damage|p1a: Blastoise|73/100
|-damage|p1b: Incineroar|77/100
|move|p1a: Blastoise|Shell Smash|p1a: Blastoise
|-unboost|p1a: Blastoise|def|1
|-unboost|p1a: Blastoise|spd|1
|-boost|p1a: Blastoise|atk|2
|-boost|p1a: Blastoise|spa|2
|-boost|p1a: Blastoise|spe|2
|
|-weather|SunnyDay|[upkeep]
|upkeep
|turn|2
|inactive|lettitripppp has 30 seconds left.
|
|t:|1784755060
|switch|p1b: Sinistcha|Sinistcha, L50|100/100
|-heal|p1a: Blastoise|98/100|[from] ability: Hospitality|[of] p1b: Sinistcha
|move|p2a: AGNI|Protect|p2a: AGNI
|-singleturn|p2a: AGNI|Protect
|move|p1a: Blastoise|Water Spout|p2b: AOI TODO|[spread] p2b
|-activate|p2a: AGNI|move: Protect
|-supereffective|p2b: AOI TODO|1
|-damage|p2b: AOI TODO|0 fnt
|faint|p2b: AOI TODO
|
|-weather|SunnyDay|[upkeep]
|upkeep
|
|t:|1784755074
|switch|p2b: CRUSH SHARK|Garchomp, L50, M|100/100
|turn|3
|
|t:|1784755083
|switch|p1b: Incineroar|Incineroar, L50, M|77/100
|-ability|p1b: Incineroar|Intimidate|boost
|-unboost|p2a: AGNI|atk|1
|-unboost|p2b: CRUSH SHARK|atk|1
|move|p1a: Blastoise|Protect|p1a: Blastoise
|-singleturn|p1a: Blastoise|Protect
|move|p2b: CRUSH SHARK|Earthquake|p1a: Blastoise|[spread] p1b
|-activate|p1a: Blastoise|move: Protect
|-immune|p2a: AGNI
|-supereffective|p1b: Incineroar|1
|-damage|p1b: Incineroar|30/100
|-enditem|p1b: Incineroar|Sitrus Berry|[eat]
|-heal|p1b: Incineroar|54/100|[from] item: Sitrus Berry
|move|p2a: AGNI|Heat Wave|p1a: Blastoise|[spread] 
|-activate|p1a: Blastoise|move: Protect
|-miss|p2a: AGNI|p1b: Incineroar
|
|-weather|SunnyDay|[upkeep]
|upkeep
|turn|4
|
|t:|1784755100
|move|p1b: Incineroar|Helping Hand|p1a: Blastoise
|-singleturn|p1a: Blastoise|Helping Hand|[of] p1b: Incineroar
|move|p1a: Blastoise|Water Spout|p2b: CRUSH SHARK|[spread] p2a,p2b
|-supereffective|p2a: AGNI|1
|-damage|p2a: AGNI|0 fnt
|-damage|p2b: CRUSH SHARK|1/100
|faint|p2a: AGNI
|move|p2b: CRUSH SHARK|Earthquake|p1b: Incineroar|[spread] p1a,p1b
|-supereffective|p1b: Incineroar|1
|-damage|p1a: Blastoise|60/100
|-damage|p1b: Incineroar|9/100
|
|-weather|SunnyDay|[upkeep]
|upkeep
|
|t:|1784755106
|switch|p2a: PHANTOM BANG|Annihilape, L50, M|100/100
|turn|5
|
|t:|1784755115
|switch|p1b: Sinistcha|Sinistcha, L50|100/100
|-heal|p1a: Blastoise|85/100|[from] ability: Hospitality|[of] p1b: Sinistcha
|move|p1a: Blastoise|Water Spout|p2b: CRUSH SHARK|[spread] p2a,p2b
|-damage|p2a: PHANTOM BANG|44/100
|-damage|p2b: CRUSH SHARK|0 fnt
|faint|p2b: CRUSH SHARK
|move|p2a: PHANTOM BANG|Close Combat|p1a: Blastoise
|-damage|p1a: Blastoise|14/100
|-unboost|p2a: PHANTOM BANG|def|1
|-unboost|p2a: PHANTOM BANG|spd|1
|
|-weather|none
|upkeep
|turn|6
|
|t:|1784755129
|move|p1b: Sinistcha|Rage Powder|p1b: Sinistcha
|-singleturn|p1b: Sinistcha|move: Rage Powder
|move|p1a: Blastoise|Dark Pulse|p2a: PHANTOM BANG
|-damage|p2a: PHANTOM BANG|0 fnt
|faint|p2a: PHANTOM BANG
|
|win|thaduck
||thaduck is ready for game 3.
