|j|☆mbrown14
|j|☆washingtongargacha
|html|mbrown14washingtongargacha    
|uhtml|bestof|Game 1 of a best-of-3
|t:|1757113162
|gametype|doubles
|player|p1|mbrown14|170|1064
|player|p2|washingtongargacha|2|1160
|gen|9
|tier|[Gen 9] VGC 2025 Reg H (Bo3)
|rated|
|rule|Species Clause: Limit one of each Pokémon
|rule|Item Clause: Limit 1 of each item
|clearpoke
|poke|p1|Incineroar, L50, M|
|poke|p1|Dragonite, L50, M|
|poke|p1|Archaludon, L50, F|
|poke|p1|Annihilape, L50, F|
|poke|p1|Pelipper, L50, F|
|poke|p1|Maushold-Four, L50|
|poke|p2|Lilligant-Hisui, L50, F|
|poke|p2|Hatterene, L50, F|
|poke|p2|Ursaluna, L50, M|
|poke|p2|Indeedee-F, L50, F|
|poke|p2|Torkoal, L50, M|
|poke|p2|Gallade, L50, M|
|teampreview|4
|showteam|p1|Incineroar||CovertCloak|Intimidate|FakeOut,KnockOff,PartingShot,WillOWisp|||M|||50|,,,,,Ghost]Dragonite||RockyHelmet|Multiscale|Tailwind,DragonCheer,Roost,BreakingSwipe|||M|||50|,,,,,Fairy]Archaludon||AssaultVest|Stamina|BodyPress,ElectroShot,DracoMeteor,FlashCannon|||F|||50|,,,,,Fighting]Annihilape||SafetyGoggles|Defiant|RageFist,Protect,DrainPunch,ThroatChop|||F|||50|,,,,,Dark]Pelipper||FocusSash|Drizzle|Hurricane,HelpingHand,WideGuard,Protect|||F|||50|,,,,,Ground]Maushold-Four||EjectPack|FriendGuard|FollowMe,BeatUp,Taunt,Uturn||||||50|,,,,,Ghost
|showteam|p2|Lilligant-Hisui||FocusSash|Chlorophyll|TripleAxel,AfterYou,CloseCombat,SleepPowder|||F|||50|,,,,,Ghost]Hatterene||CovertCloak|MagicBounce|DazzlingGleam,ExpandingForce,TrickRoom,MysticalFire|||F|||50|,,,,,Fire]Ursaluna||FlameOrb|Guts|Facade,HeadlongRush,Earthquake,Protect|||M|||50|,,,,,Ghost]Indeedee-F||PsychicSeed|PsychicSurge|Psychic,TrickRoom,HelpingHand,FollowMe|||F|||50|,,,,,Dragon]Torkoal||FlamePlate|Drought|Eruption,WeatherBall,HeatWave,Protect|||M|||50|,,,,,Fire]Gallade||ClearAmulet|Sharpness|PsychoCut,SacredSword,TrickRoom,WideGuard|||M|||50|,,,,,Grass
|inactive|Battle timer is ON: inactive players will automatically lose when time's up. (requested by mbrown14)
|
|t:|1757113186
|teamsize|p1|4
|teamsize|p2|4
|start
|switch|p1a: Dragonite|Dragonite, L50, M|100/100
|switch|p1b: Archaludon|Archaludon, L50, F, shiny|100/100
|switch|p2a: Hatterene|Hatterene, L50, F|100/100
|switch|p2b: Indeedee|Indeedee-F, L50, F|100/100
|-fieldstart|move: Psychic Terrain|[from] ability: Psychic Surge|[of] p2b: Indeedee
|-enditem|p2b: Indeedee|Psychic Seed
|-boost|p2b: Indeedee|spd|1|[from] item: Psychic Seed
|turn|1
|inactive|mbrown14 has 30 seconds left.
|
|t:|1757113214
|-terastallize|p1a: Dragonite|Fairy
|move|p2b: Indeedee|Follow Me|p2b: Indeedee
|-singleturn|p2b: Indeedee|move: Follow Me
|move|p1b: Archaludon|Flash Cannon|p2b: Indeedee
|-damage|p2b: Indeedee|71/100
|-unboost|p2b: Indeedee|spd|1
|move|p1a: Dragonite|Dragon Cheer|p1b: Archaludon
|-start|p1b: Archaludon|move: Dragon Cheer
|move|p2a: Hatterene|Trick Room|p2a: Hatterene
|-fieldstart|move: Trick Room|[of] p2a: Hatterene
|
|upkeep
|turn|2
|inactive|washingtongargacha has 30 seconds left.
|
|t:|1757113243
|switch|p2b: Ursaluna|Ursaluna, L50, M|100/100
|switch|p1a: Pelipper|Pelipper, L50, F, shiny|100/100
|-weather|RainDance|[from] ability: Drizzle|[of] p1a: Pelipper
|move|p2a: Hatterene|Expanding Force|p1b: Archaludon|[spread] p1a,p1b
|-resisted|p1b: Archaludon
|-enditem|p1a: Pelipper|Focus Sash
|-damage|p1a: Pelipper|1/100
|-damage|p1b: Archaludon|74/100
|-ability|p1b: Archaludon|Stamina|boost
|-boost|p1b: Archaludon|def|1
|move|p1b: Archaludon|Electro Shot||[still]
|-prepare|p1b: Archaludon|Electro Shot
|-boost|p1b: Archaludon|spa|1
|-anim|p1b: Archaludon|Electro Shot|p2a: Hatterene
|-crit|p2a: Hatterene
|-damage|p2a: Hatterene|0 fnt
|faint|p2a: Hatterene
|
|-weather|RainDance|[upkeep]
|-status|p2b: Ursaluna|brn|[from] item: Flame Orb
|upkeep
|
|t:|1757113261
|switch|p2a: Torkoal|Torkoal, L50, M|100/100
|-weather|SunnyDay|[from] ability: Drought|[of] p2a: Torkoal
|turn|3
|
|t:|1757113286
|switch|p1b: Dragonite|Dragonite, L50, M, tera:Fairy|100/100
|-terastallize|p2a: Torkoal|Fire
|move|p1a: Pelipper|Protect|p1a: Pelipper
|-singleturn|p1a: Pelipper|Protect
|move|p2a: Torkoal|Weather Ball|p1b: Dragonite
|-damage|p1b: Dragonite|55/100
|move|p2b: Ursaluna|Facade|p1a: Pelipper
|-activate|p1a: Pelipper|move: Protect
|
|-weather|SunnyDay|[upkeep]
|-damage|p2b: Ursaluna|95/100 brn|[from] brn
|upkeep
|turn|4
|
|t:|1757113309
|switch|p1a: Archaludon|Archaludon, L50, F, shiny|74/100
|move|p2a: Torkoal|Weather Ball|p1a: Archaludon
|-damage|p1a: Archaludon|0 fnt
|faint|p1a: Archaludon
|move|p2b: Ursaluna|Facade|p1b: Dragonite
|-damage|p1b: Dragonite|0 fnt
|-damage|p2b: Ursaluna|78/100 brn|[from] item: Rocky Helmet|[of] p1b: Dragonite
|faint|p1b: Dragonite
|
|-weather|SunnyDay|[upkeep]
|-damage|p2b: Ursaluna|72/100 brn|[from] brn
|upkeep
|
|t:|1757113324
|switch|p1b: Annihilape|Annihilape, L50, F, shiny|100/100
|switch|p1a: Pelipper|Pelipper, L50, F, shiny|1/100
|-weather|RainDance|[from] ability: Drizzle|[of] p1a: Pelipper
|turn|5
|inactive|washingtongargacha has 30 seconds left.
|
|t:|1757113353
|switch|p2a: Indeedee|Indeedee-F, L50, F|71/100
|move|p1a: Pelipper|Protect|p1a: Pelipper
|-singleturn|p1a: Pelipper|Protect
|move|p1b: Annihilape|Protect|p1b: Annihilape
|-singleturn|p1b: Annihilape|Protect
|move|p2b: Ursaluna|Headlong Rush|p1b: Annihilape
|-activate|p1b: Annihilape|move: Protect
|
|-weather|RainDance|[upkeep]
|-damage|p2b: Ursaluna|66/100 brn|[from] brn
|-fieldend|move: Trick Room
|-fieldend|move: Psychic Terrain
|upkeep
|turn|6
|inactive|mbrown14 has 30 seconds left.
|
|t:|1757113381
|move|p2a: Indeedee|Follow Me|p2a: Indeedee
|-singleturn|p2a: Indeedee|move: Follow Me
|move|p1b: Annihilape|Throat Chop|p2a: Indeedee
|-supereffective|p2a: Indeedee
|-damage|p2a: Indeedee|24/100
|-start|p2a: Indeedee|Throat Chop|[silent]
|move|p1a: Pelipper|Hurricane|p2a: Indeedee
|-damage|p2a: Indeedee|0 fnt
|faint|p2a: Indeedee
|move|p2b: Ursaluna|Headlong Rush|p1b: Annihilape
|-damage|p1b: Annihilape|0 fnt
|-unboost|p2b: Ursaluna|def|1
|-unboost|p2b: Ursaluna|spd|1
|faint|p1b: Annihilape
|
|-weather|RainDance|[upkeep]
|-damage|p2b: Ursaluna|60/100 brn|[from] brn
|upkeep
|
|t:|1757113395
|switch|p2a: Torkoal|Torkoal, L50, M, tera:Fire|100/100
|-weather|SunnyDay|[from] ability: Drought|[of] p2a: Torkoal
|turn|7
|
|t:|1757113403
|move|p1a: Pelipper|Hurricane|p2b: Ursaluna|[miss]
|-miss|p1a: Pelipper|p2b: Ursaluna
|move|p2b: Ursaluna|Facade|p1a: Pelipper
|-damage|p1a: Pelipper|0 fnt
|faint|p1a: Pelipper
|
|win|washingtongargacha
