|j|☆Philly Turtles
|j|☆Ryan Regirocks
|html|Philly TurtlesRyan Regirocks    
|uhtml|bestof|Game 2 of a best-of-3
|t:|1784387277
|gametype|doubles
|player|p1|Philly Turtles|candice|
|player|p2|Ryan Regirocks|169|
|gen|9
|tier|[Gen 9 Champions] VGC 2026 Reg M-B (Bo3)
|rule|Species Clause: Limit one of each Pokémon
|rule|Item Clause: Limit 1 of each item
|clearpoke
|poke|p1|Froslass, L50, F|
|poke|p1|Primarina, L50, F|
|poke|p1|Crabominable, L50, F, shiny|
|poke|p1|Slowking-Galar, L50, M|
|poke|p1|Tsareena, L50, F|
|poke|p1|Sableye, L50, F|
|poke|p2|Dragonite, L50, F|
|poke|p2|Pelipper, L50, F|
|poke|p2|Archaludon, L50, F|
|poke|p2|Scizor, L50, M|
|poke|p2|Overqwil, L50, M|
|poke|p2|Rhyperior, L50, M|
|teampreview|4
|showteam|p1|Froslass||Froslassite|CursedBody|AuroraVeil,Blizzard,ShadowBall,Protect|Timid||F|||50|]Primarina||LifeOrb|LiquidVoice|Blizzard,HyperVoice,Protect,CalmMind|Modest||F|||50|]Crabominable||Crabominite|HyperCutter|DrainPunch,IceHammer,MachPunch,Protect|Brave||F|||50|]Slowking-Galar||Leftovers|Regenerator|ChillyReception,TrickRoom,Psychic,HealPulse|Relaxed||M|||50|]Tsareena||WideLens|QueenlyMajesty|TripleAxel,TropKick,Uturn,HighJumpKick|Adamant||F|||50|]Sableye||FocusSash|Prankster|FakeOut,Encore,WillOWisp,FoulPlay|Careful||F|||50|
|showteam|p2|Dragonite||Dragoninite|Multiscale|Protect,Flamethrower,Thunderbolt,AirSlash|Modest||F|||50|]Pelipper||SitrusBerry|Drizzle|Protect,Tailwind,Hurricane,WideGuard|Calm||F|||50|]Archaludon||Leftovers|Stamina|ElectroShot,FlashCannon,DragonPulse,Protect|Modest||F|||50|]Scizor||MetalCoat|Technician|SwordsDance,Protect,BulletPunch,DualWingbeat|Adamant||M|||50|]Overqwil||ShucaBerry|Intimidate|Protect,ThroatChop,BarbBarrage,Taunt|Careful||M|||50|]Rhyperior||IronBall|SolidRock|RockSlide,Earthquake,IcePunch,Protect|Brave||M|||50|
|j| yungsmokey
|c| yungsmokey|hello hello
|
|t:|1784387318
|teamsize|p1|4
|teamsize|p2|4
|start
|switch|p1a: Froslass|Froslass, L50, F|100/100
|switch|p1b: Primarina|Primarina, L50, F|100/100
|switch|p2a: Archaludon|Archaludon, L50, F|100/100
|switch|p2b: Rhyperior|Rhyperior, L50, M|100/100
|turn|1
|
|t:|1784387383
|move|p1a: Froslass|Protect|p1a: Froslass
|-singleturn|p1a: Froslass|Protect
|move|p2a: Archaludon|Flash Cannon|p1a: Froslass
|-activate|p1a: Froslass|move: Protect
|move|p1b: Primarina|Hyper Voice|p2a: Archaludon|[spread] p2a,p2b
|-resisted|p2a: Archaludon|1
|-supereffective|p2b: Rhyperior|2
|-damage|p2a: Archaludon|71/100
|-damage|p2b: Rhyperior|0 fnt
|-ability|p2a: Archaludon|Stamina|boost
|-boost|p2a: Archaludon|def|1
|faint|p2b: Rhyperior
|-damage|p1b: Primarina|90/100|[from] item: Life Orb
|
|-heal|p2a: Archaludon|77/100|[from] item: Leftovers
|upkeep
|
|t:|1784387399
|switch|p2b: Scizor|Scizor, L50, M|100/100
|turn|2
|
|t:|1784387411
|detailschange|p1a: Froslass|Froslass-Mega, L50, F
|-mega|p1a: Froslass|Froslass|Froslassite
|-weather|Snowscape|[from] ability: Snow Warning|[of] p1a: Froslass
|move|p1a: Froslass|Blizzard|p2a: Archaludon|[spread] p2a,p2b
|-resisted|p2b: Scizor|1
|-damage|p2a: Archaludon|25/100
|-damage|p2b: Scizor|73/100
|-ability|p2a: Archaludon|Stamina|boost
|-boost|p2a: Archaludon|def|1
|move|p2a: Archaludon|Flash Cannon|p1a: Froslass
|-supereffective|p1a: Froslass|1
|-damage|p1a: Froslass|0 fnt
|faint|p1a: Froslass
|move|p2b: Scizor|Swords Dance|p2b: Scizor
|-boost|p2b: Scizor|atk|2
|move|p1b: Primarina|Blizzard|p2a: Archaludon|[spread] p2a,p2b
|-resisted|p2b: Scizor|1
|-damage|p2a: Archaludon|0 fnt
|-damage|p2b: Scizor|51/100
|-status|p2b: Scizor|frz
|faint|p2a: Archaludon
|-damage|p1b: Primarina|80/100|[from] item: Life Orb
|
|-weather|Snowscape|[upkeep]
|upkeep
|
|t:|1784387431
|switch|p1a: Tsareena|Tsareena, L50, F|100/100
|switch|p2a: Pelipper|Pelipper, L50, F|100/100
|-weather|RainDance|[from] ability: Drizzle|[of] p2a: Pelipper
|turn|3
|
|t:|1784387449
|cant|p2b: Scizor|frz
|move|p1a: Tsareena|Trop Kick|p2a: Pelipper
|-damage|p2a: Pelipper|49/100
|-unboost|p2a: Pelipper|atk|1
|-enditem|p2a: Pelipper|Sitrus Berry|[eat]
|-heal|p2a: Pelipper|73/100|[from] item: Sitrus Berry
|move|p2a: Pelipper|Hurricane|p1a: Tsareena
|-supereffective|p1a: Tsareena|1
|-damage|p1a: Tsareena|11/100
|-start|p1a: Tsareena|confusion
|move|p1b: Primarina|Calm Mind|p1b: Primarina
|-boost|p1b: Primarina|spa|1
|-boost|p1b: Primarina|spd|1
|
|-weather|RainDance|[upkeep]
|upkeep
|turn|4
|
|t:|1784387485
|switch|p1a: Slowking|Slowking-Galar, L50, M|100/100
|cant|p2b: Scizor|frz
|move|p2a: Pelipper|Hurricane|p1b: Primarina
|-damage|p1b: Primarina|59/100
|move|p1b: Primarina|Hyper Voice|p2a: Pelipper|[spread] p2a,p2b
|-resisted|p2a: Pelipper|1
|-damage|p2a: Pelipper|21/100
|-damage|p2b: Scizor|0 fnt
|faint|p2b: Scizor
|-damage|p1b: Primarina|50/100g|[from] item: Life Orb
|
|-weather|RainDance|[upkeep]
|upkeep
|turn|5
|
|t:|1784387505
|move|p2a: Pelipper|Protect|p2a: Pelipper
|-singleturn|p2a: Pelipper|Protect
|move|p1b: Primarina|Hyper Voice|p2a: Pelipper
|-activate|p2a: Pelipper|move: Protect
|move|p1a: Slowking|Psychic|p2a: Pelipper
|-activate|p2a: Pelipper|move: Protect
|
|-weather|RainDance|[upkeep]
|upkeep
|turn|6
|
|t:|1784387519
|move|p2a: Pelipper|Hurricane|p1a: Slowking
|-damage|p1a: Slowking|68/100
|move|p1b: Primarina|Hyper Voice|p2a: Pelipper
|-resisted|p2a: Pelipper|1
|-damage|p2a: Pelipper|0 fnt
|faint|p2a: Pelipper
|-damage|p1b: Primarina|40/100|[from] item: Life Orb
|
|win|Philly Turtles
||Philly Turtles is ready for game 3.
||Ryan Regirocks is ready for game 3.
|uhtml|next|Next: Game 3 of 3
|l| yungsmokey
|l|☆Philly Turtles
|player|p1|
