|j|☆mjs_12
|j|☆Pinoitaliano
|html|mjs_12Pinoitaliano    
|uhtml|bestof|Game 1 of a best-of-3
|t:|1756566266
|gametype|doubles
|player|p1|mjs_12|102|1048
|player|p2|Pinoitaliano|rika|1059
|gen|9
|tier|[Gen 9] VGC 2025 Reg H (Bo3)
|rated|
|rule|Species Clause: Limit one of each Pokémon
|rule|Item Clause: Limit 1 of each item
|clearpoke
|poke|p1|Tyranitar, L50, F|
|poke|p1|Kommo-o, L50, F|
|poke|p1|Sinistcha, L50|
|poke|p1|Talonflame, L50, M|
|poke|p1|Annihilape, L50, F|
|poke|p1|Ursaluna-Bloodmoon, L50, M|
|poke|p2|Volbeat, L50, M|
|poke|p2|Primarina, L50, M|
|poke|p2|Espathra, L50, M|
|poke|p2|Typhlosion-Hisui, L50, F|
|poke|p2|Indeedee-F, L50, F|
|poke|p2|Archaludon, L50, M|
|teampreview|4
|showteam|p1|Tyranitar||AssaultVest|SandStream|RockSlide,KnockOff,HeavySlam,Snarl|||F|||50|,,,,,Ghost]Kommo-o||ThroatSpray|Overcoat|ClangorousSoul,ClangingScales,AuraSphere,Protect|||F|||50|,,,,,Fire]Sinistcha||RockyHelmet|Hospitality|StrengthSap,RagePowder,MatchaGotcha,Protect||||||50|,,,,,Dark]Talonflame||MentalHerb|GaleWings|Tailwind,BraveBird,FlareBlitz,FlameCharge|||M|||50|,,,,,Ghost]Annihilape||ChoiceScarf|Defiant|FinalGambit,Coaching,RageFist,Uturn|||F|||50|,,,,,Fire]Ursaluna-Bloodmoon||CovertCloak|MindsEye|HyperVoice,BloodMoon,EarthPower,Protect|||M|||50|,,,,,Normal
|showteam|p2|Volbeat||CobaBerry|Prankster|Encore,SunnyDay,Tailwind,RainDance|||M|||50|,,,,,Dark]Primarina||ChoiceSpecs|LiquidVoice|HyperVoice,WeatherBall,DazzlingGleam,Moonblast|||M|||50|,,,,,Steel]Espathra||FocusSash|SpeedBoost|Protect,LuminaCrash,ExpandingForce,DazzlingGleam|||M|||50|,,,,,Psychic]Typhlosion-Hisui||Charcoal|Blaze|Eruption,Protect,ShadowBall,Flamethrower|||F|||50|,,,,,Fire]Indeedee-F||SafetyGoggles|PsychicSurge|FollowMe,HyperVoice,TrickRoom,Imprison|||F|||50|,,,,,Fairy]Archaludon||PowerHerb|Stamina|Protect,ElectroShot,AuraSphere,DragonPulse|||M|||50|,,,,,Grass
|inactive|Battle timer is ON: inactive players will automatically lose when time's up. (requested by Pinoitaliano)
|
|t:|1756566289
|teamsize|p1|4
|teamsize|p2|4
|start
|switch|p1a: Tyranitar|Tyranitar, L50, F|100/100
|switch|p1b: Kommo-o|Kommo-o, L50, F|100/100
|switch|p2a: Volbeat|Volbeat, L50, M|100/100
|switch|p2b: Primarina|Primarina, L50, M|100/100
|-weather|Sandstorm|[from] ability: Sand Stream|[of] p1a: Tyranitar
|turn|1
|inactive|Pinoitaliano has 30 seconds left.
|
|t:|1756566321
|-terastallize|p1b: Kommo-o|Fire
|-terastallize|p2b: Primarina|Steel
|move|p2a: Volbeat|Rain Dance|p2a: Volbeat
|-weather|RainDance
|move|p1b: Kommo-o|Clangorous Soul|p1b: Kommo-o
|-boost|p1b: Kommo-o|atk|1
|-boost|p1b: Kommo-o|def|1
|-boost|p1b: Kommo-o|spa|1
|-boost|p1b: Kommo-o|spd|1
|-boost|p1b: Kommo-o|spe|1
|-damage|p1b: Kommo-o|68/100
|-enditem|p1b: Kommo-o|Throat Spray
|-boost|p1b: Kommo-o|spa|1|[from] item: Throat Spray
|move|p2b: Primarina|Moonblast|p1b: Kommo-o
|-resisted|p1b: Kommo-o
|-damage|p1b: Kommo-o|42/100
|-unboost|p1b: Kommo-o|spa|1
|move|p1a: Tyranitar|Snarl|p2b: Primarina|[spread] p2a,p2b
|-crit|p2a: Volbeat
|-damage|p2a: Volbeat|85/100
|-damage|p2b: Primarina|88/100
|-unboost|p2a: Volbeat|spa|1
|-unboost|p2b: Primarina|spa|1
|
|-weather|RainDance|[upkeep]
|upkeep
|turn|2
|inactive|mjs_12 has 30 seconds left.
|inactive|Pinoitaliano has 30 seconds left.
|inactive|mjs_12 has 20 seconds left.
|inactive|mjs_12 has 15 seconds left.
|
|t:|1756566363
|switch|p1a: Talonflame|Talonflame, L50, M|100/100
|move|p1b: Kommo-o|Protect|p1b: Kommo-o
|-singleturn|p1b: Kommo-o|Protect
|move|p2a: Volbeat|Encore|p1b: Kommo-o
|-activate|p1b: Kommo-o|move: Protect
|move|p2b: Primarina|Moonblast|p1a: Talonflame
|-resisted|p1a: Talonflame
|-damage|p1a: Talonflame|65/100
|
|-weather|RainDance|[upkeep]
|upkeep
|turn|3
|
|t:|1756566387
|switch|p2b: Archaludon|Archaludon, L50, M|100/100
|move|p2a: Volbeat|Encore|p1b: Kommo-o
|-start|p1b: Kommo-o|Encore
|move|p1b: Kommo-o|Protect||[still]
|-fail|p1b: Kommo-o
|move|p1a: Talonflame|Tailwind|p1a: Talonflame
|-sidestart|p1: mjs_12|move: Tailwind
|
|-weather|RainDance|[upkeep]
|upkeep
|turn|4
|
|t:|1756566401
|move|p1b: Kommo-o|Protect|p1b: Kommo-o
|-singleturn|p1b: Kommo-o|Protect
|move|p2a: Volbeat|Tailwind|p2a: Volbeat
|-sidestart|p2: Pinoitaliano|move: Tailwind
|move|p1a: Talonflame|Brave Bird|p2a: Volbeat
|-supereffective|p2a: Volbeat
|-enditem|p2a: Volbeat|Coba Berry|[eat]
|-enditem|p2a: Volbeat|Coba Berry|[weaken]
|-damage|p2a: Volbeat|29/100
|-damage|p1a: Talonflame|44/100|[from] Recoil
|move|p2b: Archaludon|Electro Shot||[still]
|-prepare|p2b: Archaludon|Electro Shot
|-boost|p2b: Archaludon|spa|1
|-anim|p2b: Archaludon|Electro Shot|p1b: Kommo-o
|-activate|p1b: Kommo-o|move: Protect
|
|-weather|RainDance|[upkeep]
|upkeep
|turn|5
|inactive|Pinoitaliano has 30 seconds left.
|
|t:|1756566431
|switch|p1a: Tyranitar|Tyranitar, L50, F|100/100
|-weather|Sandstorm|[from] ability: Sand Stream|[of] p1a: Tyranitar
|move|p1b: Kommo-o|Protect||[still]
|-fail|p1b: Kommo-o
|move|p2a: Volbeat|Sunny Day|p2a: Volbeat
|-weather|SunnyDay
|move|p2b: Archaludon|Electro Shot||[still]
|-prepare|p2b: Archaludon|Electro Shot
|-boost|p2b: Archaludon|spa|1
|-enditem|p2b: Archaludon|Power Herb
|-anim|p2b: Archaludon|Electro Shot|p1b: Kommo-o
|-damage|p1b: Kommo-o|0 fnt
|faint|p1b: Kommo-o
|
|-weather|SunnyDay|[upkeep]
|upkeep
|
|t:|1756566443
|switch|p1b: Ursaluna|Ursaluna-Bloodmoon, L50, M|100/100
|turn|6
|
|t:|1756566465
|move|p2a: Volbeat|Rain Dance|p2a: Volbeat
|-weather|RainDance
|move|p2b: Archaludon|Aura Sphere|p1b: Ursaluna
|-supereffective|p1b: Ursaluna
|-damage|p1b: Ursaluna|0 fnt
|faint|p1b: Ursaluna
|move|p1a: Tyranitar|Knock Off|p2b: Archaludon
|-damage|p2b: Archaludon|69/100
|-ability|p2b: Archaludon|Stamina|boost
|-boost|p2b: Archaludon|def|1
|
|-weather|RainDance|[upkeep]
|-sideend|p1: mjs_12|move: Tailwind
|upkeep
|
|t:|1756566472
|switch|p1b: Talonflame|Talonflame, L50, M|44/100
|turn|7
|-message|mjs_12 forfeited.
|
|win|Pinoitaliano
|l|☆mjs_12
|player|p1|
||Pinoitaliano is ready for game 2.
||mjs_12 is ready for game 2.
|uhtml|next|Next: Game 2 of 3
