|j|☆Hudie EU
|j|☆ufhednarvgc
|html|Hudie EUufhednarvgc    
|uhtml|bestof|Game 2 of a best-of-3
|t:|1786048675
|gametype|doubles
|player|p1|Hudie EU|hilda|1238
|player|p2|ufhednarvgc|lance|1175
|gen|9
|tier|[Gen 9 Champions] VGC 2026 Reg M-B (Bo3)
|rated|
|rule|Species Clause: Limit one of each Pokémon
|rule|Item Clause: Limit 1 of each item
|clearpoke
|poke|p1|Delphox, L50, F, shiny|
|poke|p1|Staraptor, L50, F, shiny|
|poke|p1|Grimmsnarl, L50, M, shiny|
|poke|p1|Sinistcha, L50, shiny|
|poke|p1|Garchomp, L50, M, shiny|
|poke|p1|Scizor, L50, F, shiny|
|poke|p2|Arcanine-Hisui, L50, M|
|poke|p2|Kingambit, L50, F|
|poke|p2|Raichu, L50, M|
|poke|p2|Farigiraf, L50, M|
|poke|p2|Sylveon, L50, F|
|poke|p2|Staraptor, L50, M|
|teampreview|4
|showteam|p1|Delphox||Delphoxite|Blaze|HeatWave,Psyshock,NastyPlot,Protect|Timid||F|||50|]Staraptor||Staraptite|Intimidate|CloseCombat,BraveBird,Tailwind,Protect|Jolly||F|||50|]Grimmsnarl||LightClay|Prankster|FakeOut,Reflect,LightScreen,PartingShot|Careful||M|||50|]Sinistcha||FocusSash|Hospitality|Protect,RagePowder,MatchaGotcha,TrickRoom|Bold|||||50|]Garchomp||ChoiceScarf|RoughSkin|DragonClaw,Earthquake,RockSlide,StompingTantrum|Adamant||M|||50|]Scizor||LifeOrb|Technician|BulletPunch,BugBite,QuickGuard,Protect|Adamant||F|||50|
|showteam|p2|Arcanine-Hisui||FocusSash|RockHead|FlareBlitz,HeadSmash,ExtremeSpeed,Protect|Jolly||M|||50|]Kingambit||LifeOrb|Defiant|KowtowCleave,SuckerPunch,SwordsDance,Protect|Adamant||F|||50|]Raichu||RaichuniteY|LightningRod|ZapCannon,FocusBlast,FakeOut,Protect|Timid||M|||50|]Farigiraf||SitrusBerry|ArmorTail|Psychic,HelpingHand,TrickRoom,Protect|Modest||M|||50|]Sylveon||FairyFeather|Pixilate|HyperVoice,HyperBeam,QuickAttack,Detect|Modest||F|||50|]Staraptor||Staraptite|Intimidate|CloseCombat,DualWingbeat,Roost,Protect|Jolly||M|||50|
|inactive|Battle timer is ON: inactive players will automatically lose when time's up. (requested by Hudie EU)
|inactive|Hudie EU has 60 seconds left.
|
|t:|1786048735
|teamsize|p1|4
|teamsize|p2|4
|start
|switch|p1a: Fox Magic|Delphox, L50, F, shiny|100/100
|switch|p1b: FreakyMtnDew|Sinistcha, L50, shiny|100/100
|switch|p2a: Arcanine|Arcanine-Hisui, L50, M|100/100
|switch|p2b: Kingambit|Kingambit, L50, F|100/100
|turn|1
|
|t:|1786048758
|switch|p1a: Yeah We Ball|Garchomp, L50, M, shiny|100/100
|move|p2a: Arcanine|Head Smash|p1a: Yeah We Ball
|-resisted|p1a: Yeah We Ball|1
|-damage|p1a: Yeah We Ball|67/100
|-damage|p2a: Arcanine|87/100|[from] ability: Rough Skin|[of] p1a: Yeah We Ball
|move|p1b: FreakyMtnDew|Matcha Gotcha|p2b: Kingambit|[spread] p2a,p2b
|-resisted|p2b: Kingambit|1
|-damage|p2a: Arcanine|54/100
|-damage|p2b: Kingambit|85/100
|move|p2b: Kingambit|Kowtow Cleave|p1a: Yeah We Ball
|-damage|p1a: Yeah We Ball|0 fnt
|-damage|p2b: Kingambit|72/100|[from] ability: Rough Skin|[of] p1a: Yeah We Ball
|faint|p1a: Yeah We Ball
|-damage|p2b: Kingambit|63/100|[from] item: Life Orb
|
|upkeep
|
|t:|1786048777
|switch|p1a: Fox Magic|Delphox, L50, F, shiny|100/100
|turn|2
|
|t:|1786048789
|switch|p2b: Farigiraf|Farigiraf, L50, M|100/100
|detailschange|p1a: Fox Magic|Delphox-Mega, L50, F, shiny
|-mega|p1a: Fox Magic|Delphox|Delphoxite
|move|p1b: FreakyMtnDew|Rage Powder|p1b: FreakyMtnDew
|-singleturn|p1b: FreakyMtnDew|move: Rage Powder
|move|p1a: Fox Magic|Psyshock|p2a: Arcanine
|-damage|p2a: Arcanine|6/100
|move|p2a: Arcanine|Head Smash|p1b: FreakyMtnDew
|-damage|p1b: FreakyMtnDew|45/100
|
|upkeep
|turn|3
|inactive|ufhednarvgc has 30 seconds left.
|
|t:|1786048823
|move|p1a: Fox Magic|Psyshock|p2a: Arcanine
|-damage|p2a: Arcanine|0 fnt
|faint|p2a: Arcanine
|move|p1b: FreakyMtnDew|Trick Room|p1b: FreakyMtnDew
|-fieldstart|move: Trick Room|[of] p1b: FreakyMtnDew
|move|p2b: Farigiraf|Trick Room|p2b: Farigiraf
|-fieldend|move: Trick Room
|
|upkeep
|
|t:|1786048831
|switch|p2a: Kingambit|Kingambit, L50, F|63/100
|turn|4
|
|t:|1786048854
|move|p2a: Kingambit|Protect|p2a: Kingambit
|-singleturn|p2a: Kingambit|Protect
|move|p1b: FreakyMtnDew|Rage Powder|p1b: FreakyMtnDew
|-singleturn|p1b: FreakyMtnDew|move: Rage Powder
|move|p1a: Fox Magic|Heat Wave|p2b: Farigiraf|[spread] p2b
|-activate|p2a: Kingambit|move: Protect
|-damage|p2b: Farigiraf|66/100
|move|p2b: Farigiraf|Trick Room|p2b: Farigiraf
|-fieldstart|move: Trick Room|[of] p2b: Farigiraf
|
|upkeep
|turn|5
|
|t:|1786048873
|switch|p1a: Greensmith|Scizor, L50, F, shiny|100/100
|move|p2a: Kingambit|Kowtow Cleave|p1a: Greensmith
|-damage|p1a: Greensmith|35/100
|-damage|p2a: Kingambit|53/100|[from] item: Life Orb
|move|p2b: Farigiraf|Psychic|p1a: Greensmith
|-resisted|p1a: Greensmith|1
|-damage|p1a: Greensmith|11/100
|move|p1b: FreakyMtnDew|Trick Room|p1b: FreakyMtnDew
|-fieldend|move: Trick Room
|
|upkeep
|turn|6
|
|t:|1786048888
|move|p2b: Farigiraf|Protect|p2b: Farigiraf
|-singleturn|p2b: Farigiraf|Protect
|move|p1b: FreakyMtnDew|Rage Powder|p1b: FreakyMtnDew
|-singleturn|p1b: FreakyMtnDew|move: Rage Powder
|move|p1a: Greensmith|Bug Bite|p2b: Farigiraf
|-activate|p2b: Farigiraf|move: Protect
|move|p2a: Kingambit|Kowtow Cleave|p1b: FreakyMtnDew
|-supereffective|p1b: FreakyMtnDew|1
|-damage|p1b: FreakyMtnDew|0 fnt
|faint|p1b: FreakyMtnDew
|-damage|p2a: Kingambit|43/100|[from] item: Life Orb
|
|upkeep
|
|t:|1786048890
|switch|p1b: Fox Magic|Delphox-Mega, L50, F, shiny|100/100
|turn|7
|
|t:|1786048904
|move|p2a: Kingambit|Protect|p2a: Kingambit
|-singleturn|p2a: Kingambit|Protect
|move|p1b: Fox Magic|Heat Wave|p2a: Kingambit|[spread] p2b
|-activate|p2a: Kingambit|move: Protect
|-damage|p2b: Farigiraf|34/100
|-enditem|p2b: Farigiraf|Sitrus Berry|[eat]
|-heal|p2b: Farigiraf|59/100|[from] item: Sitrus Berry
|move|p1a: Greensmith|Bug Bite|p2b: Farigiraf
|-supereffective|p2b: Farigiraf|1
|-damage|p2b: Farigiraf|0 fnt
|faint|p2b: Farigiraf
|-damage|p1a: Greensmith|2/100|[from] item: Life Orb
|
|upkeep
|
|t:|1786048916
|switch|p2b: Staraptor|Staraptor, L50, M|100/100
|-ability|p2b: Staraptor|Intimidate|boost
|-unboost|p1a: Greensmith|atk|1
|-unboost|p1b: Fox Magic|atk|1
|turn|8
|
|t:|1786048926
|detailschange|p2b: Staraptor|Staraptor-Mega, L50, M
|-mega|p2b: Staraptor|Staraptor|Staraptite
|move|p1a: Greensmith|Quick Guard|p1a: Greensmith
|-singleturn|p1a: Greensmith|Quick Guard
|move|p2a: Kingambit|Sucker Punch|p1b: Fox Magic
|-activate|p1b: Fox Magic|move: Quick Guard
|move|p1b: Fox Magic|Heat Wave|p2b: Staraptor|[spread] p2a,p2b
|-supereffective|p2a: Kingambit|1
|-damage|p2a: Kingambit|0 fnt
|-damage|p2b: Staraptor|61/100
|faint|p2a: Kingambit
|move|p2b: Staraptor|Close Combat|p1a: Greensmith
|-damage|p1a: Greensmith|0 fnt
|-boost|p2b: Staraptor|def|1
|-boost|p2b: Staraptor|spd|1
|faint|p1a: Greensmith
|
|upkeep
|turn|9
|-message|ufhednarvgc forfeited.
|
|win|Hudie EU
|raw|Hudie EU's rating: 1238 → 1259(+21 for winning)
|raw|ufhednarvgc's rating: 1175 → 1154(-21 for losing)
|l|☆ufhednarvgc
|player|p2|
|j|☆ufhednarvgc
|player|p2|ufhednarvgc|lance|
