|j|☆robthedog98
|j|☆precisiondepicasso
|html|robthedog98precisiondepicasso    
|uhtml|bestof|Game 1 of a best-of-3
|t:|1782412929
|gametype|doubles
|player|p1|robthedog98|265|1115
|player|p2|precisiondepicasso|cyclistf-gen4|1143
|gen|9
|tier|[Gen 9 Champions] VGC 2026 Reg M-B (Bo3)
|rated|
|rule|Species Clause: Limit one of each Pokémon
|rule|Item Clause: Limit 1 of each item
|clearpoke
|poke|p1|Swampert, L50, M|
|poke|p1|Pelipper, L50, M|
|poke|p1|Grimmsnarl, L50, M|
|poke|p1|Staraptor, L50, M|
|poke|p1|Whimsicott, L50, F|
|poke|p1|Gholdengo, L50|
|poke|p2|Aerodactyl, L50, F|
|poke|p2|Garchomp, L50, F|
|poke|p2|Kingambit, L50, M|
|poke|p2|Charizard, L50, F|
|poke|p2|Sylveon, L50, M|
|poke|p2|Farigiraf, L50, M|
|teampreview|4
|showteam|p1|Swampert||Swampertite|Torrent|WaveCrash,HighHorsepower,Protect,FlipTurn|Adamant||M|||50|]Pelipper||FocusSash|Drizzle|Tailwind,Uturn,ChillingWater,Hurricane|Modest||M|||50|]Grimmsnarl||LightClay|Prankster|LightScreen,SpiritBreak,FakeOut,PartingShot|Serious||M|||50|]Staraptor||Staraptite|Intimidate|BraveBird,CloseCombat,Protect,Uturn|Jolly||M|||50|]Whimsicott||Leftovers|Prankster|Tailwind,Charm,Tickle,Moonblast|Bold||F|||50|]Gholdengo||LifeOrb|GoodasGold|Psychic,MakeItRain,ShadowBall,NastyPlot|Timid|||||50|
|showteam|p2|Aerodactyl||Aerodactylite|Unnerve|IceFang,RockSlide,Tailwind,DualWingbeat|Jolly||F|||50|]Garchomp||LifeOrb|RoughSkin|DragonClaw,StompingTantrum,Earthquake,Protect|Jolly||F|||50|]Kingambit||FocusSash|Defiant|SuckerPunch,KowtowCleave,IronHead,LowKick|Adamant||M|||50|]Charizard||CharizarditeY|Blaze|Protect,WeatherBall,HeatWave,SolarBeam|Modest||F|||50|]Sylveon||FairyFeather|Pixilate|Protect,HyperVoice,HyperBeam,QuickAttack|Modest||M|||50|]Farigiraf||SitrusBerry|ArmorTail|TrickRoom,Thunderbolt,Roar,TwinBeam|Bold||M|||50|
|inactive|Battle timer is ON: inactive players will automatically lose when time's up. (requested by precisiondepicasso)
|inactive|precisiondepicasso has 60 seconds left.
|
|t:|1782412982
|teamsize|p1|4
|teamsize|p2|4
|start
|switch|p1a: Swampert|Swampert, L50, M|100/100
|switch|p1b: Whimsicott|Whimsicott, L50, F|100/100
|switch|p2a: Charizard|Charizard, L50, F|100/100
|switch|p2b: Kingambit|Kingambit, L50, M|100/100
|turn|1
|inactive|robthedog98 has 30 seconds left.
|
|t:|1782413012
|detailschange|p2a: Charizard|Charizard-Mega-Y, L50, F
|-mega|p2a: Charizard|Charizard|Charizardite Y
|-weather|SunnyDay|[from] ability: Drought|[of] p2a: Charizard
|detailschange|p1a: Swampert|Swampert-Mega, L50, M
|-mega|p1a: Swampert|Swampert|Swampertite
|move|p1a: Swampert|Protect|p1a: Swampert
|-singleturn|p1a: Swampert|Protect
|move|p1b: Whimsicott|Tickle|p2a: Charizard
|-unboost|p2a: Charizard|atk|1
|-unboost|p2a: Charizard|def|1
|move|p2a: Charizard|Heat Wave|p1a: Swampert|[spread] 
|-activate|p1a: Swampert|move: Protect
|-miss|p2a: Charizard|p1b: Whimsicott
|move|p2b: Kingambit|Kowtow Cleave|p1b: Whimsicott
|-resisted|p1b: Whimsicott|1
|-damage|p1b: Whimsicott|77/100
|
|-weather|SunnyDay|[upkeep]
|-heal|p1b: Whimsicott|83/100|[from] item: Leftovers
|upkeep
|turn|2
|inactive|robthedog98 has 30 seconds left.
|inactive|precisiondepicasso has 30 seconds left.
|inactive|robthedog98 has 20 seconds left.
|inactive|robthedog98 has 15 seconds left.
|inactive|robthedog98 has 10 seconds left.
|
|t:|1782413061
|switch|p2a: Farigiraf|Farigiraf, L50, M|100/100
|switch|p1b: Pelipper|Pelipper, L50, M|100/100
|-weather|RainDance|[from] ability: Drizzle|[of] p1b: Pelipper
|move|p1a: Swampert|Wave Crash|p2a: Farigiraf
|-damage|p2a: Farigiraf|15/100
|-enditem|p2a: Farigiraf|Sitrus Berry|[eat]
|-heal|p2a: Farigiraf|40/100|[from] item: Sitrus Berry
|-damage|p1a: Swampert|69/100|[from] Recoil
|move|p2b: Kingambit|Kowtow Cleave|p1a: Swampert
|-damage|p1a: Swampert|31/100
|
|-weather|RainDance|[upkeep]
|upkeep
|turn|3
|
|t:|1782413079
|move|p2b: Kingambit|Sucker Punch|p1a: Swampert
|-damage|p1a: Swampert|0 fnt
|faint|p1a: Swampert
|move|p1b: Pelipper|Tailwind|p1b: Pelipper
|-sidestart|p1: robthedog98|move: Tailwind
|move|p2a: Farigiraf|Thunderbolt|p1b: Pelipper
|-supereffective|p1b: Pelipper|2
|-enditem|p1b: Pelipper|Focus Sash
|-damage|p1b: Pelipper|1/100
|
|-weather|RainDance|[upkeep]
|upkeep
|
|t:|1782413082
|switch|p1a: Gholdengo|Gholdengo, L50|100/100
|turn|4
|
|t:|1782413096
|move|p2b: Kingambit|Sucker Punch||[still]
|-fail|p2b: Kingambit
|move|p1a: Gholdengo|Nasty Plot|p1a: Gholdengo
|-boost|p1a: Gholdengo|spa|2
|move|p1b: Pelipper|Hurricane|p2a: Farigiraf
|-damage|p2a: Farigiraf|0 fnt
|faint|p2a: Farigiraf
|
|-weather|RainDance|[upkeep]
|upkeep
|
|t:|1782413106
|switch|p2a: Charizard|Charizard-Mega-Y, L50, F|100/100
|-weather|SunnyDay|[from] ability: Drought|[of] p2a: Charizard
|turn|5
|
|t:|1782413127
|move|p2b: Kingambit|Sucker Punch|p1a: Gholdengo
|-supereffective|p1a: Gholdengo|1
|-damage|p1a: Gholdengo|4/100
|move|p1a: Gholdengo|Make It Rain|p2b: Kingambit|[spread] p2a,p2b
|-resisted|p2a: Charizard|1
|-resisted|p2b: Kingambit|1
|-damage|p2a: Charizard|41/100
|-damage|p2b: Kingambit|31/100
|-unboost|p1a: Gholdengo|spa|2
|-damage|p1a: Gholdengo|0 fnt|[from] item: Life Orb
|faint|p1a: Gholdengo
|move|p1b: Pelipper|U-turn|p2b: Kingambit
|-damage|p2b: Kingambit|24/100
|
|t:|1782413138
|switch|p1b: Whimsicott|Whimsicott, L50, F|83/100|[from] U-turn
|move|p2a: Charizard|Weather Ball|p1b: Whimsicott
|-supereffective|p1b: Whimsicott|1
|-damage|p1b: Whimsicott|0 fnt
|faint|p1b: Whimsicott
|
|-weather|SunnyDay|[upkeep]
|upkeep
|-message|robthedog98 forfeited.
|
|win|precisiondepicasso
|l|☆robthedog98
|player|p1|
||robthedog98 is ready for game 2.
||precisiondepicasso is ready for game 2.
|uhtml|next|Next: Game 2 of 3
