|j|☆ingusdingus
|j|☆monsoonisbest
|html|ingusdingusmonsoonisbest    
|uhtml|bestof|Game 1 of a best-of-3
|t:|1784455931
|gametype|doubles
|player|p1|ingusdingus|harlequin|1145
|player|p2|monsoonisbest|1|1230
|gen|9
|tier|[Gen 9 Champions] VGC 2026 Reg M-B (Bo3)
|rated|
|rule|Species Clause: Limit one of each Pokémon
|rule|Item Clause: Limit 1 of each item
|clearpoke
|poke|p1|Scrafty, L50, F|
|poke|p1|Rotom-Wash, L50|
|poke|p1|Meowscarada, L50, F|
|poke|p1|Farigiraf, L50, M|
|poke|p1|Aegislash, L50, F|
|poke|p1|Garchomp, L50, M|
|poke|p2|Gengar, L50, F|
|poke|p2|Swampert, L50, F|
|poke|p2|Incineroar, L50, F|
|poke|p2|Politoed, L50, M|
|poke|p2|Archaludon, L50, M|
|poke|p2|Vivillon-Monsoon, L50, F|
|teampreview|4
|showteam|p1|Scrafty||Scraftinite|Intimidate|SwordsDance,LashOut,DrainPunch,FakeOut|Adamant||F|||50|]Rotom-Wash||ChestoBerry|Levitate|Rest,LightScreen,HydroPump,WillOWisp|Calm|||||50|]Meowscarada||FocusSash|Protean|FlowerTrick,KnockOff,Protect,Uturn|Adamant||F|||50|]Farigiraf||Leftovers|ArmorTail|TrickRoom,CalmMind,FoulPlay,HyperVoice|Modest||M|||50|]Aegislash||SitrusBerry|StanceChange|KingsShield,IronHead,SacredSword,ShadowSneak|Relaxed||F|||50|]Garchomp||LifeOrb|RoughSkin|Earthquake,DragonClaw,Protect,SwordsDance|Adamant||M|||50|
|showteam|p2|Gengar||Gengarite|CursedBody|ShadowBall,PerishSong,SludgeBomb,Protect|Timid||F|||50|]Swampert||Swampertite|Damp|WaveCrash,Earthquake,IcePunch,Protect|Adamant||F|||50|]Incineroar||PasshoBerry|Intimidate|ThroatChop,PartingShot,FakeOut,Protect|Sassy||F|||50|]Politoed||SitrusBerry|Drizzle|WeatherBall,PerishSong,Encore,Protect|Calm||M|||50|]Archaludon||Leftovers|Stamina|DragonPulse,FlashCannon,ElectroShot,Protect|Bold||M|||50|]Vivillon-Monsoon||FocusSash|CompoundEyes|Hurricane,SleepPowder,RagePowder,Protect|Timid||F|||50|
|
|t:|1784455955
|teamsize|p1|4
|teamsize|p2|4
|start
|switch|p1a: Scrafty|Scrafty, L50, F|100/100
|switch|p1b: Farigiraf|Farigiraf, L50, M|100/100
|switch|p2a: Swampert|Swampert, L50, F|100/100
|switch|p2b: Politoed|Politoed, L50, M|100/100
|-weather|RainDance|[from] ability: Drizzle|[of] p2b: Politoed
|-ability|p1a: Scrafty|Intimidate|boost
|-unboost|p2a: Swampert|atk|1
|-unboost|p2b: Politoed|atk|1
|turn|1
|
|t:|1784455971
|switch|p2b: Vivillon|Vivillon-Monsoon, L50, F|100/100
|detailschange|p2a: Swampert|Swampert-Mega, L50, F
|-mega|p2a: Swampert|Swampert|Swampertite
|detailschange|p1a: Scrafty|Scrafty-Mega, L50, F
|-mega|p1a: Scrafty|Scrafty|Scraftinite
|-ability|p1a: Scrafty|Intimidate|boost
|-unboost|p2a: Swampert|atk|1
|-unboost|p2b: Vivillon|atk|1
|move|p1a: Scrafty|Fake Out|p2a: Swampert
|-damage|p2a: Swampert|86/100
|cant|p2a: Swampert|flinch
|move|p1b: Farigiraf|Trick Room|p1b: Farigiraf
|-fieldstart|move: Trick Room|[of] p1b: Farigiraf
|
|-weather|RainDance|[upkeep]
|upkeep
|turn|2
|
|t:|1784456004
|move|p1b: Farigiraf|Hyper Voice|p2b: Vivillon|[spread] p2a,p2b
|-damage|p2a: Swampert|55/100
|-damage|p2b: Vivillon|27/100
|move|p1a: Scrafty|Drain Punch|p2a: Swampert
|-damage|p2a: Swampert|16/100
|move|p2b: Vivillon|Hurricane|p1a: Scrafty
|-supereffective|p1a: Scrafty|1
|-damage|p1a: Scrafty|24/100
|move|p2a: Swampert|Earthquake|p1a: Scrafty|[spread] p1a,p1b
|-immune|p2b: Vivillon
|-damage|p1a: Scrafty|5/100
|-damage|p1b: Farigiraf|74/100
|
|-weather|RainDance|[upkeep]
|-heal|p1b: Farigiraf|80/100|[from] item: Leftovers
|upkeep
|turn|3
|
|t:|1784456031
|switch|p1a: Rotom|Rotom-Wash, L50|100/100
|switch|p2b: Incineroar|Incineroar, L50, F|100/100
|-ability|p2b: Incineroar|Intimidate|boost
|-unboost|p1a: Rotom|atk|1
|-unboost|p1b: Farigiraf|atk|1
|move|p2a: Swampert|Protect|p2a: Swampert
|-singleturn|p2a: Swampert|Protect
|move|p1b: Farigiraf|Hyper Voice|p2a: Swampert|[spread] p2b
|-activate|p2a: Swampert|move: Protect
|-damage|p2b: Incineroar|75/100
|
|-weather|RainDance|[upkeep]
|-heal|p1b: Farigiraf|86/100|[from] item: Leftovers
|upkeep
|turn|4
|
|t:|1784456046
|switch|p2a: Politoed|Politoed, L50, M|100/100
|move|p2b: Incineroar|Throat Chop|p1b: Farigiraf
|-supereffective|p1b: Farigiraf|1
|-damage|p1b: Farigiraf|19/100
|-start|p1b: Farigiraf|Throat Chop|[silent]
|cant|p1b: Farigiraf|move: Throat Chop
|move|p1a: Rotom|Hydro Pump|p2b: Incineroar
|-supereffective|p2b: Incineroar|1
|-enditem|p2b: Incineroar|Passho Berry|[eat]
|-enditem|p2b: Incineroar|Passho Berry|[weaken]
|-damage|p2b: Incineroar|21/100
|
|-weather|RainDance|[upkeep]
|-heal|p1b: Farigiraf|25/100|[from] item: Leftovers
|upkeep
|turn|5
|
|t:|1784456075
|move|p2b: Incineroar|Parting Shot|p1a: Rotom
|-unboost|p1a: Rotom|atk|1
|-unboost|p1a: Rotom|spa|1
|
|t:|1784456078
|switch|p2b: Vivillon|Vivillon-Monsoon, L50, F|27/100|[from] Parting Shot
|move|p1b: Farigiraf|Foul Play|p2b: Vivillon
|-damage|p2b: Vivillon|3/100
|move|p2a: Politoed|Weather Ball|p1b: Farigiraf
|-damage|p1b: Farigiraf|0 fnt
|faint|p1b: Farigiraf
|move|p1a: Rotom|Light Screen|p1a: Rotom
|-sidestart|p1: ingusdingus|move: Light Screen
|
|-weather|none
|-fieldend|move: Trick Room
|upkeep
|
|t:|1784456089
|switch|p1b: Meowscarada|Meowscarada, L50, F|100/100
|turn|6
|
|t:|1784456118
|switch|p2a: Incineroar|Incineroar, L50, F|21/100
|-ability|p2a: Incineroar|Intimidate|boost
|-unboost|p1a: Rotom|atk|1
|-unboost|p1b: Meowscarada|atk|1
|move|p1b: Meowscarada|U-turn|p2b: Vivillon
|-start|p1b: Meowscarada|typechange|Bug|[from] ability: Protean
|-resisted|p2b: Vivillon|1
|-damage|p2b: Vivillon|0 fnt
|faint|p2b: Vivillon
|
|t:|1784456127
|switch|p1b: Scrafty|Scrafty-Mega, L50, F|5/100|[from] U-turn
|-ability|p1b: Scrafty|Intimidate|boost
|-unboost|p2a: Incineroar|atk|1
|move|p1a: Rotom|Hydro Pump|p2a: Incineroar
|-supereffective|p2a: Incineroar|1
|-damage|p2a: Incineroar|0 fnt
|faint|p2a: Incineroar
|
|upkeep
|
|t:|1784456130
|switch|p2b: Politoed|Politoed, L50, M|100/100
|switch|p2a: Swampert|Swampert-Mega, L50, F|16/100
|-weather|RainDance|[from] ability: Drizzle|[of] p2b: Politoed
|turn|7
|
|t:|1784456152
|move|p2a: Swampert|Protect|p2a: Swampert
|-singleturn|p2a: Swampert|Protect
|move|p1b: Scrafty|Fake Out|p2a: Swampert
|-activate|p2a: Swampert|move: Protect
|move|p1a: Rotom|Hydro Pump|p2b: Politoed
|-resisted|p2b: Politoed|1
|-damage|p2b: Politoed|82/100
|move|p2b: Politoed|Weather Ball|p1b: Scrafty
|-damage|p1b: Scrafty|0 fnt
|faint|p1b: Scrafty
|
|-weather|RainDance|[upkeep]
|upkeep
|
|t:|1784456164
|switch|p1b: Meowscarada|Meowscarada, L50, F|100/100
|turn|8
|
|t:|1784456177
|move|p2a: Swampert|Ice Punch|p1b: Meowscarada
|-supereffective|p1b: Meowscarada|1
|-damage|p1b: Meowscarada|5/100
|move|p1b: Meowscarada|Flower Trick|p2b: Politoed
|-start|p1b: Meowscarada|typechange|Grass|[from] ability: Protean
|-supereffective|p2b: Politoed|1
|-crit|p2b: Politoed
|-damage|p2b: Politoed|0 fnt
|faint|p2b: Politoed
|move|p1a: Rotom|Will-O-Wisp|p2a: Swampert
|-status|p2a: Swampert|brn
|
|-weather|RainDance|[upkeep]
|-damage|p2a: Swampert|10/100 brn|[from] brn
|upkeep
|turn|9
|
|t:|1784456195
|move|p2a: Swampert|Earthquake|p1a: Rotom|[spread] p1b
|-immune|p1a: Rotom|[from] ability: Levitate
|-resisted|p1b: Meowscarada|1
|-damage|p1b: Meowscarada|0 fnt
|faint|p1b: Meowscarada
|move|p1a: Rotom|Hydro Pump|p2a: Swampert
|-damage|p2a: Swampert|0 fnt
|faint|p2a: Swampert
|
|win|ingusdingus
