|j|☆snailboss
|j|☆luckyross
|html|snailbossluckyross    
|uhtml|bestof|Game 1 of a best-of-3
|t:|1756768151
|gametype|doubles
|player|p1|snailboss|hilda-wonderlauncher|1146
|player|p2|luckyross|170|1193
|gen|9
|tier|[Gen 9] VGC 2025 Reg H (Bo3)
|rated|
|rule|Species Clause: Limit one of each Pokémon
|rule|Item Clause: Limit 1 of each item
|clearpoke
|poke|p1|Zoroark-Hisui, L50, F|
|poke|p1|Tyranitar, L50, M|
|poke|p1|Excadrill, L50, F|
|poke|p1|Indeedee-F, L50, F|
|poke|p1|Gallade, L50, M|
|poke|p1|Noivern, L50, F|
|poke|p2|Tyranitar, L50, F|
|poke|p2|Excadrill, L50, F|
|poke|p2|Indeedee, L50, M|
|poke|p2|Sneasler, L50, F|
|poke|p2|Corviknight, L50, M|
|poke|p2|Dragapult, L50, F|
|teampreview|4
|showteam|p1|Zoroark-Hisui||ChoiceSpecs|Illusion|HyperVoice,Flamethrower,ShadowBall,HyperBeam|||F|||50|,,,,,Normal]Tyranitar||AssaultVest|SandStream|RockSlide,KnockOff,LowKick,TeraBlast|||M|||50|,,,,,Flying]Excadrill||FocusSash|SandRush|IronHead,Protect,SwordsDance,Earthquake|||F|||50|,,,,,Ground]Indeedee-F||SafetyGoggles|PsychicSurge|TrickRoom,FollowMe,Psychic,HelpingHand|||F|||50|,,,,,Water]Gallade||ClearAmulet|Sharpness|PsychoCut,TrickRoom,WideGuard,SacredSword|||M|||50|,,,,,Grass]Noivern||CovertCloak|Telepathy|SuperFang,Tailwind,Taunt,DracoMeteor|||F|||50|,,,,,Fairy
|showteam|p2|Tyranitar||AssaultVest|SandStream|KnockOff,RockSlide,TeraBlast,LowKick|||F|||50|,,,,,Flying]Excadrill||FocusSash|SandRush|Earthquake,IronHead,HighHorsepower,Protect|||F|||50|,,,,,Stellar]Indeedee||ChoiceScarf|PsychicSurge|ExpandingForce,TeraBlast,Trick,Protect|||M|||50|,,,,,Psychic]Sneasler||WhiteHerb|Unburden|DireClaw,CloseCombat,Coaching,FakeOut|||F|||50|,,,,,Flying]Corviknight||PsychicSeed|MirrorArmor|BraveBird,PowerTrip,BulkUp,Roost|||M|||50|,,,,,Water]Dragapult||LifeOrb|ClearBody|Protect,DragonDarts,HelpingHand,PhantomForce|||F|||50|,,,,,Dragon
|inactive|Battle timer is ON: inactive players will automatically lose when time's up. (requested by luckyross)
|
|t:|1756768218
|teamsize|p1|4
|teamsize|p2|4
|start
|switch|p1a: Noivern|Noivern, L50, F|100/100
|switch|p1b: Butter|Indeedee-F, L50, F|100/100
|switch|p2a: Indeedee|Indeedee, L50, M|100/100
|switch|p2b: Dragapult|Dragapult, L50, F|100/100
|-fieldstart|move: Psychic Terrain|[from] ability: Psychic Surge|[of] p2a: Indeedee
|turn|1
|
|t:|1756768237
|switch|p1a: Alice|Tyranitar, L50, M|100/100
|-weather|Sandstorm|[from] ability: Sand Stream|[of] p1a: Alice
|-terastallize|p2b: Dragapult|Dragon
|move|p2a: Indeedee|Expanding Force|p1b: Butter|[spread] p1b
|-immune|p1a: Alice
|-resisted|p1b: Butter
|-damage|p1b: Butter|73/100
|move|p2b: Dragapult|Dragon Darts|p1a: Alice
|-damage|p1a: Alice|58/100
|-anim|p2b: Dragapult|Dragon Darts|p1b: Butter
|-damage|p1b: Butter|27/100
|-damage|p2b: Dragapult|91/100|[from] item: Life Orb
|move|p1b: Butter|Trick Room|p1b: Butter
|-fieldstart|move: Trick Room|[of] p1b: Butter
|
|-weather|Sandstorm|[upkeep]
|-damage|p2b: Dragapult|85/100|[from] Sandstorm
|-damage|p2a: Indeedee|95/100|[from] Sandstorm
|upkeep
|turn|2
|inactive|snailboss has 30 seconds left.
|inactive|luckyross has 30 seconds left.
|inactive|snailboss has 20 seconds left.
|inactive|snailboss has 15 seconds left.
|inactive|snailboss has 10 seconds left.
|
|t:|1756768286
|switch|p2a: Corviknight|Corviknight, L50, M|100/100
|-enditem|p2a: Corviknight|Psychic Seed
|-boost|p2a: Corviknight|spd|1|[from] item: Psychic Seed
|move|p1b: Butter|Follow Me|p1b: Butter
|-singleturn|p1b: Butter|move: Follow Me
|move|p1a: Alice|Knock Off|p2a: Corviknight
|-damage|p2a: Corviknight|67/100
|move|p2b: Dragapult|Dragon Darts|p1b: Butter
|-damage|p1b: Butter|0 fnt
|faint|p1b: Butter
|-damage|p2b: Dragapult|75/100|[from] item: Life Orb
|
|-weather|Sandstorm|[upkeep]
|-damage|p2b: Dragapult|70/100|[from] Sandstorm
|upkeep
|
|t:|1756768301
|switch|p1b: Noivern|Noivern, L50, F|100/100
|turn|3
|inactive|snailboss has 30 seconds left.
|
|t:|1756768330
|move|p2b: Dragapult|Protect|p2b: Dragapult
|-singleturn|p2b: Dragapult|Protect
|move|p2a: Corviknight|Bulk Up|p2a: Corviknight
|-boost|p2a: Corviknight|atk|1
|-boost|p2a: Corviknight|def|1
|move|p1a: Alice|Knock Off|p2b: Dragapult
|-activate|p2b: Dragapult|move: Protect
|move|p1b: Noivern|Taunt|p2a: Corviknight
|-start|p2a: Corviknight|move: Taunt
|
|-weather|Sandstorm|[upkeep]
|-damage|p2b: Dragapult|64/100|[from] Sandstorm
|-damage|p1b: Noivern|95/100|[from] Sandstorm
|upkeep
|turn|4
|
|t:|1756768353
|move|p2a: Corviknight|Brave Bird|p1b: Noivern
|-damage|p1b: Noivern|20/100
|-damage|p2a: Corviknight|45/100|[from] Recoil
|move|p1a: Alice|Knock Off|p2b: Dragapult
|-damage|p2b: Dragapult|0 fnt
|-enditem|p2b: Dragapult|Life Orb|[from] move: Knock Off|[of] p1a: Alice
|faint|p2b: Dragapult
|move|p1b: Noivern|Super Fang|p2a: Corviknight
|-damage|p2a: Corviknight|23/100
|
|-weather|Sandstorm|[upkeep]
|-damage|p1b: Noivern|14/100|[from] Sandstorm
|upkeep
|
|t:|1756768362
|switch|p2b: Tyranitar|Tyranitar, L50, F|100/100
|turn|5
|inactive|snailboss has 30 seconds left.
|
|t:|1756768395
|switch|p2b: Indeedee|Indeedee, L50, M|95/100
|switch|p1a: Dr. Drills|Excadrill, L50, F|100/100
|move|p2a: Corviknight|Brave Bird|p1b: Noivern
|-damage|p1b: Noivern|0 fnt
|faint|p1b: Noivern
|-damage|p2a: Corviknight|19/100|[from] Recoil
|
|-weather|none
|-fieldend|move: Trick Room
|-fieldend|move: Psychic Terrain
|upkeep
|
|t:|1756768403
|switch|p1b: Alice|Tyranitar, L50, M|58/100
|-weather|Sandstorm|[from] ability: Sand Stream|[of] p1b: Alice
|turn|6
|
|t:|1756768423
|switch|p2a: Tyranitar|Tyranitar, L50, F|100/100
|-terastallize|p1b: Alice|Flying
|move|p1a: Dr. Drills|Iron Head|p2b: Indeedee
|-damage|p2b: Indeedee|0 fnt
|faint|p2b: Indeedee
|move|p1b: Alice|Rock Slide|p2a: Tyranitar
|-damage|p2a: Tyranitar|63/100
|
|-weather|Sandstorm|[upkeep]
|-damage|p1b: Alice|52/100|[from] Sandstorm
|upkeep
|
|t:|1756768430
|switch|p2b: Corviknight|Corviknight, L50, M|19/100
|turn|7
|
|t:|1756768438
|move|p1a: Dr. Drills|Iron Head|p2a: Tyranitar
|-supereffective|p2a: Tyranitar
|-damage|p2a: Tyranitar|0 fnt
|faint|p2a: Tyranitar
|move|p1b: Alice|Rock Slide|p2b: Corviknight
|-damage|p2b: Corviknight|0 fnt
|faint|p2b: Corviknight
|
|win|snailboss
||luckyross is ready for game 2.
