|j|â˜†mikelpoyarzabal
|j|â˜†CoolMeDownB
|html|mikelpoyarzabalCoolMeDownB    
|uhtml|bestof|Game 1 of a best-of-3
|t:|1784751545
|gametype|doubles
|player|p1|mikelpoyarzabal|arven-s|1277
|player|p2|CoolMeDownB|crasherwake|1176
|gen|9
|tier|[Gen 9 Champions] VGC 2026 Reg M-B (Bo3)
|rated|
|rule|Species Clause: Limit one of each PokÃ©mon
|rule|Item Clause: Limit 1 of each item
|clearpoke
|poke|p1|Tyranitar, L50, F|
|poke|p1|Excadrill, L50, M|
|poke|p1|Gholdengo, L50|
|poke|p1|Milotic, L50, F|
|poke|p1|Sinistcha, L50|
|poke|p1|Staraptor, L50, M|
|poke|p2|Staraptor, L50, F, shiny|
|poke|p2|Incineroar, L50, M, shiny|
|poke|p2|Sinistcha, L50|
|poke|p2|Aerodactyl, L50, M|
|poke|p2|Sneasler, L50, M|
|poke|p2|Sylveon, L50, F, shiny|
|teampreview|4
|showteam|p1|Tyranitar||Tyranitarite|SandStream|RockSlide,KnockOff,LowKick,Protect|Jolly||F|||50|]Excadrill||FocusSash|SandRush|HighHorsepower,IronHead,RockSlide,Protect|Adamant||M|||50|]Gholdengo||LifeOrb|GoodasGold|ShadowBall,MakeItRain,NastyPlot,Protect|Modest|||||50|]Milotic||SitrusBerry|Competitive|Scald,IceBeam,IcyWind,Protect|Calm||F|||50|]Sinistcha||ColburBerry|Hospitality|MatchaGotcha,ShadowBall,RagePowder,Protect|Bold|||||50|]Staraptor||Staraptite|Intimidate|BraveBird,CloseCombat,Tailwind,Protect|Jolly||M|||50|
|showteam|p2|Staraptor||Staraptite|Intimidate|BraveBird,CloseCombat,Protect,Roost|Jolly||F|||50|]Incineroar||SitrusBerry|Intimidate|FlareBlitz,FakeOut,PartingShot,ThroatChop|Careful||M|||50|]Sinistcha||KasibBerry|Hospitality|MatchaGotcha,RagePowder,LifeDew,StrengthSap|Bold|||||50|]Aerodactyl||Aerodactylite|Unnerve|RockSlide,DualWingbeat,Crunch,WideGuard|Jolly||M|||50|]Sneasler||WhiteHerb|Unburden|CloseCombat,DireClaw,SwordsDance,FakeOut|Jolly||M|||50|]Sylveon||FairyFeather|Pixilate|HyperVoice,HyperBeam,QuickAttack,Detect|Modest||F|||50|
|inactive|Battle timer is ON: inactive players will automatically lose when time's up. (requested by mikelpoyarzabal)
|c|â˜†CoolMeDownB|gl
|c|â˜†mikelpoyarzabal|gl
|
|t:|1784751568
|teamsize|p1|4
|teamsize|p2|4
|start
|switch|p1a: Milotic|Milotic, L50, F|100/100
|switch|p1b: Staraptor|Staraptor, L50, M|100/100
|switch|p2a: Staraptor|Staraptor, L50, F, shiny|100/100
|switch|p2b: Sinistcha|Sinistcha, L50|100/100
|-ability|p2a: Staraptor|Intimidate|boost
|-unboost|p1a: Milotic|atk|1
|-ability|p1a: Milotic|Competitive|boost
|-boost|p1a: Milotic|spa|2
|-unboost|p1b: Staraptor|atk|1
|-ability|p1b: Staraptor|Intimidate|boost
|-unboost|p2a: Staraptor|atk|1
|-unboost|p2b: Sinistcha|atk|1
|turn|1
|
|t:|1784751590
|detailschange|p2a: Staraptor|Staraptor-Mega, L50, F, shiny
|-mega|p2a: Staraptor|Staraptor|Staraptite
|detailschange|p1b: Staraptor|Staraptor-Mega, L50, M
|-mega|p1b: Staraptor|Staraptor|Staraptite
|move|p2a: Staraptor|Close Combat|p1a: Milotic
|-damage|p1a: Milotic|65/100
|-boost|p2a: Staraptor|def|1
|-boost|p2a: Staraptor|spd|1
|move|p1b: Staraptor|Brave Bird|p2b: Sinistcha
|-supereffective|p2b: Sinistcha|1
|-damage|p2b: Sinistcha|44/100
|-damage|p1b: Staraptor|83/100|[from] Recoil
|move|p1a: Milotic|Ice Beam|p2b: Sinistcha
|-supereffective|p2b: Sinistcha|1
|-damage|p2b: Sinistcha|0 fnt
|faint|p2b: Sinistcha
|
|upkeep
|
|t:|1784751601
|switch|p2b: Sylveon|Sylveon, L50, F, shiny|100/100
|turn|2
|
|t:|1784751617
|move|p2a: Staraptor|Protect|p2a: Staraptor
|-singleturn|p2a: Staraptor|Protect
|move|p1b: Staraptor|Tailwind|p1b: Staraptor
|-sidestart|p1: mikelpoyarzabal|move: Tailwind
|move|p1a: Milotic|Ice Beam|p2a: Staraptor
|-activate|p2a: Staraptor|move: Protect
|move|p2b: Sylveon|Hyper Beam|p1a: Milotic
|-damage|p1a: Milotic|1/100
|-mustrecharge|p2b: Sylveon
|-enditem|p1a: Milotic|Sitrus Berry|[eat]
|-heal|p1a: Milotic|25/100|[from] item: Sitrus Berry
|
|upkeep
|turn|3
|
|t:|1784751629
|switch|p1b: Gholdengo|Gholdengo, L50|100/100
|move|p1a: Milotic|Ice Beam|p2a: Staraptor
|-supereffective|p2a: Staraptor|1
|-damage|p2a: Staraptor|39/100
|move|p2a: Staraptor|Close Combat|p1a: Milotic
|-damage|p1a: Milotic|0 fnt
|-boost|p2a: Staraptor|def|1
|-boost|p2a: Staraptor|spd|1
|faint|p1a: Milotic
|cant|p2b: Sylveon|recharge
|
|upkeep
|
|t:|1784751636
|switch|p1a: Staraptor|Staraptor-Mega, L50, M|83/100
|turn|4
|
|t:|1784751650
|move|p1a: Staraptor|Protect|p1a: Staraptor
|-singleturn|p1a: Staraptor|Protect
|move|p2a: Staraptor|Protect|p2a: Staraptor
|-singleturn|p2a: Staraptor|Protect
|move|p1b: Gholdengo|Nasty Plot|p1b: Gholdengo
|-boost|p1b: Gholdengo|spa|2
|move|p2b: Sylveon|Hyper Beam|p1a: Staraptor
|-activate|p1a: Staraptor|move: Protect
|
|upkeep
|turn|5
|
|t:|1784751661
|move|p2a: Staraptor|Protect||[still]
|-fail|p2a: Staraptor
|move|p1a: Staraptor|Brave Bird|p2b: Sylveon
|-damage|p2b: Sylveon|32/100
|-damage|p1a: Staraptor|59/100|[from] Recoil
|move|p1b: Gholdengo|Make It Rain|p2a: Staraptor|[spread] p2a,p2b
|-supereffective|p2b: Sylveon|1
|-damage|p2a: Staraptor|0 fnt
|-damage|p2b: Sylveon|0 fnt
|-unboost|p1b: Gholdengo|spa|2
|faint|p2a: Staraptor
|faint|p2b: Sylveon
|-damage|p1b: Gholdengo|90/100|[from] item: Life Orb
|
|-sideend|p1: mikelpoyarzabal|move: Tailwind
|upkeep
|
|t:|1784751667
|switch|p2b: Incineroar|Incineroar, L50, M, shiny|100/100
|-ability|p2b: Incineroar|Intimidate|boost
|-boost|p1a: Staraptor|atk|1
|-unboost|p1b: Gholdengo|atk|1
|turn|6
|-message|CoolMeDownB forfeited.
|
|win|mikelpoyarzabal
