|j|☆TeyOnTheRox
|j|☆Grogguu
|html|TeyOnTheRoxGrogguu    
|uhtml|bestof|Game 2 of a best-of-3
|t:|1757728552
|gametype|doubles
|player|p1|TeyOnTheRox|benga|1093
|player|p2|Grogguu|266|1090
|gen|9
|tier|[Gen 9] VGC 2025 Reg H (Bo3)
|rated|
|rule|Species Clause: Limit one of each Pokémon
|rule|Item Clause: Limit 1 of each item
|clearpoke
|poke|p1|Tyranitar, L50, M|
|poke|p1|Excadrill, L50, F|
|poke|p1|Sneasler, L50, M|
|poke|p1|Indeedee, L50, M|
|poke|p1|Corviknight, L50, F|
|poke|p1|Annihilape, L50, F|
|poke|p2|Dragonite, L50, F|
|poke|p2|Rillaboom, L50, F|
|poke|p2|Ursaluna-Bloodmoon, L50, M|
|poke|p2|Gholdengo, L50|
|poke|p2|Electabuzz, L50, M|
|poke|p2|Annihilape, L50, M|
|teampreview|4
|showteam|p1|Tyranitar||AssaultVest|SandStream|RockSlide,KnockOff,TeraBlast,LowKick|||M|||50|,,,,,Flying]Excadrill||FocusSash|SandRush|IronHead,HighHorsepower,Earthquake,Protect|||F|||50|,,,,,Stellar]Sneasler||PsychicSeed|Unburden|DireClaw,CloseCombat,ThroatChop,Protect|||M|||50|,,,,,Dark]Indeedee||ChoiceScarf|PsychicSurge|ExpandingForce,TeraBlast,Protect,Trick|||M|||50|,,,,,Psychic]Corviknight||Leftovers|MirrorArmor|BraveBird,BulkUp,Roost,Tailwind|||F|||50|,,,,,Dragon]Annihilape||SafetyGoggles|Defiant|CloseCombat,FinalGambit,RageFist,Taunt|||F|||50|,,,,,Water
|showteam|p2|Dragonite||LoadedDice|Multiscale|ScaleShot,Tailwind,Haze,Protect|||F|||50|,,,,,Fairy]Rillaboom||MiracleSeed|GrassySurge|WoodHammer,KnockOff,GrassyGlide,FakeOut|||F|||50|,,,,,Fire]Ursaluna-Bloodmoon||LifeOrb|MindsEye|BloodMoon,EarthPower,HyperVoice,Protect|||M|||50|,,,,,Ghost]Gholdengo||Leftovers|GoodasGold|MakeItRain,ShadowBall,Protect,NastyPlot||||||50|,,,,,Water]Electabuzz||Eviolite|VitalSpirit|FollowMe,Electroweb,Protect,Taunt|||M|||50|,,,,,Flying]Annihilape||SitrusBerry|VitalSpirit|BulkUp,DrainPunch,RageFist,Protect|||M|||50|,,,,,Fire
|
|t:|1757728617
|teamsize|p1|4
|teamsize|p2|4
|start
|switch|p1a: Doc Hudson|Tyranitar, L50, M, shiny|100/100
|switch|p1b: Toe Mater|Excadrill, L50, F|100/100
|switch|p2a: Rillaboom|Rillaboom, L50, F|100/100
|switch|p2b: Annihilape|Annihilape, L50, M|100/100
|-fieldstart|move: Grassy Terrain|[from] ability: Grassy Surge|[of] p2a: Rillaboom
|-weather|Sandstorm|[from] ability: Sand Stream|[of] p1a: Doc Hudson
|turn|1
|inactive|Battle timer is ON: inactive players will automatically lose when time's up. (requested by Grogguu)
|inactive|TeyOnTheRox has 60 seconds left.
|
|t:|1757728654
|switch|p1a: Cars II|Corviknight, L50, F|100/100
|move|p1b: Toe Mater|Iron Head|p2a: Rillaboom
|-damage|p2a: Rillaboom|58/100
|move|p2b: Annihilape|Bulk Up|p2b: Annihilape
|-boost|p2b: Annihilape|atk|1
|-boost|p2b: Annihilape|def|1
|cant|p2a: Rillaboom|flinch
|
|-weather|Sandstorm|[upkeep]
|-damage|p2b: Annihilape|95/100|[from] Sandstorm
|-damage|p2a: Rillaboom|52/100|[from] Sandstorm
|-heal|p2b: Annihilape|100/100|[from] Grassy Terrain
|-heal|p2a: Rillaboom|58/100|[from] Grassy Terrain
|upkeep
|turn|2
|inactive|Grogguu has 30 seconds left.
|
|t:|1757728682
|-terastallize|p2b: Annihilape|Fire
|move|p2a: Rillaboom|Grassy Glide|p1b: Toe Mater
|-damage|p1b: Toe Mater|39/100
|move|p1b: Toe Mater|Iron Head|p2a: Rillaboom
|-damage|p2a: Rillaboom|14/100
|move|p2b: Annihilape|Drain Punch|p1a: Cars II
|-damage|p1a: Cars II|59/100
|move|p1a: Cars II|Bulk Up|p1a: Cars II
|-boost|p1a: Cars II|atk|1
|-boost|p1a: Cars II|def|1
|
|-weather|Sandstorm|[upkeep]
|-damage|p2b: Annihilape|95/100|[from] Sandstorm
|-damage|p2a: Rillaboom|8/100|[from] Sandstorm
|-heal|p1b: Toe Mater|45/100|[from] Grassy Terrain
|-heal|p2b: Annihilape|100/100|[from] Grassy Terrain
|-heal|p2a: Rillaboom|14/100|[from] Grassy Terrain
|-heal|p1a: Cars II|65/100|[from] item: Leftovers
|upkeep
|turn|3
|inactive|TeyOnTheRox has 30 seconds left.
|inactive|Grogguu has 30 seconds left.
|inactive|TeyOnTheRox has 20 seconds left.
|inactive|Grogguu has 20 seconds left.
|inactive|TeyOnTheRox has 15 seconds left.
|inactive|Grogguu has 15 seconds left.
|inactive|TeyOnTheRox has 10 seconds left.
|inactive|Grogguu has 10 seconds left.
|
|t:|1757728733
|move|p2a: Rillaboom|Grassy Glide|p1b: Toe Mater
|-damage|p1b: Toe Mater|0 fnt
|faint|p1b: Toe Mater
|move|p2b: Annihilape|Bulk Up|p2b: Annihilape
|-boost|p2b: Annihilape|atk|1
|-boost|p2b: Annihilape|def|1
|move|p1a: Cars II|Tailwind|p1a: Cars II
|-sidestart|p1: TeyOnTheRox|move: Tailwind
|
|-weather|Sandstorm|[upkeep]
|-damage|p2b: Annihilape|95/100|[from] Sandstorm
|-damage|p2a: Rillaboom|8/100|[from] Sandstorm
|-heal|p1a: Cars II|71/100|[from] item: Leftovers
|-heal|p2b: Annihilape|100/100|[from] Grassy Terrain
|-heal|p2a: Rillaboom|14/100|[from] Grassy Terrain
|upkeep
|
|t:|1757728747
|switch|p1b: Cars I|Indeedee, L50, M, shiny|100/100
|-fieldstart|move: Psychic Terrain|[from] ability: Psychic Surge|[of] p1b: Cars I
|turn|4
|inactive|TeyOnTheRox has 30 seconds left.
|inactive|TeyOnTheRox has 20 seconds left.
|
|t:|1757728785
|switch|p2a: Electabuzz|Electabuzz, L50, M, shiny|100/100
|-terastallize|p1b: Cars I|Psychic
|move|p2b: Annihilape|Protect|p2b: Annihilape
|-singleturn|p2b: Annihilape|Protect
|move|p1b: Cars I|Expanding Force|p2a: Electabuzz|[spread] p2a
|-activate|p2b: Annihilape|move: Protect
|-damage|p2a: Electabuzz|37/100
|move|p1a: Cars II|Brave Bird|p2b: Annihilape
|-activate|p2b: Annihilape|move: Protect
|
|-weather|Sandstorm|[upkeep]
|-damage|p1b: Cars I|95/100|[from] Sandstorm
|-damage|p2b: Annihilape|95/100|[from] Sandstorm
|-damage|p2a: Electabuzz|31/100|[from] Sandstorm
|-heal|p1a: Cars II|77/100|[from] item: Leftovers
|upkeep
|turn|5
|inactive|Grogguu has 30 seconds left.
|inactive|Grogguu has 20 seconds left.
|inactive|Grogguu has 15 seconds left.
|
|t:|1757728829
|switch|p2a: Rillaboom|Rillaboom, L50, F|14/100
|-fieldstart|move: Grassy Terrain|[from] ability: Grassy Surge|[of] p2a: Rillaboom
|move|p1b: Cars I|Expanding Force|p2b: Annihilape
|-damage|p2b: Annihilape|50/100
|-enditem|p2b: Annihilape|Sitrus Berry|[eat]
|-heal|p2b: Annihilape|75/100|[from] item: Sitrus Berry
|move|p1a: Cars II|Brave Bird|p2b: Annihilape
|-damage|p2b: Annihilape|38/100
|-damage|p1a: Cars II|64/100|[from] Recoil
|move|p2b: Annihilape|Rage Fist|p1b: Cars I
|-supereffective|p1b: Cars I
|-damage|p1b: Cars I|0 fnt
|faint|p1b: Cars I
|
|-weather|none
|-heal|p1a: Cars II|70/100|[from] item: Leftovers
|-heal|p2b: Annihilape|44/100|[from] Grassy Terrain
|-heal|p2a: Rillaboom|20/100|[from] Grassy Terrain
|upkeep
|
|t:|1757728848
|switch|p1b: Doc Hudson|Tyranitar, L50, M, shiny|100/100
|-weather|Sandstorm|[from] ability: Sand Stream|[of] p1b: Doc Hudson
|turn|6
|inactive|Grogguu has 30 seconds left.
|inactive|TeyOnTheRox has 30 seconds left.
|inactive|Grogguu has 20 seconds left.
|
|t:|1757728884
|move|p2b: Annihilape|Protect|p2b: Annihilape
|-singleturn|p2b: Annihilape|Protect
|move|p2a: Rillaboom|Grassy Glide|p1b: Doc Hudson
|-supereffective|p1b: Doc Hudson
|-damage|p1b: Doc Hudson|21/100
|move|p1b: Doc Hudson|Rock Slide|p2b: Annihilape|[spread] p2a
|-activate|p2b: Annihilape|move: Protect
|-damage|p2a: Rillaboom|0 fnt
|faint|p2a: Rillaboom
|move|p1a: Cars II|Bulk Up|p1a: Cars II
|-boost|p1a: Cars II|atk|1
|-boost|p1a: Cars II|def|1
|
|-weather|Sandstorm|[upkeep]
|-damage|p2b: Annihilape|38/100|[from] Sandstorm
|-heal|p1b: Doc Hudson|27/100|[from] Grassy Terrain
|-heal|p1a: Cars II|76/100|[from] item: Leftovers
|-heal|p2b: Annihilape|44/100|[from] Grassy Terrain
|-sideend|p1: TeyOnTheRox|move: Tailwind
|upkeep
|
|t:|1757728904
|switch|p2a: Electabuzz|Electabuzz, L50, M, shiny|31/100
|turn|7
|
|t:|1757728925
|move|p2b: Annihilape|Drain Punch|p1b: Doc Hudson
|-supereffective|p1b: Doc Hudson
|-damage|p1b: Doc Hudson|0 fnt
|-heal|p2b: Annihilape|56/100|[from] drain|[of] p1b: Doc Hudson
|faint|p1b: Doc Hudson
|move|p2a: Electabuzz|Electroweb|p1a: Cars II
|-supereffective|p1a: Cars II
|-damage|p1a: Cars II|42/100
|-ability|p1a: Cars II|Mirror Armor
|-unboost|p2a: Electabuzz|spe|1
|move|p1a: Cars II|Tailwind|p1a: Cars II
|-sidestart|p1: TeyOnTheRox|move: Tailwind
|
|-weather|Sandstorm|[upkeep]
|-damage|p2b: Annihilape|50/100|[from] Sandstorm
|-damage|p2a: Electabuzz|26/100|[from] Sandstorm
|-heal|p1a: Cars II|48/100|[from] item: Leftovers
|-heal|p2b: Annihilape|56/100|[from] Grassy Terrain
|-heal|p2a: Electabuzz|31/100|[from] Grassy Terrain
|upkeep
|turn|8
|
|t:|1757728945
|move|p1a: Cars II|Brave Bird|p2b: Annihilape
|-damage|p2b: Annihilape|9/100
|-damage|p1a: Cars II|32/100|[from] Recoil
|move|p2b: Annihilape|Drain Punch|p1a: Cars II
|-damage|p1a: Cars II|8/100
|-heal|p2b: Annihilape|21/100|[from] drain|[of] p1a: Cars II
|move|p2a: Electabuzz|Electroweb|p1a: Cars II
|-supereffective|p1a: Cars II
|-damage|p1a: Cars II|0 fnt
|faint|p1a: Cars II
|
|win|Grogguu
||TeyOnTheRox is ready for game 3.
|inactive|Grogguu has 30 seconds to confirm battle start!
