|j|☆Maffles
|j|☆Ossi1590
|html|MafflesOssi1590    
|uhtml|bestof|Game 2 of a best-of-3
|t:|1783502634
|gametype|doubles
|player|p1|Maffles|265|1268
|player|p2|Ossi1590|colress|1374
|gen|9
|tier|[Gen 9 Champions] VGC 2026 Reg M-B (Bo3)
|rated|
|rule|Species Clause: Limit one of each Pokémon
|rule|Item Clause: Limit 1 of each item
|clearpoke
|poke|p1|Gengar, L50, M|
|poke|p1|Kingambit, L50, M|
|poke|p1|Ninetales-Alola, L50, F|
|poke|p1|Appletun, L50, M|
|poke|p1|Basculegion, L50, M|
|poke|p1|Lopunny, L50, M|
|poke|p2|Raichu, L50, M|
|poke|p2|Mawile, L50, M|
|poke|p2|Sinistcha, L50|
|poke|p2|Ceruledge, L50, F|
|poke|p2|Milotic, L50, F|
|poke|p2|Incineroar, L50, M|
|teampreview|4
|showteam|p1|Gengar||Gengarite|CursedBody|SludgeBomb,Disable,PerishSong,Protect|Timid||M|||50|]Kingambit||ChopleBerry|Defiant|KowtowCleave,SuckerPunch,SwordsDance,Protect|Adamant||M|||50|]Ninetales-Alola||FocusSash|SnowWarning|Blizzard,Moonblast,Encore,Protect|Timid||F|||50|]Appletun||Leftovers|ThickFat|AppleAcid,LeechSeed,Recover,Protect|Calm||M|||50|]Basculegion||SitrusBerry|Adaptability|LastRespects,FlipTurn,Soak,Protect|Sassy||M|||50|]Lopunny||Lopunnite|CuteCharm|CloseCombat,FakeOut,Encore,Protect|Jolly||M|||50|
|showteam|p2|Raichu||RaichuniteY|LightningRod|ZapCannon,FocusBlast,FakeOut,Protect|Timid||M|||50|]Mawile||Mawilite|HyperCutter|PlayRough,SuckerPunch,SwordsDance,Protect|Adamant||M|||50|]Sinistcha||KasibBerry|Hospitality|MatchaGotcha,LifeDew,RagePowder,Protect|Relaxed|||||50|]Ceruledge||ColburBerry|FlashFire|BitterBlade,ShadowSneak,BulkUp,Protect|Adamant||F|||50|]Milotic||Leftovers|Competitive|MuddyWater,Coil,Hypnosis,Protect|Calm||F|||50|]Incineroar||SitrusBerry|Intimidate|FlareBlitz,ThroatChop,FakeOut,PartingShot|Impish||M|||50|
|c|☆Maffles|ceruledge is too good against my team man
|c|☆Ossi1590|Yeah a little bit
|
|t:|1783502715
|teamsize|p1|4
|teamsize|p2|4
|start
|switch|p1a: Gengar|Gengar, L50, M|100/100
|switch|p1b: Lopunny|Lopunny, L50, M|100/100
|switch|p2a: Ceruledge|Ceruledge, L50, F|100/100
|switch|p2b: Mawile|Mawile, L50, M|100/100
|turn|1
|
|t:|1783502756
|detailschange|p1b: Lopunny|Lopunny-Mega, L50, M
|-mega|p1b: Lopunny|Lopunny|Lopunnite
|detailschange|p2b: Mawile|Mawile-Mega, L50, M
|-mega|p2b: Mawile|Mawile|Mawilite
|move|p2a: Ceruledge|Protect|p2a: Ceruledge
|-singleturn|p2a: Ceruledge|Protect
|move|p1b: Lopunny|Fake Out|p2a: Ceruledge
|-activate|p2a: Ceruledge|move: Protect
|move|p1a: Gengar|Perish Song|p1a: Gengar
|-start|p1a: Gengar|perish3|[silent]
|-start|p1b: Lopunny|perish3|[silent]
|-start|p2a: Ceruledge|perish3|[silent]
|-start|p2b: Mawile|perish3|[silent]
|-fieldactivate|move: Perish Song
|move|p2b: Mawile|Swords Dance|p2b: Mawile
|-boost|p2b: Mawile|atk|2
|
|-start|p1b: Lopunny|perish3
|-start|p1a: Gengar|perish3
|-start|p2a: Ceruledge|perish3
|-start|p2b: Mawile|perish3
|upkeep
|turn|2
|
|t:|1783502787
|switch|p1a: Kingambit|Kingambit, L50, M|100/100
|switch|p2a: Raichu|Raichu, L50, M|100/100
|move|p2b: Mawile|Protect|p2b: Mawile
|-singleturn|p2b: Mawile|Protect
|move|p1b: Lopunny|Encore|p2b: Mawile
|-activate|p2b: Mawile|move: Protect
|
|-start|p1b: Lopunny|perish2
|-start|p2b: Mawile|perish2
|upkeep
|turn|3
|
|t:|1783502818
|switch|p1b: Basculegion|Basculegion, L50, M|100/100
|switch|p2b: Ceruledge|Ceruledge, L50, F|100/100
|move|p2a: Raichu|Zap Cannon|p1b: Basculegion|[miss]
|-miss|p2a: Raichu|p1b: Basculegion
|move|p1a: Kingambit|Swords Dance|p1a: Kingambit
|-boost|p1a: Kingambit|atk|2
|
|upkeep
|turn|4
|
|t:|1783502840
|switch|p2b: Sinistcha|Sinistcha, L50|100/100
|move|p2a: Raichu|Focus Blast|p1a: Kingambit|[miss]
|-miss|p2a: Raichu|p1a: Kingambit
|move|p1b: Basculegion|Flip Turn|p2a: Raichu
|-damage|p2a: Raichu|58/100
|
|t:|1783502845
|switch|p1b: Lopunny|Lopunny-Mega, L50, M|100/100|[from] Flip Turn
|move|p1a: Kingambit|Kowtow Cleave|p2b: Sinistcha
|-supereffective|p2b: Sinistcha|1
|-damage|p2b: Sinistcha|0 fnt
|faint|p2b: Sinistcha
|
|upkeep
|
|t:|1783502853
|switch|p2b: Mawile|Mawile-Mega, L50, M|100/100
|turn|5
|
|t:|1783502862
|move|p1b: Lopunny|Fake Out|p2b: Mawile
|-resisted|p2b: Mawile|1
|-damage|p2b: Mawile|89/100
|move|p2a: Raichu|Focus Blast|p1a: Kingambit
|-supereffective|p1a: Kingambit|2
|-enditem|p1a: Kingambit|Chople Berry|[eat]
|-enditem|p1a: Kingambit|Chople Berry|[weaken]
|-damage|p1a: Kingambit|46/100
|cant|p2b: Mawile|flinch
|move|p1a: Kingambit|Kowtow Cleave|p2a: Raichu
|-damage|p2a: Raichu|0 fnt
|faint|p2a: Raichu
|
|upkeep
|
|t:|1783502865
|switch|p2a: Ceruledge|Ceruledge, L50, F|100/100
|turn|6
|
|t:|1783502882
|move|p1a: Kingambit|Sucker Punch|p2a: Ceruledge
|-supereffective|p2a: Ceruledge|1
|-enditem|p2a: Ceruledge|Colbur Berry|[eat]
|-enditem|p2a: Ceruledge|Colbur Berry|[weaken]
|-damage|p2a: Ceruledge|13/100
|move|p1b: Lopunny|Close Combat|p2a: Ceruledge
|-damage|p2a: Ceruledge|0 fnt
|-unboost|p1b: Lopunny|def|1
|-unboost|p1b: Lopunny|spd|1
|faint|p2a: Ceruledge
|move|p2b: Mawile|Swords Dance|p2b: Mawile
|-boost|p2b: Mawile|atk|2
|
|upkeep
|turn|7
|
|t:|1783502905
|move|p1b: Lopunny|Encore|p2b: Mawile
|-start|p2b: Mawile|Encore
|move|p2b: Mawile|Swords Dance|p2b: Mawile
|-boost|p2b: Mawile|atk|2
|move|p1a: Kingambit|Kowtow Cleave|p2b: Mawile
|-resisted|p2b: Mawile|1
|-damage|p2b: Mawile|46/100
|
|upkeep
|turn|8
|-message|Ossi1590 forfeited.
|
|win|Maffles
||Ossi1590 is ready for game 3.
||Maffles is ready for game 3.
|uhtml|next|Next: Game 3 of 3
|l|☆Maffles
|player|p1|
