|j|☆ChrisJHall13
|j|☆DeewompostYT
|html|ChrisJHall13DeewompostYT    
|uhtml|bestof|Game 3 of a best-of-3
|t:|1784675099
|gametype|doubles
|player|p1|ChrisJHall13|102|1219
|player|p2|DeewompostYT|guitarist|1190
|gen|9
|tier|[Gen 9 Champions] VGC 2026 Reg M-B (Bo3)
|rated|
|rule|Species Clause: Limit one of each Pokémon
|rule|Item Clause: Limit 1 of each item
|clearpoke
|poke|p1|Incineroar, L50, F|
|poke|p1|Ninetales-Alola, L50, F|
|poke|p1|Gengar, L50, F|
|poke|p1|Dragonite, L50, F|
|poke|p1|Snorlax, L50, M|
|poke|p1|Scrafty, L50, F|
|poke|p2|Charizard, L50, F|
|poke|p2|Grimmsnarl, L50, M|
|poke|p2|Pelipper, L50, F|
|poke|p2|Archaludon, L50, F|
|poke|p2|Basculegion, L50, M|
|poke|p2|Venusaur, L50, M|
|teampreview|4
|showteam|p1|Incineroar||ShucaBerry|Intimidate|FakeOut,DarkestLariat,Protect,PartingShot|Careful||F|||50|]Ninetales-Alola||FocusSash|SnowWarning|Blizzard,Protect,Encore,Disable|Timid||F|||50|]Gengar||Gengarite|CursedBody|PerishSong,ShadowBall,Protect,SludgeBomb|Modest||F|||50|]Dragonite||LifeOrb|InnerFocus|DragonClaw,ExtremeSpeed,Protect,LowKick|Adamant||F|||50|]Snorlax||Leftovers|ThickFat|Yawn,Fissure,DoubleEdge,Protect|Relaxed||M|||50|]Scrafty||Scraftinite|Intimidate|CloseCombat,KnockOff,FakeOut,Protect|Adamant||F|||50|
|showteam|p2|Charizard||CharizarditeY|Blaze|HeatWave,WeatherBall,HelpingHand,Protect|Timid||F|||50|]Grimmsnarl||LightClay|Prankster|SpiritBreak,LightScreen,Reflect,PartingShot|Careful||M|||50|]Pelipper||FocusSash|Drizzle|WeatherBall,Hurricane,Tailwind,Protect|Timid||F|||50|]Archaludon||Leftovers|Stamina|ElectroShot,FlashCannon,DragonPulse,Protect|Timid||F|||50|]Basculegion||MysticWater|SwiftSwim|WaveCrash,LastRespects,AquaJet,Protect|Adamant||M|||50|]Venusaur||LifeOrb|Chlorophyll|EarthPower,SludgeBomb,EnergyBall,Protect|Modest||M|||50|
|
|t:|1784675128
|teamsize|p1|4
|teamsize|p2|4
|start
|switch|p1a: Incineroar|Incineroar, L50, F|100/100
|switch|p1b: Gengar|Gengar, L50, F|100/100
|switch|p2a: Venusaur|Venusaur, L50, M|100/100
|switch|p2b: Charizard|Charizard, L50, F|100/100
|-ability|p1a: Incineroar|Intimidate|boost
|-unboost|p2a: Venusaur|atk|1
|-unboost|p2b: Charizard|atk|1
|turn|1
|
|t:|1784675147
|switch|p2a: Pelipper|Pelipper, L50, F|100/100
|-weather|RainDance|[from] ability: Drizzle|[of] p2a: Pelipper
|detailschange|p2b: Charizard|Charizard-Mega-Y, L50, F
|-mega|p2b: Charizard|Charizard|Charizardite Y
|-weather|SunnyDay|[from] ability: Drought|[of] p2b: Charizard
|detailschange|p1b: Gengar|Gengar-Mega, L50, F
|-mega|p1b: Gengar|Gengar|Gengarite
|move|p1b: Gengar|Protect|p1b: Gengar
|-singleturn|p1b: Gengar|Protect
|move|p2b: Charizard|Weather Ball|p1a: Incineroar
|-resisted|p1a: Incineroar|1
|-damage|p1a: Incineroar|67/100
|move|p1a: Incineroar|Parting Shot|p2b: Charizard
|-unboost|p2b: Charizard|atk|1
|-unboost|p2b: Charizard|spa|1
|
|t:|1784675172
|switch|p1a: Ninetales|Ninetales-Alola, L50, F|100/100|[from] Parting Shot
|-weather|Snowscape|[from] ability: Snow Warning|[of] p1a: Ninetales
|
|-weather|Snowscape|[upkeep]
|upkeep
|turn|2
|
|t:|1784675197
|move|p2b: Charizard|Protect|p2b: Charizard
|-singleturn|p2b: Charizard|Protect
|move|p1b: Gengar|Perish Song|p1b: Gengar
|-start|p1a: Ninetales|perish3|[silent]
|-start|p1b: Gengar|perish3|[silent]
|-start|p2a: Pelipper|perish3|[silent]
|-start|p2b: Charizard|perish3|[silent]
|-fieldactivate|move: Perish Song
|move|p1a: Ninetales|Encore|p2b: Charizard
|-activate|p2b: Charizard|move: Protect
|move|p2a: Pelipper|Tailwind|p2a: Pelipper
|-sidestart|p2: DeewompostYT|move: Tailwind
|
|-weather|Snowscape|[upkeep]
|-start|p2b: Charizard|perish3
|-start|p2a: Pelipper|perish3
|-start|p1b: Gengar|perish3
|-start|p1a: Ninetales|perish3
|upkeep
|turn|3
|
|t:|1784675215
|switch|p1a: Incineroar|Incineroar, L50, F|67/100
|-ability|p1a: Incineroar|Intimidate|boost
|-unboost|p2a: Pelipper|atk|1
|-unboost|p2b: Charizard|atk|1
|move|p1b: Gengar|Protect|p1b: Gengar
|-singleturn|p1b: Gengar|Protect
|move|p2b: Charizard|Heat Wave|p1a: Incineroar|[spread] p1a
|-activate|p1b: Gengar|move: Protect
|-resisted|p1a: Incineroar|1
|-damage|p1a: Incineroar|56/100
|move|p2a: Pelipper|Weather Ball|p1a: Incineroar
|-resisted|p1a: Incineroar|1
|-damage|p1a: Incineroar|45/100
|
|-weather|Snowscape|[upkeep]
|-start|p2b: Charizard|perish2
|-start|p2a: Pelipper|perish2
|-start|p1b: Gengar|perish2
|upkeep
|turn|4
|
|t:|1784675263
|move|p2b: Charizard|Helping Hand|p2a: Pelipper
|-singleturn|p2a: Pelipper|Helping Hand|[of] p2b: Charizard
|move|p1b: Gengar|Protect||[still]
|-fail|p1b: Gengar
|move|p1a: Incineroar|Fake Out|p2b: Charizard
|-damage|p2b: Charizard|83/100
|move|p2a: Pelipper|Weather Ball|p1b: Gengar
|-damage|p1b: Gengar|53/100
|
|-weather|Snowscape|[upkeep]
|-start|p2b: Charizard|perish1
|-start|p2a: Pelipper|perish1
|-start|p1b: Gengar|perish1
|upkeep
|turn|5
|
|t:|1784675298
|switch|p1b: Snorlax|Snorlax, L50, M|100/100
|move|p1a: Incineroar|Protect|p1a: Incineroar
|-singleturn|p1a: Incineroar|Protect
|move|p2b: Charizard|Heat Wave|p1a: Incineroar|[spread] p1b
|-activate|p1a: Incineroar|move: Protect
|-damage|p1b: Snorlax|91/100
|move|p2a: Pelipper|Weather Ball|p1b: Snorlax
|-damage|p1b: Snorlax|82/100
|
|-weather|none
|-heal|p1b: Snorlax|88/100|[from] item: Leftovers
|-start|p2b: Charizard|perish0
|-start|p2a: Pelipper|perish0
|-sideend|p2: DeewompostYT|move: Tailwind
|faint|p2b: Charizard
|faint|p2a: Pelipper
|upkeep
|
|t:|1784675307
|switch|p2b: Venusaur|Venusaur, L50, M|100/100
|switch|p2a: Basculegion|Basculegion, L50, M|100/100
|turn|6
|-message|DeewompostYT forfeited.
|
|win|ChrisJHall13
|raw|ChrisJHall13's rating: 1219 → 1242(+23 for winning)
|raw|DeewompostYT's rating: 1190 → 1167(-23 for losing)
