|j|☆PlayzNSlayz
|j|☆eklyst
|html|PlayzNSlayzeklyst    
|uhtml|bestof|Game 1 of a best-of-3
|t:|1756530332
|gametype|doubles
|player|p1|PlayzNSlayz|parasollady|1035
|player|p2|eklyst|pokemaniac|1081
|gen|9
|tier|[Gen 9] VGC 2025 Reg H (Bo3)
|rated|
|rule|Species Clause: Limit one of each Pokémon
|rule|Item Clause: Limit 1 of each item
|clearpoke
|poke|p1|Lilligant-Hisui, L50, F|
|poke|p1|Ursaluna, L50, M|
|poke|p1|Hatterene, L50, F|
|poke|p1|Indeedee-F, L50, F|
|poke|p1|Gallade, L50, M|
|poke|p1|Torkoal, L50, M|
|poke|p2|Ursaluna-Bloodmoon, L50, M|
|poke|p2|Incineroar, L50, F|
|poke|p2|Rillaboom, L50, M|
|poke|p2|Farigiraf, L50, F|
|poke|p2|Sneasler, L50, F|
|poke|p2|Volcarona, L50, M|
|teampreview|4
|showteam|p1|Lilligant-Hisui||FocusSash|Chlorophyll|SolarBlade,CloseCombat,SleepPowder,AfterYou|||F|||50|,,,,,Ghost]Ursaluna||FlameOrb|Guts|Facade,HeadlongRush,Earthquake,Protect|||M|||50|,,,,,Ghost]Hatterene||LifeOrb|MagicBounce|ExpandingForce,DazzlingGleam,TeraBlast,TrickRoom|||F|||50|,,,,,Fire]Indeedee-F||PsychicSeed|PsychicSurge|FollowMe,HelpingHand,TrickRoom,Psyshock|||F|||50|,,,,,Water]Gallade||ClearAmulet|Sharpness|SacredSword,PsychoCut,WideGuard,TrickRoom|||M|||50|,,,,,Grass]Torkoal||ChoiceSpecs|Drought|Eruption,HeatWave,WeatherBall,EarthPower|||M|||50|,,,,,Fire
|showteam|p2|Ursaluna-Bloodmoon||LifeOrb|MindsEye|HyperVoice,BloodMoon,EarthPower,Protect|||M|||50|,,,,,Normal]Incineroar||SitrusBerry|Intimidate|FakeOut,FlareBlitz,KnockOff,PartingShot|||F|||50|,,,,,Bug]Rillaboom||AssaultVest|GrassySurge|Uturn,WoodHammer,GrassyGlide,FakeOut|||M|||50|,,,,,Fire]Farigiraf||ThroatSpray|ArmorTail|HyperVoice,Protect,Psychic,TrickRoom|||F|||50|,,,,,Fairy]Sneasler||FocusSash|Unburden|CloseCombat,Protect,FakeOut,ThroatChop|||F|||50|,,,,,Dark]Volcarona||CovertCloak|FlameBody|HeatWave,Protect,StruggleBug,RagePowder|||M|||50|,,,,,Water
|inactive|Battle timer is ON: inactive players will automatically lose when time's up. (requested by eklyst)
|inactive|PlayzNSlayz has 60 seconds left.
|inactive|PlayzNSlayz has 30 seconds left.
|
|t:|1756530508
|teamsize|p1|4
|teamsize|p2|4
|start
|switch|p1a: Torkoal|Torkoal, L50, M|100/100
|switch|p1b: Lilligant|Lilligant-Hisui, L50, F|100/100
|switch|p2a: Volcarona|Volcarona, L50, M|100/100
|switch|p2b: Incineroar|Incineroar, L50, F|100/100
|-ability|p2b: Incineroar|Intimidate|boost
|-unboost|p1a: Torkoal|atk|1
|-unboost|p1b: Lilligant|atk|1
|-weather|SunnyDay|[from] ability: Drought|[of] p1a: Torkoal
|turn|1
|inactive|PlayzNSlayz has 30 seconds left.
|inactive|PlayzNSlayz has 20 seconds left.
|inactive|PlayzNSlayz has 15 seconds left.
|inactive|PlayzNSlayz has 10 seconds left.
|inactive|PlayzNSlayz has 5 seconds left.
|
|t:|1756530563
|move|p2b: Incineroar|Fake Out|p1a: Torkoal
|-damage|p1a: Torkoal|92/100
|move|p1b: Lilligant|Solar Blade||[still]
|-prepare|p1b: Lilligant|Solar Blade
|-anim|p1b: Lilligant|Solar Blade|p2b: Incineroar
|-resisted|p2b: Incineroar
|-damage|p2b: Incineroar|85/100
|move|p2a: Volcarona|Heat Wave|p1b: Lilligant|[spread] p1a,p1b
|-resisted|p1a: Torkoal
|-supereffective|p1b: Lilligant
|-damage|p1a: Torkoal|55/100
|-enditem|p1b: Lilligant|Focus Sash
|-damage|p1b: Lilligant|1/100
|cant|p1a: Torkoal|flinch
|
|-weather|SunnyDay|[upkeep]
|upkeep
|turn|2
|
|t:|1756530582
|-terastallize|p1b: Lilligant|Ghost
|move|p1b: Lilligant|Close Combat|p2b: Incineroar
|-supereffective|p2b: Incineroar
|-damage|p2b: Incineroar|25/100
|-unboost|p1b: Lilligant|def|1
|-unboost|p1b: Lilligant|spd|1
|-enditem|p2b: Incineroar|Sitrus Berry|[eat]
|-heal|p2b: Incineroar|50/100|[from] item: Sitrus Berry
|move|p2a: Volcarona|Heat Wave|p1a: Torkoal|[spread] p1a
|-miss|p2a: Volcarona|p1b: Lilligant
|-resisted|p1a: Torkoal
|-damage|p1a: Torkoal|21/100
|move|p2b: Incineroar|Parting Shot|p1a: Torkoal
|-unboost|p1a: Torkoal|atk|1
|-unboost|p1a: Torkoal|spa|1
|
|t:|1756530597
|switch|p2b: Rillaboom|Rillaboom, L50, M|100/100|[from] Parting Shot
|-fieldstart|move: Grassy Terrain|[from] ability: Grassy Surge|[of] p2b: Rillaboom
|move|p1a: Torkoal|Eruption|p2a: Volcarona|[spread] p2a,p2b
|-supereffective|p2b: Rillaboom
|-damage|p2a: Volcarona|87/100
|-damage|p2b: Rillaboom|79/100
|
|-weather|SunnyDay|[upkeep]
|-heal|p1b: Lilligant|7/100|[from] Grassy Terrain
|-heal|p2a: Volcarona|92/100|[from] Grassy Terrain
|-heal|p2b: Rillaboom|85/100|[from] Grassy Terrain
|-heal|p1a: Torkoal|27/100|[from] Grassy Terrain
|upkeep
|turn|3
|
|t:|1756530614
|move|p2b: Rillaboom|Grassy Glide|p1b: Lilligant
|-damage|p1b: Lilligant|0 fnt
|faint|p1b: Lilligant
|move|p2a: Volcarona|Heat Wave|p1a: Torkoal
|-resisted|p1a: Torkoal
|-damage|p1a: Torkoal|0 fnt
|faint|p1a: Torkoal
|
|-weather|SunnyDay|[upkeep]
|-heal|p2a: Volcarona|98/100|[from] Grassy Terrain
|-heal|p2b: Rillaboom|91/100|[from] Grassy Terrain
|upkeep
|
|t:|1756530624
|switch|p1b: Ursaluna|Ursaluna, L50, M|100/100
|switch|p1a: Gallade|Gallade, L50, M|100/100
|turn|4
|inactive|PlayzNSlayz has 30 seconds left.
|
|t:|1756530656
|move|p2a: Volcarona|Heat Wave|p1b: Ursaluna|[spread] p1a,p1b
|-damage|p1a: Gallade|47/100
|-damage|p1b: Ursaluna|49/100
|move|p2b: Rillaboom|Wood Hammer|p1b: Ursaluna
|-supereffective|p1b: Ursaluna
|-damage|p1b: Ursaluna|0 fnt
|faint|p1b: Ursaluna
|-damage|p2b: Rillaboom|72/100|[from] Recoil
|move|p1a: Gallade|Psycho Cut|p2b: Rillaboom
|-damage|p2b: Rillaboom|21/100
|
|-weather|SunnyDay|[upkeep]
|-heal|p2a: Volcarona|100/100|[from] Grassy Terrain
|-heal|p2b: Rillaboom|27/100|[from] Grassy Terrain
|-heal|p1a: Gallade|53/100|[from] Grassy Terrain
|upkeep
|turn|5
|
|t:|1756530672
|move|p1a: Gallade|Wide Guard|p1a: Gallade
|-singleturn|p1a: Gallade|Wide Guard
|move|p2a: Volcarona|Heat Wave|p1a: Gallade
|-activate|p1a: Gallade|move: Wide Guard
|move|p2b: Rillaboom|Wood Hammer|p1a: Gallade
|-damage|p1a: Gallade|0 fnt
|faint|p1a: Gallade
|-damage|p2b: Rillaboom|12/100|[from] Recoil
|
|win|eklyst
||eklyst is ready for game 2.
|inactive|PlayzNSlayz has 30 seconds to confirm battle start!
||PlayzNSlayz is ready for game 2.
|uhtml|next|Next: Game 2 of 3
