|j|☆pod_warbatino
|j|☆Lord Of Bulky
|html|pod_warbatinoLord Of Bulky    
|uhtml|bestof|Game 1 of a best-of-3
|t:|1782679026
|gametype|doubles
|player|p1|pod_warbatino|richboy|1000
|player|p2|Lord Of Bulky|alder|1050
|gen|9
|tier|[Gen 9 Champions] VGC 2026 Reg M-B (Bo3)
|rated|
|rule|Species Clause: Limit one of each Pokémon
|rule|Item Clause: Limit 1 of each item
|clearpoke
|poke|p1|Ditto, L50, shiny|
|poke|p1|Glimmora, L50, M, shiny|
|poke|p1|Sneasler, L50, F, shiny|
|poke|p1|Basculegion, L50, M, shiny|
|poke|p1|Kingambit, L50, F|
|poke|p1|Whimsicott, L50, M|
|poke|p2|Metagross, L50, shiny|
|poke|p2|Grimmsnarl, L50, M, shiny|
|poke|p2|Sinistcha, L50, shiny|
|poke|p2|Archaludon, L50, F, shiny|
|poke|p2|Swampert, L50, M, shiny|
|poke|p2|Pelipper, L50, M|
|teampreview|4
|showteam|p1|Ditto||Leftovers|Imposter|Transform|Bold|||||50|]Glimmora||Glimmoranite|ToxicDebris|EarthPower,PowerGem,SludgeBomb,SpikyShield|Timid||M|||50|]Sneasler||WhiteHerb|Unburden|Protect,CloseCombat,FakeOut,DireClaw|Adamant||F|||50|]Basculegion||MysticWater|Adaptability|LastRespects,FlipTurn,Protect,WaveCrash|Jolly||M|||50|]Kingambit||ExpertBelt|Defiant|IronHead,SuckerPunch,BrickBreak,Protect|Adamant||F|||50|]Whimsicott||FocusSash|Prankster|Tailwind,Moonblast,WorrySeed,HelpingHand|Bold||M|||50|
|showteam|p2|Metagross||Metagrossite|ClearBody|IronHead,PsychicFangs,Protect,BodyPress|Jolly|||||50|]Grimmsnarl||LightClay|Prankster|PartingShot,FoulPlay,Reflect,LightScreen|Careful||M|||50|]Sinistcha||CobaBerry|Hospitality|MatchaGotcha,Protect,RagePowder,TrickRoom|Bold|||||50|]Archaludon||Leftovers|Stamina|Protect,FlashCannon,DragonPulse,ElectroShot|Modest||F|||50|]Swampert||Swampertite|Damp|WaveCrash,HighHorsepower,Protect,IcePunch|Adamant||M|||50|]Pelipper||SitrusBerry|Drizzle|WeatherBall,Hurricane,WideGuard,Tailwind|Calm||M|||50|
|inactive|Battle timer is ON: inactive players will automatically lose when time's up. (requested by Lord Of Bulky)
|
|t:|1782679074
|teamsize|p1|4
|teamsize|p2|4
|start
|switch|p1a: Theridiosa|Sneasler, L50, F, shiny|100/100
|switch|p1b: Whimsicott|Whimsicott, L50, M|100/100
|switch|p2a: Grimmsnarl|Grimmsnarl, L50, M, shiny|100/100
|switch|p2b: Swampert|Swampert, L50, M, shiny|100/100
|turn|1
|
|t:|1782679097
|detailschange|p2b: Swampert|Swampert-Mega, L50, M, shiny
|-mega|p2b: Swampert|Swampert|Swampertite
|move|p1a: Theridiosa|Fake Out|p2b: Swampert
|-damage|p2b: Swampert|86/100
|move|p1b: Whimsicott|Tailwind|p1b: Whimsicott
|-sidestart|p1: pod_warbatino|move: Tailwind
|move|p2a: Grimmsnarl|Reflect|p2a: Grimmsnarl
|-sidestart|p2: Lord Of Bulky|Reflect
|cant|p2b: Swampert|flinch
|
|upkeep
|turn|2
|
|t:|1782679119
|move|p1a: Theridiosa|Protect|p1a: Theridiosa
|-singleturn|p1a: Theridiosa|Protect
|move|p1b: Whimsicott|Worry Seed|p2b: Swampert
|-ability|p2b: Swampert|Insomnia|Swift Swim|[from] move: Worry Seed
|move|p2a: Grimmsnarl|Light Screen|p2a: Grimmsnarl
|-sidestart|p2: Lord Of Bulky|move: Light Screen
|move|p2b: Swampert|High Horsepower|p1a: Theridiosa
|-activate|p1a: Theridiosa|move: Protect
|
|upkeep
|turn|3
|
|t:|1782679142
|switch|p1a: Transforma-ditto|Ditto, L50, shiny|100/100
|-transform|p1a: Transforma-ditto|p2b: Swampert|[from] ability: Imposter
|move|p2a: Grimmsnarl|Parting Shot|p1b: Whimsicott
|-unboost|p1b: Whimsicott|atk|1
|-unboost|p1b: Whimsicott|spa|1
|
|t:|1782679150
|switch|p2a: Archaludon|Archaludon, L50, F, shiny|100/100|[from] Parting Shot
|move|p1b: Whimsicott|Moonblast|p2a: Archaludon
|-damage|p2a: Archaludon|88/100
|-ability|p2a: Archaludon|Stamina|boost
|-boost|p2a: Archaludon|def|1
|move|p2b: Swampert|High Horsepower|p1a: Transforma-ditto
|-damage|p1a: Transforma-ditto|34/100
|
|-heal|p1a: Transforma-ditto|40/100|[from] item: Leftovers
|-heal|p2a: Archaludon|94/100|[from] item: Leftovers
|upkeep
|turn|4
|inactive|Lord Of Bulky has 30 seconds left.
|
|t:|1782679178
|move|p1b: Whimsicott|Helping Hand|p1a: Transforma-ditto
|-singleturn|p1a: Transforma-ditto|Helping Hand|[of] p1b: Whimsicott
|move|p1a: Transforma-ditto|Wave Crash|p2b: Swampert
|-damage|p2b: Swampert|21/100
|-damage|p1a: Transforma-ditto|12/100|[from] Recoil
|move|p2b: Swampert|Ice Punch|p1b: Whimsicott
|-supereffective|p1b: Whimsicott|1
|-damage|p1b: Whimsicott|50/100g
|move|p2a: Archaludon|Dragon Pulse|p1a: Transforma-ditto
|-damage|p1a: Transforma-ditto|0 fnt
|faint|p1a: Transforma-ditto
|
|-heal|p2a: Archaludon|100/100|[from] item: Leftovers
|-sideend|p1: pod_warbatino|move: Tailwind
|upkeep
|
|t:|1782679197
|switch|p1a: Theridiosa|Sneasler, L50, F, shiny|100/100
|turn|5
|
|t:|1782679206
|switch|p2b: Pelipper|Pelipper, L50, M|100/100
|-weather|RainDance|[from] ability: Drizzle|[of] p2b: Pelipper
|move|p1a: Theridiosa|Fake Out|p2b: Pelipper
|-damage|p2b: Pelipper|89/100
|move|p1b: Whimsicott|Worry Seed|p2a: Archaludon
|-ability|p2a: Archaludon|Insomnia|Stamina|[from] move: Worry Seed
|move|p2a: Archaludon|Electro Shot||[still]
|-prepare|p2a: Archaludon|Electro Shot
|-boost|p2a: Archaludon|spa|1
|-anim|p2a: Archaludon|Electro Shot|p1a: Theridiosa
|-damage|p1a: Theridiosa|17/100
|
|-weather|RainDance|[upkeep]
|upkeep
|turn|6
|inactive|pod_warbatino has 30 seconds left.
|
|t:|1782679231
|move|p1b: Whimsicott|Helping Hand|p1a: Theridiosa
|-singleturn|p1a: Theridiosa|Helping Hand|[of] p1b: Whimsicott
|move|p1a: Theridiosa|Close Combat|p2a: Archaludon
|-supereffective|p2a: Archaludon|1
|-damage|p2a: Archaludon|29/100
|-unboost|p1a: Theridiosa|def|1
|-unboost|p1a: Theridiosa|spd|1
|-enditem|p1a: Theridiosa|White Herb
|-clearnegativeboost|p1a: Theridiosa|[silent]
|move|p2a: Archaludon|Flash Cannon|p1b: Whimsicott
|-supereffective|p1b: Whimsicott|1
|-damage|p1b: Whimsicott|0 fnt
|faint|p1b: Whimsicott
|move|p2b: Pelipper|Hurricane|p1a: Theridiosa
|-supereffective|p1a: Theridiosa|1
|-damage|p1a: Theridiosa|0 fnt
|faint|p1a: Theridiosa
|
|-weather|RainDance|[upkeep]
|-heal|p2a: Archaludon|35/100|[from] item: Leftovers
|upkeep
|
|t:|1782679252
|switch|p1b: Ópalo|Glimmora, L50, M, shiny|100/100
|turn|7
|
|t:|1782679271
|detailschange|p1b: Ópalo|Glimmora-Mega, L50, M, shiny
|-mega|p1b: Ópalo|Glimmora|Glimmoranite
|move|p1b: Ópalo|Earth Power|p2a: Archaludon
|-supereffective|p2a: Archaludon|1
|-damage|p2a: Archaludon|0 fnt
|faint|p2a: Archaludon
|move|p2b: Pelipper|Tailwind|p2b: Pelipper
|-sidestart|p2: Lord Of Bulky|move: Tailwind
|
|-weather|RainDance|[upkeep]
|upkeep
|
|t:|1782679280
|switch|p2a: Swampert|Swampert-Mega, L50, M, shiny|21/100
|turn|8
|
|t:|1782679287
|move|p1b: Ópalo|Spiky Shield|p1b: Ópalo
|-singleturn|p1b: Ópalo|move: Protect
|move|p2a: Swampert|High Horsepower|p1b: Ópalo
|-activate|p1b: Ópalo|move: Protect
|-damage|p2a: Swampert|8/100|[from] Spiky Shield|[of] p1b: Ópalo
|move|p2b: Pelipper|Weather Ball|p1b: Ópalo
|-activate|p1b: Ópalo|move: Protect
|
|-weather|RainDance|[upkeep]
|-sideend|p2: Lord Of Bulky|Reflect
|upkeep
|turn|9
|inactive|pod_warbatino has 30 seconds left.
|
|t:|1782679314
|move|p1b: Ópalo|Spiky Shield||[still]
|-fail|p1b: Ópalo
|move|p2a: Swampert|Wave Crash|p1b: Ópalo
|-supereffective|p1b: Ópalo|1
|-damage|p1b: Ópalo|0 fnt
|faint|p1b: Ópalo
|-damage|p2a: Swampert|0 fnt|[from] Recoil
|faint|p2a: Swampert
|
|win|Lord Of Bulky
