|j|☆exessvgc
|j|☆frankino98
|html|exessvgcfrankino98    
|uhtml|bestof|Game 1 of a best-of-3
|t:|1783774684
|gametype|doubles
|player|p1|exessvgc|lucas|1124
|player|p2|frankino98|265|1071
|gen|9
|tier|[Gen 9 Champions] VGC 2026 Reg M-B (Bo3)
|rated|
|rule|Species Clause: Limit one of each Pokémon
|rule|Item Clause: Limit 1 of each item
|clearpoke
|poke|p1|Charizard, L50, M|
|poke|p1|Sneasler, L50, F|
|poke|p1|Farigiraf, L50, M|
|poke|p1|Aerodactyl, L50, F|
|poke|p1|Floette-Eternal, L50, F|
|poke|p1|Whimsicott, L50, M|
|poke|p2|Staraptor, L50, F|
|poke|p2|Charizard, L50, F|
|poke|p2|Glimmora, L50, M|
|poke|p2|Whimsicott, L50, F|
|poke|p2|Basculegion, L50, M|
|poke|p2|Garchomp, L50, F|
|teampreview|4
|showteam|p1|Charizard||CharizarditeX|Blaze|FlareBlitz,DragonClaw,Protect,DragonDance|Jolly||M|||50|]Sneasler||WhiteHerb|Unburden|FakeOut,Protect,CloseCombat,DireClaw|Jolly||F|||50|]Farigiraf||SitrusBerry|ArmorTail|TrickRoom,TwinBeam,HelpingHand,Thunderbolt|Bold||M|||50|]Aerodactyl||FocusSash|Unnerve|RockSlide,Tailwind,SunnyDay,Taunt|Jolly||F|||50|]Floette-Eternal||Floettite|FlowerVeil|Moonblast,DazzlingGleam,LightofRuin,Protect|Modest||F|||50|]Whimsicott||BrightPowder|Prankster|Charm,LightScreen,Moonblast,Tailwind|Timid||M|||50|
|showteam|p2|Staraptor||Staraptite|Intimidate|DualWingbeat,CloseCombat,Roost,Protect|Jolly||F|||50|]Charizard||CharizarditeY|Blaze|HeatWave,SolarBeam,WeatherBall,Protect|Modest||F|||50|]Glimmora||FocusSash|ToxicDebris|PowerGem,SludgeBomb,EarthPower,SpikyShield|Modest||M|||50|]Whimsicott||LifeOrb|Prankster|Moonblast,GrassKnot,Tailwind,Protect|Modest||F|||50|]Basculegion||ChoiceScarf|Adaptability|WaveCrash,LastRespects,AquaJet,FlipTurn|Jolly||M|||50|]Garchomp||SitrusBerry|RoughSkin|Earthquake,RockSlide,PoisonJab,DragonTail|Adamant||F|||50|
|l|☆exessvgc
|player|p1|
|j|☆exessvgc
|player|p1|exessvgc|lucas|
|inactive|Battle timer is ON: inactive players will automatically lose when time's up. (requested by frankino98)
|
|t:|1783774773
|teamsize|p1|4
|teamsize|p2|4
|start
|switch|p1a: DINOSAUVO|Aerodactyl, L50, F|100/100
|switch|p1b: IL COACH|Sneasler, L50, F|100/100
|switch|p2a: Glimmora|Glimmora, L50, M|100/100
|switch|p2b: Whimsicott|Whimsicott, L50, F|100/100
|-ability|p1a: DINOSAUVO|Unnerve
|turn|1
|
|t:|1783774797
|move|p2b: Whimsicott|Protect|p2b: Whimsicott
|-singleturn|p2b: Whimsicott|Protect
|move|p2a: Glimmora|Spiky Shield|p2a: Glimmora
|-singleturn|p2a: Glimmora|move: Protect
|move|p1b: IL COACH|Fake Out|p2a: Glimmora
|-activate|p2a: Glimmora|move: Protect
|-damage|p1b: IL COACH|87/100|[from] Spiky Shield|[of] p2a: Glimmora
|move|p1a: DINOSAUVO|Tailwind|p1a: DINOSAUVO
|-sidestart|p1: exessvgc|move: Tailwind
|
|upkeep
|turn|2
|inactive|frankino98 has 30 seconds left.
|
|t:|1783774829
|move|p2b: Whimsicott|Tailwind|p2b: Whimsicott
|-sidestart|p2: frankino98|move: Tailwind
|move|p1a: DINOSAUVO|Rock Slide|p2b: Whimsicott|[spread] p2a
|-miss|p1a: DINOSAUVO|p2b: Whimsicott
|-damage|p2a: Glimmora|67/100
|-activate|p2a: Glimmora|ability: Toxic Debris
|-sidestart|p1: exessvgc|move: Toxic Spikes
|move|p1b: IL COACH|Close Combat|p2a: Glimmora
|-damage|p2a: Glimmora|0 fnt
|-unboost|p1b: IL COACH|def|1
|-unboost|p1b: IL COACH|spd|1
|-activate|p2a: Glimmora|ability: Toxic Debris
|-sidestart|p1: exessvgc|move: Toxic Spikes
|faint|p2a: Glimmora
|-enditem|p1b: IL COACH|White Herb
|-clearnegativeboost|p1b: IL COACH|[silent]
|
|upkeep
|
|t:|1783774847
|switch|p2a: Staraptor|Staraptor, L50, F|100/100
|-ability|p2a: Staraptor|Intimidate|boost
|-unboost|p1a: DINOSAUVO|atk|1
|-unboost|p1b: IL COACH|atk|1
|turn|3
|
|t:|1783774870
|detailschange|p2a: Staraptor|Staraptor-Mega, L50, F
|-mega|p2a: Staraptor|Staraptor|Staraptite
|move|p1b: IL COACH|Dire Claw|p2a: Staraptor
|-damage|p2a: Staraptor|71/100
|move|p1a: DINOSAUVO|Rock Slide|p2a: Staraptor|[spread] p2b
|-miss|p1a: DINOSAUVO|p2a: Staraptor
|-damage|p2b: Whimsicott|77/100
|move|p2a: Staraptor|Close Combat|p1a: DINOSAUVO
|-enditem|p1a: DINOSAUVO|Focus Sash
|-damage|p1a: DINOSAUVO|1/100
|-boost|p2a: Staraptor|def|1
|-boost|p2a: Staraptor|spd|1
|move|p2b: Whimsicott|Moonblast|p1b: IL COACH
|-damage|p1b: IL COACH|21/100
|-damage|p2b: Whimsicott|67/100|[from] item: Life Orb
|
|upkeep
|turn|4
|inactive|exessvgc has 30 seconds left.
|inactive|frankino98 has 30 seconds left.
|inactive|exessvgc has 20 seconds left.
|inactive|frankino98 has 20 seconds left.
|inactive|frankino98 has 15 seconds left.
|
|t:|1783774914
|switch|p1b: Kokiri|Whimsicott, L50, M|100/100
|-status|p1b: Kokiri|tox
|move|p2b: Whimsicott|Protect|p2b: Whimsicott
|-singleturn|p2b: Whimsicott|Protect
|move|p1a: DINOSAUVO|Rock Slide|p2b: Whimsicott|[spread] p2a
|-activate|p2b: Whimsicott|move: Protect
|-damage|p2a: Staraptor|59/100
|move|p2a: Staraptor|Close Combat|p1b: Kokiri
|-resisted|p1b: Kokiri|1
|-damage|p1b: Kokiri|61/100 tox
|-boost|p2a: Staraptor|def|1
|-boost|p2a: Staraptor|spd|1
|
|-damage|p1b: Kokiri|55/100 tox|[from] psn
|-sideend|p1: exessvgc|move: Tailwind
|upkeep
|turn|5
|inactive|frankino98 has 30 seconds left.
|
|t:|1783774939
|move|p1b: Kokiri|Tailwind|p1b: Kokiri
|-sidestart|p1: exessvgc|move: Tailwind
|move|p1a: DINOSAUVO|Taunt|p2a: Staraptor
|-start|p2a: Staraptor|move: Taunt
|move|p2a: Staraptor|Close Combat|p1a: DINOSAUVO
|-damage|p1a: DINOSAUVO|0 fnt
|-boost|p2a: Staraptor|def|1
|-boost|p2a: Staraptor|spd|1
|faint|p1a: DINOSAUVO
|move|p2b: Whimsicott|Moonblast|p1b: Kokiri
|-damage|p1b: Kokiri|0 fnt
|faint|p1b: Kokiri
|-damage|p2b: Whimsicott|58/100|[from] item: Life Orb
|
|-sideend|p2: frankino98|move: Tailwind
|upkeep
|
|t:|1783774947
|switch|p1a: Marianela|Floette-Eternal, L50, F|100/100
|switch|p1b: IL COACH|Sneasler, L50, F|21/100
|-sideend|p1: exessvgc|move: Toxic Spikes|[of] p1b: IL COACH
|turn|6
|inactive|frankino98 has 30 seconds left.
|
|t:|1783774980
|detailschange|p1a: Marianela|Floette-Mega, L50, F
|-mega|p1a: Marianela|Floette|Floettite
|-ability|p1a: Marianela|Fairy Aura
|move|p1b: IL COACH|Fake Out|p2b: Whimsicott
|-damage|p2b: Whimsicott|37/100
|cant|p2b: Whimsicott|flinch
|move|p1a: Marianela|Moonblast|p2a: Staraptor
|-supereffective|p2a: Staraptor|1
|-damage|p2a: Staraptor|3/100
|move|p2a: Staraptor|Dual Wingbeat|p1a: Marianela
|-damage|p1a: Marianela|80/100
|-damage|p1a: Marianela|63/100
|-hitcount|p1a: Marianela|2
|
|upkeep
|turn|7
|
|t:|1783774998
|move|p2b: Whimsicott|Tailwind|p2b: Whimsicott
|-sidestart|p2: frankino98|move: Tailwind
|move|p1b: IL COACH|Dire Claw|p2a: Staraptor
|-damage|p2a: Staraptor|0 fnt
|faint|p2a: Staraptor
|move|p1a: Marianela|Dazzling Gleam|p2b: Whimsicott
|-damage|p2b: Whimsicott|0 fnt
|faint|p2b: Whimsicott
|
|upkeep
|
|t:|1783775004
|switch|p2b: Garchomp|Garchomp, L50, F|100/100
|turn|8
|
|t:|1783775028
|move|p1b: IL COACH|Close Combat|p2b: Garchomp
|-damage|p2b: Garchomp|45/100
|-unboost|p1b: IL COACH|def|1
|-unboost|p1b: IL COACH|spd|1
|-damage|p1b: IL COACH|8/100|[from] ability: Rough Skin|[of] p2b: Garchomp
|-enditem|p2b: Garchomp|Sitrus Berry|[eat]
|-heal|p2b: Garchomp|69/100|[from] item: Sitrus Berry
|move|p2b: Garchomp|Earthquake|p1b: IL COACH|[spread] p1a,p1b
|-supereffective|p1b: IL COACH|1
|-damage|p1a: Marianela|32/100
|-damage|p1b: IL COACH|0 fnt
|faint|p1b: IL COACH
|move|p1a: Marianela|Moonblast|p2b: Garchomp
|-supereffective|p2b: Garchomp|1
|-damage|p2b: Garchomp|0 fnt
|faint|p2b: Garchomp
|
|win|exessvgc
|inactive|exessvgc has 30 seconds to confirm battle start!
|inactive|frankino98 has 30 seconds to confirm battle start!
||exessvgc is ready for game 2.
|l|☆frankino98
|player|p2|
|raw|exessvgc's rating: 1124 → 1145(+21 for winning)
|raw|frankino98's rating: 1071 → 1053(-18 for losing)
