|j|☆failandimprove2
|j|☆Arhanjunior
|html|failandimprove2Arhanjunior    
|uhtml|bestof|Game 1 of a best-of-3
|t:|1782598204
|gametype|doubles
|player|p1|failandimprove2|2|1104
|player|p2|Arhanjunior|266|1100
|gen|9
|tier|[Gen 9 Champions] VGC 2026 Reg M-B (Bo3)
|rated|
|rule|Species Clause: Limit one of each Pokémon
|rule|Item Clause: Limit 1 of each item
|clearpoke
|poke|p1|Incineroar, L50, M|
|poke|p1|Floette-Eternal, L50, F|
|poke|p1|Kingambit, L50, M|
|poke|p1|Sinistcha, L50|
|poke|p1|Basculegion, L50, M|
|poke|p1|Sneasler, L50, F|
|poke|p2|Swampert, L50, M|
|poke|p2|Pelipper, L50, F|
|poke|p2|Archaludon, L50, F|
|poke|p2|Sinistcha, L50|
|poke|p2|Maushold-Four, L50|
|poke|p2|Gholdengo, L50|
|teampreview|4
|showteam|p1|Incineroar||SitrusBerry|Intimidate|FlareBlitz,FakeOut,PartingShot,HelpingHand|Careful||M|||50|]Floette-Eternal||Floettite|FlowerVeil|DazzlingGleam,DrainingKiss,CalmMind,Protect|Timid||F|||50|]Kingambit||BlackGlasses|Defiant|KowtowCleave,SuckerPunch,SwordsDance,Protect|Adamant||M|||50|]Sinistcha||KasibBerry|Hospitality|MatchaGotcha,RagePowder,TrickRoom,Protect|Bold|||||50|]Basculegion||ChoiceScarf|Adaptability|WaveCrash,FlipTurn,LastRespects,AquaJet|Jolly||M|||50|]Sneasler||FocusSash|PoisonTouch|CloseCombat,DireClaw,FakeOut,Protect|Jolly||F|||50|
|showteam|p2|Swampert||Swampertite|Damp|HighHorsepower,WaveCrash,IcePunch,Protect|Adamant||M|||50|]Pelipper||FocusSash|Drizzle|Hurricane,WeatherBall,Tailwind,WideGuard|Modest||F|||50|]Archaludon||Leftovers|Stamina|DragonPulse,ElectroShot,AuraSphere,Protect|Modest||F|||50|]Sinistcha||SitrusBerry|Hospitality|MatchaGotcha,TrickRoom,RagePowder,LifeDew|Bold|||||50|]Maushold-Four||ChopleBerry|FriendGuard|SuperFang,FollowMe,RainDance,Protect|Timid|||||50|]Gholdengo||LifeOrb|GoodasGold|MakeItRain,ShadowBall,NastyPlot,Protect|Modest|||||50|
|inactive|Battle timer is ON: inactive players will automatically lose when time's up. (requested by Arhanjunior)
|inactive|Arhanjunior has 60 seconds left.
|
|t:|1782598236
|teamsize|p1|4
|teamsize|p2|4
|start
|switch|p1a: Kingambit|Kingambit, L50, M|100/100
|switch|p1b: Incineroar|Incineroar, L50, M|100/100
|switch|p2a: Pelipper|Pelipper, L50, F|100/100
|switch|p2b: Archaludon|Archaludon, L50, F|100/100
|-weather|RainDance|[from] ability: Drizzle|[of] p2a: Pelipper
|-ability|p1b: Incineroar|Intimidate|boost
|-unboost|p2a: Pelipper|atk|1
|-unboost|p2b: Archaludon|atk|1
|turn|1
|
|t:|1782598253
|move|p1b: Incineroar|Fake Out|p2b: Archaludon
|-resisted|p2b: Archaludon|1
|-damage|p2b: Archaludon|96/100
|-ability|p2b: Archaludon|Stamina|boost
|-boost|p2b: Archaludon|def|1
|move|p2a: Pelipper|Weather Ball|p1b: Incineroar
|-supereffective|p1b: Incineroar|1
|-damage|p1b: Incineroar|0 fnt
|faint|p1b: Incineroar
|cant|p2b: Archaludon|flinch
|move|p1a: Kingambit|Swords Dance|p1a: Kingambit
|-boost|p1a: Kingambit|atk|2
|
|-weather|RainDance|[upkeep]
|-heal|p2b: Archaludon|100/100|[from] item: Leftovers
|upkeep
|inactive|failandimprove2 has 30 seconds left.
|
|t:|1782598287
|switch|p1b: Floette|Floette-Eternal, L50, F|100/100
|turn|2
|
|t:|1782598306
|detailschange|p1b: Floette|Floette-Mega, L50, F
|-mega|p1b: Floette|Floette|Floettite
|-ability|p1b: Floette|Fairy Aura
|move|p1a: Kingambit|Sucker Punch|p2b: Archaludon
|-damage|p2b: Archaludon|54/100
|-ability|p2b: Archaludon|Stamina|boost
|-boost|p2b: Archaludon|def|1
|move|p1b: Floette|Dazzling Gleam|p2a: Pelipper|[spread] p2a,p2b
|-damage|p2a: Pelipper|25/100
|-damage|p2b: Archaludon|11/100
|-ability|p2b: Archaludon|Stamina|boost
|-boost|p2b: Archaludon|def|1
|move|p2a: Pelipper|Weather Ball|p1b: Floette
|-damage|p1b: Floette|40/100
|move|p2b: Archaludon|Aura Sphere|p1a: Kingambit
|-supereffective|p1a: Kingambit|2
|-damage|p1a: Kingambit|0 fnt
|faint|p1a: Kingambit
|
|-weather|RainDance|[upkeep]
|-heal|p2b: Archaludon|17/100|[from] item: Leftovers
|upkeep
|
|t:|1782598311
|switch|p1a: Sinistcha|Sinistcha, L50|100/100
|-heal|p1b: Floette|64/100|[from] ability: Hospitality|[of] p1a: Sinistcha
|turn|3
|
|t:|1782598325
|move|p1b: Floette|Dazzling Gleam|p2a: Pelipper|[spread] p2a,p2b
|-damage|p2a: Pelipper|0 fnt
|-damage|p2b: Archaludon|0 fnt
|faint|p2a: Pelipper
|faint|p2b: Archaludon
|move|p1a: Sinistcha|Matcha Gotcha|p2: Pelipper|[notarget]
|-fail|p1a: Sinistcha
|
|-weather|RainDance|[upkeep]
|upkeep
|
|t:|1782598328
|switch|p2a: Swampert|Swampert, L50, M|100/100
|switch|p2b: Sinistcha|Sinistcha, L50|100/100
|turn|4
|inactive|failandimprove2 has 30 seconds left.
|inactive|Arhanjunior has 30 seconds left.
|inactive|failandimprove2 has 20 seconds left.
|
|t:|1782598363
|detailschange|p2a: Swampert|Swampert-Mega, L50, M
|-mega|p2a: Swampert|Swampert|Swampertite
|move|p1b: Floette|Protect|p1b: Floette
|-singleturn|p1b: Floette|Protect
|move|p2a: Swampert|Wave Crash|p1b: Floette
|-activate|p1b: Floette|move: Protect
|move|p1a: Sinistcha|Matcha Gotcha|p2b: Sinistcha|[spread] p2a,p2b
|-supereffective|p2a: Swampert|2
|-resisted|p2b: Sinistcha|1
|-damage|p2a: Swampert|10/100
|-damage|p2b: Sinistcha|88/100
|move|p2b: Sinistcha|Life Dew|p2b: Sinistcha|[spread] p2a,p2b
|-heal|p2a: Swampert|36/100
|-heal|p2b: Sinistcha|100/100
|
|-weather|RainDance|[upkeep]
|upkeep
|turn|5
|
|t:|1782598377
|move|p1a: Sinistcha|Rage Powder|p1a: Sinistcha
|-singleturn|p1a: Sinistcha|move: Rage Powder
|move|p2a: Swampert|Ice Punch|p1a: Sinistcha
|-supereffective|p1a: Sinistcha|1
|-damage|p1a: Sinistcha|43/100
|move|p1b: Floette|Calm Mind|p1b: Floette
|-boost|p1b: Floette|spa|1
|-boost|p1b: Floette|spd|1
|move|p2b: Sinistcha|Matcha Gotcha|p1b: Floette|[spread] p1a,p1b
|-resisted|p1a: Sinistcha|1
|-damage|p1a: Sinistcha|33/100
|-damage|p1b: Floette|51/100
|
|-weather|none
|upkeep
|turn|6
|inactive|failandimprove2 has 30 seconds left.
|inactive|Arhanjunior has 30 seconds left.
|inactive|Arhanjunior has 20 seconds left.
|
|t:|1782598414
|move|p1b: Floette|Draining Kiss|p2b: Sinistcha
|-damage|p2b: Sinistcha|45/100
|-heal|p1b: Floette|95/100|[from] drain|[of] p2b: Sinistcha
|-enditem|p2b: Sinistcha|Sitrus Berry|[eat]
|-heal|p2b: Sinistcha|70/100|[from] item: Sitrus Berry
|move|p2a: Swampert|Wave Crash|p1b: Floette
|-damage|p1b: Floette|9/100
|-damage|p2a: Swampert|9/100|[from] Recoil
|move|p1a: Sinistcha|Matcha Gotcha|p2b: Sinistcha|[spread] p2a,p2b
|-supereffective|p2a: Swampert|2
|-resisted|p2b: Sinistcha|1
|-damage|p2a: Swampert|0 fnt
|-heal|p1a: Sinistcha|38/100|[from] drain|[of] p2a: Swampert
|-damage|p2b: Sinistcha|57/100
|-heal|p1a: Sinistcha|44/100|[from] drain|[of] p2b: Sinistcha
|-status|p2b: Sinistcha|brn
|faint|p2a: Swampert
|move|p2b: Sinistcha|Matcha Gotcha|p1b: Floette|[spread] p1b
|-miss|p2b: Sinistcha|p1a: Sinistcha
|-damage|p1b: Floette|0 fnt
|-heal|p2b: Sinistcha|61/100 brn|[from] drain|[of] p1b: Floette
|faint|p1b: Floette
|
|-damage|p2b: Sinistcha|55/100 brn|[from] brn
|upkeep
|turn|7
|
|t:|1782598435
|move|p1a: Sinistcha|Matcha Gotcha|p2b: Sinistcha
|-resisted|p2b: Sinistcha|1
|-damage|p2b: Sinistcha|39/100 brn
|-heal|p1a: Sinistcha|52/100|[from] drain|[of] p2b: Sinistcha
|move|p2b: Sinistcha|Matcha Gotcha|p1a: Sinistcha
|-resisted|p1a: Sinistcha|1
|-damage|p1a: Sinistcha|38/100
|-heal|p2b: Sinistcha|47/100 brn|[from] drain|[of] p1a: Sinistcha
|
|-damage|p2b: Sinistcha|41/100 brn|[from] brn
|upkeep
|turn|8
|
|t:|1782598446
|move|p1a: Sinistcha|Matcha Gotcha|p2b: Sinistcha|[miss]
|-miss|p1a: Sinistcha|p2b: Sinistcha
|move|p2b: Sinistcha|Life Dew|p2b: Sinistcha
|-heal|p2b: Sinistcha|66/100 brn
|
|-damage|p2b: Sinistcha|60/100 brn|[from] brn
|upkeep
|turn|9
|
|t:|1782598451
|move|p1a: Sinistcha|Matcha Gotcha|p2b: Sinistcha
|-resisted|p2b: Sinistcha|1
|-damage|p2b: Sinistcha|44/100 brn
|-heal|p1a: Sinistcha|46/100|[from] drain|[of] p2b: Sinistcha
|move|p2b: Sinistcha|Matcha Gotcha|p1a: Sinistcha
|-resisted|p1a: Sinistcha|1
|-damage|p1a: Sinistcha|31/100
|-heal|p2b: Sinistcha|52/100 brn|[from] drain|[of] p1a: Sinistcha
|
|-damage|p2b: Sinistcha|46/100 brn|[from] brn
|upkeep
|turn|10
|
|t:|1782598455
|move|p1a: Sinistcha|Matcha Gotcha|p2b: Sinistcha
|-resisted|p2b: Sinistcha|1
|-damage|p2b: Sinistcha|28/100 brn
|-heal|p1a: Sinistcha|40/100|[from] drain|[of] p2b: Sinistcha
|move|p2b: Sinistcha|Matcha Gotcha|p1a: Sinistcha
|-resisted|p1a: Sinistcha|1
|-crit|p1a: Sinistcha
|-damage|p1a: Sinistcha|17/100
|-heal|p2b: Sinistcha|39/100 brn|[from] drain|[of] p1a: Sinistcha
|
|-damage|p2b: Sinistcha|33/100 brn|[from] brn
|upkeep
|turn|11
|
|t:|1782598458
|move|p1a: Sinistcha|Matcha Gotcha|p2b: Sinistcha
|-resisted|p2b: Sinistcha|1
|-damage|p2b: Sinistcha|16/100 brn
|-heal|p1a: Sinistcha|25/100|[from] drain|[of] p2b: Sinistcha
|move|p2b: Sinistcha|Matcha Gotcha|p1a: Sinistcha
|-resisted|p1a: Sinistcha|1
|-damage|p1a: Sinistcha|10/100
|-heal|p2b: Sinistcha|24/100 brn|[from] drain|[of] p1a: Sinistcha
|
|-damage|p2b: Sinistcha|18/100 brn|[from] brn
|upkeep
|turn|12
|
|t:|1782598471
|move|p1a: Sinistcha|Protect|p1a: Sinistcha
|-singleturn|p1a: Sinistcha|Protect
|move|p2b: Sinistcha|Matcha Gotcha|p1a: Sinistcha
|-activate|p1a: Sinistcha|move: Protect
|
|-damage|p2b: Sinistcha|12/100 brn|[from] brn
|upkeep
|turn|13
|
|t:|1782598476
|move|p1a: Sinistcha|Matcha Gotcha|p2b: Sinistcha
|-resisted|p2b: Sinistcha|1
|-damage|p2b: Sinistcha|0 fnt
|-heal|p1a: Sinistcha|16/100|[from] drain|[of] p2b: Sinistcha
|faint|p2b: Sinistcha
|
|win|failandimprove2
||failandimprove2 is ready for game 2.
||Arhanjunior is ready for game 2.
|uhtml|next|Next: Game 2 of 3
