|j|☆Siegfried_TV
|j|☆MudkipIsGreat
|html|Siegfried_TVMudkipIsGreat    
|uhtml|bestof|Game 2 of a best-of-3
|t:|1757243375
|gametype|doubles
|player|p1|Siegfried_TV|lance|1052
|player|p2|MudkipIsGreat|1|1046
|gen|9
|tier|[Gen 9] VGC 2025 Reg H (Bo3)
|rated|
|rule|Species Clause: Limit one of each Pokémon
|rule|Item Clause: Limit 1 of each item
|clearpoke
|poke|p1|Indeedee-F, L50, F|
|poke|p1|Hatterene, L50, F|
|poke|p1|Gallade, L50, M|
|poke|p1|Ursaluna, L50, M|
|poke|p1|Lilligant-Hisui, L50, F|
|poke|p1|Torkoal, L50, M|
|poke|p2|Ninetales-Alola, L50, M|
|poke|p2|Dragapult, L50, F|
|poke|p2|Sneasler, L50, F|
|poke|p2|Kingambit, L50, F|
|poke|p2|Magmar, L50, M|
|poke|p2|Rillaboom, L50, F|
|teampreview|4
|showteam|p1|Indeedee-F||PsychicSeed|PsychicSurge|TrickRoom,FollowMe,HelpingHand,DazzlingGleam|||F|||50|,,,,,Fire]Hatterene||LifeOrb|MagicBounce|ExpandingForce,TrickRoom,DazzlingGleam,Protect|||F|||50|,,,,,Psychic]Gallade||ClearAmulet|Sharpness|PsychoCut,TrickRoom,SacredSword,WideGuard|||M|||50|,,,,,Grass]Ursaluna||FlameOrb|Guts|HeadlongRush,Facade,SwordsDance,Protect|||M|||50|,,,,,Ghost]Lilligant-Hisui||FocusSash|Chlorophyll|SolarBlade,SleepPowder,CloseCombat,AfterYou|||F|||50|,,,,,Ghost]Torkoal||ChoiceSpecs|Drought|Eruption,HeatWave,WeatherBall,EarthPower|||M|||50|,,,,,Fire
|showteam|p2|Ninetales-Alola||ChoiceSpecs|SnowWarning|Blizzard,Moonblast,FreezeDry,IcyWind|||M|||50|,,,,,Water]Dragapult||ChoiceBand|ClearBody|DragonDarts,Outrage,PhantomForce,Uturn|||F|||50|,,,,,Dragon]Sneasler||FocusSash|Unburden|FakeOut,DireClaw,CloseCombat,Protect|||F|||50|,,,,,Stellar]Kingambit||BlackGlasses|Defiant|KowtowCleave,SuckerPunch,SwordsDance,Protect|||F|||50|,,,,,Dark]Magmar||Eviolite|FlameBody|Overheat,WillOWisp,FollowMe,Protect|||M|||50|,,,,,Ghost]Rillaboom||AssaultVest|GrassySurge|FakeOut,GrassyGlide,WoodHammer,Uturn|||F|||50|,,,,,Fire
|
|t:|1757243382
|teamsize|p1|4
|teamsize|p2|4
|start
|switch|p1a: MOIN|Indeedee-F, L50, F, shiny|100/100
|switch|p1b: Was|Gallade, L50, M, shiny|100/100
|switch|p2a: Ninetales|Ninetales-Alola, L50, M|100/100
|switch|p2b: Kingambit|Kingambit, L50, F|100/100
|-weather|Snowscape|[from] ability: Snow Warning|[of] p2a: Ninetales
|-fieldstart|move: Psychic Terrain|[from] ability: Psychic Surge|[of] p1a: MOIN
|-enditem|p1a: MOIN|Psychic Seed
|-boost|p1a: MOIN|spd|1|[from] item: Psychic Seed
|turn|1
|
|t:|1757243404
|move|p1a: MOIN|Follow Me|p1a: MOIN
|-singleturn|p1a: MOIN|move: Follow Me
|move|p2a: Ninetales|Moonblast|p1a: MOIN
|-damage|p1a: MOIN|64/100
|move|p2b: Kingambit|Kowtow Cleave|p1a: MOIN
|-supereffective|p1a: MOIN
|-damage|p1a: MOIN|0 fnt
|faint|p1a: MOIN
|move|p1b: Was|Trick Room|p1b: Was
|-fieldstart|move: Trick Room|[of] p1b: Was
|
|-weather|Snowscape|[upkeep]
|upkeep
|
|t:|1757243413
|switch|p1a: Bruder?|Torkoal, L50, M, shiny|100/100
|-weather|SunnyDay|[from] ability: Drought|[of] p1a: Bruder?
|turn|2
|
|t:|1757243423
|switch|p2a: Magmar|Magmar, L50, M|100/100
|move|p2b: Kingambit|Protect|p2b: Kingambit
|-singleturn|p2b: Kingambit|Protect
|move|p1a: Bruder?|Eruption|p2b: Kingambit|[spread] p2a
|-activate|p2b: Kingambit|move: Protect
|-resisted|p2a: Magmar
|-damage|p2a: Magmar|58/100
|move|p1b: Was|Sacred Sword|p2b: Kingambit
|-activate|p2b: Kingambit|move: Protect
|
|-weather|SunnyDay|[upkeep]
|upkeep
|turn|3
|
|t:|1757243452
|switch|p2b: Sneasler|Sneasler, L50, F|100/100
|switch|p1b: ist|Ursaluna, L50, M, shiny|100/100
|-terastallize|p1a: Bruder?|Fire
|move|p1a: Bruder?|Eruption|p2a: Magmar|[spread] p2a,p2b
|-resisted|p2a: Magmar
|-damage|p2a: Magmar|0 fnt
|-enditem|p2b: Sneasler|Focus Sash
|-damage|p2b: Sneasler|1/100
|faint|p2a: Magmar
|
|-weather|SunnyDay|[upkeep]
|-status|p1b: ist|brn|[from] item: Flame Orb
|upkeep
|
|t:|1757243472
|switch|p2a: Kingambit|Kingambit, L50, F|100/100
|turn|4
|
|t:|1757243486
|move|p2a: Kingambit|Protect|p2a: Kingambit
|-singleturn|p2a: Kingambit|Protect
|move|p2b: Sneasler|Protect|p2b: Sneasler
|-singleturn|p2b: Sneasler|Protect
|move|p1a: Bruder?|Eruption|p2b: Sneasler|[spread] 
|-activate|p2a: Kingambit|move: Protect
|-activate|p2b: Sneasler|move: Protect
|move|p1b: ist|Headlong Rush|p2a: Kingambit
|-activate|p2a: Kingambit|move: Protect
|
|-weather|SunnyDay|[upkeep]
|-damage|p1b: ist|95/100 brn|[from] brn
|upkeep
|turn|5
|
|t:|1757243491
|move|p2a: Kingambit|Protect||[still]
|-fail|p2a: Kingambit
|move|p2b: Sneasler|Protect||[still]
|-fail|p2b: Sneasler
|move|p1a: Bruder?|Eruption|p2a: Kingambit|[spread] p2a,p2b
|-supereffective|p2a: Kingambit
|-damage|p2a: Kingambit|0 fnt
|-damage|p2b: Sneasler|0 fnt
|faint|p2a: Kingambit
|faint|p2b: Sneasler
|move|p1b: ist|Headlong Rush|p2: Kingambit|[notarget]
|-fail|p1b: ist
|
|-weather|SunnyDay|[upkeep]
|-damage|p1b: ist|89/100 brn|[from] brn
|-fieldend|move: Trick Room
|-fieldend|move: Psychic Terrain
|upkeep
|
|t:|1757243497
|switch|p2b: Ninetales|Ninetales-Alola, L50, M|100/100
|-weather|Snowscape|[from] ability: Snow Warning|[of] p2b: Ninetales
|turn|6
|
|t:|1757243508
|-terastallize|p2b: Ninetales|Water
|move|p2b: Ninetales|Blizzard|p1b: ist|[spread] p1a,p1b
|-resisted|p1a: Bruder?
|-supereffective|p1b: ist
|-damage|p1a: Bruder?|71/100
|-damage|p1b: ist|0 fnt
|faint|p1b: ist
|move|p1a: Bruder?|Eruption|p2b: Ninetales
|-resisted|p2b: Ninetales
|-damage|p2b: Ninetales|48/100
|
|-weather|Snowscape|[upkeep]
|upkeep
|
|t:|1757243517
|switch|p1b: Was|Gallade, L50, M, shiny|100/100
|turn|7
|
|t:|1757243529
|move|p2b: Ninetales|Blizzard|p1b: Was|[spread] p1a,p1b
|-resisted|p1a: Bruder?
|-damage|p1a: Bruder?|37/100
|-damage|p1b: Was|56/100
|move|p1b: Was|Psycho Cut|p2b: Ninetales
|-damage|p2b: Ninetales|0 fnt
|faint|p2b: Ninetales
|
|win|Siegfried_TV
||Siegfried_TV is ready for game 3.
||MudkipIsGreat is ready for game 3.
|uhtml|next|Next: Game 3 of 3
|l|☆MudkipIsGreat
|player|p2|
