|j|☆LungThug
|j|☆Vulpisfoglia
|html|LungThugVulpisfoglia    
|uhtml|bestof|Game 2 of a best-of-3
|t:|1786184400
|gametype|doubles
|player|p1|LungThug|1|1134
|player|p2|Vulpisfoglia|gwynn|1217
|gen|9
|tier|[Gen 9 Champions] VGC 2026 Reg M-B (Bo3)
|rated|
|rule|Species Clause: Limit one of each Pokémon
|rule|Item Clause: Limit 1 of each item
|clearpoke
|poke|p1|Swampert, L50, M|
|poke|p1|Pelipper, L50, M|
|poke|p1|Sinistcha, L50|
|poke|p1|Archaludon, L50, M|
|poke|p1|Sableye, L50, M|
|poke|p1|Sylveon, L50, F|
|poke|p2|Tyranitar, L50, M|
|poke|p2|Staraptor, L50, F|
|poke|p2|Sinistcha-Masterpiece, L50|
|poke|p2|Garchomp, L50, M|
|poke|p2|Volcarona, L50, M|
|poke|p2|Milotic, L50, M|
|teampreview|4
|showteam|p1|Swampert||Swampertite|Torrent|Earthquake,WaveCrash,FlipTurn,Protect|Adamant||M|||50|]Pelipper||DampRock|Drizzle|Hurricane,Protect,Tailwind,WideGuard|Modest||M|||50|]Sinistcha||SitrusBerry|Hospitality|MatchaGotcha,ShadowBall,RagePowder,LifeDew|Modest|||||50|]Archaludon||Leftovers|Stamina|ElectroShot,DragonPulse,FlashCannon,Protect|Modest||M|||50|]Sableye||RoseliBerry|Prankster|FoulPlay,ThunderWave,RainDance,LightScreen|Careful||M|||50|]Sylveon||FairyFeather|Pixilate|HyperBeam,HyperVoice,QuickAttack,Protect|Modest||F|||50|
|showteam|p2|Tyranitar||FocusSash|SandStream|RockSlide,KnockOff,LowKick,Protect|Jolly||M|||50|]Staraptor||Staraptite|Intimidate|CloseCombat,BraveBird,Roost,Protect|Jolly||F|||50|]Sinistcha-Masterpiece||ColburBerry|Hospitality|MatchaGotcha,RagePowder,TrickRoom,Protect|Bold|||||50|]Garchomp||Garchompite|RoughSkin|EarthPower,DracoMeteor,PowerGem,Protect|Modest||M|||50|]Volcarona||SitrusBerry|FlameBody|Flamethrower,StruggleBug,QuiverDance,Protect|Bold||M|||50|]Milotic||Leftovers|Competitive|Scald,Recover,IcyWind,Protect|Modest||M|||50|
|inactive|Battle timer is ON: inactive players will automatically lose when time's up. (requested by LungThug)
|
|t:|1786184427
|teamsize|p1|4
|teamsize|p2|4
|start
|switch|p1a: Sableye|Sableye, L50, M|100/100
|switch|p1b: Swampert|Swampert, L50, M|100/100
|switch|p2a: Milotic|Milotic, L50, M|100/100
|switch|p2b: Volcarona|Volcarona, L50, M|100/100
|turn|1
|inactive|Vulpisfoglia has 30 seconds left.
|inactive|Vulpisfoglia has 20 seconds left.
|
|t:|1786184464
|switch|p2b: Sinistcha|Sinistcha-Masterpiece, L50|100/100
|detailschange|p1b: Swampert|Swampert-Mega, L50, M
|-mega|p1b: Swampert|Swampert|Swampertite
|move|p1b: Swampert|Protect|p1b: Swampert
|-singleturn|p1b: Swampert|Protect
|move|p1a: Sableye|Light Screen|p1a: Sableye
|-sidestart|p1: LungThug|move: Light Screen
|move|p2a: Milotic|Icy Wind|p1a: Sableye|[spread] p1a
|-activate|p1b: Swampert|move: Protect
|-damage|p1a: Sableye|91/100
|-unboost|p1a: Sableye|spe|1
|
|upkeep
|turn|2
|inactive|Vulpisfoglia has 30 seconds left.
|
|t:|1786184489
|move|p2b: Sinistcha|Rage Powder|p2b: Sinistcha
|-singleturn|p2b: Sinistcha|move: Rage Powder
|move|p1a: Sableye|Rain Dance|p1a: Sableye
|-weather|RainDance
|move|p1b: Swampert|Flip Turn|p2b: Sinistcha
|-resisted|p2b: Sinistcha|1
|-damage|p2b: Sinistcha|76/100
|
|t:|1786184494
|switch|p1b: Archaludon|Archaludon, L50, M|100/100|[from] Flip Turn
|move|p2a: Milotic|Scald|p1a: Sableye
|-damage|p1a: Sableye|52/100
|
|-weather|RainDance|[upkeep]
|upkeep
|turn|3
|
|t:|1786184513
|switch|p1a: Pelipper|Pelipper, L50, M|100/100
|move|p2b: Sinistcha|Rage Powder|p2b: Sinistcha
|-singleturn|p2b: Sinistcha|move: Rage Powder
|move|p2a: Milotic|Scald|p1a: Pelipper
|-resisted|p1a: Pelipper|1
|-damage|p1a: Pelipper|75/100
|-status|p1a: Pelipper|brn
|move|p1b: Archaludon|Electro Shot||[still]
|-prepare|p1b: Archaludon|Electro Shot
|-boost|p1b: Archaludon|spa|1
|-anim|p1b: Archaludon|Electro Shot|p2b: Sinistcha
|-resisted|p2b: Sinistcha|1
|-crit|p2b: Sinistcha
|-damage|p2b: Sinistcha|28/100
|
|-weather|RainDance|[upkeep]
|-damage|p1a: Pelipper|69/100 brn|[from] brn
|upkeep
|turn|4
|
|t:|1786184531
|move|p1b: Archaludon|Protect|p1b: Archaludon
|-singleturn|p1b: Archaludon|Protect
|move|p2a: Milotic|Scald|p1a: Pelipper
|-resisted|p1a: Pelipper|1
|-damage|p1a: Pelipper|45/100 brn
|move|p1a: Pelipper|Tailwind|p1a: Pelipper
|-sidestart|p1: LungThug|move: Tailwind
|move|p2b: Sinistcha|Trick Room|p2b: Sinistcha
|-fieldstart|move: Trick Room|[of] p2b: Sinistcha
|
|-weather|RainDance|[upkeep]
|-damage|p1a: Pelipper|39/100 brn|[from] brn
|upkeep
|turn|5
|
|t:|1786184543
|move|p2b: Sinistcha|Protect|p2b: Sinistcha
|-singleturn|p2b: Sinistcha|Protect
|move|p2a: Milotic|Scald|p1a: Pelipper
|-resisted|p1a: Pelipper|1
|-damage|p1a: Pelipper|13/100 brn
|move|p1a: Pelipper|Hurricane|p2b: Sinistcha
|-activate|p2b: Sinistcha|move: Protect
|move|p1b: Archaludon|Electro Shot||[still]
|-prepare|p1b: Archaludon|Electro Shot
|-boost|p1b: Archaludon|spa|1
|-anim|p1b: Archaludon|Electro Shot|p2a: Milotic
|-supereffective|p2a: Milotic|1
|-damage|p2a: Milotic|0 fnt
|faint|p2a: Milotic
|
|-weather|RainDance|[upkeep]
|-damage|p1a: Pelipper|7/100 brn|[from] brn
|-sideend|p1: LungThug|move: Light Screen
|upkeep
|
|t:|1786184555
|switch|p2a: Staraptor|Staraptor, L50, F|100/100
|-ability|p2a: Staraptor|Intimidate|boost
|-unboost|p1a: Pelipper|atk|1
|-unboost|p1b: Archaludon|atk|1
|turn|6
|
|t:|1786184564
|switch|p1a: Sableye|Sableye, L50, M|52/100
|detailschange|p2a: Staraptor|Staraptor-Mega, L50, F
|-mega|p2a: Staraptor|Staraptor|Staraptite
|move|p1b: Archaludon|Protect|p1b: Archaludon
|-singleturn|p1b: Archaludon|Protect
|move|p2b: Sinistcha|Rage Powder|p2b: Sinistcha
|-singleturn|p2b: Sinistcha|move: Rage Powder
|move|p2a: Staraptor|Close Combat|p1b: Archaludon
|-activate|p1b: Archaludon|move: Protect
|
|-weather|none
|upkeep
|turn|7
|inactive|LungThug has 30 seconds left.
|inactive|LungThug has 20 seconds left.
|inactive|LungThug has 15 seconds left.
|
|t:|1786184605
|switch|p1b: Pelipper|Pelipper, L50, M|7/100 brn
|-weather|RainDance|[from] ability: Drizzle|[of] p1b: Pelipper
|move|p2b: Sinistcha|Rage Powder|p2b: Sinistcha
|-singleturn|p2b: Sinistcha|move: Rage Powder
|move|p1a: Sableye|Foul Play|p2b: Sinistcha
|-supereffective|p2b: Sinistcha|1
|-enditem|p2b: Sinistcha|Colbur Berry|[eat]
|-enditem|p2b: Sinistcha|Colbur Berry|[weaken]
|-damage|p2b: Sinistcha|9/100
|move|p2a: Staraptor|Close Combat|p1b: Pelipper
|-resisted|p1b: Pelipper|1
|-damage|p1b: Pelipper|0 fnt
|-boost|p2a: Staraptor|def|1
|-boost|p2a: Staraptor|spd|1
|faint|p1b: Pelipper
|
|-weather|RainDance|[upkeep]
|-sideend|p1: LungThug|move: Tailwind
|upkeep
|
|t:|1786184619
|switch|p1b: Archaludon|Archaludon, L50, M|100/100
|turn|8
|
|t:|1786184627
|move|p2b: Sinistcha|Protect|p2b: Sinistcha
|-singleturn|p2b: Sinistcha|Protect
|move|p1b: Archaludon|Protect|p1b: Archaludon
|-singleturn|p1b: Archaludon|Protect
|move|p2a: Staraptor|Protect|p2a: Staraptor
|-singleturn|p2a: Staraptor|Protect
|move|p1a: Sableye|Thunder Wave|p2a: Staraptor
|-activate|p2a: Staraptor|move: Protect
|
|-weather|RainDance|[upkeep]
|-fieldend|move: Trick Room
|upkeep
|turn|9
|
|t:|1786184650
|move|p2b: Sinistcha|Rage Powder|p2b: Sinistcha
|-singleturn|p2b: Sinistcha|move: Rage Powder
|move|p1a: Sableye|Thunder Wave|p2b: Sinistcha
|-status|p2b: Sinistcha|par
|move|p2a: Staraptor|Close Combat|p1b: Archaludon
|-supereffective|p1b: Archaludon|1
|-damage|p1b: Archaludon|2/100
|-boost|p2a: Staraptor|def|1
|-boost|p2a: Staraptor|spd|1
|-ability|p1b: Archaludon|Stamina|boost
|-boost|p1b: Archaludon|def|1
|move|p1b: Archaludon|Dragon Pulse|p2b: Sinistcha
|-damage|p2b: Sinistcha|0 fnt
|faint|p2b: Sinistcha
|
|-weather|RainDance|[upkeep]
|-heal|p1b: Archaludon|8/100|[from] item: Leftovers
|upkeep
|
|t:|1786184661
|switch|p2b: Volcarona|Volcarona, L50, M|100/100
|turn|10
|
|t:|1786184688
|move|p2a: Staraptor|Protect|p2a: Staraptor
|-singleturn|p2a: Staraptor|Protect
|move|p1b: Archaludon|Protect|p1b: Archaludon
|-singleturn|p1b: Archaludon|Protect
|move|p1a: Sableye|Thunder Wave|p2a: Staraptor
|-activate|p2a: Staraptor|move: Protect
|move|p2b: Volcarona|Quiver Dance|p2b: Volcarona
|-boost|p2b: Volcarona|spa|1
|-boost|p2b: Volcarona|spd|1
|-boost|p2b: Volcarona|spe|1
|
|-weather|RainDance|[upkeep]
|-heal|p1b: Archaludon|14/100|[from] item: Leftovers
|upkeep
|turn|11
|
|t:|1786184707
|move|p1a: Sableye|Thunder Wave|p2a: Staraptor
|-status|p2a: Staraptor|par
|move|p2b: Volcarona|Struggle Bug|p1a: Sableye|[spread] p1a,p1b
|-resisted|p1b: Archaludon|1
|-damage|p1a: Sableye|23/100
|-damage|p1b: Archaludon|1/100
|-unboost|p1a: Sableye|spa|1
|-unboost|p1b: Archaludon|spa|1
|-ability|p1b: Archaludon|Stamina|boost
|-boost|p1b: Archaludon|def|1
|move|p1b: Archaludon|Electro Shot||[still]
|-prepare|p1b: Archaludon|Electro Shot
|-boost|p1b: Archaludon|spa|1
|-anim|p1b: Archaludon|Electro Shot|p2b: Volcarona
|-damage|p2b: Volcarona|73/100
|move|p2a: Staraptor|Brave Bird|p1a: Sableye
|-damage|p1a: Sableye|0 fnt
|faint|p1a: Sableye
|-damage|p2a: Staraptor|93/100 par|[from] Recoil
|
|-weather|RainDance|[upkeep]
|-heal|p1b: Archaludon|7/100|[from] item: Leftovers
|upkeep
|
|t:|1786184713
|switch|p1a: Swampert|Swampert-Mega, L50, M|100/100
|turn|12
|
|t:|1786184733
|move|p2b: Volcarona|Protect|p2b: Volcarona
|-singleturn|p2b: Volcarona|Protect
|move|p1a: Swampert|Wave Crash|p2b: Volcarona
|-activate|p2b: Volcarona|move: Protect
|move|p1b: Archaludon|Electro Shot||[still]
|-prepare|p1b: Archaludon|Electro Shot
|-boost|p1b: Archaludon|spa|1
|-anim|p1b: Archaludon|Electro Shot|p2a: Staraptor
|-supereffective|p2a: Staraptor|1
|-damage|p2a: Staraptor|22/100 par
|move|p2a: Staraptor|Close Combat|p1b: Archaludon
|-supereffective|p1b: Archaludon|1
|-damage|p1b: Archaludon|0 fnt
|-boost|p2a: Staraptor|def|1
|-boost|p2a: Staraptor|spd|1
|faint|p1b: Archaludon
|
|-weather|RainDance|[upkeep]
|upkeep
|turn|13
|
|t:|1786184758
|move|p1a: Swampert|Wave Crash|p2b: Volcarona
|-supereffective|p2b: Volcarona|1
|-damage|p2b: Volcarona|0 fnt
|faint|p2b: Volcarona
|-damage|p1a: Swampert|74/100|[from] Recoil
|move|p2a: Staraptor|Roost|p2a: Staraptor
|-heal|p2a: Staraptor|72/100 par
|-singleturn|p2a: Staraptor|move: Roost
|
|-weather|RainDance|[upkeep]
|upkeep
|turn|14
|
|t:|1786184768
|move|p2a: Staraptor|Protect|p2a: Staraptor
|-singleturn|p2a: Staraptor|Protect
|move|p1a: Swampert|Wave Crash|p2a: Staraptor
|-activate|p2a: Staraptor|move: Protect
|
|-weather|none
|upkeep
|turn|15
|
|t:|1786184774
|move|p1a: Swampert|Wave Crash|p2a: Staraptor
|-damage|p2a: Staraptor|43/100 par
|-damage|p1a: Swampert|65/100|[from] Recoil
|move|p2a: Staraptor|Roost|p2a: Staraptor
|-heal|p2a: Staraptor|93/100 par
|-singleturn|p2a: Staraptor|move: Roost
|
|upkeep
|turn|16
|
|t:|1786184782
|move|p1a: Swampert|Wave Crash|p2a: Staraptor
|-damage|p2a: Staraptor|63/100 par
|-damage|p1a: Swampert|55/100|[from] Recoil
|move|p2a: Staraptor|Close Combat|p1a: Swampert
|-crit|p1a: Swampert
|-damage|p1a: Swampert|0 fnt
|-boost|p2a: Staraptor|def|1
|-boost|p2a: Staraptor|spd|1
|faint|p1a: Swampert
|
|win|Vulpisfoglia
|raw|LungThug's rating: 1134 → 1115(-19 for losing)
|raw|Vulpisfoglia's rating: 1217 → 1236(+19 for winning)
|l|☆LungThug
|player|p1|
