|j|☆beckybug
|j|☆M1ido
|html|beckybugM1ido    
|uhtml|bestof|Game 1 of a best-of-3
|t:|1783002898
|gametype|doubles
|player|p1|beckybug|briar|1345
|player|p2|M1ido|scientist-gen4|1231
|gen|9
|tier|[Gen 9 Champions] VGC 2026 Reg M-B (Bo3)
|rated|
|rule|Species Clause: Limit one of each Pokémon
|rule|Item Clause: Limit 1 of each item
|clearpoke
|poke|p1|Metagross, L50|
|poke|p1|Swampert, L50, M|
|poke|p1|Pelipper, L50, M|
|poke|p1|Archaludon, L50, F|
|poke|p1|Sinistcha-Masterpiece, L50|
|poke|p1|Grimmsnarl, L50, M|
|poke|p2|Metagross, L50, shiny|
|poke|p2|Hydreigon, L50, F, shiny|
|poke|p2|Milotic, L50, F, shiny|
|poke|p2|Lycanroc-Dusk, L50, M, shiny|
|poke|p2|Talonflame, L50, F, shiny|
|poke|p2|Venusaur, L50, M, shiny|
|teampreview|4
|showteam|p1|Metagross||Metagrossite|ClearBody|IronHead,PsychicFangs,BodyPress,Protect|Jolly|||||50|]Swampert||Swampertite|Torrent|WaveCrash,Earthquake,IcePunch,Protect|Adamant||M|||50|]Pelipper||SitrusBerry|Drizzle|WeatherBall,Hurricane,Tailwind,Protect|Modest||M|||50|]Archaludon||Leftovers|Stamina|FlashCannon,DragonPulse,ElectroShot,Protect|Modest||F|||50|]Sinistcha-Masterpiece||CobaBerry|Hospitality|MatchaGotcha,RagePowder,TrickRoom,Protect|Relaxed|||||50|]Grimmsnarl||LightClay|Prankster|FoulPlay,PartingShot,Reflect,LightScreen|Calm||M|||50|
|showteam|p2|Metagross||Metagrossite|ClearBody|IronHead,PsychicFangs,StompingTantrum,Protect|Adamant|||||50|]Hydreigon||HabanBerry|Levitate|DracoMeteor,DarkPulse,Snarl,Protect|Modest||F|||50|]Milotic||Leftovers|Competitive|MuddyWater,IceBeam,HelpingHand,Protect|Calm||F|||50|]Lycanroc-Dusk||FocusSash|ToughClaws|Accelerock,CloseCombat,RockSlide,Protect|Adamant||M|||50|]Talonflame||SharpBeak|GaleWings|DualWingbeat,Tailwind,WillOWisp,Protect|Jolly||F|||50|]Venusaur||Venusaurite|Chlorophyll|SludgeBomb,GigaDrain,EarthPower,Protect|Modest||M|||50|
|inactive|Battle timer is ON: inactive players will automatically lose when time's up. (requested by M1ido)
|inactive|beckybug has 60 seconds left.
|inactive|M1ido has 60 seconds left.
|
|t:|1783002944
|teamsize|p1|4
|teamsize|p2|4
|start
|switch|p1a: Grimmsnarl|Grimmsnarl, L50, M|100/100
|switch|p1b: Metagross|Metagross, L50|100/100
|switch|p2a: Talonflame|Talonflame, L50, F, shiny|100/100
|switch|p2b: Needy Weedy|Venusaur, L50, M, shiny|100/100
|turn|1
|inactive|M1ido has 30 seconds left.
|
|t:|1783002978
|switch|p2b: Milotic|Milotic, L50, F, shiny|100/100
|detailschange|p1b: Metagross|Metagross-Mega, L50
|-mega|p1b: Metagross|Metagross|Metagrossite
|move|p1b: Metagross|Protect|p1b: Metagross
|-singleturn|p1b: Metagross|Protect
|move|p1a: Grimmsnarl|Light Screen|p1a: Grimmsnarl
|-sidestart|p1: beckybug|move: Light Screen
|move|p2a: Talonflame|Will-O-Wisp|p1b: Metagross
|-activate|p1b: Metagross|move: Protect
|
|upkeep
|turn|2
|
|t:|1783003004
|switch|p1b: Pelipper|Pelipper, L50, M|100/100
|-weather|RainDance|[from] ability: Drizzle|[of] p1b: Pelipper
|switch|p2b: Needy Weedy|Venusaur, L50, M, shiny|100/100
|move|p2a: Talonflame|Will-O-Wisp|p1b: Pelipper
|-status|p1b: Pelipper|brn
|move|p1a: Grimmsnarl|Foul Play|p2a: Talonflame
|-damage|p2a: Talonflame|62/100
|
|-weather|RainDance|[upkeep]
|-damage|p1b: Pelipper|94/100 brn|[from] brn
|upkeep
|turn|3
|
|t:|1783003028
|switch|p2b: Milotic|Milotic, L50, F, shiny|100/100
|move|p1a: Grimmsnarl|Parting Shot|p2b: Milotic
|-unboost|p2b: Milotic|atk|1
|-ability|p2b: Milotic|Competitive|boost
|-boost|p2b: Milotic|spa|2
|-unboost|p2b: Milotic|spa|1
|-ability|p2b: Milotic|Competitive|boost
|-boost|p2b: Milotic|spa|2
|
|t:|1783003037
|switch|p1a: Archaludon|Archaludon, L50, F|100/100|[from] Parting Shot
|move|p2a: Talonflame|Tailwind|p2a: Talonflame
|-sidestart|p2: M1ido|move: Tailwind
|move|p1b: Pelipper|Tailwind|p1b: Pelipper
|-sidestart|p1: beckybug|move: Tailwind
|
|-weather|RainDance|[upkeep]
|-damage|p1b: Pelipper|88/100 brn|[from] brn
|upkeep
|turn|4
|inactive|M1ido has 30 seconds left.
|inactive|M1ido has 20 seconds left.
|
|t:|1783003077
|switch|p2a: Needy Weedy|Venusaur, L50, M, shiny|100/100
|move|p1a: Archaludon|Electro Shot||[still]
|-prepare|p1a: Archaludon|Electro Shot
|-boost|p1a: Archaludon|spa|1
|-anim|p1a: Archaludon|Electro Shot|p2a: Needy Weedy
|-resisted|p2a: Needy Weedy|1
|-damage|p2a: Needy Weedy|72/100
|move|p2b: Milotic|Ice Beam|p1a: Archaludon
|-damage|p1a: Archaludon|62/100
|-ability|p1a: Archaludon|Stamina|boost
|-boost|p1a: Archaludon|def|1
|move|p1b: Pelipper|Hurricane|p2b: Milotic
|-damage|p2b: Milotic|71/100
|-start|p2b: Milotic|confusion
|
|-weather|RainDance|[upkeep]
|-heal|p1a: Archaludon|69/100|[from] item: Leftovers
|-heal|p2b: Milotic|77/100|[from] item: Leftovers
|-damage|p1b: Pelipper|82/100 brn|[from] brn
|upkeep
|turn|5
|inactive|M1ido has 30 seconds left.
|inactive|M1ido has 20 seconds left.
|inactive|M1ido has 15 seconds left.
|inactive|M1ido has 10 seconds left.
|
|t:|1783003126
|detailschange|p2a: Needy Weedy|Venusaur-Mega, L50, M, shiny
|-mega|p2a: Needy Weedy|Venusaur|Venusaurite
|-activate|p2b: Milotic|confusion
|move|p2b: Milotic|Protect|p2b: Milotic
|-singleturn|p2b: Milotic|Protect
|move|p1a: Archaludon|Electro Shot||[still]
|-prepare|p1a: Archaludon|Electro Shot
|-boost|p1a: Archaludon|spa|1
|-anim|p1a: Archaludon|Electro Shot|p2b: Milotic
|-activate|p2b: Milotic|move: Protect
|move|p2a: Needy Weedy|Earth Power|p1a: Archaludon
|-supereffective|p1a: Archaludon|1
|-damage|p1a: Archaludon|32/100
|-ability|p1a: Archaludon|Stamina|boost
|-boost|p1a: Archaludon|def|1
|move|p1b: Pelipper|Hurricane|p2a: Needy Weedy
|-supereffective|p2a: Needy Weedy|1
|-damage|p2a: Needy Weedy|1/100
|-start|p2a: Needy Weedy|confusion
|
|-weather|RainDance|[upkeep]
|-heal|p1a: Archaludon|38/100|[from] item: Leftovers
|-heal|p2b: Milotic|83/100|[from] item: Leftovers
|-damage|p1b: Pelipper|76/100 brn|[from] brn
|upkeep
|turn|6
|inactive|M1ido has 30 seconds left.
|
|t:|1783003160
|switch|p2b: Talonflame|Talonflame, L50, F, shiny|62/100
|switch|p1b: Grimmsnarl|Grimmsnarl, L50, M|100/100
|move|p1a: Archaludon|Protect|p1a: Archaludon
|-singleturn|p1a: Archaludon|Protect
|-activate|p2a: Needy Weedy|confusion
|move|p2a: Needy Weedy|Earth Power|p1a: Archaludon
|-activate|p1a: Archaludon|move: Protect
|
|-weather|none
|-heal|p1a: Archaludon|44/100|[from] item: Leftovers
|-sideend|p1: beckybug|move: Tailwind
|-sideend|p2: M1ido|move: Tailwind
|upkeep
|turn|7
|inactive|M1ido has 30 seconds left.
|
|t:|1783003185
|move|p1b: Grimmsnarl|Parting Shot|p2a: Needy Weedy
|-unboost|p2a: Needy Weedy|atk|1
|-unboost|p2a: Needy Weedy|spa|1
|
|t:|1783003188
|switch|p1b: Pelipper|Pelipper, L50, M|76/100 brn|[from] Parting Shot
|-weather|RainDance|[from] ability: Drizzle|[of] p1b: Pelipper
|move|p2b: Talonflame|Tailwind|p2b: Talonflame
|-sidestart|p2: M1ido|move: Tailwind
|-end|p2a: Needy Weedy|confusion
|move|p2a: Needy Weedy|Earth Power|p1a: Archaludon
|-supereffective|p1a: Archaludon|1
|-damage|p1a: Archaludon|20/100y
|-ability|p1a: Archaludon|Stamina|boost
|-boost|p1a: Archaludon|def|1
|move|p1a: Archaludon|Electro Shot||[still]
|-prepare|p1a: Archaludon|Electro Shot
|-boost|p1a: Archaludon|spa|1
|-anim|p1a: Archaludon|Electro Shot|p2a: Needy Weedy
|-resisted|p2a: Needy Weedy|1
|-damage|p2a: Needy Weedy|0 fnt
|faint|p2a: Needy Weedy
|
|-weather|RainDance|[upkeep]
|-heal|p1a: Archaludon|26/100|[from] item: Leftovers
|-damage|p1b: Pelipper|70/100 brn|[from] brn
|upkeep
|
|t:|1783003197
|switch|p2a: Lycanroc|Lycanroc-Dusk, L50, M, shiny|100/100
|turn|8
|
|t:|1783003211
|switch|p1b: Grimmsnarl|Grimmsnarl, L50, M|100/100
|move|p1a: Archaludon|Protect|p1a: Archaludon
|-singleturn|p1a: Archaludon|Protect
|move|p2a: Lycanroc|Accelerock|p1b: Grimmsnarl
|-damage|p1b: Grimmsnarl|73/100
|move|p2b: Talonflame|Dual Wingbeat|p1b: Grimmsnarl
|-crit|p1b: Grimmsnarl
|-damage|p1b: Grimmsnarl|49/100
|-damage|p1b: Grimmsnarl|34/100
|-hitcount|p1b: Grimmsnarl|2
|
|-weather|RainDance|[upkeep]
|-heal|p1a: Archaludon|32/100|[from] item: Leftovers
|-sideend|p1: beckybug|move: Light Screen
|upkeep
|turn|9
|inactive|M1ido has 30 seconds left.
|
|t:|1783003246
|move|p1b: Grimmsnarl|Reflect|p1b: Grimmsnarl
|-sidestart|p1: beckybug|Reflect
|move|p2b: Talonflame|Dual Wingbeat|p1a: Archaludon
|-resisted|p1a: Archaludon|1
|-damage|p1a: Archaludon|30/100
|-ability|p1a: Archaludon|Stamina|boost
|-boost|p1a: Archaludon|def|1
|-resisted|p1a: Archaludon|1
|-damage|p1a: Archaludon|29/100
|-ability|p1a: Archaludon|Stamina|boost
|-boost|p1a: Archaludon|def|1
|-hitcount|p1a: Archaludon|2
|move|p2a: Lycanroc|Close Combat|p1a: Archaludon
|-supereffective|p1a: Archaludon|1
|-damage|p1a: Archaludon|13/100
|-unboost|p2a: Lycanroc|def|1
|-unboost|p2a: Lycanroc|spd|1
|-ability|p1a: Archaludon|Stamina|boost
|-boost|p1a: Archaludon|def|1
|move|p1a: Archaludon|Electro Shot||[still]
|-prepare|p1a: Archaludon|Electro Shot
|-boost|p1a: Archaludon|spa|1
|-anim|p1a: Archaludon|Electro Shot|p2b: Talonflame
|-supereffective|p2b: Talonflame|1
|-damage|p2b: Talonflame|0 fnt
|faint|p2b: Talonflame
|
|-weather|RainDance|[upkeep]
|-heal|p1a: Archaludon|19/100|[from] item: Leftovers
|upkeep
|
|t:|1783003252
|switch|p2b: Milotic|Milotic, L50, F, shiny|83/100
|turn|10
|inactive|M1ido has 30 seconds left.
|
|t:|1783003280
|move|p2a: Lycanroc|Protect|p2a: Lycanroc
|-singleturn|p2a: Lycanroc|Protect
|move|p1a: Archaludon|Protect|p1a: Archaludon
|-singleturn|p1a: Archaludon|Protect
|move|p1b: Grimmsnarl|Light Screen|p1b: Grimmsnarl
|-sidestart|p1: beckybug|move: Light Screen
|move|p2b: Milotic|Muddy Water|p1a: Archaludon|[spread] p1b
|-activate|p1a: Archaludon|move: Protect
|-damage|p1b: Grimmsnarl|14/100
|
|-weather|RainDance|[upkeep]
|-heal|p2b: Milotic|89/100|[from] item: Leftovers
|-heal|p1a: Archaludon|25/100|[from] item: Leftovers
|-sideend|p2: M1ido|move: Tailwind
|upkeep
|turn|11
|
|t:|1783003296
|move|p1b: Grimmsnarl|Parting Shot|p2a: Lycanroc
|-unboost|p2a: Lycanroc|atk|1
|-unboost|p2a: Lycanroc|spa|1
|
|t:|1783003299
|switch|p1b: Metagross|Metagross-Mega, L50|100/100|[from] Parting Shot
|move|p2a: Lycanroc|Close Combat|p1a: Archaludon
|-supereffective|p1a: Archaludon|1
|-damage|p1a: Archaludon|16/100
|-unboost|p2a: Lycanroc|def|1
|-unboost|p2a: Lycanroc|spd|1
|move|p1a: Archaludon|Electro Shot||[still]
|-prepare|p1a: Archaludon|Electro Shot
|-boost|p1a: Archaludon|spa|1
|-anim|p1a: Archaludon|Electro Shot|p2b: Milotic
|-supereffective|p2b: Milotic|1
|-damage|p2b: Milotic|0 fnt
|faint|p2b: Milotic
|
|-weather|none
|-heal|p1a: Archaludon|22/100|[from] item: Leftovers
|upkeep
|turn|12
|-message|M1ido forfeited.
|
|win|beckybug
||M1ido is ready for game 2.
||beckybug is ready for game 2.
|uhtml|next|Next: Game 2 of 3
|l|☆M1ido
|player|p2|
|l|☆beckybug
|player|p1|
|j|☆beckybug
|player|p1|beckybug|briar|
