|j|☆WarlogFV
|j|☆Poe Jar
|html|WarlogFVPoe Jar    
|uhtml|bestof|Game 2 of a best-of-3
|t:|1783195945
|gametype|doubles
|player|p1|WarlogFV|erika|
|player|p2|Poe Jar|101|
|gen|9
|tier|[Gen 9 Champions] VGC 2026 Reg M-B (Bo3)
|rule|Species Clause: Limit one of each Pokémon
|rule|Item Clause: Limit 1 of each item
|clearpoke
|poke|p1|Swampert, L50, M|
|poke|p1|Pelipper, L50, F|
|poke|p1|Archaludon, L50, F|
|poke|p1|Grimmsnarl, L50, M|
|poke|p1|Metagross, L50|
|poke|p1|Sneasler, L50, M|
|poke|p2|Gholdengo, L50|
|poke|p2|Garchomp, L50, M|
|poke|p2|Whimsicott, L50, F|
|poke|p2|Sneasler, L50, M|
|poke|p2|Charizard, L50, M|
|poke|p2|Basculegion, L50, M|
|teampreview|4
|showteam|p1|Swampert||Swampertite|Torrent|WaveCrash,Earthquake,IcePunch,Protect|Adamant||M|||50|]Pelipper||SitrusBerry|Drizzle|WeatherBall,Hurricane,Tailwind,WideGuard|Bold||F|||50|]Archaludon||Leftovers|Stamina|ElectroShot,DragonPulse,FlashCannon,Protect|Modest||F|||50|]Grimmsnarl||LightClay|Prankster|LightScreen,Reflect,FoulPlay,PartingShot|Careful||M|||50|]Metagross||Metagrossite|ClearBody|MeteorMash,PsychicFangs,StompingTantrum,Protect|Adamant|||||50|]Sneasler||FocusSash|Unburden|FakeOut,CloseCombat,Coaching,DireClaw|Naive||M|||50|
|showteam|p2|Gholdengo||ColburBerry|GoodasGold|MakeItRain,ShadowBall,NastyPlot,Protect|Modest|||||50|]Garchomp||LifeOrb|RoughSkin|Earthquake,DragonClaw,RockSlide,Protect|Jolly||M|||50|]Whimsicott||FocusSash|Prankster|Moonblast,Tailwind,Encore,Protect|Timid||F|||50|]Sneasler||WhiteHerb|Unburden|FakeOut,CloseCombat,DireClaw,Protect|Adamant||M|||50|]Charizard||CharizarditeY|Blaze|WeatherBall,HeatWave,SolarBeam,Protect|Modest||M|||50|]Basculegion||ChoiceScarf|Adaptability|WaveCrash,LastRespects,AquaJet,FlipTurn|Jolly||M|||50|
|inactive|Battle timer is ON: inactive players will automatically lose when time's up. (requested by WarlogFV)
|j| nkgill1101
|j| WahlbandHutsassa
|j| Coldflame2802
|inactive|WarlogFV has 60 seconds left.
|
|t:|1783195995
|teamsize|p1|4
|teamsize|p2|4
|start
|switch|p1a: California Gurls|Swampert, L50, M|100/100
|switch|p1b: Legendary Lovers|Grimmsnarl, L50, M|100/100
|switch|p2a: Sneasler|Sneasler, L50, M|100/100
|switch|p2b: Charizard|Charizard, L50, M|100/100
|turn|1
|
|t:|1783196011
|detailschange|p2b: Charizard|Charizard-Mega-Y, L50, M
|-mega|p2b: Charizard|Charizard|Charizardite Y
|-weather|SunnyDay|[from] ability: Drought|[of] p2b: Charizard
|move|p1a: California Gurls|Protect|p1a: California Gurls
|-singleturn|p1a: California Gurls|Protect
|move|p2a: Sneasler|Fake Out|p1b: Legendary Lovers
|-damage|p1b: Legendary Lovers|82/100
|cant|p1b: Legendary Lovers|flinch
|move|p2b: Charizard|Weather Ball|p1b: Legendary Lovers
|-damage|p1b: Legendary Lovers|0 fnt
|faint|p1b: Legendary Lovers
|
|-weather|SunnyDay|[upkeep]
|upkeep
|
|t:|1783196022
|switch|p1b: Lifetimes|Pelipper, L50, F|100/100
|-weather|RainDance|[from] ability: Drizzle|[of] p1b: Lifetimes
|turn|2
|j| Combustandy
|inactive|Poe Jar has 30 seconds left.
|inactive|Poe Jar has 20 seconds left.
|
|t:|1783196058
|switch|p2a: Whimsicott|Whimsicott, L50, F|100/100
|detailschange|p1a: California Gurls|Swampert-Mega, L50, M
|-mega|p1a: California Gurls|Swampert|Swampertite
|move|p2b: Charizard|Protect|p2b: Charizard
|-singleturn|p2b: Charizard|Protect
|move|p1a: California Gurls|Earthquake|p2b: Charizard|[spread] p2a
|-activate|p2b: Charizard|move: Protect
|-immune|p1b: Lifetimes
|-resisted|p2a: Whimsicott|1
|-damage|p2a: Whimsicott|64/100
|move|p1b: Lifetimes|Hurricane|p2b: Charizard
|-activate|p2b: Charizard|move: Protect
|
|-weather|RainDance|[upkeep]
|upkeep
|turn|3
|inactive|Poe Jar has 30 seconds left.
|inactive|Poe Jar has 20 seconds left.
|inactive|Poe Jar has 15 seconds left.
|inactive|Poe Jar has 10 seconds left.
|
|t:|1783196104
|switch|p1b: T.G.I.F.|Archaludon, L50, F|100/100
|move|p2a: Whimsicott|Encore|p1a: California Gurls
|-start|p1a: California Gurls|Encore
|move|p1a: California Gurls|Earthquake|p2a: Whimsicott|[spread] p1b,p2a
|-immune|p2b: Charizard
|-supereffective|p1b: T.G.I.F.|1
|-resisted|p2a: Whimsicott|1
|-damage|p1b: T.G.I.F.|29/100
|-damage|p2a: Whimsicott|33/100
|-ability|p1b: T.G.I.F.|Stamina|boost
|-boost|p1b: T.G.I.F.|def|1
|move|p2b: Charizard|Weather Ball|p1a: California Gurls
|-damage|p1a: California Gurls|44/100
|
|-weather|RainDance|[upkeep]
|-heal|p1b: T.G.I.F.|36/100|[from] item: Leftovers
|upkeep
|turn|4
|inactive|Poe Jar has 30 seconds left.
|inactive|Poe Jar has 20 seconds left.
|inactive|Poe Jar has 15 seconds left.
|
|t:|1783196147
|switch|p1a: Lifetimes|Pelipper, L50, F|100/100
|switch|p2b: Garchomp|Garchomp, L50, M|100/100
|move|p2a: Whimsicott|Moonblast|p1b: T.G.I.F.
|-damage|p1b: T.G.I.F.|1/100
|-ability|p1b: T.G.I.F.|Stamina|boost
|-boost|p1b: T.G.I.F.|def|1
|move|p1b: T.G.I.F.|Electro Shot||[still]
|-prepare|p1b: T.G.I.F.|Electro Shot
|-boost|p1b: T.G.I.F.|spa|1
|-anim|p1b: T.G.I.F.|Electro Shot|p2b: Garchomp
|-immune|p2b: Garchomp
|
|-weather|RainDance|[upkeep]
|-heal|p1b: T.G.I.F.|6/100|[from] item: Leftovers
|upkeep
|turn|5
|inactive|Poe Jar has 30 seconds left.
|l| Combustandy
|inactive|Poe Jar has 20 seconds left.
|inactive|Poe Jar has 15 seconds left.
|j| Combustandy
|inactive|Poe Jar has 10 seconds left.
|
|t:|1783196194
|move|p2a: Whimsicott|Tailwind|p2a: Whimsicott
|-sidestart|p2: Poe Jar|move: Tailwind
|move|p2b: Garchomp|Dragon Claw|p1b: T.G.I.F.
|-damage|p1b: T.G.I.F.|0 fnt
|faint|p1b: T.G.I.F.
|-damage|p2b: Garchomp|90/100|[from] item: Life Orb
|move|p1a: Lifetimes|Hurricane|p2a: Whimsicott
|-supereffective|p2a: Whimsicott|1
|-damage|p2a: Whimsicott|0 fnt
|faint|p2a: Whimsicott
|
|-weather|RainDance|[upkeep]
|upkeep
|
|t:|1783196205
|switch|p2a: Charizard|Charizard-Mega-Y, L50, M|100/100
|switch|p1b: California Gurls|Swampert-Mega, L50, M|44/100
|-weather|SunnyDay|[from] ability: Drought|[of] p2a: Charizard
|turn|6
|inactive|WarlogFV has 30 seconds left.
|inactive|WarlogFV has 20 seconds left.
|inactive|WarlogFV has 15 seconds left.
|inactive|WarlogFV has 10 seconds left.
|
|t:|1783196255
|move|p1b: California Gurls|Protect|p1b: California Gurls
|-singleturn|p1b: California Gurls|Protect
|move|p1a: Lifetimes|Wide Guard|p1a: Lifetimes
|-singleturn|p1a: Lifetimes|Wide Guard
|move|p2b: Garchomp|Dragon Claw|p1a: Lifetimes
|-damage|p1a: Lifetimes|50/100g
|-damage|p2b: Garchomp|80/100|[from] item: Life Orb
|move|p2a: Charizard|Solar Beam||[still]
|-prepare|p2a: Charizard|Solar Beam
|-anim|p2a: Charizard|Solar Beam|p1b: California Gurls
|-activate|p1b: California Gurls|move: Protect
|
|-weather|SunnyDay|[upkeep]
|upkeep
|turn|7
|inactive|WarlogFV has 30 seconds left.
|inactive|WarlogFV has 20 seconds left.
|inactive|WarlogFV has 15 seconds left.
|inactive|WarlogFV has 10 seconds left.
|inactive|WarlogFV has 5 seconds left.
|
|t:|1783196305
|move|p1b: California Gurls|Protect|p1b: California Gurls
|-singleturn|p1b: California Gurls|Protect
|move|p1a: Lifetimes|Wide Guard|p1a: Lifetimes
|-singleturn|p1a: Lifetimes|Wide Guard
|move|p2b: Garchomp|Dragon Claw|p1a: Lifetimes
|-damage|p1a: Lifetimes|1/100
|-enditem|p1a: Lifetimes|Sitrus Berry|[eat]
|-heal|p1a: Lifetimes|25/100|[from] item: Sitrus Berry
|-damage|p2b: Garchomp|70/100|[from] item: Life Orb
|move|p2a: Charizard|Solar Beam||[still]
|-prepare|p2a: Charizard|Solar Beam
|-anim|p2a: Charizard|Solar Beam|p1b: California Gurls
|-activate|p1b: California Gurls|move: Protect
|
|-weather|SunnyDay|[upkeep]
|upkeep
|turn|8
|j| munchie2ff
|inactive|WarlogFV has 30 seconds left.
|
|t:|1783196339
|move|p1b: California Gurls|Protect||[still]
|-fail|p1b: California Gurls
|move|p1a: Lifetimes|Wide Guard|p1a: Lifetimes
|-singleturn|p1a: Lifetimes|Wide Guard
|move|p2b: Garchomp|Dragon Claw|p1a: Lifetimes
|-damage|p1a: Lifetimes|0 fnt
|faint|p1a: Lifetimes
|-damage|p2b: Garchomp|60/100|[from] item: Life Orb
|move|p2a: Charizard|Solar Beam||[still]
|-prepare|p2a: Charizard|Solar Beam
|-anim|p2a: Charizard|Solar Beam|p1b: California Gurls
|-supereffective|p1b: California Gurls|2
|-damage|p1b: California Gurls|0 fnt
|faint|p1b: California Gurls
|
|win|Poe Jar
|inactive|WarlogFV has 30 seconds to confirm battle start!
|inactive|Poe Jar has 30 seconds to confirm battle start!
||WarlogFV is ready for game 3.
|inactive|Poe Jar has 20 seconds to confirm battle start!
|l| Coldflame2802
|inactive|Poe Jar has 10 seconds to confirm battle start!
||Poe Jar is ready for game 3.
|uhtml|next|Next: Game 3 of 3
|l| Combustandy
|l| munchie2ff
|l| nkgill1101
|l|☆Poe Jar
|player|p2|
