|j|☆Refanner
|j|☆killdyl
|html|Refannerkilldyl    
|uhtml|bestof|Game 1 of a best-of-3
|t:|1756472888
|gametype|doubles
|player|p1|Refanner|101|1128
|player|p2|killdyl|falkner-gen2|1007
|gen|9
|tier|[Gen 9] VGC 2025 Reg H (Bo3)
|rated|
|rule|Species Clause: Limit one of each Pokémon
|rule|Item Clause: Limit 1 of each item
|clearpoke
|poke|p1|Garchomp, L50, M|
|poke|p1|Incineroar, L50, F|
|poke|p1|Tyranitar, L50, F|
|poke|p1|Gholdengo, L50|
|poke|p1|Primarina, L50, M|
|poke|p1|Talonflame, L50, M|
|poke|p2|Torkoal, L50, F|
|poke|p2|Indeedee-F, L50, F|
|poke|p2|Amoonguss, L50, M|
|poke|p2|Dusclops, L50, F|
|poke|p2|Hatterene, L50, F|
|poke|p2|Flareon, L50, F|
|teampreview|4
|showteam|p1|Garchomp||LifeOrb|RoughSkin|Earthquake,DragonClaw,StompingTantrum,Protect|||M|||50|,,,,,Fire]Incineroar||SitrusBerry|Intimidate|FlareBlitz,KnockOff,PartingShot,FakeOut|||F|||50|,,,,,Grass]Tyranitar||AssaultVest|SandStream|KnockOff,RockSlide,TeraBlast,LowKick|||F|||50|,,,,,Flying]Gholdengo||Leftovers|GoodasGold|MakeItRain,ShadowBall,NastyPlot,Protect||||||50|,,,,,Flying]Primarina||MagoBerry|LiquidVoice|HyperVoice,Moonblast,CalmMind,Protect|||M|||50|,,,,,Poison]Talonflame||CovertCloak|GaleWings|BraveBird,Tailwind,WillOWisp,Taunt|||M|||50|,,,,,Flying
|showteam|p2|Torkoal||LifeOrb|Drought|SolarBeam,HeatWave,Eruption,Protect|||F|||50|,,,,,Fire]Indeedee-F||SafetyGoggles|PsychicSurge|TrickRoom,HealPulse,Protect,DazzlingGleam|||F|||50|,,,,,Psychic]Amoonguss||RockyHelmet|Regenerator|Spore,RagePowder,PollenPuff,Protect|||M|||50|,,,,,Grass]Dusclops||Eviolite|Pressure|WillOWisp,HelpingHand,Protect,NightShade|||F|||50|,,,,,Steel]Hatterene||ChoiceSpecs|MagicBounce|ExpandingForce,MysticalFire,GigaDrain,Psychic|||F|||50|,,,,,Psychic]Flareon||ToxicOrb|Guts|Protect,FlareBlitz,Facade,Yawn|||F|||50|,,,,,Water
|inactive|Battle timer is ON: inactive players will automatically lose when time's up. (requested by killdyl)
|inactive|Refanner has 60 seconds left.
|inactive|Refanner has 30 seconds left.
|inactive|Refanner has 20 seconds left.
|inactive|Refanner has 15 seconds left.
|
|t:|1756472964
|teamsize|p1|4
|teamsize|p2|4
|start
|switch|p1a: Tyranitar|Tyranitar, L50, F|100/100
|switch|p1b: Talonflame|Talonflame, L50, M|100/100
|switch|p2a: Indeedee|Indeedee-F, L50, F|100/100
|switch|p2b: Amoonguss|Amoonguss, L50, M, shiny|100/100
|-weather|Sandstorm|[from] ability: Sand Stream|[of] p1a: Tyranitar
|-fieldstart|move: Psychic Terrain|[from] ability: Psychic Surge|[of] p2a: Indeedee
|turn|1
|inactive|Refanner has 30 seconds left.
|inactive|killdyl has 30 seconds left.
|inactive|Refanner has 20 seconds left.
|
|t:|1756472999
|move|p1b: Talonflame|Taunt|p2a: Indeedee
|-start|p2a: Indeedee|move: Taunt
|move|p1a: Tyranitar|Rock Slide|p2b: Amoonguss|[spread] p2a,p2b
|-crit|p2b: Amoonguss
|-damage|p2a: Indeedee|58/100
|-damage|p2b: Amoonguss|64/100
|move|p2b: Amoonguss|Spore|p1a: Tyranitar
|-status|p1a: Tyranitar|slp|[from] move: Spore
|cant|p2a: Indeedee|flinch
|
|-weather|Sandstorm|[upkeep]
|-damage|p1b: Talonflame|95/100|[from] Sandstorm
|-damage|p2b: Amoonguss|58/100|[from] Sandstorm
|upkeep
|turn|2
|inactive|Refanner has 30 seconds left.
|inactive|killdyl has 30 seconds left.
|
|t:|1756473032
|move|p2b: Amoonguss|Rage Powder|p2b: Amoonguss
|-singleturn|p2b: Amoonguss|move: Rage Powder
|move|p1b: Talonflame|Brave Bird|p2b: Amoonguss
|-supereffective|p2b: Amoonguss
|-damage|p2b: Amoonguss|0 fnt
|-damage|p1b: Talonflame|78/100|[from] item: Rocky Helmet|[of] p2b: Amoonguss
|faint|p2b: Amoonguss
|-damage|p1b: Talonflame|51/100|[from] Recoil
|cant|p1a: Tyranitar|slp
|move|p2a: Indeedee|Dazzling Gleam|p1b: Talonflame|[spread] p1a,p1b
|-supereffective|p1a: Tyranitar
|-resisted|p1b: Talonflame
|-damage|p1a: Tyranitar|89/100 slp
|-damage|p1b: Talonflame|40/100
|
|-weather|Sandstorm|[upkeep]
|-damage|p1b: Talonflame|34/100|[from] Sandstorm
|upkeep
|
|t:|1756473041
|switch|p2b: Hatterene|Hatterene, L50, F|100/100
|turn|3
|inactive|killdyl has 30 seconds left.
|
|t:|1756473072
|move|p1b: Talonflame|Brave Bird|p2a: Indeedee
|-damage|p2a: Indeedee|0 fnt
|faint|p2a: Indeedee
|-damage|p1b: Talonflame|13/100|[from] Recoil
|cant|p1a: Tyranitar|slp
|move|p2b: Hatterene|Expanding Force|p1b: Talonflame|[spread] p1b
|-immune|p1a: Tyranitar
|-damage|p1b: Talonflame|0 fnt
|faint|p1b: Talonflame
|
|-weather|Sandstorm|[upkeep]
|-damage|p2b: Hatterene|94/100|[from] Sandstorm
|upkeep
|
|t:|1756473092
|switch|p1b: Garchomp|Garchomp, L50, M|100/100
|switch|p2a: Torkoal|Torkoal, L50, F|100/100
|-weather|SunnyDay|[from] ability: Drought|[of] p2a: Torkoal
|turn|4
|inactive|Refanner has 30 seconds left.
|
|t:|1756473123
|-terastallize|p1a: Tyranitar|Flying
|-terastallize|p2b: Hatterene|Psychic
|move|p2a: Torkoal|Protect|p2a: Torkoal
|-singleturn|p2a: Torkoal|Protect
|move|p1b: Garchomp|Earthquake|p2a: Torkoal|[spread] p2b
|-activate|p2a: Torkoal|move: Protect
|-immune|p1a: Tyranitar
|-damage|p2b: Hatterene|32/100
|-damage|p1b: Garchomp|91/100|[from] item: Life Orb
|-curestatus|p1a: Tyranitar|slp|[msg]
|move|p1a: Tyranitar|Rock Slide|p2a: Torkoal|[spread] p2b
|-activate|p2a: Torkoal|move: Protect
|-damage|p2b: Hatterene|0 fnt
|faint|p2b: Hatterene
|
|-weather|SunnyDay|[upkeep]
|upkeep
|turn|5
|-message|killdyl forfeited.
|
|win|Refanner
|l|☆killdyl
|player|p2|
||killdyl is ready for game 2.
||Refanner is ready for game 2.
|uhtml|next|Next: Game 2 of 3
