|j|☆zaharba
|j|‽tavinn_n
|html|zaharbatavinn_n    
|uhtml|bestof|Game 1 of a best-of-3
|t:|1783103225
|gametype|doubles
|player|p1|zaharba|170|1138
|player|p2|tavinn_n|ghetsis|1176
|gen|9
|tier|[Gen 9 Champions] VGC 2026 Reg M-B (Bo3)
|rated|
|rule|Species Clause: Limit one of each Pokémon
|rule|Item Clause: Limit 1 of each item
|clearpoke
|poke|p1|Raichu, L50, M, shiny|
|poke|p1|Vivillon, L50, F|
|poke|p1|Ninetales-Alola, L50, F, shiny|
|poke|p1|Tyranitar, L50, F|
|poke|p1|Basculegion-F, L50, F|
|poke|p1|Talonflame, L50, F|
|poke|p2|Kingambit, L50, F|
|poke|p2|Whimsicott, L50, M|
|poke|p2|Basculegion, L50, M|
|poke|p2|Garchomp, L50, M|
|poke|p2|Charizard, L50, F|
|poke|p2|Sylveon, L50, M|
|teampreview|4
|showteam|p1|Raichu||RaichuniteY|LightningRod|FocusBlast,ZapCannon,UpperHand,FakeOut|Timid||M|||50|]Vivillon||ChoiceScarf|CompoundEyes|SleepPowder,RagePowder,Hurricane,Tailwind|Timid||F|||50|]Ninetales-Alola||NeverMeltIce|SnowWarning|Protect,FreezeDry,Blizzard,Encore|Timid||F|||50|]Tyranitar||ExpertBelt|SandStream|RockSlide,HighHorsepower,Protect,DragonDance|Adamant||F|||50|]Basculegion-F||SpellTag|Adaptability|Protect,Hex,HydroPump,MuddyWater|Modest||F|||50|]Talonflame||LifeOrb|GaleWings|Whirlwind,BraveBird,Overheat,Tailwind|Naive||F|||50|
|showteam|p2|Kingambit||BlackGlasses|Defiant|KowtowCleave,SuckerPunch,IronHead,Protect|Adamant||F|||50|]Whimsicott||FocusSash|Prankster|Moonblast,Tailwind,Encore,Protect|Timid||M|||50|]Basculegion||MysticWater|Adaptability|WaveCrash,LastRespects,AquaJet,Protect|Adamant||M|||50|]Garchomp||LifeOrb|RoughSkin|DragonClaw,RockSlide,Earthquake,Protect|Jolly||M|||50|]Charizard||CharizarditeY|Blaze|WeatherBall,HeatWave,SolarBeam,Protect|Modest||F|||50|]Sylveon||FairyFeather|Pixilate|Protect,Moonblast,HyperVoice,CalmMind|Modest||M|||50|
|inactive|Battle timer is ON: inactive players will automatically lose when time's up. (requested by zaharba)
|inactive|tavinn_n also wants the timer to be on.
|inactive|zaharba has 60 seconds left.
|inactive|tavinn_n has 60 seconds left.
|inactive|tavinn_n has 30 seconds left.
|
|t:|1783103290
|teamsize|p1|4
|teamsize|p2|4
|start
|switch|p1a: Raichu|Raichu, L50, M, shiny|100/100
|switch|p1b: Talonflame|Talonflame, L50, F|100/100
|switch|p2a: Whimsicott|Whimsicott, L50, M|100/100
|switch|p2b: Garchomp|Garchomp, L50, M|100/100
|turn|1
|
|t:|1783103302
|move|p1a: Raichu|Fake Out|p2b: Garchomp
|-damage|p2b: Garchomp|91/100
|-damage|p1a: Raichu|88/100|[from] ability: Rough Skin|[of] p2b: Garchomp
|move|p1b: Talonflame|Tailwind|p1b: Talonflame
|-sidestart|p1: zaharba|move: Tailwind
|move|p2a: Whimsicott|Tailwind|p2a: Whimsicott
|-sidestart|p2: tavinn_n|move: Tailwind
|cant|p2b: Garchomp|flinch
|
|upkeep
|turn|2
|
|t:|1783103326
|switch|p1a: Ninetales|Ninetales-Alola, L50, F, shiny|100/100
|-weather|Snowscape|[from] ability: Snow Warning|[of] p1a: Ninetales
|move|p1b: Talonflame|Brave Bird|p2a: Whimsicott
|-supereffective|p2a: Whimsicott|1
|-enditem|p2a: Whimsicott|Focus Sash
|-damage|p2a: Whimsicott|1/100
|-damage|p1b: Talonflame|70/100|[from] Recoil
|-damage|p1b: Talonflame|61/100|[from] item: Life Orb
|move|p2a: Whimsicott|Encore|p1b: Talonflame
|-start|p1b: Talonflame|Encore
|move|p2b: Garchomp|Rock Slide|p1b: Talonflame|[spread] p1a
|-miss|p2b: Garchomp|p1b: Talonflame
|-supereffective|p1a: Ninetales|1
|-damage|p1a: Ninetales|52/100
|-damage|p2b: Garchomp|82/100|[from] item: Life Orb
|
|-weather|Snowscape|[upkeep]
|upkeep
|turn|3
|inactive|zaharba has 30 seconds left.
|inactive|tavinn_n has 30 seconds left.
|inactive|zaharba has 20 seconds left.
|inactive|zaharba has 15 seconds left.
|
|t:|1783103367
|switch|p2a: Charizard|Charizard, L50, F|100/100
|move|p2b: Garchomp|Protect|p2b: Garchomp
|-singleturn|p2b: Garchomp|Protect
|move|p1b: Talonflame|Brave Bird|p2b: Garchomp
|-activate|p2b: Garchomp|move: Protect
|move|p1a: Ninetales|Blizzard|p2b: Garchomp|[spread] p2a
|-activate|p2b: Garchomp|move: Protect
|-damage|p2a: Charizard|55/100
|-status|p2a: Charizard|frz
|
|-weather|Snowscape|[upkeep]
|upkeep
|turn|4
|inactive|tavinn_n has 30 seconds left.
|
|t:|1783103395
|detailschange|p2a: Charizard|Charizard-Mega-Y, L50, F
|-mega|p2a: Charizard|Charizard|Charizardite Y
|-weather|SunnyDay|[from] ability: Drought|[of] p2a: Charizard
|move|p1b: Talonflame|Brave Bird|p2b: Garchomp
|-damage|p2b: Garchomp|16/100
|-damage|p1b: Talonflame|49/100|[from] ability: Rough Skin|[of] p2b: Garchomp
|-damage|p1b: Talonflame|23/100|[from] Recoil
|-damage|p1b: Talonflame|13/100|[from] item: Life Orb
|move|p1a: Ninetales|Freeze-Dry|p2b: Garchomp
|-supereffective|p2b: Garchomp|2
|-damage|p2b: Garchomp|0 fnt
|faint|p2b: Garchomp
|cant|p2a: Charizard|frz
|
|-weather|SunnyDay|[upkeep]
|-sideend|p2: tavinn_n|move: Tailwind
|-sideend|p1: zaharba|move: Tailwind
|upkeep
|
|t:|1783103410
|switch|p2b: Whimsicott|Whimsicott, L50, M|1/100
|turn|5
|
|t:|1783103419
|move|p2b: Whimsicott|Tailwind|p2b: Whimsicott
|-sidestart|p2: tavinn_n|move: Tailwind
|cant|p2a: Charizard|frz
|move|p1b: Talonflame|Brave Bird|p2a: Charizard
|-damage|p2a: Charizard|0 fnt
|faint|p2a: Charizard
|-damage|p1b: Talonflame|0 fnt|[from] Recoil
|faint|p1b: Talonflame
|move|p1a: Ninetales|Freeze-Dry|p2b: Whimsicott
|-supereffective|p2b: Whimsicott|1
|-damage|p2b: Whimsicott|0 fnt
|faint|p2b: Whimsicott
|
|-weather|SunnyDay|[upkeep]
|upkeep
|
|t:|1783103432
|switch|p1b: Raichu|Raichu, L50, M, shiny|88/100
|switch|p2b: Sylveon|Sylveon, L50, M|100/100
|turn|6
|
|t:|1783103443
|move|p1b: Raichu|Fake Out|p2b: Sylveon
|-damage|p2b: Sylveon|90/100
|cant|p2b: Sylveon|flinch
|move|p1a: Ninetales|Freeze-Dry|p2b: Sylveon
|-damage|p2b: Sylveon|66/100
|
|-weather|SunnyDay|[upkeep]
|upkeep
|turn|7
|
|t:|1783103461
|detailschange|p1b: Raichu|Raichu-Mega-Y, L50, M, shiny
|-mega|p1b: Raichu|Raichu|Raichunite Y
|move|p1b: Raichu|Zap Cannon|p2b: Sylveon
|-damage|p2b: Sylveon|9/100
|-status|p2b: Sylveon|par
|move|p1a: Ninetales|Freeze-Dry|p2b: Sylveon
|-damage|p2b: Sylveon|0 fnt
|faint|p2b: Sylveon
|
|win|zaharba
||zaharba is ready for game 2.
||tavinn_n is ready for game 2.
|uhtml|next|Next: Game 2 of 3
|l|‽tavinn_n
|player|p2|
