|j|☆marcosdeltasena31
|j|☆SongokuVG Fr
|html|marcosdeltasena31SongokuVG Fr    
|uhtml|bestof|Game 2 of a best-of-3
|t:|1755374277
|gametype|doubles
|player|p1|marcosdeltasena31|hilbert|1327
|player|p2|SongokuVG Fr|lucian|1264
|gen|9
|tier|[Gen 9] VGC 2025 Reg H (Bo3)
|rated|
|rule|Species Clause: Limit one of each Pokémon
|rule|Item Clause: Limit 1 of each item
|clearpoke
|poke|p1|Dragonite, L50, F|
|poke|p1|Sneasler, L50, F|
|poke|p1|Volcarona, L50, F|
|poke|p1|Rillaboom, L50, M|
|poke|p1|Kingambit, L50, F|
|poke|p1|Electabuzz, L50, F|
|poke|p2|Indeedee-F, L50, F|
|poke|p2|Gallade, L50, M|
|poke|p2|Armarouge, L50, M|
|poke|p2|Torkoal, L50, M|
|poke|p2|Ursaluna, L50, M|
|poke|p2|Lilligant-Hisui, L50, F|
|teampreview|4
|showteam|p1|Dragonite||LoadedDice|Multiscale|ScaleShot,ExtremeSpeed,Haze,Protect|||F|||50|,,,,,Fairy]Sneasler||FocusSash|PoisonTouch|DireClaw,CloseCombat,FakeOut,Coaching|||F|||50|,,,,,Ghost]Volcarona||CovertCloak|FlameBody|HeatWave,TeraBlast,QuiverDance,Protect|||F|||50|,,,,,Fairy]Rillaboom||AssaultVest|GrassySurge|WoodHammer,FakeOut,GrassyGlide,HighHorsepower|||M|||50|,,,,,Fire]Kingambit||BlackGlasses|Defiant|KowtowCleave,SwordsDance,SuckerPunch,Protect|||F|||50|,,,,,Dark]Electabuzz||Eviolite|VitalSpirit|Electroweb,FollowMe,Taunt,Protect|||F|||50|,,,,,Ghost
|showteam|p2|Indeedee-F||SafetyGoggles|PsychicSurge|FollowMe,TrickRoom,Psychic,HelpingHand|||F|||50|,,,,,Water]Gallade||ClearAmulet|Sharpness|SacredSword,TrickRoom,WideGuard,PsychoCut|||M|||50|,,,,,Grass]Armarouge||LifeOrb|FlashFire|ExpandingForce,ArmorCannon,TrickRoom,Protect|||M|||50|,,,,,Grass]Torkoal||ChoiceSpecs|Drought|Eruption,WeatherBall,EarthPower,SolarBeam|||M|||50|,,,,,Fire]Ursaluna||FlameOrb|Guts|Facade,Protect,HeadlongRush,Earthquake|||M|||50|,,,,,Ghost]Lilligant-Hisui||FocusSash|Chlorophyll|AfterYou,CloseCombat,SleepPowder,SolarBlade|||F|||50|,,,,,Ghost
|inactive|Battle timer is ON: inactive players will automatically lose when time's up. (requested by SongokuVG Fr)
|
|t:|1755374308
|teamsize|p1|4
|teamsize|p2|4
|start
|switch|p1a: Dragonite|Dragonite, L50, F|100/100
|switch|p1b: Sneasler|Sneasler, L50, F|100/100
|switch|p2a: Lilligant|Lilligant-Hisui, L50, F|100/100
|switch|p2b: Indeedee|Indeedee-F, L50, F|100/100
|-fieldstart|move: Psychic Terrain|[from] ability: Psychic Surge|[of] p2b: Indeedee
|turn|1
|
|t:|1755374319
|switch|p1a: Rillaboom|Rillaboom, L50, M|100/100
|-fieldstart|move: Grassy Terrain|[from] ability: Grassy Surge|[of] p1a: Rillaboom
|switch|p2b: Torkoal|Torkoal, L50, M|100/100
|-weather|SunnyDay|[from] ability: Drought|[of] p2b: Torkoal
|move|p1b: Sneasler|Fake Out|p2a: Lilligant
|-damage|p2a: Lilligant|78/100
|cant|p2a: Lilligant|flinch
|
|-weather|SunnyDay|[upkeep]
|-heal|p2a: Lilligant|84/100|[from] Grassy Terrain
|upkeep
|turn|2
|inactive|marcosdeltasena31 has 30 seconds left.
|
|t:|1755374346
|switch|p2a: Indeedee|Indeedee-F, L50, F|100/100
|-fieldstart|move: Psychic Terrain|[from] ability: Psychic Surge|[of] p2a: Indeedee
|switch|p1a: Dragonite|Dragonite, L50, F|100/100
|-terastallize|p2b: Torkoal|Fire
|move|p1b: Sneasler|Dire Claw|p2a: Indeedee
|-damage|p2a: Indeedee|63/100
|-status|p2a: Indeedee|psn|[from] ability: Poison Touch|[of] p1b: Sneasler
|move|p2b: Torkoal|Eruption|p1b: Sneasler|[spread] p1a,p1b
|-resisted|p1a: Dragonite
|-damage|p1a: Dragonite|62/100
|-enditem|p1b: Sneasler|Focus Sash
|-damage|p1b: Sneasler|1/100
|
|-weather|SunnyDay|[upkeep]
|-damage|p2a: Indeedee|50/100 psn|[from] psn
|upkeep
|turn|3
|
|t:|1755374366
|switch|p2a: Gallade|Gallade, L50, M|100/100
|move|p1b: Sneasler|Close Combat|p2a: Gallade
|-resisted|p2a: Gallade
|-damage|p2a: Gallade|59/100
|-unboost|p1b: Sneasler|def|1
|-unboost|p1b: Sneasler|spd|1
|-status|p2a: Gallade|psn|[from] ability: Poison Touch|[of] p1b: Sneasler
|move|p1a: Dragonite|Scale Shot|p2b: Torkoal
|-damage|p2b: Torkoal|89/100
|-damage|p2b: Torkoal|77/100
|-damage|p2b: Torkoal|66/100
|-damage|p2b: Torkoal|55/100
|-damage|p2b: Torkoal|43/100
|-hitcount|p2b: Torkoal|5
|-unboost|p1a: Dragonite|def|1
|-boost|p1a: Dragonite|spe|1
|move|p2b: Torkoal|Eruption|p1a: Dragonite|[spread] p1a,p1b
|-resisted|p1a: Dragonite
|-crit|p1b: Sneasler
|-damage|p1a: Dragonite|31/100
|-damage|p1b: Sneasler|0 fnt
|faint|p1b: Sneasler
|
|-weather|SunnyDay|[upkeep]
|-damage|p2a: Gallade|47/100 psn|[from] psn
|upkeep
|
|t:|1755374382
|switch|p1b: Rillaboom|Rillaboom, L50, M|100/100
|-fieldstart|move: Grassy Terrain|[from] ability: Grassy Surge|[of] p1b: Rillaboom
|turn|4
|
|t:|1755374388
|switch|p2b: Indeedee|Indeedee-F, L50, F|50/100 psn
|-fieldstart|move: Psychic Terrain|[from] ability: Psychic Surge|[of] p2b: Indeedee
|move|p1a: Dragonite|Scale Shot|p2a: Gallade
|-damage|p2a: Gallade|27/100 psn
|-crit|p2a: Gallade
|-damage|p2a: Gallade|0 fnt
|faint|p2a: Gallade
|-hitcount|p2: Gallade|2
|-unboost|p1a: Dragonite|def|1
|-boost|p1a: Dragonite|spe|1
|move|p1b: Rillaboom|High Horsepower|p2b: Indeedee
|-damage|p2b: Indeedee|22/100 psn
|
|-weather|SunnyDay|[upkeep]
|-damage|p2b: Indeedee|10/100 psn|[from] psn
|upkeep
|
|t:|1755374399
|switch|p2a: Lilligant|Lilligant-Hisui, L50, F|84/100
|turn|5
|
|t:|1755374408
|move|p1a: Dragonite|Protect|p1a: Dragonite
|-singleturn|p1a: Dragonite|Protect
|move|p2a: Lilligant|Close Combat|p1a: Dragonite
|-activate|p1a: Dragonite|move: Protect
|move|p1b: Rillaboom|Wood Hammer|p2b: Indeedee
|-damage|p2b: Indeedee|0 fnt
|faint|p2b: Indeedee
|-damage|p1b: Rillaboom|98/100|[from] Recoil
|
|-weather|none
|upkeep
|
|t:|1755374416
|switch|p2b: Torkoal|Torkoal, L50, M, tera:Fire|43/100
|-weather|SunnyDay|[from] ability: Drought|[of] p2b: Torkoal
|turn|6
|
|t:|1755374426
|move|p2a: Lilligant|Sleep Powder|p1a: Dragonite
|-status|p1a: Dragonite|slp|[from] move: Sleep Powder
|cant|p1a: Dragonite|slp
|move|p1b: Rillaboom|High Horsepower|p2b: Torkoal
|-supereffective|p2b: Torkoal
|-damage|p2b: Torkoal|0 fnt
|faint|p2b: Torkoal
|
|-weather|SunnyDay|[upkeep]
|upkeep
|turn|7
|-message|SongokuVG Fr forfeited.
|
|win|marcosdeltasena31
|raw|marcosdeltasena31's rating: 1327 → 1343(+16 for winning)
|raw|SongokuVG Fr's rating: 1264 → 1243(-21 for losing)
|l|☆SongokuVG Fr
|player|p2|
|j|☆SongokuVG Fr
|player|p2|SongokuVG Fr|lucian|
