|j|‽dxmxim
|j|☆CammelloGasante
|html|dxmximCammelloGasante    
|uhtml|bestof|Game 3 of a best-of-3
|t:|1757074050
|gametype|doubles
|player|p1|dxmxim|265|1136
|player|p2|CammelloGasante|drayden|1176
|gen|9
|tier|[Gen 9] VGC 2025 Reg H (Bo3)
|rated|
|rule|Species Clause: Limit one of each Pokémon
|rule|Item Clause: Limit 1 of each item
|clearpoke
|poke|p1|Incineroar, L50, M|
|poke|p1|Annihilape, L50, F|
|poke|p1|Amoonguss, L50, M|
|poke|p1|Murkrow, L50, F|
|poke|p1|Palafin, L50, M|
|poke|p1|Rillaboom, L50, M|
|poke|p2|Garchomp, L50, F|
|poke|p2|Jumpluff, L50, M|
|poke|p2|Torkoal, L50, M|
|poke|p2|Dragonite, L50, F|
|poke|p2|Kingambit, L50, F|
|poke|p2|Typhlosion-Hisui, L50, F|
|teampreview|4
|showteam|p1|Incineroar||SafetyGoggles|Intimidate|FakeOut,PartingShot,FlareBlitz,Protect|||M|||50|,,,,,Ghost]Annihilape||SitrusBerry|Defiant|RageFist,Protect,DrainPunch,Coaching|||F|||50|,,,,,Fire]Amoonguss||RockyHelmet|Regenerator|PollenPuff,RagePowder,Spore,Protect|||M|||50|,,,,,Water]Murkrow||Eviolite|Prankster|Tailwind,FoulPlay,Taunt,Protect|||F|||50|,,,,,Steel]Palafin||MysticWater|ZerotoHero|FlipTurn,JetPunch,WaveCrash,Protect|||M|||50|,,,,,Water]Rillaboom||AssaultVest|GrassySurge|FakeOut,GrassyGlide,WoodHammer,Uturn|||M|||50|,,,,,Fairy
|showteam|p2|Garchomp||LifeOrb|RoughSkin|DragonClaw,StompingTantrum,Earthquake,Protect|||F|||50|,,,,,Fairy]Jumpluff||CovertCloak|Chlorophyll|LeafStorm,SleepPowder,Encore,Tailwind|||M|||50|,,,,,Poison]Torkoal||EjectPack|Drought|Overheat,BurningJealousy,HelpingHand,Protect|||M|||50|,,,,,Flying]Dragonite||LoadedDice|Multiscale|ScaleShot,ExtremeSpeed,IceSpinner,Protect|||F|||50|,,,,,Fairy]Kingambit||AssaultVest|Defiant|IronHead,SuckerPunch,Assurance,LowKick|||F|||50|,,,,,Flying]Typhlosion-Hisui||ChoiceSpecs|Blaze|Eruption,ShadowBall,HeatWave,Overheat|||F|||50|,,,,,Fire
|inactive|Battle timer is ON: inactive players will automatically lose when time's up. (requested by CammelloGasante)
|inactive|CammelloGasante has 60 seconds left.
|
|t:|1757074084
|teamsize|p1|4
|teamsize|p2|4
|start
|switch|p1a: Murkrow|Murkrow, L50, F, shiny|100/100
|switch|p1b: Palafin|Palafin, L50, M|100/100
|switch|p2a: Kingambit|Kingambit, L50, F|100/100
|switch|p2b: Dragonite|Dragonite, L50, F|100/100
|turn|1
|
|t:|1757074099
|move|p1a: Murkrow|Tailwind|p1a: Murkrow
|-sidestart|p1: dxmxim|move: Tailwind
|move|p1b: Palafin|Flip Turn|p2a: Kingambit
|-crit|p2a: Kingambit
|-damage|p2a: Kingambit|71/100
|
|t:|1757074109
|detailschange|p1b: Palafin|Palafin-Hero, L50, M
|switch|p1b: Annihilape|Annihilape, L50, F|100/100|[from] Flip Turn
|move|p2b: Dragonite|Scale Shot|p1b: Annihilape
|-damage|p1b: Annihilape|85/100
|-damage|p1b: Annihilape|69/100
|-damage|p1b: Annihilape|55/100
|-damage|p1b: Annihilape|39/100
|-enditem|p1b: Annihilape|Sitrus Berry|[eat]
|-heal|p1b: Annihilape|64/100|[from] item: Sitrus Berry
|-damage|p1b: Annihilape|50/100
|-hitcount|p1b: Annihilape|5
|-unboost|p2b: Dragonite|def|1
|-boost|p2b: Dragonite|spe|1
|move|p2a: Kingambit|Iron Head|p1a: Murkrow
|-damage|p1a: Murkrow|53/100
|
|upkeep
|turn|2
|inactive|dxmxim has 30 seconds left.
|
|t:|1757074138
|move|p1b: Annihilape|Protect|p1b: Annihilape
|-singleturn|p1b: Annihilape|Protect
|move|p1a: Murkrow|Foul Play|p2a: Kingambit
|-resisted|p2a: Kingambit
|-damage|p2a: Kingambit|49/100
|move|p2b: Dragonite|Scale Shot|p1b: Annihilape
|-activate|p1b: Annihilape|move: Protect
|move|p2a: Kingambit|Assurance|p1b: Annihilape
|-activate|p1b: Annihilape|move: Protect
|
|upkeep
|turn|3
|
|t:|1757074158
|move|p1a: Murkrow|Protect|p1a: Murkrow
|-singleturn|p1a: Murkrow|Protect
|move|p2a: Kingambit|Sucker Punch|p1b: Annihilape
|-damage|p1b: Annihilape|15/100
|move|p1b: Annihilape|Rage Fist|p2b: Dragonite
|-damage|p2b: Dragonite|0 fnt
|faint|p2b: Dragonite
|
|upkeep
|
|t:|1757074167
|switch|p2b: Torkoal|Torkoal, L50, M|100/100
|-weather|SunnyDay|[from] ability: Drought|[of] p2b: Torkoal
|turn|4
|
|t:|1757074180
|switch|p1a: Incineroar|Incineroar, L50, M, shiny|100/100
|-ability|p1a: Incineroar|Intimidate|boost
|-unboost|p2a: Kingambit|atk|1
|-ability|p2a: Kingambit|Defiant|boost
|-boost|p2a: Kingambit|atk|2
|-unboost|p2b: Torkoal|atk|1
|-enditem|p2b: Torkoal|Eject Pack
|
|t:|1757074187
|switch|p2b: Typhlosion|Typhlosion-Hisui, L50, F|100/100
|move|p2a: Kingambit|Sucker Punch|p1b: Annihilape
|-damage|p1b: Annihilape|0 fnt
|faint|p1b: Annihilape
|
|-weather|SunnyDay|[upkeep]
|-sideend|p1: dxmxim|move: Tailwind
|upkeep
|
|t:|1757074193
|switch|p1b: Murkrow|Murkrow, L50, F, shiny|53/100
|turn|5
|
|t:|1757074202
|-terastallize|p2b: Typhlosion|Fire
|move|p1b: Murkrow|Tailwind|p1b: Murkrow
|-sidestart|p1: dxmxim|move: Tailwind
|move|p1a: Incineroar|Flare Blitz|p2a: Kingambit
|-supereffective|p2a: Kingambit
|-damage|p2a: Kingambit|0 fnt
|faint|p2a: Kingambit
|-damage|p1a: Incineroar|83/100|[from] Recoil
|move|p2b: Typhlosion|Heat Wave|p1a: Incineroar|[spread] p1a,p1b
|-resisted|p1a: Incineroar
|-damage|p1a: Incineroar|36/100
|-damage|p1b: Murkrow|0 fnt
|faint|p1b: Murkrow
|
|-weather|SunnyDay|[upkeep]
|upkeep
|
|t:|1757074214
|switch|p1b: Palafin|Palafin-Hero, L50, M|100/100
|switch|p2a: Torkoal|Torkoal, L50, M|100/100
|-activate|p1b: Palafin|ability: Zero to Hero
|turn|6
|c|☆CammelloGasante|ggs
|
|t:|1757074228
|-terastallize|p1b: Palafin|Water
|move|p2a: Torkoal|Helping Hand|p2b: Typhlosion
|-singleturn|p2b: Typhlosion|Helping Hand|[of] p2a: Torkoal
|move|p1b: Palafin|Wave Crash|p2b: Typhlosion
|-supereffective|p2b: Typhlosion
|-damage|p2b: Typhlosion|0 fnt
|faint|p2b: Typhlosion
|-damage|p1b: Palafin|74/100|[from] Recoil
|move|p1a: Incineroar|Parting Shot|p2a: Torkoal
|-unboost|p2a: Torkoal|atk|1
|-unboost|p2a: Torkoal|spa|1
|
|-weather|SunnyDay|[upkeep]
|upkeep
|turn|7
|-message|CammelloGasante forfeited.
|
|win|dxmxim
|raw|dxmxim's rating: 1136 → 1164(+28 for winning)
|raw|CammelloGasante's rating: 1176 → 1148(-28 for losing)
|l|☆CammelloGasante
|player|p2|
