|j|☆Hayz27727282828
|j|☆owbd
|html|Hayz27727282828owbd    
|uhtml|bestof|Game 3 of a best-of-3
|t:|1756887188
|gametype|doubles
|player|p1|Hayz27727282828|169|1133
|player|p2|owbd|cynthia-gen4|1133
|gen|9
|tier|[Gen 9] VGC 2025 Reg H (Bo3)
|rated|
|rule|Species Clause: Limit one of each Pokémon
|rule|Item Clause: Limit 1 of each item
|clearpoke
|poke|p1|Tyranitar, L50, F|
|poke|p1|Rillaboom, L50, M|
|poke|p1|Volcarona, L50, F|
|poke|p1|Primarina, L50, M|
|poke|p1|Sneasler, L50, M|
|poke|p1|Baxcalibur, L50, M|
|poke|p2|Gholdengo, L50|
|poke|p2|Incineroar, L50, M|
|poke|p2|Ursaluna-Bloodmoon, L50, M|
|poke|p2|Indeedee, L50, M|
|poke|p2|Sneasler, L50, M|
|poke|p2|Murkrow, L50, M|
|teampreview|4
|showteam|p1|Tyranitar||FocusSash|SandStream|RockSlide,KnockOff,Taunt,Protect|||F|||50|,,,,,Ghost]Rillaboom||AssaultVest|GrassySurge|HighHorsepower,Uturn,GrassyGlide,FakeOut|||M|||50|,,,,,Fire]Volcarona||Leftovers|FlameBody|FieryDance,QuiverDance,GigaDrain,Protect|||F|||50|,,,,,Dragon]Primarina||ThroatSpray|LiquidVoice|Moonblast,HyperVoice,Haze,Protect|||M|||50|,,,,,Ground]Sneasler||GrassySeed|Unburden|CloseCombat,DireClaw,Acrobatics,Protect|||M|||50|,,,,,Dark]Baxcalibur||ClearAmulet|ThermalExchange|IceShard,GlaiveRush,Protect,IcicleCrash|||M|||50|,,,,,Water
|showteam|p2|Gholdengo||ChoiceSpecs|GoodasGold|MakeItRain,ShadowBall,Thunderbolt,Trick||||||50|,,,,,Steel]Incineroar||SafetyGoggles|Intimidate|FlareBlitz,PartingShot,FakeOut,KnockOff|||M|||50|,,,,,Ghost]Ursaluna-Bloodmoon||AssaultVest|MindsEye|BloodMoon,EarthPower,HyperVoice,Moonblast|||M|||50|,,,,,Normal]Indeedee||FocusSash|PsychicSurge|ExpandingForce,Protect,TrickRoom,Imprison|||M|||50|,,,,,Psychic]Sneasler||PsychicSeed|Unburden|CloseCombat,DireClaw,FakeOut,ThroatChop|||M|||50|,,,,,Stellar]Murkrow||CovertCloak|Prankster|FoulPlay,Haze,SunnyDay,Tailwind|||M|||50|,,,,,Dark
|inactive|Battle timer is ON: inactive players will automatically lose when time's up. (requested by Hayz27727282828)
|
|t:|1756887197
|teamsize|p1|4
|teamsize|p2|4
|start
|switch|p1a: Volcarona|Volcarona, L50, F|100/100
|switch|p1b: Tyranitar|Tyranitar, L50, F|100/100
|switch|p2a: Ursaluna|Ursaluna-Bloodmoon, L50, M|100/100
|switch|p2b: Murkrow|Murkrow, L50, M|100/100
|-weather|Sandstorm|[from] ability: Sand Stream|[of] p1b: Tyranitar
|turn|1
|inactive|Hayz27727282828 has 30 seconds left.
|
|t:|1756887224
|-terastallize|p2a: Ursaluna|Normal
|move|p2b: Murkrow|Tailwind|p2b: Murkrow
|-sidestart|p2: owbd|move: Tailwind
|move|p2a: Ursaluna|Hyper Voice|p1b: Tyranitar|[spread] p1a,p1b
|-resisted|p1b: Tyranitar
|-damage|p1a: Volcarona|54/100
|-damage|p1b: Tyranitar|83/100
|move|p1a: Volcarona|Quiver Dance|p1a: Volcarona
|-boost|p1a: Volcarona|spa|1
|-boost|p1a: Volcarona|spd|1
|-boost|p1a: Volcarona|spe|1
|move|p1b: Tyranitar|Rock Slide|p2a: Ursaluna|[spread] p2a,p2b
|-supereffective|p2b: Murkrow
|-damage|p2a: Ursaluna|73/100
|-damage|p2b: Murkrow|0 fnt
|faint|p2b: Murkrow
|
|-weather|Sandstorm|[upkeep]
|-damage|p2a: Ursaluna|68/100|[from] Sandstorm
|-damage|p1a: Volcarona|47/100|[from] Sandstorm
|-heal|p1a: Volcarona|54/100|[from] item: Leftovers
|upkeep
|
|t:|1756887244
|switch|p2b: Sneasler|Sneasler, L50, M|100/100
|turn|2
|
|t:|1756887264
|-terastallize|p1b: Tyranitar|Ghost
|move|p1a: Volcarona|Protect|p1a: Volcarona
|-singleturn|p1a: Volcarona|Protect
|move|p2b: Sneasler|Close Combat|p1b: Tyranitar
|-immune|p1b: Tyranitar
|move|p2a: Ursaluna|Blood Moon|p1a: Volcarona
|-activate|p1a: Volcarona|move: Protect
|move|p1b: Tyranitar|Knock Off|p2b: Sneasler
|-resisted|p2b: Sneasler
|-damage|p2b: Sneasler|61/100
|-enditem|p2b: Sneasler|Psychic Seed|[from] move: Knock Off|[of] p1b: Tyranitar
|
|-weather|Sandstorm|[upkeep]
|-damage|p2b: Sneasler|55/100|[from] Sandstorm
|-damage|p2a: Ursaluna|62/100|[from] Sandstorm
|-damage|p1a: Volcarona|47/100|[from] Sandstorm
|-damage|p1b: Tyranitar|77/100|[from] Sandstorm
|-heal|p1a: Volcarona|54/100|[from] item: Leftovers
|upkeep
|turn|3
|inactive|Hayz27727282828 has 30 seconds left.
|
|t:|1756887295
|move|p1b: Tyranitar|Protect|p1b: Tyranitar
|-singleturn|p1b: Tyranitar|Protect
|move|p2b: Sneasler|Dire Claw|p1a: Volcarona
|-damage|p1a: Volcarona|0 fnt
|-status|p2b: Sneasler|brn|[from] ability: Flame Body|[of] p1a: Volcarona
|faint|p1a: Volcarona
|move|p2a: Ursaluna|Hyper Voice|p1b: Tyranitar
|-activate|p1b: Tyranitar|move: Protect
|
|-weather|Sandstorm|[upkeep]
|-damage|p2b: Sneasler|49/100 brn|[from] Sandstorm
|-damage|p2a: Ursaluna|56/100|[from] Sandstorm
|-damage|p1b: Tyranitar|70/100|[from] Sandstorm
|-damage|p2b: Sneasler|43/100 brn|[from] brn
|upkeep
|
|t:|1756887312
|switch|p1a: Rillaboom|Rillaboom, L50, M|100/100
|-fieldstart|move: Grassy Terrain|[from] ability: Grassy Surge|[of] p1a: Rillaboom
|turn|4
|
|t:|1756887330
|switch|p2b: Indeedee|Indeedee, L50, M|100/100
|-fieldstart|move: Psychic Terrain|[from] ability: Psychic Surge|[of] p2b: Indeedee
|move|p1a: Rillaboom|Fake Out|p2b: Indeedee
|-activate|p2b: Indeedee|move: Psychic Terrain
|move|p2a: Ursaluna|Hyper Voice|p1a: Rillaboom|[spread] p1a,p1b
|-damage|p1a: Rillaboom|64/100
|-damage|p1b: Tyranitar|24/100
|move|p1b: Tyranitar|Knock Off|p2a: Ursaluna
|-damage|p2a: Ursaluna|11/100
|-enditem|p2a: Ursaluna|Assault Vest|[from] move: Knock Off|[of] p1b: Tyranitar
|
|-weather|Sandstorm|[upkeep]
|-damage|p2b: Indeedee|95/100|[from] Sandstorm
|-damage|p2a: Ursaluna|5/100|[from] Sandstorm
|-damage|p1a: Rillaboom|58/100|[from] Sandstorm
|-damage|p1b: Tyranitar|18/100|[from] Sandstorm
|-sideend|p2: owbd|move: Tailwind
|upkeep
|turn|5
|inactive|Hayz27727282828 has 30 seconds left.
|
|t:|1756887364
|move|p2b: Indeedee|Expanding Force|p1a: Rillaboom|[spread] p1a,p1b
|-damage|p1a: Rillaboom|21/100
|-damage|p1b: Tyranitar|0 fnt
|faint|p1b: Tyranitar
|move|p1a: Rillaboom|U-turn|p2b: Indeedee
|-supereffective|p2b: Indeedee
|-crit|p2b: Indeedee
|-damage|p2b: Indeedee|0 fnt
|faint|p2b: Indeedee
|
|t:|1756887372
|switch|p1a: Sneasler|Sneasler, L50, M|100/100|[from] U-turn
|move|p2a: Ursaluna|Hyper Voice|p1a: Sneasler
|-damage|p1a: Sneasler|4/100
|
|-weather|none
|upkeep
|
|t:|1756887381
|switch|p2b: Sneasler|Sneasler, L50, M|43/100 brn
|switch|p1b: Rillaboom|Rillaboom, L50, M|21/100
|-fieldstart|move: Grassy Terrain|[from] ability: Grassy Surge|[of] p1b: Rillaboom
|-enditem|p1a: Sneasler|Grassy Seed
|-boost|p1a: Sneasler|def|1|[from] item: Grassy Seed
|turn|6
|
|t:|1756887401
|move|p2b: Sneasler|Fake Out|p1a: Sneasler
|-damage|p1a: Sneasler|0 fnt
|faint|p1a: Sneasler
|move|p1b: Rillaboom|Grassy Glide|p2a: Ursaluna
|-damage|p2a: Ursaluna|0 fnt
|faint|p2a: Ursaluna
|
|-heal|p2b: Sneasler|49/100 brn|[from] Grassy Terrain
|-heal|p1b: Rillaboom|28/100|[from] Grassy Terrain
|-damage|p2b: Sneasler|43/100 brn|[from] brn
|upkeep
|turn|7
|
|t:|1756887415
|move|p1b: Rillaboom|Grassy Glide|p2b: Sneasler
|-resisted|p2b: Sneasler
|-damage|p2b: Sneasler|14/100 brn
|move|p2b: Sneasler|Dire Claw|p1b: Rillaboom
|-supereffective|p1b: Rillaboom
|-damage|p1b: Rillaboom|0 fnt
|faint|p1b: Rillaboom
|
|win|owbd
|raw|Hayz27727282828's rating: 1133 → 1108(-25 for losing)
|raw|owbd's rating: 1133 → 1158(+25 for winning)
|l|☆Hayz27727282828
|player|p1|
