|j|☆onlyembers
|j|☆WolfeWithTheGlicky
|html|onlyembersWolfeWithTheGlicky    
|uhtml|bestof|Game 1 of a best-of-3
|t:|1756405447
|gametype|doubles
|player|p1|onlyembers|acetrainerf|1170
|player|p2|WolfeWithTheGlicky|boarder|1160
|gen|9
|tier|[Gen 9] VGC 2025 Reg H (Bo3)
|rated|
|rule|Species Clause: Limit one of each Pokémon
|rule|Item Clause: Limit 1 of each item
|clearpoke
|poke|p1|Archaludon, L50, M|
|poke|p1|Pelipper, L50, F|
|poke|p1|Gholdengo, L50|
|poke|p1|Amoonguss, L50, M|
|poke|p1|Basculegion, L50, M|
|poke|p1|Incineroar, L50, M|
|poke|p2|Porygon2, L50|
|poke|p2|Ursaluna, L50, M|
|poke|p2|Volcarona, L50, F|
|poke|p2|Grimmsnarl, L50, M|
|poke|p2|Flamigo, L50, F|
|poke|p2|Gholdengo, L50|
|teampreview|4
|showteam|p1|Archaludon||AssaultVest|Stamina|ElectroShot,DracoMeteor,FlashCannon,BodyPress|||M|||50|,,,,,Bug]Pelipper||FocusSash|Drizzle|WeatherBall,Hurricane,Tailwind,Protect|||F|||50|,,,,,Ghost]Gholdengo||LifeOrb|GoodasGold|MakeItRain,ShadowBall,NastyPlot,Protect||||||50|,,,,,Water]Amoonguss||SitrusBerry|Regenerator|PollenPuff,Spore,RagePowder,Protect|||M|||50|,,,,,Fairy]Basculegion||ChoiceBand|SwiftSwim|WaveCrash,LastRespects,AquaJet,FlipTurn|||M|||50|,,,,,Grass]Incineroar||SafetyGoggles|Intimidate|FlareBlitz,KnockOff,PartingShot,FakeOut|||M|||50|,,,,,Ghost
|showteam|p2|Porygon2||Eviolite|Download|TeraBlast,IceBeam,Recover,TrickRoom||||||50|,,,,,Fighting]Ursaluna||FlameOrb|Guts|Facade,Earthquake,HeadlongRush,Protect|||M|||50|,,,,,Ghost]Volcarona||CovertCloak|FlameBody|Overheat,StruggleBug,RagePowder,WillOWisp|||F|||50|,,,,,Fairy]Grimmsnarl||LightClay|Prankster|SpiritBreak,Reflect,LightScreen,Taunt|||M|||50|,,,,,Poison]Flamigo||FocusSash|Scrappy|DualWingbeat,CloseCombat,WideGuard,Detect|||F|||50|,,,,,Ghost]Gholdengo||LifeOrb|GoodasGold|ShadowBall,MakeItRain,NastyPlot,Protect||||||50|,,,,,Dragon
|inactive|Battle timer is ON: inactive players will automatically lose when time's up. (requested by onlyembers)
|c|☆onlyembers|what is a wolfe with a glicky
|inactive|WolfeWithTheGlicky has 60 seconds left.
|
|t:|1756405564
|teamsize|p1|4
|teamsize|p2|4
|start
|switch|p1a: Pelipper|Pelipper, L50, F|100/100
|switch|p1b: Archaludon|Archaludon, L50, M|100/100
|switch|p2a: Flamigo|Flamigo, L50, F|100/100
|switch|p2b: Grimmsnarl|Grimmsnarl, L50, M|100/100
|-weather|RainDance|[from] ability: Drizzle|[of] p1a: Pelipper
|turn|1
|inactive|onlyembers has 30 seconds left.
|
|t:|1756405590
|-terastallize|p1b: Archaludon|Bug
|move|p2b: Grimmsnarl|Light Screen|p2b: Grimmsnarl
|-sidestart|p2: WolfeWithTheGlicky|move: Light Screen
|move|p2a: Flamigo|Dual Wingbeat|p1a: Pelipper
|-damage|p1a: Pelipper|75/100
|-damage|p1a: Pelipper|47/100
|-hitcount|p1a: Pelipper|2
|move|p1a: Pelipper|Hurricane|p2a: Flamigo
|-supereffective|p2a: Flamigo
|-crit|p2a: Flamigo
|-enditem|p2a: Flamigo|Focus Sash
|-damage|p2a: Flamigo|1/100
|-start|p2a: Flamigo|confusion
|move|p1b: Archaludon|Electro Shot||[still]
|-prepare|p1b: Archaludon|Electro Shot
|-boost|p1b: Archaludon|spa|1
|-anim|p1b: Archaludon|Electro Shot|p2a: Flamigo
|-supereffective|p2a: Flamigo
|-damage|p2a: Flamigo|0 fnt
|faint|p2a: Flamigo
|
|-weather|RainDance|[upkeep]
|upkeep
|
|t:|1756405599
|switch|p2a: Gholdengo|Gholdengo, L50|100/100
|turn|2
|
|t:|1756405617
|-terastallize|p2a: Gholdengo|Dragon
|move|p1a: Pelipper|Protect|p1a: Pelipper
|-singleturn|p1a: Pelipper|Protect
|move|p2b: Grimmsnarl|Taunt|p1a: Pelipper
|-activate|p1a: Pelipper|move: Protect
|move|p2a: Gholdengo|Nasty Plot|p2a: Gholdengo
|-boost|p2a: Gholdengo|spa|2
|move|p1b: Archaludon|Electro Shot||[still]
|-prepare|p1b: Archaludon|Electro Shot
|-boost|p1b: Archaludon|spa|1
|-anim|p1b: Archaludon|Electro Shot|p2a: Gholdengo
|-resisted|p2a: Gholdengo
|-damage|p2a: Gholdengo|73/100
|
|-weather|RainDance|[upkeep]
|upkeep
|turn|3
|
|t:|1756405639
|switch|p1a: Incineroar|Incineroar, L50, M|100/100
|-ability|p1a: Incineroar|Intimidate|boost
|-unboost|p2a: Gholdengo|atk|1
|-unboost|p2b: Grimmsnarl|atk|1
|move|p2b: Grimmsnarl|Reflect|p2b: Grimmsnarl
|-sidestart|p2: WolfeWithTheGlicky|Reflect
|move|p2a: Gholdengo|Make It Rain|p1a: Incineroar|[spread] p1a,p1b
|-resisted|p1a: Incineroar
|-damage|p1a: Incineroar|47/100
|-damage|p1b: Archaludon|16/100
|-unboost|p2a: Gholdengo|spa|1
|-ability|p1b: Archaludon|Stamina|boost
|-boost|p1b: Archaludon|def|1
|-damage|p2a: Gholdengo|64/100|[from] item: Life Orb
|move|p1b: Archaludon|Electro Shot||[still]
|-prepare|p1b: Archaludon|Electro Shot
|-boost|p1b: Archaludon|spa|1
|-anim|p1b: Archaludon|Electro Shot|p2a: Gholdengo
|-resisted|p2a: Gholdengo
|-damage|p2a: Gholdengo|30/100
|
|-weather|RainDance|[upkeep]
|upkeep
|turn|4
|inactive|onlyembers has 30 seconds left.
|inactive|onlyembers has 20 seconds left.
|
|t:|1756405674
|move|p2a: Gholdengo|Protect|p2a: Gholdengo
|-singleturn|p2a: Gholdengo|Protect
|move|p1b: Archaludon|Flash Cannon|p2b: Grimmsnarl
|-supereffective|p2b: Grimmsnarl
|-damage|p2b: Grimmsnarl|0 fnt
|faint|p2b: Grimmsnarl
|move|p1a: Incineroar|Knock Off|p2a: Gholdengo
|-activate|p2a: Gholdengo|move: Protect
|
|-weather|RainDance|[upkeep]
|upkeep
|
|t:|1756405684
|switch|p2b: Porygon2|Porygon2, L50|100/100
|-ability|p2b: Porygon2|Download|boost
|-boost|p2b: Porygon2|spa|1
|turn|5
|
|t:|1756405699
|switch|p1a: Pelipper|Pelipper, L50, F|47/100
|move|p2a: Gholdengo|Make It Rain|p1b: Archaludon|[spread] p1a,p1b
|-resisted|p1a: Pelipper
|-damage|p1a: Pelipper|0 fnt
|-damage|p1b: Archaludon|0 fnt
|-unboost|p2a: Gholdengo|spa|1
|faint|p1a: Pelipper
|faint|p1b: Archaludon
|-damage|p2a: Gholdengo|21/100|[from] item: Life Orb
|move|p2b: Porygon2|Tera Blast|p1: Pelipper|[notarget]
|-fail|p2b: Porygon2
|
|-weather|none
|upkeep
|
|t:|1756405713
|switch|p1a: Incineroar|Incineroar, L50, M|47/100
|switch|p1b: Basculegion|Basculegion, L50, M|100/100
|-ability|p1a: Incineroar|Intimidate|boost
|-unboost|p2a: Gholdengo|atk|1
|-unboost|p2b: Porygon2|atk|1
|turn|6
|inactive|WolfeWithTheGlicky has 30 seconds left.
|
|t:|1756405740
|move|p2a: Gholdengo|Protect|p2a: Gholdengo
|-singleturn|p2a: Gholdengo|Protect
|move|p1a: Incineroar|Fake Out|p2b: Porygon2
|-damage|p2b: Porygon2|95/100
|move|p1b: Basculegion|Wave Crash|p2a: Gholdengo
|-activate|p2a: Gholdengo|move: Protect
|cant|p2b: Porygon2|flinch
|
|upkeep
|turn|7
|
|t:|1756405755
|move|p1b: Basculegion|Wave Crash|p2b: Porygon2
|-damage|p2b: Porygon2|60/100
|-damage|p1b: Basculegion|89/100|[from] Recoil
|move|p2a: Gholdengo|Shadow Ball|p1b: Basculegion
|-supereffective|p1b: Basculegion
|-damage|p1b: Basculegion|0 fnt
|faint|p1b: Basculegion
|-damage|p2a: Gholdengo|11/100|[from] item: Life Orb
|move|p1a: Incineroar|Knock Off|p2a: Gholdengo
|-damage|p2a: Gholdengo|0 fnt
|-enditem|p2a: Gholdengo|Life Orb|[from] move: Knock Off|[of] p1a: Incineroar
|faint|p2a: Gholdengo
|move|p2b: Porygon2|Tera Blast|p1a: Incineroar
|-damage|p1a: Incineroar|0 fnt
|faint|p1a: Incineroar
|
|win|WolfeWithTheGlicky
|inactive|onlyembers has 30 seconds to confirm battle start!
|inactive|WolfeWithTheGlicky has 30 seconds to confirm battle start!
||onlyembers is ready for game 2.
||WolfeWithTheGlicky is ready for game 2.
|uhtml|next|Next: Game 2 of 3
