|j|☆super98
|j|☆phonyy1
|html|super98phonyy1    
|uhtml|bestof|Game 3 of a best-of-3
|t:|1785018661
|gametype|doubles
|player|p1|super98|n|1188
|player|p2|phonyy1|n|1128
|gen|9
|tier|[Gen 9 Champions] VGC 2026 Reg M-B (Bo3)
|rated|
|rule|Species Clause: Limit one of each Pokémon
|rule|Item Clause: Limit 1 of each item
|clearpoke
|poke|p1|Emboar, L50, F, shiny|
|poke|p1|Kingambit, L50, F, shiny|
|poke|p1|Cofagrigus, L50, M|
|poke|p1|Vanilluxe, L50, F, shiny|
|poke|p1|Golurk, L50, shiny|
|poke|p1|Whimsicott, L50, M, shiny|
|poke|p2|Charizard, L50, M, shiny|
|poke|p2|Venusaur, L50, M|
|poke|p2|Archaludon, L50, M, shiny|
|poke|p2|Pelipper, L50, F|
|poke|p2|Grimmsnarl, L50, M|
|poke|p2|Basculegion, L50, M|
|teampreview|4
|showteam|p1|Emboar||Emboarite|Reckless|Protect,BulkUp,FlareBlitz,StormThrow|Sassy||F|||50|]Kingambit||OccaBerry|Defiant|IronHead,SuckerPunch,KowtowCleave,Protect|Brave||F|||50|]Cofagrigus||SitrusBerry|Mummy|TrickRoom,BodyPress,WillOWisp,AllySwitch|Relaxed||M|||50|]Vanilluxe||LightClay|SnowWarning|FreezeDry,Blizzard,AuroraVeil,Protect|Quiet||F|||50|]Golurk||Golurkite|NoGuard|Protect,HeadlongRush,Poltergeist,RockSlide|Brave|||||50|]Whimsicott||FocusSash|Prankster|Taunt,Tailwind,Moonblast,Charm|Timid||M|||50|
|showteam|p2|Charizard||CharizarditeY|Blaze|HeatWave,WeatherBall,Protect,SolarBeam|Timid||M|||50|]Venusaur||FocusSash|Chlorophyll|SleepPowder,SludgeBomb,GigaDrain,Protect|Modest||M|||50|]Archaludon||Leftovers|Stamina|ElectroShot,FlashCannon,DragonPulse,Protect|Modest||M|||50|]Pelipper||SitrusBerry|Drizzle|WeatherBall,Hurricane,WideGuard,Tailwind|Modest||F|||50|]Grimmsnarl||LightClay|Prankster|SpiritBreak,Reflect,LightScreen,PartingShot|Careful||M|||50|]Basculegion||ChoiceScarf|Adaptability|LastRespects,WaveCrash,AquaJet,FlipTurn|Jolly||M|||50|
|inactive|Battle timer is ON: inactive players will automatically lose when time's up. (requested by phonyy1)
|
|t:|1785018678
|teamsize|p1|4
|teamsize|p2|4
|start
|switch|p1a: Golurk|Golurk, L50, shiny|100/100
|switch|p1b: Cofagrigus|Cofagrigus, L50, M|100/100
|switch|p2a: Charizard|Charizard, L50, M, shiny|100/100
|switch|p2b: Grimmsnarl|Grimmsnarl, L50, M|100/100
|turn|1
|
|t:|1785018690
|detailschange|p2a: Charizard|Charizard-Mega-Y, L50, M, shiny
|-mega|p2a: Charizard|Charizard|Charizardite Y
|-weather|SunnyDay|[from] ability: Drought|[of] p2a: Charizard
|detailschange|p1a: Golurk|Golurk-Mega, L50, shiny
|-mega|p1a: Golurk|Golurk|Golurkite
|move|p2b: Grimmsnarl|Reflect|p2b: Grimmsnarl
|-sidestart|p2: phonyy1|Reflect
|move|p2a: Charizard|Solar Beam||[still]
|-prepare|p2a: Charizard|Solar Beam
|-anim|p2a: Charizard|Solar Beam|p1a: Golurk
|-supereffective|p1a: Golurk|1
|-damage|p1a: Golurk|14/100
|move|p1a: Golurk|Rock Slide|p2b: Grimmsnarl|[spread] p2a,p2b
|-supereffective|p2a: Charizard|2
|-damage|p2a: Charizard|1/100
|-damage|p2b: Grimmsnarl|84/100
|move|p1b: Cofagrigus|Trick Room|p1b: Cofagrigus
|-fieldstart|move: Trick Room|[of] p1b: Cofagrigus
|
|-weather|SunnyDay|[upkeep]
|upkeep
|turn|2
|
|t:|1785018707
|move|p2a: Charizard|Protect|p2a: Charizard
|-singleturn|p2a: Charizard|Protect
|move|p1b: Cofagrigus|Body Press|p2a: Charizard
|-activate|p2a: Charizard|move: Protect
|move|p1a: Golurk|Headlong Rush|p2b: Grimmsnarl
|-damage|p2b: Grimmsnarl|36/100
|-unboost|p1a: Golurk|def|1
|-unboost|p1a: Golurk|spd|1
|move|p2b: Grimmsnarl|Spirit Break|p1a: Golurk
|-damage|p1a: Golurk|0 fnt
|faint|p1a: Golurk
|
|-weather|SunnyDay|[upkeep]
|upkeep
|
|t:|1785018713
|switch|p1a: Vanilluxe|Vanilluxe, L50, F, shiny|100/100
|-weather|Snowscape|[from] ability: Snow Warning|[of] p1a: Vanilluxe
|turn|3
|
|t:|1785018727
|switch|p2a: Venusaur|Venusaur, L50, M|100/100
|move|p2b: Grimmsnarl|Parting Shot|p1a: Vanilluxe
|-unboost|p1a: Vanilluxe|atk|1
|-unboost|p1a: Vanilluxe|spa|1
|
|t:|1785018733
|switch|p2b: Charizard|Charizard-Mega-Y, L50, M, shiny|1/100|[from] Parting Shot
|-weather|SunnyDay|[from] ability: Drought|[of] p2b: Charizard
|move|p1b: Cofagrigus|Body Press|p2a: Venusaur
|-resisted|p2a: Venusaur|1
|-damage|p2a: Venusaur|87/100
|move|p1a: Vanilluxe|Blizzard|p2b: Charizard|[spread] 
|-miss|p1a: Vanilluxe|p2a: Venusaur
|-miss|p1a: Vanilluxe|p2b: Charizard
|
|-weather|SunnyDay|[upkeep]
|upkeep
|turn|4
|
|t:|1785018753
|move|p2b: Charizard|Protect|p2b: Charizard
|-singleturn|p2b: Charizard|Protect
|move|p1b: Cofagrigus|Body Press|p2b: Charizard
|-activate|p2b: Charizard|move: Protect
|move|p1a: Vanilluxe|Freeze-Dry|p2a: Venusaur
|-supereffective|p2a: Venusaur|1
|-damage|p2a: Venusaur|45/100
|move|p2a: Venusaur|Sleep Powder|p1a: Vanilluxe|[miss]
|-miss|p2a: Venusaur|p1a: Vanilluxe
|
|-weather|SunnyDay|[upkeep]
|upkeep
|turn|5
|
|t:|1785018771
|switch|p2b: Grimmsnarl|Grimmsnarl, L50, M|36/100
|move|p1b: Cofagrigus|Body Press|p2b: Grimmsnarl
|-damage|p2b: Grimmsnarl|17/100
|move|p1a: Vanilluxe|Freeze-Dry|p2a: Venusaur
|-supereffective|p2a: Venusaur|1
|-damage|p2a: Venusaur|0 fnt
|faint|p2a: Venusaur
|
|-weather|SunnyDay|[upkeep]
|-fieldend|move: Trick Room
|upkeep
|
|t:|1785018780
|switch|p2a: Charizard|Charizard-Mega-Y, L50, M, shiny|1/100
|turn|6
|
|t:|1785018790
|move|p1a: Vanilluxe|Protect|p1a: Vanilluxe
|-singleturn|p1a: Vanilluxe|Protect
|move|p2b: Grimmsnarl|Light Screen|p2b: Grimmsnarl
|-sidestart|p2: phonyy1|move: Light Screen
|move|p2a: Charizard|Weather Ball|p1a: Vanilluxe
|-activate|p1a: Vanilluxe|move: Protect
|move|p1b: Cofagrigus|Trick Room|p1b: Cofagrigus
|-fieldstart|move: Trick Room|[of] p1b: Cofagrigus
|
|-weather|SunnyDay|[upkeep]
|upkeep
|turn|7
|
|t:|1785018804
|move|p2a: Charizard|Protect|p2a: Charizard
|-singleturn|p2a: Charizard|Protect
|move|p2b: Grimmsnarl|Parting Shot|p1a: Vanilluxe
|-unboost|p1a: Vanilluxe|atk|1
|-unboost|p1a: Vanilluxe|spa|1
|
|t:|1785018809
|switch|p2b: Basculegion|Basculegion, L50, M|100/100|[from] Parting Shot
|move|p1b: Cofagrigus|Body Press|p2b: Basculegion
|-immune|p2b: Basculegion
|move|p1a: Vanilluxe|Freeze-Dry|p2a: Charizard
|-activate|p2a: Charizard|move: Protect
|
|-weather|none
|upkeep
|turn|8
|
|t:|1785018823
|switch|p2a: Grimmsnarl|Grimmsnarl, L50, M|17/100
|move|p1b: Cofagrigus|Body Press|p2a: Grimmsnarl
|-damage|p2a: Grimmsnarl|0 fnt
|faint|p2a: Grimmsnarl
|move|p1a: Vanilluxe|Freeze-Dry|p2b: Basculegion
|-supereffective|p2b: Basculegion|1
|-damage|p2b: Basculegion|75/100
|move|p2b: Basculegion|Flip Turn|p1b: Cofagrigus
|-damage|p1b: Cofagrigus|72/100
|-activate|p1b: Cofagrigus|ability: Mummy|p2b: Basculegion|[ability] Adaptability
|
|t:|1785018835
|switch|p2b: Charizard|Charizard-Mega-Y, L50, M, shiny|1/100|[from] Flip Turn
|-weather|SunnyDay|[from] ability: Drought|[of] p2b: Charizard
|
|-weather|SunnyDay|[upkeep]
|-sideend|p2: phonyy1|Reflect
|upkeep
|
|t:|1785018841
|switch|p2a: Basculegion|Basculegion, L50, M|75/100
|turn|9
|
|t:|1785018848
|move|p1b: Cofagrigus|Body Press|p2b: Charizard
|-resisted|p2b: Charizard|1
|-damage|p2b: Charizard|0 fnt
|faint|p2b: Charizard
|move|p1a: Vanilluxe|Freeze-Dry|p2a: Basculegion
|-supereffective|p2a: Basculegion|1
|-crit|p2a: Basculegion
|-damage|p2a: Basculegion|0 fnt
|faint|p2a: Basculegion
|
|win|super98
|raw|super98's rating: 1188 → 1209(+21 for winning)
|raw|phonyy1's rating: 1128 → 1107(-21 for losing)
|c|☆super98|gg
|c|☆phonyy1|gg
|l|☆phonyy1
|player|p2|
