|j|☆Mr.CooperCR
|j|☆Eggy’sDad
|html|Mr.CooperCREggy’sDad    
|uhtml|bestof|Game 1 of a best-of-3
|t:|1785201982
|gametype|doubles
|player|p1|Mr.CooperCR|misty|1040
|player|p2|Eggy’sDad|266|1076
|gen|9
|tier|[Gen 9 Champions] VGC 2026 Reg M-B (Bo3)
|rated|
|rule|Species Clause: Limit one of each Pokémon
|rule|Item Clause: Limit 1 of each item
|clearpoke
|poke|p1|Floette-Eternal, L50, F|
|poke|p1|Gholdengo, L50|
|poke|p1|Sinistcha, L50|
|poke|p1|Hydreigon, L50, M|
|poke|p1|Whimsicott, L50, F|
|poke|p1|Staraptor, L50, F|
|poke|p2|Pyroar, L50, F|
|poke|p2|Whimsicott, L50, M|
|poke|p2|Ninetales, L50, M|
|poke|p2|Farigiraf, L50, M|
|poke|p2|Basculegion, L50, M|
|poke|p2|Floette-Eternal, L50, F|
|teampreview|4
|showteam|p1|Floette-Eternal||Floettite|FlowerVeil|Moonblast,DazzlingGleam,LightofRuin,Protect|Timid||F|||50|]Gholdengo||ChoiceScarf|GoodasGold|ShadowBall,MakeItRain,Thunderbolt,PowerGem|Timid|||||50|]Sinistcha||CobaBerry|Hospitality|MatchaGotcha,RagePowder,TrickRoom,Protect|Bold|||||50|]Hydreigon||LifeOrb|Levitate|DracoMeteor,DarkPulse,EarthPower,Protect|Timid||M|||50|]Whimsicott||FocusSash|Prankster|Moonblast,Tailwind,Charm,Protect|Timid||F|||50|]Staraptor||Staraptite|Intimidate|BraveBird,CloseCombat,Tailwind,Protect|Jolly||F|||50|
|showteam|p2|Pyroar||Pyroarite|Unnerve|HeatWave,SolarBeam,Overheat,Protect|Timid||F|||50|]Whimsicott||FocusSash|Prankster|Moonblast,Tailwind,SunnyDay,Protect|Timid||M|||50|]Ninetales||ChoiceScarf|Drought|Overheat,HeatWave,SolarBeam,FakeTears|Modest||M|||50|]Farigiraf||SitrusBerry|ArmorTail|Thunderbolt,TwinBeam,TrickRoom,HelpingHand|Bold||M|||50|]Basculegion||LifeOrb|Adaptability|WaveCrash,LastRespects,AquaJet,Protect|Adamant||M|||50|]Floette-Eternal||Floettite|FlowerVeil|Moonblast,DazzlingGleam,LightofRuin,Protect|Timid||F|||50|
|inactive|Battle timer is ON: inactive players will automatically lose when time's up. (requested by Mr.CooperCR)
|inactive|Eggy’sDad has 60 seconds left.
|inactive|Eggy’sDad has 30 seconds left.
|
|t:|1785202054
|teamsize|p1|4
|teamsize|p2|4
|start
|switch|p1a: Whimsicott|Whimsicott, L50, F|100/100
|switch|p1b: Staraptor|Staraptor, L50, F|100/100
|switch|p2a: Ninetales|Ninetales, L50, M|100/100
|switch|p2b: Pyroar|Pyroar, L50, F|100/100
|-ability|p2b: Pyroar|Unnerve
|-weather|SunnyDay|[from] ability: Drought|[of] p2a: Ninetales
|-ability|p1b: Staraptor|Intimidate|boost
|-unboost|p2a: Ninetales|atk|1
|-unboost|p2b: Pyroar|atk|1
|turn|1
|inactive|Mr.CooperCR has 30 seconds left.
|inactive|Eggy’sDad has 30 seconds left.
|inactive|Mr.CooperCR has 20 seconds left.
|inactive|Mr.CooperCR has 15 seconds left.
|inactive|Mr.CooperCR has 10 seconds left.
|
|t:|1785202101
|switch|p2b: Whimsicott|Whimsicott, L50, M|100/100
|detailschange|p1b: Staraptor|Staraptor-Mega, L50, F
|-mega|p1b: Staraptor|Staraptor|Staraptite
|move|p1a: Whimsicott|Tailwind|p1a: Whimsicott
|-sidestart|p1: Mr.CooperCR|move: Tailwind
|move|p1b: Staraptor|Close Combat|p2b: Whimsicott
|-resisted|p2b: Whimsicott|1
|-damage|p2b: Whimsicott|54/100
|-boost|p1b: Staraptor|def|1
|-boost|p1b: Staraptor|spd|1
|move|p2a: Ninetales|Heat Wave|p1a: Whimsicott|[spread] p1a,p1b
|-supereffective|p1a: Whimsicott|1
|-enditem|p1a: Whimsicott|Focus Sash
|-damage|p1a: Whimsicott|1/100
|-damage|p1b: Staraptor|71/100
|
|-weather|SunnyDay|[upkeep]
|upkeep
|turn|2
|inactive|Eggy’sDad has 30 seconds left.
|inactive|Eggy’sDad has 20 seconds left.
|
|t:|1785202141
|move|p1a: Whimsicott|Charm|p1b: Staraptor
|-boost|p1b: Staraptor|atk|2
|move|p2b: Whimsicott|Tailwind|p2b: Whimsicott
|-sidestart|p2: Eggy’sDad|move: Tailwind
|move|p2a: Ninetales|Heat Wave|p1a: Whimsicott|[spread] p1a,p1b
|-supereffective|p1a: Whimsicott|1
|-damage|p1a: Whimsicott|0 fnt
|-damage|p1b: Staraptor|39/100
|faint|p1a: Whimsicott
|move|p1b: Staraptor|Close Combat|p2a: Ninetales
|-damage|p2a: Ninetales|0 fnt
|-boost|p1b: Staraptor|def|1
|-boost|p1b: Staraptor|spd|1
|faint|p2a: Ninetales
|
|-weather|SunnyDay|[upkeep]
|upkeep
|
|t:|1785202158
|switch|p1a: Gholdengo|Gholdengo, L50|100/100
|switch|p2a: Pyroar|Pyroar, L50, F|100/100
|-ability|p2a: Pyroar|Unnerve
|turn|3
|
|t:|1785202177
|detailschange|p2a: Pyroar|Pyroar-Mega, L50, F
|-mega|p2a: Pyroar|Pyroar|Pyroarite
|move|p1b: Staraptor|Protect|p1b: Staraptor
|-singleturn|p1b: Staraptor|Protect
|move|p1a: Gholdengo|Make It Rain|p2a: Pyroar|[spread] p2a,p2b
|-resisted|p2a: Pyroar|1
|-supereffective|p2b: Whimsicott|1
|-damage|p2a: Pyroar|73/100
|-damage|p2b: Whimsicott|0 fnt
|-unboost|p1a: Gholdengo|spa|2
|faint|p2b: Whimsicott
|move|p2a: Pyroar|Heat Wave|p1b: Staraptor|[spread] p1a
|-activate|p1b: Staraptor|move: Protect
|-supereffective|p1a: Gholdengo|1
|-damage|p1a: Gholdengo|0 fnt
|faint|p1a: Gholdengo
|
|-weather|SunnyDay|[upkeep]
|upkeep
|
|t:|1785202195
|switch|p2b: Basculegion|Basculegion, L50, M|100/100
|switch|p1a: Hydreigon|Hydreigon, L50, M|100/100
|turn|4
|
|t:|1785202210
|move|p2a: Pyroar|Protect|p2a: Pyroar
|-singleturn|p2a: Pyroar|Protect
|move|p2b: Basculegion|Protect|p2b: Basculegion
|-singleturn|p2b: Basculegion|Protect
|move|p1b: Staraptor|Close Combat|p2a: Pyroar
|-activate|p2a: Pyroar|move: Protect
|move|p1a: Hydreigon|Dark Pulse|p2b: Basculegion
|-activate|p2b: Basculegion|move: Protect
|
|-weather|SunnyDay|[upkeep]
|-sideend|p1: Mr.CooperCR|move: Tailwind
|upkeep
|turn|5
|inactive|Eggy’sDad has 30 seconds left.
|
|t:|1785202244
|move|p1b: Staraptor|Protect|p1b: Staraptor
|-singleturn|p1b: Staraptor|Protect
|move|p1a: Hydreigon|Protect|p1a: Hydreigon
|-singleturn|p1a: Hydreigon|Protect
|move|p2a: Pyroar|Overheat|p1a: Hydreigon
|-activate|p1a: Hydreigon|move: Protect
|move|p2b: Basculegion|Last Respects|p1b: Staraptor
|-activate|p1b: Staraptor|move: Protect
|
|-weather|none
|-sideend|p2: Eggy’sDad|move: Tailwind
|upkeep
|turn|6
|
|t:|1785202264
|move|p2a: Pyroar|Overheat|p1a: Hydreigon|[miss]
|-miss|p2a: Pyroar|p1a: Hydreigon
|move|p1b: Staraptor|Close Combat|p2a: Pyroar
|-supereffective|p2a: Pyroar|1
|-damage|p2a: Pyroar|0 fnt
|-boost|p1b: Staraptor|def|1
|-boost|p1b: Staraptor|spd|1
|faint|p2a: Pyroar
|move|p1a: Hydreigon|Dark Pulse|p2b: Basculegion
|-supereffective|p2b: Basculegion|1
|-damage|p2b: Basculegion|0 fnt
|faint|p2b: Basculegion
|-damage|p1a: Hydreigon|90/100|[from] item: Life Orb
|
|win|Mr.CooperCR
||Mr.CooperCR is ready for game 2.
||Eggy’sDad is ready for game 2.
|uhtml|next|Next: Game 2 of 3
|l|☆Mr.CooperCR
|player|p1|
