|j|☆jrojas
|j|☆25th_mang
|html|jrojas25th_mang    
|uhtml|bestof|Game 3 of a best-of-3
|t:|1756870508
|gametype|doubles
|player|p1|jrojas|102|1066
|player|p2|25th_mang|ballguy|1100
|gen|9
|tier|[Gen 9] VGC 2025 Reg H (Bo3)
|rated|
|rule|Species Clause: Limit one of each Pokémon
|rule|Item Clause: Limit 1 of each item
|clearpoke
|poke|p1|Dragonite, L50, M|
|poke|p1|Volcarona, L50, F|
|poke|p1|Sneasler, L50, F|
|poke|p1|Rillaboom, L50, M|
|poke|p1|Electabuzz, L50, F|
|poke|p1|Kingambit, L50, F|
|poke|p2|Pelipper, L50, F|
|poke|p2|Archaludon, L50, F|
|poke|p2|Quaquaval, L50, F|
|poke|p2|Kingambit, L50, F|
|poke|p2|Rillaboom, L50, F|
|poke|p2|Dragapult, L50, F|
|teampreview|4
|showteam|p1|Dragonite||LoadedDice|Multiscale|ScaleShot,ExtremeSpeed,Haze,Protect|||M|||50|,,,,,Fairy]Volcarona||CovertCloak|FlameBody|HeatWave,TeraBlast,QuiverDance,Protect|||F|||50|,,,,,Fairy]Sneasler||FocusSash|Unburden|CloseCombat,DireClaw,Coaching,FakeOut|||F|||50|,,,,,Ghost]Rillaboom||MiracleSeed|GrassySurge|WoodHammer,GrassyGlide,HighHorsepower,FakeOut|||M|||50|,,,,,Fire]Electabuzz||Eviolite|VitalSpirit|Thunderbolt,FollowMe,Taunt,Protect|||F|||50|,,,,,Dragon]Kingambit||AssaultVest|Defiant|KowtowCleave,SuckerPunch,IronHead,TeraBlast|||F|||50|,,,,,Flying
|showteam|p2|Pelipper||ChoiceScarf|Drizzle|Hurricane,WeatherBall,Tailwind,Uturn|||F|||50|,,,,,Ghost]Archaludon||ChoiceSpecs|Sturdy|ElectroShot,FlashCannon,DracoMeteor,DragonPulse|||F|||50|,,,,,Electric]Quaquaval||FocusSash|Moxie|AquaStep,UpperHand,CloseCombat,Protect|||F|||50|,,,,,Water]Kingambit||BlackGlasses|Defiant|KowtowCleave,SuckerPunch,IronHead,Protect|||F|||50|,,,,,Dark]Rillaboom||AssaultVest|GrassySurge|FakeOut,WoodHammer,GrassyGlide,Uturn|||F|||50|,,,,,Fire]Dragapult||ChoiceBand|ClearBody|DragonDarts,Outrage,PhantomForce,Uturn|||F|||50|,,,,,Dragon
|inactive|Battle timer is ON: inactive players will automatically lose when time's up. (requested by 25th_mang)
|inactive|jrojas has 60 seconds left.
|
|t:|1756870560
|teamsize|p1|4
|teamsize|p2|4
|start
|switch|p1a: Kingambit|Kingambit, L50, F|100/100
|switch|p1b: Sneasler|Sneasler, L50, F|100/100
|switch|p2a: dahyun|Pelipper, L50, F|100/100
|switch|p2b: jihyo|Rillaboom, L50, F, shiny|100/100
|-weather|RainDance|[from] ability: Drizzle|[of] p2a: dahyun
|-fieldstart|move: Grassy Terrain|[from] ability: Grassy Surge|[of] p2b: jihyo
|turn|1
|inactive|jrojas has 30 seconds left.
|inactive|25th_mang has 30 seconds left.
|inactive|25th_mang has 20 seconds left.
|
|t:|1756870599
|move|p2a: dahyun|Weather Ball|p1a: Kingambit
|-damage|p1a: Kingambit|55/100
|move|p1b: Sneasler|Coaching|p1a: Kingambit
|-boost|p1a: Kingambit|atk|1
|-boost|p1a: Kingambit|def|1
|move|p2b: jihyo|U-turn|p1a: Kingambit
|-damage|p1a: Kingambit|43/100
|
|t:|1756870611
|switch|p2b: momo|Quaquaval, L50, F, shiny|100/100|[from] U-turn
|move|p1a: Kingambit|Kowtow Cleave|p2b: momo
|-resisted|p2b: momo
|-damage|p2b: momo|48/100
|
|-weather|RainDance|[upkeep]
|-heal|p2b: momo|54/100|[from] Grassy Terrain
|-heal|p1a: Kingambit|49/100|[from] Grassy Terrain
|upkeep
|turn|2
|inactive|jrojas has 30 seconds left.
|
|t:|1756870641
|move|p2b: momo|Protect|p2b: momo
|-singleturn|p2b: momo|Protect
|move|p1a: Kingambit|Sucker Punch|p2a: dahyun
|-damage|p2a: dahyun|23/100
|move|p2a: dahyun|Weather Ball|p1a: Kingambit
|-damage|p1a: Kingambit|6/100
|move|p1b: Sneasler|Dire Claw|p2b: momo
|-activate|p2b: momo|move: Protect
|
|-weather|RainDance|[upkeep]
|-heal|p2b: momo|60/100|[from] Grassy Terrain
|-heal|p1a: Kingambit|12/100|[from] Grassy Terrain
|upkeep
|turn|3
|
|t:|1756870665
|move|p2b: momo|Upper Hand|p1a: Kingambit
|-supereffective|p1a: Kingambit
|-damage|p1a: Kingambit|0 fnt
|faint|p1a: Kingambit
|-ability|p2b: momo|Moxie|boost
|-boost|p2b: momo|atk|1
|move|p2a: dahyun|Weather Ball|p1b: Sneasler
|-damage|p1b: Sneasler|5/100
|move|p1b: Sneasler|Dire Claw|p2b: momo
|-crit|p2b: momo
|-damage|p2b: momo|0 fnt
|faint|p2b: momo
|
|-weather|RainDance|[upkeep]
|-heal|p1b: Sneasler|11/100|[from] Grassy Terrain
|upkeep
|
|t:|1756870682
|switch|p2b: jihyo|Rillaboom, L50, F, shiny|100/100
|switch|p1a: Rillaboom|Rillaboom, L50, M|100/100
|turn|4
|
|t:|1756870697
|switch|p1b: Electabuzz|Electabuzz, L50, F|100/100
|-terastallize|p2a: dahyun|Ghost
|move|p1a: Rillaboom|Grassy Glide|p2a: dahyun
|-damage|p2a: dahyun|0 fnt
|faint|p2a: dahyun
|move|p2b: jihyo|U-turn|p1a: Rillaboom
|-supereffective|p1a: Rillaboom
|-damage|p1a: Rillaboom|54/100
|
|t:|1756870708
|switch|p2b: tzuyu|Archaludon, L50, F, shiny|100/100|[from] U-turn
|
|-weather|RainDance|[upkeep]
|-heal|p1a: Rillaboom|60/100|[from] Grassy Terrain
|upkeep
|
|t:|1756870717
|switch|p2a: jihyo|Rillaboom, L50, F, shiny|100/100
|turn|5
|inactive|25th_mang has 30 seconds left.
|
|t:|1756870744
|move|p2a: jihyo|Fake Out|p1a: Rillaboom
|-damage|p1a: Rillaboom|46/100
|move|p1b: Electabuzz|Follow Me|p1b: Electabuzz
|-singleturn|p1b: Electabuzz|move: Follow Me
|move|p2b: tzuyu|Dragon Pulse|p1b: Electabuzz
|-damage|p1b: Electabuzz|53/100
|cant|p1a: Rillaboom|flinch
|
|-weather|none
|-heal|p1b: Electabuzz|59/100|[from] Grassy Terrain
|-heal|p1a: Rillaboom|52/100|[from] Grassy Terrain
|-fieldend|move: Grassy Terrain
|upkeep
|turn|6
|
|t:|1756870760
|move|p1b: Electabuzz|Follow Me|p1b: Electabuzz
|-singleturn|p1b: Electabuzz|move: Follow Me
|move|p2b: tzuyu|Dragon Pulse|p1b: Electabuzz
|-damage|p1b: Electabuzz|12/100
|move|p1a: Rillaboom|High Horsepower|p2b: tzuyu
|-supereffective|p2b: tzuyu
|-damage|p2b: tzuyu|43/100
|move|p2a: jihyo|U-turn|p1b: Electabuzz
|-damage|p1b: Electabuzz|0 fnt
|faint|p1b: Electabuzz
|
|upkeep
|
|t:|1756870771
|switch|p1b: Sneasler|Sneasler, L50, F|11/100
|turn|7
|inactive|jrojas has 30 seconds left.
|
|t:|1756870797
|move|p1b: Sneasler|Dire Claw|p2a: jihyo
|-supereffective|p2a: jihyo
|-damage|p2a: jihyo|11/100
|-status|p2a: jihyo|psn
|move|p2b: tzuyu|Dragon Pulse|p1a: Rillaboom
|-damage|p1a: Rillaboom|0 fnt
|faint|p1a: Rillaboom
|move|p2a: jihyo|U-turn|p1b: Sneasler
|-resisted|p1b: Sneasler
|-damage|p1b: Sneasler|0 fnt
|faint|p1b: Sneasler
|
|win|25th_mang
|raw|jrojas's rating: 1066 → 1048(-18 for losing)
|raw|25th_mang's rating: 1100 → 1123(+23 for winning)
|l|☆jrojas
|player|p1|
