|j|☆Chochito Pelao
|j|☆l nova nick l
|html|Chochito Pelaol nova nick l    
|uhtml|bestof|Game 2 of a best-of-3
|t:|1784914892
|gametype|doubles
|player|p1|Chochito Pelao|striker|1169
|player|p2|l nova nick l|infielder|1074
|gen|9
|tier|[Gen 9 Champions] VGC 2026 Reg M-B (Bo3)
|rated|
|rule|Species Clause: Limit one of each Pokémon
|rule|Item Clause: Limit 1 of each item
|clearpoke
|poke|p1|Incineroar, L50, M|
|poke|p1|Sinistcha-Masterpiece, L50, shiny|
|poke|p1|Floette-Eternal, L50, F|
|poke|p1|Kingambit, L50, F|
|poke|p1|Sneasler, L50, M|
|poke|p1|Delphox, L50, F, shiny|
|poke|p2|Chesnaught, L50, F|
|poke|p2|Orthworm, L50, F|
|poke|p2|Farigiraf, L50, F|
|poke|p2|Aerodactyl, L50, F|
|poke|p2|Floette-Eternal, L50, F|
|poke|p2|Kangaskhan, L50, F|
|teampreview|4
|showteam|p1|Incineroar||SitrusBerry|Intimidate|FakeOut,PartingShot,ThroatChop,FlareBlitz|Careful||M|||50|]Sinistcha-Masterpiece||ColburBerry|Hospitality|MatchaGotcha,LifeDew,RagePowder,TrickRoom|Bold|||||50|]Floette-Eternal||Floettite|FlowerVeil|Moonblast,DazzlingGleam,CalmMind,Protect|Modest||F|||50|]Kingambit||BlackGlasses|Defiant|KowtowCleave,SuckerPunch,SwordsDance,Protect|Adamant||F|||50|]Sneasler||FocusSash|PoisonTouch|FakeOut,CloseCombat,DireClaw,QuickGuard|Jolly||M|||50|]Delphox||Delphoxite|Blaze|HeatWave,Psyshock,NastyPlot,Protect|Timid||F|||50|
|showteam|p2|Chesnaught||Chesnaughtite|Bulletproof|BodyPress,BulkUp,KnockOff,SeedBomb|Adamant||F|||50|]Orthworm||SitrusBerry|EarthEater|IronDefense,ShedTail,BodyPress,IronHead|Careful||F|||50|]Farigiraf||Leftovers|ArmorTail|TrickRoom,TwinBeam,HyperVoice,Protect|Bold||F|||50|]Aerodactyl||FocusSash|Unnerve|DualWingbeat,Protect,RockSlide,Tailwind|Jolly||F|||50|]Floette-Eternal||Floettite|FlowerVeil|Moonblast,DazzlingGleam,Protect,CalmMind|Modest||F|||50|]Kangaskhan||SilkScarf|Scrappy|FakeOut,BodySlam,Protect,DrainPunch|Jolly||F|||50|
|inactive|Battle timer is ON: inactive players will automatically lose when time's up. (requested by l nova nick l)
|inactive|Chochito Pelao has 60 seconds left.
|inactive|l nova nick l has 60 seconds left.
|inactive|Chochito Pelao has 30 seconds left.
|inactive|Chochito Pelao has 20 seconds left.
|
|t:|1784914962
|teamsize|p1|4
|teamsize|p2|4
|start
|switch|p1a: Incineroar|Incineroar, L50, M|100/100
|switch|p1b: Delphox|Delphox, L50, F, shiny|100/100
|switch|p2a: Aerodactyl|Aerodactyl, L50, F|100/100
|switch|p2b: Kangaskhan|Kangaskhan, L50, F|100/100
|-ability|p2a: Aerodactyl|Unnerve
|-ability|p1a: Incineroar|Intimidate|boost
|-unboost|p2a: Aerodactyl|atk|1
|-fail|p2b: Kangaskhan|unboost|Attack|[from] ability: Scrappy|[of] p2b: Kangaskhan
|turn|1
|
|t:|1784914982
|move|p1b: Delphox|Protect|p1b: Delphox
|-singleturn|p1b: Delphox|Protect
|move|p2b: Kangaskhan|Fake Out|p1b: Delphox
|-activate|p1b: Delphox|move: Protect
|move|p2a: Aerodactyl|Tailwind|p2a: Aerodactyl
|-sidestart|p2: l nova nick l|move: Tailwind
|move|p1a: Incineroar|Parting Shot|p2b: Kangaskhan
|-unboost|p2b: Kangaskhan|atk|1
|-unboost|p2b: Kangaskhan|spa|1
|
|t:|1784914989
|switch|p1a: Sneasler|Sneasler, L50, M|100/100|[from] Parting Shot
|
|upkeep
|turn|2
|
|t:|1784915005
|detailschange|p1b: Delphox|Delphox-Mega, L50, F, shiny
|-mega|p1b: Delphox|Delphox|Delphoxite
|move|p2a: Aerodactyl|Protect|p2a: Aerodactyl
|-singleturn|p2a: Aerodactyl|Protect
|move|p1a: Sneasler|Fake Out|p2a: Aerodactyl
|-activate|p2a: Aerodactyl|move: Protect
|move|p2b: Kangaskhan|Body Slam|p1b: Delphox
|-damage|p1b: Delphox|62/100
|-status|p1b: Delphox|par
|move|p1b: Delphox|Nasty Plot|p1b: Delphox
|-boost|p1b: Delphox|spa|2
|
|upkeep
|turn|3
|
|t:|1784915019
|switch|p1a: Incineroar|Incineroar, L50, M|100/100
|-ability|p1a: Incineroar|Intimidate|boost
|-unboost|p2a: Aerodactyl|atk|1
|-fail|p2b: Kangaskhan|unboost|Attack|[from] ability: Scrappy|[of] p2b: Kangaskhan
|move|p1b: Delphox|Protect|p1b: Delphox
|-singleturn|p1b: Delphox|Protect
|move|p2a: Aerodactyl|Dual Wingbeat|p1a: Incineroar
|-damage|p1a: Incineroar|90/100
|-damage|p1a: Incineroar|81/100
|-hitcount|p1a: Incineroar|2
|move|p2b: Kangaskhan|Body Slam|p1b: Delphox
|-activate|p1b: Delphox|move: Protect
|
|upkeep
|turn|4
|
|t:|1784915043
|switch|p2b: Orthworm|Orthworm, L50, F|100/100
|move|p2a: Aerodactyl|Protect|p2a: Aerodactyl
|-singleturn|p2a: Aerodactyl|Protect
|move|p1b: Delphox|Heat Wave|p2b: Orthworm|[spread] p2b
|-activate|p2a: Aerodactyl|move: Protect
|-supereffective|p2b: Orthworm|1
|-damage|p2b: Orthworm|0 fnt
|faint|p2b: Orthworm
|move|p1a: Incineroar|Parting Shot|p2a: Aerodactyl
|-activate|p2a: Aerodactyl|move: Protect
|
|-sideend|p2: l nova nick l|move: Tailwind
|upkeep
|
|t:|1784915053
|switch|p2b: Kangaskhan|Kangaskhan, L50, F|100/100
|turn|5
|
|t:|1784915063
|switch|p2a: Chesnaught|Chesnaught, L50, F|100/100
|switch|p1a: Sinistcha|Sinistcha-Masterpiece, L50, shiny|100/100
|-heal|p1b: Delphox|87/100 par|[from] ability: Hospitality|[of] p1a: Sinistcha
|move|p1b: Delphox|Protect|p1b: Delphox
|-singleturn|p1b: Delphox|Protect
|move|p2b: Kangaskhan|Fake Out|p1a: Sinistcha
|-damage|p1a: Sinistcha|81/100
|
|upkeep
|turn|6
|inactive|l nova nick l has 30 seconds left.
|inactive|l nova nick l has 20 seconds left.
|
|t:|1784915099
|switch|p1a: Incineroar|Incineroar, L50, M|81/100
|-ability|p1a: Incineroar|Intimidate|boost
|-unboost|p2a: Chesnaught|atk|1
|-fail|p2b: Kangaskhan|unboost|Attack|[from] ability: Scrappy|[of] p2b: Kangaskhan
|detailschange|p2a: Chesnaught|Chesnaught-Mega, L50, F
|-mega|p2a: Chesnaught|Chesnaught|Chesnaughtite
|move|p2b: Kangaskhan|Body Slam|p1b: Delphox
|-damage|p1b: Delphox|28/100 par
|move|p1b: Delphox|Heat Wave|p2a: Chesnaught|[spread] p2b
|-miss|p1b: Delphox|p2a: Chesnaught
|-damage|p2b: Kangaskhan|12/100
|move|p2a: Chesnaught|Knock Off|p1b: Delphox
|-supereffective|p1b: Delphox|1
|-damage|p1b: Delphox|0 fnt
|faint|p1b: Delphox
|
|upkeep
|
|t:|1784915115
|switch|p1b: Sneasler|Sneasler, L50, M|100/100
|turn|7
|
|t:|1784915139
|switch|p2a: Aerodactyl|Aerodactyl, L50, F|100/100
|-ability|p2a: Aerodactyl|Unnerve
|move|p2b: Kangaskhan|Protect|p2b: Kangaskhan
|-singleturn|p2b: Kangaskhan|Protect
|move|p1b: Sneasler|Dire Claw|p2a: Aerodactyl
|-resisted|p2a: Aerodactyl|1
|-damage|p2a: Aerodactyl|67/100
|move|p1a: Incineroar|Parting Shot|p2b: Kangaskhan
|-activate|p2b: Kangaskhan|move: Protect
|
|upkeep
|turn|8
|
|t:|1784915155
|switch|p1b: Sinistcha|Sinistcha-Masterpiece, L50, shiny|81/100
|-heal|p1a: Incineroar|100/100|[from] ability: Hospitality|[of] p1b: Sinistcha
|move|p2a: Aerodactyl|Tailwind|p2a: Aerodactyl
|-sidestart|p2: l nova nick l|move: Tailwind
|move|p2b: Kangaskhan|Drain Punch|p1a: Incineroar
|-supereffective|p1a: Incineroar|1
|-damage|p1a: Incineroar|57/100
|-heal|p2b: Kangaskhan|35/100|[from] drain|[of] p1a: Incineroar
|move|p1a: Incineroar|Parting Shot|p2a: Aerodactyl
|-unboost|p2a: Aerodactyl|atk|1
|-unboost|p2a: Aerodactyl|spa|1
|
|t:|1784915162
|switch|p1a: Sneasler|Sneasler, L50, M|100/100|[from] Parting Shot
|
|upkeep
|turn|9
|
|t:|1784915182
|move|p1a: Sneasler|Fake Out|p2b: Kangaskhan
|-damage|p2b: Kangaskhan|18/100
|move|p2a: Aerodactyl|Dual Wingbeat|p1a: Sneasler
|-supereffective|p1a: Sneasler|1
|-damage|p1a: Sneasler|56/100
|-supereffective|p1a: Sneasler|1
|-damage|p1a: Sneasler|18/100
|-hitcount|p1a: Sneasler|2
|cant|p2b: Kangaskhan|flinch
|move|p1b: Sinistcha|Trick Room|p1b: Sinistcha
|-fieldstart|move: Trick Room|[of] p1b: Sinistcha
|
|upkeep
|turn|10
|
|t:|1784915206
|move|p2b: Kangaskhan|Protect|p2b: Kangaskhan
|-singleturn|p2b: Kangaskhan|Protect
|move|p1b: Sinistcha|Matcha Gotcha|p2b: Kangaskhan|[spread] 
|-activate|p2b: Kangaskhan|move: Protect
|-miss|p1b: Sinistcha|p2a: Aerodactyl
|move|p1a: Sneasler|Close Combat|p2a: Aerodactyl
|-damage|p2a: Aerodactyl|0 fnt
|-unboost|p1a: Sneasler|def|1
|-unboost|p1a: Sneasler|spd|1
|faint|p2a: Aerodactyl
|
|upkeep
|
|t:|1784915211
|switch|p2a: Chesnaught|Chesnaught-Mega, L50, F|100/100
|turn|11
|
|t:|1784915231
|switch|p1a: Incineroar|Incineroar, L50, M|57/100
|-ability|p1a: Incineroar|Intimidate|boost
|-unboost|p2a: Chesnaught|atk|1
|-fail|p2b: Kangaskhan|unboost|Attack|[from] ability: Scrappy|[of] p2b: Kangaskhan
|move|p1b: Sinistcha|Matcha Gotcha|p2b: Kangaskhan|[spread] p2a,p2b
|-resisted|p2a: Chesnaught|1
|-damage|p2a: Chesnaught|90/100
|-heal|p1b: Sinistcha|86/100|[from] drain|[of] p2a: Chesnaught
|-damage|p2b: Kangaskhan|0 fnt
|-heal|p1b: Sinistcha|96/100|[from] drain|[of] p2b: Kangaskhan
|faint|p2b: Kangaskhan
|move|p2a: Chesnaught|Bulk Up|p2a: Chesnaught
|-boost|p2a: Chesnaught|atk|1
|-boost|p2a: Chesnaught|def|1
|
|-sideend|p2: l nova nick l|move: Tailwind
|upkeep
|turn|12
|
|t:|1784915252
|move|p1a: Incineroar|Fake Out|p2a: Chesnaught
|-damage|p2a: Chesnaught|86/100
|cant|p2a: Chesnaught|flinch
|move|p1b: Sinistcha|Trick Room|p1b: Sinistcha
|-fieldend|move: Trick Room
|
|upkeep
|turn|13
|
|t:|1784915262
|move|p1a: Incineroar|Flare Blitz|p2a: Chesnaught
|-supereffective|p2a: Chesnaught|1
|-damage|p2a: Chesnaught|51/100
|-damage|p1a: Incineroar|46/100|[from] Recoil
|-enditem|p1a: Incineroar|Sitrus Berry|[eat]
|-heal|p1a: Incineroar|71/100|[from] item: Sitrus Berry
|move|p1b: Sinistcha|Matcha Gotcha|p2a: Chesnaught
|-resisted|p2a: Chesnaught|1
|-damage|p2a: Chesnaught|38/100
|-heal|p1b: Sinistcha|100/100|[from] drain|[of] p2a: Chesnaught
|move|p2a: Chesnaught|Body Press|p1a: Incineroar
|-supereffective|p1a: Incineroar|1
|-damage|p1a: Incineroar|0 fnt
|faint|p1a: Incineroar
|
|upkeep
|
|t:|1784915274
|switch|p1a: Sneasler|Sneasler, L50, M|18/100
|turn|14
|
|t:|1784915280
|move|p1a: Sneasler|Fake Out|p2a: Chesnaught
|-damage|p2a: Chesnaught|32/100
|move|p1b: Sinistcha|Matcha Gotcha|p2a: Chesnaught
|-resisted|p2a: Chesnaught|1
|-damage|p2a: Chesnaught|18/100
|cant|p2a: Chesnaught|flinch
|
|upkeep
|turn|15
|
|t:|1784915290
|move|p1a: Sneasler|Dire Claw|p2a: Chesnaught
|-supereffective|p2a: Chesnaught|1
|-damage|p2a: Chesnaught|0 fnt
|faint|p2a: Chesnaught
|
|win|Chochito Pelao
