|j|☆eviovulpix
|j|☆franciscochambel
|html|eviovulpixfranciscochambel    
|uhtml|bestof|Game 2 of a best-of-3
|t:|1784135598
|gametype|doubles
|player|p1|eviovulpix|2|
|player|p2|franciscochambel|cynthia|
|gen|9
|tier|[Gen 9 Champions] VGC 2026 Reg M-B (Bo3)
|rule|Species Clause: Limit one of each Pokémon
|rule|Item Clause: Limit 1 of each item
|clearpoke
|poke|p1|Blaziken, L50, M, shiny|
|poke|p1|Whimsicott, L50, F, shiny|
|poke|p1|Kingambit, L50, M, shiny|
|poke|p1|Basculegion, L50, M, shiny|
|poke|p1|Sylveon, L50, M, shiny|
|poke|p1|Raichu, L50, M, shiny|
|poke|p2|Staraptor, L50, M|
|poke|p2|Metagross, L50, shiny|
|poke|p2|Basculegion, L50, M, shiny|
|poke|p2|Garchomp, L50, M|
|poke|p2|Incineroar, L50, M|
|poke|p2|Whimsicott, L50, F|
|teampreview|4
|showteam|p1|Blaziken||Blazikenite|SpeedBoost|FlareBlitz,CloseCombat,Protect,RockSlide|Adamant||M|||50|]Whimsicott||FocusSash|Prankster|Moonblast,Tailwind,Encore,Protect|Timid||F|||50|]Kingambit||LifeOrb|Defiant|KowtowCleave,Protect,IronHead,SuckerPunch|Adamant||M|||50|]Basculegion||ChoiceScarf|Adaptability|WaveCrash,FlipTurn,LastRespects,AquaJet|Jolly||M|||50|]Sylveon||FairyFeather|Pixilate|HyperVoice,Moonblast,HelpingHand,Protect|Modest||M|||50|]Raichu||RaichuniteY|LightningRod|ZapCannon,FocusBlast,GrassKnot,Protect|Timid||M|||50|
|showteam|p2|Staraptor||Staraptite|Intimidate|CloseCombat,Roost,BraveBird,Protect|Jolly||M|||50|]Metagross||Metagrossite|ClearBody|Protect,IronHead,BodyPress,PsychicFangs|Adamant|||||50|]Basculegion||MysticWater|Adaptability|Protect,LastRespects,WaveCrash,AquaJet|Jolly||M|||50|]Garchomp||LifeOrb|RoughSkin|Protect,Earthquake,DragonClaw,RockSlide|Jolly||M|||50|]Incineroar||SitrusBerry|Intimidate|FakeOut,ThroatChop,FlareBlitz,PartingShot|Jolly||M|||50|]Whimsicott||FocusSash|Prankster|Moonblast,Charm,Encore,Tailwind|Timid||F|||50|
|inactive|Battle timer is ON: inactive players will automatically lose when time's up. (requested by franciscochambel)
|
|t:|1784135625
|teamsize|p1|4
|teamsize|p2|4
|start
|switch|p1a: Whimsicott|Whimsicott, L50, F, shiny|100/100
|switch|p1b: Raichu|Raichu, L50, M, shiny|100/100
|switch|p2a: Whimsicott|Whimsicott, L50, F|100/100
|switch|p2b: Staraptor|Staraptor, L50, M|100/100
|-ability|p2b: Staraptor|Intimidate|boost
|-unboost|p1a: Whimsicott|atk|1
|-unboost|p1b: Raichu|atk|1
|turn|1
|inactive|franciscochambel has 30 seconds left.
|
|t:|1784135659
|detailschange|p1b: Raichu|Raichu-Mega-Y, L50, M, shiny
|-mega|p1b: Raichu|Raichu|Raichunite Y
|detailschange|p2b: Staraptor|Staraptor-Mega, L50, M
|-mega|p2b: Staraptor|Staraptor|Staraptite
|move|p2b: Staraptor|Protect|p2b: Staraptor
|-singleturn|p2b: Staraptor|Protect
|move|p2a: Whimsicott|Tailwind|p2a: Whimsicott
|-sidestart|p2: franciscochambel|move: Tailwind
|move|p1a: Whimsicott|Tailwind|p1a: Whimsicott
|-sidestart|p1: eviovulpix|move: Tailwind
|move|p1b: Raichu|Zap Cannon|p2b: Staraptor
|-activate|p2b: Staraptor|move: Protect
|
|upkeep
|turn|2
|
|t:|1784135683
|switch|p2b: Garchomp|Garchomp, L50, M|100/100
|move|p1a: Whimsicott|Encore||[still]
|-fail|p1a: Whimsicott
|move|p2a: Whimsicott|Encore|p1b: Raichu
|-start|p1b: Raichu|Encore
|move|p1b: Raichu|Zap Cannon|p2a: Whimsicott
|-resisted|p2a: Whimsicott|1
|-damage|p2a: Whimsicott|55/100
|-status|p2a: Whimsicott|par
|
|upkeep
|turn|3
|
|t:|1784135704
|switch|p1b: Sylveon|Sylveon, L50, M, shiny|100/100
|switch|p2a: Staraptor|Staraptor-Mega, L50, M|100/100
|move|p1a: Whimsicott|Encore||[still]
|-fail|p1a: Whimsicott
|move|p2b: Garchomp|Earthquake|p1a: Whimsicott|[spread] p1a,p1b
|-immune|p2a: Staraptor
|-resisted|p1a: Whimsicott|1
|-damage|p1a: Whimsicott|59/100
|-damage|p1b: Sylveon|42/100
|-damage|p2b: Garchomp|90/100|[from] item: Life Orb
|
|upkeep
|turn|4
|inactive|franciscochambel has 30 seconds left.
|
|t:|1784135735
|move|p1a: Whimsicott|Protect|p1a: Whimsicott
|-singleturn|p1a: Whimsicott|Protect
|move|p1b: Sylveon|Protect|p1b: Sylveon
|-singleturn|p1b: Sylveon|Protect
|move|p2a: Staraptor|Close Combat|p1a: Whimsicott
|-activate|p1a: Whimsicott|move: Protect
|move|p2b: Garchomp|Earthquake|p1b: Sylveon|[spread] 
|-activate|p1a: Whimsicott|move: Protect
|-activate|p1b: Sylveon|move: Protect
|-immune|p2a: Staraptor
|
|-sideend|p1: eviovulpix|move: Tailwind
|-sideend|p2: franciscochambel|move: Tailwind
|upkeep
|turn|5
|inactive|franciscochambel has 30 seconds left.
|
|t:|1784135769
|switch|p2a: Whimsicott|Whimsicott, L50, F|55/100 par
|move|p2b: Garchomp|Protect|p2b: Garchomp
|-singleturn|p2b: Garchomp|Protect
|move|p1a: Whimsicott|Tailwind|p1a: Whimsicott
|-sidestart|p1: eviovulpix|move: Tailwind
|move|p1b: Sylveon|Hyper Voice|p2b: Garchomp|[spread] p2a
|-activate|p2b: Garchomp|move: Protect
|-damage|p2a: Whimsicott|0 fnt
|faint|p2a: Whimsicott
|
|upkeep
|
|t:|1784135781
|switch|p2a: Incineroar|Incineroar, L50, M|100/100
|-ability|p2a: Incineroar|Intimidate|boost
|-unboost|p1a: Whimsicott|atk|1
|-unboost|p1b: Sylveon|atk|1
|turn|6
|
|t:|1784135794
|move|p1b: Sylveon|Protect|p1b: Sylveon
|-singleturn|p1b: Sylveon|Protect
|move|p2a: Incineroar|Fake Out|p1b: Sylveon
|-activate|p1b: Sylveon|move: Protect
|move|p1a: Whimsicott|Moonblast|p2b: Garchomp
|-supereffective|p2b: Garchomp|1
|-damage|p2b: Garchomp|14/100
|move|p2b: Garchomp|Rock Slide|p1a: Whimsicott|[spread] p1a
|-activate|p1b: Sylveon|move: Protect
|-damage|p1a: Whimsicott|21/100
|-damage|p2b: Garchomp|4/100|[from] item: Life Orb
|
|upkeep
|turn|7
|inactive|franciscochambel has 30 seconds left.
|
|t:|1784135823
|move|p2b: Garchomp|Protect|p2b: Garchomp
|-singleturn|p2b: Garchomp|Protect
|move|p1a: Whimsicott|Moonblast|p2a: Incineroar
|-damage|p2a: Incineroar|65/100
|move|p1b: Sylveon|Hyper Voice|p2b: Garchomp|[spread] p2a
|-activate|p2b: Garchomp|move: Protect
|-damage|p2a: Incineroar|19/100
|-enditem|p2a: Incineroar|Sitrus Berry|[eat]
|-heal|p2a: Incineroar|44/100|[from] item: Sitrus Berry
|move|p2a: Incineroar|Flare Blitz|p1a: Whimsicott
|-supereffective|p1a: Whimsicott|1
|-damage|p1a: Whimsicott|0 fnt
|faint|p1a: Whimsicott
|-damage|p2a: Incineroar|38/100|[from] Recoil
|
|upkeep
|
|t:|1784135837
|switch|p1a: Raichu|Raichu-Mega-Y, L50, M, shiny|100/100
|turn|8
|
|t:|1784135853
|switch|p2b: Staraptor|Staraptor-Mega, L50, M|100/100
|move|p1a: Raichu|Zap Cannon|p2a: Incineroar
|-damage|p2a: Incineroar|0 fnt
|faint|p2a: Incineroar
|move|p1b: Sylveon|Hyper Voice|p2b: Staraptor
|-supereffective|p2b: Staraptor|1
|-damage|p2b: Staraptor|0 fnt
|faint|p2b: Staraptor
|
|-sideend|p1: eviovulpix|move: Tailwind
|upkeep
|c|☆franciscochambel|gg
|c|☆eviovulpix|gg
|
|t:|1784135865
|switch|p2b: Garchomp|Garchomp, L50, M|4/100
|turn|9
|
|t:|1784135872
|move|p1b: Sylveon|Helping Hand|p1a: Raichu
|-singleturn|p1a: Raichu|Helping Hand|[of] p1b: Sylveon
|move|p1a: Raichu|Focus Blast|p2b: Garchomp
|-damage|p2b: Garchomp|0 fnt
|faint|p2b: Garchomp
|
|win|eviovulpix
|l|☆franciscochambel
|player|p2|
