|j|☆BiomboVGC
|j|☆dollartreehero
|html|BiomboVGCdollartreehero    
|uhtml|bestof|Game 2 of a best-of-3
|t:|1755566101
|gametype|doubles
|player|p1|BiomboVGC|will|1345
|player|p2|dollartreehero|bugcatcher-gen4dp|1262
|gen|9
|tier|[Gen 9] VGC 2025 Reg H (Bo3)
|rated|
|rule|Species Clause: Limit one of each Pokémon
|rule|Item Clause: Limit 1 of each item
|clearpoke
|poke|p1|Maushold-Four, L50|
|poke|p1|Annihilape, L50, F|
|poke|p1|Rillaboom, L50, M|
|poke|p1|Gholdengo, L50|
|poke|p1|Talonflame, L50, M|
|poke|p1|Gallade, L50, M|
|poke|p2|Tyranitar, L50, M|
|poke|p2|Excadrill, L50, F|
|poke|p2|Houndstone, L50, F|
|poke|p2|Milotic, L50, F|
|poke|p2|Amoonguss, L50, F|
|poke|p2|Volcarona, L50, F|
|teampreview|4
|showteam|p1|Maushold-Four||SafetyGoggles|FriendGuard|Protect,FollowMe,Taunt,BeatUp||||||50|,,,,,Ghost]Annihilape||Leftovers|Defiant|Protect,BulkUp,RageFist,DrainPunch|||F|||50|,,,,,Fire]Rillaboom||LoadedDice|GrassySurge|FakeOut,GrassyGlide,BulletSeed,Uturn|||M|||50|,,,,,Grass]Gholdengo||LifeOrb|GoodasGold|Protect,ShadowBall,NastyPlot,MakeItRain||||||50|,,,,,Water]Talonflame||CovertCloak|GaleWings|BraveBird,Tailwind,Taunt,FlareBlitz|||M|||50|,,,,,Grass]Gallade||FocusSash|Sharpness|Protect,SacredSword,PsychoCut,NightSlash|||M|||50|,,,,,Stellar
|showteam|p2|Tyranitar||AssaultVest|SandStream|KnockOff,RockSlide,TeraBlast,LowKick|||M|||50|,,,,,Flying]Excadrill||FocusSash|SandRush|HighHorsepower,IronHead,Protect,Earthquake|||F|||50|,,,,,Fire]Houndstone||LifeOrb|SandRush|LastRespects,ShadowSneak,BodyPress,Protect|||F|||50|,,,,,Normal]Milotic||SitrusBerry|Competitive|Scald,IcyWind,Protect,Haze|||F|||50|,,,,,Poison]Amoonguss||RockyHelmet|Regenerator|RagePowder,Spore,PollenPuff,SludgeBomb|||F|||50|,,,,,Water]Volcarona||Leftovers|FlameBody|QuiverDance,HeatWave,GigaDrain,Protect|||F|||50|,,,,,Grass
|inactive|Battle timer is ON: inactive players will automatically lose when time's up. (requested by dollartreehero)
|inactive|dollartreehero has 60 seconds left.
|
|t:|1755566139
|teamsize|p1|4
|teamsize|p2|4
|start
|switch|p1a: アンコールダンス|Talonflame, L50, M|100/100
|switch|p1b: ラベンダー|Rillaboom, L50, M|100/100
|switch|p2a: Tyranitar|Tyranitar, L50, M|100/100
|switch|p2b: Excadrill|Excadrill, L50, F|100/100
|-fieldstart|move: Grassy Terrain|[from] ability: Grassy Surge|[of] p1b: ラベンダー
|-weather|Sandstorm|[from] ability: Sand Stream|[of] p2a: Tyranitar
|turn|1
|
|t:|1755566156
|switch|p2b: Volcarona|Volcarona, L50, F|100/100
|-terastallize|p2a: Tyranitar|Flying
|move|p1b: ラベンダー|Fake Out|p2a: Tyranitar
|-damage|p2a: Tyranitar|88/100
|move|p1a: アンコールダンス|Tailwind|p1a: アンコールダンス
|-sidestart|p1: BiomboVGC|move: Tailwind
|cant|p2a: Tyranitar|flinch
|
|-weather|Sandstorm|[upkeep]
|-damage|p1a: アンコールダンス|95/100|[from] Sandstorm
|-damage|p1b: ラベンダー|94/100|[from] Sandstorm
|-damage|p2b: Volcarona|95/100|[from] Sandstorm
|-damage|p2a: Tyranitar|82/100|[from] Sandstorm
|-heal|p1b: ラベンダー|100/100|[from] Grassy Terrain
|-heal|p2b: Volcarona|100/100|[from] Grassy Terrain
|upkeep
|turn|2
|
|t:|1755566179
|-terastallize|p1b: ラベンダー|Grass
|move|p2b: Volcarona|Protect|p2b: Volcarona
|-singleturn|p2b: Volcarona|Protect
|move|p1a: アンコールダンス|Flare Blitz|p2a: Tyranitar
|-damage|p2a: Tyranitar|39/100
|-damage|p1a: アンコールダンス|76/100|[from] Recoil
|move|p1b: ラベンダー|Bullet Seed|p2a: Tyranitar
|-resisted|p2a: Tyranitar
|-damage|p2a: Tyranitar|29/100
|-resisted|p2a: Tyranitar
|-damage|p2a: Tyranitar|20/100
|-resisted|p2a: Tyranitar
|-damage|p2a: Tyranitar|9/100
|-resisted|p2a: Tyranitar
|-damage|p2a: Tyranitar|0 fnt
|faint|p2a: Tyranitar
|-hitcount|p2: Tyranitar|4
|
|-weather|Sandstorm|[upkeep]
|-damage|p1a: アンコールダンス|70/100|[from] Sandstorm
|-damage|p1b: ラベンダー|94/100|[from] Sandstorm
|-damage|p2b: Volcarona|95/100|[from] Sandstorm
|-heal|p1b: ラベンダー|100/100|[from] Grassy Terrain
|-heal|p2b: Volcarona|100/100|[from] Grassy Terrain
|upkeep
|
|t:|1755566204
|switch|p2a: Excadrill|Excadrill, L50, F|100/100
|turn|3
|
|t:|1755566209
|move|p2a: Excadrill|Protect|p2a: Excadrill
|-singleturn|p2a: Excadrill|Protect
|move|p1a: アンコールダンス|Brave Bird|p2b: Volcarona
|-supereffective|p2b: Volcarona
|-damage|p2b: Volcarona|0 fnt
|faint|p2b: Volcarona
|-damage|p1a: アンコールダンス|29/100|[from] Recoil
|move|p1b: ラベンダー|Bullet Seed|p2a: Excadrill
|-activate|p2a: Excadrill|move: Protect
|
|-weather|Sandstorm|[upkeep]
|-damage|p1a: アンコールダンス|23/100|[from] Sandstorm
|-damage|p1b: ラベンダー|94/100|[from] Sandstorm
|-heal|p1b: ラベンダー|100/100|[from] Grassy Terrain
|upkeep
|
|t:|1755566213
|switch|p2b: Houndstone|Houndstone, L50, F|100/100
|turn|4
|
|t:|1755566230
|switch|p1a: 雨景色|Annihilape, L50, F|100/100
|move|p2a: Excadrill|Iron Head|p1b: ラベンダー
|-damage|p1b: ラベンダー|44/100
|move|p1b: ラベンダー|Bullet Seed|p2a: Excadrill
|-damage|p2a: Excadrill|66/100
|-damage|p2a: Excadrill|31/100
|-damage|p2a: Excadrill|0 fnt
|faint|p2a: Excadrill
|-hitcount|p2: Excadrill|3
|move|p2b: Houndstone|Last Respects|p1b: ラベンダー
|-damage|p1b: ラベンダー|0 fnt
|faint|p1b: ラベンダー
|-damage|p2b: Houndstone|91/100|[from] item: Life Orb
|
|-weather|Sandstorm|[upkeep]
|-damage|p1a: 雨景色|94/100|[from] Sandstorm
|-heal|p1a: 雨景色|100/100|[from] Grassy Terrain
|-heal|p2b: Houndstone|97/100|[from] Grassy Terrain
|-sideend|p1: BiomboVGC|move: Tailwind
|upkeep
|
|t:|1755566243
|switch|p1b: サイエンス|Gallade, L50, M|100/100
|turn|5
|-message|dollartreehero forfeited.
|raw|BiomboVGC's rating: 1345 → 1360(+15 for winning)
|raw|dollartreehero's rating: 1262 → 1243(-19 for losing)
|
|win|BiomboVGC
|l|☆BiomboVGC
|player|p1|
