|j|☆noka47
|j|☆GokuTheGogoat
|html|noka47GokuTheGogoat    
|uhtml|bestof|Game 1 of a best-of-3
|t:|1782233155
|gametype|doubles
|player|p1|noka47|101|1221
|player|p2|GokuTheGogoat|wallace|1204
|gen|9
|tier|[Gen 9 Champions] VGC 2026 Reg M-B (Bo3)
|rated|
|rule|Species Clause: Limit one of each Pokémon
|rule|Item Clause: Limit 1 of each item
|clearpoke
|poke|p1|Mawile, L50, F|
|poke|p1|Incineroar, L50, M|
|poke|p1|Sneasler, L50, M|
|poke|p1|Pelipper, L50, F|
|poke|p1|Farigiraf, L50, M|
|poke|p1|Sinistcha, L50|
|poke|p2|Raichu, L50, F|
|poke|p2|Farigiraf, L50, F|
|poke|p2|Ninetales-Alola, L50, M|
|poke|p2|Annihilape, L50, M|
|poke|p2|Maushold, L50|
|poke|p2|Garchomp, L50, M|
|teampreview|4
|showteam|p1|Mawile||Mawilite|Intimidate|IronHead,PlayRough,SuckerPunch,Protect|Adamant||F|||50|]Incineroar||PasshoBerry|Intimidate|FlareBlitz,DarkestLariat,FakeOut,PartingShot|Adamant||M|||50|]Sneasler||WhiteHerb|Unburden|CloseCombat,DireClaw,FakeOut,Protect|Adamant||M|||50|]Pelipper||LifeOrb|Drizzle|Hurricane,WeatherBall,IceBeam,Protect|Modest||F|||50|]Farigiraf||ColburBerry|ArmorTail|Psychic,Thunderbolt,TrickRoom,Protect|Quiet||M|||50|]Sinistcha||SitrusBerry|Hospitality|MatchaGotcha,RagePowder,TrickRoom,ShadowBall|Relaxed|||||50|
|showteam|p2|Raichu||RaichuniteX|LightningRod|VoltTackle,RisingVoltage,PlayRough,FakeOut|Hasty||F|||50|]Farigiraf||SitrusBerry|ArmorTail|HelpingHand,PsychicFangs,FoulPlay,TrickRoom|Impish||F|||50|]Ninetales-Alola||ChoiceScarf|SnowWarning|Blizzard,FreezeDry,Moonblast,IcyWind|Modest||M|||50|]Annihilape||Leftovers|Defiant|RageFist,DrainPunch,BulkUp,Protect|Adamant||M|||50|]Maushold||ChopleBerry|FriendGuard|BeatUp,FollowMe,Encore,Protect|Timid|||||50|]Garchomp||LifeOrb|RoughSkin|Protect,Earthquake,DragonClaw,RockSlide|Jolly||M|||50|
|inactive|Battle timer is ON: inactive players will automatically lose when time's up. (requested by GokuTheGogoat)
|inactive|noka47 has 60 seconds left.
|inactive|GokuTheGogoat has 60 seconds left.
|inactive|noka47 has 30 seconds left.
|inactive|noka47 has 20 seconds left.
|
|t:|1782233229
|teamsize|p1|4
|teamsize|p2|4
|start
|switch|p1a: Farigiraf|Farigiraf, L50, M|100/100
|switch|p1b: Mawile|Mawile, L50, F|100/100
|switch|p2a: Maushold|Maushold, L50|100/100
|switch|p2b: Annihilape|Annihilape, L50, M|100/100
|-ability|p1b: Mawile|Intimidate|boost
|-unboost|p2a: Maushold|atk|1
|-unboost|p2b: Annihilape|atk|1
|-ability|p2b: Annihilape|Defiant|boost
|-boost|p2b: Annihilape|atk|2
|turn|1
|inactive|GokuTheGogoat has 30 seconds left.
|
|t:|1782233257
|detailschange|p1b: Mawile|Mawile-Mega, L50, F
|-mega|p1b: Mawile|Mawile|Mawilite
|move|p2a: Maushold|Beat Up|p2b: Annihilape
|-damage|p2b: Annihilape|99/100
|-damage|p2b: Annihilape|97/100
|-damage|p2b: Annihilape|96/100
|-damage|p2b: Annihilape|94/100
|-hitcount|p2b: Annihilape|4
|move|p2b: Annihilape|Rage Fist|p1b: Mawile
|-damage|p1b: Mawile|0 fnt
|faint|p1b: Mawile
|move|p1a: Farigiraf|Psychic|p2b: Annihilape
|-supereffective|p2b: Annihilape|1
|-damage|p2b: Annihilape|43/100
|
|-heal|p2b: Annihilape|49/100|[from] item: Leftovers
|upkeep
|
|t:|1782233279
|switch|p1b: Incineroar|Incineroar, L50, M|100/100
|-ability|p1b: Incineroar|Intimidate|boost
|-unboost|p2a: Maushold|atk|1
|-unboost|p2b: Annihilape|atk|1
|-ability|p2b: Annihilape|Defiant|boost
|-boost|p2b: Annihilape|atk|2
|turn|2
|
|t:|1782233299
|move|p2a: Maushold|Follow Me|p2a: Maushold
|-singleturn|p2a: Maushold|move: Follow Me
|move|p2b: Annihilape|Drain Punch|p1a: Farigiraf
|-damage|p1a: Farigiraf|19/100
|-heal|p2b: Annihilape|91/100|[from] drain|[of] p1a: Farigiraf
|move|p1b: Incineroar|Flare Blitz|p2a: Maushold
|-damage|p2a: Maushold|17/100
|-damage|p1b: Incineroar|75/100|[from] Recoil
|move|p1a: Farigiraf|Trick Room|p1a: Farigiraf
|-fieldstart|move: Trick Room|[of] p1a: Farigiraf
|
|-heal|p2b: Annihilape|97/100|[from] item: Leftovers
|upkeep
|turn|3
|inactive|GokuTheGogoat has 30 seconds left.
|
|t:|1782233327
|move|p2a: Maushold|Protect|p2a: Maushold
|-singleturn|p2a: Maushold|Protect
|move|p1a: Farigiraf|Psychic|p2b: Annihilape
|-supereffective|p2b: Annihilape|1
|-damage|p2b: Annihilape|43/100
|move|p1b: Incineroar|Flare Blitz|p2b: Annihilape
|-damage|p2b: Annihilape|0 fnt
|faint|p2b: Annihilape
|-damage|p1b: Incineroar|59/100|[from] Recoil
|
|upkeep
|
|t:|1782233335
|switch|p2b: Farigiraf|Farigiraf, L50, F|100/100
|turn|4
|
|t:|1782233352
|move|p2a: Maushold|Follow Me|p2a: Maushold
|-singleturn|p2a: Maushold|move: Follow Me
|move|p1a: Farigiraf|Thunderbolt|p2a: Maushold
|-damage|p2a: Maushold|0 fnt
|faint|p2a: Maushold
|move|p1b: Incineroar|Darkest Lariat|p2b: Farigiraf
|-supereffective|p2b: Farigiraf|1
|-damage|p2b: Farigiraf|25/100
|-enditem|p2b: Farigiraf|Sitrus Berry|[eat]
|-heal|p2b: Farigiraf|50/100g|[from] item: Sitrus Berry
|move|p2b: Farigiraf|Trick Room|p2b: Farigiraf
|-fieldend|move: Trick Room
|
|upkeep
|
|t:|1782233356
|switch|p2a: Raichu|Raichu, L50, F|100/100
|turn|5
|
|t:|1782233377
|switch|p1a: Sinistcha|Sinistcha, L50|100/100
|-heal|p1b: Incineroar|84/100|[from] ability: Hospitality|[of] p1a: Sinistcha
|detailschange|p2a: Raichu|Raichu-Mega-X, L50, F
|-mega|p2a: Raichu|Raichu|Raichunite X
|-fieldstart|move: Electric Terrain|[from] ability: Electric Surge|[of] p2a: Raichu
|move|p2a: Raichu|Volt Tackle|p1b: Incineroar
|-damage|p1b: Incineroar|18/100
|-damage|p2a: Raichu|68/100|[from] Recoil
|move|p2b: Farigiraf|Foul Play|p1a: Sinistcha
|-supereffective|p1a: Sinistcha|1
|-damage|p1a: Sinistcha|77/100
|move|p1b: Incineroar|Flare Blitz|p2a: Raichu
|-damage|p2a: Raichu|0 fnt
|faint|p2a: Raichu
|-damage|p1b: Incineroar|2/100|[from] Recoil
|
|upkeep
|turn|6
|-message|GokuTheGogoat forfeited.
|
|win|noka47
|l|☆GokuTheGogoat
|player|p2|
||GokuTheGogoat is ready for game 2.
||noka47 is ready for game 2.
|uhtml|next|Next: Game 2 of 3
