|j|☆toxiccroc12
|j|☆Arman136821
|html|toxiccroc12Arman136821    
|uhtml|bestof|Game 2 of a best-of-3
|t:|1783835691
|gametype|doubles
|player|p1|toxiccroc12|266|1000
|player|p2|Arman136821|steven|1090
|gen|9
|tier|[Gen 9 Champions] VGC 2026 Reg M-B (Bo3)
|rated|
|rule|Species Clause: Limit one of each Pokémon
|rule|Item Clause: Limit 1 of each item
|clearpoke
|poke|p1|Floette-Eternal, L50, F|
|poke|p1|Incineroar, L50, F|
|poke|p1|Sinistcha, L50|
|poke|p1|Delphox, L50, M|
|poke|p1|Sneasler, L50, M|
|poke|p1|Kingambit, L50, M|
|poke|p2|Tyranitar, L50, F|
|poke|p2|Aerodactyl, L50, F|
|poke|p2|Sinistcha-Masterpiece, L50|
|poke|p2|Palafin, L50, F|
|poke|p2|Archaludon, L50, F|
|poke|p2|Maushold-Four, L50|
|teampreview|4
|showteam|p1|Floette-Eternal||Floettite|FlowerVeil|DazzlingGleam,DrainingKiss,CalmMind,Protect|Modest||F|||50|]Incineroar||SitrusBerry|Intimidate|FlareBlitz,FakeOut,PartingShot,HelpingHand|Impish||F|||50|]Sinistcha||OccaBerry|Hospitality|MatchaGotcha,RagePowder,TrickRoom,Protect|Relaxed|||||50|]Delphox||Delphoxite|Blaze|HeatWave,Psyshock,NastyPlot,Protect|Timid||M|||50|]Sneasler||FocusSash|PoisonTouch|PoisonJab,CloseCombat,FakeOut,QuickGuard|Jolly||M|||50|]Kingambit||BlackGlasses|Defiant|KowtowCleave,SuckerPunch,SwordsDance,Protect|Adamant||M|||50|
|showteam|p2|Tyranitar||Tyranitarite|SandStream|RockSlide,Earthquake,KnockOff,BrickBreak|Adamant||F|||50|]Aerodactyl||Aerodactylite|RockHead|Tailwind,WideGuard,RockSlide,DualWingbeat|Adamant||F|||50|]Sinistcha-Masterpiece||SitrusBerry|Hospitality|MatchaGotcha,Scald,ShadowBall,EnergyBall|Modest|||||50|]Palafin||ChoiceScarf|ZerotoHero|FlipTurn,Liquidation,CloseCombat,IcePunch|Adamant||F|||50|]Archaludon||Leftovers|Stamina|ElectroShot,AuraSphere,DracoMeteor,FlashCannon|Modest||F|||50|]Maushold-Four||WideLens|Technician|PopulationBomb,FollowMe,SuperFang,BulletSeed|Adamant|||||50|
|inactive|Battle timer is ON: inactive players will automatically lose when time's up. (requested by Arman136821)
|
|t:|1783835714
|teamsize|p1|4
|teamsize|p2|4
|start
|switch|p1a: Floette|Floette-Eternal, L50, F|100/100
|switch|p1b: Sneasler|Sneasler, L50, M|100/100
|switch|p2a: Palafin|Palafin, L50, F|100/100
|switch|p2b: Archaludon|Archaludon, L50, F|100/100
|turn|1
|
|t:|1783835732
|detailschange|p1a: Floette|Floette-Mega, L50, F
|-mega|p1a: Floette|Floette|Floettite
|-ability|p1a: Floette|Fairy Aura
|move|p2a: Palafin|Flip Turn|p1b: Sneasler
|-crit|p1b: Sneasler
|-damage|p1b: Sneasler|44/100
|
|t:|1783835739
|detailschange|p2a: Palafin|Palafin-Hero, L50, F
|switch|p2a: Aerodactyl|Aerodactyl, L50, F|100/100|[from] Flip Turn
|move|p1b: Sneasler|Close Combat|p2b: Archaludon
|-supereffective|p2b: Archaludon|1
|-damage|p2b: Archaludon|0 fnt
|-unboost|p1b: Sneasler|def|1
|-unboost|p1b: Sneasler|spd|1
|faint|p2b: Archaludon
|move|p1a: Floette|Calm Mind|p1a: Floette
|-boost|p1a: Floette|spa|1
|-boost|p1a: Floette|spd|1
|
|upkeep
|
|t:|1783835751
|switch|p2b: Tyranitar|Tyranitar, L50, F|100/100
|-weather|Sandstorm|[from] ability: Sand Stream|[of] p2b: Tyranitar
|turn|2
|inactive|toxiccroc12 has 30 seconds left.
|
|t:|1783835786
|detailschange|p2a: Aerodactyl|Aerodactyl-Mega, L50, F
|-mega|p2a: Aerodactyl|Aerodactyl|Aerodactylite
|move|p2a: Aerodactyl|Wide Guard|p2a: Aerodactyl
|-singleturn|p2a: Aerodactyl|Wide Guard
|move|p1b: Sneasler|Close Combat|p2b: Tyranitar
|-supereffective|p2b: Tyranitar|2
|-damage|p2b: Tyranitar|0 fnt
|-unboost|p1b: Sneasler|def|1
|-unboost|p1b: Sneasler|spd|1
|faint|p2b: Tyranitar
|move|p1a: Floette|Draining Kiss|p2a: Aerodactyl
|-damage|p2a: Aerodactyl|54/100
|
|-weather|Sandstorm|[upkeep]
|-damage|p1b: Sneasler|38/100|[from] Sandstorm
|-damage|p1a: Floette|94/100|[from] Sandstorm
|upkeep
|
|t:|1783835801
|switch|p2b: Palafin|Palafin-Hero, L50, F|100/100
|-activate|p2b: Palafin|ability: Zero to Hero
|turn|3
|inactive|toxiccroc12 has 30 seconds left.
|
|t:|1783835833
|move|p2b: Palafin|Liquidation|p1a: Floette
|-damage|p1a: Floette|28/100
|-unboost|p1a: Floette|def|1
|move|p2a: Aerodactyl|Rock Slide|p1a: Floette|[spread] p1a
|-miss|p2a: Aerodactyl|p1b: Sneasler
|-damage|p1a: Floette|0 fnt
|faint|p1a: Floette
|move|p1b: Sneasler|Poison Jab|p2b: Palafin
|-damage|p2b: Palafin|57/100
|-status|p2b: Palafin|psn
|
|-weather|Sandstorm|[upkeep]
|-damage|p2b: Palafin|51/100 psn|[from] Sandstorm
|-damage|p1b: Sneasler|33/100|[from] Sandstorm
|-damage|p2b: Palafin|38/100 psn|[from] psn
|upkeep
|
|t:|1783835849
|switch|p1a: Kingambit|Kingambit, L50, M|100/100
|turn|4
|inactive|toxiccroc12 has 30 seconds left.
|inactive|Arman136821 has 30 seconds left.
|inactive|toxiccroc12 has 20 seconds left.
|inactive|Arman136821 has 20 seconds left.
|inactive|toxiccroc12 has 15 seconds left.
|inactive|Arman136821 has 15 seconds left.
|inactive|Arman136821 has 10 seconds left.
|
|t:|1783835898
|move|p2b: Palafin|Liquidation|p1a: Kingambit
|-damage|p1a: Kingambit|57/100
|move|p2a: Aerodactyl|Rock Slide|p1b: Sneasler|[spread] p1a,p1b
|-resisted|p1a: Kingambit|1
|-resisted|p1b: Sneasler|1
|-damage|p1a: Kingambit|46/100
|-damage|p1b: Sneasler|0 fnt
|faint|p1b: Sneasler
|cant|p1a: Kingambit|flinch
|
|-weather|Sandstorm|[upkeep]
|-damage|p2b: Palafin|32/100 psn|[from] Sandstorm
|-damage|p2b: Palafin|20/100y psn|[from] psn
|upkeep
|
|t:|1783835906
|switch|p1b: Sinistcha|Sinistcha, L50|100/100
|-heal|p1a: Kingambit|70/100|[from] ability: Hospitality|[of] p1b: Sinistcha
|turn|5
|
|t:|1783835921
|move|p1a: Kingambit|Sucker Punch|p2b: Palafin
|-damage|p2b: Palafin|0 fnt
|faint|p2b: Palafin
|move|p2a: Aerodactyl|Dual Wingbeat|p1b: Sinistcha
|-supereffective|p1b: Sinistcha|1
|-damage|p1b: Sinistcha|48/100
|-supereffective|p1b: Sinistcha|1
|-damage|p1b: Sinistcha|3/100
|-hitcount|p1b: Sinistcha|2
|move|p1b: Sinistcha|Trick Room|p1b: Sinistcha
|-fieldstart|move: Trick Room|[of] p1b: Sinistcha
|
|-weather|Sandstorm|[upkeep]
|-damage|p1b: Sinistcha|0 fnt|[from] Sandstorm
|faint|p1b: Sinistcha
|upkeep
|turn|6
|
|t:|1783835944
|move|p1a: Kingambit|Kowtow Cleave|p2a: Aerodactyl
|-damage|p2a: Aerodactyl|0 fnt
|faint|p2a: Aerodactyl
|
|win|toxiccroc12
|raw|toxiccroc12's rating: 1000 → 1050(+50 for winning)
|raw|Arman136821's rating: 1090 → 1061(-29 for losing)
