|j|â˜†NyulaDraws
|j|â˜†PokeMooney
|html|NyulaDrawsPokeMooney    
|uhtml|bestof|Game 3 of a best-of-3
|t:|1783441271
|gametype|doubles
|player|p1|NyulaDraws|backpacker|1171
|player|p2|PokeMooney|169|1221
|gen|9
|tier|[Gen 9 Champions] VGC 2026 Reg M-B (Bo3)
|rated|
|rule|Species Clause: Limit one of each PokÃ©mon
|rule|Item Clause: Limit 1 of each item
|clearpoke
|poke|p1|Blastoise, L50, M|
|poke|p1|Delphox, L50, M, shiny|
|poke|p1|Incineroar, L50, M|
|poke|p1|Sneasler, L50, F|
|poke|p1|Sinistcha, L50|
|poke|p1|Maushold-Four, L50|
|poke|p2|Scrafty, L50, F|
|poke|p2|Vileplume, L50, F|
|poke|p2|Staraptor, L50, F|
|poke|p2|Farigiraf, L50, F|
|poke|p2|Sylveon, L50, M|
|poke|p2|Torkoal, L50, M|
|teampreview|4
|showteam|p1|Blastoise||Blastoisinite|RainDish|WaterSpout,DarkPulse,ShellSmash,Protect|Modest||M|||50|]Delphox||Delphoxite|Blaze|HeatWave,Psyshock,NastyPlot,Protect|Timid||M|||50|]Incineroar||SitrusBerry|Intimidate|FakeOut,FlareBlitz,ThroatChop,PartingShot|Impish||M|||50|]Sneasler||FocusSash|PoisonTouch|FakeOut,CloseCombat,DireClaw,QuickGuard|Jolly||F|||50|]Sinistcha||KasibBerry|Hospitality|MatchaGotcha,LifeDew,RagePowder,Protect|Bold|||||50|]Maushold-Four||ChopleBerry|FriendGuard|SuperFang,Feint,FollowMe,SunnyDay|Impish|||||50|
|showteam|p2|Scrafty||Scraftinite|Intimidate|CloseCombat,KnockOff,IronHead,FakeOut|Brave||F|||50|]Vileplume||FocusSash|Chlorophyll|SludgeBomb,SleepPowder,AfterYou,LeafStorm|Timid||F|||50|]Staraptor||ChoiceScarf|Intimidate|BraveBird,CloseCombat,Uturn,FinalGambit|Jolly||F|||50|]Farigiraf||SitrusBerry|ArmorTail|Protect,TwinBeam,Thunderbolt,TrickRoom|Sassy||F|||50|]Sylveon||FairyFeather|Pixilate|HyperVoice,QuickAttack,HyperBeam,Detect|Quiet||M|||50|]Torkoal||Charcoal|Drought|Eruption,WeatherBall,HeatWave,Protect|Quiet||M|||50|
|
|t:|1783441307
|teamsize|p1|4
|teamsize|p2|4
|start
|switch|p1a: Blastoise|Blastoise, L50, M|100/100
|switch|p1b: Sinistcha|Sinistcha, L50|100/100
|switch|p2a: Farigiraf|Farigiraf, L50, F|100/100
|switch|p2b: Staraptor|Staraptor, L50, F|100/100
|-ability|p2b: Staraptor|Intimidate|boost
|-unboost|p1a: Blastoise|atk|1
|-unboost|p1b: Sinistcha|atk|1
|turn|1
|
|t:|1783441335
|detailschange|p1a: Blastoise|Blastoise-Mega, L50, M
|-mega|p1a: Blastoise|Blastoise|Blastoisinite
|move|p1b: Sinistcha|Rage Powder|p1b: Sinistcha
|-singleturn|p1b: Sinistcha|move: Rage Powder
|move|p2b: Staraptor|U-turn|p1b: Sinistcha
|-damage|p1b: Sinistcha|82/100
|
|t:|1783441340
|switch|p2b: Sylveon|Sylveon, L50, M|100/100|[from] U-turn
|move|p1a: Blastoise|Dark Pulse|p2a: Farigiraf
|-supereffective|p2a: Farigiraf|1
|-damage|p2a: Farigiraf|25/100
|-enditem|p2a: Farigiraf|Sitrus Berry|[eat]
|-heal|p2a: Farigiraf|50/100g|[from] item: Sitrus Berry
|move|p2a: Farigiraf|Trick Room|p2a: Farigiraf
|-fieldstart|move: Trick Room|[of] p2a: Farigiraf
|
|upkeep
|turn|2
|
|t:|1783441362
|move|p1a: Blastoise|Protect|p1a: Blastoise
|-singleturn|p1a: Blastoise|Protect
|move|p2a: Farigiraf|Twin Beam|p1a: Blastoise
|-activate|p1a: Blastoise|move: Protect
|move|p2b: Sylveon|Hyper Voice|p1a: Blastoise|[spread] p1b
|-activate|p1a: Blastoise|move: Protect
|-damage|p1b: Sinistcha|33/100
|move|p1b: Sinistcha|Matcha Gotcha|p2a: Farigiraf|[spread] p2a,p2b
|-damage|p2a: Farigiraf|32/100
|-heal|p1b: Sinistcha|44/100|[from] drain|[of] p2a: Farigiraf
|-damage|p2b: Sylveon|79/100
|-heal|p1b: Sinistcha|55/100|[from] drain|[of] p2b: Sylveon
|-status|p2b: Sylveon|brn
|
|-damage|p2b: Sylveon|73/100 brn|[from] brn
|upkeep
|turn|3
|c|â˜†PokeMooney|Lol
|c|â˜†PokeMooney|Magnet for burns
|c|â˜†NyulaDraws|matcha its op
|
|t:|1783441407
|switch|p1a: Maushold|Maushold-Four, L50|100/100
|move|p2a: Farigiraf|Twin Beam|p1b: Sinistcha
|-damage|p1b: Sinistcha|43/100
|-damage|p1b: Sinistcha|32/100
|-hitcount|p1b: Sinistcha|2
|move|p2b: Sylveon|Hyper Voice|p1a: Maushold|[spread] p1a,p1b
|-crit|p1b: Sinistcha
|-damage|p1a: Maushold|44/100
|-damage|p1b: Sinistcha|0 fnt
|faint|p1b: Sinistcha
|
|-damage|p2b: Sylveon|68/100 brn|[from] brn
|upkeep
|
|t:|1783441428
|switch|p1b: Blastoise|Blastoise-Mega, L50, M|100/100
|turn|4
|
|t:|1783441443
|move|p1b: Blastoise|Protect|p1b: Blastoise
|-singleturn|p1b: Blastoise|Protect
|move|p2a: Farigiraf|Twin Beam|p1b: Blastoise
|-activate|p1b: Blastoise|move: Protect
|move|p2b: Sylveon|Hyper Voice|p1b: Blastoise|[spread] p1a
|-activate|p1b: Blastoise|move: Protect
|-damage|p1a: Maushold|0 fnt
|faint|p1a: Maushold
|
|-damage|p2b: Sylveon|62/100 brn|[from] brn
|upkeep
|
|t:|1783441454
|switch|p1a: Sneasler|Sneasler, L50, F|100/100
|turn|5
|
|t:|1783441461
|move|p1b: Blastoise|Protect||[still]
|-fail|p1b: Blastoise
|move|p2a: Farigiraf|Thunderbolt|p1b: Blastoise
|-supereffective|p1b: Blastoise|1
|-damage|p1b: Blastoise|50/100y
|move|p2b: Sylveon|Hyper Voice|p1b: Blastoise|[spread] p1a,p1b
|-damage|p1a: Sneasler|36/100
|-damage|p1b: Blastoise|0 fnt
|faint|p1b: Blastoise
|move|p1a: Sneasler|Dire Claw|p2b: Sylveon
|-supereffective|p2b: Sylveon|1
|-damage|p2b: Sylveon|0 fnt
|faint|p2b: Sylveon
|
|-fieldend|move: Trick Room
|upkeep
|
|t:|1783441477
|switch|p2b: Scrafty|Scrafty, L50, F|100/100
|-ability|p2b: Scrafty|Intimidate|boost
|-unboost|p1a: Sneasler|atk|1
|turn|6
|c|â˜†NyulaDraws|wellp unlucky haha
|c|â˜†NyulaDraws|ggs
|-message|NyulaDraws forfeited.
|
|win|PokeMooney
|raw|NyulaDraws's rating: 1171 → 1150(-21 for losing)
|raw|PokeMooney's rating: 1221 → 1242(+21 for winning)
|c|â˜†PokeMooney|Gg
|j| SantVt
|l| SantVt
|l|â˜†PokeMooney
|player|p2|
