|j|☆Gentlefish
|j|☆MrTedno
|html|GentlefishMrTedno    
|uhtml|bestof|Game 2 of a best-of-3
|t:|1756847567
|gametype|doubles
|player|p1|Gentlefish|burglar-gen1rb|1140
|player|p2|MrTedno|barry|1154
|gen|9
|tier|[Gen 9] VGC 2025 Reg H (Bo3)
|rated|
|rule|Species Clause: Limit one of each Pokémon
|rule|Item Clause: Limit 1 of each item
|clearpoke
|poke|p1|Garchomp, L50, M|
|poke|p1|Weezing-Galar, L50, M|
|poke|p1|Archaludon, L50, M|
|poke|p1|Gholdengo, L50|
|poke|p1|Talonflame, L50, F|
|poke|p1|Annihilape, L50, F|
|poke|p2|Ninetales-Alola, L50, F|
|poke|p2|Garchomp, L50, F|
|poke|p2|Dragonite, L50, M|
|poke|p2|Incineroar, L50, M|
|poke|p2|Gholdengo, L50|
|poke|p2|Farigiraf, L50, F|
|teampreview|4
|showteam|p1|Garchomp||LifeOrb|RoughSkin|DragonClaw,Earthquake,StompingTantrum,Protect|||M|||50|,,,,,Ground]Weezing-Galar||FocusSash|NeutralizingGas|Protect,SludgeBomb,Taunt,StrangeSteam|||M|||50|,,,,,Flying]Archaludon||PowerHerb|Sturdy|ElectroShot,Thunderbolt,DracoMeteor,Protect|||M|||50|,,,,,Electric]Gholdengo||ChoiceSpecs|GoodasGold|ShadowBall,DazzlingGleam,PowerGem,MakeItRain||||||50|,,,,,Fairy]Talonflame||CovertCloak|GaleWings|Tailwind,DualWingbeat,Taunt,FlareBlitz|||F|||50|,,,,,Stellar]Annihilape||AssaultVest|Defiant|CloseCombat,RageFist,FinalGambit,IcePunch|||F|||50|,,,,,Grass
|showteam|p2|Ninetales-Alola||FocusSash|SnowWarning|Encore,Blizzard,FreezeDry,Protect|||F|||50|,,,,,Ghost]Garchomp||LifeOrb|RoughSkin|Earthquake,DragonClaw,StompingTantrum,Protect|||F|||50|,,,,,Ground]Dragonite||LumBerry|InnerFocus|TeraBlast,LowKick,ExtremeSpeed,Protect|||M|||50|,,,,,Flying]Incineroar||SafetyGoggles|Intimidate|FakeOut,PartingShot,FlareBlitz,KnockOff|||M|||50|,,,,,Ghost]Gholdengo||Leftovers|GoodasGold|ShadowBall,MakeItRain,NastyPlot,Protect||||||50|,,,,,Flying]Farigiraf||SitrusBerry|ArmorTail|TrickRoom,Protect,TeraBlast,Psychic|||F|||50|,,,,,Fighting
|inactive|Battle timer is ON: inactive players will automatically lose when time's up. (requested by Gentlefish)
|inactive|Gentlefish has 60 seconds left.
|inactive|MrTedno has 60 seconds left.
|inactive|MrTedno has 30 seconds left.
|inactive|MrTedno has 20 seconds left.
|inactive|MrTedno has 15 seconds left.
|inactive|MrTedno has 10 seconds left.
|
|t:|1756847650
|teamsize|p1|4
|teamsize|p2|4
|start
|switch|p1a: Talonflame|Talonflame, L50, F|100/100
|switch|p1b: Gholdengo|Gholdengo, L50|100/100
|switch|p2a: Melman|Farigiraf, L50, F|100/100
|switch|p2b: Alex|Garchomp, L50, F|100/100
|turn|1
|
|t:|1756847669
|switch|p2b: Julien|Incineroar, L50, M|100/100
|-ability|p2b: Julien|Intimidate|boost
|-unboost|p1a: Talonflame|atk|1
|-unboost|p1b: Gholdengo|atk|1
|-terastallize|p1b: Gholdengo|Fairy
|move|p2a: Melman|Protect|p2a: Melman
|-singleturn|p2a: Melman|Protect
|move|p1a: Talonflame|Taunt|p2a: Melman
|-activate|p2a: Melman|move: Protect
|move|p1b: Gholdengo|Dazzling Gleam|p2a: Melman|[spread] p2b
|-activate|p2a: Melman|move: Protect
|-damage|p2b: Julien|59/100
|
|upkeep
|turn|2
|inactive|Gentlefish has 30 seconds left.
|inactive|MrTedno has 30 seconds left.
|inactive|MrTedno has 20 seconds left.
|inactive|MrTedno has 15 seconds left.
|
|t:|1756847713
|switch|p1b: Annihilape|Annihilape, L50, F|100/100
|switch|p2b: Skipper|Gholdengo, L50|100/100
|move|p1a: Talonflame|Taunt|p2a: Melman
|-start|p2a: Melman|move: Taunt
|move|p2a: Melman|Psychic|p1a: Talonflame
|-damage|p1a: Talonflame|37/100
|
|upkeep
|turn|3
|inactive|Gentlefish has 30 seconds left.
|inactive|Gentlefish has 20 seconds left.
|inactive|MrTedno has 30 seconds left.
|inactive|Gentlefish has 15 seconds left.
|inactive|Gentlefish has 10 seconds left.
|inactive|MrTedno has 20 seconds left.
|
|t:|1756847760
|switch|p1a: Garchomp|Garchomp, L50, M|100/100
|move|p2b: Skipper|Protect|p2b: Skipper
|-singleturn|p2b: Skipper|Protect
|move|p1b: Annihilape|Close Combat|p2a: Melman
|-damage|p2a: Melman|52/100
|-unboost|p1b: Annihilape|def|1
|-unboost|p1b: Annihilape|spd|1
|move|p2a: Melman|Psychic|p1a: Garchomp
|-damage|p1a: Garchomp|58/100
|
|upkeep
|turn|4
|inactive|Gentlefish has 30 seconds left.
|inactive|MrTedno has 30 seconds left.
|inactive|MrTedno has 20 seconds left.
|
|t:|1756847797
|-terastallize|p2b: Skipper|Flying
|move|p1a: Garchomp|Stomping Tantrum|p2b: Skipper
|-immune|p2b: Skipper
|move|p1b: Annihilape|Rage Fist|p2b: Skipper
|-crit|p2b: Skipper
|-damage|p2b: Skipper|61/100
|move|p2b: Skipper|Nasty Plot|p2b: Skipper
|-boost|p2b: Skipper|spa|2
|move|p2a: Melman|Psychic|p1b: Annihilape
|-supereffective|p1b: Annihilape
|-damage|p1b: Annihilape|26/100
|
|-heal|p2b: Skipper|67/100|[from] item: Leftovers
|-end|p2a: Melman|move: Taunt
|upkeep
|turn|5
|inactive|MrTedno has 30 seconds left.
|inactive|MrTedno has 20 seconds left.
|inactive|MrTedno has 15 seconds left.
|inactive|MrTedno has 10 seconds left.
|
|t:|1756847847
|move|p2b: Skipper|Protect|p2b: Skipper
|-singleturn|p2b: Skipper|Protect
|move|p1a: Garchomp|Dragon Claw|p2b: Skipper
|-activate|p2b: Skipper|move: Protect
|move|p1b: Annihilape|Close Combat|p2a: Melman
|-damage|p2a: Melman|5/100
|-unboost|p1b: Annihilape|def|1
|-unboost|p1b: Annihilape|spd|1
|-enditem|p2a: Melman|Sitrus Berry|[eat]
|-heal|p2a: Melman|30/100|[from] item: Sitrus Berry
|move|p2a: Melman|Psychic|p1b: Annihilape
|-supereffective|p1b: Annihilape
|-damage|p1b: Annihilape|0 fnt
|faint|p1b: Annihilape
|
|-heal|p2b: Skipper|72/100|[from] item: Leftovers
|upkeep
|
|t:|1756847860
|switch|p1b: Talonflame|Talonflame, L50, F|37/100
|turn|6
|inactive|Gentlefish has 30 seconds left.
|
|t:|1756847886
|switch|p2a: Julien|Incineroar, L50, M|59/100
|-ability|p2a: Julien|Intimidate|boost
|-unboost|p1a: Garchomp|atk|1
|-unboost|p1b: Talonflame|atk|1
|move|p1b: Talonflame|Flare Blitz|p2b: Skipper
|-damage|p2b: Skipper|41/100
|-damage|p1b: Talonflame|25/100|[from] Recoil
|move|p1a: Garchomp|Dragon Claw|p2b: Skipper
|-damage|p2b: Skipper|0 fnt
|faint|p2b: Skipper
|-damage|p1a: Garchomp|48/100|[from] item: Life Orb
|
|upkeep
|inactive|MrTedno has 30 seconds left.
|inactive|MrTedno has 20 seconds left.
|inactive|MrTedno has 15 seconds left.
|inactive|MrTedno has 10 seconds left.
|inactive|MrTedno has 5 seconds left.
|
|t:|1756847937
|switch|p2b: Alex|Garchomp, L50, F|100/100
|turn|7
|inactive|Gentlefish has 30 seconds left.
|inactive|MrTedno has 30 seconds left.
|inactive|MrTedno has 20 seconds left.
|inactive|MrTedno has 15 seconds left.
|inactive|MrTedno has 10 seconds left.
|
|t:|1756847985
|switch|p1a: Gholdengo|Gholdengo, L50, tera:Fairy|100/100
|move|p1b: Talonflame|Tailwind|p1b: Talonflame
|-sidestart|p1: Gentlefish|move: Tailwind
|move|p2b: Alex|Dragon Claw|p1a: Gholdengo
|-immune|p1a: Gholdengo
|move|p2a: Julien|Parting Shot|p1b: Talonflame
|-unboost|p1b: Talonflame|atk|1
|-unboost|p1b: Talonflame|spa|1
|
|t:|1756847988
|switch|p2a: Melman|Farigiraf, L50, F|30/100|[from] Parting Shot
|
|upkeep
|turn|8
|inactive|Gentlefish has 30 seconds left.
|inactive|MrTedno has 30 seconds left.
|
|t:|1756848029
|switch|p1b: Garchomp|Garchomp, L50, M|48/100
|move|p2b: Alex|Protect|p2b: Alex
|-singleturn|p2b: Alex|Protect
|move|p1a: Gholdengo|Dazzling Gleam|p2a: Melman|[spread] p2a
|-activate|p2b: Alex|move: Protect
|-damage|p2a: Melman|0 fnt
|faint|p2a: Melman
|
|upkeep
|
|t:|1756848035
|switch|p2a: Julien|Incineroar, L50, M|59/100
|-ability|p2a: Julien|Intimidate|boost
|-unboost|p1a: Gholdengo|atk|1
|-unboost|p1b: Garchomp|atk|1
|turn|9
|inactive|MrTedno has 30 seconds left.
|inactive|MrTedno has 20 seconds left.
|
|t:|1756848071
|move|p2a: Julien|Fake Out|p1a: Gholdengo
|-damage|p1a: Gholdengo|88/100
|move|p1b: Garchomp|Dragon Claw|p2b: Alex
|-supereffective|p2b: Alex
|-damage|p2b: Alex|27/100
|-damage|p1b: Garchomp|36/100|[from] ability: Rough Skin|[of] p2b: Alex
|-damage|p1b: Garchomp|26/100|[from] item: Life Orb
|cant|p1a: Gholdengo|flinch
|move|p2b: Alex|Stomping Tantrum|p1a: Gholdengo
|-damage|p1a: Gholdengo|28/100
|-damage|p2b: Alex|17/100|[from] item: Life Orb
|
|upkeep
|turn|10
|
|t:|1756848091
|move|p2b: Alex|Protect|p2b: Alex
|-singleturn|p2b: Alex|Protect
|move|p1b: Garchomp|Stomping Tantrum|p2a: Julien
|-supereffective|p2a: Julien
|-damage|p2a: Julien|0 fnt
|faint|p2a: Julien
|-damage|p1b: Garchomp|16/100|[from] item: Life Orb
|move|p1a: Gholdengo|Dazzling Gleam|p2b: Alex
|-activate|p2b: Alex|move: Protect
|
|-sideend|p1: Gentlefish|move: Tailwind
|upkeep
|turn|11
|
|t:|1756848098
|move|p1b: Garchomp|Protect|p1b: Garchomp
|-singleturn|p1b: Garchomp|Protect
|move|p2b: Alex|Earthquake|p1b: Garchomp|[spread] p1a
|-activate|p1b: Garchomp|move: Protect
|-damage|p1a: Gholdengo|0 fnt
|faint|p1a: Gholdengo
|-damage|p2b: Alex|8/100|[from] item: Life Orb
|
|upkeep
|
|t:|1756848102
|switch|p1a: Talonflame|Talonflame, L50, F|25/100
|turn|12
|
|t:|1756848108
|move|p1a: Talonflame|Tailwind|p1a: Talonflame
|-sidestart|p1: Gentlefish|move: Tailwind
|move|p1b: Garchomp|Dragon Claw|p2b: Alex
|-supereffective|p2b: Alex
|-damage|p2b: Alex|0 fnt
|-damage|p1b: Garchomp|4/100|[from] ability: Rough Skin|[of] p2b: Alex
|faint|p2b: Alex
|-damage|p1b: Garchomp|0 fnt|[from] item: Life Orb
|faint|p1b: Garchomp
|
|win|Gentlefish
||MrTedno is ready for game 3.
||Gentlefish is ready for game 3.
|uhtml|next|Next: Game 3 of 3
|l|☆MrTedno
|player|p2|
