|j|☆Ferran Tiburon
|j|☆cantchat_sorry
|html|Ferran Tiburoncantchat_sorry    
|uhtml|bestof|Game 3 of a best-of-3
|t:|1783088153
|gametype|doubles
|player|p1|Ferran Tiburon|101|1229
|player|p2|cantchat_sorry|clair|1170
|gen|9
|tier|[Gen 9 Champions] VGC 2026 Reg M-B (Bo3)
|rated|
|rule|Species Clause: Limit one of each Pokémon
|rule|Item Clause: Limit 1 of each item
|clearpoke
|poke|p1|Charizard, L50, M|
|poke|p1|Kingambit, L50, F|
|poke|p1|Sylveon, L50, M|
|poke|p1|Garchomp, L50, M|
|poke|p1|Aerodactyl, L50, F|
|poke|p1|Farigiraf, L50, M|
|poke|p2|Charizard, L50, M|
|poke|p2|Tyranitar, L50, M|
|poke|p2|Milotic, L50, M|
|poke|p2|Sneasler, L50, F|
|poke|p2|Incineroar, L50, M|
|poke|p2|Sinistcha, L50|
|teampreview|4
|showteam|p1|Charizard||CharizarditeY|SolarPower|Protect,HeatWave,SolarBeam,WeatherBall|Modest||M|||50|]Kingambit||FocusSash|Defiant|IronHead,SuckerPunch,KowtowCleave,LowKick|Adamant||F|||50|]Sylveon||FairyFeather|Pixilate|Detect,HyperVoice,HyperBeam,QuickAttack|Modest||M|||50|]Garchomp||LifeOrb|RoughSkin|Protect,DragonClaw,Earthquake,StompingTantrum|Jolly||M|||50|]Aerodactyl||Aerodactylite|RockHead|IceFang,RockSlide,Tailwind,DualWingbeat|Jolly||F|||50|]Farigiraf||SitrusBerry|ArmorTail|TrickRoom,Psychic,Thunderbolt,Roar|Bold||M|||50|
|showteam|p2|Charizard||CharizarditeX|Blaze|Protect,DragonDance,DragonClaw,FlareBlitz|Adamant||M|||50|]Tyranitar||Tyranitarite|SandStream|Protect,Crunch,RockSlide,HighHorsepower|Adamant||M|||50|]Milotic||Leftovers|Competitive|Protect,IcyWind,Scald,Recover|Calm||M|||50|]Sneasler||WhiteHerb|Unburden|FakeOut,DireClaw,CloseCombat,Coaching|Adamant||F|||50|]Incineroar||SitrusBerry|Intimidate|FakeOut,PartingShot,ThroatChop,FlareBlitz|Adamant||M|||50|]Sinistcha||CobaBerry|Hospitality|MatchaGotcha,RagePowder,LifeDew,TrickRoom|Bold|||||50|
|inactive|Battle timer is ON: inactive players will automatically lose when time's up. (requested by cantchat_sorry)
|inactive|Ferran Tiburon also wants the timer to be on.
|j| Qbbandrew
|inactive|Ferran Tiburon has 60 seconds left.
|
|t:|1783088190
|teamsize|p1|4
|teamsize|p2|4
|start
|switch|p1a: Kingambit|Kingambit, L50, F|100/100
|switch|p1b: Sylveon|Sylveon, L50, M|100/100
|switch|p2a: Milotic|Milotic, L50, M|100/100
|switch|p2b: Sneasler|Sneasler, L50, F|100/100
|turn|1
|l| Qbbandrew
|
|t:|1783088214
|switch|p1a: Farigiraf|Farigiraf, L50, M|100/100
|move|p2b: Sneasler|Dire Claw|p1b: Sylveon
|-supereffective|p1b: Sylveon|1
|-damage|p1b: Sylveon|4/100
|move|p2a: Milotic|Scald|p1b: Sylveon
|-damage|p1b: Sylveon|0 fnt
|faint|p1b: Sylveon
|
|upkeep
|inactive|Ferran Tiburon has 30 seconds left.
|
|t:|1783088248
|switch|p1b: Charizard|Charizard, L50, M|100/100
|turn|2
|
|t:|1783088258
|switch|p2b: Charizard|Charizard, L50, M|100/100
|move|p1b: Charizard|Protect|p1b: Charizard
|-singleturn|p1b: Charizard|Protect
|move|p2a: Milotic|Icy Wind|p1a: Farigiraf|[spread] p1a
|-activate|p1b: Charizard|move: Protect
|-damage|p1a: Farigiraf|90/100
|-unboost|p1a: Farigiraf|spe|1
|move|p1a: Farigiraf|Psychic|p2b: Charizard
|-damage|p2b: Charizard|59/100
|
|upkeep
|turn|3
|inactive|Ferran Tiburon has 30 seconds left.
|inactive|cantchat_sorry has 30 seconds left.
|inactive|Ferran Tiburon has 20 seconds left.
|inactive|cantchat_sorry has 20 seconds left.
|
|t:|1783088294
|detailschange|p1b: Charizard|Charizard-Mega-Y, L50, M
|-mega|p1b: Charizard|Charizard|Charizardite Y
|-weather|SunnyDay|[from] ability: Drought|[of] p1b: Charizard
|move|p2b: Charizard|Protect|p2b: Charizard
|-singleturn|p2b: Charizard|Protect
|move|p1b: Charizard|Solar Beam||[still]
|-prepare|p1b: Charizard|Solar Beam
|-anim|p1b: Charizard|Solar Beam|p2a: Milotic
|-supereffective|p2a: Milotic|1
|-damage|p2a: Milotic|40/100
|move|p2a: Milotic|Scald|p1b: Charizard
|-supereffective|p1b: Charizard|1
|-damage|p1b: Charizard|78/100
|move|p1a: Farigiraf|Trick Room|p1a: Farigiraf
|-fieldstart|move: Trick Room|[of] p1a: Farigiraf
|
|-weather|SunnyDay|[upkeep]
|-heal|p2a: Milotic|46/100|[from] item: Leftovers
|upkeep
|turn|4
|inactive|Ferran Tiburon has 30 seconds left.
|inactive|Ferran Tiburon has 20 seconds left.
|inactive|Ferran Tiburon has 15 seconds left.
|inactive|Ferran Tiburon has 10 seconds left.
|inactive|Ferran Tiburon has 5 seconds left.
|
|t:|1783088344
|switch|p2a: Sinistcha|Sinistcha, L50|100/100
|-heal|p2b: Charizard|84/100|[from] ability: Hospitality|[of] p2a: Sinistcha
|detailschange|p2b: Charizard|Charizard-Mega-X, L50, M
|-mega|p2b: Charizard|Charizard|Charizardite X
|move|p1a: Farigiraf|Psychic|p2b: Charizard
|-damage|p2b: Charizard|44/100
|move|p1b: Charizard|Weather Ball|p2b: Charizard
|-resisted|p2b: Charizard|2
|-damage|p2b: Charizard|20/100y
|move|p2b: Charizard|Flare Blitz|p1b: Charizard
|-resisted|p1b: Charizard|1
|-damage|p1b: Charizard|10/100
|-damage|p2b: Charizard|0 fnt|[from] Recoil
|faint|p2b: Charizard
|
|-weather|SunnyDay|[upkeep]
|upkeep
|
|t:|1783088359
|switch|p2b: Milotic|Milotic, L50, M|46/100
|turn|5
|
|t:|1783088384
|move|p1b: Charizard|Protect|p1b: Charizard
|-singleturn|p1b: Charizard|Protect
|move|p2a: Sinistcha|Matcha Gotcha|p1b: Charizard|[spread] p1a
|-activate|p1b: Charizard|move: Protect
|-damage|p1a: Farigiraf|68/100
|move|p2b: Milotic|Scald|p1b: Charizard
|-activate|p1b: Charizard|move: Protect
|move|p1a: Farigiraf|Roar|p2a: Sinistcha
|drag|p2a: Sneasler|Sneasler, L50, F|100/100
|
|-weather|SunnyDay|[upkeep]
|-heal|p2b: Milotic|52/100|[from] item: Leftovers
|upkeep
|turn|6
|
|t:|1783088400
|switch|p2a: Sinistcha|Sinistcha, L50|100/100
|-heal|p2b: Milotic|77/100|[from] ability: Hospitality|[of] p2a: Sinistcha
|move|p1a: Farigiraf|Psychic|p2a: Sinistcha
|-damage|p2a: Sinistcha|67/100
|move|p2b: Milotic|Scald|p1b: Charizard
|-supereffective|p1b: Charizard|1
|-damage|p1b: Charizard|0 fnt
|faint|p1b: Charizard
|
|-weather|SunnyDay|[upkeep]
|-heal|p2b: Milotic|83/100|[from] item: Leftovers
|upkeep
|
|t:|1783088408
|switch|p1b: Kingambit|Kingambit, L50, F|100/100
|turn|7
|inactive|Ferran Tiburon has 30 seconds left.
|inactive|Ferran Tiburon has 20 seconds left.
|inactive|Ferran Tiburon has 15 seconds left.
|inactive|Ferran Tiburon has 10 seconds left.
|
|t:|1783088453
|move|p1a: Farigiraf|Thunderbolt|p2b: Milotic
|-supereffective|p2b: Milotic|1
|-damage|p2b: Milotic|52/100
|move|p2a: Sinistcha|Matcha Gotcha|p1b: Kingambit|[spread] p1a,p1b
|-resisted|p1b: Kingambit|1
|-damage|p1a: Farigiraf|47/100
|-heal|p2a: Sinistcha|80/100|[from] drain|[of] p1a: Farigiraf
|-damage|p1b: Kingambit|85/100
|-heal|p2a: Sinistcha|88/100|[from] drain|[of] p1b: Kingambit
|-enditem|p1a: Farigiraf|Sitrus Berry|[eat]
|-heal|p1a: Farigiraf|72/100|[from] item: Sitrus Berry
|move|p1b: Kingambit|Low Kick|p2b: Milotic
|-damage|p2b: Milotic|18/100
|move|p2b: Milotic|Scald|p1b: Kingambit
|-damage|p1b: Kingambit|68/100
|-status|p1b: Kingambit|brn
|
|-weather|none
|-heal|p2b: Milotic|24/100|[from] item: Leftovers
|-damage|p1b: Kingambit|61/100 brn|[from] brn
|-fieldend|move: Trick Room
|upkeep
|turn|8
|
|t:|1783088478
|move|p2b: Milotic|Recover|p2b: Milotic
|-heal|p2b: Milotic|74/100
|move|p1b: Kingambit|Kowtow Cleave|p2a: Sinistcha
|-supereffective|p2a: Sinistcha|1
|-damage|p2a: Sinistcha|45/100
|move|p2a: Sinistcha|Trick Room|p2a: Sinistcha
|-fieldstart|move: Trick Room|[of] p2a: Sinistcha
|move|p1a: Farigiraf|Trick Room|p1a: Farigiraf
|-fieldend|move: Trick Room
|
|-heal|p2b: Milotic|80/100|[from] item: Leftovers
|-damage|p1b: Kingambit|55/100 brn|[from] brn
|upkeep
|turn|9
|
|t:|1783088495
|move|p2b: Milotic|Scald|p1b: Kingambit
|-damage|p1b: Kingambit|21/100 brn
|move|p1b: Kingambit|Kowtow Cleave|p2a: Sinistcha
|-supereffective|p2a: Sinistcha|1
|-damage|p2a: Sinistcha|1/100
|move|p2a: Sinistcha|Matcha Gotcha|p1b: Kingambit|[spread] p1a,p1b
|-resisted|p1b: Kingambit|1
|-damage|p1a: Farigiraf|49/100
|-heal|p2a: Sinistcha|15/100|[from] drain|[of] p1a: Farigiraf
|-damage|p1b: Kingambit|7/100 brn
|-heal|p2a: Sinistcha|22/100|[from] drain|[of] p1b: Kingambit
|move|p1a: Farigiraf|Trick Room|p1a: Farigiraf
|-fieldstart|move: Trick Room|[of] p1a: Farigiraf
|
|-heal|p2b: Milotic|86/100|[from] item: Leftovers
|-damage|p1b: Kingambit|1/100 brn|[from] brn
|upkeep
|turn|10
|
|t:|1783088521
|move|p2b: Milotic|Protect|p2b: Milotic
|-singleturn|p2b: Milotic|Protect
|move|p1a: Farigiraf|Psychic|p2a: Sinistcha
|-damage|p2a: Sinistcha|0 fnt
|faint|p2a: Sinistcha
|move|p1b: Kingambit|Low Kick|p2b: Milotic
|-activate|p2b: Milotic|move: Protect
|
|-heal|p2b: Milotic|92/100|[from] item: Leftovers
|-damage|p1b: Kingambit|0 fnt|[from] brn
|faint|p1b: Kingambit
|upkeep
|
|t:|1783088531
|switch|p2a: Sneasler|Sneasler, L50, F|100/100
|turn|11
|
|t:|1783088540
|move|p1a: Farigiraf|Psychic|p2a: Sneasler
|-supereffective|p2a: Sneasler|2
|-damage|p2a: Sneasler|0 fnt
|faint|p2a: Sneasler
|move|p2b: Milotic|Scald|p1a: Farigiraf
|-damage|p1a: Farigiraf|23/100
|
|-heal|p2b: Milotic|98/100|[from] item: Leftovers
|upkeep
|turn|12
|
|t:|1783088552
|move|p1a: Farigiraf|Thunderbolt|p2b: Milotic
|-supereffective|p2b: Milotic|1
|-crit|p2b: Milotic
|-damage|p2b: Milotic|51/100
|move|p2b: Milotic|Scald|p1a: Farigiraf
|-damage|p1a: Farigiraf|0 fnt
|faint|p1a: Farigiraf
|
|win|cantchat_sorry
|raw|Ferran Tiburon's rating: 1229 → 1200(-29 for losing)
|raw|cantchat_sorry's rating: 1170 → 1199(+29 for winning)
|l|☆cantchat_sorry
|player|p2|
