|j|☆eeveesbabydaddy
|j|☆JammVGC
|html|eeveesbabydaddyJammVGC    
|uhtml|bestof|Game 1 of a best-of-3
|t:|1757117882
|gametype|doubles
|player|p1|eeveesbabydaddy|archie-usum|1207
|player|p2|JammVGC|marshal|1139
|gen|9
|tier|[Gen 9] VGC 2025 Reg H (Bo3)
|rated|
|rule|Species Clause: Limit one of each Pokémon
|rule|Item Clause: Limit 1 of each item
|clearpoke
|poke|p1|Tyranitar, L50, F|
|poke|p1|Corviknight, L50, F|
|poke|p1|Arcanine-Hisui, L50, M|
|poke|p1|Whimsicott, L50, F|
|poke|p1|Dragonite, L50, F|
|poke|p1|Archaludon, L50, F|
|poke|p2|Dragonite, L50, M|
|poke|p2|Gholdengo, L50|
|poke|p2|Ursaluna-Bloodmoon, L50, M|
|poke|p2|Annihilape, L50, F|
|poke|p2|Maushold-Four, L50|
|poke|p2|Rillaboom, L50, M|
|teampreview|4
|showteam|p1|Tyranitar||AssaultVest|SandStream|RockSlide,KnockOff,LowKick,TeraBlast|||F|||50|,,,,,Grass]Corviknight||SitrusBerry|MirrorArmor|BraveBird,PowerTrip,BulkUp,Roost|||F|||50|,,,,,Water]Arcanine-Hisui||ClearAmulet|Intimidate|RockSlide,ExtremeSpeed,FlareBlitz,Protect|||M|||50|,,,,,Water]Whimsicott||CovertCloak|Prankster|Moonblast,Tailwind,Encore,Taunt|||F|||50|,,,,,Steel]Dragonite||LoadedDice|Multiscale|ScaleShot,StompingTantrum,Protect,Haze|||F|||50|,,,,,Ground]Archaludon||PowerHerb|Sturdy|ElectroShot,DracoMeteor,FlashCannon,Protect|||F|||50|,,,,,Electric
|showteam|p2|Dragonite||LoadedDice|Multiscale|ScaleShot,Tailwind,Haze,Protect|||M|||50|,,,,,Fairy]Gholdengo||LifeOrb|GoodasGold|MakeItRain,ShadowBall,NastyPlot,Protect||||||50|,,,,,Water]Ursaluna-Bloodmoon||AssaultVest|MindsEye|BloodMoon,EarthPower,HyperVoice,VacuumWave|||M|||50|,,,,,Water]Annihilape||SitrusBerry|Defiant|DrainPunch,RageFist,BulkUp,Protect|||F|||50|,,,,,Fire]Maushold-Four||FocusSash|FriendGuard|SuperFang,BeatUp,FollowMe,Protect||||||50|,,,,,Ghost]Rillaboom||MiracleSeed|GrassySurge|WoodHammer,GrassyGlide,HighHorsepower,FakeOut|||M|||50|,,,,,Fire
|
|t:|1757117943
|teamsize|p1|4
|teamsize|p2|4
|start
|switch|p1a: Whimsicott|Whimsicott, L50, F, shiny|100/100
|switch|p1b: Dragonite|Dragonite, L50, F|100/100
|switch|p2a: Annihilape|Annihilape, L50, F|100/100
|switch|p2b: Dragonite|Dragonite, L50, M|100/100
|turn|1
|
|t:|1757117979
|-terastallize|p2b: Dragonite|Fairy
|move|p1b: Dragonite|Protect|p1b: Dragonite
|-singleturn|p1b: Dragonite|Protect
|move|p1a: Whimsicott|Tailwind|p1a: Whimsicott
|-sidestart|p1: eeveesbabydaddy|move: Tailwind
|move|p2a: Annihilape|Rage Fist|p1a: Whimsicott
|-damage|p1a: Whimsicott|79/100
|move|p2b: Dragonite|Scale Shot|p1b: Dragonite
|-activate|p1b: Dragonite|move: Protect
|
|upkeep
|turn|2
|
|t:|1757118010
|switch|p1b: Corviknight|Corviknight, L50, F|100/100
|move|p1a: Whimsicott|Moonblast|p2b: Dragonite
|-crit|p2b: Dragonite
|-damage|p2b: Dragonite|78/100
|-unboost|p2b: Dragonite|spa|1
|move|p2a: Annihilape|Rage Fist|p1a: Whimsicott
|-damage|p1a: Whimsicott|54/100
|move|p2b: Dragonite|Scale Shot|p1b: Corviknight
|-resisted|p1b: Corviknight
|-damage|p1b: Corviknight|94/100
|-resisted|p1b: Corviknight
|-damage|p1b: Corviknight|88/100
|-resisted|p1b: Corviknight
|-damage|p1b: Corviknight|82/100
|-resisted|p1b: Corviknight
|-damage|p1b: Corviknight|76/100
|-resisted|p1b: Corviknight
|-damage|p1b: Corviknight|70/100
|-hitcount|p1b: Corviknight|5
|-unboost|p2b: Dragonite|def|1
|-boost|p2b: Dragonite|spe|1
|
|upkeep
|turn|3
|
|t:|1757118043
|switch|p2b: Maushold|Maushold-Four, L50|100/100
|move|p2a: Annihilape|Protect|p2a: Annihilape
|-singleturn|p2a: Annihilape|Protect
|move|p1a: Whimsicott|Moonblast|p2a: Annihilape
|-activate|p2a: Annihilape|move: Protect
|move|p1b: Corviknight|Brave Bird|p2a: Annihilape
|-activate|p2a: Annihilape|move: Protect
|
|upkeep
|turn|4
|
|t:|1757118071
|move|p2b: Maushold|Follow Me|p2b: Maushold
|-singleturn|p2b: Maushold|move: Follow Me
|move|p1a: Whimsicott|Moonblast|p2b: Maushold
|-damage|p2b: Maushold|66/100
|move|p1b: Corviknight|Bulk Up|p1b: Corviknight
|-boost|p1b: Corviknight|atk|1
|-boost|p1b: Corviknight|def|1
|move|p2a: Annihilape|Bulk Up|p2a: Annihilape
|-boost|p2a: Annihilape|atk|1
|-boost|p2a: Annihilape|def|1
|
|-sideend|p1: eeveesbabydaddy|move: Tailwind
|upkeep
|turn|5
|
|t:|1757118091
|move|p2b: Maushold|Follow Me|p2b: Maushold
|-singleturn|p2b: Maushold|move: Follow Me
|move|p1a: Whimsicott|Taunt|p2b: Maushold
|-start|p2b: Maushold|move: Taunt
|move|p2a: Annihilape|Rage Fist|p1a: Whimsicott
|-crit|p1a: Whimsicott
|-damage|p1a: Whimsicott|3/100
|move|p1b: Corviknight|Bulk Up|p1b: Corviknight
|-boost|p1b: Corviknight|atk|1
|-boost|p1b: Corviknight|def|1
|
|upkeep
|turn|6
|
|t:|1757118106
|switch|p2b: Ursaluna|Ursaluna-Bloodmoon, L50, M|100/100
|move|p2a: Annihilape|Protect|p2a: Annihilape
|-singleturn|p2a: Annihilape|Protect
|move|p1a: Whimsicott|Tailwind|p1a: Whimsicott
|-sidestart|p1: eeveesbabydaddy|move: Tailwind
|move|p1b: Corviknight|Brave Bird|p2a: Annihilape
|-activate|p2a: Annihilape|move: Protect
|
|upkeep
|turn|7
|
|t:|1757118128
|switch|p2b: Dragonite|Dragonite, L50, M, tera:Fairy|78/100
|move|p1a: Whimsicott|Moonblast|p2a: Annihilape
|-supereffective|p2a: Annihilape
|-damage|p2a: Annihilape|46/100
|-unboost|p2a: Annihilape|spa|1
|-ability|p2a: Annihilape|Defiant|boost
|-boost|p2a: Annihilape|atk|2
|-enditem|p2a: Annihilape|Sitrus Berry|[eat]
|-heal|p2a: Annihilape|71/100|[from] item: Sitrus Berry
|move|p1b: Corviknight|Brave Bird|p2a: Annihilape
|-supereffective|p2a: Annihilape
|-damage|p2a: Annihilape|0 fnt
|faint|p2a: Annihilape
|-damage|p1b: Corviknight|46/100|[from] Recoil
|-enditem|p1b: Corviknight|Sitrus Berry|[eat]
|-heal|p1b: Corviknight|71/100|[from] item: Sitrus Berry
|
|upkeep
|
|t:|1757118132
|switch|p2a: Ursaluna|Ursaluna-Bloodmoon, L50, M|100/100
|turn|8
|
|t:|1757118157
|move|p1a: Whimsicott|Taunt|p2b: Dragonite
|-start|p2b: Dragonite|move: Taunt
|move|p1b: Corviknight|Roost|p1b: Corviknight
|-heal|p1b: Corviknight|100/100
|-singleturn|p1b: Corviknight|move: Roost
|move|p2b: Dragonite|Scale Shot|p1b: Corviknight
|-resisted|p1b: Corviknight
|-damage|p1b: Corviknight|98/100
|-resisted|p1b: Corviknight
|-damage|p1b: Corviknight|95/100
|-resisted|p1b: Corviknight
|-damage|p1b: Corviknight|92/100
|-resisted|p1b: Corviknight
|-damage|p1b: Corviknight|89/100
|-hitcount|p1b: Corviknight|4
|-unboost|p2b: Dragonite|def|1
|-boost|p2b: Dragonite|spe|1
|move|p2a: Ursaluna|Hyper Voice|p1a: Whimsicott|[spread] p1a,p1b
|-resisted|p1b: Corviknight
|-damage|p1a: Whimsicott|0 fnt
|-damage|p1b: Corviknight|73/100
|faint|p1a: Whimsicott
|
|upkeep
|
|t:|1757118191
|switch|p1a: Archaludon|Archaludon, L50, F|100/100
|turn|9
|
|t:|1757118206
|switch|p2b: Maushold|Maushold-Four, L50|66/100
|move|p1a: Archaludon|Draco Meteor|p2a: Ursaluna|[miss]
|-miss|p1a: Archaludon|p2a: Ursaluna
|move|p1b: Corviknight|Brave Bird|p2a: Ursaluna
|-damage|p2a: Ursaluna|51/100
|-damage|p1b: Corviknight|56/100|[from] Recoil
|move|p2a: Ursaluna|Earth Power|p1a: Archaludon
|-supereffective|p1a: Archaludon
|-ability|p1a: Archaludon|Sturdy
|-damage|p1a: Archaludon|1/100
|
|-sideend|p1: eeveesbabydaddy|move: Tailwind
|upkeep
|turn|10
|
|t:|1757118246
|move|p2b: Maushold|Super Fang|p1b: Corviknight
|-damage|p1b: Corviknight|28/100
|move|p1a: Archaludon|Draco Meteor|p2a: Ursaluna
|-damage|p2a: Ursaluna|17/100
|-unboost|p1a: Archaludon|spa|2
|move|p1b: Corviknight|Brave Bird|p2a: Ursaluna
|-damage|p2a: Ursaluna|0 fnt
|faint|p2a: Ursaluna
|-damage|p1b: Corviknight|23/100|[from] Recoil
|
|upkeep
|
|t:|1757118257
|switch|p2a: Dragonite|Dragonite, L50, M, tera:Fairy|78/100
|turn|11
|-message|JammVGC forfeited.
|
|win|eeveesbabydaddy
|l|☆JammVGC
|player|p2|
||JammVGC is ready for game 2.
