|j|☆The PWC Luigi
|j|☆forzaturinstorm
|html|The PWC Luigiforzaturinstorm    
|uhtml|bestof|Game 3 of a best-of-3
|t:|1756920062
|gametype|doubles
|player|p1|The PWC Luigi|cheren-gen5bw2|1121
|player|p2|forzaturinstorm|nate|1091
|gen|9
|tier|[Gen 9] VGC 2025 Reg H (Bo3)
|rated|
|rule|Species Clause: Limit one of each Pokémon
|rule|Item Clause: Limit 1 of each item
|clearpoke
|poke|p1|Tyranitar, L50, F|
|poke|p1|Excadrill, L50, F|
|poke|p1|Sinistcha-Masterpiece, L50|
|poke|p1|Salamence, L50, F|
|poke|p1|Blaziken, L50, M|
|poke|p1|Bruxish, L50, M|
|poke|p2|Pelipper, L50, F|
|poke|p2|Archaludon, L50, M|
|poke|p2|Maushold-Four, L50|
|poke|p2|Annihilape, L50, F|
|poke|p2|Sinistcha, L50|
|poke|p2|Klefki, L50, F|
|teampreview|4
|showteam|p1|Tyranitar||ClearAmulet|SandStream|RockSlide,KnockOff,DragonDance,Protect|||F|||50|,,,,,Grass]Excadrill||AssaultVest|SandRush|Earthquake,IronHead,HighHorsepower,RockSlide|||F|||50|,,,,,Ghost]Sinistcha-Masterpiece||SitrusBerry|Hospitality|ShadowBall,MatchaGotcha,RagePowder,Protect||||||50|,,,,,Dark]Salamence||LifeOrb|Intimidate|DracoMeteor,AirSlash,Protect,Tailwind|||F|||50|,,,,,Ghost]Blaziken||CovertCloak|SpeedBoost|AuraSphere,HeatWave,Coaching,WillOWisp|||M|||50|,,,,,Dragon]Bruxish||ChoiceScarf|Dazzling|PsychicFangs,WaveCrash,FlipTurn,SuperFang|||M|||50|,,,,,Water
|showteam|p2|Pelipper||FocusSash|Drizzle|Tailwind,WeatherBall,Hurricane,Protect|||F|||50|,,,,,Stellar]Archaludon||AssaultVest|Stamina|BodyPress,ElectroShot,Snarl,DracoMeteor|||M|||50|,,,,,Grass]Maushold-Four||SafetyGoggles|FriendGuard|BeatUp,FollowMe,Taunt,Protect||||||50|,,,,,Ghost]Annihilape||Leftovers|Defiant|RageFist,DrainPunch,BulkUp,Protect|||F|||50|,,,,,Grass]Sinistcha||SitrusBerry|Hospitality|MatchaGotcha,RagePowder,LifeDew,TrickRoom||||||50|,,,,,Fire]Klefki||LightClay|Prankster|LightScreen,Reflect,DazzlingGleam,ThunderWave|||F|||50|,,,,,Ghost
|
|t:|1756920124
|teamsize|p1|4
|teamsize|p2|4
|start
|switch|p1a: Puppet|Sinistcha-Masterpiece, L50|100/100
|switch|p1b: Salamence|Salamence, L50, F|100/100
|switch|p2a: Annihilape|Annihilape, L50, F, shiny|100/100
|switch|p2b: Maushold|Maushold-Four, L50|100/100
|-ability|p1b: Salamence|Intimidate|boost
|-unboost|p2a: Annihilape|atk|1
|-ability|p2a: Annihilape|Defiant|boost
|-boost|p2a: Annihilape|atk|2
|-unboost|p2b: Maushold|atk|1
|turn|1
|
|t:|1756920173
|move|p1a: Puppet|Protect|p1a: Puppet
|-singleturn|p1a: Puppet|Protect
|move|p2b: Maushold|Follow Me|p2b: Maushold
|-singleturn|p2b: Maushold|move: Follow Me
|move|p1b: Salamence|Air Slash|p2b: Maushold
|-damage|p2b: Maushold|44/100
|-damage|p1b: Salamence|91/100|[from] item: Life Orb
|move|p2a: Annihilape|Bulk Up|p2a: Annihilape
|-boost|p2a: Annihilape|atk|1
|-boost|p2a: Annihilape|def|1
|
|upkeep
|turn|2
|
|t:|1756920215
|move|p2b: Maushold|Beat Up|p2a: Annihilape
|-damage|p2a: Annihilape|99/100
|-damage|p2a: Annihilape|97/100
|-damage|p2a: Annihilape|96/100
|-damage|p2a: Annihilape|95/100
|-hitcount|p2a: Annihilape|4
|move|p1b: Salamence|Air Slash|p2b: Maushold
|-damage|p2b: Maushold|0 fnt
|faint|p2b: Maushold
|-damage|p1b: Salamence|81/100|[from] item: Life Orb
|move|p2a: Annihilape|Rage Fist|p1b: Salamence
|-damage|p1b: Salamence|0 fnt
|faint|p1b: Salamence
|move|p1a: Puppet|Shadow Ball|p2a: Annihilape
|-supereffective|p2a: Annihilape
|-damage|p2a: Annihilape|15/100
|
|-heal|p2a: Annihilape|21/100|[from] item: Leftovers
|upkeep
|
|t:|1756920234
|switch|p2b: Sinistcha|Sinistcha, L50|100/100
|switch|p1b: Blaziken|Blaziken, L50, M|100/100
|-heal|p2a: Annihilape|46/100|[from] ability: Hospitality|[of] p2b: Sinistcha
|turn|3
|
|t:|1756920261
|switch|p1b: Tyranitar|Tyranitar, L50, F|100/100
|-weather|Sandstorm|[from] ability: Sand Stream|[of] p1b: Tyranitar
|-terastallize|p2b: Sinistcha|Fire
|move|p2b: Sinistcha|Rage Powder|p2b: Sinistcha
|-singleturn|p2b: Sinistcha|move: Rage Powder
|move|p2a: Annihilape|Rage Fist|p1a: Puppet
|-supereffective|p1a: Puppet
|-damage|p1a: Puppet|0 fnt
|faint|p1a: Puppet
|
|-weather|Sandstorm|[upkeep]
|-damage|p2a: Annihilape|40/100|[from] Sandstorm
|-damage|p2b: Sinistcha|94/100|[from] Sandstorm
|-heal|p2a: Annihilape|46/100|[from] item: Leftovers
|upkeep
|
|t:|1756920271
|switch|p1a: Blaziken|Blaziken, L50, M|100/100
|turn|4
|
|t:|1756920294
|-terastallize|p1b: Tyranitar|Grass
|move|p2b: Sinistcha|Rage Powder|p2b: Sinistcha
|-singleturn|p2b: Sinistcha|move: Rage Powder
|move|p2a: Annihilape|Drain Punch|p1b: Tyranitar
|-damage|p1b: Tyranitar|32/100
|-heal|p2a: Annihilape|77/100|[from] drain|[of] p1b: Tyranitar
|move|p1a: Blaziken|Coaching|p1b: Tyranitar
|-boost|p1b: Tyranitar|atk|1
|-boost|p1b: Tyranitar|def|1
|move|p1b: Tyranitar|Dragon Dance|p1b: Tyranitar
|-boost|p1b: Tyranitar|atk|1
|-boost|p1b: Tyranitar|spe|1
|
|-weather|Sandstorm|[upkeep]
|-damage|p1b: Tyranitar|26/100|[from] Sandstorm
|-damage|p2a: Annihilape|71/100|[from] Sandstorm
|-damage|p1a: Blaziken|95/100|[from] Sandstorm
|-damage|p2b: Sinistcha|88/100|[from] Sandstorm
|-heal|p2a: Annihilape|77/100|[from] item: Leftovers
|-ability|p1a: Blaziken|Speed Boost|boost
|-boost|p1a: Blaziken|spe|1
|upkeep
|turn|5
|
|t:|1756920323
|move|p2b: Sinistcha|Rage Powder|p2b: Sinistcha
|-singleturn|p2b: Sinistcha|move: Rage Powder
|move|p1a: Blaziken|Heat Wave|p2a: Annihilape|[spread] p2b
|-miss|p1a: Blaziken|p2a: Annihilape
|-resisted|p2b: Sinistcha
|-damage|p2b: Sinistcha|74/100
|move|p1b: Tyranitar|Rock Slide|p2b: Sinistcha|[spread] p2a,p2b
|-resisted|p2a: Annihilape
|-crit|p2a: Annihilape
|-supereffective|p2b: Sinistcha
|-damage|p2a: Annihilape|27/100
|-damage|p2b: Sinistcha|0 fnt
|faint|p2b: Sinistcha
|move|p2a: Annihilape|Rage Fist|p1a: Blaziken
|-damage|p1a: Blaziken|0 fnt
|faint|p1a: Blaziken
|
|-weather|Sandstorm|[upkeep]
|-damage|p1b: Tyranitar|20/100|[from] Sandstorm
|-damage|p2a: Annihilape|21/100|[from] Sandstorm
|-heal|p2a: Annihilape|27/100|[from] item: Leftovers
|upkeep
|
|t:|1756920338
|switch|p2b: Klefki|Klefki, L50, F|100/100
|turn|6
|
|t:|1756920358
|move|p2b: Klefki|Thunder Wave|p1b: Tyranitar|[miss]
|-miss|p2b: Klefki|p1b: Tyranitar
|move|p1b: Tyranitar|Knock Off|p2a: Annihilape
|-damage|p2a: Annihilape|0 fnt
|-enditem|p2a: Annihilape|Leftovers|[from] move: Knock Off|[of] p1b: Tyranitar
|faint|p2a: Annihilape
|
|-weather|Sandstorm|[upkeep]
|-damage|p1b: Tyranitar|14/100|[from] Sandstorm
|upkeep
|turn|7
|
|t:|1756920368
|move|p1b: Tyranitar|Knock Off|p2b: Klefki
|-resisted|p2b: Klefki
|-damage|p2b: Klefki|41/100
|-enditem|p2b: Klefki|Light Clay|[from] move: Knock Off|[of] p1b: Tyranitar
|move|p2b: Klefki|Dazzling Gleam|p1b: Tyranitar
|-damage|p1b: Tyranitar|0 fnt
|faint|p1b: Tyranitar
|
|win|forzaturinstorm
|raw|The PWC Luigi's rating: 1121 → 1094(-27 for losing)
|raw|forzaturinstorm's rating: 1091 → 1120(+29 for winning)
|l|☆forzaturinstorm
|player|p2|
