|j|☆hollowtide
|j|☆thatboydin
|html|hollowtidethatboydin    
|uhtml|bestof|Game 1 of a best-of-3
|t:|1757818182
|gametype|doubles
|player|p1|hollowtide|depotagent|1152
|player|p2|thatboydin|medium|1181
|gen|9
|tier|[Gen 9] VGC 2025 Reg H (Bo3)
|rated|
|rule|Species Clause: Limit one of each Pokémon
|rule|Item Clause: Limit 1 of each item
|clearpoke
|poke|p1|Garchomp, L50, F|
|poke|p1|Tyranitar, L50, M|
|poke|p1|Gholdengo, L50|
|poke|p1|Incineroar, L50, F|
|poke|p1|Talonflame, L50, F|
|poke|p1|Amoonguss, L50, M|
|poke|p2|Archaludon, L50, M|
|poke|p2|Basculegion, L50, M|
|poke|p2|Pelipper, L50, F|
|poke|p2|Rillaboom, L50, M|
|poke|p2|Incineroar, L50, M|
|poke|p2|Maushold, L50|
|teampreview|4
|showteam|p1|Garchomp||LifeOrb|RoughSkin|Earthquake,StompingTantrum,DragonClaw,Protect|||F|||50|,,,,,Ground]Tyranitar||AssaultVest|SandStream|RockSlide,KnockOff,TeraBlast,LowKick|||M|||50|,,,,,Flying]Gholdengo||MetalCoat|GoodasGold|MakeItRain,ShadowBall,NastyPlot,Protect||||||50|,,,,,Water]Incineroar||RockyHelmet|Intimidate|FakeOut,KnockOff,FlareBlitz,PartingShot|||F|||50|,,,,,Grass]Talonflame||SafetyGoggles|GaleWings|Tailwind,BraveBird,FlareBlitz,Taunt|||F|||50|,,,,,Ghost]Amoonguss||SitrusBerry|Regenerator|Spore,RagePowder,PollenPuff,Protect|||M|||50|,,,,,Water
|showteam|p2|Archaludon||AssaultVest|Stamina|ElectroShot,DragonPulse,FlashCannon,BodyPress|||M|||50|,,,,,Grass]Basculegion||ChoiceBand|SwiftSwim|AquaJet,WaveCrash,FlipTurn,LastRespects|||M|||50|,,,,,Water]Pelipper||FocusSash|Drizzle|Hurricane,WeatherBall,Tailwind,Protect|||F|||50|,,,,,Ghost]Rillaboom||LoadedDice|GrassySurge|BulletSeed,GrassyGlide,FakeOut,HighHorsepower|||M|||50|,,,,,Fire]Incineroar||SafetyGoggles|Intimidate|FakeOut,FlareBlitz,KnockOff,PartingShot|||M|||50|,,,,,Ghost]Maushold||WideLens|Technician|PopulationBomb,ThunderWave,Taunt,FollowMe||||||50|,,,,,Grass
|
|t:|1757818209
|teamsize|p1|4
|teamsize|p2|4
|start
|switch|p1a: cashregister.mp3|Gholdengo, L50|100/100
|switch|p1b: catgirl|Incineroar, L50, F|100/100
|switch|p2a: Pelipper|Pelipper, L50, F, shiny|100/100
|switch|p2b: Archaludon|Archaludon, L50, M|100/100
|-weather|RainDance|[from] ability: Drizzle|[of] p2a: Pelipper
|-ability|p1b: catgirl|Intimidate|boost
|-unboost|p2a: Pelipper|atk|1
|-unboost|p2b: Archaludon|atk|1
|turn|1
|
|t:|1757818251
|-terastallize|p1a: cashregister.mp3|Water
|move|p1b: catgirl|Fake Out|p2b: Archaludon
|-resisted|p2b: Archaludon
|-damage|p2b: Archaludon|95/100
|-ability|p2b: Archaludon|Stamina|boost
|-boost|p2b: Archaludon|def|1
|move|p1a: cashregister.mp3|Nasty Plot|p1a: cashregister.mp3
|-boost|p1a: cashregister.mp3|spa|2
|move|p2a: Pelipper|Tailwind|p2a: Pelipper
|-sidestart|p2: thatboydin|move: Tailwind
|cant|p2b: Archaludon|flinch
|
|-weather|RainDance|[upkeep]
|upkeep
|turn|2
|
|t:|1757818275
|move|p1a: cashregister.mp3|Protect|p1a: cashregister.mp3
|-singleturn|p1a: cashregister.mp3|Protect
|move|p2a: Pelipper|Weather Ball|p1b: catgirl
|-supereffective|p1b: catgirl
|-damage|p1b: catgirl|0 fnt
|faint|p1b: catgirl
|move|p2b: Archaludon|Electro Shot||[still]
|-prepare|p2b: Archaludon|Electro Shot
|-boost|p2b: Archaludon|spa|1
|-anim|p2b: Archaludon|Electro Shot|p1a: cashregister.mp3
|-activate|p1a: cashregister.mp3|move: Protect
|
|-weather|RainDance|[upkeep]
|upkeep
|
|t:|1757818281
|switch|p1b: Spore of Time|Amoonguss, L50, M|100/100
|turn|3
|
|t:|1757818295
|-terastallize|p2b: Archaludon|Grass
|move|p1b: Spore of Time|Rage Powder|p1b: Spore of Time
|-singleturn|p1b: Spore of Time|move: Rage Powder
|move|p2a: Pelipper|Hurricane|p1b: Spore of Time
|-supereffective|p1b: Spore of Time
|-damage|p1b: Spore of Time|13/100
|-enditem|p1b: Spore of Time|Sitrus Berry|[eat]
|-heal|p1b: Spore of Time|38/100|[from] item: Sitrus Berry
|move|p2b: Archaludon|Electro Shot||[still]
|-prepare|p2b: Archaludon|Electro Shot
|-boost|p2b: Archaludon|spa|1
|-anim|p2b: Archaludon|Electro Shot|p1a: cashregister.mp3
|-supereffective|p1a: cashregister.mp3
|-damage|p1a: cashregister.mp3|0 fnt
|faint|p1a: cashregister.mp3
|
|-weather|RainDance|[upkeep]
|upkeep
|
|t:|1757818309
|switch|p1a: dinosaur hell yeah|Tyranitar, L50, M|100/100
|-weather|Sandstorm|[from] ability: Sand Stream|[of] p1a: dinosaur hell yeah
|turn|4
|
|t:|1757818324
|switch|p2a: Incineroar|Incineroar, L50, M|100/100
|-ability|p2a: Incineroar|Intimidate|boost
|-unboost|p1a: dinosaur hell yeah|atk|1
|-unboost|p1b: Spore of Time|atk|1
|move|p2b: Archaludon|Dragon Pulse|p1a: dinosaur hell yeah
|-damage|p1a: dinosaur hell yeah|71/100
|move|p1a: dinosaur hell yeah|Low Kick|p2a: Incineroar
|-supereffective|p2a: Incineroar
|-damage|p2a: Incineroar|60/100
|move|p1b: Spore of Time|Spore|p2a: Incineroar
|-activate|p2a: Incineroar|item: Safety Goggles|Spore
|
|-weather|Sandstorm|[upkeep]
|-damage|p2b: Archaludon|89/100|[from] Sandstorm
|-damage|p1b: Spore of Time|32/100|[from] Sandstorm
|-sideend|p2: thatboydin|move: Tailwind
|upkeep
|turn|5
|-message|hollowtide forfeited.
|
|win|thatboydin
|l|☆hollowtide
|player|p1|
|raw|hollowtide's rating: 1152 → 1129(-23 for losing)
|raw|thatboydin's rating: 1181 → 1204(+23 for winning)
