|j|☆ilikecsr
|j|☆the rainy mouse
|html|ilikecsrthe rainy mouse    
|uhtml|bestof|Game 1 of a best-of-3
|t:|1786178155
|gametype|doubles
|player|p1|ilikecsr|volkner|1240
|player|p2|the rainy mouse|1|1378
|gen|9
|tier|[Gen 9 Champions] VGC 2026 Reg M-B (Bo3)
|rated|
|rule|Species Clause: Limit one of each Pokémon
|rule|Item Clause: Limit 1 of each item
|clearpoke
|poke|p1|Swampert, L50, M|
|poke|p1|Archaludon, L50, M|
|poke|p1|Sableye, L50, M|
|poke|p1|Sinistcha-Masterpiece, L50|
|poke|p1|Pelipper, L50, M|
|poke|p1|Floette-Eternal, L50, F|
|poke|p2|Arcanine-Hisui, L50, M|
|poke|p2|Floette-Eternal, L50, F|
|poke|p2|Kingambit, L50, M|
|poke|p2|Dragonite, L50, F|
|poke|p2|Basculegion, L50, M|
|poke|p2|Whimsicott, L50, M|
|teampreview|4
|showteam|p1|Swampert||Swampertite|Torrent|WaveCrash,Earthquake,IcePunch,Protect|Adamant||M|||50|]Archaludon||Leftovers|Stamina|ElectroShot,DragonPulse,FlashCannon,Protect|Modest||M|||50|]Sableye||LightClay|Prankster|Reflect,LightScreen,RainDance,Encore|Sassy||M|||50|]Sinistcha-Masterpiece||ColburBerry|Hospitality|MatchaGotcha,RagePowder,TrickRoom,Protect|Sassy|||||50|]Pelipper||FocusSash|Drizzle|WeatherBall,Hurricane,Tailwind,Protect|Modest||M|||50|]Floette-Eternal||Floettite|FlowerVeil|Moonblast,DazzlingGleam,LightofRuin,Protect|Modest||F|||50|
|showteam|p2|Arcanine-Hisui||FocusSash|Intimidate|FlareBlitz,HeadSmash,ExtremeSpeed,Protect|Jolly||M|||50|]Floette-Eternal||Floettite|FlowerVeil|Moonblast,LightofRuin,DazzlingGleam,Protect|Modest||F|||50|]Kingambit||BlackGlasses|Defiant|KowtowCleave,SuckerPunch,IronHead,Protect|Adamant||M|||50|]Dragonite||LifeOrb|InnerFocus|DragonClaw,Superpower,ExtremeSpeed,Protect|Adamant||F|||50|]Basculegion||ChoiceScarf|Adaptability|WaveCrash,LastRespects,AquaJet,FlipTurn|Jolly||M|||50|]Whimsicott||OccaBerry|Prankster|Moonblast,Tailwind,Encore,Protect|Timid||M|||50|
|inactive|Battle timer is ON: inactive players will automatically lose when time's up. (requested by ilikecsr)
|c|☆ilikecsr|glhf
|c|☆the rainy mouse|GLHF
|inactive|the rainy mouse has 60 seconds left.
|
|t:|1786178217
|teamsize|p1|4
|teamsize|p2|4
|start
|switch|p1a: Katappa|Pelipper, L50, M|100/100
|switch|p1b: Bahubali|Swampert, L50, M|100/100
|switch|p2a: Whimsicott|Whimsicott, L50, M|100/100
|switch|p2b: Basculegion|Basculegion, L50, M|100/100
|-weather|RainDance|[from] ability: Drizzle|[of] p1a: Katappa
|turn|1
|
|t:|1786178236
|move|p2a: Whimsicott|Protect|p2a: Whimsicott
|-singleturn|p2a: Whimsicott|Protect
|move|p1b: Bahubali|Protect|p1b: Bahubali
|-singleturn|p1b: Bahubali|Protect
|move|p2b: Basculegion|Wave Crash|p1b: Bahubali
|-activate|p1b: Bahubali|move: Protect
|move|p1a: Katappa|Tailwind|p1a: Katappa
|-sidestart|p1: ilikecsr|move: Tailwind
|
|-weather|RainDance|[upkeep]
|upkeep
|turn|2
|
|t:|1786178247
|switch|p1b: Maithan Steel|Archaludon, L50, M|100/100
|move|p2a: Whimsicott|Encore|p1a: Katappa
|-start|p1a: Katappa|Encore
|move|p1a: Katappa|Tailwind||[still]
|-fail|p1a: Katappa
|move|p2b: Basculegion|Wave Crash|p1b: Maithan Steel
|-resisted|p1b: Maithan Steel|1
|-damage|p1b: Maithan Steel|57/100
|-ability|p1b: Maithan Steel|Stamina|boost
|-boost|p1b: Maithan Steel|def|1
|-damage|p2b: Basculegion|85/100|[from] Recoil
|
|-weather|RainDance|[upkeep]
|-heal|p1b: Maithan Steel|63/100|[from] item: Leftovers
|upkeep
|turn|3
|
|t:|1786178266
|switch|p1a: Sinistcha|Sinistcha-Masterpiece, L50|100/100
|-heal|p1b: Maithan Steel|88/100|[from] ability: Hospitality|[of] p1a: Sinistcha
|switch|p2b: Floette|Floette-Eternal, L50, F|100/100
|move|p1b: Maithan Steel|Electro Shot||[still]
|-prepare|p1b: Maithan Steel|Electro Shot
|-boost|p1b: Maithan Steel|spa|1
|-anim|p1b: Maithan Steel|Electro Shot|p2b: Floette
|-damage|p2b: Floette|45/100
|move|p2a: Whimsicott|Moonblast|p1b: Maithan Steel
|-damage|p1b: Maithan Steel|63/100
|-ability|p1b: Maithan Steel|Stamina|boost
|-boost|p1b: Maithan Steel|def|1
|
|-weather|RainDance|[upkeep]
|-heal|p1b: Maithan Steel|69/100|[from] item: Leftovers
|upkeep
|turn|4
|inactive|ilikecsr has 30 seconds left.
|
|t:|1786178292
|switch|p1a: Bahubali|Swampert, L50, M|100/100
|detailschange|p2b: Floette|Floette-Mega, L50, F
|-mega|p2b: Floette|Floette|Floettite
|-ability|p2b: Floette|Fairy Aura
|move|p2a: Whimsicott|Tailwind|p2a: Whimsicott
|-sidestart|p2: the rainy mouse|move: Tailwind
|move|p2b: Floette|Light of Ruin|p1a: Bahubali
|-damage|p1a: Bahubali|0 fnt
|faint|p1a: Bahubali
|-damage|p2b: Floette|0 fnt|[from] Recoil
|faint|p2b: Floette
|move|p1b: Maithan Steel|Electro Shot||[still]
|-prepare|p1b: Maithan Steel|Electro Shot
|-boost|p1b: Maithan Steel|spa|1
|-anim|p1b: Maithan Steel|Electro Shot|p2a: Whimsicott
|-resisted|p2a: Whimsicott|1
|-damage|p2a: Whimsicott|40/100
|
|-weather|RainDance|[upkeep]
|-heal|p1b: Maithan Steel|75/100|[from] item: Leftovers
|-sideend|p1: ilikecsr|move: Tailwind
|upkeep
|
|t:|1786178316
|switch|p2b: Basculegion|Basculegion, L50, M|85/100
|switch|p1a: Katappa|Pelipper, L50, M|100/100
|turn|5
|
|t:|1786178338
|move|p2b: Basculegion|Last Respects|p1a: Katappa
|-damage|p1a: Katappa|22/100
|move|p2a: Whimsicott|Moonblast|p1a: Katappa
|-damage|p1a: Katappa|0 fnt
|faint|p1a: Katappa
|move|p1b: Maithan Steel|Electro Shot||[still]
|-prepare|p1b: Maithan Steel|Electro Shot
|-boost|p1b: Maithan Steel|spa|1
|-anim|p1b: Maithan Steel|Electro Shot|p2b: Basculegion
|-supereffective|p2b: Basculegion|1
|-damage|p2b: Basculegion|0 fnt
|faint|p2b: Basculegion
|
|-weather|none
|-heal|p1b: Maithan Steel|81/100|[from] item: Leftovers
|upkeep
|-message|the rainy mouse forfeited.
|
|win|ilikecsr
||the rainy mouse is ready for game 2.
|inactive|ilikecsr has 30 seconds to confirm battle start!
|inactive|ilikecsr has 20 seconds to confirm battle start!
