|j|☆new mental
|j|☆Dr_Cups
|html|new mentalDr_Cups    
|uhtml|bestof|Game 2 of a best-of-3
|t:|1784917392
|gametype|doubles
|player|p1|new mental|volkner|1344
|player|p2|Dr_Cups|102|1258
|gen|9
|tier|[Gen 9 Champions] VGC 2026 Reg M-B (Bo3)
|rated|
|rule|Species Clause: Limit one of each Pokémon
|rule|Item Clause: Limit 1 of each item
|clearpoke
|poke|p1|Charizard, L50, M|
|poke|p1|Garchomp, L50, F|
|poke|p1|Incineroar, L50, F|
|poke|p1|Venusaur, L50, F|
|poke|p1|Toxapex, L50, F|
|poke|p1|Sylveon, L50, M|
|poke|p2|Staraptor, L50, M|
|poke|p2|Vanilluxe, L50, F|
|poke|p2|Farigiraf, L50, M|
|poke|p2|Blastoise, L50, F|
|poke|p2|Kingambit, L50, F|
|poke|p2|Camerupt, L50, M|
|teampreview|4
|showteam|p1|Charizard||CharizarditeY|SolarPower|WeatherBall,HeatWave,AncientPower,Protect|Modest||M|||50|]Garchomp||ChoiceScarf|RoughSkin|RockSlide,DragonClaw,Earthquake,StompingTantrum|Adamant||F|||50|]Incineroar||SitrusBerry|Intimidate|FlareBlitz,FakeOut,DarkestLariat,PartingShot|Impish||F|||50|]Venusaur||LifeOrb|Chlorophyll|SludgeBomb,LeafStorm,EarthPower,Protect|Modest||F|||50|]Toxapex||Leftovers|Regenerator|Infestation,Toxic,WideGuard,BanefulBunker|Bold||F|||50|]Sylveon||FairyFeather|Pixilate|HyperVoice,QuickAttack,Yawn,Detect|Modest||M|||50|
|showteam|p2|Staraptor||ChoiceScarf|Intimidate|FinalGambit,BraveBird,CloseCombat,Uturn|Jolly||M|||50|]Vanilluxe||NeverMeltIce|SnowWarning|Blizzard,FreezeDry,Protect,IceShard|Quiet||F|||50|]Farigiraf||SitrusBerry|ArmorTail|PsychicFangs,HyperVoice,HelpingHand,TrickRoom|Relaxed||M|||50|]Blastoise||Blastoisinite|RainDish|FakeOut,WaterSpout,AuraSphere,DarkPulse|Quiet||F|||50|]Kingambit||LifeOrb|Defiant|KowtowCleave,IronHead,Protect,SuckerPunch|Brave||F|||50|]Camerupt||Cameruptite|SolidRock|HeatWave,EarthPower,Protect,AncientPower|Quiet||M|||50|
|inactive|Battle timer is ON: inactive players will automatically lose when time's up. (requested by new mental)
|
|t:|1784917417
|teamsize|p1|4
|teamsize|p2|4
|start
|switch|p1a: Toxapex|Toxapex, L50, F|100/100
|switch|p1b: Sylveon|Sylveon, L50, M|100/100
|switch|p2a: Kingambit|Kingambit, L50, F|100/100
|switch|p2b: Vanilluxe|Vanilluxe, L50, F|100/100
|-weather|Snowscape|[from] ability: Snow Warning|[of] p2b: Vanilluxe
|turn|1
|
|t:|1784917441
|move|p2b: Vanilluxe|Freeze-Dry|p1a: Toxapex
|-supereffective|p1a: Toxapex|1
|-damage|p1a: Toxapex|37/100
|move|p1b: Sylveon|Yawn|p2a: Kingambit
|-start|p2a: Kingambit|move: Yawn|[of] p1b: Sylveon
|move|p2a: Kingambit|Iron Head|p1b: Sylveon
|-supereffective|p1b: Sylveon|1
|-damage|p1b: Sylveon|0 fnt
|faint|p1b: Sylveon
|-damage|p2a: Kingambit|90/100|[from] item: Life Orb
|move|p1a: Toxapex|Infestation|p2a: Kingambit
|-damage|p2a: Kingambit|86/100
|-activate|p2a: Kingambit|move: Infestation|[of] p1a: Toxapex
|
|-weather|Snowscape|[upkeep]
|-heal|p1a: Toxapex|43/100|[from] item: Leftovers
|-damage|p2a: Kingambit|74/100|[from] move: Infestation|[partiallytrapped]
|upkeep
|
|t:|1784917444
|switch|p1b: Charizard|Charizard, L50, M|100/100
|turn|2
|inactive|Dr_Cups has 30 seconds left.
|
|t:|1784917475
|switch|p2b: Camerupt|Camerupt, L50, M|100/100
|detailschange|p1b: Charizard|Charizard-Mega-Y, L50, M
|-mega|p1b: Charizard|Charizard|Charizardite Y
|-weather|SunnyDay|[from] ability: Drought|[of] p1b: Charizard
|move|p2a: Kingambit|Sucker Punch|p1b: Charizard
|-damage|p1b: Charizard|55/100
|-damage|p2a: Kingambit|65/100|[from] item: Life Orb
|move|p1b: Charizard|Weather Ball|p2b: Camerupt
|-resisted|p2b: Camerupt|1
|-damage|p2b: Camerupt|51/100
|move|p1a: Toxapex|Infestation|p2b: Camerupt
|-resisted|p2b: Camerupt|1
|-damage|p2b: Camerupt|49/100
|-activate|p2b: Camerupt|move: Infestation|[of] p1a: Toxapex
|
|-weather|SunnyDay|[upkeep]
|-heal|p1a: Toxapex|49/100|[from] item: Leftovers
|-damage|p2a: Kingambit|53/100|[from] move: Infestation|[partiallytrapped]
|-damage|p2b: Camerupt|37/100|[from] move: Infestation|[partiallytrapped]
|-end|p2a: Kingambit|move: Yawn|[silent]
|-status|p2a: Kingambit|slp
|upkeep
|turn|3
|inactive|new mental has 30 seconds left.
|inactive|Dr_Cups has 30 seconds left.
|inactive|Dr_Cups has 20 seconds left.
|inactive|Dr_Cups has 15 seconds left.
|
|t:|1784917518
|-heal|p1a: Toxapex|82/100|[from] ability: Regenerator|[silent]
|switch|p1a: Garchomp|Garchomp, L50, F|100/100
|move|p1b: Charizard|Protect|p1b: Charizard
|-singleturn|p1b: Charizard|Protect
|move|p2b: Camerupt|Protect|p2b: Camerupt
|-singleturn|p2b: Camerupt|Protect
|cant|p2a: Kingambit|slp
|
|-weather|SunnyDay|[upkeep]
|-end|p2a: Kingambit|Infestation|[partiallytrapped]|[silent]
|-end|p2b: Camerupt|Infestation|[partiallytrapped]|[silent]
|upkeep
|turn|4
|inactive|Dr_Cups has 30 seconds left.
|inactive|Dr_Cups has 20 seconds left.
|inactive|Dr_Cups has 15 seconds left.
|
|t:|1784917561
|switch|p1a: Toxapex|Toxapex, L50, F|82/100
|switch|p2b: Farigiraf|Farigiraf, L50, M|100/100
|-curestatus|p2a: Kingambit|slp|[msg]
|move|p2a: Kingambit|Sucker Punch|p1b: Charizard
|-damage|p1b: Charizard|8/100
|-damage|p2a: Kingambit|43/100|[from] item: Life Orb
|move|p1b: Charizard|Heat Wave|p2a: Kingambit|[spread] p2a,p2b
|-supereffective|p2a: Kingambit|1
|-damage|p2a: Kingambit|0 fnt
|-damage|p2b: Farigiraf|41/100
|-enditem|p2b: Farigiraf|Sitrus Berry|[eat]
|-heal|p2b: Farigiraf|66/100|[from] item: Sitrus Berry
|faint|p2a: Kingambit
|
|-weather|SunnyDay|[upkeep]
|-heal|p1a: Toxapex|87/100|[from] item: Leftovers
|upkeep
|
|t:|1784917578
|switch|p2a: Vanilluxe|Vanilluxe, L50, F|100/100
|-weather|Snowscape|[from] ability: Snow Warning|[of] p2a: Vanilluxe
|turn|5
|
|t:|1784917592
|move|p2a: Vanilluxe|Ice Shard|p1b: Charizard
|-damage|p1b: Charizard|0 fnt
|faint|p1b: Charizard
|move|p1a: Toxapex|Toxic|p2b: Farigiraf
|-status|p2b: Farigiraf|tox
|move|p2b: Farigiraf|Trick Room|p2b: Farigiraf
|-fieldstart|move: Trick Room|[of] p2b: Farigiraf
|
|-weather|Snowscape|[upkeep]
|-heal|p1a: Toxapex|93/100|[from] item: Leftovers
|-damage|p2b: Farigiraf|59/100 tox|[from] psn
|upkeep
|
|t:|1784917597
|switch|p1b: Garchomp|Garchomp, L50, F|100/100
|turn|6
|
|t:|1784917611
|move|p1a: Toxapex|Toxic|p2a: Vanilluxe
|-status|p2a: Vanilluxe|tox
|move|p2b: Farigiraf|Psychic Fangs|p1a: Toxapex
|-supereffective|p1a: Toxapex|1
|-damage|p1a: Toxapex|54/100
|move|p2a: Vanilluxe|Freeze-Dry|p1b: Garchomp
|-supereffective|p1b: Garchomp|2
|-damage|p1b: Garchomp|0 fnt
|faint|p1b: Garchomp
|
|-weather|Snowscape|[upkeep]
|-heal|p1a: Toxapex|59/100|[from] item: Leftovers
|-damage|p2b: Farigiraf|47/100 tox|[from] psn
|-damage|p2a: Vanilluxe|93/100 tox|[from] psn
|upkeep
|turn|7
|
|t:|1784917623
|move|p1a: Toxapex|Baneful Bunker|p1a: Toxapex
|-singleturn|p1a: Toxapex|move: Protect
|move|p2b: Farigiraf|Psychic Fangs|p1a: Toxapex
|-activate|p1a: Toxapex|move: Protect
|move|p2a: Vanilluxe|Freeze-Dry|p1a: Toxapex
|-activate|p1a: Toxapex|move: Protect
|
|-weather|Snowscape|[upkeep]
|-heal|p1a: Toxapex|65/100|[from] item: Leftovers
|-damage|p2b: Farigiraf|28/100 tox|[from] psn
|-damage|p2a: Vanilluxe|81/100 tox|[from] psn
|upkeep
|turn|8
|
|t:|1784917633
|move|p1a: Toxapex|Infestation|p2a: Vanilluxe
|-damage|p2a: Vanilluxe|78/100 tox
|-activate|p2a: Vanilluxe|move: Infestation|[of] p1a: Toxapex
|move|p2b: Farigiraf|Psychic Fangs|p1a: Toxapex
|-supereffective|p1a: Toxapex|1
|-damage|p1a: Toxapex|33/100
|move|p2a: Vanilluxe|Freeze-Dry|p1a: Toxapex
|-supereffective|p1a: Toxapex|1
|-damage|p1a: Toxapex|0 fnt
|faint|p1a: Toxapex
|
|win|Dr_Cups
