|j|☆ImseSIxten
|j|☆PopoVGC
|html|ImseSIxtenPopoVGC    
|uhtml|bestof|Game 1 of a best-of-3
|t:|1786047682
|gametype|doubles
|player|p1|ImseSIxten|arezu|1257
|player|p2|PopoVGC|silver|1288
|gen|9
|tier|[Gen 9 Champions] VGC 2026 Reg M-B (Bo3)
|rated|
|rule|Species Clause: Limit one of each Pokémon
|rule|Item Clause: Limit 1 of each item
|clearpoke
|poke|p1|Farigiraf, L50, F|
|poke|p1|Kingambit, L50, F|
|poke|p1|Aerodactyl, L50, M|
|poke|p1|Charizard, L50, M|
|poke|p1|Garchomp, L50, F|
|poke|p1|Sylveon, L50, M|
|poke|p2|Gholdengo, L50|
|poke|p2|Tyranitar, L50, M|
|poke|p2|Excadrill, L50, M|
|poke|p2|Pidgeot, L50, F|
|poke|p2|Tsareena, L50, F|
|poke|p2|Rotom-Wash, L50|
|teampreview|4
|showteam|p1|Farigiraf||SitrusBerry|ArmorTail|TwinBeam,TrickRoom,HelpingHand,Roar|Relaxed||F|||50|]Kingambit||ChopleBerry|Defiant|KowtowCleave,SuckerPunch,IronHead,LowKick|Adamant||F|||50|]Aerodactyl||Aerodactylite|Unnerve|RockSlide,IceFang,Tailwind,WideGuard|Jolly||M|||50|]Charizard||CharizarditeY|Blaze|WeatherBall,HeatWave,SolarBeam,Protect|Modest||M|||50|]Garchomp||LifeOrb|RoughSkin|Earthquake,StompingTantrum,DragonClaw,Protect|Jolly||F|||50|]Sylveon||FairyFeather|Pixilate|HyperVoice,HyperBeam,QuickAttack,Protect|Modest||M|||50|
|showteam|p2|Gholdengo||LifeOrb|GoodasGold|MakeItRain,ShadowBall,NastyPlot,Protect|Timid|||||50|]Tyranitar||Tyranitarite|SandStream|RockSlide,KnockOff,Protect,LowKick|Jolly||M|||50|]Excadrill||FocusSash|SandRush|IronHead,Earthquake,RockSlide,Protect|Adamant||M|||50|]Pidgeot||Pidgeotite|BigPecks|Hurricane,HeatWave,Protect,Tailwind|Timid||F|||50|]Tsareena||ChoiceScarf|QueenlyMajesty|PowerWhip,TripleAxel,Uturn,LowKick|Jolly||F|||50|]Rotom-Wash||SitrusBerry|Levitate|Thunderbolt,HydroPump,Protect,WillOWisp|Bold|||||50|
|inactive|Battle timer is ON: inactive players will automatically lose when time's up. (requested by ImseSIxten)
|inactive|ImseSIxten has 60 seconds left.
|inactive|PopoVGC has 60 seconds left.
|
|t:|1786047733
|teamsize|p1|4
|teamsize|p2|4
|start
|switch|p1a: Kingambit|Kingambit, L50, F|100/100
|switch|p1b: Farigiraf|Farigiraf, L50, F|100/100
|switch|p2a: Tsareena|Tsareena, L50, F|100/100
|switch|p2b: Excadrill|Excadrill, L50, M|100/100
|turn|1
|
|t:|1786047751
|move|p2a: Tsareena|U-turn|p1b: Farigiraf
|-supereffective|p1b: Farigiraf|1
|-damage|p1b: Farigiraf|59/100
|
|t:|1786047755
|switch|p2a: Rotom|Rotom-Wash, L50|100/100|[from] U-turn
|move|p2b: Excadrill|Earthquake|p1a: Kingambit|[spread] p1a,p1b
|-immune|p2a: Rotom|[from] ability: Levitate
|-supereffective|p1a: Kingambit|1
|-crit|p1b: Farigiraf
|-damage|p1a: Kingambit|41/100
|-damage|p1b: Farigiraf|3/100
|-enditem|p1b: Farigiraf|Sitrus Berry|[eat]
|-heal|p1b: Farigiraf|28/100|[from] item: Sitrus Berry
|move|p1a: Kingambit|Low Kick|p2b: Excadrill
|-supereffective|p2b: Excadrill|1
|-damage|p2b: Excadrill|47/100
|move|p1b: Farigiraf|Trick Room|p1b: Farigiraf
|-fieldstart|move: Trick Room|[of] p1b: Farigiraf
|
|upkeep
|turn|2
|
|t:|1786047773
|move|p1b: Farigiraf|Helping Hand|p1a: Kingambit
|-singleturn|p1a: Kingambit|Helping Hand|[of] p1b: Farigiraf
|move|p2a: Rotom|Protect|p2a: Rotom
|-singleturn|p2a: Rotom|Protect
|move|p2b: Excadrill|Protect|p2b: Excadrill
|-singleturn|p2b: Excadrill|Protect
|move|p1a: Kingambit|Kowtow Cleave|p2a: Rotom
|-activate|p2a: Rotom|move: Protect
|
|upkeep
|turn|3
|
|t:|1786047785
|switch|p1b: Sylveon|Sylveon, L50, M|100/100
|move|p1a: Kingambit|Low Kick|p2b: Excadrill
|-supereffective|p2b: Excadrill|1
|-damage|p2b: Excadrill|0 fnt
|faint|p2b: Excadrill
|move|p2a: Rotom|Will-O-Wisp|p1a: Kingambit
|-status|p1a: Kingambit|brn
|
|-damage|p1a: Kingambit|35/100 brn|[from] brn
|upkeep
|
|t:|1786047792
|switch|p2b: Tsareena|Tsareena, L50, F|100/100
|turn|4
|
|t:|1786047796
|move|p1a: Kingambit|Kowtow Cleave|p2b: Tsareena
|-damage|p2b: Tsareena|75/100
|move|p1b: Sylveon|Hyper Voice|p2a: Rotom|[spread] p2a,p2b
|-damage|p2a: Rotom|54/100
|-damage|p2b: Tsareena|24/100
|move|p2a: Rotom|Thunderbolt|p1b: Sylveon
|-damage|p1b: Sylveon|74/100
|move|p2b: Tsareena|Power Whip|p1b: Sylveon
|-damage|p1b: Sylveon|9/100
|
|-damage|p1a: Kingambit|29/100 brn|[from] brn
|upkeep
|turn|5
|
|t:|1786047820
|switch|p1a: Farigiraf|Farigiraf, L50, F|28/100
|move|p2a: Rotom|Protect|p2a: Rotom
|-singleturn|p2a: Rotom|Protect
|move|p1b: Sylveon|Hyper Voice|p2a: Rotom|[spread] p2b
|-activate|p2a: Rotom|move: Protect
|-damage|p2b: Tsareena|0 fnt
|faint|p2b: Tsareena
|
|-fieldend|move: Trick Room
|upkeep
|
|t:|1786047823
|switch|p2b: Tyranitar|Tyranitar, L50, M|100/100
|-weather|Sandstorm|[from] ability: Sand Stream|[of] p2b: Tyranitar
|turn|6
|
|t:|1786047833
|move|p2a: Rotom|Thunderbolt|p1b: Sylveon
|-damage|p1b: Sylveon|0 fnt
|faint|p1b: Sylveon
|move|p2b: Tyranitar|Knock Off|p1a: Farigiraf
|-supereffective|p1a: Farigiraf|1
|-damage|p1a: Farigiraf|0 fnt
|faint|p1a: Farigiraf
|
|-weather|Sandstorm|[upkeep]
|-damage|p2a: Rotom|49/100|[from] Sandstorm
|-enditem|p2a: Rotom|Sitrus Berry|[eat]
|-heal|p2a: Rotom|73/100|[from] item: Sitrus Berry
|upkeep
|
|t:|1786047838
|switch|p1b: Kingambit|Kingambit, L50, F|29/100 brn
|switch|p1a: Charizard|Charizard, L50, M|100/100
|turn|7
|inactive|ImseSIxten has 30 seconds left.
|
|t:|1786047863
|detailschange|p1a: Charizard|Charizard-Mega-Y, L50, M
|-mega|p1a: Charizard|Charizard|Charizardite Y
|-weather|SunnyDay|[from] ability: Drought|[of] p1a: Charizard
|move|p2a: Rotom|Protect|p2a: Rotom
|-singleturn|p2a: Rotom|Protect
|move|p2b: Tyranitar|Protect|p2b: Tyranitar
|-singleturn|p2b: Tyranitar|Protect
|move|p1a: Charizard|Solar Beam||[still]
|-prepare|p1a: Charizard|Solar Beam
|-anim|p1a: Charizard|Solar Beam|p2b: Tyranitar
|-activate|p2b: Tyranitar|move: Protect
|move|p1b: Kingambit|Low Kick|p2b: Tyranitar
|-activate|p2b: Tyranitar|move: Protect
|
|-weather|SunnyDay|[upkeep]
|-damage|p1b: Kingambit|23/100 brn|[from] brn
|upkeep
|turn|8
|
|t:|1786047875
|detailschange|p2b: Tyranitar|Tyranitar-Mega, L50, M
|-mega|p2b: Tyranitar|Tyranitar|Tyranitarite
|-weather|Sandstorm|[from] ability: Sand Stream|[of] p2b: Tyranitar
|move|p1b: Kingambit|Sucker Punch|p2a: Rotom
|-damage|p2a: Rotom|58/100
|move|p2b: Tyranitar|Rock Slide|p1b: Kingambit|[spread] p1a,p1b
|-supereffective|p1a: Charizard|2
|-resisted|p1b: Kingambit|1
|-damage|p1a: Charizard|0 fnt
|-damage|p1b: Kingambit|13/100 brn
|faint|p1a: Charizard
|move|p2a: Rotom|Thunderbolt|p1b: Kingambit
|-damage|p1b: Kingambit|0 fnt
|faint|p1b: Kingambit
|
|win|PopoVGC
||ImseSIxten is ready for game 2.
|inactive|PopoVGC has 30 seconds to confirm battle start!
||PopoVGC is ready for game 2.
|uhtml|next|Next: Game 2 of 3
|l|☆ImseSIxten
|player|p1|
