|j|☆Dollartreehero
|j|☆BroDontFuckWithMe
|html|DollartreeheroBroDontFuckWithMe    
|uhtml|bestof|Game 2 of a best-of-3
|t:|1755533132
|gametype|doubles
|player|p1|Dollartreehero|bugcatcher-gen4dp|1280
|player|p2|BroDontFuckWithMe|266|1236
|gen|9
|tier|[Gen 9] VGC 2025 Reg H (Bo3)
|rated|
|rule|Species Clause: Limit one of each Pokémon
|rule|Item Clause: Limit 1 of each item
|clearpoke
|poke|p1|Tyranitar, L50, M|
|poke|p1|Excadrill, L50, M|
|poke|p1|Houndstone, L50, M|
|poke|p1|Milotic, L50, M|
|poke|p1|Amoonguss, L50, M|
|poke|p1|Volcarona, L50, F|
|poke|p2|Electabuzz, L50, M|
|poke|p2|Ursaluna-Bloodmoon, L50, M|
|poke|p2|Archaludon, L50, F|
|poke|p2|Talonflame, L50, M|
|poke|p2|Indeedee, L50, M|
|poke|p2|Sneasler, L50, M|
|teampreview|4
|showteam|p1|Tyranitar||AssaultVest|SandStream|KnockOff,RockSlide,TeraBlast,LowKick|||M|||50|,,,,,Flying]Excadrill||FocusSash|SandRush|HighHorsepower,IronHead,Protect,Earthquake|||M|||50|,,,,,Fire]Houndstone||LifeOrb|SandRush|LastRespects,ShadowSneak,BodyPress,Protect|||M|||50|,,,,,Normal]Milotic||SitrusBerry|Competitive|Scald,IcyWind,Protect,Haze|||M|||50|,,,,,Poison]Amoonguss||RockyHelmet|Regenerator|RagePowder,Spore,PollenPuff,SludgeBomb|||M|||50|,,,,,Water]Volcarona||Leftovers|FlameBody|QuiverDance,HeatWave,GigaDrain,Protect|||F|||50|,,,,,Grass
|showteam|p2|Electabuzz||Eviolite|VitalSpirit|Electroweb,FollowMe,Taunt,Protect|||M|||50|,,,,,Dragon]Ursaluna-Bloodmoon||LifeOrb|MindsEye|BloodMoon,EarthPower,HyperVoice,Protect|||M|||50|,,,,,Normal]Archaludon||PowerHerb|Sturdy|ElectroShot,DracoMeteor,FlashCannon,Protect|||F|||50|,,,,,Electric]Talonflame||CovertCloak|GaleWings|DualWingbeat,FlareBlitz,Tailwind,WillOWisp|||M|||50|,,,,,Stellar]Indeedee||FocusSash|PsychicSurge|ExpandingForce,HelpingHand,Imprison,TrickRoom|||M|||50|,,,,,Psychic]Sneasler||PsychicSeed|Unburden|CloseCombat,DireClaw,ThroatChop,Protect|||M|||50|,,,,,Dark
|inactive|Battle timer is ON: inactive players will automatically lose when time's up. (requested by Dollartreehero)
|
|t:|1755533162
|teamsize|p1|4
|teamsize|p2|4
|start
|switch|p1a: Tyranitar|Tyranitar, L50, M|100/100
|switch|p1b: Excadrill|Excadrill, L50, M|100/100
|switch|p2a: Talonflame|Talonflame, L50, M|100/100
|switch|p2b: Ursaluna|Ursaluna-Bloodmoon, L50, M|100/100
|-weather|Sandstorm|[from] ability: Sand Stream|[of] p1a: Tyranitar
|turn|1
|
|t:|1755533176
|move|p2a: Talonflame|Tailwind|p2a: Talonflame
|-sidestart|p2: BroDontFuckWithMe|move: Tailwind
|move|p1b: Excadrill|Iron Head|p2b: Ursaluna
|-damage|p2b: Ursaluna|67/100
|move|p2b: Ursaluna|Earth Power|p1b: Excadrill
|-supereffective|p1b: Excadrill
|-enditem|p1b: Excadrill|Focus Sash
|-damage|p1b: Excadrill|1/100
|-damage|p2b: Ursaluna|57/100|[from] item: Life Orb
|move|p1a: Tyranitar|Rock Slide|p2b: Ursaluna|[spread] p2a,p2b
|-supereffective|p2a: Talonflame
|-resisted|p2b: Ursaluna
|-damage|p2a: Talonflame|0 fnt
|-damage|p2b: Ursaluna|46/100
|faint|p2a: Talonflame
|
|-weather|Sandstorm|[upkeep]
|upkeep
|
|t:|1755533196
|switch|p2a: Indeedee|Indeedee, L50, M|100/100
|-fieldstart|move: Psychic Terrain|[from] ability: Psychic Surge|[of] p2a: Indeedee
|turn|2
|
|t:|1755533213
|move|p1b: Excadrill|Protect|p1b: Excadrill
|-singleturn|p1b: Excadrill|Protect
|move|p2a: Indeedee|Expanding Force|p1a: Tyranitar|[spread] 
|-activate|p1b: Excadrill|move: Protect
|-immune|p1a: Tyranitar
|move|p2b: Ursaluna|Earth Power|p1a: Tyranitar
|-supereffective|p1a: Tyranitar
|-damage|p1a: Tyranitar|42/100
|-damage|p2b: Ursaluna|36/100|[from] item: Life Orb
|move|p1a: Tyranitar|Low Kick|p2b: Ursaluna
|-supereffective|p2b: Ursaluna
|-damage|p2b: Ursaluna|0 fnt
|faint|p2b: Ursaluna
|
|-weather|Sandstorm|[upkeep]
|-damage|p2a: Indeedee|95/100|[from] Sandstorm
|upkeep
|
|t:|1755533216
|switch|p2b: Sneasler|Sneasler, L50, M|100/100
|-enditem|p2b: Sneasler|Psychic Seed
|-boost|p2b: Sneasler|spd|1|[from] item: Psychic Seed
|turn|3
|inactive|Dollartreehero has 30 seconds left.
|
|t:|1755533250
|switch|p1b: Volcarona|Volcarona, L50, F|100/100
|switch|p1a: Amoonguss|Amoonguss, L50, M|100/100
|move|p2b: Sneasler|Close Combat|p1a: Amoonguss
|-resisted|p1a: Amoonguss
|-damage|p1a: Amoonguss|73/100
|-unboost|p2b: Sneasler|def|1
|-unboost|p2b: Sneasler|spd|1
|-damage|p2b: Sneasler|84/100|[from] item: Rocky Helmet|[of] p1a: Amoonguss
|move|p2a: Indeedee|Expanding Force|p1b: Volcarona|[spread] p1a,p1b
|-supereffective|p1a: Amoonguss
|-damage|p1a: Amoonguss|0 fnt
|-damage|p1b: Volcarona|53/100
|faint|p1a: Amoonguss
|
|-weather|Sandstorm|[upkeep]
|-damage|p2b: Sneasler|79/100|[from] Sandstorm
|-damage|p2a: Indeedee|89/100|[from] Sandstorm
|-damage|p1b: Volcarona|48/100|[from] Sandstorm
|-heal|p1b: Volcarona|53/100|[from] item: Leftovers
|upkeep
|
|t:|1755533266
|switch|p1a: Excadrill|Excadrill, L50, M|1/100
|turn|4
|
|t:|1755533280
|move|p1a: Excadrill|Protect|p1a: Excadrill
|-singleturn|p1a: Excadrill|Protect
|move|p1b: Volcarona|Protect|p1b: Volcarona
|-singleturn|p1b: Volcarona|Protect
|move|p2b: Sneasler|Throat Chop|p1a: Excadrill
|-activate|p1a: Excadrill|move: Protect
|move|p2a: Indeedee|Trick Room|p2a: Indeedee
|-fieldstart|move: Trick Room|[of] p2a: Indeedee
|
|-weather|Sandstorm|[upkeep]
|-damage|p1b: Volcarona|48/100|[from] Sandstorm
|-damage|p2a: Indeedee|83/100|[from] Sandstorm
|-damage|p2b: Sneasler|73/100|[from] Sandstorm
|-heal|p1b: Volcarona|53/100|[from] item: Leftovers
|-sideend|p2: BroDontFuckWithMe|move: Tailwind
|upkeep
|turn|5
|
|t:|1755533302
|switch|p1a: Tyranitar|Tyranitar, L50, M|42/100
|-terastallize|p2a: Indeedee|Psychic
|move|p2b: Sneasler|Protect|p2b: Sneasler
|-singleturn|p2b: Sneasler|Protect
|move|p1b: Volcarona|Heat Wave|p2a: Indeedee|[spread] p2a
|-activate|p2b: Sneasler|move: Protect
|-damage|p2a: Indeedee|31/100
|move|p2a: Indeedee|Expanding Force|p1b: Volcarona|[spread] p1b
|-immune|p1a: Tyranitar
|-damage|p1b: Volcarona|0 fnt
|faint|p1b: Volcarona
|
|-weather|none
|upkeep
|
|t:|1755533320
|switch|p1b: Excadrill|Excadrill, L50, M|1/100
|turn|6
|
|t:|1755533331
|move|p1b: Excadrill|Protect|p1b: Excadrill
|-singleturn|p1b: Excadrill|Protect
|move|p1a: Tyranitar|Knock Off|p2a: Indeedee
|-supereffective|p2a: Indeedee
|-damage|p2a: Indeedee|0 fnt
|-enditem|p2a: Indeedee|Focus Sash|[from] move: Knock Off|[of] p1a: Tyranitar
|faint|p2a: Indeedee
|move|p2b: Sneasler|Close Combat|p1b: Excadrill
|-activate|p1b: Excadrill|move: Protect
|
|-fieldend|move: Psychic Terrain
|upkeep
|turn|7
|-message|BroDontFuckWithMe forfeited.
|
|win|Dollartreehero
|raw|Dollartreehero's rating: 1280 → 1302(+22 for winning)
|raw|BroDontFuckWithMe's rating: 1236 → 1214(-22 for losing)
|l|☆BroDontFuckWithMe
|player|p2|
