|j|☆viatles
|j|☆craqui butaneroc
|html|viatlescraqui butaneroc    
|uhtml|bestof|Game 1 of a best-of-3
|t:|1785275810
|gametype|doubles
|player|p1|viatles|hiker|1083
|player|p2|craqui butaneroc|102|1184
|gen|9
|tier|[Gen 9 Champions] VGC 2026 Reg M-B (Bo3)
|rated|
|rule|Species Clause: Limit one of each Pokémon
|rule|Item Clause: Limit 1 of each item
|clearpoke
|poke|p1|Eelektross, L50, F|
|poke|p1|Raichu, L50, F|
|poke|p1|Tyranitar, L50, F|
|poke|p1|Gliscor, L50, M|
|poke|p1|Garchomp, L50, F|
|poke|p1|Sinistcha, L50|
|poke|p2|Talonflame, L50, M|
|poke|p2|Floette-Eternal, L50, F|
|poke|p2|Farigiraf, L50, M|
|poke|p2|Incineroar, L50, M|
|poke|p2|Basculegion, L50, M|
|poke|p2|Drampa, L50, M|
|teampreview|4
|showteam|p1|Eelektross||Eelektrossite|Levitate|Discharge,Flamethrower,GigaDrain,Protect|Modest||F|||50|]Raichu||FocusSash|LightningRod|FakeOut,Thunderbolt,Endeavor,Protect|Hasty||F|||50|]Tyranitar||Tyranitarite|SandStream|KnockOff,RockSlide,LowKick,Protect|Adamant||F|||50|]Gliscor||BrightPowder|SandVeil|RockSlide,DualWingbeat,Tailwind,Earthquake|Adamant||M|||50|]Garchomp||ChoiceScarf|RoughSkin|DragonClaw,StompingTantrum,RockSlide,Earthquake|Adamant||F|||50|]Sinistcha||SitrusBerry|Hospitality|MatchaGotcha,RagePowder,Imprison,TrickRoom|Bold|||||50|
|showteam|p2|Talonflame||FocusSash|GaleWings|Tailwind,WillOWisp,DualWingbeat,Feint|Jolly||M|||50|]Floette-Eternal||Floettite|FlowerVeil|Protect,DazzlingGleam,Moonblast,LightofRuin|Modest||F|||50|]Farigiraf||SitrusBerry|ArmorTail|TwinBeam,Roar,TrickRoom,Thunderbolt|Bold||M|||50|]Incineroar||ShucaBerry|Intimidate|FakeOut,FlareBlitz,ThroatChop,PartingShot|Careful||M|||50|]Basculegion||LifeOrb|Adaptability|WaveCrash,LastRespects,AquaJet,Protect|Adamant||M|||50|]Drampa||Drampanite|CloudNine|EarthPower,CalmMind,DragonPulse,Protect|Quiet||M|||50|
|c|☆viatles|gl hf
|inactive|Battle timer is ON: inactive players will automatically lose when time's up. (requested by viatles)
|c|☆craqui butaneroc|glhf
|inactive|craqui butaneroc has 60 seconds left.
|c|☆viatles|gonna warn you this is a very dumb cheesy team i was dared to try lol
|c|☆craqui butaneroc|hahahahha its okay
|inactive|craqui butaneroc has 30 seconds left.
|inactive|craqui butaneroc has 20 seconds left.
|inactive|craqui butaneroc has 15 seconds left.
|
|t:|1785275893
|teamsize|p1|4
|teamsize|p2|4
|start
|switch|p1a: Raichu|Raichu, L50, F|100/100
|switch|p1b: Eelektross|Eelektross, L50, F|100/100
|switch|p2a: Mighty Eagle|Talonflame, L50, M|100/100
|switch|p2b: Mary Poppins|Floette-Eternal, L50, F|100/100
|turn|1
|inactive|craqui butaneroc has 30 seconds left.
|
|t:|1785275921
|switch|p2a: Busquets|Incineroar, L50, M|100/100
|-ability|p2a: Busquets|Intimidate|boost
|-unboost|p1a: Raichu|atk|1
|-unboost|p1b: Eelektross|atk|1
|detailschange|p1b: Eelektross|Eelektross-Mega, L50, F
|-mega|p1b: Eelektross|Eelektross|Eelektrossite
|move|p2b: Mary Poppins|Protect|p2b: Mary Poppins
|-singleturn|p2b: Mary Poppins|Protect
|move|p1a: Raichu|Thunderbolt|p2b: Mary Poppins
|-activate|p2b: Mary Poppins|move: Protect
|move|p1b: Eelektross|Discharge|p2a: Busquets|[spread] p2a
|-activate|p2b: Mary Poppins|move: Protect
|-ability|p1a: Raichu|Lightning Rod|boost
|-boost|p1a: Raichu|spa|1
|-damage|p2a: Busquets|72/100
|-status|p2a: Busquets|par
|
|upkeep
|turn|2
|
|t:|1785275941
|detailschange|p2b: Mary Poppins|Floette-Mega, L50, F
|-mega|p2b: Mary Poppins|Floette|Floettite
|-ability|p2b: Mary Poppins|Fairy Aura
|move|p2a: Busquets|Fake Out|p1a: Raichu
|-damage|p1a: Raichu|77/100
|cant|p1a: Raichu|flinch
|move|p2b: Mary Poppins|Dazzling Gleam|p1a: Raichu|[spread] p1a,p1b
|-damage|p1a: Raichu|5/100
|-damage|p1b: Eelektross|46/100
|move|p1b: Eelektross|Discharge|p2a: Busquets|[spread] p2a,p2b
|-ability|p1a: Raichu|Lightning Rod|boost
|-boost|p1a: Raichu|spa|1
|-damage|p2a: Busquets|44/100 par
|-damage|p2b: Mary Poppins|71/100
|
|upkeep
|turn|3
|
|t:|1785275961
|move|p2b: Mary Poppins|Protect|p2b: Mary Poppins
|-singleturn|p2b: Mary Poppins|Protect
|move|p1a: Raichu|Thunderbolt|p2a: Busquets
|-damage|p2a: Busquets|0 fnt
|faint|p2a: Busquets
|move|p1b: Eelektross|Discharge|p2b: Mary Poppins|[spread] 
|-activate|p2b: Mary Poppins|move: Protect
|-ability|p1a: Raichu|Lightning Rod|boost
|-boost|p1a: Raichu|spa|1
|
|upkeep
|
|t:|1785275966
|switch|p2a: Mighty Eagle|Talonflame, L50, M|100/100
|turn|4
|
|t:|1785275986
|switch|p1a: Tyranitar|Tyranitar, L50, F|100/100
|-weather|Sandstorm|[from] ability: Sand Stream|[of] p1a: Tyranitar
|switch|p1b: Gliscor|Gliscor, L50, M|100/100
|move|p2a: Mighty Eagle|Tailwind|p2a: Mighty Eagle
|-sidestart|p2: craqui butaneroc|move: Tailwind
|move|p2b: Mary Poppins|Dazzling Gleam|p1a: Tyranitar|[spread] p1a,p1b
|-supereffective|p1a: Tyranitar|1
|-damage|p1a: Tyranitar|43/100
|-damage|p1b: Gliscor|50/100y
|
|-weather|Sandstorm|[upkeep]
|-damage|p2a: Mighty Eagle|94/100|[from] Sandstorm
|-damage|p2b: Mary Poppins|66/100|[from] Sandstorm
|upkeep
|turn|5
|
|t:|1785276006
|move|p1a: Tyranitar|Protect|p1a: Tyranitar
|-singleturn|p1a: Tyranitar|Protect
|move|p2a: Mighty Eagle|Dual Wingbeat|p1b: Gliscor|[miss]
|-miss|p2a: Mighty Eagle|p1b: Gliscor
|move|p2b: Mary Poppins|Dazzling Gleam|p1b: Gliscor|[spread] p1b
|-activate|p1a: Tyranitar|move: Protect
|-damage|p1b: Gliscor|3/100
|move|p1b: Gliscor|Rock Slide|p2b: Mary Poppins|[spread] p2a,p2b
|-supereffective|p2a: Mighty Eagle|2
|-damage|p2a: Mighty Eagle|9/100
|-damage|p2b: Mary Poppins|49/100
|
|-weather|Sandstorm|[upkeep]
|-damage|p2a: Mighty Eagle|3/100|[from] Sandstorm
|-damage|p2b: Mary Poppins|43/100|[from] Sandstorm
|upkeep
|turn|6
|
|t:|1785276027
|move|p2a: Mighty Eagle|Feint|p1b: Gliscor|[miss]
|-miss|p2a: Mighty Eagle|p1b: Gliscor
|move|p2b: Mary Poppins|Moonblast|p1a: Tyranitar
|-supereffective|p1a: Tyranitar|1
|-damage|p1a: Tyranitar|0 fnt
|faint|p1a: Tyranitar
|move|p1b: Gliscor|Rock Slide|p2a: Mighty Eagle|[spread] p2a,p2b
|-supereffective|p2a: Mighty Eagle|2
|-damage|p2a: Mighty Eagle|0 fnt
|-damage|p2b: Mary Poppins|27/100
|faint|p2a: Mighty Eagle
|
|-weather|Sandstorm|[upkeep]
|-damage|p2b: Mary Poppins|21/100|[from] Sandstorm
|upkeep
|
|t:|1785276040
|switch|p2a: yeer03|Basculegion, L50, M|100/100
|switch|p1a: Eelektross|Eelektross-Mega, L50, F|46/100
|turn|7
|
|t:|1785276050
|move|p1a: Eelektross|Protect|p1a: Eelektross
|-singleturn|p1a: Eelektross|Protect
|move|p2b: Mary Poppins|Moonblast|p1b: Gliscor
|-damage|p1b: Gliscor|0 fnt
|faint|p1b: Gliscor
|move|p2a: yeer03|Last Respects|p1a: Eelektross
|-activate|p1a: Eelektross|move: Protect
|
|-weather|Sandstorm|[upkeep]
|-damage|p2b: Mary Poppins|15/100|[from] Sandstorm
|-damage|p2a: yeer03|93/100|[from] Sandstorm
|-damage|p1a: Eelektross|40/100|[from] Sandstorm
|-sideend|p2: craqui butaneroc|move: Tailwind
|upkeep
|
|t:|1785276062
|switch|p1b: Raichu|Raichu, L50, F|5/100
|turn|8
|
|t:|1785276071
|move|p2a: yeer03|Aqua Jet|p1b: Raichu
|-damage|p1b: Raichu|0 fnt
|faint|p1b: Raichu
|-damage|p2a: yeer03|84/100|[from] item: Life Orb
|move|p2b: Mary Poppins|Moonblast|p1a: Eelektross
|-damage|p1a: Eelektross|0 fnt
|faint|p1a: Eelektross
|
|win|craqui butaneroc
||craqui butaneroc is ready for game 2.
