|j|☆sky yeh
|j|☆HopsVGC
|html|sky yehHopsVGC    
|uhtml|bestof|Game 1 of a best-of-3
|t:|1783601077
|gametype|doubles
|player|p1|sky yeh|perrin|1305
|player|p2|HopsVGC|170|1225
|gen|9
|tier|[Gen 9 Champions] VGC 2026 Reg M-B (Bo3)
|rated|
|rule|Species Clause: Limit one of each Pokémon
|rule|Item Clause: Limit 1 of each item
|clearpoke
|poke|p1|Charizard, L50, M, shiny|
|poke|p1|Floette-Eternal, L50, F|
|poke|p1|Whimsicott, L50, F, shiny|
|poke|p1|Garchomp, L50, M|
|poke|p1|Basculegion, L50, M, shiny|
|poke|p1|Kingambit, L50, M, shiny|
|poke|p2|Venusaur, L50, M, shiny|
|poke|p2|Basculegion, L50, M|
|poke|p2|Pelipper, L50, F|
|poke|p2|Grimmsnarl, L50, M|
|poke|p2|Archaludon, L50, M|
|poke|p2|Sinistcha, L50|
|teampreview|4
|showteam|p1|Charizard||CharizarditeY|Blaze|WeatherBall,HeatWave,SolarBeam,Protect|Modest||M|||50|]Floette-Eternal||Floettite|FlowerVeil|LightofRuin,Moonblast,DazzlingGleam,Protect|Timid||F|||50|]Whimsicott||FocusSash|Prankster|Moonblast,Tailwind,Encore,Protect|Timid||F|||50|]Garchomp||LifeOrb|RoughSkin|Earthquake,DragonClaw,RockSlide,Protect|Jolly||M|||50|]Basculegion||MysticWater|Adaptability|LastRespects,WaveCrash,AquaJet,Protect|Adamant||M|||50|]Kingambit||ChopleBerry|Defiant|KowtowCleave,SuckerPunch,LowKick,Protect|Adamant||M|||50|
|showteam|p2|Venusaur||Venusaurite|Chlorophyll|SludgeBomb,EarthPower,LeechSeed,Protect|Modest||M|||50|]Basculegion||ChoiceScarf|Adaptability|WaveCrash,LastRespects,AquaJet,FlipTurn|Jolly||M|||50|]Pelipper||FocusSash|Drizzle|WeatherBall,Hurricane,Tailwind,Protect|Timid||F|||50|]Grimmsnarl||LightClay|Prankster|SpiritBreak,Reflect,LightScreen,PartingShot|Careful||M|||50|]Archaludon||Leftovers|Stamina|ElectroShot,FlashCannon,AuraSphere,Protect|Bold||M|||50|]Sinistcha||SitrusBerry|Hospitality|MatchaGotcha,RagePowder,TrickRoom,LifeDew|Relaxed|||||50|
|inactive|Battle timer is ON: inactive players will automatically lose when time's up. (requested by HopsVGC)
|inactive|sky yeh has 60 seconds left.
|
|t:|1783601197
|teamsize|p1|4
|teamsize|p2|4
|start
|switch|p1a: Whimsicott|Whimsicott, L50, F, shiny|100/100
|switch|p1b: Floette|Floette-Eternal, L50, F|100/100
|switch|p2a: Grimmsnarl|Grimmsnarl, L50, M|100/100
|switch|p2b: Venusaur|Venusaur, L50, M, shiny|100/100
|turn|1
|inactive|sky yeh has 30 seconds left.
|inactive|sky yeh has 20 seconds left.
|inactive|sky yeh has 15 seconds left.
|
|t:|1783601240
|switch|p1b: Basculegion|Basculegion, L50, M, shiny|100/100
|detailschange|p2b: Venusaur|Venusaur-Mega, L50, M, shiny
|-mega|p2b: Venusaur|Venusaur|Venusaurite
|move|p2a: Grimmsnarl|Light Screen|p2a: Grimmsnarl
|-sidestart|p2: HopsVGC|move: Light Screen
|move|p1a: Whimsicott|Moonblast|p2a: Grimmsnarl
|-supereffective|p2a: Grimmsnarl|1
|-damage|p2a: Grimmsnarl|62/100
|move|p2b: Venusaur|Sludge Bomb|p1b: Basculegion
|-resisted|p1b: Basculegion|1
|-damage|p1b: Basculegion|78/100
|
|upkeep
|turn|2
|inactive|sky yeh has 30 seconds left.
|inactive|sky yeh has 20 seconds left.
|inactive|sky yeh has 15 seconds left.
|
|t:|1783601284
|move|p2a: Grimmsnarl|Reflect|p2a: Grimmsnarl
|-sidestart|p2: HopsVGC|Reflect
|move|p1a: Whimsicott|Moonblast|p2a: Grimmsnarl
|-supereffective|p2a: Grimmsnarl|1
|-damage|p2a: Grimmsnarl|18/100
|move|p1b: Basculegion|Wave Crash|p2a: Grimmsnarl
|-damage|p2a: Grimmsnarl|0 fnt
|faint|p2a: Grimmsnarl
|-damage|p1b: Basculegion|72/100|[from] Recoil
|move|p2b: Venusaur|Sludge Bomb|p1b: Basculegion
|-resisted|p1b: Basculegion|1
|-damage|p1b: Basculegion|47/100
|-status|p1b: Basculegion|psn
|
|-damage|p1b: Basculegion|35/100 psn|[from] psn
|upkeep
|
|t:|1783601295
|switch|p2a: Basculegion|Basculegion, L50, M|100/100
|turn|3
|
|t:|1783601319
|move|p1a: Whimsicott|Tailwind|p1a: Whimsicott
|-sidestart|p1: sky yeh|move: Tailwind
|move|p1b: Basculegion|Wave Crash|p2a: Basculegion
|-resisted|p2a: Basculegion|1
|-damage|p2a: Basculegion|63/100
|-damage|p1b: Basculegion|23/100 psn|[from] Recoil
|move|p2a: Basculegion|Last Respects|p1b: Basculegion
|-supereffective|p1b: Basculegion|1
|-damage|p1b: Basculegion|0 fnt
|faint|p1b: Basculegion
|move|p2b: Venusaur|Sludge Bomb|p1a: Whimsicott
|-supereffective|p1a: Whimsicott|2
|-enditem|p1a: Whimsicott|Focus Sash
|-damage|p1a: Whimsicott|1/100
|-status|p1a: Whimsicott|psn
|
|-damage|p1a: Whimsicott|0 fnt|[from] psn
|faint|p1a: Whimsicott
|upkeep
|
|t:|1783601332
|switch|p1a: Charizard|Charizard, L50, M, shiny|100/100
|switch|p1b: Floette|Floette-Eternal, L50, F|100/100
|turn|4
|
|t:|1783601353
|move|p1b: Floette|Moonblast|p2a: Basculegion
|-damage|p2a: Basculegion|25/100
|move|p1a: Charizard|Heat Wave|p2a: Basculegion|[spread] p2a,p2b
|-resisted|p2a: Basculegion|1
|-supereffective|p2b: Venusaur|1
|-crit|p2b: Venusaur
|-damage|p2a: Basculegion|14/100
|-damage|p2b: Venusaur|61/100
|-status|p2b: Venusaur|brn
|move|p2a: Basculegion|Last Respects|p1a: Charizard
|-crit|p1a: Charizard
|-damage|p1a: Charizard|0 fnt
|faint|p1a: Charizard
|move|p2b: Venusaur|Sludge Bomb|p1b: Floette
|-supereffective|p1b: Floette|1
|-damage|p1b: Floette|20/100y
|-status|p1b: Floette|psn
|
|-damage|p1b: Floette|8/100 psn|[from] psn
|-damage|p2b: Venusaur|55/100 brn|[from] brn
|upkeep
|turn|5
|-message|sky yeh forfeited.
|
|win|HopsVGC
|l|☆sky yeh
|player|p1|
||sky yeh is ready for game 2.
||HopsVGC is ready for game 2.
|uhtml|next|Next: Game 2 of 3
|l|☆HopsVGC
|player|p2|
|j|☆sky yeh
|player|p1|sky yeh|perrin|
