|j|☆devil may larp
|j|☆gamma_90
|html|devil may larpgamma_90    
|uhtml|bestof|Game 1 of a best-of-3
|t:|1783111938
|gametype|doubles
|player|p1|devil may larp|roxie-masters|1245
|player|p2|gamma_90|2|1302
|gen|9
|tier|[Gen 9 Champions] VGC 2026 Reg M-B (Bo3)
|rated|
|rule|Species Clause: Limit one of each Pokémon
|rule|Item Clause: Limit 1 of each item
|clearpoke
|poke|p1|Charizard, L50, F|
|poke|p1|Garchomp, L50, F|
|poke|p1|Farigiraf, L50, F|
|poke|p1|Kingambit, L50, M, shiny|
|poke|p1|Sylveon, L50, M, shiny|
|poke|p1|Aerodactyl, L50, F, shiny|
|poke|p2|Annihilape, L50, M|
|poke|p2|Incineroar, L50, M|
|poke|p2|Maushold-Four, L50|
|poke|p2|Froslass, L50, F|
|poke|p2|Gholdengo, L50|
|poke|p2|Aerodactyl, L50, M|
|teampreview|4
|showteam|p1|Charizard||CharizarditeY|Blaze|HeatWave,SolarBeam,Protect,WeatherBall|Modest||F|||50|]Garchomp||LifeOrb|RoughSkin|DragonClaw,Earthquake,RockTomb,Protect|Jolly||F|||50|]Farigiraf||ColburBerry|ArmorTail|TwinBeam,TrickRoom,HelpingHand,Protect|Bold||F|||50|]Kingambit||FocusSash|Defiant|KowtowCleave,SuckerPunch,LowKick,IronHead|Adamant||M|||50|]Sylveon||FairyFeather|Pixilate|HyperBeam,HyperVoice,QuickAttack,Protect|Modest||M|||50|]Aerodactyl||Aerodactylite|RockHead|RockSlide,Tailwind,DualWingbeat,Taunt|Jolly||F|||50|
|showteam|p2|Annihilape||SitrusBerry|Defiant|DrainPunch,RageFist,BulkUp,Protect|Adamant||M|||50|]Incineroar||PasshoBerry|Intimidate|PartingShot,DarkestLariat,WillOWisp,FakeOut|Careful||M|||50|]Maushold-Four||ChopleBerry|FriendGuard|BeatUp,FollowMe,Taunt,Protect|Timid|||||50|]Froslass||Froslassite|SnowCloak|Blizzard,ShadowBall,AuroraVeil,Protect|Timid||F|||50|]Gholdengo||ChoiceScarf|GoodasGold|MakeItRain,ShadowBall,FlashCannon,PowerGem|Timid|||||50|]Aerodactyl||Aerodactylite|RockHead|RockSlide,Tailwind,IceFang,Protect|Jolly||M|||50|
|inactive|Battle timer is ON: inactive players will automatically lose when time's up. (requested by devil may larp)
|
|t:|1783111968
|teamsize|p1|4
|teamsize|p2|4
|start
|switch|p1a: Farigiraf|Farigiraf, L50, F|100/100
|switch|p1b: Kingambit|Kingambit, L50, M, shiny|100/100
|switch|p2a: Gholdengo|Gholdengo, L50|100/100
|switch|p2b: Maushold|Maushold-Four, L50|100/100
|turn|1
|
|t:|1783111990
|switch|p2a: Annihilape|Annihilape, L50, M|100/100
|move|p2b: Maushold|Taunt|p1a: Farigiraf
|-start|p1a: Farigiraf|move: Taunt
|move|p1b: Kingambit|Kowtow Cleave|p2a: Annihilape
|-damage|p2a: Annihilape|64/100
|cant|p1a: Farigiraf|move: Taunt|Trick Room
|
|upkeep
|turn|2
|
|t:|1783112005
|switch|p1b: Big Y|Charizard, L50, F|100/100
|move|p2b: Maushold|Follow Me|p2b: Maushold
|-singleturn|p2b: Maushold|move: Follow Me
|move|p2a: Annihilape|Bulk Up|p2a: Annihilape
|-boost|p2a: Annihilape|atk|1
|-boost|p2a: Annihilape|def|1
|move|p1a: Farigiraf|Twin Beam|p2b: Maushold
|-damage|p2b: Maushold|81/100
|-damage|p2b: Maushold|61/100
|-hitcount|p2b: Maushold|2
|
|upkeep
|turn|3
|inactive|gamma_90 has 30 seconds left.
|
|t:|1783112036
|detailschange|p1b: Big Y|Charizard-Mega-Y, L50, F
|-mega|p1b: Big Y|Charizard|Charizardite Y
|-weather|SunnyDay|[from] ability: Drought|[of] p1b: Big Y
|move|p2b: Maushold|Protect|p2b: Maushold
|-singleturn|p2b: Maushold|Protect
|move|p2a: Annihilape|Protect|p2a: Annihilape
|-singleturn|p2a: Annihilape|Protect
|move|p1b: Big Y|Heat Wave|p2a: Annihilape|[spread] 
|-activate|p2a: Annihilape|move: Protect
|-activate|p2b: Maushold|move: Protect
|move|p1a: Farigiraf|Twin Beam|p2a: Annihilape
|-activate|p2a: Annihilape|move: Protect
|
|-weather|SunnyDay|[upkeep]
|-end|p1a: Farigiraf|move: Taunt
|upkeep
|turn|4
|
|t:|1783112058
|move|p2b: Maushold|Follow Me|p2b: Maushold
|-singleturn|p2b: Maushold|move: Follow Me
|move|p1b: Big Y|Heat Wave|p2b: Maushold|[spread] p2a,p2b
|-damage|p2a: Annihilape|21/100
|-damage|p2b: Maushold|0 fnt
|-status|p2a: Annihilape|brn
|-enditem|p2a: Annihilape|Sitrus Berry|[eat]
|-heal|p2a: Annihilape|46/100 brn|[from] item: Sitrus Berry
|faint|p2b: Maushold
|move|p2a: Annihilape|Rage Fist|p1b: Big Y
|-damage|p1b: Big Y|24/100
|move|p1a: Farigiraf|Twin Beam|p2a: Annihilape
|-supereffective|p2a: Annihilape|1
|-damage|p2a: Annihilape|18/100 brn
|-supereffective|p2a: Annihilape|1
|-damage|p2a: Annihilape|0 fnt
|faint|p2a: Annihilape
|-hitcount|p2: Annihilape|2
|
|-weather|SunnyDay|[upkeep]
|upkeep
|
|t:|1783112066
|switch|p2b: Gholdengo|Gholdengo, L50|100/100
|switch|p2a: Aerodactyl|Aerodactyl, L50, M|100/100
|turn|5
|inactive|gamma_90 has 30 seconds left.
|inactive|gamma_90 has 20 seconds left.
|inactive|gamma_90 has 15 seconds left.
|inactive|gamma_90 has 10 seconds left.
|
|t:|1783112112
|detailschange|p2a: Aerodactyl|Aerodactyl-Mega, L50, M
|-mega|p2a: Aerodactyl|Aerodactyl|Aerodactylite
|move|p1b: Big Y|Protect|p1b: Big Y
|-singleturn|p1b: Big Y|Protect
|move|p2b: Gholdengo|Flash Cannon|p1a: Farigiraf
|-damage|p1a: Farigiraf|61/100
|move|p2a: Aerodactyl|Rock Slide|p1b: Big Y|[spread] p1a
|-activate|p1b: Big Y|move: Protect
|-damage|p1a: Farigiraf|39/100
|move|p1a: Farigiraf|Trick Room|p1a: Farigiraf
|-fieldstart|move: Trick Room|[of] p1a: Farigiraf
|
|-weather|SunnyDay|[upkeep]
|upkeep
|turn|6
|
|t:|1783112123
|move|p1a: Farigiraf|Twin Beam|p2a: Aerodactyl
|-damage|p2a: Aerodactyl|83/100
|-damage|p2a: Aerodactyl|64/100
|-hitcount|p2a: Aerodactyl|2
|move|p1b: Big Y|Weather Ball|p2b: Gholdengo
|-supereffective|p2b: Gholdengo|1
|-damage|p2b: Gholdengo|0 fnt
|faint|p2b: Gholdengo
|move|p2a: Aerodactyl|Rock Slide|p1b: Big Y|[spread] p1b
|-miss|p2a: Aerodactyl|p1a: Farigiraf
|-supereffective|p1b: Big Y|2
|-damage|p1b: Big Y|0 fnt
|faint|p1b: Big Y
|
|-weather|SunnyDay|[upkeep]
|upkeep
|
|t:|1783112127
|switch|p1b: Garchomp|Garchomp, L50, F|100/100
|turn|7
|-message|gamma_90 forfeited.
|
|win|devil may larp
||gamma_90 is ready for game 2.
||devil may larp is ready for game 2.
|uhtml|next|Next: Game 2 of 3
|l|☆devil may larp
|player|p1|
