|j|☆izmatti
|j|☆gohan92
|html|izmattigohan92    
|uhtml|bestof|Game 2 of a best-of-3
|t:|1756406297
|gametype|doubles
|player|p1|izmatti|2|1083
|player|p2|gohan92|169|1180
|gen|9
|tier|[Gen 9] VGC 2025 Reg H (Bo3)
|rated|
|rule|Species Clause: Limit one of each Pokémon
|rule|Item Clause: Limit 1 of each item
|clearpoke
|poke|p1|Corviknight, L50, M|
|poke|p1|Tyranitar, L50, F|
|poke|p1|Excadrill, L50, M|
|poke|p1|Annihilape, L50, F|
|poke|p1|Indeedee-F, L50, F|
|poke|p1|Delphox, L50, F|
|poke|p2|Ursaluna-Bloodmoon, L50, M|
|poke|p2|Gholdengo, L50|
|poke|p2|Dragonite, L50, F|
|poke|p2|Annihilape, L50, M|
|poke|p2|Dondozo, L50, M|
|poke|p2|Volcarona, L50, M|
|teampreview|4
|showteam|p1|Corviknight||PsychicSeed|MirrorArmor|BraveBird,PowerTrip,BulkUp,Roost|||M|||50|,,,,,Dragon]Tyranitar||AssaultVest|SandStream|TeraBlast,RockSlide,LowKick,KnockOff|||F|||50|,,,,,Flying]Excadrill||FocusSash|SandRush|SwordsDance,IronHead,Earthquake,Protect|||M|||50|,,,,,Ground]Annihilape||ChoiceScarf|Defiant|CloseCombat,Uturn,FinalGambit,ShadowClaw|||F|||50|,,,,,Grass]Indeedee-F||RockyHelmet|PsychicSurge|FollowMe,HelpingHand,TrickRoom,AlluringVoice|||F|||50|,,,,,Water]Delphox||LifeOrb|Blaze|ExpandingForce,HeatWave,Protect,TeraBlast|||F|||50|,,,,,Fighting
|showteam|p2|Ursaluna-Bloodmoon||AssaultVest|MindsEye|BloodMoon,HyperVoice,EarthPower,VacuumWave|||M|||50|,,,,,Normal]Gholdengo||ChoiceScarf|GoodasGold|MakeItRain,ShadowBall,PowerGem,Trick||||||50|,,,,,Steel]Dragonite||LoadedDice|Multiscale|ScaleShot,ExtremeSpeed,Haze,Protect|||F|||50|,,,,,Fairy]Annihilape||FocusSash|Defiant|CloseCombat,RageFist,FinalGambit,Coaching|||M|||50|,,,,,Stellar]Dondozo||Leftovers|Unaware|WaveCrash,Fissure,Yawn,Protect|||M|||50|,,,,,Bug]Volcarona||RockyHelmet|FlameBody|HeatWave,Tailwind,RagePowder,Protect|||M|||50|,,,,,Water
|inactive|Battle timer is ON: inactive players will automatically lose when time's up. (requested by izmatti)
|
|t:|1756406359
|teamsize|p1|4
|teamsize|p2|4
|start
|switch|p1a: Indeedee|Indeedee-F, L50, F|100/100
|switch|p1b: Delphox|Delphox, L50, F|100/100
|switch|p2a: Dondozo|Dondozo, L50, M|100/100
|switch|p2b: Ursaluna|Ursaluna-Bloodmoon, L50, M|100/100
|-fieldstart|move: Psychic Terrain|[from] ability: Psychic Surge|[of] p1a: Indeedee
|turn|1
|
|t:|1756406384
|switch|p2a: Gholdengo|Gholdengo, L50|100/100
|-terastallize|p1b: Delphox|Fighting
|move|p1a: Indeedee|Helping Hand|p1b: Delphox
|-singleturn|p1b: Delphox|Helping Hand|[of] p1a: Indeedee
|move|p1b: Delphox|Tera Blast|p2b: Ursaluna|[anim] Tera Blast Fighting
|-supereffective|p2b: Ursaluna
|-damage|p2b: Ursaluna|0 fnt
|faint|p2b: Ursaluna
|-damage|p1b: Delphox|90/100|[from] item: Life Orb
|
|upkeep
|
|t:|1756406394
|switch|p2b: Volcarona|Volcarona, L50, M|100/100
|turn|2
|
|t:|1756406410
|-terastallize|p2a: Gholdengo|Steel
|move|p1a: Indeedee|Helping Hand|p1b: Delphox
|-singleturn|p1b: Delphox|Helping Hand|[of] p1a: Indeedee
|move|p2a: Gholdengo|Make It Rain|p1b: Delphox|[spread] p1a,p1b
|-damage|p1a: Indeedee|38/100
|-damage|p1b: Delphox|9/100
|-unboost|p2a: Gholdengo|spa|1
|move|p1b: Delphox|Heat Wave|p2b: Volcarona|[spread] p2a,p2b
|-supereffective|p2a: Gholdengo
|-damage|p2a: Gholdengo|0 fnt
|-damage|p2b: Volcarona|7/100
|faint|p2a: Gholdengo
|-damage|p1b: Delphox|0 fnt|[from] item: Life Orb
|faint|p1b: Delphox
|move|p2b: Volcarona|Tailwind|p2b: Volcarona
|-sidestart|p2: gohan92|move: Tailwind
|
|upkeep
|
|t:|1756406429
|switch|p1b: Corviknight|Corviknight, L50, M|100/100
|switch|p2a: Dondozo|Dondozo, L50, M|100/100
|-enditem|p1b: Corviknight|Psychic Seed
|-boost|p1b: Corviknight|spd|1|[from] item: Psychic Seed
|turn|3
|
|t:|1756406450
|move|p2b: Volcarona|Protect|p2b: Volcarona
|-singleturn|p2b: Volcarona|Protect
|move|p2a: Dondozo|Yawn|p1b: Corviknight
|-start|p1b: Corviknight|move: Yawn|[of] p2a: Dondozo
|move|p1a: Indeedee|Alluring Voice|p2b: Volcarona
|-activate|p2b: Volcarona|move: Protect
|move|p1b: Corviknight|Brave Bird|p2b: Volcarona
|-activate|p2b: Volcarona|move: Protect
|
|upkeep
|turn|4
|
|t:|1756406464
|move|p2b: Volcarona|Heat Wave|p1b: Corviknight|[spread] p1a,p1b
|-crit|p1a: Indeedee
|-supereffective|p1b: Corviknight
|-damage|p1a: Indeedee|0 fnt
|-damage|p1b: Corviknight|60/100
|faint|p1a: Indeedee
|move|p2a: Dondozo|Wave Crash|p1b: Corviknight
|-damage|p1b: Corviknight|21/100
|-damage|p2a: Dondozo|90/100|[from] Recoil
|move|p1b: Corviknight|Brave Bird|p2b: Volcarona
|-supereffective|p2b: Volcarona
|-damage|p2b: Volcarona|0 fnt
|-damage|p1b: Corviknight|5/100|[from] item: Rocky Helmet|[of] p2b: Volcarona
|-status|p1b: Corviknight|brn|[from] ability: Flame Body|[of] p2b: Volcarona
|faint|p2b: Volcarona
|-damage|p1b: Corviknight|3/100 brn|[from] Recoil
|
|-heal|p2a: Dondozo|96/100|[from] item: Leftovers
|-damage|p1b: Corviknight|0 fnt|[from] brn
|faint|p1b: Corviknight
|upkeep
|
|t:|1756406484
|switch|p1b: Annihilape|Annihilape, L50, F|100/100
|turn|5
|
|t:|1756406493
|move|p1b: Annihilape|Shadow Claw|p2a: Dondozo
|-damage|p2a: Dondozo|77/100
|move|p2a: Dondozo|Yawn|p1b: Annihilape
|-start|p1b: Annihilape|move: Yawn|[of] p2a: Dondozo
|
|-heal|p2a: Dondozo|83/100|[from] item: Leftovers
|-sideend|p2: gohan92|move: Tailwind
|-fieldend|move: Psychic Terrain
|upkeep
|turn|6
|
|t:|1756406499
|move|p1b: Annihilape|Shadow Claw|p2a: Dondozo
|-damage|p2a: Dondozo|66/100
|move|p2a: Dondozo|Wave Crash|p1b: Annihilape
|-damage|p1b: Annihilape|48/100
|-damage|p2a: Dondozo|51/100|[from] Recoil
|
|-heal|p2a: Dondozo|57/100|[from] item: Leftovers
|-end|p1b: Annihilape|move: Yawn|[silent]
|-status|p1b: Annihilape|slp
|upkeep
|turn|7
|-message|izmatti forfeited.
|
|win|gohan92
|l|☆izmatti
|player|p1|
||izmatti is ready for game 3.
||gohan92 is ready for game 3.
|uhtml|next|Next: Game 3 of 3
