|j|☆theycallmephones
|j|☆meattbone
|html|theycallmephonesmeattbone    
|uhtml|bestof|Game 1 of a best-of-3
|t:|1757809903
|gametype|doubles
|player|p1|theycallmephones|sabrina|
|player|p2|meattbone|dancer|
|gen|9
|tier|[Gen 9] VGC 2025 Reg H (Bo3)
|rule|Species Clause: Limit one of each Pokémon
|rule|Item Clause: Limit 1 of each item
|clearpoke
|poke|p1|Archaludon, L50, F|
|poke|p1|Pelipper, L50, M|
|poke|p1|Basculegion, L50, M|
|poke|p1|Gholdengo, L50|
|poke|p1|Ursaluna, L50, F|
|poke|p1|Amoonguss, L50, M|
|poke|p2|Dragonite, L50, M|
|poke|p2|Ursaluna-Bloodmoon, L50, M|
|poke|p2|Gholdengo, L50|
|poke|p2|Ninetales-Alola, L50, F|
|poke|p2|Annihilape, L50, M|
|poke|p2|Rillaboom, L50, F|
|teampreview|4
|showteam|p1|Archaludon||AssaultVest|Stamina|ElectroShot,FlashCannon,DracoMeteor,BodyPress|||F|||50|,,,,,Bug]Pelipper||FocusSash|Drizzle|WeatherBall,Tailwind,Hurricane,Protect|||M|||50|,,,,,Ground]Basculegion||ChoiceBand|SwiftSwim|WaveCrash,AquaJet,LastRespects,FlipTurn|||M|||50|,,,,,Water]Gholdengo||LifeOrb|GoodasGold|MakeItRain,ShadowBall,NastyPlot,Protect||||||50|,,,,,Water]Ursaluna||FlameOrb|Guts|Facade,HeadlongRush,Earthquake,Protect|||F|||50|,,,,,Ghost]Amoonguss||SitrusBerry|Regenerator|Spore,RagePowder,PollenPuff,Protect|||M|||50|,,,,,Psychic
|showteam|p2|Dragonite||LoadedDice|Multiscale|ScaleShot,ExtremeSpeed,Tailwind,Protect|||M|||50|,,,,,Normal]Ursaluna-Bloodmoon||AssaultVest|MindsEye|BloodMoon,EarthPower,VacuumWave,HyperVoice|||M|||50|,,,,,Water]Gholdengo||LifeOrb|GoodasGold|MakeItRain,ShadowBall,NastyPlot,Protect||||||50|,,,,,Water]Ninetales-Alola||FocusSash|SnowWarning|Blizzard,IcyWind,AuroraVeil,IcicleSpear|||F|||50|,,,,,Ghost]Annihilape||SafetyGoggles|Defiant|DrainPunch,RageFist,BulkUp,Protect|||M|||50|,,,,,Fire]Rillaboom||MiracleSeed|GrassySurge|GrassyGlide,WoodHammer,FakeOut,Protect|||F|||50|,,,,,Fire
|
|t:|1757810003
|teamsize|p1|4
|teamsize|p2|4
|start
|switch|p1a: Archaludon|Archaludon, L50, F, shiny|100/100
|switch|p1b: Basculegion|Basculegion, L50, M|100/100
|switch|p2a: Ninetales|Ninetales-Alola, L50, F, shiny|100/100
|switch|p2b: Dragonite|Dragonite, L50, M|100/100
|-weather|Snowscape|[from] ability: Snow Warning|[of] p2a: Ninetales
|turn|1
|
|t:|1757810040
|switch|p2a: Rillaboom|Rillaboom, L50, F|100/100
|-fieldstart|move: Grassy Terrain|[from] ability: Grassy Surge|[of] p2a: Rillaboom
|switch|p1b: Pelipper|Pelipper, L50, M|100/100
|-weather|RainDance|[from] ability: Drizzle|[of] p1b: Pelipper
|move|p2b: Dragonite|Tailwind|p2b: Dragonite
|-sidestart|p2: meattbone|move: Tailwind
|move|p1a: Archaludon|Electro Shot||[still]
|-prepare|p1a: Archaludon|Electro Shot
|-boost|p1a: Archaludon|spa|1
|-anim|p1a: Archaludon|Electro Shot|p2a: Rillaboom
|-resisted|p2a: Rillaboom
|-damage|p2a: Rillaboom|66/100
|
|-weather|RainDance|[upkeep]
|-heal|p2a: Rillaboom|72/100|[from] Grassy Terrain
|upkeep
|turn|2
|
|t:|1757810099
|switch|p2b: Ninetales|Ninetales-Alola, L50, F, shiny|100/100
|-weather|Snowscape|[from] ability: Snow Warning|[of] p2b: Ninetales
|switch|p1a: Gholdengo|Gholdengo, L50, shiny|100/100
|move|p2a: Rillaboom|Fake Out|p1b: Pelipper
|-damage|p1b: Pelipper|80/100
|cant|p1b: Pelipper|flinch
|
|-weather|Snowscape|[upkeep]
|-heal|p2a: Rillaboom|78/100|[from] Grassy Terrain
|upkeep
|turn|3
|
|t:|1757810133
|switch|p1b: Archaludon|Archaludon, L50, F, shiny|100/100
|move|p2b: Ninetales|Aurora Veil|p2b: Ninetales
|-sidestart|p2: meattbone|move: Aurora Veil
|move|p2a: Rillaboom|Wood Hammer|p1b: Archaludon
|-resisted|p1b: Archaludon
|-damage|p1b: Archaludon|81/100
|-ability|p1b: Archaludon|Stamina|boost
|-boost|p1b: Archaludon|def|1
|-damage|p2a: Rillaboom|71/100|[from] Recoil
|move|p1a: Gholdengo|Nasty Plot|p1a: Gholdengo
|-boost|p1a: Gholdengo|spa|2
|
|-weather|Snowscape|[upkeep]
|-heal|p2a: Rillaboom|78/100|[from] Grassy Terrain
|-heal|p1b: Archaludon|87/100|[from] Grassy Terrain
|upkeep
|turn|4
|
|t:|1757810164
|move|p2b: Ninetales|Blizzard|p1a: Gholdengo|[spread] p1a,p1b
|-resisted|p1a: Gholdengo
|-damage|p1a: Gholdengo|87/100
|-damage|p1b: Archaludon|69/100
|-status|p1a: Gholdengo|frz
|-ability|p1b: Archaludon|Stamina|boost
|-boost|p1b: Archaludon|def|1
|move|p2a: Rillaboom|Wood Hammer|p1a: Gholdengo
|-resisted|p1a: Gholdengo
|-damage|p1a: Gholdengo|31/100 frz
|-damage|p2a: Rillaboom|61/100|[from] Recoil
|cant|p1a: Gholdengo|frz
|move|p1b: Archaludon|Body Press|p2a: Rillaboom
|-damage|p2a: Rillaboom|29/100
|
|-weather|Snowscape|[upkeep]
|-heal|p2a: Rillaboom|35/100|[from] Grassy Terrain
|-heal|p1a: Gholdengo|37/100 frz|[from] Grassy Terrain
|-heal|p1b: Archaludon|75/100|[from] Grassy Terrain
|-sideend|p2: meattbone|move: Tailwind
|upkeep
|turn|5
|
|t:|1757810227
|switch|p2b: Dragonite|Dragonite, L50, M|100/100
|switch|p1a: Pelipper|Pelipper, L50, M|80/100
|-weather|RainDance|[from] ability: Drizzle|[of] p1a: Pelipper
|switch|p2a: Gholdengo|Gholdengo, L50|100/100
|move|p1b: Archaludon|Electro Shot||[still]
|-prepare|p1b: Archaludon|Electro Shot
|-boost|p1b: Archaludon|spa|1
|-anim|p1b: Archaludon|Electro Shot|p2b: Dragonite
|-damage|p2b: Dragonite|79/100
|
|-weather|RainDance|[upkeep]
|-heal|p1b: Archaludon|81/100|[from] Grassy Terrain
|-fieldend|move: Grassy Terrain
|upkeep
|turn|6
|
|t:|1757810285
|move|p2a: Gholdengo|Nasty Plot|p2a: Gholdengo
|-boost|p2a: Gholdengo|spa|2
|move|p2b: Dragonite|Tailwind|p2b: Dragonite
|-sidestart|p2: meattbone|move: Tailwind
|move|p1b: Archaludon|Draco Meteor|p2a: Gholdengo
|-resisted|p2a: Gholdengo
|-damage|p2a: Gholdengo|66/100
|-unboost|p1b: Archaludon|spa|2
|move|p1a: Pelipper|Weather Ball|p2b: Dragonite
|-resisted|p2b: Dragonite
|-damage|p2b: Dragonite|52/100
|
|-weather|RainDance|[upkeep]
|upkeep
|turn|7
|j| fancy cucudrula
|
|t:|1757810320
|move|p2a: Gholdengo|Shadow Ball|p1b: Archaludon
|-crit|p1b: Archaludon
|-damage|p1b: Archaludon|0 fnt
|faint|p1b: Archaludon
|-damage|p2a: Gholdengo|56/100|[from] item: Life Orb
|move|p2b: Dragonite|Scale Shot|p1a: Pelipper
|-damage|p1a: Pelipper|62/100
|-damage|p1a: Pelipper|42/100
|-damage|p1a: Pelipper|22/100
|-damage|p1a: Pelipper|1/100
|-damage|p1a: Pelipper|0 fnt
|faint|p1a: Pelipper
|-hitcount|p1: Pelipper|5
|-unboost|p2b: Dragonite|def|1
|-boost|p2b: Dragonite|spe|1
|
|-weather|RainDance|[upkeep]
|-sideend|p2: meattbone|move: Aurora Veil
|upkeep
|
|t:|1757810337
|switch|p1b: Gholdengo|Gholdengo, L50, shiny|37/100 frz
|switch|p1a: Basculegion|Basculegion, L50, M|100/100
|turn|8
|
|t:|1757810359
|switch|p2b: Ninetales|Ninetales-Alola, L50, F, shiny|100/100
|-weather|Snowscape|[from] ability: Snow Warning|[of] p2b: Ninetales
|-terastallize|p2a: Gholdengo|Water
|-terastallize|p1a: Basculegion|Water
|move|p2a: Gholdengo|Shadow Ball|p1a: Basculegion
|-crit|p1a: Basculegion
|-damage|p1a: Basculegion|0 fnt
|faint|p1a: Basculegion
|-damage|p2a: Gholdengo|46/100|[from] item: Life Orb
|cant|p1b: Gholdengo|frz
|
|-weather|Snowscape|[upkeep]
|upkeep
|turn|9
|
|t:|1757810375
|move|p2b: Ninetales|Blizzard|p1b: Gholdengo
|-resisted|p1b: Gholdengo
|-damage|p1b: Gholdengo|20/100 frz
|move|p2a: Gholdengo|Shadow Ball|p1b: Gholdengo
|-supereffective|p1b: Gholdengo
|-damage|p1b: Gholdengo|0 fnt
|faint|p1b: Gholdengo
|-damage|p2a: Gholdengo|36/100|[from] item: Life Orb
|
|win|meattbone
||theycallmephones is ready for game 2.
|inactive|meattbone has 30 seconds to confirm battle start!
