|j|☆reyimo 45
|j|☆jeanryupr
|html|reyimo 45jeanryupr    
|uhtml|bestof|Game 2 of a best-of-3
|t:|1785161721
|gametype|doubles
|player|p1|reyimo 45|169|1164
|player|p2|jeanryupr|265|1157
|gen|9
|tier|[Gen 9 Champions] VGC 2026 Reg M-B (Bo3)
|rated|
|rule|Species Clause: Limit one of each Pokémon
|rule|Item Clause: Limit 1 of each item
|clearpoke
|poke|p1|Kingambit, L50, M|
|poke|p1|Charizard, L50, F|
|poke|p1|Aerodactyl, L50, F|
|poke|p1|Farigiraf, L50, F|
|poke|p1|Garchomp, L50, M|
|poke|p1|Sylveon, L50, M|
|poke|p2|Staraptor, L50, M|
|poke|p2|Glimmora, L50, F|
|poke|p2|Whimsicott, L50, F|
|poke|p2|Kingambit, L50, M|
|poke|p2|Garchomp, L50, M|
|poke|p2|Delphox, L50, M|
|teampreview|4
|showteam|p1|Kingambit||FocusSash|Defiant|KowtowCleave,IronHead,SuckerPunch,LowKick|Adamant||M|||50|]Charizard||CharizarditeY|Blaze|HeatWave,SolarBeam,WeatherBall,Protect|Modest||F|||50|]Aerodactyl||Aerodactylite|Unnerve|RockSlide,DualWingbeat,IceFang,Tailwind|Jolly||F|||50|]Farigiraf||SitrusBerry|ArmorTail|Psychic,Thunderbolt,TrickRoom,Protect|Bold||F|||50|]Garchomp||LifeOrb|RoughSkin|Earthquake,DragonClaw,StompingTantrum,Protect|Jolly||M|||50|]Sylveon||FairyFeather|Pixilate|HyperVoice,HyperBeam,QuickAttack,Protect|Modest||M|||50|
|showteam|p2|Staraptor||Staraptite|Intimidate|CloseCombat,BraveBird,Roost,Protect|Jolly||M|||50|]Glimmora||FocusSash|ToxicDebris|PowerGem,SludgeBomb,EarthPower,SpikyShield|Modest||F|||50|]Whimsicott||OccaBerry|Prankster|Tailwind,Moonblast,Charm,LightScreen|Timid||F|||50|]Kingambit||ChopleBerry|Defiant|KowtowCleave,IronHead,LowKick,SuckerPunch|Adamant||M|||50|]Garchomp||ChoiceScarf|RoughSkin|Earthquake,DragonClaw,RockSlide,StompingTantrum|Adamant||M|||50|]Delphox||Delphoxite|Blaze|HeatWave,Psychic,Encore,Protect|Timid||M|||50|
|
|t:|1785161762
|teamsize|p1|4
|teamsize|p2|4
|start
|switch|p1a: Farigiraf|Farigiraf, L50, F|100/100
|switch|p1b: Garchomp|Garchomp, L50, M|100/100
|switch|p2a: Whimsicott|Whimsicott, L50, F|100/100
|switch|p2b: Glimmora|Glimmora, L50, F|100/100
|turn|1
|inactive|Battle timer is ON: inactive players will automatically lose when time's up. (requested by reyimo 45)
|
|t:|1785161786
|move|p1b: Garchomp|Stomping Tantrum|p2b: Glimmora
|-supereffective|p2b: Glimmora|2
|-enditem|p2b: Glimmora|Focus Sash
|-damage|p2b: Glimmora|1/100
|-activate|p2b: Glimmora|ability: Toxic Debris
|-sidestart|p1: reyimo 45|move: Toxic Spikes
|-damage|p1b: Garchomp|90/100|[from] item: Life Orb
|move|p2a: Whimsicott|Moonblast|p1b: Garchomp
|-supereffective|p1b: Garchomp|1
|-damage|p1b: Garchomp|35/100
|move|p2b: Glimmora|Sludge Bomb|p1a: Farigiraf
|-damage|p1a: Farigiraf|55/100
|move|p1a: Farigiraf|Trick Room|p1a: Farigiraf
|-fieldstart|move: Trick Room|[of] p1a: Farigiraf
|
|upkeep
|turn|2
|inactive|reyimo 45 has 30 seconds left.
|inactive|jeanryupr has 30 seconds left.
|
|t:|1785161814
|switch|p2b: Garchomp|Garchomp, L50, M|100/100
|move|p1a: Farigiraf|Psychic|p2b: Garchomp
|-damage|p2b: Garchomp|62/100
|move|p2a: Whimsicott|Moonblast|p1a: Farigiraf
|-damage|p1a: Farigiraf|29/100
|-enditem|p1a: Farigiraf|Sitrus Berry|[eat]
|-heal|p1a: Farigiraf|54/100|[from] item: Sitrus Berry
|move|p1b: Garchomp|Stomping Tantrum|p2a: Whimsicott
|-resisted|p2a: Whimsicott|1
|-damage|p2a: Whimsicott|76/100
|-damage|p1b: Garchomp|25/100|[from] item: Life Orb
|
|upkeep
|turn|3
|inactive|jeanryupr has 30 seconds left.
|
|t:|1785161841
|move|p1a: Farigiraf|Psychic|p2a: Whimsicott
|-damage|p2a: Whimsicott|31/100
|move|p2a: Whimsicott|Moonblast|p1b: Garchomp
|-supereffective|p1b: Garchomp|1
|-crit|p1b: Garchomp
|-damage|p1b: Garchomp|0 fnt
|faint|p1b: Garchomp
|move|p2b: Garchomp|Stomping Tantrum|p1a: Farigiraf
|-damage|p1a: Farigiraf|20/100y
|
|upkeep
|
|t:|1785161857
|switch|p1b: Sylveon|Sylveon, L50, M|100/100
|-status|p1b: Sylveon|psn
|turn|4
|
|t:|1785161872
|move|p2a: Whimsicott|Tailwind|p2a: Whimsicott
|-sidestart|p2: jeanryupr|move: Tailwind
|move|p1b: Sylveon|Hyper Voice|p2b: Garchomp|[spread] p2a,p2b
|-supereffective|p2b: Garchomp|1
|-damage|p2a: Whimsicott|0 fnt
|-damage|p2b: Garchomp|0 fnt
|faint|p2a: Whimsicott
|faint|p2b: Garchomp
|move|p1a: Farigiraf|Psychic|p2: Whimsicott|[notarget]
|-fail|p1a: Farigiraf
|
|-damage|p1b: Sylveon|87/100 psn|[from] psn
|upkeep
|
|t:|1785161877
|switch|p2b: Glimmora|Glimmora, L50, F|1/100
|switch|p2a: Staraptor|Staraptor, L50, M|100/100
|-ability|p2a: Staraptor|Intimidate|boost
|-unboost|p1a: Farigiraf|atk|1
|-unboost|p1b: Sylveon|atk|1
|turn|5
|
|t:|1785161892
|detailschange|p2a: Staraptor|Staraptor-Mega, L50, M
|-mega|p2a: Staraptor|Staraptor|Staraptite
|move|p2b: Glimmora|Spiky Shield|p2b: Glimmora
|-singleturn|p2b: Glimmora|move: Protect
|move|p2a: Staraptor|Protect|p2a: Staraptor
|-singleturn|p2a: Staraptor|Protect
|move|p1b: Sylveon|Hyper Voice|p2b: Glimmora|[spread] 
|-activate|p2a: Staraptor|move: Protect
|-activate|p2b: Glimmora|move: Protect
|move|p1a: Farigiraf|Thunderbolt|p2a: Staraptor
|-activate|p2a: Staraptor|move: Protect
|
|-damage|p1b: Sylveon|75/100 psn|[from] psn
|-fieldend|move: Trick Room
|upkeep
|turn|6
|
|t:|1785161910
|move|p2b: Glimmora|Spiky Shield|p2b: Glimmora
|-singleturn|p2b: Glimmora|move: Protect
|move|p1b: Sylveon|Quick Attack|p2b: Glimmora
|-activate|p2b: Glimmora|move: Protect
|-damage|p1b: Sylveon|63/100 psn|[from] Spiky Shield|[of] p2b: Glimmora
|move|p2a: Staraptor|Close Combat|p1a: Farigiraf
|-damage|p1a: Farigiraf|0 fnt
|-boost|p2a: Staraptor|def|1
|-boost|p2a: Staraptor|spd|1
|faint|p1a: Farigiraf
|
|-damage|p1b: Sylveon|51/100 psn|[from] psn
|upkeep
|
|t:|1785161918
|switch|p1a: Aerodactyl|Aerodactyl, L50, F|100/100
|-ability|p1a: Aerodactyl|Unnerve
|turn|7
|
|t:|1785161941
|detailschange|p1a: Aerodactyl|Aerodactyl-Mega, L50, F
|-mega|p1a: Aerodactyl|Aerodactyl|Aerodactylite
|move|p2a: Staraptor|Brave Bird|p1a: Aerodactyl
|-resisted|p1a: Aerodactyl|1
|-damage|p1a: Aerodactyl|66/100
|-damage|p2a: Staraptor|91/100|[from] Recoil
|move|p2b: Glimmora|Sludge Bomb|p1b: Sylveon
|-supereffective|p1b: Sylveon|1
|-damage|p1b: Sylveon|0 fnt
|faint|p1b: Sylveon
|move|p1a: Aerodactyl|Rock Slide|p2b: Glimmora|[spread] p2a,p2b
|-crit|p2a: Staraptor
|-damage|p2a: Staraptor|45/100
|-damage|p2b: Glimmora|0 fnt
|-activate|p2b: Glimmora|ability: Toxic Debris
|-sidestart|p1: reyimo 45|move: Toxic Spikes
|faint|p2b: Glimmora
|
|-sideend|p2: jeanryupr|move: Tailwind
|upkeep
|turn|8
|
|t:|1785161958
|move|p1a: Aerodactyl|Dual Wingbeat|p2a: Staraptor
|-supereffective|p2a: Staraptor|1
|-damage|p2a: Staraptor|10/100
|-supereffective|p2a: Staraptor|1
|-damage|p2a: Staraptor|0 fnt
|faint|p2a: Staraptor
|-hitcount|p2: Staraptor|2
|
|win|reyimo 45
