|j|☆icyydamudkipp
|j|☆wizzz7
|html|icyydamudkippwizzz7    
|uhtml|bestof|Game 1 of a best-of-3
|t:|1785723142
|gametype|doubles
|player|p1|icyydamudkipp|n|
|player|p2|wizzz7|emma-lza|
|gen|9
|tier|[Gen 9 Champions] VGC 2026 Reg M-B (Bo3)
|rule|Species Clause: Limit one of each Pokémon
|rule|Item Clause: Limit 1 of each item
|clearpoke
|poke|p1|Crabominable, L50, F, shiny|
|poke|p1|Sinistcha, L50, shiny|
|poke|p1|Ninetales-Alola, L50, F, shiny|
|poke|p1|Pikachu, L50, F, shiny|
|poke|p1|Whimsicott, L50, F, shiny|
|poke|p1|Staraptor, L50, F, shiny|
|poke|p2|Gardevoir, L50, F|
|poke|p2|Hydreigon, L50, M|
|poke|p2|Sneasler, L50, F|
|poke|p2|Metagross, L50|
|poke|p2|Rhyperior, L50, M|
|poke|p2|Rotom-Frost, L50|
|teampreview|4
|showteam|p1|Crabominable||Crabominite|HyperCutter|DrainPunch,IceSpinner,KnockOff,MachPunch|Adamant||F|||50|]Sinistcha||MentalHerb|Hospitality|MatchaGotcha,Protect,RagePowder,TrickRoom|Relaxed|||||50|]Ninetales-Alola||LightClay|SnowWarning|Blizzard,Moonblast,Psyshock,AuroraVeil|Timid||F|||50|]Pikachu||LightBall|Static|VoltTackle,KnockOff,PlayRough,FakeOut|Jolly||F|||50|]Whimsicott||FocusSash|Prankster|ShadowBall,Charm,Tailwind,Protect|Bold||F|||50|]Staraptor||Staraptite|Intimidate|BraveBird,CloseCombat,BlazeKick,Protect|Jolly||F|||50|
|showteam|p2|Gardevoir||FairyFeather|Telepathy|DazzlingGleam,Moonblast,Psychic,Protect|Modest||F|||50|]Hydreigon||FocusSash|Levitate|DragonPulse,HeatWave,Tailwind,Protect|Timid||M|||50|]Sneasler||WhiteHerb|Unburden|CloseCombat,DireClaw,Coaching,FakeOut|Jolly||F|||50|]Metagross||Metagrossite|ClearBody|PsychicFangs,MeteorMash,PsychUp,Protect|Adamant|||||50|]Rhyperior||YacheBerry|LightningRod|Earthquake,Roar,RockSlide,Protect|Brave||M|||50|]Rotom-Frost||ChoiceScarf|Levitate|Blizzard,Thunderbolt,VoltSwitch,WillOWisp|Timid|||||50|
|inactive|Battle timer is ON: inactive players will automatically lose when time's up. (requested by icyydamudkipp)
|inactiveoff|Battle timer is now OFF.
|c|☆icyydamudkipp|glhf
|c|☆wizzz7|W pikachu
|c|☆wizzz7|gl hf
|c|☆wizzz7|this is supposed to be cts but we can just do this
|c|☆icyydamudkipp|idk how to turn it off sorry
|c|☆wizzz7|its fine
|
|t:|1785723226
|teamsize|p1|4
|teamsize|p2|4
|start
|switch|p1a: Ninetales|Ninetales-Alola, L50, F, shiny|100/100
|switch|p1b: Sinistcha|Sinistcha, L50, shiny|100/100
|switch|p2a: Hydreigon|Hydreigon, L50, M|100/100
|switch|p2b: Gardevoir|Gardevoir, L50, F|100/100
|-weather|Snowscape|[from] ability: Snow Warning|[of] p1a: Ninetales
|turn|1
|
|t:|1785723240
|move|p1a: Ninetales|Aurora Veil|p1a: Ninetales
|-sidestart|p1: icyydamudkipp|move: Aurora Veil
|move|p2a: Hydreigon|Tailwind|p2a: Hydreigon
|-sidestart|p2: wizzz7|move: Tailwind
|move|p2b: Gardevoir|Dazzling Gleam|p1b: Sinistcha|[spread] p1a,p1b
|-damage|p1a: Ninetales|70/100
|-damage|p1b: Sinistcha|67/100
|move|p1b: Sinistcha|Trick Room|p1b: Sinistcha
|-fieldstart|move: Trick Room|[of] p1b: Sinistcha
|
|-weather|Snowscape|[upkeep]
|upkeep
|turn|2
|
|t:|1785723248
|switch|p1b: Crabominable|Crabominable, L50, F, shiny|100/100
|switch|p2b: Metagross|Metagross, L50|100/100
|move|p2a: Hydreigon|Protect|p2a: Hydreigon
|-singleturn|p2a: Hydreigon|Protect
|move|p1a: Ninetales|Blizzard|p2a: Hydreigon|[spread] p2b
|-activate|p2a: Hydreigon|move: Protect
|-resisted|p2b: Metagross|1
|-damage|p2b: Metagross|80/100
|
|-weather|Snowscape|[upkeep]
|upkeep
|turn|3
|
|t:|1785723270
|switch|p2a: Gardevoir|Gardevoir, L50, F|100/100
|detailschange|p1b: Crabominable|Crabominable-Mega, L50, F, shiny
|-mega|p1b: Crabominable|Crabominable|Crabominite
|detailschange|p2b: Metagross|Metagross-Mega, L50
|-mega|p2b: Metagross|Metagross|Metagrossite
|move|p2b: Metagross|Protect|p2b: Metagross
|-singleturn|p2b: Metagross|Protect
|move|p1b: Crabominable|Drain Punch|p2b: Metagross
|-activate|p2b: Metagross|move: Protect
|move|p1a: Ninetales|Blizzard|p2a: Gardevoir|[spread] p2a
|-activate|p2b: Metagross|move: Protect
|-damage|p2a: Gardevoir|65/100
|
|-weather|Snowscape|[upkeep]
|upkeep
|turn|4
|
|t:|1785723285
|switch|p2b: Sneasler|Sneasler, L50, F|100/100
|move|p1b: Crabominable|Drain Punch|p2b: Sneasler
|-resisted|p2b: Sneasler|1
|-damage|p2b: Sneasler|50/100g
|move|p1a: Ninetales|Blizzard|p2a: Gardevoir|[spread] p2a,p2b
|-damage|p2a: Gardevoir|30/100
|-damage|p2b: Sneasler|7/100
|move|p2a: Gardevoir|Dazzling Gleam|p1a: Ninetales|[spread] p1a,p1b
|-supereffective|p1b: Crabominable|1
|-damage|p1a: Ninetales|39/100
|-damage|p1b: Crabominable|58/100
|
|-weather|Snowscape|[upkeep]
|-sideend|p2: wizzz7|move: Tailwind
|upkeep
|turn|5
|
|t:|1785723304
|move|p2a: Gardevoir|Protect|p2a: Gardevoir
|-singleturn|p2a: Gardevoir|Protect
|move|p2b: Sneasler|Fake Out|p1b: Crabominable
|-damage|p1b: Crabominable|53/100
|cant|p1b: Crabominable|flinch
|move|p1a: Ninetales|Blizzard|p2a: Gardevoir|[spread] p2b
|-activate|p2a: Gardevoir|move: Protect
|-damage|p2b: Sneasler|0 fnt
|faint|p2b: Sneasler
|
|-weather|none
|-fieldend|move: Trick Room
|upkeep
|
|t:|1785723309
|switch|p2b: Metagross|Metagross-Mega, L50|80/100
|turn|6
|
|t:|1785723322
|switch|p1a: Sinistcha|Sinistcha, L50, shiny|67/100
|-heal|p1b: Crabominable|78/100|[from] ability: Hospitality|[of] p1a: Sinistcha
|move|p2b: Metagross|Meteor Mash|p1a: Sinistcha|[miss]
|-miss|p2b: Metagross|p1a: Sinistcha
|move|p2a: Gardevoir|Moonblast|p1b: Crabominable
|-supereffective|p1b: Crabominable|1
|-damage|p1b: Crabominable|15/100
|move|p1b: Crabominable|Knock Off|p2b: Metagross
|-supereffective|p2b: Metagross|1
|-damage|p2b: Metagross|35/100
|
|upkeep
|turn|7
|
|t:|1785723340
|move|p1a: Sinistcha|Rage Powder|p1a: Sinistcha
|-singleturn|p1a: Sinistcha|move: Rage Powder
|move|p2b: Metagross|Meteor Mash|p1a: Sinistcha
|-damage|p1a: Sinistcha|32/100
|move|p2a: Gardevoir|Dazzling Gleam|p1b: Crabominable|[spread] p1a,p1b
|-supereffective|p1b: Crabominable|1
|-damage|p1a: Sinistcha|0 fnt
|-damage|p1b: Crabominable|0 fnt
|faint|p1a: Sinistcha
|faint|p1b: Crabominable
|
|upkeep
|
|t:|1785723346
|switch|p1a: Ninetales|Ninetales-Alola, L50, F, shiny|39/100
|switch|p1b: Pikachu|Pikachu, L50, F, shiny|100/100
|-weather|Snowscape|[from] ability: Snow Warning|[of] p1a: Ninetales
|turn|8
|
|t:|1785723365
|move|p1b: Pikachu|Fake Out|p2b: Metagross
|-resisted|p2b: Metagross|1
|-damage|p2b: Metagross|29/100
|move|p1a: Ninetales|Blizzard|p2b: Metagross|[spread] p2a,p2b
|-resisted|p2b: Metagross|1
|-damage|p2a: Gardevoir|0 fnt
|-damage|p2b: Metagross|11/100
|faint|p2a: Gardevoir
|cant|p2b: Metagross|flinch
|
|-weather|Snowscape|[upkeep]
|-sideend|p1: icyydamudkipp|move: Aurora Veil
|upkeep
|
|t:|1785723370
|switch|p2a: Hydreigon|Hydreigon, L50, M|100/100
|turn|9
|j| ImYeicob
|n| ImYeicob|imyeicob
|n| ImYeicob|imyeicob
|n| ImYeicob|imyeicob
|n| ImYeicob|imyeicob
|n| ImYeicob|imyeicob
|n| ImYeicob|imyeicob
|
|t:|1785723380
|move|p2b: Metagross|Protect|p2b: Metagross
|-singleturn|p2b: Metagross|Protect
|move|p1a: Ninetales|Blizzard|p2b: Metagross|[spread] p2a
|-activate|p2b: Metagross|move: Protect
|-supereffective|p2a: Hydreigon|1
|-damage|p2a: Hydreigon|28/100
|move|p2a: Hydreigon|Tailwind|p2a: Hydreigon
|-sidestart|p2: wizzz7|move: Tailwind
|move|p1b: Pikachu|Knock Off|p2b: Metagross
|-activate|p2b: Metagross|move: Protect
|
|-weather|Snowscape|[upkeep]
|upkeep
|turn|10
|
|t:|1785723397
|move|p2a: Hydreigon|Dragon Pulse|p1b: Pikachu
|-damage|p1b: Pikachu|0 fnt
|faint|p1b: Pikachu
|move|p2b: Metagross|Psychic Fangs|p1a: Ninetales
|-damage|p1a: Ninetales|0 fnt
|faint|p1a: Ninetales
|
|win|wizzz7
||wizzz7 is ready for game 2.
|c|☆icyydamudkipp|gg
||icyydamudkipp is ready for game 2.
|uhtml|next|Next: Game 2 of 3
|j| ImYeicob
|n| ImYeicob|imyeicob
|l|☆wizzz7
|player|p2|
|l|☆icyydamudkipp
|player|p1|
|j|☆wizzz7
|player|p2|wizzz7|emma-lza|
