|j|☆viatles
|j|☆PigsPigsPigsPigs
|html|viatlesPigsPigsPigsPigs    
|uhtml|bestof|Game 1 of a best-of-3
|t:|1757797248
|gametype|doubles
|player|p1|viatles|hiker|1075
|player|p2|PigsPigsPigsPigs|marley|1085
|gen|9
|tier|[Gen 9] VGC 2025 Reg H (Bo3)
|rated|
|rule|Species Clause: Limit one of each Pokémon
|rule|Item Clause: Limit 1 of each item
|clearpoke
|poke|p1|Scizor, L50, M|
|poke|p1|Talonflame, L50, M|
|poke|p1|Rillaboom, L50, M|
|poke|p1|Garchomp, L50, M|
|poke|p1|Kilowattrel, L50, M|
|poke|p1|Garganacl, L50, M|
|poke|p2|Indeedee-F, L50, F|
|poke|p2|Armarouge, L50, F|
|poke|p2|Ursaluna, L50, F|
|poke|p2|Gallade, L50, M|
|poke|p2|Incineroar, L50, F|
|poke|p2|Sneasler, L50, M|
|teampreview|4
|showteam|p1|Scizor||LifeOrb|Technician|BulletPunch,BugBite,DualWingbeat,Protect|||M|||50|,,,,,Fire]Talonflame||CovertCloak|GaleWings|DualWingbeat,Tailwind,Taunt,FlareBlitz|||M|||50|,,,,,Flying]Rillaboom||AssaultVest|GrassySurge|FakeOut,GrassyGlide,Uturn,WoodHammer|||M|||50|,,,,,Fairy]Garchomp||ClearAmulet|RoughSkin|IronHead,Earthquake,DragonClaw,Protect|||M|||50|,,,,,Steel]Kilowattrel||FocusSash|Competitive|Discharge,AirSlash,Tailwind,Protect|||M|||50|,,,,,Ghost]Garganacl||Leftovers|PurifyingSalt|SaltCure,Recover,Protect,RockSlide|||M|||50|,,,,,Grass
|showteam|p2|Indeedee-F||FocusSash|PsychicSurge|FollowMe,TrickRoom,HelpingHand,Psychic|||F|||50|,,,,,Fairy]Armarouge||LifeOrb|FlashFire|ExpandingForce,ArmorCannon,TrickRoom,Protect|||F|||50|,,,,,Grass]Ursaluna||FlameOrb|Guts|Facade,Earthquake,HeadlongRush,Protect|||F|||50|,,,,,Fairy]Gallade||ClearAmulet|Sharpness|SacredSword,PsychoCut,TrickRoom,WideGuard|||M|||50|,,,,,Steel]Incineroar||SafetyGoggles|Intimidate|FakeOut,FlareBlitz,KnockOff,PartingShot|||F|||50|,,,,,Flying]Sneasler||PsychicSeed|Unburden|DireClaw,CloseCombat,ThroatChop,Protect|||M|||50|,,,,,Stellar
|c|☆viatles|gl hf
|inactive|Battle timer is ON: inactive players will automatically lose when time's up. (requested by viatles)
|c|☆PigsPigsPigsPigs|u2
|inactive|viatles has 60 seconds left.
|inactive|PigsPigsPigsPigs has 60 seconds left.
|
|t:|1757797299
|teamsize|p1|4
|teamsize|p2|4
|start
|switch|p1a: Kilowattrel|Kilowattrel, L50, M|100/100
|switch|p1b: Garchomp|Garchomp, L50, M|100/100
|switch|p2a: Zooble|Armarouge, L50, F|100/100
|switch|p2b: Gummy Goo|Gallade, L50, M|100/100
|turn|1
|inactive|viatles has 30 seconds left.
|
|t:|1757797332
|move|p2b: Gummy Goo|Wide Guard|p2b: Gummy Goo
|-singleturn|p2b: Gummy Goo|Wide Guard
|move|p1a: Kilowattrel|Air Slash|p2b: Gummy Goo
|-supereffective|p2b: Gummy Goo
|-damage|p2b: Gummy Goo|41/100
|move|p1b: Garchomp|Dragon Claw|p2a: Zooble
|-damage|p2a: Zooble|56/100
|move|p2a: Zooble|Trick Room|p2a: Zooble
|-fieldstart|move: Trick Room|[of] p2a: Zooble
|
|upkeep
|turn|2
|inactive|viatles has 30 seconds left.
|inactive|viatles has 20 seconds left.
|
|t:|1757797369
|switch|p2b: Pomni|Indeedee-F, L50, F|100/100
|-fieldstart|move: Psychic Terrain|[from] ability: Psychic Surge|[of] p2b: Pomni
|-terastallize|p1a: Kilowattrel|Ghost
|move|p1b: Garchomp|Protect|p1b: Garchomp
|-singleturn|p1b: Garchomp|Protect
|move|p2a: Zooble|Expanding Force|p1b: Garchomp|[spread] p1a
|-activate|p1b: Garchomp|move: Protect
|-enditem|p1a: Kilowattrel|Focus Sash
|-damage|p1a: Kilowattrel|1/100
|-damage|p2a: Zooble|46/100|[from] item: Life Orb
|move|p1a: Kilowattrel|Air Slash|p2a: Zooble|[miss]
|-miss|p1a: Kilowattrel|p2a: Zooble
|
|upkeep
|turn|3
|
|t:|1757797393
|switch|p1a: Rillaboom|Rillaboom, L50, M|100/100
|-fieldstart|move: Grassy Terrain|[from] ability: Grassy Surge|[of] p1a: Rillaboom
|move|p2a: Zooble|Expanding Force|p1b: Garchomp
|-damage|p1b: Garchomp|39/100
|-damage|p2a: Zooble|37/100|[from] item: Life Orb
|move|p2b: Pomni|Psychic|p1b: Garchomp
|-damage|p1b: Garchomp|0 fnt
|faint|p1b: Garchomp
|
|-heal|p2a: Zooble|43/100|[from] Grassy Terrain
|upkeep
|
|t:|1757797406
|switch|p1b: Scizor|Scizor, L50, M|100/100
|turn|4
|
|t:|1757797418
|switch|p2b: Cain|Incineroar, L50, F|100/100
|-ability|p2b: Cain|Intimidate|boost
|-unboost|p1a: Rillaboom|atk|1
|-unboost|p1b: Scizor|atk|1
|move|p1a: Rillaboom|Fake Out|p2a: Zooble
|-damage|p2a: Zooble|34/100
|cant|p2a: Zooble|flinch
|move|p1b: Scizor|Dual Wingbeat|p2b: Cain
|-damage|p2b: Cain|81/100
|-damage|p2b: Cain|61/100
|-hitcount|p2b: Cain|2
|-damage|p1b: Scizor|91/100|[from] item: Life Orb
|
|-heal|p2b: Cain|66/100|[from] Grassy Terrain
|-heal|p2a: Zooble|40/100|[from] Grassy Terrain
|-heal|p1b: Scizor|97/100|[from] Grassy Terrain
|upkeep
|turn|5
|inactive|viatles has 30 seconds left.
|
|t:|1757797451
|move|p1b: Scizor|Protect|p1b: Scizor
|-singleturn|p1b: Scizor|Protect
|move|p2b: Cain|Flare Blitz|p1b: Scizor
|-activate|p1b: Scizor|move: Protect
|move|p2a: Zooble|Armor Cannon|p1a: Rillaboom
|-supereffective|p1a: Rillaboom
|-damage|p1a: Rillaboom|0 fnt
|-unboost|p2a: Zooble|def|1
|-unboost|p2a: Zooble|spd|1
|faint|p1a: Rillaboom
|-damage|p2a: Zooble|31/100|[from] item: Life Orb
|
|-heal|p2b: Cain|72/100|[from] Grassy Terrain
|-heal|p2a: Zooble|37/100|[from] Grassy Terrain
|-heal|p1b: Scizor|100/100|[from] Grassy Terrain
|-fieldend|move: Trick Room
|upkeep
|
|t:|1757797465
|switch|p1a: Kilowattrel|Kilowattrel, L50, M, tera:Ghost|1/100
|turn|6
|
|t:|1757797482
|switch|p2a: Pomni|Indeedee-F, L50, F|100/100
|-fieldstart|move: Psychic Terrain|[from] ability: Psychic Surge|[of] p2a: Pomni
|move|p1a: Kilowattrel|Air Slash|p2b: Cain
|-damage|p2b: Cain|43/100
|move|p1b: Scizor|Bug Bite|p2b: Cain
|-damage|p2b: Cain|2/100
|-damage|p1b: Scizor|91/100|[from] item: Life Orb
|move|p2b: Cain|Flare Blitz|p1b: Scizor
|-supereffective|p1b: Scizor
|-damage|p1b: Scizor|0 fnt
|faint|p1b: Scizor
|-damage|p2b: Cain|0 fnt|[from] Recoil
|faint|p2b: Cain
|
|upkeep
|
|t:|1757797497
|switch|p2b: Gummy Goo|Gallade, L50, M|41/100
|turn|7
|
|t:|1757797507
|move|p1a: Kilowattrel|Air Slash|p2b: Gummy Goo
|-supereffective|p2b: Gummy Goo
|-damage|p2b: Gummy Goo|0 fnt
|faint|p2b: Gummy Goo
|move|p2a: Pomni|Psychic|p1a: Kilowattrel
|-damage|p1a: Kilowattrel|0 fnt
|faint|p1a: Kilowattrel
|
|win|PigsPigsPigsPigs
