|j|☆NotAcid
|j|☆Yinobo
|html|NotAcidYinobo    
|uhtml|bestof|Game 1 of a best-of-3
|t:|1784252122
|gametype|doubles
|player|p1|NotAcid|will|1079
|player|p2|Yinobo|pokemaniac|1160
|gen|9
|tier|[Gen 9 Champions] VGC 2026 Reg M-B (Bo3)
|rated|
|rule|Species Clause: Limit one of each Pokémon
|rule|Item Clause: Limit 1 of each item
|clearpoke
|poke|p1|Garchomp, L50, M|
|poke|p1|Orthworm, L50, F|
|poke|p1|Talonflame, L50, M|
|poke|p1|Primarina, L50, F|
|poke|p1|Sinistcha-Masterpiece, L50|
|poke|p1|Tyranitar, L50, F|
|poke|p2|Charizard, L50, M, shiny|
|poke|p2|Garchomp, L50, M, shiny|
|poke|p2|Sylveon, L50, M, shiny|
|poke|p2|Kingambit, L50, F, shiny|
|poke|p2|Farigiraf, L50, M, shiny|
|poke|p2|Aerodactyl, L50, M|
|teampreview|4
|showteam|p1|Garchomp||Garchompite|SandVeil|Earthquake,StoneEdge,IronHead,Protect|Jolly||M|||50|]Orthworm||SitrusBerry|EarthEater|HeavySlam,BodyPress,Protect,ShedTail|Careful||F|||50|]Talonflame|||GaleWings|Acrobatics,FlareBlitz,Tailwind,WillOWisp|Jolly||M|||50|]Primarina||LifeOrb|LiquidVoice|WeatherBall,HyperVoice,Moonblast,IcyWind|Timid||F|||50|]Sinistcha-Masterpiece||Leftovers|Hospitality|MatchaGotcha,RagePowder,TrickRoom,StrengthSap|Modest|||||50|]Tyranitar||HardStone|SandStream|Protect,ThunderWave,StoneEdge,HeavySlam|Adamant||F|||50|
|showteam|p2|Charizard||CharizarditeY|SolarPower|Protect,WeatherBall,SolarBeam,HeatWave|Modest||M|||50|]Garchomp||LifeOrb|RoughSkin|Protect,RockSlide,Earthquake,DragonClaw|Jolly||M|||50|]Sylveon||FairyFeather|Pixilate|Detect,HyperBeam,QuickAttack,HyperVoice|Modest||M|||50|]Kingambit||FocusSash|Defiant|KowtowCleave,IronHead,SuckerPunch,LowKick|Adamant||F|||50|]Farigiraf||SitrusBerry|ArmorTail|Psychic,TrickRoom,Thunderbolt,Roar|Bold||M|||50|]Aerodactyl||Aerodactylite|Unnerve|RockSlide,Tailwind,DualWingbeat,IceFang|Jolly||M|||50|
|inactive|Battle timer is ON: inactive players will automatically lose when time's up. (requested by NotAcid)
|inactive|NotAcid has 60 seconds left.
|inactive|Yinobo has 60 seconds left.
|inactive|Yinobo has 30 seconds left.
|
|t:|1784252183
|teamsize|p1|4
|teamsize|p2|4
|start
|switch|p1a: Sinistcha|Sinistcha-Masterpiece, L50|100/100
|switch|p1b: Orthworm|Orthworm, L50, F|100/100
|switch|p2a: AEROY|Aerodactyl, L50, M|100/100
|switch|p2b: Kingambit|Kingambit, L50, F, shiny|100/100
|-ability|p2a: AEROY|Unnerve
|turn|1
|inactive|NotAcid has 30 seconds left.
|inactive|Yinobo has 30 seconds left.
|inactive|Yinobo has 20 seconds left.
|
|t:|1784252222
|detailschange|p2a: AEROY|Aerodactyl-Mega, L50, M
|-mega|p2a: AEROY|Aerodactyl|Aerodactylite
|move|p2a: AEROY|Dual Wingbeat|p1a: Sinistcha
|-supereffective|p1a: Sinistcha|1
|-damage|p1a: Sinistcha|54/100
|-supereffective|p1a: Sinistcha|1
|-damage|p1a: Sinistcha|5/100
|-hitcount|p1a: Sinistcha|2
|move|p2b: Kingambit|Kowtow Cleave|p1a: Sinistcha
|-supereffective|p1a: Sinistcha|1
|-damage|p1a: Sinistcha|0 fnt
|faint|p1a: Sinistcha
|move|p1b: Orthworm|Body Press|p2b: Kingambit
|-supereffective|p2b: Kingambit|2
|-enditem|p2b: Kingambit|Focus Sash
|-damage|p2b: Kingambit|1/100
|
|upkeep
|
|t:|1784252240
|switch|p1a: Primarina|Primarina, L50, F|100/100
|turn|2
|inactive|Yinobo has 30 seconds left.
|inactive|Yinobo has 20 seconds left.
|inactive|Yinobo has 15 seconds left.
|
|t:|1784252283
|move|p2a: AEROY|Tailwind|p2a: AEROY
|-sidestart|p2: Yinobo|move: Tailwind
|move|p2b: Kingambit|Low Kick|p1b: Orthworm
|-supereffective|p1b: Orthworm|1
|-damage|p1b: Orthworm|29/100
|-enditem|p1b: Orthworm|Sitrus Berry|[eat]
|-heal|p1b: Orthworm|54/100|[from] item: Sitrus Berry
|move|p1a: Primarina|Hyper Voice|p2a: AEROY|[spread] p2a,p2b
|-supereffective|p2a: AEROY|1
|-damage|p2a: AEROY|11/100
|-damage|p2b: Kingambit|0 fnt
|faint|p2b: Kingambit
|-damage|p1a: Primarina|90/100|[from] item: Life Orb
|move|p1b: Orthworm|Heavy Slam|p2a: AEROY
|-supereffective|p2a: AEROY|1
|-damage|p2a: AEROY|0 fnt
|faint|p2a: AEROY
|
|upkeep
|
|t:|1784252299
|switch|p2a: Garchomp|Garchomp, L50, M, shiny|100/100
|switch|p2b: Sylveon|Sylveon, L50, M, shiny|100/100
|turn|3
|
|t:|1784252313
|move|p1b: Orthworm|Protect|p1b: Orthworm
|-singleturn|p1b: Orthworm|Protect
|move|p2a: Garchomp|Rock Slide|p1b: Orthworm|[spread] p1a
|-activate|p1b: Orthworm|move: Protect
|-damage|p1a: Primarina|56/100
|-damage|p2a: Garchomp|90/100|[from] item: Life Orb
|move|p2b: Sylveon|Hyper Voice|p1b: Orthworm|[spread] p1a
|-activate|p1b: Orthworm|move: Protect
|-damage|p1a: Primarina|10/100
|move|p1a: Primarina|Icy Wind|p2a: Garchomp|[spread] p2a,p2b
|-supereffective|p2a: Garchomp|2
|-damage|p2a: Garchomp|10/100
|-damage|p2b: Sylveon|85/100
|-unboost|p2a: Garchomp|spe|1
|-unboost|p2b: Sylveon|spe|1
|-damage|p1a: Primarina|1/100|[from] item: Life Orb
|
|upkeep
|turn|4
|inactive|NotAcid has 30 seconds left.
|inactive|Yinobo has 30 seconds left.
|inactive|Yinobo has 20 seconds left.
|inactive|Yinobo has 15 seconds left.
|inactive|Yinobo has 10 seconds left.
|
|t:|1784252359
|move|p2a: Garchomp|Dragon Claw|p1b: Orthworm
|-resisted|p1b: Orthworm|1
|-damage|p1b: Orthworm|32/100
|-damage|p2a: Garchomp|1/100|[from] item: Life Orb
|move|p2b: Sylveon|Hyper Voice|p1a: Primarina|[spread] p1a,p1b
|-resisted|p1b: Orthworm|1
|-damage|p1a: Primarina|0 fnt
|-damage|p1b: Orthworm|4/100
|faint|p1a: Primarina
|move|p1b: Orthworm|Heavy Slam|p2b: Sylveon
|-supereffective|p2b: Sylveon|1
|-damage|p2b: Sylveon|0 fnt
|faint|p2b: Sylveon
|
|upkeep
|
|t:|1784252372
|switch|p1a: Tyranitar|Tyranitar, L50, F|100/100
|-weather|Sandstorm|[from] ability: Sand Stream|[of] p1a: Tyranitar
|turn|5
|
|t:|1784252378
|move|p1a: Tyranitar|Protect|p1a: Tyranitar
|-singleturn|p1a: Tyranitar|Protect
|move|p1b: Orthworm|Protect|p1b: Orthworm
|-singleturn|p1b: Orthworm|Protect
|move|p2a: Garchomp|Rock Slide|p1a: Tyranitar|[spread] 
|-activate|p1a: Tyranitar|move: Protect
|-activate|p1b: Orthworm|move: Protect
|
|-weather|Sandstorm|[upkeep]
|-sideend|p2: Yinobo|move: Tailwind
|upkeep
|turn|6
|
|t:|1784252392
|move|p2a: Garchomp|Dragon Claw|p1a: Tyranitar
|-damage|p1a: Tyranitar|48/100
|-damage|p2a: Garchomp|0 fnt|[from] item: Life Orb
|faint|p2a: Garchomp
|
|win|NotAcid
||NotAcid is ready for game 2.
||Yinobo is ready for game 2.
|uhtml|next|Next: Game 2 of 3
|l|☆NotAcid
|player|p1|
