|j|☆lemons2738
|j|☆Il Mule
|html|lemons2738Il Mule    
|uhtml|bestof|Game 2 of a best-of-3
|t:|1784733095
|gametype|doubles
|player|p1|lemons2738|benga|1362
|player|p2|Il Mule|salvatore|1538
|gen|9
|tier|[Gen 9 Champions] VGC 2026 Reg M-B (Bo3)
|rated|
|rule|Species Clause: Limit one of each Pokémon
|rule|Item Clause: Limit 1 of each item
|clearpoke
|poke|p1|Tyranitar, L50, M|
|poke|p1|Excadrill, L50, M|
|poke|p1|Gholdengo, L50|
|poke|p1|Sinistcha, L50|
|poke|p1|Milotic, L50, F|
|poke|p1|Staraptor, L50, F|
|poke|p2|Excadrill, L50, M|
|poke|p2|Tyranitar, L50, F|
|poke|p2|Sneasler, L50, F|
|poke|p2|Incineroar, L50, M|
|poke|p2|Froslass, L50, F|
|poke|p2|Sinistcha, L50|
|teampreview|4
|showteam|p1|Tyranitar||Tyranitarite|SandStream|RockSlide,KnockOff,LowKick,Protect|Adamant||M|||50|]Excadrill||FocusSash|SandRush|IronHead,HighHorsepower,RockSlide,Protect|Adamant||M|||50|]Gholdengo||LifeOrb|GoodasGold|ShadowBall,MakeItRain,NastyPlot,Protect|Modest|||||50|]Sinistcha||ColburBerry|Hospitality|MatchaGotcha,RagePowder,TrickRoom,Protect|Bold|||||50|]Milotic||SitrusBerry|Competitive|Scald,IceBeam,Recover,Protect|Modest||F|||50|]Staraptor||Staraptite|Intimidate|BraveBird,CloseCombat,Tailwind,Protect|Jolly||F|||50|
|showteam|p2|Excadrill||FocusSash|SandRush|HighHorsepower,RockSlide,IronHead,Protect|Adamant||M|||50|]Tyranitar||Tyranitarite|SandStream|KnockOff,RockSlide,DragonDance,Protect|Adamant||F|||50|]Sneasler||WhiteHerb|Unburden|CloseCombat,DireClaw,Coaching,FakeOut|Jolly||F|||50|]Incineroar||SitrusBerry|Intimidate|FlareBlitz,HelpingHand,PartingShot,FakeOut|Impish||M|||50|]Froslass||Froslassite|CursedBody|Blizzard,ShadowBall,NastyPlot,Protect|Timid||F|||50|]Sinistcha||ColburBerry|Hospitality|ShadowBall,LeafStorm,RagePowder,Protect|Bold|||||50|
|inactive|Battle timer is ON: inactive players will automatically lose when time's up. (requested by lemons2738)
|j| lakaka siuuu
|inactive|lemons2738 has 60 seconds left.
|c|☆Il Mule|la mia esistenza è misera e infelice
|inactive|lemons2738 has 30 seconds left.
|inactive|lemons2738 has 20 seconds left.
|inactive|lemons2738 has 15 seconds left.
|inactive|lemons2738 has 10 seconds left.
|inactive|lemons2738 has 5 seconds left.
|
|t:|1784733185
|teamsize|p1|4
|teamsize|p2|4
|start
|switch|p1a: Tyranitar|Tyranitar, L50, M|100/100
|switch|p1b: Excadrill|Excadrill, L50, M|100/100
|switch|p2a: odi et amo|Froslass, L50, F|100/100
|switch|p2b: Sabotage|Sneasler, L50, F|100/100
|-weather|Sandstorm|[from] ability: Sand Stream|[of] p1a: Tyranitar
|turn|1
|inactive|lemons2738 has 30 seconds left.
|inactive|Il Mule has 30 seconds left.
|
|t:|1784733216
|switch|p2a: Gervasoni|Excadrill, L50, M|100/100
|switch|p1a: Gholdengo|Gholdengo, L50|100/100
|move|p1b: Excadrill|High Horsepower|p2b: Sabotage
|-supereffective|p2b: Sabotage|1
|-damage|p2b: Sabotage|0 fnt
|faint|p2b: Sabotage
|
|-weather|Sandstorm|[upkeep]
|upkeep
|c|☆Il Mule|g2
|
|t:|1784733228
|switch|p2b: Las brulè|Sinistcha, L50|100/100
|turn|2
|c| lakaka siuuu|gìggì
|j| tirannosauro
|
|t:|1784733241
|move|p2a: Gervasoni|Protect|p2a: Gervasoni
|-singleturn|p2a: Gervasoni|Protect
|move|p1a: Gholdengo|Protect|p1a: Gholdengo
|-singleturn|p1a: Gholdengo|Protect
|move|p1b: Excadrill|Iron Head|p2b: Las brulè
|-damage|p2b: Las brulè|56/100
|cant|p2b: Las brulè|flinch
|
|-weather|Sandstorm|[upkeep]
|-damage|p2b: Las brulè|50/100y|[from] Sandstorm
|upkeep
|turn|3
|
|t:|1784733257
|move|p1b: Excadrill|High Horsepower|p2a: Gervasoni
|-supereffective|p2a: Gervasoni|1
|-enditem|p2a: Gervasoni|Focus Sash
|-damage|p2a: Gervasoni|1/100
|move|p2a: Gervasoni|High Horsepower|p1a: Gholdengo
|-supereffective|p1a: Gholdengo|1
|-damage|p1a: Gholdengo|0 fnt
|faint|p1a: Gholdengo
|move|p2b: Las brulè|Leaf Storm|p1b: Excadrill
|-damage|p1b: Excadrill|28/100
|-unboost|p2b: Las brulè|spa|2
|
|-weather|Sandstorm|[upkeep]
|-damage|p2b: Las brulè|43/100|[from] Sandstorm
|upkeep
|
|t:|1784733272
|switch|p1a: Sinistcha|Sinistcha, L50|100/100
|-heal|p1b: Excadrill|53/100|[from] ability: Hospitality|[of] p1a: Sinistcha
|turn|4
|
|t:|1784733287
|switch|p2a: odi et amo|Froslass, L50, F|100/100
|move|p1b: Excadrill|Protect|p1b: Excadrill
|-singleturn|p1b: Excadrill|Protect
|move|p2b: Las brulè|Protect|p2b: Las brulè
|-singleturn|p2b: Las brulè|Protect
|move|p1a: Sinistcha|Matcha Gotcha|p2b: Las brulè|[spread] p2a
|-activate|p2b: Las brulè|move: Protect
|-damage|p2a: odi et amo|66/100
|-start|p1a: Sinistcha|Disable|Matcha Gotcha|[from] ability: Cursed Body|[of] p2a: odi et amo
|
|-weather|Sandstorm|[upkeep]
|-damage|p2a: odi et amo|59/100|[from] Sandstorm
|-damage|p2b: Las brulè|37/100|[from] Sandstorm
|-damage|p1a: Sinistcha|93/100|[from] Sandstorm
|upkeep
|turn|5
|inactive|lemons2738 has 30 seconds left.
|
|t:|1784733317
|switch|p1b: Tyranitar|Tyranitar, L50, M|100/100
|detailschange|p2a: odi et amo|Froslass-Mega, L50, F
|-mega|p2a: odi et amo|Froslass|Froslassite
|-weather|Snowscape|[from] ability: Snow Warning|[of] p2a: odi et amo
|move|p2a: odi et amo|Blizzard|p1b: Tyranitar|[spread] p1a,p1b
|-supereffective|p1a: Sinistcha|1
|-crit|p1a: Sinistcha
|-damage|p1a: Sinistcha|0 fnt
|-damage|p1b: Tyranitar|65/100
|faint|p1a: Sinistcha
|move|p2b: Las brulè|Leaf Storm|p1b: Tyranitar
|-supereffective|p1b: Tyranitar|1
|-damage|p1b: Tyranitar|21/100
|-unboost|p2b: Las brulè|spa|2
|
|-weather|Snowscape|[upkeep]
|upkeep
|
|t:|1784733325
|switch|p1a: Excadrill|Excadrill, L50, M|53/100
|turn|6
|j| Tridello
|c| lakaka siuuu|eh...
|inactive|Il Mule has 30 seconds left.
|
|t:|1784733352
|detailschange|p1b: Tyranitar|Tyranitar-Mega, L50, M
|-mega|p1b: Tyranitar|Tyranitar|Tyranitarite
|-weather|Sandstorm|[from] ability: Sand Stream|[of] p1b: Tyranitar
|move|p2a: odi et amo|Protect|p2a: odi et amo
|-singleturn|p2a: odi et amo|Protect
|move|p2b: Las brulè|Protect|p2b: Las brulè
|-singleturn|p2b: Las brulè|Protect
|move|p1a: Excadrill|Iron Head|p2a: odi et amo
|-activate|p2a: odi et amo|move: Protect
|move|p1b: Tyranitar|Knock Off|p2b: Las brulè
|-activate|p2b: Las brulè|move: Protect
|
|-weather|Sandstorm|[upkeep]
|-damage|p2a: odi et amo|53/100|[from] Sandstorm
|-damage|p2b: Las brulè|31/100|[from] Sandstorm
|upkeep
|turn|7
|
|t:|1784733371
|switch|p2a: Gervasoni|Excadrill, L50, M|1/100
|move|p1a: Excadrill|Rock Slide|p2b: Las brulè|[spread] p2a,p2b
|-resisted|p2a: Gervasoni|2
|-damage|p2a: Gervasoni|0 fnt
|-damage|p2b: Las brulè|11/100
|faint|p2a: Gervasoni
|move|p1b: Tyranitar|Rock Slide|p2b: Las brulè
|-damage|p2b: Las brulè|0 fnt
|faint|p2b: Las brulè
|
|-weather|Sandstorm|[upkeep]
|upkeep
|c|☆Il Mule|morirà il driller da bora?
|
|t:|1784733380
|switch|p2b: odi et amo|Froslass-Mega, L50, F|53/100
|-weather|Snowscape|[from] ability: Snow Warning|[of] p2b: odi et amo
|turn|8
|c| lakaka siuuu|ma si...
|c| lakaka siuuu|dai...
|c|☆Il Mule|io ho tanta paura
|
|t:|1784733391
|move|p2b: odi et amo|Blizzard|p1a: Excadrill|[spread] p1a,p1b
|-damage|p1a: Excadrill|0 fnt
|-damage|p1b: Tyranitar|0 fnt
|faint|p1a: Excadrill
|faint|p1b: Tyranitar
|
|win|Il Mule
|c| lakaka siuuu|daaaaaai...
||lemons2738 is ready for game 3.
||Il Mule is ready for game 3.
|uhtml|next|Next: Game 3 of 3
|j| kelso shrug
|l| Tridello
|l| tirannosauro
|j| tirannosauro
|l| tirannosauro
|l| kelso shrug
|l|☆Il Mule
|player|p2|
|l| lakaka siuuu
