|j|☆BigIronChungus
|j|☆Girl 3
|html|BigIronChungusGirl 3    
|uhtml|bestof|Game 1 of a best-of-3
|t:|1784965486
|gametype|doubles
|player|p1|BigIronChungus|arezu|1083
|player|p2|Girl 3|265|1000
|gen|9
|tier|[Gen 9 Champions] VGC 2026 Reg M-B (Bo3)
|rated|
|rule|Species Clause: Limit one of each Pokémon
|rule|Item Clause: Limit 1 of each item
|clearpoke
|poke|p1|Milotic, L50, F|
|poke|p1|Staraptor, L50, F|
|poke|p1|Tyranitar, L50, M|
|poke|p1|Gholdengo, L50|
|poke|p1|Excadrill, L50, M|
|poke|p1|Sinistcha, L50|
|poke|p2|Sinistcha, L50, shiny|
|poke|p2|Falinks, L50, shiny|
|poke|p2|Incineroar, L50, M|
|poke|p2|Excadrill, L50, F|
|poke|p2|Kommo-o, L50, M|
|poke|p2|Audino, L50, M|
|teampreview|4
|showteam|p1|Milotic||Leftovers|Competitive|Protect,IceBeam,Scald,IcyWind|Modest||F|||50|]Staraptor||Staraptite|Intimidate|Protect,BraveBird,CloseCombat,Tailwind|Jolly||F|||50|]Tyranitar||Tyranitarite|SandStream|Protect,KnockOff,RockSlide,LowKick|Adamant||M|||50|]Gholdengo||LifeOrb|GoodasGold|Protect,ShadowBall,NastyPlot,MakeItRain|Modest|||||50|]Excadrill||FocusSash|SandRush|Protect,IronHead,RockSlide,HighHorsepower|Adamant||M|||50|]Sinistcha||SitrusBerry|Hospitality|Protect,TrickRoom,RagePowder,MatchaGotcha|Bold|||||50|
|showteam|p2|Sinistcha||ColburBerry|Hospitality|TrickRoom,Imprison,MatchaGotcha,RagePowder|Relaxed|||||50|]Falinks||Falinksite|Defiant|NoRetreat,BodyPress,KnockOff,IronHead|Impish|||||50|]Incineroar||ChopleBerry|Intimidate|PartingShot,FakeOut,FlareBlitz,ThroatChop|Adamant||M|||50|]Excadrill||ChoiceScarf|MoldBreaker|IronHead,Earthquake,HighHorsepower,RockSlide|Jolly||F|||50|]Kommo-o||SitrusBerry|Soundproof|ClangorousSoul,ClangingScales,AuraSphere,FlashCannon|Timid||M|||50|]Audino||FocusSash|Healer|SimpleBeam,HealingWish,IcyWind,BabyDollEyes|Calm||M|||50|
|
|t:|1784965527
|teamsize|p1|4
|teamsize|p2|4
|start
|switch|p1a: Milotic|Milotic, L50, F|100/100
|switch|p1b: Staraptor|Staraptor, L50, F|100/100
|switch|p2a: Incineroar|Incineroar, L50, M|100/100
|switch|p2b: Excadrill|Excadrill, L50, F|100/100
|-ability|p2b: Excadrill|Mold Breaker
|-ability|p1b: Staraptor|Intimidate|boost
|-unboost|p2a: Incineroar|atk|1
|-unboost|p2b: Excadrill|atk|1
|-ability|p2a: Incineroar|Intimidate|boost
|-unboost|p1a: Milotic|atk|1
|-ability|p1a: Milotic|Competitive|boost
|-boost|p1a: Milotic|spa|2
|-unboost|p1b: Staraptor|atk|1
|turn|1
|
|t:|1784965569
|move|p1b: Staraptor|Protect|p1b: Staraptor
|-singleturn|p1b: Staraptor|Protect
|move|p2a: Incineroar|Fake Out|p1a: Milotic
|-damage|p1a: Milotic|91/100
|move|p2b: Excadrill|Rock Slide|p1a: Milotic|[spread] p1a
|-activate|p1b: Staraptor|move: Protect
|-damage|p1a: Milotic|80/100
|cant|p1a: Milotic|flinch
|
|-heal|p1a: Milotic|86/100|[from] item: Leftovers
|upkeep
|turn|2
|
|t:|1784965583
|detailschange|p1b: Staraptor|Staraptor-Mega, L50, F
|-mega|p1b: Staraptor|Staraptor|Staraptite
|move|p2b: Excadrill|Rock Slide|p1a: Milotic|[spread] p1a
|-miss|p2b: Excadrill|p1b: Staraptor
|-damage|p1a: Milotic|74/100
|move|p1b: Staraptor|Close Combat|p2a: Incineroar
|-supereffective|p2a: Incineroar|1
|-enditem|p2a: Incineroar|Chople Berry|[eat]
|-enditem|p2a: Incineroar|Chople Berry|[weaken]
|-damage|p2a: Incineroar|56/100
|-boost|p1b: Staraptor|def|1
|-boost|p1b: Staraptor|spd|1
|cant|p1a: Milotic|flinch
|move|p2a: Incineroar|Flare Blitz|p1b: Staraptor
|-damage|p1b: Staraptor|67/100
|-status|p1b: Staraptor|brn
|-damage|p2a: Incineroar|48/100|[from] Recoil
|
|-heal|p1a: Milotic|80/100|[from] item: Leftovers
|-damage|p1b: Staraptor|61/100 brn|[from] brn
|upkeep
|turn|3
|
|t:|1784965614
|move|p2b: Excadrill|Rock Slide|p1b: Staraptor|[spread] p1a,p1b
|-crit|p1b: Staraptor
|-damage|p1a: Milotic|69/100
|-damage|p1b: Staraptor|30/100 brn
|move|p1b: Staraptor|Close Combat|p2b: Excadrill
|-supereffective|p2b: Excadrill|1
|-damage|p2b: Excadrill|34/100
|-boost|p1b: Staraptor|def|1
|-boost|p1b: Staraptor|spd|1
|move|p1a: Milotic|Scald|p2a: Incineroar
|-supereffective|p2a: Incineroar|1
|-damage|p2a: Incineroar|0 fnt
|faint|p2a: Incineroar
|
|-heal|p1a: Milotic|75/100|[from] item: Leftovers
|-damage|p1b: Staraptor|24/100 brn|[from] brn
|upkeep
|
|t:|1784965626
|switch|p2a: Falinks|Falinks, L50, shiny|100/100
|turn|4
|
|t:|1784965634
|detailschange|p2a: Falinks|Falinks-Mega, L50, shiny
|-mega|p2a: Falinks|Falinks|Falinksite
|move|p2b: Excadrill|Rock Slide|p1b: Staraptor|[spread] p1a,p1b
|-damage|p1a: Milotic|61/100
|-damage|p1b: Staraptor|16/100 brn
|move|p1b: Staraptor|Brave Bird|p2a: Falinks
|-supereffective|p2a: Falinks|1
|-damage|p2a: Falinks|70/100
|-damage|p1b: Staraptor|8/100 brn|[from] Recoil
|move|p2a: Falinks|Body Press|p1a: Milotic
|-damage|p1a: Milotic|19/100
|move|p1a: Milotic|Scald|p2a: Falinks
|-damage|p2a: Falinks|0 fnt
|faint|p2a: Falinks
|
|-heal|p1a: Milotic|25/100|[from] item: Leftovers
|-damage|p1b: Staraptor|1/100 brn|[from] brn
|upkeep
|
|t:|1784965648
|switch|p2a: Audino|Audino, L50, M|100/100
|turn|5
|
|t:|1784965657
|switch|p1b: Sinistcha|Sinistcha, L50|100/100
|-heal|p1a: Milotic|50/100g|[from] ability: Hospitality|[of] p1b: Sinistcha
|move|p2b: Excadrill|Rock Slide|p1a: Milotic|[spread] p1a,p1b
|-damage|p1a: Milotic|38/100
|-damage|p1b: Sinistcha|88/100
|cant|p1a: Milotic|flinch
|move|p2a: Audino|Icy Wind|p1a: Milotic|[spread] p1a,p1b
|-resisted|p1a: Milotic|1
|-supereffective|p1b: Sinistcha|1
|-damage|p1a: Milotic|36/100
|-damage|p1b: Sinistcha|75/100
|-unboost|p1a: Milotic|spe|1
|-ability|p1a: Milotic|Competitive|boost
|-boost|p1a: Milotic|spa|2
|-unboost|p1b: Sinistcha|spe|1
|
|-heal|p1a: Milotic|42/100|[from] item: Leftovers
|upkeep
|turn|6
|-message|Girl 3 forfeited.
|raw|BigIronChungus's rating: 1083 → 1104(+21 for winning)
|raw|Girl 3's rating: 1000 → 1000(+0 for losing)
|
|win|BigIronChungus
|l|☆Girl 3
|player|p2|
