|j|☆tedidn
|j|☆atrixmj
|html|tedidnatrixmj    
|uhtml|bestof|Game 2 of a best-of-3
|t:|1757076560
|gametype|doubles
|player|p1|tedidn|marshal|1315
|player|p2|atrixmj|miku-fire|1354
|gen|9
|tier|[Gen 9] VGC 2025 Reg H (Bo3)
|rated|
|rule|Species Clause: Limit one of each Pokémon
|rule|Item Clause: Limit 1 of each item
|clearpoke
|poke|p1|Dragonite, L50, F|
|poke|p1|Ursaluna-Bloodmoon, L50, M|
|poke|p1|Gholdengo, L50|
|poke|p1|Volcarona, L50, M|
|poke|p1|Smeargle, L50, M|
|poke|p1|Whimsicott, L50, F|
|poke|p2|Sneasler, L50, M|
|poke|p2|Indeedee-F, L50, F|
|poke|p2|Incineroar, L50, M|
|poke|p2|Whimsicott, L50, F|
|poke|p2|Pelipper, L50, F|
|poke|p2|Archaludon, L50, F|
|teampreview|4
|showteam|p1|Dragonite||LoadedDice|Multiscale|ScaleShot,ExtremeSpeed,Haze,Protect|||F|||50|,,,,,Fairy]Ursaluna-Bloodmoon||AssaultVest|MindsEye|BloodMoon,HyperVoice,EarthPower,VacuumWave|||M|||50|,,,,,Water]Gholdengo||ChoiceSpecs|GoodasGold|MakeItRain,ShadowBall,PowerGem,Trick||||||50|,,,,,Steel]Volcarona||LifeOrb|FlameBody|HeatWave,BugBuzz,TeraBlast,Protect|||M|||50|,,,,,Fairy]Smeargle||FocusSash|Moody|FakeOut,FollowMe,Decorate,Spore|||M|||50|,,,,,Ghost]Whimsicott||CovertCloak|Prankster|Moonblast,Tailwind,Encore,FakeTears|||F|||50|,,,,,Water
|showteam|p2|Sneasler||PsychicSeed|Unburden|DireClaw,ThroatChop,CloseCombat,Protect|||M|||50|,,,,,Dark]Indeedee-F||SitrusBerry|PsychicSurge|Psychic,HelpingHand,FollowMe,TrickRoom|||F|||50|,,,,,Fairy]Incineroar||AssaultVest|Intimidate|FlareBlitz,KnockOff,Uturn,FakeOut|||M|||50|,,,,,Ghost]Whimsicott||CovertCloak|Prankster|Moonblast,Tailwind,Encore,LightScreen|||F|||50|,,,,,Dark]Pelipper||FocusSash|Drizzle|WeatherBall,Hurricane,WideGuard,Protect|||F|||50|,,,,,Stellar]Archaludon||PowerHerb|Stalwart|ElectroShot,DragonPulse,FlashCannon,Protect|||F|||50|,,,,,Electric
|inactive|Battle timer is ON: inactive players will automatically lose when time's up. (requested by tedidn)
|inactive|tedidn has 60 seconds left.
|
|t:|1757076602
|teamsize|p1|4
|teamsize|p2|4
|start
|switch|p1a: Sinatra|Volcarona, L50, M|100/100
|switch|p1b: Frederico|Whimsicott, L50, F|100/100
|switch|p2a: Whimsicott|Whimsicott, L50, F|100/100
|switch|p2b: Archaludon|Archaludon, L50, F|100/100
|turn|1
|
|t:|1757076618
|-terastallize|p2b: Archaludon|Electric
|move|p1b: Frederico|Tailwind|p1b: Frederico
|-sidestart|p1: tedidn|move: Tailwind
|move|p2a: Whimsicott|Light Screen|p2a: Whimsicott
|-sidestart|p2: atrixmj|move: Light Screen
|move|p1a: Sinatra|Heat Wave|p2a: Whimsicott|[spread] p2a,p2b
|-supereffective|p2a: Whimsicott
|-damage|p2a: Whimsicott|0 fnt
|-damage|p2b: Archaludon|54/100
|-status|p2b: Archaludon|brn
|faint|p2a: Whimsicott
|-damage|p1a: Sinatra|91/100|[from] item: Life Orb
|move|p2b: Archaludon|Electro Shot||[still]
|-prepare|p2b: Archaludon|Electro Shot
|-boost|p2b: Archaludon|spa|1
|-enditem|p2b: Archaludon|Power Herb
|-anim|p2b: Archaludon|Electro Shot|p1a: Sinatra
|-damage|p1a: Sinatra|0 fnt
|faint|p1a: Sinatra
|
|-damage|p2b: Archaludon|48/100 brn|[from] brn
|upkeep
|
|t:|1757076636
|switch|p2a: Indeedee|Indeedee-F, L50, F|100/100
|switch|p1a: Freddy|Ursaluna-Bloodmoon, L50, M|100/100
|-fieldstart|move: Psychic Terrain|[from] ability: Psychic Surge|[of] p2a: Indeedee
|turn|2
|
|t:|1757076665
|move|p2a: Indeedee|Follow Me|p2a: Indeedee
|-singleturn|p2a: Indeedee|move: Follow Me
|move|p1b: Frederico|Moonblast|p2a: Indeedee
|-damage|p2a: Indeedee|83/100
|move|p1a: Freddy|Blood Moon|p2a: Indeedee
|-damage|p2a: Indeedee|38/100
|-enditem|p2a: Indeedee|Sitrus Berry|[eat]
|-heal|p2a: Indeedee|63/100|[from] item: Sitrus Berry
|move|p2b: Archaludon|Dragon Pulse|p1a: Freddy
|-damage|p1a: Freddy|56/100
|
|-damage|p2b: Archaludon|42/100 brn|[from] brn
|upkeep
|turn|3
|
|t:|1757076688
|move|p2a: Indeedee|Follow Me|p2a: Indeedee
|-singleturn|p2a: Indeedee|move: Follow Me
|move|p1b: Frederico|Moonblast|p2a: Indeedee
|-crit|p2a: Indeedee
|-damage|p2a: Indeedee|25/100
|move|p1a: Freddy|Hyper Voice|p2b: Archaludon|[spread] p2a,p2b
|-crit|p2b: Archaludon
|-damage|p2a: Indeedee|2/100
|-damage|p2b: Archaludon|0 fnt
|faint|p2b: Archaludon
|
|upkeep
|
|t:|1757076694
|switch|p2b: Sneasler|Sneasler, L50, M|100/100
|-enditem|p2b: Sneasler|Psychic Seed
|-boost|p2b: Sneasler|spd|1|[from] item: Psychic Seed
|turn|4
|c|☆atrixmj|ok
|
|t:|1757076709
|-terastallize|p1a: Freddy|Water
|move|p2a: Indeedee|Follow Me|p2a: Indeedee
|-singleturn|p2a: Indeedee|move: Follow Me
|move|p1b: Frederico|Moonblast|p2a: Indeedee
|-damage|p2a: Indeedee|0 fnt
|faint|p2a: Indeedee
|move|p2b: Sneasler|Close Combat|p1a: Freddy
|-damage|p1a: Freddy|3/100
|-unboost|p2b: Sneasler|def|1
|-unboost|p2b: Sneasler|spd|1
|move|p1a: Freddy|Earth Power|p2b: Sneasler
|-supereffective|p2b: Sneasler
|-damage|p2b: Sneasler|8/100
|
|-sideend|p1: tedidn|move: Tailwind
|upkeep
|turn|5
|
|t:|1757076717
|move|p2b: Sneasler|Dire Claw|p1b: Frederico
|-supereffective|p1b: Frederico
|-damage|p1b: Frederico|0 fnt
|faint|p1b: Frederico
|move|p1a: Freddy|Blood Moon|p2b: Sneasler
|-damage|p2b: Sneasler|0 fnt
|faint|p2b: Sneasler
|
|win|tedidn
