|j|☆The Yegorushhka
|j|☆Megamoehre
|html|The YegorushhkaMegamoehre    
|uhtml|bestof|Game 3 of a best-of-3
|t:|1783091306
|gametype|doubles
|player|p1|The Yegorushhka|may-masters2|1119
|player|p2|Megamoehre|blackbelt-gen4dp|1215
|gen|9
|tier|[Gen 9 Champions] VGC 2026 Reg M-B (Bo3)
|rated|
|rule|Species Clause: Limit one of each Pokémon
|rule|Item Clause: Limit 1 of each item
|clearpoke
|poke|p1|Floette-Eternal, L50, F|
|poke|p1|Blaziken, L50, F|
|poke|p1|Maushold, L50|
|poke|p1|Incineroar, L50, F|
|poke|p1|Corviknight, L50, M|
|poke|p1|Milotic, L50, F|
|poke|p2|Grimmsnarl, L50, M|
|poke|p2|Swampert, L50, M|
|poke|p2|Pelipper, L50, M|
|poke|p2|Archaludon, L50, M|
|poke|p2|Sinistcha, L50|
|poke|p2|Metagross, L50|
|teampreview|4
|showteam|p1|Floette-Eternal||Floettite|FlowerVeil|DrainingKiss,DazzlingGleam,CalmMind,Protect|Modest||F|||50|]Blaziken||Blazikenite|SpeedBoost|FlareBlitz,CloseCombat,RockSlide,Detect|Adamant||F|||50|]Maushold||ChopleBerry|FriendGuard|SuperFang,ThunderWave,FollowMe,Protect|Timid|||||50|]Incineroar||PasshoBerry|Intimidate|FakeOut,PartingShot,FlareBlitz,HelpingHand|Impish||F|||50|]Corviknight||Leftovers|MirrorArmor|BraveBird,IronHead,BulkUp,Tailwind|Adamant||M|||50|]Milotic||SitrusBerry|Competitive|Scald,IceBeam,Recover,Protect|Modest||F|||50|
|showteam|p2|Grimmsnarl||LightClay|Prankster|FoulPlay,PartingShot,Reflect,LightScreen|Calm||M|||50|]Swampert||Swampertite|Damp|WaveCrash,Earthquake,IcePunch,Protect|Adamant||M|||50|]Pelipper||SitrusBerry|Drizzle|Hurricane,WeatherBall,Tailwind,WideGuard|Modest||M|||50|]Archaludon||Leftovers|Stamina|ElectroShot,DragonPulse,FlashCannon,Protect|Modest||M|||50|]Sinistcha||CobaBerry|Hospitality|MatchaGotcha,RagePowder,TrickRoom,Protect|Relaxed|||||50|]Metagross||Metagrossite|ClearBody|IronHead,PsychicFangs,BodyPress,Protect|Jolly|||||50|
|inactive|Battle timer is ON: inactive players will automatically lose when time's up. (requested by The Yegorushhka)
|
|t:|1783091327
|teamsize|p1|4
|teamsize|p2|4
|start
|switch|p1a: Floette|Floette-Eternal, L50, F|100/100
|switch|p1b: Maushold|Maushold, L50|100/100
|switch|p2a: Swampert|Swampert, L50, M|100/100
|switch|p2b: Pelipper|Pelipper, L50, M|100/100
|-weather|RainDance|[from] ability: Drizzle|[of] p2b: Pelipper
|turn|1
|
|t:|1783091338
|detailschange|p1a: Floette|Floette-Mega, L50, F
|-mega|p1a: Floette|Floette|Floettite
|-ability|p1a: Floette|Fairy Aura
|detailschange|p2a: Swampert|Swampert-Mega, L50, M
|-mega|p2a: Swampert|Swampert|Swampertite
|move|p1b: Maushold|Follow Me|p1b: Maushold
|-singleturn|p1b: Maushold|move: Follow Me
|move|p2a: Swampert|Wave Crash|p1b: Maushold
|-damage|p1b: Maushold|0 fnt
|faint|p1b: Maushold
|-damage|p2a: Swampert|68/100|[from] Recoil
|move|p1a: Floette|Calm Mind|p1a: Floette
|-boost|p1a: Floette|spa|1
|-boost|p1a: Floette|spd|1
|move|p2b: Pelipper|Tailwind|p2b: Pelipper
|-sidestart|p2: Megamoehre|move: Tailwind
|
|-weather|RainDance|[upkeep]
|upkeep
|
|t:|1783091348
|switch|p1b: Incineroar|Incineroar, L50, F|100/100
|-ability|p1b: Incineroar|Intimidate|boost
|-unboost|p2a: Swampert|atk|1
|-unboost|p2b: Pelipper|atk|1
|turn|2
|
|t:|1783091361
|move|p1b: Incineroar|Helping Hand|p1a: Floette
|-singleturn|p1a: Floette|Helping Hand|[of] p1b: Incineroar
|move|p2a: Swampert|Protect|p2a: Swampert
|-singleturn|p2a: Swampert|Protect
|move|p2b: Pelipper|Hurricane|p1a: Floette
|-damage|p1a: Floette|77/100
|-start|p1a: Floette|confusion
|-activate|p1a: Floette|confusion
|-damage|p1a: Floette|69/100|[from] confusion
|
|-weather|RainDance|[upkeep]
|upkeep
|turn|3
|c|☆The Yegorushhka|tragic
|
|t:|1783091377
|switch|p1b: Milotic|Milotic, L50, F|100/100
|-end|p1a: Floette|confusion
|move|p1a: Floette|Protect|p1a: Floette
|-singleturn|p1a: Floette|Protect
|move|p2a: Swampert|Wave Crash|p1a: Floette
|-activate|p1a: Floette|move: Protect
|move|p2b: Pelipper|Weather Ball|p1b: Milotic
|-resisted|p1b: Milotic|1
|-damage|p1b: Milotic|79/100
|
|-weather|RainDance|[upkeep]
|upkeep
|turn|4
|
|t:|1783091396
|switch|p1b: Incineroar|Incineroar, L50, F|100/100
|-ability|p1b: Incineroar|Intimidate|boost
|-unboost|p2a: Swampert|atk|1
|-unboost|p2b: Pelipper|atk|1
|move|p2a: Swampert|Wave Crash|p1a: Floette
|-damage|p1a: Floette|1/100
|-damage|p2a: Swampert|47/100|[from] Recoil
|move|p2b: Pelipper|Hurricane|p1b: Incineroar
|-damage|p1b: Incineroar|64/100
|-start|p1b: Incineroar|confusion
|move|p1a: Floette|Draining Kiss|p2a: Swampert
|-damage|p2a: Swampert|0 fnt
|-heal|p1a: Floette|40/100|[from] drain|[of] p2a: Swampert
|faint|p2a: Swampert
|
|-weather|RainDance|[upkeep]
|-sideend|p2: Megamoehre|move: Tailwind
|upkeep
|
|t:|1783091412
|switch|p2a: Archaludon|Archaludon, L50, M|100/100
|turn|5
|
|t:|1783091421
|-activate|p1b: Incineroar|confusion
|-damage|p1b: Incineroar|55/100|[from] confusion
|move|p1a: Floette|Calm Mind|p1a: Floette
|-boost|p1a: Floette|spa|1
|-boost|p1a: Floette|spd|1
|move|p2a: Archaludon|Flash Cannon|p1a: Floette
|-supereffective|p1a: Floette|1
|-damage|p1a: Floette|12/100
|move|p2b: Pelipper|Tailwind|p2b: Pelipper
|-sidestart|p2: Megamoehre|move: Tailwind
|
|-weather|none
|upkeep
|turn|6
|c|☆The Yegorushhka|thats fucking bullshit atp
|c|☆The Yegorushhka|omfg
|inactive|The Yegorushhka has 30 seconds left.
|
|t:|1783091454
|switch|p2b: Sinistcha|Sinistcha, L50|100/100
|switch|p1a: Milotic|Milotic, L50, F|79/100
|move|p2a: Archaludon|Flash Cannon|p1a: Milotic
|-resisted|p1a: Milotic|1
|-damage|p1a: Milotic|65/100
|-unboost|p1a: Milotic|spd|1
|-ability|p1a: Milotic|Competitive|boost
|-boost|p1a: Milotic|spa|2
|-activate|p1b: Incineroar|confusion
|-damage|p1b: Incineroar|47/100|[from] confusion
|
|upkeep
|turn|7
|c|☆The Yegorushhka|dude
|inactive|Megamoehre has 30 seconds left.
|c|☆The Yegorushhka|actually wtf
|inactive|Megamoehre has 20 seconds left.
|
|t:|1783091491
|switch|p2b: Pelipper|Pelipper, L50, M|100/100
|-weather|RainDance|[from] ability: Drizzle|[of] p2b: Pelipper
|move|p1a: Milotic|Protect|p1a: Milotic
|-singleturn|p1a: Milotic|Protect
|move|p2a: Archaludon|Electro Shot||[still]
|-prepare|p2a: Archaludon|Electro Shot
|-boost|p2a: Archaludon|spa|1
|-anim|p2a: Archaludon|Electro Shot|p1a: Milotic
|-activate|p1a: Milotic|move: Protect
|-end|p1b: Incineroar|confusion
|move|p1b: Incineroar|Parting Shot|p2a: Archaludon
|-unboost|p2a: Archaludon|atk|1
|-unboost|p2a: Archaludon|spa|1
|
|t:|1783091494
|switch|p1b: Floette|Floette-Mega, L50, F|12/100|[from] Parting Shot
|-ability|p1b: Floette|Fairy Aura
|
|-weather|RainDance|[upkeep]
|upkeep
|turn|8
|c|☆Megamoehre|You get com boost
|c|☆The Yegorushhka|?
|inactive|The Yegorushhka has 30 seconds left.
|c|☆The Yegorushhka|no i fucking dont
|inactive|The Yegorushhka has 20 seconds left.
|inactive|The Yegorushhka has 15 seconds left.
|
|t:|1783091534
|move|p1b: Floette|Protect|p1b: Floette
|-singleturn|p1b: Floette|Protect
|move|p2a: Archaludon|Electro Shot||[still]
|-prepare|p2a: Archaludon|Electro Shot
|-boost|p2a: Archaludon|spa|1
|-anim|p2a: Archaludon|Electro Shot|p1a: Milotic
|-supereffective|p1a: Milotic|1
|-damage|p1a: Milotic|0 fnt
|faint|p1a: Milotic
|move|p2b: Pelipper|Hurricane|p1b: Floette
|-activate|p1b: Floette|move: Protect
|
|-weather|RainDance|[upkeep]
|-sideend|p2: Megamoehre|move: Tailwind
|upkeep
|c|☆Megamoehre|Milotic 2 time in a row
|
|t:|1783091538
|switch|p1a: Incineroar|Incineroar, L50, F|47/100
|-ability|p1a: Incineroar|Intimidate|boost
|-unboost|p2a: Archaludon|atk|1
|-unboost|p2b: Pelipper|atk|1
|turn|9
|c|☆Megamoehre|Gg
|c|☆The Yegorushhka|literally loses for me
|c|☆The Yegorushhka|i die to eshot becuase you spd drop
|inactive|The Yegorushhka has 30 seconds left.
|inactive|Megamoehre has 30 seconds left.
|c|☆The Yegorushhka|thats not good for me
|inactive|Megamoehre has 20 seconds left.
|inactive|The Yegorushhka has 20 seconds left.
|inactive|Megamoehre has 15 seconds left.
|inactive|Megamoehre has 10 seconds left.
|c|☆Megamoehre|Sorry for the gg didn’t realise you had incin
|inactive|Megamoehre has 5 seconds left.
|
|t:|1783091594
|move|p1a: Incineroar|Fake Out|p2b: Pelipper
|-damage|p2b: Pelipper|88/100
|move|p1b: Floette|Draining Kiss|p2b: Pelipper
|-damage|p2b: Pelipper|34/100
|-heal|p1b: Floette|51/100|[from] drain|[of] p2b: Pelipper
|-enditem|p2b: Pelipper|Sitrus Berry|[eat]
|-heal|p2b: Pelipper|58/100|[from] item: Sitrus Berry
|move|p2a: Archaludon|Electro Shot||[still]
|-prepare|p2a: Archaludon|Electro Shot
|-boost|p2a: Archaludon|spa|1
|-anim|p2a: Archaludon|Electro Shot|p1b: Floette
|-damage|p1b: Floette|0 fnt
|faint|p1b: Floette
|cant|p2b: Pelipper|flinch
|
|-weather|RainDance|[upkeep]
|upkeep
|turn|10
|-message|The Yegorushhka forfeited.
|
|win|Megamoehre
