|j|☆jamon_con_talco
|j|‽Juaner95
|html|jamon_con_talcoJuaner95    
|uhtml|bestof|Game 3 of a best-of-3
|t:|1785204085
|gametype|doubles
|player|p1|jamon_con_talco|swimmer-gen4|1054
|player|p2|Juaner95|ash-hoenn|1104
|gen|9
|tier|[Gen 9 Champions] VGC 2026 Reg M-B (Bo3)
|rated|
|rule|Species Clause: Limit one of each Pokémon
|rule|Item Clause: Limit 1 of each item
|clearpoke
|poke|p1|Ampharos, L50, F|
|poke|p1|Runerigus, L50, M|
|poke|p1|Pelipper, L50, M|
|poke|p1|Araquanid, L50, F|
|poke|p1|Hydreigon, L50, M|
|poke|p1|Metagross, L50|
|poke|p2|Eelektross, L50, M|
|poke|p2|Ninetales-Alola, L50, F, shiny|
|poke|p2|Talonflame, L50, M|
|poke|p2|Garchomp, L50, M|
|poke|p2|Incineroar, L50, M, shiny|
|poke|p2|Kingambit, L50, M|
|teampreview|4
|showteam|p1|Ampharos||Ampharosite|Static|Thunderbolt,DragonPulse,ParabolicCharge,Protect|Quiet||F|||50|]Runerigus||PasshoBerry|WanderingSpirit|FakeTears,AllySwitch,TrickRoom,BodyPress|Relaxed||M|||50|]Pelipper||FocusSash|Drizzle|Hurricane,WeatherBall,Tailwind,Protect|Modest||M|||50|]Araquanid||SitrusBerry|WaterBubble|Liquidation,Soak,WideGuard,Protect|Brave||F|||50|]Hydreigon||ChoiceScarf|Levitate|DarkPulse,DracoMeteor,Flamethrower,Snarl|Modest||M|||50|]Metagross||Metagrossite|ClearBody|Protect,Earthquake,BulletPunch,PsychicFangs|Jolly|||||50|
|showteam|p2|Eelektross||Eelektrossite|Levitate|SupercellSlam,DrainPunch,Coil,Protect|Adamant||M|||50|]Ninetales-Alola||ChoiceScarf|SnowWarning|Blizzard,FreezeDry,IcyWind,Moonblast|Modest||F|||50|]Talonflame||SharpBeak|GaleWings|BraveBird,FlareBlitz,Tailwind,Protect|Jolly||M|||50|]Garchomp||LifeOrb|RoughSkin|RockSlide,Earthquake,DragonClaw,Protect|Jolly||M|||50|]Incineroar||SitrusBerry|Intimidate|FlareBlitz,ThroatChop,PartingShot,FakeOut|Careful||M|||50|]Kingambit||FocusSash|Defiant|KowtowCleave,SuckerPunch,LowKick,Protect|Adamant||M|||50|
|inactive|Battle timer is ON: inactive players will automatically lose when time's up. (requested by jamon_con_talco)
|inactive|Juaner95 has 60 seconds left.
|inactive|Juaner95 has 30 seconds left.
|inactive|Juaner95 has 20 seconds left.
|inactive|Juaner95 has 15 seconds left.
|inactive|Juaner95 has 10 seconds left.
|
|t:|1785204190
|teamsize|p1|4
|teamsize|p2|4
|start
|switch|p1a: Runerigus|Runerigus, L50, M|100/100
|switch|p1b: Ampharos|Ampharos, L50, F|100/100
|switch|p2a: Talonflame|Talonflame, L50, M|100/100
|switch|p2b: Incineroar|Incineroar, L50, M, shiny|100/100
|-ability|p2b: Incineroar|Intimidate|boost
|-unboost|p1a: Runerigus|atk|1
|-unboost|p1b: Ampharos|atk|1
|turn|1
|inactive|Juaner95 has 30 seconds left.
|
|t:|1785204224
|move|p1b: Ampharos|Protect|p1b: Ampharos
|-singleturn|p1b: Ampharos|Protect
|move|p2a: Talonflame|Brave Bird|p1a: Runerigus
|-damage|p1a: Runerigus|65/100
|-activate|p2a: Talonflame|Skill Swap|Wandering Spirit|Gale Wings|[of] p1a: Runerigus
|-damage|p2a: Talonflame|87/100|[from] Recoil
|move|p2b: Incineroar|Throat Chop|p1a: Runerigus
|-supereffective|p1a: Runerigus|1
|-damage|p1a: Runerigus|24/100
|-start|p1a: Runerigus|Throat Chop|[silent]
|move|p1a: Runerigus|Trick Room|p1a: Runerigus
|-fieldstart|move: Trick Room|[of] p1a: Runerigus
|
|upkeep
|turn|2
|
|t:|1785204243
|detailschange|p1b: Ampharos|Ampharos-Mega, L50, F
|-mega|p1b: Ampharos|Ampharos|Ampharosite
|-ability|p1b: Ampharos|Mold Breaker
|move|p2a: Talonflame|Protect|p2a: Talonflame
|-singleturn|p2a: Talonflame|Protect
|move|p1a: Runerigus|Fake Tears|p2b: Incineroar
|-unboost|p2b: Incineroar|spd|2
|move|p1b: Ampharos|Parabolic Charge|p2a: Talonflame|[spread] p2b
|-activate|p2a: Talonflame|move: Protect
|-immune|p1a: Runerigus
|-damage|p2b: Incineroar|45/100
|-enditem|p2b: Incineroar|Sitrus Berry|[eat]
|-heal|p2b: Incineroar|69/100|[from] item: Sitrus Berry
|move|p2b: Incineroar|Throat Chop|p1a: Runerigus
|-supereffective|p1a: Runerigus|1
|-damage|p1a: Runerigus|0 fnt
|faint|p1a: Runerigus
|
|upkeep
|
|t:|1785204249
|switch|p1a: Araquanid|Araquanid, L50, F|100/100
|turn|3
|
|t:|1785204261
|switch|p2b: Garchomp|Garchomp, L50, M|100/100
|switch|p2a: Eelektross|Eelektross, L50, M|100/100
|move|p1a: Araquanid|Liquidation|p2b: Garchomp
|-damage|p2b: Garchomp|28/100
|-damage|p1a: Araquanid|88/100|[from] ability: Rough Skin|[of] p2b: Garchomp
|move|p1b: Ampharos|Parabolic Charge|p2a: Eelektross|[spread] p1a,p2a
|-immune|p2b: Garchomp
|-supereffective|p1a: Araquanid|1
|-resisted|p2a: Eelektross|1
|-damage|p1a: Araquanid|32/100
|-damage|p2a: Eelektross|82/100
|-enditem|p1a: Araquanid|Sitrus Berry|[eat]
|-heal|p1a: Araquanid|56/100|[from] item: Sitrus Berry
|
|upkeep
|turn|4
|
|t:|1785204282
|move|p2a: Eelektross|Protect|p2a: Eelektross
|-singleturn|p2a: Eelektross|Protect
|move|p2b: Garchomp|Protect|p2b: Garchomp
|-singleturn|p2b: Garchomp|Protect
|move|p1a: Araquanid|Liquidation|p2b: Garchomp
|-activate|p2b: Garchomp|move: Protect
|move|p1b: Ampharos|Dragon Pulse|p2a: Eelektross
|-activate|p2a: Eelektross|move: Protect
|
|upkeep
|turn|5
|
|t:|1785204298
|switch|p2b: Incineroar|Incineroar, L50, M, shiny|69/100
|-ability|p2b: Incineroar|Intimidate|boost
|-unboost|p1a: Araquanid|atk|1
|-unboost|p1b: Ampharos|atk|1
|detailschange|p2a: Eelektross|Eelektross-Mega, L50, M
|-mega|p2a: Eelektross|Eelektross|Eelektrossite
|move|p1a: Araquanid|Liquidation|p2a: Eelektross
|-damage|p2a: Eelektross|33/100
|move|p1b: Ampharos|Dragon Pulse|p2b: Incineroar
|-damage|p2b: Incineroar|27/100
|move|p2a: Eelektross|Coil|p2a: Eelektross
|-boost|p2a: Eelektross|atk|1
|-boost|p2a: Eelektross|def|1
|-boost|p2a: Eelektross|accuracy|1
|
|-fieldend|move: Trick Room
|upkeep
|turn|6
|
|t:|1785204321
|move|p1b: Ampharos|Protect|p1b: Ampharos
|-singleturn|p1b: Ampharos|Protect
|move|p2b: Incineroar|Fake Out|p1b: Ampharos
|-activate|p1b: Ampharos|move: Protect
|move|p2a: Eelektross|Supercell Slam|p1a: Araquanid
|-supereffective|p1a: Araquanid|1
|-damage|p1a: Araquanid|0 fnt
|faint|p1a: Araquanid
|-ability|p2a: Eelektross|Eelevate|boost
|-boost|p2a: Eelektross|atk|1
|
|upkeep
|
|t:|1785204329
|switch|p1a: Pelipper|Pelipper, L50, M|100/100
|-weather|RainDance|[from] ability: Drizzle|[of] p1a: Pelipper
|turn|7
|
|t:|1785204339
|move|p2a: Eelektross|Supercell Slam|p1a: Pelipper
|-supereffective|p1a: Pelipper|2
|-enditem|p1a: Pelipper|Focus Sash
|-damage|p1a: Pelipper|1/100
|move|p1a: Pelipper|Tailwind|p1a: Pelipper
|-sidestart|p1: jamon_con_talco|move: Tailwind
|move|p1b: Ampharos|Parabolic Charge|p2b: Incineroar|[spread] p1a,p2a,p2b
|-supereffective|p1a: Pelipper|2
|-resisted|p2a: Eelektross|1
|-damage|p1a: Pelipper|0 fnt
|-damage|p2a: Eelektross|15/100
|-damage|p2b: Incineroar|3/100
|faint|p1a: Pelipper
|move|p2b: Incineroar|Parting Shot|p1b: Ampharos
|-unboost|p1b: Ampharos|atk|1
|-unboost|p1b: Ampharos|spa|1
|
|t:|1785204353
|switch|p2b: Garchomp|Garchomp, L50, M|28/100|[from] Parting Shot
|
|-weather|RainDance|[upkeep]
|upkeep
|turn|8
|
|t:|1785204359
|move|p2b: Garchomp|Earthquake|p1b: Ampharos|[spread] p1b
|-immune|p2a: Eelektross|[from] ability: Eelevate
|-supereffective|p1b: Ampharos|1
|-damage|p1b: Ampharos|7/100
|-damage|p2b: Garchomp|18/100|[from] item: Life Orb
|move|p2a: Eelektross|Drain Punch|p1b: Ampharos
|-damage|p1b: Ampharos|0 fnt
|-heal|p2a: Eelektross|19/100|[from] drain|[of] p1b: Ampharos
|faint|p1b: Ampharos
|
|win|Juaner95
|raw|jamon_con_talco's rating: 1054 → 1038(-16 for losing)
|raw|Juaner95's rating: 1090 → 1114(+24 for winning)
|l|☆jamon_con_talco
|player|p1|
