|j|☆Yunobo7
|j|☆direclawexperience
|html|Yunobo7direclawexperience    
|uhtml|bestof|Game 3 of a best-of-3
|t:|1757694858
|gametype|doubles
|player|p1|Yunobo7|266|1389
|player|p2|direclawexperience|benga|1467
|gen|9
|tier|[Gen 9] VGC 2025 Reg H (Bo3)
|rated|
|rule|Species Clause: Limit one of each Pokémon
|rule|Item Clause: Limit 1 of each item
|clearpoke
|poke|p1|Glimmora, L50, M|
|poke|p1|Maushold-Four, L50|
|poke|p1|Incineroar, L50, M|
|poke|p1|Rillaboom, L50, F|
|poke|p1|Dondozo, L50, M|
|poke|p1|Sneasler, L50, M|
|poke|p2|Sneasler, L50, M|
|poke|p2|Gholdengo, L50|
|poke|p2|Ursaluna-Bloodmoon, L50, M|
|poke|p2|Incineroar, L50, M|
|poke|p2|Annihilape, L50, F|
|poke|p2|Rillaboom, L50, M|
|teampreview|4
|showteam|p1|Glimmora||PowerHerb|ToxicDebris|MeteorBeam,EarthPower,SludgeBomb,SpikyShield|||M|||50|,,,,,Grass]Maushold-Four||WideLens|Technician|PopulationBomb,FollowMe,Taunt,Protect||||||50|,,,,,Ghost]Incineroar||SafetyGoggles|Intimidate|FlareBlitz,PartingShot,KnockOff,FakeOut|||M|||50|,,,,,Ghost]Rillaboom||AssaultVest|GrassySurge|WoodHammer,HighHorsepower,GrassyGlide,FakeOut|||F|||50|,,,,,Fire]Dondozo||Leftovers|Unaware|WaveCrash,Yawn,Fissure,Protect|||M|||50|,,,,,Grass]Sneasler||GrassySeed|Unburden|DireClaw,Acrobatics,CloseCombat,Protect|||M|||50|,,,,,Flying
|showteam|p2|Sneasler||GrassySeed|Unburden|CloseCombat,DireClaw,Acrobatics,Protect|||M|||50|,,,,,Flying]Gholdengo||ChoiceScarf|GoodasGold|MakeItRain,ShadowBall,Trick,Protect||||||50|,,,,,Steel]Ursaluna-Bloodmoon||Leftovers|MindsEye|BloodMoon,EarthPower,CalmMind,Protect|||M|||50|,,,,,Water]Incineroar||SitrusBerry|Intimidate|KnockOff,PartingShot,FlareBlitz,FakeOut|||M|||50|,,,,,Ghost]Annihilape||SafetyGoggles|Defiant|CloseCombat,RageFist,FinalGambit,Coaching|||F|||50|,,,,,Grass]Rillaboom||AssaultVest|GrassySurge|DrumBeating,GrassyGlide,HighHorsepower,FakeOut|||M|||50|,,,,,Fire
|inactive|Battle timer is ON: inactive players will automatically lose when time's up. (requested by direclawexperience)
|inactive|Yunobo7 also wants the timer to be on.
|
|t:|1757694877
|teamsize|p1|4
|teamsize|p2|4
|start
|switch|p1a: Sneasler|Sneasler, L50, M, shiny|100/100
|switch|p1b: Dondozo|Dondozo, L50, M, shiny|100/100
|switch|p2a: Incineroar|Incineroar, L50, M|100/100
|switch|p2b: Ursaluna|Ursaluna-Bloodmoon, L50, M|100/100
|-ability|p2a: Incineroar|Intimidate|boost
|-unboost|p1a: Sneasler|atk|1
|-unboost|p1b: Dondozo|atk|1
|turn|1
|inactive|Yunobo7 has 30 seconds left.
|
|t:|1757694913
|-terastallize|p2b: Ursaluna|Water
|move|p1a: Sneasler|Protect|p1a: Sneasler
|-singleturn|p1a: Sneasler|Protect
|move|p2b: Ursaluna|Blood Moon|p1b: Dondozo
|-damage|p1b: Dondozo|53/100
|move|p2a: Incineroar|Knock Off|p1b: Dondozo
|-damage|p1b: Dondozo|27/100
|-enditem|p1b: Dondozo|Leftovers|[from] move: Knock Off|[of] p2a: Incineroar
|move|p1b: Dondozo|Yawn|p2b: Ursaluna
|-start|p2b: Ursaluna|move: Yawn|[of] p1b: Dondozo
|
|upkeep
|turn|2
|inactive|direclawexperience has 30 seconds left.
|
|t:|1757694940
|switch|p2a: Annihilape|Annihilape, L50, F|100/100
|-terastallize|p1a: Sneasler|Flying
|move|p1a: Sneasler|Acrobatics|p2a: Annihilape
|-supereffective|p2a: Annihilape
|-damage|p2a: Annihilape|49/100
|move|p2b: Ursaluna|Earth Power|p1a: Sneasler
|-immune|p1a: Sneasler
|move|p1b: Dondozo|Wave Crash|p2a: Annihilape
|-damage|p2a: Annihilape|19/100
|-damage|p1b: Dondozo|19/100|[from] Recoil
|
|-end|p2b: Ursaluna|move: Yawn|[silent]
|-status|p2b: Ursaluna|slp
|upkeep
|turn|3
|
|t:|1757694963
|switch|p2a: Incineroar|Incineroar, L50, M|100/100
|-ability|p2a: Incineroar|Intimidate|boost
|-unboost|p1a: Sneasler|atk|1
|-unboost|p1b: Dondozo|atk|1
|switch|p1b: Rillaboom|Rillaboom, L50, F, shiny|100/100
|-fieldstart|move: Grassy Terrain|[from] ability: Grassy Surge|[of] p1b: Rillaboom
|-enditem|p1a: Sneasler|Grassy Seed
|-boost|p1a: Sneasler|def|1|[from] item: Grassy Seed
|move|p1a: Sneasler|Acrobatics|p2a: Incineroar
|-damage|p2a: Incineroar|73/100
|cant|p2b: Ursaluna|slp
|
|-heal|p2a: Incineroar|79/100|[from] Grassy Terrain
|upkeep
|turn|4
|
|t:|1757694988
|switch|p2b: Rillaboom|Rillaboom, L50, M|100/100
|move|p1a: Sneasler|Close Combat|p2a: Incineroar
|-supereffective|p2a: Incineroar
|-damage|p2a: Incineroar|20/100
|-unboost|p1a: Sneasler|def|1
|-unboost|p1a: Sneasler|spd|1
|-enditem|p2a: Incineroar|Sitrus Berry|[eat]
|-heal|p2a: Incineroar|45/100|[from] item: Sitrus Berry
|move|p1b: Rillaboom|Wood Hammer|p2b: Rillaboom
|-resisted|p2b: Rillaboom
|-damage|p2b: Rillaboom|60/100
|-damage|p1b: Rillaboom|88/100|[from] Recoil
|move|p2a: Incineroar|Parting Shot|p1b: Rillaboom
|-unboost|p1b: Rillaboom|atk|1
|-unboost|p1b: Rillaboom|spa|1
|
|t:|1757695008
|switch|p2a: Annihilape|Annihilape, L50, F|19/100|[from] Parting Shot
|
|-heal|p2a: Annihilape|25/100|[from] Grassy Terrain
|-heal|p2b: Rillaboom|67/100|[from] Grassy Terrain
|-heal|p1b: Rillaboom|94/100|[from] Grassy Terrain
|upkeep
|turn|5
|inactive|direclawexperience has 30 seconds left.
|
|t:|1757695039
|switch|p2a: Incineroar|Incineroar, L50, M|45/100
|-ability|p2a: Incineroar|Intimidate|boost
|-unboost|p1a: Sneasler|atk|1
|-unboost|p1b: Rillaboom|atk|1
|move|p1a: Sneasler|Acrobatics|p2a: Incineroar
|-damage|p2a: Incineroar|22/100
|move|p2b: Rillaboom|Drum Beating|p1a: Sneasler
|-resisted|p1a: Sneasler
|-damage|p1a: Sneasler|67/100
|-unboost|p1a: Sneasler|spe|1
|move|p1b: Rillaboom|Wood Hammer|p2a: Incineroar
|-resisted|p2a: Incineroar
|-crit|p2a: Incineroar
|-damage|p2a: Incineroar|0 fnt
|faint|p2a: Incineroar
|-damage|p1b: Rillaboom|87/100|[from] Recoil
|
|-heal|p2b: Rillaboom|73/100|[from] Grassy Terrain
|-heal|p1b: Rillaboom|93/100|[from] Grassy Terrain
|upkeep
|
|t:|1757695053
|switch|p2a: Ursaluna|Ursaluna-Bloodmoon, L50, M, tera:Water|100/100 slp
|turn|6
|
|t:|1757695076
|move|p1a: Sneasler|Dire Claw|p2b: Rillaboom
|-supereffective|p2b: Rillaboom
|-damage|p2b: Rillaboom|41/100
|-status|p2b: Rillaboom|psn
|move|p2b: Rillaboom|Drum Beating|p1b: Rillaboom
|-resisted|p1b: Rillaboom
|-damage|p1b: Rillaboom|70/100
|-unboost|p1b: Rillaboom|spe|1
|cant|p2a: Ursaluna|slp
|move|p1b: Rillaboom|Wood Hammer|p2a: Ursaluna
|-supereffective|p2a: Ursaluna
|-damage|p2a: Ursaluna|46/100 slp
|-damage|p1b: Rillaboom|51/100|[from] Recoil
|
|-heal|p2b: Rillaboom|47/100 psn|[from] Grassy Terrain
|-heal|p2a: Ursaluna|52/100 slp|[from] Grassy Terrain
|-heal|p2a: Ursaluna|58/100 slp|[from] item: Leftovers
|-heal|p1b: Rillaboom|57/100|[from] Grassy Terrain
|-damage|p2b: Rillaboom|34/100 psn|[from] psn
|upkeep
|turn|7
|inactive|direclawexperience has 30 seconds left.
|
|t:|1757695109
|switch|p1b: Incineroar|Incineroar, L50, M, shiny|100/100
|-ability|p1b: Incineroar|Intimidate|boost
|-unboost|p2a: Ursaluna|atk|1
|-unboost|p2b: Rillaboom|atk|1
|move|p1a: Sneasler|Protect|p1a: Sneasler
|-singleturn|p1a: Sneasler|Protect
|move|p2b: Rillaboom|Drum Beating|p1b: Incineroar
|-resisted|p1b: Incineroar
|-damage|p1b: Incineroar|85/100
|-unboost|p1b: Incineroar|spe|1
|cant|p2a: Ursaluna|slp
|
|-heal|p2b: Rillaboom|41/100 psn|[from] Grassy Terrain
|-heal|p2a: Ursaluna|64/100 slp|[from] Grassy Terrain
|-heal|p2a: Ursaluna|71/100 slp|[from] item: Leftovers
|-heal|p1b: Incineroar|91/100|[from] Grassy Terrain
|-damage|p2b: Rillaboom|28/100 psn|[from] psn
|-fieldend|move: Grassy Terrain
|upkeep
|turn|8
|
|t:|1757695126
|switch|p2b: Annihilape|Annihilape, L50, F|25/100
|move|p1b: Incineroar|Fake Out|p2a: Ursaluna
|-damage|p2a: Ursaluna|63/100 slp
|move|p1a: Sneasler|Dire Claw|p2b: Annihilape
|-resisted|p2b: Annihilape
|-damage|p2b: Annihilape|16/100
|-status|p2b: Annihilape|psn
|-curestatus|p2a: Ursaluna|slp|[msg]
|cant|p2a: Ursaluna|flinch
|
|-heal|p2a: Ursaluna|69/100|[from] item: Leftovers
|-damage|p2b: Annihilape|3/100 psn|[from] psn
|upkeep
|turn|9
|
|t:|1757695145
|switch|p1b: Dondozo|Dondozo, L50, M, shiny|19/100
|move|p1a: Sneasler|Protect|p1a: Sneasler
|-singleturn|p1a: Sneasler|Protect
|move|p2b: Annihilape|Close Combat|p1b: Dondozo
|-damage|p1b: Dondozo|0 fnt
|-unboost|p2b: Annihilape|def|1
|-unboost|p2b: Annihilape|spd|1
|faint|p1b: Dondozo
|move|p2a: Ursaluna|Blood Moon|p1a: Sneasler
|-activate|p1a: Sneasler|move: Protect
|
|-heal|p2a: Ursaluna|75/100|[from] item: Leftovers
|-damage|p2b: Annihilape|0 fnt|[from] psn
|faint|p2b: Annihilape
|upkeep
|
|t:|1757695150
|switch|p2b: Rillaboom|Rillaboom, L50, M|28/100 psn
|switch|p1b: Incineroar|Incineroar, L50, M, shiny|91/100
|-fieldstart|move: Grassy Terrain|[from] ability: Grassy Surge|[of] p2b: Rillaboom
|-ability|p1b: Incineroar|Intimidate|boost
|-unboost|p2a: Ursaluna|atk|1
|-unboost|p2b: Rillaboom|atk|1
|turn|10
|
|t:|1757695165
|move|p2b: Rillaboom|Fake Out|p1b: Incineroar
|-crit|p1b: Incineroar
|-damage|p1b: Incineroar|73/100
|cant|p1b: Incineroar|flinch
|move|p1a: Sneasler|Dire Claw|p2b: Rillaboom
|-supereffective|p2b: Rillaboom
|-damage|p2b: Rillaboom|0 fnt
|faint|p2b: Rillaboom
|move|p2a: Ursaluna|Earth Power|p1b: Incineroar
|-supereffective|p1b: Incineroar
|-damage|p1b: Incineroar|0 fnt
|faint|p1b: Incineroar
|
|-heal|p2a: Ursaluna|81/100|[from] Grassy Terrain
|-heal|p2a: Ursaluna|88/100|[from] item: Leftovers
|upkeep
|
|t:|1757695167
|switch|p1b: Rillaboom|Rillaboom, L50, F, shiny|57/100
|turn|11
|
|t:|1757695173
|move|p1a: Sneasler|Dire Claw|p2a: Ursaluna
|-damage|p2a: Ursaluna|75/100
|-status|p2a: Ursaluna|psn
|move|p1b: Rillaboom|Wood Hammer|p2a: Ursaluna
|-supereffective|p2a: Ursaluna
|-damage|p2a: Ursaluna|0 fnt
|faint|p2a: Ursaluna
|-damage|p1b: Rillaboom|32/100|[from] Recoil
|
|win|Yunobo7
|raw|Yunobo7's rating: 1389 → 1413(+24 for winning)
|raw|direclawexperience's rating: 1467 → 1443(-24 for losing)
|l|☆direclawexperience
|player|p2|
