|j|☆selmir suljkanovic
|j|☆WhatIsBreadnaught
|html|selmir suljkanovicWhatIsBreadnaught    
|uhtml|bestof|Game 2 of a best-of-3
|t:|1783957800
|gametype|doubles
|player|p1|selmir suljkanovic|ballguy|1142
|player|p2|WhatIsBreadnaught|volkner|1084
|gen|9
|tier|[Gen 9 Champions] VGC 2026 Reg M-B (Bo3)
|rated|
|rule|Species Clause: Limit one of each Pokémon
|rule|Item Clause: Limit 1 of each item
|clearpoke
|poke|p1|Sinistcha-Masterpiece, L50|
|poke|p1|Kingambit, L50, M|
|poke|p1|Sneasler, L50, M|
|poke|p1|Blastoise, L50, F|
|poke|p1|Delphox, L50, F|
|poke|p1|Incineroar, L50, F|
|poke|p2|Whimsicott, L50, M|
|poke|p2|Staraptor, L50, F|
|poke|p2|Garchomp, L50, F|
|poke|p2|Ceruledge, L50, F|
|poke|p2|Metagross, L50|
|poke|p2|Farigiraf, L50, M|
|teampreview|4
|showteam|p1|Sinistcha-Masterpiece||OccaBerry|Hospitality|MatchaGotcha,RagePowder,TrickRoom,Protect|Bold|||||50|]Kingambit||LifeOrb|Defiant|KowtowCleave,SuckerPunch,SwordsDance,Protect|Adamant||M|||50|]Sneasler||FocusSash|PoisonTouch|FakeOut,CloseCombat,DireClaw,QuickGuard|Jolly||M|||50|]Blastoise||Blastoisinite|RainDish|WaterSpout,DarkPulse,ShellSmash,Protect|Modest||F|||50|]Delphox||Delphoxite|Blaze|HeatWave,Psyshock,NastyPlot,Protect|Timid||F|||50|]Incineroar||SitrusBerry|Intimidate|PartingShot,FlareBlitz,ThroatChop,FakeOut|Careful||F|||50|
|showteam|p2|Whimsicott||FocusSash|Prankster|Encore,Tailwind,Moonblast,Charm|Timid||M|||50|]Staraptor||Staraptite|Intimidate|Protect,CloseCombat,BraveBird,Roost|Jolly||F|||50|]Garchomp||LifeOrb|RoughSkin|Protect,RockSlide,Earthquake,DragonClaw|Jolly||F|||50|]Ceruledge||ColburBerry|FlashFire|Protect,BitterBlade,BulkUp,ShadowSneak|Adamant||F|||50|]Metagross||Metagrossite|ClearBody|Protect,StompingTantrum,IronHead,PsychicFangs|Adamant|||||50|]Farigiraf||SitrusBerry|ArmorTail|HelpingHand,TrickRoom,Psychic,Thunderbolt|Calm||M|||50|
|inactive|Battle timer is ON: inactive players will automatically lose when time's up. (requested by selmir suljkanovic)
|
|t:|1783957832
|teamsize|p1|4
|teamsize|p2|4
|start
|switch|p1a: Blastoise|Blastoise, L50, F|100/100
|switch|p1b: Incineroar|Incineroar, L50, F|100/100
|switch|p2a: Garchomp|Garchomp, L50, F|100/100
|switch|p2b: Farigiraf|Farigiraf, L50, M|100/100
|-ability|p1b: Incineroar|Intimidate|boost
|-unboost|p2a: Garchomp|atk|1
|-unboost|p2b: Farigiraf|atk|1
|turn|1
|
|t:|1783957851
|detailschange|p1a: Blastoise|Blastoise-Mega, L50, F
|-mega|p1a: Blastoise|Blastoise|Blastoisinite
|move|p2b: Farigiraf|Helping Hand|p2a: Garchomp
|-singleturn|p2a: Garchomp|Helping Hand|[of] p2b: Farigiraf
|move|p2a: Garchomp|Rock Slide|p1a: Blastoise|[spread] p1a,p1b
|-supereffective|p1b: Incineroar|1
|-damage|p1a: Blastoise|73/100
|-damage|p1b: Incineroar|51/100
|-damage|p2a: Garchomp|90/100|[from] item: Life Orb
|move|p1a: Blastoise|Dark Pulse|p2b: Farigiraf
|-supereffective|p2b: Farigiraf|1
|-damage|p2b: Farigiraf|32/100
|-enditem|p2b: Farigiraf|Sitrus Berry|[eat]
|-heal|p2b: Farigiraf|56/100|[from] item: Sitrus Berry
|cant|p1b: Incineroar|flinch
|
|upkeep
|turn|2
|inactive|WhatIsBreadnaught has 30 seconds left.
|
|t:|1783957884
|switch|p1b: Sinistcha|Sinistcha-Masterpiece, L50|100/100
|-heal|p1a: Blastoise|98/100|[from] ability: Hospitality|[of] p1b: Sinistcha
|move|p2b: Farigiraf|Helping Hand|p2a: Garchomp
|-singleturn|p2a: Garchomp|Helping Hand|[of] p2b: Farigiraf
|move|p2a: Garchomp|Dragon Claw|p1a: Blastoise
|-damage|p1a: Blastoise|42/100
|-damage|p2a: Garchomp|80/100|[from] item: Life Orb
|move|p1a: Blastoise|Dark Pulse|p2b: Farigiraf
|-supereffective|p2b: Farigiraf|1
|-damage|p2b: Farigiraf|0 fnt
|faint|p2b: Farigiraf
|
|upkeep
|
|t:|1783957898
|switch|p2b: Staraptor|Staraptor, L50, F|100/100
|-ability|p2b: Staraptor|Intimidate|boost
|-unboost|p1a: Blastoise|atk|1
|-unboost|p1b: Sinistcha|atk|1
|turn|3
|
|t:|1783957917
|detailschange|p2b: Staraptor|Staraptor-Mega, L50, F
|-mega|p2b: Staraptor|Staraptor|Staraptite
|move|p1b: Sinistcha|Rage Powder|p1b: Sinistcha
|-singleturn|p1b: Sinistcha|move: Rage Powder
|move|p2b: Staraptor|Brave Bird|p1b: Sinistcha
|-supereffective|p1b: Sinistcha|1
|-damage|p1b: Sinistcha|11/100
|-damage|p2b: Staraptor|72/100|[from] Recoil
|move|p2a: Garchomp|Dragon Claw|p1b: Sinistcha
|-damage|p1b: Sinistcha|0 fnt
|faint|p1b: Sinistcha
|-damage|p2a: Garchomp|70/100|[from] item: Life Orb
|move|p1a: Blastoise|Shell Smash|p1a: Blastoise
|-unboost|p1a: Blastoise|def|1
|-unboost|p1a: Blastoise|spd|1
|-boost|p1a: Blastoise|atk|2
|-boost|p1a: Blastoise|spa|2
|-boost|p1a: Blastoise|spe|2
|
|upkeep
|
|t:|1783957934
|switch|p1b: Sneasler|Sneasler, L50, M|100/100
|turn|4
|
|t:|1783957946
|move|p2b: Staraptor|Protect|p2b: Staraptor
|-singleturn|p2b: Staraptor|Protect
|move|p1b: Sneasler|Fake Out|p2b: Staraptor
|-activate|p2b: Staraptor|move: Protect
|move|p1a: Blastoise|Dark Pulse|p2a: Garchomp
|-damage|p2a: Garchomp|0 fnt
|faint|p2a: Garchomp
|
|upkeep
|
|t:|1783957955
|switch|p2a: Ceruledge|Ceruledge, L50, F|100/100
|turn|5
|
|t:|1783957967
|switch|p1b: Incineroar|Incineroar, L50, F|51/100
|-ability|p1b: Incineroar|Intimidate|boost
|-unboost|p2a: Ceruledge|atk|1
|-boost|p2b: Staraptor|atk|1
|move|p1a: Blastoise|Dark Pulse|p2b: Staraptor
|-resisted|p2b: Staraptor|1
|-damage|p2b: Staraptor|23/100
|move|p2b: Staraptor|Close Combat|p1a: Blastoise
|-damage|p1a: Blastoise|0 fnt
|-boost|p2b: Staraptor|def|1
|-boost|p2b: Staraptor|spd|1
|faint|p1a: Blastoise
|move|p2a: Ceruledge|Bitter Blade|p1b: Incineroar
|-resisted|p1b: Incineroar|1
|-damage|p1b: Incineroar|36/100
|-enditem|p1b: Incineroar|Sitrus Berry|[eat]
|-heal|p1b: Incineroar|61/100|[from] item: Sitrus Berry
|
|upkeep
|
|t:|1783957976
|switch|p1a: Sneasler|Sneasler, L50, M|100/100
|turn|6
|
|t:|1783957994
|move|p1a: Sneasler|Fake Out|p2b: Staraptor
|-damage|p2b: Staraptor|15/100
|-status|p2b: Staraptor|psn|[from] ability: Poison Touch|[of] p1a: Sneasler
|cant|p2b: Staraptor|flinch
|move|p2a: Ceruledge|Bitter Blade|p1a: Sneasler
|-damage|p1a: Sneasler|42/100
|move|p1b: Incineroar|Throat Chop|p2a: Ceruledge
|-supereffective|p2a: Ceruledge|1
|-enditem|p2a: Ceruledge|Colbur Berry|[eat]
|-enditem|p2a: Ceruledge|Colbur Berry|[weaken]
|-damage|p2a: Ceruledge|63/100
|-start|p2a: Ceruledge|Throat Chop|[silent]
|
|-damage|p2b: Staraptor|2/100 psn|[from] psn
|upkeep
|turn|7
|
|t:|1783958013
|move|p1a: Sneasler|Dire Claw|p2b: Staraptor
|-damage|p2b: Staraptor|0 fnt
|-fail|p2b: Staraptor|psn
|faint|p2b: Staraptor
|move|p1b: Incineroar|Throat Chop|p2a: Ceruledge
|-supereffective|p2a: Ceruledge|1
|-damage|p2a: Ceruledge|0 fnt
|faint|p2a: Ceruledge
|
|win|selmir suljkanovic
