|j|☆myshirtisdirty
|j|☆BobbySamuel
|html|myshirtisdirtyBobbySamuel    
|uhtml|bestof|Game 1 of a best-of-3
|t:|1756522106
|gametype|doubles
|player|p1|myshirtisdirty|2|1038
|player|p2|BobbySamuel|102|1064
|gen|9
|tier|[Gen 9] VGC 2025 Reg H (Bo3)
|rated|
|rule|Species Clause: Limit one of each Pokémon
|rule|Item Clause: Limit 1 of each item
|clearpoke
|poke|p1|Tyranitar, L50, F|
|poke|p1|Excadrill, L50, F|
|poke|p1|Sinistcha, L50|
|poke|p1|Dragonite, L50, M|
|poke|p1|Primarina, L50, F|
|poke|p1|Volcarona, L50, F|
|poke|p2|Politoed, L50, F|
|poke|p2|Gothitelle, L50, F|
|poke|p2|Kingdra, L50, M|
|poke|p2|Archaludon, L50, M|
|poke|p2|Amoonguss, L50, M|
|poke|p2|Incineroar, L50, F|
|teampreview|4
|showteam|p1|Tyranitar||AssaultVest|SandStream|RockSlide,KnockOff,TeraBlast,LowKick|||F|||50|,,,,,Flying]Excadrill||ClearAmulet|SandRush|Earthquake,IronHead,HighHorsepower,Protect|||F|||50|,,,,,Ghost]Sinistcha||RockyHelmet|Hospitality|MatchaGotcha,LifeDew,TrickRoom,RagePowder||||||50|,,,,,Dark]Dragonite||ChoiceBand|InnerFocus|Outrage,ExtremeSpeed,IceSpinner,AerialAce|||M|||50|,,,,,Normal]Primarina||ThroatSpray|LiquidVoice|Moonblast,HyperVoice,Haze,Protect|||F|||50|,,,,,Grass]Volcarona||Leftovers|FlameBody|FieryDance,GigaDrain,QuiverDance,Protect|||F|||50|,,,,,Dragon
|showteam|p2|Politoed||Leftovers|Drizzle|Protect,PerishSong,WeatherBall,Encore|||F|||50|,,,,,Grass]Gothitelle||SitrusBerry|ShadowTag|Protect,FakeOut,Psychic,TrickRoom|||F|||50|,,,,,Dark]Kingdra||LifeOrb|SwiftSwim|Protect,WeatherBall,DracoMeteor,MuddyWater|||M|||50|,,,,,Stellar]Archaludon||PowerHerb|Sturdy|Protect,ElectroShot,DragonPulse,FlashCannon|||M|||50|,,,,,Electric]Amoonguss||EjectButton|Regenerator|Protect,PollenPuff,RagePowder,Spore|||M|||50|,,,,,Fairy]Incineroar||SafetyGoggles|Intimidate|Protect,FakeOut,KnockOff,PartingShot|||F|||50|,,,,,Ghost
|
|t:|1756522148
|teamsize|p1|4
|teamsize|p2|4
|start
|switch|p1a: Dragonite|Dragonite, L50, M|100/100
|switch|p1b: Volcarona|Volcarona, L50, F|100/100
|switch|p2a: Kingdra|Kingdra, L50, M, shiny|100/100
|switch|p2b: Incineroar|Incineroar, L50, F|100/100
|-ability|p2b: Incineroar|Intimidate|boost
|-fail|p1a: Dragonite|unboost|Attack|[from] ability: Inner Focus|[of] p1a: Dragonite
|-unboost|p1b: Volcarona|atk|1
|turn|1
|
|t:|1756522185
|switch|p2b: Politoed|Politoed, L50, F|100/100
|-weather|RainDance|[from] ability: Drizzle|[of] p2b: Politoed
|-terastallize|p2a: Kingdra|Stellar
|move|p2a: Kingdra|Draco Meteor|p1a: Dragonite
|-supereffective|p1a: Dragonite
|-damage|p1a: Dragonite|0 fnt
|-unboost|p2a: Kingdra|spa|2
|faint|p1a: Dragonite
|-damage|p2a: Kingdra|91/100|[from] item: Life Orb
|move|p1b: Volcarona|Quiver Dance|p1b: Volcarona
|-boost|p1b: Volcarona|spa|1
|-boost|p1b: Volcarona|spd|1
|-boost|p1b: Volcarona|spe|1
|
|-weather|RainDance|[upkeep]
|upkeep
|
|t:|1756522200
|switch|p1a: Tyranitar|Tyranitar, L50, F|100/100
|-weather|Sandstorm|[from] ability: Sand Stream|[of] p1a: Tyranitar
|turn|2
|
|t:|1756522241
|switch|p2a: Incineroar|Incineroar, L50, F|100/100
|-ability|p2a: Incineroar|Intimidate|boost
|-unboost|p1a: Tyranitar|atk|1
|-unboost|p1b: Volcarona|atk|1
|move|p1b: Volcarona|Giga Drain|p2b: Politoed
|-supereffective|p2b: Politoed
|-damage|p2b: Politoed|47/100
|move|p2b: Politoed|Perish Song|p2b: Politoed
|-start|p1a: Tyranitar|perish3|[silent]
|-start|p1b: Volcarona|perish3|[silent]
|-start|p2a: Incineroar|perish3|[silent]
|-start|p2b: Politoed|perish3|[silent]
|-fieldactivate|move: Perish Song
|move|p1a: Tyranitar|Rock Slide|p2a: Incineroar|[spread] p2a,p2b
|-supereffective|p2a: Incineroar
|-damage|p2a: Incineroar|59/100
|-damage|p2b: Politoed|25/100
|
|-weather|Sandstorm|[upkeep]
|-damage|p1b: Volcarona|94/100|[from] Sandstorm
|-damage|p2b: Politoed|19/100|[from] Sandstorm
|-heal|p1b: Volcarona|100/100|[from] item: Leftovers
|-heal|p2b: Politoed|25/100|[from] item: Leftovers
|-start|p1b: Volcarona|perish3
|-start|p2b: Politoed|perish3
|-start|p1a: Tyranitar|perish3
|-start|p2a: Incineroar|perish3
|upkeep
|turn|3
|
|t:|1756522265
|switch|p2b: Gothitelle|Gothitelle, L50, F|100/100
|switch|p1a: Excadrill|Excadrill, L50, F, shiny|100/100
|move|p2a: Incineroar|Fake Out|p1b: Volcarona
|-damage|p1b: Volcarona|86/100
|cant|p1b: Volcarona|flinch
|
|-weather|Sandstorm|[upkeep]
|-damage|p1b: Volcarona|80/100|[from] Sandstorm
|-damage|p2b: Gothitelle|94/100|[from] Sandstorm
|-heal|p1b: Volcarona|86/100|[from] item: Leftovers
|-start|p1b: Volcarona|perish2
|-start|p2a: Incineroar|perish2
|upkeep
|turn|4
|
|t:|1756522295
|-terastallize|p1a: Excadrill|Ghost
|move|p1b: Volcarona|Protect|p1b: Volcarona
|-singleturn|p1b: Volcarona|Protect
|move|p2a: Incineroar|Protect|p2a: Incineroar
|-singleturn|p2a: Incineroar|Protect
|move|p2b: Gothitelle|Fake Out|p1b: Volcarona
|-activate|p1b: Volcarona|move: Protect
|move|p1a: Excadrill|Earthquake|p2a: Incineroar|[spread] p2b
|-activate|p1b: Volcarona|move: Protect
|-activate|p2a: Incineroar|move: Protect
|-damage|p2b: Gothitelle|55/100
|
|-weather|Sandstorm|[upkeep]
|-damage|p1b: Volcarona|80/100|[from] Sandstorm
|-damage|p2b: Gothitelle|49/100|[from] Sandstorm
|-enditem|p2b: Gothitelle|Sitrus Berry|[eat]
|-heal|p2b: Gothitelle|73/100|[from] item: Sitrus Berry
|-heal|p1b: Volcarona|86/100|[from] item: Leftovers
|-start|p1b: Volcarona|perish1
|-start|p2a: Incineroar|perish1
|upkeep
|turn|5
|
|t:|1756522340
|switch|p2a: Kingdra|Kingdra, L50, M, shiny, tera:Stellar|91/100
|move|p2b: Gothitelle|Protect|p2b: Gothitelle
|-singleturn|p2b: Gothitelle|Protect
|move|p1a: Excadrill|High Horsepower|p2a: Kingdra
|-damage|p2a: Kingdra|31/100
|move|p1b: Volcarona|Fiery Dance|p2b: Gothitelle
|-activate|p2b: Gothitelle|move: Protect
|
|-weather|Sandstorm|[upkeep]
|-damage|p1b: Volcarona|80/100|[from] Sandstorm
|-damage|p2a: Kingdra|25/100|[from] Sandstorm
|-damage|p2b: Gothitelle|67/100|[from] Sandstorm
|-heal|p1b: Volcarona|86/100|[from] item: Leftovers
|-start|p1b: Volcarona|perish0
|faint|p1b: Volcarona
|upkeep
|
|t:|1756522350
|switch|p1b: Tyranitar|Tyranitar, L50, F|100/100
|turn|6
|
|t:|1756522370
|switch|p2a: Politoed|Politoed, L50, F|25/100
|-weather|RainDance|[from] ability: Drizzle|[of] p2a: Politoed
|switch|p2b: Incineroar|Incineroar, L50, F|59/100
|-ability|p2b: Incineroar|Intimidate|boost
|-fail|p1a: Excadrill|unboost|[from] item: Clear Amulet|[of] p1a: Excadrill
|-unboost|p1b: Tyranitar|atk|1
|move|p1a: Excadrill|High Horsepower|p2a: Politoed
|-damage|p2a: Politoed|0 fnt
|faint|p2a: Politoed
|move|p1b: Tyranitar|Knock Off|p2b: Incineroar
|-resisted|p2b: Incineroar
|-crit|p2b: Incineroar
|-damage|p2b: Incineroar|21/100
|-enditem|p2b: Incineroar|Safety Goggles|[from] move: Knock Off|[of] p1b: Tyranitar
|
|-weather|RainDance|[upkeep]
|upkeep
|
|t:|1756522385
|switch|p2a: Kingdra|Kingdra, L50, M, shiny, tera:Stellar|25/100
|turn|7
|
|t:|1756522443
|move|p2a: Kingdra|Weather Ball|p1b: Tyranitar
|-supereffective|p1b: Tyranitar
|-damage|p1b: Tyranitar|0 fnt
|faint|p1b: Tyranitar
|-damage|p2a: Kingdra|15/100|[from] item: Life Orb
|move|p1a: Excadrill|High Horsepower|p2a: Kingdra
|-damage|p2a: Kingdra|0 fnt
|faint|p2a: Kingdra
|move|p2b: Incineroar|Parting Shot|p1a: Excadrill
|-fail|p1a: Excadrill|unboost|[from] item: Clear Amulet|[of] p1a: Excadrill
|
|-weather|RainDance|[upkeep]
|upkeep
|
|t:|1756522455
|switch|p2a: Gothitelle|Gothitelle, L50, F|67/100
|turn|8
|
|t:|1756522471
|move|p2b: Incineroar|Protect|p2b: Incineroar
|-singleturn|p2b: Incineroar|Protect
|move|p1a: Excadrill|Earthquake|p2b: Incineroar|[spread] p2a
|-activate|p2b: Incineroar|move: Protect
|-crit|p2a: Gothitelle
|-damage|p2a: Gothitelle|15/100
|move|p2a: Gothitelle|Trick Room|p2a: Gothitelle
|-fieldstart|move: Trick Room|[of] p2a: Gothitelle
|
|-weather|RainDance|[upkeep]
|upkeep
|turn|9
|
|t:|1756522487
|move|p1a: Excadrill|Protect|p1a: Excadrill
|-singleturn|p1a: Excadrill|Protect
|move|p2b: Incineroar|Knock Off|p1a: Excadrill
|-activate|p1a: Excadrill|move: Protect
|move|p2a: Gothitelle|Psychic|p1a: Excadrill
|-activate|p1a: Excadrill|move: Protect
|
|-weather|RainDance|[upkeep]
|upkeep
|turn|10
|
|t:|1756522498
|move|p2b: Incineroar|Knock Off|p1a: Excadrill
|-supereffective|p1a: Excadrill
|-damage|p1a: Excadrill|5/100
|-enditem|p1a: Excadrill|Clear Amulet|[from] move: Knock Off|[of] p2b: Incineroar
|move|p2a: Gothitelle|Psychic|p1a: Excadrill
|-damage|p1a: Excadrill|0 fnt
|faint|p1a: Excadrill
|
|win|BobbySamuel
||myshirtisdirty is ready for game 2.
||BobbySamuel is ready for game 2.
|uhtml|next|Next: Game 2 of 3
