|j|☆Mortipherus
|j|☆Harry Koekenpan
|html|MortipherusHarry Koekenpan    
|uhtml|bestof|Game 1 of a best-of-3
|t:|1757158479
|gametype|doubles
|player|p1|Mortipherus|biker-gen4|
|player|p2|Harry Koekenpan|265|
|gen|9
|tier|[Gen 9] VGC 2025 Reg H (Bo3)
|rule|Species Clause: Limit one of each Pokémon
|rule|Item Clause: Limit 1 of each item
|clearpoke
|poke|p1|Hydrapple, L50, M|
|poke|p1|Arcanine-Hisui, L50, M|
|poke|p1|Gholdengo, L50|
|poke|p1|Electabuzz, L50, M|
|poke|p1|Indeedee, L50, M|
|poke|p1|Sneasler, L50, M|
|poke|p2|Dondozo, L50, F|
|poke|p2|Tatsugiri, L50, F|
|poke|p2|Talonflame, L50, F|
|poke|p2|Ursaluna-Bloodmoon, L50, M|
|poke|p2|Sneasler, L50, F|
|poke|p2|Indeedee, L50, M|
|teampreview|4
|showteam|p1|Hydrapple||AssaultVest|Regenerator|FickleBeam,EnergyBall,EarthPower,BreakingSwipe|||M|||50|,,,,,Ground]Arcanine-Hisui||ClearAmulet|Intimidate|Protect,ExtremeSpeed,FlareBlitz,RockSlide|||M|||50|,,,,,Grass]Gholdengo||LifeOrb|GoodasGold|Protect,NastyPlot,MakeItRain,ShadowBall||||||50|,,,,,Water]Electabuzz||Eviolite|VitalSpirit|Protect,FollowMe,Taunt,Electroweb|||M|||50|,,,,,Dragon]Indeedee||FocusSash|PsychicSurge|Protect,TrickRoom,ExpandingForce,TeraBlast|||M|||50|,,,,,Ground]Sneasler||PsychicSeed|Unburden|Protect,ThroatChop,DireClaw,CloseCombat|||M|||50|,,,,,Dark
|showteam|p2|Dondozo||Leftovers|Unaware|WaveCrash,HeavySlam,OrderUp,Protect|||F|||50|,,,,,Steel]Tatsugiri||ChoiceScarf|Commander|MuddyWater,IcyWind,DragonPulse,DracoMeteor|||F|||50|,,,,,Stellar]Talonflame||CovertCloak|GaleWings|FlareBlitz,Tailwind,Taunt,DualWingbeat|||F|||50|,,,,,Grass]Ursaluna-Bloodmoon||LifeOrb|MindsEye|HyperVoice,BloodMoon,EarthPower,Protect|||M|||50|,,,,,Normal]Sneasler||PsychicSeed|Unburden|DireClaw,ThroatChop,CloseCombat,Protect|||F|||50|,,,,,Dark]Indeedee||FocusSash|PsychicSurge|ExpandingForce,TrickRoom,Imprison,HelpingHand|||M|||50|,,,,,Psychic
|c|☆Harry Koekenpan|glhf
|inactive|Battle timer is ON: inactive players will automatically lose when time's up. (requested by Harry Koekenpan)
|c|☆Mortipherus|thx u2
|
|t:|1757158512
|teamsize|p1|4
|teamsize|p2|4
|start
|switch|p1a: Caramel|Indeedee, L50, M|100/100
|switch|p1b: Hot Dog|Arcanine-Hisui, L50, M|100/100
|switch|p2a: Sneasler|Sneasler, L50, F|100/100
|switch|p2b: Indeedee|Indeedee, L50, M|100/100
|-fieldstart|move: Psychic Terrain|[from] ability: Psychic Surge|[of] p1a: Caramel
|-enditem|p2a: Sneasler|Psychic Seed
|-boost|p2a: Sneasler|spd|1|[from] item: Psychic Seed
|-ability|p1b: Hot Dog|Intimidate|boost
|-unboost|p2a: Sneasler|atk|1
|-unboost|p2b: Indeedee|atk|1
|turn|1
|inactive|Harry Koekenpan has 30 seconds left.
|inactive|Mortipherus has 30 seconds left.
|
|t:|1757158548
|move|p2a: Sneasler|Dire Claw|p1a: Caramel
|-damage|p1a: Caramel|39/100
|move|p1a: Caramel|Tera Blast|p2b: Indeedee
|-damage|p2b: Indeedee|53/100
|move|p2b: Indeedee|Expanding Force|p1a: Caramel|[spread] p1a,p1b
|-resisted|p1a: Caramel
|-damage|p1a: Caramel|5/100
|-damage|p1b: Hot Dog|44/100
|move|p1b: Hot Dog|Rock Slide|p2a: Sneasler|[spread] p2a,p2b
|-resisted|p2a: Sneasler
|-damage|p2a: Sneasler|77/100
|-damage|p2b: Indeedee|0 fnt
|faint|p2b: Indeedee
|
|upkeep
|
|t:|1757158561
|switch|p2b: Dondozo|Dondozo, L50, F|100/100
|turn|2
|
|t:|1757158587
|switch|p2a: Tatsugiri|Tatsugiri, L50, F|100/100
|-activate|p2a: Tatsugiri|ability: Commander|[of] p2b: Dondozo
|-boost|p2b: Dondozo|atk|2
|-boost|p2b: Dondozo|spa|2
|-boost|p2b: Dondozo|spe|2
|-boost|p2b: Dondozo|def|2
|-boost|p2b: Dondozo|spd|2
|switch|p1a: Apple Pie|Hydrapple, L50, M|100/100
|-terastallize|p2b: Dondozo|Steel
|move|p1b: Hot Dog|Protect|p1b: Hot Dog
|-singleturn|p1b: Hot Dog|Protect
|move|p2b: Dondozo|Wave Crash|p1b: Hot Dog
|-activate|p1b: Hot Dog|move: Protect
|
|upkeep
|turn|3
|inactive|Mortipherus has 30 seconds left.
|inactive|Harry Koekenpan has 30 seconds left.
|
|t:|1757158618
|-terastallize|p1b: Hot Dog|Grass
|move|p2b: Dondozo|Wave Crash|p1b: Hot Dog
|-resisted|p1b: Hot Dog
|-damage|p1b: Hot Dog|0 fnt
|faint|p1b: Hot Dog
|-damage|p2b: Dondozo|88/100|[from] Recoil
|move|p1a: Apple Pie|Breaking Swipe|p2b: Dondozo|[spread] p2b
|-miss|p1a: Apple Pie|p2a: Tatsugiri
|-resisted|p2b: Dondozo
|-damage|p2b: Dondozo|86/100
|-unboost|p2b: Dondozo|atk|1
|
|-heal|p2b: Dondozo|92/100|[from] item: Leftovers
|upkeep
|
|t:|1757158631
|switch|p1b: Stew|Sneasler, L50, M|100/100
|-enditem|p1b: Stew|Psychic Seed
|-boost|p1b: Stew|spd|1|[from] item: Psychic Seed
|turn|4
|
|t:|1757158647
|move|p1b: Stew|Protect|p1b: Stew
|-singleturn|p1b: Stew|Protect
|move|p2b: Dondozo|Heavy Slam|p1b: Stew
|-activate|p1b: Stew|move: Protect
|move|p1a: Apple Pie|Breaking Swipe|p2a: Tatsugiri|[spread] p2b
|-miss|p1a: Apple Pie|p2a: Tatsugiri
|-resisted|p2b: Dondozo
|-damage|p2b: Dondozo|90/100
|-unboost|p2b: Dondozo|atk|1
|
|-heal|p2b: Dondozo|96/100|[from] item: Leftovers
|upkeep
|turn|5
|
|t:|1757158663
|move|p1b: Stew|Close Combat|p2b: Dondozo
|-supereffective|p2b: Dondozo
|-damage|p2b: Dondozo|51/100
|-unboost|p1b: Stew|def|1
|-unboost|p1b: Stew|spd|1
|move|p2b: Dondozo|Order Up|p1b: Stew
|-damage|p1b: Stew|62/100
|-boost|p2b: Dondozo|atk|1
|move|p1a: Apple Pie|Earth Power|p2b: Dondozo
|-supereffective|p2b: Dondozo
|-damage|p2b: Dondozo|14/100
|
|-heal|p2b: Dondozo|20/100|[from] item: Leftovers
|-fieldend|move: Psychic Terrain
|upkeep
|turn|6
|
|t:|1757158679
|move|p1b: Stew|Protect|p1b: Stew
|-singleturn|p1b: Stew|Protect
|move|p2b: Dondozo|Protect|p2b: Dondozo
|-singleturn|p2b: Dondozo|Protect
|move|p1a: Apple Pie|Breaking Swipe|p2b: Dondozo|[spread] 
|-miss|p1a: Apple Pie|p2a: Tatsugiri
|-activate|p2b: Dondozo|move: Protect
|
|-heal|p2b: Dondozo|26/100|[from] item: Leftovers
|upkeep
|turn|7
|
|t:|1757158692
|move|p1b: Stew|Close Combat|p2b: Dondozo
|-supereffective|p2b: Dondozo
|-damage|p2b: Dondozo|0 fnt
|-unboost|p1b: Stew|def|1
|-unboost|p1b: Stew|spd|1
|faint|p2b: Dondozo
|move|p1a: Apple Pie|Fickle Beam|p2a: Tatsugiri
|-supereffective|p2a: Tatsugiri
|-damage|p2a: Tatsugiri|0 fnt
|faint|p2a: Tatsugiri
|
|upkeep
|
|t:|1757158700
|switch|p2b: Sneasler|Sneasler, L50, F|77/100
|turn|8
|
|t:|1757158706
|switch|p1b: Caramel|Indeedee, L50, M|5/100
|-fieldstart|move: Psychic Terrain|[from] ability: Psychic Surge|[of] p1b: Caramel
|move|p2b: Sneasler|Dire Claw|p1b: Caramel
|-damage|p1b: Caramel|0 fnt
|faint|p1b: Caramel
|move|p1a: Apple Pie|Earth Power|p2b: Sneasler
|-supereffective|p2b: Sneasler
|-damage|p2b: Sneasler|0 fnt
|faint|p2b: Sneasler
|
|win|Mortipherus
||Harry Koekenpan is ready for game 2.
|inactive|Mortipherus has 30 seconds to confirm battle start!
||Mortipherus is ready for game 2.
|uhtml|next|Next: Game 2 of 3
