|j|☆furnoz
|j|☆N0rin
|html|furnozN0rin    
|uhtml|bestof|Game 1 of a best-of-3
|t:|1757668578
|gametype|doubles
|player|p1|furnoz|102|1182
|player|p2|N0rin|psychic-gen4|1098
|gen|9
|tier|[Gen 9] VGC 2025 Reg H (Bo3)
|rated|
|rule|Species Clause: Limit one of each Pokémon
|rule|Item Clause: Limit 1 of each item
|clearpoke
|poke|p1|Espeon, L50, M|
|poke|p1|Indeedee-F, L50, F|
|poke|p1|Pelipper, L50, M|
|poke|p1|Basculegion, L50, M|
|poke|p1|Archaludon, L50, M|
|poke|p1|Gallade, L50, M|
|poke|p2|Garganacl, L50, M|
|poke|p2|Dondozo, L50, F|
|poke|p2|Sneasler, L50, F|
|poke|p2|Gholdengo, L50|
|poke|p2|Ninetales-Alola, L50, F|
|poke|p2|Incineroar, L50, F|
|teampreview|4
|showteam|p1|Espeon||TwistedSpoon|MagicBounce|ExpandingForce,Psychic,DazzlingGleam,Protect|||M|||50|,,,,,Psychic]Indeedee-F||PsychicSeed|PsychicSurge|FollowMe,DazzlingGleam,TrickRoom,HelpingHand|||F|||50|,,,,,Grass]Pelipper||FocusSash|Drizzle|WeatherBall,Hurricane,WideGuard,Tailwind|||M|||50|,,,,,Ghost]Basculegion||ChoiceScarf|Adaptability|WaveCrash,FlipTurn,LastRespects,TeraBlast|||M|||50|,,,,,Fighting]Archaludon||AssaultVest|Stamina|ElectroShot,BodyPress,FlashCannon,DracoMeteor|||M|||50|,,,,,Fairy]Gallade||ClearAmulet|Sharpness|SacredSword,PsychoCut,NightSlash,Protect|||M|||50|,,,,,Dark
|showteam|p2|Garganacl||MarangaBerry|PurifyingSalt|SaltCure,StealthRock,Protect,Recover|||M|||50|,,,,,Flying]Dondozo||Leftovers|Unaware|Liquidation,Yawn,Curse,Protect|||F|||50|,,,,,Poison]Sneasler||FocusSash|PoisonTouch|DireClaw,CloseCombat,Coaching,Protect|||F|||50|,,,,,Ghost]Gholdengo||ChoiceScarf|GoodasGold|MakeItRain,ShadowBall,Trick,PowerGem||||||50|,,,,,Steel]Ninetales-Alola||NeverMeltIce|SnowWarning|Blizzard,FreezeDry,Protect,AuroraVeil|||F|||50|,,,,,Ice]Incineroar||AssaultVest|Intimidate|FlareBlitz,KnockOff,FakeOut,DrainPunch|||F|||50|,,,,,Grass
|l|☆furnoz
|player|p1|
|j|☆furnoz
|player|p1|furnoz|102|
|
|t:|1757668647
|teamsize|p1|4
|teamsize|p2|4
|start
|switch|p1a: Basculegion|Basculegion, L50, M|100/100
|switch|p1b: Archaludon|Archaludon, L50, M|100/100
|switch|p2a: Dondozo|Dondozo, L50, F|100/100
|switch|p2b: Gholdengo|Gholdengo, L50|100/100
|turn|1
|
|t:|1757668692
|switch|p2a: Garganacl|Garganacl, L50, M|100/100
|move|p2b: Gholdengo|Shadow Ball|p1a: Basculegion
|-supereffective|p1a: Basculegion
|-damage|p1a: Basculegion|5/100
|move|p1a: Basculegion|Flip Turn|p2a: Garganacl
|-supereffective|p2a: Garganacl
|-damage|p2a: Garganacl|39/100
|
|t:|1757668702
|switch|p1a: Pelipper|Pelipper, L50, M|100/100|[from] Flip Turn
|-weather|RainDance|[from] ability: Drizzle|[of] p1a: Pelipper
|move|p1b: Archaludon|Electro Shot||[still]
|-prepare|p1b: Archaludon|Electro Shot
|-boost|p1b: Archaludon|spa|1
|-anim|p1b: Archaludon|Electro Shot|p2a: Garganacl
|-damage|p2a: Garganacl|0 fnt
|faint|p2a: Garganacl
|
|-weather|RainDance|[upkeep]
|upkeep
|
|t:|1757668713
|switch|p2a: Ninetales|Ninetales-Alola, L50, F|100/100
|-weather|Snowscape|[from] ability: Snow Warning|[of] p2a: Ninetales
|turn|2
|
|t:|1757668733
|switch|p1b: Basculegion|Basculegion, L50, M|5/100
|move|p2b: Gholdengo|Shadow Ball|p1b: Basculegion
|-supereffective|p1b: Basculegion
|-damage|p1b: Basculegion|0 fnt
|faint|p1b: Basculegion
|move|p2a: Ninetales|Blizzard|p1a: Pelipper
|-damage|p1a: Pelipper|19/100
|move|p1a: Pelipper|Tailwind|p1a: Pelipper
|-sidestart|p1: furnoz|move: Tailwind
|
|-weather|Snowscape|[upkeep]
|upkeep
|
|t:|1757668740
|switch|p1b: Archaludon|Archaludon, L50, M|100/100
|turn|3
|
|t:|1757668766
|switch|p1a: Indeedee|Indeedee-F, L50, F|100/100
|-fieldstart|move: Psychic Terrain|[from] ability: Psychic Surge|[of] p1a: Indeedee
|-enditem|p1a: Indeedee|Psychic Seed
|-boost|p1a: Indeedee|spd|1|[from] item: Psychic Seed
|move|p2a: Ninetales|Protect|p2a: Ninetales
|-singleturn|p2a: Ninetales|Protect
|move|p1b: Archaludon|Flash Cannon|p2a: Ninetales
|-activate|p2a: Ninetales|move: Protect
|move|p2b: Gholdengo|Shadow Ball|p1b: Archaludon
|-damage|p1b: Archaludon|59/100
|-ability|p1b: Archaludon|Stamina|boost
|-boost|p1b: Archaludon|def|1
|
|-weather|Snowscape|[upkeep]
|upkeep
|turn|4
|
|t:|1757668803
|switch|p2b: Dondozo|Dondozo, L50, F|100/100
|switch|p1a: Pelipper|Pelipper, L50, M|19/100
|-weather|RainDance|[from] ability: Drizzle|[of] p1a: Pelipper
|move|p1b: Archaludon|Electro Shot||[still]
|-prepare|p1b: Archaludon|Electro Shot
|-boost|p1b: Archaludon|spa|1
|-anim|p1b: Archaludon|Electro Shot|p2b: Dondozo
|-supereffective|p2b: Dondozo
|-damage|p2b: Dondozo|37/100
|move|p2a: Ninetales|Blizzard|p1b: Archaludon|[spread] p1a,p1b
|-damage|p1a: Pelipper|0 fnt
|-damage|p1b: Archaludon|24/100
|-ability|p1b: Archaludon|Stamina|boost
|-boost|p1b: Archaludon|def|1
|faint|p1a: Pelipper
|
|-weather|RainDance|[upkeep]
|-heal|p2b: Dondozo|43/100|[from] item: Leftovers
|upkeep
|
|t:|1757668819
|switch|p1a: Indeedee|Indeedee-F, L50, F|100/100
|turn|5
|
|t:|1757668862
|move|p2a: Ninetales|Protect|p2a: Ninetales
|-singleturn|p2a: Ninetales|Protect
|move|p2b: Dondozo|Protect|p2b: Dondozo
|-singleturn|p2b: Dondozo|Protect
|move|p1b: Archaludon|Flash Cannon|p2a: Ninetales
|-activate|p2a: Ninetales|move: Protect
|move|p1a: Indeedee|Trick Room|p1a: Indeedee
|-fieldstart|move: Trick Room|[of] p1a: Indeedee
|
|-weather|RainDance|[upkeep]
|-heal|p2b: Dondozo|49/100|[from] item: Leftovers
|-sideend|p1: furnoz|move: Tailwind
|upkeep
|turn|6
|l|☆furnoz
|player|p1|
|inactive|Battle timer is ON: inactive players will automatically lose when time's up. (requested by N0rin)
|inactive|furnoz has 30 seconds to reconnect!
|inactive|furnoz has 20 seconds to reconnect!
|inactive|furnoz has 15 seconds to reconnect!
|inactive|furnoz has 10 seconds to reconnect!
|inactive|furnoz has 5 seconds to reconnect!
|j|☆furnoz
|inactive|furnoz reconnected and has 35 seconds left.
|player|p1|furnoz|102|
|inactive|furnoz has 30 seconds left.
|inactive|furnoz has 20 seconds left.
|inactive|furnoz has 15 seconds left.
|
|t:|1757669033
|switch|p2a: Gholdengo|Gholdengo, L50|100/100
|-terastallize|p2b: Dondozo|Poison
|move|p1a: Indeedee|Follow Me|p1a: Indeedee
|-singleturn|p1a: Indeedee|move: Follow Me
|move|p2b: Dondozo|Liquidation|p1a: Indeedee
|-damage|p1a: Indeedee|51/100
|move|p1b: Archaludon|Flash Cannon|p2a: Gholdengo
|-resisted|p2a: Gholdengo
|-damage|p2a: Gholdengo|64/100
|
|-weather|RainDance|[upkeep]
|-heal|p2b: Dondozo|55/100|[from] item: Leftovers
|upkeep
|turn|7
|inactive|N0rin has 30 seconds left.
|inactive|N0rin has 20 seconds left.
|inactive|N0rin has 15 seconds left.
|inactive|N0rin has 10 seconds left.
|
|t:|1757669081
|move|p1a: Indeedee|Helping Hand|p1b: Archaludon
|-singleturn|p1b: Archaludon|Helping Hand|[of] p1a: Indeedee
|move|p2b: Dondozo|Liquidation|p1a: Indeedee
|-damage|p1a: Indeedee|0 fnt
|faint|p1a: Indeedee
|move|p1b: Archaludon|Flash Cannon|p2a: Gholdengo
|-resisted|p2a: Gholdengo
|-damage|p2a: Gholdengo|12/100
|-unboost|p2a: Gholdengo|spd|1
|move|p2a: Gholdengo|Make It Rain|p1b: Archaludon
|-resisted|p1b: Archaludon
|-damage|p1b: Archaludon|0 fnt
|-unboost|p2a: Gholdengo|spa|1
|faint|p1b: Archaludon
|
|win|N0rin
|inactive|furnoz has 30 seconds to confirm battle start!
|inactive|N0rin has 30 seconds to confirm battle start!
||N0rin is ready for game 2.
||furnoz is ready for game 2.
|uhtml|next|Next: Game 2 of 3
|l|☆furnoz
|player|p1|
