|j|☆minhdinnnn
|j|☆sr. sotomonte
|html|minhdinnnnsr. sotomonte    
|uhtml|bestof|Game 1 of a best-of-3
|t:|1785515388
|gametype|doubles
|player|p1|minhdinnnn|102|1000
|player|p2|sr. sotomonte|wattson|1128
|gen|9
|tier|[Gen 9 Champions] VGC 2026 Reg M-B (Bo3)
|rated|
|rule|Species Clause: Limit one of each Pokémon
|rule|Item Clause: Limit 1 of each item
|clearpoke
|poke|p1|Milotic, L50, F|
|poke|p1|Gallade, L50, M|
|poke|p1|Whimsicott, L50, F|
|poke|p1|Oranguru, L50, M|
|poke|p1|Talonflame, L50, M|
|poke|p1|Azumarill, L50, F|
|poke|p2|Tyranitar, L50, F|
|poke|p2|Excadrill, L50, M|
|poke|p2|Milotic, L50, M|
|poke|p2|Sinistcha, L50|
|poke|p2|Staraptor, L50, F|
|poke|p2|Gholdengo, L50|
|teampreview|4
|showteam|p1|Milotic||Leftovers|Competitive|LifeDew,MuddyWater,IceBeam,Protect|Bold||F|||50|]Gallade||Galladite|Steadfast|DrainPunch,Earthquake,PsychoCut,Protect|Jolly||M|||50|]Whimsicott||FocusSash|Prankster|DazzlingGleam,GigaDrain,Protect,Tailwind|Timid||F|||50|]Oranguru||MentalHerb|Telepathy|TrickRoom,Instruct,Psychic,Protect|Quiet||M|||50|]Talonflame||ChartiBerry|GaleWings|BraveBird,HeatWave,Tailwind,Protect|Serious||M|||50|]Azumarill||SitrusBerry|HugePower|BellyDrum,AquaJet,PlayRough,Protect|Jolly||F|||50|
|showteam|p2|Tyranitar||Tyranitarite|SandStream|KnockOff,RockSlide,HighHorsepower,Protect|Adamant||F|||50|]Excadrill||FocusSash|SandRush|Earthquake,IronHead,RockSlide,Protect|Adamant||M|||50|]Milotic||SitrusBerry|Competitive|Scald,IcyWind,Haze,Protect|Modest||M|||50|]Sinistcha||ColburBerry|Hospitality|MatchaGotcha,ShadowBall,Protect,RagePowder|Bold|||||50|]Staraptor||Staraptite|Intimidate|CloseCombat,BraveBird,Tailwind,Protect|Jolly||F|||50|]Gholdengo||LifeOrb|GoodasGold|MakeItRain,ShadowBall,NastyPlot,Protect|Modest|||||50|
|
|t:|1785515462
|teamsize|p1|4
|teamsize|p2|4
|start
|switch|p1a: Milotic|Milotic, L50, F|100/100
|switch|p1b: Azumarill|Azumarill, L50, F|100/100
|switch|p2a: Staraptor|Staraptor, L50, F|100/100
|switch|p2b: Gholdengo|Gholdengo, L50|100/100
|-ability|p2a: Staraptor|Intimidate|boost
|-unboost|p1a: Milotic|atk|1
|-ability|p1a: Milotic|Competitive|boost
|-boost|p1a: Milotic|spa|2
|-unboost|p1b: Azumarill|atk|1
|turn|1
|
|t:|1785515502
|switch|p2b: Milotic|Milotic, L50, M|100/100
|detailschange|p2a: Staraptor|Staraptor-Mega, L50, F
|-mega|p2a: Staraptor|Staraptor|Staraptite
|move|p2a: Staraptor|Close Combat|p1b: Azumarill
|-resisted|p1b: Azumarill|1
|-damage|p1b: Azumarill|65/100
|-boost|p2a: Staraptor|def|1
|-boost|p2a: Staraptor|spd|1
|move|p1b: Azumarill|Belly Drum|p1b: Azumarill
|-damage|p1b: Azumarill|15/100
|-setboost|p1b: Azumarill|atk|6|[from] move: Belly Drum
|-enditem|p1b: Azumarill|Sitrus Berry|[eat]
|-heal|p1b: Azumarill|40/100|[from] item: Sitrus Berry
|move|p1a: Milotic|Life Dew||[still]|[spread] p1a,p1b
|-fail|p1a: Milotic|heal
|-heal|p1b: Azumarill|65/100
|
|upkeep
|turn|2
|
|t:|1785515554
|switch|p1a: Whimsicott|Whimsicott, L50, F|100/100
|move|p1b: Azumarill|Protect|p1b: Azumarill
|-singleturn|p1b: Azumarill|Protect
|move|p2a: Staraptor|Tailwind|p2a: Staraptor
|-sidestart|p2: sr. sotomonte|move: Tailwind
|move|p2b: Milotic|Haze|p2b: Milotic
|-clearallboost
|
|upkeep
|turn|3
|
|t:|1785515579
|move|p1b: Azumarill|Aqua Jet|p2a: Staraptor
|-damage|p2a: Staraptor|71/100
|move|p2a: Staraptor|Close Combat|p1b: Azumarill
|-resisted|p1b: Azumarill|1
|-damage|p1b: Azumarill|35/100
|-boost|p2a: Staraptor|def|1
|-boost|p2a: Staraptor|spd|1
|move|p2b: Milotic|Icy Wind|p1a: Whimsicott|[spread] p1b
|-miss|p2b: Milotic|p1a: Whimsicott
|-resisted|p1b: Azumarill|1
|-damage|p1b: Azumarill|28/100
|-unboost|p1b: Azumarill|spe|1
|move|p1a: Whimsicott|Giga Drain|p2b: Milotic
|-supereffective|p2b: Milotic|1
|-damage|p2b: Milotic|57/100
|
|upkeep
|turn|4
|
|t:|1785515614
|move|p2a: Staraptor|Close Combat|p1b: Azumarill
|-resisted|p1b: Azumarill|1
|-damage|p1b: Azumarill|0 fnt
|-boost|p2a: Staraptor|def|1
|-boost|p2a: Staraptor|spd|1
|faint|p1b: Azumarill
|move|p2b: Milotic|Icy Wind|p1a: Whimsicott
|-supereffective|p1a: Whimsicott|1
|-crit|p1a: Whimsicott
|-damage|p1a: Whimsicott|37/100
|-unboost|p1a: Whimsicott|spe|1
|move|p1a: Whimsicott|Giga Drain|p2b: Milotic
|-supereffective|p2b: Milotic|1
|-damage|p2b: Milotic|15/100
|-heal|p1a: Whimsicott|64/100|[from] drain|[of] p2b: Milotic
|-enditem|p2b: Milotic|Sitrus Berry|[eat]
|-heal|p2b: Milotic|40/100|[from] item: Sitrus Berry
|
|upkeep
|
|t:|1785515633
|switch|p1b: Gallade|Gallade, L50, M|100/100
|turn|5
|
|t:|1785515654
|switch|p2b: Gholdengo|Gholdengo, L50|100/100
|detailschange|p1b: Gallade|Gallade-Mega, L50, M
|-mega|p1b: Gallade|Gallade|Galladite
|move|p1a: Whimsicott|Tailwind|p1a: Whimsicott
|-sidestart|p1: minhdinnnn|move: Tailwind
|move|p1b: Gallade|Psycho Cut|p2a: Staraptor
|-supereffective|p2a: Staraptor|1
|-damage|p2a: Staraptor|29/100
|move|p2a: Staraptor|Brave Bird|p1b: Gallade
|-supereffective|p1b: Gallade|1
|-damage|p1b: Gallade|0 fnt
|faint|p1b: Gallade
|-damage|p2a: Staraptor|0 fnt|[from] Recoil
|faint|p2a: Staraptor
|
|-sideend|p2: sr. sotomonte|move: Tailwind
|upkeep
|inactive|Battle timer is ON: inactive players will automatically lose when time's up. (requested by sr. sotomonte)
|
|t:|1785515672
|switch|p1b: Milotic|Milotic, L50, F|100/100
|switch|p2a: Milotic|Milotic, L50, M|40/100
|turn|6
|
|t:|1785515691
|move|p2b: Gholdengo|Protect|p2b: Gholdengo
|-singleturn|p2b: Gholdengo|Protect
|move|p2a: Milotic|Protect|p2a: Milotic
|-singleturn|p2a: Milotic|Protect
|move|p1a: Whimsicott|Giga Drain|p2a: Milotic
|-activate|p2a: Milotic|move: Protect
|move|p1b: Milotic|Muddy Water|p2b: Gholdengo|[spread] 
|-activate|p2a: Milotic|move: Protect
|-activate|p2b: Gholdengo|move: Protect
|
|upkeep
|turn|7
|
|t:|1785515709
|switch|p2b: Sinistcha|Sinistcha, L50|100/100
|-heal|p2a: Milotic|64/100|[from] ability: Hospitality|[of] p2b: Sinistcha
|move|p1a: Whimsicott|Giga Drain|p2a: Milotic
|-supereffective|p2a: Milotic|1
|-damage|p2a: Milotic|25/100
|-heal|p1a: Whimsicott|88/100|[from] drain|[of] p2a: Milotic
|move|p1b: Milotic|Muddy Water|p2a: Milotic|[spread] p2a,p2b
|-resisted|p2a: Milotic|1
|-resisted|p2b: Sinistcha|1
|-damage|p2a: Milotic|16/100
|-damage|p2b: Sinistcha|82/100
|-unboost|p2a: Milotic|accuracy|1
|-ability|p2a: Milotic|Competitive|boost
|-boost|p2a: Milotic|spa|2
|move|p2a: Milotic|Scald|p1a: Whimsicott
|-resisted|p1a: Whimsicott|1
|-damage|p1a: Whimsicott|49/100
|
|upkeep
|turn|8
|inactive|minhdinnnn has 30 seconds left.
|inactive|sr. sotomonte has 30 seconds left.
|
|t:|1785515740
|move|p2a: Milotic|Protect|p2a: Milotic
|-singleturn|p2a: Milotic|Protect
|move|p1a: Whimsicott|Dazzling Gleam|p2a: Milotic|[spread] p2b
|-activate|p2a: Milotic|move: Protect
|-damage|p2b: Sinistcha|58/100
|move|p1b: Milotic|Ice Beam|p2b: Sinistcha
|-supereffective|p2b: Sinistcha|1
|-damage|p2b: Sinistcha|0 fnt
|faint|p2b: Sinistcha
|
|-sideend|p1: minhdinnnn|move: Tailwind
|upkeep
|
|t:|1785515750
|switch|p2b: Gholdengo|Gholdengo, L50|100/100
|turn|9
|
|t:|1785515771
|move|p1a: Whimsicott|Tailwind|p1a: Whimsicott
|-sidestart|p1: minhdinnnn|move: Tailwind
|move|p1b: Milotic|Muddy Water|p2a: Milotic|[spread] p2a
|-miss|p1b: Milotic|p2b: Gholdengo
|-resisted|p2a: Milotic|1
|-damage|p2a: Milotic|6/100
|move|p2b: Gholdengo|Nasty Plot|p2b: Gholdengo
|-boost|p2b: Gholdengo|spa|2
|move|p2a: Milotic|Scald|p1b: Milotic
|-resisted|p1b: Milotic|1
|-damage|p1b: Milotic|76/100
|
|-heal|p1b: Milotic|82/100|[from] item: Leftovers
|upkeep
|turn|10
|
|t:|1785515792
|move|p1b: Milotic|Protect|p1b: Milotic
|-singleturn|p1b: Milotic|Protect
|move|p2a: Milotic|Protect|p2a: Milotic
|-singleturn|p2a: Milotic|Protect
|move|p1a: Whimsicott|Dazzling Gleam|p2a: Milotic|[spread] p2b
|-activate|p2a: Milotic|move: Protect
|-resisted|p2b: Gholdengo|1
|-damage|p2b: Gholdengo|88/100
|move|p2b: Gholdengo|Shadow Ball|p1b: Milotic
|-activate|p1b: Milotic|move: Protect
|
|-heal|p1b: Milotic|88/100|[from] item: Leftovers
|upkeep
|turn|11
|
|t:|1785515817
|move|p1a: Whimsicott|Dazzling Gleam|p2b: Gholdengo|[spread] p2a,p2b
|-resisted|p2b: Gholdengo|1
|-damage|p2a: Milotic|0 fnt
|-damage|p2b: Gholdengo|78/100
|faint|p2a: Milotic
|move|p1b: Milotic|Life Dew|p1b: Milotic|[spread] p1a,p1b
|-heal|p1a: Whimsicott|74/100
|-heal|p1b: Milotic|100/100
|move|p2b: Gholdengo|Make It Rain|p1a: Whimsicott|[spread] p1a,p1b
|-supereffective|p1a: Whimsicott|1
|-resisted|p1b: Milotic|1
|-damage|p1a: Whimsicott|0 fnt
|-damage|p1b: Milotic|58/100
|-unboost|p2b: Gholdengo|spa|2
|faint|p1a: Whimsicott
|-damage|p2b: Gholdengo|68/100|[from] item: Life Orb
|
|-heal|p1b: Milotic|64/100|[from] item: Leftovers
|upkeep
|turn|12
|
|t:|1785515841
|move|p1b: Milotic|Protect|p1b: Milotic
|-singleturn|p1b: Milotic|Protect
|move|p2b: Gholdengo|Nasty Plot|p2b: Gholdengo
|-boost|p2b: Gholdengo|spa|2
|
|-heal|p1b: Milotic|70/100|[from] item: Leftovers
|-sideend|p1: minhdinnnn|move: Tailwind
|upkeep
|turn|13
|
|t:|1785515854
|move|p2b: Gholdengo|Shadow Ball|p1b: Milotic
|-damage|p1b: Milotic|1/100
|-damage|p2b: Gholdengo|58/100|[from] item: Life Orb
|move|p1b: Milotic|Muddy Water|p2b: Gholdengo
|-damage|p2b: Gholdengo|23/100
|
|-heal|p1b: Milotic|6/100|[from] item: Leftovers
|upkeep
|turn|14
|
|t:|1785515866
|move|p1b: Milotic|Protect|p1b: Milotic
|-singleturn|p1b: Milotic|Protect
|move|p2b: Gholdengo|Shadow Ball|p1b: Milotic
|-activate|p1b: Milotic|move: Protect
|
|-heal|p1b: Milotic|12/100|[from] item: Leftovers
|upkeep
|turn|15
|
|t:|1785515881
|move|p2b: Gholdengo|Shadow Ball|p1b: Milotic
|-damage|p1b: Milotic|0 fnt
|faint|p1b: Milotic
|-damage|p2b: Gholdengo|13/100|[from] item: Life Orb
|
|win|sr. sotomonte
||sr. sotomonte is ready for game 2.
|inactive|minhdinnnn has 30 seconds to confirm battle start!
|inactive|minhdinnnn has 20 seconds to confirm battle start!
|j| tedidn
