|j|☆legndrygoatedXD69
|j|☆Lorido
|html|legndrygoatedXD69Lorido    
|uhtml|bestof|Game 2 of a best-of-3
|t:|1784788288
|gametype|doubles
|player|p1|legndrygoatedXD69|265|1092
|player|p2|Lorido|265|1198
|gen|9
|tier|[Gen 9 Champions] VGC 2026 Reg M-B (Bo3)
|rated|
|rule|Species Clause: Limit one of each Pokémon
|rule|Item Clause: Limit 1 of each item
|clearpoke
|poke|p1|Charizard, L50, F|
|poke|p1|Whimsicott, L50, M|
|poke|p1|Ceruledge, L50, F|
|poke|p1|Milotic, L50, F|
|poke|p1|Farigiraf, L50, M|
|poke|p1|Incineroar, L50, M|
|poke|p2|Aerodactyl, L50, F|
|poke|p2|Kingambit, L50, F|
|poke|p2|Sylveon, L50, F|
|poke|p2|Charizard, L50, F|
|poke|p2|Garchomp, L50, F|
|poke|p2|Farigiraf, L50, M|
|teampreview|4
|showteam|p1|Charizard||CharizarditeY|Blaze|WeatherBall,HeatWave,SolarBeam,Protect|Modest||F|||50|]Whimsicott||FocusSash|Prankster|Tailwind,Moonblast,Encore,Protect|Timid||M|||50|]Ceruledge||LifeOrb|FlashFire|BitterBlade,Poltergeist,CloseCombat,ShadowSneak|Adamant||F|||50|]Milotic||Leftovers|Competitive|Scald,IceBeam,Recover,Protect|Modest||F|||50|]Farigiraf||SitrusBerry|ArmorTail|Psychic,Thunderbolt,TrickRoom,Imprison|Modest||M|||50|]Incineroar||ExpertBelt|Intimidate|FakeOut,PartingShot,ThroatChop,CloseCombat|Adamant||M|||50|
|showteam|p2|Aerodactyl||Aerodactylite|Unnerve|RockSlide,DualWingbeat,IceFang,Tailwind|Jolly||F|||50|]Kingambit||BlackGlasses|Defiant|KowtowCleave,IronHead,SuckerPunch,LowKick|Jolly||F|||50|]Sylveon||FairyFeather|Pixilate|HyperVoice,QuickAttack,HyperBeam,Detect|Modest||F|||50|]Charizard||CharizarditeY|Blaze|HeatWave,WeatherBall,SolarBeam,Protect|Modest||F|||50|]Garchomp||LifeOrb|RoughSkin|DragonClaw,Earthquake,RockSlide,Protect|Jolly||F|||50|]Farigiraf||SitrusBerry|ArmorTail|TwinBeam,Thunderbolt,TrickRoom,HelpingHand|Relaxed||M|||50|
|inactive|Battle timer is ON: inactive players will automatically lose when time's up. (requested by Lorido)
|inactive|legndrygoatedXD69 has 60 seconds left.
|inactive|Lorido has 60 seconds left.
|
|t:|1784788335
|teamsize|p1|4
|teamsize|p2|4
|start
|switch|p1a: Whimsicott|Whimsicott, L50, M|100/100
|switch|p1b: Charizard|Charizard, L50, F|100/100
|switch|p2a: Aerodactyl|Aerodactyl, L50, F|100/100
|switch|p2b: Garchomp|Garchomp, L50, F|100/100
|-ability|p2a: Aerodactyl|Unnerve
|turn|1
|inactive|legndrygoatedXD69 has 30 seconds left.
|inactive|legndrygoatedXD69 has 20 seconds left.
|inactive|legndrygoatedXD69 has 15 seconds left.
|inactive|legndrygoatedXD69 has 10 seconds left.
|inactive|legndrygoatedXD69 has 5 seconds left.
|
|t:|1784788390
|switch|p1b: Pluto|Incineroar, L50, M|100/100
|-ability|p1b: Pluto|Intimidate|boost
|-unboost|p2a: Aerodactyl|atk|1
|-unboost|p2b: Garchomp|atk|1
|move|p1a: Whimsicott|Tailwind|p1a: Whimsicott
|-sidestart|p1: legndrygoatedXD69|move: Tailwind
|move|p2a: Aerodactyl|Tailwind|p2a: Aerodactyl
|-sidestart|p2: Lorido|move: Tailwind
|move|p2b: Garchomp|Rock Slide|p1b: Pluto|[spread] p1a,p1b
|-supereffective|p1b: Pluto|1
|-damage|p1a: Whimsicott|77/100
|-damage|p1b: Pluto|71/100
|-damage|p2b: Garchomp|90/100|[from] item: Life Orb
|
|upkeep
|turn|2
|
|t:|1784788414
|switch|p2a: Sylveon|Sylveon, L50, F|100/100
|move|p1a: Whimsicott|Encore||[still]
|-fail|p1a: Whimsicott
|move|p2b: Garchomp|Dragon Claw|p1b: Pluto
|-damage|p1b: Pluto|38/100
|-damage|p2b: Garchomp|80/100|[from] item: Life Orb
|move|p1b: Pluto|Parting Shot|p2b: Garchomp
|-unboost|p2b: Garchomp|atk|1
|-unboost|p2b: Garchomp|spa|1
|
|t:|1784788427
|switch|p1b: Charizard|Charizard, L50, F|100/100|[from] Parting Shot
|
|upkeep
|turn|3
|
|t:|1784788440
|detailschange|p1b: Charizard|Charizard-Mega-Y, L50, F
|-mega|p1b: Charizard|Charizard|Charizardite Y
|-weather|SunnyDay|[from] ability: Drought|[of] p1b: Charizard
|move|p1a: Whimsicott|Moonblast|p2a: Sylveon
|-damage|p2a: Sylveon|72/100
|move|p2b: Garchomp|Rock Slide|p1b: Charizard|[spread] p1a,p1b
|-supereffective|p1b: Charizard|2
|-damage|p1a: Whimsicott|58/100
|-damage|p1b: Charizard|45/100
|-damage|p2b: Garchomp|70/100|[from] item: Life Orb
|cant|p1b: Charizard|flinch
|move|p2a: Sylveon|Hyper Beam|p1b: Charizard
|-resisted|p1b: Charizard|1
|-damage|p1b: Charizard|1/100
|-mustrecharge|p2a: Sylveon
|
|-weather|SunnyDay|[upkeep]
|upkeep
|turn|4
|inactive|legndrygoatedXD69 has 30 seconds left.
|
|t:|1784788467
|move|p1a: Whimsicott|Moonblast|p2b: Garchomp
|-supereffective|p2b: Garchomp|1
|-damage|p2b: Garchomp|0 fnt
|faint|p2b: Garchomp
|move|p1b: Charizard|Weather Ball|p2a: Sylveon
|-damage|p2a: Sylveon|3/100
|cant|p2a: Sylveon|recharge
|
|-weather|SunnyDay|[upkeep]
|-sideend|p1: legndrygoatedXD69|move: Tailwind
|-sideend|p2: Lorido|move: Tailwind
|upkeep
|
|t:|1784788479
|switch|p2b: Aerodactyl|Aerodactyl, L50, F|100/100
|-ability|p2b: Aerodactyl|Unnerve
|turn|5
|inactive|legndrygoatedXD69 has 30 seconds left.
|inactive|Lorido has 30 seconds left.
|inactive|legndrygoatedXD69 has 20 seconds left.
|inactive|Lorido has 20 seconds left.
|inactive|legndrygoatedXD69 has 15 seconds left.
|inactive|Lorido has 15 seconds left.
|inactive|legndrygoatedXD69 has 10 seconds left.
|inactive|Lorido has 10 seconds left.
|inactive|legndrygoatedXD69 has 5 seconds left.
|
|t:|1784788532
|switch|p1b: Pluto|Incineroar, L50, M|38/100
|-ability|p1b: Pluto|Intimidate|boost
|-unboost|p2a: Sylveon|atk|1
|-unboost|p2b: Aerodactyl|atk|1
|detailschange|p2b: Aerodactyl|Aerodactyl-Mega, L50, F
|-mega|p2b: Aerodactyl|Aerodactyl|Aerodactylite
|move|p1a: Whimsicott|Protect|p1a: Whimsicott
|-singleturn|p1a: Whimsicott|Protect
|move|p2a: Sylveon|Quick Attack|p1b: Pluto
|-damage|p1b: Pluto|30/100
|move|p2b: Aerodactyl|Rock Slide|p1a: Whimsicott|[spread] p1b
|-activate|p1a: Whimsicott|move: Protect
|-supereffective|p1b: Pluto|1
|-damage|p1b: Pluto|0 fnt
|faint|p1b: Pluto
|
|-weather|SunnyDay|[upkeep]
|upkeep
|
|t:|1784788551
|switch|p1b: Ceruledge|Ceruledge, L50, F|100/100
|turn|6
|
|t:|1784788561
|switch|p2a: Charizard|Charizard, L50, F|100/100
|move|p1a: Whimsicott|Tailwind|p1a: Whimsicott
|-sidestart|p1: legndrygoatedXD69|move: Tailwind
|move|p1b: Ceruledge|Poltergeist|p2b: Aerodactyl
|-activate|p2b: Aerodactyl|move: Poltergeist|Aerodactylite
|-damage|p2b: Aerodactyl|1/100
|-damage|p1b: Ceruledge|90/100|[from] item: Life Orb
|move|p2b: Aerodactyl|Rock Slide|p1b: Ceruledge|[spread] p1a,p1b
|-supereffective|p1b: Ceruledge|1
|-damage|p1a: Whimsicott|28/100
|-damage|p1b: Ceruledge|37/100
|
|-weather|SunnyDay|[upkeep]
|upkeep
|turn|7
|inactive|legndrygoatedXD69 has 30 seconds left.
|inactive|legndrygoatedXD69 has 20 seconds left.
|inactive|legndrygoatedXD69 has 15 seconds left.
|inactive|legndrygoatedXD69 has 10 seconds left.
|inactive|Lorido has 30 seconds left.
|inactive|legndrygoatedXD69 has 5 seconds left.
|
|t:|1784788615
|move|p1a: Whimsicott|Protect|p1a: Whimsicott
|-singleturn|p1a: Whimsicott|Protect
|move|p1b: Ceruledge|Bitter Blade|p2b: Aerodactyl
|-resisted|p2b: Aerodactyl|1
|-damage|p2b: Aerodactyl|0 fnt
|-heal|p1b: Ceruledge|38/100|[from] drain|[of] p2b: Aerodactyl
|faint|p2b: Aerodactyl
|-damage|p1b: Ceruledge|28/100|[from] item: Life Orb
|move|p2a: Charizard|Weather Ball|p1a: Whimsicott
|-activate|p1a: Whimsicott|move: Protect
|
|-weather|none
|upkeep
|
|t:|1784788621
|switch|p2b: Sylveon|Sylveon, L50, F|3/100
|turn|8
|
|t:|1784788627
|move|p2b: Sylveon|Detect|p2b: Sylveon
|-singleturn|p2b: Sylveon|Protect
|move|p1a: Whimsicott|Encore|p2a: Charizard
|-start|p2a: Charizard|Encore
|move|p1b: Ceruledge|Shadow Sneak|p2b: Sylveon
|-activate|p2b: Sylveon|move: Protect
|move|p2a: Charizard|Weather Ball|p1a: Whimsicott
|-damage|p1a: Whimsicott|3/100
|
|upkeep
|turn|9
|
|t:|1784788649
|move|p2b: Sylveon|Detect||[still]
|-fail|p2b: Sylveon
|move|p1b: Ceruledge|Shadow Sneak|p2b: Sylveon
|-damage|p2b: Sylveon|0 fnt
|faint|p2b: Sylveon
|-damage|p1b: Ceruledge|18/100|[from] item: Life Orb
|move|p1a: Whimsicott|Moonblast|p2a: Charizard
|-resisted|p2a: Charizard|1
|-damage|p2a: Charizard|80/100
|move|p2a: Charizard|Weather Ball|p1a: Whimsicott
|-damage|p1a: Whimsicott|0 fnt
|faint|p1a: Whimsicott
|
|-sideend|p1: legndrygoatedXD69|move: Tailwind
|upkeep
|
|t:|1784788652
|switch|p1a: Charizard|Charizard-Mega-Y, L50, F|1/100
|-weather|SunnyDay|[from] ability: Drought|[of] p1a: Charizard
|turn|10
|
|t:|1784788666
|move|p1b: Ceruledge|Bitter Blade|p2a: Charizard
|-resisted|p2a: Charizard|1
|-damage|p2a: Charizard|33/100
|-heal|p1b: Ceruledge|45/100|[from] drain|[of] p2a: Charizard
|-damage|p1b: Ceruledge|35/100|[from] item: Life Orb
|move|p1a: Charizard|Weather Ball|p2a: Charizard
|-resisted|p2a: Charizard|1
|-damage|p2a: Charizard|0 fnt
|faint|p2a: Charizard
|
|win|legndrygoatedXD69
|raw|legndrygoatedXD69's rating: 1092 → 1126(+34 for winning)
|raw|Lorido's rating: 1198 → 1166(-32 for losing)
