|j|☆raksbach
|j|☆W.HowardTaftVGC
|html|raksbachW.HowardTaftVGC    
|uhtml|bestof|Game 1 of a best-of-3
|t:|1785850215
|gametype|doubles
|player|p1|raksbach|doubleteam|1234
|player|p2|W.HowardTaftVGC|lusamine-nihilego|1308
|gen|9
|tier|[Gen 9 Champions] VGC 2026 Reg M-B (Bo3)
|rated|
|rule|Species Clause: Limit one of each Pokémon
|rule|Item Clause: Limit 1 of each item
|clearpoke
|poke|p1|Charizard, L50, F|
|poke|p1|Garchomp, L50, M|
|poke|p1|Incineroar, L50, F|
|poke|p1|Venusaur, L50, M|
|poke|p1|Toxapex, L50, F|
|poke|p1|Sylveon, L50, F|
|poke|p2|Tyranitar, L50, F|
|poke|p2|Milotic, L50, M|
|poke|p2|Staraptor, L50, M|
|poke|p2|Excadrill, L50, F, shiny|
|poke|p2|Gholdengo, L50, shiny|
|poke|p2|Sinistcha, L50|
|teampreview|4
|showteam|p1|Charizard||CharizarditeY|Blaze|WeatherBall,HeatWave,AncientPower,Protect|Modest||F|||50|]Garchomp||ChoiceScarf|RoughSkin|RockSlide,DragonClaw,Earthquake,StompingTantrum|Adamant||M|||50|]Incineroar||SitrusBerry|Intimidate|FlareBlitz,FakeOut,DarkestLariat,PartingShot|Impish||F|||50|]Venusaur||LifeOrb|Chlorophyll|SludgeBomb,LeafStorm,EarthPower,Protect|Modest||M|||50|]Toxapex||Leftovers|Regenerator|Infestation,Toxic,WideGuard,BanefulBunker|Bold||F|||50|]Sylveon||FairyFeather|Pixilate|HyperVoice,QuickAttack,Yawn,Detect|Modest||F|||50|
|showteam|p2|Tyranitar||Tyranitarite|SandStream|Protect,RockSlide,KnockOff,LowKick|Jolly||F|||50|]Milotic||SitrusBerry|Competitive|Protect,Scald,IceBeam,IcyWind|Calm||M|||50|]Staraptor||Staraptite|Intimidate|Protect,CloseCombat,BraveBird,Tailwind|Jolly||M|||50|]Excadrill||FocusSash|SandRush|Protect,HighHorsepower,IronHead,RockSlide|Adamant||F|||50|]Gholdengo||LifeOrb|GoodasGold|Protect,MakeItRain,ShadowBall,NastyPlot|Modest|||||50|]Sinistcha||OccaBerry|Hospitality|Protect,MatchaGotcha,ShadowBall,RagePowder|Bold|||||50|
|inactive|Battle timer is ON: inactive players will automatically lose when time's up. (requested by W.HowardTaftVGC)
|inactive|raksbach also wants the timer to be on.
|inactive|raksbach has 60 seconds left.
|inactive|W.HowardTaftVGC has 60 seconds left.
|
|t:|1785850265
|teamsize|p1|4
|teamsize|p2|4
|start
|switch|p1a: Charizard|Charizard, L50, F|100/100
|switch|p1b: Toxapex|Toxapex, L50, F|100/100
|switch|p2a: Callsign|Staraptor, L50, M|100/100
|switch|p2b: My Anaconda Don’t|Milotic, L50, M|100/100
|-ability|p2a: Callsign|Intimidate|boost
|-unboost|p1a: Charizard|atk|1
|-unboost|p1b: Toxapex|atk|1
|turn|1
|
|t:|1785850282
|detailschange|p1a: Charizard|Charizard-Mega-Y, L50, F
|-mega|p1a: Charizard|Charizard|Charizardite Y
|-weather|SunnyDay|[from] ability: Drought|[of] p1a: Charizard
|move|p1a: Charizard|Protect|p1a: Charizard
|-singleturn|p1a: Charizard|Protect
|move|p2a: Callsign|Tailwind|p2a: Callsign
|-sidestart|p2: W.HowardTaftVGC|move: Tailwind
|move|p2b: My Anaconda Don’t|Scald|p1a: Charizard
|-activate|p1a: Charizard|move: Protect
|move|p1b: Toxapex|Infestation|p2b: My Anaconda Don’t
|-damage|p2b: My Anaconda Don’t|98/100
|-activate|p2b: My Anaconda Don’t|move: Infestation|[of] p1b: Toxapex
|
|-weather|SunnyDay|[upkeep]
|-damage|p2b: My Anaconda Don’t|85/100|[from] move: Infestation|[partiallytrapped]
|upkeep
|turn|2
|inactive|raksbach has 30 seconds left.
|inactive|W.HowardTaftVGC has 30 seconds left.
|
|t:|1785850309
|switch|p1a: Incineroar|Incineroar, L50, F|100/100
|-ability|p1a: Incineroar|Intimidate|boost
|-unboost|p2a: Callsign|atk|1
|-unboost|p2b: My Anaconda Don’t|atk|1
|-ability|p2b: My Anaconda Don’t|Competitive|boost
|-boost|p2b: My Anaconda Don’t|spa|2
|move|p2a: Callsign|Brave Bird|p1b: Toxapex
|-damage|p1b: Toxapex|77/100
|-damage|p2a: Callsign|93/100|[from] Recoil
|move|p2b: My Anaconda Don’t|Scald|p1a: Incineroar
|-supereffective|p1a: Incineroar|1
|-damage|p1a: Incineroar|42/100
|-enditem|p1a: Incineroar|Sitrus Berry|[eat]
|-heal|p1a: Incineroar|67/100|[from] item: Sitrus Berry
|move|p1b: Toxapex|Toxic|p2b: My Anaconda Don’t
|-status|p2b: My Anaconda Don’t|tox
|
|-weather|SunnyDay|[upkeep]
|-heal|p1b: Toxapex|82/100|[from] item: Leftovers
|-damage|p2b: My Anaconda Don’t|79/100 tox|[from] psn
|-damage|p2b: My Anaconda Don’t|67/100 tox|[from] move: Infestation|[partiallytrapped]
|upkeep
|turn|3
|inactive|raksbach has 30 seconds left.
|
|t:|1785850338
|move|p2b: My Anaconda Don’t|Protect|p2b: My Anaconda Don’t
|-singleturn|p2b: My Anaconda Don’t|Protect
|move|p1a: Incineroar|Fake Out|p2a: Callsign
|-damage|p2a: Callsign|81/100
|cant|p2a: Callsign|flinch
|move|p1b: Toxapex|Infestation|p2a: Callsign
|-resisted|p2a: Callsign|1
|-damage|p2a: Callsign|79/100
|-activate|p2a: Callsign|move: Infestation|[of] p1b: Toxapex
|
|-weather|SunnyDay|[upkeep]
|-heal|p1b: Toxapex|88/100|[from] item: Leftovers
|-damage|p2b: My Anaconda Don’t|55/100 tox|[from] psn
|-damage|p2a: Callsign|67/100|[from] move: Infestation|[partiallytrapped]
|-damage|p2b: My Anaconda Don’t|43/100 tox|[from] move: Infestation|[partiallytrapped]
|upkeep
|-enditem|p2b: My Anaconda Don’t|Sitrus Berry|[eat]
|-heal|p2b: My Anaconda Don’t|67/100 tox|[from] item: Sitrus Berry
|turn|4
|
|t:|1785850357
|switch|p1a: Venusaur|Venusaur, L50, M|100/100
|move|p2a: Callsign|Close Combat|p1a: Venusaur
|-resisted|p1a: Venusaur|1
|-damage|p1a: Venusaur|86/100
|-unboost|p2a: Callsign|def|1
|-unboost|p2a: Callsign|spd|1
|move|p2b: My Anaconda Don’t|Scald|p1a: Venusaur
|-resisted|p1a: Venusaur|1
|-damage|p1a: Venusaur|69/100
|move|p1b: Toxapex|Toxic|p2a: Callsign
|-status|p2a: Callsign|tox
|
|-weather|SunnyDay|[upkeep]
|-heal|p1b: Toxapex|94/100|[from] item: Leftovers
|-damage|p2a: Callsign|61/100 tox|[from] psn
|-damage|p2b: My Anaconda Don’t|50/100y tox|[from] psn
|-damage|p2a: Callsign|49/100 tox|[from] move: Infestation|[partiallytrapped]
|-damage|p2b: My Anaconda Don’t|37/100 tox|[from] move: Infestation|[partiallytrapped]
|-sideend|p2: W.HowardTaftVGC|move: Tailwind
|upkeep
|turn|5
|
|t:|1785850377
|move|p1a: Venusaur|Protect|p1a: Venusaur
|-singleturn|p1a: Venusaur|Protect
|move|p1b: Toxapex|Baneful Bunker|p1b: Toxapex
|-singleturn|p1b: Toxapex|move: Protect
|move|p2a: Callsign|Tailwind|p2a: Callsign
|-sidestart|p2: W.HowardTaftVGC|move: Tailwind
|move|p2b: My Anaconda Don’t|Ice Beam|p1a: Venusaur
|-activate|p1a: Venusaur|move: Protect
|
|-weather|none
|-heal|p1b: Toxapex|100/100|[from] item: Leftovers
|-damage|p2a: Callsign|38/100 tox|[from] psn
|-damage|p2b: My Anaconda Don’t|13/100 tox|[from] psn
|-damage|p2a: Callsign|26/100 tox|[from] move: Infestation|[partiallytrapped]
|-damage|p2b: My Anaconda Don’t|1/100 tox|[from] move: Infestation|[partiallytrapped]
|upkeep
|turn|6
|inactive|raksbach has 30 seconds left.
|inactive|raksbach has 20 seconds left.
|
|t:|1785850414
|switch|p1a: Incineroar|Incineroar, L50, F|67/100
|-ability|p1a: Incineroar|Intimidate|boost
|-unboost|p2a: Callsign|atk|1
|-unboost|p2b: My Anaconda Don’t|atk|1
|-ability|p2b: My Anaconda Don’t|Competitive|boost
|-boost|p2b: My Anaconda Don’t|spa|2
|move|p1b: Toxapex|Baneful Bunker||[still]
|-fail|p1b: Toxapex
|move|p2a: Callsign|Close Combat|p1a: Incineroar
|-supereffective|p1a: Incineroar|1
|-damage|p1a: Incineroar|42/100
|-unboost|p2a: Callsign|def|1
|-unboost|p2a: Callsign|spd|1
|move|p2b: My Anaconda Don’t|Ice Beam|p1a: Incineroar
|-resisted|p1a: Incineroar|1
|-damage|p1a: Incineroar|14/100
|
|-damage|p2a: Callsign|8/100 tox|[from] psn
|-damage|p2b: My Anaconda Don’t|0 fnt|[from] psn
|faint|p2b: My Anaconda Don’t
|-damage|p2a: Callsign|0 fnt|[from] move: Infestation|[partiallytrapped]
|faint|p2a: Callsign
|upkeep
|
|t:|1785850433
|switch|p2a: Carver|Tyranitar, L50, F|100/100
|switch|p2b: Mountain|Excadrill, L50, F, shiny|100/100
|-weather|Sandstorm|[from] ability: Sand Stream|[of] p2a: Carver
|turn|7
|
|t:|1785850449
|move|p1a: Incineroar|Fake Out|p2b: Mountain
|-resisted|p2b: Mountain|1
|-damage|p2b: Mountain|92/100
|cant|p2b: Mountain|flinch
|move|p2a: Carver|Rock Slide|p1b: Toxapex|[spread] p1a,p1b
|-supereffective|p1a: Incineroar|1
|-damage|p1a: Incineroar|0 fnt
|-damage|p1b: Toxapex|82/100
|faint|p1a: Incineroar
|move|p1b: Toxapex|Toxic|p2a: Carver
|-status|p2a: Carver|tox
|
|-weather|Sandstorm|[upkeep]
|-damage|p1b: Toxapex|76/100|[from] Sandstorm
|-heal|p1b: Toxapex|82/100|[from] item: Leftovers
|-damage|p2a: Carver|94/100 tox|[from] psn
|upkeep
|
|t:|1785850463
|switch|p1a: Charizard|Charizard-Mega-Y, L50, F|100/100
|-weather|SunnyDay|[from] ability: Drought|[of] p1a: Charizard
|turn|8
|
|t:|1785850475
|detailschange|p2a: Carver|Tyranitar-Mega, L50, F
|-mega|p2a: Carver|Tyranitar|Tyranitarite
|-weather|Sandstorm|[from] ability: Sand Stream|[of] p2a: Carver
|move|p1a: Charizard|Protect|p1a: Charizard
|-singleturn|p1a: Charizard|Protect
|move|p2b: Mountain|High Horsepower|p1b: Toxapex
|-supereffective|p1b: Toxapex|1
|-damage|p1b: Toxapex|4/100
|move|p2a: Carver|Rock Slide|p1a: Charizard|[spread] p1b
|-activate|p1a: Charizard|move: Protect
|-damage|p1b: Toxapex|0 fnt
|faint|p1b: Toxapex
|
|-weather|Sandstorm|[upkeep]
|-damage|p1a: Charizard|94/100|[from] Sandstorm
|-damage|p2a: Carver|82/100 tox|[from] psn
|-sideend|p2: W.HowardTaftVGC|move: Tailwind
|upkeep
|
|t:|1785850491
|switch|p1b: Venusaur|Venusaur, L50, M|69/100
|turn|9
|
|t:|1785850501
|move|p2b: Mountain|Rock Slide|p1b: Venusaur|[spread] p1a,p1b
|-supereffective|p1a: Charizard|2
|-damage|p1a: Charizard|9/100
|-damage|p1b: Venusaur|42/100
|move|p2a: Carver|Rock Slide|p1b: Venusaur|[spread] p1a,p1b
|-supereffective|p1a: Charizard|2
|-damage|p1a: Charizard|0 fnt
|-damage|p1b: Venusaur|1/100
|faint|p1a: Charizard
|move|p1b: Venusaur|Leaf Storm|p2a: Carver
|-supereffective|p2a: Carver|1
|-crit|p2a: Carver
|-damage|p2a: Carver|0 fnt
|-unboost|p1b: Venusaur|spa|2
|faint|p2a: Carver
|-damage|p1b: Venusaur|0 fnt|[from] item: Life Orb
|faint|p1b: Venusaur
|
|win|W.HowardTaftVGC
