|j|☆Tractie
|j|☆el_frolo
|html|Tractieel_frolo    
|uhtml|bestof|Game 2 of a best-of-3
|t:|1757184460
|gametype|doubles
|player|p1|Tractie|102|1195
|player|p2|el_frolo|266|1085
|gen|9
|tier|[Gen 9] VGC 2025 Reg H (Bo3)
|rated|
|rule|Species Clause: Limit one of each Pokémon
|rule|Item Clause: Limit 1 of each item
|clearpoke
|poke|p1|Gothitelle, L50, M|
|poke|p1|Dondozo, L50, M|
|poke|p1|Kingambit, L50, F|
|poke|p1|Sinistcha-Masterpiece, L50|
|poke|p1|Tauros-Paldea-Blaze, L50, M|
|poke|p1|Dragapult, L50, M|
|poke|p2|Gholdengo, L50|
|poke|p2|Incineroar, L50, F|
|poke|p2|Amoonguss, L50, F|
|poke|p2|Porygon2, L50|
|poke|p2|Ursaluna, L50, M|
|poke|p2|Dragonite, L50, M|
|teampreview|4
|showteam|p1|Gothitelle||SafetyGoggles|ShadowTag|FakeOut,Psychic,Taunt,Protect|||M|||50|,,,,,Water]Dondozo||Leftovers|Unaware|WaveCrash,BodyPress,Yawn,Protect|||M|||50|,,,,,Electric]Kingambit||BlackGlasses|Defiant|SuckerPunch,KowtowCleave,SwordsDance,Protect|||F|||50|,,,,,Dark]Sinistcha-Masterpiece||SitrusBerry|Hospitality|MatchaGotcha,LifeDew,RagePowder,TrickRoom||||||50|,,,,,Fairy]Tauros-Paldea-Blaze||ClearAmulet|Intimidate|FlareBlitz,RagingBull,CloseCombat,Protect|||M|||50|,,,,,Grass]Dragapult||LifeOrb|ClearBody|ShadowBall,DracoMeteor,TeraBlast,Protect|||M|||50|,,,,,Fairy
|showteam|p2|Gholdengo||LifeOrb|GoodasGold|MakeItRain,ShadowBall,NastyPlot,Protect||||||50|,,,,,Water]Incineroar||SafetyGoggles|Intimidate|KnockOff,FlareBlitz,FakeOut,PartingShot|||F|||50|,,,,,Ghost]Amoonguss||CovertCloak|Regenerator|RagePowder,PollenPuff,Protect,Spore|||F|||50|,,,,,Dark]Porygon2||Eviolite|Download|TeraBlast,IceBeam,TrickRoom,Recover||||||50|,,,,,Fighting]Ursaluna||FlameOrb|Guts|Facade,Earthquake,HeadlongRush,Protect|||M|||50|,,,,,Ghost]Dragonite||LoadedDice|Multiscale|ScaleShot,Tailwind,Protect,Haze|||M|||50|,,,,,Fairy
|inactive|Battle timer is ON: inactive players will automatically lose when time's up. (requested by Tractie)
|inactive|Tractie has 60 seconds left.
|l|☆el_frolo
|inactive|el_frolo disconnected and has a minute to reconnect!
|player|p2|
|inactive|Tractie has 30 seconds left.
|j|☆el_frolo
|inactive|el_frolo reconnected.
|player|p2|el_frolo|266|
|l|☆el_frolo
|inactive|el_frolo disconnected and has a minute to reconnect!
|player|p2|
|inactive|Tractie has 20 seconds left.
|j|☆el_frolo
|inactive|el_frolo reconnected.
|player|p2|el_frolo|266|
|
|t:|1757184538
|teamsize|p1|4
|teamsize|p2|4
|start
|switch|p1a: Gothitelle|Gothitelle, L50, M|100/100
|switch|p1b: Kingambit|Kingambit, L50, F|100/100
|switch|p2a: Incineroar|Incineroar, L50, F|100/100
|switch|p2b: Dragonite|Dragonite, L50, M|100/100
|-ability|p2a: Incineroar|Intimidate|boost
|-unboost|p1a: Gothitelle|atk|1
|-unboost|p1b: Kingambit|atk|1
|-ability|p1b: Kingambit|Defiant|boost
|-boost|p1b: Kingambit|atk|2
|turn|1
|inactive|Tractie has 30 seconds left.
|inactive|Tractie has 20 seconds left.
|inactive|el_frolo has 30 seconds left.
|
|t:|1757184578
|-terastallize|p1b: Kingambit|Dark
|move|p2a: Incineroar|Fake Out|p1b: Kingambit
|-damage|p1b: Kingambit|92/100
|move|p1a: Gothitelle|Fake Out|p2b: Dragonite
|-damage|p2b: Dragonite|99/100
|cant|p2b: Dragonite|flinch
|cant|p1b: Kingambit|flinch
|
|upkeep
|turn|2
|
|t:|1757184599
|move|p2b: Dragonite|Scale Shot|p1a: Gothitelle
|-damage|p1a: Gothitelle|89/100
|-damage|p1a: Gothitelle|76/100
|-damage|p1a: Gothitelle|65/100
|-damage|p1a: Gothitelle|53/100
|-hitcount|p1a: Gothitelle|4
|-unboost|p2b: Dragonite|def|1
|-boost|p2b: Dragonite|spe|1
|move|p2a: Incineroar|Knock Off|p1a: Gothitelle
|-supereffective|p1a: Gothitelle
|-damage|p1a: Gothitelle|0 fnt
|-enditem|p1a: Gothitelle|Safety Goggles|[from] move: Knock Off|[of] p2a: Incineroar
|faint|p1a: Gothitelle
|move|p1b: Kingambit|Kowtow Cleave|p2b: Dragonite
|-damage|p2b: Dragonite|0 fnt
|faint|p2b: Dragonite
|
|upkeep
|
|t:|1757184617
|switch|p2b: Porygon2|Porygon2, L50|100/100
|switch|p1a: Tauros|Tauros-Paldea-Blaze, L50, M|100/100
|-ability|p1a: Tauros|Intimidate|boost
|-unboost|p2a: Incineroar|atk|1
|-unboost|p2b: Porygon2|atk|1
|-ability|p2b: Porygon2|Download|boost
|-boost|p2b: Porygon2|spa|1
|turn|3
|inactive|Tractie has 30 seconds left.
|inactive|Tractie has 20 seconds left.
|inactive|Tractie has 15 seconds left.
|inactive|Tractie has 10 seconds left.
|
|t:|1757184667
|switch|p2a: Amoonguss|Amoonguss, L50, F|100/100
|-terastallize|p2b: Porygon2|Fighting
|move|p1b: Kingambit|Protect|p1b: Kingambit
|-singleturn|p1b: Kingambit|Protect
|move|p1a: Tauros|Flare Blitz|p2a: Amoonguss
|-supereffective|p2a: Amoonguss
|-damage|p2a: Amoonguss|6/100
|-damage|p1a: Tauros|55/100|[from] Recoil
|move|p2b: Porygon2|Tera Blast|p1b: Kingambit|[anim] Tera Blast Fighting
|-activate|p1b: Kingambit|move: Protect
|
|upkeep
|turn|4
|inactive|Tractie has 30 seconds left.
|
|t:|1757184702
|switch|p1b: Sinistcha|Sinistcha-Masterpiece, L50|100/100
|-heal|p1a: Tauros|80/100|[from] ability: Hospitality|[of] p1b: Sinistcha
|switch|p2a: Incineroar|Incineroar, L50, F|100/100
|-ability|p2a: Incineroar|Intimidate|boost
|-fail|p1a: Tauros|unboost|[from] item: Clear Amulet|[of] p1a: Tauros
|-unboost|p1b: Sinistcha|atk|1
|move|p1a: Tauros|Close Combat|p2a: Incineroar
|-supereffective|p2a: Incineroar
|-damage|p2a: Incineroar|0 fnt
|-unboost|p1a: Tauros|def|1
|-unboost|p1a: Tauros|spd|1
|faint|p2a: Incineroar
|move|p2b: Porygon2|Tera Blast|p1b: Sinistcha|[anim] Tera Blast Fighting
|-immune|p1b: Sinistcha
|
|upkeep
|
|t:|1757184713
|switch|p2a: Amoonguss|Amoonguss, L50, F|40/100
|turn|5
|inactive|Tractie has 30 seconds left.
|
|t:|1757184744
|move|p1a: Tauros|Protect|p1a: Tauros
|-singleturn|p1a: Tauros|Protect
|move|p1b: Sinistcha|Matcha Gotcha|p2b: Porygon2|[spread] p2a,p2b
|-resisted|p2a: Amoonguss
|-damage|p2a: Amoonguss|34/100
|-damage|p2b: Porygon2|83/100
|move|p2b: Porygon2|Ice Beam|p1b: Sinistcha
|-supereffective|p1b: Sinistcha
|-damage|p1b: Sinistcha|18/100
|-enditem|p1b: Sinistcha|Sitrus Berry|[eat]
|-heal|p1b: Sinistcha|43/100|[from] item: Sitrus Berry
|move|p2a: Amoonguss|Spore|p1a: Tauros
|-activate|p1a: Tauros|move: Protect
|
|upkeep
|turn|6
|inactive|Tractie has 30 seconds left.
|inactive|el_frolo has 30 seconds left.
|inactive|Tractie has 20 seconds left.
|inactive|Tractie has 15 seconds left.
|inactive|Tractie has 10 seconds left.
|inactive|Tractie has 5 seconds left.
|
|t:|1757184795
|move|p2a: Amoonguss|Protect|p2a: Amoonguss
|-singleturn|p2a: Amoonguss|Protect
|move|p1a: Tauros|Raging Bull|p2a: Amoonguss
|-activate|p2a: Amoonguss|move: Protect
|move|p1b: Sinistcha|Life Dew|p1b: Sinistcha|[spread] p1a,p1b
|-heal|p1a: Tauros|100/100
|-heal|p1b: Sinistcha|68/100
|move|p2b: Porygon2|Tera Blast|p1b: Sinistcha|[anim] Tera Blast Fighting
|-immune|p1b: Sinistcha
|
|upkeep
|turn|7
|
|t:|1757184819
|move|p2a: Amoonguss|Protect||[still]
|-fail|p2a: Amoonguss
|move|p1a: Tauros|Raging Bull|p2a: Amoonguss
|-supereffective|p2a: Amoonguss
|-damage|p2a: Amoonguss|0 fnt
|faint|p2a: Amoonguss
|move|p1b: Sinistcha|Life Dew||[still]|[spread] p1a,p1b
|-fail|p1a: Tauros|heal
|-heal|p1b: Sinistcha|94/100
|move|p2b: Porygon2|Trick Room|p2b: Porygon2
|-fieldstart|move: Trick Room|[of] p2b: Porygon2
|
|upkeep
|turn|8
|
|t:|1757184843
|switch|p1a: Kingambit|Kingambit, L50, F, tera:Dark|92/100
|move|p2b: Porygon2|Ice Beam|p1b: Sinistcha
|-supereffective|p1b: Sinistcha
|-damage|p1b: Sinistcha|5/100
|move|p1b: Sinistcha|Trick Room|p1b: Sinistcha
|-fieldend|move: Trick Room
|
|upkeep
|turn|9
|inactive|el_frolo has 30 seconds left.
|
|t:|1757184870
|move|p1b: Sinistcha|Rage Powder|p1b: Sinistcha
|-singleturn|p1b: Sinistcha|move: Rage Powder
|move|p2b: Porygon2|Ice Beam|p1b: Sinistcha
|-supereffective|p1b: Sinistcha
|-damage|p1b: Sinistcha|0 fnt
|faint|p1b: Sinistcha
|move|p1a: Kingambit|Swords Dance|p1a: Kingambit
|-boost|p1a: Kingambit|atk|2
|
|upkeep
|
|t:|1757184877
|switch|p1b: Tauros|Tauros-Paldea-Blaze, L50, M|100/100
|-ability|p1b: Tauros|Intimidate|boost
|-unboost|p2b: Porygon2|atk|1
|turn|10
|inactive|Tractie has 30 seconds left.
|
|t:|1757184904
|move|p1a: Kingambit|Protect|p1a: Kingambit
|-singleturn|p1a: Kingambit|Protect
|move|p1b: Tauros|Raging Bull|p2b: Porygon2
|-damage|p2b: Porygon2|58/100
|move|p2b: Porygon2|Tera Blast|p1a: Kingambit|[anim] Tera Blast Fighting
|-activate|p1a: Kingambit|move: Protect
|
|upkeep
|turn|11
|
|t:|1757184915
|move|p1a: Kingambit|Sucker Punch|p2b: Porygon2
|-resisted|p2b: Porygon2
|-damage|p2b: Porygon2|22/100
|move|p1b: Tauros|Close Combat|p2b: Porygon2
|-damage|p2b: Porygon2|0 fnt
|-unboost|p1b: Tauros|def|1
|-unboost|p1b: Tauros|spd|1
|faint|p2b: Porygon2
|
|win|Tractie
