|j|☆Lildrewq
|j|☆ronansting
|html|Lildrewqronansting    
|uhtml|bestof|Game 2 of a best-of-3
|t:|1754217392
|gametype|doubles
|player|p1|Lildrewq|102|1189
|player|p2|ronansting|baker|1271
|gen|9
|tier|[Gen 9] VGC 2025 Reg H (Bo3)
|rated|
|rule|Species Clause: Limit one of each Pokémon
|rule|Item Clause: Limit 1 of each item
|clearpoke
|poke|p1|Gholdengo, L50|
|poke|p1|Incineroar, L50, F|
|poke|p1|Amoonguss, L50, F|
|poke|p1|Excadrill, L50, F|
|poke|p1|Tyranitar, L50, M|
|poke|p1|Dragonite, L50, M|
|poke|p2|Archaludon, L50, F|
|poke|p2|Pelipper, L50, F|
|poke|p2|Indeedee, L50, M|
|poke|p2|Amoonguss, L50, F|
|poke|p2|Basculegion, L50, M|
|poke|p2|Hydreigon, L50, F|
|teampreview|4
|showteam|p1|Gholdengo||LifeOrb|GoodasGold|MakeItRain,ShadowBall,NastyPlot,Protect||||||50|,,,,,Water]Incineroar||SafetyGoggles|Intimidate|KnockOff,FlareBlitz,PartingShot,FakeOut|||F|||50|,,,,,Ghost]Amoonguss||CovertCloak|Regenerator|PollenPuff,Spore,RagePowder,Protect|||F|||50|,,,,,Psychic]Excadrill||FocusSash|SandRush|Earthquake,IronHead,HighHorsepower,Protect|||F|||50|,,,,,Ground]Tyranitar||AssaultVest|SandStream|RockSlide,KnockOff,LowKick,TeraBlast|||M|||50|,,,,,Flying]Dragonite||LoadedDice|Multiscale|ScaleShot,Tailwind,Haze,Protect|||M|||50|,,,,,Fairy
|showteam|p2|Archaludon||AssaultVest|Stamina|ElectroShot,DracoMeteor,BodyPress,FlashCannon|||F|||50|,,,,,Grass]Pelipper||FocusSash|Drizzle|WeatherBall,Hurricane,Tailwind,Protect|||F|||50|,,,,,Ghost]Indeedee||ChoiceScarf|PsychicSurge|ExpandingForce,TeraBlast,Trick,DazzlingGleam|||M|||50|,,,,,Ground]Amoonguss||SitrusBerry|Regenerator|Spore,SludgeBomb,Protect,RagePowder|||F|||50|,,,,,Water]Basculegion||ChoiceBand|SwiftSwim|FlipTurn,WaveCrash,LastRespects,AquaJet|||M|||50|,,,,,Poison]Hydreigon||CovertCloak|Levitate|Taunt,Snarl,DracoMeteor,EarthPower|||F|||50|,,,,,Ghost
|
|t:|1754217404
|teamsize|p1|4
|teamsize|p2|4
|start
|switch|p1a: Excadrill|Excadrill, L50, F|100/100
|switch|p1b: Dragonite|Dragonite, L50, M|100/100
|switch|p2a: Hydreigon|Hydreigon, L50, F|100/100
|switch|p2b: Empire|Basculegion, L50, M|100/100
|turn|1
|
|t:|1754217417
|switch|p1a: Amoonguss|Amoonguss, L50, F|100/100
|move|p2a: Hydreigon|Draco Meteor|p1b: Dragonite
|-supereffective|p1b: Dragonite
|-damage|p1b: Dragonite|30/100
|-unboost|p2a: Hydreigon|spa|2
|move|p1b: Dragonite|Scale Shot|p2a: Hydreigon
|-supereffective|p2a: Hydreigon
|-damage|p2a: Hydreigon|71/100
|-supereffective|p2a: Hydreigon
|-damage|p2a: Hydreigon|38/100
|-supereffective|p2a: Hydreigon
|-damage|p2a: Hydreigon|7/100
|-supereffective|p2a: Hydreigon
|-damage|p2a: Hydreigon|0 fnt
|faint|p2a: Hydreigon
|-hitcount|p2: Hydreigon|4
|-unboost|p1b: Dragonite|def|1
|-boost|p1b: Dragonite|spe|1
|move|p2b: Empire|Flip Turn|p1b: Dragonite
|-resisted|p1b: Dragonite
|-damage|p1b: Dragonite|0 fnt
|faint|p1b: Dragonite
|
|t:|1754217437
|switch|p2b: Arching|Archaludon, L50, F|100/100|[from] Flip Turn
|
|upkeep
|
|t:|1754217443
|switch|p2a: Empire|Basculegion, L50, M|100/100
|switch|p1b: Excadrill|Excadrill, L50, F|100/100
|turn|2
|
|t:|1754217453
|-terastallize|p2b: Arching|Grass
|move|p1b: Excadrill|Protect|p1b: Excadrill
|-singleturn|p1b: Excadrill|Protect
|move|p2a: Empire|Flip Turn|p1a: Amoonguss
|-resisted|p1a: Amoonguss
|-damage|p1a: Amoonguss|85/100
|
|t:|1754217459
|switch|p2a: Smellypper|Pelipper, L50, F|100/100|[from] Flip Turn
|-weather|RainDance|[from] ability: Drizzle|[of] p2a: Smellypper
|move|p2b: Arching|Flash Cannon|p1a: Amoonguss
|-damage|p1a: Amoonguss|52/100
|move|p1a: Amoonguss|Pollen Puff|p2b: Arching
|-supereffective|p2b: Arching
|-damage|p2b: Arching|77/100
|-ability|p2b: Arching|Stamina|boost
|-boost|p2b: Arching|def|1
|
|-weather|RainDance|[upkeep]
|upkeep
|turn|3
|
|t:|1754217472
|switch|p2a: Empire|Basculegion, L50, M|100/100
|move|p1b: Excadrill|Iron Head|p2b: Arching
|-damage|p2b: Arching|54/100
|-ability|p2b: Arching|Stamina|boost
|-boost|p2b: Arching|def|1
|move|p2b: Arching|Body Press|p1b: Excadrill
|-supereffective|p1b: Excadrill
|-enditem|p1b: Excadrill|Focus Sash
|-damage|p1b: Excadrill|1/100
|move|p1a: Amoonguss|Pollen Puff|p2b: Arching
|-supereffective|p2b: Arching
|-damage|p2b: Arching|31/100
|-ability|p2b: Arching|Stamina|boost
|-boost|p2b: Arching|def|1
|
|-weather|RainDance|[upkeep]
|upkeep
|turn|4
|
|t:|1754217492
|switch|p1b: Tyranitar|Tyranitar, L50, M|100/100
|-weather|Sandstorm|[from] ability: Sand Stream|[of] p1b: Tyranitar
|move|p2a: Empire|Last Respects|p1a: Amoonguss
|-damage|p1a: Amoonguss|0 fnt
|faint|p1a: Amoonguss
|move|p2b: Arching|Body Press|p1b: Tyranitar
|-supereffective|p1b: Tyranitar
|-damage|p1b: Tyranitar|0 fnt
|faint|p1b: Tyranitar
|
|-weather|Sandstorm|[upkeep]
|-damage|p2a: Empire|94/100|[from] Sandstorm
|-damage|p2b: Arching|25/100|[from] Sandstorm
|upkeep
|
|t:|1754217501
|switch|p1b: Excadrill|Excadrill, L50, F|1/100
|turn|5
|
|t:|1754217505
|switch|p2b: Smellypper|Pelipper, L50, F|100/100
|-weather|RainDance|[from] ability: Drizzle|[of] p2b: Smellypper
|move|p2a: Empire|Last Respects|p1b: Excadrill
|-damage|p1b: Excadrill|0 fnt
|faint|p1b: Excadrill
|
|win|ronansting
|raw|Lildrewq's rating: 1189 → 1170(-19 for losing)
|raw|ronansting's rating: 1271 → 1290(+19 for winning)
|c|☆ronansting|gg
