|j|☆aaronballs
|j|☆KyleTampy
|html|aaronballsKyleTampy    
|uhtml|bestof|Game 2 of a best-of-3
|t:|1785761250
|gametype|doubles
|player|p1|aaronballs|266|1049
|player|p2|KyleTampy|lucian|1059
|gen|9
|tier|[Gen 9 Champions] VGC 2026 Reg M-B (Bo3)
|rated|
|rule|Species Clause: Limit one of each Pokémon
|rule|Item Clause: Limit 1 of each item
|clearpoke
|poke|p1|Lopunny, L50, F|
|poke|p1|Talonflame, L50, F|
|poke|p1|Basculegion, L50, M|
|poke|p1|Gholdengo, L50|
|poke|p1|Raichu, L50, M|
|poke|p1|Whimsicott, L50, F|
|poke|p2|Staraptor, L50, M|
|poke|p2|Whimsicott, L50, M|
|poke|p2|Basculegion, L50, M|
|poke|p2|Dragalge, L50, M|
|poke|p2|Scizor, L50, M|
|poke|p2|Incineroar, L50, F|
|teampreview|4
|showteam|p1|Lopunny||Lopunnite|CuteCharm|FakeOut,CloseCombat,Protect,GigaImpact|Adamant||F|||50|]Talonflame||SharpBeak|GaleWings|BraveBird,Tailwind,Protect,FlareBlitz|Adamant||F|||50|]Basculegion||MysticWater|Adaptability|WaveCrash,LastRespects,AquaJet,Protect|Adamant||M|||50|]Gholdengo||LifeOrb|GoodasGold|NastyPlot,Protect,MakeItRain,ShadowBall|Modest|||||50|]Raichu||RaichuniteY|Static|ZapCannon,FocusBlast,FakeOut,Protect|Modest||M|||50|]Whimsicott||FocusSash|Prankster|Encore,Tailwind,Moonblast,Protect|Modest||F|||50|
|showteam|p2|Staraptor||Staraptite|Intimidate|BraveBird,CloseCombat,Uturn,Protect|Jolly||M|||50|]Whimsicott||FocusSash|Prankster|Charm,Tailwind,Moonblast,Encore|Timid||M|||50|]Basculegion||SitrusBerry|Adaptability|FlipTurn,WaveCrash,LastRespects,Protect|Adamant||M|||50|]Dragalge||Dragalgite|Adaptability|SludgeBomb,DragonPulse,FlipTurn,Protect|Relaxed||M|||50|]Scizor||LifeOrb|Technician|BulletPunch,CloseCombat,BugBite,Protect|Adamant||M|||50|]Incineroar||ShucaBerry|Intimidate|FakeOut,FlareBlitz,DarkestLariat,PartingShot|Careful||F|||50|
|inactive|Battle timer is ON: inactive players will automatically lose when time's up. (requested by aaronballs)
|
|t:|1785761284
|teamsize|p1|4
|teamsize|p2|4
|start
|switch|p1a: Lopunny|Lopunny, L50, F|100/100
|switch|p1b: Gholdengo|Gholdengo, L50|100/100
|switch|p2a: Staraptor|Staraptor, L50, M|100/100
|switch|p2b: Incineroar|Incineroar, L50, F|100/100
|-ability|p2a: Staraptor|Intimidate|boost
|-unboost|p1a: Lopunny|atk|1
|-unboost|p1b: Gholdengo|atk|1
|-ability|p2b: Incineroar|Intimidate|boost
|-unboost|p1a: Lopunny|atk|1
|-unboost|p1b: Gholdengo|atk|1
|turn|1
|inactive|aaronballs has 30 seconds left.
|inactive|KyleTampy has 30 seconds left.
|inactive|aaronballs has 20 seconds left.
|inactive|KyleTampy has 20 seconds left.
|inactive|aaronballs has 15 seconds left.
|inactive|KyleTampy has 15 seconds left.
|
|t:|1785761326
|move|p1a: Lopunny|Fake Out|p2b: Incineroar
|-damage|p2b: Incineroar|92/100
|move|p2a: Staraptor|U-turn|p1b: Gholdengo
|-resisted|p1b: Gholdengo|2
|-damage|p1b: Gholdengo|94/100
|
|t:|1785761330
|switch|p2a: Whimsicott|Whimsicott, L50, M|100/100|[from] U-turn
|move|p1b: Gholdengo|Nasty Plot|p1b: Gholdengo
|-boost|p1b: Gholdengo|spa|2
|cant|p2b: Incineroar|flinch
|
|upkeep
|turn|2
|
|t:|1785761352
|detailschange|p1a: Lopunny|Lopunny-Mega, L50, F
|-mega|p1a: Lopunny|Lopunny|Lopunnite
|move|p2a: Whimsicott|Encore|p1a: Lopunny
|-start|p1a: Lopunny|Encore
|move|p1a: Lopunny|Fake Out||[still]
|-hint|Fake Out only works on your first turn out.
|-fail|p1a: Lopunny
|move|p1b: Gholdengo|Shadow Ball|p2b: Incineroar
|-resisted|p2b: Incineroar|1
|-damage|p2b: Incineroar|40/100
|-damage|p1b: Gholdengo|84/100|[from] item: Life Orb
|move|p2b: Incineroar|Flare Blitz|p1b: Gholdengo
|-supereffective|p1b: Gholdengo|1
|-damage|p1b: Gholdengo|0 fnt
|faint|p1b: Gholdengo
|-damage|p2b: Incineroar|14/100|[from] Recoil
|
|upkeep
|
|t:|1785761367
|switch|p1b: Basculegion|Basculegion, L50, M|100/100
|turn|3
|
|t:|1785761377
|switch|p1a: Whimsicott|Whimsicott, L50, F|100/100
|switch|p2b: Staraptor|Staraptor, L50, M|100/100
|-ability|p2b: Staraptor|Intimidate|boost
|-unboost|p1a: Whimsicott|atk|1
|-unboost|p1b: Basculegion|atk|1
|move|p2a: Whimsicott|Charm|p1b: Basculegion
|-unboost|p1b: Basculegion|atk|2
|move|p1b: Basculegion|Aqua Jet|p2b: Staraptor
|-damage|p2b: Staraptor|80/100
|
|upkeep
|turn|4
|
|t:|1785761400
|move|p2a: Whimsicott|Moonblast|p1a: Whimsicott
|-damage|p1a: Whimsicott|46/100
|move|p1a: Whimsicott|Moonblast|p2b: Staraptor
|-damage|p2b: Staraptor|21/100
|move|p2b: Staraptor|U-turn|p1a: Whimsicott
|-damage|p1a: Whimsicott|15/100
|
|t:|1785761404
|switch|p2b: Incineroar|Incineroar, L50, F|14/100|[from] U-turn
|-ability|p2b: Incineroar|Intimidate|boost
|-unboost|p1a: Whimsicott|atk|1
|-unboost|p1b: Basculegion|atk|1
|move|p1b: Basculegion|Wave Crash|p2b: Incineroar
|-supereffective|p2b: Incineroar|1
|-damage|p2b: Incineroar|0 fnt
|faint|p2b: Incineroar
|-damage|p1b: Basculegion|95/100|[from] Recoil
|
|upkeep
|
|t:|1785761407
|switch|p2b: Dragalge|Dragalge, L50, M|100/100
|turn|5
|
|t:|1785761430
|switch|p1b: Lopunny|Lopunny-Mega, L50, F|100/100
|detailschange|p2b: Dragalge|Dragalge-Mega, L50, M
|-mega|p2b: Dragalge|Dragalge|Dragalgite
|move|p1a: Whimsicott|Tailwind|p1a: Whimsicott
|-sidestart|p1: aaronballs|move: Tailwind
|move|p2a: Whimsicott|Moonblast|p1b: Lopunny
|-supereffective|p1b: Lopunny|1
|-damage|p1b: Lopunny|27/100
|move|p2b: Dragalge|Sludge Bomb|p1a: Whimsicott
|-supereffective|p1a: Whimsicott|2
|-damage|p1a: Whimsicott|0 fnt
|faint|p1a: Whimsicott
|
|upkeep
|
|t:|1785761441
|switch|p1a: Basculegion|Basculegion, L50, M|95/100
|turn|6
|
|t:|1785761460
|switch|p2a: Staraptor|Staraptor, L50, M|21/100
|-ability|p2a: Staraptor|Intimidate|boost
|-unboost|p1a: Basculegion|atk|1
|-fail|p1b: Lopunny|unboost|Attack|[from] ability: Scrappy|[of] p1b: Lopunny
|move|p1b: Lopunny|Close Combat|p2a: Staraptor
|-damage|p2a: Staraptor|0 fnt
|-unboost|p1b: Lopunny|def|1
|-unboost|p1b: Lopunny|spd|1
|faint|p2a: Staraptor
|move|p1a: Basculegion|Last Respects|p2b: Dragalge
|-damage|p2b: Dragalge|46/100
|move|p2b: Dragalge|Sludge Bomb|p1b: Lopunny
|-damage|p1b: Lopunny|0 fnt
|faint|p1b: Lopunny
|
|upkeep
|
|t:|1785761462
|switch|p2a: Whimsicott|Whimsicott, L50, M|100/100
|turn|7
|
|t:|1785761476
|move|p2b: Dragalge|Protect|p2b: Dragalge
|-singleturn|p2b: Dragalge|Protect
|move|p2a: Whimsicott|Charm|p1a: Basculegion
|-unboost|p1a: Basculegion|atk|2
|move|p1a: Basculegion|Last Respects|p2b: Dragalge
|-activate|p2b: Dragalge|move: Protect
|
|upkeep
|turn|8
|l|☆aaronballs
|inactive|aaronballs disconnected and has a minute to reconnect!
|player|p1|
|
|t:|1785761485
|move|p2a: Whimsicott|Charm|p1a: Basculegion
|-unboost|p1a: Basculegion|atk|2
|move|p1a: Basculegion|Last Respects|p2b: Dragalge
|-damage|p2b: Dragalge|16/100
|move|p2b: Dragalge|Dragon Pulse|p1a: Basculegion
|-damage|p1a: Basculegion|51/100
|
|-sideend|p1: aaronballs|move: Tailwind
|upkeep
|turn|9
|inactive|aaronballs has 30 seconds left.
|inactive|aaronballs has 20 seconds left.
|inactive|aaronballs has 15 seconds left.
|inactive|aaronballs has 10 seconds left.
|inactive|aaronballs has 5 seconds left.
|-message|aaronballs lost due to inactivity.
|
|win|KyleTampy
|raw|aaronballs's rating: 1049 → 1032(-17 for losing)
|raw|KyleTampy's rating: 1059 → 1089(+30 for winning)
