|j|☆Adriatic Tides
|j|☆Cuquabu
|html|Adriatic TidesCuquabu    
|uhtml|bestof|Game 1 of a best-of-3
|t:|1784951303
|gametype|doubles
|player|p1|Adriatic Tides|leon|1241
|player|p2|Cuquabu|101|1232
|gen|9
|tier|[Gen 9 Champions] VGC 2026 Reg M-B (Bo3)
|rated|
|rule|Species Clause: Limit one of each Pokémon
|rule|Item Clause: Limit 1 of each item
|clearpoke
|poke|p1|Tyranitar, L50, M|
|poke|p1|Excadrill, L50, M|
|poke|p1|Delphox, L50, M|
|poke|p1|Sinistcha, L50|
|poke|p1|Rotom-Wash, L50|
|poke|p1|Incineroar, L50, M|
|poke|p2|Sneasler, L50, M|
|poke|p2|Blastoise, L50, M|
|poke|p2|Kingambit, L50, M|
|poke|p2|Incineroar, L50, M|
|poke|p2|Delphox, L50, F, shiny|
|poke|p2|Sinistcha, L50|
|teampreview|4
|showteam|p1|Tyranitar||Tyranitarite|SandStream|KnockOff,RockSlide,Protect,LowKick|Adamant||M|||50|]Excadrill||FocusSash|SandRush|Protect,Earthquake,IronHead,RockSlide|Adamant||M|||50|]Delphox||Delphoxite|Blaze|NastyPlot,HeatWave,Psyshock,Protect|Timid||M|||50|]Sinistcha||ColburBerry|Hospitality|TrickRoom,MatchaGotcha,Protect,RagePowder|Bold|||||50|]Rotom-Wash||Leftovers|Levitate|Electroweb,HydroPump,Protect,Thunderbolt|Modest|||||50|]Incineroar||SitrusBerry|Intimidate|FakeOut,FlareBlitz,PartingShot,ThroatChop|Careful||M|||50|
|showteam|p2|Sneasler||FocusSash|PoisonTouch|PoisonJab,CloseCombat,FakeOut,QuickGuard|Jolly||M|||50|]Blastoise||Blastoisinite|RainDish|DarkPulse,WaterSpout,ShellSmash,Protect|Modest||M|||50|]Kingambit||BlackGlasses|Defiant|KowtowCleave,SuckerPunch,SwordsDance,Protect|Adamant||M|||50|]Incineroar||SitrusBerry|Intimidate|FlareBlitz,HelpingHand,PartingShot,FakeOut|Careful||M|||50|]Delphox||Delphoxite|Blaze|HeatWave,NastyPlot,Psyshock,Protect|Modest||F|||50|]Sinistcha||KasibBerry|Hospitality|MatchaGotcha,RagePowder,TrickRoom,Protect|Bold|||||50|
|c|☆Adriatic Tides|gl hf!
|inactive|Battle timer is ON: inactive players will automatically lose when time's up. (requested by Cuquabu)
|
|t:|1784951338
|teamsize|p1|4
|teamsize|p2|4
|start
|switch|p1a: Sinistcha|Sinistcha, L50|100/100
|switch|p1b: Delphox|Delphox, L50, M|100/100
|switch|p2a: Blastoise|Blastoise, L50, M|100/100
|switch|p2b: Incineroar|Incineroar, L50, M|100/100
|-ability|p2b: Incineroar|Intimidate|boost
|-unboost|p1a: Sinistcha|atk|1
|-unboost|p1b: Delphox|atk|1
|turn|1
|
|t:|1784951349
|switch|p1b: Rotom|Rotom-Wash, L50|100/100
|detailschange|p2a: Blastoise|Blastoise-Mega, L50, M
|-mega|p2a: Blastoise|Blastoise|Blastoisinite
|move|p2b: Incineroar|Fake Out|p1b: Rotom
|-crit|p1b: Rotom
|-damage|p1b: Rotom|81/100
|move|p2a: Blastoise|Shell Smash|p2a: Blastoise
|-unboost|p2a: Blastoise|def|1
|-unboost|p2a: Blastoise|spd|1
|-boost|p2a: Blastoise|atk|2
|-boost|p2a: Blastoise|spa|2
|-boost|p2a: Blastoise|spe|2
|move|p1a: Sinistcha|Matcha Gotcha|p2b: Incineroar|[spread] p2a,p2b
|-supereffective|p2a: Blastoise|1
|-resisted|p2b: Incineroar|1
|-damage|p2a: Blastoise|25/100
|-damage|p2b: Incineroar|89/100
|-status|p2a: Blastoise|brn
|
|-heal|p1b: Rotom|87/100|[from] item: Leftovers
|-damage|p2a: Blastoise|19/100 brn|[from] brn
|upkeep
|turn|2
|inactive|Cuquabu has 30 seconds left.
|
|t:|1784951378
|switch|p2b: Sinistcha|Sinistcha, L50|100/100
|-heal|p2a: Blastoise|43/100 brn|[from] ability: Hospitality|[of] p2b: Sinistcha
|move|p2a: Blastoise|Protect|p2a: Blastoise
|-singleturn|p2a: Blastoise|Protect
|move|p1a: Sinistcha|Protect|p1a: Sinistcha
|-singleturn|p1a: Sinistcha|Protect
|move|p1b: Rotom|Electroweb|p2b: Sinistcha|[spread] p2b
|-activate|p2a: Blastoise|move: Protect
|-resisted|p2b: Sinistcha|1
|-damage|p2b: Sinistcha|91/100
|-unboost|p2b: Sinistcha|spe|1
|
|-heal|p1b: Rotom|92/100|[from] item: Leftovers
|-damage|p2a: Blastoise|38/100 brn|[from] brn
|upkeep
|turn|3
|
|t:|1784951394
|move|p2b: Sinistcha|Rage Powder|p2b: Sinistcha
|-singleturn|p2b: Sinistcha|move: Rage Powder
|move|p2a: Blastoise|Dark Pulse|p1a: Sinistcha
|-supereffective|p1a: Sinistcha|1
|-enditem|p1a: Sinistcha|Colbur Berry|[eat]
|-enditem|p1a: Sinistcha|Colbur Berry|[weaken]
|-damage|p1a: Sinistcha|5/100
|move|p1b: Rotom|Electroweb|p2a: Blastoise|[spread] p2a,p2b
|-supereffective|p2a: Blastoise|1
|-crit|p2a: Blastoise
|-resisted|p2b: Sinistcha|1
|-damage|p2a: Blastoise|0 fnt
|-damage|p2b: Sinistcha|83/100
|-unboost|p2b: Sinistcha|spe|1
|faint|p2a: Blastoise
|move|p1a: Sinistcha|Matcha Gotcha|p2b: Sinistcha
|-resisted|p2b: Sinistcha|1
|-crit|p2b: Sinistcha
|-damage|p2b: Sinistcha|62/100
|-heal|p1a: Sinistcha|15/100|[from] drain|[of] p2b: Sinistcha
|
|-heal|p1b: Rotom|98/100|[from] item: Leftovers
|upkeep
|
|t:|1784951404
|switch|p2a: Sneasler|Sneasler, L50, M|100/100
|turn|4
|
|t:|1784951422
|move|p1a: Sinistcha|Rage Powder|p1a: Sinistcha
|-singleturn|p1a: Sinistcha|move: Rage Powder
|move|p2a: Sneasler|Close Combat|p1a: Sinistcha
|-immune|p1a: Sinistcha
|move|p1b: Rotom|Thunderbolt|p2a: Sneasler
|-damage|p2a: Sneasler|47/100
|move|p2b: Sinistcha|Matcha Gotcha|p1b: Rotom|[spread] p1a
|-miss|p2b: Sinistcha|p1b: Rotom
|-resisted|p1a: Sinistcha|1
|-damage|p1a: Sinistcha|3/100
|-heal|p2b: Sinistcha|68/100|[from] drain|[of] p1a: Sinistcha
|
|-heal|p1b: Rotom|100/100|[from] item: Leftovers
|upkeep
|turn|5
|-message|Cuquabu forfeited.
|
|win|Adriatic Tides
||Cuquabu is ready for game 2.
||Adriatic Tides is ready for game 2.
|uhtml|next|Next: Game 2 of 3
|l|☆Cuquabu
|player|p2|
