|j|☆Chifi Dragon
|j|☆Joseanfox
|html|Chifi DragonJoseanfox    
|uhtml|bestof|Game 2 of a best-of-3
|t:|1783526447
|gametype|doubles
|player|p1|Chifi Dragon|170|1000
|player|p2|Joseanfox|dawn|1117
|gen|9
|tier|[Gen 9 Champions] VGC 2026 Reg M-B (Bo3)
|rated|
|rule|Species Clause: Limit one of each Pokémon
|rule|Item Clause: Limit 1 of each item
|clearpoke
|poke|p1|Garchomp, L50, M|
|poke|p1|Dragalge, L50, M|
|poke|p1|Dragapult, L50, M|
|poke|p1|Archaludon, L50, M|
|poke|p1|Pelipper, L50, M|
|poke|p1|Klefki, L50, F|
|poke|p2|Staraptor, L50, F|
|poke|p2|Sinistcha, L50|
|poke|p2|Archaludon, L50, M|
|poke|p2|Raichu, L50, F|
|poke|p2|Pelipper, L50, M|
|poke|p2|Grimmsnarl, L50, M|
|teampreview|4
|showteam|p1|Garchomp||RoseliBerry|RoughSkin|Earthquake,DragonClaw,Protect,RockSlide|Jolly||M|||50|]Dragalge||Dragalgite|Adaptability|DracoMeteor,Scald,SludgeWave,Protect|Bold||M|||50|]Dragapult||LifeOrb|Infiltrator|DragonDarts,PhantomForce,PsychicFangs,Protect|Jolly||M|||50|]Archaludon||Leftovers|Sturdy|DragonPulse,FlashCannon,ElectroShot,Protect|Timid||M|||50|]Pelipper||DampRock|Drizzle|Tailwind,WideGuard,WeatherBall,HelpingHand|Bold||M|||50|]Klefki||LightClay|Prankster|DazzlingGleam,LightScreen,RainDance,ThunderWave|Bold||F|||50|
|showteam|p2|Staraptor||Staraptite|Intimidate|CloseCombat,Roost,Protect,BraveBird|Adamant||F|||50|]Sinistcha||SitrusBerry|Hospitality|MatchaGotcha,ShadowBall,RagePowder,StrengthSap|Modest|||||50|]Archaludon||QuickClaw|Sturdy|AuraSphere,ElectroShot,FlashCannon,DracoMeteor|Timid||M|||50|]Raichu||RaichuniteX|LightningRod|FakeOut,BrickBreak,VoltTackle,RisingVoltage|Hasty||F|||50|]Pelipper||FocusSash|Drizzle|WeatherBall,WideGuard,Hurricane,Tailwind|Serious||M|||50|]Grimmsnarl||LightClay|Prankster|LightScreen,Reflect,PartingShot,SpiritBreak|Relaxed||M|||50|
|inactive|Battle timer is ON: inactive players will automatically lose when time's up. (requested by Chifi Dragon)
|
|t:|1783526511
|teamsize|p1|4
|teamsize|p2|4
|start
|switch|p1a: Dragalge|Dragalge, L50, M|100/100
|switch|p1b: Archaludon|Archaludon, L50, M|100/100
|switch|p2a: Persida|Raichu, L50, F|100/100
|switch|p2b: Salchipapa|Archaludon, L50, M|100/100
|turn|1
|inactive|Joseanfox has 30 seconds left.
|-activate|p2b: Salchipapa|item: Quick Claw
|
|t:|1783526541
|detailschange|p2a: Persida|Raichu-Mega-X, L50, F
|-mega|p2a: Persida|Raichu|Raichunite X
|-fieldstart|move: Electric Terrain|[from] ability: Electric Surge|[of] p2a: Persida
|detailschange|p1a: Dragalge|Dragalge-Mega, L50, M
|-mega|p1a: Dragalge|Dragalge|Dragalgite
|move|p2a: Persida|Fake Out|p1a: Dragalge
|-damage|p1a: Dragalge|89/100
|move|p2b: Salchipapa|Electro Shot||[still]
|-prepare|p2b: Salchipapa|Electro Shot
|-boost|p2b: Salchipapa|spa|1
|move|p1b: Archaludon|Dragon Pulse|p2b: Salchipapa
|-damage|p2b: Salchipapa|35/100
|cant|p1a: Dragalge|flinch
|
|upkeep
|turn|2
|inactive|Chifi Dragon has 30 seconds left.
|inactive|Joseanfox has 30 seconds left.
|
|t:|1783526570
|move|p2a: Persida|Rising Voltage|p1b: Archaludon
|-hint|Rising Voltage's BP doubled on grounded target.
|-resisted|p1b: Archaludon|1
|-damage|p1b: Archaludon|55/100
|move|p1b: Archaludon|Dragon Pulse|p2b: Salchipapa
|-damage|p2b: Salchipapa|0 fnt
|faint|p2b: Salchipapa
|move|p1a: Dragalge|Sludge Wave|p2a: Persida|[spread] p2a
|-immune|p1b: Archaludon
|-damage|p2a: Persida|55/100
|
|-heal|p1b: Archaludon|61/100|[from] item: Leftovers
|upkeep
|
|t:|1783526585
|switch|p2b: Mate|Sinistcha, L50|100/100
|-heal|p2a: Persida|80/100|[from] ability: Hospitality|[of] p2b: Mate
|turn|3
|
|t:|1783526601
|move|p2a: Persida|Brick Break|p1b: Archaludon
|-supereffective|p1b: Archaludon|1
|-damage|p1b: Archaludon|13/100
|move|p1b: Archaludon|Dragon Pulse|p2b: Mate
|-damage|p2b: Mate|60/100
|move|p2b: Mate|Shadow Ball|p1a: Dragalge
|-crit|p1a: Dragalge
|-damage|p1a: Dragalge|54/100
|move|p1a: Dragalge|Draco Meteor|p2a: Persida
|-damage|p2a: Persida|0 fnt
|-unboost|p1a: Dragalge|spa|2
|faint|p2a: Persida
|
|-heal|p1b: Archaludon|19/100|[from] item: Leftovers
|upkeep
|
|t:|1783526620
|switch|p2a: Star lord|Staraptor, L50, F|100/100
|-ability|p2a: Star lord|Intimidate|boost
|-unboost|p1a: Dragalge|atk|1
|-unboost|p1b: Archaludon|atk|1
|turn|4
|inactive|Chifi Dragon has 30 seconds left.
|
|t:|1783526646
|-heal|p1a: Dragalge|87/100|[from] ability: Regenerator|[silent]
|switch|p1a: Klefki|Klefki, L50, F|100/100
|move|p1b: Archaludon|Protect|p1b: Archaludon
|-singleturn|p1b: Archaludon|Protect
|move|p2a: Star lord|Brave Bird|p1a: Klefki
|-resisted|p1a: Klefki|1
|-damage|p1a: Klefki|75/100
|-damage|p2a: Star lord|91/100|[from] Recoil
|move|p2b: Mate|Shadow Ball|p1b: Archaludon
|-activate|p1b: Archaludon|move: Protect
|
|-heal|p1b: Archaludon|25/100|[from] item: Leftovers
|upkeep
|turn|5
|inactive|Chifi Dragon has 30 seconds left.
|inactive|Joseanfox has 30 seconds left.
|
|t:|1783526676
|move|p2a: Star lord|Protect|p2a: Star lord
|-singleturn|p2a: Star lord|Protect
|move|p1a: Klefki|Thunder Wave|p2a: Star lord
|-activate|p2a: Star lord|move: Protect
|move|p1b: Archaludon|Dragon Pulse|p2a: Star lord
|-activate|p2a: Star lord|move: Protect
|move|p2b: Mate|Shadow Ball|p1b: Archaludon
|-damage|p1b: Archaludon|0 fnt
|faint|p1b: Archaludon
|
|-fieldend|move: Electric Terrain
|upkeep
|
|t:|1783526696
|switch|p1b: Garchomp|Garchomp, L50, M|100/100
|turn|6
|
|t:|1783526711
|move|p1a: Klefki|Thunder Wave|p2a: Star lord
|-status|p2a: Star lord|par
|move|p1b: Garchomp|Dragon Claw|p2b: Mate
|-damage|p2b: Mate|21/100
|-enditem|p2b: Mate|Sitrus Berry|[eat]
|-heal|p2b: Mate|46/100|[from] item: Sitrus Berry
|move|p2b: Mate|Strength Sap|p1b: Garchomp
|-unboost|p1b: Garchomp|atk|1
|-heal|p2b: Mate|100/100
|move|p2a: Star lord|Brave Bird|p1a: Klefki
|-resisted|p1a: Klefki|1
|-damage|p1a: Klefki|48/100
|-damage|p2a: Star lord|82/100 par|[from] Recoil
|
|upkeep
|turn|7
|inactive|Chifi Dragon has 30 seconds left.
|
|t:|1783526741
|switch|p1b: Dragalge|Dragalge-Mega, L50, M|87/100
|move|p1a: Klefki|Dazzling Gleam|p2a: Star lord|[spread] p2a,p2b
|-damage|p2a: Star lord|56/100 par
|-damage|p2b: Mate|84/100
|move|p2b: Mate|Matcha Gotcha|p1a: Klefki|[spread] p1a,p1b
|-resisted|p1a: Klefki|1
|-resisted|p1b: Dragalge|2
|-damage|p1a: Klefki|32/100
|-heal|p2b: Mate|92/100|[from] drain|[of] p1a: Klefki
|-damage|p1b: Dragalge|82/100
|-heal|p2b: Mate|94/100|[from] drain|[of] p1b: Dragalge
|cant|p2a: Star lord|par
|
|upkeep
|turn|8
|
|t:|1783526765
|move|p1a: Klefki|Thunder Wave|p2b: Mate
|-status|p2b: Mate|par
|move|p2a: Star lord|Brave Bird|p1b: Dragalge
|-damage|p1b: Dragalge|36/100
|-damage|p2a: Star lord|40/100 par|[from] Recoil
|move|p1b: Dragalge|Sludge Wave|p2a: Star lord|[spread] p2a,p2b
|-immune|p1a: Klefki
|-crit|p2b: Mate
|-damage|p2a: Star lord|0 fnt
|-damage|p2b: Mate|55/100 par
|faint|p2a: Star lord
|move|p2b: Mate|Shadow Ball|p1b: Dragalge
|-damage|p1b: Dragalge|12/100
|
|upkeep
|turn|9
|
|t:|1783526784
|-heal|p1b: Dragalge|45/100|[from] ability: Regenerator|[silent]
|switch|p1b: Garchomp|Garchomp, L50, M|100/100
|move|p1a: Klefki|Light Screen|p1a: Klefki
|-sidestart|p1: Chifi Dragon|move: Light Screen
|move|p2b: Mate|Shadow Ball|p1b: Garchomp
|-damage|p1b: Garchomp|74/100
|
|upkeep
|turn|10
|
|t:|1783526796
|move|p1b: Garchomp|Dragon Claw|p2b: Mate
|-damage|p2b: Mate|18/100 par
|move|p1a: Klefki|Dazzling Gleam|p2b: Mate
|-damage|p2b: Mate|0 fnt
|faint|p2b: Mate
|
|win|Chifi Dragon
|inactive|Chifi Dragon has 30 seconds to confirm battle start!
|inactive|Joseanfox has 30 seconds to confirm battle start!
||Joseanfox is ready for game 3.
|inactive|Chifi Dragon has 20 seconds to confirm battle start!
|inactive|Chifi Dragon has 10 seconds to confirm battle start!
