|j|☆bimbo mafioso
|j|☆KptainFr
|html|bimbo mafiosoKptainFr    
|uhtml|bestof|Game 2 of a best-of-3
|t:|1757022779
|gametype|doubles
|player|p1|bimbo mafioso|swimmerf|1130
|player|p2|KptainFr|steven|1133
|gen|9
|tier|[Gen 9] VGC 2025 Reg H (Bo3)
|rated|
|rule|Species Clause: Limit one of each Pokémon
|rule|Item Clause: Limit 1 of each item
|clearpoke
|poke|p1|Amoonguss, L50, M|
|poke|p1|Dragonite, L50, F|
|poke|p1|Incineroar, L50, M|
|poke|p1|Sneasler, L50, F|
|poke|p1|Ursaluna-Bloodmoon, L50, M|
|poke|p1|Gholdengo, L50|
|poke|p2|Sneasler, L50, F|
|poke|p2|Ceruledge, L50, F|
|poke|p2|Dragonite, L50, F|
|poke|p2|Gastrodon-East, L50, F|
|poke|p2|Kingambit, L50, M|
|poke|p2|Rillaboom, L50, M|
|teampreview|4
|showteam|p1|Amoonguss||SitrusBerry|Regenerator|Spore,RagePowder,PollenPuff,Protect|||M|||50|,,,,,Water]Dragonite||LoadedDice|Multiscale|ScaleShot,Tailwind,Haze,Protect|||F|||50|,,,,,Fairy]Incineroar||SafetyGoggles|Intimidate|FakeOut,KnockOff,Taunt,PartingShot|||M|||50|,,,,,Ghost]Sneasler||FocusSash|Unburden|CloseCombat,DireClaw,Coaching,Protect|||F|||50|,,,,,Stellar]Ursaluna-Bloodmoon||AssaultVest|MindsEye|HyperVoice,EarthPower,BloodMoon,VacuumWave|||M|||50|,,,,,Poison]Gholdengo||LifeOrb|GoodasGold|MakeItRain,ShadowBall,NastyPlot,Protect||||||50|,,,,,Water
|showteam|p2|Sneasler||FocusSash|Unburden|CloseCombat,DireClaw,Coaching,Protect|||F|||50|,,,,,Ghost]Ceruledge||Leftovers|FlashFire|BitterBlade,ShadowSneak,BulkUp,Protect|||F|||50|,,,,,Grass]Dragonite||LoadedDice|InnerFocus|ScaleShot,LowKick,ExtremeSpeed,Protect|||F|||50|,,,,,Fairy]Gastrodon-East||SitrusBerry|StormDrain|EarthPower,IceBeam,ClearSmog,Protect|||F|||50|,,,,,Poison]Kingambit||AssaultVest|Defiant|TeraBlast,IronHead,KowtowCleave,SuckerPunch|||M|||50|,,,,,Flying]Rillaboom||MiracleSeed|GrassySurge|WoodHammer,GrassyGlide,HighHorsepower,FakeOut|||M|||50|,,,,,Grass
|inactive|Battle timer is ON: inactive players will automatically lose when time's up. (requested by KptainFr)
|inactive|bimbo mafioso also wants the timer to be on.
|inactive|KptainFr has 60 seconds left.
|
|t:|1757022835
|teamsize|p1|4
|teamsize|p2|4
|start
|switch|p1a: Sneasler|Sneasler, L50, F|100/100
|switch|p1b: Dragonite|Dragonite, L50, F|100/100
|switch|p2a: Ceruledge|Ceruledge, L50, F|100/100
|switch|p2b: Rillaboom|Rillaboom, L50, M|100/100
|-fieldstart|move: Grassy Terrain|[from] ability: Grassy Surge|[of] p2b: Rillaboom
|turn|1
|
|t:|1757022854
|switch|p1a: Incineroar|Incineroar, L50, M|100/100
|-ability|p1a: Incineroar|Intimidate|boost
|-unboost|p2a: Ceruledge|atk|1
|-unboost|p2b: Rillaboom|atk|1
|move|p2b: Rillaboom|Fake Out|p1a: Incineroar
|-damage|p1a: Incineroar|92/100
|move|p1b: Dragonite|Scale Shot|p2a: Ceruledge
|-damage|p2a: Ceruledge|83/100
|-damage|p2a: Ceruledge|65/100
|-damage|p2a: Ceruledge|48/100
|-damage|p2a: Ceruledge|31/100
|-hitcount|p2a: Ceruledge|4
|-unboost|p1b: Dragonite|def|1
|-boost|p1b: Dragonite|spe|1
|move|p2a: Ceruledge|Bulk Up|p2a: Ceruledge
|-boost|p2a: Ceruledge|atk|1
|-boost|p2a: Ceruledge|def|1
|
|-heal|p2a: Ceruledge|37/100|[from] Grassy Terrain
|-heal|p2a: Ceruledge|44/100|[from] item: Leftovers
|-heal|p1a: Incineroar|98/100|[from] Grassy Terrain
|upkeep
|turn|2
|inactive|bimbo mafioso has 30 seconds left.
|inactive|KptainFr has 30 seconds left.
|
|t:|1757022894
|move|p1b: Dragonite|Scale Shot|p2b: Rillaboom
|-damage|p2b: Rillaboom|86/100
|-damage|p2b: Rillaboom|71/100
|-damage|p2b: Rillaboom|57/100
|-damage|p2b: Rillaboom|41/100
|-hitcount|p2b: Rillaboom|4
|-unboost|p1b: Dragonite|def|1
|-boost|p1b: Dragonite|spe|1
|move|p2a: Ceruledge|Bulk Up|p2a: Ceruledge
|-boost|p2a: Ceruledge|atk|1
|-boost|p2a: Ceruledge|def|1
|move|p2b: Rillaboom|High Horsepower|p1a: Incineroar
|-supereffective|p1a: Incineroar
|-damage|p1a: Incineroar|61/100
|move|p1a: Incineroar|Knock Off|p2b: Rillaboom
|-damage|p2b: Rillaboom|4/100
|-enditem|p2b: Rillaboom|Miracle Seed|[from] move: Knock Off|[of] p1a: Incineroar
|
|-heal|p2a: Ceruledge|50/100|[from] Grassy Terrain
|-heal|p2a: Ceruledge|56/100|[from] item: Leftovers
|-heal|p2b: Rillaboom|10/100|[from] Grassy Terrain
|-heal|p1a: Incineroar|67/100|[from] Grassy Terrain
|upkeep
|turn|3
|
|t:|1757022909
|move|p2b: Rillaboom|Grassy Glide|p1b: Dragonite
|-resisted|p1b: Dragonite
|-damage|p1b: Dragonite|95/100
|move|p1b: Dragonite|Tailwind|p1b: Dragonite
|-sidestart|p1: bimbo mafioso|move: Tailwind
|move|p1a: Incineroar|Knock Off|p2a: Ceruledge
|-supereffective|p2a: Ceruledge
|-damage|p2a: Ceruledge|11/100
|-enditem|p2a: Ceruledge|Leftovers|[from] move: Knock Off|[of] p1a: Incineroar
|move|p2a: Ceruledge|Bitter Blade|p1b: Dragonite
|-resisted|p1b: Dragonite
|-damage|p1b: Dragonite|23/100
|-heal|p2a: Ceruledge|45/100|[from] drain|[of] p1b: Dragonite
|
|-heal|p1a: Incineroar|73/100|[from] Grassy Terrain
|-heal|p2a: Ceruledge|51/100|[from] Grassy Terrain
|-heal|p2b: Rillaboom|16/100|[from] Grassy Terrain
|upkeep
|turn|4
|inactive|KptainFr has 30 seconds left.
|
|t:|1757022944
|switch|p1b: Ursaluna|Ursaluna-Bloodmoon, L50, M|100/100
|move|p2a: Ceruledge|Shadow Sneak|p1b: Ursaluna
|-immune|p1b: Ursaluna
|move|p1a: Incineroar|Parting Shot|p2a: Ceruledge
|-unboost|p2a: Ceruledge|atk|1
|-unboost|p2a: Ceruledge|spa|1
|
|t:|1757022951
|switch|p1a: Dragonite|Dragonite, L50, F|23/100|[from] Parting Shot
|move|p2b: Rillaboom|High Horsepower|p1a: Dragonite
|-immune|p1a: Dragonite
|
|-heal|p2a: Ceruledge|57/100|[from] Grassy Terrain
|-heal|p2b: Rillaboom|22/100|[from] Grassy Terrain
|upkeep
|turn|5
|
|t:|1757022976
|move|p2a: Ceruledge|Protect|p2a: Ceruledge
|-singleturn|p2a: Ceruledge|Protect
|move|p1a: Dragonite|Scale Shot|p2a: Ceruledge
|-activate|p2a: Ceruledge|move: Protect
|move|p1b: Ursaluna|Hyper Voice|p2a: Ceruledge|[spread] p2b
|-activate|p2a: Ceruledge|move: Protect
|-damage|p2b: Rillaboom|0 fnt
|faint|p2b: Rillaboom
|
|-heal|p2a: Ceruledge|64/100|[from] Grassy Terrain
|-fieldend|move: Grassy Terrain
|upkeep
|
|t:|1757022993
|switch|p2b: Dragonite|Dragonite, L50, F|100/100
|turn|6
|
|t:|1757023006
|move|p2a: Ceruledge|Shadow Sneak|p1a: Dragonite
|-damage|p1a: Dragonite|2/100
|move|p1a: Dragonite|Scale Shot|p2b: Dragonite
|-supereffective|p2b: Dragonite
|-damage|p2b: Dragonite|71/100
|-supereffective|p2b: Dragonite
|-damage|p2b: Dragonite|40/100
|-supereffective|p2b: Dragonite
|-damage|p2b: Dragonite|10/100
|-supereffective|p2b: Dragonite
|-damage|p2b: Dragonite|0 fnt
|faint|p2b: Dragonite
|-hitcount|p2: Dragonite|4
|-unboost|p1a: Dragonite|def|1
|-boost|p1a: Dragonite|spe|1
|move|p1b: Ursaluna|Blood Moon|p2a: Ceruledge
|-damage|p2a: Ceruledge|0 fnt
|faint|p2a: Ceruledge
|
|-sideend|p1: bimbo mafioso|move: Tailwind
|upkeep
|-message|KptainFr forfeited.
|
|win|bimbo mafioso
|l|☆KptainFr
|player|p2|
||KptainFr is ready for game 3.
|inactive|bimbo mafioso has 30 seconds to confirm battle start!
||bimbo mafioso is ready for game 3.
|uhtml|next|Next: Game 3 of 3
