|j|☆RazorLvgc
|j|☆RegiSIXSEVEN
|html|RazorLvgcRegiSIXSEVEN    
|uhtml|bestof|Game 2 of a best-of-3
|t:|1782411887
|gametype|doubles
|player|p1|RazorLvgc|2|1203
|player|p2|RegiSIXSEVEN|steven|1172
|gen|9
|tier|[Gen 9 Champions] VGC 2026 Reg M-B (Bo3)
|rated|
|rule|Species Clause: Limit one of each Pokémon
|rule|Item Clause: Limit 1 of each item
|clearpoke
|poke|p1|Whimsicott, L50, F|
|poke|p1|Kingambit, L50, F|
|poke|p1|Typhlosion, L50, M|
|poke|p1|Floette-Eternal, L50, F|
|poke|p1|Farigiraf, L50, M|
|poke|p1|Basculegion, L50, M|
|poke|p2|Dragalge, L50, M, shiny|
|poke|p2|Farigiraf, L50, M, shiny|
|poke|p2|Staraptor, L50, M, shiny|
|poke|p2|Grimmsnarl, L50, M, shiny|
|poke|p2|Kingambit, L50, M, shiny|
|poke|p2|Kangaskhan, L50, F, shiny|
|teampreview|4
|showteam|p1|Whimsicott||FairyFeather|Prankster|Moonblast,EnergyBall,SunnyDay,Tailwind|Modest||F|||50|]Kingambit||FocusSash|Defiant|KowtowCleave,SuckerPunch,IronHead,LowKick|Adamant||F|||50|]Typhlosion||LifeOrb|FlashFire|Eruption,BurnUp,SolarBeam,Protect|Timid||M|||50|]Floette-Eternal||Floettite|FlowerVeil|Moonblast,DazzlingGleam,LightofRuin,Protect|Modest||F|||50|]Farigiraf||SitrusBerry|ArmorTail|TwinBeam,Thunderbolt,HelpingHand,Protect|Bold||M|||50|]Basculegion||ChoiceScarf|Adaptability|WaveCrash,AquaJet,FlipTurn,LastRespects|Adamant||M|||50|
|showteam|p2|Dragalge||Dragalgite|Adaptability|SludgeBomb,DracoMeteor,FlipTurn,HydroPump|Quiet||M|||50|]Farigiraf||ColburBerry|ArmorTail|Psychic,TrickRoom,HelpingHand,Protect|Calm||M|||50|]Staraptor||ChoiceScarf|Intimidate|FinalGambit,CloseCombat,DualWingbeat,Uturn|Adamant||M|||50|]Grimmsnarl||LightClay|Prankster|SpiritBreak,Reflect,PartingShot,FoulPlay|Careful||M|||50|]Kingambit||BlackGlasses|Defiant|KowtowCleave,SuckerPunch,SwordsDance,Protect|Adamant||M|||50|]Kangaskhan||Kangaskhanite|Scrappy|FakeOut,DoubleEdge,DrainPunch,IcePunch|Adamant||F|||50|
|inactive|Battle timer is ON: inactive players will automatically lose when time's up. (requested by RegiSIXSEVEN)
|l|☆RazorLvgc
|inactive|RazorLvgc disconnected and has a minute to reconnect!
|player|p1|
|inactive|RegiSIXSEVEN has 60 seconds left.
|
|t:|1782411930
|teamsize|p1|4
|teamsize|p2|4
|start
|switch|p1a: Whimsicott|Whimsicott, L50, F|100/100
|switch|p1b: Typhlosion|Typhlosion, L50, M|100/100
|switch|p2a: Staraptor|Staraptor, L50, M, shiny|100/100
|switch|p2b: Kingambit|Kingambit, L50, M, shiny|100/100
|-ability|p2a: Staraptor|Intimidate|boost
|-unboost|p1a: Whimsicott|atk|1
|-unboost|p1b: Typhlosion|atk|1
|turn|1
|j|☆RazorLvgc
|inactive|RazorLvgc reconnected and has 50 seconds left.
|player|p1|RazorLvgc|2|
|inactive|RegiSIXSEVEN has 30 seconds left.
|
|t:|1782411960
|move|p1b: Typhlosion|Protect|p1b: Typhlosion
|-singleturn|p1b: Typhlosion|Protect
|move|p2b: Kingambit|Protect|p2b: Kingambit
|-singleturn|p2b: Kingambit|Protect
|move|p1a: Whimsicott|Tailwind|p1a: Whimsicott
|-sidestart|p1: RazorLvgc|move: Tailwind
|move|p2a: Staraptor|Close Combat|p1b: Typhlosion
|-activate|p1b: Typhlosion|move: Protect
|
|upkeep
|turn|2
|
|t:|1782411975
|switch|p1a: Farigiraf|Farigiraf, L50, M|100/100
|switch|p2b: Dragalge|Dragalge, L50, M, shiny|100/100
|move|p1b: Typhlosion|Eruption|p2a: Staraptor|[spread] p2a,p2b
|-resisted|p2b: Dragalge|1
|-damage|p2a: Staraptor|0 fnt
|-damage|p2b: Dragalge|70/100
|faint|p2a: Staraptor
|-damage|p1b: Typhlosion|90/100|[from] item: Life Orb
|
|upkeep
|
|t:|1782411987
|switch|p2a: Grimmsnarl|Grimmsnarl, L50, M, shiny|100/100
|turn|3
|
|t:|1782411999
|detailschange|p2b: Dragalge|Dragalge-Mega, L50, M, shiny
|-mega|p2b: Dragalge|Dragalge|Dragalgite
|move|p1b: Typhlosion|Eruption|p2a: Grimmsnarl|[spread] p2a,p2b
|-resisted|p2b: Dragalge|1
|-damage|p2a: Grimmsnarl|37/100
|-damage|p2b: Dragalge|47/100
|-damage|p1b: Typhlosion|80/100|[from] item: Life Orb
|move|p1a: Farigiraf|Twin Beam|p2b: Dragalge
|-supereffective|p2b: Dragalge|1
|-damage|p2b: Dragalge|25/100
|-supereffective|p2b: Dragalge|1
|-damage|p2b: Dragalge|1/100
|-hitcount|p2b: Dragalge|2
|move|p2a: Grimmsnarl|Spirit Break|p1a: Farigiraf
|-damage|p1a: Farigiraf|78/100
|-unboost|p1a: Farigiraf|spa|1
|move|p2b: Dragalge|Flip Turn|p1b: Typhlosion
|-supereffective|p1b: Typhlosion|1
|-damage|p1b: Typhlosion|50/100g
|
|t:|1782412015
|-heal|p2b: Dragalge|34/100|[from] ability: Regenerator|[silent]
|switch|p2b: Kingambit|Kingambit, L50, M, shiny|100/100|[from] Flip Turn
|
|upkeep
|turn|4
|
|t:|1782412023
|move|p2b: Kingambit|Protect|p2b: Kingambit
|-singleturn|p2b: Kingambit|Protect
|move|p1b: Typhlosion|Burn Up|p2b: Kingambit
|-activate|p2b: Kingambit|move: Protect
|move|p1a: Farigiraf|Thunderbolt|p2a: Grimmsnarl
|-damage|p2a: Grimmsnarl|23/100
|move|p2a: Grimmsnarl|Spirit Break|p1b: Typhlosion
|-resisted|p1b: Typhlosion|1
|-damage|p1b: Typhlosion|32/100
|-unboost|p1b: Typhlosion|spa|1
|
|-sideend|p1: RazorLvgc|move: Tailwind
|upkeep
|turn|5
|
|t:|1782412041
|switch|p1a: Whimsicott|Whimsicott, L50, F|100/100
|switch|p2b: Dragalge|Dragalge-Mega, L50, M, shiny|34/100
|move|p1b: Typhlosion|Burn Up|p2b: Dragalge
|-resisted|p2b: Dragalge|1
|-damage|p2b: Dragalge|17/100
|-start|p1b: Typhlosion|typechange|???|[from] move: Burn Up
|-damage|p1b: Typhlosion|22/100|[from] item: Life Orb
|move|p2a: Grimmsnarl|Spirit Break|p1b: Typhlosion
|-damage|p1b: Typhlosion|0 fnt
|faint|p1b: Typhlosion
|
|upkeep
|
|t:|1782412046
|switch|p1b: Floette|Floette-Eternal, L50, F|100/100
|turn|6
|
|t:|1782412057
|-heal|p2b: Dragalge|50/100g|[from] ability: Regenerator|[silent]
|switch|p2b: Kingambit|Kingambit, L50, M, shiny|100/100
|detailschange|p1b: Floette|Floette-Mega, L50, F
|-mega|p1b: Floette|Floette|Floettite
|-ability|p1b: Floette|Fairy Aura
|move|p1a: Whimsicott|Tailwind|p1a: Whimsicott
|-sidestart|p1: RazorLvgc|move: Tailwind
|move|p2a: Grimmsnarl|Parting Shot|p1b: Floette
|-unboost|p1b: Floette|atk|1
|-unboost|p1b: Floette|spa|1
|
|t:|1782412061
|switch|p2a: Dragalge|Dragalge-Mega, L50, M, shiny|50/100g|[from] Parting Shot
|move|p1b: Floette|Dazzling Gleam|p2b: Kingambit|[spread] p2a,p2b
|-damage|p2a: Dragalge|25/100
|-damage|p2b: Kingambit|67/100
|
|upkeep
|turn|7
|
|t:|1782412074
|-heal|p2a: Dragalge|58/100|[from] ability: Regenerator|[silent]
|switch|p2a: Grimmsnarl|Grimmsnarl, L50, M, shiny|23/100
|move|p2b: Kingambit|Protect|p2b: Kingambit
|-singleturn|p2b: Kingambit|Protect
|move|p1b: Floette|Dazzling Gleam|p2a: Grimmsnarl|[spread] p2a
|-activate|p2b: Kingambit|move: Protect
|-supereffective|p2a: Grimmsnarl|1
|-damage|p2a: Grimmsnarl|0 fnt
|faint|p2a: Grimmsnarl
|move|p1a: Whimsicott|Moonblast|p2b: Kingambit
|-activate|p2b: Kingambit|move: Protect
|
|upkeep
|
|t:|1782412086
|switch|p2a: Dragalge|Dragalge-Mega, L50, M, shiny|58/100
|turn|8
|
|t:|1782412092
|move|p1b: Floette|Moonblast|p2b: Kingambit
|-damage|p2b: Kingambit|16/100
|move|p1a: Whimsicott|Moonblast|p2b: Kingambit
|-damage|p2b: Kingambit|0 fnt
|faint|p2b: Kingambit
|move|p2a: Dragalge|Sludge Bomb|p1b: Floette
|-supereffective|p1b: Floette|1
|-damage|p1b: Floette|16/100
|
|upkeep
|turn|9
|
|t:|1782412102
|move|p1b: Floette|Light of Ruin|p2a: Dragalge
|-damage|p2a: Dragalge|2/100
|-damage|p1b: Floette|0 fnt|[from] Recoil
|faint|p1b: Floette
|move|p1a: Whimsicott|Moonblast|p2a: Dragalge
|-damage|p2a: Dragalge|0 fnt
|faint|p2a: Dragalge
|
|win|RazorLvgc
|raw|RazorLvgc's rating: 1203 → 1226(+23 for winning)
|raw|RegiSIXSEVEN's rating: 1172 → 1149(-23 for losing)
