|j|☆playrornds
|j|‽JvmRdDCmp
|html|playrorndsJvmRdDCmp    
|uhtml|bestof|Game 3 of a best-of-3
|t:|1757198167
|gametype|doubles
|player|p1|playrornds|giovanni-gen1rb|1106
|player|p2|JvmRdDCmp|2|1091
|gen|9
|tier|[Gen 9] VGC 2025 Reg H (Bo3)
|rated|
|rule|Species Clause: Limit one of each Pokémon
|rule|Item Clause: Limit 1 of each item
|clearpoke
|poke|p1|Ursaluna, L50, F|
|poke|p1|Porygon2, L50|
|poke|p1|Gholdengo, L50|
|poke|p1|Kilowattrel, L50, M|
|poke|p1|Amoonguss, L50, F|
|poke|p1|Incineroar, L50, M|
|poke|p2|Slaking, L50, M|
|poke|p2|Kilowattrel, L50, M|
|poke|p2|Volcarona, L50, F|
|poke|p2|Wyrdeer, L50, F|
|poke|p2|Weezing, L50, M|
|poke|p2|Palafin, L50, M|
|teampreview|4
|showteam|p1|Ursaluna||FlameOrb|Guts|Facade,HeadlongRush,Earthquake,Protect|||F|||50|,,,,,Ghost]Porygon2||Eviolite|Download|TeraBlast,IceBeam,Recover,TrickRoom||||||50|,,,,,Fighting]Gholdengo||MetalCoat|GoodasGold|MakeItRain,ShadowBall,NastyPlot,Protect||||||50|,,,,,Flying]Kilowattrel||FocusSash|Competitive|Thunderbolt,AirSlash,Tailwind,Protect|||M|||50|,,,,,Ghost]Amoonguss||SitrusBerry|Regenerator|PollenPuff,Spore,RagePowder,Protect|||F|||50|,,,,,Water]Incineroar||SafetyGoggles|Intimidate|FakeOut,FlareBlitz,KnockOff,PartingShot|||M|||50|,,,,,Ghost
|showteam|p2|Slaking||SafetyGoggles|Truant|Protect,DoubleEdge,SuckerPunch,SlackOff|||M|||50|,,,,,Normal]Kilowattrel||ChoiceScarf|Competitive|Electroweb,Thunderbolt,VoltSwitch,Hurricane|||M|||50|,,,,,Ghost]Volcarona||SitrusBerry|FlameBody|Protect,FieryDance,BugBuzz,QuiverDance|||F|||50|,,,,,Poison]Wyrdeer||MentalHerb|Intimidate|SkillSwap,ExpandingForce,Protect,TeraBlast|||F|||50|,,,,,Fairy]Weezing||Leftovers|NeutralizingGas|Protect,Taunt,WillOWisp,SludgeBomb|||M|||50|,,,,,Dark]Palafin||EjectPack|ZerotoHero|JetPunch,WaveCrash,CloseCombat,Haze|||M|||50|,,,,,Water
|inactive|Battle timer is ON: inactive players will automatically lose when time's up. (requested by playrornds)
|
|t:|1757198179
|teamsize|p1|4
|teamsize|p2|4
|start
|switch|p1a: Incineroar|Incineroar, L50, M|100/100
|switch|p1b: Kilowattrel|Kilowattrel, L50, M|100/100
|switch|p2a: Palafin|Palafin, L50, M|100/100
|switch|p2b: Wyrdeer|Wyrdeer, L50, F|100/100
|-ability|p1a: Incineroar|Intimidate|boost
|-unboost|p2a: Palafin|atk|1
|-unboost|p2b: Wyrdeer|atk|1
|-ability|p2b: Wyrdeer|Intimidate|boost
|-unboost|p1a: Incineroar|atk|1
|-unboost|p1b: Kilowattrel|atk|1
|-ability|p1b: Kilowattrel|Competitive|boost
|-boost|p1b: Kilowattrel|spa|2
|-enditem|p2a: Palafin|Eject Pack
|
|t:|1757198186
|detailschange|p2a: Palafin|Palafin-Hero, L50, M
|switch|p2a: Volcarona|Volcarona, L50, F|100/100
|turn|1
|inactive|playrornds has 30 seconds left.
|
|t:|1757198217
|-terastallize|p2b: Wyrdeer|Fairy
|move|p1a: Incineroar|Fake Out|p2b: Wyrdeer
|-damage|p2b: Wyrdeer|92/100
|move|p1b: Kilowattrel|Air Slash|p2a: Volcarona|[miss]
|-miss|p1b: Kilowattrel|p2a: Volcarona
|move|p2a: Volcarona|Fiery Dance|p1b: Kilowattrel
|-damage|p1b: Kilowattrel|38/100
|cant|p2b: Wyrdeer|flinch
|
|upkeep
|turn|2
|inactive|playrornds has 30 seconds left.
|inactive|playrornds has 20 seconds left.
|
|t:|1757198257
|switch|p2a: Kilowattrel|Kilowattrel, L50, M|100/100
|move|p1b: Kilowattrel|Tailwind|p1b: Kilowattrel
|-sidestart|p1: playrornds|move: Tailwind
|move|p1a: Incineroar|Parting Shot|p2a: Kilowattrel
|-unboost|p2a: Kilowattrel|atk|1
|-ability|p2a: Kilowattrel|Competitive|boost
|-boost|p2a: Kilowattrel|spa|2
|-unboost|p2a: Kilowattrel|spa|1
|-ability|p2a: Kilowattrel|Competitive|boost
|-boost|p2a: Kilowattrel|spa|2
|
|t:|1757198270
|switch|p1a: Gholdengo|Gholdengo, L50|100/100|[from] Parting Shot
|move|p2b: Wyrdeer|Expanding Force|p1b: Kilowattrel
|-damage|p1b: Kilowattrel|0 fnt
|faint|p1b: Kilowattrel
|
|upkeep
|
|t:|1757198275
|switch|p1b: Ursaluna|Ursaluna, L50, F, shiny|100/100
|turn|3
|inactive|playrornds has 30 seconds left.
|inactive|playrornds has 20 seconds left.
|inactive|playrornds has 15 seconds left.
|
|t:|1757198317
|move|p1b: Ursaluna|Protect|p1b: Ursaluna
|-singleturn|p1b: Ursaluna|Protect
|move|p2b: Wyrdeer|Protect|p2b: Wyrdeer
|-singleturn|p2b: Wyrdeer|Protect
|move|p2a: Kilowattrel|Thunderbolt|p1a: Gholdengo
|-damage|p1a: Gholdengo|0 fnt
|faint|p1a: Gholdengo
|
|-status|p1b: Ursaluna|brn|[from] item: Flame Orb
|upkeep
|
|t:|1757198322
|switch|p1a: Incineroar|Incineroar, L50, M|100/100
|-ability|p1a: Incineroar|Intimidate|boost
|-unboost|p2a: Kilowattrel|atk|1
|-ability|p2a: Kilowattrel|Competitive|boost
|-boost|p2a: Kilowattrel|spa|2
|-unboost|p2b: Wyrdeer|atk|1
|turn|4
|inactive|playrornds has 30 seconds left.
|
|t:|1757198358
|move|p1a: Incineroar|Fake Out|p2a: Kilowattrel
|-damage|p2a: Kilowattrel|79/100
|cant|p2a: Kilowattrel|flinch
|move|p1b: Ursaluna|Facade|p2b: Wyrdeer
|-damage|p2b: Wyrdeer|0 fnt
|faint|p2b: Wyrdeer
|
|-damage|p1b: Ursaluna|94/100 brn|[from] brn
|upkeep
|
|t:|1757198372
|switch|p2b: Palafin|Palafin-Hero, L50, M|100/100
|-activate|p2b: Palafin|ability: Zero to Hero
|turn|5
|inactive|playrornds has 30 seconds left.
|
|t:|1757198398
|-terastallize|p1b: Ursaluna|Ghost
|move|p2a: Kilowattrel|Thunderbolt|p1a: Incineroar
|-damage|p1a: Incineroar|0 fnt
|faint|p1a: Incineroar
|move|p1b: Ursaluna|Facade|p2b: Palafin
|-damage|p2b: Palafin|0 fnt
|faint|p2b: Palafin
|
|-damage|p1b: Ursaluna|88/100 brn|[from] brn
|-sideend|p1: playrornds|move: Tailwind
|upkeep
|
|t:|1757198408
|switch|p2b: Volcarona|Volcarona, L50, F|100/100
|turn|6
|
|t:|1757198423
|move|p2a: Kilowattrel|Thunderbolt|p1b: Ursaluna
|-damage|p1b: Ursaluna|0 fnt
|faint|p1b: Ursaluna
|
|win|JvmRdDCmp
|raw|playrornds's rating: 1106 → 1080(-26 for losing)
|raw|JvmRdDCmp's rating: 1091 → 1118(+27 for winning)
|c|☆playrornds|gg
