|j|☆elmono11
|j|☆Squ1dge_
|html|elmono11Squ1dge_    
|uhtml|bestof|Game 1 of a best-of-3
|t:|1784112165
|gametype|doubles
|player|p1|elmono11|266|1389
|player|p2|Squ1dge_|169|1355
|gen|9
|tier|[Gen 9 Champions] VGC 2026 Reg M-B (Bo3)
|rated|
|rule|Species Clause: Limit one of each Pokémon
|rule|Item Clause: Limit 1 of each item
|clearpoke
|poke|p1|Dragonite, L50, F|
|poke|p1|Sneasler, L50, M|
|poke|p1|Sinistcha, L50|
|poke|p1|Incineroar, L50, M|
|poke|p1|Floette-Eternal, L50, F|
|poke|p1|Kingambit, L50, F|
|poke|p2|Aerodactyl, L50, M|
|poke|p2|Kingambit, L50, M|
|poke|p2|Sylveon, L50, M|
|poke|p2|Garchomp, L50, F|
|poke|p2|Charizard, L50, F|
|poke|p2|Incineroar, L50, F|
|teampreview|4
|showteam|p1|Dragonite||LumBerry|Multiscale|Protect,DragonClaw,ExtremeSpeed,FirePunch|Adamant||F|||50|]Sneasler||FocusSash|PoisonTouch|FakeOut,CloseCombat,PoisonJab,Coaching|Jolly||M|||50|]Sinistcha||Leftovers|Hospitality|TrickRoom,MatchaGotcha,RagePowder,Protect|Bold|||||50|]Incineroar||SitrusBerry|Intimidate|FlareBlitz,DarkestLariat,PartingShot,FakeOut|Careful||M|||50|]Floette-Eternal||Floettite|FlowerVeil|DazzlingGleam,DrainingKiss,CalmMind,Protect|Modest||F|||50|]Kingambit||BlackGlasses|Defiant|KowtowCleave,SwordsDance,SuckerPunch,Protect|Adamant||F|||50|
|showteam|p2|Aerodactyl||Aerodactylite|Unnerve|RockSlide,IceFang,Tailwind,WideGuard|Jolly||M|||50|]Kingambit||FocusSash|Defiant|KowtowCleave,SuckerPunch,IronHead,Protect|Adamant||M|||50|]Sylveon||FairyFeather|Pixilate|Detect,HyperVoice,HyperBeam,QuickAttack|Modest||M|||50|]Garchomp||LifeOrb|RoughSkin|Earthquake,DragonClaw,StompingTantrum,Protect|Jolly||F|||50|]Charizard||CharizarditeY|Blaze|Protect,HeatWave,SolarBeam,WeatherBall|Modest||F|||50|]Incineroar||SitrusBerry|Intimidate|DarkestLariat,FlareBlitz,FakeOut,PartingShot|Impish||F|||50|
|inactive|Battle timer is ON: inactive players will automatically lose when time's up. (requested by elmono11)
|inactive|elmono11 has 60 seconds left.
|inactive|Squ1dge_ has 60 seconds left.
|
|t:|1784112212
|teamsize|p1|4
|teamsize|p2|4
|start
|switch|p1a: Incineroar|Incineroar, L50, M|100/100
|switch|p1b: Floette|Floette-Eternal, L50, F|100/100
|switch|p2a: Incineroar|Incineroar, L50, F|100/100
|switch|p2b: Kingambit|Kingambit, L50, M|100/100
|-ability|p2a: Incineroar|Intimidate|boost
|-unboost|p1a: Incineroar|atk|1
|-unboost|p1b: Floette|atk|1
|-ability|p1a: Incineroar|Intimidate|boost
|-unboost|p2a: Incineroar|atk|1
|-unboost|p2b: Kingambit|atk|1
|-ability|p2b: Kingambit|Defiant|boost
|-boost|p2b: Kingambit|atk|2
|turn|1
|inactive|elmono11 has 30 seconds left.
|inactive|Squ1dge_ has 30 seconds left.
|
|t:|1784112240
|detailschange|p1b: Floette|Floette-Mega, L50, F
|-mega|p1b: Floette|Floette|Floettite
|-ability|p1b: Floette|Fairy Aura
|move|p2a: Incineroar|Fake Out|p1a: Incineroar
|-damage|p1a: Incineroar|93/100
|cant|p1a: Incineroar|flinch
|move|p1b: Floette|Dazzling Gleam|p2b: Kingambit|[spread] p2a,p2b
|-damage|p2a: Incineroar|58/100
|-damage|p2b: Kingambit|55/100
|move|p2b: Kingambit|Iron Head|p1b: Floette
|-supereffective|p1b: Floette|1
|-crit|p1b: Floette
|-damage|p1b: Floette|0 fnt
|faint|p1b: Floette
|
|upkeep
|
|t:|1784112245
|switch|p1b: Sneasler|Sneasler, L50, M|100/100
|turn|2
|
|t:|1784112262
|switch|p1a: Sinistcha|Sinistcha, L50|100/100
|switch|p2a: Charizard|Charizard, L50, F|100/100
|move|p2b: Kingambit|Protect|p2b: Kingambit
|-singleturn|p2b: Kingambit|Protect
|move|p1b: Sneasler|Close Combat|p2a: Charizard
|-resisted|p2a: Charizard|1
|-damage|p2a: Charizard|67/100
|-unboost|p1b: Sneasler|def|1
|-unboost|p1b: Sneasler|spd|1
|-status|p2a: Charizard|psn|[from] ability: Poison Touch|[of] p1b: Sneasler
|
|-damage|p2a: Charizard|55/100 psn|[from] psn
|upkeep
|turn|3
|
|t:|1784112278
|switch|p1a: Incineroar|Incineroar, L50, M|93/100
|-ability|p1a: Incineroar|Intimidate|boost
|-unboost|p2a: Charizard|atk|1
|-unboost|p2b: Kingambit|atk|1
|-ability|p2b: Kingambit|Defiant|boost
|-boost|p2b: Kingambit|atk|2
|detailschange|p2a: Charizard|Charizard-Mega-Y, L50, F
|-mega|p2a: Charizard|Charizard|Charizardite Y
|-weather|SunnyDay|[from] ability: Drought|[of] p2a: Charizard
|move|p2b: Kingambit|Sucker Punch|p1b: Sneasler
|-resisted|p1b: Sneasler|1
|-enditem|p1b: Sneasler|Focus Sash
|-damage|p1b: Sneasler|1/100
|move|p1b: Sneasler|Close Combat|p2b: Kingambit
|-supereffective|p2b: Kingambit|2
|-damage|p2b: Kingambit|0 fnt
|-unboost|p1b: Sneasler|def|1
|-unboost|p1b: Sneasler|spd|1
|faint|p2b: Kingambit
|move|p2a: Charizard|Weather Ball|p1a: Incineroar
|-resisted|p1a: Incineroar|1
|-damage|p1a: Incineroar|57/100
|
|-weather|SunnyDay|[upkeep]
|-damage|p2a: Charizard|42/100 psn|[from] psn
|upkeep
|
|t:|1784112293
|switch|p2b: Sylveon|Sylveon, L50, M|100/100
|turn|4
|
|t:|1784112303
|move|p2a: Charizard|Protect|p2a: Charizard
|-singleturn|p2a: Charizard|Protect
|move|p2b: Sylveon|Detect|p2b: Sylveon
|-singleturn|p2b: Sylveon|Protect
|move|p1a: Incineroar|Fake Out|p2b: Sylveon
|-activate|p2b: Sylveon|move: Protect
|move|p1b: Sneasler|Poison Jab|p2a: Charizard
|-activate|p2a: Charizard|move: Protect
|
|-weather|SunnyDay|[upkeep]
|-damage|p2a: Charizard|30/100 psn|[from] psn
|upkeep
|turn|5
|
|t:|1784112324
|switch|p1b: Sinistcha|Sinistcha, L50|100/100
|-heal|p1a: Incineroar|82/100|[from] ability: Hospitality|[of] p1b: Sinistcha
|move|p2a: Charizard|Protect||[still]
|-fail|p2a: Charizard
|move|p2b: Sylveon|Detect||[still]
|-fail|p2b: Sylveon
|move|p1a: Incineroar|Flare Blitz|p2b: Sylveon
|-damage|p2b: Sylveon|21/100
|-damage|p1a: Incineroar|58/100|[from] Recoil
|
|-weather|SunnyDay|[upkeep]
|-damage|p2a: Charizard|18/100 psn|[from] psn
|upkeep
|turn|6
|
|t:|1784112347
|move|p1b: Sinistcha|Protect|p1b: Sinistcha
|-singleturn|p1b: Sinistcha|Protect
|move|p2a: Charizard|Heat Wave|p1a: Incineroar|[spread] p1a
|-activate|p1b: Sinistcha|move: Protect
|-resisted|p1a: Incineroar|1
|-damage|p1a: Incineroar|34/100
|-enditem|p1a: Incineroar|Sitrus Berry|[eat]
|-heal|p1a: Incineroar|59/100|[from] item: Sitrus Berry
|move|p2b: Sylveon|Hyper Voice|p1a: Incineroar|[spread] p1a
|-activate|p1b: Sinistcha|move: Protect
|-damage|p1a: Incineroar|22/100
|move|p1a: Incineroar|Parting Shot|p2b: Sylveon
|-unboost|p2b: Sylveon|atk|1
|-unboost|p2b: Sylveon|spa|1
|
|t:|1784112352
|switch|p1a: Sneasler|Sneasler, L50, M|1/100|[from] Parting Shot
|
|-weather|SunnyDay|[upkeep]
|-damage|p2a: Charizard|5/100 psn|[from] psn
|upkeep
|turn|7
|
|t:|1784112361
|switch|p2a: Incineroar|Incineroar, L50, F|58/100
|-ability|p2a: Incineroar|Intimidate|boost
|-unboost|p1a: Sneasler|atk|1
|-unboost|p1b: Sinistcha|atk|1
|move|p1a: Sneasler|Fake Out|p2a: Incineroar
|-damage|p2a: Incineroar|51/100
|-status|p2a: Incineroar|psn|[from] ability: Poison Touch|[of] p1a: Sneasler
|move|p1b: Sinistcha|Rage Powder|p1b: Sinistcha
|-singleturn|p1b: Sinistcha|move: Rage Powder
|move|p2b: Sylveon|Quick Attack|p1b: Sinistcha
|-damage|p1b: Sinistcha|93/100
|
|-weather|none
|-heal|p1b: Sinistcha|99/100|[from] item: Leftovers
|-damage|p2a: Incineroar|39/100 psn|[from] psn
|upkeep
|-enditem|p2a: Incineroar|Sitrus Berry|[eat]
|-heal|p2a: Incineroar|64/100 psn|[from] item: Sitrus Berry
|turn|8
|
|t:|1784112373
|switch|p1a: Incineroar|Incineroar, L50, M|22/100
|-ability|p1a: Incineroar|Intimidate|boost
|-unboost|p2a: Incineroar|atk|1
|-unboost|p2b: Sylveon|atk|1
|move|p2a: Incineroar|Fake Out|p1a: Incineroar
|-damage|p1a: Incineroar|16/100
|move|p2b: Sylveon|Hyper Beam|p1b: Sinistcha
|-damage|p1b: Sinistcha|38/100
|-mustrecharge|p2b: Sylveon
|move|p1b: Sinistcha|Matcha Gotcha|p2b: Sylveon|[spread] p2a,p2b
|-resisted|p2a: Incineroar|1
|-damage|p2a: Incineroar|52/100 psn
|-heal|p1b: Sinistcha|44/100|[from] drain|[of] p2a: Incineroar
|-damage|p2b: Sylveon|2/100
|-heal|p1b: Sinistcha|55/100|[from] drain|[of] p2b: Sylveon
|
|-heal|p1b: Sinistcha|61/100|[from] item: Leftovers
|-damage|p2a: Incineroar|40/100 psn|[from] psn
|upkeep
|turn|9
|-message|Squ1dge_ forfeited.
|
|win|elmono11
