|j|☆sum1dum
|j|☆jholloway1993
|html|sum1dumjholloway1993    
|uhtml|bestof|Game 1 of a best-of-3
|t:|1784058803
|gametype|doubles
|player|p1|sum1dum|rosa|1151
|player|p2|jholloway1993|2|1196
|gen|9
|tier|[Gen 9 Champions] VGC 2026 Reg M-B (Bo3)
|rated|
|rule|Species Clause: Limit one of each Pokémon
|rule|Item Clause: Limit 1 of each item
|clearpoke
|poke|p1|Staraptor, L50, F|
|poke|p1|Grimmsnarl, L50, M|
|poke|p1|Rotom-Heat, L50|
|poke|p1|Garchomp, L50, M|
|poke|p1|Gholdengo, L50|
|poke|p1|Ninetales-Alola, L50, M|
|poke|p2|Floette-Eternal, L50, F|
|poke|p2|Delphox, L50, F|
|poke|p2|Incineroar, L50, M|
|poke|p2|Sinistcha, L50|
|poke|p2|Sneasler, L50, M|
|poke|p2|Kingambit, L50, M|
|teampreview|4
|showteam|p1|Staraptor||Staraptite|Intimidate|CloseCombat,BraveBird,Roost,Protect|Jolly||F|||50|]Grimmsnarl||SitrusBerry|Prankster|SpiritBreak,PartingShot,ScaryFace,Taunt|Impish||M|||50|]Rotom-Heat||ChoiceScarf|Levitate|Overheat,Thunderbolt,Trick,VoltSwitch|Modest|||||50|]Garchomp||LifeOrb|RoughSkin|DragonClaw,Earthquake,Protect,RockTomb|Jolly||M|||50|]Gholdengo||WhiteHerb|GoodasGold|MakeItRain,ShadowBall,PowerGem,Protect|Modest|||||50|]Ninetales-Alola||LightClay|SnowWarning|AuroraVeil,FreezeDry,Moonblast,Protect|Timid||M|||50|
|showteam|p2|Floette-Eternal||Floettite|FlowerVeil|Moonblast,DazzlingGleam,CalmMind,Protect|Modest||F|||50|]Delphox||Delphoxite|Blaze|HeatWave,Psychic,NastyPlot,Protect|Timid||F|||50|]Incineroar||SitrusBerry|Intimidate|FlareBlitz,DarkestLariat,PartingShot,FakeOut|Impish||M|||50|]Sinistcha||OccaBerry|Hospitality|MatchaGotcha,RagePowder,TrickRoom,Protect|Bold|||||50|]Sneasler||FocusSash|PoisonTouch|CloseCombat,DireClaw,FakeOut,QuickGuard|Jolly||M|||50|]Kingambit||BlackGlasses|Defiant|KowtowCleave,SuckerPunch,SwordsDance,Protect|Adamant||M|||50|
|inactive|Battle timer is ON: inactive players will automatically lose when time's up. (requested by sum1dum)
|inactive|sum1dum has 60 seconds left.
|
|t:|1784058853
|teamsize|p1|4
|teamsize|p2|4
|start
|switch|p1a: Rotom|Rotom-Heat, L50|100/100
|switch|p1b: Grimmsnarl|Grimmsnarl, L50, M|100/100
|switch|p2a: Delphox|Delphox, L50, F|100/100
|switch|p2b: Incineroar|Incineroar, L50, M|100/100
|-ability|p2b: Incineroar|Intimidate|boost
|-unboost|p1a: Rotom|atk|1
|-unboost|p1b: Grimmsnarl|atk|1
|turn|1
|
|t:|1784058873
|detailschange|p2a: Delphox|Delphox-Mega, L50, F
|-mega|p2a: Delphox|Delphox|Delphoxite
|move|p2b: Incineroar|Fake Out|p1a: Rotom
|-damage|p1a: Rotom|85/100
|move|p1b: Grimmsnarl|Taunt|p2a: Delphox
|-start|p2a: Delphox|move: Taunt
|cant|p1a: Rotom|flinch
|cant|p2a: Delphox|move: Taunt|Nasty Plot
|
|upkeep
|turn|2
|
|t:|1784058889
|move|p1b: Grimmsnarl|Scary Face|p2a: Delphox
|-unboost|p2a: Delphox|spe|2
|move|p1a: Rotom|Thunderbolt|p2a: Delphox
|-damage|p2a: Delphox|60/100
|-status|p2a: Delphox|par
|move|p2b: Incineroar|Parting Shot|p1a: Rotom
|-unboost|p1a: Rotom|atk|1
|-unboost|p1a: Rotom|spa|1
|
|t:|1784058898
|switch|p2b: Sinistcha|Sinistcha, L50|100/100|[from] Parting Shot
|-heal|p2a: Delphox|85/100 par|[from] ability: Hospitality|[of] p2b: Sinistcha
|move|p2a: Delphox|Psychic|p1a: Rotom
|-damage|p1a: Rotom|17/100
|
|upkeep
|turn|3
|
|t:|1784058912
|switch|p1a: Staraptor|Staraptor, L50, F|100/100
|-ability|p1a: Staraptor|Intimidate|boost
|-unboost|p2a: Delphox|atk|1
|-unboost|p2b: Sinistcha|atk|1
|move|p1b: Grimmsnarl|Taunt|p2b: Sinistcha
|-start|p2b: Sinistcha|move: Taunt
|move|p2a: Delphox|Heat Wave|p1b: Grimmsnarl|[spread] p1a,p1b
|-damage|p1a: Staraptor|27/100
|-damage|p1b: Grimmsnarl|61/100
|cant|p2b: Sinistcha|move: Taunt|Trick Room
|
|-end|p2a: Delphox|move: Taunt
|upkeep
|turn|4
|inactive|sum1dum has 30 seconds left.
|
|t:|1784058945
|detailschange|p1a: Staraptor|Staraptor-Mega, L50, F
|-mega|p1a: Staraptor|Staraptor|Staraptite
|move|p1b: Grimmsnarl|Parting Shot|p1a: Staraptor
|-boost|p1a: Staraptor|atk|1
|-boost|p1a: Staraptor|spa|1
|
|t:|1784058948
|switch|p1b: Rotom|Rotom-Heat, L50|17/100|[from] Parting Shot
|move|p1a: Staraptor|Brave Bird|p2a: Delphox
|-damage|p2a: Delphox|0 fnt
|faint|p2a: Delphox
|-damage|p1a: Staraptor|0 fnt|[from] Recoil
|faint|p1a: Staraptor
|move|p2b: Sinistcha|Matcha Gotcha|p1b: Rotom
|-resisted|p1b: Rotom|1
|-crit|p1b: Rotom
|-damage|p1b: Rotom|0 fnt
|faint|p1b: Rotom
|
|upkeep
|
|t:|1784058963
|switch|p2a: Kingambit|Kingambit, L50, M|100/100
|switch|p1a: Grimmsnarl|Grimmsnarl, L50, M|61/100
|switch|p1b: Gholdengo|Gholdengo, L50|100/100
|turn|5
|
|t:|1784058976
|move|p1b: Gholdengo|Make It Rain|p2b: Sinistcha|[spread] p2a,p2b
|-resisted|p2a: Kingambit|1
|-damage|p2a: Kingambit|72/100
|-damage|p2b: Sinistcha|47/100
|-unboost|p1b: Gholdengo|spa|2
|-enditem|p1b: Gholdengo|White Herb
|-clearnegativeboost|p1b: Gholdengo|[silent]
|move|p2b: Sinistcha|Matcha Gotcha|p1b: Gholdengo|[spread] p1a,p1b
|-crit|p1a: Grimmsnarl
|-resisted|p1b: Gholdengo|1
|-damage|p1a: Grimmsnarl|24/100
|-heal|p2b: Sinistcha|68/100|[from] drain|[of] p1a: Grimmsnarl
|-damage|p1b: Gholdengo|85/100
|-heal|p2b: Sinistcha|75/100|[from] drain|[of] p1b: Gholdengo
|-status|p1b: Gholdengo|brn
|-enditem|p1a: Grimmsnarl|Sitrus Berry|[eat]
|-heal|p1a: Grimmsnarl|49/100|[from] item: Sitrus Berry
|move|p1a: Grimmsnarl|Spirit Break|p2a: Kingambit
|-crit|p2a: Kingambit
|-damage|p2a: Kingambit|40/100
|-unboost|p2a: Kingambit|spa|1
|-ability|p2a: Kingambit|Defiant|boost
|-boost|p2a: Kingambit|atk|2
|move|p2a: Kingambit|Kowtow Cleave|p1b: Gholdengo
|-supereffective|p1b: Gholdengo|1
|-damage|p1b: Gholdengo|0 fnt
|faint|p1b: Gholdengo
|
|-end|p2b: Sinistcha|move: Taunt
|upkeep
|turn|6
|-message|sum1dum forfeited.
|
|win|jholloway1993
