|j|☆momoechis
|j|☆the crimson wooper
|html|momoechisthe crimson wooper    
|uhtml|bestof|Game 1 of a best-of-3
|t:|1756282407
|gametype|doubles
|player|p1|momoechis|iris|
|player|p2|the crimson wooper|caitlin-masters|
|gen|9
|tier|[Gen 9] VGC 2025 Reg H (Bo3)
|rule|Species Clause: Limit one of each Pokémon
|rule|Item Clause: Limit 1 of each item
|clearpoke
|poke|p1|Charizard, L50, M|
|poke|p1|Torkoal, L50, F|
|poke|p1|Porygon2, L50|
|poke|p1|Incineroar, L50, F|
|poke|p1|Jumpluff, L50, M|
|poke|p1|Ursaluna, L50, F|
|poke|p2|Charizard, L50, M|
|poke|p2|Gallade, L50, M|
|poke|p2|Ursaluna, L50, M|
|poke|p2|Torkoal, L50, M|
|poke|p2|Indeedee-F, L50, F|
|poke|p2|Hatterene, L50, F|
|teampreview|4
|showteam|p1|Charizard||ChoiceSpecs|SolarPower|HeatWave,Overheat,WeatherBall,AirSlash|||M|||50|,,,,,Ghost]Torkoal||EjectPack|Drought|Eruption,Overheat,HelpingHand,Protect|||F|||50|,,,,,Fire]Porygon2||Eviolite|Download|IceBeam,TeraBlast,TrickRoom,Recover||||||50|,,,,,Fighting]Incineroar||SitrusBerry|Intimidate|FlareBlitz,KnockOff,FakeOut,PartingShot|||F|||50|,,,,,Ghost]Jumpluff||CovertCloak|Chlorophyll|SleepPowder,SunnyDay,RagePowder,Tailwind|||M|||50|,,,,,Water]Ursaluna||FlameOrb|Guts|HeadlongRush,Facade,Earthquake,Protect|||F|||50|,,,,,Ghost
|showteam|p2|Charizard||ChoiceScarf|SolarPower|WeatherBall,HeatWave,SolarBeam,Overheat|||M|||50|,,,,,Fire]Gallade||ClearAmulet|Sharpness|SacredSword,PsychoCut,WideGuard,TrickRoom|||M|||50|,,,,,Grass]Ursaluna||FlameOrb|Guts|Facade,Earthquake,HeadlongRush,Protect|||M|||50|,,,,,Ghost]Torkoal||Charcoal|Drought|Eruption,WeatherBall,Protect,HelpingHand|||M|||50|,,,,,Fire]Indeedee-F||PsychicSeed|PsychicSurge|HealingWish,FollowMe,TrickRoom,HelpingHand|||F|||50|,,,,,Fairy]Hatterene||LifeOrb|MagicBounce|ExpandingForce,DazzlingGleam,Protect,TrickRoom|||F|||50|,,,,,Water
|inactive|Battle timer is ON: inactive players will automatically lose when time's up. (requested by the crimson wooper)
|inactive|momoechis has 60 seconds left.
|inactive|the crimson wooper has 60 seconds left.
|
|t:|1756282459
|teamsize|p1|4
|teamsize|p2|4
|start
|switch|p1a: Porygon2|Porygon2, L50|100/100
|switch|p1b: Incineroar|Incineroar, L50, F|100/100
|switch|p2a: Indeedee|Indeedee-F, L50, F|100/100
|switch|p2b: Hatterene|Hatterene, L50, F|100/100
|-ability|p1b: Incineroar|Intimidate|boost
|-unboost|p2a: Indeedee|atk|1
|-unboost|p2b: Hatterene|atk|1
|-fieldstart|move: Psychic Terrain|[from] ability: Psychic Surge|[of] p2a: Indeedee
|-enditem|p2a: Indeedee|Psychic Seed
|-boost|p2a: Indeedee|spd|1|[from] item: Psychic Seed
|-ability|p1a: Porygon2|Download|boost
|-boost|p1a: Porygon2|atk|1
|turn|1
|inactive|momoechis has 30 seconds left.
|inactive|momoechis has 20 seconds left.
|
|t:|1756282498
|move|p2a: Indeedee|Follow Me|p2a: Indeedee
|-singleturn|p2a: Indeedee|move: Follow Me
|move|p1b: Incineroar|Knock Off|p2a: Indeedee
|-supereffective|p2a: Indeedee
|-damage|p2a: Indeedee|42/100
|move|p1a: Porygon2|Ice Beam|p2a: Indeedee
|-damage|p2a: Indeedee|27/100
|move|p2b: Hatterene|Trick Room|p2b: Hatterene
|-fieldstart|move: Trick Room|[of] p2b: Hatterene
|
|upkeep
|turn|2
|inactive|momoechis has 30 seconds left.
|
|t:|1756282530
|move|p2a: Indeedee|Follow Me|p2a: Indeedee
|-singleturn|p2a: Indeedee|move: Follow Me
|move|p2b: Hatterene|Dazzling Gleam|p1b: Incineroar|[spread] p1a,p1b
|-crit|p1a: Porygon2
|-damage|p1a: Porygon2|59/100
|-damage|p1b: Incineroar|58/100
|-damage|p2b: Hatterene|91/100|[from] item: Life Orb
|move|p1a: Porygon2|Tera Blast|p2a: Indeedee
|-damage|p2a: Indeedee|7/100
|move|p1b: Incineroar|Knock Off|p2a: Indeedee
|-supereffective|p2a: Indeedee
|-damage|p2a: Indeedee|0 fnt
|faint|p2a: Indeedee
|
|upkeep
|
|t:|1756282542
|switch|p2a: Torkoal|Torkoal, L50, M|100/100
|-weather|SunnyDay|[from] ability: Drought|[of] p2a: Torkoal
|turn|3
|
|t:|1756282556
|switch|p1b: Torkoal|Torkoal, L50, F|100/100
|move|p2a: Torkoal|Eruption|p1b: Torkoal|[spread] p1a,p1b
|-resisted|p1b: Torkoal
|-damage|p1a: Porygon2|6/100
|-damage|p1b: Torkoal|41/100
|move|p2b: Hatterene|Dazzling Gleam|p1a: Porygon2|[spread] p1a,p1b
|-resisted|p1b: Torkoal
|-damage|p1a: Porygon2|0 fnt
|-damage|p1b: Torkoal|9/100
|faint|p1a: Porygon2
|-damage|p2b: Hatterene|81/100|[from] item: Life Orb
|
|-weather|SunnyDay|[upkeep]
|upkeep
|
|t:|1756282575
|switch|p1a: Ursaluna|Ursaluna, L50, F|100/100
|turn|4
|
|t:|1756282600
|-terastallize|p2b: Hatterene|Water
|move|p1a: Ursaluna|Protect|p1a: Ursaluna
|-singleturn|p1a: Ursaluna|Protect
|move|p2a: Torkoal|Weather Ball|p1a: Ursaluna
|-activate|p1a: Ursaluna|move: Protect
|move|p1b: Torkoal|Overheat|p2b: Hatterene
|-resisted|p2b: Hatterene
|-damage|p2b: Hatterene|40/100
|-unboost|p1b: Torkoal|spa|2
|-enditem|p1b: Torkoal|Eject Pack
|
|t:|1756282612
|switch|p1b: Incineroar|Incineroar, L50, F|58/100
|-ability|p1b: Incineroar|Intimidate|boost
|-unboost|p2a: Torkoal|atk|1
|-unboost|p2b: Hatterene|atk|1
|move|p2b: Hatterene|Dazzling Gleam|p1b: Incineroar|[spread] p1b
|-activate|p1a: Ursaluna|move: Protect
|-damage|p1b: Incineroar|15/100
|-enditem|p1b: Incineroar|Sitrus Berry|[eat]
|-heal|p1b: Incineroar|40/100|[from] item: Sitrus Berry
|-damage|p2b: Hatterene|30/100|[from] item: Life Orb
|
|-weather|SunnyDay|[upkeep]
|-status|p1a: Ursaluna|brn|[from] item: Flame Orb
|upkeep
|turn|5
|inactive|momoechis has 30 seconds left.
|
|t:|1756282638
|switch|p1b: Torkoal|Torkoal, L50, F|9/100
|move|p2a: Torkoal|Eruption|p1a: Ursaluna|[spread] p1a,p1b
|-resisted|p1b: Torkoal
|-damage|p1a: Ursaluna|20/100 brn
|-damage|p1b: Torkoal|0 fnt
|faint|p1b: Torkoal
|move|p2b: Hatterene|Dazzling Gleam|p1a: Ursaluna
|-damage|p1a: Ursaluna|0 fnt
|faint|p1a: Ursaluna
|-damage|p2b: Hatterene|20/100|[from] item: Life Orb
|
|-weather|SunnyDay|[upkeep]
|-fieldend|move: Trick Room
|-fieldend|move: Psychic Terrain
|upkeep
|c|☆momoechis|damnnnn
|c|☆momoechis|i overread
|c|☆the crimson wooper|really really close you needed to preserve ursa
|c|☆the crimson wooper|what were you reading?
|inactive|momoechis has 30 seconds left.
|c|☆momoechis|protect on torkoal for the fake out
|
|t:|1756282670
|switch|p1a: Incineroar|Incineroar, L50, F|40/100
|-ability|p1a: Incineroar|Intimidate|boost
|-unboost|p2a: Torkoal|atk|1
|-unboost|p2b: Hatterene|atk|1
|turn|6
|c|☆the crimson wooper|psychic terrain was still up there was no fake out
|
|t:|1756282683
|move|p1a: Incineroar|Fake Out|p2a: Torkoal
|-damage|p2a: Torkoal|92/100
|move|p2b: Hatterene|Dazzling Gleam|p1a: Incineroar
|-damage|p1a: Incineroar|0 fnt
|faint|p1a: Incineroar
|-damage|p2b: Hatterene|10/100|[from] item: Life Orb
|
|win|the crimson wooper
||the crimson wooper is ready for game 2.
|c|☆momoechis|ACK
|inactive|momoechis has 30 seconds to confirm battle start!
||momoechis is ready for game 2.
|uhtml|next|Next: Game 2 of 3
