|j|☆NBZ-H
|j|☆Jwisnbf
|html|NBZ-HJwisnbf    
|uhtml|bestof|Game 1 of a best-of-3
|t:|1757862275
|gametype|doubles
|player|p1|NBZ-H|102|1070
|player|p2|Jwisnbf|skierf-gen4dp|1040
|gen|9
|tier|[Gen 9] VGC 2025 Reg H (Bo3)
|rated|
|rule|Species Clause: Limit one of each Pokémon
|rule|Item Clause: Limit 1 of each item
|clearpoke
|poke|p1|Scyther, L50, M|
|poke|p1|Mimikyu, L50, M|
|poke|p1|Rotom-Heat, L50|
|poke|p1|Palafin, L50, F|
|poke|p1|Tsareena, L50, F|
|poke|p1|Incineroar, L50, F|
|poke|p2|Indeedee-F, L50, F|
|poke|p2|Hatterene, L50, F|
|poke|p2|Armarouge, L50, F|
|poke|p2|Amoonguss, L50, F|
|poke|p2|Kingambit, L50, F|
|poke|p2|Smeargle, L50, F|
|teampreview|4
|showteam|p1|Scyther||Eviolite|Technician|DualWingbeat,BugBite,Tailwind,Protect|||M|||50|,,,,,Ground]Mimikyu||LifeOrb|Disguise|WillOWisp,PlayRough,ShadowClaw,Protect|||M|||50|,,,,,Fire]Rotom-Heat||ChoiceScarf|Levitate|Trick,VoltSwitch,Overheat,TeraBlast||||||50|,,,,,Water]Palafin||ChoiceBand|ZerotoHero|JetPunch,Fling,FlipTurn,WaveCrash|||F|||50|,,,,,Water]Tsareena||AssaultVest|QueenlyMajesty|KnockOff,Uturn,TripleAxel,SeedBomb|||F|||50|,,,,,Water]Incineroar||SafetyGoggles|Intimidate|FakeOut,FlareBlitz,PartingShot,KnockOff|||F|||50|,,,,,Bug
|showteam|p2|Indeedee-F||PsychicSeed|PsychicSurge|TrickRoom,Protect,HelpingHand,DazzlingGleam|||F|||50|,,,,,Psychic]Hatterene||SafetyGoggles|MagicBounce|DazzlingGleam,ExpandingForce,Protect,TrickRoom|||F|||50|,,,,,Psychic]Armarouge||LifeOrb|FlashFire|ArmorCannon,Protect,ExpandingForce,Flamethrower|||F|||50|,,,,,Fire]Amoonguss||AguavBerry|EffectSpore|Spore,PollenPuff,Protect,Toxic|||F|||50|,,,,,Water]Kingambit||AssaultVest|Defiant|IronHead,Protect,SwordsDance,KowtowCleave|||F|||50|,,,,,Dark]Smeargle||FocusSash|OwnTempo|Decorate,Protect,TrickRoom,FollowMe|||F|||50|,,,,,Normal
|
|t:|1757862316
|teamsize|p1|4
|teamsize|p2|4
|start
|switch|p1a: Palafin|Palafin, L50, F|100/100
|switch|p1b: Rotom|Rotom-Heat, L50|100/100
|switch|p2a: Indeedee|Indeedee-F, L50, F|100/100
|switch|p2b: Hatterene|Hatterene, L50, F|100/100
|-fieldstart|move: Psychic Terrain|[from] ability: Psychic Surge|[of] p2a: Indeedee
|-enditem|p2a: Indeedee|Psychic Seed
|-boost|p2a: Indeedee|spd|1|[from] item: Psychic Seed
|turn|1
|
|t:|1757862365
|move|p2b: Hatterene|Protect|p2b: Hatterene
|-singleturn|p2b: Hatterene|Protect
|move|p1b: Rotom|Volt Switch|p2b: Hatterene
|-activate|p2b: Hatterene|move: Protect
|move|p1a: Palafin|Flip Turn|p2b: Hatterene
|-activate|p2b: Hatterene|move: Protect
|move|p2a: Indeedee|Trick Room|p2a: Indeedee
|-fieldstart|move: Trick Room|[of] p2a: Indeedee
|
|upkeep
|turn|2
|
|t:|1757862379
|move|p2a: Indeedee|Helping Hand|p2b: Hatterene
|-singleturn|p2b: Hatterene|Helping Hand|[of] p2a: Indeedee
|move|p2b: Hatterene|Expanding Force|p1b: Rotom|[spread] p1a,p1b
|-damage|p1a: Palafin|0 fnt
|-damage|p1b: Rotom|0 fnt
|faint|p1a: Palafin
|faint|p1b: Rotom
|
|upkeep
|
|t:|1757862384
|switch|p1b: Tsareena|Tsareena, L50, F|100/100
|switch|p1a: Scyther|Scyther, L50, M|100/100
|turn|3
|
|t:|1757862410
|move|p2a: Indeedee|Helping Hand|p2b: Hatterene
|-singleturn|p2b: Hatterene|Helping Hand|[of] p2a: Indeedee
|move|p2b: Hatterene|Expanding Force|p1a: Scyther|[spread] p1a,p1b
|-damage|p1a: Scyther|20/100
|-damage|p1b: Tsareena|33/100
|move|p1b: Tsareena|Seed Bomb|p2b: Hatterene
|-damage|p2b: Hatterene|55/100
|move|p1a: Scyther|Dual Wingbeat|p2b: Hatterene
|-damage|p2b: Hatterene|24/100
|-damage|p2b: Hatterene|0 fnt
|faint|p2b: Hatterene
|-hitcount|p2: Hatterene|2
|
|upkeep
|
|t:|1757862422
|switch|p2b: Armarouge|Armarouge, L50, F|100/100
|turn|4
|
|t:|1757862434
|move|p2a: Indeedee|Helping Hand|p2b: Armarouge
|-singleturn|p2b: Armarouge|Helping Hand|[of] p2a: Indeedee
|move|p2b: Armarouge|Armor Cannon|p1b: Tsareena
|-supereffective|p1b: Tsareena
|-damage|p1b: Tsareena|0 fnt
|-unboost|p2b: Armarouge|def|1
|-unboost|p2b: Armarouge|spd|1
|faint|p1b: Tsareena
|-damage|p2b: Armarouge|91/100|[from] item: Life Orb
|move|p1a: Scyther|Dual Wingbeat|p2b: Armarouge|[miss]
|-miss|p1a: Scyther|p2b: Armarouge
|
|upkeep
|turn|5
|
|t:|1757862451
|move|p2a: Indeedee|Helping Hand|p2b: Armarouge
|-singleturn|p2b: Armarouge|Helping Hand|[of] p2a: Indeedee
|move|p2b: Armarouge|Armor Cannon|p1a: Scyther
|-supereffective|p1a: Scyther
|-damage|p1a: Scyther|0 fnt
|-unboost|p2b: Armarouge|def|1
|-unboost|p2b: Armarouge|spd|1
|faint|p1a: Scyther
|-damage|p2b: Armarouge|81/100|[from] item: Life Orb
|
|win|Jwisnbf
||NBZ-H is ready for game 2.
|inactive|Jwisnbf has 30 seconds to confirm battle start!
|inactive|Jwisnbf has 20 seconds to confirm battle start!
|inactive|Jwisnbf has 10 seconds to confirm battle start!
|uhtml|next|Next: Game 2 of 3
|l|☆Jwisnbf
|player|p2|
