|j|☆deans milk
|j|☆PreparationHHH
|html|deans milkPreparationHHH    
|uhtml|bestof|Game 1 of a best-of-3
|t:|1757782410
|gametype|doubles
|player|p1|deans milk|2|1142
|player|p2|PreparationHHH|zinzolin|1223
|gen|9
|tier|[Gen 9] VGC 2025 Reg H (Bo3)
|rated|
|rule|Species Clause: Limit one of each Pokémon
|rule|Item Clause: Limit 1 of each item
|clearpoke
|poke|p1|Archaludon, L50, M|
|poke|p1|Kingdra, L50, F|
|poke|p1|Politoed, L50, F|
|poke|p1|Incineroar, L50, M|
|poke|p1|Gothitelle, L50, F|
|poke|p1|Amoonguss, L50, F|
|poke|p2|Toedscruel, L50, M|
|poke|p2|Weezing-Galar, L50, M|
|poke|p2|Pelipper, L50, M|
|poke|p2|Archaludon, L50, M|
|poke|p2|Comfey, L50, M|
|poke|p2|Kingdra, L50, M|
|teampreview|4
|showteam|p1|Archaludon||PowerHerb|Sturdy|Protect,ElectroShot,FlashCannon,DragonPulse|||M|||50|,,,,,Electric]Kingdra||LifeOrb|SwiftSwim|Protect,DracoMeteor,WeatherBall,MuddyWater|||F|||50|,,,,,Stellar]Politoed||Leftovers|Drizzle|Protect,WeatherBall,PerishSong,Encore|||F|||50|,,,,,Grass]Incineroar||SafetyGoggles|Intimidate|FakeOut,KnockOff,PartingShot,Protect|||M|||50|,,,,,Ghost]Gothitelle||SitrusBerry|ShadowTag|Protect,Psychic,FakeOut,TrickRoom|||F|||50|,,,,,Dark]Amoonguss||EjectButton|Regenerator|Protect,RagePowder,Spore,PollenPuff|||F|||50|,,,,,Fairy
|showteam|p2|Toedscruel||CovertCloak|MyceliumMight|Spore,BulletSeed,Protect,EarthPower|||M|||50|,,,,,Water]Weezing-Galar||SitrusBerry|NeutralizingGas|StrangeSteam,Taunt,SludgeBomb,Protect|||M|||50|,,,,,Ghost]Pelipper||ChoiceScarf|Drizzle|WeatherBall,Hurricane,Tailwind,Uturn|||M|||50|,,,,,Ghost]Archaludon||AssaultVest|Stamina|ElectroShot,Snarl,BodyPress,FlashCannon|||M|||50|,,,,,Grass]Comfey||SafetyGoggles|Triage|DrainingKiss,FloralHealing,LightScreen,Protect|||M|||50|,,,,,Steel]Kingdra||LifeOrb|SwiftSwim|WeatherBall,Surf,DracoMeteor,Protect|||M|||50|,,,,,Steel
|
|t:|1757782497
|teamsize|p1|4
|teamsize|p2|4
|start
|switch|p1a: Politoed|Politoed, L50, F|100/100
|switch|p1b: Amoonguss|Amoonguss, L50, F|100/100
|switch|p2a: Pelipper|Pelipper, L50, M|100/100
|switch|p2b: Kingdra|Kingdra, L50, M|100/100
|-weather|RainDance|[from] ability: Drizzle|[of] p2a: Pelipper
|turn|1
|
|t:|1757782541
|-terastallize|p1b: Amoonguss|Fairy
|move|p1a: Politoed|Protect|p1a: Politoed
|-singleturn|p1a: Politoed|Protect
|move|p2b: Kingdra|Draco Meteor|p1a: Politoed
|-activate|p1a: Politoed|move: Protect
|move|p2a: Pelipper|Hurricane|p1a: Politoed
|-activate|p1a: Politoed|move: Protect
|move|p1b: Amoonguss|Spore|p2b: Kingdra
|-status|p2b: Kingdra|slp|[from] move: Spore
|
|-weather|RainDance|[upkeep]
|upkeep
|turn|2
|
|t:|1757782562
|switch|p2b: Archaludon|Archaludon, L50, M|100/100
|move|p2a: Pelipper|Hurricane|p1a: Politoed
|-damage|p1a: Politoed|61/100
|-start|p1a: Politoed|confusion
|-activate|p1a: Politoed|confusion
|move|p1a: Politoed|Perish Song|p1a: Politoed
|-start|p1a: Politoed|perish3|[silent]
|-start|p1b: Amoonguss|perish3|[silent]
|-start|p2a: Pelipper|perish3|[silent]
|-start|p2b: Archaludon|perish3|[silent]
|-fieldactivate|move: Perish Song
|move|p1b: Amoonguss|Spore|p2a: Pelipper
|-status|p2a: Pelipper|slp|[from] move: Spore
|
|-weather|RainDance|[upkeep]
|-heal|p1a: Politoed|67/100|[from] item: Leftovers
|-start|p2a: Pelipper|perish3
|-start|p2b: Archaludon|perish3
|-start|p1a: Politoed|perish3
|-start|p1b: Amoonguss|perish3
|upkeep
|turn|3
|
|t:|1757782586
|switch|p2a: Kingdra|Kingdra, L50, M|100/100 slp
|switch|p1a: Gothitelle|Gothitelle, L50, F|100/100
|move|p2b: Archaludon|Electro Shot||[still]
|-prepare|p2b: Archaludon|Electro Shot
|-boost|p2b: Archaludon|spa|1
|-anim|p2b: Archaludon|Electro Shot|p1b: Amoonguss
|-damage|p1b: Amoonguss|49/100
|-enditem|p1b: Amoonguss|Eject Button
|
|t:|1757782597
|switch|p1b: Archaludon|Archaludon, L50, M|100/100
|
|-weather|RainDance|[upkeep]
|-start|p2b: Archaludon|perish2
|upkeep
|turn|4
|
|t:|1757782616
|move|p1a: Gothitelle|Fake Out|p2b: Archaludon
|-resisted|p2b: Archaludon
|-damage|p2b: Archaludon|98/100
|-ability|p2b: Archaludon|Stamina|boost
|-boost|p2b: Archaludon|def|1
|cant|p2a: Kingdra|slp
|move|p1b: Archaludon|Electro Shot||[still]
|-prepare|p1b: Archaludon|Electro Shot
|-boost|p1b: Archaludon|spa|1
|-anim|p1b: Archaludon|Electro Shot|p2a: Kingdra
|-damage|p2a: Kingdra|40/100 slp
|cant|p2b: Archaludon|flinch
|
|-weather|RainDance|[upkeep]
|-start|p2b: Archaludon|perish1
|upkeep
|turn|5
|
|t:|1757782640
|move|p1b: Archaludon|Protect|p1b: Archaludon
|-singleturn|p1b: Archaludon|Protect
|move|p1a: Gothitelle|Protect|p1a: Gothitelle
|-singleturn|p1a: Gothitelle|Protect
|cant|p2a: Kingdra|slp
|move|p2b: Archaludon|Snarl|p1a: Gothitelle|[spread] 
|-activate|p1a: Gothitelle|move: Protect
|-activate|p1b: Archaludon|move: Protect
|
|-weather|none
|-start|p2b: Archaludon|perish0
|faint|p2b: Archaludon
|upkeep
|
|t:|1757782655
|switch|p2b: Pelipper|Pelipper, L50, M|100/100 slp
|-weather|RainDance|[from] ability: Drizzle|[of] p2b: Pelipper
|turn|6
|
|t:|1757782667
|switch|p1a: Amoonguss|Amoonguss, L50, F, tera:Fairy|82/100
|-curestatus|p2a: Kingdra|slp|[msg]
|move|p2a: Kingdra|Weather Ball|p1a: Amoonguss
|-damage|p1a: Amoonguss|14/100
|-damage|p2a: Kingdra|30/100|[from] item: Life Orb
|cant|p2b: Pelipper|slp
|move|p1b: Archaludon|Electro Shot||[still]
|-prepare|p1b: Archaludon|Electro Shot
|-boost|p1b: Archaludon|spa|1
|-anim|p1b: Archaludon|Electro Shot|p2b: Pelipper
|-supereffective|p2b: Pelipper
|-damage|p2b: Pelipper|0 fnt
|faint|p2b: Pelipper
|
|-weather|RainDance|[upkeep]
|upkeep
|
|t:|1757782683
|switch|p2b: Comfey|Comfey, L50, M|100/100
|turn|7
|
|t:|1757782700
|move|p2a: Kingdra|Protect|p2a: Kingdra
|-singleturn|p2a: Kingdra|Protect
|move|p2b: Comfey|Draining Kiss|p1b: Archaludon
|-damage|p1b: Archaludon|78/100
|move|p1b: Archaludon|Electro Shot||[still]
|-prepare|p1b: Archaludon|Electro Shot
|-boost|p1b: Archaludon|spa|1
|-anim|p1b: Archaludon|Electro Shot|p2a: Kingdra
|-activate|p2a: Kingdra|move: Protect
|move|p1a: Amoonguss|Spore|p2b: Comfey
|-activate|p2b: Comfey|item: Safety Goggles|Spore
|
|-weather|RainDance|[upkeep]
|upkeep
|turn|8
|
|t:|1757782720
|move|p2b: Comfey|Floral Healing|p2a: Kingdra
|-heal|p2a: Kingdra|80/100
|move|p2a: Kingdra|Weather Ball|p1b: Archaludon
|-resisted|p1b: Archaludon
|-damage|p1b: Archaludon|11/100
|-damage|p2a: Kingdra|71/100|[from] item: Life Orb
|move|p1b: Archaludon|Electro Shot||[still]
|-prepare|p1b: Archaludon|Electro Shot
|-boost|p1b: Archaludon|spa|1
|-anim|p1b: Archaludon|Electro Shot|p2a: Kingdra
|-crit|p2a: Kingdra
|-damage|p2a: Kingdra|0 fnt
|faint|p2a: Kingdra
|move|p1a: Amoonguss|Pollen Puff|p1b: Archaludon
|-heal|p1b: Archaludon|61/100
|
|-weather|RainDance|[upkeep]
|upkeep
|turn|9
|-message|PreparationHHH forfeited.
|
|win|deans milk
||PreparationHHH is ready for game 2.
||deans milk is ready for game 2.
|uhtml|next|Next: Game 2 of 3
|l|☆deans milk
|player|p1|
