|j|☆BayleefVGC
|j|☆x-demon18
|html|BayleefVGCx-demon18    
|uhtml|bestof|Game 1 of a best-of-3
|t:|1783934656
|gametype|doubles
|player|p1|BayleefVGC|2|1235
|player|p2|x-demon18|266|1228
|gen|9
|tier|[Gen 9 Champions] VGC 2026 Reg M-B (Bo3)
|rated|
|rule|Species Clause: Limit one of each Pokémon
|rule|Item Clause: Limit 1 of each item
|clearpoke
|poke|p1|Grimmsnarl, L50, M|
|poke|p1|Swampert, L50, M|
|poke|p1|Pelipper, L50, M|
|poke|p1|Archaludon, L50, M|
|poke|p1|Sinistcha, L50|
|poke|p1|Gholdengo, L50|
|poke|p2|Incineroar, L50, M|
|poke|p2|Rotom-Wash, L50|
|poke|p2|Venusaur, L50, M|
|poke|p2|Garchomp, L50, M|
|poke|p2|Sylveon, L50, F|
|poke|p2|Corviknight, L50, M|
|teampreview|4
|showteam|p1|Grimmsnarl||LightClay|Prankster|FoulPlay,PartingShot,Reflect,LightScreen|Calm||M|||50|]Swampert||Swampertite|Damp|WaveCrash,Earthquake,IcePunch,Protect|Adamant||M|||50|]Pelipper||SitrusBerry|Drizzle|Hurricane,WeatherBall,Tailwind,WideGuard|Modest||M|||50|]Archaludon||Leftovers|Stamina|ElectroShot,DragonPulse,FlashCannon,Protect|Modest||M|||50|]Sinistcha||CobaBerry|Hospitality|MatchaGotcha,RagePowder,TrickRoom,Protect|Relaxed|||||50|]Gholdengo||LifeOrb|GoodasGold|MakeItRain,ShadowBall,NastyPlot,Protect|Modest|||||50|
|showteam|p2|Incineroar||ExpertBelt|Intimidate|FakeOut,TemperFlare,ThroatChop,PartingShot|Adamant||M|||50|]Rotom-Wash||SitrusBerry|Levitate|HydroPump,Electroweb,WillOWisp,VoltSwitch|Modest|||||50|]Venusaur||Venusaurite|Chlorophyll|GigaDrain,SludgeBomb,EarthPower,Protect|Modest||M|||50|]Garchomp||LifeOrb|RoughSkin|RockSlide,DragonClaw,StompingTantrum,Protect|Jolly||M|||50|]Sylveon||FairyFeather|Pixilate|HyperVoice,QuickAttack,Yawn,Detect|Modest||F|||50|]Corviknight||OccaBerry|MirrorArmor|Tailwind,BraveBird,IronHead,BodyPress|Careful||M|||50|
|inactive|Battle timer is ON: inactive players will automatically lose when time's up. (requested by BayleefVGC)
|inactive|BayleefVGC has 60 seconds left.
|inactive|x-demon18 has 60 seconds left.
|inactive|BayleefVGC has 30 seconds left.
|inactive|BayleefVGC has 20 seconds left.
|inactive|BayleefVGC has 15 seconds left.
|
|t:|1783934734
|teamsize|p1|4
|teamsize|p2|4
|start
|switch|p1a: Grimmsnarl|Grimmsnarl, L50, M|100/100
|switch|p1b: Archaludon|Archaludon, L50, M|100/100
|switch|p2a: Yggdrasil|Venusaur, L50, M|100/100
|switch|p2b: HydroVolt|Rotom-Wash, L50|100/100
|turn|1
|inactive|x-demon18 has 30 seconds left.
|
|t:|1783934761
|detailschange|p2a: Yggdrasil|Venusaur-Mega, L50, M
|-mega|p2a: Yggdrasil|Venusaur|Venusaurite
|move|p1b: Archaludon|Protect|p1b: Archaludon
|-singleturn|p1b: Archaludon|Protect
|move|p1a: Grimmsnarl|Light Screen|p1a: Grimmsnarl
|-sidestart|p1: BayleefVGC|move: Light Screen
|move|p2a: Yggdrasil|Sludge Bomb|p1a: Grimmsnarl
|-supereffective|p1a: Grimmsnarl|1
|-damage|p1a: Grimmsnarl|44/100
|move|p2b: HydroVolt|Volt Switch|p1a: Grimmsnarl
|-damage|p1a: Grimmsnarl|26/100
|
|t:|1783934778
|switch|p2b: Frieren|Sylveon, L50, F|100/100|[from] Volt Switch
|
|upkeep
|turn|2
|inactive|BayleefVGC has 30 seconds left.
|inactive|BayleefVGC has 20 seconds left.
|
|t:|1783934816
|move|p1a: Grimmsnarl|Parting Shot|p2a: Yggdrasil
|-unboost|p2a: Yggdrasil|atk|1
|-unboost|p2a: Yggdrasil|spa|1
|
|t:|1783934820
|switch|p1a: Pelipper|Pelipper, L50, M|100/100|[from] Parting Shot
|-weather|RainDance|[from] ability: Drizzle|[of] p1a: Pelipper
|move|p2a: Yggdrasil|Sludge Bomb|p1a: Pelipper
|-damage|p1a: Pelipper|73/100
|move|p1b: Archaludon|Electro Shot||[still]
|-prepare|p1b: Archaludon|Electro Shot
|-boost|p1b: Archaludon|spa|1
|-anim|p1b: Archaludon|Electro Shot|p2b: Frieren
|-damage|p2b: Frieren|54/100
|move|p2b: Frieren|Yawn|p1b: Archaludon
|-start|p1b: Archaludon|move: Yawn|[of] p2b: Frieren
|
|-weather|RainDance|[upkeep]
|upkeep
|turn|3
|inactive|BayleefVGC has 30 seconds left.
|
|t:|1783934850
|switch|p2a: HydroVolt|Rotom-Wash, L50|100/100
|switch|p1b: Grimmsnarl|Grimmsnarl, L50, M|26/100
|move|p2b: Frieren|Detect|p2b: Frieren
|-singleturn|p2b: Frieren|Protect
|move|p1a: Pelipper|Weather Ball|p2b: Frieren
|-activate|p2b: Frieren|move: Protect
|
|-weather|RainDance|[upkeep]
|upkeep
|turn|4
|inactive|BayleefVGC has 30 seconds left.
|inactive|x-demon18 has 30 seconds left.
|
|t:|1783934880
|switch|p1a: Archaludon|Archaludon, L50, M|100/100
|move|p1b: Grimmsnarl|Parting Shot|p2b: Frieren
|-unboost|p2b: Frieren|atk|1
|-unboost|p2b: Frieren|spa|1
|
|t:|1783934885
|switch|p1b: Swampert|Swampert, L50, M|100/100|[from] Parting Shot
|move|p2a: HydroVolt|Volt Switch|p1a: Archaludon
|-resisted|p1a: Archaludon|1
|-damage|p1a: Archaludon|90/100
|-ability|p1a: Archaludon|Stamina|boost
|-boost|p1a: Archaludon|def|1
|
|t:|1783934894
|switch|p2a: Yggdrasil|Venusaur-Mega, L50, M|100/100|[from] Volt Switch
|move|p2b: Frieren|Hyper Voice|p1a: Archaludon|[spread] p1a,p1b
|-damage|p1a: Archaludon|71/100
|-damage|p1b: Swampert|81/100
|-ability|p1a: Archaludon|Stamina|boost
|-boost|p1a: Archaludon|def|1
|
|-weather|RainDance|[upkeep]
|-heal|p1a: Archaludon|77/100|[from] item: Leftovers
|upkeep
|turn|5
|inactive|BayleefVGC has 30 seconds left.
|
|t:|1783934923
|detailschange|p1b: Swampert|Swampert-Mega, L50, M
|-mega|p1b: Swampert|Swampert|Swampertite
|move|p1b: Swampert|Protect|p1b: Swampert
|-singleturn|p1b: Swampert|Protect
|move|p2b: Frieren|Detect|p2b: Frieren
|-singleturn|p2b: Frieren|Protect
|move|p2a: Yggdrasil|Giga Drain|p1b: Swampert
|-activate|p1b: Swampert|move: Protect
|move|p1a: Archaludon|Electro Shot||[still]
|-prepare|p1a: Archaludon|Electro Shot
|-boost|p1a: Archaludon|spa|1
|-anim|p1a: Archaludon|Electro Shot|p2a: Yggdrasil
|-resisted|p2a: Yggdrasil|1
|-damage|p2a: Yggdrasil|76/100
|
|-weather|RainDance|[upkeep]
|-heal|p1a: Archaludon|83/100|[from] item: Leftovers
|upkeep
|turn|6
|inactive|BayleefVGC has 30 seconds left.
|inactive|x-demon18 has 30 seconds left.
|inactive|BayleefVGC has 20 seconds left.
|inactive|x-demon18 has 20 seconds left.
|inactive|BayleefVGC has 15 seconds left.
|inactive|x-demon18 has 15 seconds left.
|inactive|x-demon18 has 10 seconds left.
|inactive|x-demon18 has 5 seconds left.
|
|t:|1783934975
|switch|p1b: Grimmsnarl|Grimmsnarl, L50, M|26/100
|move|p2a: Yggdrasil|Earth Power|p1a: Archaludon
|-supereffective|p1a: Archaludon|1
|-damage|p1a: Archaludon|44/100
|-ability|p1a: Archaludon|Stamina|boost
|-boost|p1a: Archaludon|def|1
|move|p1a: Archaludon|Flash Cannon|p2b: Frieren
|-supereffective|p2b: Frieren|1
|-damage|p2b: Frieren|0 fnt
|faint|p2b: Frieren
|
|-weather|none
|-heal|p1a: Archaludon|50/100g|[from] item: Leftovers
|upkeep
|
|t:|1783934989
|switch|p2b: HydroVolt|Rotom-Wash, L50|100/100
|turn|7
|
|t:|1783934997
|move|p1b: Grimmsnarl|Parting Shot|p2a: Yggdrasil
|-unboost|p2a: Yggdrasil|atk|1
|-unboost|p2a: Yggdrasil|spa|1
|
|t:|1783935005
|switch|p1b: Pelipper|Pelipper, L50, M|73/100|[from] Parting Shot
|-weather|RainDance|[from] ability: Drizzle|[of] p1b: Pelipper
|move|p2a: Yggdrasil|Earth Power|p1a: Archaludon
|-supereffective|p1a: Archaludon|1
|-crit|p1a: Archaludon
|-damage|p1a: Archaludon|0 fnt
|faint|p1a: Archaludon
|move|p2b: HydroVolt|Volt Switch|p1b: Pelipper
|-supereffective|p1b: Pelipper|2
|-damage|p1b: Pelipper|0 fnt
|faint|p1b: Pelipper
|
|t:|1783935021
|switch|p2b: Wolverine|Incineroar, L50, M|100/100|[from] Volt Switch
|
|-weather|RainDance|[upkeep]
|upkeep
|
|t:|1783935024
|switch|p1a: Grimmsnarl|Grimmsnarl, L50, M|26/100
|switch|p1b: Swampert|Swampert-Mega, L50, M|81/100
|turn|8
|
|t:|1783935042
|move|p1b: Swampert|Protect|p1b: Swampert
|-singleturn|p1b: Swampert|Protect
|move|p2b: Wolverine|Fake Out|p1b: Swampert
|-activate|p1b: Swampert|move: Protect
|move|p2a: Yggdrasil|Sludge Bomb|p1a: Grimmsnarl
|-supereffective|p1a: Grimmsnarl|1
|-damage|p1a: Grimmsnarl|0 fnt
|faint|p1a: Grimmsnarl
|
|-weather|RainDance|[upkeep]
|-sideend|p1: BayleefVGC|move: Light Screen
|upkeep
|turn|9
|
|t:|1783935057
|switch|p2b: HydroVolt|Rotom-Wash, L50|100/100
|move|p1b: Swampert|Earthquake|p2b: HydroVolt|[spread] p2a
|-immune|p2b: HydroVolt|[from] ability: Levitate
|-damage|p2a: Yggdrasil|40/100
|move|p2a: Yggdrasil|Giga Drain|p1b: Swampert
|-supereffective|p1b: Swampert|2
|-damage|p1b: Swampert|0 fnt
|-heal|p2a: Yggdrasil|83/100|[from] drain|[of] p1b: Swampert
|faint|p1b: Swampert
|
|win|x-demon18
|inactive|BayleefVGC has 30 seconds to confirm battle start!
|inactive|x-demon18 has 30 seconds to confirm battle start!
||BayleefVGC is ready for game 2.
