|j|☆tizio20
|j|‽CharizardHater3
|html|tizio20CharizardHater3    
|uhtml|bestof|Game 3 of a best-of-3
|t:|1785353527
|gametype|doubles
|player|p1|tizio20|169|
|player|p2|CharizardHater3|cynthia-gen4|
|gen|9
|tier|[Gen 9 Champions] VGC 2026 Reg M-B (Bo3)
|rule|Species Clause: Limit one of each Pokémon
|rule|Item Clause: Limit 1 of each item
|clearpoke
|poke|p1|Blastoise, L50, M|
|poke|p1|Delphox, L50, M|
|poke|p1|Incineroar, L50, F|
|poke|p1|Sneasler, L50, F|
|poke|p1|Sinistcha, L50|
|poke|p1|Kingambit, L50, M|
|poke|p2|Pelipper, L50, F, shiny|
|poke|p2|Archaludon, L50, F, shiny|
|poke|p2|Sneasler, L50, M|
|poke|p2|Swampert, L50, M, shiny|
|poke|p2|Kingambit, L50, F|
|poke|p2|Mamoswine, L50, F|
|teampreview|4
|showteam|p1|Blastoise||Blastoisinite|RainDish|WaterSpout,DarkPulse,ShellSmash,Protect|Modest||M|||50|]Delphox||Delphoxite|Blaze|HeatWave,Psyshock,NastyPlot,Protect|Modest||M|||50|]Incineroar||SitrusBerry|Intimidate|FakeOut,FlareBlitz,HelpingHand,PartingShot|Careful||F|||50|]Sneasler||FocusSash|PoisonTouch|PoisonJab,CloseCombat,FakeOut,QuickGuard|Jolly||F|||50|]Sinistcha||KasibBerry|Hospitality|MatchaGotcha,RagePowder,TrickRoom,Protect|Bold|||||50|]Kingambit||BlackGlasses|Defiant|KowtowCleave,SuckerPunch,SwordsDance,Protect|Adamant||M|||50|
|showteam|p2|Pelipper||FocusSash|Drizzle|Protect,Hurricane,WeatherBall,Tailwind|Modest||F|||50|]Archaludon||ChopleBerry|Stamina|Protect,FlashCannon,DracoMeteor,ElectroShot|Modest||F|||50|]Sneasler||WhiteHerb|Unburden|CloseCombat,FakeOut,DireClaw,Coaching|Adamant||M|||50|]Swampert||Swampertite|Torrent|WaveCrash,IcePunch,Protect,Earthquake|Adamant||M|||50|]Kingambit||BlackBelt|Defiant|KowtowCleave,SuckerPunch,LowKick,IronHead|Adamant||F|||50|]Mamoswine||ChoiceScarf|ThickFat|IceShard,RockSlide,IcicleCrash,HighHorsepower|Jolly||F|||50|
|inactive|Battle timer is ON: inactive players will automatically lose when time's up. (requested by tizio20)
|
|t:|1785353550
|teamsize|p1|4
|teamsize|p2|4
|start
|switch|p1a: Blastoise|Blastoise, L50, M|100/100
|switch|p1b: Sinistcha|Sinistcha, L50|100/100
|switch|p2a: Kingambit|Kingambit, L50, F|100/100
|switch|p2b: Archaludon|Archaludon, L50, F, shiny|100/100
|turn|1
|
|t:|1785353569
|detailschange|p1a: Blastoise|Blastoise-Mega, L50, M
|-mega|p1a: Blastoise|Blastoise|Blastoisinite
|move|p1b: Sinistcha|Protect|p1b: Sinistcha
|-singleturn|p1b: Sinistcha|Protect
|move|p1a: Blastoise|Water Spout|p2a: Kingambit|[spread] p2a,p2b
|-resisted|p2b: Archaludon|1
|-damage|p2a: Kingambit|42/100
|-damage|p2b: Archaludon|68/100
|-ability|p2b: Archaludon|Stamina|boost
|-boost|p2b: Archaludon|def|1
|move|p2b: Archaludon|Electro Shot||[still]
|-prepare|p2b: Archaludon|Electro Shot
|-boost|p2b: Archaludon|spa|1
|move|p2a: Kingambit|Kowtow Cleave|p1b: Sinistcha
|-activate|p1b: Sinistcha|move: Protect
|
|upkeep
|turn|2
|
|t:|1785353594
|move|p1b: Sinistcha|Rage Powder|p1b: Sinistcha
|-singleturn|p1b: Sinistcha|move: Rage Powder
|move|p1a: Blastoise|Shell Smash|p1a: Blastoise
|-unboost|p1a: Blastoise|def|1
|-unboost|p1a: Blastoise|spd|1
|-boost|p1a: Blastoise|atk|2
|-boost|p1a: Blastoise|spa|2
|-boost|p1a: Blastoise|spe|2
|move|p2b: Archaludon|Electro Shot|p1b: Sinistcha|[from] lockedmove
|-resisted|p1b: Sinistcha|1
|-damage|p1b: Sinistcha|70/100
|move|p2a: Kingambit|Kowtow Cleave|p1b: Sinistcha
|-supereffective|p1b: Sinistcha|1
|-damage|p1b: Sinistcha|0 fnt
|faint|p1b: Sinistcha
|
|upkeep
|
|t:|1785353605
|switch|p1b: Sneasler|Sneasler, L50, F|100/100
|turn|3
|
|t:|1785353616
|move|p2b: Archaludon|Protect|p2b: Archaludon
|-singleturn|p2b: Archaludon|Protect
|move|p1b: Sneasler|Fake Out|p2a: Kingambit
|-resisted|p2a: Kingambit|1
|-damage|p2a: Kingambit|37/100
|cant|p2a: Kingambit|flinch
|move|p1a: Blastoise|Water Spout|p2b: Archaludon|[spread] p2a
|-activate|p2b: Archaludon|move: Protect
|-damage|p2a: Kingambit|0 fnt
|faint|p2a: Kingambit
|
|upkeep
|
|t:|1785353624
|switch|p2a: Pelipper|Pelipper, L50, F, shiny|100/100
|-weather|RainDance|[from] ability: Drizzle|[of] p2a: Pelipper
|turn|4
|
|t:|1785353637
|move|p1a: Blastoise|Water Spout|p2a: Pelipper|[spread] p2a,p2b
|-resisted|p2a: Pelipper|1
|-resisted|p2b: Archaludon|1
|-enditem|p2a: Pelipper|Focus Sash
|-damage|p2a: Pelipper|1/100
|-damage|p2b: Archaludon|0 fnt
|faint|p2b: Archaludon
|move|p1b: Sneasler|Poison Jab|p2a: Pelipper
|-damage|p2a: Pelipper|0 fnt
|faint|p2a: Pelipper
|
|-weather|RainDance|[upkeep]
|upkeep
|
|t:|1785353644
|switch|p2b: Swampert|Swampert, L50, M, shiny|100/100
|turn|5
|
|t:|1785353653
|detailschange|p2b: Swampert|Swampert-Mega, L50, M, shiny
|-mega|p2b: Swampert|Swampert|Swampertite
|move|p1a: Blastoise|Water Spout|p2b: Swampert
|-damage|p2b: Swampert|0 fnt
|faint|p2b: Swampert
|
|win|tizio20
|c|☆tizio20|gg wp
|l|‽CharizardHater3
|player|p2|
