|j|☆orphan of koss
|j|☆Avocadobabyyy
|html|orphan of kossAvocadobabyyy    
|uhtml|bestof|Game 1 of a best-of-3
|t:|1757844896
|gametype|doubles
|player|p1|orphan of koss|guitarist|1218
|player|p2|Avocadobabyyy|dawn|1161
|gen|9
|tier|[Gen 9] VGC 2025 Reg H (Bo3)
|rated|
|rule|Species Clause: Limit one of each Pokémon
|rule|Item Clause: Limit 1 of each item
|clearpoke
|poke|p1|Arcanine-Hisui, L50, F|
|poke|p1|Milotic, L50, M|
|poke|p1|Rillaboom, L50, M|
|poke|p1|Porygon-Z, L50|
|poke|p1|Electabuzz, L50, F|
|poke|p1|Gholdengo, L50|
|poke|p2|Archaludon, L50, F|
|poke|p2|Kingdra, L50, F|
|poke|p2|Politoed, L50, F|
|poke|p2|Incineroar, L50, F|
|poke|p2|Gothitelle, L50, M|
|poke|p2|Amoonguss, L50, M|
|teampreview|4
|showteam|p1|Arcanine-Hisui||ChoiceBand|Intimidate|RockSlide,FlareBlitz,CloseCombat,ExtremeSpeed|||F|||50|,,,,,Normal]Milotic||FlameOrb|MarvelScale|Scald,IceBeam,Haze,Protect|||M|||50|,,,,,Dragon]Rillaboom||MiracleSeed|GrassySurge|GrassyGlide,DrumBeating,Uturn,FakeOut|||M|||50|,,,,,Grass]Porygon-Z||LifeOrb|Adaptability|TeraBlast,IceBeam,HyperBeam,Protect||||||50|,,,,,Ground]Electabuzz||Eviolite|VitalSpirit|Electroweb,FollowMe,Taunt,Protect|||F|||50|,,,,,Ghost]Gholdengo||GrassySeed|GoodasGold|MakeItRain,ShadowBall,NastyPlot,Protect||||||50|,,,,,Water
|showteam|p2|Archaludon||PowerHerb|Sturdy|Protect,ElectroShot,FlashCannon,DragonPulse|||F|||50|,,,,,Electric]Kingdra||LifeOrb|SwiftSwim|Protect,DracoMeteor,WeatherBall,MuddyWater|||F|||50|,,,,,Stellar]Politoed||Leftovers|Drizzle|Protect,WeatherBall,PerishSong,Encore|||F|||50|,,,,,Grass]Incineroar||SafetyGoggles|Intimidate|FakeOut,KnockOff,PartingShot,Protect|||F|||50|,,,,,Ghost]Gothitelle||SitrusBerry|ShadowTag|Protect,Psychic,FakeOut,TrickRoom|||M|||50|,,,,,Dark]Amoonguss||EjectButton|Regenerator|Protect,RagePowder,Spore,PollenPuff|||M|||50|,,,,,Fairy
|inactive|Battle timer is ON: inactive players will automatically lose when time's up. (requested by orphan of koss)
|inactive|Avocadobabyyy has 60 seconds left.
|
|t:|1757844939
|teamsize|p1|4
|teamsize|p2|4
|start
|switch|p1a: Electabuzz|Electabuzz, L50, F|100/100
|switch|p1b: Gholdengo|Gholdengo, L50|100/100
|switch|p2a: Archaludon|Archaludon, L50, F|100/100
|switch|p2b: Incineroar|Incineroar, L50, F|100/100
|-ability|p2b: Incineroar|Intimidate|boost
|-unboost|p1a: Electabuzz|atk|1
|-unboost|p1b: Gholdengo|atk|1
|turn|1
|inactive|orphan of koss has 30 seconds left.
|inactive|orphan of koss has 20 seconds left.
|
|t:|1757844975
|-terastallize|p2a: Archaludon|Electric
|move|p1a: Electabuzz|Electroweb|p2b: Incineroar|[spread] p2a,p2b
|-resisted|p2a: Archaludon
|-damage|p2a: Archaludon|91/100
|-damage|p2b: Incineroar|91/100
|-unboost|p2a: Archaludon|spe|1
|-unboost|p2b: Incineroar|spe|1
|move|p1b: Gholdengo|Nasty Plot|p1b: Gholdengo
|-boost|p1b: Gholdengo|spa|2
|move|p2a: Archaludon|Electro Shot||[still]
|-prepare|p2a: Archaludon|Electro Shot
|-boost|p2a: Archaludon|spa|1
|-enditem|p2a: Archaludon|Power Herb
|-anim|p2a: Archaludon|Electro Shot|p1b: Gholdengo
|-crit|p1b: Gholdengo
|-damage|p1b: Gholdengo|0 fnt
|faint|p1b: Gholdengo
|move|p2b: Incineroar|Knock Off|p1a: Electabuzz
|-damage|p1a: Electabuzz|61/100
|-enditem|p1a: Electabuzz|Eviolite|[from] move: Knock Off|[of] p2b: Incineroar
|
|upkeep
|
|t:|1757844981
|switch|p1b: Porygon-Z|Porygon-Z, L50|100/100
|turn|2
|inactive|Avocadobabyyy has 30 seconds left.
|
|t:|1757845009
|-terastallize|p1b: Porygon-Z|Ground
|move|p2a: Archaludon|Protect|p2a: Archaludon
|-singleturn|p2a: Archaludon|Protect
|move|p1a: Electabuzz|Follow Me|p1a: Electabuzz
|-singleturn|p1a: Electabuzz|move: Follow Me
|move|p1b: Porygon-Z|Tera Blast|p2b: Incineroar|[anim] Tera Blast Ground
|-supereffective|p2b: Incineroar
|-damage|p2b: Incineroar|0 fnt
|faint|p2b: Incineroar
|-damage|p1b: Porygon-Z|91/100|[from] item: Life Orb
|
|upkeep
|
|t:|1757845019
|switch|p2b: Kingdra|Kingdra, L50, F|100/100
|turn|3
|
|t:|1757845039
|switch|p1a: Rillaboom|Rillaboom, L50, M|100/100
|-fieldstart|move: Grassy Terrain|[from] ability: Grassy Surge|[of] p1a: Rillaboom
|switch|p2a: Politoed|Politoed, L50, F|100/100
|-weather|RainDance|[from] ability: Drizzle|[of] p2a: Politoed
|move|p1b: Porygon-Z|Protect|p1b: Porygon-Z
|-singleturn|p1b: Porygon-Z|Protect
|move|p2b: Kingdra|Muddy Water|p1a: Rillaboom|[spread] p1a
|-activate|p1b: Porygon-Z|move: Protect
|-resisted|p1a: Rillaboom
|-damage|p1a: Rillaboom|67/100
|-damage|p2b: Kingdra|91/100|[from] item: Life Orb
|
|-weather|RainDance|[upkeep]
|-heal|p2b: Kingdra|97/100|[from] Grassy Terrain
|-heal|p1a: Rillaboom|73/100|[from] Grassy Terrain
|-heal|p1b: Porygon-Z|97/100|[from] Grassy Terrain
|upkeep
|turn|4
|inactive|orphan of koss has 30 seconds left.
|
|t:|1757845073
|move|p2b: Kingdra|Protect|p2b: Kingdra
|-singleturn|p2b: Kingdra|Protect
|move|p2a: Politoed|Protect|p2a: Politoed
|-singleturn|p2a: Politoed|Protect
|move|p1a: Rillaboom|Grassy Glide|p2a: Politoed
|-activate|p2a: Politoed|move: Protect
|move|p1b: Porygon-Z|Tera Blast|p2a: Politoed|[anim] Tera Blast Ground
|-activate|p2a: Politoed|move: Protect
|
|-weather|RainDance|[upkeep]
|-heal|p2b: Kingdra|100/100|[from] Grassy Terrain
|-heal|p1a: Rillaboom|79/100|[from] Grassy Terrain
|-heal|p1b: Porygon-Z|100/100|[from] Grassy Terrain
|upkeep
|turn|5
|
|t:|1757845097
|move|p1b: Porygon-Z|Protect|p1b: Porygon-Z
|-singleturn|p1b: Porygon-Z|Protect
|move|p2b: Kingdra|Muddy Water|p1b: Porygon-Z|[spread] p1a
|-activate|p1b: Porygon-Z|move: Protect
|-resisted|p1a: Rillaboom
|-damage|p1a: Rillaboom|43/100
|-unboost|p1a: Rillaboom|accuracy|1
|-damage|p2b: Kingdra|91/100|[from] item: Life Orb
|move|p1a: Rillaboom|Drum Beating|p2b: Kingdra|[miss]
|-miss|p1a: Rillaboom|p2b: Kingdra
|move|p2a: Politoed|Perish Song|p2a: Politoed
|-start|p1a: Rillaboom|perish3|[silent]
|-start|p1b: Porygon-Z|perish3|[silent]
|-start|p2a: Politoed|perish3|[silent]
|-start|p2b: Kingdra|perish3|[silent]
|-fieldactivate|move: Perish Song
|
|-weather|RainDance|[upkeep]
|-heal|p2b: Kingdra|97/100|[from] Grassy Terrain
|-heal|p1a: Rillaboom|49/100|[from] Grassy Terrain
|-start|p2b: Kingdra|perish3
|-start|p1a: Rillaboom|perish3
|-start|p1b: Porygon-Z|perish3
|-start|p2a: Politoed|perish3
|upkeep
|turn|6
|inactive|orphan of koss has 30 seconds left.
|inactive|orphan of koss has 20 seconds left.
|
|t:|1757845133
|switch|p1b: Electabuzz|Electabuzz, L50, F|61/100
|switch|p2a: Archaludon|Archaludon, L50, F, tera:Electric|91/100
|move|p2b: Kingdra|Muddy Water|p1b: Electabuzz|[spread] p1a,p1b
|-resisted|p1a: Rillaboom
|-crit|p1a: Rillaboom
|-damage|p1a: Rillaboom|0 fnt
|-damage|p1b: Electabuzz|0 fnt
|faint|p1a: Rillaboom
|faint|p1b: Electabuzz
|-damage|p2b: Kingdra|87/100|[from] item: Life Orb
|
|-weather|RainDance|[upkeep]
|-heal|p2b: Kingdra|93/100|[from] Grassy Terrain
|-heal|p2a: Archaludon|97/100|[from] Grassy Terrain
|-start|p2b: Kingdra|perish2
|upkeep
|
|t:|1757845146
|switch|p1b: Porygon-Z|Porygon-Z, L50, tera:Ground|100/100
|turn|7
|
|t:|1757845156
|move|p1b: Porygon-Z|Protect|p1b: Porygon-Z
|-singleturn|p1b: Porygon-Z|Protect
|move|p2b: Kingdra|Weather Ball|p1b: Porygon-Z
|-activate|p1b: Porygon-Z|move: Protect
|move|p2a: Archaludon|Dragon Pulse|p1b: Porygon-Z
|-activate|p1b: Porygon-Z|move: Protect
|
|-weather|none
|-heal|p2b: Kingdra|99/100|[from] Grassy Terrain
|-heal|p2a: Archaludon|100/100|[from] Grassy Terrain
|-start|p2b: Kingdra|perish1
|-fieldend|move: Grassy Terrain
|upkeep
|turn|8
|inactive|orphan of koss has 30 seconds left.
|
|t:|1757845184
|switch|p2b: Politoed|Politoed, L50, F|100/100
|-weather|RainDance|[from] ability: Drizzle|[of] p2b: Politoed
|move|p2a: Archaludon|Dragon Pulse|p1b: Porygon-Z
|-damage|p1b: Porygon-Z|42/100
|move|p1b: Porygon-Z|Tera Blast|p2a: Archaludon|[anim] Tera Blast Ground
|-supereffective|p2a: Archaludon
|-crit|p2a: Archaludon
|-ability|p2a: Archaludon|Sturdy
|-damage|p2a: Archaludon|1/100
|-damage|p1b: Porygon-Z|32/100|[from] item: Life Orb
|
|-weather|RainDance|[upkeep]
|upkeep
|turn|9
|
|t:|1757845203
|move|p2a: Archaludon|Dragon Pulse|p1b: Porygon-Z
|-damage|p1b: Porygon-Z|0 fnt
|faint|p1b: Porygon-Z
|
|win|Avocadobabyyy
||Avocadobabyyy is ready for game 2.
||orphan of koss is ready for game 2.
|uhtml|next|Next: Game 2 of 3
