|j|☆5NitesAtTrickRoom
|j|☆patchspitzy
|html|5NitesAtTrickRoompatchspitzy    
|uhtml|bestof|Game 1 of a best-of-3
|t:|1757806303
|gametype|doubles
|player|p1|5NitesAtTrickRoom|hilbert|
|player|p2|patchspitzy|roark|
|gen|9
|tier|[Gen 9] VGC 2025 Reg H (Bo3)
|rule|Species Clause: Limit one of each Pokémon
|rule|Item Clause: Limit 1 of each item
|clearpoke
|poke|p1|Dragonite, L50, M|
|poke|p1|Gholdengo, L50|
|poke|p1|Ursaluna-Bloodmoon, L50, M|
|poke|p1|Annihilape, L50, M|
|poke|p1|Maushold-Four, L50|
|poke|p1|Rillaboom, L50, F|
|poke|p2|Sneasler, L50, F|
|poke|p2|Dragapult, L50, M|
|poke|p2|Primarina, L50, F|
|poke|p2|Rillaboom, L50, M|
|poke|p2|Kingambit, L50, F|
|poke|p2|Electabuzz, L50, M|
|teampreview|4
|showteam|p1|Dragonite||LoadedDice|Multiscale|ScaleShot,Tailwind,Haze,Protect|||M|||50|,,,,,Fairy]Gholdengo||LifeOrb|GoodasGold|MakeItRain,ShadowBall,NastyPlot,Protect||||||50|,,,,,Water]Ursaluna-Bloodmoon||AssaultVest|MindsEye|BloodMoon,EarthPower,HyperVoice,VacuumWave|||M|||50|,,,,,Water]Annihilape||SitrusBerry|Defiant|DrainPunch,RageFist,BulkUp,Protect|||M|||50|,,,,,Fire]Maushold-Four||FocusSash|FriendGuard|SuperFang,BeatUp,FollowMe,Protect||||||50|,,,,,Ghost]Rillaboom||MiracleSeed|GrassySurge|WoodHammer,GrassyGlide,HighHorsepower,FakeOut|||F|||50|,,,,,Fire
|showteam|p2|Sneasler||FocusSash|PoisonTouch|CloseCombat,DireClaw,FakeOut,Protect|||F|||50|,,,,,Stellar]Dragapult||ChoiceBand|ClearBody|DragonDarts,Outrage,PhantomForce,Uturn|||M|||50|,,,,,Dragon]Primarina||LifeOrb|LiquidVoice|HyperVoice,Moonblast,Haze,Protect|||F|||50|,,,,,Grass]Rillaboom||AssaultVest|GrassySurge|WoodHammer,GrassyGlide,HighHorsepower,FakeOut|||M|||50|,,,,,Fire]Kingambit||BlackGlasses|Defiant|KowtowCleave,SuckerPunch,SwordsDance,Protect|||F|||50|,,,,,Ghost]Electabuzz||Eviolite|VitalSpirit|Thunderbolt,FollowMe,HelpingHand,Protect|||M|||50|,,,,,Ghost
|
|t:|1757806370
|teamsize|p1|4
|teamsize|p2|4
|start
|switch|p1a: Maushold|Maushold-Four, L50|100/100
|switch|p1b: Annihilape|Annihilape, L50, M|100/100
|switch|p2a: 777|Sneasler, L50, F|100/100
|switch|p2b: B-2|Dragapult, L50, M|100/100
|turn|1
|
|t:|1757806382
|move|p1a: Maushold|Protect|p1a: Maushold
|-singleturn|p1a: Maushold|Protect
|move|p2a: 777|Fake Out|p1a: Maushold
|-activate|p1a: Maushold|move: Protect
|move|p2b: B-2|Phantom Force||[still]
|-prepare|p2b: B-2|Phantom Force
|move|p1b: Annihilape|Bulk Up|p1b: Annihilape
|-boost|p1b: Annihilape|atk|1
|-boost|p1b: Annihilape|def|1
|
|upkeep
|turn|2
|
|t:|1757806421
|-terastallize|p1b: Annihilape|Fire
|move|p2b: B-2|Phantom Force|p1b: Annihilape|[from] lockedmove
|-damage|p1b: Annihilape|65/100
|move|p2a: 777|Close Combat|p1a: Maushold
|-supereffective|p1a: Maushold
|-enditem|p1a: Maushold|Focus Sash
|-damage|p1a: Maushold|1/100
|-unboost|p2a: 777|def|1
|-unboost|p2a: 777|spd|1
|move|p1a: Maushold|Super Fang|p2a: 777
|-damage|p2a: 777|51/100
|move|p1b: Annihilape|Rage Fist|p2b: B-2
|-supereffective|p2b: B-2
|-damage|p2b: B-2|0 fnt
|faint|p2b: B-2
|
|upkeep
|
|t:|1757806446
|switch|p2b: Grassy Kong|Rillaboom, L50, M|100/100
|-fieldstart|move: Grassy Terrain|[from] ability: Grassy Surge|[of] p2b: Grassy Kong
|turn|3
|
|t:|1757806464
|-terastallize|p2a: 777|Stellar
|move|p1a: Maushold|Protect|p1a: Maushold
|-singleturn|p1a: Maushold|Protect
|move|p1b: Annihilape|Protect|p1b: Annihilape
|-singleturn|p1b: Annihilape|Protect
|move|p2b: Grassy Kong|Grassy Glide|p1a: Maushold
|-activate|p1a: Maushold|move: Protect
|move|p2a: 777|Close Combat|p1b: Annihilape
|-activate|p1b: Annihilape|move: Protect
|
|-heal|p2a: 777|57/100|[from] Grassy Terrain
|-heal|p1a: Maushold|7/100|[from] Grassy Terrain
|-heal|p1b: Annihilape|72/100|[from] Grassy Terrain
|upkeep
|turn|4
|
|t:|1757806491
|move|p1a: Maushold|Follow Me|p1a: Maushold
|-singleturn|p1a: Maushold|move: Follow Me
|move|p2b: Grassy Kong|Grassy Glide|p1a: Maushold
|-damage|p1a: Maushold|0 fnt
|faint|p1a: Maushold
|move|p2a: 777|Close Combat|p1b: Annihilape
|-damage|p1b: Annihilape|13/100
|-unboost|p2a: 777|def|1
|-unboost|p2a: 777|spd|1
|-enditem|p1b: Annihilape|Sitrus Berry|[eat]
|-heal|p1b: Annihilape|38/100|[from] item: Sitrus Berry
|move|p1b: Annihilape|Rage Fist|p2a: 777
|-crit|p2a: 777
|-damage|p2a: 777|0 fnt
|faint|p2a: 777
|
|-heal|p1b: Annihilape|44/100|[from] Grassy Terrain
|upkeep
|
|t:|1757806509
|switch|p2a: Queen|Kingambit, L50, F|100/100
|switch|p1a: Dragonite|Dragonite, L50, M|100/100
|turn|5
|
|t:|1757806536
|move|p2a: Queen|Protect|p2a: Queen
|-singleturn|p2a: Queen|Protect
|move|p1b: Annihilape|Drain Punch|p2b: Grassy Kong
|-damage|p2b: Grassy Kong|53/100
|-heal|p1b: Annihilape|67/100|[from] drain|[of] p2b: Grassy Kong
|move|p1a: Dragonite|Scale Shot|p2b: Grassy Kong|[miss]
|-miss|p1a: Dragonite|p2b: Grassy Kong
|move|p2b: Grassy Kong|High Horsepower|p1b: Annihilape
|-supereffective|p1b: Annihilape
|-damage|p1b: Annihilape|23/100
|
|-heal|p1b: Annihilape|29/100|[from] Grassy Terrain
|-heal|p2b: Grassy Kong|59/100|[from] Grassy Terrain
|upkeep
|turn|6
|
|t:|1757806554
|move|p2b: Grassy Kong|Grassy Glide|p1a: Dragonite
|-resisted|p1a: Dragonite
|-damage|p1a: Dragonite|95/100
|move|p2a: Queen|Sucker Punch||[still]
|-fail|p2a: Queen
|move|p1b: Annihilape|Bulk Up|p1b: Annihilape
|-boost|p1b: Annihilape|atk|1
|-boost|p1b: Annihilape|def|1
|move|p1a: Dragonite|Scale Shot|p2b: Grassy Kong
|-damage|p2b: Grassy Kong|45/100
|-crit|p2b: Grassy Kong
|-damage|p2b: Grassy Kong|23/100
|-damage|p2b: Grassy Kong|9/100
|-damage|p2b: Grassy Kong|0 fnt
|faint|p2b: Grassy Kong
|-hitcount|p2: Grassy Kong|4
|-unboost|p1a: Dragonite|def|1
|-boost|p1a: Dragonite|spe|1
|
|-heal|p1b: Annihilape|35/100|[from] Grassy Terrain
|upkeep
|turn|7
|
|t:|1757806575
|move|p1a: Dragonite|Scale Shot|p2a: Queen
|-resisted|p2a: Queen
|-damage|p2a: Queen|95/100
|-resisted|p2a: Queen
|-damage|p2a: Queen|89/100
|-resisted|p2a: Queen
|-damage|p2a: Queen|83/100
|-resisted|p2a: Queen
|-damage|p2a: Queen|78/100
|-hitcount|p2a: Queen|4
|-unboost|p1a: Dragonite|def|1
|-boost|p1a: Dragonite|spe|1
|move|p1b: Annihilape|Bulk Up|p1b: Annihilape
|-boost|p1b: Annihilape|atk|1
|-boost|p1b: Annihilape|def|1
|move|p2a: Queen|Kowtow Cleave|p1b: Annihilape
|-damage|p1b: Annihilape|13/100
|
|-heal|p1b: Annihilape|19/100|[from] Grassy Terrain
|-heal|p2a: Queen|84/100|[from] Grassy Terrain
|-fieldend|move: Grassy Terrain
|upkeep
|turn|8
|
|t:|1757806597
|move|p2a: Queen|Sucker Punch|p1b: Annihilape
|-damage|p1b: Annihilape|0 fnt
|faint|p1b: Annihilape
|move|p1a: Dragonite|Scale Shot|p2a: Queen
|-resisted|p2a: Queen
|-damage|p2a: Queen|78/100
|-resisted|p2a: Queen
|-damage|p2a: Queen|72/100
|-resisted|p2a: Queen
|-damage|p2a: Queen|66/100
|-resisted|p2a: Queen
|-damage|p2a: Queen|60/100
|-hitcount|p2a: Queen|4
|-unboost|p1a: Dragonite|def|1
|-boost|p1a: Dragonite|spe|1
|
|upkeep
|
|t:|1757806599
|switch|p1b: Ursaluna|Ursaluna-Bloodmoon, L50, M|100/100
|turn|9
|
|t:|1757806607
|move|p1b: Ursaluna|Vacuum Wave|p2a: Queen
|-supereffective|p2a: Queen
|-crit|p2a: Queen
|-damage|p2a: Queen|0 fnt
|faint|p2a: Queen
|
|win|5NitesAtTrickRoom
||patchspitzy is ready for game 2.
||5NitesAtTrickRoom is ready for game 2.
|uhtml|next|Next: Game 2 of 3
|l|☆patchspitzy
|player|p2|
|j|☆patchspitzy
|player|p2|patchspitzy|roark|
