|j|☆dobbyyyy
|j|☆yinobo
|html|dobbyyyyyinobo    
|uhtml|bestof|Game 3 of a best-of-3
|t:|1784922070
|gametype|doubles
|player|p1|dobbyyyy|266|1220
|player|p2|yinobo|lucas|1180
|gen|9
|tier|[Gen 9 Champions] VGC 2026 Reg M-B (Bo3)
|rated|
|rule|Species Clause: Limit one of each Pokémon
|rule|Item Clause: Limit 1 of each item
|clearpoke
|poke|p1|Floette-Eternal, L50, F|
|poke|p1|Kingambit, L50, M|
|poke|p1|Sneasler, L50, M|
|poke|p1|Incineroar, L50, F|
|poke|p1|Basculegion, L50, M|
|poke|p1|Delphox, L50, M|
|poke|p2|Charizard, L50, M, shiny|
|poke|p2|Garchomp, L50, M, shiny|
|poke|p2|Sylveon, L50, M, shiny|
|poke|p2|Incineroar, L50, M, shiny|
|poke|p2|Toxapex, L50, F, shiny|
|poke|p2|Venusaur, L50, M, shiny|
|teampreview|4
|showteam|p1|Floette-Eternal||Floettite|FlowerVeil|Moonblast,CalmMind,Protect,DazzlingGleam|Serious||F|||50|]Kingambit||BlackGlasses|Defiant|SuckerPunch,SwordsDance,KowtowCleave,Protect|Serious||M|||50|]Sneasler||WhiteHerb|Unburden|CloseCombat,DireClaw,FakeOut,Protect|Serious||M|||50|]Incineroar||SitrusBerry|Intimidate|FlareBlitz,FakeOut,DarkestLariat,PartingShot|Serious||F|||50|]Basculegion||ChoiceScarf|SwiftSwim|AquaJet,FlipTurn,LastRespects,WaveCrash|Serious||M|||50|]Delphox||Delphoxite|Blaze|NastyPlot,Psyshock,HeatWave,Protect|Serious||M|||50|
|showteam|p2|Charizard||CharizarditeY|SolarPower|Protect,WeatherBall,AncientPower,HeatWave|Modest||M|||50|]Garchomp||ChoiceScarf|RoughSkin|StompingTantrum,RockSlide,Earthquake,DragonClaw|Adamant||M|||50|]Sylveon||FairyFeather|Pixilate|Detect,Yawn,QuickAttack,HyperVoice|Modest||M|||50|]Incineroar||SitrusBerry|Intimidate|FlareBlitz,PartingShot,DarkestLariat,FakeOut|Impish||M|||50|]Toxapex||Leftovers|Regenerator|BanefulBunker,WideGuard,Toxic,Infestation|Bold||F|||50|]Venusaur||LifeOrb|Chlorophyll|Protect,EarthPower,SludgeBomb,LeafStorm|Modest||M|||50|
|inactive|Battle timer is ON: inactive players will automatically lose when time's up. (requested by yinobo)
|inactive|yinobo has 60 seconds left.
|
|t:|1784922118
|teamsize|p1|4
|teamsize|p2|4
|start
|switch|p1a: Incineroar|Incineroar, L50, F|100/100
|switch|p1b: Delphox|Delphox, L50, M|100/100
|switch|p2a: Charizard|Charizard, L50, M, shiny|100/100
|switch|p2b: Garchomp|Garchomp, L50, M, shiny|100/100
|-ability|p1a: Incineroar|Intimidate|boost
|-unboost|p2a: Charizard|atk|1
|-unboost|p2b: Garchomp|atk|1
|turn|1
|inactive|dobbyyyy has 30 seconds left.
|
|t:|1784922143
|detailschange|p1b: Delphox|Delphox-Mega, L50, M
|-mega|p1b: Delphox|Delphox|Delphoxite
|detailschange|p2a: Charizard|Charizard-Mega-Y, L50, M, shiny
|-mega|p2a: Charizard|Charizard|Charizardite Y
|-weather|SunnyDay|[from] ability: Drought|[of] p2a: Charizard
|move|p1a: Incineroar|Fake Out|p2b: Garchomp
|-damage|p2b: Garchomp|89/100
|-damage|p1a: Incineroar|87/100|[from] ability: Rough Skin|[of] p2b: Garchomp
|cant|p2b: Garchomp|flinch
|move|p1b: Delphox|Psyshock|p2b: Garchomp
|-damage|p2b: Garchomp|43/100
|move|p2a: Charizard|Ancient Power|p1b: Delphox
|-supereffective|p1b: Delphox|1
|-damage|p1b: Delphox|55/100
|
|-weather|SunnyDay|[upkeep]
|upkeep
|turn|2
|inactive|dobbyyyy has 30 seconds left.
|inactive|yinobo has 30 seconds left.
|
|t:|1784922170
|move|p1b: Delphox|Protect|p1b: Delphox
|-singleturn|p1b: Delphox|Protect
|move|p2b: Garchomp|Rock Slide|p1b: Delphox|[spread] p1a
|-activate|p1b: Delphox|move: Protect
|-supereffective|p1a: Incineroar|1
|-damage|p1a: Incineroar|66/100
|move|p2a: Charizard|Ancient Power|p1a: Incineroar
|-supereffective|p1a: Incineroar|1
|-damage|p1a: Incineroar|24/100
|-boost|p2a: Charizard|atk|1
|-boost|p2a: Charizard|def|1
|-boost|p2a: Charizard|spa|1
|-boost|p2a: Charizard|spd|1
|-boost|p2a: Charizard|spe|1
|-enditem|p1a: Incineroar|Sitrus Berry|[eat]
|-heal|p1a: Incineroar|49/100|[from] item: Sitrus Berry
|move|p1a: Incineroar|Parting Shot|p2b: Garchomp
|-unboost|p2b: Garchomp|atk|1
|-unboost|p2b: Garchomp|spa|1
|
|t:|1784922187
|switch|p1a: Sneasler|Sneasler, L50, M|100/100|[from] Parting Shot
|
|-weather|SunnyDay|[upkeep]
|upkeep
|turn|3
|
|t:|1784922203
|switch|p2b: Incineroar|Incineroar, L50, M, shiny|100/100
|-ability|p2b: Incineroar|Intimidate|boost
|-unboost|p1a: Sneasler|atk|1
|-unboost|p1b: Delphox|atk|1
|-enditem|p1a: Sneasler|White Herb
|-clearnegativeboost|p1a: Sneasler|[silent]
|move|p2a: Charizard|Protect|p2a: Charizard
|-singleturn|p2a: Charizard|Protect
|move|p1a: Sneasler|Fake Out|p2a: Charizard
|-activate|p2a: Charizard|move: Protect
|move|p1b: Delphox|Psyshock|p2b: Incineroar
|-immune|p2b: Incineroar
|
|-weather|SunnyDay|[upkeep]
|upkeep
|turn|4
|
|t:|1784922222
|switch|p1b: Incineroar|Incineroar, L50, F|49/100
|-ability|p1b: Incineroar|Intimidate|boost
|-unboost|p2a: Charizard|atk|1
|-unboost|p2b: Incineroar|atk|1
|move|p1a: Sneasler|Protect|p1a: Sneasler
|-singleturn|p1a: Sneasler|Protect
|move|p2b: Incineroar|Fake Out|p1b: Incineroar
|-damage|p1b: Incineroar|42/100
|move|p2a: Charizard|Weather Ball|p1a: Sneasler
|-activate|p1a: Sneasler|move: Protect
|
|-weather|SunnyDay|[upkeep]
|upkeep
|turn|5
|inactive|dobbyyyy has 30 seconds left.
|inactive|yinobo has 30 seconds left.
|
|t:|1784922255
|switch|p2b: Venusaur|Venusaur, L50, M, shiny|100/100
|move|p2a: Charizard|Protect|p2a: Charizard
|-singleturn|p2a: Charizard|Protect
|move|p1b: Incineroar|Fake Out|p2a: Charizard
|-activate|p2a: Charizard|move: Protect
|move|p1a: Sneasler|Dire Claw|p2a: Charizard
|-activate|p2a: Charizard|move: Protect
|
|-weather|none
|upkeep
|turn|6
|
|t:|1784922274
|move|p1a: Sneasler|Dire Claw|p2a: Charizard
|-damage|p2a: Charizard|72/100
|move|p2a: Charizard|Heat Wave|p1b: Incineroar|[spread] p1a,p1b
|-resisted|p1b: Incineroar|1
|-damage|p1a: Sneasler|12/100
|-damage|p1b: Incineroar|14/100
|move|p2b: Venusaur|Sludge Bomb|p1b: Incineroar
|-damage|p1b: Incineroar|0 fnt
|faint|p1b: Incineroar
|-damage|p2b: Venusaur|90/100|[from] item: Life Orb
|
|upkeep
|
|t:|1784922286
|switch|p1b: Delphox|Delphox-Mega, L50, M|55/100
|turn|7
|
|t:|1784922310
|switch|p2b: Incineroar|Incineroar, L50, M, shiny|100/100
|-ability|p2b: Incineroar|Intimidate|boost
|-unboost|p1a: Sneasler|atk|1
|-unboost|p1b: Delphox|atk|1
|move|p1b: Delphox|Protect|p1b: Delphox
|-singleturn|p1b: Delphox|Protect
|move|p2a: Charizard|Protect|p2a: Charizard
|-singleturn|p2a: Charizard|Protect
|move|p1a: Sneasler|Dire Claw|p2a: Charizard
|-activate|p2a: Charizard|move: Protect
|
|upkeep
|turn|8
|
|t:|1784922325
|switch|p1b: Kingambit|Kingambit, L50, M|100/100
|move|p2b: Incineroar|Fake Out|p1a: Sneasler
|-damage|p1a: Sneasler|0 fnt
|faint|p1a: Sneasler
|move|p2a: Charizard|Ancient Power|p1b: Kingambit
|-resisted|p1b: Kingambit|1
|-damage|p1b: Kingambit|82/100
|
|upkeep
|
|t:|1784922333
|switch|p1a: Delphox|Delphox-Mega, L50, M|55/100
|turn|9
|inactive|yinobo has 30 seconds left.
|
|t:|1784922366
|switch|p2a: Garchomp|Garchomp, L50, M, shiny|43/100
|move|p1a: Delphox|Psyshock|p2a: Garchomp
|-damage|p2a: Garchomp|0 fnt
|faint|p2a: Garchomp
|move|p2b: Incineroar|Parting Shot|p1a: Delphox
|-unboost|p1a: Delphox|atk|1
|-unboost|p1a: Delphox|spa|1
|
|t:|1784922377
|switch|p2b: Charizard|Charizard-Mega-Y, L50, M, shiny|72/100|[from] Parting Shot
|-weather|SunnyDay|[from] ability: Drought|[of] p2b: Charizard
|move|p1b: Kingambit|Swords Dance|p1b: Kingambit
|-boost|p1b: Kingambit|atk|2
|
|-weather|SunnyDay|[upkeep]
|upkeep
|
|t:|1784922386
|switch|p2a: Venusaur|Venusaur, L50, M, shiny|90/100
|turn|10
|inactive|yinobo has 30 seconds left.
|
|t:|1784922421
|move|p1b: Kingambit|Sucker Punch|p2b: Charizard
|-damage|p2b: Charizard|0 fnt
|faint|p2b: Charizard
|move|p2a: Venusaur|Earth Power|p1b: Kingambit
|-supereffective|p1b: Kingambit|1
|-damage|p1b: Kingambit|11/100
|-damage|p2a: Venusaur|81/100|[from] item: Life Orb
|move|p1a: Delphox|Psyshock|p2a: Venusaur
|-supereffective|p2a: Venusaur|1
|-crit|p2a: Venusaur
|-damage|p2a: Venusaur|0 fnt
|faint|p2a: Venusaur
|
|-weather|SunnyDay|[upkeep]
|upkeep
|
|t:|1784922437
|switch|p2b: Incineroar|Incineroar, L50, M, shiny|100/100
|-ability|p2b: Incineroar|Intimidate|boost
|-unboost|p1a: Delphox|atk|1
|-unboost|p1b: Kingambit|atk|1
|-ability|p1b: Kingambit|Defiant|boost
|-boost|p1b: Kingambit|atk|2
|turn|11
|
|t:|1784922452
|move|p1a: Delphox|Protect|p1a: Delphox
|-singleturn|p1a: Delphox|Protect
|move|p1b: Kingambit|Protect|p1b: Kingambit
|-singleturn|p1b: Kingambit|Protect
|move|p2b: Incineroar|Flare Blitz|p1b: Kingambit
|-activate|p1b: Kingambit|move: Protect
|
|-weather|SunnyDay|[upkeep]
|upkeep
|turn|12
|inactive|dobbyyyy has 30 seconds left.
|
|t:|1784922484
|move|p1b: Kingambit|Sucker Punch|p2b: Incineroar
|-resisted|p2b: Incineroar|1
|-crit|p2b: Incineroar
|-damage|p2b: Incineroar|37/100
|-enditem|p2b: Incineroar|Sitrus Berry|[eat]
|-heal|p2b: Incineroar|61/100|[from] item: Sitrus Berry
|move|p1a: Delphox|Heat Wave|p2b: Incineroar|[miss]
|-miss|p1a: Delphox|p2b: Incineroar
|move|p2b: Incineroar|Flare Blitz|p1b: Kingambit
|-supereffective|p1b: Kingambit|1
|-damage|p1b: Kingambit|0 fnt
|faint|p1b: Kingambit
|-damage|p2b: Incineroar|57/100|[from] Recoil
|
|-weather|SunnyDay|[upkeep]
|upkeep
|turn|13
|
|t:|1784922505
|move|p1a: Delphox|Heat Wave|p2b: Incineroar
|-resisted|p2b: Incineroar|1
|-crit|p2b: Incineroar
|-damage|p2b: Incineroar|1/100
|move|p2b: Incineroar|Darkest Lariat|p1a: Delphox
|-supereffective|p1a: Delphox|1
|-damage|p1a: Delphox|0 fnt
|faint|p1a: Delphox
|
|win|yinobo
|raw|dobbyyyy's rating: 1220 → 1192(-28 for losing)
|raw|yinobo's rating: 1180 → 1208(+28 for winning)
