|j|☆Archanile
|j|☆superboke
|html|Archanilesuperboke    
|uhtml|bestof|Game 2 of a best-of-3
|t:|1757923490
|gametype|doubles
|player|p1|Archanile|hilbert|1091
|player|p2|superboke|steven|1183
|gen|9
|tier|[Gen 9] VGC 2025 Reg H (Bo3)
|rated|
|rule|Species Clause: Limit one of each Pokémon
|rule|Item Clause: Limit 1 of each item
|clearpoke
|poke|p1|Dragonite, L50, M|
|poke|p1|Ursaluna-Bloodmoon, L50, M|
|poke|p1|Gholdengo, L50|
|poke|p1|Maushold-Four, L50|
|poke|p1|Annihilape, L50, M|
|poke|p1|Rillaboom, L50, M|
|poke|p2|Weezing, L50, M|
|poke|p2|Slaking, L50, M|
|poke|p2|Sneasler, L50, F|
|poke|p2|Indeedee, L50, M|
|poke|p2|Dondozo, L50, M|
|poke|p2|Tatsugiri, L50, F|
|teampreview|4
|showteam|p1|Dragonite||LoadedDice|Multiscale|ScaleShot,Tailwind,Haze,Protect|||M|||50|,,,,,Fairy]Ursaluna-Bloodmoon||AssaultVest|MindsEye|BloodMoon,EarthPower,HyperVoice,VacuumWave|||M|||50|,,,,,Water]Gholdengo||ChoiceScarf|GoodasGold|MakeItRain,ShadowBall,Thunderbolt,Trick||||||50|,,,,,Ghost]Maushold-Four||FocusSash|FriendGuard|HelpingHand,FollowMe,BeatUp,Protect||||||50|,,,,,Ghost]Annihilape||SitrusBerry|Defiant|RageFist,DrainPunch,BulkUp,Protect|||M|||50|,,,,,Fire]Rillaboom||MiracleSeed|GrassySurge|WoodHammer,GrassyGlide,HighHorsepower,FakeOut|||M|||50|,,,,,Fire
|showteam|p2|Weezing||CovertCloak|NeutralizingGas|SludgeBomb,Protect,Taunt,PoisonGas|||M|||50|,,,,,Flying]Slaking||ChoiceBand|Truant|DoubleEdge,Earthquake,KnockOff,HighHorsepower|||M|||50|,,,,,Ghost]Sneasler||PsychicSeed|Unburden|CloseCombat,DireClaw,Protect,ThroatChop|||F|||50|,,,,,Dark]Indeedee||FocusSash|PsychicSurge|ExpandingForce,TeraBlast,Protect,HelpingHand|||M|||50|,,,,,Psychic]Dondozo||Leftovers|Unaware|Earthquake,OrderUp,WaveCrash,Protect|||M|||50|,,,,,Grass]Tatsugiri||SafetyGoggles|Commander|MuddyWater,DracoMeteor,Protect,HelpingHand|||F|||50|,,,,,Fairy
|inactive|Battle timer is ON: inactive players will automatically lose when time's up. (requested by superboke)
|inactive|Archanile has 60 seconds left.
|inactive|Archanile has 30 seconds left.
|inactive|Archanile has 20 seconds left.
|
|t:|1757923584
|teamsize|p1|4
|teamsize|p2|4
|start
|switch|p1a: Maushold|Maushold-Four, L50|100/100
|switch|p1b: Annihilape|Annihilape, L50, M|100/100
|switch|p2a: Weezing|Weezing, L50, M|100/100
|switch|p2b: Slaking|Slaking, L50, M|100/100
|-ability|p2a: Weezing|Neutralizing Gas
|turn|1
|inactive|Archanile has 30 seconds left.
|
|t:|1757923614
|move|p1a: Maushold|Follow Me|p1a: Maushold
|-singleturn|p1a: Maushold|move: Follow Me
|move|p2b: Slaking|Double-Edge|p1a: Maushold
|-enditem|p1a: Maushold|Focus Sash
|-damage|p1a: Maushold|1/100
|-damage|p2b: Slaking|77/100|[from] Recoil
|move|p1b: Annihilape|Bulk Up|p1b: Annihilape
|-boost|p1b: Annihilape|atk|1
|-boost|p1b: Annihilape|def|1
|move|p2a: Weezing|Sludge Bomb|p1a: Maushold
|-crit|p1a: Maushold
|-damage|p1a: Maushold|0 fnt
|faint|p1a: Maushold
|
|upkeep
|
|t:|1757923625
|switch|p1a: Rillaboom|Rillaboom, L50, M|100/100
|turn|2
|inactive|Archanile has 30 seconds left.
|inactive|Archanile has 20 seconds left.
|
|t:|1757923661
|-terastallize|p2b: Slaking|Ghost
|move|p2b: Slaking|Double-Edge|p1a: Rillaboom
|-damage|p1a: Rillaboom|0 fnt
|faint|p1a: Rillaboom
|-damage|p2b: Slaking|49/100|[from] Recoil
|move|p1b: Annihilape|Bulk Up|p1b: Annihilape
|-boost|p1b: Annihilape|atk|1
|-boost|p1b: Annihilape|def|1
|move|p2a: Weezing|Poison Gas|p1b: Annihilape
|-status|p1b: Annihilape|psn
|
|-damage|p1b: Annihilape|88/100 psn|[from] psn
|upkeep
|
|t:|1757923669
|switch|p1a: Ursaluna|Ursaluna-Bloodmoon, L50, M|100/100
|turn|3
|
|t:|1757923688
|move|p2a: Weezing|Protect|p2a: Weezing
|-singleturn|p2a: Weezing|Protect
|move|p2b: Slaking|Double-Edge|p1a: Ursaluna
|-damage|p1a: Ursaluna|18/100
|-damage|p2b: Slaking|23/100|[from] Recoil
|move|p1b: Annihilape|Rage Fist|p2b: Slaking
|-supereffective|p2b: Slaking
|-damage|p2b: Slaking|0 fnt
|faint|p2b: Slaking
|move|p1a: Ursaluna|Blood Moon|p2a: Weezing
|-activate|p2a: Weezing|move: Protect
|
|-damage|p1b: Annihilape|75/100 psn|[from] psn
|upkeep
|
|t:|1757923701
|switch|p2b: Dondozo|Dondozo, L50, M|100/100
|turn|4
|
|t:|1757923723
|-end|p2a: Weezing|ability: Neutralizing Gas
|switch|p2a: Tatsugiri|Tatsugiri, L50, F|100/100
|-activate|p2a: Tatsugiri|ability: Commander|[of] p2b: Dondozo
|-boost|p2b: Dondozo|atk|2
|-boost|p2b: Dondozo|spa|2
|-boost|p2b: Dondozo|spe|2
|-boost|p2b: Dondozo|def|2
|-boost|p2b: Dondozo|spd|2
|move|p2b: Dondozo|Earthquake|p1a: Ursaluna|[spread] p1a,p1b
|-miss|p2b: Dondozo|p2a: Tatsugiri
|-damage|p1a: Ursaluna|0 fnt
|-damage|p1b: Annihilape|28/100 psn
|-enditem|p1b: Annihilape|Sitrus Berry|[eat]
|-heal|p1b: Annihilape|53/100 psn|[from] item: Sitrus Berry
|faint|p1a: Ursaluna
|move|p1b: Annihilape|Drain Punch|p2b: Dondozo
|-damage|p2b: Dondozo|89/100
|-heal|p1b: Annihilape|60/100 psn|[from] drain|[of] p2b: Dondozo
|
|-heal|p2b: Dondozo|95/100|[from] item: Leftovers
|-damage|p1b: Annihilape|48/100 psn|[from] psn
|upkeep
|turn|5
|-message|Archanile forfeited.
|
|win|superboke
|raw|Archanile's rating: 1091 → 1073(-18 for losing)
|raw|superboke's rating: 1183 → 1202(+19 for winning)
|l|☆Archanile
|player|p1|
