|j|‽Jelloxc
|j|☆CrawlingKingSnake
|html|JelloxcCrawlingKingSnake    
|uhtml|bestof|Game 1 of a best-of-3
|t:|1785125209
|gametype|doubles
|player|p1|Jelloxc|265|1092
|player|p2|CrawlingKingSnake|kamado-armor|1162
|gen|9
|tier|[Gen 9 Champions] VGC 2026 Reg M-B (Bo3)
|rated|
|rule|Species Clause: Limit one of each Pokémon
|rule|Item Clause: Limit 1 of each item
|clearpoke
|poke|p1|Greninja, L50, F|
|poke|p1|Abomasnow, L50, M|
|poke|p1|Avalugg-Hisui, L50, F|
|poke|p1|Beartic, L50, F|
|poke|p1|Ninetales-Alola, L50, M|
|poke|p1|Meowscarada, L50, F|
|poke|p2|Floette-Eternal, L50, F|
|poke|p2|Palafin, L50, F, shiny|
|poke|p2|Incineroar, L50, M|
|poke|p2|Toxapex, L50, F|
|poke|p2|Delphox, L50, F|
|poke|p2|Kingambit, L50, M|
|teampreview|4
|showteam|p1|Greninja||Greninjite|Protean|Blizzard,DarkPulse,WaterShuriken,Protect|Timid||F|||50|]Abomasnow||Abomasite|SnowWarning|AuroraVeil,GigaDrain,Protect,EarthPower|Calm||M|||50|]Avalugg-Hisui||MuscleBand|Sturdy|RockSlide,Earthquake,BodyPress,Protect|Impish||F|||50|]Beartic||LifeOrb|SlushRush|ThroatChop,CloseCombat,RockSlide,AquaJet|Adamant||F|||50|]Ninetales-Alola||FocusSash|SnowWarning|FreezeDry,DazzlingGleam,DarkPulse,Blizzard|Timid||M|||50|]Meowscarada||ExpertBelt|Protean|FlowerTrick,KnockOff,Uturn,Protect|Jolly||F|||50|
|showteam|p2|Floette-Eternal||Floettite|FlowerVeil|DazzlingGleam,DrainingKiss,CalmMind,Protect|Modest||F|||50|]Palafin||LifeOrb|ZerotoHero|WaveCrash,JetPunch,CloseCombat,Protect|Adamant||F|||50|]Incineroar||SitrusBerry|Intimidate|FlareBlitz,FakeOut,DarkestLariat,PartingShot|Careful||M|||50|]Toxapex||Leftovers|Regenerator|Infestation,Toxic,WideGuard,BanefulBunker|Bold||F|||50|]Delphox||Delphoxite|Blaze|HeatWave,Psychic,NastyPlot,Protect|Timid||F|||50|]Kingambit||FocusSash|Defiant|KowtowCleave,SuckerPunch,IronHead,LowKick|Adamant||M|||50|
|inactive|Battle timer is ON: inactive players will automatically lose when time's up. (requested by CrawlingKingSnake)
|
|t:|1785125239
|teamsize|p1|4
|teamsize|p2|4
|start
|switch|p1a: Ninetales|Ninetales-Alola, L50, M|100/100
|switch|p1b: Greninja|Greninja, L50, F|100/100
|switch|p2a: Floette|Floette-Eternal, L50, F|100/100
|switch|p2b: Incineroar|Incineroar, L50, M|100/100
|-weather|Snowscape|[from] ability: Snow Warning|[of] p1a: Ninetales
|-ability|p2b: Incineroar|Intimidate|boost
|-unboost|p1a: Ninetales|atk|1
|-unboost|p1b: Greninja|atk|1
|turn|1
|
|t:|1785125253
|detailschange|p2a: Floette|Floette-Mega, L50, F
|-mega|p2a: Floette|Floette|Floettite
|-ability|p2a: Floette|Fairy Aura
|move|p1b: Greninja|Protect|p1b: Greninja
|-start|p1b: Greninja|typechange|Normal|[from] ability: Protean
|-singleturn|p1b: Greninja|Protect
|move|p2b: Incineroar|Fake Out|p1b: Greninja
|-activate|p1b: Greninja|move: Protect
|move|p1a: Ninetales|Dazzling Gleam|p2b: Incineroar|[spread] p2a,p2b
|-damage|p2a: Floette|79/100
|-damage|p2b: Incineroar|74/100
|move|p2a: Floette|Calm Mind|p2a: Floette
|-boost|p2a: Floette|spa|1
|-boost|p2a: Floette|spd|1
|
|-weather|Snowscape|[upkeep]
|upkeep
|turn|2
|
|t:|1785125277
|switch|p2b: Toxapex|Toxapex, L50, F|100/100
|detailschange|p1b: Greninja|Greninja-Mega, L50, F
|-mega|p1b: Greninja|Greninja|Greninjite
|move|p1b: Greninja|Blizzard|p2a: Floette|[spread] p2a,p2b
|-start|p1b: Greninja|typechange|Ice|[from] ability: Protean
|-resisted|p2b: Toxapex|1
|-damage|p2a: Floette|57/100
|-damage|p2b: Toxapex|84/100
|move|p1a: Ninetales|Blizzard|p2a: Floette|[spread] p2a,p2b
|-resisted|p2b: Toxapex|1
|-damage|p2a: Floette|41/100
|-damage|p2b: Toxapex|73/100
|move|p2a: Floette|Calm Mind|p2a: Floette
|-boost|p2a: Floette|spa|1
|-boost|p2a: Floette|spd|1
|
|-weather|Snowscape|[upkeep]
|-heal|p2b: Toxapex|78/100|[from] item: Leftovers
|upkeep
|turn|3
|
|t:|1785125300
|move|p2b: Toxapex|Wide Guard|p2b: Toxapex
|-singleturn|p2b: Toxapex|Wide Guard
|move|p1b: Greninja|Blizzard|p2b: Toxapex|[spread] 
|-activate|p2a: Floette|move: Wide Guard
|-activate|p2b: Toxapex|move: Wide Guard
|move|p1a: Ninetales|Freeze-Dry|p2b: Toxapex
|-supereffective|p2b: Toxapex|1
|-damage|p2b: Toxapex|36/100
|move|p2a: Floette|Draining Kiss|p1b: Greninja
|-damage|p1b: Greninja|0 fnt
|-heal|p2a: Floette|100/100|[from] drain|[of] p1b: Greninja
|faint|p1b: Greninja
|
|-weather|Snowscape|[upkeep]
|-heal|p2b: Toxapex|42/100|[from] item: Leftovers
|upkeep
|
|t:|1785125313
|switch|p1b: Beartic|Beartic, L50, F|100/100
|turn|4
|
|t:|1785125323
|-heal|p2b: Toxapex|75/100|[from] ability: Regenerator|[silent]
|switch|p2b: Incineroar|Incineroar, L50, M|74/100
|-ability|p2b: Incineroar|Intimidate|boost
|-unboost|p1a: Ninetales|atk|1
|-unboost|p1b: Beartic|atk|1
|move|p1b: Beartic|Rock Slide|p2a: Floette|[spread] p2a,p2b
|-supereffective|p2b: Incineroar|1
|-damage|p2a: Floette|79/100
|-damage|p2b: Incineroar|39/100
|-enditem|p2b: Incineroar|Sitrus Berry|[eat]
|-heal|p2b: Incineroar|64/100|[from] item: Sitrus Berry
|-damage|p1b: Beartic|90/100|[from] item: Life Orb
|move|p1a: Ninetales|Freeze-Dry|p2b: Incineroar
|-resisted|p2b: Incineroar|1
|-damage|p2b: Incineroar|52/100
|move|p2a: Floette|Dazzling Gleam|p1b: Beartic|[spread] p1a,p1b
|-damage|p1a: Ninetales|3/100
|-damage|p1b: Beartic|0 fnt
|faint|p1b: Beartic
|
|-weather|Snowscape|[upkeep]
|upkeep
|
|t:|1785125340
|switch|p1b: Avalugg|Avalugg-Hisui, L50, F|100/100
|turn|5
|
|t:|1785125346
|move|p2b: Incineroar|Fake Out|p1a: Ninetales
|-damage|p1a: Ninetales|0 fnt
|faint|p1a: Ninetales
|move|p2a: Floette|Dazzling Gleam|p1b: Avalugg
|-ability|p1b: Avalugg|Sturdy
|-damage|p1b: Avalugg|1/100
|move|p1b: Avalugg|Earthquake|p2b: Incineroar|[spread] p2a,p2b
|-supereffective|p2b: Incineroar|1
|-damage|p2a: Floette|52/100
|-damage|p2b: Incineroar|4/100
|
|-weather|none
|upkeep
|turn|6
|
|t:|1785125356
|move|p2a: Floette|Dazzling Gleam|p1b: Avalugg
|-damage|p1b: Avalugg|0 fnt
|faint|p1b: Avalugg
|
|win|CrawlingKingSnake
||Jelloxc is ready for game 2.
||CrawlingKingSnake is ready for game 2.
|uhtml|next|Next: Game 2 of 3
