|j|☆LookBackInBanger
|j|☆duggan1000
|html|LookBackInBangerduggan1000    
|uhtml|bestof|Game 1 of a best-of-3
|t:|1756160206
|gametype|doubles
|player|p1|LookBackInBanger|roxie|1084
|player|p2|duggan1000|rocketgruntf|1056
|gen|9
|tier|[Gen 9] VGC 2025 Reg H (Bo3)
|rated|
|rule|Species Clause: Limit one of each Pokémon
|rule|Item Clause: Limit 1 of each item
|clearpoke
|poke|p1|Amoonguss, L50, F|
|poke|p1|Incineroar, L50, M|
|poke|p1|Kingambit, L50, M|
|poke|p1|Ninetales-Alola, L50, M|
|poke|p1|Garchomp, L50, M|
|poke|p1|Dragonite, L50, F|
|poke|p2|Excadrill, L50, M|
|poke|p2|Tyranitar, L50, M|
|poke|p2|Hippowdon, L50, M|
|poke|p2|Bronzong, L50|
|poke|p2|Gastrodon, L50, F|
|poke|p2|Garchomp, L50, F|
|teampreview|4
|showteam|p1|Amoonguss||SitrusBerry|Regenerator|Protect,PollenPuff,Spore,RagePowder|||F|||50|,,,,,Fairy]Incineroar||RockyHelmet|Intimidate|FakeOut,FlareBlitz,KnockOff,PartingShot|||M|||50|,,,,,Grass]Kingambit||SafetyGoggles|Defiant|KowtowCleave,SuckerPunch,SwordsDance,Protect|||M|||50|,,,,,Dark]Ninetales-Alola||ChoiceSpecs|SnowWarning|Blizzard,DazzlingGleam,FreezeDry,Moonblast|||M|||50|,,,,,Ice]Garchomp||ChoiceBand|RoughSkin|DragonClaw,Earthquake,StompingTantrum,RockSlide|||M|||50|,,,,,Steel]Dragonite||AssaultVest|Multiscale|TeraBlast,ExtremeSpeed,IceSpinner,LowKick|||F|||50|,,,,,Flying
|showteam|p2|Excadrill||LifeOrb|SandRush|ThroatChop,Protect,IronHead,HighHorsepower|||M|||50|,,,,,Dragon]Tyranitar||CovertCloak|SandStream|KnockOff,RockSlide,TeraBlast,Protect|||M|||50|,,,,,Flying]Hippowdon||RockyHelmet|SandStream|Earthquake,Protect,Bulldoze,Yawn|||M|||50|,,,,,Ghost]Bronzong||SafetyGoggles|Levitate|TrickRoom,IronDefense,BodyPress,GyroBall||||||50|,,,,,Fairy]Gastrodon||AssaultVest|StormDrain|MuddyWater,EarthPower,SludgeBomb,ClearSmog|||F|||50|,,,,,Poison]Garchomp||ChoiceBand|SandVeil|StompingTantrum,Earthquake,DragonClaw,Protect|||F|||50|,,,,,Ground
|inactive|Battle timer is ON: inactive players will automatically lose when time's up. (requested by duggan1000)
|
|t:|1756160247
|teamsize|p1|4
|teamsize|p2|4
|start
|switch|p1a: Cheddar|Incineroar, L50, M|100/100
|switch|p1b: Roquefort|Garchomp, L50, M|100/100
|switch|p2a: Tyranitar|Tyranitar, L50, M|100/100
|switch|p2b: Excadrill|Excadrill, L50, M|100/100
|-weather|Sandstorm|[from] ability: Sand Stream|[of] p2a: Tyranitar
|-ability|p1a: Cheddar|Intimidate|boost
|-unboost|p2a: Tyranitar|atk|1
|-unboost|p2b: Excadrill|atk|1
|turn|1
|inactive|LookBackInBanger has 30 seconds left.
|inactive|duggan1000 has 30 seconds left.
|inactive|LookBackInBanger has 20 seconds left.
|inactive|LookBackInBanger has 15 seconds left.
|inactive|LookBackInBanger has 10 seconds left.
|inactive|LookBackInBanger has 5 seconds left.
|
|t:|1756160299
|move|p2b: Excadrill|Protect|p2b: Excadrill
|-singleturn|p2b: Excadrill|Protect
|move|p1a: Cheddar|Fake Out|p2b: Excadrill
|-activate|p2b: Excadrill|move: Protect
|move|p1b: Roquefort|Stomping Tantrum|p2a: Tyranitar
|-supereffective|p2a: Tyranitar
|-damage|p2a: Tyranitar|11/100
|move|p2a: Tyranitar|Rock Slide|p1b: Roquefort|[spread] p1a
|-miss|p2a: Tyranitar|p1b: Roquefort
|-supereffective|p1a: Cheddar
|-damage|p1a: Cheddar|61/100
|
|-weather|Sandstorm|[upkeep]
|-damage|p1a: Cheddar|55/100|[from] Sandstorm
|upkeep
|turn|2
|inactive|LookBackInBanger has 30 seconds left.
|inactive|duggan1000 has 30 seconds left.
|inactive|LookBackInBanger has 20 seconds left.
|inactive|LookBackInBanger has 15 seconds left.
|inactive|LookBackInBanger has 10 seconds left.
|
|t:|1756160348
|switch|p2a: Garchomp|Garchomp, L50, F|100/100
|move|p2b: Excadrill|High Horsepower|p1a: Cheddar
|-supereffective|p1a: Cheddar
|-damage|p1a: Cheddar|0 fnt
|-damage|p2b: Excadrill|84/100|[from] item: Rocky Helmet|[of] p1a: Cheddar
|faint|p1a: Cheddar
|-damage|p2b: Excadrill|74/100|[from] item: Life Orb
|move|p1b: Roquefort|Stomping Tantrum|p2b: Excadrill
|-supereffective|p2b: Excadrill
|-damage|p2b: Excadrill|0 fnt
|faint|p2b: Excadrill
|
|-weather|Sandstorm|[upkeep]
|upkeep
|inactive|LookBackInBanger has 30 seconds left.
|
|t:|1756160377
|switch|p2b: Hippowdon|Hippowdon, L50, M|100/100
|switch|p1a: Brie|Ninetales-Alola, L50, M|100/100
|-weather|Snowscape|[from] ability: Snow Warning|[of] p1a: Brie
|-weather|Sandstorm|[from] ability: Sand Stream|[of] p2b: Hippowdon
|turn|3
|inactive|LookBackInBanger has 30 seconds left.
|inactive|duggan1000 has 30 seconds left.
|inactive|LookBackInBanger has 20 seconds left.
|inactive|LookBackInBanger has 15 seconds left.
|inactive|LookBackInBanger has 10 seconds left.
|inactive|LookBackInBanger has 5 seconds left.
|
|t:|1756160429
|-terastallize|p1a: Brie|Ice
|-terastallize|p2a: Garchomp|Ground
|move|p1a: Brie|Blizzard|p2b: Hippowdon|[spread] p2a
|-miss|p1a: Brie|p2b: Hippowdon
|-supereffective|p2a: Garchomp
|-damage|p2a: Garchomp|0 fnt
|faint|p2a: Garchomp
|move|p1b: Roquefort|Stomping Tantrum|p2b: Hippowdon
|-crit|p2b: Hippowdon
|-damage|p2b: Hippowdon|60/100
|-damage|p1b: Roquefort|84/100|[from] item: Rocky Helmet|[of] p2b: Hippowdon
|move|p2b: Hippowdon|Bulldoze|p1a: Brie|[spread] p1a,p1b
|-damage|p1a: Brie|79/100
|-damage|p1b: Roquefort|70/100
|-unboost|p1a: Brie|spe|1
|-unboost|p1b: Roquefort|spe|1
|
|-weather|Sandstorm|[upkeep]
|-damage|p1a: Brie|73/100|[from] Sandstorm
|upkeep
|
|t:|1756160448
|switch|p2a: Tyranitar|Tyranitar, L50, M|11/100
|turn|4
|inactive|duggan1000 has 30 seconds left.
|inactive|LookBackInBanger has 30 seconds left.
|inactive|duggan1000 has 20 seconds left.
|inactive|duggan1000 has 15 seconds left.
|
|t:|1756160490
|switch|p1a: Mozzarella|Dragonite, L50, F|100/100
|move|p2a: Tyranitar|Protect|p2a: Tyranitar
|-singleturn|p2a: Tyranitar|Protect
|move|p1b: Roquefort|Stomping Tantrum|p2a: Tyranitar
|-activate|p2a: Tyranitar|move: Protect
|move|p2b: Hippowdon|Bulldoze|p1b: Roquefort|[spread] p1b
|-activate|p2a: Tyranitar|move: Protect
|-immune|p1a: Mozzarella
|-damage|p1b: Roquefort|54/100
|-unboost|p1b: Roquefort|spe|1
|
|-weather|Sandstorm|[upkeep]
|-damage|p1a: Mozzarella|94/100|[from] Sandstorm
|upkeep
|turn|5
|inactive|LookBackInBanger has 30 seconds left.
|inactive|LookBackInBanger has 20 seconds left.
|
|t:|1756160526
|move|p1a: Mozzarella|Low Kick|p2a: Tyranitar
|-supereffective|p2a: Tyranitar
|-damage|p2a: Tyranitar|0 fnt
|faint|p2a: Tyranitar
|move|p1b: Roquefort|Stomping Tantrum|p2b: Hippowdon
|-damage|p2b: Hippowdon|30/100
|-damage|p1b: Roquefort|38/100|[from] item: Rocky Helmet|[of] p2b: Hippowdon
|move|p2b: Hippowdon|Yawn|p1a: Mozzarella
|-start|p1a: Mozzarella|move: Yawn|[of] p2b: Hippowdon
|
|-weather|Sandstorm|[upkeep]
|-damage|p1a: Mozzarella|88/100|[from] Sandstorm
|upkeep
|turn|6
|inactive|LookBackInBanger has 30 seconds left.
|
|t:|1756160558
|switch|p1a: Brie|Ninetales-Alola, L50, M, tera:Ice|73/100
|-weather|Snowscape|[from] ability: Snow Warning|[of] p1a: Brie
|move|p2b: Hippowdon|Protect|p2b: Hippowdon
|-singleturn|p2b: Hippowdon|Protect
|move|p1b: Roquefort|Stomping Tantrum|p2b: Hippowdon
|-activate|p2b: Hippowdon|move: Protect
|
|-weather|Snowscape|[upkeep]
|upkeep
|turn|7
|
|t:|1756160573
|move|p1a: Brie|Freeze-Dry|p2b: Hippowdon
|-supereffective|p2b: Hippowdon
|-damage|p2b: Hippowdon|0 fnt
|faint|p2b: Hippowdon
|
|win|LookBackInBanger
||LookBackInBanger is ready for game 2.
||duggan1000 is ready for game 2.
|uhtml|next|Next: Game 2 of 3
