|j|☆pokeopposition
|j|☆RegiaDelonix
|html|pokeoppositionRegiaDelonix    
|uhtml|bestof|Game 2 of a best-of-3
|t:|1782622216
|gametype|doubles
|player|p1|pokeopposition|silver|1140
|player|p2|RegiaDelonix|aromalady|1000
|gen|9
|tier|[Gen 9 Champions] VGC 2026 Reg M-B (Bo3)
|rated|
|rule|Species Clause: Limit one of each Pokémon
|rule|Item Clause: Limit 1 of each item
|clearpoke
|poke|p1|Charizard, L50, M, shiny|
|poke|p1|Meowscarada, L50, M, shiny|
|poke|p1|Basculegion, L50, M, shiny|
|poke|p1|Incineroar, L50, F|
|poke|p1|Sneasler, L50, M, shiny|
|poke|p1|Aerodactyl, L50, M, shiny|
|poke|p2|Sylveon, L50, M|
|poke|p2|Eelektross, L50, F|
|poke|p2|Sneasler, L50, F|
|poke|p2|Milotic, L50, M|
|poke|p2|Zoroark-Hisui, L50, M|
|poke|p2|Aerodactyl, L50, F|
|teampreview|4
|showteam|p1|Charizard||CharizarditeX|Blaze|FlareBlitz,DragonClaw,DragonDance,Protect|Adamant||M|||50|]Meowscarada||ChoiceScarf|Protean|TripleAxel,FlowerTrick,Uturn,KnockOff|Jolly||M|||50|]Basculegion||SitrusBerry|Adaptability|WaveCrash,LastRespects,FlipTurn,Protect|Adamant||M|||50|]Incineroar||PasshoBerry|Intimidate|FakeOut,FlareBlitz,Taunt,PartingShot|Impish||F|||50|]Sneasler||FocusSash|Unburden|FakeOut,CloseCombat,DireClaw,Protect|Adamant||M|||50|]Aerodactyl||Aerodactylite|Pressure|RockSlide,DualWingbeat,Tailwind,Protect|Jolly||M|||50|
|showteam|p2|Sylveon||FairyFeather|Pixilate|HyperVoice,DrainingKiss,MysticalFire,Protect|Modest||M|||50|]Eelektross||Eelektrossite|Levitate|SupercellSlam,DrainPunch,Crunch,Protect|Adamant||F|||50|]Sneasler||WhiteHerb|Unburden|CloseCombat,DireClaw,FakeOut,Protect|Modest||F|||50|]Milotic||Leftovers|Competitive|Scald,IceBeam,LifeDew,Protect|Bold||M|||50|]Zoroark-Hisui||WiseGlasses|Illusion|ShadowBall,Flamethrower,HelpingHand,Protect|Modest||M|||50|]Aerodactyl||FocusSash|Unnerve|RockSlide,DualWingbeat,Tailwind,Protect|Serious||F|||50|
|
|t:|1782622248
|teamsize|p1|4
|teamsize|p2|4
|start
|switch|p1a: Sneasler|Sneasler, L50, M, shiny|100/100
|switch|p1b: Aerodactyl|Aerodactyl, L50, M, shiny|100/100
|switch|p2a: Milotic|Milotic, L50, M|100/100
|switch|p2b: Sneasler|Sneasler, L50, F|100/100
|-ability|p1b: Aerodactyl|Pressure
|turn|1
|
|t:|1782622270
|detailschange|p1b: Aerodactyl|Aerodactyl-Mega, L50, M, shiny
|-mega|p1b: Aerodactyl|Aerodactyl|Aerodactylite
|move|p2b: Sneasler|Fake Out|p1a: Sneasler
|-damage|p1a: Sneasler|76/100
|move|p1b: Aerodactyl|Dual Wingbeat|p2b: Sneasler
|-supereffective|p2b: Sneasler|1
|-damage|p2b: Sneasler|18/100
|-supereffective|p2b: Sneasler|1
|-damage|p2b: Sneasler|0 fnt
|faint|p2b: Sneasler
|-hitcount|p2: Sneasler|2
|cant|p1a: Sneasler|flinch
|move|p2a: Milotic|Scald|p1b: Aerodactyl
|-supereffective|p1b: Aerodactyl|1
|-damage|p1b: Aerodactyl|27/100
|-status|p1b: Aerodactyl|brn
|
|-damage|p1b: Aerodactyl|21/100 brn|[from] brn
|upkeep
|
|t:|1782622287
|switch|p2b: Aerodactyl|Aerodactyl, L50, F|100/100
|turn|2
|
|t:|1782622302
|move|p1b: Aerodactyl|Tailwind|p1b: Aerodactyl
|-sidestart|p1: pokeopposition|move: Tailwind
|move|p1a: Sneasler|Close Combat|p2b: Aerodactyl
|-immune|p2b: Aerodactyl
|move|p2b: Aerodactyl|Shadow Ball|p1b: Aerodactyl
|-damage|p1b: Aerodactyl|0 fnt
|faint|p1b: Aerodactyl
|move|p2a: Milotic|Life Dew||[still]|[still]|[spread] 
|-fail|p2a: Milotic|heal
|-fail|p2b: Aerodactyl|heal
|
|upkeep
|
|t:|1782622313
|switch|p1b: Meowscarada|Meowscarada, L50, M, shiny|100/100
|turn|3
|
|t:|1782622324
|move|p2b: Aerodactyl|Protect|p2b: Aerodactyl
|-singleturn|p2b: Aerodactyl|Protect
|move|p1b: Meowscarada|Flower Trick|p2a: Milotic
|-start|p1b: Meowscarada|typechange|Grass|[from] ability: Protean
|-supereffective|p2a: Milotic|1
|-crit|p2a: Milotic
|-damage|p2a: Milotic|9/100
|move|p1a: Sneasler|Dire Claw|p2a: Milotic
|-damage|p2a: Milotic|0 fnt
|faint|p2a: Milotic
|
|upkeep
|
|t:|1782622337
|switch|p2a: Aerodactyl|Aerodactyl, L50, F|100/100
|-ability|p2a: Aerodactyl|Unnerve
|turn|4
|
|t:|1782622350
|move|p1b: Meowscarada|Flower Trick|p2a: Aerodactyl
|-crit|p2a: Aerodactyl
|-damage|p2a: Aerodactyl|26/100
|move|p1a: Sneasler|Close Combat|p2a: Aerodactyl
|-damage|p2a: Aerodactyl|0 fnt
|-unboost|p1a: Sneasler|def|1
|-unboost|p1a: Sneasler|spd|1
|faint|p2a: Aerodactyl
|move|p2b: Aerodactyl|Flamethrower|p1b: Meowscarada
|-supereffective|p1b: Meowscarada|1
|-damage|p1b: Meowscarada|0 fnt
|faint|p1b: Meowscarada
|
|upkeep
|
|t:|1782622356
|switch|p1b: Charizard|Charizard, L50, M, shiny|100/100
|turn|5
|
|t:|1782622365
|move|p1a: Sneasler|Dire Claw|p2b: Aerodactyl
|-resisted|p2b: Aerodactyl|1
|-damage|p2b: Aerodactyl|52/100
|replace|p2b: Zoroark|Zoroark-Hisui, L50, M
|-end|p2b: Zoroark|Illusion
|move|p1b: Charizard|Dragon Dance|p1b: Charizard
|-boost|p1b: Charizard|atk|1
|-boost|p1b: Charizard|spe|1
|move|p2b: Zoroark|Shadow Ball|p1b: Charizard
|-damage|p1b: Charizard|47/100
|
|-sideend|p1: pokeopposition|move: Tailwind
|upkeep
|turn|6
|
|t:|1782622380
|move|p1b: Charizard|Dragon Claw|p2b: Zoroark
|-damage|p2b: Zoroark|0 fnt
|faint|p2b: Zoroark
|
|win|pokeopposition
|raw|pokeopposition's rating: 1140 → 1155(+15 for winning)
|raw|RegiaDelonix's rating: 1000 → 1000(+0 for losing)
