|j|☆dhrx
|j|☆jcoisa
|html|dhrxjcoisa    
|uhtml|bestof|Game 1 of a best-of-3
|t:|1783989262
|gametype|doubles
|player|p1|dhrx|lucian|
|player|p2|jcoisa|1|
|gen|9
|tier|[Gen 9 Champions] VGC 2026 Reg M-B (Bo3)
|rule|Species Clause: Limit one of each Pokémon
|rule|Item Clause: Limit 1 of each item
|clearpoke
|poke|p1|Mawile, L50, M|
|poke|p1|Farigiraf, L50, F|
|poke|p1|Torkoal, L50, M|
|poke|p1|Vivillon, L50, M|
|poke|p1|Incineroar, L50, F|
|poke|p1|Gallade, L50, M|
|poke|p2|Basculegion, L50, M|
|poke|p2|Sneasler, L50, F|
|poke|p2|Pelipper, L50, F|
|poke|p2|Tsareena, L50, F|
|poke|p2|Archaludon, L50, F|
|poke|p2|Manectric, L50, F|
|teampreview|4
|showteam|p1|Mawile||Mawilite|HyperCutter|PlayRough,RockSlide,SuckerPunch,Protect|Brave||M|||50|]Farigiraf||SitrusBerry|ArmorTail|Psychic,Thunderbolt,TrickRoom,Protect|Quiet||F|||50|]Torkoal||Charcoal|Drought|Eruption,WeatherBall,HelpingHand,Protect|Quiet||M|||50|]Vivillon||FocusSash|CompoundEyes|Hurricane,SleepPowder,RagePowder,Protect|Timid||M|||50|]Incineroar||LifeOrb|Intimidate|FlareBlitz,DarkestLariat,CloseCombat,FakeOut|Brave||F|||50|]Gallade||IronBall|Sharpness|SacredSword,PsychoCut,LeafBlade,TrickRoom|Brave||M|||50|
|showteam|p2|Basculegion||MysticWater|SwiftSwim|WaveCrash,AquaJet,LastRespects,Protect|Adamant||M|||50|]Sneasler||WhiteHerb|Unburden|DireClaw,CloseCombat,FakeOut,Protect|Adamant||F|||50|]Pelipper||SitrusBerry|Drizzle|WeatherBall,Hurricane,Tailwind,WideGuard|Modest||F|||50|]Tsareena||ChoiceScarf|QueenlyMajesty|TropKick,TripleAxel,ZenHeadbutt,Uturn|Jolly||F|||50|]Archaludon||Leftovers|Stamina|ElectroShot,DracoMeteor,AuraSphere,Protect|Modest||F|||50|]Manectric||Manectite|LightningRod|Thunder,VoltSwitch,Snarl,Protect|Timid||F|||50|
|
|t:|1783989310
|teamsize|p1|4
|teamsize|p2|4
|start
|switch|p1a: Gallade|Gallade, L50, M|100/100
|switch|p1b: Incineroar|Incineroar, L50, F|100/100
|switch|p2a: Sneasler|Sneasler, L50, F|100/100
|switch|p2b: Tsareena|Tsareena, L50, F|100/100
|-ability|p1b: Incineroar|Intimidate|boost
|-unboost|p2a: Sneasler|atk|1
|-unboost|p2b: Tsareena|atk|1
|-enditem|p2a: Sneasler|White Herb
|-clearnegativeboost|p2a: Sneasler|[silent]
|turn|1
|
|t:|1783989339
|switch|p1b: Farigiraf|Farigiraf, L50, F|100/100
|move|p2a: Sneasler|Fake Out||[still]
|cant|p1b: Farigiraf|ability: Armor Tail|Fake Out|[of] p2a: Sneasler
|move|p2b: Tsareena|U-turn|p1a: Gallade
|-damage|p1a: Gallade|79/100
|
|t:|1783989347
|switch|p2b: Manectric|Manectric, L50, F|100/100|[from] U-turn
|move|p1a: Gallade|Trick Room|p1a: Gallade
|-fieldstart|move: Trick Room|[of] p1a: Gallade
|
|upkeep
|turn|2
|
|t:|1783989386
|switch|p1b: Incineroar|Incineroar, L50, F|100/100
|-ability|p1b: Incineroar|Intimidate|boost
|-unboost|p2a: Sneasler|atk|1
|-unboost|p2b: Manectric|atk|1
|detailschange|p2b: Manectric|Manectric-Mega, L50, F
|-mega|p2b: Manectric|Manectric|Manectite
|-ability|p2b: Manectric|Intimidate|boost
|-unboost|p1a: Gallade|atk|1
|-unboost|p1b: Incineroar|atk|1
|move|p2a: Sneasler|Protect|p2a: Sneasler
|-singleturn|p2a: Sneasler|Protect
|move|p1a: Gallade|Psycho Cut|p2a: Sneasler
|-activate|p2a: Sneasler|move: Protect
|move|p2b: Manectric|Snarl|p1b: Incineroar|[spread] p1a,p1b
|-resisted|p1b: Incineroar|1
|-damage|p1a: Gallade|69/100
|-damage|p1b: Incineroar|93/100
|-unboost|p1a: Gallade|spa|1
|-unboost|p1b: Incineroar|spa|1
|
|upkeep
|turn|3
|
|t:|1783989438
|move|p2b: Manectric|Protect|p2b: Manectric
|-singleturn|p2b: Manectric|Protect
|move|p1a: Gallade|Psycho Cut|p2b: Manectric
|-activate|p2b: Manectric|move: Protect
|move|p1b: Incineroar|Flare Blitz|p2b: Manectric
|-activate|p2b: Manectric|move: Protect
|move|p2a: Sneasler|Close Combat|p1b: Incineroar
|-supereffective|p1b: Incineroar|1
|-damage|p1b: Incineroar|9/100
|-unboost|p2a: Sneasler|def|1
|-unboost|p2a: Sneasler|spd|1
|
|upkeep
|turn|4
|
|t:|1783989485
|switch|p1b: Torkoal|Torkoal, L50, M|100/100
|-weather|SunnyDay|[from] ability: Drought|[of] p1b: Torkoal
|switch|p2a: Tsareena|Tsareena, L50, F|100/100
|move|p1a: Gallade|Psycho Cut|p2a: Tsareena
|-crit|p2a: Tsareena
|-damage|p2a: Tsareena|0 fnt
|faint|p2a: Tsareena
|move|p2b: Manectric|Volt Switch|p1b: Torkoal
|-damage|p1b: Torkoal|55/100
|
|t:|1783989500
|switch|p2b: Archaludon|Archaludon, L50, F|100/100|[from] Volt Switch
|
|-weather|SunnyDay|[upkeep]
|upkeep
|
|t:|1783989506
|switch|p2a: Manectric|Manectric-Mega, L50, F|100/100
|-ability|p2a: Manectric|Intimidate|boost
|-unboost|p1a: Gallade|atk|1
|-unboost|p1b: Torkoal|atk|1
|turn|5
|
|t:|1783989532
|switch|p1b: Incineroar|Incineroar, L50, F|9/100
|-ability|p1b: Incineroar|Intimidate|boost
|-unboost|p2a: Manectric|atk|1
|-unboost|p2b: Archaludon|atk|1
|switch|p1a: Farigiraf|Farigiraf, L50, F|100/100
|move|p2b: Archaludon|Protect|p2b: Archaludon
|-singleturn|p2b: Archaludon|Protect
|move|p2a: Manectric|Protect||[still]
|-fail|p2a: Manectric
|
|-weather|SunnyDay|[upkeep]
|-fieldend|move: Trick Room
|upkeep
|turn|6
|
|t:|1783989560
|move|p1b: Incineroar|Fake Out|p2a: Manectric
|-damage|p2a: Manectric|77/100
|-damage|p1b: Incineroar|0 fnt|[from] item: Life Orb
|faint|p1b: Incineroar
|cant|p2a: Manectric|flinch
|move|p2b: Archaludon|Draco Meteor|p1a: Farigiraf
|-damage|p1a: Farigiraf|38/100
|-unboost|p2b: Archaludon|spa|2
|-enditem|p1a: Farigiraf|Sitrus Berry|[eat]
|-heal|p1a: Farigiraf|63/100|[from] item: Sitrus Berry
|move|p1a: Farigiraf|Trick Room|p1a: Farigiraf
|-fieldstart|move: Trick Room|[of] p1a: Farigiraf
|
|-weather|SunnyDay|[upkeep]
|upkeep
|
|t:|1783989579
|switch|p1b: Gallade|Gallade, L50, M|69/100
|turn|7
|
|t:|1783989588
|move|p2b: Archaludon|Protect|p2b: Archaludon
|-singleturn|p2b: Archaludon|Protect
|move|p1b: Gallade|Sacred Sword|p2b: Archaludon
|-activate|p2b: Archaludon|move: Protect
|move|p1a: Farigiraf|Psychic|p2a: Manectric
|-damage|p2a: Manectric|28/100
|move|p2a: Manectric|Snarl|p1a: Farigiraf|[spread] p1a,p1b
|-supereffective|p1a: Farigiraf|1
|-damage|p1a: Farigiraf|40/100
|-damage|p1b: Gallade|57/100
|-unboost|p1a: Farigiraf|spa|1
|-unboost|p1b: Gallade|spa|1
|
|-weather|SunnyDay|[upkeep]
|upkeep
|turn|8
|l|☆jcoisa
|player|p2|
|j|☆jcoisa
|player|p2|jcoisa|1|
|
|t:|1783989696
|move|p2a: Manectric|Protect|p2a: Manectric
|-singleturn|p2a: Manectric|Protect
|move|p1b: Gallade|Sacred Sword|p2b: Archaludon
|-supereffective|p2b: Archaludon|1
|-damage|p2b: Archaludon|0 fnt
|faint|p2b: Archaludon
|move|p1a: Farigiraf|Psychic|p2a: Manectric
|-activate|p2a: Manectric|move: Protect
|
|-weather|none
|upkeep
|
|t:|1783989707
|switch|p2b: Sneasler|Sneasler, L50, F|100/100
|turn|9
|
|t:|1783989719
|move|p1b: Gallade|Psycho Cut|p2a: Manectric
|-damage|p2a: Manectric|0 fnt
|faint|p2a: Manectric
|move|p1a: Farigiraf|Psychic|p2b: Sneasler
|-supereffective|p2b: Sneasler|2
|-damage|p2b: Sneasler|0 fnt
|faint|p2b: Sneasler
|
|win|dhrx
