|j|☆TempestFPS74
|j|☆Aurariolu3
|html|TempestFPS74Aurariolu3    
|uhtml|bestof|Game 3 of a best-of-3
|t:|1785602597
|gametype|doubles
|player|p1|TempestFPS74|cynthia-gen4|1099
|player|p2|Aurariolu3|veteran|1022
|gen|9
|tier|[Gen 9 Champions] VGC 2026 Reg M-B (Bo3)
|rated|
|rule|Species Clause: Limit one of each Pokémon
|rule|Item Clause: Limit 1 of each item
|clearpoke
|poke|p1|Staraptor, L50, F|
|poke|p1|Gholdengo, L50|
|poke|p1|Garchomp, L50, M|
|poke|p1|Whimsicott, L50, F|
|poke|p1|Incineroar, L50, F|
|poke|p1|Greninja, L50, M|
|poke|p2|Sceptile, L50, M, shiny|
|poke|p2|Basculegion, L50, M|
|poke|p2|Rotom-Heat, L50|
|poke|p2|Pelipper, L50, M|
|poke|p2|Archaludon, L50, M|
|poke|p2|Incineroar, L50, M|
|teampreview|4
|showteam|p1|Staraptor||Staraptite|Intimidate|CloseCombat,DualWingbeat,Protect,Roost|Adamant||F|||50|]Gholdengo||LifeOrb|GoodasGold|MakeItRain,ShadowBall,Protect,NastyPlot|Modest|||||50|]Garchomp||WhiteHerb|RoughSkin|DragonClaw,StompingTantrum,Protect,RockSlide|Jolly||M|||50|]Whimsicott||FocusSash|Prankster|EnergyBall,Moonblast,Protect,Tailwind|Timid||F|||50|]Incineroar||ChopleBerry|Intimidate|FlareBlitz,DarkestLariat,PartingShot,FakeOut|Impish||F|||50|]Greninja||Greninjite|Protean|Liquidation,NightSlash,Taunt,Uturn|Jolly||M|||50|
|showteam|p2|Sceptile||Sceptilite|Overgrow|DragonPulse,GigaDrain,Detect,EarthPower|Timid||M|||50|]Basculegion||LifeOrb|SwiftSwim|Soak,LastRespects,FlipTurn,WaveCrash|Jolly||M|||50|]Rotom-Heat||ChoiceScarf|Levitate|WillOWisp,Discharge,Thunder,Overheat|Calm|||||50|]Pelipper||FocusSash|Drizzle|Tailwind,WeatherBall,Hurricane,WideGuard|Bold||M|||50|]Archaludon||Leftovers|Stalwart|ElectroShot,AuraSphere,FlashCannon,Protect|Timid||M|||50|]Incineroar||SitrusBerry|Intimidate|FakeOut,PartingShot,Protect,DarkestLariat|Careful||M|||50|
|
|t:|1785602662
|teamsize|p1|4
|teamsize|p2|4
|start
|switch|p1a: ShmsnHntr|Greninja, L50, M|100/100
|switch|p1b: Fly Away|Whimsicott, L50, F|100/100
|switch|p2a: Basculegion|Basculegion, L50, M|100/100
|switch|p2b: Pride|Sceptile, L50, M, shiny|100/100
|turn|1
|
|t:|1785602695
|detailschange|p1a: ShmsnHntr|Greninja-Mega, L50, M
|-mega|p1a: ShmsnHntr|Greninja|Greninjite
|detailschange|p2b: Pride|Sceptile-Mega, L50, M, shiny
|-mega|p2b: Pride|Sceptile|Sceptilite
|move|p2b: Pride|Detect|p2b: Pride
|-singleturn|p2b: Pride|Protect
|move|p1a: ShmsnHntr|U-turn|p2b: Pride
|-start|p1a: ShmsnHntr|typechange|Bug|[from] ability: Protean
|-activate|p2b: Pride|move: Protect
|move|p1b: Fly Away|Moonblast|p2b: Pride
|-activate|p2b: Pride|move: Protect
|move|p2a: Basculegion|Soak|p1a: ShmsnHntr
|-start|p1a: ShmsnHntr|typechange|Water
|
|upkeep
|turn|2
|
|t:|1785602730
|move|p1b: Fly Away|Tailwind|p1b: Fly Away
|-sidestart|p1: TempestFPS74|move: Tailwind
|move|p1a: ShmsnHntr|U-turn|p2b: Pride
|-supereffective|p2b: Pride|1
|-damage|p2b: Pride|26/100
|
|t:|1785602738
|switch|p1a: 4 BIG GUYS|Incineroar, L50, F|100/100|[from] U-turn
|-ability|p1a: 4 BIG GUYS|Intimidate|boost
|-unboost|p2a: Basculegion|atk|1
|-unboost|p2b: Pride|atk|1
|move|p2b: Pride|Giga Drain|p1a: 4 BIG GUYS
|-resisted|p1a: 4 BIG GUYS|1
|-damage|p1a: 4 BIG GUYS|80/100
|-heal|p2b: Pride|40/100|[from] drain|[of] p1a: 4 BIG GUYS
|move|p2a: Basculegion|Last Respects|p1b: Fly Away
|-damage|p1b: Fly Away|68/100
|-damage|p2a: Basculegion|90/100|[from] item: Life Orb
|
|upkeep
|turn|3
|
|t:|1785602754
|move|p2b: Pride|Detect|p2b: Pride
|-singleturn|p2b: Pride|Protect
|move|p1a: 4 BIG GUYS|Fake Out|p2b: Pride
|-activate|p2b: Pride|move: Protect
|move|p1b: Fly Away|Energy Ball|p2a: Basculegion
|-supereffective|p2a: Basculegion|1
|-damage|p2a: Basculegion|7/100
|move|p2a: Basculegion|Soak|p1a: 4 BIG GUYS
|-start|p1a: 4 BIG GUYS|typechange|Water
|
|upkeep
|turn|4
|
|t:|1785602775
|switch|p2b: Rotom|Rotom-Heat, L50|100/100
|switch|p1a: Monster|Garchomp, L50, M|100/100
|switch|p2a: Incineroar|Incineroar, L50, M|100/100
|-ability|p2a: Incineroar|Intimidate|boost
|-unboost|p1a: Monster|atk|1
|-unboost|p1b: Fly Away|atk|1
|-enditem|p1a: Monster|White Herb
|-clearnegativeboost|p1a: Monster|[silent]
|move|p1b: Fly Away|Moonblast|p2b: Rotom
|-resisted|p2b: Rotom|1
|-damage|p2b: Rotom|84/100
|
|upkeep
|turn|5
|
|t:|1785602802
|move|p1b: Fly Away|Protect|p1b: Fly Away
|-singleturn|p1b: Fly Away|Protect
|move|p1a: Monster|Protect|p1a: Monster
|-singleturn|p1a: Monster|Protect
|move|p2a: Incineroar|Fake Out|p1a: Monster
|-activate|p1a: Monster|move: Protect
|move|p2b: Rotom|Overheat|p1b: Fly Away
|-activate|p1b: Fly Away|move: Protect
|
|-sideend|p1: TempestFPS74|move: Tailwind
|upkeep
|turn|6
|
|t:|1785602824
|move|p1b: Fly Away|Tailwind|p1b: Fly Away
|-sidestart|p1: TempestFPS74|move: Tailwind
|move|p1a: Monster|Rock Slide|p2a: Incineroar|[spread] p2a,p2b
|-supereffective|p2a: Incineroar|1
|-supereffective|p2b: Rotom|1
|-damage|p2a: Incineroar|58/100
|-damage|p2b: Rotom|43/100
|move|p2b: Rotom|Overheat|p1b: Fly Away
|-supereffective|p1b: Fly Away|1
|-damage|p1b: Fly Away|0 fnt
|-unboost|p2b: Rotom|spa|2
|faint|p1b: Fly Away
|cant|p2a: Incineroar|flinch
|
|upkeep
|
|t:|1785602843
|switch|p1b: 4 BIG GUYS|Incineroar, L50, F|80/100
|-ability|p1b: 4 BIG GUYS|Intimidate|boost
|-unboost|p2a: Incineroar|atk|1
|-unboost|p2b: Rotom|atk|1
|turn|7
|
|t:|1785602854
|move|p2a: Incineroar|Protect|p2a: Incineroar
|-singleturn|p2a: Incineroar|Protect
|move|p1b: 4 BIG GUYS|Fake Out|p2b: Rotom
|-damage|p2b: Rotom|29/100
|move|p1a: Monster|Rock Slide|p2b: Rotom|[spread] p2b
|-activate|p2a: Incineroar|move: Protect
|-supereffective|p2b: Rotom|1
|-damage|p2b: Rotom|0 fnt
|faint|p2b: Rotom
|
|upkeep
|
|t:|1785602867
|switch|p2b: Basculegion|Basculegion, L50, M|7/100
|turn|8
|
|t:|1785602878
|move|p1a: Monster|Rock Slide|p2b: Basculegion|[spread] p2a,p2b
|-supereffective|p2a: Incineroar|1
|-damage|p2a: Incineroar|22/100
|-damage|p2b: Basculegion|0 fnt
|-enditem|p2a: Incineroar|Sitrus Berry|[eat]
|-heal|p2a: Incineroar|47/100|[from] item: Sitrus Berry
|faint|p2b: Basculegion
|move|p1b: 4 BIG GUYS|Flare Blitz|p2a: Incineroar
|-resisted|p2a: Incineroar|1
|-damage|p2a: Incineroar|20/100y
|-damage|p1b: 4 BIG GUYS|71/100|[from] Recoil
|cant|p2a: Incineroar|flinch
|
|upkeep
|
|t:|1785602891
|switch|p2b: Pride|Sceptile-Mega, L50, M, shiny|40/100
|turn|9
|
|t:|1785602902
|move|p2b: Pride|Detect|p2b: Pride
|-singleturn|p2b: Pride|Protect
|move|p2a: Incineroar|Protect|p2a: Incineroar
|-singleturn|p2a: Incineroar|Protect
|move|p1a: Monster|Dragon Claw|p2b: Pride
|-activate|p2b: Pride|move: Protect
|move|p1b: 4 BIG GUYS|Flare Blitz|p2a: Incineroar
|-activate|p2a: Incineroar|move: Protect
|
|-sideend|p1: TempestFPS74|move: Tailwind
|upkeep
|turn|10
|
|t:|1785602926
|move|p2b: Pride|Earth Power|p1b: 4 BIG GUYS
|-supereffective|p1b: 4 BIG GUYS|1
|-damage|p1b: 4 BIG GUYS|1/100
|move|p1a: Monster|Dragon Claw|p2b: Pride
|-supereffective|p2b: Pride|1
|-damage|p2b: Pride|0 fnt
|faint|p2b: Pride
|move|p2a: Incineroar|Darkest Lariat|p1a: Monster
|-damage|p1a: Monster|78/100
|-damage|p2a: Incineroar|7/100|[from] ability: Rough Skin|[of] p1a: Monster
|move|p1b: 4 BIG GUYS|Flare Blitz|p2a: Incineroar
|-resisted|p2a: Incineroar|1
|-damage|p2a: Incineroar|0 fnt
|faint|p2a: Incineroar
|-damage|p1b: 4 BIG GUYS|0 fnt|[from] Recoil
|faint|p1b: 4 BIG GUYS
|
|win|TempestFPS74
|raw|TempestFPS74's rating: 1099 → 1119(+20 for winning)
|raw|Aurariolu3's rating: 1022 → 1012(-10 for losing)
|c|☆Aurariolu3|Really…
