|j|☆Dumb5163
|j|☆LozzArcher
|html|Dumb5163LozzArcher    
|uhtml|bestof|Game 2 of a best-of-3
|t:|1756335049
|gametype|doubles
|player|p1|Dumb5163|102|1055
|player|p2|LozzArcher|ghetsis|1128
|gen|9
|tier|[Gen 9] VGC 2025 Reg H (Bo3)
|rated|
|rule|Species Clause: Limit one of each Pokémon
|rule|Item Clause: Limit 1 of each item
|clearpoke
|poke|p1|Annihilape, L50, M|
|poke|p1|Hydreigon, L50, M|
|poke|p1|Amoonguss, L50, F|
|poke|p1|Skeledirge, L50, M|
|poke|p1|Gastrodon-East, L50, M|
|poke|p1|Rillaboom, L50, M|
|poke|p2|Archaludon, L50, F|
|poke|p2|Pelipper, L50, F|
|poke|p2|Gholdengo, L50|
|poke|p2|Basculegion, L50, M|
|poke|p2|Incineroar, L50, F|
|poke|p2|Amoonguss, L50, M|
|teampreview|4
|showteam|p1|Annihilape||ChoiceScarf|Defiant|RageFist,CloseCombat,FinalGambit,Uturn|||M|||50|,,,,,Steel]Hydreigon||LifeOrb|Levitate|DracoMeteor,DarkPulse,Tailwind,Protect|||M|||50|,,,,,Steel]Amoonguss||SitrusBerry|Regenerator|RagePowder,Spore,Protect,PollenPuff|||F|||50|,,,,,Water]Skeledirge||FairyFeather|Unaware|TorchSong,TeraBlast,SlackOff,Protect|||M|||50|,,,,,Fairy]Gastrodon-East||Leftovers|StormDrain|IceBeam,EarthPower,Yawn,Protect|||M|||50|,,,,,Fire]Rillaboom||ChoiceBand|GrassySurge|GrassyGlide,WoodHammer,KnockOff,Uturn|||M|||50|,,,,,Fire
|showteam|p2|Archaludon||AssaultVest|Stamina|ElectroShot,DracoMeteor,BodyPress,FlashCannon|||F|||50|,,,,,Grass]Pelipper||FocusSash|Drizzle|Hurricane,WeatherBall,Tailwind,Protect|||F|||50|,,,,,Stellar]Gholdengo||LifeOrb|GoodasGold|MakeItRain,ShadowBall,NastyPlot,Protect||||||50|,,,,,Water]Basculegion||ChoiceBand|SwiftSwim|FlipTurn,WaveCrash,LastRespects,AquaJet|||M|||50|,,,,,Grass]Incineroar||SafetyGoggles|Intimidate|FakeOut,KnockOff,FlareBlitz,PartingShot|||F|||50|,,,,,Ghost]Amoonguss||SitrusBerry|Regenerator|Spore,RagePowder,PollenPuff,Protect|||M|||50|,,,,,Water
|inactive|Battle timer is ON: inactive players will automatically lose when time's up. (requested by Dumb5163)
|
|t:|1756335079
|teamsize|p1|4
|teamsize|p2|4
|start
|switch|p1a: Annihilape|Annihilape, L50, M|100/100
|switch|p1b: Hydreigon|Hydreigon, L50, M|100/100
|switch|p2a: Archaludon|Archaludon, L50, F|100/100
|switch|p2b: Amoonguss|Amoonguss, L50, M, shiny|100/100
|turn|1
|inactive|LozzArcher has 30 seconds left.
|
|t:|1756335105
|move|p2b: Amoonguss|Rage Powder|p2b: Amoonguss
|-singleturn|p2b: Amoonguss|move: Rage Powder
|move|p1a: Annihilape|Close Combat|p2b: Amoonguss
|-resisted|p2b: Amoonguss
|-damage|p2b: Amoonguss|83/100
|-unboost|p1a: Annihilape|def|1
|-unboost|p1a: Annihilape|spd|1
|move|p1b: Hydreigon|Dark Pulse|p2b: Amoonguss
|-damage|p2b: Amoonguss|34/100
|-enditem|p2b: Amoonguss|Sitrus Berry|[eat]
|-heal|p2b: Amoonguss|58/100|[from] item: Sitrus Berry
|-damage|p1b: Hydreigon|91/100|[from] item: Life Orb
|move|p2a: Archaludon|Body Press|p1b: Hydreigon
|-supereffective|p1b: Hydreigon
|-damage|p1b: Hydreigon|39/100
|
|upkeep
|turn|2
|inactive|LozzArcher has 30 seconds left.
|inactive|LozzArcher has 20 seconds left.
|inactive|LozzArcher has 15 seconds left.
|inactive|LozzArcher has 10 seconds left.
|
|t:|1756335154
|switch|p2b: Pelipper|Pelipper, L50, F, shiny|100/100
|-weather|RainDance|[from] ability: Drizzle|[of] p2b: Pelipper
|-terastallize|p2a: Archaludon|Grass
|move|p1b: Hydreigon|Protect|p1b: Hydreigon
|-singleturn|p1b: Hydreigon|Protect
|move|p1a: Annihilape|Close Combat|p2a: Archaludon
|-damage|p2a: Archaludon|67/100
|-unboost|p1a: Annihilape|def|1
|-unboost|p1a: Annihilape|spd|1
|-ability|p2a: Archaludon|Stamina|boost
|-boost|p2a: Archaludon|def|1
|move|p2a: Archaludon|Electro Shot||[still]
|-prepare|p2a: Archaludon|Electro Shot
|-boost|p2a: Archaludon|spa|1
|-anim|p2a: Archaludon|Electro Shot|p1a: Annihilape
|-damage|p1a: Annihilape|0 fnt
|faint|p1a: Annihilape
|
|-weather|RainDance|[upkeep]
|upkeep
|
|t:|1756335167
|switch|p1a: Gastrodon|Gastrodon-East, L50, M|100/100
|turn|3
|inactive|LozzArcher has 30 seconds left.
|inactive|LozzArcher has 20 seconds left.
|inactive|LozzArcher has 15 seconds left.
|
|t:|1756335208
|switch|p1b: Rillaboom|Rillaboom, L50, M|100/100
|-fieldstart|move: Grassy Terrain|[from] ability: Grassy Surge|[of] p1b: Rillaboom
|-terastallize|p1a: Gastrodon|Fire
|move|p2b: Pelipper|Tailwind|p2b: Pelipper
|-sidestart|p2: LozzArcher|move: Tailwind
|move|p2a: Archaludon|Electro Shot||[still]
|-prepare|p2a: Archaludon|Electro Shot
|-boost|p2a: Archaludon|spa|1
|-anim|p2a: Archaludon|Electro Shot|p1b: Rillaboom
|-resisted|p1b: Rillaboom
|-damage|p1b: Rillaboom|38/100
|move|p1a: Gastrodon|Ice Beam|p2a: Archaludon
|-supereffective|p2a: Archaludon
|-damage|p2a: Archaludon|36/100
|-status|p2a: Archaludon|frz
|-ability|p2a: Archaludon|Stamina|boost
|-boost|p2a: Archaludon|def|1
|
|-weather|RainDance|[upkeep]
|-heal|p2a: Archaludon|42/100 frz|[from] Grassy Terrain
|-heal|p1b: Rillaboom|43/100|[from] Grassy Terrain
|upkeep
|turn|4
|inactive|LozzArcher has 30 seconds left.
|inactive|Dumb5163 has 30 seconds left.
|
|t:|1756335244
|move|p1b: Rillaboom|Grassy Glide|p2a: Archaludon
|-resisted|p2a: Archaludon
|-damage|p2a: Archaludon|32/100 frz
|-ability|p2a: Archaludon|Stamina|boost
|-boost|p2a: Archaludon|def|1
|move|p2b: Pelipper|Weather Ball|p1a: Gastrodon
|-ability|p1a: Gastrodon|Storm Drain|boost
|-boost|p1a: Gastrodon|spa|1
|-curestatus|p2a: Archaludon|frz|[msg]
|move|p2a: Archaludon|Electro Shot||[still]
|-prepare|p2a: Archaludon|Electro Shot
|-boost|p2a: Archaludon|spa|1
|-anim|p2a: Archaludon|Electro Shot|p1b: Rillaboom
|-resisted|p1b: Rillaboom
|-damage|p1b: Rillaboom|0 fnt
|faint|p1b: Rillaboom
|move|p1a: Gastrodon|Ice Beam|p2a: Archaludon
|-supereffective|p2a: Archaludon
|-damage|p2a: Archaludon|0 fnt
|faint|p2a: Archaludon
|
|-weather|RainDance|[upkeep]
|upkeep
|
|t:|1756335263
|switch|p1b: Hydreigon|Hydreigon, L50, M|39/100
|switch|p2a: Amoonguss|Amoonguss, L50, M, shiny|92/100
|turn|5
|
|t:|1756335274
|move|p2b: Pelipper|Hurricane|p1b: Hydreigon
|-damage|p1b: Hydreigon|0 fnt
|faint|p1b: Hydreigon
|move|p2a: Amoonguss|Spore|p1a: Gastrodon
|-status|p1a: Gastrodon|slp|[from] move: Spore
|cant|p1a: Gastrodon|slp
|
|-weather|RainDance|[upkeep]
|-heal|p2a: Amoonguss|98/100|[from] Grassy Terrain
|upkeep
|turn|6
|-message|Dumb5163 forfeited.
|
|win|LozzArcher
