|j|☆ShadowEliteYT
|j|☆Oriozz
|html|ShadowEliteYTOriozz    
|uhtml|bestof|Game 2 of a best-of-3
|t:|1783552786
|gametype|doubles
|player|p1|ShadowEliteYT|265|1040
|player|p2|Oriozz|2|1117
|gen|9
|tier|[Gen 9 Champions] VGC 2026 Reg M-B (Bo3)
|rated|
|rule|Species Clause: Limit one of each Pokémon
|rule|Item Clause: Limit 1 of each item
|clearpoke
|poke|p1|Raichu, L50, M|
|poke|p1|Staraptor, L50, F|
|poke|p1|Incineroar, L50, F|
|poke|p1|Sinistcha-Masterpiece, L50|
|poke|p1|Whimsicott, L50, M|
|poke|p1|Ditto, L50|
|poke|p2|Kingambit, L50, M|
|poke|p2|Floette-Eternal, L50, F|
|poke|p2|Sneasler, L50, F|
|poke|p2|Incineroar, L50, M|
|poke|p2|Garchomp, L50, M|
|poke|p2|Sinistcha, L50|
|teampreview|4
|showteam|p1|Raichu||RaichuniteY|Static|ZapCannon,FocusBlast,FakeOut,Protect|Modest||M|||50|]Staraptor||Staraptite|Intimidate|CloseCombat,BraveBird,Uturn,Protect|Adamant||F|||50|]Incineroar||SitrusBerry|Intimidate|FlareBlitz,DarkestLariat,PartingShot,Protect|Adamant||F|||50|]Sinistcha-Masterpiece||Leftovers|Hospitality|MatchaGotcha,RagePowder,ShadowBall,Reflect|Timid|||||50|]Whimsicott||FocusSash|Prankster|Moonblast,Charm,Tailwind,Protect|Serious||M|||50|]Ditto||ChoiceScarf|Imposter|Transform|Timid|||||50|
|showteam|p2|Kingambit||ChopleBerry|Defiant|KowtowCleave,Protect,SuckerPunch,IronHead|Adamant||M|||50|]Floette-Eternal||Floettite|FlowerVeil|DazzlingGleam,DrainingKiss,Protect,CalmMind|Bold||F|||50|]Sneasler||FocusSash|Unburden|FakeOut,DireClaw,CloseCombat,Coaching|Jolly||F|||50|]Incineroar||Leftovers|Intimidate|FakeOut,FlareBlitz,PartingShot,HelpingHand|Careful||M|||50|]Garchomp||Garchompite|RoughSkin|Earthquake,StompingTantrum,RockSlide,Protect|Adamant||M|||50|]Sinistcha||SitrusBerry|Hospitality|Protect,MatchaGotcha,TrickRoom,RagePowder|Bold|||||50|
|inactive|Battle timer is ON: inactive players will automatically lose when time's up. (requested by Oriozz)
|
|t:|1783552815
|teamsize|p1|4
|teamsize|p2|4
|start
|switch|p1a: Incineroar|Incineroar, L50, F|100/100
|switch|p1b: Ditto|Ditto, L50|100/100
|switch|p2a: Sinistcha|Sinistcha, L50|100/100
|switch|p2b: Floette|Floette-Eternal, L50, F|100/100
|-transform|p1b: Ditto|p2a: Sinistcha|[from] ability: Imposter
|-ability|p1a: Incineroar|Intimidate|boost
|-block|p2a: Sinistcha|ability: Flower Veil|[of] p2b: Floette
|-unboost|p2b: Floette|atk|1
|turn|1
|inactive|ShadowEliteYT has 30 seconds left.
|inactive|Oriozz has 30 seconds left.
|
|t:|1783552848
|switch|p2a: Garchomp|Garchomp, L50, M|100/100
|detailschange|p2b: Floette|Floette-Mega, L50, F
|-mega|p2b: Floette|Floette|Floettite
|-ability|p2b: Floette|Fairy Aura
|move|p1b: Ditto|Rage Powder|p1b: Ditto
|-singleturn|p1b: Ditto|move: Rage Powder
|move|p2b: Floette|Calm Mind|p2b: Floette
|-boost|p2b: Floette|spa|1
|-boost|p2b: Floette|spd|1
|move|p1a: Incineroar|Flare Blitz|p2a: Garchomp
|-resisted|p2a: Garchomp|1
|-damage|p2a: Garchomp|73/100
|-damage|p1a: Incineroar|87/100|[from] ability: Rough Skin|[of] p2a: Garchomp
|-damage|p1a: Incineroar|78/100|[from] Recoil
|
|upkeep
|turn|2
|inactive|ShadowEliteYT has 30 seconds left.
|
|t:|1783552877
|switch|p1b: Sinistcha|Sinistcha-Masterpiece, L50|100/100
|-heal|p1a: Incineroar|100/100|[from] ability: Hospitality|[of] p1b: Sinistcha
|move|p2b: Floette|Dazzling Gleam|p1a: Incineroar|[spread] p1a,p1b
|-damage|p1a: Incineroar|32/100
|-damage|p1b: Sinistcha|12/100
|-enditem|p1a: Incineroar|Sitrus Berry|[eat]
|-heal|p1a: Incineroar|57/100|[from] item: Sitrus Berry
|move|p2a: Garchomp|Rock Slide|p1a: Incineroar|[spread] p1a,p1b
|-supereffective|p1a: Incineroar|1
|-damage|p1a: Incineroar|11/100
|-damage|p1b: Sinistcha|0 fnt
|faint|p1b: Sinistcha
|move|p1a: Incineroar|Flare Blitz|p2b: Floette
|-damage|p2b: Floette|37/100
|-damage|p1a: Incineroar|0 fnt|[from] Recoil
|faint|p1a: Incineroar
|
|upkeep
|
|t:|1783552895
|switch|p1b: Raichu|Raichu, L50, M|100/100
|switch|p1a: Ditto|Ditto, L50|100/100
|-transform|p1a: Ditto|p2b: Floette|[from] ability: Imposter
|-ability|p1a: Ditto|Fairy Aura
|turn|3
|inactive|Oriozz has 30 seconds left.
|inactive|Oriozz has 20 seconds left.
|inactive|Oriozz has 15 seconds left.
|
|t:|1783552936
|switch|p2b: Sinistcha|Sinistcha, L50|100/100
|-heal|p2a: Garchomp|98/100|[from] ability: Hospitality|[of] p2b: Sinistcha
|detailschange|p1b: Raichu|Raichu-Mega-Y, L50, M
|-mega|p1b: Raichu|Raichu|Raichunite Y
|move|p2a: Garchomp|Protect|p2a: Garchomp
|-singleturn|p2a: Garchomp|Protect
|move|p1b: Raichu|Fake Out|p2b: Sinistcha
|-immune|p2b: Sinistcha
|move|p1a: Ditto|Dazzling Gleam|p2a: Garchomp|[spread] p2b
|-activate|p2a: Garchomp|move: Protect
|-damage|p2b: Sinistcha|37/100
|-enditem|p2b: Sinistcha|Sitrus Berry|[eat]
|-heal|p2b: Sinistcha|61/100|[from] item: Sitrus Berry
|
|upkeep
|turn|4
|
|t:|1783552959
|switch|p2a: Kingambit|Kingambit, L50, M|100/100
|move|p1b: Raichu|Protect|p1b: Raichu
|-singleturn|p1b: Raichu|Protect
|move|p1a: Ditto|Dazzling Gleam|p2b: Sinistcha|[spread] p2a,p2b
|-damage|p2a: Kingambit|28/100
|-damage|p2b: Sinistcha|1/100
|move|p2b: Sinistcha|Trick Room|p2b: Sinistcha
|-fieldstart|move: Trick Room|[of] p2b: Sinistcha
|
|upkeep
|turn|5
|
|t:|1783552976
|move|p2a: Kingambit|Iron Head|p1a: Ditto
|-supereffective|p1a: Ditto|1
|-damage|p1a: Ditto|1/100
|move|p2b: Sinistcha|Matcha Gotcha|p1b: Raichu|[spread] p1b
|-miss|p2b: Sinistcha|p1a: Ditto
|-damage|p1b: Raichu|62/100
|-heal|p2b: Sinistcha|15/100|[from] drain|[of] p1b: Raichu
|-status|p1b: Raichu|brn
|move|p1b: Raichu|Focus Blast|p2a: Kingambit
|-supereffective|p2a: Kingambit|2
|-enditem|p2a: Kingambit|Chople Berry|[eat]
|-enditem|p2a: Kingambit|Chople Berry|[weaken]
|-damage|p2a: Kingambit|0 fnt
|faint|p2a: Kingambit
|cant|p1a: Ditto|flinch
|
|-damage|p1b: Raichu|56/100 brn|[from] brn
|upkeep
|
|t:|1783552993
|switch|p2a: Garchomp|Garchomp, L50, M|98/100
|turn|6
|
|t:|1783553007
|move|p2b: Sinistcha|Matcha Gotcha|p1b: Raichu|[spread] p1a,p1b
|-damage|p1a: Ditto|0 fnt
|-heal|p2b: Sinistcha|16/100|[from] drain|[of] p1a: Ditto
|-damage|p1b: Raichu|21/100 brn
|-heal|p2b: Sinistcha|30/100|[from] drain|[of] p1b: Raichu
|faint|p1a: Ditto
|move|p2a: Garchomp|Stomping Tantrum|p1b: Raichu
|-supereffective|p1b: Raichu|1
|-crit|p1b: Raichu
|-damage|p1b: Raichu|0 fnt
|faint|p1b: Raichu
|
|win|Oriozz
|raw|ShadowEliteYT's rating: 1040 → 1027(-13 for losing)
|raw|Oriozz's rating: 1117 → 1137(+20 for winning)
|l|☆ShadowEliteYT
|player|p1|
