|j|☆bruthie
|j|☆Luke693VGC
|html|bruthieLuke693VGC    
|uhtml|bestof|Game 2 of a best-of-3
|t:|1756650865
|gametype|doubles
|player|p1|bruthie|lady-gen4|1046
|player|p2|Luke693VGC|cyclist-gen4|1042
|gen|9
|tier|[Gen 9] VGC 2025 Reg H (Bo3)
|rated|
|rule|Species Clause: Limit one of each Pokémon
|rule|Item Clause: Limit 1 of each item
|clearpoke
|poke|p1|Sneasler, L50, M|
|poke|p1|Hydreigon, L50, M|
|poke|p1|Sinistcha, L50|
|poke|p1|Basculegion, L50, M|
|poke|p1|Incineroar, L50, M|
|poke|p1|Scizor, L50, F|
|poke|p2|Archaludon, L50, M|
|poke|p2|Pelipper, L50, M|
|poke|p2|Basculegion, L50, M|
|poke|p2|Sinistcha, L50|
|poke|p2|Maushold-Four, L50|
|poke|p2|Annihilape, L50, F|
|teampreview|4
|showteam|p1|Sneasler||FocusSash|PoisonTouch|FakeOut,DireClaw,CloseCombat,Protect|||M|||50|,,,,,Stellar]Hydreigon||SitrusBerry|Levitate|Snarl,DracoMeteor,Tailwind,Protect|||M|||50|,,,,,Ghost]Sinistcha||RockyHelmet|Hospitality|RagePowder,StrengthSap,MatchaGotcha,Protect||||||50|,,,,,Water]Basculegion||ChoiceScarf|Adaptability|WaveCrash,LastRespects,AquaJet,FlipTurn|||M|||50|,,,,,Water]Incineroar||AssaultVest|Intimidate|FakeOut,KnockOff,FlareBlitz,Uturn|||M|||50|,,,,,Grass]Scizor||MetalCoat|Technician|BulletPunch,CloseCombat,Uturn,Protect|||F|||50|,,,,,Fire
|showteam|p2|Archaludon||AssaultVest|Stamina|DracoMeteor,FlashCannon,ElectroShot,BodyPress|||M|||50|,,,,,Grass]Pelipper||FocusSash|Drizzle|Hurricane,WeatherBall,Tailwind,HelpingHand|||M|||50|,,,,,Stellar]Basculegion||ChoiceBand|SwiftSwim|WaveCrash,FlipTurn,LastRespects,AquaJet|||M|||50|,,,,,Grass]Sinistcha||SitrusBerry|Hospitality|MatchaGotcha,LifeDew,RagePowder,TrickRoom||||||50|,,,,,Fairy]Maushold-Four||SafetyGoggles|FriendGuard|BeatUp,FollowMe,Taunt,Protect||||||50|,,,,,Ghost]Annihilape||Leftovers|Defiant|DrainPunch,RageFist,BulkUp,Protect|||F|||50|,,,,,Grass
|
|t:|1756650897
|teamsize|p1|4
|teamsize|p2|4
|start
|switch|p1a: Hydreigon|Hydreigon, L50, M|100/100
|switch|p1b: Basculegion|Basculegion, L50, M|100/100
|switch|p2a: Pelipper|Pelipper, L50, M|100/100
|switch|p2b: Archaludon|Archaludon, L50, M|100/100
|-weather|RainDance|[from] ability: Drizzle|[of] p2a: Pelipper
|turn|1
|
|t:|1756650935
|move|p1b: Basculegion|Flip Turn|p2a: Pelipper
|-resisted|p2a: Pelipper
|-damage|p2a: Pelipper|63/100
|
|t:|1756650941
|switch|p1b: Scizor|Scizor, L50, F|100/100|[from] Flip Turn
|move|p1a: Hydreigon|Tailwind|p1a: Hydreigon
|-sidestart|p1: bruthie|move: Tailwind
|move|p2a: Pelipper|Tailwind|p2a: Pelipper
|-sidestart|p2: Luke693VGC|move: Tailwind
|move|p2b: Archaludon|Electro Shot||[still]
|-prepare|p2b: Archaludon|Electro Shot
|-boost|p2b: Archaludon|spa|1
|-anim|p2b: Archaludon|Electro Shot|p1b: Scizor
|-damage|p1b: Scizor|22/100
|
|-weather|RainDance|[upkeep]
|upkeep
|turn|2
|
|t:|1756650983
|switch|p2a: Basculegion|Basculegion, L50, M|100/100
|-terastallize|p1a: Hydreigon|Ghost
|move|p1b: Scizor|Protect|p1b: Scizor
|-singleturn|p1b: Scizor|Protect
|move|p1a: Hydreigon|Snarl|p2a: Basculegion|[spread] p2a,p2b
|-supereffective|p2a: Basculegion
|-damage|p2a: Basculegion|50/100
|-damage|p2b: Archaludon|81/100
|-unboost|p2a: Basculegion|spa|1
|-unboost|p2b: Archaludon|spa|1
|-ability|p2b: Archaludon|Stamina|boost
|-boost|p2b: Archaludon|def|1
|move|p2b: Archaludon|Electro Shot||[still]
|-prepare|p2b: Archaludon|Electro Shot
|-boost|p2b: Archaludon|spa|1
|-anim|p2b: Archaludon|Electro Shot|p1a: Hydreigon
|-crit|p1a: Hydreigon
|-damage|p1a: Hydreigon|2/100
|-enditem|p1a: Hydreigon|Sitrus Berry|[eat]
|-heal|p1a: Hydreigon|27/100|[from] item: Sitrus Berry
|
|-weather|RainDance|[upkeep]
|upkeep
|turn|3
|
|t:|1756651014
|switch|p1a: Sinistcha|Sinistcha, L50|100/100
|-heal|p1b: Scizor|47/100|[from] ability: Hospitality|[of] p1a: Sinistcha
|move|p2a: Basculegion|Flip Turn|p1b: Scizor
|-damage|p1b: Scizor|0 fnt
|faint|p1b: Scizor
|
|t:|1756651023
|switch|p2a: Sinistcha|Sinistcha, L50|100/100|[from] Flip Turn
|-heal|p2b: Archaludon|100/100|[from] ability: Hospitality|[of] p2a: Sinistcha
|move|p2b: Archaludon|Electro Shot||[still]
|-prepare|p2b: Archaludon|Electro Shot
|-boost|p2b: Archaludon|spa|1
|-anim|p2b: Archaludon|Electro Shot|p1a: Sinistcha
|-resisted|p1a: Sinistcha
|-damage|p1a: Sinistcha|49/100
|
|-weather|RainDance|[upkeep]
|upkeep
|
|t:|1756651031
|switch|p1b: Hydreigon|Hydreigon, L50, M, tera:Ghost|27/100
|turn|4
|
|t:|1756651055
|move|p1b: Hydreigon|Protect|p1b: Hydreigon
|-singleturn|p1b: Hydreigon|Protect
|move|p2b: Archaludon|Electro Shot||[still]
|-prepare|p2b: Archaludon|Electro Shot
|-boost|p2b: Archaludon|spa|1
|-anim|p2b: Archaludon|Electro Shot|p1b: Hydreigon
|-activate|p1b: Hydreigon|move: Protect
|move|p2a: Sinistcha|Matcha Gotcha|p1b: Hydreigon|[spread] p1a
|-activate|p1b: Hydreigon|move: Protect
|-resisted|p1a: Sinistcha
|-damage|p1a: Sinistcha|34/100
|move|p1a: Sinistcha|Strength Sap|p2b: Archaludon
|-unboost|p2b: Archaludon|atk|1
|-heal|p1a: Sinistcha|98/100
|
|-weather|RainDance|[upkeep]
|-sideend|p1: bruthie|move: Tailwind
|-sideend|p2: Luke693VGC|move: Tailwind
|upkeep
|turn|5
|
|t:|1756651078
|move|p2a: Sinistcha|Rage Powder|p2a: Sinistcha
|-singleturn|p2a: Sinistcha|move: Rage Powder
|move|p1a: Sinistcha|Rage Powder|p1a: Sinistcha
|-singleturn|p1a: Sinistcha|move: Rage Powder
|move|p1b: Hydreigon|Tailwind|p1b: Hydreigon
|-sidestart|p1: bruthie|move: Tailwind
|move|p2b: Archaludon|Electro Shot||[still]
|-prepare|p2b: Archaludon|Electro Shot
|-boost|p2b: Archaludon|spa|1
|-anim|p2b: Archaludon|Electro Shot|p1a: Sinistcha
|-resisted|p1a: Sinistcha
|-damage|p1a: Sinistcha|31/100
|
|-weather|none
|upkeep
|turn|6
|
|t:|1756651097
|move|p1b: Hydreigon|Draco Meteor|p2b: Archaludon
|-damage|p2b: Archaludon|44/100
|-unboost|p1b: Hydreigon|spa|2
|-ability|p2b: Archaludon|Stamina|boost
|-boost|p2b: Archaludon|def|1
|move|p1a: Sinistcha|Matcha Gotcha|p2b: Archaludon|[spread] p2a,p2b
|-resisted|p2a: Sinistcha
|-resisted|p2b: Archaludon
|-damage|p2a: Sinistcha|90/100
|-heal|p1a: Sinistcha|36/100|[from] drain|[of] p2a: Sinistcha
|-damage|p2b: Archaludon|40/100
|-heal|p1a: Sinistcha|39/100|[from] drain|[of] p2b: Archaludon
|-status|p2a: Sinistcha|brn
|-ability|p2b: Archaludon|Stamina|boost
|-boost|p2b: Archaludon|def|1
|move|p2b: Archaludon|Electro Shot||[still]
|-prepare|p2b: Archaludon|Electro Shot
|-boost|p2b: Archaludon|spa|1
|move|p2a: Sinistcha|Matcha Gotcha|p1b: Hydreigon|[spread] p1a,p1b
|-resisted|p1a: Sinistcha
|-damage|p1a: Sinistcha|25/100
|-heal|p2a: Sinistcha|97/100 brn|[from] drain|[of] p1a: Sinistcha
|-damage|p1b: Hydreigon|0 fnt
|-heal|p2a: Sinistcha|100/100 brn|[from] drain|[of] p1b: Hydreigon
|faint|p1b: Hydreigon
|
|-damage|p2a: Sinistcha|94/100 brn|[from] brn
|upkeep
|
|t:|1756651114
|switch|p1b: Basculegion|Basculegion, L50, M|100/100
|turn|7
|
|t:|1756651131
|move|p1a: Sinistcha|Rage Powder|p1a: Sinistcha
|-singleturn|p1a: Sinistcha|move: Rage Powder
|move|p1b: Basculegion|Last Respects|p2a: Sinistcha
|-supereffective|p2a: Sinistcha
|-damage|p2a: Sinistcha|0 fnt
|faint|p2a: Sinistcha
|move|p2b: Archaludon|Electro Shot|p1a: Sinistcha|[from] lockedmove
|-resisted|p1a: Sinistcha
|-damage|p1a: Sinistcha|0 fnt
|faint|p1a: Sinistcha
|
|upkeep
|
|t:|1756651140
|switch|p2a: Pelipper|Pelipper, L50, M|63/100
|-weather|RainDance|[from] ability: Drizzle|[of] p2a: Pelipper
|turn|8
|
|t:|1756651161
|move|p1b: Basculegion|Last Respects|p2b: Archaludon
|-damage|p2b: Archaludon|1/100
|-ability|p2b: Archaludon|Stamina|boost
|-boost|p2b: Archaludon|def|1
|move|p2a: Pelipper|Tailwind|p2a: Pelipper
|-sidestart|p2: Luke693VGC|move: Tailwind
|move|p2b: Archaludon|Electro Shot||[still]
|-prepare|p2b: Archaludon|Electro Shot
|-boost|p2b: Archaludon|spa|1
|-anim|p2b: Archaludon|Electro Shot|p1b: Basculegion
|-supereffective|p1b: Basculegion
|-damage|p1b: Basculegion|0 fnt
|faint|p1b: Basculegion
|
|win|Luke693VGC
