|j|☆rom6x
|j|☆spellbreakvgc
|html|rom6xspellbreakvgc    
|uhtml|bestof|Game 3 of a best-of-3
|t:|1756751936
|gametype|doubles
|player|p1|rom6x|miku-ground|1198
|player|p2|spellbreakvgc|lance|1092
|gen|9
|tier|[Gen 9] VGC 2025 Reg H (Bo3)
|rated|
|rule|Species Clause: Limit one of each Pokémon
|rule|Item Clause: Limit 1 of each item
|clearpoke
|poke|p1|Serperior, L50, M|
|poke|p1|Rillaboom, L50, M|
|poke|p1|Volcarona, L50, M|
|poke|p1|Gholdengo, L50|
|poke|p1|Ursaluna-Bloodmoon, L50, M|
|poke|p1|Dragonite, L50, M|
|poke|p2|Tyranitar, L50, M|
|poke|p2|Excadrill, L50, F|
|poke|p2|Kommo-o, L50, F|
|poke|p2|Basculegion, L50, M|
|poke|p2|Amoonguss, L50, F|
|poke|p2|Incineroar, L50, F|
|teampreview|4
|showteam|p1|Serperior||LightClay|Contrary|LeafStorm,Reflect,LightScreen,Glare|||M|||50|,,,,,Water]Rillaboom||MiracleSeed|GrassySurge|FakeOut,WoodHammer,GrassyGlide,Uturn|||M|||50|,,,,,Fire]Volcarona||GrassySeed|FlameBody|HeatWave,WillOWisp,QuiverDance,GigaDrain|||M|||50|,,,,,Dragon]Gholdengo||LifeOrb|GoodasGold|MakeItRain,ShadowBall,NastyPlot,Protect||||||50|,,,,,Water]Ursaluna-Bloodmoon||AssaultVest|MindsEye|BloodMoon,HyperVoice,EarthPower,VacuumWave|||M|||50|,,,,,Normal]Dragonite||LoadedDice|InnerFocus|ExtremeSpeed,ScaleShot,StompingTantrum,Protect|||M|||50|,,,,,Fairy
|showteam|p2|Tyranitar||AssaultVest|SandStream|RockSlide,KnockOff,LowKick,TeraBlast|||M|||50|,,,,,Flying]Excadrill||FocusSash|SandRush|Earthquake,HighHorsepower,IronHead,Protect|||F|||50|,,,,,Ground]Kommo-o||ThroatSpray|Overcoat|ClangorousSoul,ClangingScales,AuraSphere,Protect|||F|||50|,,,,,Steel]Basculegion||ChoiceScarf|Adaptability|WaveCrash,LastRespects,FlipTurn,TeraBlast|||M|||50|,,,,,Grass]Amoonguss||SitrusBerry|Regenerator|Spore,PollenPuff,ClearSmog,RagePowder|||F|||50|,,,,,Water]Incineroar||SafetyGoggles|Intimidate|FlareBlitz,KnockOff,PartingShot,FakeOut|||F|||50|,,,,,Ghost
|inactive|Battle timer is ON: inactive players will automatically lose when time's up. (requested by rom6x)
|inactive|rom6x has 60 seconds left.
|
|t:|1756751967
|teamsize|p1|4
|teamsize|p2|4
|start
|switch|p1a: Serperior|Serperior, L50, M, shiny|100/100
|switch|p1b: Rillaboom|Rillaboom, L50, M|100/100
|switch|p2a: Tyranitar|Tyranitar, L50, M|100/100
|switch|p2b: Excadrill|Excadrill, L50, F|100/100
|-fieldstart|move: Grassy Terrain|[from] ability: Grassy Surge|[of] p1b: Rillaboom
|-weather|Sandstorm|[from] ability: Sand Stream|[of] p2a: Tyranitar
|turn|1
|inactive|rom6x has 30 seconds left.
|inactive|rom6x has 20 seconds left.
|inactive|rom6x has 15 seconds left.
|
|t:|1756752007
|-terastallize|p2a: Tyranitar|Flying
|move|p2b: Excadrill|Protect|p2b: Excadrill
|-singleturn|p2b: Excadrill|Protect
|move|p1b: Rillaboom|Fake Out|p2a: Tyranitar
|-damage|p2a: Tyranitar|88/100
|move|p1a: Serperior|Reflect|p1a: Serperior
|-sidestart|p1: rom6x|Reflect
|cant|p2a: Tyranitar|flinch
|
|-weather|Sandstorm|[upkeep]
|-damage|p1a: Serperior|94/100|[from] Sandstorm
|-damage|p1b: Rillaboom|95/100|[from] Sandstorm
|-damage|p2a: Tyranitar|82/100|[from] Sandstorm
|-heal|p1a: Serperior|100/100|[from] Grassy Terrain
|-heal|p1b: Rillaboom|100/100|[from] Grassy Terrain
|upkeep
|turn|2
|inactive|rom6x has 30 seconds left.
|
|t:|1756752042
|switch|p2b: Amoonguss|Amoonguss, L50, F|100/100
|switch|p1a: Gholdengo|Gholdengo, L50|100/100
|-terastallize|p1b: Rillaboom|Fire
|move|p1b: Rillaboom|Wood Hammer|p2b: Amoonguss
|-resisted|p2b: Amoonguss
|-damage|p2b: Amoonguss|78/100
|-damage|p1b: Rillaboom|92/100|[from] Recoil
|move|p2a: Tyranitar|Tera Blast|p1a: Gholdengo|[anim] Tera Blast Flying
|-resisted|p1a: Gholdengo
|-damage|p1a: Gholdengo|84/100
|
|-weather|Sandstorm|[upkeep]
|-damage|p1b: Rillaboom|86/100|[from] Sandstorm
|-damage|p2a: Tyranitar|76/100|[from] Sandstorm
|-damage|p2b: Amoonguss|72/100|[from] Sandstorm
|-heal|p1a: Gholdengo|90/100|[from] Grassy Terrain
|-heal|p1b: Rillaboom|92/100|[from] Grassy Terrain
|-heal|p2b: Amoonguss|78/100|[from] Grassy Terrain
|upkeep
|turn|3
|inactive|rom6x has 30 seconds left.
|
|t:|1756752073
|switch|p1b: Serperior|Serperior, L50, M, shiny|100/100
|move|p1a: Gholdengo|Nasty Plot|p1a: Gholdengo
|-boost|p1a: Gholdengo|spa|2
|move|p2a: Tyranitar|Knock Off|p1a: Gholdengo
|-supereffective|p1a: Gholdengo
|-damage|p1a: Gholdengo|2/100
|-enditem|p1a: Gholdengo|Life Orb|[from] move: Knock Off|[of] p2a: Tyranitar
|move|p2b: Amoonguss|Pollen Puff|p2a: Tyranitar
|-heal|p2a: Tyranitar|100/100
|
|-weather|Sandstorm|[upkeep]
|-damage|p1b: Serperior|94/100|[from] Sandstorm
|-damage|p2a: Tyranitar|95/100|[from] Sandstorm
|-damage|p2b: Amoonguss|72/100|[from] Sandstorm
|-heal|p1b: Serperior|100/100|[from] Grassy Terrain
|-heal|p1a: Gholdengo|7/100|[from] Grassy Terrain
|-heal|p2b: Amoonguss|78/100|[from] Grassy Terrain
|upkeep
|turn|4
|inactive|rom6x has 30 seconds left.
|
|t:|1756752099
|move|p1a: Gholdengo|Protect|p1a: Gholdengo
|-singleturn|p1a: Gholdengo|Protect
|move|p1b: Serperior|Leaf Storm|p2a: Tyranitar
|-resisted|p2a: Tyranitar
|-damage|p2a: Tyranitar|82/100
|-boost|p1b: Serperior|spa|2
|move|p2a: Tyranitar|Tera Blast|p1b: Serperior|[anim] Tera Blast Flying
|-supereffective|p1b: Serperior
|-damage|p1b: Serperior|40/100
|move|p2b: Amoonguss|Pollen Puff|p1a: Gholdengo
|-activate|p1a: Gholdengo|move: Protect
|
|-weather|Sandstorm|[upkeep]
|-damage|p1b: Serperior|34/100|[from] Sandstorm
|-damage|p2a: Tyranitar|76/100|[from] Sandstorm
|-damage|p2b: Amoonguss|72/100|[from] Sandstorm
|-heal|p1b: Serperior|40/100|[from] Grassy Terrain
|-heal|p1a: Gholdengo|13/100|[from] Grassy Terrain
|-heal|p2b: Amoonguss|78/100|[from] Grassy Terrain
|upkeep
|turn|5
|inactive|spellbreakvgc has 30 seconds left.
|
|t:|1756752133
|move|p1b: Serperior|Leaf Storm|p2a: Tyranitar
|-resisted|p2a: Tyranitar
|-damage|p2a: Tyranitar|48/100
|-boost|p1b: Serperior|spa|2
|move|p1a: Gholdengo|Make It Rain|p2a: Tyranitar|[spread] p2a,p2b
|-damage|p2a: Tyranitar|0 fnt
|-damage|p2b: Amoonguss|6/100
|-unboost|p1a: Gholdengo|spa|1
|-enditem|p2b: Amoonguss|Sitrus Berry|[eat]
|-heal|p2b: Amoonguss|31/100|[from] item: Sitrus Berry
|faint|p2a: Tyranitar
|move|p2b: Amoonguss|Pollen Puff|p2: Tyranitar|[notarget]
|-fail|p2b: Amoonguss
|
|-weather|none
|-heal|p1b: Serperior|46/100|[from] Grassy Terrain
|-heal|p1a: Gholdengo|19/100|[from] Grassy Terrain
|-heal|p2b: Amoonguss|37/100|[from] Grassy Terrain
|-fieldend|move: Grassy Terrain
|upkeep
|
|t:|1756752156
|switch|p2a: Basculegion|Basculegion, L50, M|100/100
|turn|6
|inactive|rom6x has 30 seconds left.
|inactive|rom6x has 20 seconds left.
|
|t:|1756752195
|switch|p2b: Excadrill|Excadrill, L50, F|100/100
|move|p2a: Basculegion|Last Respects|p1b: Serperior
|-damage|p1b: Serperior|2/100
|move|p1b: Serperior|Leaf Storm|p2a: Basculegion
|-supereffective|p2a: Basculegion
|-damage|p2a: Basculegion|0 fnt
|-boost|p1b: Serperior|spa|2
|faint|p2a: Basculegion
|move|p1a: Gholdengo|Shadow Ball|p2b: Excadrill
|-damage|p2b: Excadrill|20/100
|-unboost|p2b: Excadrill|spd|1
|
|upkeep
|-message|spellbreakvgc forfeited.
|
|win|rom6x
