|j|☆lucky777n
|j|☆ntbon
|html|lucky777nntbon    
|uhtml|bestof|Game 3 of a best-of-3
|t:|1783775579
|gametype|doubles
|player|p1|lucky777n|boarder|
|player|p2|ntbon|fisherman-gen4|
|gen|9
|tier|[Gen 9 Champions] VGC 2026 Reg M-B (Bo3)
|rule|Species Clause: Limit one of each Pokémon
|rule|Item Clause: Limit 1 of each item
|clearpoke
|poke|p1|Gengar, L50, M|
|poke|p1|Incineroar, L50, M|
|poke|p1|Snorlax, L50, M|
|poke|p1|Ninetales-Alola, L50, M|
|poke|p1|Kingambit, L50, F|
|poke|p1|Sneasler, L50, F|
|poke|p2|Froslass, L50, F|
|poke|p2|Beartic, L50, F|
|poke|p2|Garchomp, L50, M|
|poke|p2|Volcarona, L50, M|
|poke|p2|Hydreigon, L50, F|
|poke|p2|Whimsicott, L50, M|
|teampreview|4
|showteam|p1|Gengar||Gengarite|CursedBody|ShadowBall,Disable,PerishSong,Protect|Timid||M|||50|]Incineroar||SitrusBerry|Intimidate|FakeOut,FlareBlitz,PartingShot,Protect|Relaxed||M|||50|]Snorlax||Leftovers|ThickFat|Fissure,Encore,Yawn,Protect|Relaxed||M|||50|]Ninetales-Alola||NeverMeltIce|SnowWarning|Blizzard,FreezeDry,Encore,Protect|Timid||M|||50|]Kingambit||BlackGlasses|Defiant|SuckerPunch,KowtowCleave,SwordsDance,Protect|Adamant||F|||50|]Sneasler||WhiteHerb|Unburden|FakeOut,CloseCombat,GunkShot,Protect|Jolly||F|||50|
|showteam|p2|Froslass||Froslassite|CursedBody|AuroraVeil,Blizzard,ShadowBall,Thunderbolt|Timid||F|||50|]Beartic||LifeOrb|SlushRush|Protect,AquaJet,HeavySlam,IcicleCrash|Adamant||F|||50|]Garchomp||SitrusBerry|RoughSkin|Earthquake,Protect,RockSlide,PoisonJab|Jolly||M|||50|]Volcarona||ChartiBerry|FlameBody|HeatWave,RagePowder,QuiverDance,BugBuzz|Modest||M|||50|]Hydreigon||ExpertBelt|Levitate|Tailwind,DarkPulse,HeatWave,Protect|Timid||F|||50|]Whimsicott||FocusSash|Prankster|Tailwind,Moonblast,Encore,Taunt|Timid||M|||50|
|inactive|Battle timer is ON: inactive players will automatically lose when time's up. (requested by ntbon)
|
|t:|1783775597
|teamsize|p1|4
|teamsize|p2|4
|start
|switch|p1a: Gengar|Gengar, L50, M|100/100
|switch|p1b: Incineroar|Incineroar, L50, M|100/100
|switch|p2a: Volcarona|Volcarona, L50, M|100/100
|switch|p2b: Hydreigon|Hydreigon, L50, F|100/100
|-ability|p1b: Incineroar|Intimidate|boost
|-unboost|p2a: Volcarona|atk|1
|-unboost|p2b: Hydreigon|atk|1
|turn|1
|
|t:|1783775619
|detailschange|p1a: Gengar|Gengar-Mega, L50, M
|-mega|p1a: Gengar|Gengar|Gengarite
|move|p1b: Incineroar|Fake Out|p2b: Hydreigon
|-damage|p2b: Hydreigon|87/100
|move|p1a: Gengar|Perish Song|p1a: Gengar
|-start|p1a: Gengar|perish3|[silent]
|-start|p1b: Incineroar|perish3|[silent]
|-start|p2a: Volcarona|perish3|[silent]
|-start|p2b: Hydreigon|perish3|[silent]
|-fieldactivate|move: Perish Song
|cant|p2b: Hydreigon|flinch
|move|p2a: Volcarona|Quiver Dance|p2a: Volcarona
|-boost|p2a: Volcarona|spa|1
|-boost|p2a: Volcarona|spd|1
|-boost|p2a: Volcarona|spe|1
|
|-start|p2a: Volcarona|perish3
|-start|p1a: Gengar|perish3
|-start|p2b: Hydreigon|perish3
|-start|p1b: Incineroar|perish3
|upkeep
|turn|2
|inactive|ntbon has 30 seconds left.
|inactive|ntbon has 20 seconds left.
|inactive|ntbon has 15 seconds left.
|inactive|ntbon has 10 seconds left.
|
|t:|1783775665
|move|p1a: Gengar|Protect|p1a: Gengar
|-singleturn|p1a: Gengar|Protect
|move|p1b: Incineroar|Protect|p1b: Incineroar
|-singleturn|p1b: Incineroar|Protect
|move|p2a: Volcarona|Bug Buzz|p1b: Incineroar
|-activate|p1b: Incineroar|move: Protect
|move|p2b: Hydreigon|Tailwind|p2b: Hydreigon
|-sidestart|p2: ntbon|move: Tailwind
|
|-start|p2a: Volcarona|perish2
|-start|p2b: Hydreigon|perish2
|-start|p1a: Gengar|perish2
|-start|p1b: Incineroar|perish2
|upkeep
|turn|3
|inactive|lucky777n has 30 seconds left.
|
|t:|1783775691
|switch|p1a: Ninetales|Ninetales-Alola, L50, M|100/100
|-weather|Snowscape|[from] ability: Snow Warning|[of] p1a: Ninetales
|move|p2a: Volcarona|Bug Buzz|p1b: Incineroar
|-damage|p1b: Incineroar|29/100
|-enditem|p1b: Incineroar|Sitrus Berry|[eat]
|-heal|p1b: Incineroar|54/100|[from] item: Sitrus Berry
|move|p2b: Hydreigon|Dark Pulse|p1a: Ninetales
|-resisted|p1a: Ninetales|1
|-damage|p1a: Ninetales|76/100
|move|p1b: Incineroar|Parting Shot|p2b: Hydreigon
|-unboost|p2b: Hydreigon|atk|1
|-unboost|p2b: Hydreigon|spa|1
|
|t:|1783775705
|switch|p1b: Gengar|Gengar-Mega, L50, M|100/100|[from] Parting Shot
|
|-weather|Snowscape|[upkeep]
|-start|p2a: Volcarona|perish1
|-start|p2b: Hydreigon|perish1
|upkeep
|turn|4
|
|t:|1783775729
|move|p1b: Gengar|Protect|p1b: Gengar
|-singleturn|p1b: Gengar|Protect
|move|p1a: Ninetales|Protect|p1a: Ninetales
|-singleturn|p1a: Ninetales|Protect
|move|p2a: Volcarona|Heat Wave|p1a: Ninetales|[spread] 
|-activate|p1a: Ninetales|move: Protect
|-activate|p1b: Gengar|move: Protect
|move|p2b: Hydreigon|Heat Wave|p1b: Gengar|[spread] 
|-activate|p1a: Ninetales|move: Protect
|-activate|p1b: Gengar|move: Protect
|
|-weather|Snowscape|[upkeep]
|-start|p2a: Volcarona|perish0
|-start|p2b: Hydreigon|perish0
|faint|p2a: Volcarona
|faint|p2b: Hydreigon
|upkeep
|
|t:|1783775736
|switch|p2b: Garchomp|Garchomp, L50, M|100/100
|switch|p2a: Whimsicott|Whimsicott, L50, M|100/100
|turn|5
|inactive|ntbon has 30 seconds left.
|c|☆lucky777n|gg
|inactive|ntbon has 20 seconds left.
|
|t:|1783775771
|move|p2a: Whimsicott|Encore|p1b: Gengar
|-start|p1b: Gengar|Encore
|move|p1b: Gengar|Protect|p1b: Gengar
|-singleturn|p1b: Gengar|Protect
|move|p2b: Garchomp|Poison Jab|p1a: Ninetales
|-supereffective|p1a: Ninetales|1
|-damage|p1a: Ninetales|28/100
|move|p1a: Ninetales|Freeze-Dry|p2b: Garchomp
|-supereffective|p2b: Garchomp|2
|-damage|p2b: Garchomp|0 fnt
|faint|p2b: Garchomp
|
|-weather|Snowscape|[upkeep]
|-sideend|p2: ntbon|move: Tailwind
|upkeep
|turn|6
|
|t:|1783775789
|switch|p1b: Kingambit|Kingambit, L50, F|100/100
|switch|p1a: Incineroar|Incineroar, L50, M|54/100
|-ability|p1a: Incineroar|Intimidate|boost
|-unboost|p2a: Whimsicott|atk|1
|move|p2a: Whimsicott|Moonblast|p1a: Incineroar
|-damage|p1a: Incineroar|21/100
|-unboost|p1a: Incineroar|spa|1
|
|-weather|Snowscape|[upkeep]
|upkeep
|turn|7
|
|t:|1783775806
|move|p1a: Incineroar|Fake Out|p2a: Whimsicott
|-damage|p2a: Whimsicott|84/100
|cant|p2a: Whimsicott|flinch
|move|p1b: Kingambit|Kowtow Cleave|p2a: Whimsicott
|-resisted|p2a: Whimsicott|1
|-damage|p2a: Whimsicott|40/100
|
|-weather|none
|upkeep
|turn|8
|
|t:|1783775820
|move|p2a: Whimsicott|Moonblast|p1a: Incineroar
|-damage|p1a: Incineroar|0 fnt
|faint|p1a: Incineroar
|move|p1b: Kingambit|Kowtow Cleave|p2a: Whimsicott
|-resisted|p2a: Whimsicott|1
|-damage|p2a: Whimsicott|0 fnt
|faint|p2a: Whimsicott
|
|win|lucky777n
