|j|☆empyreanbuggle
|j|☆Bruthathechosen
|html|empyreanbuggleBruthathechosen    
|uhtml|bestof|Game 2 of a best-of-3
|t:|1757174653
|gametype|doubles
|player|p1|empyreanbuggle|170|1176
|player|p2|Bruthathechosen|lady-gen4|1120
|gen|9
|tier|[Gen 9] VGC 2025 Reg H (Bo3)
|rated|
|rule|Species Clause: Limit one of each Pokémon
|rule|Item Clause: Limit 1 of each item
|clearpoke
|poke|p1|Kommo-o, L50, M|
|poke|p1|Incineroar, L50, F|
|poke|p1|Sneasler, L50, F|
|poke|p1|Milotic, L50, M|
|poke|p1|Electabuzz, L50, M|
|poke|p1|Rillaboom, L50, M|
|poke|p2|Kingambit, L50, F|
|poke|p2|Rillaboom, L50, F|
|poke|p2|Hydreigon, L50, M|
|poke|p2|Sneasler, L50, M|
|poke|p2|Electabuzz, L50, M|
|poke|p2|Volcarona, L50, M|
|teampreview|4
|showteam|p1|Kommo-o||Leftovers|Soundproof|BodyPress,IronDefense,Flamethrower,Protect|||M|||50|,,,,,Fire]Incineroar||SafetyGoggles|Intimidate|FakeOut,FlareBlitz,KnockOff,PartingShot|||F|||50|,,,,,Ghost]Sneasler||FocusSash|Unburden|CloseCombat,DireClaw,FakeOut,Coaching|||F|||50|,,,,,Stellar]Milotic||SitrusBerry|Competitive|Scald,IceBeam,Recover,Haze|||M|||50|,,,,,Grass]Electabuzz||Eviolite|VitalSpirit|FollowMe,Thunderbolt,Taunt,Protect|||M|||50|,,,,,Fairy]Rillaboom||MiracleSeed|GrassySurge|WoodHammer,GrassyGlide,FakeOut,Protect|||M|||50|,,,,,Fire
|showteam|p2|Kingambit||BlackGlasses|Defiant|SuckerPunch,KowtowCleave,SwordsDance,Protect|||F|||50|,,,,,Dark]Rillaboom||AssaultVest|GrassySurge|FakeOut,GrassyGlide,HighHorsepower,Uturn|||F|||50|,,,,,Water]Hydreigon||ChoiceSpecs|Levitate|DarkPulse,DracoMeteor,Snarl,Uturn|||M|||50|,,,,,Ghost]Sneasler||GrassySeed|Unburden|FakeOut,CloseCombat,DireClaw,Protect|||M|||50|,,,,,Stellar]Electabuzz||Eviolite|VitalSpirit|Taunt,Thunderbolt,FollowMe,Protect|||M|||50|,,,,,Dragon]Volcarona||CovertCloak|FlameBody|QuiverDance,HeatWave,TeraBlast,Protect|||M|||50|,,,,,Fairy
|inactive|Battle timer is ON: inactive players will automatically lose when time's up. (requested by empyreanbuggle)
|
|t:|1757174673
|teamsize|p1|4
|teamsize|p2|4
|start
|switch|p1a: Sneasler|Sneasler, L50, F|100/100
|switch|p1b: Kommo-o|Kommo-o, L50, M|100/100
|switch|p2a: Rillaboom|Rillaboom, L50, F|100/100
|switch|p2b: Sneasler|Sneasler, L50, M|100/100
|-fieldstart|move: Grassy Terrain|[from] ability: Grassy Surge|[of] p2a: Rillaboom
|-enditem|p2b: Sneasler|Grassy Seed
|-boost|p2b: Sneasler|def|1|[from] item: Grassy Seed
|turn|1
|
|t:|1757174697
|move|p2b: Sneasler|Fake Out|p1a: Sneasler
|-damage|p1a: Sneasler|72/100
|cant|p1a: Sneasler|flinch
|move|p1b: Kommo-o|Iron Defense|p1b: Kommo-o
|-boost|p1b: Kommo-o|def|2
|move|p2a: Rillaboom|High Horsepower|p1a: Sneasler
|-supereffective|p1a: Sneasler
|-damage|p1a: Sneasler|0 fnt
|faint|p1a: Sneasler
|
|upkeep
|
|t:|1757174707
|switch|p1a: Rillaboom|Rillaboom, L50, M|100/100
|turn|2
|
|t:|1757174721
|move|p1a: Rillaboom|Fake Out|p2b: Sneasler
|-damage|p2b: Sneasler|84/100
|cant|p2b: Sneasler|flinch
|move|p1b: Kommo-o|Iron Defense|p1b: Kommo-o
|-boost|p1b: Kommo-o|def|2
|move|p2a: Rillaboom|U-turn|p1a: Rillaboom
|-supereffective|p1a: Rillaboom
|-damage|p1a: Rillaboom|49/100
|
|t:|1757174729
|switch|p2a: Hydreigon|Hydreigon, L50, M|100/100|[from] U-turn
|
|-heal|p2b: Sneasler|90/100|[from] Grassy Terrain
|-heal|p1a: Rillaboom|54/100|[from] Grassy Terrain
|upkeep
|turn|3
|
|t:|1757174747
|-terastallize|p1b: Kommo-o|Fire
|move|p1a: Rillaboom|Grassy Glide|p2b: Sneasler
|-resisted|p2b: Sneasler
|-damage|p2b: Sneasler|68/100
|move|p2b: Sneasler|Dire Claw|p1a: Rillaboom
|-supereffective|p1a: Rillaboom
|-damage|p1a: Rillaboom|0 fnt
|faint|p1a: Rillaboom
|move|p2a: Hydreigon|Draco Meteor|p1b: Kommo-o
|-damage|p1b: Kommo-o|1/100
|-unboost|p2a: Hydreigon|spa|2
|move|p1b: Kommo-o|Body Press|p2a: Hydreigon
|-supereffective|p2a: Hydreigon
|-damage|p2a: Hydreigon|0 fnt
|faint|p2a: Hydreigon
|
|-heal|p2b: Sneasler|74/100|[from] Grassy Terrain
|-heal|p1b: Kommo-o|7/100|[from] Grassy Terrain
|-heal|p1b: Kommo-o|13/100|[from] item: Leftovers
|upkeep
|
|t:|1757174766
|switch|p2a: Volcarona|Volcarona, L50, M|100/100
|switch|p1a: Milotic|Milotic, L50, M|100/100
|turn|4
|
|t:|1757174782
|-terastallize|p2b: Sneasler|Stellar
|move|p1b: Kommo-o|Protect|p1b: Kommo-o
|-singleturn|p1b: Kommo-o|Protect
|move|p2b: Sneasler|Dire Claw|p1a: Milotic
|-damage|p1a: Milotic|31/100
|-status|p1a: Milotic|psn
|-enditem|p1a: Milotic|Sitrus Berry|[eat]
|-heal|p1a: Milotic|56/100 psn|[from] item: Sitrus Berry
|move|p2a: Volcarona|Quiver Dance|p2a: Volcarona
|-boost|p2a: Volcarona|spa|1
|-boost|p2a: Volcarona|spd|1
|-boost|p2a: Volcarona|spe|1
|move|p1a: Milotic|Scald|p2a: Volcarona
|-supereffective|p2a: Volcarona
|-damage|p2a: Volcarona|63/100
|
|-heal|p2b: Sneasler|79/100|[from] Grassy Terrain
|-heal|p2a: Volcarona|69/100|[from] Grassy Terrain
|-heal|p1b: Kommo-o|19/100|[from] Grassy Terrain
|-heal|p1b: Kommo-o|25/100|[from] item: Leftovers
|-heal|p1a: Milotic|62/100 psn|[from] Grassy Terrain
|-damage|p1a: Milotic|50/100 psn|[from] psn
|upkeep
|turn|5
|inactive|empyreanbuggle has 30 seconds left.
|
|t:|1757174809
|move|p2b: Sneasler|Close Combat|p1a: Milotic
|-damage|p1a: Milotic|0 fnt
|-unboost|p2b: Sneasler|def|1
|-unboost|p2b: Sneasler|spd|1
|faint|p1a: Milotic
|move|p2a: Volcarona|Tera Blast|p1b: Kommo-o
|-damage|p1b: Kommo-o|0 fnt
|faint|p1b: Kommo-o
|
|win|Bruthathechosen
||empyreanbuggle is ready for game 3.
||Bruthathechosen is ready for game 3.
|uhtml|next|Next: Game 3 of 3
