|j|☆x-demon18
|j|☆Minh17
|html|x-demon18Minh17    
|uhtml|bestof|Game 1 of a best-of-3
|t:|1784379991
|gametype|doubles
|player|p1|x-demon18|lucas|1077
|player|p2|Minh17|101|1000
|gen|9
|tier|[Gen 9 Champions] VGC 2026 Reg M-B (Bo3)
|rated|
|rule|Species Clause: Limit one of each Pokémon
|rule|Item Clause: Limit 1 of each item
|clearpoke
|poke|p1|Incineroar, L50, F|
|poke|p1|Rotom-Wash, L50|
|poke|p1|Venusaur, L50, F|
|poke|p1|Corviknight, L50, F|
|poke|p1|Sylveon, L50, F|
|poke|p1|Garchomp, L50, M|
|poke|p2|Blaziken, L50, F|
|poke|p2|Typhlosion-Hisui, L50, M|
|poke|p2|Torkoal, L50, F|
|poke|p2|Talonflame, L50, F|
|poke|p2|Incineroar, L50, M|
|poke|p2|Charizard, L50, F|
|teampreview|4
|showteam|p1|Incineroar||ExpertBelt|Intimidate|FakeOut,TemperFlare,ThroatChop,PartingShot|Adamant||F|||50|]Rotom-Wash||RindoBerry|Levitate|HydroPump,Electroweb,WillOWisp,VoltSwitch|Modest|||||50|]Venusaur||Venusaurite|Chlorophyll|GigaDrain,SludgeBomb,EarthPower,Protect|Modest||F|||50|]Corviknight||OccaBerry|MirrorArmor|Tailwind,DualWingbeat,IronHead,BodyPress|Adamant||F|||50|]Sylveon||FairyFeather|Pixilate|HyperVoice,QuickAttack,Yawn,Detect|Modest||F|||50|]Garchomp||LifeOrb|RoughSkin|RockSlide,DragonClaw,StompingTantrum,Protect|Jolly||M|||50|
|showteam|p2|Blaziken||Blazikenite|SpeedBoost|Protect,CloseCombat,HighJumpKick,FlareBlitz|Adamant||F|||50|]Typhlosion-Hisui||ChoiceScarf|Frisk|ShadowBall,Eruption,InfernalParade,SunnyDay|Modest||M|||50|]Torkoal||HeatRock|Drought|HeatWave,RockSlide,Protect,HelpingHand|Brave||F|||50|]Talonflame||FocusSash|GaleWings|Tailwind,BraveBird,FlareBlitz,Protect|Jolly||F|||50|]Incineroar||SitrusBerry|Intimidate|FakeOut,FlareBlitz,HelpingHand,PartingShot|Adamant||M|||50|]Charizard||CharizarditeY|SolarPower|BlastBurn,SolarBeam,Protect,Roost|Modest||F|||50|
|
|t:|1784380003
|teamsize|p1|4
|teamsize|p2|4
|start
|switch|p1a: Wolverine|Incineroar, L50, F|100/100
|switch|p1b: Griffith|Corviknight, L50, F|100/100
|switch|p2a: Torkoal|Torkoal, L50, F|100/100
|switch|p2b: Charizard|Charizard, L50, F|100/100
|-ability|p1a: Wolverine|Intimidate|boost
|-unboost|p2a: Torkoal|atk|1
|-unboost|p2b: Charizard|atk|1
|-weather|SunnyDay|[from] ability: Drought|[of] p2a: Torkoal
|turn|1
|
|t:|1784380026
|move|p1a: Wolverine|Fake Out|p2a: Torkoal
|-damage|p2a: Torkoal|89/100
|move|p2b: Charizard|Blast Burn|p1b: Griffith
|-supereffective|p1b: Griffith|1
|-enditem|p1b: Griffith|Occa Berry|[eat]
|-enditem|p1b: Griffith|Occa Berry|[weaken]
|-damage|p1b: Griffith|0 fnt
|-mustrecharge|p2b: Charizard
|faint|p1b: Griffith
|cant|p2a: Torkoal|flinch
|
|-weather|SunnyDay|[upkeep]
|-damage|p2b: Charizard|87/100|[from] ability: Solar Power|[of] p2b: Charizard
|upkeep
|
|t:|1784380039
|switch|p1b: Berserk|Garchomp, L50, M|100/100
|turn|2
|
|t:|1784380057
|move|p2a: Torkoal|Helping Hand|p2b: Charizard
|-singleturn|p2b: Charizard|Helping Hand|[of] p2a: Torkoal
|move|p1b: Berserk|Rock Slide|p2a: Torkoal|[spread] p2a,p2b
|-supereffective|p2a: Torkoal|1
|-supereffective|p2b: Charizard|2
|-damage|p2a: Torkoal|47/100
|-damage|p2b: Charizard|0 fnt
|faint|p2b: Charizard
|-damage|p1b: Berserk|90/100|[from] item: Life Orb
|move|p1a: Wolverine|Parting Shot|p2a: Torkoal
|-unboost|p2a: Torkoal|atk|1
|-unboost|p2a: Torkoal|spa|1
|
|t:|1784380069
|switch|p1a: HydroVolt|Rotom-Wash, L50|100/100|[from] Parting Shot
|
|-weather|SunnyDay|[upkeep]
|upkeep
|
|t:|1784380072
|switch|p2b: Incineroar|Incineroar, L50, M|100/100
|-ability|p2b: Incineroar|Intimidate|boost
|-unboost|p1a: HydroVolt|atk|1
|-unboost|p1b: Berserk|atk|1
|turn|3
|
|t:|1784380088
|move|p1b: Berserk|Protect|p1b: Berserk
|-singleturn|p1b: Berserk|Protect
|move|p2a: Torkoal|Protect|p2a: Torkoal
|-singleturn|p2a: Torkoal|Protect
|move|p2b: Incineroar|Fake Out|p1b: Berserk
|-activate|p1b: Berserk|move: Protect
|move|p1a: HydroVolt|Volt Switch|p2a: Torkoal
|-activate|p2a: Torkoal|move: Protect
|
|-weather|SunnyDay|[upkeep]
|upkeep
|turn|4
|
|t:|1784380110
|switch|p1b: Wolverine|Incineroar, L50, F|100/100
|-ability|p1b: Wolverine|Intimidate|boost
|-unboost|p2a: Torkoal|atk|1
|-unboost|p2b: Incineroar|atk|1
|move|p1a: HydroVolt|Electroweb|p2a: Torkoal|[spread] p2a,p2b
|-crit|p2a: Torkoal
|-damage|p2a: Torkoal|6/100
|-damage|p2b: Incineroar|82/100
|-unboost|p2a: Torkoal|spe|1
|-unboost|p2b: Incineroar|spe|1
|move|p2b: Incineroar|Flare Blitz|p1b: Wolverine
|-resisted|p1b: Wolverine|1
|-damage|p1b: Wolverine|67/100
|-damage|p2b: Incineroar|71/100|[from] Recoil
|move|p2a: Torkoal|Heat Wave|p1b: Wolverine|[spread] p1a,p1b
|-resisted|p1a: HydroVolt|1
|-resisted|p1b: Wolverine|1
|-damage|p1a: HydroVolt|87/100
|-damage|p1b: Wolverine|59/100
|
|-weather|SunnyDay|[upkeep]
|upkeep
|turn|5
|
|t:|1784380146
|move|p1a: HydroVolt|Electroweb|p2a: Torkoal|[spread] p2a,p2b
|-damage|p2a: Torkoal|0 fnt
|-damage|p2b: Incineroar|53/100
|-unboost|p2b: Incineroar|spe|1
|faint|p2a: Torkoal
|move|p1b: Wolverine|Parting Shot|p2b: Incineroar
|-unboost|p2b: Incineroar|atk|1
|-unboost|p2b: Incineroar|spa|1
|
|t:|1784380154
|switch|p1b: Berserk|Garchomp, L50, M|90/100|[from] Parting Shot
|move|p2b: Incineroar|Parting Shot|p1b: Berserk
|-unboost|p1b: Berserk|atk|1
|-unboost|p1b: Berserk|spa|1
|
|t:|1784380161
|switch|p2b: Blaziken|Blaziken, L50, F|100/100|[from] Parting Shot
|
|-weather|SunnyDay|[upkeep]
|upkeep
|
|t:|1784380163
|switch|p2a: Incineroar|Incineroar, L50, M|53/100
|-ability|p2a: Incineroar|Intimidate|boost
|-unboost|p1a: HydroVolt|atk|1
|-unboost|p1b: Berserk|atk|1
|turn|6
|
|t:|1784380211
|switch|p1b: Wolverine|Incineroar, L50, F|59/100
|-ability|p1b: Wolverine|Intimidate|boost
|-unboost|p2a: Incineroar|atk|1
|-unboost|p2b: Blaziken|atk|1
|move|p2b: Blaziken|Protect|p2b: Blaziken
|-singleturn|p2b: Blaziken|Protect
|move|p2a: Incineroar|Fake Out|p1b: Wolverine
|-damage|p1b: Wolverine|50/100g
|move|p1a: HydroVolt|Volt Switch|p2b: Blaziken
|-activate|p2b: Blaziken|move: Protect
|
|-weather|SunnyDay|[upkeep]
|-ability|p2b: Blaziken|Speed Boost|boost
|-boost|p2b: Blaziken|spe|1
|upkeep
|turn|7
|
|t:|1784380230
|detailschange|p2b: Blaziken|Blaziken-Mega, L50, F
|-mega|p2b: Blaziken|Blaziken|Blazikenite
|move|p2a: Incineroar|Helping Hand|p2b: Blaziken
|-singleturn|p2b: Blaziken|Helping Hand|[of] p2a: Incineroar
|move|p1b: Wolverine|Fake Out|p2b: Blaziken
|-damage|p2b: Blaziken|84/100
|cant|p2b: Blaziken|flinch
|move|p1a: HydroVolt|Volt Switch|p2b: Blaziken
|-damage|p2b: Blaziken|42/100
|
|t:|1784380242
|switch|p1a: Berserk|Garchomp, L50, M|90/100|[from] Volt Switch
|
|-weather|SunnyDay|[upkeep]
|-ability|p2b: Blaziken|Speed Boost|boost
|-boost|p2b: Blaziken|spe|1
|upkeep
|turn|8
|
|t:|1784380253
|switch|p1b: HydroVolt|Rotom-Wash, L50|87/100
|move|p2b: Blaziken|High Jump Kick|p1a: Berserk
|-damage|p1a: Berserk|28/100
|-damage|p2b: Blaziken|30/100|[from] ability: Rough Skin|[of] p1a: Berserk
|move|p1a: Berserk|Stomping Tantrum|p2b: Blaziken
|-supereffective|p2b: Blaziken|1
|-damage|p2b: Blaziken|0 fnt
|faint|p2b: Blaziken
|-damage|p1a: Berserk|19/100|[from] item: Life Orb
|move|p2a: Incineroar|Flare Blitz|p1b: HydroVolt
|-resisted|p1b: HydroVolt|1
|-damage|p1b: HydroVolt|56/100
|-damage|p2a: Incineroar|45/100|[from] Recoil
|-enditem|p2a: Incineroar|Sitrus Berry|[eat]
|-heal|p2a: Incineroar|70/100|[from] item: Sitrus Berry
|
|-weather|none
|upkeep
|turn|9
|
|t:|1784380275
|move|p1a: Berserk|Stomping Tantrum|p2a: Incineroar
|-supereffective|p2a: Incineroar|1
|-damage|p2a: Incineroar|0 fnt
|faint|p2a: Incineroar
|-damage|p1a: Berserk|9/100|[from] item: Life Orb
|
|win|x-demon18
|l|☆Minh17
|player|p2|
