|j|☆Braute
|j|☆Tapu Lisa
|html|BrauteTapu Lisa    
|uhtml|bestof|Game 2 of a best-of-3
|t:|1756311950
|gametype|doubles
|player|p1|Braute|miku-fire|1222
|player|p2|Tapu Lisa|101|1291
|gen|9
|tier|[Gen 9] VGC 2025 Reg H (Bo3)
|rated|
|rule|Species Clause: Limit one of each Pokémon
|rule|Item Clause: Limit 1 of each item
|clearpoke
|poke|p1|Sneasler, L50, M|
|poke|p1|Indeedee, L50, M|
|poke|p1|Volcarona, L50, F|
|poke|p1|Ursaluna-Bloodmoon, L50, M|
|poke|p1|Annihilape, L50, M|
|poke|p1|Tyranitar, L50, M|
|poke|p2|Whimsicott, L50, M|
|poke|p2|Annihilape, L50, M|
|poke|p2|Gholdengo, L50|
|poke|p2|Sneasler, L50, M|
|poke|p2|Farigiraf, L50, F|
|poke|p2|Incineroar, L50, F|
|teampreview|4
|showteam|p1|Sneasler||PsychicSeed|Unburden|CloseCombat,DireClaw,ThroatChop,Protect|||M|||50|,,,,,Dark]Indeedee||ChoiceScarf|PsychicSurge|ExpandingForce,TeraBlast,Trick,Protect|||M|||50|,,,,,Psychic]Volcarona||SitrusBerry|FlameBody|Overheat,StruggleBug,RagePowder,Tailwind|||F|||50|,,,,,Grass]Ursaluna-Bloodmoon||LifeOrb|MindsEye|BloodMoon,HyperVoice,EarthPower,Protect|||M|||50|,,,,,Normal]Annihilape||SafetyGoggles|Defiant|CloseCombat,RageFist,Taunt,FinalGambit|||M|||50|,,,,,Fairy]Tyranitar||AssaultVest|SandStream|RockSlide,KnockOff,TeraBlast,LowKick|||M|||50|,,,,,Flying
|showteam|p2|Whimsicott||CovertCloak|Prankster|Moonblast,FakeTears,BeatUp,Tailwind|||M|||50|,,,,,Dark]Annihilape||LumBerry|Defiant|CloseCombat,RageFist,Taunt,Protect|||M|||50|,,,,,Water]Gholdengo||LifeOrb|GoodasGold|MakeItRain,ShadowBall,PowerGem,Protect||||||50|,,,,,Steel]Sneasler||FocusSash|Unburden|DireClaw,CloseCombat,FakeOut,Protect|||M|||50|,,,,,Stellar]Farigiraf||ThroatSpray|ArmorTail|TwinBeam,HyperVoice,Imprison,TrickRoom|||F|||50|,,,,,Normal]Incineroar||SafetyGoggles|Intimidate|FlareBlitz,KnockOff,FakeOut,PartingShot|||F|||50|,,,,,Ghost
|inactive|Battle timer is ON: inactive players will automatically lose when time's up. (requested by Braute)
|
|t:|1756311969
|teamsize|p1|4
|teamsize|p2|4
|start
|switch|p1a: Volcarona|Volcarona, L50, F|100/100
|switch|p1b: Ursaluna|Ursaluna-Bloodmoon, L50, M|100/100
|switch|p2a: Gholdengo|Gholdengo, L50|100/100
|switch|p2b: Whimsicott|Whimsicott, L50, M, shiny|100/100
|turn|1
|inactive|Tapu Lisa has 30 seconds left.
|inactive|Braute has 30 seconds left.
|inactive|Tapu Lisa has 20 seconds left.
|inactive|Tapu Lisa has 15 seconds left.
|
|t:|1756312010
|move|p1b: Ursaluna|Protect|p1b: Ursaluna
|-singleturn|p1b: Ursaluna|Protect
|move|p2b: Whimsicott|Fake Tears|p1b: Ursaluna
|-activate|p1b: Ursaluna|move: Protect
|move|p1a: Volcarona|Tailwind|p1a: Volcarona
|-sidestart|p1: Braute|move: Tailwind
|move|p2a: Gholdengo|Make It Rain|p1a: Volcarona|[spread] p1a
|-activate|p1b: Ursaluna|move: Protect
|-resisted|p1a: Volcarona
|-damage|p1a: Volcarona|67/100
|-unboost|p2a: Gholdengo|spa|1
|-damage|p2a: Gholdengo|91/100|[from] item: Life Orb
|
|upkeep
|turn|2
|inactive|Tapu Lisa has 30 seconds left.
|inactive|Tapu Lisa has 20 seconds left.
|
|t:|1756312053
|move|p2a: Gholdengo|Protect|p2a: Gholdengo
|-singleturn|p2a: Gholdengo|Protect
|move|p2b: Whimsicott|Tailwind|p2b: Whimsicott
|-sidestart|p2: Tapu Lisa|move: Tailwind
|move|p1a: Volcarona|Overheat|p2b: Whimsicott|[miss]
|-miss|p1a: Volcarona|p2b: Whimsicott
|move|p1b: Ursaluna|Earth Power|p2a: Gholdengo
|-activate|p2a: Gholdengo|move: Protect
|
|upkeep
|turn|3
|
|t:|1756312071
|switch|p1a: Indeedee|Indeedee, L50, M|100/100
|-fieldstart|move: Psychic Terrain|[from] ability: Psychic Surge|[of] p1a: Indeedee
|move|p2b: Whimsicott|Moonblast|p1b: Ursaluna
|-damage|p1b: Ursaluna|63/100
|-unboost|p1b: Ursaluna|spa|1
|move|p2a: Gholdengo|Power Gem|p1a: Indeedee
|-damage|p1a: Indeedee|65/100
|-damage|p2a: Gholdengo|81/100|[from] item: Life Orb
|move|p1b: Ursaluna|Earth Power|p2a: Gholdengo
|-supereffective|p2a: Gholdengo
|-crit|p2a: Gholdengo
|-damage|p2a: Gholdengo|0 fnt
|faint|p2a: Gholdengo
|-damage|p1b: Ursaluna|54/100|[from] item: Life Orb
|
|upkeep
|
|t:|1756312094
|switch|p2a: Incineroar|Incineroar, L50, F|100/100
|-ability|p2a: Incineroar|Intimidate|boost
|-unboost|p1a: Indeedee|atk|1
|-unboost|p1b: Ursaluna|atk|1
|turn|4
|inactive|Braute has 30 seconds left.
|
|t:|1756312120
|switch|p1a: Volcarona|Volcarona, L50, F|67/100
|move|p2b: Whimsicott|Moonblast|p1b: Ursaluna
|-damage|p1b: Ursaluna|18/100
|move|p2a: Incineroar|Knock Off|p1a: Volcarona
|-damage|p1a: Volcarona|16/100
|-enditem|p1a: Volcarona|Sitrus Berry|[from] move: Knock Off|[of] p2a: Incineroar
|move|p1b: Ursaluna|Blood Moon|p2b: Whimsicott
|-damage|p2b: Whimsicott|2/100
|-damage|p1b: Ursaluna|9/100|[from] item: Life Orb
|
|-sideend|p1: Braute|move: Tailwind
|upkeep
|turn|5
|inactive|Braute has 30 seconds left.
|
|t:|1756312149
|move|p1b: Ursaluna|Protect|p1b: Ursaluna
|-singleturn|p1b: Ursaluna|Protect
|move|p2b: Whimsicott|Moonblast|p1b: Ursaluna
|-activate|p1b: Ursaluna|move: Protect
|move|p2a: Incineroar|Knock Off|p1a: Volcarona
|-damage|p1a: Volcarona|0 fnt
|faint|p1a: Volcarona
|
|-sideend|p2: Tapu Lisa|move: Tailwind
|upkeep
|
|t:|1756312160
|switch|p1a: Sneasler|Sneasler, L50, M|100/100
|-enditem|p1a: Sneasler|Psychic Seed
|-boost|p1a: Sneasler|spd|1|[from] item: Psychic Seed
|turn|6
|
|t:|1756312172
|-terastallize|p2a: Incineroar|Ghost
|move|p2b: Whimsicott|Tailwind|p2b: Whimsicott
|-sidestart|p2: Tapu Lisa|move: Tailwind
|move|p1a: Sneasler|Close Combat|p2a: Incineroar
|-immune|p2a: Incineroar
|move|p2a: Incineroar|Knock Off|p1b: Ursaluna
|-damage|p1b: Ursaluna|0 fnt
|-enditem|p1b: Ursaluna|Life Orb|[from] move: Knock Off|[of] p2a: Incineroar
|faint|p1b: Ursaluna
|
|upkeep
|
|t:|1756312174
|switch|p1b: Indeedee|Indeedee, L50, M|65/100
|turn|7
|inactive|Braute has 30 seconds left.
|inactive|Tapu Lisa has 30 seconds left.
|
|t:|1756312209
|move|p2b: Whimsicott|Moonblast|p1a: Sneasler
|-damage|p1a: Sneasler|73/100
|move|p1a: Sneasler|Throat Chop|p2a: Incineroar
|-supereffective|p2a: Incineroar
|-damage|p2a: Incineroar|42/100
|-start|p2a: Incineroar|Throat Chop|[silent]
|move|p2a: Incineroar|Knock Off|p1b: Indeedee
|-supereffective|p1b: Indeedee
|-damage|p1b: Indeedee|0 fnt
|-enditem|p1b: Indeedee|Choice Scarf|[from] move: Knock Off|[of] p2a: Incineroar
|faint|p1b: Indeedee
|
|-fieldend|move: Psychic Terrain
|upkeep
|turn|8
|
|t:|1756312222
|move|p1a: Sneasler|Protect|p1a: Sneasler
|-singleturn|p1a: Sneasler|Protect
|move|p2b: Whimsicott|Moonblast|p1a: Sneasler
|-activate|p1a: Sneasler|move: Protect
|move|p2a: Incineroar|Flare Blitz|p1a: Sneasler
|-activate|p1a: Sneasler|move: Protect
|
|-end|p2a: Incineroar|Throat Chop|[silent]
|upkeep
|turn|9
|
|t:|1756312244
|switch|p2a: Annihilape|Annihilape, L50, M, shiny|100/100
|move|p2b: Whimsicott|Moonblast|p1a: Sneasler
|-damage|p1a: Sneasler|50/100
|move|p1a: Sneasler|Throat Chop|p2a: Annihilape
|-damage|p2a: Annihilape|63/100
|-start|p2a: Annihilape|Throat Chop|[silent]
|
|-sideend|p2: Tapu Lisa|move: Tailwind
|upkeep
|turn|10
|-message|Braute forfeited.
|
|win|Tapu Lisa
|raw|Braute's rating: 1222 → 1202(-20 for losing)
|raw|Tapu Lisa's rating: 1291 → 1311(+20 for winning)
