|j|☆Mortipherus
|j|☆Tizio20
|html|MortipherusTizio20    
|uhtml|bestof|Game 1 of a best-of-3
|t:|1756930163
|gametype|doubles
|player|p1|Mortipherus|biker-gen4|
|player|p2|Tizio20|hilda-wonderlauncher|
|gen|9
|tier|[Gen 9] VGC 2025 Reg H (Bo3)
|rule|Species Clause: Limit one of each Pokémon
|rule|Item Clause: Limit 1 of each item
|clearpoke
|poke|p1|Hydrapple, L50, M|
|poke|p1|Arcanine-Hisui, L50, M|
|poke|p1|Gholdengo, L50|
|poke|p1|Electabuzz, L50, M|
|poke|p1|Indeedee, L50, M|
|poke|p1|Sneasler, L50, M|
|poke|p2|Typhlosion-Hisui, L50, M|
|poke|p2|Whimsicott, L50, M|
|poke|p2|Gyarados, L50, F|
|poke|p2|Ursaluna-Bloodmoon, L50, M|
|poke|p2|Kingambit, L50, M|
|poke|p2|Gengar, L50, F|
|teampreview|4
|showteam|p1|Hydrapple||AssaultVest|Regenerator|FickleBeam,EnergyBall,EarthPower,BreakingSwipe|||M|||50|,,,,,Ground]Arcanine-Hisui||ClearAmulet|Intimidate|Protect,ExtremeSpeed,FlareBlitz,RockSlide|||M|||50|,,,,,Grass]Gholdengo||LifeOrb|GoodasGold|Protect,NastyPlot,MakeItRain,ShadowBall||||||50|,,,,,Flying]Electabuzz||Eviolite|VitalSpirit|Protect,FollowMe,Taunt,Electroweb|||M|||50|,,,,,Dragon]Indeedee||FocusSash|PsychicSurge|Protect,TrickRoom,ExpandingForce,TeraBlast|||M|||50|,,,,,Ground]Sneasler||PsychicSeed|Unburden|Protect,ThroatChop,DireClaw,CloseCombat|||M|||50|,,,,,Dark
|showteam|p2|Typhlosion-Hisui||ChoiceSpecs|Blaze|Eruption,HeatWave,Overheat,ShadowBall|||M|||50|,,,,,Fire]Whimsicott||CovertCloak|Prankster|Tailwind,SunnyDay,FakeTears,Moonblast|||M|||50|,,,,,Water]Gyarados||SafetyGoggles|Intimidate|Waterfall,ThunderWave,Taunt,Protect|||F|||50|,,,,,Steel]Ursaluna-Bloodmoon||LifeOrb|MindsEye|Protect,BloodMoon,HyperVoice,EarthPower|||M|||50|,,,,,Normal]Kingambit||AssaultVest|Defiant|KowtowCleave,SuckerPunch,IronHead,LowKick|||M|||50|,,,,,Fairy]Gengar||FocusSash|CursedBody|SludgeBomb,ShadowBall,Haze,Protect|||F|||50|,,,,,Stellar
|inactive|Battle timer is ON: inactive players will automatically lose when time's up. (requested by Tizio20)
|
|t:|1756930188
|teamsize|p1|4
|teamsize|p2|4
|start
|switch|p1a: Sauerkraut|Electabuzz, L50, M|100/100
|switch|p1b: Mac n Cheese|Gholdengo, L50|100/100
|switch|p2a: Whimsicott|Whimsicott, L50, M|100/100
|switch|p2b: Gengar|Gengar, L50, F|100/100
|turn|1
|
|t:|1756930208
|move|p2a: Whimsicott|Fake Tears|p1a: Sauerkraut
|-unboost|p1a: Sauerkraut|spd|2
|move|p2b: Gengar|Sludge Bomb|p1a: Sauerkraut
|-damage|p1a: Sauerkraut|33/100
|move|p1a: Sauerkraut|Electroweb|p2b: Gengar|[spread] p2a,p2b
|-resisted|p2a: Whimsicott
|-damage|p2a: Whimsicott|92/100
|-damage|p2b: Gengar|80/100
|-unboost|p2b: Gengar|spe|1
|move|p1b: Mac n Cheese|Nasty Plot|p1b: Mac n Cheese
|-boost|p1b: Mac n Cheese|spa|2
|
|upkeep
|turn|2
|
|t:|1756930223
|move|p1a: Sauerkraut|Protect|p1a: Sauerkraut
|-singleturn|p1a: Sauerkraut|Protect
|move|p2a: Whimsicott|Tailwind|p2a: Whimsicott
|-sidestart|p2: Tizio20|move: Tailwind
|move|p2b: Gengar|Shadow Ball|p1b: Mac n Cheese
|-supereffective|p1b: Mac n Cheese
|-damage|p1b: Mac n Cheese|20/100
|move|p1b: Mac n Cheese|Make It Rain|p2b: Gengar|[spread] p2a,p2b
|-supereffective|p2a: Whimsicott
|-damage|p2a: Whimsicott|0 fnt
|-damage|p2b: Gengar|0 fnt
|-unboost|p1b: Mac n Cheese|spa|1
|-start|p1b: Mac n Cheese|Disable|Make It Rain|[from] ability: Cursed Body|[of] p2b: Gengar
|faint|p2a: Whimsicott
|faint|p2b: Gengar
|-damage|p1b: Mac n Cheese|11/100|[from] item: Life Orb
|
|upkeep
|
|t:|1756930234
|switch|p2b: Typhlosion|Typhlosion-Hisui, L50, M|100/100
|switch|p2a: Ursaluna|Ursaluna-Bloodmoon, L50, M|100/100
|turn|3
|inactive|Mortipherus has 30 seconds left.
|
|t:|1756930266
|move|p1b: Mac n Cheese|Protect|p1b: Mac n Cheese
|-singleturn|p1b: Mac n Cheese|Protect
|move|p2b: Typhlosion|Eruption|p1a: Sauerkraut|[spread] p1a
|-activate|p1b: Mac n Cheese|move: Protect
|-damage|p1a: Sauerkraut|0 fnt
|faint|p1a: Sauerkraut
|move|p2a: Ursaluna|Hyper Voice|p1b: Mac n Cheese
|-activate|p1b: Mac n Cheese|move: Protect
|
|upkeep
|
|t:|1756930278
|switch|p1a: Caramel|Indeedee, L50, M|100/100
|-fieldstart|move: Psychic Terrain|[from] ability: Psychic Surge|[of] p1a: Caramel
|turn|4
|
|t:|1756930290
|move|p1a: Caramel|Protect|p1a: Caramel
|-singleturn|p1a: Caramel|Protect
|move|p2b: Typhlosion|Eruption|p1a: Caramel|[spread] p1b
|-activate|p1a: Caramel|move: Protect
|-supereffective|p1b: Mac n Cheese
|-damage|p1b: Mac n Cheese|0 fnt
|faint|p1b: Mac n Cheese
|move|p2a: Ursaluna|Hyper Voice|p1a: Caramel
|-activate|p1a: Caramel|move: Protect
|
|upkeep
|
|t:|1756930300
|switch|p1b: Stew|Sneasler, L50, M|100/100
|-enditem|p1b: Stew|Psychic Seed
|-boost|p1b: Stew|spd|1|[from] item: Psychic Seed
|turn|5
|
|t:|1756930321
|-terastallize|p1b: Stew|Dark
|-terastallize|p2b: Typhlosion|Fire
|move|p1b: Stew|Throat Chop|p2b: Typhlosion
|-damage|p2b: Typhlosion|38/100
|-start|p2b: Typhlosion|Throat Chop|[silent]
|move|p2b: Typhlosion|Eruption|p1a: Caramel|[spread] p1a,p1b
|-damage|p1a: Caramel|45/100
|-damage|p1b: Stew|64/100
|move|p2a: Ursaluna|Hyper Voice|p1b: Stew|[spread] p1a,p1b
|-damage|p1a: Caramel|0 fnt
|-damage|p1b: Stew|19/100
|faint|p1a: Caramel
|-damage|p2a: Ursaluna|90/100|[from] item: Life Orb
|
|-sideend|p2: Tizio20|move: Tailwind
|upkeep
|turn|6
|
|t:|1756930336
|move|p1b: Stew|Close Combat|p2a: Ursaluna
|-supereffective|p2a: Ursaluna
|-damage|p2a: Ursaluna|0 fnt
|-unboost|p1b: Stew|def|1
|-unboost|p1b: Stew|spd|1
|faint|p2a: Ursaluna
|move|p2b: Typhlosion|Eruption|p1b: Stew
|-damage|p1b: Stew|0 fnt
|faint|p1b: Stew
|
|win|Tizio20
||Tizio20 is ready for game 2.
|inactive|Mortipherus has 30 seconds to confirm battle start!
