|j|☆doingVGCthings
|j|☆Qicide
|html|doingVGCthingsQicide    
|uhtml|bestof|Game 3 of a best-of-3
|t:|1756845393
|gametype|doubles
|player|p1|doingVGCthings|swimmer-gen4dp|1127
|player|p2|Qicide|red|1238
|gen|9
|tier|[Gen 9] VGC 2025 Reg H (Bo3)
|rated|
|rule|Species Clause: Limit one of each Pokémon
|rule|Item Clause: Limit 1 of each item
|clearpoke
|poke|p1|Volcarona, L50, M|
|poke|p1|Electabuzz, L50, M|
|poke|p1|Sneasler, L50, M|
|poke|p1|Rillaboom, L50, M|
|poke|p1|Dragonite, L50, M|
|poke|p1|Annihilape, L50, F|
|poke|p2|Porygon2, L50|
|poke|p2|Incineroar, L50, F|
|poke|p2|Ursaluna, L50, M|
|poke|p2|Jumpluff, L50, F|
|poke|p2|Charizard, L50, F|
|poke|p2|Torkoal, L50, M|
|teampreview|4
|showteam|p1|Volcarona||CovertCloak|FlameBody|Protect,HeatWave,TeraBlast,QuiverDance|||M|||50|,,,,,Fairy]Electabuzz||Eviolite|VitalSpirit|Protect,Thunderbolt,Taunt,FollowMe|||M|||50|,,,,,Ghost]Sneasler||FocusSash|Unburden|Protect,DireClaw,CloseCombat,Coaching|||M|||50|,,,,,Stellar]Rillaboom||AssaultVest|GrassySurge|WoodHammer,GrassyGlide,HighHorsepower,FakeOut|||M|||50|,,,,,Fire]Dragonite||LoadedDice|Multiscale|Protect,ScaleShot,ExtremeSpeed,Haze|||M|||50|,,,,,Normal]Annihilape||SafetyGoggles|Defiant|Protect,RageFist,DrainPunch,BulkUp|||F|||50|,,,,,Water
|showteam|p2|Porygon2||Eviolite|Download|TeraBlast,IceBeam,TrickRoom,Recover||||||50|,,,,,Fighting]Incineroar||SitrusBerry|Intimidate|FakeOut,KnockOff,FlareBlitz,PartingShot|||F|||50|,,,,,Ghost]Ursaluna||FlameOrb|Guts|HeadlongRush,Facade,Earthquake,Protect|||M|||50|,,,,,Ghost]Jumpluff||CovertCloak|Chlorophyll|RagePowder,PollenPuff,Tailwind,SleepPowder|||F|||50|,,,,,Water]Charizard||ChoiceSpecs|SolarPower|HeatWave,Overheat,WeatherBall,DragonPulse|||F|||50|,,,,,Ghost]Torkoal||EjectPack|Drought|Overheat,Eruption,HelpingHand,Protect|||M|||50|,,,,,Fire
|inactive|Battle timer is ON: inactive players will automatically lose when time's up. (requested by doingVGCthings)
|inactive|Qicide also wants the timer to be on.
|
|t:|1756845414
|teamsize|p1|4
|teamsize|p2|4
|start
|switch|p1a: Electabuzz|Electabuzz, L50, M|100/100
|switch|p1b: Annihilape|Annihilape, L50, F|100/100
|switch|p2a: Jumpluff|Jumpluff, L50, F|100/100
|switch|p2b: Torkoal|Torkoal, L50, M|100/100
|-weather|SunnyDay|[from] ability: Drought|[of] p2b: Torkoal
|turn|1
|
|t:|1756845433
|move|p1a: Electabuzz|Follow Me|p1a: Electabuzz
|-singleturn|p1a: Electabuzz|move: Follow Me
|move|p2a: Jumpluff|Tailwind|p2a: Jumpluff
|-sidestart|p2: Qicide|move: Tailwind
|move|p1b: Annihilape|Bulk Up|p1b: Annihilape
|-boost|p1b: Annihilape|atk|1
|-boost|p1b: Annihilape|def|1
|move|p2b: Torkoal|Overheat|p1a: Electabuzz
|-damage|p1a: Electabuzz|28/100
|-unboost|p2b: Torkoal|spa|2
|-enditem|p2b: Torkoal|Eject Pack
|
|t:|1756845441
|switch|p2b: Ursaluna|Ursaluna, L50, M|100/100
|
|-weather|SunnyDay|[upkeep]
|-status|p2b: Ursaluna|brn|[from] item: Flame Orb
|upkeep
|turn|2
|inactive|Qicide has 30 seconds left.
|
|t:|1756845467
|switch|p2a: Charizard|Charizard, L50, F, shiny|100/100
|switch|p1a: Rillaboom|Rillaboom, L50, M|100/100
|-fieldstart|move: Grassy Terrain|[from] ability: Grassy Surge|[of] p1a: Rillaboom
|-terastallize|p2b: Ursaluna|Ghost
|move|p2b: Ursaluna|Earthquake|p1a: Rillaboom|[spread] p1a,p1b
|-immune|p2a: Charizard
|-resisted|p1a: Rillaboom
|-damage|p1a: Rillaboom|86/100
|-damage|p1b: Annihilape|77/100
|move|p1b: Annihilape|Bulk Up|p1b: Annihilape
|-boost|p1b: Annihilape|atk|1
|-boost|p1b: Annihilape|def|1
|
|-weather|SunnyDay|[upkeep]
|-damage|p2a: Charizard|88/100|[from] ability: Solar Power|[of] p2a: Charizard
|-heal|p1b: Annihilape|82/100|[from] Grassy Terrain
|-heal|p1a: Rillaboom|92/100|[from] Grassy Terrain
|-damage|p2b: Ursaluna|95/100 brn|[from] brn
|upkeep
|turn|3
|
|t:|1756845488
|move|p2b: Ursaluna|Protect|p2b: Ursaluna
|-singleturn|p2b: Ursaluna|Protect
|move|p1a: Rillaboom|Fake Out|p2a: Charizard
|-damage|p2a: Charizard|69/100
|cant|p2a: Charizard|flinch
|move|p1b: Annihilape|Rage Fist|p2b: Ursaluna
|-activate|p2b: Ursaluna|move: Protect
|
|-weather|SunnyDay|[upkeep]
|-damage|p2a: Charizard|57/100|[from] ability: Solar Power|[of] p2a: Charizard
|-heal|p2b: Ursaluna|100/100 brn|[from] Grassy Terrain
|-heal|p1b: Annihilape|88/100|[from] Grassy Terrain
|-heal|p1a: Rillaboom|98/100|[from] Grassy Terrain
|-damage|p2b: Ursaluna|95/100 brn|[from] brn
|upkeep
|turn|4
|
|t:|1756845502
|switch|p1a: Dragonite|Dragonite, L50, M|100/100
|-terastallize|p1b: Annihilape|Water
|move|p2a: Charizard|Heat Wave|p1b: Annihilape|[spread] p1a,p1b
|-resisted|p1a: Dragonite
|-resisted|p1b: Annihilape
|-damage|p1a: Dragonite|72/100
|-damage|p1b: Annihilape|36/100
|move|p2b: Ursaluna|Facade|p1b: Annihilape
|-damage|p1b: Annihilape|0 fnt
|faint|p1b: Annihilape
|
|-weather|SunnyDay|[upkeep]
|-damage|p2a: Charizard|45/100|[from] ability: Solar Power|[of] p2a: Charizard
|-heal|p2b: Ursaluna|100/100 brn|[from] Grassy Terrain
|-damage|p2b: Ursaluna|95/100 brn|[from] brn
|-sideend|p2: Qicide|move: Tailwind
|upkeep
|
|t:|1756845517
|switch|p1b: Rillaboom|Rillaboom, L50, M|98/100
|turn|5
|
|t:|1756845529
|switch|p2a: Jumpluff|Jumpluff, L50, F|100/100
|move|p1a: Dragonite|Extreme Speed|p2a: Jumpluff
|-damage|p2a: Jumpluff|66/100
|move|p1b: Rillaboom|Wood Hammer|p2b: Ursaluna
|-damage|p2b: Ursaluna|31/100 brn
|-damage|p1b: Rillaboom|75/100|[from] Recoil
|move|p2b: Ursaluna|Facade|p1a: Dragonite
|-damage|p1a: Dragonite|0 fnt
|faint|p1a: Dragonite
|
|-weather|none
|-heal|p1b: Rillaboom|81/100|[from] Grassy Terrain
|-heal|p2b: Ursaluna|37/100 brn|[from] Grassy Terrain
|-damage|p2b: Ursaluna|31/100 brn|[from] brn
|upkeep
|
|t:|1756845539
|switch|p1a: Electabuzz|Electabuzz, L50, M|28/100
|turn|6
|
|t:|1756845550
|switch|p2b: Torkoal|Torkoal, L50, M|100/100
|-weather|SunnyDay|[from] ability: Drought|[of] p2b: Torkoal
|move|p2a: Jumpluff|Tailwind|p2a: Jumpluff
|-sidestart|p2: Qicide|move: Tailwind
|move|p1a: Electabuzz|Thunderbolt|p2a: Jumpluff
|-damage|p2a: Jumpluff|35/100
|move|p1b: Rillaboom|Wood Hammer|p2b: Torkoal
|-resisted|p2b: Torkoal
|-damage|p2b: Torkoal|69/100
|-damage|p1b: Rillaboom|72/100|[from] Recoil
|
|-weather|SunnyDay|[upkeep]
|-heal|p1a: Electabuzz|34/100|[from] Grassy Terrain
|-heal|p1b: Rillaboom|78/100|[from] Grassy Terrain
|-heal|p2b: Torkoal|76/100|[from] Grassy Terrain
|-fieldend|move: Grassy Terrain
|upkeep
|turn|7
|
|t:|1756845565
|move|p2a: Jumpluff|Pollen Puff|p2b: Torkoal
|-heal|p2b: Torkoal|100/100
|move|p1a: Electabuzz|Thunderbolt|p2b: Torkoal
|-damage|p2b: Torkoal|58/100
|move|p1b: Rillaboom|High Horsepower|p2b: Torkoal
|-supereffective|p2b: Torkoal
|-damage|p2b: Torkoal|6/100
|move|p2b: Torkoal|Overheat|p1a: Electabuzz
|-damage|p1a: Electabuzz|0 fnt
|-unboost|p2b: Torkoal|spa|2
|faint|p1a: Electabuzz
|
|-weather|SunnyDay|[upkeep]
|upkeep
|turn|8
|
|t:|1756845587
|switch|p2b: Charizard|Charizard, L50, F, shiny|45/100
|move|p2a: Jumpluff|Pollen Puff|p2b: Charizard
|-heal|p2b: Charizard|95/100
|move|p1b: Rillaboom|High Horsepower|p2b: Charizard
|-immune|p2b: Charizard
|
|-weather|SunnyDay|[upkeep]
|-damage|p2b: Charizard|82/100|[from] ability: Solar Power|[of] p2b: Charizard
|upkeep
|turn|9
|
|t:|1756845603
|move|p2a: Jumpluff|Pollen Puff|p2b: Charizard
|-heal|p2b: Charizard|100/100
|move|p2b: Charizard|Weather Ball|p1b: Rillaboom
|-supereffective|p1b: Rillaboom
|-damage|p1b: Rillaboom|0 fnt
|faint|p1b: Rillaboom
|
|win|Qicide
|raw|doingVGCthings's rating: 1127 → 1110(-17 for losing)
|raw|Qicide's rating: 1238 → 1255(+17 for winning)
|l|☆doingVGCthings
|player|p1|
