|j|☆luckstat10
|j|☆PSH01
|html|luckstat10PSH01    
|uhtml|bestof|Game 1 of a best-of-3
|t:|1757909833
|gametype|doubles
|player|p1|luckstat10|dawn|1137
|player|p2|PSH01|170|1024
|gen|9
|tier|[Gen 9] VGC 2025 Reg H (Bo3)
|rated|
|rule|Species Clause: Limit one of each Pokémon
|rule|Item Clause: Limit 1 of each item
|clearpoke
|poke|p1|Rillaboom, L50, M|
|poke|p1|Volcarona, L50, F|
|poke|p1|Incineroar, L50, M|
|poke|p1|Ninetales-Alola, L50, F|
|poke|p1|Annihilape, L50, M|
|poke|p1|Dragonite, L50, M|
|poke|p2|Goodra-Hisui, L50, F|
|poke|p2|Garchomp, L50, F|
|poke|p2|Dragonite, L50, M|
|poke|p2|Gyarados, L50, F|
|poke|p2|Exeggutor-Alola, L50, F|
|poke|p2|Hydreigon, L50, F|
|teampreview|4
|showteam|p1|Rillaboom||AssaultVest|GrassySurge|FakeOut,WoodHammer,GrassyGlide,HighHorsepower|||M|||50|,,,,,Fire]Volcarona||GrassySeed|FlameBody|QuiverDance,HeatWave,GigaDrain,Protect|||F|||50|,,,,,Grass]Incineroar||SafetyGoggles|Intimidate|FakeOut,KnockOff,FlareBlitz,Taunt|||M|||50|,,,,,Ghost]Ninetales-Alola||CovertCloak|SnowWarning|AuroraVeil,Blizzard,Moonblast,Protect|||F|||50|,,,,,Poison]Annihilape||Leftovers|Defiant|BulkUp,RageFist,DrainPunch,Protect|||M|||50|,,,,,Water]Dragonite||LoadedDice|Multiscale|Tailwind,ScaleShot,Haze,Protect|||M|||50|,,,,,Fairy
|showteam|p2|Goodra-Hisui||Leftovers|Gooey|BodyPress,AcidArmor,LifeDew,Protect|||F|||50|,,,,,Flying]Garchomp||LifeOrb|RoughSkin|Earthquake,DragonClaw,RockSlide,BrickBreak|||F|||50|,,,,,Steel]Dragonite||CovertCloak|Multiscale|LowKick,Haze,Tailwind,ScaleShot|||M|||50|,,,,,Fairy]Gyarados||EjectButton|Intimidate|Taunt,IronHead,ThunderWave,Waterfall|||F|||50|,,,,,Ground]Exeggutor-Alola||SitrusBerry|Harvest|SleepPowder,TrickRoom,EnergyBall,Protect|||F|||50|,,,,,Fire]Hydreigon||ChoiceSpecs|Levitate|HyperVoice,DarkPulse,DracoMeteor,HeatWave|||F|||50|,,,,,Normal
|inactive|Battle timer is ON: inactive players will automatically lose when time's up. (requested by PSH01)
|
|t:|1757909868
|teamsize|p1|4
|teamsize|p2|4
|start
|switch|p1a: Mittens|Incineroar, L50, M, shiny|100/100
|switch|p1b: Annihilape|Annihilape, L50, M, shiny|100/100
|switch|p2a: Exeggutor|Exeggutor-Alola, L50, F|100/100
|switch|p2b: Goodra|Goodra-Hisui, L50, F|100/100
|-ability|p1a: Mittens|Intimidate|boost
|-unboost|p2a: Exeggutor|atk|1
|-unboost|p2b: Goodra|atk|1
|turn|1
|inactive|PSH01 has 30 seconds left.
|
|t:|1757909895
|move|p1b: Annihilape|Protect|p1b: Annihilape
|-singleturn|p1b: Annihilape|Protect
|move|p2b: Goodra|Acid Armor|p2b: Goodra
|-boost|p2b: Goodra|def|2
|move|p1a: Mittens|Taunt|p2b: Goodra
|-start|p2b: Goodra|move: Taunt
|move|p2a: Exeggutor|Sleep Powder|p1a: Mittens
|-activate|p1a: Mittens|item: Safety Goggles|Sleep Powder
|
|upkeep
|turn|2
|
|t:|1757909914
|move|p1b: Annihilape|Bulk Up|p1b: Annihilape
|-boost|p1b: Annihilape|atk|1
|-boost|p1b: Annihilape|def|1
|move|p2b: Goodra|Body Press|p1a: Mittens
|-supereffective|p1a: Mittens
|-damage|p1a: Mittens|22/100
|move|p1a: Mittens|Taunt|p2a: Exeggutor
|-start|p2a: Exeggutor|move: Taunt
|cant|p2a: Exeggutor|move: Taunt|Sleep Powder
|
|upkeep
|turn|3
|
|t:|1757909937
|switch|p1a: Dragonite|Dragonite, L50, M, shiny|100/100
|switch|p2a: Dragonite|Dragonite, L50, M|100/100
|move|p1b: Annihilape|Bulk Up|p1b: Annihilape
|-boost|p1b: Annihilape|atk|1
|-boost|p1b: Annihilape|def|1
|move|p2b: Goodra|Body Press|p1a: Dragonite
|-resisted|p1a: Dragonite
|-damage|p1a: Dragonite|86/100
|
|upkeep
|turn|4
|
|t:|1757909957
|switch|p2b: Exeggutor|Exeggutor-Alola, L50, F|100/100
|-terastallize|p1a: Dragonite|Fairy
|move|p1b: Annihilape|Drain Punch|p2b: Exeggutor
|-damage|p2b: Exeggutor|38/100
|-enditem|p2b: Exeggutor|Sitrus Berry|[eat]
|-heal|p2b: Exeggutor|63/100|[from] item: Sitrus Berry
|move|p1a: Dragonite|Tailwind|p1a: Dragonite
|-sidestart|p1: luckstat10|move: Tailwind
|move|p2a: Dragonite|Haze|p2a: Dragonite
|-clearallboost
|
|-item|p2b: Exeggutor|Sitrus Berry|[from] ability: Harvest
|upkeep
|turn|5
|inactive|PSH01 has 30 seconds left.
|
|t:|1757909987
|switch|p2a: Goodra|Goodra-Hisui, L50, F|100/100
|move|p1b: Annihilape|Bulk Up|p1b: Annihilape
|-boost|p1b: Annihilape|atk|1
|-boost|p1b: Annihilape|def|1
|move|p1a: Dragonite|Scale Shot|p2b: Exeggutor|[miss]
|-miss|p1a: Dragonite|p2b: Exeggutor
|move|p2b: Exeggutor|Trick Room|p2b: Exeggutor
|-fieldstart|move: Trick Room|[of] p2b: Exeggutor
|
|upkeep
|turn|6
|inactive|PSH01 has 30 seconds left.
|
|t:|1757910013
|-terastallize|p2b: Exeggutor|Fire
|move|p2b: Exeggutor|Sleep Powder|p1b: Annihilape
|-status|p1b: Annihilape|slp|[from] move: Sleep Powder
|move|p2a: Goodra|Acid Armor|p2a: Goodra
|-boost|p2a: Goodra|def|2
|move|p1a: Dragonite|Scale Shot|p2b: Exeggutor
|-damage|p2b: Exeggutor|48/100
|-enditem|p2b: Exeggutor|Sitrus Berry|[eat]
|-heal|p2b: Exeggutor|73/100|[from] item: Sitrus Berry
|-damage|p2b: Exeggutor|57/100
|-damage|p2b: Exeggutor|42/100
|-damage|p2b: Exeggutor|27/100
|-hitcount|p2b: Exeggutor|4
|-unboost|p1a: Dragonite|def|1
|-boost|p1a: Dragonite|spe|1
|cant|p1b: Annihilape|slp
|
|-item|p2b: Exeggutor|Sitrus Berry|[from] ability: Harvest
|upkeep
|-enditem|p2b: Exeggutor|Sitrus Berry|[eat]
|-heal|p2b: Exeggutor|52/100|[from] item: Sitrus Berry
|turn|7
|inactive|luckstat10 has 30 seconds left.
|inactive|PSH01 has 30 seconds left.
|
|t:|1757910045
|move|p2b: Exeggutor|Protect|p2b: Exeggutor
|-singleturn|p2b: Exeggutor|Protect
|move|p1a: Dragonite|Protect|p1a: Dragonite
|-singleturn|p1a: Dragonite|Protect
|move|p2a: Goodra|Acid Armor|p2a: Goodra
|-boost|p2a: Goodra|def|2
|-curestatus|p1b: Annihilape|slp|[msg]
|move|p1b: Annihilape|Bulk Up|p1b: Annihilape
|-boost|p1b: Annihilape|atk|1
|-boost|p1b: Annihilape|def|1
|
|-sideend|p1: luckstat10|move: Tailwind
|-item|p2b: Exeggutor|Sitrus Berry|[from] ability: Harvest
|upkeep
|turn|8
|
|t:|1757910067
|move|p2b: Exeggutor|Sleep Powder|p1b: Annihilape|[miss]
|-miss|p2b: Exeggutor|p1b: Annihilape
|move|p2a: Goodra|Body Press|p1a: Dragonite
|-resisted|p1a: Dragonite
|-damage|p1a: Dragonite|21/100
|move|p1b: Annihilape|Drain Punch|p2b: Exeggutor
|-damage|p2b: Exeggutor|0 fnt
|faint|p2b: Exeggutor
|move|p1a: Dragonite|Scale Shot|p2a: Goodra
|-damage|p2a: Goodra|97/100
|-damage|p2a: Goodra|93/100
|-damage|p2a: Goodra|89/100
|-damage|p2a: Goodra|86/100
|-hitcount|p2a: Goodra|4
|-unboost|p1a: Dragonite|def|1
|-boost|p1a: Dragonite|spe|1
|
|-heal|p2a: Goodra|91/100|[from] item: Leftovers
|upkeep
|
|t:|1757910085
|switch|p2b: Dragonite|Dragonite, L50, M|100/100
|turn|9
|
|t:|1757910108
|move|p2a: Goodra|Protect|p2a: Goodra
|-singleturn|p2a: Goodra|Protect
|move|p2b: Dragonite|Tailwind|p2b: Dragonite
|-sidestart|p2: PSH01|move: Tailwind
|move|p1b: Annihilape|Bulk Up|p1b: Annihilape
|-boost|p1b: Annihilape|atk|1
|-boost|p1b: Annihilape|def|1
|move|p1a: Dragonite|Haze|p1a: Dragonite
|-clearallboost
|
|-heal|p2a: Goodra|97/100|[from] item: Leftovers
|-fieldend|move: Trick Room
|upkeep
|turn|10
|inactive|PSH01 has 30 seconds left.
|
|t:|1757910137
|switch|p1a: Mittens|Incineroar, L50, M, shiny|22/100
|-ability|p1a: Mittens|Intimidate|boost
|-unboost|p2a: Goodra|atk|1
|-unboost|p2b: Dragonite|atk|1
|move|p2b: Dragonite|Scale Shot|p1b: Annihilape
|-damage|p1b: Annihilape|91/100
|-damage|p1b: Annihilape|83/100
|-hitcount|p1b: Annihilape|2
|-unboost|p2b: Dragonite|def|1
|-boost|p2b: Dragonite|spe|1
|move|p2a: Goodra|Acid Armor|p2a: Goodra
|-boost|p2a: Goodra|def|2
|move|p1b: Annihilape|Rage Fist|p2b: Dragonite
|-damage|p2b: Dragonite|58/100
|
|-heal|p2a: Goodra|100/100|[from] item: Leftovers
|-heal|p1b: Annihilape|89/100|[from] item: Leftovers
|upkeep
|turn|11
|inactive|PSH01 has 30 seconds left.
|inactive|luckstat10 has 30 seconds left.
|
|t:|1757910174
|switch|p2b: Hydreigon|Hydreigon, L50, F|100/100
|move|p2a: Goodra|Body Press|p1a: Mittens
|-supereffective|p1a: Mittens
|-damage|p1a: Mittens|0 fnt
|faint|p1a: Mittens
|move|p1b: Annihilape|Rage Fist|p2b: Hydreigon
|-resisted|p2b: Hydreigon
|-damage|p2b: Hydreigon|62/100
|
|-heal|p1b: Annihilape|95/100|[from] item: Leftovers
|upkeep
|
|t:|1757910181
|switch|p1a: Esdeath|Ninetales-Alola, L50, F|100/100
|-weather|Snowscape|[from] ability: Snow Warning|[of] p1a: Esdeath
|turn|12
|
|t:|1757910197
|move|p1a: Esdeath|Protect|p1a: Esdeath
|-singleturn|p1a: Esdeath|Protect
|move|p1b: Annihilape|Protect|p1b: Annihilape
|-singleturn|p1b: Annihilape|Protect
|move|p2b: Hydreigon|Heat Wave|p1a: Esdeath|[spread] 
|-activate|p1a: Esdeath|move: Protect
|-activate|p1b: Annihilape|move: Protect
|move|p2a: Goodra|Body Press|p1a: Esdeath
|-activate|p1a: Esdeath|move: Protect
|
|-weather|Snowscape|[upkeep]
|-heal|p1b: Annihilape|100/100|[from] item: Leftovers
|-sideend|p2: PSH01|move: Tailwind
|upkeep
|turn|13
|
|t:|1757910220
|switch|p2b: Dragonite|Dragonite, L50, M|58/100
|move|p1a: Esdeath|Blizzard|p2b: Dragonite|[spread] p2a,p2b
|-supereffective|p2b: Dragonite
|-damage|p2a: Goodra|81/100
|-damage|p2b: Dragonite|0 fnt
|faint|p2b: Dragonite
|move|p1b: Annihilape|Bulk Up|p1b: Annihilape
|-boost|p1b: Annihilape|atk|1
|-boost|p1b: Annihilape|def|1
|move|p2a: Goodra|Body Press|p1a: Esdeath
|-damage|p1a: Esdeath|54/100
|
|-weather|Snowscape|[upkeep]
|-heal|p2a: Goodra|87/100|[from] item: Leftovers
|upkeep
|
|t:|1757910233
|switch|p2b: Hydreigon|Hydreigon, L50, F|62/100
|turn|14
|
|t:|1757910249
|move|p1a: Esdeath|Blizzard|p2b: Hydreigon|[spread] p2a,p2b
|-supereffective|p2b: Hydreigon
|-damage|p2a: Goodra|69/100
|-damage|p2b: Hydreigon|0 fnt
|-status|p2a: Goodra|frz
|faint|p2b: Hydreigon
|move|p1b: Annihilape|Drain Punch|p2a: Goodra
|-supereffective|p2a: Goodra
|-damage|p2a: Goodra|37/100 frz
|-ability|p2a: Goodra|Gooey
|-unboost|p1b: Annihilape|spe|1
|-ability|p1b: Annihilape|Defiant|boost
|-boost|p1b: Annihilape|atk|2
|-curestatus|p2a: Goodra|frz|[msg]
|move|p2a: Goodra|Body Press|p1a: Esdeath
|-damage|p1a: Esdeath|7/100
|
|-weather|Snowscape|[upkeep]
|-heal|p2a: Goodra|43/100|[from] item: Leftovers
|upkeep
|turn|15
|-message|PSH01 forfeited.
|
|win|luckstat10
|l|☆PSH01
|player|p2|
||PSH01 is ready for game 2.
||luckstat10 is ready for game 2.
|uhtml|next|Next: Game 2 of 3
|l|☆luckstat10
|player|p1|
