|j|☆bosilek
|j|☆enyelvgc
|html|bosilekenyelvgc    
|uhtml|bestof|Game 2 of a best-of-3
|t:|1756272677
|gametype|doubles
|player|p1|bosilek|hilbert-wonderlauncher|1124
|player|p2|enyelvgc|102|1099
|gen|9
|tier|[Gen 9] VGC 2025 Reg H (Bo3)
|rated|
|rule|Species Clause: Limit one of each Pokémon
|rule|Item Clause: Limit 1 of each item
|clearpoke
|poke|p1|Garchomp, L50, M|
|poke|p1|Talonflame, L50, M|
|poke|p1|Gholdengo, L50|
|poke|p1|Ninetales-Alola, L50, M|
|poke|p1|Hydreigon, L50, M|
|poke|p1|Annihilape, L50, M|
|poke|p2|Dragapult, L50, M|
|poke|p2|Incineroar, L50, M|
|poke|p2|Rillaboom, L50, M|
|poke|p2|Gholdengo, L50|
|poke|p2|Basculegion, L50, M|
|poke|p2|Pelipper, L50, M|
|teampreview|4
|showteam|p1|Garchomp||LifeOrb|RoughSkin|Protect,Earthquake,DragonClaw,StompingTantrum|||M|||50|,,,,,Steel]Talonflame||CovertCloak|GaleWings|BraveBird,Taunt,WillOWisp,Tailwind|||M|||50|,,,,,Grass]Gholdengo||MetalCoat|GoodasGold|MakeItRain,ShadowBall,Protect,NastyPlot||||||50|,,,,,Water]Ninetales-Alola||FocusSash|SnowWarning|Blizzard,FreezeDry,Encore,Protect|||M|||50|,,,,,Water]Hydreigon||ChoiceSpecs|Levitate|HeatWave,Snarl,EarthPower,DragonPulse|||M|||50|,,,,,Fire]Annihilape||SafetyGoggles|Defiant|FinalGambit,RageFist,CloseCombat,Protect|||M|||50|,,,,,Fire
|showteam|p2|Dragapult||ChoiceBand|ClearBody|Outrage,DragonDarts,PhantomForce,Uturn|||M|||50|,,,,,Dragon]Incineroar||SafetyGoggles|Intimidate|Taunt,KnockOff,FakeOut,PartingShot|||M|||50|,,,,,Ghost]Rillaboom||AssaultVest|GrassySurge|FakeOut,GrassyGlide,WoodHammer,Uproar|||M|||50|,,,,,Fire]Gholdengo||LifeOrb|GoodasGold|MakeItRain,ShadowBall,NastyPlot,Protect||||||50|,,,,,Steel]Basculegion||ClearAmulet|SwiftSwim|WaveCrash,FlipTurn,AquaJet,Protect|||M|||50|,,,,,Water]Pelipper||FocusSash|Drizzle|HelpingHand,Tailwind,Hurricane,Protect|||M|||50|,,,,,Ghost
|
|t:|1756272724
|teamsize|p1|4
|teamsize|p2|4
|start
|switch|p1a: Ninetales|Ninetales-Alola, L50, M|100/100
|switch|p1b: Hydreigon|Hydreigon, L50, M|100/100
|switch|p2a: Dragapult|Dragapult, L50, M, shiny|100/100
|switch|p2b: Pelipper|Pelipper, L50, M, shiny|100/100
|-weather|Snowscape|[from] ability: Snow Warning|[of] p1a: Ninetales
|-weather|RainDance|[from] ability: Drizzle|[of] p2b: Pelipper
|turn|1
|inactive|Battle timer is ON: inactive players will automatically lose when time's up. (requested by enyelvgc)
|inactive|enyelvgc has 60 seconds left.
|
|t:|1756272765
|switch|p1b: Gholdengo|Gholdengo, L50|100/100
|-terastallize|p2a: Dragapult|Dragon
|move|p2a: Dragapult|Dragon Darts|p1b: Gholdengo
|-resisted|p1b: Gholdengo
|-damage|p1b: Gholdengo|72/100
|-anim|p2a: Dragapult|Dragon Darts|p1b: Gholdengo
|-resisted|p1b: Gholdengo
|-crit|p1b: Gholdengo
|-damage|p1b: Gholdengo|25/100
|move|p1a: Ninetales|Freeze-Dry|p2a: Dragapult
|-supereffective|p2a: Dragapult
|-damage|p2a: Dragapult|26/100
|move|p2b: Pelipper|Tailwind|p2b: Pelipper
|-sidestart|p2: enyelvgc|move: Tailwind
|
|-weather|RainDance|[upkeep]
|upkeep
|turn|2
|
|t:|1756272783
|switch|p2b: Gholdengo|Gholdengo, L50|100/100
|move|p1b: Gholdengo|Protect|p1b: Gholdengo
|-singleturn|p1b: Gholdengo|Protect
|move|p2a: Dragapult|Dragon Darts|p1b: Gholdengo
|-immune|p1a: Ninetales
|move|p1a: Ninetales|Blizzard|p2a: Dragapult|[spread] p2a,p2b
|-supereffective|p2a: Dragapult
|-resisted|p2b: Gholdengo
|-damage|p2a: Dragapult|0 fnt
|-damage|p2b: Gholdengo|83/100
|faint|p2a: Dragapult
|
|-weather|RainDance|[upkeep]
|upkeep
|
|t:|1756272795
|switch|p2a: Basculegion|Basculegion, L50, M|100/100
|turn|3
|
|t:|1756272819
|move|p1a: Ninetales|Protect|p1a: Ninetales
|-singleturn|p1a: Ninetales|Protect
|move|p2a: Basculegion|Wave Crash|p1a: Ninetales
|-activate|p1a: Ninetales|move: Protect
|move|p2b: Gholdengo|Make It Rain|p1b: Gholdengo|[spread] p1b
|-activate|p1a: Ninetales|move: Protect
|-resisted|p1b: Gholdengo
|-damage|p1b: Gholdengo|0 fnt
|-unboost|p2b: Gholdengo|spa|1
|faint|p1b: Gholdengo
|-damage|p2b: Gholdengo|73/100|[from] item: Life Orb
|
|-weather|RainDance|[upkeep]
|upkeep
|
|t:|1756272829
|switch|p1b: Hydreigon|Hydreigon, L50, M|100/100
|turn|4
|
|t:|1756272847
|-terastallize|p1a: Ninetales|Water
|move|p2a: Basculegion|Wave Crash|p1b: Hydreigon
|-resisted|p1b: Hydreigon
|-damage|p1b: Hydreigon|48/100
|-damage|p2a: Basculegion|86/100|[from] Recoil
|move|p2b: Gholdengo|Make It Rain|p1a: Ninetales|[spread] p1a,p1b
|-resisted|p1a: Ninetales
|-damage|p1a: Ninetales|76/100
|-damage|p1b: Hydreigon|2/100
|-unboost|p2b: Gholdengo|spa|1
|-damage|p2b: Gholdengo|63/100|[from] item: Life Orb
|move|p1a: Ninetales|Freeze-Dry|p2a: Basculegion
|-supereffective|p2a: Basculegion
|-damage|p2a: Basculegion|23/100
|move|p1b: Hydreigon|Snarl|p2a: Basculegion|[spread] p2a,p2b
|-supereffective|p2a: Basculegion
|-supereffective|p2b: Gholdengo
|-damage|p2a: Basculegion|0 fnt
|-damage|p2b: Gholdengo|0 fnt
|faint|p2a: Basculegion
|faint|p2b: Gholdengo
|
|-weather|RainDance|[upkeep]
|-sideend|p2: enyelvgc|move: Tailwind
|upkeep
|
|t:|1756272865
|switch|p2b: Pelipper|Pelipper, L50, M, shiny|100/100
|turn|5
|
|t:|1756272870
|move|p1a: Ninetales|Freeze-Dry|p2b: Pelipper
|-supereffective|p2b: Pelipper
|-enditem|p2b: Pelipper|Focus Sash
|-damage|p2b: Pelipper|1/100
|move|p1b: Hydreigon|Snarl|p2b: Pelipper
|-damage|p2b: Pelipper|0 fnt
|faint|p2b: Pelipper
|
|win|bosilek
