|j|☆teriso169
|j|☆Mamoswinefanboi
|html|teriso169Mamoswinefanboi    
|uhtml|bestof|Game 2 of a best-of-3
|t:|1755157420
|gametype|doubles
|player|p1|teriso169|anabel-gen7|1282
|player|p2|Mamoswinefanboi|102|1373
|gen|9
|tier|[Gen 9] VGC 2025 Reg H (Bo3)
|rated|
|rule|Species Clause: Limit one of each Pokémon
|rule|Item Clause: Limit 1 of each item
|clearpoke
|poke|p1|Kommo-o, L50, M|
|poke|p1|Incineroar, L50, M|
|poke|p1|Clefairy, L50, F|
|poke|p1|Gholdengo, L50|
|poke|p1|Sinistcha-Masterpiece, L50|
|poke|p1|Ninetales-Alola, L50, F|
|poke|p2|Incineroar, L50, M|
|poke|p2|Amoonguss, L50, M|
|poke|p2|Tyranitar, L50, M|
|poke|p2|Gholdengo, L50|
|poke|p2|Garchomp, L50, F|
|poke|p2|Hydreigon, L50, F|
|teampreview|4
|showteam|p1|Kommo-o||ThroatSpray|Overcoat|ClangorousSoul,ClangingScales,Flamethrower,Protect|||M|||50|,,,,,Fire]Incineroar||AssaultVest|Intimidate|FakeOut,FlareBlitz,KnockOff,Uturn|||M|||50|,,,,,Grass]Clefairy||Eviolite|FriendGuard|FollowMe,AfterYou,HealPulse,HelpingHand|||F|||50|,,,,,Ghost]Gholdengo||LifeOrb|GoodasGold|ShadowBall,NastyPlot,MakeItRain,Protect||||||50|,,,,,Water]Sinistcha-Masterpiece||SitrusBerry|Hospitality|RagePowder,LifeDew,MatchaGotcha,TrickRoom||||||50|,,,,,Water]Ninetales-Alola||CovertCloak|SnowWarning|AuroraVeil,Encore,Blizzard,HelpingHand|||F|||50|,,,,,Water
|showteam|p2|Incineroar||SitrusBerry|Intimidate|FlareBlitz,KnockOff,FakeOut,PartingShot|||M|||50|,,,,,Ghost]Amoonguss||CovertCloak|Regenerator|Spore,RagePowder,SludgeBomb,Protect|||M|||50|,,,,,Fairy]Tyranitar||AssaultVest|SandStream|KnockOff,RockSlide,LowKick,TeraBlast|||M|||50|,,,,,Flying]Gholdengo||MetalCoat|GoodasGold|MakeItRain,ShadowBall,Protect,NastyPlot||||||50|,,,,,Water]Garchomp||LifeOrb|RoughSkin|StompingTantrum,DragonClaw,Earthquake,Protect|||F|||50|,,,,,Ground]Hydreigon||SafetyGoggles|Levitate|DragonPulse,Snarl,Tailwind,Protect|||F|||50|,,,,,Ghost
|inactive|Battle timer is ON: inactive players will automatically lose when time's up. (requested by teriso169)
|
|t:|1755157440
|teamsize|p1|4
|teamsize|p2|4
|start
|switch|p1a: Nanzhong|Kommo-o, L50, M, shiny|100/100
|switch|p1b: DJ Dan|Incineroar, L50, M, shiny|100/100
|switch|p2a: Hydreigon|Hydreigon, L50, F|100/100
|switch|p2b: Incineroar|Incineroar, L50, M|100/100
|-ability|p2b: Incineroar|Intimidate|boost
|-unboost|p1a: Nanzhong|atk|1
|-unboost|p1b: DJ Dan|atk|1
|-ability|p1b: DJ Dan|Intimidate|boost
|-unboost|p2a: Hydreigon|atk|1
|-unboost|p2b: Incineroar|atk|1
|turn|1
|
|t:|1755157448
|-terastallize|p2a: Hydreigon|Ghost
|move|p2b: Incineroar|Fake Out|p1b: DJ Dan
|-damage|p1b: DJ Dan|92/100
|move|p2a: Hydreigon|Dragon Pulse|p1a: Nanzhong
|-supereffective|p1a: Nanzhong
|-damage|p1a: Nanzhong|18/100
|move|p1a: Nanzhong|Clangorous Soul||[still]
|-fail|p1a: Nanzhong
|cant|p1b: DJ Dan|flinch
|
|upkeep
|turn|2
|
|t:|1755157459
|move|p1a: Nanzhong|Protect|p1a: Nanzhong
|-singleturn|p1a: Nanzhong|Protect
|move|p2a: Hydreigon|Dragon Pulse|p1a: Nanzhong
|-activate|p1a: Nanzhong|move: Protect
|move|p2b: Incineroar|Parting Shot|p1b: DJ Dan
|-unboost|p1b: DJ Dan|atk|1
|-unboost|p1b: DJ Dan|spa|1
|
|t:|1755157464
|switch|p2b: Garchomp|Garchomp, L50, F|100/100|[from] Parting Shot
|move|p1b: DJ Dan|Knock Off|p2a: Hydreigon
|-supereffective|p2a: Hydreigon
|-damage|p2a: Hydreigon|47/100
|-enditem|p2a: Hydreigon|Safety Goggles|[from] move: Knock Off|[of] p1b: DJ Dan
|
|upkeep
|turn|3
|
|t:|1755157482
|switch|p1a: Xin Xianying|Ninetales-Alola, L50, F, shiny|100/100
|-weather|Snowscape|[from] ability: Snow Warning|[of] p1a: Xin Xianying
|-terastallize|p1b: DJ Dan|Grass
|move|p2b: Garchomp|Earthquake|p1b: DJ Dan|[spread] p1a,p1b
|-immune|p2a: Hydreigon|[from] ability: Levitate
|-resisted|p1b: DJ Dan
|-damage|p1a: Xin Xianying|57/100
|-damage|p1b: DJ Dan|68/100
|-damage|p2b: Garchomp|91/100|[from] item: Life Orb
|move|p2a: Hydreigon|Dragon Pulse|p1a: Xin Xianying
|-immune|p1a: Xin Xianying
|move|p1b: DJ Dan|Knock Off|p2a: Hydreigon
|-supereffective|p2a: Hydreigon
|-damage|p2a: Hydreigon|8/100
|
|-weather|Snowscape|[upkeep]
|upkeep
|turn|4
|
|t:|1755157492
|switch|p2b: Incineroar|Incineroar, L50, M|100/100
|-ability|p2b: Incineroar|Intimidate|boost
|-unboost|p1a: Xin Xianying|atk|1
|-unboost|p1b: DJ Dan|atk|1
|switch|p2a: Tyranitar|Tyranitar, L50, M|100/100
|-weather|Sandstorm|[from] ability: Sand Stream|[of] p2a: Tyranitar
|switch|p1b: Nanzhong|Kommo-o, L50, M, shiny|18/100
|move|p1a: Xin Xianying|Blizzard|p2b: Incineroar|[spread] p2a
|-miss|p1a: Xin Xianying|p2b: Incineroar
|-damage|p2a: Tyranitar|89/100
|
|-weather|Sandstorm|[upkeep]
|-damage|p1a: Xin Xianying|51/100|[from] Sandstorm
|-damage|p2b: Incineroar|94/100|[from] Sandstorm
|upkeep
|turn|5
|
|t:|1755157502
|switch|p1a: Hua Tuo|Sinistcha-Masterpiece, L50, shiny|100/100
|-heal|p1b: Nanzhong|42/100|[from] ability: Hospitality|[of] p1a: Hua Tuo
|move|p1b: Nanzhong|Protect|p1b: Nanzhong
|-singleturn|p1b: Nanzhong|Protect
|move|p2a: Tyranitar|Rock Slide|p1a: Hua Tuo|[spread] 
|-activate|p1b: Nanzhong|move: Protect
|-miss|p2a: Tyranitar|p1a: Hua Tuo
|move|p2b: Incineroar|Parting Shot|p1a: Hua Tuo
|-unboost|p1a: Hua Tuo|atk|1
|-unboost|p1a: Hua Tuo|spa|1
|
|t:|1755157514
|switch|p2b: Hydreigon|Hydreigon, L50, F, tera:Ghost|8/100|[from] Parting Shot
|
|-weather|Sandstorm|[upkeep]
|-damage|p2b: Hydreigon|2/100|[from] Sandstorm
|-damage|p1a: Hua Tuo|94/100|[from] Sandstorm
|upkeep
|turn|6
|
|t:|1755157522
|switch|p1b: Xin Xianying|Ninetales-Alola, L50, F, shiny|51/100
|-weather|Snowscape|[from] ability: Snow Warning|[of] p1b: Xin Xianying
|switch|p1a: DJ Dan|Incineroar, L50, M, shiny, tera:Grass|68/100
|-ability|p1a: DJ Dan|Intimidate|boost
|-unboost|p2a: Tyranitar|atk|1
|-unboost|p2b: Hydreigon|atk|1
|move|p2b: Hydreigon|Snarl|p1b: Xin Xianying|[spread] p1a,p1b
|-resisted|p1b: Xin Xianying
|-damage|p1a: DJ Dan|55/100
|-damage|p1b: Xin Xianying|41/100
|-unboost|p1a: DJ Dan|spa|1
|move|p2a: Tyranitar|Rock Slide|p1a: DJ Dan|[spread] p1a,p1b
|-supereffective|p1b: Xin Xianying
|-damage|p1a: DJ Dan|35/100
|-damage|p1b: Xin Xianying|6/100
|
|-weather|Snowscape|[upkeep]
|upkeep
|turn|7
|
|t:|1755157532
|switch|p2a: Incineroar|Incineroar, L50, M|94/100
|-ability|p2a: Incineroar|Intimidate|boost
|-unboost|p1a: DJ Dan|atk|1
|-unboost|p1b: Xin Xianying|atk|1
|move|p2b: Hydreigon|Protect|p2b: Hydreigon
|-singleturn|p2b: Hydreigon|Protect
|move|p1b: Xin Xianying|Aurora Veil|p1b: Xin Xianying
|-sidestart|p1: teriso169|move: Aurora Veil
|move|p1a: DJ Dan|U-turn|p2a: Incineroar
|-damage|p2a: Incineroar|80/100
|
|t:|1755157535
|switch|p1a: Nanzhong|Kommo-o, L50, M, shiny|42/100|[from] U-turn
|
|-weather|Snowscape|[upkeep]
|upkeep
|turn|8
|
|t:|1755157544
|switch|p1b: Hua Tuo|Sinistcha-Masterpiece, L50, shiny|94/100
|-heal|p1a: Nanzhong|67/100|[from] ability: Hospitality|[of] p1b: Hua Tuo
|switch|p2b: Tyranitar|Tyranitar, L50, M|89/100
|-weather|Sandstorm|[from] ability: Sand Stream|[of] p2b: Tyranitar
|move|p1a: Nanzhong|Protect|p1a: Nanzhong
|-singleturn|p1a: Nanzhong|Protect
|move|p2a: Incineroar|Fake Out|p1a: Nanzhong
|-activate|p1a: Nanzhong|move: Protect
|
|-weather|Sandstorm|[upkeep]
|-damage|p2a: Incineroar|74/100|[from] Sandstorm
|-damage|p1b: Hua Tuo|88/100|[from] Sandstorm
|upkeep
|turn|9
|
|t:|1755157563
|switch|p2a: Hydreigon|Hydreigon, L50, F, tera:Ghost|2/100
|move|p1a: Nanzhong|Clangorous Soul|p1a: Nanzhong
|-boost|p1a: Nanzhong|atk|1
|-boost|p1a: Nanzhong|def|1
|-boost|p1a: Nanzhong|spa|1
|-boost|p1a: Nanzhong|spd|1
|-boost|p1a: Nanzhong|spe|1
|-damage|p1a: Nanzhong|34/100
|-enditem|p1a: Nanzhong|Throat Spray
|-boost|p1a: Nanzhong|spa|1|[from] item: Throat Spray
|move|p2b: Tyranitar|Rock Slide|p1b: Hua Tuo|[spread] p1a,p1b
|-resisted|p1a: Nanzhong
|-damage|p1a: Nanzhong|27/100
|-damage|p1b: Hua Tuo|69/100
|move|p1b: Hua Tuo|Life Dew|p1b: Hua Tuo|[spread] p1a,p1b
|-heal|p1a: Nanzhong|53/100
|-heal|p1b: Hua Tuo|94/100
|
|-weather|Sandstorm|[upkeep]
|-damage|p2a: Hydreigon|0 fnt|[from] Sandstorm
|-damage|p1b: Hua Tuo|88/100|[from] Sandstorm
|faint|p2a: Hydreigon
|upkeep
|
|t:|1755157570
|switch|p2a: Garchomp|Garchomp, L50, F|91/100
|turn|10
|
|t:|1755157580
|switch|p1b: DJ Dan|Incineroar, L50, M, shiny, tera:Grass|35/100
|-ability|p1b: DJ Dan|Intimidate|boost
|-unboost|p2a: Garchomp|atk|1
|-unboost|p2b: Tyranitar|atk|1
|move|p1a: Nanzhong|Protect|p1a: Nanzhong
|-singleturn|p1a: Nanzhong|Protect
|move|p2a: Garchomp|Protect|p2a: Garchomp
|-singleturn|p2a: Garchomp|Protect
|move|p2b: Tyranitar|Rock Slide|p1a: Nanzhong|[spread] p1b
|-activate|p1a: Nanzhong|move: Protect
|-damage|p1b: DJ Dan|20/100
|
|-weather|Sandstorm|[upkeep]
|-damage|p1b: DJ Dan|14/100|[from] Sandstorm
|upkeep
|turn|11
|
|t:|1755157591
|switch|p2a: Incineroar|Incineroar, L50, M|74/100
|-ability|p2a: Incineroar|Intimidate|boost
|-unboost|p1a: Nanzhong|atk|1
|-unboost|p1b: DJ Dan|atk|1
|move|p1b: DJ Dan|Fake Out|p2b: Tyranitar
|-resisted|p2b: Tyranitar
|-damage|p2b: Tyranitar|85/100
|move|p1a: Nanzhong|Clanging Scales|p2a: Incineroar|[spread] p2a,p2b
|-damage|p2a: Incineroar|0 fnt
|-damage|p2b: Tyranitar|49/100
|faint|p2a: Incineroar
|-unboost|p1a: Nanzhong|def|1
|cant|p2b: Tyranitar|flinch
|
|-weather|Sandstorm|[upkeep]
|-damage|p1b: DJ Dan|8/100|[from] Sandstorm
|-sideend|p1: teriso169|move: Aurora Veil
|upkeep
|
|t:|1755157595
|switch|p2a: Garchomp|Garchomp, L50, F|91/100
|turn|12
|
|t:|1755157607
|move|p2a: Garchomp|Protect|p2a: Garchomp
|-singleturn|p2a: Garchomp|Protect
|move|p1a: Nanzhong|Clanging Scales|p2b: Tyranitar|[spread] p2b
|-activate|p2a: Garchomp|move: Protect
|-damage|p2b: Tyranitar|15/100
|-unboost|p1a: Nanzhong|def|1
|move|p2b: Tyranitar|Low Kick|p1a: Nanzhong
|-damage|p1a: Nanzhong|28/100
|move|p1b: DJ Dan|U-turn|p2b: Tyranitar
|-supereffective|p2b: Tyranitar
|-damage|p2b: Tyranitar|0 fnt
|faint|p2b: Tyranitar
|
|t:|1755157610
|switch|p1b: Hua Tuo|Sinistcha-Masterpiece, L50, shiny|88/100|[from] U-turn
|-heal|p1a: Nanzhong|53/100|[from] ability: Hospitality|[of] p1b: Hua Tuo
|
|-weather|none
|upkeep
|turn|13
|
|t:|1755157619
|move|p1a: Nanzhong|Clanging Scales|p2a: Garchomp
|-supereffective|p2a: Garchomp
|-damage|p2a: Garchomp|0 fnt
|faint|p2a: Garchomp
|
|win|teriso169
|raw|teriso169's rating: 1282 → 1313(+31 for winning)
|raw|Mamoswinefanboi's rating: 1373 → 1348(-25 for losing)
