|j|☆mattmoosegoose
|j|☆Van (Dream)
|html|mattmoosegooseVan (Dream)    
|uhtml|bestof|Game 2 of a best-of-3
|t:|1783277519
|gametype|doubles
|player|p1|mattmoosegoose|ghetsis-gen5bw|
|player|p2|Van (Dream)|li|
|gen|9
|tier|[Gen 9 Champions] VGC 2026 Reg M-B (Bo3)
|rule|Species Clause: Limit one of each Pokémon
|rule|Item Clause: Limit 1 of each item
|clearpoke
|poke|p1|Tyranitar, L50, M|
|poke|p1|Metagross, L50, shiny|
|poke|p1|Staraptor, L50, M|
|poke|p1|Simisage, L50, M|
|poke|p1|Overqwil, L50, F, shiny|
|poke|p1|Farigiraf, L50, F|
|poke|p2|Politoed, L50, F|
|poke|p2|Swampert, L50, M|
|poke|p2|Archaludon, L50, M|
|poke|p2|Gholdengo, L50|
|poke|p2|Annihilape, L50, F|
|poke|p2|Scrafty, L50, M|
|teampreview|4
|showteam|p1|Tyranitar||Tyranitarite|SandStream|Earthquake,Protect,Superpower,FireFang|Brave||M|||50|]Metagross||Metagrossite|ClearBody|Earthquake,MeteorMash,Protect,BulletPunch|Jolly|||||50|]Staraptor||Staraptite|Intimidate|CloseCombat,Tailwind,BraveBird,Protect|Jolly||M|||50|]Simisage||FocusSash|Gluttony|LeafStorm,FakeOut,RockSlide,Protect|Hasty||M|||50|]Overqwil||LifeOrb|SwiftSwim|Crunch,SludgeWave,IceBeam,Liquidation|Naughty||F|||50|]Farigiraf||LightClay|ArmorTail|TrickRoom,Psychic,LightScreen,ThunderWave|Sassy||F|||50|
|showteam|p2|Politoed||SitrusBerry|Drizzle|WeatherBall,IcyWind,HelpingHand,Protect|Calm||F|||50|]Swampert||Swampertite|Torrent|Waterfall,HighHorsepower,IcePunch,Protect|Adamant||M|||50|]Archaludon||ShucaBerry|Stamina|ElectroShot,FlashCannon,DracoMeteor,Protect|Modest||M|||50|]Gholdengo||LifeOrb|GoodasGold|MakeItRain,ShadowBall,PowerGem,Protect|Modest|||||50|]Annihilape||ChoiceScarf|Defiant|CloseCombat,RageFist,Uturn,IcePunch|Jolly||F|||50|]Scrafty||LumBerry|Intimidate|FakeOut,DrainPunch,KnockOff,Taunt|Adamant||M|||50|
|
|t:|1783277639
|teamsize|p1|4
|teamsize|p2|4
|start
|switch|p1a: Staraptor|Staraptor, L50, M|100/100
|switch|p1b: Lets Larp|Simisage, L50, M|100/100
|switch|p2a: Politoed|Politoed, L50, F|100/100
|switch|p2b: Archaludon|Archaludon, L50, M|100/100
|-ability|p1a: Staraptor|Intimidate|boost
|-unboost|p2a: Politoed|atk|1
|-unboost|p2b: Archaludon|atk|1
|-weather|RainDance|[from] ability: Drizzle|[of] p2a: Politoed
|turn|1
|
|t:|1783277688
|detailschange|p1a: Staraptor|Staraptor-Mega, L50, M
|-mega|p1a: Staraptor|Staraptor|Staraptite
|move|p2b: Archaludon|Protect|p2b: Archaludon
|-singleturn|p2b: Archaludon|Protect
|move|p1b: Lets Larp|Fake Out|p2b: Archaludon
|-activate|p2b: Archaludon|move: Protect
|move|p1a: Staraptor|Close Combat|p2b: Archaludon
|-activate|p2b: Archaludon|move: Protect
|move|p2a: Politoed|Icy Wind|p1b: Lets Larp|[spread] p1a,p1b
|-supereffective|p1a: Staraptor|1
|-supereffective|p1b: Lets Larp|1
|-damage|p1a: Staraptor|80/100
|-damage|p1b: Lets Larp|72/100
|-boost|p1a: Staraptor|spe|1
|-unboost|p1b: Lets Larp|spe|1
|
|-weather|RainDance|[upkeep]
|upkeep
|turn|2
|
|t:|1783277737
|switch|p1b: fuck ur rain|Tyranitar, L50, M|100/100
|-weather|Sandstorm|[from] ability: Sand Stream|[of] p1b: fuck ur rain
|move|p1a: Staraptor|Close Combat|p2b: Archaludon
|-supereffective|p2b: Archaludon|1
|-damage|p2b: Archaludon|11/100
|-boost|p1a: Staraptor|def|1
|-boost|p1a: Staraptor|spd|1
|-ability|p2b: Archaludon|Stamina|boost
|-boost|p2b: Archaludon|def|1
|move|p2b: Archaludon|Electro Shot||[still]
|-prepare|p2b: Archaludon|Electro Shot
|-boost|p2b: Archaludon|spa|1
|move|p2a: Politoed|Weather Ball|p1a: Staraptor
|-damage|p1a: Staraptor|63/100
|
|-weather|Sandstorm|[upkeep]
|-damage|p1a: Staraptor|57/100|[from] Sandstorm
|-damage|p2a: Politoed|93/100|[from] Sandstorm
|upkeep
|turn|3
|
|t:|1783277871
|move|p1a: Staraptor|Close Combat|p2b: Archaludon
|-supereffective|p2b: Archaludon|1
|-damage|p2b: Archaludon|0 fnt
|-boost|p1a: Staraptor|def|1
|-boost|p1a: Staraptor|spd|1
|faint|p2b: Archaludon
|move|p2a: Politoed|Weather Ball|p1b: fuck ur rain
|-damage|p1b: fuck ur rain|88/100
|move|p1b: fuck ur rain|Earthquake|p2a: Politoed|[spread] p2a
|-immune|p1a: Staraptor
|-damage|p2a: Politoed|67/100
|
|-weather|Sandstorm|[upkeep]
|-damage|p1a: Staraptor|50/100g|[from] Sandstorm
|-damage|p2a: Politoed|61/100|[from] Sandstorm
|upkeep
|
|t:|1783277924
|switch|p2b: Gholdengo|Gholdengo, L50|100/100
|turn|4
|
|t:|1783277960
|move|p2a: Politoed|Helping Hand|p2b: Gholdengo
|-immune|p2b: Gholdengo|[from] ability: Good as Gold
|move|p1a: Staraptor|Protect|p1a: Staraptor
|-singleturn|p1a: Staraptor|Protect
|move|p2b: Gholdengo|Make It Rain|p1a: Staraptor|[spread] p1b
|-activate|p1a: Staraptor|move: Protect
|-supereffective|p1b: fuck ur rain|1
|-crit|p1b: fuck ur rain
|-damage|p1b: fuck ur rain|0 fnt
|-unboost|p2b: Gholdengo|spa|2
|faint|p1b: fuck ur rain
|-damage|p2b: Gholdengo|90/100|[from] item: Life Orb
|
|-weather|Sandstorm|[upkeep]
|-damage|p1a: Staraptor|44/100|[from] Sandstorm
|-damage|p2a: Politoed|55/100|[from] Sandstorm
|upkeep
|
|t:|1783277980
|switch|p1b: 6 pt goat|Overqwil, L50, F, shiny|100/100
|turn|5
|
|t:|1783278038
|switch|p2a: Swampert|Swampert, L50, M|100/100
|move|p2b: Gholdengo|Protect|p2b: Gholdengo
|-singleturn|p2b: Gholdengo|Protect
|move|p1a: Staraptor|Tailwind|p1a: Staraptor
|-sidestart|p1: mattmoosegoose|move: Tailwind
|move|p1b: 6 pt goat|Crunch|p2b: Gholdengo
|-activate|p2b: Gholdengo|move: Protect
|
|-weather|Sandstorm|[upkeep]
|-damage|p1a: Staraptor|38/100|[from] Sandstorm
|-damage|p1b: 6 pt goat|93/100|[from] Sandstorm
|upkeep
|turn|6
|
|t:|1783278068
|switch|p1a: Lets Larp|Simisage, L50, M|72/100
|switch|p2b: Politoed|Politoed, L50, F|55/100
|-weather|RainDance|[from] ability: Drizzle|[of] p2b: Politoed
|detailschange|p2a: Swampert|Swampert-Mega, L50, M
|-mega|p2a: Swampert|Swampert|Swampertite
|move|p1b: 6 pt goat|Crunch|p2b: Politoed
|-damage|p2b: Politoed|11/100
|-enditem|p2b: Politoed|Sitrus Berry|[eat]
|-heal|p2b: Politoed|36/100|[from] item: Sitrus Berry
|-damage|p1b: 6 pt goat|83/100|[from] item: Life Orb
|move|p2a: Swampert|Ice Punch|p1a: Lets Larp
|-supereffective|p1a: Lets Larp|1
|-damage|p1a: Lets Larp|0 fnt
|faint|p1a: Lets Larp
|
|-weather|RainDance|[upkeep]
|upkeep
|
|t:|1783278086
|switch|p1a: Staraptor|Staraptor-Mega, L50, M|38/100
|turn|7
|
|t:|1783278126
|move|p2b: Politoed|Protect|p2b: Politoed
|-singleturn|p2b: Politoed|Protect
|move|p1b: 6 pt goat|Crunch|p2a: Swampert
|-damage|p2a: Swampert|49/100
|-damage|p1b: 6 pt goat|73/100|[from] item: Life Orb
|move|p1a: Staraptor|Close Combat|p2a: Swampert
|-damage|p2a: Swampert|0 fnt
|-boost|p1a: Staraptor|def|1
|-boost|p1a: Staraptor|spd|1
|faint|p2a: Swampert
|
|-weather|RainDance|[upkeep]
|upkeep
|
|t:|1783278135
|switch|p2a: Gholdengo|Gholdengo, L50|90/100
|turn|8
|
|t:|1783278190
|move|p1b: 6 pt goat|Crunch|p2a: Gholdengo
|-supereffective|p2a: Gholdengo|1
|-damage|p2a: Gholdengo|0 fnt
|faint|p2a: Gholdengo
|-damage|p1b: 6 pt goat|63/100|[from] item: Life Orb
|move|p1a: Staraptor|Close Combat|p2b: Politoed
|-damage|p2b: Politoed|0 fnt
|-boost|p1a: Staraptor|def|1
|-boost|p1a: Staraptor|spd|1
|faint|p2b: Politoed
|
|win|mattmoosegoose
||Van (Dream) is ready for game 3.
||mattmoosegoose is ready for game 3.
|uhtml|next|Next: Game 3 of 3
|l|☆Van (Dream)
|player|p2|
