|j|☆tizio20
|j|‽CharizardHater3
|html|tizio20CharizardHater3    
|uhtml|bestof|Game 2 of a best-of-3
|t:|1785353319
|gametype|doubles
|player|p1|tizio20|169|
|player|p2|CharizardHater3|cynthia-gen4|
|gen|9
|tier|[Gen 9 Champions] VGC 2026 Reg M-B (Bo3)
|rule|Species Clause: Limit one of each Pokémon
|rule|Item Clause: Limit 1 of each item
|clearpoke
|poke|p1|Blastoise, L50, F|
|poke|p1|Delphox, L50, M|
|poke|p1|Incineroar, L50, F|
|poke|p1|Sneasler, L50, M|
|poke|p1|Sinistcha, L50|
|poke|p1|Kingambit, L50, M|
|poke|p2|Pelipper, L50, M, shiny|
|poke|p2|Archaludon, L50, M, shiny|
|poke|p2|Sneasler, L50, F|
|poke|p2|Swampert, L50, M, shiny|
|poke|p2|Kingambit, L50, M|
|poke|p2|Mamoswine, L50, M|
|teampreview|4
|showteam|p1|Blastoise||Blastoisinite|RainDish|WaterSpout,DarkPulse,ShellSmash,Protect|Modest||F|||50|]Delphox||Delphoxite|Blaze|HeatWave,Psyshock,NastyPlot,Protect|Modest||M|||50|]Incineroar||SitrusBerry|Intimidate|FakeOut,FlareBlitz,HelpingHand,PartingShot|Careful||F|||50|]Sneasler||FocusSash|PoisonTouch|PoisonJab,CloseCombat,FakeOut,QuickGuard|Jolly||M|||50|]Sinistcha||KasibBerry|Hospitality|MatchaGotcha,RagePowder,TrickRoom,Protect|Bold|||||50|]Kingambit||BlackGlasses|Defiant|KowtowCleave,SuckerPunch,SwordsDance,Protect|Adamant||M|||50|
|showteam|p2|Pelipper||FocusSash|Drizzle|Protect,Hurricane,WeatherBall,Tailwind|Modest||M|||50|]Archaludon||ChopleBerry|Stamina|Protect,FlashCannon,DracoMeteor,ElectroShot|Modest||M|||50|]Sneasler||WhiteHerb|Unburden|CloseCombat,FakeOut,DireClaw,Coaching|Adamant||F|||50|]Swampert||Swampertite|Torrent|WaveCrash,IcePunch,Protect,Earthquake|Adamant||M|||50|]Kingambit||BlackBelt|Defiant|KowtowCleave,SuckerPunch,LowKick,IronHead|Adamant||M|||50|]Mamoswine||ChoiceScarf|ThickFat|IceShard,RockSlide,IcicleCrash,HighHorsepower|Jolly||M|||50|
|inactive|Battle timer is ON: inactive players will automatically lose when time's up. (requested by tizio20)
|
|t:|1785353334
|teamsize|p1|4
|teamsize|p2|4
|start
|switch|p1a: Blastoise|Blastoise, L50, F|100/100
|switch|p1b: Sinistcha|Sinistcha, L50|100/100
|switch|p2a: Pelipper|Pelipper, L50, M, shiny|100/100
|switch|p2b: Archaludon|Archaludon, L50, M, shiny|100/100
|-weather|RainDance|[from] ability: Drizzle|[of] p2a: Pelipper
|turn|1
|
|t:|1785353355
|detailschange|p1a: Blastoise|Blastoise-Mega, L50, F
|-mega|p1a: Blastoise|Blastoise|Blastoisinite
|move|p1b: Sinistcha|Rage Powder|p1b: Sinistcha
|-singleturn|p1b: Sinistcha|move: Rage Powder
|move|p1a: Blastoise|Shell Smash|p1a: Blastoise
|-unboost|p1a: Blastoise|def|1
|-unboost|p1a: Blastoise|spd|1
|-boost|p1a: Blastoise|atk|2
|-boost|p1a: Blastoise|spa|2
|-boost|p1a: Blastoise|spe|2
|move|p2b: Archaludon|Electro Shot||[still]
|-prepare|p2b: Archaludon|Electro Shot
|-boost|p2b: Archaludon|spa|1
|-anim|p2b: Archaludon|Electro Shot|p1b: Sinistcha
|-resisted|p1b: Sinistcha|1
|-damage|p1b: Sinistcha|68/100
|move|p2a: Pelipper|Hurricane|p1b: Sinistcha
|-supereffective|p1b: Sinistcha|1
|-damage|p1b: Sinistcha|0 fnt
|faint|p1b: Sinistcha
|
|-weather|RainDance|[upkeep]
|upkeep
|
|t:|1785353367
|switch|p1b: Incineroar|Incineroar, L50, F|100/100
|-ability|p1b: Incineroar|Intimidate|boost
|-unboost|p2a: Pelipper|atk|1
|-unboost|p2b: Archaludon|atk|1
|turn|2
|inactive|CharizardHater3 has 30 seconds left.
|
|t:|1785353392
|move|p1b: Incineroar|Helping Hand|p1a: Blastoise
|-singleturn|p1a: Blastoise|Helping Hand|[of] p1b: Incineroar
|move|p2b: Archaludon|Protect|p2b: Archaludon
|-singleturn|p2b: Archaludon|Protect
|move|p1a: Blastoise|Water Spout|p2b: Archaludon|[spread] p2a
|-activate|p2b: Archaludon|move: Protect
|-resisted|p2a: Pelipper|1
|-enditem|p2a: Pelipper|Focus Sash
|-damage|p2a: Pelipper|1/100
|move|p2a: Pelipper|Tailwind|p2a: Pelipper
|-sidestart|p2: CharizardHater3|move: Tailwind
|
|-weather|RainDance|[upkeep]
|upkeep
|turn|3
|inactive|CharizardHater3 has 30 seconds left.
|inactive|CharizardHater3 has 20 seconds left.
|inactive|CharizardHater3 has 15 seconds left.
|inactive|CharizardHater3 has 10 seconds left.
|
|t:|1785353439
|switch|p2b: Sneasler|Sneasler, L50, F|100/100
|move|p1b: Incineroar|Helping Hand|p1a: Blastoise
|-singleturn|p1a: Blastoise|Helping Hand|[of] p1b: Incineroar
|move|p1a: Blastoise|Water Spout|p2a: Pelipper|[spread] p2a,p2b
|-resisted|p2a: Pelipper|1
|-damage|p2a: Pelipper|0 fnt
|-damage|p2b: Sneasler|0 fnt
|faint|p2a: Pelipper
|faint|p2b: Sneasler
|
|-weather|RainDance|[upkeep]
|upkeep
|
|t:|1785353449
|switch|p2b: Swampert|Swampert, L50, M, shiny|100/100
|switch|p2a: Archaludon|Archaludon, L50, M, shiny|100/100
|turn|4
|
|t:|1785353461
|detailschange|p2b: Swampert|Swampert-Mega, L50, M, shiny
|-mega|p2b: Swampert|Swampert|Swampertite
|move|p1a: Blastoise|Protect|p1a: Blastoise
|-singleturn|p1a: Blastoise|Protect
|move|p2a: Archaludon|Protect|p2a: Archaludon
|-singleturn|p2a: Archaludon|Protect
|move|p2b: Swampert|Earthquake|p1a: Blastoise|[spread] p1b
|-activate|p2a: Archaludon|move: Protect
|-activate|p1a: Blastoise|move: Protect
|-supereffective|p1b: Incineroar|1
|-damage|p1b: Incineroar|1/100
|-enditem|p1b: Incineroar|Sitrus Berry|[eat]
|-heal|p1b: Incineroar|26/100|[from] item: Sitrus Berry
|move|p1b: Incineroar|Parting Shot|p2b: Swampert
|-unboost|p2b: Swampert|atk|1
|-unboost|p2b: Swampert|spa|1
|
|t:|1785353474
|switch|p1b: Sneasler|Sneasler, L50, M|100/100|[from] Parting Shot
|
|-weather|RainDance|[upkeep]
|upkeep
|turn|5
|
|t:|1785353488
|move|p2b: Swampert|Protect|p2b: Swampert
|-singleturn|p2b: Swampert|Protect
|move|p1b: Sneasler|Fake Out|p2a: Archaludon
|-resisted|p2a: Archaludon|1
|-damage|p2a: Archaludon|94/100
|-ability|p2a: Archaludon|Stamina|boost
|-boost|p2a: Archaludon|def|1
|move|p1a: Blastoise|Dark Pulse|p2b: Swampert
|-activate|p2b: Swampert|move: Protect
|cant|p2a: Archaludon|flinch
|
|-weather|none
|-sideend|p2: CharizardHater3|move: Tailwind
|upkeep
|turn|6
|
|t:|1785353505
|move|p1a: Blastoise|Protect|p1a: Blastoise
|-singleturn|p1a: Blastoise|Protect
|move|p1b: Sneasler|Close Combat|p2a: Archaludon
|-supereffective|p2a: Archaludon|1
|-enditem|p2a: Archaludon|Chople Berry|[eat]
|-enditem|p2a: Archaludon|Chople Berry|[weaken]
|-damage|p2a: Archaludon|62/100
|-unboost|p1b: Sneasler|def|1
|-unboost|p1b: Sneasler|spd|1
|-ability|p2a: Archaludon|Stamina|boost
|-boost|p2a: Archaludon|def|1
|move|p2b: Swampert|Wave Crash|p1b: Sneasler
|-enditem|p1b: Sneasler|Focus Sash
|-damage|p1b: Sneasler|1/100
|-damage|p2b: Swampert|71/100|[from] Recoil
|move|p2a: Archaludon|Electro Shot||[still]
|-prepare|p2a: Archaludon|Electro Shot
|-boost|p2a: Archaludon|spa|1
|
|upkeep
|turn|7
|
|t:|1785353522
|move|p1a: Blastoise|Water Spout|p2a: Archaludon|[spread] p2a,p2b
|-resisted|p2a: Archaludon|1
|-damage|p2a: Archaludon|0 fnt
|-damage|p2b: Swampert|0 fnt
|faint|p2a: Archaludon
|faint|p2b: Swampert
|
|win|tizio20
||CharizardHater3 is ready for game 3.
||tizio20 is ready for game 3.
|uhtml|next|Next: Game 3 of 3
|l|‽CharizardHater3
|player|p2|
