|j|☆entei enthusiast
|j|☆tipolucha
|html|entei enthusiasttipolucha    
|uhtml|bestof|Game 2 of a best-of-3
|t:|1783022229
|gametype|doubles
|player|p1|entei enthusiast|kamado-armor|1027
|player|p2|tipolucha|170|1119
|gen|9
|tier|[Gen 9 Champions] VGC 2026 Reg M-B (Bo3)
|rated|
|rule|Species Clause: Limit one of each Pokémon
|rule|Item Clause: Limit 1 of each item
|clearpoke
|poke|p1|Gyarados, L50, M, shiny|
|poke|p1|Floette-Eternal, L50, F|
|poke|p1|Sneasler, L50, M|
|poke|p1|Sinistcha, L50|
|poke|p1|Garchomp, L50, F|
|poke|p1|Incineroar, L50, F|
|poke|p2|Whimsicott, L50, F|
|poke|p2|Froslass, L50, F|
|poke|p2|Pelipper, L50, M|
|poke|p2|Scizor, L50, M|
|poke|p2|Milotic, L50, F|
|poke|p2|Sneasler, L50, M|
|teampreview|4
|showteam|p1|Gyarados||Gyaradosite|Intimidate|Waterfall,LashOut,DragonDance,Protect|Adamant||M|||50|]Floette-Eternal||Floettite|FlowerVeil|DrainingKiss,DazzlingGleam,CalmMind,Protect|Timid||F|||50|]Sneasler||FocusSash|PoisonTouch|CloseCombat,DireClaw,FakeOut,Coaching|Jolly||M|||50|]Sinistcha||SitrusBerry|Hospitality|MatchaGotcha,LifeDew,RagePowder,Protect|Calm|||||50|]Garchomp||LifeOrb|RoughSkin|DragonClaw,RockSlide,Earthquake,Protect|Jolly||F|||50|]Incineroar||PasshoBerry|Intimidate|FlareBlitz,FakeOut,PartingShot,Taunt|Careful||F|||50|
|showteam|p2|Whimsicott||FocusSash|Prankster|Tailwind,Encore,Moonblast,FakeTears|Timid||F|||50|]Froslass||Froslassite|SnowCloak|Blizzard,AuroraVeil,ShadowBall,Protect|Timid||F|||50|]Pelipper||SitrusBerry|Drizzle|Hurricane,WeatherBall,Tailwind,WideGuard|Bold||M|||50|]Scizor||Scizorite|Technician|BugBite,BrickBreak,BulletPunch,Protect|Adamant||M|||50|]Milotic||MysticWater|Competitive|AlluringVoice,Scald,IcyWind,Protect|Modest||F|||50|]Sneasler||WhiteHerb|Unburden|RockSlide,FakeOut,CloseCombat,DireClaw|Adamant||M|||50|
|inactive|Battle timer is ON: inactive players will automatically lose when time's up. (requested by entei enthusiast)
|
|t:|1783022253
|teamsize|p1|4
|teamsize|p2|4
|start
|switch|p1a: Floette|Floette-Eternal, L50, F|100/100
|switch|p1b: Sinistcha|Sinistcha, L50|100/100
|switch|p2a: Froslass|Froslass, L50, F|100/100
|switch|p2b: Milotic|Milotic, L50, F|100/100
|turn|1
|
|t:|1783022278
|detailschange|p2a: Froslass|Froslass-Mega, L50, F
|-mega|p2a: Froslass|Froslass|Froslassite
|-weather|Snowscape|[from] ability: Snow Warning|[of] p2a: Froslass
|detailschange|p1a: Floette|Floette-Mega, L50, F
|-mega|p1a: Floette|Floette|Floettite
|-ability|p1a: Floette|Fairy Aura
|move|p2a: Froslass|Blizzard|p1a: Floette|[spread] p1a,p1b
|-supereffective|p1b: Sinistcha|1
|-damage|p1a: Floette|68/100
|-damage|p1b: Sinistcha|24/100
|-enditem|p1b: Sinistcha|Sitrus Berry|[eat]
|-heal|p1b: Sinistcha|49/100|[from] item: Sitrus Berry
|move|p1a: Floette|Calm Mind|p1a: Floette
|-boost|p1a: Floette|spa|1
|-boost|p1a: Floette|spd|1
|move|p2b: Milotic|Icy Wind|p1a: Floette|[spread] p1a,p1b
|-supereffective|p1b: Sinistcha|1
|-damage|p1a: Floette|62/100
|-damage|p1b: Sinistcha|26/100
|-unboost|p1a: Floette|spe|1
|-unboost|p1b: Sinistcha|spe|1
|move|p1b: Sinistcha|Matcha Gotcha|p2b: Milotic|[spread] p2a,p2b
|-supereffective|p2b: Milotic|1
|-damage|p2a: Froslass|72/100
|-heal|p1b: Sinistcha|38/100|[from] drain|[of] p2a: Froslass
|-damage|p2b: Milotic|66/100
|-heal|p1b: Sinistcha|57/100|[from] drain|[of] p2b: Milotic
|
|-weather|Snowscape|[upkeep]
|upkeep
|turn|2
|inactive|entei enthusiast has 30 seconds left.
|inactive|tipolucha has 30 seconds left.
|inactive|entei enthusiast has 20 seconds left.
|
|t:|1783022313
|move|p1b: Sinistcha|Protect|p1b: Sinistcha
|-singleturn|p1b: Sinistcha|Protect
|move|p2a: Froslass|Blizzard|p1b: Sinistcha|[spread] p1a
|-activate|p1b: Sinistcha|move: Protect
|-damage|p1a: Floette|40/100
|move|p1a: Floette|Draining Kiss|p2a: Froslass
|-damage|p2a: Froslass|7/100
|-heal|p1a: Floette|81/100|[from] drain|[of] p2a: Froslass
|move|p2b: Milotic|Scald|p1a: Floette
|-damage|p1a: Floette|60/100
|
|-weather|Snowscape|[upkeep]
|upkeep
|turn|3
|inactive|tipolucha has 30 seconds left.
|
|t:|1783022342
|switch|p1b: Sneasler|Sneasler, L50, M|100/100
|move|p2a: Froslass|Blizzard|p1a: Floette|[spread] p1a,p1b
|-damage|p1a: Floette|39/100
|-damage|p1b: Sneasler|35/100
|-status|p1b: Sneasler|frz
|move|p1a: Floette|Dazzling Gleam|p2b: Milotic|[spread] p2a,p2b
|-damage|p2a: Froslass|0 fnt
|-damage|p2b: Milotic|25/100
|faint|p2a: Froslass
|move|p2b: Milotic|Scald|p1a: Floette
|-damage|p1a: Floette|17/100
|
|-weather|Snowscape|[upkeep]
|upkeep
|
|t:|1783022355
|switch|p2a: Scizor|Scizor, L50, M|100/100
|turn|4
|
|t:|1783022374
|move|p1a: Floette|Protect|p1a: Floette
|-singleturn|p1a: Floette|Protect
|move|p2a: Scizor|Bullet Punch|p1a: Floette
|-activate|p1a: Floette|move: Protect
|cant|p1b: Sneasler|frz
|move|p2b: Milotic|Scald|p1b: Sneasler
|-damage|p1b: Sneasler|0 fnt
|faint|p1b: Sneasler
|
|-weather|Snowscape|[upkeep]
|upkeep
|
|t:|1783022383
|switch|p1b: Sinistcha|Sinistcha, L50|57/100
|-heal|p1a: Floette|42/100|[from] ability: Hospitality|[of] p1b: Sinistcha
|turn|5
|
|t:|1783022407
|move|p1b: Sinistcha|Rage Powder|p1b: Sinistcha
|-singleturn|p1b: Sinistcha|move: Rage Powder
|move|p2a: Scizor|Bullet Punch|p1b: Sinistcha
|-damage|p1b: Sinistcha|26/100
|move|p1a: Floette|Draining Kiss|p2b: Milotic
|-damage|p2b: Milotic|0 fnt
|-heal|p1a: Floette|64/100|[from] drain|[of] p2b: Milotic
|faint|p2b: Milotic
|
|-weather|none
|upkeep
|
|t:|1783022413
|switch|p2b: Whimsicott|Whimsicott, L50, F|100/100
|turn|6
|
|t:|1783022431
|switch|p1a: Incineroar|Incineroar, L50, F|100/100
|-ability|p1a: Incineroar|Intimidate|boost
|-unboost|p2a: Scizor|atk|1
|-unboost|p2b: Whimsicott|atk|1
|move|p2b: Whimsicott|Tailwind|p2b: Whimsicott
|-sidestart|p2: tipolucha|move: Tailwind
|move|p2a: Scizor|Bullet Punch|p1a: Incineroar
|-resisted|p1a: Incineroar|1
|-damage|p1a: Incineroar|89/100
|move|p1b: Sinistcha|Matcha Gotcha|p2a: Scizor|[spread] p2a,p2b
|-resisted|p2a: Scizor|2
|-resisted|p2b: Whimsicott|1
|-damage|p2a: Scizor|93/100
|-heal|p1b: Sinistcha|30/100|[from] drain|[of] p2a: Scizor
|-damage|p2b: Whimsicott|81/100
|-heal|p1b: Sinistcha|37/100|[from] drain|[of] p2b: Whimsicott
|
|upkeep
|turn|7
|
|t:|1783022446
|move|p2b: Whimsicott|Moonblast|p1b: Sinistcha
|-damage|p1b: Sinistcha|10/100
|move|p2a: Scizor|Brick Break|p1a: Incineroar
|-supereffective|p1a: Incineroar|1
|-damage|p1a: Incineroar|50/100g
|move|p1a: Incineroar|Flare Blitz|p2b: Whimsicott
|-supereffective|p2b: Whimsicott|1
|-damage|p2b: Whimsicott|0 fnt
|faint|p2b: Whimsicott
|-damage|p1a: Incineroar|32/100|[from] Recoil
|move|p1b: Sinistcha|Life Dew|p1b: Sinistcha|[spread] p1a,p1b
|-heal|p1a: Incineroar|57/100
|-heal|p1b: Sinistcha|35/100
|
|upkeep
|turn|8
|-message|tipolucha forfeited.
|
|win|entei enthusiast
|l|☆tipolucha
|player|p2|
||entei enthusiast is ready for game 3.
||tipolucha is ready for game 3.
|uhtml|next|Next: Game 3 of 3
