|j|☆DaGondy
|j|☆Zephrhills
|html|DaGondyZephrhills    
|uhtml|bestof|Game 2 of a best-of-3
|t:|1783910819
|gametype|doubles
|player|p1|DaGondy|mars|
|player|p2|Zephrhills|miku-ghost|
|gen|9
|tier|[Gen 9 Champions] VGC 2026 Reg M-B (Bo3)
|rule|Species Clause: Limit one of each Pokémon
|rule|Item Clause: Limit 1 of each item
|clearpoke
|poke|p1|Pelipper, L50, F|
|poke|p1|Basculegion-F, L50, F|
|poke|p1|Sylveon, L50, M|
|poke|p1|Chandelure, L50, M|
|poke|p1|Conkeldurr, L50, M|
|poke|p1|Whimsicott, L50, M|
|poke|p2|Greninja, L50, F, shiny|
|poke|p2|Tyranitar, L50, F, shiny|
|poke|p2|Meowstic, L50, M|
|poke|p2|Dragapult, L50, M|
|poke|p2|Rotom-Wash, L50, shiny|
|poke|p2|Scizor, L50, M|
|teampreview|4
|showteam|p1|Pelipper||WacanBerry|Drizzle|Tailwind,Hurricane,HydroPump,Protect|Bold||F|||50|]Basculegion-F||FocusSash|SwiftSwim|AquaJet,FlipTurn,LastRespects,Protect|Adamant||F|||50|]Sylveon||FairyFeather|Pixilate|AlluringVoice,HyperVoice,Wish,Moonblast|Modest||M|||50|]Chandelure||ColburBerry|Infiltrator|WillOWisp,CalmMind,Poltergeist,TrickRoom|Sassy||M|||50|]Conkeldurr||LifeOrb|Guts|Facade,Protect,MachPunch,BrickBreak|Adamant||M|||50|]Whimsicott||Leftovers|Prankster|Tailwind,Moonblast,Uturn,Encore|Bold||M|||50|
|showteam|p2|Greninja||ExpertBelt|Protean|Protect,GunkShot,DarkPulse,WeatherBall|Mild||F|||50|]Tyranitar||SmoothRock|SandStream|Protect,RockSlide,HelpingHand,Rest|Sassy||F|||50|]Meowstic||Meowsticite|Prankster|Thunderbolt,Psyshock,FakeOut,ThunderWave|Modest||M|||50|]Dragapult||LifeOrb|ClearBody|ShadowBall,DracoMeteor,Disable,LightScreen|Modest||M|||50|]Rotom-Wash||SitrusBerry|Levitate|VoltSwitch,WillOWisp,ShadowBall,Protect|Calm|||||50|]Scizor||OccaBerry|Technician|BulletPunch,Uturn,Roost,Tailwind|Adamant||M|||50|
|
|t:|1783910842
|teamsize|p1|4
|teamsize|p2|4
|start
|switch|p1a: Chandelure|Chandelure, L50, M|100/100
|switch|p1b: Conkeldurr|Conkeldurr, L50, M|100/100
|switch|p2a: Meowstic|Meowstic, L50, M|100/100
|switch|p2b: Tyranitar|Tyranitar, L50, F, shiny|100/100
|-weather|Sandstorm|[from] ability: Sand Stream|[of] p2b: Tyranitar
|turn|1
|
|t:|1783910856
|detailschange|p2a: Meowstic|Meowstic-M-Mega, L50, M
|-mega|p2a: Meowstic|Meowstic|Meowsticite
|-ability|p2a: Meowstic|Guts|Trace|[from] ability: Trace|[of] p1b: Conkeldurr
|move|p2a: Meowstic|Fake Out|p1b: Conkeldurr
|-damage|p1b: Conkeldurr|95/100
|cant|p1b: Conkeldurr|flinch
|move|p2b: Tyranitar|Rock Slide|p1a: Chandelure|[spread] p1b
|-miss|p2b: Tyranitar|p1a: Chandelure
|-resisted|p1b: Conkeldurr|1
|-damage|p1b: Conkeldurr|85/100
|move|p1a: Chandelure|Trick Room|p1a: Chandelure
|-fieldstart|move: Trick Room|[of] p1a: Chandelure
|
|-weather|Sandstorm|[upkeep]
|-damage|p1b: Conkeldurr|79/100|[from] Sandstorm
|-damage|p1a: Chandelure|94/100|[from] Sandstorm
|-damage|p2a: Meowstic|94/100|[from] Sandstorm
|upkeep
|turn|2
|
|t:|1783910883
|switch|p2b: Dragapult|Dragapult, L50, M|100/100
|move|p1b: Conkeldurr|Facade|p2a: Meowstic
|-damage|p2a: Meowstic|39/100
|-damage|p1b: Conkeldurr|69/100|[from] item: Life Orb
|move|p1a: Chandelure|Will-O-Wisp|p1b: Conkeldurr
|-status|p1b: Conkeldurr|brn
|move|p2a: Meowstic|Psyshock|p1b: Conkeldurr
|-supereffective|p1b: Conkeldurr|1
|-damage|p1b: Conkeldurr|0 fnt
|faint|p1b: Conkeldurr
|
|-weather|Sandstorm|[upkeep]
|-damage|p1a: Chandelure|88/100|[from] Sandstorm
|-damage|p2a: Meowstic|33/100|[from] Sandstorm
|-damage|p2b: Dragapult|93/100|[from] Sandstorm
|upkeep
|
|t:|1783910898
|switch|p1b: Pelipper|Pelipper, L50, F|100/100
|-weather|RainDance|[from] ability: Drizzle|[of] p1b: Pelipper
|turn|3
|
|t:|1783910913
|move|p1b: Pelipper|Hydro Pump|p2a: Meowstic
|-damage|p2a: Meowstic|0 fnt
|faint|p2a: Meowstic
|move|p1a: Chandelure|Poltergeist|p2b: Dragapult
|-activate|p2b: Dragapult|move: Poltergeist|Life Orb
|-supereffective|p2b: Dragapult|1
|-damage|p2b: Dragapult|28/100
|move|p2b: Dragapult|Light Screen|p2b: Dragapult
|-sidestart|p2: Zephrhills|move: Light Screen
|
|-weather|RainDance|[upkeep]
|upkeep
|
|t:|1783910924
|switch|p2a: Tyranitar|Tyranitar, L50, F, shiny|100/100
|-weather|Sandstorm|[from] ability: Sand Stream|[of] p2a: Tyranitar
|turn|4
|
|t:|1783910933
|switch|p1b: Basculegion|Basculegion-F, L50, F|100/100
|switch|p2b: Scizor|Scizor, L50, M|100/100
|move|p2a: Tyranitar|Rock Slide|p1a: Chandelure|[spread] p1a,p1b
|-supereffective|p1a: Chandelure|1
|-damage|p1a: Chandelure|34/100
|-damage|p1b: Basculegion|69/100
|cant|p1a: Chandelure|flinch
|
|-weather|Sandstorm|[upkeep]
|-damage|p1a: Chandelure|28/100|[from] Sandstorm
|-damage|p1b: Basculegion|63/100|[from] Sandstorm
|upkeep
|turn|5
|
|t:|1783910960
|switch|p1a: Pelipper|Pelipper, L50, F|100/100
|-weather|RainDance|[from] ability: Drizzle|[of] p1a: Pelipper
|move|p1b: Basculegion|Aqua Jet|p2a: Tyranitar
|-supereffective|p2a: Tyranitar|1
|-damage|p2a: Tyranitar|53/100
|move|p2a: Tyranitar|Rock Slide|p1b: Basculegion|[spread] p1a,p1b
|-supereffective|p1a: Pelipper|1
|-damage|p1a: Pelipper|59/100
|-damage|p1b: Basculegion|30/100
|move|p2b: Scizor|Tailwind|p2b: Scizor
|-sidestart|p2: Zephrhills|move: Tailwind
|
|-weather|RainDance|[upkeep]
|-fieldend|move: Trick Room
|upkeep
|turn|6
|
|t:|1783910988
|move|p2a: Tyranitar|Protect|p2a: Tyranitar
|-singleturn|p2a: Tyranitar|Protect
|move|p1a: Pelipper|Protect|p1a: Pelipper
|-singleturn|p1a: Pelipper|Protect
|move|p1b: Basculegion|Aqua Jet|p2a: Tyranitar
|-activate|p2a: Tyranitar|move: Protect
|move|p2b: Scizor|Bullet Punch|p1b: Basculegion
|-resisted|p1b: Basculegion|1
|-damage|p1b: Basculegion|10/100
|
|-weather|RainDance|[upkeep]
|upkeep
|turn|7
|
|t:|1783911004
|move|p1b: Basculegion|Protect|p1b: Basculegion
|-singleturn|p1b: Basculegion|Protect
|move|p1a: Pelipper|Protect||[still]
|-fail|p1a: Pelipper
|move|p2b: Scizor|Bullet Punch|p1b: Basculegion
|-activate|p1b: Basculegion|move: Protect
|move|p2a: Tyranitar|Rest|p2a: Tyranitar
|-status|p2a: Tyranitar|slp|[from] move: Rest
|-heal|p2a: Tyranitar|100/100 slp|[silent]
|
|-weather|RainDance|[upkeep]
|-sideend|p2: Zephrhills|move: Light Screen
|upkeep
|turn|8
|
|t:|1783911019
|cant|p2a: Tyranitar|slp
|move|p1b: Basculegion|Aqua Jet|p2a: Tyranitar
|-supereffective|p2a: Tyranitar|1
|-damage|p2a: Tyranitar|56/100 slp
|move|p2b: Scizor|Bullet Punch|p1b: Basculegion
|-resisted|p1b: Basculegion|1
|-damage|p1b: Basculegion|0 fnt
|faint|p1b: Basculegion
|move|p1a: Pelipper|Hydro Pump|p2a: Tyranitar
|-supereffective|p2a: Tyranitar|1
|-damage|p2a: Tyranitar|0 fnt
|faint|p2a: Tyranitar
|
|-weather|RainDance|[upkeep]
|-sideend|p2: Zephrhills|move: Tailwind
|upkeep
|
|t:|1783911031
|switch|p1b: Chandelure|Chandelure, L50, M|28/100
|switch|p2a: Dragapult|Dragapult, L50, M|28/100
|turn|9
|
|t:|1783911050
|move|p2b: Scizor|Bullet Punch|p1b: Chandelure
|-resisted|p1b: Chandelure|1
|-damage|p1b: Chandelure|9/100
|move|p2a: Dragapult|Shadow Ball|p1a: Pelipper
|-damage|p1a: Pelipper|0 fnt
|faint|p1a: Pelipper
|-damage|p2a: Dragapult|18/100|[from] item: Life Orb
|move|p1b: Chandelure|Poltergeist|p2a: Dragapult
|-activate|p2a: Dragapult|move: Poltergeist|Life Orb
|-supereffective|p2a: Dragapult|1
|-damage|p2a: Dragapult|0 fnt
|faint|p2a: Dragapult
|
|-weather|none
|upkeep
|turn|10
|
|t:|1783911068
|move|p2b: Scizor|Bullet Punch|p1b: Chandelure
|-resisted|p1b: Chandelure|1
|-damage|p1b: Chandelure|0 fnt
|faint|p1b: Chandelure
|
|win|Zephrhills
|c|☆Zephrhills|ggs
|c|☆DaGondy|ggs
