|j|☆Urkfkfkfk
|j|☆master 792
|html|Urkfkfkfkmaster 792    
|uhtml|bestof|Game 1 of a best-of-3
|t:|1784571456
|gametype|doubles
|player|p1|Urkfkfkfk|bellelba|1133
|player|p2|master 792|red|1231
|gen|9
|tier|[Gen 9 Champions] VGC 2026 Reg M-B (Bo3)
|rated|
|rule|Species Clause: Limit one of each Pokémon
|rule|Item Clause: Limit 1 of each item
|clearpoke
|poke|p1|Toxicroak, L50, F|
|poke|p1|Politoed, L50, F|
|poke|p1|Blastoise, L50, M|
|poke|p1|Maushold, L50|
|poke|p1|Sableye, L50, M|
|poke|p1|Archaludon, L50, M|
|poke|p2|Charizard, L50, F|
|poke|p2|Farigiraf, L50, F, shiny|
|poke|p2|Garchomp, L50, F, shiny|
|poke|p2|Aerodactyl, L50, M, shiny|
|poke|p2|Sylveon, L50, F, shiny|
|poke|p2|Kingambit, L50, M, shiny|
|teampreview|4
|showteam|p1|Toxicroak||Leftovers|DrySkin|CloseCombat,GunkShot,SuckerPunch,Protect|Jolly||F|||50|]Politoed||LifeOrb|Drizzle|EarthPower,WeatherBall,IceBeam,Protect|Modest||F|||50|]Blastoise||Blastoisinite|RainDish|DragonPulse,AuraSphere,WaterSpout,Protect|Modest||M|||50|]Maushold||FocusSash|FriendGuard|FollowMe,Encore,PopulationBomb,Protect|Jolly|||||50|]Sableye||Sablenite|Prankster|ThunderWave,Disable,Quash,GyroBall|Sassy||M|||50|]Archaludon||ChopleBerry|Stamina|ElectroShot,DragonPulse,FlashCannon,Protect|Timid||M|||50|
|showteam|p2|Charizard||CharizarditeY|Blaze|HeatWave,WeatherBall,SolarBeam,Protect|Modest||F|||50|]Farigiraf||SitrusBerry|ArmorTail|PsychicFangs,Thunderbolt,TrickRoom,SunnyDay|Relaxed||F|||50|]Garchomp||LifeOrb|SandVeil|DragonClaw,Earthquake,StompingTantrum,Protect|Adamant||F|||50|]Aerodactyl||Aerodactylite|Unnerve|RockSlide,Tailwind,DualWingbeat,IceFang|Jolly||M|||50|]Sylveon||FairyFeather|Pixilate|HyperVoice,HyperBeam,QuickAttack,Protect|Modest||F|||50|]Kingambit||FocusSash|Defiant|KowtowCleave,IronHead,SuckerPunch,LowKick|Adamant||M|||50|
|inactive|Battle timer is ON: inactive players will automatically lose when time's up. (requested by Urkfkfkfk)
|c|☆master 792|team cyertron
|inactive|master 792 has 60 seconds left.
|
|t:|1784571502
|teamsize|p1|4
|teamsize|p2|4
|start
|switch|p1a: Maushold|Maushold, L50|100/100
|switch|p1b: Blastoise|Blastoise, L50, M|100/100
|switch|p2a: Su|Farigiraf, L50, F, shiny|100/100
|switch|p2b: Narty|Garchomp, L50, F, shiny|100/100
|turn|1
|inactive|Urkfkfkfk has 30 seconds left.
|
|t:|1784571531
|detailschange|p1b: Blastoise|Blastoise-Mega, L50, M
|-mega|p1b: Blastoise|Blastoise|Blastoisinite
|move|p1b: Blastoise|Protect|p1b: Blastoise
|-singleturn|p1b: Blastoise|Protect
|move|p1a: Maushold|Follow Me|p1a: Maushold
|-singleturn|p1a: Maushold|move: Follow Me
|move|p2b: Narty|Dragon Claw|p1a: Maushold
|-enditem|p1a: Maushold|Focus Sash
|-damage|p1a: Maushold|1/100
|-damage|p2b: Narty|90/100|[from] item: Life Orb
|move|p2a: Su|Trick Room|p2a: Su
|-fieldstart|move: Trick Room|[of] p2a: Su
|
|upkeep
|turn|2
|inactive|Urkfkfkfk has 30 seconds left.
|
|t:|1784571556
|move|p2a: Su|Thunderbolt|p1b: Blastoise
|-supereffective|p1b: Blastoise|1
|-damage|p1b: Blastoise|66/100
|move|p1b: Blastoise|Water Spout|p2a: Su|[spread] p2a,p2b
|-damage|p2a: Su|57/100
|-damage|p2b: Narty|44/100
|move|p2b: Narty|Dragon Claw|p1b: Blastoise
|-damage|p1b: Blastoise|26/100
|-damage|p2b: Narty|35/100|[from] item: Life Orb
|move|p1a: Maushold|Encore|p2a: Su
|-start|p2a: Su|Encore
|
|upkeep
|turn|3
|
|t:|1784571579
|move|p1a: Maushold|Follow Me|p1a: Maushold
|-singleturn|p1a: Maushold|move: Follow Me
|move|p2a: Su|Thunderbolt|p1a: Maushold
|-damage|p1a: Maushold|0 fnt
|faint|p1a: Maushold
|move|p1b: Blastoise|Aura Sphere|p2a: Su
|-damage|p2a: Su|16/100
|-enditem|p2a: Su|Sitrus Berry|[eat]
|-heal|p2a: Su|41/100|[from] item: Sitrus Berry
|move|p2b: Narty|Stomping Tantrum|p1b: Blastoise
|-damage|p1b: Blastoise|0 fnt
|faint|p1b: Blastoise
|-damage|p2b: Narty|25/100|[from] item: Life Orb
|
|upkeep
|
|t:|1784571595
|switch|p1b: Politoed|Politoed, L50, F|100/100
|switch|p1a: Toxicroak|Toxicroak, L50, F|100/100
|-weather|RainDance|[from] ability: Drizzle|[of] p1b: Politoed
|turn|4
|
|t:|1784571609
|move|p1a: Toxicroak|Sucker Punch||[still]
|cant|p2a: Su|ability: Armor Tail|Sucker Punch|[of] p1a: Toxicroak
|move|p2a: Su|Thunderbolt|p1b: Politoed
|-supereffective|p1b: Politoed|1
|-crit|p1b: Politoed
|-damage|p1b: Politoed|41/100
|move|p1b: Politoed|Ice Beam|p2b: Narty
|-supereffective|p2b: Narty|2
|-damage|p2b: Narty|0 fnt
|faint|p2b: Narty
|-damage|p1b: Politoed|31/100|[from] item: Life Orb
|
|-weather|RainDance|[upkeep]
|upkeep
|
|t:|1784571615
|switch|p2b: Lizard|Charizard, L50, F|100/100
|turn|5
|
|t:|1784571635
|detailschange|p2b: Lizard|Charizard-Mega-Y, L50, F
|-mega|p2b: Lizard|Charizard|Charizardite Y
|-weather|SunnyDay|[from] ability: Drought|[of] p2b: Lizard
|move|p2a: Su|Thunderbolt|p1b: Politoed
|-supereffective|p1b: Politoed|1
|-damage|p1b: Politoed|0 fnt
|faint|p1b: Politoed
|move|p2b: Lizard|Weather Ball|p1a: Toxicroak
|-damage|p1a: Toxicroak|0 fnt
|faint|p1a: Toxicroak
|
|win|master 792
|inactive|Urkfkfkfk has 30 seconds to confirm battle start!
|inactive|master 792 has 30 seconds to confirm battle start!
||master 792 is ready for game 2.
||Urkfkfkfk is ready for game 2.
|uhtml|next|Next: Game 2 of 3
|l|☆Urkfkfkfk
|player|p1|
