|j|Ōśåddunks
|j|Ōśåjoshplusone
|html|ddunksjoshplusone    
|uhtml|bestof|Game 1 of a best-of-3
|t:|1783882817
|gametype|doubles
|player|p1|ddunks|1|
|player|p2|joshplusone|1|
|gen|9
|tier|[Gen 9 Champions] VGC 2026 Reg M-B (Bo3)
|rule|Species Clause: Limit one of each Pok├®mon
|rule|Item Clause: Limit 1 of each item
|clearpoke
|poke|p1|Sneasler, L50, F|
|poke|p1|Blastoise, L50, F|
|poke|p1|Kingambit, L50, M|
|poke|p1|Incineroar, L50, F|
|poke|p1|Delphox, L50, M|
|poke|p1|Sinistcha, L50|
|poke|p2|Pelipper, L50, M|
|poke|p2|Grimmsnarl, L50, M|
|poke|p2|Archaludon, L50, F|
|poke|p2|Venusaur, L50, M|
|poke|p2|Charizard, L50, F|
|poke|p2|Basculegion, L50, M|
|teampreview|4
|showteam|p1|Sneasler||FocusSash|PoisonTouch|PoisonJab,CloseCombat,FakeOut,QuickGuard|Jolly||F|||50|]Blastoise||Blastoisinite|RainDish|DarkPulse,WaterSpout,ShellSmash,Protect|Modest||F|||50|]Kingambit||BlackGlasses|Defiant|KowtowCleave,SuckerPunch,SwordsDance,Protect|Adamant||M|||50|]Incineroar||SitrusBerry|Intimidate|FlareBlitz,HelpingHand,PartingShot,FakeOut|Careful||F|||50|]Delphox||Delphoxite|Blaze|HeatWave,NastyPlot,Psyshock,Protect|Modest||M|||50|]Sinistcha||KasibBerry|Hospitality|MatchaGotcha,RagePowder,TrickRoom,Protect|Bold|||||50|
|showteam|p2|Pelipper||SitrusBerry|Drizzle|Hurricane,WeatherBall,Tailwind,Protect|Modest||M|||50|]Grimmsnarl||LightClay|Prankster|Reflect,LightScreen,PartingShot,SpiritBreak|Careful||M|||50|]Archaludon||Leftovers|Stamina|ElectroShot,DragonPulse,FlashCannon,Protect|Modest||F|||50|]Venusaur||Venusaurite|Chlorophyll|SludgeBomb,EarthPower,GigaDrain,Protect|Modest||M|||50|]Charizard||CharizarditeY|Blaze|HeatWave,WeatherBall,Hurricane,Protect|Modest||F|||50|]Basculegion||ChoiceScarf|SwiftSwim|WaveCrash,LastRespects,FlipTurn,AquaJet|Jolly||M|||50|
|c|Ōśåddunks|ok if i ping the ukitt server?
|c|Ōśåjoshplusone|yeah is cool
|j| FlubberMane
|c|Ōśåddunks|alrighty happy to turn timer on when you are
|c|Ōśåddunks|glhf!
|c|Ōśåjoshplusone|glhf!
|j| munchie2ff
|inactive|Battle timer is ON: inactive players will automatically lose when time's up. (requested by joshplusone)
|inactive|ddunks has 60 seconds left.
|inactive|joshplusone has 60 seconds left.
|j| IkeFAR
|n| RadiantSteelix|radiantsteelix
|inactive|ddunks has 30 seconds left.
|inactive|joshplusone has 30 seconds left.
|inactive|joshplusone has 20 seconds left.
|inactive|joshplusone has 15 seconds left.
|inactive|joshplusone has 10 seconds left.
|inactive|joshplusone has 5 seconds left.
|
|t:|1783883048
|teamsize|p1|4
|teamsize|p2|4
|start
|switch|p1a: Sneasler|Sneasler, L50, F|100/100
|switch|p1b: Delphox|Delphox, L50, M|100/100
|switch|p2a: Grimmsnarl|Grimmsnarl, L50, M|100/100
|switch|p2b: Archaludon|Archaludon, L50, F|100/100
|turn|1
|inactive|ddunks has 30 seconds left.
|inactive|joshplusone has 30 seconds left.
|inactive|ddunks has 20 seconds left.
|inactive|joshplusone has 20 seconds left.
|inactive|ddunks has 15 seconds left.
|inactive|joshplusone has 15 seconds left.
|inactive|joshplusone has 10 seconds left.
|
|t:|1783883097
|detailschange|p1b: Delphox|Delphox-Mega, L50, M
|-mega|p1b: Delphox|Delphox|Delphoxite
|move|p2a: Grimmsnarl|Light Screen|p2a: Grimmsnarl
|-sidestart|p2: joshplusone|move: Light Screen
|move|p1a: Sneasler|Close Combat|p2b: Archaludon
|-supereffective|p2b: Archaludon|1
|-damage|p2b: Archaludon|16/100
|-unboost|p1a: Sneasler|def|1
|-unboost|p1a: Sneasler|spd|1
|-ability|p2b: Archaludon|Stamina|boost
|-boost|p2b: Archaludon|def|1
|move|p1b: Delphox|Nasty Plot|p1b: Delphox
|-boost|p1b: Delphox|spa|2
|move|p2b: Archaludon|Dragon Pulse|p1b: Delphox
|-damage|p1b: Delphox|64/100
|
|-heal|p2b: Archaludon|22/100|[from] item: Leftovers
|upkeep
|turn|2
|inactive|ddunks has 30 seconds left.
|inactive|joshplusone has 30 seconds left.
|inactive|ddunks has 20 seconds left.
|inactive|joshplusone has 20 seconds left.
|inactive|ddunks has 15 seconds left.
|
|t:|1783883138
|move|p1b: Delphox|Protect|p1b: Delphox
|-singleturn|p1b: Delphox|Protect
|move|p1a: Sneasler|Poison Jab|p2a: Grimmsnarl
|-supereffective|p2a: Grimmsnarl|1
|-damage|p2a: Grimmsnarl|16/100
|-status|p2a: Grimmsnarl|psn|[from] ability: Poison Touch|[of] p1a: Sneasler
|move|p2b: Archaludon|Dragon Pulse|p1b: Delphox
|-activate|p1b: Delphox|move: Protect
|move|p2a: Grimmsnarl|Spirit Break|p1b: Delphox
|-activate|p1b: Delphox|move: Protect
|
|-heal|p2b: Archaludon|28/100|[from] item: Leftovers
|-damage|p2a: Grimmsnarl|4/100 psn|[from] psn
|upkeep
|turn|3
|inactive|joshplusone has 30 seconds left.
|inactive|joshplusone has 20 seconds left.
|inactive|joshplusone has 15 seconds left.
|inactive|joshplusone has 10 seconds left.
|
|t:|1783883187
|move|p2b: Archaludon|Protect|p2b: Archaludon
|-singleturn|p2b: Archaludon|Protect
|move|p1a: Sneasler|Quick Guard|p1a: Sneasler
|-singleturn|p1a: Sneasler|Quick Guard
|move|p2a: Grimmsnarl|Parting Shot|p1b: Delphox
|-activate|p1b: Delphox|move: Quick Guard
|move|p1b: Delphox|Heat Wave|p2b: Archaludon|[spread] p2a
|-activate|p2b: Archaludon|move: Protect
|-damage|p2a: Grimmsnarl|0 fnt
|faint|p2a: Grimmsnarl
|
|-heal|p2b: Archaludon|35/100|[from] item: Leftovers
|upkeep
|
|t:|1783883204
|switch|p2a: Pelipper|Pelipper, L50, M|100/100
|-weather|RainDance|[from] ability: Drizzle|[of] p2a: Pelipper
|turn|4
|
|t:|1783883224
|move|p1b: Delphox|Protect|p1b: Delphox
|-singleturn|p1b: Delphox|Protect
|move|p1a: Sneasler|Close Combat|p2b: Archaludon
|-supereffective|p2b: Archaludon|1
|-damage|p2b: Archaludon|0 fnt
|-unboost|p1a: Sneasler|def|1
|-unboost|p1a: Sneasler|spd|1
|faint|p2b: Archaludon
|move|p2a: Pelipper|Tailwind|p2a: Pelipper
|-sidestart|p2: joshplusone|move: Tailwind
|
|-weather|RainDance|[upkeep]
|upkeep
|
|t:|1783883236
|switch|p2b: Charizard|Charizard, L50, F|100/100
|turn|5
|inactive|ddunks has 30 seconds left.
|inactive|joshplusone has 30 seconds left.
|inactive|ddunks has 20 seconds left.
|inactive|joshplusone has 20 seconds left.
|inactive|ddunks has 15 seconds left.
|inactive|joshplusone has 15 seconds left.
|inactive|ddunks has 10 seconds left.
|
|t:|1783883282
|move|p2b: Charizard|Hurricane|p1a: Sneasler
|-supereffective|p1a: Sneasler|1
|-enditem|p1a: Sneasler|Focus Sash
|-damage|p1a: Sneasler|1/100
|move|p2a: Pelipper|Weather Ball|p1b: Delphox
|-supereffective|p1b: Delphox|1
|-damage|p1b: Delphox|0 fnt
|faint|p1b: Delphox
|move|p1a: Sneasler|Poison Jab|p2b: Charizard
|-damage|p2b: Charizard|54/100
|
|-weather|RainDance|[upkeep]
|upkeep
|inactive|ddunks has 30 seconds left.
|
|t:|1783883308
|switch|p1b: Incineroar|Incineroar, L50, F|100/100
|-ability|p1b: Incineroar|Intimidate|boost
|-unboost|p2a: Pelipper|atk|1
|-unboost|p2b: Charizard|atk|1
|turn|6
|inactive|ddunks has 30 seconds left.
|inactive|ddunks has 20 seconds left.
|
|t:|1783883343
|move|p1b: Incineroar|Fake Out|p2b: Charizard
|-damage|p2b: Charizard|41/100
|cant|p2b: Charizard|flinch
|move|p2a: Pelipper|Weather Ball|p1a: Sneasler
|-damage|p1a: Sneasler|0 fnt
|faint|p1a: Sneasler
|
|-weather|RainDance|[upkeep]
|upkeep
|j| FBISurveillanceMan
|
|t:|1783883353
|switch|p1a: Kingambit|Kingambit, L50, M|100/100
|turn|7
|inactive|ddunks has 30 seconds left.
|inactive|joshplusone has 30 seconds left.
|inactive|joshplusone has 20 seconds left.
|
|t:|1783883393
|move|p1b: Incineroar|Helping Hand|p1a: Kingambit
|-singleturn|p1a: Kingambit|Helping Hand|[of] p1b: Incineroar
|move|p2b: Charizard|Protect|p2b: Charizard
|-singleturn|p2b: Charizard|Protect
|move|p1a: Kingambit|Sucker Punch||[still]
|-fail|p1a: Kingambit
|move|p2a: Pelipper|Weather Ball|p1b: Incineroar
|-supereffective|p1b: Incineroar|1
|-damage|p1b: Incineroar|1/100
|-enditem|p1b: Incineroar|Sitrus Berry|[eat]
|-heal|p1b: Incineroar|26/100|[from] item: Sitrus Berry
|
|-weather|RainDance|[upkeep]
|-sideend|p2: joshplusone|move: Tailwind
|upkeep
|turn|8
|inactive|joshplusone has 30 seconds left.
|inactive|joshplusone has 20 seconds left.
|inactive|joshplusone has 15 seconds left.
|inactive|joshplusone has 10 seconds left.
|inactive|joshplusone has 5 seconds left.
|
|t:|1783883443
|detailschange|p2b: Charizard|Charizard-Mega-Y, L50, F
|-mega|p2b: Charizard|Charizard|Charizardite Y
|-weather|SunnyDay|[from] ability: Drought|[of] p2b: Charizard
|move|p1b: Incineroar|Helping Hand|p1a: Kingambit
|-singleturn|p1a: Kingambit|Helping Hand|[of] p1b: Incineroar
|move|p1a: Kingambit|Sucker Punch|p2b: Charizard
|-damage|p2b: Charizard|0 fnt
|faint|p2b: Charizard
|move|p2a: Pelipper|Weather Ball|p1a: Kingambit
|-supereffective|p1a: Kingambit|1
|-damage|p1a: Kingambit|43/100
|
|-weather|SunnyDay|[upkeep]
|-sideend|p2: joshplusone|move: Light Screen
|upkeep
|turn|9
|inactive|ddunks has 30 seconds left.
|inactive|joshplusone has 30 seconds left.
|inactive|ddunks has 20 seconds left.
|inactive|joshplusone has 20 seconds left.
|inactive|joshplusone has 15 seconds left.
|
|t:|1783883488
|move|p1a: Kingambit|Protect|p1a: Kingambit
|-singleturn|p1a: Kingambit|Protect
|move|p1b: Incineroar|Flare Blitz|p2a: Pelipper
|-resisted|p2a: Pelipper|1
|-damage|p2a: Pelipper|63/100
|-damage|p1b: Incineroar|16/100|[from] Recoil
|move|p2a: Pelipper|Weather Ball|p1b: Incineroar
|-resisted|p1b: Incineroar|1
|-damage|p1b: Incineroar|1/100
|
|-weather|SunnyDay|[upkeep]
|upkeep
|turn|10
|
|t:|1783883505
|move|p1a: Kingambit|Sucker Punch|p2a: Pelipper
|-damage|p2a: Pelipper|19/100
|-enditem|p2a: Pelipper|Sitrus Berry|[eat]
|-heal|p2a: Pelipper|44/100|[from] item: Sitrus Berry
|move|p1b: Incineroar|Flare Blitz|p2a: Pelipper
|-resisted|p2a: Pelipper|1
|-damage|p2a: Pelipper|5/100
|-damage|p1b: Incineroar|0 fnt|[from] Recoil
|faint|p1b: Incineroar
|move|p2a: Pelipper|Weather Ball|p1a: Kingambit
|-supereffective|p1a: Kingambit|1
|-damage|p1a: Kingambit|0 fnt
|faint|p1a: Kingambit
|
|win|joshplusone
|inactive|ddunks has 30 seconds to confirm battle start!
|inactive|joshplusone has 30 seconds to confirm battle start!
||ddunks is ready for game 2.
|inactive|joshplusone has 20 seconds to confirm battle start!
||joshplusone is ready for game 2.
|uhtml|next|Next: Game 2 of 3
|j| splash2ndcousin
|l| FBISurveillanceMan
|j| Aox93
|l| munchie2ff
|l| Aox93
|l| RadiantSteelix
|l| IkeFAR
