|j|☆pbroderick14
|j|☆GrovyleSSJ
|html|pbroderick14GrovyleSSJ    
|uhtml|bestof|Game 3 of a best-of-3
|t:|1782500161
|gametype|doubles
|player|p1|pbroderick14|169|1286
|player|p2|GrovyleSSJ|266|1241
|gen|9
|tier|[Gen 9 Champions] VGC 2026 Reg M-B (Bo3)
|rated|
|rule|Species Clause: Limit one of each Pokémon
|rule|Item Clause: Limit 1 of each item
|clearpoke
|poke|p1|Swampert, L50, M|
|poke|p1|Pelipper, L50, F|
|poke|p1|Archaludon, L50, F|
|poke|p1|Sableye, L50, M|
|poke|p1|Basculegion, L50, M|
|poke|p1|Venusaur, L50, F|
|poke|p2|Gengar, L50, F|
|poke|p2|Incineroar, L50, F|
|poke|p2|Ninetales-Alola, L50, F|
|poke|p2|Dragonite, L50, M|
|poke|p2|Snorlax, L50, F|
|poke|p2|Scrafty, L50, M|
|teampreview|4
|showteam|p1|Swampert||Swampertite|Damp|Protect,WaveCrash,HighHorsepower,FlipTurn|Adamant||M|||50|]Pelipper||FocusSash|Drizzle|Protect,Tailwind,Hurricane,WeatherBall|Modest||F|||50|]Archaludon||Leftovers|Stamina|Protect,ElectroShot,DragonPulse,FlashCannon|Bold||F|||50|]Sableye||RoseliBerry|Prankster|RainDance,Reflect,LightScreen,WillOWisp|Careful||M|||50|]Basculegion||ChoiceScarf|Adaptability|FlipTurn,WaveCrash,AquaJet,LastRespects|Jolly||M|||50|]Venusaur||Venusaurite|Chlorophyll|Protect,SludgeBomb,EarthPower,GigaDrain|Bold||F|||50|
|showteam|p2|Gengar||Gengarite|CursedBody|Protect,PerishSong,SludgeBomb,ShadowBall|Timid||F|||50|]Incineroar||PasshoBerry|Intimidate|FakeOut,PartingShot,FlareBlitz,Protect|Sassy||F|||50|]Ninetales-Alola||FocusSash|SnowWarning|Protect,Encore,Disable,Blizzard|Timid||F|||50|]Dragonite||DragonFang|Multiscale|Protect,LowKick,ExtremeSpeed,DragonClaw|Adamant||M|||50|]Snorlax||Leftovers|ThickFat|Protect,Yawn,Encore,Fissure|Relaxed||F|||50|]Scrafty||Scraftinite|Intimidate|FakeOut,Detect,KnockOff,CloseCombat|Adamant||M|||50|
|inactive|Battle timer is ON: inactive players will automatically lose when time's up. (requested by GrovyleSSJ)
|
|t:|1782500188
|teamsize|p1|4
|teamsize|p2|4
|start
|switch|p1a: Sableye|Sableye, L50, M|100/100
|switch|p1b: Basculegion|Basculegion, L50, M|100/100
|switch|p2a: Gengar|Gengar, L50, F|100/100
|switch|p2b: Incineroar|Incineroar, L50, F|100/100
|-ability|p2b: Incineroar|Intimidate|boost
|-unboost|p1a: Sableye|atk|1
|-unboost|p1b: Basculegion|atk|1
|turn|1
|
|t:|1782500212
|switch|p2b: Scrafty|Scrafty, L50, M|100/100
|-ability|p2b: Scrafty|Intimidate|boost
|-unboost|p1a: Sableye|atk|1
|-unboost|p1b: Basculegion|atk|1
|detailschange|p2a: Gengar|Gengar-Mega, L50, F
|-mega|p2a: Gengar|Gengar|Gengarite
|move|p1a: Sableye|Light Screen|p1a: Sableye
|-sidestart|p1: pbroderick14|move: Light Screen
|move|p1b: Basculegion|Flip Turn|p2a: Gengar
|-damage|p2a: Gengar|82/100
|
|t:|1782500226
|switch|p1b: Swampert|Swampert, L50, M|100/100|[from] Flip Turn
|move|p2a: Gengar|Shadow Ball|p1b: Swampert
|-damage|p1b: Swampert|66/100
|
|upkeep
|turn|2
|inactive|pbroderick14 has 30 seconds left.
|
|t:|1782500252
|detailschange|p1b: Swampert|Swampert-Mega, L50, M
|-mega|p1b: Swampert|Swampert|Swampertite
|move|p2b: Scrafty|Fake Out|p1b: Swampert
|-damage|p1b: Swampert|58/100
|move|p1a: Sableye|Rain Dance|p1a: Sableye
|-weather|RainDance
|cant|p1b: Swampert|flinch
|move|p2a: Gengar|Shadow Ball|p1b: Swampert
|-damage|p1b: Swampert|32/100
|
|-weather|RainDance|[upkeep]
|upkeep
|turn|3
|
|t:|1782500270
|switch|p2b: Incineroar|Incineroar, L50, F|100/100
|-ability|p2b: Incineroar|Intimidate|boost
|-unboost|p1a: Sableye|atk|1
|-unboost|p1b: Swampert|atk|1
|move|p2a: Gengar|Protect|p2a: Gengar
|-singleturn|p2a: Gengar|Protect
|move|p1a: Sableye|Reflect|p1a: Sableye
|-sidestart|p1: pbroderick14|Reflect
|move|p1b: Swampert|Flip Turn|p2b: Incineroar
|-supereffective|p2b: Incineroar|1
|-enditem|p2b: Incineroar|Passho Berry|[eat]
|-enditem|p2b: Incineroar|Passho Berry|[weaken]
|-damage|p2b: Incineroar|71/100
|
|t:|1782500283
|switch|p1b: Basculegion|Basculegion, L50, M|100/100|[from] Flip Turn
|
|-weather|RainDance|[upkeep]
|upkeep
|turn|4
|
|t:|1782500302
|switch|p2a: Ninetales|Ninetales-Alola, L50, F|100/100
|-weather|Snowscape|[from] ability: Snow Warning|[of] p2a: Ninetales
|move|p1a: Sableye|Will-O-Wisp|p2a: Ninetales
|-status|p2a: Ninetales|brn
|move|p1b: Basculegion|Wave Crash|p2a: Ninetales
|-damage|p2a: Ninetales|32/100 brn
|-damage|p1b: Basculegion|82/100|[from] Recoil
|move|p2b: Incineroar|Parting Shot|p1b: Basculegion
|-unboost|p1b: Basculegion|atk|1
|-unboost|p1b: Basculegion|spa|1
|
|t:|1782500318
|switch|p2b: Gengar|Gengar-Mega, L50, F|82/100|[from] Parting Shot
|
|-weather|Snowscape|[upkeep]
|-damage|p2a: Ninetales|26/100 brn|[from] brn
|upkeep
|turn|5
|
|t:|1782500327
|switch|p1b: Archaludon|Archaludon, L50, F|100/100
|switch|p2a: Scrafty|Scrafty, L50, M|100/100
|-ability|p2a: Scrafty|Intimidate|boost
|-unboost|p1a: Sableye|atk|1
|-unboost|p1b: Archaludon|atk|1
|move|p1a: Sableye|Rain Dance|p1a: Sableye
|-weather|RainDance
|move|p2b: Gengar|Shadow Ball|p1b: Archaludon
|-crit|p1b: Archaludon
|-damage|p1b: Archaludon|29/100
|-ability|p1b: Archaludon|Stamina|boost
|-boost|p1b: Archaludon|def|1
|
|-weather|RainDance|[upkeep]
|-heal|p1b: Archaludon|35/100|[from] item: Leftovers
|-sideend|p1: pbroderick14|move: Light Screen
|upkeep
|turn|6
|inactive|pbroderick14 has 30 seconds left.
|
|t:|1782500356
|move|p2a: Scrafty|Fake Out|p1b: Archaludon
|-resisted|p1b: Archaludon|1
|-damage|p1b: Archaludon|34/100
|-ability|p1b: Archaludon|Stamina|boost
|-boost|p1b: Archaludon|def|1
|move|p1a: Sableye|Rain Dance||[still]
|-fail|p1a: Sableye
|move|p2b: Gengar|Shadow Ball|p1a: Sableye
|-damage|p1a: Sableye|49/100
|cant|p1b: Archaludon|flinch
|
|-weather|RainDance|[upkeep]
|-heal|p1b: Archaludon|40/100|[from] item: Leftovers
|upkeep
|turn|7
|
|t:|1782500373
|move|p2b: Gengar|Protect|p2b: Gengar
|-singleturn|p2b: Gengar|Protect
|move|p1a: Sableye|Rain Dance||[still]
|-fail|p1a: Sableye
|move|p1b: Archaludon|Electro Shot||[still]
|-prepare|p1b: Archaludon|Electro Shot
|-boost|p1b: Archaludon|spa|1
|-anim|p1b: Archaludon|Electro Shot|p2a: Scrafty
|-damage|p2a: Scrafty|54/100
|move|p2a: Scrafty|Close Combat|p1b: Archaludon
|-supereffective|p1b: Archaludon|1
|-damage|p1b: Archaludon|19/100
|-unboost|p2a: Scrafty|def|1
|-unboost|p2a: Scrafty|spd|1
|-ability|p1b: Archaludon|Stamina|boost
|-boost|p1b: Archaludon|def|1
|
|-weather|RainDance|[upkeep]
|-heal|p1b: Archaludon|25/100|[from] item: Leftovers
|-sideend|p1: pbroderick14|Reflect
|upkeep
|turn|8
|inactive|pbroderick14 has 30 seconds left.
|
|t:|1782500401
|move|p1a: Sableye|Light Screen|p1a: Sableye
|-sidestart|p1: pbroderick14|move: Light Screen
|move|p2b: Gengar|Shadow Ball|p1b: Archaludon
|-damage|p1b: Archaludon|0 fnt
|faint|p1b: Archaludon
|move|p2a: Scrafty|Knock Off|p1a: Sableye
|-damage|p1a: Sableye|0 fnt
|-enditem|p1a: Sableye|Roseli Berry|[from] move: Knock Off|[of] p2a: Scrafty
|faint|p1a: Sableye
|
|-weather|RainDance|[upkeep]
|upkeep
|
|t:|1782500406
|switch|p1b: Basculegion|Basculegion, L50, M|82/100
|switch|p1a: Swampert|Swampert-Mega, L50, M|32/100
|turn|9
|
|t:|1782500421
|switch|p2a: Incineroar|Incineroar, L50, F|71/100
|-ability|p2a: Incineroar|Intimidate|boost
|-unboost|p1a: Swampert|atk|1
|-unboost|p1b: Basculegion|atk|1
|move|p2b: Gengar|Protect|p2b: Gengar
|-singleturn|p2b: Gengar|Protect
|move|p1a: Swampert|Wave Crash|p2a: Incineroar
|-supereffective|p2a: Incineroar|1
|-crit|p2a: Incineroar
|-damage|p2a: Incineroar|0 fnt
|faint|p2a: Incineroar
|-damage|p1a: Swampert|8/100|[from] Recoil
|move|p1b: Basculegion|Last Respects|p2b: Gengar
|-activate|p2b: Gengar|move: Protect
|
|-weather|none
|upkeep
|
|t:|1782500425
|switch|p2a: Scrafty|Scrafty, L50, M|54/100
|-ability|p2a: Scrafty|Intimidate|boost
|-unboost|p1a: Swampert|atk|1
|-unboost|p1b: Basculegion|atk|1
|turn|10
|inactive|pbroderick14 has 30 seconds left.
|
|t:|1782500460
|move|p1a: Swampert|Protect|p1a: Swampert
|-singleturn|p1a: Swampert|Protect
|move|p1b: Basculegion|Last Respects|p2b: Gengar
|-supereffective|p2b: Gengar|1
|-crit|p2b: Gengar
|-damage|p2b: Gengar|0 fnt
|faint|p2b: Gengar
|move|p2a: Scrafty|Knock Off|p1b: Basculegion
|-supereffective|p1b: Basculegion|1
|-damage|p1b: Basculegion|2/100
|-enditem|p1b: Basculegion|Choice Scarf|[from] move: Knock Off|[of] p2a: Scrafty
|
|upkeep
|
|t:|1782500477
|switch|p2b: Ninetales|Ninetales-Alola, L50, F|26/100 brn
|-weather|Snowscape|[from] ability: Snow Warning|[of] p2b: Ninetales
|turn|11
|
|t:|1782500494
|move|p2b: Ninetales|Blizzard|p1a: Swampert|[spread] p1a,p1b
|-resisted|p1b: Basculegion|1
|-damage|p1a: Swampert|0 fnt
|-damage|p1b: Basculegion|0 fnt
|faint|p1a: Swampert
|faint|p1b: Basculegion
|
|win|GrovyleSSJ
|raw|pbroderick14's rating: 1286 → 1258(-28 for losing)
|raw|GrovyleSSJ's rating: 1241 → 1269(+28 for winning)
|l|☆pbroderick14
|player|p1|
|c|☆GrovyleSSJ|gg
