|j|☆the crimson wooper
|j|☆GzRekt
|html|the crimson wooperGzRekt    
|uhtml|bestof|Game 3 of a best-of-3
|t:|1755794548
|gametype|doubles
|player|p1|the crimson wooper|boarder|1153
|player|p2|GzRekt|fisherman-gen4|1195
|gen|9
|tier|[Gen 9] VGC 2025 Reg H (Bo3)
|rated|
|rule|Species Clause: Limit one of each Pokémon
|rule|Item Clause: Limit 1 of each item
|clearpoke
|poke|p1|Dondozo, L50, F|
|poke|p1|Tatsugiri, L50, M|
|poke|p1|Dragonite, L50, M|
|poke|p1|Gholdengo, L50|
|poke|p1|Pawmot, L50, F|
|poke|p1|Talonflame, L50, F|
|poke|p2|Dragonite, L50, M|
|poke|p2|Incineroar, L50, M|
|poke|p2|Sneasler, L50, F|
|poke|p2|Ursaluna-Bloodmoon, L50, M|
|poke|p2|Clefable, L50, F|
|poke|p2|Gholdengo, L50|
|teampreview|4
|showteam|p1|Dondozo||ClearAmulet|Unaware|WaveCrash,OrderUp,Earthquake,Protect|||F|||50|,,,,,Grass]Tatsugiri||AbilityShield|Commander|DragonPulse,DracoMeteor,IcyWind,MuddyWater|||M|||50|,,,,,Water]Dragonite||ChoiceBand|InnerFocus|Outrage,ExtremeSpeed,StompingTantrum,BrickBreak|||M|||50|,,,,,Normal]Gholdengo||ChoiceSpecs|GoodasGold|MakeItRain,ShadowBall,Thunderbolt,Trick||||||50|,,,,,Steel]Pawmot||FocusSash|NaturalCure|DoubleShock,CloseCombat,FakeOut,RevivalBlessing|||F|||50|,,,,,Electric]Talonflame||CovertCloak|GaleWings|FlareBlitz,Taunt,BraveBird,Tailwind|||F|||50|,,,,,Flying
|showteam|p2|Dragonite||LoadedDice|Multiscale|ScaleShot,Tailwind,ExtremeSpeed,Protect|||M|||50|,,,,,Fairy]Incineroar||SafetyGoggles|Intimidate|FlareBlitz,KnockOff,PartingShot,FakeOut|||M|||50|,,,,,Ghost]Sneasler||FocusSash|Unburden|Protect,ThroatChop,CloseCombat,DireClaw|||F|||50|,,,,,Stellar]Ursaluna-Bloodmoon||AssaultVest|MindsEye|HyperVoice,BloodMoon,EarthPower,VacuumWave|||M|||50|,,,,,Water]Clefable||RockyHelmet|Unaware|Protect,FollowMe,Moonblast,Moonlight|||F|||50|,,,,,Fairy]Gholdengo||LifeOrb|GoodasGold|Protect,NastyPlot,MakeItRain,ShadowBall||||||50|,,,,,Water
|inactive|Battle timer is ON: inactive players will automatically lose when time's up. (requested by the crimson wooper)
|inactive|GzRekt also wants the timer to be on.
|
|t:|1755794567
|teamsize|p1|4
|teamsize|p2|4
|start
|switch|p1a: Talonflame|Talonflame, L50, F|100/100
|switch|p1b: Gholdengo|Gholdengo, L50|100/100
|switch|p2a: Clefable|Clefable, L50, F|100/100
|switch|p2b: Dragonite|Dragonite, L50, M|100/100
|turn|1
|
|t:|1755794584
|move|p2a: Clefable|Follow Me|p2a: Clefable
|-singleturn|p2a: Clefable|move: Follow Me
|move|p1a: Talonflame|Tailwind|p1a: Talonflame
|-sidestart|p1: the crimson wooper|move: Tailwind
|move|p1b: Gholdengo|Make It Rain|p2a: Clefable|[spread] p2a,p2b
|-supereffective|p2a: Clefable
|-damage|p2a: Clefable|0 fnt
|-damage|p2b: Dragonite|60/100
|-unboost|p1b: Gholdengo|spa|1
|faint|p2a: Clefable
|move|p2b: Dragonite|Tailwind|p2b: Dragonite
|-sidestart|p2: GzRekt|move: Tailwind
|
|upkeep
|
|t:|1755794595
|switch|p2a: Ursaluna|Ursaluna-Bloodmoon, L50, M|100/100
|turn|2
|
|t:|1755794620
|-terastallize|p2a: Ursaluna|Water
|move|p2b: Dragonite|Protect|p2b: Dragonite
|-singleturn|p2b: Dragonite|Protect
|move|p1a: Talonflame|Brave Bird|p2b: Dragonite
|-activate|p2b: Dragonite|move: Protect
|move|p1b: Gholdengo|Make It Rain|p2a: Ursaluna|[spread] p2a
|-activate|p2b: Dragonite|move: Protect
|-resisted|p2a: Ursaluna
|-damage|p2a: Ursaluna|83/100
|-unboost|p1b: Gholdengo|spa|1
|move|p2a: Ursaluna|Earth Power|p1b: Gholdengo
|-supereffective|p1b: Gholdengo
|-damage|p1b: Gholdengo|0 fnt
|faint|p1b: Gholdengo
|
|upkeep
|
|t:|1755794639
|switch|p1b: Pawmot|Pawmot, L50, F|100/100
|turn|3
|
|t:|1755794662
|switch|p1a: Dragonite|Dragonite, L50, M|100/100
|switch|p2a: Gholdengo|Gholdengo, L50|100/100
|-terastallize|p1b: Pawmot|Electric
|move|p1b: Pawmot|Double Shock|p2a: Gholdengo
|-damage|p2a: Gholdengo|26/100
|-start|p1b: Pawmot|typechange|Electric|[from] move: Double Shock
|move|p2b: Dragonite|Scale Shot|p1a: Dragonite
|-supereffective|p1a: Dragonite
|-damage|p1a: Dragonite|68/100
|-supereffective|p1a: Dragonite
|-crit|p1a: Dragonite
|-damage|p1a: Dragonite|20/100
|-supereffective|p1a: Dragonite
|-damage|p1a: Dragonite|0 fnt
|faint|p1a: Dragonite
|-hitcount|p1: Dragonite|3
|-unboost|p2b: Dragonite|def|1
|-boost|p2b: Dragonite|spe|1
|
|upkeep
|
|t:|1755794673
|switch|p1a: Talonflame|Talonflame, L50, F|100/100
|turn|4
|
|t:|1755794692
|move|p2a: Gholdengo|Protect|p2a: Gholdengo
|-singleturn|p2a: Gholdengo|Protect
|move|p1a: Talonflame|Brave Bird|p2b: Dragonite
|-damage|p2b: Dragonite|0 fnt
|faint|p2b: Dragonite
|-damage|p1a: Talonflame|79/100|[from] Recoil
|move|p1b: Pawmot|Double Shock|p2a: Gholdengo
|-activate|p2a: Gholdengo|move: Protect
|
|-sideend|p1: the crimson wooper|move: Tailwind
|-sideend|p2: GzRekt|move: Tailwind
|upkeep
|
|t:|1755794702
|switch|p2b: Ursaluna|Ursaluna-Bloodmoon, L50, M, tera:Water|83/100
|turn|5
|
|t:|1755794720
|move|p1a: Talonflame|Flare Blitz|p2a: Gholdengo
|-supereffective|p2a: Gholdengo
|-damage|p2a: Gholdengo|0 fnt
|faint|p2a: Gholdengo
|-damage|p1a: Talonflame|69/100|[from] Recoil
|move|p1b: Pawmot|Double Shock|p2b: Ursaluna
|-supereffective|p2b: Ursaluna
|-damage|p2b: Ursaluna|0 fnt
|-start|p1b: Pawmot|typechange|Electric|[from] move: Double Shock
|faint|p2b: Ursaluna
|
|win|the crimson wooper
|raw|the crimson wooper's rating: 1153 → 1181(+28 for winning)
|raw|GzRekt's rating: 1195 → 1167(-28 for losing)
|l|☆the crimson wooper
|player|p1|
