|j|☆tang de maracuja
|j|☆MetaknightXIII
|html|tang de maracujaMetaknightXIII    
|uhtml|bestof|Game 2 of a best-of-3
|t:|1785021556
|gametype|doubles
|player|p1|tang de maracuja|morty|1356
|player|p2|MetaknightXIII|veteran|1318
|gen|9
|tier|[Gen 9 Champions] VGC 2026 Reg M-B (Bo3)
|rated|
|rule|Species Clause: Limit one of each Pokémon
|rule|Item Clause: Limit 1 of each item
|clearpoke
|poke|p1|Tyranitar, L50, F|
|poke|p1|Excadrill, L50, M|
|poke|p1|Gholdengo, L50|
|poke|p1|Milotic, L50, F|
|poke|p1|Sinistcha, L50|
|poke|p1|Staraptor, L50, M|
|poke|p2|Archaludon, L50, M, shiny|
|poke|p2|Mawile, L50, F, shiny|
|poke|p2|Charizard, L50, M, shiny|
|poke|p2|Pelipper, L50, F|
|poke|p2|Farigiraf, L50, F|
|poke|p2|Kommo-o, L50, F|
|teampreview|4
|showteam|p1|Tyranitar||Tyranitarite|SandStream|RockSlide,KnockOff,LowKick,Protect|Jolly||F|||50|]Excadrill||FocusSash|SandRush|HighHorsepower,IronHead,RockSlide,Protect|Adamant||M|||50|]Gholdengo||LifeOrb|GoodasGold|ShadowBall,MakeItRain,NastyPlot,Protect|Modest|||||50|]Milotic||SitrusBerry|Competitive|Scald,IceBeam,IcyWind,Protect|Calm||F|||50|]Sinistcha||ColburBerry|Hospitality|MatchaGotcha,ShadowBall,RagePowder,Protect|Bold|||||50|]Staraptor||Staraptite|Intimidate|BraveBird,CloseCombat,Tailwind,Protect|Jolly||M|||50|
|showteam|p2|Archaludon||Leftovers|Stamina|ElectroShot,FlashCannon,DragonPulse,Protect|Calm||M|||50|]Mawile||Mawilite|HyperCutter|IronHead,PlayRough,SuckerPunch,Protect|Adamant||F|||50|]Charizard||CharizarditeY|SolarPower|WeatherBall,HeatWave,SolarBeam,Protect|Modest||M|||50|]Pelipper||SharpBeak|Drizzle|Hurricane,WeatherBall,Tailwind,WideGuard|Modest||F|||50|]Farigiraf||SitrusBerry|ArmorTail|TwinBeam,Roar,Thunderbolt,TrickRoom|Bold||F|||50|]Kommo-o||LifeOrb|Overcoat|ClangingScales,AuraSphere,VacuumWave,Protect|Modest||F|||50|
|inactive|Battle timer is ON: inactive players will automatically lose when time's up. (requested by tang de maracuja)
|
|t:|1785021579
|teamsize|p1|4
|teamsize|p2|4
|start
|switch|p1a: Tyranitar|Tyranitar, L50, F|100/100
|switch|p1b: Excadrill|Excadrill, L50, M|100/100
|switch|p2a: Kommo-o|Kommo-o, L50, F|100/100
|switch|p2b: Farigiraf|Farigiraf, L50, F|100/100
|-weather|Sandstorm|[from] ability: Sand Stream|[of] p1a: Tyranitar
|turn|1
|inactive|tang de maracuja has 30 seconds left.
|
|t:|1785021607
|move|p1b: Excadrill|Iron Head|p2b: Farigiraf
|-damage|p2b: Farigiraf|61/100
|move|p1a: Tyranitar|Knock Off|p2b: Farigiraf
|-supereffective|p2b: Farigiraf|1
|-damage|p2b: Farigiraf|0 fnt
|-enditem|p2b: Farigiraf|Sitrus Berry|[from] move: Knock Off|[of] p1a: Tyranitar
|faint|p2b: Farigiraf
|move|p2a: Kommo-o|Aura Sphere|p1a: Tyranitar
|-supereffective|p1a: Tyranitar|2
|-damage|p1a: Tyranitar|0 fnt
|faint|p1a: Tyranitar
|-damage|p2a: Kommo-o|90/100|[from] item: Life Orb
|
|-weather|Sandstorm|[upkeep]
|upkeep
|
|t:|1785021619
|switch|p1a: Gholdengo|Gholdengo, L50|100/100
|switch|p2b: Mawile|Mawile, L50, F, shiny|100/100
|turn|2
|inactive|tang de maracuja has 30 seconds left.
|inactive|MetaknightXIII has 30 seconds left.
|
|t:|1785021654
|detailschange|p2b: Mawile|Mawile-Mega, L50, F, shiny
|-mega|p2b: Mawile|Mawile|Mawilite
|move|p1b: Excadrill|High Horsepower|p2b: Mawile
|-supereffective|p2b: Mawile|1
|-damage|p2b: Mawile|3/100
|move|p1a: Gholdengo|Nasty Plot|p1a: Gholdengo
|-boost|p1a: Gholdengo|spa|2
|move|p2a: Kommo-o|Clanging Scales|p1a: Gholdengo|[spread] p1a,p1b
|-resisted|p1a: Gholdengo|1
|-resisted|p1b: Excadrill|1
|-damage|p1a: Gholdengo|69/100
|-damage|p1b: Excadrill|65/100
|-unboost|p2a: Kommo-o|def|1
|-damage|p2a: Kommo-o|80/100|[from] item: Life Orb
|move|p2b: Mawile|Play Rough|p1a: Gholdengo
|-resisted|p1a: Gholdengo|1
|-damage|p1a: Gholdengo|23/100
|
|-weather|Sandstorm|[upkeep]
|upkeep
|turn|3
|
|t:|1785021679
|move|p1b: Excadrill|Protect|p1b: Excadrill
|-singleturn|p1b: Excadrill|Protect
|move|p1a: Gholdengo|Protect|p1a: Gholdengo
|-singleturn|p1a: Gholdengo|Protect
|move|p2a: Kommo-o|Vacuum Wave|p1b: Excadrill
|-activate|p1b: Excadrill|move: Protect
|move|p2b: Mawile|Sucker Punch||[still]
|-fail|p2b: Mawile
|
|-weather|Sandstorm|[upkeep]
|upkeep
|turn|4
|
|t:|1785021696
|move|p1a: Gholdengo|Protect||[still]
|-fail|p1a: Gholdengo
|move|p2b: Mawile|Protect|p2b: Mawile
|-singleturn|p2b: Mawile|Protect
|move|p1b: Excadrill|Rock Slide|p2b: Mawile|[spread] p2a
|-activate|p2b: Mawile|move: Protect
|-resisted|p2a: Kommo-o|1
|-damage|p2a: Kommo-o|66/100
|move|p2a: Kommo-o|Clanging Scales|p1b: Excadrill|[spread] p1a,p1b
|-resisted|p1a: Gholdengo|1
|-crit|p1a: Gholdengo
|-resisted|p1b: Excadrill|1
|-damage|p1a: Gholdengo|0 fnt
|-damage|p1b: Excadrill|31/100
|faint|p1a: Gholdengo
|-unboost|p2a: Kommo-o|def|1
|-damage|p2a: Kommo-o|56/100|[from] item: Life Orb
|
|-weather|Sandstorm|[upkeep]
|upkeep
|
|t:|1785021703
|switch|p1a: Staraptor|Staraptor, L50, M|100/100
|-ability|p1a: Staraptor|Intimidate|boost
|-unboost|p2a: Kommo-o|atk|1
|-unboost|p2b: Mawile|atk|1
|turn|5
|
|t:|1785021714
|switch|p2a: Archaludon|Archaludon, L50, M, shiny|100/100
|detailschange|p1a: Staraptor|Staraptor-Mega, L50, M
|-mega|p1a: Staraptor|Staraptor|Staraptite
|move|p1b: Excadrill|Protect|p1b: Excadrill
|-singleturn|p1b: Excadrill|Protect
|move|p2b: Mawile|Sucker Punch||[still]
|-fail|p2b: Mawile
|move|p1a: Staraptor|Close Combat|p2b: Mawile
|-damage|p2b: Mawile|0 fnt
|-boost|p1a: Staraptor|def|1
|-boost|p1a: Staraptor|spd|1
|faint|p2b: Mawile
|
|-weather|none
|upkeep
|
|t:|1785021724
|switch|p2b: Kommo-o|Kommo-o, L50, F|56/100
|turn|6
|
|t:|1785021740
|move|p1a: Staraptor|Brave Bird|p2b: Kommo-o
|-supereffective|p2b: Kommo-o|1
|-damage|p2b: Kommo-o|0 fnt
|faint|p2b: Kommo-o
|-damage|p1a: Staraptor|83/100|[from] Recoil
|move|p1b: Excadrill|High Horsepower|p2a: Archaludon
|-supereffective|p2a: Archaludon|1
|-damage|p2a: Archaludon|14/100
|-ability|p2a: Archaludon|Stamina|boost
|-boost|p2a: Archaludon|def|1
|move|p2a: Archaludon|Dragon Pulse|p1a: Staraptor
|-damage|p1a: Staraptor|58/100
|
|-heal|p2a: Archaludon|20/100y|[from] item: Leftovers
|upkeep
|turn|7
|-message|MetaknightXIII forfeited.
|
|win|tang de maracuja
