|j|☆Daniw9
|j|☆randomguy1114s
|html|Daniw9randomguy1114s    
|uhtml|bestof|Game 1 of a best-of-3
|t:|1757144981
|gametype|doubles
|player|p1|Daniw9|1|1298
|player|p2|randomguy1114s|lillie-masters|1232
|gen|9
|tier|[Gen 9] VGC 2025 Reg H (Bo3)
|rated|
|rule|Species Clause: Limit one of each Pokémon
|rule|Item Clause: Limit 1 of each item
|clearpoke
|poke|p1|Garchomp, L50, F|
|poke|p1|Tyranitar, L50, M|
|poke|p1|Indeedee-F, L50, F|
|poke|p1|Gardevoir, L50, F|
|poke|p1|Talonflame, L50, M|
|poke|p1|Annihilape, L50, F|
|poke|p2|Corviknight, L50, F|
|poke|p2|Annihilape, L50, F|
|poke|p2|Indeedee, L50, M|
|poke|p2|Sneasler, L50, F|
|poke|p2|Tyranitar, L50, M|
|poke|p2|Excadrill, L50, M|
|teampreview|4
|showteam|p1|Garchomp||ClearAmulet|SandVeil|Earthquake,StompingTantrum,Protect,DragonClaw|||F|||50|,,,,,Steel]Tyranitar||AssaultVest|SandStream|RockSlide,TeraBlast,KnockOff,LowKick|||M|||50|,,,,,Flying]Indeedee-F||SafetyGoggles|PsychicSurge|DazzlingGleam,TrickRoom,FollowMe,HelpingHand|||F|||50|,,,,,Water]Gardevoir||ChoiceScarf|Telepathy|IcyWind,Moonblast,ExpandingForce,MysticalFire|||F|||50|,,,,,Fire]Talonflame||CovertCloak|GaleWings|Tailwind,DualWingbeat,FlareBlitz,Taunt|||M|||50|,,,,,Flying]Annihilape||SitrusBerry|Defiant|CloseCombat,RageFist,Coaching,FinalGambit|||F|||50|,,,,,Grass
|showteam|p2|Corviknight||Leftovers|MirrorArmor|BraveBird,BulkUp,Roost,Tailwind|||F|||50|,,,,,Dragon]Annihilape||SafetyGoggles|Defiant|CloseCombat,FinalGambit,RageFist,Taunt|||F|||50|,,,,,Water]Indeedee||ChoiceScarf|PsychicSurge|ExpandingForce,TeraBlast,Trick,Protect|||M|||50|,,,,,Psychic]Sneasler||PsychicSeed|Unburden|CloseCombat,DireClaw,ThroatChop,Protect|||F|||50|,,,,,Dark]Tyranitar||AssaultVest|SandStream|RockSlide,KnockOff,TeraBlast,LowKick|||M|||50|,,,,,Flying]Excadrill||FocusSash|SandRush|Earthquake,HighHorsepower,IronHead,Protect|||M|||50|,,,,,Stellar
|inactive|Battle timer is ON: inactive players will automatically lose when time's up. (requested by Daniw9)
|
|t:|1757145035
|teamsize|p1|4
|teamsize|p2|4
|start
|switch|p1a: Garchomp|Garchomp, L50, F|100/100
|switch|p1b: Talonflame|Talonflame, L50, M|100/100
|switch|p2a: STUPID FUCK|Corviknight, L50, F, shiny|100/100
|switch|p2b: DINOOOO|Tyranitar, L50, M, shiny|100/100
|-weather|Sandstorm|[from] ability: Sand Stream|[of] p2b: DINOOOO
|turn|1
|inactive|Daniw9 has 30 seconds left.
|
|t:|1757145064
|switch|p2a: boom!|Indeedee, L50, M, shiny|100/100
|-fieldstart|move: Psychic Terrain|[from] ability: Psychic Surge|[of] p2a: boom!
|-terastallize|p2b: DINOOOO|Flying
|move|p1b: Talonflame|Tailwind|p1b: Talonflame
|-sidestart|p1: Daniw9|move: Tailwind
|move|p1a: Garchomp|Stomping Tantrum|p2b: DINOOOO
|-immune|p2b: DINOOOO
|move|p2b: DINOOOO|Rock Slide|p1b: Talonflame|[spread] p1a,p1b
|-resisted|p1a: Garchomp
|-supereffective|p1b: Talonflame
|-damage|p1a: Garchomp|85/100
|-damage|p1b: Talonflame|0 fnt
|faint|p1b: Talonflame
|
|-weather|Sandstorm|[upkeep]
|-damage|p2a: boom!|95/100|[from] Sandstorm
|-damage|p2b: DINOOOO|95/100|[from] Sandstorm
|upkeep
|
|t:|1757145072
|switch|p1b: Gardevoir|Gardevoir, L50, F|100/100
|turn|2
|inactive|randomguy1114s has 30 seconds left.
|inactive|randomguy1114s has 20 seconds left.
|inactive|randomguy1114s has 15 seconds left.
|inactive|randomguy1114s has 10 seconds left.
|inactive|randomguy1114s has 5 seconds left.
|
|t:|1757145126
|switch|p2a: STUPID FUCK|Corviknight, L50, F, shiny|100/100
|move|p1b: Gardevoir|Expanding Force|p2b: DINOOOO|[spread] p2a,p2b
|-resisted|p2a: STUPID FUCK
|-damage|p2a: STUPID FUCK|69/100
|-damage|p2b: DINOOOO|57/100
|move|p1a: Garchomp|Earthquake|p2b: DINOOOO|[spread] 
|-activate|p1b: Gardevoir|ability: Telepathy
|-immune|p2a: STUPID FUCK
|-immune|p2b: DINOOOO
|move|p2b: DINOOOO|Tera Blast|p1b: Gardevoir|[anim] Tera Blast Flying
|-damage|p1b: Gardevoir|23/100
|
|-weather|Sandstorm|[upkeep]
|-damage|p1b: Gardevoir|17/100|[from] Sandstorm
|-damage|p2b: DINOOOO|51/100|[from] Sandstorm
|-heal|p2a: STUPID FUCK|75/100|[from] item: Leftovers
|upkeep
|turn|3
|
|t:|1757145144
|move|p1b: Gardevoir|Expanding Force|p2b: DINOOOO|[spread] p2a,p2b
|-resisted|p2a: STUPID FUCK
|-damage|p2a: STUPID FUCK|47/100
|-damage|p2b: DINOOOO|8/100
|move|p1a: Garchomp|Dragon Claw|p2b: DINOOOO
|-damage|p2b: DINOOOO|0 fnt
|faint|p2b: DINOOOO
|move|p2a: STUPID FUCK|Roost|p2a: STUPID FUCK
|-heal|p2a: STUPID FUCK|97/100
|-singleturn|p2a: STUPID FUCK|move: Roost
|
|-weather|Sandstorm|[upkeep]
|-damage|p1b: Gardevoir|11/100|[from] Sandstorm
|-heal|p2a: STUPID FUCK|100/100|[from] item: Leftovers
|upkeep
|
|t:|1757145150
|switch|p2b: im just sand|Excadrill, L50, M, shiny|100/100
|turn|4
|
|t:|1757145160
|move|p2b: im just sand|Protect|p2b: im just sand
|-singleturn|p2b: im just sand|Protect
|move|p1b: Gardevoir|Expanding Force|p2b: im just sand|[spread] p2a
|-activate|p2b: im just sand|move: Protect
|-resisted|p2a: STUPID FUCK
|-damage|p2a: STUPID FUCK|69/100
|move|p1a: Garchomp|Earthquake|p2b: im just sand|[spread] 
|-activate|p2b: im just sand|move: Protect
|-activate|p1b: Gardevoir|ability: Telepathy
|-immune|p2a: STUPID FUCK
|move|p2a: STUPID FUCK|Bulk Up|p2a: STUPID FUCK
|-boost|p2a: STUPID FUCK|atk|1
|-boost|p2a: STUPID FUCK|def|1
|
|-weather|Sandstorm|[upkeep]
|-damage|p1b: Gardevoir|5/100|[from] Sandstorm
|-heal|p2a: STUPID FUCK|75/100|[from] item: Leftovers
|-sideend|p1: Daniw9|move: Tailwind
|upkeep
|turn|5
|
|t:|1757145174
|switch|p1b: Annihilape|Annihilape, L50, F|100/100
|move|p1a: Garchomp|Protect|p1a: Garchomp
|-singleturn|p1a: Garchomp|Protect
|move|p2b: im just sand|Earthquake|p1a: Garchomp|[spread] p1b
|-activate|p1a: Garchomp|move: Protect
|-immune|p2a: STUPID FUCK
|-damage|p1b: Annihilape|57/100
|move|p2a: STUPID FUCK|Bulk Up|p2a: STUPID FUCK
|-boost|p2a: STUPID FUCK|atk|1
|-boost|p2a: STUPID FUCK|def|1
|
|-weather|none
|-heal|p2a: STUPID FUCK|81/100|[from] item: Leftovers
|-fieldend|move: Psychic Terrain
|upkeep
|turn|6
|inactive|Daniw9 has 30 seconds left.
|inactive|randomguy1114s has 30 seconds left.
|
|t:|1757145202
|move|p1b: Annihilape|Coaching|p1a: Garchomp
|-boost|p1a: Garchomp|atk|1
|-boost|p1a: Garchomp|def|1
|move|p1a: Garchomp|Stomping Tantrum|p2b: im just sand
|-supereffective|p2b: im just sand
|-enditem|p2b: im just sand|Focus Sash
|-damage|p2b: im just sand|1/100
|move|p2b: im just sand|Earthquake|p1b: Annihilape|[spread] p1a,p1b
|-immune|p2a: STUPID FUCK
|-damage|p1a: Garchomp|56/100
|-damage|p1b: Annihilape|16/100
|-enditem|p1b: Annihilape|Sitrus Berry|[eat]
|-heal|p1b: Annihilape|41/100|[from] item: Sitrus Berry
|move|p2a: STUPID FUCK|Roost|p2a: STUPID FUCK
|-heal|p2a: STUPID FUCK|100/100
|-singleturn|p2a: STUPID FUCK|move: Roost
|
|upkeep
|turn|7
|
|t:|1757145220
|move|p1b: Annihilape|Rage Fist|p2a: STUPID FUCK
|-damage|p2a: STUPID FUCK|74/100
|move|p1a: Garchomp|Stomping Tantrum|p2b: im just sand
|-supereffective|p2b: im just sand
|-damage|p2b: im just sand|0 fnt
|faint|p2b: im just sand
|move|p2a: STUPID FUCK|Brave Bird|p1b: Annihilape
|-supereffective|p1b: Annihilape
|-damage|p1b: Annihilape|0 fnt
|faint|p1b: Annihilape
|-damage|p2a: STUPID FUCK|60/100|[from] Recoil
|
|-heal|p2a: STUPID FUCK|66/100|[from] item: Leftovers
|upkeep
|
|t:|1757145233
|switch|p1b: Gardevoir|Gardevoir, L50, F|5/100
|switch|p2b: boom!|Indeedee, L50, M, shiny|95/100
|-fieldstart|move: Psychic Terrain|[from] ability: Psychic Surge|[of] p2b: boom!
|turn|8
|
|t:|1757145239
|-terastallize|p1a: Garchomp|Steel
|move|p2b: boom!|Expanding Force|p1a: Garchomp|[spread] p1a,p1b
|-resisted|p1a: Garchomp
|-resisted|p1b: Gardevoir
|-damage|p1a: Garchomp|28/100
|-damage|p1b: Gardevoir|0 fnt
|faint|p1b: Gardevoir
|move|p1a: Garchomp|Dragon Claw|p2b: boom!
|-damage|p2b: boom!|0 fnt
|faint|p2b: boom!
|move|p2a: STUPID FUCK|Roost|p2a: STUPID FUCK
|-heal|p2a: STUPID FUCK|100/100
|-singleturn|p2a: STUPID FUCK|move: Roost
|
|upkeep
|turn|9
|
|t:|1757145251
|move|p1a: Garchomp|Dragon Claw|p2a: STUPID FUCK
|-resisted|p2a: STUPID FUCK
|-damage|p2a: STUPID FUCK|85/100
|move|p2a: STUPID FUCK|Bulk Up|p2a: STUPID FUCK
|-boost|p2a: STUPID FUCK|atk|1
|-boost|p2a: STUPID FUCK|def|1
|
|-heal|p2a: STUPID FUCK|91/100|[from] item: Leftovers
|upkeep
|turn|10
|
|t:|1757145257
|move|p1a: Garchomp|Dragon Claw|p2a: STUPID FUCK
|-resisted|p2a: STUPID FUCK
|-damage|p2a: STUPID FUCK|80/100
|move|p2a: STUPID FUCK|Bulk Up|p2a: STUPID FUCK
|-boost|p2a: STUPID FUCK|atk|1
|-boost|p2a: STUPID FUCK|def|1
|
|-heal|p2a: STUPID FUCK|86/100|[from] item: Leftovers
|upkeep
|turn|11
|
|t:|1757145266
|move|p1a: Garchomp|Dragon Claw|p2a: STUPID FUCK
|-resisted|p2a: STUPID FUCK
|-damage|p2a: STUPID FUCK|76/100
|move|p2a: STUPID FUCK|Bulk Up|p2a: STUPID FUCK
|-boost|p2a: STUPID FUCK|atk|1
|-boost|p2a: STUPID FUCK|def|1
|
|-heal|p2a: STUPID FUCK|82/100|[from] item: Leftovers
|upkeep
|turn|12
|
|t:|1757145272
|move|p1a: Garchomp|Dragon Claw|p2a: STUPID FUCK
|-resisted|p2a: STUPID FUCK
|-damage|p2a: STUPID FUCK|73/100
|move|p2a: STUPID FUCK|Roost|p2a: STUPID FUCK
|-heal|p2a: STUPID FUCK|100/100
|-singleturn|p2a: STUPID FUCK|move: Roost
|
|-fieldend|move: Psychic Terrain
|upkeep
|turn|13
|
|t:|1757145279
|move|p1a: Garchomp|Dragon Claw|p2a: STUPID FUCK
|-resisted|p2a: STUPID FUCK
|-damage|p2a: STUPID FUCK|92/100
|move|p2a: STUPID FUCK|Bulk Up|p2a: STUPID FUCK
|-boost|p2a: STUPID FUCK|atk|1
|-boost|p2a: STUPID FUCK|def|1
|
|-heal|p2a: STUPID FUCK|98/100|[from] item: Leftovers
|upkeep
|turn|14
|
|t:|1757145285
|move|p1a: Garchomp|Dragon Claw|p2a: STUPID FUCK
|-resisted|p2a: STUPID FUCK
|-damage|p2a: STUPID FUCK|91/100
|move|p2a: STUPID FUCK|Brave Bird|p1a: Garchomp
|-resisted|p1a: Garchomp
|-damage|p1a: Garchomp|0 fnt
|faint|p1a: Garchomp
|-damage|p2a: STUPID FUCK|83/100|[from] Recoil
|
|win|randomguy1114s
||Daniw9 is ready for game 2.
