|j|☆BlackAshura
|j|☆Pingasman67
|html|BlackAshuraPingasman67    
|uhtml|bestof|Game 2 of a best-of-3
|t:|1783448471
|gametype|doubles
|player|p1|BlackAshura|samsonoak|1065
|player|p2|Pingasman67|170|1092
|gen|9
|tier|[Gen 9 Champions] VGC 2026 Reg M-B (Bo3)
|rated|
|rule|Species Clause: Limit one of each Pokémon
|rule|Item Clause: Limit 1 of each item
|clearpoke
|poke|p1|Metagross, L50, shiny|
|poke|p1|Kleavor, L50, F|
|poke|p1|Hydreigon, L50, F|
|poke|p1|Venusaur, L50, M, shiny|
|poke|p1|Simipour, L50, F, shiny|
|poke|p1|Talonflame, L50, F, shiny|
|poke|p2|Ninetales, L50, M|
|poke|p2|Pyroar, L50, M|
|poke|p2|Whimsicott, L50, M|
|poke|p2|Sylveon, L50, M|
|poke|p2|Metagross, L50|
|poke|p2|Garchomp, L50, M|
|teampreview|4
|showteam|p1|Metagross||Metagrossite|ClearBody|IronHead,PsychicFangs,IcePunch,Protect|Jolly|||||50|]Kleavor||ChoiceScarf|Sharpness|StoneAxe,CloseCombat,NightSlash,XScissor|Jolly||F|||50|]Hydreigon||LifeOrb|Levitate|DracoMeteor,DarkPulse,EarthPower,Protect|Timid||F|||50|]Venusaur||Venusaurite|Overgrow|GigaDrain,SludgeBomb,EarthPower,Protect|Modest||M|||50|]Simipour||FocusSash|Torrent|FakeOut,Scald,IceBeam,Protect|Timid||F|||50|]Talonflame||Charcoal|GaleWings|Overheat,Taunt,QuickGuard,Tailwind|Timid||F|||50|
|showteam|p2|Ninetales||ChoiceScarf|Drought|WeatherBall,HeatWave,SolarBeam,FakeTears|Timid||M|||50|]Pyroar||Pyroarite|Unnerve|HeatWave,SolarBeam,Overheat,Protect|Timid||M|||50|]Whimsicott||FocusSash|Prankster|Moonblast,SunnyDay,Tailwind,Protect|Timid||M|||50|]Sylveon||FairyFeather|Pixilate|HyperBeam,HyperVoice,QuickAttack,Detect|Modest||M|||50|]Metagross||Metagrossite|ClearBody|IronHead,PsychicFangs,BodyPress,Protect|Jolly|||||50|]Garchomp||LifeOrb|RoughSkin|StompingTantrum,RockSlide,DragonClaw,Protect|Jolly||M|||50|
|inactive|Battle timer is ON: inactive players will automatically lose when time's up. (requested by Pingasman67)
|
|t:|1783448561
|teamsize|p1|4
|teamsize|p2|4
|start
|switch|p1a: Talonflame|Talonflame, L50, F, shiny|100/100
|switch|p1b: Metagross|Metagross, L50, shiny|100/100
|switch|p2a: Whimsicott|Whimsicott, L50, M|100/100
|switch|p2b: Garchomp|Garchomp, L50, M|100/100
|turn|1
|
|t:|1783448583
|detailschange|p1b: Metagross|Metagross-Mega, L50, shiny
|-mega|p1b: Metagross|Metagross|Metagrossite
|move|p1a: Talonflame|Tailwind|p1a: Talonflame
|-sidestart|p1: BlackAshura|move: Tailwind
|move|p2a: Whimsicott|Tailwind|p2a: Whimsicott
|-sidestart|p2: Pingasman67|move: Tailwind
|move|p1b: Metagross|Ice Punch|p2b: Garchomp
|-supereffective|p2b: Garchomp|2
|-damage|p2b: Garchomp|0 fnt
|-damage|p1b: Metagross|87/100|[from] ability: Rough Skin|[of] p2b: Garchomp
|faint|p2b: Garchomp
|
|upkeep
|
|t:|1783448592
|switch|p2b: Ninetales|Ninetales, L50, M|100/100
|-weather|SunnyDay|[from] ability: Drought|[of] p2b: Ninetales
|turn|2
|inactive|BlackAshura has 30 seconds left.
|
|t:|1783448621
|move|p2a: Whimsicott|Protect|p2a: Whimsicott
|-singleturn|p2a: Whimsicott|Protect
|move|p1b: Metagross|Protect|p1b: Metagross
|-singleturn|p1b: Metagross|Protect
|move|p1a: Talonflame|Quick Guard|p1a: Talonflame
|-singleturn|p1a: Talonflame|Quick Guard
|move|p2b: Ninetales|Heat Wave|p1a: Talonflame|[spread] p1a
|-activate|p1b: Metagross|move: Protect
|-resisted|p1a: Talonflame|1
|-damage|p1a: Talonflame|71/100
|
|-weather|SunnyDay|[upkeep]
|upkeep
|turn|3
|
|t:|1783448646
|switch|p1b: Hydreigon|Hydreigon, L50, F|100/100
|move|p2b: Ninetales|Heat Wave|p1b: Hydreigon|[spread] p1a,p1b
|-resisted|p1a: Talonflame|1
|-resisted|p1b: Hydreigon|1
|-damage|p1a: Talonflame|43/100
|-damage|p1b: Hydreigon|74/100
|move|p1a: Talonflame|Overheat|p2a: Whimsicott
|-supereffective|p2a: Whimsicott|1
|-enditem|p2a: Whimsicott|Focus Sash
|-damage|p2a: Whimsicott|1/100
|-unboost|p1a: Talonflame|spa|2
|move|p2a: Whimsicott|Moonblast|p1a: Talonflame
|-resisted|p1a: Talonflame|1
|-damage|p1a: Talonflame|17/100
|-unboost|p1a: Talonflame|spa|1
|
|-weather|SunnyDay|[upkeep]
|upkeep
|turn|4
|inactive|BlackAshura has 30 seconds left.
|
|t:|1783448681
|move|p1b: Hydreigon|Protect|p1b: Hydreigon
|-singleturn|p1b: Hydreigon|Protect
|move|p2b: Ninetales|Heat Wave|p1a: Talonflame|[spread] 
|-activate|p1b: Hydreigon|move: Protect
|-miss|p2b: Ninetales|p1a: Talonflame
|move|p1a: Talonflame|Overheat|p2a: Whimsicott
|-supereffective|p2a: Whimsicott|1
|-damage|p2a: Whimsicott|0 fnt
|-unboost|p1a: Talonflame|spa|2
|faint|p2a: Whimsicott
|
|-weather|SunnyDay|[upkeep]
|-sideend|p1: BlackAshura|move: Tailwind
|-sideend|p2: Pingasman67|move: Tailwind
|upkeep
|
|t:|1783448687
|switch|p2a: Pyroar|Pyroar, L50, M|100/100
|-ability|p2a: Pyroar|Unnerve
|turn|5
|
|t:|1783448711
|detailschange|p2a: Pyroar|Pyroar-Mega, L50, M
|-mega|p2a: Pyroar|Pyroar|Pyroarite
|move|p2b: Ninetales|Heat Wave|p1b: Hydreigon|[spread] p1a,p1b
|-resisted|p1a: Talonflame|1
|-resisted|p1b: Hydreigon|1
|-damage|p1a: Talonflame|0 fnt
|-damage|p1b: Hydreigon|53/100
|faint|p1a: Talonflame
|move|p2a: Pyroar|Heat Wave|p1b: Hydreigon
|-resisted|p1b: Hydreigon|1
|-damage|p1b: Hydreigon|0 fnt
|faint|p1b: Hydreigon
|
|-weather|SunnyDay|[upkeep]
|upkeep
|
|t:|1783448728
|switch|p1a: Metagross|Metagross-Mega, L50, shiny|87/100
|switch|p1b: Kleavor|Kleavor, L50, F|100/100
|turn|6
|
|t:|1783448747
|move|p1a: Metagross|Protect|p1a: Metagross
|-singleturn|p1a: Metagross|Protect
|move|p2b: Ninetales|Heat Wave|p1b: Kleavor|[spread] p1b
|-activate|p1a: Metagross|move: Protect
|-damage|p1b: Kleavor|36/100
|move|p1b: Kleavor|Stone Axe|p2b: Ninetales
|-supereffective|p2b: Ninetales|1
|-damage|p2b: Ninetales|0 fnt
|-sidestart|p2: Pingasman67|move: Stealth Rock
|faint|p2b: Ninetales
|move|p2a: Pyroar|Heat Wave|p1a: Metagross|[spread] p1b
|-activate|p1a: Metagross|move: Protect
|-damage|p1b: Kleavor|0 fnt
|faint|p1b: Kleavor
|
|-weather|none
|upkeep
|turn|7
|
|t:|1783448764
|move|p2a: Pyroar|Overheat|p1a: Metagross
|-supereffective|p1a: Metagross|1
|-damage|p1a: Metagross|0 fnt
|-unboost|p2a: Pyroar|spa|2
|faint|p1a: Metagross
|
|win|Pingasman67
|raw|BlackAshura's rating: 1065 → 1047(-18 for losing)
|raw|Pingasman67's rating: 1092 → 1116(+24 for winning)
|c|☆BlackAshura|gg
|c|☆Pingasman67|gg
|l|☆Pingasman67
|player|p2|
|l|☆BlackAshura
|player|p1|
|j|☆BlackAshura
|player|p1|BlackAshura|samsonoak|
