|j|☆ILoveMIR
|j|☆dapmagikarp
|html|ILoveMIRdapmagikarp    
|uhtml|bestof|Game 3 of a best-of-3
|t:|1783644887
|gametype|doubles
|player|p1|ILoveMIR|shauntal|1396
|player|p2|dapmagikarp|sada-ai|1428
|gen|9
|tier|[Gen 9 Champions] VGC 2026 Reg M-B (Bo3)
|rated|
|rule|Species Clause: Limit one of each Pokémon
|rule|Item Clause: Limit 1 of each item
|clearpoke
|poke|p1|Blaziken, L50, M|
|poke|p1|Ninetales-Alola, L50, F|
|poke|p1|Tsareena, L50, F|
|poke|p1|Milotic, L50, M|
|poke|p1|Talonflame, L50, F|
|poke|p1|Gholdengo, L50|
|poke|p2|Floette-Eternal, L50, F|
|poke|p2|Charizard, L50, M, shiny|
|poke|p2|Kingambit, L50, M|
|poke|p2|Whimsicott, L50, M, shiny|
|poke|p2|Basculegion, L50, M|
|poke|p2|Garchomp, L50, F, shiny|
|teampreview|4
|showteam|p1|Blaziken||Blazikenite|SpeedBoost|FlareBlitz,CloseCombat,RockSlide,Detect|Adamant||M|||50|]Ninetales-Alola||NeverMeltIce|SnowWarning|Blizzard,FreezeDry,Encore,Protect|Timid||F|||50|]Tsareena||WideLens|QueenlyMajesty|PowerWhip,TripleAxel,LowKick,Taunt|Adamant||F|||50|]Milotic||ExpertBelt|Competitive|Scald,IceBeam,Recover,Protect|Modest||M|||50|]Talonflame|||GaleWings|Acrobatics,WillOWisp,Tailwind,Protect|Jolly||F|||50|]Gholdengo||LifeOrb|GoodasGold|MakeItRain,ShadowBall,PowerGem,Protect|Modest|||||50|
|showteam|p2|Floette-Eternal||Floettite|FlowerVeil|Protect,LightofRuin,Moonblast,DazzlingGleam|Timid||F|||50|]Charizard||CharizarditeY|Blaze|SolarBeam,HeatWave,WeatherBall,Protect|Modest||M|||50|]Kingambit||BlackGlasses|Defiant|LowKick,Protect,KowtowCleave,SuckerPunch|Adamant||M|||50|]Whimsicott||FocusSash|Prankster|Moonblast,Tailwind,Encore,Protect|Timid||M|||50|]Basculegion||MysticWater|Adaptability|WaveCrash,Protect,LastRespects,AquaJet|Adamant||M|||50|]Garchomp||LifeOrb|RoughSkin|Earthquake,RockSlide,Protect,DragonClaw|Jolly||F|||50|
|inactive|Battle timer is ON: inactive players will automatically lose when time's up. (requested by dapmagikarp)
|inactive|ILoveMIR also wants the timer to be on.
|inactive|ILoveMIR has 60 seconds left.
|inactive|ILoveMIR has 30 seconds left.
|inactive|ILoveMIR has 20 seconds left.
|inactive|ILoveMIR has 15 seconds left.
|inactive|ILoveMIR has 10 seconds left.
|inactive|ILoveMIR has 5 seconds left.
|
|t:|1783644976
|teamsize|p1|4
|teamsize|p2|4
|start
|switch|p1a: Milotic|Milotic, L50, M|100/100
|switch|p1b: Blaziken|Blaziken, L50, M|100/100
|switch|p2a: Whimsicott|Whimsicott, L50, M, shiny|100/100
|switch|p2b: Basculegion|Basculegion, L50, M|100/100
|turn|1
|
|t:|1783644990
|switch|p1b: Tsareena|Tsareena, L50, F|100/100
|move|p2a: Whimsicott|Moonblast|p1a: Milotic
|-damage|p1a: Milotic|76/100
|move|p1a: Milotic|Scald|p2b: Basculegion
|-resisted|p2b: Basculegion|1
|-damage|p2b: Basculegion|83/100
|move|p2b: Basculegion|Wave Crash|p1a: Milotic
|-resisted|p1a: Milotic|1
|-damage|p1a: Milotic|30/100
|-damage|p2b: Basculegion|69/100|[from] Recoil
|
|upkeep
|turn|2
|
|t:|1783645004
|move|p2b: Basculegion|Protect|p2b: Basculegion
|-singleturn|p2b: Basculegion|Protect
|move|p2a: Whimsicott|Moonblast|p1a: Milotic
|-damage|p1a: Milotic|6/100
|move|p1a: Milotic|Recover|p1a: Milotic
|-heal|p1a: Milotic|56/100
|move|p1b: Tsareena|Triple Axel|p2a: Whimsicott
|-supereffective|p2a: Whimsicott|1
|-damage|p2a: Whimsicott|78/100
|-hitcount|p2a: Whimsicott|1
|
|upkeep
|turn|3
|
|t:|1783645018
|move|p2a: Whimsicott|Tailwind|p2a: Whimsicott
|-sidestart|p2: dapmagikarp|move: Tailwind
|move|p2b: Basculegion|Wave Crash|p1b: Tsareena
|-resisted|p1b: Tsareena|1
|-damage|p1b: Tsareena|42/100
|-damage|p2b: Basculegion|54/100|[from] Recoil
|move|p1a: Milotic|Ice Beam|p2a: Whimsicott
|-supereffective|p2a: Whimsicott|1
|-damage|p2a: Whimsicott|0 fnt
|faint|p2a: Whimsicott
|move|p1b: Tsareena|Power Whip|p2b: Basculegion
|-supereffective|p2b: Basculegion|1
|-damage|p2b: Basculegion|0 fnt
|faint|p2b: Basculegion
|
|upkeep
|
|t:|1783645025
|switch|p2a: Garchomp|Garchomp, L50, F, shiny|100/100
|switch|p2b: Charizard|Charizard, L50, M, shiny|100/100
|turn|4
|inactive|ILoveMIR has 30 seconds left.
|inactive|ILoveMIR has 20 seconds left.
|inactive|ILoveMIR has 15 seconds left.
|
|t:|1783645065
|detailschange|p2b: Charizard|Charizard-Mega-Y, L50, M, shiny
|-mega|p2b: Charizard|Charizard|Charizardite Y
|-weather|SunnyDay|[from] ability: Drought|[of] p2b: Charizard
|move|p1a: Milotic|Protect|p1a: Milotic
|-singleturn|p1a: Milotic|Protect
|move|p2a: Garchomp|Earthquake|p1a: Milotic|[spread] p1b
|-activate|p1a: Milotic|move: Protect
|-immune|p2b: Charizard
|-resisted|p1b: Tsareena|1
|-damage|p1b: Tsareena|12/100
|-damage|p2a: Garchomp|90/100|[from] item: Life Orb
|move|p2b: Charizard|Heat Wave|p1a: Milotic|[spread] 
|-activate|p1a: Milotic|move: Protect
|-miss|p2b: Charizard|p1b: Tsareena
|move|p1b: Tsareena|Triple Axel|p2a: Garchomp
|-supereffective|p2a: Garchomp|2
|-damage|p2a: Garchomp|60/100
|-damage|p1b: Tsareena|1/100|[from] ability: Rough Skin|[of] p2a: Garchomp
|-supereffective|p2a: Garchomp|2
|-damage|p2a: Garchomp|0 fnt
|-damage|p1b: Tsareena|0 fnt|[from] ability: Rough Skin|[of] p2a: Garchomp
|faint|p2a: Garchomp
|faint|p1b: Tsareena
|-hitcount|p2: Garchomp|2
|
|-weather|SunnyDay|[upkeep]
|upkeep
|
|t:|1783645071
|switch|p1b: Talonflame|Talonflame, L50, F|100/100
|turn|5
|-message|dapmagikarp forfeited.
|
|win|ILoveMIR
|raw|ILoveMIR's rating: 1396 → 1418(+22 for winning)
|raw|dapmagikarp's rating: 1428 → 1406(-22 for losing)
