|j|☆FakeOutPlot
|j|☆Beeetch
|html|FakeOutPlotBeeetch    
|uhtml|bestof|Game 2 of a best-of-3
|t:|1756862141
|gametype|doubles
|player|p1|FakeOutPlot|iris|1286
|player|p2|Beeetch|beauty-gen4dp|1210
|gen|9
|tier|[Gen 9] VGC 2025 Reg H (Bo3)
|rated|
|rule|Species Clause: Limit one of each Pokémon
|rule|Item Clause: Limit 1 of each item
|clearpoke
|poke|p1|Gholdengo, L50|
|poke|p1|Incineroar, L50, M|
|poke|p1|Sneasler, L50, F|
|poke|p1|Dragonite, L50, F|
|poke|p1|Ursaluna-Bloodmoon, L50, M|
|poke|p1|Rillaboom, L50, M|
|poke|p2|Excadrill, L50, F|
|poke|p2|Tyranitar, L50, F|
|poke|p2|Sneasler, L50, M|
|poke|p2|Indeedee, L50, M|
|poke|p2|Corviknight, L50, M|
|poke|p2|Annihilape, L50, F|
|teampreview|4
|showteam|p1|Gholdengo||LifeOrb|GoodasGold|MakeItRain,ShadowBall,NastyPlot,Protect||||||50|,,,,,Water]Incineroar||SafetyGoggles|Intimidate|PartingShot,FlareBlitz,KnockOff,FakeOut|||M|||50|,,,,,Ghost]Sneasler||FocusSash|PoisonTouch|DireClaw,CloseCombat,ThroatChop,Protect|||F|||50|,,,,,Stellar]Dragonite||LoadedDice|Multiscale|ScaleShot,Tailwind,Haze,Protect|||F|||50|,,,,,Fairy]Ursaluna-Bloodmoon||AssaultVest|MindsEye|HyperVoice,EarthPower,BloodMoon,VacuumWave|||M|||50|,,,,,Water]Rillaboom||MiracleSeed|GrassySurge|WoodHammer,GrassyGlide,HighHorsepower,FakeOut|||M|||50|,,,,,Fire
|showteam|p2|Excadrill||FocusSash|SandRush|IronHead,HighHorsepower,Earthquake,Protect|||F|||50|,,,,,Stellar]Tyranitar||AssaultVest|SandStream|RockSlide,KnockOff,TeraBlast,LowKick|||F|||50|,,,,,Flying]Sneasler||PsychicSeed|Unburden|DireClaw,CloseCombat,ThroatChop,Protect|||M|||50|,,,,,Dark]Indeedee||ChoiceScarf|PsychicSurge|ExpandingForce,TeraBlast,Protect,Trick|||M|||50|,,,,,Psychic]Corviknight||Leftovers|MirrorArmor|BraveBird,BulkUp,Roost,Tailwind|||M|||50|,,,,,Dragon]Annihilape||SafetyGoggles|Defiant|CloseCombat,FinalGambit,RageFist,Taunt|||F|||50|,,,,,Water
|
|t:|1756862159
|teamsize|p1|4
|teamsize|p2|4
|start
|switch|p1a: Dragonite|Dragonite, L50, F|100/100
|switch|p1b: Rillaboom|Rillaboom, L50, M|100/100
|switch|p2a: Sneasler|Sneasler, L50, M, shiny|100/100
|switch|p2b: Corviknight|Corviknight, L50, M|100/100
|-fieldstart|move: Grassy Terrain|[from] ability: Grassy Surge|[of] p1b: Rillaboom
|turn|1
|
|t:|1756862172
|switch|p1b: Gholdengo|Gholdengo, L50|100/100
|move|p2a: Sneasler|Dire Claw|p1a: Dragonite
|-damage|p1a: Dragonite|77/100
|-status|p1a: Dragonite|slp
|cant|p1a: Dragonite|slp
|move|p2b: Corviknight|Tailwind|p2b: Corviknight
|-sidestart|p2: Beeetch|move: Tailwind
|
|upkeep
|turn|2
|
|t:|1756862186
|-terastallize|p2a: Sneasler|Dark
|move|p1b: Gholdengo|Protect|p1b: Gholdengo
|-singleturn|p1b: Gholdengo|Protect
|move|p2a: Sneasler|Throat Chop|p1b: Gholdengo
|-activate|p1b: Gholdengo|move: Protect
|move|p2b: Corviknight|Bulk Up|p2b: Corviknight
|-boost|p2b: Corviknight|atk|1
|-boost|p2b: Corviknight|def|1
|-curestatus|p1a: Dragonite|slp|[msg]
|move|p1a: Dragonite|Scale Shot|p2a: Sneasler
|-damage|p2a: Sneasler|76/100
|-damage|p2a: Sneasler|54/100
|-damage|p2a: Sneasler|30/100
|-damage|p2a: Sneasler|4/100
|-damage|p2a: Sneasler|0 fnt
|faint|p2a: Sneasler
|-hitcount|p2: Sneasler|5
|-unboost|p1a: Dragonite|def|1
|-boost|p1a: Dragonite|spe|1
|
|upkeep
|
|t:|1756862210
|switch|p2a: Annihilape|Annihilape, L50, F|100/100
|turn|3
|
|t:|1756862220
|switch|p1b: Ursaluna|Ursaluna-Bloodmoon, L50, M|100/100
|move|p1a: Dragonite|Protect|p1a: Dragonite
|-singleturn|p1a: Dragonite|Protect
|move|p2a: Annihilape|Rage Fist|p1b: Ursaluna
|-immune|p1b: Ursaluna
|move|p2b: Corviknight|Brave Bird|p1a: Dragonite
|-activate|p1a: Dragonite|move: Protect
|
|upkeep
|turn|4
|
|t:|1756862235
|move|p2a: Annihilape|Close Combat|p1b: Ursaluna
|-supereffective|p1b: Ursaluna
|-damage|p1b: Ursaluna|25/100
|-unboost|p2a: Annihilape|def|1
|-unboost|p2a: Annihilape|spd|1
|move|p1a: Dragonite|Tailwind|p1a: Dragonite
|-sidestart|p1: FakeOutPlot|move: Tailwind
|move|p2b: Corviknight|Brave Bird|p1a: Dragonite
|-damage|p1a: Dragonite|0 fnt
|faint|p1a: Dragonite
|-damage|p2b: Corviknight|79/100|[from] Recoil
|move|p1b: Ursaluna|Blood Moon|p2a: Annihilape
|-damage|p2a: Annihilape|3/100
|
|-heal|p2a: Annihilape|9/100|[from] Grassy Terrain
|-heal|p2b: Corviknight|85/100|[from] item: Leftovers
|-heal|p1b: Ursaluna|31/100|[from] Grassy Terrain
|-sideend|p2: Beeetch|move: Tailwind
|upkeep
|
|t:|1756862243
|switch|p1a: Gholdengo|Gholdengo, L50|100/100
|turn|5
|
|t:|1756862266
|switch|p2a: Indeedee|Indeedee, L50, M, shiny|100/100
|-fieldstart|move: Psychic Terrain|[from] ability: Psychic Surge|[of] p2a: Indeedee
|move|p1a: Gholdengo|Nasty Plot|p1a: Gholdengo
|-boost|p1a: Gholdengo|spa|2
|move|p1b: Ursaluna|Hyper Voice|p2a: Indeedee|[spread] p2a,p2b
|-resisted|p2b: Corviknight
|-damage|p2a: Indeedee|51/100
|-damage|p2b: Corviknight|69/100
|move|p2b: Corviknight|Brave Bird|p1b: Ursaluna
|-damage|p1b: Ursaluna|0 fnt
|faint|p1b: Ursaluna
|-damage|p2b: Corviknight|59/100|[from] Recoil
|
|-heal|p2b: Corviknight|65/100|[from] item: Leftovers
|upkeep
|
|t:|1756862268
|switch|p1b: Rillaboom|Rillaboom, L50, M|100/100
|-fieldstart|move: Grassy Terrain|[from] ability: Grassy Surge|[of] p1b: Rillaboom
|turn|6
|
|t:|1756862291
|switch|p2a: Annihilape|Annihilape, L50, F|9/100
|move|p1b: Rillaboom|Fake Out|p2b: Corviknight
|-resisted|p2b: Corviknight
|-damage|p2b: Corviknight|61/100
|move|p1a: Gholdengo|Make It Rain|p2b: Corviknight|[spread] p2a,p2b
|-resisted|p2b: Corviknight
|-damage|p2a: Annihilape|0 fnt
|-damage|p2b: Corviknight|7/100
|-unboost|p1a: Gholdengo|spa|1
|faint|p2a: Annihilape
|-damage|p1a: Gholdengo|91/100|[from] item: Life Orb
|cant|p2b: Corviknight|flinch
|
|-heal|p1a: Gholdengo|97/100|[from] Grassy Terrain
|-heal|p2b: Corviknight|13/100|[from] item: Leftovers
|upkeep
|
|t:|1756862300
|switch|p2a: Indeedee|Indeedee, L50, M, shiny|51/100
|-fieldstart|move: Psychic Terrain|[from] ability: Psychic Surge|[of] p2a: Indeedee
|turn|7
|
|t:|1756862314
|move|p1a: Gholdengo|Make It Rain|p2b: Corviknight|[spread] p2a,p2b
|-resisted|p2b: Corviknight
|-damage|p2a: Indeedee|0 fnt
|-damage|p2b: Corviknight|0 fnt
|-unboost|p1a: Gholdengo|spa|1
|faint|p2a: Indeedee
|faint|p2b: Corviknight
|-damage|p1a: Gholdengo|87/100|[from] item: Life Orb
|
|win|FakeOutPlot
||FakeOutPlot is ready for game 3.
