|j|☆borntobethegoat
|j|☆Glimme
|html|borntobethegoatGlimme    
|uhtml|bestof|Game 2 of a best-of-3
|t:|1782584379
|gametype|doubles
|player|p1|borntobethegoat|caitlin|1180
|player|p2|Glimme|169|1298
|gen|9
|tier|[Gen 9 Champions] VGC 2026 Reg M-B (Bo3)
|rated|
|rule|Species Clause: Limit one of each Pokémon
|rule|Item Clause: Limit 1 of each item
|clearpoke
|poke|p1|Sinistcha, L50|
|poke|p1|Incineroar, L50, F|
|poke|p1|Milotic, L50, F|
|poke|p1|Raichu, L50, M|
|poke|p1|Floette-Eternal, L50, F|
|poke|p1|Ceruledge, L50, F|
|poke|p2|Charizard, L50, M, shiny|
|poke|p2|Farigiraf, L50, M, shiny|
|poke|p2|Kingambit, L50, M, shiny|
|poke|p2|Sylveon, L50, M, shiny|
|poke|p2|Aerodactyl, L50, M, shiny|
|poke|p2|Garchomp, L50, M, shiny|
|teampreview|4
|showteam|p1|Sinistcha||KasibBerry|Hospitality|MatchaGotcha,RagePowder,TrickRoom,Protect|Relaxed|||||50|]Incineroar||SitrusBerry|Intimidate|FlareBlitz,ThroatChop,FakeOut,PartingShot|Impish||F|||50|]Milotic||Leftovers|Competitive|MuddyWater,Coil,Hypnosis,Protect|Calm||F|||50|]Raichu||RaichuniteY|LightningRod|ZapCannon,FocusBlast,FakeOut,Protect|Timid||M|||50|]Floette-Eternal||Floettite|FlowerVeil|DazzlingGleam,DrainingKiss,CalmMind,Protect|Timid||F|||50|]Ceruledge||ColburBerry|FlashFire|BitterBlade,ShadowSneak,BulkUp,Protect|Adamant||F|||50|
|showteam|p2|Charizard||CharizarditeY|SolarPower|Protect,WeatherBall,HeatWave,SolarBeam|Modest||M|||50|]Farigiraf||ExpertBelt|ArmorTail|HelpingHand,TwinBeam,Thunderbolt,TrickRoom|Bold||M|||50|]Kingambit||FocusSash|Defiant|KowtowCleave,SuckerPunch,IronHead,LowKick|Adamant||M|||50|]Sylveon||FairyFeather|Pixilate|Detect,HyperVoice,HyperBeam,QuickAttack|Modest||M|||50|]Aerodactyl||Aerodactylite|Unnerve|IceFang,RockSlide,DualWingbeat,Tailwind|Jolly||M|||50|]Garchomp||LifeOrb|RoughSkin|Protect,RockSlide,DragonClaw,Earthquake|Adamant||M|||50|
|inactive|Battle timer is ON: inactive players will automatically lose when time's up. (requested by Glimme)
|inactive|borntobethegoat has 60 seconds left.
|
|t:|1782584416
|teamsize|p1|4
|teamsize|p2|4
|start
|switch|p1a: Milotic|Milotic, L50, F|100/100
|switch|p1b: Floette|Floette-Eternal, L50, F|100/100
|switch|p2a: Kingambit|Kingambit, L50, M, shiny|100/100
|switch|p2b: Aerodactyl|Aerodactyl, L50, M, shiny|100/100
|-ability|p2b: Aerodactyl|Unnerve
|turn|1
|
|t:|1782584446
|detailschange|p2b: Aerodactyl|Aerodactyl-Mega, L50, M, shiny
|-mega|p2b: Aerodactyl|Aerodactyl|Aerodactylite
|detailschange|p1b: Floette|Floette-Mega, L50, F
|-mega|p1b: Floette|Floette|Floettite
|-ability|p1b: Floette|Fairy Aura
|move|p2b: Aerodactyl|Rock Slide|p1a: Milotic|[spread] p1a
|-miss|p2b: Aerodactyl|p1b: Floette
|-damage|p1a: Milotic|77/100
|move|p1b: Floette|Calm Mind|p1b: Floette
|-boost|p1b: Floette|spa|1
|-boost|p1b: Floette|spd|1
|move|p1a: Milotic|Coil|p1a: Milotic
|-boost|p1a: Milotic|atk|1
|-boost|p1a: Milotic|def|1
|-boost|p1a: Milotic|accuracy|1
|move|p2a: Kingambit|Kowtow Cleave|p1a: Milotic
|-damage|p1a: Milotic|47/100
|
|-heal|p1a: Milotic|53/100|[from] item: Leftovers
|upkeep
|turn|2
|
|t:|1782584465
|move|p1b: Floette|Protect|p1b: Floette
|-singleturn|p1b: Floette|Protect
|move|p2b: Aerodactyl|Rock Slide|p1a: Milotic|[spread] 
|-activate|p1b: Floette|move: Protect
|-miss|p2b: Aerodactyl|p1a: Milotic
|move|p1a: Milotic|Hypnosis|p2a: Kingambit
|-status|p2a: Kingambit|slp|[from] move: Hypnosis
|cant|p2a: Kingambit|slp
|
|-heal|p1a: Milotic|59/100|[from] item: Leftovers
|upkeep
|turn|3
|
|t:|1782584481
|move|p2b: Aerodactyl|Tailwind|p2b: Aerodactyl
|-sidestart|p2: Glimme|move: Tailwind
|-curestatus|p2a: Kingambit|slp|[msg]
|move|p2a: Kingambit|Iron Head|p1b: Floette
|-supereffective|p1b: Floette|1
|-damage|p1b: Floette|7/100
|move|p1b: Floette|Dazzling Gleam|p2a: Kingambit|[spread] p2a,p2b
|-crit|p2b: Aerodactyl
|-damage|p2a: Kingambit|28/100
|-damage|p2b: Aerodactyl|6/100
|move|p1a: Milotic|Hypnosis|p2b: Aerodactyl
|-status|p2b: Aerodactyl|slp|[from] move: Hypnosis
|
|-heal|p1a: Milotic|65/100|[from] item: Leftovers
|upkeep
|turn|4
|
|t:|1782584500
|switch|p2b: Garchomp|Garchomp, L50, M, shiny|100/100
|move|p2a: Kingambit|Kowtow Cleave|p1a: Milotic
|-damage|p1a: Milotic|35/100
|move|p1b: Floette|Dazzling Gleam|p2a: Kingambit|[spread] p2a,p2b
|-supereffective|p2b: Garchomp|1
|-damage|p2a: Kingambit|0 fnt
|-damage|p2b: Garchomp|0 fnt
|faint|p2a: Kingambit
|faint|p2b: Garchomp
|move|p1a: Milotic|Coil|p1a: Milotic
|-boost|p1a: Milotic|atk|1
|-boost|p1a: Milotic|def|1
|-boost|p1a: Milotic|accuracy|1
|
|-heal|p1a: Milotic|41/100|[from] item: Leftovers
|upkeep
|
|t:|1782584502
|switch|p2b: Aerodactyl|Aerodactyl-Mega, L50, M, shiny|6/100 slp
|switch|p2a: Farigiraf|Farigiraf, L50, M, shiny|100/100
|turn|5
|-message|Glimme forfeited.
|
|win|borntobethegoat
