|j|☆hieu213
|j|☆PixelJaguar
|html|hieu213PixelJaguar    
|uhtml|bestof|Game 1 of a best-of-3
|t:|1785962770
|gametype|doubles
|player|p1|hieu213|266|1000
|player|p2|PixelJaguar|1|1096
|gen|9
|tier|[Gen 9 Champions] VGC 2026 Reg M-B (Bo3)
|rated|
|rule|Species Clause: Limit one of each Pokémon
|rule|Item Clause: Limit 1 of each item
|clearpoke
|poke|p1|Maushold, L50|
|poke|p1|Pidgeot, L50, F|
|poke|p1|Castform, L50, M|
|poke|p1|Lopunny, L50, F|
|poke|p1|Staraptor, L50, F|
|poke|p1|Farigiraf, L50, M|
|poke|p2|Whimsicott, L50, M|
|poke|p2|Staraptor, L50, F|
|poke|p2|Garchomp, L50, F|
|poke|p2|Ceruledge, L50, M|
|poke|p2|Metagross, L50|
|poke|p2|Farigiraf, L50, M|
|teampreview|4
|showteam|p1|Maushold||WideLens|Technician|PopulationBomb,FollowMe,Encore,Protect|Jolly|||||50|]Pidgeot||Pidgeotite|KeenEye|Hurricane,HeatWave,Tailwind,Protect|Timid||F|||50|]Castform||SitrusBerry|Forecast|WeatherBall,ThunderWave,ShadowBall,Protect|Bold||M|||50|]Lopunny||Lopunnite|Limber|FakeOut,GigaImpact,CloseCombat,Protect|Jolly||F|||50|]Staraptor||ChoiceScarf|Reckless|BraveBird,CloseCombat,DoubleEdge,Protect|Adamant||F|||50|]Farigiraf||Leftovers|ArmorTail|TwinBeam,HelpingHand,CalmMind,BatonPass|Bold||M|||50|
|showteam|p2|Whimsicott||FocusSash|Prankster|Encore,Tailwind,Moonblast,Charm|Timid||M|||50|]Staraptor||Staraptite|Intimidate|Protect,CloseCombat,BraveBird,Roost|Jolly||F|||50|]Garchomp||LifeOrb|RoughSkin|Protect,RockSlide,Earthquake,DragonClaw|Jolly||F|||50|]Ceruledge||ColburBerry|FlashFire|Protect,BitterBlade,BulkUp,ShadowSneak|Adamant||M|||50|]Metagross||Metagrossite|ClearBody|Protect,StompingTantrum,IronHead,PsychicFangs|Adamant|||||50|]Farigiraf||SitrusBerry|ArmorTail|HelpingHand,TrickRoom,Psychic,Thunderbolt|Calm||M|||50|
|inactive|Battle timer is ON: inactive players will automatically lose when time's up. (requested by hieu213)
|inactive|hieu213 has 60 seconds left.
|
|t:|1785962824
|teamsize|p1|4
|teamsize|p2|4
|start
|switch|p1a: Lopunny|Lopunny, L50, F|100/100
|switch|p1b: Pidgeot|Pidgeot, L50, F|100/100
|switch|p2a: Farigiraf|Farigiraf, L50, M|100/100
|switch|p2b: Staraptor|Staraptor, L50, F|100/100
|-ability|p2b: Staraptor|Intimidate|boost
|-unboost|p1a: Lopunny|atk|1
|-unboost|p1b: Pidgeot|atk|1
|turn|1
|
|t:|1785962845
|detailschange|p1b: Pidgeot|Pidgeot-Mega, L50, F
|-mega|p1b: Pidgeot|Pidgeot|Pidgeotite
|detailschange|p2b: Staraptor|Staraptor-Mega, L50, F
|-mega|p2b: Staraptor|Staraptor|Staraptite
|move|p1b: Pidgeot|Hurricane|p2b: Staraptor
|-supereffective|p2b: Staraptor|1
|-damage|p2b: Staraptor|0 fnt
|faint|p2b: Staraptor
|move|p1a: Lopunny|Close Combat|p2a: Farigiraf
|-damage|p2a: Farigiraf|77/100
|-unboost|p1a: Lopunny|def|1
|-unboost|p1a: Lopunny|spd|1
|move|p2a: Farigiraf|Thunderbolt|p1b: Pidgeot
|-supereffective|p1b: Pidgeot|1
|-crit|p1b: Pidgeot
|-damage|p1b: Pidgeot|5/100
|
|upkeep
|
|t:|1785962859
|switch|p2b: Ceruledge|Ceruledge, L50, M|100/100
|turn|2
|
|t:|1785962870
|move|p1b: Pidgeot|Hurricane|p2a: Farigiraf
|-damage|p2a: Farigiraf|35/100
|-enditem|p2a: Farigiraf|Sitrus Berry|[eat]
|-heal|p2a: Farigiraf|60/100|[from] item: Sitrus Berry
|move|p1a: Lopunny|Giga Impact|p2a: Farigiraf
|-damage|p2a: Farigiraf|24/100
|-mustrecharge|p1a: Lopunny
|move|p2b: Ceruledge|Bitter Blade|p1a: Lopunny
|-damage|p1a: Lopunny|0 fnt
|faint|p1a: Lopunny
|move|p2a: Farigiraf|Thunderbolt|p1b: Pidgeot
|-supereffective|p1b: Pidgeot|1
|-damage|p1b: Pidgeot|0 fnt
|faint|p1b: Pidgeot
|
|upkeep
|
|t:|1785962879
|switch|p1b: Farigiraf|Farigiraf, L50, M|100/100
|switch|p1a: Staraptor|Staraptor, L50, F|100/100
|turn|3
|
|t:|1785962901
|move|p1a: Staraptor|Brave Bird|p2a: Farigiraf
|-damage|p2a: Farigiraf|0 fnt
|faint|p2a: Farigiraf
|-damage|p1a: Staraptor|88/100|[from] Recoil
|move|p2b: Ceruledge|Bitter Blade|p1a: Staraptor
|-damage|p1a: Staraptor|16/100
|move|p1b: Farigiraf|Twin Beam|p2b: Ceruledge
|-damage|p2b: Ceruledge|85/100
|-crit|p2b: Ceruledge
|-damage|p2b: Ceruledge|61/100
|-hitcount|p2b: Ceruledge|2
|
|upkeep
|
|t:|1785962913
|switch|p2a: Garchomp|Garchomp, L50, F|100/100
|turn|4
|
|t:|1785962922
|move|p1b: Farigiraf|Helping Hand|p1a: Staraptor
|-singleturn|p1a: Staraptor|Helping Hand|[of] p1b: Farigiraf
|move|p1a: Staraptor|Brave Bird|p2a: Garchomp
|-damage|p2a: Garchomp|0 fnt
|-damage|p1a: Staraptor|4/100|[from] ability: Rough Skin|[of] p2a: Garchomp
|faint|p2a: Garchomp
|-damage|p1a: Staraptor|0 fnt|[from] Recoil
|faint|p1a: Staraptor
|move|p2b: Ceruledge|Bitter Blade|p1b: Farigiraf
|-damage|p1b: Farigiraf|58/100
|-heal|p2b: Ceruledge|90/100|[from] drain|[of] p1b: Farigiraf
|
|-heal|p1b: Farigiraf|64/100|[from] item: Leftovers
|upkeep
|turn|5
|
|t:|1785962937
|move|p2b: Ceruledge|Bitter Blade|p1b: Farigiraf
|-damage|p1b: Farigiraf|19/100
|-heal|p2b: Ceruledge|100/100|[from] drain|[of] p1b: Farigiraf
|move|p1b: Farigiraf|Twin Beam|p2b: Ceruledge
|-damage|p2b: Ceruledge|83/100
|-damage|p2b: Ceruledge|67/100
|-hitcount|p2b: Ceruledge|2
|
|-heal|p1b: Farigiraf|25/100|[from] item: Leftovers
|upkeep
|turn|6
|
|t:|1785962950
|move|p2b: Ceruledge|Bitter Blade|p1b: Farigiraf
|-damage|p1b: Farigiraf|0 fnt
|-heal|p2b: Ceruledge|85/100|[from] drain|[of] p1b: Farigiraf
|faint|p1b: Farigiraf
|
|win|PixelJaguar
|l|☆hieu213
|player|p1|
