|j|☆InkynVG
|j|☆bluntmaster9000
|html|InkynVGbluntmaster9000    
|uhtml|bestof|Game 2 of a best-of-3
|t:|1755472921
|gametype|doubles
|player|p1|InkynVG|shadowtriad|1181
|player|p2|bluntmaster9000|2|1240
|gen|9
|tier|[Gen 9] VGC 2025 Reg H (Bo3)
|rated|
|rule|Species Clause: Limit one of each Pokémon
|rule|Item Clause: Limit 1 of each item
|clearpoke
|poke|p1|Sneasler, L50, M|
|poke|p1|Indeedee, L50, M|
|poke|p1|Volcarona, L50, F|
|poke|p1|Ursaluna-Bloodmoon, L50, M|
|poke|p1|Annihilape, L50, F|
|poke|p1|Tyranitar, L50, M|
|poke|p2|Gholdengo, L50|
|poke|p2|Rillaboom, L50, M|
|poke|p2|Baxcalibur, L50, M|
|poke|p2|Ninetales-Alola, L50, F|
|poke|p2|Annihilape, L50, M|
|poke|p2|Incineroar, L50, M|
|teampreview|4
|showteam|p1|Sneasler||PsychicSeed|Unburden|CloseCombat,DireClaw,ThroatChop,Protect|||M|||50|,,,,,Dark]Indeedee||ChoiceScarf|PsychicSurge|ExpandingForce,TeraBlast,Trick,Protect|||M|||50|,,,,,Psychic]Volcarona||SitrusBerry|FlameBody|Overheat,StruggleBug,RagePowder,Tailwind|||F|||50|,,,,,Grass]Ursaluna-Bloodmoon||LifeOrb|MindsEye|BloodMoon,HyperVoice,EarthPower,Protect|||M|||50|,,,,,Normal]Annihilape||SafetyGoggles|Defiant|CloseCombat,RageFist,Taunt,FinalGambit|||F|||50|,,,,,Fairy]Tyranitar||AssaultVest|SandStream|RockSlide,KnockOff,TeraBlast,LowKick|||M|||50|,,,,,Flying
|showteam|p2|Gholdengo||ChoiceScarf|GoodasGold|MakeItRain,ShadowBall,PowerGem,Trick||||||50|,,,,,Steel]Rillaboom||AssaultVest|GrassySurge|GrassyGlide,WoodHammer,HighHorsepower,FakeOut|||M|||50|,,,,,Fire]Baxcalibur||LoadedDice|ThermalExchange|IcicleSpear,ScaleShot,HighHorsepower,Protect|||M|||50|,,,,,Ghost]Ninetales-Alola||CovertCloak|SnowWarning|IcyWind,FreezeDry,AuroraVeil,Encore|||F|||50|,,,,,Water]Annihilape||FocusSash|Defiant|CloseCombat,RageFist,Coaching,Protect|||M|||50|,,,,,Grass]Incineroar||SafetyGoggles|Intimidate|FlareBlitz,KnockOff,PartingShot,FakeOut|||M|||50|,,,,,Bug
|inactive|Battle timer is ON: inactive players will automatically lose when time's up. (requested by bluntmaster9000)
|
|t:|1755472950
|teamsize|p1|4
|teamsize|p2|4
|start
|switch|p1a: Indeedee|Indeedee, L50, M|100/100
|switch|p1b: Annihilape|Annihilape, L50, F|100/100
|switch|p2a: Gholdengo|Gholdengo, L50, shiny|100/100
|switch|p2b: Annihilape|Annihilape, L50, M, shiny|100/100
|-fieldstart|move: Psychic Terrain|[from] ability: Psychic Surge|[of] p1a: Indeedee
|turn|1
|inactive|InkynVG has 30 seconds left.
|inactive|InkynVG has 20 seconds left.
|inactive|InkynVG has 15 seconds left.
|inactive|InkynVG has 10 seconds left.
|inactive|InkynVG has 5 seconds left.
|
|t:|1755473005
|move|p1a: Indeedee|Expanding Force|p2a: Gholdengo|[spread] p2a,p2b
|-resisted|p2a: Gholdengo
|-supereffective|p2b: Annihilape
|-damage|p2a: Gholdengo|70/100
|-enditem|p2b: Annihilape|Focus Sash
|-damage|p2b: Annihilape|1/100
|move|p2a: Gholdengo|Make It Rain|p1b: Annihilape|[spread] p1a,p1b
|-damage|p1a: Indeedee|34/100
|-damage|p1b: Annihilape|60/100
|-unboost|p2a: Gholdengo|spa|1
|move|p2b: Annihilape|Close Combat|p1a: Indeedee
|-damage|p1a: Indeedee|0 fnt
|-unboost|p2b: Annihilape|def|1
|-unboost|p2b: Annihilape|spd|1
|faint|p1a: Indeedee
|move|p1b: Annihilape|Close Combat|p2b: Annihilape
|-immune|p2b: Annihilape
|
|upkeep
|
|t:|1755473022
|switch|p1a: Sneasler|Sneasler, L50, M|100/100
|-enditem|p1a: Sneasler|Psychic Seed
|-boost|p1a: Sneasler|spd|1|[from] item: Psychic Seed
|turn|2
|
|t:|1755473041
|-terastallize|p1a: Sneasler|Dark
|-terastallize|p2a: Gholdengo|Steel
|move|p2b: Annihilape|Protect|p2b: Annihilape
|-singleturn|p2b: Annihilape|Protect
|move|p1a: Sneasler|Throat Chop|p2a: Gholdengo
|-damage|p2a: Gholdengo|18/100
|-start|p2a: Gholdengo|Throat Chop|[silent]
|move|p2a: Gholdengo|Make It Rain|p1b: Annihilape|[spread] p1a,p1b
|-damage|p1a: Sneasler|63/100
|-damage|p1b: Annihilape|20/100
|-unboost|p2a: Gholdengo|spa|1
|move|p1b: Annihilape|Rage Fist|p2b: Annihilape
|-activate|p2b: Annihilape|move: Protect
|
|upkeep
|turn|3
|inactive|bluntmaster9000 has 30 seconds left.
|
|t:|1755473067
|move|p1a: Sneasler|Throat Chop|p2a: Gholdengo
|-damage|p2a: Gholdengo|0 fnt
|faint|p2a: Gholdengo
|move|p1b: Annihilape|Rage Fist|p2b: Annihilape
|-supereffective|p2b: Annihilape
|-damage|p2b: Annihilape|0 fnt
|faint|p2b: Annihilape
|
|upkeep
|
|t:|1755473072
|switch|p2b: Rillaboom|Rillaboom, L50, M, shiny|100/100
|switch|p2a: Baxcalibur|Baxcalibur, L50, M, shiny|100/100
|-fieldstart|move: Grassy Terrain|[from] ability: Grassy Surge|[of] p2b: Rillaboom
|turn|4
|inactive|InkynVG has 30 seconds left.
|inactive|InkynVG has 20 seconds left.
|
|t:|1755473111
|move|p2b: Rillaboom|Grassy Glide|p1b: Annihilape
|-damage|p1b: Annihilape|0 fnt
|faint|p1b: Annihilape
|move|p1a: Sneasler|Dire Claw|p2b: Rillaboom
|-supereffective|p2b: Rillaboom
|-damage|p2b: Rillaboom|7/100
|-status|p2b: Rillaboom|psn
|move|p2a: Baxcalibur|Scale Shot|p1a: Sneasler|[miss]
|-miss|p2a: Baxcalibur|p1a: Sneasler
|
|-heal|p1a: Sneasler|69/100|[from] Grassy Terrain
|-heal|p2b: Rillaboom|13/100 psn|[from] Grassy Terrain
|-damage|p2b: Rillaboom|0 fnt|[from] psn
|faint|p2b: Rillaboom
|upkeep
|
|t:|1755473115
|switch|p1b: Tyranitar|Tyranitar, L50, M|100/100
|-weather|Sandstorm|[from] ability: Sand Stream|[of] p1b: Tyranitar
|turn|5
|
|t:|1755473127
|move|p1a: Sneasler|Close Combat|p2a: Baxcalibur
|-supereffective|p2a: Baxcalibur
|-damage|p2a: Baxcalibur|0 fnt
|-unboost|p1a: Sneasler|def|1
|-unboost|p1a: Sneasler|spd|1
|faint|p2a: Baxcalibur
|
|win|InkynVG
|raw|InkynVG's rating: 1181 → 1210(+29 for winning)
|raw|bluntmaster9000's rating: 1240 → 1211(-29 for losing)
|l|☆InkynVG
|player|p1|
