|j|☆spellbreakvgc
|j|☆sbhaga34
|html|spellbreakvgcsbhaga34    
|uhtml|bestof|Game 2 of a best-of-3
|t:|1756909085
|gametype|doubles
|player|p1|spellbreakvgc|lance|1145
|player|p2|sbhaga34|hugh|1219
|gen|9
|tier|[Gen 9] VGC 2025 Reg H (Bo3)
|rated|
|rule|Species Clause: Limit one of each Pokémon
|rule|Item Clause: Limit 1 of each item
|clearpoke
|poke|p1|Archaludon, L50, M|
|poke|p1|Pelipper, L50, M|
|poke|p1|Basculegion, L50, M|
|poke|p1|Sinistcha, L50|
|poke|p1|Electrode-Hisui, L50|
|poke|p1|Spiritomb, L50, F|
|poke|p2|Indeedee-F, L50, F|
|poke|p2|Hydreigon, L50, M|
|poke|p2|Tyranitar, L50, M|
|poke|p2|Excadrill, L50, F|
|poke|p2|Gardevoir, L50, M|
|poke|p2|Ursaluna-Bloodmoon, L50, M|
|teampreview|4
|showteam|p1|Archaludon||AssaultVest|Stamina|DragonPulse,Snarl,ElectroShot,BodyPress|||M|||50|,,,,,Bug]Pelipper||FocusSash|Drizzle|WeatherBall,Hurricane,Tailwind,Protect|||M|||50|,,,,,Stellar]Basculegion||LifeOrb|SwiftSwim|WaveCrash,LastRespects,AquaJet,Protect|||M|||50|,,,,,Grass]Sinistcha||SitrusBerry|Hospitality|MatchaGotcha,StrengthSap,RagePowder,TrickRoom||||||50|,,,,,Fire]Electrode-Hisui||LoadedDice|Soundproof|BulletSeed,Electroweb,Taunt,ThunderWave||||||50|,,,,,Ghost]Spiritomb||BlackGlasses|Pressure|DarkPulse,Snarl,TrickRoom,Imprison|||F|||50|,,,,,Water
|showteam|p2|Indeedee-F||SafetyGoggles|PsychicSurge|FollowMe,TrickRoom,HelpingHand,Psychic|||F|||50|,,,,,Fairy]Hydreigon||CovertCloak|Levitate|DracoMeteor,Flamethrower,Tailwind,Taunt|||M|||50|,,,,,Fire]Tyranitar||WeaknessPolicy|SandStream|RockSlide,KnockOff,LowKick,Protect|||M|||50|,,,,,Flying]Excadrill||FocusSash|SandRush|Earthquake,IronHead,SwordsDance,Protect|||F|||50|,,,,,Ground]Gardevoir||ChoiceScarf|Telepathy|ExpandingForce,DazzlingGleam,Moonblast,IcyWind|||M|||50|,,,,,Psychic]Ursaluna-Bloodmoon||AssaultVest|MindsEye|BloodMoon,HyperVoice,EarthPower,VacuumWave|||M|||50|,,,,,Water
|inactive|Battle timer is ON: inactive players will automatically lose when time's up. (requested by spellbreakvgc)
|inactive|spellbreakvgc has 60 seconds left.
|
|t:|1756909123
|teamsize|p1|4
|teamsize|p2|4
|start
|switch|p1a: Basculegion|Basculegion, L50, M|100/100
|switch|p1b: Electrode|Electrode-Hisui, L50|100/100
|switch|p2a: Indeedee|Indeedee-F, L50, F|100/100
|switch|p2b: Excadrill|Excadrill, L50, F, shiny|100/100
|-fieldstart|move: Psychic Terrain|[from] ability: Psychic Surge|[of] p2a: Indeedee
|turn|1
|inactive|spellbreakvgc has 30 seconds left.
|inactive|spellbreakvgc has 20 seconds left.
|
|t:|1756909161
|switch|p1b: Pelipper|Pelipper, L50, M|100/100
|-weather|RainDance|[from] ability: Drizzle|[of] p1b: Pelipper
|move|p2a: Indeedee|Follow Me|p2a: Indeedee
|-singleturn|p2a: Indeedee|move: Follow Me
|move|p1a: Basculegion|Wave Crash|p2a: Indeedee
|-damage|p2a: Indeedee|0 fnt
|faint|p2a: Indeedee
|-damage|p1a: Basculegion|71/100|[from] Recoil
|-damage|p1a: Basculegion|62/100|[from] item: Life Orb
|move|p2b: Excadrill|Swords Dance|p2b: Excadrill
|-boost|p2b: Excadrill|atk|2
|
|-weather|RainDance|[upkeep]
|upkeep
|
|t:|1756909174
|switch|p2a: Tyranitar|Tyranitar, L50, M|100/100
|-weather|Sandstorm|[from] ability: Sand Stream|[of] p2a: Tyranitar
|turn|2
|
|t:|1756909199
|switch|p1b: Electrode|Electrode-Hisui, L50|100/100
|-terastallize|p2a: Tyranitar|Flying
|move|p1a: Basculegion|Protect|p1a: Basculegion
|-singleturn|p1a: Basculegion|Protect
|move|p2b: Excadrill|Earthquake|p1b: Electrode|[spread] p1b
|-activate|p1a: Basculegion|move: Protect
|-immune|p2a: Tyranitar
|-damage|p1b: Electrode|0 fnt
|faint|p1b: Electrode
|move|p2a: Tyranitar|Rock Slide|p1a: Basculegion
|-activate|p1a: Basculegion|move: Protect
|
|-weather|Sandstorm|[upkeep]
|-damage|p1a: Basculegion|55/100|[from] Sandstorm
|-damage|p2a: Tyranitar|95/100|[from] Sandstorm
|upkeep
|
|t:|1756909217
|switch|p1b: Pelipper|Pelipper, L50, M|100/100
|-weather|RainDance|[from] ability: Drizzle|[of] p1b: Pelipper
|turn|3
|inactive|spellbreakvgc has 30 seconds left.
|inactive|spellbreakvgc has 20 seconds left.
|inactive|spellbreakvgc has 15 seconds left.
|inactive|spellbreakvgc has 10 seconds left.
|
|t:|1756909267
|move|p2a: Tyranitar|Protect|p2a: Tyranitar
|-singleturn|p2a: Tyranitar|Protect
|move|p1a: Basculegion|Wave Crash|p2a: Tyranitar
|-activate|p2a: Tyranitar|move: Protect
|move|p2b: Excadrill|Earthquake|p1a: Basculegion|[spread] p1a
|-activate|p2a: Tyranitar|move: Protect
|-immune|p1b: Pelipper
|-damage|p1a: Basculegion|0 fnt
|faint|p1a: Basculegion
|move|p1b: Pelipper|Weather Ball|p2b: Excadrill
|-supereffective|p2b: Excadrill
|-enditem|p2b: Excadrill|Focus Sash
|-damage|p2b: Excadrill|1/100
|
|-weather|RainDance|[upkeep]
|upkeep
|
|t:|1756909282
|switch|p1a: Archaludon|Archaludon, L50, M|100/100
|turn|4
|inactive|spellbreakvgc has 30 seconds left.
|
|t:|1756909312
|switch|p2a: Ursaluna|Ursaluna-Bloodmoon, L50, M|100/100
|-terastallize|p1a: Archaludon|Bug
|move|p2b: Excadrill|Protect|p2b: Excadrill
|-singleturn|p2b: Excadrill|Protect
|move|p1b: Pelipper|Tailwind|p1b: Pelipper
|-sidestart|p1: spellbreakvgc|move: Tailwind
|move|p1a: Archaludon|Electro Shot||[still]
|-prepare|p1a: Archaludon|Electro Shot
|-boost|p1a: Archaludon|spa|1
|-anim|p1a: Archaludon|Electro Shot|p2a: Ursaluna
|-immune|p2a: Ursaluna
|
|-weather|RainDance|[upkeep]
|upkeep
|turn|5
|inactive|spellbreakvgc has 30 seconds left.
|inactive|sbhaga34 has 30 seconds left.
|inactive|spellbreakvgc has 20 seconds left.
|inactive|spellbreakvgc has 15 seconds left.
|
|t:|1756909353
|switch|p2a: Tyranitar|Tyranitar, L50, M, tera:Flying|95/100
|-weather|Sandstorm|[from] ability: Sand Stream|[of] p2a: Tyranitar
|move|p2b: Excadrill|Iron Head|p1a: Archaludon
|-damage|p1a: Archaludon|36/100
|-ability|p1a: Archaludon|Stamina|boost
|-boost|p1a: Archaludon|def|1
|move|p1b: Pelipper|Weather Ball|p2a: Tyranitar
|-supereffective|p2a: Tyranitar
|-damage|p2a: Tyranitar|31/100
|-enditem|p2a: Tyranitar|Weakness Policy
|-boost|p2a: Tyranitar|atk|2|[from] item: Weakness Policy
|-boost|p2a: Tyranitar|spa|2|[from] item: Weakness Policy
|move|p1a: Archaludon|Body Press|p2b: Excadrill
|-supereffective|p2b: Excadrill
|-damage|p2b: Excadrill|0 fnt
|faint|p2b: Excadrill
|
|-weather|Sandstorm|[upkeep]
|-damage|p1b: Pelipper|95/100|[from] Sandstorm
|-damage|p1a: Archaludon|30/100|[from] Sandstorm
|-damage|p2a: Tyranitar|25/100|[from] Sandstorm
|-fieldend|move: Psychic Terrain
|upkeep
|
|t:|1756909371
|switch|p2b: Ursaluna|Ursaluna-Bloodmoon, L50, M|100/100
|turn|6
|
|t:|1756909390
|move|p1b: Pelipper|Weather Ball|p2a: Tyranitar
|-supereffective|p2a: Tyranitar
|-damage|p2a: Tyranitar|0 fnt
|faint|p2a: Tyranitar
|move|p1a: Archaludon|Snarl|p2b: Ursaluna
|-damage|p2b: Ursaluna|78/100
|-unboost|p2b: Ursaluna|spa|1
|move|p2b: Ursaluna|Hyper Voice|p1a: Archaludon|[spread] p1a,p1b
|-damage|p1a: Archaludon|14/100
|-damage|p1b: Pelipper|53/100
|-ability|p1a: Archaludon|Stamina|boost
|-boost|p1a: Archaludon|def|1
|
|-weather|Sandstorm|[upkeep]
|-damage|p1b: Pelipper|47/100|[from] Sandstorm
|-damage|p1a: Archaludon|8/100|[from] Sandstorm
|upkeep
|turn|7
|inactive|spellbreakvgc has 30 seconds left.
|
|t:|1756909421
|move|p2b: Ursaluna|Vacuum Wave|p1a: Archaludon
|-resisted|p1a: Archaludon
|-crit|p1a: Archaludon
|-damage|p1a: Archaludon|0 fnt
|faint|p1a: Archaludon
|move|p1b: Pelipper|Hurricane|p2b: Ursaluna
|-damage|p2b: Ursaluna|35/100
|
|-weather|Sandstorm|[upkeep]
|-damage|p1b: Pelipper|41/100|[from] Sandstorm
|-sideend|p1: spellbreakvgc|move: Tailwind
|upkeep
|turn|8
|
|t:|1756909431
|move|p1b: Pelipper|Hurricane|p2b: Ursaluna
|-damage|p2b: Ursaluna|0 fnt
|faint|p2b: Ursaluna
|
|win|spellbreakvgc
||sbhaga34 is ready for game 3.
||spellbreakvgc is ready for game 3.
|uhtml|next|Next: Game 3 of 3
