|j|☆tomnumbers
|j|☆namboyVGC
|html|tomnumbersnamboyVGC    
|uhtml|bestof|Game 2 of a best-of-3
|t:|1755954420
|gametype|doubles
|player|p1|tomnumbers|gambler|1318
|player|p2|namboyVGC|ethan|1378
|gen|9
|tier|[Gen 9] VGC 2025 Reg H (Bo3)
|rated|
|rule|Species Clause: Limit one of each Pokémon
|rule|Item Clause: Limit 1 of each item
|clearpoke
|poke|p1|Sneasler, L50, F|
|poke|p1|Gholdengo, L50|
|poke|p1|Rillaboom, L50, M|
|poke|p1|Volcarona, L50, F|
|poke|p1|Dragonite, L50, F|
|poke|p1|Maushold, L50|
|poke|p2|Sneasler, L50, M|
|poke|p2|Indeedee, L50, M|
|poke|p2|Tyranitar, L50, M|
|poke|p2|Excadrill, L50, F|
|poke|p2|Annihilape, L50, F|
|poke|p2|Hydreigon, L50, M|
|teampreview|4
|showteam|p1|Sneasler||GrassySeed|Unburden|CloseCombat,DireClaw,ThroatChop,Protect|||F|||50|,,,,,Dark]Gholdengo||SitrusBerry|GoodasGold|ShadowBall,MakeItRain,NastyPlot,Protect||||||50|,,,,,Water]Rillaboom||AssaultVest|GrassySurge|WoodHammer,GrassyGlide,FakeOut,HighHorsepower|||M|||50|,,,,,Fire]Volcarona||Leftovers|FlameBody|HeatWave,TeraBlast,QuiverDance,Protect|||F|||50|,,,,,Fairy]Dragonite||LoadedDice|Multiscale|ScaleShot,ExtremeSpeed,Haze,Protect|||F|||50|,,,,,Steel]Maushold||SafetyGoggles|FriendGuard|SuperFang,FollowMe,Taunt,Protect||||||50|,,,,,Ghost
|showteam|p2|Sneasler||PsychicSeed|Unburden|CloseCombat,DireClaw,ThroatChop,Protect|||M|||50|,,,,,Dark]Indeedee||ChoiceScarf|PsychicSurge|ExpandingForce,TeraBlast,Trick,DazzlingGleam|||M|||50|,,,,,Fire]Tyranitar||AssaultVest|SandStream|RockSlide,KnockOff,TeraBlast,LowKick|||M|||50|,,,,,Flying]Excadrill||FocusSash|SandRush|HighHorsepower,Earthquake,IronHead,Protect|||F|||50|,,,,,Ground]Annihilape||SafetyGoggles|Defiant|CloseCombat,RageFist,Taunt,FinalGambit|||F|||50|,,,,,Psychic]Hydreigon||CovertCloak|Levitate|Snarl,Tailwind,DracoMeteor,Roar|||M|||50|,,,,,Poison
|inactive|Battle timer is ON: inactive players will automatically lose when time's up. (requested by namboyVGC)
|inactive|tomnumbers also wants the timer to be on.
|inactive|tomnumbers has 60 seconds left.
|
|t:|1755954472
|teamsize|p1|4
|teamsize|p2|4
|start
|switch|p1a: Sneasler|Sneasler, L50, F|100/100
|switch|p1b: Dragonite|Dragonite, L50, F|100/100
|switch|p2a: Tyranitar|Tyranitar, L50, M|100/100
|switch|p2b: Excadrill|Excadrill, L50, F|100/100
|-weather|Sandstorm|[from] ability: Sand Stream|[of] p2a: Tyranitar
|turn|1
|
|t:|1755954486
|switch|p1a: Rillaboom|Rillaboom, L50, M|100/100
|-fieldstart|move: Grassy Terrain|[from] ability: Grassy Surge|[of] p1a: Rillaboom
|move|p2b: Excadrill|High Horsepower|p1a: Rillaboom
|-resisted|p1a: Rillaboom
|-damage|p1a: Rillaboom|75/100
|move|p1b: Dragonite|Scale Shot|p2a: Tyranitar
|-damage|p2a: Tyranitar|86/100
|-damage|p2a: Tyranitar|71/100
|-damage|p2a: Tyranitar|58/100
|-damage|p2a: Tyranitar|45/100
|-damage|p2a: Tyranitar|30/100
|-hitcount|p2a: Tyranitar|5
|-unboost|p1b: Dragonite|def|1
|-boost|p1b: Dragonite|spe|1
|move|p2a: Tyranitar|Rock Slide|p1b: Dragonite|[spread] p1a,p1b
|-supereffective|p1b: Dragonite
|-damage|p1a: Rillaboom|42/100
|-damage|p1b: Dragonite|44/100
|
|-weather|Sandstorm|[upkeep]
|-damage|p1b: Dragonite|38/100|[from] Sandstorm
|-damage|p1a: Rillaboom|36/100|[from] Sandstorm
|-heal|p1a: Rillaboom|42/100|[from] Grassy Terrain
|-heal|p2a: Tyranitar|36/100|[from] Grassy Terrain
|upkeep
|turn|2
|
|t:|1755954498
|switch|p2a: Sneasler|Sneasler, L50, M|100/100
|move|p1a: Rillaboom|Fake Out|p2b: Excadrill
|-resisted|p2b: Excadrill
|-damage|p2b: Excadrill|91/100
|cant|p2b: Excadrill|flinch
|move|p1b: Dragonite|Scale Shot|p2a: Sneasler
|-damage|p2a: Sneasler|73/100
|-damage|p2a: Sneasler|50/100
|-damage|p2a: Sneasler|24/100
|-damage|p2a: Sneasler|0 fnt
|faint|p2a: Sneasler
|-hitcount|p2: Sneasler|4
|-unboost|p1b: Dragonite|def|1
|-boost|p1b: Dragonite|spe|1
|
|-weather|Sandstorm|[upkeep]
|-damage|p1b: Dragonite|32/100|[from] Sandstorm
|-damage|p1a: Rillaboom|36/100|[from] Sandstorm
|-heal|p2b: Excadrill|97/100|[from] Grassy Terrain
|-heal|p1a: Rillaboom|42/100|[from] Grassy Terrain
|upkeep
|
|t:|1755954505
|switch|p2a: Indeedee|Indeedee, L50, M|100/100
|-fieldstart|move: Psychic Terrain|[from] ability: Psychic Surge|[of] p2a: Indeedee
|turn|3
|
|t:|1755954529
|switch|p1a: Gholdengo|Gholdengo, L50|100/100
|move|p2b: Excadrill|Iron Head|p1b: Dragonite
|-damage|p1b: Dragonite|0 fnt
|faint|p1b: Dragonite
|move|p2a: Indeedee|Expanding Force|p1a: Gholdengo
|-resisted|p1a: Gholdengo
|-damage|p1a: Gholdengo|61/100
|
|-weather|Sandstorm|[upkeep]
|-damage|p2a: Indeedee|95/100|[from] Sandstorm
|upkeep
|
|t:|1755954544
|switch|p1b: Sneasler|Sneasler, L50, F|100/100
|turn|4
|
|t:|1755954567
|-terastallize|p2b: Excadrill|Ground
|-terastallize|p1b: Sneasler|Dark
|move|p1a: Gholdengo|Protect|p1a: Gholdengo
|-singleturn|p1a: Gholdengo|Protect
|move|p2b: Excadrill|High Horsepower|p1a: Gholdengo
|-activate|p1a: Gholdengo|move: Protect
|move|p2a: Indeedee|Expanding Force|p1b: Sneasler|[spread] 
|-activate|p1a: Gholdengo|move: Protect
|-immune|p1b: Sneasler
|move|p1b: Sneasler|Close Combat|p2b: Excadrill
|-damage|p2b: Excadrill|0 fnt
|-unboost|p1b: Sneasler|def|1
|-unboost|p1b: Sneasler|spd|1
|faint|p2b: Excadrill
|
|-weather|Sandstorm|[upkeep]
|-damage|p2a: Indeedee|89/100|[from] Sandstorm
|-damage|p1b: Sneasler|95/100|[from] Sandstorm
|upkeep
|
|t:|1755954571
|switch|p2b: Tyranitar|Tyranitar, L50, M|36/100
|turn|5
|-message|namboyVGC forfeited.
|
|win|tomnumbers
|raw|tomnumbers's rating: 1318 → 1341(+23 for winning)
|raw|namboyVGC's rating: 1378 → 1355(-23 for losing)
|l|☆namboyVGC
|player|p2|
