|j|☆dogggybears
|j|☆Flatbread42
|html|dogggybearsFlatbread42    
|uhtml|bestof|Game 1 of a best-of-3
|t:|1757206761
|gametype|doubles
|player|p1|dogggybears|roxie|1240
|player|p2|Flatbread42|169|1145
|gen|9
|tier|[Gen 9] VGC 2025 Reg H (Bo3)
|rated|
|rule|Species Clause: Limit one of each Pokémon
|rule|Item Clause: Limit 1 of each item
|clearpoke
|poke|p1|Sneasler, L50, M|
|poke|p1|Indeedee, L50, M|
|poke|p1|Volcarona, L50, F|
|poke|p1|Ursaluna-Bloodmoon, L50, M|
|poke|p1|Annihilape, L50, M|
|poke|p1|Tyranitar, L50, M|
|poke|p2|Rillaboom, L50, F|
|poke|p2|Gyarados, L50, F|
|poke|p2|Incineroar, L50, F|
|poke|p2|Gholdengo, L50|
|poke|p2|Farigiraf, L50, M|
|poke|p2|Kingambit, L50, F|
|teampreview|4
|showteam|p1|Sneasler||PsychicSeed|Unburden|CloseCombat,DireClaw,ThroatChop,Protect|||M|||50|,,,,,Dark]Indeedee||ChoiceScarf|PsychicSurge|ExpandingForce,TeraBlast,Trick,Protect|||M|||50|,,,,,Psychic]Volcarona||SitrusBerry|FlameBody|Overheat,StruggleBug,RagePowder,Tailwind|||F|||50|,,,,,Grass]Ursaluna-Bloodmoon||LifeOrb|MindsEye|BloodMoon,HyperVoice,EarthPower,Protect|||M|||50|,,,,,Normal]Annihilape||SafetyGoggles|Defiant|CloseCombat,RageFist,Taunt,FinalGambit|||M|||50|,,,,,Fairy]Tyranitar||AssaultVest|SandStream|RockSlide,KnockOff,TeraBlast,LowKick|||M|||50|,,,,,Flying
|showteam|p2|Rillaboom||AssaultVest|GrassySurge|WoodHammer,FakeOut,GrassyGlide,Uturn|||F|||50|,,,,,Poison]Gyarados||MirrorHerb|Intimidate|Protect,DragonDance,TeraBlast,Waterfall|||F|||50|,,,,,Flying]Incineroar||SafetyGoggles|Intimidate|FlareBlitz,FakeOut,KnockOff,PartingShot|||F|||50|,,,,,Ghost]Gholdengo||Leftovers|GoodasGold|Protect,NastyPlot,ShadowBall,MakeItRain||||||50|,,,,,Water]Farigiraf||ThroatSpray|ArmorTail|Protect,TrickRoom,Psychic,HyperVoice|||M|||50|,,,,,Fairy]Kingambit||BlackGlasses|Defiant|Protect,SwordsDance,SuckerPunch,KowtowCleave|||F|||50|,,,,,Dark
|inactive|Battle timer is ON: inactive players will automatically lose when time's up. (requested by Flatbread42)
|
|t:|1757206798
|teamsize|p1|4
|teamsize|p2|4
|start
|switch|p1a: Annihilape|Annihilape, L50, M|100/100
|switch|p1b: Tyranitar|Tyranitar, L50, M|100/100
|switch|p2a: Gyarados|Gyarados, L50, F|100/100
|switch|p2b: Rillaboom|Rillaboom, L50, F|100/100
|-ability|p2a: Gyarados|Intimidate|boost
|-unboost|p1a: Annihilape|atk|1
|-ability|p1a: Annihilape|Defiant|boost
|-boost|p1a: Annihilape|atk|2
|-unboost|p1b: Tyranitar|atk|1
|-fieldstart|move: Grassy Terrain|[from] ability: Grassy Surge|[of] p2b: Rillaboom
|-weather|Sandstorm|[from] ability: Sand Stream|[of] p1b: Tyranitar
|-enditem|p2a: Gyarados|Mirror Herb
|-boost|p2a: Gyarados|atk|2|[from] item: Mirror Herb
|turn|1
|inactive|dogggybears has 30 seconds left.
|inactive|dogggybears has 20 seconds left.
|
|t:|1757206835
|-terastallize|p1b: Tyranitar|Flying
|move|p2a: Gyarados|Protect|p2a: Gyarados
|-singleturn|p2a: Gyarados|Protect
|move|p1a: Annihilape|Final Gambit|p2a: Gyarados
|-activate|p2a: Gyarados|move: Protect
|move|p2b: Rillaboom|Wood Hammer|p1a: Annihilape
|-damage|p1a: Annihilape|20/100
|-damage|p2b: Rillaboom|73/100|[from] Recoil
|move|p1b: Tyranitar|Tera Blast|p2b: Rillaboom|[anim] Tera Blast Flying
|-supereffective|p2b: Rillaboom
|-damage|p2b: Rillaboom|20/100
|
|-weather|Sandstorm|[upkeep]
|-damage|p2a: Gyarados|95/100|[from] Sandstorm
|-damage|p2b: Rillaboom|14/100|[from] Sandstorm
|-damage|p1b: Tyranitar|95/100|[from] Sandstorm
|-heal|p1a: Annihilape|26/100|[from] Grassy Terrain
|-heal|p2b: Rillaboom|20/100|[from] Grassy Terrain
|upkeep
|turn|2
|
|t:|1757206857
|move|p1a: Annihilape|Rage Fist|p2a: Gyarados
|-damage|p2a: Gyarados|12/100
|move|p2a: Gyarados|Waterfall|p1a: Annihilape
|-damage|p1a: Annihilape|0 fnt
|faint|p1a: Annihilape
|move|p2b: Rillaboom|U-turn|p1b: Tyranitar
|-resisted|p1b: Tyranitar
|-damage|p1b: Tyranitar|85/100
|
|t:|1757206865
|switch|p2b: Incineroar|Incineroar, L50, F|100/100|[from] U-turn
|-ability|p2b: Incineroar|Intimidate|boost
|-unboost|p1b: Tyranitar|atk|1
|move|p1b: Tyranitar|Rock Slide|p2b: Incineroar|[spread] 
|-miss|p1b: Tyranitar|p2a: Gyarados
|-miss|p1b: Tyranitar|p2b: Incineroar
|
|-weather|Sandstorm|[upkeep]
|-damage|p2a: Gyarados|6/100|[from] Sandstorm
|-damage|p1b: Tyranitar|79/100|[from] Sandstorm
|upkeep
|
|t:|1757206878
|switch|p1a: Ursaluna|Ursaluna-Bloodmoon, L50, M|100/100
|turn|3
|inactive|Flatbread42 has 30 seconds left.
|
|t:|1757206903
|switch|p1b: Volcarona|Volcarona, L50, F|100/100
|move|p1a: Ursaluna|Protect|p1a: Ursaluna
|-singleturn|p1a: Ursaluna|Protect
|move|p2b: Incineroar|Fake Out|p1a: Ursaluna
|-activate|p1a: Ursaluna|move: Protect
|move|p2a: Gyarados|Waterfall|p1b: Volcarona
|-supereffective|p1b: Volcarona
|-damage|p1b: Volcarona|0 fnt
|-status|p2a: Gyarados|brn|[from] ability: Flame Body|[of] p1b: Volcarona
|faint|p1b: Volcarona
|
|-weather|Sandstorm|[upkeep]
|-damage|p2a: Gyarados|0 fnt|[from] Sandstorm
|faint|p2a: Gyarados
|upkeep
|
|t:|1757206918
|switch|p1b: Tyranitar|Tyranitar, L50, M, tera:Flying|79/100
|switch|p2a: Gholdengo|Gholdengo, L50|100/100
|turn|4
|inactive|dogggybears has 30 seconds left.
|
|t:|1757206945
|switch|p2b: Rillaboom|Rillaboom, L50, F|20/100
|move|p2a: Gholdengo|Protect|p2a: Gholdengo
|-singleturn|p2a: Gholdengo|Protect
|move|p1b: Tyranitar|Knock Off|p2a: Gholdengo
|-activate|p2a: Gholdengo|move: Protect
|move|p1a: Ursaluna|Earth Power|p2a: Gholdengo
|-activate|p2a: Gholdengo|move: Protect
|
|-weather|Sandstorm|[upkeep]
|-damage|p2b: Rillaboom|14/100|[from] Sandstorm
|-damage|p1b: Tyranitar|73/100|[from] Sandstorm
|-heal|p2b: Rillaboom|20/100|[from] Grassy Terrain
|upkeep
|turn|5
|
|t:|1757206962
|-terastallize|p2a: Gholdengo|Water
|move|p2b: Rillaboom|Fake Out|p1a: Ursaluna
|-damage|p1a: Ursaluna|89/100
|move|p2a: Gholdengo|Nasty Plot|p2a: Gholdengo
|-boost|p2a: Gholdengo|spa|2
|move|p1b: Tyranitar|Knock Off|p2a: Gholdengo
|-damage|p2a: Gholdengo|49/100
|-enditem|p2a: Gholdengo|Leftovers|[from] move: Knock Off|[of] p1b: Tyranitar
|cant|p1a: Ursaluna|flinch
|
|-weather|none
|-heal|p2a: Gholdengo|55/100|[from] Grassy Terrain
|-heal|p2b: Rillaboom|26/100|[from] Grassy Terrain
|-heal|p1a: Ursaluna|95/100|[from] Grassy Terrain
|-fieldend|move: Grassy Terrain
|upkeep
|turn|6
|
|t:|1757206980
|switch|p2b: Incineroar|Incineroar, L50, F|100/100
|-ability|p2b: Incineroar|Intimidate|boost
|-unboost|p1a: Ursaluna|atk|1
|-unboost|p1b: Tyranitar|atk|1
|move|p2a: Gholdengo|Protect|p2a: Gholdengo
|-singleturn|p2a: Gholdengo|Protect
|move|p1b: Tyranitar|Rock Slide|p2b: Incineroar|[spread] p2b
|-activate|p2a: Gholdengo|move: Protect
|-supereffective|p2b: Incineroar
|-damage|p2b: Incineroar|70/100
|move|p1a: Ursaluna|Hyper Voice|p2a: Gholdengo|[spread] p2b
|-activate|p2a: Gholdengo|move: Protect
|-damage|p2b: Incineroar|27/100
|-damage|p1a: Ursaluna|86/100|[from] item: Life Orb
|
|upkeep
|turn|7
|
|t:|1757207004
|move|p2b: Incineroar|Fake Out|p1a: Ursaluna
|-damage|p1a: Ursaluna|77/100
|move|p2a: Gholdengo|Make It Rain|p1a: Ursaluna|[spread] p1a,p1b
|-damage|p1a: Ursaluna|0 fnt
|-damage|p1b: Tyranitar|11/100
|-unboost|p2a: Gholdengo|spa|1
|faint|p1a: Ursaluna
|move|p1b: Tyranitar|Rock Slide|p2b: Incineroar|[spread] p2b
|-miss|p1b: Tyranitar|p2a: Gholdengo
|-supereffective|p2b: Incineroar
|-damage|p2b: Incineroar|0 fnt
|faint|p2b: Incineroar
|
|upkeep
|
|t:|1757207010
|switch|p2b: Rillaboom|Rillaboom, L50, F|26/100
|-fieldstart|move: Grassy Terrain|[from] ability: Grassy Surge|[of] p2b: Rillaboom
|turn|8
|
|t:|1757207015
|move|p2b: Rillaboom|Grassy Glide|p1b: Tyranitar
|-resisted|p1b: Tyranitar
|-damage|p1b: Tyranitar|0 fnt
|faint|p1b: Tyranitar
|
|win|Flatbread42
||dogggybears is ready for game 2.
||Flatbread42 is ready for game 2.
|uhtml|next|Next: Game 2 of 3
