|j|☆Samlovescola
|j|☆testdigi
|html|Samlovescolatestdigi    
|uhtml|bestof|Game 1 of a best-of-3
|t:|1784305954
|gametype|doubles
|player|p1|Samlovescola|hilda|1089
|player|p2|testdigi|1|1081
|gen|9
|tier|[Gen 9 Champions] VGC 2026 Reg M-B (Bo3)
|rated|
|rule|Species Clause: Limit one of each Pokémon
|rule|Item Clause: Limit 1 of each item
|clearpoke
|poke|p1|Staraptor, L50, F|
|poke|p1|Aegislash, L50, M|
|poke|p1|Garchomp, L50, M|
|poke|p1|Pelipper, L50, M|
|poke|p1|Sinistcha, L50|
|poke|p1|Whimsicott, L50, M|
|poke|p2|Sneasler, L50, M|
|poke|p2|Delphox, L50, F, shiny|
|poke|p2|Kingambit, L50, F, shiny|
|poke|p2|Sinistcha, L50|
|poke|p2|Incineroar, L50, F|
|poke|p2|Blastoise, L50, M|
|teampreview|4
|showteam|p1|Staraptor||Staraptite|Intimidate|CloseCombat,BraveBird,BlazeKick,Protect|Adamant||F|||50|]Aegislash||Leftovers|StanceChange|SacredSword,KingsShield,ShadowSneak,IronHead|Adamant||M|||50|]Garchomp||ChoiceScarf|RoughSkin|RockSlide,PoisonJab,Earthquake,DragonClaw|Adamant||M|||50|]Pelipper||DampRock|Drizzle|Tailwind,Hurricane,WeatherBall,Protect|Modest||M|||50|]Sinistcha||SitrusBerry|Hospitality|MatchaGotcha,LifeDew,RagePowder,Imprison|Bold|||||50|]Whimsicott||FocusSash|Prankster|Tailwind,Taunt,Moonblast,Charm|Bold||M|||50|
|showteam|p2|Sneasler||FocusSash|PoisonTouch|PoisonJab,QuickGuard,CloseCombat,FakeOut|Jolly||M|||50|]Delphox||Delphoxite|Blaze|HeatWave,Psychic,NastyPlot,Protect|Timid||F|||50|]Kingambit||LifeOrb|Defiant|KowtowCleave,SuckerPunch,SwordsDance,Protect|Adamant||F|||50|]Sinistcha||ColburBerry|Hospitality|MatchaGotcha,RagePowder,TrickRoom,Protect|Bold|||||50|]Incineroar||SitrusBerry|Intimidate|FlareBlitz,HelpingHand,PartingShot,FakeOut|Impish||F|||50|]Blastoise||Blastoisinite|RainDish|WaterSpout,DarkPulse,ShellSmash,Protect|Modest||M|||50|
|inactive|Battle timer is ON: inactive players will automatically lose when time's up. (requested by Samlovescola)
|inactive|testdigi has 60 seconds left.
|
|t:|1784305994
|teamsize|p1|4
|teamsize|p2|4
|start
|switch|p1a: Staraptor|Staraptor, L50, F|100/100
|switch|p1b: Whimsicott|Whimsicott, L50, M|100/100
|switch|p2a: Sneasler|Sneasler, L50, M|100/100
|switch|p2b: Incineroar|Incineroar, L50, F|100/100
|-ability|p1a: Staraptor|Intimidate|boost
|-unboost|p2a: Sneasler|atk|1
|-unboost|p2b: Incineroar|atk|1
|-ability|p2b: Incineroar|Intimidate|boost
|-unboost|p1a: Staraptor|atk|1
|-unboost|p1b: Whimsicott|atk|1
|turn|1
|inactive|Samlovescola has 30 seconds left.
|inactive|testdigi has 30 seconds left.
|inactive|Samlovescola has 20 seconds left.
|inactive|Samlovescola has 15 seconds left.
|
|t:|1784306036
|detailschange|p1a: Staraptor|Staraptor-Mega, L50, F
|-mega|p1a: Staraptor|Staraptor|Staraptite
|move|p2a: Sneasler|Fake Out|p1a: Staraptor
|-damage|p1a: Staraptor|88/100
|-status|p1a: Staraptor|psn|[from] ability: Poison Touch|[of] p2a: Sneasler
|move|p2b: Incineroar|Fake Out|p1b: Whimsicott
|-damage|p1b: Whimsicott|92/100
|cant|p1b: Whimsicott|flinch
|cant|p1a: Staraptor|flinch
|
|-damage|p1a: Staraptor|76/100 psn|[from] psn
|upkeep
|turn|2
|inactive|testdigi has 30 seconds left.
|inactive|testdigi has 20 seconds left.
|inactive|testdigi has 15 seconds left.
|
|t:|1784306080
|switch|p2a: Kingambit|Kingambit, L50, F, shiny|100/100
|move|p1b: Whimsicott|Charm|p1a: Staraptor
|-boost|p1a: Staraptor|atk|2
|move|p1a: Staraptor|Close Combat|p2b: Incineroar
|-supereffective|p2b: Incineroar|1
|-damage|p2b: Incineroar|0 fnt
|-boost|p1a: Staraptor|def|1
|-boost|p1a: Staraptor|spd|1
|faint|p2b: Incineroar
|
|-damage|p1a: Staraptor|63/100 psn|[from] psn
|upkeep
|
|t:|1784306087
|switch|p2b: Sneasler|Sneasler, L50, M|100/100
|turn|3
|
|t:|1784306099
|move|p1a: Staraptor|Protect|p1a: Staraptor
|-singleturn|p1a: Staraptor|Protect
|move|p2b: Sneasler|Fake Out|p1a: Staraptor
|-activate|p1a: Staraptor|move: Protect
|move|p1b: Whimsicott|Tailwind|p1b: Whimsicott
|-sidestart|p1: Samlovescola|move: Tailwind
|move|p2a: Kingambit|Swords Dance|p2a: Kingambit
|-boost|p2a: Kingambit|atk|2
|
|-damage|p1a: Staraptor|51/100 psn|[from] psn
|upkeep
|turn|4
|inactive|testdigi has 30 seconds left.
|
|t:|1784306127
|move|p1b: Whimsicott|Charm|p1a: Staraptor
|-boost|p1a: Staraptor|atk|2
|move|p2a: Kingambit|Sucker Punch|p1a: Staraptor
|-resisted|p1a: Staraptor|1
|-damage|p1a: Staraptor|13/100 psn
|-damage|p2a: Kingambit|90/100|[from] item: Life Orb
|move|p1a: Staraptor|Close Combat|p2a: Kingambit
|-supereffective|p2a: Kingambit|2
|-damage|p2a: Kingambit|0 fnt
|-boost|p1a: Staraptor|def|1
|-boost|p1a: Staraptor|spd|1
|faint|p2a: Kingambit
|move|p2b: Sneasler|Close Combat|p1a: Staraptor
|-resisted|p1a: Staraptor|1
|-damage|p1a: Staraptor|0 fnt
|-unboost|p2b: Sneasler|def|1
|-unboost|p2b: Sneasler|spd|1
|faint|p1a: Staraptor
|
|upkeep
|
|t:|1784306143
|switch|p1a: Aegislash|Aegislash, L50, M|100/100
|switch|p2a: Delphox|Delphox, L50, F, shiny|100/100
|turn|5
|
|t:|1784306163
|detailschange|p2a: Delphox|Delphox-Mega, L50, F, shiny
|-mega|p2a: Delphox|Delphox|Delphoxite
|-formechange|p1a: Aegislash|Aegislash-Blade|
|move|p1a: Aegislash|Shadow Sneak|p2a: Delphox
|-supereffective|p2a: Delphox|1
|-damage|p2a: Delphox|38/100
|move|p1b: Whimsicott|Moonblast|p2b: Sneasler
|-damage|p2b: Sneasler|48/100
|move|p2a: Delphox|Heat Wave|p1a: Aegislash|[spread] p1a,p1b
|-supereffective|p1a: Aegislash|1
|-supereffective|p1b: Whimsicott|1
|-damage|p1a: Aegislash|0 fnt
|-damage|p1b: Whimsicott|0 fnt
|faint|p1a: Aegislash
|faint|p1b: Whimsicott
|move|p2b: Sneasler|Poison Jab|p1: Aegislash|[notarget]
|-fail|p2b: Sneasler
|
|upkeep
|
|t:|1784306175
|switch|p1a: Garchomp|Garchomp, L50, M|100/100
|turn|6
|
|t:|1784306189
|move|p2a: Delphox|Protect|p2a: Delphox
|-singleturn|p2a: Delphox|Protect
|move|p1a: Garchomp|Rock Slide|p2b: Sneasler|[spread] p2b
|-activate|p2a: Delphox|move: Protect
|-resisted|p2b: Sneasler|1
|-damage|p2b: Sneasler|21/100
|cant|p2b: Sneasler|flinch
|
|-sideend|p1: Samlovescola|move: Tailwind
|upkeep
|turn|7
|
|t:|1784306201
|move|p1a: Garchomp|Rock Slide|p2a: Delphox|[spread] p2a,p2b
|-supereffective|p2a: Delphox|1
|-crit|p2a: Delphox
|-resisted|p2b: Sneasler|1
|-damage|p2a: Delphox|0 fnt
|-damage|p2b: Sneasler|0 fnt
|faint|p2a: Delphox
|faint|p2b: Sneasler
|
|win|Samlovescola
