|j|☆angelbee21
|j|☆Cecho8
|html|angelbee21Cecho8    
|uhtml|bestof|Game 2 of a best-of-3
|t:|1757196423
|gametype|doubles
|player|p1|angelbee21|lenora|1238
|player|p2|Cecho8|shadowtriad|1244
|gen|9
|tier|[Gen 9] VGC 2025 Reg H (Bo3)
|rated|
|rule|Species Clause: Limit one of each Pokémon
|rule|Item Clause: Limit 1 of each item
|clearpoke
|poke|p1|Flamigo, L50, M|
|poke|p1|Garchomp, L50, F|
|poke|p1|Kingambit, L50, M|
|poke|p1|Typhlosion-Hisui, L50, F|
|poke|p1|Ninetales-Alola, L50, M|
|poke|p1|Rillaboom, L50, F|
|poke|p2|Rillaboom, L50, M|
|poke|p2|Ceruledge, L50, F|
|poke|p2|Ninetales-Alola, L50, M|
|poke|p2|Annihilape, L50, F|
|poke|p2|Electabuzz, L50, F|
|poke|p2|Ursaluna-Bloodmoon, L50, M|
|teampreview|4
|showteam|p1|Flamigo||FocusSash|Scrappy|CloseCombat,DualWingbeat,WideGuard,Protect|||M|||50|,,,,,Stellar]Garchomp||LifeOrb|RoughSkin|DragonClaw,StompingTantrum,PoisonJab,Protect|||F|||50|,,,,,Poison]Kingambit||BlackGlasses|Defiant|KowtowCleave,SuckerPunch,IronHead,Protect|||M|||50|,,,,,Dark]Typhlosion-Hisui||ChoiceScarf|Blaze|Eruption,ShadowBall,HeatWave,Overheat|||F|||50|,,,,,Fire]Ninetales-Alola||LightClay|SnowWarning|AuroraVeil,FreezeDry,Moonblast,Protect|||M|||50|,,,,,Water]Rillaboom||AssaultVest|GrassySurge|DrumBeating,FakeOut,GrassyGlide,HighHorsepower|||F|||50|,,,,,Fire
|showteam|p2|Rillaboom||AssaultVest|GrassySurge|FakeOut,GrassyGlide,WoodHammer,Uturn|||M|||50|,,,,,Fire]Ceruledge||GrassySeed|FlashFire|BitterBlade,ShadowSneak,SwordsDance,Protect|||F|||50|,,,,,Bug]Ninetales-Alola||FocusSash|SnowWarning|IcyWind,Blizzard,Encore,Protect|||M|||50|,,,,,Ghost]Annihilape||SafetyGoggles|Defiant|FinalGambit,CloseCombat,Coaching,RageFist|||F|||50|,,,,,Fire]Electabuzz||Eviolite|VitalSpirit|FollowMe,Taunt,Electroweb,Protect|||F|||50|,,,,,Ghost]Ursaluna-Bloodmoon||LifeOrb|MindsEye|BloodMoon,HyperVoice,EarthPower,Protect|||M|||50|,,,,,Ghost
|inactive|Battle timer is ON: inactive players will automatically lose when time's up. (requested by angelbee21)
|inactive|angelbee21 has 60 seconds left.
|
|t:|1757196457
|teamsize|p1|4
|teamsize|p2|4
|start
|switch|p1a: Biffpipp|Typhlosion-Hisui, L50, F|100/100
|switch|p1b: Cynthia|Garchomp, L50, F|100/100
|switch|p2a: Annihilape|Annihilape, L50, F|100/100
|switch|p2b: Ceruledge|Ceruledge, L50, F|100/100
|turn|1
|inactive|Cecho8 has 30 seconds left.
|
|t:|1757196484
|-terastallize|p2b: Ceruledge|Bug
|move|p1a: Biffpipp|Shadow Ball|p2a: Annihilape
|-supereffective|p2a: Annihilape
|-damage|p2a: Annihilape|34/100
|move|p2a: Annihilape|Coaching|p2b: Ceruledge
|-boost|p2b: Ceruledge|atk|1
|-boost|p2b: Ceruledge|def|1
|move|p1b: Cynthia|Dragon Claw|p2b: Ceruledge
|-damage|p2b: Ceruledge|55/100
|-damage|p1b: Cynthia|90/100|[from] item: Life Orb
|move|p2b: Ceruledge|Swords Dance|p2b: Ceruledge
|-boost|p2b: Ceruledge|atk|2
|
|upkeep
|turn|2
|
|t:|1757196508
|-terastallize|p1a: Biffpipp|Fire
|move|p2b: Ceruledge|Shadow Sneak|p1a: Biffpipp
|-damage|p1a: Biffpipp|24/100
|move|p1a: Biffpipp|Shadow Ball|p2b: Ceruledge
|-damage|p2b: Ceruledge|15/100
|move|p2a: Annihilape|Coaching|p2b: Ceruledge
|-boost|p2b: Ceruledge|atk|1
|-boost|p2b: Ceruledge|def|1
|move|p1b: Cynthia|Dragon Claw|p2a: Annihilape
|-damage|p2a: Annihilape|0 fnt
|faint|p2a: Annihilape
|-damage|p1b: Cynthia|80/100|[from] item: Life Orb
|
|upkeep
|
|t:|1757196528
|switch|p2a: Ninetales|Ninetales-Alola, L50, M|100/100
|-weather|Snowscape|[from] ability: Snow Warning|[of] p2a: Ninetales
|turn|3
|
|t:|1757196537
|move|p1b: Cynthia|Protect|p1b: Cynthia
|-singleturn|p1b: Cynthia|Protect
|move|p2b: Ceruledge|Protect|p2b: Ceruledge
|-singleturn|p2b: Ceruledge|Protect
|move|p1a: Biffpipp|Shadow Ball|p2b: Ceruledge
|-activate|p2b: Ceruledge|move: Protect
|move|p2a: Ninetales|Icy Wind|p1a: Biffpipp|[spread] 
|-activate|p1b: Cynthia|move: Protect
|-miss|p2a: Ninetales|p1a: Biffpipp
|
|-weather|Snowscape|[upkeep]
|upkeep
|turn|4
|
|t:|1757196565
|move|p1b: Cynthia|Protect||[still]
|-fail|p1b: Cynthia
|move|p2b: Ceruledge|Shadow Sneak|p1a: Biffpipp
|-damage|p1a: Biffpipp|0 fnt
|faint|p1a: Biffpipp
|move|p2a: Ninetales|Blizzard|p1b: Cynthia
|-supereffective|p1b: Cynthia
|-crit|p1b: Cynthia
|-damage|p1b: Cynthia|0 fnt
|faint|p1b: Cynthia
|
|-weather|Snowscape|[upkeep]
|upkeep
|
|t:|1757196567
|switch|p1a: AMIGOSSS|Flamigo, L50, M|100/100
|switch|p1b: Checkmate|Kingambit, L50, M|100/100
|turn|5
|
|t:|1757196588
|move|p1a: AMIGOSSS|Wide Guard|p1a: AMIGOSSS
|-singleturn|p1a: AMIGOSSS|Wide Guard
|move|p2b: Ceruledge|Shadow Sneak|p1a: AMIGOSSS
|-damage|p1a: AMIGOSSS|7/100
|move|p2a: Ninetales|Blizzard|p1b: Checkmate|[spread] 
|-activate|p1a: AMIGOSSS|move: Wide Guard
|-activate|p1b: Checkmate|move: Wide Guard
|move|p1b: Checkmate|Iron Head|p2b: Ceruledge
|-crit|p2b: Ceruledge
|-damage|p2b: Ceruledge|0 fnt
|faint|p2b: Ceruledge
|
|-weather|Snowscape|[upkeep]
|upkeep
|
|t:|1757196593
|switch|p2b: Rillaboom|Rillaboom, L50, M|100/100
|-fieldstart|move: Grassy Terrain|[from] ability: Grassy Surge|[of] p2b: Rillaboom
|turn|6
|inactive|Cecho8 has 30 seconds left.
|
|t:|1757196619
|move|p1a: AMIGOSSS|Wide Guard|p1a: AMIGOSSS
|-singleturn|p1a: AMIGOSSS|Wide Guard
|move|p2b: Rillaboom|Grassy Glide|p1a: AMIGOSSS
|-resisted|p1a: AMIGOSSS
|-damage|p1a: AMIGOSSS|0 fnt
|faint|p1a: AMIGOSSS
|move|p2a: Ninetales|Blizzard|p1b: Checkmate
|-activate|p1b: Checkmate|move: Wide Guard
|move|p1b: Checkmate|Iron Head|p2a: Ninetales
|-supereffective|p2a: Ninetales
|-enditem|p2a: Ninetales|Focus Sash
|-damage|p2a: Ninetales|1/100
|
|-weather|Snowscape|[upkeep]
|-heal|p2a: Ninetales|7/100|[from] Grassy Terrain
|upkeep
|turn|7
|
|t:|1757196635
|move|p2a: Ninetales|Protect|p2a: Ninetales
|-singleturn|p2a: Ninetales|Protect
|move|p2b: Rillaboom|Wood Hammer|p1b: Checkmate
|-resisted|p1b: Checkmate
|-damage|p1b: Checkmate|68/100
|-damage|p2b: Rillaboom|89/100|[from] Recoil
|move|p1b: Checkmate|Kowtow Cleave|p2a: Ninetales
|-activate|p2a: Ninetales|move: Protect
|
|-weather|none
|-heal|p2a: Ninetales|13/100|[from] Grassy Terrain
|-heal|p2b: Rillaboom|95/100|[from] Grassy Terrain
|-heal|p1b: Checkmate|73/100|[from] Grassy Terrain
|upkeep
|turn|8
|inactive|Cecho8 has 30 seconds left.
|
|t:|1757196660
|move|p2a: Ninetales|Blizzard|p1b: Checkmate
|-resisted|p1b: Checkmate
|-damage|p1b: Checkmate|53/100
|move|p2b: Rillaboom|Wood Hammer|p1b: Checkmate
|-resisted|p1b: Checkmate
|-damage|p1b: Checkmate|24/100
|-damage|p2b: Rillaboom|85/100|[from] Recoil
|move|p1b: Checkmate|Kowtow Cleave|p2a: Ninetales
|-resisted|p2a: Ninetales
|-damage|p2a: Ninetales|0 fnt
|faint|p2a: Ninetales
|
|-heal|p2b: Rillaboom|91/100|[from] Grassy Terrain
|-heal|p1b: Checkmate|29/100|[from] Grassy Terrain
|upkeep
|turn|9
|
|t:|1757196668
|move|p1b: Checkmate|Protect|p1b: Checkmate
|-singleturn|p1b: Checkmate|Protect
|move|p2b: Rillaboom|Wood Hammer|p1b: Checkmate
|-activate|p1b: Checkmate|move: Protect
|
|-heal|p2b: Rillaboom|97/100|[from] Grassy Terrain
|-heal|p1b: Checkmate|35/100|[from] Grassy Terrain
|upkeep
|turn|10
|
|t:|1757196671
|move|p2b: Rillaboom|Grassy Glide|p1b: Checkmate
|-resisted|p1b: Checkmate
|-damage|p1b: Checkmate|22/100
|move|p1b: Checkmate|Sucker Punch||[still]
|-fail|p1b: Checkmate
|
|-heal|p2b: Rillaboom|100/100|[from] Grassy Terrain
|-heal|p1b: Checkmate|28/100|[from] Grassy Terrain
|-fieldend|move: Grassy Terrain
|upkeep
|turn|11
|
|t:|1757196677
|move|p2b: Rillaboom|Wood Hammer|p1b: Checkmate
|-resisted|p1b: Checkmate
|-damage|p1b: Checkmate|5/100
|-damage|p2b: Rillaboom|92/100|[from] Recoil
|move|p1b: Checkmate|Kowtow Cleave|p2b: Rillaboom
|-damage|p2b: Rillaboom|38/100
|
|upkeep
|turn|12
|
|t:|1757196682
|move|p1b: Checkmate|Sucker Punch|p2b: Rillaboom
|-damage|p2b: Rillaboom|0 fnt
|faint|p2b: Rillaboom
|
|win|angelbee21
|raw|angelbee21's rating: 1238 → 1263(+25 for winning)
|raw|Cecho8's rating: 1244 → 1219(-25 for losing)
|c|☆angelbee21|gg
|l|☆Cecho8
|player|p2|
