|j|☆Flinflox
|j|☆itmaybetime
|html|Flinfloxitmaybetime    
|uhtml|bestof|Game 2 of a best-of-3
|t:|1782334095
|gametype|doubles
|player|p1|Flinflox|steven|1197
|player|p2|itmaybetime|170|1178
|gen|9
|tier|[Gen 9 Champions] VGC 2026 Reg M-B (Bo3)
|rated|
|rule|Species Clause: Limit one of each Pokémon
|rule|Item Clause: Limit 1 of each item
|clearpoke
|poke|p1|Metagross, L50|
|poke|p1|Venusaur, L50, M|
|poke|p1|Milotic, L50, F|
|poke|p1|Sylveon, L50, F|
|poke|p1|Incineroar, L50, F|
|poke|p1|Garchomp, L50, F|
|poke|p2|Gholdengo, L50|
|poke|p2|Incineroar, L50, M|
|poke|p2|Garchomp, L50, F|
|poke|p2|Charizard, L50, F|
|poke|p2|Basculegion, L50, M|
|poke|p2|Whimsicott, L50, F|
|teampreview|4
|showteam|p1|Metagross||Metagrossite|ClearBody|IronHead,PsychicFangs,Protect,BodyPress|Jolly|||||50|]Venusaur||Venusaurite|Chlorophyll|GigaDrain,EarthPower,Protect,LeechSeed|Modest||M|||50|]Milotic||Leftovers|Competitive|Scald,IcyWind,Protect,LifeDew|Bold||F|||50|]Sylveon||FairyFeather|Pixilate|HyperVoice,HyperBeam,Detect,QuickAttack|Modest||F|||50|]Incineroar||SitrusBerry|Intimidate|FlareBlitz,ThroatChop,PartingShot,FakeOut|Careful||F|||50|]Garchomp||LifeOrb|RoughSkin|DragonClaw,StompingTantrum,Protect,RockSlide|Jolly||F|||50|
|showteam|p2|Gholdengo||SpellTag|GoodasGold|MakeItRain,ShadowBall,NastyPlot,Protect|Modest|||||50|]Incineroar||SitrusBerry|Intimidate|PartingShot,FlareBlitz,ThroatChop,FakeOut|Impish||M|||50|]Garchomp||LifeOrb|RoughSkin|Earthquake,DragonClaw,RockSlide,Protect|Jolly||F|||50|]Charizard||CharizarditeY|Blaze|HeatWave,SolarBeam,WeatherBall,Protect|Modest||F|||50|]Basculegion||ChoiceScarf|Adaptability|WaveCrash,LastRespects,AquaJet,FlipTurn|Jolly||M|||50|]Whimsicott||FocusSash|Prankster|Tailwind,Encore,Moonblast,Protect|Timid||F|||50|
|
|t:|1782334142
|teamsize|p1|4
|teamsize|p2|4
|start
|switch|p1a: Garchomp|Garchomp, L50, F|100/100
|switch|p1b: Milotic|Milotic, L50, F|100/100
|switch|p2a: Charizard|Charizard, L50, F|100/100
|switch|p2b: Basculegion|Basculegion, L50, M|100/100
|turn|1
|
|t:|1782334184
|move|p2a: Charizard|Protect|p2a: Charizard
|-singleturn|p2a: Charizard|Protect
|move|p2b: Basculegion|Flip Turn|p1a: Garchomp
|-damage|p1a: Garchomp|67/100
|-damage|p2b: Basculegion|87/100|[from] ability: Rough Skin|[of] p1a: Garchomp
|
|t:|1782334195
|switch|p2b: Gholdengo|Gholdengo, L50|100/100|[from] Flip Turn
|move|p1a: Garchomp|Rock Slide|p2a: Charizard|[spread] p2b
|-activate|p2a: Charizard|move: Protect
|-resisted|p2b: Gholdengo|1
|-damage|p2b: Gholdengo|86/100
|-damage|p1a: Garchomp|57/100|[from] item: Life Orb
|move|p1b: Milotic|Icy Wind|p2b: Gholdengo|[spread] p2b
|-activate|p2a: Charizard|move: Protect
|-resisted|p2b: Gholdengo|1
|-damage|p2b: Gholdengo|81/100
|-unboost|p2b: Gholdengo|spe|1
|
|upkeep
|turn|2
|
|t:|1782334239
|detailschange|p2a: Charizard|Charizard-Mega-Y, L50, F
|-mega|p2a: Charizard|Charizard|Charizardite Y
|-weather|SunnyDay|[from] ability: Drought|[of] p2a: Charizard
|move|p1a: Garchomp|Protect|p1a: Garchomp
|-singleturn|p1a: Garchomp|Protect
|move|p2b: Gholdengo|Protect|p2b: Gholdengo
|-singleturn|p2b: Gholdengo|Protect
|move|p2a: Charizard|Solar Beam||[still]
|-prepare|p2a: Charizard|Solar Beam
|-anim|p2a: Charizard|Solar Beam|p1a: Garchomp
|-activate|p1a: Garchomp|move: Protect
|move|p1b: Milotic|Life Dew||[still]|[spread] p1a,p1b
|-heal|p1a: Garchomp|82/100
|-fail|p1b: Milotic|heal
|
|-weather|SunnyDay|[upkeep]
|upkeep
|turn|3
|
|t:|1782334289
|move|p2a: Charizard|Protect|p2a: Charizard
|-singleturn|p2a: Charizard|Protect
|move|p1a: Garchomp|Stomping Tantrum|p2b: Gholdengo
|-supereffective|p2b: Gholdengo|1
|-damage|p2b: Gholdengo|0 fnt
|faint|p2b: Gholdengo
|-damage|p1a: Garchomp|72/100|[from] item: Life Orb
|move|p1b: Milotic|Icy Wind|p2a: Charizard
|-activate|p2a: Charizard|move: Protect
|
|-weather|SunnyDay|[upkeep]
|upkeep
|
|t:|1782334317
|switch|p2b: Garchomp|Garchomp, L50, F|100/100
|turn|4
|
|t:|1782334328
|switch|p1a: Incineroar|Incineroar, L50, F|100/100
|-ability|p1a: Incineroar|Intimidate|boost
|-unboost|p2a: Charizard|atk|1
|-unboost|p2b: Garchomp|atk|1
|move|p1b: Milotic|Protect|p1b: Milotic
|-singleturn|p1b: Milotic|Protect
|move|p2b: Garchomp|Earthquake|p1a: Incineroar|[spread] p1a
|-activate|p1b: Milotic|move: Protect
|-immune|p2a: Charizard
|-supereffective|p1a: Incineroar|1
|-crit|p1a: Incineroar
|-damage|p1a: Incineroar|0 fnt
|faint|p1a: Incineroar
|-damage|p2b: Garchomp|90/100|[from] item: Life Orb
|move|p2a: Charizard|Solar Beam||[still]
|-prepare|p2a: Charizard|Solar Beam
|-anim|p2a: Charizard|Solar Beam|p1b: Milotic
|-activate|p1b: Milotic|move: Protect
|
|-weather|SunnyDay|[upkeep]
|upkeep
|
|t:|1782334331
|switch|p1a: Garchomp|Garchomp, L50, F|72/100
|turn|5
|
|t:|1782334355
|move|p1a: Garchomp|Rock Slide|p2b: Garchomp|[spread] p2a,p2b
|-supereffective|p2a: Charizard|2
|-resisted|p2b: Garchomp|1
|-damage|p2a: Charizard|0 fnt
|-damage|p2b: Garchomp|77/100
|faint|p2a: Charizard
|-damage|p1a: Garchomp|62/100|[from] item: Life Orb
|move|p2b: Garchomp|Dragon Claw|p1a: Garchomp
|-supereffective|p1a: Garchomp|1
|-damage|p1a: Garchomp|0 fnt
|-damage|p2b: Garchomp|65/100|[from] ability: Rough Skin|[of] p1a: Garchomp
|faint|p1a: Garchomp
|-damage|p2b: Garchomp|55/100|[from] item: Life Orb
|move|p1b: Milotic|Icy Wind|p2b: Garchomp
|-supereffective|p2b: Garchomp|2
|-damage|p2b: Garchomp|0 fnt
|faint|p2b: Garchomp
|
|-weather|SunnyDay|[upkeep]
|upkeep
|inactive|Battle timer is ON: inactive players will automatically lose when time's up. (requested by Flinflox)
|
|t:|1782334400
|switch|p2b: Basculegion|Basculegion, L50, M|87/100
|switch|p1a: Venusaur|Venusaur, L50, M|100/100
|turn|6
|
|t:|1782334423
|detailschange|p1a: Venusaur|Venusaur-Mega, L50, M
|-mega|p1a: Venusaur|Venusaur|Venusaurite
|move|p1a: Venusaur|Protect|p1a: Venusaur
|-singleturn|p1a: Venusaur|Protect
|move|p1b: Milotic|Protect|p1b: Milotic
|-singleturn|p1b: Milotic|Protect
|move|p2b: Basculegion|Last Respects|p1b: Milotic
|-activate|p1b: Milotic|move: Protect
|
|-weather|none
|upkeep
|turn|7
|
|t:|1782334433
|move|p2b: Basculegion|Last Respects|p1a: Venusaur
|-damage|p1a: Venusaur|4/100
|move|p1a: Venusaur|Giga Drain|p2b: Basculegion
|-supereffective|p2b: Basculegion|1
|-damage|p2b: Basculegion|7/100
|-heal|p1a: Venusaur|47/100|[from] drain|[of] p2b: Basculegion
|move|p1b: Milotic|Icy Wind|p2b: Basculegion
|-resisted|p2b: Basculegion|1
|-damage|p2b: Basculegion|0 fnt
|faint|p2b: Basculegion
|
|win|Flinflox
