|j|☆shakyturtle
|j|☆Cancerberus1231
|html|shakyturtleCancerberus1231    
|uhtml|bestof|Game 2 of a best-of-3
|t:|1757717255
|gametype|doubles
|player|p1|shakyturtle|blaine|1106
|player|p2|Cancerberus1231|blackbelt-gen4dp|1098
|gen|9
|tier|[Gen 9] VGC 2025 Reg H (Bo3)
|rated|
|rule|Species Clause: Limit one of each Pokémon
|rule|Item Clause: Limit 1 of each item
|clearpoke
|poke|p1|Whimsicott, L50, F|
|poke|p1|Hydreigon, L50, M|
|poke|p1|Gholdengo, L50|
|poke|p1|Swampert, L50, M|
|poke|p1|Arcanine, L50, M|
|poke|p1|Gogoat, L50, F|
|poke|p2|Annihilape, L50, F|
|poke|p2|Whimsicott, L50, F|
|poke|p2|Dragonite, L50, F|
|poke|p2|Rillaboom, L50, F|
|poke|p2|Magmar, L50, M|
|poke|p2|Ursaluna-Bloodmoon, L50, M|
|teampreview|4
|showteam|p1|Whimsicott||CovertCloak|Prankster|Moonblast,Tailwind,Encore,FakeTears|||F|||50|,,,,,Ghost]Hydreigon||ChoiceSpecs|Levitate|Snarl,FlashCannon,DragonPulse,EarthPower|||M|||50|,,,,,Steel]Gholdengo||SitrusBerry|GoodasGold|Protect,NastyPlot,ShadowBall,MakeItRain||||||50|,,,,,Dragon]Swampert||AssaultVest|Torrent|Liquidation,HighHorsepower,PoisonJab,TeraBlast|||M|||50|,,,,,Fire]Arcanine||SafetyGoggles|Intimidate|Protect,Howl,WillOWisp,FlareBlitz|||M|||50|,,,,,Water]Gogoat||Leftovers|SapSipper|Protect,BulkUp,RockSlide,HornLeech|||F|||50|,,,,,Fire
|showteam|p2|Annihilape||Leftovers|Defiant|RageFist,BulkUp,Protect,DrainPunch|||F|||50|,,,,,Fire]Whimsicott||FocusSash|Prankster|Moonblast,Protect,Tailwind,Endeavor|||F|||50|,,,,,Water]Dragonite||LoadedDice|Multiscale|ScaleShot,ExtremeSpeed,Protect,Encore|||F|||50|,,,,,Normal]Rillaboom||AssaultVest|GrassySurge|FakeOut,GrassyGlide,WoodHammer,Uturn|||F|||50|,,,,,Fire]Magmar||Eviolite|VitalSpirit|ClearSmog,Protect,Overheat,FollowMe|||M|||50|,,,,,Ghost]Ursaluna-Bloodmoon||LifeOrb|MindsEye|BloodMoon,EarthPower,HyperVoice,VacuumWave|||M|||50|,,,,,Normal
|inactive|Battle timer is ON: inactive players will automatically lose when time's up. (requested by shakyturtle)
|inactive|Cancerberus1231 has 60 seconds left.
|
|t:|1757717296
|teamsize|p1|4
|teamsize|p2|4
|start
|switch|p1a: Hydreigon|Hydreigon, L50, M|100/100
|switch|p1b: Whimsicott|Whimsicott, L50, F|100/100
|switch|p2a: Ursaluna|Ursaluna-Bloodmoon, L50, M|100/100
|switch|p2b: Magmón|Magmar, L50, M, shiny|100/100
|turn|1
|
|t:|1757717320
|move|p2b: Magmón|Follow Me|p2b: Magmón
|-singleturn|p2b: Magmón|move: Follow Me
|move|p1b: Whimsicott|Fake Tears|p2b: Magmón
|-unboost|p2b: Magmón|spd|2
|move|p1a: Hydreigon|Snarl|p2b: Magmón|[spread] p2a,p2b
|-damage|p2a: Ursaluna|54/100
|-damage|p2b: Magmón|44/100
|-unboost|p2a: Ursaluna|spa|1
|-unboost|p2b: Magmón|spa|1
|move|p2a: Ursaluna|Blood Moon|p1b: Whimsicott
|-damage|p1b: Whimsicott|0 fnt
|faint|p1b: Whimsicott
|-damage|p2a: Ursaluna|44/100|[from] item: Life Orb
|
|upkeep
|
|t:|1757717336
|switch|p1b: Swampert|Swampert, L50, M|100/100
|turn|2
|inactive|shakyturtle has 30 seconds left.
|
|t:|1757717361
|switch|p2a: Chancho|Annihilape, L50, F, shiny|100/100
|move|p2b: Magmón|Protect|p2b: Magmón
|-singleturn|p2b: Magmón|Protect
|move|p1a: Hydreigon|Snarl|p2b: Magmón|[spread] p2a
|-activate|p2b: Magmón|move: Protect
|-damage|p2a: Chancho|78/100
|-unboost|p2a: Chancho|spa|1
|-ability|p2a: Chancho|Defiant|boost
|-boost|p2a: Chancho|atk|2
|move|p1b: Swampert|Liquidation|p2a: Chancho
|-damage|p2a: Chancho|33/100
|
|-heal|p2a: Chancho|39/100|[from] item: Leftovers
|upkeep
|turn|3
|
|t:|1757717384
|move|p2b: Magmón|Follow Me|p2b: Magmón
|-singleturn|p2b: Magmón|move: Follow Me
|move|p1a: Hydreigon|Snarl|p2b: Magmón|[spread] p2a,p2b
|-damage|p2a: Chancho|16/100
|-damage|p2b: Magmón|0 fnt
|-unboost|p2a: Chancho|spa|1
|-ability|p2a: Chancho|Defiant|boost
|-boost|p2a: Chancho|atk|2
|faint|p2b: Magmón
|move|p2a: Chancho|Drain Punch|p1a: Hydreigon
|-supereffective|p1a: Hydreigon
|-damage|p1a: Hydreigon|0 fnt
|-heal|p2a: Chancho|55/100|[from] drain|[of] p1a: Hydreigon
|faint|p1a: Hydreigon
|move|p1b: Swampert|High Horsepower|p2a: Chancho
|-damage|p2a: Chancho|10/100
|
|-heal|p2a: Chancho|16/100|[from] item: Leftovers
|upkeep
|inactive|Cancerberus1231 has 30 seconds left.
|
|t:|1757717410
|switch|p1a: Arcanine|Arcanine, L50, M|100/100
|switch|p2b: Selene|Dragonite, L50, F, shiny|100/100
|-ability|p1a: Arcanine|Intimidate|boost
|-unboost|p2a: Chancho|atk|1
|-ability|p2a: Chancho|Defiant|boost
|-boost|p2a: Chancho|atk|2
|-unboost|p2b: Selene|atk|1
|turn|4
|inactive|shakyturtle has 30 seconds left.
|
|t:|1757717441
|switch|p2b: Ursaluna|Ursaluna-Bloodmoon, L50, M|44/100
|-terastallize|p1b: Swampert|Fire
|move|p2a: Chancho|Protect|p2a: Chancho
|-singleturn|p2a: Chancho|Protect
|move|p1a: Arcanine|Flare Blitz|p2a: Chancho
|-activate|p2a: Chancho|move: Protect
|move|p1b: Swampert|High Horsepower|p2a: Chancho
|-activate|p2a: Chancho|move: Protect
|
|-heal|p2a: Chancho|22/100|[from] item: Leftovers
|upkeep
|turn|5
|inactive|Cancerberus1231 has 30 seconds left.
|inactive|Cancerberus1231 has 20 seconds left.
|inactive|Cancerberus1231 has 15 seconds left.
|
|t:|1757717482
|move|p1a: Arcanine|Flare Blitz|p2a: Chancho
|-damage|p2a: Chancho|0 fnt
|faint|p2a: Chancho
|-damage|p1a: Arcanine|93/100|[from] Recoil
|move|p2b: Ursaluna|Earth Power|p1a: Arcanine
|-supereffective|p1a: Arcanine
|-damage|p1a: Arcanine|0 fnt
|faint|p1a: Arcanine
|-damage|p2b: Ursaluna|35/100|[from] item: Life Orb
|move|p1b: Swampert|Liquidation|p2b: Ursaluna
|-supereffective|p2b: Ursaluna
|-damage|p2b: Ursaluna|0 fnt
|faint|p2b: Ursaluna
|
|upkeep
|
|t:|1757717501
|switch|p2b: Selene|Dragonite, L50, F, shiny|100/100
|turn|6
|inactive|Cancerberus1231 has 30 seconds left.
|
|t:|1757717527
|move|p2b: Selene|Scale Shot|p1b: Swampert
|-damage|p1b: Swampert|87/100
|-damage|p1b: Swampert|73/100
|-crit|p1b: Swampert
|-damage|p1b: Swampert|53/100
|-damage|p1b: Swampert|38/100
|-damage|p1b: Swampert|25/100
|-hitcount|p1b: Swampert|5
|-unboost|p2b: Selene|def|1
|-boost|p2b: Selene|spe|1
|move|p1b: Swampert|Liquidation|p2b: Selene
|-resisted|p2b: Selene
|-damage|p2b: Selene|72/100
|
|upkeep
|turn|7
|
|t:|1757717543
|-terastallize|p2b: Selene|Normal
|move|p2b: Selene|Extreme Speed|p1b: Swampert
|-damage|p1b: Swampert|0 fnt
|faint|p1b: Swampert
|
|win|Cancerberus1231
|l|☆shakyturtle
|player|p1|
||shakyturtle is ready for game 3.
|inactive|Cancerberus1231 has 30 seconds to confirm battle start!
||Cancerberus1231 is ready for game 3.
|uhtml|next|Next: Game 3 of 3
