|j|☆SelvesterTheYAK
|j|☆snakke001
|html|SelvesterTheYAKsnakke001    
|uhtml|bestof|Game 2 of a best-of-3
|t:|1756869850
|gametype|doubles
|player|p1|SelvesterTheYAK|170|1151
|player|p2|snakke001|biker-gen4|1055
|gen|9
|tier|[Gen 9] VGC 2025 Reg H (Bo3)
|rated|
|rule|Species Clause: Limit one of each Pokémon
|rule|Item Clause: Limit 1 of each item
|clearpoke
|poke|p1|Tyranitar, L50, M|
|poke|p1|Arcanine-Hisui, L50, F|
|poke|p1|Kommo-o, L50, M|
|poke|p1|Gholdengo, L50|
|poke|p1|Rillaboom, L50, M|
|poke|p1|Electabuzz, L50, M|
|poke|p2|Volcarona, L50, M|
|poke|p2|Kingambit, L50, M|
|poke|p2|Dragonite, L50, M|
|poke|p2|Sneasler, L50, F|
|poke|p2|Rillaboom, L50, M|
|poke|p2|Electabuzz, L50, M|
|teampreview|4
|showteam|p1|Tyranitar||AssaultVest|SandStream|RockSlide,KnockOff,TeraBlast,LowKick|||M|||50|,,,,,Flying]Arcanine-Hisui||SitrusBerry|Intimidate|RockSlide,FlareBlitz,WillOWisp,Howl|||F|||50|,,,,,Water]Kommo-o||Leftovers|Overcoat|IronDefense,BodyPress,Protect,DragonClaw|||M|||50|,,,,,Steel]Gholdengo||LifeOrb|GoodasGold|MakeItRain,ShadowBall,NastyPlot,Protect||||||50|,,,,,Steel]Rillaboom||MiracleSeed|GrassySurge|FakeOut,GrassyGlide,WoodHammer,Protect|||M|||50|,,,,,Grass]Electabuzz||Eviolite|VitalSpirit|Taunt,Protect,Electroweb,FollowMe|||M|||50|,,,,,Ghost
|showteam|p2|Volcarona||Leftovers|FlameBody|HeatWave,TeraBlast,QuiverDance,Protect|||M|||50|,,,,,Fairy]Kingambit||BlackGlasses|Defiant|KowtowCleave,SuckerPunch,SwordsDance,Protect|||M|||50|,,,,,Dark]Dragonite||LoadedDice|Multiscale|ScaleShot,ExtremeSpeed,Haze,Protect|||M|||50|,,,,,Steel]Sneasler||FocusSash|PoisonTouch|CloseCombat,DireClaw,FakeOut,Coaching|||F|||50|,,,,,Stellar]Rillaboom||AssaultVest|GrassySurge|WoodHammer,GrassyGlide,HighHorsepower,FakeOut|||M|||50|,,,,,Fire]Electabuzz||Eviolite|VitalSpirit|Thunderbolt,Taunt,FollowMe,Protect|||M|||50|,,,,,Ghost
|inactive|Battle timer is ON: inactive players will automatically lose when time's up. (requested by snakke001)
|inactive|SelvesterTheYAK has 60 seconds left.
|
|t:|1756869892
|teamsize|p1|4
|teamsize|p2|4
|start
|switch|p1a: Tyranitar|Tyranitar, L50, M|100/100
|switch|p1b: Arcanine|Arcanine-Hisui, L50, F|100/100
|switch|p2a: Dragonite|Dragonite, L50, M, shiny|100/100
|switch|p2b: Rillaboom|Rillaboom, L50, M, shiny|100/100
|-ability|p1b: Arcanine|Intimidate|boost
|-unboost|p2a: Dragonite|atk|1
|-unboost|p2b: Rillaboom|atk|1
|-fieldstart|move: Grassy Terrain|[from] ability: Grassy Surge|[of] p2b: Rillaboom
|-weather|Sandstorm|[from] ability: Sand Stream|[of] p1a: Tyranitar
|turn|1
|inactive|snakke001 has 30 seconds left.
|inactive|snakke001 has 20 seconds left.
|inactive|snakke001 has 15 seconds left.
|inactive|snakke001 has 10 seconds left.
|
|t:|1756869940
|switch|p2a: Sneasler|Sneasler, L50, F, shiny|100/100
|-terastallize|p2b: Rillaboom|Fire
|move|p2b: Rillaboom|Fake Out|p1b: Arcanine
|-resisted|p1b: Arcanine
|-damage|p1b: Arcanine|95/100
|cant|p1b: Arcanine|flinch
|move|p1a: Tyranitar|Rock Slide|p2a: Sneasler|[spread] p2a,p2b
|-resisted|p2a: Sneasler
|-supereffective|p2b: Rillaboom
|-damage|p2a: Sneasler|72/100
|-damage|p2b: Rillaboom|34/100
|
|-weather|Sandstorm|[upkeep]
|-damage|p2a: Sneasler|66/100|[from] Sandstorm
|-damage|p2b: Rillaboom|28/100|[from] Sandstorm
|-heal|p2a: Sneasler|72/100|[from] Grassy Terrain
|-heal|p1b: Arcanine|100/100|[from] Grassy Terrain
|-heal|p2b: Rillaboom|34/100|[from] Grassy Terrain
|upkeep
|turn|2
|inactive|SelvesterTheYAK has 30 seconds left.
|inactive|snakke001 has 30 seconds left.
|inactive|SelvesterTheYAK has 20 seconds left.
|
|t:|1756869977
|switch|p1b: Kommo-o|Kommo-o, L50, M|100/100
|-terastallize|p1a: Tyranitar|Flying
|move|p2a: Sneasler|Fake Out|p1a: Tyranitar
|-damage|p1a: Tyranitar|87/100
|move|p2b: Rillaboom|High Horsepower|p1b: Kommo-o
|-damage|p1b: Kommo-o|84/100
|cant|p1a: Tyranitar|flinch
|
|-weather|Sandstorm|[upkeep]
|-damage|p2a: Sneasler|66/100|[from] Sandstorm
|-damage|p2b: Rillaboom|28/100|[from] Sandstorm
|-damage|p1a: Tyranitar|81/100|[from] Sandstorm
|-heal|p2a: Sneasler|72/100|[from] Grassy Terrain
|-heal|p2b: Rillaboom|34/100|[from] Grassy Terrain
|-heal|p1b: Kommo-o|90/100|[from] Grassy Terrain
|-heal|p1b: Kommo-o|97/100|[from] item: Leftovers
|upkeep
|turn|3
|inactive|SelvesterTheYAK has 30 seconds left.
|inactive|snakke001 has 30 seconds left.
|
|t:|1756870012
|switch|p2b: Dragonite|Dragonite, L50, M, shiny|100/100
|move|p2a: Sneasler|Coaching|p2b: Dragonite
|-boost|p2b: Dragonite|atk|1
|-boost|p2b: Dragonite|def|1
|move|p1b: Kommo-o|Iron Defense|p1b: Kommo-o
|-boost|p1b: Kommo-o|def|2
|move|p1a: Tyranitar|Tera Blast|p2a: Sneasler|[anim] Tera Blast Flying
|-supereffective|p2a: Sneasler
|-damage|p2a: Sneasler|0 fnt
|faint|p2a: Sneasler
|
|-weather|Sandstorm|[upkeep]
|-damage|p2b: Dragonite|95/100|[from] Sandstorm
|-damage|p1a: Tyranitar|75/100|[from] Sandstorm
|-heal|p1b: Kommo-o|100/100|[from] Grassy Terrain
|upkeep
|
|t:|1756870036
|switch|p2a: Rillaboom|Rillaboom, L50, M, shiny, tera:Fire|34/100
|turn|4
|
|t:|1756870046
|move|p1b: Kommo-o|Protect|p1b: Kommo-o
|-singleturn|p1b: Kommo-o|Protect
|move|p2a: Rillaboom|Fake Out|p1b: Kommo-o
|-activate|p1b: Kommo-o|move: Protect
|move|p2b: Dragonite|Scale Shot|p1a: Tyranitar
|-damage|p1a: Tyranitar|57/100
|-damage|p1a: Tyranitar|38/100
|-damage|p1a: Tyranitar|17/100
|-damage|p1a: Tyranitar|0 fnt
|faint|p1a: Tyranitar
|-hitcount|p1: Tyranitar|4
|-unboost|p2b: Dragonite|def|1
|-boost|p2b: Dragonite|spe|1
|
|-weather|Sandstorm|[upkeep]
|-damage|p2b: Dragonite|89/100|[from] Sandstorm
|-damage|p2a: Rillaboom|28/100|[from] Sandstorm
|-heal|p2a: Rillaboom|34/100|[from] Grassy Terrain
|upkeep
|
|t:|1756870068
|switch|p1a: Arcanine|Arcanine-Hisui, L50, F|100/100
|-ability|p1a: Arcanine|Intimidate|boost
|-unboost|p2a: Rillaboom|atk|1
|-unboost|p2b: Dragonite|atk|1
|turn|5
|
|t:|1756870083
|move|p2b: Dragonite|Haze|p2b: Dragonite
|-clearallboost
|move|p1a: Arcanine|Rock Slide|p2b: Dragonite|[spread] p2a,p2b
|-supereffective|p2a: Rillaboom
|-supereffective|p2b: Dragonite
|-damage|p2a: Rillaboom|0 fnt
|-damage|p2b: Dragonite|38/100
|faint|p2a: Rillaboom
|move|p1b: Kommo-o|Body Press|p2b: Dragonite
|-resisted|p2b: Dragonite
|-damage|p2b: Dragonite|17/100
|
|-weather|none
|-fieldend|move: Grassy Terrain
|upkeep
|
|t:|1756870094
|switch|p2a: Kingambit|Kingambit, L50, M, shiny|100/100
|turn|6
|
|t:|1756870111
|move|p1a: Arcanine|Rock Slide|p2b: Dragonite|[spread] p2a,p2b
|-resisted|p2a: Kingambit
|-supereffective|p2b: Dragonite
|-damage|p2a: Kingambit|92/100
|-damage|p2b: Dragonite|0 fnt
|faint|p2b: Dragonite
|move|p1b: Kommo-o|Iron Defense|p1b: Kommo-o
|-boost|p1b: Kommo-o|def|2
|move|p2a: Kingambit|Kowtow Cleave|p1b: Kommo-o
|-resisted|p1b: Kommo-o
|-damage|p1b: Kommo-o|90/100
|
|-heal|p1b: Kommo-o|97/100|[from] item: Leftovers
|upkeep
|turn|7
|
|t:|1756870125
|move|p2a: Kingambit|Sucker Punch|p1a: Arcanine
|-damage|p1a: Arcanine|48/100
|-enditem|p1a: Arcanine|Sitrus Berry|[eat]
|-heal|p1a: Arcanine|73/100|[from] item: Sitrus Berry
|move|p1a: Arcanine|Flare Blitz|p2a: Kingambit
|-supereffective|p2a: Kingambit
|-damage|p2a: Kingambit|19/100
|-damage|p1a: Arcanine|48/100|[from] Recoil
|move|p1b: Kommo-o|Body Press|p2a: Kingambit
|-supereffective|p2a: Kingambit
|-damage|p2a: Kingambit|0 fnt
|faint|p2a: Kingambit
|
|win|SelvesterTheYAK
||snakke001 is ready for game 3.
|inactive|SelvesterTheYAK has 30 seconds to confirm battle start!
||SelvesterTheYAK is ready for game 3.
|uhtml|next|Next: Game 3 of 3
