|j|☆Clementine1997
|j|☆EgoJJ
|html|Clementine1997EgoJJ    
|uhtml|bestof|Game 1 of a best-of-3
|t:|1757195371
|gametype|doubles
|player|p1|Clementine1997|clair|1235
|player|p2|EgoJJ|brock|1227
|gen|9
|tier|[Gen 9] VGC 2025 Reg H (Bo3)
|rated|
|rule|Species Clause: Limit one of each Pokémon
|rule|Item Clause: Limit 1 of each item
|clearpoke
|poke|p1|Dragapult, L50, M|
|poke|p1|Sneasler, L50, F|
|poke|p1|Volcarona, L50, F|
|poke|p1|Kingambit, L50, F|
|poke|p1|Electabuzz, L50, M|
|poke|p1|Rillaboom, L50, M|
|poke|p2|Zoroark-Hisui, L50, M|
|poke|p2|Indeedee-F, L50, F|
|poke|p2|Ursaluna, L50, M|
|poke|p2|Torkoal, L50, F|
|poke|p2|Exeggutor, L50, F|
|poke|p2|Gallade, L50, M|
|teampreview|4
|showteam|p1|Dragapult||LifeOrb|ClearBody|DragonDarts,PsychicFangs,ThunderWave,Disable|||M|||50|,,,,,Dragon]Sneasler||FocusSash|PoisonTouch|CloseCombat,DireClaw,FakeOut,Protect|||F|||50|,,,,,Stellar]Volcarona||CovertCloak|FlameBody|HeatWave,GigaDrain,QuiverDance,Protect|||F|||50|,,,,,Grass]Kingambit||BlackGlasses|Defiant|KowtowCleave,SuckerPunch,SwordsDance,Protect|||F|||50|,,,,,Dark]Electabuzz||Eviolite|VitalSpirit|Electroweb,Taunt,FollowMe,Protect|||M|||50|,,,,,Dragon]Rillaboom||AssaultVest|GrassySurge|HighHorsepower,GrassyGlide,Uturn,FakeOut|||M|||50|,,,,,Fire
|showteam|p2|Zoroark-Hisui||ChoiceSpecs|Illusion|HyperBeam,HyperVoice,ShadowBall,FocusBlast|||M|||50|,,,,,Normal]Indeedee-F||RockyHelmet|PsychicSurge|Psychic,HelpingHand,FollowMe,TrickRoom|||F|||50|,,,,,Grass]Ursaluna||FlameOrb|Guts|Facade,HeadlongRush,Earthquake,Protect|||M|||50|,,,,,Ghost]Torkoal||Charcoal|Drought|Eruption,WeatherBall,ClearSmog,Protect|||F|||50|,,,,,Fire]Exeggutor||FocusSash|Chlorophyll|ExpandingForce,LeafStorm,SleepPowder,TrickRoom|||F|||50|,,,,,Psychic]Gallade||ScopeLens|Sharpness|SacredSword,PsychoCut,TrickRoom,WideGuard|||M|||50|,,,,,Grass
|inactive|Battle timer is ON: inactive players will automatically lose when time's up. (requested by EgoJJ)
|inactive|Clementine1997 has 60 seconds left.
|inactive|EgoJJ has 60 seconds left.
|
|t:|1757195424
|teamsize|p1|4
|teamsize|p2|4
|start
|switch|p1a: Dragapult|Dragapult, L50, M|100/100
|switch|p1b: Volcarona|Volcarona, L50, F, shiny|100/100
|switch|p2a: Exeggutor|Exeggutor, L50, F|100/100
|switch|p2b: Torkoal|Torkoal, L50, F|100/100
|-weather|SunnyDay|[from] ability: Drought|[of] p2b: Torkoal
|turn|1
|
|t:|1757195435
|switch|p2b: Indeedee|Indeedee-F, L50, F|100/100
|-fieldstart|move: Psychic Terrain|[from] ability: Psychic Surge|[of] p2b: Indeedee
|-terastallize|p2a: Exeggutor|Psychic
|-terastallize|p1a: Dragapult|Dragon
|move|p2a: Exeggutor|Expanding Force|p1b: Volcarona|[spread] p1a,p1b
|-damage|p1a: Dragapult|0 fnt
|-damage|p1b: Volcarona|15/100
|faint|p1a: Dragapult
|move|p1b: Volcarona|Heat Wave|p2a: Exeggutor|[spread] p2a,p2b
|-damage|p2a: Exeggutor|16/100
|-damage|p2b: Indeedee|42/100
|
|-weather|SunnyDay|[upkeep]
|upkeep
|
|t:|1757195446
|switch|p1a: Rillaboom|Rillaboom, L50, M, shiny|100/100
|-fieldstart|move: Grassy Terrain|[from] ability: Grassy Surge|[of] p1a: Rillaboom
|turn|2
|inactive|EgoJJ has 30 seconds left.
|inactive|EgoJJ has 20 seconds left.
|inactive|EgoJJ has 15 seconds left.
|inactive|EgoJJ has 10 seconds left.
|
|t:|1757195494
|switch|p2a: Gallade|Gallade, L50, M|100/100
|switch|p2b: Torkoal|Torkoal, L50, F|100/100
|move|p1a: Rillaboom|Fake Out|p2a: Gallade
|-damage|p2a: Gallade|80/100
|move|p1b: Volcarona|Heat Wave|p2a: Gallade|[spread] p2a,p2b
|-resisted|p2b: Torkoal
|-crit|p2b: Torkoal
|-damage|p2a: Gallade|20/100
|-damage|p2b: Torkoal|34/100
|
|-weather|SunnyDay|[upkeep]
|-heal|p1b: Volcarona|22/100|[from] Grassy Terrain
|-heal|p2a: Gallade|26/100|[from] Grassy Terrain
|-heal|p2b: Torkoal|40/100|[from] Grassy Terrain
|upkeep
|turn|3
|inactive|Clementine1997 has 30 seconds left.
|inactive|EgoJJ has 30 seconds left.
|inactive|Clementine1997 has 20 seconds left.
|
|t:|1757195529
|move|p1b: Volcarona|Protect|p1b: Volcarona
|-singleturn|p1b: Volcarona|Protect
|move|p2b: Torkoal|Protect|p2b: Torkoal
|-singleturn|p2b: Torkoal|Protect
|move|p1a: Rillaboom|Grassy Glide|p2a: Gallade
|-damage|p2a: Gallade|0 fnt
|faint|p2a: Gallade
|
|-weather|SunnyDay|[upkeep]
|-heal|p1b: Volcarona|28/100|[from] Grassy Terrain
|-heal|p2b: Torkoal|47/100|[from] Grassy Terrain
|upkeep
|
|t:|1757195539
|switch|p2a: Exeggutor|Exeggutor, L50, F, tera:Psychic|16/100
|turn|4
|
|t:|1757195561
|switch|p1a: Electabuzz|Electabuzz, L50, M, shiny|100/100
|move|p1b: Volcarona|Protect|p1b: Volcarona
|-singleturn|p1b: Volcarona|Protect
|move|p2b: Torkoal|Weather Ball|p1a: Electabuzz
|-damage|p1a: Electabuzz|37/100
|move|p2a: Exeggutor|Trick Room|p2a: Exeggutor
|-fieldstart|move: Trick Room|[of] p2a: Exeggutor
|
|-weather|SunnyDay|[upkeep]
|-heal|p2b: Torkoal|53/100|[from] Grassy Terrain
|-heal|p1b: Volcarona|34/100|[from] Grassy Terrain
|-heal|p1a: Electabuzz|43/100|[from] Grassy Terrain
|-heal|p2a: Exeggutor|22/100|[from] Grassy Terrain
|upkeep
|turn|5
|inactive|EgoJJ has 30 seconds left.
|
|t:|1757195593
|move|p2b: Torkoal|Eruption|p1b: Volcarona|[spread] p1a,p1b
|-crit|p1a: Electabuzz
|-damage|p1a: Electabuzz|0 fnt
|-damage|p1b: Volcarona|0 fnt
|faint|p1a: Electabuzz
|faint|p1b: Volcarona
|move|p2a: Exeggutor|Expanding Force|p1: Electabuzz|[notarget]
|-fail|p2a: Exeggutor
|
|-weather|none
|-heal|p2b: Torkoal|59/100|[from] Grassy Terrain
|-heal|p2a: Exeggutor|28/100|[from] Grassy Terrain
|upkeep
|
|t:|1757195597
|switch|p1b: Rillaboom|Rillaboom, L50, M, shiny|100/100
|turn|6
|-message|Clementine1997 forfeited.
|
|win|EgoJJ
||Clementine1997 is ready for game 2.
||EgoJJ is ready for game 2.
|uhtml|next|Next: Game 2 of 3
|l|☆Clementine1997
|player|p1|
