|j|☆lettitripppp
|j|☆Muichiro25
|html|lettitrippppMuichiro25    
|uhtml|bestof|Game 2 of a best-of-3
|t:|1782768565
|gametype|doubles
|player|p1|lettitripppp|lucas|1197
|player|p2|Muichiro25|n|1128
|gen|9
|tier|[Gen 9 Champions] VGC 2026 Reg M-B (Bo3)
|rated|
|rule|Species Clause: Limit one of each Pokémon
|rule|Item Clause: Limit 1 of each item
|clearpoke
|poke|p1|Charizard, L50, F|
|poke|p1|Floette-Eternal, L50, F|
|poke|p1|Basculegion, L50, M, shiny|
|poke|p1|Garchomp, L50, F|
|poke|p1|Whimsicott, L50, M, shiny|
|poke|p1|Kingambit, L50, M|
|poke|p2|Garchomp, L50, M|
|poke|p2|Venusaur, L50, M|
|poke|p2|Charizard, L50, M|
|poke|p2|Farigiraf, L50, M|
|poke|p2|Sylveon, L50, M|
|poke|p2|Incineroar, L50, M|
|teampreview|4
|showteam|p1|Charizard||CharizarditeY|Blaze|WeatherBall,SolarBeam,HeatWave,Protect|Modest||F|||50|]Floette-Eternal||Floettite|FlowerVeil|DazzlingGleam,LightofRuin,Moonblast,Protect|Timid||F|||50|]Basculegion||MysticWater|Adaptability|LastRespects,WaveCrash,AquaJet,Protect|Adamant||M|||50|]Garchomp||LifeOrb|RoughSkin|DragonClaw,Earthquake,RockSlide,Protect|Jolly||F|||50|]Whimsicott||FocusSash|Prankster|Moonblast,Tailwind,Encore,Protect|Timid||M|||50|]Kingambit||ChopleBerry|Defiant|KowtowCleave,SuckerPunch,IronHead,LowKick|Adamant||M|||50|
|showteam|p2|Garchomp||LifeOrb|RoughSkin|DragonClaw,Earthquake,RockTomb,Protect|Jolly||M|||50|]Venusaur||FocusSash|Chlorophyll|SludgeBomb,Protect,EarthPower,GigaDrain|Modest||M|||50|]Charizard||CharizarditeY|Blaze|HeatWave,Protect,SolarBeam,WeatherBall|Modest||M|||50|]Farigiraf||ColburBerry|ArmorTail|TrickRoom,Psychic,Protect,Thunderbolt|Bold||M|||50|]Sylveon||FairyFeather|Pixilate|QuickAttack,HyperVoice,HyperBeam,Detect|Modest||M|||50|]Incineroar||SitrusBerry|Intimidate|FakeOut,PartingShot,FlareBlitz,ThroatChop|Careful||M|||50|
|inactive|Battle timer is ON: inactive players will automatically lose when time's up. (requested by lettitripppp)
|inactive|Muichiro25 also wants the timer to be on.
|inactive|Muichiro25 has 60 seconds left.
|
|t:|1782768619
|teamsize|p1|4
|teamsize|p2|4
|start
|switch|p1a: GHOSTWAVE|Basculegion, L50, M, shiny|100/100
|switch|p1b: LETS GO GO|Whimsicott, L50, M, shiny|100/100
|switch|p2a: Charizard|Charizard, L50, M|100/100
|switch|p2b: Garchomp|Garchomp, L50, M|100/100
|turn|1
|inactive|Muichiro25 has 30 seconds left.
|
|t:|1782768646
|switch|p2b: Venusaur|Venusaur, L50, M|100/100
|detailschange|p2a: Charizard|Charizard-Mega-Y, L50, M
|-mega|p2a: Charizard|Charizard|Charizardite Y
|-weather|SunnyDay|[from] ability: Drought|[of] p2a: Charizard
|move|p1b: LETS GO GO|Tailwind|p1b: LETS GO GO
|-sidestart|p1: lettitripppp|move: Tailwind
|move|p1a: GHOSTWAVE|Wave Crash|p2a: Charizard
|-supereffective|p2a: Charizard|1
|-damage|p2a: Charizard|0 fnt
|faint|p2a: Charizard
|-damage|p1a: GHOSTWAVE|75/100|[from] Recoil
|
|-weather|SunnyDay|[upkeep]
|upkeep
|
|t:|1782768658
|switch|p2a: Sylveon|Sylveon, L50, M|100/100
|turn|2
|
|t:|1782768665
|move|p1b: LETS GO GO|Moonblast|p2a: Sylveon
|-damage|p2a: Sylveon|78/100
|move|p2b: Venusaur|Giga Drain|p1a: GHOSTWAVE
|-supereffective|p1a: GHOSTWAVE|1
|-damage|p1a: GHOSTWAVE|0 fnt
|faint|p1a: GHOSTWAVE
|move|p2a: Sylveon|Hyper Voice|p1b: LETS GO GO
|-damage|p1b: LETS GO GO|7/100
|
|-weather|SunnyDay|[upkeep]
|upkeep
|
|t:|1782768676
|switch|p1a: AGNI|Charizard, L50, F|100/100
|turn|3
|
|t:|1782768689
|detailschange|p1a: AGNI|Charizard-Mega-Y, L50, F
|-mega|p1a: AGNI|Charizard|Charizardite Y
|move|p2b: Venusaur|Protect|p2b: Venusaur
|-singleturn|p2b: Venusaur|Protect
|move|p2a: Sylveon|Quick Attack|p1b: LETS GO GO
|-damage|p1b: LETS GO GO|0 fnt
|faint|p1b: LETS GO GO
|move|p1a: AGNI|Heat Wave|p2a: Sylveon|[spread] p2a
|-activate|p2b: Venusaur|move: Protect
|-damage|p2a: Sylveon|22/100
|
|-weather|SunnyDay|[upkeep]
|upkeep
|
|t:|1782768695
|switch|p1b: GENERAL BLADUS|Kingambit, L50, M|100/100
|turn|4
|
|t:|1782768710
|move|p2a: Sylveon|Detect|p2a: Sylveon
|-singleturn|p2a: Sylveon|Protect
|move|p1a: AGNI|Heat Wave|p2a: Sylveon|[spread] p2b
|-activate|p2a: Sylveon|move: Protect
|-supereffective|p2b: Venusaur|1
|-enditem|p2b: Venusaur|Focus Sash
|-damage|p2b: Venusaur|1/100
|move|p2b: Venusaur|Earth Power|p1b: GENERAL BLADUS
|-supereffective|p1b: GENERAL BLADUS|1
|-damage|p1b: GENERAL BLADUS|38/100
|move|p1b: GENERAL BLADUS|Kowtow Cleave|p2b: Venusaur
|-damage|p2b: Venusaur|0 fnt
|faint|p2b: Venusaur
|
|-weather|SunnyDay|[upkeep]
|-sideend|p1: lettitripppp|move: Tailwind
|upkeep
|
|t:|1782768724
|switch|p2b: Garchomp|Garchomp, L50, M|100/100
|turn|5
|
|t:|1782768735
|move|p2b: Garchomp|Rock Tomb|p1a: AGNI|[miss]
|-miss|p2b: Garchomp|p1a: AGNI
|move|p1a: AGNI|Heat Wave|p2a: Sylveon|[spread] p2a,p2b
|-resisted|p2b: Garchomp|1
|-damage|p2a: Sylveon|0 fnt
|-damage|p2b: Garchomp|65/100
|faint|p2a: Sylveon
|move|p1b: GENERAL BLADUS|Kowtow Cleave|p2b: Garchomp
|-damage|p2b: Garchomp|21/100
|-damage|p1b: GENERAL BLADUS|26/100|[from] ability: Rough Skin|[of] p2b: Garchomp
|
|-weather|none
|upkeep
|turn|6
|-message|Muichiro25 forfeited.
|
|win|lettitripppp
|l|☆Muichiro25
|player|p2|
||lettitripppp is ready for game 3.
||Muichiro25 is ready for game 3.
|uhtml|next|Next: Game 3 of 3
