|j|☆G for gall
|j|☆hackervgc
|html|G for gallhackervgc    
|uhtml|bestof|Game 1 of a best-of-3
|t:|1784058184
|gametype|doubles
|player|p1|G for gall|102|1140
|player|p2|hackervgc|ingo|1224
|gen|9
|tier|[Gen 9 Champions] VGC 2026 Reg M-B (Bo3)
|rated|
|rule|Species Clause: Limit one of each Pokémon
|rule|Item Clause: Limit 1 of each item
|clearpoke
|poke|p1|Metagross, L50|
|poke|p1|Sneasler, L50, M|
|poke|p1|Hydreigon, L50, M|
|poke|p1|Armarouge, L50, M|
|poke|p1|Maushold, L50|
|poke|p1|Eelektross, L50, M|
|poke|p2|Farigiraf, L50, F|
|poke|p2|Gholdengo, L50|
|poke|p2|Primarina, L50, F|
|poke|p2|Blaziken, L50, F|
|poke|p2|Whimsicott, L50, M|
|poke|p2|Scovillain, L50, M|
|teampreview|4
|showteam|p1|Metagross||Metagrossite|ClearBody|MeteorMash,PsychicFangs,BodyPress,Protect|Jolly|||||50|]Sneasler||FocusSash|Unburden|FakeOut,CloseCombat,DireClaw,QuickGuard|Jolly||M|||50|]Hydreigon||ChoiceScarf|Levitate|DarkPulse,DracoMeteor,HeatWave,Uturn|Modest||M|||50|]Armarouge||ColburBerry|FlashFire|ArmorCannon,Psychic,TrickRoom,Protect|Quiet||M|||50|]Maushold||SitrusBerry|FriendGuard|FollowMe,SuperFang,SunnyDay,Taunt|Impish|||||50|]Eelektross||Eelektrossite|Levitate|Thunderbolt,GigaDrain,Discharge,Protect|Modest||M|||50|
|showteam|p2|Farigiraf||SitrusBerry|ArmorTail|Psychic,TrickRoom,HelpingHand,Protect|Bold||F|||50|]Gholdengo||MetalCoat|GoodasGold|MakeItRain,ShadowBall,NastyPlot,Protect|Modest|||||50|]Primarina||LifeOrb|LiquidVoice|HyperVoice,Moonblast,Protect,ShadowBall|Modest||F|||50|]Blaziken||Blazikenite|SpeedBoost|CloseCombat,FlareBlitz,RockSlide,Protect|Adamant||F|||50|]Whimsicott||FocusSash|Prankster|Moonblast,Tailwind,Encore,Protect|Timid||M|||50|]Scovillain||Scovillainite|Moody|Overheat,RagePowder,GigaDrain,Protect|Calm||M|||50|
|
|t:|1784058277
|teamsize|p1|4
|teamsize|p2|4
|start
|switch|p1a: Armarouge|Armarouge, L50, M|100/100
|switch|p1b: Sneasler|Sneasler, L50, M|100/100
|switch|p2a: Farigiraf|Farigiraf, L50, F|100/100
|switch|p2b: Scovillain|Scovillain, L50, M|100/100
|turn|1
|
|t:|1784058314
|detailschange|p2b: Scovillain|Scovillain-Mega, L50, M
|-mega|p2b: Scovillain|Scovillain|Scovillainite
|move|p2b: Scovillain|Rage Powder|p2b: Scovillain
|-singleturn|p2b: Scovillain|move: Rage Powder
|move|p1b: Sneasler|Dire Claw|p2b: Scovillain
|-supereffective|p2b: Scovillain|1
|-damage|p2b: Scovillain|0 fnt
|-status|p1b: Sneasler|brn|[from] ability: Spicy Spray|[of] p2b: Scovillain
|faint|p2b: Scovillain
|move|p1a: Armarouge|Armor Cannon|p2a: Farigiraf
|-damage|p2a: Farigiraf|39/100
|-unboost|p1a: Armarouge|def|1
|-unboost|p1a: Armarouge|spd|1
|-enditem|p2a: Farigiraf|Sitrus Berry|[eat]
|-heal|p2a: Farigiraf|63/100|[from] item: Sitrus Berry
|move|p2a: Farigiraf|Trick Room|p2a: Farigiraf
|-fieldstart|move: Trick Room|[of] p2a: Farigiraf
|
|-damage|p1b: Sneasler|94/100 brn|[from] brn
|upkeep
|
|t:|1784058324
|switch|p2b: Primarina|Primarina, L50, F|100/100
|turn|2
|
|t:|1784058349
|switch|p1b: Hydreigon|Hydreigon, L50, M|100/100
|move|p2a: Farigiraf|Helping Hand|p2b: Primarina
|-singleturn|p2b: Primarina|Helping Hand|[of] p2a: Farigiraf
|move|p1a: Armarouge|Protect|p1a: Armarouge
|-singleturn|p1a: Armarouge|Protect
|move|p2b: Primarina|Hyper Voice|p1a: Armarouge|[spread] p1b
|-activate|p1a: Armarouge|move: Protect
|-resisted|p1b: Hydreigon|1
|-damage|p1b: Hydreigon|60/100
|-damage|p2b: Primarina|90/100|[from] item: Life Orb
|
|upkeep
|turn|3
|
|t:|1784058381
|move|p2a: Farigiraf|Protect|p2a: Farigiraf
|-singleturn|p2a: Farigiraf|Protect
|move|p2b: Primarina|Hyper Voice|p1a: Armarouge|[spread] p1a,p1b
|-supereffective|p1a: Armarouge|1
|-resisted|p1b: Hydreigon|1
|-damage|p1a: Armarouge|0 fnt
|-damage|p1b: Hydreigon|34/100
|faint|p1a: Armarouge
|-damage|p2b: Primarina|80/100|[from] item: Life Orb
|move|p1b: Hydreigon|Dark Pulse|p2a: Farigiraf
|-activate|p2a: Farigiraf|move: Protect
|
|upkeep
|
|t:|1784058386
|switch|p1a: Eelektross|Eelektross, L50, M|100/100
|turn|4
|
|t:|1784058406
|detailschange|p1a: Eelektross|Eelektross-Mega, L50, M
|-mega|p1a: Eelektross|Eelektross|Eelektrossite
|move|p2a: Farigiraf|Helping Hand|p2b: Primarina
|-singleturn|p2b: Primarina|Helping Hand|[of] p2a: Farigiraf
|move|p2b: Primarina|Moonblast|p1a: Eelektross
|-damage|p1a: Eelektross|0 fnt
|faint|p1a: Eelektross
|-damage|p2b: Primarina|71/100|[from] item: Life Orb
|move|p1b: Hydreigon|Dark Pulse|p2a: Farigiraf
|-supereffective|p2a: Farigiraf|1
|-damage|p2a: Farigiraf|0 fnt
|faint|p2a: Farigiraf
|
|upkeep
|
|t:|1784058414
|switch|p2a: Blaziken|Blaziken, L50, F|100/100
|switch|p1a: Sneasler|Sneasler, L50, M|94/100 brn
|turn|5
|-message|G for gall forfeited.
|
|win|hackervgc
|l|☆G for gall
|player|p1|
||hackervgc is ready for game 2.
||G for gall is ready for game 2.
|uhtml|next|Next: Game 2 of 3
