|j|☆ToyDollRi
|j|☆Abo Demi Demi
|html|ToyDollRiAbo Demi Demi    
|uhtml|bestof|Game 3 of a best-of-3
|t:|1756768842
|gametype|doubles
|player|p1|ToyDollRi|burglar|1152
|player|p2|Abo Demi Demi|unknown|1202
|gen|9
|tier|[Gen 9] VGC 2025 Reg H (Bo3)
|rated|
|rule|Species Clause: Limit one of each Pokémon
|rule|Item Clause: Limit 1 of each item
|clearpoke
|poke|p1|Electabuzz, L50, F|
|poke|p1|Kingambit, L50, M|
|poke|p1|Rillaboom, L50, M|
|poke|p1|Sneasler, L50, M|
|poke|p1|Volcarona, L50, F|
|poke|p1|Dragonite, L50, M|
|poke|p2|Rillaboom, L50, M|
|poke|p2|Sneasler, L50, F|
|poke|p2|Dragonite, L50, M|
|poke|p2|Ceruledge, L50, M|
|poke|p2|Electabuzz, L50, F|
|poke|p2|Primarina, L50, M|
|teampreview|4
|showteam|p1|Electabuzz||Eviolite|VitalSpirit|Thunderbolt,Taunt,FollowMe,Protect|||F|||50|,,,,,Ghost]Kingambit||BlackGlasses|Defiant|KowtowCleave,SuckerPunch,SwordsDance,Protect|||M|||50|,,,,,Dark]Rillaboom||AssaultVest|GrassySurge|FakeOut,HighHorsepower,WoodHammer,GrassyGlide|||M|||50|,,,,,Fire]Sneasler||FocusSash|PoisonTouch|DireClaw,CloseCombat,FakeOut,Coaching|||M|||50|,,,,,Stellar]Volcarona||Leftovers|FlameBody|HeatWave,TeraBlast,QuiverDance,Protect|||F|||50|,,,,,Fairy]Dragonite||LoadedDice|Multiscale|ExtremeSpeed,ScaleShot,Protect,Haze|||M|||50|,,,,,Steel
|showteam|p2|Rillaboom||AssaultVest|GrassySurge|FakeOut,WoodHammer,HighHorsepower,Uturn|||M|||50|,,,,,Fire]Sneasler||GrassySeed|Unburden|Coaching,DireClaw,CloseCombat,Protect|||F|||50|,,,,,Stellar]Dragonite||LoadedDice|InnerFocus|Protect,Haze,ScaleShot,ExtremeSpeed|||M|||50|,,,,,Fairy]Ceruledge||ClearAmulet|FlashFire|Protect,BitterBlade,BulkUp,ShadowSneak|||M|||50|,,,,,Grass]Electabuzz||Eviolite|VitalSpirit|Electroweb,FollowMe,Protect,Taunt|||F|||50|,,,,,Ghost]Primarina||Leftovers|LiquidVoice|CalmMind,HyperVoice,Moonblast,Protect|||M|||50|,,,,,Poison
|
|t:|1756768891
|teamsize|p1|4
|teamsize|p2|4
|start
|switch|p1a: Sneasler|Sneasler, L50, M|100/100
|switch|p1b: Dragonite|Dragonite, L50, M|100/100
|switch|p2a: Sneasler|Sneasler, L50, F|100/100
|switch|p2b: Ceruledge|Ceruledge, L50, M|100/100
|turn|1
|
|t:|1756768955
|switch|p2a: Electabuzz|Electabuzz, L50, F|100/100
|move|p1a: Sneasler|Fake Out|p2a: Electabuzz
|-crit|p2a: Electabuzz
|-damage|p2a: Electabuzz|83/100
|move|p1b: Dragonite|Scale Shot|p2b: Ceruledge|[miss]
|-miss|p1b: Dragonite|p2b: Ceruledge
|move|p2b: Ceruledge|Bulk Up|p2b: Ceruledge
|-boost|p2b: Ceruledge|atk|1
|-boost|p2b: Ceruledge|def|1
|
|upkeep
|turn|2
|
|t:|1756768979
|move|p1a: Sneasler|Dire Claw|p2b: Ceruledge
|-resisted|p2b: Ceruledge
|-damage|p2b: Ceruledge|83/100
|-status|p2b: Ceruledge|psn
|move|p2a: Electabuzz|Taunt|p1b: Dragonite
|-start|p1b: Dragonite|move: Taunt
|cant|p1b: Dragonite|move: Taunt|Haze
|move|p2b: Ceruledge|Bitter Blade|p1a: Sneasler
|-enditem|p1a: Sneasler|Focus Sash
|-damage|p1a: Sneasler|1/100
|-heal|p2b: Ceruledge|100/100 psn|[from] drain|[of] p1a: Sneasler
|
|-damage|p2b: Ceruledge|88/100 psn|[from] psn
|upkeep
|turn|3
|
|t:|1756769008
|move|p2b: Ceruledge|Shadow Sneak|p1a: Sneasler
|-damage|p1a: Sneasler|0 fnt
|faint|p1a: Sneasler
|move|p2a: Electabuzz|Electroweb|p1b: Dragonite
|-damage|p1b: Dragonite|90/100
|-unboost|p1b: Dragonite|spe|1
|move|p1b: Dragonite|Scale Shot|p2b: Ceruledge
|-damage|p2b: Ceruledge|76/100 psn
|-damage|p2b: Ceruledge|65/100 psn
|-damage|p2b: Ceruledge|53/100 psn
|-damage|p2b: Ceruledge|41/100 psn
|-damage|p2b: Ceruledge|29/100 psn
|-hitcount|p2b: Ceruledge|5
|-unboost|p1b: Dragonite|def|1
|-boost|p1b: Dragonite|spe|1
|
|-damage|p2b: Ceruledge|17/100 psn|[from] psn
|upkeep
|
|t:|1756769015
|switch|p1a: Electabuzz|Electabuzz, L50, F|100/100
|turn|4
|
|t:|1756769037
|move|p2a: Electabuzz|Follow Me|p2a: Electabuzz
|-singleturn|p2a: Electabuzz|move: Follow Me
|move|p1a: Electabuzz|Thunderbolt|p2a: Electabuzz
|-resisted|p2a: Electabuzz
|-damage|p2a: Electabuzz|72/100
|move|p1b: Dragonite|Scale Shot|p2a: Electabuzz
|-damage|p2a: Electabuzz|59/100
|-damage|p2a: Electabuzz|46/100
|-damage|p2a: Electabuzz|33/100
|-damage|p2a: Electabuzz|20/100
|-damage|p2a: Electabuzz|7/100
|-hitcount|p2a: Electabuzz|5
|-unboost|p1b: Dragonite|def|1
|-boost|p1b: Dragonite|spe|1
|move|p2b: Ceruledge|Bitter Blade|p1a: Electabuzz
|-damage|p1a: Electabuzz|50/100
|-heal|p2b: Ceruledge|41/100 psn|[from] drain|[of] p1a: Electabuzz
|
|-damage|p2b: Ceruledge|29/100 psn|[from] psn
|-end|p1b: Dragonite|move: Taunt
|upkeep
|turn|5
|
|t:|1756769068
|move|p1b: Dragonite|Extreme Speed|p2a: Electabuzz
|-damage|p2a: Electabuzz|0 fnt
|faint|p2a: Electabuzz
|move|p2b: Ceruledge|Shadow Sneak|p1b: Dragonite
|-damage|p1b: Dragonite|30/100
|move|p1a: Electabuzz|Thunderbolt|p2b: Ceruledge
|-damage|p2b: Ceruledge|5/100 psn
|
|-damage|p2b: Ceruledge|0 fnt|[from] psn
|faint|p2b: Ceruledge
|upkeep
|
|t:|1756769072
|switch|p2a: Sneasler|Sneasler, L50, F|100/100
|switch|p2b: Dragonite|Dragonite, L50, M|100/100
|turn|6
|
|t:|1756769112
|-terastallize|p1a: Electabuzz|Ghost
|-terastallize|p2b: Dragonite|Fairy
|move|p1b: Dragonite|Protect|p1b: Dragonite
|-singleturn|p1b: Dragonite|Protect
|move|p2a: Sneasler|Protect|p2a: Sneasler
|-singleturn|p2a: Sneasler|Protect
|move|p1a: Electabuzz|Taunt|p2b: Dragonite
|-start|p2b: Dragonite|move: Taunt
|move|p2b: Dragonite|Scale Shot|p1a: Electabuzz
|-damage|p1a: Electabuzz|38/100
|-damage|p1a: Electabuzz|25/100
|-damage|p1a: Electabuzz|14/100
|-damage|p1a: Electabuzz|3/100
|-damage|p1a: Electabuzz|0 fnt
|faint|p1a: Electabuzz
|-hitcount|p1: Electabuzz|5
|-unboost|p2b: Dragonite|def|1
|-boost|p2b: Dragonite|spe|1
|
|upkeep
|
|t:|1756769126
|switch|p1a: Kingambit|Kingambit, L50, M|100/100
|turn|7
|
|t:|1756769143
|move|p2b: Dragonite|Extreme Speed|p1b: Dragonite
|-crit|p1b: Dragonite
|-damage|p1b: Dragonite|0 fnt
|faint|p1b: Dragonite
|move|p1a: Kingambit|Sucker Punch|p2a: Sneasler
|-resisted|p2a: Sneasler
|-damage|p2a: Sneasler|57/100
|move|p2a: Sneasler|Close Combat|p1a: Kingambit
|-supereffective|p1a: Kingambit
|-damage|p1a: Kingambit|0 fnt
|-unboost|p2a: Sneasler|def|1
|-unboost|p2a: Sneasler|spd|1
|faint|p1a: Kingambit
|
|win|Abo Demi Demi
|raw|ToyDollRi's rating: 1152 → 1131(-21 for losing)
|raw|Abo Demi Demi's rating: 1202 → 1223(+21 for winning)
|l|☆ToyDollRi
|player|p1|
|c|☆Abo Demi Demi|gg
