|j|☆Andrea Pirlo 2
|j|☆Capravolante97
|html|Andrea Pirlo 2Capravolante97    
|uhtml|bestof|Game 3 of a best-of-3
|t:|1782234025
|gametype|doubles
|player|p1|Andrea Pirlo 2|volkner|
|player|p2|Capravolante97|fantina|
|gen|9
|tier|[Gen 9 Champions] VGC 2026 Reg M-B (Bo3)
|rule|Species Clause: Limit one of each Pokémon
|rule|Item Clause: Limit 1 of each item
|clearpoke
|poke|p1|Pelipper, L50, F|
|poke|p1|Swampert, L50, M|
|poke|p1|Basculegion, L50, M|
|poke|p1|Archaludon, L50, M|
|poke|p1|Floette-Eternal, L50, F|
|poke|p1|Whimsicott, L50, F|
|poke|p2|Gholdengo, L50|
|poke|p2|Scovillain, L50, F|
|poke|p2|Aerodactyl, L50, F|
|poke|p2|Garchomp, L50, F|
|poke|p2|Primarina, L50, F|
|poke|p2|Raichu, L50, M|
|teampreview|4
|showteam|p1|Pelipper||LifeOrb|Drizzle|WeatherBall,Hurricane,Tailwind,Protect|Modest||F|||50|]Swampert||Swampertite|Torrent|WaveCrash,HighHorsepower,IcePunch,Protect|Adamant||M|||50|]Basculegion||FocusSash|Adaptability|Liquidation,LastRespects,AquaJet,Protect|Adamant||M|||50|]Archaludon||Leftovers|Stamina|ElectroShot,DragonPulse,FlashCannon,Protect|Modest||M|||50|]Floette-Eternal||Floettite|FlowerVeil|LightofRuin,Moonblast,DazzlingGleam,Protect|Modest||F|||50|]Whimsicott||CobaBerry|Prankster|Moonblast,Tailwind,Encore,Protect|Bold||F|||50|
|showteam|p2|Gholdengo||LifeOrb|GoodasGold|MakeItRain,ShadowBall,NastyPlot,Protect|Timid|||||50|]Scovillain||Scovillainite|Moody|RagePowder,GigaDrain,Overheat,Protect|Bold||F|||50|]Aerodactyl||FocusSash|Unnerve|Tailwind,RockSlide,Protect,DualWingbeat|Jolly||F|||50|]Garchomp||ExpertBelt|RoughSkin|RockSlide,DragonClaw,Earthquake,Protect|Jolly||F|||50|]Primarina||MysticWater|LiquidVoice|CalmMind,HyperVoice,Moonblast,Protect|Modest||F|||50|]Raichu||RaichuniteY|LightningRod|ZapCannon,FocusBlast,Protect,FakeOut|Timid||M|||50|
|inactive|Battle timer is ON: inactive players will automatically lose when time's up. (requested by Capravolante97)
|inactive|Andrea Pirlo 2 also wants the timer to be on.
|inactive|Capravolante97 has 60 seconds left.
|inactive|Capravolante97 has 30 seconds left.
|inactive|Capravolante97 has 20 seconds left.
|
|t:|1782234100
|teamsize|p1|4
|teamsize|p2|4
|start
|switch|p1a: Pelipper|Pelipper, L50, F|100/100
|switch|p1b: Swampert|Swampert, L50, M|100/100
|switch|p2a: Aerodactyl|Aerodactyl, L50, F|100/100
|switch|p2b: Raichu|Raichu, L50, M|100/100
|-ability|p2a: Aerodactyl|Unnerve
|-weather|RainDance|[from] ability: Drizzle|[of] p1a: Pelipper
|turn|1
|
|t:|1782234117
|switch|p1a: Archaludon|Archaludon, L50, M|100/100
|detailschange|p2b: Raichu|Raichu-Mega-Y, L50, M
|-mega|p2b: Raichu|Raichu|Raichunite Y
|detailschange|p1b: Swampert|Swampert-Mega, L50, M
|-mega|p1b: Swampert|Swampert|Swampertite
|move|p2b: Raichu|Fake Out|p1b: Swampert
|-damage|p1b: Swampert|93/100
|cant|p1b: Swampert|flinch
|move|p2a: Aerodactyl|Tailwind|p2a: Aerodactyl
|-sidestart|p2: Capravolante97|move: Tailwind
|
|-weather|RainDance|[upkeep]
|upkeep
|turn|2
|inactive|Andrea Pirlo 2 has 30 seconds left.
|
|t:|1782234143
|switch|p1a: Pelipper|Pelipper, L50, F|100/100
|move|p2a: Aerodactyl|Dual Wingbeat|p1b: Swampert
|-damage|p1b: Swampert|75/100
|-damage|p1b: Swampert|60/100
|-hitcount|p1b: Swampert|2
|move|p2b: Raichu|Focus Blast|p1a: Pelipper
|-resisted|p1a: Pelipper|1
|-damage|p1a: Pelipper|64/100
|-unboost|p1a: Pelipper|spd|1
|move|p1b: Swampert|High Horsepower|p2b: Raichu
|-supereffective|p2b: Raichu|1
|-damage|p2b: Raichu|0 fnt
|faint|p2b: Raichu
|
|-weather|RainDance|[upkeep]
|upkeep
|
|t:|1782234163
|switch|p2b: Garchomp|Garchomp, L50, F|100/100
|turn|3
|inactive|Andrea Pirlo 2 has 30 seconds left.
|
|t:|1782234192
|move|p1b: Swampert|Protect|p1b: Swampert
|-singleturn|p1b: Swampert|Protect
|move|p1a: Pelipper|Protect|p1a: Pelipper
|-singleturn|p1a: Pelipper|Protect
|move|p2a: Aerodactyl|Rock Slide|p1a: Pelipper|[spread] 
|-activate|p1a: Pelipper|move: Protect
|-activate|p1b: Swampert|move: Protect
|move|p2b: Garchomp|Earthquake|p1b: Swampert|[spread] 
|-activate|p1a: Pelipper|move: Protect
|-activate|p1b: Swampert|move: Protect
|-immune|p2a: Aerodactyl
|
|-weather|RainDance|[upkeep]
|upkeep
|turn|4
|
|t:|1782234201
|switch|p1a: Archaludon|Archaludon, L50, M|100/100
|move|p2a: Aerodactyl|Rock Slide|p1b: Swampert|[spread] p1a,p1b
|-resisted|p1a: Archaludon|1
|-resisted|p1b: Swampert|1
|-damage|p1a: Archaludon|90/100
|-damage|p1b: Swampert|48/100
|-ability|p1a: Archaludon|Stamina|boost
|-boost|p1a: Archaludon|def|1
|move|p2b: Garchomp|Earthquake|p1a: Archaludon|[spread] p1a,p1b
|-immune|p2a: Aerodactyl
|-supereffective|p1a: Archaludon|1
|-damage|p1a: Archaludon|47/100
|-damage|p1b: Swampert|12/100
|-ability|p1a: Archaludon|Stamina|boost
|-boost|p1a: Archaludon|def|1
|move|p1b: Swampert|Ice Punch|p2b: Garchomp
|-supereffective|p2b: Garchomp|2
|-damage|p2b: Garchomp|0 fnt
|-damage|p1b: Swampert|1/100|[from] ability: Rough Skin|[of] p2b: Garchomp
|faint|p2b: Garchomp
|
|-weather|RainDance|[upkeep]
|-heal|p1a: Archaludon|53/100|[from] item: Leftovers
|-sideend|p2: Capravolante97|move: Tailwind
|upkeep
|
|t:|1782234219
|switch|p2b: Primarina|Primarina, L50, F|100/100
|turn|5
|
|t:|1782234228
|move|p1b: Swampert|Wave Crash|p2b: Primarina
|-resisted|p2b: Primarina|1
|-damage|p2b: Primarina|24/100
|-damage|p1b: Swampert|0 fnt|[from] Recoil
|faint|p1b: Swampert
|move|p2a: Aerodactyl|Tailwind|p2a: Aerodactyl
|-sidestart|p2: Capravolante97|move: Tailwind
|move|p2b: Primarina|Moonblast|p1a: Archaludon
|-damage|p1a: Archaludon|4/100
|-ability|p1a: Archaludon|Stamina|boost
|-boost|p1a: Archaludon|def|1
|move|p1a: Archaludon|Electro Shot||[still]
|-prepare|p1a: Archaludon|Electro Shot
|-boost|p1a: Archaludon|spa|1
|-anim|p1a: Archaludon|Electro Shot|p2a: Aerodactyl
|-supereffective|p2a: Aerodactyl|1
|-enditem|p2a: Aerodactyl|Focus Sash
|-damage|p2a: Aerodactyl|1/100
|
|-weather|none
|-heal|p1a: Archaludon|10/100|[from] item: Leftovers
|upkeep
|
|t:|1782234243
|switch|p1b: Basculegion|Basculegion, L50, M|100/100
|turn|6
|
|t:|1782234251
|switch|p1a: Pelipper|Pelipper, L50, F|64/100
|-weather|RainDance|[from] ability: Drizzle|[of] p1a: Pelipper
|move|p2a: Aerodactyl|Protect|p2a: Aerodactyl
|-singleturn|p2a: Aerodactyl|Protect
|move|p1b: Basculegion|Aqua Jet|p2b: Primarina
|-resisted|p2b: Primarina|1
|-damage|p2b: Primarina|0 fnt
|faint|p2b: Primarina
|
|-weather|RainDance|[upkeep]
|upkeep
|turn|7
|-message|Capravolante97 forfeited.
|
|win|Andrea Pirlo 2
