|j|☆tang de maracuja
|j|☆lillyrosethedemon
|html|tang de maracujalillyrosethedemon    
|uhtml|bestof|Game 1 of a best-of-3
|t:|1785255515
|gametype|doubles
|player|p1|tang de maracuja|morty|1327
|player|p2|lillyrosethedemon|madame|1218
|gen|9
|tier|[Gen 9 Champions] VGC 2026 Reg M-B (Bo3)
|rated|
|rule|Species Clause: Limit one of each Pokémon
|rule|Item Clause: Limit 1 of each item
|clearpoke
|poke|p1|Froslass, L50, F|
|poke|p1|Basculegion, L50, M|
|poke|p1|Kingambit, L50, F|
|poke|p1|Sneasler, L50, M|
|poke|p1|Lycanroc-Dusk, L50, F|
|poke|p1|Scovillain, L50, M, shiny|
|poke|p2|Staraptor, L50, F|
|poke|p2|Delphox, L50, F|
|poke|p2|Glimmora, L50, F|
|poke|p2|Kingambit, L50, F|
|poke|p2|Whimsicott, L50, F|
|poke|p2|Garchomp, L50, M|
|teampreview|4
|showteam|p1|Froslass||Froslassite|CursedBody|Blizzard,ShadowBall,AuroraVeil,Protect|Timid||F|||50|]Basculegion||SitrusBerry|Adaptability|WaveCrash,LastRespects,AquaJet,Protect|Adamant||M|||50|]Kingambit||BlackGlasses|Defiant|KowtowCleave,SuckerPunch,SwordsDance,Protect|Adamant||F|||50|]Sneasler||WhiteHerb|Unburden|CloseCombat,GunkShot,Protect,FakeOut|Adamant||M|||50|]Lycanroc-Dusk||FocusSash|ToughClaws|CloseCombat,Accelerock,RockSlide,Protect|Adamant||F|||50|]Scovillain||Scovillainite|Moody|GigaDrain,Overheat,RagePowder,Protect|Bold||M|||50|
|showteam|p2|Staraptor||Staraptite|Intimidate|BraveBird,CloseCombat,Protect,Roost|Jolly||F|||50|]Delphox||Delphoxite|Blaze|Substitute,Psyshock,HeatWave,Protect|Timid||F|||50|]Glimmora||FocusSash|ToxicDebris|EarthPower,SpikyShield,PowerGem,SludgeBomb|Timid||F|||50|]Kingambit||ChopleBerry|Defiant|KowtowCleave,LowKick,SuckerPunch,IronHead|Adamant||F|||50|]Whimsicott||OccaBerry|Prankster|Moonblast,Charm,Encore,Tailwind|Timid||F|||50|]Garchomp||LifeOrb|SandVeil|RockSlide,StompingTantrum,Protect,DragonClaw|Adamant||M|||50|
|inactive|Battle timer is ON: inactive players will automatically lose when time's up. (requested by tang de maracuja)
|inactive|lillyrosethedemon has 60 seconds left.
|
|t:|1785255558
|teamsize|p1|4
|teamsize|p2|4
|start
|switch|p1a: Froslass|Froslass, L50, F|100/100
|switch|p1b: Kingambit|Kingambit, L50, F|100/100
|switch|p2a: Glimmora|Glimmora, L50, F|100/100
|switch|p2b: Delphox|Delphox, L50, F|100/100
|turn|1
|
|t:|1785255582
|detailschange|p1a: Froslass|Froslass-Mega, L50, F
|-mega|p1a: Froslass|Froslass|Froslassite
|-weather|Snowscape|[from] ability: Snow Warning|[of] p1a: Froslass
|move|p2b: Delphox|Protect|p2b: Delphox
|-singleturn|p2b: Delphox|Protect
|move|p1a: Froslass|Aurora Veil|p1a: Froslass
|-sidestart|p1: tang de maracuja|move: Aurora Veil
|move|p2a: Glimmora|Earth Power|p1b: Kingambit
|-supereffective|p1b: Kingambit|1
|-damage|p1b: Kingambit|61/100
|move|p1b: Kingambit|Kowtow Cleave|p2b: Delphox
|-activate|p2b: Delphox|move: Protect
|
|-weather|Snowscape|[upkeep]
|upkeep
|turn|2
|inactive|lillyrosethedemon has 30 seconds left.
|
|t:|1785255608
|detailschange|p2b: Delphox|Delphox-Mega, L50, F
|-mega|p2b: Delphox|Delphox|Delphoxite
|move|p1b: Kingambit|Sucker Punch|p2b: Delphox
|-supereffective|p2b: Delphox|1
|-damage|p2b: Delphox|0 fnt
|faint|p2b: Delphox
|move|p1a: Froslass|Shadow Ball|p2a: Glimmora
|-crit|p2a: Glimmora
|-damage|p2a: Glimmora|26/100
|move|p2a: Glimmora|Power Gem|p1a: Froslass
|-supereffective|p1a: Froslass|1
|-damage|p1a: Froslass|48/100
|
|-weather|Snowscape|[upkeep]
|upkeep
|
|t:|1785255619
|switch|p2b: Kingambit|Kingambit, L50, F|100/100
|turn|3
|
|t:|1785255639
|switch|p1a: Sneasler|Sneasler, L50, M|100/100
|move|p1b: Kingambit|Protect|p1b: Kingambit
|-singleturn|p1b: Kingambit|Protect
|move|p2b: Kingambit|Sucker Punch||[still]
|-fail|p2b: Kingambit
|move|p2a: Glimmora|Earth Power|p1b: Kingambit
|-activate|p1b: Kingambit|move: Protect
|
|-weather|Snowscape|[upkeep]
|upkeep
|turn|4
|
|t:|1785255661
|switch|p2b: Whimsicott|Whimsicott, L50, F|100/100
|move|p2a: Glimmora|Spiky Shield|p2a: Glimmora
|-singleturn|p2a: Glimmora|move: Protect
|move|p1a: Sneasler|Fake Out|p2b: Whimsicott
|-crit|p2b: Whimsicott
|-damage|p2b: Whimsicott|77/100
|move|p1b: Kingambit|Sucker Punch||[still]
|-fail|p1b: Kingambit
|
|-weather|Snowscape|[upkeep]
|upkeep
|turn|5
|
|t:|1785255685
|switch|p1a: Basculegion|Basculegion, L50, M|100/100
|switch|p2a: Kingambit|Kingambit, L50, F|100/100
|move|p2b: Whimsicott|Encore||[still]
|-fail|p2b: Whimsicott
|move|p1b: Kingambit|Sucker Punch||[still]
|-fail|p1b: Kingambit
|
|-weather|none
|-sideend|p1: tang de maracuja|move: Aurora Veil
|upkeep
|turn|6
|inactive|tang de maracuja has 30 seconds left.
|
|t:|1785255713
|move|p2b: Whimsicott|Charm|p1a: Basculegion
|-unboost|p1a: Basculegion|atk|2
|move|p1b: Kingambit|Sucker Punch|p2a: Kingambit
|-resisted|p2a: Kingambit|1
|-damage|p2a: Kingambit|81/100
|move|p1a: Basculegion|Wave Crash|p2a: Kingambit
|-damage|p2a: Kingambit|54/100
|-damage|p1a: Basculegion|91/100|[from] Recoil
|move|p2a: Kingambit|Low Kick|p1b: Kingambit
|-supereffective|p1b: Kingambit|2
|-damage|p1b: Kingambit|0 fnt
|faint|p1b: Kingambit
|
|upkeep
|
|t:|1785255719
|switch|p1b: Sneasler|Sneasler, L50, M|100/100
|turn|7
|
|t:|1785255735
|move|p1a: Basculegion|Protect|p1a: Basculegion
|-singleturn|p1a: Basculegion|Protect
|move|p2b: Whimsicott|Charm|p1b: Sneasler
|-unboost|p1b: Sneasler|atk|2
|-enditem|p1b: Sneasler|White Herb
|-clearnegativeboost|p1b: Sneasler|[silent]
|move|p1b: Sneasler|Close Combat|p2a: Kingambit
|-supereffective|p2a: Kingambit|2
|-crit|p2a: Kingambit
|-enditem|p2a: Kingambit|Chople Berry|[eat]
|-enditem|p2a: Kingambit|Chople Berry|[weaken]
|-damage|p2a: Kingambit|0 fnt
|-unboost|p1b: Sneasler|def|1
|-unboost|p1b: Sneasler|spd|1
|faint|p2a: Kingambit
|
|upkeep
|-message|lillyrosethedemon forfeited.
|
|win|tang de maracuja
|l|☆lillyrosethedemon
|player|p2|
||tang de maracuja is ready for game 2.
||lillyrosethedemon is ready for game 2.
|uhtml|next|Next: Game 2 of 3
|l|☆tang de maracuja
|player|p1|
|j| 5wamp
