|j|☆don zaloog is real
|j|☆tessa scarlet
|html|don zaloog is realtessa scarlet    
|uhtml|bestof|Game 3 of a best-of-3
|t:|1756237994
|gametype|doubles
|player|p1|don zaloog is real|collector|1275
|player|p2|tessa scarlet|102|1271
|gen|9
|tier|[Gen 9] VGC 2025 Reg H (Bo3)
|rated|
|rule|Species Clause: Limit one of each Pokémon
|rule|Item Clause: Limit 1 of each item
|clearpoke
|poke|p1|Rillaboom, L50, M|
|poke|p1|Volcarona, L50, F|
|poke|p1|Kingambit, L50, M|
|poke|p1|Ninetales-Alola, L50, F|
|poke|p1|Basculegion, L50, M|
|poke|p1|Electabuzz, L50, M|
|poke|p2|Charizard, L50, F|
|poke|p2|Torkoal, L50, M|
|poke|p2|Porygon2, L50|
|poke|p2|Incineroar, L50, F|
|poke|p2|Jumpluff, L50, F|
|poke|p2|Ursaluna, L50, M|
|teampreview|4
|showteam|p1|Rillaboom||AssaultVest|GrassySurge|WoodHammer,GrassyGlide,HighHorsepower,FakeOut|||M|||50|,,,,,Fire]Volcarona||GrassySeed|FlameBody|HeatWave,GigaDrain,QuiverDance,Protect|||F|||50|,,,,,Grass]Kingambit||SafetyGoggles|Defiant|KowtowCleave,SuckerPunch,SwordsDance,Protect|||M|||50|,,,,,Dark]Ninetales-Alola||FocusSash|SnowWarning|Blizzard,Encore,Disable,Protect|||F|||50|,,,,,Ghost]Basculegion||ChoiceScarf|Adaptability|WaveCrash,LastRespects,FlipTurn,AquaJet|||M|||50|,,,,,Dragon]Electabuzz||Eviolite|VitalSpirit|Thunderbolt,FollowMe,Taunt,HelpingHand|||M|||50|,,,,,Fairy
|showteam|p2|Charizard||ChoiceSpecs|SolarPower|HeatWave,Overheat,WeatherBall,AirSlash|||F|||50|,,,,,Ghost]Torkoal||EjectPack|Drought|Eruption,Overheat,HelpingHand,Protect|||M|||50|,,,,,Fire]Porygon2||Eviolite|Download|IceBeam,TeraBlast,TrickRoom,Recover||||||50|,,,,,Fighting]Incineroar||SitrusBerry|Intimidate|FlareBlitz,KnockOff,FakeOut,PartingShot|||F|||50|,,,,,Ghost]Jumpluff||CovertCloak|Chlorophyll|SleepPowder,SunnyDay,RagePowder,Tailwind|||F|||50|,,,,,Water]Ursaluna||FlameOrb|Guts|HeadlongRush,Facade,Earthquake,Protect|||M|||50|,,,,,Ghost
|
|t:|1756238041
|teamsize|p1|4
|teamsize|p2|4
|start
|switch|p1a: Electabuzz|Electabuzz, L50, M|100/100
|switch|p1b: Basculegion|Basculegion, L50, M|100/100
|switch|p2a: Torkoal|Torkoal, L50, M|100/100
|switch|p2b: Porygon2|Porygon2, L50|100/100
|-ability|p2b: Porygon2|Download|boost
|-boost|p2b: Porygon2|atk|1
|-weather|SunnyDay|[from] ability: Drought|[of] p2a: Torkoal
|turn|1
|
|t:|1756238060
|move|p1b: Basculegion|Wave Crash|p2a: Torkoal
|-supereffective|p2a: Torkoal
|-damage|p2a: Torkoal|44/100
|-damage|p1b: Basculegion|84/100|[from] Recoil
|move|p1a: Electabuzz|Taunt|p2b: Porygon2
|-start|p2b: Porygon2|move: Taunt
|move|p2b: Porygon2|Tera Blast|p1b: Basculegion
|-immune|p1b: Basculegion
|move|p2a: Torkoal|Overheat|p1b: Basculegion
|-resisted|p1b: Basculegion
|-damage|p1b: Basculegion|37/100
|-unboost|p2a: Torkoal|spa|2
|-enditem|p2a: Torkoal|Eject Pack
|
|t:|1756238070
|switch|p2a: Ursaluna|Ursaluna, L50, M|100/100
|
|-weather|SunnyDay|[upkeep]
|-status|p2a: Ursaluna|brn|[from] item: Flame Orb
|upkeep
|turn|2
|
|t:|1756238097
|switch|p2b: Jumpluff|Jumpluff, L50, F, shiny|100/100
|move|p1a: Electabuzz|Helping Hand|p1b: Basculegion
|-singleturn|p1b: Basculegion|Helping Hand|[of] p1a: Electabuzz
|move|p1b: Basculegion|Wave Crash|p2a: Ursaluna
|-supereffective|p2a: Ursaluna
|-damage|p2a: Ursaluna|6/100 brn
|-damage|p1b: Basculegion|4/100|[from] Recoil
|move|p2a: Ursaluna|Earthquake|p1a: Electabuzz|[spread] p1a,p1b
|-immune|p2b: Jumpluff
|-supereffective|p1a: Electabuzz
|-damage|p1a: Electabuzz|0 fnt
|-damage|p1b: Basculegion|0 fnt
|faint|p1a: Electabuzz
|faint|p1b: Basculegion
|
|-weather|SunnyDay|[upkeep]
|-damage|p2a: Ursaluna|0 fnt|[from] brn
|faint|p2a: Ursaluna
|upkeep
|
|t:|1756238113
|switch|p1a: Kingambit|Kingambit, L50, M|100/100
|switch|p1b: Ninetales|Ninetales-Alola, L50, F|100/100
|switch|p2a: Porygon2|Porygon2, L50|100/100
|-weather|Snowscape|[from] ability: Snow Warning|[of] p1b: Ninetales
|-ability|p2a: Porygon2|Download|boost
|-boost|p2a: Porygon2|spa|1
|turn|3
|
|t:|1756238157
|switch|p2b: Torkoal|Torkoal, L50, M|44/100
|-weather|SunnyDay|[from] ability: Drought|[of] p2b: Torkoal
|-terastallize|p2a: Porygon2|Fighting
|move|p1a: Kingambit|Protect|p1a: Kingambit
|-singleturn|p1a: Kingambit|Protect
|move|p1b: Ninetales|Blizzard|p2a: Porygon2|[spread] p2b
|-miss|p1b: Ninetales|p2a: Porygon2
|-resisted|p2b: Torkoal
|-damage|p2b: Torkoal|24/100
|move|p2a: Porygon2|Tera Blast|p1a: Kingambit|[anim] Tera Blast Fighting
|-activate|p1a: Kingambit|move: Protect
|
|-weather|SunnyDay|[upkeep]
|upkeep
|turn|4
|
|t:|1756238187
|switch|p2a: Jumpluff|Jumpluff, L50, F, shiny|100/100
|move|p1b: Ninetales|Disable||[still]
|-fail|p1b: Ninetales
|move|p1a: Kingambit|Kowtow Cleave|p2b: Torkoal
|-damage|p2b: Torkoal|0 fnt
|faint|p2b: Torkoal
|
|-weather|SunnyDay|[upkeep]
|upkeep
|
|t:|1756238192
|switch|p2b: Porygon2|Porygon2, L50, tera:Fighting|100/100
|-ability|p2b: Porygon2|Download|boost
|-boost|p2b: Porygon2|spa|1
|turn|5
|
|t:|1756238211
|move|p1a: Kingambit|Protect|p1a: Kingambit
|-singleturn|p1a: Kingambit|Protect
|move|p2a: Jumpluff|Sleep Powder|p1b: Ninetales
|-status|p1b: Ninetales|slp|[from] move: Sleep Powder
|cant|p1b: Ninetales|slp
|move|p2b: Porygon2|Tera Blast|p1a: Kingambit|[anim] Tera Blast Fighting
|-activate|p1a: Kingambit|move: Protect
|
|-weather|SunnyDay|[upkeep]
|upkeep
|turn|6
|
|t:|1756238222
|-terastallize|p1a: Kingambit|Dark
|move|p2a: Jumpluff|Rage Powder|p2a: Jumpluff
|-singleturn|p2a: Jumpluff|move: Rage Powder
|move|p1a: Kingambit|Sucker Punch|p2b: Porygon2
|-resisted|p2b: Porygon2
|-crit|p2b: Porygon2
|-damage|p2b: Porygon2|72/100
|cant|p1b: Ninetales|slp
|move|p2b: Porygon2|Tera Blast|p1a: Kingambit|[anim] Tera Blast Fighting
|-supereffective|p1a: Kingambit
|-damage|p1a: Kingambit|0 fnt
|faint|p1a: Kingambit
|
|-weather|SunnyDay|[upkeep]
|upkeep
|turn|7
|
|t:|1756238232
|move|p2a: Jumpluff|Tailwind|p2a: Jumpluff
|-sidestart|p2: tessa scarlet|move: Tailwind
|cant|p1b: Ninetales|slp
|move|p2b: Porygon2|Tera Blast|p1b: Ninetales|[anim] Tera Blast Fighting
|-crit|p1b: Ninetales
|-enditem|p1b: Ninetales|Focus Sash
|-damage|p1b: Ninetales|1/100 slp
|
|-weather|none
|upkeep
|turn|8
|
|t:|1756238243
|move|p2a: Jumpluff|Rage Powder|p2a: Jumpluff
|-singleturn|p2a: Jumpluff|move: Rage Powder
|-curestatus|p1b: Ninetales|slp|[msg]
|move|p1b: Ninetales|Blizzard|p2b: Porygon2|[spread] p2a
|-miss|p1b: Ninetales|p2b: Porygon2
|-supereffective|p2a: Jumpluff
|-damage|p2a: Jumpluff|0 fnt
|faint|p2a: Jumpluff
|move|p2b: Porygon2|Tera Blast|p1b: Ninetales|[anim] Tera Blast Fighting
|-damage|p1b: Ninetales|0 fnt
|faint|p1b: Ninetales
|
|win|tessa scarlet
|raw|don zaloog is real's rating: 1275 → 1250(-25 for losing)
|raw|tessa scarlet's rating: 1271 → 1296(+25 for winning)
