|j|‽derainer
|j|☆shiroblast
|html|derainershiroblast    
|uhtml|bestof|Game 3 of a best-of-3
|t:|1785898493
|gametype|doubles
|player|p1|derainer|hilbert|1141
|player|p2|shiroblast|benga|1109
|gen|9
|tier|[Gen 9 Champions] VGC 2026 Reg M-B (Bo3)
|rated|
|rule|Species Clause: Limit one of each Pokémon
|rule|Item Clause: Limit 1 of each item
|clearpoke
|poke|p1|Farigiraf, L50, F|
|poke|p1|Sylveon, L50, F|
|poke|p1|Incineroar, L50, F|
|poke|p1|Tyranitar, L50, F|
|poke|p1|Primarina, L50, F|
|poke|p1|Scovillain, L50, M|
|poke|p2|Swampert, L50, F|
|poke|p2|Archaludon, L50, M|
|poke|p2|Tyranitar, L50, F|
|poke|p2|Pelipper, L50, M|
|poke|p2|Mawile, L50, F|
|poke|p2|Sinistcha-Masterpiece, L50|
|teampreview|4
|showteam|p1|Farigiraf||ColburBerry|ArmorTail|Reflect,TrickRoom,HelpingHand,Psychic|Sassy||F|||50|]Sylveon||FairyFeather|Pixilate|HyperVoice,DrainingKiss,Protect,CalmMind|Modest||F|||50|]Incineroar||WhiteHerb|Intimidate|FakeOut,PartingShot,DarkestLariat,CloseCombat|Adamant||F|||50|]Tyranitar||ChopleBerry|SandStream|RockSlide,LowKick,Protect,HighHorsepower|Adamant||F|||50|]Primarina||SitrusBerry|LiquidVoice|Protect,HyperVoice,DrainingKiss,CalmMind|Modest||F|||50|]Scovillain||Scovillainite|Moody|RagePowder,Flamethrower,LeechSeed,GigaDrain|Calm||M|||50|
|showteam|p2|Swampert||Swampertite|Torrent|WaveCrash,IcePunch,Earthquake,Protect|Adamant||F|||50|]Archaludon||Leftovers|Stamina|DragonPulse,ElectroShot,FlashCannon,Protect|Calm||M|||50|]Tyranitar||LifeOrb|SandStream|KnockOff,RockSlide,StompingTantrum,Protect|Jolly||F|||50|]Pelipper||FocusSash|Drizzle|Hurricane,HelpingHand,Tailwind,WideGuard|Timid||M|||50|]Mawile||Mawilite|Intimidate|SuckerPunch,PlayRough,SwordsDance,Protect|Adamant||F|||50|]Sinistcha-Masterpiece||CobaBerry|Hospitality|RagePowder,MatchaGotcha,TrickRoom,Protect|Calm|||||50|
|
|t:|1785898509
|teamsize|p1|4
|teamsize|p2|4
|start
|switch|p1a: Farigiraf|Farigiraf, L50, F|100/100
|switch|p1b: Incineroar|Incineroar, L50, F|100/100
|switch|p2a: Pelipper|Pelipper, L50, M|100/100
|switch|p2b: Swampert|Swampert, L50, F|100/100
|-weather|RainDance|[from] ability: Drizzle|[of] p2a: Pelipper
|-ability|p1b: Incineroar|Intimidate|boost
|-unboost|p2a: Pelipper|atk|1
|-unboost|p2b: Swampert|atk|1
|turn|1
|
|t:|1785898528
|switch|p2b: Sinistcha|Sinistcha-Masterpiece, L50|100/100
|move|p1b: Incineroar|Fake Out|p2a: Pelipper
|-damage|p2a: Pelipper|81/100
|cant|p2a: Pelipper|flinch
|move|p1a: Farigiraf|Trick Room|p1a: Farigiraf
|-fieldstart|move: Trick Room|[of] p1a: Farigiraf
|
|-weather|RainDance|[upkeep]
|upkeep
|turn|2
|
|t:|1785898547
|move|p1a: Farigiraf|Reflect|p1a: Farigiraf
|-sidestart|p1: derainer|Reflect
|move|p1b: Incineroar|Parting Shot|p2a: Pelipper
|-unboost|p2a: Pelipper|atk|1
|-unboost|p2a: Pelipper|spa|1
|
|t:|1785898551
|switch|p1b: Scovillain|Scovillain, L50, M|100/100|[from] Parting Shot
|move|p2a: Pelipper|Hurricane|p1b: Scovillain
|-supereffective|p1b: Scovillain|1
|-damage|p1b: Scovillain|35/100
|-start|p1b: Scovillain|confusion
|move|p2b: Sinistcha|Trick Room|p2b: Sinistcha
|-fieldend|move: Trick Room
|
|-weather|RainDance|[upkeep]
|-ability|p1b: Scovillain|Moody|boost
|-boost|p1b: Scovillain|spa|2
|-unboost|p1b: Scovillain|spe|1
|upkeep
|turn|3
|
|t:|1785898576
|detailschange|p1b: Scovillain|Scovillain-Mega, L50, M
|-mega|p1b: Scovillain|Scovillain|Scovillainite
|move|p2a: Pelipper|Hurricane|p1b: Scovillain
|-supereffective|p1b: Scovillain|1
|-damage|p1b: Scovillain|0 fnt
|-status|p2a: Pelipper|brn|[from] ability: Spicy Spray|[of] p1b: Scovillain
|faint|p1b: Scovillain
|move|p2b: Sinistcha|Matcha Gotcha|p1a: Farigiraf
|-damage|p1a: Farigiraf|69/100
|move|p1a: Farigiraf|Trick Room|p1a: Farigiraf
|-fieldstart|move: Trick Room|[of] p1a: Farigiraf
|
|-weather|RainDance|[upkeep]
|-damage|p2a: Pelipper|75/100 brn|[from] brn
|upkeep
|
|t:|1785898591
|switch|p1b: Incineroar|Incineroar, L50, F|100/100
|-ability|p1b: Incineroar|Intimidate|boost
|-unboost|p2a: Pelipper|atk|1
|-unboost|p2b: Sinistcha|atk|1
|turn|4
|
|t:|1785898609
|switch|p2b: Swampert|Swampert, L50, F|100/100
|move|p1a: Farigiraf|Psychic|p2a: Pelipper
|-damage|p2a: Pelipper|16/100 brn
|move|p1b: Incineroar|Darkest Lariat|p2b: Swampert
|-damage|p2b: Swampert|52/100
|move|p2a: Pelipper|Hurricane|p1a: Farigiraf
|-damage|p1a: Farigiraf|40/100
|
|-weather|RainDance|[upkeep]
|-damage|p2a: Pelipper|10/100 brn|[from] brn
|upkeep
|turn|5
|
|t:|1785898632
|switch|p2a: Sinistcha|Sinistcha-Masterpiece, L50|100/100
|-heal|p2b: Swampert|76/100|[from] ability: Hospitality|[of] p2a: Sinistcha
|detailschange|p2b: Swampert|Swampert-Mega, L50, F
|-mega|p2b: Swampert|Swampert|Swampertite
|move|p1a: Farigiraf|Helping Hand|p1b: Incineroar
|-singleturn|p1b: Incineroar|Helping Hand|[of] p1a: Farigiraf
|move|p1b: Incineroar|Close Combat|p2b: Swampert
|-damage|p2b: Swampert|18/100
|-unboost|p1b: Incineroar|def|1
|-unboost|p1b: Incineroar|spd|1
|-enditem|p1b: Incineroar|White Herb
|-clearnegativeboost|p1b: Incineroar|[silent]
|move|p2b: Swampert|Wave Crash|p1a: Farigiraf
|-damage|p1a: Farigiraf|0 fnt
|faint|p1a: Farigiraf
|-damage|p2b: Swampert|1/100|[from] Recoil
|
|-weather|none
|upkeep
|
|t:|1785898649
|switch|p1a: Sylveon|Sylveon, L50, F|100/100
|turn|6
|
|t:|1785898657
|switch|p2a: Pelipper|Pelipper, L50, M|10/100 brn
|-weather|RainDance|[from] ability: Drizzle|[of] p2a: Pelipper
|switch|p2b: Archaludon|Archaludon, L50, M|100/100
|move|p1a: Sylveon|Calm Mind|p1a: Sylveon
|-boost|p1a: Sylveon|spa|1
|-boost|p1a: Sylveon|spd|1
|move|p1b: Incineroar|Darkest Lariat|p2b: Archaludon
|-damage|p2b: Archaludon|67/100
|-ability|p2b: Archaludon|Stamina|boost
|-boost|p2b: Archaludon|def|1
|
|-weather|RainDance|[upkeep]
|-heal|p2b: Archaludon|73/100|[from] item: Leftovers
|-damage|p2a: Pelipper|5/100 brn|[from] brn
|-sideend|p1: derainer|Reflect
|upkeep
|turn|7
|
|t:|1785898688
|move|p2a: Pelipper|Helping Hand|p2b: Archaludon
|-singleturn|p2b: Archaludon|Helping Hand|[of] p2a: Pelipper
|move|p1a: Sylveon|Calm Mind|p1a: Sylveon
|-boost|p1a: Sylveon|spa|1
|-boost|p1a: Sylveon|spd|1
|move|p1b: Incineroar|Darkest Lariat|p2a: Pelipper
|-damage|p2a: Pelipper|0 fnt
|faint|p2a: Pelipper
|move|p2b: Archaludon|Flash Cannon|p1a: Sylveon
|-supereffective|p1a: Sylveon|1
|-damage|p1a: Sylveon|64/100
|
|-weather|RainDance|[upkeep]
|-heal|p2b: Archaludon|79/100|[from] item: Leftovers
|-fieldend|move: Trick Room
|upkeep
|
|t:|1785898702
|switch|p2a: Swampert|Swampert-Mega, L50, F|1/100
|turn|8
|
|t:|1785898712
|move|p1a: Sylveon|Protect|p1a: Sylveon
|-singleturn|p1a: Sylveon|Protect
|move|p2a: Swampert|Wave Crash|p1b: Incineroar
|-supereffective|p1b: Incineroar|1
|-damage|p1b: Incineroar|0 fnt
|faint|p1b: Incineroar
|-damage|p2a: Swampert|0 fnt|[from] Recoil
|faint|p2a: Swampert
|move|p2b: Archaludon|Flash Cannon|p1a: Sylveon
|-activate|p1a: Sylveon|move: Protect
|
|-weather|RainDance|[upkeep]
|-heal|p2b: Archaludon|85/100|[from] item: Leftovers
|upkeep
|
|t:|1785898724
|switch|p2a: Sinistcha|Sinistcha-Masterpiece, L50|100/100
|-heal|p2b: Archaludon|100/100|[from] ability: Hospitality|[of] p2a: Sinistcha
|turn|9
|
|t:|1785898735
|move|p2b: Archaludon|Flash Cannon|p1a: Sylveon
|-supereffective|p1a: Sylveon|1
|-damage|p1a: Sylveon|39/100
|move|p2a: Sinistcha|Matcha Gotcha|p1a: Sylveon
|-damage|p1a: Sylveon|27/100
|move|p1a: Sylveon|Draining Kiss|p2b: Archaludon
|-damage|p2b: Archaludon|41/100
|-heal|p1a: Sylveon|69/100|[from] drain|[of] p2b: Archaludon
|-ability|p2b: Archaludon|Stamina|boost
|-boost|p2b: Archaludon|def|1
|
|-weather|RainDance|[upkeep]
|-heal|p2b: Archaludon|47/100|[from] item: Leftovers
|upkeep
|turn|10
|
|t:|1785898754
|move|p2b: Archaludon|Electro Shot||[still]
|-prepare|p2b: Archaludon|Electro Shot
|-boost|p2b: Archaludon|spa|1
|-anim|p2b: Archaludon|Electro Shot|p1a: Sylveon
|-damage|p1a: Sylveon|49/100
|move|p2a: Sinistcha|Matcha Gotcha|p1a: Sylveon
|-damage|p1a: Sylveon|37/100
|-status|p1a: Sylveon|brn
|move|p1a: Sylveon|Draining Kiss|p2a: Sinistcha
|-damage|p2a: Sinistcha|45/100
|-heal|p1a: Sylveon|73/100 brn|[from] drain|[of] p2a: Sinistcha
|
|-weather|none
|-heal|p2b: Archaludon|54/100|[from] item: Leftovers
|-damage|p1a: Sylveon|67/100 brn|[from] brn
|upkeep
|turn|11
|
|t:|1785898783
|move|p2b: Archaludon|Flash Cannon|p1a: Sylveon
|-supereffective|p1a: Sylveon|1
|-damage|p1a: Sylveon|34/100 brn
|move|p2a: Sinistcha|Matcha Gotcha|p1a: Sylveon
|-damage|p1a: Sylveon|22/100 brn
|-heal|p2a: Sinistcha|52/100|[from] drain|[of] p1a: Sylveon
|move|p1a: Sylveon|Hyper Voice|p2b: Archaludon|[spread] p2a,p2b
|-damage|p2a: Sinistcha|0 fnt
|-damage|p2b: Archaludon|0 fnt
|faint|p2a: Sinistcha
|faint|p2b: Archaludon
|
|win|derainer
|raw|derainer's rating: 1141 → 1164(+23 for winning)
|raw|shiroblast's rating: 1109 → 1086(-23 for losing)
