|j|☆Chalky Cheeks
|j|☆viatles
|html|Chalky Cheeksviatles    
|uhtml|bestof|Game 1 of a best-of-3
|t:|1784060939
|gametype|doubles
|player|p1|Chalky Cheeks|265|1065
|player|p2|viatles|hiker|1071
|gen|9
|tier|[Gen 9 Champions] VGC 2026 Reg M-B (Bo3)
|rated|
|rule|Species Clause: Limit one of each Pokémon
|rule|Item Clause: Limit 1 of each item
|clearpoke
|poke|p1|Garchomp, L50, M, shiny|
|poke|p1|Rotom-Wash, L50, shiny|
|poke|p1|Froslass, L50, F|
|poke|p1|Mawile, L50, M|
|poke|p1|Grimmsnarl, L50, M|
|poke|p1|Armarouge, L50, M|
|poke|p2|Beedrill, L50, F, shiny|
|poke|p2|Milotic, L50, M, shiny|
|poke|p2|Ceruledge, L50, M|
|poke|p2|Sinistcha, L50|
|poke|p2|Hydreigon, L50, M|
|poke|p2|Meowscarada, L50, M|
|teampreview|4
|showteam|p1|Garchomp||LifeOrb|RoughSkin|DragonClaw,Earthquake,Protect,RockSlide|Adamant||M|||50|]Rotom-Wash||SitrusBerry|Levitate|Thunderbolt,HydroPump,Protect,WillOWisp|Bold|||||50|]Froslass||Froslassite|CursedBody|Blizzard,ShadowBall,Protect,NastyPlot|Timid||F|||50|]Mawile||Mawilite|HyperCutter|IronHead,SuckerPunch,Protect,BrickBreak|Brave||M|||50|]Grimmsnarl||LightClay|Prankster|SpiritBreak,LightScreen,Reflect,FakeOut|Brave||M|||50|]Armarouge||ColburBerry|FlashFire|HeatWave,Psychic,WideGuard,TrickRoom|Bold||M|||50|
|showteam|p2|Beedrill||Beedrillite|Swarm|Uturn,DrillRun,PoisonJab,Protect|Jolly||F|||50|]Milotic||Leftovers|Competitive|IcyWind,Scald,Protect,LifeDew|Bold||M|||50|]Ceruledge||ColburBerry|FlashFire|Protect,BitterBlade,BulkUp,ShadowSneak|Adamant||M|||50|]Sinistcha||SitrusBerry|Hospitality|MatchaGotcha,RagePowder,Imprison,TrickRoom|Bold|||||50|]Hydreigon||ChoiceScarf|Levitate|DracoMeteor,DarkPulse,HeatWave,EarthPower|Modest||M|||50|]Meowscarada||FocusSash|Overgrow|TripleAxel,KnockOff,FlowerTrick,Protect|Jolly||M|||50|
|c|☆viatles|gl hf
|inactive|Battle timer is ON: inactive players will automatically lose when time's up. (requested by viatles)
|inactive|viatles has 60 seconds left.
|
|t:|1784060976
|teamsize|p1|4
|teamsize|p2|4
|start
|switch|p1a: Armarouge|Armarouge, L50, M|100/100
|switch|p1b: Froslass|Froslass, L50, F|100/100
|switch|p2a: Hydreigon|Hydreigon, L50, M|100/100
|switch|p2b: Malsumas|Beedrill, L50, F, shiny|100/100
|turn|1
|inactive|Chalky Cheeks has 30 seconds left.
|inactive|Chalky Cheeks has 20 seconds left.
|inactive|Chalky Cheeks has 15 seconds left.
|
|t:|1784061020
|switch|p1a: Rotom|Rotom-Wash, L50, shiny|100/100
|detailschange|p2b: Malsumas|Beedrill-Mega, L50, F, shiny
|-mega|p2b: Malsumas|Beedrill|Beedrillite
|move|p1b: Froslass|Protect|p1b: Froslass
|-singleturn|p1b: Froslass|Protect
|move|p2a: Hydreigon|Dark Pulse|p1a: Rotom
|-damage|p1a: Rotom|53/100
|move|p2b: Malsumas|U-turn|p1a: Rotom
|-damage|p1a: Rotom|2/100
|-enditem|p1a: Rotom|Sitrus Berry|[eat]
|-heal|p1a: Rotom|27/100|[from] item: Sitrus Berry
|
|t:|1784061032
|switch|p2b: Meowscarada|Meowscarada, L50, M|100/100|[from] U-turn
|
|upkeep
|turn|2
|
|t:|1784061052
|switch|p1b: Grimmsnarl|Grimmsnarl, L50, M|100/100
|switch|p1a: Armarouge|Armarouge, L50, M|100/100
|move|p2a: Hydreigon|Dark Pulse|p1a: Armarouge
|-supereffective|p1a: Armarouge|1
|-enditem|p1a: Armarouge|Colbur Berry|[eat]
|-enditem|p1a: Armarouge|Colbur Berry|[weaken]
|-damage|p1a: Armarouge|48/100
|move|p2b: Meowscarada|Knock Off|p1b: Grimmsnarl
|-resisted|p1b: Grimmsnarl|2
|-damage|p1b: Grimmsnarl|86/100
|-enditem|p1b: Grimmsnarl|Light Clay|[from] move: Knock Off|[of] p2b: Meowscarada
|
|upkeep
|turn|3
|inactive|Chalky Cheeks has 30 seconds left.
|inactive|Chalky Cheeks has 20 seconds left.
|
|t:|1784061087
|move|p1a: Armarouge|Wide Guard|p1a: Armarouge
|-singleturn|p1a: Armarouge|Wide Guard
|move|p2a: Hydreigon|Dark Pulse|p1a: Armarouge
|-supereffective|p1a: Armarouge|1
|-damage|p1a: Armarouge|0 fnt
|faint|p1a: Armarouge
|move|p2b: Meowscarada|Flower Trick|p1b: Grimmsnarl
|-crit|p1b: Grimmsnarl
|-damage|p1b: Grimmsnarl|35/100
|move|p1b: Grimmsnarl|Spirit Break|p2a: Hydreigon
|-supereffective|p2a: Hydreigon|2
|-damage|p2a: Hydreigon|0 fnt
|faint|p2a: Hydreigon
|
|upkeep
|
|t:|1784061111
|switch|p2a: Malsumas|Beedrill-Mega, L50, F, shiny|100/100
|switch|p1a: Froslass|Froslass, L50, F|100/100
|turn|4
|
|t:|1784061119
|detailschange|p1a: Froslass|Froslass-Mega, L50, F
|-mega|p1a: Froslass|Froslass|Froslassite
|-weather|Snowscape|[from] ability: Snow Warning|[of] p1a: Froslass
|move|p1b: Grimmsnarl|Reflect|p1b: Grimmsnarl
|-sidestart|p1: Chalky Cheeks|Reflect
|move|p2a: Malsumas|Poison Jab|p1b: Grimmsnarl
|-supereffective|p1b: Grimmsnarl|1
|-damage|p1b: Grimmsnarl|0 fnt
|faint|p1b: Grimmsnarl
|move|p2b: Meowscarada|Knock Off|p1a: Froslass
|-supereffective|p1a: Froslass|1
|-damage|p1a: Froslass|62/100
|move|p1a: Froslass|Blizzard|p2b: Meowscarada|[spread] p2a,p2b
|-supereffective|p2b: Meowscarada|1
|-damage|p2a: Malsumas|42/100
|-enditem|p2b: Meowscarada|Focus Sash
|-damage|p2b: Meowscarada|1/100
|
|-weather|Snowscape|[upkeep]
|upkeep
|
|t:|1784061132
|switch|p1b: Rotom|Rotom-Wash, L50, shiny|27/100
|turn|5
|
|t:|1784061146
|move|p2a: Malsumas|Protect|p2a: Malsumas
|-singleturn|p2a: Malsumas|Protect
|move|p2b: Meowscarada|Protect|p2b: Meowscarada
|-singleturn|p2b: Meowscarada|Protect
|move|p1a: Froslass|Blizzard|p2b: Meowscarada|[spread] 
|-activate|p2a: Malsumas|move: Protect
|-activate|p2b: Meowscarada|move: Protect
|move|p1b: Rotom|Thunderbolt|p2b: Meowscarada
|-activate|p2b: Meowscarada|move: Protect
|
|-weather|Snowscape|[upkeep]
|upkeep
|turn|6
|
|t:|1784061170
|move|p1a: Froslass|Protect|p1a: Froslass
|-singleturn|p1a: Froslass|Protect
|move|p2a: Malsumas|Poison Jab|p1b: Rotom
|-damage|p1b: Rotom|0 fnt
|faint|p1b: Rotom
|move|p2b: Meowscarada|Flower Trick|p1a: Froslass
|-activate|p1a: Froslass|move: Protect
|
|-weather|Snowscape|[upkeep]
|upkeep
|turn|7
|
|t:|1784061185
|move|p2a: Malsumas|Poison Jab|p1a: Froslass
|-resisted|p1a: Froslass|1
|-damage|p1a: Froslass|43/100
|move|p2b: Meowscarada|Flower Trick|p1a: Froslass
|-crit|p1a: Froslass
|-damage|p1a: Froslass|0 fnt
|faint|p1a: Froslass
|
|win|viatles
