|j|☆Lorido
|j|☆FrostyDogMobile
|html|LoridoFrostyDogMobile    
|uhtml|bestof|Game 2 of a best-of-3
|t:|1785341370
|gametype|doubles
|player|p1|Lorido|170|1263
|player|p2|FrostyDogMobile|1|1158
|gen|9
|tier|[Gen 9 Champions] VGC 2026 Reg M-B (Bo3)
|rated|
|rule|Species Clause: Limit one of each Pokémon
|rule|Item Clause: Limit 1 of each item
|clearpoke
|poke|p1|Delphox, L50, F|
|poke|p1|Incineroar, L50, F|
|poke|p1|Floette-Eternal, L50, F|
|poke|p1|Kingambit, L50, M|
|poke|p1|Sinistcha, L50|
|poke|p1|Sneasler, L50, F|
|poke|p2|Garchomp, L50, F|
|poke|p2|Tyranitar, L50, M|
|poke|p2|Gholdengo, L50|
|poke|p2|Annihilape, L50, F|
|poke|p2|Incineroar, L50, M|
|poke|p2|Sinistcha, L50|
|teampreview|4
|showteam|p1|Delphox||Delphoxite|Blaze|HeatWave,Psychic,NastyPlot,Protect|Timid||F|||50|]Incineroar||SitrusBerry|Intimidate|FlareBlitz,DarkestLariat,FakeOut,PartingShot|Careful||F|||50|]Floette-Eternal||Floettite|FlowerVeil|DazzlingGleam,DrainingKiss,CalmMind,Protect|Bold||F|||50|]Kingambit||BlackGlasses|Defiant|KowtowCleave,SuckerPunch,SwordsDance,Protect|Adamant||M|||50|]Sinistcha||OccaBerry|Hospitality|MatchaGotcha,RagePowder,TrickRoom,Protect|Bold|||||50|]Sneasler||FocusSash|PoisonTouch|CloseCombat,PoisonJab,FakeOut,QuickGuard|Jolly||F|||50|
|showteam|p2|Garchomp||Garchompite|RoughSkin|EarthPower,DragonPulse,Protect,PowerGem|Modest||F|||50|]Tyranitar||Tyranitarite|SandStream|KnockOff,RockSlide,DragonDance,Protect|Jolly||M|||50|]Gholdengo||LifeOrb|GoodasGold|MakeItRain,ShadowBall,NastyPlot,Protect|Modest|||||50|]Annihilape||Leftovers|Defiant|RageFist,DrainPunch,BulkUp,Protect|Adamant||F|||50|]Incineroar||SitrusBerry|Intimidate|FlareBlitz,DarkestLariat,FakeOut,PartingShot|Careful||M|||50|]Sinistcha||KasibBerry|Hospitality|MatchaGotcha,Protect,RagePowder,TrickRoom|Bold|||||50|
|inactive|Battle timer is ON: inactive players will automatically lose when time's up. (requested by FrostyDogMobile)
|
|t:|1785341425
|teamsize|p1|4
|teamsize|p2|4
|start
|switch|p1a: Floette|Floette-Eternal, L50, F|100/100
|switch|p1b: Kingambit|Kingambit, L50, M|100/100
|switch|p2a: Garchomp|Garchomp, L50, F|100/100
|switch|p2b: Gholdengo|Gholdengo, L50|100/100
|turn|1
|inactive|FrostyDogMobile has 30 seconds left.
|inactive|FrostyDogMobile has 20 seconds left.
|inactive|FrostyDogMobile has 15 seconds left.
|inactive|FrostyDogMobile has 10 seconds left.
|
|t:|1785341474
|detailschange|p1a: Floette|Floette-Mega, L50, F
|-mega|p1a: Floette|Floette|Floettite
|-ability|p1a: Floette|Fairy Aura
|move|p2a: Garchomp|Protect|p2a: Garchomp
|-singleturn|p2a: Garchomp|Protect
|move|p1b: Kingambit|Sucker Punch||[still]
|-fail|p1b: Kingambit
|move|p1a: Floette|Dazzling Gleam|p2b: Gholdengo|[spread] p2b
|-activate|p2a: Garchomp|move: Protect
|-resisted|p2b: Gholdengo|1
|-damage|p2b: Gholdengo|79/100
|move|p2b: Gholdengo|Nasty Plot|p2b: Gholdengo
|-boost|p2b: Gholdengo|spa|2
|
|upkeep
|turn|2
|inactive|Lorido has 30 seconds left.
|inactive|FrostyDogMobile has 30 seconds left.
|
|t:|1785341505
|switch|p1b: Incineroar|Incineroar, L50, F|100/100
|-ability|p1b: Incineroar|Intimidate|boost
|-unboost|p2a: Garchomp|atk|1
|-unboost|p2b: Gholdengo|atk|1
|detailschange|p2a: Garchomp|Garchomp-Mega, L50, F
|-mega|p2a: Garchomp|Garchomp|Garchompite
|move|p2b: Gholdengo|Protect|p2b: Gholdengo
|-singleturn|p2b: Gholdengo|Protect
|move|p2a: Garchomp|Earth Power|p1b: Incineroar
|-supereffective|p1b: Incineroar|1
|-damage|p1b: Incineroar|24/100
|-enditem|p1b: Incineroar|Sitrus Berry|[eat]
|-heal|p1b: Incineroar|49/100|[from] item: Sitrus Berry
|move|p1a: Floette|Calm Mind|p1a: Floette
|-boost|p1a: Floette|spa|1
|-boost|p1a: Floette|spd|1
|
|upkeep
|turn|3
|inactive|FrostyDogMobile has 30 seconds left.
|inactive|Lorido has 30 seconds left.
|inactive|FrostyDogMobile has 20 seconds left.
|inactive|FrostyDogMobile has 15 seconds left.
|inactive|FrostyDogMobile has 10 seconds left.
|
|t:|1785341556
|switch|p1b: Sinistcha|Sinistcha, L50|100/100
|move|p2a: Garchomp|Protect|p2a: Garchomp
|-singleturn|p2a: Garchomp|Protect
|move|p1a: Floette|Draining Kiss|p2a: Garchomp
|-activate|p2a: Garchomp|move: Protect
|move|p2b: Gholdengo|Make It Rain|p1a: Floette|[spread] p1a,p1b
|-supereffective|p1a: Floette|1
|-damage|p1a: Floette|0 fnt
|-damage|p1b: Sinistcha|0 fnt
|-unboost|p2b: Gholdengo|spa|2
|faint|p1a: Floette
|faint|p1b: Sinistcha
|-damage|p2b: Gholdengo|70/100|[from] item: Life Orb
|
|upkeep
|
|t:|1785341567
|switch|p1a: Incineroar|Incineroar, L50, F|49/100
|switch|p1b: Kingambit|Kingambit, L50, M|100/100
|-ability|p1a: Incineroar|Intimidate|boost
|-unboost|p2a: Garchomp|atk|1
|-unboost|p2b: Gholdengo|atk|1
|turn|4
|
|t:|1785341579
|switch|p2b: Tyranitar|Tyranitar, L50, M|100/100
|-weather|Sandstorm|[from] ability: Sand Stream|[of] p2b: Tyranitar
|move|p2a: Garchomp|Protect|p2a: Garchomp
|-singleturn|p2a: Garchomp|Protect
|move|p1a: Incineroar|Fake Out|p2a: Garchomp
|-activate|p2a: Garchomp|move: Protect
|move|p1b: Kingambit|Kowtow Cleave|p2b: Tyranitar
|-resisted|p2b: Tyranitar|1
|-damage|p2b: Tyranitar|74/100
|
|-weather|Sandstorm|[upkeep]
|-damage|p1a: Incineroar|43/100|[from] Sandstorm
|upkeep
|turn|5
|-message|Lorido forfeited.
|
|win|FrostyDogMobile
