|j|☆FunkleVGC
|j|☆ZonXJ
|html|FunkleVGCZonXJ    
|uhtml|bestof|Game 1 of a best-of-3
|t:|1782256491
|gametype|doubles
|player|p1|FunkleVGC|fisherman-gen4|1184
|player|p2|ZonXJ|grimsley|1096
|gen|9
|tier|[Gen 9 Champions] VGC 2026 Reg M-B (Bo3)
|rated|
|rule|Species Clause: Limit one of each Pokémon
|rule|Item Clause: Limit 1 of each item
|clearpoke
|poke|p1|Mawile, L50, M|
|poke|p1|Farigiraf, L50, M|
|poke|p1|Pelipper, L50, M|
|poke|p1|Archaludon, L50, M|
|poke|p1|Basculegion, L50, M|
|poke|p1|Maushold-Four, L50|
|poke|p2|Sinistcha, L50|
|poke|p2|Incineroar, L50, F|
|poke|p2|Garchomp, L50, F|
|poke|p2|Clefable, L50, M|
|poke|p2|Rotom-Wash, L50|
|poke|p2|Delphox, L50, M|
|teampreview|4
|showteam|p1|Mawile||Mawilite|HyperCutter|IronHead,PlayRough,SuckerPunch,Protect|Adamant||M|||50|]Farigiraf||SitrusBerry|ArmorTail|Psychic,HelpingHand,TrickRoom,Protect|Bold||M|||50|]Pelipper||LifeOrb|Drizzle|WeatherBall,Hurricane,Tailwind,Protect|Modest||M|||50|]Archaludon||Leftovers|Stamina|ElectroShot,FlashCannon,DragonPulse,Protect|Modest||M|||50|]Basculegion||ChoiceScarf|Adaptability|WaveCrash,LastRespects,FlipTurn,AquaJet|Jolly||M|||50|]Maushold-Four||FocusSash|FriendGuard|SuperFang,FollowMe,Encore,Protect|Jolly|||||50|
|showteam|p2|Sinistcha||SitrusBerry|Hospitality|MatchaGotcha,LifeDew,RagePowder,Protect|Bold|||||50|]Incineroar||PasshoBerry|Intimidate|DarkestLariat,Roar,FakeOut,PartingShot|Careful||F|||50|]Garchomp||LifeOrb|RoughSkin|DragonClaw,Earthquake,SwordsDance,Protect|Adamant||F|||50|]Clefable||BabiriBerry|Unaware|Moonblast,HealPulse,FollowMe,Protect|Bold||M|||50|]Rotom-Wash||ChoiceScarf|Levitate|HydroPump,Electroweb,VoltSwitch,Trick|Modest|||||50|]Delphox||Delphoxite|Blaze|HeatWave,Psychic,NastyPlot,Protect|Timid||M|||50|
|
|t:|1782256534
|teamsize|p1|4
|teamsize|p2|4
|start
|switch|p1a: Pelipper|Pelipper, L50, M|100/100
|switch|p1b: Archaludon|Archaludon, L50, M|100/100
|switch|p2a: Garchomp|Garchomp, L50, F|100/100
|switch|p2b: Clefable|Clefable, L50, M|100/100
|-weather|RainDance|[from] ability: Drizzle|[of] p1a: Pelipper
|turn|1
|
|t:|1782256548
|move|p2b: Clefable|Follow Me|p2b: Clefable
|-singleturn|p2b: Clefable|move: Follow Me
|move|p2a: Garchomp|Swords Dance|p2a: Garchomp
|-boost|p2a: Garchomp|atk|2
|move|p1b: Archaludon|Electro Shot||[still]
|-prepare|p1b: Archaludon|Electro Shot
|-boost|p1b: Archaludon|spa|1
|-anim|p1b: Archaludon|Electro Shot|p2b: Clefable
|-damage|p2b: Clefable|64/100
|move|p1a: Pelipper|Weather Ball|p2b: Clefable
|-damage|p2b: Clefable|0 fnt
|faint|p2b: Clefable
|-damage|p1a: Pelipper|90/100|[from] item: Life Orb
|
|-weather|RainDance|[upkeep]
|upkeep
|
|t:|1782256567
|switch|p2b: Rotom|Rotom-Wash, L50|100/100
|turn|2
|
|t:|1782256588
|move|p1b: Archaludon|Protect|p1b: Archaludon
|-singleturn|p1b: Archaludon|Protect
|move|p2b: Rotom|Electroweb|p1b: Archaludon|[spread] p1a
|-activate|p1b: Archaludon|move: Protect
|-supereffective|p1a: Pelipper|2
|-damage|p1a: Pelipper|16/100
|-unboost|p1a: Pelipper|spe|1
|move|p2a: Garchomp|Earthquake|p1b: Archaludon|[spread] 
|-activate|p1b: Archaludon|move: Protect
|-immune|p2b: Rotom|[from] ability: Levitate
|-immune|p1a: Pelipper
|move|p1a: Pelipper|Weather Ball|p2a: Garchomp
|-damage|p2a: Garchomp|21/100
|-damage|p1a: Pelipper|6/100|[from] item: Life Orb
|
|-weather|RainDance|[upkeep]
|upkeep
|turn|3
|
|t:|1782256613
|switch|p1b: Mawile|Mawile, L50, M|100/100
|move|p2b: Rotom|Electroweb|p1a: Pelipper|[spread] p1a,p1b
|-supereffective|p1a: Pelipper|2
|-damage|p1a: Pelipper|0 fnt
|-damage|p1b: Mawile|67/100
|-unboost|p1b: Mawile|spe|1
|faint|p1a: Pelipper
|move|p2a: Garchomp|Earthquake|p1b: Mawile|[spread] p1b
|-immune|p2b: Rotom|[from] ability: Levitate
|-supereffective|p1b: Mawile|1
|-damage|p1b: Mawile|0 fnt
|faint|p1b: Mawile
|-damage|p2a: Garchomp|11/100|[from] item: Life Orb
|
|-weather|RainDance|[upkeep]
|upkeep
|
|t:|1782256615
|switch|p1a: Archaludon|Archaludon, L50, M|100/100
|switch|p1b: Farigiraf|Farigiraf, L50, M|100/100
|turn|4
|
|t:|1782256638
|switch|p2b: Sinistcha|Sinistcha, L50|100/100
|-heal|p2a: Garchomp|36/100|[from] ability: Hospitality|[of] p2b: Sinistcha
|move|p1a: Archaludon|Protect|p1a: Archaludon
|-singleturn|p1a: Archaludon|Protect
|move|p2a: Garchomp|Earthquake|p1a: Archaludon|[spread] p2b,p1b
|-activate|p1a: Archaludon|move: Protect
|-resisted|p2b: Sinistcha|1
|-damage|p2b: Sinistcha|58/100
|-damage|p1b: Farigiraf|17/100
|-enditem|p1b: Farigiraf|Sitrus Berry|[eat]
|-heal|p1b: Farigiraf|41/100|[from] item: Sitrus Berry
|-damage|p2a: Garchomp|26/100|[from] item: Life Orb
|move|p1b: Farigiraf|Psychic|p2a: Garchomp
|-damage|p2a: Garchomp|0 fnt
|faint|p2a: Garchomp
|
|-weather|RainDance|[upkeep]
|upkeep
|
|t:|1782256650
|switch|p2a: Rotom|Rotom-Wash, L50|100/100
|turn|5
|inactive|Battle timer is ON: inactive players will automatically lose when time's up. (requested by FunkleVGC)
|
|t:|1782256684
|move|p2a: Rotom|Hydro Pump|p1a: Archaludon
|-resisted|p1a: Archaludon|1
|-crit|p1a: Archaludon
|-damage|p1a: Archaludon|54/100
|-ability|p1a: Archaludon|Stamina|boost
|-boost|p1a: Archaludon|def|1
|move|p1a: Archaludon|Electro Shot||[still]
|-prepare|p1a: Archaludon|Electro Shot
|-boost|p1a: Archaludon|spa|1
|-anim|p1a: Archaludon|Electro Shot|p2a: Rotom
|-damage|p2a: Rotom|28/100
|move|p2b: Sinistcha|Life Dew|p2b: Sinistcha|[spread] p2a,p2b
|-heal|p2a: Rotom|52/100
|-heal|p2b: Sinistcha|83/100
|move|p1b: Farigiraf|Psychic|p2a: Rotom
|-damage|p2a: Rotom|14/100
|
|-weather|none
|-heal|p1a: Archaludon|60/100|[from] item: Leftovers
|upkeep
|turn|6
|
|t:|1782256707
|move|p1b: Farigiraf|Helping Hand|p1a: Archaludon
|-singleturn|p1a: Archaludon|Helping Hand|[of] p1b: Farigiraf
|move|p2a: Rotom|Hydro Pump|p1a: Archaludon
|-resisted|p1a: Archaludon|1
|-damage|p1a: Archaludon|39/100
|-ability|p1a: Archaludon|Stamina|boost
|-boost|p1a: Archaludon|def|1
|move|p1a: Archaludon|Dragon Pulse|p2a: Rotom
|-damage|p2a: Rotom|0 fnt
|faint|p2a: Rotom
|move|p2b: Sinistcha|Matcha Gotcha|p1b: Farigiraf|[spread] p1a,p1b
|-resisted|p1a: Archaludon|2
|-damage|p1a: Archaludon|33/100
|-heal|p2b: Sinistcha|87/100|[from] drain|[of] p1a: Archaludon
|-damage|p1b: Farigiraf|18/100
|-heal|p2b: Sinistcha|100/100|[from] drain|[of] p1b: Farigiraf
|-status|p1b: Farigiraf|brn
|-ability|p1a: Archaludon|Stamina|boost
|-boost|p1a: Archaludon|def|1
|
|-heal|p1a: Archaludon|39/100|[from] item: Leftovers
|-damage|p1b: Farigiraf|11/100 brn|[from] brn
|upkeep
|turn|7
|inactive|FunkleVGC has 30 seconds left.
|inactive|ZonXJ has 30 seconds left.
|inactive|ZonXJ has 20 seconds left.
|inactive|ZonXJ has 15 seconds left.
|inactive|ZonXJ has 10 seconds left.
|inactive|ZonXJ has 5 seconds left.
|
|t:|1782256766
|move|p1b: Farigiraf|Helping Hand|p1a: Archaludon
|-singleturn|p1a: Archaludon|Helping Hand|[of] p1b: Farigiraf
|move|p1a: Archaludon|Dragon Pulse|p2b: Sinistcha
|-damage|p2b: Sinistcha|3/100
|-enditem|p2b: Sinistcha|Sitrus Berry|[eat]
|-heal|p2b: Sinistcha|28/100|[from] item: Sitrus Berry
|move|p2b: Sinistcha|Matcha Gotcha|p1b: Farigiraf|[spread] p1a
|-miss|p2b: Sinistcha|p1b: Farigiraf
|-resisted|p1a: Archaludon|2
|-damage|p1a: Archaludon|33/100
|-heal|p2b: Sinistcha|31/100|[from] drain|[of] p1a: Archaludon
|-ability|p1a: Archaludon|Stamina|boost
|-boost|p1a: Archaludon|def|1
|
|-heal|p1a: Archaludon|39/100|[from] item: Leftovers
|-damage|p1b: Farigiraf|5/100 brn|[from] brn
|upkeep
|turn|8
|-message|ZonXJ forfeited.
|
|win|FunkleVGC
