|j|☆jjayy09
|j|☆sladewilson75
|html|jjayy09sladewilson75    
|uhtml|bestof|Game 1 of a best-of-3
|t:|1783489638
|gametype|doubles
|player|p1|jjayy09|169|1104
|player|p2|sladewilson75|skier|1045
|gen|9
|tier|[Gen 9 Champions] VGC 2026 Reg M-B (Bo3)
|rated|
|rule|Species Clause: Limit one of each Pokémon
|rule|Item Clause: Limit 1 of each item
|clearpoke
|poke|p1|Charizard, L50, M|
|poke|p1|Metagross, L50|
|poke|p1|Aerodactyl, L50, F|
|poke|p1|Garchomp, L50, F|
|poke|p1|Sylveon, L50, M|
|poke|p1|Hydreigon, L50, F|
|poke|p2|Swampert, L50, M|
|poke|p2|Sableye, L50, M|
|poke|p2|Annihilape, L50, M|
|poke|p2|Archaludon, L50, M|
|poke|p2|Meganium, L50, M|
|poke|p2|Politoed, L50, M|
|teampreview|4
|showteam|p1|Charizard||CharizarditeY|Blaze|HeatWave,WeatherBall,SolarBeam,Protect|Modest||M|||50|]Metagross||Metagrossite|ClearBody|MeteorMash,BulletPunch,BodyPress,Protect|Adamant|||||50|]Aerodactyl||FocusSash|Unnerve|RockSlide,Tailwind,WideGuard,Protect|Jolly||F|||50|]Garchomp||LifeOrb|RoughSkin|DragonClaw,Earthquake,RockSlide,Protect|Jolly||F|||50|]Sylveon||FairyFeather|Pixilate|HyperVoice,HyperBeam,Yawn,Detect|Modest||M|||50|]Hydreigon||ChoiceScarf|Levitate|HeatWave,DarkPulse,DracoMeteor,Snarl|Modest||F|||50|
|showteam|p2|Swampert||Swampertite|Damp|Earthquake,WaveCrash,Protect,IcePunch|Adamant||M|||50|]Sableye||LightClay|Prankster|FakeOut,LightScreen,Reflect,RainDance|Relaxed||M|||50|]Annihilape||SitrusBerry|Defiant|RageFist,DrainPunch,BulkUp,Protect|Jolly||M|||50|]Archaludon||Leftovers|Stamina|ElectroShot,FlashCannon,DragonPulse,Protect|Modest||M|||50|]Meganium||Meganiumite|LeafGuard|SolarBeam,WeatherBall,DazzlingGleam,Protect|Modest||M|||50|]Politoed||ChoiceScarf|Drizzle|MuddyWater,WeatherBall,Psychic,IcyWind|Timid||M|||50|
|inactive|Battle timer is ON: inactive players will automatically lose when time's up. (requested by sladewilson75)
|inactive|jjayy09 has 60 seconds left.
|inactive|sladewilson75 has 60 seconds left.
|
|t:|1783489682
|teamsize|p1|4
|teamsize|p2|4
|start
|switch|p1a: Sylveon|Sylveon, L50, M|100/100
|switch|p1b: Aerodactyl|Aerodactyl, L50, F|100/100
|switch|p2a: Sableye|Sableye, L50, M|100/100
|switch|p2b: Politoed|Politoed, L50, M|100/100
|-ability|p1b: Aerodactyl|Unnerve
|-weather|RainDance|[from] ability: Drizzle|[of] p2b: Politoed
|turn|1
|inactive|sladewilson75 has 30 seconds left.
|
|t:|1783489709
|move|p1b: Aerodactyl|Protect|p1b: Aerodactyl
|-singleturn|p1b: Aerodactyl|Protect
|move|p2a: Sableye|Fake Out|p1a: Sylveon
|-damage|p1a: Sylveon|91/100
|move|p2b: Politoed|Icy Wind|p1b: Aerodactyl|[spread] p1a
|-activate|p1b: Aerodactyl|move: Protect
|-damage|p1a: Sylveon|82/100
|-unboost|p1a: Sylveon|spe|1
|cant|p1a: Sylveon|flinch
|
|-weather|RainDance|[upkeep]
|upkeep
|turn|2
|
|t:|1783489722
|move|p2a: Sableye|Light Screen|p2a: Sableye
|-sidestart|p2: sladewilson75|move: Light Screen
|move|p2b: Politoed|Icy Wind|p1a: Sylveon|[spread] p1a,p1b
|-supereffective|p1b: Aerodactyl|1
|-damage|p1a: Sylveon|73/100
|-damage|p1b: Aerodactyl|71/100
|-unboost|p1a: Sylveon|spe|1
|-unboost|p1b: Aerodactyl|spe|1
|move|p1b: Aerodactyl|Tailwind|p1b: Aerodactyl
|-sidestart|p1: jjayy09|move: Tailwind
|move|p1a: Sylveon|Hyper Voice|p2b: Politoed|[spread] p2a,p2b
|-supereffective|p2a: Sableye|1
|-damage|p2a: Sableye|13/100
|-damage|p2b: Politoed|68/100
|
|-weather|RainDance|[upkeep]
|upkeep
|turn|3
|
|t:|1783489745
|switch|p1a: Hydreigon|Hydreigon, L50, F|100/100
|switch|p2a: Archaludon|Archaludon, L50, M|100/100
|move|p1b: Aerodactyl|Wide Guard|p1b: Aerodactyl
|-singleturn|p1b: Aerodactyl|Wide Guard
|move|p2b: Politoed|Icy Wind|p1b: Aerodactyl|[spread] 
|-activate|p1a: Hydreigon|move: Wide Guard
|-activate|p1b: Aerodactyl|move: Wide Guard
|
|-weather|RainDance|[upkeep]
|upkeep
|turn|4
|inactive|jjayy09 has 30 seconds left.
|
|t:|1783489770
|move|p1b: Aerodactyl|Wide Guard|p1b: Aerodactyl
|-singleturn|p1b: Aerodactyl|Wide Guard
|move|p1a: Hydreigon|Snarl|p2b: Politoed|[spread] p2a,p2b
|-damage|p2a: Archaludon|81/100
|-damage|p2b: Politoed|52/100
|-unboost|p2a: Archaludon|spa|1
|-unboost|p2b: Politoed|spa|1
|-ability|p2a: Archaludon|Stamina|boost
|-boost|p2a: Archaludon|def|1
|move|p2b: Politoed|Icy Wind|p1b: Aerodactyl|[spread] 
|-activate|p1a: Hydreigon|move: Wide Guard
|-activate|p1b: Aerodactyl|move: Wide Guard
|move|p2a: Archaludon|Electro Shot||[still]
|-prepare|p2a: Archaludon|Electro Shot
|-boost|p2a: Archaludon|spa|1
|-anim|p2a: Archaludon|Electro Shot|p1b: Aerodactyl
|-supereffective|p1b: Aerodactyl|1
|-damage|p1b: Aerodactyl|0 fnt
|faint|p1b: Aerodactyl
|
|-weather|RainDance|[upkeep]
|-heal|p2a: Archaludon|88/100|[from] item: Leftovers
|upkeep
|
|t:|1783489783
|switch|p1b: Charizard|Charizard, L50, M|100/100
|turn|5
|
|t:|1783489796
|switch|p2b: Sableye|Sableye, L50, M|13/100
|detailschange|p1b: Charizard|Charizard-Mega-Y, L50, M
|-mega|p1b: Charizard|Charizard|Charizardite Y
|-weather|SunnyDay|[from] ability: Drought|[of] p1b: Charizard
|move|p2a: Archaludon|Protect|p2a: Archaludon
|-singleturn|p2a: Archaludon|Protect
|move|p1a: Hydreigon|Snarl|p2a: Archaludon|[spread] 
|-activate|p2a: Archaludon|move: Protect
|-miss|p1a: Hydreigon|p2b: Sableye
|move|p1b: Charizard|Heat Wave|p2b: Sableye|[spread] p2b
|-activate|p2a: Archaludon|move: Protect
|-damage|p2b: Sableye|0 fnt
|faint|p2b: Sableye
|
|-weather|SunnyDay|[upkeep]
|-heal|p2a: Archaludon|94/100|[from] item: Leftovers
|-sideend|p1: jjayy09|move: Tailwind
|upkeep
|
|t:|1783489813
|switch|p2b: Politoed|Politoed, L50, M|52/100
|-weather|RainDance|[from] ability: Drizzle|[of] p2b: Politoed
|turn|6
|
|t:|1783489826
|switch|p1b: Sylveon|Sylveon, L50, M|73/100
|move|p1a: Hydreigon|Snarl|p2b: Politoed|[spread] p2a,p2b
|-damage|p2a: Archaludon|77/100
|-damage|p2b: Politoed|37/100
|-unboost|p2a: Archaludon|spa|1
|-unboost|p2b: Politoed|spa|1
|-ability|p2a: Archaludon|Stamina|boost
|-boost|p2a: Archaludon|def|1
|move|p2b: Politoed|Icy Wind|p1a: Hydreigon|[spread] p1a,p1b
|-supereffective|p1a: Hydreigon|1
|-damage|p1a: Hydreigon|84/100
|-damage|p1b: Sylveon|67/100
|-unboost|p1a: Hydreigon|spe|1
|-unboost|p1b: Sylveon|spe|1
|move|p2a: Archaludon|Dragon Pulse|p1a: Hydreigon
|-supereffective|p1a: Hydreigon|1
|-damage|p1a: Hydreigon|14/100
|
|-weather|RainDance|[upkeep]
|-heal|p2a: Archaludon|83/100|[from] item: Leftovers
|upkeep
|turn|7
|inactive|sladewilson75 has 30 seconds left.
|
|t:|1783489855
|switch|p1a: Charizard|Charizard-Mega-Y, L50, M|100/100
|-weather|SunnyDay|[from] ability: Drought|[of] p1a: Charizard
|move|p2b: Politoed|Icy Wind|p1b: Sylveon|[spread] p1a,p1b
|-crit|p1a: Charizard
|-damage|p1a: Charizard|85/100
|-damage|p1b: Sylveon|60/100
|-unboost|p1a: Charizard|spe|1
|-unboost|p1b: Sylveon|spe|1
|move|p2a: Archaludon|Electro Shot||[still]
|-prepare|p2a: Archaludon|Electro Shot
|-boost|p2a: Archaludon|spa|1
|move|p1b: Sylveon|Hyper Voice|p2a: Archaludon|[spread] p2a,p2b
|-damage|p2a: Archaludon|47/100
|-damage|p2b: Politoed|9/100
|-ability|p2a: Archaludon|Stamina|boost
|-boost|p2a: Archaludon|def|1
|
|-weather|SunnyDay|[upkeep]
|-heal|p2a: Archaludon|53/100|[from] item: Leftovers
|upkeep
|turn|8
|inactive|jjayy09 has 30 seconds left.
|inactive|sladewilson75 has 30 seconds left.
|
|t:|1783489881
|switch|p2b: Swampert|Swampert, L50, M|100/100
|move|p1b: Sylveon|Detect|p1b: Sylveon
|-singleturn|p1b: Sylveon|Protect
|move|p2a: Archaludon|Electro Shot|p1b: Sylveon|[from] lockedmove
|-activate|p1b: Sylveon|move: Protect
|move|p1a: Charizard|Heat Wave|p2a: Archaludon|[spread] p2a,p2b
|-resisted|p2b: Swampert|1
|-damage|p2a: Archaludon|1/100
|-damage|p2b: Swampert|78/100
|-ability|p2a: Archaludon|Stamina|boost
|-boost|p2a: Archaludon|def|1
|
|-weather|SunnyDay|[upkeep]
|-heal|p2a: Archaludon|6/100|[from] item: Leftovers
|upkeep
|turn|9
|inactive|sladewilson75 has 30 seconds left.
|
|t:|1783489909
|switch|p2a: Politoed|Politoed, L50, M|9/100
|-weather|RainDance|[from] ability: Drizzle|[of] p2a: Politoed
|switch|p1a: Hydreigon|Hydreigon, L50, F|14/100
|detailschange|p2b: Swampert|Swampert-Mega, L50, M
|-mega|p2b: Swampert|Swampert|Swampertite
|move|p2b: Swampert|Wave Crash|p1b: Sylveon
|-damage|p1b: Sylveon|0 fnt
|faint|p1b: Sylveon
|-damage|p2b: Swampert|59/100|[from] Recoil
|
|-weather|RainDance|[upkeep]
|-sideend|p2: sladewilson75|move: Light Screen
|upkeep
|
|t:|1783489920
|switch|p1b: Charizard|Charizard-Mega-Y, L50, M|85/100
|-weather|SunnyDay|[from] ability: Drought|[of] p1b: Charizard
|turn|10
|
|t:|1783489941
|switch|p2a: Archaludon|Archaludon, L50, M|6/100
|move|p1b: Charizard|Protect|p1b: Charizard
|-singleturn|p1b: Charizard|Protect
|move|p2b: Swampert|Protect|p2b: Swampert
|-singleturn|p2b: Swampert|Protect
|move|p1a: Hydreigon|Dark Pulse|p2b: Swampert
|-activate|p2b: Swampert|move: Protect
|
|-weather|SunnyDay|[upkeep]
|-heal|p2a: Archaludon|13/100|[from] item: Leftovers
|upkeep
|turn|11
|-message|jjayy09 forfeited.
|
|win|sladewilson75
||jjayy09 is ready for game 2.
