|j|☆bleldigs
|j|☆Sizzle2466
|html|bleldigsSizzle2466    
|uhtml|bestof|Game 1 of a best-of-3
|t:|1757727919
|gametype|doubles
|player|p1|bleldigs|169|1155
|player|p2|Sizzle2466|265|1140
|gen|9
|tier|[Gen 9] VGC 2025 Reg H (Bo3)
|rated|
|rule|Species Clause: Limit one of each Pokémon
|rule|Item Clause: Limit 1 of each item
|clearpoke
|poke|p1|Dragonite, L50, F|
|poke|p1|Cyclizar, L50, M|
|poke|p1|Incineroar, L50, F|
|poke|p1|Ninetales-Alola, L50, F|
|poke|p1|Rillaboom, L50, M|
|poke|p1|Hydreigon, L50, F|
|poke|p2|Galvantula, L50, F|
|poke|p2|Incineroar, L50, F|
|poke|p2|Amoonguss, L50, M|
|poke|p2|Gholdengo, L50|
|poke|p2|Palafin, L50, M|
|poke|p2|Flamigo, L50, M|
|teampreview|4
|showteam|p1|Dragonite||LoadedDice|Multiscale|ScaleShot,ExtremeSpeed,Haze,Protect|||F|||50|,,,,,Fairy]Cyclizar||CovertCloak|Regenerator|DracoMeteor,DragonCheer,ShedTail,Protect|||M|||50|,,,,,Ghost]Incineroar||SitrusBerry|Intimidate|FakeOut,PartingShot,KnockOff,FlareBlitz|||F|||50|,,,,,Grass]Ninetales-Alola||FocusSash|SnowWarning|Blizzard,AuroraVeil,Encore,Protect|||F|||50|,,,,,Ghost]Rillaboom||AssaultVest|GrassySurge|FakeOut,WoodHammer,GrassyGlide,Uturn|||M|||50|,,,,,Fire]Hydreigon||ScopeLens|Levitate|DracoMeteor,DarkPulse,Tailwind,Protect|||F|||50|,,,,,Ghost
|showteam|p2|Galvantula||AssaultVest|CompoundEyes|Electroweb,BugBuzz,Thunderbolt,VoltSwitch|||F|||50|,,,,,Electric]Incineroar||SafetyGoggles|Intimidate|FakeOut,FlareBlitz,KnockOff,PartingShot|||F|||50|,,,,,Ghost]Amoonguss||CovertCloak|Regenerator|Spore,RagePowder,SludgeBomb,PollenPuff|||M|||50|,,,,,Ghost]Gholdengo||SitrusBerry|GoodasGold|NastyPlot,MakeItRain,ShadowBall,Protect||||||50|,,,,,Water]Palafin||MysticWater|ZerotoHero|JetPunch,WaveCrash,Protect,FlipTurn|||M|||50|,,,,,Water]Flamigo||LifeOrb|Scrappy|BraveBird,CloseCombat,Detect,Roost|||M|||50|,,,,,Stellar
|
|t:|1757727982
|teamsize|p1|4
|teamsize|p2|4
|start
|switch|p1a: Cyclizar|Cyclizar, L50, M|100/100
|switch|p1b: Hydreigon|Hydreigon, L50, F|100/100
|switch|p2a: Galvantula|Galvantula, L50, F|100/100
|switch|p2b: Gholdengo|Gholdengo, L50|100/100
|turn|1
|
|t:|1757728006
|move|p1b: Hydreigon|Protect|p1b: Hydreigon
|-singleturn|p1b: Hydreigon|Protect
|move|p1a: Cyclizar|Dragon Cheer|p1b: Hydreigon
|-start|p1b: Hydreigon|move: Dragon Cheer
|move|p2a: Galvantula|Electroweb|p1a: Cyclizar|[spread] p1a
|-activate|p1b: Hydreigon|move: Protect
|-resisted|p1a: Cyclizar
|-damage|p1a: Cyclizar|88/100
|move|p2b: Gholdengo|Nasty Plot|p2b: Gholdengo
|-boost|p2b: Gholdengo|spa|2
|
|upkeep
|turn|2
|
|t:|1757728042
|move|p1a: Cyclizar|Shed Tail|p1a: Cyclizar
|-start|p1a: Cyclizar|Substitute|[from] move: Shed Tail
|-damage|p1a: Cyclizar|38/100
|
|t:|1757728046
|switch|p1a: Incineroar|Incineroar, L50, F|100/100|[from] Shed Tail
|-ability|p1a: Incineroar|Intimidate|boost
|-unboost|p2a: Galvantula|atk|1
|-unboost|p2b: Gholdengo|atk|1
|move|p2a: Galvantula|Electroweb|p1b: Hydreigon|[spread] p1a,p1b
|-activate|p1a: Incineroar|move: Substitute|[damage]
|-resisted|p1b: Hydreigon
|-damage|p1b: Hydreigon|92/100
|-unboost|p1b: Hydreigon|spe|1
|move|p2b: Gholdengo|Make It Rain|p1a: Incineroar|[spread] p1a,p1b
|-resisted|p1a: Incineroar
|-end|p1a: Incineroar|Substitute
|-damage|p1b: Hydreigon|0 fnt
|-unboost|p2b: Gholdengo|spa|1
|faint|p1b: Hydreigon
|
|upkeep
|
|t:|1757728066
|switch|p1b: Cyclizar|Cyclizar, L50, M|71/100
|turn|3
|
|t:|1757728083
|-terastallize|p2b: Gholdengo|Water
|move|p1b: Cyclizar|Draco Meteor|p2b: Gholdengo
|-damage|p2b: Gholdengo|54/100
|-unboost|p1b: Cyclizar|spa|2
|move|p2a: Galvantula|Volt Switch|p1a: Incineroar
|-damage|p1a: Incineroar|75/100
|
|t:|1757728090
|switch|p2a: Palafin|Palafin, L50, M|100/100|[from] Volt Switch
|move|p2b: Gholdengo|Make It Rain|p1b: Cyclizar|[spread] p1a,p1b
|-resisted|p1a: Incineroar
|-damage|p1a: Incineroar|44/100
|-damage|p1b: Cyclizar|0 fnt
|-unboost|p2b: Gholdengo|spa|1
|-enditem|p1a: Incineroar|Sitrus Berry|[eat]
|-heal|p1a: Incineroar|68/100|[from] item: Sitrus Berry
|faint|p1b: Cyclizar
|move|p1a: Incineroar|Knock Off|p2b: Gholdengo
|-damage|p2b: Gholdengo|6/100
|-enditem|p2b: Gholdengo|Sitrus Berry|[from] move: Knock Off|[of] p1a: Incineroar
|
|upkeep
|
|t:|1757728103
|switch|p1b: Dragonite|Dragonite, L50, F, shiny|100/100
|turn|4
|
|t:|1757728128
|-terastallize|p1a: Incineroar|Grass
|move|p2b: Gholdengo|Protect|p2b: Gholdengo
|-singleturn|p2b: Gholdengo|Protect
|move|p2a: Palafin|Flip Turn|p1a: Incineroar
|-resisted|p1a: Incineroar
|-damage|p1a: Incineroar|58/100
|
|t:|1757728134
|detailschange|p2a: Palafin|Palafin-Hero, L50, M
|switch|p2a: Galvantula|Galvantula, L50, F|100/100|[from] Flip Turn
|move|p1b: Dragonite|Scale Shot|p2b: Gholdengo
|-activate|p2b: Gholdengo|move: Protect
|move|p1a: Incineroar|Knock Off|p2a: Galvantula
|-damage|p2a: Galvantula|13/100
|-enditem|p2a: Galvantula|Assault Vest|[from] move: Knock Off|[of] p1a: Incineroar
|
|upkeep
|turn|5
|
|t:|1757728159
|move|p1b: Dragonite|Extreme Speed|p2a: Galvantula
|-damage|p2a: Galvantula|0 fnt
|faint|p2a: Galvantula
|move|p2b: Gholdengo|Make It Rain|p1a: Incineroar|[spread] p1a,p1b
|-damage|p1a: Incineroar|13/100
|-damage|p1b: Dragonite|78/100
|-unboost|p2b: Gholdengo|spa|1
|move|p1a: Incineroar|Knock Off|p2b: Gholdengo
|-damage|p2b: Gholdengo|0 fnt
|faint|p2b: Gholdengo
|
|upkeep
|
|t:|1757728170
|switch|p2a: Flamigo|Flamigo, L50, M|100/100
|switch|p2b: Palafin|Palafin-Hero, L50, M|100/100
|-activate|p2b: Palafin|ability: Zero to Hero
|turn|6
|
|t:|1757728178
|move|p2b: Palafin|Jet Punch|p1a: Incineroar
|-resisted|p1a: Incineroar
|-damage|p1a: Incineroar|0 fnt
|faint|p1a: Incineroar
|move|p2a: Flamigo|Brave Bird|p1b: Dragonite
|-damage|p1b: Dragonite|12/100
|-damage|p2a: Flamigo|80/100|[from] Recoil
|-damage|p2a: Flamigo|70/100|[from] item: Life Orb
|move|p1b: Dragonite|Scale Shot|p2a: Flamigo
|-damage|p2a: Flamigo|51/100
|-damage|p2a: Flamigo|33/100
|-damage|p2a: Flamigo|12/100
|-damage|p2a: Flamigo|0 fnt
|faint|p2a: Flamigo
|-hitcount|p2: Flamigo|4
|-unboost|p1b: Dragonite|def|1
|-boost|p1b: Dragonite|spe|1
|
|upkeep
|turn|7
|
|t:|1757728196
|move|p1b: Dragonite|Extreme Speed|p2b: Palafin
|-damage|p2b: Palafin|71/100
|move|p2b: Palafin|Jet Punch|p1b: Dragonite
|-resisted|p1b: Dragonite
|-damage|p1b: Dragonite|0 fnt
|faint|p1b: Dragonite
|
|win|Sizzle2466
||Sizzle2466 is ready for game 2.
||bleldigs is ready for game 2.
|uhtml|next|Next: Game 2 of 3
