|j|☆DDPrime
|j|☆ZeGaboVGC
|html|DDPrimeZeGaboVGC    
|uhtml|bestof|Game 2 of a best-of-3
|t:|1756736996
|gametype|doubles
|player|p1|DDPrime|169|1000
|player|p2|ZeGaboVGC|benga|1122
|gen|9
|tier|[Gen 9] VGC 2025 Reg H (Bo3)
|rated|
|rule|Species Clause: Limit one of each Pokémon
|rule|Item Clause: Limit 1 of each item
|clearpoke
|poke|p1|Farigiraf, L50, M|
|poke|p1|Rhyperior, L50, F|
|poke|p1|Hydreigon, L50, M|
|poke|p1|Incineroar, L50, F|
|poke|p1|Whimsicott, L50, F|
|poke|p1|Primarina, L50, M|
|poke|p2|Incineroar, L50, M|
|poke|p2|Amoonguss, L50, M|
|poke|p2|Ursaluna-Bloodmoon, L50, M|
|poke|p2|Sneasler, L50, F|
|poke|p2|Gholdengo, L50|
|poke|p2|Dragonite, L50, M|
|teampreview|4
|showteam|p1|Farigiraf||SitrusBerry|ArmorTail|HyperVoice,ExpandingForce,TrickRoom,Protect|||M|||50|,,,,,Normal]Rhyperior||ClearAmulet|LightningRod|RockSlide,Protect,HighHorsepower,TeraBlast|||F|||50|,,,,,Grass]Hydreigon||BlackGlasses|Levitate|DarkPulse,DracoMeteor,Snarl,Protect|||M|||50|,,,,,Poison]Incineroar||AssaultVest|Intimidate|FlareBlitz,KnockOff,Uturn,FakeOut|||F|||50|,,,,,Fire]Whimsicott||CovertCloak|Prankster|EnergyBall,Tailwind,FakeTears,Encore|||F|||50|,,,,,Grass]Primarina||AguavBerry|LiquidVoice|HyperVoice,Moonblast,CalmMind,Protect|||M|||50|,,,,,Water
|showteam|p2|Incineroar||SafetyGoggles|Intimidate|FlareBlitz,KnockOff,PartingShot,FakeOut|||M|||50|,,,,,Ghost]Amoonguss||SitrusBerry|Regenerator|Spore,RagePowder,PollenPuff,Protect|||M|||50|,,,,,Dark]Ursaluna-Bloodmoon||AssaultVest|MindsEye|HyperVoice,BloodMoon,EarthPower,VacuumWave|||M|||50|,,,,,Water]Sneasler||FocusSash|Unburden|CloseCombat,DireClaw,ThroatChop,Protect|||F|||50|,,,,,Stellar]Gholdengo||LifeOrb|GoodasGold|MakeItRain,ShadowBall,NastyPlot,Protect||||||50|,,,,,Water]Dragonite||LoadedDice|Multiscale|ScaleShot,Tailwind,Haze,Protect|||M|||50|,,,,,Fairy
|inactive|Battle timer is ON: inactive players will automatically lose when time's up. (requested by ZeGaboVGC)
|
|t:|1756737023
|teamsize|p1|4
|teamsize|p2|4
|start
|switch|p1a: Hydreigon|Hydreigon, L50, M|100/100
|switch|p1b: Farigiraf|Farigiraf, L50, M|100/100
|switch|p2a: Amoonguss|Amoonguss, L50, M|100/100
|switch|p2b: Ursaluna|Ursaluna-Bloodmoon, L50, M|100/100
|turn|1
|inactive|DDPrime has 30 seconds left.
|inactive|ZeGaboVGC has 30 seconds left.
|inactive|DDPrime has 20 seconds left.
|inactive|DDPrime has 15 seconds left.
|inactive|DDPrime has 10 seconds left.
|
|t:|1756737072
|move|p1a: Hydreigon|Protect|p1a: Hydreigon
|-singleturn|p1a: Hydreigon|Protect
|move|p2a: Amoonguss|Protect|p2a: Amoonguss
|-singleturn|p2a: Amoonguss|Protect
|move|p1b: Farigiraf|Expanding Force|p2a: Amoonguss
|-activate|p2a: Amoonguss|move: Protect
|move|p2b: Ursaluna|Hyper Voice|p1a: Hydreigon|[spread] p1b
|-activate|p1a: Hydreigon|move: Protect
|-damage|p1b: Farigiraf|67/100
|
|upkeep
|turn|2
|inactive|DDPrime has 30 seconds left.
|inactive|DDPrime has 20 seconds left.
|inactive|DDPrime has 15 seconds left.
|inactive|DDPrime has 10 seconds left.
|
|t:|1756737118
|-terastallize|p2a: Amoonguss|Dark
|move|p1a: Hydreigon|Dark Pulse|p2a: Amoonguss
|-resisted|p2a: Amoonguss
|-damage|p2a: Amoonguss|78/100
|move|p1b: Farigiraf|Expanding Force|p2a: Amoonguss
|-immune|p2a: Amoonguss
|move|p2b: Ursaluna|Blood Moon|p1b: Farigiraf
|-damage|p1b: Farigiraf|0 fnt
|faint|p1b: Farigiraf
|cant|p2a: Amoonguss|flinch
|
|upkeep
|
|t:|1756737130
|switch|p1b: Incineroar|Incineroar, L50, F|100/100
|-ability|p1b: Incineroar|Intimidate|boost
|-unboost|p2a: Amoonguss|atk|1
|-unboost|p2b: Ursaluna|atk|1
|turn|3
|inactive|DDPrime has 30 seconds left.
|inactive|DDPrime has 20 seconds left.
|inactive|DDPrime has 15 seconds left.
|inactive|DDPrime has 10 seconds left.
|
|t:|1756737178
|move|p2a: Amoonguss|Protect|p2a: Amoonguss
|-singleturn|p2a: Amoonguss|Protect
|move|p1b: Incineroar|Fake Out|p2a: Amoonguss
|-activate|p2a: Amoonguss|move: Protect
|move|p1a: Hydreigon|Snarl|p2a: Amoonguss|[spread] p2b
|-activate|p2a: Amoonguss|move: Protect
|-damage|p2b: Ursaluna|83/100
|-unboost|p2b: Ursaluna|spa|1
|move|p2b: Ursaluna|Earth Power|p1b: Incineroar
|-supereffective|p1b: Incineroar
|-damage|p1b: Incineroar|68/100
|
|upkeep
|turn|4
|inactive|DDPrime has 30 seconds left.
|
|t:|1756737210
|move|p1a: Hydreigon|Protect|p1a: Hydreigon
|-singleturn|p1a: Hydreigon|Protect
|move|p1b: Incineroar|Knock Off|p2a: Amoonguss
|-resisted|p2a: Amoonguss
|-damage|p2a: Amoonguss|60/100
|-enditem|p2a: Amoonguss|Sitrus Berry|[from] move: Knock Off|[of] p1b: Incineroar
|move|p2b: Ursaluna|Hyper Voice|p1b: Incineroar|[spread] p1b
|-activate|p1a: Hydreigon|move: Protect
|-damage|p1b: Incineroar|54/100
|move|p2a: Amoonguss|Spore|p1b: Incineroar
|-status|p1b: Incineroar|slp|[from] move: Spore
|
|upkeep
|turn|5
|inactive|DDPrime has 30 seconds left.
|
|t:|1756737235
|move|p1a: Hydreigon|Draco Meteor|p2b: Ursaluna
|-damage|p2b: Ursaluna|36/100
|-unboost|p1a: Hydreigon|spa|2
|cant|p1b: Incineroar|slp
|move|p2b: Ursaluna|Earth Power|p1b: Incineroar
|-supereffective|p1b: Incineroar
|-damage|p1b: Incineroar|16/100 slp
|move|p2a: Amoonguss|Spore|p1a: Hydreigon
|-status|p1a: Hydreigon|slp|[from] move: Spore
|
|upkeep
|turn|6
|
|t:|1756737256
|cant|p1a: Hydreigon|slp
|cant|p1b: Incineroar|slp
|move|p2b: Ursaluna|Hyper Voice|p1b: Incineroar|[spread] p1a,p1b
|-crit|p1a: Hydreigon
|-damage|p1a: Hydreigon|36/100 slp
|-damage|p1b: Incineroar|2/100 slp
|move|p2a: Amoonguss|Pollen Puff|p2b: Ursaluna
|-heal|p2b: Ursaluna|86/100
|
|upkeep
|turn|7
|inactive|DDPrime has 30 seconds left.
|
|t:|1756737281
|-curestatus|p1a: Hydreigon|slp|[msg]
|move|p1a: Hydreigon|Protect|p1a: Hydreigon
|-singleturn|p1a: Hydreigon|Protect
|move|p2a: Amoonguss|Rage Powder|p2a: Amoonguss
|-singleturn|p2a: Amoonguss|move: Rage Powder
|cant|p1b: Incineroar|slp
|move|p2b: Ursaluna|Hyper Voice|p1a: Hydreigon|[spread] p1b
|-activate|p1a: Hydreigon|move: Protect
|-damage|p1b: Incineroar|0 fnt
|faint|p1b: Incineroar
|
|upkeep
|
|t:|1756737292
|switch|p1b: Primarina|Primarina, L50, M|100/100
|turn|8
|inactive|DDPrime has 30 seconds left.
|
|t:|1756737324
|move|p1a: Hydreigon|Snarl|p2a: Amoonguss|[spread] p2a,p2b
|-resisted|p2a: Amoonguss
|-damage|p2a: Amoonguss|55/100
|-damage|p2b: Ursaluna|75/100
|-unboost|p2a: Amoonguss|spa|1
|-unboost|p2b: Ursaluna|spa|1
|move|p1b: Primarina|Moonblast|p2a: Amoonguss
|-supereffective|p2a: Amoonguss
|-damage|p2a: Amoonguss|0 fnt
|faint|p2a: Amoonguss
|move|p2b: Ursaluna|Blood Moon|p1b: Primarina
|-damage|p1b: Primarina|67/100
|
|upkeep
|
|t:|1756737340
|switch|p2a: Gholdengo|Gholdengo, L50|100/100
|turn|9
|inactive|DDPrime has 30 seconds left.
|
|t:|1756737366
|-terastallize|p1b: Primarina|Water
|move|p1a: Hydreigon|Snarl|p2a: Gholdengo|[spread] p2a,p2b
|-supereffective|p2a: Gholdengo
|-damage|p2a: Gholdengo|70/100
|-damage|p2b: Ursaluna|67/100
|-unboost|p2a: Gholdengo|spa|1
|-unboost|p2b: Ursaluna|spa|1
|move|p2a: Gholdengo|Make It Rain|p1b: Primarina|[spread] p1a,p1b
|-resisted|p1b: Primarina
|-damage|p1a: Hydreigon|0 fnt
|-damage|p1b: Primarina|50/100
|-unboost|p2a: Gholdengo|spa|1
|faint|p1a: Hydreigon
|-damage|p2a: Gholdengo|60/100|[from] item: Life Orb
|move|p1b: Primarina|Calm Mind|p1b: Primarina
|-boost|p1b: Primarina|spa|1
|-boost|p1b: Primarina|spd|1
|move|p2b: Ursaluna|Hyper Voice|p1b: Primarina
|-damage|p1b: Primarina|38/100
|
|upkeep
|turn|10
|
|t:|1756737389
|move|p2a: Gholdengo|Shadow Ball|p1b: Primarina
|-damage|p1b: Primarina|22/100
|-enditem|p1b: Primarina|Aguav Berry|[eat]
|-heal|p1b: Primarina|55/100|[from] item: Aguav Berry
|-damage|p2a: Gholdengo|51/100|[from] item: Life Orb
|move|p1b: Primarina|Hyper Voice|p2b: Ursaluna|[spread] p2a,p2b
|-supereffective|p2b: Ursaluna
|-damage|p2a: Gholdengo|0 fnt
|-damage|p2b: Ursaluna|0 fnt
|faint|p2a: Gholdengo
|faint|p2b: Ursaluna
|
|upkeep
|
|t:|1756737395
|switch|p2a: Sneasler|Sneasler, L50, F|100/100
|turn|11
|
|t:|1756737414
|move|p1b: Primarina|Protect|p1b: Primarina
|-singleturn|p1b: Primarina|Protect
|move|p2a: Sneasler|Throat Chop|p1b: Primarina
|-activate|p1b: Primarina|move: Protect
|
|upkeep
|turn|12
|
|t:|1756737431
|move|p2a: Sneasler|Close Combat|p1b: Primarina
|-damage|p1b: Primarina|0 fnt
|-unboost|p2a: Sneasler|def|1
|-unboost|p2a: Sneasler|spd|1
|faint|p1b: Primarina
|
|win|ZeGaboVGC
|raw|DDPrime's rating: 1000 → 1000(+0 for losing)
|raw|ZeGaboVGC's rating: 1122 → 1139(+17 for winning)
