|j|☆Gottkomplexe
|j|☆Paco Amores
|html|GottkomplexePaco Amores    
|uhtml|bestof|Game 2 of a best-of-3
|t:|1782750819
|gametype|doubles
|player|p1|Gottkomplexe|ilima|1225
|player|p2|Paco Amores|102|1085
|gen|9
|tier|[Gen 9 Champions] VGC 2026 Reg M-B (Bo3)
|rated|
|rule|Species Clause: Limit one of each Pokémon
|rule|Item Clause: Limit 1 of each item
|clearpoke
|poke|p1|Charizard, L50, F|
|poke|p1|Incineroar, L50, M|
|poke|p1|Sneasler, L50, M|
|poke|p1|Sinistcha, L50|
|poke|p1|Milotic, L50, M|
|poke|p1|Floette-Eternal, L50, F|
|poke|p2|Metagross, L50|
|poke|p2|Hydreigon, L50, M|
|poke|p2|Sinistcha, L50|
|poke|p2|Incineroar, L50, M|
|poke|p2|Aerodactyl, L50, M|
|poke|p2|Sylveon, L50, F|
|teampreview|4
|showteam|p1|Charizard||CharizarditeX|Blaze|FlareBlitz,DragonClaw,DragonDance,Protect|Adamant||F|||50|]Incineroar||Leftovers|Intimidate|FlareBlitz,FakeOut,PartingShot,HelpingHand|Sassy||M|||50|]Sneasler||FocusSash|PoisonTouch|CloseCombat,PoisonJab,FakeOut,Protect|Jolly||M|||50|]Sinistcha||SitrusBerry|Hospitality|MatchaGotcha,RagePowder,TrickRoom,Protect|Bold|||||50|]Milotic||MysticWater|Competitive|MuddyWater,Hypnosis,Coil,Recover|Calm||M|||50|]Floette-Eternal||Floettite|FlowerVeil|DazzlingGleam,DrainingKiss,CalmMind,Protect|Modest||F|||50|
|showteam|p2|Metagross||Metagrossite|ClearBody|PsychicFangs,IronHead,RockSlide,Protect|Jolly|||||50|]Hydreigon||ChoiceScarf|Levitate|DracoMeteor,DarkPulse,Snarl,EarthPower|Modest||M|||50|]Sinistcha||SitrusBerry|Hospitality|MatchaGotcha,RagePowder,TrickRoom,Protect|Bold|||||50|]Incineroar||PasshoBerry|Intimidate|FlareBlitz,ThroatChop,PartingShot,FakeOut|Careful||M|||50|]Aerodactyl||Aerodactylite|Unnerve|RockSlide,DualWingbeat,Tailwind,Protect|Jolly||M|||50|]Sylveon||FairyFeather|Pixilate|HyperBeam,HyperVoice,QuickAttack,Detect|Modest||F|||50|
|inactive|Battle timer is ON: inactive players will automatically lose when time's up. (requested by Gottkomplexe)
|inactive|Paco Amores has 60 seconds left.
|inactive|Gottkomplexe has 60 seconds left.
|
|t:|1782750868
|teamsize|p1|4
|teamsize|p2|4
|start
|switch|p1a: Sneasler|Sneasler, L50, M|100/100
|switch|p1b: Charizard|Charizard, L50, F|100/100
|switch|p2a: Metagross|Metagross, L50|100/100
|switch|p2b: Aerodactyl|Aerodactyl, L50, M|100/100
|-ability|p2b: Aerodactyl|Unnerve
|turn|1
|
|t:|1782750889
|detailschange|p1b: Charizard|Charizard-Mega-X, L50, F
|-mega|p1b: Charizard|Charizard|Charizardite X
|detailschange|p2a: Metagross|Metagross-Mega, L50
|-mega|p2a: Metagross|Metagross|Metagrossite
|move|p1a: Sneasler|Fake Out|p2b: Aerodactyl
|-resisted|p2b: Aerodactyl|1
|-damage|p2b: Aerodactyl|89/100
|cant|p2b: Aerodactyl|flinch
|move|p2a: Metagross|Rock Slide|p1b: Charizard|[spread] p1a,p1b
|-resisted|p1a: Sneasler|1
|-supereffective|p1b: Charizard|1
|-damage|p1a: Sneasler|82/100
|-damage|p1b: Charizard|57/100
|cant|p1b: Charizard|flinch
|
|upkeep
|turn|2
|c|☆Gottkomplexe|gg
|inactive|Paco Amores has 30 seconds left.
|inactive|Paco Amores has 20 seconds left.
|
|t:|1782750927
|switch|p1a: Incineroar|Incineroar, L50, M|100/100
|-ability|p1a: Incineroar|Intimidate|boost
|-unboost|p2a: Metagross|atk|1
|-unboost|p2b: Aerodactyl|atk|1
|move|p1b: Charizard|Protect|p1b: Charizard
|-singleturn|p1b: Charizard|Protect
|move|p2b: Aerodactyl|Tailwind|p2b: Aerodactyl
|-sidestart|p2: Paco Amores|move: Tailwind
|move|p2a: Metagross|Rock Slide|p1a: Incineroar|[spread] p1a
|-activate|p1b: Charizard|move: Protect
|-supereffective|p1a: Incineroar|1
|-damage|p1a: Incineroar|76/100
|
|-heal|p1a: Incineroar|82/100|[from] item: Leftovers
|upkeep
|turn|3
|
|t:|1782750945
|move|p1a: Incineroar|Fake Out|p2b: Aerodactyl
|-resisted|p2b: Aerodactyl|1
|-damage|p2b: Aerodactyl|79/100
|cant|p2b: Aerodactyl|flinch
|move|p2a: Metagross|Rock Slide|p1a: Incineroar|[spread] p1a,p1b
|-supereffective|p1a: Incineroar|1
|-supereffective|p1b: Charizard|1
|-damage|p1a: Incineroar|57/100
|-damage|p1b: Charizard|27/100
|move|p1b: Charizard|Dragon Dance|p1b: Charizard
|-boost|p1b: Charizard|atk|1
|-boost|p1b: Charizard|spe|1
|
|-heal|p1a: Incineroar|63/100|[from] item: Leftovers
|upkeep
|turn|4
|
|t:|1782750959
|move|p1b: Charizard|Protect|p1b: Charizard
|-singleturn|p1b: Charizard|Protect
|move|p2b: Aerodactyl|Rock Slide|p1b: Charizard|[spread] p1a
|-activate|p1b: Charizard|move: Protect
|-supereffective|p1a: Incineroar|1
|-damage|p1a: Incineroar|32/100
|move|p2a: Metagross|Rock Slide|p1b: Charizard|[spread] 
|-activate|p1b: Charizard|move: Protect
|-miss|p2a: Metagross|p1a: Incineroar
|move|p1a: Incineroar|Parting Shot|p2a: Metagross
|-unboost|p2a: Metagross|atk|1
|-unboost|p2a: Metagross|spa|1
|
|t:|1782750968
|switch|p1a: Sneasler|Sneasler, L50, M|82/100|[from] Parting Shot
|
|upkeep
|turn|5
|inactive|Gottkomplexe has 30 seconds left.
|
|t:|1782750996
|move|p1a: Sneasler|Fake Out|p2b: Aerodactyl
|-resisted|p2b: Aerodactyl|1
|-damage|p2b: Aerodactyl|69/100
|cant|p2b: Aerodactyl|flinch
|move|p2a: Metagross|Psychic Fangs|p1a: Sneasler
|-supereffective|p1a: Sneasler|2
|-damage|p1a: Sneasler|0 fnt
|faint|p1a: Sneasler
|move|p1b: Charizard|Dragon Claw|p2a: Metagross
|-resisted|p2a: Metagross|1
|-damage|p2a: Metagross|66/100
|
|-sideend|p2: Paco Amores|move: Tailwind
|upkeep
|
|t:|1782751004
|switch|p1a: Incineroar|Incineroar, L50, M|32/100
|-ability|p1a: Incineroar|Intimidate|boost
|-unboost|p2a: Metagross|atk|1
|-unboost|p2b: Aerodactyl|atk|1
|turn|6
|inactive|Paco Amores has 30 seconds left.
|inactive|Paco Amores has 20 seconds left.
|
|t:|1782751040
|switch|p2b: Sinistcha|Sinistcha, L50|100/100
|-heal|p2a: Metagross|91/100|[from] ability: Hospitality|[of] p2b: Sinistcha
|switch|p1a: Milotic|Milotic, L50, M|100/100
|move|p1b: Charizard|Dragon Dance|p1b: Charizard
|-boost|p1b: Charizard|atk|1
|-boost|p1b: Charizard|spe|1
|move|p2a: Metagross|Rock Slide|p1a: Milotic|[spread] p1a
|-miss|p2a: Metagross|p1b: Charizard
|-damage|p1a: Milotic|92/100
|
|upkeep
|turn|7
|inactive|Gottkomplexe has 30 seconds left.
|inactive|Paco Amores has 30 seconds left.
|inactive|Gottkomplexe has 20 seconds left.
|inactive|Gottkomplexe has 15 seconds left.
|
|t:|1782751081
|move|p1b: Charizard|Flare Blitz|p2b: Sinistcha
|-supereffective|p2b: Sinistcha|1
|-crit|p2b: Sinistcha
|-damage|p2b: Sinistcha|0 fnt
|faint|p2b: Sinistcha
|-damage|p1b: Charizard|0 fnt|[from] Recoil
|faint|p1b: Charizard
|move|p2a: Metagross|Psychic Fangs|p1a: Milotic
|-damage|p1a: Milotic|71/100
|move|p1a: Milotic|Coil|p1a: Milotic
|-boost|p1a: Milotic|atk|1
|-boost|p1a: Milotic|def|1
|-boost|p1a: Milotic|accuracy|1
|
|upkeep
|
|t:|1782751097
|switch|p1b: Incineroar|Incineroar, L50, M|32/100
|switch|p2b: Hydreigon|Hydreigon, L50, M|100/100
|-ability|p1b: Incineroar|Intimidate|boost
|-unboost|p2a: Metagross|atk|1
|-unboost|p2b: Hydreigon|atk|1
|turn|8
|
|t:|1782751111
|switch|p2a: Aerodactyl|Aerodactyl, L50, M|69/100
|-ability|p2a: Aerodactyl|Unnerve
|move|p1b: Incineroar|Fake Out|p2b: Hydreigon
|-damage|p2b: Hydreigon|86/100
|cant|p2b: Hydreigon|flinch
|move|p1a: Milotic|Hypnosis|p2b: Hydreigon
|-status|p2b: Hydreigon|slp|[from] move: Hypnosis
|
|-heal|p1b: Incineroar|38/100|[from] item: Leftovers
|upkeep
|turn|9
|
|t:|1782751129
|switch|p2b: Metagross|Metagross-Mega, L50|91/100
|move|p1b: Incineroar|Helping Hand|p1a: Milotic
|-singleturn|p1a: Milotic|Helping Hand|[of] p1b: Incineroar
|move|p2a: Aerodactyl|Rock Slide|p1b: Incineroar|[spread] p1a,p1b
|-supereffective|p1b: Incineroar|1
|-damage|p1a: Milotic|58/100
|-damage|p1b: Incineroar|0 fnt
|faint|p1b: Incineroar
|move|p1a: Milotic|Muddy Water|p2b: Metagross|[spread] p2a,p2b
|-supereffective|p2a: Aerodactyl|1
|-crit|p2a: Aerodactyl
|-damage|p2a: Aerodactyl|0 fnt
|-damage|p2b: Metagross|47/100
|faint|p2a: Aerodactyl
|
|upkeep
|
|t:|1782751142
|switch|p2a: Hydreigon|Hydreigon, L50, M|86/100 slp
|turn|10
|
|t:|1782751150
|cant|p2a: Hydreigon|slp
|move|p2b: Metagross|Psychic Fangs|p1a: Milotic
|-damage|p1a: Milotic|22/100
|move|p1a: Milotic|Hypnosis|p2b: Metagross
|-status|p2b: Metagross|slp|[from] move: Hypnosis
|
|upkeep
|turn|11
|
|t:|1782751162
|-curestatus|p2a: Hydreigon|slp|[msg]
|move|p2a: Hydreigon|Draco Meteor|p1a: Milotic
|-damage|p1a: Milotic|0 fnt
|-unboost|p2a: Hydreigon|spa|2
|faint|p1a: Milotic
|
|win|Paco Amores
|raw|Gottkomplexe's rating: 1225 → 1190(-35 for losing)
|raw|Paco Amores's rating: 1085 → 1123(+38 for winning)
|l|☆Gottkomplexe
|player|p1|
