|j|☆rainloverrrr
|j|☆ninjakaos
|html|rainloverrrrninjakaos    
|uhtml|bestof|Game 3 of a best-of-3
|t:|1783193571
|gametype|doubles
|player|p1|rainloverrrr|n|1109
|player|p2|ninjakaos|benga|1180
|gen|9
|tier|[Gen 9 Champions] VGC 2026 Reg M-B (Bo3)
|rated|
|rule|Species Clause: Limit one of each Pokémon
|rule|Item Clause: Limit 1 of each item
|clearpoke
|poke|p1|Tyranitar, L50, M|
|poke|p1|Gholdengo, L50|
|poke|p1|Sinistcha-Masterpiece, L50|
|poke|p1|Grimmsnarl, L50, M|
|poke|p1|Incineroar, L50, F|
|poke|p1|Aggron, L50, F|
|poke|p2|Archaludon, L50, F, shiny|
|poke|p2|Pelipper, L50, M, shiny|
|poke|p2|Swampert, L50, M, shiny|
|poke|p2|Venusaur, L50, M|
|poke|p2|Sinistcha-Masterpiece, L50, shiny|
|poke|p2|Sableye, L50, M|
|teampreview|4
|showteam|p1|Tyranitar||Tyranitarite|SandStream|DragonDance,Protect,KnockOff,RockSlide|Adamant||M|||50|]Gholdengo||LifeOrb|GoodasGold|NastyPlot,MakeItRain,Protect,ShadowBall|Modest|||||50|]Sinistcha-Masterpiece||CobaBerry|Hospitality|TrickRoom,MatchaGotcha,RagePowder,LifeDew|Calm|||||50|]Grimmsnarl||LightClay|Prankster|Reflect,LightScreen,SpiritBreak,PartingShot|Impish||M|||50|]Incineroar||SitrusBerry|Intimidate|FakeOut,PartingShot,Snarl,FlareBlitz|Impish||F|||50|]Aggron||Aggronite|Sturdy|IronDefense,BodyPress,HeavySlam,Protect|Brave||F|||50|
|showteam|p2|Archaludon||ChopleBerry|Stamina|ElectroShot,DragonPulse,FlashCannon,Protect|Modest||F|||50|]Pelipper||FocusSash|Drizzle|WideGuard,WeatherBall,Hurricane,Tailwind|Modest||M|||50|]Swampert||Swampertite|Torrent|Earthquake,WaveCrash,IcePunch,Protect|Adamant||M|||50|]Venusaur||Venusaurite|Chlorophyll|EarthPower,GigaDrain,SludgeBomb,Protect|Modest||M|||50|]Sinistcha-Masterpiece||KasibBerry|Hospitality|MatchaGotcha,TrickRoom,RagePowder,Protect|Relaxed|||||50|]Sableye||RoseliBerry|Prankster|Quash,LightScreen,Reflect,RainDance|Sassy||M|||50|
|inactive|Battle timer is ON: inactive players will automatically lose when time's up. (requested by rainloverrrr)
|
|t:|1783193589
|teamsize|p1|4
|teamsize|p2|4
|start
|switch|p1a: Tyranitar|Tyranitar, L50, M|100/100
|switch|p1b: Gholdengo|Gholdengo, L50|100/100
|switch|p2a: Pelipper|Pelipper, L50, M, shiny|100/100
|switch|p2b: Swampert|Swampert, L50, M, shiny|100/100
|-weather|RainDance|[from] ability: Drizzle|[of] p2a: Pelipper
|-weather|Sandstorm|[from] ability: Sand Stream|[of] p1a: Tyranitar
|turn|1
|inactive|ninjakaos has 30 seconds left.
|
|t:|1783193617
|detailschange|p1a: Tyranitar|Tyranitar-Mega, L50, M
|-mega|p1a: Tyranitar|Tyranitar|Tyranitarite
|detailschange|p2b: Swampert|Swampert-Mega, L50, M, shiny
|-mega|p2b: Swampert|Swampert|Swampertite
|move|p1b: Gholdengo|Make It Rain|p2a: Pelipper|[spread] p2a,p2b
|-resisted|p2a: Pelipper|1
|-resisted|p2b: Swampert|1
|-damage|p2a: Pelipper|38/100
|-damage|p2b: Swampert|70/100
|-unboost|p1b: Gholdengo|spa|2
|-damage|p1b: Gholdengo|90/100|[from] item: Life Orb
|move|p1a: Tyranitar|Rock Slide|p2a: Pelipper|[spread] p2a,p2b
|-supereffective|p2a: Pelipper|1
|-resisted|p2b: Swampert|1
|-damage|p2a: Pelipper|0 fnt
|-damage|p2b: Swampert|55/100
|faint|p2a: Pelipper
|move|p2b: Swampert|Earthquake|p1a: Tyranitar|[spread] p1a,p1b
|-supereffective|p1a: Tyranitar|1
|-supereffective|p1b: Gholdengo|1
|-damage|p1a: Tyranitar|28/100
|-damage|p1b: Gholdengo|0 fnt
|faint|p1b: Gholdengo
|
|-weather|Sandstorm|[upkeep]
|upkeep
|
|t:|1783193635
|switch|p1b: Sinistcha|Sinistcha-Masterpiece, L50|100/100
|switch|p2a: Sableye|Sableye, L50, M|100/100
|-heal|p1a: Tyranitar|53/100|[from] ability: Hospitality|[of] p1b: Sinistcha
|turn|2
|
|t:|1783193659
|switch|p2b: Archaludon|Archaludon, L50, F, shiny|100/100
|move|p2a: Sableye|Rain Dance|p2a: Sableye
|-weather|RainDance
|move|p1a: Tyranitar|Knock Off|p2a: Sableye
|-damage|p2a: Sableye|11/100
|-enditem|p2a: Sableye|Roseli Berry|[from] move: Knock Off|[of] p1a: Tyranitar
|move|p1b: Sinistcha|Matcha Gotcha|p2b: Archaludon|[spread] p2a,p2b
|-resisted|p2b: Archaludon|2
|-damage|p2a: Sableye|0 fnt
|-damage|p2b: Archaludon|93/100
|-ability|p2b: Archaludon|Stamina|boost
|-boost|p2b: Archaludon|def|1
|faint|p2a: Sableye
|
|-weather|RainDance|[upkeep]
|upkeep
|
|t:|1783193672
|switch|p2a: Swampert|Swampert-Mega, L50, M, shiny|55/100
|turn|3
|inactive|rainloverrrr has 30 seconds left.
|
|t:|1783193698
|move|p2a: Swampert|Ice Punch|p1b: Sinistcha
|-supereffective|p1b: Sinistcha|1
|-damage|p1b: Sinistcha|48/100
|move|p1a: Tyranitar|Rock Slide|p2a: Swampert|[spread] p2b
|-miss|p1a: Tyranitar|p2a: Swampert
|-resisted|p2b: Archaludon|1
|-damage|p2b: Archaludon|83/100
|-ability|p2b: Archaludon|Stamina|boost
|-boost|p2b: Archaludon|def|1
|move|p2b: Archaludon|Electro Shot||[still]
|-prepare|p2b: Archaludon|Electro Shot
|-boost|p2b: Archaludon|spa|1
|-anim|p2b: Archaludon|Electro Shot|p1b: Sinistcha
|-resisted|p1b: Sinistcha|1
|-damage|p1b: Sinistcha|22/100
|move|p1b: Sinistcha|Matcha Gotcha|p2b: Archaludon|[spread] p2a,p2b
|-supereffective|p2a: Swampert|2
|-resisted|p2b: Archaludon|2
|-damage|p2a: Swampert|0 fnt
|-heal|p1b: Sinistcha|52/100|[from] drain|[of] p2a: Swampert
|-damage|p2b: Archaludon|77/100
|-heal|p1b: Sinistcha|56/100|[from] drain|[of] p2b: Archaludon
|-ability|p2b: Archaludon|Stamina|boost
|-boost|p2b: Archaludon|def|1
|faint|p2a: Swampert
|
|-weather|RainDance|[upkeep]
|upkeep
|turn|4
|inactive|rainloverrrr has 30 seconds left.
|
|t:|1783193727
|switch|p1a: Aggron|Aggron, L50, F|100/100
|move|p2b: Archaludon|Electro Shot||[still]
|-prepare|p2b: Archaludon|Electro Shot
|-boost|p2b: Archaludon|spa|1
|-anim|p2b: Archaludon|Electro Shot|p1b: Sinistcha
|-resisted|p1b: Sinistcha|1
|-damage|p1b: Sinistcha|18/100
|move|p1b: Sinistcha|Trick Room|p1b: Sinistcha
|-fieldstart|move: Trick Room|[of] p1b: Sinistcha
|
|-weather|RainDance|[upkeep]
|upkeep
|turn|5
|
|t:|1783193744
|switch|p1a: Tyranitar|Tyranitar-Mega, L50, M|53/100
|-weather|Sandstorm|[from] ability: Sand Stream|[of] p1a: Tyranitar
|move|p1b: Sinistcha|Life Dew|p1b: Sinistcha|[spread] p1a,p1b
|-heal|p1a: Tyranitar|78/100
|-heal|p1b: Sinistcha|43/100
|move|p2b: Archaludon|Flash Cannon|p1b: Sinistcha
|-damage|p1b: Sinistcha|0 fnt
|faint|p1b: Sinistcha
|
|-weather|Sandstorm|[upkeep]
|upkeep
|
|t:|1783193747
|switch|p1b: Aggron|Aggron, L50, F|100/100
|turn|6
|
|t:|1783193756
|move|p1b: Aggron|Iron Defense|p1b: Aggron
|-boost|p1b: Aggron|def|2
|move|p2b: Archaludon|Flash Cannon|p1a: Tyranitar
|-supereffective|p1a: Tyranitar|1
|-damage|p1a: Tyranitar|0 fnt
|faint|p1a: Tyranitar
|
|-weather|Sandstorm|[upkeep]
|upkeep
|turn|7
|
|t:|1783193766
|move|p1b: Aggron|Body Press|p2b: Archaludon
|-supereffective|p2b: Archaludon|1
|-enditem|p2b: Archaludon|Chople Berry|[eat]
|-enditem|p2b: Archaludon|Chople Berry|[weaken]
|-damage|p2b: Archaludon|59/100
|-ability|p2b: Archaludon|Stamina|boost
|-boost|p2b: Archaludon|def|1
|move|p2b: Archaludon|Flash Cannon|p1b: Aggron
|-damage|p1b: Aggron|41/100
|-unboost|p1b: Aggron|spd|1
|
|-weather|Sandstorm|[upkeep]
|upkeep
|turn|8
|
|t:|1783193777
|move|p1b: Aggron|Body Press|p2b: Archaludon
|-supereffective|p2b: Archaludon|1
|-damage|p2b: Archaludon|28/100
|-ability|p2b: Archaludon|Stamina|boost
|-boost|p2b: Archaludon|def|1
|move|p2b: Archaludon|Flash Cannon|p1b: Aggron
|-damage|p1b: Aggron|0 fnt
|faint|p1b: Aggron
|
|win|ninjakaos
|raw|rainloverrrr's rating: 1109 → 1089(-20 for losing)
|raw|ninjakaos's rating: 1180 → 1200(+20 for winning)
|l|☆rainloverrrr
|player|p1|
|l|☆ninjakaos
|player|p2|
|j|☆ninjakaos
|player|p2|ninjakaos|benga|
