|j|☆Rexolboy
|j|☆Toslowbro30
|html|RexolboyToslowbro30    
|uhtml|bestof|Game 3 of a best-of-3
|t:|1756553284
|gametype|doubles
|player|p1|Rexolboy|266|1096
|player|p2|Toslowbro30|101|1145
|gen|9
|tier|[Gen 9] VGC 2025 Reg H (Bo3)
|rated|
|rule|Species Clause: Limit one of each Pokémon
|rule|Item Clause: Limit 1 of each item
|clearpoke
|poke|p1|Archaludon, L50, M|
|poke|p1|Incineroar, L50, M|
|poke|p1|Whimsicott, L50, F|
|poke|p1|Ursaluna, L50, M|
|poke|p1|Indeedee-F, L50, F|
|poke|p1|Armarouge, L50, F|
|poke|p2|Tyranitar, L50, F|
|poke|p2|Lycanroc, L50, M|
|poke|p2|Indeedee, L50, M|
|poke|p2|Gastrodon-East, L50, M|
|poke|p2|Annihilape, L50, F|
|poke|p2|Gholdengo, L50|
|teampreview|4
|showteam|p1|Archaludon||PowerHerb|Stalwart|ElectroShot,AuraSphere,DragonPulse,Protect|||M|||50|,,,,,Electric]Incineroar||SitrusBerry|Intimidate|FlareBlitz,KnockOff,FakeOut,PartingShot|||M|||50|,,,,,Ghost]Whimsicott||CovertCloak|Prankster|Moonblast,Encore,LightScreen,Tailwind|||F|||50|,,,,,Water]Ursaluna||FlameOrb|Guts|Facade,RainDance,HeadlongRush,Protect|||M|||50|,,,,,Ghost]Indeedee-F||SafetyGoggles|PsychicSurge|DazzlingGleam,HelpingHand,FollowMe,TrickRoom|||F|||50|,,,,,Fairy]Armarouge||LifeOrb|FlashFire|ExpandingForce,ArmorCannon,EnergyBall,Protect|||F|||50|,,,,,Stellar
|showteam|p2|Tyranitar||AguavBerry|SandStream|RockSlide,KnockOff,TeraBlast,Protect|||F|||50|,,,,,Bug]Lycanroc||FocusSash|SandRush|RockSlide,CloseCombat,Taunt,Protect|||M|||50|,,,,,Fighting]Indeedee||ChoiceScarf|PsychicSurge|ExpandingForce,TeraBlast,Trick,Protect|||M|||50|,,,,,Psychic]Gastrodon-East||Leftovers|StormDrain|EarthPower,Yawn,ClearSmog,Protect|||M|||50|,,,,,Grass]Annihilape||PsychicSeed|Defiant|DrainPunch,RageFist,BulkUp,Protect|||F|||50|,,,,,Water]Gholdengo||LifeOrb|GoodasGold|MakeItRain,ShadowBall,NastyPlot,Protect||||||50|,,,,,Flying
|
|t:|1756553328
|teamsize|p1|4
|teamsize|p2|4
|start
|switch|p1a: Whimsicott|Whimsicott, L50, F|100/100
|switch|p1b: Archaludon|Archaludon, L50, M|100/100
|switch|p2a: Gastrodon|Gastrodon-East, L50, M|100/100
|switch|p2b: Annihilape|Annihilape, L50, F|100/100
|turn|1
|inactive|Battle timer is ON: inactive players will automatically lose when time's up. (requested by Toslowbro30)
|inactive|Rexolboy has 60 seconds left.
|
|t:|1756553371
|-terastallize|p1b: Archaludon|Electric
|move|p2b: Annihilape|Protect|p2b: Annihilape
|-singleturn|p2b: Annihilape|Protect
|move|p1b: Archaludon|Electro Shot||[still]
|-prepare|p1b: Archaludon|Electro Shot
|-boost|p1b: Archaludon|spa|1
|-enditem|p1b: Archaludon|Power Herb
|-anim|p1b: Archaludon|Electro Shot|p2b: Annihilape
|-activate|p2b: Annihilape|move: Protect
|move|p1a: Whimsicott|Moonblast|p2b: Annihilape
|-activate|p2b: Annihilape|move: Protect
|move|p2a: Gastrodon|Earth Power|p1b: Archaludon
|-supereffective|p1b: Archaludon
|-damage|p1b: Archaludon|9/100
|
|upkeep
|turn|2
|
|t:|1756553392
|switch|p2b: Tyranitar|Tyranitar, L50, F|100/100
|-weather|Sandstorm|[from] ability: Sand Stream|[of] p2b: Tyranitar
|move|p1b: Archaludon|Protect|p1b: Archaludon
|-singleturn|p1b: Archaludon|Protect
|move|p1a: Whimsicott|Tailwind|p1a: Whimsicott
|-sidestart|p1: Rexolboy|move: Tailwind
|move|p2a: Gastrodon|Clear Smog|p1a: Whimsicott
|-supereffective|p1a: Whimsicott
|-damage|p1a: Whimsicott|55/100
|-clearboost|p1a: Whimsicott
|
|-weather|Sandstorm|[upkeep]
|-damage|p1b: Archaludon|3/100|[from] Sandstorm
|-damage|p1a: Whimsicott|49/100|[from] Sandstorm
|upkeep
|turn|3
|inactive|Toslowbro30 has 30 seconds left.
|inactive|Toslowbro30 has 20 seconds left.
|
|t:|1756553428
|move|p2b: Tyranitar|Protect|p2b: Tyranitar
|-singleturn|p2b: Tyranitar|Protect
|move|p1b: Archaludon|Dragon Pulse|p2a: Gastrodon
|-damage|p2a: Gastrodon|38/100
|move|p1a: Whimsicott|Moonblast|p2a: Gastrodon
|-damage|p2a: Gastrodon|15/100
|move|p2a: Gastrodon|Clear Smog|p1a: Whimsicott
|-supereffective|p1a: Whimsicott
|-damage|p1a: Whimsicott|6/100
|-clearboost|p1a: Whimsicott
|
|-weather|Sandstorm|[upkeep]
|-damage|p1b: Archaludon|0 fnt|[from] Sandstorm
|-damage|p1a: Whimsicott|0 fnt|[from] Sandstorm
|faint|p1b: Archaludon
|faint|p1a: Whimsicott
|-heal|p2a: Gastrodon|22/100|[from] item: Leftovers
|upkeep
|
|t:|1756553433
|switch|p1b: Incineroar|Incineroar, L50, M, shiny|100/100
|switch|p1a: Ursaluna|Ursaluna, L50, M|100/100
|-ability|p1b: Incineroar|Intimidate|boost
|-unboost|p2a: Gastrodon|atk|1
|-unboost|p2b: Tyranitar|atk|1
|turn|4
|inactive|Toslowbro30 has 30 seconds left.
|
|t:|1756553462
|switch|p2b: Lycanroc|Lycanroc, L50, M|100/100
|move|p1b: Incineroar|Fake Out|p2a: Gastrodon
|-damage|p2a: Gastrodon|13/100
|move|p1a: Ursaluna|Headlong Rush|p2b: Lycanroc
|-supereffective|p2b: Lycanroc
|-enditem|p2b: Lycanroc|Focus Sash
|-damage|p2b: Lycanroc|1/100
|-unboost|p1a: Ursaluna|def|1
|-unboost|p1a: Ursaluna|spd|1
|cant|p2a: Gastrodon|flinch
|
|-weather|Sandstorm|[upkeep]
|-damage|p1b: Incineroar|95/100|[from] Sandstorm
|-heal|p2a: Gastrodon|19/100|[from] item: Leftovers
|-status|p1a: Ursaluna|brn|[from] item: Flame Orb
|upkeep
|turn|5
|inactive|Rexolboy has 30 seconds left.
|inactive|Rexolboy has 20 seconds left.
|
|t:|1756553501
|move|p2b: Lycanroc|Protect|p2b: Lycanroc
|-singleturn|p2b: Lycanroc|Protect
|move|p1a: Ursaluna|Protect|p1a: Ursaluna
|-singleturn|p1a: Ursaluna|Protect
|move|p1b: Incineroar|Knock Off|p2b: Lycanroc
|-activate|p2b: Lycanroc|move: Protect
|move|p2a: Gastrodon|Earth Power|p1b: Incineroar
|-supereffective|p1b: Incineroar
|-damage|p1b: Incineroar|47/100
|-enditem|p1b: Incineroar|Sitrus Berry|[eat]
|-heal|p1b: Incineroar|72/100|[from] item: Sitrus Berry
|
|-weather|Sandstorm|[upkeep]
|-damage|p1b: Incineroar|66/100|[from] Sandstorm
|-heal|p2a: Gastrodon|25/100|[from] item: Leftovers
|-damage|p1a: Ursaluna|94/100 brn|[from] brn
|-sideend|p1: Rexolboy|move: Tailwind
|upkeep
|turn|6
|inactive|Toslowbro30 has 30 seconds left.
|
|t:|1756553533
|-terastallize|p2b: Lycanroc|Fighting
|move|p1a: Ursaluna|Protect||[still]
|-fail|p1a: Ursaluna
|move|p2b: Lycanroc|Close Combat|p1a: Ursaluna
|-supereffective|p1a: Ursaluna
|-damage|p1a: Ursaluna|0 fnt
|-unboost|p2b: Lycanroc|def|1
|-unboost|p2b: Lycanroc|spd|1
|faint|p1a: Ursaluna
|move|p1b: Incineroar|Knock Off|p2b: Lycanroc
|-resisted|p2b: Lycanroc
|-damage|p2b: Lycanroc|0 fnt
|faint|p2b: Lycanroc
|move|p2a: Gastrodon|Earth Power|p1b: Incineroar
|-supereffective|p1b: Incineroar
|-damage|p1b: Incineroar|20/100
|
|-weather|none
|-heal|p2a: Gastrodon|31/100|[from] item: Leftovers
|upkeep
|c|☆Toslowbro30|gg wp
|-message|Rexolboy forfeited.
|
|win|Toslowbro30
|raw|Rexolboy's rating: 1096 → 1075(-21 for losing)
|raw|Toslowbro30's rating: 1145 → 1166(+21 for winning)
|l|☆Rexolboy
|player|p1|
|j|☆Rexolboy
|player|p1|Rexolboy|266|
