|j|☆limestone7276
|j|☆Thenestball
|html|limestone7276Thenestball    
|uhtml|bestof|Game 1 of a best-of-3
|t:|1756397246
|gametype|doubles
|player|p1|limestone7276|2|1040
|player|p2|Thenestball|hiker-gen4|1000
|gen|9
|tier|[Gen 9] VGC 2025 Reg H (Bo3)
|rated|
|rule|Species Clause: Limit one of each Pokémon
|rule|Item Clause: Limit 1 of each item
|clearpoke
|poke|p1|Porygon-Z, L50|
|poke|p1|Palafin, L50, M|
|poke|p1|Volcarona, L50, F|
|poke|p1|Rillaboom, L50, F|
|poke|p1|Ursaluna, L50, F|
|poke|p1|Whimsicott, L50, M|
|poke|p2|Weezing, L50, M|
|poke|p2|Smeargle, L50, F|
|poke|p2|Garchomp, L50, F|
|poke|p2|Talonflame, L50, M|
|poke|p2|Sylveon, L50, F|
|poke|p2|Incineroar, L50, F|
|teampreview|4
|showteam|p1|Porygon-Z||LifeOrb|Adaptability|DarkPulse,HyperBeam,Protect,TriAttack||||||50|,,,,,Normal]Palafin||MysticWater|ZerotoHero|DrainPunch,FlipTurn,JetPunch,WaveCrash|||M|||50|,,,,,Water]Volcarona||RockyHelmet|FlameBody|FieryDance,Protect,RagePowder,StruggleBug|||F|||50|,,,,,Grass]Rillaboom||AssaultVest|GrassySurge|FakeOut,GrassyGlide,Uturn,WoodHammer|||F|||50|,,,,,Fire]Ursaluna||FlameOrb|Guts|Earthquake,Facade,HeadlongRush,Protect|||F|||50|,,,,,Ghost]Whimsicott||CovertCloak|Prankster|Encore,LightScreen,Moonblast,Tailwind|||M|||50|,,,,,Dark
|showteam|p2|Weezing||SitrusBerry|NeutralizingGas|SludgeBomb,WillOWisp,Haze,Protect|||M|||50|,,,,,Grass]Smeargle||FocusSash|Moody|Spore,FollowMe,Decorate,FakeOut|||F|||50|,,,,,Ghost]Garchomp||LifeOrb|RoughSkin|Earthquake,RockSlide,StompingTantrum,Protect|||F|||50|,,,,,Ground]Talonflame||CovertCloak|GaleWings|BraveBird,FlareBlitz,Tailwind,Taunt|||M|||50|,,,,,Dragon]Sylveon||PixiePlate|Pixilate|HyperVoice,TeraBlast,CalmMind,Protect|||F|||50|,,,,,Water]Incineroar||AbilityShield|Intimidate|FakeOut,FlareBlitz,KnockOff,PartingShot|||F|||50|,,,,,Grass
|inactive|Battle timer is ON: inactive players will automatically lose when time's up. (requested by Thenestball)
|inactive|limestone7276 has 60 seconds left.
|
|t:|1756397284
|teamsize|p1|4
|teamsize|p2|4
|start
|switch|p1a: Rillaboom|Rillaboom, L50, F|100/100
|switch|p1b: Ursaluna|Ursaluna, L50, F|100/100
|switch|p2a: Weezing|Weezing, L50, M, shiny|100/100
|switch|p2b: Smeargle|Smeargle, L50, F, shiny|100/100
|-ability|p2a: Weezing|Neutralizing Gas
|turn|1
|
|t:|1756397308
|switch|p2b: Incineroar|Incineroar, L50, F|100/100
|-ability|p2b: Incineroar|Intimidate|boost
|-unboost|p1a: Rillaboom|atk|1
|-unboost|p1b: Ursaluna|atk|1
|move|p1a: Rillaboom|Fake Out|p2b: Incineroar
|-damage|p2b: Incineroar|94/100
|move|p2a: Weezing|Will-O-Wisp|p1a: Rillaboom
|-status|p1a: Rillaboom|brn
|move|p1b: Ursaluna|Headlong Rush|p2b: Incineroar
|-supereffective|p2b: Incineroar
|-damage|p2b: Incineroar|27/100
|-unboost|p1b: Ursaluna|def|1
|-unboost|p1b: Ursaluna|spd|1
|
|-damage|p1a: Rillaboom|94/100 brn|[from] brn
|-status|p1b: Ursaluna|brn|[from] item: Flame Orb
|upkeep
|turn|2
|inactive|limestone7276 has 30 seconds left.
|inactive|Thenestball has 30 seconds left.
|inactive|limestone7276 has 20 seconds left.
|
|t:|1756397345
|move|p2b: Incineroar|Fake Out|p1b: Ursaluna
|-damage|p1b: Ursaluna|88/100 brn
|move|p1a: Rillaboom|Wood Hammer|p2b: Incineroar
|-resisted|p2b: Incineroar
|-damage|p2b: Incineroar|19/100
|-damage|p1a: Rillaboom|92/100 brn|[from] Recoil
|move|p2a: Weezing|Sludge Bomb|p1a: Rillaboom
|-supereffective|p1a: Rillaboom
|-damage|p1a: Rillaboom|54/100 brn
|cant|p1b: Ursaluna|flinch
|
|-damage|p1a: Rillaboom|48/100 brn|[from] brn
|-damage|p1b: Ursaluna|81/100 brn|[from] brn
|upkeep
|turn|3
|
|t:|1756397368
|move|p2a: Weezing|Protect|p2a: Weezing
|-singleturn|p2a: Weezing|Protect
|move|p1a: Rillaboom|Wood Hammer|p2a: Weezing
|-activate|p2a: Weezing|move: Protect
|move|p2b: Incineroar|Knock Off|p1b: Ursaluna
|-damage|p1b: Ursaluna|40/100 brn
|-enditem|p1b: Ursaluna|Flame Orb|[from] move: Knock Off|[of] p2b: Incineroar
|move|p1b: Ursaluna|Earthquake|p2a: Weezing|[spread] p1a,p2b
|-activate|p2a: Weezing|move: Protect
|-resisted|p1a: Rillaboom
|-supereffective|p2b: Incineroar
|-damage|p1a: Rillaboom|42/100 brn
|-damage|p2b: Incineroar|0 fnt
|faint|p2b: Incineroar
|
|-damage|p1a: Rillaboom|35/100 brn|[from] brn
|-damage|p1b: Ursaluna|34/100 brn|[from] brn
|upkeep
|
|t:|1756397390
|switch|p2b: Smeargle|Smeargle, L50, F, shiny|100/100
|turn|4
|
|t:|1756397398
|move|p2b: Smeargle|Fake Out|p1b: Ursaluna
|-damage|p1b: Ursaluna|28/100 brn
|move|p1a: Rillaboom|Wood Hammer|p2a: Weezing
|-resisted|p2a: Weezing
|-damage|p2a: Weezing|93/100
|-damage|p1a: Rillaboom|33/100 brn|[from] Recoil
|move|p2a: Weezing|Sludge Bomb|p1a: Rillaboom
|-supereffective|p1a: Rillaboom
|-damage|p1a: Rillaboom|0 fnt
|faint|p1a: Rillaboom
|cant|p1b: Ursaluna|flinch
|
|-damage|p1b: Ursaluna|22/100 brn|[from] brn
|upkeep
|
|t:|1756397401
|switch|p1a: Palafin|Palafin, L50, M|100/100
|turn|5
|
|t:|1756397427
|-terastallize|p2a: Weezing|Grass
|move|p1a: Palafin|Flip Turn|p2b: Smeargle
|-damage|p2b: Smeargle|39/100
|
|t:|1756397431
|detailschange|p1a: Palafin|Palafin-Hero, L50, M
|switch|p1a: Porygon-Z|Porygon-Z, L50|100/100|[from] Flip Turn
|move|p2b: Smeargle|Spore|p1a: Porygon-Z
|-status|p1a: Porygon-Z|slp|[from] move: Spore
|move|p2a: Weezing|Sludge Bomb|p1b: Ursaluna
|-resisted|p1b: Ursaluna
|-damage|p1b: Ursaluna|3/100 brn
|move|p1b: Ursaluna|Facade|p2b: Smeargle
|-damage|p2b: Smeargle|0 fnt
|faint|p2b: Smeargle
|
|-damage|p1b: Ursaluna|0 fnt|[from] brn
|faint|p1b: Ursaluna
|upkeep
|
|t:|1756397453
|switch|p2b: Sylveon|Sylveon, L50, F, shiny|100/100
|switch|p1b: Palafin|Palafin-Hero, L50, M|100/100
|-activate|p1b: Palafin|ability: Zero to Hero
|turn|6
|inactive|limestone7276 has 30 seconds left.
|inactive|limestone7276 has 20 seconds left.
|
|t:|1756397489
|-terastallize|p1b: Palafin|Water
|move|p1b: Palafin|Wave Crash|p2b: Sylveon
|-damage|p2b: Sylveon|0 fnt
|faint|p2b: Sylveon
|-damage|p1b: Palafin|62/100|[from] Recoil
|cant|p1a: Porygon-Z|slp
|move|p2a: Weezing|Will-O-Wisp|p1b: Palafin
|-status|p1b: Palafin|brn
|
|-damage|p1b: Palafin|56/100 brn|[from] brn
|upkeep
|turn|7
|
|t:|1756397504
|move|p1b: Palafin|Drain Punch|p2a: Weezing
|-damage|p2a: Weezing|80/100
|-heal|p1b: Palafin|63/100 brn|[from] drain|[of] p2a: Weezing
|cant|p1a: Porygon-Z|slp
|move|p2a: Weezing|Sludge Bomb|p1b: Palafin
|-damage|p1b: Palafin|32/100 brn
|
|-damage|p1b: Palafin|25/100 brn|[from] brn
|upkeep
|turn|8
|
|t:|1756397518
|move|p1b: Palafin|Jet Punch|p2a: Weezing
|-resisted|p2a: Weezing
|-damage|p2a: Weezing|67/100
|-curestatus|p1a: Porygon-Z|slp|[msg]
|move|p1a: Porygon-Z|Tri Attack|p2a: Weezing
|-damage|p2a: Weezing|7/100
|-enditem|p2a: Weezing|Sitrus Berry|[eat]
|-heal|p2a: Weezing|32/100|[from] item: Sitrus Berry
|-damage|p1a: Porygon-Z|91/100|[from] item: Life Orb
|move|p2a: Weezing|Sludge Bomb|p1a: Porygon-Z
|-damage|p1a: Porygon-Z|53/100
|
|-damage|p1b: Palafin|19/100 brn|[from] brn
|upkeep
|turn|9
|-message|Thenestball forfeited.
|
|win|limestone7276
|l|☆Thenestball
|player|p2|
