|j|☆No.1 Bug Fan
|j|☆vibe1300
|html|No.1 Bug Fanvibe1300    
|uhtml|bestof|Game 2 of a best-of-3
|t:|1785431794
|gametype|doubles
|player|p1|No.1 Bug Fan|burgh-masters|1064
|player|p2|vibe1300|265|1164
|gen|9
|tier|[Gen 9 Champions] VGC 2026 Reg M-B (Bo3)
|rated|
|rule|Species Clause: Limit one of each Pokémon
|rule|Item Clause: Limit 1 of each item
|clearpoke
|poke|p1|Froslass, L50, F|
|poke|p1|Scovillain, L50, M, shiny|
|poke|p1|Basculegion, L50, M|
|poke|p1|Kingambit, L50, F, shiny|
|poke|p1|Sneasler, L50, M, shiny|
|poke|p1|Lycanroc-Dusk, L50, F, shiny|
|poke|p2|Chandelure, L50, F|
|poke|p2|Kangaskhan, L50, F|
|poke|p2|Kingambit, L50, M|
|poke|p2|Kommo-o, L50, M|
|poke|p2|Eelektross, L50, M|
|poke|p2|Basculegion, L50, M|
|teampreview|4
|showteam|p1|Froslass||Froslassite|CursedBody|Blizzard,ShadowBall,AuroraVeil,Protect|Modest||F|||50|]Scovillain||Scovillainite|Moody|GigaDrain,Overheat,RagePowder,Protect|Bold||M|||50|]Basculegion||SitrusBerry|Adaptability|WaveCrash,LastRespects,AquaJet,Protect|Adamant||M|||50|]Kingambit||LifeOrb|Defiant|KowtowCleave,SuckerPunch,SwordsDance,Protect|Adamant||F|||50|]Sneasler||WhiteHerb|Unburden|CloseCombat,GunkShot,Protect,FakeOut|Adamant||M|||50|]Lycanroc-Dusk||FocusSash|ToughClaws|CloseCombat,Accelerock,RockSlide,Protect|Adamant||F|||50|
|showteam|p2|Chandelure||FocusSash|FlashFire|TrickRoom,HeatWave,ShadowBall,Protect|Quiet||F|||50|]Kangaskhan||Kangaskhanite|Scrappy|FakeOut,DoubleEdge,SuckerPunch,BrickBreak|Brave||F|||50|]Kingambit||ChopleBerry|Defiant|KowtowCleave,SuckerPunch,IronHead,LowKick|Brave||M|||50|]Kommo-o||LifeOrb|Soundproof|ClangingScales,AuraSphere,Flamethrower,Protect|Quiet||M|||50|]Eelektross||Eelektrossite|Levitate|Thunderbolt,Flamethrower,GigaDrain,DragonPulse|Quiet||M|||50|]Basculegion||SitrusBerry|Adaptability|Protect,WaveCrash,LastRespects,AquaJet|Brave||M|||50|
|inactive|Battle timer is ON: inactive players will automatically lose when time's up. (requested by No.1 Bug Fan)
|l|☆vibe1300
|inactive|vibe1300 disconnected and has a minute to reconnect!
|player|p2|
|j|☆vibe1300
|inactive|vibe1300 reconnected and has 70 seconds left.
|player|p2|vibe1300|265|
|inactive|vibe1300 has 60 seconds left.
|
|t:|1785431853
|teamsize|p1|4
|teamsize|p2|4
|start
|switch|p1a: milk|Scovillain, L50, M, shiny|100/100
|switch|p1b: fih is calling|Basculegion, L50, M|100/100
|switch|p2a: Eelektross|Eelektross, L50, M|100/100
|switch|p2b: Kommo-o|Kommo-o, L50, M|100/100
|turn|1
|inactive|vibe1300 has 30 seconds left.
|
|t:|1785431881
|detailschange|p1a: milk|Scovillain-Mega, L50, M, shiny
|-mega|p1a: milk|Scovillain|Scovillainite
|detailschange|p2a: Eelektross|Eelektross-Mega, L50, M
|-mega|p2a: Eelektross|Eelektross|Eelektrossite
|move|p1a: milk|Rage Powder|p1a: milk
|-singleturn|p1a: milk|move: Rage Powder
|move|p1b: fih is calling|Wave Crash|p2a: Eelektross
|-damage|p2a: Eelektross|22/100
|-damage|p1b: fih is calling|77/100|[from] Recoil
|move|p2b: Kommo-o|Clanging Scales|p1a: milk|[spread] p1a,p1b
|-damage|p1a: milk|45/100
|-damage|p1b: fih is calling|30/100
|-status|p2b: Kommo-o|brn|[from] ability: Spicy Spray|[of] p1a: milk
|-enditem|p1b: fih is calling|Sitrus Berry|[eat]
|-heal|p1b: fih is calling|55/100|[from] item: Sitrus Berry
|-unboost|p2b: Kommo-o|def|1
|-damage|p2b: Kommo-o|90/100 brn|[from] item: Life Orb
|move|p2a: Eelektross|Thunderbolt|p1a: milk
|-resisted|p1a: milk|1
|-damage|p1a: milk|15/100
|-status|p2a: Eelektross|brn|[from] ability: Spicy Spray|[of] p1a: milk
|
|-damage|p2b: Kommo-o|84/100 brn|[from] brn
|-damage|p2a: Eelektross|16/100 brn|[from] brn
|upkeep
|turn|2
|inactive|No.1 Bug Fan has 30 seconds left.
|
|t:|1785431908
|move|p1a: milk|Protect|p1a: milk
|-singleturn|p1a: milk|Protect
|move|p1b: fih is calling|Aqua Jet|p2a: Eelektross
|-damage|p2a: Eelektross|0 fnt
|faint|p2a: Eelektross
|move|p2b: Kommo-o|Clanging Scales|p1a: milk|[spread] p1b
|-activate|p1a: milk|move: Protect
|-damage|p1b: fih is calling|9/100
|-unboost|p2b: Kommo-o|def|1
|-damage|p2b: Kommo-o|74/100 brn|[from] item: Life Orb
|
|-damage|p2b: Kommo-o|68/100 brn|[from] brn
|upkeep
|
|t:|1785431919
|switch|p2a: Chandelure|Chandelure, L50, F|100/100
|turn|3
|
|t:|1785431928
|switch|p2b: Kingambit|Kingambit, L50, M|100/100
|move|p2a: Chandelure|Protect|p2a: Chandelure
|-singleturn|p2a: Chandelure|Protect
|move|p1a: milk|Giga Drain|p2a: Chandelure
|-activate|p2a: Chandelure|move: Protect
|move|p1b: fih is calling|Wave Crash|p2b: Kingambit
|-damage|p2b: Kingambit|46/100
|-damage|p1b: fih is calling|0 fnt|[from] Recoil
|faint|p1b: fih is calling
|
|upkeep
|
|t:|1785431943
|switch|p1b: Paul|Kingambit, L50, F, shiny|100/100
|turn|4
|
|t:|1785431962
|move|p1a: milk|Rage Powder|p1a: milk
|-singleturn|p1a: milk|move: Rage Powder
|move|p1b: Paul|Sucker Punch|p2a: Chandelure
|-supereffective|p2a: Chandelure|1
|-enditem|p2a: Chandelure|Focus Sash
|-damage|p2a: Chandelure|1/100
|-damage|p1b: Paul|90/100|[from] item: Life Orb
|move|p2b: Kingambit|Sucker Punch||[still]
|-fail|p2b: Kingambit
|move|p2a: Chandelure|Heat Wave|p1a: milk|[spread] p1a,p1b
|-supereffective|p1b: Paul|1
|-crit|p1b: Paul
|-damage|p1a: milk|0 fnt
|-damage|p1b: Paul|0 fnt
|-immune|p2a: Chandelure
|faint|p1a: milk
|faint|p1b: Paul
|
|upkeep
|
|t:|1785431967
|switch|p1a: Sonion ring|Sneasler, L50, M, shiny|100/100
|turn|5
|-message|No.1 Bug Fan forfeited.
|raw|No.1 Bug Fan's rating: 1064 → 1050(-14 for losing)
|raw|vibe1300's rating: 1164 → 1182(+18 for winning)
|
|win|vibe1300
