|j|☆soccerdude26
|j|☆GenG Fan
|html|soccerdude26GenG Fan    
|uhtml|bestof|Game 1 of a best-of-3
|t:|1756499423
|gametype|doubles
|player|p1|soccerdude26|volkner|1086
|player|p2|GenG Fan|cynthia-gen4|1114
|gen|9
|tier|[Gen 9] VGC 2025 Reg H (Bo3)
|rated|
|rule|Species Clause: Limit one of each Pokémon
|rule|Item Clause: Limit 1 of each item
|clearpoke
|poke|p1|Sneasler, L50, F|
|poke|p1|Indeedee, L50, M|
|poke|p1|Volcarona, L50, M|
|poke|p1|Ursaluna-Bloodmoon, L50, M|
|poke|p1|Annihilape, L50, M|
|poke|p1|Tyranitar, L50, M|
|poke|p2|Torkoal, L50, M|
|poke|p2|Indeedee-F, L50, F|
|poke|p2|Gallade, L50, M|
|poke|p2|Ursaluna, L50, M|
|poke|p2|Hatterene, L50, F|
|poke|p2|Lilligant-Hisui, L50, F|
|teampreview|4
|showteam|p1|Sneasler||PsychicSeed|Unburden|CloseCombat,DireClaw,ThroatChop,Protect|||F|||50|,,,,,Dark]Indeedee||ChoiceScarf|PsychicSurge|ExpandingForce,TeraBlast,Trick,Protect|||M|||50|,,,,,Psychic]Volcarona||SitrusBerry|FlameBody|Overheat,StruggleBug,RagePowder,Tailwind|||M|||50|,,,,,Grass]Ursaluna-Bloodmoon||LifeOrb|MindsEye|BloodMoon,HyperVoice,EarthPower,Protect|||M|||50|,,,,,Normal]Annihilape||SafetyGoggles|Defiant|CloseCombat,RageFist,Taunt,FinalGambit|||M|||50|,,,,,Water]Tyranitar||AssaultVest|SandStream|RockSlide,KnockOff,TeraBlast,LowKick|||M|||50|,,,,,Flying
|showteam|p2|Torkoal||Charcoal|Drought|Eruption,WeatherBall,EarthPower,Protect|||M|||50|,,,,,Fire]Indeedee-F||RockyHelmet|PsychicSurge|Psychic,FollowMe,HelpingHand,TrickRoom|||F|||50|,,,,,Grass]Gallade||ClearAmulet|Sharpness|SacredSword,PsychoCut,WideGuard,TrickRoom|||M|||50|,,,,,Grass]Ursaluna||FlameOrb|Guts|Facade,HeadlongRush,Substitute,Protect|||M|||50|,,,,,Ghost]Hatterene||LifeOrb|MagicBounce|ExpandingForce,DazzlingGleam,TrickRoom,Protect|||F|||50|,,,,,Water]Lilligant-Hisui||FocusSash|Chlorophyll|SolarBlade,CloseCombat,SleepPowder,AfterYou|||F|||50|,,,,,Ghost
|inactive|Battle timer is ON: inactive players will automatically lose when time's up. (requested by soccerdude26)
|inactive|GenG Fan has 60 seconds left.
|
|t:|1756499492
|teamsize|p1|4
|teamsize|p2|4
|start
|switch|p1a: Volcarona|Volcarona, L50, M|100/100
|switch|p1b: Sneasler|Sneasler, L50, F|100/100
|switch|p2a: Indeedee|Indeedee-F, L50, F|100/100
|switch|p2b: Gallade|Gallade, L50, M|100/100
|-fieldstart|move: Psychic Terrain|[from] ability: Psychic Surge|[of] p2a: Indeedee
|-enditem|p1b: Sneasler|Psychic Seed
|-boost|p1b: Sneasler|spd|1|[from] item: Psychic Seed
|turn|1
|
|t:|1756499508
|move|p2a: Indeedee|Follow Me|p2a: Indeedee
|-singleturn|p2a: Indeedee|move: Follow Me
|move|p1b: Sneasler|Throat Chop|p2a: Indeedee
|-supereffective|p2a: Indeedee
|-damage|p2a: Indeedee|41/100
|-start|p2a: Indeedee|Throat Chop|[silent]
|-damage|p1b: Sneasler|84/100|[from] item: Rocky Helmet|[of] p2a: Indeedee
|move|p1a: Volcarona|Struggle Bug|p2a: Indeedee|[spread] p2a,p2b
|-supereffective|p2a: Indeedee
|-damage|p2a: Indeedee|9/100
|-damage|p2b: Gallade|85/100
|-unboost|p2a: Indeedee|spa|1
|move|p2b: Gallade|Trick Room|p2b: Gallade
|-fieldstart|move: Trick Room|[of] p2b: Gallade
|
|upkeep
|turn|2
|inactive|GenG Fan has 30 seconds left.
|
|t:|1756499537
|switch|p2a: Torkoal|Torkoal, L50, M|100/100
|-weather|SunnyDay|[from] ability: Drought|[of] p2a: Torkoal
|move|p1b: Sneasler|Protect|p1b: Sneasler
|-singleturn|p1b: Sneasler|Protect
|move|p2b: Gallade|Wide Guard|p2b: Gallade
|-singleturn|p2b: Gallade|Wide Guard
|move|p1a: Volcarona|Struggle Bug|p2a: Torkoal|[spread] 
|-activate|p2a: Torkoal|move: Wide Guard
|-activate|p2b: Gallade|move: Wide Guard
|
|-weather|SunnyDay|[upkeep]
|upkeep
|turn|3
|inactive|GenG Fan has 30 seconds left.
|
|t:|1756499565
|switch|p1a: Tyranitar|Tyranitar, L50, M|100/100
|-weather|Sandstorm|[from] ability: Sand Stream|[of] p1a: Tyranitar
|-terastallize|p2a: Torkoal|Fire
|move|p2a: Torkoal|Eruption|p1a: Tyranitar|[spread] p1a,p1b
|-resisted|p1a: Tyranitar
|-damage|p1a: Tyranitar|84/100
|-damage|p1b: Sneasler|16/100
|move|p2b: Gallade|Sacred Sword|p1b: Sneasler
|-resisted|p1b: Sneasler
|-damage|p1b: Sneasler|0 fnt
|faint|p1b: Sneasler
|
|-weather|Sandstorm|[upkeep]
|-damage|p2a: Torkoal|95/100|[from] Sandstorm
|-damage|p2b: Gallade|79/100|[from] Sandstorm
|upkeep
|
|t:|1756499578
|switch|p1b: Volcarona|Volcarona, L50, M|100/100
|turn|4
|
|t:|1756499597
|-terastallize|p1a: Tyranitar|Flying
|move|p2a: Torkoal|Eruption|p1a: Tyranitar|[spread] p1a,p1b
|-damage|p1a: Tyranitar|40/100
|-damage|p1b: Volcarona|38/100
|-enditem|p1b: Volcarona|Sitrus Berry|[eat]
|-heal|p1b: Volcarona|63/100|[from] item: Sitrus Berry
|move|p2b: Gallade|Psycho Cut|p1b: Volcarona
|-damage|p1b: Volcarona|0 fnt
|faint|p1b: Volcarona
|move|p1a: Tyranitar|Rock Slide|p2a: Torkoal|[spread] p2a,p2b
|-supereffective|p2a: Torkoal
|-resisted|p2b: Gallade
|-damage|p2a: Torkoal|50/100
|-damage|p2b: Gallade|58/100
|
|-weather|Sandstorm|[upkeep]
|-damage|p2a: Torkoal|44/100|[from] Sandstorm
|-damage|p2b: Gallade|52/100|[from] Sandstorm
|-damage|p1a: Tyranitar|34/100|[from] Sandstorm
|upkeep
|
|t:|1756499608
|switch|p1b: Ursaluna|Ursaluna-Bloodmoon, L50, M|100/100
|turn|5
|inactive|GenG Fan has 30 seconds left.
|
|t:|1756499641
|move|p1b: Ursaluna|Protect|p1b: Ursaluna
|-singleturn|p1b: Ursaluna|Protect
|move|p2a: Torkoal|Eruption|p1a: Tyranitar|[spread] p1a
|-activate|p1b: Ursaluna|move: Protect
|-damage|p1a: Tyranitar|15/100
|move|p2b: Gallade|Psycho Cut|p1a: Tyranitar
|-damage|p1a: Tyranitar|0 fnt
|faint|p1a: Tyranitar
|
|-weather|Sandstorm|[upkeep]
|-damage|p2a: Torkoal|39/100|[from] Sandstorm
|-damage|p2b: Gallade|47/100|[from] Sandstorm
|-fieldend|move: Trick Room
|-fieldend|move: Psychic Terrain
|upkeep
|turn|6
|inactive|GenG Fan has 30 seconds left.
|
|t:|1756499666
|switch|p2a: Ursaluna|Ursaluna, L50, M|100/100
|move|p2b: Gallade|Wide Guard|p2b: Gallade
|-singleturn|p2b: Gallade|Wide Guard
|move|p1b: Ursaluna|Hyper Voice|p2b: Gallade|[spread] 
|-activate|p2a: Ursaluna|move: Wide Guard
|-activate|p2b: Gallade|move: Wide Guard
|
|-weather|Sandstorm|[upkeep]
|-damage|p2b: Gallade|41/100|[from] Sandstorm
|-status|p2a: Ursaluna|brn|[from] item: Flame Orb
|upkeep
|turn|7
|
|t:|1756499683
|move|p1b: Ursaluna|Blood Moon|p2a: Ursaluna
|-damage|p2a: Ursaluna|16/100 brn
|-damage|p1b: Ursaluna|91/100|[from] item: Life Orb
|move|p2a: Ursaluna|Facade|p1b: Ursaluna
|-damage|p1b: Ursaluna|0 fnt
|faint|p1b: Ursaluna
|
|win|GenG Fan
||soccerdude26 is ready for game 2.
|l|☆soccerdude26
|player|p1|
|inactive|GenG Fan has 30 seconds to confirm battle start!
|inactive|GenG Fan has 20 seconds to confirm battle start!
||GenG Fan is ready for game 2.
|uhtml|next|Next: Game 2 of 3
