|j|☆gohan92
|j|☆sol n luna
|html|gohan92sol n luna    
|uhtml|bestof|Game 1 of a best-of-3
|t:|1756342505
|gametype|doubles
|player|p1|gohan92|1|1175
|player|p2|sol n luna|caitlin|1167
|gen|9
|tier|[Gen 9] VGC 2025 Reg H (Bo3)
|rated|
|rule|Species Clause: Limit one of each Pokémon
|rule|Item Clause: Limit 1 of each item
|clearpoke
|poke|p1|Ursaluna, L50, F|
|poke|p1|Basculegion, L50, M|
|poke|p1|Archaludon, L50, F|
|poke|p1|Pelipper, L50, F|
|poke|p1|Incineroar, L50, F|
|poke|p1|Sinistcha, L50|
|poke|p2|Kingambit, L50, F|
|poke|p2|Rillaboom, L50, F|
|poke|p2|Electabuzz, L50, M|
|poke|p2|Volcarona, L50, M|
|poke|p2|Sneasler, L50, M|
|poke|p2|Dragonite, L50, F|
|teampreview|4
|showteam|p1|Ursaluna||FlameOrb|Guts|Facade,HeadlongRush,Earthquake,Protect|||F|||50|,,,,,Ghost]Basculegion||ChoiceBand|SwiftSwim|WaveCrash,LastRespects,FlipTurn,AquaJet|||M|||50|,,,,,Water]Archaludon||AssaultVest|Stamina|DracoMeteor,FlashCannon,ElectroShot,BodyPress|||F|||50|,,,,,Bug]Pelipper||FocusSash|Drizzle|WeatherBall,Hurricane,Tailwind,Protect|||F|||50|,,,,,Ground]Incineroar||SafetyGoggles|Intimidate|FakeOut,KnockOff,Taunt,PartingShot|||F|||50|,,,,,Flying]Sinistcha||SitrusBerry|Hospitality|MatchaGotcha,LifeDew,RagePowder,TrickRoom||||||50|,,,,,Water
|showteam|p2|Kingambit||BlackGlasses|Defiant|Protect,KowtowCleave,SuckerPunch,SwordsDance|||F|||50|,,,,,Dark]Rillaboom||AssaultVest|GrassySurge|WoodHammer,GrassyGlide,Uturn,FakeOut|||F|||50|,,,,,Fire]Electabuzz||Eviolite|VitalSpirit|Protect,Thunderbolt,HelpingHand,FollowMe|||M|||50|,,,,,Ghost]Volcarona||CovertCloak|FlameBody|Protect,HeatWave,TeraBlast,QuiverDance|||M|||50|,,,,,Fairy]Sneasler||FocusSash|Unburden|CloseCombat,DireClaw,Coaching,FakeOut|||M|||50|,,,,,Stellar]Dragonite||LoadedDice|Multiscale|ScaleShot,Haze,ExtremeSpeed,Protect|||F|||50|,,,,,Fairy
|inactive|Battle timer is ON: inactive players will automatically lose when time's up. (requested by sol n luna)
|inactive|gohan92 has 60 seconds left.
|inactive|sol n luna has 60 seconds left.
|inactive|gohan92 has 30 seconds left.
|inactive|gohan92 has 20 seconds left.
|inactive|gohan92 has 15 seconds left.
|inactive|gohan92 has 10 seconds left.
|inactive|gohan92 has 5 seconds left.
|
|t:|1756342595
|teamsize|p1|4
|teamsize|p2|4
|start
|switch|p1a: Basculegion|Basculegion, L50, M|100/100
|switch|p1b: Pelipper|Pelipper, L50, F|100/100
|switch|p2a: Kingambit|Kingambit, L50, F|100/100
|switch|p2b: Electabuzz|Electabuzz, L50, M|100/100
|-weather|RainDance|[from] ability: Drizzle|[of] p1b: Pelipper
|turn|1
|inactive|sol n luna has 30 seconds left.
|
|t:|1756342623
|-terastallize|p1a: Basculegion|Water
|-terastallize|p2a: Kingambit|Dark
|move|p2b: Electabuzz|Helping Hand|p2a: Kingambit
|-singleturn|p2a: Kingambit|Helping Hand|[of] p2b: Electabuzz
|move|p2a: Kingambit|Sucker Punch|p1a: Basculegion
|-damage|p1a: Basculegion|0 fnt
|faint|p1a: Basculegion
|move|p1b: Pelipper|Weather Ball|p2a: Kingambit
|-damage|p2a: Kingambit|36/100
|
|-weather|RainDance|[upkeep]
|upkeep
|
|t:|1756342634
|switch|p1a: Archaludon|Archaludon, L50, F|100/100
|turn|2
|
|t:|1756342650
|move|p2b: Electabuzz|Follow Me|p2b: Electabuzz
|-singleturn|p2b: Electabuzz|move: Follow Me
|move|p1a: Archaludon|Electro Shot||[still]
|-prepare|p1a: Archaludon|Electro Shot
|-boost|p1a: Archaludon|spa|1
|-anim|p1a: Archaludon|Electro Shot|p2b: Electabuzz
|-resisted|p2b: Electabuzz
|-damage|p2b: Electabuzz|77/100
|move|p1b: Pelipper|Tailwind|p1b: Pelipper
|-sidestart|p1: gohan92|move: Tailwind
|move|p2a: Kingambit|Swords Dance|p2a: Kingambit
|-boost|p2a: Kingambit|atk|2
|
|-weather|RainDance|[upkeep]
|upkeep
|turn|3
|inactive|sol n luna has 30 seconds left.
|
|t:|1756342677
|move|p2a: Kingambit|Sucker Punch|p1a: Archaludon
|-damage|p1a: Archaludon|13/100
|-ability|p1a: Archaludon|Stamina|boost
|-boost|p1a: Archaludon|def|1
|move|p1a: Archaludon|Electro Shot||[still]
|-prepare|p1a: Archaludon|Electro Shot
|-boost|p1a: Archaludon|spa|1
|-anim|p1a: Archaludon|Electro Shot|p2b: Electabuzz
|-resisted|p2b: Electabuzz
|-damage|p2b: Electabuzz|49/100
|move|p1b: Pelipper|Weather Ball|p2b: Electabuzz
|-damage|p2b: Electabuzz|0 fnt
|faint|p2b: Electabuzz
|
|-weather|RainDance|[upkeep]
|upkeep
|inactive|sol n luna has 30 seconds left.
|
|t:|1756342703
|switch|p2b: Rillaboom|Rillaboom, L50, F|100/100
|-fieldstart|move: Grassy Terrain|[from] ability: Grassy Surge|[of] p2b: Rillaboom
|turn|4
|
|t:|1756342725
|switch|p1a: Sinistcha|Sinistcha, L50|100/100
|move|p1b: Pelipper|Protect|p1b: Pelipper
|-singleturn|p1b: Pelipper|Protect
|move|p2b: Rillaboom|Fake Out|p1b: Pelipper
|-activate|p1b: Pelipper|move: Protect
|move|p2a: Kingambit|Sucker Punch||[still]
|-fail|p2a: Kingambit
|
|-weather|RainDance|[upkeep]
|-heal|p2a: Kingambit|42/100|[from] Grassy Terrain
|upkeep
|turn|5
|
|t:|1756342747
|switch|p1b: Archaludon|Archaludon, L50, F|13/100
|move|p2a: Kingambit|Protect|p2a: Kingambit
|-singleturn|p2a: Kingambit|Protect
|move|p1a: Sinistcha|Life Dew||[still]|[spread] p1a,p1b
|-fail|p1a: Sinistcha|heal
|-heal|p1b: Archaludon|38/100
|move|p2b: Rillaboom|U-turn|p1b: Archaludon
|-resisted|p1b: Archaludon
|-damage|p1b: Archaludon|31/100
|-ability|p1b: Archaludon|Stamina|boost
|-boost|p1b: Archaludon|def|1
|
|t:|1756342756
|switch|p2b: Sneasler|Sneasler, L50, M|100/100|[from] U-turn
|
|-weather|none
|-heal|p1b: Archaludon|37/100|[from] Grassy Terrain
|-heal|p2a: Kingambit|48/100|[from] Grassy Terrain
|-sideend|p1: gohan92|move: Tailwind
|upkeep
|turn|6
|
|t:|1756342776
|move|p1a: Sinistcha|Rage Powder|p1a: Sinistcha
|-singleturn|p1a: Sinistcha|move: Rage Powder
|move|p2b: Sneasler|Close Combat|p1a: Sinistcha
|-immune|p1a: Sinistcha
|move|p1b: Archaludon|Body Press|p2a: Kingambit
|-supereffective|p2a: Kingambit
|-damage|p2a: Kingambit|0 fnt
|faint|p2a: Kingambit
|
|-heal|p1b: Archaludon|44/100|[from] Grassy Terrain
|upkeep
|
|t:|1756342783
|switch|p2a: Rillaboom|Rillaboom, L50, F|100/100
|turn|7
|inactive|sol n luna has 30 seconds left.
|
|t:|1756342810
|move|p1a: Sinistcha|Rage Powder|p1a: Sinistcha
|-singleturn|p1a: Sinistcha|move: Rage Powder
|move|p2b: Sneasler|Dire Claw|p1a: Sinistcha
|-damage|p1a: Sinistcha|62/100
|-status|p1a: Sinistcha|slp
|move|p1b: Archaludon|Flash Cannon|p2b: Sneasler
|-damage|p2b: Sneasler|52/100
|move|p2a: Rillaboom|Wood Hammer|p1a: Sinistcha
|-resisted|p1a: Sinistcha
|-damage|p1a: Sinistcha|28/100 slp
|-enditem|p1a: Sinistcha|Sitrus Berry|[eat]
|-heal|p1a: Sinistcha|53/100 slp|[from] item: Sitrus Berry
|-damage|p2a: Rillaboom|91/100|[from] Recoil
|
|-heal|p2b: Sneasler|58/100|[from] Grassy Terrain
|-heal|p1b: Archaludon|50/100|[from] Grassy Terrain
|-heal|p2a: Rillaboom|97/100|[from] Grassy Terrain
|-heal|p1a: Sinistcha|60/100 slp|[from] Grassy Terrain
|upkeep
|turn|8
|inactive|gohan92 has 30 seconds left.
|
|t:|1756342839
|switch|p1a: Pelipper|Pelipper, L50, F|100/100
|-weather|RainDance|[from] ability: Drizzle|[of] p1a: Pelipper
|move|p2b: Sneasler|Close Combat|p1b: Archaludon
|-supereffective|p1b: Archaludon
|-damage|p1b: Archaludon|0 fnt
|-unboost|p2b: Sneasler|def|1
|-unboost|p2b: Sneasler|spd|1
|faint|p1b: Archaludon
|move|p2a: Rillaboom|Wood Hammer|p1a: Pelipper
|-damage|p1a: Pelipper|3/100
|-damage|p2a: Rillaboom|75/100|[from] Recoil
|
|-weather|RainDance|[upkeep]
|-heal|p2b: Sneasler|64/100|[from] Grassy Terrain
|-heal|p2a: Rillaboom|81/100|[from] Grassy Terrain
|-fieldend|move: Grassy Terrain
|upkeep
|
|t:|1756342846
|switch|p1b: Sinistcha|Sinistcha, L50|60/100 slp
|-heal|p1a: Pelipper|27/100|[from] ability: Hospitality|[of] p1b: Sinistcha
|turn|9
|
|t:|1756342865
|move|p1a: Pelipper|Protect|p1a: Pelipper
|-singleturn|p1a: Pelipper|Protect
|move|p2b: Sneasler|Dire Claw|p1a: Pelipper
|-activate|p1a: Pelipper|move: Protect
|move|p2a: Rillaboom|Wood Hammer|p1b: Sinistcha
|-resisted|p1b: Sinistcha
|-damage|p1b: Sinistcha|35/100 slp
|-damage|p2a: Rillaboom|74/100|[from] Recoil
|cant|p1b: Sinistcha|slp
|
|-weather|RainDance|[upkeep]
|upkeep
|turn|10
|
|t:|1756342883
|cant|p1b: Sinistcha|slp
|move|p2b: Sneasler|Dire Claw|p1a: Pelipper
|-crit|p1a: Pelipper
|-damage|p1a: Pelipper|0 fnt
|faint|p1a: Pelipper
|move|p2a: Rillaboom|Wood Hammer|p1b: Sinistcha
|-resisted|p1b: Sinistcha
|-damage|p1b: Sinistcha|10/100 slp
|-damage|p2a: Rillaboom|67/100|[from] Recoil
|
|-weather|RainDance|[upkeep]
|upkeep
|turn|11
|
|t:|1756342895
|move|p2b: Sneasler|Dire Claw|p1b: Sinistcha
|-damage|p1b: Sinistcha|0 fnt
|faint|p1b: Sinistcha
|
|win|sol n luna
||gohan92 is ready for game 2.
||sol n luna is ready for game 2.
|uhtml|next|Next: Game 2 of 3
