|j|☆Cactusmax
|j|☆jANMxRin
|html|CactusmaxjANMxRin    
|uhtml|bestof|Game 3 of a best-of-3
|t:|1783534531
|gametype|doubles
|player|p1|Cactusmax|ballguy|
|player|p2|jANMxRin|2|
|gen|9
|tier|[Gen 9 Champions] VGC 2026 Reg M-B (Bo3)
|rule|Species Clause: Limit one of each Pokémon
|rule|Item Clause: Limit 1 of each item
|clearpoke
|poke|p1|Sinistcha-Masterpiece, L50|
|poke|p1|Kingambit, L50, F|
|poke|p1|Sneasler, L50, F|
|poke|p1|Floette-Eternal, L50, F|
|poke|p1|Delphox, L50, F|
|poke|p1|Incineroar, L50, M|
|poke|p2|Delphox, L50, F|
|poke|p2|Blastoise, L50, F|
|poke|p2|Incineroar, L50, M|
|poke|p2|Sneasler, L50, M|
|poke|p2|Sinistcha, L50|
|poke|p2|Kingambit, L50, M|
|teampreview|4
|showteam|p1|Sinistcha-Masterpiece||KasibBerry|Hospitality|MatchaGotcha,RagePowder,TrickRoom,Protect|Bold|||||50|]Kingambit||BlackGlasses|Defiant|KowtowCleave,SuckerPunch,SwordsDance,Protect|Adamant||F|||50|]Sneasler||FocusSash|PoisonTouch|FakeOut,CloseCombat,DireClaw,QuickGuard|Jolly||F|||50|]Floette-Eternal||Floettite|FlowerVeil|Moonblast,DazzlingGleam,CalmMind,Protect|Modest||F|||50|]Delphox||Delphoxite|Blaze|HeatWave,Psyshock,NastyPlot,Protect|Timid||F|||50|]Incineroar||SitrusBerry|Intimidate|PartingShot,FlareBlitz,ThroatChop,FakeOut|Careful||M|||50|
|showteam|p2|Delphox||Delphoxite|Blaze|HeatWave,Psyshock,Protect,NastyPlot|Timid||F|||50|]Blastoise||Blastoisinite|Torrent|WaterSpout,DarkPulse,ShellSmash,Protect|Timid||F|||50|]Incineroar||SitrusBerry|Intimidate|FlareBlitz,FakeOut,PartingShot,HelpingHand|Careful||M|||50|]Sneasler||FocusSash|PoisonTouch|PoisonJab,CloseCombat,FakeOut,QuickGuard|Jolly||M|||50|]Sinistcha||KasibBerry|Hospitality|MatchaGotcha,RagePowder,Protect,LifeDew|Bold|||||50|]Kingambit||BlackGlasses|Defiant|KowtowCleave,SuckerPunch,SwordsDance,Protect|Adamant||M|||50|
|
|t:|1783534558
|teamsize|p1|4
|teamsize|p2|4
|start
|switch|p1a: Delphox|Delphox, L50, F|100/100
|switch|p1b: Sneasler|Sneasler, L50, F|100/100
|switch|p2a: Blastoise|Blastoise, L50, F|100/100
|switch|p2b: Kingambit|Kingambit, L50, M|100/100
|turn|1
|inactive|Battle timer is ON: inactive players will automatically lose when time's up. (requested by Cactusmax)
|inactive|jANMxRin has 60 seconds left.
|
|t:|1783534593
|switch|p1a: Kingambit|Kingambit, L50, F|100/100
|detailschange|p2a: Blastoise|Blastoise-Mega, L50, F
|-mega|p2a: Blastoise|Blastoise|Blastoisinite
|move|p1b: Sneasler|Fake Out|p2a: Blastoise
|-damage|p2a: Blastoise|87/100
|-status|p2a: Blastoise|psn|[from] ability: Poison Touch|[of] p1b: Sneasler
|move|p2b: Kingambit|Sucker Punch||[still]
|-fail|p2b: Kingambit
|cant|p2a: Blastoise|flinch
|
|-damage|p2a: Blastoise|74/100 psn|[from] psn
|upkeep
|turn|2
|j| Gottkomplexe
|inactive|jANMxRin has 30 seconds left.
|inactive|Cactusmax has 30 seconds left.
|
|t:|1783534631
|switch|p2b: Sneasler|Sneasler, L50, M|100/100
|move|p1b: Sneasler|Close Combat|p2a: Blastoise
|-damage|p2a: Blastoise|14/100 psn
|-unboost|p1b: Sneasler|def|1
|-unboost|p1b: Sneasler|spd|1
|move|p2a: Blastoise|Water Spout|p1a: Kingambit|[spread] p1a,p1b
|-damage|p1a: Kingambit|92/100
|-damage|p1b: Sneasler|80/100
|move|p1a: Kingambit|Kowtow Cleave|p2b: Sneasler
|-resisted|p2b: Sneasler|1
|-damage|p2b: Sneasler|45/100
|
|-damage|p2a: Blastoise|1/100 psn|[from] psn
|upkeep
|turn|3
|inactive|Cactusmax has 30 seconds left.
|
|t:|1783534659
|switch|p1b: Sinistcha|Sinistcha-Masterpiece, L50|100/100
|-heal|p1a: Kingambit|100/100|[from] ability: Hospitality|[of] p1b: Sinistcha
|switch|p2a: Sinistcha|Sinistcha, L50|100/100
|-heal|p2b: Sneasler|70/100|[from] ability: Hospitality|[of] p2a: Sinistcha
|move|p1a: Kingambit|Protect|p1a: Kingambit
|-singleturn|p1a: Kingambit|Protect
|move|p2b: Sneasler|Close Combat|p1b: Sinistcha
|-immune|p1b: Sinistcha
|
|upkeep
|turn|4
|inactive|jANMxRin has 30 seconds left.
|inactive|Cactusmax has 30 seconds left.
|
|t:|1783534701
|switch|p2a: Kingambit|Kingambit, L50, M|100/100
|move|p1b: Sinistcha|Rage Powder|p1b: Sinistcha
|-singleturn|p1b: Sinistcha|move: Rage Powder
|move|p2b: Sneasler|Poison Jab|p1b: Sinistcha
|-damage|p1b: Sinistcha|67/100
|-status|p1b: Sinistcha|psn|[from] ability: Poison Touch|[of] p2b: Sneasler
|move|p1a: Kingambit|Kowtow Cleave|p2a: Kingambit
|-resisted|p2a: Kingambit|1
|-crit|p2a: Kingambit
|-damage|p2a: Kingambit|67/100
|
|-damage|p1b: Sinistcha|55/100 psn|[from] psn
|upkeep
|turn|5
|inactive|Cactusmax has 30 seconds left.
|inactive|jANMxRin has 30 seconds left.
|inactive|jANMxRin has 20 seconds left.
|
|t:|1783534740
|move|p1b: Sinistcha|Rage Powder|p1b: Sinistcha
|-singleturn|p1b: Sinistcha|move: Rage Powder
|move|p2b: Sneasler|Poison Jab|p1b: Sinistcha
|-damage|p1b: Sinistcha|23/100 psn
|move|p2a: Kingambit|Swords Dance|p2a: Kingambit
|-boost|p2a: Kingambit|atk|2
|move|p1a: Kingambit|Kowtow Cleave|p2b: Sneasler
|-resisted|p2b: Sneasler|1
|-damage|p2b: Sneasler|16/100
|
|-damage|p1b: Sinistcha|11/100 psn|[from] psn
|upkeep
|turn|6
|inactive|jANMxRin has 30 seconds left.
|
|t:|1783534773
|move|p1b: Sinistcha|Rage Powder|p1b: Sinistcha
|-singleturn|p1b: Sinistcha|move: Rage Powder
|move|p2b: Sneasler|Close Combat|p1b: Sinistcha
|-immune|p1b: Sinistcha
|move|p2a: Kingambit|Kowtow Cleave|p1b: Sinistcha
|-supereffective|p1b: Sinistcha|1
|-damage|p1b: Sinistcha|0 fnt
|faint|p1b: Sinistcha
|move|p1a: Kingambit|Kowtow Cleave|p2b: Sneasler
|-resisted|p2b: Sneasler|1
|-damage|p2b: Sneasler|0 fnt
|faint|p2b: Sneasler
|
|upkeep
|
|t:|1783534793
|switch|p2b: Sinistcha|Sinistcha, L50|100/100
|switch|p1b: Sneasler|Sneasler, L50, F|80/100
|-heal|p2a: Kingambit|92/100|[from] ability: Hospitality|[of] p2b: Sinistcha
|turn|7
|
|t:|1783534805
|switch|p2b: Blastoise|Blastoise-Mega, L50, F|1/100 psn
|move|p2a: Kingambit|Protect|p2a: Kingambit
|-singleturn|p2a: Kingambit|Protect
|move|p1b: Sneasler|Fake Out|p2a: Kingambit
|-activate|p2a: Kingambit|move: Protect
|move|p1a: Kingambit|Swords Dance|p1a: Kingambit
|-boost|p1a: Kingambit|atk|2
|
|-damage|p2b: Blastoise|0 fnt|[from] psn
|faint|p2b: Blastoise
|upkeep
|
|t:|1783534814
|switch|p2b: Sinistcha|Sinistcha, L50|100/100
|-heal|p2a: Kingambit|100/100|[from] ability: Hospitality|[of] p2b: Sinistcha
|turn|8
|j| enesbk
|inactive|jANMxRin has 30 seconds left.
|c| enesbk|what a battle
|inactive|Cactusmax has 30 seconds left.
|inactive|Cactusmax has 20 seconds left.
|inactive|Cactusmax has 15 seconds left.
|
|t:|1783534863
|switch|p1b: Delphox|Delphox, L50, F|100/100
|move|p2b: Sinistcha|Protect|p2b: Sinistcha
|-singleturn|p2b: Sinistcha|Protect
|move|p2a: Kingambit|Sucker Punch||[still]
|-fail|p2a: Kingambit
|move|p1a: Kingambit|Kowtow Cleave|p2b: Sinistcha
|-activate|p2b: Sinistcha|move: Protect
|
|upkeep
|turn|9
|inactive|Cactusmax has 30 seconds left.
|inactive|jANMxRin has 30 seconds left.
|inactive|Cactusmax has 20 seconds left.
|inactive|jANMxRin has 20 seconds left.
|
|t:|1783534902
|detailschange|p1b: Delphox|Delphox-Mega, L50, F
|-mega|p1b: Delphox|Delphox|Delphoxite
|move|p2b: Sinistcha|Protect||[still]
|-fail|p2b: Sinistcha
|move|p1b: Delphox|Heat Wave|p2a: Kingambit|[spread] p2a,p2b
|-supereffective|p2a: Kingambit|1
|-supereffective|p2b: Sinistcha|1
|-damage|p2a: Kingambit|18/100
|-damage|p2b: Sinistcha|14/100
|-status|p2a: Kingambit|brn
|move|p2a: Kingambit|Kowtow Cleave|p1b: Delphox
|-supereffective|p1b: Delphox|1
|-damage|p1b: Delphox|0 fnt
|faint|p1b: Delphox
|move|p1a: Kingambit|Kowtow Cleave|p2b: Sinistcha
|-supereffective|p2b: Sinistcha|1
|-damage|p2b: Sinistcha|0 fnt
|faint|p2b: Sinistcha
|
|-damage|p2a: Kingambit|13/100 brn|[from] brn
|upkeep
|
|t:|1783534907
|switch|p1b: Sneasler|Sneasler, L50, F|80/100
|turn|10
|c|☆Cactusmax|gg
|-message|jANMxRin forfeited.
|
|win|Cactusmax
