|j|☆Kdbc73
|j|☆We_Are_Toasted
|html|Kdbc73We_Are_Toasted    
|uhtml|bestof|Game 1 of a best-of-3
|t:|1756161326
|gametype|doubles
|player|p1|Kdbc73|preschoolerf|1120
|player|p2|We_Are_Toasted|larry|1152
|gen|9
|tier|[Gen 9] VGC 2025 Reg H (Bo3)
|rated|
|rule|Species Clause: Limit one of each Pokémon
|rule|Item Clause: Limit 1 of each item
|clearpoke
|poke|p1|Sneasler, L50, M|
|poke|p1|Indeedee, L50, M|
|poke|p1|Ursaluna-Bloodmoon, L50, M|
|poke|p1|Electabuzz, L50, F|
|poke|p1|Incineroar, L50, M|
|poke|p1|Talonflame, L50, M|
|poke|p2|Gholdengo, L50|
|poke|p2|Garganacl, L50, F|
|poke|p2|Sneasler, L50, F|
|poke|p2|Dondozo, L50, F|
|poke|p2|Incineroar, L50, M|
|poke|p2|Ninetales-Alola, L50, F|
|teampreview|4
|showteam|p1|Sneasler||PsychicSeed|Unburden|CloseCombat,DireClaw,ThroatChop,Protect|||M|||50|,,,,,Dark]Indeedee||FocusSash|PsychicSurge|ExpandingForce,TrickRoom,HelpingHand,Protect|||M|||50|,,,,,Psychic]Ursaluna-Bloodmoon||LifeOrb|MindsEye|BloodMoon,HyperVoice,EarthPower,Protect|||M|||50|,,,,,Normal]Electabuzz||Eviolite|VitalSpirit|Electroweb,FollowMe,Taunt,Protect|||F|||50|,,,,,Dragon]Incineroar||SafetyGoggles|Intimidate|FlareBlitz,KnockOff,PartingShot,FakeOut|||M|||50|,,,,,Ghost]Talonflame||CovertCloak|GaleWings|FlareBlitz,DualWingbeat,WillOWisp,Tailwind|||M|||50|,,,,,Fairy
|showteam|p2|Gholdengo||ChoiceScarf|GoodasGold|MakeItRain,ShadowBall,PowerGem,Trick||||||50|,,,,,Steel]Garganacl||MarangaBerry|PurifyingSalt|SaltCure,Recover,Protect,StealthRock|||F|||50|,,,,,Flying]Sneasler||FocusSash|PoisonTouch|DireClaw,CloseCombat,Coaching,Protect|||F|||50|,,,,,Ghost]Dondozo||Leftovers|Unaware|Liquidation,Yawn,Curse,Protect|||F|||50|,,,,,Poison]Incineroar||AssaultVest|Intimidate|KnockOff,FlareBlitz,DrainPunch,FakeOut|||M|||50|,,,,,Grass]Ninetales-Alola||NeverMeltIce|SnowWarning|Blizzard,AuroraVeil,FreezeDry,Protect|||F|||50|,,,,,Ice
|inactive|Battle timer is ON: inactive players will automatically lose when time's up. (requested by We_Are_Toasted)
|inactive|Kdbc73 has 60 seconds left.
|inactive|We_Are_Toasted has 60 seconds left.
|inactive|We_Are_Toasted has 30 seconds left.
|inactive|We_Are_Toasted has 20 seconds left.
|inactive|We_Are_Toasted has 15 seconds left.
|inactive|We_Are_Toasted has 10 seconds left.
|
|t:|1756161416
|teamsize|p1|4
|teamsize|p2|4
|start
|switch|p1a: Talonflame|Talonflame, L50, M|100/100
|switch|p1b: Indeedee|Indeedee, L50, M|100/100
|switch|p2a: Incineroar|Incineroar, L50, M|100/100
|switch|p2b: Sneasler|Sneasler, L50, F|100/100
|-fieldstart|move: Psychic Terrain|[from] ability: Psychic Surge|[of] p1b: Indeedee
|-ability|p2a: Incineroar|Intimidate|boost
|-unboost|p1a: Talonflame|atk|1
|-unboost|p1b: Indeedee|atk|1
|turn|1
|inactive|Kdbc73 has 30 seconds left.
|inactive|We_Are_Toasted has 30 seconds left.
|inactive|Kdbc73 has 20 seconds left.
|inactive|We_Are_Toasted has 20 seconds left.
|inactive|We_Are_Toasted has 15 seconds left.
|inactive|We_Are_Toasted has 10 seconds left.
|
|t:|1756161464
|switch|p2b: Garganacl|Garganacl, L50, F, shiny|100/100
|move|p1b: Indeedee|Protect|p1b: Indeedee
|-singleturn|p1b: Indeedee|Protect
|move|p1a: Talonflame|Will-O-Wisp|p2b: Garganacl
|-immune|p2b: Garganacl|[from] ability: Purifying Salt
|move|p2a: Incineroar|Knock Off|p1a: Talonflame
|-crit|p1a: Talonflame
|-damage|p1a: Talonflame|0 fnt
|-enditem|p1a: Talonflame|Covert Cloak|[from] move: Knock Off|[of] p2a: Incineroar
|faint|p1a: Talonflame
|
|upkeep
|
|t:|1756161486
|switch|p1a: Sneasler|Sneasler, L50, M|100/100
|-enditem|p1a: Sneasler|Psychic Seed
|-boost|p1a: Sneasler|spd|1|[from] item: Psychic Seed
|turn|2
|inactive|We_Are_Toasted has 30 seconds left.
|inactive|We_Are_Toasted has 20 seconds left.
|inactive|We_Are_Toasted has 15 seconds left.
|inactive|We_Are_Toasted has 10 seconds left.
|inactive|We_Are_Toasted has 5 seconds left.
|
|t:|1756161540
|switch|p2a: Gholdengo|Gholdengo, L50|100/100
|-terastallize|p2b: Garganacl|Flying
|move|p1a: Sneasler|Dire Claw|p2a: Gholdengo
|-immune|p2a: Gholdengo
|move|p1b: Indeedee|Expanding Force|p2a: Gholdengo|[spread] p2a,p2b
|-resisted|p2a: Gholdengo
|-damage|p2a: Gholdengo|67/100
|-damage|p2b: Garganacl|64/100
|-enditem|p2b: Garganacl|Maranga Berry|[eat]
|-boost|p2b: Garganacl|spd|1|[from] item: Maranga Berry
|move|p2b: Garganacl|Salt Cure|p1b: Indeedee
|-damage|p1b: Indeedee|71/100
|-start|p1b: Indeedee|Salt Cure
|
|-damage|p1b: Indeedee|59/100|[from] Salt Cure
|upkeep
|turn|3
|inactive|Kdbc73 has 30 seconds left.
|inactive|We_Are_Toasted has 30 seconds left.
|inactive|We_Are_Toasted has 20 seconds left.
|
|t:|1756161578
|switch|p2a: Incineroar|Incineroar, L50, M|100/100
|-ability|p2a: Incineroar|Intimidate|boost
|-unboost|p1a: Sneasler|atk|1
|-unboost|p1b: Indeedee|atk|1
|move|p1a: Sneasler|Throat Chop|p2a: Incineroar
|-resisted|p2a: Incineroar
|-damage|p2a: Incineroar|90/100
|-start|p2a: Incineroar|Throat Chop|[silent]
|move|p1b: Indeedee|Expanding Force|p2a: Incineroar|[spread] p2b
|-immune|p2a: Incineroar
|-damage|p2b: Garganacl|43/100
|move|p2b: Garganacl|Recover|p2b: Garganacl
|-heal|p2b: Garganacl|93/100
|
|-damage|p1b: Indeedee|46/100|[from] Salt Cure
|upkeep
|turn|4
|inactive|Kdbc73 has 30 seconds left.
|inactive|We_Are_Toasted has 30 seconds left.
|inactive|We_Are_Toasted has 20 seconds left.
|inactive|We_Are_Toasted has 15 seconds left.
|
|t:|1756161623
|switch|p1b: Electabuzz|Electabuzz, L50, F|100/100
|move|p1a: Sneasler|Close Combat|p2a: Incineroar
|-supereffective|p2a: Incineroar
|-damage|p2a: Incineroar|0 fnt
|-unboost|p1a: Sneasler|def|1
|-unboost|p1a: Sneasler|spd|1
|faint|p2a: Incineroar
|move|p2b: Garganacl|Salt Cure|p1b: Electabuzz
|-crit|p1b: Electabuzz
|-damage|p1b: Electabuzz|79/100
|-start|p1b: Electabuzz|Salt Cure
|
|-damage|p1b: Electabuzz|67/100|[from] Salt Cure
|upkeep
|
|t:|1756161637
|switch|p2a: Sneasler|Sneasler, L50, F|100/100
|turn|5
|inactive|We_Are_Toasted has 30 seconds left.
|
|t:|1756161667
|move|p1a: Sneasler|Protect|p1a: Sneasler
|-singleturn|p1a: Sneasler|Protect
|move|p2a: Sneasler|Coaching|p2b: Garganacl
|-boost|p2b: Garganacl|atk|1
|-boost|p2b: Garganacl|def|1
|move|p1b: Electabuzz|Electroweb|p2a: Sneasler|[spread] p2a,p2b
|-supereffective|p2b: Garganacl
|-damage|p2a: Sneasler|81/100
|-damage|p2b: Garganacl|80/100
|-unboost|p2a: Sneasler|spe|1
|-unboost|p2b: Garganacl|spe|1
|move|p2b: Garganacl|Salt Cure|p1a: Sneasler
|-activate|p1a: Sneasler|move: Protect
|
|-damage|p1b: Electabuzz|55/100|[from] Salt Cure
|-fieldend|move: Psychic Terrain
|upkeep
|turn|6
|inactive|Kdbc73 has 30 seconds left.
|inactive|We_Are_Toasted has 30 seconds left.
|inactive|Kdbc73 has 20 seconds left.
|inactive|Kdbc73 has 15 seconds left.
|inactive|Kdbc73 has 10 seconds left.
|inactive|Kdbc73 has 5 seconds left.
|
|t:|1756161722
|move|p1a: Sneasler|Close Combat|p2b: Garganacl
|-resisted|p2b: Garganacl
|-damage|p2b: Garganacl|69/100
|-unboost|p1a: Sneasler|def|1
|-unboost|p1a: Sneasler|spd|1
|move|p1b: Electabuzz|Electroweb|p2b: Garganacl|[spread] p2a,p2b
|-supereffective|p2b: Garganacl
|-damage|p2a: Sneasler|64/100
|-damage|p2b: Garganacl|55/100
|-unboost|p2a: Sneasler|spe|1
|-unboost|p2b: Garganacl|spe|1
|move|p2a: Sneasler|Close Combat|p1b: Electabuzz
|-damage|p1b: Electabuzz|0 fnt
|-unboost|p2a: Sneasler|def|1
|-unboost|p2a: Sneasler|spd|1
|faint|p1b: Electabuzz
|move|p2b: Garganacl|Salt Cure|p1a: Sneasler
|-resisted|p1a: Sneasler
|-damage|p1a: Sneasler|65/100
|-start|p1a: Sneasler|Salt Cure
|
|-damage|p1a: Sneasler|53/100|[from] Salt Cure
|upkeep
|inactive|Kdbc73 has 30 seconds left.
|inactive|Kdbc73 has 20 seconds left.
|inactive|Kdbc73 has 15 seconds left.
|inactive|Kdbc73 has 10 seconds left.
|inactive|Kdbc73 has 5 seconds left.
|
|t:|1756161777
|switch|p1b: Indeedee|Indeedee, L50, M|46/100
|-fieldstart|move: Psychic Terrain|[from] ability: Psychic Surge|[of] p1b: Indeedee
|turn|7
|-message|Kdbc73 forfeited.
|raw|Kdbc73's rating: 1120 → 1097(-23 for losing)
|raw|We_Are_Toasted's rating: 1152 → 1175(+23 for winning)
|
|win|We_Are_Toasted
|l|☆Kdbc73
|player|p1|
