|j|☆RauSakura
|j|☆NJBDarkrai
|html|RauSakuraNJBDarkrai    
|uhtml|bestof|Game 2 of a best-of-3
|t:|1786011379
|gametype|doubles
|player|p1|RauSakura|#rausakura|
|player|p2|NJBDarkrai|170|
|gen|9
|tier|[Gen 9 Champions] VGC 2026 Reg M-B (Bo3)
|rule|Species Clause: Limit one of each Pokémon
|rule|Item Clause: Limit 1 of each item
|clearpoke
|poke|p1|Staraptor, L50, F|
|poke|p1|Arcanine-Hisui, L50, M|
|poke|p1|Kingambit, L50, M|
|poke|p1|Sylveon, L50, M|
|poke|p1|Raichu, L50, M|
|poke|p1|Farigiraf, L50, M|
|poke|p2|Gengar, L50, M|
|poke|p2|Vivillon-Pokeball, L50, F|
|poke|p2|Incineroar, L50, M|
|poke|p2|Swampert, L50, F|
|poke|p2|Archaludon, L50, F|
|poke|p2|Politoed, L50, M|
|teampreview|4
|showteam|p1|Staraptor||Staraptite|Intimidate|DualWingbeat,CloseCombat,Tailwind,Protect|Jolly||F|||50|]Arcanine-Hisui||FocusSash|RockHead|FlareBlitz,HeadSmash,ExtremeSpeed,Protect|Jolly||M|||50|]Kingambit||LifeOrb|Defiant|KowtowCleave,SuckerPunch,SwordsDance,Protect|Adamant||M|||50|]Sylveon||FairyFeather|Pixilate|HyperVoice,HyperBeam,QuickAttack,Detect|Modest||M|||50|]Raichu||RaichuniteY|LightningRod|ZapCannon,FocusBlast,FakeOut,Protect|Timid||M|||50|]Farigiraf||SitrusBerry|ArmorTail|Psychic,HelpingHand,TrickRoom,Protect|Calm||M|||50|
|showteam|p2|Gengar||Gengarite|CursedBody|ShadowBall,SludgeBomb,PerishSong,Protect|Timid||M|||50|]Vivillon-Pokeball||FocusSash|CompoundEyes|SleepPowder,RagePowder,Hurricane,Protect|Timid||F|||50|]Incineroar||PasshoBerry|Intimidate|FakeOut,ThroatChop,PartingShot,Protect|Sassy||M|||50|]Swampert||Swampertite|Damp|WaveCrash,Earthquake,IcePunch,Protect|Adamant||F|||50|]Archaludon||Leftovers|Stamina|FlashCannon,DragonPulse,ElectroShot,Protect|Modest||F|||50|]Politoed||SitrusBerry|Drizzle|WeatherBall,PerishSong,Encore,Protect|Calm||M|||50|
|j| Mawilemann
|j| SamTabner
|c|☆NJBDarkrai|glhf!
|c|☆RauSakura|glhf
|
|t:|1786011438
|teamsize|p1|4
|teamsize|p2|4
|start
|switch|p1a: Farigiraf|Farigiraf, L50, M|100/100
|switch|p1b: Staraptor|Staraptor, L50, F|100/100
|switch|p2a: FÖR FORT|Swampert, L50, F|100/100
|switch|p2b: BLOMSTERTID|Vivillon-Pokeball, L50, F|100/100
|-ability|p1b: Staraptor|Intimidate|boost
|-unboost|p2a: FÖR FORT|atk|1
|-unboost|p2b: BLOMSTERTID|atk|1
|turn|1
|
|t:|1786011488
|detailschange|p1b: Staraptor|Staraptor-Mega, L50, F
|-mega|p1b: Staraptor|Staraptor|Staraptite
|detailschange|p2a: FÖR FORT|Swampert-Mega, L50, F
|-mega|p2a: FÖR FORT|Swampert|Swampertite
|move|p1b: Staraptor|Close Combat|p2a: FÖR FORT
|-damage|p2a: FÖR FORT|44/100
|-boost|p1b: Staraptor|def|1
|-boost|p1b: Staraptor|spd|1
|move|p2b: BLOMSTERTID|Sleep Powder|p1a: Farigiraf
|-status|p1a: Farigiraf|slp|[from] move: Sleep Powder
|move|p2a: FÖR FORT|Ice Punch|p1b: Staraptor
|-supereffective|p1b: Staraptor|1
|-damage|p1b: Staraptor|70/100
|cant|p1a: Farigiraf|slp
|
|upkeep
|turn|2
|
|t:|1786011508
|move|p1b: Staraptor|Close Combat|p2a: FÖR FORT
|-damage|p2a: FÖR FORT|0 fnt
|-boost|p1b: Staraptor|def|1
|-boost|p1b: Staraptor|spd|1
|faint|p2a: FÖR FORT
|move|p2b: BLOMSTERTID|Hurricane|p1b: Staraptor
|-supereffective|p1b: Staraptor|1
|-damage|p1b: Staraptor|20/100y
|-curestatus|p1a: Farigiraf|slp|[msg]
|move|p1a: Farigiraf|Psychic|p2b: BLOMSTERTID
|-damage|p2b: BLOMSTERTID|35/100
|
|upkeep
|
|t:|1786011513
|switch|p2a: NUMMER ETT|Archaludon, L50, F|100/100
|turn|3
|j| irluke
|
|t:|1786011532
|switch|p2b: Som En Stjärna|Politoed, L50, M|100/100
|-weather|RainDance|[from] ability: Drizzle|[of] p2b: Som En Stjärna
|move|p1b: Staraptor|Dual Wingbeat|p2b: Som En Stjärna|[miss]
|-miss|p1b: Staraptor|p2b: Som En Stjärna
|move|p2a: NUMMER ETT|Electro Shot||[still]
|-prepare|p2a: NUMMER ETT|Electro Shot
|-boost|p2a: NUMMER ETT|spa|1
|-anim|p2a: NUMMER ETT|Electro Shot|p1b: Staraptor
|-supereffective|p1b: Staraptor|1
|-damage|p1b: Staraptor|0 fnt
|faint|p1b: Staraptor
|move|p1a: Farigiraf|Trick Room|p1a: Farigiraf
|-fieldstart|move: Trick Room|[of] p1a: Farigiraf
|
|-weather|RainDance|[upkeep]
|upkeep
|
|t:|1786011548
|switch|p1b: Kingambit|Kingambit, L50, M|100/100
|turn|4
|
|t:|1786011572
|move|p1b: Kingambit|Swords Dance|p1b: Kingambit
|-boost|p1b: Kingambit|atk|2
|move|p1a: Farigiraf|Psychic|p2b: Som En Stjärna
|-damage|p2b: Som En Stjärna|73/100
|move|p2b: Som En Stjärna|Weather Ball|p1b: Kingambit
|-damage|p1b: Kingambit|56/100
|move|p2a: NUMMER ETT|Electro Shot||[still]
|-prepare|p2a: NUMMER ETT|Electro Shot
|-boost|p2a: NUMMER ETT|spa|1
|-anim|p2a: NUMMER ETT|Electro Shot|p1b: Kingambit
|-damage|p1b: Kingambit|0 fnt
|faint|p1b: Kingambit
|
|-weather|RainDance|[upkeep]
|upkeep
|
|t:|1786011577
|switch|p1b: Sylveon|Sylveon, L50, M|100/100
|turn|5
|
|t:|1786011594
|switch|p2b: BLOMSTERTID|Vivillon-Pokeball, L50, F|35/100
|move|p1a: Farigiraf|Helping Hand|p1b: Sylveon
|-singleturn|p1b: Sylveon|Helping Hand|[of] p1a: Farigiraf
|move|p2a: NUMMER ETT|Protect|p2a: NUMMER ETT
|-singleturn|p2a: NUMMER ETT|Protect
|move|p1b: Sylveon|Hyper Voice|p2a: NUMMER ETT|[spread] p2b
|-activate|p2a: NUMMER ETT|move: Protect
|-damage|p2b: BLOMSTERTID|0 fnt
|faint|p2b: BLOMSTERTID
|
|-weather|RainDance|[upkeep]
|upkeep
|
|t:|1786011596
|switch|p2b: Som En Stjärna|Politoed, L50, M|73/100
|turn|6
|
|t:|1786011609
|move|p1a: Farigiraf|Helping Hand|p1b: Sylveon
|-singleturn|p1b: Sylveon|Helping Hand|[of] p1a: Farigiraf
|move|p2b: Som En Stjärna|Weather Ball|p1b: Sylveon
|-damage|p1b: Sylveon|61/100
|move|p1b: Sylveon|Hyper Beam|p2a: NUMMER ETT
|-damage|p2a: NUMMER ETT|0 fnt
|-mustrecharge|p1b: Sylveon
|faint|p2a: NUMMER ETT
|
|-weather|RainDance|[upkeep]
|upkeep
|turn|7
|
|t:|1786011624
|move|p1a: Farigiraf|Psychic|p2b: Som En Stjärna
|-damage|p2b: Som En Stjärna|47/100
|-enditem|p2b: Som En Stjärna|Sitrus Berry|[eat]
|-heal|p2b: Som En Stjärna|72/100|[from] item: Sitrus Berry
|move|p2b: Som En Stjärna|Weather Ball|p1b: Sylveon
|-damage|p1b: Sylveon|24/100
|cant|p1b: Sylveon|recharge
|
|-weather|none
|-fieldend|move: Trick Room
|upkeep
|turn|8
|
|t:|1786011634
|move|p1b: Sylveon|Hyper Voice|p2b: Som En Stjärna
|-damage|p2b: Som En Stjärna|23/100
|move|p2b: Som En Stjärna|Weather Ball|p1b: Sylveon
|-damage|p1b: Sylveon|14/100
|move|p1a: Farigiraf|Psychic|p2b: Som En Stjärna
|-damage|p2b: Som En Stjärna|0 fnt
|faint|p2b: Som En Stjärna
|
|win|RauSakura
||NJBDarkrai is ready for game 3.
||RauSakura is ready for game 3.
|uhtml|next|Next: Game 3 of 3
|j| shitmonleevgc
|l| Mawilemann
|l| irluke
|l| SamTabner
|l| shitmonleevgc
|l|☆RauSakura
|player|p1|
