|j|☆tailmyroom
|j|☆DgC1605
|html|tailmyroomDgC1605    
|uhtml|bestof|Game 2 of a best-of-3
|t:|1756209292
|gametype|doubles
|player|p1|tailmyroom|scientist-gen4dp|1210
|player|p2|DgC1605|n|1229
|gen|9
|tier|[Gen 9] VGC 2025 Reg H (Bo3)
|rated|
|rule|Species Clause: Limit one of each Pokémon
|rule|Item Clause: Limit 1 of each item
|clearpoke
|poke|p1|Gholdengo, L50|
|poke|p1|Sneasler, L50, M|
|poke|p1|Rillaboom, L50, M|
|poke|p1|Dragonite, L50, M|
|poke|p1|Ninetales-Alola, L50, F|
|poke|p1|Arcanine-Hisui, L50, M|
|poke|p2|Annihilape, L50, F|
|poke|p2|Dragonite, L50, M|
|poke|p2|Gholdengo, L50|
|poke|p2|Ninetales-Alola, L50, M|
|poke|p2|Rillaboom, L50, M|
|poke|p2|Ursaluna-Bloodmoon, L50, M|
|teampreview|4
|showteam|p1|Gholdengo||GrassySeed|GoodasGold|NastyPlot,MakeItRain,ShadowBall,Protect||||||50|,,,,,Water]Sneasler||WhiteHerb|Unburden|CloseCombat,DireClaw,Coaching,Protect|||M|||50|,,,,,Ghost]Rillaboom||AssaultVest|GrassySurge|FakeOut,GrassyGlide,DrumBeating,HighHorsepower|||M|||50|,,,,,Fire]Dragonite||LoadedDice|Multiscale|ScaleShot,StompingTantrum,Tailwind,Protect|||M|||50|,,,,,Ground]Ninetales-Alola||FocusSash|SnowWarning|Blizzard,IcyWind,Encore,AuroraVeil|||F|||50|,,,,,Ghost]Arcanine-Hisui||ClearAmulet|Intimidate|RockSlide,FlareBlitz,ExtremeSpeed,Protect|||M|||50|,,,,,Water
|showteam|p2|Annihilape||SafetyGoggles|Defiant|DrainPunch,RageFist,BulkUp,Protect|||F|||50|,,,,,Fire]Dragonite||LoadedDice|Multiscale|ExtremeSpeed,ScaleShot,Haze,Protect|||M|||50|,,,,,Fairy]Gholdengo||LifeOrb|GoodasGold|MakeItRain,ShadowBall,NastyPlot,Protect||||||50|,,,,,Water]Ninetales-Alola||LightClay|SnowWarning|Blizzard,IcyWind,IcicleSpear,AuroraVeil|||M|||50|,,,,,Ghost]Rillaboom||MiracleSeed|GrassySurge|FakeOut,GrassyGlide,WoodHammer,Protect|||M|||50|,,,,,Fire]Ursaluna-Bloodmoon||AssaultVest|MindsEye|BloodMoon,HyperVoice,EarthPower,VacuumWave|||M|||50|,,,,,Ghost
|inactive|Battle timer is ON: inactive players will automatically lose when time's up. (requested by DgC1605)
|inactive|DgC1605 has 60 seconds left.
|inactive|DgC1605 has 30 seconds left.
|inactive|DgC1605 has 20 seconds left.
|inactive|DgC1605 has 15 seconds left.
|inactive|DgC1605 has 10 seconds left.
|inactive|DgC1605 has 5 seconds left.
|
|t:|1756209379
|teamsize|p1|4
|teamsize|p2|4
|start
|switch|p1a: Gholdengo|Gholdengo, L50|100/100
|switch|p1b: Ninetales|Ninetales-Alola, L50, F|100/100
|switch|p2a: Ninetales|Ninetales-Alola, L50, M|100/100
|switch|p2b: Annihilape|Annihilape, L50, F|100/100
|-weather|Snowscape|[from] ability: Snow Warning|[of] p1b: Ninetales
|turn|1
|inactive|DgC1605 has 30 seconds left.
|
|t:|1756209409
|-terastallize|p2b: Annihilape|Fire
|-terastallize|p1a: Gholdengo|Water
|move|p2a: Ninetales|Icy Wind|p1b: Ninetales|[spread] p1a,p1b
|-resisted|p1a: Gholdengo
|-resisted|p1b: Ninetales
|-damage|p1a: Gholdengo|94/100
|-damage|p1b: Ninetales|94/100
|-unboost|p1a: Gholdengo|spe|1
|-unboost|p1b: Ninetales|spe|1
|move|p2b: Annihilape|Bulk Up|p2b: Annihilape
|-boost|p2b: Annihilape|atk|1
|-boost|p2b: Annihilape|def|1
|move|p1b: Ninetales|Aurora Veil|p1b: Ninetales
|-sidestart|p1: tailmyroom|move: Aurora Veil
|move|p1a: Gholdengo|Nasty Plot|p1a: Gholdengo
|-boost|p1a: Gholdengo|spa|2
|
|-weather|Snowscape|[upkeep]
|upkeep
|turn|2
|inactive|tailmyroom has 30 seconds left.
|inactive|tailmyroom has 20 seconds left.
|inactive|tailmyroom has 15 seconds left.
|
|t:|1756209453
|switch|p1b: Rillaboom|Rillaboom, L50, M|100/100
|-fieldstart|move: Grassy Terrain|[from] ability: Grassy Surge|[of] p1b: Rillaboom
|-enditem|p1a: Gholdengo|Grassy Seed
|-boost|p1a: Gholdengo|def|1|[from] item: Grassy Seed
|move|p2a: Ninetales|Icicle Spear|p2b: Annihilape
|-resisted|p2b: Annihilape
|-crit|p2b: Annihilape
|-damage|p2b: Annihilape|96/100
|-resisted|p2b: Annihilape
|-damage|p2b: Annihilape|94/100
|-resisted|p2b: Annihilape
|-damage|p2b: Annihilape|92/100
|-hitcount|p2b: Annihilape|3
|move|p2b: Annihilape|Rage Fist|p1a: Gholdengo
|-damage|p1a: Gholdengo|39/100
|move|p1a: Gholdengo|Shadow Ball|p2b: Annihilape
|-damage|p2b: Annihilape|23/100
|-unboost|p2b: Annihilape|spd|1
|-ability|p2b: Annihilape|Defiant|boost
|-boost|p2b: Annihilape|atk|2
|
|-weather|Snowscape|[upkeep]
|-heal|p2b: Annihilape|29/100|[from] Grassy Terrain
|-heal|p1a: Gholdengo|45/100|[from] Grassy Terrain
|upkeep
|turn|3
|inactive|tailmyroom has 30 seconds left.
|inactive|DgC1605 has 30 seconds left.
|inactive|tailmyroom has 20 seconds left.
|
|t:|1756209491
|move|p2b: Annihilape|Protect|p2b: Annihilape
|-singleturn|p2b: Annihilape|Protect
|move|p1b: Rillaboom|Fake Out|p2b: Annihilape
|-activate|p2b: Annihilape|move: Protect
|move|p2a: Ninetales|Aurora Veil|p2a: Ninetales
|-sidestart|p2: DgC1605|move: Aurora Veil
|move|p1a: Gholdengo|Shadow Ball|p2a: Ninetales
|-damage|p2a: Ninetales|47/100
|
|-weather|Snowscape|[upkeep]
|-heal|p2a: Ninetales|53/100|[from] Grassy Terrain
|-heal|p2b: Annihilape|35/100|[from] Grassy Terrain
|-heal|p1a: Gholdengo|51/100|[from] Grassy Terrain
|upkeep
|turn|4
|
|t:|1756209513
|move|p2a: Ninetales|Blizzard|p1a: Gholdengo|[spread] p1a,p1b
|-resisted|p1a: Gholdengo
|-supereffective|p1b: Rillaboom
|-damage|p1a: Gholdengo|43/100
|-damage|p1b: Rillaboom|73/100
|move|p2b: Annihilape|Drain Punch|p1a: Gholdengo
|-damage|p1a: Gholdengo|9/100
|-heal|p2b: Annihilape|50/100|[from] drain|[of] p1a: Gholdengo
|move|p1b: Rillaboom|High Horsepower|p2b: Annihilape
|-supereffective|p2b: Annihilape
|-crit|p2b: Annihilape
|-damage|p2b: Annihilape|0 fnt
|faint|p2b: Annihilape
|move|p1a: Gholdengo|Make It Rain|p2a: Ninetales
|-supereffective|p2a: Ninetales
|-damage|p2a: Ninetales|0 fnt
|-unboost|p1a: Gholdengo|spa|1
|faint|p2a: Ninetales
|
|-weather|Snowscape|[upkeep]
|-heal|p1b: Rillaboom|79/100|[from] Grassy Terrain
|-heal|p1a: Gholdengo|16/100|[from] Grassy Terrain
|upkeep
|
|t:|1756209525
|switch|p2a: Ursaluna|Ursaluna-Bloodmoon, L50, M|100/100
|switch|p2b: Dragonite|Dragonite, L50, M|100/100
|turn|5
|inactive|tailmyroom has 30 seconds left.
|inactive|tailmyroom has 20 seconds left.
|inactive|tailmyroom has 15 seconds left.
|inactive|tailmyroom has 10 seconds left.
|
|t:|1756209571
|move|p1b: Rillaboom|Drum Beating|p2b: Dragonite
|-resisted|p2b: Dragonite
|-damage|p2b: Dragonite|96/100
|-unboost|p2b: Dragonite|spe|1
|move|p1a: Gholdengo|Make It Rain|p2b: Dragonite|[spread] p2a,p2b
|-damage|p2a: Ursaluna|64/100
|-damage|p2b: Dragonite|53/100
|-unboost|p1a: Gholdengo|spa|1
|move|p2b: Dragonite|Scale Shot|p1b: Rillaboom
|-damage|p1b: Rillaboom|68/100
|-damage|p1b: Rillaboom|58/100
|-damage|p1b: Rillaboom|47/100
|-damage|p1b: Rillaboom|36/100
|-hitcount|p1b: Rillaboom|4
|-unboost|p2b: Dragonite|def|1
|-boost|p2b: Dragonite|spe|1
|move|p2a: Ursaluna|Hyper Voice|p1a: Gholdengo|[spread] p1a,p1b
|-damage|p1a: Gholdengo|0 fnt
|-damage|p1b: Rillaboom|16/100
|faint|p1a: Gholdengo
|
|-weather|none
|-heal|p1b: Rillaboom|22/100|[from] Grassy Terrain
|-heal|p2a: Ursaluna|70/100|[from] Grassy Terrain
|-sideend|p1: tailmyroom|move: Aurora Veil
|upkeep
|
|t:|1756209586
|switch|p1a: Ninetales|Ninetales-Alola, L50, F|94/100
|-weather|Snowscape|[from] ability: Snow Warning|[of] p1a: Ninetales
|turn|6
|
|t:|1756209592
|move|p2b: Dragonite|Extreme Speed|p1b: Rillaboom
|-damage|p1b: Rillaboom|0 fnt
|faint|p1b: Rillaboom
|move|p1a: Ninetales|Blizzard|p2b: Dragonite|[spread] p2a,p2b
|-supereffective|p2a: Ursaluna
|-supereffective|p2b: Dragonite
|-damage|p2a: Ursaluna|39/100
|-damage|p2b: Dragonite|0 fnt
|faint|p2b: Dragonite
|move|p2a: Ursaluna|Hyper Voice|p1a: Ninetales
|-damage|p1a: Ninetales|29/100
|
|-weather|Snowscape|[upkeep]
|-heal|p1a: Ninetales|35/100|[from] Grassy Terrain
|-heal|p2a: Ursaluna|46/100|[from] Grassy Terrain
|-fieldend|move: Grassy Terrain
|upkeep
|
|t:|1756209595
|switch|p1b: Sneasler|Sneasler, L50, M|100/100
|turn|7
|-message|DgC1605 forfeited.
|
|win|tailmyroom
||DgC1605 is ready for game 3.
||tailmyroom is ready for game 3.
|uhtml|next|Next: Game 3 of 3
