|j|☆dreepy_volador1
|j|☆LastHorzion
|html|dreepy_volador1LastHorzion    
|uhtml|bestof|Game 3 of a best-of-3
|t:|1755267997
|gametype|doubles
|player|p1|dreepy_volador1|2|1224
|player|p2|LastHorzion|steven|1302
|gen|9
|tier|[Gen 9] VGC 2025 Reg H (Bo3)
|rated|
|rule|Species Clause: Limit one of each Pokémon
|rule|Item Clause: Limit 1 of each item
|clearpoke
|poke|p1|Rillaboom, L50, F|
|poke|p1|Kingambit, L50, M|
|poke|p1|Sneasler, L50, M|
|poke|p1|Dragonite, L50, M|
|poke|p1|Murkrow, L50, M|
|poke|p1|Ceruledge, L50, M|
|poke|p2|Sneasler, L50, F|
|poke|p2|Indeedee, L50, M|
|poke|p2|Ursaluna-Bloodmoon, L50, M|
|poke|p2|Whimsicott, L50, M|
|poke|p2|Typhlosion-Hisui, L50, M|
|poke|p2|Dragonite, L50, F|
|teampreview|4
|showteam|p1|Rillaboom||MiracleSeed|GrassySurge|WoodHammer,GrassyGlide,FakeOut,HighHorsepower|||F|||50|,,,,,Fire]Kingambit||AssaultVest|Defiant|KowtowCleave,SuckerPunch,TeraBlast,IronHead|||M|||50|,,,,,Flying]Sneasler||FocusSash|Unburden|DireClaw,CloseCombat,Coaching,FakeOut|||M|||50|,,,,,Ghost]Dragonite||LoadedDice|Multiscale|ExtremeSpeed,ScaleShot,Protect,TeraBlast|||M|||50|,,,,,Fairy]Murkrow||Eviolite|Prankster|Tailwind,Taunt,Haze,FoulPlay|||M|||50|,,,,,Dragon]Ceruledge||Leftovers|FlashFire|BitterBlade,ShadowSneak,BulkUp,Protect|||M|||50|,,,,,Grass
|showteam|p2|Sneasler||PsychicSeed|Unburden|CloseCombat,DireClaw,ThroatChop,Protect|||F|||50|,,,,,Dark]Indeedee||FocusSash|PsychicSurge|ExpandingForce,TeraBlast,Imprison,TrickRoom|||M|||50|,,,,,Ground]Ursaluna-Bloodmoon||LifeOrb|MindsEye|BloodMoon,EarthPower,HyperVoice,Protect|||M|||50|,,,,,Normal]Whimsicott||CovertCloak|Prankster|Tailwind,Moonblast,Encore,SunnyDay|||M|||50|,,,,,Water]Typhlosion-Hisui||ChoiceScarf|Blaze|Eruption,Curse,HeatWave,ShadowBall|||M|||50|,,,,,Fire]Dragonite||LoadedDice|Multiscale|ScaleShot,StompingTantrum,Haze,Protect|||F|||50|,,,,,Fairy
|inactive|Battle timer is ON: inactive players will automatically lose when time's up. (requested by dreepy_volador1)
|inactive|LastHorzion also wants the timer to be on.
|inactive|LastHorzion has 60 seconds left.
|
|t:|1755268051
|teamsize|p1|4
|teamsize|p2|4
|start
|switch|p1a: Kingambit|Kingambit, L50, M, shiny|100/100
|switch|p1b: Sneasler|Sneasler, L50, M|100/100
|switch|p2a: Sneasler|Sneasler, L50, F|100/100
|switch|p2b: Dragonite|Dragonite, L50, F|100/100
|turn|1
|
|t:|1755268067
|-terastallize|p1a: Kingambit|Flying
|move|p2a: Sneasler|Protect|p2a: Sneasler
|-singleturn|p2a: Sneasler|Protect
|move|p2b: Dragonite|Protect|p2b: Dragonite
|-singleturn|p2b: Dragonite|Protect
|move|p1b: Sneasler|Fake Out|p2b: Dragonite
|-activate|p2b: Dragonite|move: Protect
|move|p1a: Kingambit|Kowtow Cleave|p2b: Dragonite
|-activate|p2b: Dragonite|move: Protect
|
|upkeep
|turn|2
|
|t:|1755268084
|move|p1b: Sneasler|Coaching|p1a: Kingambit
|-boost|p1a: Kingambit|atk|1
|-boost|p1a: Kingambit|def|1
|move|p2a: Sneasler|Dire Claw|p1a: Kingambit
|-damage|p1a: Kingambit|77/100
|-status|p1a: Kingambit|slp
|move|p2b: Dragonite|Scale Shot|p1b: Sneasler
|-damage|p1b: Sneasler|73/100
|-damage|p1b: Sneasler|47/100
|-damage|p1b: Sneasler|20/100
|-damage|p1b: Sneasler|0 fnt
|faint|p1b: Sneasler
|-hitcount|p1: Sneasler|4
|-unboost|p2b: Dragonite|def|1
|-boost|p2b: Dragonite|spe|1
|cant|p1a: Kingambit|slp
|
|upkeep
|
|t:|1755268102
|switch|p1b: Rillaboom|Rillaboom, L50, F|100/100
|-fieldstart|move: Grassy Terrain|[from] ability: Grassy Surge|[of] p1b: Rillaboom
|turn|3
|
|t:|1755268122
|switch|p2b: Indeedee|Indeedee, L50, M, shiny|100/100
|-fieldstart|move: Psychic Terrain|[from] ability: Psychic Surge|[of] p2b: Indeedee
|-enditem|p2a: Sneasler|Psychic Seed
|-boost|p2a: Sneasler|spd|1|[from] item: Psychic Seed
|move|p1b: Rillaboom|Fake Out|p2a: Sneasler
|-activate|p2a: Sneasler|move: Psychic Terrain
|move|p2a: Sneasler|Dire Claw|p1b: Rillaboom
|-supereffective|p1b: Rillaboom
|-damage|p1b: Rillaboom|10/100
|cant|p1a: Kingambit|slp
|
|upkeep
|turn|4
|c|☆dreepy_volador1|Sleep
|inactive|LastHorzion has 30 seconds left.
|
|t:|1755268149
|switch|p1b: Ceruledge|Ceruledge, L50, M|100/100
|move|p2a: Sneasler|Dire Claw|p1a: Kingambit
|-damage|p1a: Kingambit|54/100 slp
|move|p2b: Indeedee|Expanding Force|p1a: Kingambit|[spread] p1a,p1b
|-damage|p1a: Kingambit|22/100 slp
|-damage|p1b: Ceruledge|56/100
|-curestatus|p1a: Kingambit|slp|[msg]
|move|p1a: Kingambit|Kowtow Cleave|p2b: Indeedee
|-supereffective|p2b: Indeedee
|-enditem|p2b: Indeedee|Focus Sash
|-damage|p2b: Indeedee|1/100
|
|-heal|p1b: Ceruledge|62/100|[from] item: Leftovers
|upkeep
|turn|5
|inactive|dreepy_volador1 has 30 seconds left.
|inactive|LastHorzion has 30 seconds left.
|
|t:|1755268183
|switch|p2b: Dragonite|Dragonite, L50, F|100/100
|switch|p1b: Rillaboom|Rillaboom, L50, F|10/100
|-fieldstart|move: Grassy Terrain|[from] ability: Grassy Surge|[of] p1b: Rillaboom
|move|p1a: Kingambit|Sucker Punch||[still]
|-fail|p1a: Kingambit
|move|p2a: Sneasler|Dire Claw|p1a: Kingambit
|-damage|p1a: Kingambit|0 fnt
|faint|p1a: Kingambit
|
|-heal|p1b: Rillaboom|16/100|[from] Grassy Terrain
|upkeep
|
|t:|1755268195
|switch|p1a: Ceruledge|Ceruledge, L50, M|62/100
|turn|6
|
|t:|1755268203
|switch|p2b: Indeedee|Indeedee, L50, M, shiny|1/100
|-fieldstart|move: Psychic Terrain|[from] ability: Psychic Surge|[of] p2b: Indeedee
|-terastallize|p2a: Sneasler|Dark
|move|p1b: Rillaboom|Fake Out|p2a: Sneasler
|-activate|p2a: Sneasler|move: Psychic Terrain
|move|p2a: Sneasler|Throat Chop|p1a: Ceruledge
|-supereffective|p1a: Ceruledge
|-damage|p1a: Ceruledge|0 fnt
|faint|p1a: Ceruledge
|
|upkeep
|turn|7
|-message|dreepy_volador1 forfeited.
|
|win|LastHorzion
|raw|dreepy_volador1's rating: 1224 → 1205(-19 for losing)
|raw|LastHorzion's rating: 1302 → 1318(+16 for winning)
|l|☆dreepy_volador1
|player|p1|
