|j|☆0oBRUNCHo0
|j|☆ultimatecoward
|html|0oBRUNCHo0ultimatecoward    
|uhtml|bestof|Game 2 of a best-of-3
|t:|1785330613
|gametype|doubles
|player|p1|0oBRUNCHo0|rood|1102
|player|p2|ultimatecoward|medium|1082
|gen|9
|tier|[Gen 9 Champions] VGC 2026 Reg M-B (Bo3)
|rated|
|rule|Species Clause: Limit one of each Pokémon
|rule|Item Clause: Limit 1 of each item
|clearpoke
|poke|p1|Aerodactyl, L50, F|
|poke|p1|Aggron, L50, M, shiny|
|poke|p1|Kingambit, L50, M|
|poke|p1|Sneasler, L50, M|
|poke|p1|Sinistcha-Masterpiece, L50|
|poke|p1|Incineroar, L50, F|
|poke|p2|Maushold, L50|
|poke|p2|Sableye, L50, M|
|poke|p2|Gengar, L50, M|
|poke|p2|Kingambit, L50, M|
|poke|p2|Milotic, L50, M|
|poke|p2|Garchomp, L50, M|
|teampreview|4
|showteam|p1|Aerodactyl||Aerodactylite|Unnerve|RockSlide,IceFang,Tailwind,DualWingbeat|Jolly||F|||50|]Aggron||Aggronite|HeavyMetal|BodyPress,HeavySlam,Protect,IronDefense|Sassy||M|||50|]Kingambit||LifeOrb|Defiant|KowtowCleave,SuckerPunch,SwordsDance,Protect|Adamant||M|||50|]Sneasler||FocusSash|PoisonTouch|CloseCombat,PoisonJab,FakeOut,Protect|Jolly||M|||50|]Sinistcha-Masterpiece||ColburBerry|Hospitality|MatchaGotcha,RagePowder,LifeDew,TrickRoom|Calm|||||50|]Incineroar||SitrusBerry|Intimidate|FakeOut,FlareBlitz,ThroatChop,PartingShot|Impish||F|||50|
|showteam|p2|Maushold||KingsRock|Technician|PopulationBomb,FollowMe,Encore,Protect|Jolly|||||50|]Sableye||Sablenite|Prankster|Gravity,Encore,Disable,RainDance|Sassy||M|||50|]Gengar||Gengarite|CursedBody|Hex,Disable,Hypnosis,Protect|Timid||M|||50|]Kingambit||BlackGlasses|Defiant|KowtowCleave,SuckerPunch,IronHead,LowKick|Adamant||M|||50|]Milotic||Leftovers|Competitive|HydroPump,Hypnosis,Recover,Protect|Bold||M|||50|]Garchomp||ChoiceScarf|RoughSkin|StompingTantrum,RockSlide,DragonClaw,PoisonJab|Jolly||M|||50|
|
|t:|1785330704
|teamsize|p1|4
|teamsize|p2|4
|start
|switch|p1a: Aggron|Aggron, L50, M, shiny|100/100
|switch|p1b: Sinistcha|Sinistcha-Masterpiece, L50|100/100
|switch|p2a: Kingambit|Kingambit, L50, M|100/100
|switch|p2b: Gengar|Gengar, L50, M|100/100
|turn|1
|
|t:|1785330761
|switch|p1b: Kingambit|Kingambit, L50, M|100/100
|switch|p2a: Garchomp|Garchomp, L50, M|100/100
|detailschange|p2b: Gengar|Gengar-Mega, L50, M
|-mega|p2b: Gengar|Gengar|Gengarite
|detailschange|p1a: Aggron|Aggron-Mega, L50, M, shiny
|-mega|p1a: Aggron|Aggron|Aggronite
|move|p2b: Gengar|Protect|p2b: Gengar
|-singleturn|p2b: Gengar|Protect
|move|p1a: Aggron|Iron Defense|p1a: Aggron
|-boost|p1a: Aggron|def|2
|
|upkeep
|turn|2
|
|t:|1785330833
|switch|p2a: Kingambit|Kingambit, L50, M|100/100
|move|p2b: Gengar|Hypnosis|p1b: Kingambit
|-status|p1b: Kingambit|slp|[from] move: Hypnosis
|cant|p1b: Kingambit|slp
|move|p1a: Aggron|Heavy Slam|p2b: Gengar
|-damage|p2b: Gengar|28/100
|
|upkeep
|turn|3
|
|t:|1785330887
|switch|p2b: Milotic|Milotic, L50, M|100/100
|-curestatus|p1b: Kingambit|slp|[msg]
|move|p1b: Kingambit|Protect|p1b: Kingambit
|-singleturn|p1b: Kingambit|Protect
|move|p1a: Aggron|Protect|p1a: Aggron
|-singleturn|p1a: Aggron|Protect
|move|p2a: Kingambit|Low Kick|p1b: Kingambit
|-activate|p1b: Kingambit|move: Protect
|
|upkeep
|turn|4
|
|t:|1785330907
|switch|p1b: Sinistcha|Sinistcha-Masterpiece, L50|100/100
|move|p2b: Milotic|Hydro Pump|p1a: Aggron
|-damage|p1a: Aggron|67/100
|move|p2a: Kingambit|Low Kick|p1a: Aggron
|-supereffective|p1a: Aggron|1
|-damage|p1a: Aggron|50/100g
|move|p1a: Aggron|Body Press|p2a: Kingambit
|-supereffective|p2a: Kingambit|2
|-damage|p2a: Kingambit|0 fnt
|faint|p2a: Kingambit
|
|upkeep
|
|t:|1785330921
|switch|p2a: Gengar|Gengar-Mega, L50, M|28/100
|turn|5
|
|t:|1785330946
|move|p2a: Gengar|Hypnosis|p1a: Aggron|[miss]
|-miss|p2a: Gengar|p1a: Aggron
|move|p2b: Milotic|Hypnosis|p1a: Aggron
|-status|p1a: Aggron|slp|[from] move: Hypnosis
|move|p1b: Sinistcha|Matcha Gotcha|p2b: Milotic|[spread] p2a,p2b
|-resisted|p2a: Gengar|1
|-supereffective|p2b: Milotic|1
|-damage|p2a: Gengar|13/100
|-damage|p2b: Milotic|64/100
|-status|p2a: Gengar|brn
|cant|p1a: Aggron|slp
|
|-heal|p2b: Milotic|70/100|[from] item: Leftovers
|-damage|p2a: Gengar|7/100 brn|[from] brn
|upkeep
|turn|6
|
|t:|1785331014
|move|p2a: Gengar|Hex|p1a: Aggron
|-damage|p1a: Aggron|0 fnt
|faint|p1a: Aggron
|move|p2b: Milotic|Hypnosis|p1b: Sinistcha
|-status|p1b: Sinistcha|slp|[from] move: Hypnosis
|cant|p1b: Sinistcha|slp
|
|-heal|p2b: Milotic|76/100|[from] item: Leftovers
|-damage|p2a: Gengar|1/100 brn|[from] brn
|upkeep
|
|t:|1785331044
|switch|p1a: Sneasler|Sneasler, L50, M|100/100
|turn|7
|
|t:|1785331076
|switch|p2a: Garchomp|Garchomp, L50, M|100/100
|move|p1a: Sneasler|Poison Jab|p2b: Milotic
|-damage|p2b: Milotic|40/100
|move|p2b: Milotic|Hydro Pump|p1a: Sneasler
|-damage|p1a: Sneasler|50/100g
|-curestatus|p1b: Sinistcha|slp|[msg]
|move|p1b: Sinistcha|Matcha Gotcha|p2b: Milotic|[spread] p2a,p2b
|-supereffective|p2b: Milotic|1
|-crit|p2b: Milotic
|-damage|p2a: Garchomp|72/100
|-damage|p2b: Milotic|0 fnt
|faint|p2b: Milotic
|
|upkeep
|
|t:|1785331096
|switch|p2b: Gengar|Gengar-Mega, L50, M|1/100 brn
|turn|8
|
|t:|1785331126
|move|p1a: Sneasler|Protect|p1a: Sneasler
|-singleturn|p1a: Sneasler|Protect
|move|p2a: Garchomp|Stomping Tantrum|p1a: Sneasler
|-activate|p1a: Sneasler|move: Protect
|move|p2b: Gengar|Hex|p1b: Sinistcha
|-supereffective|p1b: Sinistcha|1
|-damage|p1b: Sinistcha|29/100
|move|p1b: Sinistcha|Matcha Gotcha|p2a: Garchomp|[spread] p2a,p2b
|-resisted|p2b: Gengar|1
|-damage|p2a: Garchomp|46/100
|-heal|p1b: Sinistcha|42/100|[from] drain|[of] p2a: Garchomp
|-damage|p2b: Gengar|0 fnt
|-heal|p1b: Sinistcha|43/100|[from] drain|[of] p2b: Gengar
|faint|p2b: Gengar
|
|upkeep
|turn|9
|
|t:|1785331152
|move|p2a: Garchomp|Stomping Tantrum|p1a: Sneasler
|-supereffective|p1a: Sneasler|1
|-damage|p1a: Sneasler|0 fnt
|faint|p1a: Sneasler
|move|p1b: Sinistcha|Matcha Gotcha|p2a: Garchomp
|-damage|p2a: Garchomp|8/100
|-heal|p1b: Sinistcha|63/100|[from] drain|[of] p2a: Garchomp
|
|upkeep
|
|t:|1785331162
|switch|p1a: Kingambit|Kingambit, L50, M|100/100
|turn|10
|-message|ultimatecoward forfeited.
|
|win|0oBRUNCHo0
||0oBRUNCHo0 is ready for game 3.
||ultimatecoward is ready for game 3.
|uhtml|next|Next: Game 3 of 3
|l|☆ultimatecoward
|player|p2|
|j|☆ultimatecoward
|player|p2|ultimatecoward|medium|
