|j|☆theraclod
|j|☆LorGhez
|html|theraclodLorGhez    
|uhtml|bestof|Game 3 of a best-of-3
|t:|1782506226
|gametype|doubles
|player|p1|theraclod|rocketgrunt|1070
|player|p2|LorGhez|2|1124
|gen|9
|tier|[Gen 9 Champions] VGC 2026 Reg M-B (Bo3)
|rated|
|rule|Species Clause: Limit one of each Pokémon
|rule|Item Clause: Limit 1 of each item
|clearpoke
|poke|p1|Pinsir, L50, M, shiny|
|poke|p1|Sneasler, L50, M|
|poke|p1|Kingambit, L50, M, shiny|
|poke|p1|Garchomp, L50, M|
|poke|p1|Rotom-Wash, L50|
|poke|p1|Grimmsnarl, L50, M|
|poke|p2|Sceptile, L50, M|
|poke|p2|Tinkaton, L50, F|
|poke|p2|Rotom-Wash, L50|
|poke|p2|Aerodactyl, L50, M|
|poke|p2|Gyarados, L50, M|
|poke|p2|Kingambit, L50, M|
|teampreview|4
|showteam|p1|Pinsir||Pinsirite|Moxie|Feint,HighHorsepower,ThroatChop,RockSlide|Jolly||M|||50|]Sneasler||WhiteHerb|Unburden|FakeOut,CloseCombat,DireClaw,Coaching|Jolly||M|||50|]Kingambit||Leftovers|Defiant|IronHead,KowtowCleave,SuckerPunch,Protect|Adamant||M|||50|]Garchomp||LumBerry|RoughSkin|Earthquake,DragonClaw,RockSlide,PoisonJab|Jolly||M|||50|]Rotom-Wash||SitrusBerry|Levitate|Electroweb,WillOWisp,HydroPump,VoltSwitch|Modest|||||50|]Grimmsnarl||LightClay|Prankster|Swagger,LightScreen,Reflect,SpiritBreak|Careful||M|||50|
|showteam|p2|Sceptile||Sceptilite|Overgrow|Protect,GrassKnot,DragonPulse,EarthPower|Timid||M|||50|]Tinkaton||FocusSash|MoldBreaker|Protect,FakeOut,GigatonHammer,PlayRough|Adamant||F|||50|]Rotom-Wash||Leftovers|Levitate|WillOWisp,Discharge,HydroPump,LightScreen|Modest|||||50|]Aerodactyl||Aerodactylite|RockHead|Protect,Tailwind,RockSlide,DualWingbeat|Jolly||M|||50|]Gyarados||ExpertBelt|Intimidate|Protect,DragonCheer,Waterfall,TemperFlare|Jolly||M|||50|]Kingambit||ChopleBerry|Defiant|Protect,SuckerPunch,KowtowCleave,LowKick|Adamant||M|||50|
|inactive|Battle timer is ON: inactive players will automatically lose when time's up. (requested by LorGhez)
|
|t:|1782506235
|teamsize|p1|4
|teamsize|p2|4
|start
|switch|p1a: MACE ATTACK|Kingambit, L50, M, shiny|100/100
|switch|p1b: socky|Rotom-Wash, L50|100/100
|switch|p2a: Sceptile|Sceptile, L50, M|100/100
|switch|p2b: Rotom|Rotom-Wash, L50|100/100
|turn|1
|
|t:|1782506253
|detailschange|p2a: Sceptile|Sceptile-Mega, L50, M
|-mega|p2a: Sceptile|Sceptile|Sceptilite
|move|p1a: MACE ATTACK|Protect|p1a: MACE ATTACK
|-singleturn|p1a: MACE ATTACK|Protect
|move|p2a: Sceptile|Dragon Pulse|p1b: socky
|-damage|p1b: socky|54/100
|move|p2b: Rotom|Discharge|p1b: socky|[spread] p1b
|-activate|p1a: MACE ATTACK|move: Protect
|-ability|p2a: Sceptile|Lightning Rod|boost
|-boost|p2a: Sceptile|spa|1
|-damage|p1b: socky|23/100
|-enditem|p1b: socky|Sitrus Berry|[eat]
|-heal|p1b: socky|48/100|[from] item: Sitrus Berry
|move|p1b: socky|Will-O-Wisp|p2a: Sceptile
|-status|p2a: Sceptile|brn
|
|-damage|p2a: Sceptile|94/100 brn|[from] brn
|upkeep
|turn|2
|inactive|theraclod has 30 seconds left.
|inactive|LorGhez has 30 seconds left.
|inactive|theraclod has 20 seconds left.
|
|t:|1782506289
|switch|p1b: Bad driver|Sneasler, L50, M|100/100
|switch|p1a: 10 000 bees|Pinsir, L50, M, shiny|100/100
|move|p2a: Sceptile|Dragon Pulse|p1b: Bad driver
|-damage|p1b: Bad driver|21/100
|move|p2b: Rotom|Discharge|p1a: 10 000 bees|[spread] p1a,p1b
|-ability|p2a: Sceptile|Lightning Rod|boost
|-boost|p2a: Sceptile|spa|1
|-damage|p1a: 10 000 bees|54/100
|-damage|p1b: Bad driver|0 fnt
|-status|p1a: 10 000 bees|par
|faint|p1b: Bad driver
|
|-damage|p2a: Sceptile|88/100 brn|[from] brn
|upkeep
|
|t:|1782506305
|switch|p1b: socky|Rotom-Wash, L50|48/100
|turn|3
|
|t:|1782506319
|detailschange|p1a: 10 000 bees|Pinsir-Mega, L50, M, shiny
|-mega|p1a: 10 000 bees|Pinsir|Pinsirite
|move|p1a: 10 000 bees|Feint|p2a: Sceptile
|-supereffective|p2a: Sceptile|1
|-damage|p2a: Sceptile|32/100 brn
|move|p2a: Sceptile|Dragon Pulse|p1b: socky
|-damage|p1b: socky|0 fnt
|faint|p1b: socky
|move|p2b: Rotom|Discharge|p1a: 10 000 bees|[spread] p1a
|-ability|p2a: Sceptile|Lightning Rod|boost
|-boost|p2a: Sceptile|spa|1
|-supereffective|p1a: 10 000 bees|1
|-damage|p1a: 10 000 bees|0 fnt
|faint|p1a: 10 000 bees
|
|-damage|p2a: Sceptile|26/100 brn|[from] brn
|upkeep
|
|t:|1782506334
|switch|p1b: MACE ATTACK|Kingambit, L50, M, shiny|100/100
|turn|4
|
|t:|1782506338
|move|p2a: Sceptile|Protect|p2a: Sceptile
|-singleturn|p2a: Sceptile|Protect
|move|p1b: MACE ATTACK|Protect|p1b: MACE ATTACK
|-singleturn|p1b: MACE ATTACK|Protect
|move|p2b: Rotom|Will-O-Wisp|p1b: MACE ATTACK
|-activate|p1b: MACE ATTACK|move: Protect
|
|-damage|p2a: Sceptile|21/100 brn|[from] brn
|upkeep
|turn|5
|
|t:|1782506348
|move|p2a: Sceptile|Protect|p2a: Sceptile
|-singleturn|p2a: Sceptile|Protect
|move|p1b: MACE ATTACK|Sucker Punch||[still]
|-fail|p1b: MACE ATTACK
|move|p2b: Rotom|Will-O-Wisp|p1b: MACE ATTACK
|-status|p1b: MACE ATTACK|brn
|
|-damage|p2a: Sceptile|15/100 brn|[from] brn
|-damage|p1b: MACE ATTACK|94/100 brn|[from] brn
|upkeep
|turn|6
|-message|theraclod forfeited.
|
|win|LorGhez
|raw|theraclod's rating: 1070 → 1053(-17 for losing)
|raw|LorGhez's rating: 1124 → 1145(+21 for winning)
|l|☆theraclod
|player|p1|
