|j|☆testdigi
|j|☆TheDark69420
|html|testdigiTheDark69420    
|uhtml|bestof|Game 1 of a best-of-3
|t:|1785248183
|gametype|doubles
|player|p1|testdigi|169|1209
|player|p2|TheDark69420|ghetsis-gen5bw|1148
|gen|9
|tier|[Gen 9 Champions] VGC 2026 Reg M-B (Bo3)
|rated|
|rule|Species Clause: Limit one of each Pokémon
|rule|Item Clause: Limit 1 of each item
|clearpoke
|poke|p1|Staraptor, L50, F|
|poke|p1|Garchomp, L50, M|
|poke|p1|Whimsicott, L50, F|
|poke|p1|Delphox, L50, M|
|poke|p1|Glimmora, L50, F|
|poke|p1|Kingambit, L50, F, shiny|
|poke|p2|Staraptor, L50, M|
|poke|p2|Arcanine-Hisui, L50, M|
|poke|p2|Kingambit, L50, F|
|poke|p2|Raichu, L50, M|
|poke|p2|Farigiraf, L50, F|
|poke|p2|Sylveon, L50, M|
|teampreview|4
|showteam|p1|Staraptor||Staraptite|Intimidate|Protect,Roost,CloseCombat,BraveBird|Jolly||F|||50|]Garchomp||LifeOrb|RoughSkin|Protect,RockSlide,Earthquake,DragonClaw|Jolly||M|||50|]Whimsicott||OccaBerry|Prankster|Moonblast,Tailwind,Charm,LightScreen|Timid||F|||50|]Delphox||Delphoxite|Magician|Protect,Psychic,HeatWave,Substitute|Modest||M|||50|]Glimmora||FocusSash|ToxicDebris|SpikyShield,EarthPower,PowerGem,SludgeBomb|Timid||F|||50|]Kingambit||ChopleBerry|Defiant|KowtowCleave,IronHead,SuckerPunch,LowKick|Adamant||F|||50|
|showteam|p2|Staraptor||Staraptite|Intimidate|BraveBird,CloseCombat,Tailwind,Protect|Jolly||M|||50|]Arcanine-Hisui||FocusSash|RockHead|FlareBlitz,HeadSmash,ExtremeSpeed,Protect|Jolly||M|||50|]Kingambit||LifeOrb|Defiant|KowtowCleave,SuckerPunch,SwordsDance,Protect|Adamant||F|||50|]Raichu||RaichuniteY|LightningRod|ZapCannon,FocusBlast,FakeOut,Protect|Timid||M|||50|]Farigiraf||SitrusBerry|ArmorTail|Psychic,HelpingHand,TrickRoom,Protect|Calm||F|||50|]Sylveon||FairyFeather|Pixilate|HyperVoice,HyperBeam,QuickAttack,Detect|Modest||M|||50|
|inactive|Battle timer is ON: inactive players will automatically lose when time's up. (requested by TheDark69420)
|inactive|testdigi has 60 seconds left.
|inactive|TheDark69420 has 60 seconds left.
|
|t:|1785248229
|teamsize|p1|4
|teamsize|p2|4
|start
|switch|p1a: Garchomp|Garchomp, L50, M|100/100
|switch|p1b: Glimmora|Glimmora, L50, F|100/100
|switch|p2a: Raichu|Raichu, L50, M|100/100
|switch|p2b: Farigiraf|Farigiraf, L50, F|100/100
|turn|1
|
|t:|1785248252
|move|p2a: Raichu|Protect|p2a: Raichu
|-singleturn|p2a: Raichu|Protect
|move|p1a: Garchomp|Dragon Claw|p2b: Farigiraf
|-damage|p2b: Farigiraf|49/100
|-enditem|p2b: Farigiraf|Sitrus Berry|[eat]
|-heal|p2b: Farigiraf|74/100|[from] item: Sitrus Berry
|-damage|p1a: Garchomp|90/100|[from] item: Life Orb
|move|p1b: Glimmora|Earth Power|p2a: Raichu
|-activate|p2a: Raichu|move: Protect
|move|p2b: Farigiraf|Psychic|p1b: Glimmora
|-supereffective|p1b: Glimmora|1
|-damage|p1b: Glimmora|11/100
|-unboost|p1b: Glimmora|spd|1
|
|upkeep
|turn|2
|inactive|TheDark69420 has 30 seconds left.
|
|t:|1785248283
|switch|p2a: Arcanine|Arcanine-Hisui, L50, M|100/100
|move|p1b: Glimmora|Spiky Shield|p1b: Glimmora
|-singleturn|p1b: Glimmora|move: Protect
|move|p1a: Garchomp|Earthquake|p2b: Farigiraf|[spread] p2a,p2b
|-activate|p1b: Glimmora|move: Protect
|-supereffective|p2a: Arcanine|2
|-crit|p2a: Arcanine
|-enditem|p2a: Arcanine|Focus Sash
|-damage|p2a: Arcanine|1/100
|-damage|p2b: Farigiraf|24/100
|-damage|p1a: Garchomp|80/100|[from] item: Life Orb
|move|p2b: Farigiraf|Psychic|p1a: Garchomp
|-damage|p1a: Garchomp|44/100
|-unboost|p1a: Garchomp|spd|1
|
|upkeep
|turn|3
|inactive|testdigi has 30 seconds left.
|
|t:|1785248310
|move|p2b: Farigiraf|Protect|p2b: Farigiraf
|-singleturn|p2b: Farigiraf|Protect
|move|p2a: Arcanine|Extreme Speed|p1b: Glimmora
|-resisted|p1b: Glimmora|1
|-damage|p1b: Glimmora|0 fnt
|-activate|p1b: Glimmora|ability: Toxic Debris
|-sidestart|p2: TheDark69420|move: Toxic Spikes
|faint|p1b: Glimmora
|move|p1a: Garchomp|Rock Slide|p2a: Arcanine|[spread] p2a
|-activate|p2b: Farigiraf|move: Protect
|-supereffective|p2a: Arcanine|1
|-damage|p2a: Arcanine|0 fnt
|faint|p2a: Arcanine
|-damage|p1a: Garchomp|35/100|[from] item: Life Orb
|
|upkeep
|
|t:|1785248320
|switch|p2a: Raichu|Raichu, L50, M|100/100
|switch|p1b: Staraptor|Staraptor, L50, F|100/100
|-status|p2a: Raichu|psn
|-ability|p1b: Staraptor|Intimidate|boost
|-unboost|p2a: Raichu|atk|1
|-unboost|p2b: Farigiraf|atk|1
|turn|4
|
|t:|1785248332
|detailschange|p2a: Raichu|Raichu-Mega-Y, L50, M
|-mega|p2a: Raichu|Raichu|Raichunite Y
|move|p1a: Garchomp|Protect|p1a: Garchomp
|-singleturn|p1a: Garchomp|Protect
|move|p1b: Staraptor|Protect|p1b: Staraptor
|-singleturn|p1b: Staraptor|Protect
|move|p2a: Raichu|Focus Blast|p1a: Garchomp
|-activate|p1a: Garchomp|move: Protect
|move|p2b: Farigiraf|Psychic|p1b: Staraptor
|-activate|p1b: Staraptor|move: Protect
|
|-damage|p2a: Raichu|87/100 psn|[from] psn
|upkeep
|turn|5
|
|t:|1785248354
|detailschange|p1b: Staraptor|Staraptor-Mega, L50, F
|-mega|p1b: Staraptor|Staraptor|Staraptite
|move|p2a: Raichu|Focus Blast|p1a: Garchomp
|-damage|p1a: Garchomp|0 fnt
|faint|p1a: Garchomp
|move|p1b: Staraptor|Close Combat|p2a: Raichu
|-damage|p2a: Raichu|0 fnt
|-boost|p1b: Staraptor|def|1
|-boost|p1b: Staraptor|spd|1
|faint|p2a: Raichu
|move|p2b: Farigiraf|Psychic|p1b: Staraptor
|-supereffective|p1b: Staraptor|1
|-damage|p1b: Staraptor|52/100
|
|upkeep
|
|t:|1785248363
|switch|p2a: Kingambit|Kingambit, L50, F|100/100
|switch|p1a: Kingambit|Kingambit, L50, F, shiny|100/100
|turn|6
|
|t:|1785248372
|move|p1b: Staraptor|Roost|p1b: Staraptor
|-heal|p1b: Staraptor|100/100
|-singleturn|p1b: Staraptor|move: Roost
|move|p2b: Farigiraf|Psychic|p1b: Staraptor
|-supereffective|p1b: Staraptor|1
|-damage|p1b: Staraptor|48/100
|move|p1a: Kingambit|Low Kick|p2a: Kingambit
|-supereffective|p2a: Kingambit|2
|-damage|p2a: Kingambit|0 fnt
|faint|p2a: Kingambit
|
|upkeep
|turn|7
|-message|TheDark69420 forfeited.
|
|win|testdigi
|l|☆TheDark69420
|player|p2|
||TheDark69420 is ready for game 2.
||testdigi is ready for game 2.
|uhtml|next|Next: Game 2 of 3
