|j|☆flubberbut
|j|☆palle synchro
|html|flubberbutpalle synchro    
|uhtml|bestof|Game 2 of a best-of-3
|t:|1756995134
|gametype|doubles
|player|p1|flubberbut|benga|1256
|player|p2|palle synchro|volkner|1393
|gen|9
|tier|[Gen 9] VGC 2025 Reg H (Bo3)
|rated|
|rule|Species Clause: Limit one of each Pokémon
|rule|Item Clause: Limit 1 of each item
|clearpoke
|poke|p1|Gholdengo, L50|
|poke|p1|Dragonite, L50, M|
|poke|p1|Talonflame, L50, F|
|poke|p1|Ursaluna-Bloodmoon, L50, M|
|poke|p1|Dondozo, L50, F|
|poke|p1|Tatsugiri, L50, F|
|poke|p2|Whimsicott, L50, M|
|poke|p2|Arcanine-Hisui, L50, F|
|poke|p2|Indeedee, L50, M|
|poke|p2|Sneasler, L50, M|
|poke|p2|Ursaluna-Bloodmoon, L50, M|
|poke|p2|Archaludon, L50, F|
|teampreview|4
|showteam|p1|Gholdengo||ChoiceSpecs|GoodasGold|MakeItRain,PowerGem,ShadowBall,DazzlingGleam||||||50|,,,,,Fairy]Dragonite||ChoiceBand|InnerFocus|ExtremeSpeed,Outrage,LowKick,Earthquake|||M|||50|,,,,,Normal]Talonflame||ClearAmulet|GaleWings|Tailwind,FlareBlitz,BraveBird,WillOWisp|||F|||50|,,,,,Ghost]Ursaluna-Bloodmoon||LifeOrb|MindsEye|HyperVoice,EarthPower,BloodMoon,Protect|||M|||50|,,,,,Normal]Dondozo||SafetyGoggles|Unaware|Protect,WaveCrash,OrderUp,Earthquake|||F|||50|,,,,,Ghost]Tatsugiri||FocusSash|Commander|DracoMeteor,MuddyWater,Protect,MirrorCoat|||F|||50|,,,,,Fairy
|showteam|p2|Whimsicott||CovertCloak|Prankster|Moonblast,Taunt,Tailwind,FakeTears|||M|||50|,,,,,Water]Arcanine-Hisui||ClearAmulet|Intimidate|RockBlast,FlareBlitz,TeraBlast,Protect|||F|||50|,,,,,Grass]Indeedee||FocusSash|PsychicSurge|ExpandingForce,TeraBlast,Imprison,TrickRoom|||M|||50|,,,,,Psychic]Sneasler||PsychicSeed|Unburden|CloseCombat,DireClaw,ThroatChop,Protect|||M|||50|,,,,,Dark]Ursaluna-Bloodmoon||LifeOrb|MindsEye|HyperVoice,BloodMoon,EarthPower,Protect|||M|||50|,,,,,Normal]Archaludon||PowerHerb|Stalwart|ElectroShot,DragonPulse,Thunderbolt,Protect|||F|||50|,,,,,Electric
|inactive|Battle timer is ON: inactive players will automatically lose when time's up. (requested by palle synchro)
|
|t:|1756995143
|teamsize|p1|4
|teamsize|p2|4
|start
|switch|p1a: Talonflame|Talonflame, L50, F, shiny|100/100
|switch|p1b: Dondozo|Dondozo, L50, F|100/100
|switch|p2a: Whimsicott|Whimsicott, L50, M|100/100
|switch|p2b: Archaludon|Archaludon, L50, F|100/100
|turn|1
|
|t:|1756995164
|move|p1b: Dondozo|Protect|p1b: Dondozo
|-singleturn|p1b: Dondozo|Protect
|move|p1a: Talonflame|Brave Bird|p2a: Whimsicott
|-supereffective|p2a: Whimsicott
|-damage|p2a: Whimsicott|0 fnt
|faint|p2a: Whimsicott
|-damage|p1a: Talonflame|67/100|[from] Recoil
|move|p2b: Archaludon|Electro Shot||[still]
|-prepare|p2b: Archaludon|Electro Shot
|-boost|p2b: Archaludon|spa|1
|-enditem|p2b: Archaludon|Power Herb
|-anim|p2b: Archaludon|Electro Shot|p1a: Talonflame
|-supereffective|p1a: Talonflame
|-damage|p1a: Talonflame|0 fnt
|faint|p1a: Talonflame
|
|upkeep
|
|t:|1756995171
|switch|p1a: Gholdengo|Gholdengo, L50|100/100
|switch|p2a: Sneasler|Sneasler, L50, M|100/100
|turn|2
|
|t:|1756995184
|switch|p1a: Tatsugiri|Tatsugiri, L50, F, shiny|100/100
|-activate|p1a: Tatsugiri|ability: Commander|[of] p1b: Dondozo
|-boost|p1b: Dondozo|atk|2
|-boost|p1b: Dondozo|spa|2
|-boost|p1b: Dondozo|spe|2
|-boost|p1b: Dondozo|def|2
|-boost|p1b: Dondozo|spd|2
|-terastallize|p2b: Archaludon|Electric
|-terastallize|p1b: Dondozo|Ghost
|move|p2a: Sneasler|Dire Claw|p1b: Dondozo
|-resisted|p1b: Dondozo
|-damage|p1b: Dondozo|93/100
|-status|p1b: Dondozo|psn
|move|p1b: Dondozo|Earthquake|p2b: Archaludon|[spread] p2a,p2b
|-miss|p1b: Dondozo|p1a: Tatsugiri
|-supereffective|p2a: Sneasler
|-supereffective|p2b: Archaludon
|-damage|p2a: Sneasler|0 fnt
|-damage|p2b: Archaludon|20/100
|faint|p2a: Sneasler
|move|p2b: Archaludon|Thunderbolt|p1b: Dondozo
|-damage|p1b: Dondozo|65/100 psn
|
|-damage|p1b: Dondozo|53/100 psn|[from] psn
|upkeep
|
|t:|1756995200
|switch|p2a: Indeedee|Indeedee, L50, M|100/100
|-fieldstart|move: Psychic Terrain|[from] ability: Psychic Surge|[of] p2a: Indeedee
|turn|3
|
|t:|1756995205
|move|p2b: Archaludon|Protect|p2b: Archaludon
|-singleturn|p2b: Archaludon|Protect
|move|p2a: Indeedee|Expanding Force|p1b: Dondozo|[spread] p1b
|-miss|p2a: Indeedee|p1a: Tatsugiri
|-damage|p1b: Dondozo|25/100 psn
|move|p1b: Dondozo|Earthquake|p2b: Archaludon|[spread] p2a
|-miss|p1b: Dondozo|p1a: Tatsugiri
|-activate|p2b: Archaludon|move: Protect
|-enditem|p2a: Indeedee|Focus Sash
|-damage|p2a: Indeedee|1/100
|
|-damage|p1b: Dondozo|13/100 psn|[from] psn
|upkeep
|turn|4
|
|t:|1756995217
|move|p1b: Dondozo|Protect|p1b: Dondozo
|-singleturn|p1b: Dondozo|Protect
|move|p2a: Indeedee|Expanding Force|p1b: Dondozo|[spread] 
|-miss|p2a: Indeedee|p1a: Tatsugiri
|-activate|p1b: Dondozo|move: Protect
|move|p2b: Archaludon|Thunderbolt|p1b: Dondozo
|-activate|p1b: Dondozo|move: Protect
|
|-damage|p1b: Dondozo|1/100 psn|[from] psn
|upkeep
|turn|5
|
|t:|1756995220
|move|p1b: Dondozo|Protect|p1b: Dondozo
|-singleturn|p1b: Dondozo|Protect
|move|p2a: Indeedee|Expanding Force|p1a: Tatsugiri|[spread] 
|-miss|p2a: Indeedee|p1a: Tatsugiri
|-activate|p1b: Dondozo|move: Protect
|move|p2b: Archaludon|Thunderbolt|p1b: Dondozo
|-activate|p1b: Dondozo|move: Protect
|
|-damage|p1b: Dondozo|0 fnt|[from] psn
|faint|p1b: Dondozo
|upkeep
|
|t:|1756995222
|switch|p1b: Gholdengo|Gholdengo, L50|100/100
|turn|6
|
|t:|1756995230
|move|p2a: Indeedee|Expanding Force|p1a: Tatsugiri|[spread] p1a,p1b
|-resisted|p1b: Gholdengo
|-damage|p1a: Tatsugiri|37/100
|-damage|p1b: Gholdengo|70/100
|move|p1b: Gholdengo|Make It Rain|p2b: Archaludon|[spread] p2a,p2b
|-resisted|p2b: Archaludon
|-damage|p2a: Indeedee|0 fnt
|-damage|p2b: Archaludon|0 fnt
|-unboost|p1b: Gholdengo|spa|1
|faint|p2a: Indeedee
|faint|p2b: Archaludon
|
|win|flubberbut
|raw|flubberbut's rating: 1256 → 1290(+34 for winning)
|raw|palle synchro's rating: 1393 → 1365(-28 for losing)
