|j|☆SurfinSamurott
|j|☆ShedinjaTaxFraud
|html|SurfinSamurottShedinjaTaxFraud    
|uhtml|bestof|Game 3 of a best-of-3
|t:|1755561282
|gametype|doubles
|player|p1|SurfinSamurott|hassel|1185
|player|p2|ShedinjaTaxFraud|aquasuit|1271
|gen|9
|tier|[Gen 9] VGC 2025 Reg H (Bo3)
|rated|
|rule|Species Clause: Limit one of each Pokémon
|rule|Item Clause: Limit 1 of each item
|clearpoke
|poke|p1|Whimsicott, L50, F|
|poke|p1|Typhlosion-Hisui, L50, F|
|poke|p1|Ursaluna-Bloodmoon, L50, M|
|poke|p1|Electabuzz, L50, M|
|poke|p1|Rillaboom, L50, M|
|poke|p1|Sneasler, L50, F|
|poke|p2|Gholdengo, L50|
|poke|p2|Sneasler, L50, M|
|poke|p2|Rillaboom, L50, F|
|poke|p2|Dragonite, L50, M|
|poke|p2|Ninetales-Alola, L50, M|
|poke|p2|Arcanine-Hisui, L50, F|
|teampreview|4
|showteam|p1|Whimsicott||FocusSash|Prankster|Moonblast,Tailwind,SunnyDay,Protect|||F|||50|,,,,,Ghost]Typhlosion-Hisui||ChoiceSpecs|Blaze|Eruption,HeatWave,ShadowBall,Overheat|||F|||50|,,,,,Fire]Ursaluna-Bloodmoon||AssaultVest|MindsEye|BloodMoon,EarthPower,HyperVoice,VacuumWave|||M|||50|,,,,,Water]Electabuzz||Eviolite|VitalSpirit|Electroweb,Taunt,FollowMe,Protect|||M|||50|,,,,,Dragon]Rillaboom||MeadowPlate|GrassySurge|WoodHammer,GrassyGlide,HighHorsepower,Protect|||M|||50|,,,,,Grass]Sneasler||GrassySeed|Unburden|CloseCombat,DireClaw,RockSlide,Protect|||F|||50|,,,,,Stellar
|showteam|p2|Gholdengo||GrassySeed|GoodasGold|NastyPlot,MakeItRain,ShadowBall,Protect||||||50|,,,,,Water]Sneasler||WhiteHerb|Unburden|CloseCombat,DireClaw,Coaching,Protect|||M|||50|,,,,,Ghost]Rillaboom||AssaultVest|GrassySurge|FakeOut,GrassyGlide,DrumBeating,HighHorsepower|||F|||50|,,,,,Fire]Dragonite||LoadedDice|Multiscale|ScaleShot,StompingTantrum,Tailwind,Protect|||M|||50|,,,,,Ground]Ninetales-Alola||FocusSash|SnowWarning|Blizzard,IcyWind,Encore,AuroraVeil|||M|||50|,,,,,Ghost]Arcanine-Hisui||ClearAmulet|Intimidate|RockSlide,FlareBlitz,ExtremeSpeed,Protect|||F|||50|,,,,,Water
|inactive|Battle timer is ON: inactive players will automatically lose when time's up. (requested by ShedinjaTaxFraud)
|
|t:|1755561296
|teamsize|p1|4
|teamsize|p2|4
|start
|switch|p1a: Electabuzz|Electabuzz, L50, M|100/100
|switch|p1b: Ursaluna|Ursaluna-Bloodmoon, L50, M|100/100
|switch|p2a: Gholdengo|Gholdengo, L50|100/100
|switch|p2b: Rillaboom|Rillaboom, L50, F|100/100
|-fieldstart|move: Grassy Terrain|[from] ability: Grassy Surge|[of] p2b: Rillaboom
|-enditem|p2a: Gholdengo|Grassy Seed
|-boost|p2a: Gholdengo|def|1|[from] item: Grassy Seed
|turn|1
|inactive|SurfinSamurott has 30 seconds left.
|
|t:|1755561323
|move|p2b: Rillaboom|Fake Out|p1b: Ursaluna
|-damage|p1b: Ursaluna|92/100
|move|p1a: Electabuzz|Electroweb|p2b: Rillaboom|[spread] p2a,p2b
|-resisted|p2b: Rillaboom
|-damage|p2a: Gholdengo|87/100
|-damage|p2b: Rillaboom|95/100
|-unboost|p2a: Gholdengo|spe|1
|-unboost|p2b: Rillaboom|spe|1
|move|p2a: Gholdengo|Nasty Plot|p2a: Gholdengo
|-boost|p2a: Gholdengo|spa|2
|cant|p1b: Ursaluna|flinch
|
|-heal|p2b: Rillaboom|100/100|[from] Grassy Terrain
|-heal|p2a: Gholdengo|94/100|[from] Grassy Terrain
|-heal|p1b: Ursaluna|98/100|[from] Grassy Terrain
|upkeep
|turn|2
|
|t:|1755561344
|move|p2a: Gholdengo|Protect|p2a: Gholdengo
|-singleturn|p2a: Gholdengo|Protect
|move|p1a: Electabuzz|Electroweb|p2b: Rillaboom|[spread] p2b
|-activate|p2a: Gholdengo|move: Protect
|-resisted|p2b: Rillaboom
|-damage|p2b: Rillaboom|94/100
|-unboost|p2b: Rillaboom|spe|1
|move|p1b: Ursaluna|Blood Moon|p2b: Rillaboom
|-damage|p2b: Rillaboom|33/100
|move|p2b: Rillaboom|Drum Beating|p1b: Ursaluna
|-supereffective|p1b: Ursaluna
|-crit|p1b: Ursaluna
|-damage|p1b: Ursaluna|0 fnt
|faint|p1b: Ursaluna
|
|-heal|p2a: Gholdengo|99/100|[from] Grassy Terrain
|-heal|p2b: Rillaboom|39/100|[from] Grassy Terrain
|upkeep
|
|t:|1755561357
|switch|p1b: Typhlosion|Typhlosion-Hisui, L50, F|100/100
|turn|3
|
|t:|1755561370
|switch|p2b: Arcanine|Arcanine-Hisui, L50, F|100/100
|-ability|p2b: Arcanine|Intimidate|boost
|-unboost|p1a: Electabuzz|atk|1
|-unboost|p1b: Typhlosion|atk|1
|-terastallize|p1b: Typhlosion|Fire
|-terastallize|p2a: Gholdengo|Water
|move|p1a: Electabuzz|Follow Me|p1a: Electabuzz
|-singleturn|p1a: Electabuzz|move: Follow Me
|move|p1b: Typhlosion|Heat Wave|p2b: Arcanine|[spread] p2a,p2b
|-resisted|p2a: Gholdengo
|-resisted|p2b: Arcanine
|-damage|p2a: Gholdengo|64/100
|-damage|p2b: Arcanine|78/100
|move|p2a: Gholdengo|Make It Rain|p1b: Typhlosion|[spread] p1a,p1b
|-resisted|p1a: Electabuzz
|-resisted|p1b: Typhlosion
|-damage|p1a: Electabuzz|62/100
|-damage|p1b: Typhlosion|42/100
|-unboost|p2a: Gholdengo|spa|1
|
|-heal|p1a: Electabuzz|68/100|[from] Grassy Terrain
|-heal|p1b: Typhlosion|48/100|[from] Grassy Terrain
|-heal|p2b: Arcanine|84/100|[from] Grassy Terrain
|-heal|p2a: Gholdengo|70/100|[from] Grassy Terrain
|upkeep
|turn|4
|
|t:|1755561395
|switch|p1b: Whimsicott|Whimsicott, L50, F|100/100
|move|p2a: Gholdengo|Protect|p2a: Gholdengo
|-singleturn|p2a: Gholdengo|Protect
|move|p1a: Electabuzz|Electroweb|p2a: Gholdengo|[spread] p2b
|-activate|p2a: Gholdengo|move: Protect
|-damage|p2b: Arcanine|66/100
|move|p2b: Arcanine|Rock Slide|p1b: Whimsicott|[spread] p1a,p1b
|-damage|p1a: Electabuzz|39/100
|-damage|p1b: Whimsicott|58/100
|
|-heal|p1b: Whimsicott|64/100|[from] Grassy Terrain
|-heal|p1a: Electabuzz|45/100|[from] Grassy Terrain
|-heal|p2b: Arcanine|72/100|[from] Grassy Terrain
|-heal|p2a: Gholdengo|77/100|[from] Grassy Terrain
|upkeep
|turn|5
|
|t:|1755561411
|move|p1b: Whimsicott|Moonblast|p2a: Gholdengo
|-damage|p2a: Gholdengo|40/100
|move|p1a: Electabuzz|Electroweb|p2a: Gholdengo|[spread] p2a,p2b
|-supereffective|p2a: Gholdengo
|-damage|p2a: Gholdengo|14/100
|-damage|p2b: Arcanine|56/100
|-unboost|p2a: Gholdengo|spe|1
|move|p2b: Arcanine|Flare Blitz|p1a: Electabuzz
|-damage|p1a: Electabuzz|0 fnt
|faint|p1a: Electabuzz
|-damage|p2b: Arcanine|43/100|[from] Recoil
|move|p2a: Gholdengo|Make It Rain|p1b: Whimsicott
|-supereffective|p1b: Whimsicott
|-damage|p1b: Whimsicott|0 fnt
|-unboost|p2a: Gholdengo|spa|1
|faint|p1b: Whimsicott
|
|-heal|p2b: Arcanine|48/100|[from] Grassy Terrain
|-heal|p2a: Gholdengo|20/100|[from] Grassy Terrain
|-fieldend|move: Grassy Terrain
|upkeep
|
|t:|1755561417
|switch|p1a: Typhlosion|Typhlosion-Hisui, L50, F, tera:Fire|48/100
|turn|6
|
|t:|1755561421
|move|p2b: Arcanine|Extreme Speed|p1a: Typhlosion
|-damage|p1a: Typhlosion|12/100
|move|p1a: Typhlosion|Heat Wave|p2a: Gholdengo|[spread] p2a,p2b
|-resisted|p2a: Gholdengo
|-resisted|p2b: Arcanine
|-damage|p2a: Gholdengo|0 fnt
|-damage|p2b: Arcanine|17/100
|faint|p2a: Gholdengo
|
|upkeep
|
|t:|1755561423
|switch|p2a: Rillaboom|Rillaboom, L50, F|39/100
|-fieldstart|move: Grassy Terrain|[from] ability: Grassy Surge|[of] p2a: Rillaboom
|turn|7
|
|t:|1755561427
|move|p2b: Arcanine|Extreme Speed|p1a: Typhlosion
|-damage|p1a: Typhlosion|0 fnt
|faint|p1a: Typhlosion
|
|win|ShedinjaTaxFraud
|raw|SurfinSamurott's rating: 1185 → 1166(-19 for losing)
|raw|ShedinjaTaxFraud's rating: 1271 → 1290(+19 for winning)
