|j|☆I am the Sweeper
|j|☆pinkey569
|html|I am the Sweeperpinkey569    
|uhtml|bestof|Game 2 of a best-of-3
|t:|1756756220
|gametype|doubles
|player|p1|I am the Sweeper|janitor|
|player|p2|pinkey569|170|
|gen|9
|tier|[Gen 9] VGC 2025 Reg H (Bo3)
|rule|Species Clause: Limit one of each Pokémon
|rule|Item Clause: Limit 1 of each item
|clearpoke
|poke|p1|Maushold, L50|
|poke|p1|Annihilape, L50, M|
|poke|p1|Grimmsnarl, L50, M|
|poke|p1|Gholdengo, L50|
|poke|p1|Dragonite, L50, M|
|poke|p1|Garchomp, L50, M|
|poke|p2|Tyranitar, L50, F|
|poke|p2|Dragonite, L50, M|
|poke|p2|Excadrill, L50, M|
|poke|p2|Volcarona, L50, F|
|poke|p2|Kilowattrel, L50, M|
|poke|p2|Indeedee, L50, M|
|teampreview|4
|showteam|p1|Maushold||WideLens|FriendGuard|PopulationBomb,BeatUp,Protect,FollowMe||||||50|,,,,,Ghost]Annihilape||SafetyGoggles|Defiant|RageFist,DrainPunch,Protect,BulkUp|||M|||50|,,,,,Fire]Grimmsnarl||LightClay|Prankster|ThunderWave,LightScreen,SpiritBreak,Reflect|||M|||50|,,,,,Ghost]Gholdengo||Leftovers|GoodasGold|MakeItRain,ShadowBall,Protect,NastyPlot||||||50|,,,,,Water]Dragonite||LoadedDice|Multiscale|ScaleShot,Tailwind,Protect,Haze|||M|||50|,,,,,Fairy]Garchomp||LifeOrb|RoughSkin|StompingTantrum,Earthquake,Protect,DragonClaw|||M|||50|,,,,,Ground
|showteam|p2|Tyranitar||AssaultVest|SandStream|RockSlide,KnockOff,TeraBlast,LowKick|||F|||50|,,,,,Flying]Dragonite||LoadedDice|Multiscale|Protect,ThunderWave,Haze,ScaleShot|||M|||50|,,,,,Fairy]Excadrill||LifeOrb|SandRush|Protect,Earthquake,IronHead,TeraBlast|||M|||50|,,,,,Fairy]Volcarona||SitrusBerry|FlameBody|Tailwind,RagePowder,Overheat,StruggleBug|||F|||50|,,,,,Grass]Kilowattrel||ChoiceSpecs|Competitive|Thunderbolt,Discharge,AirSlash,WeatherBall|||M|||50|,,,,,Ghost]Indeedee||FocusSash|PsychicSurge|TrickRoom,Imprison,ExpandingForce,TeraBlast|||M|||50|,,,,,Fighting
|
|t:|1756756475
|teamsize|p1|4
|teamsize|p2|4
|start
|switch|p1a: Maushold|Maushold, L50|100/100
|switch|p1b: Annihilape|Annihilape, L50, M|100/100
|switch|p2a: Volcarona|Volcarona, L50, F|100/100
|switch|p2b: Dragonite|Dragonite, L50, M|100/100
|turn|1
|
|t:|1756756539
|move|p2a: Volcarona|Rage Powder|p2a: Volcarona
|-singleturn|p2a: Volcarona|move: Rage Powder
|move|p1a: Maushold|Population Bomb|p2a: Volcarona
|-damage|p2a: Volcarona|91/100
|-damage|p2a: Volcarona|82/100
|-damage|p2a: Volcarona|72/100
|-damage|p2a: Volcarona|64/100
|-status|p1a: Maushold|brn|[from] ability: Flame Body|[of] p2a: Volcarona
|-damage|p2a: Volcarona|59/100
|-damage|p2a: Volcarona|55/100
|-damage|p2a: Volcarona|50/100
|-enditem|p2a: Volcarona|Sitrus Berry|[eat]
|-heal|p2a: Volcarona|75/100|[from] item: Sitrus Berry
|-damage|p2a: Volcarona|70/100
|-damage|p2a: Volcarona|66/100
|-damage|p2a: Volcarona|62/100
|-hitcount|p2a: Volcarona|10
|move|p1b: Annihilape|Bulk Up|p1b: Annihilape
|-boost|p1b: Annihilape|atk|1
|-boost|p1b: Annihilape|def|1
|move|p2b: Dragonite|Scale Shot|p1a: Maushold
|-damage|p1a: Maushold|76/100 brn
|-damage|p1a: Maushold|53/100 brn
|-damage|p1a: Maushold|32/100 brn
|-damage|p1a: Maushold|10/100 brn
|-damage|p1a: Maushold|0 fnt
|faint|p1a: Maushold
|-hitcount|p1: Maushold|5
|-unboost|p2b: Dragonite|def|1
|-boost|p2b: Dragonite|spe|1
|
|upkeep
|
|t:|1756756592
|switch|p1a: Dragonite|Dragonite, L50, M|100/100
|turn|2
|
|t:|1756756659
|-terastallize|p2b: Dragonite|Fairy
|-terastallize|p1a: Dragonite|Fairy
|move|p1b: Annihilape|Protect|p1b: Annihilape
|-singleturn|p1b: Annihilape|Protect
|move|p2a: Volcarona|Rage Powder|p2a: Volcarona
|-singleturn|p2a: Volcarona|move: Rage Powder
|move|p2b: Dragonite|Thunder Wave|p1b: Annihilape
|-activate|p1b: Annihilape|move: Protect
|move|p1a: Dragonite|Tailwind|p1a: Dragonite
|-sidestart|p1: I am the Sweeper|move: Tailwind
|
|upkeep
|turn|3
|
|t:|1756756717
|move|p2a: Volcarona|Rage Powder|p2a: Volcarona
|-singleturn|p2a: Volcarona|move: Rage Powder
|move|p1b: Annihilape|Rage Fist|p2b: Dragonite
|-damage|p2b: Dragonite|77/100
|move|p1a: Dragonite|Scale Shot|p2a: Volcarona
|-damage|p2a: Volcarona|46/100
|-damage|p2a: Volcarona|27/100
|-damage|p2a: Volcarona|11/100
|-damage|p2a: Volcarona|0 fnt
|faint|p2a: Volcarona
|-hitcount|p2: Volcarona|4
|-unboost|p1a: Dragonite|def|1
|-boost|p1a: Dragonite|spe|1
|move|p2b: Dragonite|Thunder Wave|p1b: Annihilape
|-status|p1b: Annihilape|par
|
|upkeep
|
|t:|1756756759
|switch|p2a: Tyranitar|Tyranitar, L50, F|100/100
|-weather|Sandstorm|[from] ability: Sand Stream|[of] p2a: Tyranitar
|turn|4
|
|t:|1756756790
|move|p1a: Dragonite|Scale Shot|p2a: Tyranitar
|-damage|p2a: Tyranitar|88/100
|-damage|p2a: Tyranitar|76/100
|-damage|p2a: Tyranitar|63/100
|-damage|p2a: Tyranitar|50/100
|-hitcount|p2a: Tyranitar|4
|-unboost|p1a: Dragonite|def|1
|-boost|p1a: Dragonite|spe|1
|move|p2b: Dragonite|Haze|p2b: Dragonite
|-clearallboost
|move|p1b: Annihilape|Drain Punch|p2a: Tyranitar
|-supereffective|p2a: Tyranitar
|-damage|p2a: Tyranitar|0 fnt
|faint|p2a: Tyranitar
|
|-weather|Sandstorm|[upkeep]
|-damage|p1a: Dragonite|95/100|[from] Sandstorm
|-damage|p2b: Dragonite|71/100|[from] Sandstorm
|upkeep
|
|t:|1756756803
|switch|p2a: Excadrill|Excadrill, L50, M|100/100
|turn|5
|
|t:|1756756833
|move|p2a: Excadrill|Protect|p2a: Excadrill
|-singleturn|p2a: Excadrill|Protect
|move|p1a: Dragonite|Protect|p1a: Dragonite
|-singleturn|p1a: Dragonite|Protect
|cant|p1b: Annihilape|par
|move|p2b: Dragonite|Thunder Wave|p1a: Dragonite
|-activate|p1a: Dragonite|move: Protect
|
|-weather|Sandstorm|[upkeep]
|-damage|p1a: Dragonite|89/100|[from] Sandstorm
|-damage|p2b: Dragonite|65/100|[from] Sandstorm
|-sideend|p1: I am the Sweeper|move: Tailwind
|upkeep
|turn|6
|
|t:|1756756873
|move|p2a: Excadrill|Earthquake|p1a: Dragonite|[spread] p2b,p1a,p1b
|-damage|p2b: Dragonite|7/100
|-damage|p1a: Dragonite|26/100
|-damage|p1b: Annihilape|48/100 par
|-damage|p2a: Excadrill|91/100|[from] item: Life Orb
|move|p1a: Dragonite|Scale Shot|p2a: Excadrill
|-resisted|p2a: Excadrill
|-damage|p2a: Excadrill|81/100
|-resisted|p2a: Excadrill
|-damage|p2a: Excadrill|70/100
|-resisted|p2a: Excadrill
|-damage|p2a: Excadrill|60/100
|-resisted|p2a: Excadrill
|-damage|p2a: Excadrill|50/100
|-resisted|p2a: Excadrill
|-damage|p2a: Excadrill|40/100
|-hitcount|p2a: Excadrill|5
|-unboost|p1a: Dragonite|def|1
|-boost|p1a: Dragonite|spe|1
|move|p2b: Dragonite|Scale Shot|p1b: Annihilape
|-damage|p1b: Annihilape|35/100 par
|-damage|p1b: Annihilape|21/100 par
|-damage|p1b: Annihilape|7/100 par
|-damage|p1b: Annihilape|0 fnt
|faint|p1b: Annihilape
|-hitcount|p1: Annihilape|4
|-unboost|p2b: Dragonite|def|1
|-boost|p2b: Dragonite|spe|1
|
|-weather|Sandstorm|[upkeep]
|-damage|p1a: Dragonite|20/100|[from] Sandstorm
|-damage|p2b: Dragonite|0 fnt|[from] Sandstorm
|faint|p2b: Dragonite
|upkeep
|
|t:|1756756902
|switch|p1b: Garchomp|Garchomp, L50, M|100/100
|turn|7
|
|t:|1756756933
|move|p2a: Excadrill|Earthquake|p1a: Dragonite|[spread] p1a,p1b
|-damage|p1a: Dragonite|0 fnt
|-damage|p1b: Garchomp|46/100
|faint|p1a: Dragonite
|-damage|p2a: Excadrill|30/100|[from] item: Life Orb
|move|p1b: Garchomp|Earthquake|p2a: Excadrill
|-supereffective|p2a: Excadrill
|-damage|p2a: Excadrill|0 fnt
|faint|p2a: Excadrill
|-damage|p1b: Garchomp|37/100|[from] item: Life Orb
|
|win|I am the Sweeper
|inactive|I am the Sweeper has 30 seconds to confirm battle start!
|inactive|pinkey569 has 30 seconds to confirm battle start!
||I am the Sweeper is ready for game 3.
||pinkey569 is ready for game 3.
|uhtml|next|Next: Game 3 of 3
