|j|☆precisiondepicasso
|j|☆Aeon_Twins
|html|precisiondepicassoAeon_Twins    
|uhtml|bestof|Game 2 of a best-of-3
|t:|1782419087
|gametype|doubles
|player|p1|precisiondepicasso|cyclistf-gen4|1195
|player|p2|Aeon_Twins|n|1270
|gen|9
|tier|[Gen 9 Champions] VGC 2026 Reg M-B (Bo3)
|rated|
|rule|Species Clause: Limit one of each Pokémon
|rule|Item Clause: Limit 1 of each item
|clearpoke
|poke|p1|Aerodactyl, L50, M|
|poke|p1|Garchomp, L50, M|
|poke|p1|Kingambit, L50, F|
|poke|p1|Charizard, L50, F|
|poke|p1|Sylveon, L50, M|
|poke|p1|Farigiraf, L50, F|
|poke|p2|Raichu, L50, F|
|poke|p2|Mawile, L50, M|
|poke|p2|Sinistcha, L50|
|poke|p2|Ceruledge, L50, F|
|poke|p2|Milotic, L50, M|
|poke|p2|Incineroar, L50, M|
|teampreview|4
|showteam|p1|Aerodactyl||Aerodactylite|Unnerve|IceFang,RockSlide,Tailwind,DualWingbeat|Jolly||M|||50|]Garchomp||LifeOrb|RoughSkin|DragonClaw,StompingTantrum,Earthquake,Protect|Jolly||M|||50|]Kingambit||FocusSash|Defiant|SuckerPunch,KowtowCleave,IronHead,LowKick|Adamant||F|||50|]Charizard||CharizarditeY|Blaze|Protect,WeatherBall,HeatWave,SolarBeam|Modest||F|||50|]Sylveon||FairyFeather|Pixilate|Protect,HyperVoice,HyperBeam,QuickAttack|Modest||M|||50|]Farigiraf||SitrusBerry|ArmorTail|TrickRoom,Thunderbolt,Roar,TwinBeam|Bold||F|||50|
|showteam|p2|Raichu||RaichuniteY|LightningRod|ZapCannon,FocusBlast,FakeOut,Protect|Timid||F|||50|]Mawile||Mawilite|HyperCutter|PlayRough,SuckerPunch,SwordsDance,Protect|Adamant||M|||50|]Sinistcha||KasibBerry|Hospitality|MatchaGotcha,LifeDew,RagePowder,Protect|Relaxed|||||50|]Ceruledge||ColburBerry|FlashFire|BitterBlade,ShadowSneak,BulkUp,Protect|Adamant||F|||50|]Milotic||Leftovers|Competitive|MuddyWater,Coil,Hypnosis,Protect|Calm||M|||50|]Incineroar||SitrusBerry|Intimidate|FlareBlitz,ThroatChop,FakeOut,PartingShot|Impish||M|||50|
|inactive|Battle timer is ON: inactive players will automatically lose when time's up. (requested by precisiondepicasso)
|inactive|precisiondepicasso has 60 seconds left.
|
|t:|1782419120
|teamsize|p1|4
|teamsize|p2|4
|start
|switch|p1a: Charizard|Charizard, L50, F|100/100
|switch|p1b: Kingambit|Kingambit, L50, F|100/100
|switch|p2a: Raichu|Raichu, L50, F|100/100
|switch|p2b: Milotic|Milotic, L50, M|100/100
|turn|1
|inactive|Aeon_Twins has 30 seconds left.
|inactive|Aeon_Twins has 20 seconds left.
|
|t:|1782419157
|move|p2a: Raichu|Protect|p2a: Raichu
|-singleturn|p2a: Raichu|Protect
|move|p1a: Charizard|Protect|p1a: Charizard
|-singleturn|p1a: Charizard|Protect
|move|p2b: Milotic|Protect|p2b: Milotic
|-singleturn|p2b: Milotic|Protect
|move|p1b: Kingambit|Kowtow Cleave|p2a: Raichu
|-activate|p2a: Raichu|move: Protect
|
|upkeep
|turn|2
|
|t:|1782419174
|switch|p1a: Garchomp|Garchomp, L50, M|100/100
|detailschange|p2a: Raichu|Raichu-Mega-Y, L50, F
|-mega|p2a: Raichu|Raichu|Raichunite Y
|move|p2a: Raichu|Zap Cannon|p1a: Garchomp
|-immune|p1a: Garchomp
|move|p2b: Milotic|Coil|p2b: Milotic
|-boost|p2b: Milotic|atk|1
|-boost|p2b: Milotic|def|1
|-boost|p2b: Milotic|accuracy|1
|move|p1b: Kingambit|Kowtow Cleave|p2a: Raichu
|-damage|p2a: Raichu|27/100
|
|upkeep
|turn|3
|
|t:|1782419196
|switch|p2a: Sinistcha|Sinistcha, L50|100/100
|switch|p1b: Charizard|Charizard, L50, F|100/100
|move|p1a: Garchomp|Earthquake|p2a: Sinistcha|[spread] p2a,p2b
|-immune|p1b: Charizard
|-resisted|p2a: Sinistcha|1
|-damage|p2a: Sinistcha|80/100
|-damage|p2b: Milotic|74/100
|-damage|p1a: Garchomp|90/100|[from] item: Life Orb
|move|p2b: Milotic|Hypnosis|p1b: Charizard
|-status|p1b: Charizard|slp|[from] move: Hypnosis
|
|-heal|p2b: Milotic|80/100|[from] item: Leftovers
|upkeep
|turn|4
|
|t:|1782419220
|detailschange|p1b: Charizard|Charizard-Mega-Y, L50, F
|-mega|p1b: Charizard|Charizard|Charizardite Y
|-weather|SunnyDay|[from] ability: Drought|[of] p1b: Charizard
|move|p1a: Garchomp|Earthquake|p2a: Sinistcha|[spread] p2a,p2b
|-immune|p1b: Charizard
|-resisted|p2a: Sinistcha|1
|-damage|p2a: Sinistcha|58/100
|-damage|p2b: Milotic|55/100
|-damage|p1a: Garchomp|80/100|[from] item: Life Orb
|cant|p1b: Charizard|slp
|move|p2b: Milotic|Muddy Water|p1b: Charizard|[spread] p1a,p1b
|-supereffective|p1b: Charizard|1
|-damage|p1a: Garchomp|69/100
|-damage|p1b: Charizard|79/100 slp
|-unboost|p1a: Garchomp|accuracy|1
|-unboost|p1b: Charizard|accuracy|1
|move|p2a: Sinistcha|Matcha Gotcha|p1a: Garchomp|[spread] p1a,p1b
|-resisted|p1b: Charizard|2
|-damage|p1a: Garchomp|41/100
|-heal|p2a: Sinistcha|73/100|[from] drain|[of] p1a: Garchomp
|-damage|p1b: Charizard|73/100 slp
|-heal|p2a: Sinistcha|76/100|[from] drain|[of] p1b: Charizard
|
|-weather|SunnyDay|[upkeep]
|-heal|p2b: Milotic|61/100|[from] item: Leftovers
|upkeep
|turn|5
|inactive|precisiondepicasso has 30 seconds left.
|inactive|Aeon_Twins has 30 seconds left.
|
|t:|1782419249
|move|p2a: Sinistcha|Rage Powder|p2a: Sinistcha
|-singleturn|p2a: Sinistcha|move: Rage Powder
|move|p1a: Garchomp|Earthquake|p2b: Milotic|[spread] 
|-immune|p1b: Charizard
|-miss|p1a: Garchomp|p2a: Sinistcha
|-miss|p1a: Garchomp|p2b: Milotic
|-curestatus|p1b: Charizard|slp|[msg]
|move|p1b: Charizard|Heat Wave|p2b: Milotic|[spread] p2a,p2b
|-supereffective|p2a: Sinistcha|1
|-resisted|p2b: Milotic|1
|-damage|p2a: Sinistcha|0 fnt
|-damage|p2b: Milotic|41/100
|faint|p2a: Sinistcha
|move|p2b: Milotic|Hypnosis|p1a: Garchomp
|-status|p1a: Garchomp|slp|[from] move: Hypnosis
|
|-weather|SunnyDay|[upkeep]
|-heal|p2b: Milotic|47/100|[from] item: Leftovers
|upkeep
|
|t:|1782419259
|switch|p2a: Raichu|Raichu-Mega-Y, L50, F|27/100
|turn|6
|
|t:|1782419280
|move|p1b: Charizard|Protect|p1b: Charizard
|-singleturn|p1b: Charizard|Protect
|move|p2a: Raichu|Zap Cannon|p1b: Charizard
|-activate|p1b: Charizard|move: Protect
|cant|p1a: Garchomp|slp
|move|p2b: Milotic|Coil|p2b: Milotic
|-boost|p2b: Milotic|atk|1
|-boost|p2b: Milotic|def|1
|-boost|p2b: Milotic|accuracy|1
|
|-weather|SunnyDay|[upkeep]
|-heal|p2b: Milotic|52/100|[from] item: Leftovers
|upkeep
|turn|7
|
|t:|1782419293
|switch|p1b: Farigiraf|Farigiraf, L50, F|100/100
|move|p2a: Raichu|Zap Cannon|p1b: Farigiraf
|-damage|p1b: Farigiraf|42/100
|-status|p1b: Farigiraf|par
|-enditem|p1b: Farigiraf|Sitrus Berry|[eat]
|-heal|p1b: Farigiraf|67/100 par|[from] item: Sitrus Berry
|-curestatus|p1a: Garchomp|slp|[msg]
|move|p1a: Garchomp|Stomping Tantrum|p2a: Raichu
|-supereffective|p2a: Raichu|1
|-damage|p2a: Raichu|0 fnt
|faint|p2a: Raichu
|-damage|p1a: Garchomp|32/100|[from] item: Life Orb
|move|p2b: Milotic|Muddy Water|p1a: Garchomp|[spread] p1a,p1b
|-damage|p1a: Garchomp|20/100y
|-damage|p1b: Farigiraf|55/100 par
|
|-weather|SunnyDay|[upkeep]
|-heal|p2b: Milotic|58/100|[from] item: Leftovers
|upkeep
|
|t:|1782419304
|switch|p2a: Incineroar|Incineroar, L50, M|100/100
|-ability|p2a: Incineroar|Intimidate|boost
|-unboost|p1a: Garchomp|atk|1
|-unboost|p1b: Farigiraf|atk|1
|turn|8
|
|t:|1782419324
|move|p1a: Garchomp|Stomping Tantrum|p2a: Incineroar
|-supereffective|p2a: Incineroar|1
|-damage|p2a: Incineroar|53/100
|-damage|p1a: Garchomp|11/100|[from] item: Life Orb
|move|p2b: Milotic|Muddy Water|p1a: Garchomp|[spread] p1a,p1b
|-damage|p1a: Garchomp|0 fnt
|-damage|p1b: Farigiraf|45/100 par
|-unboost|p1b: Farigiraf|accuracy|1
|faint|p1a: Garchomp
|move|p2a: Incineroar|Throat Chop|p1b: Farigiraf
|-supereffective|p1b: Farigiraf|1
|-damage|p1b: Farigiraf|0 fnt
|faint|p1b: Farigiraf
|
|-weather|none
|-heal|p2b: Milotic|64/100|[from] item: Leftovers
|upkeep
|
|t:|1782419337
|switch|p1a: Charizard|Charizard-Mega-Y, L50, F|73/100
|switch|p1b: Kingambit|Kingambit, L50, F|100/100
|-weather|SunnyDay|[from] ability: Drought|[of] p1a: Charizard
|turn|9
|
|t:|1782419348
|move|p2b: Milotic|Protect|p2b: Milotic
|-singleturn|p2b: Milotic|Protect
|move|p1a: Charizard|Solar Beam||[still]
|-prepare|p1a: Charizard|Solar Beam
|-anim|p1a: Charizard|Solar Beam|p2b: Milotic
|-activate|p2b: Milotic|move: Protect
|move|p1b: Kingambit|Low Kick|p2a: Incineroar
|-supereffective|p2a: Incineroar|1
|-damage|p2a: Incineroar|10/100
|-enditem|p2a: Incineroar|Sitrus Berry|[eat]
|-heal|p2a: Incineroar|35/100|[from] item: Sitrus Berry
|move|p2a: Incineroar|Parting Shot|p1a: Charizard
|-unboost|p1a: Charizard|atk|1
|-unboost|p1a: Charizard|spa|1
|
|-weather|SunnyDay|[upkeep]
|-heal|p2b: Milotic|70/100|[from] item: Leftovers
|upkeep
|turn|10
|
|t:|1782419366
|move|p1a: Charizard|Solar Beam||[still]
|-prepare|p1a: Charizard|Solar Beam
|-anim|p1a: Charizard|Solar Beam|p2b: Milotic
|-supereffective|p2b: Milotic|1
|-damage|p2b: Milotic|32/100
|move|p2b: Milotic|Hypnosis|p1a: Charizard
|-status|p1a: Charizard|slp|[from] move: Hypnosis
|move|p1b: Kingambit|Low Kick|p2a: Incineroar
|-supereffective|p2a: Incineroar|1
|-damage|p2a: Incineroar|0 fnt
|faint|p2a: Incineroar
|
|-weather|SunnyDay|[upkeep]
|-heal|p2b: Milotic|38/100|[from] item: Leftovers
|upkeep
|turn|11
|
|t:|1782419387
|cant|p1a: Charizard|slp
|move|p2b: Milotic|Muddy Water|p1a: Charizard|[spread] p1a,p1b
|-supereffective|p1a: Charizard|1
|-damage|p1a: Charizard|51/100 slp
|-damage|p1b: Kingambit|88/100
|move|p1b: Kingambit|Kowtow Cleave|p2b: Milotic
|-damage|p2b: Milotic|15/100
|
|-weather|SunnyDay|[upkeep]
|-heal|p2b: Milotic|21/100|[from] item: Leftovers
|upkeep
|turn|12
|
|t:|1782419399
|-curestatus|p1a: Charizard|slp|[msg]
|move|p1a: Charizard|Solar Beam||[still]
|-prepare|p1a: Charizard|Solar Beam
|-anim|p1a: Charizard|Solar Beam|p2b: Milotic
|-supereffective|p2b: Milotic|1
|-damage|p2b: Milotic|0 fnt
|faint|p2b: Milotic
|
|win|precisiondepicasso
||Aeon_Twins is ready for game 3.
||precisiondepicasso is ready for game 3.
|uhtml|next|Next: Game 3 of 3
|l|☆Aeon_Twins
|player|p2|
