|j|☆ClefableBot
|j|☆sybaushowdown
|html|ClefableBotsybaushowdown    
|uhtml|bestof|Game 1 of a best-of-3
|t:|1782595046
|gametype|doubles
|player|p1|ClefableBot|koga|1212
|player|p2|sybaushowdown|170|1086
|gen|9
|tier|[Gen 9 Champions] VGC 2026 Reg M-B (Bo3)
|rated|
|rule|Species Clause: Limit one of each Pokémon
|rule|Item Clause: Limit 1 of each item
|clearpoke
|poke|p1|Floette-Eternal, L50, F|
|poke|p1|Aerodactyl, L50, M|
|poke|p1|Garchomp, L50, F|
|poke|p1|Incineroar, L50, M|
|poke|p1|Sinistcha-Masterpiece, L50|
|poke|p1|Maushold-Four, L50|
|poke|p2|Annihilape, L50, F|
|poke|p2|Whimsicott, L50, M|
|poke|p2|Archaludon, L50, M|
|poke|p2|Sinistcha, L50|
|poke|p2|Politoed, L50, F|
|poke|p2|Incineroar, L50, F|
|teampreview|4
|showteam|p1|Floette-Eternal||Floettite|FlowerVeil|Protect,DrainingKiss,Moonblast,CalmMind|Bold||F|||50|]Aerodactyl||Aerodactylite|Unnerve|Protect,Tailwind,DualWingbeat,RockSlide|Jolly||M|||50|]Garchomp||SitrusBerry|RoughSkin|Protect,DragonClaw,StompingTantrum,RockSlide|Adamant||F|||50|]Incineroar||PasshoBerry|Intimidate|FlareBlitz,PartingShot,ThroatChop,FakeOut|Impish||M|||50|]Sinistcha-Masterpiece||KasibBerry|Hospitality|Protect,RagePowder,MatchaGotcha,LifeDew|Bold|||||50|]Maushold-Four||FocusSash|FriendGuard|Protect,FollowMe,SuperFang,Feint|Timid|||||50|
|showteam|p2|Annihilape||LifeOrb|Defiant|Protect,RageFist,DrainPunch,RockSlide|Jolly||F|||50|]Whimsicott||FocusSash|Prankster|Tailwind,BeatUp,Moonblast,LightScreen|Modest||M|||50|]Archaludon||Leftovers|Stamina|Protect,DragonPulse,ElectroShot,FlashCannon|Timid||M|||50|]Sinistcha||OccaBerry|Hospitality|MatchaGotcha,RagePowder,Protect,LifeDew|Bold|||||50|]Politoed||SitrusBerry|Drizzle|Protect,WeatherBall,Encore,PerishSong|Calm||F|||50|]Incineroar||PasshoBerry|Intimidate|FakeOut,Protect,ThroatChop,PartingShot|Careful||F|||50|
|inactive|Battle timer is ON: inactive players will automatically lose when time's up. (requested by ClefableBot)
|inactive|ClefableBot has 60 seconds left.
|
|t:|1782595087
|teamsize|p1|4
|teamsize|p2|4
|start
|switch|p1a: Floette|Floette-Eternal, L50, F|100/100
|switch|p1b: Maushold|Maushold-Four, L50|100/100
|switch|p2a: Whimsicott|Whimsicott, L50, M|100/100
|switch|p2b: Annihilape|Annihilape, L50, F|100/100
|turn|1
|inactive|sybaushowdown has 30 seconds left.
|
|t:|1782595117
|detailschange|p1a: Floette|Floette-Mega, L50, F
|-mega|p1a: Floette|Floette|Floettite
|-ability|p1a: Floette|Fairy Aura
|move|p1b: Maushold|Follow Me|p1b: Maushold
|-singleturn|p1b: Maushold|move: Follow Me
|move|p2a: Whimsicott|Light Screen|p2a: Whimsicott
|-sidestart|p2: sybaushowdown|move: Light Screen
|move|p2b: Annihilape|Drain Punch|p1b: Maushold
|-supereffective|p1b: Maushold|1
|-enditem|p1b: Maushold|Focus Sash
|-damage|p1b: Maushold|1/100
|-damage|p2b: Annihilape|90/100|[from] item: Life Orb
|move|p1a: Floette|Calm Mind|p1a: Floette
|-boost|p1a: Floette|spa|1
|-boost|p1a: Floette|spd|1
|
|upkeep
|turn|2
|
|t:|1782595140
|move|p1b: Maushold|Protect|p1b: Maushold
|-singleturn|p1b: Maushold|Protect
|move|p2a: Whimsicott|Beat Up|p2b: Annihilape
|-damage|p2b: Annihilape|88/100
|-damage|p2b: Annihilape|85/100
|-damage|p2b: Annihilape|82/100
|-damage|p2b: Annihilape|79/100
|-hitcount|p2b: Annihilape|4
|move|p2b: Annihilape|Rage Fist|p1a: Floette
|-damage|p1a: Floette|1/100
|-damage|p2b: Annihilape|69/100|[from] item: Life Orb
|move|p1a: Floette|Moonblast|p2b: Annihilape
|-supereffective|p2b: Annihilape|1
|-damage|p2b: Annihilape|0 fnt
|faint|p2b: Annihilape
|
|upkeep
|
|t:|1782595155
|switch|p2b: Politoed|Politoed, L50, F|100/100
|-weather|RainDance|[from] ability: Drizzle|[of] p2b: Politoed
|turn|3
|
|t:|1782595184
|move|p1b: Maushold|Follow Me|p1b: Maushold
|-singleturn|p1b: Maushold|move: Follow Me
|move|p2a: Whimsicott|Tailwind|p2a: Whimsicott
|-sidestart|p2: sybaushowdown|move: Tailwind
|move|p2b: Politoed|Weather Ball|p1b: Maushold
|-damage|p1b: Maushold|0 fnt
|faint|p1b: Maushold
|move|p1a: Floette|Draining Kiss|p2b: Politoed
|-damage|p2b: Politoed|75/100
|-heal|p1a: Floette|22/100|[from] drain|[of] p2b: Politoed
|
|-weather|RainDance|[upkeep]
|upkeep
|
|t:|1782595194
|switch|p1b: Sinistcha|Sinistcha-Masterpiece, L50|100/100
|-heal|p1a: Floette|47/100|[from] ability: Hospitality|[of] p1b: Sinistcha
|turn|4
|
|t:|1782595209
|move|p1a: Floette|Protect|p1a: Floette
|-singleturn|p1a: Floette|Protect
|move|p2a: Whimsicott|Moonblast|p1a: Floette
|-activate|p1a: Floette|move: Protect
|move|p2b: Politoed|Weather Ball|p1a: Floette
|-activate|p1a: Floette|move: Protect
|move|p1b: Sinistcha|Life Dew||[still]|[spread] p1a,p1b
|-heal|p1a: Floette|72/100
|-fail|p1b: Sinistcha|heal
|
|-weather|RainDance|[upkeep]
|upkeep
|turn|5
|
|t:|1782595233
|move|p2a: Whimsicott|Moonblast|p1a: Floette
|-damage|p1a: Floette|48/100
|move|p2b: Politoed|Encore|p1a: Floette
|-start|p1a: Floette|Encore
|move|p1a: Floette|Protect||[still]
|-fail|p1a: Floette
|move|p1b: Sinistcha|Life Dew||[still]|[spread] p1a,p1b
|-heal|p1a: Floette|73/100
|-fail|p1b: Sinistcha|heal
|
|-weather|RainDance|[upkeep]
|-sideend|p2: sybaushowdown|move: Light Screen
|upkeep
|turn|6
|inactive|sybaushowdown has 30 seconds left.
|
|t:|1782595263
|switch|p2b: Archaludon|Archaludon, L50, M|100/100
|move|p1a: Floette|Protect|p1a: Floette
|-singleturn|p1a: Floette|Protect
|move|p2a: Whimsicott|Light Screen|p2a: Whimsicott
|-sidestart|p2: sybaushowdown|move: Light Screen
|move|p1b: Sinistcha|Life Dew||[still]|[spread] p1a,p1b
|-heal|p1a: Floette|98/100
|-fail|p1b: Sinistcha|heal
|
|-weather|RainDance|[upkeep]
|-sideend|p2: sybaushowdown|move: Tailwind
|upkeep
|turn|7
|inactive|ClefableBot has 30 seconds left.
|inactive|ClefableBot has 20 seconds left.
|inactive|ClefableBot has 15 seconds left.
|inactive|ClefableBot has 10 seconds left.
|
|t:|1782595312
|move|p1a: Floette|Protect||[still]
|-fail|p1a: Floette
|move|p1b: Sinistcha|Rage Powder|p1b: Sinistcha
|-singleturn|p1b: Sinistcha|move: Rage Powder
|move|p2a: Whimsicott|Moonblast|p1a: Floette
|-damage|p1a: Floette|72/100
|move|p2b: Archaludon|Electro Shot||[still]
|-prepare|p2b: Archaludon|Electro Shot
|-boost|p2b: Archaludon|spa|1
|-anim|p2b: Archaludon|Electro Shot|p1b: Sinistcha
|-resisted|p1b: Sinistcha|1
|-damage|p1b: Sinistcha|70/100
|
|-weather|none
|-end|p1a: Floette|Encore
|upkeep
|turn|8
|inactive|ClefableBot has 30 seconds left.
|inactive|sybaushowdown has 30 seconds left.
|
|t:|1782595341
|switch|p2a: Politoed|Politoed, L50, F|75/100
|-weather|RainDance|[from] ability: Drizzle|[of] p2a: Politoed
|move|p2b: Archaludon|Electro Shot||[still]
|-prepare|p2b: Archaludon|Electro Shot
|-boost|p2b: Archaludon|spa|1
|-anim|p2b: Archaludon|Electro Shot|p1a: Floette
|-damage|p1a: Floette|31/100
|move|p1a: Floette|Moonblast|p2b: Archaludon
|-damage|p2b: Archaludon|3/100
|-ability|p2b: Archaludon|Stamina|boost
|-boost|p2b: Archaludon|def|1
|move|p1b: Sinistcha|Life Dew|p1b: Sinistcha|[spread] p1a,p1b
|-heal|p1a: Floette|56/100
|-heal|p1b: Sinistcha|95/100
|
|-weather|RainDance|[upkeep]
|-heal|p2b: Archaludon|9/100|[from] item: Leftovers
|upkeep
|turn|9
|inactive|ClefableBot has 30 seconds left.
|inactive|ClefableBot has 20 seconds left.
|inactive|ClefableBot has 15 seconds left.
|inactive|ClefableBot has 10 seconds left.
|
|t:|1782595388
|switch|p2a: Whimsicott|Whimsicott, L50, M|100/100
|move|p2b: Archaludon|Protect|p2b: Archaludon
|-singleturn|p2b: Archaludon|Protect
|move|p1b: Sinistcha|Rage Powder|p1b: Sinistcha
|-singleturn|p1b: Sinistcha|move: Rage Powder
|move|p1a: Floette|Draining Kiss|p2b: Archaludon
|-activate|p2b: Archaludon|move: Protect
|
|-weather|RainDance|[upkeep]
|-heal|p2b: Archaludon|15/100|[from] item: Leftovers
|upkeep
|turn|10
|
|t:|1782595410
|move|p1b: Sinistcha|Rage Powder|p1b: Sinistcha
|-singleturn|p1b: Sinistcha|move: Rage Powder
|move|p2a: Whimsicott|Tailwind|p2a: Whimsicott
|-sidestart|p2: sybaushowdown|move: Tailwind
|move|p2b: Archaludon|Flash Cannon|p1b: Sinistcha
|-damage|p1b: Sinistcha|22/100
|move|p1a: Floette|Draining Kiss|p2b: Archaludon
|-damage|p2b: Archaludon|0 fnt
|-heal|p1a: Floette|67/100|[from] drain|[of] p2b: Archaludon
|faint|p2b: Archaludon
|
|-weather|RainDance|[upkeep]
|-sideend|p2: sybaushowdown|move: Light Screen
|upkeep
|
|t:|1782595415
|switch|p2b: Politoed|Politoed, L50, F|75/100
|turn|11
|
|t:|1782595427
|switch|p1b: Incineroar|Incineroar, L50, M|100/100
|-ability|p1b: Incineroar|Intimidate|boost
|-unboost|p2a: Whimsicott|atk|1
|-unboost|p2b: Politoed|atk|1
|move|p1a: Floette|Protect|p1a: Floette
|-singleturn|p1a: Floette|Protect
|move|p2a: Whimsicott|Moonblast|p1b: Incineroar
|-damage|p1b: Incineroar|54/100
|move|p2b: Politoed|Weather Ball|p1a: Floette
|-activate|p1a: Floette|move: Protect
|
|-weather|RainDance|[upkeep]
|upkeep
|turn|12
|l|☆sybaushowdown
|inactive|sybaushowdown disconnected and has a minute to reconnect!
|player|p2|
|inactive|sybaushowdown has 30 seconds left.
|inactive|sybaushowdown has 20 seconds left.
|inactive|sybaushowdown has 15 seconds left.
|inactive|sybaushowdown has 10 seconds left.
|inactive|sybaushowdown has 5 seconds left.
|-message|sybaushowdown lost due to inactivity.
|
|win|ClefableBot
||ClefableBot is ready for game 2.
|inactive|sybaushowdown has 15 seconds to reconnect!
|inactive|sybaushowdown has 5 seconds to reconnect!
|raw|ClefableBot's rating: 1212 → 1228(+16 for winning)
|raw|sybaushowdown's rating: 1086 → 1071(-15 for losing)
