|j|☆TheParasectKing
|j|☆MagickeySY
|html|TheParasectKingMagickeySY    
|uhtml|bestof|Game 1 of a best-of-3
|t:|1756745542
|gametype|doubles
|player|p1|TheParasectKing|acetrainer-gen4dp|1082
|player|p2|MagickeySY|steven|1051
|gen|9
|tier|[Gen 9] VGC 2025 Reg H (Bo3)
|rated|
|rule|Species Clause: Limit one of each Pokémon
|rule|Item Clause: Limit 1 of each item
|clearpoke
|poke|p1|Sneasler, L50, F|
|poke|p1|Dragonite, L50, M|
|poke|p1|Incineroar, L50, F|
|poke|p1|Ursaluna-Bloodmoon, L50, M|
|poke|p1|Gholdengo, L50|
|poke|p1|Amoonguss, L50, F|
|poke|p2|Ursaluna-Bloodmoon, L50, M|
|poke|p2|Whimsicott, L50, F|
|poke|p2|Sneasler, L50, F|
|poke|p2|Annihilape, L50, M|
|poke|p2|Rillaboom, L50, M|
|poke|p2|Dragonite, L50, F|
|teampreview|4
|showteam|p1|Sneasler||FocusSash|Unburden|DireClaw,CloseCombat,FakeOut,Protect|||F|||50|,,,,,Fairy]Dragonite||LoadedDice|InnerFocus|Haze,ScaleShot,Tailwind,ExtremeSpeed|||M|||50|,,,,,Fairy]Incineroar||SafetyGoggles|Intimidate|FakeOut,FlareBlitz,KnockOff,PartingShot|||F|||50|,,,,,Grass]Ursaluna-Bloodmoon||AssaultVest|MindsEye|BloodMoon,EarthPower,HyperVoice,Snarl|||M|||50|,,,,,Water]Gholdengo||GrassySeed|GoodasGold|MakeItRain,ShadowBall,NastyPlot,Protect||||||50|,,,,,Dragon]Amoonguss||RoomService|Regenerator|Spore,RagePowder,PollenPuff,Protect|||F|||50|,,,,,Water
|showteam|p2|Ursaluna-Bloodmoon||LifeOrb|MindsEye|BloodMoon,HyperVoice,EarthPower,Protect|||M|||50|,,,,,Normal]Whimsicott||CovertCloak|Prankster|Moonblast,Endeavor,LightScreen,Tailwind|||F|||50|,,,,,Dark]Sneasler||FocusSash|Unburden|FakeOut,Coaching,CloseCombat,DireClaw|||F|||50|,,,,,Fighting]Annihilape||Leftovers|Defiant|DrainPunch,RageFist,BulkUp,Protect|||M|||50|,,,,,Water]Rillaboom||AssaultVest|GrassySurge|FakeOut,GrassyGlide,WoodHammer,HighHorsepower|||M|||50|,,,,,Fire]Dragonite||LoadedDice|InnerFocus|ExtremeSpeed,ScaleShot,Haze,Protect|||F|||50|,,,,,Normal
|inactive|Battle timer is ON: inactive players will automatically lose when time's up. (requested by TheParasectKing)
|inactive|TheParasectKing has 60 seconds left.
|inactive|MagickeySY has 60 seconds left.
|
|t:|1756745586
|teamsize|p1|4
|teamsize|p2|4
|start
|switch|p1a: Free|Dragonite, L50, M|100/100
|switch|p1b: Takedown|Sneasler, L50, F|100/100
|switch|p2a: Sneasler|Sneasler, L50, F|100/100
|switch|p2b: Rillaboom|Rillaboom, L50, M|100/100
|-fieldstart|move: Grassy Terrain|[from] ability: Grassy Surge|[of] p2b: Rillaboom
|turn|1
|inactive|MagickeySY has 30 seconds left.
|inactive|MagickeySY has 20 seconds left.
|inactive|MagickeySY has 15 seconds left.
|
|t:|1756745631
|move|p1b: Takedown|Protect|p1b: Takedown
|-singleturn|p1b: Takedown|Protect
|move|p2a: Sneasler|Dire Claw|p1a: Free
|-damage|p1a: Free|57/100
|move|p1a: Free|Tailwind|p1a: Free
|-sidestart|p1: TheParasectKing|move: Tailwind
|move|p2b: Rillaboom|High Horsepower|p1b: Takedown
|-activate|p1b: Takedown|move: Protect
|
|upkeep
|turn|2
|inactive|MagickeySY has 30 seconds left.
|
|t:|1756745657
|switch|p2b: Annihilape|Annihilape, L50, M|100/100
|move|p1b: Takedown|Dire Claw|p2b: Annihilape
|-resisted|p2b: Annihilape
|-damage|p2b: Annihilape|80/100
|-status|p2b: Annihilape|par
|move|p1a: Free|Scale Shot|p2a: Sneasler
|-damage|p2a: Sneasler|73/100
|-damage|p2a: Sneasler|50/100
|-damage|p2a: Sneasler|26/100
|-damage|p2a: Sneasler|2/100
|-hitcount|p2a: Sneasler|4
|-unboost|p1a: Free|def|1
|-boost|p1a: Free|spe|1
|move|p2a: Sneasler|Coaching|p2b: Annihilape
|-boost|p2b: Annihilape|atk|1
|-boost|p2b: Annihilape|def|1
|
|-heal|p2a: Sneasler|8/100|[from] Grassy Terrain
|-heal|p2b: Annihilape|87/100 par|[from] Grassy Terrain
|-heal|p2b: Annihilape|93/100 par|[from] item: Leftovers
|upkeep
|turn|3
|inactive|TheParasectKing has 30 seconds left.
|inactive|MagickeySY has 30 seconds left.
|inactive|MagickeySY has 20 seconds left.
|
|t:|1756745696
|move|p1b: Takedown|Dire Claw|p2a: Sneasler
|-resisted|p2a: Sneasler
|-damage|p2a: Sneasler|0 fnt
|faint|p2a: Sneasler
|move|p1a: Free|Haze|p1a: Free
|-clearallboost
|move|p2b: Annihilape|Drain Punch|p1b: Takedown
|-resisted|p1b: Takedown
|-damage|p1b: Takedown|77/100
|-heal|p2b: Annihilape|100/100 par|[from] drain|[of] p1b: Takedown
|
|-heal|p1b: Takedown|84/100|[from] Grassy Terrain
|upkeep
|
|t:|1756745711
|switch|p2a: Ursaluna|Ursaluna-Bloodmoon, L50, M|100/100
|turn|4
|
|t:|1756745731
|move|p1b: Takedown|Close Combat|p2a: Ursaluna
|-supereffective|p2a: Ursaluna
|-damage|p2a: Ursaluna|1/100
|-unboost|p1b: Takedown|def|1
|-unboost|p1b: Takedown|spd|1
|move|p1a: Free|Scale Shot|p2a: Ursaluna
|-damage|p2a: Ursaluna|0 fnt
|faint|p2a: Ursaluna
|-hitcount|p2: Ursaluna|1
|-unboost|p1a: Free|def|1
|-boost|p1a: Free|spe|1
|cant|p2b: Annihilape|par
|
|-heal|p1b: Takedown|90/100|[from] Grassy Terrain
|-sideend|p1: TheParasectKing|move: Tailwind
|upkeep
|
|t:|1756745745
|switch|p2a: Rillaboom|Rillaboom, L50, M|100/100
|turn|5
|
|t:|1756745763
|move|p1b: Takedown|Protect|p1b: Takedown
|-singleturn|p1b: Takedown|Protect
|move|p2a: Rillaboom|Fake Out|p1b: Takedown
|-activate|p1b: Takedown|move: Protect
|move|p1a: Free|Tailwind|p1a: Free
|-sidestart|p1: TheParasectKing|move: Tailwind
|move|p2b: Annihilape|Bulk Up|p2b: Annihilape
|-boost|p2b: Annihilape|atk|1
|-boost|p2b: Annihilape|def|1
|
|-heal|p1b: Takedown|96/100|[from] Grassy Terrain
|-fieldend|move: Grassy Terrain
|upkeep
|turn|6
|
|t:|1756745780
|move|p1b: Takedown|Dire Claw|p2a: Rillaboom
|-supereffective|p2a: Rillaboom
|-damage|p2a: Rillaboom|18/100
|move|p1a: Free|Haze|p1a: Free
|-clearallboost
|move|p2a: Rillaboom|High Horsepower|p1b: Takedown
|-supereffective|p1b: Takedown
|-damage|p1b: Takedown|0 fnt
|faint|p1b: Takedown
|move|p2b: Annihilape|Rage Fist|p1a: Free
|-damage|p1a: Free|17/100
|
|upkeep
|
|t:|1756745784
|switch|p1b: Golden|Gholdengo, L50|100/100
|turn|7
|inactive|MagickeySY has 30 seconds left.
|
|t:|1756745813
|-terastallize|p1b: Golden|Dragon
|-terastallize|p2b: Annihilape|Water
|move|p1a: Free|Extreme Speed|p2a: Rillaboom
|-damage|p2a: Rillaboom|0 fnt
|faint|p2a: Rillaboom
|move|p1b: Golden|Nasty Plot|p1b: Golden
|-boost|p1b: Golden|spa|2
|move|p2b: Annihilape|Rage Fist|p1b: Golden
|-damage|p1b: Golden|61/100
|
|upkeep
|turn|8
|
|t:|1756745834
|move|p1b: Golden|Shadow Ball|p2b: Annihilape
|-crit|p2b: Annihilape
|-damage|p2b: Annihilape|0 fnt
|faint|p2b: Annihilape
|
|win|TheParasectKing
