|j|☆jeanryupr
|j|☆Jon Guridi VGC
|html|jeanryuprJon Guridi VGC    
|uhtml|bestof|Game 1 of a best-of-3
|t:|1785767673
|gametype|doubles
|player|p1|jeanryupr|170|1230
|player|p2|Jon Guridi VGC|lady|1308
|gen|9
|tier|[Gen 9 Champions] VGC 2026 Reg M-B (Bo3)
|rated|
|rule|Species Clause: Limit one of each Pokémon
|rule|Item Clause: Limit 1 of each item
|clearpoke
|poke|p1|Raichu, L50, M|
|poke|p1|Aerodactyl, L50, M|
|poke|p1|Floette-Eternal, L50, F|
|poke|p1|Basculegion, L50, M|
|poke|p1|Farigiraf, L50, M|
|poke|p1|Garchomp, L50, M|
|poke|p2|Dragonite, L50, M, shiny|
|poke|p2|Kingambit, L50, F|
|poke|p2|Floette-Eternal, L50, F|
|poke|p2|Garchomp, L50, F|
|poke|p2|Talonflame, L50, M|
|poke|p2|Sneasler, L50, M|
|teampreview|4
|showteam|p1|Raichu||RaichuniteY|LightningRod|ZapCannon,FocusBlast,FakeOut,Protect|Timid||M|||50|]Aerodactyl||FocusSash|Unnerve|WideGuard,DualWingbeat,RockSlide,Tailwind|Jolly||M|||50|]Floette-Eternal||Floettite|FlowerVeil|CalmMind,DazzlingGleam,DrainingKiss,Protect|Timid||F|||50|]Basculegion||MysticWater|Adaptability|WaveCrash,LastRespects,AquaJet,Protect|Adamant||M|||50|]Farigiraf||SitrusBerry|ArmorTail|TrickRoom,HelpingHand,Thunderbolt,Psychic|Bold||M|||50|]Garchomp||LifeOrb|RoughSkin|Protect,Earthquake,StompingTantrum,RockSlide|Jolly||M|||50|
|showteam|p2|Dragonite||Dragoninite|Multiscale|DragonPulse,HeatWave,Thunderbolt,Protect|Modest||M|||50|]Kingambit||FocusSash|Defiant|IronHead,SuckerPunch,KowtowCleave,Protect|Adamant||F|||50|]Floette-Eternal||Floettite|FlowerVeil|LightofRuin,DazzlingGleam,Moonblast,Protect|Modest||F|||50|]Garchomp||LifeOrb|RoughSkin|RockSlide,Earthquake,DragonClaw,Protect|Jolly||F|||50|]Talonflame||SharpBeak|GaleWings|DualWingbeat,FlareBlitz,Tailwind,Protect|Jolly||M|||50|]Sneasler||WhiteHerb|Unburden|DireClaw,CloseCombat,FakeOut,Protect|Jolly||M|||50|
|inactive|Battle timer is ON: inactive players will automatically lose when time's up. (requested by Jon Guridi VGC)
|inactive|jeanryupr has 60 seconds left.
|inactive|Jon Guridi VGC has 60 seconds left.
|
|t:|1785767721
|teamsize|p1|4
|teamsize|p2|4
|start
|switch|p1a: Aerodactyl|Aerodactyl, L50, M|100/100
|switch|p1b: Garchomp|Garchomp, L50, M|100/100
|switch|p2a: Garchomp|Garchomp, L50, F|100/100
|switch|p2b: Talonflame|Talonflame, L50, M|100/100
|-ability|p1a: Aerodactyl|Unnerve
|turn|1
|
|t:|1785767733
|switch|p1b: Farigiraf|Farigiraf, L50, M|100/100
|move|p2b: Talonflame|Tailwind|p2b: Talonflame
|-sidestart|p2: Jon Guridi VGC|move: Tailwind
|move|p2a: Garchomp|Dragon Claw|p1b: Farigiraf
|-damage|p1b: Farigiraf|58/100
|-damage|p2a: Garchomp|90/100|[from] item: Life Orb
|move|p1a: Aerodactyl|Rock Slide|p2a: Garchomp|[spread] p2a,p2b
|-resisted|p2a: Garchomp|1
|-supereffective|p2b: Talonflame|2
|-damage|p2a: Garchomp|78/100
|-damage|p2b: Talonflame|0 fnt
|faint|p2b: Talonflame
|
|upkeep
|
|t:|1785767738
|switch|p2b: Kingambit|Kingambit, L50, F|100/100
|turn|2
|
|t:|1785767754
|move|p2a: Garchomp|Dragon Claw|p1a: Aerodactyl
|-damage|p1a: Aerodactyl|24/100
|-damage|p2a: Garchomp|69/100|[from] item: Life Orb
|move|p2b: Kingambit|Kowtow Cleave|p1b: Farigiraf
|-supereffective|p1b: Farigiraf|1
|-crit|p1b: Farigiraf
|-damage|p1b: Farigiraf|0 fnt
|faint|p1b: Farigiraf
|move|p1a: Aerodactyl|Tailwind|p1a: Aerodactyl
|-sidestart|p1: jeanryupr|move: Tailwind
|
|upkeep
|
|t:|1785767766
|switch|p1b: Floette|Floette-Eternal, L50, F|100/100
|turn|3
|inactive|jeanryupr has 30 seconds left.
|
|t:|1785767797
|detailschange|p1b: Floette|Floette-Mega, L50, F
|-mega|p1b: Floette|Floette|Floettite
|-ability|p1b: Floette|Fairy Aura
|move|p1b: Floette|Protect|p1b: Floette
|-singleturn|p1b: Floette|Protect
|move|p1a: Aerodactyl|Rock Slide|p2b: Kingambit|[spread] p2a
|-miss|p1a: Aerodactyl|p2b: Kingambit
|-resisted|p2a: Garchomp|1
|-damage|p2a: Garchomp|57/100
|move|p2a: Garchomp|Rock Slide|p1b: Floette|[spread] 
|-activate|p1b: Floette|move: Protect
|-miss|p2a: Garchomp|p1a: Aerodactyl
|move|p2b: Kingambit|Iron Head|p1b: Floette
|-activate|p1b: Floette|move: Protect
|
|upkeep
|turn|4
|
|t:|1785767814
|move|p1a: Aerodactyl|Rock Slide|p2b: Kingambit|[spread] p2a
|-miss|p1a: Aerodactyl|p2b: Kingambit
|-resisted|p2a: Garchomp|1
|-damage|p2a: Garchomp|46/100
|move|p2a: Garchomp|Rock Slide|p1a: Aerodactyl|[spread] p1a,p1b
|-supereffective|p1a: Aerodactyl|1
|-damage|p1a: Aerodactyl|0 fnt
|-damage|p1b: Floette|67/100
|faint|p1a: Aerodactyl
|-damage|p2a: Garchomp|36/100|[from] item: Life Orb
|cant|p1b: Floette|flinch
|move|p2b: Kingambit|Iron Head|p1b: Floette
|-supereffective|p1b: Floette|1
|-damage|p1b: Floette|0 fnt
|faint|p1b: Floette
|
|-sideend|p2: Jon Guridi VGC|move: Tailwind
|upkeep
|
|t:|1785767823
|switch|p1b: Garchomp|Garchomp, L50, M|100/100
|turn|5
|
|t:|1785767829
|move|p2a: Garchomp|Protect|p2a: Garchomp
|-singleturn|p2a: Garchomp|Protect
|move|p2b: Kingambit|Protect|p2b: Kingambit
|-singleturn|p2b: Kingambit|Protect
|move|p1b: Garchomp|Earthquake|p2a: Garchomp|[spread] 
|-activate|p2a: Garchomp|move: Protect
|-activate|p2b: Kingambit|move: Protect
|
|-sideend|p1: jeanryupr|move: Tailwind
|upkeep
|turn|6
|
|t:|1785767835
|move|p2a: Garchomp|Dragon Claw|p1b: Garchomp
|-supereffective|p1b: Garchomp|1
|-damage|p1b: Garchomp|4/100
|-damage|p2a: Garchomp|24/100|[from] ability: Rough Skin|[of] p1b: Garchomp
|-damage|p2a: Garchomp|14/100|[from] item: Life Orb
|move|p1b: Garchomp|Earthquake|p2a: Garchomp|[spread] p2a,p2b
|-supereffective|p2b: Kingambit|1
|-damage|p2a: Garchomp|0 fnt
|-damage|p2b: Kingambit|16/100
|faint|p2a: Garchomp
|-damage|p1b: Garchomp|0 fnt|[from] item: Life Orb
|faint|p1b: Garchomp
|
|win|Jon Guridi VGC
