|j|☆pechugadepollico
|j|☆elmono11
|html|pechugadepollicoelmono11    
|uhtml|bestof|Game 3 of a best-of-3
|t:|1784138928
|gametype|doubles
|player|p1|pechugadepollico|101|1362
|player|p2|elmono11|266|1464
|gen|9
|tier|[Gen 9 Champions] VGC 2026 Reg M-B (Bo3)
|rated|
|rule|Species Clause: Limit one of each Pokémon
|rule|Item Clause: Limit 1 of each item
|clearpoke
|poke|p1|Swampert, L50, M|
|poke|p1|Mawile, L50, M|
|poke|p1|Pelipper, L50, F|
|poke|p1|Farigiraf, L50, F|
|poke|p1|Incineroar, L50, F|
|poke|p1|Archaludon, L50, M|
|poke|p2|Dragonite, L50, M|
|poke|p2|Sneasler, L50, F|
|poke|p2|Sinistcha, L50|
|poke|p2|Incineroar, L50, M|
|poke|p2|Floette-Eternal, L50, F|
|poke|p2|Kingambit, L50, F|
|teampreview|4
|showteam|p1|Swampert||Swampertite|Torrent|Protect,HighHorsepower,IcePunch,WaveCrash|Adamant||M|||50|]Mawile||Mawilite|HyperCutter|Protect,SuckerPunch,BrickBreak,PlayRough|Adamant||M|||50|]Pelipper||LifeOrb|Drizzle|Tailwind,WideGuard,Hurricane,WeatherBall|Modest||F|||50|]Farigiraf||SitrusBerry|ArmorTail|TrickRoom,HelpingHand,TwinBeam,Thunderbolt|Bold||F|||50|]Incineroar||WhiteHerb|Intimidate|FakeOut,CloseCombat,DarkestLariat,FlareBlitz|Adamant||F|||50|]Archaludon||Leftovers|Stamina|Protect,DragonPulse,FlashCannon,ElectroShot|Calm||M|||50|
|showteam|p2|Dragonite||LumBerry|Multiscale|DragonClaw,ExtremeSpeed,FirePunch,Protect|Adamant||M|||50|]Sneasler||FocusSash|PoisonTouch|FakeOut,CloseCombat,PoisonJab,Coaching|Jolly||F|||50|]Sinistcha||Leftovers|Hospitality|TrickRoom,MatchaGotcha,RagePowder,Protect|Bold|||||50|]Incineroar||SitrusBerry|Intimidate|FlareBlitz,DarkestLariat,PartingShot,FakeOut|Careful||M|||50|]Floette-Eternal||Floettite|FlowerVeil|DazzlingGleam,DrainingKiss,CalmMind,Protect|Modest||F|||50|]Kingambit||BlackGlasses|Defiant|KowtowCleave,SwordsDance,SuckerPunch,Protect|Adamant||F|||50|
|inactive|Battle timer is ON: inactive players will automatically lose when time's up. (requested by elmono11)
|inactive|elmono11 has 60 seconds left.
|
|t:|1784138972
|teamsize|p1|4
|teamsize|p2|4
|start
|switch|p1a: Pelipper|Pelipper, L50, F|100/100
|switch|p1b: Swampert|Swampert, L50, M|100/100
|switch|p2a: Incineroar|Incineroar, L50, M|100/100
|switch|p2b: Dragonite|Dragonite, L50, M|100/100
|-weather|RainDance|[from] ability: Drizzle|[of] p1a: Pelipper
|-ability|p2a: Incineroar|Intimidate|boost
|-unboost|p1a: Pelipper|atk|1
|-unboost|p1b: Swampert|atk|1
|turn|1
|
|t:|1784138985
|switch|p1b: Incineroar|Incineroar, L50, F|100/100
|-ability|p1b: Incineroar|Intimidate|boost
|-unboost|p2a: Incineroar|atk|1
|-unboost|p2b: Dragonite|atk|1
|move|p2a: Incineroar|Fake Out|p1a: Pelipper
|-damage|p1a: Pelipper|92/100
|move|p2b: Dragonite|Dragon Claw|p1a: Pelipper
|-damage|p1a: Pelipper|59/100
|cant|p1a: Pelipper|flinch
|
|-weather|RainDance|[upkeep]
|upkeep
|turn|2
|
|t:|1784138998
|switch|p2a: Sneasler|Sneasler, L50, F|100/100
|move|p1b: Incineroar|Fake Out|p2b: Dragonite
|-damage|p2b: Dragonite|93/100
|cant|p2b: Dragonite|flinch
|move|p1a: Pelipper|Tailwind|p1a: Pelipper
|-sidestart|p1: pechugadepollico|move: Tailwind
|
|-weather|RainDance|[upkeep]
|upkeep
|turn|3
|inactive|pechugadepollico has 30 seconds left.
|inactive|elmono11 has 30 seconds left.
|inactive|pechugadepollico has 20 seconds left.
|inactive|elmono11 has 20 seconds left.
|inactive|pechugadepollico has 15 seconds left.
|
|t:|1784139040
|switch|p1a: Archaludon|Archaludon, L50, M|100/100
|move|p2a: Sneasler|Close Combat|p1b: Incineroar
|-supereffective|p1b: Incineroar|1
|-damage|p1b: Incineroar|0 fnt
|-unboost|p2a: Sneasler|def|1
|-unboost|p2a: Sneasler|spd|1
|faint|p1b: Incineroar
|move|p2b: Dragonite|Dragon Claw|p1a: Archaludon
|-damage|p1a: Archaludon|76/100
|-ability|p1a: Archaludon|Stamina|boost
|-boost|p1a: Archaludon|def|1
|
|-weather|RainDance|[upkeep]
|-heal|p1a: Archaludon|83/100|[from] item: Leftovers
|upkeep
|
|t:|1784139047
|switch|p1b: Swampert|Swampert, L50, M|100/100
|turn|4
|
|t:|1784139065
|switch|p2a: Incineroar|Incineroar, L50, M|100/100
|-ability|p2a: Incineroar|Intimidate|boost
|-unboost|p1a: Archaludon|atk|1
|-unboost|p1b: Swampert|atk|1
|switch|p2b: Floette|Floette-Eternal, L50, F|100/100
|detailschange|p1b: Swampert|Swampert-Mega, L50, M
|-mega|p1b: Swampert|Swampert|Swampertite
|move|p1b: Swampert|Wave Crash|p2a: Incineroar
|-supereffective|p2a: Incineroar|1
|-damage|p2a: Incineroar|0 fnt
|faint|p2a: Incineroar
|-damage|p1b: Swampert|62/100|[from] Recoil
|move|p1a: Archaludon|Electro Shot||[still]
|-prepare|p1a: Archaludon|Electro Shot
|-boost|p1a: Archaludon|spa|1
|-anim|p1a: Archaludon|Electro Shot|p2b: Floette
|-damage|p2b: Floette|53/100
|
|-weather|RainDance|[upkeep]
|-heal|p1a: Archaludon|89/100|[from] item: Leftovers
|upkeep
|
|t:|1784139079
|switch|p2a: Sneasler|Sneasler, L50, F|100/100
|turn|5
|
|t:|1784139098
|switch|p2b: Dragonite|Dragonite, L50, M|93/100
|move|p2a: Sneasler|Fake Out|p1b: Swampert
|-damage|p1b: Swampert|49/100
|cant|p1b: Swampert|flinch
|move|p1a: Archaludon|Flash Cannon|p2b: Dragonite
|-damage|p2b: Dragonite|47/100
|-unboost|p2b: Dragonite|spd|1
|
|-weather|none
|-heal|p1a: Archaludon|95/100|[from] item: Leftovers
|-sideend|p1: pechugadepollico|move: Tailwind
|upkeep
|turn|6
|inactive|elmono11 has 30 seconds left.
|
|t:|1784139132
|switch|p1b: Pelipper|Pelipper, L50, F|59/100
|-weather|RainDance|[from] ability: Drizzle|[of] p1b: Pelipper
|move|p1a: Archaludon|Protect|p1a: Archaludon
|-singleturn|p1a: Archaludon|Protect
|move|p2a: Sneasler|Close Combat|p1a: Archaludon
|-activate|p1a: Archaludon|move: Protect
|move|p2b: Dragonite|Dragon Claw|p1b: Pelipper
|-damage|p1b: Pelipper|9/100
|
|-weather|RainDance|[upkeep]
|-heal|p1a: Archaludon|100/100|[from] item: Leftovers
|upkeep
|turn|7
|inactive|elmono11 has 30 seconds left.
|inactive|elmono11 has 20 seconds left.
|inactive|elmono11 has 15 seconds left.
|inactive|elmono11 has 10 seconds left.
|
|t:|1784139181
|move|p2a: Sneasler|Close Combat|p1a: Archaludon
|-supereffective|p1a: Archaludon|1
|-damage|p1a: Archaludon|40/100
|-unboost|p2a: Sneasler|def|1
|-unboost|p2a: Sneasler|spd|1
|-ability|p1a: Archaludon|Stamina|boost
|-boost|p1a: Archaludon|def|1
|move|p2b: Dragonite|Dragon Claw|p1a: Archaludon
|-damage|p1a: Archaludon|22/100
|-ability|p1a: Archaludon|Stamina|boost
|-boost|p1a: Archaludon|def|1
|move|p1a: Archaludon|Electro Shot||[still]
|-prepare|p1a: Archaludon|Electro Shot
|-boost|p1a: Archaludon|spa|1
|-anim|p1a: Archaludon|Electro Shot|p2a: Sneasler
|-enditem|p2a: Sneasler|Focus Sash
|-damage|p2a: Sneasler|1/100
|move|p1b: Pelipper|Tailwind|p1b: Pelipper
|-sidestart|p1: pechugadepollico|move: Tailwind
|
|-weather|RainDance|[upkeep]
|-heal|p1a: Archaludon|28/100|[from] item: Leftovers
|upkeep
|turn|8
|inactive|pechugadepollico has 30 seconds left.
|
|t:|1784139209
|switch|p2a: Floette|Floette-Eternal, L50, F|53/100
|move|p2b: Dragonite|Extreme Speed|p1b: Pelipper
|-damage|p1b: Pelipper|0 fnt
|faint|p1b: Pelipper
|move|p1a: Archaludon|Electro Shot||[still]
|-prepare|p1a: Archaludon|Electro Shot
|-boost|p1a: Archaludon|spa|1
|-anim|p1a: Archaludon|Electro Shot|p2a: Floette
|-damage|p2a: Floette|0 fnt
|faint|p2a: Floette
|
|-weather|RainDance|[upkeep]
|-heal|p1a: Archaludon|34/100|[from] item: Leftovers
|upkeep
|
|t:|1784139214
|switch|p2a: Sneasler|Sneasler, L50, F|1/100
|switch|p1b: Swampert|Swampert-Mega, L50, M|49/100
|turn|9
|inactive|pechugadepollico has 30 seconds left.
|
|t:|1784139246
|move|p2a: Sneasler|Fake Out|p1b: Swampert
|-damage|p1b: Swampert|35/100
|-status|p1b: Swampert|psn|[from] ability: Poison Touch|[of] p2a: Sneasler
|cant|p1b: Swampert|flinch
|move|p1a: Archaludon|Dragon Pulse|p2b: Dragonite
|-supereffective|p2b: Dragonite|1
|-damage|p2b: Dragonite|0 fnt
|faint|p2b: Dragonite
|
|-weather|RainDance|[upkeep]
|-heal|p1a: Archaludon|40/100|[from] item: Leftovers
|-damage|p1b: Swampert|23/100 psn|[from] psn
|upkeep
|turn|10
|
|t:|1784139253
|move|p1b: Swampert|High Horsepower|p2a: Sneasler
|-supereffective|p2a: Sneasler|1
|-damage|p2a: Sneasler|0 fnt
|faint|p2a: Sneasler
|
|win|pechugadepollico
|raw|pechugadepollico's rating: 1362 → 1388(+26 for winning)
|raw|elmono11's rating: 1464 → 1438(-26 for losing)
