|j|ŌśåFrisk Azzy
|j|ŌśåLittleSunLight
|html|Frisk AzzyLittleSunLight    
|uhtml|bestof|Game 3 of a best-of-3
|t:|1784408328
|gametype|doubles
|player|p1|Frisk Azzy|riley|
|player|p2|LittleSunLight|beauty|
|gen|9
|tier|[Gen 9 Champions] VGC 2026 Reg M-B (Bo3)
|rule|Species Clause: Limit one of each Pok├®mon
|rule|Item Clause: Limit 1 of each item
|clearpoke
|poke|p1|Charizard, L50, M, shiny|
|poke|p1|Venusaur, L50, M|
|poke|p1|Whimsicott, L50, M|
|poke|p1|Luxray, L50, M, shiny|
|poke|p1|Aegislash, L50, M|
|poke|p1|Garchomp, L50, F, shiny|
|poke|p2|Dragonite, L50, F, shiny|
|poke|p2|Froslass, L50, F|
|poke|p2|Sneasler, L50, M|
|poke|p2|Arcanine-Hisui, L50, M|
|poke|p2|Basculegion, L50, M|
|poke|p2|Kingambit, L50, F|
|teampreview|4
|showteam|p1|Charizard||CharizarditeY|SolarPower|AirSlash,HeatWave,Protect,SolarBeam|Timid||M|||50|]Venusaur||LifeOrb|Chlorophyll|GigaDrain,Protect,EarthPower,SludgeBomb|Modest||M|||50|]Whimsicott||FocusSash|Prankster|Taunt,Tailwind,SunnyDay,Moonblast|Timid||M|||50|]Luxray||SitrusBerry|Intimidate|WildCharge,Protect,VoltSwitch,Crunch|Sassy||M|||50|]Aegislash||SpellTag|StanceChange|ShadowSneak,KingsShield,WideGuard,IronHead|Adamant||M|||50|]Garchomp||YacheBerry|RoughSkin|DragonClaw,RockSlide,Earthquake,Protect|Jolly||F|||50|
|showteam|p2|Dragonite||Dragoninite|Multiscale|Protect,Tailwind,DragonPulse,Flamethrower|Modest||F|||50|]Froslass||Froslassite|CursedBody|Protect,Blizzard,ShadowBall,AuroraVeil|Timid||F|||50|]Sneasler||WhiteHerb|Unburden|Protect,CloseCombat,DireClaw,FakeOut|Jolly||M|||50|]Arcanine-Hisui||FocusSash|RockHead|FlareBlitz,HeadSmash,RockSlide,ExtremeSpeed|Jolly||M|||50|]Basculegion||ChoiceScarf|Adaptability|FlipTurn,WaveCrash,AquaJet,LastRespects|Adamant||M|||50|]Kingambit||ChopleBerry|Defiant|Protect,KowtowCleave,IronHead,SuckerPunch|Adamant||F|||50|
|c|ŌśåFrisk Azzy|ggwp
|c|ŌśåLittleSunLight|one sec
|c|ŌśåFrisk Azzy|no worries take all the time you need
|c|ŌśåFrisk Azzy|glhf
|
|t:|1784408455
|teamsize|p1|4
|teamsize|p2|4
|start
|switch|p1a: Bow|Garchomp, L50, F, shiny|100/100
|switch|p1b: Dr While|Whimsicott, L50, M|100/100
|switch|p2a: Chaos|Basculegion, L50, M|100/100
|switch|p2b: Mochi|Sneasler, L50, M|100/100
|turn|1
|
|t:|1784408493
|move|p1a: Bow|Protect|p1a: Bow
|-singleturn|p1a: Bow|Protect
|move|p2b: Mochi|Fake Out|p1b: Dr While
|-damage|p1b: Dr While|81/100
|cant|p1b: Dr While|flinch
|move|p2a: Chaos|Wave Crash|p1a: Bow
|-activate|p1a: Bow|move: Protect
|
|upkeep
|turn|2
|
|t:|1784408513
|move|p1b: Dr While|Tailwind|p1b: Dr While
|-sidestart|p1: Frisk Azzy|move: Tailwind
|move|p1a: Bow|Earthquake|p2a: Chaos|[spread] p1b,p2a,p2b
|-resisted|p1b: Dr While|1
|-supereffective|p2b: Mochi|1
|-damage|p1b: Dr While|57/100
|-damage|p2a: Chaos|50/100g
|-damage|p2b: Mochi|0 fnt
|faint|p2b: Mochi
|move|p2a: Chaos|Wave Crash|p1a: Bow
|-damage|p1a: Bow|15/100
|-damage|p2a: Chaos|38/100|[from] ability: Rough Skin|[of] p1a: Bow
|-damage|p2a: Chaos|12/100|[from] Recoil
|
|upkeep
|
|t:|1784408527
|switch|p2b: Elssssa|Froslass, L50, F|100/100
|turn|3
|
|t:|1784408537
|switch|p2a: Helix!|Dragonite, L50, F, shiny|100/100
|detailschange|p2b: Elssssa|Froslass-Mega, L50, F
|-mega|p2b: Elssssa|Froslass|Froslassite
|-weather|Snowscape|[from] ability: Snow Warning|[of] p2b: Elssssa
|move|p1b: Dr While|Sunny Day|p1b: Dr While
|-weather|SunnyDay
|move|p1a: Bow|Rock Slide|p2a: Helix!|[spread] p2a,p2b
|-supereffective|p2a: Helix!|1
|-supereffective|p2b: Elssssa|1
|-damage|p2a: Helix!|79/100
|-damage|p2b: Elssssa|31/100
|cant|p2b: Elssssa|flinch
|
|-weather|SunnyDay|[upkeep]
|upkeep
|turn|4
|
|t:|1784408554
|move|p1b: Dr While|Taunt|p2a: Helix!
|-start|p2a: Helix!|move: Taunt
|move|p1a: Bow|Rock Slide|p2b: Elssssa|[spread] p2a,p2b
|-supereffective|p2a: Helix!|1
|-supereffective|p2b: Elssssa|1
|-damage|p2a: Helix!|36/100
|-damage|p2b: Elssssa|0 fnt
|faint|p2b: Elssssa
|move|p2a: Helix!|Flamethrower|p1b: Dr While
|-supereffective|p1b: Dr While|1
|-damage|p1b: Dr While|0 fnt
|faint|p1b: Dr While
|
|-weather|SunnyDay|[upkeep]
|upkeep
|
|t:|1784408566
|switch|p2b: Chaos|Basculegion, L50, M|12/100
|switch|p1b: Hexcalibern|Aegislash, L50, M|100/100
|turn|5
|
|t:|1784408582
|move|p2b: Chaos|Aqua Jet|p1a: Bow
|-damage|p1a: Bow|2/100
|-damage|p2b: Chaos|1/100|[from] ability: Rough Skin|[of] p1a: Bow
|-formechange|p1b: Hexcalibern|Aegislash-Blade|
|move|p1b: Hexcalibern|Shadow Sneak|p2b: Chaos
|-supereffective|p2b: Chaos|1
|-damage|p2b: Chaos|0 fnt
|faint|p2b: Chaos
|move|p1a: Bow|Rock Slide|p2a: Helix!
|-supereffective|p2a: Helix!|1
|-damage|p2a: Helix!|0 fnt
|faint|p2a: Helix!
|
|win|Frisk Azzy
|c|ŌśåLittleSunLight|gg
|c|ŌśåFrisk Azzy|ggwp
