|j|☆Dosa16
|j|☆MiniBerg10
|html|Dosa16MiniBerg10    
|uhtml|bestof|Game 1 of a best-of-3
|t:|1757757958
|gametype|doubles
|player|p1|Dosa16|calem-masters|1093
|player|p2|MiniBerg10|lucas-gen4pt|1123
|gen|9
|tier|[Gen 9] VGC 2025 Reg H (Bo3)
|rated|
|rule|Species Clause: Limit one of each Pokémon
|rule|Item Clause: Limit 1 of each item
|clearpoke
|poke|p1|Flapple, L50, F|
|poke|p1|Sableye, L50, M|
|poke|p1|Yanmega, L50, M|
|poke|p1|Ursaluna, L50, M|
|poke|p1|Volcarona, L50, F|
|poke|p1|Milotic, L50, F|
|poke|p2|Pelipper, L50, M|
|poke|p2|Archaludon, L50, F|
|poke|p2|Maushold-Four, L50|
|poke|p2|Amoonguss, L50, M|
|poke|p2|Rillaboom, L50, F|
|poke|p2|Basculegion, L50, M|
|teampreview|4
|showteam|p1|Flapple||ChoiceBand|Hustle|GravApple,DragonRush,SuckerPunch,Uturn|||F|||50|,,,,,Fire]Sableye||MentalHerb|Prankster|Quash,Gravity,Encore,Disable|||M|||50|,,,,,Dark]Yanmega||CovertCloak|SpeedBoost|Tailwind,Hypnosis,BugBuzz,Protect|||M|||50|,,,,,Water]Ursaluna||FlameOrb|Guts|HeadlongRush,Facade,Protect,SupercellSlam|||M|||50|,,,,,Ghost]Volcarona||ChoiceSpecs|FlameBody|HeatWave,FireBlast,BugBuzz,TeraBlast|||F|||50|,,,,,Fairy]Milotic||SafetyGoggles|Competitive|LifeDew,MuddyWater,Haze,Hypnosis|||F|||50|,,,,,Water
|showteam|p2|Pelipper||CovertCloak|Drizzle|Hurricane,WeatherBall,HelpingHand,Tailwind|||M|||50|,,,,,Grass]Archaludon||AssaultVest|Stamina|ElectroShot,FlashCannon,DragonPulse,BodyPress|||F|||50|,,,,,Grass]Maushold-Four||FocusSash|FriendGuard|PopulationBomb,HelpingHand,FollowMe,Protect||||||50|,,,,,Ghost]Amoonguss||MentalHerb|Regenerator|Spore,RagePowder,PollenPuff,Protect|||M|||50|,,,,,Fire]Rillaboom||RockyHelmet|GrassySurge|FakeOut,WoodHammer,GrassyGlide,HighHorsepower|||F|||50|,,,,,Fire]Basculegion||ChoiceScarf|Adaptability|Liquidation,AquaJet,LastRespects,FlipTurn|||M|||50|,,,,,Water
|inactive|Battle timer is ON: inactive players will automatically lose when time's up. (requested by Dosa16)
|inactive|Dosa16 has 60 seconds left.
|
|t:|1757757994
|teamsize|p1|4
|teamsize|p2|4
|start
|switch|p1a: Sableye|Sableye, L50, M|100/100
|switch|p1b: Yanmega|Yanmega, L50, M, shiny|100/100
|switch|p2a: Archaludon|Archaludon, L50, F|100/100
|switch|p2b: Basculegion|Basculegion, L50, M|100/100
|turn|1
|inactive|Dosa16 has 30 seconds left.
|
|t:|1757758021
|move|p1a: Sableye|Gravity|p1a: Sableye
|-fieldstart|move: Gravity
|move|p2b: Basculegion|Flip Turn|p1a: Sableye
|-damage|p1a: Sableye|41/100
|
|t:|1757758025
|switch|p2b: Pelipper|Pelipper, L50, M|100/100|[from] Flip Turn
|-weather|RainDance|[from] ability: Drizzle|[of] p2b: Pelipper
|move|p1b: Yanmega|Hypnosis|p2a: Archaludon
|-status|p2a: Archaludon|slp|[from] move: Hypnosis
|cant|p2a: Archaludon|slp
|
|-weather|RainDance|[upkeep]
|-ability|p1b: Yanmega|Speed Boost|boost
|-boost|p1b: Yanmega|spe|1
|upkeep
|turn|2
|
|t:|1757758043
|switch|p1a: Flapple|Flapple, L50, F|100/100
|move|p1b: Yanmega|Hypnosis|p2b: Pelipper
|-status|p2b: Pelipper|slp|[from] move: Hypnosis
|cant|p2b: Pelipper|slp
|cant|p2a: Archaludon|slp
|
|-weather|RainDance|[upkeep]
|-ability|p1b: Yanmega|Speed Boost|boost
|-boost|p1b: Yanmega|spe|1
|upkeep
|turn|3
|
|t:|1757758052
|move|p1b: Yanmega|Tailwind|p1b: Yanmega
|-sidestart|p1: Dosa16|move: Tailwind
|move|p1a: Flapple|Dragon Rush|p2a: Archaludon
|-damage|p2a: Archaludon|18/100 slp
|-ability|p2a: Archaludon|Stamina|boost
|-boost|p2a: Archaludon|def|1
|cant|p2b: Pelipper|slp
|-curestatus|p2a: Archaludon|slp|[msg]
|move|p2a: Archaludon|Electro Shot||[still]
|-prepare|p2a: Archaludon|Electro Shot
|-boost|p2a: Archaludon|spa|1
|-anim|p2a: Archaludon|Electro Shot|p1b: Yanmega
|-supereffective|p1b: Yanmega
|-damage|p1b: Yanmega|0 fnt
|faint|p1b: Yanmega
|
|-weather|RainDance|[upkeep]
|upkeep
|
|t:|1757758066
|switch|p1b: Sableye|Sableye, L50, M|41/100
|turn|4
|
|t:|1757758078
|switch|p2a: Rillaboom|Rillaboom, L50, F, shiny|100/100
|-fieldstart|move: Grassy Terrain|[from] ability: Grassy Surge|[of] p2a: Rillaboom
|move|p1b: Sableye|Quash||[still]
|-fail|p1b: Sableye
|move|p1a: Flapple|Dragon Rush|p2a: Rillaboom
|-damage|p2a: Rillaboom|0 fnt
|-damage|p1a: Flapple|84/100|[from] item: Rocky Helmet|[of] p2a: Rillaboom
|faint|p2a: Rillaboom
|-curestatus|p2b: Pelipper|slp|[msg]
|move|p2b: Pelipper|Tailwind|p2b: Pelipper
|-sidestart|p2: MiniBerg10|move: Tailwind
|
|-weather|RainDance|[upkeep]
|-heal|p1a: Flapple|90/100|[from] Grassy Terrain
|-heal|p1b: Sableye|46/100|[from] Grassy Terrain
|upkeep
|
|t:|1757758091
|switch|p2a: Basculegion|Basculegion, L50, M|100/100
|turn|5
|
|t:|1757758110
|-terastallize|p1a: Flapple|Fire
|move|p1b: Sableye|Quash|p2a: Basculegion
|-activate|p2a: Basculegion|move: Quash
|move|p2b: Pelipper|Hurricane|p1a: Flapple
|-damage|p1a: Flapple|9/100
|move|p1a: Flapple|Dragon Rush|p2a: Basculegion
|-damage|p2a: Basculegion|0 fnt
|faint|p2a: Basculegion
|
|-weather|none
|-heal|p1a: Flapple|16/100|[from] Grassy Terrain
|-heal|p1b: Sableye|52/100|[from] Grassy Terrain
|-fieldend|move: Gravity
|upkeep
|
|t:|1757758118
|switch|p2a: Archaludon|Archaludon, L50, F|18/100
|turn|6
|inactive|Dosa16 has 30 seconds left.
|
|t:|1757758145
|-terastallize|p2a: Archaludon|Grass
|move|p1b: Sableye|Gravity|p1b: Sableye
|-fieldstart|move: Gravity
|move|p2b: Pelipper|Weather Ball|p1a: Flapple
|-damage|p1a: Flapple|0 fnt
|faint|p1a: Flapple
|move|p2a: Archaludon|Flash Cannon|p1b: Sableye
|-damage|p1b: Sableye|4/100
|
|-heal|p2a: Archaludon|23/100|[from] Grassy Terrain
|-heal|p1b: Sableye|9/100|[from] Grassy Terrain
|-sideend|p1: Dosa16|move: Tailwind
|upkeep
|
|t:|1757758160
|switch|p1a: Ursaluna|Ursaluna, L50, M, shiny|100/100
|turn|7
|inactive|Dosa16 has 30 seconds left.
|
|t:|1757758187
|move|p1a: Ursaluna|Protect|p1a: Ursaluna
|-singleturn|p1a: Ursaluna|Protect
|move|p1b: Sableye|Encore|p2a: Archaludon
|-start|p2a: Archaludon|Encore
|move|p2b: Pelipper|Weather Ball|p1b: Sableye
|-immune|p1b: Sableye
|move|p2a: Archaludon|Flash Cannon|p1b: Sableye
|-damage|p1b: Sableye|0 fnt
|faint|p1b: Sableye
|
|-heal|p2a: Archaludon|29/100|[from] Grassy Terrain
|-sideend|p2: MiniBerg10|move: Tailwind
|-status|p1a: Ursaluna|brn|[from] item: Flame Orb
|upkeep
|turn|8
|
|t:|1757758206
|move|p2b: Pelipper|Helping Hand|p2a: Archaludon
|-singleturn|p2a: Archaludon|Helping Hand|[of] p2b: Pelipper
|move|p2a: Archaludon|Flash Cannon|p1a: Ursaluna
|-damage|p1a: Ursaluna|42/100 brn
|move|p1a: Ursaluna|Supercell Slam|p2b: Pelipper
|-supereffective|p2b: Pelipper
|-damage|p2b: Pelipper|0 fnt
|faint|p2b: Pelipper
|
|-heal|p2a: Archaludon|35/100|[from] Grassy Terrain
|-heal|p1a: Ursaluna|48/100 brn|[from] Grassy Terrain
|-damage|p1a: Ursaluna|42/100 brn|[from] brn
|-fieldend|move: Grassy Terrain
|upkeep
|turn|9
|
|t:|1757758229
|move|p2a: Archaludon|Flash Cannon|p1a: Ursaluna
|-damage|p1a: Ursaluna|1/100 brn
|move|p1a: Ursaluna|Facade|p2a: Archaludon
|-damage|p2a: Archaludon|0 fnt
|faint|p2a: Archaludon
|
|win|Dosa16
||MiniBerg10 is ready for game 2.
|inactive|Dosa16 has 30 seconds to confirm battle start!
||Dosa16 is ready for game 2.
|uhtml|next|Next: Game 2 of 3
|l|☆Dosa16
|player|p1|
