|j|☆Moonman155
|j|☆tonsofpax
|html|Moonman155tonsofpax    
|uhtml|bestof|Game 1 of a best-of-3
|t:|1756751283
|gametype|doubles
|player|p1|Moonman155|170|
|player|p2|tonsofpax|bellelba|
|gen|9
|tier|[Gen 9] VGC 2025 Reg H (Bo3)
|rule|Species Clause: Limit one of each Pokémon
|rule|Item Clause: Limit 1 of each item
|clearpoke
|poke|p1|Bellibolt, L50, F|
|poke|p1|Pelipper, L50, M|
|poke|p1|Floatzel, L50, F|
|poke|p1|Amoonguss, L50, F|
|poke|p1|Bisharp, L50, M|
|poke|p1|Toxicroak, L50, F|
|poke|p2|Indeedee-F, L50, F|
|poke|p2|Oricorio-Sensu, L50, F|
|poke|p2|Tauros-Paldea-Blaze, L50, M|
|poke|p2|Gastrodon-East, L50, M|
|poke|p2|Ribombee, L50, M|
|poke|p2|Raichu, L50, M|
|teampreview|4
|showteam|p1|Bellibolt||AssaultVest|Electromorphosis|Thunder,MuddyWater,SuckerPunch,Electroweb|||F|||50|,,,,,Electric]Pelipper||FocusSash|Drizzle|Tailwind,WeatherBall,Hurricane,Protect|||M|||50|,,,,,Grass]Floatzel||ChoiceBand|SwiftSwim|FlipTurn,IceSpinner,WaveCrash,Crunch|||F|||50|,,,,,Water]Amoonguss||RockyHelmet|Regenerator|PollenPuff,RagePowder,Spore,Protect|||F|||50|,,,,,Ghost]Bisharp||Eviolite|Defiant|SuckerPunch,IronHead,Protect,SwordsDance|||M|||50|,,,,,Ghost]Toxicroak||SitrusBerry|DrySkin|FakeOut,DrainPunch,SwordsDance,PoisonJab|||F|||50|,,,,,Dark
|showteam|p2|Indeedee-F||RockyHelmet|PsychicSurge|FollowMe,TrickRoom,DazzlingGleam,HelpingHand|||F|||50|,,,,,Grass]Oricorio-Sensu||LifeOrb|Dancer|RevelationDance,AirSlash,QuiverDance,Protect|||F|||50|,,,,,Grass]Tauros-Paldea-Blaze||SafetyGoggles|Intimidate|FlareBlitz,CloseCombat,Protect,RagingBull|||M|||50|,,,,,Fire]Gastrodon-East||SitrusBerry|StormDrain|ClearSmog,EarthPower,Yawn,Protect|||M|||50|,,,,,Ghost]Ribombee||FocusSash|ShieldDust|Tailwind,QuiverDance,PollenPuff,Moonblast|||M|||50|,,,,,Fairy]Raichu||AssaultVest|LightningRod|FakeOut,Nuzzle,KnockOff,VoltSwitch|||M|||50|,,,,,Ghost
|inactive|Battle timer is ON: inactive players will automatically lose when time's up. (requested by Moonman155)
|inactive|tonsofpax has 60 seconds left.
|
|t:|1756751315
|teamsize|p1|4
|teamsize|p2|4
|start
|switch|p1a: Pelipper|Pelipper, L50, M|100/100
|switch|p1b: Toxicroak|Toxicroak, L50, F|100/100
|switch|p2a: Oriconsensus|Oricorio-Sensu, L50, F|100/100
|switch|p2b: Ribombagree|Ribombee, L50, M, shiny|100/100
|-weather|RainDance|[from] ability: Drizzle|[of] p1a: Pelipper
|turn|1
|inactive|Moonman155 has 30 seconds left.
|
|t:|1756751344
|move|p1b: Toxicroak|Fake Out|p2b: Ribombagree
|-damage|p2b: Ribombagree|80/100
|move|p2b: Ribombagree|Quiver Dance|p2b: Ribombagree
|-boost|p2b: Ribombagree|spa|1
|-boost|p2b: Ribombagree|spd|1
|-boost|p2b: Ribombagree|spe|1
|-activate|p2a: Oriconsensus|ability: Dancer
|move|p2a: Oriconsensus|Quiver Dance|p2a: Oriconsensus|[from] ability: Dancer
|-boost|p2a: Oriconsensus|spa|1
|-boost|p2a: Oriconsensus|spd|1
|-boost|p2a: Oriconsensus|spe|1
|move|p2a: Oriconsensus|Air Slash|p1b: Toxicroak
|-supereffective|p1b: Toxicroak
|-damage|p1b: Toxicroak|0 fnt
|faint|p1b: Toxicroak
|-damage|p2a: Oriconsensus|91/100|[from] item: Life Orb
|move|p1a: Pelipper|Hurricane|p2b: Ribombagree
|-supereffective|p2b: Ribombagree
|-damage|p2b: Ribombagree|0 fnt
|faint|p2b: Ribombagree
|
|-weather|RainDance|[upkeep]
|upkeep
|c|☆tonsofpax|Glhf
|inactive|Moonman155 has 30 seconds left.
|
|t:|1756751370
|switch|p2b: Right U R|Raichu, L50, M|100/100
|switch|p1b: Floatzel|Floatzel, L50, F|100/100
|turn|2
|
|t:|1756751389
|move|p2b: Right U R|Fake Out|p1b: Floatzel
|-damage|p1b: Floatzel|85/100
|cant|p1b: Floatzel|flinch
|move|p2a: Oriconsensus|Revelation Dance|p1b: Floatzel
|-damage|p1b: Floatzel|0 fnt
|faint|p1b: Floatzel
|-damage|p2a: Oriconsensus|81/100|[from] item: Life Orb
|move|p1a: Pelipper|Hurricane|p2b: Right U R
|-resisted|p2b: Right U R
|-damage|p2b: Right U R|80/100
|
|-weather|RainDance|[upkeep]
|upkeep
|
|t:|1756751396
|switch|p1b: Bisharp|Bisharp, L50, M|100/100
|turn|3
|
|t:|1756751411
|move|p2a: Oriconsensus|Protect|p2a: Oriconsensus
|-singleturn|p2a: Oriconsensus|Protect
|move|p1b: Bisharp|Sucker Punch||[still]
|-fail|p1b: Bisharp
|move|p2b: Right U R|Nuzzle|p1a: Pelipper
|-supereffective|p1a: Pelipper
|-damage|p1a: Pelipper|65/100
|-status|p1a: Pelipper|par
|move|p1a: Pelipper|Weather Ball|p2b: Right U R
|-damage|p2b: Right U R|20/100
|
|-weather|RainDance|[upkeep]
|upkeep
|turn|4
|inactive|tonsofpax has 30 seconds left.
|
|t:|1756751456
|-terastallize|p2a: Oriconsensus|Grass
|move|p1b: Bisharp|Sucker Punch|p2b: Right U R
|-damage|p2b: Right U R|0 fnt
|faint|p2b: Right U R
|move|p2a: Oriconsensus|Air Slash|p1b: Bisharp
|-resisted|p1b: Bisharp
|-damage|p1b: Bisharp|70/100
|-damage|p2a: Oriconsensus|71/100|[from] item: Life Orb
|move|p1a: Pelipper|Weather Ball|p2a: Oriconsensus
|-resisted|p2a: Oriconsensus
|-damage|p2a: Oriconsensus|42/100
|
|-weather|RainDance|[upkeep]
|upkeep
|
|t:|1756751469
|switch|p2b: Gastruedon|Gastrodon-East, L50, M|100/100
|turn|5
|
|t:|1756751488
|-terastallize|p1b: Bisharp|Ghost
|move|p2a: Oriconsensus|Protect|p2a: Oriconsensus
|-singleturn|p2a: Oriconsensus|Protect
|move|p1b: Bisharp|Iron Head|p2b: Gastruedon
|-resisted|p2b: Gastruedon
|-damage|p2b: Gastruedon|77/100
|cant|p1a: Pelipper|par
|move|p2b: Gastruedon|Earth Power|p1b: Bisharp
|-damage|p1b: Bisharp|32/100
|
|-weather|none
|upkeep
|turn|6
|
|t:|1756751511
|move|p2a: Oriconsensus|Revelation Dance|p1b: Bisharp
|-damage|p1b: Bisharp|0 fnt
|faint|p1b: Bisharp
|-damage|p2a: Oriconsensus|33/100|[from] item: Life Orb
|move|p1a: Pelipper|Hurricane|p2a: Oriconsensus
|-supereffective|p2a: Oriconsensus
|-damage|p2a: Oriconsensus|0 fnt
|faint|p2a: Oriconsensus
|move|p2b: Gastruedon|Clear Smog|p1a: Pelipper
|-damage|p1a: Pelipper|39/100 par
|-clearboost|p1a: Pelipper
|
|upkeep
|turn|7
|
|t:|1756751527
|move|p1a: Pelipper|Hurricane|p2b: Gastruedon
|-damage|p2b: Gastruedon|36/100
|-start|p2b: Gastruedon|confusion
|-enditem|p2b: Gastruedon|Sitrus Berry|[eat]
|-heal|p2b: Gastruedon|61/100|[from] item: Sitrus Berry
|-activate|p2b: Gastruedon|confusion
|-damage|p2b: Gastruedon|53/100|[from] confusion
|
|upkeep
|turn|8
|
|t:|1756751538
|move|p1a: Pelipper|Hurricane|p2b: Gastruedon
|-damage|p2b: Gastruedon|14/100
|-end|p2b: Gastruedon|confusion
|move|p2b: Gastruedon|Clear Smog|p1a: Pelipper
|-damage|p1a: Pelipper|12/100 par
|-clearboost|p1a: Pelipper
|
|upkeep
|turn|9
|
|t:|1756751548
|move|p2b: Gastruedon|Protect|p2b: Gastruedon
|-singleturn|p2b: Gastruedon|Protect
|move|p1a: Pelipper|Hurricane|p2b: Gastruedon
|-activate|p2b: Gastruedon|move: Protect
|
|upkeep
|turn|10
|
|t:|1756751554
|move|p1a: Pelipper|Protect|p1a: Pelipper
|-singleturn|p1a: Pelipper|Protect
|move|p2b: Gastruedon|Clear Smog|p1a: Pelipper
|-activate|p1a: Pelipper|move: Protect
|
|upkeep
|turn|11
|
|t:|1756751559
|move|p2b: Gastruedon|Protect|p2b: Gastruedon
|-singleturn|p2b: Gastruedon|Protect
|cant|p1a: Pelipper|par
|
|upkeep
|turn|12
|
|t:|1756751569
|cant|p1a: Pelipper|par
|move|p2b: Gastruedon|Clear Smog|p1a: Pelipper
|-damage|p1a: Pelipper|0 fnt
|-clearboost|p1a: Pelipper
|faint|p1a: Pelipper
|
|win|tonsofpax
||tonsofpax is ready for game 2.
|c|☆Moonman155|gr
||Moonman155 is ready for game 2.
|uhtml|next|Next: Game 2 of 3
