|j|☆JulesRen
|j|☆raucho
|html|JulesRenraucho    
|uhtml|bestof|Game 1 of a best-of-3
|t:|1756265251
|gametype|doubles
|player|p1|JulesRen|2|1051
|player|p2|raucho|n|1138
|gen|9
|tier|[Gen 9] VGC 2025 Reg H (Bo3)
|rated|
|rule|Species Clause: Limit one of each Pokémon
|rule|Item Clause: Limit 1 of each item
|clearpoke
|poke|p1|Archaludon, L50, F|
|poke|p1|Pelipper, L50, M|
|poke|p1|Amoonguss, L50, F|
|poke|p1|Sneasler, L50, M|
|poke|p1|Hydreigon, L50, F|
|poke|p1|Indeedee, L50, M|
|poke|p2|Gholdengo, L50|
|poke|p2|Dragonite, L50, M|
|poke|p2|Indeedee, L50, M|
|poke|p2|Sneasler, L50, F|
|poke|p2|Electabuzz, L50, F|
|poke|p2|Ursaluna-Bloodmoon, L50, M|
|teampreview|4
|showteam|p1|Archaludon||AssaultVest|Stamina|BodyPress,ElectroShot,DracoMeteor,FlashCannon|||F|||50|,,,,,Grass]Pelipper||FocusSash|Drizzle|Tailwind,WeatherBall,Hurricane,Uturn|||M|||50|,,,,,Ghost]Amoonguss||RockyHelmet|Regenerator|RagePowder,Spore,PollenPuff,Protect|||F|||50|,,,,,Water]Sneasler||PsychicSeed|Unburden|CloseCombat,Taunt,DireClaw,Protect|||M|||50|,,,,,Dark]Hydreigon||LifeOrb|Levitate|DarkPulse,EarthPower,DragonPulse,Protect|||F|||50|,,,,,Poison]Indeedee||ChoiceScarf|PsychicSurge|Trick,ExpandingForce,Imprison,TrickRoom|||M|||50|,,,,,Psychic
|showteam|p2|Gholdengo||ChoiceScarf|GoodasGold|MakeItRain,ShadowBall,Trick,Thunderbolt||||||50|,,,,,Steel]Dragonite||LoadedDice|Multiscale|ScaleShot,StompingTantrum,Haze,Tailwind|||M|||50|,,,,,Fairy]Indeedee||FocusSash|PsychicSurge|ExpandingForce,HelpingHand,TrickRoom,Protect|||M|||50|,,,,,Psychic]Sneasler||PsychicSeed|Unburden|DireClaw,CloseCombat,ThroatChop,Protect|||F|||50|,,,,,Dark]Electabuzz||Eviolite|VitalSpirit|Electroweb,HelpingHand,FollowMe,Protect|||F|||50|,,,,,Dragon]Ursaluna-Bloodmoon||LifeOrb|MindsEye|HyperVoice,BloodMoon,EarthPower,Protect|||M|||50|,,,,,Normal
|inactive|Battle timer is ON: inactive players will automatically lose when time's up. (requested by raucho)
|inactive|JulesRen has 60 seconds left.
|inactive|JulesRen has 30 seconds left.
|
|t:|1756265314
|teamsize|p1|4
|teamsize|p2|4
|start
|switch|p1a: Sneasler|Sneasler, L50, M|100/100
|switch|p1b: Indeedee|Indeedee, L50, M|100/100
|switch|p2a: Indeedee|Indeedee, L50, M, shiny|100/100
|switch|p2b: Sneasler|Sneasler, L50, F, shiny|100/100
|-fieldstart|move: Psychic Terrain|[from] ability: Psychic Surge|[of] p1b: Indeedee
|-enditem|p2b: Sneasler|Psychic Seed
|-boost|p2b: Sneasler|spd|1|[from] item: Psychic Seed
|-enditem|p1a: Sneasler|Psychic Seed
|-boost|p1a: Sneasler|spd|1|[from] item: Psychic Seed
|turn|1
|inactive|JulesRen has 30 seconds left.
|inactive|raucho has 30 seconds left.
|
|t:|1756265344
|move|p2b: Sneasler|Protect|p2b: Sneasler
|-singleturn|p2b: Sneasler|Protect
|move|p1a: Sneasler|Protect|p1a: Sneasler
|-singleturn|p1a: Sneasler|Protect
|move|p1b: Indeedee|Trick|p2a: Indeedee
|-activate|p1b: Indeedee|move: Trick|[of] p2a: Indeedee
|-item|p2a: Indeedee|Choice Scarf|[from] move: Trick
|-item|p1b: Indeedee|Focus Sash|[from] move: Trick
|move|p2a: Indeedee|Expanding Force|p1b: Indeedee|[spread] p1b
|-activate|p1a: Sneasler|move: Protect
|-resisted|p1b: Indeedee
|-damage|p1b: Indeedee|66/100
|
|upkeep
|turn|2
|inactive|JulesRen has 30 seconds left.
|inactive|raucho has 30 seconds left.
|inactive|JulesRen has 20 seconds left.
|inactive|JulesRen has 15 seconds left.
|inactive|JulesRen has 10 seconds left.
|
|t:|1756265394
|switch|p1a: Hydreigon|Hydreigon, L50, F, shiny|100/100
|move|p2b: Sneasler|Close Combat|p1a: Hydreigon
|-supereffective|p1a: Hydreigon
|-damage|p1a: Hydreigon|0 fnt
|-unboost|p2b: Sneasler|def|1
|-unboost|p2b: Sneasler|spd|1
|faint|p1a: Hydreigon
|move|p2a: Indeedee|Expanding Force|p1b: Indeedee
|-resisted|p1b: Indeedee
|-damage|p1b: Indeedee|22/100
|move|p1b: Indeedee|Expanding Force|p2a: Indeedee|[spread] p2a,p2b
|-resisted|p2a: Indeedee
|-supereffective|p2b: Sneasler
|-damage|p2a: Indeedee|67/100
|-damage|p2b: Sneasler|0 fnt
|faint|p2b: Sneasler
|
|upkeep
|
|t:|1756265410
|switch|p2b: Electabuzz|Electabuzz, L50, F, shiny|100/100
|switch|p1a: Sneasler|Sneasler, L50, M|100/100
|turn|3
|inactive|JulesRen has 30 seconds left.
|
|t:|1756265435
|-terastallize|p1a: Sneasler|Dark
|move|p2a: Indeedee|Expanding Force|p1b: Indeedee|[spread] p1b
|-immune|p1a: Sneasler
|-resisted|p1b: Indeedee
|-damage|p1b: Indeedee|0 fnt
|faint|p1b: Indeedee
|move|p1a: Sneasler|Dire Claw|p2b: Electabuzz
|-damage|p2b: Electabuzz|59/100
|move|p2b: Electabuzz|Electroweb|p1a: Sneasler
|-damage|p1a: Sneasler|75/100
|-unboost|p1a: Sneasler|spe|1
|
|upkeep
|
|t:|1756265440
|switch|p1b: Amoonguss|Amoonguss, L50, F|100/100
|turn|4
|
|t:|1756265457
|move|p2b: Electabuzz|Helping Hand|p2a: Indeedee
|-singleturn|p2a: Indeedee|Helping Hand|[of] p2b: Electabuzz
|move|p1b: Amoonguss|Protect|p1b: Amoonguss
|-singleturn|p1b: Amoonguss|Protect
|move|p2a: Indeedee|Expanding Force|p1b: Amoonguss|[spread] 
|-activate|p1b: Amoonguss|move: Protect
|-immune|p1a: Sneasler
|move|p1a: Sneasler|Dire Claw|p2a: Indeedee
|-damage|p2a: Indeedee|0 fnt
|faint|p2a: Indeedee
|
|upkeep
|
|t:|1756265464
|switch|p2a: Ursaluna|Ursaluna-Bloodmoon, L50, M|100/100
|turn|5
|
|t:|1756265480
|-terastallize|p2a: Ursaluna|Normal
|move|p2b: Electabuzz|Follow Me|p2b: Electabuzz
|-singleturn|p2b: Electabuzz|move: Follow Me
|move|p1b: Amoonguss|Rage Powder|p1b: Amoonguss
|-singleturn|p1b: Amoonguss|move: Rage Powder
|move|p1a: Sneasler|Close Combat|p2b: Electabuzz
|-damage|p2b: Electabuzz|0 fnt
|-unboost|p1a: Sneasler|def|1
|-unboost|p1a: Sneasler|spd|1
|faint|p2b: Electabuzz
|move|p2a: Ursaluna|Hyper Voice|p1b: Amoonguss|[spread] p1a,p1b
|-damage|p1a: Sneasler|0 fnt
|-damage|p1b: Amoonguss|45/100
|faint|p1a: Sneasler
|-damage|p2a: Ursaluna|91/100|[from] item: Life Orb
|
|-fieldend|move: Psychic Terrain
|upkeep
|turn|6
|
|t:|1756265496
|move|p2a: Ursaluna|Blood Moon|p1b: Amoonguss
|-crit|p1b: Amoonguss
|-damage|p1b: Amoonguss|0 fnt
|faint|p1b: Amoonguss
|-damage|p2a: Ursaluna|81/100|[from] item: Life Orb
|
|win|raucho
