|j|☆Jorsemon_Go
|j|☆Jj18697
|html|Jorsemon_GoJj18697    
|uhtml|bestof|Game 3 of a best-of-3
|t:|1757930130
|gametype|doubles
|player|p1|Jorsemon_Go|169|1075
|player|p2|Jj18697|170|1110
|gen|9
|tier|[Gen 9] VGC 2025 Reg H (Bo3)
|rated|
|rule|Species Clause: Limit one of each Pokémon
|rule|Item Clause: Limit 1 of each item
|clearpoke
|poke|p1|Sneasler, L50, F|
|poke|p1|Indeedee, L50, M|
|poke|p1|Volcarona, L50, M|
|poke|p1|Ursaluna-Bloodmoon, L50, M|
|poke|p1|Annihilape, L50, M|
|poke|p1|Tyranitar, L50, M|
|poke|p2|Gholdengo, L50|
|poke|p2|Ninetales-Alola, L50, F|
|poke|p2|Rillaboom, L50, F|
|poke|p2|Garchomp, L50, F|
|poke|p2|Kilowattrel, L50, M|
|poke|p2|Dondozo, L50, M|
|teampreview|4
|showteam|p1|Sneasler||PsychicSeed|Unburden|CloseCombat,DireClaw,ThroatChop,Protect|||F|||50|,,,,,Dark]Indeedee||ChoiceScarf|PsychicSurge|ExpandingForce,TeraBlast,Trick,Protect|||M|||50|,,,,,Psychic]Volcarona||SitrusBerry|FlameBody|Overheat,StruggleBug,RagePowder,Tailwind|||M|||50|,,,,,Grass]Ursaluna-Bloodmoon||LifeOrb|MindsEye|BloodMoon,HyperVoice,EarthPower,Protect|||M|||50|,,,,,Normal]Annihilape||SafetyGoggles|Defiant|CloseCombat,RageFist,Taunt,FinalGambit|||M|||50|,,,,,Fairy]Tyranitar||AssaultVest|SandStream|RockSlide,KnockOff,TeraBlast,LowKick|||M|||50|,,,,,Flying
|showteam|p2|Gholdengo||GrassySeed|GoodasGold|MakeItRain,ShadowBall,NastyPlot,Protect||||||50|,,,,,Water]Ninetales-Alola||LightClay|SnowWarning|AuroraVeil,IcyWind,FreezeDry,Encore|||F|||50|,,,,,Ghost]Rillaboom||AssaultVest|GrassySurge|FakeOut,WoodHammer,GrassyGlide,Uturn|||F|||50|,,,,,Fire]Garchomp||ClearAmulet|RoughSkin|StompingTantrum,DragonClaw,SwordsDance,Protect|||F|||50|,,,,,Fire]Kilowattrel||FocusSash|Competitive|Thunderbolt,AirSlash,Tailwind,Protect|||M|||50|,,,,,Ghost]Dondozo||Leftovers|Unaware|Liquidation,Yawn,Fissure,Protect|||M|||50|,,,,,Bug
|inactive|Battle timer is ON: inactive players will automatically lose when time's up. (requested by Jj18697)
|inactive|Jorsemon_Go has 60 seconds left.
|
|t:|1757930172
|teamsize|p1|4
|teamsize|p2|4
|start
|switch|p1a: Annihilape|Annihilape, L50, M|100/100
|switch|p1b: Sneasler|Sneasler, L50, F|100/100
|switch|p2a: Kilowattrel|Kilowattrel, L50, M|100/100
|switch|p2b: Dondozo|Dondozo, L50, M, shiny|100/100
|turn|1
|inactive|Jorsemon_Go has 30 seconds left.
|inactive|Jorsemon_Go has 20 seconds left.
|inactive|Jorsemon_Go has 15 seconds left.
|inactive|Jorsemon_Go has 10 seconds left.
|inactive|Jorsemon_Go has 5 seconds left.
|
|t:|1757930225
|switch|p1a: Indeedee|Indeedee, L50, M|100/100
|-fieldstart|move: Psychic Terrain|[from] ability: Psychic Surge|[of] p1a: Indeedee
|-enditem|p1b: Sneasler|Psychic Seed
|-boost|p1b: Sneasler|spd|1|[from] item: Psychic Seed
|-terastallize|p1b: Sneasler|Dark
|move|p1b: Sneasler|Dire Claw|p2a: Kilowattrel
|-damage|p2a: Kilowattrel|16/100
|move|p2a: Kilowattrel|Tailwind|p2a: Kilowattrel
|-sidestart|p2: Jj18697|move: Tailwind
|move|p2b: Dondozo|Fissure|p1b: Sneasler|[miss]
|-miss|p2b: Dondozo|p1b: Sneasler
|
|upkeep
|turn|2
|inactive|Jj18697 has 30 seconds left.
|
|t:|1757930251
|move|p2a: Kilowattrel|Thunderbolt|p1b: Sneasler
|-damage|p1b: Sneasler|61/100
|move|p1b: Sneasler|Dire Claw|p2b: Dondozo
|-damage|p2b: Dondozo|70/100
|-status|p2b: Dondozo|par
|move|p1a: Indeedee|Expanding Force|p2b: Dondozo|[spread] p2a,p2b
|-damage|p2a: Kilowattrel|0 fnt
|-damage|p2b: Dondozo|26/100 par
|faint|p2a: Kilowattrel
|move|p2b: Dondozo|Yawn|p1b: Sneasler
|-start|p1b: Sneasler|move: Yawn|[of] p2b: Dondozo
|
|-heal|p2b: Dondozo|32/100 par|[from] item: Leftovers
|upkeep
|
|t:|1757930256
|switch|p2a: Garchomp|Garchomp, L50, F|100/100
|turn|3
|
|t:|1757930280
|switch|p2b: Rillaboom|Rillaboom, L50, F, shiny|100/100
|-fieldstart|move: Grassy Terrain|[from] ability: Grassy Surge|[of] p2b: Rillaboom
|move|p2a: Garchomp|Protect|p2a: Garchomp
|-singleturn|p2a: Garchomp|Protect
|move|p1b: Sneasler|Close Combat|p2a: Garchomp
|-activate|p2a: Garchomp|move: Protect
|move|p1a: Indeedee|Expanding Force|p2b: Rillaboom
|-damage|p2b: Rillaboom|72/100
|
|-heal|p1b: Sneasler|67/100|[from] Grassy Terrain
|-heal|p2b: Rillaboom|78/100|[from] Grassy Terrain
|-end|p1b: Sneasler|move: Yawn|[silent]
|-status|p1b: Sneasler|slp
|upkeep
|turn|4
|inactive|Jorsemon_Go has 30 seconds left.
|
|t:|1757930309
|switch|p1a: Volcarona|Volcarona, L50, M|100/100
|cant|p1b: Sneasler|slp
|move|p2a: Garchomp|Swords Dance|p2a: Garchomp
|-boost|p2a: Garchomp|atk|2
|move|p2b: Rillaboom|U-turn|p1a: Volcarona
|-resisted|p1a: Volcarona
|-crit|p1a: Volcarona
|-damage|p1a: Volcarona|79/100
|
|t:|1757930319
|switch|p2b: Dondozo|Dondozo, L50, M, shiny|32/100 par|[from] U-turn
|
|-heal|p1b: Sneasler|73/100 slp|[from] Grassy Terrain
|-heal|p1a: Volcarona|85/100|[from] Grassy Terrain
|-heal|p2b: Dondozo|38/100 par|[from] Grassy Terrain
|-heal|p2b: Dondozo|45/100 par|[from] item: Leftovers
|-sideend|p2: Jj18697|move: Tailwind
|upkeep
|turn|5
|
|t:|1757930343
|-terastallize|p2a: Garchomp|Fire
|cant|p1b: Sneasler|slp
|move|p2a: Garchomp|Stomping Tantrum|p1b: Sneasler
|-damage|p1b: Sneasler|0 fnt
|faint|p1b: Sneasler
|move|p1a: Volcarona|Tailwind|p1a: Volcarona
|-sidestart|p1: Jorsemon_Go|move: Tailwind
|cant|p2b: Dondozo|par
|
|-heal|p1a: Volcarona|91/100|[from] Grassy Terrain
|-heal|p2b: Dondozo|51/100 par|[from] Grassy Terrain
|-heal|p2b: Dondozo|57/100 par|[from] item: Leftovers
|upkeep
|
|t:|1757930359
|switch|p1b: Annihilape|Annihilape, L50, M|100/100
|turn|6
|
|t:|1757930378
|move|p2a: Garchomp|Protect|p2a: Garchomp
|-singleturn|p2a: Garchomp|Protect
|move|p1a: Volcarona|Struggle Bug|p2a: Garchomp|[spread] p2b
|-activate|p2a: Garchomp|move: Protect
|-damage|p2b: Dondozo|43/100 par
|-unboost|p2b: Dondozo|spa|1
|move|p1b: Annihilape|Final Gambit|p2a: Garchomp
|-activate|p2a: Garchomp|move: Protect
|move|p2b: Dondozo|Liquidation|p1a: Volcarona
|-supereffective|p1a: Volcarona
|-damage|p1a: Volcarona|0 fnt
|faint|p1a: Volcarona
|
|-heal|p2b: Dondozo|49/100 par|[from] Grassy Terrain
|-heal|p2b: Dondozo|55/100 par|[from] item: Leftovers
|upkeep
|
|t:|1757930396
|switch|p1a: Indeedee|Indeedee, L50, M|100/100
|-fieldstart|move: Psychic Terrain|[from] ability: Psychic Surge|[of] p1a: Indeedee
|turn|7
|
|t:|1757930406
|move|p1a: Indeedee|Expanding Force|p2a: Garchomp|[spread] p2a,p2b
|-damage|p2a: Garchomp|52/100
|-damage|p2b: Dondozo|6/100 par
|move|p1b: Annihilape|Close Combat|p2a: Garchomp
|-damage|p2a: Garchomp|1/100
|-unboost|p1b: Annihilape|def|1
|-unboost|p1b: Annihilape|spd|1
|-damage|p1b: Annihilape|88/100|[from] ability: Rough Skin|[of] p2a: Garchomp
|move|p2a: Garchomp|Dragon Claw|p1b: Annihilape
|-damage|p1b: Annihilape|0 fnt
|faint|p1b: Annihilape
|move|p2b: Dondozo|Liquidation|p1a: Indeedee
|-damage|p1a: Indeedee|16/100
|
|-heal|p2b: Dondozo|13/100 par|[from] item: Leftovers
|upkeep
|turn|8
|
|t:|1757930425
|move|p2a: Garchomp|Protect|p2a: Garchomp
|-singleturn|p2a: Garchomp|Protect
|move|p1a: Indeedee|Expanding Force|p2a: Garchomp|[spread] p2b
|-activate|p2a: Garchomp|move: Protect
|-damage|p2b: Dondozo|0 fnt
|faint|p2b: Dondozo
|
|-sideend|p1: Jorsemon_Go|move: Tailwind
|upkeep
|
|t:|1757930431
|switch|p2b: Rillaboom|Rillaboom, L50, F, shiny|78/100
|-fieldstart|move: Grassy Terrain|[from] ability: Grassy Surge|[of] p2b: Rillaboom
|turn|9
|
|t:|1757930439
|move|p2b: Rillaboom|Fake Out|p1a: Indeedee
|-damage|p1a: Indeedee|0 fnt
|faint|p1a: Indeedee
|
|win|Jj18697
|raw|Jorsemon_Go's rating: 1075 → 1056(-19 for losing)
|raw|Jj18697's rating: 1110 → 1132(+22 for winning)
|l|☆Jj18697
|player|p2|
