|j|☆Chesny Fumador
|j|☆enztau7
|html|Chesny Fumadorenztau7    
|uhtml|bestof|Game 2 of a best-of-3
|t:|1782757702
|gametype|doubles
|player|p1|Chesny Fumador|1|
|player|p2|enztau7|pokekid|
|gen|9
|tier|[Gen 9 Champions] VGC 2026 Reg M-B (Bo3)
|rule|Species Clause: Limit one of each Pokémon
|rule|Item Clause: Limit 1 of each item
|clearpoke
|poke|p1|Annihilape, L50, M|
|poke|p1|Maushold-Four, L50|
|poke|p1|Floette-Eternal, L50, F|
|poke|p1|Sinistcha, L50|
|poke|p1|Tyranitar, L50, F|
|poke|p1|Ceruledge, L50, M|
|poke|p2|Mawile, L50, M|
|poke|p2|Pelipper, L50, F|
|poke|p2|Basculegion, L50, M|
|poke|p2|Archaludon, L50, M|
|poke|p2|Swampert, L50, F|
|poke|p2|Sinistcha-Masterpiece, L50|
|teampreview|4
|showteam|p1|Annihilape||Leftovers|Defiant|RageFist,DrainPunch,BulkUp,Protect|Adamant||M|||50|]Maushold-Four||ChopleBerry|FriendGuard|Taunt,BeatUp,FollowMe,Protect|Timid|||||50|]Floette-Eternal||Floettite|FlowerVeil|Moonblast,DazzlingGleam,CalmMind,Protect|Modest||F|||50|]Sinistcha||SitrusBerry|Hospitality|MatchaGotcha,RagePowder,TrickRoom,Protect|Calm|||||50|]Tyranitar||Tyranitarite|SandStream|Protect,RockSlide,KnockOff,DragonDance|Jolly||F|||50|]Ceruledge||ColburBerry|FlashFire|BitterBlade,ShadowSneak,BulkUp,Protect|Adamant||M|||50|
|showteam|p2|Mawile||Mawilite|HyperCutter|PlayRough,SuckerPunch,BrickBreak,Protect|Adamant||M|||50|]Pelipper||FocusSash|Drizzle|WeatherBall,Hurricane,WideGuard,Tailwind|Modest||F|||50|]Basculegion||ChoiceScarf|Adaptability|FlipTurn,LastRespects,AquaJet,WaveCrash|Jolly||M|||50|]Archaludon||Leftovers|Stamina|DragonPulse,ElectroShot,FlashCannon,Protect|Modest||M|||50|]Swampert||Swampertite|Damp|HighHorsepower,WaveCrash,IcePunch,Protect|Adamant||F|||50|]Sinistcha-Masterpiece||KasibBerry|Hospitality|MatchaGotcha,RagePowder,TrickRoom,Protect|Bold|||||50|
|inactive|Battle timer is ON: inactive players will automatically lose when time's up. (requested by Chesny Fumador)
|
|t:|1782757768
|teamsize|p1|4
|teamsize|p2|4
|start
|switch|p1a: Floette|Floette-Eternal, L50, F|100/100
|switch|p1b: Maushold|Maushold-Four, L50|100/100
|switch|p2a: Basculegion|Basculegion, L50, M|100/100
|switch|p2b: Archaludon|Archaludon, L50, M|100/100
|turn|1
|inactive|Chesny Fumador has 30 seconds left.
|inactive|enztau7 has 30 seconds left.
|
|t:|1782757803
|switch|p2b: Pelipper|Pelipper, L50, F|100/100
|-weather|RainDance|[from] ability: Drizzle|[of] p2b: Pelipper
|detailschange|p1a: Floette|Floette-Mega, L50, F
|-mega|p1a: Floette|Floette|Floettite
|-ability|p1a: Floette|Fairy Aura
|move|p1b: Maushold|Follow Me|p1b: Maushold
|-singleturn|p1b: Maushold|move: Follow Me
|move|p2a: Basculegion|Wave Crash|p1b: Maushold
|-damage|p1b: Maushold|0 fnt
|faint|p1b: Maushold
|-damage|p2a: Basculegion|70/100|[from] Recoil
|move|p1a: Floette|Moonblast|p2b: Pelipper
|-enditem|p2b: Pelipper|Focus Sash
|-damage|p2b: Pelipper|1/100
|
|-weather|RainDance|[upkeep]
|upkeep
|
|t:|1782757808
|switch|p1b: Tyranitar|Tyranitar, L50, F|100/100
|-weather|Sandstorm|[from] ability: Sand Stream|[of] p1b: Tyranitar
|turn|2
|
|t:|1782757832
|switch|p2b: Mawile|Mawile, L50, M|100/100
|move|p2a: Basculegion|Wave Crash|p1b: Tyranitar
|-supereffective|p1b: Tyranitar|1
|-damage|p1b: Tyranitar|0 fnt
|faint|p1b: Tyranitar
|-damage|p2a: Basculegion|40/100|[from] Recoil
|move|p1a: Floette|Moonblast|p2b: Mawile
|-resisted|p2b: Mawile|1
|-damage|p2b: Mawile|30/100
|
|-weather|Sandstorm|[upkeep]
|-damage|p2a: Basculegion|34/100|[from] Sandstorm
|-damage|p1a: Floette|93/100|[from] Sandstorm
|upkeep
|
|t:|1782757841
|switch|p1b: Sinistcha|Sinistcha, L50|100/100
|-heal|p1a: Floette|100/100|[from] ability: Hospitality|[of] p1b: Sinistcha
|turn|3
|inactive|enztau7 has 30 seconds left.
|
|t:|1782757870
|switch|p2a: Pelipper|Pelipper, L50, F|1/100
|-weather|RainDance|[from] ability: Drizzle|[of] p2a: Pelipper
|switch|p2b: Archaludon|Archaludon, L50, M|100/100
|move|p1b: Sinistcha|Rage Powder|p1b: Sinistcha
|-singleturn|p1b: Sinistcha|move: Rage Powder
|move|p1a: Floette|Dazzling Gleam|p2a: Pelipper|[spread] p2a,p2b
|-damage|p2a: Pelipper|0 fnt
|-damage|p2b: Archaludon|55/100
|-ability|p2b: Archaludon|Stamina|boost
|-boost|p2b: Archaludon|def|1
|faint|p2a: Pelipper
|
|-weather|RainDance|[upkeep]
|-heal|p2b: Archaludon|61/100|[from] item: Leftovers
|upkeep
|
|t:|1782757886
|switch|p2a: Basculegion|Basculegion, L50, M|34/100
|turn|4
|inactive|Chesny Fumador has 30 seconds left.
|inactive|Chesny Fumador has 20 seconds left.
|inactive|Chesny Fumador has 15 seconds left.
|inactive|Chesny Fumador has 10 seconds left.
|inactive|Chesny Fumador has 5 seconds left.
|
|t:|1782757939
|move|p1b: Sinistcha|Protect|p1b: Sinistcha
|-singleturn|p1b: Sinistcha|Protect
|move|p2a: Basculegion|Last Respects|p1b: Sinistcha
|-activate|p1b: Sinistcha|move: Protect
|move|p1a: Floette|Moonblast|p2b: Archaludon
|-damage|p2b: Archaludon|0 fnt
|faint|p2b: Archaludon
|
|-weather|RainDance|[upkeep]
|upkeep
|
|t:|1782757948
|switch|p2b: Mawile|Mawile, L50, M|30/100
|turn|5
|
|t:|1782757956
|detailschange|p2b: Mawile|Mawile-Mega, L50, M
|-mega|p2b: Mawile|Mawile|Mawilite
|move|p1b: Sinistcha|Rage Powder|p1b: Sinistcha
|-singleturn|p1b: Sinistcha|move: Rage Powder
|move|p2a: Basculegion|Last Respects|p1b: Sinistcha
|-supereffective|p1b: Sinistcha|1
|-damage|p1b: Sinistcha|0 fnt
|faint|p1b: Sinistcha
|move|p1a: Floette|Dazzling Gleam|p2b: Mawile|[spread] p2a,p2b
|-resisted|p2b: Mawile|1
|-damage|p2a: Basculegion|0 fnt
|-damage|p2b: Mawile|1/100
|faint|p2a: Basculegion
|move|p2b: Mawile|Play Rough|p1a: Floette
|-damage|p1a: Floette|0 fnt
|faint|p1a: Floette
|
|win|enztau7
|l|☆Chesny Fumador
|player|p1|
