|j|☆Jysch
|j|☆axcoquette
|html|Jyschaxcoquette    
|uhtml|bestof|Game 2 of a best-of-3
|t:|1782348038
|gametype|doubles
|player|p1|Jysch|boarder|1122
|player|p2|axcoquette|maid|1045
|gen|9
|tier|[Gen 9 Champions] VGC 2026 Reg M-B (Bo3)
|rated|
|rule|Species Clause: Limit one of each Pokémon
|rule|Item Clause: Limit 1 of each item
|clearpoke
|poke|p1|Pyroar, L50, F, shiny|
|poke|p1|Sceptile, L50, F, shiny|
|poke|p1|Rotom-Wash, L50, shiny|
|poke|p1|Torkoal, L50, M, shiny|
|poke|p1|Farigiraf, L50, M, shiny|
|poke|p1|Kingambit, L50, F, shiny|
|poke|p2|Charizard, L50, M|
|poke|p2|Floette-Eternal, L50, F|
|poke|p2|Basculegion, L50, M|
|poke|p2|Kingambit, L50, M|
|poke|p2|Garchomp, L50, M|
|poke|p2|Whimsicott, L50, F|
|teampreview|4
|showteam|p1|Pyroar||Pyroarite|Rivalry|Overheat,HeatWave,Protect,SolarBeam|Timid||F|||50|]Sceptile||Sceptilite|Overgrow|EarthPower,DragonPulse,EnergyBall,Protect|Modest||F|||50|]Rotom-Wash||ChoiceScarf|Levitate|Thunderbolt,HydroPump,WillOWisp,Discharge|Timid|||||50|]Torkoal||LifeOrb|Drought|Eruption,EarthPower,HeatWave,Protect|Quiet||M|||50|]Farigiraf||SitrusBerry|ArmorTail|TwinBeam,TrickRoom,HelpingHand,AllySwitch|Calm||M|||50|]Kingambit||BlackGlasses|Defiant|KowtowCleave,BrickBreak,Protect,IronHead|Adamant||F|||50|
|showteam|p2|Charizard||CharizarditeY|Blaze|HeatWave,WeatherBall,SolarBeam,Protect|Modest||M|||50|]Floette-Eternal||Floettite|FlowerVeil|DazzlingGleam,Moonblast,LightofRuin,Protect|Timid||F|||50|]Basculegion||MysticWater|Adaptability|WaveCrash,LastRespects,AquaJet,Protect|Adamant||M|||50|]Kingambit||BlackGlasses|Defiant|KowtowCleave,IronHead,SuckerPunch,Protect|Lonely||M|||50|]Garchomp||SitrusBerry|RoughSkin|DragonClaw,Earthquake,RockSlide,Protect|Jolly||M|||50|]Whimsicott||FocusSash|Prankster|Tailwind,Moonblast,Encore,Protect|Timid||F|||50|
|inactive|Battle timer is ON: inactive players will automatically lose when time's up. (requested by axcoquette)
|
|t:|1782348065
|teamsize|p1|4
|teamsize|p2|4
|start
|switch|p1a: Rotom|Rotom-Wash, L50, shiny|100/100
|switch|p1b: Sceptile|Sceptile, L50, F, shiny|100/100
|switch|p2a: Charizard|Charizard, L50, M|100/100
|switch|p2b: Garchomp|Garchomp, L50, M|100/100
|turn|1
|
|t:|1782348088
|detailschange|p1b: Sceptile|Sceptile-Mega, L50, F, shiny
|-mega|p1b: Sceptile|Sceptile|Sceptilite
|detailschange|p2a: Charizard|Charizard-Mega-Y, L50, M
|-mega|p2a: Charizard|Charizard|Charizardite Y
|-weather|SunnyDay|[from] ability: Drought|[of] p2a: Charizard
|move|p1b: Sceptile|Protect|p1b: Sceptile
|-singleturn|p1b: Sceptile|Protect
|move|p1a: Rotom|Discharge|p2a: Charizard|[spread] p2a
|-activate|p1b: Sceptile|move: Protect
|-immune|p2b: Garchomp
|-supereffective|p2a: Charizard|1
|-damage|p2a: Charizard|58/100
|move|p2b: Garchomp|Rock Slide|p1a: Rotom|[spread] p1a
|-activate|p1b: Sceptile|move: Protect
|-damage|p1a: Rotom|81/100
|move|p2a: Charizard|Weather Ball|p1b: Sceptile
|-activate|p1b: Sceptile|move: Protect
|
|-weather|SunnyDay|[upkeep]
|upkeep
|turn|2
|
|t:|1782348113
|move|p1a: Rotom|Discharge|p2a: Charizard|[spread] p2a
|-ability|p1b: Sceptile|Lightning Rod|boost
|-boost|p1b: Sceptile|spa|1
|-immune|p2b: Garchomp
|-supereffective|p2a: Charizard|1
|-damage|p2a: Charizard|16/100
|-status|p2a: Charizard|par
|move|p1b: Sceptile|Dragon Pulse|p2b: Garchomp
|-supereffective|p2b: Garchomp|1
|-damage|p2b: Garchomp|0 fnt
|faint|p2b: Garchomp
|move|p2a: Charizard|Heat Wave|p1b: Sceptile|[spread] p1a,p1b
|-resisted|p1a: Rotom|1
|-damage|p1a: Rotom|50/100g
|-damage|p1b: Sceptile|15/100
|-status|p1b: Sceptile|brn
|
|-weather|SunnyDay|[upkeep]
|-damage|p1b: Sceptile|9/100 brn|[from] brn
|upkeep
|inactive|axcoquette has 30 seconds left.
|
|t:|1782348145
|switch|p2b: Kingambit|Kingambit, L50, M|100/100
|turn|3
|
|t:|1782348165
|switch|p1a: Farigiraf|Farigiraf, L50, M, shiny|100/100
|move|p2b: Kingambit|Protect|p2b: Kingambit
|-singleturn|p2b: Kingambit|Protect
|move|p2a: Charizard|Protect|p2a: Charizard
|-singleturn|p2a: Charizard|Protect
|move|p1b: Sceptile|Earth Power|p2b: Kingambit
|-activate|p2b: Kingambit|move: Protect
|
|-weather|SunnyDay|[upkeep]
|-damage|p1b: Sceptile|3/100 brn|[from] brn
|upkeep
|turn|4
|
|t:|1782348185
|switch|p2b: Basculegion|Basculegion, L50, M|100/100
|move|p1b: Sceptile|Earth Power|p2b: Basculegion
|-damage|p2b: Basculegion|36/100
|move|p2a: Charizard|Weather Ball|p1a: Farigiraf
|-damage|p1a: Farigiraf|27/100
|-enditem|p1a: Farigiraf|Sitrus Berry|[eat]
|-heal|p1a: Farigiraf|52/100|[from] item: Sitrus Berry
|move|p1a: Farigiraf|Trick Room|p1a: Farigiraf
|-fieldstart|move: Trick Room|[of] p1a: Farigiraf
|
|-weather|SunnyDay|[upkeep]
|-damage|p1b: Sceptile|0 fnt|[from] brn
|faint|p1b: Sceptile
|upkeep
|
|t:|1782348193
|switch|p1b: Kingambit|Kingambit, L50, F, shiny|100/100
|turn|5
|inactive|axcoquette has 30 seconds left.
|inactive|axcoquette has 20 seconds left.
|inactive|axcoquette has 15 seconds left.
|inactive|axcoquette has 10 seconds left.
|
|t:|1782348239
|move|p2a: Charizard|Heat Wave|p1a: Farigiraf|[spread] p1a,p1b
|-crit|p1a: Farigiraf
|-supereffective|p1b: Kingambit|1
|-damage|p1a: Farigiraf|0 fnt
|-damage|p1b: Kingambit|0 fnt
|faint|p1a: Farigiraf
|faint|p1b: Kingambit
|move|p2b: Basculegion|Wave Crash|p1: Farigiraf|[notarget]
|-fail|p2b: Basculegion
|
|-weather|none
|upkeep
|
|t:|1782348248
|switch|p1b: Rotom|Rotom-Wash, L50, shiny|50/100g
|turn|6
|
|t:|1782348254
|move|p2b: Basculegion|Aqua Jet|p1b: Rotom
|-resisted|p1b: Rotom|1
|-damage|p1b: Rotom|34/100
|cant|p2a: Charizard|par
|move|p1b: Rotom|Discharge|p2a: Charizard|[spread] p2a,p2b
|-supereffective|p2a: Charizard|1
|-supereffective|p2b: Basculegion|1
|-damage|p2a: Charizard|0 fnt
|-damage|p2b: Basculegion|0 fnt
|faint|p2a: Charizard
|faint|p2b: Basculegion
|
|upkeep
|
|t:|1782348267
|switch|p2b: Kingambit|Kingambit, L50, M|100/100
|turn|7
|
|t:|1782348271
|move|p2b: Kingambit|Sucker Punch|p1b: Rotom
|-damage|p1b: Rotom|0 fnt
|faint|p1b: Rotom
|
|win|axcoquette
|raw|Jysch's rating: 1122 → 1092(-30 for losing)
|raw|axcoquette's rating: 1045 → 1086(+41 for winning)
|l|☆Jysch
|player|p1|
