|j|☆mmaaxxkk
|j|☆SirNeru
|html|mmaaxxkkSirNeru    
|uhtml|bestof|Game 1 of a best-of-3
|t:|1757181237
|gametype|doubles
|player|p1|mmaaxxkk|waitress-gen4|1036
|player|p2|SirNeru|2|1201
|gen|9
|tier|[Gen 9] VGC 2025 Reg H (Bo3)
|rated|
|rule|Species Clause: Limit one of each Pokémon
|rule|Item Clause: Limit 1 of each item
|clearpoke
|poke|p1|Corviknight, L50, M|
|poke|p1|Garchomp, L50, F|
|poke|p1|Sneasler, L50, M|
|poke|p1|Incineroar, L50, M|
|poke|p1|Amoonguss, L50, M|
|poke|p1|Primarina, L50, F|
|poke|p2|Gholdengo, L50|
|poke|p2|Primarina, L50, M|
|poke|p2|Tyranitar, L50, F|
|poke|p2|Electabuzz, L50, F|
|poke|p2|Excadrill, L50, M|
|poke|p2|Dragonite, L50, M|
|teampreview|4
|showteam|p1|Corviknight||CovertCloak|MirrorArmor|BraveBird,BulkUp,Roost,Tailwind|||M|||50|,,,,,Poison]Garchomp||ClearAmulet|RoughSkin|Protect,EarthPower,StompingTantrum,DragonClaw|||F|||50|,,,,,Fairy]Sneasler||FocusSash|Unburden|CloseCombat,Protect,DireClaw,Taunt|||M|||50|,,,,,Stellar]Incineroar||AssaultVest|Intimidate|FakeOut,Uturn,FlareBlitz,KnockOff|||M|||50|,,,,,Bug]Amoonguss||SitrusBerry|Regenerator|Protect,PollenPuff,RagePowder,Spore|||M|||50|,,,,,Psychic]Primarina||ThroatSpray|LiquidVoice|HyperVoice,Moonblast,Protect,Haze|||F|||50|,,,,,Grass
|showteam|p2|Gholdengo||LifeOrb|GoodasGold|MakeItRain,NastyPlot,Protect,ShadowBall||||||50|,,,,,Dragon]Primarina||ThroatSpray|LiquidVoice|Moonblast,HyperVoice,Protect,IceBeam|||M|||50|,,,,,Poison]Tyranitar||AssaultVest|SandStream|RockSlide,IcyWind,KnockOff,TeraBlast|||F|||50|,,,,,Flying]Electabuzz||Eviolite|VitalSpirit|FollowMe,Electroweb,Taunt,Protect|||F|||50|,,,,,Ghost]Excadrill||FocusSash|SandRush|Earthquake,SwordsDance,RockSlide,Protect|||M|||50|,,,,,Stellar]Dragonite||LoadedDice|Multiscale|ScaleShot,Tailwind,Haze,IceSpinner|||M|||50|,,,,,Fairy
|c|☆mmaaxxkk|glhf
|inactive|Battle timer is ON: inactive players will automatically lose when time's up. (requested by mmaaxxkk)
|inactive|mmaaxxkk has 60 seconds left.
|inactive|mmaaxxkk has 30 seconds left.
|
|t:|1757181325
|teamsize|p1|4
|teamsize|p2|4
|start
|switch|p1a: Corviknight|Corviknight, L50, M|100/100
|switch|p1b: Incineroar|Incineroar, L50, M|100/100
|switch|p2a: Electabuzz|Electabuzz, L50, F, shiny|100/100
|switch|p2b: Tyranitar|Tyranitar, L50, F, shiny|100/100
|-weather|Sandstorm|[from] ability: Sand Stream|[of] p2b: Tyranitar
|-ability|p1b: Incineroar|Intimidate|boost
|-unboost|p2a: Electabuzz|atk|1
|-unboost|p2b: Tyranitar|atk|1
|turn|1
|inactive|mmaaxxkk has 30 seconds left.
|c|☆SirNeru|Glhf
|inactive|mmaaxxkk has 20 seconds left.
|
|t:|1757181362
|move|p2a: Electabuzz|Electroweb|p1b: Incineroar|[spread] p1a,p1b
|-supereffective|p1a: Corviknight
|-damage|p1a: Corviknight|80/100
|-damage|p1b: Incineroar|93/100
|-unboost|p1b: Incineroar|spe|1
|move|p1a: Corviknight|Brave Bird|p2a: Electabuzz
|-resisted|p2a: Electabuzz
|-damage|p2a: Electabuzz|84/100
|-damage|p1a: Corviknight|76/100|[from] Recoil
|move|p2b: Tyranitar|Rock Slide|p1b: Incineroar|[spread] p1a,p1b
|-supereffective|p1b: Incineroar
|-damage|p1a: Corviknight|59/100
|-damage|p1b: Incineroar|48/100
|move|p1b: Incineroar|U-turn|p2b: Tyranitar
|-supereffective|p2b: Tyranitar
|-damage|p2b: Tyranitar|64/100
|
|t:|1757181384
|switch|p1b: Garchomp|Garchomp, L50, F|100/100|[from] U-turn
|
|-weather|Sandstorm|[upkeep]
|-damage|p2a: Electabuzz|78/100|[from] Sandstorm
|upkeep
|turn|2
|inactive|mmaaxxkk has 30 seconds left.
|inactive|mmaaxxkk has 20 seconds left.
|c|☆SirNeru|Think you got the wrong move on chomp
|
|t:|1757181426
|move|p2a: Electabuzz|Protect|p2a: Electabuzz
|-singleturn|p2a: Electabuzz|Protect
|move|p1b: Garchomp|Stomping Tantrum|p2b: Tyranitar
|-supereffective|p2b: Tyranitar
|-damage|p2b: Tyranitar|0 fnt
|faint|p2b: Tyranitar
|move|p1a: Corviknight|Brave Bird|p2a: Electabuzz
|-activate|p2a: Electabuzz|move: Protect
|
|-weather|Sandstorm|[upkeep]
|-damage|p2a: Electabuzz|73/100|[from] Sandstorm
|upkeep
|c|☆mmaaxxkk|yeah I realize now lol
|
|t:|1757181436
|switch|p2b: Dragonite|Dragonite, L50, M|100/100
|turn|3
|c|☆SirNeru|I feel that lol
|inactive|mmaaxxkk has 30 seconds left.
|
|t:|1757181466
|-terastallize|p2b: Dragonite|Fairy
|move|p1b: Garchomp|Protect|p1b: Garchomp
|-singleturn|p1b: Garchomp|Protect
|move|p2a: Electabuzz|Electroweb|p1b: Garchomp|[spread] p1a
|-activate|p1b: Garchomp|move: Protect
|-supereffective|p1a: Corviknight
|-damage|p1a: Corviknight|40/100
|move|p2b: Dragonite|Scale Shot|p1b: Garchomp
|-activate|p1b: Garchomp|move: Protect
|move|p1a: Corviknight|Brave Bird|p2b: Dragonite
|-damage|p2b: Dragonite|81/100
|-damage|p1a: Corviknight|35/100|[from] Recoil
|
|-weather|Sandstorm|[upkeep]
|-damage|p2a: Electabuzz|67/100|[from] Sandstorm
|-damage|p2b: Dragonite|75/100|[from] Sandstorm
|upkeep
|turn|4
|inactive|mmaaxxkk has 30 seconds left.
|inactive|mmaaxxkk has 20 seconds left.
|
|t:|1757181502
|-terastallize|p1b: Garchomp|Fairy
|move|p2a: Electabuzz|Follow Me|p2a: Electabuzz
|-singleturn|p2a: Electabuzz|move: Follow Me
|move|p1b: Garchomp|Stomping Tantrum|p2a: Electabuzz
|-supereffective|p2a: Electabuzz
|-damage|p2a: Electabuzz|0 fnt
|faint|p2a: Electabuzz
|move|p2b: Dragonite|Tailwind|p2b: Dragonite
|-sidestart|p2: SirNeru|move: Tailwind
|move|p1a: Corviknight|Tailwind|p1a: Corviknight
|-sidestart|p1: mmaaxxkk|move: Tailwind
|
|-weather|Sandstorm|[upkeep]
|-damage|p1b: Garchomp|94/100|[from] Sandstorm
|-damage|p2b: Dragonite|69/100|[from] Sandstorm
|upkeep
|
|t:|1757181509
|switch|p2a: Excadrill|Excadrill, L50, M, shiny|100/100
|turn|5
|
|t:|1757181529
|switch|p1a: Incineroar|Incineroar, L50, M|48/100
|-ability|p1a: Incineroar|Intimidate|boost
|-unboost|p2a: Excadrill|atk|1
|-unboost|p2b: Dragonite|atk|1
|move|p1b: Garchomp|Protect|p1b: Garchomp
|-singleturn|p1b: Garchomp|Protect
|move|p2a: Excadrill|Swords Dance|p2a: Excadrill
|-boost|p2a: Excadrill|atk|2
|move|p2b: Dragonite|Scale Shot|p1a: Incineroar
|-damage|p1a: Incineroar|37/100
|-damage|p1a: Incineroar|27/100
|-damage|p1a: Incineroar|16/100
|-damage|p1a: Incineroar|6/100
|-damage|p1a: Incineroar|0 fnt
|faint|p1a: Incineroar
|-hitcount|p1: Incineroar|5
|-unboost|p2b: Dragonite|def|1
|-boost|p2b: Dragonite|spe|1
|
|-weather|none
|upkeep
|
|t:|1757181545
|switch|p1a: Sneasler|Sneasler, L50, M|100/100
|turn|6
|
|t:|1757181565
|move|p2b: Dragonite|Scale Shot|p1a: Sneasler
|-damage|p1a: Sneasler|82/100
|-damage|p1a: Sneasler|64/100
|-damage|p1a: Sneasler|47/100
|-damage|p1a: Sneasler|30/100
|-damage|p1a: Sneasler|12/100
|-hitcount|p1a: Sneasler|5
|-unboost|p2b: Dragonite|def|1
|-boost|p2b: Dragonite|spe|1
|move|p1a: Sneasler|Close Combat|p2a: Excadrill
|-supereffective|p2a: Excadrill
|-enditem|p2a: Excadrill|Focus Sash
|-damage|p2a: Excadrill|1/100
|-unboost|p1a: Sneasler|def|1
|-unboost|p1a: Sneasler|spd|1
|move|p1b: Garchomp|Stomping Tantrum|p2a: Excadrill
|-supereffective|p2a: Excadrill
|-damage|p2a: Excadrill|0 fnt
|faint|p2a: Excadrill
|
|upkeep
|turn|7
|
|t:|1757181585
|move|p2b: Dragonite|Ice Spinner|p1b: Garchomp
|-damage|p1b: Garchomp|73/100
|-damage|p2b: Dragonite|57/100|[from] ability: Rough Skin|[of] p1b: Garchomp
|move|p1a: Sneasler|Dire Claw|p2b: Dragonite
|-supereffective|p2b: Dragonite
|-damage|p2b: Dragonite|0 fnt
|faint|p2b: Dragonite
|
|win|mmaaxxkk
||SirNeru is ready for game 2.
||mmaaxxkk is ready for game 2.
|uhtml|next|Next: Game 2 of 3
