|j|☆Hookmaster100
|j|☆Lorido
|html|Hookmaster100Lorido    
|uhtml|bestof|Game 2 of a best-of-3
|t:|1785485158
|gametype|doubles
|player|p1|Hookmaster100|1|1098
|player|p2|Lorido|102|1222
|gen|9
|tier|[Gen 9 Champions] VGC 2026 Reg M-B (Bo3)
|rated|
|rule|Species Clause: Limit one of each Pokémon
|rule|Item Clause: Limit 1 of each item
|clearpoke
|poke|p1|Tyranitar, L50, M|
|poke|p1|Milotic, L50, F|
|poke|p1|Vivillon-Fancy, L50, M|
|poke|p1|Wyrdeer, L50, M|
|poke|p1|Gholdengo, L50|
|poke|p1|Staraptor, L50, M|
|poke|p2|Delphox, L50, F|
|poke|p2|Incineroar, L50, F|
|poke|p2|Floette-Eternal, L50, F|
|poke|p2|Kingambit, L50, F|
|poke|p2|Sinistcha, L50|
|poke|p2|Sneasler, L50, F|
|teampreview|4
|showteam|p1|Tyranitar||Tyranitarite|SandStream|RockSlide,Protect,Crunch,DragonDance|Careful||M|||50|]Milotic||Leftovers|Competitive|Haze,Scald,AlluringVoice,Protect|Calm||F|||50|]Vivillon-Fancy||ChoiceScarf|CompoundEyes|SleepPowder,Tailwind,Whirlwind,Uturn|Jolly||M|||50|]Wyrdeer||FocusSash|Intimidate|SkillSwap,BodySlam,Hypnosis,Roar|Jolly||M|||50|]Gholdengo||LifeOrb|GoodasGold|MakeItRain,ShadowBall,Thunderbolt,Protect|Modest|||||50|]Staraptor||Staraptite|Intimidate|CloseCombat,DualWingbeat,BraveBird,Protect|Adamant||M|||50|
|showteam|p2|Delphox||Delphoxite|Blaze|HeatWave,Psychic,NastyPlot,Protect|Timid||F|||50|]Incineroar||SitrusBerry|Intimidate|FlareBlitz,DarkestLariat,FakeOut,PartingShot|Careful||F|||50|]Floette-Eternal||Floettite|FlowerVeil|DazzlingGleam,DrainingKiss,CalmMind,Protect|Bold||F|||50|]Kingambit||BlackGlasses|Defiant|KowtowCleave,SuckerPunch,SwordsDance,Protect|Adamant||F|||50|]Sinistcha||OccaBerry|Hospitality|MatchaGotcha,RagePowder,TrickRoom,Protect|Bold|||||50|]Sneasler||FocusSash|PoisonTouch|CloseCombat,PoisonJab,FakeOut,QuickGuard|Jolly||F|||50|
|inactive|Battle timer is ON: inactive players will automatically lose when time's up. (requested by Hookmaster100)
|inactive|Lorido has 60 seconds left.
|
|t:|1785485196
|teamsize|p1|4
|teamsize|p2|4
|start
|switch|p1a: Vivillon|Vivillon-Fancy, L50, M|100/100
|switch|p1b: Staraptor|Staraptor, L50, M|100/100
|switch|p2a: Sinistcha|Sinistcha, L50|100/100
|switch|p2b: Kingambit|Kingambit, L50, F|100/100
|-ability|p1b: Staraptor|Intimidate|boost
|-unboost|p2a: Sinistcha|atk|1
|-unboost|p2b: Kingambit|atk|1
|-ability|p2b: Kingambit|Defiant|boost
|-boost|p2b: Kingambit|atk|2
|turn|1
|inactive|Lorido has 30 seconds left.
|
|t:|1785485226
|detailschange|p1b: Staraptor|Staraptor-Mega, L50, M
|-mega|p1b: Staraptor|Staraptor|Staraptite
|move|p2a: Sinistcha|Protect|p2a: Sinistcha
|-singleturn|p2a: Sinistcha|Protect
|move|p1a: Vivillon|Sleep Powder|p2b: Kingambit
|-status|p2b: Kingambit|slp|[from] move: Sleep Powder
|move|p1b: Staraptor|Brave Bird|p2a: Sinistcha
|-activate|p2a: Sinistcha|move: Protect
|cant|p2b: Kingambit|slp
|
|upkeep
|turn|2
|
|t:|1785485250
|move|p2a: Sinistcha|Rage Powder|p2a: Sinistcha
|-singleturn|p2a: Sinistcha|move: Rage Powder
|move|p1a: Vivillon|Sleep Powder|p2a: Sinistcha
|-immune|p2a: Sinistcha
|move|p1b: Staraptor|Close Combat|p2a: Sinistcha
|-immune|p2a: Sinistcha
|-curestatus|p2b: Kingambit|slp|[msg]
|move|p2b: Kingambit|Kowtow Cleave|p1a: Vivillon
|-damage|p1a: Vivillon|0 fnt
|faint|p1a: Vivillon
|
|upkeep
|
|t:|1785485262
|switch|p1a: Milotic|Milotic, L50, F|100/100
|turn|3
|
|t:|1785485278
|move|p1b: Staraptor|Brave Bird|p2a: Sinistcha
|-supereffective|p2a: Sinistcha|1
|-damage|p2a: Sinistcha|0 fnt
|faint|p2a: Sinistcha
|-damage|p1b: Staraptor|63/100|[from] Recoil
|move|p1a: Milotic|Scald|p2b: Kingambit
|-damage|p2b: Kingambit|78/100
|move|p2b: Kingambit|Kowtow Cleave|p1a: Milotic
|-damage|p1a: Milotic|25/100
|
|-heal|p1a: Milotic|31/100|[from] item: Leftovers
|upkeep
|
|t:|1785485290
|switch|p2a: Sneasler|Sneasler, L50, F|100/100
|turn|4
|
|t:|1785485318
|move|p1b: Staraptor|Protect|p1b: Staraptor
|-singleturn|p1b: Staraptor|Protect
|move|p1a: Milotic|Protect|p1a: Milotic
|-singleturn|p1a: Milotic|Protect
|move|p2b: Kingambit|Protect|p2b: Kingambit
|-singleturn|p2b: Kingambit|Protect
|move|p2a: Sneasler|Close Combat|p1a: Milotic
|-activate|p1a: Milotic|move: Protect
|
|-heal|p1a: Milotic|37/100|[from] item: Leftovers
|upkeep
|turn|5
|
|t:|1785485333
|switch|p2b: Floette|Floette-Eternal, L50, F|100/100
|move|p2a: Sneasler|Close Combat|p1a: Milotic
|-damage|p1a: Milotic|0 fnt
|-unboost|p2a: Sneasler|def|1
|-unboost|p2a: Sneasler|spd|1
|faint|p1a: Milotic
|move|p1b: Staraptor|Close Combat|p2b: Floette
|-resisted|p2b: Floette|1
|-damage|p2b: Floette|69/100
|-boost|p1b: Staraptor|def|1
|-boost|p1b: Staraptor|spd|1
|
|upkeep
|
|t:|1785485343
|switch|p1a: Tyranitar|Tyranitar, L50, M|100/100
|-weather|Sandstorm|[from] ability: Sand Stream|[of] p1a: Tyranitar
|turn|6
|inactive|Lorido has 30 seconds left.
|
|t:|1785485375
|switch|p2a: Kingambit|Kingambit, L50, F|78/100
|detailschange|p2b: Floette|Floette-Mega, L50, F
|-mega|p2b: Floette|Floette|Floettite
|-ability|p2b: Floette|Fairy Aura
|move|p1a: Tyranitar|Protect|p1a: Tyranitar
|-singleturn|p1a: Tyranitar|Protect
|move|p1b: Staraptor|Dual Wingbeat|p2a: Kingambit
|-resisted|p2a: Kingambit|1
|-damage|p2a: Kingambit|70/100
|-resisted|p2a: Kingambit|1
|-damage|p2a: Kingambit|61/100
|-hitcount|p2a: Kingambit|2
|move|p2b: Floette|Draining Kiss|p1b: Staraptor
|-supereffective|p1b: Staraptor|1
|-damage|p1b: Staraptor|14/100
|-heal|p2b: Floette|100/100|[from] drain|[of] p1b: Staraptor
|
|-weather|Sandstorm|[upkeep]
|-damage|p1b: Staraptor|8/100|[from] Sandstorm
|-damage|p2b: Floette|94/100|[from] Sandstorm
|upkeep
|turn|7
|inactive|Lorido has 30 seconds left.
|
|t:|1785485405
|move|p1b: Staraptor|Close Combat|p2a: Kingambit
|-supereffective|p2a: Kingambit|2
|-damage|p2a: Kingambit|0 fnt
|-boost|p1b: Staraptor|def|1
|-boost|p1b: Staraptor|spd|1
|faint|p2a: Kingambit
|move|p2b: Floette|Dazzling Gleam|p1b: Staraptor|[spread] p1a,p1b
|-supereffective|p1a: Tyranitar|1
|-supereffective|p1b: Staraptor|1
|-damage|p1a: Tyranitar|58/100
|-damage|p1b: Staraptor|0 fnt
|faint|p1b: Staraptor
|move|p1a: Tyranitar|Rock Slide|p2b: Floette
|-damage|p2b: Floette|66/100
|
|-weather|Sandstorm|[upkeep]
|-damage|p2b: Floette|60/100|[from] Sandstorm
|upkeep
|
|t:|1785485416
|switch|p2a: Sneasler|Sneasler, L50, F|100/100
|turn|8
|
|t:|1785485420
|move|p2a: Sneasler|Close Combat|p1a: Tyranitar
|-supereffective|p1a: Tyranitar|2
|-damage|p1a: Tyranitar|0 fnt
|-unboost|p2a: Sneasler|def|1
|-unboost|p2a: Sneasler|spd|1
|faint|p1a: Tyranitar
|
|win|Lorido
|raw|Hookmaster100's rating: 1098 → 1082(-16 for losing)
|raw|Lorido's rating: 1222 → 1238(+16 for winning)
