|j|☆Chocokoala VGC
|j|☆echofire
|html|Chocokoala VGCechofire    
|uhtml|bestof|Game 3 of a best-of-3
|t:|1782493756
|gametype|doubles
|player|p1|Chocokoala VGC|aaron|1300
|player|p2|echofire|emma-lza|1303
|gen|9
|tier|[Gen 9 Champions] VGC 2026 Reg M-B (Bo3)
|rated|
|rule|Species Clause: Limit one of each Pokémon
|rule|Item Clause: Limit 1 of each item
|clearpoke
|poke|p1|Scrafty, L50, M, shiny|
|poke|p1|Farigiraf, L50, F|
|poke|p1|Whimsicott, L50, M|
|poke|p1|Gholdengo, L50|
|poke|p1|Raichu, L50, M, shiny|
|poke|p1|Volcarona, L50, M|
|poke|p2|Swampert, L50, M, shiny|
|poke|p2|Archaludon, L50, F, shiny|
|poke|p2|Pelipper, L50, M, shiny|
|poke|p2|Metagross, L50, shiny|
|poke|p2|Sinistcha-Masterpiece, L50, shiny|
|poke|p2|Grimmsnarl, L50, M, shiny|
|teampreview|4
|showteam|p1|Scrafty||Scraftinite|Intimidate|FakeOut,KnockOff,Protect,DrainPunch|Adamant||M|||50|]Farigiraf||SitrusBerry|ArmorTail|Psychic,HelpingHand,Protect,TrickRoom|Bold||F|||50|]Whimsicott||FocusSash|Prankster|Tailwind,FakeTears,Encore,Moonblast|Timid||M|||50|]Gholdengo||LifeOrb|GoodasGold|MakeItRain,ShadowBall,Protect,NastyPlot|Modest|||||50|]Raichu||RaichuniteY|LightningRod|ZapCannon,FocusBlast,Protect,GrassKnot|Timid||M|||50|]Volcarona||Leftovers|FlameBody|RagePowder,HeatWave,Protect,StruggleBug|Timid||M|||50|
|showteam|p2|Swampert||Swampertite|Damp|WaveCrash,Earthquake,IcePunch,Protect|Adamant||M|||50|]Archaludon||Leftovers|Stamina|ElectroShot,DragonPulse,FlashCannon,Protect|Calm||F|||50|]Pelipper||DampRock|Drizzle|Hurricane,Tailwind,WeatherBall,Protect|Calm||M|||50|]Metagross||Metagrossite|ClearBody|MeteorMash,BulletPunch,PsychicFangs,Protect|Adamant|||||50|]Sinistcha-Masterpiece||SitrusBerry|Hospitality|MatchaGotcha,LifeDew,RagePowder,Protect|Bold|||||50|]Grimmsnarl||LightClay|Prankster|SpiritBreak,PartingShot,Reflect,LightScreen|Careful||M|||50|
|inactive|Battle timer is ON: inactive players will automatically lose when time's up. (requested by Chocokoala VGC)
|
|t:|1782493775
|teamsize|p1|4
|teamsize|p2|4
|start
|switch|p1a: Whimsicott|Whimsicott, L50, M|100/100
|switch|p1b: Raichu|Raichu, L50, M, shiny|100/100
|switch|p2a: Grinch|Grimmsnarl, L50, M, shiny|100/100
|switch|p2b: Lil man man|Swampert, L50, M, shiny|100/100
|turn|1
|
|t:|1782493785
|detailschange|p1b: Raichu|Raichu-Mega-Y, L50, M, shiny
|-mega|p1b: Raichu|Raichu|Raichunite Y
|move|p2b: Lil man man|Protect|p2b: Lil man man
|-singleturn|p2b: Lil man man|Protect
|move|p1a: Whimsicott|Tailwind|p1a: Whimsicott
|-sidestart|p1: Chocokoala VGC|move: Tailwind
|move|p2a: Grinch|Light Screen|p2a: Grinch
|-sidestart|p2: echofire|move: Light Screen
|move|p1b: Raichu|Grass Knot|p2b: Lil man man
|-activate|p2b: Lil man man|move: Protect
|
|upkeep
|turn|2
|inactive|echofire has 30 seconds left.
|j| mayunaisse
|inactive|echofire has 20 seconds left.
|inactive|echofire has 15 seconds left.
|
|t:|1782493830
|switch|p2b: Golden Gate|Archaludon, L50, F, shiny|100/100
|move|p1a: Whimsicott|Encore||[still]
|-fail|p1a: Whimsicott
|move|p2a: Grinch|Parting Shot|p1b: Raichu
|-unboost|p1b: Raichu|atk|1
|-unboost|p1b: Raichu|spa|1
|
|t:|1782493837
|switch|p2a: Lil man man|Swampert, L50, M, shiny|100/100|[from] Parting Shot
|move|p1b: Raichu|Grass Knot|p2a: Lil man man
|-supereffective|p2a: Lil man man|2
|-damage|p2a: Lil man man|43/100
|
|upkeep
|turn|3
|inactive|echofire has 30 seconds left.
|
|t:|1782493864
|switch|p2a: Grinch|Grimmsnarl, L50, M, shiny|100/100
|move|p1a: Whimsicott|Fake Tears|p2b: Golden Gate
|-unboost|p2b: Golden Gate|spd|2
|move|p1b: Raichu|Grass Knot|p2a: Grinch
|-damage|p2a: Grinch|87/100
|move|p2b: Golden Gate|Flash Cannon|p1a: Whimsicott
|-supereffective|p1a: Whimsicott|1
|-enditem|p1a: Whimsicott|Focus Sash
|-damage|p1a: Whimsicott|1/100
|
|upkeep
|turn|4
|
|t:|1782493885
|move|p2b: Golden Gate|Protect|p2b: Golden Gate
|-singleturn|p2b: Golden Gate|Protect
|move|p1a: Whimsicott|Fake Tears|p2b: Golden Gate
|-activate|p2b: Golden Gate|move: Protect
|move|p1b: Raichu|Focus Blast|p2b: Golden Gate
|-activate|p2b: Golden Gate|move: Protect
|move|p2a: Grinch|Spirit Break|p1a: Whimsicott
|-damage|p1a: Whimsicott|0 fnt
|faint|p1a: Whimsicott
|
|-sideend|p1: Chocokoala VGC|move: Tailwind
|upkeep
|
|t:|1782493889
|switch|p1a: Gholdengo|Gholdengo, L50|100/100
|turn|5
|
|t:|1782493911
|move|p1b: Raichu|Protect|p1b: Raichu
|-singleturn|p1b: Raichu|Protect
|move|p2a: Grinch|Parting Shot|p1b: Raichu
|-activate|p1b: Raichu|move: Protect
|move|p1a: Gholdengo|Shadow Ball|p2b: Golden Gate
|-damage|p2b: Golden Gate|23/100
|-ability|p2b: Golden Gate|Stamina|boost
|-boost|p2b: Golden Gate|def|1
|-damage|p1a: Gholdengo|90/100|[from] item: Life Orb
|move|p2b: Golden Gate|Electro Shot||[still]
|-prepare|p2b: Golden Gate|Electro Shot
|-boost|p2b: Golden Gate|spa|1
|
|-heal|p2b: Golden Gate|29/100|[from] item: Leftovers
|upkeep
|turn|6
|
|t:|1782493929
|switch|p1b: Scrafty|Scrafty, L50, M, shiny|100/100
|-ability|p1b: Scrafty|Intimidate|boost
|-unboost|p2a: Grinch|atk|1
|-unboost|p2b: Golden Gate|atk|1
|move|p2a: Grinch|Parting Shot|p1b: Scrafty
|-hint|Since gen 7, Dark is immune to Prankster moves.
|-immune|p1b: Scrafty
|move|p1a: Gholdengo|Make It Rain|p2b: Golden Gate|[spread] p2a,p2b
|-supereffective|p2a: Grinch|1
|-resisted|p2b: Golden Gate|1
|-damage|p2a: Grinch|1/100
|-damage|p2b: Golden Gate|0 fnt
|-unboost|p1a: Gholdengo|spa|2
|faint|p2b: Golden Gate
|-damage|p1a: Gholdengo|81/100|[from] item: Life Orb
|
|upkeep
|
|t:|1782493941
|switch|p2b: Lil man man|Swampert, L50, M, shiny|43/100
|turn|7
|
|t:|1782493961
|switch|p1a: Raichu|Raichu-Mega-Y, L50, M, shiny|100/100
|switch|p2a: Jonathan Pepper|Pelipper, L50, M, shiny|100/100
|-weather|RainDance|[from] ability: Drizzle|[of] p2a: Jonathan Pepper
|move|p2b: Lil man man|Protect|p2b: Lil man man
|-singleturn|p2b: Lil man man|Protect
|move|p1b: Scrafty|Fake Out|p2b: Lil man man
|-activate|p2b: Lil man man|move: Protect
|
|-weather|RainDance|[upkeep]
|upkeep
|turn|8
|inactive|echofire has 30 seconds left.
|
|t:|1782493986
|switch|p1b: Gholdengo|Gholdengo, L50|81/100
|detailschange|p2b: Lil man man|Swampert-Mega, L50, M, shiny
|-mega|p2b: Lil man man|Swampert|Swampertite
|move|p1a: Raichu|Protect|p1a: Raichu
|-singleturn|p1a: Raichu|Protect
|move|p2b: Lil man man|Earthquake|p1a: Raichu|[spread] p1b
|-activate|p1a: Raichu|move: Protect
|-immune|p2a: Jonathan Pepper
|-supereffective|p1b: Gholdengo|1
|-damage|p1b: Gholdengo|0 fnt
|faint|p1b: Gholdengo
|move|p2a: Jonathan Pepper|Hurricane|p1a: Raichu
|-activate|p1a: Raichu|move: Protect
|
|-weather|RainDance|[upkeep]
|-sideend|p2: echofire|move: Light Screen
|upkeep
|
|t:|1782494001
|switch|p1b: Scrafty|Scrafty, L50, M, shiny|100/100
|-ability|p1b: Scrafty|Intimidate|boost
|-unboost|p2a: Jonathan Pepper|atk|1
|-unboost|p2b: Lil man man|atk|1
|turn|9
|
|t:|1782494017
|switch|p2b: Grinch|Grimmsnarl, L50, M, shiny|1/100
|move|p2a: Jonathan Pepper|Protect|p2a: Jonathan Pepper
|-singleturn|p2a: Jonathan Pepper|Protect
|move|p1b: Scrafty|Fake Out|p2b: Grinch
|-damage|p2b: Grinch|0 fnt
|faint|p2b: Grinch
|move|p1a: Raichu|Zap Cannon|p2a: Jonathan Pepper
|-activate|p2a: Jonathan Pepper|move: Protect
|
|-weather|RainDance|[upkeep]
|upkeep
|
|t:|1782494025
|switch|p2b: Lil man man|Swampert-Mega, L50, M, shiny|43/100
|turn|10
|
|t:|1782494032
|move|p1a: Raichu|Protect|p1a: Raichu
|-singleturn|p1a: Raichu|Protect
|move|p1b: Scrafty|Protect|p1b: Scrafty
|-singleturn|p1b: Scrafty|Protect
|move|p2b: Lil man man|Earthquake|p1a: Raichu|[spread] 
|-activate|p1a: Raichu|move: Protect
|-activate|p1b: Scrafty|move: Protect
|-immune|p2a: Jonathan Pepper
|move|p2a: Jonathan Pepper|Hurricane|p1b: Scrafty
|-activate|p1b: Scrafty|move: Protect
|
|-weather|RainDance|[upkeep]
|upkeep
|turn|11
|
|t:|1782494044
|move|p1a: Raichu|Protect||[still]
|-fail|p1a: Raichu
|move|p1b: Scrafty|Protect||[still]
|-fail|p1b: Scrafty
|move|p2b: Lil man man|Earthquake|p1a: Raichu|[spread] p1a,p1b
|-immune|p2a: Jonathan Pepper
|-supereffective|p1a: Raichu|1
|-crit|p1a: Raichu
|-damage|p1a: Raichu|0 fnt
|-damage|p1b: Scrafty|53/100
|faint|p1a: Raichu
|move|p2a: Jonathan Pepper|Hurricane|p1b: Scrafty
|-supereffective|p1b: Scrafty|1
|-damage|p1b: Scrafty|0 fnt
|faint|p1b: Scrafty
|
|win|echofire
|raw|Chocokoala VGC's rating: 1300 → 1275(-25 for losing)
|raw|echofire's rating: 1303 → 1323(+20 for winning)
