|j|☆GhostEcto
|j|☆Zachary Keith
|html|GhostEctoZachary Keith    
|uhtml|bestof|Game 3 of a best-of-3
|t:|1757807011
|gametype|doubles
|player|p1|GhostEcto|2|1203
|player|p2|Zachary Keith|101|1131
|gen|9
|tier|[Gen 9] VGC 2025 Reg H (Bo3)
|rated|
|rule|Species Clause: Limit one of each Pokémon
|rule|Item Clause: Limit 1 of each item
|clearpoke
|poke|p1|Indeedee-F, L50, F|
|poke|p1|Gallade, L50, M|
|poke|p1|Torkoal, L50, M|
|poke|p1|Ursaluna, L50, F|
|poke|p1|Hatterene, L50, F|
|poke|p1|Lilligant-Hisui, L50, F|
|poke|p2|Baxcalibur, L50, M|
|poke|p2|Kingambit, L50, F|
|poke|p2|Dondozo, L50, F|
|poke|p2|Rillaboom, L50, M|
|poke|p2|Magmar, L50, F|
|poke|p2|Sneasler, L50, M|
|teampreview|4
|showteam|p1|Indeedee-F||PsychicSeed|PsychicSurge|FollowMe,TrickRoom,HelpingHand,DazzlingGleam|||F|||50|,,,,,Fairy]Gallade||ClearAmulet|Sharpness|SacredSword,PsychoCut,TrickRoom,WideGuard|||M|||50|,,,,,Grass]Torkoal||ChoiceSpecs|Drought|EarthPower,WeatherBall,Eruption,HeatWave|||M|||50|,,,,,Fire]Ursaluna||FlameOrb|Guts|Protect,SwordsDance,HeadlongRush,Facade|||F|||50|,,,,,Ghost]Hatterene||LifeOrb|MagicBounce|TrickRoom,ExpandingForce,DazzlingGleam,Protect|||F|||50|,,,,,Psychic]Lilligant-Hisui||FocusSash|Chlorophyll|AfterYou,SleepPowder,CloseCombat,SolarBlade|||F|||50|,,,,,Ghost
|showteam|p2|Baxcalibur||LoadedDice|ThermalExchange|IcicleSpear,IceShard,ScaleShot,Protect|||M|||50|,,,,,Ghost]Kingambit||BlackGlasses|Defiant|SuckerPunch,KowtowCleave,SwordsDance,Protect|||F|||50|,,,,,Dark]Dondozo||Leftovers|Unaware|WaveCrash,Fissure,Yawn,Protect|||F|||50|,,,,,Grass]Rillaboom||AssaultVest|GrassySurge|FakeOut,GrassyGlide,WoodHammer,Uturn|||M|||50|,,,,,Fire]Magmar||Eviolite|VitalSpirit|Overheat,WillOWisp,FollowMe,Protect|||F|||50|,,,,,Fairy]Sneasler||FocusSash|PoisonTouch|DireClaw,CloseCombat,Coaching,Protect|||M|||50|,,,,,Stellar
|inactive|Battle timer is ON: inactive players will automatically lose when time's up. (requested by Zachary Keith)
|
|t:|1757807035
|teamsize|p1|4
|teamsize|p2|4
|start
|switch|p1a: Indeedee|Indeedee-F, L50, F|100/100
|switch|p1b: Gallade|Gallade, L50, M|100/100
|switch|p2a: Sneezy|Sneasler, L50, M|100/100
|switch|p2b: Donbozo|Dondozo, L50, F, shiny|100/100
|-fieldstart|move: Psychic Terrain|[from] ability: Psychic Surge|[of] p1a: Indeedee
|-enditem|p1a: Indeedee|Psychic Seed
|-boost|p1a: Indeedee|spd|1|[from] item: Psychic Seed
|turn|1
|
|t:|1757807051
|move|p2a: Sneezy|Dire Claw|p1a: Indeedee
|-damage|p1a: Indeedee|54/100
|-status|p1a: Indeedee|psn|[from] ability: Poison Touch|[of] p2a: Sneezy
|move|p1b: Gallade|Sacred Sword|p2b: Donbozo
|-damage|p2b: Donbozo|60/100
|move|p2b: Donbozo|Yawn|p1b: Gallade
|-start|p1b: Gallade|move: Yawn|[of] p2b: Donbozo
|move|p1a: Indeedee|Trick Room|p1a: Indeedee
|-fieldstart|move: Trick Room|[of] p1a: Indeedee
|
|-heal|p2b: Donbozo|67/100|[from] item: Leftovers
|-damage|p1a: Indeedee|42/100 psn|[from] psn
|upkeep
|turn|2
|
|t:|1757807071
|switch|p1b: Torkoal|Torkoal, L50, M|100/100
|-weather|SunnyDay|[from] ability: Drought|[of] p1b: Torkoal
|move|p2b: Donbozo|Protect|p2b: Donbozo
|-singleturn|p2b: Donbozo|Protect
|move|p2a: Sneezy|Protect|p2a: Sneezy
|-singleturn|p2a: Sneezy|Protect
|move|p1a: Indeedee|Dazzling Gleam|p2a: Sneezy|[spread] 
|-activate|p2a: Sneezy|move: Protect
|-activate|p2b: Donbozo|move: Protect
|
|-weather|SunnyDay|[upkeep]
|-heal|p2b: Donbozo|73/100|[from] item: Leftovers
|-damage|p1a: Indeedee|29/100 psn|[from] psn
|upkeep
|turn|3
|
|t:|1757807092
|switch|p2a: Fire Chicken|Magmar, L50, F, shiny|100/100
|-terastallize|p1b: Torkoal|Fire
|move|p1a: Indeedee|Helping Hand|p1b: Torkoal
|-singleturn|p1b: Torkoal|Helping Hand|[of] p1a: Indeedee
|move|p1b: Torkoal|Eruption|p2b: Donbozo|[spread] p2a,p2b
|-resisted|p2a: Fire Chicken
|-resisted|p2b: Donbozo
|-damage|p2a: Fire Chicken|22/100
|-damage|p2b: Donbozo|0 fnt
|faint|p2b: Donbozo
|
|-weather|SunnyDay|[upkeep]
|-damage|p1a: Indeedee|17/100 psn|[from] psn
|upkeep
|
|t:|1757807104
|switch|p2b: Forest Dude|Rillaboom, L50, M, shiny|100/100
|-fieldstart|move: Grassy Terrain|[from] ability: Grassy Surge|[of] p2b: Forest Dude
|turn|4
|
|t:|1757807120
|move|p2b: Forest Dude|Fake Out|p1b: Torkoal
|-damage|p1b: Torkoal|89/100
|cant|p1b: Torkoal|flinch
|move|p1a: Indeedee|Dazzling Gleam|p2a: Fire Chicken|[spread] p2a,p2b
|-resisted|p2a: Fire Chicken
|-damage|p2a: Fire Chicken|16/100
|-damage|p2b: Forest Dude|90/100
|move|p2a: Fire Chicken|Overheat|p1a: Indeedee
|-damage|p1a: Indeedee|0 fnt
|-unboost|p2a: Fire Chicken|spa|2
|faint|p1a: Indeedee
|
|-weather|SunnyDay|[upkeep]
|-heal|p1b: Torkoal|95/100|[from] Grassy Terrain
|-heal|p2a: Fire Chicken|22/100|[from] Grassy Terrain
|-heal|p2b: Forest Dude|96/100|[from] Grassy Terrain
|upkeep
|inactive|GhostEcto has 30 seconds left.
|
|t:|1757807145
|switch|p1a: Gallade|Gallade, L50, M|100/100
|turn|5
|
|t:|1757807170
|-terastallize|p2b: Forest Dude|Fire
|move|p2a: Fire Chicken|Protect|p2a: Fire Chicken
|-singleturn|p2a: Fire Chicken|Protect
|move|p1b: Torkoal|Eruption|p2b: Forest Dude|[spread] p2b
|-activate|p2a: Fire Chicken|move: Protect
|-resisted|p2b: Forest Dude
|-damage|p2b: Forest Dude|48/100
|move|p1a: Gallade|Sacred Sword|p2b: Forest Dude
|-damage|p2b: Forest Dude|0 fnt
|faint|p2b: Forest Dude
|
|-weather|SunnyDay|[upkeep]
|-heal|p1b: Torkoal|100/100|[from] Grassy Terrain
|-heal|p2a: Fire Chicken|28/100|[from] Grassy Terrain
|-fieldend|move: Trick Room
|upkeep
|
|t:|1757807186
|switch|p2b: Sneezy|Sneasler, L50, M|100/100
|turn|6
|
|t:|1757807192
|move|p2b: Sneezy|Dire Claw|p1b: Torkoal
|-damage|p1b: Torkoal|65/100
|-status|p1b: Torkoal|slp
|move|p2a: Fire Chicken|Will-O-Wisp|p1a: Gallade
|-status|p1a: Gallade|brn
|move|p1a: Gallade|Psycho Cut|p2b: Sneezy
|-supereffective|p2b: Sneezy
|-enditem|p2b: Sneezy|Focus Sash
|-damage|p2b: Sneezy|1/100
|cant|p1b: Torkoal|slp
|
|-weather|none
|-heal|p2b: Sneezy|7/100|[from] Grassy Terrain
|-heal|p2a: Fire Chicken|34/100|[from] Grassy Terrain
|-heal|p1b: Torkoal|71/100 slp|[from] Grassy Terrain
|-damage|p1a: Gallade|95/100 brn|[from] brn
|upkeep
|turn|7
|
|t:|1757807210
|move|p2a: Fire Chicken|Follow Me|p2a: Fire Chicken
|-singleturn|p2a: Fire Chicken|move: Follow Me
|move|p2b: Sneezy|Close Combat|p1b: Torkoal
|-damage|p1b: Torkoal|22/100 slp
|-unboost|p2b: Sneezy|def|1
|-unboost|p2b: Sneezy|spd|1
|move|p1a: Gallade|Psycho Cut|p2a: Fire Chicken
|-damage|p2a: Fire Chicken|16/100
|-curestatus|p1b: Torkoal|slp|[msg]
|move|p1b: Torkoal|Eruption|p2b: Sneezy|[spread] p2a,p2b
|-resisted|p2a: Fire Chicken
|-damage|p2a: Fire Chicken|7/100
|-damage|p2b: Sneezy|0 fnt
|faint|p2b: Sneezy
|
|-heal|p2a: Fire Chicken|13/100|[from] Grassy Terrain
|-heal|p1a: Gallade|100/100 brn|[from] Grassy Terrain
|-heal|p1b: Torkoal|28/100|[from] Grassy Terrain
|-damage|p1a: Gallade|95/100 brn|[from] brn
|upkeep
|turn|8
|-message|Zachary Keith forfeited.
|
|win|GhostEcto
|raw|GhostEcto's rating: 1203 → 1223(+20 for winning)
|raw|Zachary Keith's rating: 1131 → 1111(-20 for losing)
