|j|☆MommaGart
|j|☆eejay2018
|html|MommaGarteejay2018    
|uhtml|bestof|Game 2 of a best-of-3
|t:|1783549787
|gametype|doubles
|player|p1|MommaGart|hilda|1148
|player|p2|eejay2018|youngster-gen4dp|1035
|gen|9
|tier|[Gen 9 Champions] VGC 2026 Reg M-B (Bo3)
|rated|
|rule|Species Clause: Limit one of each Pokémon
|rule|Item Clause: Limit 1 of each item
|clearpoke
|poke|p1|Sneasler, L50, F|
|poke|p1|Blastoise, L50, F|
|poke|p1|Kingambit, L50, F|
|poke|p1|Incineroar, L50, F|
|poke|p1|Delphox, L50, F, shiny|
|poke|p1|Sinistcha, L50|
|poke|p2|Charizard, L50, M|
|poke|p2|Whimsicott, L50, M|
|poke|p2|Floette-Eternal, L50, F|
|poke|p2|Basculegion, L50, M|
|poke|p2|Garchomp, L50, F|
|poke|p2|Kingambit, L50, F|
|teampreview|4
|showteam|p1|Sneasler||FocusSash|PoisonTouch|PoisonJab,CloseCombat,FakeOut,QuickGuard|Jolly||F|||50|]Blastoise||Blastoisinite|RainDish|DarkPulse,WaterSpout,ShellSmash,Protect|Modest||F|||50|]Kingambit||BlackGlasses|Defiant|KowtowCleave,SuckerPunch,SwordsDance,Protect|Adamant||F|||50|]Incineroar||SitrusBerry|Intimidate|FlareBlitz,HelpingHand,PartingShot,FakeOut|Careful||F|||50|]Delphox||Delphoxite|Blaze|HeatWave,NastyPlot,Psyshock,Protect|Modest||F|||50|]Sinistcha||KasibBerry|Hospitality|MatchaGotcha,RagePowder,TrickRoom,Protect|Bold|||||50|
|showteam|p2|Charizard||CharizarditeY|Blaze|HeatWave,SolarBeam,WeatherBall,Protect|Modest||M|||50|]Whimsicott||FocusSash|Prankster|Moonblast,Encore,Tailwind,Protect|Timid||M|||50|]Floette-Eternal||Floettite|FlowerVeil|Moonblast,DazzlingGleam,LightofRuin,Protect|Timid||F|||50|]Basculegion||MysticWater|Adaptability|WaveCrash,AquaJet,LastRespects,Protect|Adamant||M|||50|]Garchomp||LifeOrb|RoughSkin|DragonClaw,Earthquake,RockSlide,Protect|Jolly||F|||50|]Kingambit||BlackGlasses|Defiant|KowtowCleave,SuckerPunch,IronHead,Protect|Adamant||F|||50|
|
|t:|1783549818
|teamsize|p1|4
|teamsize|p2|4
|start
|switch|p1a: Hype|Incineroar, L50, F|100/100
|switch|p1b: Reseda|Delphox, L50, F, shiny|100/100
|switch|p2a: Charizard|Charizard, L50, M|100/100
|switch|p2b: Garchomp|Garchomp, L50, F|100/100
|-ability|p1a: Hype|Intimidate|boost
|-unboost|p2a: Charizard|atk|1
|-unboost|p2b: Garchomp|atk|1
|turn|1
|
|t:|1783549838
|detailschange|p1b: Reseda|Delphox-Mega, L50, F, shiny
|-mega|p1b: Reseda|Delphox|Delphoxite
|detailschange|p2a: Charizard|Charizard-Mega-Y, L50, M
|-mega|p2a: Charizard|Charizard|Charizardite Y
|-weather|SunnyDay|[from] ability: Drought|[of] p2a: Charizard
|move|p2b: Garchomp|Protect|p2b: Garchomp
|-singleturn|p2b: Garchomp|Protect
|move|p1a: Hype|Fake Out|p2b: Garchomp
|-activate|p2b: Garchomp|move: Protect
|move|p1b: Reseda|Nasty Plot|p1b: Reseda
|-boost|p1b: Reseda|spa|2
|move|p2a: Charizard|Heat Wave|p1b: Reseda|[spread] p1b
|-miss|p2a: Charizard|p1a: Hype
|-resisted|p1b: Reseda|1
|-damage|p1b: Reseda|73/100
|
|-weather|SunnyDay|[upkeep]
|upkeep
|turn|2
|
|t:|1783549862
|switch|p1a: Caffeine|Sinistcha, L50|100/100
|-heal|p1b: Reseda|98/100|[from] ability: Hospitality|[of] p1a: Caffeine
|move|p1b: Reseda|Psyshock|p2a: Charizard
|-damage|p2a: Charizard|16/100
|move|p2b: Garchomp|Rock Slide|p1a: Caffeine|[spread] p1a,p1b
|-supereffective|p1b: Reseda|1
|-damage|p1a: Caffeine|87/100
|-damage|p1b: Reseda|57/100
|-damage|p2b: Garchomp|90/100|[from] item: Life Orb
|move|p2a: Charizard|Heat Wave|p1a: Caffeine|[spread] p1a,p1b
|-supereffective|p1a: Caffeine|1
|-resisted|p1b: Reseda|1
|-damage|p1a: Caffeine|0 fnt
|-damage|p1b: Reseda|30/100
|faint|p1a: Caffeine
|
|-weather|SunnyDay|[upkeep]
|upkeep
|
|t:|1783549885
|switch|p1a: Hype|Incineroar, L50, F|100/100
|-ability|p1a: Hype|Intimidate|boost
|-unboost|p2a: Charizard|atk|1
|-unboost|p2b: Garchomp|atk|1
|turn|3
|
|t:|1783549915
|move|p2b: Garchomp|Protect|p2b: Garchomp
|-singleturn|p2b: Garchomp|Protect
|move|p2a: Charizard|Protect|p2a: Charizard
|-singleturn|p2a: Charizard|Protect
|move|p1a: Hype|Fake Out|p2b: Garchomp
|-activate|p2b: Garchomp|move: Protect
|move|p1b: Reseda|Nasty Plot|p1b: Reseda
|-boost|p1b: Reseda|spa|2
|
|-weather|SunnyDay|[upkeep]
|upkeep
|turn|4
|
|t:|1783549935
|move|p1b: Reseda|Protect|p1b: Reseda
|-singleturn|p1b: Reseda|Protect
|move|p2b: Garchomp|Dragon Claw|p1a: Hype
|-damage|p1a: Hype|76/100
|-damage|p2b: Garchomp|80/100|[from] item: Life Orb
|move|p2a: Charizard|Heat Wave|p1b: Reseda|[spread] p1a
|-activate|p1b: Reseda|move: Protect
|-resisted|p1a: Hype|1
|-damage|p1a: Hype|53/100
|move|p1a: Hype|Parting Shot|p2a: Charizard
|-unboost|p2a: Charizard|atk|1
|-unboost|p2a: Charizard|spa|1
|
|t:|1783549948
|switch|p1a: Superiority|Sneasler, L50, F|100/100|[from] Parting Shot
|
|-weather|SunnyDay|[upkeep]
|upkeep
|turn|5
|
|t:|1783549959
|move|p1a: Superiority|Close Combat|p2b: Garchomp
|-damage|p2b: Garchomp|20/100y
|-unboost|p1a: Superiority|def|1
|-unboost|p1a: Superiority|spd|1
|-damage|p1a: Superiority|87/100|[from] ability: Rough Skin|[of] p2b: Garchomp
|-status|p2b: Garchomp|psn|[from] ability: Poison Touch|[of] p1a: Superiority
|move|p1b: Reseda|Heat Wave|p2b: Garchomp|[spread] p2a,p2b
|-resisted|p2a: Charizard|1
|-crit|p2a: Charizard
|-resisted|p2b: Garchomp|1
|-damage|p2a: Charizard|0 fnt
|-damage|p2b: Garchomp|0 fnt
|faint|p2a: Charizard
|faint|p2b: Garchomp
|
|-weather|none
|upkeep
|
|t:|1783549974
|switch|p2b: Floette|Floette-Eternal, L50, F|100/100
|switch|p2a: Basculegion|Basculegion, L50, M|100/100
|turn|6
|
|t:|1783549996
|move|p1a: Superiority|Quick Guard|p1a: Superiority
|-singleturn|p1a: Superiority|Quick Guard
|move|p1b: Reseda|Psyshock|p2a: Basculegion
|-damage|p2a: Basculegion|0 fnt
|faint|p2a: Basculegion
|move|p2b: Floette|Dazzling Gleam|p1b: Reseda|[spread] p1a,p1b
|-resisted|p1b: Reseda|1
|-damage|p1a: Superiority|28/100
|-damage|p1b: Reseda|16/100
|
|upkeep
|turn|7
|
|t:|1783550012
|move|p1a: Superiority|Poison Jab|p2b: Floette
|-supereffective|p2b: Floette|1
|-damage|p2b: Floette|0 fnt
|faint|p2b: Floette
|
|win|MommaGart
|raw|MommaGart's rating: 1148 → 1165(+17 for winning)
|raw|eejay2018's rating: 1035 → 1025(-10 for losing)
|l|☆eejay2018
|player|p2|
