|j|☆jick mo
|j|☆smalltownkirlia
|html|jick mosmalltownkirlia    
|uhtml|bestof|Game 2 of a best-of-3
|t:|1784749588
|gametype|doubles
|player|p1|jick mo|veteran|1000
|player|p2|smalltownkirlia|whitney|1094
|gen|9
|tier|[Gen 9 Champions] VGC 2026 Reg M-B (Bo3)
|rated|
|rule|Species Clause: Limit one of each Pokémon
|rule|Item Clause: Limit 1 of each item
|clearpoke
|poke|p1|Kingambit, L50, F|
|poke|p1|Blastoise, L50, M|
|poke|p1|Aerodactyl, L50, F|
|poke|p1|Kangaskhan, L50, F|
|poke|p1|Sinistcha, L50|
|poke|p1|Farigiraf, L50, M|
|poke|p2|Incineroar, L50, F|
|poke|p2|Charizard, L50, F|
|poke|p2|Garchomp, L50, F|
|poke|p2|Venusaur, L50, M|
|poke|p2|Sylveon, L50, F|
|poke|p2|Toxapex, L50, M|
|teampreview|4
|showteam|p1|Kingambit||BlackGlasses|Defiant|KowtowCleave,IronHead,SuckerPunch,LowKick|Brave||F|||50|]Blastoise||Blastoisinite|RainDish|WaterSpout,WaterPulse,DarkPulse,FakeOut|Modest||M|||50|]Aerodactyl||Aerodactylite|Unnerve|RockSlide,DualWingbeat,Tailwind,Protect|Adamant||F|||50|]Kangaskhan||SilkScarf|Scrappy|FakeOut,LastResort|Adamant||F|||50|]Sinistcha||ColburBerry|Hospitality|MatchaGotcha,RagePowder,LifeDew,TrickRoom|Bold|||||50|]Farigiraf||SitrusBerry|CudChew|Psychic,RainDance,TrickRoom,HelpingHand|Bold||M|||50|
|showteam|p2|Incineroar||SitrusBerry|Intimidate|FlareBlitz,FakeOut,DarkestLariat,PartingShot|Impish||F|||50|]Charizard||CharizarditeY|SolarPower|WeatherBall,HeatWave,AncientPower,Protect|Modest||F|||50|]Garchomp||ChoiceScarf|RoughSkin|RockSlide,DragonClaw,Earthquake,StompingTantrum|Adamant||F|||50|]Venusaur||LifeOrb|Chlorophyll|SludgeBomb,LeafStorm,EarthPower,Protect|Modest||M|||50|]Sylveon||FairyFeather|Pixilate|HyperVoice,QuickAttack,Yawn,Detect|Modest||F|||50|]Toxapex||Leftovers|Regenerator|Infestation,Toxic,WideGuard,BanefulBunker|Bold||M|||50|
|inactive|Battle timer is ON: inactive players will automatically lose when time's up. (requested by jick mo)
|inactive|smalltownkirlia has 60 seconds left.
|
|t:|1784749623
|teamsize|p1|4
|teamsize|p2|4
|start
|switch|p1a: Kangaskhan|Kangaskhan, L50, F|100/100
|switch|p1b: Aerodactyl|Aerodactyl, L50, F|100/100
|switch|p2a: Garchomp|Garchomp, L50, F|100/100
|switch|p2b: Sylveon|Sylveon, L50, F|100/100
|-ability|p1b: Aerodactyl|Unnerve
|turn|1
|inactive|smalltownkirlia has 30 seconds left.
|
|t:|1784749652
|switch|p2a: Toxapex|Toxapex, L50, M|100/100
|move|p1a: Kangaskhan|Fake Out|p2b: Sylveon
|-damage|p2b: Sylveon|79/100
|move|p1b: Aerodactyl|Tailwind|p1b: Aerodactyl
|-sidestart|p1: jick mo|move: Tailwind
|cant|p2b: Sylveon|flinch
|
|upkeep
|turn|2
|
|t:|1784749667
|switch|p1b: Blastoise|Blastoise, L50, M|100/100
|move|p2b: Sylveon|Detect|p2b: Sylveon
|-singleturn|p2b: Sylveon|Protect
|move|p1a: Kangaskhan|Last Resort|p2b: Sylveon
|-activate|p2b: Sylveon|move: Protect
|move|p2a: Toxapex|Toxic|p1a: Kangaskhan
|-status|p1a: Kangaskhan|tox
|
|-damage|p1a: Kangaskhan|94/100 tox|[from] psn
|upkeep
|turn|3
|inactive|smalltownkirlia has 30 seconds left.
|inactive|smalltownkirlia has 20 seconds left.
|
|t:|1784749704
|detailschange|p1b: Blastoise|Blastoise-Mega, L50, M
|-mega|p1b: Blastoise|Blastoise|Blastoisinite
|move|p1b: Blastoise|Fake Out|p2b: Sylveon
|-damage|p2b: Sylveon|71/100
|move|p1a: Kangaskhan|Last Resort|p2a: Toxapex
|-damage|p2a: Toxapex|51/100
|cant|p2b: Sylveon|flinch
|move|p2a: Toxapex|Infestation|p1a: Kangaskhan
|-damage|p1a: Kangaskhan|90/100 tox
|-activate|p1a: Kangaskhan|move: Infestation|[of] p2a: Toxapex
|
|-heal|p2a: Toxapex|57/100|[from] item: Leftovers
|-damage|p1a: Kangaskhan|79/100 tox|[from] psn
|-damage|p1a: Kangaskhan|67/100 tox|[from] move: Infestation|[partiallytrapped]
|upkeep
|turn|4
|inactive|smalltownkirlia has 30 seconds left.
|
|t:|1784749736
|move|p2a: Toxapex|Wide Guard|p2a: Toxapex
|-singleturn|p2a: Toxapex|Wide Guard
|move|p1a: Kangaskhan|Last Resort|p2b: Sylveon
|-crit|p2b: Sylveon
|-damage|p2b: Sylveon|0 fnt
|faint|p2b: Sylveon
|move|p1b: Blastoise|Water Spout|p2a: Toxapex
|-activate|p2a: Toxapex|move: Wide Guard
|
|-heal|p2a: Toxapex|63/100|[from] item: Leftovers
|-damage|p1a: Kangaskhan|49/100 tox|[from] psn
|-damage|p1a: Kangaskhan|37/100 tox|[from] move: Infestation|[partiallytrapped]
|-sideend|p1: jick mo|move: Tailwind
|upkeep
|
|t:|1784749743
|switch|p2b: Charizard|Charizard, L50, F|100/100
|turn|5
|
|t:|1784749754
|switch|p1b: Sinistcha|Sinistcha, L50|100/100
|-heal|p1a: Kangaskhan|62/100 tox|[from] ability: Hospitality|[of] p1b: Sinistcha
|detailschange|p2b: Charizard|Charizard-Mega-Y, L50, F
|-mega|p2b: Charizard|Charizard|Charizardite Y
|-weather|SunnyDay|[from] ability: Drought|[of] p2b: Charizard
|move|p2b: Charizard|Heat Wave|p1b: Sinistcha|[spread] p1a,p1b
|-supereffective|p1b: Sinistcha|1
|-damage|p1a: Kangaskhan|0 fnt
|-damage|p1b: Sinistcha|0 fnt
|faint|p1a: Kangaskhan
|faint|p1b: Sinistcha
|move|p2a: Toxapex|Toxic|p1: Kangaskhan|[notarget]
|-fail|p2a: Toxapex
|
|-weather|SunnyDay|[upkeep]
|-heal|p2a: Toxapex|68/100|[from] item: Leftovers
|upkeep
|
|t:|1784749769
|switch|p1a: Aerodactyl|Aerodactyl, L50, F|100/100
|switch|p1b: Blastoise|Blastoise-Mega, L50, M|100/100
|-ability|p1a: Aerodactyl|Unnerve
|turn|6
|inactive|smalltownkirlia has 30 seconds left.
|inactive|smalltownkirlia has 20 seconds left.
|
|t:|1784749804
|move|p2b: Charizard|Protect|p2b: Charizard
|-singleturn|p2b: Charizard|Protect
|move|p1b: Blastoise|Fake Out|p2b: Charizard
|-activate|p2b: Charizard|move: Protect
|move|p1a: Aerodactyl|Tailwind|p1a: Aerodactyl
|-sidestart|p1: jick mo|move: Tailwind
|move|p2a: Toxapex|Toxic|p1b: Blastoise
|-status|p1b: Blastoise|tox
|
|-weather|SunnyDay|[upkeep]
|-heal|p2a: Toxapex|74/100|[from] item: Leftovers
|-damage|p1b: Blastoise|93/100 tox|[from] psn
|upkeep
|turn|7
|
|t:|1784749818
|move|p2a: Toxapex|Wide Guard|p2a: Toxapex
|-singleturn|p2a: Toxapex|Wide Guard
|move|p1a: Aerodactyl|Rock Slide|p2a: Toxapex|[spread] 
|-activate|p2a: Toxapex|move: Wide Guard
|-activate|p2b: Charizard|move: Wide Guard
|move|p1b: Blastoise|Water Pulse|p2b: Charizard
|-supereffective|p2b: Charizard|1
|-damage|p2b: Charizard|53/100
|move|p2b: Charizard|Ancient Power|p1a: Aerodactyl
|-supereffective|p1a: Aerodactyl|1
|-crit|p1a: Aerodactyl
|-damage|p1a: Aerodactyl|5/100
|-boost|p2b: Charizard|atk|1
|-boost|p2b: Charizard|def|1
|-boost|p2b: Charizard|spa|1
|-boost|p2b: Charizard|spd|1
|-boost|p2b: Charizard|spe|1
|
|-weather|SunnyDay|[upkeep]
|-heal|p2a: Toxapex|80/100|[from] item: Leftovers
|-damage|p1b: Blastoise|81/100 tox|[from] psn
|upkeep
|turn|8
|
|t:|1784749839
|move|p2b: Charizard|Protect|p2b: Charizard
|-singleturn|p2b: Charizard|Protect
|move|p1a: Aerodactyl|Dual Wingbeat|p2b: Charizard
|-activate|p2b: Charizard|move: Protect
|move|p1b: Blastoise|Water Pulse|p2b: Charizard
|-activate|p2b: Charizard|move: Protect
|move|p2a: Toxapex|Infestation|p1a: Aerodactyl
|-resisted|p1a: Aerodactyl|1
|-damage|p1a: Aerodactyl|3/100
|-activate|p1a: Aerodactyl|move: Infestation|[of] p2a: Toxapex
|
|-weather|SunnyDay|[upkeep]
|-heal|p2a: Toxapex|85/100|[from] item: Leftovers
|-damage|p1b: Blastoise|63/100 tox|[from] psn
|-damage|p1a: Aerodactyl|0 fnt|[from] move: Infestation|[partiallytrapped]
|faint|p1a: Aerodactyl
|upkeep
|turn|9
|-message|jick mo forfeited.
|
|win|smalltownkirlia
|raw|jick mo's rating: 1000 → 1000(+0 for losing)
|raw|smalltownkirlia's rating: 1094 → 1113(+19 for winning)
|l|☆jick mo
|player|p1|
