|j|☆Rantix D Red
|j|☆davirru5
|html|Rantix D Reddavirru5    
|uhtml|bestof|Game 1 of a best-of-3
|t:|1756479778
|gametype|doubles
|player|p1|Rantix D Red|102|1127
|player|p2|davirru5|ghetsis|1043
|gen|9
|tier|[Gen 9] VGC 2025 Reg H (Bo3)
|rated|
|rule|Species Clause: Limit one of each Pokémon
|rule|Item Clause: Limit 1 of each item
|clearpoke
|poke|p1|Pelipper, L50, F|
|poke|p1|Archaludon, L50, F|
|poke|p1|Sinistcha-Masterpiece, L50|
|poke|p1|Gholdengo, L50|
|poke|p1|Ursaluna, L50, F|
|poke|p1|Dragonite, L50, M|
|poke|p2|Sneasler, L50, M|
|poke|p2|Rillaboom, L50, F|
|poke|p2|Electabuzz, L50, M|
|poke|p2|Dragonite, L50, M|
|poke|p2|Volcarona, L50, M|
|poke|p2|Kingambit, L50, M|
|teampreview|4
|showteam|p1|Pelipper||LifeOrb|Drizzle|Hurricane,MuddyWater,Tailwind,WideGuard|||F|||50|,,,,,Steel]Archaludon||AssaultVest|Stamina|ElectroShot,DracoMeteor,FlashCannon,BodyPress|||F|||50|,,,,,Bug]Sinistcha-Masterpiece||SitrusBerry|Hospitality|RagePowder,LifeDew,MatchaGotcha,ShadowBall||||||50|,,,,,Fire]Gholdengo||ChoiceScarf|GoodasGold|MakeItRain,ShadowBall,Trick,Protect||||||50|,,,,,Steel]Ursaluna||FlameOrb|Guts|Earthquake,HeadlongRush,Facade,Protect|||F|||50|,,,,,Ghost]Dragonite||LoadedDice|Multiscale|Tailwind,ScaleShot,Haze,Encore|||M|||50|,,,,,Ghost
|showteam|p2|Sneasler||FocusSash|PoisonTouch|CloseCombat,DireClaw,Coaching,FakeOut|||M|||50|,,,,,Ghost]Rillaboom||AssaultVest|GrassySurge|WoodHammer,GrassyGlide,HighHorsepower,FakeOut|||F|||50|,,,,,Fire]Electabuzz||Eviolite|VitalSpirit|Thunderbolt,FollowMe,Taunt,Protect|||M|||50|,,,,,Ghost]Dragonite||LoadedDice|Multiscale|ScaleShot,ExtremeSpeed,Haze,Protect|||M|||50|,,,,,Fairy]Volcarona||Leftovers|FlameBody|HeatWave,TeraBlast,QuiverDance,Protect|||M|||50|,,,,,Fairy]Kingambit||BlackGlasses|Defiant|KowtowCleave,SuckerPunch,SwordsDance,Protect|||M|||50|,,,,,Dark
|inactive|Battle timer is ON: inactive players will automatically lose when time's up. (requested by davirru5)
|inactive|Rantix D Red has 60 seconds left.
|
|t:|1756479815
|teamsize|p1|4
|teamsize|p2|4
|start
|switch|p1a: Gholdengo|Gholdengo, L50|100/100
|switch|p1b: Dragonite|Dragonite, L50, M|100/100
|switch|p2a: Electabuzz|Electabuzz, L50, M|100/100
|switch|p2b: Volcarona|Volcarona, L50, M|100/100
|turn|1
|inactive|Rantix D Red has 30 seconds left.
|inactive|davirru5 has 30 seconds left.
|
|t:|1756479846
|switch|p1a: Pelipper|Pelipper, L50, F|100/100
|-weather|RainDance|[from] ability: Drizzle|[of] p1a: Pelipper
|move|p2a: Electabuzz|Follow Me|p2a: Electabuzz
|-singleturn|p2a: Electabuzz|move: Follow Me
|move|p2b: Volcarona|Quiver Dance|p2b: Volcarona
|-boost|p2b: Volcarona|spa|1
|-boost|p2b: Volcarona|spd|1
|-boost|p2b: Volcarona|spe|1
|move|p1b: Dragonite|Tailwind|p1b: Dragonite
|-sidestart|p1: Rantix D Red|move: Tailwind
|
|-weather|RainDance|[upkeep]
|upkeep
|turn|2
|
|t:|1756479864
|move|p2b: Volcarona|Protect|p2b: Volcarona
|-singleturn|p2b: Volcarona|Protect
|move|p2a: Electabuzz|Protect|p2a: Electabuzz
|-singleturn|p2a: Electabuzz|Protect
|move|p1a: Pelipper|Muddy Water|p2b: Volcarona|[spread] 
|-activate|p2a: Electabuzz|move: Protect
|-activate|p2b: Volcarona|move: Protect
|move|p1b: Dragonite|Haze|p1b: Dragonite
|-clearallboost
|
|-weather|RainDance|[upkeep]
|upkeep
|turn|3
|
|t:|1756479877
|-terastallize|p2b: Volcarona|Fairy
|move|p1a: Pelipper|Muddy Water|p2a: Electabuzz|[spread] p2b
|-miss|p1a: Pelipper|p2a: Electabuzz
|-damage|p2b: Volcarona|46/100
|-unboost|p2b: Volcarona|accuracy|1
|-damage|p1a: Pelipper|91/100|[from] item: Life Orb
|move|p1b: Dragonite|Scale Shot|p2b: Volcarona
|-immune|p2b: Volcarona
|move|p2a: Electabuzz|Taunt|p1b: Dragonite
|-start|p1b: Dragonite|move: Taunt
|move|p2b: Volcarona|Quiver Dance|p2b: Volcarona
|-boost|p2b: Volcarona|spa|1
|-boost|p2b: Volcarona|spd|1
|-boost|p2b: Volcarona|spe|1
|
|-weather|RainDance|[upkeep]
|-heal|p2b: Volcarona|52/100|[from] item: Leftovers
|upkeep
|turn|4
|inactive|Rantix D Red has 30 seconds left.
|inactive|Rantix D Red has 20 seconds left.
|
|t:|1756479913
|move|p2b: Volcarona|Protect|p2b: Volcarona
|-singleturn|p2b: Volcarona|Protect
|move|p2a: Electabuzz|Protect|p2a: Electabuzz
|-singleturn|p2a: Electabuzz|Protect
|move|p1a: Pelipper|Hurricane|p2a: Electabuzz
|-activate|p2a: Electabuzz|move: Protect
|move|p1b: Dragonite|Scale Shot|p2a: Electabuzz
|-activate|p2a: Electabuzz|move: Protect
|
|-weather|RainDance|[upkeep]
|-heal|p2b: Volcarona|58/100|[from] item: Leftovers
|-sideend|p1: Rantix D Red|move: Tailwind
|upkeep
|turn|5
|
|t:|1756479933
|-terastallize|p1a: Pelipper|Steel
|move|p2b: Volcarona|Tera Blast|p1b: Dragonite|[anim] Tera Blast Fairy|[miss]
|-miss|p2b: Volcarona|p1b: Dragonite
|move|p2a: Electabuzz|Thunderbolt|p1a: Pelipper
|-damage|p1a: Pelipper|35/100
|move|p1a: Pelipper|Tailwind|p1a: Pelipper
|-sidestart|p1: Rantix D Red|move: Tailwind
|move|p1b: Dragonite|Scale Shot|p2a: Electabuzz
|-damage|p2a: Electabuzz|89/100
|-damage|p2a: Electabuzz|78/100
|-damage|p2a: Electabuzz|67/100
|-damage|p2a: Electabuzz|55/100
|-damage|p2a: Electabuzz|43/100
|-hitcount|p2a: Electabuzz|5
|-unboost|p1b: Dragonite|def|1
|-boost|p1b: Dragonite|spe|1
|
|-weather|none
|-heal|p2b: Volcarona|64/100|[from] item: Leftovers
|upkeep
|turn|6
|inactive|Rantix D Red has 30 seconds left.
|
|t:|1756479964
|switch|p1a: Gholdengo|Gholdengo, L50|100/100
|move|p2a: Electabuzz|Protect|p2a: Electabuzz
|-singleturn|p2a: Electabuzz|Protect
|move|p1b: Dragonite|Scale Shot|p2a: Electabuzz
|-activate|p2a: Electabuzz|move: Protect
|move|p2b: Volcarona|Tera Blast|p1b: Dragonite|[anim] Tera Blast Fairy
|-supereffective|p1b: Dragonite
|-damage|p1b: Dragonite|40/100
|
|-heal|p2b: Volcarona|69/100|[from] item: Leftovers
|-end|p1b: Dragonite|move: Taunt
|upkeep
|turn|7
|inactive|Rantix D Red has 30 seconds left.
|
|t:|1756479999
|move|p2b: Volcarona|Protect|p2b: Volcarona
|-singleturn|p2b: Volcarona|Protect
|move|p1a: Gholdengo|Make It Rain|p2a: Electabuzz|[spread] p2a
|-activate|p2b: Volcarona|move: Protect
|-resisted|p2a: Electabuzz
|-damage|p2a: Electabuzz|27/100
|-unboost|p1a: Gholdengo|spa|1
|move|p1b: Dragonite|Haze|p1b: Dragonite
|-clearallboost
|move|p2a: Electabuzz|Thunderbolt|p1a: Gholdengo
|-damage|p1a: Gholdengo|65/100
|
|-heal|p2b: Volcarona|75/100|[from] item: Leftovers
|upkeep
|turn|8
|
|t:|1756480021
|switch|p2b: Kingambit|Kingambit, L50, M|100/100
|move|p1a: Gholdengo|Make It Rain|p2a: Electabuzz|[spread] p2a,p2b
|-resisted|p2a: Electabuzz
|-resisted|p2b: Kingambit
|-damage|p2a: Electabuzz|9/100
|-damage|p2b: Kingambit|79/100
|-unboost|p1a: Gholdengo|spa|1
|move|p1b: Dragonite|Scale Shot|p2a: Electabuzz
|-damage|p2a: Electabuzz|0 fnt
|faint|p2a: Electabuzz
|-hitcount|p2: Electabuzz|1
|-unboost|p1b: Dragonite|def|1
|-boost|p1b: Dragonite|spe|1
|
|-sideend|p1: Rantix D Red|move: Tailwind
|upkeep
|
|t:|1756480032
|switch|p2a: Sneasler|Sneasler, L50, M|100/100
|turn|9
|inactive|Rantix D Red has 30 seconds left.
|
|t:|1756480066
|switch|p1a: Archaludon|Archaludon, L50, F, shiny|100/100
|move|p2a: Sneasler|Dire Claw|p1b: Dragonite
|-damage|p1b: Dragonite|0 fnt
|faint|p1b: Dragonite
|move|p2b: Kingambit|Kowtow Cleave|p1a: Archaludon
|-damage|p1a: Archaludon|53/100
|-ability|p1a: Archaludon|Stamina|boost
|-boost|p1a: Archaludon|def|1
|
|upkeep
|inactive|Rantix D Red has 30 seconds left.
|-message|Rantix D Red forfeited.
|
|win|davirru5
||Rantix D Red is ready for game 2.
|inactive|davirru5 has 30 seconds to confirm battle start!
||davirru5 is ready for game 2.
|uhtml|next|Next: Game 2 of 3
|l|☆Rantix D Red
|player|p1|
