|j|☆wizzcoaster
|j|☆acmilanvgc
|html|wizzcoasteracmilanvgc    
|uhtml|bestof|Game 1 of a best-of-3
|t:|1782354427
|gametype|doubles
|player|p1|wizzcoaster|adaman-masters|1161
|player|p2|acmilanvgc|misty|1040
|gen|9
|tier|[Gen 9 Champions] VGC 2026 Reg M-B (Bo3)
|rated|
|rule|Species Clause: Limit one of each Pokémon
|rule|Item Clause: Limit 1 of each item
|clearpoke
|poke|p1|Staraptor, L50, F|
|poke|p1|Garchomp, L50, M|
|poke|p1|Milotic, L50, M|
|poke|p1|Grimmsnarl, L50, M|
|poke|p1|Gholdengo, L50|
|poke|p1|Venusaur, L50, F|
|poke|p2|Sceptile, L50, M, shiny|
|poke|p2|Rotom-Heat, L50|
|poke|p2|Tyranitar, L50, M|
|poke|p2|Excadrill, L50, M|
|poke|p2|Sinistcha, L50|
|poke|p2|Primarina, L50, M|
|teampreview|4
|showteam|p1|Staraptor||Staraptite|Intimidate|BraveBird,CloseCombat,Roost,Protect|Adamant||F|||50|]Garchomp||ExpertBelt|RoughSkin|DragonClaw,StompingTantrum,PoisonJab,RockSlide|Adamant||M|||50|]Milotic||Leftovers|Competitive|MuddyWater,Hypnosis,Coil,LifeDew|Modest||M|||50|]Grimmsnarl||LightClay|Prankster|SpiritBreak,Reflect,LightScreen,PartingShot|Careful||M|||50|]Gholdengo||SitrusBerry|GoodasGold|MakeItRain,ShadowBall,NastyPlot,Protect|Modest|||||50|]Venusaur||Venusaurite|Chlorophyll|GigaDrain,SludgeBomb,EarthPower,Protect|Modest||F|||50|
|showteam|p2|Sceptile||Sceptilite|Overgrow|LeafStorm,DragonPulse,EarthPower,Protect|Timid||M|||50|]Rotom-Heat||ChoiceScarf|Levitate|Discharge,Electroweb,Overheat,Trick|Timid|||||50|]Tyranitar||Tyranitarite|SandStream|RockSlide,Assurance,LowKick,Protect|Adamant||M|||50|]Excadrill||FocusSash|SandRush|RockSlide,IronHead,Earthquake,Protect|Adamant||M|||50|]Sinistcha||Leftovers|Hospitality|RagePowder,MatchaGotcha,Protect,TrickRoom|Calm|||||50|]Primarina||LifeOrb|LiquidVoice|HyperVoice,Moonblast,CalmMind,Protect|Modest||M|||50|
|inactive|Battle timer is ON: inactive players will automatically lose when time's up. (requested by acmilanvgc)
|inactive|acmilanvgc has 60 seconds left.
|inactive|acmilanvgc has 30 seconds left.
|inactive|acmilanvgc has 20 seconds left.
|inactive|acmilanvgc has 15 seconds left.
|inactive|acmilanvgc has 10 seconds left.
|
|t:|1782354515
|teamsize|p1|4
|teamsize|p2|4
|start
|switch|p1a: Grimmsnarl|Grimmsnarl, L50, M|100/100
|switch|p1b: Staraptor|Staraptor, L50, F|100/100
|switch|p2a: Primarina|Primarina, L50, M|100/100
|switch|p2b: Sinistcha|Sinistcha, L50|100/100
|-ability|p1b: Staraptor|Intimidate|boost
|-unboost|p2a: Primarina|atk|1
|-unboost|p2b: Sinistcha|atk|1
|turn|1
|
|t:|1782354535
|detailschange|p1b: Staraptor|Staraptor-Mega, L50, F
|-mega|p1b: Staraptor|Staraptor|Staraptite
|move|p2b: Sinistcha|Rage Powder|p2b: Sinistcha
|-singleturn|p2b: Sinistcha|move: Rage Powder
|move|p1a: Grimmsnarl|Light Screen|p1a: Grimmsnarl
|-sidestart|p1: wizzcoaster|move: Light Screen
|move|p1b: Staraptor|Brave Bird|p2b: Sinistcha
|-supereffective|p2b: Sinistcha|1
|-damage|p2b: Sinistcha|0 fnt
|faint|p2b: Sinistcha
|-damage|p1b: Staraptor|67/100|[from] Recoil
|move|p2a: Primarina|Moonblast|p1b: Staraptor
|-supereffective|p1b: Staraptor|1
|-damage|p1b: Staraptor|0 fnt
|faint|p1b: Staraptor
|-damage|p2a: Primarina|90/100|[from] item: Life Orb
|
|upkeep
|
|t:|1782354550
|switch|p1b: Gholdengo|Gholdengo, L50|100/100
|switch|p2b: Excadrill|Excadrill, L50, M|100/100
|turn|2
|
|t:|1782354567
|move|p2a: Primarina|Protect|p2a: Primarina
|-singleturn|p2a: Primarina|Protect
|move|p1a: Grimmsnarl|Reflect|p1a: Grimmsnarl
|-sidestart|p1: wizzcoaster|Reflect
|move|p2b: Excadrill|Earthquake|p1b: Gholdengo|[spread] p1a,p1b
|-activate|p2a: Primarina|move: Protect
|-supereffective|p1b: Gholdengo|1
|-damage|p1a: Grimmsnarl|69/100
|-damage|p1b: Gholdengo|42/100
|-enditem|p1b: Gholdengo|Sitrus Berry|[eat]
|-heal|p1b: Gholdengo|67/100|[from] item: Sitrus Berry
|move|p1b: Gholdengo|Nasty Plot|p1b: Gholdengo
|-boost|p1b: Gholdengo|spa|2
|
|upkeep
|turn|3
|inactive|acmilanvgc has 30 seconds left.
|
|t:|1782354594
|move|p2b: Excadrill|Earthquake|p1b: Gholdengo|[spread] p2a,p1a,p1b
|-supereffective|p1b: Gholdengo|1
|-damage|p2a: Primarina|45/100
|-damage|p1a: Grimmsnarl|38/100
|-damage|p1b: Gholdengo|14/100
|move|p1b: Gholdengo|Make It Rain|p2a: Primarina|[spread] p2a,p2b
|-resisted|p2b: Excadrill|1
|-damage|p2a: Primarina|0 fnt
|-damage|p2b: Excadrill|31/100
|-unboost|p1b: Gholdengo|spa|2
|faint|p2a: Primarina
|move|p1a: Grimmsnarl|Spirit Break|p2b: Excadrill
|-resisted|p2b: Excadrill|1
|-damage|p2b: Excadrill|10/100
|-unboost|p2b: Excadrill|spa|1
|
|upkeep
|
|t:|1782354600
|switch|p2a: Tyranitar|Tyranitar, L50, M|100/100
|-weather|Sandstorm|[from] ability: Sand Stream|[of] p2a: Tyranitar
|turn|4
|
|t:|1782354624
|detailschange|p2a: Tyranitar|Tyranitar-Mega, L50, M
|-mega|p2a: Tyranitar|Tyranitar|Tyranitarite
|move|p1a: Grimmsnarl|Parting Shot|p2b: Excadrill
|-unboost|p2b: Excadrill|atk|1
|-unboost|p2b: Excadrill|spa|1
|
|t:|1782354630
|switch|p1a: Garchomp|Garchomp, L50, M|100/100|[from] Parting Shot
|move|p2b: Excadrill|Iron Head|p1a: Garchomp
|-damage|p1a: Garchomp|81/100
|-damage|p2b: Excadrill|0 fnt|[from] ability: Rough Skin|[of] p1a: Garchomp
|faint|p2b: Excadrill
|move|p1b: Gholdengo|Make It Rain|p2a: Tyranitar
|-supereffective|p2a: Tyranitar|1
|-damage|p2a: Tyranitar|38/100
|-unboost|p1b: Gholdengo|spa|2
|move|p2a: Tyranitar|Rock Slide|p1b: Gholdengo|[spread] p1a,p1b
|-resisted|p1a: Garchomp|1
|-resisted|p1b: Gholdengo|1
|-damage|p1a: Garchomp|70/100
|-damage|p1b: Gholdengo|2/100
|
|-weather|Sandstorm|[upkeep]
|upkeep
|turn|5
|-message|acmilanvgc forfeited.
|
|win|wizzcoaster
