|j|☆themismatcher
|j|☆boncuss
|html|themismatcherboncuss    
|uhtml|bestof|Game 1 of a best-of-3
|t:|1757830832
|gametype|doubles
|player|p1|themismatcher|benga|1325
|player|p2|boncuss|wattson|1173
|gen|9
|tier|[Gen 9] VGC 2025 Reg H (Bo3)
|rated|
|rule|Species Clause: Limit one of each Pokémon
|rule|Item Clause: Limit 1 of each item
|clearpoke
|poke|p1|Pelipper, L50, M|
|poke|p1|Basculegion, L50, M|
|poke|p1|Amoonguss, L50, F|
|poke|p1|Archaludon, L50, F|
|poke|p1|Greninja-*, L50, F|
|poke|p1|Annihilape, L50, F|
|poke|p2|Garganacl, L50, M|
|poke|p2|Tyranitar, L50, F|
|poke|p2|Glimmora, L50, M|
|poke|p2|Talonflame, L50, F|
|poke|p2|Excadrill, L50, M|
|poke|p2|Gastrodon, L50, F|
|teampreview|4
|showteam|p1|Pelipper||FocusSash|Drizzle|WeatherBall,Hurricane,Tailwind,WideGuard|||M|||50|,,,,,Stellar]Basculegion||ChoiceBand|SwiftSwim|WaveCrash,FlipTurn,LastRespects,AquaJet|||M|||50|,,,,,Grass]Amoonguss||SitrusBerry|Regenerator|Spore,RagePowder,PollenPuff,ClearSmog|||F|||50|,,,,,Dark]Archaludon||AssaultVest|Stamina|DragonPulse,FlashCannon,ElectroShot,BodyPress|||F|||50|,,,,,Bug]Greninja||LoadedDice|Torrent|WaterShuriken,DarkPulse,Taunt,RainDance|||F|||50|,,,,,Ghost]Annihilape||ChoiceScarf|Defiant|CloseCombat,RageFist,Uturn,FinalGambit|||F|||50|,,,,,Grass
|showteam|p2|Garganacl||Leftovers|PurifyingSalt|SaltCure,Curse,WideGuard,Recover|||M|||50|,,,,,Ghost]Tyranitar||AssaultVest|SandStream|RockSlide,KnockOff,LashOut,IcePunch|||F|||50|,,,,,Flying]Glimmora||PowerHerb|ToxicDebris|MeteorBeam,SpikyShield,SludgeBomb,EarthPower|||M|||50|,,,,,Grass]Talonflame||CovertCloak|GaleWings|DualWingbeat,FlareBlitz,Tailwind,WillOWisp|||F|||50|,,,,,Flying]Excadrill||SitrusBerry|SandRush|IronHead,Earthquake,SwordsDance,Protect|||M|||50|,,,,,Ghost]Gastrodon||LifeOrb|StormDrain|EarthPower,MuddyWater,IceBeam,Protect|||F|||50|,,,,,Fire
|inactive|Battle timer is ON: inactive players will automatically lose when time's up. (requested by boncuss)
|inactive|themismatcher has 60 seconds left.
|
|t:|1757830873
|teamsize|p1|4
|teamsize|p2|4
|start
|switch|p1a: Greninja|Greninja, L50, F|100/100
|switch|p1b: Archaludon|Archaludon, L50, F|100/100
|switch|p2a: Garganacl|Garganacl, L50, M|100/100
|switch|p2b: Glimmora|Glimmora, L50, M|100/100
|turn|1
|inactive|themismatcher has 30 seconds left.
|inactive|boncuss has 30 seconds left.
|
|t:|1757830908
|-terastallize|p2a: Garganacl|Ghost
|move|p1a: Greninja|Dark Pulse|p2a: Garganacl
|-supereffective|p2a: Garganacl
|-damage|p2a: Garganacl|62/100
|move|p2b: Glimmora|Meteor Beam||[still]
|-prepare|p2b: Glimmora|Meteor Beam
|-boost|p2b: Glimmora|spa|1
|-enditem|p2b: Glimmora|Power Herb
|-anim|p2b: Glimmora|Meteor Beam|p1a: Greninja
|-damage|p1a: Greninja|0 fnt
|faint|p1a: Greninja
|move|p1b: Archaludon|Dragon Pulse|p2a: Garganacl
|-damage|p2a: Garganacl|34/100
|move|p2a: Garganacl|Salt Cure|p1b: Archaludon
|-resisted|p1b: Archaludon
|-damage|p1b: Archaludon|96/100
|-start|p1b: Archaludon|Salt Cure
|-ability|p1b: Archaludon|Stamina|boost
|-boost|p1b: Archaludon|def|1
|
|-heal|p2a: Garganacl|40/100|[from] item: Leftovers
|-damage|p1b: Archaludon|71/100|[from] Salt Cure
|upkeep
|
|t:|1757830921
|switch|p1a: Basculegion|Basculegion, L50, M|100/100
|turn|2
|
|t:|1757830941
|switch|p2b: Gastrodon|Gastrodon, L50, F|100/100
|switch|p1b: Pelipper|Pelipper, L50, M|100/100
|-weather|RainDance|[from] ability: Drizzle|[of] p1b: Pelipper
|move|p1a: Basculegion|Last Respects|p2a: Garganacl
|-supereffective|p2a: Garganacl
|-damage|p2a: Garganacl|0 fnt
|faint|p2a: Garganacl
|
|-weather|RainDance|[upkeep]
|upkeep
|inactive|boncuss has 30 seconds left.
|inactive|boncuss has 20 seconds left.
|
|t:|1757830980
|switch|p2a: Talonflame|Talonflame, L50, F|100/100
|turn|3
|inactive|themismatcher has 30 seconds left.
|
|t:|1757831005
|move|p2a: Talonflame|Tailwind|p2a: Talonflame
|-sidestart|p2: boncuss|move: Tailwind
|move|p1a: Basculegion|Last Respects|p2a: Talonflame
|-damage|p2a: Talonflame|0 fnt
|faint|p2a: Talonflame
|move|p1b: Pelipper|Tailwind|p1b: Pelipper
|-sidestart|p1: themismatcher|move: Tailwind
|move|p2b: Gastrodon|Muddy Water|p1a: Basculegion|[spread] p1b
|-miss|p2b: Gastrodon|p1a: Basculegion
|-resisted|p1b: Pelipper
|-damage|p1b: Pelipper|46/100
|-unboost|p1b: Pelipper|accuracy|1
|-damage|p2b: Gastrodon|91/100|[from] item: Life Orb
|
|-weather|RainDance|[upkeep]
|upkeep
|
|t:|1757831019
|switch|p2a: Glimmora|Glimmora, L50, M|100/100
|turn|4
|
|t:|1757831043
|move|p1a: Basculegion|Last Respects|p2a: Glimmora
|-damage|p2a: Glimmora|9/100
|-activate|p2a: Glimmora|ability: Toxic Debris
|-sidestart|p1: themismatcher|move: Toxic Spikes
|move|p2a: Glimmora|Meteor Beam||[still]
|-prepare|p2a: Glimmora|Meteor Beam
|-boost|p2a: Glimmora|spa|1
|move|p1b: Pelipper|Hurricane|p2a: Glimmora
|-resisted|p2a: Glimmora
|-damage|p2a: Glimmora|0 fnt
|faint|p2a: Glimmora
|move|p2b: Gastrodon|Muddy Water|p1b: Pelipper|[spread] p1a,p1b
|-resisted|p1a: Basculegion
|-resisted|p1b: Pelipper
|-damage|p1a: Basculegion|63/100
|-damage|p1b: Pelipper|0 fnt
|-unboost|p1a: Basculegion|accuracy|1
|faint|p1b: Pelipper
|-damage|p2b: Gastrodon|81/100|[from] item: Life Orb
|
|-weather|RainDance|[upkeep]
|upkeep
|
|t:|1757831056
|switch|p1b: Archaludon|Archaludon, L50, F|71/100
|turn|5
|
|t:|1757831065
|-terastallize|p1b: Archaludon|Bug
|move|p1a: Basculegion|Last Respects|p2b: Gastrodon
|-damage|p2b: Gastrodon|0 fnt
|faint|p2b: Gastrodon
|
|win|themismatcher
||boncuss is ready for game 2.
||themismatcher is ready for game 2.
|uhtml|next|Next: Game 2 of 3
