|j|☆Llama_Llord
|j|☆StardragonVGC
|html|Llama_LlordStardragonVGC    
|uhtml|bestof|Game 2 of a best-of-3
|t:|1757640559
|gametype|doubles
|player|p1|Llama_Llord|101|1100
|player|p2|StardragonVGC|burglar|1131
|gen|9
|tier|[Gen 9] VGC 2025 Reg H (Bo3)
|rated|
|rule|Species Clause: Limit one of each Pokémon
|rule|Item Clause: Limit 1 of each item
|clearpoke
|poke|p1|Talonflame, L50, M|
|poke|p1|Garchomp, L50, M|
|poke|p1|Gholdengo, L50|
|poke|p1|Tyranitar, L50, M|
|poke|p1|Amoonguss, L50, F|
|poke|p1|Milotic, L50, M|
|poke|p2|Ursaluna-Bloodmoon, L50, M|
|poke|p2|Porygon2, L50|
|poke|p2|Tyranitar, L50, M|
|poke|p2|Annihilape, L50, M|
|poke|p2|Amoonguss, L50, F|
|poke|p2|Corviknight, L50, M|
|teampreview|4
|showteam|p1|Talonflame||CovertCloak|GaleWings|Tailwind,BraveBird,WillOWisp,Taunt|||M|||50|,,,,,Grass]Garchomp||LifeOrb|RoughSkin|Earthquake,DragonClaw,StompingTantrum,Protect|||M|||50|,,,,,Fairy]Gholdengo||ChoiceSpecs|GoodasGold|MakeItRain,ShadowBall,Thunderbolt,PowerGem||||||50|,,,,,Steel]Tyranitar||AssaultVest|SandStream|RockSlide,KnockOff,TeraBlast,LowKick|||M|||50|,,,,,Flying]Amoonguss||SitrusBerry|Regenerator|PollenPuff,Spore,RagePowder,Protect|||F|||50|,,,,,Water]Milotic||SafetyGoggles|Competitive|Scald,IcyWind,Haze,Protect|||M|||50|,,,,,Dragon
|showteam|p2|Ursaluna-Bloodmoon||AssaultVest|MindsEye|BloodMoon,EarthPower,HyperVoice,VacuumWave|||M|||50|,,,,,Water]Porygon2||Eviolite|Download|TrickRoom,IceBeam,Recover,TeraBlast||||||50|,,,,,Fighting]Tyranitar||ClearAmulet|SandStream|KnockOff,HighHorsepower,DragonDance,Protect|||M|||50|,,,,,Ground]Annihilape||SafetyGoggles|Defiant|RageFist,DrainPunch,Taunt,Protect|||M|||50|,,,,,Fire]Amoonguss||SitrusBerry|Regenerator|Spore,RagePowder,PollenPuff,Protect|||F|||50|,,,,,Water]Corviknight||Leftovers|MirrorArmor|BraveBird,Protect,Tailwind,BulkUp|||M|||50|,,,,,Fire
|inactive|Battle timer is ON: inactive players will automatically lose when time's up. (requested by StardragonVGC)
|inactive|Llama_Llord also wants the timer to be on.
|inactive|StardragonVGC has 60 seconds left.
|
|t:|1757640600
|teamsize|p1|4
|teamsize|p2|4
|start
|switch|p1a: Garchomp|Garchomp, L50, M|100/100
|switch|p1b: Talonflame|Talonflame, L50, M|100/100
|switch|p2a: Ursaluna|Ursaluna-Bloodmoon, L50, M|100/100
|switch|p2b: Corviknight|Corviknight, L50, M|100/100
|turn|1
|
|t:|1757640624
|move|p1a: Garchomp|Protect|p1a: Garchomp
|-singleturn|p1a: Garchomp|Protect
|move|p1b: Talonflame|Taunt|p2b: Corviknight
|-start|p2b: Corviknight|move: Taunt
|cant|p2b: Corviknight|move: Taunt|Tailwind
|move|p2a: Ursaluna|Blood Moon|p1a: Garchomp
|-activate|p1a: Garchomp|move: Protect
|
|upkeep
|turn|2
|
|t:|1757640640
|switch|p2b: Amoonguss|Amoonguss, L50, F|100/100
|move|p1b: Talonflame|Will-O-Wisp|p2b: Amoonguss
|-status|p2b: Amoonguss|brn
|move|p1a: Garchomp|Dragon Claw|p2a: Ursaluna
|-damage|p2a: Ursaluna|61/100
|-damage|p1a: Garchomp|91/100|[from] item: Life Orb
|move|p2a: Ursaluna|Hyper Voice|p1a: Garchomp|[spread] p1a,p1b
|-damage|p1a: Garchomp|46/100
|-damage|p1b: Talonflame|55/100
|
|-damage|p2b: Amoonguss|95/100 brn|[from] brn
|upkeep
|turn|3
|inactive|Llama_Llord has 30 seconds left.
|inactive|StardragonVGC has 30 seconds left.
|
|t:|1757640669
|-terastallize|p1b: Talonflame|Grass
|move|p1b: Talonflame|Brave Bird|p2a: Ursaluna
|-damage|p2a: Ursaluna|36/100
|-damage|p1b: Talonflame|45/100|[from] Recoil
|move|p1a: Garchomp|Earthquake|p2a: Ursaluna|[spread] p1b,p2a,p2b
|-resisted|p1b: Talonflame
|-damage|p1b: Talonflame|12/100
|-damage|p2a: Ursaluna|3/100
|-damage|p2b: Amoonguss|57/100 brn
|-damage|p1a: Garchomp|36/100|[from] item: Life Orb
|move|p2a: Ursaluna|Hyper Voice|p1a: Garchomp|[spread] p1a,p1b
|-damage|p1a: Garchomp|0 fnt
|-damage|p1b: Talonflame|0 fnt
|faint|p1a: Garchomp
|faint|p1b: Talonflame
|move|p2b: Amoonguss|Pollen Puff|p2a: Ursaluna
|-heal|p2a: Ursaluna|53/100
|
|-damage|p2b: Amoonguss|51/100 brn|[from] brn
|upkeep
|
|t:|1757640678
|switch|p1b: Gholdengo|Gholdengo, L50|100/100
|switch|p1a: Amoonguss|Amoonguss, L50, F|100/100
|turn|4
|inactive|StardragonVGC has 30 seconds left.
|
|t:|1757640711
|-terastallize|p2a: Ursaluna|Water
|move|p2b: Amoonguss|Rage Powder|p2b: Amoonguss
|-singleturn|p2b: Amoonguss|move: Rage Powder
|move|p1b: Gholdengo|Make It Rain|p2b: Amoonguss|[spread] p2a,p2b
|-resisted|p2a: Ursaluna
|-damage|p2a: Ursaluna|27/100
|-damage|p2b: Amoonguss|0 fnt
|-unboost|p1b: Gholdengo|spa|1
|faint|p2b: Amoonguss
|move|p2a: Ursaluna|Blood Moon|p1b: Gholdengo
|-resisted|p1b: Gholdengo
|-damage|p1b: Gholdengo|53/100
|move|p1a: Amoonguss|Spore|p2a: Ursaluna
|-status|p2a: Ursaluna|slp|[from] move: Spore
|
|upkeep
|
|t:|1757640728
|switch|p2b: Tyranitar|Tyranitar, L50, M, shiny|100/100
|-weather|Sandstorm|[from] ability: Sand Stream|[of] p2b: Tyranitar
|turn|5
|
|t:|1757640735
|switch|p2a: Corviknight|Corviknight, L50, M|100/100
|move|p1b: Gholdengo|Make It Rain|p2a: Corviknight|[spread] p2a,p2b
|-resisted|p2a: Corviknight
|-supereffective|p2b: Tyranitar
|-damage|p2a: Corviknight|80/100
|-damage|p2b: Tyranitar|43/100
|-unboost|p1b: Gholdengo|spa|1
|move|p2b: Tyranitar|Dragon Dance|p2b: Tyranitar
|-boost|p2b: Tyranitar|atk|1
|-boost|p2b: Tyranitar|spe|1
|move|p1a: Amoonguss|Pollen Puff|p1b: Gholdengo
|-heal|p1b: Gholdengo|100/100
|
|-weather|Sandstorm|[upkeep]
|-damage|p1a: Amoonguss|95/100|[from] Sandstorm
|-heal|p2a: Corviknight|86/100|[from] item: Leftovers
|upkeep
|turn|6
|inactive|StardragonVGC has 30 seconds left.
|
|t:|1757640767
|move|p1a: Amoonguss|Rage Powder|p1a: Amoonguss
|-singleturn|p1a: Amoonguss|move: Rage Powder
|move|p2b: Tyranitar|Knock Off|p1a: Amoonguss
|-damage|p1a: Amoonguss|29/100
|-enditem|p1a: Amoonguss|Sitrus Berry|[from] move: Knock Off|[of] p2b: Tyranitar
|move|p1b: Gholdengo|Make It Rain|p2b: Tyranitar|[spread] p2a,p2b
|-resisted|p2a: Corviknight
|-supereffective|p2b: Tyranitar
|-damage|p2a: Corviknight|70/100
|-damage|p2b: Tyranitar|0 fnt
|-unboost|p1b: Gholdengo|spa|1
|faint|p2b: Tyranitar
|move|p2a: Corviknight|Brave Bird|p1a: Amoonguss
|-supereffective|p1a: Amoonguss
|-damage|p1a: Amoonguss|0 fnt
|faint|p1a: Amoonguss
|-damage|p2a: Corviknight|59/100|[from] Recoil
|
|-weather|Sandstorm|[upkeep]
|-heal|p2a: Corviknight|65/100|[from] item: Leftovers
|upkeep
|
|t:|1757640784
|switch|p2b: Ursaluna|Ursaluna-Bloodmoon, L50, M, tera:Water|27/100 slp
|turn|7
|inactive|StardragonVGC has 30 seconds left.
|
|t:|1757640815
|move|p1b: Gholdengo|Make It Rain|p2a: Corviknight|[spread] p2a,p2b
|-resisted|p2a: Corviknight
|-resisted|p2b: Ursaluna
|-damage|p2a: Corviknight|52/100
|-damage|p2b: Ursaluna|17/100 slp
|-unboost|p1b: Gholdengo|spa|1
|move|p2a: Corviknight|Bulk Up|p2a: Corviknight
|-boost|p2a: Corviknight|atk|1
|-boost|p2a: Corviknight|def|1
|cant|p2b: Ursaluna|slp
|
|-weather|Sandstorm|[upkeep]
|-damage|p2b: Ursaluna|12/100 slp|[from] Sandstorm
|-heal|p2a: Corviknight|58/100|[from] item: Leftovers
|upkeep
|turn|8
|inactive|StardragonVGC has 30 seconds left.
|
|t:|1757640842
|move|p1b: Gholdengo|Make It Rain|p2a: Corviknight|[spread] p2a,p2b
|-resisted|p2a: Corviknight
|-resisted|p2b: Ursaluna
|-damage|p2a: Corviknight|48/100
|-damage|p2b: Ursaluna|3/100 slp
|-unboost|p1b: Gholdengo|spa|1
|move|p2a: Corviknight|Brave Bird|p1b: Gholdengo
|-resisted|p1b: Gholdengo
|-damage|p1b: Gholdengo|64/100
|-damage|p2a: Corviknight|38/100|[from] Recoil
|cant|p2b: Ursaluna|slp
|
|-weather|Sandstorm|[upkeep]
|-damage|p2b: Ursaluna|0 fnt|[from] Sandstorm
|faint|p2b: Ursaluna
|-heal|p2a: Corviknight|44/100|[from] item: Leftovers
|upkeep
|turn|9
|
|t:|1757640857
|move|p1b: Gholdengo|Make It Rain|p2a: Corviknight
|-resisted|p2a: Corviknight
|-damage|p2a: Corviknight|32/100
|-unboost|p1b: Gholdengo|spa|1
|move|p2a: Corviknight|Brave Bird|p1b: Gholdengo
|-resisted|p1b: Gholdengo
|-damage|p1b: Gholdengo|31/100
|-damage|p2a: Corviknight|24/100|[from] Recoil
|
|-weather|none
|-heal|p2a: Corviknight|29/100|[from] item: Leftovers
|upkeep
|turn|10
|
|t:|1757640879
|move|p1b: Gholdengo|Make It Rain|p2a: Corviknight
|-resisted|p2a: Corviknight
|-damage|p2a: Corviknight|20/100
|move|p2a: Corviknight|Brave Bird|p1b: Gholdengo
|-resisted|p1b: Gholdengo
|-damage|p1b: Gholdengo|0 fnt
|faint|p1b: Gholdengo
|-damage|p2a: Corviknight|12/100|[from] Recoil
|
|win|StardragonVGC
