|j|☆Flow2Bro03
|j|☆CubaoExpo
|html|Flow2Bro03CubaoExpo    
|uhtml|bestof|Game 1 of a best-of-3
|t:|1783002407
|gametype|doubles
|player|p1|Flow2Bro03|miku-fire|
|player|p2|CubaoExpo|unknown|
|gen|9
|tier|[Gen 9 Champions] VGC 2026 Reg M-B (Bo3)
|rule|Species Clause: Limit one of each Pokémon
|rule|Item Clause: Limit 1 of each item
|clearpoke
|poke|p1|Delphox, L50, M|
|poke|p1|Sneasler, L50, F|
|poke|p1|Incineroar, L50, M|
|poke|p1|Sinistcha, L50|
|poke|p1|Floette-Eternal, L50, F|
|poke|p1|Kingambit, L50, F|
|poke|p2|Froslass, L50, F|
|poke|p2|Scovillain, L50, F, shiny|
|poke|p2|Basculegion, L50, M|
|poke|p2|Kingambit, L50, F|
|poke|p2|Sneasler, L50, F|
|poke|p2|Lycanroc-Dusk, L50, M|
|teampreview|4
|showteam|p1|Delphox||Delphoxite|Blaze|HeatWave,Psyshock,NastyPlot,Protect|Timid||M|||50|]Sneasler||FocusSash|PoisonTouch|FakeOut,CloseCombat,QuickGuard,DireClaw|Jolly||F|||50|]Incineroar||SitrusBerry|Intimidate|FakeOut,PartingShot,DarkestLariat,FlareBlitz|Impish||M|||50|]Sinistcha||KasibBerry|Hospitality|MatchaGotcha,Protect,TrickRoom,RagePowder|Relaxed|||||50|]Floette-Eternal||Floettite|FlowerVeil|DazzlingGleam,Moonblast,CalmMind,Protect|Modest||F|||50|]Kingambit||ChopleBerry|Defiant|KowtowCleave,SuckerPunch,IronHead,Protect|Adamant||F|||50|
|showteam|p2|Froslass||Froslassite|CursedBody|Blizzard,ShadowBall,AuroraVeil,Protect|Modest||F|||50|]Scovillain||Scovillainite|Moody|GigaDrain,Overheat,RagePowder,Protect|Bold||F|||50|]Basculegion||SitrusBerry|Adaptability|WaveCrash,LastRespects,AquaJet,Protect|Adamant||M|||50|]Kingambit||BlackGlasses|Defiant|KowtowCleave,SuckerPunch,SwordsDance,Protect|Adamant||F|||50|]Sneasler||WhiteHerb|Unburden|CloseCombat,GunkShot,Protect,FakeOut|Adamant||F|||50|]Lycanroc-Dusk||FocusSash|ToughClaws|CloseCombat,Accelerock,RockSlide,Protect|Adamant||M|||50|
|inactive|Battle timer is ON: inactive players will automatically lose when time's up. (requested by CubaoExpo)
|inactive|Flow2Bro03 has 60 seconds left.
|inactive|CubaoExpo has 60 seconds left.
|inactive|Flow2Bro03 has 30 seconds left.
|
|t:|1783002476
|teamsize|p1|4
|teamsize|p2|4
|start
|switch|p1a: Mr. Worldwide|Incineroar, L50, M|100/100
|switch|p1b: Sneasler|Sneasler, L50, F|100/100
|switch|p2a: Froslass|Froslass, L50, F|100/100
|switch|p2b: Basculegion|Basculegion, L50, M|100/100
|-ability|p1a: Mr. Worldwide|Intimidate|boost
|-unboost|p2a: Froslass|atk|1
|-unboost|p2b: Basculegion|atk|1
|turn|1
|inactive|Flow2Bro03 has 30 seconds left.
|inactive|Flow2Bro03 has 20 seconds left.
|
|t:|1783002512
|detailschange|p2a: Froslass|Froslass-Mega, L50, F
|-mega|p2a: Froslass|Froslass|Froslassite
|-weather|Snowscape|[from] ability: Snow Warning|[of] p2a: Froslass
|move|p1b: Sneasler|Dire Claw|p2b: Basculegion
|-resisted|p2b: Basculegion|1
|-damage|p2b: Basculegion|79/100
|move|p2a: Froslass|Aurora Veil|p2a: Froslass
|-sidestart|p2: CubaoExpo|move: Aurora Veil
|move|p2b: Basculegion|Wave Crash|p1a: Mr. Worldwide
|-supereffective|p1a: Mr. Worldwide|1
|-damage|p1a: Mr. Worldwide|22/100
|-enditem|p1a: Mr. Worldwide|Sitrus Berry|[eat]
|-heal|p1a: Mr. Worldwide|47/100|[from] item: Sitrus Berry
|-damage|p2b: Basculegion|56/100|[from] Recoil
|move|p1a: Mr. Worldwide|Darkest Lariat|p2b: Basculegion
|-supereffective|p2b: Basculegion|1
|-damage|p2b: Basculegion|12/100
|-enditem|p2b: Basculegion|Sitrus Berry|[eat]
|-heal|p2b: Basculegion|36/100|[from] item: Sitrus Berry
|
|-weather|Snowscape|[upkeep]
|upkeep
|turn|2
|inactive|Flow2Bro03 has 30 seconds left.
|inactive|CubaoExpo has 30 seconds left.
|inactive|Flow2Bro03 has 20 seconds left.
|inactive|Flow2Bro03 has 15 seconds left.
|
|t:|1783002553
|move|p1b: Sneasler|Dire Claw|p2b: Basculegion
|-resisted|p2b: Basculegion|1
|-damage|p2b: Basculegion|23/100
|-status|p2b: Basculegion|psn|[from] ability: Poison Touch|[of] p1b: Sneasler
|move|p2a: Froslass|Shadow Ball|p1b: Sneasler
|-damage|p1b: Sneasler|44/100
|move|p2b: Basculegion|Wave Crash|p1a: Mr. Worldwide
|-supereffective|p1a: Mr. Worldwide|1
|-damage|p1a: Mr. Worldwide|0 fnt
|faint|p1a: Mr. Worldwide
|-damage|p2b: Basculegion|9/100 psn|[from] Recoil
|
|-weather|Snowscape|[upkeep]
|-damage|p2b: Basculegion|0 fnt|[from] psn
|faint|p2b: Basculegion
|upkeep
|
|t:|1783002576
|switch|p2b: Lycanroc|Lycanroc-Dusk, L50, M|100/100
|switch|p1a: Fokko|Delphox, L50, M|100/100
|turn|3
|inactive|Flow2Bro03 has 30 seconds left.
|
|t:|1783002602
|detailschange|p1a: Fokko|Delphox-Mega, L50, M
|-mega|p1a: Fokko|Delphox|Delphoxite
|move|p1a: Fokko|Heat Wave|p2a: Froslass|[spread] p2a,p2b
|-supereffective|p2a: Froslass|1
|-resisted|p2b: Lycanroc|1
|-damage|p2a: Froslass|43/100
|-damage|p2b: Lycanroc|78/100
|move|p1b: Sneasler|Close Combat|p2b: Lycanroc
|-supereffective|p2b: Lycanroc|1
|-damage|p2b: Lycanroc|0 fnt
|-unboost|p1b: Sneasler|def|1
|-unboost|p1b: Sneasler|spd|1
|faint|p2b: Lycanroc
|move|p2a: Froslass|Shadow Ball|p1a: Fokko
|-supereffective|p1a: Fokko|1
|-damage|p1a: Fokko|15/100
|
|-weather|Snowscape|[upkeep]
|upkeep
|
|t:|1783002616
|switch|p2b: Kingambit|Kingambit, L50, F|100/100
|turn|4
|inactive|Flow2Bro03 has 30 seconds left.
|inactive|Flow2Bro03 has 20 seconds left.
|inactive|Flow2Bro03 has 15 seconds left.
|inactive|Flow2Bro03 has 10 seconds left.
|
|t:|1783002665
|switch|p1b: Kingambit|Kingambit, L50, F|100/100
|move|p1a: Fokko|Protect|p1a: Fokko
|-singleturn|p1a: Fokko|Protect
|move|p2b: Kingambit|Sucker Punch||[still]
|-fail|p2b: Kingambit
|move|p2a: Froslass|Shadow Ball|p1a: Fokko
|-activate|p1a: Fokko|move: Protect
|
|-weather|Snowscape|[upkeep]
|upkeep
|turn|5
|-message|CubaoExpo forfeited.
|
|win|Flow2Bro03
||CubaoExpo is ready for game 2.
