|j|☆SeanClubcardcoach
|j|☆Iceriderplayer370
|html|SeanClubcardcoachIceriderplayer370    
|uhtml|bestof|Game 2 of a best-of-3
|t:|1754604452
|gametype|doubles
|player|p1|SeanClubcardcoach|101|1300
|player|p2|Iceriderplayer370|wattson|1434
|gen|9
|tier|[Gen 9] VGC 2025 Reg H (Bo3)
|rated|
|rule|Species Clause: Limit one of each Pokémon
|rule|Item Clause: Limit 1 of each item
|clearpoke
|poke|p1|Tyranitar, L50, M|
|poke|p1|Kommo-o, L50, F|
|poke|p1|Rillaboom, L50, F|
|poke|p1|Volcarona, L50, F|
|poke|p1|Whimsicott, L50, F|
|poke|p1|Gholdengo, L50|
|poke|p2|Rillaboom, L50, M|
|poke|p2|Archaludon, L50, F|
|poke|p2|Gholdengo, L50|
|poke|p2|Dragonite, L50, M|
|poke|p2|Annihilape, L50, F|
|poke|p2|Dondozo, L50, M|
|teampreview|4
|showteam|p1|Tyranitar||AssaultVest|SandStream|KnockOff,RockSlide,LowKick,TeraBlast|||M|||50|,,,,,Flying]Kommo-o||ChoiceSpecs|Overcoat|ClangingScales,AuraSphere,Flamethrower,DracoMeteor|||F|||50|,,,,,Fire]Rillaboom||MiracleSeed|GrassySurge|Protect,WoodHammer,GrassyGlide,FakeOut|||F|||50|,,,,,Grass]Volcarona||GrassySeed|FlameBody|Protect,RagePowder,WillOWisp,HeatWave|||F|||50|,,,,,Dragon]Whimsicott||CovertCloak|Prankster|Tailwind,Moonblast,Encore,FakeTears|||F|||50|,,,,,Fire]Gholdengo||Leftovers|GoodasGold|Protect,NastyPlot,MakeItRain,ShadowBall||||||50|,,,,,Water
|showteam|p2|Rillaboom||AssaultVest|GrassySurge|WoodHammer,FakeOut,GrassyGlide,HighHorsepower|||M|||50|,,,,,Fire]Archaludon||PowerHerb|Sturdy|ElectroShot,DracoMeteor,Thunderbolt,Protect|||F|||50|,,,,,Electric]Gholdengo||ChoiceScarf|GoodasGold|MakeItRain,ShadowBall,Trick,SteelBeam||||||50|,,,,,Steel]Dragonite||LoadedDice|Multiscale|ScaleShot,ExtremeSpeed,Protect,Tailwind|||M|||50|,,,,,Steel]Annihilape||FocusSash|Defiant|FinalGambit,Coaching,RageFist,CloseCombat|||F|||50|,,,,,Grass]Dondozo||Leftovers|Unaware|Yawn,WaveCrash,Protect,Fissure|||M|||50|,,,,,Flying
|inactive|Battle timer is ON: inactive players will automatically lose when time's up. (requested by Iceriderplayer370)
|inactive|SeanClubcardcoach also wants the timer to be on.
|inactive|SeanClubcardcoach has 60 seconds left.
|
|t:|1754604486
|teamsize|p1|4
|teamsize|p2|4
|start
|switch|p1a: Whimsicott|Whimsicott, L50, F|100/100
|switch|p1b: Tyranitar|Tyranitar, L50, M|100/100
|switch|p2a: Rillaboom|Rillaboom, L50, M|100/100
|switch|p2b: Gholdengo|Gholdengo, L50|100/100
|-fieldstart|move: Grassy Terrain|[from] ability: Grassy Surge|[of] p2a: Rillaboom
|-weather|Sandstorm|[from] ability: Sand Stream|[of] p1b: Tyranitar
|turn|1
|
|t:|1754604495
|switch|p1b: Volcarona|Volcarona, L50, F, shiny|100/100
|-enditem|p1b: Volcarona|Grassy Seed
|-boost|p1b: Volcarona|def|1|[from] item: Grassy Seed
|move|p2a: Rillaboom|Fake Out|p1b: Volcarona
|-damage|p1b: Volcarona|90/100
|move|p1a: Whimsicott|Tailwind|p1a: Whimsicott
|-sidestart|p1: SeanClubcardcoach|move: Tailwind
|move|p2b: Gholdengo|Make It Rain|p1b: Volcarona|[spread] p1a,p1b
|-supereffective|p1a: Whimsicott
|-resisted|p1b: Volcarona
|-damage|p1a: Whimsicott|0 fnt
|-damage|p1b: Volcarona|68/100
|-unboost|p2b: Gholdengo|spa|1
|faint|p1a: Whimsicott
|
|-weather|Sandstorm|[upkeep]
|-damage|p1b: Volcarona|62/100|[from] Sandstorm
|-damage|p2a: Rillaboom|95/100|[from] Sandstorm
|-heal|p1b: Volcarona|68/100|[from] Grassy Terrain
|-heal|p2a: Rillaboom|100/100|[from] Grassy Terrain
|upkeep
|
|t:|1754604508
|switch|p1a: Tyranitar|Tyranitar, L50, M|100/100
|turn|2
|
|t:|1754604519
|switch|p2b: Dragonite|Dragonite, L50, M|100/100
|switch|p2a: Dondozo|Dondozo, L50, M|100/100
|move|p1b: Volcarona|Heat Wave|p2b: Dragonite|[spread] p2a,p2b
|-resisted|p2a: Dondozo
|-resisted|p2b: Dragonite
|-damage|p2a: Dondozo|88/100
|-damage|p2b: Dragonite|90/100
|move|p1a: Tyranitar|Knock Off|p2b: Dragonite
|-damage|p2b: Dragonite|34/100
|-enditem|p2b: Dragonite|Loaded Dice|[from] move: Knock Off|[of] p1a: Tyranitar
|
|-weather|Sandstorm|[upkeep]
|-damage|p1b: Volcarona|62/100|[from] Sandstorm
|-damage|p2b: Dragonite|28/100|[from] Sandstorm
|-damage|p2a: Dondozo|82/100|[from] Sandstorm
|-heal|p1b: Volcarona|68/100|[from] Grassy Terrain
|-heal|p2a: Dondozo|88/100|[from] Grassy Terrain
|-heal|p2a: Dondozo|94/100|[from] item: Leftovers
|upkeep
|turn|3
|inactive|SeanClubcardcoach has 30 seconds left.
|inactive|SeanClubcardcoach has 20 seconds left.
|
|t:|1754604555
|-terastallize|p1a: Tyranitar|Flying
|move|p2b: Dragonite|Extreme Speed|p1b: Volcarona
|-damage|p1b: Volcarona|44/100
|move|p1b: Volcarona|Will-O-Wisp|p2a: Dondozo|[miss]
|-miss|p1b: Volcarona|p2a: Dondozo
|move|p1a: Tyranitar|Rock Slide|p2a: Dondozo|[spread] p2a,p2b
|-supereffective|p2b: Dragonite
|-damage|p2a: Dondozo|77/100
|-damage|p2b: Dragonite|0 fnt
|faint|p2b: Dragonite
|move|p2a: Dondozo|Wave Crash|p1b: Volcarona
|-supereffective|p1b: Volcarona
|-damage|p1b: Volcarona|0 fnt
|faint|p1b: Volcarona
|-damage|p2a: Dondozo|66/100|[from] Recoil
|
|-weather|Sandstorm|[upkeep]
|-damage|p1a: Tyranitar|95/100|[from] Sandstorm
|-damage|p2a: Dondozo|60/100|[from] Sandstorm
|-heal|p2a: Dondozo|66/100|[from] Grassy Terrain
|-heal|p2a: Dondozo|72/100|[from] item: Leftovers
|upkeep
|
|t:|1754604567
|switch|p2b: Rillaboom|Rillaboom, L50, M|100/100
|switch|p1b: Rillaboom|Rillaboom, L50, F, shiny|100/100
|turn|4
|
|t:|1754604577
|switch|p2b: Gholdengo|Gholdengo, L50|100/100
|move|p2a: Dondozo|Protect|p2a: Dondozo
|-singleturn|p2a: Dondozo|Protect
|move|p1b: Rillaboom|Fake Out|p2a: Dondozo
|-activate|p2a: Dondozo|move: Protect
|move|p1a: Tyranitar|Tera Blast|p2b: Gholdengo|[anim] Tera Blast Flying
|-resisted|p2b: Gholdengo
|-damage|p2b: Gholdengo|76/100
|
|-weather|Sandstorm|[upkeep]
|-damage|p1b: Rillaboom|95/100|[from] Sandstorm
|-damage|p1a: Tyranitar|89/100|[from] Sandstorm
|-damage|p2a: Dondozo|66/100|[from] Sandstorm
|-heal|p1b: Rillaboom|100/100|[from] Grassy Terrain
|-heal|p2b: Gholdengo|82/100|[from] Grassy Terrain
|-heal|p2a: Dondozo|72/100|[from] Grassy Terrain
|-heal|p2a: Dondozo|78/100|[from] item: Leftovers
|-sideend|p1: SeanClubcardcoach|move: Tailwind
|upkeep
|turn|5
|inactive|SeanClubcardcoach has 30 seconds left.
|
|t:|1754604607
|switch|p2a: Rillaboom|Rillaboom, L50, M|100/100
|-terastallize|p2b: Gholdengo|Steel
|move|p2b: Gholdengo|Steel Beam|p1b: Rillaboom
|-damage|p1b: Rillaboom|0 fnt
|-damage|p2b: Gholdengo|32/100|[from] steelbeam
|faint|p1b: Rillaboom
|move|p1a: Tyranitar|Knock Off|p2b: Gholdengo
|-damage|p2b: Gholdengo|0 fnt
|-enditem|p2b: Gholdengo|Choice Scarf|[from] move: Knock Off|[of] p1a: Tyranitar
|faint|p2b: Gholdengo
|
|-weather|none
|-fieldend|move: Grassy Terrain
|upkeep
|
|t:|1754604614
|switch|p2b: Dondozo|Dondozo, L50, M|78/100
|turn|6
|
|t:|1754604619
|move|p2a: Rillaboom|Fake Out|p1a: Tyranitar
|-damage|p1a: Tyranitar|78/100
|cant|p1a: Tyranitar|flinch
|move|p2b: Dondozo|Yawn|p1a: Tyranitar
|-start|p1a: Tyranitar|move: Yawn|[of] p2b: Dondozo
|
|-heal|p2b: Dondozo|84/100|[from] item: Leftovers
|upkeep
|turn|7
|
|t:|1754604624
|move|p2a: Rillaboom|Wood Hammer|p1a: Tyranitar
|-resisted|p1a: Tyranitar
|-damage|p1a: Tyranitar|57/100
|-damage|p2a: Rillaboom|94/100|[from] Recoil
|move|p1a: Tyranitar|Tera Blast|p2a: Rillaboom|[anim] Tera Blast Flying
|-supereffective|p2a: Rillaboom
|-damage|p2a: Rillaboom|17/100
|move|p2b: Dondozo|Wave Crash|p1a: Tyranitar
|-damage|p1a: Tyranitar|25/100
|-damage|p2b: Dondozo|76/100|[from] Recoil
|
|-heal|p2b: Dondozo|82/100|[from] item: Leftovers
|-end|p1a: Tyranitar|move: Yawn|[silent]
|-status|p1a: Tyranitar|slp
|upkeep
|turn|8
|
|t:|1754604635
|move|p2a: Rillaboom|Wood Hammer|p1a: Tyranitar
|-resisted|p1a: Tyranitar
|-damage|p1a: Tyranitar|4/100 slp
|-damage|p2a: Rillaboom|11/100|[from] Recoil
|cant|p1a: Tyranitar|slp
|move|p2b: Dondozo|Wave Crash|p1a: Tyranitar
|-damage|p1a: Tyranitar|0 fnt
|faint|p1a: Tyranitar
|-damage|p2b: Dondozo|81/100|[from] Recoil
|
|win|Iceriderplayer370
|raw|SeanClubcardcoach's rating: 1300 → 1284(-16 for losing)
|raw|Iceriderplayer370's rating: 1434 → 1447(+13 for winning)
