|j|☆furretjebus
|j|☆an attack child
|html|furretjebusan attack child    
|uhtml|bestof|Game 3 of a best-of-3
|t:|1754921828
|gametype|doubles
|player|p1|furretjebus|170|1287
|player|p2|an attack child|265|1377
|gen|9
|tier|[Gen 9] VGC 2025 Reg H (Bo3)
|rated|
|rule|Species Clause: Limit one of each Pokémon
|rule|Item Clause: Limit 1 of each item
|clearpoke
|poke|p1|Garchomp, L50, F|
|poke|p1|Jumpluff, L50, M|
|poke|p1|Torkoal, L50, F|
|poke|p1|Dragonite, L50, M|
|poke|p1|Kingambit, L50, M|
|poke|p1|Typhlosion-Hisui, L50, F|
|poke|p2|Annihilape, L50, F|
|poke|p2|Sinistcha, L50|
|poke|p2|Maushold-Four, L50|
|poke|p2|Klefki, L50, F|
|poke|p2|Ursaluna-Bloodmoon, L50, M|
|poke|p2|Ninetales-Alola, L50, F|
|teampreview|4
|showteam|p1|Garchomp||LifeOrb|RoughSkin|Earthquake,DragonClaw,StompingTantrum,Protect|||F|||50|,,,,,Fairy]Jumpluff||CovertCloak|Chlorophyll|LeafStorm,SleepPowder,Encore,Tailwind|||M|||50|,,,,,Poison]Torkoal||EjectPack|Drought|Overheat,BurningJealousy,HelpingHand,Protect|||F|||50|,,,,,Flying]Dragonite||LoadedDice|Multiscale|ExtremeSpeed,IceSpinner,ScaleShot,Protect|||M|||50|,,,,,Fairy]Kingambit||AssaultVest|Defiant|IronHead,SuckerPunch,Assurance,LowKick|||M|||50|,,,,,Flying]Typhlosion-Hisui||ChoiceSpecs|Blaze|Eruption,ShadowBall,HeatWave,Overheat|||F|||50|,,,,,Fire
|showteam|p2|Annihilape||Leftovers|Defiant|Protect,BulkUp,DrainPunch,RageFist|||F|||50|,,,,,Fire]Sinistcha||SitrusBerry|Hospitality|MatchaGotcha,TrickRoom,LifeDew,RagePowder||||||50|,,,,,Water]Maushold-Four||SafetyGoggles|FriendGuard|FollowMe,Taunt,BeatUp,Protect||||||50|,,,,,Ghost]Klefki||LightClay|Prankster|Reflect,LightScreen,MistyTerrain,DazzlingGleam|||F|||50|,,,,,Ghost]Ursaluna-Bloodmoon||AssaultVest|MindsEye|BloodMoon,HyperVoice,EarthPower,VacuumWave|||M|||50|,,,,,Water]Ninetales-Alola||FocusSash|SnowWarning|Protect,Encore,FreezeDry,Blizzard|||F|||50|,,,,,Ghost
|
|t:|1754921843
|teamsize|p1|4
|teamsize|p2|4
|start
|switch|p1a: Garchomp|Garchomp, L50, F|100/100
|switch|p1b: Typhlosion|Typhlosion-Hisui, L50, F|100/100
|switch|p2a: Ursaluna|Ursaluna-Bloodmoon, L50, M|100/100
|switch|p2b: Klefki|Klefki, L50, F|100/100
|turn|1
|inactive|Battle timer is ON: inactive players will automatically lose when time's up. (requested by an attack child)
|
|t:|1754921857
|-terastallize|p1b: Typhlosion|Fire
|-terastallize|p2a: Ursaluna|Water
|move|p2b: Klefki|Reflect|p2b: Klefki
|-sidestart|p2: an attack child|Reflect
|move|p1a: Garchomp|Dragon Claw|p2a: Ursaluna
|-damage|p2a: Ursaluna|75/100
|-damage|p1a: Garchomp|91/100|[from] item: Life Orb
|move|p1b: Typhlosion|Eruption|p2b: Klefki|[spread] p2a,p2b
|-resisted|p2a: Ursaluna
|-supereffective|p2b: Klefki
|-damage|p2a: Ursaluna|37/100
|-damage|p2b: Klefki|0 fnt
|faint|p2b: Klefki
|move|p2a: Ursaluna|Earth Power|p1b: Typhlosion
|-supereffective|p1b: Typhlosion
|-damage|p1b: Typhlosion|0 fnt
|faint|p1b: Typhlosion
|
|upkeep
|
|t:|1754921869
|switch|p1b: Kingambit|Kingambit, L50, M|100/100
|switch|p2b: Annihilape|Annihilape, L50, F, shiny|100/100
|turn|2
|
|t:|1754921892
|move|p1b: Kingambit|Sucker Punch|p2a: Ursaluna
|-damage|p2a: Ursaluna|20/100
|move|p1a: Garchomp|Earthquake|p2a: Ursaluna|[spread] p1b,p2a,p2b
|-supereffective|p1b: Kingambit
|-damage|p1b: Kingambit|14/100
|-damage|p2a: Ursaluna|0 fnt
|-damage|p2b: Annihilape|63/100
|faint|p2a: Ursaluna
|-damage|p1a: Garchomp|81/100|[from] item: Life Orb
|move|p2b: Annihilape|Drain Punch|p1b: Kingambit
|-supereffective|p1b: Kingambit
|-crit|p1b: Kingambit
|-damage|p1b: Kingambit|0 fnt
|-heal|p2b: Annihilape|69/100|[from] drain|[of] p1b: Kingambit
|faint|p1b: Kingambit
|
|-heal|p2b: Annihilape|75/100|[from] item: Leftovers
|upkeep
|inactive|an attack child has 30 seconds left.
|inactive|an attack child has 20 seconds left.
|inactive|an attack child has 15 seconds left.
|inactive|an attack child has 10 seconds left.
|inactive|an attack child has 5 seconds left.
|
|t:|1754921945
|switch|p1b: Torkoal|Torkoal, L50, F|100/100
|switch|p2a: Ninetales|Ninetales-Alola, L50, F, shiny|100/100
|-weather|Snowscape|[from] ability: Snow Warning|[of] p2a: Ninetales
|-weather|SunnyDay|[from] ability: Drought|[of] p1b: Torkoal
|turn|3
|
|t:|1754921965
|move|p2a: Ninetales|Freeze-Dry|p1a: Garchomp
|-supereffective|p1a: Garchomp
|-damage|p1a: Garchomp|0 fnt
|faint|p1a: Garchomp
|move|p2b: Annihilape|Rage Fist|p1b: Torkoal
|-damage|p1b: Torkoal|76/100
|move|p1b: Torkoal|Burning Jealousy|p2b: Annihilape|[spread] p2a,p2b
|-supereffective|p2a: Ninetales
|-damage|p2a: Ninetales|36/100
|-damage|p2b: Annihilape|51/100
|
|-weather|SunnyDay|[upkeep]
|-heal|p2b: Annihilape|57/100|[from] item: Leftovers
|upkeep
|turn|4
|
|t:|1754921977
|move|p2a: Ninetales|Protect|p2a: Ninetales
|-singleturn|p2a: Ninetales|Protect
|move|p2b: Annihilape|Protect|p2b: Annihilape
|-singleturn|p2b: Annihilape|Protect
|move|p1b: Torkoal|Overheat|p2b: Annihilape
|-activate|p2b: Annihilape|move: Protect
|
|-weather|SunnyDay|[upkeep]
|-heal|p2b: Annihilape|63/100|[from] item: Leftovers
|upkeep
|turn|5
|
|t:|1754921993
|move|p2a: Ninetales|Freeze-Dry|p1b: Torkoal
|-resisted|p1b: Torkoal
|-damage|p1b: Torkoal|59/100
|move|p2b: Annihilape|Rage Fist|p1b: Torkoal
|-damage|p1b: Torkoal|20/100
|move|p1b: Torkoal|Overheat|p2b: Annihilape|[miss]
|-miss|p1b: Torkoal|p2b: Annihilape
|
|-weather|SunnyDay|[upkeep]
|-heal|p2b: Annihilape|70/100|[from] item: Leftovers
|upkeep
|turn|6
|-message|furretjebus forfeited.
|
|win|an attack child
|raw|furretjebus's rating: 1287 → 1268(-19 for losing)
|raw|an attack child's rating: 1377 → 1392(+15 for winning)
|l|☆an attack child
|player|p2|
