|j|☆KarmaPoliceVGC
|j|☆sedrav
|html|KarmaPoliceVGCsedrav    
|uhtml|bestof|Game 2 of a best-of-3
|t:|1757023138
|gametype|doubles
|player|p1|KarmaPoliceVGC|scientist-gen4|1211
|player|p2|sedrav|hilbert|1278
|gen|9
|tier|[Gen 9] VGC 2025 Reg H (Bo3)
|rated|
|rule|Species Clause: Limit one of each Pokémon
|rule|Item Clause: Limit 1 of each item
|clearpoke
|poke|p1|Milotic, L50, M|
|poke|p1|Garchomp, L50, M|
|poke|p1|Blissey, L50, F|
|poke|p1|Murkrow, L50, M|
|poke|p1|Pawmot, L50, M|
|poke|p1|Ninetales-Alola, L50, M|
|poke|p2|Garchomp, L50, M|
|poke|p2|Talonflame, L50, F|
|poke|p2|Gholdengo, L50|
|poke|p2|Tyranitar, L50, F|
|poke|p2|Amoonguss, L50, M|
|poke|p2|Milotic, L50, M|
|teampreview|4
|showteam|p1|Milotic||AssaultVest|Competitive|AlluringVoice,MuddyWater,Scald,IceBeam|||M|||50|,,,,,Grass]Garchomp||LifeOrb|RoughSkin|Protect,StompingTantrum,DragonClaw,Earthquake|||M|||50|,,,,,Ground]Blissey||KingsRock|SereneGrace|Protect,HelpingHand,Blizzard,Thunder|||F|||50|,,,,,Ghost]Murkrow||Eviolite|Prankster|Protect,Tailwind,Quash,FoulPlay|||M|||50|,,,,,Ghost]Pawmot||FocusSash|VoltAbsorb|Protect,SuperFang,CloseCombat,DoubleShock|||M|||50|,,,,,Electric]Ninetales-Alola||ChoiceSpecs|SnowWarning|IcyWind,Blizzard,FreezeDry,Moonblast|||M|||50|,,,,,Ice
|showteam|p2|Garchomp||LifeOrb|RoughSkin|DragonClaw,StompingTantrum,Earthquake,Protect|||M|||50|,,,,,Fairy]Talonflame||CovertCloak|GaleWings|BraveBird,Tailwind,WillOWisp,Taunt|||F|||50|,,,,,Grass]Gholdengo||MetalCoat|GoodasGold|MakeItRain,ShadowBall,NastyPlot,Protect||||||50|,,,,,Flying]Tyranitar||AssaultVest|SandStream|RockSlide,KnockOff,LowKick,TeraBlast|||F|||50|,,,,,Flying]Amoonguss||SitrusBerry|Regenerator|Spore,RagePowder,PollenPuff,Protect|||M|||50|,,,,,Water]Milotic||SafetyGoggles|Competitive|Scald,IcyWind,Haze,Protect|||M|||50|,,,,,Dragon
|inactive|Battle timer is ON: inactive players will automatically lose when time's up. (requested by sedrav)
|inactive|KarmaPoliceVGC has 60 seconds left.
|inactive|sedrav has 60 seconds left.
|inactive|KarmaPoliceVGC has 30 seconds left.
|inactive|KarmaPoliceVGC has 20 seconds left.
|inactive|KarmaPoliceVGC has 15 seconds left.
|
|t:|1757023219
|teamsize|p1|4
|teamsize|p2|4
|start
|switch|p1a: Murkrow|Murkrow, L50, M|100/100
|switch|p1b: Garchomp|Garchomp, L50, M|100/100
|switch|p2a: Amoonguss|Amoonguss, L50, M|100/100
|switch|p2b: Garchomp|Garchomp, L50, M|100/100
|turn|1
|
|t:|1757023242
|-terastallize|p1b: Garchomp|Ground
|move|p2b: Garchomp|Protect|p2b: Garchomp
|-singleturn|p2b: Garchomp|Protect
|move|p1b: Garchomp|Stomping Tantrum|p2a: Amoonguss
|-damage|p2a: Amoonguss|45/100
|-enditem|p2a: Amoonguss|Sitrus Berry|[eat]
|-heal|p2a: Amoonguss|69/100|[from] item: Sitrus Berry
|-damage|p1b: Garchomp|91/100|[from] item: Life Orb
|move|p1a: Murkrow|Foul Play|p2a: Amoonguss
|-damage|p2a: Amoonguss|51/100
|move|p2a: Amoonguss|Spore|p1a: Murkrow
|-status|p1a: Murkrow|slp|[from] move: Spore
|
|upkeep
|turn|2
|inactive|KarmaPoliceVGC has 30 seconds left.
|inactive|sedrav has 30 seconds left.
|inactive|sedrav has 20 seconds left.
|
|t:|1757023278
|switch|p1a: Ninetales|Ninetales-Alola, L50, M|100/100
|-weather|Snowscape|[from] ability: Snow Warning|[of] p1a: Ninetales
|switch|p2a: Milotic|Milotic, L50, M|100/100
|move|p1b: Garchomp|Protect|p1b: Garchomp
|-singleturn|p1b: Garchomp|Protect
|move|p2b: Garchomp|Dragon Claw|p1b: Garchomp
|-activate|p1b: Garchomp|move: Protect
|
|-weather|Snowscape|[upkeep]
|upkeep
|turn|3
|inactive|KarmaPoliceVGC has 30 seconds left.
|inactive|sedrav has 30 seconds left.
|
|t:|1757023309
|switch|p2b: Tyranitar|Tyranitar, L50, F|100/100
|-weather|Sandstorm|[from] ability: Sand Stream|[of] p2b: Tyranitar
|move|p1a: Ninetales|Blizzard|p2a: Milotic|[spread] p2a
|-miss|p1a: Ninetales|p2b: Tyranitar
|-resisted|p2a: Milotic
|-damage|p2a: Milotic|85/100
|move|p1b: Garchomp|Stomping Tantrum|p2b: Tyranitar
|-supereffective|p2b: Tyranitar
|-damage|p2b: Tyranitar|2/100
|-damage|p1b: Garchomp|81/100|[from] item: Life Orb
|move|p2a: Milotic|Scald|p1b: Garchomp
|-supereffective|p1b: Garchomp
|-damage|p1b: Garchomp|17/100
|
|-weather|Sandstorm|[upkeep]
|-damage|p1a: Ninetales|94/100|[from] Sandstorm
|upkeep
|turn|4
|inactive|KarmaPoliceVGC has 30 seconds left.
|inactive|sedrav has 30 seconds left.
|inactive|KarmaPoliceVGC has 20 seconds left.
|inactive|sedrav has 20 seconds left.
|inactive|KarmaPoliceVGC has 15 seconds left.
|inactive|sedrav has 15 seconds left.
|
|t:|1757023352
|switch|p1a: Murkrow|Murkrow, L50, M|100/100 slp
|move|p1b: Garchomp|Earthquake|p2b: Tyranitar|[spread] p2a,p2b
|-immune|p1a: Murkrow
|-crit|p2a: Milotic
|-supereffective|p2b: Tyranitar
|-damage|p2a: Milotic|3/100
|-damage|p2b: Tyranitar|0 fnt
|faint|p2b: Tyranitar
|-damage|p1b: Garchomp|8/100|[from] item: Life Orb
|move|p2a: Milotic|Icy Wind|p1a: Murkrow|[spread] p1a,p1b
|-supereffective|p1a: Murkrow
|-supereffective|p1b: Garchomp
|-damage|p1a: Murkrow|77/100 slp
|-damage|p1b: Garchomp|0 fnt
|-unboost|p1a: Murkrow|spe|1
|faint|p1b: Garchomp
|
|-weather|Sandstorm|[upkeep]
|-damage|p1a: Murkrow|71/100 slp|[from] Sandstorm
|upkeep
|
|t:|1757023375
|switch|p1b: Ninetales|Ninetales-Alola, L50, M|94/100
|switch|p2b: Amoonguss|Amoonguss, L50, M|85/100
|-weather|Snowscape|[from] ability: Snow Warning|[of] p1b: Ninetales
|turn|5
|
|t:|1757023389
|-terastallize|p2b: Amoonguss|Water
|cant|p1a: Murkrow|slp
|move|p1b: Ninetales|Freeze-Dry|p2b: Amoonguss
|-supereffective|p2b: Amoonguss
|-damage|p2b: Amoonguss|19/100
|move|p2a: Milotic|Icy Wind|p1b: Ninetales|[spread] p1a,p1b
|-supereffective|p1a: Murkrow
|-resisted|p1b: Ninetales
|-damage|p1a: Murkrow|49/100 slp
|-damage|p1b: Ninetales|88/100
|-unboost|p1a: Murkrow|spe|1
|-unboost|p1b: Ninetales|spe|1
|move|p2b: Amoonguss|Spore|p1b: Ninetales
|-status|p1b: Ninetales|slp|[from] move: Spore
|
|-weather|Snowscape|[upkeep]
|upkeep
|turn|6
|
|t:|1757023406
|cant|p1a: Murkrow|slp
|cant|p1b: Ninetales|slp
|move|p2a: Milotic|Scald|p1a: Murkrow
|-damage|p1a: Murkrow|17/100 slp
|move|p2b: Amoonguss|Pollen Puff|p2a: Milotic
|-heal|p2a: Milotic|53/100
|
|-weather|Snowscape|[upkeep]
|upkeep
|turn|7
|
|t:|1757023419
|cant|p1a: Murkrow|slp
|-curestatus|p1b: Ninetales|slp|[msg]
|move|p1b: Ninetales|Freeze-Dry|p2b: Amoonguss
|-supereffective|p2b: Amoonguss
|-damage|p2b: Amoonguss|0 fnt
|faint|p2b: Amoonguss
|move|p2a: Milotic|Scald|p1b: Ninetales
|-damage|p1b: Ninetales|54/100
|
|-weather|Snowscape|[upkeep]
|upkeep
|
|t:|1757023428
|switch|p2b: Garchomp|Garchomp, L50, M|100/100
|turn|8
|
|t:|1757023439
|-curestatus|p1a: Murkrow|slp|[msg]
|move|p1a: Murkrow|Tailwind|p1a: Murkrow
|-sidestart|p1: KarmaPoliceVGC|move: Tailwind
|move|p1b: Ninetales|Freeze-Dry|p2a: Milotic
|-supereffective|p2a: Milotic
|-damage|p2a: Milotic|0 fnt
|faint|p2a: Milotic
|move|p2b: Garchomp|Stomping Tantrum|p1b: Ninetales
|-damage|p1b: Ninetales|0 fnt
|faint|p1b: Ninetales
|-damage|p2b: Garchomp|91/100|[from] item: Life Orb
|
|-weather|Snowscape|[upkeep]
|upkeep
|
|t:|1757023447
|switch|p1b: Blissey|Blissey, L50, F|100/100
|turn|9
|
|t:|1757023459
|move|p2b: Garchomp|Protect|p2b: Garchomp
|-singleturn|p2b: Garchomp|Protect
|move|p1a: Murkrow|Quash|p2b: Garchomp
|-activate|p2b: Garchomp|move: Protect
|move|p1b: Blissey|Blizzard|p2b: Garchomp
|-activate|p2b: Garchomp|move: Protect
|
|-weather|none
|upkeep
|turn|10
|
|t:|1757023471
|move|p1a: Murkrow|Quash|p2b: Garchomp
|-activate|p2b: Garchomp|move: Quash
|move|p1b: Blissey|Blizzard|p2b: Garchomp|[miss]
|-miss|p1b: Blissey|p2b: Garchomp
|move|p2b: Garchomp|Earthquake|p1b: Blissey|[spread] p1b
|-immune|p1a: Murkrow
|-damage|p1b: Blissey|48/100
|-damage|p2b: Garchomp|81/100|[from] item: Life Orb
|
|upkeep
|turn|11
|
|t:|1757023487
|move|p2b: Garchomp|Protect|p2b: Garchomp
|-singleturn|p2b: Garchomp|Protect
|move|p1a: Murkrow|Quash|p2b: Garchomp
|-activate|p2b: Garchomp|move: Protect
|move|p1b: Blissey|Blizzard|p2b: Garchomp
|-activate|p2b: Garchomp|move: Protect
|
|-sideend|p1: KarmaPoliceVGC|move: Tailwind
|upkeep
|turn|12
|
|t:|1757023498
|move|p1a: Murkrow|Quash|p2b: Garchomp
|-activate|p2b: Garchomp|move: Quash
|move|p1b: Blissey|Blizzard|p2b: Garchomp
|-supereffective|p2b: Garchomp
|-damage|p2b: Garchomp|0 fnt
|faint|p2b: Garchomp
|
|win|KarmaPoliceVGC
|raw|KarmaPoliceVGC's rating: 1211 → 1241(+30 for winning)
|raw|sedrav's rating: 1278 → 1248(-30 for losing)
