|j|☆stuggle(ing) bug
|j|☆mapperguy
|html|stuggle(ing) bugmapperguy    
|uhtml|bestof|Game 2 of a best-of-3
|t:|1784792940
|gametype|doubles
|player|p1|stuggle(ing) bug|pokemaniac|
|player|p2|mapperguy|plasmagrunt-gen5bw|
|gen|9
|tier|[Gen 9 Champions] VGC 2026 Reg M-B (Bo3)
|rule|Species Clause: Limit one of each Pokémon
|rule|Item Clause: Limit 1 of each item
|clearpoke
|poke|p1|Sableye, L50, M|
|poke|p1|Politoed, L50, F|
|poke|p1|Kingambit, L50, M|
|poke|p1|Gengar, L50, M|
|poke|p1|Incineroar, L50, M|
|poke|p1|Palafin, L50, F|
|poke|p2|Blastoise, L50, M|
|poke|p2|Meowstic, L50, M|
|poke|p2|Alakazam, L50, M|
|poke|p2|Tauros-Paldea-Aqua, L50, M|
|poke|p2|Sinistcha, L50|
|poke|p2|Kleavor, L50, M|
|teampreview|4
|showteam|p1|Sableye||RoseliBerry|Prankster|Encore,Detect,FakeOut,Disable|Relaxed||M|||50|]Politoed||SitrusBerry|Drizzle|PerishSong,IcyWind,Protect,WeatherBall|Sassy||F|||50|]Kingambit||BlackGlasses|Defiant|KowtowCleave,LowKick,SuckerPunch,Protect|Adamant||M|||50|]Gengar||Gengarite|CursedBody|PerishSong,ShadowBall,Protect,Disable|Timid||M|||50|]Incineroar||Leftovers|Intimidate|DarkestLariat,PartingShot,Protect,FakeOut|Relaxed||M|||50|]Palafin||MysticWater|ZerotoHero|WaveCrash,JetPunch,Protect,Encore|Jolly||F|||50|
|showteam|p2|Blastoise||Blastoisinite|RainDish|WaterSpout,ShellSmash,IceBeam,Protect|Modest||M|||50|]Meowstic||MentalHerb|Prankster|FakeOut,PsychicTerrain,RainDance,ExpandingForce|Modest||M|||50|]Alakazam||Alakazite|InnerFocus|ExpandingForce,EnergyBall,DazzlingGleam,NastyPlot|Timid||M|||50|]Tauros-Paldea-Aqua||WhiteHerb|Intimidate|Protect,WaveCrash,StompingTantrum,CloseCombat|Jolly||M|||50|]Sinistcha||SitrusBerry|Hospitality|TrickRoom,Imprison,RagePowder,MatchaGotcha|Calm|||||50|]Kleavor||ChoiceScarf|Sharpness|XScissor,DualWingbeat,Uturn,StoneAxe|Adamant||M|||50|
|
|t:|1784792981
|teamsize|p1|4
|teamsize|p2|4
|start
|switch|p1a: Sableye|Sableye, L50, M|100/100
|switch|p1b: Gengar|Gengar, L50, M|100/100
|switch|p2a: Blastoise|Blastoise, L50, M|100/100
|switch|p2b: Meowstic|Meowstic, L50, M|100/100
|turn|1
|
|t:|1784793038
|detailschange|p1b: Gengar|Gengar-Mega, L50, M
|-mega|p1b: Gengar|Gengar|Gengarite
|move|p2a: Blastoise|Protect|p2a: Blastoise
|-singleturn|p2a: Blastoise|Protect
|move|p1a: Sableye|Fake Out|p2b: Meowstic
|-damage|p2b: Meowstic|89/100
|move|p1b: Gengar|Shadow Ball|p2b: Meowstic
|-supereffective|p2b: Meowstic|1
|-damage|p2b: Meowstic|0 fnt
|faint|p2b: Meowstic
|
|upkeep
|
|t:|1784793050
|switch|p2b: Kleavor|Kleavor, L50, M|100/100
|turn|2
|
|t:|1784793081
|detailschange|p2a: Blastoise|Blastoise-Mega, L50, M
|-mega|p2a: Blastoise|Blastoise|Blastoisinite
|move|p1a: Sableye|Encore|p2a: Blastoise
|-start|p2a: Blastoise|Encore
|move|p2a: Blastoise|Protect|p2a: Blastoise
|-singleturn|p2a: Blastoise|Protect
|move|p2b: Kleavor|Stone Axe|p1a: Sableye
|-damage|p1a: Sableye|32/100
|-sidestart|p1: stuggle(ing) bug|move: Stealth Rock
|move|p1b: Gengar|Perish Song|p1b: Gengar
|-start|p1a: Sableye|perish3|[silent]
|-start|p1b: Gengar|perish3|[silent]
|-start|p2a: Blastoise|perish3|[silent]
|-start|p2b: Kleavor|perish3|[silent]
|-fieldactivate|move: Perish Song
|
|-start|p2b: Kleavor|perish3
|-start|p1b: Gengar|perish3
|-start|p2a: Blastoise|perish3
|-start|p1a: Sableye|perish3
|upkeep
|turn|3
|
|t:|1784793100
|move|p2a: Blastoise|Protect||[still]
|-fail|p2a: Blastoise
|move|p1a: Sableye|Encore|p2b: Kleavor
|-start|p2b: Kleavor|Encore
|move|p2b: Kleavor|Stone Axe|p1a: Sableye
|-damage|p1a: Sableye|0 fnt
|faint|p1a: Sableye
|move|p1b: Gengar|Disable|p2b: Kleavor
|-start|p2b: Kleavor|Disable|Stone Axe
|
|-start|p2b: Kleavor|perish2
|-start|p1b: Gengar|perish2
|-start|p2a: Blastoise|perish2
|upkeep
|
|t:|1784793117
|switch|p1a: Kingambit|Kingambit, L50, M|100/100
|-damage|p1a: Kingambit|93/100|[from] Stealth Rock
|turn|4
|
|t:|1784793134
|move|p2a: Blastoise|Protect|p2a: Blastoise
|-singleturn|p2a: Blastoise|Protect
|-activate|p2b: Kleavor|move: Struggle
|move|p2b: Kleavor|Struggle|p1b: Gengar
|-damage|p1b: Gengar|77/100
|-damage|p2b: Kleavor|75/100|[from] recoil
|move|p1b: Gengar|Disable|p2a: Blastoise
|-activate|p2a: Blastoise|move: Protect
|move|p1a: Kingambit|Kowtow Cleave|p2a: Blastoise
|-activate|p2a: Blastoise|move: Protect
|
|-end|p2a: Blastoise|Encore
|-start|p2b: Kleavor|perish1
|-start|p1b: Gengar|perish1
|-start|p2a: Blastoise|perish1
|upkeep
|turn|5
|
|t:|1784793159
|switch|p1b: Politoed|Politoed, L50, F|100/100
|-damage|p1b: Politoed|87/100|[from] Stealth Rock
|-weather|RainDance|[from] ability: Drizzle|[of] p1b: Politoed
|move|p1a: Kingambit|Protect|p1a: Kingambit
|-singleturn|p1a: Kingambit|Protect
|-activate|p2b: Kleavor|move: Struggle
|move|p2b: Kleavor|Struggle|p1b: Politoed
|-damage|p1b: Politoed|68/100
|-damage|p2b: Kleavor|50/100g|[from] recoil
|move|p2a: Blastoise|Water Spout|p1a: Kingambit|[spread] p1b
|-activate|p1a: Kingambit|move: Protect
|-resisted|p1b: Politoed|1
|-damage|p1b: Politoed|27/100
|-enditem|p1b: Politoed|Sitrus Berry|[eat]
|-heal|p1b: Politoed|52/100|[from] item: Sitrus Berry
|
|-weather|RainDance|[upkeep]
|-end|p2b: Kleavor|Encore
|-start|p2b: Kleavor|perish0
|-start|p2a: Blastoise|perish0
|faint|p2b: Kleavor
|faint|p2a: Blastoise
|upkeep
|
|t:|1784793174
|switch|p2a: Tauros|Tauros-Paldea-Aqua, L50, M|100/100
|-ability|p2a: Tauros|Intimidate|boost
|-unboost|p1a: Kingambit|atk|1
|-ability|p1a: Kingambit|Defiant|boost
|-boost|p1a: Kingambit|atk|2
|-unboost|p1b: Politoed|atk|1
|turn|6
|
|t:|1784793213
|move|p1a: Kingambit|Sucker Punch|p2a: Tauros
|-resisted|p2a: Tauros|1
|-damage|p2a: Tauros|60/100
|move|p2a: Tauros|Wave Crash|p1b: Politoed
|-resisted|p1b: Politoed|1
|-damage|p1b: Politoed|8/100
|-damage|p2a: Tauros|41/100|[from] Recoil
|move|p1b: Politoed|Perish Song|p1b: Politoed
|-start|p1a: Kingambit|perish3|[silent]
|-start|p1b: Politoed|perish3|[silent]
|-start|p2a: Tauros|perish3|[silent]
|-fieldactivate|move: Perish Song
|
|-weather|RainDance|[upkeep]
|-start|p2a: Tauros|perish3
|-start|p1a: Kingambit|perish3
|-start|p1b: Politoed|perish3
|upkeep
|turn|7
|-message|mapperguy forfeited.
|
|win|stuggle(ing) bug
|l|☆mapperguy
|player|p2|
