|j|☆tessa scarlet
|j|☆root2iris
|html|tessa scarletroot2iris    
|uhtml|bestof|Game 2 of a best-of-3
|t:|1756496461
|gametype|doubles
|player|p1|tessa scarlet|265|1354
|player|p2|root2iris|guitarist|1258
|gen|9
|tier|[Gen 9] VGC 2025 Reg H (Bo3)
|rated|
|rule|Species Clause: Limit one of each Pokémon
|rule|Item Clause: Limit 1 of each item
|clearpoke
|poke|p1|Gholdengo, L50|
|poke|p1|Sneasler, L50, M|
|poke|p1|Rillaboom, L50, M|
|poke|p1|Dragonite, L50, M|
|poke|p1|Ninetales-Alola, L50, F|
|poke|p1|Arcanine-Hisui, L50, F|
|poke|p2|Archaludon, L50, M|
|poke|p2|Pelipper, L50, M|
|poke|p2|Amoonguss, L50, M|
|poke|p2|Incineroar, L50, F|
|poke|p2|Baxcalibur, L50, M|
|poke|p2|Annihilape, L50, M|
|teampreview|4
|showteam|p1|Gholdengo||GrassySeed|GoodasGold|NastyPlot,MakeItRain,ShadowBall,Protect||||||50|,,,,,Water]Sneasler||WhiteHerb|Unburden|CloseCombat,DireClaw,Coaching,Protect|||M|||50|,,,,,Ghost]Rillaboom||AssaultVest|GrassySurge|FakeOut,GrassyGlide,DrumBeating,HighHorsepower|||M|||50|,,,,,Fire]Dragonite||LoadedDice|Multiscale|ScaleShot,StompingTantrum,Tailwind,Protect|||M|||50|,,,,,Ground]Ninetales-Alola||FocusSash|SnowWarning|Blizzard,IcyWind,Encore,AuroraVeil|||F|||50|,,,,,Ghost]Arcanine-Hisui||ClearAmulet|Intimidate|RockSlide,FlareBlitz,ExtremeSpeed,Protect|||F|||50|,,,,,Water
|showteam|p2|Archaludon||AssaultVest|Stamina|DragonPulse,ElectroShot,BodyPress,Thunderbolt|||M|||50|,,,,,Bug]Pelipper||FocusSash|Drizzle|MuddyWater,Hurricane,Tailwind,Protect|||M|||50|,,,,,Ghost]Amoonguss||CovertCloak|Regenerator|PollenPuff,RagePowder,Spore,Protect|||M|||50|,,,,,Fairy]Incineroar||SafetyGoggles|Intimidate|KnockOff,BurningJealousy,PartingShot,FakeOut|||F|||50|,,,,,Ghost]Baxcalibur||LoadedDice|ThermalExchange|IcicleSpear,ScaleShot,HighHorsepower,Protect|||M|||50|,,,,,Ghost]Annihilape||SitrusBerry|Defiant|RageFist,FinalGambit,Coaching,Taunt|||M|||50|,,,,,Fire
|inactive|Battle timer is ON: inactive players will automatically lose when time's up. (requested by root2iris)
|inactive|root2iris has 60 seconds left.
|
|t:|1756496491
|teamsize|p1|4
|teamsize|p2|4
|start
|switch|p1a: Rillaboom|Rillaboom, L50, M|100/100
|switch|p1b: Gholdengo|Gholdengo, L50|100/100
|switch|p2a: Oathkeeper|Pelipper, L50, M, shiny|100/100
|switch|p2b: RC|Incineroar, L50, F|100/100
|-fieldstart|move: Grassy Terrain|[from] ability: Grassy Surge|[of] p1a: Rillaboom
|-enditem|p1b: Gholdengo|Grassy Seed
|-boost|p1b: Gholdengo|def|1|[from] item: Grassy Seed
|-ability|p2b: RC|Intimidate|boost
|-unboost|p1a: Rillaboom|atk|1
|-unboost|p1b: Gholdengo|atk|1
|-weather|RainDance|[from] ability: Drizzle|[of] p2a: Oathkeeper
|turn|1
|inactive|tessa scarlet has 30 seconds left.
|
|t:|1756496519
|move|p1a: Rillaboom|Fake Out|p2a: Oathkeeper
|-damage|p2a: Oathkeeper|90/100
|move|p1b: Gholdengo|Nasty Plot|p1b: Gholdengo
|-boost|p1b: Gholdengo|spa|2
|move|p2b: RC|Knock Off|p1b: Gholdengo
|-supereffective|p1b: Gholdengo
|-damage|p1b: Gholdengo|69/100
|cant|p2a: Oathkeeper|flinch
|
|-weather|RainDance|[upkeep]
|-heal|p1b: Gholdengo|75/100|[from] Grassy Terrain
|upkeep
|turn|2
|
|t:|1756496539
|switch|p1a: Sneasler|Sneasler, L50, M|100/100
|move|p2a: Oathkeeper|Protect|p2a: Oathkeeper
|-singleturn|p2a: Oathkeeper|Protect
|move|p1b: Gholdengo|Shadow Ball|p2a: Oathkeeper
|-activate|p2a: Oathkeeper|move: Protect
|move|p2b: RC|Parting Shot|p1a: Sneasler
|-unboost|p1a: Sneasler|atk|1
|-unboost|p1a: Sneasler|spa|1
|-enditem|p1a: Sneasler|White Herb
|-clearnegativeboost|p1a: Sneasler|[silent]
|inactive|root2iris has 30 seconds left.
|
|t:|1756496571
|switch|p2b: Air Combo++|Baxcalibur, L50, M|100/100|[from] Parting Shot
|
|-weather|RainDance|[upkeep]
|-heal|p1b: Gholdengo|82/100|[from] Grassy Terrain
|upkeep
|turn|3
|inactive|tessa scarlet has 30 seconds left.
|inactive|root2iris has 30 seconds left.
|
|t:|1756496603
|-terastallize|p2b: Air Combo++|Ghost
|move|p1a: Sneasler|Close Combat|p2a: Oathkeeper
|-resisted|p2a: Oathkeeper
|-damage|p2a: Oathkeeper|52/100
|-unboost|p1a: Sneasler|def|1
|-unboost|p1a: Sneasler|spd|1
|move|p2b: Air Combo++|High Horsepower|p1b: Gholdengo
|-supereffective|p1b: Gholdengo
|-damage|p1b: Gholdengo|33/100
|move|p1b: Gholdengo|Shadow Ball|p2b: Air Combo++
|-supereffective|p2b: Air Combo++
|-damage|p2b: Air Combo++|0 fnt
|faint|p2b: Air Combo++
|move|p2a: Oathkeeper|Hurricane|p1a: Sneasler
|-supereffective|p1a: Sneasler
|-damage|p1a: Sneasler|0 fnt
|faint|p1a: Sneasler
|
|-weather|RainDance|[upkeep]
|-heal|p1b: Gholdengo|39/100|[from] Grassy Terrain
|upkeep
|inactive|root2iris has 30 seconds left.
|inactive|root2iris has 20 seconds left.
|inactive|root2iris has 15 seconds left.
|inactive|root2iris has 10 seconds left.
|inactive|root2iris has 5 seconds left.
|
|t:|1756496657
|switch|p1a: Ninetales|Ninetales-Alola, L50, F|100/100
|switch|p2b: Roxas|Archaludon, L50, M|100/100
|-weather|Snowscape|[from] ability: Snow Warning|[of] p1a: Ninetales
|turn|4
|inactive|root2iris has 30 seconds left.
|inactive|root2iris has 20 seconds left.
|inactive|root2iris has 15 seconds left.
|inactive|root2iris has 10 seconds left.
|inactive|root2iris has 5 seconds left.
|
|t:|1756496707
|switch|p2a: RC|Incineroar, L50, F|100/100
|-ability|p2a: RC|Intimidate|boost
|-unboost|p1a: Ninetales|atk|1
|-unboost|p1b: Gholdengo|atk|1
|move|p1a: Ninetales|Blizzard|p2a: RC|[spread] p2a,p2b
|-resisted|p2a: RC
|-damage|p2a: RC|87/100
|-damage|p2b: Roxas|78/100
|-ability|p2b: Roxas|Stamina|boost
|-boost|p2b: Roxas|def|1
|move|p1b: Gholdengo|Shadow Ball|p2b: Roxas
|-damage|p2b: Roxas|19/100
|-ability|p2b: Roxas|Stamina|boost
|-boost|p2b: Roxas|def|1
|move|p2b: Roxas|Body Press|p1a: Ninetales
|-damage|p1a: Ninetales|50/100
|
|-weather|Snowscape|[upkeep]
|-heal|p1a: Ninetales|56/100|[from] Grassy Terrain
|-heal|p1b: Gholdengo|45/100|[from] Grassy Terrain
|-heal|p2a: RC|93/100|[from] Grassy Terrain
|-heal|p2b: Roxas|25/100|[from] Grassy Terrain
|upkeep
|turn|5
|inactive|tessa scarlet has 30 seconds left.
|inactive|root2iris has 30 seconds left.
|inactive|tessa scarlet has 20 seconds left.
|inactive|root2iris has 20 seconds left.
|inactive|tessa scarlet has 15 seconds left.
|inactive|tessa scarlet has 10 seconds left.
|
|t:|1756496756
|switch|p1a: Rillaboom|Rillaboom, L50, M|100/100
|move|p1b: Gholdengo|Shadow Ball|p2b: Roxas
|-damage|p2b: Roxas|0 fnt
|faint|p2b: Roxas
|move|p2a: RC|Knock Off|p1b: Gholdengo
|-supereffective|p1b: Gholdengo
|-damage|p1b: Gholdengo|10/100
|
|-weather|Snowscape|[upkeep]
|-heal|p1b: Gholdengo|16/100|[from] Grassy Terrain
|-heal|p2a: RC|99/100|[from] Grassy Terrain
|-fieldend|move: Grassy Terrain
|upkeep
|
|t:|1756496766
|switch|p2b: Oathkeeper|Pelipper, L50, M, shiny|52/100
|-weather|RainDance|[from] ability: Drizzle|[of] p2b: Oathkeeper
|turn|6
|
|t:|1756496778
|move|p1a: Rillaboom|Fake Out|p2a: RC
|-damage|p2a: RC|86/100
|move|p1b: Gholdengo|Make It Rain|p2a: RC|[spread] p2a,p2b
|-resisted|p2a: RC
|-resisted|p2b: Oathkeeper
|-damage|p2a: RC|46/100
|-damage|p2b: Oathkeeper|0 fnt
|-unboost|p1b: Gholdengo|spa|1
|faint|p2b: Oathkeeper
|cant|p2a: RC|flinch
|
|-weather|RainDance|[upkeep]
|upkeep
|turn|7
|
|t:|1756496786
|move|p1a: Rillaboom|High Horsepower|p2a: RC|[miss]
|-miss|p1a: Rillaboom|p2a: RC
|move|p1b: Gholdengo|Make It Rain|p2a: RC
|-resisted|p2a: RC
|-damage|p2a: RC|3/100
|-unboost|p1b: Gholdengo|spa|1
|move|p2a: RC|Knock Off|p1b: Gholdengo
|-supereffective|p1b: Gholdengo
|-damage|p1b: Gholdengo|0 fnt
|faint|p1b: Gholdengo
|
|-weather|RainDance|[upkeep]
|upkeep
|
|t:|1756496789
|switch|p1b: Ninetales|Ninetales-Alola, L50, F|56/100
|-weather|Snowscape|[from] ability: Snow Warning|[of] p1b: Ninetales
|turn|8
|
|t:|1756496793
|move|p1b: Ninetales|Blizzard|p2a: RC
|-resisted|p2a: RC
|-damage|p2a: RC|0 fnt
|faint|p2a: RC
|
|win|tessa scarlet
|raw|tessa scarlet's rating: 1354 → 1369(+15 for winning)
|raw|root2iris's rating: 1258 → 1240(-18 for losing)
|l|☆tessa scarlet
|player|p1|
