|j|☆oddishninja
|j|☆doingVGCthings
|html|oddishninjadoingVGCthings    
|uhtml|bestof|Game 3 of a best-of-3
|t:|1755963279
|gametype|doubles
|player|p1|oddishninja|aaron|1123
|player|p2|doingVGCthings|swimmer-gen4dp|1252
|gen|9
|tier|[Gen 9] VGC 2025 Reg H (Bo3)
|rated|
|rule|Species Clause: Limit one of each Pokémon
|rule|Item Clause: Limit 1 of each item
|clearpoke
|poke|p1|Kingambit, L50, F|
|poke|p1|Primarina, L50, F|
|poke|p1|Sneasler, L50, F|
|poke|p1|Magmar, L50, M|
|poke|p1|Rillaboom, L50, M|
|poke|p1|Dragapult, L50, F|
|poke|p2|Volcarona, L50, M|
|poke|p2|Electabuzz, L50, M|
|poke|p2|Tyranitar, L50, M|
|poke|p2|Amoonguss, L50, F|
|poke|p2|Annihilape, L50, M|
|poke|p2|Mamoswine, L50, F|
|teampreview|4
|showteam|p1|Kingambit||BlackGlasses|Defiant|KowtowCleave,SuckerPunch,SwordsDance,Protect|||F|||50|,,,,,Dark]Primarina||SitrusBerry|LiquidVoice|HyperVoice,Moonblast,Haze,Protect|||F|||50|,,,,,Poison]Sneasler||FocusSash|PoisonTouch|CloseCombat,DireClaw,FakeOut,Protect|||F|||50|,,,,,Ghost]Magmar||Eviolite|VitalSpirit|Overheat,WillOWisp,FollowMe,Protect|||M|||50|,,,,,Ghost]Rillaboom||AssaultVest|GrassySurge|WoodHammer,GrassyGlide,HighHorsepower,FakeOut|||M|||50|,,,,,Fire]Dragapult||ChoiceBand|ClearBody|DragonDarts,PhantomForce,Outrage,Uturn|||F|||50|,,,,,Dragon
|showteam|p2|Volcarona||CovertCloak|FlameBody|Protect,HeatWave,GigaDrain,QuiverDance|||M|||50|,,,,,Grass]Electabuzz||Eviolite|VitalSpirit|Protect,Electroweb,Taunt,FollowMe|||M|||50|,,,,,Ghost]Tyranitar||AssaultVest|SandStream|RockSlide,KnockOff,LowKick,TeraBlast|||M|||50|,,,,,Flying]Amoonguss||SitrusBerry|Regenerator|Protect,PollenPuff,Spore,RagePowder|||F|||50|,,,,,Water]Annihilape||SafetyGoggles|Defiant|Protect,RageFist,CloseCombat,Coaching|||M|||50|,,,,,Water]Mamoswine||FocusSash|Oblivious|Protect,IcicleCrash,HighHorsepower,IceShard|||F|||50|,,,,,Stellar
|inactive|Battle timer is ON: inactive players will automatically lose when time's up. (requested by doingVGCthings)
|
|t:|1755963290
|teamsize|p1|4
|teamsize|p2|4
|start
|switch|p1a: Primarina|Primarina, L50, F|100/100
|switch|p1b: Magmar|Magmar, L50, M|100/100
|switch|p2a: Volcarona|Volcarona, L50, M|100/100
|switch|p2b: Electabuzz|Electabuzz, L50, M|100/100
|turn|1
|
|t:|1755963307
|move|p1b: Magmar|Follow Me|p1b: Magmar
|-singleturn|p1b: Magmar|move: Follow Me
|move|p2b: Electabuzz|Taunt|p1b: Magmar
|-start|p1b: Magmar|move: Taunt
|move|p2a: Volcarona|Quiver Dance|p2a: Volcarona
|-boost|p2a: Volcarona|spa|1
|-boost|p2a: Volcarona|spd|1
|-boost|p2a: Volcarona|spe|1
|move|p1a: Primarina|Hyper Voice|p2a: Volcarona|[spread] p2a,p2b
|-supereffective|p2a: Volcarona
|-damage|p2a: Volcarona|52/100
|-damage|p2b: Electabuzz|74/100
|
|upkeep
|turn|2
|inactive|doingVGCthings has 30 seconds left.
|inactive|doingVGCthings has 20 seconds left.
|inactive|oddishninja has 30 seconds left.
|inactive|doingVGCthings has 15 seconds left.
|
|t:|1755963354
|move|p2a: Volcarona|Quiver Dance|p2a: Volcarona
|-boost|p2a: Volcarona|spa|1
|-boost|p2a: Volcarona|spd|1
|-boost|p2a: Volcarona|spe|1
|move|p2b: Electabuzz|Taunt|p1a: Primarina
|-start|p1a: Primarina|move: Taunt
|move|p1b: Magmar|Overheat|p2a: Volcarona
|-damage|p2a: Volcarona|25/100
|-unboost|p1b: Magmar|spa|2
|move|p1a: Primarina|Hyper Voice|p2a: Volcarona|[spread] p2a,p2b
|-supereffective|p2a: Volcarona
|-damage|p2a: Volcarona|0 fnt
|-damage|p2b: Electabuzz|45/100
|faint|p2a: Volcarona
|
|upkeep
|
|t:|1755963369
|switch|p2a: Tyranitar|Tyranitar, L50, M|100/100
|-weather|Sandstorm|[from] ability: Sand Stream|[of] p2a: Tyranitar
|turn|3
|
|t:|1755963385
|switch|p1b: Rillaboom|Rillaboom, L50, M|100/100
|-fieldstart|move: Grassy Terrain|[from] ability: Grassy Surge|[of] p1b: Rillaboom
|move|p2b: Electabuzz|Electroweb|p1a: Primarina|[spread] p1a,p1b
|-supereffective|p1a: Primarina
|-resisted|p1b: Rillaboom
|-damage|p1a: Primarina|78/100
|-damage|p1b: Rillaboom|95/100
|-unboost|p1a: Primarina|spe|1
|-unboost|p1b: Rillaboom|spe|1
|move|p2a: Tyranitar|Rock Slide|p1a: Primarina|[spread] p1a,p1b
|-damage|p1a: Primarina|47/100
|-damage|p1b: Rillaboom|69/100
|-enditem|p1a: Primarina|Sitrus Berry|[eat]
|-heal|p1a: Primarina|72/100|[from] item: Sitrus Berry
|move|p1a: Primarina|Hyper Voice|p2b: Electabuzz|[spread] p2a,p2b
|-supereffective|p2a: Tyranitar
|-damage|p2a: Tyranitar|76/100
|-damage|p2b: Electabuzz|21/100
|
|-weather|Sandstorm|[upkeep]
|-damage|p2b: Electabuzz|15/100|[from] Sandstorm
|-damage|p1b: Rillaboom|63/100|[from] Sandstorm
|-damage|p1a: Primarina|66/100|[from] Sandstorm
|-heal|p2b: Electabuzz|21/100|[from] Grassy Terrain
|-heal|p2a: Tyranitar|82/100|[from] Grassy Terrain
|-heal|p1b: Rillaboom|69/100|[from] Grassy Terrain
|-heal|p1a: Primarina|72/100|[from] Grassy Terrain
|upkeep
|turn|4
|inactive|oddishninja has 30 seconds left.
|inactive|doingVGCthings has 30 seconds left.
|
|t:|1755963415
|-terastallize|p2a: Tyranitar|Flying
|move|p1b: Rillaboom|Fake Out|p2a: Tyranitar
|-damage|p2a: Tyranitar|70/100
|move|p2b: Electabuzz|Electroweb|p1a: Primarina|[spread] p1a,p1b
|-supereffective|p1a: Primarina
|-resisted|p1b: Rillaboom
|-damage|p1a: Primarina|49/100
|-damage|p1b: Rillaboom|63/100
|-unboost|p1a: Primarina|spe|1
|-unboost|p1b: Rillaboom|spe|1
|cant|p2a: Tyranitar|flinch
|move|p1a: Primarina|Moonblast|p2a: Tyranitar
|-damage|p2a: Tyranitar|45/100
|-unboost|p2a: Tyranitar|spa|1
|
|-weather|Sandstorm|[upkeep]
|-damage|p2b: Electabuzz|15/100|[from] Sandstorm
|-damage|p2a: Tyranitar|39/100|[from] Sandstorm
|-damage|p1b: Rillaboom|58/100|[from] Sandstorm
|-damage|p1a: Primarina|43/100|[from] Sandstorm
|-heal|p2b: Electabuzz|21/100|[from] Grassy Terrain
|-heal|p1b: Rillaboom|63/100|[from] Grassy Terrain
|-heal|p1a: Primarina|49/100|[from] Grassy Terrain
|-end|p1a: Primarina|move: Taunt
|upkeep
|turn|5
|inactive|oddishninja has 30 seconds left.
|
|t:|1755963449
|move|p2b: Electabuzz|Follow Me|p2b: Electabuzz
|-singleturn|p2b: Electabuzz|move: Follow Me
|move|p1b: Rillaboom|Grassy Glide|p2b: Electabuzz
|-damage|p2b: Electabuzz|0 fnt
|faint|p2b: Electabuzz
|move|p2a: Tyranitar|Tera Blast|p1a: Primarina|[anim] Tera Blast Flying
|-damage|p1a: Primarina|9/100
|move|p1a: Primarina|Hyper Voice|p2a: Tyranitar
|-damage|p2a: Tyranitar|15/100
|
|-weather|Sandstorm|[upkeep]
|-damage|p2a: Tyranitar|10/100|[from] Sandstorm
|-damage|p1b: Rillaboom|58/100|[from] Sandstorm
|-damage|p1a: Primarina|3/100|[from] Sandstorm
|-heal|p1b: Rillaboom|63/100|[from] Grassy Terrain
|-heal|p1a: Primarina|9/100|[from] Grassy Terrain
|upkeep
|
|t:|1755963462
|switch|p2b: Mamoswine|Mamoswine, L50, F|100/100
|turn|6
|
|t:|1755963477
|move|p2b: Mamoswine|Ice Shard|p1b: Rillaboom
|-supereffective|p1b: Rillaboom
|-damage|p1b: Rillaboom|20/100
|move|p1b: Rillaboom|Grassy Glide|p2a: Tyranitar
|-resisted|p2a: Tyranitar
|-damage|p2a: Tyranitar|0 fnt
|faint|p2a: Tyranitar
|move|p1a: Primarina|Hyper Voice|p2b: Mamoswine
|-supereffective|p2b: Mamoswine
|-enditem|p2b: Mamoswine|Focus Sash
|-damage|p2b: Mamoswine|1/100
|
|-weather|Sandstorm|[upkeep]
|-damage|p1b: Rillaboom|14/100|[from] Sandstorm
|-damage|p1a: Primarina|3/100|[from] Sandstorm
|-heal|p2b: Mamoswine|7/100|[from] Grassy Terrain
|-heal|p1b: Rillaboom|20/100|[from] Grassy Terrain
|-heal|p1a: Primarina|9/100|[from] Grassy Terrain
|upkeep
|turn|7
|-message|doingVGCthings forfeited.
|
|win|oddishninja
|raw|oddishninja's rating: 1123 → 1157(+34 for winning)
|raw|doingVGCthings's rating: 1252 → 1218(-34 for losing)
