|j|☆AbadanRiyi92
|j|☆moggg
|html|AbadanRiyi92moggg    
|uhtml|bestof|Game 2 of a best-of-3
|t:|1785119299
|gametype|doubles
|player|p1|AbadanRiyi92|colress|1070
|player|p2|moggg|170|1111
|gen|9
|tier|[Gen 9 Champions] VGC 2026 Reg M-B (Bo3)
|rated|
|rule|Species Clause: Limit one of each Pokémon
|rule|Item Clause: Limit 1 of each item
|clearpoke
|poke|p1|Gengar, L50, F, shiny|
|poke|p1|Maushold-Four, L50|
|poke|p1|Annihilape, L50, F|
|poke|p1|Incineroar, L50, F|
|poke|p1|Politoed, L50, F, shiny|
|poke|p1|Archaludon, L50, F|
|poke|p2|Incineroar, L50, F|
|poke|p2|Talonflame, L50, F|
|poke|p2|Gholdengo, L50|
|poke|p2|Meganium, L50, F|
|poke|p2|Kangaskhan, L50, F|
|poke|p2|Venusaur, L50, F|
|teampreview|4
|showteam|p1|Gengar||Gengarite|CursedBody|ShadowBall,Disable,PerishSong,Protect|Timid||F|||50|]Maushold-Four||FocusSash|FriendGuard|FollowMe,Encore,BeatUp,Protect|Jolly|||||50|]Annihilape||RoseliBerry|Defiant|RageFist,DrainPunch,BulkUp,Protect|Adamant||F|||50|]Incineroar||PasshoBerry|Intimidate|PartingShot,ThroatChop,Protect,FakeOut|Sassy||F|||50|]Politoed||SitrusBerry|Drizzle|WeatherBall,Encore,PerishSong,Protect|Calm||F|||50|]Archaludon||Leftovers|Stamina|DragonPulse,FlashCannon,ElectroShot,Protect|Bold||F|||50|
|showteam|p2|Incineroar||PasshoBerry|Intimidate|FakeOut,Taunt,ThroatChop,CloseCombat|Adamant||F|||50|]Talonflame||FocusSash|GaleWings|DualWingbeat,Protect,Tailwind,FlareBlitz|Adamant||F|||50|]Gholdengo||ChoiceScarf|GoodasGold|Psychic,ShadowBall,MakeItRain,PowerGem|Modest|||||50|]Meganium||Meganiumite|Overgrow|SolarBeam,WeatherBall,DazzlingGleam,Protect|Timid||F|||50|]Kangaskhan||Kangaskhanite|InnerFocus|FakeOut,Substitute,DoubleEdge,IcePunch|Adamant||F|||50|]Venusaur||LifeOrb|Chlorophyll|SleepPowder,SolarBeam,SludgeBomb,WeatherBall|Modest||F|||50|
|inactive|Battle timer is ON: inactive players will automatically lose when time's up. (requested by moggg)
|inactive|moggg has 60 seconds left.
|
|t:|1785119354
|teamsize|p1|4
|teamsize|p2|4
|start
|switch|p1a: Politoed|Politoed, L50, F, shiny|100/100
|switch|p1b: Archaludon|Archaludon, L50, F|100/100
|switch|p2a: Talonflame|Talonflame, L50, F|100/100
|switch|p2b: Incineroar|Incineroar, L50, F|100/100
|-weather|RainDance|[from] ability: Drizzle|[of] p1a: Politoed
|-ability|p2b: Incineroar|Intimidate|boost
|-unboost|p1a: Politoed|atk|1
|-unboost|p1b: Archaludon|atk|1
|turn|1
|inactive|moggg has 30 seconds left.
|inactive|moggg has 20 seconds left.
|inactive|moggg has 15 seconds left.
|inactive|moggg has 10 seconds left.
|inactive|moggg has 5 seconds left.
|
|t:|1785119407
|switch|p1a: Incineroar|Incineroar, L50, F|100/100
|-ability|p1a: Incineroar|Intimidate|boost
|-unboost|p2a: Talonflame|atk|1
|-unboost|p2b: Incineroar|atk|1
|move|p2b: Incineroar|Fake Out|p1a: Incineroar
|-damage|p1a: Incineroar|92/100
|move|p2a: Talonflame|Tailwind|p2a: Talonflame
|-sidestart|p2: moggg|move: Tailwind
|move|p1b: Archaludon|Electro Shot||[still]
|-prepare|p1b: Archaludon|Electro Shot
|-boost|p1b: Archaludon|spa|1
|-anim|p1b: Archaludon|Electro Shot|p2a: Talonflame
|-supereffective|p2a: Talonflame|1
|-enditem|p2a: Talonflame|Focus Sash
|-damage|p2a: Talonflame|1/100
|
|-weather|RainDance|[upkeep]
|upkeep
|turn|2
|inactive|AbadanRiyi92 has 30 seconds left.
|inactive|moggg has 30 seconds left.
|
|t:|1785119439
|switch|p2b: Meganium|Meganium, L50, F|100/100
|switch|p1a: Annihilape|Annihilape, L50, F|100/100
|move|p2a: Talonflame|Protect|p2a: Talonflame
|-singleturn|p2a: Talonflame|Protect
|move|p1b: Archaludon|Electro Shot||[still]
|-prepare|p1b: Archaludon|Electro Shot
|-boost|p1b: Archaludon|spa|1
|-anim|p1b: Archaludon|Electro Shot|p2b: Meganium
|-resisted|p2b: Meganium|1
|-damage|p2b: Meganium|59/100
|
|-weather|RainDance|[upkeep]
|upkeep
|turn|3
|inactive|moggg has 30 seconds left.
|
|t:|1785119467
|detailschange|p2b: Meganium|Meganium-Mega, L50, F
|-mega|p2b: Meganium|Meganium|Meganiumite
|move|p1b: Archaludon|Protect|p1b: Archaludon
|-singleturn|p1b: Archaludon|Protect
|move|p2a: Talonflame|Dual Wingbeat|p1a: Annihilape
|-supereffective|p1a: Annihilape|1
|-damage|p1a: Annihilape|78/100
|-supereffective|p1a: Annihilape|1
|-damage|p1a: Annihilape|58/100
|-hitcount|p1a: Annihilape|2
|move|p2b: Meganium|Weather Ball|p1b: Archaludon
|-activate|p1b: Archaludon|move: Protect
|move|p1a: Annihilape|Bulk Up|p1a: Annihilape
|-boost|p1a: Annihilape|atk|1
|-boost|p1a: Annihilape|def|1
|
|-weather|RainDance|[upkeep]
|upkeep
|turn|4
|inactive|AbadanRiyi92 has 30 seconds left.
|
|t:|1785119496
|move|p2a: Talonflame|Dual Wingbeat|p1b: Archaludon
|-resisted|p1b: Archaludon|1
|-damage|p1b: Archaludon|96/100
|-ability|p1b: Archaludon|Stamina|boost
|-boost|p1b: Archaludon|def|1
|-resisted|p1b: Archaludon|1
|-damage|p1b: Archaludon|94/100
|-ability|p1b: Archaludon|Stamina|boost
|-boost|p1b: Archaludon|def|1
|-hitcount|p1b: Archaludon|2
|move|p2b: Meganium|Weather Ball|p1b: Archaludon
|-damage|p1b: Archaludon|46/100
|-ability|p1b: Archaludon|Stamina|boost
|-boost|p1b: Archaludon|def|1
|move|p1a: Annihilape|Rage Fist|p2a: Talonflame
|-damage|p2a: Talonflame|0 fnt
|faint|p2a: Talonflame
|move|p1b: Archaludon|Flash Cannon|p2b: Meganium
|-supereffective|p2b: Meganium|1
|-damage|p2b: Meganium|0 fnt
|faint|p2b: Meganium
|
|-weather|RainDance|[upkeep]
|-heal|p1b: Archaludon|52/100|[from] item: Leftovers
|-sideend|p2: moggg|move: Tailwind
|upkeep
|
|t:|1785119517
|switch|p2a: Gholdengo|Gholdengo, L50|100/100
|switch|p2b: Incineroar|Incineroar, L50, F|100/100
|-ability|p2b: Incineroar|Intimidate|boost
|-unboost|p1a: Annihilape|atk|1
|-ability|p1a: Annihilape|Defiant|boost
|-boost|p1a: Annihilape|atk|2
|-unboost|p1b: Archaludon|atk|1
|turn|5
|inactive|AbadanRiyi92 has 30 seconds left.
|inactive|moggg has 30 seconds left.
|inactive|moggg has 20 seconds left.
|
|t:|1785119554
|move|p1a: Annihilape|Protect|p1a: Annihilape
|-singleturn|p1a: Annihilape|Protect
|move|p1b: Archaludon|Protect|p1b: Archaludon
|-singleturn|p1b: Archaludon|Protect
|move|p2a: Gholdengo|Shadow Ball|p1a: Annihilape
|-activate|p1a: Annihilape|move: Protect
|move|p2b: Incineroar|Close Combat|p1b: Archaludon
|-activate|p1b: Archaludon|move: Protect
|
|-weather|none
|-heal|p1b: Archaludon|58/100|[from] item: Leftovers
|upkeep
|turn|6
|inactive|AbadanRiyi92 has 30 seconds left.
|inactive|moggg has 30 seconds left.
|
|t:|1785119584
|move|p2a: Gholdengo|Shadow Ball|p1a: Annihilape
|-supereffective|p1a: Annihilape|1
|-damage|p1a: Annihilape|0 fnt
|faint|p1a: Annihilape
|move|p1b: Archaludon|Dragon Pulse|p2b: Incineroar
|-damage|p2b: Incineroar|35/100
|move|p2b: Incineroar|Close Combat|p1b: Archaludon
|-supereffective|p1b: Archaludon|1
|-crit|p1b: Archaludon
|-damage|p1b: Archaludon|0 fnt
|-unboost|p2b: Incineroar|def|1
|-unboost|p2b: Incineroar|spd|1
|faint|p1b: Archaludon
|
|upkeep
|c|☆AbadanRiyi92|a crit? lol
|
|t:|1785119598
|switch|p1a: Incineroar|Incineroar, L50, F|92/100
|switch|p1b: Politoed|Politoed, L50, F, shiny|100/100
|-weather|RainDance|[from] ability: Drizzle|[of] p1b: Politoed
|-ability|p1a: Incineroar|Intimidate|boost
|-unboost|p2a: Gholdengo|atk|1
|-unboost|p2b: Incineroar|atk|1
|turn|7
|
|t:|1785119614
|move|p2a: Gholdengo|Shadow Ball|p1b: Politoed
|-damage|p1b: Politoed|64/100
|move|p1b: Politoed|Weather Ball|p2b: Incineroar
|-supereffective|p2b: Incineroar|1
|-crit|p2b: Incineroar
|-enditem|p2b: Incineroar|Passho Berry|[eat]
|-enditem|p2b: Incineroar|Passho Berry|[weaken]
|-damage|p2b: Incineroar|0 fnt
|faint|p2b: Incineroar
|move|p1a: Incineroar|Throat Chop|p2a: Gholdengo
|-supereffective|p2a: Gholdengo|1
|-damage|p2a: Gholdengo|25/100
|-start|p2a: Gholdengo|Throat Chop|[silent]
|
|-weather|RainDance|[upkeep]
|upkeep
|turn|8
|
|t:|1785119629
|move|p2a: Gholdengo|Shadow Ball|p1b: Politoed
|-damage|p1b: Politoed|30/100
|-enditem|p1b: Politoed|Sitrus Berry|[eat]
|-heal|p1b: Politoed|55/100|[from] item: Sitrus Berry
|move|p1b: Politoed|Weather Ball|p2a: Gholdengo
|-damage|p2a: Gholdengo|0 fnt
|faint|p2a: Gholdengo
|
|win|AbadanRiyi92
|raw|AbadanRiyi92's rating: 1070 → 1103(+33 for winning)
|raw|moggg's rating: 1111 → 1083(-28 for losing)
|l|☆moggg
|player|p2|
