|j|☆Furl0w
|j|☆ZXMaverickHunter
|html|Furl0wZXMaverickHunter    
|uhtml|bestof|Game 2 of a best-of-3
|t:|1756478741
|gametype|doubles
|player|p1|Furl0w|volkner|1079
|player|p2|ZXMaverickHunter|flint|1114
|gen|9
|tier|[Gen 9] VGC 2025 Reg H (Bo3)
|rated|
|rule|Species Clause: Limit one of each Pokémon
|rule|Item Clause: Limit 1 of each item
|clearpoke
|poke|p1|Ninetales, L50, F|
|poke|p1|Typhlosion-Hisui, L50, F|
|poke|p1|Gothitelle, L50, F|
|poke|p1|Amoonguss, L50, M|
|poke|p1|Annihilape, L50, M|
|poke|p1|Weavile, L50, M|
|poke|p2|Rillaboom, L50, F|
|poke|p2|Dragonite, L50, M|
|poke|p2|Sneasler, L50, F|
|poke|p2|Ninetales-Alola, L50, M|
|poke|p2|Kingambit, L50, M|
|poke|p2|Magmar, L50, M|
|teampreview|4
|showteam|p1|Ninetales||HeatRock|Drought|HelpingHand,WillOWisp,WeatherBall,SolarBeam|||F|||50|,,,,,Flying]Typhlosion-Hisui||ChoiceSpecs|Frisk|Eruption,HeatWave,ShadowBall,SleepTalk|||F|||50|,,,,,Fire]Gothitelle||SitrusBerry|ShadowTag|FakeOut,Protect,Psychic,TeraBlast|||F|||50|,,,,,Fighting]Amoonguss||RockyHelmet|Regenerator|Spore,SludgeBomb,RagePowder,Protect|||M|||50|,,,,,Water]Annihilape||AssaultVest|Defiant|CloseCombat,RageFist,IcePunch,DrainPunch|||M|||50|,,,,,Fire]Weavile||FocusSash|Pressure|IceSpinner,LowKick,KnockOff,IceShard|||M|||50|,,,,,Ghost
|showteam|p2|Rillaboom||AssaultVest|GrassySurge|WoodHammer,GrassyGlide,HighHorsepower,FakeOut|||F|||50|,,,,,Fire]Dragonite||LoadedDice|Multiscale|Protect,ScaleShot,LowKick,Haze|||M|||50|,,,,,Fairy]Sneasler||WhiteHerb|Unburden|Protect,DireClaw,CloseCombat,Coaching|||F|||50|,,,,,Ghost]Ninetales-Alola||ChoiceSpecs|SnowWarning|Blizzard,IcyWind,Moonblast,FreezeDry|||M|||50|,,,,,Ghost]Kingambit||SafetyGoggles|Defiant|Protect,KowtowCleave,SuckerPunch,SwordsDance|||M|||50|,,,,,Dark]Magmar||Eviolite|VitalSpirit|Protect,FollowMe,Overheat,WillOWisp|||M|||50|,,,,,Dragon
|inactive|Battle timer is ON: inactive players will automatically lose when time's up. (requested by Furl0w)
|inactive|ZXMaverickHunter has 60 seconds left.
|inactive|ZXMaverickHunter has 30 seconds left.
|
|t:|1756478861
|teamsize|p1|4
|teamsize|p2|4
|start
|switch|p1a: Gothitelle|Gothitelle, L50, F, shiny|100/100
|switch|p1b: Annihilape|Annihilape, L50, M|100/100
|switch|p2a: Hi peli|Ninetales-Alola, L50, M, shiny|100/100
|switch|p2b: 90% = 50%|Dragonite, L50, M, shiny|100/100
|-weather|Snowscape|[from] ability: Snow Warning|[of] p2a: Hi peli
|turn|1
|inactive|Furl0w has 30 seconds left.
|inactive|ZXMaverickHunter has 30 seconds left.
|inactive|ZXMaverickHunter has 20 seconds left.
|inactive|ZXMaverickHunter has 15 seconds left.
|inactive|ZXMaverickHunter has 10 seconds left.
|
|t:|1756478909
|-terastallize|p1b: Annihilape|Fire
|move|p1a: Gothitelle|Fake Out|p2b: 90% = 50%
|-damage|p2b: 90% = 50%|97/100
|move|p2a: Hi peli|Moonblast|p1a: Gothitelle
|-damage|p1a: Gothitelle|56/100
|-unboost|p1a: Gothitelle|spa|1
|move|p1b: Annihilape|Ice Punch|p2b: 90% = 50%
|-supereffective|p2b: 90% = 50%
|-damage|p2b: 90% = 50%|0 fnt
|faint|p2b: 90% = 50%
|
|-weather|Snowscape|[upkeep]
|upkeep
|
|t:|1756478922
|switch|p2b: Noah's BFF|Sneasler, L50, F, shiny|100/100
|turn|2
|inactive|ZXMaverickHunter has 30 seconds left.
|
|t:|1756478953
|-terastallize|p2a: Hi peli|Ghost
|move|p1a: Gothitelle|Protect|p1a: Gothitelle
|-singleturn|p1a: Gothitelle|Protect
|move|p2b: Noah's BFF|Dire Claw|p1a: Gothitelle
|-activate|p1a: Gothitelle|move: Protect
|move|p2a: Hi peli|Moonblast|p1a: Gothitelle
|-activate|p1a: Gothitelle|move: Protect
|move|p1b: Annihilape|Drain Punch|p2a: Hi peli
|-immune|p2a: Hi peli
|
|-weather|Snowscape|[upkeep]
|upkeep
|turn|3
|inactive|Furl0w has 30 seconds left.
|
|t:|1756478987
|switch|p1a: Amoonguss|Amoonguss, L50, M|100/100
|move|p2b: Noah's BFF|Close Combat|p1b: Annihilape
|-damage|p1b: Annihilape|39/100
|-unboost|p2b: Noah's BFF|def|1
|-unboost|p2b: Noah's BFF|spd|1
|-enditem|p2b: Noah's BFF|White Herb
|-clearnegativeboost|p2b: Noah's BFF|[silent]
|move|p2a: Hi peli|Moonblast|p1a: Amoonguss
|-resisted|p1a: Amoonguss
|-damage|p1a: Amoonguss|76/100
|move|p1b: Annihilape|Rage Fist|p2a: Hi peli
|-supereffective|p2a: Hi peli
|-damage|p2a: Hi peli|0 fnt
|faint|p2a: Hi peli
|
|-weather|Snowscape|[upkeep]
|upkeep
|
|t:|1756479001
|switch|p2a: Kingambling|Kingambit, L50, M, shiny|100/100
|turn|4
|
|t:|1756479019
|move|p1a: Amoonguss|Rage Powder|p1a: Amoonguss
|-singleturn|p1a: Amoonguss|move: Rage Powder
|move|p2a: Kingambling|Sucker Punch|p1b: Annihilape
|-damage|p1b: Annihilape|0 fnt
|faint|p1b: Annihilape
|move|p2b: Noah's BFF|Coaching|p2a: Kingambling
|-boost|p2a: Kingambling|atk|1
|-boost|p2a: Kingambling|def|1
|
|-weather|Snowscape|[upkeep]
|upkeep
|
|t:|1756479029
|switch|p1b: Weavile|Weavile, L50, M|100/100
|-ability|p1b: Weavile|Pressure
|turn|5
|
|t:|1756479043
|move|p2a: Kingambling|Protect|p2a: Kingambling
|-singleturn|p2a: Kingambling|Protect
|move|p1a: Amoonguss|Rage Powder|p1a: Amoonguss
|-singleturn|p1a: Amoonguss|move: Rage Powder
|move|p2b: Noah's BFF|Dire Claw|p1a: Amoonguss
|-damage|p1a: Amoonguss|44/100
|-damage|p2b: Noah's BFF|84/100|[from] item: Rocky Helmet|[of] p1a: Amoonguss
|move|p1b: Weavile|Low Kick|p2a: Kingambling
|-activate|p2a: Kingambling|move: Protect
|
|-weather|none
|upkeep
|turn|6
|inactive|ZXMaverickHunter has 30 seconds left.
|
|t:|1756479072
|move|p1a: Amoonguss|Rage Powder|p1a: Amoonguss
|-singleturn|p1a: Amoonguss|move: Rage Powder
|move|p2a: Kingambling|Sucker Punch|p1b: Weavile
|-resisted|p1b: Weavile
|-damage|p1b: Weavile|45/100
|move|p2b: Noah's BFF|Dire Claw|p1a: Amoonguss
|-damage|p1a: Amoonguss|10/100
|-damage|p2b: Noah's BFF|68/100|[from] item: Rocky Helmet|[of] p1a: Amoonguss
|move|p1b: Weavile|Low Kick|p2a: Kingambling
|-supereffective|p2a: Kingambling
|-damage|p2a: Kingambling|31/100
|
|upkeep
|turn|7
|inactive|Furl0w has 30 seconds left.
|inactive|ZXMaverickHunter has 30 seconds left.
|
|t:|1756479104
|switch|p1b: Gothitelle|Gothitelle, L50, F, shiny|56/100
|move|p2a: Kingambling|Sucker Punch||[still]
|-fail|p2a: Kingambling
|move|p2b: Noah's BFF|Dire Claw|p1a: Amoonguss
|-damage|p1a: Amoonguss|0 fnt
|-damage|p2b: Noah's BFF|52/100|[from] item: Rocky Helmet|[of] p1a: Amoonguss
|faint|p1a: Amoonguss
|
|upkeep
|
|t:|1756479113
|switch|p1a: Weavile|Weavile, L50, M|45/100
|-ability|p1a: Weavile|Pressure
|turn|8
|inactive|Furl0w has 30 seconds left.
|inactive|Furl0w has 20 seconds left.
|inactive|Furl0w has 15 seconds left.
|
|t:|1756479154
|move|p2b: Noah's BFF|Protect|p2b: Noah's BFF
|-singleturn|p2b: Noah's BFF|Protect
|move|p2a: Kingambling|Protect|p2a: Kingambling
|-singleturn|p2a: Kingambling|Protect
|move|p1b: Gothitelle|Fake Out|p2b: Noah's BFF
|-activate|p2b: Noah's BFF|move: Protect
|move|p1a: Weavile|Ice Shard|p2b: Noah's BFF
|-activate|p2b: Noah's BFF|move: Protect
|
|upkeep
|turn|9
|inactive|ZXMaverickHunter has 30 seconds left.
|
|t:|1756479180
|move|p1a: Weavile|Ice Shard|p2a: Kingambling
|-resisted|p2a: Kingambling
|-damage|p2a: Kingambling|26/100
|move|p2a: Kingambling|Sucker Punch|p1b: Gothitelle
|-supereffective|p1b: Gothitelle
|-damage|p1b: Gothitelle|0 fnt
|faint|p1b: Gothitelle
|move|p2b: Noah's BFF|Close Combat|p1a: Weavile
|-supereffective|p1a: Weavile
|-damage|p1a: Weavile|0 fnt
|-unboost|p2b: Noah's BFF|def|1
|-unboost|p2b: Noah's BFF|spd|1
|faint|p1a: Weavile
|
|win|ZXMaverickHunter
|raw|Furl0w's rating: 1079 → 1059(-20 for losing)
|raw|ZXMaverickHunter's rating: 1114 → 1136(+22 for winning)
|l|☆Furl0w
|player|p1|
