|j|☆is_katabo
|j|☆dittothot57
|html|is_katabodittothot57    
|uhtml|bestof|Game 1 of a best-of-3
|t:|1757636380
|gametype|doubles
|player|p1|is_katabo|1|1107
|player|p2|dittothot57|blackbelt-gen4|1000
|gen|9
|tier|[Gen 9] VGC 2025 Reg H (Bo3)
|rated|
|rule|Species Clause: Limit one of each Pokémon
|rule|Item Clause: Limit 1 of each item
|clearpoke
|poke|p1|Incineroar, L50, F|
|poke|p1|Sneasler, L50, F|
|poke|p1|Amoonguss, L50, M|
|poke|p1|Pelipper, L50, M|
|poke|p1|Archaludon, L50, M|
|poke|p1|Dragonite, L50, F|
|poke|p2|Emboar, L50, M|
|poke|p2|Dusknoir, L50, M|
|poke|p2|Indeedee-F, L50, F|
|poke|p2|Inteleon, L50, M|
|poke|p2|Pelipper, L50, M|
|poke|p2|Torkoal, L50, M|
|teampreview|4
|showteam|p1|Incineroar||SafetyGoggles|Intimidate|FakeOut,KnockOff,FlareBlitz,PartingShot|||F|||50|,,,,,Ghost]Sneasler||WhiteHerb|Unburden|DireClaw,CloseCombat,ThroatChop,Protect|||F|||50|,,,,,Stellar]Amoonguss||SitrusBerry|Regenerator|PollenPuff,RagePowder,Spore,Protect|||M|||50|,,,,,Psychic]Pelipper||FocusSash|Drizzle|WeatherBall,Hurricane,Tailwind,Protect|||M|||50|,,,,,Ghost]Archaludon||AssaultVest|Stamina|ElectroShot,FlashCannon,DracoMeteor,BodyPress|||M|||50|,,,,,Bug]Dragonite||LoadedDice|Multiscale|ScaleShot,Tailwind,Haze,Protect|||F|||50|,,,,,Steel
|showteam|p2|Emboar||AssaultVest|Reckless|FlareBlitz,DrainPunch,HighHorsepower,SuckerPunch|||M|||50|,,,,,Water]Dusknoir||Leftovers|Frisk|TrickRoom,Poltergeist,LeechLife,Protect|||M|||50|,,,,,Dark]Indeedee-F||RockyHelmet|PsychicSurge|FollowMe,HelpingHand,TrickRoom,AlluringVoice|||F|||50|,,,,,Psychic]Inteleon||FocusSash|Sniper|SnipeShot,MuddyWater,IceBeam,Protect|||M|||50|,,,,,Water]Pelipper||DampRock|Drizzle|Tailwind,WeatherBall,HydroPump,Protect|||M|||50|,,,,,Steel]Torkoal||LifeOrb|Drought|HeatWave,Eruption,SolarBeam,Protect|||M|||50|,,,,,Fire
|inactive|Battle timer is ON: inactive players will automatically lose when time's up. (requested by dittothot57)
|
|t:|1757636440
|teamsize|p1|4
|teamsize|p2|4
|start
|switch|p1a: moneymachine|Incineroar, L50, F, shiny|100/100
|switch|p1b: Wallsocket|Archaludon, L50, M, shiny|100/100
|switch|p2a: Dusknoir|Dusknoir, L50, M|100/100
|switch|p2b: Indeedee|Indeedee-F, L50, F|100/100
|-ability|p1a: moneymachine|Intimidate|boost
|-unboost|p2a: Dusknoir|atk|1
|-unboost|p2b: Indeedee|atk|1
|-fieldstart|move: Psychic Terrain|[from] ability: Psychic Surge|[of] p2b: Indeedee
|-item|p1a: moneymachine|Safety Goggles|[from] ability: Frisk|[of] p2a: Dusknoir
|-item|p1b: Wallsocket|Assault Vest|[from] ability: Frisk|[of] p2a: Dusknoir
|turn|1
|inactive|is_katabo has 30 seconds left.
|inactive|is_katabo has 20 seconds left.
|
|t:|1757636475
|move|p2b: Indeedee|Follow Me|p2b: Indeedee
|-singleturn|p2b: Indeedee|move: Follow Me
|move|p1a: moneymachine|Parting Shot|p2b: Indeedee
|-unboost|p2b: Indeedee|atk|1
|-unboost|p2b: Indeedee|spa|1
|
|t:|1757636480
|switch|p1a: Immaterial|Amoonguss, L50, M, shiny|100/100|[from] Parting Shot
|move|p1b: Wallsocket|Flash Cannon|p2b: Indeedee
|-damage|p2b: Indeedee|68/100
|move|p2a: Dusknoir|Trick Room|p2a: Dusknoir
|-fieldstart|move: Trick Room|[of] p2a: Dusknoir
|
|upkeep
|turn|2
|inactive|dittothot57 has 30 seconds left.
|
|t:|1757636506
|move|p2b: Indeedee|Follow Me|p2b: Indeedee
|-singleturn|p2b: Indeedee|move: Follow Me
|move|p1a: Immaterial|Spore|p2b: Indeedee
|-status|p2b: Indeedee|slp|[from] move: Spore
|move|p2a: Dusknoir|Poltergeist|p1a: Immaterial
|-activate|p1a: Immaterial|move: Poltergeist|Sitrus Berry
|-damage|p1a: Immaterial|72/100
|move|p1b: Wallsocket|Flash Cannon|p2b: Indeedee
|-damage|p2b: Indeedee|35/100 slp
|
|upkeep
|turn|3
|inactive|dittothot57 has 30 seconds left.
|
|t:|1757636531
|cant|p2b: Indeedee|slp
|move|p1a: Immaterial|Spore|p2a: Dusknoir
|-status|p2a: Dusknoir|slp|[from] move: Spore
|cant|p2a: Dusknoir|slp
|move|p1b: Wallsocket|Flash Cannon|p2b: Indeedee
|-damage|p2b: Indeedee|1/100 slp
|
|upkeep
|turn|4
|inactive|dittothot57 has 30 seconds left.
|
|t:|1757636557
|switch|p2a: Emboar|Emboar, L50, M, shiny|100/100
|move|p1a: Immaterial|Pollen Puff|p2b: Indeedee
|-supereffective|p2b: Indeedee
|-damage|p2b: Indeedee|0 fnt
|faint|p2b: Indeedee
|move|p1b: Wallsocket|Flash Cannon|p2a: Emboar
|-resisted|p2a: Emboar
|-damage|p2a: Emboar|88/100
|
|upkeep
|
|t:|1757636575
|switch|p2b: Dusknoir|Dusknoir, L50, M|100/100 slp
|-item|p1a: Immaterial|Sitrus Berry|[from] ability: Frisk|[of] p2b: Dusknoir
|-item|p1b: Wallsocket|Assault Vest|[from] ability: Frisk|[of] p2b: Dusknoir
|turn|5
|inactive|dittothot57 has 30 seconds left.
|
|t:|1757636605
|-curestatus|p2b: Dusknoir|slp|[msg]
|move|p2b: Dusknoir|Protect|p2b: Dusknoir
|-singleturn|p2b: Dusknoir|Protect
|move|p1a: Immaterial|Spore|p2a: Emboar
|-status|p2a: Emboar|slp|[from] move: Spore
|cant|p2a: Emboar|slp
|move|p1b: Wallsocket|Body Press|p2a: Emboar
|-crit|p2a: Emboar
|-damage|p2a: Emboar|46/100 slp
|
|-fieldend|move: Trick Room
|-fieldend|move: Psychic Terrain
|upkeep
|turn|6
|-message|dittothot57 forfeited.
|raw|is_katabo's rating: 1107 → 1125(+18 for winning)
|raw|dittothot57's rating: 1000 → 1000(+0 for losing)
|
|win|is_katabo
|l|☆dittothot57
|player|p2|
