|j|☆JokerMo
|j|☆goodbye brede
|html|JokerMogoodbye brede    
|uhtml|bestof|Game 3 of a best-of-3
|t:|1783948635
|gametype|doubles
|player|p1|JokerMo|#smogonxnpa2026draftee|
|player|p2|goodbye brede|#smogonxnpa2026draftee2|
|gen|9
|tier|[Gen 9 Champions] VGC 2026 Reg M-B (Bo3)
|rule|Species Clause: Limit one of each Pokémon
|rule|Item Clause: Limit 1 of each item
|clearpoke
|poke|p1|Delphox, L50, F|
|poke|p1|Floette-Eternal, L50, F|
|poke|p1|Sinistcha-Masterpiece, L50|
|poke|p1|Sneasler, L50, F|
|poke|p1|Milotic, L50, M|
|poke|p1|Incineroar, L50, M|
|poke|p2|Archaludon, L50, M|
|poke|p2|Basculegion, L50, M|
|poke|p2|Politoed, L50, F|
|poke|p2|Sableye, L50, M|
|poke|p2|Dragonite, L50, M|
|poke|p2|Swampert, L50, M|
|teampreview|4
|showteam|p1|Delphox||Delphoxite|Blaze|HeatWave,Psyshock,Protect,NastyPlot|Timid||F|||50|]Floette-Eternal||Floettite|FlowerVeil|CalmMind,Protect,DazzlingGleam,Moonblast|Modest||F|||50|]Sinistcha-Masterpiece||KasibBerry|Hospitality|LifeDew,RagePowder,MatchaGotcha,Protect|Bold|||||50|]Sneasler||FocusSash|Unburden|FakeOut,DireClaw,CloseCombat,RockSlide|Jolly||F|||50|]Milotic||Leftovers|Competitive|Protect,MuddyWater,Coil,Hypnosis|Bold||M|||50|]Incineroar||SitrusBerry|Intimidate|FakeOut,FlareBlitz,DarkestLariat,PartingShot|Impish||M|||50|
|showteam|p2|Archaludon||Leftovers|Stamina|FlashCannon,DragonPulse,ElectroShot,Protect|Modest||M|||50|]Basculegion||ChoiceScarf|Adaptability|WaveCrash,LastRespects,AquaJet,FlipTurn|Jolly||M|||50|]Politoed||ZoomLens|Drizzle|MuddyWater,Hypnosis,IceBeam,Protect|Sassy||F|||50|]Sableye||LightClay|Prankster|FoulPlay,RainDance,LightScreen,Reflect|Relaxed||M|||50|]Dragonite||Dragoninite|Multiscale|DracoMeteor,Hurricane,FocusBlast,Protect|Modest||M|||50|]Swampert||Swampertite|Damp|WaveCrash,Earthquake,PoisonJab,Protect|Adamant||M|||50|
|j| tiaole123
|j| JHufself
|j| BouncyJoltik
|j| Pd0nZ
|j| bytev24
|j| bluestraggler01
|j| A Regu1ar Guy
|j| redjoker2048
|l| redjoker2048
|l| A Regu1ar Guy
|j| YonezuKen8hi
|l| bluestraggler01
|inactive|Battle timer is ON: inactive players will automatically lose when time's up. (requested by goodbye brede)
|
|t:|1783948696
|teamsize|p1|4
|teamsize|p2|4
|start
|switch|p1a: Floette|Floette-Eternal, L50, F|100/100
|switch|p1b: Sinistcha|Sinistcha-Masterpiece, L50|100/100
|switch|p2a: Swampert|Swampert, L50, M|100/100
|switch|p2b: Politoed|Politoed, L50, F|100/100
|-weather|RainDance|[from] ability: Drizzle|[of] p2b: Politoed
|turn|1
|j| bluestraggler01
|inactive|JokerMo has 30 seconds left.
|inactive|JokerMo has 20 seconds left.
|j| AhriVGC
|inactive|JokerMo has 15 seconds left.
|inactive|JokerMo has 10 seconds left.
|
|t:|1783948742
|switch|p2a: Archaludon|Archaludon, L50, M|100/100
|detailschange|p1a: Floette|Floette-Mega, L50, F
|-mega|p1a: Floette|Floette|Floettite
|-ability|p1a: Floette|Fairy Aura
|move|p1b: Sinistcha|Rage Powder|p1b: Sinistcha
|-singleturn|p1b: Sinistcha|move: Rage Powder
|move|p1a: Floette|Calm Mind|p1a: Floette
|-boost|p1a: Floette|spa|1
|-boost|p1a: Floette|spd|1
|move|p2b: Politoed|Hypnosis|p1b: Sinistcha
|-status|p1b: Sinistcha|slp|[from] move: Hypnosis
|
|-weather|RainDance|[upkeep]
|upkeep
|turn|2
|inactive|JokerMo has 30 seconds left.
|inactive|goodbye brede has 30 seconds left.
|inactive|JokerMo has 20 seconds left.
|inactive|JokerMo has 15 seconds left.
|inactive|JokerMo has 10 seconds left.
|
|t:|1783948791
|move|p1a: Floette|Protect|p1a: Floette
|-singleturn|p1a: Floette|Protect
|move|p2a: Archaludon|Protect|p2a: Archaludon
|-singleturn|p2a: Archaludon|Protect
|cant|p1b: Sinistcha|slp
|move|p2b: Politoed|Hypnosis|p1a: Floette
|-activate|p1a: Floette|move: Protect
|
|-weather|RainDance|[upkeep]
|upkeep
|turn|3
|inactive|JokerMo has 30 seconds left.
|
|t:|1783948823
|move|p1a: Floette|Moonblast|p2a: Archaludon
|-damage|p2a: Archaludon|0 fnt
|faint|p2a: Archaludon
|cant|p1b: Sinistcha|slp
|move|p2b: Politoed|Hypnosis|p1a: Floette
|-status|p1a: Floette|slp|[from] move: Hypnosis
|
|-weather|RainDance|[upkeep]
|upkeep
|
|t:|1783948830
|switch|p2a: Basculegion|Basculegion, L50, M|100/100
|turn|4
|j| redjoker2048
|
|t:|1783948860
|switch|p1a: Incineroar|Incineroar, L50, M|100/100
|-ability|p1a: Incineroar|Intimidate|boost
|-unboost|p2a: Basculegion|atk|1
|-unboost|p2b: Politoed|atk|1
|move|p2a: Basculegion|Wave Crash|p1a: Incineroar
|-supereffective|p1a: Incineroar|1
|-damage|p1a: Incineroar|0 fnt
|faint|p1a: Incineroar
|-damage|p2a: Basculegion|65/100|[from] Recoil
|-curestatus|p1b: Sinistcha|slp|[msg]
|move|p1b: Sinistcha|Matcha Gotcha|p2b: Politoed|[spread] p2a,p2b
|-supereffective|p2a: Basculegion|1
|-supereffective|p2b: Politoed|1
|-damage|p2a: Basculegion|6/100
|-damage|p2b: Politoed|63/100
|-status|p2a: Basculegion|brn
|move|p2b: Politoed|Muddy Water|p1b: Sinistcha
|-resisted|p1b: Sinistcha|1
|-damage|p1b: Sinistcha|77/100
|
|-weather|RainDance|[upkeep]
|-damage|p2a: Basculegion|0 fnt|[from] brn
|faint|p2a: Basculegion
|upkeep
|j| Dhiiedfhjj
|j| tryingsomethingnew
|
|t:|1783948884
|switch|p2a: Swampert|Swampert, L50, M|100/100
|switch|p1a: Sneasler|Sneasler, L50, F|100/100
|turn|5
|l| redjoker2048
|
|t:|1783948895
|detailschange|p2a: Swampert|Swampert-Mega, L50, M
|-mega|p2a: Swampert|Swampert|Swampertite
|move|p2a: Swampert|Protect|p2a: Swampert
|-singleturn|p2a: Swampert|Protect
|move|p1a: Sneasler|Fake Out|p2b: Politoed
|-damage|p2b: Politoed|51/100
|move|p1b: Sinistcha|Matcha Gotcha|p2a: Swampert|[spread] p2b
|-activate|p2a: Swampert|move: Protect
|-supereffective|p2b: Politoed|1
|-damage|p2b: Politoed|8/100
|-heal|p1b: Sinistcha|100/100|[from] drain|[of] p2b: Politoed
|cant|p2b: Politoed|flinch
|
|-weather|none
|upkeep
|turn|6
|
|t:|1783948911
|move|p1a: Sneasler|Dire Claw|p2b: Politoed
|-damage|p2b: Politoed|0 fnt
|faint|p2b: Politoed
|move|p2a: Swampert|Earthquake|p1b: Sinistcha|[spread] p1a,p1b
|-supereffective|p1a: Sneasler|1
|-resisted|p1b: Sinistcha|1
|-enditem|p1a: Sneasler|Focus Sash
|-damage|p1a: Sneasler|1/100
|-damage|p1b: Sinistcha|81/100
|move|p1b: Sinistcha|Matcha Gotcha|p2a: Swampert
|-supereffective|p2a: Swampert|2
|-damage|p2a: Swampert|0 fnt
|-heal|p1b: Sinistcha|100/100|[from] drain|[of] p2a: Swampert
|faint|p2a: Swampert
|
|win|JokerMo
|c|☆goodbye brede|ggs
|c|☆JokerMo|gg
|l|☆goodbye brede
|player|p2|
|l| bluestraggler01
|l| JHufself
|l| tiaole123
|l| bytev24
|l| BouncyJoltik
|l| Dhiiedfhjj
|l| tryingsomethingnew
