|j|☆discordjericho
|j|☆Ferran Tiburon
|html|discordjerichoFerran Tiburon    
|uhtml|bestof|Game 1 of a best-of-3
|t:|1783682044
|gametype|doubles
|player|p1|discordjericho|lady|1113
|player|p2|Ferran Tiburon|170|1169
|gen|9
|tier|[Gen 9 Champions] VGC 2026 Reg M-B (Bo3)
|rated|
|rule|Species Clause: Limit one of each Pokémon
|rule|Item Clause: Limit 1 of each item
|clearpoke
|poke|p1|Farigiraf, L50, M|
|poke|p1|Mawile, L50, M|
|poke|p1|Torkoal, L50, M|
|poke|p1|Sinistcha, L50|
|poke|p1|Aerodactyl, L50, M|
|poke|p1|Basculegion, L50, M|
|poke|p2|Aerodactyl, L50, F|
|poke|p2|Metagross, L50|
|poke|p2|Sneasler, L50, M|
|poke|p2|Hydreigon, L50, M|
|poke|p2|Sylveon, L50, M|
|poke|p2|Farigiraf, L50, M|
|teampreview|4
|showteam|p1|Farigiraf||ColburBerry|ArmorTail|TwinBeam,HelpingHand,TrickRoom,Protect|Bold||M|||50|]Mawile||Mawilite|Intimidate|PlayRough,KnockOff,IronHead,Protect|Brave||M|||50|]Torkoal|||Drought|Eruption,SolarBeam,EarthPower,Protect|Quiet||M|||50|]Sinistcha||SitrusBerry|Hospitality|MatchaGotcha,LifeDew,RagePowder,TrickRoom|Calm|||||50|]Aerodactyl||Aerodactylite|RockHead|RockSlide,DualWingbeat,Tailwind,Protect|Adamant||M|||50|]Basculegion||MysticWater|Adaptability|WaveCrash,AquaJet,LastRespects,Protect|Adamant||M|||50|
|showteam|p2|Aerodactyl||Aerodactylite|Unnerve|RockSlide,Tailwind,DualWingbeat,IceFang|Jolly||F|||50|]Metagross||Metagrossite|ClearBody|Protect,PsychicFangs,IronHead,StompingTantrum|Adamant|||||50|]Sneasler||FocusSash|Unburden|CloseCombat,Coaching,DireClaw,FakeOut|Naive||M|||50|]Hydreigon||ChoiceScarf|Levitate|DarkPulse,DracoMeteor,Snarl,EarthPower|Modest||M|||50|]Sylveon||FairyFeather|Pixilate|Detect,HyperVoice,HyperBeam,QuickAttack|Modest||M|||50|]Farigiraf||SitrusBerry|ArmorTail|TwinBeam,Thunderbolt,HelpingHand,TrickRoom|Bold||M|||50|
|inactive|Battle timer is ON: inactive players will automatically lose when time's up. (requested by Ferran Tiburon)
|inactive|discordjericho also wants the timer to be on.
|inactive|Ferran Tiburon has 60 seconds left.
|inactive|Ferran Tiburon has 30 seconds left.
|inactive|Ferran Tiburon has 20 seconds left.
|inactive|Ferran Tiburon has 15 seconds left.
|inactive|Ferran Tiburon has 10 seconds left.
|inactive|Ferran Tiburon has 5 seconds left.
|
|t:|1783682132
|teamsize|p1|4
|teamsize|p2|4
|start
|switch|p1a: Farigiraf|Farigiraf, L50, M|100/100
|switch|p1b: Mawile|Mawile, L50, M|100/100
|switch|p2a: Metagross|Metagross, L50|100/100
|switch|p2b: Hydreigon|Hydreigon, L50, M|100/100
|-ability|p1b: Mawile|Intimidate|boost
|-fail|p2a: Metagross|unboost|[from] ability: Clear Body|[of] p2a: Metagross
|-unboost|p2b: Hydreigon|atk|1
|turn|1
|
|t:|1783682155
|switch|p2b: Farigiraf|Farigiraf, L50, M|100/100
|detailschange|p2a: Metagross|Metagross-Mega, L50
|-mega|p2a: Metagross|Metagross|Metagrossite
|detailschange|p1b: Mawile|Mawile-Mega, L50, M
|-mega|p1b: Mawile|Mawile|Mawilite
|move|p2a: Metagross|Iron Head|p1a: Farigiraf
|-damage|p1a: Farigiraf|49/100
|move|p1b: Mawile|Knock Off|p2a: Metagross
|-supereffective|p2a: Metagross|1
|-damage|p2a: Metagross|40/100
|cant|p1a: Farigiraf|flinch
|
|upkeep
|turn|2
|inactive|discordjericho has 30 seconds left.
|
|t:|1783682189
|move|p2b: Farigiraf|Helping Hand|p2a: Metagross
|-singleturn|p2a: Metagross|Helping Hand|[of] p2b: Farigiraf
|move|p1a: Farigiraf|Protect|p1a: Farigiraf
|-singleturn|p1a: Farigiraf|Protect
|move|p2a: Metagross|Stomping Tantrum|p1b: Mawile
|-supereffective|p1b: Mawile|1
|-damage|p1b: Mawile|0 fnt
|faint|p1b: Mawile
|
|upkeep
|
|t:|1783682198
|switch|p1b: Torkoal|Torkoal, L50, M|100/100
|-weather|SunnyDay|[from] ability: Drought|[of] p1b: Torkoal
|turn|3
|
|t:|1783682210
|move|p2b: Farigiraf|Helping Hand|p2a: Metagross
|-singleturn|p2a: Metagross|Helping Hand|[of] p2b: Farigiraf
|move|p2a: Metagross|Iron Head|p1a: Farigiraf
|-damage|p1a: Farigiraf|0 fnt
|faint|p1a: Farigiraf
|move|p1b: Torkoal|Eruption|p2b: Farigiraf|[spread] p2a,p2b
|-supereffective|p2a: Metagross|1
|-damage|p2a: Metagross|0 fnt
|-damage|p2b: Farigiraf|33/100
|-enditem|p2b: Farigiraf|Sitrus Berry|[eat]
|-heal|p2b: Farigiraf|58/100|[from] item: Sitrus Berry
|faint|p2a: Metagross
|
|-weather|SunnyDay|[upkeep]
|upkeep
|
|t:|1783682222
|switch|p2a: Sneasler|Sneasler, L50, M|100/100
|switch|p1a: Sinistcha|Sinistcha, L50|100/100
|turn|4
|
|t:|1783682236
|move|p2a: Sneasler|Fake Out|p1b: Torkoal
|-damage|p1b: Torkoal|89/100
|move|p1a: Sinistcha|Rage Powder|p1a: Sinistcha
|-singleturn|p1a: Sinistcha|move: Rage Powder
|move|p2b: Farigiraf|Twin Beam|p1a: Sinistcha
|-damage|p1a: Sinistcha|86/100
|-damage|p1a: Sinistcha|73/100
|-hitcount|p1a: Sinistcha|2
|cant|p1b: Torkoal|flinch
|
|-weather|SunnyDay|[upkeep]
|upkeep
|turn|5
|
|t:|1783682253
|move|p2b: Farigiraf|Helping Hand|p2a: Sneasler
|-singleturn|p2a: Sneasler|Helping Hand|[of] p2b: Farigiraf
|move|p1a: Sinistcha|Rage Powder|p1a: Sinistcha
|-singleturn|p1a: Sinistcha|move: Rage Powder
|move|p2a: Sneasler|Dire Claw|p1a: Sinistcha
|-damage|p1a: Sinistcha|16/100
|-enditem|p1a: Sinistcha|Sitrus Berry|[eat]
|-heal|p1a: Sinistcha|41/100|[from] item: Sitrus Berry
|move|p1b: Torkoal|Eruption|p2b: Farigiraf|[spread] p2a,p2b
|-damage|p2a: Sneasler|3/100
|-damage|p2b: Farigiraf|0 fnt
|faint|p2b: Farigiraf
|
|-weather|SunnyDay|[upkeep]
|upkeep
|
|t:|1783682260
|switch|p2b: Hydreigon|Hydreigon, L50, M|100/100
|turn|6
|inactive|discordjericho has 30 seconds left.
|inactive|Ferran Tiburon has 30 seconds left.
|
|t:|1783682289
|move|p2b: Hydreigon|Dark Pulse|p1a: Sinistcha
|-supereffective|p1a: Sinistcha|1
|-damage|p1a: Sinistcha|0 fnt
|faint|p1a: Sinistcha
|move|p2a: Sneasler|Close Combat|p1b: Torkoal
|-damage|p1b: Torkoal|42/100
|-unboost|p2a: Sneasler|def|1
|-unboost|p2a: Sneasler|spd|1
|move|p1b: Torkoal|Eruption|p2a: Sneasler|[spread] p2a,p2b
|-resisted|p2b: Hydreigon|1
|-damage|p2a: Sneasler|0 fnt
|-damage|p2b: Hydreigon|83/100
|faint|p2a: Sneasler
|
|-weather|SunnyDay|[upkeep]
|upkeep
|turn|7
|
|t:|1783682309
|move|p2b: Hydreigon|Dark Pulse|p1b: Torkoal
|-damage|p1b: Torkoal|0 fnt
|faint|p1b: Torkoal
|
|win|Ferran Tiburon
