|j|☆upchicken
|j|☆SongokuVG Fr
|html|upchickenSongokuVG Fr    
|uhtml|bestof|Game 2 of a best-of-3
|t:|1755196941
|gametype|doubles
|player|p1|upchicken|az|1235
|player|p2|SongokuVG Fr|lucian|1297
|gen|9
|tier|[Gen 9] VGC 2025 Reg H (Bo3)
|rated|
|rule|Species Clause: Limit one of each Pokémon
|rule|Item Clause: Limit 1 of each item
|clearpoke
|poke|p1|Grimmsnarl, L50, M|
|poke|p1|Annihilape, L50, F|
|poke|p1|Maushold, L50|
|poke|p1|Pelipper, L50, M|
|poke|p1|Archaludon, L50, F|
|poke|p1|Sinistcha, L50|
|poke|p2|Ursaluna, L50, M|
|poke|p2|Tauros-Paldea-Aqua, L50, M|
|poke|p2|Vivillon, L50, F|
|poke|p2|Gholdengo, L50|
|poke|p2|Incineroar, L50, F|
|poke|p2|Porygon2, L50|
|teampreview|4
|showteam|p1|Grimmsnarl||LightClay|Prankster|Reflect,LightScreen,ThunderWave,SpiritBreak|||M|||50|,,,,,Steel]Annihilape||SpellTag|Defiant|BulkUp,Protect,DrainPunch,RageFist|||F|||50|,,,,,Fire]Maushold||SafetyGoggles|FriendGuard|BeatUp,Taunt,FollowMe,Protect||||||50|,,,,,Ghost]Pelipper||LifeOrb|Drizzle|Hurricane,WeatherBall,Tailwind,Protect|||M|||50|,,,,,Stellar]Archaludon||AssaultVest|Stamina|ElectroShot,DracoMeteor,Snarl,BodyPress|||F|||50|,,,,,Grass]Sinistcha||SitrusBerry|Hospitality|LifeDew,RagePowder,TrickRoom,MatchaGotcha||||||50|,,,,,Water
|showteam|p2|Ursaluna||FlameOrb|Guts|Earthquake,Facade,HeadlongRush,Protect|||M|||50|,,,,,Ghost]Tauros-Paldea-Aqua||MirrorHerb|Intimidate|CloseCombat,WaveCrash,Protect,AquaJet|||M|||50|,,,,,Water]Vivillon||FocusSash|CompoundEyes|Tailwind,Hurricane,Protect,SleepPowder|||F|||50|,,,,,Ghost]Gholdengo||MetalCoat|GoodasGold|MakeItRain,ShadowBall,NastyPlot,Protect||||||50|,,,,,Dragon]Incineroar||SafetyGoggles|Intimidate|FakeOut,FlareBlitz,KnockOff,PartingShot|||F|||50|,,,,,Ghost]Porygon2||Eviolite|Download|TeraBlast,TrickRoom,Recover,IceBeam||||||50|,,,,,Flying
|inactive|Battle timer is ON: inactive players will automatically lose when time's up. (requested by SongokuVG Fr)
|
|t:|1755196963
|teamsize|p1|4
|teamsize|p2|4
|start
|switch|p1a: Grimmsnarl|Grimmsnarl, L50, M|100/100
|switch|p1b: Archaludon|Archaludon, L50, F|100/100
|switch|p2a: Vivillon|Vivillon, L50, F|100/100
|switch|p2b: Gholdengo|Gholdengo, L50|100/100
|turn|1
|
|t:|1755196973
|move|p1a: Grimmsnarl|Light Screen|p1a: Grimmsnarl
|-sidestart|p1: upchicken|move: Light Screen
|move|p2a: Vivillon|Tailwind|p2a: Vivillon
|-sidestart|p2: SongokuVG Fr|move: Tailwind
|move|p2b: Gholdengo|Nasty Plot|p2b: Gholdengo
|-boost|p2b: Gholdengo|spa|2
|move|p1b: Archaludon|Snarl|p2a: Vivillon|[spread] p2a,p2b
|-supereffective|p2b: Gholdengo
|-damage|p2a: Vivillon|72/100
|-damage|p2b: Gholdengo|67/100
|-unboost|p2a: Vivillon|spa|1
|-unboost|p2b: Gholdengo|spa|1
|
|upkeep
|turn|2
|
|t:|1755196983
|-terastallize|p1b: Archaludon|Grass
|move|p2a: Vivillon|Sleep Powder|p1b: Archaludon
|-immune|p1b: Archaludon
|move|p2b: Gholdengo|Nasty Plot|p2b: Gholdengo
|-boost|p2b: Gholdengo|spa|2
|move|p1b: Archaludon|Snarl|p2a: Vivillon|[spread] p2a,p2b
|-supereffective|p2b: Gholdengo
|-damage|p2a: Vivillon|48/100
|-damage|p2b: Gholdengo|34/100
|-unboost|p2a: Vivillon|spa|1
|-unboost|p2b: Gholdengo|spa|1
|move|p1a: Grimmsnarl|Spirit Break|p2b: Gholdengo
|-resisted|p2b: Gholdengo
|-crit|p2b: Gholdengo
|-damage|p2b: Gholdengo|8/100
|-unboost|p2b: Gholdengo|spa|1
|
|upkeep
|turn|3
|
|t:|1755197001
|switch|p1a: Pelipper|Pelipper, L50, M|100/100
|-weather|RainDance|[from] ability: Drizzle|[of] p1a: Pelipper
|move|p2a: Vivillon|Hurricane|p1b: Archaludon
|-supereffective|p1b: Archaludon
|-damage|p1b: Archaludon|80/100
|-start|p1b: Archaludon|confusion
|-ability|p1b: Archaludon|Stamina|boost
|-boost|p1b: Archaludon|def|1
|move|p2b: Gholdengo|Make It Rain|p1a: Pelipper|[spread] p1a,p1b
|-resisted|p1a: Pelipper
|-damage|p1a: Pelipper|53/100
|-damage|p1b: Archaludon|42/100
|-unboost|p2b: Gholdengo|spa|1
|-ability|p1b: Archaludon|Stamina|boost
|-boost|p1b: Archaludon|def|1
|-activate|p1b: Archaludon|confusion
|move|p1b: Archaludon|Electro Shot||[still]
|-prepare|p1b: Archaludon|Electro Shot
|-boost|p1b: Archaludon|spa|1
|-anim|p1b: Archaludon|Electro Shot|p2a: Vivillon
|-supereffective|p2a: Vivillon
|-damage|p2a: Vivillon|0 fnt
|faint|p2a: Vivillon
|
|-weather|RainDance|[upkeep]
|upkeep
|
|t:|1755197023
|switch|p2a: Ursaluna|Ursaluna, L50, M|100/100
|turn|4
|
|t:|1755197033
|switch|p1a: Sinistcha|Sinistcha, L50|100/100
|-heal|p1b: Archaludon|66/100|[from] ability: Hospitality|[of] p1a: Sinistcha
|move|p2b: Gholdengo|Shadow Ball|p1a: Sinistcha
|-supereffective|p1a: Sinistcha
|-damage|p1a: Sinistcha|50/100
|-enditem|p1a: Sinistcha|Sitrus Berry|[eat]
|-heal|p1a: Sinistcha|75/100|[from] item: Sitrus Berry
|move|p2a: Ursaluna|Facade|p1a: Sinistcha
|-immune|p1a: Sinistcha
|-activate|p1b: Archaludon|confusion
|move|p1b: Archaludon|Snarl|p2b: Gholdengo|[spread] p2a,p2b
|-supereffective|p2b: Gholdengo
|-damage|p2a: Ursaluna|83/100
|-damage|p2b: Gholdengo|0 fnt
|-unboost|p2a: Ursaluna|spa|1
|faint|p2b: Gholdengo
|
|-weather|RainDance|[upkeep]
|-sideend|p2: SongokuVG Fr|move: Tailwind
|-status|p2a: Ursaluna|brn|[from] item: Flame Orb
|upkeep
|
|t:|1755197040
|switch|p2b: Tauros|Tauros-Paldea-Aqua, L50, M|100/100
|-ability|p2b: Tauros|Intimidate|boost
|-unboost|p1a: Sinistcha|atk|1
|-unboost|p1b: Archaludon|atk|1
|turn|5
|
|t:|1755197053
|-terastallize|p2b: Tauros|Water
|move|p1a: Sinistcha|Rage Powder|p1a: Sinistcha
|-singleturn|p1a: Sinistcha|move: Rage Powder
|move|p2b: Tauros|Wave Crash|p1a: Sinistcha
|-resisted|p1a: Sinistcha
|-damage|p1a: Sinistcha|30/100
|-damage|p2b: Tauros|84/100|[from] Recoil
|-end|p1b: Archaludon|confusion
|move|p1b: Archaludon|Electro Shot||[still]
|-prepare|p1b: Archaludon|Electro Shot
|-boost|p1b: Archaludon|spa|1
|-anim|p1b: Archaludon|Electro Shot|p2b: Tauros
|-supereffective|p2b: Tauros
|-damage|p2b: Tauros|0 fnt
|faint|p2b: Tauros
|move|p2a: Ursaluna|Facade|p1a: Sinistcha
|-immune|p1a: Sinistcha
|
|-weather|RainDance|[upkeep]
|-damage|p2a: Ursaluna|77/100 brn|[from] brn
|upkeep
|turn|6
|-message|SongokuVG Fr forfeited.
|
|win|upchicken
|raw|upchicken's rating: 1235 → 1264(+29 for winning)
|raw|SongokuVG Fr's rating: 1297 → 1268(-29 for losing)
|l|☆SongokuVG Fr
|player|p2|
