|j|☆monado476
|j|☆pealcantara28
|html|monado476pealcantara28    
|uhtml|bestof|Game 1 of a best-of-3
|t:|1756743162
|gametype|doubles
|player|p1|monado476|volkner|1198
|player|p2|pealcantara28|cynthia-gen4|1095
|gen|9
|tier|[Gen 9] VGC 2025 Reg H (Bo3)
|rated|
|rule|Species Clause: Limit one of each Pokémon
|rule|Item Clause: Limit 1 of each item
|clearpoke
|poke|p1|Incineroar, L50, F|
|poke|p1|Whimsicott, L50, M|
|poke|p1|Ursaluna-Bloodmoon, L50, M|
|poke|p1|Kleavor, L50, F|
|poke|p1|Gholdengo, L50|
|poke|p1|Primarina, L50, M|
|poke|p2|Archaludon, L50, M|
|poke|p2|Pelipper, L50, M|
|poke|p2|Incineroar, L50, F|
|poke|p2|Basculegion, L50, M|
|poke|p2|Sinistcha-Masterpiece, L50|
|poke|p2|Kingambit, L50, F|
|teampreview|4
|showteam|p1|Incineroar||SafetyGoggles|Intimidate|FakeOut,PartingShot,KnockOff,FlareBlitz|||F|||50|,,,,,Grass]Whimsicott||FocusSash|Prankster|Moonblast,Tailwind,Encore,Taunt|||M|||50|,,,,,Ghost]Ursaluna-Bloodmoon||AssaultVest|MindsEye|BloodMoon,EarthPower,HyperVoice,Snarl|||M|||50|,,,,,Bug]Kleavor||LifeOrb|Sharpness|StoneAxe,NightSlash,XScissor,Protect|||F|||50|,,,,,Grass]Gholdengo||MetalCoat|GoodasGold|MakeItRain,ShadowBall,NastyPlot,Protect||||||50|,,,,,Steel]Primarina||CovertCloak|LiquidVoice|Haze,HyperVoice,Moonblast,Protect|||M|||50|,,,,,Poison
|showteam|p2|Archaludon||AssaultVest|Stamina|DracoMeteor,FlashCannon,ElectroShot,BodyPress|||M|||50|,,,,,Bug]Pelipper||FocusSash|Drizzle|Tailwind,Hurricane,WeatherBall,WideGuard|||M|||50|,,,,,Stellar]Incineroar||SafetyGoggles|Intimidate|FlareBlitz,PartingShot,FakeOut,KnockOff|||F|||50|,,,,,Grass]Basculegion||LifeOrb|SwiftSwim|LastRespects,WaveCrash,AquaJet,Protect|||M|||50|,,,,,Water]Sinistcha-Masterpiece||SitrusBerry|Hospitality|MatchaGotcha,ShadowBall,RagePowder,StrengthSap||||||50|,,,,,Grass]Kingambit||BlackGlasses|Defiant|KowtowCleave,SuckerPunch,Protect,SwordsDance|||F|||50|,,,,,Dark
|inactive|Battle timer is ON: inactive players will automatically lose when time's up. (requested by pealcantara28)
|inactive|monado476 has 60 seconds left.
|
|t:|1756743203
|teamsize|p1|4
|teamsize|p2|4
|start
|switch|p1a: Whimsicott|Whimsicott, L50, M|100/100
|switch|p1b: Ursaluna|Ursaluna-Bloodmoon, L50, M|100/100
|switch|p2a: Archaludon|Archaludon, L50, M|100/100
|switch|p2b: Pelipper|Pelipper, L50, M|100/100
|-weather|RainDance|[from] ability: Drizzle|[of] p2b: Pelipper
|turn|1
|inactive|monado476 has 30 seconds left.
|inactive|pealcantara28 has 30 seconds left.
|inactive|monado476 has 20 seconds left.
|inactive|pealcantara28 has 20 seconds left.
|inactive|monado476 has 15 seconds left.
|
|t:|1756743246
|-terastallize|p2a: Archaludon|Bug
|-terastallize|p1b: Ursaluna|Bug
|move|p1a: Whimsicott|Taunt|p2b: Pelipper
|-start|p2b: Pelipper|move: Taunt
|move|p2b: Pelipper|Weather Ball|p1b: Ursaluna
|-damage|p1b: Ursaluna|52/100
|move|p2a: Archaludon|Draco Meteor|p1b: Ursaluna
|-damage|p1b: Ursaluna|10/100
|-unboost|p2a: Archaludon|spa|2
|move|p1b: Ursaluna|Earth Power|p2a: Archaludon
|-resisted|p2a: Archaludon
|-damage|p2a: Archaludon|83/100
|-ability|p2a: Archaludon|Stamina|boost
|-boost|p2a: Archaludon|def|1
|
|-weather|RainDance|[upkeep]
|upkeep
|turn|2
|
|t:|1756743270
|switch|p1b: Primarina|Primarina, L50, M|100/100
|move|p1a: Whimsicott|Tailwind|p1a: Whimsicott
|-sidestart|p1: monado476|move: Tailwind
|move|p2b: Pelipper|Hurricane|p1a: Whimsicott
|-supereffective|p1a: Whimsicott
|-enditem|p1a: Whimsicott|Focus Sash
|-damage|p1a: Whimsicott|1/100
|move|p2a: Archaludon|Flash Cannon|p1b: Primarina
|-damage|p1b: Primarina|82/100
|
|-weather|RainDance|[upkeep]
|upkeep
|turn|3
|
|t:|1756743290
|move|p1a: Whimsicott|Moonblast|p2b: Pelipper
|-damage|p2b: Pelipper|40/100
|-unboost|p2b: Pelipper|spa|1
|move|p1b: Primarina|Moonblast|p2a: Archaludon
|-damage|p2a: Archaludon|50/100
|-ability|p2a: Archaludon|Stamina|boost
|-boost|p2a: Archaludon|def|1
|move|p2b: Pelipper|Hurricane|p1a: Whimsicott
|-supereffective|p1a: Whimsicott
|-damage|p1a: Whimsicott|0 fnt
|faint|p1a: Whimsicott
|move|p2a: Archaludon|Electro Shot||[still]
|-prepare|p2a: Archaludon|Electro Shot
|-boost|p2a: Archaludon|spa|1
|-anim|p2a: Archaludon|Electro Shot|p1b: Primarina
|-supereffective|p1b: Primarina
|-damage|p1b: Primarina|27/100
|
|-weather|RainDance|[upkeep]
|-end|p2b: Pelipper|move: Taunt
|upkeep
|
|t:|1756743307
|switch|p1a: Kleavor|Kleavor, L50, F|100/100
|turn|4
|
|t:|1756743321
|switch|p2b: Sinistcha|Sinistcha-Masterpiece, L50|100/100
|-heal|p2a: Archaludon|75/100|[from] ability: Hospitality|[of] p2b: Sinistcha
|move|p1a: Kleavor|Stone Axe|p2a: Archaludon
|-supereffective|p2a: Archaludon
|-damage|p2a: Archaludon|26/100
|-ability|p2a: Archaludon|Stamina|boost
|-boost|p2a: Archaludon|def|1
|-sidestart|p2: pealcantara28|move: Stealth Rock
|-damage|p1a: Kleavor|91/100|[from] item: Life Orb
|move|p1b: Primarina|Moonblast|p2b: Sinistcha
|-damage|p2b: Sinistcha|43/100
|-enditem|p2b: Sinistcha|Sitrus Berry|[eat]
|-heal|p2b: Sinistcha|68/100|[from] item: Sitrus Berry
|move|p2a: Archaludon|Electro Shot||[still]
|-prepare|p2a: Archaludon|Electro Shot
|-boost|p2a: Archaludon|spa|1
|-anim|p2a: Archaludon|Electro Shot|p1b: Primarina
|-supereffective|p1b: Primarina
|-damage|p1b: Primarina|0 fnt
|faint|p1b: Primarina
|
|-weather|RainDance|[upkeep]
|upkeep
|
|t:|1756743344
|switch|p1b: Ursaluna|Ursaluna-Bloodmoon, L50, M, tera:Bug|10/100
|turn|5
|
|t:|1756743360
|move|p2b: Sinistcha|Rage Powder|p2b: Sinistcha
|-singleturn|p2b: Sinistcha|move: Rage Powder
|move|p1a: Kleavor|Stone Axe|p2b: Sinistcha
|-damage|p2b: Sinistcha|11/100
|-damage|p1a: Kleavor|81/100|[from] item: Life Orb
|move|p1b: Ursaluna|Blood Moon|p2b: Sinistcha
|-damage|p2b: Sinistcha|0 fnt
|faint|p2b: Sinistcha
|move|p2a: Archaludon|Body Press|p1a: Kleavor
|-damage|p1a: Kleavor|9/100
|
|-weather|none
|-sideend|p1: monado476|move: Tailwind
|upkeep
|
|t:|1756743377
|switch|p2b: Pelipper|Pelipper, L50, M|40/100
|-damage|p2b: Pelipper|15/100|[from] Stealth Rock
|-weather|RainDance|[from] ability: Drizzle|[of] p2b: Pelipper
|turn|6
|inactive|monado476 has 30 seconds left.
|inactive|monado476 has 20 seconds left.
|inactive|monado476 has 15 seconds left.
|
|t:|1756743421
|move|p1a: Kleavor|Stone Axe|p2a: Archaludon
|-supereffective|p2a: Archaludon
|-damage|p2a: Archaludon|0 fnt
|faint|p2a: Archaludon
|-damage|p1a: Kleavor|0 fnt|[from] item: Life Orb
|faint|p1a: Kleavor
|move|p2b: Pelipper|Weather Ball|p1b: Ursaluna
|-damage|p1b: Ursaluna|0 fnt
|faint|p1b: Ursaluna
|
|win|pealcantara28
||monado476 is ready for game 2.
|inactive|pealcantara28 has 30 seconds to confirm battle start!
