|j|‽tavinn_n
|j|☆Prepucio Santos
|html|tavinn_nPrepucio Santos    
|uhtml|bestof|Game 2 of a best-of-3
|t:|1784636684
|gametype|doubles
|player|p1|tavinn_n|ghetsis|1278
|player|p2|Prepucio Santos|striker|1287
|gen|9
|tier|[Gen 9 Champions] VGC 2026 Reg M-B (Bo3)
|rated|
|rule|Species Clause: Limit one of each Pokémon
|rule|Item Clause: Limit 1 of each item
|clearpoke
|poke|p1|Blastoise, L50, M|
|poke|p1|Delphox, L50, F|
|poke|p1|Kingambit, L50, F, shiny|
|poke|p1|Sinistcha, L50|
|poke|p1|Incineroar, L50, M|
|poke|p1|Sneasler, L50, F|
|poke|p2|Incineroar, L50, F|
|poke|p2|Maushold, L50|
|poke|p2|Sinistcha, L50|
|poke|p2|Sneasler, L50, M|
|poke|p2|Blastoise, L50, M|
|poke|p2|Delphox, L50, F|
|teampreview|4
|showteam|p1|Blastoise||Blastoisinite|Torrent|Protect,ShellSmash,WaterSpout,DarkPulse|Timid||M|||50|]Delphox||Delphoxite|Blaze|Protect,NastyPlot,Psyshock,HeatWave|Timid||F|||50|]Kingambit||LifeOrb|Defiant|Protect,SwordsDance,SuckerPunch,KowtowCleave|Adamant||F|||50|]Sinistcha||KasibBerry|Hospitality|Protect,RagePowder,LifeDew,MatchaGotcha|Calm|||||50|]Incineroar||PasshoBerry|Intimidate|PartingShot,FakeOut,ThroatChop,FlareBlitz|Adamant||M|||50|]Sneasler||FocusSash|PoisonTouch|QuickGuard,FakeOut,PoisonJab,CloseCombat|Jolly||F|||50|
|showteam|p2|Incineroar||SitrusBerry|Intimidate|FakeOut,FlareBlitz,ThroatChop,PartingShot|Impish||F|||50|]Maushold||ChopleBerry|FriendGuard|SuperFang,Feint,FollowMe,Protect|Impish|||||50|]Sinistcha||KasibBerry|Hospitality|MatchaGotcha,LifeDew,RagePowder,TrickRoom|Bold|||||50|]Sneasler||FocusSash|PoisonTouch|FakeOut,CloseCombat,DireClaw,QuickGuard|Jolly||M|||50|]Blastoise||Blastoisinite|RainDish|WaterSpout,DarkPulse,ShellSmash,Protect|Modest||M|||50|]Delphox||Delphoxite|Blaze|HeatWave,Psyshock,NastyPlot,Protect|Timid||F|||50|
|inactive|Battle timer is ON: inactive players will automatically lose when time's up. (requested by tavinn_n)
|inactive|tavinn_n has 60 seconds left.
|
|t:|1784636742
|teamsize|p1|4
|teamsize|p2|4
|start
|switch|p1a: Sinistcha|Sinistcha, L50|100/100
|switch|p1b: Sneasler|Sneasler, L50, F|100/100
|switch|p2a: Sneasler|Sneasler, L50, M|100/100
|switch|p2b: Blastoise|Blastoise, L50, M|100/100
|turn|1
|
|t:|1784636760
|detailschange|p2b: Blastoise|Blastoise-Mega, L50, M
|-mega|p2b: Blastoise|Blastoise|Blastoisinite
|move|p1b: Sneasler|Fake Out|p2b: Blastoise
|-damage|p2b: Blastoise|85/100
|move|p2a: Sneasler|Fake Out|p1b: Sneasler
|-damage|p1b: Sneasler|74/100
|cant|p2b: Blastoise|flinch
|move|p1a: Sinistcha|Matcha Gotcha|p2a: Sneasler|[spread] p2a,p2b
|-resisted|p2a: Sneasler|1
|-supereffective|p2b: Blastoise|1
|-damage|p2a: Sneasler|84/100
|-damage|p2b: Blastoise|35/100
|
|upkeep
|turn|2
|
|t:|1784636780
|switch|p2a: Sinistcha|Sinistcha, L50|100/100
|-heal|p2b: Blastoise|60/100|[from] ability: Hospitality|[of] p2a: Sinistcha
|move|p2b: Blastoise|Protect|p2b: Blastoise
|-singleturn|p2b: Blastoise|Protect
|move|p1a: Sinistcha|Protect|p1a: Sinistcha
|-singleturn|p1a: Sinistcha|Protect
|move|p1b: Sneasler|Close Combat|p2a: Sinistcha
|-immune|p2a: Sinistcha
|
|upkeep
|turn|3
|inactive|Prepucio Santos has 30 seconds left.
|
|t:|1784636808
|switch|p1b: Delphox|Delphox, L50, F|100/100
|move|p2b: Blastoise|Dark Pulse|p1a: Sinistcha
|-supereffective|p1a: Sinistcha|1
|-damage|p1a: Sinistcha|16/100
|move|p1a: Sinistcha|Matcha Gotcha|p2b: Blastoise|[spread] p2b
|-miss|p1a: Sinistcha|p2a: Sinistcha
|-supereffective|p2b: Blastoise|1
|-damage|p2b: Blastoise|10/100
|-heal|p1a: Sinistcha|38/100|[from] drain|[of] p2b: Blastoise
|-status|p2b: Blastoise|brn
|move|p2a: Sinistcha|Life Dew||[still]|[spread] p2a,p2b
|-fail|p2a: Sinistcha|heal
|-heal|p2b: Blastoise|35/100 brn
|
|-damage|p2b: Blastoise|30/100 brn|[from] brn
|upkeep
|turn|4
|
|t:|1784636832
|switch|p2a: Maushold|Maushold, L50|100/100
|detailschange|p1b: Delphox|Delphox-Mega, L50, F
|-mega|p1b: Delphox|Delphox|Delphoxite
|move|p1b: Delphox|Heat Wave|p2b: Blastoise|[spread] p2a,p2b
|-resisted|p2b: Blastoise|1
|-damage|p2a: Maushold|55/100
|-damage|p2b: Blastoise|16/100 brn
|move|p2b: Blastoise|Dark Pulse|p1b: Delphox
|-supereffective|p1b: Delphox|1
|-damage|p1b: Delphox|14/100
|move|p1a: Sinistcha|Matcha Gotcha|p2b: Blastoise|[spread] p2a,p2b
|-supereffective|p2b: Blastoise|1
|-damage|p2a: Maushold|30/100
|-heal|p1a: Sinistcha|51/100|[from] drain|[of] p2a: Maushold
|-damage|p2b: Blastoise|0 fnt
|-heal|p1a: Sinistcha|58/100|[from] drain|[of] p2b: Blastoise
|faint|p2b: Blastoise
|
|upkeep
|inactive|Prepucio Santos has 30 seconds left.
|
|t:|1784636858
|switch|p2b: Sneasler|Sneasler, L50, M|84/100
|turn|5
|
|t:|1784636877
|switch|p1b: Incineroar|Incineroar, L50, M|100/100
|-ability|p1b: Incineroar|Intimidate|boost
|-unboost|p2a: Maushold|atk|1
|-unboost|p2b: Sneasler|atk|1
|move|p2b: Sneasler|Fake Out|p1b: Incineroar
|-damage|p1b: Incineroar|90/100
|-status|p1b: Incineroar|psn|[from] ability: Poison Touch|[of] p2b: Sneasler
|move|p2a: Maushold|Feint|p1b: Incineroar
|-damage|p1b: Incineroar|84/100 psn
|move|p1a: Sinistcha|Matcha Gotcha|p2b: Sneasler|[spread] p2a,p2b
|-resisted|p2b: Sneasler|1
|-damage|p2a: Maushold|3/100
|-heal|p1a: Sinistcha|72/100|[from] drain|[of] p2a: Maushold
|-damage|p2b: Sneasler|72/100
|-heal|p1a: Sinistcha|78/100|[from] drain|[of] p2b: Sneasler
|
|-damage|p1b: Incineroar|72/100 psn|[from] psn
|upkeep
|turn|6
|
|t:|1784636893
|switch|p2a: Sinistcha|Sinistcha, L50|100/100
|-heal|p2b: Sneasler|96/100|[from] ability: Hospitality|[of] p2a: Sinistcha
|move|p1b: Incineroar|Fake Out|p2b: Sneasler
|-crit|p2b: Sneasler
|-damage|p2b: Sneasler|64/100
|cant|p2b: Sneasler|flinch
|move|p1a: Sinistcha|Matcha Gotcha|p2a: Sinistcha|[spread] p2a,p2b
|-resisted|p2a: Sinistcha|1
|-resisted|p2b: Sneasler|1
|-damage|p2a: Sinistcha|88/100
|-heal|p1a: Sinistcha|84/100|[from] drain|[of] p2a: Sinistcha
|-damage|p2b: Sneasler|47/100
|-heal|p1a: Sinistcha|92/100|[from] drain|[of] p2b: Sneasler
|
|-damage|p1b: Incineroar|59/100 psn|[from] psn
|upkeep
|turn|7
|
|t:|1784636911
|switch|p2b: Maushold|Maushold, L50|3/100
|move|p1a: Sinistcha|Rage Powder|p1a: Sinistcha
|-singleturn|p1a: Sinistcha|move: Rage Powder
|move|p1b: Incineroar|Flare Blitz|p2a: Sinistcha
|-supereffective|p2a: Sinistcha|1
|-damage|p2a: Sinistcha|24/100
|-damage|p1b: Incineroar|40/100 psn|[from] Recoil
|move|p2a: Sinistcha|Trick Room|p2a: Sinistcha
|-fieldstart|move: Trick Room|[of] p2a: Sinistcha
|
|-damage|p1b: Incineroar|28/100 psn|[from] psn
|upkeep
|turn|8
|inactive|Prepucio Santos has 30 seconds left.
|
|t:|1784636938
|move|p2b: Maushold|Feint|p1b: Incineroar
|-damage|p1b: Incineroar|19/100 psn
|move|p1a: Sinistcha|Matcha Gotcha|p2b: Maushold|[spread] p2a,p2b
|-resisted|p2a: Sinistcha|1
|-damage|p2a: Sinistcha|16/100
|-heal|p1a: Sinistcha|96/100|[from] drain|[of] p2a: Sinistcha
|-damage|p2b: Maushold|0 fnt
|-heal|p1a: Sinistcha|98/100|[from] drain|[of] p2b: Maushold
|faint|p2b: Maushold
|move|p2a: Sinistcha|Matcha Gotcha|p1b: Incineroar|[spread] p1a,p1b
|-resisted|p1a: Sinistcha|1
|-resisted|p1b: Incineroar|1
|-damage|p1a: Sinistcha|88/100
|-heal|p2a: Sinistcha|21/100|[from] drain|[of] p1a: Sinistcha
|-damage|p1b: Incineroar|9/100 psn
|-heal|p2a: Sinistcha|27/100|[from] drain|[of] p1b: Incineroar
|-status|p1a: Sinistcha|brn
|move|p1b: Incineroar|Parting Shot|p2a: Sinistcha
|-unboost|p2a: Sinistcha|atk|1
|-unboost|p2a: Sinistcha|spa|1
|inactive|tavinn_n has 30 seconds left.
|
|t:|1784636965
|switch|p1b: Delphox|Delphox-Mega, L50, F|14/100|[from] Parting Shot
|
|-damage|p1a: Sinistcha|82/100 brn|[from] brn
|upkeep
|
|t:|1784636968
|switch|p2b: Sneasler|Sneasler, L50, M|47/100
|turn|9
|
|t:|1784636975
|move|p1a: Sinistcha|Protect|p1a: Sinistcha
|-singleturn|p1a: Sinistcha|Protect
|move|p1b: Delphox|Protect|p1b: Delphox
|-singleturn|p1b: Delphox|Protect
|move|p2a: Sinistcha|Matcha Gotcha|p1a: Sinistcha|[spread] 
|-activate|p1a: Sinistcha|move: Protect
|-activate|p1b: Delphox|move: Protect
|move|p2b: Sneasler|Dire Claw|p1a: Sinistcha
|-activate|p1a: Sinistcha|move: Protect
|
|-damage|p1a: Sinistcha|75/100 brn|[from] brn
|upkeep
|turn|10
|
|t:|1784636990
|move|p1a: Sinistcha|Rage Powder|p1a: Sinistcha
|-singleturn|p1a: Sinistcha|move: Rage Powder
|move|p2a: Sinistcha|Matcha Gotcha|p1a: Sinistcha|[spread] p1a,p1b
|-resisted|p1a: Sinistcha|1
|-resisted|p1b: Delphox|1
|-damage|p1a: Sinistcha|69/100 brn
|-heal|p2a: Sinistcha|30/100|[from] drain|[of] p1a: Sinistcha
|-damage|p1b: Delphox|8/100
|-heal|p2a: Sinistcha|34/100|[from] drain|[of] p1b: Delphox
|move|p2b: Sneasler|Dire Claw|p1a: Sinistcha
|-damage|p1a: Sinistcha|28/100 brn
|move|p1b: Delphox|Heat Wave|p2a: Sinistcha|[spread] p2a,p2b
|-supereffective|p2a: Sinistcha|1
|-damage|p2a: Sinistcha|0 fnt
|-damage|p2b: Sneasler|0 fnt
|faint|p2a: Sinistcha
|faint|p2b: Sneasler
|
|win|tavinn_n
