|j|☆SuprEpcGuy
|j|☆joe lord of stuff
|html|SuprEpcGuyjoe lord of stuff    
|uhtml|bestof|Game 1 of a best-of-3
|t:|1784574540
|gametype|doubles
|player|p1|SuprEpcGuy|shauntal|1105
|player|p2|joe lord of stuff|1|1130
|gen|9
|tier|[Gen 9 Champions] VGC 2026 Reg M-B (Bo3)
|rated|
|rule|Species Clause: Limit one of each Pokémon
|rule|Item Clause: Limit 1 of each item
|clearpoke
|poke|p1|Zoroark-Hisui, L50, M|
|poke|p1|Torkoal, L50, F|
|poke|p1|Farigiraf, L50, M|
|poke|p1|Pyroar, L50, F|
|poke|p1|Kangaskhan, L50, F|
|poke|p1|Aerodactyl, L50, M|
|poke|p2|Scizor, L50, F, shiny|
|poke|p2|Pelipper, L50, M|
|poke|p2|Dragapult, L50, M|
|poke|p2|Basculegion, L50, M, shiny|
|poke|p2|Volcarona, L50, F|
|poke|p2|Sneasler, L50, F|
|teampreview|4
|showteam|p1|Zoroark-Hisui||ChoiceScarf|Illusion|IcyWind,BitterMalice,Flamethrower,Taunt|Timid||M|||50|]Torkoal||Charcoal|Drought|Eruption,WeatherBall,EarthPower,Protect|Quiet||F|||50|]Farigiraf||ColburBerry|ArmorTail|Psychic,Thunderbolt,TrickRoom,HelpingHand|Quiet||M|||50|]Pyroar||Pyroarite|Rivalry|HeatWave,Overheat,Snarl,Protect|Timid||F|||50|]Kangaskhan||SilkScarf|Scrappy|FakeOut,LastResort|Adamant||F|||50|]Aerodactyl||Aerodactylite|RockHead|RockSlide,DualWingbeat,Tailwind,Protect|Jolly||M|||50|
|showteam|p2|Scizor||Scizorite|Technician|BugBite,CloseCombat,BulletPunch,Protect|Adamant||F|||50|]Pelipper||SitrusBerry|Drizzle|WeatherBall,Hurricane,Tailwind,WideGuard|Serious||M|||50|]Dragapult||FocusSash|ClearBody|WillOWisp,Protect,DragonDarts,LightScreen|Adamant||M|||50|]Basculegion||ChoiceScarf|Adaptability|WaveCrash,AquaJet,LastRespects,FlipTurn|Jolly||M|||50|]Volcarona||LifeOrb|FlameBody|HeatWave,QuiverDance,GigaDrain,Protect|Modest||F|||50|]Sneasler||WhiteHerb|Unburden|CloseCombat,DireClaw,FakeOut,Protect|Serious||F|||50|
|inactive|Battle timer is ON: inactive players will automatically lose when time's up. (requested by SuprEpcGuy)
|inactive|SuprEpcGuy has 60 seconds left.
|
|t:|1784574584
|teamsize|p1|4
|teamsize|p2|4
|start
|switch|p1a: Farigiraf|Farigiraf, L50, M|100/100
|switch|p1b: Kangaskhan|Kangaskhan, L50, F|100/100
|switch|p2a: Basculegion|Basculegion, L50, M, shiny|100/100
|switch|p2b: Green buge|Scizor, L50, F, shiny|100/100
|turn|1
|inactive|SuprEpcGuy has 30 seconds left.
|
|t:|1784574612
|detailschange|p2b: Green buge|Scizor-Mega, L50, F, shiny
|-mega|p2b: Green buge|Scizor|Scizorite
|move|p1b: Kangaskhan|Fake Out|p2b: Green buge
|-resisted|p2b: Green buge|1
|-damage|p2b: Green buge|91/100
|move|p2a: Basculegion|Flip Turn|p1a: Farigiraf
|-damage|p1a: Farigiraf|55/100
|
|t:|1784574620
|switch|p2a: Dragapult|Dragapult, L50, M|100/100|[from] Flip Turn
|cant|p2b: Green buge|flinch
|move|p1a: Farigiraf|Trick Room|p1a: Farigiraf
|-fieldstart|move: Trick Room|[of] p1a: Farigiraf
|
|upkeep
|turn|2
|
|t:|1784574638
|switch|p1a: Mortar|Torkoal, L50, F|100/100
|-weather|SunnyDay|[from] ability: Drought|[of] p1a: Mortar
|move|p2b: Green buge|Bug Bite|p1a: Mortar
|-resisted|p1a: Mortar|1
|-damage|p1a: Mortar|77/100
|move|p1b: Kangaskhan|Last Resort|p2b: Green buge
|-resisted|p2b: Green buge|1
|-damage|p2b: Green buge|60/100
|move|p2a: Dragapult|Will-O-Wisp|p1b: Kangaskhan
|-status|p1b: Kangaskhan|brn
|
|-weather|SunnyDay|[upkeep]
|-damage|p1b: Kangaskhan|93/100 brn|[from] brn
|upkeep
|turn|3
|inactive|SuprEpcGuy has 30 seconds left.
|
|t:|1784574664
|switch|p1b: Farigiraf|Farigiraf, L50, M|55/100
|move|p2b: Green buge|Protect|p2b: Green buge
|-singleturn|p2b: Green buge|Protect
|move|p1a: Mortar|Eruption|p2b: Green buge|[spread] p2a
|-activate|p2b: Green buge|move: Protect
|-resisted|p2a: Dragapult|1
|-damage|p2a: Dragapult|57/100
|move|p2a: Dragapult|Light Screen|p2a: Dragapult
|-sidestart|p2: joe lord of stuff|move: Light Screen
|
|-weather|SunnyDay|[upkeep]
|upkeep
|turn|4
|
|t:|1784574682
|switch|p2b: Pelipper|Pelipper, L50, M|100/100
|-weather|RainDance|[from] ability: Drizzle|[of] p2b: Pelipper
|move|p1b: Farigiraf|Helping Hand|p1a: Mortar
|-singleturn|p1a: Mortar|Helping Hand|[of] p1b: Farigiraf
|move|p1a: Mortar|Eruption|p2b: Pelipper|[spread] p2a,p2b
|-resisted|p2a: Dragapult|1
|-resisted|p2b: Pelipper|1
|-damage|p2a: Dragapult|43/100
|-damage|p2b: Pelipper|83/100
|move|p2a: Dragapult|Dragon Darts|p1b: Farigiraf
|-damage|p1b: Farigiraf|28/100
|-anim|p2a: Dragapult|Dragon Darts|p1a: Mortar
|-damage|p1a: Mortar|57/100
|
|-weather|RainDance|[upkeep]
|upkeep
|turn|5
|inactive|SuprEpcGuy has 30 seconds left.
|
|t:|1784574715
|switch|p1a: Kangaskhan|Kangaskhan, L50, F|93/100 brn
|move|p1b: Farigiraf|Thunderbolt|p2b: Pelipper
|-supereffective|p2b: Pelipper|2
|-damage|p2b: Pelipper|0 fnt
|faint|p2b: Pelipper
|move|p2a: Dragapult|Dragon Darts|p1b: Farigiraf
|-damage|p1b: Farigiraf|0 fnt
|-anim|p2a: Dragapult|Dragon Darts|p1a: Kangaskhan
|-damage|p1a: Kangaskhan|66/100 brn
|faint|p1b: Farigiraf
|
|-weather|RainDance|[upkeep]
|-damage|p1a: Kangaskhan|60/100 brn|[from] brn
|-fieldend|move: Trick Room
|upkeep
|inactive|joe lord of stuff has 30 seconds left.
|
|t:|1784574742
|switch|p2b: Basculegion|Basculegion, L50, M, shiny|100/100
|switch|p1b: Mortar|Torkoal, L50, F|57/100
|-weather|SunnyDay|[from] ability: Drought|[of] p1b: Mortar
|turn|6
|
|t:|1784574765
|switch|p1a: Majesty|Pyroar, L50, F|100/100
|move|p1b: Mortar|Protect|p1b: Mortar
|-singleturn|p1b: Mortar|Protect
|move|p2b: Basculegion|Last Respects|p1b: Mortar
|-activate|p1b: Mortar|move: Protect
|move|p2a: Dragapult|Dragon Darts|p1a: Majesty
|-damage|p1a: Majesty|62/100
|-anim|p2a: Dragapult|Dragon Darts|p1a: Majesty
|-damage|p1a: Majesty|25/100
|
|-weather|SunnyDay|[upkeep]
|upkeep
|turn|7
|
|t:|1784574781
|detailschange|p1a: Majesty|Pyroar-Mega, L50, F
|-mega|p1a: Majesty|Pyroar|Pyroarite
|move|p2b: Basculegion|Last Respects|p1b: Mortar
|-damage|p1b: Mortar|7/100
|move|p1a: Majesty|Snarl|p2b: Basculegion|[spread] p2a,p2b
|-supereffective|p2a: Dragapult|1
|-supereffective|p2b: Basculegion|1
|-damage|p2a: Dragapult|17/100
|-damage|p2b: Basculegion|79/100
|-unboost|p2b: Basculegion|spa|1
|move|p2a: Dragapult|Dragon Darts|p1a: Majesty
|-damage|p1a: Majesty|0 fnt
|-anim|p2a: Dragapult|Dragon Darts|p1b: Mortar
|-damage|p1b: Mortar|0 fnt
|faint|p1a: Majesty
|faint|p1b: Mortar
|
|-weather|SunnyDay|[upkeep]
|-sideend|p2: joe lord of stuff|move: Light Screen
|upkeep
|
|t:|1784574796
|switch|p1a: Kangaskhan|Kangaskhan, L50, F|60/100 brn
|turn|8
|-message|SuprEpcGuy forfeited.
|
|win|joe lord of stuff
