|j|☆fantasminha8
|j|☆KrsCrossAppleSauce
|html|fantasminha8KrsCrossAppleSauce    
|uhtml|bestof|Game 2 of a best-of-3
|t:|1756291366
|gametype|doubles
|player|p1|fantasminha8|266|1154
|player|p2|KrsCrossAppleSauce|green|1248
|gen|9
|tier|[Gen 9] VGC 2025 Reg H (Bo3)
|rated|
|rule|Species Clause: Limit one of each Pokémon
|rule|Item Clause: Limit 1 of each item
|clearpoke
|poke|p1|Ursaluna, L50, M|
|poke|p1|Jumpluff, L50, M|
|poke|p1|Charizard, L50, F|
|poke|p1|Torkoal, L50, M|
|poke|p1|Incineroar, L50, F|
|poke|p1|Porygon2, L50|
|poke|p2|Sneasler, L50, F|
|poke|p2|Gholdengo, L50|
|poke|p2|Dondozo, L50, M|
|poke|p2|Rillaboom, L50, F|
|poke|p2|Volcarona, L50, M|
|poke|p2|Electabuzz, L50, M|
|teampreview|4
|showteam|p1|Ursaluna||FlameOrb|Guts|HeadlongRush,Facade,Earthquake,Protect|||M|||50|,,,,,Ghost]Jumpluff||CovertCloak|Chlorophyll|SleepPowder,SunnyDay,Tailwind,RagePowder|||M|||50|,,,,,Fire]Charizard||ChoiceSpecs|SolarPower|SolarBeam,HeatWave,Overheat,WeatherBall|||F|||50|,,,,,Ghost]Torkoal||EjectPack|Drought|ClearSmog,Eruption,Overheat,Protect|||M|||50|,,,,,Fire]Incineroar||AssaultVest|Intimidate|FakeOut,FlareBlitz,KnockOff,Uturn|||F|||50|,,,,,Water]Porygon2||Eviolite|Download|TeraBlast,IceBeam,Recover,TrickRoom||||||50|,,,,,Fighting
|showteam|p2|Sneasler||FocusSash|PoisonTouch|FakeOut,DireClaw,CloseCombat,Protect|||F|||50|,,,,,Dark]Gholdengo||LifeOrb|GoodasGold|MakeItRain,ShadowBall,NastyPlot,Protect||||||50|,,,,,Water]Dondozo||Leftovers|Unaware|WaveCrash,Yawn,Fissure,Protect|||M|||50|,,,,,Psychic]Rillaboom||AssaultVest|GrassySurge|FakeOut,WoodHammer,GrassyGlide,Uturn|||F|||50|,,,,,Fire]Volcarona||CovertCloak|FlameBody|HeatWave,QuiverDance,TeraBlast,Protect|||M|||50|,,,,,Fairy]Electabuzz||Eviolite|VitalSpirit|Thunderbolt,FollowMe,Taunt,Protect|||M|||50|,,,,,Ghost
|inactive|Battle timer is ON: inactive players will automatically lose when time's up. (requested by fantasminha8)
|
|t:|1756291403
|teamsize|p1|4
|teamsize|p2|4
|start
|switch|p1a: Jumpluff|Jumpluff, L50, M|100/100
|switch|p1b: Torkoal|Torkoal, L50, M|100/100
|switch|p2a: Gholdengo|Gholdengo, L50|100/100
|switch|p2b: Sneasler|Sneasler, L50, F|100/100
|-weather|SunnyDay|[from] ability: Drought|[of] p1b: Torkoal
|turn|1
|
|t:|1756291426
|-terastallize|p1a: Jumpluff|Fire
|move|p2b: Sneasler|Fake Out|p1b: Torkoal
|-damage|p1b: Torkoal|90/100
|move|p1a: Jumpluff|Sleep Powder|p2b: Sneasler|[miss]
|-miss|p1a: Jumpluff|p2b: Sneasler
|move|p2a: Gholdengo|Nasty Plot|p2a: Gholdengo
|-boost|p2a: Gholdengo|spa|2
|cant|p1b: Torkoal|flinch
|
|-weather|SunnyDay|[upkeep]
|upkeep
|turn|2
|
|t:|1756291442
|-terastallize|p2a: Gholdengo|Water
|move|p1a: Jumpluff|Sleep Powder|p2b: Sneasler|[miss]
|-miss|p1a: Jumpluff|p2b: Sneasler
|move|p2b: Sneasler|Dire Claw|p1b: Torkoal
|-damage|p1b: Torkoal|56/100
|-status|p1b: Torkoal|par
|move|p2a: Gholdengo|Shadow Ball|p1a: Jumpluff
|-damage|p1a: Jumpluff|0 fnt
|faint|p1a: Jumpluff
|-damage|p2a: Gholdengo|91/100|[from] item: Life Orb
|move|p1b: Torkoal|Overheat|p2a: Gholdengo
|-resisted|p2a: Gholdengo
|-damage|p2a: Gholdengo|41/100
|-unboost|p1b: Torkoal|spa|2
|-enditem|p1b: Torkoal|Eject Pack
|
|t:|1756291447
|switch|p1b: Charizard|Charizard, L50, F, shiny|100/100
|
|-weather|SunnyDay|[upkeep]
|-damage|p1b: Charizard|88/100|[from] ability: Solar Power|[of] p1b: Charizard
|upkeep
|
|t:|1756291450
|switch|p1a: Incineroar|Incineroar, L50, F|100/100
|-ability|p1a: Incineroar|Intimidate|boost
|-unboost|p2a: Gholdengo|atk|1
|-unboost|p2b: Sneasler|atk|1
|turn|3
|
|t:|1756291464
|switch|p1a: Torkoal|Torkoal, L50, M|56/100 par
|move|p2b: Sneasler|Protect|p2b: Sneasler
|-singleturn|p2b: Sneasler|Protect
|move|p2a: Gholdengo|Protect|p2a: Gholdengo
|-singleturn|p2a: Gholdengo|Protect
|move|p1b: Charizard|Heat Wave|p2a: Gholdengo|[spread] 
|-activate|p2a: Gholdengo|move: Protect
|-activate|p2b: Sneasler|move: Protect
|
|-weather|SunnyDay|[upkeep]
|-damage|p1b: Charizard|76/100|[from] ability: Solar Power|[of] p1b: Charizard
|upkeep
|turn|4
|
|t:|1756291473
|switch|p1a: Incineroar|Incineroar, L50, F|100/100
|-ability|p1a: Incineroar|Intimidate|boost
|-unboost|p2a: Gholdengo|atk|1
|-unboost|p2b: Sneasler|atk|1
|move|p2b: Sneasler|Dire Claw|p1b: Charizard
|-damage|p1b: Charizard|44/100
|move|p1b: Charizard|Heat Wave|p2b: Sneasler|[spread] p2a
|-miss|p1b: Charizard|p2b: Sneasler
|-resisted|p2a: Gholdengo
|-damage|p2a: Gholdengo|0 fnt
|faint|p2a: Gholdengo
|
|-weather|SunnyDay|[upkeep]
|-damage|p1b: Charizard|32/100|[from] ability: Solar Power|[of] p1b: Charizard
|upkeep
|
|t:|1756291479
|switch|p2a: Dondozo|Dondozo, L50, M|100/100
|turn|5
|
|t:|1756291488
|move|p2b: Sneasler|Protect|p2b: Sneasler
|-singleturn|p2b: Sneasler|Protect
|move|p1b: Charizard|Heat Wave|p2a: Dondozo|[spread] p2a
|-activate|p2b: Sneasler|move: Protect
|-resisted|p2a: Dondozo
|-damage|p2a: Dondozo|62/100
|move|p1a: Incineroar|U-turn|p2a: Dondozo
|-damage|p2a: Dondozo|50/100
|
|t:|1756291494
|switch|p1a: Torkoal|Torkoal, L50, M|56/100 par|[from] U-turn
|move|p2a: Dondozo|Wave Crash|p1a: Torkoal
|-supereffective|p1a: Torkoal
|-damage|p1a: Torkoal|28/100 par
|-damage|p2a: Dondozo|43/100|[from] Recoil
|
|-weather|none
|-heal|p2a: Dondozo|50/100|[from] item: Leftovers
|upkeep
|turn|6
|
|t:|1756291507
|switch|p1b: Incineroar|Incineroar, L50, F|100/100
|-ability|p1b: Incineroar|Intimidate|boost
|-unboost|p2a: Dondozo|atk|1
|-unboost|p2b: Sneasler|atk|1
|cant|p1a: Torkoal|par
|move|p2b: Sneasler|Close Combat|p1a: Torkoal
|-damage|p1a: Torkoal|9/100 par
|-unboost|p2b: Sneasler|def|1
|-unboost|p2b: Sneasler|spd|1
|move|p2a: Dondozo|Wave Crash|p1b: Incineroar
|-supereffective|p1b: Incineroar
|-damage|p1b: Incineroar|51/100
|-damage|p2a: Dondozo|37/100|[from] Recoil
|
|-heal|p2a: Dondozo|43/100|[from] item: Leftovers
|upkeep
|turn|7
|
|t:|1756291513
|switch|p2b: Rillaboom|Rillaboom, L50, F|100/100
|-fieldstart|move: Grassy Terrain|[from] ability: Grassy Surge|[of] p2b: Rillaboom
|switch|p1a: Charizard|Charizard, L50, F, shiny|32/100
|move|p2a: Dondozo|Protect|p2a: Dondozo
|-singleturn|p2a: Dondozo|Protect
|move|p1b: Incineroar|Fake Out|p2a: Dondozo
|-activate|p2a: Dondozo|move: Protect
|
|-heal|p1b: Incineroar|57/100|[from] Grassy Terrain
|-heal|p2a: Dondozo|50/100|[from] Grassy Terrain
|-heal|p2a: Dondozo|56/100|[from] item: Leftovers
|upkeep
|turn|8
|
|t:|1756291534
|switch|p1a: Torkoal|Torkoal, L50, M|9/100 par
|-weather|SunnyDay|[from] ability: Drought|[of] p1a: Torkoal
|move|p2b: Rillaboom|Fake Out|p1a: Torkoal
|-damage|p1a: Torkoal|0 fnt
|faint|p1a: Torkoal
|move|p1b: Incineroar|Knock Off|p2b: Rillaboom
|-damage|p2b: Rillaboom|57/100
|-enditem|p2b: Rillaboom|Assault Vest|[from] move: Knock Off|[of] p1b: Incineroar
|move|p2a: Dondozo|Wave Crash|p1b: Incineroar
|-supereffective|p1b: Incineroar
|-damage|p1b: Incineroar|34/100
|-damage|p2a: Dondozo|50/100|[from] Recoil
|
|-weather|SunnyDay|[upkeep]
|-heal|p2b: Rillaboom|63/100|[from] Grassy Terrain
|-heal|p1b: Incineroar|40/100|[from] Grassy Terrain
|-heal|p2a: Dondozo|56/100|[from] Grassy Terrain
|-heal|p2a: Dondozo|62/100|[from] item: Leftovers
|upkeep
|
|t:|1756291540
|switch|p1a: Charizard|Charizard, L50, F, shiny|32/100
|turn|9
|
|t:|1756291547
|move|p2a: Dondozo|Protect|p2a: Dondozo
|-singleturn|p2a: Dondozo|Protect
|move|p2b: Rillaboom|Grassy Glide|p1a: Charizard
|-resisted|p1a: Charizard
|-damage|p1a: Charizard|19/100
|move|p1a: Charizard|Heat Wave|p2a: Dondozo|[spread] p2b
|-activate|p2a: Dondozo|move: Protect
|-supereffective|p2b: Rillaboom
|-damage|p2b: Rillaboom|0 fnt
|faint|p2b: Rillaboom
|move|p1b: Incineroar|Knock Off|p2a: Dondozo
|-activate|p2a: Dondozo|move: Protect
|
|-weather|SunnyDay|[upkeep]
|-damage|p1a: Charizard|7/100|[from] ability: Solar Power|[of] p1a: Charizard
|-heal|p1b: Incineroar|45/100|[from] Grassy Terrain
|-heal|p2a: Dondozo|68/100|[from] Grassy Terrain
|-heal|p2a: Dondozo|74/100|[from] item: Leftovers
|upkeep
|
|t:|1756291555
|switch|p2b: Sneasler|Sneasler, L50, F|100/100
|turn|10
|
|t:|1756291559
|move|p2b: Sneasler|Protect|p2b: Sneasler
|-singleturn|p2b: Sneasler|Protect
|move|p1a: Charizard|Heat Wave|p2b: Sneasler|[spread] p2a
|-activate|p2b: Sneasler|move: Protect
|-resisted|p2a: Dondozo
|-damage|p2a: Dondozo|34/100
|move|p1b: Incineroar|Flare Blitz|p2b: Sneasler
|-activate|p2b: Sneasler|move: Protect
|move|p2a: Dondozo|Wave Crash|p1b: Incineroar
|-supereffective|p1b: Incineroar
|-damage|p1b: Incineroar|22/100
|-damage|p2a: Dondozo|27/100|[from] Recoil
|
|-weather|SunnyDay|[upkeep]
|-damage|p1a: Charizard|0 fnt|[from] ability: Solar Power|[of] p1a: Charizard
|faint|p1a: Charizard
|-heal|p1b: Incineroar|28/100|[from] Grassy Terrain
|-heal|p2a: Dondozo|34/100|[from] Grassy Terrain
|-heal|p2a: Dondozo|40/100|[from] item: Leftovers
|upkeep
|turn|11
|
|t:|1756291565
|move|p2b: Sneasler|Close Combat|p1b: Incineroar
|-supereffective|p1b: Incineroar
|-crit|p1b: Incineroar
|-damage|p1b: Incineroar|0 fnt
|-unboost|p2b: Sneasler|def|1
|-unboost|p2b: Sneasler|spd|1
|faint|p1b: Incineroar
|
|win|KrsCrossAppleSauce
