|j|☆ufhednarvgc
|j|☆3-4 worlds
|html|ufhednarvgc3-4 worlds    
|uhtml|bestof|Game 1 of a best-of-3
|t:|1784834789
|gametype|doubles
|player|p1|ufhednarvgc|lance|1101
|player|p2|3-4 worlds|emma|1079
|gen|9
|tier|[Gen 9 Champions] VGC 2026 Reg M-B (Bo3)
|rated|
|rule|Species Clause: Limit one of each Pokémon
|rule|Item Clause: Limit 1 of each item
|clearpoke
|poke|p1|Raichu, L50, F|
|poke|p1|Froslass, L50, F|
|poke|p1|Incineroar, L50, F|
|poke|p1|Whimsicott, L50, M|
|poke|p1|Garchomp, L50, M|
|poke|p1|Milotic, L50, F|
|poke|p2|Blaziken, L50, F|
|poke|p2|Aerodactyl, L50, M|
|poke|p2|Basculegion, L50, M|
|poke|p2|Sylveon, L50, M|
|poke|p2|Torkoal, L50, M|
|poke|p2|Kingambit, L50, F|
|teampreview|4
|showteam|p1|Raichu||RaichuniteY|Static|ZapCannon,FakeOut,FocusBlast,Protect|Timid||F|||50|]Froslass||Froslassite|SnowCloak|Blizzard,ShadowBall,AuroraVeil,Protect|Timid||F|||50|]Incineroar||SitrusBerry|Intimidate|FakeOut,FlareBlitz,ThroatChop,PartingShot|Careful||F|||50|]Whimsicott||FocusSash|Prankster|Moonblast,Tailwind,Encore,Protect|Timid||M|||50|]Garchomp||LifeOrb|RoughSkin|DragonClaw,StompingTantrum,RockSlide,Protect|Jolly||M|||50|]Milotic||Leftovers|Competitive|MuddyWater,Hypnosis,Coil,Recover|Bold||F|||50|
|showteam|p2|Blaziken||Blazikenite|SpeedBoost|CloseCombat,FlareBlitz,RockSlide,Detect|Adamant||F|||50|]Aerodactyl||Aerodactylite|Unnerve|DualWingbeat,IceFang,RockSlide,Tailwind|Jolly||M|||50|]Basculegion||FocusSash|Adaptability|LastRespects,Liquidation,AquaJet,Protect|Adamant||M|||50|]Sylveon||FairyFeather|Pixilate|Moonblast,HyperVoice,QuickAttack,Detect|Modest||M|||50|]Torkoal||Leftovers|Drought|HeatWave,WeatherBall,Yawn,Protect|Relaxed||M|||50|]Kingambit||LifeOrb|Defiant|KowtowCleave,IronHead,SuckerPunch,Protect|Adamant||F|||50|
|inactive|Battle timer is ON: inactive players will automatically lose when time's up. (requested by 3-4 worlds)
|inactive|3-4 worlds has 60 seconds left.
|inactive|3-4 worlds has 30 seconds left.
|
|t:|1784834852
|teamsize|p1|4
|teamsize|p2|4
|start
|switch|p1a: Milotic|Milotic, L50, F|100/100
|switch|p1b: Whimsicott|Whimsicott, L50, M|100/100
|switch|p2a: Aerodactyl|Aerodactyl, L50, M|100/100
|switch|p2b: Blaziken|Blaziken, L50, F|100/100
|-ability|p2a: Aerodactyl|Unnerve
|turn|1
|
|t:|1784834866
|switch|p2b: Kingambit|Kingambit, L50, F|100/100
|move|p1b: Whimsicott|Tailwind|p1b: Whimsicott
|-sidestart|p1: ufhednarvgc|move: Tailwind
|move|p1a: Milotic|Coil|p1a: Milotic
|-boost|p1a: Milotic|atk|1
|-boost|p1a: Milotic|def|1
|-boost|p1a: Milotic|accuracy|1
|move|p2a: Aerodactyl|Ice Fang|p1b: Whimsicott
|-supereffective|p1b: Whimsicott|1
|-crit|p1b: Whimsicott
|-damage|p1b: Whimsicott|15/100
|
|upkeep
|turn|2
|
|t:|1784834886
|move|p1b: Whimsicott|Protect|p1b: Whimsicott
|-singleturn|p1b: Whimsicott|Protect
|move|p1a: Milotic|Coil|p1a: Milotic
|-boost|p1a: Milotic|atk|1
|-boost|p1a: Milotic|def|1
|-boost|p1a: Milotic|accuracy|1
|move|p2a: Aerodactyl|Rock Slide|p1a: Milotic|[spread] p1a
|-activate|p1b: Whimsicott|move: Protect
|-damage|p1a: Milotic|89/100
|move|p2b: Kingambit|Kowtow Cleave|p1a: Milotic
|-damage|p1a: Milotic|61/100
|-damage|p2b: Kingambit|90/100|[from] item: Life Orb
|
|-heal|p1a: Milotic|67/100|[from] item: Leftovers
|upkeep
|turn|3
|inactive|3-4 worlds has 30 seconds left.
|inactive|ufhednarvgc has 30 seconds left.
|
|t:|1784834919
|move|p1b: Whimsicott|Moonblast|p2b: Kingambit
|-damage|p2b: Kingambit|55/100
|move|p1a: Milotic|Hypnosis|p2b: Kingambit
|-status|p2b: Kingambit|slp|[from] move: Hypnosis
|move|p2a: Aerodactyl|Rock Slide|p1b: Whimsicott|[spread] p1a
|-miss|p2a: Aerodactyl|p1b: Whimsicott
|-damage|p1a: Milotic|55/100
|cant|p2b: Kingambit|slp
|
|-heal|p1a: Milotic|61/100|[from] item: Leftovers
|upkeep
|turn|4
|
|t:|1784834935
|move|p1b: Whimsicott|Protect|p1b: Whimsicott
|-singleturn|p1b: Whimsicott|Protect
|move|p1a: Milotic|Muddy Water|p2b: Kingambit|[spread] p2a,p2b
|-supereffective|p2a: Aerodactyl|1
|-damage|p2a: Aerodactyl|37/100
|-damage|p2b: Kingambit|31/100 slp
|-unboost|p2a: Aerodactyl|accuracy|1
|move|p2a: Aerodactyl|Tailwind|p2a: Aerodactyl
|-sidestart|p2: 3-4 worlds|move: Tailwind
|cant|p2b: Kingambit|slp
|
|-heal|p1a: Milotic|67/100|[from] item: Leftovers
|-sideend|p1: ufhednarvgc|move: Tailwind
|upkeep
|turn|5
|
|t:|1784834951
|move|p1b: Whimsicott|Tailwind|p1b: Whimsicott
|-sidestart|p1: ufhednarvgc|move: Tailwind
|move|p2a: Aerodactyl|Rock Slide|p1a: Milotic|[spread] p1a,p1b
|-damage|p1a: Milotic|55/100
|-damage|p1b: Whimsicott|0 fnt
|faint|p1b: Whimsicott
|cant|p1a: Milotic|flinch
|-curestatus|p2b: Kingambit|slp|[msg]
|move|p2b: Kingambit|Kowtow Cleave|p1a: Milotic
|-damage|p1a: Milotic|27/100
|-damage|p2b: Kingambit|22/100|[from] item: Life Orb
|
|-heal|p1a: Milotic|33/100|[from] item: Leftovers
|upkeep
|
|t:|1784834964
|switch|p1b: Garchomp|Garchomp, L50, M|100/100
|turn|6
|
|t:|1784834979
|move|p2a: Aerodactyl|Ice Fang|p1b: Garchomp|[miss]
|-miss|p2a: Aerodactyl|p1b: Garchomp
|move|p1b: Garchomp|Stomping Tantrum|p2b: Kingambit
|-supereffective|p2b: Kingambit|1
|-damage|p2b: Kingambit|0 fnt
|faint|p2b: Kingambit
|-damage|p1b: Garchomp|90/100|[from] item: Life Orb
|move|p1a: Milotic|Hypnosis|p2a: Aerodactyl
|-status|p2a: Aerodactyl|slp|[from] move: Hypnosis
|
|-heal|p1a: Milotic|39/100|[from] item: Leftovers
|upkeep
|
|t:|1784834987
|switch|p2b: Basculegion|Basculegion, L50, M|100/100
|turn|7
|
|t:|1784835006
|move|p1b: Garchomp|Protect|p1b: Garchomp
|-singleturn|p1b: Garchomp|Protect
|cant|p2a: Aerodactyl|slp
|move|p2b: Basculegion|Last Respects|p1a: Milotic
|-damage|p1a: Milotic|7/100
|move|p1a: Milotic|Hypnosis|p2b: Basculegion
|-status|p2b: Basculegion|slp|[from] move: Hypnosis
|
|-heal|p1a: Milotic|13/100|[from] item: Leftovers
|-sideend|p2: 3-4 worlds|move: Tailwind
|upkeep
|turn|8
|
|t:|1784835024
|move|p1b: Garchomp|Rock Slide|p2b: Basculegion|[spread] p2a,p2b
|-supereffective|p2a: Aerodactyl|1
|-damage|p2a: Aerodactyl|0 fnt
|-damage|p2b: Basculegion|68/100 slp
|faint|p2a: Aerodactyl
|-damage|p1b: Garchomp|80/100|[from] item: Life Orb
|move|p1a: Milotic|Recover|p1a: Milotic
|-heal|p1a: Milotic|63/100
|cant|p2b: Basculegion|slp
|
|-heal|p1a: Milotic|69/100|[from] item: Leftovers
|-sideend|p1: ufhednarvgc|move: Tailwind
|upkeep
|
|t:|1784835031
|switch|p2a: Blaziken|Blaziken, L50, F|100/100
|turn|9
|
|t:|1784835042
|move|p2a: Blaziken|Detect|p2a: Blaziken
|-singleturn|p2a: Blaziken|Protect
|move|p1b: Garchomp|Dragon Claw|p2b: Basculegion
|-damage|p2b: Basculegion|0 fnt
|faint|p2b: Basculegion
|-damage|p1b: Garchomp|70/100|[from] item: Life Orb
|move|p1a: Milotic|Muddy Water|p2a: Blaziken
|-activate|p2a: Blaziken|move: Protect
|
|-heal|p1a: Milotic|75/100|[from] item: Leftovers
|-ability|p2a: Blaziken|Speed Boost|boost
|-boost|p2a: Blaziken|spe|1
|upkeep
|turn|10
|
|t:|1784835056
|detailschange|p2a: Blaziken|Blaziken-Mega, L50, F
|-mega|p2a: Blaziken|Blaziken|Blazikenite
|move|p2a: Blaziken|Rock Slide|p1b: Garchomp|[spread] p1b
|-miss|p2a: Blaziken|p1a: Milotic
|-resisted|p1b: Garchomp|1
|-damage|p1b: Garchomp|58/100
|move|p1b: Garchomp|Stomping Tantrum|p2a: Blaziken
|-supereffective|p2a: Blaziken|1
|-damage|p2a: Blaziken|0 fnt
|faint|p2a: Blaziken
|-damage|p1b: Garchomp|49/100|[from] item: Life Orb
|
|win|ufhednarvgc
||ufhednarvgc is ready for game 2.
|inactive|3-4 worlds has 30 seconds to confirm battle start!
||3-4 worlds is ready for game 2.
|uhtml|next|Next: Game 2 of 3
|l|☆ufhednarvgc
|player|p1|
