|j|☆Tyrae
|j|☆gonnatortureyou
|html|Tyraegonnatortureyou    
|uhtml|bestof|Game 3 of a best-of-3
|t:|1756327362
|gametype|doubles
|player|p1|Tyrae|ethan|1021
|player|p2|gonnatortureyou|170|1091
|gen|9
|tier|[Gen 9] VGC 2025 Reg H (Bo3)
|rated|
|rule|Species Clause: Limit one of each Pokémon
|rule|Item Clause: Limit 1 of each item
|clearpoke
|poke|p1|Talonflame, L50, F|
|poke|p1|Rillaboom, L50, M|
|poke|p1|Ursaluna-Bloodmoon, L50, M|
|poke|p1|Primarina, L50, F|
|poke|p1|Kingambit, L50, M|
|poke|p1|Dragonite, L50, M|
|poke|p2|Indeedee, L50, M|
|poke|p2|Sneasler, L50, F|
|poke|p2|Excadrill, L50, M|
|poke|p2|Magmar, L50, M|
|poke|p2|Tyranitar, L50, M|
|poke|p2|Kommo-o, L50, F|
|teampreview|4
|showteam|p1|Talonflame||CovertCloak|GaleWings|BraveBird,FlareBlitz,Tailwind,Taunt|||F|||50|,,,,,Flying]Rillaboom||AssaultVest|GrassySurge|GrassyGlide,WoodHammer,FakeOut,Uturn|||M|||50|,,,,,Fire]Ursaluna-Bloodmoon||LifeOrb|MindsEye|BloodMoon,HyperVoice,EarthPower,Protect|||M|||50|,,,,,Normal]Primarina||ThroatSpray|LiquidVoice|HyperVoice,Moonblast,Haze,Protect|||F|||50|,,,,,Poison]Kingambit||BlackGlasses|Defiant|KowtowCleave,SuckerPunch,SwordsDance,Protect|||M|||50|,,,,,Dark]Dragonite||LoadedDice|Multiscale|ScaleShot,ExtremeSpeed,TeraBlast,Protect|||M|||50|,,,,,Ground
|showteam|p2|Indeedee||ChoiceScarf|PsychicSurge|ExpandingForce,TeraBlast,Trick,Protect|||M|||50|,,,,,Psychic]Sneasler||PsychicSeed|Unburden|Protect,CloseCombat,DireClaw,ThroatChop|||F|||50|,,,,,Dark]Excadrill||FocusSash|SandRush|Earthquake,IronHead,SwordsDance,Protect|||M|||50|,,,,,Ground]Magmar||Eviolite|VitalSpirit|HeatWave,FollowMe,HelpingHand,Protect|||M|||50|,,,,,Flying]Tyranitar||AssaultVest|SandStream|RockSlide,KnockOff,LowKick,TeraBlast|||M|||50|,,,,,Flying]Kommo-o||ThroatSpray|Overcoat|ClangorousSoul,ClangingScales,Flamethrower,Protect|||F|||50|,,,,,Steel
|inactive|Battle timer is ON: inactive players will automatically lose when time's up. (requested by gonnatortureyou)
|inactive|Tyrae has 60 seconds left.
|inactive|Tyrae has 30 seconds left.
|
|t:|1756327431
|teamsize|p1|4
|teamsize|p2|4
|start
|switch|p1a: Primarina|Primarina, L50, F|100/100
|switch|p1b: Talonflame|Talonflame, L50, F|100/100
|switch|p2a: Indeedee|Indeedee, L50, M|100/100
|switch|p2b: Sneasler|Sneasler, L50, F|100/100
|-fieldstart|move: Psychic Terrain|[from] ability: Psychic Surge|[of] p2a: Indeedee
|-enditem|p2b: Sneasler|Psychic Seed
|-boost|p2b: Sneasler|spd|1|[from] item: Psychic Seed
|turn|1
|inactive|Tyrae has 30 seconds left.
|inactive|Tyrae has 20 seconds left.
|
|t:|1756327467
|switch|p2a: Tyranitar|Tyranitar, L50, M|100/100
|-weather|Sandstorm|[from] ability: Sand Stream|[of] p2a: Tyranitar
|switch|p1b: Rillaboom|Rillaboom, L50, M|100/100
|-fieldstart|move: Grassy Terrain|[from] ability: Grassy Surge|[of] p1b: Rillaboom
|-terastallize|p1a: Primarina|Poison
|move|p2b: Sneasler|Protect|p2b: Sneasler
|-singleturn|p2b: Sneasler|Protect
|move|p1a: Primarina|Hyper Voice|p2b: Sneasler|[spread] p2a
|-activate|p2b: Sneasler|move: Protect
|-supereffective|p2a: Tyranitar
|-damage|p2a: Tyranitar|74/100
|-enditem|p1a: Primarina|Throat Spray
|-boost|p1a: Primarina|spa|1|[from] item: Throat Spray
|
|-weather|Sandstorm|[upkeep]
|-damage|p2b: Sneasler|95/100|[from] Sandstorm
|-damage|p1b: Rillaboom|94/100|[from] Sandstorm
|-damage|p1a: Primarina|95/100|[from] Sandstorm
|-heal|p2b: Sneasler|100/100|[from] Grassy Terrain
|-heal|p1b: Rillaboom|100/100|[from] Grassy Terrain
|-heal|p2a: Tyranitar|80/100|[from] Grassy Terrain
|-heal|p1a: Primarina|100/100|[from] Grassy Terrain
|upkeep
|turn|2
|inactive|Tyrae has 30 seconds left.
|inactive|gonnatortureyou has 30 seconds left.
|inactive|Tyrae has 20 seconds left.
|inactive|Tyrae has 15 seconds left.
|
|t:|1756327510
|switch|p2a: Indeedee|Indeedee, L50, M|100/100
|-fieldstart|move: Psychic Terrain|[from] ability: Psychic Surge|[of] p2a: Indeedee
|move|p1b: Rillaboom|Fake Out|p2b: Sneasler
|-activate|p2b: Sneasler|move: Psychic Terrain
|move|p2b: Sneasler|Dire Claw|p1b: Rillaboom
|-supereffective|p1b: Rillaboom
|-damage|p1b: Rillaboom|21/100
|-status|p1b: Rillaboom|par
|move|p1a: Primarina|Moonblast|p2b: Sneasler
|-damage|p2b: Sneasler|32/100
|
|-weather|Sandstorm|[upkeep]
|-damage|p2b: Sneasler|26/100|[from] Sandstorm
|-damage|p2a: Indeedee|95/100|[from] Sandstorm
|-damage|p1a: Primarina|95/100|[from] Sandstorm
|-damage|p1b: Rillaboom|15/100 par|[from] Sandstorm
|upkeep
|turn|3
|inactive|Tyrae has 30 seconds left.
|inactive|gonnatortureyou has 30 seconds left.
|inactive|Tyrae has 20 seconds left.
|inactive|gonnatortureyou has 20 seconds left.
|inactive|Tyrae has 15 seconds left.
|inactive|gonnatortureyou has 15 seconds left.
|
|t:|1756327552
|move|p2b: Sneasler|Close Combat|p1b: Rillaboom
|-damage|p1b: Rillaboom|0 fnt
|-unboost|p2b: Sneasler|def|1
|-unboost|p2b: Sneasler|spd|1
|faint|p1b: Rillaboom
|move|p2a: Indeedee|Expanding Force|p1a: Primarina
|-supereffective|p1a: Primarina
|-damage|p1a: Primarina|0 fnt
|faint|p1a: Primarina
|
|-weather|Sandstorm|[upkeep]
|-damage|p2b: Sneasler|20/100|[from] Sandstorm
|-damage|p2a: Indeedee|89/100|[from] Sandstorm
|upkeep
|
|t:|1756327564
|switch|p1b: Talonflame|Talonflame, L50, F|100/100
|switch|p1a: Ursaluna|Ursaluna-Bloodmoon, L50, M|100/100
|turn|4
|
|t:|1756327574
|move|p2b: Sneasler|Protect|p2b: Sneasler
|-singleturn|p2b: Sneasler|Protect
|move|p1b: Talonflame|Tailwind|p1b: Talonflame
|-sidestart|p1: Tyrae|move: Tailwind
|move|p1a: Ursaluna|Hyper Voice|p2b: Sneasler|[spread] p2a
|-activate|p2b: Sneasler|move: Protect
|-damage|p2a: Indeedee|25/100
|-damage|p1a: Ursaluna|91/100|[from] item: Life Orb
|move|p2a: Indeedee|Expanding Force|p1b: Talonflame|[spread] p1a,p1b
|-damage|p1a: Ursaluna|9/100
|-damage|p1b: Talonflame|6/100
|
|-weather|Sandstorm|[upkeep]
|-damage|p1b: Talonflame|0 fnt|[from] Sandstorm
|-damage|p2b: Sneasler|15/100|[from] Sandstorm
|-damage|p2a: Indeedee|19/100|[from] Sandstorm
|faint|p1b: Talonflame
|upkeep
|turn|5
|
|t:|1756327589
|move|p2b: Sneasler|Close Combat|p1a: Ursaluna
|-supereffective|p1a: Ursaluna
|-damage|p1a: Ursaluna|0 fnt
|-unboost|p2b: Sneasler|def|1
|-unboost|p2b: Sneasler|spd|1
|faint|p1a: Ursaluna
|
|win|gonnatortureyou
|raw|Tyrae's rating: 1021 → 1010(-11 for losing)
|raw|gonnatortureyou's rating: 1091 → 1112(+21 for winning)
|l|☆Tyrae
|player|p1|
