|j|☆69swagman
|j|☆Kalycgos
|html|69swagmanKalycgos    
|uhtml|bestof|Game 1 of a best-of-3
|t:|1785115662
|gametype|doubles
|player|p1|69swagman|1|1137
|player|p2|Kalycgos|shadowtriad|1149
|gen|9
|tier|[Gen 9 Champions] VGC 2026 Reg M-B (Bo3)
|rated|
|rule|Species Clause: Limit one of each Pokémon
|rule|Item Clause: Limit 1 of each item
|clearpoke
|poke|p1|Chesnaught, L50, M|
|poke|p1|Sinistcha, L50|
|poke|p1|Hydreigon, L50, F|
|poke|p1|Ceruledge, L50, F|
|poke|p1|Milotic, L50, F|
|poke|p1|Blastoise, L50, F|
|poke|p2|Garchomp, L50, M, shiny|
|poke|p2|Charizard, L50, F, shiny|
|poke|p2|Whimsicott, L50, M|
|poke|p2|Floette-Eternal, L50, F|
|poke|p2|Kingambit, L50, F|
|poke|p2|Basculegion, L50, M|
|teampreview|4
|showteam|p1|Chesnaught||Chesnaughtite|Bulletproof|BellyDrum,SeedBomb,DrainPunch,Protect|Relaxed||M|||50|]Sinistcha||SitrusBerry|Hospitality|MatchaGotcha,RagePowder,LifeDew,TrickRoom|Relaxed|||||50|]Hydreigon||ChoiceScarf|Levitate|Snarl,DracoMeteor,HeatWave,DarkPulse|Timid||F|||50|]Ceruledge||ColburBerry|FlashFire|BitterBlade,ShadowSneak,BulkUp,Protect|Adamant||F|||50|]Milotic||Leftovers|Competitive|Coil,Hypnosis,MuddyWater,Protect|Modest||F|||50|]Blastoise||Blastoisinite|Torrent|FakeOut,WaterSpout,DarkPulse,AuraSphere|Quiet||F|||50|
|showteam|p2|Garchomp||LifeOrb|RoughSkin|DragonClaw,Earthquake,RockSlide,Protect|Jolly||M|||50|]Charizard||CharizarditeY|Blaze|HeatWave,SolarBeam,AncientPower,Protect|Timid||F|||50|]Whimsicott||FocusSash|Prankster|Moonblast,Tailwind,Encore,Protect|Jolly||M|||50|]Floette-Eternal||Floettite|FlowerVeil|LightofRuin,Moonblast,DazzlingGleam,Protect|Timid||F|||50|]Kingambit||BlackGlasses|Defiant|KowtowCleave,SuckerPunch,LowKick,Protect|Adamant||F|||50|]Basculegion||MysticWater|Adaptability|LastRespects,WaveCrash,AquaJet,Protect|Jolly||M|||50|
|inactive|Battle timer is ON: inactive players will automatically lose when time's up. (requested by 69swagman)
|
|t:|1785115702
|teamsize|p1|4
|teamsize|p2|4
|start
|switch|p1a: Sinistcha|Sinistcha, L50|100/100
|switch|p1b: Blastoise|Blastoise, L50, F|100/100
|switch|p2a: Bard|Whimsicott, L50, M|100/100
|switch|p2b: Reaper|Basculegion, L50, M|100/100
|turn|1
|inactive|69swagman has 30 seconds left.
|inactive|Kalycgos has 30 seconds left.
|inactive|69swagman has 20 seconds left.
|
|t:|1785115738
|detailschange|p1b: Blastoise|Blastoise-Mega, L50, F
|-mega|p1b: Blastoise|Blastoise|Blastoisinite
|move|p2a: Bard|Moonblast|p1b: Blastoise
|-damage|p1b: Blastoise|77/100
|move|p2b: Reaper|Wave Crash|p1b: Blastoise
|-resisted|p1b: Blastoise|1
|-damage|p1b: Blastoise|43/100
|-damage|p2b: Reaper|89/100|[from] Recoil
|move|p1b: Blastoise|Dark Pulse|p2b: Reaper
|-supereffective|p2b: Reaper|1
|-damage|p2b: Reaper|0 fnt
|faint|p2b: Reaper
|move|p1a: Sinistcha|Trick Room|p1a: Sinistcha
|-fieldstart|move: Trick Room|[of] p1a: Sinistcha
|
|upkeep
|
|t:|1785115746
|switch|p2b: Samurai|Kingambit, L50, F|100/100
|turn|2
|inactive|69swagman has 30 seconds left.
|
|t:|1785115779
|move|p1a: Sinistcha|Rage Powder|p1a: Sinistcha
|-singleturn|p1a: Sinistcha|move: Rage Powder
|move|p2a: Bard|Encore|p1a: Sinistcha
|-start|p1a: Sinistcha|Encore
|move|p2b: Samurai|Kowtow Cleave|p1a: Sinistcha
|-supereffective|p1a: Sinistcha|1
|-damage|p1a: Sinistcha|0 fnt
|faint|p1a: Sinistcha
|move|p1b: Blastoise|Aura Sphere|p2b: Samurai
|-supereffective|p2b: Samurai|2
|-damage|p2b: Samurai|0 fnt
|faint|p2b: Samurai
|
|upkeep
|
|t:|1785115792
|switch|p2b: Black Mage|Charizard, L50, F, shiny|100/100
|switch|p1a: Ceruledge|Ceruledge, L50, F|100/100
|turn|3
|
|t:|1785115809
|detailschange|p2b: Black Mage|Charizard-Mega-Y, L50, F, shiny
|-mega|p2b: Black Mage|Charizard|Charizardite Y
|-weather|SunnyDay|[from] ability: Drought|[of] p2b: Black Mage
|move|p2a: Bard|Encore|p1b: Blastoise
|-start|p1b: Blastoise|Encore
|move|p1b: Blastoise|Aura Sphere|p2a: Bard
|-resisted|p2a: Bard|1
|-damage|p2a: Bard|71/100
|move|p1a: Ceruledge|Bitter Blade|p2a: Bard
|-supereffective|p2a: Bard|1
|-damage|p2a: Bard|0 fnt
|faint|p2a: Bard
|move|p2b: Black Mage|Solar Beam||[still]
|-prepare|p2b: Black Mage|Solar Beam
|-anim|p2b: Black Mage|Solar Beam|p1b: Blastoise
|-supereffective|p1b: Blastoise|1
|-damage|p1b: Blastoise|0 fnt
|faint|p1b: Blastoise
|
|-weather|SunnyDay|[upkeep]
|upkeep
|
|t:|1785115825
|switch|p1b: Milotic|Milotic, L50, F|100/100
|turn|4
|
|t:|1785115837
|move|p2b: Black Mage|Protect|p2b: Black Mage
|-singleturn|p2b: Black Mage|Protect
|move|p1a: Ceruledge|Bulk Up|p1a: Ceruledge
|-boost|p1a: Ceruledge|atk|1
|-boost|p1a: Ceruledge|def|1
|move|p1b: Milotic|Hypnosis|p2b: Black Mage
|-activate|p2b: Black Mage|move: Protect
|
|-weather|SunnyDay|[upkeep]
|upkeep
|turn|5
|
|t:|1785115846
|move|p2b: Black Mage|Protect|p2b: Black Mage
|-singleturn|p2b: Black Mage|Protect
|move|p1a: Ceruledge|Bulk Up|p1a: Ceruledge
|-boost|p1a: Ceruledge|atk|1
|-boost|p1a: Ceruledge|def|1
|move|p1b: Milotic|Hypnosis|p2b: Black Mage
|-activate|p2b: Black Mage|move: Protect
|
|-weather|SunnyDay|[upkeep]
|-fieldend|move: Trick Room
|upkeep
|turn|6
|
|t:|1785115859
|move|p1b: Milotic|Protect|p1b: Milotic
|-singleturn|p1b: Milotic|Protect
|move|p2b: Black Mage|Ancient Power|p1a: Ceruledge
|-supereffective|p1a: Ceruledge|1
|-damage|p1a: Ceruledge|56/100
|-boost|p2b: Black Mage|atk|1
|-boost|p2b: Black Mage|def|1
|-boost|p2b: Black Mage|spa|1
|-boost|p2b: Black Mage|spd|1
|-boost|p2b: Black Mage|spe|1
|move|p1a: Ceruledge|Bitter Blade|p2b: Black Mage
|-resisted|p2b: Black Mage|1
|-damage|p2b: Black Mage|30/100
|-heal|p1a: Ceruledge|85/100|[from] drain|[of] p2b: Black Mage
|
|-weather|SunnyDay|[upkeep]
|upkeep
|turn|7
|
|t:|1785115879
|move|p2b: Black Mage|Ancient Power|p1a: Ceruledge
|-supereffective|p1a: Ceruledge|1
|-damage|p1a: Ceruledge|8/100
|-boost|p2b: Black Mage|atk|1
|-boost|p2b: Black Mage|def|1
|-boost|p2b: Black Mage|spa|1
|-boost|p2b: Black Mage|spd|1
|-boost|p2b: Black Mage|spe|1
|move|p1b: Milotic|Hypnosis|p2b: Black Mage
|-status|p2b: Black Mage|slp|[from] move: Hypnosis
|move|p1a: Ceruledge|Bitter Blade|p2b: Black Mage
|-resisted|p2b: Black Mage|1
|-damage|p2b: Black Mage|0 fnt
|-heal|p1a: Ceruledge|21/100|[from] drain|[of] p2b: Black Mage
|faint|p2b: Black Mage
|
|win|69swagman
||Kalycgos is ready for game 2.
|inactive|69swagman has 30 seconds to confirm battle start!
|c|☆69swagman|OMG two boosts from ancientpower?!
||69swagman is ready for game 2.
|uhtml|next|Next: Game 2 of 3
