|j|☆trainerredvgc26
|j|☆raylof
|html|trainerredvgc26raylof    
|uhtml|bestof|Game 3 of a best-of-3
|t:|1756350319
|gametype|doubles
|player|p1|trainerredvgc26|1|1139
|player|p2|raylof|169|1183
|gen|9
|tier|[Gen 9] VGC 2025 Reg H (Bo3)
|rated|
|rule|Species Clause: Limit one of each Pokémon
|rule|Item Clause: Limit 1 of each item
|clearpoke
|poke|p1|Jumpluff, L50, M|
|poke|p1|Charizard, L50, M|
|poke|p1|Incineroar, L50, M|
|poke|p1|Porygon2, L50|
|poke|p1|Ursaluna, L50, M|
|poke|p1|Torkoal, L50, M|
|poke|p2|Dragonite, L50, F|
|poke|p2|Ursaluna-Bloodmoon, L50, M|
|poke|p2|Gholdengo, L50|
|poke|p2|Incineroar, L50, F|
|poke|p2|Amoonguss, L50, F|
|poke|p2|Ninetales-Alola, L50, F|
|teampreview|4
|showteam|p1|Jumpluff||CovertCloak|Chlorophyll|SleepPowder,SunnyDay,RagePowder,Tailwind|||M|||50|,,,,,Water]Charizard||ChoiceSpecs|SolarPower|HeatWave,Overheat,WeatherBall,AirSlash|||M|||50|,,,,,Ghost]Incineroar||SitrusBerry|Intimidate|FlareBlitz,KnockOff,FakeOut,PartingShot|||M|||50|,,,,,Grass]Porygon2||Eviolite|Download|TeraBlast,IceBeam,Recover,TrickRoom||||||50|,,,,,Fighting]Ursaluna||FlameOrb|Guts|HeadlongRush,Facade,Earthquake,Protect|||M|||50|,,,,,Ghost]Torkoal||EjectPack|Drought|Eruption,Overheat,HelpingHand,Protect|||M|||50|,,,,,Fire
|showteam|p2|Dragonite||LoadedDice|Multiscale|ScaleShot,Haze,Protect,Tailwind|||F|||50|,,,,,Fairy]Ursaluna-Bloodmoon||AssaultVest|MindsEye|BloodMoon,HyperVoice,VacuumWave,EarthPower|||M|||50|,,,,,Ghost]Gholdengo||LifeOrb|GoodasGold|MakeItRain,ShadowBall,Protect,NastyPlot||||||50|,,,,,Water]Incineroar||SafetyGoggles|Intimidate|KnockOff,FakeOut,FlareBlitz,PartingShot|||F|||50|,,,,,Ghost]Amoonguss||SitrusBerry|Regenerator|PollenPuff,Spore,RagePowder,Protect|||F|||50|,,,,,Water]Ninetales-Alola||LightClay|SnowWarning|IcyWind,FreezeDry,Protect,AuroraVeil|||F|||50|,,,,,Ghost
|inactive|Battle timer is ON: inactive players will automatically lose when time's up. (requested by trainerredvgc26)
|
|t:|1756350348
|teamsize|p1|4
|teamsize|p2|4
|start
|switch|p1a: Raven|Charizard, L50, M, shiny|100/100
|switch|p1b: Starbreaker|Porygon2, L50|100/100
|switch|p2a: Ursaluna|Ursaluna-Bloodmoon, L50, M|100/100
|switch|p2b: Gholdengo|Gholdengo, L50|100/100
|-ability|p1b: Starbreaker|Download|boost
|-boost|p1b: Starbreaker|spa|1
|turn|1
|inactive|trainerredvgc26 has 30 seconds left.
|inactive|raylof has 30 seconds left.
|inactive|raylof has 20 seconds left.
|
|t:|1756350385
|move|p2b: Gholdengo|Protect|p2b: Gholdengo
|-singleturn|p2b: Gholdengo|Protect
|move|p1a: Raven|Overheat|p2b: Gholdengo
|-activate|p2b: Gholdengo|move: Protect
|move|p1b: Starbreaker|Ice Beam|p2a: Ursaluna
|-supereffective|p2a: Ursaluna
|-damage|p2a: Ursaluna|43/100
|move|p2a: Ursaluna|Blood Moon|p1a: Raven
|-crit|p1a: Raven
|-damage|p1a: Raven|0 fnt
|faint|p1a: Raven
|
|upkeep
|
|t:|1756350399
|switch|p1a: Scat Pack|Incineroar, L50, M|100/100
|-ability|p1a: Scat Pack|Intimidate|boost
|-unboost|p2a: Ursaluna|atk|1
|-unboost|p2b: Gholdengo|atk|1
|turn|2
|
|t:|1756350415
|switch|p2b: Amoonguss|Amoonguss, L50, F, shiny|100/100
|switch|p2a: Incineroar|Incineroar, L50, F|100/100
|-ability|p2a: Incineroar|Intimidate|boost
|-unboost|p1a: Scat Pack|atk|1
|-unboost|p1b: Starbreaker|atk|1
|move|p1a: Scat Pack|Parting Shot|p2a: Incineroar
|-unboost|p2a: Incineroar|atk|1
|-unboost|p2a: Incineroar|spa|1
|
|t:|1756350424
|switch|p1a: Baloo|Ursaluna, L50, M, shiny|100/100|[from] Parting Shot
|move|p1b: Starbreaker|Trick Room|p1b: Starbreaker
|-fieldstart|move: Trick Room|[of] p1b: Starbreaker
|
|-status|p1a: Baloo|brn|[from] item: Flame Orb
|upkeep
|turn|3
|inactive|trainerredvgc26 has 30 seconds left.
|inactive|raylof has 30 seconds left.
|
|t:|1756350458
|switch|p1b: Scat Pack|Incineroar, L50, M|100/100
|-ability|p1b: Scat Pack|Intimidate|boost
|-unboost|p2a: Incineroar|atk|1
|-unboost|p2b: Amoonguss|atk|1
|-terastallize|p1a: Baloo|Ghost
|-terastallize|p2a: Incineroar|Ghost
|move|p2b: Amoonguss|Spore|p1b: Scat Pack
|-status|p1b: Scat Pack|slp|[from] move: Spore
|move|p1a: Baloo|Headlong Rush|p2a: Incineroar
|-damage|p2a: Incineroar|0 fnt
|-unboost|p1a: Baloo|def|1
|-unboost|p1a: Baloo|spd|1
|faint|p2a: Incineroar
|
|-damage|p1a: Baloo|95/100 brn|[from] brn
|upkeep
|
|t:|1756350482
|switch|p2a: Ursaluna|Ursaluna-Bloodmoon, L50, M|43/100
|turn|4
|
|t:|1756350503
|switch|p1a: Starbreaker|Porygon2, L50|100/100
|-ability|p1a: Starbreaker|Download|boost
|-boost|p1a: Starbreaker|spa|1
|move|p2b: Amoonguss|Rage Powder|p2b: Amoonguss
|-singleturn|p2b: Amoonguss|move: Rage Powder
|move|p2a: Ursaluna|Blood Moon|p1a: Starbreaker
|-damage|p1a: Starbreaker|50/100
|cant|p1b: Scat Pack|slp
|
|upkeep
|turn|5
|
|t:|1756350526
|move|p2b: Amoonguss|Pollen Puff|p2a: Ursaluna
|-heal|p2a: Ursaluna|93/100
|move|p2a: Ursaluna|Hyper Voice|p1a: Starbreaker|[spread] p1a,p1b
|-damage|p1a: Starbreaker|27/100
|-damage|p1b: Scat Pack|62/100 slp
|move|p1a: Starbreaker|Ice Beam|p2a: Ursaluna
|-supereffective|p2a: Ursaluna
|-damage|p2a: Ursaluna|31/100
|cant|p1b: Scat Pack|slp
|
|upkeep
|turn|6
|
|t:|1756350549
|switch|p1a: Baloo|Ursaluna, L50, M, shiny, tera:Ghost|95/100 brn
|move|p2b: Amoonguss|Spore||[still]
|-fail|p2b: Amoonguss
|move|p2a: Ursaluna|Blood Moon|p1b: Scat Pack
|-crit|p1b: Scat Pack
|-damage|p1b: Scat Pack|0 fnt
|faint|p1b: Scat Pack
|
|-damage|p1a: Baloo|89/100 brn|[from] brn
|-fieldend|move: Trick Room
|upkeep
|
|t:|1756350560
|switch|p1b: Starbreaker|Porygon2, L50|27/100
|-ability|p1b: Starbreaker|Download|boost
|-boost|p1b: Starbreaker|spa|1
|turn|7
|inactive|raylof has 30 seconds left.
|
|t:|1756350594
|move|p2a: Ursaluna|Vacuum Wave|p1b: Starbreaker
|-supereffective|p1b: Starbreaker
|-damage|p1b: Starbreaker|7/100
|move|p1a: Baloo|Facade|p2b: Amoonguss
|-damage|p2b: Amoonguss|1/100
|-enditem|p2b: Amoonguss|Sitrus Berry|[eat]
|-heal|p2b: Amoonguss|26/100|[from] item: Sitrus Berry
|move|p1b: Starbreaker|Ice Beam|p2a: Ursaluna
|-supereffective|p2a: Ursaluna
|-damage|p2a: Ursaluna|0 fnt
|faint|p2a: Ursaluna
|move|p2b: Amoonguss|Spore|p1b: Starbreaker
|-status|p1b: Starbreaker|slp|[from] move: Spore
|
|-damage|p1a: Baloo|83/100 brn|[from] brn
|upkeep
|
|t:|1756350607
|switch|p2a: Gholdengo|Gholdengo, L50|100/100
|turn|8
|
|t:|1756350629
|move|p2b: Amoonguss|Rage Powder|p2b: Amoonguss
|-singleturn|p2b: Amoonguss|move: Rage Powder
|move|p2a: Gholdengo|Make It Rain|p1b: Starbreaker|[spread] p1a,p1b
|-damage|p1a: Baloo|29/100 brn
|-damage|p1b: Starbreaker|0 fnt
|-unboost|p2a: Gholdengo|spa|1
|faint|p1b: Starbreaker
|-damage|p2a: Gholdengo|91/100|[from] item: Life Orb
|move|p1a: Baloo|Earthquake|p2a: Gholdengo|[spread] p2a,p2b
|-supereffective|p2a: Gholdengo
|-damage|p2a: Gholdengo|0 fnt
|-damage|p2b: Amoonguss|0 fnt
|faint|p2a: Gholdengo
|faint|p2b: Amoonguss
|
|win|trainerredvgc26
|raw|trainerredvgc26's rating: 1139 → 1167(+28 for winning)
|raw|raylof's rating: 1183 → 1155(-28 for losing)
|l|☆raylof
|player|p2|
