|j|☆monsoonisbest
|j|☆CammelloGasante
|html|monsoonisbestCammelloGasante    
|uhtml|bestof|Game 2 of a best-of-3
|t:|1783965303
|gametype|doubles
|player|p1|monsoonisbest|1|1214
|player|p2|CammelloGasante|palmer|1217
|gen|9
|tier|[Gen 9 Champions] VGC 2026 Reg M-B (Bo3)
|rated|
|rule|Species Clause: Limit one of each Pokémon
|rule|Item Clause: Limit 1 of each item
|clearpoke
|poke|p1|Gengar, L50, M|
|poke|p1|Incineroar, L50, M|
|poke|p1|Politoed, L50, F, shiny|
|poke|p1|Archaludon, L50, F|
|poke|p1|Vivillon, L50, M|
|poke|p1|Swampert, L50, M|
|poke|p2|Staraptor, L50, M|
|poke|p2|Whimsicott, L50, F|
|poke|p2|Gholdengo, L50|
|poke|p2|Tyranitar, L50, M|
|poke|p2|Venusaur, L50, M|
|poke|p2|Mamoswine, L50, M|
|teampreview|4
|showteam|p1|Gengar||Gengarite|CursedBody|ShadowBall,SludgeBomb,PerishSong,Protect|Timid||M|||50|]Incineroar||PasshoBerry|Intimidate|PartingShot,DarkestLariat,Protect,FakeOut|Sassy||M|||50|]Politoed||SitrusBerry|Drizzle|WeatherBall,PerishSong,Encore,Protect|Calm||F|||50|]Archaludon||Leftovers|Stamina|DragonPulse,FlashCannon,ElectroShot,Protect|Bold||F|||50|]Vivillon||FocusSash|CompoundEyes|Hurricane,SleepPowder,RagePowder,Protect|Timid||M|||50|]Swampert||Swampertite|Torrent|WaveCrash,IcePunch,Earthquake,Protect|Adamant||M|||50|
|showteam|p2|Staraptor||Staraptite|Intimidate|CloseCombat,DualWingbeat,Roost,Protect|Jolly||M|||50|]Whimsicott||FocusSash|Prankster|Moonblast,Charm,FakeTears,Tailwind|Timid||F|||50|]Gholdengo||LifeOrb|GoodasGold|MakeItRain,ShadowBall,PowerGem,Protect|Modest|||||50|]Tyranitar||WhiteHerb|SandStream|RockSlide,Crunch,LowKick,Protect|Adamant||M|||50|]Venusaur||Venusaurite|Chlorophyll|EnergyBall,EarthPower,SludgeBomb,Protect|Modest||M|||50|]Mamoswine||ChoiceScarf|Oblivious|IcicleCrash,RockSlide,HighHorsepower,IceShard|Jolly||M|||50|
|inactive|Battle timer is ON: inactive players will automatically lose when time's up. (requested by CammelloGasante)
|
|t:|1783965321
|teamsize|p1|4
|teamsize|p2|4
|start
|switch|p1a: Swampert|Swampert, L50, M|100/100
|switch|p1b: Vivillon|Vivillon, L50, M|100/100
|switch|p2a: Whimsicott|Whimsicott, L50, F|100/100
|switch|p2b: Venusaur|Venusaur, L50, M|100/100
|turn|1
|
|t:|1783965335
|switch|p1a: Incineroar|Incineroar, L50, M|100/100
|-ability|p1a: Incineroar|Intimidate|boost
|-unboost|p2a: Whimsicott|atk|1
|-unboost|p2b: Venusaur|atk|1
|detailschange|p2b: Venusaur|Venusaur-Mega, L50, M
|-mega|p2b: Venusaur|Venusaur|Venusaurite
|move|p2a: Whimsicott|Tailwind|p2a: Whimsicott
|-sidestart|p2: CammelloGasante|move: Tailwind
|move|p2b: Venusaur|Energy Ball|p1a: Incineroar
|-resisted|p1a: Incineroar|1
|-damage|p1a: Incineroar|83/100
|move|p1b: Vivillon|Hurricane|p2b: Venusaur
|-supereffective|p2b: Venusaur|1
|-damage|p2b: Venusaur|26/100
|
|upkeep
|turn|2
|
|t:|1783965351
|move|p2b: Venusaur|Protect|p2b: Venusaur
|-singleturn|p2b: Venusaur|Protect
|move|p1a: Incineroar|Fake Out|p2a: Whimsicott
|-damage|p2a: Whimsicott|85/100
|cant|p2a: Whimsicott|flinch
|move|p1b: Vivillon|Hurricane|p2a: Whimsicott
|-supereffective|p2a: Whimsicott|1
|-damage|p2a: Whimsicott|0 fnt
|faint|p2a: Whimsicott
|
|upkeep
|
|t:|1783965358
|switch|p2a: Gholdengo|Gholdengo, L50|100/100
|turn|3
|
|t:|1783965365
|move|p1b: Vivillon|Protect|p1b: Vivillon
|-singleturn|p1b: Vivillon|Protect
|move|p2a: Gholdengo|Make It Rain|p1a: Incineroar|[spread] p1a
|-activate|p1b: Vivillon|move: Protect
|-resisted|p1a: Incineroar|1
|-crit|p1a: Incineroar
|-damage|p1a: Incineroar|44/100
|-unboost|p2a: Gholdengo|spa|2
|-damage|p2a: Gholdengo|90/100|[from] item: Life Orb
|move|p2b: Venusaur|Earth Power|p1a: Incineroar
|-supereffective|p1a: Incineroar|1
|-damage|p1a: Incineroar|1/100
|move|p1a: Incineroar|Darkest Lariat|p2b: Venusaur
|-damage|p2b: Venusaur|1/100
|
|upkeep
|turn|4
|
|t:|1783965388
|switch|p1a: Politoed|Politoed, L50, F, shiny|100/100
|-weather|RainDance|[from] ability: Drizzle|[of] p1a: Politoed
|move|p2a: Gholdengo|Make It Rain|p1b: Vivillon|[spread] p1a,p1b
|-resisted|p1a: Politoed|1
|-damage|p1a: Politoed|86/100
|-damage|p1b: Vivillon|36/100
|-unboost|p2a: Gholdengo|spa|2
|-damage|p2a: Gholdengo|80/100|[from] item: Life Orb
|move|p2b: Venusaur|Sludge Bomb|p1b: Vivillon
|-damage|p1b: Vivillon|0 fnt
|faint|p1b: Vivillon
|
|-weather|RainDance|[upkeep]
|-sideend|p2: CammelloGasante|move: Tailwind
|upkeep
|
|t:|1783965399
|switch|p1b: Swampert|Swampert, L50, M|100/100
|turn|5
|
|t:|1783965407
|detailschange|p1b: Swampert|Swampert-Mega, L50, M
|-mega|p1b: Swampert|Swampert|Swampertite
|move|p2a: Gholdengo|Protect|p2a: Gholdengo
|-singleturn|p2a: Gholdengo|Protect
|move|p2b: Venusaur|Protect|p2b: Venusaur
|-singleturn|p2b: Venusaur|Protect
|move|p1a: Politoed|Protect|p1a: Politoed
|-singleturn|p1a: Politoed|Protect
|move|p1b: Swampert|Earthquake|p2b: Venusaur|[spread] 
|-activate|p1a: Politoed|move: Protect
|-activate|p2a: Gholdengo|move: Protect
|-activate|p2b: Venusaur|move: Protect
|
|-weather|RainDance|[upkeep]
|upkeep
|turn|6
|
|t:|1783965415
|switch|p2a: Mamoswine|Mamoswine, L50, M|100/100
|switch|p1a: Incineroar|Incineroar, L50, M|1/100
|-ability|p1a: Incineroar|Intimidate|boost
|-fail|p2a: Mamoswine|unboost|Attack|[from] ability: Oblivious|[of] p2a: Mamoswine
|-unboost|p2b: Venusaur|atk|1
|move|p1b: Swampert|Earthquake|p2a: Mamoswine|[spread] p1a,p2a,p2b
|-supereffective|p1a: Incineroar|1
|-damage|p1a: Incineroar|0 fnt
|-damage|p2a: Mamoswine|44/100
|-damage|p2b: Venusaur|0 fnt
|faint|p1a: Incineroar
|faint|p2b: Venusaur
|
|-weather|RainDance|[upkeep]
|upkeep
|
|t:|1783965422
|switch|p2b: Gholdengo|Gholdengo, L50|80/100
|switch|p1a: Politoed|Politoed, L50, F, shiny|86/100
|turn|7
|-message|CammelloGasante forfeited.
|
|win|monsoonisbest
|raw|monsoonisbest's rating: 1214 → 1239(+25 for winning)
|raw|CammelloGasante's rating: 1217 → 1192(-25 for losing)
|l|☆CammelloGasante
|player|p2|
