|j|☆yesertrerte
|j|☆lettitripppp
|html|yesertrertelettitripppp    
|uhtml|bestof|Game 2 of a best-of-3
|t:|1783802550
|gametype|doubles
|player|p1|yesertrerte|266|1154
|player|p2|lettitripppp|lucas|1269
|gen|9
|tier|[Gen 9 Champions] VGC 2026 Reg M-B (Bo3)
|rated|
|rule|Species Clause: Limit one of each Pokémon
|rule|Item Clause: Limit 1 of each item
|clearpoke
|poke|p1|Aerodactyl, L50, F|
|poke|p1|Garchomp, L50, F, shiny|
|poke|p1|Kingambit, L50, M|
|poke|p1|Charizard, L50, M, shiny|
|poke|p1|Sylveon, L50, F, shiny|
|poke|p1|Farigiraf, L50, F|
|poke|p2|Charizard, L50, M|
|poke|p2|Basculegion, L50, M|
|poke|p2|Whimsicott, L50, M, shiny|
|poke|p2|Garchomp, L50, F, shiny|
|poke|p2|Floette-Eternal, L50, F|
|poke|p2|Kingambit, L50, F, shiny|
|teampreview|4
|showteam|p1|Aerodactyl||Aerodactylite|Unnerve|IceFang,RockSlide,Tailwind,DualWingbeat|Jolly||F|||50|]Garchomp||LifeOrb|RoughSkin|DragonClaw,Earthquake,RockSlide,Protect|Jolly||F|||50|]Kingambit||FocusSash|Defiant|KowtowCleave,IronHead,SuckerPunch,LowKick|Adamant||M|||50|]Charizard||CharizarditeY|Blaze|HeatWave,SolarBeam,WeatherBall,Protect|Modest||M|||50|]Sylveon||FairyFeather|Pixilate|Protect,HyperVoice,HyperBeam,QuickAttack|Modest||F|||50|]Farigiraf||SitrusBerry|ArmorTail|TrickRoom,Thunderbolt,Psychic,HelpingHand|Bold||F|||50|
|showteam|p2|Charizard||CharizarditeY|Blaze|WeatherBall,SolarBeam,HeatWave,Protect|Modest||M|||50|]Basculegion||MysticWater|Adaptability|LastRespects,WaveCrash,AquaJet,Protect|Adamant||M|||50|]Whimsicott||FocusSash|Prankster|Moonblast,Tailwind,Encore,Protect|Timid||M|||50|]Garchomp||LifeOrb|RoughSkin|DragonClaw,Earthquake,RockSlide,Protect|Jolly||F|||50|]Floette-Eternal||Floettite|FlowerVeil|DazzlingGleam,LightofRuin,Moonblast,Protect|Modest||F|||50|]Kingambit||ChopleBerry|Defiant|KowtowCleave,SuckerPunch,IronHead,LowKick|Adamant||F|||50|
|inactive|Battle timer is ON: inactive players will automatically lose when time's up. (requested by yesertrerte)
|inactive|lettitripppp also wants the timer to be on.
|
|t:|1783802570
|teamsize|p1|4
|teamsize|p2|4
|start
|switch|p1a: Aerodactyl|Aerodactyl, L50, F|100/100
|switch|p1b: Kingambit|Kingambit, L50, M|100/100
|switch|p2a: RUINOUS LIGHT|Floette-Eternal, L50, F|100/100
|switch|p2b: LETS GO GO|Whimsicott, L50, M, shiny|100/100
|-ability|p1a: Aerodactyl|Unnerve
|turn|1
|inactive|yesertrerte has 30 seconds left.
|inactive|yesertrerte has 20 seconds left.
|
|t:|1783802607
|detailschange|p1a: Aerodactyl|Aerodactyl-Mega, L50, F
|-mega|p1a: Aerodactyl|Aerodactyl|Aerodactylite
|move|p2a: RUINOUS LIGHT|Protect|p2a: RUINOUS LIGHT
|-singleturn|p2a: RUINOUS LIGHT|Protect
|move|p2b: LETS GO GO|Tailwind|p2b: LETS GO GO
|-sidestart|p2: lettitripppp|move: Tailwind
|move|p1a: Aerodactyl|Dual Wingbeat|p2b: LETS GO GO
|-supereffective|p2b: LETS GO GO|1
|-damage|p2b: LETS GO GO|30/100
|-supereffective|p2b: LETS GO GO|1
|-damage|p2b: LETS GO GO|0 fnt
|faint|p2b: LETS GO GO
|-hitcount|p2: LETS GO GO|2
|move|p1b: Kingambit|Iron Head|p2a: RUINOUS LIGHT
|-activate|p2a: RUINOUS LIGHT|move: Protect
|
|upkeep
|
|t:|1783802619
|switch|p2b: CRUSH SHARK|Garchomp, L50, F, shiny|100/100
|turn|2
|
|t:|1783802639
|detailschange|p2a: RUINOUS LIGHT|Floette-Mega, L50, F
|-mega|p2a: RUINOUS LIGHT|Floette|Floettite
|-ability|p2a: RUINOUS LIGHT|Fairy Aura
|move|p2b: CRUSH SHARK|Earthquake|p1a: Aerodactyl|[spread] p2a,p1b
|-immune|p1a: Aerodactyl
|-supereffective|p1b: Kingambit|1
|-damage|p2a: RUINOUS LIGHT|30/100
|-damage|p1b: Kingambit|13/100
|-damage|p2b: CRUSH SHARK|90/100|[from] item: Life Orb
|move|p2a: RUINOUS LIGHT|Light of Ruin|p1a: Aerodactyl
|-damage|p1a: Aerodactyl|0 fnt
|faint|p1a: Aerodactyl
|-damage|p2a: RUINOUS LIGHT|0 fnt|[from] Recoil
|faint|p2a: RUINOUS LIGHT
|move|p1b: Kingambit|Iron Head|p2b: CRUSH SHARK
|-damage|p2b: CRUSH SHARK|41/100
|-damage|p1b: Kingambit|1/100|[from] ability: Rough Skin|[of] p2b: CRUSH SHARK
|
|upkeep
|
|t:|1783802654
|switch|p1a: Farigiraf|Farigiraf, L50, F|100/100
|switch|p2a: GENERAL BLADUS|Kingambit, L50, F, shiny|100/100
|turn|3
|
|t:|1783802670
|move|p2b: CRUSH SHARK|Rock Slide|p1a: Farigiraf|[spread] p1a,p1b
|-resisted|p1b: Kingambit|1
|-damage|p1a: Farigiraf|81/100
|-damage|p1b: Kingambit|0 fnt
|faint|p1b: Kingambit
|-damage|p2b: CRUSH SHARK|31/100|[from] item: Life Orb
|move|p2a: GENERAL BLADUS|Kowtow Cleave|p1a: Farigiraf
|-supereffective|p1a: Farigiraf|1
|-damage|p1a: Farigiraf|6/100
|-enditem|p1a: Farigiraf|Sitrus Berry|[eat]
|-heal|p1a: Farigiraf|30/100|[from] item: Sitrus Berry
|move|p1a: Farigiraf|Trick Room|p1a: Farigiraf
|-fieldstart|move: Trick Room|[of] p1a: Farigiraf
|
|upkeep
|
|t:|1783802672
|switch|p1b: Sylveon|Sylveon, L50, F, shiny|100/100
|turn|4
|
|t:|1783802692
|move|p1b: Sylveon|Protect|p1b: Sylveon
|-singleturn|p1b: Sylveon|Protect
|move|p1a: Farigiraf|Psychic|p2b: CRUSH SHARK
|-damage|p2b: CRUSH SHARK|0 fnt
|faint|p2b: CRUSH SHARK
|move|p2a: GENERAL BLADUS|Iron Head|p1b: Sylveon
|-activate|p1b: Sylveon|move: Protect
|
|-sideend|p2: lettitripppp|move: Tailwind
|upkeep
|turn|5
|inactive|yesertrerte has 30 seconds left.
|
|t:|1783802720
|move|p1b: Sylveon|Protect||[still]
|-fail|p1b: Sylveon
|move|p2a: GENERAL BLADUS|Iron Head|p1b: Sylveon
|-supereffective|p1b: Sylveon|1
|-damage|p1b: Sylveon|0 fnt
|faint|p1b: Sylveon
|move|p1a: Farigiraf|Trick Room|p1a: Farigiraf
|-fieldend|move: Trick Room
|
|upkeep
|turn|6
|-message|yesertrerte forfeited.
|
|win|lettitripppp
|l|☆yesertrerte
|player|p1|
||yesertrerte is ready for game 3.
