|j|☆mikodex
|j|☆WASHINGTONGARGACHA
|html|mikodexWASHINGTONGARGACHA    
|uhtml|bestof|Game 1 of a best-of-3
|t:|1756603964
|gametype|doubles
|player|p1|mikodex|2|1060
|player|p2|WASHINGTONGARGACHA|170|1147
|gen|9
|tier|[Gen 9] VGC 2025 Reg H (Bo3)
|rated|
|rule|Species Clause: Limit one of each Pokémon
|rule|Item Clause: Limit 1 of each item
|clearpoke
|poke|p1|Ninetales-Alola, L50, F|
|poke|p1|Sneasler, L50, M|
|poke|p1|Kingambit, L50, M|
|poke|p1|Amoonguss, L50, M|
|poke|p1|Garchomp, L50, F|
|poke|p1|Incineroar, L50, F|
|poke|p2|Gholdengo, L50|
|poke|p2|Ursaluna, L50, F|
|poke|p2|Archaludon, L50, M|
|poke|p2|Murkrow, L50, M|
|poke|p2|Farigiraf, L50, M|
|poke|p2|Palafin, L50, F|
|teampreview|4
|showteam|p1|Ninetales-Alola||LightClay|SnowWarning|Blizzard,Moonblast,AuroraVeil,Protect|||F|||50|,,,,,Ghost]Sneasler||FocusSash|PoisonTouch|DireClaw,CloseCombat,Coaching,FakeOut|||M|||50|,,,,,Flying]Kingambit||BlackGlasses|Defiant|KowtowCleave,Protect,SuckerPunch,TeraBlast|||M|||50|,,,,,Flying]Amoonguss||CovertCloak|Regenerator|PollenPuff,Protect,RagePowder,Spore|||M|||50|,,,,,Dark]Garchomp||LifeOrb|RoughSkin|StompingTantrum,Earthquake,DragonClaw,Protect|||F|||50|,,,,,Steel]Incineroar||AssaultVest|Intimidate|KnockOff,FakeOut,FlareBlitz,Uturn|||F|||50|,,,,,Bug
|showteam|p2|Gholdengo||LifeOrb|GoodasGold|ShadowBall,MakeItRain,NastyPlot,Protect||||||50|,,,,,Water]Ursaluna||FlameOrb|Guts|Facade,Earthquake,Protect,HeadlongRush|||F|||50|,,,,,Ghost]Archaludon||PowerHerb|Stamina|ElectroShot,FlashCannon,DracoMeteor,Protect|||M|||50|,,,,,Grass]Murkrow||Eviolite|Prankster|Tailwind,RainDance,FoulPlay,Haze|||M|||50|,,,,,Dark]Farigiraf||ThroatSpray|ArmorTail|HyperVoice,TrickRoom,Psychic,Protect|||M|||50|,,,,,Fairy]Palafin||ChoiceBand|ZerotoHero|FlipTurn,CloseCombat,JetPunch,WaveCrash|||F|||50|,,,,,Water
|
|t:|1756604016
|teamsize|p1|4
|teamsize|p2|4
|start
|switch|p1a: knox|Kingambit, L50, M|100/100
|switch|p1b: moonee|Amoonguss, L50, M|100/100
|switch|p2a: Murkrow|Murkrow, L50, M|100/100
|switch|p2b: Ursaluna|Ursaluna, L50, F|100/100
|turn|1
|
|t:|1756604077
|switch|p2a: Gholdengo|Gholdengo, L50|100/100
|-terastallize|p1a: knox|Flying
|move|p1a: knox|Tera Blast|p2a: Gholdengo|[anim] Tera Blast Flying
|-resisted|p2a: Gholdengo
|-damage|p2a: Gholdengo|75/100
|move|p2b: Ursaluna|Facade|p1a: knox
|-damage|p1a: knox|70/100
|move|p1b: moonee|Spore|p2a: Gholdengo
|-immune|p2a: Gholdengo|[from] ability: Good as Gold
|
|-status|p2b: Ursaluna|brn|[from] item: Flame Orb
|upkeep
|turn|2
|
|t:|1756604118
|move|p2a: Gholdengo|Protect|p2a: Gholdengo
|-singleturn|p2a: Gholdengo|Protect
|move|p1a: knox|Protect|p1a: knox
|-singleturn|p1a: knox|Protect
|move|p1b: moonee|Protect|p1b: moonee
|-singleturn|p1b: moonee|Protect
|move|p2b: Ursaluna|Facade|p1b: moonee
|-activate|p1b: moonee|move: Protect
|
|-damage|p2b: Ursaluna|94/100 brn|[from] brn
|upkeep
|turn|3
|
|t:|1756604162
|switch|p1b: Incineroar|Incineroar, L50, F|100/100
|-ability|p1b: Incineroar|Intimidate|boost
|-unboost|p2a: Gholdengo|atk|1
|-unboost|p2b: Ursaluna|atk|1
|move|p2a: Gholdengo|Nasty Plot|p2a: Gholdengo
|-boost|p2a: Gholdengo|spa|2
|move|p1a: knox|Kowtow Cleave|p2a: Gholdengo
|-supereffective|p2a: Gholdengo
|-damage|p2a: Gholdengo|0 fnt
|faint|p2a: Gholdengo
|move|p2b: Ursaluna|Facade|p1a: knox
|-damage|p1a: knox|2/100
|
|-damage|p2b: Ursaluna|88/100 brn|[from] brn
|upkeep
|
|t:|1756604177
|switch|p2a: Murkrow|Murkrow, L50, M|100/100
|turn|4
|
|t:|1756604214
|move|p1b: Incineroar|Fake Out|p2a: Murkrow
|-damage|p2a: Murkrow|81/100
|move|p1a: knox|Sucker Punch|p2b: Ursaluna
|-damage|p2b: Ursaluna|52/100 brn
|cant|p2a: Murkrow|flinch
|move|p2b: Ursaluna|Earthquake|p1a: knox|[spread] p1b
|-immune|p2a: Murkrow
|-immune|p1a: knox
|-supereffective|p1b: Incineroar
|-damage|p1b: Incineroar|23/100
|
|-damage|p2b: Ursaluna|46/100 brn|[from] brn
|upkeep
|turn|5
|
|t:|1756604256
|switch|p1b: moonee|Amoonguss, L50, M|100/100
|switch|p2b: Archaludon|Archaludon, L50, M|100/100
|move|p1a: knox|Sucker Punch||[still]
|-fail|p1a: knox
|move|p2a: Murkrow|Foul Play|p1a: knox
|-damage|p1a: knox|0 fnt
|faint|p1a: knox
|
|upkeep
|
|t:|1756604276
|switch|p1a: icela|Ninetales-Alola, L50, F|100/100
|-weather|Snowscape|[from] ability: Snow Warning|[of] p1a: icela
|turn|6
|
|t:|1756604315
|-terastallize|p2b: Archaludon|Grass
|move|p1a: icela|Protect|p1a: icela
|-singleturn|p1a: icela|Protect
|move|p2a: Murkrow|Tailwind|p2a: Murkrow
|-sidestart|p2: WASHINGTONGARGACHA|move: Tailwind
|move|p2b: Archaludon|Flash Cannon|p1a: icela
|-activate|p1a: icela|move: Protect
|move|p1b: moonee|Spore|p2b: Archaludon
|-immune|p2b: Archaludon
|
|-weather|Snowscape|[upkeep]
|upkeep
|turn|7
|
|t:|1756604337
|move|p1b: moonee|Rage Powder|p1b: moonee
|-singleturn|p1b: moonee|move: Rage Powder
|move|p2a: Murkrow|Rain Dance|p2a: Murkrow
|-weather|RainDance
|move|p2b: Archaludon|Electro Shot||[still]
|-prepare|p2b: Archaludon|Electro Shot
|-boost|p2b: Archaludon|spa|1
|-anim|p2b: Archaludon|Electro Shot|p1a: icela
|-damage|p1a: icela|24/100
|move|p1a: icela|Blizzard|p2b: Archaludon|[spread] 
|-miss|p1a: icela|p2a: Murkrow
|-miss|p1a: icela|p2b: Archaludon
|
|-weather|RainDance|[upkeep]
|upkeep
|turn|8
|
|t:|1756604364
|switch|p1b: Incineroar|Incineroar, L50, F|23/100
|-ability|p1b: Incineroar|Intimidate|boost
|-unboost|p2a: Murkrow|atk|1
|-unboost|p2b: Archaludon|atk|1
|move|p1a: icela|Protect|p1a: icela
|-singleturn|p1a: icela|Protect
|move|p2b: Archaludon|Flash Cannon|p1b: Incineroar
|-resisted|p1b: Incineroar
|-damage|p1b: Incineroar|4/100
|move|p2a: Murkrow|Foul Play|p1b: Incineroar
|-resisted|p1b: Incineroar
|-damage|p1b: Incineroar|0 fnt
|faint|p1b: Incineroar
|
|-weather|RainDance|[upkeep]
|upkeep
|
|t:|1756604379
|switch|p1b: moonee|Amoonguss, L50, M|100/100
|turn|9
|
|t:|1756604400
|move|p2b: Archaludon|Electro Shot||[still]
|-prepare|p2b: Archaludon|Electro Shot
|-boost|p2b: Archaludon|spa|1
|-anim|p2b: Archaludon|Electro Shot|p1a: icela
|-damage|p1a: icela|0 fnt
|faint|p1a: icela
|move|p2a: Murkrow|Foul Play|p1b: moonee
|-damage|p1b: moonee|83/100
|move|p1b: moonee|Spore|p2a: Murkrow
|-status|p2a: Murkrow|slp|[from] move: Spore
|
|-weather|RainDance|[upkeep]
|-sideend|p2: WASHINGTONGARGACHA|move: Tailwind
|upkeep
|turn|10
|
|t:|1756604416
|move|p2b: Archaludon|Electro Shot||[still]
|-prepare|p2b: Archaludon|Electro Shot
|-boost|p2b: Archaludon|spa|1
|-anim|p2b: Archaludon|Electro Shot|p1b: moonee
|-resisted|p1b: moonee
|-damage|p1b: moonee|34/100
|cant|p2a: Murkrow|slp
|move|p1b: moonee|Pollen Puff|p2b: Archaludon
|-supereffective|p2b: Archaludon
|-damage|p2b: Archaludon|47/100
|-ability|p2b: Archaludon|Stamina|boost
|-boost|p2b: Archaludon|def|1
|
|-weather|RainDance|[upkeep]
|upkeep
|turn|11
|
|t:|1756604439
|move|p2b: Archaludon|Electro Shot||[still]
|-prepare|p2b: Archaludon|Electro Shot
|-boost|p2b: Archaludon|spa|1
|-anim|p2b: Archaludon|Electro Shot|p1b: moonee
|-resisted|p1b: moonee
|-damage|p1b: moonee|0 fnt
|faint|p1b: moonee
|
|win|WASHINGTONGARGACHA
