|j|☆kyromax777
|j|☆yzuii
|html|kyromax777yzuii    
|uhtml|bestof|Game 2 of a best-of-3
|t:|1785499513
|gametype|doubles
|player|p1|kyromax777|101|
|player|p2|yzuii|kimonogirl|
|gen|9
|tier|[Gen 9 Champions] VGC 2026 Reg M-B (Bo3)
|rule|Species Clause: Limit one of each Pokémon
|rule|Item Clause: Limit 1 of each item
|clearpoke
|poke|p1|Ninetales, L50, F|
|poke|p1|Venusaur, L50, M|
|poke|p1|Pyroar, L50, M|
|poke|p1|Rhyperior, L50, F|
|poke|p1|Oranguru, L50, F|
|poke|p1|Eelektross, L50, F|
|poke|p2|Gengar, L50, F, shiny|
|poke|p2|Gallade, L50, M|
|poke|p2|Scrafty, L50, F|
|poke|p2|Arcanine-Hisui, L50, M|
|poke|p2|Corviknight, L50, F, shiny|
|poke|p2|Rotom-Wash, L50, shiny|
|teampreview|4
|showteam|p1|Ninetales||Charcoal|Drought|WeatherBall,Encore,HelpingHand,Protect|Timid||F|||50|]Venusaur||FocusSash|Chlorophyll|SludgeBomb,GigaDrain,SleepPowder,Protect|Modest||M|||50|]Pyroar||Pyroarite|Rivalry|HeatWave,Overheat,SolarBeam,Protect|Timid||M|||50|]Rhyperior||LifeOrb|SolidRock|Earthquake,RockSlide,HeavySlam,Protect|Brave||F|||50|]Oranguru||MentalHerb|Telepathy|Psychic,Instruct,TrickRoom,Protect|Relaxed||F|||50|]Eelektross||Eelektrossite|Levitate|Discharge,Flamethrower,DragonPulse,Protect|Modest||F|||50|
|showteam|p2|Gengar||Gengarite|CursedBody|ShadowBall,SludgeBomb,Protect,NastyPlot|Modest||F|||50|]Gallade||SitrusBerry|Sharpness|TrickRoom,SacredSword,PsychoCut,WideGuard|Brave||M|||50|]Scrafty||Scraftinite|Intimidate|FakeOut,KnockOff,DrainPunch,SwordsDance|Adamant||F|||50|]Arcanine-Hisui||FocusSash|RockHead|FlareBlitz,HeadSmash,RockSlide,Protect|Adamant||M|||50|]Corviknight||Leftovers|MirrorArmor|Tailwind,BulkUp,IronHead,BraveBird|Adamant||F|||50|]Rotom-Wash||LifeOrb|Levitate|HydroPump,Thunderbolt,VoltSwitch,Protect|Modest|||||50|
|
|t:|1785499553
|teamsize|p1|4
|teamsize|p2|4
|start
|switch|p1a: Ninetales|Ninetales, L50, F|100/100
|switch|p1b: Pyroar|Pyroar, L50, M|100/100
|switch|p2a: Grim Shady|Gengar, L50, F, shiny|100/100
|switch|p2b: Bark Obama|Arcanine-Hisui, L50, M|100/100
|-weather|SunnyDay|[from] ability: Drought|[of] p1a: Ninetales
|turn|1
|
|t:|1785499588
|switch|p1a: Rhyperior|Rhyperior, L50, F|100/100
|detailschange|p1b: Pyroar|Pyroar-Mega, L50, M
|-mega|p1b: Pyroar|Pyroar|Pyroarite
|detailschange|p2a: Grim Shady|Gengar-Mega, L50, F, shiny
|-mega|p2a: Grim Shady|Gengar|Gengarite
|move|p1b: Pyroar|Protect|p1b: Pyroar
|-singleturn|p1b: Pyroar|Protect
|move|p2a: Grim Shady|Sludge Bomb|p1b: Pyroar
|-activate|p1b: Pyroar|move: Protect
|move|p2b: Bark Obama|Rock Slide|p1b: Pyroar|[spread] p1a
|-activate|p1b: Pyroar|move: Protect
|-resisted|p1a: Rhyperior|1
|-damage|p1a: Rhyperior|91/100
|
|-weather|SunnyDay|[upkeep]
|upkeep
|turn|2
|
|t:|1785499614
|switch|p2a: Rotomachine|Rotom-Wash, L50, shiny|100/100
|move|p1b: Pyroar|Solar Beam||[still]
|-prepare|p1b: Pyroar|Solar Beam
|-anim|p1b: Pyroar|Solar Beam|p2b: Bark Obama
|-damage|p2b: Bark Obama|47/100
|move|p2b: Bark Obama|Head Smash|p1b: Pyroar
|-supereffective|p1b: Pyroar|1
|-damage|p1b: Pyroar|0 fnt
|faint|p1b: Pyroar
|move|p1a: Rhyperior|Rock Slide|p2b: Bark Obama|[spread] p2a,p2b
|-supereffective|p2b: Bark Obama|1
|-damage|p2a: Rotomachine|52/100
|-damage|p2b: Bark Obama|0 fnt
|faint|p2b: Bark Obama
|-damage|p1a: Rhyperior|81/100|[from] item: Life Orb
|
|-weather|SunnyDay|[upkeep]
|upkeep
|
|t:|1785499633
|switch|p1b: Oranguru|Oranguru, L50, F|100/100
|switch|p2b: Bladey Gaga|Gallade, L50, M|100/100
|turn|3
|
|t:|1785499645
|move|p1a: Rhyperior|Protect|p1a: Rhyperior
|-singleturn|p1a: Rhyperior|Protect
|move|p2a: Rotomachine|Volt Switch|p1b: Oranguru
|-damage|p1b: Oranguru|65/100
|-damage|p2a: Rotomachine|42/100|[from] item: Life Orb
|
|t:|1785499649
|switch|p2a: Grim Shady|Gengar-Mega, L50, F, shiny|100/100|[from] Volt Switch
|move|p1b: Oranguru|Psychic|p2a: Grim Shady
|-supereffective|p2a: Grim Shady|1
|-damage|p2a: Grim Shady|25/100
|move|p2b: Bladey Gaga|Trick Room|p2b: Bladey Gaga
|-fieldstart|move: Trick Room|[of] p2b: Bladey Gaga
|
|-weather|SunnyDay|[upkeep]
|upkeep
|turn|4
|
|t:|1785499674
|switch|p2a: Rotomachine|Rotom-Wash, L50, shiny|42/100
|move|p1a: Rhyperior|Earthquake|p2a: Rotomachine|[spread] p2b
|-activate|p1b: Oranguru|ability: Telepathy
|-immune|p2a: Rotomachine|[from] ability: Levitate
|-damage|p2b: Bladey Gaga|30/100
|-enditem|p2b: Bladey Gaga|Sitrus Berry|[eat]
|-heal|p2b: Bladey Gaga|55/100|[from] item: Sitrus Berry
|-damage|p1a: Rhyperior|71/100|[from] item: Life Orb
|move|p1b: Oranguru|Instruct|p1a: Rhyperior
|-singleturn|p1a: Rhyperior|move: Instruct|[of] p1b: Oranguru
|move|p1a: Rhyperior|Earthquake|p2a: Rotomachine|[spread] p2b
|-activate|p1b: Oranguru|ability: Telepathy
|-immune|p2a: Rotomachine|[from] ability: Levitate
|-damage|p2b: Bladey Gaga|0 fnt
|faint|p2b: Bladey Gaga
|-damage|p1a: Rhyperior|61/100|[from] item: Life Orb
|
|-weather|SunnyDay|[upkeep]
|upkeep
|
|t:|1785499693
|switch|p2b: Grim Shady|Gengar-Mega, L50, F, shiny|25/100
|turn|5
|
|t:|1785499707
|move|p2b: Grim Shady|Protect|p2b: Grim Shady
|-singleturn|p2b: Grim Shady|Protect
|move|p1a: Rhyperior|Rock Slide|p2a: Rotomachine|[spread] p2a
|-activate|p2b: Grim Shady|move: Protect
|-damage|p2a: Rotomachine|0 fnt
|faint|p2a: Rotomachine
|-damage|p1a: Rhyperior|51/100|[from] item: Life Orb
|move|p1b: Oranguru|Instruct|p1a: Rhyperior
|-singleturn|p1a: Rhyperior|move: Instruct|[of] p1b: Oranguru
|move|p1a: Rhyperior|Rock Slide|p2b: Grim Shady
|-activate|p2b: Grim Shady|move: Protect
|
|-weather|none
|upkeep
|turn|6
|
|t:|1785499726
|move|p1a: Rhyperior|Rock Slide|p2b: Grim Shady
|-damage|p2b: Grim Shady|0 fnt
|faint|p2b: Grim Shady
|-damage|p1a: Rhyperior|41/100|[from] item: Life Orb
|
|win|kyromax777
|c|☆kyromax777|Gg
