|j|☆NoitUK_VGC
|j|☆Masonononon
|html|NoitUK_VGCMasonononon    
|uhtml|bestof|Game 1 of a best-of-3
|t:|1782508959
|gametype|doubles
|player|p1|NoitUK_VGC|2|1048
|player|p2|Masonononon|1|1060
|gen|9
|tier|[Gen 9 Champions] VGC 2026 Reg M-B (Bo3)
|rated|
|rule|Species Clause: Limit one of each Pokémon
|rule|Item Clause: Limit 1 of each item
|clearpoke
|poke|p1|Raichu, L50, M, shiny|
|poke|p1|Pelipper, L50, M|
|poke|p1|Sableye, L50, M|
|poke|p1|Swampert, L50, F|
|poke|p1|Archaludon, L50, M|
|poke|p1|Sinistcha-Masterpiece, L50, shiny|
|poke|p2|Lucario, L50, M, shiny|
|poke|p2|Whimsicott, L50, M, shiny|
|poke|p2|Sinistcha-Masterpiece, L50|
|poke|p2|Garchomp, L50, M|
|poke|p2|Tyranitar, L50, F|
|poke|p2|Starmie, L50, shiny|
|teampreview|4
|showteam|p1|Raichu||RaichuniteX|LightningRod|PlayRough,VoltTackle,VoltSwitch,FakeOut|Hasty||M|||50|]Pelipper||SitrusBerry|Drizzle|WeatherBall,Hurricane,Tailwind,WideGuard|Bold||M|||50|]Sableye||RoseliBerry|Prankster|FakeOut,FoulPlay,Quash,RainDance|Relaxed||M|||50|]Swampert||Swampertite|Torrent|Protect,WaveCrash,HighHorsepower,Earthquake|Adamant||F|||50|]Archaludon||Leftovers|Stamina|Protect,ElectroShot,DragonPulse,FlashCannon|Modest||M|||50|]Sinistcha-Masterpiece||KasibBerry|Hospitality|Protect,MatchaGotcha,RagePowder,TrickRoom|Bold|||||50|
|showteam|p2|Lucario||Lucarionite|Steadfast|AuraSphere,CloseCombat,FlashCannon,StoneEdge|Naive||M|||50|]Whimsicott||FairyFeather|Prankster|Tailwind,Encore,FakeTears,Moonblast|Timid||M|||50|]Sinistcha-Masterpiece||CobaBerry|Hospitality|MatchaGotcha,RagePowder,TrickRoom,Protect|Serious|||||50|]Garchomp||Leftovers|SandVeil|DragonClaw,Earthquake,SwordsDance,Protect|Jolly||M|||50|]Tyranitar||ChopleBerry|SandStream|StealthRock,RockTomb,ThunderWave,KnockOff|Careful||F|||50|]Starmie||Starminite|Illuminate|SkillSwap,AquaJet,SelfDestruct,Protect|Jolly|||||50|
|inactive|Battle timer is ON: inactive players will automatically lose when time's up. (requested by NoitUK_VGC)
|
|t:|1782508985
|teamsize|p1|4
|teamsize|p2|4
|start
|switch|p1a: Raichu|Raichu, L50, M, shiny|100/100
|switch|p1b: Archaludon|Archaludon, L50, M|100/100
|switch|p2a: Cynthia|Garchomp, L50, M|100/100
|switch|p2b: Starmie|Starmie, L50, shiny|100/100
|turn|1
|inactive|NoitUK_VGC has 30 seconds left.
|inactive|NoitUK_VGC has 20 seconds left.
|
|t:|1782509023
|detailschange|p2b: Starmie|Starmie-Mega, L50, shiny
|-mega|p2b: Starmie|Starmie|Starminite
|detailschange|p1a: Raichu|Raichu-Mega-X, L50, M, shiny
|-mega|p1a: Raichu|Raichu|Raichunite X
|-fieldstart|move: Electric Terrain|[from] ability: Electric Surge|[of] p1a: Raichu
|move|p2b: Starmie|Protect|p2b: Starmie
|-singleturn|p2b: Starmie|Protect
|move|p2a: Cynthia|Protect|p2a: Cynthia
|-singleturn|p2a: Cynthia|Protect
|move|p1a: Raichu|Volt Switch|p2b: Starmie
|-activate|p2b: Starmie|move: Protect
|move|p1b: Archaludon|Dragon Pulse|p2a: Cynthia
|-activate|p2a: Cynthia|move: Protect
|
|upkeep
|turn|2
|inactive|NoitUK_VGC has 30 seconds left.
|
|t:|1782509052
|switch|p1a: Pelipper|Pelipper, L50, M|100/100
|-weather|RainDance|[from] ability: Drizzle|[of] p1a: Pelipper
|move|p1b: Archaludon|Protect|p1b: Archaludon
|-singleturn|p1b: Archaludon|Protect
|move|p2b: Starmie|Skill Swap|p2a: Cynthia
|-activate|p2b: Starmie|Skill Swap|||[of] p2a: Cynthia
|move|p2a: Cynthia|Earthquake|p1b: Archaludon|[spread] p2b
|-activate|p1b: Archaludon|move: Protect
|-immune|p1a: Pelipper
|-damage|p2b: Starmie|17/100
|
|-weather|RainDance|[upkeep]
|upkeep
|turn|3
|
|t:|1782509073
|move|p2b: Starmie|Protect|p2b: Starmie
|-singleturn|p2b: Starmie|Protect
|move|p1a: Pelipper|Wide Guard|p1a: Pelipper
|-singleturn|p1a: Pelipper|Wide Guard
|move|p2a: Cynthia|Earthquake|p1a: Pelipper|[spread] 
|-activate|p1a: Pelipper|move: Wide Guard
|-activate|p1b: Archaludon|move: Wide Guard
|-activate|p2b: Starmie|move: Protect
|move|p1b: Archaludon|Dragon Pulse|p2a: Cynthia
|-supereffective|p2a: Cynthia|1
|-damage|p2a: Cynthia|9/100
|
|-weather|RainDance|[upkeep]
|-heal|p2a: Cynthia|15/100|[from] item: Leftovers
|upkeep
|turn|4
|
|t:|1782509090
|move|p1b: Archaludon|Protect|p1b: Archaludon
|-singleturn|p1b: Archaludon|Protect
|move|p2b: Starmie|Aqua Jet|p1b: Archaludon
|-activate|p1b: Archaludon|move: Protect
|move|p2a: Cynthia|Dragon Claw|p1a: Pelipper
|-damage|p1a: Pelipper|19/100
|-enditem|p1a: Pelipper|Sitrus Berry|[eat]
|-heal|p1a: Pelipper|44/100|[from] item: Sitrus Berry
|move|p1a: Pelipper|Tailwind|p1a: Pelipper
|-sidestart|p1: NoitUK_VGC|move: Tailwind
|
|-weather|RainDance|[upkeep]
|-heal|p2a: Cynthia|21/100|[from] item: Leftovers
|upkeep
|turn|5
|
|t:|1782509110
|switch|p2b: Sinistcha|Sinistcha-Masterpiece, L50|100/100
|-heal|p2a: Cynthia|45/100|[from] ability: Hospitality|[of] p2b: Sinistcha
|switch|p2a: Tyranitar|Tyranitar, L50, F|100/100
|-weather|Sandstorm|[from] ability: Sand Stream|[of] p2a: Tyranitar
|move|p1b: Archaludon|Electro Shot||[still]
|-prepare|p1b: Archaludon|Electro Shot
|-boost|p1b: Archaludon|spa|1
|move|p1a: Pelipper|Weather Ball|p2a: Tyranitar
|-damage|p2a: Tyranitar|90/100
|
|-weather|Sandstorm|[upkeep]
|-damage|p1a: Pelipper|38/100|[from] Sandstorm
|-damage|p2b: Sinistcha|93/100|[from] Sandstorm
|-fieldend|move: Electric Terrain
|upkeep
|turn|6
|inactive|NoitUK_VGC has 30 seconds left.
|inactive|Masonononon has 30 seconds left.
|
|t:|1782509141
|switch|p1a: Swampert|Swampert, L50, F|100/100
|move|p1b: Archaludon|Electro Shot|p2b: Sinistcha|[from] lockedmove
|-resisted|p2b: Sinistcha|1
|-damage|p2b: Sinistcha|62/100
|move|p2a: Tyranitar|Knock Off|p1a: Swampert
|-damage|p1a: Swampert|69/100
|move|p2b: Sinistcha|Trick Room|p2b: Sinistcha
|-fieldstart|move: Trick Room|[of] p2b: Sinistcha
|
|-weather|Sandstorm|[upkeep]
|-damage|p2b: Sinistcha|56/100|[from] Sandstorm
|upkeep
|turn|7
|inactive|NoitUK_VGC has 30 seconds left.
|
|t:|1782509166
|switch|p2a: Cynthia|Garchomp, L50, M|45/100
|switch|p1a: Pelipper|Pelipper, L50, M|38/100
|-weather|RainDance|[from] ability: Drizzle|[of] p1a: Pelipper
|move|p2b: Sinistcha|Matcha Gotcha|p1a: Pelipper|[spread] p1a,p1b
|-crit|p1a: Pelipper
|-resisted|p1b: Archaludon|2
|-damage|p1a: Pelipper|0 fnt
|-heal|p2b: Sinistcha|74/100|[from] drain|[of] p1a: Pelipper
|-damage|p1b: Archaludon|93/100
|-heal|p2b: Sinistcha|78/100|[from] drain|[of] p1b: Archaludon
|-ability|p1b: Archaludon|Stamina|boost
|-boost|p1b: Archaludon|def|1
|faint|p1a: Pelipper
|move|p1b: Archaludon|Flash Cannon|p2a: Cynthia
|-damage|p2a: Cynthia|0 fnt
|faint|p2a: Cynthia
|
|-weather|RainDance|[upkeep]
|-heal|p1b: Archaludon|99/100|[from] item: Leftovers
|-sideend|p1: NoitUK_VGC|move: Tailwind
|upkeep
|
|t:|1782509186
|switch|p1a: Swampert|Swampert, L50, F|69/100
|switch|p2a: Starmie|Starmie-Mega, L50, shiny|17/100
|turn|8
|
|t:|1782509199
|move|p1a: Swampert|Protect|p1a: Swampert
|-singleturn|p1a: Swampert|Protect
|move|p2b: Sinistcha|Matcha Gotcha|p1b: Archaludon|[spread] p1b
|-activate|p1a: Swampert|move: Protect
|-resisted|p1b: Archaludon|2
|-damage|p1b: Archaludon|93/100
|-heal|p2b: Sinistcha|81/100|[from] drain|[of] p1b: Archaludon
|-ability|p1b: Archaludon|Stamina|boost
|-boost|p1b: Archaludon|def|1
|move|p1b: Archaludon|Dragon Pulse|p2a: Starmie
|-damage|p2a: Starmie|0 fnt
|faint|p2a: Starmie
|
|-weather|RainDance|[upkeep]
|-heal|p1b: Archaludon|99/100|[from] item: Leftovers
|upkeep
|
|t:|1782509202
|switch|p2a: Tyranitar|Tyranitar, L50, F|90/100
|-weather|Sandstorm|[from] ability: Sand Stream|[of] p2a: Tyranitar
|turn|9
|
|t:|1782509224
|switch|p1a: Raichu|Raichu-Mega-X, L50, M, shiny|100/100
|-fieldstart|move: Electric Terrain|[from] ability: Electric Surge|[of] p1a: Raichu
|move|p2a: Tyranitar|Thunder Wave|p1b: Archaludon
|-status|p1b: Archaludon|par
|move|p1b: Archaludon|Flash Cannon|p2a: Tyranitar
|-supereffective|p2a: Tyranitar|1
|-damage|p2a: Tyranitar|43/100
|move|p2b: Sinistcha|Matcha Gotcha|p1b: Archaludon|[spread] p1a,p1b
|-resisted|p1b: Archaludon|2
|-damage|p1a: Raichu|67/100
|-heal|p2b: Sinistcha|94/100|[from] drain|[of] p1a: Raichu
|-damage|p1b: Archaludon|92/100 par
|-heal|p2b: Sinistcha|98/100|[from] drain|[of] p1b: Archaludon
|-ability|p1b: Archaludon|Stamina|boost
|-boost|p1b: Archaludon|def|1
|
|-weather|Sandstorm|[upkeep]
|-damage|p2b: Sinistcha|92/100|[from] Sandstorm
|-damage|p1a: Raichu|62/100|[from] Sandstorm
|-heal|p1b: Archaludon|98/100 par|[from] item: Leftovers
|upkeep
|turn|10
|inactive|NoitUK_VGC has 30 seconds left.
|inactive|Masonononon has 30 seconds left.
|
|t:|1782509252
|move|p1a: Raichu|Fake Out|p2a: Tyranitar
|-resisted|p2a: Tyranitar|1
|-damage|p2a: Tyranitar|38/100
|move|p1b: Archaludon|Dragon Pulse|p2b: Sinistcha
|-damage|p2b: Sinistcha|27/100
|cant|p2a: Tyranitar|flinch
|move|p2b: Sinistcha|Matcha Gotcha|p1b: Archaludon|[spread] p1a,p1b
|-resisted|p1b: Archaludon|2
|-damage|p1a: Raichu|32/100
|-heal|p2b: Sinistcha|39/100|[from] drain|[of] p1a: Raichu
|-damage|p1b: Archaludon|92/100 par
|-heal|p2b: Sinistcha|43/100|[from] drain|[of] p1b: Archaludon
|-ability|p1b: Archaludon|Stamina|boost
|-boost|p1b: Archaludon|def|1
|
|-weather|Sandstorm|[upkeep]
|-damage|p2b: Sinistcha|37/100|[from] Sandstorm
|-damage|p1a: Raichu|26/100|[from] Sandstorm
|-heal|p1b: Archaludon|98/100 par|[from] item: Leftovers
|-fieldend|move: Trick Room
|upkeep
|turn|11
|inactive|NoitUK_VGC has 30 seconds left.
|
|t:|1782509277
|move|p1a: Raichu|Volt Switch|p2a: Tyranitar
|-damage|p2a: Tyranitar|23/100
|
|t:|1782509280
|switch|p1a: Swampert|Swampert, L50, F|69/100|[from] Volt Switch
|move|p2b: Sinistcha|Matcha Gotcha|p1b: Archaludon|[spread] p1a,p1b
|-supereffective|p1a: Swampert|2
|-crit|p1a: Swampert
|-resisted|p1b: Archaludon|2
|-damage|p1a: Swampert|0 fnt
|-heal|p2b: Sinistcha|71/100|[from] drain|[of] p1a: Swampert
|-damage|p1b: Archaludon|91/100 par
|-heal|p2b: Sinistcha|75/100|[from] drain|[of] p1b: Archaludon
|-ability|p1b: Archaludon|Stamina|boost
|-boost|p1b: Archaludon|def|1
|faint|p1a: Swampert
|move|p2a: Tyranitar|Knock Off|p1b: Archaludon
|-damage|p1b: Archaludon|82/100 par
|-ability|p1b: Archaludon|Stamina|boost
|-boost|p1b: Archaludon|def|1
|-enditem|p1b: Archaludon|Leftovers|[from] move: Knock Off|[of] p2a: Tyranitar
|move|p1b: Archaludon|Flash Cannon|p2a: Tyranitar
|-supereffective|p2a: Tyranitar|1
|-damage|p2a: Tyranitar|0 fnt
|faint|p2a: Tyranitar
|
|-weather|Sandstorm|[upkeep]
|-damage|p2b: Sinistcha|69/100|[from] Sandstorm
|upkeep
|
|t:|1782509302
|switch|p1a: Raichu|Raichu-Mega-X, L50, M, shiny|26/100
|turn|12
|
|t:|1782509310
|move|p1a: Raichu|Volt Tackle|p2b: Sinistcha
|-resisted|p2b: Sinistcha|1
|-damage|p2b: Sinistcha|41/100
|-damage|p1a: Raichu|14/100|[from] Recoil
|move|p2b: Sinistcha|Matcha Gotcha|p1a: Raichu|[spread] p1a,p1b
|-resisted|p1b: Archaludon|2
|-damage|p1a: Raichu|0 fnt
|-heal|p2b: Sinistcha|46/100|[from] drain|[of] p1a: Raichu
|-damage|p1b: Archaludon|75/100 par
|-heal|p2b: Sinistcha|50/100g|[from] drain|[of] p1b: Archaludon
|faint|p1a: Raichu
|move|p1b: Archaludon|Dragon Pulse|p2b: Sinistcha
|-damage|p2b: Sinistcha|0 fnt
|faint|p2b: Sinistcha
|
|win|NoitUK_VGC
||Masonononon is ready for game 2.
|inactive|NoitUK_VGC has 30 seconds to confirm battle start!
