|j|☆BlackStag52
|j|☆Pineyfressh
|html|BlackStag52Pineyfressh    
|uhtml|bestof|Game 1 of a best-of-3
|t:|1782347878
|gametype|doubles
|player|p1|BlackStag52|lorelei-gen3|1130
|player|p2|Pineyfressh|2|1154
|gen|9
|tier|[Gen 9 Champions] VGC 2026 Reg M-B (Bo3)
|rated|
|rule|Species Clause: Limit one of each Pokémon
|rule|Item Clause: Limit 1 of each item
|clearpoke
|poke|p1|Garchomp, L50, M|
|poke|p1|Eelektross, L50, F|
|poke|p1|Sinistcha, L50|
|poke|p1|Primarina, L50, F|
|poke|p1|Vivillon-High Plains, L50, F|
|poke|p1|Sneasler, L50, F|
|poke|p2|Kingambit, L50, M|
|poke|p2|Farigiraf, L50, M|
|poke|p2|Cofagrigus, L50, M|
|poke|p2|Toxapex, L50, M|
|poke|p2|Scovillain, L50, F|
|poke|p2|Drampa, L50, F|
|teampreview|4
|showteam|p1|Garchomp||LifeOrb|RoughSkin|DragonClaw,Earthquake,Protect,RockSlide|Impish||M|||50|]Eelektross||Eelektrossite|Levitate|GrassKnot,Thunderbolt,Protect,Flamethrower|Modest||F|||50|]Sinistcha||KasibBerry|Hospitality|MatchaGotcha,RagePowder,TrickRoom,LifeDew|Bold|||||50|]Primarina||FairyFeather|LiquidVoice|DazzlingGleam,EnergyBall,HyperVoice,Protect|Modest||F|||50|]Vivillon-High Plains||FocusSash|FriendGuard|Tailwind,AirSlash,PollenPuff,Protect|Timid||F|||50|]Sneasler||WhiteHerb|Unburden|FakeOut,CloseCombat,DireClaw,Protect|Adamant||F|||50|
|showteam|p2|Kingambit||BlackGlasses|Defiant|SuckerPunch,IronHead,BrickBreak,Protect|Adamant||M|||50|]Farigiraf||Leftovers|ArmorTail|TrickRoom,Protect,TwinBeam,DazzlingGleam|Relaxed||M|||50|]Cofagrigus||MentalHerb|Mummy|TrickRoom,Haze,WillOWisp,NightShade|Sassy||M|||50|]Toxapex||SitrusBerry|Merciless|BanefulBunker,Toxic,ChillingWater,Infestation|Bold||M|||50|]Scovillain||Scovillainite|Chlorophyll|LeechSeed,Protect,GigaDrain,Flamethrower|Calm||F|||50|]Drampa||Drampanite|Berserk|CalmMind,HyperVoice,DracoMeteor,Protect|Modest||F|||50|
|inactive|Battle timer is ON: inactive players will automatically lose when time's up. (requested by Pineyfressh)
|
|t:|1782347935
|teamsize|p1|4
|teamsize|p2|4
|start
|switch|p1a: Sneasler|Sneasler, L50, F|100/100
|switch|p1b: Eelektross|Eelektross, L50, F|100/100
|switch|p2a: Cofagrigus|Cofagrigus, L50, M|100/100
|switch|p2b: Toxapex|Toxapex, L50, M|100/100
|turn|1
|inactive|BlackStag52 has 30 seconds left.
|
|t:|1782347962
|switch|p1a: Garchomp|Garchomp, L50, M|100/100
|detailschange|p1b: Eelektross|Eelektross-Mega, L50, F
|-mega|p1b: Eelektross|Eelektross|Eelektrossite
|move|p1b: Eelektross|Thunderbolt|p2b: Toxapex
|-supereffective|p2b: Toxapex|1
|-damage|p2b: Toxapex|22/100
|-enditem|p2b: Toxapex|Sitrus Berry|[eat]
|-heal|p2b: Toxapex|47/100|[from] item: Sitrus Berry
|move|p2b: Toxapex|Toxic|p1b: Eelektross
|-status|p1b: Eelektross|tox
|move|p2a: Cofagrigus|Trick Room|p2a: Cofagrigus
|-fieldstart|move: Trick Room|[of] p2a: Cofagrigus
|
|-damage|p1b: Eelektross|93/100 tox|[from] psn
|upkeep
|turn|2
|
|t:|1782347983
|move|p2b: Toxapex|Baneful Bunker|p2b: Toxapex
|-singleturn|p2b: Toxapex|move: Protect
|move|p2a: Cofagrigus|Will-O-Wisp|p1a: Garchomp
|-status|p1a: Garchomp|brn
|move|p1b: Eelektross|Thunderbolt|p2a: Cofagrigus
|-damage|p2a: Cofagrigus|68/100
|move|p1a: Garchomp|Earthquake|p2b: Toxapex|[spread] p2a
|-activate|p2b: Toxapex|move: Protect
|-immune|p1b: Eelektross|[from] ability: Levitate
|-damage|p2a: Cofagrigus|52/100
|-damage|p1a: Garchomp|90/100 brn|[from] item: Life Orb
|
|-damage|p1b: Eelektross|81/100 tox|[from] psn
|-damage|p1a: Garchomp|84/100 brn|[from] brn
|upkeep
|turn|3
|inactive|Pineyfressh has 30 seconds left.
|
|t:|1782348009
|move|p2a: Cofagrigus|Night Shade|p1a: Garchomp
|-damage|p1a: Garchomp|57/100 brn
|move|p2b: Toxapex|Infestation|p1b: Eelektross
|-crit|p1b: Eelektross
|-damage|p1b: Eelektross|75/100 tox
|-activate|p1b: Eelektross|move: Infestation|[of] p2b: Toxapex
|move|p1b: Eelektross|Thunderbolt|p2a: Cofagrigus
|-damage|p2a: Cofagrigus|13/100
|move|p1a: Garchomp|Earthquake|p2b: Toxapex|[spread] p2a,p2b
|-immune|p1b: Eelektross|[from] ability: Levitate
|-supereffective|p2b: Toxapex|1
|-damage|p2a: Cofagrigus|0 fnt
|-damage|p2b: Toxapex|24/100
|faint|p2a: Cofagrigus
|-damage|p1a: Garchomp|47/100 brn|[from] item: Life Orb
|
|-damage|p1b: Eelektross|56/100 tox|[from] psn
|-damage|p1a: Garchomp|41/100 brn|[from] brn
|-damage|p1b: Eelektross|44/100 tox|[from] move: Infestation|[partiallytrapped]
|upkeep
|
|t:|1782348028
|switch|p2a: Drampa|Drampa, L50, F|100/100
|turn|4
|
|t:|1782348047
|detailschange|p2a: Drampa|Drampa-Mega, L50, F
|-mega|p2a: Drampa|Drampa|Drampanite
|move|p2b: Toxapex|Baneful Bunker|p2b: Toxapex
|-singleturn|p2b: Toxapex|move: Protect
|move|p1a: Garchomp|Protect|p1a: Garchomp
|-singleturn|p1a: Garchomp|Protect
|move|p2a: Drampa|Hyper Voice|p1a: Garchomp|[spread] p1b
|-activate|p1a: Garchomp|move: Protect
|-damage|p1b: Eelektross|2/100 tox
|move|p1b: Eelektross|Thunderbolt|p2b: Toxapex
|-activate|p2b: Toxapex|move: Protect
|
|-damage|p1b: Eelektross|0 fnt|[from] psn
|faint|p1b: Eelektross
|-damage|p1a: Garchomp|35/100 brn|[from] brn
|upkeep
|
|t:|1782348052
|switch|p1b: Primarina|Primarina, L50, F|100/100
|turn|5
|
|t:|1782348073
|move|p2b: Toxapex|Toxic|p1b: Primarina
|-status|p1b: Primarina|tox
|move|p2a: Drampa|Hyper Voice|p1b: Primarina|[spread] p1a,p1b
|-damage|p1a: Garchomp|0 fnt
|-damage|p1b: Primarina|59/100 tox
|faint|p1a: Garchomp
|move|p1b: Primarina|Dazzling Gleam|p2a: Drampa|[spread] p2a,p2b
|-supereffective|p2a: Drampa|1
|-resisted|p2b: Toxapex|1
|-damage|p2a: Drampa|37/100
|-damage|p2b: Toxapex|8/100
|-ability|p2a: Drampa|Berserk|boost
|-boost|p2a: Drampa|spa|1
|
|-damage|p1b: Primarina|54/100 tox|[from] psn
|-fieldend|move: Trick Room
|upkeep
|
|t:|1782348083
|switch|p1a: Sneasler|Sneasler, L50, F|100/100
|turn|6
|
|t:|1782348096
|move|p2a: Drampa|Protect|p2a: Drampa
|-singleturn|p2a: Drampa|Protect
|move|p1a: Sneasler|Fake Out|p2a: Drampa
|-activate|p2a: Drampa|move: Protect
|move|p1b: Primarina|Dazzling Gleam|p2a: Drampa|[spread] p2b
|-activate|p2a: Drampa|move: Protect
|-resisted|p2b: Toxapex|1
|-damage|p2b: Toxapex|0 fnt
|faint|p2b: Toxapex
|
|-damage|p1b: Primarina|42/100 tox|[from] psn
|upkeep
|
|t:|1782348106
|switch|p2b: Scovillain|Scovillain, L50, F|100/100
|turn|7
|
|t:|1782348122
|move|p1a: Sneasler|Dire Claw|p2b: Scovillain
|-supereffective|p2b: Scovillain|1
|-damage|p2b: Scovillain|0 fnt
|faint|p2b: Scovillain
|move|p1b: Primarina|Dazzling Gleam|p2a: Drampa
|-supereffective|p2a: Drampa|1
|-damage|p2a: Drampa|0 fnt
|faint|p2a: Drampa
|
|win|BlackStag52
