|j|☆SacredZzz
|j|☆Declan777
|html|SacredZzzDeclan777    
|uhtml|bestof|Game 1 of a best-of-3
|t:|1784055818
|gametype|doubles
|player|p1|SacredZzz|cynthia-gen4|1069
|player|p2|Declan777|unknown|1150
|gen|9
|tier|[Gen 9 Champions] VGC 2026 Reg M-B (Bo3)
|rated|
|rule|Species Clause: Limit one of each Pokémon
|rule|Item Clause: Limit 1 of each item
|clearpoke
|poke|p1|Zoroark-Hisui, L50, F|
|poke|p1|Kangaskhan, L50, F|
|poke|p1|Whimsicott, L50, F|
|poke|p1|Gholdengo, L50|
|poke|p1|Incineroar, L50, M|
|poke|p1|Raichu, L50, M|
|poke|p2|Ampharos, L50, F|
|poke|p2|Sinistcha, L50|
|poke|p2|Metagross, L50, shiny|
|poke|p2|Toxapex, L50, F|
|poke|p2|Pelipper, L50, M|
|poke|p2|Tauros-Paldea-Aqua, L50, M|
|teampreview|4
|showteam|p1|Zoroark-Hisui||FocusSash|Illusion|IcyWind,BitterMalice,Protect,Taunt|Timid||F|||50|]Kangaskhan||Kangaskhanite|EarlyBird|FakeOut,DoubleEdge,DrainPunch,SuckerPunch|Adamant||F|||50|]Whimsicott||KebiaBerry|Prankster|Tailwind,Tickle,Encore,Moonblast|Timid||F|||50|]Gholdengo||LifeOrb|GoodasGold|NastyPlot,ShadowBall,Protect,MakeItRain|Timid|||||50|]Incineroar||ChopleBerry|Intimidate|FakeOut,FlareBlitz,CloseCombat,ThroatChop|Adamant||M|||50|]Raichu||RaichuniteY|Static|VoltSwitch,FocusBlast,ZapCannon,Protect|Timid||M|||50|
|showteam|p2|Ampharos||Ampharosite|Static|CottonGuard,Thunderbolt,DragonPulse,Protect|Modest||F|||50|]Sinistcha||SitrusBerry|Hospitality|TrickRoom,MatchaGotcha,RagePowder,Protect|Bold|||||50|]Metagross||Metagrossite|ClearBody|IronHead,BulletPunch,PsychicFangs,Protect|Jolly|||||50|]Toxapex||Leftovers|Regenerator|Toxic,BanefulBunker,Infestation,WideGuard|Sassy||F|||50|]Pelipper||FocusSash|Drizzle|WeatherBall,Hurricane,IceBeam,Protect|Modest||M|||50|]Tauros-Paldea-Aqua||LifeOrb|Intimidate|AquaJet,CloseCombat,WaveCrash,Protect|Jolly||M|||50|
|inactive|Battle timer is ON: inactive players will automatically lose when time's up. (requested by SacredZzz)
|
|t:|1784055916
|teamsize|p1|4
|teamsize|p2|4
|start
|switch|p1a: Whimsicott|Whimsicott, L50, F|100/100
|switch|p1b: Kangaskhan|Kangaskhan, L50, F|100/100
|switch|p2a: Ampharos|Ampharos, L50, F|100/100
|switch|p2b: Pelipper|Pelipper, L50, M|100/100
|-weather|RainDance|[from] ability: Drizzle|[of] p2b: Pelipper
|turn|1
|inactive|SacredZzz has 30 seconds left.
|inactive|Declan777 has 30 seconds left.
|inactive|Declan777 has 20 seconds left.
|inactive|Declan777 has 15 seconds left.
|
|t:|1784055957
|detailschange|p1b: Kangaskhan|Kangaskhan-Mega, L50, F
|-mega|p1b: Kangaskhan|Kangaskhan|Kangaskhanite
|detailschange|p2a: Ampharos|Ampharos-Mega, L50, F
|-mega|p2a: Ampharos|Ampharos|Ampharosite
|-ability|p2a: Ampharos|Mold Breaker
|move|p1b: Kangaskhan|Fake Out|p2a: Ampharos
|-damage|p2a: Ampharos|78/100
|-damage|p2a: Ampharos|73/100
|-hitcount|p2a: Ampharos|2
|move|p1a: Whimsicott|Icy Wind|p2a: Ampharos|[spread] p2a,p2b
|-supereffective|p2a: Ampharos|1
|-crit|p2b: Pelipper
|-damage|p2a: Ampharos|53/100
|-damage|p2b: Pelipper|66/100
|-unboost|p2a: Ampharos|spe|1
|-unboost|p2b: Pelipper|spe|1
|move|p2b: Pelipper|Hurricane|p1a: Whimsicott
|-enditem|p1a: Whimsicott|Focus Sash
|-damage|p1a: Whimsicott|1/100
|replace|p1a: Zoroark|Zoroark-Hisui, L50, F
|-end|p1a: Zoroark|Illusion
|cant|p2a: Ampharos|flinch
|
|-weather|RainDance|[upkeep]
|upkeep
|turn|2
|inactive|SacredZzz has 30 seconds left.
|inactive|Declan777 has 30 seconds left.
|inactive|SacredZzz has 20 seconds left.
|inactive|Declan777 has 20 seconds left.
|inactive|SacredZzz has 15 seconds left.
|inactive|Declan777 has 15 seconds left.
|inactive|Declan777 has 10 seconds left.
|
|t:|1784056003
|switch|p2a: Tauros|Tauros-Paldea-Aqua, L50, M|100/100
|-ability|p2a: Tauros|Intimidate|boost
|-unboost|p1a: Zoroark|atk|1
|-unboost|p1b: Kangaskhan|atk|1
|move|p1a: Zoroark|Bitter Malice|p2b: Pelipper
|-damage|p2b: Pelipper|0 fnt
|faint|p2b: Pelipper
|move|p1b: Kangaskhan|Double-Edge|p2a: Tauros
|-damage|p2a: Tauros|46/100
|-damage|p2a: Tauros|34/100
|-hitcount|p2a: Tauros|2
|-damage|p1b: Kangaskhan|82/100|[from] Recoil
|
|-weather|RainDance|[upkeep]
|upkeep
|
|t:|1784056013
|switch|p2b: Sinistcha|Sinistcha, L50|100/100
|-heal|p2a: Tauros|59/100|[from] ability: Hospitality|[of] p2b: Sinistcha
|turn|3
|inactive|SacredZzz has 30 seconds left.
|inactive|SacredZzz has 20 seconds left.
|inactive|SacredZzz has 15 seconds left.
|
|t:|1784056054
|switch|p1b: Gholdengo|Gholdengo, L50|100/100
|move|p2b: Sinistcha|Rage Powder|p2b: Sinistcha
|-singleturn|p2b: Sinistcha|move: Rage Powder
|move|p2a: Tauros|Aqua Jet|p1a: Zoroark
|-damage|p1a: Zoroark|0 fnt
|faint|p1a: Zoroark
|-damage|p2a: Tauros|50/100y|[from] item: Life Orb
|
|-weather|RainDance|[upkeep]
|upkeep
|
|t:|1784056073
|switch|p1a: Whimsicott|Whimsicott, L50, F|100/100
|turn|4
|
|t:|1784056093
|move|p2a: Tauros|Protect|p2a: Tauros
|-singleturn|p2a: Tauros|Protect
|move|p1a: Whimsicott|Tailwind|p1a: Whimsicott
|-sidestart|p1: SacredZzz|move: Tailwind
|move|p1b: Gholdengo|Shadow Ball|p2a: Tauros
|-activate|p2a: Tauros|move: Protect
|move|p2b: Sinistcha|Trick Room|p2b: Sinistcha
|-fieldstart|move: Trick Room|[of] p2b: Sinistcha
|
|-weather|RainDance|[upkeep]
|upkeep
|turn|5
|inactive|Declan777 has 30 seconds left.
|
|t:|1784056121
|switch|p2b: Ampharos|Ampharos-Mega, L50, F|53/100
|-ability|p2b: Ampharos|Mold Breaker
|move|p2a: Tauros|Aqua Jet|p1b: Gholdengo
|-damage|p1b: Gholdengo|56/100
|-damage|p2a: Tauros|40/100|[from] item: Life Orb
|move|p1a: Whimsicott|Encore|p2a: Tauros
|-start|p2a: Tauros|Encore
|move|p1b: Gholdengo|Shadow Ball|p2b: Ampharos
|-damage|p2b: Ampharos|11/100
|-damage|p1b: Gholdengo|46/100|[from] item: Life Orb
|
|-weather|none
|upkeep
|turn|6
|inactive|SacredZzz has 30 seconds left.
|inactive|Declan777 has 30 seconds left.
|inactive|Declan777 has 20 seconds left.
|inactive|SacredZzz has 20 seconds left.
|inactive|Declan777 has 15 seconds left.
|
|t:|1784056162
|switch|p2a: Sinistcha|Sinistcha, L50|100/100
|-heal|p2b: Ampharos|36/100|[from] ability: Hospitality|[of] p2a: Sinistcha
|move|p2b: Ampharos|Thunderbolt|p1b: Gholdengo
|-damage|p1b: Gholdengo|0 fnt
|faint|p1b: Gholdengo
|move|p1a: Whimsicott|Moonblast|p2b: Ampharos
|-supereffective|p2b: Ampharos|1
|-damage|p2b: Ampharos|0 fnt
|faint|p2b: Ampharos
|
|upkeep
|
|t:|1784056171
|switch|p2b: Tauros|Tauros-Paldea-Aqua, L50, M|40/100
|switch|p1b: Kangaskhan|Kangaskhan-Mega, L50, F|82/100
|-ability|p2b: Tauros|Intimidate|boost
|-unboost|p1a: Whimsicott|atk|1
|-unboost|p1b: Kangaskhan|atk|1
|turn|7
|inactive|SacredZzz has 30 seconds left.
|inactive|Declan777 has 30 seconds left.
|inactive|Declan777 has 20 seconds left.
|inactive|Declan777 has 15 seconds left.
|inactive|SacredZzz has 20 seconds left.
|
|t:|1784056222
|move|p2a: Sinistcha|Rage Powder|p2a: Sinistcha
|-singleturn|p2a: Sinistcha|move: Rage Powder
|move|p1b: Kangaskhan|Sucker Punch||[still]
|-fail|p1b: Kangaskhan
|move|p1a: Whimsicott|Tickle|p2b: Tauros
|-unboost|p2b: Tauros|atk|1
|-unboost|p2b: Tauros|def|1
|move|p2b: Tauros|Close Combat|p1a: Whimsicott
|-resisted|p1a: Whimsicott|1
|-damage|p1a: Whimsicott|68/100
|-unboost|p2b: Tauros|def|1
|-unboost|p2b: Tauros|spd|1
|-damage|p2b: Tauros|30/100|[from] item: Life Orb
|
|-sideend|p1: SacredZzz|move: Tailwind
|upkeep
|turn|8
|inactive|SacredZzz has 30 seconds left.
|inactive|Declan777 has 30 seconds left.
|
|t:|1784056251
|move|p2a: Sinistcha|Rage Powder|p2a: Sinistcha
|-singleturn|p2a: Sinistcha|move: Rage Powder
|move|p1b: Kangaskhan|Sucker Punch||[still]
|-fail|p1b: Kangaskhan
|move|p1a: Whimsicott|Encore|p2b: Tauros
|-start|p2b: Tauros|Encore
|move|p2b: Tauros|Close Combat|p1a: Whimsicott
|-resisted|p1a: Whimsicott|1
|-damage|p1a: Whimsicott|30/100
|-unboost|p2b: Tauros|def|1
|-unboost|p2b: Tauros|spd|1
|-damage|p2b: Tauros|20/100y|[from] item: Life Orb
|
|-fieldend|move: Trick Room
|upkeep
|turn|9
|inactive|SacredZzz has 30 seconds left.
|inactive|Declan777 has 30 seconds left.
|inactive|Declan777 has 20 seconds left.
|
|t:|1784056304
|move|p1a: Whimsicott|Tickle|p2b: Tauros
|-unboost|p2b: Tauros|atk|1
|-unboost|p2b: Tauros|def|1
|move|p1b: Kangaskhan|Sucker Punch|p2b: Tauros
|-resisted|p2b: Tauros|1
|-damage|p2b: Tauros|0 fnt
|faint|p2b: Tauros
|move|p2a: Sinistcha|Matcha Gotcha|p1a: Whimsicott|[spread] p1a,p1b
|-resisted|p1a: Whimsicott|1
|-damage|p1a: Whimsicott|14/100
|-damage|p1b: Kangaskhan|59/100
|-status|p1a: Whimsicott|brn
|
|-damage|p1a: Whimsicott|8/100 brn|[from] brn
|upkeep
|turn|10
|
|t:|1784056322
|move|p2a: Sinistcha|Protect|p2a: Sinistcha
|-singleturn|p2a: Sinistcha|Protect
|move|p1a: Whimsicott|Encore|p2a: Sinistcha
|-activate|p2a: Sinistcha|move: Protect
|move|p1b: Kangaskhan|Sucker Punch||[still]
|-fail|p1b: Kangaskhan
|
|-damage|p1a: Whimsicott|2/100 brn|[from] brn
|upkeep
|turn|11
|
|t:|1784056332
|move|p2a: Sinistcha|Rage Powder|p2a: Sinistcha
|-singleturn|p2a: Sinistcha|move: Rage Powder
|move|p1a: Whimsicott|Tickle|p2a: Sinistcha
|-unboost|p2a: Sinistcha|atk|1
|-unboost|p2a: Sinistcha|def|1
|move|p1b: Kangaskhan|Sucker Punch||[still]
|-fail|p1b: Kangaskhan
|
|-damage|p1a: Whimsicott|0 fnt|[from] brn
|faint|p1a: Whimsicott
|upkeep
|turn|12
|
|t:|1784056339
|move|p2a: Sinistcha|Rage Powder|p2a: Sinistcha
|-singleturn|p2a: Sinistcha|move: Rage Powder
|move|p1b: Kangaskhan|Sucker Punch||[still]
|-fail|p1b: Kangaskhan
|
|upkeep
|turn|13
|
|t:|1784056351
|move|p2a: Sinistcha|Rage Powder|p2a: Sinistcha
|-singleturn|p2a: Sinistcha|move: Rage Powder
|move|p1b: Kangaskhan|Sucker Punch||[still]
|-fail|p1b: Kangaskhan
|
|upkeep
|turn|14
|
|t:|1784056357
|move|p2a: Sinistcha|Rage Powder|p2a: Sinistcha
|-singleturn|p2a: Sinistcha|move: Rage Powder
|move|p1b: Kangaskhan|Sucker Punch||[still]
|-fail|p1b: Kangaskhan
|
|upkeep
|turn|15
|
|t:|1784056362
|move|p1b: Kangaskhan|Drain Punch|p2a: Sinistcha
|-immune|p2a: Sinistcha
|move|p2a: Sinistcha|Matcha Gotcha|p1b: Kangaskhan|[miss]
|-miss|p2a: Sinistcha|p1b: Kangaskhan
|
|upkeep
|turn|16
|
|t:|1784056366
|move|p1b: Kangaskhan|Drain Punch|p2a: Sinistcha
|-immune|p2a: Sinistcha
|move|p2a: Sinistcha|Matcha Gotcha|p1b: Kangaskhan
|-damage|p1b: Kangaskhan|28/100
|
|upkeep
|turn|17
|
|t:|1784056370
|move|p1b: Kangaskhan|Drain Punch|p2a: Sinistcha
|-immune|p2a: Sinistcha
|move|p2a: Sinistcha|Matcha Gotcha|p1b: Kangaskhan
|-damage|p1b: Kangaskhan|0 fnt
|faint|p1b: Kangaskhan
|
|win|Declan777
