|j|☆phact
|j|☆ishallnotusename
|html|phactishallnotusename    
|uhtml|bestof|Game 2 of a best-of-3
|t:|1785762745
|gametype|doubles
|player|p1|phact|steven|1156
|player|p2|ishallnotusename|pokemaniac|1045
|gen|9
|tier|[Gen 9 Champions] VGC 2026 Reg M-B (Bo3)
|rated|
|rule|Species Clause: Limit one of each Pokémon
|rule|Item Clause: Limit 1 of each item
|clearpoke
|poke|p1|Whimsicott, L50, F, shiny|
|poke|p1|Metagross, L50, shiny|
|poke|p1|Farigiraf, L50, M, shiny|
|poke|p1|Staraptor, L50, M, shiny|
|poke|p1|Milotic, L50, F, shiny|
|poke|p1|Arcanine-Hisui, L50, M, shiny|
|poke|p2|Blaziken, L50, F|
|poke|p2|Aerodactyl, L50, M|
|poke|p2|Kingambit, L50, M|
|poke|p2|Basculegion, L50, M|
|poke|p2|Sylveon, L50, M|
|poke|p2|Torkoal, L50, F|
|teampreview|4
|showteam|p1|Whimsicott||FocusSash|Prankster|Tailwind,Charm,LightScreen,Moonblast|Timid||F|||50|]Metagross||Metagrossite|ClearBody|IronHead,PsychicFangs,IcePunch,Protect|Adamant|||||50|]Farigiraf||SitrusBerry|ArmorTail|TrickRoom,Psychic,DazzlingGleam,HelpingHand|Bold||M|||50|]Staraptor||Staraptite|Intimidate|CloseCombat,BraveBird,Roost,Protect|Jolly||M|||50|]Milotic||Leftovers|Competitive|Scald,IcyWind,LifeDew,Protect|Bold||F|||50|]Arcanine-Hisui||LifeOrb|RockHead|HeadSmash,FlareBlitz,ExtremeSpeed,Protect|Adamant||M|||50|
|showteam|p2|Blaziken||Blazikenite|SpeedBoost|FlareBlitz,CloseCombat,Protect,RockSlide|Adamant||F|||50|]Aerodactyl||Aerodactylite|Unnerve|RockSlide,DualWingbeat,IceFang,Tailwind|Jolly||M|||50|]Kingambit||LifeOrb|Defiant|KowtowCleave,Protect,IronHead,SuckerPunch|Adamant||M|||50|]Basculegion||FocusSash|Adaptability|Liquidation,Protect,LastRespects,AquaJet|Adamant||M|||50|]Sylveon||FairyFeather|Pixilate|HyperVoice,Moonblast,QuickAttack,Protect|Modest||M|||50|]Torkoal||Leftovers|Drought|BurningJealousy,WeatherBall,Protect,Yawn|Relaxed||F|||50|
|
|t:|1785762812
|teamsize|p1|4
|teamsize|p2|4
|start
|switch|p1a: Cotton puff|Whimsicott, L50, F, shiny|100/100
|switch|p1b: Buddy|Staraptor, L50, M, shiny|100/100
|switch|p2a: Torkoal|Torkoal, L50, F|100/100
|switch|p2b: Blaziken|Blaziken, L50, F|100/100
|-ability|p1b: Buddy|Intimidate|boost
|-unboost|p2a: Torkoal|atk|1
|-unboost|p2b: Blaziken|atk|1
|-weather|SunnyDay|[from] ability: Drought|[of] p2a: Torkoal
|turn|1
|
|t:|1785762843
|detailschange|p1b: Buddy|Staraptor-Mega, L50, M, shiny
|-mega|p1b: Buddy|Staraptor|Staraptite
|move|p2b: Blaziken|Protect|p2b: Blaziken
|-singleturn|p2b: Blaziken|Protect
|move|p1a: Cotton puff|Tailwind|p1a: Cotton puff
|-sidestart|p1: phact|move: Tailwind
|move|p1b: Buddy|Close Combat|p2a: Torkoal
|-damage|p2a: Torkoal|59/100
|-boost|p1b: Buddy|def|1
|-boost|p1b: Buddy|spd|1
|move|p2a: Torkoal|Burning Jealousy|p1a: Cotton puff|[spread] p1a,p1b
|-supereffective|p1a: Cotton puff|1
|-damage|p1a: Cotton puff|2/100
|-damage|p1b: Buddy|79/100
|-status|p1b: Buddy|brn
|
|-weather|SunnyDay|[upkeep]
|-heal|p2a: Torkoal|65/100|[from] item: Leftovers
|-damage|p1b: Buddy|73/100 brn|[from] brn
|-ability|p2b: Blaziken|Speed Boost|boost
|-boost|p2b: Blaziken|spe|1
|upkeep
|turn|2
|
|t:|1785762877
|switch|p2b: Basculegion|Basculegion, L50, M|100/100
|move|p1a: Cotton puff|Light Screen|p1a: Cotton puff
|-sidestart|p1: phact|move: Light Screen
|move|p1b: Buddy|Brave Bird|p2b: Basculegion
|-damage|p2b: Basculegion|61/100
|-damage|p1b: Buddy|60/100 brn|[from] Recoil
|move|p2a: Torkoal|Burning Jealousy|p1b: Buddy|[spread] p1a,p1b
|-supereffective|p1a: Cotton puff|1
|-damage|p1a: Cotton puff|0 fnt
|-damage|p1b: Buddy|48/100 brn
|faint|p1a: Cotton puff
|
|-weather|SunnyDay|[upkeep]
|-heal|p2a: Torkoal|71/100|[from] item: Leftovers
|-damage|p1b: Buddy|42/100 brn|[from] brn
|upkeep
|
|t:|1785762888
|switch|p1a: Legendary|Arcanine-Hisui, L50, M, shiny|100/100
|turn|3
|
|t:|1785762901
|move|p2b: Basculegion|Protect|p2b: Basculegion
|-singleturn|p2b: Basculegion|Protect
|move|p1b: Buddy|Brave Bird|p2b: Basculegion
|-activate|p2b: Basculegion|move: Protect
|move|p1a: Legendary|Head Smash|p2a: Torkoal
|-supereffective|p2a: Torkoal|1
|-damage|p2a: Torkoal|0 fnt
|faint|p2a: Torkoal
|-damage|p1a: Legendary|90/100|[from] item: Life Orb
|
|-weather|SunnyDay|[upkeep]
|-damage|p1b: Buddy|37/100 brn|[from] brn
|upkeep
|
|t:|1785762911
|switch|p2a: Blaziken|Blaziken, L50, F|100/100
|turn|4
|
|t:|1785762946
|switch|p2b: Kingambit|Kingambit, L50, M|100/100
|move|p2a: Blaziken|Protect|p2a: Blaziken
|-singleturn|p2a: Blaziken|Protect
|move|p1b: Buddy|Roost|p1b: Buddy
|-heal|p1b: Buddy|87/100 brn
|-singleturn|p1b: Buddy|move: Roost
|move|p1a: Legendary|Head Smash|p2b: Kingambit|[miss]
|-miss|p1a: Legendary|p2b: Kingambit
|
|-weather|SunnyDay|[upkeep]
|-damage|p1b: Buddy|81/100 brn|[from] brn
|-sideend|p1: phact|move: Tailwind
|-ability|p2a: Blaziken|Speed Boost|boost
|-boost|p2a: Blaziken|spe|1
|upkeep
|turn|5
|
|t:|1785762979
|detailschange|p2a: Blaziken|Blaziken-Mega, L50, F
|-mega|p2a: Blaziken|Blaziken|Blazikenite
|move|p1a: Legendary|Protect|p1a: Legendary
|-singleturn|p1a: Legendary|Protect
|move|p2b: Kingambit|Protect|p2b: Kingambit
|-singleturn|p2b: Kingambit|Protect
|move|p2a: Blaziken|Flare Blitz|p1b: Buddy
|-damage|p1b: Buddy|12/100 brn
|-damage|p2a: Blaziken|71/100|[from] Recoil
|move|p1b: Buddy|Brave Bird|p2a: Blaziken
|-supereffective|p2a: Blaziken|1
|-damage|p2a: Blaziken|0 fnt
|faint|p2a: Blaziken
|-damage|p1b: Buddy|0 fnt|[from] Recoil
|faint|p1b: Buddy
|
|-weather|none
|upkeep
|
|t:|1785762992
|switch|p1b: IDK|Milotic, L50, F, shiny|100/100
|switch|p2a: Basculegion|Basculegion, L50, M|61/100
|turn|6
|
|t:|1785763020
|move|p2a: Basculegion|Aqua Jet|p1a: Legendary
|-supereffective|p1a: Legendary|2
|-damage|p1a: Legendary|0 fnt
|faint|p1a: Legendary
|move|p2b: Kingambit|Sucker Punch|p1b: IDK
|-damage|p1b: IDK|58/100
|-damage|p2b: Kingambit|90/100|[from] item: Life Orb
|move|p1b: IDK|Scald|p2b: Kingambit
|-damage|p2b: Kingambit|58/100
|-status|p2b: Kingambit|brn
|
|-heal|p1b: IDK|64/100|[from] item: Leftovers
|-damage|p2b: Kingambit|52/100 brn|[from] brn
|-sideend|p1: phact|move: Light Screen
|upkeep
|turn|7
|
|t:|1785763033
|move|p1b: IDK|Protect|p1b: IDK
|-singleturn|p1b: IDK|Protect
|move|p2a: Basculegion|Last Respects|p1b: IDK
|-activate|p1b: IDK|move: Protect
|move|p2b: Kingambit|Kowtow Cleave|p1b: IDK
|-activate|p1b: IDK|move: Protect
|
|-heal|p1b: IDK|70/100|[from] item: Leftovers
|-damage|p2b: Kingambit|46/100 brn|[from] brn
|upkeep
|turn|8
|
|t:|1785763040
|move|p2a: Basculegion|Last Respects|p1b: IDK
|-damage|p1b: IDK|0 fnt
|faint|p1b: IDK
|
|win|ishallnotusename
||ishallnotusename is ready for game 3.
|inactive|phact has 30 seconds to confirm battle start!
||phact is ready for game 3.
|uhtml|next|Next: Game 3 of 3
|l|☆phact
|player|p1|
