|j|☆Dungx showdown
|j|☆Yankiken
|html|Dungx showdownYankiken    
|uhtml|bestof|Game 2 of a best-of-3
|t:|1757079536
|gametype|doubles
|player|p1|Dungx showdown|1|
|player|p2|Yankiken|unknown|
|gen|9
|tier|[Gen 9] VGC 2025 Reg H (Bo3)
|rule|Species Clause: Limit one of each Pokémon
|rule|Item Clause: Limit 1 of each item
|clearpoke
|poke|p1|Whimsicott, L50, F|
|poke|p1|Gholdengo, L50|
|poke|p1|Ursaluna-Bloodmoon, L50, M|
|poke|p1|Pelipper, L50, M|
|poke|p1|Archaludon, L50, M|
|poke|p1|Basculegion, L50, M|
|poke|p2|Charizard, L50, F|
|poke|p2|Torkoal, L50, F|
|poke|p2|Porygon2, L50|
|poke|p2|Incineroar, L50, M|
|poke|p2|Jumpluff, L50, F|
|poke|p2|Ursaluna, L50, M|
|teampreview|4
|showteam|p1|Whimsicott||CovertCloak|Prankster|Moonblast,Taunt,FakeTears,Tailwind|||F|||50|,,,,,Steel]Gholdengo||LifeOrb|GoodasGold|MakeItRain,ShadowBall,TeraBlast,Protect||||||50|,,,,,Fighting]Ursaluna-Bloodmoon||AssaultVest|MindsEye|HyperVoice,BloodMoon,EarthPower,VacuumWave|||M|||50|,,,,,Fighting]Pelipper||RockyHelmet|Drizzle|WeatherBall,Hurricane,MuddyWater,WideGuard|||M|||50|,,,,,Steel]Archaludon||PowerHerb|Sturdy|ElectroShot,DracoMeteor,FlashCannon,Protect|||M|||50|,,,,,Electric]Basculegion||ChoiceBand|Adaptability|Liquidation,LastRespects,AquaJet,Protect|||M|||50|,,,,,Ghost
|showteam|p2|Charizard||ChoiceSpecs|SolarPower|HeatWave,Overheat,WeatherBall,AirSlash|||F|||50|,,,,,Ghost]Torkoal||EjectPack|Drought|Eruption,Overheat,HelpingHand,Protect|||F|||50|,,,,,Fire]Porygon2||Eviolite|Download|IceBeam,TeraBlast,TrickRoom,Recover||||||50|,,,,,Fighting]Incineroar||SitrusBerry|Intimidate|FlareBlitz,KnockOff,FakeOut,PartingShot|||M|||50|,,,,,Ghost]Jumpluff||CovertCloak|Chlorophyll|SleepPowder,SunnyDay,RagePowder,Tailwind|||F|||50|,,,,,Water]Ursaluna||FlameOrb|Guts|HeadlongRush,Facade,Earthquake,Protect|||M|||50|,,,,,Ghost
|inactive|Battle timer is ON: inactive players will automatically lose when time's up. (requested by Yankiken)
|inactive|Dungx showdown has 60 seconds left.
|inactive|Yankiken has 60 seconds left.
|
|t:|1757079584
|teamsize|p1|4
|teamsize|p2|4
|start
|switch|p1a: Whimsicott|Whimsicott, L50, F|100/100
|switch|p1b: Archaludon|Archaludon, L50, M|100/100
|switch|p2a: Charizard|Charizard, L50, F|100/100
|switch|p2b: Incineroar|Incineroar, L50, M|100/100
|-ability|p2b: Incineroar|Intimidate|boost
|-unboost|p1a: Whimsicott|atk|1
|-unboost|p1b: Archaludon|atk|1
|turn|1
|
|t:|1757079605
|switch|p1b: Pelipper|Pelipper, L50, M|100/100
|-weather|RainDance|[from] ability: Drizzle|[of] p1b: Pelipper
|move|p2b: Incineroar|Fake Out|p1b: Pelipper
|-damage|p1b: Pelipper|85/100
|-damage|p2b: Incineroar|84/100|[from] item: Rocky Helmet|[of] p1b: Pelipper
|move|p1a: Whimsicott|Tailwind|p1a: Whimsicott
|-sidestart|p1: Dungx showdown|move: Tailwind
|move|p2a: Charizard|Heat Wave|p1a: Whimsicott|[spread] p1a,p1b
|-supereffective|p1a: Whimsicott
|-resisted|p1b: Pelipper
|-damage|p1a: Whimsicott|38/100
|-damage|p1b: Pelipper|69/100
|
|-weather|RainDance|[upkeep]
|upkeep
|turn|2
|inactive|Dungx showdown has 30 seconds left.
|
|t:|1757079634
|switch|p2a: Torkoal|Torkoal, L50, F|100/100
|-weather|SunnyDay|[from] ability: Drought|[of] p2a: Torkoal
|move|p1a: Whimsicott|Fake Tears|p2b: Incineroar
|-hint|Since gen 7, Dark is immune to Prankster moves.
|-immune|p2b: Incineroar
|move|p1b: Pelipper|Muddy Water|p2b: Incineroar|[spread] p2a,p2b
|-supereffective|p2a: Torkoal
|-supereffective|p2b: Incineroar
|-damage|p2a: Torkoal|63/100
|-damage|p2b: Incineroar|59/100
|-unboost|p2a: Torkoal|accuracy|1
|-enditem|p2a: Torkoal|Eject Pack
|
|t:|1757079650
|switch|p2a: Jumpluff|Jumpluff, L50, F|100/100
|move|p2b: Incineroar|Flare Blitz|p1a: Whimsicott
|-supereffective|p1a: Whimsicott
|-damage|p1a: Whimsicott|0 fnt
|faint|p1a: Whimsicott
|-damage|p2b: Incineroar|49/100|[from] Recoil
|-enditem|p2b: Incineroar|Sitrus Berry|[eat]
|-heal|p2b: Incineroar|74/100|[from] item: Sitrus Berry
|
|-weather|SunnyDay|[upkeep]
|upkeep
|
|t:|1757079654
|switch|p1a: Archaludon|Archaludon, L50, M|100/100
|turn|3
|
|t:|1757079674
|switch|p1b: Basculegion|Basculegion, L50, M|100/100
|move|p2a: Jumpluff|Sleep Powder|p1b: Basculegion
|-status|p1b: Basculegion|slp|[from] move: Sleep Powder
|move|p1a: Archaludon|Electro Shot||[still]
|-prepare|p1a: Archaludon|Electro Shot
|-boost|p1a: Archaludon|spa|1
|-enditem|p1a: Archaludon|Power Herb
|-anim|p1a: Archaludon|Electro Shot|p2a: Jumpluff
|-damage|p2a: Jumpluff|27/100
|move|p2b: Incineroar|Flare Blitz|p1a: Archaludon
|-damage|p1a: Archaludon|26/100
|-damage|p2b: Incineroar|53/100|[from] Recoil
|
|-weather|SunnyDay|[upkeep]
|upkeep
|turn|4
|inactive|Dungx showdown has 30 seconds left.
|
|t:|1757079700
|switch|p1b: Pelipper|Pelipper, L50, M|69/100
|-weather|RainDance|[from] ability: Drizzle|[of] p1b: Pelipper
|move|p1a: Archaludon|Electro Shot||[still]
|-prepare|p1a: Archaludon|Electro Shot
|-boost|p1a: Archaludon|spa|1
|-anim|p1a: Archaludon|Electro Shot|p2b: Incineroar
|-damage|p2b: Incineroar|0 fnt
|faint|p2b: Incineroar
|move|p2a: Jumpluff|Tailwind|p2a: Jumpluff
|-sidestart|p2: Yankiken|move: Tailwind
|
|-weather|RainDance|[upkeep]
|-sideend|p1: Dungx showdown|move: Tailwind
|upkeep
|
|t:|1757079714
|switch|p2b: Charizard|Charizard, L50, F|100/100
|turn|5
|
|t:|1757079723
|switch|p1b: Basculegion|Basculegion, L50, M|100/100 slp
|move|p1a: Archaludon|Protect|p1a: Archaludon
|-singleturn|p1a: Archaludon|Protect
|move|p2a: Jumpluff|Sunny Day|p2a: Jumpluff
|-weather|SunnyDay
|move|p2b: Charizard|Weather Ball|p1a: Archaludon
|-activate|p1a: Archaludon|move: Protect
|
|-weather|SunnyDay|[upkeep]
|-damage|p2b: Charizard|88/100|[from] ability: Solar Power|[of] p2b: Charizard
|upkeep
|turn|6
|inactive|Dungx showdown has 30 seconds left.
|
|t:|1757079753
|switch|p1a: Pelipper|Pelipper, L50, M|69/100
|-weather|RainDance|[from] ability: Drizzle|[of] p1a: Pelipper
|move|p2a: Jumpluff|Sunny Day|p2a: Jumpluff
|-weather|SunnyDay
|move|p2b: Charizard|Weather Ball|p1a: Pelipper
|-resisted|p1a: Pelipper
|-damage|p1a: Pelipper|0 fnt
|faint|p1a: Pelipper
|cant|p1b: Basculegion|slp
|
|-weather|SunnyDay|[upkeep]
|-damage|p2b: Charizard|76/100|[from] ability: Solar Power|[of] p2b: Charizard
|upkeep
|
|t:|1757079761
|switch|p1a: Archaludon|Archaludon, L50, M|26/100
|turn|7
|
|t:|1757079771
|-terastallize|p1b: Basculegion|Ghost
|move|p1a: Archaludon|Protect|p1a: Archaludon
|-singleturn|p1a: Archaludon|Protect
|move|p2a: Jumpluff|Sleep Powder|p1a: Archaludon
|-activate|p1a: Archaludon|move: Protect
|move|p2b: Charizard|Weather Ball|p1b: Basculegion
|-damage|p1b: Basculegion|0 fnt
|faint|p1b: Basculegion
|
|-weather|SunnyDay|[upkeep]
|-damage|p2b: Charizard|63/100|[from] ability: Solar Power|[of] p2b: Charizard
|-sideend|p2: Yankiken|move: Tailwind
|upkeep
|turn|8
|
|t:|1757079783
|move|p2a: Jumpluff|Sleep Powder|p1a: Archaludon
|-status|p1a: Archaludon|slp|[from] move: Sleep Powder
|move|p2b: Charizard|Weather Ball|p1a: Archaludon
|-damage|p1a: Archaludon|0 fnt
|faint|p1a: Archaludon
|
|win|Yankiken
|l|☆Yankiken
|player|p2|
||Yankiken is ready for game 3.
|inactive|Dungx showdown has 30 seconds to confirm battle start!
||Dungx showdown is ready for game 3.
|uhtml|next|Next: Game 3 of 3
|l|☆Dungx showdown
|player|p1|
|j|☆Dungx showdown
|player|p1|Dungx showdown|1|
