|j|☆k1ngm3
|j|☆Mclovingods
|html|k1ngm3Mclovingods    
|uhtml|bestof|Game 1 of a best-of-3
|t:|1782449737
|gametype|doubles
|player|p1|k1ngm3|dragontamer|1112
|player|p2|Mclovingods|169|1207
|gen|9
|tier|[Gen 9 Champions] VGC 2026 Reg M-B (Bo3)
|rated|
|rule|Species Clause: Limit one of each Pokémon
|rule|Item Clause: Limit 1 of each item
|clearpoke
|poke|p1|Whimsicott, L50, M|
|poke|p1|Tyranitar, L50, F|
|poke|p1|Ceruledge, L50, F|
|poke|p1|Malamar, L50, F|
|poke|p1|Raichu, L50, M|
|poke|p1|Staraptor, L50, M|
|poke|p2|Delphox, L50, F|
|poke|p2|Basculegion, L50, M|
|poke|p2|Sinistcha, L50|
|poke|p2|Incineroar, L50, M|
|poke|p2|Garchomp, L50, M|
|poke|p2|Staraptor, L50, F|
|teampreview|4
|showteam|p1|Whimsicott||FocusSash|Prankster|Tailwind,Encore,TrickRoom,Moonblast|Bold||M|||50|]Tyranitar||Tyranitarite|SandStream|RockSlide,Superpower,KnockOff,Protect|Adamant||F|||50|]Ceruledge||ChartiBerry|FlashFire|BulkUp,BitterBlade,ShadowSneak,Reflect|Hasty||F|||50|]Malamar||LifeOrb|Contrary|PoisonJab,PsychoCut,Disable,Superpower|Jolly||F|||50|]Raichu||RaichuniteY|LightningRod|FocusBlast,ZapCannon,GrassKnot,FakeOut|Hasty||M|||50|]Staraptor||Staraptite|Intimidate|BlazeKick,CloseCombat,Roost,BraveBird|Adamant||M|||50|
|showteam|p2|Delphox||Delphoxite|Blaze|NastyPlot,HeatWave,Psychic,Protect|Timid||F|||50|]Basculegion||MysticWater|Adaptability|WaveCrash,AquaJet,LastRespects,Protect|Jolly||M|||50|]Sinistcha||CobaBerry|Hospitality|MatchaGotcha,RagePowder,LifeDew,TrickRoom|Calm|||||50|]Incineroar||SitrusBerry|Intimidate|FakeOut,PartingShot,FlareBlitz,DarkestLariat|Careful||M|||50|]Garchomp||LifeOrb|RoughSkin|Earthquake,DragonClaw,RockSlide,Protect|Jolly||M|||50|]Staraptor||Staraptite|Intimidate|CloseCombat,BraveBird,Protect,Roost|Jolly||F|||50|
|
|t:|1782449757
|teamsize|p1|4
|teamsize|p2|4
|start
|switch|p1a: Whimsicott|Whimsicott, L50, M|100/100
|switch|p1b: Raichu|Raichu, L50, M|100/100
|switch|p2a: Delphox|Delphox, L50, F|100/100
|switch|p2b: Incineroar|Incineroar, L50, M|100/100
|-ability|p2b: Incineroar|Intimidate|boost
|-unboost|p1a: Whimsicott|atk|1
|-unboost|p1b: Raichu|atk|1
|turn|1
|
|t:|1782449793
|detailschange|p1b: Raichu|Raichu-Mega-Y, L50, M
|-mega|p1b: Raichu|Raichu|Raichunite Y
|detailschange|p2a: Delphox|Delphox-Mega, L50, F
|-mega|p2a: Delphox|Delphox|Delphoxite
|move|p1a: Whimsicott|Tailwind|p1a: Whimsicott
|-sidestart|p1: k1ngm3|move: Tailwind
|move|p1b: Raichu|Zap Cannon|p2a: Delphox
|-crit|p2a: Delphox
|-damage|p2a: Delphox|0 fnt
|faint|p2a: Delphox
|move|p2b: Incineroar|Flare Blitz|p1a: Whimsicott
|-supereffective|p1a: Whimsicott|1
|-damage|p1a: Whimsicott|12/100
|-damage|p2b: Incineroar|76/100|[from] Recoil
|
|upkeep
|
|t:|1782449805
|switch|p2a: Garchomp|Garchomp, L50, M|100/100
|turn|2
|
|t:|1782449841
|switch|p1b: Staraptor|Staraptor, L50, M|100/100
|-ability|p1b: Staraptor|Intimidate|boost
|-unboost|p2a: Garchomp|atk|1
|-unboost|p2b: Incineroar|atk|1
|switch|p1a: Malamar|Malamar, L50, F|100/100
|move|p2a: Garchomp|Protect|p2a: Garchomp
|-singleturn|p2a: Garchomp|Protect
|move|p2b: Incineroar|Flare Blitz|p1a: Malamar
|-damage|p1a: Malamar|63/100
|-damage|p2b: Incineroar|66/100|[from] Recoil
|
|upkeep
|turn|3
|
|t:|1782449868
|switch|p2a: Sinistcha|Sinistcha, L50|100/100
|-heal|p2b: Incineroar|91/100|[from] ability: Hospitality|[of] p2a: Sinistcha
|move|p1a: Malamar|Superpower|p2a: Sinistcha
|-immune|p2a: Sinistcha
|move|p1b: Staraptor|Close Combat|p2a: Sinistcha
|-immune|p2a: Sinistcha
|move|p2b: Incineroar|Parting Shot|p1b: Staraptor
|-unboost|p1b: Staraptor|atk|1
|-unboost|p1b: Staraptor|spa|1
|
|t:|1782449879
|switch|p2b: Garchomp|Garchomp, L50, M|100/100|[from] Parting Shot
|
|upkeep
|turn|4
|
|t:|1782449900
|switch|p2a: Incineroar|Incineroar, L50, M|91/100
|-ability|p2a: Incineroar|Intimidate|boost
|-boost|p1a: Malamar|atk|1
|-unboost|p1b: Staraptor|atk|1
|move|p1a: Malamar|Disable||[still]
|-fail|p1a: Malamar
|move|p1b: Staraptor|Brave Bird|p2a: Incineroar
|-damage|p2a: Incineroar|63/100
|-damage|p1b: Staraptor|89/100|[from] Recoil
|move|p2b: Garchomp|Rock Slide|p1b: Staraptor|[spread] p1a,p1b
|-supereffective|p1b: Staraptor|1
|-damage|p1a: Malamar|34/100
|-damage|p1b: Staraptor|18/100
|-damage|p2b: Garchomp|90/100|[from] item: Life Orb
|
|-sideend|p1: k1ngm3|move: Tailwind
|upkeep
|turn|5
|
|t:|1782449928
|move|p2a: Incineroar|Fake Out|p1a: Malamar
|-damage|p1a: Malamar|20/100y
|move|p2b: Garchomp|Rock Slide|p1a: Malamar|[spread] p1a,p1b
|-supereffective|p1b: Staraptor|1
|-damage|p1a: Malamar|0 fnt
|-damage|p1b: Staraptor|0 fnt
|faint|p1a: Malamar
|faint|p1b: Staraptor
|-damage|p2b: Garchomp|80/100|[from] item: Life Orb
|
|upkeep
|
|t:|1782449937
|switch|p1a: Whimsicott|Whimsicott, L50, M|12/100
|switch|p1b: Raichu|Raichu-Mega-Y, L50, M|100/100
|turn|6
|
|t:|1782449950
|switch|p2b: Sinistcha|Sinistcha, L50|100/100
|-heal|p2a: Incineroar|88/100|[from] ability: Hospitality|[of] p2b: Sinistcha
|move|p1b: Raichu|Fake Out|p2b: Sinistcha
|-immune|p2b: Sinistcha
|move|p1a: Whimsicott|Encore|p2a: Incineroar
|-hint|Since gen 7, Dark is immune to Prankster moves.
|-immune|p2a: Incineroar
|move|p2a: Incineroar|Flare Blitz|p1a: Whimsicott
|-supereffective|p1a: Whimsicott|1
|-damage|p1a: Whimsicott|0 fnt
|faint|p1a: Whimsicott
|-damage|p2a: Incineroar|85/100|[from] Recoil
|
|upkeep
|turn|7
|
|t:|1782449966
|move|p1b: Raichu|Focus Blast|p2a: Incineroar
|-supereffective|p2a: Incineroar|1
|-damage|p2a: Incineroar|8/100
|-enditem|p2a: Incineroar|Sitrus Berry|[eat]
|-heal|p2a: Incineroar|33/100|[from] item: Sitrus Berry
|move|p2b: Sinistcha|Matcha Gotcha|p1b: Raichu
|-damage|p1b: Raichu|45/100
|move|p2a: Incineroar|Flare Blitz|p1b: Raichu
|-damage|p1b: Raichu|0 fnt
|faint|p1b: Raichu
|-damage|p2a: Incineroar|23/100|[from] Recoil
|
|win|Mclovingods
||Mclovingods is ready for game 2.
|inactive|k1ngm3 has 30 seconds to confirm battle start!
||k1ngm3 is ready for game 2.
|uhtml|next|Next: Game 2 of 3
