|j|☆NextRaven
|j|☆raidox24
|html|NextRavenraidox24    
|uhtml|bestof|Game 1 of a best-of-3
|t:|1757713455
|gametype|doubles
|player|p1|NextRaven|whitney|
|player|p2|raidox24|265|
|gen|9
|tier|[Gen 9] VGC 2025 Reg H (Bo3)
|rule|Species Clause: Limit one of each Pokémon
|rule|Item Clause: Limit 1 of each item
|clearpoke
|poke|p1|Ambipom, L50, F|
|poke|p1|Amoonguss, L50, F|
|poke|p1|Baxcalibur, L50, F|
|poke|p1|Gholdengo, L50|
|poke|p1|Pelipper, L50, F|
|poke|p1|Hatterene, L50, F|
|poke|p2|Ursaluna, L50, M|
|poke|p2|Indeedee-F, L50, F|
|poke|p2|Torkoal, L50, M|
|poke|p2|Gallade, L50, M|
|poke|p2|Hatterene, L50, F|
|poke|p2|Lilligant-Hisui, L50, F|
|teampreview|4
|showteam|p1|Ambipom||FocusSash|Technician|FakeOut,KnockOff,Taunt,DoubleHit|||F|||50|,,,,,Normal]Amoonguss||SitrusBerry|Regenerator|Spore,RagePowder,SludgeBomb,GigaDrain|||F|||50|,,,,,Water]Baxcalibur||LoadedDice|ThermalExchange|IcicleSpear,TeraBlast,SwordsDance,Protect|||F|||50|,,,,,Poison]Gholdengo||ChoiceSpecs|GoodasGold|MakeItRain,DazzlingGleam,ShadowBall,Trick||||||50|,,,,,Steel]Pelipper||CovertCloak|Drizzle|WideGuard,ChillingWater,Protect,Hurricane|||F|||50|,,,,,Water]Hatterene||Leftovers|MagicBounce|TrickRoom,DazzlingGleam,HealPulse,MysticalFire|||F|||50|,,,,,Psychic
|showteam|p2|Ursaluna||FlameOrb|Guts|Protect,Facade,Earthquake,HeadlongRush|||M|||50|,,,,,Ground]Indeedee-F||PsychicSeed|PsychicSurge|TrickRoom,Psychic,FollowMe,HelpingHand|||F|||50|,,,,,Psychic]Torkoal||Charcoal|Drought|Eruption,ClearSmog,Protect,WeatherBall|||M|||50|,,,,,Fire]Gallade||ClearAmulet|Sharpness|PsychoCut,TrickRoom,WideGuard,SacredSword|||M|||50|,,,,,Psychic]Hatterene||LifeOrb|MagicBounce|ExpandingForce,TrickRoom,DazzlingGleam,Protect|||F|||50|,,,,,Psychic]Lilligant-Hisui||FocusSash|Chlorophyll|SolarBlade,SleepPowder,CloseCombat,AfterYou|||F|||50|,,,,,Grass
|
|t:|1757713493
|teamsize|p1|4
|teamsize|p2|4
|start
|switch|p1a: Ambipom|Ambipom, L50, F|100/100
|switch|p1b: Baxcalibur|Baxcalibur, L50, F, shiny|100/100
|switch|p2a: Ursaluna|Ursaluna, L50, M, shiny|100/100
|switch|p2b: Gallade|Gallade, L50, M, shiny|100/100
|turn|1
|
|t:|1757713547
|move|p1a: Ambipom|Fake Out|p2b: Gallade
|-damage|p2b: Gallade|64/100
|move|p1b: Baxcalibur|Icicle Spear|p2a: Ursaluna
|-supereffective|p2a: Ursaluna
|-damage|p2a: Ursaluna|77/100
|-supereffective|p2a: Ursaluna
|-damage|p2a: Ursaluna|56/100
|-supereffective|p2a: Ursaluna
|-damage|p2a: Ursaluna|33/100
|-supereffective|p2a: Ursaluna
|-damage|p2a: Ursaluna|11/100
|-supereffective|p2a: Ursaluna
|-damage|p2a: Ursaluna|0 fnt
|faint|p2a: Ursaluna
|-hitcount|p2: Ursaluna|5
|cant|p2b: Gallade|flinch
|
|upkeep
|
|t:|1757713579
|switch|p2a: Torkoal|Torkoal, L50, M, shiny|100/100
|-weather|SunnyDay|[from] ability: Drought|[of] p2a: Torkoal
|turn|2
|c|☆NextRaven|uy
|
|t:|1757713593
|switch|p1a: Pelipper|Pelipper, L50, F|100/100
|-weather|RainDance|[from] ability: Drizzle|[of] p1a: Pelipper
|-terastallize|p1b: Baxcalibur|Poison
|move|p2b: Gallade|Wide Guard|p2b: Gallade
|-singleturn|p2b: Gallade|Wide Guard
|move|p1b: Baxcalibur|Swords Dance|p1b: Baxcalibur
|-boost|p1b: Baxcalibur|atk|2
|move|p2a: Torkoal|Eruption|p1b: Baxcalibur|[spread] p1a,p1b
|-resisted|p1a: Pelipper
|-damage|p1a: Pelipper|76/100
|-damage|p1b: Baxcalibur|77/100
|-ability|p1b: Baxcalibur|Thermal Exchange|boost
|-boost|p1b: Baxcalibur|atk|1
|
|-weather|RainDance|[upkeep]
|upkeep
|turn|3
|
|t:|1757713632
|move|p1a: Pelipper|Hurricane|p2b: Gallade
|-supereffective|p2b: Gallade
|-damage|p2b: Gallade|2/100
|-start|p2b: Gallade|confusion
|move|p1b: Baxcalibur|Tera Blast|p2a: Torkoal|[anim] Tera Blast Poison
|-damage|p2a: Torkoal|12/100
|-activate|p2b: Gallade|confusion
|move|p2b: Gallade|Psycho Cut|p1a: Pelipper
|-damage|p1a: Pelipper|20/100
|move|p2a: Torkoal|Weather Ball|p1b: Baxcalibur
|-damage|p1b: Baxcalibur|38/100
|
|-weather|RainDance|[upkeep]
|upkeep
|turn|4
|
|t:|1757713663
|move|p1a: Pelipper|Chilling Water|p2b: Gallade
|-damage|p2b: Gallade|0 fnt
|faint|p2b: Gallade
|move|p1b: Baxcalibur|Tera Blast|p2a: Torkoal|[anim] Tera Blast Poison
|-damage|p2a: Torkoal|0 fnt
|faint|p2a: Torkoal
|
|-weather|RainDance|[upkeep]
|upkeep
|
|t:|1757713675
|switch|p2a: Hatterene|Hatterene, L50, F, shiny|100/100
|turn|5
|
|t:|1757713694
|-terastallize|p2a: Hatterene|Psychic
|move|p1a: Pelipper|Chilling Water|p2a: Hatterene
|-damage|p2a: Hatterene|70/100
|-unboost|p2a: Hatterene|atk|1
|move|p1b: Baxcalibur|Tera Blast|p2a: Hatterene|[anim] Tera Blast Poison
|-damage|p2a: Hatterene|0 fnt
|faint|p2a: Hatterene
|
|win|NextRaven
|inactive|NextRaven has 30 seconds to confirm battle start!
|inactive|raidox24 has 30 seconds to confirm battle start!
|l|☆raidox24
|player|p2|
||NextRaven is ready for game 2.
|inactive|raidox24 has 20 seconds to confirm battle start!
|inactive|raidox24 has 10 seconds to confirm battle start!
|uhtml|next|Next: Game 2 of 3
|l|☆NextRaven
|player|p1|
