|j|☆Balester
|j|☆Togore Gaming
|html|BalesterTogore Gaming    
|uhtml|bestof|Game 2 of a best-of-3
|t:|1756425207
|gametype|doubles
|player|p1|Balester|colress|1130
|player|p2|Togore Gaming|richboy-gen4|1227
|gen|9
|tier|[Gen 9] VGC 2025 Reg H (Bo3)
|rated|
|rule|Species Clause: Limit one of each Pokémon
|rule|Item Clause: Limit 1 of each item
|clearpoke
|poke|p1|Frosmoth, L50, F|
|poke|p1|Volcarona, L50, F|
|poke|p1|Ninetales-Alola, L50, M|
|poke|p1|Garchomp, L50, F|
|poke|p1|Incineroar, L50, F|
|poke|p1|Rillaboom, L50, M|
|poke|p2|Indeedee, L50, M|
|poke|p2|Sneasler, L50, M|
|poke|p2|Drifblim, L50, F|
|poke|p2|Ursaluna-Bloodmoon, L50, M|
|poke|p2|Electabuzz, L50, F|
|poke|p2|Corviknight, L50, F|
|teampreview|4
|showteam|p1|Frosmoth||Leftovers|IceScales|QuiverDance,Blizzard,TeraBlast,WideGuard|||F|||50|,,,,,Water]Volcarona||RockyHelmet|FlameBody|RagePowder,HeatWave,WillOWisp,StruggleBug|||F|||50|,,,,,Steel]Ninetales-Alola||LifeOrb|SnowWarning|FreezeDry,IcyWind,Moonblast,AuroraVeil|||M|||50|,,,,,Ghost]Garchomp||ClearAmulet|RoughSkin|StompingTantrum,BreakingSwipe,RockSlide,Protect|||F|||50|,,,,,Fire]Incineroar||SitrusBerry|Intimidate|FakeOut,FlareBlitz,KnockOff,PartingShot|||F|||50|,,,,,Ghost]Rillaboom||AssaultVest|GrassySurge|FakeOut,WoodHammer,GrassyGlide,HighHorsepower|||M|||50|,,,,,Fire
|showteam|p2|Indeedee||FocusSash|PsychicSurge|ExpandingForce,TeraBlast,Imprison,TrickRoom|||M|||50|,,,,,Ground]Sneasler||WhiteHerb|Unburden|DireClaw,CloseCombat,ThroatChop,Protect|||M|||50|,,,,,Dark]Drifblim||PsychicSeed|Unburden|Acrobatics,WillOWisp,Tailwind,Haze|||F|||50|,,,,,Grass]Ursaluna-Bloodmoon||LifeOrb|MindsEye|BloodMoon,HyperVoice,EarthPower,Protect|||M|||50|,,,,,Normal]Electabuzz||Eviolite|VitalSpirit|Electroweb,FollowMe,Taunt,Protect|||F|||50|,,,,,Dragon]Corviknight||SitrusBerry|MirrorArmor|BraveBird,BodyPress,BulkUp,Roost|||F|||50|,,,,,Fire
|inactive|Battle timer is ON: inactive players will automatically lose when time's up. (requested by Togore Gaming)
|
|t:|1756425236
|teamsize|p1|4
|teamsize|p2|4
|start
|switch|p1a: Ninetales|Ninetales-Alola, L50, M|100/100
|switch|p1b: Incineroar|Incineroar, L50, F|100/100
|switch|p2a: Sneasler|Sneasler, L50, M|100/100
|switch|p2b: Drifblim|Drifblim, L50, F|100/100
|-weather|Snowscape|[from] ability: Snow Warning|[of] p1a: Ninetales
|-ability|p1b: Incineroar|Intimidate|boost
|-unboost|p2a: Sneasler|atk|1
|-unboost|p2b: Drifblim|atk|1
|-enditem|p2a: Sneasler|White Herb
|-clearnegativeboost|p2a: Sneasler|[silent]
|turn|1
|inactive|Balester has 30 seconds left.
|inactive|Togore Gaming has 30 seconds left.
|
|t:|1756425289
|switch|p2b: Indeedee|Indeedee, L50, M|100/100
|-fieldstart|move: Psychic Terrain|[from] ability: Psychic Surge|[of] p2b: Indeedee
|-terastallize|p2a: Sneasler|Dark
|move|p2a: Sneasler|Throat Chop|p1a: Ninetales
|-resisted|p1a: Ninetales
|-damage|p1a: Ninetales|80/100
|-start|p1a: Ninetales|Throat Chop|[silent]
|move|p1a: Ninetales|Aurora Veil|p1a: Ninetales
|-sidestart|p1: Balester|move: Aurora Veil
|move|p1b: Incineroar|Knock Off|p2a: Sneasler
|-resisted|p2a: Sneasler
|-damage|p2a: Sneasler|78/100
|
|-weather|Snowscape|[upkeep]
|upkeep
|turn|2
|inactive|Balester has 30 seconds left.
|inactive|Togore Gaming has 30 seconds left.
|
|t:|1756425318
|switch|p1a: Garchomp|Garchomp, L50, F|100/100
|move|p2a: Sneasler|Dire Claw|p1a: Garchomp
|-resisted|p1a: Garchomp
|-damage|p1a: Garchomp|85/100
|-status|p1a: Garchomp|par
|-damage|p2a: Sneasler|65/100|[from] ability: Rough Skin|[of] p1a: Garchomp
|move|p2b: Indeedee|Expanding Force|p1a: Garchomp|[spread] p1a
|-immune|p1b: Incineroar
|-damage|p1a: Garchomp|47/100 par
|move|p1b: Incineroar|Knock Off|p2b: Indeedee
|-supereffective|p2b: Indeedee
|-crit|p2b: Indeedee
|-enditem|p2b: Indeedee|Focus Sash
|-damage|p2b: Indeedee|1/100
|
|-weather|Snowscape|[upkeep]
|upkeep
|turn|3
|
|t:|1756425334
|move|p2a: Sneasler|Protect|p2a: Sneasler
|-singleturn|p2a: Sneasler|Protect
|move|p2b: Indeedee|Tera Blast|p1b: Incineroar
|-damage|p1b: Incineroar|84/100
|move|p1a: Garchomp|Breaking Swipe|p2b: Indeedee|[spread] p2b
|-activate|p2a: Sneasler|move: Protect
|-damage|p2b: Indeedee|0 fnt
|faint|p2b: Indeedee
|move|p1b: Incineroar|Parting Shot|p2a: Sneasler
|-activate|p2a: Sneasler|move: Protect
|
|-weather|Snowscape|[upkeep]
|upkeep
|
|t:|1756425344
|switch|p2b: Corviknight|Corviknight, L50, F|100/100
|turn|4
|
|t:|1756425359
|move|p2a: Sneasler|Close Combat|p1b: Incineroar
|-supereffective|p1b: Incineroar
|-damage|p1b: Incineroar|2/100
|-unboost|p2a: Sneasler|def|1
|-unboost|p2a: Sneasler|spd|1
|-enditem|p1b: Incineroar|Sitrus Berry|[eat]
|-heal|p1b: Incineroar|27/100|[from] item: Sitrus Berry
|move|p2b: Corviknight|Bulk Up|p2b: Corviknight
|-boost|p2b: Corviknight|atk|1
|-boost|p2b: Corviknight|def|1
|cant|p1a: Garchomp|par
|move|p1b: Incineroar|Parting Shot|p2b: Corviknight
|-ability|p2b: Corviknight|Mirror Armor
|-unboost|p1b: Incineroar|atk|1
|-ability|p2b: Corviknight|Mirror Armor
|-unboost|p1b: Incineroar|spa|1
|
|t:|1756425376
|switch|p1b: Frosmoth|Frosmoth, L50, F|100/100|[from] Parting Shot
|
|-weather|Snowscape|[upkeep]
|upkeep
|turn|5
|inactive|Togore Gaming has 30 seconds left.
|
|t:|1756425402
|move|p2a: Sneasler|Dire Claw|p1b: Frosmoth
|-damage|p1b: Frosmoth|79/100
|move|p2b: Corviknight|Bulk Up|p2b: Corviknight
|-boost|p2b: Corviknight|atk|1
|-boost|p2b: Corviknight|def|1
|move|p1b: Frosmoth|Blizzard|p2a: Sneasler|[spread] p2a,p2b
|-damage|p2a: Sneasler|0 fnt
|-damage|p2b: Corviknight|71/100
|faint|p2a: Sneasler
|move|p1a: Garchomp|Breaking Swipe|p2b: Corviknight
|-resisted|p2b: Corviknight
|-damage|p2b: Corviknight|65/100
|-ability|p2b: Corviknight|Mirror Armor
|-fail|p1a: Garchomp|unboost|[from] item: Clear Amulet|[of] p1a: Garchomp
|
|-weather|none
|-heal|p1b: Frosmoth|85/100|[from] item: Leftovers
|-sideend|p1: Balester|move: Aurora Veil
|-fieldend|move: Psychic Terrain
|upkeep
|
|t:|1756425415
|switch|p2a: Drifblim|Drifblim, L50, F|100/100
|turn|6
|
|t:|1756425424
|switch|p1b: Ninetales|Ninetales-Alola, L50, M|80/100
|-weather|Snowscape|[from] ability: Snow Warning|[of] p1b: Ninetales
|move|p2a: Drifblim|Tailwind|p2a: Drifblim
|-sidestart|p2: Togore Gaming|move: Tailwind
|move|p2b: Corviknight|Bulk Up|p2b: Corviknight
|-boost|p2b: Corviknight|atk|1
|-boost|p2b: Corviknight|def|1
|move|p1a: Garchomp|Rock Slide|p2b: Corviknight|[spread] p2b
|-miss|p1a: Garchomp|p2a: Drifblim
|-damage|p2b: Corviknight|59/100
|
|-weather|Snowscape|[upkeep]
|upkeep
|turn|7
|
|t:|1756425446
|move|p2a: Drifblim|Acrobatics|p1b: Ninetales
|-damage|p1b: Ninetales|63/100
|move|p2b: Corviknight|Brave Bird|p1b: Ninetales
|-crit|p1b: Ninetales
|-damage|p1b: Ninetales|0 fnt
|faint|p1b: Ninetales
|-damage|p2b: Corviknight|44/100|[from] Recoil
|-enditem|p2b: Corviknight|Sitrus Berry|[eat]
|-heal|p2b: Corviknight|69/100|[from] item: Sitrus Berry
|move|p1a: Garchomp|Rock Slide|p2a: Drifblim|[spread] p2a,p2b
|-supereffective|p2a: Drifblim
|-damage|p2a: Drifblim|65/100
|-damage|p2b: Corviknight|63/100
|
|-weather|Snowscape|[upkeep]
|upkeep
|
|t:|1756425461
|switch|p1b: Incineroar|Incineroar, L50, F|27/100
|-ability|p1b: Incineroar|Intimidate|boost
|-unboost|p2a: Drifblim|atk|1
|-ability|p2b: Corviknight|Mirror Armor
|-unboost|p1b: Incineroar|atk|1
|turn|8
|
|t:|1756425477
|move|p1b: Incineroar|Fake Out|p2b: Corviknight
|-resisted|p2b: Corviknight
|-damage|p2b: Corviknight|62/100
|move|p2a: Drifblim|Acrobatics|p1a: Garchomp
|-damage|p1a: Garchomp|37/100 par
|-damage|p2a: Drifblim|53/100|[from] ability: Rough Skin|[of] p1a: Garchomp
|cant|p2b: Corviknight|flinch
|cant|p1a: Garchomp|par
|
|-weather|Snowscape|[upkeep]
|upkeep
|turn|9
|
|t:|1756425501
|move|p2a: Drifblim|Acrobatics|p1a: Garchomp
|-damage|p1a: Garchomp|25/100 par
|-damage|p2a: Drifblim|41/100|[from] ability: Rough Skin|[of] p1a: Garchomp
|move|p2b: Corviknight|Brave Bird|p1b: Incineroar
|-damage|p1b: Incineroar|0 fnt
|faint|p1b: Incineroar
|-damage|p2b: Corviknight|54/100|[from] Recoil
|move|p1a: Garchomp|Rock Slide|p2a: Drifblim|[spread] p2a,p2b
|-supereffective|p2a: Drifblim
|-crit|p2b: Corviknight
|-damage|p2a: Drifblim|8/100
|-damage|p2b: Corviknight|32/100
|
|-weather|Snowscape|[upkeep]
|-sideend|p2: Togore Gaming|move: Tailwind
|upkeep
|
|t:|1756425508
|switch|p1b: Frosmoth|Frosmoth, L50, F|85/100
|turn|10
|
|t:|1756425516
|-terastallize|p1b: Frosmoth|Water
|move|p2a: Drifblim|Tailwind|p2a: Drifblim
|-sidestart|p2: Togore Gaming|move: Tailwind
|move|p2b: Corviknight|Roost|p2b: Corviknight
|-heal|p2b: Corviknight|82/100
|-singleturn|p2b: Corviknight|move: Roost
|move|p1b: Frosmoth|Blizzard|p2b: Corviknight|[spread] p2a,p2b
|-supereffective|p2a: Drifblim
|-resisted|p2b: Corviknight
|-damage|p2a: Drifblim|0 fnt
|-damage|p2b: Corviknight|68/100
|faint|p2a: Drifblim
|move|p1a: Garchomp|Rock Slide|p2b: Corviknight|[miss]
|-miss|p1a: Garchomp|p2b: Corviknight
|
|-weather|none
|-heal|p1b: Frosmoth|91/100|[from] item: Leftovers
|upkeep
|turn|11
|
|t:|1756425539
|move|p1a: Garchomp|Protect|p1a: Garchomp
|-singleturn|p1a: Garchomp|Protect
|move|p2b: Corviknight|Body Press|p1a: Garchomp
|-activate|p1a: Garchomp|move: Protect
|move|p1b: Frosmoth|Quiver Dance|p1b: Frosmoth
|-boost|p1b: Frosmoth|spa|1
|-boost|p1b: Frosmoth|spd|1
|-boost|p1b: Frosmoth|spe|1
|
|-heal|p1b: Frosmoth|98/100|[from] item: Leftovers
|upkeep
|turn|12
|
|t:|1756425546
|move|p2b: Corviknight|Brave Bird|p1b: Frosmoth
|-damage|p1b: Frosmoth|0 fnt
|faint|p1b: Frosmoth
|-damage|p2b: Corviknight|40/100|[from] Recoil
|cant|p1a: Garchomp|par
|
|upkeep
|turn|13
|
|t:|1756425556
|move|p1a: Garchomp|Protect|p1a: Garchomp
|-singleturn|p1a: Garchomp|Protect
|move|p2b: Corviknight|Body Press|p1a: Garchomp
|-activate|p1a: Garchomp|move: Protect
|
|-sideend|p2: Togore Gaming|move: Tailwind
|upkeep
|turn|14
|
|t:|1756425559
|move|p2b: Corviknight|Body Press|p1a: Garchomp
|-damage|p1a: Garchomp|0 fnt
|-damage|p2b: Corviknight|27/100|[from] ability: Rough Skin|[of] p1a: Garchomp
|faint|p1a: Garchomp
|
|win|Togore Gaming
|raw|Balester's rating: 1130 → 1112(-18 for losing)
|raw|Togore Gaming's rating: 1227 → 1245(+18 for winning)
|l|☆Balester
|player|p1|
