|j|☆RouletteRegional
|j|☆NON CRITTARMI BRO
|html|RouletteRegionalNON CRITTARMI BRO    
|uhtml|bestof|Game 2 of a best-of-3
|t:|1783263148
|gametype|doubles
|player|p1|RouletteRegional|lance|1277
|player|p2|NON CRITTARMI BRO|102|1366
|gen|9
|tier|[Gen 9 Champions] VGC 2026 Reg M-B (Bo3)
|rated|
|rule|Species Clause: Limit one of each Pokémon
|rule|Item Clause: Limit 1 of each item
|clearpoke
|poke|p1|Floette-Eternal, L50, F|
|poke|p1|Sneasler, L50, F|
|poke|p1|Incineroar, L50, M|
|poke|p1|Kingambit, L50, F|
|poke|p1|Sinistcha, L50|
|poke|p1|Blastoise, L50, M|
|poke|p2|Incineroar, L50, M|
|poke|p2|Sinistcha, L50|
|poke|p2|Staraptor, L50, M|
|poke|p2|Basculegion, L50, M|
|poke|p2|Kingambit, L50, F|
|poke|p2|Sneasler, L50, F|
|teampreview|4
|showteam|p1|Floette-Eternal||Floettite|FlowerVeil|DazzlingGleam,DrainingKiss,CalmMind,Protect|Modest||F|||50|]Sneasler||FocusSash|PoisonTouch|DireClaw,CloseCombat,FakeOut,Protect|Jolly||F|||50|]Incineroar||SitrusBerry|Intimidate|FlareBlitz,HelpingHand,PartingShot,FakeOut|Impish||M|||50|]Kingambit||BlackGlasses|Defiant|KowtowCleave,SuckerPunch,SwordsDance,Protect|Adamant||F|||50|]Sinistcha||KasibBerry|Hospitality|MatchaGotcha,RagePowder,LifeDew,Protect|Relaxed|||||50|]Blastoise||Blastoisinite|RainDish|WaterSpout,DarkPulse,ShellSmash,Protect|Modest||M|||50|
|showteam|p2|Incineroar||PasshoBerry|Intimidate|FlareBlitz,ThroatChop,PartingShot,FakeOut|Impish||M|||50|]Sinistcha||KasibBerry|Hospitality|Protect,TrickRoom,MatchaGotcha,RagePowder|Relaxed|||||50|]Staraptor||Staraptite|Intimidate|CloseCombat,BraveBird,Roost,Protect|Adamant||M|||50|]Basculegion||ChoiceScarf|Adaptability|FlipTurn,AquaJet,LastRespects,WaveCrash|Jolly||M|||50|]Kingambit||BlackGlasses|Defiant|Protect,KowtowCleave,SuckerPunch,SwordsDance|Adamant||F|||50|]Sneasler||WhiteHerb|Unburden|Protect,GunkShot,CloseCombat,FakeOut|Jolly||F|||50|
|inactive|Battle timer is ON: inactive players will automatically lose when time's up. (requested by RouletteRegional)
|
|t:|1783263169
|teamsize|p1|4
|teamsize|p2|4
|start
|switch|p1a: Floette|Floette-Eternal, L50, F|100/100
|switch|p1b: Sneasler|Sneasler, L50, F|100/100
|switch|p2a: Staraptor|Staraptor, L50, M|100/100
|switch|p2b: Sneasler|Sneasler, L50, F|100/100
|-ability|p2a: Staraptor|Intimidate|boost
|-unboost|p1a: Floette|atk|1
|-unboost|p1b: Sneasler|atk|1
|turn|1
|inactive|RouletteRegional has 30 seconds left.
|inactive|RouletteRegional has 20 seconds left.
|
|t:|1783263209
|switch|p1a: Incineroar|Incineroar, L50, M|100/100
|-ability|p1a: Incineroar|Intimidate|boost
|-unboost|p2a: Staraptor|atk|1
|-unboost|p2b: Sneasler|atk|1
|-enditem|p2b: Sneasler|White Herb
|-clearnegativeboost|p2b: Sneasler|[silent]
|move|p1b: Sneasler|Fake Out|p2a: Staraptor
|-damage|p2a: Staraptor|87/100
|move|p2b: Sneasler|Gunk Shot|p1a: Incineroar
|-damage|p1a: Incineroar|58/100
|cant|p2a: Staraptor|flinch
|
|upkeep
|turn|2
|inactive|NON CRITTARMI BRO has 30 seconds left.
|
|t:|1783263235
|switch|p2b: Sinistcha|Sinistcha, L50|100/100
|-heal|p2a: Staraptor|100/100|[from] ability: Hospitality|[of] p2b: Sinistcha
|switch|p1b: Sinistcha|Sinistcha, L50|100/100
|-heal|p1a: Incineroar|83/100|[from] ability: Hospitality|[of] p1b: Sinistcha
|detailschange|p2a: Staraptor|Staraptor-Mega, L50, M
|-mega|p2a: Staraptor|Staraptor|Staraptite
|move|p2a: Staraptor|Close Combat|p1a: Incineroar
|-supereffective|p1a: Incineroar|1
|-damage|p1a: Incineroar|17/100
|-boost|p2a: Staraptor|def|1
|-boost|p2a: Staraptor|spd|1
|-enditem|p1a: Incineroar|Sitrus Berry|[eat]
|-heal|p1a: Incineroar|42/100|[from] item: Sitrus Berry
|move|p1a: Incineroar|Parting Shot|p2b: Sinistcha
|-unboost|p2b: Sinistcha|atk|1
|-unboost|p2b: Sinistcha|spa|1
|
|t:|1783263241
|switch|p1a: Floette|Floette-Eternal, L50, F|100/100|[from] Parting Shot
|
|upkeep
|turn|3
|
|t:|1783263265
|detailschange|p1a: Floette|Floette-Mega, L50, F
|-mega|p1a: Floette|Floette|Floettite
|-ability|p1a: Floette|Fairy Aura
|move|p2a: Staraptor|Protect|p2a: Staraptor
|-singleturn|p2a: Staraptor|Protect
|move|p1a: Floette|Dazzling Gleam|p2b: Sinistcha|[spread] p2b
|-activate|p2a: Staraptor|move: Protect
|-damage|p2b: Sinistcha|47/100
|move|p1b: Sinistcha|Matcha Gotcha|p2a: Staraptor|[spread] p2b
|-activate|p2a: Staraptor|move: Protect
|-resisted|p2b: Sinistcha|1
|-damage|p2b: Sinistcha|32/100
|move|p2b: Sinistcha|Matcha Gotcha|p1b: Sinistcha|[spread] p1a,p1b
|-resisted|p1b: Sinistcha|1
|-damage|p1a: Floette|86/100
|-heal|p2b: Sinistcha|38/100|[from] drain|[of] p1a: Floette
|-damage|p1b: Sinistcha|92/100
|-heal|p2b: Sinistcha|42/100|[from] drain|[of] p1b: Sinistcha
|
|upkeep
|turn|4
|
|t:|1783263289
|move|p2b: Sinistcha|Protect|p2b: Sinistcha
|-singleturn|p2b: Sinistcha|Protect
|move|p1a: Floette|Dazzling Gleam|p2b: Sinistcha|[spread] p2a
|-activate|p2b: Sinistcha|move: Protect
|-supereffective|p2a: Staraptor|1
|-damage|p2a: Staraptor|43/100
|move|p2a: Staraptor|Brave Bird|p1b: Sinistcha
|-supereffective|p1b: Sinistcha|1
|-damage|p1b: Sinistcha|10/100
|-damage|p2a: Staraptor|18/100|[from] Recoil
|move|p1b: Sinistcha|Life Dew|p1b: Sinistcha|[spread] p1a,p1b
|-heal|p1a: Floette|100/100
|-heal|p1b: Sinistcha|35/100
|
|upkeep
|turn|5
|inactive|NON CRITTARMI BRO has 30 seconds left.
|
|t:|1783263317
|switch|p2b: Sneasler|Sneasler, L50, F|100/100
|move|p2a: Staraptor|Protect|p2a: Staraptor
|-singleturn|p2a: Staraptor|Protect
|move|p1b: Sinistcha|Rage Powder|p1b: Sinistcha
|-singleturn|p1b: Sinistcha|move: Rage Powder
|move|p1a: Floette|Dazzling Gleam|p2a: Staraptor|[spread] p2b
|-activate|p2a: Staraptor|move: Protect
|-damage|p2b: Sneasler|35/100
|
|upkeep
|turn|6
|
|t:|1783263332
|move|p1a: Floette|Protect|p1a: Floette
|-singleturn|p1a: Floette|Protect
|move|p1b: Sinistcha|Protect|p1b: Sinistcha
|-singleturn|p1b: Sinistcha|Protect
|move|p2b: Sneasler|Fake Out|p1a: Floette
|-activate|p1a: Floette|move: Protect
|move|p2a: Staraptor|Roost|p2a: Staraptor
|-heal|p2a: Staraptor|68/100
|-singleturn|p2a: Staraptor|move: Roost
|
|upkeep
|turn|7
|
|t:|1783263343
|switch|p2b: Sinistcha|Sinistcha, L50|42/100
|-heal|p2a: Staraptor|93/100|[from] ability: Hospitality|[of] p2b: Sinistcha
|move|p1b: Sinistcha|Rage Powder|p1b: Sinistcha
|-singleturn|p1b: Sinistcha|move: Rage Powder
|move|p1a: Floette|Dazzling Gleam|p2a: Staraptor|[spread] p2a,p2b
|-supereffective|p2a: Staraptor|1
|-damage|p2a: Staraptor|32/100
|-damage|p2b: Sinistcha|0 fnt
|faint|p2b: Sinistcha
|move|p2a: Staraptor|Brave Bird|p1b: Sinistcha
|-supereffective|p1b: Sinistcha|1
|-damage|p1b: Sinistcha|0 fnt
|faint|p1b: Sinistcha
|-damage|p2a: Staraptor|21/100|[from] Recoil
|
|upkeep
|
|t:|1783263363
|switch|p1b: Sneasler|Sneasler, L50, F|100/100
|switch|p2b: Sneasler|Sneasler, L50, F|35/100
|turn|8
|
|t:|1783263374
|move|p1b: Sneasler|Fake Out|p2b: Sneasler
|-damage|p2b: Sneasler|8/100
|cant|p2b: Sneasler|flinch
|move|p1a: Floette|Dazzling Gleam|p2b: Sneasler|[spread] p2a,p2b
|-supereffective|p2a: Staraptor|1
|-damage|p2a: Staraptor|0 fnt
|-damage|p2b: Sneasler|0 fnt
|faint|p2a: Staraptor
|faint|p2b: Sneasler
|
|upkeep
|inactive|NON CRITTARMI BRO has 30 seconds left.
|inactive|NON CRITTARMI BRO has 20 seconds left.
|inactive|NON CRITTARMI BRO has 15 seconds left.
|inactive|NON CRITTARMI BRO has 10 seconds left.
|inactive|NON CRITTARMI BRO has 5 seconds left.
|
|t:|1783263429
|switch|p2a: Basculegion|Basculegion, L50, M|100/100
|turn|9
|inactive|NON CRITTARMI BRO has 30 seconds left.
|c|☆RouletteRegional|could we just play this out please?
|inactive|NON CRITTARMI BRO has 20 seconds left.
|inactive|NON CRITTARMI BRO has 15 seconds left.
|inactive|NON CRITTARMI BRO has 10 seconds left.
|inactive|NON CRITTARMI BRO has 5 seconds left.
|
|t:|1783263484
|switch|p1a: Incineroar|Incineroar, L50, M|42/100
|-ability|p1a: Incineroar|Intimidate|boost
|-unboost|p2a: Basculegion|atk|1
|move|p2a: Basculegion|Flip Turn|p1a: Incineroar
|-supereffective|p1a: Incineroar|1
|-damage|p1a: Incineroar|4/100
|move|p1b: Sneasler|Dire Claw|p2a: Basculegion
|-resisted|p2a: Basculegion|1
|-damage|p2a: Basculegion|73/100
|
|upkeep
|turn|10
|inactive|NON CRITTARMI BRO has 30 seconds left.
|l|☆NON CRITTARMI BRO
|inactive|NON CRITTARMI BRO disconnected and has a minute to reconnect!
|player|p2|
|inactive|NON CRITTARMI BRO has 20 seconds left.
|inactive|NON CRITTARMI BRO has 15 seconds left.
|inactive|NON CRITTARMI BRO has 10 seconds left.
|inactive|NON CRITTARMI BRO has 5 seconds left.
|-message|NON CRITTARMI BRO lost due to inactivity.
|
|win|RouletteRegional
|raw|RouletteRegional's rating: 1277 → 1308(+31 for winning)
|raw|NON CRITTARMI BRO's rating: 1366 → 1341(-25 for losing)
