|j|‽yazz96
|j|☆robinrambles
|html|yazz96robinrambles    
|uhtml|bestof|Game 1 of a best-of-3
|t:|1784649574
|gametype|doubles
|player|p1|yazz96|265|1079
|player|p2|robinrambles|dawn-gen4pt|1152
|gen|9
|tier|[Gen 9 Champions] VGC 2026 Reg M-B (Bo3)
|rated|
|rule|Species Clause: Limit one of each Pokémon
|rule|Item Clause: Limit 1 of each item
|clearpoke
|poke|p1|Farigiraf, L50, F|
|poke|p1|Raichu, L50, F|
|poke|p1|Grimmsnarl, L50, M|
|poke|p1|Meganium, L50, F|
|poke|p1|Sinistcha-Masterpiece, L50|
|poke|p1|Annihilape, L50, F|
|poke|p2|Staraptor, L50, F|
|poke|p2|Whimsicott, L50, M|
|poke|p2|Incineroar, L50, M|
|poke|p2|Sableye, L50, F|
|poke|p2|Ninetales-Alola, L50, F|
|poke|p2|Rotom-Wash, L50|
|teampreview|4
|showteam|p1|Farigiraf||Leftovers|ArmorTail|TrickRoom,Protect,Psychic,Thunder|Modest||F|||50|]Raichu||RaichuniteY|Static|ZapCannon,FocusBlast,Protect,FakeOut|Modest||F|||50|]Grimmsnarl||LightClay|Prankster|LightScreen,Reflect,FakeOut,SpiritBreak|Adamant||M|||50|]Meganium||Meganiumite|Overgrow|DazzlingGleam,WeatherBall,SolarBeam,Protect|Modest||F|||50|]Sinistcha-Masterpiece||SitrusBerry|Hospitality|MatchaGotcha,NastyPlot,Protect,RagePowder|Quiet|||||50|]Annihilape||FocusSash|Defiant|GunkShot,RageFist,Protect,CloseCombat|Jolly||F|||50|
|showteam|p2|Staraptor||Staraptite|Intimidate|Roost,Protect,CloseCombat,BraveBird|Adamant||F|||50|]Whimsicott||FocusSash|Prankster|Encore,Moonblast,Tailwind,Charm|Bold||M|||50|]Incineroar||PasshoBerry|Intimidate|FakeOut,DarkestLariat,FlareBlitz,PartingShot|Adamant||M|||50|]Sableye||SitrusBerry|Prankster|FakeOut,Taunt,Disable,FoulPlay|Impish||F|||50|]Ninetales-Alola||LightClay|SnowWarning|AuroraVeil,Blizzard,Moonblast,Protect|Timid||F|||50|]Rotom-Wash||ChoiceScarf|Levitate|Trick,VoltSwitch,HydroPump,WillOWisp|Modest|||||50|
|
|t:|1784649658
|teamsize|p1|4
|teamsize|p2|4
|start
|switch|p1a: Raichu|Raichu, L50, F|100/100
|switch|p1b: Annihilape|Annihilape, L50, F|100/100
|switch|p2a: Staraptor|Staraptor, L50, F|100/100
|switch|p2b: Sableye|Sableye, L50, F|100/100
|-ability|p2a: Staraptor|Intimidate|boost
|-unboost|p1a: Raichu|atk|1
|-unboost|p1b: Annihilape|atk|1
|-ability|p1b: Annihilape|Defiant|boost
|-boost|p1b: Annihilape|atk|2
|turn|1
|
|t:|1784649692
|detailschange|p1a: Raichu|Raichu-Mega-Y, L50, F
|-mega|p1a: Raichu|Raichu|Raichunite Y
|detailschange|p2a: Staraptor|Staraptor-Mega, L50, F
|-mega|p2a: Staraptor|Staraptor|Staraptite
|move|p2a: Staraptor|Protect|p2a: Staraptor
|-singleturn|p2a: Staraptor|Protect
|move|p1a: Raichu|Fake Out|p2a: Staraptor
|-activate|p2a: Staraptor|move: Protect
|move|p2b: Sableye|Fake Out|p1a: Raichu
|-damage|p1a: Raichu|83/100
|move|p1b: Annihilape|Gunk Shot|p2a: Staraptor
|-activate|p2a: Staraptor|move: Protect
|
|upkeep
|turn|2
|
|t:|1784649731
|move|p2a: Staraptor|Protect||[still]
|-fail|p2a: Staraptor
|move|p2b: Sableye|Disable|p1b: Annihilape
|-start|p1b: Annihilape|Disable|Gunk Shot
|move|p1a: Raichu|Zap Cannon|p2a: Staraptor
|-supereffective|p2a: Staraptor|1
|-damage|p2a: Staraptor|0 fnt
|faint|p2a: Staraptor
|cant|p1b: Annihilape|Disable|Gunk Shot
|
|upkeep
|
|t:|1784649739
|switch|p2a: Rotom|Rotom-Wash, L50|100/100
|turn|3
|
|t:|1784649765
|switch|p1b: Sinistcha|Sinistcha-Masterpiece, L50|100/100
|-heal|p1a: Raichu|100/100|[from] ability: Hospitality|[of] p1b: Sinistcha
|move|p2b: Sableye|Disable|p1a: Raichu
|-start|p1a: Raichu|Disable|Zap Cannon
|move|p2a: Rotom|Volt Switch|p1b: Sinistcha
|-resisted|p1b: Sinistcha|1
|-damage|p1b: Sinistcha|81/100
|
|t:|1784649773
|switch|p2a: Ninetales|Ninetales-Alola, L50, F|100/100|[from] Volt Switch
|-weather|Snowscape|[from] ability: Snow Warning|[of] p2a: Ninetales
|cant|p1a: Raichu|Disable|Zap Cannon
|
|-weather|Snowscape|[upkeep]
|upkeep
|turn|4
|
|t:|1784649811
|switch|p1a: Annihilape|Annihilape, L50, F|100/100
|switch|p1b: Grimmsnarl|Grimmsnarl, L50, M|100/100
|move|p2b: Sableye|Taunt|p1b: Grimmsnarl
|-hint|Since gen 7, Dark is immune to Prankster moves.
|-immune|p1b: Grimmsnarl
|move|p2a: Ninetales|Blizzard|p1a: Annihilape|[spread] p1a,p1b
|-crit|p1b: Grimmsnarl
|-damage|p1a: Annihilape|66/100
|-damage|p1b: Grimmsnarl|48/100
|-status|p1b: Grimmsnarl|frz
|
|-weather|Snowscape|[upkeep]
|upkeep
|turn|5
|l|‽yazz96
|player|p1|
|j|‽yazz96
|player|p1|yazz96|265|
|n|‽yazz96|yazz96
|
|t:|1784649914
|cant|p1b: Grimmsnarl|frz
|move|p2a: Ninetales|Blizzard|p1a: Annihilape|[spread] p1a,p1b
|-damage|p1a: Annihilape|31/100
|-damage|p1b: Grimmsnarl|12/100 frz
|move|p1a: Annihilape|Gunk Shot|p2a: Ninetales
|-supereffective|p2a: Ninetales|1
|-damage|p2a: Ninetales|24/100
|move|p2b: Sableye|Foul Play|p1a: Annihilape
|-damage|p1a: Annihilape|0 fnt
|faint|p1a: Annihilape
|
|-weather|Snowscape|[upkeep]
|upkeep
|
|t:|1784649984
|switch|p1a: Sinistcha|Sinistcha-Masterpiece, L50|81/100
|-heal|p1b: Grimmsnarl|37/100 frz|[from] ability: Hospitality|[of] p1a: Sinistcha
|turn|6
|
|t:|1784650006
|-curestatus|p1b: Grimmsnarl|frz|[msg]
|move|p1b: Grimmsnarl|Light Screen|p1b: Grimmsnarl
|-sidestart|p1: yazz96|move: Light Screen
|move|p2b: Sableye|Taunt|p1a: Sinistcha
|-start|p1a: Sinistcha|move: Taunt
|move|p2a: Ninetales|Blizzard|p1a: Sinistcha|[spread] p1a,p1b
|-supereffective|p1a: Sinistcha|1
|-crit|p1b: Grimmsnarl
|-damage|p1a: Sinistcha|29/100
|-damage|p1b: Grimmsnarl|0 fnt
|-enditem|p1a: Sinistcha|Sitrus Berry|[eat]
|-heal|p1a: Sinistcha|54/100|[from] item: Sitrus Berry
|faint|p1b: Grimmsnarl
|move|p1a: Sinistcha|Matcha Gotcha|p2b: Sableye|[spread] p2b
|-miss|p1a: Sinistcha|p2a: Ninetales
|-damage|p2b: Sableye|57/100
|-heal|p1a: Sinistcha|77/100|[from] drain|[of] p2b: Sableye
|-status|p2b: Sableye|brn
|
|-weather|Snowscape|[upkeep]
|-damage|p2b: Sableye|51/100 brn|[from] brn
|upkeep
|
|t:|1784650042
|switch|p1b: Raichu|Raichu-Mega-Y, L50, F|100/100
|turn|7
|
|t:|1784650050
|switch|p2a: Rotom|Rotom-Wash, L50|100/100
|move|p2b: Sableye|Disable|p1a: Sinistcha
|-start|p1a: Sinistcha|Disable|Matcha Gotcha
|move|p1b: Raichu|Zap Cannon|p2b: Sableye
|-damage|p2b: Sableye|0 fnt
|faint|p2b: Sableye
|cant|p1a: Sinistcha|Disable|Matcha Gotcha
|
|-weather|none
|upkeep
|
|t:|1784650059
|switch|p2b: Ninetales|Ninetales-Alola, L50, F|24/100
|-weather|Snowscape|[from] ability: Snow Warning|[of] p2b: Ninetales
|turn|8
|
|t:|1784650073
|move|p2b: Ninetales|Protect|p2b: Ninetales
|-singleturn|p2b: Ninetales|Protect
|move|p2a: Rotom|Hydro Pump|p1b: Raichu
|-damage|p1b: Raichu|51/100
|move|p1b: Raichu|Zap Cannon|p2b: Ninetales
|-activate|p2b: Ninetales|move: Protect
|-activate|p1a: Sinistcha|move: Struggle
|move|p1a: Sinistcha|Struggle|p2b: Ninetales
|-activate|p2b: Ninetales|move: Protect
|
|-weather|Snowscape|[upkeep]
|-end|p1a: Sinistcha|move: Taunt
|upkeep
|turn|9
|
|t:|1784650087
|move|p2a: Rotom|Hydro Pump|p1b: Raichu
|-damage|p1b: Raichu|0 fnt
|faint|p1b: Raichu
|move|p2b: Ninetales|Blizzard|p1a: Sinistcha
|-supereffective|p1a: Sinistcha|1
|-damage|p1a: Sinistcha|14/100
|move|p1a: Sinistcha|Nasty Plot|p1a: Sinistcha
|-boost|p1a: Sinistcha|spa|2
|
|-weather|Snowscape|[upkeep]
|upkeep
|turn|10
|-message|yazz96 forfeited.
|raw|yazz96's rating: 1079 → 1062(-17 for losing)
|raw|robinrambles's rating: 1152 → 1172(+20 for winning)
|
|win|robinrambles
|l|‽yazz96
|player|p1|
