|j|‽corach-lover
|j|☆psychic system
|html|corach-loverpsychic system    
|uhtml|bestof|Game 2 of a best-of-3
|t:|1757780917
|gametype|doubles
|player|p1|corach-lover|170|1081
|player|p2|psychic system|dawn|1063
|gen|9
|tier|[Gen 9] VGC 2025 Reg H (Bo3)
|rated|
|rule|Species Clause: Limit one of each Pokémon
|rule|Item Clause: Limit 1 of each item
|clearpoke
|poke|p1|Ursaluna, L50, M|
|poke|p1|Jumpluff, L50, F|
|poke|p1|Charizard, L50, F|
|poke|p1|Torkoal, L50, M|
|poke|p1|Incineroar, L50, F|
|poke|p1|Porygon2, L50|
|poke|p2|Maushold, L50|
|poke|p2|Basculegion, L50, M|
|poke|p2|Electabuzz, L50, F|
|poke|p2|Rillaboom, L50, F|
|poke|p2|Volcarona, L50, F|
|poke|p2|Annihilape, L50, M|
|teampreview|4
|showteam|p1|Ursaluna||FlameOrb|Guts|HeadlongRush,Facade,Earthquake,Protect|||M|||50|,,,,,Ghost]Jumpluff||CovertCloak|Chlorophyll|SleepPowder,SunnyDay,Tailwind,RagePowder|||F|||50|,,,,,Water]Charizard||ChoiceSpecs|SolarPower|AirSlash,HeatWave,Overheat,WeatherBall|||F|||50|,,,,,Ghost]Torkoal||EjectPack|Drought|HelpingHand,Eruption,Overheat,Protect|||M|||50|,,,,,Fire]Incineroar||SitrusBerry|Intimidate|FakeOut,FlareBlitz,KnockOff,PartingShot|||F|||50|,,,,,Ghost]Porygon2||Eviolite|Download|TeraBlast,IceBeam,Recover,TrickRoom||||||50|,,,,,Fighting
|showteam|p2|Maushold||SafetyGoggles|FriendGuard|BeatUp,FollowMe,Taunt,Protect||||||50|,,,,,Normal]Basculegion||ChoiceScarf|Adaptability|WaveCrash,AquaJet,LastRespects,FlipTurn|||M|||50|,,,,,Water]Electabuzz||Eviolite|VitalSpirit|Electroweb,Taunt,FollowMe,Protect|||F|||50|,,,,,Ghost]Rillaboom||AssaultVest|GrassySurge|WoodHammer,GrassyGlide,HighHorsepower,FakeOut|||F|||50|,,,,,Fire]Volcarona||CovertCloak|FlameBody|HeatWave,TeraBlast,QuiverDance,Protect|||F|||50|,,,,,Fairy]Annihilape||Leftovers|Defiant|DrainPunch,RageFist,BulkUp,Protect|||M|||50|,,,,,Water
|
|t:|1757780924
|teamsize|p1|4
|teamsize|p2|4
|start
|switch|p1a: Jumpluff|Jumpluff, L50, F|100/100
|switch|p1b: Torkoal|Torkoal, L50, M|100/100
|switch|p2a: Maushold|Maushold, L50|100/100
|switch|p2b: Annihilape|Annihilape, L50, M|100/100
|-weather|SunnyDay|[from] ability: Drought|[of] p1b: Torkoal
|turn|1
|
|t:|1757780947
|move|p1a: Jumpluff|Tailwind|p1a: Jumpluff
|-sidestart|p1: corach-lover|move: Tailwind
|move|p2a: Maushold|Beat Up|p2b: Annihilape
|-damage|p2b: Annihilape|99/100
|-damage|p2b: Annihilape|97/100
|-damage|p2b: Annihilape|95/100
|-damage|p2b: Annihilape|93/100
|-hitcount|p2b: Annihilape|4
|move|p2b: Annihilape|Rage Fist|p1a: Jumpluff
|-damage|p1a: Jumpluff|0 fnt
|faint|p1a: Jumpluff
|move|p1b: Torkoal|Overheat|p2b: Annihilape
|-damage|p2b: Annihilape|36/100
|-unboost|p1b: Torkoal|spa|2
|-enditem|p1b: Torkoal|Eject Pack
|
|t:|1757780955
|switch|p1b: Charizard|Charizard, L50, F|100/100
|
|-weather|SunnyDay|[upkeep]
|-damage|p1b: Charizard|88/100|[from] ability: Solar Power|[of] p1b: Charizard
|-heal|p2b: Annihilape|42/100|[from] item: Leftovers
|upkeep
|
|t:|1757780961
|switch|p1a: Ursaluna|Ursaluna, L50, M|100/100
|turn|2
|
|t:|1757780973
|move|p2a: Maushold|Protect|p2a: Maushold
|-singleturn|p2a: Maushold|Protect
|move|p2b: Annihilape|Protect|p2b: Annihilape
|-singleturn|p2b: Annihilape|Protect
|move|p1b: Charizard|Heat Wave|p2b: Annihilape|[spread] 
|-activate|p2a: Maushold|move: Protect
|-activate|p2b: Annihilape|move: Protect
|move|p1a: Ursaluna|Earthquake|p2b: Annihilape|[spread] 
|-activate|p2a: Maushold|move: Protect
|-activate|p2b: Annihilape|move: Protect
|-immune|p1b: Charizard
|
|-weather|SunnyDay|[upkeep]
|-damage|p1b: Charizard|76/100|[from] ability: Solar Power|[of] p1b: Charizard
|-heal|p2b: Annihilape|49/100|[from] item: Leftovers
|-status|p1a: Ursaluna|brn|[from] item: Flame Orb
|upkeep
|turn|3
|inactive|Battle timer is ON: inactive players will automatically lose when time's up. (requested by psychic system)
|inactive|psychic system has 60 seconds left.
|
|t:|1757781042
|switch|p2a: Basculegion|Basculegion, L50, M|100/100
|switch|p2b: Electabuzz|Electabuzz, L50, F|100/100
|move|p1b: Charizard|Heat Wave|p2b: Electabuzz|[spread] p2a,p2b
|-resisted|p2a: Basculegion
|-damage|p2a: Basculegion|36/100
|-damage|p2b: Electabuzz|5/100
|-status|p2b: Electabuzz|brn
|move|p1a: Ursaluna|Earthquake|p2a: Basculegion|[spread] p2a,p2b
|-immune|p1b: Charizard
|-supereffective|p2b: Electabuzz
|-damage|p2a: Basculegion|0 fnt
|-damage|p2b: Electabuzz|0 fnt
|faint|p2a: Basculegion
|faint|p2b: Electabuzz
|
|-weather|SunnyDay|[upkeep]
|-damage|p1b: Charizard|63/100|[from] ability: Solar Power|[of] p1b: Charizard
|-damage|p1a: Ursaluna|95/100 brn|[from] brn
|upkeep
|
|t:|1757781053
|switch|p2b: Annihilape|Annihilape, L50, M|49/100
|switch|p2a: Maushold|Maushold, L50|100/100
|turn|4
|
|t:|1757781065
|move|p2a: Maushold|Protect|p2a: Maushold
|-singleturn|p2a: Maushold|Protect
|move|p2b: Annihilape|Protect|p2b: Annihilape
|-singleturn|p2b: Annihilape|Protect
|move|p1b: Charizard|Heat Wave|p2a: Maushold|[spread] 
|-activate|p2a: Maushold|move: Protect
|-activate|p2b: Annihilape|move: Protect
|move|p1a: Ursaluna|Earthquake|p2b: Annihilape|[spread] 
|-activate|p2a: Maushold|move: Protect
|-activate|p2b: Annihilape|move: Protect
|-immune|p1b: Charizard
|
|-weather|SunnyDay|[upkeep]
|-damage|p1b: Charizard|51/100|[from] ability: Solar Power|[of] p1b: Charizard
|-heal|p2b: Annihilape|55/100|[from] item: Leftovers
|-damage|p1a: Ursaluna|89/100 brn|[from] brn
|-sideend|p1: corach-lover|move: Tailwind
|upkeep
|turn|5
|inactive|psychic system has 30 seconds left.
|
|t:|1757781098
|-terastallize|p2b: Annihilape|Water
|move|p2a: Maushold|Taunt|p1a: Ursaluna
|-start|p1a: Ursaluna|move: Taunt
|move|p1b: Charizard|Heat Wave|p2a: Maushold|[spread] p2a,p2b
|-resisted|p2b: Annihilape
|-damage|p2a: Maushold|0 fnt
|-damage|p2b: Annihilape|17/100
|faint|p2a: Maushold
|move|p2b: Annihilape|Rage Fist|p1a: Ursaluna
|-immune|p1a: Ursaluna
|move|p1a: Ursaluna|Earthquake|p2b: Annihilape|[spread] p2b
|-immune|p1b: Charizard
|-damage|p2b: Annihilape|0 fnt
|faint|p2b: Annihilape
|
|win|corach-lover
|raw|corach-lover's rating: 1081 → 1107(+26 for winning)
|raw|psychic system's rating: 1063 → 1045(-18 for losing)
