|j|☆guillelona
|j|☆vicburgos
|html|guillelonavicburgos    
|uhtml|bestof|Game 2 of a best-of-3
|t:|1784985985
|gametype|doubles
|player|p1|guillelona|2|1129
|player|p2|vicburgos|170|1149
|gen|9
|tier|[Gen 9 Champions] VGC 2026 Reg M-B (Bo3)
|rated|
|rule|Species Clause: Limit one of each Pokémon
|rule|Item Clause: Limit 1 of each item
|clearpoke
|poke|p1|Vivillon-Tundra, L50, F|
|poke|p1|Mawile, L50, M|
|poke|p1|Torkoal, L50, F|
|poke|p1|Farigiraf, L50, M|
|poke|p1|Garchomp, L50, F|
|poke|p1|Raichu, L50, F|
|poke|p2|Raichu, L50, M|
|poke|p2|Annihilape, L50, M|
|poke|p2|Sinistcha, L50|
|poke|p2|Vaporeon, L50, M|
|poke|p2|Maushold-Four, L50|
|poke|p2|Incineroar, L50, M|
|teampreview|4
|showteam|p1|Vivillon-Tundra||FocusSash|CompoundEyes|Hurricane,SleepPowder,RagePowder,Protect|Timid||F|||50|]Mawile||Mawilite|Intimidate|PlayRough,RockSlide,SuckerPunch,Protect|Adamant||M|||50|]Torkoal||Charcoal|Drought|Eruption,WeatherBall,Protect,EarthPower|Quiet||F|||50|]Farigiraf||SitrusBerry|ArmorTail|Psychic,Thunderbolt,TrickRoom,HelpingHand|Relaxed||M|||50|]Garchomp||LifeOrb|RoughSkin|DragonClaw,Earthquake,RockSlide,Protect|Jolly||F|||50|]Raichu||RaichuniteY|LightningRod|ZapCannon,FocusBlast,FakeOut,Protect|Timid||F|||50|
|showteam|p2|Raichu||RaichuniteX|LightningRod|VoltTackle,FakeOut,KnockOff,Nuzzle|Jolly||M|||50|]Annihilape||SitrusBerry|Defiant|RageFist,Protect,BulkUp,DrainPunch|Careful||M|||50|]Sinistcha||BigRoot|Hospitality|MatchaGotcha,Protect,RagePowder,LifeDew|Bold|||||50|]Vaporeon||Leftovers|WaterAbsorb|Scald,Protect,Roar,IceBeam|Bold||M|||50|]Maushold-Four||WideLens|FriendGuard|PopulationBomb,Protect,FollowMe,ThunderWave|Jolly|||||50|]Incineroar||ChopleBerry|Intimidate|FlareBlitz,FakeOut,DarkestLariat,PartingShot|Adamant||M|||50|
|inactive|Battle timer is ON: inactive players will automatically lose when time's up. (requested by vicburgos)
|
|t:|1784986006
|teamsize|p1|4
|teamsize|p2|4
|start
|switch|p1a: Vivillon|Vivillon-Tundra, L50, F|100/100
|switch|p1b: Raichu|Raichu, L50, F|100/100
|switch|p2a: Raichu|Raichu, L50, M|100/100
|switch|p2b: Vaporeon|Vaporeon, L50, M|100/100
|turn|1
|inactive|vicburgos has 30 seconds left.
|
|t:|1784986033
|detailschange|p1b: Raichu|Raichu-Mega-Y, L50, F
|-mega|p1b: Raichu|Raichu|Raichunite Y
|move|p2b: Vaporeon|Protect|p2b: Vaporeon
|-singleturn|p2b: Vaporeon|Protect
|move|p1b: Raichu|Fake Out|p2a: Raichu
|-damage|p2a: Raichu|83/100
|cant|p2a: Raichu|flinch
|move|p1a: Vivillon|Hurricane|p2b: Vaporeon
|-activate|p2b: Vaporeon|move: Protect
|
|upkeep
|turn|2
|
|t:|1784986046
|move|p1a: Vivillon|Protect|p1a: Vivillon
|-singleturn|p1a: Vivillon|Protect
|move|p1b: Raichu|Zap Cannon|p2a: Raichu
|-activate|p2a: Raichu|ability: Lightning Rod
|-ability|p2a: Raichu|Lightning Rod|boost
|-boost|p2a: Raichu|spa|1
|move|p2a: Raichu|Nuzzle|p1a: Vivillon
|-activate|p1a: Vivillon|move: Protect
|move|p2b: Vaporeon|Ice Beam|p1a: Vivillon
|-activate|p1a: Vivillon|move: Protect
|
|upkeep
|turn|3
|inactive|vicburgos has 30 seconds left.
|
|t:|1784986075
|detailschange|p2a: Raichu|Raichu-Mega-X, L50, M
|-mega|p2a: Raichu|Raichu|Raichunite X
|-fieldstart|move: Electric Terrain|[from] ability: Electric Surge|[of] p2a: Raichu
|move|p1b: Raichu|Focus Blast|p2a: Raichu
|-damage|p2a: Raichu|37/100
|-unboost|p2a: Raichu|spd|1
|move|p2a: Raichu|Volt Tackle|p1b: Raichu
|-resisted|p1b: Raichu|1
|-damage|p1b: Raichu|46/100
|-damage|p2a: Raichu|19/100|[from] Recoil
|move|p1a: Vivillon|Hurricane|p2b: Vaporeon
|-damage|p2b: Vaporeon|66/100
|-start|p2b: Vaporeon|confusion
|-activate|p2b: Vaporeon|confusion
|move|p2b: Vaporeon|Scald|p1b: Raichu
|-damage|p1b: Raichu|9/100
|
|-heal|p2b: Vaporeon|72/100|[from] item: Leftovers
|upkeep
|turn|4
|inactive|vicburgos has 30 seconds left.
|
|t:|1784986103
|move|p1b: Raichu|Protect|p1b: Raichu
|-singleturn|p1b: Raichu|Protect
|-end|p2b: Vaporeon|confusion
|move|p2b: Vaporeon|Protect|p2b: Vaporeon
|-singleturn|p2b: Vaporeon|Protect
|move|p2a: Raichu|Nuzzle|p1a: Vivillon
|-supereffective|p1a: Vivillon|1
|-damage|p1a: Vivillon|52/100
|-status|p1a: Vivillon|par
|move|p1a: Vivillon|Hurricane|p2a: Raichu
|-resisted|p2a: Raichu|1
|-damage|p2a: Raichu|0 fnt
|faint|p2a: Raichu
|
|-heal|p2b: Vaporeon|79/100|[from] item: Leftovers
|upkeep
|
|t:|1784986119
|switch|p2a: Incineroar|Incineroar, L50, M|100/100
|-ability|p2a: Incineroar|Intimidate|boost
|-unboost|p1a: Vivillon|atk|1
|-unboost|p1b: Raichu|atk|1
|turn|5
|
|t:|1784986131
|move|p1b: Raichu|Protect|p1b: Raichu
|-singleturn|p1b: Raichu|Protect
|move|p2b: Vaporeon|Protect||[still]
|-fail|p2b: Vaporeon
|move|p2a: Incineroar|Darkest Lariat|p1b: Raichu
|-activate|p1b: Raichu|move: Protect
|move|p1a: Vivillon|Sleep Powder|p2b: Vaporeon
|-activate|p2b: Vaporeon|move: Electric Terrain
|
|-heal|p2b: Vaporeon|85/100|[from] item: Leftovers
|upkeep
|turn|6
|
|t:|1784986147
|switch|p2b: Annihilape|Annihilape, L50, M|100/100
|move|p1b: Raichu|Focus Blast|p2a: Incineroar
|-supereffective|p2a: Incineroar|1
|-enditem|p2a: Incineroar|Chople Berry|[eat]
|-enditem|p2a: Incineroar|Chople Berry|[weaken]
|-damage|p2a: Incineroar|62/100
|move|p2a: Incineroar|Darkest Lariat|p1b: Raichu
|-crit|p1b: Raichu
|-damage|p1b: Raichu|0 fnt
|faint|p1b: Raichu
|move|p1a: Vivillon|Hurricane|p2b: Annihilape
|-supereffective|p2b: Annihilape|1
|-damage|p2b: Annihilape|38/100
|-enditem|p2b: Annihilape|Sitrus Berry|[eat]
|-heal|p2b: Annihilape|63/100|[from] item: Sitrus Berry
|
|upkeep
|
|t:|1784986157
|switch|p1b: Farigiraf|Farigiraf, L50, M|100/100
|turn|7
|
|t:|1784986167
|move|p1a: Vivillon|Protect|p1a: Vivillon
|-singleturn|p1a: Vivillon|Protect
|move|p2b: Annihilape|Drain Punch|p1b: Farigiraf
|-crit|p1b: Farigiraf
|-damage|p1b: Farigiraf|66/100
|-heal|p2b: Annihilape|80/100|[from] drain|[of] p1b: Farigiraf
|move|p2a: Incineroar|Darkest Lariat|p1b: Farigiraf
|-supereffective|p1b: Farigiraf|1
|-damage|p1b: Farigiraf|0 fnt
|faint|p1b: Farigiraf
|
|-fieldend|move: Electric Terrain
|upkeep
|
|t:|1784986180
|switch|p1b: Torkoal|Torkoal, L50, F|100/100
|-weather|SunnyDay|[from] ability: Drought|[of] p1b: Torkoal
|turn|8
|
|t:|1784986195
|move|p1a: Vivillon|Rage Powder|p1a: Vivillon
|-singleturn|p1a: Vivillon|move: Rage Powder
|move|p2b: Annihilape|Drain Punch|p1a: Vivillon
|-resisted|p1a: Vivillon|2
|-damage|p1a: Vivillon|39/100 par
|-heal|p2b: Annihilape|85/100|[from] drain|[of] p1a: Vivillon
|move|p2a: Incineroar|Flare Blitz|p1a: Vivillon
|-supereffective|p1a: Vivillon|1
|-damage|p1a: Vivillon|0 fnt
|faint|p1a: Vivillon
|-damage|p2a: Incineroar|52/100|[from] Recoil
|move|p1b: Torkoal|Weather Ball|p2b: Annihilape
|-damage|p2b: Annihilape|29/100
|
|-weather|SunnyDay|[upkeep]
|upkeep
|turn|9
|-message|guillelona forfeited.
|
|win|vicburgos
|l|☆guillelona
|player|p1|
||guillelona is ready for game 3.
|l|☆vicburgos
|player|p2|
||vicburgos is ready for game 3.
|uhtml|next|Next: Game 3 of 3
|j|☆guillelona
|player|p1|guillelona|2|
