|j|☆BlackStag52
|j|☆Ashishks
|html|BlackStag52Ashishks    
|uhtml|bestof|Game 1 of a best-of-3
|t:|1782189356
|gametype|doubles
|player|p1|BlackStag52|lebanne|1106
|player|p2|Ashishks|2|1158
|gen|9
|tier|[Gen 9 Champions] VGC 2026 Reg M-B (Bo3)
|rated|
|rule|Species Clause: Limit one of each Pokémon
|rule|Item Clause: Limit 1 of each item
|clearpoke
|poke|p1|Garchomp, L50, F|
|poke|p1|Eelektross, L50, M|
|poke|p1|Sinistcha, L50|
|poke|p1|Primarina, L50, M|
|poke|p1|Vivillon-High Plains, L50, F|
|poke|p1|Sneasler, L50, F|
|poke|p2|Raichu, L50, M|
|poke|p2|Jolteon, L50, F|
|poke|p2|Basculegion, L50, M|
|poke|p2|Sceptile, L50, M|
|poke|p2|Gholdengo, L50|
|poke|p2|Rotom-Heat, L50|
|teampreview|4
|showteam|p1|Garchomp||LifeOrb|RoughSkin|DragonClaw,Earthquake,Protect,RockSlide|Impish||F|||50|]Eelektross||Eelektrossite|Levitate|GrassKnot,Thunderbolt,Protect,Flamethrower|Modest||M|||50|]Sinistcha||KasibBerry|Hospitality|MatchaGotcha,RagePowder,TrickRoom,LifeDew|Bold|||||50|]Primarina||FairyFeather|LiquidVoice|DazzlingGleam,EnergyBall,HyperVoice,Protect|Modest||M|||50|]Vivillon-High Plains||FocusSash|FriendGuard|Tailwind,AirSlash,PollenPuff,Protect|Timid||F|||50|]Sneasler||WhiteHerb|Unburden|FakeOut,CloseCombat,DireClaw,Protect|Adamant||F|||50|
|showteam|p2|Raichu||RaichuniteX|Static|VoltTackle,FakeOut,Discharge,GrassKnot|Jolly||M|||50|]Jolteon||LifeOrb|VoltAbsorb|Electroweb,ChargeBeam,Protect,RisingVoltage|Timid||F|||50|]Basculegion||SitrusBerry|Adaptability|WaveCrash,LastRespects,AquaJet,FlipTurn|Jolly||M|||50|]Sceptile||Sceptilite|Overgrow|EarthPower,LeafStorm,Protect,DragonPulse|Timid||M|||50|]Gholdengo||MetalCoat|GoodasGold|MakeItRain,PowerGem,ShadowBall,Protect|Timid|||||50|]Rotom-Heat||ChoiceScarf|Levitate|Discharge,Overheat,Trick,VoltSwitch|Timid|||||50|
|
|t:|1782189421
|teamsize|p1|4
|teamsize|p2|4
|start
|switch|p1a: Garchomp|Garchomp, L50, F|100/100
|switch|p1b: Eelektross|Eelektross, L50, M|100/100
|switch|p2a: Sceptile|Sceptile, L50, M|100/100
|switch|p2b: Rotom|Rotom-Heat, L50|100/100
|turn|1
|inactive|Battle timer is ON: inactive players will automatically lose when time's up. (requested by Ashishks)
|inactive|Ashishks has 60 seconds left.
|
|t:|1782189504
|detailschange|p2a: Sceptile|Sceptile-Mega, L50, M
|-mega|p2a: Sceptile|Sceptile|Sceptilite
|detailschange|p1b: Eelektross|Eelektross-Mega, L50, M
|-mega|p1b: Eelektross|Eelektross|Eelektrossite
|move|p1a: Garchomp|Protect|p1a: Garchomp
|-singleturn|p1a: Garchomp|Protect
|move|p2b: Rotom|Discharge|p1a: Garchomp|[spread] p1b
|-activate|p1a: Garchomp|move: Protect
|-ability|p2a: Sceptile|Lightning Rod|boost
|-boost|p2a: Sceptile|spa|1
|-resisted|p1b: Eelektross|1
|-damage|p1b: Eelektross|85/100
|move|p2a: Sceptile|Dragon Pulse|p1a: Garchomp
|-activate|p1a: Garchomp|move: Protect
|move|p1b: Eelektross|Flamethrower|p2a: Sceptile
|-damage|p2a: Sceptile|57/100
|
|upkeep
|turn|2
|inactive|BlackStag52 has 30 seconds left.
|inactive|Ashishks has 30 seconds left.
|
|t:|1782189532
|switch|p1a: Sneasler|Sneasler, L50, F|100/100
|move|p2b: Rotom|Discharge|p1a: Sneasler|[spread] p1a,p1b
|-ability|p2a: Sceptile|Lightning Rod|boost
|-boost|p2a: Sceptile|spa|1
|-resisted|p1b: Eelektross|1
|-damage|p1a: Sneasler|63/100
|-damage|p1b: Eelektross|72/100
|move|p2a: Sceptile|Dragon Pulse|p1a: Sneasler
|-damage|p1a: Sneasler|0 fnt
|faint|p1a: Sneasler
|move|p1b: Eelektross|Flamethrower|p2a: Sceptile
|-crit|p2a: Sceptile
|-damage|p2a: Sceptile|0 fnt
|faint|p2a: Sceptile
|-ability|p1b: Eelektross|Eelevate|boost
|-boost|p1b: Eelektross|spa|1
|
|upkeep
|
|t:|1782189551
|switch|p2a: Gholdengo|Gholdengo, L50|100/100
|switch|p1a: Sinistcha|Sinistcha, L50|100/100
|-heal|p1b: Eelektross|97/100|[from] ability: Hospitality|[of] p1a: Sinistcha
|turn|3
|inactive|Ashishks has 30 seconds left.
|inactive|Ashishks has 20 seconds left.
|inactive|Ashishks has 15 seconds left.
|inactive|Ashishks has 10 seconds left.
|
|t:|1782189598
|move|p2b: Rotom|Discharge|p1a: Sinistcha|[spread] p2a,p1a,p1b
|-resisted|p1a: Sinistcha|1
|-resisted|p1b: Eelektross|1
|-damage|p2a: Gholdengo|68/100
|-damage|p1a: Sinistcha|85/100
|-damage|p1b: Eelektross|84/100
|-status|p1a: Sinistcha|par
|move|p2a: Gholdengo|Shadow Ball|p1a: Sinistcha
|-supereffective|p1a: Sinistcha|1
|-enditem|p1a: Sinistcha|Kasib Berry|[eat]
|-enditem|p1a: Sinistcha|Kasib Berry|[weaken]
|-damage|p1a: Sinistcha|44/100 par
|-unboost|p1a: Sinistcha|spd|1
|move|p1b: Eelektross|Flamethrower|p2a: Gholdengo
|-supereffective|p2a: Gholdengo|1
|-damage|p2a: Gholdengo|0 fnt
|faint|p2a: Gholdengo
|-ability|p1b: Eelektross|Eelevate|boost
|-boost|p1b: Eelektross|spa|1
|cant|p1a: Sinistcha|par
|
|upkeep
|
|t:|1782189617
|switch|p2a: Basculegion|Basculegion, L50, M|100/100
|turn|4
|
|t:|1782189626
|move|p1b: Eelektross|Protect|p1b: Eelektross
|-singleturn|p1b: Eelektross|Protect
|move|p2b: Rotom|Discharge|p1a: Sinistcha|[spread] p2a,p1a
|-activate|p1b: Eelektross|move: Protect
|-supereffective|p2a: Basculegion|1
|-resisted|p1a: Sinistcha|1
|-damage|p2a: Basculegion|47/100
|-damage|p1a: Sinistcha|22/100 par
|-enditem|p2a: Basculegion|Sitrus Berry|[eat]
|-heal|p2a: Basculegion|71/100|[from] item: Sitrus Berry
|move|p2a: Basculegion|Last Respects|p1b: Eelektross
|-activate|p1b: Eelektross|move: Protect
|move|p1a: Sinistcha|Matcha Gotcha|p2a: Basculegion|[spread] p2a
|-miss|p1a: Sinistcha|p2b: Rotom
|-supereffective|p2a: Basculegion|1
|-damage|p2a: Basculegion|23/100
|-heal|p1a: Sinistcha|53/100 par|[from] drain|[of] p2a: Basculegion
|
|upkeep
|turn|5
|
|t:|1782189650
|move|p1a: Sinistcha|Rage Powder|p1a: Sinistcha
|-singleturn|p1a: Sinistcha|move: Rage Powder
|move|p2b: Rotom|Discharge|p1a: Sinistcha|[spread] p2a,p1a,p1b
|-supereffective|p2a: Basculegion|1
|-resisted|p1a: Sinistcha|1
|-resisted|p1b: Eelektross|1
|-damage|p2a: Basculegion|0 fnt
|-damage|p1a: Sinistcha|33/100 par
|-damage|p1b: Eelektross|72/100
|faint|p2a: Basculegion
|move|p1b: Eelektross|Thunderbolt|p2b: Rotom
|-resisted|p2b: Rotom|1
|-damage|p2b: Rotom|36/100
|
|upkeep
|turn|6
|-message|Ashishks forfeited.
|
|win|BlackStag52
