|j|☆jacre22
|j|☆TheLackluster7
|html|jacre22TheLackluster7    
|uhtml|bestof|Game 2 of a best-of-3
|t:|1756183134
|gametype|doubles
|player|p1|jacre22|iris-gen5bw2|1264
|player|p2|TheLackluster7|juggler|1219
|gen|9
|tier|[Gen 9] VGC 2025 Reg H (Bo3)
|rated|
|rule|Species Clause: Limit one of each Pokémon
|rule|Item Clause: Limit 1 of each item
|clearpoke
|poke|p1|Whimsicott, L50, F|
|poke|p1|Garchomp, L50, M|
|poke|p1|Gholdengo, L50|
|poke|p1|Incineroar, L50, M|
|poke|p1|Sneasler, L50, M|
|poke|p1|Dragonite, L50, F|
|poke|p2|Indeedee-F, L50, F|
|poke|p2|Armarouge, L50, M|
|poke|p2|Zoroark-Hisui, L50, F|
|poke|p2|Abomasnow, L50, M|
|poke|p2|Sneasler, L50, F|
|poke|p2|Ursaluna-Bloodmoon, L50, M|
|teampreview|4
|showteam|p1|Whimsicott||FocusSash|Prankster|Moonblast,Tailwind,Encore,Protect|||F|||50|,,,,,Ghost]Garchomp||LifeOrb|RoughSkin|Earthquake,DragonClaw,StompingTantrum,Protect|||M|||50|,,,,,Ground]Gholdengo||ChoiceSpecs|GoodasGold|MakeItRain,ShadowBall,Trick,PowerGem||||||50|,,,,,Steel]Incineroar||AssaultVest|Intimidate|FakeOut,FlareBlitz,KnockOff,Uturn|||M|||50|,,,,,Grass]Sneasler||WhiteHerb|Unburden|FakeOut,DireClaw,CloseCombat,Protect|||M|||50|,,,,,Stellar]Dragonite||ChoiceBand|InnerFocus|ExtremeSpeed,Outrage,IceSpinner,StompingTantrum|||F|||50|,,,,,Normal
|showteam|p2|Indeedee-F||MentalHerb|PsychicSurge|Psychic,HelpingHand,FollowMe,TrickRoom|||F|||50|,,,,,Steel]Armarouge||SafetyGoggles|FlashFire|WideGuard,ExpandingForce,TrickRoom,Taunt|||M|||50|,,,,,Grass]Zoroark-Hisui||FocusSash|Illusion|NastyPlot,HyperVoice,ShadowBall,Protect|||F|||50|,,,,,Stellar]Abomasnow||SitrusBerry|SnowWarning|Blizzard,GigaDrain,EarthPower,Protect|||M|||50|,,,,,Water]Sneasler||PsychicSeed|Unburden|ThroatChop,DireClaw,CloseCombat,Protect|||F|||50|,,,,,Dark]Ursaluna-Bloodmoon||LifeOrb|MindsEye|HyperVoice,BloodMoon,EarthPower,Protect|||M|||50|,,,,,Ghost
|
|t:|1756183169
|teamsize|p1|4
|teamsize|p2|4
|start
|switch|p1a: Whimsicott|Whimsicott, L50, F|100/100
|switch|p1b: Gholdengo|Gholdengo, L50|100/100
|switch|p2a: Indeedee|Indeedee-F, L50, F|100/100
|switch|p2b: Ursaluna|Ursaluna-Bloodmoon, L50, M|100/100
|-fieldstart|move: Psychic Terrain|[from] ability: Psychic Surge|[of] p2a: Indeedee
|turn|1
|
|t:|1756183198
|-terastallize|p1b: Gholdengo|Steel
|-terastallize|p2a: Indeedee|Steel
|move|p2a: Indeedee|Helping Hand|p2b: Ursaluna
|-singleturn|p2b: Ursaluna|Helping Hand|[of] p2a: Indeedee
|move|p1a: Whimsicott|Moonblast|p2a: Indeedee
|-resisted|p2a: Indeedee
|-damage|p2a: Indeedee|83/100
|move|p2b: Ursaluna|Shadow Ball|p1b: Gholdengo
|-damage|p1b: Gholdengo|30/100
|move|p1b: Gholdengo|Make It Rain|p2b: Ursaluna|[spread] p2a,p2b
|-resisted|p2a: Indeedee
|-damage|p2a: Indeedee|38/100
|-enditem|p2b: Ursaluna|Focus Sash
|-damage|p2b: Ursaluna|1/100
|-unboost|p1b: Gholdengo|spa|1
|replace|p2b: Zoroark|Zoroark-Hisui, L50, F
|-end|p2b: Zoroark|Illusion
|
|upkeep
|turn|2
|
|t:|1756183263
|move|p2a: Indeedee|Follow Me|p2a: Indeedee
|-singleturn|p2a: Indeedee|move: Follow Me
|move|p1a: Whimsicott|Tailwind|p1a: Whimsicott
|-sidestart|p1: jacre22|move: Tailwind
|move|p1b: Gholdengo|Make It Rain|p2a: Indeedee|[spread] p2a,p2b
|-resisted|p2a: Indeedee
|-damage|p2a: Indeedee|5/100
|-damage|p2b: Zoroark|0 fnt
|-unboost|p1b: Gholdengo|spa|1
|faint|p2b: Zoroark
|
|upkeep
|
|t:|1756183286
|switch|p2b: Sneasler|Sneasler, L50, F|100/100
|-enditem|p2b: Sneasler|Psychic Seed
|-boost|p2b: Sneasler|spd|1|[from] item: Psychic Seed
|turn|3
|
|t:|1756183307
|switch|p1b: Dragonite|Dragonite, L50, F|100/100
|move|p2b: Sneasler|Close Combat|p1b: Dragonite
|-resisted|p1b: Dragonite
|-damage|p1b: Dragonite|69/100
|-unboost|p2b: Sneasler|def|1
|-unboost|p2b: Sneasler|spd|1
|move|p1a: Whimsicott|Moonblast|p2a: Indeedee
|-resisted|p2a: Indeedee
|-damage|p2a: Indeedee|0 fnt
|faint|p2a: Indeedee
|
|upkeep
|
|t:|1756183316
|switch|p2a: Ursaluna|Ursaluna-Bloodmoon, L50, M|100/100
|turn|4
|
|t:|1756183340
|move|p2b: Sneasler|Dire Claw|p1b: Dragonite
|-damage|p1b: Dragonite|25/100
|-status|p1b: Dragonite|psn
|move|p1a: Whimsicott|Moonblast|p2a: Ursaluna
|-damage|p2a: Ursaluna|56/100
|move|p1b: Dragonite|Ice Spinner|p2a: Ursaluna
|-supereffective|p2a: Ursaluna
|-damage|p2a: Ursaluna|0 fnt
|-fieldend|move: Psychic Terrain
|faint|p2a: Ursaluna
|
|-damage|p1b: Dragonite|13/100 psn|[from] psn
|upkeep
|turn|5
|
|t:|1756183355
|move|p2b: Sneasler|Protect|p2b: Sneasler
|-singleturn|p2b: Sneasler|Protect
|move|p1a: Whimsicott|Moonblast|p2b: Sneasler
|-activate|p2b: Sneasler|move: Protect
|move|p1b: Dragonite|Ice Spinner|p2b: Sneasler
|-activate|p2b: Sneasler|move: Protect
|
|-damage|p1b: Dragonite|0 fnt|[from] psn
|faint|p1b: Dragonite
|-sideend|p1: jacre22|move: Tailwind
|upkeep
|
|t:|1756183370
|switch|p1b: Incineroar|Incineroar, L50, M|100/100
|-ability|p1b: Incineroar|Intimidate|boost
|-unboost|p2b: Sneasler|atk|1
|turn|6
|
|t:|1756183380
|move|p1b: Incineroar|Fake Out|p2b: Sneasler
|-damage|p2b: Sneasler|69/100
|move|p1a: Whimsicott|Encore|p2b: Sneasler
|-start|p2b: Sneasler|Encore
|cant|p2b: Sneasler|flinch
|
|upkeep
|turn|7
|-message|TheLackluster7 forfeited.
|
|win|jacre22
|raw|jacre22's rating: 1264 → 1286(+22 for winning)
|raw|TheLackluster7's rating: 1219 → 1197(-22 for losing)
|c|☆jacre22|ggs
|c|☆TheLackluster7|ggs
|l|☆TheLackluster7
|player|p2|
