|j|☆mxnihil
|j|☆Canndle Stic
|html|mxnihilCanndle Stic    
|uhtml|bestof|Game 2 of a best-of-3
|t:|1786126313
|gametype|doubles
|player|p1|mxnihil|caitlin-masters|1095
|player|p2|Canndle Stic|101|1203
|gen|9
|tier|[Gen 9 Champions] VGC 2026 Reg M-B (Bo3)
|rated|
|rule|Species Clause: Limit one of each Pokémon
|rule|Item Clause: Limit 1 of each item
|clearpoke
|poke|p1|Primarina, L50, M|
|poke|p1|Scovillain, L50, M|
|poke|p1|Farigiraf, L50, F|
|poke|p1|Archaludon, L50, F|
|poke|p1|Espathra, L50, M|
|poke|p1|Sableye, L50, M|
|poke|p2|Grimmsnarl, L50, M|
|poke|p2|Metagross, L50|
|poke|p2|Pelipper, L50, M|
|poke|p2|Sinistcha, L50|
|poke|p2|Swampert, L50, M|
|poke|p2|Archaludon, L50, M|
|teampreview|4
|showteam|p1|Primarina||MysticWater|LiquidVoice|HyperVoice,Moonblast,Protect,CalmMind|Modest||M|||50|]Scovillain||Scovillainite|Moody|RagePowder,GigaDrain,Overheat,Protect|Bold||M|||50|]Farigiraf||SitrusBerry|ArmorTail|RainDance,TrickRoom,PsychicFangs,Thunderbolt|Sassy||F|||50|]Archaludon||Leftovers|Stamina|ElectroShot,DragonPulse,FlashCannon,Protect|Modest||F|||50|]Espathra||MentalHerb|SpeedBoost|CalmMind,LuminaCrash,Protect,BatonPass|Timid||M|||50|]Sableye||RoseliBerry|Prankster|FakeOut,Reflect,RainDance,Encore|Careful||M|||50|
|showteam|p2|Grimmsnarl||LightClay|Prankster|SpiritBreak,LightScreen,Reflect,PartingShot|Impish||M|||50|]Metagross||Metagrossite|ClearBody|PsychicFangs,IronHead,BulletPunch,Protect|Adamant|||||50|]Pelipper||SitrusBerry|Drizzle|Tailwind,Hurricane,WideGuard,WeatherBall|Calm||M|||50|]Sinistcha||CobaBerry|Hospitality|MatchaGotcha,RagePowder,LifeDew,TrickRoom|Bold|||||50|]Swampert||Swampertite|Damp|Earthquake,WaveCrash,IcePunch,Protect|Adamant||M|||50|]Archaludon||Leftovers|Stamina|DragonPulse,FlashCannon,ElectroShot,Protect|Modest||M|||50|
|
|t:|1786126329
|teamsize|p1|4
|teamsize|p2|4
|start
|switch|p1a: Scovillain|Scovillain, L50, M|100/100
|switch|p1b: Espathra|Espathra, L50, M|100/100
|switch|p2a: Pelipper|Pelipper, L50, M|100/100
|switch|p2b: Grimmsnarl|Grimmsnarl, L50, M|100/100
|-weather|RainDance|[from] ability: Drizzle|[of] p2a: Pelipper
|turn|1
|inactive|Battle timer is ON: inactive players will automatically lose when time's up. (requested by Canndle Stic)
|inactive|Canndle Stic has 60 seconds left.
|
|t:|1786126364
|detailschange|p1a: Scovillain|Scovillain-Mega, L50, M
|-mega|p1a: Scovillain|Scovillain|Scovillainite
|move|p2b: Grimmsnarl|Light Screen|p2b: Grimmsnarl
|-sidestart|p2: Canndle Stic|move: Light Screen
|move|p1b: Espathra|Calm Mind|p1b: Espathra
|-boost|p1b: Espathra|spa|1
|-boost|p1b: Espathra|spd|1
|move|p2a: Pelipper|Hurricane|p1b: Espathra
|-damage|p1b: Espathra|65/100
|move|p1a: Scovillain|Giga Drain|p2a: Pelipper
|-damage|p2a: Pelipper|73/100
|
|-weather|RainDance|[upkeep]
|-ability|p1b: Espathra|Speed Boost|boost
|-boost|p1b: Espathra|spe|1
|upkeep
|turn|2
|
|t:|1786126382
|move|p1a: Scovillain|Rage Powder|p1a: Scovillain
|-singleturn|p1a: Scovillain|move: Rage Powder
|move|p1b: Espathra|Calm Mind|p1b: Espathra
|-boost|p1b: Espathra|spa|1
|-boost|p1b: Espathra|spd|1
|move|p2a: Pelipper|Hurricane|p1a: Scovillain
|-supereffective|p1a: Scovillain|1
|-damage|p1a: Scovillain|26/100
|-status|p2a: Pelipper|brn|[from] ability: Spicy Spray|[of] p1a: Scovillain
|move|p2b: Grimmsnarl|Spirit Break|p1a: Scovillain
|-resisted|p1a: Scovillain|1
|-damage|p1a: Scovillain|11/100
|-unboost|p1a: Scovillain|spa|1
|-status|p2b: Grimmsnarl|brn|[from] ability: Spicy Spray|[of] p1a: Scovillain
|
|-weather|RainDance|[upkeep]
|-damage|p2a: Pelipper|67/100 brn|[from] brn
|-damage|p2b: Grimmsnarl|94/100 brn|[from] brn
|-ability|p1b: Espathra|Speed Boost|boost
|-boost|p1b: Espathra|spe|1
|upkeep
|turn|3
|inactive|mxnihil has 30 seconds left.
|
|t:|1786126413
|move|p1b: Espathra|Protect|p1b: Espathra
|-singleturn|p1b: Espathra|Protect
|move|p1a: Scovillain|Protect|p1a: Scovillain
|-singleturn|p1a: Scovillain|Protect
|move|p2a: Pelipper|Hurricane|p1a: Scovillain
|-activate|p1a: Scovillain|move: Protect
|move|p2b: Grimmsnarl|Spirit Break|p1b: Espathra
|-activate|p1b: Espathra|move: Protect
|
|-weather|RainDance|[upkeep]
|-damage|p2a: Pelipper|61/100 brn|[from] brn
|-damage|p2b: Grimmsnarl|88/100 brn|[from] brn
|-ability|p1b: Espathra|Speed Boost|boost
|-boost|p1b: Espathra|spe|1
|upkeep
|turn|4
|inactive|Canndle Stic has 30 seconds left.
|
|t:|1786126448
|switch|p1a: Primarina|Primarina, L50, M|100/100
|switch|p2b: Swampert|Swampert, L50, M|100/100
|move|p1b: Espathra|Baton Pass|p1b: Espathra
|
|t:|1786126453
|switch|p1b: Archaludon|Archaludon, L50, F|100/100|[from] Baton Pass
|move|p2a: Pelipper|Tailwind|p2a: Pelipper
|-sidestart|p2: Canndle Stic|move: Tailwind
|
|-weather|RainDance|[upkeep]
|-damage|p2a: Pelipper|55/100 brn|[from] brn
|upkeep
|turn|5
|inactive|mxnihil has 30 seconds left.
|
|t:|1786126488
|detailschange|p2b: Swampert|Swampert-Mega, L50, M
|-mega|p2b: Swampert|Swampert|Swampertite
|move|p1b: Archaludon|Protect|p1b: Archaludon
|-singleturn|p1b: Archaludon|Protect
|move|p2b: Swampert|Earthquake|p1a: Primarina|[spread] p1a
|-activate|p1b: Archaludon|move: Protect
|-immune|p2a: Pelipper
|-damage|p1a: Primarina|37/100
|move|p2a: Pelipper|Hurricane|p1a: Primarina
|-damage|p1a: Primarina|6/100
|-start|p1a: Primarina|confusion
|-activate|p1a: Primarina|confusion
|move|p1a: Primarina|Hyper Voice|p2a: Pelipper|[spread] p2a,p2b
|-resisted|p2a: Pelipper|1
|-damage|p2a: Pelipper|32/100 brn
|-damage|p2b: Swampert|57/100
|-enditem|p2a: Pelipper|Sitrus Berry|[eat]
|-heal|p2a: Pelipper|57/100 brn|[from] item: Sitrus Berry
|
|-weather|none
|-damage|p2a: Pelipper|51/100 brn|[from] brn
|upkeep
|turn|6
|inactive|mxnihil has 30 seconds left.
|inactive|Canndle Stic has 30 seconds left.
|
|t:|1786126518
|switch|p2a: Grimmsnarl|Grimmsnarl, L50, M|88/100 brn
|switch|p1a: Scovillain|Scovillain-Mega, L50, M|11/100
|move|p2b: Swampert|Protect|p2b: Swampert
|-singleturn|p2b: Swampert|Protect
|move|p1b: Archaludon|Dragon Pulse|p2b: Swampert
|-activate|p2b: Swampert|move: Protect
|
|-damage|p2a: Grimmsnarl|82/100 brn|[from] brn
|upkeep
|turn|7
|inactive|Canndle Stic has 30 seconds left.
|
|t:|1786126545
|switch|p2b: Pelipper|Pelipper, L50, M|51/100 brn
|-weather|RainDance|[from] ability: Drizzle|[of] p2b: Pelipper
|move|p1b: Archaludon|Protect|p1b: Archaludon
|-singleturn|p1b: Archaludon|Protect
|move|p2a: Grimmsnarl|Spirit Break|p1b: Archaludon
|-activate|p1b: Archaludon|move: Protect
|move|p1a: Scovillain|Giga Drain|p2b: Pelipper
|-damage|p2b: Pelipper|28/100 brn
|-heal|p1a: Scovillain|22/100|[from] drain|[of] p2b: Pelipper
|
|-weather|RainDance|[upkeep]
|-damage|p2b: Pelipper|22/100 brn|[from] brn
|-damage|p2a: Grimmsnarl|76/100 brn|[from] brn
|-sideend|p2: Canndle Stic|move: Tailwind
|upkeep
|turn|8
|inactive|Canndle Stic has 30 seconds left.
|
|t:|1786126577
|move|p1a: Scovillain|Rage Powder|p1a: Scovillain
|-singleturn|p1a: Scovillain|move: Rage Powder
|move|p2a: Grimmsnarl|Parting Shot|p1a: Scovillain
|-unboost|p1a: Scovillain|atk|1
|-unboost|p1a: Scovillain|spa|1
|
|t:|1786126581
|switch|p2a: Swampert|Swampert-Mega, L50, M|57/100|[from] Parting Shot
|move|p1b: Archaludon|Electro Shot||[still]
|-prepare|p1b: Archaludon|Electro Shot
|-boost|p1b: Archaludon|spa|1
|-anim|p1b: Archaludon|Electro Shot|p2b: Pelipper
|-supereffective|p2b: Pelipper|2
|-damage|p2b: Pelipper|0 fnt
|faint|p2b: Pelipper
|
|-weather|RainDance|[upkeep]
|-sideend|p2: Canndle Stic|move: Light Screen
|upkeep
|
|t:|1786126588
|switch|p2b: Archaludon|Archaludon, L50, M|100/100
|turn|9
|inactive|mxnihil has 30 seconds left.
|
|t:|1786126619
|move|p2a: Swampert|Protect|p2a: Swampert
|-singleturn|p2a: Swampert|Protect
|move|p1b: Archaludon|Dragon Pulse|p2b: Archaludon
|-crit|p2b: Archaludon
|-damage|p2b: Archaludon|0 fnt
|faint|p2b: Archaludon
|move|p1a: Scovillain|Giga Drain|p2a: Swampert
|-activate|p2a: Swampert|move: Protect
|
|-weather|RainDance|[upkeep]
|upkeep
|
|t:|1786126624
|switch|p2b: Grimmsnarl|Grimmsnarl, L50, M|76/100 brn
|turn|10
|
|t:|1786126633
|move|p1a: Scovillain|Rage Powder|p1a: Scovillain
|-singleturn|p1a: Scovillain|move: Rage Powder
|move|p2b: Grimmsnarl|Light Screen|p2b: Grimmsnarl
|-sidestart|p2: Canndle Stic|move: Light Screen
|move|p1b: Archaludon|Dragon Pulse|p2a: Swampert
|-damage|p2a: Swampert|0 fnt
|faint|p2a: Swampert
|
|-weather|RainDance|[upkeep]
|-damage|p2b: Grimmsnarl|70/100 brn|[from] brn
|upkeep
|turn|11
|-message|Canndle Stic forfeited.
|
|win|mxnihil
|l|☆Canndle Stic
|player|p2|
||mxnihil is ready for game 3.
||Canndle Stic is ready for game 3.
|uhtml|next|Next: Game 3 of 3
