|j|☆bigboyblue3451
|j|☆barozj1
|html|bigboyblue3451barozj1    
|uhtml|bestof|Game 1 of a best-of-3
|t:|1783115102
|gametype|doubles
|player|p1|bigboyblue3451|102|1410
|player|p2|barozj1|265|1390
|gen|9
|tier|[Gen 9 Champions] VGC 2026 Reg M-B (Bo3)
|rated|
|rule|Species Clause: Limit one of each Pokémon
|rule|Item Clause: Limit 1 of each item
|clearpoke
|poke|p1|Gengar, L50, F|
|poke|p1|Swampert, L50, F|
|poke|p1|Incineroar, L50, M|
|poke|p1|Politoed, L50, M|
|poke|p1|Archaludon, L50, M|
|poke|p1|Vivillon-Ocean, L50, F|
|poke|p2|Charizard, L50, F|
|poke|p2|Aerodactyl, L50, F, shiny|
|poke|p2|Garchomp, L50, F|
|poke|p2|Sylveon, L50, F, shiny|
|poke|p2|Farigiraf, L50, M, shiny|
|poke|p2|Kingambit, L50, M, shiny|
|teampreview|4
|showteam|p1|Gengar||Gengarite|CursedBody|ShadowBall,PerishSong,SludgeBomb,Protect|Timid||F|||50|]Swampert||Swampertite|Torrent|WaveCrash,Earthquake,IcePunch,Protect|Adamant||F|||50|]Incineroar||PasshoBerry|Intimidate|ThroatChop,PartingShot,FakeOut,Protect|Sassy||M|||50|]Politoed||SitrusBerry|Drizzle|WeatherBall,PerishSong,Encore,Protect|Calm||M|||50|]Archaludon||Leftovers|Stamina|DragonPulse,FlashCannon,ElectroShot,Protect|Bold||M|||50|]Vivillon-Ocean||FocusSash|CompoundEyes|Hurricane,SleepPowder,RagePowder,Protect|Timid||F|||50|
|showteam|p2|Charizard||CharizarditeY|Blaze|Protect,HeatWave,SolarBeam,WeatherBall|Modest||F|||50|]Aerodactyl||Aerodactylite|Unnerve|DualWingbeat,IceFang,RockSlide,Tailwind|Jolly||F|||50|]Garchomp||LifeOrb|RoughSkin|Protect,DragonClaw,StompingTantrum,Earthquake|Jolly||F|||50|]Sylveon||FairyFeather|Pixilate|Detect,HyperVoice,HyperBeam,QuickAttack|Modest||F|||50|]Farigiraf||SitrusBerry|ArmorTail|TrickRoom,Psychic,Roar,Thunderbolt|Bold||M|||50|]Kingambit||FocusSash|Defiant|KowtowCleave,IronHead,SuckerPunch,LowKick|Adamant||M|||50|
|
|t:|1783115138
|teamsize|p1|4
|teamsize|p2|4
|start
|switch|p1a: Gengar|Gengar, L50, F|100/100
|switch|p1b: Vivillon|Vivillon-Ocean, L50, F|100/100
|switch|p2a: Sylveon|Sylveon, L50, F, shiny|100/100
|switch|p2b: Farigiraf|Farigiraf, L50, M, shiny|100/100
|turn|1
|
|t:|1783115156
|detailschange|p1a: Gengar|Gengar-Mega, L50, F
|-mega|p1a: Gengar|Gengar|Gengarite
|move|p2a: Sylveon|Detect|p2a: Sylveon
|-singleturn|p2a: Sylveon|Protect
|move|p1a: Gengar|Sludge Bomb|p2a: Sylveon
|-activate|p2a: Sylveon|move: Protect
|move|p1b: Vivillon|Sleep Powder|p2b: Farigiraf
|-status|p2b: Farigiraf|slp|[from] move: Sleep Powder
|cant|p2b: Farigiraf|slp
|
|upkeep
|turn|2
|
|t:|1783115179
|move|p1a: Gengar|Sludge Bomb|p2a: Sylveon
|-supereffective|p2a: Sylveon|1
|-crit|p2a: Sylveon
|-damage|p2a: Sylveon|0 fnt
|faint|p2a: Sylveon
|move|p1b: Vivillon|Hurricane|p2b: Farigiraf|[miss]
|-miss|p1b: Vivillon|p2b: Farigiraf
|cant|p2b: Farigiraf|slp
|
|upkeep
|
|t:|1783115187
|switch|p2a: Charizard|Charizard, L50, F|100/100
|turn|3
|
|t:|1783115192
|detailschange|p2a: Charizard|Charizard-Mega-Y, L50, F
|-mega|p2a: Charizard|Charizard|Charizardite Y
|-weather|SunnyDay|[from] ability: Drought|[of] p2a: Charizard
|move|p1a: Gengar|Perish Song|p1a: Gengar
|-start|p1a: Gengar|perish3|[silent]
|-start|p1b: Vivillon|perish3|[silent]
|-start|p2a: Charizard|perish3|[silent]
|-start|p2b: Farigiraf|perish3|[silent]
|-fieldactivate|move: Perish Song
|move|p1b: Vivillon|Sleep Powder|p2a: Charizard
|-status|p2a: Charizard|slp|[from] move: Sleep Powder
|cant|p2a: Charizard|slp
|-curestatus|p2b: Farigiraf|slp|[msg]
|move|p2b: Farigiraf|Thunderbolt|p1b: Vivillon
|-supereffective|p1b: Vivillon|1
|-damage|p1b: Vivillon|12/100
|
|-weather|SunnyDay|[upkeep]
|-start|p1a: Gengar|perish3
|-start|p1b: Vivillon|perish3
|-start|p2a: Charizard|perish3
|-start|p2b: Farigiraf|perish3
|upkeep
|turn|4
|
|t:|1783115213
|move|p1a: Gengar|Sludge Bomb|p2a: Charizard
|-damage|p2a: Charizard|55/100 slp
|move|p1b: Vivillon|Sleep Powder|p2b: Farigiraf
|-status|p2b: Farigiraf|slp|[from] move: Sleep Powder
|-curestatus|p2a: Charizard|slp|[msg]
|move|p2a: Charizard|Heat Wave|p1a: Gengar|[spread] p1a,p1b
|-supereffective|p1b: Vivillon|1
|-damage|p1a: Gengar|40/100
|-damage|p1b: Vivillon|0 fnt
|faint|p1b: Vivillon
|cant|p2b: Farigiraf|slp
|
|-weather|SunnyDay|[upkeep]
|-start|p1a: Gengar|perish2
|-start|p2a: Charizard|perish2
|-start|p2b: Farigiraf|perish2
|upkeep
|
|t:|1783115223
|switch|p1b: Politoed|Politoed, L50, M|100/100
|-weather|RainDance|[from] ability: Drizzle|[of] p1b: Politoed
|turn|5
|
|t:|1783115231
|move|p1a: Gengar|Protect|p1a: Gengar
|-singleturn|p1a: Gengar|Protect
|move|p2a: Charizard|Protect|p2a: Charizard
|-singleturn|p2a: Charizard|Protect
|move|p1b: Politoed|Weather Ball|p2a: Charizard
|-activate|p2a: Charizard|move: Protect
|cant|p2b: Farigiraf|slp
|
|-weather|RainDance|[upkeep]
|-start|p1a: Gengar|perish1
|-start|p2a: Charizard|perish1
|-start|p2b: Farigiraf|perish1
|upkeep
|turn|6
|
|t:|1783115253
|switch|p1a: Archaludon|Archaludon, L50, M|100/100
|move|p2a: Charizard|Weather Ball|p1a: Archaludon
|-resisted|p1a: Archaludon|1
|-damage|p1a: Archaludon|66/100
|-ability|p1a: Archaludon|Stamina|boost
|-boost|p1a: Archaludon|def|1
|move|p1b: Politoed|Weather Ball|p2a: Charizard
|-supereffective|p2a: Charizard|1
|-damage|p2a: Charizard|0 fnt
|faint|p2a: Charizard
|-curestatus|p2b: Farigiraf|slp|[msg]
|move|p2b: Farigiraf|Thunderbolt|p1b: Politoed
|-supereffective|p1b: Politoed|1
|-damage|p1b: Politoed|67/100
|
|-weather|RainDance|[upkeep]
|-heal|p1a: Archaludon|72/100|[from] item: Leftovers
|-start|p2b: Farigiraf|perish0
|upkeep
|faint|p2b: Farigiraf
|
|t:|1783115263
|switch|p2b: Garchomp|Garchomp, L50, F|100/100
|turn|7
|
|t:|1783115279
|move|p1a: Archaludon|Protect|p1a: Archaludon
|-singleturn|p1a: Archaludon|Protect
|move|p1b: Politoed|Protect|p1b: Politoed
|-singleturn|p1b: Politoed|Protect
|move|p2b: Garchomp|Earthquake|p1a: Archaludon|[spread] 
|-activate|p1a: Archaludon|move: Protect
|-activate|p1b: Politoed|move: Protect
|
|-weather|RainDance|[upkeep]
|-heal|p1a: Archaludon|78/100|[from] item: Leftovers
|upkeep
|turn|8
|
|t:|1783115284
|move|p2b: Garchomp|Earthquake|p1b: Politoed|[spread] p1a,p1b
|-supereffective|p1a: Archaludon|1
|-damage|p1a: Archaludon|35/100
|-damage|p1b: Politoed|22/100
|-ability|p1a: Archaludon|Stamina|boost
|-boost|p1a: Archaludon|def|1
|-enditem|p1b: Politoed|Sitrus Berry|[eat]
|-heal|p1b: Politoed|47/100|[from] item: Sitrus Berry
|-damage|p2b: Garchomp|90/100|[from] item: Life Orb
|move|p1a: Archaludon|Dragon Pulse|p2b: Garchomp
|-supereffective|p2b: Garchomp|1
|-damage|p2b: Garchomp|1/100
|move|p1b: Politoed|Perish Song|p1b: Politoed
|-start|p1a: Archaludon|perish3|[silent]
|-start|p1b: Politoed|perish3|[silent]
|-start|p2b: Garchomp|perish3|[silent]
|-fieldactivate|move: Perish Song
|
|-weather|RainDance|[upkeep]
|-heal|p1a: Archaludon|41/100|[from] item: Leftovers
|-start|p2b: Garchomp|perish3
|-start|p1a: Archaludon|perish3
|-start|p1b: Politoed|perish3
|upkeep
|turn|9
|
|t:|1783115291
|move|p1a: Archaludon|Protect|p1a: Archaludon
|-singleturn|p1a: Archaludon|Protect
|move|p1b: Politoed|Protect|p1b: Politoed
|-singleturn|p1b: Politoed|Protect
|move|p2b: Garchomp|Earthquake|p1a: Archaludon|[spread] 
|-activate|p1a: Archaludon|move: Protect
|-activate|p1b: Politoed|move: Protect
|
|-weather|none
|-heal|p1a: Archaludon|47/100|[from] item: Leftovers
|-start|p2b: Garchomp|perish2
|-start|p1a: Archaludon|perish2
|-start|p1b: Politoed|perish2
|upkeep
|turn|10
|
|t:|1783115316
|move|p2b: Garchomp|Earthquake|p1b: Politoed|[spread] p1a,p1b
|-supereffective|p1a: Archaludon|1
|-damage|p1a: Archaludon|15/100
|-damage|p1b: Politoed|2/100
|-ability|p1a: Archaludon|Stamina|boost
|-boost|p1a: Archaludon|def|1
|-damage|p2b: Garchomp|0 fnt|[from] item: Life Orb
|faint|p2b: Garchomp
|
|win|bigboyblue3451
||barozj1 is ready for game 2.
||bigboyblue3451 is ready for game 2.
|uhtml|next|Next: Game 2 of 3
