|j|☆282839393m
|j|☆lucky777n
|html|282839393mlucky777n    
|uhtml|bestof|Game 3 of a best-of-3
|t:|1784009630
|gametype|doubles
|player|p1|282839393m|265|1051
|player|p2|lucky777n|boarder|1012
|gen|9
|tier|[Gen 9 Champions] VGC 2026 Reg M-B (Bo3)
|rated|
|rule|Species Clause: Limit one of each Pokémon
|rule|Item Clause: Limit 1 of each item
|clearpoke
|poke|p1|Zoroark-Hisui, L50, M|
|poke|p1|Maushold, L50|
|poke|p1|Gengar, L50, F|
|poke|p1|Incineroar, L50, F|
|poke|p1|Primarina, L50, M|
|poke|p1|Sableye, L50, M|
|poke|p2|Gengar, L50, M|
|poke|p2|Incineroar, L50, F|
|poke|p2|Snorlax, L50, F|
|poke|p2|Ninetales-Alola, L50, M|
|poke|p2|Kingambit, L50, F|
|poke|p2|Sneasler, L50, F|
|teampreview|4
|showteam|p1|Zoroark-Hisui||ChoiceScarf|Illusion|ShadowBall,Uturn,Trick,Protect|Modest||M|||50|]Maushold||FocusSash|FriendGuard|FollowMe,Encore,Uturn,Protect|Jolly|||||50|]Gengar||Gengarite|CursedBody|Protect,ShadowBall,Disable,PerishSong|Calm||F|||50|]Incineroar||PasshoBerry|Intimidate|FakeOut,PartingShot,Protect,ThroatChop|Impish||F|||50|]Primarina||SitrusBerry|Torrent|PerishSong,FlipTurn,Protect,Moonblast|Sassy||M|||50|]Sableye||RoseliBerry|Prankster|FakeOut,Disable,Encore,Detect|Impish||M|||50|
|showteam|p2|Gengar||Gengarite|CursedBody|ShadowBall,Disable,PerishSong,Protect|Timid||M|||50|]Incineroar||SitrusBerry|Intimidate|FakeOut,FlareBlitz,PartingShot,Protect|Relaxed||F|||50|]Snorlax||Leftovers|ThickFat|Fissure,Encore,Yawn,Protect|Relaxed||F|||50|]Ninetales-Alola||NeverMeltIce|SnowWarning|Blizzard,FreezeDry,Encore,Protect|Timid||M|||50|]Kingambit||BlackGlasses|Defiant|SuckerPunch,KowtowCleave,SwordsDance,Protect|Adamant||F|||50|]Sneasler||WhiteHerb|Unburden|FakeOut,CloseCombat,GunkShot,Protect|Jolly||F|||50|
|
|t:|1784009700
|teamsize|p1|4
|teamsize|p2|4
|start
|switch|p1a: Gengar|Gengar, L50, F|100/100
|switch|p1b: Maushold|Maushold, L50|100/100
|switch|p2a: Gengar|Gengar, L50, M|100/100
|switch|p2b: Kingambit|Kingambit, L50, F|100/100
|turn|1
|
|t:|1784009731
|detailschange|p2a: Gengar|Gengar-Mega, L50, M
|-mega|p2a: Gengar|Gengar|Gengarite
|detailschange|p1a: Gengar|Gengar-Mega, L50, F
|-mega|p1a: Gengar|Gengar|Gengarite
|move|p1b: Maushold|Follow Me|p1b: Maushold
|-singleturn|p1b: Maushold|move: Follow Me
|move|p2a: Gengar|Shadow Ball|p1b: Maushold
|-immune|p1b: Maushold
|move|p1a: Gengar|Shadow Ball|p2a: Gengar
|-supereffective|p2a: Gengar|1
|-damage|p2a: Gengar|7/100
|move|p2b: Kingambit|Kowtow Cleave|p1b: Maushold
|-damage|p1b: Maushold|21/100
|
|upkeep
|turn|2
|
|t:|1784009756
|move|p2a: Gengar|Protect|p2a: Gengar
|-singleturn|p2a: Gengar|Protect
|move|p1b: Maushold|Follow Me|p1b: Maushold
|-singleturn|p1b: Maushold|move: Follow Me
|move|p1a: Gengar|Disable|p2b: Kingambit
|-start|p2b: Kingambit|Disable|Kowtow Cleave
|cant|p2b: Kingambit|Disable|Kowtow Cleave
|
|upkeep
|turn|3
|inactive|Battle timer is ON: inactive players will automatically lose when time's up. (requested by 282839393m)
|
|t:|1784009815
|move|p1b: Maushold|Follow Me|p1b: Maushold
|-singleturn|p1b: Maushold|move: Follow Me
|move|p2b: Kingambit|Sucker Punch||[still]
|-fail|p2b: Kingambit
|move|p2a: Gengar|Shadow Ball|p1b: Maushold
|-immune|p1b: Maushold
|move|p1a: Gengar|Perish Song|p1a: Gengar
|-start|p1a: Gengar|perish3|[silent]
|-start|p1b: Maushold|perish3|[silent]
|-start|p2a: Gengar|perish3|[silent]
|-start|p2b: Kingambit|perish3|[silent]
|-fieldactivate|move: Perish Song
|
|-start|p1b: Maushold|perish3
|-start|p2a: Gengar|perish3
|-start|p1a: Gengar|perish3
|-start|p2b: Kingambit|perish3
|upkeep
|turn|4
|
|t:|1784009831
|move|p1b: Maushold|Follow Me|p1b: Maushold
|-singleturn|p1b: Maushold|move: Follow Me
|move|p2a: Gengar|Disable|p1b: Maushold
|-start|p1b: Maushold|Disable|Follow Me
|move|p1a: Gengar|Shadow Ball|p2a: Gengar
|-supereffective|p2a: Gengar|1
|-crit|p2a: Gengar
|-damage|p2a: Gengar|0 fnt
|faint|p2a: Gengar
|move|p2b: Kingambit|Swords Dance|p2b: Kingambit
|-boost|p2b: Kingambit|atk|2
|
|-start|p1b: Maushold|perish2
|-start|p1a: Gengar|perish2
|-start|p2b: Kingambit|perish2
|upkeep
|
|t:|1784009848
|switch|p2a: Incineroar|Incineroar, L50, F|100/100
|-ability|p2a: Incineroar|Intimidate|boost
|-unboost|p1a: Gengar|atk|1
|-unboost|p1b: Maushold|atk|1
|turn|5
|
|t:|1784009865
|move|p2b: Kingambit|Sucker Punch||[still]
|-fail|p2b: Kingambit
|move|p1b: Maushold|Encore|p2b: Kingambit
|-start|p2b: Kingambit|Encore
|move|p1a: Gengar|Perish Song|p1a: Gengar
|-start|p2a: Incineroar|perish3|[silent]
|-fieldactivate|move: Perish Song
|move|p2a: Incineroar|Flare Blitz|p1b: Maushold
|-damage|p1b: Maushold|0 fnt
|faint|p1b: Maushold
|-damage|p2a: Incineroar|93/100|[from] Recoil
|
|-end|p2b: Kingambit|Disable
|-start|p1a: Gengar|perish1
|-start|p2a: Incineroar|perish3
|-start|p2b: Kingambit|perish1
|upkeep
|
|t:|1784009876
|switch|p1b: Primarina|Primarina, L50, M|100/100
|turn|6
|
|t:|1784009889
|switch|p1a: Gengar|Gengar-Mega, L50, F|100/100
|move|p2b: Kingambit|Sucker Punch||[still]
|-fail|p2b: Kingambit
|move|p2a: Incineroar|Parting Shot|p1b: Primarina
|-unboost|p1b: Primarina|atk|1
|-unboost|p1b: Primarina|spa|1
|
|t:|1784009896
|switch|p2a: Ninetales|Ninetales-Alola, L50, M|100/100|[from] Parting Shot
|-weather|Snowscape|[from] ability: Snow Warning|[of] p2a: Ninetales
|move|p1b: Primarina|Flip Turn|p2a: Ninetales
|-damage|p2a: Ninetales|90/100
|
|t:|1784009899
|switch|p1b: Gengar|Gengar-Mega, L50, F|100/100|[from] Flip Turn
|
|-weather|Snowscape|[upkeep]
|-start|p2b: Kingambit|perish0
|upkeep
|faint|p2b: Kingambit
|
|t:|1784009907
|switch|p2b: Incineroar|Incineroar, L50, F|93/100
|-ability|p2b: Incineroar|Intimidate|boost
|-unboost|p1a: Gengar|atk|1
|-unboost|p1b: Gengar|atk|1
|turn|7
|inactive|282839393m has 30 seconds left.
|
|t:|1784009939
|move|p1b: Gengar|Protect|p1b: Gengar
|-singleturn|p1b: Gengar|Protect
|move|p1a: Gengar|Trick|p2b: Incineroar
|-activate|p1a: Gengar|move: Trick|[of] p2b: Incineroar
|-item|p2b: Incineroar|Choice Scarf|[from] move: Trick
|-item|p1a: Gengar|Sitrus Berry|[from] move: Trick
|move|p2a: Ninetales|Blizzard|p1a: Gengar|[spread] p1a
|-activate|p1b: Gengar|move: Protect
|-damage|p1a: Gengar|41/100
|replace|p1a: Zoroark|Zoroark-Hisui, L50, M
|-end|p1a: Zoroark|Illusion
|-enditem|p1a: Zoroark|Sitrus Berry|[eat]
|-heal|p1a: Zoroark|66/100|[from] item: Sitrus Berry
|move|p2b: Incineroar|Flare Blitz|p1a: Zoroark
|-damage|p1a: Zoroark|0 fnt
|faint|p1a: Zoroark
|-damage|p2b: Incineroar|77/100|[from] Recoil
|
|-weather|Snowscape|[upkeep]
|upkeep
|
|t:|1784009941
|switch|p1a: Primarina|Primarina, L50, M|100/100
|turn|8
|inactive|lucky777n has 30 seconds left.
|
|t:|1784009975
|move|p2a: Ninetales|Blizzard|p1a: Primarina|[spread] p1a,p1b
|-resisted|p1a: Primarina|1
|-damage|p1a: Primarina|90/100
|-damage|p1b: Gengar|65/100
|move|p1b: Gengar|Disable|p2b: Incineroar
|-start|p2b: Incineroar|Disable|Flare Blitz
|cant|p2b: Incineroar|Disable|Flare Blitz
|move|p1a: Primarina|Perish Song|p1a: Primarina
|-start|p1a: Primarina|perish3|[silent]
|-start|p1b: Gengar|perish3|[silent]
|-start|p2a: Ninetales|perish3|[silent]
|-start|p2b: Incineroar|perish3|[silent]
|-fieldactivate|move: Perish Song
|
|-weather|Snowscape|[upkeep]
|-start|p2a: Ninetales|perish3
|-start|p1b: Gengar|perish3
|-start|p2b: Incineroar|perish3
|-start|p1a: Primarina|perish3
|upkeep
|turn|9
|inactive|lucky777n has 30 seconds left.
|-message|lucky777n forfeited.
|
|win|282839393m
|raw|282839393m's rating: 1051 → 1080(+29 for winning)
|raw|lucky777n's rating: 1012 → 1002(-10 for losing)
|l|☆lucky777n
|player|p2|
|c|☆282839393m|Gg
|j|☆lucky777n
|player|p2|lucky777n|boarder|
