|j|☆ilikepotato1092
|j|☆fetru
|html|ilikepotato1092fetru    
|uhtml|bestof|Game 2 of a best-of-3
|t:|1782616061
|gametype|doubles
|player|p1|ilikepotato1092|2|1000
|player|p2|fetru|266|1024
|gen|9
|tier|[Gen 9 Champions] VGC 2026 Reg M-B (Bo3)
|rated|
|rule|Species Clause: Limit one of each Pokémon
|rule|Item Clause: Limit 1 of each item
|clearpoke
|poke|p1|Pelipper, L50, F, shiny|
|poke|p1|Blastoise, L50, F|
|poke|p1|Archaludon, L50, F|
|poke|p1|Gengar, L50, M|
|poke|p1|Basculegion, L50, M|
|poke|p1|Gholdengo, L50|
|poke|p2|Hydreigon, L50, M|
|poke|p2|Garchomp, L50, M|
|poke|p2|Metagross, L50|
|poke|p2|Charizard, L50, M|
|poke|p2|Grimmsnarl, L50, M|
|poke|p2|Toxapex, L50, F|
|teampreview|4
|showteam|p1|Pelipper||FocusSash|Drizzle|Hurricane,Protect,WeatherBall,Tailwind|Serious||F|||50|]Blastoise||Blastoisinite|Torrent|WaterSpout,Protect,BodyPress,DragonPulse|Modest||F|||50|]Archaludon||LifeOrb|Stamina|ElectroShot,DracoMeteor,Protect,FlashCannon|Timid||F|||50|]Gengar||Gengarite|CursedBody|ShadowBall,PerishSong,Protect,SludgeBomb|Timid||M|||50|]Basculegion||ChoiceScarf|SwiftSwim|AquaJet,LastRespects,WaveCrash,Waterfall|Adamant||M|||50|]Gholdengo||MetalCoat|GoodasGold|MakeItRain,NastyPlot,Protect,ShadowBall|Timid|||||50|
|showteam|p2|Hydreigon||ChoiceScarf|Levitate|HeatWave,DarkPulse,DracoMeteor,Snarl|Modest||M|||50|]Garchomp||SitrusBerry|RoughSkin|Earthquake,RockSlide,DragonClaw,Protect|Adamant||M|||50|]Metagross||Metagrossite|ClearBody|IronHead,HammerArm,BulletPunch,Protect|Adamant|||||50|]Charizard||CharizarditeY|Blaze|Protect,HeatWave,SolarBeam,WeatherBall|Timid||M|||50|]Grimmsnarl||RoseliBerry|Prankster|FakeOut,FoulPlay,Reflect,PartingShot|Sassy||M|||50|]Toxapex||Leftovers|Regenerator|Infestation,Toxic,BanefulBunker,WideGuard|Bold||F|||50|
|
|t:|1782616085
|teamsize|p1|4
|teamsize|p2|4
|start
|switch|p1a: Gengar|Gengar, L50, M|100/100
|switch|p1b: Blastoise|Blastoise, L50, F|100/100
|switch|p2a: Charizard|Charizard, L50, M|100/100
|switch|p2b: Hydreigon|Hydreigon, L50, M|100/100
|turn|1
|
|t:|1782616100
|detailschange|p2a: Charizard|Charizard-Mega-Y, L50, M
|-mega|p2a: Charizard|Charizard|Charizardite Y
|-weather|SunnyDay|[from] ability: Drought|[of] p2a: Charizard
|move|p1a: Gengar|Protect|p1a: Gengar
|-singleturn|p1a: Gengar|Protect
|move|p1b: Blastoise|Protect|p1b: Blastoise
|-singleturn|p1b: Blastoise|Protect
|move|p2b: Hydreigon|Dark Pulse|p1a: Gengar
|-activate|p1a: Gengar|move: Protect
|move|p2a: Charizard|Solar Beam||[still]
|-prepare|p2a: Charizard|Solar Beam
|-anim|p2a: Charizard|Solar Beam|p1b: Blastoise
|-activate|p1b: Blastoise|move: Protect
|
|-weather|SunnyDay|[upkeep]
|upkeep
|turn|2
|
|t:|1782616136
|switch|p2a: Grimmsnarl|Grimmsnarl, L50, M|100/100
|detailschange|p1a: Gengar|Gengar-Mega, L50, M
|-mega|p1a: Gengar|Gengar|Gengarite
|move|p2b: Hydreigon|Dark Pulse|p1a: Gengar
|-supereffective|p1a: Gengar|1
|-damage|p1a: Gengar|0 fnt
|faint|p1a: Gengar
|move|p1b: Blastoise|Body Press|p2b: Hydreigon
|-supereffective|p2b: Hydreigon|1
|-damage|p2b: Hydreigon|60/100
|
|-weather|SunnyDay|[upkeep]
|upkeep
|
|t:|1782616152
|switch|p1a: Pelipper|Pelipper, L50, F, shiny|100/100
|-weather|RainDance|[from] ability: Drizzle|[of] p1a: Pelipper
|turn|3
|
|t:|1782616165
|move|p2a: Grimmsnarl|Fake Out|p1a: Pelipper
|-damage|p1a: Pelipper|91/100
|move|p2b: Hydreigon|Dark Pulse|p1a: Pelipper
|-damage|p1a: Pelipper|33/100
|move|p1b: Blastoise|Water Spout|p2a: Grimmsnarl|[spread] p2a,p2b
|-resisted|p2b: Hydreigon|1
|-damage|p2a: Grimmsnarl|38/100
|-damage|p2b: Hydreigon|16/100
|cant|p1a: Pelipper|flinch
|
|-weather|RainDance|[upkeep]
|upkeep
|turn|4
|
|t:|1782616188
|move|p1a: Pelipper|Protect|p1a: Pelipper
|-singleturn|p1a: Pelipper|Protect
|move|p2b: Hydreigon|Dark Pulse|p1a: Pelipper
|-activate|p1a: Pelipper|move: Protect
|move|p1b: Blastoise|Water Spout|p2a: Grimmsnarl|[spread] p2a,p2b
|-resisted|p2b: Hydreigon|1
|-damage|p2a: Grimmsnarl|0 fnt
|-damage|p2b: Hydreigon|0 fnt
|faint|p2a: Grimmsnarl
|faint|p2b: Hydreigon
|
|-weather|RainDance|[upkeep]
|upkeep
|
|t:|1782616199
|switch|p2b: Charizard|Charizard-Mega-Y, L50, M|100/100
|switch|p2a: Garchomp|Garchomp, L50, M|100/100
|-weather|SunnyDay|[from] ability: Drought|[of] p2b: Charizard
|turn|5
|
|t:|1782616211
|switch|p1a: Basculegion|Basculegion, L50, M|100/100
|move|p1b: Blastoise|Protect|p1b: Blastoise
|-singleturn|p1b: Blastoise|Protect
|move|p2b: Charizard|Solar Beam||[still]
|-prepare|p2b: Charizard|Solar Beam
|-anim|p2b: Charizard|Solar Beam|p1b: Blastoise
|-activate|p1b: Blastoise|move: Protect
|move|p2a: Garchomp|Rock Slide|p1b: Blastoise|[spread] p1a
|-activate|p1b: Blastoise|move: Protect
|-damage|p1a: Basculegion|73/100
|
|-weather|SunnyDay|[upkeep]
|upkeep
|turn|6
|
|t:|1782616242
|switch|p1b: Pelipper|Pelipper, L50, F, shiny|33/100
|-weather|RainDance|[from] ability: Drizzle|[of] p1b: Pelipper
|move|p1a: Basculegion|Wave Crash|p2b: Charizard
|-supereffective|p2b: Charizard|1
|-damage|p2b: Charizard|0 fnt
|faint|p2b: Charizard
|-damage|p1a: Basculegion|44/100|[from] Recoil
|move|p2a: Garchomp|Earthquake|p1b: Pelipper|[spread] p1a
|-immune|p1b: Pelipper
|-damage|p1a: Basculegion|0 fnt
|faint|p1a: Basculegion
|
|-weather|RainDance|[upkeep]
|upkeep
|
|t:|1782616259
|switch|p1a: Blastoise|Blastoise, L50, F|100/100
|turn|7
|
|t:|1782616282
|move|p1b: Pelipper|Protect|p1b: Pelipper
|-singleturn|p1b: Pelipper|Protect
|move|p2a: Garchomp|Rock Slide|p1a: Blastoise|[spread] p1a
|-activate|p1b: Pelipper|move: Protect
|-damage|p1a: Blastoise|81/100
|move|p1a: Blastoise|Water Spout|p2a: Garchomp
|-damage|p2a: Garchomp|27/100
|-enditem|p2a: Garchomp|Sitrus Berry|[eat]
|-heal|p2a: Garchomp|51/100|[from] item: Sitrus Berry
|
|-weather|RainDance|[upkeep]
|upkeep
|turn|8
|
|t:|1782616302
|move|p2a: Garchomp|Rock Slide|p1b: Pelipper|[spread] p1a,p1b
|-supereffective|p1b: Pelipper|1
|-damage|p1a: Blastoise|62/100
|-damage|p1b: Pelipper|0 fnt
|faint|p1b: Pelipper
|move|p1a: Blastoise|Dragon Pulse|p2a: Garchomp
|-supereffective|p2a: Garchomp|1
|-damage|p2a: Garchomp|5/100
|
|-weather|RainDance|[upkeep]
|upkeep
|turn|9
|
|t:|1782616334
|move|p2a: Garchomp|Rock Slide|p1a: Blastoise
|-crit|p1a: Blastoise
|-damage|p1a: Blastoise|26/100
|move|p1a: Blastoise|Dragon Pulse|p2a: Garchomp
|-supereffective|p2a: Garchomp|1
|-damage|p2a: Garchomp|0 fnt
|faint|p2a: Garchomp
|
|win|ilikepotato1092
