|j|☆NerdConsultant
|j|☆sandy ghost 5
|html|NerdConsultantsandy ghost 5    
|uhtml|bestof|Game 3 of a best-of-3
|t:|1756903368
|gametype|doubles
|player|p1|NerdConsultant|roxie|1230
|player|p2|sandy ghost 5|baker|1212
|gen|9
|tier|[Gen 9] VGC 2025 Reg H (Bo3)
|rated|
|rule|Species Clause: Limit one of each Pokémon
|rule|Item Clause: Limit 1 of each item
|clearpoke
|poke|p1|Kingambit, L50, M|
|poke|p1|Rillaboom, L50, M|
|poke|p1|Archaludon, L50, F|
|poke|p1|Basculegion, L50, M|
|poke|p1|Electabuzz, L50, M|
|poke|p1|Pelipper, L50, M|
|poke|p2|Tyranitar, L50, M|
|poke|p2|Excadrill, L50, F|
|poke|p2|Sinistcha-Masterpiece, L50|
|poke|p2|Salamence, L50, F|
|poke|p2|Blaziken, L50, M|
|poke|p2|Bruxish, L50, F|
|teampreview|4
|showteam|p1|Kingambit||BlackGlasses|Defiant|KowtowCleave,SwordsDance,SuckerPunch,Protect|||M|||50|,,,,,Dark]Rillaboom||LoadedDice|GrassySurge|HighHorsepower,GrassyGlide,BulletSeed,FakeOut|||M|||50|,,,,,Fire]Archaludon||AssaultVest|Stamina|ElectroShot,BodyPress,DracoMeteor,FlashCannon|||F|||50|,,,,,Bug]Basculegion||ChoiceBand|SwiftSwim|WaveCrash,AquaJet,LastRespects,FlipTurn|||M|||50|,,,,,Grass]Electabuzz||Eviolite|VitalSpirit|Electroweb,Taunt,FollowMe,Protect|||M|||50|,,,,,Ghost]Pelipper||FocusSash|Drizzle|Tailwind,WeatherBall,Hurricane,Protect|||M|||50|,,,,,Ghost
|showteam|p2|Tyranitar||ClearAmulet|SandStream|RockSlide,KnockOff,DragonDance,Protect|||M|||50|,,,,,Grass]Excadrill||AssaultVest|SandRush|Earthquake,IronHead,HighHorsepower,RockSlide|||F|||50|,,,,,Ghost]Sinistcha-Masterpiece||SitrusBerry|Hospitality|ShadowBall,MatchaGotcha,RagePowder,Protect||||||50|,,,,,Dark]Salamence||LifeOrb|Intimidate|DracoMeteor,AirSlash,Protect,Tailwind|||F|||50|,,,,,Ghost]Blaziken||CovertCloak|SpeedBoost|AuraSphere,HeatWave,Coaching,WillOWisp|||M|||50|,,,,,Dragon]Bruxish||ChoiceScarf|Dazzling|PsychicFangs,FlipTurn,WaveCrash,SuperFang|||F|||50|,,,,,Water
|
|t:|1756903405
|teamsize|p1|4
|teamsize|p2|4
|start
|switch|p1a: Basculegion|Basculegion, L50, M|100/100
|switch|p1b: Rillaboom|Rillaboom, L50, M|100/100
|switch|p2a: Blaziken|Blaziken, L50, M|100/100
|switch|p2b: Salamence|Salamence, L50, F|100/100
|-ability|p2b: Salamence|Intimidate|boost
|-unboost|p1a: Basculegion|atk|1
|-unboost|p1b: Rillaboom|atk|1
|-fieldstart|move: Grassy Terrain|[from] ability: Grassy Surge|[of] p1b: Rillaboom
|turn|1
|
|t:|1756903427
|switch|p1b: Pelipper|Pelipper, L50, M|100/100
|-weather|RainDance|[from] ability: Drizzle|[of] p1b: Pelipper
|-terastallize|p2a: Blaziken|Dragon
|move|p1a: Basculegion|Flip Turn|p2a: Blaziken
|-resisted|p2a: Blaziken
|-damage|p2a: Blaziken|66/100
|
|t:|1756903434
|switch|p1a: Rillaboom|Rillaboom, L50, M|100/100|[from] Flip Turn
|move|p2b: Salamence|Air Slash|p1b: Pelipper
|-damage|p1b: Pelipper|25/100
|-damage|p2b: Salamence|91/100|[from] item: Life Orb
|move|p2a: Blaziken|Will-O-Wisp|p1a: Rillaboom
|-status|p1a: Rillaboom|brn
|
|-weather|RainDance|[upkeep]
|-heal|p2a: Blaziken|72/100|[from] Grassy Terrain
|-damage|p1a: Rillaboom|95/100 brn|[from] brn
|-ability|p2a: Blaziken|Speed Boost|boost
|-boost|p2a: Blaziken|spe|1
|upkeep
|turn|2
|
|t:|1756903459
|move|p1a: Rillaboom|Fake Out|p2b: Salamence
|-crit|p2b: Salamence
|-damage|p2b: Salamence|77/100
|move|p2a: Blaziken|Aura Sphere|p1b: Pelipper
|-resisted|p1b: Pelipper
|-damage|p1b: Pelipper|0 fnt
|faint|p1b: Pelipper
|cant|p2b: Salamence|flinch
|
|-weather|RainDance|[upkeep]
|-heal|p2a: Blaziken|78/100|[from] Grassy Terrain
|-heal|p1a: Rillaboom|100/100 brn|[from] Grassy Terrain
|-damage|p1a: Rillaboom|95/100 brn|[from] brn
|-ability|p2a: Blaziken|Speed Boost|boost
|-boost|p2a: Blaziken|spe|1
|upkeep
|
|t:|1756903471
|switch|p1b: Archaludon|Archaludon, L50, F|100/100
|turn|3
|
|t:|1756903491
|move|p2a: Blaziken|Aura Sphere|p1b: Archaludon
|-supereffective|p1b: Archaludon
|-damage|p1b: Archaludon|47/100
|-ability|p1b: Archaludon|Stamina|boost
|-boost|p1b: Archaludon|def|1
|move|p2b: Salamence|Draco Meteor|p1b: Archaludon
|-damage|p1b: Archaludon|0 fnt
|-unboost|p2b: Salamence|spa|2
|faint|p1b: Archaludon
|-damage|p2b: Salamence|67/100|[from] item: Life Orb
|move|p1a: Rillaboom|Bullet Seed|p1: Archaludon|[notarget]
|-fail|p1a: Rillaboom
|
|-weather|RainDance|[upkeep]
|-heal|p2a: Blaziken|83/100|[from] Grassy Terrain
|-heal|p1a: Rillaboom|100/100 brn|[from] Grassy Terrain
|-damage|p1a: Rillaboom|95/100 brn|[from] brn
|-ability|p2a: Blaziken|Speed Boost|boost
|-boost|p2a: Blaziken|spe|1
|upkeep
|
|t:|1756903510
|switch|p1b: Basculegion|Basculegion, L50, M|100/100
|turn|4
|
|t:|1756903529
|switch|p2b: Puppet|Sinistcha-Masterpiece, L50|100/100
|-heal|p2a: Blaziken|100/100|[from] ability: Hospitality|[of] p2b: Puppet
|move|p2a: Blaziken|Will-O-Wisp|p1b: Basculegion
|-status|p1b: Basculegion|brn
|move|p1b: Basculegion|Last Respects|p2a: Blaziken
|-damage|p2a: Blaziken|18/100
|move|p1a: Rillaboom|Bullet Seed|p2b: Puppet
|-resisted|p2b: Puppet
|-damage|p2b: Puppet|97/100
|-resisted|p2b: Puppet
|-damage|p2b: Puppet|93/100
|-resisted|p2b: Puppet
|-damage|p2b: Puppet|89/100
|-resisted|p2b: Puppet
|-damage|p2b: Puppet|85/100
|-hitcount|p2b: Puppet|4
|
|-weather|RainDance|[upkeep]
|-heal|p2a: Blaziken|23/100|[from] Grassy Terrain
|-heal|p1a: Rillaboom|100/100 brn|[from] Grassy Terrain
|-heal|p2b: Puppet|91/100|[from] Grassy Terrain
|-damage|p1b: Basculegion|94/100 brn|[from] brn
|-damage|p1a: Rillaboom|95/100 brn|[from] brn
|-ability|p2a: Blaziken|Speed Boost|boost
|-boost|p2a: Blaziken|spe|1
|upkeep
|turn|5
|-message|NerdConsultant forfeited.
|
|win|sandy ghost 5
|raw|NerdConsultant's rating: 1230 → 1204(-26 for losing)
|raw|sandy ghost 5's rating: 1212 → 1238(+26 for winning)
|l|☆NerdConsultant
|player|p1|
