|j|☆TomNumbers
|j|☆beeetch
|html|TomNumbersbeeetch    
|uhtml|bestof|Game 2 of a best-of-3
|t:|1754902619
|gametype|doubles
|player|p1|TomNumbers|gambler|1191
|player|p2|beeetch|beauty-gen4dp|1222
|gen|9
|tier|[Gen 9] VGC 2025 Reg H (Bo3)
|rated|
|rule|Species Clause: Limit one of each Pokémon
|rule|Item Clause: Limit 1 of each item
|clearpoke
|poke|p1|Incineroar, L50, M|
|poke|p1|Pelipper, L50, M|
|poke|p1|Archaludon, L50, M|
|poke|p1|Dragonite, L50, F|
|poke|p1|Ursaluna, L50, M|
|poke|p1|Sinistcha, L50|
|poke|p2|Toedscruel, L50, F|
|poke|p2|Weezing-Galar, L50, M|
|poke|p2|Corviknight, L50, F|
|poke|p2|Pawmot, L50, M|
|poke|p2|Garchomp, L50, M|
|poke|p2|Typhlosion-Hisui, L50, F|
|teampreview|4
|showteam|p1|Incineroar||SafetyGoggles|Intimidate|FlareBlitz,KnockOff,FakeOut,PartingShot|||M|||50|,,,,,Ghost]Pelipper||FocusSash|Drizzle|Hurricane,MuddyWater,Tailwind,Protect|||M|||50|,,,,,Ground]Archaludon||AssaultVest|Stamina|FlashCannon,BodyPress,ElectroShot,Snarl|||M|||50|,,,,,Bug]Dragonite||LoadedDice|Multiscale|ScaleShot,ExtremeSpeed,Tailwind,Protect|||F|||50|,,,,,Steel]Ursaluna||FlameOrb|Guts|Facade,HeadlongRush,Earthquake,Protect|||M|||50|,,,,,Ghost]Sinistcha||SitrusBerry|Hospitality|MatchaGotcha,RagePowder,TrickRoom,LifeDew||||||50|,,,,,Dark
|showteam|p2|Toedscruel||CovertCloak|MyceliumMight|Spore,EarthPower,AcidSpray,RagePowder|||F|||50|,,,,,Water]Weezing-Galar||ChoiceSpecs|NeutralizingGas|DazzlingGleam,SludgeBomb,StrangeSteam,Flamethrower|||M|||50|,,,,,Fire]Corviknight||SitrusBerry|MirrorArmor|Protect,Tailwind,Roost,BraveBird|||F|||50|,,,,,Dragon]Pawmot||FocusSash|NaturalCure|Protect,CloseCombat,DoubleShock,FakeOut|||M|||50|,,,,,Electric]Garchomp||LifeOrb|RoughSkin|Protect,Earthquake,DragonClaw,StompingTantrum|||M|||50|,,,,,Ground]Typhlosion-Hisui||ChoiceScarf|Blaze|Eruption,SleepTalk,HeatWave,ShadowBall|||F|||50|,,,,,Fire
|inactive|Battle timer is ON: inactive players will automatically lose when time's up. (requested by TomNumbers)
|inactive|TomNumbers has 60 seconds left.
|
|t:|1754902659
|teamsize|p1|4
|teamsize|p2|4
|start
|switch|p1a: Incineroar|Incineroar, L50, M|100/100
|switch|p1b: Pelipper|Pelipper, L50, M|100/100
|switch|p2a: Weezing|Weezing-Galar, L50, M|100/100
|switch|p2b: Toedscruel|Toedscruel, L50, F|100/100
|-ability|p2a: Weezing|Neutralizing Gas
|turn|1
|
|t:|1754902679
|move|p1b: Pelipper|Protect|p1b: Pelipper
|-singleturn|p1b: Pelipper|Protect
|move|p2b: Toedscruel|Spore|p1b: Pelipper
|-activate|p1b: Pelipper|move: Protect
|move|p2a: Weezing|Dazzling Gleam|p1a: Incineroar|[spread] p1a
|-activate|p1b: Pelipper|move: Protect
|-damage|p1a: Incineroar|72/100
|move|p1a: Incineroar|Knock Off|p2a: Weezing
|-resisted|p2a: Weezing
|-damage|p2a: Weezing|83/100
|-enditem|p2a: Weezing|Choice Specs|[from] move: Knock Off|[of] p1a: Incineroar
|
|upkeep
|turn|2
|
|t:|1754902693
|switch|p1b: Sinistcha|Sinistcha, L50|100/100
|move|p2b: Toedscruel|Spore|p1b: Sinistcha
|-immune|p1b: Sinistcha
|move|p2a: Weezing|Sludge Bomb|p1a: Incineroar
|-damage|p1a: Incineroar|46/100
|move|p1a: Incineroar|Flare Blitz|p2b: Toedscruel
|-supereffective|p2b: Toedscruel
|-damage|p2b: Toedscruel|0 fnt
|faint|p2b: Toedscruel
|-damage|p1a: Incineroar|16/100|[from] Recoil
|
|upkeep
|
|t:|1754902704
|switch|p2b: Corviknight|Corviknight, L50, F|100/100
|turn|3
|
|t:|1754902720
|switch|p1b: Archaludon|Archaludon, L50, M|100/100
|switch|p1a: Pelipper|Pelipper, L50, M|100/100
|move|p2b: Corviknight|Brave Bird|p1b: Archaludon
|-resisted|p1b: Archaludon
|-damage|p1b: Archaludon|84/100
|-damage|p2b: Corviknight|95/100|[from] Recoil
|move|p2a: Weezing|Dazzling Gleam|p1b: Archaludon|[spread] p1a,p1b
|-crit|p1b: Archaludon
|-damage|p1a: Pelipper|58/100
|-damage|p1b: Archaludon|58/100
|
|upkeep
|turn|4
|inactive|beeetch has 30 seconds left.
|
|t:|1754902752
|-terastallize|p2a: Weezing|Fire
|move|p1a: Pelipper|Tailwind|p1a: Pelipper
|-sidestart|p1: TomNumbers|move: Tailwind
|move|p1b: Archaludon|Flash Cannon|p2a: Weezing
|-resisted|p2a: Weezing
|-damage|p2a: Weezing|60/100
|move|p2b: Corviknight|Tailwind|p2b: Corviknight
|-sidestart|p2: beeetch|move: Tailwind
|move|p2a: Weezing|Dazzling Gleam|p1a: Pelipper|[spread] p1a,p1b
|-damage|p1a: Pelipper|15/100
|-damage|p1b: Archaludon|43/100
|
|upkeep
|turn|5
|inactive|TomNumbers has 30 seconds left.
|
|t:|1754902782
|switch|p1b: Sinistcha|Sinistcha, L50|100/100
|move|p1a: Pelipper|Muddy Water|p2b: Corviknight|[spread] p2b
|-miss|p1a: Pelipper|p2a: Weezing
|-damage|p2b: Corviknight|67/100
|-unboost|p2b: Corviknight|accuracy|1
|move|p2b: Corviknight|Brave Bird|p1a: Pelipper
|-damage|p1a: Pelipper|0 fnt
|faint|p1a: Pelipper
|-damage|p2b: Corviknight|63/100|[from] Recoil
|move|p2a: Weezing|Dazzling Gleam|p1b: Sinistcha
|-damage|p1b: Sinistcha|68/100
|
|upkeep
|
|t:|1754902800
|switch|p1a: Archaludon|Archaludon, L50, M|43/100
|turn|6
|
|t:|1754902811
|move|p1a: Archaludon|Body Press|p2a: Weezing
|-damage|p2a: Weezing|35/100
|move|p2b: Corviknight|Brave Bird|p1b: Sinistcha
|-supereffective|p1b: Sinistcha
|-damage|p1b: Sinistcha|0 fnt
|faint|p1b: Sinistcha
|-damage|p2b: Corviknight|44/100|[from] Recoil
|-enditem|p2b: Corviknight|Sitrus Berry|[eat]
|-heal|p2b: Corviknight|69/100|[from] item: Sitrus Berry
|move|p2a: Weezing|Dazzling Gleam|p1a: Archaludon
|-damage|p1a: Archaludon|21/100
|
|upkeep
|
|t:|1754902817
|switch|p1b: Incineroar|Incineroar, L50, M|16/100
|turn|7
|
|t:|1754902831
|move|p1b: Incineroar|Fake Out|p2a: Weezing
|-crit|p2a: Weezing
|-damage|p2a: Weezing|19/100
|move|p1a: Archaludon|Body Press|p2a: Weezing
|-damage|p2a: Weezing|0 fnt
|faint|p2a: Weezing
|-end|p2a: Weezing|ability: Neutralizing Gas
|-ability|p1b: Incineroar|Intimidate|boost
|-ability|p2b: Corviknight|Mirror Armor
|-unboost|p1b: Incineroar|atk|1
|move|p2b: Corviknight|Brave Bird|p1b: Incineroar
|-damage|p1b: Incineroar|0 fnt
|faint|p1b: Incineroar
|-damage|p2b: Corviknight|63/100|[from] Recoil
|
|-sideend|p1: TomNumbers|move: Tailwind
|-sideend|p2: beeetch|move: Tailwind
|upkeep
|-message|TomNumbers forfeited.
|
|win|beeetch
|raw|TomNumbers's rating: 1191 → 1168(-23 for losing)
|raw|beeetch's rating: 1222 → 1245(+23 for winning)
