|j|☆bvg2
|j|☆Jacrepid
|html|bvg2Jacrepid    
|uhtml|bestof|Game 3 of a best-of-3
|t:|1755532722
|gametype|doubles
|player|p1|bvg2|169|1191
|player|p2|Jacrepid|169|1252
|gen|9
|tier|[Gen 9] VGC 2025 Reg H (Bo3)
|rated|
|rule|Species Clause: Limit one of each Pokémon
|rule|Item Clause: Limit 1 of each item
|clearpoke
|poke|p1|Dondozo, L50, F|
|poke|p1|Tatsugiri, L50, M|
|poke|p1|Talonflame, L50, M|
|poke|p1|Glimmora, L50, F|
|poke|p1|Dragonite, L50, M|
|poke|p1|Gholdengo, L50|
|poke|p2|Archaludon, L50, F|
|poke|p2|Pelipper, L50, M|
|poke|p2|Basculegion, L50, M|
|poke|p2|Sinistcha, L50|
|poke|p2|Incineroar, L50, M|
|poke|p2|Gholdengo, L50|
|teampreview|4
|showteam|p1|Dondozo||Leftovers|Unaware|Protect,WaveCrash,OrderUp,Earthquake|||F|||50|,,,,,Grass]Tatsugiri||ChoiceScarf|Commander|IcyWind,MuddyWater,DragonPulse,DracoMeteor|||M|||50|,,,,,Water]Talonflame||CovertCloak|GaleWings|Tailwind,WillOWisp,BraveBird,FlareBlitz|||M|||50|,,,,,Flying]Glimmora||PowerHerb|ToxicDebris|SpikyShield,MeteorBeam,SludgeBomb,EarthPower|||F|||50|,,,,,Grass]Dragonite||ChoiceBand|InnerFocus|Outrage,ExtremeSpeed,StompingTantrum,AerialAce|||M|||50|,,,,,Normal]Gholdengo||ChoiceSpecs|GoodasGold|ShadowBall,MakeItRain,Thunderbolt,PowerGem||||||50|,,,,,Steel
|showteam|p2|Archaludon||AssaultVest|Stamina|ElectroShot,BodyPress,FlashCannon,DracoMeteor|||F|||50|,,,,,Bug]Pelipper||FocusSash|Drizzle|Tailwind,Protect,WeatherBall,Hurricane|||M|||50|,,,,,Stellar]Basculegion||ChoiceBand|SwiftSwim|WaveCrash,FlipTurn,LastRespects,AquaJet|||M|||50|,,,,,Grass]Sinistcha||RockyHelmet|Hospitality|RagePowder,TrickRoom,LifeDew,MatchaGotcha||||||50|,,,,,Water]Incineroar||SafetyGoggles|Intimidate|FakeOut,KnockOff,FlareBlitz,PartingShot|||M|||50|,,,,,Ghost]Gholdengo||LifeOrb|GoodasGold|NastyPlot,Protect,MakeItRain,ShadowBall||||||50|,,,,,Water
|inactive|Battle timer is ON: inactive players will automatically lose when time's up. (requested by bvg2)
|inactive|Jacrepid has 60 seconds left.
|
|t:|1755532775
|teamsize|p1|4
|teamsize|p2|4
|start
|switch|p1a: Dondozo|Dondozo, L50, F|100/100
|switch|p1b: Glimmora|Glimmora, L50, F|100/100
|switch|p2a: Incineroar|Incineroar, L50, M|100/100
|switch|p2b: Sinistcha|Sinistcha, L50|100/100
|-ability|p2a: Incineroar|Intimidate|boost
|-unboost|p1a: Dondozo|atk|1
|-unboost|p1b: Glimmora|atk|1
|turn|1
|inactive|bvg2 has 30 seconds left.
|inactive|bvg2 has 20 seconds left.
|
|t:|1755532815
|move|p2a: Incineroar|Fake Out|p1a: Dondozo
|-damage|p1a: Dondozo|92/100
|move|p1b: Glimmora|Meteor Beam||[still]
|-prepare|p1b: Glimmora|Meteor Beam
|-boost|p1b: Glimmora|spa|1
|-enditem|p1b: Glimmora|Power Herb
|-anim|p1b: Glimmora|Meteor Beam|p2a: Incineroar
|-supereffective|p2a: Incineroar
|-damage|p2a: Incineroar|0 fnt
|faint|p2a: Incineroar
|move|p2b: Sinistcha|Matcha Gotcha|p1a: Dondozo|[spread] p1a,p1b
|-supereffective|p1a: Dondozo
|-damage|p1a: Dondozo|46/100
|-damage|p1b: Glimmora|70/100
|cant|p1a: Dondozo|flinch
|
|-heal|p1a: Dondozo|52/100|[from] item: Leftovers
|upkeep
|
|t:|1755532830
|switch|p2a: Archaludon|Archaludon, L50, F|100/100
|turn|2
|
|t:|1755532843
|-terastallize|p2a: Archaludon|Bug
|move|p1a: Dondozo|Protect|p1a: Dondozo
|-singleturn|p1a: Dondozo|Protect
|move|p1b: Glimmora|Sludge Bomb|p2b: Sinistcha
|-damage|p2b: Sinistcha|36/100
|-status|p2b: Sinistcha|psn
|move|p2a: Archaludon|Draco Meteor|p1a: Dondozo
|-activate|p1a: Dondozo|move: Protect
|move|p2b: Sinistcha|Matcha Gotcha|p1b: Glimmora|[spread] 
|-activate|p1a: Dondozo|move: Protect
|-miss|p2b: Sinistcha|p1b: Glimmora
|
|-heal|p1a: Dondozo|58/100|[from] item: Leftovers
|-damage|p2b: Sinistcha|24/100 psn|[from] psn
|upkeep
|turn|3
|
|t:|1755532864
|switch|p1a: Gholdengo|Gholdengo, L50|100/100
|move|p1b: Glimmora|Sludge Bomb|p2b: Sinistcha
|-damage|p2b: Sinistcha|0 fnt
|faint|p2b: Sinistcha
|move|p2a: Archaludon|Draco Meteor|p1a: Gholdengo
|-resisted|p1a: Gholdengo
|-damage|p1a: Gholdengo|65/100
|-unboost|p2a: Archaludon|spa|2
|
|upkeep
|
|t:|1755532869
|switch|p2b: Pelipper|Pelipper, L50, M|100/100
|-weather|RainDance|[from] ability: Drizzle|[of] p2b: Pelipper
|turn|4
|
|t:|1755532885
|move|p1b: Glimmora|Spiky Shield|p1b: Glimmora
|-singleturn|p1b: Glimmora|move: Protect
|move|p1a: Gholdengo|Thunderbolt|p2b: Pelipper
|-supereffective|p2b: Pelipper
|-enditem|p2b: Pelipper|Focus Sash
|-damage|p2b: Pelipper|1/100
|move|p2b: Pelipper|Tailwind|p2b: Pelipper
|-sidestart|p2: Jacrepid|move: Tailwind
|move|p2a: Archaludon|Electro Shot||[still]
|-prepare|p2a: Archaludon|Electro Shot
|-boost|p2a: Archaludon|spa|1
|-anim|p2a: Archaludon|Electro Shot|p1a: Gholdengo
|-damage|p1a: Gholdengo|33/100
|
|-weather|RainDance|[upkeep]
|upkeep
|turn|5
|
|t:|1755532906
|switch|p1b: Tatsugiri|Tatsugiri, L50, M|100/100
|switch|p1a: Dondozo|Dondozo, L50, F|58/100
|-activate|p1b: Tatsugiri|ability: Commander|[of] p1a: Dondozo
|-boost|p1a: Dondozo|atk|2
|-boost|p1a: Dondozo|spa|2
|-boost|p1a: Dondozo|spe|2
|-boost|p1a: Dondozo|def|2
|-boost|p1a: Dondozo|spd|2
|move|p2b: Pelipper|Weather Ball|p1a: Dondozo
|-resisted|p1a: Dondozo
|-damage|p1a: Dondozo|41/100
|move|p2a: Archaludon|Flash Cannon|p1b: Tatsugiri|[miss]
|-miss|p2a: Archaludon|p1b: Tatsugiri
|
|-weather|RainDance|[upkeep]
|-heal|p1a: Dondozo|47/100|[from] item: Leftovers
|upkeep
|turn|6
|
|t:|1755532921
|move|p1a: Dondozo|Protect|p1a: Dondozo
|-singleturn|p1a: Dondozo|Protect
|move|p2b: Pelipper|Hurricane|p1a: Dondozo
|-activate|p1a: Dondozo|move: Protect
|move|p2a: Archaludon|Electro Shot||[still]
|-prepare|p2a: Archaludon|Electro Shot
|-boost|p2a: Archaludon|spa|1
|-anim|p2a: Archaludon|Electro Shot|p1a: Dondozo
|-activate|p1a: Dondozo|move: Protect
|
|-weather|RainDance|[upkeep]
|-heal|p1a: Dondozo|53/100|[from] item: Leftovers
|upkeep
|turn|7
|
|t:|1755532941
|move|p2b: Pelipper|Hurricane|p1a: Dondozo
|-damage|p1a: Dondozo|29/100
|move|p2a: Archaludon|Electro Shot||[still]
|-prepare|p2a: Archaludon|Electro Shot
|-boost|p2a: Archaludon|spa|1
|-anim|p2a: Archaludon|Electro Shot|p1a: Dondozo
|-supereffective|p1a: Dondozo
|-damage|p1a: Dondozo|0 fnt
|faint|p1a: Dondozo
|
|-weather|RainDance|[upkeep]
|-sideend|p2: Jacrepid|move: Tailwind
|upkeep
|
|t:|1755532952
|switch|p1a: Gholdengo|Gholdengo, L50|33/100
|turn|8
|
|t:|1755532974
|-terastallize|p1a: Gholdengo|Steel
|move|p2b: Pelipper|Protect|p2b: Pelipper
|-singleturn|p2b: Pelipper|Protect
|move|p1b: Tatsugiri|Icy Wind|p2b: Pelipper|[spread] p2a
|-activate|p2b: Pelipper|move: Protect
|-damage|p2a: Archaludon|90/100
|-unboost|p2a: Archaludon|spe|1
|-ability|p2a: Archaludon|Stamina|boost
|-boost|p2a: Archaludon|def|1
|move|p1a: Gholdengo|Make It Rain|p2b: Pelipper|[spread] p2a
|-activate|p2b: Pelipper|move: Protect
|-damage|p2a: Archaludon|13/100
|-unboost|p1a: Gholdengo|spa|1
|-ability|p2a: Archaludon|Stamina|boost
|-boost|p2a: Archaludon|def|1
|move|p2a: Archaludon|Electro Shot||[still]
|-prepare|p2a: Archaludon|Electro Shot
|-boost|p2a: Archaludon|spa|1
|-anim|p2a: Archaludon|Electro Shot|p1a: Gholdengo
|-damage|p1a: Gholdengo|0 fnt
|faint|p1a: Gholdengo
|
|-weather|none
|upkeep
|
|t:|1755532996
|switch|p1a: Glimmora|Glimmora, L50, F|70/100
|turn|9
|
|t:|1755533012
|move|p2b: Pelipper|Protect|p2b: Pelipper
|-singleturn|p2b: Pelipper|Protect
|move|p1b: Tatsugiri|Icy Wind|p2b: Pelipper|[spread] p2a
|-activate|p2b: Pelipper|move: Protect
|-damage|p2a: Archaludon|2/100
|-unboost|p2a: Archaludon|spe|1
|-ability|p2a: Archaludon|Stamina|boost
|-boost|p2a: Archaludon|def|1
|move|p1a: Glimmora|Sludge Bomb|p2a: Archaludon
|-damage|p2a: Archaludon|0 fnt
|faint|p2a: Archaludon
|
|upkeep
|turn|10
|
|t:|1755533026
|move|p1b: Tatsugiri|Icy Wind|p2b: Pelipper
|-damage|p2b: Pelipper|0 fnt
|faint|p2b: Pelipper
|
|win|bvg2
|raw|bvg2's rating: 1191 → 1220(+29 for winning)
|raw|Jacrepid's rating: 1252 → 1223(-29 for losing)
