|j|☆sorecruiser
|j|☆xx_junior_rx7_xx
|html|sorecruiserxx_junior_rx7_xx    
|uhtml|bestof|Game 3 of a best-of-3
|t:|1756529198
|gametype|doubles
|player|p1|sorecruiser|furisodegirl-black|1040
|player|p2|xx_junior_rx7_xx|2|1070
|gen|9
|tier|[Gen 9] VGC 2025 Reg H (Bo3)
|rated|
|rule|Species Clause: Limit one of each Pokémon
|rule|Item Clause: Limit 1 of each item
|clearpoke
|poke|p1|Clefable, L50, F|
|poke|p1|Garchomp, L50, M|
|poke|p1|Whimsicott, L50, M|
|poke|p1|Hydreigon, L50, M|
|poke|p1|Annihilape, L50, F|
|poke|p1|Gholdengo, L50|
|poke|p2|Tyranitar, L50, F|
|poke|p2|Excadrill, L50, F|
|poke|p2|Magmar, L50, F|
|poke|p2|Sneasler, L50, M|
|poke|p2|Corviknight, L50, F|
|poke|p2|Indeedee, L50, M|
|teampreview|4
|showteam|p1|Clefable||SitrusBerry|Unaware|FollowMe,Moonblast,MistyTerrain,Protect|||F|||50|,,,,,Water]Garchomp||LifeOrb|RoughSkin|StompingTantrum,DragonClaw,Earthquake,Protect|||M|||50|,,,,,Ground]Whimsicott||FocusSash|Prankster|Moonblast,Encore,Tailwind,SunnyDay|||M|||50|,,,,,Ghost]Hydreigon||ChoiceSpecs|Levitate|DarkPulse,DracoMeteor,Snarl,HeatWave|||M|||50|,,,,,Fire]Annihilape||Leftovers|Defiant|RageFist,DrainPunch,BulkUp,Protect|||F|||50|,,,,,Water]Gholdengo||IronPlate|GoodasGold|MakeItRain,ShadowBall,NastyPlot,Protect||||||50|,,,,,Steel
|showteam|p2|Tyranitar||AssaultVest|SandStream|RockSlide,KnockOff,LowKick,TeraBlast|||F|||50|,,,,,Flying]Excadrill||FocusSash|SandRush|EarthPower,IronHead,SwordsDance,Protect|||F|||50|,,,,,Ground]Magmar||Eviolite|VitalSpirit|Protect,HelpingHand,FollowMe,HeatWave|||F|||50|,,,,,Ghost]Sneasler||WhiteHerb|Unburden|FakeOut,CloseCombat,DireClaw,Coaching|||M|||50|,,,,,Flying]Corviknight||PsychicSeed|MirrorArmor|BraveBird,PowerTrip,BulkUp,Roost|||F|||50|,,,,,Water]Indeedee||ChoiceScarf|PsychicSurge|ExpandingForce,TeraBlast,Trick,Protect|||M|||50|,,,,,Psychic
|c|☆xx_junior_rx7_xx|gg
|
|t:|1756529252
|teamsize|p1|4
|teamsize|p2|4
|start
|switch|p1a: Whimsicott|Whimsicott, L50, M|100/100
|switch|p1b: Annihilape|Annihilape, L50, F|100/100
|switch|p2a: Magmar|Magmar, L50, F|100/100
|switch|p2b: Tyranitar|Tyranitar, L50, F|100/100
|-weather|Sandstorm|[from] ability: Sand Stream|[of] p2b: Tyranitar
|turn|1
|
|t:|1756529323
|switch|p1a: Clefable|Clefable, L50, F|100/100
|-terastallize|p1b: Annihilape|Water
|-terastallize|p2b: Tyranitar|Flying
|move|p1b: Annihilape|Bulk Up|p1b: Annihilape
|-boost|p1b: Annihilape|atk|1
|-boost|p1b: Annihilape|def|1
|move|p2a: Magmar|Heat Wave|p1b: Annihilape|[spread] p1a,p1b
|-resisted|p1b: Annihilape
|-damage|p1a: Clefable|75/100
|-damage|p1b: Annihilape|89/100
|move|p2b: Tyranitar|Tera Blast|p1a: Clefable|[anim] Tera Blast Flying
|-damage|p1a: Clefable|39/100
|-enditem|p1a: Clefable|Sitrus Berry|[eat]
|-heal|p1a: Clefable|64/100|[from] item: Sitrus Berry
|
|-weather|Sandstorm|[upkeep]
|-damage|p1b: Annihilape|83/100|[from] Sandstorm
|-damage|p2a: Magmar|95/100|[from] Sandstorm
|-damage|p2b: Tyranitar|95/100|[from] Sandstorm
|-damage|p1a: Clefable|58/100|[from] Sandstorm
|-heal|p1b: Annihilape|89/100|[from] item: Leftovers
|upkeep
|turn|2
|
|t:|1756529386
|move|p1a: Clefable|Protect|p1a: Clefable
|-singleturn|p1a: Clefable|Protect
|move|p2a: Magmar|Follow Me|p2a: Magmar
|-singleturn|p2a: Magmar|move: Follow Me
|move|p1b: Annihilape|Bulk Up|p1b: Annihilape
|-boost|p1b: Annihilape|atk|1
|-boost|p1b: Annihilape|def|1
|move|p2b: Tyranitar|Tera Blast|p1a: Clefable|[anim] Tera Blast Flying
|-activate|p1a: Clefable|move: Protect
|
|-weather|Sandstorm|[upkeep]
|-damage|p1b: Annihilape|83/100|[from] Sandstorm
|-damage|p2a: Magmar|89/100|[from] Sandstorm
|-damage|p2b: Tyranitar|89/100|[from] Sandstorm
|-damage|p1a: Clefable|52/100|[from] Sandstorm
|-heal|p1b: Annihilape|89/100|[from] item: Leftovers
|upkeep
|turn|3
|inactive|Battle timer is ON: inactive players will automatically lose when time's up. (requested by sorecruiser)
|c|☆sorecruiser|get on with it
|
|t:|1756529444
|switch|p1a: Gholdengo|Gholdengo, L50|100/100
|move|p2a: Magmar|Follow Me|p2a: Magmar
|-singleturn|p2a: Magmar|move: Follow Me
|move|p1b: Annihilape|Rage Fist|p2a: Magmar
|-damage|p2a: Magmar|19/100
|move|p2b: Tyranitar|Tera Blast|p1a: Gholdengo|[anim] Tera Blast Flying
|-resisted|p1a: Gholdengo
|-damage|p1a: Gholdengo|77/100
|
|-weather|Sandstorm|[upkeep]
|-damage|p1b: Annihilape|83/100|[from] Sandstorm
|-damage|p2a: Magmar|13/100|[from] Sandstorm
|-damage|p2b: Tyranitar|83/100|[from] Sandstorm
|-heal|p1b: Annihilape|89/100|[from] item: Leftovers
|upkeep
|turn|4
|
|t:|1756529463
|move|p2a: Magmar|Protect|p2a: Magmar
|-singleturn|p2a: Magmar|Protect
|move|p1a: Gholdengo|Make It Rain|p2b: Tyranitar|[spread] p2b
|-activate|p2a: Magmar|move: Protect
|-damage|p2b: Tyranitar|55/100
|-unboost|p1a: Gholdengo|spa|1
|move|p1b: Annihilape|Rage Fist|p2b: Tyranitar
|-crit|p2b: Tyranitar
|-damage|p2b: Tyranitar|0 fnt
|faint|p2b: Tyranitar
|
|-weather|Sandstorm|[upkeep]
|-damage|p1b: Annihilape|83/100|[from] Sandstorm
|-damage|p2a: Magmar|7/100|[from] Sandstorm
|-heal|p1b: Annihilape|89/100|[from] item: Leftovers
|upkeep
|
|t:|1756529484
|switch|p2b: Corviknight|Corviknight, L50, F|100/100
|turn|5
|inactive|sorecruiser has 30 seconds left.
|
|t:|1756529512
|move|p1a: Gholdengo|Protect|p1a: Gholdengo
|-singleturn|p1a: Gholdengo|Protect
|move|p1b: Annihilape|Protect|p1b: Annihilape
|-singleturn|p1b: Annihilape|Protect
|move|p2a: Magmar|Follow Me|p2a: Magmar
|-singleturn|p2a: Magmar|move: Follow Me
|move|p2b: Corviknight|Bulk Up|p2b: Corviknight
|-boost|p2b: Corviknight|atk|1
|-boost|p2b: Corviknight|def|1
|
|-weather|none
|-heal|p1b: Annihilape|95/100|[from] item: Leftovers
|upkeep
|turn|6
|
|t:|1756529534
|move|p2a: Magmar|Follow Me|p2a: Magmar
|-singleturn|p2a: Magmar|move: Follow Me
|move|p1a: Gholdengo|Make It Rain|p2b: Corviknight|[spread] p2a,p2b
|-resisted|p2a: Magmar
|-resisted|p2b: Corviknight
|-damage|p2a: Magmar|0 fnt
|-damage|p2b: Corviknight|83/100
|-unboost|p1a: Gholdengo|spa|1
|faint|p2a: Magmar
|move|p1b: Annihilape|Rage Fist|p2b: Corviknight
|-damage|p2b: Corviknight|33/100
|move|p2b: Corviknight|Bulk Up|p2b: Corviknight
|-boost|p2b: Corviknight|atk|1
|-boost|p2b: Corviknight|def|1
|
|-heal|p1b: Annihilape|100/100|[from] item: Leftovers
|upkeep
|
|t:|1756529549
|switch|p2a: Sneasler|Sneasler, L50, M|100/100
|turn|7
|inactive|sorecruiser has 30 seconds left.
|
|t:|1756529580
|move|p2a: Sneasler|Dire Claw|p1b: Annihilape
|-damage|p1b: Annihilape|80/100
|move|p1a: Gholdengo|Shadow Ball|p2b: Corviknight
|-damage|p2b: Corviknight|14/100
|move|p1b: Annihilape|Drain Punch|p2b: Corviknight
|-damage|p2b: Corviknight|0 fnt
|-heal|p1b: Annihilape|87/100|[from] drain|[of] p2b: Corviknight
|faint|p2b: Corviknight
|
|-heal|p1b: Annihilape|93/100|[from] item: Leftovers
|upkeep
|turn|8
|l|☆xx_junior_rx7_xx
|inactive|xx_junior_rx7_xx disconnected and has a minute to reconnect!
|player|p2|
|inactive|xx_junior_rx7_xx has 30 seconds left.
|inactive|xx_junior_rx7_xx has 20 seconds left.
|inactive|xx_junior_rx7_xx has 15 seconds left.
|c|☆sorecruiser|gg
|inactive|xx_junior_rx7_xx has 10 seconds left.
|inactive|xx_junior_rx7_xx has 5 seconds left.
|-message|xx_junior_rx7_xx lost due to inactivity.
|
|win|sorecruiser
|raw|sorecruiser's rating: 1040 → 1077(+37 for winning)
|raw|xx_junior_rx7_xx's rating: 1070 → 1048(-22 for losing)
