|j|☆Bruneauxx
|j|‽uahhhh
|html|Bruneauxxuahhhh    
|uhtml|bestof|Game 3 of a best-of-3
|t:|1756293496
|gametype|doubles
|player|p1|Bruneauxx|fisherman-gen4|1166
|player|p2|uahhhh|102|1190
|gen|9
|tier|[Gen 9] VGC 2025 Reg H (Bo3)
|rated|
|rule|Species Clause: Limit one of each Pokémon
|rule|Item Clause: Limit 1 of each item
|clearpoke
|poke|p1|Braviary-Hisui, L50, M|
|poke|p1|Sneasler, L50, F|
|poke|p1|Indeedee-F, L50, F|
|poke|p1|Sylveon, L50, M|
|poke|p1|Pelipper, L50, F|
|poke|p1|Archaludon, L50, F|
|poke|p2|Porygon2, L50|
|poke|p2|Pelipper, L50, M|
|poke|p2|Archaludon, L50, F|
|poke|p2|Tatsugiri, L50, F|
|poke|p2|Dondozo, L50, M|
|poke|p2|Kingambit, L50, F|
|teampreview|4
|showteam|p1|Braviary-Hisui||TwistedSpoon|TintedLens|ExpandingForce,AirSlash,EsperWing,Protect|||M|||50|,,,,,Psychic]Sneasler||PsychicSeed|Unburden|DireClaw,CloseCombat,ThroatChop,Protect|||F|||50|,,,,,Ghost]Indeedee-F||SafetyGoggles|PsychicSurge|DazzlingGleam,FollowMe,TrickRoom,HelpingHand|||F|||50|,,,,,Fairy]Sylveon||ThroatSpray|Pixilate|HyperVoice,TeraBlast,CalmMind,Protect|||M|||50|,,,,,Steel]Pelipper||FocusSash|Drizzle|Hurricane,WeatherBall,Tailwind,Protect|||F|||50|,,,,,Stellar]Archaludon||AssaultVest|Stamina|ElectroShot,Snarl,DragonPulse,BodyPress|||F|||50|,,,,,Grass
|showteam|p2|Porygon2||Eviolite|Download|TeraBlast,Recover,IceBeam,TrickRoom||||||50|,,,,,Flying]Pelipper||FocusSash|Drizzle|Hurricane,WeatherBall,Tailwind,Protect|||M|||50|,,,,,Grass]Archaludon||AssaultVest|Stamina|ElectroShot,DracoMeteor,BodyPress,FlashCannon|||F|||50|,,,,,Bug]Tatsugiri||ChoiceSpecs|Commander|MuddyWater,DracoMeteor,DragonPulse,IcyWind|||F|||50|,,,,,Steel]Dondozo||Leftovers|Unaware|WaveCrash,Earthquake,OrderUp,Protect|||M|||50|,,,,,Grass]Kingambit||SitrusBerry|Defiant|IronHead,Assurance,SuckerPunch,Protect|||F|||50|,,,,,Fire
|inactive|Battle timer is ON: inactive players will automatically lose when time's up. (requested by uahhhh)
|
|t:|1756293530
|teamsize|p1|4
|teamsize|p2|4
|start
|switch|p1a: Braviary|Braviary-Hisui, L50, M|100/100
|switch|p1b: Indeedee|Indeedee-F, L50, F|100/100
|switch|p2a: Porygon2|Porygon2, L50|100/100
|switch|p2b: Kingambit|Kingambit, L50, F|100/100
|-fieldstart|move: Psychic Terrain|[from] ability: Psychic Surge|[of] p1b: Indeedee
|-ability|p2a: Porygon2|Download|boost
|-boost|p2a: Porygon2|atk|1
|turn|1
|inactive|uahhhh has 30 seconds left.
|inactive|uahhhh has 20 seconds left.
|inactive|uahhhh has 15 seconds left.
|inactive|uahhhh has 10 seconds left.
|inactive|uahhhh has 5 seconds left.
|
|t:|1756293583
|-terastallize|p1a: Braviary|Psychic
|move|p1b: Indeedee|Helping Hand|p1a: Braviary
|-singleturn|p1a: Braviary|Helping Hand|[of] p1b: Indeedee
|move|p1a: Braviary|Expanding Force|p2a: Porygon2|[spread] p2a
|-immune|p2b: Kingambit
|-damage|p2a: Porygon2|7/100
|move|p2b: Kingambit|Assurance|p1a: Braviary
|-supereffective|p1a: Braviary
|-damage|p1a: Braviary|16/100
|move|p2a: Porygon2|Trick Room|p2a: Porygon2
|-fieldstart|move: Trick Room|[of] p2a: Porygon2
|
|upkeep
|turn|2
|inactive|uahhhh has 30 seconds left.
|
|t:|1756293610
|switch|p1a: Archaludon|Archaludon, L50, F|100/100
|move|p2a: Porygon2|Tera Blast|p1b: Indeedee
|-damage|p1b: Indeedee|68/100
|move|p2b: Kingambit|Assurance|p1b: Indeedee
|-supereffective|p1b: Indeedee
|-damage|p1b: Indeedee|0 fnt
|faint|p1b: Indeedee
|
|upkeep
|
|t:|1756293618
|switch|p1b: Braviary|Braviary-Hisui, L50, M, tera:Psychic|16/100
|turn|3
|inactive|uahhhh has 30 seconds left.
|
|t:|1756293647
|-terastallize|p2b: Kingambit|Fire
|move|p1b: Braviary|Protect|p1b: Braviary
|-singleturn|p1b: Braviary|Protect
|move|p2a: Porygon2|Recover|p2a: Porygon2
|-heal|p2a: Porygon2|57/100
|move|p2b: Kingambit|Iron Head|p1b: Braviary
|-activate|p1b: Braviary|move: Protect
|move|p1a: Archaludon|Body Press|p2a: Porygon2
|-supereffective|p2a: Porygon2
|-damage|p2a: Porygon2|27/100
|
|upkeep
|turn|4
|inactive|Bruneauxx has 30 seconds left.
|
|t:|1756293678
|switch|p1b: Sneasler|Sneasler, L50, F|100/100
|-enditem|p1b: Sneasler|Psychic Seed
|-boost|p1b: Sneasler|spd|1|[from] item: Psychic Seed
|move|p2a: Porygon2|Recover|p2a: Porygon2
|-heal|p2a: Porygon2|77/100
|move|p2b: Kingambit|Assurance|p1b: Sneasler
|-resisted|p1b: Sneasler
|-damage|p1b: Sneasler|70/100
|move|p1a: Archaludon|Body Press|p2a: Porygon2
|-supereffective|p2a: Porygon2
|-damage|p2a: Porygon2|46/100
|
|upkeep
|turn|5
|
|t:|1756293699
|move|p1b: Sneasler|Protect|p1b: Sneasler
|-singleturn|p1b: Sneasler|Protect
|move|p2a: Porygon2|Recover|p2a: Porygon2
|-heal|p2a: Porygon2|96/100
|move|p2b: Kingambit|Assurance|p1b: Sneasler
|-activate|p1b: Sneasler|move: Protect
|move|p1a: Archaludon|Body Press|p2a: Porygon2
|-supereffective|p2a: Porygon2
|-damage|p2a: Porygon2|66/100
|
|-fieldend|move: Trick Room
|-fieldend|move: Psychic Terrain
|upkeep
|turn|6
|
|t:|1756293723
|switch|p2b: Dondozo|Dondozo, L50, M|100/100
|switch|p2a: Tatsugiri|Tatsugiri, L50, F|100/100
|-activate|p2a: Tatsugiri|ability: Commander|[of] p2b: Dondozo
|-boost|p2b: Dondozo|atk|2
|-boost|p2b: Dondozo|spa|2
|-boost|p2b: Dondozo|spe|2
|-boost|p2b: Dondozo|def|2
|-boost|p2b: Dondozo|spd|2
|move|p1b: Sneasler|Close Combat|p2a: Tatsugiri|[miss]
|-miss|p1b: Sneasler|p2a: Tatsugiri
|move|p1a: Archaludon|Dragon Pulse|p2b: Dondozo
|-damage|p2b: Dondozo|78/100
|
|-heal|p2b: Dondozo|84/100|[from] item: Leftovers
|upkeep
|turn|7
|
|t:|1756293738
|move|p1b: Sneasler|Dire Claw|p2b: Dondozo
|-damage|p2b: Dondozo|68/100
|-status|p2b: Dondozo|par
|move|p1a: Archaludon|Electro Shot||[still]
|-prepare|p1a: Archaludon|Electro Shot
|-boost|p1a: Archaludon|spa|1
|cant|p2b: Dondozo|par
|
|-heal|p2b: Dondozo|74/100 par|[from] item: Leftovers
|upkeep
|turn|8
|
|t:|1756293753
|move|p2b: Dondozo|Protect|p2b: Dondozo
|-singleturn|p2b: Dondozo|Protect
|move|p1b: Sneasler|Dire Claw|p2b: Dondozo
|-activate|p2b: Dondozo|move: Protect
|move|p1a: Archaludon|Electro Shot|p2b: Dondozo|[from] lockedmove
|-activate|p2b: Dondozo|move: Protect
|
|-heal|p2b: Dondozo|80/100 par|[from] item: Leftovers
|upkeep
|turn|9
|
|t:|1756293774
|move|p1b: Sneasler|Dire Claw|p2b: Dondozo
|-damage|p2b: Dondozo|66/100 par
|move|p1a: Archaludon|Electro Shot||[still]
|-prepare|p1a: Archaludon|Electro Shot
|-boost|p1a: Archaludon|spa|1
|move|p2b: Dondozo|Earthquake|p1a: Archaludon|[spread] p1a,p1b
|-miss|p2b: Dondozo|p2a: Tatsugiri
|-supereffective|p1a: Archaludon
|-supereffective|p1b: Sneasler
|-damage|p1a: Archaludon|37/100
|-damage|p1b: Sneasler|0 fnt
|-ability|p1a: Archaludon|Stamina|boost
|-boost|p1a: Archaludon|def|1
|faint|p1b: Sneasler
|
|-heal|p2b: Dondozo|72/100 par|[from] item: Leftovers
|upkeep
|
|t:|1756293779
|switch|p1b: Braviary|Braviary-Hisui, L50, M, tera:Psychic|16/100
|turn|10
|
|t:|1756293787
|move|p2b: Dondozo|Protect|p2b: Dondozo
|-singleturn|p2b: Dondozo|Protect
|move|p1b: Braviary|Air Slash|p2b: Dondozo
|-activate|p2b: Dondozo|move: Protect
|move|p1a: Archaludon|Electro Shot|p2b: Dondozo|[from] lockedmove
|-activate|p2b: Dondozo|move: Protect
|
|-heal|p2b: Dondozo|78/100 par|[from] item: Leftovers
|upkeep
|turn|11
|
|t:|1756293790
|move|p1b: Braviary|Air Slash|p2b: Dondozo
|-damage|p2b: Dondozo|57/100 par
|move|p1a: Archaludon|Dragon Pulse|p2b: Dondozo
|-damage|p2b: Dondozo|36/100 par
|cant|p2b: Dondozo|par
|
|-heal|p2b: Dondozo|42/100 par|[from] item: Leftovers
|upkeep
|turn|12
|
|t:|1756293801
|move|p1b: Braviary|Air Slash|p2b: Dondozo
|-damage|p2b: Dondozo|21/100 par
|move|p1a: Archaludon|Dragon Pulse|p2b: Dondozo
|-damage|p2b: Dondozo|0 fnt
|faint|p2b: Dondozo
|
|upkeep
|
|t:|1756293810
|switch|p2b: Kingambit|Kingambit, L50, F, tera:Fire|100/100
|turn|13
|
|t:|1756293818
|move|p1b: Braviary|Protect|p1b: Braviary
|-singleturn|p1b: Braviary|Protect
|move|p2b: Kingambit|Sucker Punch||[still]
|-fail|p2b: Kingambit
|move|p2a: Tatsugiri|Dragon Pulse|p1a: Archaludon
|-damage|p1a: Archaludon|0 fnt
|faint|p1a: Archaludon
|
|upkeep
|turn|14
|-message|Bruneauxx forfeited.
|
|win|uahhhh
|raw|Bruneauxx's rating: 1166 → 1143(-23 for losing)
|raw|uahhhh's rating: 1190 → 1213(+23 for winning)
|l|‽uahhhh
|player|p2|
|l|☆Bruneauxx
|player|p1|
|j|☆Bruneauxx
|player|p1|Bruneauxx|fisherman-gen4|
