|j|☆ianne wildfyre
|j|☆Sores
|html|ianne wildfyreSores    
|uhtml|bestof|Game 1 of a best-of-3
|t:|1757828323
|gametype|doubles
|player|p1|ianne wildfyre|102|1185
|player|p2|Sores|veteran|1249
|gen|9
|tier|[Gen 9] VGC 2025 Reg H (Bo3)
|rated|
|rule|Species Clause: Limit one of each Pokémon
|rule|Item Clause: Limit 1 of each item
|clearpoke
|poke|p1|Reuniclus, L50, M|
|poke|p1|Tyranitar, L50, F|
|poke|p1|Indeedee-F, L50, F|
|poke|p1|Sneasler, L50, M|
|poke|p1|Ursaluna, L50, F|
|poke|p1|Primarina, L50, M|
|poke|p2|Milotic, L50, M|
|poke|p2|Pelipper, L50, M|
|poke|p2|Archaludon, L50, F|
|poke|p2|Rillaboom, L50, M|
|poke|p2|Maushold-Four, L50|
|poke|p2|Annihilape, L50, M|
|teampreview|4
|showteam|p1|Reuniclus||LifeOrb|MagicGuard|ExpandingForce,FocusBlast,TrickRoom,Protect|||M|||50|,,,,,Water]Tyranitar||AssaultVest|SandStream|RockSlide,KnockOff,TeraBlast,LowKick|||F|||50|,,,,,Flying]Indeedee-F||SafetyGoggles|PsychicSurge|Psychic,FollowMe,HelpingHand,TrickRoom|||F|||50|,,,,,Fairy]Sneasler||PsychicSeed|Unburden|ThroatChop,CloseCombat,DireClaw,Protect|||M|||50|,,,,,Dark]Ursaluna||FlameOrb|Guts|Facade,Earthquake,HeadlongRush,Protect|||F|||50|,,,,,Ghost]Primarina||ThroatSpray|LiquidVoice|HyperVoice,Moonblast,Haze,Protect|||M|||50|,,,,,Water
|showteam|p2|Milotic||MysticWater|Competitive|Scald,MuddyWater,Protect,IceBeam|||M|||50|,,,,,Water]Pelipper||FocusSash|Drizzle|Hurricane,Tailwind,HelpingHand,Protect|||M|||50|,,,,,Ghost]Archaludon||AssaultVest|Stamina|ElectroShot,BodyPress,FlashCannon,DragonPulse|||F|||50|,,,,,Bug]Rillaboom||LoadedDice|GrassySurge|FakeOut,BulletSeed,GrassyGlide,HighHorsepower|||M|||50|,,,,,Fire]Maushold-Four||SafetyGoggles|FriendGuard|FollowMe,BeatUp,Taunt,Protect||||||50|,,,,,Ghost]Annihilape||Leftovers|Defiant|RageFist,DrainPunch,BulkUp,Protect|||M|||50|,,,,,Water
|
|t:|1757828395
|teamsize|p1|4
|teamsize|p2|4
|start
|switch|p1a: Indeedee|Indeedee-F, L50, F|100/100
|switch|p1b: Primarina|Primarina, L50, M, shiny|100/100
|switch|p2a: Milotic|Milotic, L50, M|100/100
|switch|p2b: Archaludon|Archaludon, L50, F|100/100
|-fieldstart|move: Psychic Terrain|[from] ability: Psychic Surge|[of] p1a: Indeedee
|turn|1
|
|t:|1757828439
|-terastallize|p2a: Milotic|Water
|move|p2b: Archaludon|Dragon Pulse|p1a: Indeedee
|-damage|p1a: Indeedee|65/100
|move|p2a: Milotic|Scald|p1a: Indeedee
|-damage|p1a: Indeedee|2/100
|-status|p1a: Indeedee|brn
|move|p1b: Primarina|Hyper Voice|p2a: Milotic|[spread] p2a,p2b
|-resisted|p2a: Milotic
|-resisted|p2b: Archaludon
|-damage|p2a: Milotic|87/100
|-damage|p2b: Archaludon|86/100
|-ability|p2b: Archaludon|Stamina|boost
|-boost|p2b: Archaludon|def|1
|-enditem|p1b: Primarina|Throat Spray
|-boost|p1b: Primarina|spa|1|[from] item: Throat Spray
|move|p1a: Indeedee|Trick Room|p1a: Indeedee
|-fieldstart|move: Trick Room|[of] p1a: Indeedee
|
|-damage|p1a: Indeedee|0 fnt|[from] brn
|faint|p1a: Indeedee
|upkeep
|
|t:|1757828450
|switch|p1a: Ursaluna|Ursaluna, L50, F|100/100
|turn|2
|
|t:|1757828467
|switch|p2a: Pelipper|Pelipper, L50, M|100/100
|-weather|RainDance|[from] ability: Drizzle|[of] p2a: Pelipper
|-terastallize|p1a: Ursaluna|Ghost
|move|p1a: Ursaluna|Headlong Rush|p2b: Archaludon
|-supereffective|p2b: Archaludon
|-damage|p2b: Archaludon|4/100
|-unboost|p1a: Ursaluna|def|1
|-unboost|p1a: Ursaluna|spd|1
|-ability|p2b: Archaludon|Stamina|boost
|-boost|p2b: Archaludon|def|1
|move|p1b: Primarina|Moonblast|p2b: Archaludon
|-damage|p2b: Archaludon|0 fnt
|faint|p2b: Archaludon
|
|-weather|RainDance|[upkeep]
|-status|p1a: Ursaluna|brn|[from] item: Flame Orb
|upkeep
|
|t:|1757828483
|switch|p2b: Rillaboom|Rillaboom, L50, M|100/100
|-fieldstart|move: Grassy Terrain|[from] ability: Grassy Surge|[of] p2b: Rillaboom
|turn|3
|
|t:|1757828527
|move|p2b: Rillaboom|Grassy Glide|p1b: Primarina
|-supereffective|p1b: Primarina
|-damage|p1b: Primarina|20/100
|move|p1a: Ursaluna|Facade|p2b: Rillaboom
|-damage|p2b: Rillaboom|0 fnt
|faint|p2b: Rillaboom
|move|p1b: Primarina|Hyper Voice|p2a: Pelipper
|-resisted|p2a: Pelipper
|-damage|p2a: Pelipper|1/100
|move|p2a: Pelipper|Hurricane|p1a: Ursaluna
|-damage|p1a: Ursaluna|37/100 brn
|
|-weather|RainDance|[upkeep]
|-heal|p1a: Ursaluna|43/100 brn|[from] Grassy Terrain
|-heal|p1b: Primarina|26/100|[from] Grassy Terrain
|-damage|p1a: Ursaluna|37/100 brn|[from] brn
|upkeep
|
|t:|1757828541
|switch|p2b: Milotic|Milotic, L50, M, tera:Water|87/100
|turn|4
|
|t:|1757828550
|move|p2b: Milotic|Protect|p2b: Milotic
|-singleturn|p2b: Milotic|Protect
|move|p2a: Pelipper|Protect|p2a: Pelipper
|-singleturn|p2a: Pelipper|Protect
|move|p1a: Ursaluna|Facade|p2b: Milotic
|-activate|p2b: Milotic|move: Protect
|move|p1b: Primarina|Hyper Voice|p2b: Milotic|[spread] 
|-activate|p2a: Pelipper|move: Protect
|-activate|p2b: Milotic|move: Protect
|
|-weather|RainDance|[upkeep]
|-heal|p1a: Ursaluna|43/100 brn|[from] Grassy Terrain
|-heal|p1b: Primarina|32/100|[from] Grassy Terrain
|-heal|p2b: Milotic|92/100|[from] Grassy Terrain
|-damage|p1a: Ursaluna|37/100 brn|[from] brn
|upkeep
|turn|5
|
|t:|1757828555
|move|p2b: Milotic|Protect|p2b: Milotic
|-singleturn|p2b: Milotic|Protect
|move|p2a: Pelipper|Protect|p2a: Pelipper
|-singleturn|p2a: Pelipper|Protect
|move|p1a: Ursaluna|Facade|p2b: Milotic
|-activate|p2b: Milotic|move: Protect
|move|p1b: Primarina|Hyper Voice|p2b: Milotic|[spread] 
|-activate|p2a: Pelipper|move: Protect
|-activate|p2b: Milotic|move: Protect
|
|-weather|RainDance|[upkeep]
|-heal|p1a: Ursaluna|43/100 brn|[from] Grassy Terrain
|-heal|p1b: Primarina|38/100|[from] Grassy Terrain
|-heal|p2b: Milotic|98/100|[from] Grassy Terrain
|-damage|p1a: Ursaluna|37/100 brn|[from] brn
|-fieldend|move: Trick Room
|upkeep
|turn|6
|
|t:|1757828566
|switch|p1a: Tyranitar|Tyranitar, L50, F|100/100
|-weather|Sandstorm|[from] ability: Sand Stream|[of] p1a: Tyranitar
|move|p2a: Pelipper|Hurricane|p1b: Primarina|[miss]
|-miss|p2a: Pelipper|p1b: Primarina
|move|p2b: Milotic|Muddy Water|p1b: Primarina|[spread] p1a,p1b
|-supereffective|p1a: Tyranitar
|-resisted|p1b: Primarina
|-damage|p1a: Tyranitar|54/100
|-damage|p1b: Primarina|15/100
|move|p1b: Primarina|Hyper Voice|p2b: Milotic|[spread] p2a,p2b
|-resisted|p2a: Pelipper
|-resisted|p2b: Milotic
|-damage|p2a: Pelipper|0 fnt
|-damage|p2b: Milotic|78/100
|faint|p2a: Pelipper
|
|-weather|Sandstorm|[upkeep]
|-damage|p2b: Milotic|72/100|[from] Sandstorm
|-damage|p1b: Primarina|9/100|[from] Sandstorm
|-heal|p2b: Milotic|78/100|[from] Grassy Terrain
|-heal|p1a: Tyranitar|60/100|[from] Grassy Terrain
|-heal|p1b: Primarina|15/100|[from] Grassy Terrain
|upkeep
|turn|7
|
|t:|1757828592
|move|p2b: Milotic|Muddy Water|p1b: Primarina|[spread] p1a,p1b
|-supereffective|p1a: Tyranitar
|-resisted|p1b: Primarina
|-crit|p1b: Primarina
|-damage|p1a: Tyranitar|20/100
|-damage|p1b: Primarina|0 fnt
|faint|p1b: Primarina
|move|p1a: Tyranitar|Knock Off|p2b: Milotic
|-damage|p2b: Milotic|12/100
|-enditem|p2b: Milotic|Mystic Water|[from] move: Knock Off|[of] p1a: Tyranitar
|
|-weather|Sandstorm|[upkeep]
|-damage|p2b: Milotic|6/100|[from] Sandstorm
|-heal|p2b: Milotic|12/100|[from] Grassy Terrain
|-heal|p1a: Tyranitar|26/100|[from] Grassy Terrain
|-fieldend|move: Grassy Terrain
|upkeep
|
|t:|1757828601
|switch|p1b: Ursaluna|Ursaluna, L50, F, tera:Ghost|37/100 brn
|turn|8
|
|t:|1757828609
|move|p2b: Milotic|Protect|p2b: Milotic
|-singleturn|p2b: Milotic|Protect
|move|p1a: Tyranitar|Knock Off|p2b: Milotic
|-activate|p2b: Milotic|move: Protect
|move|p1b: Ursaluna|Facade|p2b: Milotic
|-activate|p2b: Milotic|move: Protect
|
|-weather|Sandstorm|[upkeep]
|-damage|p2b: Milotic|6/100|[from] Sandstorm
|-damage|p1b: Ursaluna|31/100 brn|[from] Sandstorm
|-damage|p1b: Ursaluna|25/100 brn|[from] brn
|upkeep
|turn|9
|
|t:|1757828620
|move|p1b: Ursaluna|Protect|p1b: Ursaluna
|-singleturn|p1b: Ursaluna|Protect
|move|p2b: Milotic|Muddy Water|p1b: Ursaluna|[spread] p1a
|-activate|p1b: Ursaluna|move: Protect
|-supereffective|p1a: Tyranitar
|-damage|p1a: Tyranitar|0 fnt
|faint|p1a: Tyranitar
|
|-weather|Sandstorm|[upkeep]
|-damage|p2b: Milotic|0 fnt|[from] Sandstorm
|-damage|p1b: Ursaluna|19/100 brn|[from] Sandstorm
|faint|p2b: Milotic
|
|win|ianne wildfyre
||Sores is ready for game 2.
|inactive|ianne wildfyre has 30 seconds to confirm battle start!
||ianne wildfyre is ready for game 2.
|uhtml|next|Next: Game 2 of 3
