|j|☆EchoShadowYT
|j|☆lalalaing
|html|EchoShadowYTlalalaing    
|uhtml|bestof|Game 1 of a best-of-3
|t:|1786052473
|gametype|doubles
|player|p1|EchoShadowYT|skierf|1313
|player|p2|lalalaing|birdkeeper|1326
|gen|9
|tier|[Gen 9 Champions] VGC 2026 Reg M-B (Bo3)
|rated|
|rule|Species Clause: Limit one of each Pokémon
|rule|Item Clause: Limit 1 of each item
|clearpoke
|poke|p1|Floette-Eternal, L50, F|
|poke|p1|Maushold, L50|
|poke|p1|Garchomp, L50, F|
|poke|p1|Talonflame, L50, M|
|poke|p1|Raichu, L50, M|
|poke|p1|Kingambit, L50, F|
|poke|p2|Gengar, L50, M|
|poke|p2|Swampert, L50, F|
|poke|p2|Kommo-o, L50, M|
|poke|p2|Politoed, L50, M|
|poke|p2|Vivillon-Marine, L50, F|
|poke|p2|Incineroar, L50, M|
|teampreview|4
|showteam|p1|Floette-Eternal||Floettite|FlowerVeil|DazzlingGleam,Moonblast,LightofRuin,Protect|Timid||F|||50|]Maushold||WideLens|Technician|PopulationBomb,FollowMe,Feint,Protect|Jolly|||||50|]Garchomp||SitrusBerry|RoughSkin|DragonClaw,Earthquake,RockSlide,Protect|Adamant||F|||50|]Talonflame||Charcoal|GaleWings|Tailwind,QuickGuard,Overheat,Protect|Timid||M|||50|]Raichu||RaichuniteY|LightningRod|ZapCannon,FocusBlast,FakeOut,Protect|Timid||M|||50|]Kingambit||FocusSash|Defiant|KowtowCleave,SuckerPunch,IronHead,Protect|Adamant||F|||50|
|showteam|p2|Gengar||Gengarite|CursedBody|ShadowBall,PerishSong,Disable,Protect|Modest||M|||50|]Swampert||Swampertite|Torrent|WaveCrash,Earthquake,IcePunch,Protect|Adamant||F|||50|]Kommo-o||Leftovers|Soundproof|ClangingScales,AuraSphere,ClangorousSoul,Protect|Modest||M|||50|]Politoed||SitrusBerry|Drizzle|WeatherBall,Encore,PerishSong,Protect|Calm||M|||50|]Vivillon-Marine||FocusSash|CompoundEyes|Hurricane,SleepPowder,RagePowder,Protect|Timid||F|||50|]Incineroar||ChopleBerry|Intimidate|ThroatChop,FakeOut,PartingShot,Protect|Impish||M|||50|
|inactive|Battle timer is ON: inactive players will automatically lose when time's up. (requested by EchoShadowYT)
|inactive|EchoShadowYT has 60 seconds left.
|inactive|lalalaing has 60 seconds left.
|
|t:|1786052527
|teamsize|p1|4
|teamsize|p2|4
|start
|switch|p1a: Maushold|Maushold, L50|100/100
|switch|p1b: Talonflame|Talonflame, L50, M|100/100
|switch|p2a: Gengar|Gengar, L50, M|100/100
|switch|p2b: Vivillon|Vivillon-Marine, L50, F|100/100
|turn|1
|
|t:|1786052548
|detailschange|p2a: Gengar|Gengar-Mega, L50, M
|-mega|p2a: Gengar|Gengar|Gengarite
|move|p2b: Vivillon|Protect|p2b: Vivillon
|-singleturn|p2b: Vivillon|Protect
|move|p1b: Talonflame|Tailwind|p1b: Talonflame
|-sidestart|p1: EchoShadowYT|move: Tailwind
|move|p1a: Maushold|Population Bomb|p2b: Vivillon
|-activate|p2b: Vivillon|move: Protect
|move|p2a: Gengar|Disable|p1a: Maushold
|-start|p1a: Maushold|Disable|Population Bomb
|
|upkeep
|turn|2
|inactive|EchoShadowYT has 30 seconds left.
|inactive|lalalaing has 30 seconds left.
|
|t:|1786052577
|switch|p2b: Politoed|Politoed, L50, M|100/100
|-weather|RainDance|[from] ability: Drizzle|[of] p2b: Politoed
|move|p1a: Maushold|Feint|p2b: Politoed
|-damage|p2b: Politoed|84/100
|move|p1b: Talonflame|Overheat|p2b: Politoed
|-resisted|p2b: Politoed|1
|-damage|p2b: Politoed|75/100
|-unboost|p1b: Talonflame|spa|2
|move|p2a: Gengar|Shadow Ball|p1b: Talonflame
|-damage|p1b: Talonflame|13/100
|
|-weather|RainDance|[upkeep]
|upkeep
|turn|3
|
|t:|1786052600
|move|p1b: Talonflame|Quick Guard|p1b: Talonflame
|-singleturn|p1b: Talonflame|Quick Guard
|move|p1a: Maushold|Feint|p2b: Politoed
|-damage|p2b: Politoed|58/100
|move|p2a: Gengar|Shadow Ball|p1b: Talonflame
|-damage|p1b: Talonflame|0 fnt
|faint|p1b: Talonflame
|move|p2b: Politoed|Encore|p1a: Maushold
|-start|p1a: Maushold|Encore
|
|-weather|RainDance|[upkeep]
|upkeep
|
|t:|1786052617
|switch|p1b: Raichu|Raichu, L50, M|100/100
|turn|4
|inactive|lalalaing has 30 seconds left.
|
|t:|1786052647
|detailschange|p1b: Raichu|Raichu-Mega-Y, L50, M
|-mega|p1b: Raichu|Raichu|Raichunite Y
|move|p2a: Gengar|Protect|p2a: Gengar
|-singleturn|p2a: Gengar|Protect
|move|p2b: Politoed|Protect|p2b: Politoed
|-singleturn|p2b: Politoed|Protect
|move|p1a: Maushold|Feint|p2b: Politoed
|-activate|p2b: Politoed|move: Feint
|-crit|p2b: Politoed
|-damage|p2b: Politoed|35/100
|-enditem|p2b: Politoed|Sitrus Berry|[eat]
|-heal|p2b: Politoed|60/100|[from] item: Sitrus Berry
|move|p1b: Raichu|Zap Cannon|p2b: Politoed
|-supereffective|p2b: Politoed|1
|-damage|p2b: Politoed|0 fnt
|faint|p2b: Politoed
|
|-weather|RainDance|[upkeep]
|-sideend|p1: EchoShadowYT|move: Tailwind
|upkeep
|
|t:|1786052654
|switch|p2b: Kommo-o|Kommo-o, L50, M|100/100
|turn|5
|
|t:|1786052676
|move|p1a: Maushold|Feint|p2b: Kommo-o
|-crit|p2b: Kommo-o
|-damage|p2b: Kommo-o|76/100
|move|p1b: Raichu|Zap Cannon|p2a: Gengar
|-crit|p2a: Gengar
|-damage|p2a: Gengar|0 fnt
|faint|p2a: Gengar
|move|p2b: Kommo-o|Clangorous Soul|p2b: Kommo-o
|-boost|p2b: Kommo-o|atk|1
|-boost|p2b: Kommo-o|def|1
|-boost|p2b: Kommo-o|spa|1
|-boost|p2b: Kommo-o|spd|1
|-boost|p2b: Kommo-o|spe|1
|-damage|p2b: Kommo-o|44/100
|
|-weather|RainDance|[upkeep]
|-heal|p2b: Kommo-o|50/100g|[from] item: Leftovers
|-end|p1a: Maushold|Disable
|upkeep
|
|t:|1786052680
|switch|p2a: Vivillon|Vivillon-Marine, L50, F|100/100
|turn|6
|
|t:|1786052698
|move|p1a: Maushold|Feint|p2a: Vivillon
|-damage|p2a: Vivillon|69/100
|move|p2b: Kommo-o|Aura Sphere|p1a: Maushold
|-supereffective|p1a: Maushold|1
|-damage|p1a: Maushold|0 fnt
|faint|p1a: Maushold
|move|p1b: Raichu|Zap Cannon|p2b: Kommo-o
|-resisted|p2b: Kommo-o|1
|-damage|p2b: Kommo-o|28/100
|-status|p2b: Kommo-o|par
|move|p2a: Vivillon|Sleep Powder|p1b: Raichu
|-status|p1b: Raichu|slp|[from] move: Sleep Powder
|
|-weather|none
|-heal|p2b: Kommo-o|35/100 par|[from] item: Leftovers
|upkeep
|
|t:|1786052711
|switch|p1a: Garchomp|Garchomp, L50, F|100/100
|turn|7
|
|t:|1786052725
|cant|p1b: Raichu|slp
|move|p2a: Vivillon|Sleep Powder|p1a: Garchomp
|-status|p1a: Garchomp|slp|[from] move: Sleep Powder
|cant|p1a: Garchomp|slp
|move|p2b: Kommo-o|Clanging Scales|p1b: Raichu|[spread] p1a,p1b
|-supereffective|p1a: Garchomp|1
|-damage|p1a: Garchomp|0 fnt
|-damage|p1b: Raichu|29/100 slp
|faint|p1a: Garchomp
|-unboost|p2b: Kommo-o|def|1
|
|-heal|p2b: Kommo-o|41/100 par|[from] item: Leftovers
|upkeep
|turn|8
|
|t:|1786052737
|move|p2a: Vivillon|Rage Powder|p2a: Vivillon
|-singleturn|p2a: Vivillon|move: Rage Powder
|cant|p1b: Raichu|slp
|move|p2b: Kommo-o|Clanging Scales|p1b: Raichu
|-crit|p1b: Raichu
|-damage|p1b: Raichu|0 fnt
|faint|p1b: Raichu
|
|win|lalalaing
||lalalaing is ready for game 2.
||EchoShadowYT is ready for game 2.
|uhtml|next|Next: Game 2 of 3
|l|☆lalalaing
|player|p2|
