|j|☆kickercasillas
|j|☆wittraid
|html|kickercasillaswittraid    
|uhtml|bestof|Game 3 of a best-of-3
|t:|1783407827
|gametype|doubles
|player|p1|kickercasillas|lillie-z|1230
|player|p2|wittraid|101|1310
|gen|9
|tier|[Gen 9 Champions] VGC 2026 Reg M-B (Bo3)
|rated|
|rule|Species Clause: Limit one of each Pokémon
|rule|Item Clause: Limit 1 of each item
|clearpoke
|poke|p1|Mimikyu, L50, M, shiny|
|poke|p1|Lycanroc-Dusk, L50, F, shiny|
|poke|p1|Hydreigon, L50, M|
|poke|p1|Talonflame, L50, M, shiny|
|poke|p1|Venusaur, L50, F, shiny|
|poke|p1|Metagross, L50, shiny|
|poke|p2|Sinistcha, L50|
|poke|p2|Pelipper, L50, F|
|poke|p2|Archaludon, L50, F|
|poke|p2|Sableye, L50, F|
|poke|p2|Swampert, L50, M|
|poke|p2|Kingambit, L50, M|
|teampreview|4
|showteam|p1|Mimikyu||Leftovers|Disguise|Taunt,WillOWisp,PlayRough,ShadowSneak|Adamant||M|||50|]Lycanroc-Dusk||FocusSash|ToughClaws|RockSlide,Accelerock,CloseCombat,Protect|Adamant||F|||50|]Hydreigon||LifeOrb|Levitate|Protect,EarthPower,DracoMeteor,DarkPulse|Modest||M|||50|]Talonflame||Charcoal|GaleWings|Overheat,Taunt,UpperHand,Tailwind|Timid||M|||50|]Venusaur||Venusaurite|Chlorophyll|GigaDrain,SludgeBomb,EarthPower,Protect|Modest||F|||50|]Metagross||Metagrossite|ClearBody|Protect,PsychicFangs,IronHead,IcePunch|Jolly|||||50|
|showteam|p2|Sinistcha||SitrusBerry|Hospitality|RagePowder,TrickRoom,LifeDew,MatchaGotcha|Calm|||||50|]Pelipper||FocusSash|Drizzle|Hurricane,WeatherBall,Tailwind,Protect|Modest||F|||50|]Archaludon||Leftovers|Stamina|ElectroShot,Snarl,DragonPulse,Protect|Bold||F|||50|]Sableye||LightClay|Prankster|Reflect,LightScreen,RainDance,ThunderWave|Bold||F|||50|]Swampert||Swampertite|Damp|WaveCrash,HighHorsepower,IcePunch,Protect|Adamant||M|||50|]Kingambit||ExpertBelt|Defiant|IronHead,KowtowCleave,SuckerPunch,Protect|Adamant||M|||50|
|inactive|Battle timer is ON: inactive players will automatically lose when time's up. (requested by wittraid)
|
|t:|1783407851
|teamsize|p1|4
|teamsize|p2|4
|start
|switch|p1a: Talonflame|Talonflame, L50, M, shiny|100/100
|switch|p1b: Lycanroc|Lycanroc-Dusk, L50, F, shiny|100/100
|switch|p2a: Pelipper|Pelipper, L50, F|100/100
|switch|p2b: Archaludon|Archaludon, L50, F|100/100
|-weather|RainDance|[from] ability: Drizzle|[of] p2a: Pelipper
|turn|1
|inactive|kickercasillas has 30 seconds left.
|inactive|wittraid has 30 seconds left.
|
|t:|1783407883
|move|p1b: Lycanroc|Accelerock|p2a: Pelipper
|-supereffective|p2a: Pelipper|1
|-damage|p2a: Pelipper|36/100
|move|p1a: Talonflame|Overheat|p2a: Pelipper
|-resisted|p2a: Pelipper|1
|-damage|p2a: Pelipper|18/100
|-unboost|p1a: Talonflame|spa|2
|move|p2b: Archaludon|Electro Shot||[still]
|-prepare|p2b: Archaludon|Electro Shot
|-boost|p2b: Archaludon|spa|1
|-anim|p2b: Archaludon|Electro Shot|p1a: Talonflame
|-supereffective|p1a: Talonflame|1
|-damage|p1a: Talonflame|0 fnt
|faint|p1a: Talonflame
|move|p2a: Pelipper|Weather Ball|p1b: Lycanroc
|-supereffective|p1b: Lycanroc|1
|-enditem|p1b: Lycanroc|Focus Sash
|-damage|p1b: Lycanroc|1/100
|
|-weather|RainDance|[upkeep]
|upkeep
|
|t:|1783407889
|switch|p1a: Hydreigon|Hydreigon, L50, M|100/100
|turn|2
|inactive|wittraid has 30 seconds left.
|inactive|wittraid has 20 seconds left.
|inactive|wittraid has 15 seconds left.
|
|t:|1783407931
|switch|p2a: Kingambit|Kingambit, L50, M|100/100
|move|p2b: Archaludon|Protect|p2b: Archaludon
|-singleturn|p2b: Archaludon|Protect
|move|p1b: Lycanroc|Close Combat|p2b: Archaludon
|-activate|p2b: Archaludon|move: Protect
|move|p1a: Hydreigon|Earth Power|p2b: Archaludon
|-activate|p2b: Archaludon|move: Protect
|
|-weather|RainDance|[upkeep]
|upkeep
|turn|3
|inactive|wittraid has 30 seconds left.
|inactive|kickercasillas has 30 seconds left.
|
|t:|1783407962
|switch|p2b: Sinistcha|Sinistcha, L50|100/100
|move|p1b: Lycanroc|Accelerock|p2b: Sinistcha
|-damage|p2b: Sinistcha|76/100
|move|p2a: Kingambit|Sucker Punch||[still]
|-fail|p2a: Kingambit
|move|p1a: Hydreigon|Draco Meteor|p2b: Sinistcha
|-damage|p2b: Sinistcha|0 fnt
|-unboost|p1a: Hydreigon|spa|2
|faint|p2b: Sinistcha
|-damage|p1a: Hydreigon|90/100|[from] item: Life Orb
|
|-weather|RainDance|[upkeep]
|upkeep
|
|t:|1783407975
|switch|p2b: Archaludon|Archaludon, L50, F|100/100
|turn|4
|
|t:|1783407999
|switch|p1a: Venusaur|Venusaur, L50, F, shiny|100/100
|move|p1b: Lycanroc|Protect|p1b: Lycanroc
|-singleturn|p1b: Lycanroc|Protect
|move|p2b: Archaludon|Snarl|p1b: Lycanroc|[spread] p1a
|-activate|p1b: Lycanroc|move: Protect
|-damage|p1a: Venusaur|88/100
|-unboost|p1a: Venusaur|spa|1
|move|p2a: Kingambit|Iron Head|p1a: Venusaur
|-damage|p1a: Venusaur|43/100
|
|-weather|RainDance|[upkeep]
|upkeep
|turn|5
|inactive|wittraid has 30 seconds left.
|inactive|kickercasillas has 30 seconds left.
|inactive|wittraid has 20 seconds left.
|inactive|wittraid has 15 seconds left.
|inactive|wittraid has 10 seconds left.
|
|t:|1783408049
|detailschange|p1a: Venusaur|Venusaur-Mega, L50, F, shiny
|-mega|p1a: Venusaur|Venusaur|Venusaurite
|move|p1a: Venusaur|Protect|p1a: Venusaur
|-singleturn|p1a: Venusaur|Protect
|move|p2a: Kingambit|Sucker Punch|p1b: Lycanroc
|-damage|p1b: Lycanroc|0 fnt
|faint|p1b: Lycanroc
|move|p2b: Archaludon|Dragon Pulse|p1a: Venusaur
|-activate|p1a: Venusaur|move: Protect
|
|-weather|none
|upkeep
|
|t:|1783408054
|switch|p1b: Hydreigon|Hydreigon, L50, M|90/100
|turn|6
|inactive|wittraid has 30 seconds left.
|
|t:|1783408082
|move|p2b: Archaludon|Protect|p2b: Archaludon
|-singleturn|p2b: Archaludon|Protect
|move|p2a: Kingambit|Sucker Punch|p1a: Venusaur
|-damage|p1a: Venusaur|13/100
|move|p1b: Hydreigon|Dark Pulse|p2a: Kingambit
|-resisted|p2a: Kingambit|1
|-damage|p2a: Kingambit|73/100
|-damage|p1b: Hydreigon|81/100|[from] item: Life Orb
|move|p1a: Venusaur|Giga Drain|p2a: Kingambit
|-resisted|p2a: Kingambit|1
|-damage|p2a: Kingambit|63/100
|-heal|p1a: Venusaur|19/100|[from] drain|[of] p2a: Kingambit
|
|upkeep
|turn|7
|
|t:|1783408102
|move|p1a: Venusaur|Protect|p1a: Venusaur
|-singleturn|p1a: Venusaur|Protect
|move|p2a: Kingambit|Sucker Punch||[still]
|-fail|p2a: Kingambit
|move|p1b: Hydreigon|Earth Power|p2a: Kingambit
|-supereffective|p2a: Kingambit|1
|-damage|p2a: Kingambit|0 fnt
|faint|p2a: Kingambit
|-damage|p1b: Hydreigon|71/100|[from] item: Life Orb
|move|p2b: Archaludon|Dragon Pulse|p1b: Hydreigon
|-supereffective|p1b: Hydreigon|1
|-crit|p1b: Hydreigon
|-damage|p1b: Hydreigon|0 fnt
|faint|p1b: Hydreigon
|
|upkeep
|-message|kickercasillas forfeited.
|
|win|wittraid
|raw|kickercasillas's rating: 1230 → 1211(-19 for losing)
|raw|wittraid's rating: 1310 → 1325(+15 for winning)
|l|☆kickercasillas
|player|p1|
