|j|☆FreemanGordon
|j|☆AJojoFamilyMember
|html|FreemanGordonAJojoFamilyMember    
|uhtml|bestof|Game 2 of a best-of-3
|t:|1785424989
|gametype|doubles
|player|p1|FreemanGordon|2|1261
|player|p2|AJojoFamilyMember|cynthia|1161
|gen|9
|tier|[Gen 9 Champions] VGC 2026 Reg M-B (Bo3)
|rated|
|rule|Species Clause: Limit one of each Pokémon
|rule|Item Clause: Limit 1 of each item
|clearpoke
|poke|p1|Metagross, L50|
|poke|p1|Tyranitar, L50, F|
|poke|p1|Excadrill, L50, F|
|poke|p1|Milotic, L50, F|
|poke|p1|Sinistcha, L50|
|poke|p1|Decidueye-Hisui, L50, M|
|poke|p2|Maushold-Four, L50|
|poke|p2|Sinistcha-Masterpiece, L50|
|poke|p2|Incineroar, L50, F|
|poke|p2|Delphox, L50, F|
|poke|p2|Mamoswine, L50, M|
|poke|p2|Eelektross, L50, M|
|teampreview|4
|showteam|p1|Metagross||Metagrossite|ClearBody|BodyPress,PsychicFangs,IronHead,Protect|Jolly|||||50|]Tyranitar||Tyranitarite|SandStream|Protect,DragonDance,RockSlide,KnockOff|Jolly||F|||50|]Excadrill||FocusSash|SandRush|Protect,HighHorsepower,IronHead,RockSlide|Adamant||F|||50|]Milotic||SitrusBerry|Competitive|Protect,Scald,Haze,IceBeam|Modest||F|||50|]Sinistcha||CobaBerry|Hospitality|Protect,ShadowBall,RagePowder,MatchaGotcha|Modest|||||50|]Decidueye-Hisui||ScopeLens|Scrappy|Protect,TripleArrows,LeafBlade,SuckerPunch|Adamant||M|||50|
|showteam|p2|Maushold-Four||ChopleBerry|FriendGuard|SuperFang,Taunt,FollowMe,Protect|Jolly|||||50|]Sinistcha-Masterpiece||SitrusBerry|Hospitality|MatchaGotcha,Imprison,TrickRoom,RagePowder|Bold|||||50|]Incineroar||PasshoBerry|Intimidate|FakeOut,FlareBlitz,DarkestLariat,PartingShot|Careful||F|||50|]Delphox||Delphoxite|Blaze|NastyPlot,HeatWave,Psyshock,Protect|Timid||F|||50|]Mamoswine||FocusSash|Oblivious|IceShard,IcicleCrash,Earthquake,Protect|Adamant||M|||50|]Eelektross||Eelektrossite|Levitate|Thunderbolt,Flamethrower,GrassKnot,Protect|Modest||M|||50|
|inactive|Battle timer is ON: inactive players will automatically lose when time's up. (requested by FreemanGordon)
|inactive|AJojoFamilyMember has 60 seconds left.
|
|t:|1785425052
|teamsize|p1|4
|teamsize|p2|4
|start
|switch|p1a: Tyranitar|Tyranitar, L50, F|100/100
|switch|p1b: Excadrill|Excadrill, L50, F|100/100
|switch|p2a: Mamoswine|Mamoswine, L50, M|100/100
|switch|p2b: Eelektross|Eelektross, L50, M|100/100
|-weather|Sandstorm|[from] ability: Sand Stream|[of] p1a: Tyranitar
|turn|1
|inactive|AJojoFamilyMember has 30 seconds left.
|inactive|AJojoFamilyMember has 20 seconds left.
|inactive|AJojoFamilyMember has 15 seconds left.
|inactive|AJojoFamilyMember has 10 seconds left.
|inactive|AJojoFamilyMember has 5 seconds left.
|
|t:|1785425103
|detailschange|p1a: Tyranitar|Tyranitar-Mega, L50, F
|-mega|p1a: Tyranitar|Tyranitar|Tyranitarite
|detailschange|p2b: Eelektross|Eelektross-Mega, L50, M
|-mega|p2b: Eelektross|Eelektross|Eelektrossite
|move|p2a: Mamoswine|Protect|p2a: Mamoswine
|-singleturn|p2a: Mamoswine|Protect
|move|p1b: Excadrill|Rock Slide|p2b: Eelektross|[spread] p2b
|-activate|p2a: Mamoswine|move: Protect
|-crit|p2b: Eelektross
|-damage|p2b: Eelektross|60/100
|move|p1a: Tyranitar|Rock Slide|p2a: Mamoswine|[spread] p2b
|-activate|p2a: Mamoswine|move: Protect
|-damage|p2b: Eelektross|20/100y
|cant|p2b: Eelektross|flinch
|
|-weather|Sandstorm|[upkeep]
|-damage|p2b: Eelektross|14/100|[from] Sandstorm
|upkeep
|turn|2
|inactive|AJojoFamilyMember has 30 seconds left.
|
|t:|1785425133
|move|p1b: Excadrill|High Horsepower|p2a: Mamoswine
|-damage|p2a: Mamoswine|35/100
|move|p1a: Tyranitar|Rock Slide|p2b: Eelektross|[spread] p2b
|-miss|p1a: Tyranitar|p2a: Mamoswine
|-damage|p2b: Eelektross|0 fnt
|faint|p2b: Eelektross
|move|p2a: Mamoswine|Earthquake|p1a: Tyranitar|[spread] p1a,p1b
|-supereffective|p1a: Tyranitar|1
|-supereffective|p1b: Excadrill|1
|-damage|p1a: Tyranitar|32/100
|-enditem|p1b: Excadrill|Focus Sash
|-damage|p1b: Excadrill|1/100
|
|-weather|Sandstorm|[upkeep]
|upkeep
|
|t:|1785425142
|switch|p2b: Incineroar|Incineroar, L50, F|100/100
|-ability|p2b: Incineroar|Intimidate|boost
|-unboost|p1a: Tyranitar|atk|1
|-unboost|p1b: Excadrill|atk|1
|turn|3
|
|t:|1785425161
|switch|p1a: Sinistcha|Sinistcha, L50|100/100
|-heal|p1b: Excadrill|25/100|[from] ability: Hospitality|[of] p1a: Sinistcha
|move|p2b: Incineroar|Fake Out|p1a: Sinistcha
|-immune|p1a: Sinistcha
|move|p2a: Mamoswine|Ice Shard|p1b: Excadrill
|-damage|p1b: Excadrill|0 fnt
|faint|p1b: Excadrill
|
|-weather|Sandstorm|[upkeep]
|-damage|p1a: Sinistcha|94/100|[from] Sandstorm
|-damage|p2b: Incineroar|94/100|[from] Sandstorm
|upkeep
|
|t:|1785425173
|switch|p1b: Tyranitar|Tyranitar-Mega, L50, F|32/100
|turn|4
|
|t:|1785425196
|switch|p1a: Decidueye|Decidueye-Hisui, L50, M|100/100
|switch|p2b: Sinistcha|Sinistcha-Masterpiece, L50|100/100
|-heal|p2a: Mamoswine|60/100|[from] ability: Hospitality|[of] p2b: Sinistcha
|move|p2a: Mamoswine|Ice Shard|p1a: Decidueye
|-supereffective|p1a: Decidueye|1
|-damage|p1a: Decidueye|50/100g
|move|p1b: Tyranitar|Rock Slide|p2a: Mamoswine|[spread] p2a,p2b
|-damage|p2a: Mamoswine|20/100y
|-damage|p2b: Sinistcha|71/100
|
|-weather|Sandstorm|[upkeep]
|-damage|p2b: Sinistcha|65/100|[from] Sandstorm
|-damage|p1a: Decidueye|44/100|[from] Sandstorm
|upkeep
|turn|5
|inactive|AJojoFamilyMember has 30 seconds left.
|
|t:|1785425221
|switch|p1a: Sinistcha|Sinistcha, L50|94/100
|-heal|p1b: Tyranitar|57/100|[from] ability: Hospitality|[of] p1a: Sinistcha
|move|p2a: Mamoswine|Protect|p2a: Mamoswine
|-singleturn|p2a: Mamoswine|Protect
|move|p1b: Tyranitar|Rock Slide|p2a: Mamoswine|[spread] p2b
|-activate|p2a: Mamoswine|move: Protect
|-damage|p2b: Sinistcha|34/100
|-enditem|p2b: Sinistcha|Sitrus Berry|[eat]
|-heal|p2b: Sinistcha|58/100|[from] item: Sitrus Berry
|move|p2b: Sinistcha|Matcha Gotcha|p1b: Tyranitar|[spread] p1a,p1b
|-resisted|p1a: Sinistcha|1
|-crit|p1a: Sinistcha
|-supereffective|p1b: Tyranitar|1
|-damage|p1a: Sinistcha|70/100
|-heal|p2b: Sinistcha|70/100|[from] drain|[of] p1a: Sinistcha
|-damage|p1b: Tyranitar|28/100
|-heal|p2b: Sinistcha|84/100|[from] drain|[of] p1b: Tyranitar
|
|-weather|none
|upkeep
|turn|6
|inactive|FreemanGordon has 30 seconds left.
|inactive|AJojoFamilyMember has 30 seconds left.
|inactive|AJojoFamilyMember has 20 seconds left.
|
|t:|1785425258
|move|p1a: Sinistcha|Protect|p1a: Sinistcha
|-singleturn|p1a: Sinistcha|Protect
|move|p2a: Mamoswine|Ice Shard|p1a: Sinistcha
|-activate|p1a: Sinistcha|move: Protect
|move|p1b: Tyranitar|Rock Slide|p2b: Sinistcha|[spread] p2a,p2b
|-damage|p2a: Mamoswine|0 fnt
|-damage|p2b: Sinistcha|57/100
|faint|p2a: Mamoswine
|cant|p2b: Sinistcha|flinch
|
|upkeep
|
|t:|1785425265
|switch|p2a: Incineroar|Incineroar, L50, F|94/100
|-ability|p2a: Incineroar|Intimidate|boost
|-unboost|p1a: Sinistcha|atk|1
|-unboost|p1b: Tyranitar|atk|1
|turn|7
|
|t:|1785425277
|move|p1b: Tyranitar|Rock Slide|p2a: Incineroar|[spread] p2a,p2b
|-supereffective|p2a: Incineroar|1
|-damage|p2a: Incineroar|51/100
|-damage|p2b: Sinistcha|37/100
|move|p1a: Sinistcha|Shadow Ball|p2b: Sinistcha
|-supereffective|p2b: Sinistcha|1
|-damage|p2b: Sinistcha|0 fnt
|faint|p2b: Sinistcha
|cant|p2a: Incineroar|flinch
|
|upkeep
|turn|8
|
|t:|1785425289
|switch|p1b: Decidueye|Decidueye-Hisui, L50, M|44/100
|move|p1a: Sinistcha|Rage Powder|p1a: Sinistcha
|-singleturn|p1a: Sinistcha|move: Rage Powder
|move|p2a: Incineroar|Darkest Lariat|p1a: Sinistcha
|-supereffective|p1a: Sinistcha|1
|-damage|p1a: Sinistcha|6/100
|
|upkeep
|turn|9
|-message|AJojoFamilyMember forfeited.
|
|win|FreemanGordon
|raw|FreemanGordon's rating: 1261 → 1279(+18 for winning)
|raw|AJojoFamilyMember's rating: 1161 → 1143(-18 for losing)
