|j|☆owly009
|j|☆Glavenus71601
|html|owly009Glavenus71601    
|uhtml|bestof|Game 1 of a best-of-3
|t:|1782330129
|gametype|doubles
|player|p1|owly009|266|1136
|player|p2|Glavenus71601|102|1182
|gen|9
|tier|[Gen 9 Champions] VGC 2026 Reg M-B (Bo3)
|rated|
|rule|Species Clause: Limit one of each Pokémon
|rule|Item Clause: Limit 1 of each item
|clearpoke
|poke|p1|Pyroar, L50, M|
|poke|p1|Ninetales, L50, F|
|poke|p1|Whimsicott, L50, M|
|poke|p1|Floette-Eternal, L50, F|
|poke|p1|Basculegion, L50, M|
|poke|p1|Farigiraf, L50, M|
|poke|p2|Metagross, L50|
|poke|p2|Staraptor, L50, F|
|poke|p2|Whimsicott, L50, F|
|poke|p2|Aerodactyl, L50, M|
|poke|p2|Sinistcha, L50|
|poke|p2|Basculegion, L50, M|
|teampreview|4
|showteam|p1|Pyroar||Pyroarite|Unnerve|HeatWave,Overheat,SolarBeam,Protect|Timid||M|||50|]Ninetales||ChoiceScarf|Drought|HeatWave,Overheat,SolarBeam,FakeTears|Modest||F|||50|]Whimsicott||FocusSash|Prankster|Moonblast,Tailwind,SunnyDay,Protect|Timid||M|||50|]Floette-Eternal||Floettite|FlowerVeil|Moonblast,LightofRuin,DazzlingGleam,Protect|Modest||F|||50|]Basculegion||LifeOrb|Adaptability|WaveCrash,LastRespects,AquaJet,Protect|Adamant||M|||50|]Farigiraf||SitrusBerry|ArmorTail|Psychic,Thunderbolt,TrickRoom,HelpingHand|Bold||M|||50|
|showteam|p2|Metagross||Metagrossite|ClearBody|PsychicFangs,MeteorMash,Protect,RockSlide|Jolly|||||50|]Staraptor||Staraptite|Intimidate|CloseCombat,BraveBird,Roost,Protect|Adamant||F|||50|]Whimsicott||FairyFeather|Prankster|Tailwind,Moonblast,Encore,Protect|Bold||F|||50|]Aerodactyl||FocusSash|RockHead|RockSlide,Tailwind,DualWingbeat,Protect|Jolly||M|||50|]Sinistcha||Leftovers|Hospitality|MatchaGotcha,RagePowder,StrengthSap,Protect|Bold|||||50|]Basculegion||ChoiceScarf|Adaptability|FlipTurn,WaveCrash,LastRespects,AquaJet|Jolly||M|||50|
|inactive|Battle timer is ON: inactive players will automatically lose when time's up. (requested by owly009)
|inactive|owly009 has 60 seconds left.
|
|t:|1782330200
|teamsize|p1|4
|teamsize|p2|4
|start
|switch|p1a: Floette|Floette-Eternal, L50, F|100/100
|switch|p1b: Ninetales|Ninetales, L50, F|100/100
|switch|p2a: Metagross|Metagross, L50|100/100
|switch|p2b: Aerodactyl|Aerodactyl, L50, M|100/100
|-weather|SunnyDay|[from] ability: Drought|[of] p1b: Ninetales
|turn|1
|inactive|owly009 has 30 seconds left.
|inactive|Glavenus71601 has 30 seconds left.
|inactive|Glavenus71601 has 20 seconds left.
|inactive|owly009 has 20 seconds left.
|inactive|Glavenus71601 has 15 seconds left.
|inactive|Glavenus71601 has 10 seconds left.
|
|t:|1782330247
|detailschange|p1a: Floette|Floette-Mega, L50, F
|-mega|p1a: Floette|Floette|Floettite
|-ability|p1a: Floette|Fairy Aura
|move|p1a: Floette|Protect|p1a: Floette
|-singleturn|p1a: Floette|Protect
|move|p2a: Metagross|Protect|p2a: Metagross
|-singleturn|p2a: Metagross|Protect
|move|p1b: Ninetales|Heat Wave|p2b: Aerodactyl|[spread] p2b
|-activate|p2a: Metagross|move: Protect
|-resisted|p2b: Aerodactyl|1
|-damage|p2b: Aerodactyl|67/100
|move|p2b: Aerodactyl|Tailwind|p2b: Aerodactyl
|-sidestart|p2: Glavenus71601|move: Tailwind
|
|-weather|SunnyDay|[upkeep]
|upkeep
|turn|2
|
|t:|1782330267
|switch|p1a: Basculegion|Basculegion, L50, M|100/100
|detailschange|p2a: Metagross|Metagross-Mega, L50
|-mega|p2a: Metagross|Metagross|Metagrossite
|move|p2b: Aerodactyl|Rock Slide|p1a: Basculegion|[spread] p1a
|-miss|p2b: Aerodactyl|p1b: Ninetales
|-damage|p1a: Basculegion|71/100
|move|p2a: Metagross|Rock Slide|p1a: Basculegion|[spread] p1a,p1b
|-supereffective|p1b: Ninetales|1
|-damage|p1a: Basculegion|46/100
|-damage|p1b: Ninetales|40/100
|cant|p1b: Ninetales|flinch
|
|-weather|SunnyDay|[upkeep]
|upkeep
|turn|3
|inactive|owly009 has 30 seconds left.
|
|t:|1782330294
|switch|p1b: Whimsicott|Whimsicott, L50, M|100/100
|move|p1a: Basculegion|Protect|p1a: Basculegion
|-singleturn|p1a: Basculegion|Protect
|move|p2b: Aerodactyl|Rock Slide|p1a: Basculegion|[spread] p1b
|-activate|p1a: Basculegion|move: Protect
|-damage|p1b: Whimsicott|63/100
|move|p2a: Metagross|Rock Slide|p1a: Basculegion|[spread] p1b
|-activate|p1a: Basculegion|move: Protect
|-damage|p1b: Whimsicott|34/100
|
|-weather|SunnyDay|[upkeep]
|upkeep
|turn|4
|inactive|owly009 has 30 seconds left.
|
|t:|1782330322
|move|p1b: Whimsicott|Tailwind|p1b: Whimsicott
|-sidestart|p1: owly009|move: Tailwind
|move|p2b: Aerodactyl|Dual Wingbeat|p1a: Basculegion
|-damage|p1a: Basculegion|24/100
|-damage|p1a: Basculegion|4/100
|-hitcount|p1a: Basculegion|2
|move|p2a: Metagross|Rock Slide|p1a: Basculegion|[spread] p1a,p1b
|-damage|p1a: Basculegion|0 fnt
|-damage|p1b: Whimsicott|1/100
|faint|p1a: Basculegion
|
|-weather|SunnyDay|[upkeep]
|-sideend|p2: Glavenus71601|move: Tailwind
|upkeep
|
|t:|1782330344
|switch|p1a: Ninetales|Ninetales, L50, F|40/100
|turn|5
|
|t:|1782330361
|move|p2a: Metagross|Protect|p2a: Metagross
|-singleturn|p2a: Metagross|Protect
|move|p1a: Ninetales|Heat Wave|p2a: Metagross|[spread] p2b
|-activate|p2a: Metagross|move: Protect
|-resisted|p2b: Aerodactyl|1
|-damage|p2b: Aerodactyl|34/100
|move|p1b: Whimsicott|Moonblast|p2b: Aerodactyl
|-damage|p2b: Aerodactyl|0 fnt
|faint|p2b: Aerodactyl
|
|-weather|none
|upkeep
|
|t:|1782330372
|switch|p2b: Basculegion|Basculegion, L50, M|100/100
|turn|6
|
|t:|1782330382
|move|p1b: Whimsicott|Sunny Day|p1b: Whimsicott
|-weather|SunnyDay
|move|p2b: Basculegion|Aqua Jet|p1a: Ninetales
|-supereffective|p1a: Ninetales|1
|-damage|p1a: Ninetales|2/100
|move|p1a: Ninetales|Heat Wave|p2a: Metagross|[spread] p2a,p2b
|-supereffective|p2a: Metagross|1
|-resisted|p2b: Basculegion|1
|-damage|p2a: Metagross|14/100
|-damage|p2b: Basculegion|76/100
|move|p2a: Metagross|Psychic Fangs|p1b: Whimsicott
|-damage|p1b: Whimsicott|0 fnt
|faint|p1b: Whimsicott
|
|-weather|SunnyDay|[upkeep]
|upkeep
|
|t:|1782330396
|switch|p1b: Floette|Floette-Mega, L50, F|100/100
|-ability|p1b: Floette|Fairy Aura
|turn|7
|inactive|Glavenus71601 has 30 seconds left.
|inactive|Glavenus71601 has 20 seconds left.
|inactive|Glavenus71601 has 15 seconds left.
|
|t:|1782330441
|move|p2b: Basculegion|Aqua Jet|p1a: Ninetales
|-supereffective|p1a: Ninetales|1
|-damage|p1a: Ninetales|0 fnt
|faint|p1a: Ninetales
|move|p1b: Floette|Moonblast|p2b: Basculegion
|-damage|p2b: Basculegion|0 fnt
|faint|p2b: Basculegion
|move|p2a: Metagross|Meteor Mash|p1b: Floette
|-supereffective|p1b: Floette|1
|-damage|p1b: Floette|0 fnt
|faint|p1b: Floette
|
|win|Glavenus71601
||Glavenus71601 is ready for game 2.
|inactive|owly009 has 30 seconds to confirm battle start!
||owly009 is ready for game 2.
|uhtml|next|Next: Game 2 of 3
|l|☆owly009
|player|p1|
