|j|☆FeelTheIceBro
|j|☆chorripalacios
|html|FeelTheIceBrochorripalacios    
|uhtml|bestof|Game 2 of a best-of-3
|t:|1757756640
|gametype|doubles
|player|p1|FeelTheIceBro|101|1323
|player|p2|chorripalacios|mars|1229
|gen|9
|tier|[Gen 9] VGC 2025 Reg H (Bo3)
|rated|
|rule|Species Clause: Limit one of each Pokémon
|rule|Item Clause: Limit 1 of each item
|clearpoke
|poke|p1|Dragonite, L50, F|
|poke|p1|Kingambit, L50, F|
|poke|p1|Rillaboom, L50, M|
|poke|p1|Ninetales-Alola, L50, M|
|poke|p1|Electabuzz, L50, M|
|poke|p1|Blaziken, L50, M|
|poke|p2|Porygon2, L50|
|poke|p2|Incineroar, L50, F|
|poke|p2|Ursaluna, L50, F|
|poke|p2|Amoonguss, L50, M|
|poke|p2|Gholdengo, L50|
|poke|p2|Hydreigon, L50, F|
|teampreview|4
|showteam|p1|Dragonite||LoadedDice|Multiscale|ScaleShot,IronHead,Haze,Protect|||F|||50|,,,,,Steel]Kingambit||BlackGlasses|Defiant|KowtowCleave,SuckerPunch,SwordsDance,Protect|||F|||50|,,,,,Dark]Rillaboom||AssaultVest|GrassySurge|WoodHammer,GrassyGlide,Uturn,FakeOut|||M|||50|,,,,,Fire]Ninetales-Alola||FocusSash|SnowWarning|Blizzard,FreezeDry,Encore,Protect|||M|||50|,,,,,Ghost]Electabuzz||Eviolite|VitalSpirit|Electroweb,Taunt,FollowMe,Protect|||M|||50|,,,,,Dragon]Blaziken||LifeOrb|SpeedBoost|HeatWave,AuraSphere,Coaching,Protect|||M|||50|,,,,,Stellar
|showteam|p2|Porygon2||Eviolite|Download|TeraBlast,IceBeam,TrickRoom,Recover||||||50|,,,,,Fighting]Incineroar||SitrusBerry|Intimidate|KnockOff,FakeOut,FlareBlitz,PartingShot|||F|||50|,,,,,Ghost]Ursaluna||FlameOrb|Guts|Earthquake,Facade,HeadlongRush,Protect|||F|||50|,,,,,Fairy]Amoonguss||RockyHelmet|Regenerator|Spore,RagePowder,PollenPuff,Protect|||M|||50|,,,,,Psychic]Gholdengo||LifeOrb|GoodasGold|Protect,NastyPlot,MakeItRain,ShadowBall||||||50|,,,,,Water]Hydreigon||SafetyGoggles|Levitate|DracoMeteor,Snarl,Tailwind,Protect|||F|||50|,,,,,Ghost
|
|t:|1757756659
|teamsize|p1|4
|teamsize|p2|4
|start
|switch|p1a: Ninetales|Ninetales-Alola, L50, M|100/100
|switch|p1b: Blaziken|Blaziken, L50, M|100/100
|switch|p2a: Porygon2|Porygon2, L50, shiny|100/100
|switch|p2b: Duncann|Ursaluna, L50, F, shiny|100/100
|-weather|Snowscape|[from] ability: Snow Warning|[of] p1a: Ninetales
|-ability|p2a: Porygon2|Download|boost
|-boost|p2a: Porygon2|atk|1
|turn|1
|
|t:|1757756675
|move|p2b: Duncann|Protect|p2b: Duncann
|-singleturn|p2b: Duncann|Protect
|move|p1a: Ninetales|Blizzard|p2b: Duncann|[spread] p2a
|-activate|p2b: Duncann|move: Protect
|-damage|p2a: Porygon2|83/100
|move|p1b: Blaziken|Aura Sphere|p2a: Porygon2
|-supereffective|p2a: Porygon2
|-damage|p2a: Porygon2|33/100
|-damage|p1b: Blaziken|91/100|[from] item: Life Orb
|move|p2a: Porygon2|Trick Room|p2a: Porygon2
|-fieldstart|move: Trick Room|[of] p2a: Porygon2
|
|-weather|Snowscape|[upkeep]
|-status|p2b: Duncann|brn|[from] item: Flame Orb
|-ability|p1b: Blaziken|Speed Boost|boost
|-boost|p1b: Blaziken|spe|1
|upkeep
|turn|2
|
|t:|1757756690
|-terastallize|p2b: Duncann|Fairy
|-terastallize|p1a: Ninetales|Ghost
|move|p1b: Blaziken|Protect|p1b: Blaziken
|-singleturn|p1b: Blaziken|Protect
|move|p2a: Porygon2|Tera Blast|p1a: Ninetales
|-immune|p1a: Ninetales
|move|p2b: Duncann|Earthquake|p1a: Ninetales|[spread] p2a,p1a
|-activate|p1b: Blaziken|move: Protect
|-damage|p2a: Porygon2|0 fnt
|-enditem|p1a: Ninetales|Focus Sash
|-damage|p1a: Ninetales|1/100
|faint|p2a: Porygon2
|move|p1a: Ninetales|Blizzard|p2b: Duncann
|-damage|p2b: Duncann|60/100 brn
|
|-weather|Snowscape|[upkeep]
|-damage|p2b: Duncann|54/100 brn|[from] brn
|-ability|p1b: Blaziken|Speed Boost|boost
|-boost|p1b: Blaziken|spe|1
|upkeep
|
|t:|1757756703
|switch|p2a: Amoonguss|Amoonguss, L50, M|100/100
|turn|3
|
|t:|1757756711
|switch|p1b: Dragonite|Dragonite, L50, F, shiny|100/100
|move|p1a: Ninetales|Protect|p1a: Ninetales
|-singleturn|p1a: Ninetales|Protect
|move|p2a: Amoonguss|Pollen Puff|p2b: Duncann
|-heal|p2b: Duncann|100/100 brn
|move|p2b: Duncann|Earthquake|p1b: Dragonite|[spread] p2a
|-activate|p1a: Ninetales|move: Protect
|-immune|p1b: Dragonite
|-damage|p2a: Amoonguss|46/100
|
|-weather|Snowscape|[upkeep]
|-damage|p2b: Duncann|94/100 brn|[from] brn
|upkeep
|turn|4
|
|t:|1757756737
|move|p1b: Dragonite|Protect|p1b: Dragonite
|-singleturn|p1b: Dragonite|Protect
|move|p1a: Ninetales|Protect||[still]
|-fail|p1a: Ninetales
|move|p2a: Amoonguss|Spore|p1b: Dragonite
|-activate|p1b: Dragonite|move: Protect
|move|p2b: Duncann|Headlong Rush|p1a: Ninetales
|-damage|p1a: Ninetales|0 fnt
|-unboost|p2b: Duncann|def|1
|-unboost|p2b: Duncann|spd|1
|faint|p1a: Ninetales
|
|-weather|Snowscape|[upkeep]
|-damage|p2b: Duncann|88/100 brn|[from] brn
|upkeep
|
|t:|1757756747
|switch|p1a: Blaziken|Blaziken, L50, M|91/100
|turn|5
|
|t:|1757756756
|move|p1b: Dragonite|Protect||[still]
|-fail|p1b: Dragonite
|move|p1a: Blaziken|Protect|p1a: Blaziken
|-singleturn|p1a: Blaziken|Protect
|move|p2a: Amoonguss|Spore|p1b: Dragonite
|-status|p1b: Dragonite|slp|[from] move: Spore
|move|p2b: Duncann|Headlong Rush|p1a: Blaziken
|-activate|p1a: Blaziken|move: Protect
|
|-weather|none
|-damage|p2b: Duncann|82/100 brn|[from] brn
|-fieldend|move: Trick Room
|-ability|p1a: Blaziken|Speed Boost|boost
|-boost|p1a: Blaziken|spe|1
|upkeep
|turn|6
|
|t:|1757756767
|move|p2a: Amoonguss|Rage Powder|p2a: Amoonguss
|-singleturn|p2a: Amoonguss|move: Rage Powder
|move|p1a: Blaziken|Heat Wave|p2a: Amoonguss|[spread] p2a,p2b
|-supereffective|p2a: Amoonguss
|-damage|p2a: Amoonguss|0 fnt
|-damage|p2b: Duncann|11/100 brn
|faint|p2a: Amoonguss
|-damage|p1a: Blaziken|81/100|[from] item: Life Orb
|cant|p1b: Dragonite|slp
|move|p2b: Duncann|Earthquake|p1a: Blaziken|[spread] p1a
|-immune|p1b: Dragonite
|-supereffective|p1a: Blaziken
|-damage|p1a: Blaziken|0 fnt
|faint|p1a: Blaziken
|
|-damage|p2b: Duncann|5/100 brn|[from] brn
|upkeep
|
|t:|1757756777
|switch|p1a: Kingambit|Kingambit, L50, F|100/100
|switch|p2a: Incineroar|Incineroar, L50, F|100/100
|-ability|p2a: Incineroar|Intimidate|boost
|-unboost|p1a: Kingambit|atk|1
|-ability|p1a: Kingambit|Defiant|boost
|-boost|p1a: Kingambit|atk|2
|-unboost|p1b: Dragonite|atk|1
|turn|7
|-message|chorripalacios forfeited.
|
|win|FeelTheIceBro
||chorripalacios is ready for game 3.
||FeelTheIceBro is ready for game 3.
|uhtml|next|Next: Game 3 of 3
|l|☆FeelTheIceBro
|player|p1|
|l|☆chorripalacios
|player|p2|
