|j|☆lettitripppp
|j|☆Suffle_Gz
|html|lettitrippppSuffle_Gz    
|uhtml|bestof|Game 1 of a best-of-3
|t:|1785952887
|gametype|doubles
|player|p1|lettitripppp|lucas|1161
|player|p2|Suffle_Gz|mars|1061
|gen|9
|tier|[Gen 9 Champions] VGC 2026 Reg M-B (Bo3)
|rated|
|rule|Species Clause: Limit one of each Pokémon
|rule|Item Clause: Limit 1 of each item
|clearpoke
|poke|p1|Charizard, L50, F, shiny|
|poke|p1|Swampert, L50, M|
|poke|p1|Pelipper, L50, M|
|poke|p1|Venusaur, L50, F|
|poke|p1|Archaludon, L50, M|
|poke|p1|Grimmsnarl, L50, M, shiny|
|poke|p2|Chesnaught, L50, F|
|poke|p2|Sableye, L50, F|
|poke|p2|Dragalge, L50, F|
|poke|p2|Mudsdale, L50, F|
|poke|p2|Torkoal, L50, M, shiny|
|poke|p2|Farigiraf, L50, F|
|teampreview|4
|showteam|p1|Charizard||CharizarditeY|Blaze|WeatherBall,HeatWave,Hurricane,Protect|Modest||F|||50|]Swampert||Swampertite|Damp|WaveCrash,Earthquake,IcePunch,Protect|Adamant||M|||50|]Pelipper||SitrusBerry|Drizzle|WeatherBall,WideGuard,Hurricane,Tailwind|Modest||M|||50|]Venusaur||FocusSash|Chlorophyll|SleepPowder,SludgeBomb,LeafStorm,Protect|Modest||F|||50|]Archaludon||Leftovers|Stamina|FlashCannon,DragonPulse,ElectroShot,Protect|Calm||M|||50|]Grimmsnarl||LightClay|Prankster|PartingShot,LightScreen,SpiritBreak,Reflect|Sassy||M|||50|
|showteam|p2|Chesnaught||Chesnaughtite|Bulletproof|BodyPress,IronDefense,LeechSeed,SpikyShield|Careful||F|||50|]Sableye||LightClay|Prankster|LightScreen,Reflect,WillOWisp,Protect|Calm||F|||50|]Dragalge||Dragalgite|PoisonPoint|SludgeBomb,DracoMeteor,FlipTurn,Protect|Sassy||F|||50|]Mudsdale||Leftovers|Stamina|RockSlide,BodyPress,StompingTantrum,Protect|Brave||F|||50|]Torkoal||Charcoal|Drought|Eruption,WeatherBall,EarthPower,Protect|Quiet||M|||50|]Farigiraf||ColburBerry|ArmorTail|TrickRoom,TwinBeam,Thunderbolt,Protect|Quiet||F|||50|
|inactive|Battle timer is ON: inactive players will automatically lose when time's up. (requested by lettitripppp)
|inactive|lettitripppp has 60 seconds left.
|
|t:|1785952927
|teamsize|p1|4
|teamsize|p2|4
|start
|switch|p1a: BEYOND BRIDGE|Archaludon, L50, M|100/100
|switch|p1b: GO JOHAN|Grimmsnarl, L50, M, shiny|100/100
|switch|p2a: Sableye|Sableye, L50, F|100/100
|switch|p2b: Farigiraf|Farigiraf, L50, F|100/100
|turn|1
|
|t:|1785952939
|move|p1b: GO JOHAN|Light Screen|p1b: GO JOHAN
|-sidestart|p1: lettitripppp|move: Light Screen
|move|p2a: Sableye|Light Screen|p2a: Sableye
|-sidestart|p2: Suffle_Gz|move: Light Screen
|move|p1a: BEYOND BRIDGE|Dragon Pulse|p2a: Sableye
|-damage|p2a: Sableye|74/100
|move|p2b: Farigiraf|Trick Room|p2b: Farigiraf
|-fieldstart|move: Trick Room|[of] p2b: Farigiraf
|
|upkeep
|turn|2
|
|t:|1785952957
|move|p2a: Sableye|Will-O-Wisp|p1a: BEYOND BRIDGE
|-status|p1a: BEYOND BRIDGE|brn
|move|p2b: Farigiraf|Thunderbolt|p1b: GO JOHAN
|-damage|p1b: GO JOHAN|84/100
|move|p1b: GO JOHAN|Spirit Break|p2a: Sableye
|-supereffective|p2a: Sableye|1
|-damage|p2a: Sableye|0 fnt
|faint|p2a: Sableye
|move|p1a: BEYOND BRIDGE|Dragon Pulse|p2b: Farigiraf
|-damage|p2b: Farigiraf|78/100
|
|-damage|p1a: BEYOND BRIDGE|93/100 brn|[from] brn
|upkeep
|
|t:|1785952973
|switch|p2a: Mudsdale|Mudsdale, L50, F|100/100
|turn|3
|
|t:|1785952991
|move|p1b: GO JOHAN|Reflect|p1b: GO JOHAN
|-sidestart|p1: lettitripppp|Reflect
|move|p2a: Mudsdale|Stomping Tantrum|p1a: BEYOND BRIDGE
|-supereffective|p1a: BEYOND BRIDGE|1
|-damage|p1a: BEYOND BRIDGE|58/100 brn
|-ability|p1a: BEYOND BRIDGE|Stamina|boost
|-boost|p1a: BEYOND BRIDGE|def|1
|move|p2b: Farigiraf|Thunderbolt|p1b: GO JOHAN
|-damage|p1b: GO JOHAN|67/100
|move|p1a: BEYOND BRIDGE|Dragon Pulse|p2a: Mudsdale
|-damage|p2a: Mudsdale|77/100
|-ability|p2a: Mudsdale|Stamina|boost
|-boost|p2a: Mudsdale|def|1
|
|-heal|p2a: Mudsdale|83/100|[from] item: Leftovers
|-heal|p1a: BEYOND BRIDGE|64/100 brn|[from] item: Leftovers
|-damage|p1a: BEYOND BRIDGE|58/100 brn|[from] brn
|upkeep
|turn|4
|
|t:|1785953015
|switch|p1b: WET-BEAK|Pelipper, L50, M|100/100
|-weather|RainDance|[from] ability: Drizzle|[of] p1b: WET-BEAK
|move|p2a: Mudsdale|Body Press|p1a: BEYOND BRIDGE
|-supereffective|p1a: BEYOND BRIDGE|1
|-damage|p1a: BEYOND BRIDGE|40/100 brn
|-ability|p1a: BEYOND BRIDGE|Stamina|boost
|-boost|p1a: BEYOND BRIDGE|def|1
|move|p2b: Farigiraf|Thunderbolt|p1b: WET-BEAK
|-supereffective|p1b: WET-BEAK|2
|-damage|p1b: WET-BEAK|0 fnt
|faint|p1b: WET-BEAK
|move|p1a: BEYOND BRIDGE|Electro Shot||[still]
|-prepare|p1a: BEYOND BRIDGE|Electro Shot
|-boost|p1a: BEYOND BRIDGE|spa|1
|-anim|p1a: BEYOND BRIDGE|Electro Shot|p2b: Farigiraf
|-damage|p2b: Farigiraf|44/100
|
|-weather|RainDance|[upkeep]
|-heal|p2a: Mudsdale|88/100|[from] item: Leftovers
|-heal|p1a: BEYOND BRIDGE|46/100 brn|[from] item: Leftovers
|-damage|p1a: BEYOND BRIDGE|40/100 brn|[from] brn
|upkeep
|
|t:|1785953026
|switch|p1b: ROID WAVE|Swampert, L50, M|100/100
|turn|5
|inactive|Suffle_Gz has 30 seconds left.
|
|t:|1785953051
|detailschange|p1b: ROID WAVE|Swampert-Mega, L50, M
|-mega|p1b: ROID WAVE|Swampert|Swampertite
|move|p2b: Farigiraf|Protect|p2b: Farigiraf
|-singleturn|p2b: Farigiraf|Protect
|move|p2a: Mudsdale|Body Press|p1b: ROID WAVE
|-damage|p1b: ROID WAVE|81/100
|move|p1a: BEYOND BRIDGE|Electro Shot||[still]
|-prepare|p1a: BEYOND BRIDGE|Electro Shot
|-boost|p1a: BEYOND BRIDGE|spa|1
|-anim|p1a: BEYOND BRIDGE|Electro Shot|p2b: Farigiraf
|-activate|p2b: Farigiraf|move: Protect
|move|p1b: ROID WAVE|Wave Crash|p2a: Mudsdale
|-supereffective|p2a: Mudsdale|1
|-damage|p2a: Mudsdale|0 fnt
|faint|p2a: Mudsdale
|-damage|p1b: ROID WAVE|47/100|[from] Recoil
|
|-weather|RainDance|[upkeep]
|-heal|p1a: BEYOND BRIDGE|46/100 brn|[from] item: Leftovers
|-damage|p1a: BEYOND BRIDGE|40/100 brn|[from] brn
|-fieldend|move: Trick Room
|upkeep
|
|t:|1785953067
|switch|p2a: Dragalge|Dragalge, L50, F|100/100
|turn|6
|
|t:|1785953082
|detailschange|p2a: Dragalge|Dragalge-Mega, L50, F
|-mega|p2a: Dragalge|Dragalge|Dragalgite
|move|p1b: ROID WAVE|Wave Crash|p2b: Farigiraf
|-damage|p2b: Farigiraf|0 fnt
|faint|p2b: Farigiraf
|-damage|p1b: ROID WAVE|27/100|[from] Recoil
|move|p1a: BEYOND BRIDGE|Dragon Pulse|p2a: Dragalge
|-supereffective|p2a: Dragalge|1
|-damage|p2a: Dragalge|51/100
|move|p2a: Dragalge|Draco Meteor|p1a: BEYOND BRIDGE|[miss]
|-miss|p2a: Dragalge|p1a: BEYOND BRIDGE
|
|-weather|RainDance|[upkeep]
|-heal|p1a: BEYOND BRIDGE|46/100 brn|[from] item: Leftovers
|-damage|p1a: BEYOND BRIDGE|40/100 brn|[from] brn
|upkeep
|turn|7
|
|t:|1785953097
|move|p1b: ROID WAVE|Ice Punch|p2a: Dragalge
|-supereffective|p2a: Dragalge|1
|-damage|p2a: Dragalge|0 fnt
|faint|p2a: Dragalge
|
|win|lettitripppp
