|j|☆Z4RDEL
|j|☆PenguimSAL
|html|Z4RDELPenguimSAL    
|uhtml|bestof|Game 2 of a best-of-3
|t:|1783275269
|gametype|doubles
|player|p1|Z4RDEL|miku-fire|
|player|p2|PenguimSAL|170|
|gen|9
|tier|[Gen 9 Champions] VGC 2026 Reg M-B (Bo3)
|rule|Species Clause: Limit one of each Pokémon
|rule|Item Clause: Limit 1 of each item
|clearpoke
|poke|p1|Froslass, L50, F|
|poke|p1|Incineroar, L50, F|
|poke|p1|Glimmora, L50, F|
|poke|p1|Sinistcha-Masterpiece, L50|
|poke|p1|Archaludon, L50, F|
|poke|p1|Raichu, L50, M|
|poke|p2|Sneasler, L50, F|
|poke|p2|Blastoise, L50, F|
|poke|p2|Kingambit, L50, F|
|poke|p2|Incineroar, L50, F|
|poke|p2|Delphox, L50, M|
|poke|p2|Sinistcha, L50|
|teampreview|4
|showteam|p1|Froslass||Froslassite|CursedBody|Blizzard,ShadowBall,AuroraVeil,Protect|Modest||F|||50|]Incineroar||QuickClaw|Intimidate|PartingShot,FlareBlitz,DarkestLariat,FakeOut|Adamant||F|||50|]Glimmora||FocusSash|ToxicDebris|StealthRock,EarthPower,PowerGem,MortalSpin|Modest||F|||50|]Sinistcha-Masterpiece||SitrusBerry|Hospitality|MatchaGotcha,RagePowder,TrickRoom,LifeDew|Sassy|||||50|]Archaludon||Leftovers|Stamina|ElectroShot,DracoMeteor,FlashCannon,Protect|Bold||F|||50|]Raichu||RaichuniteY|Static|RainDance,ZapCannon,Encore,Protect|Timid||M|||50|
|showteam|p2|Sneasler||FocusSash|PoisonTouch|DireClaw,CloseCombat,FakeOut,QuickGuard|Jolly||F|||50|]Blastoise||Blastoisinite|RainDish|DarkPulse,WaterSpout,ShellSmash,Protect|Modest||F|||50|]Kingambit||BlackGlasses|Defiant|KowtowCleave,SuckerPunch,SwordsDance,Protect|Adamant||F|||50|]Incineroar||SitrusBerry|Intimidate|FlareBlitz,HelpingHand,PartingShot,FakeOut|Careful||F|||50|]Delphox||Delphoxite|Blaze|HeatWave,NastyPlot,Psyshock,Protect|Modest||M|||50|]Sinistcha||KasibBerry|Hospitality|MatchaGotcha,RagePowder,TrickRoom,Protect|Bold|||||50|
|inactive|Battle timer is ON: inactive players will automatically lose when time's up. (requested by Z4RDEL)
|inactive|Z4RDEL has 60 seconds left.
|inactive|PenguimSAL has 60 seconds left.
|inactive|Z4RDEL has 30 seconds left.
|
|t:|1783275335
|teamsize|p1|4
|teamsize|p2|4
|start
|switch|p1a: Glimmora|Glimmora, L50, F|100/100
|switch|p1b: Raichu|Raichu, L50, M|100/100
|switch|p2a: Delphox|Delphox, L50, M|100/100
|switch|p2b: Sneasler|Sneasler, L50, F|100/100
|turn|1
|inactive|Z4RDEL has 30 seconds left.
|inactive|PenguimSAL has 30 seconds left.
|inactive|Z4RDEL has 20 seconds left.
|inactive|PenguimSAL has 20 seconds left.
|inactive|Z4RDEL has 15 seconds left.
|inactive|PenguimSAL has 15 seconds left.
|inactive|Z4RDEL has 10 seconds left.
|inactive|PenguimSAL has 10 seconds left.
|
|t:|1783275383
|detailschange|p2a: Delphox|Delphox-Mega, L50, M
|-mega|p2a: Delphox|Delphox|Delphoxite
|move|p1b: Raichu|Protect|p1b: Raichu
|-singleturn|p1b: Raichu|Protect
|move|p2b: Sneasler|Fake Out|p1a: Glimmora
|-resisted|p1a: Glimmora|1
|-damage|p1a: Glimmora|90/100
|-activate|p1a: Glimmora|ability: Toxic Debris
|-sidestart|p2: PenguimSAL|move: Toxic Spikes
|move|p2a: Delphox|Heat Wave|p1a: Glimmora|[spread] p1a
|-activate|p1b: Raichu|move: Protect
|-resisted|p1a: Glimmora|1
|-damage|p1a: Glimmora|62/100
|cant|p1a: Glimmora|flinch
|
|upkeep
|turn|2
|inactive|Z4RDEL has 30 seconds left.
|inactive|PenguimSAL has 30 seconds left.
|inactive|Z4RDEL has 20 seconds left.
|inactive|Z4RDEL has 15 seconds left.
|inactive|Z4RDEL has 10 seconds left.
|
|t:|1783275433
|switch|p2b: Sinistcha|Sinistcha, L50|100/100
|-status|p2b: Sinistcha|psn
|detailschange|p1b: Raichu|Raichu-Mega-Y, L50, M
|-mega|p1b: Raichu|Raichu|Raichunite Y
|move|p1b: Raichu|Zap Cannon|p2a: Delphox
|-damage|p2a: Delphox|42/100
|-status|p2a: Delphox|par
|move|p1a: Glimmora|Power Gem|p2a: Delphox
|-supereffective|p2a: Delphox|1
|-damage|p2a: Delphox|0 fnt
|faint|p2a: Delphox
|
|-damage|p2b: Sinistcha|87/100 psn|[from] psn
|upkeep
|
|t:|1783275451
|switch|p2a: Sneasler|Sneasler, L50, F|100/100
|-sideend|p2: PenguimSAL|move: Toxic Spikes|[of] p2a: Sneasler
|turn|3
|inactive|Z4RDEL has 30 seconds left.
|inactive|PenguimSAL has 30 seconds left.
|
|t:|1783275477
|move|p1b: Raichu|Zap Cannon|p2a: Sneasler
|-enditem|p2a: Sneasler|Focus Sash
|-damage|p2a: Sneasler|1/100
|-status|p2a: Sneasler|par
|move|p1a: Glimmora|Earth Power|p2a: Sneasler
|-supereffective|p2a: Sneasler|1
|-damage|p2a: Sneasler|0 fnt
|faint|p2a: Sneasler
|move|p2b: Sinistcha|Matcha Gotcha|p1b: Raichu|[spread] p1a,p1b
|-damage|p1a: Glimmora|31/100
|-heal|p2b: Sinistcha|100/100 psn|[from] drain|[of] p1a: Glimmora
|-damage|p1b: Raichu|62/100
|
|-damage|p2b: Sinistcha|87/100 psn|[from] psn
|upkeep
|
|t:|1783275492
|switch|p2a: Kingambit|Kingambit, L50, F|100/100
|turn|4
|
|t:|1783275510
|move|p2a: Kingambit|Sucker Punch||[still]
|-fail|p2a: Kingambit
|move|p1b: Raichu|Encore|p2b: Sinistcha
|-start|p2b: Sinistcha|Encore
|move|p1a: Glimmora|Earth Power|p2a: Kingambit
|-supereffective|p2a: Kingambit|1
|-damage|p2a: Kingambit|45/100
|move|p2b: Sinistcha|Matcha Gotcha|p1b: Raichu|[spread] p1a,p1b
|-damage|p1a: Glimmora|0 fnt
|-heal|p2b: Sinistcha|100/100 psn|[from] drain|[of] p1a: Glimmora
|-damage|p1b: Raichu|26/100
|faint|p1a: Glimmora
|
|-damage|p2b: Sinistcha|87/100 psn|[from] psn
|upkeep
|
|t:|1783275523
|switch|p1a: Archaludon|Archaludon, L50, F|100/100
|turn|5
|inactive|PenguimSAL has 30 seconds left.
|inactive|PenguimSAL has 20 seconds left.
|inactive|PenguimSAL has 15 seconds left.
|inactive|PenguimSAL has 10 seconds left.
|inactive|PenguimSAL has 5 seconds left.
|
|t:|1783275574
|move|p2a: Kingambit|Sucker Punch||[still]
|-fail|p2a: Kingambit
|move|p1b: Raichu|Rain Dance|p1b: Raichu
|-weather|RainDance
|move|p1a: Archaludon|Electro Shot||[still]
|-prepare|p1a: Archaludon|Electro Shot
|-boost|p1a: Archaludon|spa|1
|-anim|p1a: Archaludon|Electro Shot|p2a: Kingambit
|-damage|p2a: Kingambit|1/100
|move|p2b: Sinistcha|Matcha Gotcha|p1b: Raichu|[spread] p1a,p1b
|-resisted|p1a: Archaludon|2
|-damage|p1a: Archaludon|91/100
|-heal|p2b: Sinistcha|92/100 psn|[from] drain|[of] p1a: Archaludon
|-damage|p1b: Raichu|0 fnt
|-heal|p2b: Sinistcha|100/100 psn|[from] drain|[of] p1b: Raichu
|-ability|p1a: Archaludon|Stamina|boost
|-boost|p1a: Archaludon|def|1
|faint|p1b: Raichu
|
|-weather|RainDance|[upkeep]
|-heal|p1a: Archaludon|97/100|[from] item: Leftovers
|-damage|p2b: Sinistcha|87/100 psn|[from] psn
|upkeep
|
|t:|1783275583
|switch|p1b: Sinistcha|Sinistcha-Masterpiece, L50|100/100
|-heal|p1a: Archaludon|100/100|[from] ability: Hospitality|[of] p1b: Sinistcha
|turn|6
|inactive|Z4RDEL has 30 seconds left.
|
|t:|1783275613
|move|p2a: Kingambit|Protect|p2a: Kingambit
|-singleturn|p2a: Kingambit|Protect
|move|p1a: Archaludon|Electro Shot||[still]
|-prepare|p1a: Archaludon|Electro Shot
|-boost|p1a: Archaludon|spa|1
|-anim|p1a: Archaludon|Electro Shot|p2a: Kingambit
|-activate|p2a: Kingambit|move: Protect
|move|p2b: Sinistcha|Matcha Gotcha|p1a: Archaludon|[spread] p1a
|-miss|p2b: Sinistcha|p1b: Sinistcha
|-resisted|p1a: Archaludon|2
|-damage|p1a: Archaludon|91/100
|-heal|p2b: Sinistcha|92/100 psn|[from] drain|[of] p1a: Archaludon
|-ability|p1a: Archaludon|Stamina|boost
|-boost|p1a: Archaludon|def|1
|move|p1b: Sinistcha|Matcha Gotcha|p2a: Kingambit|[spread] p2b
|-activate|p2a: Kingambit|move: Protect
|-resisted|p2b: Sinistcha|1
|-damage|p2b: Sinistcha|80/100 psn
|
|-weather|RainDance|[upkeep]
|-heal|p1a: Archaludon|97/100|[from] item: Leftovers
|-damage|p2b: Sinistcha|68/100 psn|[from] psn
|-end|p2b: Sinistcha|Encore
|upkeep
|turn|7
|
|t:|1783275635
|move|p2b: Sinistcha|Rage Powder|p2b: Sinistcha
|-singleturn|p2b: Sinistcha|move: Rage Powder
|move|p1b: Sinistcha|Rage Powder|p1b: Sinistcha
|-singleturn|p1b: Sinistcha|move: Rage Powder
|move|p1a: Archaludon|Electro Shot||[still]
|-prepare|p1a: Archaludon|Electro Shot
|-boost|p1a: Archaludon|spa|1
|-anim|p1a: Archaludon|Electro Shot|p2b: Sinistcha
|-resisted|p2b: Sinistcha|1
|-damage|p2b: Sinistcha|28/100 psn
|move|p2a: Kingambit|Swords Dance|p2a: Kingambit
|-boost|p2a: Kingambit|atk|2
|
|-weather|RainDance|[upkeep]
|-heal|p1a: Archaludon|100/100|[from] item: Leftovers
|-damage|p2b: Sinistcha|15/100 psn|[from] psn
|upkeep
|turn|8
|
|t:|1783275659
|move|p2b: Sinistcha|Rage Powder|p2b: Sinistcha
|-singleturn|p2b: Sinistcha|move: Rage Powder
|move|p1b: Sinistcha|Rage Powder|p1b: Sinistcha
|-singleturn|p1b: Sinistcha|move: Rage Powder
|move|p2a: Kingambit|Sucker Punch||[still]
|-fail|p2a: Kingambit
|move|p1a: Archaludon|Electro Shot||[still]
|-prepare|p1a: Archaludon|Electro Shot
|-boost|p1a: Archaludon|spa|1
|-anim|p1a: Archaludon|Electro Shot|p2b: Sinistcha
|-resisted|p2b: Sinistcha|1
|-damage|p2b: Sinistcha|0 fnt
|faint|p2b: Sinistcha
|
|-weather|RainDance|[upkeep]
|upkeep
|turn|9
|
|t:|1783275669
|move|p1b: Sinistcha|Rage Powder|p1b: Sinistcha
|-singleturn|p1b: Sinistcha|move: Rage Powder
|move|p1a: Archaludon|Electro Shot||[still]
|-prepare|p1a: Archaludon|Electro Shot
|-boost|p1a: Archaludon|spa|1
|-anim|p1a: Archaludon|Electro Shot|p2a: Kingambit
|-damage|p2a: Kingambit|0 fnt
|faint|p2a: Kingambit
|
|win|Z4RDEL
|c|☆PenguimSAL|GG
|c|☆Z4RDEL|gg
|l|☆PenguimSAL
|player|p2|
|j|☆PenguimSAL
|player|p2|PenguimSAL|170|
