|j|☆breloomb01
|j|☆Screammmmm1
|html|breloomb01Screammmmm1    
|uhtml|bestof|Game 2 of a best-of-3
|t:|1785354429
|gametype|doubles
|player|p1|breloomb01|roughneck|1184
|player|p2|Screammmmm1|n|1085
|gen|9
|tier|[Gen 9 Champions] VGC 2026 Reg M-B (Bo3)
|rated|
|rule|Species Clause: Limit one of each Pokémon
|rule|Item Clause: Limit 1 of each item
|clearpoke
|poke|p1|Floette-Eternal, L50, F|
|poke|p1|Incineroar, L50, F|
|poke|p1|Sinistcha, L50|
|poke|p1|Garchomp, L50, M|
|poke|p1|Sneasler, L50, F|
|poke|p1|Rotom-Wash, L50|
|poke|p2|Aggron, L50, F|
|poke|p2|Gholdengo, L50|
|poke|p2|Sneasler, L50, M|
|poke|p2|Aerodactyl, L50, F|
|poke|p2|Incineroar, L50, M|
|poke|p2|Lucario, L50, M|
|teampreview|4
|showteam|p1|Floette-Eternal||Floettite|FlowerVeil|DrainingKiss,DazzlingGleam,CalmMind,Protect|Modest||F|||50|]Incineroar||SitrusBerry|Intimidate|FakeOut,FlareBlitz,ThroatChop,PartingShot|Careful||F|||50|]Sinistcha||KasibBerry|Hospitality|Protect,RagePowder,MatchaGotcha,TrickRoom|Calm|||||50|]Garchomp||LifeOrb|RoughSkin|Earthquake,DragonClaw,RockSlide,Protect|Jolly||M|||50|]Sneasler||FocusSash|PoisonTouch|FakeOut,DireClaw,CloseCombat,Protect|Jolly||F|||50|]Rotom-Wash||Leftovers|Levitate|HydroPump,Protect,WillOWisp,Electroweb|Bold|||||50|
|showteam|p2|Aggron||Aggronite|Sturdy|BodyPress,Curse,IronDefense,HeavySlam|Serious||F|||50|]Gholdengo||LifeOrb|GoodasGold|Protect,NastyPlot,ShadowBall,MakeItRain|Modest|||||50|]Sneasler||WhiteHerb|Unburden|CloseCombat,DireClaw,FakeOut,Protect|Adamant||M|||50|]Aerodactyl||FocusSash|Unnerve|RockSlide,Tailwind,Protect,DualWingbeat|Jolly||F|||50|]Incineroar||SitrusBerry|Intimidate|FakeOut,DarkestLariat,FlareBlitz,CloseCombat|Adamant||M|||50|]Lucario||Lucarionite|InnerFocus|FlashCannon,AuraSphere,Detect,VacuumWave|Modest||M|||50|
|
|t:|1785354446
|teamsize|p1|4
|teamsize|p2|4
|start
|switch|p1a: Garchomp|Garchomp, L50, M|100/100
|switch|p1b: Rotom|Rotom-Wash, L50|100/100
|switch|p2a: Incineroar|Incineroar, L50, M|100/100
|switch|p2b: Lucario|Lucario, L50, M|100/100
|-ability|p2a: Incineroar|Intimidate|boost
|-unboost|p1a: Garchomp|atk|1
|-unboost|p1b: Rotom|atk|1
|turn|1
|inactive|Battle timer is ON: inactive players will automatically lose when time's up. (requested by Screammmmm1)
|
|t:|1785354470
|detailschange|p2b: Lucario|Lucario-Mega, L50, M
|-mega|p2b: Lucario|Lucario|Lucarionite
|move|p2a: Incineroar|Fake Out|p1b: Rotom
|-damage|p1b: Rotom|88/100
|move|p1a: Garchomp|Earthquake|p2a: Incineroar|[spread] p2a,p2b
|-immune|p1b: Rotom|[from] ability: Levitate
|-supereffective|p2a: Incineroar|1
|-crit|p2a: Incineroar
|-supereffective|p2b: Lucario|1
|-damage|p2a: Incineroar|0 fnt
|-damage|p2b: Lucario|29/100
|faint|p2a: Incineroar
|-damage|p1a: Garchomp|90/100|[from] item: Life Orb
|move|p2b: Lucario|Aura Sphere|p1b: Rotom
|-damage|p1b: Rotom|25/100
|cant|p1b: Rotom|flinch
|
|-heal|p1b: Rotom|31/100|[from] item: Leftovers
|upkeep
|
|t:|1785354485
|switch|p2a: Aerodactyl|Aerodactyl, L50, F|100/100
|-ability|p2a: Aerodactyl|Unnerve
|turn|2
|inactive|breloomb01 has 30 seconds left.
|inactive|breloomb01 has 20 seconds left.
|inactive|breloomb01 has 15 seconds left.
|inactive|breloomb01 has 10 seconds left.
|
|t:|1785354534
|switch|p1a: Incineroar|Incineroar, L50, F|100/100
|-ability|p1a: Incineroar|Intimidate|boost
|-unboost|p2a: Aerodactyl|atk|1
|-unboost|p2b: Lucario|atk|1
|move|p1b: Rotom|Protect|p1b: Rotom
|-singleturn|p1b: Rotom|Protect
|move|p2a: Aerodactyl|Tailwind|p2a: Aerodactyl
|-sidestart|p2: Screammmmm1|move: Tailwind
|move|p2b: Lucario|Aura Sphere|p1b: Rotom
|-activate|p1b: Rotom|move: Protect
|
|-heal|p1b: Rotom|37/100|[from] item: Leftovers
|upkeep
|turn|3
|
|t:|1785354550
|switch|p1b: Garchomp|Garchomp, L50, M|90/100
|move|p2a: Aerodactyl|Rock Slide|p1a: Incineroar|[spread] p1a,p1b
|-supereffective|p1a: Incineroar|1
|-resisted|p1b: Garchomp|1
|-damage|p1a: Incineroar|70/100
|-damage|p1b: Garchomp|81/100
|move|p2b: Lucario|Aura Sphere|p1a: Incineroar
|-supereffective|p1a: Incineroar|1
|-damage|p1a: Incineroar|0 fnt
|faint|p1a: Incineroar
|
|upkeep
|
|t:|1785354561
|switch|p1a: Sinistcha|Sinistcha, L50|100/100
|-heal|p1b: Garchomp|100/100|[from] ability: Hospitality|[of] p1a: Sinistcha
|turn|4
|
|t:|1785354576
|move|p2a: Aerodactyl|Protect|p2a: Aerodactyl
|-singleturn|p2a: Aerodactyl|Protect
|move|p2b: Lucario|Flash Cannon|p1a: Sinistcha
|-damage|p1a: Sinistcha|40/100
|move|p1b: Garchomp|Dragon Claw|p2a: Aerodactyl
|-activate|p2a: Aerodactyl|move: Protect
|move|p1a: Sinistcha|Matcha Gotcha|p2b: Lucario|[spread] p2b
|-activate|p2a: Aerodactyl|move: Protect
|-resisted|p2b: Lucario|1
|-damage|p2b: Lucario|14/100
|-heal|p1a: Sinistcha|47/100|[from] drain|[of] p2b: Lucario
|
|upkeep
|turn|5
|inactive|breloomb01 has 30 seconds left.
|
|t:|1785354603
|move|p2a: Aerodactyl|Rock Slide|p1a: Sinistcha|[spread] 
|-miss|p2a: Aerodactyl|p1a: Sinistcha
|-miss|p2a: Aerodactyl|p1b: Garchomp
|move|p2b: Lucario|Flash Cannon|p1a: Sinistcha
|-damage|p1a: Sinistcha|0 fnt
|faint|p1a: Sinistcha
|move|p1b: Garchomp|Rock Slide|p2b: Lucario|[spread] p2a,p2b
|-supereffective|p2a: Aerodactyl|1
|-resisted|p2b: Lucario|2
|-damage|p2a: Aerodactyl|19/100
|-damage|p2b: Lucario|7/100
|-damage|p1b: Garchomp|90/100|[from] item: Life Orb
|
|-sideend|p2: Screammmmm1|move: Tailwind
|upkeep
|
|t:|1785354607
|switch|p1a: Rotom|Rotom-Wash, L50|37/100
|turn|6
|
|t:|1785354616
|move|p2a: Aerodactyl|Tailwind|p2a: Aerodactyl
|-sidestart|p2: Screammmmm1|move: Tailwind
|move|p2b: Lucario|Aura Sphere|p1b: Garchomp
|-damage|p1b: Garchomp|22/100
|move|p1b: Garchomp|Rock Slide|p2a: Aerodactyl|[spread] p2b
|-miss|p1b: Garchomp|p2a: Aerodactyl
|-resisted|p2b: Lucario|2
|-damage|p2b: Lucario|1/100
|-damage|p1b: Garchomp|12/100|[from] item: Life Orb
|move|p1a: Rotom|Electroweb|p2a: Aerodactyl|[spread] p2a,p2b
|-supereffective|p2a: Aerodactyl|1
|-damage|p2a: Aerodactyl|0 fnt
|-damage|p2b: Lucario|0 fnt
|faint|p2a: Aerodactyl
|faint|p2b: Lucario
|
|-heal|p1a: Rotom|43/100|[from] item: Leftovers
|upkeep
|
|t:|1785354622
|switch|p2b: Gholdengo|Gholdengo, L50|100/100
|turn|7
|
|t:|1785354630
|move|p1b: Garchomp|Protect|p1b: Garchomp
|-singleturn|p1b: Garchomp|Protect
|move|p1a: Rotom|Protect|p1a: Rotom
|-singleturn|p1a: Rotom|Protect
|move|p2b: Gholdengo|Shadow Ball|p1b: Garchomp
|-activate|p1b: Garchomp|move: Protect
|
|-heal|p1a: Rotom|49/100|[from] item: Leftovers
|upkeep
|turn|8
|
|t:|1785354634
|move|p2b: Gholdengo|Shadow Ball|p1b: Garchomp
|-damage|p1b: Garchomp|0 fnt
|faint|p1b: Garchomp
|-damage|p2b: Gholdengo|90/100|[from] item: Life Orb
|move|p1a: Rotom|Hydro Pump|p2b: Gholdengo
|-damage|p2b: Gholdengo|48/100
|
|-heal|p1a: Rotom|54/100|[from] item: Leftovers
|upkeep
|turn|9
|
|t:|1785354641
|move|p2b: Gholdengo|Shadow Ball|p1a: Rotom
|-damage|p1a: Rotom|1/100
|-unboost|p1a: Rotom|spd|1
|-damage|p2b: Gholdengo|39/100|[from] item: Life Orb
|move|p1a: Rotom|Hydro Pump|p2b: Gholdengo|[miss]
|-miss|p1a: Rotom|p2b: Gholdengo
|
|-heal|p1a: Rotom|7/100|[from] item: Leftovers
|-sideend|p2: Screammmmm1|move: Tailwind
|upkeep
|turn|10
|
|t:|1785354644
|move|p2b: Gholdengo|Shadow Ball|p1a: Rotom
|-crit|p1a: Rotom
|-damage|p1a: Rotom|0 fnt
|faint|p1a: Rotom
|-damage|p2b: Gholdengo|29/100|[from] item: Life Orb
|
|win|Screammmmm1
|raw|breloomb01's rating: 1184 → 1152(-32 for losing)
|raw|Screammmmm1's rating: 1085 → 1120(+35 for winning)
