|j|☆NemoAK
|j|☆Sticky55
|html|NemoAKSticky55    
|uhtml|bestof|Game 3 of a best-of-3
|t:|1782224183
|gametype|doubles
|player|p1|NemoAK|265|1193
|player|p2|Sticky55|169|1235
|gen|9
|tier|[Gen 9 Champions] VGC 2026 Reg M-B (Bo3)
|rated|
|rule|Species Clause: Limit one of each Pokémon
|rule|Item Clause: Limit 1 of each item
|clearpoke
|poke|p1|Staraptor, L50, M|
|poke|p1|Whimsicott, L50, M|
|poke|p1|Basculegion, L50, M|
|poke|p1|Farigiraf, L50, M|
|poke|p1|Garchomp, L50, M|
|poke|p1|Camerupt, L50, M|
|poke|p2|Blaziken, L50, M|
|poke|p2|Grimmsnarl, L50, M|
|poke|p2|Aerodactyl, L50, F|
|poke|p2|Sinistcha, L50|
|poke|p2|Kingambit, L50, M|
|poke|p2|Floette-Eternal, L50, F|
|teampreview|4
|showteam|p1|Staraptor||Staraptite|Intimidate|CloseCombat,BraveBird,Protect,Roost|Jolly||M|||50|]Whimsicott||MentalHerb|Prankster|Moonblast,Tailwind,Tickle,FakeTears|Timid||M|||50|]Basculegion||ChoiceScarf|Adaptability|LastRespects,WaveCrash,AquaJet,FlipTurn|Adamant||M|||50|]Farigiraf||SitrusBerry|ArmorTail|HyperVoice,Psychic,TrickRoom,HelpingHand|Quiet||M|||50|]Garchomp||LifeOrb|RoughSkin|Earthquake,RockSlide,ScaleShot,Protect|Jolly||M|||50|]Camerupt||Cameruptite|MagmaArmor|EarthPower,HeatWave,Protect,AncientPower|Quiet||M|||50|
|showteam|p2|Blaziken||LifeOrb|SpeedBoost|FlareBlitz,CloseCombat,Protect,RockSlide|Adamant||M|||50|]Grimmsnarl||LightClay|Prankster|PartingShot,LightScreen,SpiritBreak,Reflect|Adamant||M|||50|]Aerodactyl||Aerodactylite|Unnerve|IceFang,Protect,DualWingbeat,RockSlide|Jolly||F|||50|]Sinistcha||SitrusBerry|Hospitality|MatchaGotcha,Protect,TrickRoom,RagePowder|Bold|||||50|]Kingambit||BlackGlasses|Defiant|Protect,SuckerPunch,KowtowCleave,SwordsDance|Adamant||M|||50|]Floette-Eternal||Floettite|FlowerVeil|DazzlingGleam,Moonblast,Protect,CalmMind|Modest||F|||50|
|inactive|Battle timer is ON: inactive players will automatically lose when time's up. (requested by Sticky55)
|
|t:|1782224201
|teamsize|p1|4
|teamsize|p2|4
|start
|switch|p1a: Staraptor|Staraptor, L50, M|100/100
|switch|p1b: Garchomp|Garchomp, L50, M|100/100
|switch|p2a: Floette|Floette-Eternal, L50, F|100/100
|switch|p2b: Grimmsnarl|Grimmsnarl, L50, M|100/100
|-ability|p1a: Staraptor|Intimidate|boost
|-unboost|p2a: Floette|atk|1
|-unboost|p2b: Grimmsnarl|atk|1
|turn|1
|inactive|Sticky55 has 30 seconds left.
|inactive|Sticky55 has 20 seconds left.
|inactive|Sticky55 has 15 seconds left.
|
|t:|1782224242
|detailschange|p1a: Staraptor|Staraptor-Mega, L50, M
|-mega|p1a: Staraptor|Staraptor|Staraptite
|detailschange|p2a: Floette|Floette-Mega, L50, F
|-mega|p2a: Floette|Floette|Floettite
|-ability|p2a: Floette|Fairy Aura
|move|p2a: Floette|Protect|p2a: Floette
|-singleturn|p2a: Floette|Protect
|move|p2b: Grimmsnarl|Reflect|p2b: Grimmsnarl
|-sidestart|p2: Sticky55|Reflect
|move|p1a: Staraptor|Brave Bird|p2a: Floette
|-activate|p2a: Floette|move: Protect
|move|p1b: Garchomp|Earthquake|p2a: Floette|[spread] p2b
|-activate|p2a: Floette|move: Protect
|-immune|p1a: Staraptor
|-damage|p2b: Grimmsnarl|56/100
|-damage|p1b: Garchomp|90/100|[from] item: Life Orb
|
|upkeep
|turn|2
|inactive|NemoAK has 30 seconds left.
|inactive|Sticky55 has 30 seconds left.
|inactive|Sticky55 has 20 seconds left.
|
|t:|1782224278
|move|p2b: Grimmsnarl|Parting Shot|p1b: Garchomp
|-unboost|p1b: Garchomp|atk|1
|-unboost|p1b: Garchomp|spa|1
|
|t:|1782224285
|switch|p2b: Sinistcha|Sinistcha, L50|100/100|[from] Parting Shot
|move|p1a: Staraptor|Brave Bird|p2a: Floette
|-damage|p2a: Floette|46/100
|-damage|p1a: Staraptor|81/100|[from] Recoil
|move|p1b: Garchomp|Earthquake|p2a: Floette|[spread] p2a,p2b
|-immune|p1a: Staraptor
|-resisted|p2b: Sinistcha|1
|-damage|p2a: Floette|18/100
|-damage|p2b: Sinistcha|91/100
|-damage|p1b: Garchomp|80/100|[from] item: Life Orb
|move|p2a: Floette|Moonblast|p1a: Staraptor
|-supereffective|p1a: Staraptor|1
|-damage|p1a: Staraptor|0 fnt
|faint|p1a: Staraptor
|
|upkeep
|
|t:|1782224301
|switch|p1a: Basculegion|Basculegion, L50, M|100/100
|turn|3
|
|t:|1782224321
|switch|p2a: Grimmsnarl|Grimmsnarl, L50, M|56/100
|move|p1b: Garchomp|Protect|p1b: Garchomp
|-singleturn|p1b: Garchomp|Protect
|move|p2b: Sinistcha|Protect|p2b: Sinistcha
|-singleturn|p2b: Sinistcha|Protect
|move|p1a: Basculegion|Last Respects|p2b: Sinistcha
|-activate|p2b: Sinistcha|move: Protect
|
|upkeep
|turn|4
|inactive|Sticky55 has 30 seconds left.
|
|t:|1782224347
|switch|p1b: Farigiraf|Farigiraf, L50, M|100/100
|move|p2a: Grimmsnarl|Parting Shot||[still]
|cant|p1b: Farigiraf|ability: Armor Tail|Parting Shot|[of] p2a: Grimmsnarl
|move|p1a: Basculegion|Last Respects|p2b: Sinistcha
|-supereffective|p2b: Sinistcha|1
|-damage|p2b: Sinistcha|22/100
|-enditem|p2b: Sinistcha|Sitrus Berry|[eat]
|-heal|p2b: Sinistcha|47/100|[from] item: Sitrus Berry
|move|p2b: Sinistcha|Trick Room|p2b: Sinistcha
|-fieldstart|move: Trick Room|[of] p2b: Sinistcha
|
|upkeep
|turn|5
|
|t:|1782224366
|move|p2a: Grimmsnarl|Spirit Break|p1a: Basculegion
|-damage|p1a: Basculegion|59/100
|-unboost|p1a: Basculegion|spa|1
|move|p2b: Sinistcha|Matcha Gotcha|p1b: Farigiraf|[spread] p1b
|-miss|p2b: Sinistcha|p1a: Basculegion
|-damage|p1b: Farigiraf|78/100
|-heal|p2b: Sinistcha|60/100|[from] drain|[of] p1b: Farigiraf
|move|p1a: Basculegion|Last Respects|p2a: Grimmsnarl
|-resisted|p2a: Grimmsnarl|1
|-damage|p2a: Grimmsnarl|26/100
|move|p1b: Farigiraf|Trick Room|p1b: Farigiraf
|-fieldend|move: Trick Room
|
|upkeep
|turn|6
|inactive|Sticky55 has 30 seconds left.
|inactive|Sticky55 has 20 seconds left.
|inactive|Sticky55 has 15 seconds left.
|inactive|Sticky55 has 10 seconds left.
|inactive|Sticky55 has 5 seconds left.
|
|t:|1782224420
|move|p2b: Sinistcha|Protect|p2b: Sinistcha
|-singleturn|p2b: Sinistcha|Protect
|move|p1a: Basculegion|Last Respects|p2b: Sinistcha
|-activate|p2b: Sinistcha|move: Protect
|move|p2a: Grimmsnarl|Spirit Break|p1b: Farigiraf
|-damage|p1b: Farigiraf|46/100
|-unboost|p1b: Farigiraf|spa|1
|-enditem|p1b: Farigiraf|Sitrus Berry|[eat]
|-heal|p1b: Farigiraf|71/100|[from] item: Sitrus Berry
|move|p1b: Farigiraf|Hyper Voice|p2b: Sinistcha|[spread] p2a
|-activate|p2b: Sinistcha|move: Protect
|-damage|p2a: Grimmsnarl|7/100
|
|upkeep
|turn|7
|inactive|Sticky55 has 30 seconds left.
|
|t:|1782224446
|switch|p2b: Kingambit|Kingambit, L50, M|100/100
|move|p1a: Basculegion|Last Respects|p2b: Kingambit
|-resisted|p2b: Kingambit|1
|-damage|p2b: Kingambit|85/100
|move|p2a: Grimmsnarl|Spirit Break|p1b: Farigiraf
|-crit|p1b: Farigiraf
|-damage|p1b: Farigiraf|23/100
|-unboost|p1b: Farigiraf|spa|1
|move|p1b: Farigiraf|Hyper Voice|p2b: Kingambit|[spread] p2a,p2b
|-resisted|p2b: Kingambit|1
|-damage|p2a: Grimmsnarl|0 fnt
|-damage|p2b: Kingambit|77/100
|faint|p2a: Grimmsnarl
|
|upkeep
|
|t:|1782224465
|switch|p2a: Floette|Floette-Mega, L50, F|18/100
|-ability|p2a: Floette|Fairy Aura
|turn|8
|
|t:|1782224488
|move|p2a: Floette|Protect|p2a: Floette
|-singleturn|p2a: Floette|Protect
|move|p1a: Basculegion|Last Respects|p2a: Floette
|-activate|p2a: Floette|move: Protect
|move|p1b: Farigiraf|Hyper Voice|p2a: Floette|[spread] p2b
|-activate|p2a: Floette|move: Protect
|-resisted|p2b: Kingambit|1
|-damage|p2b: Kingambit|71/100
|move|p2b: Kingambit|Kowtow Cleave|p1b: Farigiraf
|-supereffective|p1b: Farigiraf|1
|-damage|p1b: Farigiraf|0 fnt
|faint|p1b: Farigiraf
|
|-sideend|p2: Sticky55|Reflect
|upkeep
|
|t:|1782224491
|switch|p1b: Garchomp|Garchomp, L50, M|80/100
|turn|9
|inactive|Sticky55 has 30 seconds left.
|inactive|Sticky55 has 20 seconds left.
|inactive|Sticky55 has 15 seconds left.
|inactive|Sticky55 has 10 seconds left.
|inactive|Sticky55 has 5 seconds left.
|
|t:|1782224542
|move|p2b: Kingambit|Sucker Punch|p1a: Basculegion
|-supereffective|p1a: Basculegion|1
|-damage|p1a: Basculegion|0 fnt
|faint|p1a: Basculegion
|move|p1b: Garchomp|Earthquake|p2a: Floette|[spread] p2a,p2b
|-supereffective|p2b: Kingambit|1
|-damage|p2a: Floette|0 fnt
|-damage|p2b: Kingambit|0 fnt
|faint|p2a: Floette
|faint|p2b: Kingambit
|-damage|p1b: Garchomp|70/100|[from] item: Life Orb
|
|upkeep
|
|t:|1782224552
|switch|p2b: Sinistcha|Sinistcha, L50|60/100
|turn|10
|
|t:|1782224558
|move|p1b: Garchomp|Scale Shot|p2b: Sinistcha
|-damage|p2b: Sinistcha|46/100
|-damage|p2b: Sinistcha|30/100
|-damage|p2b: Sinistcha|15/100
|-damage|p2b: Sinistcha|1/100
|-damage|p2b: Sinistcha|0 fnt
|faint|p2b: Sinistcha
|-hitcount|p2: Sinistcha|5
|-damage|p1b: Garchomp|60/100|[from] item: Life Orb
|
|win|NemoAK
|raw|NemoAK's rating: 1193 → 1221(+28 for winning)
|raw|Sticky55's rating: 1235 → 1207(-28 for losing)
|l|☆NemoAK
|player|p1|
