|j|☆ShadowGhost4488
|j|☆toadsamongmen
|html|ShadowGhost4488toadsamongmen    
|uhtml|bestof|Game 1 of a best-of-3
|t:|1783535827
|gametype|doubles
|player|p1|ShadowGhost4488|unknownf|
|player|p2|toadsamongmen|surfer|
|gen|9
|tier|[Gen 9 Champions] VGC 2026 Reg M-B (Bo3)
|rule|Species Clause: Limit one of each Pokémon
|rule|Item Clause: Limit 1 of each item
|clearpoke
|poke|p1|Scrafty, L50, M, shiny|
|poke|p1|Golurk, L50, shiny|
|poke|p1|Sylveon, L50, F, shiny|
|poke|p1|Torkoal, L50, M, shiny|
|poke|p1|Farigiraf, L50, F, shiny|
|poke|p1|Sinistcha, L50, shiny|
|poke|p2|Mawile, L50, F|
|poke|p2|Archaludon, L50, F|
|poke|p2|Pelipper, L50, M|
|poke|p2|Swampert, L50, F|
|poke|p2|Incineroar, L50, F|
|poke|p2|Farigiraf, L50, F|
|teampreview|4
|showteam|p1|Scrafty||Scraftinite|Intimidate|Detect,CloseCombat,KnockOff,FakeOut|Brave||M|||50|]Golurk||Golurkite|IronFist|HeadlongRush,Poltergeist,Protect,RockSlide|Brave|||||50|]Sylveon||FairyFeather|Pixilate|Detect,QuickAttack,HyperVoice,HyperBeam|Quiet||F|||50|]Torkoal||Charcoal|Drought|Eruption,EarthPower,Protect,WeatherBall|Quiet||M|||50|]Farigiraf||SitrusBerry|ArmorTail|TrickRoom,HelpingHand,Thunderbolt,TwinBeam|Relaxed||F|||50|]Sinistcha||ColburBerry|Hospitality|MatchaGotcha,TrickRoom,RagePowder,LifeDew|Relaxed|||||50|
|showteam|p2|Mawile||Mawilite|HyperCutter|SuckerPunch,RockSlide,PlayRough,IronHead|Brave||F|||50|]Archaludon||Leftovers|Stamina|ElectroShot,DragonPulse,AuraSphere,Protect|Calm||F|||50|]Pelipper||FocusSash|Drizzle|Tailwind,WeatherBall,Hurricane,Protect|Modest||M|||50|]Swampert||Swampertite|Damp|HighHorsepower,WaveCrash,Protect,KnockOff|Adamant||F|||50|]Incineroar||Charcoal|Intimidate|FakeOut,FlareBlitz,CloseCombat,ThroatChop|Adamant||F|||50|]Farigiraf||ColburBerry|ArmorTail|TrickRoom,Psychic,HelpingHand,FoulPlay|Relaxed||F|||50|
|inactive|Battle timer is ON: inactive players will automatically lose when time's up. (requested by ShadowGhost4488)
|c|☆ShadowGhost4488|glhf
|c|☆toadsamongmen|u2
|inactive|ShadowGhost4488 has 60 seconds left.
|
|t:|1783535874
|teamsize|p1|4
|teamsize|p2|4
|start
|switch|p1a: Farigiraf|Farigiraf, L50, F, shiny|100/100
|switch|p1b: Scrafty|Scrafty, L50, M, shiny|100/100
|switch|p2a: Pelipper|Pelipper, L50, M|100/100
|switch|p2b: Farigiraf|Farigiraf, L50, F|100/100
|-weather|RainDance|[from] ability: Drizzle|[of] p2a: Pelipper
|-ability|p1b: Scrafty|Intimidate|boost
|-unboost|p2a: Pelipper|atk|1
|-unboost|p2b: Farigiraf|atk|1
|turn|1
|
|t:|1783535901
|switch|p2b: Incineroar|Incineroar, L50, F|100/100
|-ability|p2b: Incineroar|Intimidate|boost
|-unboost|p1a: Farigiraf|atk|1
|-unboost|p1b: Scrafty|atk|1
|switch|p1b: Torkoal|Torkoal, L50, M, shiny|100/100
|-weather|SunnyDay|[from] ability: Drought|[of] p1b: Torkoal
|move|p2a: Pelipper|Hurricane|p1b: Torkoal|[miss]
|-miss|p2a: Pelipper|p1b: Torkoal
|move|p1a: Farigiraf|Thunderbolt|p2a: Pelipper
|-supereffective|p2a: Pelipper|2
|-enditem|p2a: Pelipper|Focus Sash
|-damage|p2a: Pelipper|1/100
|
|-weather|SunnyDay|[upkeep]
|upkeep
|turn|2
|
|t:|1783535924
|switch|p2a: Farigiraf|Farigiraf, L50, F|100/100
|move|p2b: Incineroar|Throat Chop|p1a: Farigiraf
|-supereffective|p1a: Farigiraf|1
|-damage|p1a: Farigiraf|38/100
|-start|p1a: Farigiraf|Throat Chop|[silent]
|-enditem|p1a: Farigiraf|Sitrus Berry|[eat]
|-heal|p1a: Farigiraf|62/100|[from] item: Sitrus Berry
|move|p1b: Torkoal|Eruption|p2b: Incineroar|[spread] p2a,p2b
|-resisted|p2b: Incineroar|1
|-damage|p2a: Farigiraf|11/100
|-damage|p2b: Incineroar|62/100
|move|p1a: Farigiraf|Trick Room|p1a: Farigiraf
|-fieldstart|move: Trick Room|[of] p1a: Farigiraf
|
|-weather|SunnyDay|[upkeep]
|upkeep
|turn|3
|
|t:|1783535940
|switch|p2a: Pelipper|Pelipper, L50, M|1/100
|-weather|RainDance|[from] ability: Drizzle|[of] p2a: Pelipper
|move|p1a: Farigiraf|Helping Hand|p1b: Torkoal
|-singleturn|p1b: Torkoal|Helping Hand|[of] p1a: Farigiraf
|move|p1b: Torkoal|Eruption|p2a: Pelipper|[spread] p2a,p2b
|-resisted|p2a: Pelipper|1
|-resisted|p2b: Incineroar|1
|-damage|p2a: Pelipper|0 fnt
|-damage|p2b: Incineroar|43/100
|faint|p2a: Pelipper
|move|p2b: Incineroar|Throat Chop|p1b: Torkoal
|-damage|p1b: Torkoal|68/100
|-start|p1b: Torkoal|Throat Chop|[silent]
|
|-weather|RainDance|[upkeep]
|-end|p1a: Farigiraf|Throat Chop|[silent]
|upkeep
|
|t:|1783535948
|switch|p2a: Farigiraf|Farigiraf, L50, F|11/100
|turn|4
|
|t:|1783535966
|move|p2a: Farigiraf|Helping Hand|p2b: Incineroar
|-singleturn|p2b: Incineroar|Helping Hand|[of] p2a: Farigiraf
|move|p1b: Torkoal|Weather Ball|p2b: Incineroar
|-supereffective|p2b: Incineroar|1
|-damage|p2b: Incineroar|0 fnt
|faint|p2b: Incineroar
|move|p1a: Farigiraf|Thunderbolt|p2a: Farigiraf
|-damage|p2a: Farigiraf|0 fnt
|faint|p2a: Farigiraf
|
|-weather|RainDance|[upkeep]
|-end|p1b: Torkoal|Throat Chop|[silent]
|upkeep
|
|t:|1783535974
|switch|p2a: Mawile|Mawile, L50, F|100/100
|turn|5
|
|t:|1783535990
|switch|p1b: Scrafty|Scrafty, L50, M, shiny|100/100
|-ability|p1b: Scrafty|Intimidate|boost
|-fail|p2a: Mawile|unboost|Attack|[from] ability: Hyper Cutter|[of] p2a: Mawile
|switch|p1a: Sylveon|Sylveon, L50, F, shiny|100/100
|detailschange|p2a: Mawile|Mawile-Mega, L50, F
|-mega|p2a: Mawile|Mawile|Mawilite
|move|p2a: Mawile|Rock Slide|p1a: Sylveon|[spread] p1a,p1b
|-resisted|p1b: Scrafty|1
|-damage|p1a: Sylveon|60/100
|-damage|p1b: Scrafty|83/100
|
|-weather|RainDance|[upkeep]
|upkeep
|turn|6
|inactive|ShadowGhost4488 has 30 seconds left.
|
|t:|1783536017
|switch|p1a: Torkoal|Torkoal, L50, M, shiny|68/100
|-weather|SunnyDay|[from] ability: Drought|[of] p1a: Torkoal
|detailschange|p1b: Scrafty|Scrafty-Mega, L50, M, shiny
|-mega|p1b: Scrafty|Scrafty|Scraftinite
|-ability|p1b: Scrafty|Intimidate|boost
|-unboost|p2a: Mawile|atk|1
|move|p1b: Scrafty|Fake Out|p2a: Mawile
|-resisted|p2a: Mawile|1
|-damage|p2a: Mawile|93/100
|cant|p2a: Mawile|flinch
|
|-weather|SunnyDay|[upkeep]
|-fieldend|move: Trick Room
|upkeep
|turn|7
|
|t:|1783536030
|move|p1b: Scrafty|Close Combat|p2a: Mawile
|-damage|p2a: Mawile|34/100
|-unboost|p1b: Scrafty|def|1
|-unboost|p1b: Scrafty|spd|1
|move|p2a: Mawile|Rock Slide|p1b: Scrafty|[spread] p1a,p1b
|-supereffective|p1a: Torkoal|1
|-resisted|p1b: Scrafty|1
|-damage|p1a: Torkoal|32/100
|-damage|p1b: Scrafty|70/100
|move|p1a: Torkoal|Weather Ball|p2a: Mawile
|-supereffective|p2a: Mawile|1
|-damage|p2a: Mawile|0 fnt
|faint|p2a: Mawile
|
|win|ShadowGhost4488
||toadsamongmen is ready for game 2.
||ShadowGhost4488 is ready for game 2.
|uhtml|next|Next: Game 2 of 3
