|j|☆Jaylek
|j|☆Sub Force
|html|JaylekSub Force    
|uhtml|bestof|Game 1 of a best-of-3
|t:|1757904923
|gametype|doubles
|player|p1|Jaylek|aaron|1259
|player|p2|Sub Force|smasher|1088
|gen|9
|tier|[Gen 9] VGC 2025 Reg H (Bo3)
|rated|
|rule|Species Clause: Limit one of each Pokémon
|rule|Item Clause: Limit 1 of each item
|clearpoke
|poke|p1|Basculegion, L50, M|
|poke|p1|Volcarona, L50, M|
|poke|p1|Ursaluna-Bloodmoon, L50, M|
|poke|p1|Rillaboom, L50, M|
|poke|p1|Hitmontop, L50, M|
|poke|p1|Sneasler, L50, F|
|poke|p2|Corviknight, L50, F|
|poke|p2|Garchomp, L50, M|
|poke|p2|Tyranitar, L50, M|
|poke|p2|Volcarona, L50, F|
|poke|p2|Whimsicott, L50, F|
|poke|p2|Annihilape, L50, F|
|teampreview|4
|showteam|p1|Basculegion||ChoiceScarf|Adaptability|WaveCrash,LastRespects,TeraBlast,FlipTurn|||M|||50|,,,,,Fairy]Volcarona||CovertCloak|FlameBody|HeatWave,TeraBlast,Protect,QuiverDance|||M|||50|,,,,,Fairy]Ursaluna-Bloodmoon||LifeOrb|MindsEye|BloodMoon,EarthPower,HyperVoice,Protect|||M|||50|,,,,,Ghost]Rillaboom||AssaultVest|GrassySurge|WoodHammer,HighHorsepower,GrassyGlide,FakeOut|||M|||50|,,,,,Dragon]Hitmontop||ClearAmulet|Intimidate|CloseCombat,WideGuard,Feint,FakeOut|||M|||50|,,,,,Dark]Sneasler||GrassySeed|Unburden|DireClaw,CloseCombat,Acrobatics,FakeOut|||F|||50|,,,,,Dark
|showteam|p2|Corviknight||RockyHelmet|MirrorArmor|BraveBird,Roost,Tailwind,Taunt|||F|||50|,,,,,Water]Garchomp||LifeOrb|SandVeil|Earthquake,Protect,DragonClaw,IronHead|||M|||50|,,,,,Steel]Tyranitar||AssaultVest|SandStream|RockSlide,KnockOff,TeraBlast,Snarl|||M|||50|,,,,,Flying]Volcarona||Leftovers|FlameBody|HeatWave,QuiverDance,Protect,GigaDrain|||F|||50|,,,,,Grass]Whimsicott||CovertCloak|Prankster|Moonblast,BeatUp,Tailwind,Encore|||F|||50|,,,,,Water]Annihilape||SafetyGoggles|Defiant|DrainPunch,RageFist,Coaching,Protect|||F|||50|,,,,,Fire
|inactive|Battle timer is ON: inactive players will automatically lose when time's up. (requested by Sub Force)
|inactive|Jaylek has 60 seconds left.
|inactive|Sub Force has 60 seconds left.
|inactive|Jaylek has 30 seconds left.
|inactive|Sub Force has 30 seconds left.
|inactive|Sub Force has 20 seconds left.
|inactive|Sub Force has 15 seconds left.
|
|t:|1757905003
|teamsize|p1|4
|teamsize|p2|4
|start
|switch|p1a: Basculegion|Basculegion, L50, M|100/100
|switch|p1b: Sneasler|Sneasler, L50, F|100/100
|switch|p2a: Annihilape|Annihilape, L50, F|100/100
|switch|p2b: Whimsicott|Whimsicott, L50, F|100/100
|turn|1
|inactive|Jaylek has 30 seconds left.
|inactive|Sub Force has 30 seconds left.
|inactive|Jaylek has 20 seconds left.
|inactive|Sub Force has 20 seconds left.
|inactive|Jaylek has 15 seconds left.
|inactive|Sub Force has 15 seconds left.
|inactive|Jaylek has 10 seconds left.
|inactive|Sub Force has 10 seconds left.
|
|t:|1757905052
|switch|p2b: Garchomp|Garchomp, L50, M|100/100
|move|p1a: Basculegion|Flip Turn|p2b: Garchomp
|-damage|p2b: Garchomp|64/100
|
|t:|1757905060
|switch|p1a: Rillaboom|Rillaboom, L50, M|100/100|[from] Flip Turn
|-fieldstart|move: Grassy Terrain|[from] ability: Grassy Surge|[of] p1a: Rillaboom
|-enditem|p1b: Sneasler|Grassy Seed
|-boost|p1b: Sneasler|def|1|[from] item: Grassy Seed
|move|p1b: Sneasler|Acrobatics|p2a: Annihilape
|-supereffective|p2a: Annihilape
|-damage|p2a: Annihilape|29/100
|move|p2a: Annihilape|Coaching|p2b: Garchomp
|-boost|p2b: Garchomp|atk|1
|-boost|p2b: Garchomp|def|1
|
|-heal|p2b: Garchomp|70/100|[from] Grassy Terrain
|-heal|p2a: Annihilape|36/100|[from] Grassy Terrain
|upkeep
|turn|2
|inactive|Jaylek has 30 seconds left.
|inactive|Sub Force has 30 seconds left.
|inactive|Jaylek has 20 seconds left.
|
|t:|1757905096
|switch|p2a: Volcarona|Volcarona, L50, F|100/100
|move|p2b: Garchomp|Protect|p2b: Garchomp
|-singleturn|p2b: Garchomp|Protect
|move|p1a: Rillaboom|Grassy Glide|p2b: Garchomp
|-activate|p2b: Garchomp|move: Protect
|move|p1b: Sneasler|Dire Claw|p2b: Garchomp
|-activate|p2b: Garchomp|move: Protect
|
|-heal|p2b: Garchomp|77/100|[from] Grassy Terrain
|upkeep
|turn|3
|inactive|Jaylek has 30 seconds left.
|inactive|Sub Force has 30 seconds left.
|inactive|Jaylek has 20 seconds left.
|
|t:|1757905136
|-terastallize|p2b: Garchomp|Steel
|move|p1a: Rillaboom|Grassy Glide|p2b: Garchomp
|-resisted|p2b: Garchomp
|-damage|p2b: Garchomp|62/100
|move|p1b: Sneasler|Dire Claw|p2b: Garchomp
|-immune|p2b: Garchomp
|move|p2a: Volcarona|Quiver Dance|p2a: Volcarona
|-boost|p2a: Volcarona|spa|1
|-boost|p2a: Volcarona|spd|1
|-boost|p2a: Volcarona|spe|1
|move|p2b: Garchomp|Dragon Claw|p1b: Sneasler
|-damage|p1b: Sneasler|0 fnt
|faint|p1b: Sneasler
|-damage|p2b: Garchomp|53/100|[from] item: Life Orb
|
|-heal|p2b: Garchomp|59/100|[from] Grassy Terrain
|upkeep
|
|t:|1757905144
|switch|p1b: Ursaluna|Ursaluna-Bloodmoon, L50, M|100/100
|turn|4
|
|t:|1757905167
|-terastallize|p1b: Ursaluna|Ghost
|move|p2a: Volcarona|Heat Wave|p1b: Ursaluna|[spread] p1b
|-miss|p2a: Volcarona|p1a: Rillaboom
|-damage|p1b: Ursaluna|36/100
|move|p2b: Garchomp|Iron Head|p1a: Rillaboom
|-damage|p1a: Rillaboom|16/100
|-damage|p2b: Garchomp|49/100|[from] item: Life Orb
|move|p1a: Rillaboom|High Horsepower|p2b: Garchomp
|-supereffective|p2b: Garchomp
|-damage|p2b: Garchomp|6/100
|move|p1b: Ursaluna|Hyper Voice|p2a: Volcarona|[spread] p2a,p2b
|-resisted|p2b: Garchomp
|-damage|p2a: Volcarona|69/100
|-damage|p2b: Garchomp|0 fnt
|faint|p2b: Garchomp
|-damage|p1b: Ursaluna|26/100|[from] item: Life Orb
|
|-heal|p2a: Volcarona|75/100|[from] Grassy Terrain
|-heal|p2a: Volcarona|81/100|[from] item: Leftovers
|-heal|p1a: Rillaboom|22/100|[from] Grassy Terrain
|-heal|p1b: Ursaluna|32/100|[from] Grassy Terrain
|upkeep
|
|t:|1757905181
|switch|p2b: Whimsicott|Whimsicott, L50, F|100/100
|turn|5
|
|t:|1757905200
|switch|p1a: Basculegion|Basculegion, L50, M|100/100
|move|p1b: Ursaluna|Protect|p1b: Ursaluna
|-singleturn|p1b: Ursaluna|Protect
|move|p2b: Whimsicott|Tailwind|p2b: Whimsicott
|-sidestart|p2: Sub Force|move: Tailwind
|move|p2a: Volcarona|Heat Wave|p1b: Ursaluna|[spread] p1a
|-activate|p1b: Ursaluna|move: Protect
|-resisted|p1a: Basculegion
|-damage|p1a: Basculegion|73/100
|
|-heal|p2a: Volcarona|87/100|[from] Grassy Terrain
|-heal|p2a: Volcarona|94/100|[from] item: Leftovers
|-heal|p1a: Basculegion|80/100|[from] Grassy Terrain
|-heal|p1b: Ursaluna|38/100|[from] Grassy Terrain
|-fieldend|move: Grassy Terrain
|upkeep
|turn|6
|
|t:|1757905216
|switch|p1a: Rillaboom|Rillaboom, L50, M|22/100
|-fieldstart|move: Grassy Terrain|[from] ability: Grassy Surge|[of] p1a: Rillaboom
|move|p2b: Whimsicott|Encore|p1b: Ursaluna
|-start|p1b: Ursaluna|Encore
|move|p2a: Volcarona|Giga Drain|p1a: Rillaboom
|-resisted|p1a: Rillaboom
|-damage|p1a: Rillaboom|1/100
|-heal|p2a: Volcarona|100/100|[from] drain|[of] p1a: Rillaboom
|move|p1b: Ursaluna|Protect||[still]
|-fail|p1b: Ursaluna
|
|-heal|p1a: Rillaboom|7/100|[from] Grassy Terrain
|-heal|p1b: Ursaluna|44/100|[from] Grassy Terrain
|upkeep
|turn|7
|
|t:|1757905235
|switch|p1b: Basculegion|Basculegion, L50, M|80/100
|move|p1a: Rillaboom|Fake Out|p2a: Volcarona
|-damage|p2a: Volcarona|82/100
|cant|p2a: Volcarona|flinch
|move|p2b: Whimsicott|Moonblast|p1a: Rillaboom
|-damage|p1a: Rillaboom|0 fnt
|faint|p1a: Rillaboom
|
|-heal|p2a: Volcarona|89/100|[from] Grassy Terrain
|-heal|p2a: Volcarona|95/100|[from] item: Leftovers
|-heal|p1b: Basculegion|86/100|[from] Grassy Terrain
|upkeep
|
|t:|1757905241
|switch|p1a: Ursaluna|Ursaluna-Bloodmoon, L50, M, tera:Ghost|44/100
|turn|8
|
|t:|1757905251
|move|p2a: Volcarona|Giga Drain|p1b: Basculegion
|-supereffective|p1b: Basculegion
|-damage|p1b: Basculegion|0 fnt
|-heal|p2a: Volcarona|100/100|[from] drain|[of] p1b: Basculegion
|faint|p1b: Basculegion
|move|p2b: Whimsicott|Moonblast|p1a: Ursaluna
|-damage|p1a: Ursaluna|14/100
|-unboost|p1a: Ursaluna|spa|1
|move|p1a: Ursaluna|Hyper Voice|p2a: Volcarona|[spread] p2a,p2b
|-damage|p2a: Volcarona|80/100
|-damage|p2b: Whimsicott|62/100
|-damage|p1a: Ursaluna|4/100|[from] item: Life Orb
|
|-heal|p2a: Volcarona|86/100|[from] Grassy Terrain
|-heal|p2a: Volcarona|93/100|[from] item: Leftovers
|-heal|p2b: Whimsicott|68/100|[from] Grassy Terrain
|-heal|p1a: Ursaluna|10/100|[from] Grassy Terrain
|-sideend|p2: Sub Force|move: Tailwind
|upkeep
|turn|9
|-message|Jaylek forfeited.
|
|win|Sub Force
||Jaylek is ready for game 2.
||Sub Force is ready for game 2.
|uhtml|next|Next: Game 2 of 3
|l|☆Jaylek
|player|p1|
