|j|☆Sodamario
|j|☆TMJS01
|html|SodamarioTMJS01    
|uhtml|bestof|Game 3 of a best-of-3
|t:|1782497122
|gametype|doubles
|player|p1|Sodamario|cynthia-gen4|1444
|player|p2|TMJS01|unknown|1348
|gen|9
|tier|[Gen 9 Champions] VGC 2026 Reg M-B (Bo3)
|rated|
|rule|Species Clause: Limit one of each Pokémon
|rule|Item Clause: Limit 1 of each item
|clearpoke
|poke|p1|Blaziken, L50, F|
|poke|p1|Froslass, L50, F|
|poke|p1|Kingambit, L50, F|
|poke|p1|Sneasler, L50, M|
|poke|p1|Whimsicott, L50, M|
|poke|p1|Basculegion, L50, M|
|poke|p2|Sinistcha, L50|
|poke|p2|Incineroar, L50, M|
|poke|p2|Garchomp, L50, M|
|poke|p2|Floette-Eternal, L50, F|
|poke|p2|Delphox, L50, M|
|poke|p2|Kingambit, L50, M|
|teampreview|4
|showteam|p1|Blaziken||Blazikenite|SpeedBoost|FlareBlitz,CloseCombat,RockTomb,Protect|Adamant||F|||50|]Froslass||Froslassite|SnowCloak|Blizzard,ShadowBall,AuroraVeil,Protect|Timid||F|||50|]Kingambit||BlackGlasses|Defiant|KowtowCleave,IronHead,SuckerPunch,Protect|Adamant||F|||50|]Sneasler||WhiteHerb|Unburden|CloseCombat,GunkShot,FakeOut,Protect|Jolly||M|||50|]Whimsicott||FocusSash|Prankster|Moonblast,Tailwind,Encore,Protect|Timid||M|||50|]Basculegion||LifeOrb|Adaptability|WaveCrash,LastRespects,AquaJet,Protect|Adamant||M|||50|
|showteam|p2|Sinistcha||KasibBerry|Hospitality|MatchaGotcha,RagePowder,TrickRoom,LifeDew|Relaxed|||||50|]Incineroar||ChopleBerry|Intimidate|ThroatChop,FlareBlitz,PartingShot,FakeOut|Impish||M|||50|]Garchomp||LifeOrb|RoughSkin|ScaleShot,StompingTantrum,Protect,RockTomb|Jolly||M|||50|]Floette-Eternal||Floettite|FlowerVeil|Protect,CalmMind,Moonblast,DazzlingGleam|Modest||F|||50|]Delphox||Delphoxite|Blaze|NastyPlot,HeatWave,Psyshock,Protect|Timid||M|||50|]Kingambit||FocusSash|Defiant|SuckerPunch,IronHead,KowtowCleave,LowKick|Brave||M|||50|
|
|t:|1782497140
|teamsize|p1|4
|teamsize|p2|4
|start
|switch|p1a: Kingambit|Kingambit, L50, F|100/100
|switch|p1b: Blaziken|Blaziken, L50, F|100/100
|switch|p2a: Incineroar|Incineroar, L50, M|100/100
|switch|p2b: Floette|Floette-Eternal, L50, F|100/100
|-ability|p2a: Incineroar|Intimidate|boost
|-unboost|p1a: Kingambit|atk|1
|-ability|p1a: Kingambit|Defiant|boost
|-boost|p1a: Kingambit|atk|2
|-unboost|p1b: Blaziken|atk|1
|turn|1
|
|t:|1782497151
|detailschange|p1b: Blaziken|Blaziken-Mega, L50, F
|-mega|p1b: Blaziken|Blaziken|Blazikenite
|detailschange|p2b: Floette|Floette-Mega, L50, F
|-mega|p2b: Floette|Floette|Floettite
|-ability|p2b: Floette|Fairy Aura
|move|p1b: Blaziken|Flare Blitz|p2b: Floette
|-damage|p2b: Floette|49/100
|-status|p2b: Floette|brn
|-damage|p1b: Blaziken|83/100|[from] Recoil
|move|p2b: Floette|Dazzling Gleam|p1b: Blaziken|[spread] p1a,p1b
|-damage|p1a: Kingambit|58/100
|-damage|p1b: Blaziken|16/100
|move|p2a: Incineroar|Flare Blitz|p1a: Kingambit
|-supereffective|p1a: Kingambit|1
|-damage|p1a: Kingambit|0 fnt
|faint|p1a: Kingambit
|-damage|p2a: Incineroar|79/100|[from] Recoil
|
|-damage|p2b: Floette|43/100 brn|[from] brn
|-ability|p1b: Blaziken|Speed Boost|boost
|-boost|p1b: Blaziken|spe|1
|upkeep
|
|t:|1782497167
|switch|p1a: Basculegion|Basculegion, L50, M|100/100
|turn|2
|
|t:|1782497186
|switch|p2a: Sinistcha|Sinistcha, L50|100/100
|-heal|p2b: Floette|68/100 brn|[from] ability: Hospitality|[of] p2a: Sinistcha
|move|p1a: Basculegion|Aqua Jet|p2b: Floette
|-damage|p2b: Floette|31/100 brn
|-damage|p1a: Basculegion|90/100|[from] item: Life Orb
|move|p1b: Blaziken|Close Combat|p2b: Floette
|-resisted|p2b: Floette|1
|-damage|p2b: Floette|5/100 brn
|-unboost|p1b: Blaziken|def|1
|-unboost|p1b: Blaziken|spd|1
|move|p2b: Floette|Dazzling Gleam|p1a: Basculegion|[spread] p1a,p1b
|-damage|p1a: Basculegion|33/100
|-damage|p1b: Blaziken|0 fnt
|faint|p1b: Blaziken
|
|-damage|p2b: Floette|0 fnt|[from] brn
|faint|p2b: Floette
|upkeep
|
|t:|1782497198
|switch|p1b: Whimsicott|Whimsicott, L50, M|100/100
|switch|p2b: Kingambit|Kingambit, L50, M|100/100
|turn|3
|
|t:|1782497235
|move|p1b: Whimsicott|Protect|p1b: Whimsicott
|-singleturn|p1b: Whimsicott|Protect
|move|p1a: Basculegion|Last Respects|p2a: Sinistcha
|-supereffective|p2a: Sinistcha|1
|-enditem|p2a: Sinistcha|Kasib Berry|[eat]
|-enditem|p2a: Sinistcha|Kasib Berry|[weaken]
|-damage|p2a: Sinistcha|0 fnt
|faint|p2a: Sinistcha
|-damage|p1a: Basculegion|23/100|[from] item: Life Orb
|move|p2b: Kingambit|Iron Head|p1b: Whimsicott
|-activate|p1b: Whimsicott|move: Protect
|
|upkeep
|
|t:|1782497240
|switch|p2a: Incineroar|Incineroar, L50, M|79/100
|-ability|p2a: Incineroar|Intimidate|boost
|-unboost|p1a: Basculegion|atk|1
|-unboost|p1b: Whimsicott|atk|1
|turn|4
|
|t:|1782497250
|move|p1b: Whimsicott|Protect||[still]
|-fail|p1b: Whimsicott
|move|p1a: Basculegion|Protect|p1a: Basculegion
|-singleturn|p1a: Basculegion|Protect
|move|p2a: Incineroar|Fake Out|p1b: Whimsicott
|-damage|p1b: Whimsicott|83/100
|move|p2b: Kingambit|Iron Head|p1b: Whimsicott
|-supereffective|p1b: Whimsicott|1
|-damage|p1b: Whimsicott|0 fnt
|faint|p1b: Whimsicott
|
|upkeep
|turn|5
|-message|Sodamario forfeited.
|
|win|TMJS01
|raw|Sodamario's rating: 1444 → 1419(-25 for losing)
|raw|TMJS01's rating: 1348 → 1373(+25 for winning)
|l|☆Sodamario
|player|p1|
