|j|‽Slackermaru
|j|☆Zady11
|html|SlackermaruZady11    
|uhtml|bestof|Game 3 of a best-of-3
|t:|1754517610
|gametype|doubles
|player|p1|Slackermaru|workerice|1299
|player|p2|Zady11|guitarist|1217
|gen|9
|tier|[Gen 9] VGC 2025 Reg H (Bo3)
|rated|
|rule|Species Clause: Limit one of each Pokémon
|rule|Item Clause: Limit 1 of each item
|clearpoke
|poke|p1|Porygon2, L50|
|poke|p1|Hydreigon, L50, M|
|poke|p1|Incineroar, L50, F|
|poke|p1|Garchomp, L50, F|
|poke|p1|Amoonguss, L50, M|
|poke|p1|Gholdengo, L50|
|poke|p2|Whimsicott, L50, M|
|poke|p2|Typhlosion-Hisui, L50, F|
|poke|p2|Basculegion, L50, M|
|poke|p2|Ursaluna-Bloodmoon, L50, M|
|poke|p2|Farigiraf, L50, M|
|poke|p2|Maushold-Four, L50|
|teampreview|4
|showteam|p1|Porygon2||Eviolite|Download|TeraBlast,IceBeam,TrickRoom,Recover||||||50|,,,,,Fighting]Hydreigon||SafetyGoggles|Levitate|Snarl,DracoMeteor,Tailwind,Protect|||M|||50|,,,,,Ghost]Incineroar||SitrusBerry|Intimidate|FlareBlitz,KnockOff,PartingShot,FakeOut|||F|||50|,,,,,Grass]Garchomp||LoadedDice|RoughSkin|ScaleShot,Earthquake,StompingTantrum,Protect|||F|||50|,,,,,Fire]Amoonguss||CovertCloak|Regenerator|PollenPuff,Spore,RagePowder,Protect|||M|||50|,,,,,Fire]Gholdengo||MetalCoat|GoodasGold|MakeItRain,ShadowBall,NastyPlot,Protect||||||50|,,,,,Flying
|showteam|p2|Whimsicott||CovertCloak|Prankster|Moonblast,SunnyDay,Encore,Tailwind|||M|||50|,,,,,Water]Typhlosion-Hisui||ChoiceSpecs|Blaze|Eruption,HeatWave,ShadowBall,Overheat|||F|||50|,,,,,Fire]Basculegion||ChoiceScarf|Adaptability|WaveCrash,LastRespects,AquaJet,FlipTurn|||M|||50|,,,,,Water]Ursaluna-Bloodmoon||LifeOrb|MindsEye|BloodMoon,HyperVoice,EarthPower,Protect|||M|||50|,,,,,Normal]Farigiraf||ThroatSpray|ArmorTail|HyperVoice,HelpingHand,Psychic,TrickRoom|||M|||50|,,,,,Fire]Maushold-Four||WideLens|Technician|PopulationBomb,Taunt,FollowMe,Protect||||||50|,,,,,Ghost
|
|t:|1754517670
|teamsize|p1|4
|teamsize|p2|4
|start
|switch|p1a: Incineroar|Incineroar, L50, F, shiny|100/100
|switch|p1b: Hydreigon|Hydreigon, L50, M, shiny|100/100
|switch|p2a: Brad|Whimsicott, L50, M|100/100
|switch|p2b: Mike|Ursaluna-Bloodmoon, L50, M|100/100
|-ability|p1a: Incineroar|Intimidate|boost
|-unboost|p2a: Brad|atk|1
|-unboost|p2b: Mike|atk|1
|turn|1
|inactive|Battle timer is ON: inactive players will automatically lose when time's up. (requested by Zady11)
|
|t:|1754517688
|-terastallize|p1b: Hydreigon|Ghost
|move|p1a: Incineroar|Fake Out|p2b: Mike
|-crit|p2b: Mike
|-damage|p2b: Mike|86/100
|move|p1b: Hydreigon|Tailwind|p1b: Hydreigon
|-sidestart|p1: Slackermaru|move: Tailwind
|move|p2a: Brad|Moonblast|p1b: Hydreigon
|-damage|p1b: Hydreigon|69/100
|-unboost|p1b: Hydreigon|spa|1
|cant|p2b: Mike|flinch
|
|upkeep
|turn|2
|
|t:|1754517713
|-terastallize|p2a: Brad|Water
|move|p2a: Brad|Encore|p1b: Hydreigon
|-start|p1b: Hydreigon|Encore
|move|p1b: Hydreigon|Tailwind||[still]
|-fail|p1b: Hydreigon
|move|p1a: Incineroar|Flare Blitz|p2a: Brad
|-resisted|p2a: Brad
|-damage|p2a: Brad|72/100
|-damage|p1a: Incineroar|92/100|[from] Recoil
|move|p2b: Mike|Earth Power|p1a: Incineroar
|-supereffective|p1a: Incineroar
|-damage|p1a: Incineroar|0 fnt
|faint|p1a: Incineroar
|-damage|p2b: Mike|76/100|[from] item: Life Orb
|
|upkeep
|
|t:|1754517727
|switch|p1a: Porygon2|Porygon2, L50, shiny|100/100
|-ability|p1a: Porygon2|Download|boost
|-boost|p1a: Porygon2|spa|1
|turn|3
|
|t:|1754517739
|switch|p1b: Garchomp|Garchomp, L50, F, shiny|100/100
|move|p1a: Porygon2|Ice Beam|p2b: Mike
|-supereffective|p2b: Mike
|-damage|p2b: Mike|0 fnt
|faint|p2b: Mike
|move|p2a: Brad|Moonblast|p1a: Porygon2
|-crit|p1a: Porygon2
|-damage|p1a: Porygon2|75/100
|-unboost|p1a: Porygon2|spa|1
|
|upkeep
|inactive|Zady11 has 30 seconds left.
|
|t:|1754517768
|switch|p2b: Emily|Typhlosion-Hisui, L50, F|100/100
|turn|4
|
|t:|1754517786
|move|p2a: Brad|Tailwind|p2a: Brad
|-sidestart|p2: Zady11|move: Tailwind
|move|p2b: Emily|Eruption|p1b: Garchomp|[spread] p1a,p1b
|-resisted|p1b: Garchomp
|-damage|p1a: Porygon2|26/100
|-damage|p1b: Garchomp|54/100
|move|p1b: Garchomp|Stomping Tantrum|p2b: Emily
|-supereffective|p2b: Emily
|-damage|p2b: Emily|0 fnt
|faint|p2b: Emily
|move|p1a: Porygon2|Trick Room|p1a: Porygon2
|-fieldstart|move: Trick Room|[of] p1a: Porygon2
|
|-sideend|p1: Slackermaru|move: Tailwind
|upkeep
|
|t:|1754517797
|switch|p2b: Dave|Basculegion, L50, M|100/100
|turn|5
|
|t:|1754517820
|switch|p1a: Hydreigon|Hydreigon, L50, M, shiny, tera:Ghost|69/100
|move|p2a: Brad|Encore||[still]
|-fail|p2a: Brad
|move|p1b: Garchomp|Earthquake|p2b: Dave|[spread] p2a,p2b
|-immune|p1a: Hydreigon|[from] ability: Levitate
|-crit|p2a: Brad
|-damage|p2a: Brad|0 fnt
|-damage|p2b: Dave|50/100
|faint|p2a: Brad
|move|p2b: Dave|Wave Crash|p1b: Garchomp
|-damage|p1b: Garchomp|0 fnt
|-damage|p2b: Dave|37/100|[from] ability: Rough Skin|[of] p1b: Garchomp
|faint|p1b: Garchomp
|-damage|p2b: Dave|20/100|[from] Recoil
|
|upkeep
|-message|Zady11 forfeited.
|
|win|Slackermaru
|raw|Slackermaru's rating: 1299 → 1318(+19 for winning)
|raw|Zady11's rating: 1217 → 1198(-19 for losing)
