|j|☆ClefableBot
|j|☆LuckGalicia
|html|ClefableBotLuckGalicia    
|uhtml|bestof|Game 2 of a best-of-3
|t:|1782594770
|gametype|doubles
|player|p1|ClefableBot|koga|1194
|player|p2|LuckGalicia|aaron|1092
|gen|9
|tier|[Gen 9 Champions] VGC 2026 Reg M-B (Bo3)
|rated|
|rule|Species Clause: Limit one of each Pokémon
|rule|Item Clause: Limit 1 of each item
|clearpoke
|poke|p1|Floette-Eternal, L50, F|
|poke|p1|Aerodactyl, L50, F|
|poke|p1|Garchomp, L50, F|
|poke|p1|Incineroar, L50, F|
|poke|p1|Sinistcha-Masterpiece, L50|
|poke|p1|Maushold-Four, L50|
|poke|p2|Staraptor, L50, M, shiny|
|poke|p2|Liepard, L50, F|
|poke|p2|Sinistcha, L50|
|poke|p2|Sableye, L50, F|
|poke|p2|Grimmsnarl, L50, M|
|poke|p2|Scizor, L50, F|
|teampreview|4
|showteam|p1|Floette-Eternal||Floettite|FlowerVeil|Protect,DrainingKiss,Moonblast,CalmMind|Bold||F|||50|]Aerodactyl||Aerodactylite|Unnerve|Protect,Tailwind,DualWingbeat,RockSlide|Jolly||F|||50|]Garchomp||SitrusBerry|RoughSkin|Protect,DragonClaw,StompingTantrum,RockSlide|Adamant||F|||50|]Incineroar||PasshoBerry|Intimidate|FlareBlitz,PartingShot,ThroatChop,FakeOut|Impish||F|||50|]Sinistcha-Masterpiece||KasibBerry|Hospitality|Protect,RagePowder,MatchaGotcha,LifeDew|Bold|||||50|]Maushold-Four||FocusSash|FriendGuard|Protect,FollowMe,SuperFang,Feint|Timid|||||50|
|showteam|p2|Staraptor||Staraptite|Intimidate|CloseCombat,DualWingbeat,Roost,Protect|Adamant||M|||50|]Liepard||FocusSash|Prankster|FakeOut,ThunderWave,Charm,FakeTears|Careful||F|||50|]Sinistcha||Leftovers|Hospitality|MatchaGotcha,StrengthSap,RagePowder,Hex|Bold|||||50|]Sableye||MentalHerb|Prankster|Disable,Encore,SunnyDay,WillOWisp|Impish||F|||50|]Grimmsnarl||LightClay|Prankster|LightScreen,Reflect,ScaryFace,FakeTears|Careful||M|||50|]Scizor||LifeOrb|Technician|BulletPunch,KnockOff,Uturn,Protect|Adamant||F|||50|
|inactive|Battle timer is ON: inactive players will automatically lose when time's up. (requested by ClefableBot)
|inactive|ClefableBot has 60 seconds left.
|
|t:|1782594826
|teamsize|p1|4
|teamsize|p2|4
|start
|switch|p1a: Aerodactyl|Aerodactyl, L50, F|100/100
|switch|p1b: Garchomp|Garchomp, L50, F|100/100
|switch|p2a: Grimmsnarl|Grimmsnarl, L50, M|100/100
|switch|p2b: Eyeliner|Liepard, L50, F|100/100
|-ability|p1a: Aerodactyl|Unnerve
|turn|1
|
|t:|1782594845
|move|p2b: Eyeliner|Thunder Wave|p1a: Aerodactyl
|-status|p1a: Aerodactyl|par
|move|p2a: Grimmsnarl|Reflect|p2a: Grimmsnarl
|-sidestart|p2: LuckGalicia|Reflect
|move|p1b: Garchomp|Rock Slide|p2a: Grimmsnarl|[spread] p2b
|-miss|p1b: Garchomp|p2a: Grimmsnarl
|-damage|p2b: Eyeliner|80/100
|move|p1a: Aerodactyl|Rock Slide|p2b: Eyeliner|[spread] p2a,p2b
|-damage|p2a: Grimmsnarl|79/100
|-damage|p2b: Eyeliner|54/100
|
|upkeep
|turn|2
|
|t:|1782594864
|switch|p2a: Staraptor|Staraptor, L50, M, shiny|100/100
|-ability|p2a: Staraptor|Intimidate|boost
|-unboost|p1a: Aerodactyl|atk|1
|-unboost|p1b: Garchomp|atk|1
|move|p2b: Eyeliner|Charm|p1b: Garchomp
|-unboost|p1b: Garchomp|atk|2
|move|p1b: Garchomp|Rock Slide|p2a: Staraptor|[spread] p2a,p2b
|-supereffective|p2a: Staraptor|1
|-damage|p2a: Staraptor|88/100
|-damage|p2b: Eyeliner|46/100
|move|p1a: Aerodactyl|Rock Slide|p2a: Staraptor|[spread] p2a
|-miss|p1a: Aerodactyl|p2b: Eyeliner
|-supereffective|p2a: Staraptor|1
|-damage|p2a: Staraptor|63/100
|
|upkeep
|turn|3
|inactive|ClefableBot has 30 seconds left.
|inactive|ClefableBot has 20 seconds left.
|
|t:|1782594902
|switch|p1b: Incineroar|Incineroar, L50, F|100/100
|-ability|p1b: Incineroar|Intimidate|boost
|-unboost|p2a: Staraptor|atk|1
|-unboost|p2b: Eyeliner|atk|1
|detailschange|p2a: Staraptor|Staraptor-Mega, L50, M, shiny
|-mega|p2a: Staraptor|Staraptor|Staraptite
|move|p2b: Eyeliner|Charm|p2a: Staraptor
|-boost|p2a: Staraptor|atk|2
|move|p2a: Staraptor|Roost|p2a: Staraptor
|-heal|p2a: Staraptor|100/100
|-singleturn|p2a: Staraptor|move: Roost
|move|p1a: Aerodactyl|Dual Wingbeat|p2a: Staraptor|[miss]
|-miss|p1a: Aerodactyl|p2a: Staraptor
|
|upkeep
|turn|4
|
|t:|1782594924
|switch|p2b: Grimmsnarl|Grimmsnarl, L50, M|79/100
|switch|p1a: Floette|Floette-Eternal, L50, F|100/100
|move|p1b: Incineroar|Fake Out|p2a: Staraptor
|-damage|p2a: Staraptor|93/100
|cant|p2a: Staraptor|flinch
|
|upkeep
|turn|5
|inactive|ClefableBot has 30 seconds left.
|
|t:|1782594950
|detailschange|p1a: Floette|Floette-Mega, L50, F
|-mega|p1a: Floette|Floette|Floettite
|-ability|p1a: Floette|Fairy Aura
|move|p2a: Staraptor|Protect|p2a: Staraptor
|-singleturn|p2a: Staraptor|Protect
|move|p2b: Grimmsnarl|Light Screen|p2b: Grimmsnarl
|-sidestart|p2: LuckGalicia|move: Light Screen
|move|p1a: Floette|Moonblast|p2a: Staraptor
|-activate|p2a: Staraptor|move: Protect
|move|p1b: Incineroar|Parting Shot|p2b: Grimmsnarl
|-unboost|p2b: Grimmsnarl|atk|1
|-unboost|p2b: Grimmsnarl|spa|1
|
|t:|1782594963
|switch|p1b: Garchomp|Garchomp, L50, F|100/100|[from] Parting Shot
|
|upkeep
|turn|6
|
|t:|1782594975
|move|p2b: Grimmsnarl|Fake Tears|p2a: Staraptor
|-boost|p2a: Staraptor|spd|2
|move|p1b: Garchomp|Dragon Claw|p2a: Staraptor
|-damage|p2a: Staraptor|70/100
|move|p1a: Floette|Moonblast|p2a: Staraptor
|-supereffective|p2a: Staraptor|1
|-damage|p2a: Staraptor|27/100
|move|p2a: Staraptor|Close Combat|p1b: Garchomp
|-damage|p1b: Garchomp|21/100
|-boost|p2a: Staraptor|def|1
|-boost|p2a: Staraptor|spd|1
|-damage|p2a: Staraptor|15/100|[from] ability: Rough Skin|[of] p1b: Garchomp
|-enditem|p1b: Garchomp|Sitrus Berry|[eat]
|-heal|p1b: Garchomp|46/100|[from] item: Sitrus Berry
|
|upkeep
|turn|7
|
|t:|1782594997
|switch|p2b: Eyeliner|Liepard, L50, F|46/100
|move|p2a: Staraptor|Protect|p2a: Staraptor
|-singleturn|p2a: Staraptor|Protect
|move|p1b: Garchomp|Rock Slide|p2a: Staraptor|[spread] p2b
|-activate|p2a: Staraptor|move: Protect
|-damage|p2b: Eyeliner|28/100
|move|p1a: Floette|Moonblast|p2b: Eyeliner
|-supereffective|p2b: Eyeliner|1
|-damage|p2b: Eyeliner|0 fnt
|faint|p2b: Eyeliner
|
|upkeep
|
|t:|1782595000
|switch|p2b: Scizor|Scizor, L50, F|100/100
|turn|8
|
|t:|1782595009
|switch|p1b: Incineroar|Incineroar, L50, F|100/100
|-ability|p1b: Incineroar|Intimidate|boost
|-boost|p2a: Staraptor|atk|1
|-unboost|p2b: Scizor|atk|1
|move|p2b: Scizor|Bullet Punch|p1a: Floette
|-supereffective|p1a: Floette|1
|-damage|p1a: Floette|53/100
|-damage|p2b: Scizor|90/100|[from] item: Life Orb
|move|p1a: Floette|Moonblast|p2a: Staraptor
|-supereffective|p2a: Staraptor|1
|-damage|p2a: Staraptor|0 fnt
|faint|p2a: Staraptor
|
|-sideend|p2: LuckGalicia|Reflect
|upkeep
|-message|LuckGalicia forfeited.
|
|win|ClefableBot
|raw|ClefableBot's rating: 1194 → 1212(+18 for winning)
|raw|LuckGalicia's rating: 1092 → 1075(-17 for losing)
|l|☆LuckGalicia
|player|p2|
