|j|☆wimpshrimp
|j|☆Akalaman
|html|wimpshrimpAkalaman    
|uhtml|bestof|Game 1 of a best-of-3
|t:|1757852097
|gametype|doubles
|player|p1|wimpshrimp|101|1160
|player|p2|Akalaman|102|1145
|gen|9
|tier|[Gen 9] VGC 2025 Reg H (Bo3)
|rated|
|rule|Species Clause: Limit one of each Pokémon
|rule|Item Clause: Limit 1 of each item
|clearpoke
|poke|p1|Pelipper, L50, F|
|poke|p1|Maushold-Four, L50|
|poke|p1|Annihilape, L50, M|
|poke|p1|Archaludon, L50, F|
|poke|p1|Basculegion, L50, M|
|poke|p1|Amoonguss, L50, M|
|poke|p2|Typhlosion-Hisui, L50, M|
|poke|p2|Ninetales, L50, M|
|poke|p2|Venusaur, L50, M|
|poke|p2|Garganacl, L50, M|
|poke|p2|Whimsicott, L50, F|
|poke|p2|Pawmot, L50, M|
|teampreview|4
|showteam|p1|Pelipper||FocusSash|Drizzle|Protect,WideGuard,WeatherBall,Hurricane|||F|||50|,,,,,Stellar]Maushold-Four||SafetyGoggles|FriendGuard|Protect,BeatUp,FollowMe,SuperFang||||||50|,,,,,Ghost]Annihilape||SitrusBerry|Defiant|Protect,DrainPunch,RageFist,BulkUp|||M|||50|,,,,,Fire]Archaludon||AssaultVest|Stamina|BodyPress,ElectroShot,FlashCannon,DracoMeteor|||F|||50|,,,,,Bug]Basculegion||ChoiceBand|SwiftSwim|FlipTurn,AquaJet,WaveCrash,LastRespects|||M|||50|,,,,,Fairy]Amoonguss||RockyHelmet|Regenerator|Protect,RagePowder,Spore,ClearSmog|||M|||50|,,,,,Water
|showteam|p2|Typhlosion-Hisui||ChoiceScarf|Blaze|Eruption,HeatWave,ShadowBall,Poltergeist|||M|||50|,,,,,Fire]Ninetales||EjectPack|Drought|Overheat,WillOWisp,EnergyBall,Protect|||M|||50|,,,,,Fairy]Venusaur||WideLens|Chlorophyll|SleepPowder,LeafStorm,SludgeBomb,Protect|||M|||50|,,,,,Poison]Garganacl||Leftovers|PurifyingSalt|SaltCure,IronDefense,Recover,BodyPress|||M|||50|,,,,,Ghost]Whimsicott||CovertCloak|Prankster|SunnyDay,Taunt,Tailwind,Moonblast|||F|||50|,,,,,Dark]Pawmot||FocusSash|IronFist|ThunderPunch,DoubleShock,CloseCombat,Protect|||M|||50|,,,,,Electric
|inactive|Battle timer is ON: inactive players will automatically lose when time's up. (requested by wimpshrimp)
|inactive|wimpshrimp has 60 seconds left.
|
|t:|1757852150
|teamsize|p1|4
|teamsize|p2|4
|start
|switch|p1a: Maushold|Maushold-Four, L50|100/100
|switch|p1b: Archaludon|Archaludon, L50, F|100/100
|switch|p2a: Whimsicott|Whimsicott, L50, F|100/100
|switch|p2b: Typhlosion|Typhlosion-Hisui, L50, M|100/100
|turn|1
|
|t:|1757852168
|switch|p1a: Pelipper|Pelipper, L50, F|100/100
|-weather|RainDance|[from] ability: Drizzle|[of] p1a: Pelipper
|-terastallize|p2b: Typhlosion|Fire
|move|p2a: Whimsicott|Sunny Day|p2a: Whimsicott
|-weather|SunnyDay
|move|p2b: Typhlosion|Eruption|p1a: Pelipper|[spread] p1a,p1b
|-resisted|p1a: Pelipper
|-damage|p1a: Pelipper|14/100
|-damage|p1b: Archaludon|4/100
|-ability|p1b: Archaludon|Stamina|boost
|-boost|p1b: Archaludon|def|1
|move|p1b: Archaludon|Flash Cannon|p2a: Whimsicott
|-supereffective|p2a: Whimsicott
|-damage|p2a: Whimsicott|0 fnt
|faint|p2a: Whimsicott
|
|-weather|SunnyDay|[upkeep]
|upkeep
|
|t:|1757852186
|switch|p2a: Pawmot|Pawmot, L50, M|100/100
|turn|2
|
|t:|1757852193
|switch|p1a: Maushold|Maushold-Four, L50|100/100
|move|p2b: Typhlosion|Eruption|p1b: Archaludon|[spread] p1a,p1b
|-damage|p1a: Maushold|0 fnt
|-damage|p1b: Archaludon|0 fnt
|faint|p1a: Maushold
|faint|p1b: Archaludon
|move|p2a: Pawmot|Thunder Punch|p1: Maushold|[notarget]
|-fail|p2a: Pawmot
|
|-weather|SunnyDay|[upkeep]
|upkeep
|
|t:|1757852201
|switch|p1a: Pelipper|Pelipper, L50, F|14/100
|switch|p1b: Basculegion|Basculegion, L50, M|100/100
|-weather|RainDance|[from] ability: Drizzle|[of] p1a: Pelipper
|turn|3
|
|t:|1757852223
|switch|p2b: Ninetales|Ninetales, L50, M|100/100
|-weather|SunnyDay|[from] ability: Drought|[of] p2b: Ninetales
|-terastallize|p1b: Basculegion|Fairy
|move|p1a: Pelipper|Protect|p1a: Pelipper
|-singleturn|p1a: Pelipper|Protect
|move|p2a: Pawmot|Thunder Punch|p1a: Pelipper
|-activate|p1a: Pelipper|move: Protect
|move|p1b: Basculegion|Last Respects|p2b: Ninetales
|-damage|p2b: Ninetales|0 fnt
|faint|p2b: Ninetales
|
|-weather|SunnyDay|[upkeep]
|upkeep
|
|t:|1757852225
|switch|p2b: Typhlosion|Typhlosion-Hisui, L50, M, tera:Fire|100/100
|turn|4
|
|t:|1757852245
|move|p1a: Pelipper|Wide Guard|p1a: Pelipper
|-singleturn|p1a: Pelipper|Wide Guard
|move|p2b: Typhlosion|Shadow Ball|p1a: Pelipper
|-damage|p1a: Pelipper|0 fnt
|faint|p1a: Pelipper
|move|p2a: Pawmot|Double Shock|p1b: Basculegion
|-damage|p1b: Basculegion|27/100
|-start|p2a: Pawmot|typechange|???/Fighting|[from] move: Double Shock
|move|p1b: Basculegion|Last Respects|p2b: Typhlosion
|-damage|p2b: Typhlosion|0 fnt
|faint|p2b: Typhlosion
|
|-weather|SunnyDay|[upkeep]
|upkeep
|turn|5
|
|t:|1757852260
|move|p2a: Pawmot|Thunder Punch|p1b: Basculegion
|-damage|p1b: Basculegion|0 fnt
|faint|p1b: Basculegion
|
|win|Akalaman
||wimpshrimp is ready for game 2.
||Akalaman is ready for game 2.
|uhtml|next|Next: Game 2 of 3
|l|☆wimpshrimp
|player|p1|
