|j|☆ryanpowneyissoslay
|j|☆TwistedGengar
|html|ryanpowneyissoslayTwistedGengar    
|uhtml|bestof|Game 1 of a best-of-3
|t:|1757785830
|gametype|doubles
|player|p1|ryanpowneyissoslay|ghetsis|1275
|player|p2|TwistedGengar|170|1186
|gen|9
|tier|[Gen 9] VGC 2025 Reg H (Bo3)
|rated|
|rule|Species Clause: Limit one of each Pokémon
|rule|Item Clause: Limit 1 of each item
|clearpoke
|poke|p1|Porygon2, L50|
|poke|p1|Ursaluna, L50, F|
|poke|p1|Incineroar, L50, M|
|poke|p1|Gholdengo, L50|
|poke|p1|Ribombee, L50, M|
|poke|p1|Annihilape, L50, F|
|poke|p2|Sinistcha, L50|
|poke|p2|Kingambit, L50, F|
|poke|p2|Garchomp, L50, F|
|poke|p2|Primarina, L50, F|
|poke|p2|Volcarona, L50, F|
|poke|p2|Hariyama, L50, F|
|teampreview|4
|showteam|p1|Porygon2||Eviolite|Download|TeraBlast,IceBeam,Recover,TrickRoom||||||50|,,,,,Fighting]Ursaluna||FlameOrb|Guts|Facade,HeadlongRush,Earthquake,Protect|||F|||50|,,,,,Ghost]Incineroar||AssaultVest|Intimidate|FlareBlitz,KnockOff,Uturn,FakeOut|||M|||50|,,,,,Water]Gholdengo||LifeOrb|GoodasGold|MakeItRain,ShadowBall,NastyPlot,Protect||||||50|,,,,,Water]Ribombee||FocusSash|ShieldDust|Moonblast,PollenPuff,Tailwind,Protect|||M|||50|,,,,,Flying]Annihilape||SafetyGoggles|Defiant|CloseCombat,RageFist,FinalGambit,Protect|||F|||50|,,,,,Water
|showteam|p2|Sinistcha||MentalHerb|Heatproof|MatchaGotcha,CalmMind,StrengthSap,TrickRoom||||||50|,,,,,Dark]Kingambit||SafetyGoggles|Defiant|KowtowCleave,IronHead,SuckerPunch,SwordsDance|||F|||50|,,,,,Ghost]Garchomp||LoadedDice|RoughSkin|StompingTantrum,ScaleShot,SwordsDance,Protect|||F|||50|,,,,,Steel]Primarina||ChoiceSpecs|LiquidVoice|HyperVoice,Moonblast,DazzlingGleam,HydroCannon|||F|||50|,,,,,Grass]Volcarona||CovertCloak|FlameBody|StruggleBug,Flamethrower,RagePowder,Tailwind|||F|||50|,,,,,Water]Hariyama||AssaultVest|ThickFat|CloseCombat,KnockOff,HeavySlam,FakeOut|||F|||50|,,,,,Psychic
|inactive|Battle timer is ON: inactive players will automatically lose when time's up. (requested by ryanpowneyissoslay)
|inactive|ryanpowneyissoslay has 60 seconds left.
|
|t:|1757785882
|teamsize|p1|4
|teamsize|p2|4
|start
|switch|p1a: Gholdengo|Gholdengo, L50|100/100
|switch|p1b: Ribombee|Ribombee, L50, M|100/100
|switch|p2a: Sinistcha|Sinistcha, L50|100/100
|switch|p2b: Volcarona|Volcarona, L50, F|100/100
|turn|1
|inactive|ryanpowneyissoslay has 30 seconds left.
|inactive|ryanpowneyissoslay has 20 seconds left.
|
|t:|1757785919
|switch|p1b: Incineroar|Incineroar, L50, M|100/100
|-ability|p1b: Incineroar|Intimidate|boost
|-unboost|p2a: Sinistcha|atk|1
|-unboost|p2b: Volcarona|atk|1
|switch|p1a: Ursaluna|Ursaluna, L50, F|100/100
|move|p2b: Volcarona|Struggle Bug|p1b: Incineroar|[spread] p1a,p1b
|-damage|p1a: Ursaluna|85/100
|-damage|p1b: Incineroar|91/100
|-unboost|p1a: Ursaluna|spa|1
|-unboost|p1b: Incineroar|spa|1
|move|p2a: Sinistcha|Trick Room|p2a: Sinistcha
|-fieldstart|move: Trick Room|[of] p2a: Sinistcha
|
|-status|p1a: Ursaluna|brn|[from] item: Flame Orb
|upkeep
|turn|2
|
|t:|1757785943
|move|p2a: Sinistcha|Strength Sap|p1b: Incineroar
|-unboost|p1b: Incineroar|atk|1
|move|p1b: Incineroar|Flare Blitz|p2a: Sinistcha
|-supereffective|p2a: Sinistcha
|-damage|p2a: Sinistcha|69/100
|-damage|p1b: Incineroar|82/100|[from] Recoil
|move|p1a: Ursaluna|Facade|p2a: Sinistcha
|-immune|p2a: Sinistcha
|move|p2b: Volcarona|Flamethrower|p1a: Ursaluna
|-damage|p1a: Ursaluna|45/100 brn
|
|-damage|p1a: Ursaluna|38/100 brn|[from] brn
|upkeep
|turn|3
|inactive|TwistedGengar has 30 seconds left.
|inactive|TwistedGengar has 20 seconds left.
|inactive|TwistedGengar has 15 seconds left.
|
|t:|1757785988
|-terastallize|p1a: Ursaluna|Ghost
|move|p2b: Volcarona|Rage Powder|p2b: Volcarona
|-singleturn|p2b: Volcarona|move: Rage Powder
|move|p2a: Sinistcha|Matcha Gotcha|p1a: Ursaluna|[spread] p1a,p1b
|-resisted|p1b: Incineroar
|-damage|p1a: Ursaluna|15/100 brn
|-heal|p2a: Sinistcha|84/100|[from] drain|[of] p1a: Ursaluna
|-damage|p1b: Incineroar|75/100
|-heal|p2a: Sinistcha|88/100|[from] drain|[of] p1b: Incineroar
|move|p1b: Incineroar|Knock Off|p2b: Volcarona
|-damage|p2b: Volcarona|64/100
|-enditem|p2b: Volcarona|Covert Cloak|[from] move: Knock Off|[of] p1b: Incineroar
|move|p1a: Ursaluna|Facade|p2b: Volcarona
|-damage|p2b: Volcarona|0 fnt
|faint|p2b: Volcarona
|
|-damage|p1a: Ursaluna|9/100 brn|[from] brn
|upkeep
|
|t:|1757786004
|switch|p2b: Primarina|Primarina, L50, F|100/100
|turn|4
|
|t:|1757786025
|switch|p1a: Gholdengo|Gholdengo, L50|100/100
|move|p2b: Primarina|Hyper Voice|p1b: Incineroar|[spread] p1a,p1b
|-supereffective|p1b: Incineroar
|-damage|p1a: Gholdengo|45/100
|-damage|p1b: Incineroar|12/100
|move|p2a: Sinistcha|Calm Mind|p2a: Sinistcha
|-boost|p2a: Sinistcha|spa|1
|-boost|p2a: Sinistcha|spd|1
|move|p1b: Incineroar|U-turn|p2b: Primarina
|-resisted|p2b: Primarina
|-damage|p2b: Primarina|92/100
|
|t:|1757786040
|switch|p1b: Ribombee|Ribombee, L50, M|100/100|[from] U-turn
|
|upkeep
|turn|5
|
|t:|1757786053
|move|p1a: Gholdengo|Protect|p1a: Gholdengo
|-singleturn|p1a: Gholdengo|Protect
|move|p1b: Ribombee|Protect|p1b: Ribombee
|-singleturn|p1b: Ribombee|Protect
|move|p2b: Primarina|Hyper Voice|p1a: Gholdengo|[spread] 
|-activate|p1a: Gholdengo|move: Protect
|-activate|p1b: Ribombee|move: Protect
|move|p2a: Sinistcha|Calm Mind|p2a: Sinistcha
|-boost|p2a: Sinistcha|spa|1
|-boost|p2a: Sinistcha|spd|1
|
|-fieldend|move: Trick Room
|upkeep
|turn|6
|inactive|ryanpowneyissoslay has 30 seconds left.
|
|t:|1757786078
|move|p1b: Ribombee|Moonblast|p2a: Sinistcha
|-damage|p2a: Sinistcha|68/100
|move|p1a: Gholdengo|Shadow Ball|p2a: Sinistcha
|-supereffective|p2a: Sinistcha
|-damage|p2a: Sinistcha|19/100
|-damage|p1a: Gholdengo|35/100|[from] item: Life Orb
|move|p2b: Primarina|Hyper Voice|p1a: Gholdengo|[spread] p1a,p1b
|-damage|p1a: Gholdengo|0 fnt
|-damage|p1b: Ribombee|5/100
|faint|p1a: Gholdengo
|move|p2a: Sinistcha|Trick Room|p2a: Sinistcha
|-fieldstart|move: Trick Room|[of] p2a: Sinistcha
|
|upkeep
|
|t:|1757786095
|switch|p1a: Incineroar|Incineroar, L50, M|12/100
|-ability|p1a: Incineroar|Intimidate|boost
|-unboost|p2a: Sinistcha|atk|1
|-unboost|p2b: Primarina|atk|1
|turn|7
|
|t:|1757786106
|move|p1a: Incineroar|Fake Out|p2b: Primarina
|-damage|p2b: Primarina|78/100
|cant|p2b: Primarina|flinch
|move|p2a: Sinistcha|Strength Sap|p1a: Incineroar
|-unboost|p1a: Incineroar|atk|1
|-heal|p2a: Sinistcha|100/100
|move|p1b: Ribombee|Moonblast|p2a: Sinistcha
|-damage|p2a: Sinistcha|80/100
|
|upkeep
|turn|8
|-message|ryanpowneyissoslay forfeited.
|
|win|TwistedGengar
||TwistedGengar is ready for game 2.
|inactive|ryanpowneyissoslay has 30 seconds to confirm battle start!
|inactive|ryanpowneyissoslay has 20 seconds to confirm battle start!
||ryanpowneyissoslay is ready for game 2.
|uhtml|next|Next: Game 2 of 3
