|j|☆DomDaBomb886
|j|☆MoodyMukVGC
|html|DomDaBomb886MoodyMukVGC    
|uhtml|bestof|Game 1 of a best-of-3
|t:|1756861522
|gametype|doubles
|player|p1|DomDaBomb886|101|1317
|player|p2|MoodyMukVGC|bugsy|1315
|gen|9
|tier|[Gen 9] VGC 2025 Reg H (Bo3)
|rated|
|rule|Species Clause: Limit one of each Pokémon
|rule|Item Clause: Limit 1 of each item
|clearpoke
|poke|p1|Archaludon, L50, F|
|poke|p1|Pelipper, L50, F|
|poke|p1|Dragonite, L50, F|
|poke|p1|Sinistcha, L50|
|poke|p1|Ursaluna, L50, M|
|poke|p1|Incineroar, L50, F|
|poke|p2|Muk-Alola, L50, M|
|poke|p2|Smeargle, L50, M|
|poke|p2|Flamigo, L50, M|
|poke|p2|Indeedee, L50, M|
|poke|p2|Weezing-Galar, L50, M|
|poke|p2|Drifblim, L50, M|
|teampreview|4
|showteam|p1|Archaludon||AssaultVest|Stamina|FlashCannon,ElectroShot,Snarl,BodyPress|||F|||50|,,,,,Bug]Pelipper||FocusSash|Drizzle|Protect,WeatherBall,Hurricane,Tailwind|||F|||50|,,,,,Ghost]Dragonite||LoadedDice|Multiscale|Protect,ScaleShot,ExtremeSpeed,Haze|||F|||50|,,,,,Fairy]Sinistcha||SitrusBerry|Hospitality|MatchaGotcha,RagePowder,LifeDew,TrickRoom||||||50|,,,,,Dark]Ursaluna||FlameOrb|Guts|Protect,HeadlongRush,Facade,Earthquake|||M|||50|,,,,,Ghost]Incineroar||SafetyGoggles|Intimidate|KnockOff,FakeOut,PartingShot,Taunt|||F|||50|,,,,,Ghost
|showteam|p2|Muk-Alola||Leftovers|PowerofAlchemy|KnockOff,Minimize,Substitute,Protect|||M|||50|,,,,,Water]Smeargle||FocusSash|Moody|Minimize,Spore,FollowMe,SpikyShield|||M|||50|,,,,,Dark]Flamigo||WhiteHerb|Costar|CloseCombat,Acrobatics,Substitute,WideGuard|||M|||50|,,,,,Steel]Indeedee||ChoiceSpecs|PsychicSurge|ExpandingForce,TeraBlast,Trick,DazzlingGleam|||M|||50|,,,,,Psychic]Weezing-Galar||SitrusBerry|NeutralizingGas|StrangeSteam,SludgeBomb,Taunt,Protect|||M|||50|,,,,,Flying]Drifblim||PsychicSeed|Unburden|Tailwind,Acrobatics,Minimize,WillOWisp|||M|||50|,,,,,Grass
|inactive|Battle timer is ON: inactive players will automatically lose when time's up. (requested by DomDaBomb886)
|inactive|DomDaBomb886 has 60 seconds left.
|inactive|MoodyMukVGC has 60 seconds left.
|inactive|DomDaBomb886 has 30 seconds left.
|inactive|DomDaBomb886 has 20 seconds left.
|
|t:|1756861607
|teamsize|p1|4
|teamsize|p2|4
|start
|switch|p1a: Sinistcha|Sinistcha, L50|100/100
|switch|p1b: Incineroar|Incineroar, L50, F|100/100
|switch|p2a: Indeedee|Indeedee, L50, M, shiny|100/100
|switch|p2b: Drifblim|Drifblim, L50, M, shiny|100/100
|-fieldstart|move: Psychic Terrain|[from] ability: Psychic Surge|[of] p2a: Indeedee
|-enditem|p2b: Drifblim|Psychic Seed
|-boost|p2b: Drifblim|spd|1|[from] item: Psychic Seed
|-ability|p1b: Incineroar|Intimidate|boost
|-unboost|p2a: Indeedee|atk|1
|-unboost|p2b: Drifblim|atk|1
|turn|1
|inactive|MoodyMukVGC has 30 seconds left.
|
|t:|1756861634
|-terastallize|p1a: Sinistcha|Dark
|move|p2b: Drifblim|Minimize|p2b: Drifblim
|-boost|p2b: Drifblim|evasion|2
|move|p2a: Indeedee|Tera Blast|p1b: Incineroar
|-damage|p1b: Incineroar|63/100
|move|p1b: Incineroar|Knock Off|p2b: Drifblim|[miss]
|-miss|p1b: Incineroar|p2b: Drifblim
|move|p1a: Sinistcha|Trick Room|p1a: Sinistcha
|-fieldstart|move: Trick Room|[of] p1a: Sinistcha
|
|upkeep
|turn|2
|
|t:|1756861657
|-terastallize|p2b: Drifblim|Grass
|move|p1b: Incineroar|Knock Off|p2b: Drifblim
|-damage|p2b: Drifblim|68/100
|move|p1a: Sinistcha|Life Dew||[still]|[spread] p1a,p1b
|-fail|p1a: Sinistcha|heal
|-heal|p1b: Incineroar|89/100
|move|p2a: Indeedee|Tera Blast|p1b: Incineroar
|-damage|p1b: Incineroar|53/100
|move|p2b: Drifblim|Minimize|p2b: Drifblim
|-boost|p2b: Drifblim|evasion|2
|
|upkeep
|turn|3
|
|t:|1756861677
|move|p1b: Incineroar|Parting Shot|p2a: Indeedee
|-unboost|p2a: Indeedee|atk|1
|-unboost|p2a: Indeedee|spa|1
|
|t:|1756861683
|switch|p1b: Dragonite|Dragonite, L50, F|100/100|[from] Parting Shot
|move|p1a: Sinistcha|Matcha Gotcha|p2b: Drifblim|[spread] 
|-miss|p1a: Sinistcha|p2a: Indeedee
|-miss|p1a: Sinistcha|p2b: Drifblim
|move|p2a: Indeedee|Tera Blast|p1a: Sinistcha
|-damage|p1a: Sinistcha|70/100
|move|p2b: Drifblim|Minimize|p2b: Drifblim
|-boost|p2b: Drifblim|evasion|2
|
|upkeep
|turn|4
|inactive|DomDaBomb886 has 30 seconds left.
|
|t:|1756861713
|switch|p1a: Ursaluna|Ursaluna, L50, M|100/100
|switch|p2a: Flamigo|Flamigo, L50, M, shiny|100/100
|-copyboost|p2a: Flamigo|p2b: Drifblim|[from] ability: Costar
|-enditem|p2a: Flamigo|White Herb
|-clearnegativeboost|p2a: Flamigo|[silent]
|move|p1b: Dragonite|Scale Shot|p2a: Flamigo|[miss]
|-miss|p1b: Dragonite|p2a: Flamigo
|move|p2b: Drifblim|Will-O-Wisp|p1b: Dragonite
|-status|p1b: Dragonite|brn
|
|-damage|p1b: Dragonite|94/100 brn|[from] brn
|-status|p1a: Ursaluna|brn|[from] item: Flame Orb
|upkeep
|turn|5
|
|t:|1756861737
|switch|p1a: Sinistcha|Sinistcha, L50, tera:Dark|70/100
|-heal|p1b: Dragonite|100/100 brn|[from] ability: Hospitality|[of] p1a: Sinistcha
|move|p1b: Dragonite|Haze|p1b: Dragonite
|-clearallboost
|move|p2a: Flamigo|Close Combat|p1a: Sinistcha
|-supereffective|p1a: Sinistcha
|-damage|p1a: Sinistcha|0 fnt
|-unboost|p2a: Flamigo|def|1
|-unboost|p2a: Flamigo|spd|1
|faint|p1a: Sinistcha
|move|p2b: Drifblim|Acrobatics|p1b: Dragonite
|-damage|p1b: Dragonite|82/100 brn
|
|-damage|p1b: Dragonite|76/100 brn|[from] brn
|-fieldend|move: Trick Room
|-fieldend|move: Psychic Terrain
|upkeep
|
|t:|1756861751
|switch|p1a: Ursaluna|Ursaluna, L50, M|100/100 brn
|turn|6
|
|t:|1756861775
|switch|p2a: Smeargle|Smeargle, L50, M, shiny|100/100
|switch|p1b: Incineroar|Incineroar, L50, F|53/100
|-ability|p1b: Incineroar|Intimidate|boost
|-unboost|p2a: Smeargle|atk|1
|-unboost|p2b: Drifblim|atk|1
|move|p2b: Drifblim|Tailwind|p2b: Drifblim
|-sidestart|p2: MoodyMukVGC|move: Tailwind
|move|p1a: Ursaluna|Facade|p2a: Smeargle
|-enditem|p2a: Smeargle|Focus Sash
|-damage|p2a: Smeargle|1/100
|
|-damage|p1a: Ursaluna|95/100 brn|[from] brn
|-ability|p2a: Smeargle|Moody|boost
|-boost|p2a: Smeargle|spe|2
|-unboost|p2a: Smeargle|spa|1
|upkeep
|turn|7
|inactive|DomDaBomb886 has 30 seconds left.
|
|t:|1756861800
|move|p1b: Incineroar|Fake Out|p2a: Smeargle
|-damage|p2a: Smeargle|0 fnt
|faint|p2a: Smeargle
|move|p2b: Drifblim|Minimize|p2b: Drifblim
|-boost|p2b: Drifblim|evasion|2
|move|p1a: Ursaluna|Facade|p2b: Drifblim
|-damage|p2b: Drifblim|0 fnt
|faint|p2b: Drifblim
|
|-damage|p1a: Ursaluna|89/100 brn|[from] brn
|upkeep
|
|t:|1756861810
|switch|p2b: Indeedee|Indeedee, L50, M, shiny|100/100
|switch|p2a: Flamigo|Flamigo, L50, M, shiny|100/100
|-fieldstart|move: Psychic Terrain|[from] ability: Psychic Surge|[of] p2b: Indeedee
|-copyboost|p2a: Flamigo|p2b: Indeedee|[from] ability: Costar
|turn|8
|
|t:|1756861816
|switch|p1b: Dragonite|Dragonite, L50, F|76/100 brn
|move|p1a: Ursaluna|Protect|p1a: Ursaluna
|-singleturn|p1a: Ursaluna|Protect
|move|p2b: Indeedee|Expanding Force|p1b: Dragonite|[spread] p1b
|-activate|p1a: Ursaluna|move: Protect
|-damage|p1b: Dragonite|0 fnt
|faint|p1b: Dragonite
|move|p2a: Flamigo|Close Combat|p1a: Ursaluna
|-activate|p1a: Ursaluna|move: Protect
|
|-damage|p1a: Ursaluna|83/100 brn|[from] brn
|upkeep
|
|t:|1756861827
|switch|p1b: Incineroar|Incineroar, L50, F|53/100
|-ability|p1b: Incineroar|Intimidate|boost
|-unboost|p2a: Flamigo|atk|1
|-unboost|p2b: Indeedee|atk|1
|turn|9
|-message|DomDaBomb886 forfeited.
|
|win|MoodyMukVGC
|l|☆DomDaBomb886
|player|p1|
||DomDaBomb886 is ready for game 2.
|inactive|MoodyMukVGC has 30 seconds to confirm battle start!
