|j|☆Darking81
|j|☆gio0314
|html|Darking81gio0314    
|uhtml|bestof|Game 1 of a best-of-3
|t:|1785196217
|gametype|doubles
|player|p1|Darking81|1|
|player|p2|gio0314|266|
|gen|9
|tier|[Gen 9 Champions] VGC 2026 Reg M-B (Bo3)
|rule|Species Clause: Limit one of each Pokémon
|rule|Item Clause: Limit 1 of each item
|clearpoke
|poke|p1|Lucario, L50, F|
|poke|p1|Sableye, L50, M|
|poke|p1|Lycanroc-Dusk, L50, M|
|poke|p1|Luxray, L50, M|
|poke|p1|Hydreigon, L50, F|
|poke|p1|Talonflame, L50, F|
|poke|p2|Blastoise, L50, M|
|poke|p2|Farigiraf, L50, M|
|poke|p2|Torkoal, L50, M|
|poke|p2|Incineroar, L50, F|
|poke|p2|Hatterene, L50, F|
|poke|p2|Clefable, L50, F|
|teampreview|4
|showteam|p1|Lucario||Lucarionite|InnerFocus|CloseCombat,MeteorMash,Protect,Crunch|Jolly||F|||50|]Sableye||SitrusBerry|Prankster|Reflect,KnockOff,Encore,LightScreen|Careful||M|||50|]Lycanroc-Dusk||LifeOrb|ToughClaws|RockSlide,Accelerock,CloseCombat,Protect|Jolly||M|||50|]Luxray||ShucaBerry|Intimidate|Superpower,HelpingHand,Protect,WildCharge|Adamant||M|||50|]Hydreigon||FocusSash|Levitate|EarthPower,DracoMeteor,DarkPulse,Protect|Modest||F|||50|]Talonflame|||GaleWings|Acrobatics,Tailwind,FlareBlitz,Uturn|Jolly||F|||50|
|showteam|p2|Blastoise||Blastoisinite|Torrent|DarkPulse,AuraSphere,WaterPulse,Protect|Modest||M|||50|]Farigiraf||FocusSash|ArmorTail|TrickRoom,PsychicNoise,Thunderbolt,Protect|Sassy||M|||50|]Torkoal||Charcoal|Drought|Eruption,HeatWave,SolarBeam,Protect|Modest||M|||50|]Incineroar||Leftovers|Intimidate|FakeOut,DarkestLariat,CloseCombat,PartingShot|Adamant||F|||50|]Hatterene||ExpertBelt|MagicBounce|Psychic,DazzlingGleam,TrickRoom,Protect|Sassy||F|||50|]Clefable||Clefablite|MagicGuard|Moonblast,HealPulse,Thunderbolt,FollowMe|Modest||F|||50|
|
|t:|1785196253
|teamsize|p1|4
|teamsize|p2|4
|start
|switch|p1a: Boyer|Sableye, L50, M|100/100
|switch|p1b: Negreiron|Hydreigon, L50, F|100/100
|switch|p2a: Melman|Farigiraf, L50, M|100/100
|switch|p2b: mamijordan|Clefable, L50, F|100/100
|turn|1
|
|t:|1785196276
|detailschange|p2b: mamijordan|Clefable-Mega, L50, F
|-mega|p2b: mamijordan|Clefable|Clefablite
|move|p2b: mamijordan|Follow Me|p2b: mamijordan
|-singleturn|p2b: mamijordan|move: Follow Me
|move|p1a: Boyer|Reflect|p1a: Boyer
|-sidestart|p1: Darking81|Reflect
|move|p1b: Negreiron|Dark Pulse|p2b: mamijordan
|-resisted|p2b: mamijordan|1
|-crit|p2b: mamijordan
|-damage|p2b: mamijordan|75/100
|move|p2a: Melman|Trick Room|p2a: Melman
|-fieldstart|move: Trick Room|[of] p2a: Melman
|
|upkeep
|turn|2
|
|t:|1785196301
|switch|p2a: Incineroar|Incineroar, L50, F|100/100
|-ability|p2a: Incineroar|Intimidate|boost
|-unboost|p1a: Boyer|atk|1
|-unboost|p1b: Negreiron|atk|1
|move|p1a: Boyer|Encore|p2b: mamijordan
|move|p2b: mamijordan|Encore||[from] ability: Magic Bounce|[still]
|-fail|p2b: mamijordan
|move|p2b: mamijordan|Moonblast|p1b: Negreiron
|-supereffective|p1b: Negreiron|2
|-enditem|p1b: Negreiron|Focus Sash
|-damage|p1b: Negreiron|1/100
|move|p1b: Negreiron|Dark Pulse|p2b: mamijordan
|-resisted|p2b: mamijordan|1
|-damage|p2b: mamijordan|56/100
|
|upkeep
|turn|3
|
|t:|1785196333
|switch|p1b: Lucyfah|Luxray, L50, M|100/100
|-ability|p1b: Lucyfah|Intimidate|boost
|-unboost|p2a: Incineroar|atk|1
|-unboost|p2b: mamijordan|atk|1
|move|p2a: Incineroar|Fake Out|p1b: Lucyfah
|-damage|p1b: Lucyfah|91/100
|move|p1a: Boyer|Light Screen|p1a: Boyer
|-sidestart|p1: Darking81|move: Light Screen
|move|p2b: mamijordan|Moonblast|p1a: Boyer
|-supereffective|p1a: Boyer|1
|-damage|p1a: Boyer|10/100
|-enditem|p1a: Boyer|Sitrus Berry|[eat]
|-heal|p1a: Boyer|35/100|[from] item: Sitrus Berry
|
|upkeep
|turn|4
|
|t:|1785196365
|move|p1a: Boyer|Knock Off|p2a: Incineroar
|-resisted|p2a: Incineroar|1
|-damage|p2a: Incineroar|91/100
|-enditem|p2a: Incineroar|Leftovers|[from] move: Knock Off|[of] p1a: Boyer
|move|p2a: Incineroar|Parting Shot|p1b: Lucyfah
|-unboost|p1b: Lucyfah|atk|1
|-unboost|p1b: Lucyfah|spa|1
|
|t:|1785196373
|switch|p2a: Melman|Farigiraf, L50, M|100/100|[from] Parting Shot
|move|p1b: Lucyfah|Wild Charge|p2b: mamijordan
|-supereffective|p2b: mamijordan|1
|-damage|p2b: mamijordan|0 fnt
|faint|p2b: mamijordan
|-damage|p1b: Lucyfah|76/100|[from] Recoil
|
|upkeep
|
|t:|1785196381
|switch|p2b: Incineroar|Incineroar, L50, F|91/100
|-ability|p2b: Incineroar|Intimidate|boost
|-unboost|p1a: Boyer|atk|1
|-unboost|p1b: Lucyfah|atk|1
|turn|5
|
|t:|1785196407
|move|p1a: Boyer|Knock Off|p2a: Melman
|-supereffective|p2a: Melman|1
|-damage|p2a: Melman|70/100
|-enditem|p2a: Melman|Focus Sash|[from] move: Knock Off|[of] p1a: Boyer
|move|p2a: Melman|Thunderbolt|p1a: Boyer
|-damage|p1a: Boyer|15/100
|move|p2b: Incineroar|Darkest Lariat|p1a: Boyer
|-damage|p1a: Boyer|0 fnt
|faint|p1a: Boyer
|move|p1b: Lucyfah|Superpower|p2b: Incineroar
|-supereffective|p2b: Incineroar|1
|-damage|p2b: Incineroar|51/100
|-unboost|p1b: Lucyfah|atk|1
|-unboost|p1b: Lucyfah|def|1
|
|-sideend|p1: Darking81|Reflect
|-fieldend|move: Trick Room
|upkeep
|
|t:|1785196428
|switch|p1a: Negreiron|Hydreigon, L50, F|1/100
|turn|6
|
|t:|1785196446
|switch|p2a: MotherMiranda|Hatterene, L50, F|100/100
|move|p1a: Negreiron|Protect|p1a: Negreiron
|-singleturn|p1a: Negreiron|Protect
|move|p1b: Lucyfah|Superpower|p2b: Incineroar
|-supereffective|p2b: Incineroar|1
|-damage|p2b: Incineroar|17/100
|-unboost|p1b: Lucyfah|atk|1
|-unboost|p1b: Lucyfah|def|1
|move|p2b: Incineroar|Darkest Lariat|p1a: Negreiron
|-activate|p1a: Negreiron|move: Protect
|
|upkeep
|turn|7
|
|t:|1785196471
|move|p1b: Lucyfah|Protect|p1b: Lucyfah
|-singleturn|p1b: Lucyfah|Protect
|move|p1a: Negreiron|Earth Power|p2b: Incineroar
|-supereffective|p2b: Incineroar|1
|-damage|p2b: Incineroar|0 fnt
|faint|p2b: Incineroar
|move|p2a: MotherMiranda|Trick Room|p2a: MotherMiranda
|-fieldstart|move: Trick Room|[of] p2a: MotherMiranda
|
|-sideend|p1: Darking81|move: Light Screen
|upkeep
|
|t:|1785196478
|switch|p2b: Melman|Farigiraf, L50, M|70/100
|turn|8
|
|t:|1785196497
|move|p1a: Negreiron|Protect|p1a: Negreiron
|-singleturn|p1a: Negreiron|Protect
|move|p2a: MotherMiranda|Dazzling Gleam|p1a: Negreiron|[spread] p1b
|-activate|p1a: Negreiron|move: Protect
|-damage|p1b: Lucyfah|47/100
|move|p2b: Melman|Psychic Noise|p1b: Lucyfah
|-damage|p1b: Lucyfah|12/100
|-start|p1b: Lucyfah|move: Heal Block
|move|p1b: Lucyfah|Wild Charge|p2b: Melman
|-damage|p2b: Melman|54/100
|-damage|p1b: Lucyfah|8/100|[from] Recoil
|
|upkeep
|turn|9
|
|t:|1785196531
|move|p2b: Melman|Protect|p2b: Melman
|-singleturn|p2b: Melman|Protect
|move|p2a: MotherMiranda|Dazzling Gleam|p1b: Lucyfah|[spread] p1a,p1b
|-supereffective|p1a: Negreiron|2
|-damage|p1a: Negreiron|0 fnt
|-damage|p1b: Lucyfah|0 fnt
|faint|p1a: Negreiron
|faint|p1b: Lucyfah
|
|upkeep
|
|t:|1785196554
|switch|p1a: Lukas|Lucario, L50, F|100/100
|turn|10
|
|t:|1785196573
|detailschange|p1a: Lukas|Lucario-Mega, L50, F
|-mega|p1a: Lukas|Lucario|Lucarionite
|move|p2a: MotherMiranda|Psychic|p1a: Lukas
|-damage|p1a: Lukas|38/100
|move|p2b: Melman|Psychic Noise|p1a: Lukas
|-damage|p1a: Lukas|0 fnt
|faint|p1a: Lukas
|
|win|gio0314
||gio0314 is ready for game 2.
|inactive|Darking81 has 30 seconds to confirm battle start!
