|j|☆CookerOcean2007
|j|☆wintradeofmanuel
|html|CookerOcean2007wintradeofmanuel    
|uhtml|bestof|Game 1 of a best-of-3
|t:|1785267485
|gametype|doubles
|player|p1|CookerOcean2007|101|1200
|player|p2|wintradeofmanuel|2|1227
|gen|9
|tier|[Gen 9 Champions] VGC 2026 Reg M-B (Bo3)
|rated|
|rule|Species Clause: Limit one of each Pokémon
|rule|Item Clause: Limit 1 of each item
|clearpoke
|poke|p1|Incineroar, L50, M|
|poke|p1|Tyranitar, L50, M|
|poke|p1|Scovillain, L50, F|
|poke|p1|Toxapex, L50, F|
|poke|p1|Sinistcha, L50|
|poke|p1|Garganacl, L50, M|
|poke|p2|Scovillain, L50, F|
|poke|p2|Sylveon, L50, M|
|poke|p2|Kingambit, L50, F|
|poke|p2|Lycanroc-Dusk, L50, M|
|poke|p2|Basculegion, L50, M|
|poke|p2|Metagross, L50|
|teampreview|4
|showteam|p1|Incineroar||SitrusBerry|Intimidate|Protect,FireSpin,WillOWisp,FakeOut|Careful||M|||50|]Tyranitar||ShellBell|SandStream|StoneEdge,SleepTalk,Rest,Protect|Careful||M|||50|]Scovillain||Scovillainite|Moody|Overheat,LeechSeed,RagePowder,Protect|Calm||F|||50|]Toxapex||Leftovers|Regenerator|BanefulBunker,Toxic,Infestation,Recover|Calm||F|||50|]Sinistcha||CobaBerry|Hospitality|MatchaGotcha,LifeDew,RagePowder,Protect|Calm|||||50|]Garganacl||BabiriBerry|PurifyingSalt|SaltCure,Protect,StealthRock,Recover|Careful||M|||50|
|showteam|p2|Scovillain||Scovillainite|Moody|GigaDrain,Overheat,RagePowder,Protect|Bold||F|||50|]Sylveon||FairyFeather|Pixilate|HyperVoice,HyperBeam,QuickAttack,Detect|Modest||M|||50|]Kingambit||BlackGlasses|Defiant|KowtowCleave,SuckerPunch,SwordsDance,Protect|Adamant||F|||50|]Lycanroc-Dusk||FocusSash|ToughClaws|CloseCombat,Accelerock,RockSlide,Protect|Adamant||M|||50|]Basculegion||SitrusBerry|Adaptability|WaveCrash,LastRespects,AquaJet,Protect|Adamant||M|||50|]Metagross||Metagrossite|ClearBody|IronHead,PsychicFangs,IcePunch,Protect|Jolly|||||50|
|inactive|Battle timer is ON: inactive players will automatically lose when time's up. (requested by wintradeofmanuel)
|
|t:|1785267568
|teamsize|p1|4
|teamsize|p2|4
|start
|switch|p1a: Scovillain|Scovillain, L50, F|100/100
|switch|p1b: Toxapex|Toxapex, L50, F|100/100
|switch|p2a: Kingambit|Kingambit, L50, F|100/100
|switch|p2b: Basculegion|Basculegion, L50, M|100/100
|turn|1
|inactive|CookerOcean2007 has 30 seconds left.
|inactive|CookerOcean2007 has 20 seconds left.
|
|t:|1785267604
|detailschange|p1a: Scovillain|Scovillain-Mega, L50, F
|-mega|p1a: Scovillain|Scovillain|Scovillainite
|move|p2b: Basculegion|Wave Crash|p1a: Scovillain
|-damage|p1a: Scovillain|10/100
|-status|p2b: Basculegion|brn|[from] ability: Spicy Spray|[of] p1a: Scovillain
|-damage|p2b: Basculegion|74/100 brn|[from] Recoil
|move|p1a: Scovillain|Overheat|p2a: Kingambit
|-supereffective|p2a: Kingambit|1
|-damage|p2a: Kingambit|0 fnt
|-unboost|p1a: Scovillain|spa|2
|faint|p2a: Kingambit
|move|p1b: Toxapex|Toxic||[still]
|-fail|p1b: Toxapex
|
|-damage|p2b: Basculegion|68/100 brn|[from] brn
|upkeep
|
|t:|1785267619
|switch|p2a: Metagross|Metagross, L50|100/100
|turn|2
|
|t:|1785267640
|switch|p1a: Garganacl|Garganacl, L50, M|100/100
|detailschange|p2a: Metagross|Metagross-Mega, L50
|-mega|p2a: Metagross|Metagross|Metagrossite
|move|p2b: Basculegion|Aqua Jet|p1a: Garganacl
|-supereffective|p1a: Garganacl|1
|-damage|p1a: Garganacl|80/100
|move|p2a: Metagross|Psychic Fangs|p1b: Toxapex
|-supereffective|p1b: Toxapex|1
|-damage|p1b: Toxapex|4/100
|move|p1b: Toxapex|Infestation|p2b: Basculegion
|-resisted|p2b: Basculegion|1
|-damage|p2b: Basculegion|67/100 brn
|-activate|p2b: Basculegion|move: Infestation|[of] p1b: Toxapex
|
|-heal|p1b: Toxapex|10/100|[from] item: Leftovers
|-damage|p2b: Basculegion|61/100 brn|[from] brn
|-damage|p2b: Basculegion|48/100 brn|[from] move: Infestation|[partiallytrapped]
|upkeep
|-enditem|p2b: Basculegion|Sitrus Berry|[eat]
|-heal|p2b: Basculegion|73/100 brn|[from] item: Sitrus Berry
|turn|3
|inactive|CookerOcean2007 has 30 seconds left.
|inactive|wintradeofmanuel has 30 seconds left.
|
|t:|1785267672
|-heal|p1b: Toxapex|43/100|[from] ability: Regenerator|[silent]
|switch|p1b: Scovillain|Scovillain-Mega, L50, F|10/100
|move|p2a: Metagross|Protect|p2a: Metagross
|-singleturn|p2a: Metagross|Protect
|move|p1a: Garganacl|Protect|p1a: Garganacl
|-singleturn|p1a: Garganacl|Protect
|move|p2b: Basculegion|Last Respects|p1b: Scovillain
|-crit|p1b: Scovillain
|-damage|p1b: Scovillain|0 fnt
|faint|p1b: Scovillain
|
|-damage|p2b: Basculegion|67/100 brn|[from] brn
|-end|p2b: Basculegion|Infestation|[partiallytrapped]|[silent]
|upkeep
|
|t:|1785267690
|switch|p1b: Toxapex|Toxapex, L50, F|43/100
|turn|4
|inactive|CookerOcean2007 has 30 seconds left.
|
|t:|1785267720
|-heal|p1b: Toxapex|76/100|[from] ability: Regenerator|[silent]
|switch|p1b: Sinistcha|Sinistcha, L50|100/100
|-heal|p1a: Garganacl|100/100|[from] ability: Hospitality|[of] p1b: Sinistcha
|move|p2a: Metagross|Iron Head|p1a: Garganacl
|-supereffective|p1a: Garganacl|1
|-enditem|p1a: Garganacl|Babiri Berry|[eat]
|-enditem|p1a: Garganacl|Babiri Berry|[weaken]
|-damage|p1a: Garganacl|58/100
|move|p2b: Basculegion|Wave Crash|p1a: Garganacl
|-supereffective|p1a: Garganacl|1
|-damage|p1a: Garganacl|1/100
|-damage|p2b: Basculegion|47/100 brn|[from] Recoil
|cant|p1a: Garganacl|flinch
|
|-damage|p2b: Basculegion|41/100 brn|[from] brn
|upkeep
|turn|5
|inactive|CookerOcean2007 has 30 seconds left.
|inactive|CookerOcean2007 has 20 seconds left.
|
|t:|1785267760
|move|p2a: Metagross|Ice Punch|p1b: Sinistcha
|-supereffective|p1b: Sinistcha|1
|-damage|p1b: Sinistcha|29/100
|move|p2b: Basculegion|Last Respects|p1a: Garganacl
|-damage|p1a: Garganacl|0 fnt
|faint|p1a: Garganacl
|move|p1b: Sinistcha|Matcha Gotcha|p2a: Metagross|[spread] p2a,p2b
|-resisted|p2a: Metagross|1
|-supereffective|p2b: Basculegion|1
|-damage|p2a: Metagross|87/100
|-heal|p1b: Sinistcha|34/100|[from] drain|[of] p2a: Metagross
|-damage|p2b: Basculegion|0 fnt
|-heal|p1b: Sinistcha|58/100|[from] drain|[of] p2b: Basculegion
|faint|p2b: Basculegion
|
|upkeep
|
|t:|1785267776
|switch|p2b: Lycanroc|Lycanroc-Dusk, L50, M|100/100
|switch|p1a: Toxapex|Toxapex, L50, F|76/100
|turn|6
|-message|CookerOcean2007 forfeited.
|
|win|wintradeofmanuel
|l|☆CookerOcean2007
|player|p1|
|j|☆CookerOcean2007
|player|p1|CookerOcean2007|101|
||wintradeofmanuel is ready for game 2.
||CookerOcean2007 is ready for game 2.
|uhtml|next|Next: Game 2 of 3
