|j|☆LyssanTM
|j|☆yarep
|html|LyssanTMyarep    
|uhtml|bestof|Game 3 of a best-of-3
|t:|1785249296
|gametype|doubles
|player|p1|LyssanTM|veteran|
|player|p2|yarep|volkner|
|gen|9
|tier|[Gen 9 Champions] VGC 2026 Reg M-B (Bo3)
|rule|Species Clause: Limit one of each Pokémon
|rule|Item Clause: Limit 1 of each item
|clearpoke
|poke|p1|Blastoise, L50, M|
|poke|p1|Delphox, L50, F|
|poke|p1|Sneasler, L50, M|
|poke|p1|Mimikyu, L50, F|
|poke|p1|Sinistcha, L50|
|poke|p1|Incineroar, L50, M|
|poke|p2|Pelipper, L50, F|
|poke|p2|Archaludon, L50, F|
|poke|p2|Dragonite, L50, M|
|poke|p2|Incineroar, L50, F|
|poke|p2|Basculegion, L50, M|
|poke|p2|Scizor, L50, F|
|teampreview|4
|showteam|p1|Blastoise||Blastoisinite|Torrent|WaterSpout,ShellSmash,DarkPulse,Protect|Modest||M|||50|]Delphox||Delphoxite|Blaze|HeatWave,NastyPlot,Psyshock,Protect|Timid||F|||50|]Sneasler||FocusSash|PoisonTouch|DireClaw,FakeOut,QuickGuard,CloseCombat|Jolly||M|||50|]Mimikyu||LifeOrb|Disguise|PlayRough,SwordsDance,ShadowSneak,Protect|Adamant||F|||50|]Sinistcha||KasibBerry|Hospitality|MatchaGotcha,RagePowder,TrickRoom,Protect|Bold|||||50|]Incineroar||SitrusBerry|Intimidate|FakeOut,FlareBlitz,PartingShot,ThroatChop|Careful||M|||50|
|showteam|p2|Pelipper||FocusSash|Drizzle|Hurricane,WeatherBall,Tailwind,Protect|Modest||F|||50|]Archaludon||Leftovers|Stamina|ElectroShot,DragonPulse,AuraSphere,Protect|Bold||F|||50|]Dragonite||Dragoninite|Multiscale|Flamethrower,DragonPulse,Tailwind,Protect|Modest||M|||50|]Incineroar||SitrusBerry|Intimidate|ThroatChop,FakeOut,FlareBlitz,PartingShot|Careful||F|||50|]Basculegion||ChoiceScarf|Adaptability|WaveCrash,FlipTurn,LastRespects,AquaJet|Jolly||M|||50|]Scizor||Scizorite|Technician|BulletPunch,SwordsDance,Protect,CloseCombat|Adamant||F|||50|
|j| MeteorPlayz_
|
|t:|1785249376
|teamsize|p1|4
|teamsize|p2|4
|start
|switch|p1a: Sneasler|Sneasler, L50, M|100/100
|switch|p1b: Blastoise|Blastoise, L50, M|100/100
|switch|p2a: Pelipper|Pelipper, L50, F|100/100
|switch|p2b: Basculegion|Basculegion, L50, M|100/100
|-weather|RainDance|[from] ability: Drizzle|[of] p2a: Pelipper
|turn|1
|
|t:|1785249423
|detailschange|p1b: Blastoise|Blastoise-Mega, L50, M
|-mega|p1b: Blastoise|Blastoise|Blastoisinite
|move|p2a: Pelipper|Protect|p2a: Pelipper
|-singleturn|p2a: Pelipper|Protect
|move|p1a: Sneasler|Fake Out|p2a: Pelipper
|-activate|p2a: Pelipper|move: Protect
|move|p2b: Basculegion|Wave Crash|p1b: Blastoise
|-resisted|p1b: Blastoise|1
|-damage|p1b: Blastoise|45/100
|-damage|p2b: Basculegion|84/100|[from] Recoil
|move|p1b: Blastoise|Water Spout|p2a: Pelipper|[spread] p2b
|-activate|p2a: Pelipper|move: Protect
|-resisted|p2b: Basculegion|1
|-damage|p2b: Basculegion|56/100
|
|-weather|RainDance|[upkeep]
|upkeep
|turn|2
|
|t:|1785249465
|switch|p2b: Archaludon|Archaludon, L50, F|100/100
|switch|p1a: Sinistcha|Sinistcha, L50|100/100
|-heal|p1b: Blastoise|70/100|[from] ability: Hospitality|[of] p1a: Sinistcha
|move|p1b: Blastoise|Dark Pulse|p2b: Archaludon
|-damage|p2b: Archaludon|45/100
|-ability|p2b: Archaludon|Stamina|boost
|-boost|p2b: Archaludon|def|1
|move|p2a: Pelipper|Tailwind|p2a: Pelipper
|-sidestart|p2: yarep|move: Tailwind
|
|-weather|RainDance|[upkeep]
|-heal|p2b: Archaludon|51/100|[from] item: Leftovers
|upkeep
|turn|3
|
|t:|1785249502
|move|p2b: Archaludon|Protect|p2b: Archaludon
|-singleturn|p2b: Archaludon|Protect
|move|p1a: Sinistcha|Rage Powder|p1a: Sinistcha
|-singleturn|p1a: Sinistcha|move: Rage Powder
|move|p2a: Pelipper|Hurricane|p1a: Sinistcha
|-supereffective|p1a: Sinistcha|1
|-damage|p1a: Sinistcha|5/100
|move|p1b: Blastoise|Water Spout|p2b: Archaludon|[spread] p2a
|-activate|p2b: Archaludon|move: Protect
|-resisted|p2a: Pelipper|1
|-damage|p2a: Pelipper|42/100
|
|-weather|RainDance|[upkeep]
|-heal|p2b: Archaludon|57/100|[from] item: Leftovers
|upkeep
|turn|4
|
|t:|1785249524
|switch|p1a: Incineroar|Incineroar, L50, M|100/100
|-ability|p1a: Incineroar|Intimidate|boost
|-unboost|p2a: Pelipper|atk|1
|-unboost|p2b: Archaludon|atk|1
|move|p1b: Blastoise|Protect|p1b: Blastoise
|-singleturn|p1b: Blastoise|Protect
|move|p2a: Pelipper|Hurricane|p1a: Incineroar
|-damage|p1a: Incineroar|63/100
|move|p2b: Archaludon|Electro Shot||[still]
|-prepare|p2b: Archaludon|Electro Shot
|-boost|p2b: Archaludon|spa|1
|-anim|p2b: Archaludon|Electro Shot|p1b: Blastoise
|-activate|p1b: Blastoise|move: Protect
|
|-weather|RainDance|[upkeep]
|-heal|p2b: Archaludon|63/100|[from] item: Leftovers
|upkeep
|turn|5
|
|t:|1785249551
|switch|p2a: Basculegion|Basculegion, L50, M|56/100
|move|p1a: Incineroar|Fake Out|p2b: Archaludon
|-resisted|p2b: Archaludon|1
|-damage|p2b: Archaludon|60/100
|-ability|p2b: Archaludon|Stamina|boost
|-boost|p2b: Archaludon|def|1
|cant|p2b: Archaludon|flinch
|move|p1b: Blastoise|Dark Pulse|p2a: Basculegion
|-supereffective|p2a: Basculegion|1
|-damage|p2a: Basculegion|0 fnt
|faint|p2a: Basculegion
|
|-weather|none
|-heal|p2b: Archaludon|67/100|[from] item: Leftovers
|-sideend|p2: yarep|move: Tailwind
|upkeep
|
|t:|1785249557
|switch|p2a: Dragonite|Dragonite, L50, M|100/100
|turn|6
|
|t:|1785249603
|detailschange|p2a: Dragonite|Dragonite-Mega, L50, M
|-mega|p2a: Dragonite|Dragonite|Dragoninite
|move|p1b: Blastoise|Protect|p1b: Blastoise
|-singleturn|p1b: Blastoise|Protect
|move|p2a: Dragonite|Tailwind|p2a: Dragonite
|-sidestart|p2: yarep|move: Tailwind
|move|p2b: Archaludon|Aura Sphere|p1a: Incineroar
|-supereffective|p1a: Incineroar|1
|-crit|p1a: Incineroar
|-damage|p1a: Incineroar|0 fnt
|faint|p1a: Incineroar
|
|-heal|p2b: Archaludon|73/100|[from] item: Leftovers
|upkeep
|
|t:|1785249614
|switch|p1a: Sinistcha|Sinistcha, L50|5/100
|-heal|p1b: Blastoise|95/100|[from] ability: Hospitality|[of] p1a: Sinistcha
|turn|7
|
|t:|1785249625
|move|p2a: Dragonite|Flamethrower|p1a: Sinistcha
|-supereffective|p1a: Sinistcha|1
|-damage|p1a: Sinistcha|0 fnt
|faint|p1a: Sinistcha
|move|p2b: Archaludon|Dragon Pulse|p1b: Blastoise
|-damage|p1b: Blastoise|41/100
|move|p1b: Blastoise|Dark Pulse|p2b: Archaludon
|-damage|p2b: Archaludon|13/100
|-ability|p2b: Archaludon|Stamina|boost
|-boost|p2b: Archaludon|def|1
|
|-heal|p2b: Archaludon|19/100|[from] item: Leftovers
|upkeep
|
|t:|1785249633
|switch|p1a: Sneasler|Sneasler, L50, M|100/100
|turn|8
|
|t:|1785249648
|move|p2a: Dragonite|Protect|p2a: Dragonite
|-singleturn|p2a: Dragonite|Protect
|move|p2b: Archaludon|Protect|p2b: Archaludon
|-singleturn|p2b: Archaludon|Protect
|move|p1b: Blastoise|Protect|p1b: Blastoise
|-singleturn|p1b: Blastoise|Protect
|move|p1a: Sneasler|Close Combat|p2b: Archaludon
|-activate|p2b: Archaludon|move: Protect
|
|-heal|p2b: Archaludon|25/100|[from] item: Leftovers
|upkeep
|turn|9
|
|t:|1785249663
|move|p1b: Blastoise|Protect||[still]
|-fail|p1b: Blastoise
|move|p2a: Dragonite|Dragon Pulse|p1a: Sneasler
|-damage|p1a: Sneasler|34/100
|move|p2b: Archaludon|Dragon Pulse|p1b: Blastoise
|-damage|p1b: Blastoise|0 fnt
|faint|p1b: Blastoise
|move|p1a: Sneasler|Close Combat|p2b: Archaludon
|-supereffective|p2b: Archaludon|1
|-damage|p2b: Archaludon|0 fnt
|-unboost|p1a: Sneasler|def|1
|-unboost|p1a: Sneasler|spd|1
|faint|p2b: Archaludon
|
|-sideend|p2: yarep|move: Tailwind
|upkeep
|
|t:|1785249670
|switch|p2b: Pelipper|Pelipper, L50, F|42/100
|-weather|RainDance|[from] ability: Drizzle|[of] p2b: Pelipper
|turn|10
|
|t:|1785249675
|move|p1a: Sneasler|Dire Claw|p2a: Dragonite
|-damage|p2a: Dragonite|80/100
|move|p2a: Dragonite|Dragon Pulse|p1a: Sneasler
|-damage|p1a: Sneasler|0 fnt
|faint|p1a: Sneasler
|
|win|yarep
|c|☆yarep|GG lyssan
|c|☆LyssanTM|gg
