|j|☆jeanryupr
|j|☆leonelmessyone
|html|jeanryuprleonelmessyone    
|uhtml|bestof|Game 2 of a best-of-3
|t:|1785710444
|gametype|doubles
|player|p1|jeanryupr|101|1152
|player|p2|leonelmessyone|169|1156
|gen|9
|tier|[Gen 9 Champions] VGC 2026 Reg M-B (Bo3)
|rated|
|rule|Species Clause: Limit one of each Pokémon
|rule|Item Clause: Limit 1 of each item
|clearpoke
|poke|p1|Raichu, L50, F|
|poke|p1|Aerodactyl, L50, M|
|poke|p1|Sylveon, L50, F|
|poke|p1|Basculegion, L50, M|
|poke|p1|Farigiraf, L50, F|
|poke|p1|Garchomp, L50, M|
|poke|p2|Sceptile, L50, F, shiny|
|poke|p2|Golurk, L50, shiny|
|poke|p2|Rotom-Wash, L50, shiny|
|poke|p2|Arcanine, L50, F, shiny|
|poke|p2|Goodra-Hisui, L50, F, shiny|
|poke|p2|Oranguru, L50, F, shiny|
|teampreview|4
|showteam|p1|Raichu||RaichuniteY|Static|FocusBlast,ZapCannon,FakeOut,Protect|Timid||F|||50|]Aerodactyl||Aerodactylite|Unnerve|WideGuard,IceFang,RockSlide,Tailwind|Jolly||M|||50|]Sylveon||FairyFeather|Pixilate|Detect,QuickAttack,HyperBeam,HyperVoice|Modest||F|||50|]Basculegion||FocusSash|Adaptability|LastRespects,AquaJet,WaveCrash,Protect|Adamant||M|||50|]Farigiraf||SitrusBerry|ArmorTail|TrickRoom,HelpingHand,Thunderbolt,TwinBeam|Bold||F|||50|]Garchomp|||RoughSkin|Protect,DragonClaw,StompingTantrum,Earthquake|Jolly||M|||50|
|showteam|p2|Sceptile||Sceptilite|Overgrow|EnergyBall,EarthPower,DragonPulse,ShedTail|Modest||F|||50|]Golurk||Golurkite|NoGuard|RockSlide,HighHorsepower,Poltergeist,Protect|Brave|||||50|]Rotom-Wash||ChoiceScarf|Levitate|Discharge,VoltSwitch,Trick,HydroPump|Modest|||||50|]Arcanine||LifeOrb|Intimidate|Protect,WillOWisp,ExtremeSpeed,FlareBlitz|Jolly||F|||50|]Goodra-Hisui||Leftovers|SapSipper|Shelter,BodyPress,HeavySlam,LifeDew|Relaxed||F|||50|]Oranguru||MentalHerb|InnerFocus|TrickRoom,Gravity,FoulPlay,Instruct|Sassy||F|||50|
|
|t:|1785710490
|teamsize|p1|4
|teamsize|p2|4
|start
|switch|p1a: Sylveon|Sylveon, L50, F|100/100
|switch|p1b: Farigiraf|Farigiraf, L50, F|100/100
|switch|p2a: Golurk|Golurk, L50, shiny|100/100
|switch|p2b: Oranguru|Oranguru, L50, F, shiny|100/100
|turn|1
|
|t:|1785710513
|switch|p2b: Arcanine|Arcanine, L50, F, shiny|100/100
|-ability|p2b: Arcanine|Intimidate|boost
|-unboost|p1a: Sylveon|atk|1
|-unboost|p1b: Farigiraf|atk|1
|switch|p2a: Goodra|Goodra-Hisui, L50, F, shiny|100/100
|move|p1b: Farigiraf|Helping Hand|p1a: Sylveon
|-singleturn|p1a: Sylveon|Helping Hand|[of] p1b: Farigiraf
|move|p1a: Sylveon|Hyper Beam|p2b: Arcanine|[miss]
|-miss|p1a: Sylveon|p2b: Arcanine
|
|upkeep
|turn|2
|
|t:|1785710544
|move|p1b: Farigiraf|Helping Hand|p1a: Sylveon
|-singleturn|p1a: Sylveon|Helping Hand|[of] p1b: Farigiraf
|move|p2b: Arcanine|Flare Blitz|p1a: Sylveon
|-damage|p1a: Sylveon|15/100
|-damage|p2b: Arcanine|71/100|[from] Recoil
|-damage|p2b: Arcanine|61/100|[from] item: Life Orb
|move|p1a: Sylveon|Hyper Voice|p2b: Arcanine|[spread] p2a,p2b
|-resisted|p2b: Arcanine|1
|-damage|p2a: Goodra|50/100g
|-damage|p2b: Arcanine|11/100
|move|p2a: Goodra|Shelter|p2a: Goodra
|-boost|p2a: Goodra|def|2
|
|-heal|p2a: Goodra|56/100|[from] item: Leftovers
|upkeep
|turn|3
|
|t:|1785710574
|move|p1a: Sylveon|Detect|p1a: Sylveon
|-singleturn|p1a: Sylveon|Protect
|move|p2b: Arcanine|Extreme Speed||[still]
|cant|p1b: Farigiraf|ability: Armor Tail|Extreme Speed|[of] p2b: Arcanine
|move|p1b: Farigiraf|Thunderbolt|p2b: Arcanine
|-damage|p2b: Arcanine|0 fnt
|faint|p2b: Arcanine
|move|p2a: Goodra|Body Press|p1b: Farigiraf
|-damage|p1b: Farigiraf|56/100
|
|-heal|p2a: Goodra|62/100|[from] item: Leftovers
|upkeep
|
|t:|1785710587
|switch|p2b: Oranguru|Oranguru, L50, F, shiny|100/100
|turn|4
|
|t:|1785710597
|move|p1b: Farigiraf|Helping Hand|p1a: Sylveon
|-singleturn|p1a: Sylveon|Helping Hand|[of] p1b: Farigiraf
|move|p1a: Sylveon|Hyper Beam|p2b: Oranguru
|-damage|p2b: Oranguru|7/100
|-mustrecharge|p1a: Sylveon
|move|p2a: Goodra|Heavy Slam|p1a: Sylveon
|-supereffective|p1a: Sylveon|1
|-damage|p1a: Sylveon|0 fnt
|faint|p1a: Sylveon
|move|p2b: Oranguru|Trick Room|p2b: Oranguru
|-fieldstart|move: Trick Room|[of] p2b: Oranguru
|
|-heal|p2a: Goodra|67/100|[from] item: Leftovers
|upkeep
|
|t:|1785710605
|switch|p1a: Raichu|Raichu, L50, F|100/100
|turn|5
|
|t:|1785710631
|detailschange|p1a: Raichu|Raichu-Mega-Y, L50, F
|-mega|p1a: Raichu|Raichu|Raichunite Y
|move|p1a: Raichu|Fake Out|p2a: Goodra
|-resisted|p2a: Goodra|1
|-damage|p2a: Goodra|66/100
|cant|p2a: Goodra|flinch
|move|p2b: Oranguru|Instruct|p2a: Goodra
|-singleturn|p2a: Goodra|move: Instruct|[of] p2b: Oranguru
|cant|p2a: Goodra|flinch
|move|p1b: Farigiraf|Trick Room|p1b: Farigiraf
|-fieldend|move: Trick Room
|
|-heal|p2a: Goodra|72/100|[from] item: Leftovers
|upkeep
|turn|6
|
|t:|1785710666
|switch|p2b: Golurk|Golurk, L50, shiny|100/100
|move|p1a: Raichu|Focus Blast|p2a: Goodra
|-supereffective|p2a: Goodra|1
|-damage|p2a: Goodra|10/100
|move|p1b: Farigiraf|Thunderbolt|p2b: Golurk
|-immune|p2b: Golurk
|move|p2a: Goodra|Body Press|p1a: Raichu
|-damage|p1a: Raichu|0 fnt
|faint|p1a: Raichu
|
|-heal|p2a: Goodra|16/100|[from] item: Leftovers
|upkeep
|
|t:|1785710674
|switch|p1a: Garchomp|Garchomp, L50, M|100/100
|turn|7
|
|t:|1785710709
|detailschange|p2b: Golurk|Golurk-Mega, L50, shiny
|-mega|p2b: Golurk|Golurk|Golurkite
|move|p1a: Garchomp|Earthquake|p2a: Goodra|[spread] p1b,p2a,p2b
|-supereffective|p2a: Goodra|1
|-damage|p1b: Farigiraf|25/100
|-damage|p2a: Goodra|0 fnt
|-damage|p2b: Golurk|67/100
|-enditem|p1b: Farigiraf|Sitrus Berry|[eat]
|-heal|p1b: Farigiraf|50/100g|[from] item: Sitrus Berry
|faint|p2a: Goodra
|move|p1b: Farigiraf|Thunderbolt|p2b: Golurk
|-immune|p2b: Golurk
|move|p2b: Golurk|Poltergeist||[still]
|-fail|p2b: Golurk
|
|upkeep
|
|t:|1785710725
|switch|p2a: Oranguru|Oranguru, L50, F, shiny|7/100
|turn|8
|
|t:|1785710742
|move|p1b: Farigiraf|Helping Hand|p1a: Garchomp
|-singleturn|p1a: Garchomp|Helping Hand|[of] p1b: Farigiraf
|move|p1a: Garchomp|Earthquake|p2b: Golurk|[spread] p1b,p2a,p2b
|-damage|p1b: Farigiraf|2/100
|-damage|p2a: Oranguru|0 fnt
|-damage|p2b: Golurk|21/100
|faint|p2a: Oranguru
|move|p2b: Golurk|High Horsepower|p1a: Garchomp
|-damage|p1a: Garchomp|35/100
|-damage|p2b: Golurk|9/100|[from] ability: Rough Skin|[of] p1a: Garchomp
|
|upkeep
|turn|9
|
|t:|1785710755
|move|p2b: Golurk|Protect|p2b: Golurk
|-singleturn|p2b: Golurk|Protect
|move|p1a: Garchomp|Dragon Claw|p2b: Golurk
|-activate|p2b: Golurk|move: Protect
|move|p1b: Farigiraf|Twin Beam|p2b: Golurk
|-activate|p2b: Golurk|move: Protect
|
|upkeep
|turn|10
|
|t:|1785710766
|move|p1a: Garchomp|Dragon Claw|p2b: Golurk
|-damage|p2b: Golurk|0 fnt
|faint|p2b: Golurk
|
|win|jeanryupr
