|j|☆yizhongchang
|j|☆slaking-champions
|html|yizhongchangslaking-champions    
|uhtml|bestof|Game 1 of a best-of-3
|t:|1785592942
|gametype|doubles
|player|p1|yizhongchang|1|
|player|p2|slaking-champions|li|
|gen|9
|tier|[Gen 9 Champions] VGC 2026 Reg M-B (Bo3)
|rule|Species Clause: Limit one of each Pokémon
|rule|Item Clause: Limit 1 of each item
|clearpoke
|poke|p1|Charizard, L50, M|
|poke|p1|Archaludon, L50, F|
|poke|p1|Politoed, L50, F|
|poke|p1|Basculegion, L50, M|
|poke|p1|Venusaur, L50, M|
|poke|p1|Aerodactyl, L50, M|
|poke|p2|Charizard, L50, M|
|poke|p2|Archaludon, L50, M|
|poke|p2|Venusaur, L50, M|
|poke|p2|Pelipper, L50, M|
|poke|p2|Grimmsnarl, L50, M|
|poke|p2|Basculegion, L50, M|
|teampreview|4
|showteam|p1|Charizard||CharizarditeY|Blaze|HeatWave,WeatherBall,SolarBeam,Protect|Modest||M|||50|]Archaludon||Leftovers|Stamina|FlashCannon,ElectroShot,DragonPulse,Protect|Calm||F|||50|]Politoed||SitrusBerry|Drizzle|WeatherBall,PerishSong,IcyWind,Protect|Bold||F|||50|]Basculegion||FocusSash|Adaptability|Liquidation,AquaJet,LastRespects,Protect|Jolly||M|||50|]Venusaur||LifeOrb|Chlorophyll|SludgeBomb,EarthPower,EnergyBall,Protect|Modest||M|||50|]Aerodactyl||Aerodactylite|Unnerve|RockSlide,DualWingbeat,Tailwind,Protect|Jolly||M|||50|
|showteam|p2|Charizard||CharizarditeY|Blaze|HeatWave,WeatherBall,SolarBeam,Protect|Modest||M|||50|]Archaludon||Leftovers|Stamina|ElectroShot,FlashCannon,DragonPulse,Protect|Modest||M|||50|]Venusaur||LifeOrb|Chlorophyll|SleepPowder,SludgeBomb,EarthPower,Protect|Modest||M|||50|]Pelipper||FocusSash|Drizzle|WeatherBall,Hurricane,Tailwind,WideGuard|Timid||M|||50|]Grimmsnarl||LightClay|Prankster|SpiritBreak,PartingShot,Reflect,LightScreen|Careful||M|||50|]Basculegion||ChoiceScarf|Adaptability|WaveCrash,FlipTurn,AquaJet,LastRespects|Jolly||M|||50|
|c|☆slaking-champions|我貼一下
|j| otenkoz
|c|☆slaking-champions|我貼好了
|c|☆yizhongchang|我也好了
|j| FongSC
|j| chiachi
|l| FongSC
|c|☆slaking-champions|請多多指教
|j| pikachu0428
|l| chiachi
|j| chiachi
|
|t:|1785593160
|teamsize|p1|4
|teamsize|p2|4
|start
|switch|p1a: Archaludon|Archaludon, L50, F|100/100
|switch|p1b: Venusaur|Venusaur, L50, M|100/100
|switch|p2a: Archaludon|Archaludon, L50, M|100/100
|switch|p2b: Basculegion|Basculegion, L50, M|100/100
|turn|1
|l| chiachi
|
|t:|1785593234
|switch|p2a: Pelipper|Pelipper, L50, M|100/100
|-weather|RainDance|[from] ability: Drizzle|[of] p2a: Pelipper
|move|p2b: Basculegion|Flip Turn|p1b: Venusaur
|-resisted|p1b: Venusaur|1
|-damage|p1b: Venusaur|61/100
|j| chiachi
|
|t:|1785593240
|switch|p2b: Archaludon|Archaludon, L50, M|100/100|[from] Flip Turn
|move|p1b: Venusaur|Earth Power|p2a: Pelipper
|-immune|p2a: Pelipper
|move|p1a: Archaludon|Dragon Pulse|p2a: Pelipper
|-damage|p2a: Pelipper|36/100
|
|-weather|RainDance|[upkeep]
|upkeep
|turn|2
|
|t:|1785593272
|move|p1b: Venusaur|Sludge Bomb|p2a: Pelipper
|-damage|p2a: Pelipper|0 fnt
|faint|p2a: Pelipper
|-damage|p1b: Venusaur|51/100|[from] item: Life Orb
|move|p1a: Archaludon|Electro Shot||[still]
|-prepare|p1a: Archaludon|Electro Shot
|-boost|p1a: Archaludon|spa|1
|-anim|p1a: Archaludon|Electro Shot|p2b: Archaludon
|-resisted|p2b: Archaludon|1
|-damage|p2b: Archaludon|70/100
|-ability|p2b: Archaludon|Stamina|boost
|-boost|p2b: Archaludon|def|1
|move|p2b: Archaludon|Electro Shot||[still]
|-prepare|p2b: Archaludon|Electro Shot
|-boost|p2b: Archaludon|spa|1
|-anim|p2b: Archaludon|Electro Shot|p1a: Archaludon
|-resisted|p1a: Archaludon|1
|-damage|p1a: Archaludon|68/100
|-ability|p1a: Archaludon|Stamina|boost
|-boost|p1a: Archaludon|def|1
|
|-weather|RainDance|[upkeep]
|-heal|p1a: Archaludon|75/100|[from] item: Leftovers
|-heal|p2b: Archaludon|76/100|[from] item: Leftovers
|upkeep
|
|t:|1785593294
|switch|p2a: Venusaur|Venusaur, L50, M|100/100
|turn|3
|j| PawmotNo1
|
|t:|1785593309
|move|p2b: Archaludon|Protect|p2b: Archaludon
|-singleturn|p2b: Archaludon|Protect
|move|p1b: Venusaur|Earth Power|p2b: Archaludon
|-activate|p2b: Archaludon|move: Protect
|move|p2a: Venusaur|Earth Power|p1b: Venusaur
|-damage|p1b: Venusaur|5/100
|-damage|p2a: Venusaur|90/100|[from] item: Life Orb
|move|p1a: Archaludon|Dragon Pulse|p2a: Venusaur
|-damage|p2a: Venusaur|21/100
|
|-weather|RainDance|[upkeep]
|-heal|p1a: Archaludon|81/100|[from] item: Leftovers
|-heal|p2b: Archaludon|82/100|[from] item: Leftovers
|upkeep
|turn|4
|j| FongSC
|
|t:|1785593344
|move|p2a: Venusaur|Earth Power|p1b: Venusaur
|-damage|p1b: Venusaur|0 fnt
|faint|p1b: Venusaur
|-damage|p2a: Venusaur|12/100|[from] item: Life Orb
|move|p1a: Archaludon|Dragon Pulse|p2b: Archaludon
|-damage|p2b: Archaludon|30/100
|-ability|p2b: Archaludon|Stamina|boost
|-boost|p2b: Archaludon|def|1
|move|p2b: Archaludon|Dragon Pulse|p1a: Archaludon
|-damage|p1a: Archaludon|18/100
|-ability|p1a: Archaludon|Stamina|boost
|-boost|p1a: Archaludon|def|1
|
|-weather|RainDance|[upkeep]
|-heal|p1a: Archaludon|24/100|[from] item: Leftovers
|-heal|p2b: Archaludon|36/100|[from] item: Leftovers
|upkeep
|
|t:|1785593352
|switch|p1b: Charizard|Charizard, L50, M|100/100
|turn|5
|
|t:|1785593412
|move|p2a: Venusaur|Earth Power|p1a: Archaludon
|-supereffective|p1a: Archaludon|1
|-damage|p1a: Archaludon|0 fnt
|faint|p1a: Archaludon
|-damage|p2a: Venusaur|2/100|[from] item: Life Orb
|move|p1b: Charizard|Weather Ball|p2a: Venusaur
|-resisted|p2a: Venusaur|1
|-damage|p2a: Venusaur|0 fnt
|faint|p2a: Venusaur
|move|p2b: Archaludon|Dragon Pulse|p1b: Charizard
|-damage|p1b: Charizard|36/100
|
|-weather|none
|-heal|p2b: Archaludon|42/100|[from] item: Leftovers
|upkeep
|
|t:|1785593426
|switch|p2a: Basculegion|Basculegion, L50, M|100/100
|switch|p1a: Politoed|Politoed, L50, F|100/100
|-weather|RainDance|[from] ability: Drizzle|[of] p1a: Politoed
|turn|6
|j| ilovenico
|
|t:|1785593460
|move|p1b: Charizard|Protect|p1b: Charizard
|-singleturn|p1b: Charizard|Protect
|move|p2a: Basculegion|Last Respects|p1b: Charizard
|-activate|p1b: Charizard|move: Protect
|move|p2b: Archaludon|Dragon Pulse|p1a: Politoed
|-crit|p1a: Politoed
|-damage|p1a: Politoed|20/100y
|-enditem|p1a: Politoed|Sitrus Berry|[eat]
|-heal|p1a: Politoed|45/100|[from] item: Sitrus Berry
|move|p1a: Politoed|Icy Wind|p2b: Archaludon|[spread] p2b
|-miss|p1a: Politoed|p2a: Basculegion
|-damage|p2b: Archaludon|34/100
|-unboost|p2b: Archaludon|spe|1
|-ability|p2b: Archaludon|Stamina|boost
|-boost|p2b: Archaludon|def|1
|
|-weather|RainDance|[upkeep]
|-heal|p2b: Archaludon|40/100|[from] item: Leftovers
|upkeep
|turn|7
|-message|yizhongchang forfeited.
|
|win|slaking-champions
||yizhongchang is ready for game 2.
||slaking-champions is ready for game 2.
|uhtml|next|Next: Game 2 of 3
|l| FongSC
|l| PawmotNo1
|l| chiachi
|l| pikachu0428
|j| FongSC
