|j|☆SuperDialga1275
|j|☆ssooner
|html|SuperDialga1275ssooner    
|uhtml|bestof|Game 1 of a best-of-3
|t:|1785356490
|gametype|doubles
|player|p1|SuperDialga1275|giovanni|
|player|p2|ssooner|wallace|
|gen|9
|tier|[Gen 9 Champions] VGC 2026 Reg M-B (Bo3)
|rule|Species Clause: Limit one of each Pokémon
|rule|Item Clause: Limit 1 of each item
|clearpoke
|poke|p1|Staraptor, L50, F|
|poke|p1|Delphox, L50, F|
|poke|p1|Whimsicott, L50, F|
|poke|p1|Garchomp, L50, M|
|poke|p1|Kingambit, L50, M|
|poke|p1|Glimmora, L50, F|
|poke|p2|Floette-Eternal, L50, F|
|poke|p2|Whimsicott, L50, F|
|poke|p2|Arcanine-Hisui, L50, M|
|poke|p2|Basculegion, L50, M|
|poke|p2|Kingambit, L50, M|
|poke|p2|Dragonite, L50, M|
|teampreview|4
|showteam|p1|Staraptor||Staraptite|Intimidate|BraveBird,CloseCombat,Protect,Roost|Jolly||F|||50|]Delphox||Delphoxite|Blaze|HeatWave,Psychic,Protect,Substitute|Timid||F|||50|]Whimsicott||OccaBerry|Prankster|LightScreen,Moonblast,Charm,Tailwind|Calm||F|||50|]Garchomp||LifeOrb|RoughSkin|DragonClaw,Earthquake,Protect,RockSlide|Jolly||M|||50|]Kingambit||ChopleBerry|Defiant|KowtowCleave,IronHead,LowKick,SuckerPunch|Adamant||M|||50|]Glimmora||FocusSash|ToxicDebris|EarthPower,PowerGem,SpikyShield,SludgeBomb|Timid||F|||50|
|showteam|p2|Floette-Eternal||Floettite|FlowerVeil|Moonblast,DazzlingGleam,LightofRuin,Protect|Modest||F|||50|]Whimsicott||FocusSash|Prankster|Tailwind,Moonblast,Encore,Protect|Timid||F|||50|]Arcanine-Hisui||LifeOrb|RockHead|HeadSmash,FlareBlitz,ExtremeSpeed,Protect|Adamant||M|||50|]Basculegion||ChoiceScarf|Adaptability|WaveCrash,LastRespects,AquaJet,FlipTurn|Jolly||M|||50|]Kingambit||BlackGlasses|Defiant|KowtowCleave,SuckerPunch,IronHead,Protect|Adamant||M|||50|]Dragonite||DragonFang|InnerFocus|DragonClaw,ExtremeSpeed,LowKick,Protect|Adamant||M|||50|
|inactive|Battle timer is ON: inactive players will automatically lose when time's up. (requested by SuperDialga1275)
|inactive|ssooner also wants the timer to be on.
|
|t:|1785356517
|teamsize|p1|4
|teamsize|p2|4
|start
|switch|p1a: Glimmora|Glimmora, L50, F|100/100
|switch|p1b: Kingambit|Kingambit, L50, M|100/100
|switch|p2a: Whimsicott|Whimsicott, L50, F|100/100
|switch|p2b: chud daughter|Floette-Eternal, L50, F|100/100
|turn|1
|c|☆ssooner|i think floette lead could be good
|inactive|SuperDialga1275 has 30 seconds left.
|
|t:|1785356551
|switch|p2b: Basculegion|Basculegion, L50, M|100/100
|move|p2a: Whimsicott|Tailwind|p2a: Whimsicott
|-sidestart|p2: ssooner|move: Tailwind
|move|p1a: Glimmora|Sludge Bomb|p2b: Basculegion
|-resisted|p2b: Basculegion|1
|-damage|p2b: Basculegion|74/100
|move|p1b: Kingambit|Iron Head|p2a: Whimsicott
|-supereffective|p2a: Whimsicott|1
|-enditem|p2a: Whimsicott|Focus Sash
|-damage|p2a: Whimsicott|1/100
|
|upkeep
|turn|2
|inactive|SuperDialga1275 has 30 seconds left.
|inactive|ssooner has 30 seconds left.
|inactive|ssooner has 20 seconds left.
|inactive|ssooner has 15 seconds left.
|inactive|ssooner has 10 seconds left.
|
|t:|1785356597
|switch|p2b: chud daughter|Floette-Eternal, L50, F|100/100
|move|p1a: Glimmora|Spiky Shield|p1a: Glimmora
|-singleturn|p1a: Glimmora|move: Protect
|move|p2a: Whimsicott|Encore|p1a: Glimmora
|-activate|p1a: Glimmora|move: Protect
|move|p1b: Kingambit|Sucker Punch||[still]
|-fail|p1b: Kingambit
|
|upkeep
|turn|3
|inactive|SuperDialga1275 has 30 seconds left.
|inactive|SuperDialga1275 has 20 seconds left.
|inactive|SuperDialga1275 has 15 seconds left.
|
|t:|1785356641
|switch|p1a: Whimsicott|Whimsicott, L50, F|100/100
|switch|p1b: Staraptor|Staraptor, L50, F|100/100
|-ability|p1b: Staraptor|Intimidate|boost
|-block|p2a: Whimsicott|ability: Flower Veil|[of] p2b: chud daughter
|-unboost|p2b: chud daughter|atk|1
|detailschange|p2b: chud daughter|Floette-Mega, L50, F
|-mega|p2b: chud daughter|Floette|Floettite
|-ability|p2b: chud daughter|Fairy Aura
|move|p2a: Whimsicott|Encore||[still]
|-fail|p2a: Whimsicott
|move|p2b: chud daughter|Light of Ruin|p1b: Staraptor
|-damage|p1b: Staraptor|0 fnt
|faint|p1b: Staraptor
|-damage|p2b: chud daughter|43/100|[from] Recoil
|
|upkeep
|
|t:|1785356657
|switch|p1b: Glimmora|Glimmora, L50, F|100/100
|turn|4
|
|t:|1785356671
|move|p1a: Whimsicott|Tailwind|p1a: Whimsicott
|-sidestart|p1: SuperDialga1275|move: Tailwind
|move|p2a: Whimsicott|Moonblast|p1a: Whimsicott
|-damage|p1a: Whimsicott|51/100
|move|p1b: Glimmora|Sludge Bomb|p2a: Whimsicott
|-supereffective|p2a: Whimsicott|2
|-damage|p2a: Whimsicott|0 fnt
|faint|p2a: Whimsicott
|move|p2b: chud daughter|Dazzling Gleam|p1a: Whimsicott|[spread] p1a,p1b
|-crit|p1a: Whimsicott
|-resisted|p1b: Glimmora|1
|-damage|p1a: Whimsicott|0 fnt
|-damage|p1b: Glimmora|66/100
|faint|p1a: Whimsicott
|
|-sideend|p2: ssooner|move: Tailwind
|upkeep
|
|t:|1785356687
|switch|p2a: chud son|Arcanine-Hisui, L50, M|100/100
|switch|p1a: Kingambit|Kingambit, L50, M|100/100
|turn|5
|
|t:|1785356703
|move|p1b: Glimmora|Earth Power|p2a: chud son
|-supereffective|p2a: chud son|2
|-damage|p2a: chud son|0 fnt
|faint|p2a: chud son
|move|p2b: chud daughter|Light of Ruin|p1a: Kingambit
|-damage|p1a: Kingambit|0 fnt
|faint|p1a: Kingambit
|-damage|p2b: chud daughter|0 fnt|[from] Recoil
|faint|p2b: chud daughter
|
|upkeep
|c|☆ssooner|fast floette goated
|
|t:|1785356716
|switch|p2b: Basculegion|Basculegion, L50, M|74/100
|turn|6
|c|☆SuperDialga1275|forgot abt that
|
|t:|1785356730
|move|p1b: Glimmora|Spiky Shield|p1b: Glimmora
|-singleturn|p1b: Glimmora|move: Protect
|move|p2b: Basculegion|Last Respects|p1b: Glimmora
|-activate|p1b: Glimmora|move: Protect
|
|upkeep
|turn|7
|c|☆ssooner|but i think richs gambit was a little faster them mine ngl
|
|t:|1785356748
|move|p1b: Glimmora|Power Gem|p2b: Basculegion
|-damage|p2b: Basculegion|26/100
|move|p2b: Basculegion|Last Respects|p1b: Glimmora
|-damage|p1b: Glimmora|0 fnt
|-activate|p1b: Glimmora|ability: Toxic Debris
|-sidestart|p2: ssooner|move: Toxic Spikes
|faint|p1b: Glimmora
|
|win|ssooner
