|j|☆caZISA
|j|☆jacre22
|html|caZISAjacre22    
|uhtml|bestof|Game 2 of a best-of-3
|t:|1756745369
|gametype|doubles
|player|p1|caZISA|red|1478
|player|p2|jacre22|iris-gen5bw2|1405
|gen|9
|tier|[Gen 9] VGC 2025 Reg H (Bo3)
|rated|
|rule|Species Clause: Limit one of each Pokémon
|rule|Item Clause: Limit 1 of each item
|clearpoke
|poke|p1|Sinistcha-Masterpiece, L50|
|poke|p1|Incineroar, L50, M|
|poke|p1|Pelipper, L50, M|
|poke|p1|Basculegion, L50, M|
|poke|p1|Archaludon, L50, M|
|poke|p1|Maushold-Four, L50|
|poke|p2|Whimsicott, L50, M|
|poke|p2|Garchomp, L50, F|
|poke|p2|Gholdengo, L50|
|poke|p2|Incineroar, L50, F|
|poke|p2|Sneasler, L50, M|
|poke|p2|Dragonite, L50, M|
|teampreview|4
|showteam|p1|Sinistcha-Masterpiece||SitrusBerry|Hospitality|MatchaGotcha,RagePowder,LifeDew,TrickRoom||||||50|,,,,,Water]Incineroar||SafetyGoggles|Intimidate|FakeOut,WillOWisp,KnockOff,PartingShot|||M|||50|,,,,,Ghost]Pelipper||FocusSash|Drizzle|Hurricane,MuddyWater,WideGuard,Protect|||M|||50|,,,,,Ghost]Basculegion||MysticWater|SwiftSwim|WaveCrash,LastRespects,AquaJet,Protect|||M|||50|,,,,,Grass]Archaludon||AssaultVest|Stamina|Snarl,DracoMeteor,ElectroShot,BodyPress|||M|||50|,,,,,Bug]Maushold-Four||WideLens|Technician|PopulationBomb,Taunt,FollowMe,Protect||||||50|,,,,,Ghost
|showteam|p2|Whimsicott||FocusSash|Prankster|Moonblast,Tailwind,Encore,Protect|||M|||50|,,,,,Ghost]Garchomp||LifeOrb|RoughSkin|Earthquake,DragonClaw,StompingTantrum,Protect|||F|||50|,,,,,Ground]Gholdengo||ChoiceSpecs|GoodasGold|MakeItRain,ShadowBall,Trick,PowerGem||||||50|,,,,,Steel]Incineroar||AssaultVest|Intimidate|FakeOut,FlareBlitz,KnockOff,Uturn|||F|||50|,,,,,Grass]Sneasler||WhiteHerb|Unburden|FakeOut,DireClaw,CloseCombat,Protect|||M|||50|,,,,,Stellar]Dragonite||ChoiceBand|InnerFocus|ExtremeSpeed,Outrage,IceSpinner,StompingTantrum|||M|||50|,,,,,Normal
|
|t:|1756745407
|teamsize|p1|4
|teamsize|p2|4
|start
|switch|p1a: Golden Gate|Archaludon, L50, M|100/100
|switch|p1b: Sinistcha|Sinistcha-Masterpiece, L50|100/100
|switch|p2a: Whimsicott|Whimsicott, L50, M|100/100
|switch|p2b: Gholdengo|Gholdengo, L50|100/100
|turn|1
|inactive|Battle timer is ON: inactive players will automatically lose when time's up. (requested by caZISA)
|inactive|jacre22 has 60 seconds left.
|
|t:|1756745461
|-terastallize|p1b: Sinistcha|Water
|move|p2a: Whimsicott|Tailwind|p2a: Whimsicott
|-sidestart|p2: jacre22|move: Tailwind
|move|p2b: Gholdengo|Make It Rain|p1b: Sinistcha|[spread] p1a,p1b
|-resisted|p1a: Golden Gate
|-resisted|p1b: Sinistcha
|-damage|p1a: Golden Gate|74/100
|-damage|p1b: Sinistcha|65/100
|-unboost|p2b: Gholdengo|spa|1
|-ability|p1a: Golden Gate|Stamina|boost
|-boost|p1a: Golden Gate|def|1
|move|p1a: Golden Gate|Snarl|p2a: Whimsicott|[spread] p2a,p2b
|-resisted|p2a: Whimsicott
|-supereffective|p2b: Gholdengo
|-damage|p2a: Whimsicott|90/100
|-damage|p2b: Gholdengo|73/100
|-unboost|p2a: Whimsicott|spa|1
|-unboost|p2b: Gholdengo|spa|1
|move|p1b: Sinistcha|Trick Room|p1b: Sinistcha
|-fieldstart|move: Trick Room|[of] p1b: Sinistcha
|
|upkeep
|turn|2
|inactive|jacre22 has 30 seconds left.
|
|t:|1756745493
|switch|p1b: Nigel|Pelipper, L50, M|100/100
|-weather|RainDance|[from] ability: Drizzle|[of] p1b: Nigel
|switch|p2b: Dragonite|Dragonite, L50, M|100/100
|move|p2a: Whimsicott|Encore||[still]
|-fail|p2a: Whimsicott
|move|p1a: Golden Gate|Electro Shot||[still]
|-prepare|p1a: Golden Gate|Electro Shot
|-boost|p1a: Golden Gate|spa|1
|-anim|p1a: Golden Gate|Electro Shot|p2b: Dragonite
|-damage|p2b: Dragonite|54/100
|
|-weather|RainDance|[upkeep]
|upkeep
|turn|3
|inactive|jacre22 has 30 seconds left.
|
|t:|1756745523
|move|p2a: Whimsicott|Protect|p2a: Whimsicott
|-singleturn|p2a: Whimsicott|Protect
|move|p1a: Golden Gate|Electro Shot||[still]
|-prepare|p1a: Golden Gate|Electro Shot
|-boost|p1a: Golden Gate|spa|1
|-anim|p1a: Golden Gate|Electro Shot|p2b: Dragonite
|-damage|p2b: Dragonite|0 fnt
|faint|p2b: Dragonite
|move|p1b: Nigel|Hurricane|p2a: Whimsicott
|-activate|p2a: Whimsicott|move: Protect
|
|-weather|RainDance|[upkeep]
|upkeep
|
|t:|1756745536
|switch|p2b: Gholdengo|Gholdengo, L50|73/100
|turn|4
|inactive|jacre22 has 30 seconds left.
|
|t:|1756745564
|move|p1a: Golden Gate|Electro Shot||[still]
|-prepare|p1a: Golden Gate|Electro Shot
|-boost|p1a: Golden Gate|spa|1
|-anim|p1a: Golden Gate|Electro Shot|p2b: Gholdengo
|-damage|p2b: Gholdengo|0 fnt
|faint|p2b: Gholdengo
|move|p1b: Nigel|Hurricane|p2a: Whimsicott
|-supereffective|p2a: Whimsicott
|-damage|p2a: Whimsicott|0 fnt
|faint|p2a: Whimsicott
|
|-weather|RainDance|[upkeep]
|-sideend|p2: jacre22|move: Tailwind
|upkeep
|
|t:|1756745575
|switch|p2b: Sneasler|Sneasler, L50, M|100/100
|turn|5
|
|t:|1756745580
|switch|p1b: Sinistcha|Sinistcha-Masterpiece, L50, tera:Water|65/100
|-heal|p1a: Golden Gate|98/100|[from] ability: Hospitality|[of] p1b: Sinistcha
|move|p2b: Sneasler|Protect|p2b: Sneasler
|-singleturn|p2b: Sneasler|Protect
|move|p1a: Golden Gate|Electro Shot||[still]
|-prepare|p1a: Golden Gate|Electro Shot
|-boost|p1a: Golden Gate|spa|1
|-anim|p1a: Golden Gate|Electro Shot|p2b: Sneasler
|-activate|p2b: Sneasler|move: Protect
|
|-weather|RainDance|[upkeep]
|-fieldend|move: Trick Room
|upkeep
|turn|6
|
|t:|1756745592
|-terastallize|p2b: Sneasler|Stellar
|move|p1b: Sinistcha|Rage Powder|p1b: Sinistcha
|-singleturn|p1b: Sinistcha|move: Rage Powder
|move|p2b: Sneasler|Close Combat|p1b: Sinistcha
|-damage|p1b: Sinistcha|0 fnt
|-unboost|p2b: Sneasler|def|1
|-unboost|p2b: Sneasler|spd|1
|faint|p1b: Sinistcha
|-enditem|p2b: Sneasler|White Herb
|-clearnegativeboost|p2b: Sneasler|[silent]
|move|p1a: Golden Gate|Electro Shot||[still]
|-prepare|p1a: Golden Gate|Electro Shot
|-boost|p1a: Golden Gate|spa|1
|-anim|p1a: Golden Gate|Electro Shot|p2b: Sneasler
|-damage|p2b: Sneasler|0 fnt
|faint|p2b: Sneasler
|
|win|caZISA
||jacre22 is ready for game 3.
||caZISA is ready for game 3.
|uhtml|next|Next: Game 3 of 3
