|j|ŌśåBaxter1357924680
|j|ŌśåSomeoneofficial
|html|Baxter1357924680Someoneofficial    
|uhtml|bestof|Game 1 of a best-of-3
|t:|1783909971
|gametype|doubles
|player|p1|Baxter1357924680|101|
|player|p2|Someoneofficial|gentleman-gen4|
|gen|9
|tier|[Gen 9 Champions] VGC 2026 Reg M-B (Bo3)
|rule|Species Clause: Limit one of each Pok├®mon
|rule|Item Clause: Limit 1 of each item
|clearpoke
|poke|p1|Aegislash, L50, M, shiny|
|poke|p1|Lucario, L50, M, shiny|
|poke|p1|Dragonite, L50, M, shiny|
|poke|p1|Ditto, L50, shiny|
|poke|p1|Annihilape, L50, M, shiny|
|poke|p1|Greninja, L50, M, shiny|
|poke|p2|Floette-Eternal, L50, F|
|poke|p2|Grimmsnarl, L50, M, shiny|
|poke|p2|Basculegion, L50, M, shiny|
|poke|p2|Sneasler, L50, M, shiny|
|poke|p2|Garchomp, L50, M, shiny|
|poke|p2|Charizard, L50, M, shiny|
|teampreview|4
|showteam|p1|Aegislash||Leftovers|StanceChange|RockSlide,SacredSword,AirSlash,CloseCombat|Serious||M|||50|]Lucario||Lucarionite|InnerFocus|Agility,CrossChop,ThunderPunch,BlazeKick|Serious||M|||50|]Dragonite||Dragoninite|Multiscale|DracoMeteor,Flamethrower,Superpower,StoneEdge|Serious||M|||50|]Ditto||ExpertBelt|Imposter|Transform|Serious|||||50|]Annihilape||ChoiceScarf|VitalSpirit|BrickBreak,CloseCombat,CrossChop,RockSlide|Serious||M|||50|]Greninja||Greninjite|Protean|Liquidation,WaterShuriken,QuickAttack,FlipTurn|Serious||M|||50|
|showteam|p2|Floette-Eternal||Floettite|FlowerVeil|Moonblast,Protect,LightofRuin,DazzlingGleam|Timid||F|||50|]Grimmsnarl||LightClay|Prankster|LightScreen,Reflect,PartingShot,SpiritBreak|Impish||M|||50|]Basculegion||ChoiceScarf|Adaptability|WaveCrash,LastRespects,AquaJet,FlipTurn|Jolly||M|||50|]Sneasler||FocusSash|PoisonTouch|FakeOut,CloseCombat,DireClaw,Protect|Jolly||M|||50|]Garchomp||LifeOrb|RoughSkin|DragonClaw,StompingTantrum,RockSlide,Protect|Jolly||M|||50|]Charizard||CharizarditeY|Blaze|Protect,SolarBeam,WeatherBall,HeatWave|Timid||M|||50|
|inactive|Battle timer is ON: inactive players will automatically lose when time's up. (requested by Baxter1357924680)
|
|t:|1783910022
|teamsize|p1|4
|teamsize|p2|4
|start
|switch|p1a: Aegislash|Aegislash, L50, M, shiny|100/100
|switch|p1b: Annihilape|Annihilape, L50, M, shiny|100/100
|switch|p2a: Sneasler|Sneasler, L50, M, shiny|100/100
|switch|p2b: Garchomp|Garchomp, L50, M, shiny|100/100
|turn|1
|inactive|Baxter1357924680 has 30 seconds left.
|
|t:|1783910049
|switch|p1b: Ditto|Ditto, L50, shiny|100/100
|-transform|p1b: Ditto|p2a: Sneasler|[from] ability: Imposter
|move|p2a: Sneasler|Dire Claw|p1b: Ditto
|-resisted|p1b: Ditto|1
|-damage|p1b: Ditto|59/100
|move|p2b: Garchomp|Stomping Tantrum|p1a: Aegislash
|-supereffective|p1a: Aegislash|1
|-damage|p1a: Aegislash|8/100
|-damage|p2b: Garchomp|90/100|[from] item: Life Orb
|-formechange|p1a: Aegislash|Aegislash-Blade|
|move|p1a: Aegislash|Air Slash|p2a: Sneasler
|-supereffective|p2a: Sneasler|1
|-damage|p2a: Sneasler|29/100
|
|-heal|p1a: Aegislash|15/100|[from] item: Leftovers
|upkeep
|turn|2
|
|t:|1783910071
|move|p2a: Sneasler|Protect|p2a: Sneasler
|-singleturn|p2a: Sneasler|Protect
|move|p1b: Ditto|Fake Out|p2b: Garchomp
|-damage|p2b: Garchomp|77/100
|-damage|p1b: Ditto|47/100|[from] ability: Rough Skin|[of] p2b: Garchomp
|cant|p2b: Garchomp|flinch
|move|p1a: Aegislash|Air Slash|p2a: Sneasler
|-activate|p2a: Sneasler|move: Protect
|
|-heal|p1a: Aegislash|21/100|[from] item: Leftovers
|upkeep
|turn|3
|c|ŌśåSomeoneofficial|Teamsheet error? Isnt it listed as limber
|c|ŌśåBaxter1357924680|yeah its an error
|inactive|Baxter1357924680 has 30 seconds left.
|inactive|Someoneofficial has 30 seconds left.
|inactive|Someoneofficial has 20 seconds left.
|inactive|Someoneofficial has 15 seconds left.
|inactive|Someoneofficial has 10 seconds left.
|
|t:|1783910118
|switch|p2a: Grimmsnarl|Grimmsnarl, L50, M, shiny|100/100
|move|p1b: Ditto|Dire Claw|p2b: Garchomp
|-resisted|p2b: Garchomp|1
|-damage|p2b: Garchomp|57/100
|-damage|p1b: Ditto|35/100|[from] ability: Rough Skin|[of] p2b: Garchomp
|-status|p2b: Garchomp|psn|[from] ability: Poison Touch|[of] p1b: Ditto
|move|p2b: Garchomp|Stomping Tantrum|p1b: Ditto
|-supereffective|p1b: Ditto|1
|-damage|p1b: Ditto|0 fnt
|faint|p1b: Ditto
|-damage|p2b: Garchomp|48/100 psn|[from] item: Life Orb
|move|p1a: Aegislash|Air Slash|p2a: Grimmsnarl
|-damage|p2a: Grimmsnarl|78/100
|
|-heal|p1a: Aegislash|27/100|[from] item: Leftovers
|-damage|p2b: Garchomp|35/100 psn|[from] psn
|upkeep
|l|ŌśåSomeoneofficial
|inactive|Someoneofficial disconnected and has 300 seconds to reconnect!
|player|p2|
|inactive|Baxter1357924680 has 30 seconds left.
|j|ŌśåSomeoneofficial
|inactive|Someoneofficial reconnected.
|player|p2|Someoneofficial|gentleman-gen4|
|inactive|Baxter1357924680 has 20 seconds left.
|inactive|Baxter1357924680 has 15 seconds left.
|inactive|Baxter1357924680 has 10 seconds left.
|
|t:|1783910163
|switch|p1b: Greninja|Greninja, L50, M, shiny|100/100
|turn|4
|c|ŌśåBaxter1357924680|oh wait sorry i just remembered i accidentally submitted with limber and  i changed it ill changed it back if u want
|
|t:|1783910185
|move|p2b: Garchomp|Stomping Tantrum|p1a: Aegislash
|-supereffective|p1a: Aegislash|1
|-damage|p1a: Aegislash|0 fnt
|faint|p1a: Aegislash
|-damage|p2b: Garchomp|25/100 psn|[from] item: Life Orb
|move|p1b: Greninja|Liquidation|p2b: Garchomp
|-start|p1b: Greninja|typechange|Water|[from] ability: Protean
|-damage|p2b: Garchomp|0 fnt
|-damage|p1b: Greninja|87/100|[from] ability: Rough Skin|[of] p2b: Garchomp
|faint|p2b: Garchomp
|move|p2a: Grimmsnarl|Spirit Break|p1b: Greninja
|-damage|p1b: Greninja|43/100
|-unboost|p1b: Greninja|spa|1
|
|upkeep
|inactive|Baxter1357924680 has 30 seconds left.
|inactive|Someoneofficial has 30 seconds left.
|
|t:|1783910213
|switch|p2b: Sneasler|Sneasler, L50, M, shiny|29/100
|switch|p1a: Annihilape|Annihilape, L50, M, shiny|100/100
|turn|5
|
|t:|1783910228
|move|p2b: Sneasler|Dire Claw|p1a: Annihilape
|-resisted|p1a: Annihilape|1
|-damage|p1a: Annihilape|78/100
|-status|p1a: Annihilape|psn|[from] ability: Poison Touch|[of] p2b: Sneasler
|move|p1a: Annihilape|Brick Break|p2a: Grimmsnarl
|-damage|p2a: Grimmsnarl|45/100
|move|p1b: Greninja|Liquidation|p2b: Sneasler
|-damage|p2b: Sneasler|0 fnt
|faint|p2b: Sneasler
|move|p2a: Grimmsnarl|Spirit Break|p1a: Annihilape
|-supereffective|p1a: Annihilape|1
|-damage|p1a: Annihilape|16/100 psn
|-unboost|p1a: Annihilape|spa|1
|
|-damage|p1a: Annihilape|4/100 psn|[from] psn
|upkeep
|
|t:|1783910239
|switch|p2b: Floette|Floette-Eternal, L50, F|100/100
|turn|6
|inactive|Baxter1357924680 has 30 seconds left.
|
|t:|1783910271
|detailschange|p2b: Floette|Floette-Mega, L50, F
|-mega|p2b: Floette|Floette|Floettite
|-ability|p2b: Floette|Fairy Aura
|move|p2b: Floette|Protect|p2b: Floette
|-singleturn|p2b: Floette|Protect
|move|p2a: Grimmsnarl|Reflect|p2a: Grimmsnarl
|-sidestart|p2: Someoneofficial|Reflect
|move|p1a: Annihilape|Brick Break|p2a: Grimmsnarl
|-sideend|p2: Someoneofficial|Reflect
|-damage|p2a: Grimmsnarl|14/100
|move|p1b: Greninja|Liquidation|p2b: Floette
|-activate|p2b: Floette|move: Protect
|
|-damage|p1a: Annihilape|0 fnt|[from] psn
|faint|p1a: Annihilape
|upkeep
|turn|7
|c|ŌśåBaxter1357924680|i can just not use ditto cause of the mistake if u want\
|j| DrChunkalicious
|inactive|Baxter1357924680 has 30 seconds left.
|
|t:|1783910300
|detailschange|p1b: Greninja|Greninja-Mega, L50, M, shiny
|-mega|p1b: Greninja|Greninja|Greninjite
|move|p2a: Grimmsnarl|Reflect|p2a: Grimmsnarl
|-sidestart|p2: Someoneofficial|Reflect
|move|p1b: Greninja|Liquidation|p2a: Grimmsnarl
|-start|p1b: Greninja|typechange|Water|[from] ability: Protean
|-damage|p2a: Grimmsnarl|0 fnt
|faint|p2a: Grimmsnarl
|move|p2b: Floette|Moonblast|p1b: Greninja
|-damage|p1b: Greninja|0 fnt
|faint|p1b: Greninja
|
|win|Someoneofficial
|c|ŌśåBaxter1357924680|hi chunk
|inactive|Baxter1357924680 has 30 seconds to confirm battle start!
|inactive|Someoneofficial has 30 seconds to confirm battle start!
||Baxter1357924680 is ready for game 2.
||Baxter1357924680 is ready for game 2.
|c| DrChunkalicious|hi
|inactive|Someoneofficial has 20 seconds to confirm battle start!
|c|ŌśåSomeoneofficial|If you hover over ditto you can tell
|inactive|Someoneofficial has 10 seconds to confirm battle start!
|uhtml|next|Next: Game 2 of 3
|l|ŌśåSomeoneofficial
|player|p2|
|l| DrChunkalicious
