|j|☆C0ozer
|j|☆Sea's Searing
|html|C0ozerSea's Searing    
|uhtml|bestof|Game 2 of a best-of-3
|t:|1782315004
|gametype|doubles
|player|p1|C0ozer|lucas|1142
|player|p2|Sea's Searing|1|1221
|gen|9
|tier|[Gen 9 Champions] VGC 2026 Reg M-B (Bo3)
|rated|
|rule|Species Clause: Limit one of each Pokémon
|rule|Item Clause: Limit 1 of each item
|clearpoke
|poke|p1|Charizard, L50, M|
|poke|p1|Scrafty, L50, M|
|poke|p1|Gholdengo, L50|
|poke|p1|Whimsicott, L50, F|
|poke|p1|Toxapex, L50, F|
|poke|p1|Garchomp, L50, M|
|poke|p2|Swampert, L50, F|
|poke|p2|Pelipper, L50, M|
|poke|p2|Sinistcha, L50|
|poke|p2|Grimmsnarl, L50, M|
|poke|p2|Gholdengo, L50|
|poke|p2|Archaludon, L50, F|
|teampreview|4
|showteam|p1|Charizard||CharizarditeY|Blaze|HeatWave,WeatherBall,SolarBeam,Protect|Timid||M|||50|]Scrafty||Scraftinite|Intimidate|FakeOut,KnockOff,CloseCombat,Detect|Impish||M|||50|]Gholdengo||LifeOrb|GoodasGold|FlashCannon,ShadowBall,NastyPlot,Protect|Timid|||||50|]Whimsicott||FocusSash|Prankster|Moonblast,Encore,Tailwind,Protect|Timid||F|||50|]Toxapex||Leftovers|Regenerator|Toxic,Haze,Infestation,BanefulBunker|Bold||F|||50|]Garchomp||SitrusBerry|RoughSkin|BreakingSwipe,RockSlide,StompingTantrum,Protect|Adamant||M|||50|
|showteam|p2|Swampert||Swampertite|Torrent|WaveCrash,FlipTurn,Earthquake,Protect|Adamant||F|||50|]Pelipper||SitrusBerry|Drizzle|WeatherBall,Hurricane,Tailwind,Protect|Modest||M|||50|]Sinistcha||KasibBerry|Hospitality|ShadowBall,MatchaGotcha,RagePowder,Imprison|Bold|||||50|]Grimmsnarl||RoseliBerry|Prankster|SpiritBreak,Reflect,PartingShot,FakeOut|Careful||M|||50|]Gholdengo||LifeOrb|GoodasGold|ShadowBall,MakeItRain,NastyPlot,Protect|Timid|||||50|]Archaludon||Leftovers|Stamina|DragonPulse,FlashCannon,ElectroShot,Protect|Modest||F|||50|
|inactive|Battle timer is ON: inactive players will automatically lose when time's up. (requested by C0ozer)
|
|t:|1782315017
|teamsize|p1|4
|teamsize|p2|4
|start
|switch|p1a: Gholdengo|Gholdengo, L50|100/100
|switch|p1b: Scrafty|Scrafty, L50, M|100/100
|switch|p2a: Grimmsnarl|Grimmsnarl, L50, M|100/100
|switch|p2b: Archaludon|Archaludon, L50, F|100/100
|-ability|p1b: Scrafty|Intimidate|boost
|-unboost|p2a: Grimmsnarl|atk|1
|-unboost|p2b: Archaludon|atk|1
|turn|1
|
|t:|1782315041
|detailschange|p1b: Scrafty|Scrafty-Mega, L50, M
|-mega|p1b: Scrafty|Scrafty|Scraftinite
|-ability|p1b: Scrafty|Intimidate|boost
|-unboost|p2a: Grimmsnarl|atk|1
|-unboost|p2b: Archaludon|atk|1
|move|p1b: Scrafty|Fake Out|p2a: Grimmsnarl
|-damage|p2a: Grimmsnarl|88/100
|cant|p2a: Grimmsnarl|flinch
|move|p1a: Gholdengo|Nasty Plot|p1a: Gholdengo
|-boost|p1a: Gholdengo|spa|2
|move|p2b: Archaludon|Dragon Pulse|p1b: Scrafty
|-damage|p1b: Scrafty|66/100
|
|upkeep
|turn|2
|inactive|Sea's Searing has 30 seconds left.
|
|t:|1782315067
|switch|p1b: Toxapex|Toxapex, L50, F|100/100
|switch|p2a: Pelipper|Pelipper, L50, M|100/100
|-weather|RainDance|[from] ability: Drizzle|[of] p2a: Pelipper
|move|p1a: Gholdengo|Shadow Ball|p2b: Archaludon
|-damage|p2b: Archaludon|0 fnt
|faint|p2b: Archaludon
|-damage|p1a: Gholdengo|90/100|[from] item: Life Orb
|
|-weather|RainDance|[upkeep]
|upkeep
|
|t:|1782315079
|switch|p2b: Swampert|Swampert, L50, F|100/100
|turn|3
|
|t:|1782315090
|switch|p2a: Grimmsnarl|Grimmsnarl, L50, M|88/100
|switch|p1b: Scrafty|Scrafty-Mega, L50, M|66/100
|-ability|p1b: Scrafty|Intimidate|boost
|-unboost|p2a: Grimmsnarl|atk|1
|-unboost|p2b: Swampert|atk|1
|detailschange|p2b: Swampert|Swampert-Mega, L50, F
|-mega|p2b: Swampert|Swampert|Swampertite
|move|p1a: Gholdengo|Protect|p1a: Gholdengo
|-singleturn|p1a: Gholdengo|Protect
|move|p2b: Swampert|Earthquake|p1a: Gholdengo|[spread] p2a,p1b
|-activate|p1a: Gholdengo|move: Protect
|-damage|p2a: Grimmsnarl|52/100
|-damage|p1b: Scrafty|47/100
|
|-weather|RainDance|[upkeep]
|upkeep
|turn|4
|
|t:|1782315109
|move|p1b: Scrafty|Fake Out|p2b: Swampert
|-damage|p2b: Swampert|89/100
|move|p2a: Grimmsnarl|Fake Out|p1b: Scrafty
|-damage|p1b: Scrafty|42/100
|cant|p2b: Swampert|flinch
|move|p1a: Gholdengo|Flash Cannon|p2a: Grimmsnarl
|-supereffective|p2a: Grimmsnarl|1
|-damage|p2a: Grimmsnarl|0 fnt
|faint|p2a: Grimmsnarl
|-damage|p1a: Gholdengo|80/100|[from] item: Life Orb
|
|-weather|RainDance|[upkeep]
|upkeep
|
|t:|1782315113
|switch|p2a: Pelipper|Pelipper, L50, M|100/100
|turn|5
|
|t:|1782315128
|move|p1a: Gholdengo|Protect|p1a: Gholdengo
|-singleturn|p1a: Gholdengo|Protect
|move|p1b: Scrafty|Detect|p1b: Scrafty
|-singleturn|p1b: Scrafty|Protect
|move|p2b: Swampert|Earthquake|p1a: Gholdengo|[spread] 
|-activate|p1a: Gholdengo|move: Protect
|-activate|p1b: Scrafty|move: Protect
|-immune|p2a: Pelipper
|move|p2a: Pelipper|Tailwind|p2a: Pelipper
|-sidestart|p2: Sea's Searing|move: Tailwind
|
|-weather|RainDance|[upkeep]
|upkeep
|turn|6
|
|t:|1782315148
|switch|p1b: Garchomp|Garchomp, L50, M|100/100
|move|p1a: Gholdengo|Protect||[still]
|-fail|p1a: Gholdengo
|move|p2b: Swampert|Earthquake|p1b: Garchomp|[spread] p1a,p1b
|-immune|p2a: Pelipper
|-supereffective|p1a: Gholdengo|1
|-damage|p1a: Gholdengo|13/100
|-damage|p1b: Garchomp|72/100
|move|p2a: Pelipper|Weather Ball|p1a: Gholdengo
|-damage|p1a: Gholdengo|0 fnt
|faint|p1a: Gholdengo
|
|-weather|none
|upkeep
|
|t:|1782315160
|switch|p1a: Scrafty|Scrafty-Mega, L50, M|42/100
|-ability|p1a: Scrafty|Intimidate|boost
|-unboost|p2a: Pelipper|atk|1
|-unboost|p2b: Swampert|atk|1
|turn|7
|
|t:|1782315176
|move|p1a: Scrafty|Fake Out|p2a: Pelipper
|-damage|p2a: Pelipper|88/100
|move|p2b: Swampert|Earthquake|p1b: Garchomp|[spread] p1a,p1b
|-immune|p2a: Pelipper
|-damage|p1a: Scrafty|27/100
|-damage|p1b: Garchomp|52/100
|cant|p2a: Pelipper|flinch
|move|p1b: Garchomp|Breaking Swipe|p2a: Pelipper|[spread] p2a,p2b
|-damage|p2a: Pelipper|64/100
|-damage|p2b: Swampert|68/100
|-unboost|p2a: Pelipper|atk|1
|-unboost|p2b: Swampert|atk|1
|
|upkeep
|turn|8
|
|t:|1782315196
|move|p1b: Garchomp|Protect|p1b: Garchomp
|-singleturn|p1b: Garchomp|Protect
|move|p1a: Scrafty|Detect|p1a: Scrafty
|-singleturn|p1a: Scrafty|Protect
|move|p2b: Swampert|Wave Crash|p1b: Garchomp
|-activate|p1b: Garchomp|move: Protect
|move|p2a: Pelipper|Hurricane|p1a: Scrafty
|-activate|p1a: Scrafty|move: Protect
|
|-sideend|p2: Sea's Searing|move: Tailwind
|upkeep
|turn|9
|
|t:|1782315209
|switch|p1a: Toxapex|Toxapex, L50, F|100/100
|move|p2a: Pelipper|Protect|p2a: Pelipper
|-singleturn|p2a: Pelipper|Protect
|move|p1b: Garchomp|Rock Slide|p2a: Pelipper|[spread] p2b
|-activate|p2a: Pelipper|move: Protect
|-resisted|p2b: Swampert|1
|-damage|p2b: Swampert|59/100
|cant|p2b: Swampert|flinch
|
|upkeep
|turn|10
|
|t:|1782315223
|move|p1b: Garchomp|Breaking Swipe|p2b: Swampert|[spread] p2a,p2b
|-crit|p2b: Swampert
|-damage|p2a: Pelipper|40/100
|-damage|p2b: Swampert|28/100
|-unboost|p2a: Pelipper|atk|1
|-unboost|p2b: Swampert|atk|1
|-enditem|p2a: Pelipper|Sitrus Berry|[eat]
|-heal|p2a: Pelipper|65/100|[from] item: Sitrus Berry
|move|p2b: Swampert|Earthquake|p1a: Toxapex|[spread] p1a,p1b
|-immune|p2a: Pelipper
|-supereffective|p1a: Toxapex|1
|-damage|p1a: Toxapex|79/100
|-damage|p1b: Garchomp|38/100
|-enditem|p1b: Garchomp|Sitrus Berry|[eat]
|-heal|p1b: Garchomp|63/100|[from] item: Sitrus Berry
|move|p2a: Pelipper|Tailwind|p2a: Pelipper
|-sidestart|p2: Sea's Searing|move: Tailwind
|move|p1a: Toxapex|Toxic|p2a: Pelipper
|-status|p2a: Pelipper|tox
|
|-heal|p1a: Toxapex|85/100|[from] item: Leftovers
|-damage|p2a: Pelipper|59/100 tox|[from] psn
|upkeep
|turn|11
|
|t:|1782315242
|move|p1b: Garchomp|Protect|p1b: Garchomp
|-singleturn|p1b: Garchomp|Protect
|move|p1a: Toxapex|Baneful Bunker|p1a: Toxapex
|-singleturn|p1a: Toxapex|move: Protect
|move|p2b: Swampert|Earthquake|p1a: Toxapex|[spread] 
|-activate|p1a: Toxapex|move: Protect
|-activate|p1b: Garchomp|move: Protect
|-immune|p2a: Pelipper
|move|p2a: Pelipper|Hurricane|p1b: Garchomp
|-activate|p1b: Garchomp|move: Protect
|
|-heal|p1a: Toxapex|91/100|[from] item: Leftovers
|-damage|p2a: Pelipper|47/100 tox|[from] psn
|upkeep
|turn|12
|
|t:|1782315258
|move|p2b: Swampert|Earthquake|p1b: Garchomp|[spread] p1a,p1b
|-immune|p2a: Pelipper
|-supereffective|p1a: Toxapex|1
|-damage|p1a: Toxapex|68/100
|-damage|p1b: Garchomp|50/100g
|move|p2a: Pelipper|Hurricane|p1b: Garchomp
|-damage|p1b: Garchomp|13/100
|move|p1b: Garchomp|Breaking Swipe|p2b: Swampert|[spread] p2a,p2b
|-damage|p2a: Pelipper|22/100 tox
|-damage|p2b: Swampert|8/100
|-unboost|p2a: Pelipper|atk|1
|-unboost|p2b: Swampert|atk|1
|move|p1a: Toxapex|Infestation|p2a: Pelipper
|-resisted|p2a: Pelipper|1
|-damage|p2a: Pelipper|20/100y tox
|-activate|p2a: Pelipper|move: Infestation|[of] p1a: Toxapex
|
|-heal|p1a: Toxapex|73/100|[from] item: Leftovers
|-damage|p2a: Pelipper|2/100 tox|[from] psn
|-damage|p2a: Pelipper|0 fnt|[from] move: Infestation|[partiallytrapped]
|faint|p2a: Pelipper
|upkeep
|turn|13
|-message|Sea's Searing forfeited.
|
|win|C0ozer
||Sea's Searing is ready for game 3.
|inactive|C0ozer has 30 seconds to confirm battle start!
||C0ozer is ready for game 3.
|uhtml|next|Next: Game 3 of 3
