|j|☆KoopaPlays
|j|☆UncAshty
|html|KoopaPlaysUncAshty    
|uhtml|bestof|Game 3 of a best-of-3
|t:|1784494701
|gametype|doubles
|player|p1|KoopaPlays|hiker|
|player|p2|UncAshty|266|
|gen|9
|tier|[Gen 9 Champions] VGC 2026 Reg M-B (Bo3)
|rule|Species Clause: Limit one of each Pokémon
|rule|Item Clause: Limit 1 of each item
|clearpoke
|poke|p1|Glimmora, L50, M, shiny|
|poke|p1|Krookodile, L50, M|
|poke|p1|Meowscarada, L50, F|
|poke|p1|Corviknight, L50, M, shiny|
|poke|p1|Liepard, L50, F, shiny|
|poke|p1|Mawile, L50, F, shiny|
|poke|p2|Skarmory, L50, M|
|poke|p2|Pelipper, L50, F|
|poke|p2|Meganium, L50, M, shiny|
|poke|p2|Raichu, L50, M|
|poke|p2|Palafin, L50, M, shiny|
|poke|p2|Toxicroak, L50, F, shiny|
|teampreview|4
|showteam|p1|Glimmora||Glimmoranite|Corrosion|SludgeBomb,PowerGem,EarthPower,SpikyShield|Timid||M|||50|]Krookodile||LifeOrb|Intimidate|KnockOff,HighHorsepower,CloseCombat,Protect|Jolly||M|||50|]Meowscarada||FocusSash|Overgrow|FlowerTrick,KnockOff,SuckerPunch,Protect|Jolly||F|||50|]Corviknight||WacanBerry|Unnerve|BraveBird,IronHead,Tailwind,Protect|Impish||M|||50|]Liepard||MentalHerb|Prankster|FakeOut,Encore,SunnyDay,FakeTears|Impish||F|||50|]Mawile||Mawilite|Intimidate|PlayRough,IronHead,SuckerPunch,Protect|Adamant||F|||50|
|showteam|p2|Skarmory||OccaBerry|Sturdy|BodyPress,IronHead,Roar,Protect|Impish||M|||50|]Pelipper||FocusSash|Drizzle|Hurricane,WeatherBall,Protect,WideGuard|Bold||F|||50|]Meganium||Meganiumite|Overgrow|SolarBeam,Synthesis,DazzlingGleam,Protect|Timid||M|||50|]Raichu||RaichuniteY|LightningRod|ZapCannon,FocusBlast,Protect,FakeOut|Hasty||M|||50|]Palafin||ChoiceScarf|ZerotoHero|FlipTurn,JetPunch,WaveCrash,CloseCombat|Jolly||M|||50|]Toxicroak||MentalHerb|DrySkin|CloseCombat,GunkShot,Protect,SuckerPunch|Jolly||F|||50|
|j| xanian7
|
|t:|1784494861
|teamsize|p1|4
|teamsize|p2|4
|start
|switch|p1a: Glimmora|Glimmora, L50, M, shiny|100/100
|switch|p1b: Corviknight|Corviknight, L50, M, shiny|100/100
|switch|p2a: Pelipper|Pelipper, L50, F|100/100
|switch|p2b: Palafin|Palafin, L50, M, shiny|100/100
|-ability|p1b: Corviknight|Unnerve
|-weather|RainDance|[from] ability: Drizzle|[of] p2a: Pelipper
|turn|1
|
|t:|1784494900
|detailschange|p1a: Glimmora|Glimmora-Mega, L50, M, shiny
|-mega|p1a: Glimmora|Glimmora|Glimmoranite
|move|p1b: Corviknight|Protect|p1b: Corviknight
|-singleturn|p1b: Corviknight|Protect
|move|p2a: Pelipper|Protect|p2a: Pelipper
|-singleturn|p2a: Pelipper|Protect
|move|p2b: Palafin|Flip Turn|p1b: Corviknight
|-activate|p1b: Corviknight|move: Protect
|move|p1a: Glimmora|Sludge Bomb|p2b: Palafin
|-damage|p2b: Palafin|0 fnt
|faint|p2b: Palafin
|
|-weather|RainDance|[upkeep]
|upkeep
|
|t:|1784494913
|switch|p2b: Meganium|Meganium, L50, M, shiny|100/100
|turn|2
|
|t:|1784494935
|detailschange|p2b: Meganium|Meganium-Mega, L50, M, shiny
|-mega|p2b: Meganium|Meganium|Meganiumite
|move|p1a: Glimmora|Spiky Shield|p1a: Glimmora
|-singleturn|p1a: Glimmora|move: Protect
|move|p2b: Meganium|Solar Beam||[still]
|-prepare|p2b: Meganium|Solar Beam
|-activate|p2b: Meganium|ability: Mega Sol
|-anim|p2b: Meganium|Solar Beam|p1b: Corviknight
|-resisted|p1b: Corviknight|2
|-damage|p1b: Corviknight|82/100
|move|p1b: Corviknight|Tailwind|p1b: Corviknight
|-sidestart|p1: KoopaPlays|move: Tailwind
|move|p2a: Pelipper|Weather Ball|p1a: Glimmora
|-activate|p1a: Glimmora|move: Protect
|
|-weather|RainDance|[upkeep]
|upkeep
|turn|3
|
|t:|1784494998
|move|p2b: Meganium|Protect|p2b: Meganium
|-singleturn|p2b: Meganium|Protect
|move|p1a: Glimmora|Sludge Bomb|p2b: Meganium
|-activate|p2b: Meganium|move: Protect
|move|p1b: Corviknight|Iron Head|p2a: Pelipper
|-resisted|p2a: Pelipper|1
|-damage|p2a: Pelipper|91/100
|move|p2a: Pelipper|Weather Ball|p1a: Glimmora
|-supereffective|p1a: Glimmora|1
|-damage|p1a: Glimmora|0 fnt
|faint|p1a: Glimmora
|
|-weather|RainDance|[upkeep]
|upkeep
|
|t:|1784495021
|switch|p1a: Mawile|Mawile, L50, F, shiny|100/100
|-ability|p1a: Mawile|Intimidate|boost
|-unboost|p2a: Pelipper|atk|1
|-unboost|p2b: Meganium|atk|1
|turn|4
|
|t:|1784495050
|move|p1b: Corviknight|Brave Bird|p2b: Meganium
|-supereffective|p2b: Meganium|1
|-damage|p2b: Meganium|29/100
|-damage|p1b: Corviknight|65/100|[from] Recoil
|move|p2b: Meganium|Solar Beam||[still]
|-prepare|p2b: Meganium|Solar Beam
|-activate|p2b: Meganium|ability: Mega Sol
|-anim|p2b: Meganium|Solar Beam|p1b: Corviknight
|-resisted|p1b: Corviknight|2
|-damage|p1b: Corviknight|48/100
|move|p1a: Mawile|Iron Head|p2b: Meganium
|-supereffective|p2b: Meganium|1
|-damage|p2b: Meganium|0 fnt
|faint|p2b: Meganium
|move|p2a: Pelipper|Weather Ball|p1a: Mawile
|-damage|p1a: Mawile|9/100
|
|-weather|RainDance|[upkeep]
|upkeep
|
|t:|1784495067
|switch|p2b: Raichu|Raichu, L50, M|100/100
|turn|5
|
|t:|1784495182
|move|p2b: Raichu|Protect|p2b: Raichu
|-singleturn|p2b: Raichu|Protect
|move|p1b: Corviknight|Iron Head|p2b: Raichu
|-activate|p2b: Raichu|move: Protect
|move|p1a: Mawile|Play Rough|p2a: Pelipper
|-damage|p2a: Pelipper|59/100
|move|p2a: Pelipper|Weather Ball|p1a: Mawile
|-damage|p1a: Mawile|0 fnt
|faint|p1a: Mawile
|
|-weather|none
|-sideend|p1: KoopaPlays|move: Tailwind
|upkeep
|
|t:|1784495189
|switch|p1a: Meowscarada|Meowscarada, L50, F|100/100
|turn|6
|
|t:|1784495285
|move|p1a: Meowscarada|Flower Trick|p2a: Pelipper
|-crit|p2a: Pelipper
|-damage|p2a: Pelipper|22/100
|move|p2b: Raichu|Zap Cannon|p1b: Corviknight
|-supereffective|p1b: Corviknight|1
|-enditem|p1b: Corviknight|Wacan Berry|[eat]
|-enditem|p1b: Corviknight|Wacan Berry|[weaken]
|-damage|p1b: Corviknight|1/100
|-status|p1b: Corviknight|par
|move|p2a: Pelipper|Hurricane|p1a: Meowscarada
|-supereffective|p1a: Meowscarada|1
|-enditem|p1a: Meowscarada|Focus Sash
|-damage|p1a: Meowscarada|1/100
|cant|p1b: Corviknight|par
|
|upkeep
|turn|7
|
|t:|1784495366
|move|p2a: Pelipper|Protect|p2a: Pelipper
|-singleturn|p2a: Pelipper|Protect
|move|p1a: Meowscarada|Sucker Punch||[still]
|-fail|p1a: Meowscarada
|move|p2b: Raichu|Zap Cannon|p1b: Corviknight|[miss]
|-miss|p2b: Raichu|p1b: Corviknight
|cant|p1b: Corviknight|par
|
|upkeep
|turn|8
|
|t:|1784495388
|move|p1a: Meowscarada|Protect|p1a: Meowscarada
|-singleturn|p1a: Meowscarada|Protect
|move|p2b: Raichu|Zap Cannon|p1b: Corviknight
|-supereffective|p1b: Corviknight|1
|-crit|p1b: Corviknight
|-damage|p1b: Corviknight|0 fnt
|faint|p1b: Corviknight
|move|p2a: Pelipper|Hurricane|p1a: Meowscarada
|-activate|p1a: Meowscarada|move: Protect
|
|upkeep
|turn|9
|
|t:|1784495404
|move|p2a: Pelipper|Protect|p2a: Pelipper
|-singleturn|p2a: Pelipper|Protect
|move|p1a: Meowscarada|Flower Trick|p2a: Pelipper
|-activate|p2a: Pelipper|move: Protect
|move|p2b: Raichu|Focus Blast|p1a: Meowscarada|[miss]
|-miss|p2b: Raichu|p1a: Meowscarada
|
|upkeep
|turn|10
|
|t:|1784495422
|move|p1a: Meowscarada|Knock Off|p2a: Pelipper
|-damage|p2a: Pelipper|0 fnt
|-enditem|p2a: Pelipper|Focus Sash|[from] move: Knock Off|[of] p1a: Meowscarada
|faint|p2a: Pelipper
|move|p2b: Raichu|Focus Blast|p1a: Meowscarada|[miss]
|-miss|p2b: Raichu|p1a: Meowscarada
|
|upkeep
|turn|11
|
|t:|1784495436
|move|p1a: Meowscarada|Flower Trick|p2b: Raichu
|-crit|p2b: Raichu
|-damage|p2b: Raichu|0 fnt
|faint|p2b: Raichu
|
|win|KoopaPlays
|l|☆UncAshty
|player|p2|
|l| xanian7
