|j|☆GrovyleSSJ
|j|☆ultraclaw1
|html|GrovyleSSJultraclaw1    
|uhtml|bestof|Game 2 of a best-of-3
|t:|1782486254
|gametype|doubles
|player|p1|GrovyleSSJ|266|1225
|player|p2|ultraclaw1|alder|1211
|gen|9
|tier|[Gen 9 Champions] VGC 2026 Reg M-B (Bo3)
|rated|
|rule|Species Clause: Limit one of each Pokémon
|rule|Item Clause: Limit 1 of each item
|clearpoke
|poke|p1|Gengar, L50, M|
|poke|p1|Incineroar, L50, F|
|poke|p1|Ninetales-Alola, L50, M|
|poke|p1|Dragonite, L50, M|
|poke|p1|Snorlax, L50, M|
|poke|p1|Scrafty, L50, F|
|poke|p2|Floette-Eternal, L50, F|
|poke|p2|Charizard, L50, F|
|poke|p2|Whimsicott, L50, M|
|poke|p2|Garchomp, L50, F|
|poke|p2|Basculegion, L50, M|
|poke|p2|Kingambit, L50, F|
|teampreview|4
|showteam|p1|Gengar||Gengarite|CursedBody|Protect,PerishSong,SludgeBomb,ShadowBall|Timid||M|||50|]Incineroar||PasshoBerry|Intimidate|FakeOut,PartingShot,FlareBlitz,Protect|Sassy||F|||50|]Ninetales-Alola||FocusSash|SnowWarning|Protect,Encore,Disable,Blizzard|Timid||M|||50|]Dragonite||DragonFang|Multiscale|Protect,Tailwind,ExtremeSpeed,DragonClaw|Adamant||M|||50|]Snorlax||Leftovers|ThickFat|Protect,Yawn,Encore,Fissure|Relaxed||M|||50|]Scrafty||Scraftinite|Intimidate|FakeOut,Detect,KnockOff,DrainPunch|Adamant||F|||50|
|showteam|p2|Floette-Eternal||Floettite|FlowerVeil|Moonblast,DazzlingGleam,LightofRuin,Protect|Modest||F|||50|]Charizard||CharizarditeY|Blaze|HeatWave,WeatherBall,SolarBeam,Protect|Modest||F|||50|]Whimsicott||FocusSash|Prankster|Moonblast,Encore,Tailwind,Protect|Timid||M|||50|]Garchomp||LifeOrb|RoughSkin|DragonClaw,StompingTantrum,PoisonJab,RockSlide|Jolly||F|||50|]Basculegion||MysticWater|Adaptability|WaveCrash,LastRespects,AquaJet,Protect|Adamant||M|||50|]Kingambit||OccaBerry|Defiant|KowtowCleave,IronHead,SuckerPunch,Protect|Adamant||F|||50|
|inactive|Battle timer is ON: inactive players will automatically lose when time's up. (requested by ultraclaw1)
|
|t:|1782486277
|teamsize|p1|4
|teamsize|p2|4
|start
|switch|p1a: Gengar|Gengar, L50, M|100/100
|switch|p1b: Incineroar|Incineroar, L50, F|100/100
|switch|p2a: Basculegion|Basculegion, L50, M|100/100
|switch|p2b: Kingambit|Kingambit, L50, F|100/100
|-ability|p1b: Incineroar|Intimidate|boost
|-unboost|p2a: Basculegion|atk|1
|-unboost|p2b: Kingambit|atk|1
|-ability|p2b: Kingambit|Defiant|boost
|-boost|p2b: Kingambit|atk|2
|turn|1
|inactive|GrovyleSSJ has 30 seconds left.
|
|t:|1782486311
|detailschange|p1a: Gengar|Gengar-Mega, L50, M
|-mega|p1a: Gengar|Gengar|Gengarite
|move|p1b: Incineroar|Fake Out|p2b: Kingambit
|-resisted|p2b: Kingambit|1
|-damage|p2b: Kingambit|96/100
|move|p1a: Gengar|Shadow Ball|p2a: Basculegion
|-supereffective|p2a: Basculegion|1
|-damage|p2a: Basculegion|0 fnt
|faint|p2a: Basculegion
|cant|p2b: Kingambit|flinch
|
|upkeep
|
|t:|1782486316
|switch|p2a: Garchomp|Garchomp, L50, F|100/100
|turn|2
|inactive|GrovyleSSJ has 30 seconds left.
|
|t:|1782486346
|switch|p1a: Dragonite|Dragonite, L50, M|100/100
|move|p2a: Garchomp|Stomping Tantrum|p1b: Incineroar
|-supereffective|p1b: Incineroar|1
|-damage|p1b: Incineroar|22/100
|-damage|p2a: Garchomp|90/100|[from] item: Life Orb
|move|p1b: Incineroar|Parting Shot|p2a: Garchomp
|-unboost|p2a: Garchomp|atk|1
|-unboost|p2a: Garchomp|spa|1
|
|t:|1782486363
|switch|p1b: Snorlax|Snorlax, L50, M|100/100|[from] Parting Shot
|move|p2b: Kingambit|Kowtow Cleave|p1a: Dragonite
|-damage|p1a: Dragonite|66/100
|
|upkeep
|turn|3
|
|t:|1782486376
|switch|p2a: Charizard|Charizard, L50, F|100/100
|move|p1a: Dragonite|Dragon Claw|p2a: Charizard
|-damage|p2a: Charizard|46/100
|move|p2b: Kingambit|Kowtow Cleave|p1a: Dragonite
|-damage|p1a: Dragonite|0 fnt
|faint|p1a: Dragonite
|move|p1b: Snorlax|Yawn|p2b: Kingambit
|-start|p2b: Kingambit|move: Yawn|[of] p1b: Snorlax
|
|upkeep
|
|t:|1782486387
|switch|p1a: Gengar|Gengar-Mega, L50, M|100/100
|turn|4
|
|t:|1782486402
|detailschange|p2a: Charizard|Charizard-Mega-Y, L50, F
|-mega|p2a: Charizard|Charizard|Charizardite Y
|-weather|SunnyDay|[from] ability: Drought|[of] p2a: Charizard
|move|p1a: Gengar|Protect|p1a: Gengar
|-singleturn|p1a: Gengar|Protect
|move|p1b: Snorlax|Protect|p1b: Snorlax
|-singleturn|p1b: Snorlax|Protect
|move|p2a: Charizard|Weather Ball|p1a: Gengar
|-activate|p1a: Gengar|move: Protect
|move|p2b: Kingambit|Kowtow Cleave|p1a: Gengar
|-activate|p1a: Gengar|move: Protect
|
|-weather|SunnyDay|[upkeep]
|-end|p2b: Kingambit|move: Yawn|[silent]
|-status|p2b: Kingambit|slp
|upkeep
|turn|5
|
|t:|1782486420
|move|p2a: Charizard|Protect|p2a: Charizard
|-singleturn|p2a: Charizard|Protect
|move|p1a: Gengar|Perish Song|p1a: Gengar
|-start|p1a: Gengar|perish3|[silent]
|-start|p1b: Snorlax|perish3|[silent]
|-start|p2a: Charizard|perish3|[silent]
|-start|p2b: Kingambit|perish3|[silent]
|-fieldactivate|move: Perish Song
|cant|p2b: Kingambit|slp
|move|p1b: Snorlax|Yawn|p2a: Charizard
|-activate|p2a: Charizard|move: Protect
|
|-weather|SunnyDay|[upkeep]
|-start|p1a: Gengar|perish3
|-start|p2a: Charizard|perish3
|-start|p2b: Kingambit|perish3
|-start|p1b: Snorlax|perish3
|upkeep
|turn|6
|inactive|GrovyleSSJ has 30 seconds left.
|
|t:|1782486452
|switch|p1b: Incineroar|Incineroar, L50, F|22/100
|-ability|p1b: Incineroar|Intimidate|boost
|-unboost|p2a: Charizard|atk|1
|-unboost|p2b: Kingambit|atk|1
|-ability|p2b: Kingambit|Defiant|boost
|-boost|p2b: Kingambit|atk|2
|move|p1a: Gengar|Shadow Ball|p2a: Charizard
|-damage|p2a: Charizard|1/100
|move|p2a: Charizard|Weather Ball|p1a: Gengar
|-damage|p1a: Gengar|2/100
|cant|p2b: Kingambit|slp
|
|-weather|SunnyDay|[upkeep]
|-start|p1a: Gengar|perish2
|-start|p2a: Charizard|perish2
|-start|p2b: Kingambit|perish2
|upkeep
|turn|7
|
|t:|1782486476
|switch|p1a: Snorlax|Snorlax, L50, M|100/100
|move|p1b: Incineroar|Fake Out|p2b: Kingambit
|-resisted|p2b: Kingambit|1
|-damage|p2b: Kingambit|92/100 slp
|move|p2a: Charizard|Heat Wave|p1a: Snorlax|[spread] p1a,p1b
|-resisted|p1b: Incineroar|1
|-damage|p1a: Snorlax|78/100
|-damage|p1b: Incineroar|0 fnt
|faint|p1b: Incineroar
|-curestatus|p2b: Kingambit|slp|[msg]
|cant|p2b: Kingambit|flinch
|
|-weather|SunnyDay|[upkeep]
|-heal|p1a: Snorlax|84/100|[from] item: Leftovers
|-start|p2a: Charizard|perish1
|-start|p2b: Kingambit|perish1
|upkeep
|
|t:|1782486484
|switch|p1b: Gengar|Gengar-Mega, L50, M|2/100
|turn|8
|
|t:|1782486493
|move|p1b: Gengar|Protect|p1b: Gengar
|-singleturn|p1b: Gengar|Protect
|move|p1a: Snorlax|Protect|p1a: Snorlax
|-singleturn|p1a: Snorlax|Protect
|move|p2a: Charizard|Weather Ball|p1a: Snorlax
|-activate|p1a: Snorlax|move: Protect
|move|p2b: Kingambit|Kowtow Cleave|p1b: Gengar
|-activate|p1b: Gengar|move: Protect
|
|-weather|none
|-heal|p1a: Snorlax|90/100|[from] item: Leftovers
|-start|p2a: Charizard|perish0
|-start|p2b: Kingambit|perish0
|faint|p2a: Charizard
|faint|p2b: Kingambit
|upkeep
|
|t:|1782486496
|switch|p2b: Garchomp|Garchomp, L50, F|90/100
|turn|9
|
|t:|1782486505
|move|p1b: Gengar|Perish Song|p1b: Gengar
|-start|p1a: Snorlax|perish3|[silent]
|-start|p1b: Gengar|perish3|[silent]
|-start|p2b: Garchomp|perish3|[silent]
|-fieldactivate|move: Perish Song
|move|p2b: Garchomp|Rock Slide|p1b: Gengar|[spread] p1a,p1b
|-damage|p1a: Snorlax|74/100
|-damage|p1b: Gengar|0 fnt
|faint|p1b: Gengar
|-damage|p2b: Garchomp|80/100|[from] item: Life Orb
|move|p1a: Snorlax|Yawn|p2b: Garchomp
|-start|p2b: Garchomp|move: Yawn|[of] p1a: Snorlax
|
|-heal|p1a: Snorlax|80/100|[from] item: Leftovers
|-start|p2b: Garchomp|perish3
|-start|p1a: Snorlax|perish3
|upkeep
|turn|10
|-message|ultraclaw1 forfeited.
|
|win|GrovyleSSJ
|raw|GrovyleSSJ's rating: 1225 → 1249(+24 for winning)
|raw|ultraclaw1's rating: 1211 → 1187(-24 for losing)
|l|☆ultraclaw1
|player|p2|
