|j|☆char_labs
|j|☆gruby_2
|html|char_labsgruby_2    
|uhtml|bestof|Game 1 of a best-of-3
|t:|1757789004
|gametype|doubles
|player|p1|char_labs|clerkf|1172
|player|p2|gruby_2|medium|1194
|gen|9
|tier|[Gen 9] VGC 2025 Reg H (Bo3)
|rated|
|rule|Species Clause: Limit one of each Pokémon
|rule|Item Clause: Limit 1 of each item
|clearpoke
|poke|p1|Dragonite, L50, M|
|poke|p1|Vivillon, L50, M|
|poke|p1|Garchomp, L50, M|
|poke|p1|Gholdengo, L50|
|poke|p1|Incineroar, L50, M|
|poke|p1|Primarina, L50, F|
|poke|p2|Amoonguss, L50, M|
|poke|p2|Archaludon, L50, M|
|poke|p2|Basculegion, L50, M|
|poke|p2|Salamence, L50, F|
|poke|p2|Kingambit, L50, M|
|poke|p2|Pelipper, L50, M|
|teampreview|4
|showteam|p1|Dragonite||LoadedDice|Multiscale|ScaleShot,Protect,Haze,ExtremeSpeed|||M|||50|,,,,,Fairy]Vivillon||FocusSash|CompoundEyes|Tailwind,Protect,Hurricane,SleepPowder|||M|||50|,,,,,Ghost]Garchomp||ClearAmulet|RoughSkin|StompingTantrum,DragonClaw,Earthquake,Protect|||M|||50|,,,,,Fire]Gholdengo||Leftovers|GoodasGold|MakeItRain,ShadowBall,NastyPlot,Protect||||||50|,,,,,Water]Incineroar||SafetyGoggles|Intimidate|FakeOut,PartingShot,KnockOff,FlareBlitz|||M|||50|,,,,,Dragon]Primarina||SitrusBerry|LiquidVoice|Protect,DazzlingGleam,Moonblast,HyperVoice|||F|||50|,,,,,Grass
|showteam|p2|Amoonguss||SitrusBerry|Regenerator|PollenPuff,RagePowder,Protect,Spore|||M|||50|,,,,,Dark]Archaludon||AssaultVest|Stamina|ElectroShot,DracoMeteor,BodyPress,Snarl|||M|||50|,,,,,Ghost]Basculegion||ChoiceBand|SwiftSwim|WaveCrash,LastRespects,TeraBlast,FlipTurn|||M|||50|,,,,,Grass]Salamence||LifeOrb|Intimidate|DracoMeteor,Hurricane,Tailwind,Protect|||F|||50|,,,,,Flying]Kingambit||BlackGlasses|Defiant|KowtowCleave,SuckerPunch,SwordsDance,Protect|||M|||50|,,,,,Dark]Pelipper||FocusSash|Drizzle|Hurricane,WeatherBall,WideGuard,Protect|||M|||50|,,,,,Water
|inactive|Battle timer is ON: inactive players will automatically lose when time's up. (requested by char_labs)
|inactive|gruby_2 also wants the timer to be on.
|
|t:|1757789027
|teamsize|p1|4
|teamsize|p2|4
|start
|switch|p1a: Vivillon|Vivillon, L50, M|100/100
|switch|p1b: Garchomp|Garchomp, L50, M|100/100
|switch|p2a: Archaludon|Archaludon, L50, M|100/100
|switch|p2b: Basculegion|Basculegion, L50, M|100/100
|turn|1
|inactive|gruby_2 has 30 seconds left.
|
|t:|1757789060
|switch|p2a: Pelipper|Pelipper, L50, M|100/100
|-weather|RainDance|[from] ability: Drizzle|[of] p2a: Pelipper
|move|p1b: Garchomp|Protect|p1b: Garchomp
|-singleturn|p1b: Garchomp|Protect
|move|p2b: Basculegion|Wave Crash|p1b: Garchomp
|-activate|p1b: Garchomp|move: Protect
|move|p1a: Vivillon|Tailwind|p1a: Vivillon
|-sidestart|p1: char_labs|move: Tailwind
|
|-weather|RainDance|[upkeep]
|upkeep
|turn|2
|inactive|gruby_2 has 30 seconds left.
|
|t:|1757789090
|switch|p2b: Amoonguss|Amoonguss, L50, M|100/100
|move|p1b: Garchomp|Earthquake|p2b: Amoonguss|[spread] p2b
|-immune|p1a: Vivillon
|-immune|p2a: Pelipper
|-damage|p2b: Amoonguss|69/100
|move|p1a: Vivillon|Hurricane|p2b: Amoonguss
|-supereffective|p2b: Amoonguss
|-damage|p2b: Amoonguss|0 fnt
|faint|p2b: Amoonguss
|move|p2a: Pelipper|Hurricane|p1a: Vivillon
|-supereffective|p1a: Vivillon
|-enditem|p1a: Vivillon|Focus Sash
|-damage|p1a: Vivillon|1/100
|
|-weather|RainDance|[upkeep]
|upkeep
|
|t:|1757789107
|switch|p2b: Archaludon|Archaludon, L50, M|100/100
|turn|3
|
|t:|1757789121
|-terastallize|p2b: Archaludon|Ghost
|move|p2a: Pelipper|Wide Guard|p2a: Pelipper
|-singleturn|p2a: Pelipper|Wide Guard
|move|p1b: Garchomp|Dragon Claw|p2a: Pelipper
|-damage|p2a: Pelipper|44/100
|move|p1a: Vivillon|Sleep Powder|p2b: Archaludon
|-status|p2b: Archaludon|slp|[from] move: Sleep Powder
|cant|p2b: Archaludon|slp
|
|-weather|RainDance|[upkeep]
|upkeep
|turn|4
|
|t:|1757789138
|switch|p2a: Basculegion|Basculegion, L50, M|100/100
|move|p1b: Garchomp|Stomping Tantrum|p2b: Archaludon
|-damage|p2b: Archaludon|68/100 slp
|-ability|p2b: Archaludon|Stamina|boost
|-boost|p2b: Archaludon|def|1
|move|p1a: Vivillon|Hurricane|p2a: Basculegion
|-damage|p2a: Basculegion|51/100
|-curestatus|p2b: Archaludon|slp|[msg]
|move|p2b: Archaludon|Draco Meteor|p1b: Garchomp
|-supereffective|p1b: Garchomp
|-damage|p1b: Garchomp|0 fnt
|-unboost|p2b: Archaludon|spa|2
|faint|p1b: Garchomp
|
|-weather|RainDance|[upkeep]
|-sideend|p1: char_labs|move: Tailwind
|upkeep
|
|t:|1757789146
|switch|p1b: Dragonite|Dragonite, L50, M|100/100
|turn|5
|
|t:|1757789168
|switch|p2a: Pelipper|Pelipper, L50, M|44/100
|-terastallize|p1b: Dragonite|Fairy
|move|p1a: Vivillon|Protect|p1a: Vivillon
|-singleturn|p1a: Vivillon|Protect
|move|p2b: Archaludon|Electro Shot||[still]
|-prepare|p2b: Archaludon|Electro Shot
|-boost|p2b: Archaludon|spa|1
|-anim|p2b: Archaludon|Electro Shot|p1a: Vivillon
|-activate|p1a: Vivillon|move: Protect
|move|p1b: Dragonite|Scale Shot|p2a: Pelipper
|-damage|p2a: Pelipper|24/100
|-damage|p2a: Pelipper|3/100
|-crit|p2a: Pelipper
|-damage|p2a: Pelipper|0 fnt
|faint|p2a: Pelipper
|-hitcount|p2: Pelipper|3
|-unboost|p1b: Dragonite|def|1
|-boost|p1b: Dragonite|spe|1
|
|-weather|none
|upkeep
|
|t:|1757789175
|switch|p2a: Basculegion|Basculegion, L50, M|51/100
|turn|6
|
|t:|1757789181
|move|p1b: Dragonite|Scale Shot|p2a: Basculegion
|-damage|p2a: Basculegion|32/100
|-damage|p2a: Basculegion|14/100
|-damage|p2a: Basculegion|0 fnt
|faint|p2a: Basculegion
|-hitcount|p2: Basculegion|3
|-unboost|p1b: Dragonite|def|1
|-boost|p1b: Dragonite|spe|1
|move|p1a: Vivillon|Sleep Powder|p2b: Archaludon
|-status|p2b: Archaludon|slp|[from] move: Sleep Powder
|cant|p2b: Archaludon|slp
|
|upkeep
|turn|7
|c|☆gruby_2|gg wp
|-message|gruby_2 forfeited.
|
|win|char_labs
||gruby_2 is ready for game 2.
||char_labs is ready for game 2.
|uhtml|next|Next: Game 2 of 3
|l|☆char_labs
|player|p1|
