|j|☆0-3 bar
|j|☆efwefwefwefweifier
|html|0-3 barefwefwefwefweifier    
|uhtml|bestof|Game 3 of a best-of-3
|t:|1784542936
|gametype|doubles
|player|p1|0-3 bar|2|1350
|player|p2|efwefwefwefweifier|clown|1326
|gen|9
|tier|[Gen 9 Champions] VGC 2026 Reg M-B (Bo3)
|rated|
|rule|Species Clause: Limit one of each Pokémon
|rule|Item Clause: Limit 1 of each item
|clearpoke
|poke|p1|Charizard, L50, M|
|poke|p1|Whimsicott, L50, F|
|poke|p1|Basculegion, L50, M|
|poke|p1|Kingambit, L50, M|
|poke|p1|Glimmora, L50, M|
|poke|p1|Mamoswine, L50, M|
|poke|p2|Armarouge, L50, F|
|poke|p2|Sinistcha, L50|
|poke|p2|Floette-Eternal, L50, F|
|poke|p2|Incineroar, L50, F, shiny|
|poke|p2|Sneasler, L50, F|
|poke|p2|Hydreigon, L50, M|
|teampreview|4
|showteam|p1|Charizard||CharizarditeY|SolarPower|Protect,HeatWave,WeatherBall,SolarBeam|Modest||M|||50|]Whimsicott||FocusSash|Prankster|Protect,Tailwind,Moonblast,Encore|Timid||F|||50|]Basculegion||MysticWater|Adaptability|Protect,AquaJet,WaveCrash,LastRespects|Adamant||M|||50|]Kingambit||ChopleBerry|Defiant|Protect,KowtowCleave,SuckerPunch,LowKick|Adamant||M|||50|]Glimmora||Glimmoranite|ToxicDebris|PowerGem,SludgeBomb,EarthPower,SpikyShield|Timid||M|||50|]Mamoswine||LifeOrb|Oblivious|IcicleCrash,IceShard,HighHorsepower,Protect|Jolly||M|||50|
|showteam|p2|Armarouge||ColburBerry|FlashFire|HeatWave,Psychic,CalmMind,Protect|Modest||F|||50|]Sinistcha||KasibBerry|Hospitality|MatchaGotcha,RagePowder,TrickRoom,Protect|Calm|||||50|]Floette-Eternal||Floettite|FlowerVeil|DazzlingGleam,DrainingKiss,CalmMind,Protect|Modest||F|||50|]Incineroar||SitrusBerry|Intimidate|FlareBlitz,DarkestLariat,FakeOut,PartingShot|Careful||F|||50|]Sneasler||FocusSash|PoisonTouch|CloseCombat,PoisonJab,FakeOut,QuickGuard|Jolly||F|||50|]Hydreigon||ChoiceScarf|Levitate|DracoMeteor,DarkPulse,Snarl,EarthPower|Modest||M|||50|
|inactive|Battle timer is ON: inactive players will automatically lose when time's up. (requested by efwefwefwefweifier)
|inactive|0-3 bar has 60 seconds left.
|inactive|efwefwefwefweifier has 60 seconds left.
|inactive|efwefwefwefweifier has 30 seconds left.
|inactive|efwefwefwefweifier has 20 seconds left.
|inactive|efwefwefwefweifier has 15 seconds left.
|
|t:|1784543016
|teamsize|p1|4
|teamsize|p2|4
|start
|switch|p1a: Whimsicott|Whimsicott, L50, F|100/100
|switch|p1b: Glimmora|Glimmora, L50, M|100/100
|switch|p2a: Poison Foison|Sneasler, L50, F|100/100
|switch|p2b: Bartholomews|Hydreigon, L50, M|100/100
|turn|1
|inactive|0-3 bar has 30 seconds left.
|
|t:|1784543044
|switch|p1b: Kingambit|Kingambit, L50, M|100/100
|move|p1a: Whimsicott|Protect|p1a: Whimsicott
|-singleturn|p1a: Whimsicott|Protect
|move|p2a: Poison Foison|Fake Out|p1a: Whimsicott
|-activate|p1a: Whimsicott|move: Protect
|move|p2b: Bartholomews|Earth Power|p1b: Kingambit
|-supereffective|p1b: Kingambit|1
|-damage|p1b: Kingambit|34/100
|
|upkeep
|turn|2
|inactive|0-3 bar has 30 seconds left.
|inactive|0-3 bar has 20 seconds left.
|
|t:|1784543080
|move|p2b: Bartholomews|Earth Power|p1a: Whimsicott
|-resisted|p1a: Whimsicott|1
|-damage|p1a: Whimsicott|75/100
|move|p2a: Poison Foison|Poison Jab|p1a: Whimsicott
|-supereffective|p1a: Whimsicott|2
|-damage|p1a: Whimsicott|0 fnt
|faint|p1a: Whimsicott
|move|p1b: Kingambit|Kowtow Cleave|p2a: Poison Foison
|-resisted|p2a: Poison Foison|1
|-damage|p2a: Poison Foison|57/100
|
|upkeep
|
|t:|1784543090
|switch|p1a: Basculegion|Basculegion, L50, M|100/100
|turn|3
|
|t:|1784543107
|move|p1b: Kingambit|Sucker Punch|p2b: Bartholomews
|-resisted|p2b: Bartholomews|1
|-damage|p2b: Bartholomews|76/100
|move|p2b: Bartholomews|Earth Power|p1b: Kingambit
|-supereffective|p1b: Kingambit|1
|-damage|p1b: Kingambit|0 fnt
|faint|p1b: Kingambit
|move|p2a: Poison Foison|Poison Jab|p1a: Basculegion
|-resisted|p1a: Basculegion|1
|-damage|p1a: Basculegion|74/100
|move|p1a: Basculegion|Wave Crash|p2b: Bartholomews
|-resisted|p2b: Bartholomews|1
|-crit|p2b: Bartholomews
|-damage|p2b: Bartholomews|0 fnt
|faint|p2b: Bartholomews
|-damage|p1a: Basculegion|52/100|[from] Recoil
|
|upkeep
|
|t:|1784543123
|switch|p2b: Spinny Sinny|Sinistcha, L50|100/100
|switch|p1b: Glimmora|Glimmora, L50, M|100/100
|-heal|p2a: Poison Foison|82/100|[from] ability: Hospitality|[of] p2b: Spinny Sinny
|turn|4
|inactive|efwefwefwefweifier has 30 seconds left.
|inactive|0-3 bar has 30 seconds left.
|inactive|efwefwefwefweifier has 20 seconds left.
|
|t:|1784543160
|detailschange|p1b: Glimmora|Glimmora-Mega, L50, M
|-mega|p1b: Glimmora|Glimmora|Glimmoranite
|move|p2a: Poison Foison|Poison Jab|p1a: Basculegion
|-resisted|p1a: Basculegion|1
|-damage|p1a: Basculegion|27/100
|move|p1b: Glimmora|Earth Power|p2a: Poison Foison
|-supereffective|p2a: Poison Foison|1
|-damage|p2a: Poison Foison|0 fnt
|faint|p2a: Poison Foison
|move|p1a: Basculegion|Last Respects|p2b: Spinny Sinny
|-supereffective|p2b: Spinny Sinny|1
|-enditem|p2b: Spinny Sinny|Kasib Berry|[eat]
|-enditem|p2b: Spinny Sinny|Kasib Berry|[weaken]
|-damage|p2b: Spinny Sinny|5/100
|move|p2b: Spinny Sinny|Trick Room|p2b: Spinny Sinny
|-fieldstart|move: Trick Room|[of] p2b: Spinny Sinny
|
|upkeep
|
|t:|1784543166
|switch|p2a: Pasta Blasta|Armarouge, L50, F|100/100
|turn|5
|inactive|0-3 bar has 30 seconds left.
|inactive|efwefwefwefweifier has 30 seconds left.
|inactive|0-3 bar has 20 seconds left.
|inactive|efwefwefwefweifier has 20 seconds left.
|inactive|0-3 bar has 15 seconds left.
|inactive|efwefwefwefweifier has 15 seconds left.
|inactive|0-3 bar has 10 seconds left.
|inactive|efwefwefwefweifier has 10 seconds left.
|inactive|efwefwefwefweifier has 5 seconds left.
|
|t:|1784543221
|move|p1a: Basculegion|Protect|p1a: Basculegion
|-singleturn|p1a: Basculegion|Protect
|move|p1b: Glimmora|Spiky Shield|p1b: Glimmora
|-singleturn|p1b: Glimmora|move: Protect
|move|p2b: Spinny Sinny|Rage Powder|p2b: Spinny Sinny
|-singleturn|p2b: Spinny Sinny|move: Rage Powder
|move|p2a: Pasta Blasta|Psychic|p1b: Glimmora
|-activate|p1b: Glimmora|move: Protect
|
|upkeep
|turn|6
|
|t:|1784543236
|move|p2b: Spinny Sinny|Rage Powder|p2b: Spinny Sinny
|-singleturn|p2b: Spinny Sinny|move: Rage Powder
|move|p1a: Basculegion|Aqua Jet|p2b: Spinny Sinny
|-resisted|p2b: Spinny Sinny|1
|-damage|p2b: Spinny Sinny|0 fnt
|faint|p2b: Spinny Sinny
|move|p2a: Pasta Blasta|Psychic|p1b: Glimmora
|-supereffective|p1b: Glimmora|1
|-damage|p1b: Glimmora|1/100
|move|p1b: Glimmora|Power Gem|p2a: Pasta Blasta
|-supereffective|p2a: Pasta Blasta|1
|-damage|p2a: Pasta Blasta|0 fnt
|faint|p2a: Pasta Blasta
|
|win|0-3 bar
|raw|0-3 bar's rating: 1350 → 1369(+19 for winning)
|raw|efwefwefwefweifier's rating: 1326 → 1307(-19 for losing)
|l|☆0-3 bar
|player|p1|
