|j|☆tang de maracuja
|j|☆mynameischronos
|html|tang de maracujamynameischronos    
|uhtml|bestof|Game 1 of a best-of-3
|t:|1784561606
|gametype|doubles
|player|p1|tang de maracuja|morty|1000
|player|p2|mynameischronos|drayden|1000
|gen|9
|tier|[Gen 9 Champions] VGC 2026 Reg M-B (Bo3)
|rated|
|rule|Species Clause: Limit one of each Pokémon
|rule|Item Clause: Limit 1 of each item
|clearpoke
|poke|p1|Gengar, L50, F|
|poke|p1|Archaludon, L50, F|
|poke|p1|Politoed, L50, F|
|poke|p1|Swampert, L50, M|
|poke|p1|Vivillon, L50, F|
|poke|p1|Incineroar, L50, F|
|poke|p2|Blaziken, L50, F|
|poke|p2|Aerodactyl, L50, M|
|poke|p2|Kingambit, L50, F|
|poke|p2|Abomasnow, L50, F|
|poke|p2|Farigiraf, L50, F|
|poke|p2|Sylveon, L50, F|
|teampreview|4
|showteam|p1|Gengar||Gengarite|CursedBody|ShadowBall,SludgeBomb,PerishSong,Protect|Modest||F|||50|]Archaludon||Leftovers|Stamina|ElectroShot,DragonPulse,FlashCannon,Protect|Bold||F|||50|]Politoed||SitrusBerry|Drizzle|WeatherBall,Hypnosis,PerishSong,Protect|Calm||F|||50|]Swampert||Swampertite|Torrent|WaveCrash,Earthquake,IcePunch,Protect|Adamant||M|||50|]Vivillon||FocusSash|CompoundEyes|Hurricane,SleepPowder,RagePowder,Protect|Timid||F|||50|]Incineroar||PasshoBerry|Intimidate|ThroatChop,FakeOut,PartingShot,Protect|Impish||F|||50|
|showteam|p2|Blaziken||FocusSash|SpeedBoost|HeatWave,AuraSphere,Coaching,Protect|Timid||F|||50|]Aerodactyl||Aerodactylite|Unnerve|RockSlide,DualWingbeat,Tailwind,Protect|Adamant||M|||50|]Kingambit||LifeOrb|Defiant|KowtowCleave,SuckerPunch,SwordsDance,Protect|Adamant||F|||50|]Abomasnow||Abomasite|SnowWarning|Blizzard,LeafStorm,AuroraVeil,Protect|Modest||F|||50|]Farigiraf||SitrusBerry|ArmorTail|TwinBeam,TrickRoom,HelpingHand,HyperVoice|Calm||F|||50|]Sylveon||FairyFeather|Pixilate|HyperVoice,HyperBeam,Yawn,Detect|Modest||F|||50|
|inactive|Battle timer is ON: inactive players will automatically lose when time's up. (requested by tang de maracuja)
|inactive|tang de maracuja has 60 seconds left.
|
|t:|1784561660
|teamsize|p1|4
|teamsize|p2|4
|start
|switch|p1a: Vivillon|Vivillon, L50, F|100/100
|switch|p1b: Gengar|Gengar, L50, F|100/100
|switch|p2a: Kingambit|Kingambit, L50, F|100/100
|switch|p2b: Sylveon|Sylveon, L50, F|100/100
|turn|1
|
|t:|1784561674
|detailschange|p1b: Gengar|Gengar-Mega, L50, F
|-mega|p1b: Gengar|Gengar|Gengarite
|move|p2a: Kingambit|Protect|p2a: Kingambit
|-singleturn|p2a: Kingambit|Protect
|move|p1b: Gengar|Perish Song|p1b: Gengar
|-start|p1a: Vivillon|perish3|[silent]
|-start|p1b: Gengar|perish3|[silent]
|-start|p2a: Kingambit|perish3|[silent]
|-start|p2b: Sylveon|perish3|[silent]
|-fieldactivate|move: Perish Song
|move|p1a: Vivillon|Sleep Powder|p2b: Sylveon
|-status|p2b: Sylveon|slp|[from] move: Sleep Powder
|cant|p2b: Sylveon|slp
|
|-start|p1b: Gengar|perish3
|-start|p1a: Vivillon|perish3
|-start|p2b: Sylveon|perish3
|-start|p2a: Kingambit|perish3
|upkeep
|turn|2
|
|t:|1784561685
|move|p1b: Gengar|Sludge Bomb|p2b: Sylveon
|-supereffective|p2b: Sylveon|1
|-damage|p2b: Sylveon|16/100 slp
|move|p1a: Vivillon|Sleep Powder|p2a: Kingambit
|-status|p2a: Kingambit|slp|[from] move: Sleep Powder
|cant|p2b: Sylveon|slp
|cant|p2a: Kingambit|slp
|
|-start|p1b: Gengar|perish2
|-start|p1a: Vivillon|perish2
|-start|p2b: Sylveon|perish2
|-start|p2a: Kingambit|perish2
|upkeep
|turn|3
|
|t:|1784561697
|switch|p1a: Incineroar|Incineroar, L50, F|100/100
|-ability|p1a: Incineroar|Intimidate|boost
|-unboost|p2a: Kingambit|atk|1
|-ability|p2a: Kingambit|Defiant|boost
|-boost|p2a: Kingambit|atk|2
|-unboost|p2b: Sylveon|atk|1
|move|p1b: Gengar|Protect|p1b: Gengar
|-singleturn|p1b: Gengar|Protect
|-curestatus|p2b: Sylveon|slp|[msg]
|move|p2b: Sylveon|Hyper Voice|p1b: Gengar|[spread] p1a
|-activate|p1b: Gengar|move: Protect
|-damage|p1a: Incineroar|61/100
|-curestatus|p2a: Kingambit|slp|[msg]
|move|p2a: Kingambit|Kowtow Cleave|p1b: Gengar
|-activate|p1b: Gengar|move: Protect
|
|-start|p1b: Gengar|perish1
|-start|p2b: Sylveon|perish1
|-start|p2a: Kingambit|perish1
|upkeep
|turn|4
|inactive|mynameischronos has 30 seconds left.
|
|t:|1784561724
|switch|p1b: Vivillon|Vivillon, L50, F|100/100
|move|p1a: Incineroar|Fake Out|p2a: Kingambit
|-resisted|p2a: Kingambit|1
|-crit|p2a: Kingambit
|-damage|p2a: Kingambit|94/100
|move|p2b: Sylveon|Hyper Beam|p1b: Vivillon
|-enditem|p1b: Vivillon|Focus Sash
|-damage|p1b: Vivillon|1/100
|-mustrecharge|p2b: Sylveon
|cant|p2a: Kingambit|flinch
|
|-start|p2b: Sylveon|perish0
|-start|p2a: Kingambit|perish0
|faint|p2b: Sylveon
|faint|p2a: Kingambit
|upkeep
|
|t:|1784561730
|switch|p2b: Farigiraf|Farigiraf, L50, F|100/100
|switch|p2a: Abomasnow|Abomasnow, L50, F|100/100
|-weather|Snowscape|[from] ability: Snow Warning|[of] p2a: Abomasnow
|turn|5
|
|t:|1784561753
|detailschange|p2a: Abomasnow|Abomasnow-Mega, L50, F
|-mega|p2a: Abomasnow|Abomasnow|Abomasite
|move|p1b: Vivillon|Sleep Powder|p2b: Farigiraf
|-status|p2b: Farigiraf|slp|[from] move: Sleep Powder
|move|p1a: Incineroar|Parting Shot|p2a: Abomasnow
|-unboost|p2a: Abomasnow|atk|1
|-unboost|p2a: Abomasnow|spa|1
|
|t:|1784561761
|switch|p1a: Politoed|Politoed, L50, F|100/100|[from] Parting Shot
|-weather|RainDance|[from] ability: Drizzle|[of] p1a: Politoed
|move|p2a: Abomasnow|Blizzard|p1b: Vivillon|[spread] p1a,p1b
|-resisted|p1a: Politoed|1
|-supereffective|p1b: Vivillon|1
|-damage|p1a: Politoed|88/100
|-damage|p1b: Vivillon|0 fnt
|faint|p1b: Vivillon
|cant|p2b: Farigiraf|slp
|
|-weather|RainDance|[upkeep]
|upkeep
|
|t:|1784561764
|switch|p1b: Gengar|Gengar-Mega, L50, F|100/100
|turn|6
|
|t:|1784561773
|move|p1b: Gengar|Sludge Bomb|p2a: Abomasnow
|-supereffective|p2a: Abomasnow|1
|-damage|p2a: Abomasnow|0 fnt
|faint|p2a: Abomasnow
|move|p1a: Politoed|Perish Song|p1a: Politoed
|-start|p1a: Politoed|perish3|[silent]
|-start|p1b: Gengar|perish3|[silent]
|-start|p2b: Farigiraf|perish3|[silent]
|-fieldactivate|move: Perish Song
|-curestatus|p2b: Farigiraf|slp|[msg]
|move|p2b: Farigiraf|Twin Beam|p1b: Gengar
|-supereffective|p1b: Gengar|1
|-damage|p1b: Gengar|70/100
|-supereffective|p1b: Gengar|1
|-damage|p1b: Gengar|44/100
|-hitcount|p1b: Gengar|2
|
|-weather|RainDance|[upkeep]
|-start|p1b: Gengar|perish3
|-start|p1a: Politoed|perish3
|-start|p2b: Farigiraf|perish3
|upkeep
|turn|7
|
|t:|1784561783
|move|p1b: Gengar|Sludge Bomb|p2b: Farigiraf
|-damage|p2b: Farigiraf|58/100
|move|p1a: Politoed|Weather Ball|p2b: Farigiraf
|-damage|p2b: Farigiraf|21/100
|-enditem|p2b: Farigiraf|Sitrus Berry|[eat]
|-heal|p2b: Farigiraf|45/100|[from] item: Sitrus Berry
|move|p2b: Farigiraf|Twin Beam|p1b: Gengar
|-supereffective|p1b: Gengar|1
|-damage|p1b: Gengar|15/100
|-supereffective|p1b: Gengar|1
|-damage|p1b: Gengar|0 fnt
|faint|p1b: Gengar
|-hitcount|p1: Gengar|2
|
|-weather|RainDance|[upkeep]
|-start|p1a: Politoed|perish2
|-start|p2b: Farigiraf|perish2
|upkeep
|
|t:|1784561786
|switch|p1b: Incineroar|Incineroar, L50, F|61/100
|-ability|p1b: Incineroar|Intimidate|boost
|-unboost|p2b: Farigiraf|atk|1
|turn|8
|
|t:|1784561791
|move|p1a: Politoed|Weather Ball|p2b: Farigiraf
|-damage|p2b: Farigiraf|7/100
|move|p2b: Farigiraf|Twin Beam|p1a: Politoed
|-damage|p1a: Politoed|78/100
|-damage|p1a: Politoed|66/100
|-hitcount|p1a: Politoed|2
|move|p1b: Incineroar|Throat Chop|p2b: Farigiraf
|-supereffective|p2b: Farigiraf|1
|-damage|p2b: Farigiraf|0 fnt
|faint|p2b: Farigiraf
|
|win|tang de maracuja
||mynameischronos is ready for game 2.
|inactive|tang de maracuja has 30 seconds to confirm battle start!
|inactive|tang de maracuja has 20 seconds to confirm battle start!
||tang de maracuja is ready for game 2.
|uhtml|next|Next: Game 2 of 3
