|j|☆MikeShinobu
|j|☆buggy es el rey
|html|MikeShinobubuggy es el rey    
|uhtml|bestof|Game 1 of a best-of-3
|t:|1783087382
|gametype|doubles
|player|p1|MikeShinobu|ethan|1099
|player|p2|buggy es el rey|gambler|1049
|gen|9
|tier|[Gen 9 Champions] VGC 2026 Reg M-B (Bo3)
|rated|
|rule|Species Clause: Limit one of each Pokémon
|rule|Item Clause: Limit 1 of each item
|clearpoke
|poke|p1|Whimsicott, L50, F|
|poke|p1|Garchomp, L50, F|
|poke|p1|Staraptor, L50, M|
|poke|p1|Blaziken, L50, M|
|poke|p1|Ninetales-Alola, L50, F|
|poke|p1|Excadrill, L50, F|
|poke|p2|Swampert, L50, F|
|poke|p2|Pelipper, L50, F|
|poke|p2|Gengar, L50, M|
|poke|p2|Sableye, L50, M|
|poke|p2|Grimmsnarl, L50, M|
|poke|p2|Archaludon, L50, M|
|teampreview|4
|showteam|p1|Whimsicott||FocusSash|Prankster|Protect,Tailwind,Moonblast,Charm|Timid||F|||50|]Garchomp||LifeOrb|RoughSkin|DragonClaw,Earthquake,Protect,RockSlide|Jolly||F|||50|]Staraptor||Staraptite|Intimidate|CloseCombat,BraveBird,Roost,Protect|Jolly||M|||50|]Blaziken||Blazikenite|SpeedBoost|Coaching,Protect,CloseCombat,FlareBlitz|Adamant||M|||50|]Ninetales-Alola||LightClay|SnowWarning|Blizzard,Moonblast,AuroraVeil,Protect|Modest||F|||50|]Excadrill||Excadrite|MoldBreaker|Earthquake,HighHorsepower,IronHead,Protect|Jolly||F|||50|
|showteam|p2|Swampert||Swampertite|Damp|Earthquake,IcePunch,WaveCrash,Protect|Adamant||F|||50|]Pelipper||FocusSash|Drizzle|Tailwind,WeatherBall,WideGuard,Uturn|Modest||F|||50|]Gengar||Gengarite|CursedBody|PerishSong,Protect,Disable,ShadowBall|Timid||M|||50|]Sableye||MentalHerb|Prankster|Encore,RainDance,FakeOut,Disable|Relaxed||M|||50|]Grimmsnarl||LightClay|Prankster|FakeOut,LightScreen,Reflect,PartingShot|Relaxed||M|||50|]Archaludon||Leftovers|Stamina|ElectroShot,FlashCannon,Protect,DragonPulse|Calm||M|||50|
|inactive|Battle timer is ON: inactive players will automatically lose when time's up. (requested by MikeShinobu)
|
|t:|1783087406
|teamsize|p1|4
|teamsize|p2|4
|start
|switch|p1a: Whimsicott|Whimsicott, L50, F|100/100
|switch|p1b: Excadrill|Excadrill, L50, F|100/100
|switch|p2a: Gengar|Gengar, L50, M|100/100
|switch|p2b: Grimmsnarl|Grimmsnarl, L50, M|100/100
|-ability|p1b: Excadrill|Mold Breaker
|turn|1
|inactive|MikeShinobu has 30 seconds left.
|
|t:|1783087433
|switch|p1b: Ninetales|Ninetales-Alola, L50, F|100/100
|-weather|Snowscape|[from] ability: Snow Warning|[of] p1b: Ninetales
|detailschange|p2a: Gengar|Gengar-Mega, L50, M
|-mega|p2a: Gengar|Gengar|Gengarite
|move|p2b: Grimmsnarl|Fake Out|p1b: Ninetales
|-damage|p1b: Ninetales|89/100
|move|p2a: Gengar|Perish Song|p2a: Gengar
|-start|p1a: Whimsicott|perish3|[silent]
|-start|p1b: Ninetales|perish3|[silent]
|-start|p2a: Gengar|perish3|[silent]
|-start|p2b: Grimmsnarl|perish3|[silent]
|-fieldactivate|move: Perish Song
|move|p1a: Whimsicott|Moonblast|p2b: Grimmsnarl
|-supereffective|p2b: Grimmsnarl|1
|-damage|p2b: Grimmsnarl|31/100
|
|-weather|Snowscape|[upkeep]
|-start|p2a: Gengar|perish3
|-start|p1a: Whimsicott|perish3
|-start|p1b: Ninetales|perish3
|-start|p2b: Grimmsnarl|perish3
|upkeep
|turn|2
|inactive|buggy es el rey has 30 seconds left.
|
|t:|1783087462
|move|p1a: Whimsicott|Tailwind|p1a: Whimsicott
|-sidestart|p1: MikeShinobu|move: Tailwind
|move|p2b: Grimmsnarl|Parting Shot|p1b: Ninetales
|-unboost|p1b: Ninetales|atk|1
|-unboost|p1b: Ninetales|spa|1
|
|t:|1783087469
|switch|p2b: Sableye|Sableye, L50, M|100/100|[from] Parting Shot
|move|p1b: Ninetales|Aurora Veil|p1b: Ninetales
|-sidestart|p1: MikeShinobu|move: Aurora Veil
|move|p2a: Gengar|Disable|p1a: Whimsicott
|-start|p1a: Whimsicott|Disable|Tailwind
|
|-weather|Snowscape|[upkeep]
|-start|p1a: Whimsicott|perish2
|-start|p1b: Ninetales|perish2
|-start|p2a: Gengar|perish2
|upkeep
|turn|3
|inactive|buggy es el rey has 30 seconds left.
|inactive|buggy es el rey has 20 seconds left.
|
|t:|1783087505
|move|p2b: Sableye|Encore|p1b: Ninetales
|-start|p1b: Ninetales|Encore
|move|p1a: Whimsicott|Moonblast|p2a: Gengar
|-resisted|p2a: Gengar|1
|-damage|p2a: Gengar|80/100
|move|p1b: Ninetales|Aurora Veil||[still]
|-fail|p1b: Ninetales
|move|p2a: Gengar|Shadow Ball|p1b: Ninetales
|-damage|p1b: Ninetales|54/100
|
|-weather|Snowscape|[upkeep]
|-start|p1a: Whimsicott|perish1
|-start|p1b: Ninetales|perish1
|-start|p2a: Gengar|perish1
|upkeep
|turn|4
|
|t:|1783087530
|switch|p2a: Pelipper|Pelipper, L50, F|100/100
|-weather|RainDance|[from] ability: Drizzle|[of] p2a: Pelipper
|switch|p2b: Grimmsnarl|Grimmsnarl, L50, M|31/100
|move|p1a: Whimsicott|Moonblast|p2b: Grimmsnarl
|-supereffective|p2b: Grimmsnarl|1
|-damage|p2b: Grimmsnarl|0 fnt
|faint|p2b: Grimmsnarl
|move|p1b: Ninetales|Aurora Veil||[still]
|-fail|p1b: Ninetales
|
|-weather|RainDance|[upkeep]
|-start|p1a: Whimsicott|perish0
|-start|p1b: Ninetales|perish0
|faint|p1a: Whimsicott
|faint|p1b: Ninetales
|upkeep
|
|t:|1783087547
|switch|p1a: Excadrill|Excadrill, L50, F|100/100
|switch|p1b: Blaziken|Blaziken, L50, M|100/100
|switch|p2b: Gengar|Gengar-Mega, L50, M|80/100
|-ability|p1a: Excadrill|Mold Breaker
|turn|5
|
|t:|1783087566
|detailschange|p1a: Excadrill|Excadrill-Mega, L50, F
|-mega|p1a: Excadrill|Excadrill|Excadrite
|move|p2b: Gengar|Protect|p2b: Gengar
|-singleturn|p2b: Gengar|Protect
|move|p1a: Excadrill|High Horsepower|p2b: Gengar
|-supereffective|p2b: Gengar|1
|-ability|p1a: Excadrill|Piercing Drill
|-zbroken|p2b: Gengar
|-damage|p2b: Gengar|38/100
|move|p1b: Blaziken|Coaching|p1a: Excadrill
|-boost|p1a: Excadrill|atk|1
|-boost|p1a: Excadrill|def|1
|move|p2a: Pelipper|Weather Ball|p1a: Excadrill
|-supereffective|p1a: Excadrill|1
|-damage|p1a: Excadrill|0 fnt
|faint|p1a: Excadrill
|
|-weather|RainDance|[upkeep]
|-sideend|p1: MikeShinobu|move: Tailwind
|-ability|p1b: Blaziken|Speed Boost|boost
|-boost|p1b: Blaziken|spe|1
|upkeep
|turn|6
|-message|MikeShinobu forfeited.
|
|win|buggy es el rey
