|j|☆KodeBeast0526
|j|☆vgac
|html|KodeBeast0526vgac    
|uhtml|bestof|Game 1 of a best-of-3
|t:|1784257612
|gametype|doubles
|player|p1|KodeBeast0526|sailor|1178
|player|p2|vgac|marlon|1134
|gen|9
|tier|[Gen 9 Champions] VGC 2026 Reg M-B (Bo3)
|rated|
|rule|Species Clause: Limit one of each Pokémon
|rule|Item Clause: Limit 1 of each item
|clearpoke
|poke|p1|Aerodactyl, L50, M|
|poke|p1|Kingambit, L50, M|
|poke|p1|Sylveon, L50, M|
|poke|p1|Garchomp, L50, M|
|poke|p1|Charizard, L50, M|
|poke|p1|Incineroar, L50, M|
|poke|p2|Archaludon, L50, M|
|poke|p2|Sinistcha, L50|
|poke|p2|Pelipper, L50, M|
|poke|p2|Charizard, L50, F|
|poke|p2|Incineroar, L50, F|
|poke|p2|Wyrdeer, L50, M|
|teampreview|4
|showteam|p1|Aerodactyl||Aerodactylite|Unnerve|RockSlide,IceFang,Tailwind,WideGuard|Jolly||M|||50|]Kingambit||FocusSash|Defiant|KowtowCleave,SuckerPunch,IronHead,Protect|Adamant||M|||50|]Sylveon||FairyFeather|Pixilate|Detect,HyperVoice,HyperBeam,QuickAttack|Modest||M|||50|]Garchomp||LifeOrb|RoughSkin|Earthquake,DragonClaw,StompingTantrum,Protect|Jolly||M|||50|]Charizard||CharizarditeY|Blaze|Protect,HeatWave,SolarBeam,WeatherBall|Modest||M|||50|]Incineroar||SitrusBerry|Intimidate|DarkestLariat,FlareBlitz,FakeOut,PartingShot|Impish||M|||50|
|showteam|p2|Archaludon||Leftovers|Stamina|ElectroShot,SolarBeam,FlashCannon,Protect|Modest||M|||50|]Sinistcha||SitrusBerry|Hospitality|MatchaGotcha,RagePowder,TrickRoom,Protect|Relaxed|||||50|]Pelipper||FocusSash|Drizzle|WideGuard,WeatherBall,Tailwind,Protect|Modest||M|||50|]Charizard||CharizarditeY|SolarPower|HeatWave,Flamethrower,Hurricane,Protect|Timid||F|||50|]Incineroar||ChopleBerry|Intimidate|FakeOut,PartingShot,FlareBlitz,Protect|Careful||F|||50|]Wyrdeer||ColburBerry|Intimidate|LightScreen,Imprison,TrickRoom,PsyshieldBash|Sassy||M|||50|
|inactive|Battle timer is ON: inactive players will automatically lose when time's up. (requested by vgac)
|inactive|KodeBeast0526 has 60 seconds left.
|
|t:|1784257681
|teamsize|p1|4
|teamsize|p2|4
|start
|switch|p1a: Sylveon|Sylveon, L50, M|100/100
|switch|p1b: Aerodactyl|Aerodactyl, L50, M|100/100
|switch|p2a: Charizard|Charizard, L50, F|100/100
|switch|p2b: Pelipper|Pelipper, L50, M|100/100
|-ability|p1b: Aerodactyl|Unnerve
|-weather|RainDance|[from] ability: Drizzle|[of] p2b: Pelipper
|turn|1
|inactive|KodeBeast0526 has 30 seconds left.
|inactive|vgac has 30 seconds left.
|inactive|KodeBeast0526 has 20 seconds left.
|inactive|KodeBeast0526 has 15 seconds left.
|
|t:|1784257724
|switch|p2a: Incineroar|Incineroar, L50, F|100/100
|-ability|p2a: Incineroar|Intimidate|boost
|-unboost|p1a: Sylveon|atk|1
|-unboost|p1b: Aerodactyl|atk|1
|move|p1b: Aerodactyl|Ice Fang|p2b: Pelipper
|-damage|p2b: Pelipper|84/100
|move|p2b: Pelipper|Weather Ball|p1b: Aerodactyl
|-supereffective|p1b: Aerodactyl|1
|-damage|p1b: Aerodactyl|0 fnt
|faint|p1b: Aerodactyl
|move|p1a: Sylveon|Hyper Beam|p2b: Pelipper
|-damage|p2b: Pelipper|0 fnt
|-mustrecharge|p1a: Sylveon
|faint|p2b: Pelipper
|
|-weather|RainDance|[upkeep]
|upkeep
|
|t:|1784257742
|switch|p1b: Charizard|Charizard, L50, M|100/100
|switch|p2b: Archaludon|Archaludon, L50, M|100/100
|turn|2
|
|t:|1784257753
|detailschange|p1b: Charizard|Charizard-Mega-Y, L50, M
|-mega|p1b: Charizard|Charizard|Charizardite Y
|-weather|SunnyDay|[from] ability: Drought|[of] p1b: Charizard
|move|p1b: Charizard|Protect|p1b: Charizard
|-singleturn|p1b: Charizard|Protect
|move|p2a: Incineroar|Fake Out|p1b: Charizard
|-activate|p1b: Charizard|move: Protect
|move|p2b: Archaludon|Solar Beam||[still]
|-prepare|p2b: Archaludon|Solar Beam
|-anim|p2b: Archaludon|Solar Beam|p1a: Sylveon
|-damage|p1a: Sylveon|68/100
|cant|p1a: Sylveon|recharge
|
|-weather|SunnyDay|[upkeep]
|upkeep
|turn|3
|inactive|KodeBeast0526 has 30 seconds left.
|inactive|vgac has 30 seconds left.
|
|t:|1784257785
|move|p2b: Archaludon|Protect|p2b: Archaludon
|-singleturn|p2b: Archaludon|Protect
|move|p1b: Charizard|Heat Wave|p2b: Archaludon|[spread] p2a
|-activate|p2b: Archaludon|move: Protect
|-resisted|p2a: Incineroar|1
|-damage|p2a: Incineroar|77/100
|move|p1a: Sylveon|Hyper Beam|p2a: Incineroar
|-damage|p2a: Incineroar|4/100
|-mustrecharge|p1a: Sylveon
|move|p2a: Incineroar|Parting Shot|p1b: Charizard
|-unboost|p1b: Charizard|atk|1
|-unboost|p1b: Charizard|spa|1
|
|t:|1784257794
|switch|p2a: Charizard|Charizard, L50, F|100/100|[from] Parting Shot
|
|-weather|SunnyDay|[upkeep]
|-damage|p2a: Charizard|87/100|[from] ability: Solar Power|[of] p2a: Charizard
|upkeep
|turn|4
|
|t:|1784257801
|switch|p1b: Kingambit|Kingambit, L50, M|100/100
|detailschange|p2a: Charizard|Charizard-Mega-Y, L50, F
|-mega|p2a: Charizard|Charizard|Charizardite Y
|move|p2a: Charizard|Heat Wave|p1b: Kingambit|[spread] p1b
|-miss|p2a: Charizard|p1a: Sylveon
|-supereffective|p1b: Kingambit|1
|-enditem|p1b: Kingambit|Focus Sash
|-damage|p1b: Kingambit|1/100
|move|p2b: Archaludon|Flash Cannon|p1a: Sylveon
|-supereffective|p1a: Sylveon|1
|-damage|p1a: Sylveon|0 fnt
|faint|p1a: Sylveon
|
|-weather|SunnyDay|[upkeep]
|upkeep
|
|t:|1784257808
|switch|p1a: Charizard|Charizard-Mega-Y, L50, M|100/100
|turn|5
|
|t:|1784257822
|move|p2b: Archaludon|Protect|p2b: Archaludon
|-singleturn|p2b: Archaludon|Protect
|move|p1b: Kingambit|Sucker Punch|p2a: Charizard
|-damage|p2a: Charizard|30/100
|move|p2a: Charizard|Heat Wave|p1a: Charizard|[spread] p1a,p1b
|-resisted|p1a: Charizard|1
|-supereffective|p1b: Kingambit|1
|-damage|p1a: Charizard|71/100
|-damage|p1b: Kingambit|0 fnt
|faint|p1b: Kingambit
|move|p1a: Charizard|Heat Wave|p2a: Charizard|[spread] 
|-activate|p2b: Archaludon|move: Protect
|-miss|p1a: Charizard|p2a: Charizard
|
|-weather|SunnyDay|[upkeep]
|upkeep
|turn|6
|
|t:|1784257836
|move|p2a: Charizard|Heat Wave|p1a: Charizard
|-resisted|p1a: Charizard|1
|-damage|p1a: Charizard|32/100
|move|p1a: Charizard|Heat Wave|p2b: Archaludon|[spread] p2a,p2b
|-resisted|p2a: Charizard|1
|-damage|p2a: Charizard|0 fnt
|-damage|p2b: Archaludon|25/100
|-ability|p2b: Archaludon|Stamina|boost
|-boost|p2b: Archaludon|def|1
|faint|p2a: Charizard
|move|p2b: Archaludon|Flash Cannon|p1a: Charizard
|-resisted|p1a: Charizard|1
|-damage|p1a: Charizard|12/100
|
|-weather|none
|-heal|p2b: Archaludon|31/100|[from] item: Leftovers
|upkeep
|
|t:|1784257842
|switch|p2a: Incineroar|Incineroar, L50, F|4/100
|-ability|p2a: Incineroar|Intimidate|boost
|-unboost|p1a: Charizard|atk|1
|turn|7
|
|t:|1784257849
|move|p1a: Charizard|Protect|p1a: Charizard
|-singleturn|p1a: Charizard|Protect
|move|p2a: Incineroar|Fake Out|p1a: Charizard
|-activate|p1a: Charizard|move: Protect
|move|p2b: Archaludon|Flash Cannon|p1a: Charizard
|-activate|p1a: Charizard|move: Protect
|
|-heal|p2b: Archaludon|37/100|[from] item: Leftovers
|upkeep
|turn|8
|
|t:|1784257865
|move|p2b: Archaludon|Protect|p2b: Archaludon
|-singleturn|p2b: Archaludon|Protect
|move|p2a: Incineroar|Protect|p2a: Incineroar
|-singleturn|p2a: Incineroar|Protect
|move|p1a: Charizard|Heat Wave|p2a: Incineroar|[spread] 
|-activate|p2a: Incineroar|move: Protect
|-activate|p2b: Archaludon|move: Protect
|
|-heal|p2b: Archaludon|43/100|[from] item: Leftovers
|upkeep
|turn|9
|
|t:|1784257871
|move|p1a: Charizard|Heat Wave|p2a: Incineroar|[spread] p2a,p2b
|-resisted|p2a: Incineroar|1
|-damage|p2a: Incineroar|0 fnt
|-damage|p2b: Archaludon|0 fnt
|faint|p2a: Incineroar
|faint|p2b: Archaludon
|
|win|KodeBeast0526
