|j|☆egopegolegotego
|j|☆FatherPenguin
|html|egopegolegotegoFatherPenguin    
|uhtml|bestof|Game 1 of a best-of-3
|t:|1786108207
|gametype|doubles
|player|p1|egopegolegotego|hooligans|1248
|player|p2|FatherPenguin|acetrainersnow|1159
|gen|9
|tier|[Gen 9 Champions] VGC 2026 Reg M-B (Bo3)
|rated|
|rule|Species Clause: Limit one of each Pokémon
|rule|Item Clause: Limit 1 of each item
|clearpoke
|poke|p1|Aerodactyl, L50, F|
|poke|p1|Garchomp, L50, F|
|poke|p1|Kingambit, L50, F|
|poke|p1|Charizard, L50, M|
|poke|p1|Sylveon, L50, F|
|poke|p1|Farigiraf, L50, M|
|poke|p2|Froslass, L50, F|
|poke|p2|Scovillain, L50, F|
|poke|p2|Lycanroc-Dusk, L50, F|
|poke|p2|Sneasler, L50, M|
|poke|p2|Basculegion, L50, M|
|poke|p2|Kingambit, L50, M|
|teampreview|4
|showteam|p1|Aerodactyl||Aerodactylite|Unnerve|IceFang,RockSlide,Tailwind,DualWingbeat|Jolly||F|||50|]Garchomp||LifeOrb|RoughSkin|DragonClaw,RockSlide,Earthquake,Protect|Jolly||F|||50|]Kingambit||FocusSash|Defiant|SuckerPunch,KowtowCleave,IronHead,LowKick|Adamant||F|||50|]Charizard||CharizarditeY|SolarPower|SolarBeam,WeatherBall,HeatWave,Protect|Modest||M|||50|]Sylveon||FairyFeather|Pixilate|QuickAttack,HyperVoice,HyperBeam,Detect|Modest||F|||50|]Farigiraf||SitrusBerry|ArmorTail|TrickRoom,Thunderbolt,SunnyDay,TwinBeam|Bold||M|||50|
|showteam|p2|Froslass||Froslassite|CursedBody|Blizzard,ShadowBall,AuroraVeil,Protect|Timid||F|||50|]Scovillain||Scovillainite|Moody|Overheat,GigaDrain,RagePowder,Protect|Bold||F|||50|]Lycanroc-Dusk||FocusSash|ToughClaws|RockSlide,CloseCombat,Accelerock,Protect|Adamant||F|||50|]Sneasler||WhiteHerb|Unburden|DireClaw,CloseCombat,FakeOut,Protect|Jolly||M|||50|]Basculegion||SitrusBerry|Adaptability|WaveCrash,LastRespects,AquaJet,Protect|Adamant||M|||50|]Kingambit||BlackGlasses|Defiant|KowtowCleave,SuckerPunch,SwordsDance,Protect|Adamant||M|||50|
|inactive|Battle timer is ON: inactive players will automatically lose when time's up. (requested by FatherPenguin)
|inactive|egopegolegotego has 60 seconds left.
|inactive|FatherPenguin has 60 seconds left.
|inactive|egopegolegotego has 30 seconds left.
|inactive|FatherPenguin has 30 seconds left.
|inactive|egopegolegotego has 20 seconds left.
|inactive|FatherPenguin has 20 seconds left.
|inactive|egopegolegotego has 15 seconds left.
|inactive|FatherPenguin has 15 seconds left.
|inactive|FatherPenguin has 10 seconds left.
|
|t:|1786108297
|teamsize|p1|4
|teamsize|p2|4
|start
|switch|p1a: Charizard|Charizard, L50, M|100/100
|switch|p1b: Kingambit|Kingambit, L50, F|100/100
|switch|p2a: Scovillain|Scovillain, L50, F|100/100
|switch|p2b: Lycanroc|Lycanroc-Dusk, L50, F|100/100
|turn|1
|inactive|FatherPenguin has 30 seconds left.
|inactive|FatherPenguin has 20 seconds left.
|inactive|FatherPenguin has 15 seconds left.
|inactive|FatherPenguin has 10 seconds left.
|inactive|FatherPenguin has 5 seconds left.
|
|t:|1786108350
|switch|p1a: Farigiraf|Farigiraf, L50, M|100/100
|detailschange|p2a: Scovillain|Scovillain-Mega, L50, F
|-mega|p2a: Scovillain|Scovillain|Scovillainite
|move|p2a: Scovillain|Rage Powder|p2a: Scovillain
|-singleturn|p2a: Scovillain|move: Rage Powder
|move|p2b: Lycanroc|Rock Slide|p1a: Farigiraf|[spread] p1a,p1b
|-resisted|p1b: Kingambit|1
|-damage|p1a: Farigiraf|76/100
|-damage|p1b: Kingambit|88/100
|move|p1b: Kingambit|Low Kick|p2a: Scovillain
|-damage|p2a: Scovillain|85/100
|-status|p1b: Kingambit|brn|[from] ability: Spicy Spray|[of] p2a: Scovillain
|
|-damage|p1b: Kingambit|81/100 brn|[from] brn
|upkeep
|turn|2
|inactive|egopegolegotego has 30 seconds left.
|inactive|FatherPenguin has 30 seconds left.
|inactive|egopegolegotego has 20 seconds left.
|inactive|FatherPenguin has 20 seconds left.
|inactive|egopegolegotego has 15 seconds left.
|inactive|FatherPenguin has 15 seconds left.
|inactive|egopegolegotego has 10 seconds left.
|inactive|FatherPenguin has 10 seconds left.
|inactive|egopegolegotego has 5 seconds left.
|inactive|FatherPenguin has 5 seconds left.
|
|t:|1786108405
|move|p2a: Scovillain|Rage Powder|p2a: Scovillain
|-singleturn|p2a: Scovillain|move: Rage Powder
|move|p1b: Kingambit|Sucker Punch||[still]
|-fail|p1b: Kingambit
|move|p2b: Lycanroc|Close Combat|p1b: Kingambit
|-supereffective|p1b: Kingambit|2
|-damage|p1b: Kingambit|0 fnt
|-unboost|p2b: Lycanroc|def|1
|-unboost|p2b: Lycanroc|spd|1
|faint|p1b: Kingambit
|move|p1a: Farigiraf|Trick Room|p1a: Farigiraf
|-fieldstart|move: Trick Room|[of] p1a: Farigiraf
|
|upkeep
|inactive|egopegolegotego has 30 seconds left.
|inactive|egopegolegotego has 20 seconds left.
|inactive|egopegolegotego has 15 seconds left.
|inactive|egopegolegotego has 10 seconds left.
|inactive|egopegolegotego has 5 seconds left.
|
|t:|1786108460
|switch|p1b: Charizard|Charizard, L50, M|100/100
|turn|3
|inactive|egopegolegotego has 30 seconds left.
|
|t:|1786108487
|detailschange|p1b: Charizard|Charizard-Mega-Y, L50, M
|-mega|p1b: Charizard|Charizard|Charizardite Y
|-weather|SunnyDay|[from] ability: Drought|[of] p1b: Charizard
|move|p2a: Scovillain|Rage Powder|p2a: Scovillain
|-singleturn|p2a: Scovillain|move: Rage Powder
|move|p1a: Farigiraf|Twin Beam|p2a: Scovillain
|-crit|p2a: Scovillain
|-damage|p2a: Scovillain|60/100
|-status|p1a: Farigiraf|brn|[from] ability: Spicy Spray|[of] p2a: Scovillain
|-damage|p2a: Scovillain|43/100
|-hitcount|p2a: Scovillain|2
|move|p1b: Charizard|Heat Wave|p2a: Scovillain|[spread] p2a,p2b
|-resisted|p2b: Lycanroc|1
|-damage|p2a: Scovillain|0 fnt
|-damage|p2b: Lycanroc|25/100
|-immune|p1b: Charizard
|faint|p2a: Scovillain
|move|p2b: Lycanroc|Rock Slide|p1b: Charizard|[spread] p1a,p1b
|-supereffective|p1b: Charizard|2
|-damage|p1a: Farigiraf|55/100 brn
|-damage|p1b: Charizard|0 fnt
|faint|p1b: Charizard
|
|-weather|SunnyDay|[upkeep]
|-damage|p1a: Farigiraf|49/100 brn|[from] brn
|upkeep
|-enditem|p1a: Farigiraf|Sitrus Berry|[eat]
|-heal|p1a: Farigiraf|74/100 brn|[from] item: Sitrus Berry
|inactive|FatherPenguin has 30 seconds left.
|
|t:|1786108513
|switch|p2a: Kingambit|Kingambit, L50, M|100/100
|switch|p1b: Garchomp|Garchomp, L50, F|100/100
|turn|4
|
|t:|1786108537
|move|p2a: Kingambit|Protect|p2a: Kingambit
|-singleturn|p2a: Kingambit|Protect
|move|p2b: Lycanroc|Protect|p2b: Lycanroc
|-singleturn|p2b: Lycanroc|Protect
|move|p1a: Farigiraf|Twin Beam|p2b: Lycanroc
|-activate|p2b: Lycanroc|move: Protect
|move|p1b: Garchomp|Earthquake|p2b: Lycanroc|[spread] p1a
|-activate|p2a: Kingambit|move: Protect
|-activate|p2b: Lycanroc|move: Protect
|-damage|p1a: Farigiraf|38/100 brn
|-damage|p1b: Garchomp|90/100|[from] item: Life Orb
|
|-weather|SunnyDay|[upkeep]
|-damage|p1a: Farigiraf|32/100 brn|[from] brn
|upkeep
|turn|5
|inactive|FatherPenguin has 30 seconds left.
|inactive|FatherPenguin has 20 seconds left.
|
|t:|1786108576
|move|p1b: Garchomp|Protect|p1b: Garchomp
|-singleturn|p1b: Garchomp|Protect
|move|p2a: Kingambit|Swords Dance|p2a: Kingambit
|-boost|p2a: Kingambit|atk|2
|move|p1a: Farigiraf|Twin Beam|p2b: Lycanroc
|-damage|p2b: Lycanroc|0 fnt
|faint|p2b: Lycanroc
|-hitcount|p2: Lycanroc|1
|
|-weather|SunnyDay|[upkeep]
|-damage|p1a: Farigiraf|26/100 brn|[from] brn
|upkeep
|
|t:|1786108587
|switch|p2b: Sneasler|Sneasler, L50, M|100/100
|turn|6
|
|t:|1786108605
|move|p2a: Kingambit|Protect|p2a: Kingambit
|-singleturn|p2a: Kingambit|Protect
|move|p1b: Garchomp|Protect|p1b: Garchomp
|-singleturn|p1b: Garchomp|Protect
|move|p2b: Sneasler|Protect|p2b: Sneasler
|-singleturn|p2b: Sneasler|Protect
|move|p1a: Farigiraf|Twin Beam|p2b: Sneasler
|-activate|p2b: Sneasler|move: Protect
|
|-weather|SunnyDay|[upkeep]
|-damage|p1a: Farigiraf|20/100y brn|[from] brn
|-fieldend|move: Trick Room
|upkeep
|turn|7
|inactive|egopegolegotego has 30 seconds left.
|
|t:|1786108630
|move|p2a: Kingambit|Sucker Punch||[still]
|cant|p1a: Farigiraf|ability: Armor Tail|Sucker Punch|[of] p2a: Kingambit
|move|p2b: Sneasler|Close Combat|p1b: Garchomp
|-damage|p1b: Garchomp|43/100
|-unboost|p2b: Sneasler|def|1
|-unboost|p2b: Sneasler|spd|1
|-damage|p2b: Sneasler|88/100|[from] ability: Rough Skin|[of] p1b: Garchomp
|-enditem|p2b: Sneasler|White Herb
|-clearnegativeboost|p2b: Sneasler|[silent]
|move|p1b: Garchomp|Earthquake|p2a: Kingambit|[spread] p1a,p2a,p2b
|-supereffective|p2a: Kingambit|1
|-supereffective|p2b: Sneasler|1
|-damage|p1a: Farigiraf|0 fnt
|-damage|p2a: Kingambit|28/100
|-damage|p2b: Sneasler|0 fnt
|faint|p1a: Farigiraf
|faint|p2b: Sneasler
|-damage|p1b: Garchomp|33/100|[from] item: Life Orb
|
|-weather|none
|upkeep
|turn|8
|
|t:|1786108650
|move|p2a: Kingambit|Sucker Punch|p1b: Garchomp
|-damage|p1b: Garchomp|0 fnt
|-damage|p2a: Kingambit|16/100|[from] ability: Rough Skin|[of] p1b: Garchomp
|faint|p1b: Garchomp
|
|win|FatherPenguin
||egopegolegotego is ready for game 2.
|inactive|FatherPenguin has 30 seconds to confirm battle start!
