|j|☆I am the Sweeper
|j|☆Cristante terabug
|html|I am the SweeperCristante terabug    
|uhtml|bestof|Game 2 of a best-of-3
|t:|1756375081
|gametype|doubles
|player|p1|I am the Sweeper|janitor|1158
|player|p2|Cristante terabug|kieran-champion|1090
|gen|9
|tier|[Gen 9] VGC 2025 Reg H (Bo3)
|rated|
|rule|Species Clause: Limit one of each Pokémon
|rule|Item Clause: Limit 1 of each item
|clearpoke
|poke|p1|Garganacl, L50, F|
|poke|p1|Dondozo, L50, M|
|poke|p1|Sneasler, L50, M|
|poke|p1|Gholdengo, L50|
|poke|p1|Ninetales-Alola, L50, F|
|poke|p1|Incineroar, L50, M|
|poke|p2|Tyranitar, L50, M|
|poke|p2|Kommo-o, L50, F|
|poke|p2|Primarina, L50, M|
|poke|p2|Corviknight, L50, F|
|poke|p2|Incineroar, L50, M|
|poke|p2|Sinistcha, L50|
|teampreview|4
|showteam|p1|Garganacl||MarangaBerry|PurifyingSalt|SaltCure,StealthRock,Protect,Recover|||F|||50|,,,,,Flying]Dondozo||Leftovers|Unaware|Liquidation,Yawn,Curse,Protect|||M|||50|,,,,,Poison]Sneasler||FocusSash|PoisonTouch|DireClaw,CloseCombat,Coaching,Protect|||M|||50|,,,,,Ghost]Gholdengo||ChoiceScarf|GoodasGold|MakeItRain,ShadowBall,Trick,PowerGem||||||50|,,,,,Steel]Ninetales-Alola||NeverMeltIce|SnowWarning|Blizzard,FreezeDry,Protect,AuroraVeil|||F|||50|,,,,,Ice]Incineroar||AssaultVest|Intimidate|FlareBlitz,KnockOff,FakeOut,DrainPunch|||M|||50|,,,,,Grass
|showteam|p2|Tyranitar||AssaultVest|SandStream|KnockOff,LowKick,RockSlide,TeraBlast|||M|||50|,,,,,Flying]Kommo-o||Leftovers|Overcoat|BodyPress,IronDefense,ThroatChop,Protect|||F|||50|,,,,,Steel]Primarina||MysticWater|LiquidVoice|Haze,Moonblast,HyperVoice,Protect|||M|||50|,,,,,Poison]Corviknight||SitrusBerry|MirrorArmor|BraveBird,BulkUp,Roost,Tailwind|||F|||50|,,,,,Ghost]Incineroar||SafetyGoggles|Intimidate|KnockOff,PartingShot,FlareBlitz,FakeOut|||M|||50|,,,,,Ghost]Sinistcha||RockyHelmet|Hospitality|Protect,MatchaGotcha,RagePowder,ShadowBall||||||50|,,,,,Water
|inactive|Battle timer is ON: inactive players will automatically lose when time's up. (requested by Cristante terabug)
|
|t:|1756375134
|teamsize|p1|4
|teamsize|p2|4
|start
|switch|p1a: Garganacl|Garganacl, L50, F|100/100
|switch|p1b: Sneasler|Sneasler, L50, M|100/100
|switch|p2a: Basil|Incineroar, L50, M|100/100
|switch|p2b: Aubrey|Primarina, L50, M|100/100
|-ability|p2a: Basil|Intimidate|boost
|-unboost|p1a: Garganacl|atk|1
|-unboost|p1b: Sneasler|atk|1
|turn|1
|inactive|I am the Sweeper has 30 seconds left.
|inactive|I am the Sweeper has 20 seconds left.
|
|t:|1756375171
|-terastallize|p1a: Garganacl|Flying
|move|p1b: Sneasler|Protect|p1b: Sneasler
|-singleturn|p1b: Sneasler|Protect
|move|p2a: Basil|Fake Out|p1b: Sneasler
|-activate|p1b: Sneasler|move: Protect
|move|p2b: Aubrey|Hyper Voice|p1b: Sneasler|[spread] p1a
|-activate|p1b: Sneasler|move: Protect
|-damage|p1a: Garganacl|76/100
|-enditem|p1a: Garganacl|Maranga Berry|[eat]
|-boost|p1a: Garganacl|spd|1|[from] item: Maranga Berry
|move|p1a: Garganacl|Stealth Rock|p2a: Basil
|-sidestart|p2: Cristante terabug|move: Stealth Rock
|
|upkeep
|turn|2
|inactive|I am the Sweeper has 30 seconds left.
|inactive|I am the Sweeper has 20 seconds left.
|inactive|I am the Sweeper has 15 seconds left.
|
|t:|1756375216
|-terastallize|p2a: Basil|Ghost
|move|p1b: Sneasler|Coaching|p1a: Garganacl
|-boost|p1a: Garganacl|atk|1
|-boost|p1a: Garganacl|def|1
|move|p2a: Basil|Flare Blitz|p1a: Garganacl
|-damage|p1a: Garganacl|53/100
|-damage|p2a: Basil|93/100|[from] Recoil
|move|p2b: Aubrey|Hyper Voice|p1a: Garganacl|[spread] p1a,p1b
|-damage|p1a: Garganacl|35/100
|-damage|p1b: Sneasler|46/100
|move|p1a: Garganacl|Salt Cure|p2b: Aubrey
|-damage|p2b: Aubrey|84/100
|-start|p2b: Aubrey|Salt Cure
|
|-damage|p2b: Aubrey|59/100|[from] Salt Cure
|upkeep
|turn|3
|inactive|I am the Sweeper has 30 seconds left.
|inactive|I am the Sweeper has 20 seconds left.
|
|t:|1756375252
|move|p1a: Garganacl|Protect|p1a: Garganacl
|-singleturn|p1a: Garganacl|Protect
|move|p1b: Sneasler|Coaching|p1a: Garganacl
|-boost|p1a: Garganacl|atk|1
|-boost|p1a: Garganacl|def|1
|move|p2a: Basil|Flare Blitz|p1a: Garganacl
|-activate|p1a: Garganacl|move: Protect
|move|p2b: Aubrey|Hyper Voice|p1a: Garganacl|[spread] p1b
|-activate|p1a: Garganacl|move: Protect
|-damage|p1b: Sneasler|0 fnt
|faint|p1b: Sneasler
|
|-damage|p2b: Aubrey|35/100|[from] Salt Cure
|upkeep
|
|t:|1756375268
|switch|p1b: Incineroar|Incineroar, L50, M|100/100
|-ability|p1b: Incineroar|Intimidate|boost
|-unboost|p2a: Basil|atk|1
|-unboost|p2b: Aubrey|atk|1
|turn|4
|inactive|I am the Sweeper has 30 seconds left.
|
|t:|1756375300
|switch|p2a: Kel|Corviknight, L50, F|100/100
|-damage|p2a: Kel|88/100|[from] Stealth Rock
|move|p1b: Incineroar|Fake Out|p2b: Aubrey
|-damage|p2b: Aubrey|19/100
|cant|p2b: Aubrey|flinch
|move|p1a: Garganacl|Recover|p1a: Garganacl
|-heal|p1a: Garganacl|85/100
|
|-damage|p2b: Aubrey|0 fnt|[from] Salt Cure
|faint|p2b: Aubrey
|upkeep
|
|t:|1756375311
|switch|p2b: Hero|Tyranitar, L50, M|100/100
|-damage|p2b: Hero|88/100|[from] Stealth Rock
|-weather|Sandstorm|[from] ability: Sand Stream|[of] p2b: Hero
|turn|5
|
|t:|1756375330
|move|p2a: Kel|Bulk Up|p2a: Kel
|-boost|p2a: Kel|atk|1
|-boost|p2a: Kel|def|1
|move|p1b: Incineroar|Drain Punch|p2b: Hero
|-supereffective|p2b: Hero
|-damage|p2b: Hero|10/100
|move|p2b: Hero|Rock Slide|p1a: Garganacl|[spread] p1a,p1b
|-supereffective|p1a: Garganacl
|-supereffective|p1b: Incineroar
|-damage|p1a: Garganacl|62/100
|-damage|p1b: Incineroar|35/100
|move|p1a: Garganacl|Salt Cure|p2a: Kel
|-damage|p2a: Kel|76/100
|-start|p2a: Kel|Salt Cure
|
|-weather|Sandstorm|[upkeep]
|-damage|p1b: Incineroar|29/100|[from] Sandstorm
|-damage|p1a: Garganacl|56/100|[from] Sandstorm
|-damage|p2a: Kel|51/100|[from] Salt Cure
|upkeep
|turn|6
|inactive|I am the Sweeper has 30 seconds left.
|
|t:|1756375361
|switch|p1b: Ninetales|Ninetales-Alola, L50, F|100/100
|-weather|Snowscape|[from] ability: Snow Warning|[of] p1b: Ninetales
|move|p2a: Kel|Brave Bird|p1b: Ninetales
|-damage|p1b: Ninetales|41/100
|-damage|p2a: Kel|37/100|[from] Recoil
|-enditem|p2a: Kel|Sitrus Berry|[eat]
|-heal|p2a: Kel|62/100|[from] item: Sitrus Berry
|move|p2b: Hero|Rock Slide|p1b: Ninetales|[spread] p1a,p1b
|-supereffective|p1a: Garganacl
|-supereffective|p1b: Ninetales
|-damage|p1a: Garganacl|33/100
|-damage|p1b: Ninetales|0 fnt
|faint|p1b: Ninetales
|cant|p1a: Garganacl|flinch
|
|-weather|Snowscape|[upkeep]
|-damage|p2a: Kel|37/100|[from] Salt Cure
|upkeep
|
|t:|1756375379
|switch|p1b: Incineroar|Incineroar, L50, M|29/100
|-ability|p1b: Incineroar|Intimidate|boost
|-ability|p2a: Kel|Mirror Armor
|-unboost|p1b: Incineroar|atk|1
|-unboost|p2b: Hero|atk|1
|turn|7
|inactive|I am the Sweeper has 30 seconds left.
|
|t:|1756375412
|move|p1b: Incineroar|Fake Out|p2a: Kel
|-resisted|p2a: Kel
|-damage|p2a: Kel|34/100
|cant|p2a: Kel|flinch
|move|p2b: Hero|Rock Slide|p1a: Garganacl|[spread] p1a,p1b
|-supereffective|p1a: Garganacl
|-supereffective|p1b: Incineroar
|-damage|p1a: Garganacl|18/100
|-damage|p1b: Incineroar|0 fnt
|faint|p1b: Incineroar
|cant|p1a: Garganacl|flinch
|
|-weather|Snowscape|[upkeep]
|-damage|p2a: Kel|9/100|[from] Salt Cure
|upkeep
|turn|8
|inactive|I am the Sweeper has 30 seconds left.
|
|t:|1756375437
|move|p2a: Kel|Roost|p2a: Kel
|-heal|p2a: Kel|59/100
|-singleturn|p2a: Kel|move: Roost
|move|p2b: Hero|Rock Slide|p1a: Garganacl
|-supereffective|p1a: Garganacl
|-damage|p1a: Garganacl|0 fnt
|faint|p1a: Garganacl
|
|win|Cristante terabug
|raw|I am the Sweeper's rating: 1158 → 1128(-30 for losing)
|raw|Cristante terabug's rating: 1090 → 1122(+32 for winning)
|l|☆Cristante terabug
|player|p2|
