|j|☆Yinobo
|j|☆laut1
|html|Yinobolaut1    
|uhtml|bestof|Game 2 of a best-of-3
|t:|1784075783
|gametype|doubles
|player|p1|Yinobo|pokemaniac|1154
|player|p2|laut1|supernerd|1207
|gen|9
|tier|[Gen 9 Champions] VGC 2026 Reg M-B (Bo3)
|rated|
|rule|Species Clause: Limit one of each Pokémon
|rule|Item Clause: Limit 1 of each item
|clearpoke
|poke|p1|Charizard, L50, M, shiny|
|poke|p1|Garchomp, L50, M, shiny|
|poke|p1|Sylveon, L50, M, shiny|
|poke|p1|Kingambit, L50, F, shiny|
|poke|p1|Farigiraf, L50, M, shiny|
|poke|p1|Aerodactyl, L50, M|
|poke|p2|Kingambit, L50, F, shiny|
|poke|p2|Garchomp, L50, M|
|poke|p2|Incineroar, L50, F|
|poke|p2|Sylveon, L50, F, shiny|
|poke|p2|Charizard, L50, F|
|poke|p2|Aerodactyl, L50, M, shiny|
|teampreview|4
|showteam|p1|Charizard||CharizarditeY|SolarPower|Protect,WeatherBall,SolarBeam,HeatWave|Modest||M|||50|]Garchomp||LifeOrb|RoughSkin|Protect,RockSlide,Earthquake,DragonClaw|Jolly||M|||50|]Sylveon||FairyFeather|Pixilate|Detect,HyperBeam,QuickAttack,HyperVoice|Modest||M|||50|]Kingambit||FocusSash|Defiant|KowtowCleave,IronHead,SuckerPunch,LowKick|Adamant||F|||50|]Farigiraf||SitrusBerry|ArmorTail|Psychic,TrickRoom,Thunderbolt,Roar|Bold||M|||50|]Aerodactyl||Aerodactylite|Unnerve|RockSlide,Tailwind,DualWingbeat,IceFang|Jolly||M|||50|
|showteam|p2|Kingambit||ChopleBerry|Defiant|Protect,KowtowCleave,LowKick,SuckerPunch|Adamant||F|||50|]Garchomp||LifeOrb|RoughSkin|Protect,Earthquake,DragonClaw,StompingTantrum|Jolly||M|||50|]Incineroar||SitrusBerry|Intimidate|FakeOut,FlareBlitz,Taunt,PartingShot|Sassy||F|||50|]Sylveon||FairyFeather|Pixilate|Detect,HyperVoice,Yawn,HyperBeam|Modest||F|||50|]Charizard||CharizarditeY|Blaze|Protect,HeatWave,WeatherBall,SolarBeam|Modest||F|||50|]Aerodactyl||Aerodactylite|Unnerve|Tailwind,DualWingbeat,RockSlide,WideGuard|Jolly||M|||50|
|inactive|Battle timer is ON: inactive players will automatically lose when time's up. (requested by Yinobo)
|
|t:|1784075807
|teamsize|p1|4
|teamsize|p2|4
|start
|switch|p1a: Kingambit|Kingambit, L50, F, shiny|100/100
|switch|p1b: AEROY|Aerodactyl, L50, M|100/100
|switch|p2a: Sylveon|Sylveon, L50, F, shiny|100/100
|switch|p2b: Incineroar|Incineroar, L50, F|100/100
|-ability|p1b: AEROY|Unnerve
|-ability|p2b: Incineroar|Intimidate|boost
|-unboost|p1a: Kingambit|atk|1
|-ability|p1a: Kingambit|Defiant|boost
|-boost|p1a: Kingambit|atk|2
|-unboost|p1b: AEROY|atk|1
|turn|1
|inactive|Yinobo has 30 seconds left.
|inactive|Yinobo has 20 seconds left.
|inactive|laut1 has 30 seconds left.
|inactive|Yinobo has 15 seconds left.
|
|t:|1784075848
|detailschange|p1b: AEROY|Aerodactyl-Mega, L50, M
|-mega|p1b: AEROY|Aerodactyl|Aerodactylite
|move|p2b: Incineroar|Fake Out|p1a: Kingambit
|-resisted|p1a: Kingambit|1
|-damage|p1a: Kingambit|96/100
|move|p1b: AEROY|Rock Slide|p2b: Incineroar|[spread] p2a,p2b
|-supereffective|p2b: Incineroar|1
|-damage|p2a: Sylveon|81/100
|-damage|p2b: Incineroar|72/100
|cant|p1a: Kingambit|flinch
|move|p2a: Sylveon|Yawn|p1a: Kingambit
|-start|p1a: Kingambit|move: Yawn|[of] p2a: Sylveon
|
|upkeep
|turn|2
|inactive|Yinobo has 30 seconds left.
|inactive|Yinobo has 20 seconds left.
|inactive|Yinobo has 15 seconds left.
|inactive|Yinobo has 10 seconds left.
|
|t:|1784075903
|move|p1b: AEROY|Rock Slide|p2b: Incineroar|[spread] p2a,p2b
|-supereffective|p2b: Incineroar|1
|-damage|p2a: Sylveon|60/100
|-damage|p2b: Incineroar|45/100
|-enditem|p2b: Incineroar|Sitrus Berry|[eat]
|-heal|p2b: Incineroar|70/100|[from] item: Sitrus Berry
|move|p1a: Kingambit|Low Kick|p2b: Incineroar
|-supereffective|p2b: Incineroar|1
|-damage|p2b: Incineroar|0 fnt
|faint|p2b: Incineroar
|cant|p2a: Sylveon|flinch
|
|-end|p1a: Kingambit|move: Yawn|[silent]
|-status|p1a: Kingambit|slp
|upkeep
|
|t:|1784075918
|switch|p2b: Kingambit|Kingambit, L50, F, shiny|100/100
|turn|3
|inactive|Yinobo has 30 seconds left.
|
|t:|1784075945
|move|p1b: AEROY|Tailwind|p1b: AEROY
|-sidestart|p1: Yinobo|move: Tailwind
|cant|p1a: Kingambit|slp
|move|p2a: Sylveon|Yawn|p1b: AEROY
|-start|p1b: AEROY|move: Yawn|[of] p2a: Sylveon
|move|p2b: Kingambit|Low Kick|p1a: Kingambit
|-supereffective|p1a: Kingambit|2
|-damage|p1a: Kingambit|0 fnt
|faint|p1a: Kingambit
|
|upkeep
|
|t:|1784075955
|switch|p1a: Sylveon|Sylveon, L50, M, shiny|100/100
|turn|4
|inactive|Yinobo has 30 seconds left.
|inactive|laut1 has 30 seconds left.
|
|t:|1784075998
|move|p2a: Sylveon|Detect|p2a: Sylveon
|-singleturn|p2a: Sylveon|Protect
|move|p1b: AEROY|Rock Slide|p2b: Kingambit|[spread] p2b
|-activate|p2a: Sylveon|move: Protect
|-resisted|p2b: Kingambit|1
|-damage|p2b: Kingambit|93/100
|move|p1a: Sylveon|Hyper Voice|p2b: Kingambit|[spread] p2b
|-activate|p2a: Sylveon|move: Protect
|-damage|p2b: Kingambit|49/100
|move|p2b: Kingambit|Kowtow Cleave|p1a: Sylveon
|-resisted|p1a: Sylveon|1
|-damage|p1a: Sylveon|75/100
|
|-end|p1b: AEROY|move: Yawn|[silent]
|-status|p1b: AEROY|slp
|upkeep
|turn|5
|
|t:|1784076018
|cant|p1b: AEROY|slp
|move|p1a: Sylveon|Hyper Voice|p2b: Kingambit|[spread] p2a,p2b
|-damage|p2a: Sylveon|24/100
|-damage|p2b: Kingambit|9/100
|move|p2a: Sylveon|Hyper Beam|p1a: Sylveon
|-crit|p1a: Sylveon
|-damage|p1a: Sylveon|0 fnt
|-mustrecharge|p2a: Sylveon
|faint|p1a: Sylveon
|move|p2b: Kingambit|Kowtow Cleave|p1b: AEROY
|-damage|p1b: AEROY|57/100 slp
|
|upkeep
|
|t:|1784076029
|switch|p1a: Garchomp|Garchomp, L50, M, shiny|100/100
|turn|6
|inactive|laut1 has 30 seconds left.
|inactive|laut1 has 20 seconds left.
|inactive|laut1 has 15 seconds left.
|inactive|laut1 has 10 seconds left.
|inactive|laut1 has 5 seconds left.
|
|t:|1784076079
|move|p2b: Kingambit|Sucker Punch|p1b: AEROY
|-damage|p1b: AEROY|22/100 slp
|-curestatus|p1b: AEROY|slp|[msg]
|move|p1b: AEROY|Rock Slide|p2a: Sylveon|[spread] p2a,p2b
|-resisted|p2b: Kingambit|1
|-damage|p2a: Sylveon|2/100
|-damage|p2b: Kingambit|3/100
|move|p1a: Garchomp|Earthquake|p2a: Sylveon|[spread] p2a,p2b
|-immune|p1b: AEROY
|-supereffective|p2b: Kingambit|1
|-damage|p2a: Sylveon|0 fnt
|-damage|p2b: Kingambit|0 fnt
|faint|p2a: Sylveon
|faint|p2b: Kingambit
|-damage|p1a: Garchomp|90/100|[from] item: Life Orb
|
|-sideend|p1: Yinobo|move: Tailwind
|upkeep
|
|t:|1784076091
|switch|p2b: Garchomp|Garchomp, L50, M|100/100
|turn|7
|
|t:|1784076109
|move|p1b: AEROY|Tailwind|p1b: AEROY
|-sidestart|p1: Yinobo|move: Tailwind
|move|p1a: Garchomp|Dragon Claw|p2b: Garchomp
|-supereffective|p2b: Garchomp|1
|-damage|p2b: Garchomp|0 fnt
|-damage|p1a: Garchomp|78/100|[from] ability: Rough Skin|[of] p2b: Garchomp
|faint|p2b: Garchomp
|-damage|p1a: Garchomp|68/100|[from] item: Life Orb
|
|win|Yinobo
|raw|Yinobo's rating: 1154 → 1183(+29 for winning)
|raw|laut1's rating: 1207 → 1178(-29 for losing)
|c|☆Yinobo|ggs
|l|☆laut1
|player|p2|
