|j|☆TheRealDabba
|j|☆Aneddino
|html|TheRealDabbaAneddino    
|uhtml|bestof|Game 1 of a best-of-3
|t:|1785344923
|gametype|doubles
|player|p1|TheRealDabba|2|1000
|player|p2|Aneddino|rosa|1077
|gen|9
|tier|[Gen 9 Champions] VGC 2026 Reg M-B (Bo3)
|rated|
|rule|Species Clause: Limit one of each Pokémon
|rule|Item Clause: Limit 1 of each item
|clearpoke
|poke|p1|Staraptor, L50, M|
|poke|p1|Milotic, L50, F|
|poke|p1|Tyranitar, L50, M|
|poke|p1|Gholdengo, L50|
|poke|p1|Excadrill, L50, M|
|poke|p1|Sinistcha, L50|
|poke|p2|Kingambit, L50, F|
|poke|p2|Staraptor, L50, F|
|poke|p2|Delphox, L50, F|
|poke|p2|Whimsicott, L50, F|
|poke|p2|Garchomp, L50, M|
|poke|p2|Ceruledge, L50, F|
|teampreview|4
|showteam|p1|Staraptor||Staraptite|Intimidate|BraveBird,CloseCombat,Tailwind,Protect|Jolly||M|||50|]Milotic||SitrusBerry|Competitive|Scald,IceBeam,IcyWind,Recover|Modest||F|||50|]Tyranitar||Tyranitarite|SandStream|RockSlide,KnockOff,LowKick,Protect|Adamant||M|||50|]Gholdengo||LifeOrb|GoodasGold|ShadowBall,MakeItRain,Thunderbolt,Protect|Modest|||||50|]Excadrill||FocusSash|SandRush|HighHorsepower,IronHead,RockSlide,Protect|Jolly||M|||50|]Sinistcha||ColburBerry|Hospitality|MatchaGotcha,RagePowder,TrickRoom,ShadowBall|Bold|||||50|
|showteam|p2|Kingambit||BlackGlasses|Defiant|SuckerPunch,IronHead,LowKick,KowtowCleave|Adamant||F|||50|]Staraptor||Staraptite|Intimidate|CloseCombat,BraveBird,Roost,Protect|Jolly||F|||50|]Delphox||Delphoxite|Blaze|HeatWave,Psychic,SolarBeam,Protect|Timid||F|||50|]Whimsicott||FocusSash|Prankster|Moonblast,Charm,Tailwind,Encore|Timid||F|||50|]Garchomp||LifeOrb|SandVeil|DragonClaw,Earthquake,RockSlide,BrickBreak|Jolly||M|||50|]Ceruledge||ColburBerry|FlashFire|ShadowSneak,Poltergeist,BitterBlade,Protect|Jolly||F|||50|
|inactive|Battle timer is ON: inactive players will automatically lose when time's up. (requested by TheRealDabba)
|inactive|TheRealDabba has 60 seconds left.
|inactive|TheRealDabba has 30 seconds left.
|inactive|TheRealDabba has 20 seconds left.
|inactive|TheRealDabba has 15 seconds left.
|inactive|TheRealDabba has 10 seconds left.
|
|t:|1785345035
|teamsize|p1|4
|teamsize|p2|4
|start
|switch|p1a: Staraptor|Staraptor, L50, M|100/100
|switch|p1b: Milotic|Milotic, L50, F|100/100
|switch|p2a: Kingambit|Kingambit, L50, F|100/100
|switch|p2b: Garchomp|Garchomp, L50, M|100/100
|-ability|p1a: Staraptor|Intimidate|boost
|-unboost|p2a: Kingambit|atk|1
|-ability|p2a: Kingambit|Defiant|boost
|-boost|p2a: Kingambit|atk|2
|-unboost|p2b: Garchomp|atk|1
|turn|1
|inactive|TheRealDabba has 30 seconds left.
|inactive|TheRealDabba has 20 seconds left.
|inactive|TheRealDabba has 15 seconds left.
|
|t:|1785345079
|detailschange|p1a: Staraptor|Staraptor-Mega, L50, M
|-mega|p1a: Staraptor|Staraptor|Staraptite
|move|p2a: Kingambit|Sucker Punch|p1a: Staraptor
|-resisted|p1a: Staraptor|1
|-damage|p1a: Staraptor|66/100
|move|p1a: Staraptor|Close Combat|p2a: Kingambit
|-supereffective|p2a: Kingambit|2
|-damage|p2a: Kingambit|0 fnt
|-boost|p1a: Staraptor|def|1
|-boost|p1a: Staraptor|spd|1
|faint|p2a: Kingambit
|move|p2b: Garchomp|Rock Slide|p1b: Milotic|[spread] p1a,p1b
|-damage|p1a: Staraptor|55/100
|-damage|p1b: Milotic|84/100
|-damage|p2b: Garchomp|90/100|[from] item: Life Orb
|move|p1b: Milotic|Ice Beam|p2b: Garchomp
|-supereffective|p2b: Garchomp|2
|-damage|p2b: Garchomp|0 fnt
|faint|p2b: Garchomp
|
|upkeep
|
|t:|1785345096
|switch|p2b: Whimsicott|Whimsicott, L50, F|100/100
|switch|p2a: Staraptor|Staraptor, L50, F|100/100
|-ability|p2a: Staraptor|Intimidate|boost
|-boost|p1a: Staraptor|atk|1
|-unboost|p1b: Milotic|atk|1
|-ability|p1b: Milotic|Competitive|boost
|-boost|p1b: Milotic|spa|2
|turn|2
|inactive|TheRealDabba has 30 seconds left.
|inactive|TheRealDabba has 20 seconds left.
|
|t:|1785345134
|move|p2b: Whimsicott|Tailwind|p2b: Whimsicott
|-sidestart|p2: Aneddino|move: Tailwind
|move|p2a: Staraptor|Brave Bird|p1a: Staraptor
|-supereffective|p1a: Staraptor|1
|-damage|p1a: Staraptor|0 fnt
|faint|p1a: Staraptor
|-damage|p2a: Staraptor|82/100|[from] Recoil
|move|p1b: Milotic|Ice Beam|p2b: Whimsicott
|-supereffective|p2b: Whimsicott|1
|-enditem|p2b: Whimsicott|Focus Sash
|-damage|p2b: Whimsicott|1/100
|
|upkeep
|inactive|TheRealDabba has 30 seconds left.
|inactive|TheRealDabba has 20 seconds left.
|
|t:|1785345171
|switch|p1a: Gholdengo|Gholdengo, L50|100/100
|turn|3
|inactive|TheRealDabba has 30 seconds left.
|inactive|TheRealDabba has 20 seconds left.
|inactive|TheRealDabba has 15 seconds left.
|
|t:|1785345213
|detailschange|p2a: Staraptor|Staraptor-Mega, L50, F
|-mega|p2a: Staraptor|Staraptor|Staraptite
|move|p2b: Whimsicott|Charm|p2a: Staraptor
|-boost|p2a: Staraptor|atk|2
|move|p2a: Staraptor|Close Combat|p1b: Milotic
|-damage|p1b: Milotic|0 fnt
|-boost|p2a: Staraptor|def|1
|-boost|p2a: Staraptor|spd|1
|faint|p1b: Milotic
|move|p1a: Gholdengo|Thunderbolt|p2a: Staraptor
|-supereffective|p2a: Staraptor|1
|-damage|p2a: Staraptor|29/100
|-damage|p1a: Gholdengo|90/100|[from] item: Life Orb
|
|upkeep
|
|t:|1785345228
|switch|p1b: Excadrill|Excadrill, L50, M|100/100
|turn|4
|inactive|TheRealDabba has 30 seconds left.
|inactive|Aneddino has 30 seconds left.
|
|t:|1785345257
|move|p2a: Staraptor|Protect|p2a: Staraptor
|-singleturn|p2a: Staraptor|Protect
|move|p1b: Excadrill|Protect|p1b: Excadrill
|-singleturn|p1b: Excadrill|Protect
|move|p2b: Whimsicott|Moonblast|p1b: Excadrill
|-activate|p1b: Excadrill|move: Protect
|move|p1a: Gholdengo|Make It Rain|p2a: Staraptor|[spread] p2b
|-activate|p2a: Staraptor|move: Protect
|-supereffective|p2b: Whimsicott|1
|-damage|p2b: Whimsicott|0 fnt
|-unboost|p1a: Gholdengo|spa|2
|faint|p2b: Whimsicott
|-damage|p1a: Gholdengo|80/100|[from] item: Life Orb
|
|upkeep
|turn|5
|inactive|TheRealDabba has 30 seconds left.
|
|t:|1785345284
|move|p2a: Staraptor|Roost|p2a: Staraptor
|-heal|p2a: Staraptor|79/100
|-singleturn|p2a: Staraptor|move: Roost
|move|p1b: Excadrill|Iron Head|p2a: Staraptor
|-damage|p2a: Staraptor|54/100
|move|p1a: Gholdengo|Thunderbolt|p2a: Staraptor
|-crit|p2a: Staraptor
|-damage|p2a: Staraptor|2/100
|-damage|p1a: Gholdengo|71/100|[from] item: Life Orb
|
|-sideend|p2: Aneddino|move: Tailwind
|upkeep
|turn|6
|
|t:|1785345304
|move|p2a: Staraptor|Roost|p2a: Staraptor
|-heal|p2a: Staraptor|52/100
|-singleturn|p2a: Staraptor|move: Roost
|move|p1b: Excadrill|Iron Head|p2a: Staraptor
|-damage|p2a: Staraptor|27/100
|move|p1a: Gholdengo|Thunderbolt|p2a: Staraptor
|-damage|p2a: Staraptor|15/100
|-damage|p1a: Gholdengo|61/100|[from] item: Life Orb
|
|upkeep
|turn|7
|
|t:|1785345321
|move|p2a: Staraptor|Roost|p2a: Staraptor
|-heal|p2a: Staraptor|65/100
|-singleturn|p2a: Staraptor|move: Roost
|move|p1b: Excadrill|High Horsepower|p2a: Staraptor
|-damage|p2a: Staraptor|32/100
|move|p1a: Gholdengo|Thunderbolt|p2a: Staraptor
|-damage|p2a: Staraptor|20/100y
|-damage|p1a: Gholdengo|52/100|[from] item: Life Orb
|
|upkeep
|turn|8
|inactive|TheRealDabba has 30 seconds left.
|
|t:|1785345347
|move|p2a: Staraptor|Roost|p2a: Staraptor
|-heal|p2a: Staraptor|70/100
|-singleturn|p2a: Staraptor|move: Roost
|move|p1b: Excadrill|High Horsepower|p2a: Staraptor
|-damage|p2a: Staraptor|39/100
|move|p1a: Gholdengo|Thunderbolt|p2a: Staraptor
|-damage|p2a: Staraptor|27/100
|-damage|p1a: Gholdengo|42/100|[from] item: Life Orb
|
|upkeep
|turn|9
|inactive|TheRealDabba has 30 seconds left.
|inactive|TheRealDabba has 20 seconds left.
|
|t:|1785345382
|move|p2a: Staraptor|Roost|p2a: Staraptor
|-heal|p2a: Staraptor|77/100
|-singleturn|p2a: Staraptor|move: Roost
|move|p1b: Excadrill|High Horsepower|p2a: Staraptor
|-damage|p2a: Staraptor|44/100
|move|p1a: Gholdengo|Thunderbolt|p2a: Staraptor
|-damage|p2a: Staraptor|32/100
|-damage|p1a: Gholdengo|33/100|[from] item: Life Orb
|
|upkeep
|turn|10
|
|t:|1785345401
|move|p2a: Staraptor|Roost|p2a: Staraptor
|-heal|p2a: Staraptor|82/100
|-singleturn|p2a: Staraptor|move: Roost
|move|p1b: Excadrill|High Horsepower|p2a: Staraptor
|-damage|p2a: Staraptor|50/100y
|move|p1a: Gholdengo|Thunderbolt|p2a: Staraptor
|-damage|p2a: Staraptor|35/100
|-damage|p1a: Gholdengo|23/100|[from] item: Life Orb
|
|upkeep
|turn|11
|
|t:|1785345417
|move|p1a: Gholdengo|Protect|p1a: Gholdengo
|-singleturn|p1a: Gholdengo|Protect
|move|p2a: Staraptor|Roost|p2a: Staraptor
|-heal|p2a: Staraptor|85/100
|-singleturn|p2a: Staraptor|move: Roost
|move|p1b: Excadrill|High Horsepower|p2a: Staraptor
|-damage|p2a: Staraptor|55/100
|
|upkeep
|turn|12
|
|t:|1785345440
|move|p2a: Staraptor|Close Combat|p1b: Excadrill
|-supereffective|p1b: Excadrill|1
|-enditem|p1b: Excadrill|Focus Sash
|-damage|p1b: Excadrill|1/100
|-boost|p2a: Staraptor|def|1
|-boost|p2a: Staraptor|spd|1
|move|p1b: Excadrill|High Horsepower|p2a: Staraptor
|-immune|p2a: Staraptor
|move|p1a: Gholdengo|Thunderbolt|p2a: Staraptor
|-supereffective|p2a: Staraptor|1
|-damage|p2a: Staraptor|35/100
|-status|p2a: Staraptor|par
|-damage|p1a: Gholdengo|14/100|[from] item: Life Orb
|
|upkeep
|turn|13
|inactive|TheRealDabba has 30 seconds left.
|
|t:|1785345473
|move|p2a: Staraptor|Protect|p2a: Staraptor
|-singleturn|p2a: Staraptor|Protect
|move|p1b: Excadrill|Iron Head|p2a: Staraptor
|-activate|p2a: Staraptor|move: Protect
|move|p1a: Gholdengo|Thunderbolt|p2a: Staraptor
|-activate|p2a: Staraptor|move: Protect
|
|upkeep
|turn|14
|inactive|TheRealDabba has 30 seconds left.
|
|t:|1785345485
|move|p1b: Excadrill|Iron Head|p2a: Staraptor
|-damage|p2a: Staraptor|13/100 par
|move|p1a: Gholdengo|Thunderbolt|p2a: Staraptor
|-supereffective|p2a: Staraptor|1
|-damage|p2a: Staraptor|0 fnt
|faint|p2a: Staraptor
|-damage|p1a: Gholdengo|4/100|[from] item: Life Orb
|
|win|TheRealDabba
||Aneddino is ready for game 2.
|inactive|TheRealDabba has 30 seconds to confirm battle start!
||TheRealDabba is ready for game 2.
|uhtml|next|Next: Game 2 of 3
|l|☆Aneddino
|player|p2|
