|j|☆Moose32
|j|☆ropplebees
|html|Moose32ropplebees    
|uhtml|bestof|Game 1 of a best-of-3
|t:|1784513817
|gametype|doubles
|player|p1|Moose32|tateandliza-gen6|
|player|p2|ropplebees|n|
|gen|9
|tier|[Gen 9 Champions] VGC 2026 Reg M-B (Bo3)
|rule|Species Clause: Limit one of each Pokémon
|rule|Item Clause: Limit 1 of each item
|clearpoke
|poke|p1|Pelipper, L50, M|
|poke|p1|Oranguru, L50, M|
|poke|p1|Beartic, L50, M|
|poke|p1|Quaquaval, L50, M|
|poke|p1|Incineroar, L50, M|
|poke|p1|Archaludon, L50, M|
|poke|p2|Runerigus, L50, F, shiny|
|poke|p2|Blastoise, L50, F, shiny|
|poke|p2|Scizor, L50, F, shiny|
|poke|p2|Rotom-Wash, L50, shiny|
|poke|p2|Glimmora, L50, F, shiny|
|poke|p2|Aerodactyl, L50, F, shiny|
|teampreview|4
|showteam|p1|Pelipper||FocusSash|Drizzle|WeatherBall,Hurricane,Tailwind,WideGuard|Modest||M|||50|]Oranguru||MentalHerb|InnerFocus|Psychic,Encore,RainDance,TrickRoom|Calm||M|||50|]Beartic||LifeOrb|SwiftSwim|AquaJet,IcePunch,RockSlide,Protect|Adamant||M|||50|]Quaquaval||RindoBerry|Moxie|AquaStep,CloseCombat,SwordsDance,Protect|Jolly||M|||50|]Incineroar||SitrusBerry|Intimidate|FakeOut,FlareBlitz,DarkestLariat,PartingShot|Adamant||M|||50|]Archaludon||ShucaBerry|Stamina|ElectroShot,DracoMeteor,SolarBeam,Protect|Timid||M|||50|
|showteam|p2|Runerigus||Leftovers|WanderingSpirit|DestinyBond,TrickRoom,AllySwitch,Poltergeist|Sassy||F|||50|]Blastoise||Blastoisinite|RainDish|AuraSphere,FakeOut,WaterSpout,DarkPulse|Quiet||F|||50|]Scizor||ExpertBelt|Technician|BulletPunch,CloseCombat,KnockOff,QuickGuard|Adamant||F|||50|]Rotom-Wash||SitrusBerry|Levitate|LightScreen,Thunderbolt,WillOWisp,HydroPump|Timid|||||50|]Glimmora||Glimmoranite|ToxicDebris|EarthPower,PowerGem,SpikyShield,SludgeBomb|Timid||F|||50|]Aerodactyl||FocusSash|Unnerve|DualWingbeat,Tailwind,Protect,RockSlide|Jolly||F|||50|
|c|☆Moose32|weird
|c|☆ropplebees|yeah never seen that
|c|☆Moose32|ok this is game 2 for any spectators
|j| QuickClawExplosion
|j| MikuFan1287
|
|t:|1784514039
|teamsize|p1|4
|teamsize|p2|4
|start
|switch|p1a: KING BOB-OMB|Pelipper, L50, M|100/100
|switch|p1b: GOOMBOSS|Quaquaval, L50, M|100/100
|switch|p2a: Gulp|Scizor, L50, F, shiny|100/100
|switch|p2b: Guzzle|Blastoise, L50, F, shiny|100/100
|-weather|RainDance|[from] ability: Drizzle|[of] p1a: KING BOB-OMB
|turn|1
|
|t:|1784514248
|switch|p2a: Drink|Rotom-Wash, L50, shiny|100/100
|detailschange|p2b: Guzzle|Blastoise-Mega, L50, F, shiny
|-mega|p2b: Guzzle|Blastoise|Blastoisinite
|move|p2b: Guzzle|Fake Out|p1a: KING BOB-OMB
|-damage|p1a: KING BOB-OMB|88/100
|move|p1b: GOOMBOSS|Close Combat|p2b: Guzzle
|-damage|p2b: Guzzle|55/100
|-unboost|p1b: GOOMBOSS|def|1
|-unboost|p1b: GOOMBOSS|spd|1
|cant|p1a: KING BOB-OMB|flinch
|
|-weather|RainDance|[upkeep]
|upkeep
|turn|2
|
|t:|1784514367
|switch|p1a: EYEROK|Archaludon, L50, M|100/100
|move|p1b: GOOMBOSS|Protect|p1b: GOOMBOSS
|-singleturn|p1b: GOOMBOSS|Protect
|move|p2a: Drink|Thunderbolt|p1a: EYEROK
|-resisted|p1a: EYEROK|1
|-damage|p1a: EYEROK|69/100
|-ability|p1a: EYEROK|Stamina|boost
|-boost|p1a: EYEROK|def|1
|move|p2b: Guzzle|Aura Sphere|p1a: EYEROK
|-supereffective|p1a: EYEROK|1
|-damage|p1a: EYEROK|0 fnt
|faint|p1a: EYEROK
|
|-weather|RainDance|[upkeep]
|upkeep
|
|t:|1784514392
|switch|p1a: BIG BULLY|Incineroar, L50, M|100/100
|-ability|p1a: BIG BULLY|Intimidate|boost
|-unboost|p2a: Drink|atk|1
|-unboost|p2b: Guzzle|atk|1
|turn|3
|
|t:|1784514457
|switch|p2b: Gulp|Scizor, L50, F, shiny|100/100
|move|p1a: BIG BULLY|Fake Out|p2a: Drink
|-crit|p2a: Drink
|-damage|p2a: Drink|76/100
|cant|p2a: Drink|flinch
|move|p1b: GOOMBOSS|Aqua Step|p2a: Drink
|-resisted|p2a: Drink|1
|-damage|p2a: Drink|35/100
|-boost|p1b: GOOMBOSS|spe|1
|-enditem|p2a: Drink|Sitrus Berry|[eat]
|-heal|p2a: Drink|59/100|[from] item: Sitrus Berry
|
|-weather|RainDance|[upkeep]
|upkeep
|turn|4
|j| toxiccroc12
|l| toxiccroc12
|
|t:|1784514750
|switch|p2a: Swallow|Aerodactyl, L50, F, shiny|100/100
|-ability|p2a: Swallow|Unnerve
|move|p1b: GOOMBOSS|Close Combat|p2a: Swallow
|-damage|p2a: Swallow|5/100
|-unboost|p1b: GOOMBOSS|def|1
|-unboost|p1b: GOOMBOSS|spd|1
|move|p1a: BIG BULLY|Flare Blitz|p2b: Gulp
|-supereffective|p2b: Gulp|2
|-damage|p2b: Gulp|0 fnt
|faint|p2b: Gulp
|-damage|p1a: BIG BULLY|70/100|[from] Recoil
|
|-weather|RainDance|[upkeep]
|upkeep
|
|t:|1784514769
|switch|p2b: Guzzle|Blastoise-Mega, L50, F, shiny|55/100
|turn|5
|
|t:|1784515196
|switch|p1a: KING BOB-OMB|Pelipper, L50, M|88/100
|move|p2b: Guzzle|Fake Out|p1b: GOOMBOSS
|-damage|p1b: GOOMBOSS|74/100
|cant|p1b: GOOMBOSS|flinch
|move|p2a: Swallow|Tailwind|p2a: Swallow
|-sidestart|p2: ropplebees|move: Tailwind
|
|-weather|none
|upkeep
|turn|6
|
|t:|1784515360
|switch|p1b: BIG BULLY|Incineroar, L50, M|70/100
|-ability|p1b: BIG BULLY|Intimidate|boost
|-unboost|p2a: Swallow|atk|1
|-unboost|p2b: Guzzle|atk|1
|move|p2a: Swallow|Dual Wingbeat|p1b: BIG BULLY
|-damage|p1b: BIG BULLY|57/100
|-damage|p1b: BIG BULLY|46/100
|-hitcount|p1b: BIG BULLY|2
|move|p2b: Guzzle|Dark Pulse|p1a: KING BOB-OMB
|-damage|p1a: KING BOB-OMB|9/100
|move|p1a: KING BOB-OMB|Tailwind|p1a: KING BOB-OMB
|-sidestart|p1: Moose32|move: Tailwind
|
|upkeep
|turn|7
|
|t:|1784515444
|switch|p1a: GOOMBOSS|Quaquaval, L50, M|74/100
|move|p1b: BIG BULLY|Fake Out|p2b: Guzzle
|-damage|p2b: Guzzle|45/100
|move|p2a: Swallow|Dual Wingbeat|p1b: BIG BULLY
|-damage|p1b: BIG BULLY|35/100
|-damage|p1b: BIG BULLY|24/100
|-hitcount|p1b: BIG BULLY|2
|cant|p2b: Guzzle|flinch
|
|upkeep
|turn|8
|
|t:|1784515547
|move|p1a: GOOMBOSS|Protect|p1a: GOOMBOSS
|-singleturn|p1a: GOOMBOSS|Protect
|move|p2a: Swallow|Rock Slide|p1a: GOOMBOSS|[spread] 
|-activate|p1a: GOOMBOSS|move: Protect
|-miss|p2a: Swallow|p1b: BIG BULLY
|move|p1b: BIG BULLY|Darkest Lariat|p2b: Guzzle
|-damage|p2b: Guzzle|11/100
|move|p2b: Guzzle|Aura Sphere|p1a: GOOMBOSS
|-activate|p1a: GOOMBOSS|move: Protect
|
|-sideend|p2: ropplebees|move: Tailwind
|upkeep
|turn|9
|c| MikuFan1287|welp
|c|☆ropplebees|god is pointing and laughing
|
|t:|1784515652
|switch|p2b: Drink|Rotom-Wash, L50, shiny|59/100
|move|p2a: Swallow|Protect|p2a: Swallow
|-singleturn|p2a: Swallow|Protect
|move|p1a: GOOMBOSS|Aqua Step|p2b: Drink
|-resisted|p2b: Drink|1
|-crit|p2b: Drink
|-damage|p2b: Drink|18/100
|-boost|p1a: GOOMBOSS|spe|1
|move|p1b: BIG BULLY|Darkest Lariat|p2a: Swallow
|-activate|p2a: Swallow|move: Protect
|
|-sideend|p1: Moose32|move: Tailwind
|upkeep
|turn|10
|
|t:|1784515889
|move|p1a: GOOMBOSS|Close Combat|p2b: Drink
|-crit|p2b: Drink
|-damage|p2b: Drink|0 fnt
|-unboost|p1a: GOOMBOSS|def|1
|-unboost|p1a: GOOMBOSS|spd|1
|faint|p2b: Drink
|-ability|p1a: GOOMBOSS|Moxie|boost
|-boost|p1a: GOOMBOSS|atk|1
|move|p2a: Swallow|Rock Slide|p1a: GOOMBOSS|[spread] p1a,p1b
|-resisted|p1a: GOOMBOSS|1
|-supereffective|p1b: BIG BULLY|1
|-damage|p1a: GOOMBOSS|58/100
|-damage|p1b: BIG BULLY|0 fnt
|faint|p1b: BIG BULLY
|
|upkeep
|
|t:|1784515909
|switch|p2b: Guzzle|Blastoise-Mega, L50, F, shiny|11/100
|switch|p1b: KING BOB-OMB|Pelipper, L50, M|9/100
|-weather|RainDance|[from] ability: Drizzle|[of] p1b: KING BOB-OMB
|turn|11
|n|☆Moose32|moose32
|n|☆ropplebees|ropplebees
|n| QuickClawExplosion|quickclawexplosion
|n| MikuFan1287|mikufan1287
|
|t:|1784516385
|move|p1b: KING BOB-OMB|Wide Guard|p1b: KING BOB-OMB
|-singleturn|p1b: KING BOB-OMB|Wide Guard
|move|p2b: Guzzle|Fake Out|p1a: GOOMBOSS
|-damage|p1a: GOOMBOSS|38/100
|cant|p1a: GOOMBOSS|flinch
|move|p2a: Swallow|Dual Wingbeat|p1b: KING BOB-OMB
|-damage|p1b: KING BOB-OMB|0 fnt
|faint|p1b: KING BOB-OMB
|-hitcount|p1: KING BOB-OMB|1
|
|-weather|RainDance|[upkeep]
|upkeep
|turn|12
|
|t:|1784516411
|move|p1a: GOOMBOSS|Aqua Step|p2b: Guzzle
|-resisted|p2b: Guzzle|1
|-damage|p2b: Guzzle|0 fnt
|-boost|p1a: GOOMBOSS|spe|1
|faint|p2b: Guzzle
|-ability|p1a: GOOMBOSS|Moxie|boost
|-boost|p1a: GOOMBOSS|atk|1
|move|p2a: Swallow|Dual Wingbeat|p1a: GOOMBOSS
|-supereffective|p1a: GOOMBOSS|1
|-damage|p1a: GOOMBOSS|0 fnt
|faint|p1a: GOOMBOSS
|-hitcount|p1: GOOMBOSS|1
|
|win|ropplebees
|c|☆Moose32|gg
|c|☆ropplebees|pop up gone again wtf
|c|☆ropplebees|gg
|l| MikuFan1287
|c|☆Moose32|ill send another
|c|☆ropplebees|thx
|j| MikuFan1287
