|j|☆caevz027
|j|☆ZephyrBreezy
|html|caevz027ZephyrBreezy    
|uhtml|bestof|Game 2 of a best-of-3
|t:|1756934503
|gametype|doubles
|player|p1|caevz027|101|1151
|player|p2|ZephyrBreezy|1|1107
|gen|9
|tier|[Gen 9] VGC 2025 Reg H (Bo3)
|rated|
|rule|Species Clause: Limit one of each Pokémon
|rule|Item Clause: Limit 1 of each item
|clearpoke
|poke|p1|Ninetales-Alola, L50, F|
|poke|p1|Annihilape, L50, M|
|poke|p1|Sinistcha-Masterpiece, L50|
|poke|p1|Klefki, L50, F|
|poke|p1|Ursaluna-Bloodmoon, L50, M|
|poke|p1|Maushold-Four, L50|
|poke|p2|Lilligant-Hisui, L50, F|
|poke|p2|Torkoal, L50, F|
|poke|p2|Delphox, L50, F|
|poke|p2|Ursaluna-Bloodmoon, L50, M|
|poke|p2|Indeedee-F, L50, F|
|poke|p2|Annihilape, L50, M|
|teampreview|4
|showteam|p1|Ninetales-Alola||FocusSash|SnowWarning|IcyWind,Encore,Protect,FreezeDry|||F|||50|,,,,,Ghost]Annihilape||Leftovers|Defiant|Protect,DrainPunch,RageFist,BulkUp|||M|||50|,,,,,Fire]Sinistcha-Masterpiece||SitrusBerry|Hospitality|MatchaGotcha,RagePowder,LifeDew,TrickRoom||||||50|,,,,,Water]Klefki||LightClay|Prankster|DazzlingGleam,Reflect,LightScreen,MistyTerrain|||F|||50|,,,,,Ghost]Ursaluna-Bloodmoon||AssaultVest|MindsEye|HyperVoice,BloodMoon,EarthPower,VacuumWave|||M|||50|,,,,,Normal]Maushold-Four||WideLens|Technician|PopulationBomb,FollowMe,Protect,BeatUp||||||50|,,,,,Ghost
|showteam|p2|Lilligant-Hisui||FocusSash|Chlorophyll|AfterYou,SleepPowder,Protect,Coaching|||F|||50|,,,,,Ghost]Torkoal||EjectPack|Drought|Eruption,Overheat,EarthPower,Protect|||F|||50|,,,,,Fire]Delphox||LifeOrb|Blaze|ExpandingForce,HeatWave,Protect,TeraBlast|||F|||50|,,,,,Fighting]Ursaluna-Bloodmoon||AssaultVest|MindsEye|HyperVoice,BloodMoon,EarthPower,VacuumWave|||M|||50|,,,,,Water]Indeedee-F||SafetyGoggles|PsychicSurge|FollowMe,HelpingHand,TrickRoom,Psychic|||F|||50|,,,,,Water]Annihilape||ChoiceScarf|Defiant|FinalGambit,CloseCombat,ShadowClaw,Uturn|||M|||50|,,,,,Fighting
|inactive|Battle timer is ON: inactive players will automatically lose when time's up. (requested by ZephyrBreezy)
|
|t:|1756934522
|teamsize|p1|4
|teamsize|p2|4
|start
|switch|p1a: Annihilape|Annihilape, L50, M, shiny|100/100
|switch|p1b: Maushold|Maushold-Four, L50|100/100
|switch|p2a: Lilligant|Lilligant-Hisui, L50, F|100/100
|switch|p2b: Torkoal|Torkoal, L50, F|100/100
|-weather|SunnyDay|[from] ability: Drought|[of] p2b: Torkoal
|turn|1
|inactive|ZephyrBreezy has 30 seconds left.
|
|t:|1756934547
|switch|p1a: Ninetales|Ninetales-Alola, L50, F|100/100
|-weather|Snowscape|[from] ability: Snow Warning|[of] p1a: Ninetales
|move|p2b: Torkoal|Protect|p2b: Torkoal
|-singleturn|p2b: Torkoal|Protect
|move|p1b: Maushold|Population Bomb|p2a: Lilligant
|-damage|p2a: Lilligant|88/100
|-damage|p2a: Lilligant|76/100
|-damage|p2a: Lilligant|64/100
|-damage|p2a: Lilligant|52/100
|-damage|p2a: Lilligant|39/100
|-damage|p2a: Lilligant|25/100
|-damage|p2a: Lilligant|13/100
|-damage|p2a: Lilligant|0 fnt
|faint|p2a: Lilligant
|-hitcount|p2: Lilligant|8
|
|-weather|Snowscape|[upkeep]
|upkeep
|
|t:|1756934558
|switch|p2a: Indeedee|Indeedee-F, L50, F|100/100
|-fieldstart|move: Psychic Terrain|[from] ability: Psychic Surge|[of] p2a: Indeedee
|turn|2
|
|t:|1756934581
|move|p2a: Indeedee|Follow Me|p2a: Indeedee
|-singleturn|p2a: Indeedee|move: Follow Me
|move|p1b: Maushold|Population Bomb|p2a: Indeedee
|-damage|p2a: Indeedee|89/100
|-crit|p2a: Indeedee
|-damage|p2a: Indeedee|70/100
|-damage|p2a: Indeedee|59/100
|-damage|p2a: Indeedee|47/100
|-damage|p2a: Indeedee|36/100
|-damage|p2a: Indeedee|26/100
|-damage|p2a: Indeedee|15/100
|-damage|p2a: Indeedee|4/100
|-damage|p2a: Indeedee|0 fnt
|faint|p2a: Indeedee
|-hitcount|p2: Indeedee|9
|move|p1a: Ninetales|Encore|p2b: Torkoal
|-start|p2b: Torkoal|Encore
|move|p2b: Torkoal|Protect||[still]
|-fail|p2b: Torkoal
|
|-weather|Snowscape|[upkeep]
|upkeep
|
|t:|1756934590
|switch|p2a: Delphox|Delphox, L50, F|100/100
|turn|3
|
|t:|1756934612
|move|p2b: Torkoal|Protect|p2b: Torkoal
|-singleturn|p2b: Torkoal|Protect
|move|p1b: Maushold|Population Bomb|p2a: Delphox
|-damage|p2a: Delphox|84/100
|-damage|p2a: Delphox|67/100
|-damage|p2a: Delphox|51/100
|-hitcount|p2a: Delphox|3
|move|p1a: Ninetales|Freeze-Dry|p2a: Delphox
|-resisted|p2a: Delphox
|-damage|p2a: Delphox|35/100
|move|p2a: Delphox|Heat Wave|p1a: Ninetales|[spread] p1a,p1b
|-supereffective|p1a: Ninetales
|-damage|p1a: Ninetales|1/100
|-damage|p1b: Maushold|37/100
|-damage|p2a: Delphox|25/100|[from] item: Life Orb
|
|-weather|Snowscape|[upkeep]
|upkeep
|turn|4
|
|t:|1756934629
|move|p2b: Torkoal|Protect|p2b: Torkoal
|-singleturn|p2b: Torkoal|Protect
|move|p1b: Maushold|Population Bomb|p2b: Torkoal
|-activate|p2b: Torkoal|move: Protect
|move|p1a: Ninetales|Freeze-Dry|p2a: Delphox
|-resisted|p2a: Delphox
|-damage|p2a: Delphox|9/100
|move|p2a: Delphox|Expanding Force|p1a: Ninetales|[spread] p1a,p1b
|-damage|p1a: Ninetales|0 fnt
|-damage|p1b: Maushold|0 fnt
|faint|p1a: Ninetales
|faint|p1b: Maushold
|-damage|p2a: Delphox|0 fnt|[from] item: Life Orb
|faint|p2a: Delphox
|
|-weather|Snowscape|[upkeep]
|-end|p2b: Torkoal|Encore
|upkeep
|
|t:|1756934645
|switch|p1b: Sinistcha|Sinistcha-Masterpiece, L50|100/100
|switch|p1a: Annihilape|Annihilape, L50, M, shiny|100/100
|turn|5
|
|t:|1756934663
|-terastallize|p1b: Sinistcha|Water
|-terastallize|p2b: Torkoal|Fire
|move|p1a: Annihilape|Drain Punch|p2b: Torkoal
|-damage|p2b: Torkoal|77/100
|move|p1b: Sinistcha|Life Dew||[still]|[still]|[spread] 
|-fail|p1a: Annihilape|heal
|-fail|p1b: Sinistcha|heal
|move|p2b: Torkoal|Eruption|p1b: Sinistcha|[spread] p1a,p1b
|-resisted|p1b: Sinistcha
|-damage|p1a: Annihilape|57/100
|-damage|p1b: Sinistcha|75/100
|
|-weather|none
|-heal|p1a: Annihilape|63/100|[from] item: Leftovers
|upkeep
|turn|6
|
|t:|1756934678
|move|p1a: Annihilape|Rage Fist|p2b: Torkoal
|-damage|p2b: Torkoal|46/100
|move|p1b: Sinistcha|Life Dew|p1b: Sinistcha|[spread] p1a,p1b
|-heal|p1a: Annihilape|88/100
|-heal|p1b: Sinistcha|100/100
|move|p2b: Torkoal|Overheat|p1a: Annihilape
|-crit|p1a: Annihilape
|-damage|p1a: Annihilape|0 fnt
|-unboost|p2b: Torkoal|spa|2
|faint|p1a: Annihilape
|
|-fieldend|move: Psychic Terrain
|upkeep
|turn|7
|
|t:|1756934693
|move|p1b: Sinistcha|Matcha Gotcha|p2b: Torkoal|[miss]
|-miss|p1b: Sinistcha|p2b: Torkoal
|move|p2b: Torkoal|Earth Power|p1b: Sinistcha
|-crit|p1b: Sinistcha
|-damage|p1b: Sinistcha|55/100
|-unboost|p1b: Sinistcha|spd|1
|
|upkeep
|turn|8
|
|t:|1756934702
|move|p1b: Sinistcha|Matcha Gotcha|p2b: Torkoal
|-resisted|p2b: Torkoal
|-damage|p2b: Torkoal|20/100
|-heal|p1b: Sinistcha|68/100|[from] drain|[of] p2b: Torkoal
|move|p2b: Torkoal|Earth Power|p1b: Sinistcha
|-damage|p1b: Sinistcha|48/100
|-enditem|p1b: Sinistcha|Sitrus Berry|[eat]
|-heal|p1b: Sinistcha|72/100|[from] item: Sitrus Berry
|
|upkeep
|turn|9
|
|t:|1756934712
|move|p1b: Sinistcha|Matcha Gotcha|p2b: Torkoal
|-resisted|p2b: Torkoal
|-damage|p2b: Torkoal|0 fnt
|-heal|p1b: Sinistcha|83/100|[from] drain|[of] p2b: Torkoal
|faint|p2b: Torkoal
|
|win|caevz027
