|j|☆triskili
|j|☆amatothetomato
|html|triskiliamatothetomato    
|uhtml|bestof|Game 3 of a best-of-3
|t:|1786155277
|gametype|doubles
|player|p1|triskili|flannery|
|player|p2|amatothetomato|maid|
|gen|9
|tier|[Gen 9 Champions] VGC 2026 Reg M-B (Bo3)
|rule|Species Clause: Limit one of each Pokémon
|rule|Item Clause: Limit 1 of each item
|clearpoke
|poke|p1|Delphox, L50, M|
|poke|p1|Floette-Eternal, L50, F|
|poke|p1|Sneasler, L50, M|
|poke|p1|Incineroar, L50, M|
|poke|p1|Sinistcha, L50|
|poke|p1|Kingambit, L50, F|
|poke|p2|Pelipper, L50, F|
|poke|p2|Swampert, L50, M, shiny|
|poke|p2|Rotom-Wash, L50|
|poke|p2|Castform, L50, F|
|poke|p2|Basculegion, L50, M, shiny|
|poke|p2|Raichu, L50, F|
|teampreview|4
|showteam|p1|Delphox||Delphoxite|Blaze|HeatWave,Psyshock,NastyPlot,Protect|Timid||M|||50|]Floette-Eternal||Floettite|FlowerVeil|Moonblast,DazzlingGleam,CalmMind,Protect|Modest||F|||50|]Sneasler||FocusSash|PoisonTouch|DireClaw,CloseCombat,FakeOut,QuickGuard|Jolly||M|||50|]Incineroar||SitrusBerry|Intimidate|DarkestLariat,FlareBlitz,FakeOut,PartingShot|Impish||M|||50|]Sinistcha||ColburBerry|Hospitality|MatchaGotcha,RagePowder,TrickRoom,Protect|Relaxed|||||50|]Kingambit||BlackGlasses|Defiant|KowtowCleave,SuckerPunch,SwordsDance,Protect|Adamant||F|||50|
|showteam|p2|Pelipper||DampRock|Drizzle|Tailwind,Soak,Uturn,Hurricane|Modest||F|||50|]Swampert||Swampertite|Torrent|StompingTantrum,IcePunch,WaveCrash,FlipTurn|Adamant||M|||50|]Rotom-Wash|||Levitate|HydroPump,Thunderbolt,WillOWisp,VoltSwitch|Timid|||||50|]Castform||QuickClaw|Forecast|WeatherBall,SunnyDay,Snowscape,RainDance|Modest||F|||50|]Basculegion||Leftovers|Adaptability|Liquidation,PhantomForce,AquaJet,IceFang|Adamant||M|||50|]Raichu||RaichuniteX|LightningRod|RisingVoltage,FakeOut,DrainPunch,Trailblaze|Jolly||F|||50|
|
|t:|1786155317
|teamsize|p1|4
|teamsize|p2|4
|start
|switch|p1a: Sinistcha|Sinistcha, L50|100/100
|switch|p1b: Kingambit|Kingambit, L50, F|100/100
|switch|p2a: Pelipper|Pelipper, L50, F|100/100
|switch|p2b: Raichu|Raichu, L50, F|100/100
|-weather|RainDance|[from] ability: Drizzle|[of] p2a: Pelipper
|turn|1
|
|t:|1786155342
|detailschange|p2b: Raichu|Raichu-Mega-X, L50, F
|-mega|p2b: Raichu|Raichu|Raichunite X
|-fieldstart|move: Electric Terrain|[from] ability: Electric Surge|[of] p2b: Raichu
|move|p2b: Raichu|Fake Out|p1b: Kingambit
|-resisted|p1b: Kingambit|1
|-damage|p1b: Kingambit|94/100
|move|p1a: Sinistcha|Rage Powder|p1a: Sinistcha
|-singleturn|p1a: Sinistcha|move: Rage Powder
|move|p2a: Pelipper|Soak|p1a: Sinistcha
|-start|p1a: Sinistcha|typechange|Water
|cant|p1b: Kingambit|flinch
|
|-weather|RainDance|[upkeep]
|upkeep
|turn|2
|
|t:|1786155371
|switch|p1a: Floette|Floette-Eternal, L50, F|100/100
|move|p1b: Kingambit|Protect|p1b: Kingambit
|-singleturn|p1b: Kingambit|Protect
|move|p2b: Raichu|Drain Punch|p1b: Kingambit
|-activate|p1b: Kingambit|move: Protect
|move|p2a: Pelipper|Hurricane|p1a: Floette
|-damage|p1a: Floette|59/100
|
|-weather|RainDance|[upkeep]
|upkeep
|turn|3
|
|t:|1786155406
|switch|p1a: Sinistcha|Sinistcha, L50|100/100
|-heal|p1b: Kingambit|100/100|[from] ability: Hospitality|[of] p1a: Sinistcha
|move|p1b: Kingambit|Protect|p1b: Kingambit
|-singleturn|p1b: Kingambit|Protect
|move|p2b: Raichu|Drain Punch|p1b: Kingambit
|-activate|p1b: Kingambit|move: Protect
|move|p2a: Pelipper|Tailwind|p2a: Pelipper
|-sidestart|p2: amatothetomato|move: Tailwind
|
|-weather|RainDance|[upkeep]
|upkeep
|turn|4
|
|t:|1786155433
|move|p1a: Sinistcha|Rage Powder|p1a: Sinistcha
|-singleturn|p1a: Sinistcha|move: Rage Powder
|move|p2b: Raichu|Drain Punch|p1a: Sinistcha
|-immune|p1a: Sinistcha
|move|p2a: Pelipper|Hurricane|p1a: Sinistcha
|-supereffective|p1a: Sinistcha|1
|-damage|p1a: Sinistcha|0 fnt
|faint|p1a: Sinistcha
|move|p1b: Kingambit|Swords Dance|p1b: Kingambit
|-boost|p1b: Kingambit|atk|2
|
|-weather|RainDance|[upkeep]
|upkeep
|
|t:|1786155447
|switch|p1a: Floette|Floette-Eternal, L50, F|59/100
|turn|5
|
|t:|1786155461
|detailschange|p1a: Floette|Floette-Mega, L50, F
|-mega|p1a: Floette|Floette|Floettite
|-ability|p1a: Floette|Fairy Aura
|move|p1a: Floette|Protect|p1a: Floette
|-singleturn|p1a: Floette|Protect
|move|p1b: Kingambit|Sucker Punch|p2b: Raichu
|-damage|p2b: Raichu|0 fnt
|faint|p2b: Raichu
|move|p2a: Pelipper|U-turn|p1b: Kingambit
|-damage|p1b: Kingambit|94/100
|
|t:|1786155468
|switch|p2a: Basculegion|Basculegion, L50, M, shiny|100/100|[from] U-turn
|
|-weather|RainDance|[upkeep]
|-fieldend|move: Electric Terrain
|upkeep
|
|t:|1786155475
|switch|p2b: Castform|Castform, L50, F|100/100
|-formechange|p2b: Castform|Castform-Rainy|[msg]|[from] ability: Forecast
|turn|6
|
|t:|1786155491
|move|p1b: Kingambit|Protect|p1b: Kingambit
|-singleturn|p1b: Kingambit|Protect
|move|p2a: Basculegion|Phantom Force||[still]
|-prepare|p2a: Basculegion|Phantom Force
|move|p2b: Castform|Sunny Day|p2b: Castform
|-weather|SunnyDay
|-formechange|p2b: Castform|Castform-Sunny|[msg]|[from] ability: Forecast
|move|p1a: Floette|Calm Mind|p1a: Floette
|-boost|p1a: Floette|spa|1
|-boost|p1a: Floette|spd|1
|
|-weather|SunnyDay|[upkeep]
|-sideend|p2: amatothetomato|move: Tailwind
|upkeep
|turn|7
|-activate|p2b: Castform|item: Quick Claw
|
|t:|1786155531
|move|p2b: Castform|Weather Ball|p1b: Kingambit
|-supereffective|p1b: Kingambit|1
|-damage|p1b: Kingambit|0 fnt
|faint|p1b: Kingambit
|move|p1a: Floette|Moonblast|p2b: Castform
|-resisted|p2b: Castform|1
|-damage|p2b: Castform|18/100
|move|p2a: Basculegion|Phantom Force|p1a: Floette|[from] lockedmove
|-damage|p1a: Floette|0 fnt
|faint|p1a: Floette
|
|-weather|SunnyDay|[upkeep]
|upkeep
|
|t:|1786155545
|switch|p1b: Delphox|Delphox, L50, M|100/100
|turn|8
|
|t:|1786155554
|switch|p2b: Pelipper|Pelipper, L50, F|100/100
|-weather|RainDance|[from] ability: Drizzle|[of] p2b: Pelipper
|move|p1b: Delphox|Nasty Plot|p1b: Delphox
|-boost|p1b: Delphox|spa|2
|move|p2a: Basculegion|Liquidation|p1b: Delphox
|-supereffective|p1b: Delphox|1
|-damage|p1b: Delphox|0 fnt
|faint|p1b: Delphox
|
|win|amatothetomato
|c|☆triskili|ggs
|c|☆amatothetomato|gg
