|j|☆zootvgc
|j|☆baichede
|html|zootvgcbaichede    
|uhtml|bestof|Game 2 of a best-of-3
|t:|1757181833
|gametype|doubles
|player|p1|zootvgc|265|1089
|player|p2|baichede|cyclistf|1052
|gen|9
|tier|[Gen 9] VGC 2025 Reg H (Bo3)
|rated|
|rule|Species Clause: Limit one of each Pokémon
|rule|Item Clause: Limit 1 of each item
|clearpoke
|poke|p1|Dragonite, L50, F|
|poke|p1|Gholdengo, L50|
|poke|p1|Rillaboom, L50, F|
|poke|p1|Ursaluna-Bloodmoon, L50, M|
|poke|p1|Maushold, L50|
|poke|p1|Annihilape, L50, M|
|poke|p2|Whimsicott, L50, M|
|poke|p2|Pelipper, L50, M|
|poke|p2|Archaludon, L50, F|
|poke|p2|Incineroar, L50, M|
|poke|p2|Rillaboom, L50, F|
|poke|p2|Ursaluna-Bloodmoon, L50, M|
|teampreview|4
|showteam|p1|Dragonite||LoadedDice|Multiscale|ScaleShot,Haze,Protect,Tailwind|||F|||50|,,,,,Fairy]Gholdengo||LifeOrb|GoodasGold|MakeItRain,Protect,ShadowBall,NastyPlot||||||50|,,,,,Water]Rillaboom||MiracleSeed|GrassySurge|GrassyGlide,WoodHammer,FakeOut,HighHorsepower|||F|||50|,,,,,Fire]Ursaluna-Bloodmoon||AssaultVest|MindsEye|BloodMoon,HyperVoice,EarthPower,VacuumWave|||M|||50|,,,,,Water]Maushold||FocusSash|FriendGuard|Protect,SuperFang,BeatUp,FollowMe||||||50|,,,,,Ghost]Annihilape||SitrusBerry|Defiant|RageFist,BulkUp,Protect,DrainPunch|||M|||50|,,,,,Fire
|showteam|p2|Whimsicott||CovertCloak|Prankster|BeatUp,Tailwind,Taunt,Encore|||M|||50|,,,,,Dark]Pelipper||FocusSash|Drizzle|Tailwind,Protect,Hurricane,WeatherBall|||M|||50|,,,,,Ground]Archaludon||AssaultVest|Stamina|ElectroShot,FlashCannon,BodyPress,DracoMeteor|||F|||50|,,,,,Grass]Incineroar||SafetyGoggles|Intimidate|WillOWisp,PartingShot,FakeOut,KnockOff|||M|||50|,,,,,Bug]Rillaboom||ChoiceBand|GrassySurge|GrassyGlide,Uturn,HighHorsepower,WoodHammer|||F|||50|,,,,,Grass]Ursaluna-Bloodmoon||ThroatSpray|MindsEye|EarthPower,BloodMoon,HyperVoice,Protect|||M|||50|,,,,,Normal
|inactive|Battle timer is ON: inactive players will automatically lose when time's up. (requested by baichede)
|inactive|zootvgc has 60 seconds left.
|inactive|baichede has 60 seconds left.
|inactive|zootvgc has 30 seconds left.
|inactive|zootvgc has 20 seconds left.
|inactive|zootvgc has 15 seconds left.
|inactive|zootvgc has 10 seconds left.
|
|t:|1757181917
|teamsize|p1|4
|teamsize|p2|4
|start
|switch|p1a: Gholdengo|Gholdengo, L50|100/100
|switch|p1b: Maushold|Maushold, L50|100/100
|switch|p2a: Pelipper|Pelipper, L50, M|100/100
|switch|p2b: Ursaluna|Ursaluna-Bloodmoon, L50, M|100/100
|-weather|RainDance|[from] ability: Drizzle|[of] p2a: Pelipper
|turn|1
|inactive|zootvgc has 30 seconds left.
|inactive|zootvgc has 20 seconds left.
|
|t:|1757181953
|-terastallize|p2b: Ursaluna|Normal
|move|p1b: Maushold|Super Fang|p2a: Pelipper
|-damage|p2a: Pelipper|50/100
|move|p1a: Gholdengo|Shadow Ball|p2a: Pelipper
|-damage|p2a: Pelipper|0 fnt
|faint|p2a: Pelipper
|-damage|p1a: Gholdengo|91/100|[from] item: Life Orb
|move|p2b: Ursaluna|Hyper Voice|p1a: Gholdengo|[spread] p1a,p1b
|-resisted|p1a: Gholdengo
|-damage|p1a: Gholdengo|66/100
|-damage|p1b: Maushold|24/100
|-enditem|p2b: Ursaluna|Throat Spray
|-boost|p2b: Ursaluna|spa|1|[from] item: Throat Spray
|
|-weather|RainDance|[upkeep]
|upkeep
|
|t:|1757181970
|switch|p2a: Whimsicott|Whimsicott, L50, M|100/100
|turn|2
|inactive|zootvgc has 30 seconds left.
|inactive|zootvgc has 20 seconds left.
|inactive|zootvgc has 15 seconds left.
|inactive|zootvgc has 10 seconds left.
|inactive|zootvgc has 5 seconds left.
|
|t:|1757182021
|switch|p1b: Rillaboom|Rillaboom, L50, F|100/100
|-fieldstart|move: Grassy Terrain|[from] ability: Grassy Surge|[of] p1b: Rillaboom
|move|p1a: Gholdengo|Protect|p1a: Gholdengo
|-singleturn|p1a: Gholdengo|Protect
|move|p2a: Whimsicott|Tailwind|p2a: Whimsicott
|-sidestart|p2: baichede|move: Tailwind
|move|p2b: Ursaluna|Hyper Voice|p1a: Gholdengo|[spread] p1b
|-activate|p1a: Gholdengo|move: Protect
|-damage|p1b: Rillaboom|16/100
|
|-weather|RainDance|[upkeep]
|-heal|p1a: Gholdengo|72/100|[from] Grassy Terrain
|-heal|p1b: Rillaboom|22/100|[from] Grassy Terrain
|upkeep
|turn|3
|inactive|zootvgc has 30 seconds left.
|inactive|baichede has 30 seconds left.
|inactive|zootvgc has 20 seconds left.
|inactive|zootvgc has 15 seconds left.
|inactive|baichede has 20 seconds left.
|inactive|zootvgc has 10 seconds left.
|
|t:|1757182068
|move|p1b: Rillaboom|Fake Out|p2b: Ursaluna
|-damage|p2b: Ursaluna|88/100
|move|p2a: Whimsicott|Beat Up|p1a: Gholdengo
|-supereffective|p1a: Gholdengo
|-damage|p1a: Gholdengo|67/100
|-supereffective|p1a: Gholdengo
|-damage|p1a: Gholdengo|62/100
|-supereffective|p1a: Gholdengo
|-damage|p1a: Gholdengo|56/100
|-hitcount|p1a: Gholdengo|3
|cant|p2b: Ursaluna|flinch
|move|p1a: Gholdengo|Nasty Plot|p1a: Gholdengo
|-boost|p1a: Gholdengo|spa|2
|
|-weather|RainDance|[upkeep]
|-heal|p2b: Ursaluna|94/100|[from] Grassy Terrain
|-heal|p1a: Gholdengo|62/100|[from] Grassy Terrain
|-heal|p1b: Rillaboom|28/100|[from] Grassy Terrain
|upkeep
|turn|4
|
|t:|1757182088
|move|p1a: Gholdengo|Protect|p1a: Gholdengo
|-singleturn|p1a: Gholdengo|Protect
|move|p2a: Whimsicott|Encore|p1b: Rillaboom
|-start|p1b: Rillaboom|Encore
|move|p1b: Rillaboom|Fake Out||[still]
|-hint|Fake Out only works on your first turn out.
|-fail|p1b: Rillaboom
|move|p2b: Ursaluna|Blood Moon|p1a: Gholdengo
|-activate|p1a: Gholdengo|move: Protect
|
|-weather|RainDance|[upkeep]
|-heal|p2b: Ursaluna|99/100|[from] Grassy Terrain
|-heal|p1a: Gholdengo|69/100|[from] Grassy Terrain
|-heal|p1b: Rillaboom|34/100|[from] Grassy Terrain
|upkeep
|turn|5
|
|t:|1757182111
|switch|p1b: Maushold|Maushold, L50|24/100
|move|p2a: Whimsicott|Beat Up|p1a: Gholdengo
|-supereffective|p1a: Gholdengo
|-damage|p1a: Gholdengo|65/100
|-supereffective|p1a: Gholdengo
|-damage|p1a: Gholdengo|61/100
|-supereffective|p1a: Gholdengo
|-damage|p1a: Gholdengo|57/100
|-hitcount|p1a: Gholdengo|3
|move|p2b: Ursaluna|Earth Power|p1a: Gholdengo
|-supereffective|p1a: Gholdengo
|-damage|p1a: Gholdengo|0 fnt
|faint|p1a: Gholdengo
|
|-weather|none
|-heal|p2b: Ursaluna|100/100|[from] Grassy Terrain
|-heal|p1b: Maushold|30/100|[from] Grassy Terrain
|-sideend|p2: baichede|move: Tailwind
|upkeep
|
|t:|1757182126
|switch|p1a: Ursaluna|Ursaluna-Bloodmoon, L50, M|100/100
|turn|6
|
|t:|1757182138
|move|p1b: Maushold|Follow Me|p1b: Maushold
|-singleturn|p1b: Maushold|move: Follow Me
|move|p2a: Whimsicott|Tailwind|p2a: Whimsicott
|-sidestart|p2: baichede|move: Tailwind
|move|p2b: Ursaluna|Hyper Voice|p1b: Maushold|[spread] p1a,p1b
|-damage|p1a: Ursaluna|58/100
|-damage|p1b: Maushold|0 fnt
|faint|p1b: Maushold
|move|p1a: Ursaluna|Blood Moon|p2b: Ursaluna
|-damage|p2b: Ursaluna|8/100
|
|-heal|p2b: Ursaluna|14/100|[from] Grassy Terrain
|-heal|p1a: Ursaluna|64/100|[from] Grassy Terrain
|-fieldend|move: Grassy Terrain
|upkeep
|
|t:|1757182150
|switch|p1b: Rillaboom|Rillaboom, L50, F|34/100
|-fieldstart|move: Grassy Terrain|[from] ability: Grassy Surge|[of] p1b: Rillaboom
|turn|7
|
|t:|1757182165
|switch|p2b: Archaludon|Archaludon, L50, F|100/100
|move|p1a: Ursaluna|Vacuum Wave|p2b: Archaludon
|-supereffective|p2b: Archaludon
|-damage|p2b: Archaludon|74/100
|-ability|p2b: Archaludon|Stamina|boost
|-boost|p2b: Archaludon|def|1
|move|p2a: Whimsicott|Beat Up|p2b: Archaludon
|-damage|p2b: Archaludon|73/100
|-ability|p2b: Archaludon|Stamina|boost
|-boost|p2b: Archaludon|def|1
|-damage|p2b: Archaludon|72/100
|-ability|p2b: Archaludon|Stamina|boost
|-boost|p2b: Archaludon|def|1
|-damage|p2b: Archaludon|71/100
|-ability|p2b: Archaludon|Stamina|boost
|-boost|p2b: Archaludon|def|1
|-hitcount|p2b: Archaludon|3
|move|p1b: Rillaboom|Wood Hammer|p2a: Whimsicott
|-resisted|p2a: Whimsicott
|-damage|p2a: Whimsicott|45/100
|-damage|p1b: Rillaboom|19/100|[from] Recoil
|
|-heal|p2a: Whimsicott|51/100|[from] Grassy Terrain
|-heal|p2b: Archaludon|77/100|[from] Grassy Terrain
|-heal|p1b: Rillaboom|25/100|[from] Grassy Terrain
|-heal|p1a: Ursaluna|71/100|[from] Grassy Terrain
|upkeep
|turn|8
|inactive|zootvgc has 30 seconds left.
|inactive|baichede has 30 seconds left.
|inactive|zootvgc has 20 seconds left.
|inactive|zootvgc has 15 seconds left.
|inactive|zootvgc has 10 seconds left.
|inactive|zootvgc has 5 seconds left.
|
|t:|1757182217
|-terastallize|p1a: Ursaluna|Water
|move|p2a: Whimsicott|Encore|p1b: Rillaboom
|-start|p1b: Rillaboom|Encore
|move|p1b: Rillaboom|Wood Hammer|p2b: Archaludon
|-resisted|p2b: Archaludon
|-crit|p2b: Archaludon
|-damage|p2b: Archaludon|52/100
|-ability|p2b: Archaludon|Stamina|boost
|-boost|p2b: Archaludon|def|1
|-damage|p1b: Rillaboom|18/100|[from] Recoil
|move|p2b: Archaludon|Body Press|p1a: Ursaluna
|-damage|p1a: Ursaluna|12/100
|move|p1a: Ursaluna|Earth Power|p2b: Archaludon
|-supereffective|p2b: Archaludon
|-damage|p2b: Archaludon|0 fnt
|faint|p2b: Archaludon
|
|-heal|p2a: Whimsicott|57/100|[from] Grassy Terrain
|-heal|p1b: Rillaboom|24/100|[from] Grassy Terrain
|-heal|p1a: Ursaluna|18/100|[from] Grassy Terrain
|upkeep
|
|t:|1757182238
|switch|p2b: Ursaluna|Ursaluna-Bloodmoon, L50, M, tera:Normal|14/100
|turn|9
|
|t:|1757182249
|move|p2b: Ursaluna|Protect|p2b: Ursaluna
|-singleturn|p2b: Ursaluna|Protect
|move|p1a: Ursaluna|Vacuum Wave|p2b: Ursaluna
|-activate|p2b: Ursaluna|move: Protect
|move|p2a: Whimsicott|Beat Up|p1a: Ursaluna
|-damage|p1a: Ursaluna|16/100
|-damage|p1a: Ursaluna|15/100
|-hitcount|p1a: Ursaluna|2
|move|p1b: Rillaboom|Wood Hammer|p2a: Whimsicott
|-resisted|p2a: Whimsicott
|-damage|p2a: Whimsicott|3/100
|-damage|p1b: Rillaboom|9/100|[from] Recoil
|
|-heal|p2a: Whimsicott|9/100|[from] Grassy Terrain
|-heal|p2b: Ursaluna|20/100|[from] Grassy Terrain
|-heal|p1b: Rillaboom|15/100|[from] Grassy Terrain
|-heal|p1a: Ursaluna|21/100|[from] Grassy Terrain
|-sideend|p2: baichede|move: Tailwind
|upkeep
|turn|10
|
|t:|1757182273
|move|p2a: Whimsicott|Tailwind|p2a: Whimsicott
|-sidestart|p2: baichede|move: Tailwind
|move|p1a: Ursaluna|Vacuum Wave|p2b: Ursaluna
|-supereffective|p2b: Ursaluna
|-damage|p2b: Ursaluna|0 fnt
|faint|p2b: Ursaluna
|move|p1b: Rillaboom|Wood Hammer|p2a: Whimsicott
|-resisted|p2a: Whimsicott
|-damage|p2a: Whimsicott|0 fnt
|faint|p2a: Whimsicott
|-damage|p1b: Rillaboom|12/100|[from] Recoil
|
|win|zootvgc
|raw|zootvgc's rating: 1089 → 1113(+24 for winning)
|raw|baichede's rating: 1052 → 1036(-16 for losing)
|l|☆baichede
|player|p2|
