|j|☆CalliopeOKBH
|j|☆AviDotWav
|html|CalliopeOKBHAviDotWav    
|uhtml|bestof|Game 2 of a best-of-3
|t:|1757024476
|gametype|doubles
|player|p1|CalliopeOKBH|zinnia|1094
|player|p2|AviDotWav|parasollady|1159
|gen|9
|tier|[Gen 9] VGC 2025 Reg H (Bo3)
|rated|
|rule|Species Clause: Limit one of each Pokémon
|rule|Item Clause: Limit 1 of each item
|clearpoke
|poke|p1|Tyranitar, L50, F|
|poke|p1|Sneasler, L50, M|
|poke|p1|Gholdengo, L50|
|poke|p1|Garchomp, L50, F|
|poke|p1|Incineroar, L50, M|
|poke|p1|Corviknight, L50, F|
|poke|p2|Volcarona, L50, F|
|poke|p2|Rillaboom, L50, F|
|poke|p2|Dondozo, L50, M|
|poke|p2|Tatsugiri-Droopy, L50, F|
|poke|p2|Ninetales-Alola, L50, M|
|poke|p2|Sneasler, L50, F|
|teampreview|4
|showteam|p1|Tyranitar||AssaultVest|SandStream|RockSlide,KnockOff,TeraBlast,IceBeam|||F|||50|,,,,,Flying]Sneasler||WhiteHerb|Unburden|DireClaw,CloseCombat,Coaching,Protect|||M|||50|,,,,,Flying]Gholdengo||LifeOrb|GoodasGold|NastyPlot,MakeItRain,ShadowBall,Protect||||||50|,,,,,Steel]Garchomp||BrightPowder|SandVeil|Protect,StompingTantrum,DragonClaw,Earthquake|||F|||50|,,,,,Ghost]Incineroar||SafetyGoggles|Intimidate|FakeOut,FlareBlitz,Taunt,PartingShot|||M|||50|,,,,,Bug]Corviknight||Leftovers|Unnerve|BraveBird,BodyPress,Tailwind,Roost|||F|||50|,,,,,Fighting
|showteam|p2|Volcarona||GrassySeed|FlameBody|QuiverDance,HeatWave,TeraBlast,Protect|||F|||50|,,,,,Fairy]Rillaboom||AssaultVest|GrassySurge|WoodHammer,GrassyGlide,FakeOut,Uturn|||F|||50|,,,,,Fire]Dondozo||Leftovers|Unaware|Protect,WaveCrash,Earthquake,OrderUp|||M|||50|,,,,,Steel]Tatsugiri-Droopy||ChoiceScarf|Commander|DracoMeteor,MuddyWater,IcyWind,DragonPulse|||F|||50|,,,,,Ghost]Ninetales-Alola||CovertCloak|SnowWarning|Blizzard,AuroraVeil,Encore,IcyWind|||M|||50|,,,,,Water]Sneasler||FocusSash|Unburden|DireClaw,CloseCombat,ThroatChop,Protect|||F|||50|,,,,,Dark
|inactive|Battle timer is ON: inactive players will automatically lose when time's up. (requested by AviDotWav)
|inactive|CalliopeOKBH also wants the timer to be on.
|
|t:|1757024495
|teamsize|p1|4
|teamsize|p2|4
|start
|switch|p1a: Sneasler|Sneasler, L50, M|100/100
|switch|p1b: Incineroar|Incineroar, L50, M|100/100
|switch|p2a: Rillaboom|Rillaboom, L50, F|100/100
|switch|p2b: Ninetales|Ninetales-Alola, L50, M|100/100
|-weather|Snowscape|[from] ability: Snow Warning|[of] p2b: Ninetales
|-fieldstart|move: Grassy Terrain|[from] ability: Grassy Surge|[of] p2a: Rillaboom
|-ability|p1b: Incineroar|Intimidate|boost
|-unboost|p2a: Rillaboom|atk|1
|-unboost|p2b: Ninetales|atk|1
|turn|1
|
|t:|1757024505
|switch|p1b: Tyranitar|Tyranitar, L50, F|100/100
|-weather|Sandstorm|[from] ability: Sand Stream|[of] p1b: Tyranitar
|move|p2a: Rillaboom|Fake Out|p1a: Sneasler
|-damage|p1a: Sneasler|87/100
|move|p2b: Ninetales|Aurora Veil||[still]
|-fail|p2b: Ninetales
|cant|p1a: Sneasler|flinch
|
|-weather|Sandstorm|[upkeep]
|-damage|p2b: Ninetales|94/100|[from] Sandstorm
|-damage|p1a: Sneasler|81/100|[from] Sandstorm
|-damage|p2a: Rillaboom|95/100|[from] Sandstorm
|-heal|p2b: Ninetales|100/100|[from] Grassy Terrain
|-heal|p1a: Sneasler|87/100|[from] Grassy Terrain
|-heal|p2a: Rillaboom|100/100|[from] Grassy Terrain
|upkeep
|turn|2
|
|t:|1757024524
|switch|p2b: Dondozo|Dondozo, L50, M|100/100
|switch|p1a: Incineroar|Incineroar, L50, M|100/100
|-ability|p1a: Incineroar|Intimidate|boost
|-unboost|p2a: Rillaboom|atk|1
|-unboost|p2b: Dondozo|atk|1
|move|p2a: Rillaboom|Wood Hammer|p1b: Tyranitar
|-supereffective|p1b: Tyranitar
|-damage|p1b: Tyranitar|38/100
|-damage|p2a: Rillaboom|81/100|[from] Recoil
|move|p1b: Tyranitar|Knock Off|p2b: Dondozo
|-damage|p2b: Dondozo|67/100
|-enditem|p2b: Dondozo|Leftovers|[from] move: Knock Off|[of] p1b: Tyranitar
|
|-weather|Sandstorm|[upkeep]
|-damage|p2a: Rillaboom|75/100|[from] Sandstorm
|-damage|p2b: Dondozo|61/100|[from] Sandstorm
|-heal|p2a: Rillaboom|81/100|[from] Grassy Terrain
|-heal|p2b: Dondozo|67/100|[from] Grassy Terrain
|-heal|p1b: Tyranitar|45/100|[from] Grassy Terrain
|upkeep
|turn|3
|
|t:|1757024546
|switch|p1b: Garchomp|Garchomp, L50, F|100/100
|move|p2a: Rillaboom|Wood Hammer|p1b: Garchomp
|-damage|p1b: Garchomp|57/100
|-damage|p2a: Rillaboom|68/100|[from] Recoil
|move|p2b: Dondozo|Wave Crash|p1a: Incineroar
|-supereffective|p1a: Incineroar
|-damage|p1a: Incineroar|44/100
|-damage|p2b: Dondozo|50/100|[from] Recoil
|move|p1a: Incineroar|Parting Shot|p2a: Rillaboom
|-unboost|p2a: Rillaboom|atk|1
|-unboost|p2a: Rillaboom|spa|1
|
|t:|1757024557
|switch|p1a: Sneasler|Sneasler, L50, M|87/100|[from] Parting Shot
|
|-weather|Sandstorm|[upkeep]
|-damage|p1a: Sneasler|81/100|[from] Sandstorm
|-damage|p2a: Rillaboom|62/100|[from] Sandstorm
|-damage|p2b: Dondozo|44/100|[from] Sandstorm
|-heal|p1a: Sneasler|87/100|[from] Grassy Terrain
|-heal|p1b: Garchomp|63/100|[from] Grassy Terrain
|-heal|p2a: Rillaboom|68/100|[from] Grassy Terrain
|-heal|p2b: Dondozo|50/100|[from] Grassy Terrain
|upkeep
|turn|4
|
|t:|1757024565
|switch|p2a: Tatsugiri|Tatsugiri-Droopy, L50, F|100/100
|-activate|p2a: Tatsugiri|ability: Commander|[of] p2b: Dondozo
|-boost|p2b: Dondozo|atk|2
|-boost|p2b: Dondozo|spa|2
|-boost|p2b: Dondozo|spe|2
|-boost|p2b: Dondozo|def|2
|-boost|p2b: Dondozo|spd|2
|switch|p2b: Ninetales|Ninetales-Alola, L50, M|100/100
|-weather|Snowscape|[from] ability: Snow Warning|[of] p2b: Ninetales
|-terastallize|p1a: Sneasler|Flying
|move|p1a: Sneasler|Close Combat|p2b: Ninetales
|-crit|p2b: Ninetales
|-damage|p2b: Ninetales|24/100
|-unboost|p1a: Sneasler|def|1
|-unboost|p1a: Sneasler|spd|1
|-enditem|p1a: Sneasler|White Herb
|-clearnegativeboost|p1a: Sneasler|[silent]
|move|p1b: Garchomp|Earthquake|p2a: Tatsugiri|[spread] p2a,p2b
|-immune|p1a: Sneasler
|-damage|p2a: Tatsugiri|60/100
|-damage|p2b: Ninetales|5/100
|
|-weather|Snowscape|[upkeep]
|-heal|p2a: Tatsugiri|66/100|[from] Grassy Terrain
|-heal|p2b: Ninetales|11/100|[from] Grassy Terrain
|-heal|p1b: Garchomp|69/100|[from] Grassy Terrain
|upkeep
|turn|5
|inactive|AviDotWav has 30 seconds left.
|inactive|CalliopeOKBH has 30 seconds left.
|
|t:|1757024599
|switch|p2b: Dondozo|Dondozo, L50, M|50/100
|-activate|p2a: Tatsugiri|ability: Commander|[of] p2b: Dondozo
|-boost|p2b: Dondozo|atk|2
|-boost|p2b: Dondozo|spa|2
|-boost|p2b: Dondozo|spe|2
|-boost|p2b: Dondozo|def|2
|-boost|p2b: Dondozo|spd|2
|switch|p1b: Tyranitar|Tyranitar, L50, F|45/100
|-weather|Sandstorm|[from] ability: Sand Stream|[of] p1b: Tyranitar
|move|p1a: Sneasler|Protect||[still]
|-fail|p1a: Sneasler
|
|-weather|Sandstorm|[upkeep]
|-damage|p1a: Sneasler|81/100|[from] Sandstorm
|-damage|p2a: Tatsugiri|60/100|[from] Sandstorm
|-damage|p2b: Dondozo|44/100|[from] Sandstorm
|-heal|p2a: Tatsugiri|66/100|[from] Grassy Terrain
|-heal|p2b: Dondozo|50/100|[from] Grassy Terrain
|-heal|p1b: Tyranitar|51/100|[from] Grassy Terrain
|-fieldend|move: Grassy Terrain
|upkeep
|turn|6
|
|t:|1757024618
|switch|p1b: Incineroar|Incineroar, L50, M|44/100
|-ability|p1b: Incineroar|Intimidate|boost
|-unboost|p2a: Tatsugiri|atk|1
|-unboost|p2b: Dondozo|atk|1
|move|p1a: Sneasler|Dire Claw|p2b: Dondozo
|-damage|p2b: Dondozo|35/100
|move|p2b: Dondozo|Order Up|p1a: Sneasler
|-damage|p1a: Sneasler|25/100
|-boost|p2b: Dondozo|def|1
|
|-weather|Sandstorm|[upkeep]
|-damage|p1a: Sneasler|19/100|[from] Sandstorm
|-damage|p2a: Tatsugiri|60/100|[from] Sandstorm
|-damage|p2b: Dondozo|29/100|[from] Sandstorm
|upkeep
|turn|7
|
|t:|1757024628
|move|p2b: Dondozo|Protect|p2b: Dondozo
|-singleturn|p2b: Dondozo|Protect
|move|p1b: Incineroar|Fake Out|p2b: Dondozo
|-activate|p2b: Dondozo|move: Protect
|move|p1a: Sneasler|Dire Claw|p2b: Dondozo
|-activate|p2b: Dondozo|move: Protect
|
|-weather|Sandstorm|[upkeep]
|-damage|p1a: Sneasler|13/100|[from] Sandstorm
|-damage|p2a: Tatsugiri|54/100|[from] Sandstorm
|-damage|p2b: Dondozo|23/100|[from] Sandstorm
|upkeep
|turn|8
|
|t:|1757024636
|-terastallize|p2b: Dondozo|Steel
|move|p1a: Sneasler|Dire Claw|p2b: Dondozo
|-immune|p2b: Dondozo
|move|p2b: Dondozo|Order Up|p1a: Sneasler
|-damage|p1a: Sneasler|0 fnt
|faint|p1a: Sneasler
|-boost|p2b: Dondozo|def|1
|move|p1b: Incineroar|Parting Shot|p2b: Dondozo
|-unboost|p2b: Dondozo|atk|1
|-unboost|p2b: Dondozo|spa|1
|
|t:|1757024638
|switch|p1b: Garchomp|Garchomp, L50, F|69/100|[from] Parting Shot
|
|-weather|Sandstorm|[upkeep]
|-damage|p2a: Tatsugiri|48/100|[from] Sandstorm
|upkeep
|
|t:|1757024640
|switch|p1a: Tyranitar|Tyranitar, L50, F|51/100
|turn|9
|
|t:|1757024649
|switch|p1a: Incineroar|Incineroar, L50, M|44/100
|-ability|p1a: Incineroar|Intimidate|boost
|-unboost|p2a: Tatsugiri|atk|1
|-unboost|p2b: Dondozo|atk|1
|move|p2b: Dondozo|Earthquake|p1b: Garchomp|[spread] p1a,p1b
|-miss|p2b: Dondozo|p2a: Tatsugiri
|-supereffective|p1a: Incineroar
|-damage|p1a: Incineroar|21/100
|-damage|p1b: Garchomp|54/100
|move|p1b: Garchomp|Stomping Tantrum|p2b: Dondozo
|-supereffective|p2b: Dondozo
|-crit|p2b: Dondozo
|-damage|p2b: Dondozo|0 fnt
|faint|p2b: Dondozo
|
|-weather|none
|upkeep
|
|t:|1757024658
|switch|p2b: Rillaboom|Rillaboom, L50, F|68/100
|-fieldstart|move: Grassy Terrain|[from] ability: Grassy Surge|[of] p2b: Rillaboom
|turn|10
|
|t:|1757024665
|move|p1a: Incineroar|Fake Out|p2a: Tatsugiri
|-damage|p2a: Tatsugiri|26/100
|cant|p2a: Tatsugiri|flinch
|move|p1b: Garchomp|Dragon Claw|p2a: Tatsugiri
|-supereffective|p2a: Tatsugiri
|-damage|p2a: Tatsugiri|0 fnt
|faint|p2a: Tatsugiri
|move|p2b: Rillaboom|U-turn|p1b: Garchomp
|-damage|p1b: Garchomp|28/100
|
|t:|1757024671
|switch|p2b: Ninetales|Ninetales-Alola, L50, M|11/100|[from] U-turn
|-weather|Snowscape|[from] ability: Snow Warning|[of] p2b: Ninetales
|
|-weather|Snowscape|[upkeep]
|-heal|p2b: Ninetales|17/100|[from] Grassy Terrain
|-heal|p1b: Garchomp|34/100|[from] Grassy Terrain
|-heal|p1a: Incineroar|27/100|[from] Grassy Terrain
|upkeep
|
|t:|1757024672
|switch|p2a: Rillaboom|Rillaboom, L50, F|68/100
|turn|11
|
|t:|1757024687
|switch|p1b: Tyranitar|Tyranitar, L50, F|51/100
|-weather|Sandstorm|[from] ability: Sand Stream|[of] p1b: Tyranitar
|move|p2a: Rillaboom|Grassy Glide|p1b: Tyranitar
|-supereffective|p1b: Tyranitar
|-damage|p1b: Tyranitar|0 fnt
|faint|p1b: Tyranitar
|move|p2b: Ninetales|Icy Wind|p1a: Incineroar
|-resisted|p1a: Incineroar
|-damage|p1a: Incineroar|20/100
|-unboost|p1a: Incineroar|spe|1
|move|p1a: Incineroar|Parting Shot|p2b: Ninetales
|-unboost|p2b: Ninetales|atk|1
|-unboost|p2b: Ninetales|spa|1
|
|t:|1757024693
|switch|p1a: Garchomp|Garchomp, L50, F|34/100|[from] Parting Shot
|
|-weather|Sandstorm|[upkeep]
|-damage|p2b: Ninetales|11/100|[from] Sandstorm
|-damage|p2a: Rillaboom|62/100|[from] Sandstorm
|-heal|p2b: Ninetales|17/100|[from] Grassy Terrain
|-heal|p1a: Garchomp|40/100|[from] Grassy Terrain
|-heal|p2a: Rillaboom|68/100|[from] Grassy Terrain
|upkeep
|
|t:|1757024694
|switch|p1b: Incineroar|Incineroar, L50, M|20/100
|-ability|p1b: Incineroar|Intimidate|boost
|-unboost|p2a: Rillaboom|atk|1
|-unboost|p2b: Ninetales|atk|1
|turn|12
|
|t:|1757024701
|move|p1b: Incineroar|Fake Out|p2b: Ninetales
|-damage|p2b: Ninetales|4/100
|move|p2a: Rillaboom|Grassy Glide|p1a: Garchomp|[miss]
|-miss|p2a: Rillaboom|p1a: Garchomp
|move|p2b: Ninetales|Icy Wind|p1a: Garchomp|[spread] p1a,p1b
|-supereffective|p1a: Garchomp
|-resisted|p1b: Incineroar
|-damage|p1a: Garchomp|2/100
|-damage|p1b: Incineroar|15/100
|-unboost|p1a: Garchomp|spe|1
|-unboost|p1b: Incineroar|spe|1
|move|p1a: Garchomp|Dragon Claw|p2a: Rillaboom
|-damage|p2a: Rillaboom|24/100
|
|-weather|Sandstorm|[upkeep]
|-damage|p2b: Ninetales|0 fnt|[from] Sandstorm
|-damage|p2a: Rillaboom|18/100|[from] Sandstorm
|faint|p2b: Ninetales
|-heal|p2a: Rillaboom|24/100|[from] Grassy Terrain
|-heal|p1a: Garchomp|7/100|[from] Grassy Terrain
|-heal|p1b: Incineroar|21/100|[from] Grassy Terrain
|upkeep
|turn|13
|
|t:|1757024713
|move|p2a: Rillaboom|Grassy Glide|p1b: Incineroar
|-resisted|p1b: Incineroar
|-damage|p1b: Incineroar|12/100
|move|p1a: Garchomp|Dragon Claw|p2a: Rillaboom
|-damage|p2a: Rillaboom|0 fnt
|faint|p2a: Rillaboom
|
|win|CalliopeOKBH
|raw|CalliopeOKBH's rating: 1094 → 1125(+31 for winning)
|raw|AviDotWav's rating: 1159 → 1129(-30 for losing)
|l|☆AviDotWav
|player|p2|
