|j|☆huntr/x rumi
|j|☆adrinhoo
|html|huntr/x rumiadrinhoo    
|uhtml|bestof|Game 2 of a best-of-3
|t:|1755213228
|gametype|doubles
|player|p1|huntr/x rumi|guitarist|1354
|player|p2|adrinhoo|pokekid|1326
|gen|9
|tier|[Gen 9] VGC 2025 Reg H (Bo3)
|rated|
|rule|Species Clause: Limit one of each Pokémon
|rule|Item Clause: Limit 1 of each item
|clearpoke
|poke|p1|Whimsicott, L50, F|
|poke|p1|Ditto, L50|
|poke|p1|Incineroar, L50, M|
|poke|p1|Farigiraf, L50, F|
|poke|p1|Gholdengo, L50|
|poke|p1|Samurott-Hisui, L50, F|
|poke|p2|Gholdengo, L50|
|poke|p2|Pelipper, L50, F|
|poke|p2|Electabuzz, L50, M|
|poke|p2|Dragonite, L50, F|
|poke|p2|Archaludon, L50, F|
|poke|p2|Grimmsnarl, L50, M|
|teampreview|4
|showteam|p1|Whimsicott||FocusSash|Prankster|Protect,Moonblast,Tailwind,Encore|||F|||50|,,,,,Ghost]Ditto||CovertCloak|Imposter|Transform||||||50|,,,,,Grass]Incineroar||SafetyGoggles|Intimidate|FakeOut,FlareBlitz,KnockOff,PartingShot|||M|||50|,,,,,Ghost]Farigiraf||ThroatSpray|ArmorTail|Protect,TrickRoom,HyperVoice,Psychic|||F|||50|,,,,,Fairy]Gholdengo||ChoiceSpecs|GoodasGold|MakeItRain,ShadowBall,Protect,Trick||||||50|,,,,,Steel]Samurott-Hisui||AssaultVest|Sharpness|AquaCutter,SacredSword,NightSlash,SuckerPunch|||F|||50|,,,,,Poison
|showteam|p2|Gholdengo||LifeOrb|GoodasGold|Protect,MakeItRain,ShadowBall,NastyPlot||||||50|,,,,,Water]Pelipper||FocusSash|Drizzle|Protect,MuddyWater,Hurricane,Tailwind|||F|||50|,,,,,Ground]Electabuzz||Eviolite|VitalSpirit|Protect,Thunderbolt,HelpingHand,FollowMe|||M|||50|,,,,,Ghost]Dragonite||LoadedDice|Multiscale|Protect,ExtremeSpeed,ScaleShot,Tailwind|||F|||50|,,,,,Steel]Archaludon||AssaultVest|Stamina|DragonPulse,ElectroShot,BodyPress,Snarl|||F|||50|,,,,,Bug]Grimmsnarl||LightClay|Prankster|FoulPlay,LightScreen,Reflect,ThunderWave|||M|||50|,,,,,Ghost
|inactive|Battle timer is ON: inactive players will automatically lose when time's up. (requested by adrinhoo)
|
|t:|1755213245
|teamsize|p1|4
|teamsize|p2|4
|start
|switch|p1a: Whimsicott|Whimsicott, L50, F, shiny|100/100
|switch|p1b: Gholdengo|Gholdengo, L50|100/100
|switch|p2a: Archaludon|Archaludon, L50, F|100/100
|switch|p2b: Grimmsnarl|Grimmsnarl, L50, M|100/100
|turn|1
|
|t:|1755213262
|-terastallize|p1b: Gholdengo|Steel
|move|p1a: Whimsicott|Tailwind|p1a: Whimsicott
|-sidestart|p1: huntr/x rumi|move: Tailwind
|move|p2b: Grimmsnarl|Light Screen|p2b: Grimmsnarl
|-sidestart|p2: adrinhoo|move: Light Screen
|move|p1b: Gholdengo|Make It Rain|p2a: Archaludon|[spread] p2a,p2b
|-resisted|p2a: Archaludon
|-supereffective|p2b: Grimmsnarl
|-damage|p2a: Archaludon|78/100
|-damage|p2b: Grimmsnarl|0 fnt
|-unboost|p1b: Gholdengo|spa|1
|-ability|p2a: Archaludon|Stamina|boost
|-boost|p2a: Archaludon|def|1
|faint|p2b: Grimmsnarl
|move|p2a: Archaludon|Snarl|p1b: Gholdengo|[spread] p1a,p1b
|-resisted|p1a: Whimsicott
|-damage|p1a: Whimsicott|89/100
|-damage|p1b: Gholdengo|85/100
|-unboost|p1a: Whimsicott|spa|1
|-unboost|p1b: Gholdengo|spa|1
|
|upkeep
|
|t:|1755213269
|switch|p2b: Gholdengo|Gholdengo, L50|100/100
|turn|2
|
|t:|1755213282
|switch|p2a: Dragonite|Dragonite, L50, F|100/100
|move|p1a: Whimsicott|Protect|p1a: Whimsicott
|-singleturn|p1a: Whimsicott|Protect
|move|p1b: Gholdengo|Make It Rain|p2b: Gholdengo|[spread] p2a,p2b
|-resisted|p2b: Gholdengo
|-crit|p2b: Gholdengo
|-damage|p2a: Dragonite|83/100
|-damage|p2b: Gholdengo|23/100
|-unboost|p1b: Gholdengo|spa|1
|move|p2b: Gholdengo|Make It Rain|p1a: Whimsicott|[spread] p1b
|-activate|p1a: Whimsicott|move: Protect
|-resisted|p1b: Gholdengo
|-damage|p1b: Gholdengo|50/100
|-unboost|p2b: Gholdengo|spa|1
|-damage|p2b: Gholdengo|14/100|[from] item: Life Orb
|
|upkeep
|turn|3
|
|t:|1755213299
|move|p2b: Gholdengo|Protect|p2b: Gholdengo
|-singleturn|p2b: Gholdengo|Protect
|move|p2a: Dragonite|Extreme Speed|p1a: Whimsicott
|-damage|p1a: Whimsicott|45/100
|move|p1a: Whimsicott|Moonblast|p2b: Gholdengo
|-activate|p2b: Gholdengo|move: Protect
|move|p1b: Gholdengo|Make It Rain|p2a: Dragonite|[spread] p2a
|-activate|p2b: Gholdengo|move: Protect
|-damage|p2a: Dragonite|54/100
|-unboost|p1b: Gholdengo|spa|1
|
|upkeep
|turn|4
|
|t:|1755213310
|switch|p2b: Archaludon|Archaludon, L50, F|78/100
|move|p1a: Whimsicott|Moonblast|p2b: Archaludon
|-damage|p2b: Archaludon|68/100
|-ability|p2b: Archaludon|Stamina|boost
|-boost|p2b: Archaludon|def|1
|move|p1b: Gholdengo|Make It Rain|p2a: Dragonite|[spread] p2a,p2b
|-resisted|p2b: Archaludon
|-damage|p2a: Dragonite|31/100
|-damage|p2b: Archaludon|60/100
|-unboost|p1b: Gholdengo|spa|1
|-ability|p2b: Archaludon|Stamina|boost
|-boost|p2b: Archaludon|def|1
|move|p2a: Dragonite|Scale Shot|p1b: Gholdengo
|-resisted|p1b: Gholdengo
|-damage|p1b: Gholdengo|43/100
|-resisted|p1b: Gholdengo
|-damage|p1b: Gholdengo|35/100
|-resisted|p1b: Gholdengo
|-damage|p1b: Gholdengo|26/100
|-resisted|p1b: Gholdengo
|-damage|p1b: Gholdengo|17/100
|-resisted|p1b: Gholdengo
|-damage|p1b: Gholdengo|10/100
|-hitcount|p1b: Gholdengo|5
|-unboost|p2a: Dragonite|def|1
|-boost|p2a: Dragonite|spe|1
|
|-sideend|p1: huntr/x rumi|move: Tailwind
|upkeep
|turn|5
|
|t:|1755213322
|move|p1a: Whimsicott|Encore|p2a: Dragonite
|-start|p2a: Dragonite|Encore
|move|p2a: Dragonite|Scale Shot|p1b: Gholdengo
|-resisted|p1b: Gholdengo
|-damage|p1b: Gholdengo|0 fnt
|faint|p1b: Gholdengo
|-hitcount|p1: Gholdengo|1
|-unboost|p2a: Dragonite|def|1
|-boost|p2a: Dragonite|spe|1
|move|p2b: Archaludon|Body Press|p1a: Whimsicott
|-resisted|p1a: Whimsicott
|-damage|p1a: Whimsicott|12/100
|
|upkeep
|
|t:|1755213326
|switch|p1b: Samurott|Samurott-Hisui, L50, F|100/100
|turn|6
|
|t:|1755213346
|switch|p1a: Ditto|Ditto, L50, shiny|100/100
|-transform|p1a: Ditto|p2b: Archaludon|[from] ability: Imposter
|switch|p2b: Gholdengo|Gholdengo, L50|14/100
|move|p1b: Samurott|Sucker Punch|p2a: Dragonite
|-crit|p2a: Dragonite
|-damage|p2a: Dragonite|0 fnt
|faint|p2a: Dragonite
|
|upkeep
|
|t:|1755213354
|switch|p2a: Archaludon|Archaludon, L50, F|60/100
|turn|7
|
|t:|1755213361
|-terastallize|p2a: Archaludon|Bug
|move|p2b: Gholdengo|Protect|p2b: Gholdengo
|-singleturn|p2b: Gholdengo|Protect
|move|p1b: Samurott|Sucker Punch||[still]
|-fail|p1b: Samurott
|move|p2a: Archaludon|Body Press|p1b: Samurott
|-supereffective|p1b: Samurott
|-damage|p1b: Samurott|49/100
|move|p1a: Ditto|Body Press|p2a: Archaludon
|-resisted|p2a: Archaludon
|-damage|p2a: Archaludon|43/100
|-ability|p2a: Archaludon|Stamina|boost
|-boost|p2a: Archaludon|def|1
|
|upkeep
|turn|8
|
|t:|1755213382
|move|p1b: Samurott|Sucker Punch||[still]
|-fail|p1b: Samurott
|move|p2b: Gholdengo|Nasty Plot|p2b: Gholdengo
|-boost|p2b: Gholdengo|spa|2
|move|p2a: Archaludon|Body Press|p1b: Samurott
|-supereffective|p1b: Samurott
|-damage|p1b: Samurott|0 fnt
|faint|p1b: Samurott
|move|p1a: Ditto|Snarl|p2a: Archaludon|[spread] p2a,p2b
|-supereffective|p2b: Gholdengo
|-damage|p2a: Archaludon|37/100
|-damage|p2b: Gholdengo|0 fnt
|-unboost|p2a: Archaludon|spa|1
|-ability|p2a: Archaludon|Stamina|boost
|-boost|p2a: Archaludon|def|1
|faint|p2b: Gholdengo
|
|-sideend|p2: adrinhoo|move: Light Screen
|upkeep
|
|t:|1755213385
|switch|p1b: Whimsicott|Whimsicott, L50, F, shiny|12/100
|turn|9
|
|t:|1755213393
|move|p1b: Whimsicott|Tailwind|p1b: Whimsicott
|-sidestart|p1: huntr/x rumi|move: Tailwind
|move|p1a: Ditto|Dragon Pulse|p2a: Archaludon
|-damage|p2a: Archaludon|11/100
|-ability|p2a: Archaludon|Stamina|boost
|-boost|p2a: Archaludon|def|1
|move|p2a: Archaludon|Body Press|p1a: Ditto
|-supereffective|p1a: Ditto
|-damage|p1a: Ditto|49/100
|-ability|p1a: Ditto|Stamina|boost
|-boost|p1a: Ditto|def|1
|
|upkeep
|turn|10
|
|t:|1755213400
|move|p1b: Whimsicott|Moonblast|p2a: Archaludon
|-damage|p2a: Archaludon|0 fnt
|faint|p2a: Archaludon
|
|win|huntr/x rumi
|raw|huntr/x rumi's rating: 1354 → 1372(+18 for winning)
|raw|adrinhoo's rating: 1326 → 1308(-18 for losing)
|c|☆huntr/x rumi|Gg
|l|☆adrinhoo
|player|p2|
