|j|☆marcosdeltasena31
|j|☆lalalaing
|html|marcosdeltasena31lalalaing    
|uhtml|bestof|Game 2 of a best-of-3
|t:|1786132464
|gametype|doubles
|player|p1|marcosdeltasena31|hilbert|1483
|player|p2|lalalaing|birdkeeper|1371
|gen|9
|tier|[Gen 9 Champions] VGC 2026 Reg M-B (Bo3)
|rated|
|rule|Species Clause: Limit one of each Pokémon
|rule|Item Clause: Limit 1 of each item
|clearpoke
|poke|p1|Charizard, L50, M, shiny|
|poke|p1|Floette-Eternal, L50, F|
|poke|p1|Whimsicott, L50, F|
|poke|p1|Garchomp, L50, M|
|poke|p1|Basculegion, L50, M|
|poke|p1|Kingambit, L50, F|
|poke|p2|Gengar, L50, M|
|poke|p2|Swampert, L50, F|
|poke|p2|Kommo-o, L50, M|
|poke|p2|Politoed, L50, M|
|poke|p2|Vivillon-Marine, L50, F|
|poke|p2|Incineroar, L50, M|
|teampreview|4
|showteam|p1|Charizard||CharizarditeY|Blaze|HeatWave,WeatherBall,SolarBeam,Protect|Modest||M|||50|]Floette-Eternal||Floettite|FlowerVeil|Moonblast,DazzlingGleam,LightofRuin,Protect|Timid||F|||50|]Whimsicott||FocusSash|Prankster|Moonblast,Tailwind,Encore,Protect|Timid||F|||50|]Garchomp||LifeOrb|RoughSkin|RockSlide,DragonClaw,Earthquake,Protect|Jolly||M|||50|]Basculegion||MysticWater|Adaptability|WaveCrash,LastRespects,AquaJet,Protect|Adamant||M|||50|]Kingambit||ChopleBerry|Defiant|KowtowCleave,LowKick,SuckerPunch,Protect|Adamant||F|||50|
|showteam|p2|Gengar||Gengarite|CursedBody|ShadowBall,PerishSong,Disable,Protect|Modest||M|||50|]Swampert||Swampertite|Torrent|WaveCrash,Earthquake,IcePunch,Protect|Adamant||F|||50|]Kommo-o||Leftovers|Soundproof|ClangingScales,AuraSphere,ClangorousSoul,Protect|Modest||M|||50|]Politoed||SitrusBerry|Drizzle|WeatherBall,Encore,PerishSong,Protect|Calm||M|||50|]Vivillon-Marine||FocusSash|CompoundEyes|Hurricane,SleepPowder,RagePowder,Protect|Timid||F|||50|]Incineroar||ChopleBerry|Intimidate|ThroatChop,FakeOut,PartingShot,Protect|Impish||M|||50|
|
|t:|1786132487
|teamsize|p1|4
|teamsize|p2|4
|start
|switch|p1a: Basculegion|Basculegion, L50, M|100/100
|switch|p1b: Whimsicott|Whimsicott, L50, F|100/100
|switch|p2a: Gengar|Gengar, L50, M|100/100
|switch|p2b: Vivillon|Vivillon-Marine, L50, F|100/100
|turn|1
|inactive|Battle timer is ON: inactive players will automatically lose when time's up. (requested by lalalaing)
|
|t:|1786132501
|detailschange|p2a: Gengar|Gengar-Mega, L50, M
|-mega|p2a: Gengar|Gengar|Gengarite
|move|p2a: Gengar|Protect|p2a: Gengar
|-singleturn|p2a: Gengar|Protect
|move|p2b: Vivillon|Protect|p2b: Vivillon
|-singleturn|p2b: Vivillon|Protect
|move|p1a: Basculegion|Protect|p1a: Basculegion
|-singleturn|p1a: Basculegion|Protect
|move|p1b: Whimsicott|Moonblast|p2b: Vivillon
|-activate|p2b: Vivillon|move: Protect
|
|upkeep
|turn|2
|
|t:|1786132518
|move|p2b: Vivillon|Rage Powder|p2b: Vivillon
|-singleturn|p2b: Vivillon|move: Rage Powder
|move|p1a: Basculegion|Aqua Jet|p2b: Vivillon
|-damage|p2b: Vivillon|31/100
|move|p1b: Whimsicott|Moonblast|p2b: Vivillon
|-crit|p2b: Vivillon
|-damage|p2b: Vivillon|0 fnt
|faint|p2b: Vivillon
|move|p2a: Gengar|Shadow Ball|p1a: Basculegion
|-supereffective|p1a: Basculegion|1
|-damage|p1a: Basculegion|0 fnt
|faint|p1a: Basculegion
|
|upkeep
|
|t:|1786132530
|switch|p2b: Kommo-o|Kommo-o, L50, M|100/100
|switch|p1a: Garchomp|Garchomp, L50, M|100/100
|turn|3
|
|t:|1786132539
|move|p2a: Gengar|Protect|p2a: Gengar
|-singleturn|p2a: Gengar|Protect
|move|p2b: Kommo-o|Protect|p2b: Kommo-o
|-singleturn|p2b: Kommo-o|Protect
|move|p1b: Whimsicott|Moonblast|p2b: Kommo-o
|-activate|p2b: Kommo-o|move: Protect
|move|p1a: Garchomp|Earthquake|p2b: Kommo-o|[spread] p1b
|-activate|p2a: Gengar|move: Protect
|-activate|p2b: Kommo-o|move: Protect
|-resisted|p1b: Whimsicott|1
|-damage|p1b: Whimsicott|65/100
|-damage|p1a: Garchomp|90/100|[from] item: Life Orb
|
|upkeep
|turn|4
|inactive|lalalaing has 30 seconds left.
|
|t:|1786132568
|switch|p2a: Politoed|Politoed, L50, M|100/100
|-weather|RainDance|[from] ability: Drizzle|[of] p2a: Politoed
|move|p1b: Whimsicott|Tailwind|p1b: Whimsicott
|-sidestart|p1: marcosdeltasena31|move: Tailwind
|move|p1a: Garchomp|Earthquake|p2b: Kommo-o|[spread] p1b,p2a,p2b
|-resisted|p1b: Whimsicott|1
|-damage|p1b: Whimsicott|25/100
|-damage|p2a: Politoed|50/100g
|-damage|p2b: Kommo-o|53/100
|-damage|p1a: Garchomp|80/100|[from] item: Life Orb
|move|p2b: Kommo-o|Clanging Scales|p1a: Garchomp|[spread] p1a
|-immune|p1b: Whimsicott
|-supereffective|p1a: Garchomp|1
|-damage|p1a: Garchomp|0 fnt
|faint|p1a: Garchomp
|-unboost|p2b: Kommo-o|def|1
|
|-weather|RainDance|[upkeep]
|-heal|p2b: Kommo-o|59/100|[from] item: Leftovers
|upkeep
|
|t:|1786132576
|switch|p1a: Charizard|Charizard, L50, M, shiny|100/100
|turn|5
|
|t:|1786132592
|detailschange|p1a: Charizard|Charizard-Mega-Y, L50, M, shiny
|-mega|p1a: Charizard|Charizard|Charizardite Y
|-weather|SunnyDay|[from] ability: Drought|[of] p1a: Charizard
|move|p2b: Kommo-o|Protect|p2b: Kommo-o
|-singleturn|p2b: Kommo-o|Protect
|move|p1b: Whimsicott|Moonblast|p2a: Politoed
|-damage|p2a: Politoed|21/100
|-enditem|p2a: Politoed|Sitrus Berry|[eat]
|-heal|p2a: Politoed|46/100|[from] item: Sitrus Berry
|move|p1a: Charizard|Heat Wave|p2a: Politoed|[spread] p2a
|-activate|p2b: Kommo-o|move: Protect
|-resisted|p2a: Politoed|1
|-damage|p2a: Politoed|24/100
|-status|p2a: Politoed|brn
|move|p2a: Politoed|Weather Ball|p1b: Whimsicott
|-supereffective|p1b: Whimsicott|1
|-damage|p1b: Whimsicott|0 fnt
|faint|p1b: Whimsicott
|
|-weather|SunnyDay|[upkeep]
|-heal|p2b: Kommo-o|65/100|[from] item: Leftovers
|-damage|p2a: Politoed|18/100 brn|[from] brn
|upkeep
|turn|6
|
|t:|1786132612
|switch|p2a: Gengar|Gengar-Mega, L50, M|100/100
|move|p1a: Charizard|Heat Wave|p2a: Gengar|[spread] p2a
|-miss|p1a: Charizard|p2b: Kommo-o
|-damage|p2a: Gengar|24/100
|move|p2b: Kommo-o|Clanging Scales|p1a: Charizard
|-damage|p1a: Charizard|57/100
|-unboost|p2b: Kommo-o|def|1
|
|-weather|SunnyDay|[upkeep]
|-heal|p2b: Kommo-o|71/100|[from] item: Leftovers
|upkeep
|turn|7
|
|t:|1786132619
|switch|p2b: Politoed|Politoed, L50, M|18/100 brn
|-weather|RainDance|[from] ability: Drizzle|[of] p2b: Politoed
|move|p2a: Gengar|Protect|p2a: Gengar
|-singleturn|p2a: Gengar|Protect
|move|p1a: Charizard|Heat Wave|p2a: Gengar|[spread] p2b
|-activate|p2a: Gengar|move: Protect
|-resisted|p2b: Politoed|1
|-damage|p2b: Politoed|10/100 brn
|
|-weather|RainDance|[upkeep]
|-damage|p2b: Politoed|4/100 brn|[from] brn
|-sideend|p1: marcosdeltasena31|move: Tailwind
|upkeep
|turn|8
|
|t:|1786132624
|move|p2a: Gengar|Shadow Ball|p1a: Charizard
|-damage|p1a: Charizard|5/100
|move|p1a: Charizard|Heat Wave|p2b: Politoed|[spread] p2a,p2b
|-resisted|p2b: Politoed|1
|-damage|p2a: Gengar|0 fnt
|-damage|p2b: Politoed|0 fnt
|faint|p2a: Gengar
|faint|p2b: Politoed
|
|-weather|RainDance|[upkeep]
|upkeep
|
|t:|1786132627
|switch|p2b: Kommo-o|Kommo-o, L50, M|71/100
|turn|9
|
|t:|1786132632
|move|p2b: Kommo-o|Clanging Scales|p1a: Charizard
|-damage|p1a: Charizard|0 fnt
|faint|p1a: Charizard
|
|win|lalalaing
||marcosdeltasena31 is ready for game 3.
||lalalaing is ready for game 3.
|uhtml|next|Next: Game 3 of 3
|l|☆marcosdeltasena31
|player|p1|
|l|☆lalalaing
|player|p2|
|j|☆lalalaing
|player|p2|lalalaing|birdkeeper|
