|j|☆grrimm32
|j|☆Monfernep
|html|grrimm32Monfernep    
|uhtml|bestof|Game 2 of a best-of-3
|t:|1785837618
|gametype|doubles
|player|p1|grrimm32|iono-masters|
|player|p2|Monfernep|skyla|
|gen|9
|tier|[Gen 9 Champions] VGC 2026 Reg M-B (Bo3)
|rule|Species Clause: Limit one of each Pokémon
|rule|Item Clause: Limit 1 of each item
|clearpoke
|poke|p1|Runerigus, L50, M|
|poke|p1|Slowbro, L50, F|
|poke|p1|Emboar, L50, F, shiny|
|poke|p1|Abomasnow, L50, M, shiny|
|poke|p1|Simipour, L50, F|
|poke|p1|Zoroark, L50, M|
|poke|p2|Simisear, L50, M|
|poke|p2|Tinkaton, L50, F|
|poke|p2|Garbodor, L50, F|
|poke|p2|Simisage, L50, F|
|poke|p2|Heliolisk, L50, M|
|poke|p2|Emboar, L50, M, shiny|
|teampreview|4
|showteam|p1|Runerigus||MentalHerb|WanderingSpirit|TrickRoom,Taunt,WillOWisp,Poltergeist|Sassy||M|||50|]Slowbro||Leftovers|Regenerator|TrickRoom,Scald,CalmMind,SlackOff|Relaxed||F|||50|]Emboar||LifeOrb|Reckless|FlareBlitz,CloseCombat,WildCharge,Protect|Brave||F|||50|]Abomasnow||Abomasite|SnowWarning|Blizzard,EarthPower,GigaDrain,Protect|Quiet||M|||50|]Simipour||WacanBerry|Torrent|FakeOut,Scald,FlipTurn,Taunt|Timid||F|||50|]Zoroark||FocusSash|Illusion|DarkPulse,Protect,Flamethrower,NastyPlot|Timid||M|||50|
|showteam|p2|Simisear||FocusSash|Gluttony|ScorchingSands,NastyPlot,HeatWave,GrassKnot|Timid||M|||50|]Tinkaton||Leftovers|MoldBreaker|FakeOut,GigatonHammer,KnockOff,RockSlide|Jolly||F|||50|]Garbodor||HeatRock|WeakArmor|StompingTantrum,PoisonJab,SunnyDay,Haze|Serious||F|||50|]Simisage||LifeOrb|Overgrow|LowKick,SolarBlade,Protect,RockSlide|Jolly||F|||50|]Heliolisk||ExpertBelt|SolarPower|SolarBeam,WeatherBall,Uturn,Thunderbolt|Timid||M|||50|]Emboar||Emboarite|Blaze|FirePunch,SolarBlade,CloseCombat,FlameCharge|Adamant||M|||50|
|
|t:|1785837682
|teamsize|p1|4
|teamsize|p2|4
|start
|switch|p1a: Emboar|Emboar, L50, F, shiny|100/100
|switch|p1b: Runerigus|Runerigus, L50, M|100/100
|switch|p2a: Tinkaton|Tinkaton, L50, F|100/100
|switch|p2b: Hydrogen Baby|Simisear, L50, M|100/100
|-ability|p2a: Tinkaton|Mold Breaker
|turn|1
|
|t:|1785837704
|move|p2a: Tinkaton|Fake Out|p1a: Emboar
|-damage|p1a: Emboar|88/100
|move|p2b: Hydrogen Baby|Grass Knot|p1b: Runerigus
|-supereffective|p1b: Runerigus|1
|-crit|p1b: Runerigus
|-damage|p1b: Runerigus|49/100
|-activate|p2b: Hydrogen Baby|Skill Swap|Wandering Spirit|Gluttony|[of] p1b: Runerigus
|cant|p1a: Emboar|flinch
|move|p1b: Runerigus|Trick Room|p1b: Runerigus
|-fieldstart|move: Trick Room|[of] p1b: Runerigus
|
|upkeep
|turn|2
|
|t:|1785837731
|switch|p2a: Gerson Boom|Emboar, L50, M, shiny|100/100
|move|p1b: Runerigus|Will-O-Wisp|p2a: Gerson Boom
|-immune|p2a: Gerson Boom
|move|p1a: Emboar|Close Combat|p2b: Hydrogen Baby
|-enditem|p2b: Hydrogen Baby|Focus Sash
|-damage|p2b: Hydrogen Baby|1/100
|-unboost|p1a: Emboar|def|1
|-unboost|p1a: Emboar|spd|1
|-activate|p1a: Emboar|Skill Swap|Wandering Spirit|Reckless|[of] p2b: Hydrogen Baby
|-damage|p1a: Emboar|78/100|[from] item: Life Orb
|move|p2b: Hydrogen Baby|Grass Knot|p1b: Runerigus
|-supereffective|p1b: Runerigus|1
|-damage|p1b: Runerigus|15/100
|
|upkeep
|turn|3
|
|t:|1785837775
|switch|p2b: Tinkaton|Tinkaton, L50, F|100/100
|-ability|p2b: Tinkaton|Mold Breaker
|detailschange|p2a: Gerson Boom|Emboar-Mega, L50, M, shiny
|-mega|p2a: Gerson Boom|Emboar|Emboarite
|-ability|p2a: Gerson Boom|Mold Breaker
|move|p1b: Runerigus|Poltergeist|p2a: Gerson Boom
|-activate|p2a: Gerson Boom|move: Poltergeist|Emboarite
|-damage|p2a: Gerson Boom|56/100
|move|p1a: Emboar|Close Combat|p2a: Gerson Boom
|-damage|p2a: Gerson Boom|0 fnt
|-unboost|p1a: Emboar|def|1
|-unboost|p1a: Emboar|spd|1
|faint|p2a: Gerson Boom
|-damage|p1a: Emboar|69/100|[from] item: Life Orb
|
|upkeep
|
|t:|1785837790
|switch|p2a: Threat|Garbodor, L50, F|100/100
|turn|4
|
|t:|1785837814
|move|p2b: Tinkaton|Fake Out|p1a: Emboar
|-crit|p1a: Emboar
|-damage|p1a: Emboar|34/100
|-activate|p2b: Tinkaton|Skill Swap|Wandering Spirit|Mold Breaker|[of] p1a: Emboar
|-ability|p1a: Emboar|Mold Breaker
|move|p1b: Runerigus|Will-O-Wisp|p2a: Threat
|-status|p2a: Threat|brn
|cant|p1a: Emboar|flinch
|move|p2a: Threat|Stomping Tantrum|p1b: Runerigus
|-damage|p1b: Runerigus|6/100
|
|-damage|p2a: Threat|94/100 brn|[from] brn
|upkeep
|turn|5
|
|t:|1785837836
|move|p1b: Runerigus|Poltergeist|p2a: Threat
|-activate|p2a: Threat|move: Poltergeist|Heat Rock
|-damage|p2a: Threat|41/100 brn
|-ability|p2a: Threat|Weak Armor|boost
|-unboost|p2a: Threat|def|1
|-boost|p2a: Threat|spe|2
|move|p1a: Emboar|Flare Blitz|p2b: Tinkaton
|-supereffective|p2b: Tinkaton|1
|-damage|p2b: Tinkaton|0 fnt
|-activate|p1a: Emboar|Skill Swap|Wandering Spirit|Mold Breaker|[of] p2b: Tinkaton
|-ability|p2b: Tinkaton|Mold Breaker
|faint|p2b: Tinkaton
|-damage|p1a: Emboar|10/100|[from] Recoil
|-damage|p1a: Emboar|1/100|[from] item: Life Orb
|move|p2a: Threat|Stomping Tantrum|p1a: Emboar
|-supereffective|p1a: Emboar|1
|-damage|p1a: Emboar|0 fnt
|-activate|p2a: Threat|Skill Swap|Wandering Spirit|Weak Armor|[of] p1a: Emboar
|faint|p1a: Emboar
|
|-damage|p2a: Threat|35/100 brn|[from] brn
|-fieldend|move: Trick Room
|upkeep
|
|t:|1785837846
|switch|p2b: Hydrogen Baby|Simisear, L50, M|1/100
|switch|p1a: Slowbro|Slowbro, L50, F|100/100
|turn|6
|
|t:|1785837896
|move|p2a: Threat|Sunny Day|p2a: Threat
|-weather|SunnyDay
|move|p2b: Hydrogen Baby|Grass Knot|p1a: Slowbro
|-supereffective|p1a: Slowbro|1
|-damage|p1a: Slowbro|53/100
|move|p1b: Runerigus|Poltergeist|p2a: Threat
|-activate|p2a: Threat|move: Poltergeist|Heat Rock
|-damage|p2a: Threat|0 fnt
|faint|p2a: Threat
|move|p1a: Slowbro|Scald|p2b: Hydrogen Baby
|-supereffective|p2b: Hydrogen Baby|1
|-damage|p2b: Hydrogen Baby|0 fnt
|faint|p2b: Hydrogen Baby
|
|win|grrimm32
|c|☆grrimm32|gg
