|j|☆kraft101
|j|☆celadonwhirlwind
|html|kraft101celadonwhirlwind    
|uhtml|bestof|Game 3 of a best-of-3
|t:|1783893577
|gametype|doubles
|player|p1|kraft101|265|1197
|player|p2|celadonwhirlwind|1|1180
|gen|9
|tier|[Gen 9 Champions] VGC 2026 Reg M-B (Bo3)
|rated|
|rule|Species Clause: Limit one of each Pokémon
|rule|Item Clause: Limit 1 of each item
|clearpoke
|poke|p1|Gholdengo, L50|
|poke|p1|Annihilape, L50, M|
|poke|p1|Incineroar, L50, M|
|poke|p1|Mawile, L50, F|
|poke|p1|Ninetales-Alola, L50, M|
|poke|p1|Dragonite, L50, M|
|poke|p2|Froslass, L50, F|
|poke|p2|Scovillain, L50, F|
|poke|p2|Basculegion, L50, M|
|poke|p2|Kingambit, L50, F|
|poke|p2|Sneasler, L50, F|
|poke|p2|Lycanroc-Dusk, L50, M|
|teampreview|4
|showteam|p1|Gholdengo||MetalCoat|GoodasGold|Protect,ShadowBall,MakeItRain,NastyPlot|Modest|||||50|]Annihilape||Leftovers|Defiant|Protect,RageFist,DrainPunch,BulkUp|Careful||M|||50|]Incineroar||SitrusBerry|Intimidate|Protect,FlareBlitz,DarkestLariat,FakeOut|Careful||M|||50|]Mawile||Mawilite|HyperCutter|PlayRough,IronHead,RockSlide,SuckerPunch|Adamant||F|||50|]Ninetales-Alola||LightClay|SnowWarning|IcyWind,AuroraVeil,Blizzard,Encore|Timid||M|||50|]Dragonite||LifeOrb|InnerFocus|ScaleShot,ExtremeSpeed,Tailwind,Protect|Adamant||M|||50|
|showteam|p2|Froslass||Froslassite|CursedBody|Blizzard,ShadowBall,AuroraVeil,Protect|Timid||F|||50|]Scovillain||Scovillainite|Moody|Overheat,RagePowder,GigaDrain,Protect|Bold||F|||50|]Basculegion||SitrusBerry|Adaptability|LastRespects,WaveCrash,AquaJet,Protect|Adamant||M|||50|]Kingambit||LifeOrb|Defiant|KowtowCleave,SuckerPunch,SwordsDance,Protect|Adamant||F|||50|]Sneasler||WhiteHerb|Unburden|DireClaw,CloseCombat,FakeOut,Protect|Adamant||F|||50|]Lycanroc-Dusk||FocusSash|ToughClaws|RockSlide,Accelerock,CloseCombat,Protect|Adamant||M|||50|
|inactive|Battle timer is ON: inactive players will automatically lose when time's up. (requested by celadonwhirlwind)
|
|t:|1783893598
|teamsize|p1|4
|teamsize|p2|4
|start
|switch|p1a: Ninetales|Ninetales-Alola, L50, M|100/100
|switch|p1b: Annihilape|Annihilape, L50, M|100/100
|switch|p2a: Froslass|Froslass, L50, F|100/100
|switch|p2b: Sneasler|Sneasler, L50, F|100/100
|-weather|Snowscape|[from] ability: Snow Warning|[of] p1a: Ninetales
|turn|1
|
|t:|1783893615
|detailschange|p2a: Froslass|Froslass-Mega, L50, F
|-mega|p2a: Froslass|Froslass|Froslassite
|move|p1b: Annihilape|Protect|p1b: Annihilape
|-singleturn|p1b: Annihilape|Protect
|move|p2b: Sneasler|Fake Out|p1a: Ninetales
|-damage|p1a: Ninetales|86/100
|move|p2a: Froslass|Aurora Veil|p2a: Froslass
|-sidestart|p2: celadonwhirlwind|move: Aurora Veil
|cant|p1a: Ninetales|flinch
|
|-weather|Snowscape|[upkeep]
|upkeep
|turn|2
|
|t:|1783893635
|switch|p1b: Incineroar|Incineroar, L50, M|100/100
|-ability|p1b: Incineroar|Intimidate|boost
|-unboost|p2a: Froslass|atk|1
|-unboost|p2b: Sneasler|atk|1
|-enditem|p2b: Sneasler|White Herb
|-clearnegativeboost|p2b: Sneasler|[silent]
|move|p2b: Sneasler|Dire Claw|p1b: Incineroar
|-damage|p1b: Incineroar|56/100
|move|p2a: Froslass|Shadow Ball|p1b: Incineroar
|-resisted|p1b: Incineroar|1
|-damage|p1b: Incineroar|39/100
|-enditem|p1b: Incineroar|Sitrus Berry|[eat]
|-heal|p1b: Incineroar|64/100|[from] item: Sitrus Berry
|move|p1a: Ninetales|Aurora Veil|p1a: Ninetales
|-sidestart|p1: kraft101|move: Aurora Veil
|
|-weather|Snowscape|[upkeep]
|upkeep
|turn|3
|
|t:|1783893656
|switch|p1a: Annihilape|Annihilape, L50, M|100/100
|move|p2b: Sneasler|Protect|p2b: Sneasler
|-singleturn|p2b: Sneasler|Protect
|move|p1b: Incineroar|Fake Out|p2b: Sneasler
|-activate|p2b: Sneasler|move: Protect
|move|p2a: Froslass|Shadow Ball|p1a: Annihilape
|-supereffective|p1a: Annihilape|1
|-damage|p1a: Annihilape|58/100
|-unboost|p1a: Annihilape|spd|1
|-ability|p1a: Annihilape|Defiant|boost
|-boost|p1a: Annihilape|atk|2
|
|-weather|Snowscape|[upkeep]
|-heal|p1a: Annihilape|64/100|[from] item: Leftovers
|upkeep
|turn|4
|inactive|kraft101 has 30 seconds left.
|
|t:|1783893688
|move|p2b: Sneasler|Close Combat|p1b: Incineroar
|-supereffective|p1b: Incineroar|1
|-damage|p1b: Incineroar|0 fnt
|-unboost|p2b: Sneasler|def|1
|-unboost|p2b: Sneasler|spd|1
|faint|p1b: Incineroar
|move|p2a: Froslass|Shadow Ball|p1a: Annihilape
|-supereffective|p1a: Annihilape|1
|-damage|p1a: Annihilape|4/100
|move|p1a: Annihilape|Rage Fist|p2b: Sneasler
|-damage|p2b: Sneasler|0 fnt
|faint|p2b: Sneasler
|
|-weather|Snowscape|[upkeep]
|-heal|p1a: Annihilape|10/100|[from] item: Leftovers
|upkeep
|
|t:|1783893702
|switch|p2b: Basculegion|Basculegion, L50, M|100/100
|switch|p1b: Mawile|Mawile, L50, F|100/100
|turn|5
|
|t:|1783893720
|switch|p2a: Kingambit|Kingambit, L50, F|100/100
|detailschange|p1b: Mawile|Mawile-Mega, L50, F
|-mega|p1b: Mawile|Mawile|Mawilite
|move|p1a: Annihilape|Protect|p1a: Annihilape
|-singleturn|p1a: Annihilape|Protect
|move|p2b: Basculegion|Aqua Jet|p1a: Annihilape
|-activate|p1a: Annihilape|move: Protect
|move|p1b: Mawile|Sucker Punch||[still]
|-fail|p1b: Mawile
|
|-weather|none
|-heal|p1a: Annihilape|16/100|[from] item: Leftovers
|-sideend|p2: celadonwhirlwind|move: Aurora Veil
|upkeep
|turn|6
|inactive|kraft101 has 30 seconds left.
|
|t:|1783893752
|move|p2b: Basculegion|Aqua Jet|p1a: Annihilape
|-damage|p1a: Annihilape|1/100
|move|p1a: Annihilape|Bulk Up|p1a: Annihilape
|-boost|p1a: Annihilape|atk|1
|-boost|p1a: Annihilape|def|1
|move|p1b: Mawile|Play Rough|p2b: Basculegion
|-damage|p2b: Basculegion|20/100y
|-enditem|p2b: Basculegion|Sitrus Berry|[eat]
|-heal|p2b: Basculegion|45/100|[from] item: Sitrus Berry
|move|p2a: Kingambit|Swords Dance|p2a: Kingambit
|-boost|p2a: Kingambit|atk|2
|
|-heal|p1a: Annihilape|6/100|[from] item: Leftovers
|upkeep
|turn|7
|inactive|kraft101 has 30 seconds left.
|
|t:|1783893781
|move|p1a: Annihilape|Protect|p1a: Annihilape
|-singleturn|p1a: Annihilape|Protect
|move|p2b: Basculegion|Protect|p2b: Basculegion
|-singleturn|p2b: Basculegion|Protect
|move|p1b: Mawile|Play Rough|p2a: Kingambit
|-damage|p2a: Kingambit|34/100
|move|p2a: Kingambit|Kowtow Cleave|p1b: Mawile
|-resisted|p1b: Mawile|1
|-damage|p1b: Mawile|54/100
|-damage|p2a: Kingambit|24/100|[from] item: Life Orb
|
|-heal|p1a: Annihilape|12/100|[from] item: Leftovers
|upkeep
|turn|8
|
|t:|1783893800
|move|p2a: Kingambit|Protect|p2a: Kingambit
|-singleturn|p2a: Kingambit|Protect
|move|p2b: Basculegion|Aqua Jet|p1a: Annihilape
|-damage|p1a: Annihilape|1/100
|move|p1a: Annihilape|Rage Fist|p2b: Basculegion
|-supereffective|p2b: Basculegion|1
|-damage|p2b: Basculegion|0 fnt
|faint|p2b: Basculegion
|move|p1b: Mawile|Play Rough|p2a: Kingambit
|-activate|p2a: Kingambit|move: Protect
|
|-heal|p1a: Annihilape|6/100|[from] item: Leftovers
|upkeep
|
|t:|1783893814
|switch|p2b: Froslass|Froslass-Mega, L50, F|100/100
|-weather|Snowscape|[from] ability: Snow Warning|[of] p2b: Froslass
|turn|9
|inactive|kraft101 has 30 seconds left.
|
|t:|1783893846
|move|p2a: Kingambit|Sucker Punch|p1a: Annihilape
|-damage|p1a: Annihilape|0 fnt
|faint|p1a: Annihilape
|-damage|p2a: Kingambit|14/100|[from] item: Life Orb
|move|p2b: Froslass|Aurora Veil|p2b: Froslass
|-sidestart|p2: celadonwhirlwind|move: Aurora Veil
|move|p1b: Mawile|Iron Head|p2b: Froslass
|-supereffective|p2b: Froslass|1
|-damage|p2b: Froslass|0 fnt
|faint|p2b: Froslass
|
|-weather|Snowscape|[upkeep]
|-sideend|p1: kraft101|move: Aurora Veil
|upkeep
|
|t:|1783893855
|switch|p1a: Ninetales|Ninetales-Alola, L50, M|86/100
|turn|10
|-message|celadonwhirlwind forfeited.
|
|win|kraft101
|raw|kraft101's rating: 1197 → 1221(+24 for winning)
|raw|celadonwhirlwind's rating: 1180 → 1156(-24 for losing)
|l|☆celadonwhirlwind
|player|p2|
