|j|☆LPTesting1
|j|‽Fakedomrilla
|html|LPTesting1Fakedomrilla    
|uhtml|bestof|Game 1 of a best-of-3
|t:|1756625813
|gametype|doubles
|player|p1|LPTesting1|102|1111
|player|p2|Fakedomrilla|red|1054
|gen|9
|tier|[Gen 9] VGC 2025 Reg H (Bo3)
|rated|
|rule|Species Clause: Limit one of each Pokémon
|rule|Item Clause: Limit 1 of each item
|clearpoke
|poke|p1|Maushold, L50|
|poke|p1|Annihilape, L50, F|
|poke|p1|Sinistcha, L50|
|poke|p1|Pelipper, L50, F|
|poke|p1|Archaludon, L50, F|
|poke|p1|Incineroar, L50, F|
|poke|p2|Glimmora, L50, M|
|poke|p2|Whimsicott, L50, M|
|poke|p2|Gholdengo, L50|
|poke|p2|Volcarona, L50, M|
|poke|p2|Baxcalibur, L50, F|
|poke|p2|Maushold-Four, L50|
|teampreview|4
|showteam|p1|Maushold||SafetyGoggles|FriendGuard|BeatUp,Taunt,FollowMe,Protect||||||50|,,,,,Ghost]Annihilape||Leftovers|Defiant|RageFist,DrainPunch,BulkUp,Protect|||F|||50|,,,,,Grass]Sinistcha||RockyHelmet|Hospitality|MatchaGotcha,LifeDew,TrickRoom,RagePowder||||||50|,,,,,Water]Pelipper||FocusSash|Drizzle|WeatherBall,Hurricane,Tailwind,WideGuard|||F|||50|,,,,,Ghost]Archaludon||AssaultVest|Stamina|ElectroShot,DragonPulse,FlashCannon,BodyPress|||F|||50|,,,,,Grass]Incineroar||SitrusBerry|Intimidate|FlareBlitz,KnockOff,PartingShot,FakeOut|||F|||50|,,,,,Grass
|showteam|p2|Glimmora||PowerHerb|ToxicDebris|MeteorBeam,SludgeBomb,MortalSpin,SpikyShield|||M|||50|,,,,,Grass]Whimsicott||CovertCloak|Prankster|Tailwind,Encore,SunnyDay,Taunt|||M|||50|,,,,,Water]Gholdengo||LifeOrb|GoodasGold|MakeItRain,ShadowBall,NastyPlot,Protect||||||50|,,,,,Steel]Volcarona||SitrusBerry|FlameBody|HeatWave,GigaDrain,QuiverDance,Protect|||M|||50|,,,,,Grass]Baxcalibur||LoadedDice|ThermalExchange|ScaleShot,GlaiveRush,IceShard,Protect|||F|||50|,,,,,Dragon]Maushold-Four||FocusSash|FriendGuard|FollowMe,PopulationBomb,Encore,Protect||||||50|,,,,,Ghost
|inactive|Battle timer is ON: inactive players will automatically lose when time's up. (requested by Fakedomrilla)
|
|t:|1756625931
|teamsize|p1|4
|teamsize|p2|4
|start
|switch|p1a: Maushold|Maushold, L50|100/100
|switch|p1b: Annihilape|Annihilape, L50, F|100/100
|switch|p2a: Glimmora|Glimmora, L50, M|100/100
|switch|p2b: Gholdengo|Gholdengo, L50|100/100
|turn|1
|inactive|LPTesting1 has 30 seconds left.
|inactive|Fakedomrilla has 30 seconds left.
|inactive|LPTesting1 has 20 seconds left.
|
|t:|1756625969
|-terastallize|p2b: Gholdengo|Steel
|move|p1a: Maushold|Beat Up|p1b: Annihilape
|-damage|p1b: Annihilape|99/100
|-damage|p1b: Annihilape|97/100
|-damage|p1b: Annihilape|95/100
|-damage|p1b: Annihilape|93/100
|-hitcount|p1b: Annihilape|4
|move|p2a: Glimmora|Sludge Bomb|p1b: Annihilape
|-resisted|p1b: Annihilape
|-damage|p1b: Annihilape|76/100
|move|p2b: Gholdengo|Make It Rain|p1a: Maushold|[spread] p1a,p1b
|-damage|p1a: Maushold|3/100
|-damage|p1b: Annihilape|19/100
|-unboost|p2b: Gholdengo|spa|1
|-damage|p2b: Gholdengo|91/100|[from] item: Life Orb
|move|p1b: Annihilape|Rage Fist|p2b: Gholdengo
|-damage|p2b: Gholdengo|0 fnt
|faint|p2b: Gholdengo
|
|-heal|p1b: Annihilape|25/100|[from] item: Leftovers
|upkeep
|inactive|Fakedomrilla has 30 seconds left.
|
|t:|1756625997
|switch|p2b: Volcarona|Volcarona, L50, M|100/100
|turn|2
|inactive|LPTesting1 has 30 seconds left.
|inactive|Fakedomrilla has 30 seconds left.
|
|t:|1756626029
|switch|p1a: Sinistcha|Sinistcha, L50|100/100
|-heal|p1b: Annihilape|50/100|[from] ability: Hospitality|[of] p1a: Sinistcha
|move|p2a: Glimmora|Mortal Spin|p1b: Annihilape|[spread] p1a,p1b
|-resisted|p1b: Annihilape
|-damage|p1a: Sinistcha|97/100
|-damage|p1b: Annihilape|48/100
|-status|p1a: Sinistcha|psn
|-status|p1b: Annihilape|psn
|-damage|p2a: Glimmora|84/100|[from] item: Rocky Helmet|[of] p1a: Sinistcha
|move|p2b: Volcarona|Heat Wave|p1b: Annihilape|[spread] p1b
|-miss|p2b: Volcarona|p1a: Sinistcha
|-damage|p1b: Annihilape|15/100 psn
|move|p1b: Annihilape|Drain Punch|p2a: Glimmora
|-damage|p2a: Glimmora|42/100
|-heal|p1b: Annihilape|31/100 psn|[from] drain|[of] p2a: Glimmora
|-activate|p2a: Glimmora|ability: Toxic Debris
|-sidestart|p1: LPTesting1|move: Toxic Spikes
|
|-heal|p1b: Annihilape|37/100 psn|[from] item: Leftovers
|-damage|p1b: Annihilape|25/100 psn|[from] psn
|-damage|p1a: Sinistcha|84/100 psn|[from] psn
|upkeep
|turn|3
|inactive|LPTesting1 has 30 seconds left.
|inactive|Fakedomrilla has 30 seconds left.
|inactive|LPTesting1 has 20 seconds left.
|inactive|LPTesting1 has 15 seconds left.
|inactive|LPTesting1 has 10 seconds left.
|inactive|LPTesting1 has 5 seconds left.
|
|t:|1756626079
|move|p1b: Annihilape|Protect|p1b: Annihilape
|-singleturn|p1b: Annihilape|Protect
|move|p2a: Glimmora|Sludge Bomb|p1a: Sinistcha
|-damage|p1a: Sinistcha|35/100 psn
|move|p2b: Volcarona|Heat Wave|p1b: Annihilape|[spread] p1a
|-activate|p1b: Annihilape|move: Protect
|-supereffective|p1a: Sinistcha
|-damage|p1a: Sinistcha|0 fnt
|faint|p1a: Sinistcha
|
|-heal|p1b: Annihilape|31/100 psn|[from] item: Leftovers
|-damage|p1b: Annihilape|18/100 psn|[from] psn
|upkeep
|
|t:|1756626091
|switch|p1a: Incineroar|Incineroar, L50, F|100/100
|-status|p1a: Incineroar|psn
|-ability|p1a: Incineroar|Intimidate|boost
|-unboost|p2a: Glimmora|atk|1
|-unboost|p2b: Volcarona|atk|1
|turn|4
|
|t:|1756626110
|move|p2a: Glimmora|Spiky Shield|p2a: Glimmora
|-singleturn|p2a: Glimmora|move: Protect
|move|p2b: Volcarona|Protect|p2b: Volcarona
|-singleturn|p2b: Volcarona|Protect
|move|p1a: Incineroar|Fake Out|p2a: Glimmora
|-activate|p2a: Glimmora|move: Protect
|-damage|p1a: Incineroar|88/100 psn|[from] Spiky Shield|[of] p2a: Glimmora
|move|p1b: Annihilape|Rage Fist|p2b: Volcarona
|-activate|p2b: Volcarona|move: Protect
|
|-heal|p1b: Annihilape|25/100 psn|[from] item: Leftovers
|-damage|p1b: Annihilape|12/100 psn|[from] psn
|-damage|p1a: Incineroar|76/100 psn|[from] psn
|upkeep
|turn|5
|inactive|LPTesting1 has 30 seconds left.
|
|t:|1756626142
|switch|p1a: Maushold|Maushold, L50|3/100
|-status|p1a: Maushold|psn
|move|p2a: Glimmora|Meteor Beam||[still]
|-prepare|p2a: Glimmora|Meteor Beam
|-boost|p2a: Glimmora|spa|1
|-enditem|p2a: Glimmora|Power Herb
|-anim|p2a: Glimmora|Meteor Beam|p1a: Maushold|[miss]
|-miss|p2a: Glimmora|p1a: Maushold
|move|p2b: Volcarona|Heat Wave|p1a: Maushold|[spread] p1a,p1b
|-damage|p1a: Maushold|0 fnt
|-damage|p1b: Annihilape|0 fnt
|faint|p1a: Maushold
|faint|p1b: Annihilape
|
|upkeep
|
|t:|1756626154
|switch|p1b: Incineroar|Incineroar, L50, F|76/100 psn
|-ability|p1b: Incineroar|Intimidate|boost
|-unboost|p2a: Glimmora|atk|1
|-unboost|p2b: Volcarona|atk|1
|turn|6
|
|t:|1756626164
|move|p2a: Glimmora|Meteor Beam||[still]
|-prepare|p2a: Glimmora|Meteor Beam
|-boost|p2a: Glimmora|spa|1
|move|p2b: Volcarona|Quiver Dance|p2b: Volcarona
|-boost|p2b: Volcarona|spa|1
|-boost|p2b: Volcarona|spd|1
|-boost|p2b: Volcarona|spe|1
|move|p1b: Incineroar|Knock Off|p2b: Volcarona
|-damage|p2b: Volcarona|41/100
|-enditem|p2b: Volcarona|Sitrus Berry|[from] move: Knock Off|[of] p1b: Incineroar
|
|-damage|p1b: Incineroar|64/100 psn|[from] psn
|upkeep
|turn|7
|
|t:|1756626178
|move|p2b: Volcarona|Heat Wave|p1b: Incineroar
|-resisted|p1b: Incineroar
|-damage|p1b: Incineroar|22/100 psn
|-enditem|p1b: Incineroar|Sitrus Berry|[eat]
|-heal|p1b: Incineroar|47/100 psn|[from] item: Sitrus Berry
|move|p2a: Glimmora|Meteor Beam|p1b: Incineroar|[from] lockedmove
|-supereffective|p1b: Incineroar
|-damage|p1b: Incineroar|0 fnt
|faint|p1b: Incineroar
|
|win|Fakedomrilla
||LPTesting1 is ready for game 2.
