|j|☆HolgerD
|j|☆ThierryVGC
|html|HolgerDThierryVGC    
|uhtml|bestof|Game 1 of a best-of-3
|t:|1756753319
|gametype|doubles
|player|p1|HolgerD|169|1330
|player|p2|ThierryVGC|2|1233
|gen|9
|tier|[Gen 9] VGC 2025 Reg H (Bo3)
|rated|
|rule|Species Clause: Limit one of each Pokémon
|rule|Item Clause: Limit 1 of each item
|clearpoke
|poke|p1|Maushold, L50|
|poke|p1|Pelipper, L50, M|
|poke|p1|Archaludon, L50, F|
|poke|p1|Ursaluna, L50, F|
|poke|p1|Sinistcha, L50|
|poke|p1|Basculegion, L50, M|
|poke|p2|Tyranitar, L50, F|
|poke|p2|Excadrill, L50, F|
|poke|p2|Kilowattrel, L50, M|
|poke|p2|Indeedee, L50, M|
|poke|p2|Sneasler, L50, F|
|poke|p2|Dragonite, L50, M|
|teampreview|4
|showteam|p1|Maushold||WideLens|Technician|PopulationBomb,FollowMe,Taunt,Protect||||||50|,,,,,Ghost]Pelipper||FocusSash|Drizzle|Hurricane,MuddyWater,Tailwind,Protect|||M|||50|,,,,,Stellar]Archaludon||AssaultVest|Stamina|DragonPulse,ElectroShot,BodyPress,FlashCannon|||F|||50|,,,,,Bug]Ursaluna||FlameOrb|Guts|Facade,HeadlongRush,Earthquake,Protect|||F|||50|,,,,,Ghost]Sinistcha||SitrusBerry|Hospitality|MatchaGotcha,ShadowBall,RagePowder,TrickRoom||||||50|,,,,,Dark]Basculegion||ChoiceBand|SwiftSwim|AquaJet,FlipTurn,LastRespects,WaveCrash|||M|||50|,,,,,Water
|showteam|p2|Tyranitar||AssaultVest|SandStream|RockSlide,KnockOff,TeraBlast,LowKick|||F|||50|,,,,,Flying]Excadrill||FocusSash|SandRush|Protect,HighHorsepower,Earthquake,IronHead|||F|||50|,,,,,Ground]Kilowattrel||CovertCloak|Competitive|Tailwind,Thunderbolt,AirSlash,Discharge|||M|||50|,,,,,Electric]Indeedee||ChoiceScarf|PsychicSurge|TeraBlast,ExpandingForce,Trick,Protect|||M|||50|,,,,,Psychic]Sneasler||PsychicSeed|Unburden|DireClaw,CloseCombat,ThroatChop,Coaching|||F|||50|,,,,,Dark]Dragonite||LoadedDice|Multiscale|ScaleShot,Haze,Tailwind,Protect|||M|||50|,,,,,Fairy
|
|t:|1756753354
|teamsize|p1|4
|teamsize|p2|4
|start
|switch|p1a: Maushold|Maushold, L50|100/100
|switch|p1b: Sinistcha|Sinistcha, L50|100/100
|switch|p2a: Dragonite|Dragonite, L50, M|100/100
|switch|p2b: Excadrill|Excadrill, L50, F|100/100
|turn|1
|
|t:|1756753379
|move|p1a: Maushold|Population Bomb|p2a: Dragonite
|-damage|p2a: Dragonite|94/100
|-damage|p2a: Dragonite|83/100
|-damage|p2a: Dragonite|72/100
|-damage|p2a: Dragonite|58/100
|-damage|p2a: Dragonite|45/100
|-damage|p2a: Dragonite|32/100
|-damage|p2a: Dragonite|21/100
|-damage|p2a: Dragonite|8/100
|-damage|p2a: Dragonite|0 fnt
|faint|p2a: Dragonite
|-hitcount|p2: Dragonite|9
|move|p2b: Excadrill|Earthquake|p1a: Maushold|[spread] p1a,p1b
|-resisted|p1b: Sinistcha
|-damage|p1a: Maushold|30/100
|-damage|p1b: Sinistcha|81/100
|move|p1b: Sinistcha|Trick Room|p1b: Sinistcha
|-fieldstart|move: Trick Room|[of] p1b: Sinistcha
|
|upkeep
|
|t:|1756753396
|switch|p2a: Indeedee|Indeedee, L50, M|100/100
|-fieldstart|move: Psychic Terrain|[from] ability: Psychic Surge|[of] p2a: Indeedee
|turn|2
|
|t:|1756753413
|move|p1b: Sinistcha|Matcha Gotcha|p2b: Excadrill|[spread] p2a,p2b
|-damage|p2a: Indeedee|66/100
|-heal|p1b: Sinistcha|94/100|[from] drain|[of] p2a: Indeedee
|-damage|p2b: Excadrill|65/100
|-heal|p1b: Sinistcha|100/100|[from] drain|[of] p2b: Excadrill
|-status|p2b: Excadrill|brn
|move|p2b: Excadrill|Iron Head|p1a: Maushold
|-damage|p1a: Maushold|0 fnt
|faint|p1a: Maushold
|move|p2a: Indeedee|Expanding Force|p1b: Sinistcha
|-damage|p1b: Sinistcha|38/100
|-enditem|p1b: Sinistcha|Sitrus Berry|[eat]
|-heal|p1b: Sinistcha|62/100|[from] item: Sitrus Berry
|
|-damage|p2b: Excadrill|59/100 brn|[from] brn
|upkeep
|
|t:|1756753425
|switch|p1a: Ursaluna|Ursaluna, L50, F|100/100
|turn|3
|
|t:|1756753441
|move|p2b: Excadrill|Protect|p2b: Excadrill
|-singleturn|p2b: Excadrill|Protect
|move|p1a: Ursaluna|Facade|p2a: Indeedee
|-damage|p2a: Indeedee|0 fnt
|faint|p2a: Indeedee
|move|p1b: Sinistcha|Matcha Gotcha|p2b: Excadrill
|-activate|p2b: Excadrill|move: Protect
|
|-damage|p2b: Excadrill|53/100 brn|[from] brn
|-status|p1a: Ursaluna|brn|[from] item: Flame Orb
|upkeep
|
|t:|1756753447
|switch|p2a: Tyranitar|Tyranitar, L50, F|100/100
|-weather|Sandstorm|[from] ability: Sand Stream|[of] p2a: Tyranitar
|turn|4
|
|t:|1756753477
|-terastallize|p2a: Tyranitar|Flying
|move|p1a: Ursaluna|Protect|p1a: Ursaluna
|-singleturn|p1a: Ursaluna|Protect
|move|p1b: Sinistcha|Matcha Gotcha|p2a: Tyranitar|[spread] p2a,p2b
|-resisted|p2a: Tyranitar
|-damage|p2a: Tyranitar|93/100
|-heal|p1b: Sinistcha|66/100|[from] drain|[of] p2a: Tyranitar
|-damage|p2b: Excadrill|22/100 brn
|-heal|p1b: Sinistcha|83/100|[from] drain|[of] p2b: Excadrill
|move|p2a: Tyranitar|Low Kick|p1a: Ursaluna
|-activate|p1a: Ursaluna|move: Protect
|move|p2b: Excadrill|Earthquake|p1b: Sinistcha|[spread] p1b
|-activate|p1a: Ursaluna|move: Protect
|-immune|p2a: Tyranitar
|-resisted|p1b: Sinistcha
|-damage|p1b: Sinistcha|72/100
|
|-weather|Sandstorm|[upkeep]
|-damage|p2a: Tyranitar|87/100|[from] Sandstorm
|-damage|p1b: Sinistcha|66/100|[from] Sandstorm
|-damage|p1a: Ursaluna|95/100 brn|[from] brn
|-damage|p2b: Excadrill|16/100 brn|[from] brn
|upkeep
|turn|5
|
|t:|1756753509
|move|p2b: Excadrill|Protect|p2b: Excadrill
|-singleturn|p2b: Excadrill|Protect
|move|p1b: Sinistcha|Rage Powder|p1b: Sinistcha
|-singleturn|p1b: Sinistcha|move: Rage Powder
|move|p1a: Ursaluna|Facade|p2a: Tyranitar
|-damage|p2a: Tyranitar|0 fnt
|faint|p2a: Tyranitar
|
|-weather|Sandstorm|[upkeep]
|-damage|p1b: Sinistcha|60/100|[from] Sandstorm
|-damage|p1a: Ursaluna|89/100 brn|[from] brn
|-damage|p2b: Excadrill|10/100 brn|[from] brn
|-fieldend|move: Trick Room
|upkeep
|turn|6
|
|t:|1756753528
|move|p1a: Ursaluna|Protect|p1a: Ursaluna
|-singleturn|p1a: Ursaluna|Protect
|move|p2b: Excadrill|Earthquake|p1a: Ursaluna|[spread] p1b
|-activate|p1a: Ursaluna|move: Protect
|-resisted|p1b: Sinistcha
|-damage|p1b: Sinistcha|50/100
|move|p1b: Sinistcha|Trick Room|p1b: Sinistcha
|-fieldstart|move: Trick Room|[of] p1b: Sinistcha
|
|-weather|Sandstorm|[upkeep]
|-damage|p1b: Sinistcha|44/100|[from] Sandstorm
|-damage|p1a: Ursaluna|83/100 brn|[from] brn
|-damage|p2b: Excadrill|4/100 brn|[from] brn
|-fieldend|move: Psychic Terrain
|upkeep
|turn|7
|-message|ThierryVGC forfeited.
|
|win|HolgerD
||ThierryVGC is ready for game 2.
||HolgerD is ready for game 2.
|uhtml|next|Next: Game 2 of 3
