|j|☆BigE3L
|j|☆tessa scarlet
|html|BigE3Ltessa scarlet    
|uhtml|bestof|Game 1 of a best-of-3
|t:|1756495441
|gametype|doubles
|player|p1|BigE3L|gambler|1344
|player|p2|tessa scarlet|265|1400
|gen|9
|tier|[Gen 9] VGC 2025 Reg H (Bo3)
|rated|
|rule|Species Clause: Limit one of each Pokémon
|rule|Item Clause: Limit 1 of each item
|clearpoke
|poke|p1|Torkoal, L50, M|
|poke|p1|Porygon2, L50|
|poke|p1|Ursaluna, L50, F|
|poke|p1|Rillaboom, L50, M|
|poke|p1|Lilligant-Hisui, L50, F|
|poke|p1|Ninetales, L50, F|
|poke|p2|Gholdengo, L50|
|poke|p2|Sneasler, L50, M|
|poke|p2|Rillaboom, L50, F|
|poke|p2|Dragonite, L50, M|
|poke|p2|Ninetales-Alola, L50, F|
|poke|p2|Arcanine-Hisui, L50, M|
|teampreview|4
|showteam|p1|Torkoal||Charcoal|Drought|Eruption,EarthPower,HeatWave,Protect|||M|||50|,,,,,Grass]Porygon2||Eviolite|Download|TrickRoom,Recover,TeraBlast,IceBeam||||||50|,,,,,Grass]Ursaluna||FlameOrb|Guts|Facade,HeadlongRush,Earthquake,Protect|||F|||50|,,,,,Ghost]Rillaboom||AssaultVest|GrassySurge|FakeOut,GrassyGlide,WoodHammer,HighHorsepower|||M|||50|,,,,,Fire]Lilligant-Hisui||FocusSash|Chlorophyll|Protect,CloseCombat,AfterYou,LeafBlade|||F|||50|,,,,,Ghost]Ninetales||CovertCloak|Drought|SunnyDay,WeatherBall,Protect,SolarBeam|||F|||50|,,,,,Grass
|showteam|p2|Gholdengo||GrassySeed|GoodasGold|NastyPlot,MakeItRain,ShadowBall,Protect||||||50|,,,,,Water]Sneasler||WhiteHerb|Unburden|CloseCombat,DireClaw,Coaching,Protect|||M|||50|,,,,,Ghost]Rillaboom||AssaultVest|GrassySurge|FakeOut,GrassyGlide,DrumBeating,HighHorsepower|||F|||50|,,,,,Fire]Dragonite||LoadedDice|Multiscale|ScaleShot,StompingTantrum,Tailwind,Protect|||M|||50|,,,,,Ground]Ninetales-Alola||FocusSash|SnowWarning|Blizzard,IcyWind,Encore,AuroraVeil|||F|||50|,,,,,Ghost]Arcanine-Hisui||ClearAmulet|Intimidate|RockSlide,FlareBlitz,ExtremeSpeed,Protect|||M|||50|,,,,,Water
|inactive|Battle timer is ON: inactive players will automatically lose when time's up. (requested by BigE3L)
|
|t:|1756495479
|teamsize|p1|4
|teamsize|p2|4
|start
|switch|p1a: Porygon2|Porygon2, L50|100/100
|switch|p1b: Rillaboom|Rillaboom, L50, M|100/100
|switch|p2a: Rillaboom|Rillaboom, L50, F|100/100
|switch|p2b: Gholdengo|Gholdengo, L50|100/100
|-fieldstart|move: Grassy Terrain|[from] ability: Grassy Surge|[of] p2a: Rillaboom
|-enditem|p2b: Gholdengo|Grassy Seed
|-boost|p2b: Gholdengo|def|1|[from] item: Grassy Seed
|-ability|p1a: Porygon2|Download|boost
|-boost|p1a: Porygon2|spa|1
|turn|1
|
|t:|1756495498
|move|p2a: Rillaboom|Fake Out|p1a: Porygon2
|-damage|p1a: Porygon2|93/100
|move|p2b: Gholdengo|Nasty Plot|p2b: Gholdengo
|-boost|p2b: Gholdengo|spa|2
|move|p1b: Rillaboom|High Horsepower|p2b: Gholdengo
|-supereffective|p2b: Gholdengo
|-damage|p2b: Gholdengo|57/100
|cant|p1a: Porygon2|flinch
|
|-heal|p2b: Gholdengo|63/100|[from] Grassy Terrain
|-heal|p1a: Porygon2|99/100|[from] Grassy Terrain
|upkeep
|turn|2
|
|t:|1756495522
|move|p2a: Rillaboom|Drum Beating|p1a: Porygon2
|-damage|p1a: Porygon2|75/100
|-unboost|p1a: Porygon2|spe|1
|move|p2b: Gholdengo|Make It Rain|p1b: Rillaboom|[spread] p1a,p1b
|-damage|p1a: Porygon2|19/100
|-damage|p1b: Rillaboom|22/100
|-unboost|p2b: Gholdengo|spa|1
|move|p1b: Rillaboom|Wood Hammer|p2a: Rillaboom
|-resisted|p2a: Rillaboom
|-damage|p2a: Rillaboom|64/100
|-damage|p1b: Rillaboom|10/100|[from] Recoil
|move|p1a: Porygon2|Trick Room|p1a: Porygon2
|-fieldstart|move: Trick Room|[of] p1a: Porygon2
|
|-heal|p1a: Porygon2|25/100|[from] Grassy Terrain
|-heal|p1b: Rillaboom|16/100|[from] Grassy Terrain
|-heal|p2b: Gholdengo|69/100|[from] Grassy Terrain
|-heal|p2a: Rillaboom|70/100|[from] Grassy Terrain
|upkeep
|turn|3
|inactive|BigE3L has 30 seconds left.
|inactive|tessa scarlet has 30 seconds left.
|
|t:|1756495555
|switch|p1b: Torkoal|Torkoal, L50, M|100/100
|-weather|SunnyDay|[from] ability: Drought|[of] p1b: Torkoal
|switch|p2a: Arcanine|Arcanine-Hisui, L50, M|100/100
|-ability|p2a: Arcanine|Intimidate|boost
|-unboost|p1a: Porygon2|atk|1
|-unboost|p1b: Torkoal|atk|1
|move|p2b: Gholdengo|Protect|p2b: Gholdengo
|-singleturn|p2b: Gholdengo|Protect
|move|p1a: Porygon2|Recover|p1a: Porygon2
|-heal|p1a: Porygon2|75/100
|
|-weather|SunnyDay|[upkeep]
|-heal|p1a: Porygon2|82/100|[from] Grassy Terrain
|-heal|p2b: Gholdengo|75/100|[from] Grassy Terrain
|upkeep
|turn|4
|
|t:|1756495580
|-terastallize|p1a: Porygon2|Grass
|-terastallize|p2b: Gholdengo|Water
|move|p1b: Torkoal|Eruption|p2a: Arcanine|[spread] p2a,p2b
|-resisted|p2a: Arcanine
|-resisted|p2b: Gholdengo
|-damage|p2a: Arcanine|72/100
|-damage|p2b: Gholdengo|33/100
|move|p1a: Porygon2|Tera Blast|p2b: Gholdengo|[anim] Tera Blast Grass
|-supereffective|p2b: Gholdengo
|-damage|p2b: Gholdengo|0 fnt
|faint|p2b: Gholdengo
|move|p2a: Arcanine|Rock Slide|p1a: Porygon2|[spread] p1a,p1b
|-supereffective|p1b: Torkoal
|-damage|p1a: Porygon2|66/100
|-damage|p1b: Torkoal|63/100
|
|-weather|SunnyDay|[upkeep]
|-heal|p1b: Torkoal|69/100|[from] Grassy Terrain
|-heal|p1a: Porygon2|72/100|[from] Grassy Terrain
|-heal|p2a: Arcanine|78/100|[from] Grassy Terrain
|upkeep
|
|t:|1756495590
|switch|p2b: Dragonite|Dragonite, L50, M|100/100
|turn|5
|
|t:|1756495620
|move|p2a: Arcanine|Protect|p2a: Arcanine
|-singleturn|p2a: Arcanine|Protect
|move|p1b: Torkoal|Heat Wave|p2a: Arcanine|[spread] p2b
|-activate|p2a: Arcanine|move: Protect
|-resisted|p2b: Dragonite
|-damage|p2b: Dragonite|85/100
|move|p1a: Porygon2|Ice Beam|p2b: Dragonite
|-supereffective|p2b: Dragonite
|-damage|p2b: Dragonite|0 fnt
|faint|p2b: Dragonite
|
|-weather|SunnyDay|[upkeep]
|-heal|p1b: Torkoal|76/100|[from] Grassy Terrain
|-heal|p1a: Porygon2|79/100|[from] Grassy Terrain
|-heal|p2a: Arcanine|84/100|[from] Grassy Terrain
|-fieldend|move: Grassy Terrain
|upkeep
|-message|tessa scarlet forfeited.
|
|win|BigE3L
||tessa scarlet is ready for game 2.
||BigE3L is ready for game 2.
|uhtml|next|Next: Game 2 of 3
|l|☆tessa scarlet
|player|p2|
