|j|☆Gabeeel
|j|☆Silvervaliantxyz
|html|GabeeelSilvervaliantxyz    
|uhtml|bestof|Game 2 of a best-of-3
|t:|1783203103
|gametype|doubles
|player|p1|Gabeeel|iris|
|player|p2|Silvervaliantxyz|riley|
|gen|9
|tier|[Gen 9 Champions] VGC 2026 Reg M-B (Bo3)
|rule|Species Clause: Limit one of each Pokémon
|rule|Item Clause: Limit 1 of each item
|clearpoke
|poke|p1|Scrafty, L50, M|
|poke|p1|Slowking-Galar, L50, M|
|poke|p1|Palafin, L50, F|
|poke|p1|Volcarona, L50, M|
|poke|p1|Meowscarada, L50, F|
|poke|p1|Metagross, L50|
|poke|p2|Blaziken, L50, M|
|poke|p2|Vivillon, L50, M, shiny|
|poke|p2|Sableye, L50, F|
|poke|p2|Raichu, L50, M, shiny|
|poke|p2|Aegislash, L50, F|
|poke|p2|Floette-Eternal, L50, F|
|teampreview|4
|showteam|p1|Scrafty||Scraftinite|Intimidate|FakeOut,KnockOff,DrainPunch,SwordsDance|Adamant||M|||50|]Slowking-Galar||LifeOrb|Regenerator|SludgeBomb,Psychic,TrickRoom,Protect|Quiet||M|||50|]Palafin||MysticWater|ZerotoHero|WaveCrash,FlipTurn,JetPunch,Protect|Adamant||F|||50|]Volcarona||Leftovers|FlameBody|HeatWave,GigaDrain,QuiverDance,Protect|Modest||M|||50|]Meowscarada||FocusSash|Overgrow|FlowerTrick,KnockOff,SuckerPunch,Protect|Jolly||F|||50|]Metagross||MetalCoat|ClearBody|BulletPunch,IronHead,PsychicFangs,Protect|Adamant|||||50|
|showteam|p2|Blaziken||Blazikenite|SpeedBoost|FlareBlitz,RockSlide,CloseCombat,Detect|Adamant||M|||50|]Vivillon||ChoiceScarf|CompoundEyes|SleepPowder,Uturn,RagePowder,PollenPuff|Timid||M|||50|]Sableye||LightClay|Prankster|Feint,KnockOff,LightScreen,Reflect|Impish||F|||50|]Raichu||RaichuniteX|LightningRod|FakeOut,Nuzzle,RisingVoltage,Protect|Timid||M|||50|]Aegislash||SpellTag|StanceChange|IronHead,KingsShield,ShadowSneak,Poltergeist|Adamant||F|||50|]Floette-Eternal||FairyFeather|FlowerVeil|Moonblast,DazzlingGleam,Psychic,Protect|Timid||F|||50|
|
|t:|1783203178
|teamsize|p1|4
|teamsize|p2|4
|start
|switch|p1a: Scrafty|Scrafty, L50, M|100/100
|switch|p1b: Palafin|Palafin, L50, F|100/100
|switch|p2a: RaiRai with Hax|Raichu, L50, M, shiny|100/100
|switch|p2b: Floette|Floette-Eternal, L50, F|100/100
|-ability|p1a: Scrafty|Intimidate|boost
|-unboost|p2a: RaiRai with Hax|atk|1
|-unboost|p2b: Floette|atk|1
|turn|1
|
|t:|1783203208
|switch|p1a: Slowking|Slowking-Galar, L50, M|100/100
|detailschange|p2a: RaiRai with Hax|Raichu-Mega-X, L50, M, shiny
|-mega|p2a: RaiRai with Hax|Raichu|Raichunite X
|-fieldstart|move: Electric Terrain|[from] ability: Electric Surge|[of] p2a: RaiRai with Hax
|move|p1b: Palafin|Protect|p1b: Palafin
|-singleturn|p1b: Palafin|Protect
|move|p2a: RaiRai with Hax|Fake Out|p1a: Slowking
|-damage|p1a: Slowking|91/100
|move|p2b: Floette|Moonblast|p1a: Slowking
|-resisted|p1a: Slowking|1
|-crit|p1a: Slowking
|-damage|p1a: Slowking|56/100
|
|upkeep
|turn|2
|
|t:|1783203236
|detailschange|p1b: Palafin|Palafin-Hero, L50, F
|switch|p1b: Volcarona|Volcarona, L50, M|100/100
|move|p2a: RaiRai with Hax|Rising Voltage|p1a: Slowking
|-hint|Rising Voltage's BP doubled on grounded target.
|-damage|p1a: Slowking|0 fnt
|faint|p1a: Slowking
|move|p2b: Floette|Moonblast|p1b: Volcarona
|-resisted|p1b: Volcarona|1
|-damage|p1b: Volcarona|75/100
|
|-heal|p1b: Volcarona|81/100|[from] item: Leftovers
|upkeep
|
|t:|1783203255
|switch|p1a: Scrafty|Scrafty, L50, M|100/100
|-ability|p1a: Scrafty|Intimidate|boost
|-unboost|p2a: RaiRai with Hax|atk|1
|-unboost|p2b: Floette|atk|1
|turn|3
|
|t:|1783203294
|detailschange|p1a: Scrafty|Scrafty-Mega, L50, M
|-mega|p1a: Scrafty|Scrafty|Scraftinite
|-ability|p1a: Scrafty|Intimidate|boost
|-unboost|p2a: RaiRai with Hax|atk|1
|-unboost|p2b: Floette|atk|1
|move|p1a: Scrafty|Fake Out|p2a: RaiRai with Hax
|-crit|p2a: RaiRai with Hax
|-damage|p2a: RaiRai with Hax|70/100
|cant|p2a: RaiRai with Hax|flinch
|move|p2b: Floette|Moonblast|p1a: Scrafty
|-supereffective|p1a: Scrafty|2
|-damage|p1a: Scrafty|0 fnt
|faint|p1a: Scrafty
|move|p1b: Volcarona|Quiver Dance|p1b: Volcarona
|-boost|p1b: Volcarona|spa|1
|-boost|p1b: Volcarona|spd|1
|-boost|p1b: Volcarona|spe|1
|
|-heal|p1b: Volcarona|88/100|[from] item: Leftovers
|upkeep
|
|t:|1783203318
|switch|p1a: Palafin|Palafin-Hero, L50, F|100/100
|-activate|p1a: Palafin|ability: Zero to Hero
|turn|4
|
|t:|1783203342
|switch|p2a: Vivillon|Vivillon, L50, M, shiny|100/100
|move|p1a: Palafin|Protect|p1a: Palafin
|-singleturn|p1a: Palafin|Protect
|move|p1b: Volcarona|Heat Wave|p2a: Vivillon|[spread] p2a,p2b
|-supereffective|p2a: Vivillon|1
|-crit|p2a: Vivillon
|-damage|p2a: Vivillon|0 fnt
|-damage|p2b: Floette|51/100
|faint|p2a: Vivillon
|move|p2b: Floette|Moonblast|p1a: Palafin
|-activate|p1a: Palafin|move: Protect
|
|-heal|p1b: Volcarona|94/100|[from] item: Leftovers
|upkeep
|
|t:|1783203357
|switch|p2a: Swsh|Aegislash, L50, F|100/100
|turn|5
|
|t:|1783203377
|move|p1a: Palafin|Jet Punch|p2b: Floette
|-damage|p2b: Floette|0 fnt
|faint|p2b: Floette
|-formechange|p2a: Swsh|Aegislash-Blade|
|move|p2a: Swsh|Shadow Sneak|p1b: Volcarona
|-damage|p1b: Volcarona|62/100
|-status|p2a: Swsh|brn|[from] ability: Flame Body|[of] p1b: Volcarona
|move|p1b: Volcarona|Heat Wave|p2a: Swsh
|-supereffective|p2a: Swsh|1
|-damage|p2a: Swsh|0 fnt
|faint|p2a: Swsh
|
|-heal|p1b: Volcarona|68/100|[from] item: Leftovers
|-fieldend|move: Electric Terrain
|upkeep
|
|t:|1783203392
|switch|p2a: RaiRai with Hax|Raichu-Mega-X, L50, M, shiny|70/100
|-fieldstart|move: Electric Terrain|[from] ability: Electric Surge|[of] p2a: RaiRai with Hax
|turn|6
|
|t:|1783203400
|move|p1b: Volcarona|Giga Drain|p2a: RaiRai with Hax
|-damage|p2a: RaiRai with Hax|13/100
|-heal|p1b: Volcarona|89/100|[from] drain|[of] p2a: RaiRai with Hax
|move|p2a: RaiRai with Hax|Rising Voltage|p1b: Volcarona
|-hint|Rising Voltage's BP doubled on grounded target.
|-damage|p1b: Volcarona|46/100
|move|p1a: Palafin|Wave Crash|p2a: RaiRai with Hax
|-damage|p2a: RaiRai with Hax|0 fnt
|faint|p2a: RaiRai with Hax
|-damage|p1a: Palafin|96/100|[from] Recoil
|
|win|Gabeeel
||Gabeeel is ready for game 3.
|inactive|Silvervaliantxyz has 30 seconds to confirm battle start!
||Silvervaliantxyz is ready for game 3.
|uhtml|next|Next: Game 3 of 3
