|j|☆ancient95
|j|☆sturmkitten69
|html|ancient95sturmkitten69    
|uhtml|bestof|Game 1 of a best-of-3
|t:|1784617992
|gametype|doubles
|player|p1|ancient95|benga|1238
|player|p2|sturmkitten69|fisherman-gen4|1138
|gen|9
|tier|[Gen 9 Champions] VGC 2026 Reg M-B (Bo3)
|rated|
|rule|Species Clause: Limit one of each Pokémon
|rule|Item Clause: Limit 1 of each item
|clearpoke
|poke|p1|Pyroar, L50, M|
|poke|p1|Pelipper, L50, F|
|poke|p1|Swampert, L50, M|
|poke|p1|Archaludon, L50, F|
|poke|p1|Dragapult, L50, F|
|poke|p1|Sinistcha, L50|
|poke|p2|Incineroar, L50, M, shiny|
|poke|p2|Rotom-Wash, L50, shiny|
|poke|p2|Delphox, L50, M|
|poke|p2|Altaria, L50, M|
|poke|p2|Sinistcha, L50|
|poke|p2|Basculegion, L50, M|
|teampreview|4
|showteam|p1|Pyroar||Pyroarite|Unnerve|Flamethrower,HeatWave,Protect,SolarBeam|Timid||M|||50|]Pelipper||SitrusBerry|Drizzle|Hurricane,WideGuard,Tailwind,WeatherBall|Modest||F|||50|]Swampert||Swampertite|Damp|WaveCrash,IcePunch,Protect,Earthquake|Adamant||M|||50|]Archaludon||Leftovers|Stamina|ElectroShot,FlashCannon,DragonPulse,Protect|Bold||F|||50|]Dragapult||FocusSash|CursedBody|DracoMeteor,PsychicFangs,SunnyDay,ShadowBall|Timid||F|||50|]Sinistcha||ColburBerry|Hospitality|MatchaGotcha,ShadowBall,Protect,RagePowder|Calm|||||50|
|showteam|p2|Incineroar||PasshoBerry|Intimidate|FakeOut,PartingShot,ThroatChop,FlareBlitz|Impish||M|||50|]Rotom-Wash||ChoiceScarf|Levitate|VoltSwitch,Electroweb,WillOWisp,HydroPump|Timid|||||50|]Delphox||Delphoxite|Blaze|HeatWave,CalmMind,Psychic,Protect|Timid||M|||50|]Altaria||RoseliBerry|CloudNine|Tailwind,Roost,WillOWisp,DragonPulse|Timid||M|||50|]Sinistcha||SitrusBerry|Hospitality|Protect,RagePowder,LifeDew,MatchaGotcha|Bold|||||50|]Basculegion||LifeOrb|Adaptability|LastRespects,WaveCrash,Protect,AquaJet|Adamant||M|||50|
|inactive|Battle timer is ON: inactive players will automatically lose when time's up. (requested by ancient95)
|inactive|ancient95 has 60 seconds left.
|
|t:|1784618029
|teamsize|p1|4
|teamsize|p2|4
|start
|switch|p1a: Dragapult|Dragapult, L50, F|100/100
|switch|p1b: Pyroar|Pyroar, L50, M|100/100
|switch|p2a: Delphox|Delphox, L50, M|100/100
|switch|p2b: Rotom|Rotom-Wash, L50, shiny|100/100
|-ability|p1b: Pyroar|Unnerve
|turn|1
|inactive|sturmkitten69 has 30 seconds left.
|
|t:|1784618058
|detailschange|p1b: Pyroar|Pyroar-Mega, L50, M
|-mega|p1b: Pyroar|Pyroar|Pyroarite
|detailschange|p2a: Delphox|Delphox-Mega, L50, M
|-mega|p2a: Delphox|Delphox|Delphoxite
|move|p2b: Rotom|Volt Switch|p1a: Dragapult
|-resisted|p1a: Dragapult|1
|-damage|p1a: Dragapult|78/100
|
|t:|1784618065
|switch|p2b: Altaria|Altaria, L50, M|100/100|[from] Volt Switch
|-ability|p2b: Altaria|Cloud Nine
|move|p1a: Dragapult|Sunny Day|p1a: Dragapult
|-weather|SunnyDay
|move|p2a: Delphox|Calm Mind|p2a: Delphox
|-boost|p2a: Delphox|spa|1
|-boost|p2a: Delphox|spd|1
|move|p1b: Pyroar|Solar Beam||[still]
|-prepare|p1b: Pyroar|Solar Beam
|
|-weather|SunnyDay|[upkeep]
|upkeep
|turn|2
|inactive|sturmkitten69 has 30 seconds left.
|
|t:|1784618090
|move|p1a: Dragapult|Draco Meteor|p2b: Altaria
|-supereffective|p2b: Altaria|1
|-damage|p2b: Altaria|0 fnt
|-unboost|p1a: Dragapult|spa|2
|faint|p2b: Altaria
|move|p2a: Delphox|Psychic|p1b: Pyroar
|-damage|p1b: Pyroar|15/100
|move|p1b: Pyroar|Solar Beam|p2a: Delphox|[from] lockedmove
|-resisted|p2a: Delphox|1
|-damage|p2a: Delphox|88/100
|
|-weather|SunnyDay|[upkeep]
|upkeep
|
|t:|1784618105
|switch|p2b: Rotom|Rotom-Wash, L50, shiny|100/100
|turn|3
|
|t:|1784618125
|move|p1b: Pyroar|Protect|p1b: Pyroar
|-singleturn|p1b: Pyroar|Protect
|move|p2b: Rotom|Hydro Pump|p1b: Pyroar
|-activate|p1b: Pyroar|move: Protect
|move|p1a: Dragapult|Shadow Ball|p2b: Rotom
|-damage|p2b: Rotom|74/100
|move|p2a: Delphox|Psychic|p1a: Dragapult
|-damage|p1a: Dragapult|0 fnt
|-start|p2a: Delphox|Disable|Psychic|[from] ability: Cursed Body|[of] p1a: Dragapult
|faint|p1a: Dragapult
|
|-weather|SunnyDay|[upkeep]
|upkeep
|
|t:|1784618132
|switch|p1a: Archaludon|Archaludon, L50, F|100/100
|turn|4
|
|t:|1784618143
|switch|p1b: Pelipper|Pelipper, L50, F|100/100
|-weather|RainDance|[from] ability: Drizzle|[of] p1b: Pelipper
|move|p2b: Rotom|Hydro Pump|p1b: Pelipper
|-resisted|p1b: Pelipper|1
|-damage|p1b: Pelipper|55/100
|move|p2a: Delphox|Heat Wave|p1b: Pelipper|[spread] p1a,p1b
|-resisted|p1b: Pelipper|1
|-damage|p1a: Archaludon|70/100
|-damage|p1b: Pelipper|41/100
|-ability|p1a: Archaludon|Stamina|boost
|-boost|p1a: Archaludon|def|1
|-enditem|p1b: Pelipper|Sitrus Berry|[eat]
|-heal|p1b: Pelipper|65/100|[from] item: Sitrus Berry
|move|p1a: Archaludon|Electro Shot||[still]
|-prepare|p1a: Archaludon|Electro Shot
|-boost|p1a: Archaludon|spa|1
|-anim|p1a: Archaludon|Electro Shot|p2b: Rotom
|-damage|p2b: Rotom|0 fnt
|faint|p2b: Rotom
|
|-weather|RainDance|[upkeep]
|-heal|p1a: Archaludon|76/100|[from] item: Leftovers
|upkeep
|
|t:|1784618163
|switch|p2b: Sinistcha|Sinistcha, L50|100/100
|-heal|p2a: Delphox|100/100|[from] ability: Hospitality|[of] p2b: Sinistcha
|turn|5
|inactive|ancient95 has 30 seconds left.
|inactive|sturmkitten69 has 30 seconds left.
|
|t:|1784618193
|move|p2b: Sinistcha|Rage Powder|p2b: Sinistcha
|-singleturn|p2b: Sinistcha|move: Rage Powder
|move|p2a: Delphox|Heat Wave|p1a: Archaludon|[spread] p1a
|-miss|p2a: Delphox|p1b: Pelipper
|-damage|p1a: Archaludon|49/100
|-ability|p1a: Archaludon|Stamina|boost
|-boost|p1a: Archaludon|def|1
|move|p1a: Archaludon|Electro Shot||[still]
|-prepare|p1a: Archaludon|Electro Shot
|-boost|p1a: Archaludon|spa|1
|-anim|p1a: Archaludon|Electro Shot|p2b: Sinistcha
|-resisted|p2b: Sinistcha|1
|-damage|p2b: Sinistcha|63/100
|move|p1b: Pelipper|Hurricane|p2b: Sinistcha
|-supereffective|p2b: Sinistcha|1
|-damage|p2b: Sinistcha|0 fnt
|faint|p2b: Sinistcha
|
|-weather|RainDance|[upkeep]
|-heal|p1a: Archaludon|55/100|[from] item: Leftovers
|upkeep
|turn|6
|
|t:|1784618210
|move|p2a: Delphox|Heat Wave|p1a: Archaludon|[spread] p1a,p1b
|-resisted|p1b: Pelipper|1
|-damage|p1a: Archaludon|26/100
|-damage|p1b: Pelipper|50/100g
|-ability|p1a: Archaludon|Stamina|boost
|-boost|p1a: Archaludon|def|1
|move|p1a: Archaludon|Electro Shot||[still]
|-prepare|p1a: Archaludon|Electro Shot
|-boost|p1a: Archaludon|spa|1
|-anim|p1a: Archaludon|Electro Shot|p2a: Delphox
|-damage|p2a: Delphox|47/100
|move|p1b: Pelipper|Weather Ball|p2a: Delphox
|-supereffective|p2a: Delphox|1
|-damage|p2a: Delphox|0 fnt
|faint|p2a: Delphox
|
|win|ancient95
||sturmkitten69 is ready for game 2.
||ancient95 is ready for game 2.
|uhtml|next|Next: Game 2 of 3
|l|☆ancient95
|player|p1|
