|j|☆SelvesterTheYAK
|j|☆lexerthanatauros
|html|SelvesterTheYAKlexerthanatauros    
|uhtml|bestof|Game 2 of a best-of-3
|t:|1756952841
|gametype|doubles
|player|p1|SelvesterTheYAK|265|1114
|player|p2|lexerthanatauros|lucas|1016
|gen|9
|tier|[Gen 9] VGC 2025 Reg H (Bo3)
|rated|
|rule|Species Clause: Limit one of each Pokémon
|rule|Item Clause: Limit 1 of each item
|clearpoke
|poke|p1|Tyranitar, L50, F|
|poke|p1|Garchomp, L50, M|
|poke|p1|Gholdengo, L50|
|poke|p1|Talonflame, L50, F|
|poke|p1|Amoonguss, L50, M|
|poke|p1|Milotic, L50, M|
|poke|p2|Blastoise, L50, M|
|poke|p2|Pelipper, L50, F|
|poke|p2|Baxcalibur, L50, F|
|poke|p2|Pachirisu, L50, M|
|poke|p2|Rillaboom, L50, M|
|poke|p2|Basculegion, L50, M|
|teampreview|4
|showteam|p1|Tyranitar||AssaultVest|SandStream|RockSlide,TeraBlast,KnockOff,LowKick|||F|||50|,,,,,Flying]Garchomp||LifeOrb|SandVeil|Protect,DragonClaw,StompingTantrum,Earthquake|||M|||50|,,,,,Steel]Gholdengo||MetalCoat|GoodasGold|MakeItRain,ShadowBall,Protect,NastyPlot||||||50|,,,,,Flying]Talonflame||CovertCloak|GaleWings|BraveBird,Tailwind,WillOWisp,Taunt|||F|||50|,,,,,Ghost]Amoonguss||SitrusBerry|Regenerator|Protect,Spore,RagePowder,PollenPuff|||M|||50|,,,,,Water]Milotic||SafetyGoggles|Competitive|Haze,Protect,IcyWind,Scald|||M|||50|,,,,,Dragon
|showteam|p2|Blastoise||MysticWater|Torrent|HydroCannon,WaterSpout,IcyWind,Protect|||M|||50|,,,,,Water]Pelipper||FocusSash|Drizzle|Hurricane,Tailwind,WideGuard,WeatherBall|||F|||50|,,,,,Ghost]Baxcalibur||LoadedDice|ThermalExchange|ScaleShot,IcicleSpear,GlaiveRush,Protect|||F|||50|,,,,,Dragon]Pachirisu||SitrusBerry|VoltAbsorb|SuperFang,Nuzzle,FollowMe,HelpingHand|||M|||50|,,,,,Water]Rillaboom||MiracleSeed|GrassySurge|FakeOut,GrassyGlide,WoodHammer,Protect|||M|||50|,,,,,Grass]Basculegion||ChoiceScarf|Adaptability|FlipTurn,WaveCrash,LastRespects,AquaJet|||M|||50|,,,,,Water
|inactive|Battle timer is ON: inactive players will automatically lose when time's up. (requested by lexerthanatauros)
|
|t:|1756952855
|teamsize|p1|4
|teamsize|p2|4
|start
|switch|p1a: Talonflame|Talonflame, L50, F|100/100
|switch|p1b: Gholdengo|Gholdengo, L50|100/100
|switch|p2a: Pelipper|Pelipper, L50, F|100/100
|switch|p2b: Baxcalibur|Baxcalibur, L50, F|100/100
|-weather|RainDance|[from] ability: Drizzle|[of] p2a: Pelipper
|turn|1
|inactive|SelvesterTheYAK has 30 seconds left.
|
|t:|1756952887
|move|p1a: Talonflame|Tailwind|p1a: Talonflame
|-sidestart|p1: SelvesterTheYAK|move: Tailwind
|move|p1b: Gholdengo|Shadow Ball|p2b: Baxcalibur
|-damage|p2b: Baxcalibur|59/100
|move|p2b: Baxcalibur|Scale Shot|p1a: Talonflame
|-damage|p1a: Talonflame|84/100
|-crit|p1a: Talonflame
|-damage|p1a: Talonflame|56/100
|-damage|p1a: Talonflame|39/100
|-damage|p1a: Talonflame|21/100
|-damage|p1a: Talonflame|4/100
|-hitcount|p1a: Talonflame|5
|-unboost|p2b: Baxcalibur|def|1
|-boost|p2b: Baxcalibur|spe|1
|move|p2a: Pelipper|Tailwind|p2a: Pelipper
|-sidestart|p2: lexerthanatauros|move: Tailwind
|
|-weather|RainDance|[upkeep]
|upkeep
|turn|2
|inactive|SelvesterTheYAK has 30 seconds left.
|inactive|SelvesterTheYAK has 20 seconds left.
|inactive|SelvesterTheYAK has 15 seconds left.
|inactive|SelvesterTheYAK has 10 seconds left.
|
|t:|1756952937
|switch|p1a: Tyranitar|Tyranitar, L50, F|100/100
|-weather|Sandstorm|[from] ability: Sand Stream|[of] p1a: Tyranitar
|move|p2b: Baxcalibur|Protect|p2b: Baxcalibur
|-singleturn|p2b: Baxcalibur|Protect
|move|p1b: Gholdengo|Shadow Ball|p2b: Baxcalibur
|-activate|p2b: Baxcalibur|move: Protect
|move|p2a: Pelipper|Weather Ball|p1a: Tyranitar
|-damage|p1a: Tyranitar|89/100
|
|-weather|Sandstorm|[upkeep]
|-damage|p2b: Baxcalibur|53/100|[from] Sandstorm
|-damage|p2a: Pelipper|95/100|[from] Sandstorm
|upkeep
|turn|3
|inactive|SelvesterTheYAK has 30 seconds left.
|
|t:|1756952969
|-terastallize|p2b: Baxcalibur|Dragon
|move|p2b: Baxcalibur|Glaive Rush|p1a: Tyranitar
|-damage|p1a: Tyranitar|18/100
|-singlemove|p2b: Baxcalibur|Glaive Rush|[silent]
|move|p1b: Gholdengo|Nasty Plot|p1b: Gholdengo
|-boost|p1b: Gholdengo|spa|2
|move|p2a: Pelipper|Hurricane|p1b: Gholdengo|[miss]
|-miss|p2a: Pelipper|p1b: Gholdengo
|move|p1a: Tyranitar|Knock Off|p2b: Baxcalibur
|-damage|p2b: Baxcalibur|0 fnt
|-enditem|p2b: Baxcalibur|Loaded Dice|[from] move: Knock Off|[of] p1a: Tyranitar
|faint|p2b: Baxcalibur
|
|-weather|Sandstorm|[upkeep]
|-damage|p2a: Pelipper|89/100|[from] Sandstorm
|upkeep
|
|t:|1756952980
|switch|p2b: Basculegion|Basculegion, L50, M|100/100
|turn|4
|
|t:|1756952996
|switch|p2a: Blastoise|Blastoise, L50, M|100/100
|move|p1b: Gholdengo|Protect|p1b: Gholdengo
|-singleturn|p1b: Gholdengo|Protect
|move|p2b: Basculegion|Wave Crash|p1a: Tyranitar
|-supereffective|p1a: Tyranitar
|-damage|p1a: Tyranitar|0 fnt
|faint|p1a: Tyranitar
|-damage|p2b: Basculegion|95/100|[from] Recoil
|
|-weather|Sandstorm|[upkeep]
|-damage|p2b: Basculegion|89/100|[from] Sandstorm
|-damage|p2a: Blastoise|95/100|[from] Sandstorm
|-sideend|p2: lexerthanatauros|move: Tailwind
|-sideend|p1: SelvesterTheYAK|move: Tailwind
|upkeep
|
|t:|1756953008
|switch|p1a: Talonflame|Talonflame, L50, F|4/100
|turn|5
|
|t:|1756953035
|-terastallize|p1b: Gholdengo|Flying
|move|p2b: Basculegion|Wave Crash|p1a: Talonflame
|-supereffective|p1a: Talonflame
|-damage|p1a: Talonflame|0 fnt
|faint|p1a: Talonflame
|-damage|p2b: Basculegion|88/100|[from] Recoil
|move|p1b: Gholdengo|Shadow Ball|p2b: Basculegion
|-supereffective|p2b: Basculegion
|-damage|p2b: Basculegion|0 fnt
|faint|p2b: Basculegion
|move|p2a: Blastoise|Hydro Cannon|p1b: Gholdengo
|-damage|p1b: Gholdengo|18/100
|-mustrecharge|p2a: Blastoise
|
|-weather|Sandstorm|[upkeep]
|-damage|p1b: Gholdengo|12/100|[from] Sandstorm
|-damage|p2a: Blastoise|89/100|[from] Sandstorm
|upkeep
|
|t:|1756953049
|switch|p1a: Garchomp|Garchomp, L50, M|100/100
|switch|p2b: Pelipper|Pelipper, L50, F|89/100
|-weather|RainDance|[from] ability: Drizzle|[of] p2b: Pelipper
|turn|6
|
|t:|1756953062
|move|p1a: Garchomp|Dragon Claw|p2b: Pelipper
|-damage|p2b: Pelipper|14/100
|-damage|p1a: Garchomp|91/100|[from] item: Life Orb
|move|p1b: Gholdengo|Shadow Ball|p2b: Pelipper
|-damage|p2b: Pelipper|0 fnt
|faint|p2b: Pelipper
|cant|p2a: Blastoise|recharge
|
|-weather|RainDance|[upkeep]
|upkeep
|turn|7
|
|t:|1756953074
|move|p1a: Garchomp|Dragon Claw|p2a: Blastoise
|-damage|p2a: Blastoise|40/100
|-damage|p1a: Garchomp|81/100|[from] item: Life Orb
|move|p1b: Gholdengo|Shadow Ball|p2a: Blastoise
|-damage|p2a: Blastoise|0 fnt
|faint|p2a: Blastoise
|
|win|SelvesterTheYAK
|raw|SelvesterTheYAK's rating: 1114 → 1132(+18 for winning)
|raw|lexerthanatauros's rating: 1016 → 1007(-9 for losing)
|c|☆SelvesterTheYAK|ggwp
|l|☆lexerthanatauros
|player|p2|
