|j|☆Chandeliere
|j|☆helioshorus
|html|Chandelierehelioshorus    
|uhtml|bestof|Game 3 of a best-of-3
|t:|1756621344
|gametype|doubles
|player|p1|Chandeliere|ethan|1111
|player|p2|helioshorus|marshal|1000
|gen|9
|tier|[Gen 9] VGC 2025 Reg H (Bo3)
|rated|
|rule|Species Clause: Limit one of each Pokémon
|rule|Item Clause: Limit 1 of each item
|clearpoke
|poke|p1|Ninetales-Alola, L50, M|
|poke|p1|Gholdengo, L50|
|poke|p1|Garchomp, L50, M|
|poke|p1|Incineroar, L50, F|
|poke|p1|Sneasler, L50, M|
|poke|p1|Corviknight, L50, F|
|poke|p2|Corviknight, L50, M|
|poke|p2|Tyranitar, L50, F|
|poke|p2|Garchomp, L50, F|
|poke|p2|Gholdengo, L50|
|poke|p2|Hydreigon, L50, M|
|poke|p2|Dragapult, L50, M|
|teampreview|4
|showteam|p1|Ninetales-Alola||LightClay|SnowWarning|AuroraVeil,Blizzard,FreezeDry,Protect|||M|||50|,,,,,Ghost]Gholdengo||LifeOrb|GoodasGold|MakeItRain,ShadowBall,NastyPlot,Protect||||||50|,,,,,Water]Garchomp||ClearAmulet|RoughSkin|Earthquake,StompingTantrum,DragonClaw,Protect|||M|||50|,,,,,Ground]Incineroar||SafetyGoggles|Intimidate|FakeOut,KnockOff,FlareBlitz,PartingShot|||F|||50|,,,,,Ghost]Sneasler||WhiteHerb|Unburden|Coaching,CloseCombat,DireClaw,Protect|||M|||50|,,,,,Ghost]Corviknight||SitrusBerry|MirrorArmor|BodyPress,BraveBird,Tailwind,Protect|||F|||50|,,,,,Fire
|showteam|p2|Corviknight||Leftovers|MirrorArmor|BraveBird,IronHead,Tailwind,Taunt|||M|||50|,,,,,Dragon]Tyranitar||AssaultVest|SandStream|KnockOff,RockSlide,TeraBlast,LowKick|||F|||50|,,,,,Flying]Garchomp||LifeOrb|RoughSkin|Earthquake,StompingTantrum,DragonClaw,Protect|||F|||50|,,,,,Steel]Gholdengo||MetalCoat|GoodasGold|NastyPlot,MakeItRain,ShadowBall,Protect||||||50|,,,,,Water]Hydreigon||SafetyGoggles|Levitate|DracoMeteor,HeatWave,NastyPlot,Protect|||M|||50|,,,,,Fire]Dragapult||FocusSash|ClearBody|DracoMeteor,ShadowBall,WillOWisp,Protect|||M|||50|,,,,,Dragon
|inactive|Battle timer is ON: inactive players will automatically lose when time's up. (requested by helioshorus)
|
|t:|1756621390
|teamsize|p1|4
|teamsize|p2|4
|start
|switch|p1a: Corviknight|Corviknight, L50, F|100/100
|switch|p1b: Garchomp|Garchomp, L50, M|100/100
|switch|p2a: Dragapult|Dragapult, L50, M|100/100
|switch|p2b: Corviknight|Corviknight, L50, M|100/100
|turn|1
|inactive|Chandeliere has 30 seconds left.
|inactive|helioshorus has 30 seconds left.
|inactive|Chandeliere has 20 seconds left.
|
|t:|1756621435
|move|p1b: Garchomp|Protect|p1b: Garchomp
|-singleturn|p1b: Garchomp|Protect
|move|p2a: Dragapult|Will-O-Wisp|p1b: Garchomp
|-activate|p1b: Garchomp|move: Protect
|move|p2b: Corviknight|Taunt|p1a: Corviknight
|-start|p1a: Corviknight|move: Taunt
|move|p1a: Corviknight|Brave Bird|p2a: Dragapult
|-damage|p2a: Dragapult|42/100
|-damage|p1a: Corviknight|85/100|[from] Recoil
|
|upkeep
|turn|2
|inactive|Chandeliere has 30 seconds left.
|inactive|helioshorus has 30 seconds left.
|inactive|Chandeliere has 20 seconds left.
|
|t:|1756621471
|switch|p1b: Incineroar|Incineroar, L50, F|100/100
|-ability|p1b: Incineroar|Intimidate|boost
|-fail|p2a: Dragapult|unboost|[from] ability: Clear Body|[of] p2a: Dragapult
|-ability|p2b: Corviknight|Mirror Armor
|-unboost|p1b: Incineroar|atk|1
|move|p2a: Dragapult|Draco Meteor|p1b: Incineroar
|-damage|p1b: Incineroar|53/100
|-unboost|p2a: Dragapult|spa|2
|move|p2b: Corviknight|Tailwind|p2b: Corviknight
|-sidestart|p2: helioshorus|move: Tailwind
|move|p1a: Corviknight|Brave Bird|p2a: Dragapult
|-damage|p2a: Dragapult|0 fnt
|faint|p2a: Dragapult
|-damage|p1a: Corviknight|74/100|[from] Recoil
|
|upkeep
|
|t:|1756621489
|switch|p2a: Garchomp|Garchomp, L50, F|100/100
|turn|3
|
|t:|1756621501
|switch|p1a: Garchomp|Garchomp, L50, M|100/100
|move|p1b: Incineroar|Fake Out|p2a: Garchomp
|-damage|p2a: Garchomp|93/100
|-damage|p1b: Incineroar|41/100|[from] ability: Rough Skin|[of] p2a: Garchomp
|cant|p2a: Garchomp|flinch
|move|p2b: Corviknight|Iron Head|p1a: Garchomp
|-crit|p1a: Garchomp
|-damage|p1a: Garchomp|61/100
|-damage|p2b: Corviknight|88/100|[from] ability: Rough Skin|[of] p1a: Garchomp
|
|-heal|p2b: Corviknight|94/100|[from] item: Leftovers
|upkeep
|turn|4
|
|t:|1756621526
|switch|p1b: Corviknight|Corviknight, L50, F|74/100
|move|p1a: Garchomp|Protect|p1a: Garchomp
|-singleturn|p1a: Garchomp|Protect
|move|p2a: Garchomp|Earthquake|p1b: Corviknight|[spread] 
|-activate|p1a: Garchomp|move: Protect
|-immune|p2b: Corviknight
|-immune|p1b: Corviknight
|move|p2b: Corviknight|Brave Bird|p1a: Garchomp
|-activate|p1a: Garchomp|move: Protect
|
|-heal|p2b: Corviknight|99/100|[from] item: Leftovers
|upkeep
|turn|5
|inactive|Chandeliere has 30 seconds left.
|inactive|Chandeliere has 20 seconds left.
|inactive|Chandeliere has 15 seconds left.
|
|t:|1756621566
|switch|p1a: Incineroar|Incineroar, L50, F|41/100
|-ability|p1a: Incineroar|Intimidate|boost
|-unboost|p2a: Garchomp|atk|1
|-ability|p2b: Corviknight|Mirror Armor
|-unboost|p1a: Incineroar|atk|1
|move|p2a: Garchomp|Stomping Tantrum|p1a: Incineroar
|-supereffective|p1a: Incineroar
|-damage|p1a: Incineroar|0 fnt
|faint|p1a: Incineroar
|-damage|p2a: Garchomp|84/100|[from] item: Life Orb
|move|p2b: Corviknight|Taunt|p1b: Corviknight
|-start|p1b: Corviknight|move: Taunt
|move|p1b: Corviknight|Brave Bird|p2a: Garchomp
|-damage|p2a: Garchomp|43/100
|-damage|p1b: Corviknight|62/100|[from] ability: Rough Skin|[of] p2a: Garchomp
|-damage|p1b: Corviknight|50/100|[from] Recoil
|-enditem|p1b: Corviknight|Sitrus Berry|[eat]
|-heal|p1b: Corviknight|75/100|[from] item: Sitrus Berry
|
|-heal|p2b: Corviknight|100/100|[from] item: Leftovers
|-sideend|p2: helioshorus|move: Tailwind
|upkeep
|inactive|Chandeliere has 30 seconds left.
|
|t:|1756621592
|switch|p1a: Garchomp|Garchomp, L50, M|61/100
|turn|6
|
|t:|1756621607
|move|p2a: Garchomp|Protect|p2a: Garchomp
|-singleturn|p2a: Garchomp|Protect
|move|p1a: Garchomp|Dragon Claw|p2a: Garchomp
|-activate|p2a: Garchomp|move: Protect
|move|p2b: Corviknight|Tailwind|p2b: Corviknight
|-sidestart|p2: helioshorus|move: Tailwind
|move|p1b: Corviknight|Body Press|p2b: Corviknight
|-damage|p2b: Corviknight|82/100
|
|-heal|p2b: Corviknight|88/100|[from] item: Leftovers
|upkeep
|turn|7
|
|t:|1756621629
|move|p1a: Garchomp|Protect|p1a: Garchomp
|-singleturn|p1a: Garchomp|Protect
|move|p2a: Garchomp|Dragon Claw|p1a: Garchomp
|-activate|p1a: Garchomp|move: Protect
|move|p2b: Corviknight|Iron Head|p1a: Garchomp
|-activate|p1a: Garchomp|move: Protect
|move|p1b: Corviknight|Brave Bird|p2a: Garchomp
|-damage|p2a: Garchomp|5/100
|-damage|p1b: Corviknight|62/100|[from] ability: Rough Skin|[of] p2a: Garchomp
|-damage|p1b: Corviknight|51/100|[from] Recoil
|
|-heal|p2b: Corviknight|94/100|[from] item: Leftovers
|-end|p1b: Corviknight|move: Taunt
|upkeep
|turn|8
|inactive|Chandeliere has 30 seconds left.
|
|t:|1756621660
|switch|p1a: Gholdengo|Gholdengo, L50|100/100
|move|p2a: Garchomp|Earthquake|p1a: Gholdengo|[spread] p1a
|-immune|p2b: Corviknight
|-immune|p1b: Corviknight
|-supereffective|p1a: Gholdengo
|-damage|p1a: Gholdengo|36/100
|-damage|p2a: Garchomp|0 fnt|[from] item: Life Orb
|faint|p2a: Garchomp
|move|p2b: Corviknight|Taunt|p1b: Corviknight
|-start|p1b: Corviknight|move: Taunt
|move|p1b: Corviknight|Body Press|p2b: Corviknight
|-damage|p2b: Corviknight|75/100
|
|-heal|p2b: Corviknight|81/100|[from] item: Leftovers
|upkeep
|
|t:|1756621677
|switch|p2a: Gholdengo|Gholdengo, L50|100/100
|turn|9
|inactive|Chandeliere has 30 seconds left.
|inactive|Chandeliere has 20 seconds left.
|
|t:|1756621715
|switch|p1b: Garchomp|Garchomp, L50, M|61/100
|move|p1a: Gholdengo|Protect|p1a: Gholdengo
|-singleturn|p1a: Gholdengo|Protect
|move|p2a: Gholdengo|Shadow Ball|p1a: Gholdengo
|-activate|p1a: Gholdengo|move: Protect
|move|p2b: Corviknight|Iron Head|p1b: Garchomp
|-damage|p1b: Garchomp|35/100
|-damage|p2b: Corviknight|69/100|[from] ability: Rough Skin|[of] p1b: Garchomp
|
|-heal|p2b: Corviknight|75/100|[from] item: Leftovers
|-sideend|p2: helioshorus|move: Tailwind
|upkeep
|turn|10
|inactive|Chandeliere has 30 seconds left.
|inactive|helioshorus has 30 seconds left.
|inactive|Chandeliere has 20 seconds left.
|inactive|Chandeliere has 15 seconds left.
|
|t:|1756621757
|-terastallize|p2a: Gholdengo|Water
|move|p1b: Garchomp|Dragon Claw|p2b: Corviknight
|-resisted|p2b: Corviknight
|-damage|p2b: Corviknight|60/100
|move|p2a: Gholdengo|Nasty Plot|p2a: Gholdengo
|-boost|p2a: Gholdengo|spa|2
|move|p1a: Gholdengo|Shadow Ball|p2b: Corviknight
|-damage|p2b: Corviknight|18/100
|-damage|p1a: Gholdengo|26/100|[from] item: Life Orb
|move|p2b: Corviknight|Tailwind|p2b: Corviknight
|-sidestart|p2: helioshorus|move: Tailwind
|
|-heal|p2b: Corviknight|24/100|[from] item: Leftovers
|upkeep
|turn|11
|
|t:|1756621781
|switch|p1a: Corviknight|Corviknight, L50, F|51/100
|move|p1b: Garchomp|Protect|p1b: Garchomp
|-singleturn|p1b: Garchomp|Protect
|move|p2a: Gholdengo|Make It Rain|p1a: Corviknight|[spread] p1a
|-activate|p1b: Garchomp|move: Protect
|-resisted|p1a: Corviknight
|-damage|p1a: Corviknight|0 fnt
|-unboost|p2a: Gholdengo|spa|1
|faint|p1a: Corviknight
|move|p2b: Corviknight|Brave Bird|p1b: Garchomp
|-activate|p1b: Garchomp|move: Protect
|
|-heal|p2b: Corviknight|30/100|[from] item: Leftovers
|upkeep
|
|t:|1756621795
|switch|p1a: Gholdengo|Gholdengo, L50|26/100
|turn|12
|
|t:|1756621818
|move|p1b: Garchomp|Protect||[still]
|-fail|p1b: Garchomp
|move|p2a: Gholdengo|Make It Rain|p1b: Garchomp|[spread] p1a,p1b
|-resisted|p1a: Gholdengo
|-damage|p1a: Gholdengo|0 fnt
|-damage|p1b: Garchomp|0 fnt
|-unboost|p2a: Gholdengo|spa|1
|faint|p1a: Gholdengo
|faint|p1b: Garchomp
|
|win|helioshorus
|raw|Chandeliere's rating: 1111 → 1078(-33 for losing)
|raw|helioshorus's rating: 1000 → 1052(+52 for winning)
|l|☆helioshorus
|player|p2|
