|j|☆Ah nick 12
|j|☆irongiant9214
|html|Ah nick 12irongiant9214    
|uhtml|bestof|Game 2 of a best-of-3
|t:|1785941671
|gametype|doubles
|player|p1|Ah nick 12|cynthia-gen4|1187
|player|p2|irongiant9214|102|1204
|gen|9
|tier|[Gen 9 Champions] VGC 2026 Reg M-B (Bo3)
|rated|
|rule|Species Clause: Limit one of each Pokémon
|rule|Item Clause: Limit 1 of each item
|clearpoke
|poke|p1|Tyranitar, L50, M|
|poke|p1|Scizor, L50, F|
|poke|p1|Garchomp, L50, F|
|poke|p1|Farigiraf, L50, M|
|poke|p1|Sylveon, L50, F|
|poke|p1|Basculegion, L50, M|
|poke|p2|Whimsicott, L50, M, shiny|
|poke|p2|Kingambit, L50, M|
|poke|p2|Garchomp, L50, M, shiny|
|poke|p2|Charizard, L50, M|
|poke|p2|Floette-Eternal, L50, F|
|poke|p2|Basculegion, L50, M|
|teampreview|4
|showteam|p1|Tyranitar||ChoiceScarf|SandStream|KnockOff,RockSlide,IcePunch,Superpower|Jolly||M|||50|]Scizor||LifeOrb|Technician|BulletPunch,BugBite,Tailwind,Protect|Adamant||F|||50|]Garchomp||Garchompite|RoughSkin|EarthPower,DracoMeteor,PowerGem,Protect|Modest||F|||50|]Farigiraf||SitrusBerry|ArmorTail|Psychic,HelpingHand,TrickRoom,Protect|Calm||M|||50|]Sylveon||FairyFeather|Pixilate|HyperVoice,HyperBeam,QuickAttack,Detect|Modest||F|||50|]Basculegion||MysticWater|Adaptability|WaveCrash,LastRespects,AquaJet,Protect|Adamant||M|||50|
|showteam|p2|Whimsicott||FocusSash|Prankster|Moonblast,Tailwind,Encore,Protect|Timid||M|||50|]Kingambit||ChopleBerry|Defiant|SuckerPunch,LowKick,IronHead,KowtowCleave|Adamant||M|||50|]Garchomp||LifeOrb|RoughSkin|RockSlide,DragonClaw,Earthquake,Protect|Jolly||M|||50|]Charizard||CharizarditeY|Blaze|HeatWave,WeatherBall,SolarBeam,Protect|Modest||M|||50|]Floette-Eternal||Floettite|FlowerVeil|DazzlingGleam,Moonblast,HelpingHand,Protect|Timid||F|||50|]Basculegion||MysticWater|Adaptability|AquaJet,WaveCrash,LastRespects,Protect|Adamant||M|||50|
|inactive|Battle timer is ON: inactive players will automatically lose when time's up. (requested by Ah nick 12)
|inactive|irongiant9214 has 60 seconds left.
|
|t:|1785941703
|teamsize|p1|4
|teamsize|p2|4
|start
|switch|p1a: Tyranitar|Tyranitar, L50, M|100/100
|switch|p1b: Farigiraf|Farigiraf, L50, M|100/100
|switch|p2a: Whimsicott|Whimsicott, L50, M, shiny|100/100
|switch|p2b: Floette|Floette-Eternal, L50, F|100/100
|-weather|Sandstorm|[from] ability: Sand Stream|[of] p1a: Tyranitar
|turn|1
|
|t:|1785941717
|detailschange|p2b: Floette|Floette-Mega, L50, F
|-mega|p2b: Floette|Floette|Floettite
|-ability|p2b: Floette|Fairy Aura
|move|p1a: Tyranitar|Rock Slide|p2a: Whimsicott|[spread] p2a,p2b
|-damage|p2a: Whimsicott|54/100
|-damage|p2b: Floette|61/100
|cant|p2a: Whimsicott|flinch
|move|p2b: Floette|Dazzling Gleam|p1b: Farigiraf|[spread] p1a,p1b
|-supereffective|p1a: Tyranitar|1
|-damage|p1a: Tyranitar|38/100
|-damage|p1b: Farigiraf|62/100
|move|p1b: Farigiraf|Trick Room|p1b: Farigiraf
|-fieldstart|move: Trick Room|[of] p1b: Farigiraf
|
|-weather|Sandstorm|[upkeep]
|-damage|p1b: Farigiraf|55/100|[from] Sandstorm
|-damage|p2b: Floette|55/100|[from] Sandstorm
|-damage|p2a: Whimsicott|48/100|[from] Sandstorm
|upkeep
|turn|2
|
|t:|1785941731
|move|p1b: Farigiraf|Psychic|p2a: Whimsicott
|-damage|p2a: Whimsicott|0 fnt
|faint|p2a: Whimsicott
|move|p2b: Floette|Dazzling Gleam|p1b: Farigiraf|[spread] p1a,p1b
|-supereffective|p1a: Tyranitar|1
|-damage|p1a: Tyranitar|0 fnt
|-damage|p1b: Farigiraf|20/100y
|-enditem|p1b: Farigiraf|Sitrus Berry|[eat]
|-heal|p1b: Farigiraf|45/100|[from] item: Sitrus Berry
|faint|p1a: Tyranitar
|
|-weather|Sandstorm|[upkeep]
|-damage|p1b: Farigiraf|39/100|[from] Sandstorm
|-damage|p2b: Floette|49/100|[from] Sandstorm
|upkeep
|
|t:|1785941746
|switch|p1a: Scizor|Scizor, L50, F|100/100
|switch|p2a: Charizard|Charizard, L50, M|100/100
|turn|3
|
|t:|1785941760
|move|p1a: Scizor|Protect|p1a: Scizor
|-singleturn|p1a: Scizor|Protect
|move|p2b: Floette|Protect|p2b: Floette
|-singleturn|p2b: Floette|Protect
|move|p1b: Farigiraf|Psychic|p2a: Charizard
|-damage|p2a: Charizard|58/100
|move|p2a: Charizard|Heat Wave|p1a: Scizor|[spread] p1b
|-activate|p1a: Scizor|move: Protect
|-damage|p1b: Farigiraf|13/100
|
|-weather|Sandstorm|[upkeep]
|-damage|p1b: Farigiraf|7/100|[from] Sandstorm
|-damage|p2a: Charizard|52/100|[from] Sandstorm
|-damage|p2b: Floette|43/100|[from] Sandstorm
|upkeep
|turn|4
|
|t:|1785941770
|switch|p2b: Basculegion|Basculegion, L50, M|100/100
|move|p1a: Scizor|Bullet Punch|p2b: Basculegion
|-resisted|p2b: Basculegion|1
|-damage|p2b: Basculegion|73/100
|-damage|p1a: Scizor|90/100|[from] item: Life Orb
|move|p1b: Farigiraf|Psychic|p2a: Charizard
|-damage|p2a: Charizard|11/100
|move|p2a: Charizard|Heat Wave|p1a: Scizor|[spread] p1a,p1b
|-supereffective|p1a: Scizor|2
|-damage|p1a: Scizor|0 fnt
|-damage|p1b: Farigiraf|0 fnt
|faint|p1a: Scizor
|faint|p1b: Farigiraf
|
|-weather|Sandstorm|[upkeep]
|-damage|p2b: Basculegion|67/100|[from] Sandstorm
|-damage|p2a: Charizard|4/100|[from] Sandstorm
|upkeep
|
|t:|1785941777
|switch|p1b: Garchomp|Garchomp, L50, F|100/100
|turn|5
|inactive|irongiant9214 has 30 seconds left.
|
|t:|1785941809
|detailschange|p1b: Garchomp|Garchomp-Mega, L50, F
|-mega|p1b: Garchomp|Garchomp|Garchompite
|move|p1b: Garchomp|Earth Power|p2b: Basculegion
|-damage|p2b: Basculegion|0 fnt
|faint|p2b: Basculegion
|move|p2a: Charizard|Weather Ball|p1b: Garchomp
|-resisted|p1b: Garchomp|1
|-damage|p1b: Garchomp|87/100
|
|-weather|none
|-fieldend|move: Trick Room
|upkeep
|
|t:|1785941818
|switch|p2b: Floette|Floette-Mega, L50, F|43/100
|-ability|p2b: Floette|Fairy Aura
|turn|6
|
|t:|1785941826
|move|p2b: Floette|Moonblast|p1b: Garchomp
|-supereffective|p1b: Garchomp|1
|-damage|p1b: Garchomp|0 fnt
|faint|p1b: Garchomp
|
|win|irongiant9214
||Ah nick 12 is ready for game 3.
||irongiant9214 is ready for game 3.
|uhtml|next|Next: Game 3 of 3
|l|☆Ah nick 12
|player|p1|
