|j|☆thebeast4895
|j|☆strolin stu
|html|thebeast4895strolin stu    
|uhtml|bestof|Game 2 of a best-of-3
|t:|1785425363
|gametype|doubles
|player|p1|thebeast4895|170|1251
|player|p2|strolin stu|psychicf-gen4|1201
|gen|9
|tier|[Gen 9 Champions] VGC 2026 Reg M-B (Bo3)
|rated|
|rule|Species Clause: Limit one of each Pokémon
|rule|Item Clause: Limit 1 of each item
|clearpoke
|poke|p1|Whimsicott, L50, M|
|poke|p1|Kingambit, L50, M, shiny|
|poke|p1|Blaziken, L50, M|
|poke|p1|Floette-Eternal, L50, F|
|poke|p1|Dragonite, L50, M|
|poke|p1|Maushold-Four, L50|
|poke|p2|Scovillain, L50, F|
|poke|p2|Gholdengo, L50|
|poke|p2|Kommo-o, L50, M|
|poke|p2|Ninetales-Alola, L50, F|
|poke|p2|Aerodactyl, L50, M|
|poke|p2|Simipour, L50, M|
|teampreview|4
|showteam|p1|Whimsicott||FairyFeather|Prankster|Protect,Moonblast,Tailwind,Encore|Timid||M|||50|]Kingambit||FocusSash|Defiant|LowKick,IronHead,KowtowCleave,SuckerPunch|Adamant||M|||50|]Blaziken||Blazikenite|SpeedBoost|Detect,CloseCombat,FlareBlitz,RockSlide|Adamant||M|||50|]Floette-Eternal||Floettite|FlowerVeil|Protect,DazzlingGleam,LightofRuin,Moonblast|Modest||F|||50|]Dragonite||LifeOrb|InnerFocus|DragonClaw,ExtremeSpeed,LowKick,Protect|Adamant||M|||50|]Maushold-Four||ChopleBerry|FriendGuard|Protect,FollowMe,Taunt,Feint|Jolly|||||50|
|showteam|p2|Scovillain||Scovillainite|Moody|HelpingHand,RagePowder,Protect,Overheat|Bold||F|||50|]Gholdengo||LifeOrb|GoodasGold|NastyPlot,MakeItRain,Protect,ShadowBall|Modest|||||50|]Kommo-o||SitrusBerry|Bulletproof|ClangorousSoul,AuraSphere,ClangingScales,Protect|Modest||M|||50|]Ninetales-Alola||NeverMeltIce|SnowWarning|FreezeDry,Blizzard,AuroraVeil,Protect|Timid||F|||50|]Aerodactyl||Aerodactylite|Unnerve|RockSlide,DualWingbeat,Protect,Tailwind|Adamant||M|||50|]Simipour||FocusSash|Torrent|FakeOut,IcyWind,Scald,HelpingHand|Timid||M|||50|
|
|t:|1785425390
|teamsize|p1|4
|teamsize|p2|4
|start
|switch|p1a: Whimsicott|Whimsicott, L50, M|100/100
|switch|p1b: Kingambit|Kingambit, L50, M, shiny|100/100
|switch|p2a: Kommo-o|Kommo-o, L50, M|100/100
|switch|p2b: Ninetales|Ninetales-Alola, L50, F|100/100
|-weather|Snowscape|[from] ability: Snow Warning|[of] p2b: Ninetales
|turn|1
|
|t:|1785425412
|switch|p2a: Scovillain|Scovillain, L50, F|100/100
|move|p1a: Whimsicott|Moonblast|p2a: Scovillain
|-resisted|p2a: Scovillain|1
|-damage|p2a: Scovillain|75/100
|move|p2b: Ninetales|Blizzard|p1a: Whimsicott|[spread] p1a,p1b
|-supereffective|p1a: Whimsicott|1
|-resisted|p1b: Kingambit|1
|-damage|p1a: Whimsicott|0 fnt
|-damage|p1b: Kingambit|79/100
|faint|p1a: Whimsicott
|move|p1b: Kingambit|Iron Head|p2b: Ninetales
|-supereffective|p2b: Ninetales|2
|-damage|p2b: Ninetales|0 fnt
|faint|p2b: Ninetales
|
|-weather|Snowscape|[upkeep]
|-ability|p2a: Scovillain|Moody|boost
|-boost|p2a: Scovillain|atk|2
|-unboost|p2a: Scovillain|spe|1
|upkeep
|
|t:|1785425434
|switch|p1a: Blaziken|Blaziken, L50, M|100/100
|switch|p2b: Kommo-o|Kommo-o, L50, M|100/100
|turn|2
|
|t:|1785425453
|switch|p1b: Dragonite|Dragonite, L50, M|100/100
|detailschange|p1a: Blaziken|Blaziken-Mega, L50, M
|-mega|p1a: Blaziken|Blaziken|Blazikenite
|move|p2a: Scovillain|Rage Powder|p2a: Scovillain
|-singleturn|p2a: Scovillain|move: Rage Powder
|move|p1a: Blaziken|Rock Slide|p2b: Kommo-o|[spread] p2a,p2b
|-supereffective|p2a: Scovillain|1
|-resisted|p2b: Kommo-o|1
|-damage|p2a: Scovillain|22/100
|-damage|p2b: Kommo-o|90/100
|cant|p2b: Kommo-o|flinch
|
|-weather|Snowscape|[upkeep]
|-ability|p1a: Blaziken|Speed Boost|boost
|-boost|p1a: Blaziken|spe|1
|-ability|p2a: Scovillain|Moody|boost
|-boost|p2a: Scovillain|atk|2
|-unboost|p2a: Scovillain|spd|1
|upkeep
|turn|3
|
|t:|1785425483
|move|p1b: Dragonite|Protect|p1b: Dragonite
|-singleturn|p1b: Dragonite|Protect
|move|p2a: Scovillain|Protect|p2a: Scovillain
|-singleturn|p2a: Scovillain|Protect
|move|p1a: Blaziken|Rock Slide|p2a: Scovillain|[spread] p2b
|-activate|p2a: Scovillain|move: Protect
|-resisted|p2b: Kommo-o|1
|-damage|p2b: Kommo-o|80/100
|cant|p2b: Kommo-o|flinch
|
|-weather|Snowscape|[upkeep]
|-ability|p1a: Blaziken|Speed Boost|boost
|-boost|p1a: Blaziken|spe|1
|-ability|p2a: Scovillain|Moody|boost
|-boost|p2a: Scovillain|spe|2
|-unboost|p2a: Scovillain|def|1
|upkeep
|turn|4
|
|t:|1785425505
|move|p2a: Scovillain|Rage Powder|p2a: Scovillain
|-singleturn|p2a: Scovillain|move: Rage Powder
|move|p1b: Dragonite|Extreme Speed|p2a: Scovillain
|-damage|p2a: Scovillain|0 fnt
|faint|p2a: Scovillain
|-damage|p1b: Dragonite|90/100|[from] item: Life Orb
|move|p1a: Blaziken|Rock Slide|p2b: Kommo-o
|-resisted|p2b: Kommo-o|1
|-damage|p2b: Kommo-o|66/100
|cant|p2b: Kommo-o|flinch
|
|-weather|Snowscape|[upkeep]
|-ability|p1a: Blaziken|Speed Boost|boost
|-boost|p1a: Blaziken|spe|1
|upkeep
|c|☆thebeast4895|sorry that is insane
|c|☆thebeast4895|i am so so sorry
|c|☆thebeast4895|like genuinely
|c|☆strolin stu|im really gonna do it this time
|
|t:|1785425534
|switch|p2a: Aerodactyl|Aerodactyl, L50, M|100/100
|-ability|p2a: Aerodactyl|Unnerve
|turn|5
|c|☆thebeast4895|i believe in you man
|c|☆thebeast4895|u got this
|
|t:|1785425550
|detailschange|p2a: Aerodactyl|Aerodactyl-Mega, L50, M
|-mega|p2a: Aerodactyl|Aerodactyl|Aerodactylite
|move|p1b: Dragonite|Extreme Speed|p2b: Kommo-o
|-damage|p2b: Kommo-o|32/100
|-enditem|p2b: Kommo-o|Sitrus Berry|[eat]
|-heal|p2b: Kommo-o|57/100|[from] item: Sitrus Berry
|-damage|p1b: Dragonite|80/100|[from] item: Life Orb
|move|p1a: Blaziken|Close Combat|p2b: Kommo-o
|-damage|p2b: Kommo-o|0 fnt
|-unboost|p1a: Blaziken|def|1
|-unboost|p1a: Blaziken|spd|1
|faint|p2b: Kommo-o
|move|p2a: Aerodactyl|Rock Slide|p1a: Blaziken|[spread] p1b
|-miss|p2a: Aerodactyl|p1a: Blaziken
|-supereffective|p1b: Dragonite|1
|-damage|p1b: Dragonite|20/100y
|
|-weather|none
|-ability|p1a: Blaziken|Speed Boost|boost
|-boost|p1a: Blaziken|spe|1
|upkeep
|turn|6
|c|☆thebeast4895|is what i wanted to say
|c|☆strolin stu|oh i ment like kms but yeah shure
|c|☆strolin stu|omg
|c|☆thebeast4895|oh
|c|☆thebeast4895|im so sorry
|
|t:|1785425581
|move|p1b: Dragonite|Extreme Speed|p2a: Aerodactyl
|-resisted|p2a: Aerodactyl|1
|-damage|p2a: Aerodactyl|72/100
|-damage|p1b: Dragonite|10/100|[from] item: Life Orb
|move|p1a: Blaziken|Close Combat|p2a: Aerodactyl
|-damage|p2a: Aerodactyl|0 fnt
|-unboost|p1a: Blaziken|def|1
|-unboost|p1a: Blaziken|spd|1
|faint|p2a: Aerodactyl
|
|win|thebeast4895
|raw|thebeast4895's rating: 1251 → 1272(+21 for winning)
|raw|strolin stu's rating: 1201 → 1180(-21 for losing)
|c|☆thebeast4895|im actually cryin rn for u
|c|☆strolin stu|np buddy boy
|c|☆strolin stu|gg
|l|☆strolin stu
|player|p2|
|c|☆thebeast4895|gg
