|j|☆thr33zz
|j|☆No.1 Bug Fan
|html|thr33zzNo.1 Bug Fan    
|uhtml|bestof|Game 2 of a best-of-3
|t:|1785374522
|gametype|doubles
|player|p1|thr33zz|shadowtriad|1034
|player|p2|No.1 Bug Fan|burgh-masters|1072
|gen|9
|tier|[Gen 9 Champions] VGC 2026 Reg M-B (Bo3)
|rated|
|rule|Species Clause: Limit one of each Pokémon
|rule|Item Clause: Limit 1 of each item
|clearpoke
|poke|p1|Torkoal, L50, F|
|poke|p1|Farigiraf, L50, M|
|poke|p1|Kangaskhan, L50, F|
|poke|p1|Venusaur, L50, M|
|poke|p1|Lycanroc-Dusk, L50, F|
|poke|p1|Mawile, L50, M|
|poke|p2|Froslass, L50, F|
|poke|p2|Scovillain, L50, F, shiny|
|poke|p2|Basculegion, L50, M|
|poke|p2|Kingambit, L50, M, shiny|
|poke|p2|Sneasler, L50, F, shiny|
|poke|p2|Lycanroc-Dusk, L50, F, shiny|
|teampreview|4
|showteam|p1|Torkoal||Charcoal|Drought|Eruption,Overheat,Protect,EarthPower|Quiet||F|||50|]Farigiraf||SitrusBerry|ArmorTail|Psychic,HelpingHand,Protect,TrickRoom|Bold||M|||50|]Kangaskhan||SilkScarf|Scrappy|FakeOut,LastResort|Brave||F|||50|]Venusaur||Venusaurite|Chlorophyll|SludgeBomb,GigaDrain,Protect,EarthPower|Modest||M|||50|]Lycanroc-Dusk||FocusSash|ToughClaws|RockSlide,Accelerock,CloseCombat,Protect|Adamant||F|||50|]Mawile||Mawilite|Intimidate|SuckerPunch,Protect,PlayRough,IronHead|Adamant||M|||50|
|showteam|p2|Froslass||Froslassite|CursedBody|Blizzard,ShadowBall,AuroraVeil,Protect|Modest||F|||50|]Scovillain||Scovillainite|Moody|GigaDrain,Overheat,RagePowder,Protect|Bold||F|||50|]Basculegion||SitrusBerry|Adaptability|WaveCrash,LastRespects,AquaJet,Protect|Adamant||M|||50|]Kingambit||LifeOrb|Defiant|KowtowCleave,SuckerPunch,SwordsDance,Protect|Adamant||M|||50|]Sneasler||WhiteHerb|Unburden|CloseCombat,GunkShot,Protect,FakeOut|Adamant||F|||50|]Lycanroc-Dusk||FocusSash|ToughClaws|CloseCombat,Accelerock,RockSlide,Protect|Adamant||F|||50|
|inactive|Battle timer is ON: inactive players will automatically lose when time's up. (requested by No.1 Bug Fan)
|inactive|thr33zz has 60 seconds left.
|inactive|No.1 Bug Fan has 60 seconds left.
|
|t:|1785374564
|teamsize|p1|4
|teamsize|p2|4
|start
|switch|p1a: Farigiraf|Farigiraf, L50, M|100/100
|switch|p1b: Torkoal|Torkoal, L50, F|100/100
|switch|p2a: Paul|Kingambit, L50, M, shiny|100/100
|switch|p2b: milk|Scovillain, L50, F, shiny|100/100
|-weather|SunnyDay|[from] ability: Drought|[of] p1b: Torkoal
|turn|1
|
|t:|1785374582
|detailschange|p2b: milk|Scovillain-Mega, L50, F, shiny
|-mega|p2b: milk|Scovillain|Scovillainite
|move|p1a: Farigiraf|Protect|p1a: Farigiraf
|-singleturn|p1a: Farigiraf|Protect
|move|p2b: milk|Overheat|p1a: Farigiraf
|-activate|p1a: Farigiraf|move: Protect
|move|p2a: Paul|Kowtow Cleave|p1a: Farigiraf
|-activate|p1a: Farigiraf|move: Protect
|move|p1b: Torkoal|Eruption|p2b: milk|[spread] p2a,p2b
|-supereffective|p2a: Paul|1
|-damage|p2a: Paul|0 fnt
|-damage|p2b: milk|5/100
|-immune|p1b: Torkoal
|faint|p2a: Paul
|
|-weather|SunnyDay|[upkeep]
|upkeep
|
|t:|1785374590
|switch|p2a: fih is calling|Basculegion, L50, M|100/100
|turn|2
|
|t:|1785374610
|switch|p1b: Mawile|Mawile, L50, M|100/100
|-ability|p1b: Mawile|Intimidate|boost
|-unboost|p2a: fih is calling|atk|1
|-unboost|p2b: milk|atk|1
|move|p2b: milk|Overheat|p1a: Farigiraf
|-crit|p1a: Farigiraf
|-damage|p1a: Farigiraf|0 fnt
|-unboost|p2b: milk|spa|2
|faint|p1a: Farigiraf
|move|p2a: fih is calling|Wave Crash|p1b: Mawile
|-damage|p1b: Mawile|66/100
|-damage|p2a: fih is calling|92/100|[from] Recoil
|
|-weather|SunnyDay|[upkeep]
|upkeep
|
|t:|1785374622
|switch|p1a: Kangaskhan|Kangaskhan, L50, F|100/100
|turn|3
|
|t:|1785374634
|switch|p2a: Sonion ring|Sneasler, L50, F, shiny|100/100
|detailschange|p1b: Mawile|Mawile-Mega, L50, M
|-mega|p1b: Mawile|Mawile|Mawilite
|move|p2b: milk|Protect|p2b: milk
|-singleturn|p2b: milk|Protect
|move|p1a: Kangaskhan|Fake Out|p2b: milk
|-activate|p2b: milk|move: Protect
|move|p1b: Mawile|Play Rough|p2a: Sonion ring
|-damage|p2a: Sonion ring|0 fnt
|faint|p2a: Sonion ring
|
|-weather|SunnyDay|[upkeep]
|upkeep
|
|t:|1785374639
|switch|p2a: fih is calling|Basculegion, L50, M|92/100
|turn|4
|inactive|thr33zz has 30 seconds left.
|
|t:|1785374668
|move|p2b: milk|Protect||[still]
|-fail|p2b: milk
|move|p1b: Mawile|Protect|p1b: Mawile
|-singleturn|p1b: Mawile|Protect
|move|p1a: Kangaskhan|Last Resort|p2a: fih is calling
|-damage|p2a: fih is calling|22/100
|-enditem|p2a: fih is calling|Sitrus Berry|[eat]
|-heal|p2a: fih is calling|47/100|[from] item: Sitrus Berry
|move|p2a: fih is calling|Wave Crash|p1a: Kangaskhan
|-damage|p1a: Kangaskhan|63/100
|-damage|p2a: fih is calling|35/100|[from] Recoil
|
|-weather|SunnyDay|[upkeep]
|upkeep
|turn|5
|inactive|thr33zz has 30 seconds left.
|
|t:|1785374694
|switch|p1a: Torkoal|Torkoal, L50, F|100/100
|move|p2b: milk|Rage Powder|p2b: milk
|-singleturn|p2b: milk|move: Rage Powder
|move|p1b: Mawile|Sucker Punch||[still]
|-fail|p1b: Mawile
|move|p2a: fih is calling|Last Respects|p1b: Mawile
|-damage|p1b: Mawile|0 fnt
|faint|p1b: Mawile
|
|-weather|none
|upkeep
|
|t:|1785374702
|switch|p1b: Kangaskhan|Kangaskhan, L50, F|63/100
|turn|6
|
|t:|1785374711
|move|p2b: milk|Protect|p2b: milk
|-singleturn|p2b: milk|Protect
|move|p2a: fih is calling|Protect|p2a: fih is calling
|-singleturn|p2a: fih is calling|Protect
|move|p1b: Kangaskhan|Fake Out|p2b: milk
|-activate|p2b: milk|move: Protect
|move|p1a: Torkoal|Eruption|p2a: fih is calling|[spread] 
|-activate|p2a: fih is calling|move: Protect
|-activate|p2b: milk|move: Protect
|
|upkeep
|turn|7
|inactive|thr33zz has 30 seconds left.
|inactive|No.1 Bug Fan has 30 seconds left.
|
|t:|1785374740
|move|p2b: milk|Rage Powder|p2b: milk
|-singleturn|p2b: milk|move: Rage Powder
|move|p1b: Kangaskhan|Last Resort|p2b: milk
|-crit|p2b: milk
|-damage|p2b: milk|0 fnt
|-status|p1b: Kangaskhan|brn|[from] ability: Spicy Spray|[of] p2b: milk
|faint|p2b: milk
|move|p2a: fih is calling|Last Respects|p1a: Torkoal
|-damage|p1a: Torkoal|0 fnt
|faint|p1a: Torkoal
|
|-damage|p1b: Kangaskhan|57/100 brn|[from] brn
|upkeep
|turn|8
|
|t:|1785374751
|move|p1b: Kangaskhan|Last Resort|p2a: fih is calling
|-damage|p2a: fih is calling|0 fnt
|faint|p2a: fih is calling
|
|win|thr33zz
