|j|☆ttsui234
|j|☆huanyu0.0
|html|ttsui234huanyu0.0    
|uhtml|bestof|Game 1 of a best-of-3
|t:|1784986450
|gametype|doubles
|player|p1|ttsui234|169|
|player|p2|huanyu0.0|102|
|gen|9
|tier|[Gen 9 Champions] VGC 2026 Reg M-B (Bo3)
|rule|Species Clause: Limit one of each Pokémon
|rule|Item Clause: Limit 1 of each item
|clearpoke
|poke|p1|Charizard, L50, F|
|poke|p1|Aerodactyl, L50, F|
|poke|p1|Sylveon, L50, F|
|poke|p1|Mamoswine, L50, M|
|poke|p1|Basculegion, L50, M|
|poke|p1|Incineroar, L50, F|
|poke|p2|Gengar, L50, F|
|poke|p2|Incineroar, L50, M|
|poke|p2|Politoed, L50, M|
|poke|p2|Archaludon, L50, M|
|poke|p2|Vivillon, L50, M|
|poke|p2|Swampert, L50, F|
|teampreview|4
|showteam|p1|Charizard||CharizarditeY|Blaze|HeatWave,WeatherBall,SolarBeam,Protect|Modest||F|||50|]Aerodactyl||Aerodactylite|Unnerve|RockSlide,DualWingbeat,Tailwind,Protect|Jolly||F|||50|]Sylveon||FairyFeather|Pixilate|HyperVoice,QuickAttack,HyperBeam,Protect|Modest||F|||50|]Mamoswine||FocusSash|Oblivious|IcicleCrash,HighHorsepower,IceShard,Protect|Adamant||M|||50|]Basculegion||ChoiceScarf|Adaptability|LastRespects,WaveCrash,AquaJet,FlipTurn|Jolly||M|||50|]Incineroar||SitrusBerry|Intimidate|FlareBlitz,DarkestLariat,FakeOut,PartingShot|Adamant||F|||50|
|showteam|p2|Gengar||Gengarite|CursedBody|ShadowBall,SludgeBomb,PerishSong,Protect|Modest||F|||50|]Incineroar||PasshoBerry|Intimidate|ThroatChop,PartingShot,FakeOut,Protect|Sassy||M|||50|]Politoed||SitrusBerry|Drizzle|WeatherBall,PerishSong,Hypnosis,Protect|Bold||M|||50|]Archaludon||Leftovers|Stamina|DragonPulse,FlashCannon,ElectroShot,Protect|Modest||M|||50|]Vivillon||FocusSash|CompoundEyes|SleepPowder,Hurricane,RagePowder,Protect|Timid||M|||50|]Swampert||Swampertite|Damp|WaveCrash,Earthquake,IcePunch,Protect|Adamant||F|||50|
|inactive|Battle timer is ON: inactive players will automatically lose when time's up. (requested by huanyu0.0)
|inactive|ttsui234 has 60 seconds left.
|inactive|huanyu0.0 has 60 seconds left.
|inactive|ttsui234 has 30 seconds left.
|inactive|ttsui234 has 20 seconds left.
|inactive|ttsui234 has 15 seconds left.
|inactive|ttsui234 has 10 seconds left.
|inactive|ttsui234 has 5 seconds left.
|
|t:|1784986538
|teamsize|p1|4
|teamsize|p2|4
|start
|switch|p1a: Mamoswine|Mamoswine, L50, M|100/100
|switch|p1b: Basculegion|Basculegion, L50, M|100/100
|switch|p2a: Gengar|Gengar, L50, F|100/100
|switch|p2b: Incineroar|Incineroar, L50, M|100/100
|-ability|p2b: Incineroar|Intimidate|boost
|-fail|p1a: Mamoswine|unboost|Attack|[from] ability: Oblivious|[of] p1a: Mamoswine
|-unboost|p1b: Basculegion|atk|1
|turn|1
|inactive|ttsui234 has 30 seconds left.
|inactive|huanyu0.0 has 30 seconds left.
|inactive|ttsui234 has 20 seconds left.
|inactive|huanyu0.0 has 20 seconds left.
|inactive|ttsui234 has 15 seconds left.
|inactive|huanyu0.0 has 15 seconds left.
|
|t:|1784986581
|switch|p1b: Incineroar|Incineroar, L50, F|100/100
|-ability|p1b: Incineroar|Intimidate|boost
|-unboost|p2a: Gengar|atk|1
|-unboost|p2b: Incineroar|atk|1
|detailschange|p2a: Gengar|Gengar-Mega, L50, F
|-mega|p2a: Gengar|Gengar|Gengarite
|move|p1a: Mamoswine|Protect|p1a: Mamoswine
|-singleturn|p1a: Mamoswine|Protect
|move|p2b: Incineroar|Fake Out|p1a: Mamoswine
|-activate|p1a: Mamoswine|move: Protect
|move|p2a: Gengar|Shadow Ball|p1b: Incineroar
|-resisted|p1b: Incineroar|1
|-damage|p1b: Incineroar|81/100
|
|upkeep
|turn|2
|inactive|ttsui234 has 30 seconds left.
|inactive|huanyu0.0 has 30 seconds left.
|inactive|huanyu0.0 has 20 seconds left.
|inactive|huanyu0.0 has 15 seconds left.
|inactive|huanyu0.0 has 10 seconds left.
|inactive|huanyu0.0 has 5 seconds left.
|
|t:|1784986636
|switch|p2a: Archaludon|Archaludon, L50, M|100/100
|move|p2b: Incineroar|Protect|p2b: Incineroar
|-singleturn|p2b: Incineroar|Protect
|move|p1a: Mamoswine|High Horsepower|p2b: Incineroar
|-activate|p2b: Incineroar|move: Protect
|move|p1b: Incineroar|Darkest Lariat|p2b: Incineroar
|-activate|p2b: Incineroar|move: Protect
|
|upkeep
|turn|3
|inactive|huanyu0.0 has 30 seconds left.
|inactive|huanyu0.0 has 20 seconds left.
|inactive|ttsui234 has 30 seconds left.
|inactive|huanyu0.0 has 15 seconds left.
|inactive|huanyu0.0 has 10 seconds left.
|
|t:|1784986683
|switch|p1a: Basculegion|Basculegion, L50, M|100/100
|switch|p2b: Politoed|Politoed, L50, M|100/100
|-weather|RainDance|[from] ability: Drizzle|[of] p2b: Politoed
|move|p2a: Archaludon|Electro Shot||[still]
|-prepare|p2a: Archaludon|Electro Shot
|-boost|p2a: Archaludon|spa|1
|-anim|p2a: Archaludon|Electro Shot|p1b: Incineroar
|-damage|p1b: Incineroar|29/100
|-enditem|p1b: Incineroar|Sitrus Berry|[eat]
|-heal|p1b: Incineroar|54/100|[from] item: Sitrus Berry
|move|p1b: Incineroar|Parting Shot|p2a: Archaludon
|-unboost|p2a: Archaludon|atk|1
|-unboost|p2a: Archaludon|spa|1
|
|t:|1784986699
|switch|p1b: Charizard|Charizard, L50, F|100/100|[from] Parting Shot
|
|-weather|RainDance|[upkeep]
|upkeep
|turn|4
|inactive|ttsui234 has 30 seconds left.
|
|t:|1784986729
|switch|p2b: Incineroar|Incineroar, L50, M|100/100
|-ability|p2b: Incineroar|Intimidate|boost
|-unboost|p1a: Basculegion|atk|1
|-unboost|p1b: Charizard|atk|1
|detailschange|p1b: Charizard|Charizard-Mega-Y, L50, F
|-mega|p1b: Charizard|Charizard|Charizardite Y
|-weather|SunnyDay|[from] ability: Drought|[of] p1b: Charizard
|move|p1a: Basculegion|Flip Turn|p2b: Incineroar
|-supereffective|p2b: Incineroar|1
|-enditem|p2b: Incineroar|Passho Berry|[eat]
|-enditem|p2b: Incineroar|Passho Berry|[weaken]
|-damage|p2b: Incineroar|89/100
|
|t:|1784986754
|switch|p1a: Mamoswine|Mamoswine, L50, M|100/100|[from] Flip Turn
|move|p1b: Charizard|Heat Wave|p2b: Incineroar|[spread] p2a,p2b
|-resisted|p2b: Incineroar|1
|-damage|p2a: Archaludon|40/100
|-damage|p2b: Incineroar|65/100
|-ability|p2a: Archaludon|Stamina|boost
|-boost|p2a: Archaludon|def|1
|move|p2a: Archaludon|Electro Shot||[still]
|-prepare|p2a: Archaludon|Electro Shot
|-boost|p2a: Archaludon|spa|1
|
|-weather|SunnyDay|[upkeep]
|-heal|p2a: Archaludon|46/100|[from] item: Leftovers
|upkeep
|turn|5
|inactive|ttsui234 has 30 seconds left.
|inactive|huanyu0.0 has 30 seconds left.
|inactive|ttsui234 has 20 seconds left.
|inactive|ttsui234 has 15 seconds left.
|
|t:|1784986797
|switch|p1b: Incineroar|Incineroar, L50, F|54/100
|-ability|p1b: Incineroar|Intimidate|boost
|-unboost|p2a: Archaludon|atk|1
|-unboost|p2b: Incineroar|atk|1
|move|p1a: Mamoswine|Protect|p1a: Mamoswine
|-singleturn|p1a: Mamoswine|Protect
|move|p2b: Incineroar|Fake Out|p1a: Mamoswine
|-activate|p1a: Mamoswine|move: Protect
|move|p2a: Archaludon|Electro Shot|p1a: Mamoswine|[from] lockedmove
|-activate|p1a: Mamoswine|move: Protect
|
|-weather|SunnyDay|[upkeep]
|-heal|p2a: Archaludon|52/100|[from] item: Leftovers
|upkeep
|turn|6
|inactive|ttsui234 has 30 seconds left.
|inactive|huanyu0.0 has 30 seconds left.
|inactive|ttsui234 has 20 seconds left.
|inactive|huanyu0.0 has 20 seconds left.
|inactive|ttsui234 has 15 seconds left.
|inactive|huanyu0.0 has 15 seconds left.
|inactive|huanyu0.0 has 10 seconds left.
|
|t:|1784986845
|move|p2a: Archaludon|Protect|p2a: Archaludon
|-singleturn|p2a: Archaludon|Protect
|move|p1a: Mamoswine|High Horsepower|p2b: Incineroar
|-supereffective|p2b: Incineroar|1
|-damage|p2b: Incineroar|0 fnt
|faint|p2b: Incineroar
|move|p1b: Incineroar|Darkest Lariat|p2a: Archaludon
|-activate|p2a: Archaludon|move: Protect
|
|-weather|SunnyDay|[upkeep]
|-heal|p2a: Archaludon|59/100|[from] item: Leftovers
|upkeep
|inactive|huanyu0.0 has 30 seconds left.
|
|t:|1784986873
|switch|p2b: Gengar|Gengar-Mega, L50, F|100/100
|turn|7
|inactive|ttsui234 has 30 seconds left.
|
|t:|1784986901
|move|p2b: Gengar|Shadow Ball|p1a: Mamoswine
|-damage|p1a: Mamoswine|31/100
|move|p1a: Mamoswine|High Horsepower|p2a: Archaludon
|-supereffective|p2a: Archaludon|1
|-damage|p2a: Archaludon|0 fnt
|faint|p2a: Archaludon
|move|p1b: Incineroar|Darkest Lariat|p2b: Gengar
|-supereffective|p2b: Gengar|1
|-damage|p2b: Gengar|18/100
|
|-weather|SunnyDay|[upkeep]
|upkeep
|
|t:|1784986906
|switch|p2a: Politoed|Politoed, L50, M|100/100
|-weather|RainDance|[from] ability: Drizzle|[of] p2a: Politoed
|turn|8
|-message|huanyu0.0 forfeited.
|
|win|ttsui234
||ttsui234 is ready for game 2.
||huanyu0.0 is ready for game 2.
|uhtml|next|Next: Game 2 of 3
