|j|☆ki-sash
|j|☆axcoquette
|html|ki-sashaxcoquette    
|uhtml|bestof|Game 2 of a best-of-3
|t:|1783289528
|gametype|doubles
|player|p1|ki-sash|dragontamer|1098
|player|p2|axcoquette|maid|1182
|gen|9
|tier|[Gen 9 Champions] VGC 2026 Reg M-B (Bo3)
|rated|
|rule|Species Clause: Limit one of each Pokémon
|rule|Item Clause: Limit 1 of each item
|clearpoke
|poke|p1|Charizard, L50, F|
|poke|p1|Palafin, L50, F|
|poke|p1|Venusaur, L50, M|
|poke|p1|Scizor, L50, F|
|poke|p1|Rotom-Wash, L50|
|poke|p1|Kangaskhan, L50, F|
|poke|p2|Delphox, L50, M|
|poke|p2|Sneasler, L50, F|
|poke|p2|Sinistcha, L50|
|poke|p2|Incineroar, L50, M|
|poke|p2|Kingambit, L50, F|
|poke|p2|Floette-Eternal, L50, F|
|teampreview|4
|showteam|p1|Charizard||CharizarditeY|Blaze|HeatWave,WeatherBall,SolarBeam,AirSlash|Timid||F|||50|]Palafin||MysticWater|ZerotoHero|JetPunch,WaveCrash,FlipTurn,BulkUp|Jolly||F|||50|]Venusaur||FocusSash|Chlorophyll|SludgeBomb,EnergyBall,EarthPower,SleepPowder|Modest||M|||50|]Scizor||MetalCoat|Technician|BulletPunch,SwordsDance,BugBite,CloseCombat|Adamant||F|||50|]Rotom-Wash||SitrusBerry|Levitate|HydroPump,WillOWisp,Thunderbolt,VoltSwitch|Timid|||||50|]Kangaskhan||Kangaskhanite|Scrappy|FakeOut,DoubleEdge,SuckerPunch,LowKick|Jolly||F|||50|
|showteam|p2|Delphox||Delphoxite|Blaze|Protect,NastyPlot,HeatWave,Psychic|Timid||M|||50|]Sneasler||FocusSash|Unburden|Protect,FakeOut,DireClaw,CloseCombat|Jolly||F|||50|]Sinistcha||KasibBerry|Hospitality|Protect,RagePowder,MatchaGotcha,LifeDew|Bold|||||50|]Incineroar||SitrusBerry|Intimidate|FakeOut,FlareBlitz,HelpingHand,PartingShot|Careful||M|||50|]Kingambit||BlackGlasses|Defiant|KowtowCleave,SwordsDance,SuckerPunch,Protect|Adamant||F|||50|]Floette-Eternal||Floettite|FlowerVeil|Moonblast,DazzlingGleam,CalmMind,Protect|Modest||F|||50|
|inactive|Battle timer is ON: inactive players will automatically lose when time's up. (requested by axcoquette)
|inactive|ki-sash has 60 seconds left.
|
|t:|1783289566
|teamsize|p1|4
|teamsize|p2|4
|start
|switch|p1a: Charizard|Charizard, L50, F|100/100
|switch|p1b: Rotom|Rotom-Wash, L50|100/100
|switch|p2a: Delphox|Delphox, L50, M|100/100
|switch|p2b: Sneasler|Sneasler, L50, F|100/100
|turn|1
|
|t:|1783289587
|detailschange|p2a: Delphox|Delphox-Mega, L50, M
|-mega|p2a: Delphox|Delphox|Delphoxite
|detailschange|p1a: Charizard|Charizard-Mega-Y, L50, F
|-mega|p1a: Charizard|Charizard|Charizardite Y
|-weather|SunnyDay|[from] ability: Drought|[of] p1a: Charizard
|move|p2a: Delphox|Protect|p2a: Delphox
|-singleturn|p2a: Delphox|Protect
|move|p2b: Sneasler|Fake Out|p1a: Charizard
|-damage|p1a: Charizard|80/100
|cant|p1a: Charizard|flinch
|move|p1b: Rotom|Hydro Pump|p2a: Delphox
|-activate|p2a: Delphox|move: Protect
|
|-weather|SunnyDay|[upkeep]
|upkeep
|turn|2
|
|t:|1783289609
|switch|p2a: Sinistcha|Sinistcha, L50|100/100
|move|p2b: Sneasler|Dire Claw|p1a: Charizard
|-damage|p1a: Charizard|20/100r
|-status|p1a: Charizard|slp
|cant|p1a: Charizard|slp
|move|p1b: Rotom|Hydro Pump|p2a: Sinistcha|[miss]
|-miss|p1b: Rotom|p2a: Sinistcha
|
|-weather|SunnyDay|[upkeep]
|upkeep
|turn|3
|
|t:|1783289625
|switch|p1a: Venusaur|Venusaur, L50, M|100/100
|switch|p1b: Kangaskhan|Kangaskhan, L50, F|100/100
|move|p2b: Sneasler|Dire Claw|p1a: Venusaur
|-damage|p1a: Venusaur|42/100
|move|p2a: Sinistcha|Matcha Gotcha|p1a: Venusaur|[spread] p1a,p1b
|-resisted|p1a: Venusaur|2
|-damage|p1a: Venusaur|36/100
|-damage|p1b: Kangaskhan|73/100
|
|-weather|SunnyDay|[upkeep]
|upkeep
|turn|4
|
|t:|1783289644
|move|p2b: Sneasler|Protect|p2b: Sneasler
|-singleturn|p2b: Sneasler|Protect
|move|p2a: Sinistcha|Protect|p2a: Sinistcha
|-singleturn|p2a: Sinistcha|Protect
|move|p1b: Kangaskhan|Sucker Punch||[still]
|-fail|p1b: Kangaskhan
|move|p1a: Venusaur|Earth Power|p2b: Sneasler
|-activate|p2b: Sneasler|move: Protect
|
|-weather|SunnyDay|[upkeep]
|upkeep
|turn|5
|
|t:|1783289659
|move|p2a: Sinistcha|Rage Powder|p2a: Sinistcha
|-singleturn|p2a: Sinistcha|move: Rage Powder
|move|p1b: Kangaskhan|Sucker Punch||[still]
|-fail|p1b: Kangaskhan
|move|p1a: Venusaur|Earth Power|p2b: Sneasler
|-supereffective|p2b: Sneasler|1
|-damage|p2b: Sneasler|18/100
|move|p2b: Sneasler|Close Combat|p1b: Kangaskhan
|-supereffective|p1b: Kangaskhan|1
|-damage|p1b: Kangaskhan|0 fnt
|-unboost|p2b: Sneasler|def|1
|-unboost|p2b: Sneasler|spd|1
|faint|p1b: Kangaskhan
|
|-weather|none
|upkeep
|
|t:|1783289674
|switch|p1b: Rotom|Rotom-Wash, L50|100/100
|turn|6
|
|t:|1783289691
|move|p2b: Sneasler|Dire Claw|p1a: Venusaur
|-damage|p1a: Venusaur|0 fnt
|faint|p1a: Venusaur
|move|p1b: Rotom|Will-O-Wisp|p2a: Sinistcha
|-status|p2a: Sinistcha|brn
|move|p2a: Sinistcha|Matcha Gotcha|p1b: Rotom
|-supereffective|p1b: Rotom|1
|-damage|p1b: Rotom|18/100
|-enditem|p1b: Rotom|Sitrus Berry|[eat]
|-heal|p1b: Rotom|42/100|[from] item: Sitrus Berry
|
|-damage|p2a: Sinistcha|93/100 brn|[from] brn
|upkeep
|
|t:|1783289705
|switch|p1a: Charizard|Charizard-Mega-Y, L50, F|20/100r slp
|-weather|SunnyDay|[from] ability: Drought|[of] p1a: Charizard
|turn|7
|inactive|ki-sash has 30 seconds left.
|
|t:|1783289730
|move|p2b: Sneasler|Dire Claw|p1a: Charizard
|-damage|p1a: Charizard|0 fnt
|faint|p1a: Charizard
|move|p1b: Rotom|Thunderbolt|p2a: Sinistcha
|-resisted|p2a: Sinistcha|1
|-damage|p2a: Sinistcha|71/100 brn
|move|p2a: Sinistcha|Matcha Gotcha|p1b: Rotom
|-supereffective|p1b: Rotom|1
|-damage|p1b: Rotom|0 fnt
|-heal|p2a: Sinistcha|87/100 brn|[from] drain|[of] p1b: Rotom
|faint|p1b: Rotom
|
|win|axcoquette
|raw|ki-sash's rating: 1098 → 1079(-19 for losing)
|raw|axcoquette's rating: 1182 → 1201(+19 for winning)
