|j|☆andiom123
|j|☆jellytelescope
|html|andiom123jellytelescope    
|uhtml|bestof|Game 3 of a best-of-3
|t:|1785886921
|gametype|doubles
|player|p1|andiom123|red|1190
|player|p2|jellytelescope|169|1070
|gen|9
|tier|[Gen 9 Champions] VGC 2026 Reg M-B (Bo3)
|rated|
|rule|Species Clause: Limit one of each Pokémon
|rule|Item Clause: Limit 1 of each item
|clearpoke
|poke|p1|Incineroar, L50, F|
|poke|p1|Farigiraf, L50, M|
|poke|p1|Sylveon, L50, M|
|poke|p1|Torkoal, L50, F|
|poke|p1|Kangaskhan, L50, F|
|poke|p1|Mudsdale, L50, F|
|poke|p2|Basculegion, L50, M|
|poke|p2|Bellibolt, L50, F|
|poke|p2|Blaziken, L50, M|
|poke|p2|Banette, L50, M|
|poke|p2|Blastoise, L50, M|
|poke|p2|Barbaracle, L50, F|
|teampreview|4
|showteam|p1|Incineroar||MuscleBand|Intimidate|ThroatChop,FlareBlitz,FakeOut,PartingShot|Brave||F|||50|]Farigiraf||SitrusBerry|ArmorTail|FoulPlay,PsychicNoise,TrickRoom,HelpingHand|Relaxed||M|||50|]Sylveon||FairyFeather|Pixilate|HyperVoice,HyperBeam,Yawn,Detect|Modest||M|||50|]Torkoal||Charcoal|Drought|Eruption,EarthPower,Flamethrower,Protect|Quiet||F|||50|]Kangaskhan||Kangaskhanite|Scrappy|DoubleEdge,FakeOut,IcePunch,HammerArm|Brave||F|||50|]Mudsdale||LifeOrb|InnerFocus|HighHorsepower,Earthquake,RockSlide,HeavySlam|Brave||F|||50|
|showteam|p2|Basculegion||FocusSash|Adaptability|Protect,WaveCrash,LastRespects,AquaJet|Jolly||M|||50|]Bellibolt||Leftovers|Electromorphosis|Protect,Thunderbolt,MuddyWater,VoltSwitch|Bold||F|||50|]Blaziken||Blazikenite|SpeedBoost|Detect,SwordsDance,CloseCombat,FlareBlitz|Adamant||M|||50|]Banette||ColburBerry|Insomnia|RainDance,TrickRoom,WillOWisp,Encore|Serious||M|||50|]Blastoise||Blastoisinite|RainDish|Protect,WaterSpout,FakeOut,DarkPulse|Modest||M|||50|]Barbaracle||Barbaracite|ToughClaws|Protect,CloseCombat,RockSlide,ShellSmash|Adamant||F|||50|
|
|t:|1785886994
|teamsize|p1|4
|teamsize|p2|4
|start
|switch|p1a: Farigiraf|Farigiraf, L50, M|100/100
|switch|p1b: Kangaskhan|Kangaskhan, L50, F|100/100
|switch|p2a: Bellibolt|Bellibolt, L50, F|100/100
|switch|p2b: Barbaracle|Barbaracle, L50, F|100/100
|turn|1
|
|t:|1785887008
|detailschange|p1b: Kangaskhan|Kangaskhan-Mega, L50, F
|-mega|p1b: Kangaskhan|Kangaskhan|Kangaskhanite
|detailschange|p2b: Barbaracle|Barbaracle-Mega, L50, F
|-mega|p2b: Barbaracle|Barbaracle|Barbaracite
|move|p1b: Kangaskhan|Fake Out|p2b: Barbaracle
|-resisted|p2b: Barbaracle|1
|-damage|p2b: Barbaracle|89/100
|-resisted|p2b: Barbaracle|1
|-damage|p2b: Barbaracle|88/100
|-hitcount|p2b: Barbaracle|2
|cant|p2b: Barbaracle|flinch
|move|p2a: Bellibolt|Thunderbolt|p1b: Kangaskhan
|-damage|p1b: Kangaskhan|71/100
|move|p1a: Farigiraf|Trick Room|p1a: Farigiraf
|-fieldstart|move: Trick Room|[of] p1a: Farigiraf
|
|upkeep
|turn|2
|
|t:|1785887035
|switch|p1a: Mudsdale|Mudsdale, L50, F|100/100
|move|p2b: Barbaracle|Protect|p2b: Barbaracle
|-singleturn|p2b: Barbaracle|Protect
|move|p2a: Bellibolt|Volt Switch|p1b: Kangaskhan
|-damage|p1b: Kangaskhan|50/100g
|
|t:|1785887049
|switch|p2a: Banette|Banette, L50, M|100/100|[from] Volt Switch
|move|p1b: Kangaskhan|Hammer Arm|p2b: Barbaracle
|-activate|p2b: Barbaracle|move: Protect
|
|upkeep
|turn|3
|
|t:|1785887069
|switch|p1b: Farigiraf|Farigiraf, L50, M|100/100
|switch|p2b: Bellibolt|Bellibolt, L50, F|100/100
|move|p1a: Mudsdale|Earthquake|p2b: Bellibolt|[spread] p1b,p2a,p2b
|-supereffective|p2b: Bellibolt|1
|-damage|p1b: Farigiraf|56/100
|-damage|p2a: Banette|42/100
|-damage|p2b: Bellibolt|31/100
|-start|p2b: Bellibolt|Charge|Earthquake|[from] ability: Electromorphosis
|-damage|p1a: Mudsdale|90/100|[from] item: Life Orb
|move|p2a: Banette|Will-O-Wisp|p1a: Mudsdale
|-status|p1a: Mudsdale|brn
|
|-heal|p2b: Bellibolt|37/100|[from] item: Leftovers
|-damage|p1a: Mudsdale|84/100 brn|[from] brn
|upkeep
|turn|4
|
|t:|1785887095
|move|p2b: Bellibolt|Protect|p2b: Bellibolt
|-singleturn|p2b: Bellibolt|Protect
|move|p1a: Mudsdale|High Horsepower|p2b: Bellibolt
|-activate|p2b: Bellibolt|move: Protect
|move|p1b: Farigiraf|Foul Play|p2a: Banette
|-supereffective|p2a: Banette|1
|-enditem|p2a: Banette|Colbur Berry|[eat]
|-enditem|p2a: Banette|Colbur Berry|[weaken]
|-damage|p2a: Banette|17/100
|move|p2a: Banette|Trick Room|p2a: Banette
|-fieldend|move: Trick Room
|
|-heal|p2b: Bellibolt|43/100|[from] item: Leftovers
|-damage|p1a: Mudsdale|78/100 brn|[from] brn
|upkeep
|turn|5
|
|t:|1785887143
|move|p2a: Banette|Rain Dance|p2a: Banette
|-weather|RainDance
|move|p2b: Bellibolt|Muddy Water|p1b: Farigiraf|[spread] p1a,p1b
|-supereffective|p1a: Mudsdale|1
|-crit|p1b: Farigiraf
|-damage|p1a: Mudsdale|33/100 brn
|-damage|p1b: Farigiraf|20/100y
|-enditem|p1b: Farigiraf|Sitrus Berry|[eat]
|-heal|p1b: Farigiraf|45/100|[from] item: Sitrus Berry
|move|p1a: Mudsdale|High Horsepower|p2b: Bellibolt
|-supereffective|p2b: Bellibolt|1
|-damage|p2b: Bellibolt|0 fnt
|faint|p2b: Bellibolt
|-damage|p1a: Mudsdale|23/100 brn|[from] item: Life Orb
|move|p1b: Farigiraf|Trick Room|p1b: Farigiraf
|-fieldstart|move: Trick Room|[of] p1b: Farigiraf
|
|-weather|RainDance|[upkeep]
|-damage|p1a: Mudsdale|17/100 brn|[from] brn
|upkeep
|
|t:|1785887165
|switch|p2b: Barbaracle|Barbaracle-Mega, L50, F|88/100
|turn|6
|
|t:|1785887174
|move|p1a: Mudsdale|High Horsepower|p2b: Barbaracle
|-supereffective|p2b: Barbaracle|1
|-crit|p2b: Barbaracle
|-damage|p2b: Barbaracle|2/100
|-damage|p1a: Mudsdale|8/100 brn|[from] item: Life Orb
|move|p1b: Farigiraf|Foul Play|p2a: Banette
|-supereffective|p2a: Banette|1
|-damage|p2a: Banette|0 fnt
|faint|p2a: Banette
|move|p2b: Barbaracle|Rock Slide|p1b: Farigiraf|[spread] p1a,p1b
|-resisted|p1a: Mudsdale|1
|-crit|p1a: Mudsdale
|-damage|p1a: Mudsdale|0 fnt
|-damage|p1b: Farigiraf|20/100y
|faint|p1a: Mudsdale
|
|-weather|RainDance|[upkeep]
|upkeep
|
|t:|1785887190
|switch|p1a: Kangaskhan|Kangaskhan-Mega, L50, F|50/100g
|switch|p2a: Basculegion|Basculegion, L50, M|100/100
|turn|7
|
|t:|1785887198
|move|p2b: Barbaracle|Protect|p2b: Barbaracle
|-singleturn|p2b: Barbaracle|Protect
|move|p1a: Kangaskhan|Fake Out|p2b: Barbaracle
|-activate|p2b: Barbaracle|move: Protect
|move|p1b: Farigiraf|Foul Play|p2a: Basculegion
|-supereffective|p2a: Basculegion|1
|-damage|p2a: Basculegion|26/100
|move|p2a: Basculegion|Wave Crash|p1a: Kangaskhan
|-damage|p1a: Kangaskhan|0 fnt
|faint|p1a: Kangaskhan
|-damage|p2a: Basculegion|9/100|[from] Recoil
|
|-weather|RainDance|[upkeep]
|upkeep
|
|t:|1785887210
|switch|p1a: Sylveon|Sylveon, L50, M|100/100
|turn|8
|
|t:|1785887215
|move|p1b: Farigiraf|Helping Hand|p1a: Sylveon
|-singleturn|p1a: Sylveon|Helping Hand|[of] p1b: Farigiraf
|move|p2b: Barbaracle|Protect||[still]
|-fail|p2b: Barbaracle
|move|p2a: Basculegion|Protect|p2a: Basculegion
|-singleturn|p2a: Basculegion|Protect
|move|p1a: Sylveon|Hyper Voice|p2b: Barbaracle|[spread] p2b
|-activate|p2a: Basculegion|move: Protect
|-supereffective|p2b: Barbaracle|1
|-damage|p2b: Barbaracle|0 fnt
|faint|p2b: Barbaracle
|
|-weather|RainDance|[upkeep]
|upkeep
|turn|9
|
|t:|1785887233
|move|p2a: Basculegion|Protect|p2a: Basculegion
|-singleturn|p2a: Basculegion|Protect
|move|p1b: Farigiraf|Foul Play|p2a: Basculegion
|-activate|p2a: Basculegion|move: Protect
|move|p1a: Sylveon|Hyper Voice|p2a: Basculegion
|-activate|p2a: Basculegion|move: Protect
|
|-weather|none
|-fieldend|move: Trick Room
|upkeep
|turn|10
|
|t:|1785887254
|move|p2a: Basculegion|Last Respects|p1a: Sylveon
|-damage|p1a: Sylveon|0 fnt
|faint|p1a: Sylveon
|move|p1b: Farigiraf|Foul Play|p2a: Basculegion
|-supereffective|p2a: Basculegion|1
|-damage|p2a: Basculegion|0 fnt
|faint|p2a: Basculegion
|
|win|andiom123
|raw|andiom123's rating: 1190 → 1207(+17 for winning)
|raw|jellytelescope's rating: 1070 → 1056(-14 for losing)
|l|☆jellytelescope
|player|p2|
