|j|☆MazapanAzteca
|j|☆buf0722shito
|html|MazapanAztecabuf0722shito    
|uhtml|bestof|Game 3 of a best-of-3
|t:|1756301042
|gametype|doubles
|player|p1|MazapanAzteca|ingo|1254
|player|p2|buf0722shito|266|1214
|gen|9
|tier|[Gen 9] VGC 2025 Reg H (Bo3)
|rated|
|rule|Species Clause: Limit one of each Pokémon
|rule|Item Clause: Limit 1 of each item
|clearpoke
|poke|p1|Kommo-o, L50, M|
|poke|p1|Gholdengo, L50|
|poke|p1|Sneasler, L50, F|
|poke|p1|Rillaboom, L50, M|
|poke|p1|Dondozo, L50, M|
|poke|p1|Electabuzz, L50, M|
|poke|p2|Charizard, L50, F|
|poke|p2|Torkoal, L50, M|
|poke|p2|Porygon2, L50|
|poke|p2|Incineroar, L50, M|
|poke|p2|Jumpluff, L50, M|
|poke|p2|Ursaluna, L50, M|
|teampreview|4
|showteam|p1|Kommo-o||ThroatSpray|Soundproof|ClangingScales,Flamethrower,Protect,ClangorousSoul|||M|||50|,,,,,Fire]Gholdengo||ChoiceSpecs|GoodasGold|MakeItRain,ShadowBall,PowerGem,Trick||||||50|,,,,,Steel]Sneasler||FocusSash|Unburden|CloseCombat,DireClaw,Protect,FakeOut|||F|||50|,,,,,Stellar]Rillaboom||AssaultVest|GrassySurge|WoodHammer,GrassyGlide,HighHorsepower,FakeOut|||M|||50|,,,,,Water]Dondozo||Leftovers|Unaware|WaveCrash,Yawn,Protect,Fissure|||M|||50|,,,,,Bug]Electabuzz||Eviolite|VitalSpirit|Electroweb,FollowMe,Protect,HelpingHand|||M|||50|,,,,,Dragon
|showteam|p2|Charizard||ChoiceSpecs|SolarPower|HeatWave,Overheat,WeatherBall,AirSlash|||F|||50|,,,,,Ghost]Torkoal||EjectPack|Drought|Eruption,Overheat,HelpingHand,Protect|||M|||50|,,,,,Fire]Porygon2||Eviolite|Download|IceBeam,TeraBlast,TrickRoom,Recover||||||50|,,,,,Fighting]Incineroar||SitrusBerry|Intimidate|FlareBlitz,KnockOff,FakeOut,PartingShot|||M|||50|,,,,,Ghost]Jumpluff||CovertCloak|Chlorophyll|SleepPowder,SunnyDay,RagePowder,Tailwind|||M|||50|,,,,,Water]Ursaluna||FlameOrb|Guts|HeadlongRush,Facade,Earthquake,Protect|||M|||50|,,,,,Ghost
|inactive|Battle timer is ON: inactive players will automatically lose when time's up. (requested by buf0722shito)
|inactive|MazapanAzteca has 60 seconds left.
|
|t:|1756301089
|teamsize|p1|4
|teamsize|p2|4
|start
|switch|p1a: Kommo-o|Kommo-o, L50, M|100/100
|switch|p1b: Electabuzz|Electabuzz, L50, M|100/100
|switch|p2a: Incineroar|Incineroar, L50, M|100/100
|switch|p2b: Jumpluff|Jumpluff, L50, M|100/100
|-ability|p2a: Incineroar|Intimidate|boost
|-unboost|p1a: Kommo-o|atk|1
|-unboost|p1b: Electabuzz|atk|1
|turn|1
|inactive|MazapanAzteca has 30 seconds left.
|inactive|buf0722shito has 30 seconds left.
|
|t:|1756301120
|move|p1b: Electabuzz|Helping Hand|p1a: Kommo-o
|-singleturn|p1a: Kommo-o|Helping Hand|[of] p1b: Electabuzz
|move|p2a: Incineroar|Fake Out|p1b: Electabuzz
|-damage|p1b: Electabuzz|88/100
|move|p2b: Jumpluff|Sleep Powder|p1a: Kommo-o
|-status|p1a: Kommo-o|slp|[from] move: Sleep Powder
|cant|p1a: Kommo-o|slp
|
|upkeep
|turn|2
|
|t:|1756301136
|switch|p2b: Ursaluna|Ursaluna, L50, M|100/100
|move|p1b: Electabuzz|Helping Hand|p1a: Kommo-o
|-singleturn|p1a: Kommo-o|Helping Hand|[of] p1b: Electabuzz
|cant|p1a: Kommo-o|slp
|move|p2a: Incineroar|Knock Off|p1a: Kommo-o
|-resisted|p1a: Kommo-o
|-damage|p1a: Kommo-o|80/100 slp
|-enditem|p1a: Kommo-o|Throat Spray|[from] move: Knock Off|[of] p2a: Incineroar
|
|-status|p2b: Ursaluna|brn|[from] item: Flame Orb
|upkeep
|turn|3
|inactive|MazapanAzteca has 30 seconds left.
|inactive|MazapanAzteca has 20 seconds left.
|inactive|MazapanAzteca has 15 seconds left.
|inactive|MazapanAzteca has 10 seconds left.
|
|t:|1756301182
|switch|p1b: Dondozo|Dondozo, L50, M|100/100
|switch|p1a: Rillaboom|Rillaboom, L50, M|100/100
|-fieldstart|move: Grassy Terrain|[from] ability: Grassy Surge|[of] p1a: Rillaboom
|move|p2b: Ursaluna|Protect|p2b: Ursaluna
|-singleturn|p2b: Ursaluna|Protect
|move|p2a: Incineroar|Parting Shot|p1b: Dondozo
|-unboost|p1b: Dondozo|atk|1
|-unboost|p1b: Dondozo|spa|1
|
|t:|1756301194
|switch|p2a: Jumpluff|Jumpluff, L50, M|100/100|[from] Parting Shot
|
|-damage|p2b: Ursaluna|95/100 brn|[from] brn
|upkeep
|turn|4
|inactive|MazapanAzteca has 30 seconds left.
|inactive|MazapanAzteca has 20 seconds left.
|inactive|MazapanAzteca has 15 seconds left.
|
|t:|1756301234
|switch|p1a: Electabuzz|Electabuzz, L50, M|88/100
|-terastallize|p2b: Ursaluna|Ghost
|move|p2a: Jumpluff|Tailwind|p2a: Jumpluff
|-sidestart|p2: buf0722shito|move: Tailwind
|move|p2b: Ursaluna|Facade|p1a: Electabuzz
|-damage|p1a: Electabuzz|0 fnt
|faint|p1a: Electabuzz
|move|p1b: Dondozo|Fissure|p2b: Ursaluna
|-damage|p2b: Ursaluna|0 fnt
|faint|p2b: Ursaluna
|-ohko
|
|upkeep
|
|t:|1756301257
|switch|p1a: Kommo-o|Kommo-o, L50, M|80/100 slp
|switch|p2b: Charizard|Charizard, L50, F|100/100
|turn|5
|inactive|MazapanAzteca has 30 seconds left.
|inactive|MazapanAzteca has 20 seconds left.
|inactive|MazapanAzteca has 15 seconds left.
|inactive|MazapanAzteca has 10 seconds left.
|
|t:|1756301305
|-terastallize|p1a: Kommo-o|Fire
|move|p2a: Jumpluff|Sleep Powder|p1b: Dondozo
|-status|p1b: Dondozo|slp|[from] move: Sleep Powder
|move|p2b: Charizard|Air Slash|p1a: Kommo-o
|-damage|p1a: Kommo-o|26/100 slp
|cant|p1a: Kommo-o|slp
|cant|p1b: Dondozo|slp
|
|-heal|p1a: Kommo-o|32/100 slp|[from] Grassy Terrain
|upkeep
|turn|6
|
|t:|1756301321
|-curestatus|p1a: Kommo-o|slp|[msg]
|move|p1a: Kommo-o|Protect|p1a: Kommo-o
|-singleturn|p1a: Kommo-o|Protect
|move|p2a: Jumpluff|Sunny Day|p2a: Jumpluff
|-weather|SunnyDay
|move|p2b: Charizard|Air Slash|p1a: Kommo-o
|-activate|p1a: Kommo-o|move: Protect
|cant|p1b: Dondozo|slp
|
|-weather|SunnyDay|[upkeep]
|-damage|p2b: Charizard|88/100|[from] ability: Solar Power|[of] p2b: Charizard
|-heal|p1a: Kommo-o|38/100|[from] Grassy Terrain
|upkeep
|turn|7
|inactive|MazapanAzteca has 30 seconds left.
|inactive|MazapanAzteca has 20 seconds left.
|inactive|MazapanAzteca has 15 seconds left.
|inactive|MazapanAzteca has 10 seconds left.
|inactive|MazapanAzteca has 5 seconds left.
|
|t:|1756301371
|switch|p1a: Rillaboom|Rillaboom, L50, M|100/100
|move|p2a: Jumpluff|Rage Powder|p2a: Jumpluff
|-singleturn|p2a: Jumpluff|move: Rage Powder
|move|p2b: Charizard|Air Slash|p1a: Rillaboom
|-supereffective|p1a: Rillaboom
|-damage|p1a: Rillaboom|0 fnt
|faint|p1a: Rillaboom
|cant|p1b: Dondozo|slp
|
|-weather|SunnyDay|[upkeep]
|-damage|p2b: Charizard|76/100|[from] ability: Solar Power|[of] p2b: Charizard
|-sideend|p2: buf0722shito|move: Tailwind
|-fieldend|move: Grassy Terrain
|upkeep
|
|t:|1756301380
|switch|p1a: Kommo-o|Kommo-o, L50, M, tera:Fire|38/100
|turn|8
|
|t:|1756301393
|move|p1a: Kommo-o|Protect|p1a: Kommo-o
|-singleturn|p1a: Kommo-o|Protect
|move|p2a: Jumpluff|Rage Powder|p2a: Jumpluff
|-singleturn|p2a: Jumpluff|move: Rage Powder
|move|p2b: Charizard|Air Slash|p1a: Kommo-o
|-activate|p1a: Kommo-o|move: Protect
|-curestatus|p1b: Dondozo|slp|[msg]
|move|p1b: Dondozo|Yawn|p2a: Jumpluff
|-start|p2a: Jumpluff|move: Yawn|[of] p1b: Dondozo
|
|-weather|SunnyDay|[upkeep]
|-damage|p2b: Charizard|63/100|[from] ability: Solar Power|[of] p2b: Charizard
|upkeep
|turn|9
|inactive|MazapanAzteca has 30 seconds left.
|
|t:|1756301420
|switch|p2a: Incineroar|Incineroar, L50, M|100/100
|-ability|p2a: Incineroar|Intimidate|boost
|-unboost|p1a: Kommo-o|atk|1
|-unboost|p1b: Dondozo|atk|1
|move|p1a: Kommo-o|Protect||[still]
|-fail|p1a: Kommo-o
|move|p2b: Charizard|Air Slash|p1a: Kommo-o
|-damage|p1a: Kommo-o|0 fnt
|faint|p1a: Kommo-o
|move|p1b: Dondozo|Wave Crash|p2b: Charizard
|-supereffective|p2b: Charizard
|-damage|p2b: Charizard|34/100
|-damage|p1b: Dondozo|95/100|[from] Recoil
|
|-weather|SunnyDay|[upkeep]
|-damage|p2b: Charizard|22/100|[from] ability: Solar Power|[of] p2b: Charizard
|-heal|p1b: Dondozo|100/100|[from] item: Leftovers
|upkeep
|turn|10
|j| Trestkon
|
|t:|1756301437
|move|p1b: Dondozo|Protect|p1b: Dondozo
|-singleturn|p1b: Dondozo|Protect
|move|p2b: Charizard|Air Slash|p1b: Dondozo
|-activate|p1b: Dondozo|move: Protect
|move|p2a: Incineroar|Knock Off|p1b: Dondozo
|-activate|p1b: Dondozo|move: Protect
|
|-weather|none
|upkeep
|turn|11
|l| Trestkon
|
|t:|1756301451
|move|p2b: Charizard|Air Slash|p1b: Dondozo
|-damage|p1b: Dondozo|65/100
|move|p2a: Incineroar|Knock Off|p1b: Dondozo
|-damage|p1b: Dondozo|39/100
|-enditem|p1b: Dondozo|Leftovers|[from] move: Knock Off|[of] p2a: Incineroar
|move|p1b: Dondozo|Yawn|p2b: Charizard
|-start|p2b: Charizard|move: Yawn|[of] p1b: Dondozo
|
|upkeep
|turn|12
|
|t:|1756301461
|switch|p2b: Jumpluff|Jumpluff, L50, M|100/100
|move|p2a: Incineroar|Parting Shot|p1b: Dondozo
|-unboost|p1b: Dondozo|atk|1
|-unboost|p1b: Dondozo|spa|1
|
|t:|1756301466
|switch|p2a: Charizard|Charizard, L50, F|22/100|[from] Parting Shot
|move|p1b: Dondozo|Fissure|p2a: Charizard
|-immune|p2a: Charizard
|
|upkeep
|turn|13
|-message|MazapanAzteca forfeited.
|
|win|buf0722shito
|raw|MazapanAzteca's rating: 1254 → 1226(-28 for losing)
|raw|buf0722shito's rating: 1214 → 1242(+28 for winning)
|c|☆buf0722shito|Gg
