|j|‽Juaner95
|j|☆lucasr_65
|html|Juaner95lucasr_65    
|uhtml|bestof|Game 2 of a best-of-3
|t:|1783633415
|gametype|doubles
|player|p1|Juaner95|ash-johto|1090
|player|p2|lucasr_65|266|1037
|gen|9
|tier|[Gen 9 Champions] VGC 2026 Reg M-B (Bo3)
|rated|
|rule|Species Clause: Limit one of each Pokémon
|rule|Item Clause: Limit 1 of each item
|clearpoke
|poke|p1|Scovillain, L50, M|
|poke|p1|Basculegion, L50, M, shiny|
|poke|p1|Sylveon, L50, F, shiny|
|poke|p1|Garchomp, L50, M|
|poke|p1|Aerodactyl, L50, M|
|poke|p1|Kingambit, L50, M|
|poke|p2|Farigiraf, L50, M|
|poke|p2|Scrafty, L50, M|
|poke|p2|Aegislash, L50, F|
|poke|p2|Ariados, L50, F|
|poke|p2|Talonflame, L50, M|
|poke|p2|Floette-Eternal, L50, F|
|teampreview|4
|showteam|p1|Scovillain||Scovillainite|Moody|Overheat,LeechSeed,RagePowder,Protect|Calm||M|||50|]Basculegion||ChoiceScarf|Adaptability|WaveCrash,LastRespects,FlipTurn,AquaJet|Jolly||M|||50|]Sylveon||FairyFeather|Pixilate|HyperVoice,HyperBeam,QuickAttack,Detect|Modest||F|||50|]Garchomp||SitrusBerry|RoughSkin|Earthquake,DragonClaw,PoisonJab,Protect|Adamant||M|||50|]Aerodactyl||Aerodactylite|Unnerve|RockSlide,DualWingbeat,Tailwind,Protect|Jolly||M|||50|]Kingambit||FocusSash|Defiant|KowtowCleave,IronHead,LowKick,SuckerPunch|Adamant||M|||50|
|showteam|p2|Farigiraf||ColburBerry|ArmorTail|Protect,HyperVoice,TrickRoom,AllySwitch|Sassy||M|||50|]Scrafty||Scraftinite|Intimidate|CloseCombat,KnockOff,SwordsDance,FakeOut|Brave||M|||50|]Aegislash||MetalCoat|StanceChange|IronHead,Poltergeist,WideGuard,KingsShield|Careful||F|||50|]Ariados||SitrusBerry|Insomnia|RagePowder,ShadowSneak,Protect,PoisonJab|Careful||F|||50|]Talonflame||FocusSash|GaleWings|Tailwind,UpperHand,BlazeKick,DualWingbeat|Jolly||M|||50|]Floette-Eternal||Floettite|FlowerVeil|CalmMind,DrainingKiss,DazzlingGleam,Protect|Modest||F|||50|
|inactive|Battle timer is ON: inactive players will automatically lose when time's up. (requested by lucasr_65)
|inactive|Juaner95 has 60 seconds left.
|inactive|lucasr_65 has 60 seconds left.
|inactive|Juaner95 has 30 seconds left.
|inactive|Juaner95 has 20 seconds left.
|inactive|Juaner95 has 15 seconds left.
|inactive|Juaner95 has 10 seconds left.
|inactive|Juaner95 has 5 seconds left.
|
|t:|1783633505
|teamsize|p1|4
|teamsize|p2|4
|start
|switch|p1a: Scovillain|Scovillain, L50, M|100/100
|switch|p1b: Basculegion|Basculegion, L50, M, shiny|100/100
|switch|p2a: Farigiraf|Farigiraf, L50, M|100/100
|switch|p2b: Scrafty|Scrafty, L50, M|100/100
|-ability|p2b: Scrafty|Intimidate|boost
|-unboost|p1a: Scovillain|atk|1
|-unboost|p1b: Basculegion|atk|1
|turn|1
|inactive|Juaner95 has 30 seconds left.
|inactive|Juaner95 has 20 seconds left.
|inactive|Juaner95 has 15 seconds left.
|inactive|Juaner95 has 10 seconds left.
|inactive|Juaner95 has 5 seconds left.
|
|t:|1783633556
|detailschange|p2b: Scrafty|Scrafty-Mega, L50, M
|-mega|p2b: Scrafty|Scrafty|Scraftinite
|-ability|p2b: Scrafty|Intimidate|boost
|-unboost|p1a: Scovillain|atk|1
|-unboost|p1b: Basculegion|atk|1
|move|p1a: Scovillain|Protect|p1a: Scovillain
|-singleturn|p1a: Scovillain|Protect
|move|p1b: Basculegion|Flip Turn|p2a: Farigiraf
|-damage|p2a: Farigiraf|79/100
|
|t:|1783633565
|switch|p1b: Sylveon|Sylveon, L50, F, shiny|100/100|[from] Flip Turn
|move|p2b: Scrafty|Swords Dance|p2b: Scrafty
|-boost|p2b: Scrafty|atk|2
|move|p2a: Farigiraf|Trick Room|p2a: Farigiraf
|-fieldstart|move: Trick Room|[of] p2a: Farigiraf
|
|-ability|p1a: Scovillain|Moody|boost
|-boost|p1a: Scovillain|spa|2
|-unboost|p1a: Scovillain|atk|1
|upkeep
|turn|2
|
|t:|1783633590
|detailschange|p1a: Scovillain|Scovillain-Mega, L50, M
|-mega|p1a: Scovillain|Scovillain|Scovillainite
|move|p1a: Scovillain|Rage Powder|p1a: Scovillain
|-singleturn|p1a: Scovillain|move: Rage Powder
|move|p2a: Farigiraf|Hyper Voice|p1a: Scovillain|[spread] p1a,p1b
|-damage|p1a: Scovillain|74/100
|-damage|p1b: Sylveon|81/100
|-status|p2a: Farigiraf|brn|[from] ability: Spicy Spray|[of] p1a: Scovillain
|move|p2b: Scrafty|Close Combat|p1a: Scovillain
|-damage|p1a: Scovillain|0 fnt
|-unboost|p2b: Scrafty|def|1
|-unboost|p2b: Scrafty|spd|1
|-status|p2b: Scrafty|brn|[from] ability: Spicy Spray|[of] p1a: Scovillain
|faint|p1a: Scovillain
|move|p1b: Sylveon|Hyper Voice|p2a: Farigiraf|[spread] p2a,p2b
|-supereffective|p2b: Scrafty|2
|-damage|p2a: Farigiraf|44/100 brn
|-damage|p2b: Scrafty|0 fnt
|faint|p2b: Scrafty
|
|-damage|p2a: Farigiraf|38/100 brn|[from] brn
|upkeep
|
|t:|1783633605
|switch|p2b: Aegislash|Aegislash, L50, F|100/100
|switch|p1a: Basculegion|Basculegion, L50, M, shiny|100/100
|turn|3
|
|t:|1783633614
|move|p1b: Sylveon|Detect|p1b: Sylveon
|-singleturn|p1b: Sylveon|Protect
|move|p2a: Farigiraf|Ally Switch|p2a: Farigiraf
|swap|p2a: Farigiraf|1|[from] move: Ally Switch
|-formechange|p2a: Aegislash|Aegislash-Blade|
|move|p2a: Aegislash|Iron Head|p1b: Sylveon
|-activate|p1b: Sylveon|move: Protect
|move|p1a: Basculegion|Flip Turn|p2b: Farigiraf
|-damage|p2b: Farigiraf|0 fnt
|faint|p2b: Farigiraf
|
|t:|1783633622
|switch|p1a: Garchomp|Garchomp, L50, M|100/100|[from] Flip Turn
|
|upkeep
|
|t:|1783633624
|switch|p2b: Ariados|Ariados, L50, F|100/100
|turn|4
|inactive|Juaner95 has 30 seconds left.
|
|t:|1783633654
|move|p1a: Garchomp|Protect|p1a: Garchomp
|-singleturn|p1a: Garchomp|Protect
|move|p2b: Ariados|Poison Jab|p1b: Sylveon
|-supereffective|p1b: Sylveon|1
|-damage|p1b: Sylveon|12/100
|-status|p1b: Sylveon|psn
|move|p1b: Sylveon|Hyper Voice|p2a: Aegislash|[spread] p2a,p2b
|-resisted|p2a: Aegislash|1
|-resisted|p2b: Ariados|1
|-damage|p2a: Aegislash|60/100
|-damage|p2b: Ariados|77/100
|move|p2a: Aegislash|Poltergeist|p1a: Garchomp
|-activate|p1a: Garchomp|move: Protect
|
|-damage|p1b: Sylveon|0 fnt|[from] psn
|faint|p1b: Sylveon
|upkeep
|
|t:|1783633663
|switch|p1b: Basculegion|Basculegion, L50, M, shiny|100/100
|turn|5
|inactive|lucasr_65 has 30 seconds left.
|
|t:|1783633692
|move|p2b: Ariados|Rage Powder|p2b: Ariados
|-singleturn|p2b: Ariados|move: Rage Powder
|move|p2a: Aegislash|Poltergeist|p1a: Garchomp
|-activate|p1a: Garchomp|move: Poltergeist|Sitrus Berry
|-crit|p1a: Garchomp
|-damage|p1a: Garchomp|22/100
|-enditem|p1a: Garchomp|Sitrus Berry|[eat]
|-heal|p1a: Garchomp|47/100|[from] item: Sitrus Berry
|move|p1a: Garchomp|Dragon Claw|p2b: Ariados
|-damage|p2b: Ariados|16/100
|-enditem|p2b: Ariados|Sitrus Berry|[eat]
|-heal|p2b: Ariados|41/100|[from] item: Sitrus Berry
|move|p1b: Basculegion|Last Respects|p2b: Ariados
|-damage|p2b: Ariados|0 fnt
|faint|p2b: Ariados
|
|-fieldend|move: Trick Room
|upkeep
|turn|6
|
|t:|1783633712
|-formechange|p2a: Aegislash|Aegislash|
|move|p2a: Aegislash|King's Shield|p2a: Aegislash
|-singleturn|p2a: Aegislash|Protect
|move|p1b: Basculegion|Last Respects|p2a: Aegislash
|-activate|p2a: Aegislash|move: Protect
|move|p1a: Garchomp|Dragon Claw|p2a: Aegislash
|-activate|p2a: Aegislash|move: Protect
|-unboost|p1a: Garchomp|atk|1
|
|upkeep
|turn|7
|
|t:|1783633725
|move|p1b: Basculegion|Last Respects|p2a: Aegislash
|-supereffective|p2a: Aegislash|1
|-damage|p2a: Aegislash|0 fnt
|faint|p2a: Aegislash
|
|win|Juaner95
||lucasr_65 is ready for game 3.
|inactive|Juaner95 has 30 seconds to confirm battle start!
|inactive|Juaner95 has 20 seconds to confirm battle start!
|l|☆lucasr_65
|player|p2|
|inactive|Juaner95 has 10 seconds to confirm battle start!
|uhtml|next|Next: Game 3 of 3
