|j|☆higigig
|j|☆bosilek
|html|higigigbosilek    
|uhtml|bestof|Game 2 of a best-of-3
|t:|1756176836
|gametype|doubles
|player|p1|higigig|sisandbro|1142
|player|p2|bosilek|hilbert-wonderlauncher|1148
|gen|9
|tier|[Gen 9] VGC 2025 Reg H (Bo3)
|rated|
|rule|Species Clause: Limit one of each Pokémon
|rule|Item Clause: Limit 1 of each item
|clearpoke
|poke|p1|Sneasler, L50, M|
|poke|p1|Gholdengo, L50|
|poke|p1|Farigiraf, L50, F|
|poke|p1|Ursaluna-Bloodmoon, L50, M|
|poke|p1|Amoonguss, L50, M|
|poke|p1|Altaria, L50, M|
|poke|p2|Garchomp, L50, M|
|poke|p2|Incineroar, L50, F|
|poke|p2|Dragonite, L50, M|
|poke|p2|Farigiraf, L50, M|
|poke|p2|Sneasler, L50, M|
|poke|p2|Ninetales-Alola, L50, M|
|teampreview|4
|showteam|p1|Sneasler||FocusSash|PoisonTouch|FakeOut,CloseCombat,DireClaw,Taunt|||M|||50|,,,,,Ghost]Gholdengo||ChoiceSpecs|GoodasGold|MakeItRain,ShadowBall,DazzlingGleam,PowerGem||||||50|,,,,,Steel]Farigiraf||MentalHerb|ArmorTail|Psychic,Imprison,HelpingHand,TrickRoom|||F|||50|,,,,,Grass]Ursaluna-Bloodmoon||ThroatSpray|MindsEye|HyperVoice,EarthPower,BloodMoon,Protect|||M|||50|,,,,,Normal]Amoonguss||SitrusBerry|Regenerator|SludgeBomb,PollenPuff,Spore,RagePowder|||M|||50|,,,,,Water]Altaria||CovertCloak|CloudNine|BreakingSwipe,HelpingHand,Haze,Tailwind|||M|||50|,,,,,Water
|showteam|p2|Garchomp||LifeOrb|RoughSkin|Protect,Earthquake,DragonClaw,StompingTantrum|||M|||50|,,,,,Ground]Incineroar||SafetyGoggles|Intimidate|FakeOut,PartingShot,KnockOff,FlareBlitz|||F|||50|,,,,,Ghost]Dragonite||LoadedDice|Multiscale|Protect,Tailwind,ScaleShot,ExtremeSpeed|||M|||50|,,,,,Fairy]Farigiraf||RockyHelmet|ArmorTail|DazzlingGleam,PsychicNoise,HelpingHand,TrickRoom|||M|||50|,,,,,Fairy]Sneasler||FocusSash|PoisonTouch|Protect,CloseCombat,DireClaw,Coaching|||M|||50|,,,,,Flying]Ninetales-Alola||CovertCloak|SnowWarning|Blizzard,Moonblast,AuroraVeil,Encore|||M|||50|,,,,,Ghost
|inactive|Battle timer is ON: inactive players will automatically lose when time's up. (requested by higigig)
|inactive|higigig has 60 seconds left.
|inactive|bosilek has 60 seconds left.
|inactive|higigig has 30 seconds left.
|inactive|bosilek has 30 seconds left.
|inactive|bosilek has 20 seconds left.
|inactive|bosilek has 15 seconds left.
|
|t:|1756176912
|teamsize|p1|4
|teamsize|p2|4
|start
|switch|p1a: Altaria|Altaria, L50, M|100/100
|switch|p1b: Ursaluna|Ursaluna-Bloodmoon, L50, M|100/100
|switch|p2a: Sneasler|Sneasler, L50, M|100/100
|switch|p2b: Ninetales|Ninetales-Alola, L50, M|100/100
|-weather|Snowscape|[from] ability: Snow Warning|[of] p2b: Ninetales
|-ability|p1a: Altaria|Cloud Nine
|turn|1
|inactive|bosilek has 30 seconds left.
|
|t:|1756176940
|-terastallize|p1a: Altaria|Water
|move|p1b: Ursaluna|Protect|p1b: Ursaluna
|-singleturn|p1b: Ursaluna|Protect
|move|p2a: Sneasler|Dire Claw|p1a: Altaria
|-damage|p1a: Altaria|59/100
|move|p2b: Ninetales|Blizzard|p1b: Ursaluna|[spread] p1a
|-activate|p1b: Ursaluna|move: Protect
|-resisted|p1a: Altaria
|-damage|p1a: Altaria|44/100
|move|p1a: Altaria|Tailwind|p1a: Altaria
|-sidestart|p1: higigig|move: Tailwind
|
|-weather|Snowscape|[upkeep]
|upkeep
|turn|2
|inactive|higigig has 30 seconds left.
|inactive|higigig has 20 seconds left.
|
|t:|1756176979
|move|p1a: Altaria|Helping Hand|p1b: Ursaluna
|-singleturn|p1b: Ursaluna|Helping Hand|[of] p1a: Altaria
|move|p2a: Sneasler|Close Combat|p1b: Ursaluna
|-supereffective|p1b: Ursaluna
|-damage|p1b: Ursaluna|4/100
|-unboost|p2a: Sneasler|def|1
|-unboost|p2a: Sneasler|spd|1
|move|p2b: Ninetales|Encore|p1b: Ursaluna
|-start|p1b: Ursaluna|Encore
|move|p1b: Ursaluna|Protect||[still]
|-fail|p1b: Ursaluna
|
|-weather|Snowscape|[upkeep]
|upkeep
|turn|3
|inactive|higigig has 30 seconds left.
|
|t:|1756177006
|switch|p1b: Gholdengo|Gholdengo, L50|100/100
|move|p1a: Altaria|Breaking Swipe|p2b: Ninetales|[spread] p2a
|-immune|p2b: Ninetales
|-damage|p2a: Sneasler|70/100
|-unboost|p2a: Sneasler|atk|1
|move|p2a: Sneasler|Dire Claw|p1a: Altaria
|-damage|p1a: Altaria|11/100
|move|p2b: Ninetales|Blizzard|p1b: Gholdengo|[spread] 
|-miss|p2b: Ninetales|p1a: Altaria
|-miss|p2b: Ninetales|p1b: Gholdengo
|
|-weather|Snowscape|[upkeep]
|upkeep
|turn|4
|inactive|higigig has 30 seconds left.
|inactive|higigig has 20 seconds left.
|
|t:|1756177044
|switch|p2b: Dragonite|Dragonite, L50, M|100/100
|move|p1a: Altaria|Helping Hand|p1b: Gholdengo
|-immune|p1b: Gholdengo|[from] ability: Good as Gold
|move|p2a: Sneasler|Protect|p2a: Sneasler
|-singleturn|p2a: Sneasler|Protect
|move|p1b: Gholdengo|Make It Rain|p2a: Sneasler|[spread] p2b
|-activate|p2a: Sneasler|move: Protect
|-damage|p2b: Dragonite|63/100
|-unboost|p1b: Gholdengo|spa|1
|
|-weather|Snowscape|[upkeep]
|-sideend|p1: higigig|move: Tailwind
|upkeep
|turn|5
|
|t:|1756177067
|switch|p2a: Garchomp|Garchomp, L50, M, shiny|100/100
|move|p2b: Dragonite|Extreme Speed|p1a: Altaria
|-damage|p1a: Altaria|0 fnt
|faint|p1a: Altaria
|move|p1b: Gholdengo|Make It Rain|p2b: Dragonite|[spread] p2a,p2b
|-damage|p2a: Garchomp|50/100
|-damage|p2b: Dragonite|18/100
|-unboost|p1b: Gholdengo|spa|1
|
|-weather|none
|upkeep
|
|t:|1756177078
|switch|p1a: Amoonguss|Amoonguss, L50, M|100/100
|turn|6
|
|t:|1756177098
|-terastallize|p2a: Garchomp|Ground
|move|p2a: Garchomp|Earthquake|p1a: Amoonguss|[spread] p1a,p1b
|-immune|p2b: Dragonite
|-supereffective|p1b: Gholdengo
|-damage|p1a: Amoonguss|31/100
|-damage|p1b: Gholdengo|0 fnt
|-enditem|p1a: Amoonguss|Sitrus Berry|[eat]
|-heal|p1a: Amoonguss|56/100|[from] item: Sitrus Berry
|faint|p1b: Gholdengo
|-damage|p2a: Garchomp|40/100|[from] item: Life Orb
|move|p2b: Dragonite|Scale Shot|p1a: Amoonguss
|-damage|p1a: Amoonguss|43/100
|-damage|p1a: Amoonguss|29/100
|-damage|p1a: Amoonguss|15/100
|-damage|p1a: Amoonguss|1/100
|-damage|p1a: Amoonguss|0 fnt
|faint|p1a: Amoonguss
|-hitcount|p1: Amoonguss|5
|-unboost|p2b: Dragonite|def|1
|-boost|p2b: Dragonite|spe|1
|
|upkeep
|
|t:|1756177103
|switch|p1b: Ursaluna|Ursaluna-Bloodmoon, L50, M|4/100
|turn|7
|-message|higigig forfeited.
|
|win|bosilek
||higigig is ready for game 3.
