|j|☆The Grindel
|j|☆SideB33563356
|html|The GrindelSideB33563356    
|uhtml|bestof|Game 1 of a best-of-3
|t:|1784165421
|gametype|doubles
|player|p1|The Grindel|101|
|player|p2|SideB33563356|1|
|gen|9
|tier|[Gen 9 Champions] VGC 2026 Reg M-B (Bo3)
|rule|Species Clause: Limit one of each Pokémon
|rule|Item Clause: Limit 1 of each item
|clearpoke
|poke|p1|Pelipper, L50, F|
|poke|p1|Sceptile, L50, M, shiny|
|poke|p1|Archaludon, L50, F|
|poke|p1|Basculegion, L50, M, shiny|
|poke|p1|Sinistcha, L50|
|poke|p1|Rotom-Heat, L50, shiny|
|poke|p2|Metagross, L50|
|poke|p2|Talonflame, L50, F|
|poke|p2|Basculegion, L50, M|
|poke|p2|Kingambit, L50, M|
|poke|p2|Hydreigon, L50, F|
|poke|p2|Ninetales-Alola, L50, F|
|teampreview|4
|showteam|p1|Pelipper||FocusSash|Drizzle|Tailwind,WeatherBall,DualWingbeat,IceBeam|Timid||F|||50|]Sceptile||Sceptilite|Overgrow|Detect,DragonPulse,EarthPower,LeafStorm|Timid||M|||50|]Archaludon||Leftovers|Stamina|Protect,FlashCannon,AuraSphere,ElectroShot|Modest||F|||50|]Basculegion||MysticWater|Adaptability|AquaJet,LastRespects,Protect,WaveCrash|Adamant||M|||50|]Sinistcha||SitrusBerry|Hospitality|MatchaGotcha,RagePowder,LifeDew,ShadowBall|Bold|||||50|]Rotom-Heat||ChoiceScarf|Levitate|Trick,Discharge,VoltSwitch,Overheat|Timid|||||50|
|showteam|p2|Metagross||Metagrossite|ClearBody|MeteorMash,PsychicFangs,BulletPunch,Protect|Jolly|||||50|]Talonflame||SharpBeak|GaleWings|BraveBird,WillOWisp,Tailwind,Protect|Jolly||F|||50|]Basculegion||LifeOrb|Adaptability|WaveCrash,LastRespects,AquaJet,Protect|Jolly||M|||50|]Kingambit||BlackGlasses|Defiant|KowtowCleave,LowKick,SuckerPunch,Protect|Adamant||M|||50|]Hydreigon||ChoiceScarf|Levitate|DarkPulse,DracoMeteor,Snarl,EarthPower|Modest||F|||50|]Ninetales-Alola||FocusSash|SnowWarning|Blizzard,FreezeDry,Encore,Protect|Timid||F|||50|
|
|t:|1784165478
|teamsize|p1|4
|teamsize|p2|4
|start
|switch|p1a: IM DA BIGGEST BIRD|Pelipper, L50, F|100/100
|switch|p1b: I HATE THAT FISH|Basculegion, L50, M, shiny|100/100
|switch|p2a: Trae Young|Talonflame, L50, F|100/100
|switch|p2b: Wave Crash My Wife|Basculegion, L50, M|100/100
|-weather|RainDance|[from] ability: Drizzle|[of] p1a: IM DA BIGGEST BIRD
|turn|1
|
|t:|1784165524
|move|p2a: Trae Young|Protect|p2a: Trae Young
|-singleturn|p2a: Trae Young|Protect
|move|p1b: I HATE THAT FISH|Protect|p1b: I HATE THAT FISH
|-singleturn|p1b: I HATE THAT FISH|Protect
|move|p2b: Wave Crash My Wife|Last Respects|p1b: I HATE THAT FISH
|-activate|p1b: I HATE THAT FISH|move: Protect
|move|p1a: IM DA BIGGEST BIRD|Tailwind|p1a: IM DA BIGGEST BIRD
|-sidestart|p1: The Grindel|move: Tailwind
|
|-weather|RainDance|[upkeep]
|upkeep
|turn|2
|
|t:|1784165558
|move|p2a: Trae Young|Tailwind|p2a: Trae Young
|-sidestart|p2: SideB33563356|move: Tailwind
|move|p2b: Wave Crash My Wife|Last Respects|p1b: I HATE THAT FISH
|-supereffective|p1b: I HATE THAT FISH|1
|-crit|p1b: I HATE THAT FISH
|-damage|p1b: I HATE THAT FISH|0 fnt
|faint|p1b: I HATE THAT FISH
|-damage|p2b: Wave Crash My Wife|90/100|[from] item: Life Orb
|move|p1a: IM DA BIGGEST BIRD|Dual Wingbeat|p2b: Wave Crash My Wife
|-damage|p2b: Wave Crash My Wife|79/100
|-damage|p2b: Wave Crash My Wife|70/100
|-hitcount|p2b: Wave Crash My Wife|2
|
|-weather|RainDance|[upkeep]
|upkeep
|
|t:|1784165578
|switch|p1b: July 4th|Sceptile, L50, M, shiny|100/100
|turn|3
|
|t:|1784165607
|detailschange|p1b: July 4th|Sceptile-Mega, L50, M, shiny
|-mega|p1b: July 4th|Sceptile|Sceptilite
|move|p1b: July 4th|Detect|p1b: July 4th
|-singleturn|p1b: July 4th|Protect
|move|p2a: Trae Young|Protect|p2a: Trae Young
|-singleturn|p2a: Trae Young|Protect
|move|p2b: Wave Crash My Wife|Protect|p2b: Wave Crash My Wife
|-singleturn|p2b: Wave Crash My Wife|Protect
|move|p1a: IM DA BIGGEST BIRD|Weather Ball|p2a: Trae Young
|-activate|p2a: Trae Young|move: Protect
|
|-weather|RainDance|[upkeep]
|upkeep
|turn|4
|
|t:|1784165638
|switch|p2b: Texas Power Crisis|Ninetales-Alola, L50, F|100/100
|-weather|Snowscape|[from] ability: Snow Warning|[of] p2b: Texas Power Crisis
|move|p2a: Trae Young|Brave Bird|p1b: July 4th
|-supereffective|p1b: July 4th|1
|-damage|p1b: July 4th|0 fnt
|faint|p1b: July 4th
|-damage|p2a: Trae Young|68/100|[from] Recoil
|move|p1a: IM DA BIGGEST BIRD|Weather Ball|p2a: Trae Young
|-damage|p2a: Trae Young|21/100
|
|-weather|Snowscape|[upkeep]
|-sideend|p1: The Grindel|move: Tailwind
|upkeep
|
|t:|1784165653
|switch|p1b: Gemini|Rotom-Heat, L50, shiny|100/100
|turn|5
|
|t:|1784165696
|switch|p2a: knickswinthechip!|Hydreigon, L50, F|100/100
|move|p2b: Texas Power Crisis|Freeze-Dry|p1a: IM DA BIGGEST BIRD
|-supereffective|p1a: IM DA BIGGEST BIRD|2
|-enditem|p1a: IM DA BIGGEST BIRD|Focus Sash
|-damage|p1a: IM DA BIGGEST BIRD|1/100
|move|p1b: Gemini|Trick|p2b: Texas Power Crisis
|-activate|p1b: Gemini|move: Trick|[of] p2b: Texas Power Crisis
|-item|p2b: Texas Power Crisis|Choice Scarf|[from] move: Trick
|-item|p1b: Gemini|Focus Sash|[from] move: Trick
|move|p1a: IM DA BIGGEST BIRD|Weather Ball|p2a: knickswinthechip!
|-supereffective|p2a: knickswinthechip!|1
|-damage|p2a: knickswinthechip!|29/100
|
|-weather|Snowscape|[upkeep]
|-sideend|p2: SideB33563356|move: Tailwind
|upkeep
|turn|6
|
|t:|1784165725
|move|p2b: Texas Power Crisis|Blizzard|p1a: IM DA BIGGEST BIRD|[spread] p1a,p1b
|-resisted|p1b: Gemini|1
|-damage|p1a: IM DA BIGGEST BIRD|0 fnt
|-damage|p1b: Gemini|77/100
|faint|p1a: IM DA BIGGEST BIRD
|move|p2a: knickswinthechip!|Draco Meteor|p1b: Gemini
|-damage|p1b: Gemini|0 fnt
|-unboost|p2a: knickswinthechip!|spa|2
|faint|p1b: Gemini
|
|win|SideB33563356
|inactive|The Grindel has 30 seconds to confirm battle start!
|inactive|SideB33563356 has 30 seconds to confirm battle start!
