|j|☆viatles
|j|☆Sehbaiii
|html|viatlesSehbaiii    
|uhtml|bestof|Game 2 of a best-of-3
|t:|1785273813
|gametype|doubles
|player|p1|viatles|hiker|1124
|player|p2|Sehbaiii|fisherman-gen4|1196
|gen|9
|tier|[Gen 9 Champions] VGC 2026 Reg M-B (Bo3)
|rated|
|rule|Species Clause: Limit one of each Pokémon
|rule|Item Clause: Limit 1 of each item
|clearpoke
|poke|p1|Eelektross, L50, F|
|poke|p1|Raichu, L50, F|
|poke|p1|Tyranitar, L50, F|
|poke|p1|Gliscor, L50, F|
|poke|p1|Garchomp, L50, M|
|poke|p1|Sinistcha, L50|
|poke|p2|Milotic, L50, M|
|poke|p2|Tyranitar, L50, M|
|poke|p2|Excadrill, L50, F|
|poke|p2|Ceruledge, L50, F|
|poke|p2|Sneasler, L50, F|
|poke|p2|Beedrill, L50, M|
|teampreview|4
|showteam|p1|Eelektross||Eelektrossite|Levitate|Discharge,Flamethrower,GigaDrain,Protect|Modest||F|||50|]Raichu||FocusSash|LightningRod|FakeOut,Thunderbolt,Endeavor,Protect|Hasty||F|||50|]Tyranitar||Tyranitarite|SandStream|KnockOff,RockSlide,LowKick,Protect|Adamant||F|||50|]Gliscor||BrightPowder|SandVeil|RockSlide,DualWingbeat,Tailwind,Earthquake|Adamant||F|||50|]Garchomp||ChoiceScarf|RoughSkin|DragonClaw,StompingTantrum,RockSlide,Earthquake|Adamant||M|||50|]Sinistcha||SitrusBerry|Hospitality|MatchaGotcha,RagePowder,Imprison,TrickRoom|Bold|||||50|
|showteam|p2|Milotic||SitrusBerry|Competitive|Coil,Hypnosis,Waterfall,Recover|Careful||M|||50|]Tyranitar||Tyranitarite|SandStream|RockSlide,KnockOff,DragonDance,Protect|Adamant||M|||50|]Excadrill||FocusSash|SandRush|RockSlide,HighHorsepower,IronHead,Protect|Adamant||F|||50|]Ceruledge||LifeOrb|FlashFire|BitterBlade,ShadowSneak,BulkUp,Protect|Jolly||F|||50|]Sneasler||WhiteHerb|Unburden|DireClaw,FakeOut,CloseCombat,Protect|Adamant||F|||50|]Beedrill||Beedrillite|Sniper|PoisonJab,DrillRun,Uturn,KnockOff|Jolly||M|||50|
|inactive|Battle timer is ON: inactive players will automatically lose when time's up. (requested by viatles)
|
|t:|1785273844
|teamsize|p1|4
|teamsize|p2|4
|start
|switch|p1a: Eelektross|Eelektross, L50, F|100/100
|switch|p1b: Gliscor|Gliscor, L50, F|100/100
|switch|p2a: Milotic|Milotic, L50, M|100/100
|switch|p2b: Ceruledge|Ceruledge, L50, F|100/100
|turn|1
|
|t:|1785273859
|detailschange|p1a: Eelektross|Eelektross-Mega, L50, F
|-mega|p1a: Eelektross|Eelektross|Eelektrossite
|move|p2b: Ceruledge|Bulk Up|p2b: Ceruledge
|-boost|p2b: Ceruledge|atk|1
|-boost|p2b: Ceruledge|def|1
|move|p1a: Eelektross|Discharge|p2b: Ceruledge|[spread] p2a,p2b
|-immune|p1b: Gliscor
|-supereffective|p2a: Milotic|1
|-crit|p2b: Ceruledge
|-damage|p2a: Milotic|63/100
|-damage|p2b: Ceruledge|35/100
|-status|p2a: Milotic|par
|move|p1b: Gliscor|Rock Slide|p2a: Milotic|[spread] p2a,p2b
|-supereffective|p2b: Ceruledge|1
|-damage|p2a: Milotic|48/100 par
|-damage|p2b: Ceruledge|10/100
|-enditem|p2a: Milotic|Sitrus Berry|[eat]
|-heal|p2a: Milotic|73/100 par|[from] item: Sitrus Berry
|move|p2a: Milotic|Hypnosis|p1a: Eelektross|[miss]
|-miss|p2a: Milotic|p1a: Eelektross
|
|upkeep
|turn|2
|inactive|Sehbaiii has 30 seconds left.
|
|t:|1785273886
|move|p2b: Ceruledge|Bitter Blade|p1a: Eelektross
|-damage|p1a: Eelektross|0 fnt
|-heal|p2b: Ceruledge|68/100|[from] drain|[of] p1a: Eelektross
|faint|p1a: Eelektross
|-damage|p2b: Ceruledge|58/100|[from] item: Life Orb
|move|p1b: Gliscor|Rock Slide|p2a: Milotic|[spread] p2a,p2b
|-supereffective|p2b: Ceruledge|1
|-crit|p2b: Ceruledge
|-damage|p2a: Milotic|58/100 par
|-damage|p2b: Ceruledge|3/100
|move|p2a: Milotic|Hypnosis|p1b: Gliscor
|-status|p1b: Gliscor|slp|[from] move: Hypnosis
|
|upkeep
|
|t:|1785273899
|switch|p1a: Garchomp|Garchomp, L50, M|100/100
|turn|3
|
|t:|1785273923
|move|p2b: Ceruledge|Shadow Sneak|p1a: Garchomp
|-damage|p1a: Garchomp|60/100
|-damage|p2b: Ceruledge|0 fnt|[from] ability: Rough Skin|[of] p1a: Garchomp
|faint|p2b: Ceruledge
|move|p1a: Garchomp|Rock Slide|p2a: Milotic
|-damage|p2a: Milotic|25/100 par
|cant|p1b: Gliscor|slp
|move|p2a: Milotic|Hypnosis|p1a: Garchomp
|-status|p1a: Garchomp|slp|[from] move: Hypnosis
|
|upkeep
|
|t:|1785273936
|switch|p2b: Tyranitar|Tyranitar, L50, M|100/100
|-weather|Sandstorm|[from] ability: Sand Stream|[of] p2b: Tyranitar
|turn|4
|
|t:|1785273951
|detailschange|p2b: Tyranitar|Tyranitar-Mega, L50, M
|-mega|p2b: Tyranitar|Tyranitar|Tyranitarite
|cant|p1a: Garchomp|slp
|move|p2b: Tyranitar|Dragon Dance|p2b: Tyranitar
|-boost|p2b: Tyranitar|atk|1
|-boost|p2b: Tyranitar|spe|1
|-curestatus|p1b: Gliscor|slp|[msg]
|move|p1b: Gliscor|Rock Slide|p2a: Milotic|[spread] p2a
|-miss|p1b: Gliscor|p2b: Tyranitar
|-damage|p2a: Milotic|10/100 par
|cant|p2a: Milotic|flinch
|
|-weather|Sandstorm|[upkeep]
|-damage|p2a: Milotic|4/100 par|[from] Sandstorm
|upkeep
|turn|5
|
|t:|1785273970
|switch|p1a: Raichu|Raichu, L50, F|100/100
|move|p2b: Tyranitar|Rock Slide|p1b: Gliscor|[spread] p1a,p1b
|-enditem|p1a: Raichu|Focus Sash
|-damage|p1a: Raichu|1/100
|-damage|p1b: Gliscor|59/100
|cant|p1b: Gliscor|flinch
|move|p2a: Milotic|Recover|p2a: Milotic
|-heal|p2a: Milotic|54/100 par
|
|-weather|Sandstorm|[upkeep]
|-damage|p1a: Raichu|0 fnt|[from] Sandstorm
|-damage|p2a: Milotic|49/100 par|[from] Sandstorm
|faint|p1a: Raichu
|upkeep
|
|t:|1785273984
|switch|p1a: Garchomp|Garchomp, L50, M|60/100 slp
|turn|6
|
|t:|1785273990
|cant|p1a: Garchomp|slp
|move|p2b: Tyranitar|Rock Slide|p1a: Garchomp|[spread] p1a
|-miss|p2b: Tyranitar|p1b: Gliscor
|-resisted|p1a: Garchomp|1
|-damage|p1a: Garchomp|30/100 slp
|move|p1b: Gliscor|Rock Slide|p2a: Milotic|[spread] p2a,p2b
|-damage|p2a: Milotic|34/100 par
|-damage|p2b: Tyranitar|89/100
|move|p2a: Milotic|Waterfall|p1b: Gliscor
|-supereffective|p1b: Gliscor|1
|-damage|p1b: Gliscor|30/100
|
|-weather|Sandstorm|[upkeep]
|-damage|p2a: Milotic|28/100 par|[from] Sandstorm
|upkeep
|turn|7
|
|t:|1785274006
|-curestatus|p1a: Garchomp|slp|[msg]
|move|p1a: Garchomp|Earthquake|p2a: Milotic|[spread] p2a,p2b
|-immune|p1b: Gliscor
|-supereffective|p2b: Tyranitar|1
|-damage|p2a: Milotic|0 fnt
|-damage|p2b: Tyranitar|32/100
|faint|p2a: Milotic
|move|p2b: Tyranitar|Rock Slide|p1b: Gliscor|[spread] p1a
|-miss|p2b: Tyranitar|p1b: Gliscor
|-resisted|p1a: Garchomp|1
|-damage|p1a: Garchomp|4/100
|move|p1b: Gliscor|Rock Slide|p2b: Tyranitar
|-damage|p2b: Tyranitar|17/100
|
|-weather|Sandstorm|[upkeep]
|upkeep
|
|t:|1785274020
|switch|p2a: Excadrill|Excadrill, L50, F|100/100
|turn|8
|
|t:|1785274026
|move|p2a: Excadrill|Rock Slide|p1a: Garchomp|[spread] p1a,p1b
|-resisted|p1a: Garchomp|1
|-damage|p1a: Garchomp|0 fnt
|-damage|p1b: Gliscor|13/100
|faint|p1a: Garchomp
|move|p2b: Tyranitar|Rock Slide|p1b: Gliscor
|-damage|p1b: Gliscor|0 fnt
|faint|p1b: Gliscor
|
|win|Sehbaiii
||viatles is ready for game 3.
|inactive|Sehbaiii has 30 seconds to confirm battle start!
||Sehbaiii is ready for game 3.
|uhtml|next|Next: Game 3 of 3
