|j|☆cooledoregon
|j|☆AngryApeReturn
|html|cooledoregonAngryApeReturn    
|uhtml|bestof|Game 3 of a best-of-3
|t:|1783621671
|gametype|doubles
|player|p1|cooledoregon|1|1239
|player|p2|AngryApeReturn|2|1305
|gen|9
|tier|[Gen 9 Champions] VGC 2026 Reg M-B (Bo3)
|rated|
|rule|Species Clause: Limit one of each Pokémon
|rule|Item Clause: Limit 1 of each item
|clearpoke
|poke|p1|Meganium, L50, M|
|poke|p1|Pelipper, L50, F|
|poke|p1|Swampert, L50, M|
|poke|p1|Archaludon, L50, F|
|poke|p1|Grimmsnarl, L50, M|
|poke|p1|Incineroar, L50, M|
|poke|p2|Floette-Eternal, L50, F|
|poke|p2|Incineroar, L50, M|
|poke|p2|Sinistcha, L50|
|poke|p2|Delphox, L50, M|
|poke|p2|Sneasler, L50, M|
|poke|p2|Kingambit, L50, F|
|teampreview|4
|showteam|p1|Meganium||Meganiumite|Overgrow|SolarBeam,WeatherBall,DazzlingGleam,Protect|Modest||M|||50|]Pelipper||SitrusBerry|Drizzle|WeatherBall,Hurricane,Tailwind,WideGuard|Modest||F|||50|]Swampert||Swampertite|Torrent|WaveCrash,Earthquake,IcePunch,Protect|Adamant||M|||50|]Archaludon||Leftovers|Stamina|ElectroShot,DragonPulse,Protect,FlashCannon|Calm||F|||50|]Grimmsnarl||LightClay|Prankster|SuckerPunch,PartingShot,LightScreen,Reflect|Careful||M|||50|]Incineroar||ShucaBerry|Intimidate|PartingShot,FakeOut,Snarl,ThroatChop|Careful||M|||50|
|showteam|p2|Floette-Eternal||Floettite|FlowerVeil|DazzlingGleam,DrainingKiss,CalmMind,Protect|Modest||F|||50|]Incineroar||SitrusBerry|Intimidate|FlareBlitz,FakeOut,PartingShot,HelpingHand|Impish||M|||50|]Sinistcha||OccaBerry|Hospitality|MatchaGotcha,RagePowder,TrickRoom,Protect|Relaxed|||||50|]Delphox||Delphoxite|Blaze|HeatWave,Psyshock,NastyPlot,Protect|Timid||M|||50|]Sneasler||FocusSash|PoisonTouch|PoisonJab,CloseCombat,FakeOut,QuickGuard|Jolly||M|||50|]Kingambit||BlackGlasses|Defiant|KowtowCleave,SuckerPunch,SwordsDance,Protect|Adamant||F|||50|
|inactive|Battle timer is ON: inactive players will automatically lose when time's up. (requested by cooledoregon)
|inactive|cooledoregon has 60 seconds left.
|
|t:|1783621708
|teamsize|p1|4
|teamsize|p2|4
|start
|switch|p1a: Grimmsnarl|Grimmsnarl, L50, M|100/100
|switch|p1b: Incineroar|Incineroar, L50, M|100/100
|switch|p2a: Floette|Floette-Eternal, L50, F|100/100
|switch|p2b: Incineroar|Incineroar, L50, M|100/100
|-ability|p2b: Incineroar|Intimidate|boost
|-unboost|p1a: Grimmsnarl|atk|1
|-unboost|p1b: Incineroar|atk|1
|-ability|p1b: Incineroar|Intimidate|boost
|-unboost|p2a: Floette|atk|1
|-unboost|p2b: Incineroar|atk|1
|turn|1
|
|t:|1783621730
|detailschange|p2a: Floette|Floette-Mega, L50, F
|-mega|p2a: Floette|Floette|Floettite
|-ability|p2a: Floette|Fairy Aura
|move|p2b: Incineroar|Fake Out|p1b: Incineroar
|-damage|p1b: Incineroar|94/100
|move|p1a: Grimmsnarl|Light Screen|p1a: Grimmsnarl
|-sidestart|p1: cooledoregon|move: Light Screen
|move|p2a: Floette|Calm Mind|p2a: Floette
|-boost|p2a: Floette|spa|1
|-boost|p2a: Floette|spd|1
|cant|p1b: Incineroar|flinch
|
|upkeep
|turn|2
|
|t:|1783621753
|move|p2a: Floette|Protect|p2a: Floette
|-singleturn|p2a: Floette|Protect
|move|p1a: Grimmsnarl|Parting Shot|p2a: Floette
|-activate|p2a: Floette|move: Protect
|move|p2b: Incineroar|Parting Shot|p1b: Incineroar
|-unboost|p1b: Incineroar|atk|1
|-unboost|p1b: Incineroar|spa|1
|inactive|AngryApeReturn has 30 seconds left.
|
|t:|1783621781
|switch|p2b: Sneasler|Sneasler, L50, M|100/100|[from] Parting Shot
|move|p1b: Incineroar|Snarl|p2a: Floette|[spread] p2b
|-activate|p2a: Floette|move: Protect
|-resisted|p2b: Sneasler|1
|-damage|p2b: Sneasler|94/100
|-unboost|p2b: Sneasler|spa|1
|
|upkeep
|turn|3
|
|t:|1783621802
|switch|p1b: Pelipper|Pelipper, L50, F|100/100
|-weather|RainDance|[from] ability: Drizzle|[of] p1b: Pelipper
|move|p2b: Sneasler|Quick Guard|p2b: Sneasler
|-singleturn|p2b: Sneasler|Quick Guard
|move|p1a: Grimmsnarl|Parting Shot|p2a: Floette
|-activate|p2a: Floette|move: Quick Guard
|move|p2a: Floette|Calm Mind|p2a: Floette
|-boost|p2a: Floette|spa|1
|-boost|p2a: Floette|spd|1
|
|-weather|RainDance|[upkeep]
|upkeep
|turn|4
|inactive|cooledoregon has 30 seconds left.
|
|t:|1783621827
|move|p1a: Grimmsnarl|Parting Shot|p2a: Floette
|-unboost|p2a: Floette|atk|1
|-unboost|p2a: Floette|spa|1
|
|t:|1783621830
|switch|p1a: Incineroar|Incineroar, L50, M|94/100|[from] Parting Shot
|-ability|p1a: Incineroar|Intimidate|boost
|-unboost|p2a: Floette|atk|1
|-unboost|p2b: Sneasler|atk|1
|move|p2b: Sneasler|Poison Jab|p1b: Pelipper
|-damage|p1b: Pelipper|69/100
|move|p2a: Floette|Draining Kiss|p1b: Pelipper
|-damage|p1b: Pelipper|20/100y
|-enditem|p1b: Pelipper|Sitrus Berry|[eat]
|-heal|p1b: Pelipper|45/100|[from] item: Sitrus Berry
|move|p1b: Pelipper|Tailwind|p1b: Pelipper
|-sidestart|p1: cooledoregon|move: Tailwind
|
|-weather|RainDance|[upkeep]
|upkeep
|turn|5
|inactive|AngryApeReturn has 30 seconds left.
|inactive|AngryApeReturn has 20 seconds left.
|inactive|cooledoregon has 30 seconds left.
|
|t:|1783621873
|move|p2b: Sneasler|Quick Guard|p2b: Sneasler
|-singleturn|p2b: Sneasler|Quick Guard
|move|p1b: Pelipper|Hurricane|p2b: Sneasler
|-supereffective|p2b: Sneasler|1
|-damage|p2b: Sneasler|0 fnt
|faint|p2b: Sneasler
|move|p1a: Incineroar|Parting Shot|p2a: Floette
|-unboost|p2a: Floette|atk|1
|-unboost|p2a: Floette|spa|1
|
|t:|1783621880
|switch|p1a: Grimmsnarl|Grimmsnarl, L50, M|100/100|[from] Parting Shot
|move|p2a: Floette|Calm Mind|p2a: Floette
|-boost|p2a: Floette|spa|1
|-boost|p2a: Floette|spd|1
|
|-weather|RainDance|[upkeep]
|upkeep
|
|t:|1783621890
|switch|p2b: Incineroar|Incineroar, L50, M|100/100
|-ability|p2b: Incineroar|Intimidate|boost
|-unboost|p1a: Grimmsnarl|atk|1
|-unboost|p1b: Pelipper|atk|1
|turn|6
|
|t:|1783621906
|switch|p1b: Incineroar|Incineroar, L50, M|94/100
|-ability|p1b: Incineroar|Intimidate|boost
|-unboost|p2a: Floette|atk|1
|-unboost|p2b: Incineroar|atk|1
|move|p2b: Incineroar|Fake Out|p1a: Grimmsnarl
|-damage|p1a: Grimmsnarl|92/100
|cant|p1a: Grimmsnarl|flinch
|move|p2a: Floette|Dazzling Gleam|p1b: Incineroar|[spread] p1a,p1b
|-supereffective|p1a: Grimmsnarl|1
|-damage|p1a: Grimmsnarl|11/100
|-damage|p1b: Incineroar|59/100
|
|-weather|RainDance|[upkeep]
|upkeep
|turn|7
|inactive|cooledoregon has 30 seconds left.
|inactive|AngryApeReturn has 30 seconds left.
|inactive|cooledoregon has 20 seconds left.
|inactive|cooledoregon has 15 seconds left.
|inactive|cooledoregon has 10 seconds left.
|
|t:|1783621955
|switch|p1a: Swampert|Swampert, L50, M|100/100
|move|p2a: Floette|Protect|p2a: Floette
|-singleturn|p2a: Floette|Protect
|move|p1b: Incineroar|Parting Shot|p2b: Incineroar
|-unboost|p2b: Incineroar|atk|1
|-unboost|p2b: Incineroar|spa|1
|
|t:|1783621963
|switch|p1b: Grimmsnarl|Grimmsnarl, L50, M|11/100|[from] Parting Shot
|move|p2b: Incineroar|Parting Shot|p1a: Swampert
|-unboost|p1a: Swampert|atk|1
|-unboost|p1a: Swampert|spa|1
|
|t:|1783621973
|switch|p2b: Sinistcha|Sinistcha, L50|100/100|[from] Parting Shot
|
|-weather|none
|-sideend|p1: cooledoregon|move: Tailwind
|upkeep
|turn|8
|inactive|AngryApeReturn has 30 seconds left.
|
|t:|1783622001
|switch|p1a: Incineroar|Incineroar, L50, M|59/100
|-ability|p1a: Incineroar|Intimidate|boost
|-unboost|p2a: Floette|atk|1
|-unboost|p2b: Sinistcha|atk|1
|switch|p2b: Incineroar|Incineroar, L50, M|100/100
|-ability|p2b: Incineroar|Intimidate|boost
|-unboost|p1a: Incineroar|atk|1
|-unboost|p1b: Grimmsnarl|atk|1
|move|p1b: Grimmsnarl|Parting Shot|p2a: Floette
|-unboost|p2a: Floette|atk|0
|-unboost|p2a: Floette|spa|1
|
|t:|1783622015
|switch|p1b: Swampert|Swampert, L50, M|100/100|[from] Parting Shot
|move|p2a: Floette|Dazzling Gleam|p1b: Swampert|[spread] p1a,p1b
|-damage|p1a: Incineroar|34/100
|-damage|p1b: Swampert|71/100
|
|-sideend|p1: cooledoregon|move: Light Screen
|upkeep
|turn|9
|inactive|cooledoregon has 30 seconds left.
|
|t:|1783622046
|switch|p2b: Sinistcha|Sinistcha, L50|100/100
|detailschange|p1b: Swampert|Swampert-Mega, L50, M
|-mega|p1b: Swampert|Swampert|Swampertite
|move|p2a: Floette|Protect|p2a: Floette
|-singleturn|p2a: Floette|Protect
|move|p1b: Swampert|Ice Punch|p2b: Sinistcha
|-supereffective|p2b: Sinistcha|1
|-damage|p2b: Sinistcha|47/100
|move|p1a: Incineroar|Throat Chop|p2b: Sinistcha
|-supereffective|p2b: Sinistcha|1
|-damage|p2b: Sinistcha|15/100
|-start|p2b: Sinistcha|Throat Chop|[silent]
|
|upkeep
|turn|10
|inactive|cooledoregon has 30 seconds left.
|
|t:|1783622079
|switch|p1b: Grimmsnarl|Grimmsnarl, L50, M|11/100
|switch|p2b: Incineroar|Incineroar, L50, M|100/100
|-ability|p2b: Incineroar|Intimidate|boost
|-unboost|p1a: Incineroar|atk|1
|-unboost|p1b: Grimmsnarl|atk|1
|move|p2a: Floette|Dazzling Gleam|p1b: Grimmsnarl|[spread] p1a,p1b
|-supereffective|p1b: Grimmsnarl|1
|-damage|p1a: Incineroar|1/100
|-damage|p1b: Grimmsnarl|0 fnt
|faint|p1b: Grimmsnarl
|move|p1a: Incineroar|Snarl|p2a: Floette|[spread] p2a,p2b
|-resisted|p2a: Floette|1
|-resisted|p2b: Incineroar|1
|-damage|p2a: Floette|98/100
|-damage|p2b: Incineroar|95/100
|-unboost|p2a: Floette|spa|1
|-unboost|p2b: Incineroar|spa|1
|
|upkeep
|inactive|cooledoregon has 30 seconds left.
|
|t:|1783622113
|switch|p1b: Swampert|Swampert-Mega, L50, M|71/100
|turn|11
|
|t:|1783622126
|move|p2b: Incineroar|Fake Out|p1b: Swampert
|-damage|p1b: Swampert|63/100
|move|p2a: Floette|Calm Mind|p2a: Floette
|-boost|p2a: Floette|spa|1
|-boost|p2a: Floette|spd|1
|cant|p1b: Swampert|flinch
|move|p1a: Incineroar|Snarl|p2a: Floette|[spread] p2a
|-miss|p1a: Incineroar|p2b: Incineroar
|-resisted|p2a: Floette|1
|-damage|p2a: Floette|97/100
|-unboost|p2a: Floette|spa|1
|
|upkeep
|turn|12
|inactive|cooledoregon has 30 seconds left.
|inactive|AngryApeReturn has 30 seconds left.
|
|t:|1783622155
|switch|p2b: Sinistcha|Sinistcha, L50|15/100
|-heal|p2a: Floette|100/100|[from] ability: Hospitality|[of] p2b: Sinistcha
|switch|p1a: Pelipper|Pelipper, L50, F|45/100
|-weather|RainDance|[from] ability: Drizzle|[of] p1a: Pelipper
|move|p1b: Swampert|Earthquake|p2a: Floette|[spread] p2a,p2b
|-immune|p1a: Pelipper
|-resisted|p2b: Sinistcha|1
|-damage|p2a: Floette|47/100
|-damage|p2b: Sinistcha|0 fnt
|faint|p2b: Sinistcha
|move|p2a: Floette|Calm Mind|p2a: Floette
|-boost|p2a: Floette|spa|1
|-boost|p2a: Floette|spd|1
|
|-weather|RainDance|[upkeep]
|upkeep
|
|t:|1783622173
|switch|p2b: Incineroar|Incineroar, L50, M|95/100
|-ability|p2b: Incineroar|Intimidate|boost
|-unboost|p1a: Pelipper|atk|1
|-unboost|p1b: Swampert|atk|1
|turn|13
|
|t:|1783622187
|switch|p1a: Incineroar|Incineroar, L50, M|1/100
|-ability|p1a: Incineroar|Intimidate|boost
|-unboost|p2a: Floette|atk|0
|-unboost|p2b: Incineroar|atk|1
|move|p1b: Swampert|Protect|p1b: Swampert
|-singleturn|p1b: Swampert|Protect
|move|p2b: Incineroar|Fake Out|p1b: Swampert
|-activate|p1b: Swampert|move: Protect
|move|p2a: Floette|Draining Kiss|p1a: Incineroar
|-damage|p1a: Incineroar|0 fnt
|-heal|p2a: Floette|48/100|[from] drain|[of] p1a: Incineroar
|faint|p1a: Incineroar
|
|-weather|RainDance|[upkeep]
|upkeep
|
|t:|1783622193
|switch|p1a: Pelipper|Pelipper, L50, F|45/100
|turn|14
|inactive|AngryApeReturn has 30 seconds left.
|
|t:|1783622218
|move|p1b: Swampert|Wave Crash|p2a: Floette
|-damage|p2a: Floette|0 fnt
|faint|p2a: Floette
|-damage|p1b: Swampert|48/100|[from] Recoil
|move|p1a: Pelipper|Weather Ball|p2b: Incineroar
|-supereffective|p2b: Incineroar|1
|-damage|p2b: Incineroar|0 fnt
|faint|p2b: Incineroar
|
|win|cooledoregon
|raw|cooledoregon's rating: 1239 → 1269(+30 for winning)
|raw|AngryApeReturn's rating: 1305 → 1281(-24 for losing)
