|j|☆Notaplaceofhonor
|j|☆pko007
|html|Notaplaceofhonorpko007    
|uhtml|bestof|Game 2 of a best-of-3
|t:|1756525391
|gametype|doubles
|player|p1|Notaplaceofhonor|juan-gen3|1162
|player|p2|pko007|hilbert-wonderlauncher|1055
|gen|9
|tier|[Gen 9] VGC 2025 Reg H (Bo3)
|rated|
|rule|Species Clause: Limit one of each Pokémon
|rule|Item Clause: Limit 1 of each item
|clearpoke
|poke|p1|Ursaluna, L50, F|
|poke|p1|Incineroar, L50, M|
|poke|p1|Archaludon, L50, M|
|poke|p1|Pelipper, L50, F|
|poke|p1|Basculegion, L50, M|
|poke|p1|Sinistcha, L50|
|poke|p2|Dragapult, L50, F|
|poke|p2|Electabuzz, L50, F|
|poke|p2|Kingambit, L50, F|
|poke|p2|Rillaboom, L50, M|
|poke|p2|Ceruledge, L50, M|
|poke|p2|Primarina, L50, M|
|teampreview|4
|showteam|p1|Ursaluna||FlameOrb|Guts|Protect,Facade,Earthquake,HeadlongRush|||F|||50|,,,,,Ghost]Incineroar||SafetyGoggles|Intimidate|Taunt,FakeOut,KnockOff,PartingShot|||M|||50|,,,,,Ghost]Archaludon||AssaultVest|Stamina|ElectroShot,Snarl,DracoMeteor,BodyPress|||M|||50|,,,,,Grass]Pelipper||FocusSash|Drizzle|Hurricane,WeatherBall,Tailwind,Protect|||F|||50|,,,,,Ghost]Basculegion||ChoiceScarf|Adaptability|WaveCrash,LastRespects,FlipTurn,IcyWind|||M|||50|,,,,,Water]Sinistcha||SitrusBerry|Hospitality|MatchaGotcha,LifeDew,RagePowder,TrickRoom||||||50|,,,,,Water
|showteam|p2|Dragapult||ChoiceBand|ClearBody|DragonDarts,PhantomForce,Uturn,Outrage|||F|||50|,,,,,Dragon]Electabuzz||Eviolite|VitalSpirit|Taunt,Electroweb,FollowMe,Protect|||F|||50|,,,,,Ground]Kingambit||BlackGlasses|Defiant|KowtowCleave,SwordsDance,SuckerPunch,Protect|||F|||50|,,,,,Dark]Rillaboom||AssaultVest|GrassySurge|WoodHammer,GrassyGlide,Uturn,FakeOut|||M|||50|,,,,,Fire]Ceruledge||ClearAmulet|FlashFire|Poltergeist,BitterBlade,BulkUp,Protect|||M|||50|,,,,,Grass]Primarina||ThroatSpray|Torrent|HyperVoice,Moonblast,Haze,Protect|||M|||50|,,,,,Water
|
|t:|1756525431
|teamsize|p1|4
|teamsize|p2|4
|start
|switch|p1a: Archaludon|Archaludon, L50, M|100/100
|switch|p1b: Pelipper|Pelipper, L50, F|100/100
|switch|p2a: Kingambit|Kingambit, L50, F, shiny|100/100
|switch|p2b: Electabuzz|Electabuzz, L50, F, shiny|100/100
|-weather|RainDance|[from] ability: Drizzle|[of] p1b: Pelipper
|turn|1
|
|t:|1756525451
|move|p2b: Electabuzz|Taunt|p1b: Pelipper
|-start|p1b: Pelipper|move: Taunt
|move|p1b: Pelipper|Weather Ball|p2a: Kingambit
|-damage|p2a: Kingambit|23/100
|move|p1a: Archaludon|Body Press|p2a: Kingambit
|-supereffective|p2a: Kingambit
|-damage|p2a: Kingambit|0 fnt
|faint|p2a: Kingambit
|
|-weather|RainDance|[upkeep]
|upkeep
|
|t:|1756525462
|switch|p2a: Rillaboom|Rillaboom, L50, M, shiny|100/100
|-fieldstart|move: Grassy Terrain|[from] ability: Grassy Surge|[of] p2a: Rillaboom
|turn|2
|
|t:|1756525488
|move|p2b: Electabuzz|Follow Me|p2b: Electabuzz
|-singleturn|p2b: Electabuzz|move: Follow Me
|move|p1b: Pelipper|Hurricane|p2b: Electabuzz
|-resisted|p2b: Electabuzz
|-damage|p2b: Electabuzz|80/100
|move|p1a: Archaludon|Electro Shot||[still]
|-prepare|p1a: Archaludon|Electro Shot
|-boost|p1a: Archaludon|spa|1
|-anim|p1a: Archaludon|Electro Shot|p2b: Electabuzz
|-resisted|p2b: Electabuzz
|-damage|p2b: Electabuzz|54/100
|move|p2a: Rillaboom|Wood Hammer|p1b: Pelipper
|-enditem|p1b: Pelipper|Focus Sash
|-damage|p1b: Pelipper|1/100
|-damage|p2a: Rillaboom|79/100|[from] Recoil
|
|-weather|RainDance|[upkeep]
|-heal|p2b: Electabuzz|60/100|[from] Grassy Terrain
|-heal|p2a: Rillaboom|85/100|[from] Grassy Terrain
|upkeep
|turn|3
|inactive|Battle timer is ON: inactive players will automatically lose when time's up. (requested by pko007)
|
|t:|1756525524
|-terastallize|p2b: Electabuzz|Ground
|move|p2b: Electabuzz|Follow Me|p2b: Electabuzz
|-singleturn|p2b: Electabuzz|move: Follow Me
|move|p2a: Rillaboom|Grassy Glide|p1b: Pelipper
|-damage|p1b: Pelipper|0 fnt
|faint|p1b: Pelipper
|move|p1a: Archaludon|Electro Shot||[still]
|-prepare|p1a: Archaludon|Electro Shot
|-boost|p1a: Archaludon|spa|1
|-anim|p1a: Archaludon|Electro Shot|p2b: Electabuzz
|-immune|p2b: Electabuzz
|
|-weather|RainDance|[upkeep]
|-heal|p2b: Electabuzz|65/100|[from] Grassy Terrain
|-heal|p2a: Rillaboom|90/100|[from] Grassy Terrain
|upkeep
|
|t:|1756525531
|switch|p1b: Sinistcha|Sinistcha, L50|100/100
|turn|4
|
|t:|1756525548
|move|p2b: Electabuzz|Follow Me|p2b: Electabuzz
|-singleturn|p2b: Electabuzz|move: Follow Me
|move|p1a: Archaludon|Draco Meteor|p2b: Electabuzz
|-damage|p2b: Electabuzz|0 fnt
|-unboost|p1a: Archaludon|spa|2
|faint|p2b: Electabuzz
|move|p2a: Rillaboom|U-turn|p1b: Sinistcha
|-damage|p1b: Sinistcha|76/100
|
|t:|1756525556
|switch|p2a: Dragapult|Dragapult, L50, F, shiny|100/100|[from] U-turn
|move|p1b: Sinistcha|Matcha Gotcha|p2a: Dragapult
|-resisted|p2a: Dragapult
|-damage|p2a: Dragapult|74/100
|-heal|p1b: Sinistcha|88/100|[from] drain|[of] p2a: Dragapult
|
|-weather|RainDance|[upkeep]
|-heal|p2a: Dragapult|80/100|[from] Grassy Terrain
|-heal|p1b: Sinistcha|94/100|[from] Grassy Terrain
|upkeep
|
|t:|1756525566
|switch|p2b: Rillaboom|Rillaboom, L50, M, shiny|90/100
|turn|5
|inactive|pko007 has 30 seconds left.
|inactive|pko007 has 20 seconds left.
|inactive|pko007 has 15 seconds left.
|
|t:|1756525607
|move|p2a: Dragapult|Phantom Force||[still]
|-prepare|p2a: Dragapult|Phantom Force
|move|p1a: Archaludon|Draco Meteor|p2a: Dragapult|[miss]
|-miss|p1a: Archaludon|p2a: Dragapult
|move|p2b: Rillaboom|U-turn|p1b: Sinistcha
|-damage|p1b: Sinistcha|71/100
|move|p1b: Sinistcha|Trick Room|p1b: Sinistcha
|-fieldstart|move: Trick Room|[of] p1b: Sinistcha
|
|-weather|none
|-heal|p1b: Sinistcha|77/100|[from] Grassy Terrain
|-heal|p2b: Rillaboom|96/100|[from] Grassy Terrain
|upkeep
|turn|6
|
|t:|1756525628
|move|p1b: Sinistcha|Matcha Gotcha|p2a: Dragapult|[spread] p2b
|-miss|p1b: Sinistcha|p2a: Dragapult
|-resisted|p2b: Rillaboom
|-damage|p2b: Rillaboom|86/100
|-heal|p1b: Sinistcha|84/100|[from] drain|[of] p2b: Rillaboom
|move|p2b: Rillaboom|Wood Hammer|p1b: Sinistcha
|-resisted|p1b: Sinistcha
|-damage|p1b: Sinistcha|42/100
|-enditem|p1b: Sinistcha|Sitrus Berry|[eat]
|-heal|p1b: Sinistcha|67/100|[from] item: Sitrus Berry
|-damage|p2b: Rillaboom|74/100|[from] Recoil
|move|p1a: Archaludon|Body Press|p2b: Rillaboom
|-damage|p2b: Rillaboom|50/100
|move|p2a: Dragapult|Phantom Force|p1a: Archaludon|[from] lockedmove
|-damage|p1a: Archaludon|50/100
|-ability|p1a: Archaludon|Stamina|boost
|-boost|p1a: Archaludon|def|1
|
|-heal|p1b: Sinistcha|73/100|[from] Grassy Terrain
|-heal|p2b: Rillaboom|56/100|[from] Grassy Terrain
|-heal|p1a: Archaludon|56/100|[from] Grassy Terrain
|-heal|p2a: Dragapult|86/100|[from] Grassy Terrain
|-fieldend|move: Grassy Terrain
|upkeep
|turn|7
|inactive|Notaplaceofhonor has 30 seconds left.
|inactive|pko007 has 30 seconds left.
|
|t:|1756525657
|move|p1b: Sinistcha|Life Dew|p1b: Sinistcha|[spread] p1a,p1b
|-heal|p1a: Archaludon|81/100
|-heal|p1b: Sinistcha|98/100
|move|p2b: Rillaboom|Wood Hammer|p1a: Archaludon
|-resisted|p1a: Archaludon
|-damage|p1a: Archaludon|74/100
|-ability|p1a: Archaludon|Stamina|boost
|-boost|p1a: Archaludon|def|1
|-damage|p2b: Rillaboom|54/100|[from] Recoil
|move|p1a: Archaludon|Body Press|p2b: Rillaboom
|-damage|p2b: Rillaboom|13/100
|move|p2a: Dragapult|Phantom Force||[still]
|-prepare|p2a: Dragapult|Phantom Force
|
|upkeep
|turn|8
|
|t:|1756525678
|move|p1b: Sinistcha|Life Dew|p1b: Sinistcha|[spread] p1a,p1b
|-heal|p1a: Archaludon|99/100
|-heal|p1b: Sinistcha|100/100
|move|p2b: Rillaboom|U-turn|p1b: Sinistcha
|-damage|p1b: Sinistcha|75/100
|move|p1a: Archaludon|Body Press|p2b: Rillaboom
|-damage|p2b: Rillaboom|0 fnt
|faint|p2b: Rillaboom
|move|p2a: Dragapult|Phantom Force|p1b: Sinistcha|[from] lockedmove
|-supereffective|p1b: Sinistcha
|-damage|p1b: Sinistcha|0 fnt
|faint|p1b: Sinistcha
|
|upkeep
|
|t:|1756525690
|switch|p1b: Ursaluna|Ursaluna, L50, F|100/100
|turn|9
|
|t:|1756525699
|move|p1b: Ursaluna|Headlong Rush|p2a: Dragapult
|-damage|p2a: Dragapult|0 fnt
|-unboost|p1b: Ursaluna|def|1
|-unboost|p1b: Ursaluna|spd|1
|faint|p2a: Dragapult
|
|win|Notaplaceofhonor
