|j|☆jiggyjagga
|j|☆cheesebiscuit12
|html|jiggyjaggacheesebiscuit12    
|uhtml|bestof|Game 2 of a best-of-3
|t:|1784610699
|gametype|doubles
|player|p1|jiggyjagga|102|
|player|p2|cheesebiscuit12|1|
|gen|9
|tier|[Gen 9 Champions] VGC 2026 Reg M-B (Bo3)
|rule|Species Clause: Limit one of each Pokémon
|rule|Item Clause: Limit 1 of each item
|clearpoke
|poke|p1|Floette-Eternal, L50, F|
|poke|p1|Incineroar, L50, F, shiny|
|poke|p1|Kingambit, L50, F, shiny|
|poke|p1|Gholdengo, L50, shiny|
|poke|p1|Wyrdeer, L50, M, shiny|
|poke|p1|Lucario, L50, F, shiny|
|poke|p2|Gardevoir, L50, F|
|poke|p2|Metagross, L50|
|poke|p2|Whimsicott, L50, F|
|poke|p2|Arcanine, L50, F|
|poke|p2|Golurk, L50|
|poke|p2|Garganacl, L50, M|
|teampreview|4
|showteam|p1|Floette-Eternal||Floettite|FlowerVeil|LightofRuin,DazzlingGleam,Moonblast,Protect|Modest||F|||50|]Incineroar||SitrusBerry|Intimidate|FakeOut,PartingShot,FlareBlitz,HelpingHand|Adamant||F|||50|]Kingambit||ChopleBerry|Defiant|KowtowCleave,IronHead,Protect,SuckerPunch|Adamant||F|||50|]Gholdengo||MetalCoat|GoodasGold|MakeItRain,ShadowBall,NastyPlot,Protect|Modest|||||50|]Wyrdeer||Leftovers|Intimidate|PsyshieldBash,TrickRoom,HighHorsepower,Protect|Sassy||M|||50|]Lucario||LifeOrb|InnerFocus|AuraSphere,VacuumWave,Detect,Coaching|Timid||F|||50|
|showteam|p2|Gardevoir||Gardevoirite|Telepathy|HyperVoice,Protect,Psyshock,CalmMind|Timid||F|||50|]Metagross||ExpertBelt|ClearBody|MeteorMash,IcePunch,Earthquake,BulletPunch|Adamant|||||50|]Whimsicott||FocusSash|Prankster|Moonblast,Tailwind,Protect,BeatUp|Relaxed||F|||50|]Arcanine||Charcoal|Justified|FlareBlitz,ExtremeSpeed,CloseCombat,RagingFury|Hasty||F|||50|]Golurk||ColburBerry|NoGuard|StealthRock,Earthquake,Poltergeist,IcePunch|Adamant|||||50|]Garganacl||Leftovers|PurifyingSalt|StealthRock,SaltCure,Explosion,Protect|Impish||M|||50|
|
|t:|1784610730
|teamsize|p1|4
|teamsize|p2|4
|start
|switch|p1a: Incineroar|Incineroar, L50, F, shiny|100/100
|switch|p1b: Gholdengo|Gholdengo, L50, shiny|100/100
|switch|p2a: Whimsicott|Whimsicott, L50, F|100/100
|switch|p2b: Arcanine|Arcanine, L50, F|100/100
|-ability|p1a: Incineroar|Intimidate|boost
|-unboost|p2a: Whimsicott|atk|1
|-unboost|p2b: Arcanine|atk|1
|turn|1
|
|t:|1784610769
|move|p1a: Incineroar|Fake Out|p2b: Arcanine
|-damage|p2b: Arcanine|79/100
|move|p2a: Whimsicott|Tailwind|p2a: Whimsicott
|-sidestart|p2: cheesebiscuit12|move: Tailwind
|cant|p2b: Arcanine|flinch
|move|p1b: Gholdengo|Make It Rain|p2b: Arcanine|[spread] p2a,p2b
|-supereffective|p2a: Whimsicott|1
|-resisted|p2b: Arcanine|1
|-enditem|p2a: Whimsicott|Focus Sash
|-damage|p2a: Whimsicott|1/100
|-damage|p2b: Arcanine|37/100
|-unboost|p1b: Gholdengo|spa|2
|
|upkeep
|turn|2
|
|t:|1784610793
|switch|p1b: Wyrdeer|Wyrdeer, L50, M, shiny|100/100
|-ability|p1b: Wyrdeer|Intimidate|boost
|-unboost|p2a: Whimsicott|atk|1
|-unboost|p2b: Arcanine|atk|1
|move|p2b: Arcanine|Raging Fury|p1a: Incineroar
|-resisted|p1a: Incineroar|1
|-damage|p1a: Incineroar|82/100
|move|p2a: Whimsicott|Moonblast|p1a: Incineroar
|-damage|p1a: Incineroar|58/100
|move|p1a: Incineroar|Parting Shot|p2b: Arcanine
|-unboost|p2b: Arcanine|atk|1
|-unboost|p2b: Arcanine|spa|1
|
|t:|1784610808
|switch|p1a: Floette|Floette-Eternal, L50, F|100/100|[from] Parting Shot
|
|upkeep
|turn|3
|
|t:|1784610819
|detailschange|p1a: Floette|Floette-Mega, L50, F
|-mega|p1a: Floette|Floette|Floettite
|-ability|p1a: Floette|Fairy Aura
|move|p2a: Whimsicott|Protect|p2a: Whimsicott
|-singleturn|p2a: Whimsicott|Protect
|move|p1a: Floette|Protect|p1a: Floette
|-singleturn|p1a: Floette|Protect
|move|p2b: Arcanine|Raging Fury|p1a: Floette|[from] lockedmove
|-activate|p1a: Floette|move: Protect
|move|p1b: Wyrdeer|High Horsepower|p2b: Arcanine
|-supereffective|p2b: Arcanine|1
|-damage|p2b: Arcanine|0 fnt
|faint|p2b: Arcanine
|
|upkeep
|
|t:|1784610832
|switch|p2b: Gardevoir|Gardevoir, L50, F|100/100
|turn|4
|
|t:|1784610866
|switch|p1a: Incineroar|Incineroar, L50, F, shiny|58/100
|-ability|p1a: Incineroar|Intimidate|boost
|-unboost|p2a: Whimsicott|atk|1
|-unboost|p2b: Gardevoir|atk|1
|detailschange|p2b: Gardevoir|Gardevoir-Mega, L50, F
|-mega|p2b: Gardevoir|Gardevoir|Gardevoirite
|move|p2b: Gardevoir|Psyshock|p1a: Incineroar
|-immune|p1a: Incineroar
|move|p2a: Whimsicott|Moonblast|p1a: Incineroar
|-damage|p1a: Incineroar|32/100
|-enditem|p1a: Incineroar|Sitrus Berry|[eat]
|-heal|p1a: Incineroar|56/100|[from] item: Sitrus Berry
|move|p1b: Wyrdeer|High Horsepower|p2b: Gardevoir
|-crit|p2b: Gardevoir
|-damage|p2b: Gardevoir|33/100
|
|-sideend|p2: cheesebiscuit12|move: Tailwind
|upkeep
|turn|5
|
|t:|1784610895
|switch|p1b: Gholdengo|Gholdengo, L50, shiny|100/100
|move|p1a: Incineroar|Fake Out|p2b: Gardevoir
|-damage|p2b: Gardevoir|10/100
|move|p2a: Whimsicott|Tailwind|p2a: Whimsicott
|-sidestart|p2: cheesebiscuit12|move: Tailwind
|cant|p2b: Gardevoir|flinch
|
|upkeep
|turn|6
|
|t:|1784610908
|move|p2b: Gardevoir|Hyper Voice|p1b: Gholdengo|[spread] p1a,p1b
|-resisted|p1b: Gholdengo|1
|-damage|p1a: Incineroar|12/100
|-damage|p1b: Gholdengo|76/100
|move|p2a: Whimsicott|Moonblast|p1b: Gholdengo
|-resisted|p1b: Gholdengo|1
|-damage|p1b: Gholdengo|61/100
|move|p1b: Gholdengo|Make It Rain|p2b: Gardevoir|[spread] p2a,p2b
|-supereffective|p2a: Whimsicott|1
|-supereffective|p2b: Gardevoir|1
|-damage|p2a: Whimsicott|0 fnt
|-damage|p2b: Gardevoir|0 fnt
|-unboost|p1b: Gholdengo|spa|2
|faint|p2a: Whimsicott
|faint|p2b: Gardevoir
|move|p1a: Incineroar|Parting Shot|p2: Whimsicott|[notarget]
|-fail|p1a: Incineroar
|
|upkeep
|
|t:|1784610916
|switch|p2b: Metagross|Metagross, L50|100/100
|turn|7
|
|t:|1784610941
|move|p2b: Metagross|Earthquake|p1a: Incineroar|[spread] p1a,p1b
|-supereffective|p1a: Incineroar|1
|-supereffective|p1b: Gholdengo|1
|-damage|p1a: Incineroar|0 fnt
|-damage|p1b: Gholdengo|0 fnt
|faint|p1a: Incineroar
|faint|p1b: Gholdengo
|
|upkeep
|
|t:|1784610947
|switch|p1b: Wyrdeer|Wyrdeer, L50, M, shiny|100/100
|switch|p1a: Floette|Floette-Mega, L50, F|100/100
|-ability|p1a: Floette|Fairy Aura
|-ability|p1b: Wyrdeer|Intimidate|boost
|-fail|p2b: Metagross|unboost|[from] ability: Clear Body|[of] p2b: Metagross
|turn|8
|
|t:|1784610975
|move|p1a: Floette|Protect|p1a: Floette
|-singleturn|p1a: Floette|Protect
|move|p2b: Metagross|Meteor Mash|p1a: Floette
|-activate|p1a: Floette|move: Protect
|move|p1b: Wyrdeer|Trick Room|p1b: Wyrdeer
|-fieldstart|move: Trick Room|[of] p1b: Wyrdeer
|
|-sideend|p2: cheesebiscuit12|move: Tailwind
|upkeep
|turn|9
|
|t:|1784610991
|move|p1b: Wyrdeer|High Horsepower|p2b: Metagross
|-supereffective|p2b: Metagross|1
|-damage|p2b: Metagross|66/100
|move|p2b: Metagross|Meteor Mash|p1a: Floette
|-supereffective|p1a: Floette|1
|-damage|p1a: Floette|0 fnt
|faint|p1a: Floette
|
|upkeep
|turn|10
|
|t:|1784611025
|move|p1b: Wyrdeer|High Horsepower|p2b: Metagross
|-supereffective|p2b: Metagross|1
|-damage|p2b: Metagross|32/100
|move|p2b: Metagross|Earthquake|p1b: Wyrdeer
|-damage|p1b: Wyrdeer|53/100
|
|-heal|p1b: Wyrdeer|60/100|[from] item: Leftovers
|upkeep
|turn|11
|
|t:|1784611037
|move|p1b: Wyrdeer|High Horsepower|p2b: Metagross
|-supereffective|p2b: Metagross|1
|-damage|p2b: Metagross|0 fnt
|faint|p2b: Metagross
|
|win|jiggyjagga
