|j|☆sig.kire
|j|☆viatles
|html|sig.kireviatles    
|uhtml|bestof|Game 1 of a best-of-3
|t:|1757794257
|gametype|doubles
|player|p1|sig.kire|sailor|1122
|player|p2|viatles|hiker|1070
|gen|9
|tier|[Gen 9] VGC 2025 Reg H (Bo3)
|rated|
|rule|Species Clause: Limit one of each Pokémon
|rule|Item Clause: Limit 1 of each item
|clearpoke
|poke|p1|Corviknight, L50, M|
|poke|p1|Garchomp, L50, M|
|poke|p1|Tyranitar, L50, M|
|poke|p1|Volcarona, L50, M|
|poke|p1|Indeedee, L50, M|
|poke|p1|Sneasler, L50, M|
|poke|p2|Scizor, L50, F|
|poke|p2|Talonflame, L50, F|
|poke|p2|Rillaboom, L50, F|
|poke|p2|Garchomp, L50, F|
|poke|p2|Kilowattrel, L50, F|
|poke|p2|Garganacl, L50, M|
|teampreview|4
|showteam|p1|Corviknight||SitrusBerry|MirrorArmor|BraveBird,BodyPress,BulkUp,Roost|||M|||50|,,,,,Fire]Garchomp||LifeOrb|RoughSkin|DragonClaw,StompingTantrum,Earthquake,Protect|||M|||50|,,,,,Ground]Tyranitar||AssaultVest|SandStream|RockSlide,KnockOff,TeraBlast,LowKick|||M|||50|,,,,,Flying]Volcarona||SafetyGoggles|FlameBody|Overheat,Protect,RagePowder,Tailwind|||M|||50|,,,,,Fairy]Indeedee||ChoiceScarf|PsychicSurge|ExpandingForce,HelpingHand,Trick,TrickRoom|||M|||50|,,,,,Psychic]Sneasler||PsychicSeed|Unburden|DireClaw,CloseCombat,ThroatChop,Protect|||M|||50|,,,,,Dark
|showteam|p2|Scizor||LifeOrb|Technician|BulletPunch,BugBite,DualWingbeat,Protect|||F|||50|,,,,,Fire]Talonflame||CovertCloak|GaleWings|DualWingbeat,Tailwind,Taunt,FlareBlitz|||F|||50|,,,,,Flying]Rillaboom||AssaultVest|GrassySurge|FakeOut,GrassyGlide,Uturn,WoodHammer|||F|||50|,,,,,Fairy]Garchomp||ClearAmulet|RoughSkin|IronHead,Earthquake,DragonClaw,Protect|||F|||50|,,,,,Steel]Kilowattrel||FocusSash|Competitive|Discharge,AirSlash,Tailwind,Protect|||F|||50|,,,,,Ghost]Garganacl||Leftovers|PurifyingSalt|SaltCure,Recover,Protect,RockSlide|||M|||50|,,,,,Grass
|c|☆viatles|gl hf
|inactive|Battle timer is ON: inactive players will automatically lose when time's up. (requested by viatles)
|c|☆sig.kire|GLHF
|inactive|viatles has 60 seconds left.
|
|t:|1757794302
|teamsize|p1|4
|teamsize|p2|4
|start
|switch|p1a: Indeedee|Indeedee, L50, M|100/100
|switch|p1b: Sneasler|Sneasler, L50, M|100/100
|switch|p2a: Garganacl|Garganacl, L50, M|100/100
|switch|p2b: Kilowattrel|Kilowattrel, L50, F|100/100
|-fieldstart|move: Psychic Terrain|[from] ability: Psychic Surge|[of] p1a: Indeedee
|-enditem|p1b: Sneasler|Psychic Seed
|-boost|p1b: Sneasler|spd|1|[from] item: Psychic Seed
|turn|1
|
|t:|1757794325
|move|p2b: Kilowattrel|Protect|p2b: Kilowattrel
|-singleturn|p2b: Kilowattrel|Protect
|move|p1b: Sneasler|Dire Claw|p2b: Kilowattrel
|-activate|p2b: Kilowattrel|move: Protect
|move|p1a: Indeedee|Expanding Force|p2b: Kilowattrel|[spread] p2a
|-activate|p2b: Kilowattrel|move: Protect
|-damage|p2a: Garganacl|62/100
|move|p2a: Garganacl|Salt Cure|p1b: Sneasler
|-resisted|p1b: Sneasler
|-damage|p1b: Sneasler|89/100
|-start|p1b: Sneasler|Salt Cure
|
|-heal|p2a: Garganacl|68/100|[from] item: Leftovers
|-damage|p1b: Sneasler|77/100|[from] Salt Cure
|upkeep
|turn|2
|
|t:|1757794349
|move|p2a: Garganacl|Protect|p2a: Garganacl
|-singleturn|p2a: Garganacl|Protect
|move|p1b: Sneasler|Dire Claw|p2b: Kilowattrel
|-damage|p2b: Kilowattrel|25/100
|move|p1a: Indeedee|Expanding Force|p2a: Garganacl|[spread] p2b
|-activate|p2a: Garganacl|move: Protect
|-damage|p2b: Kilowattrel|0 fnt
|faint|p2b: Kilowattrel
|
|-heal|p2a: Garganacl|74/100|[from] item: Leftovers
|-damage|p1b: Sneasler|64/100|[from] Salt Cure
|upkeep
|
|t:|1757794361
|switch|p2b: Scizor|Scizor, L50, F|100/100
|turn|3
|
|t:|1757794373
|switch|p1b: Corviknight|Corviknight, L50, M|100/100
|move|p1a: Indeedee|Expanding Force|p2b: Scizor|[spread] p2a,p2b
|-resisted|p2b: Scizor
|-damage|p2a: Garganacl|38/100
|-damage|p2b: Scizor|70/100
|move|p2b: Scizor|Bug Bite|p1a: Indeedee
|-supereffective|p1a: Indeedee
|-damage|p1a: Indeedee|0 fnt
|faint|p1a: Indeedee
|-damage|p2b: Scizor|61/100|[from] item: Life Orb
|move|p2a: Garganacl|Recover|p2a: Garganacl
|-heal|p2a: Garganacl|88/100
|
|-heal|p2a: Garganacl|94/100|[from] item: Leftovers
|upkeep
|
|t:|1757794378
|switch|p1a: Sneasler|Sneasler, L50, M|64/100
|turn|4
|
|t:|1757794395
|move|p2b: Scizor|Protect|p2b: Scizor
|-singleturn|p2b: Scizor|Protect
|move|p1a: Sneasler|Close Combat|p2a: Garganacl
|-supereffective|p2a: Garganacl
|-damage|p2a: Garganacl|4/100
|-unboost|p1a: Sneasler|def|1
|-unboost|p1a: Sneasler|spd|1
|move|p1b: Corviknight|Body Press|p2b: Scizor
|-activate|p2b: Scizor|move: Protect
|move|p2a: Garganacl|Salt Cure|p1b: Corviknight
|-damage|p1b: Corviknight|89/100
|-start|p1b: Corviknight|Salt Cure
|
|-heal|p2a: Garganacl|10/100|[from] item: Leftovers
|-damage|p1b: Corviknight|64/100|[from] Salt Cure
|upkeep
|turn|5
|inactive|viatles has 30 seconds left.
|
|t:|1757794421
|move|p1a: Sneasler|Close Combat|p2b: Scizor
|-damage|p2b: Scizor|0 fnt
|-unboost|p1a: Sneasler|def|1
|-unboost|p1a: Sneasler|spd|1
|faint|p2b: Scizor
|move|p1b: Corviknight|Body Press|p2a: Garganacl
|-supereffective|p2a: Garganacl
|-damage|p2a: Garganacl|0 fnt
|faint|p2a: Garganacl
|
|-damage|p1b: Corviknight|39/100|[from] Salt Cure
|-fieldend|move: Psychic Terrain
|upkeep
|-enditem|p1b: Corviknight|Sitrus Berry|[eat]
|-heal|p1b: Corviknight|64/100|[from] item: Sitrus Berry
|
|t:|1757794436
|switch|p2b: Garchomp|Garchomp, L50, F|100/100
|turn|6
|
|t:|1757794448
|switch|p1b: Tyranitar|Tyranitar, L50, M|100/100
|-weather|Sandstorm|[from] ability: Sand Stream|[of] p1b: Tyranitar
|move|p1a: Sneasler|Protect|p1a: Sneasler
|-singleturn|p1a: Sneasler|Protect
|move|p2b: Garchomp|Protect||[still]
|-fail|p2b: Garchomp
|
|-weather|Sandstorm|[upkeep]
|-damage|p1a: Sneasler|59/100|[from] Sandstorm
|upkeep
|turn|7
|
|t:|1757794468
|switch|p1a: Corviknight|Corviknight, L50, M|64/100
|-terastallize|p2b: Garchomp|Steel
|-terastallize|p1b: Tyranitar|Flying
|move|p2b: Garchomp|Iron Head|p1a: Corviknight
|-resisted|p1a: Corviknight
|-damage|p1a: Corviknight|44/100
|move|p1b: Tyranitar|Tera Blast|p2b: Garchomp|[anim] Tera Blast Flying
|-resisted|p2b: Garchomp
|-crit|p2b: Garchomp
|-damage|p2b: Garchomp|65/100
|
|-weather|Sandstorm|[upkeep]
|-damage|p1b: Tyranitar|95/100|[from] Sandstorm
|upkeep
|turn|8
|
|t:|1757794482
|move|p2b: Garchomp|Iron Head|p1a: Corviknight
|-resisted|p1a: Corviknight
|-damage|p1a: Corviknight|26/100
|move|p1a: Corviknight|Roost|p1a: Corviknight
|-heal|p1a: Corviknight|76/100
|-singleturn|p1a: Corviknight|move: Roost
|move|p1b: Tyranitar|Low Kick|p2b: Garchomp
|-supereffective|p2b: Garchomp
|-damage|p2b: Garchomp|8/100
|-damage|p1b: Tyranitar|82/100|[from] ability: Rough Skin|[of] p2b: Garchomp
|
|-weather|Sandstorm|[upkeep]
|-damage|p1b: Tyranitar|76/100|[from] Sandstorm
|upkeep
|turn|9
|
|t:|1757794497
|move|p2b: Garchomp|Dragon Claw|p1b: Tyranitar
|-damage|p1b: Tyranitar|36/100
|move|p1a: Corviknight|Body Press|p2b: Garchomp
|-supereffective|p2b: Garchomp
|-damage|p2b: Garchomp|0 fnt
|-damage|p1a: Corviknight|64/100|[from] ability: Rough Skin|[of] p2b: Garchomp
|faint|p2b: Garchomp
|
|win|sig.kire
||viatles is ready for game 2.
||sig.kire is ready for game 2.
|uhtml|next|Next: Game 2 of 3
