|j|☆pacoespepe
|j|☆x-demon18
|html|pacoespepex-demon18    
|uhtml|bestof|Game 1 of a best-of-3
|t:|1784043387
|gametype|doubles
|player|p1|pacoespepe|juggler|1049
|player|p2|x-demon18|lucas|1175
|gen|9
|tier|[Gen 9 Champions] VGC 2026 Reg M-B (Bo3)
|rated|
|rule|Species Clause: Limit one of each Pokémon
|rule|Item Clause: Limit 1 of each item
|clearpoke
|poke|p1|Kommo-o, L50, M|
|poke|p1|Froslass, L50, F|
|poke|p1|Sinistcha-Masterpiece, L50|
|poke|p1|Excadrill, L50, F, shiny|
|poke|p1|Tyranitar, L50, M, shiny|
|poke|p1|Garchomp, L50, F|
|poke|p2|Incineroar, L50, M|
|poke|p2|Rotom-Wash, L50|
|poke|p2|Venusaur, L50, F|
|poke|p2|Garchomp, L50, M|
|poke|p2|Sylveon, L50, F|
|poke|p2|Corviknight, L50, M|
|teampreview|4
|showteam|p1|Kommo-o||Leftovers|Soundproof|Boomburst,ClangingScales,ClangorousSoul,Protect|Modest||M|||50|]Froslass||Froslassite|CursedBody|AuroraVeil,Blizzard,Protect,ShadowBall|Timid||F|||50|]Sinistcha-Masterpiece||SitrusBerry|Hospitality|MatchaGotcha,PsychUp,RagePowder,StrengthSap|Calm|||||50|]Excadrill||FocusSash|SandRush|HighHorsepower,IronHead,RockSlide,Protect|Adamant||F|||50|]Tyranitar||Tyranitarite|SandStream|RockSlide,KnockOff,IcePunch,Protect|Adamant||M|||50|]Garchomp||LifeOrb|SandVeil|StompingTantrum,DragonClaw,Protect,IronHead|Jolly||F|||50|
|showteam|p2|Incineroar||ExpertBelt|Intimidate|FakeOut,TemperFlare,ThroatChop,PartingShot|Adamant||M|||50|]Rotom-Wash||SitrusBerry|Levitate|HydroPump,Electroweb,WillOWisp,VoltSwitch|Modest|||||50|]Venusaur||Venusaurite|Chlorophyll|GigaDrain,SludgeBomb,EarthPower,Protect|Modest||F|||50|]Garchomp||LifeOrb|RoughSkin|RockSlide,DragonClaw,StompingTantrum,Protect|Jolly||M|||50|]Sylveon||FairyFeather|Pixilate|HyperVoice,QuickAttack,Yawn,Detect|Modest||F|||50|]Corviknight||OccaBerry|MirrorArmor|Tailwind,BraveBird,IronHead,BodyPress|Careful||M|||50|
|
|t:|1784043486
|teamsize|p1|4
|teamsize|p2|4
|start
|switch|p1a: Kommo-o|Kommo-o, L50, M|100/100
|switch|p1b: Froslass|Froslass, L50, F|100/100
|switch|p2a: Griffith|Corviknight, L50, M|100/100
|switch|p2b: Yggdrasil|Venusaur, L50, F|100/100
|turn|1
|
|t:|1784043523
|detailschange|p1b: Froslass|Froslass-Mega, L50, F
|-mega|p1b: Froslass|Froslass|Froslassite
|-weather|Snowscape|[from] ability: Snow Warning|[of] p1b: Froslass
|detailschange|p2b: Yggdrasil|Venusaur-Mega, L50, F
|-mega|p2b: Yggdrasil|Venusaur|Venusaurite
|move|p1b: Froslass|Aurora Veil|p1b: Froslass
|-sidestart|p1: pacoespepe|move: Aurora Veil
|move|p2b: Yggdrasil|Sludge Bomb|p1a: Kommo-o
|-damage|p1a: Kommo-o|71/100
|move|p1a: Kommo-o|Clangorous Soul|p1a: Kommo-o
|-boost|p1a: Kommo-o|atk|1
|-boost|p1a: Kommo-o|def|1
|-boost|p1a: Kommo-o|spa|1
|-boost|p1a: Kommo-o|spd|1
|-boost|p1a: Kommo-o|spe|1
|-damage|p1a: Kommo-o|38/100
|move|p2a: Griffith|Tailwind|p2a: Griffith
|-sidestart|p2: x-demon18|move: Tailwind
|
|-weather|Snowscape|[upkeep]
|-heal|p1a: Kommo-o|44/100|[from] item: Leftovers
|upkeep
|turn|2
|
|t:|1784043568
|switch|p1b: Sinistcha|Sinistcha-Masterpiece, L50|100/100
|-heal|p1a: Kommo-o|69/100|[from] ability: Hospitality|[of] p1b: Sinistcha
|move|p2b: Yggdrasil|Sludge Bomb|p1b: Sinistcha
|-damage|p1b: Sinistcha|75/100
|-status|p1b: Sinistcha|psn
|move|p2a: Griffith|Iron Head|p1b: Sinistcha
|-damage|p1b: Sinistcha|55/100 psn
|move|p1a: Kommo-o|Boomburst|p2a: Griffith|[spread] p2a,p2b
|-immune|p1b: Sinistcha
|-resisted|p2a: Griffith|1
|-damage|p2a: Griffith|81/100
|-damage|p2b: Yggdrasil|62/100
|
|-weather|Snowscape|[upkeep]
|-heal|p1a: Kommo-o|75/100|[from] item: Leftovers
|-damage|p1b: Sinistcha|43/100 psn|[from] psn
|upkeep
|-enditem|p1b: Sinistcha|Sitrus Berry|[eat]
|-heal|p1b: Sinistcha|67/100 psn|[from] item: Sitrus Berry
|turn|3
|
|t:|1784043603
|move|p2b: Yggdrasil|Sludge Bomb|p1b: Sinistcha
|-damage|p1b: Sinistcha|42/100 psn
|move|p2a: Griffith|Brave Bird|p1b: Sinistcha
|-supereffective|p1b: Sinistcha|1
|-damage|p1b: Sinistcha|0 fnt
|faint|p1b: Sinistcha
|-damage|p2a: Griffith|68/100|[from] Recoil
|move|p1a: Kommo-o|Boomburst|p2b: Yggdrasil|[spread] p2a,p2b
|-resisted|p2a: Griffith|1
|-damage|p2a: Griffith|47/100
|-damage|p2b: Yggdrasil|24/100
|
|-weather|Snowscape|[upkeep]
|-heal|p1a: Kommo-o|81/100|[from] item: Leftovers
|upkeep
|
|t:|1784043630
|switch|p1b: Froslass|Froslass-Mega, L50, F|100/100
|turn|4
|
|t:|1784043654
|move|p1b: Froslass|Protect|p1b: Froslass
|-singleturn|p1b: Froslass|Protect
|move|p1a: Kommo-o|Protect|p1a: Kommo-o
|-singleturn|p1a: Kommo-o|Protect
|move|p2b: Yggdrasil|Sludge Bomb|p1a: Kommo-o
|-activate|p1a: Kommo-o|move: Protect
|move|p2a: Griffith|Brave Bird|p1a: Kommo-o
|-activate|p1a: Kommo-o|move: Protect
|
|-weather|Snowscape|[upkeep]
|-heal|p1a: Kommo-o|87/100|[from] item: Leftovers
|-sideend|p2: x-demon18|move: Tailwind
|upkeep
|turn|5
|
|t:|1784043675
|switch|p2a: Wolverine|Incineroar, L50, M|100/100
|-ability|p2a: Wolverine|Intimidate|boost
|-unboost|p1a: Kommo-o|atk|1
|-unboost|p1b: Froslass|atk|1
|move|p2b: Yggdrasil|Protect|p2b: Yggdrasil
|-singleturn|p2b: Yggdrasil|Protect
|move|p1b: Froslass|Blizzard|p2b: Yggdrasil|[spread] p2a
|-activate|p2b: Yggdrasil|move: Protect
|-resisted|p2a: Wolverine|1
|-damage|p2a: Wolverine|80/100
|move|p1a: Kommo-o|Boomburst|p2a: Wolverine|[spread] p2a
|-activate|p2b: Yggdrasil|move: Protect
|-immune|p1b: Froslass
|-damage|p2a: Wolverine|39/100
|
|-weather|none
|-heal|p1a: Kommo-o|93/100|[from] item: Leftovers
|-sideend|p1: pacoespepe|move: Aurora Veil
|upkeep
|turn|6
|
|t:|1784043704
|switch|p1b: Tyranitar|Tyranitar, L50, M, shiny|100/100
|-weather|Sandstorm|[from] ability: Sand Stream|[of] p1b: Tyranitar
|switch|p2b: Griffith|Corviknight, L50, M|47/100
|move|p1a: Kommo-o|Clanging Scales|p2b: Griffith|[spread] p2a,p2b
|-resisted|p2b: Griffith|1
|-damage|p2a: Wolverine|0 fnt
|-damage|p2b: Griffith|25/100
|faint|p2a: Wolverine
|-unboost|p1a: Kommo-o|def|1
|
|-weather|Sandstorm|[upkeep]
|-damage|p1a: Kommo-o|87/100|[from] Sandstorm
|-heal|p1a: Kommo-o|93/100|[from] item: Leftovers
|upkeep
|
|t:|1784043726
|switch|p2a: Yggdrasil|Venusaur-Mega, L50, F|24/100
|turn|7
|
|t:|1784043737
|move|p1a: Kommo-o|Clanging Scales|p2b: Griffith|[spread] p2a,p2b
|-resisted|p2b: Griffith|1
|-damage|p2a: Yggdrasil|0 fnt
|-damage|p2b: Griffith|2/100
|faint|p2a: Yggdrasil
|-unboost|p1a: Kommo-o|def|1
|move|p2b: Griffith|Tailwind|p2b: Griffith
|-sidestart|p2: x-demon18|move: Tailwind
|move|p1b: Tyranitar|Rock Slide|p2b: Griffith
|-damage|p2b: Griffith|0 fnt
|faint|p2b: Griffith
|
|-weather|Sandstorm|[upkeep]
|-damage|p1a: Kommo-o|87/100|[from] Sandstorm
|-heal|p1a: Kommo-o|93/100|[from] item: Leftovers
|upkeep
|
|t:|1784043754
|switch|p2a: Berserk|Garchomp, L50, M|100/100
|turn|8
|
|t:|1784043768
|move|p2a: Berserk|Stomping Tantrum|p1b: Tyranitar
|-supereffective|p1b: Tyranitar|1
|-damage|p1b: Tyranitar|23/100
|-damage|p2a: Berserk|90/100|[from] item: Life Orb
|move|p1a: Kommo-o|Clanging Scales|p2a: Berserk
|-supereffective|p2a: Berserk|1
|-damage|p2a: Berserk|0 fnt
|faint|p2a: Berserk
|
|win|pacoespepe
|inactive|pacoespepe has 30 seconds to confirm battle start!
|inactive|x-demon18 has 30 seconds to confirm battle start!
