|j|☆cal_cvgcl
|j|☆odggggg
|html|cal_cvgclodggggg    
|uhtml|bestof|Game 2 of a best-of-3
|t:|1756348729
|gametype|doubles
|player|p1|cal_cvgcl|101|1076
|player|p2|odggggg|1|1040
|gen|9
|tier|[Gen 9] VGC 2025 Reg H (Bo3)
|rated|
|rule|Species Clause: Limit one of each Pokémon
|rule|Item Clause: Limit 1 of each item
|clearpoke
|poke|p1|Sneasler, L50, F|
|poke|p1|Indeedee, L50, M|
|poke|p1|Volcarona, L50, M|
|poke|p1|Ursaluna-Bloodmoon, L50, M|
|poke|p1|Annihilape, L50, M|
|poke|p1|Tyranitar, L50, M|
|poke|p2|Hatterene, L50, F|
|poke|p2|Rillaboom, L50, M|
|poke|p2|Incineroar, L50, F|
|poke|p2|Ursaluna-Bloodmoon, L50, M|
|poke|p2|Grimmsnarl, L50, M|
|poke|p2|Dragonite, L50, M|
|teampreview|4
|showteam|p1|Sneasler||PsychicSeed|Unburden|CloseCombat,DireClaw,ThroatChop,Protect|||F|||50|,,,,,Dark]Indeedee||ChoiceScarf|PsychicSurge|ExpandingForce,TeraBlast,Trick,Protect|||M|||50|,,,,,Psychic]Volcarona||SitrusBerry|FlameBody|Overheat,StruggleBug,RagePowder,Tailwind|||M|||50|,,,,,Grass]Ursaluna-Bloodmoon||LifeOrb|MindsEye|BloodMoon,HyperVoice,EarthPower,Protect|||M|||50|,,,,,Normal]Annihilape||SafetyGoggles|Defiant|CloseCombat,RageFist,Taunt,FinalGambit|||M|||50|,,,,,Fairy]Tyranitar||AssaultVest|SandStream|RockSlide,KnockOff,TeraBlast,LowKick|||M|||50|,,,,,Flying
|showteam|p2|Hatterene||FocusSash|MagicBounce|TrickRoom,PsychicNoise,Protect,DazzlingGleam|||F|||50|,,,,,Steel]Rillaboom||ClearAmulet|GrassySurge|FakeOut,DrainPunch,WoodHammer,KnockOff|||M|||50|,,,,,Fire]Incineroar||SitrusBerry|Intimidate|FakeOut,PartingShot,FlareBlitz,KnockOff|||F|||50|,,,,,Ghost]Ursaluna-Bloodmoon||AssaultVest|MindsEye|BloodMoon,EarthPower,TeraBlast,HyperVoice|||M|||50|,,,,,Ice]Grimmsnarl||Leftovers|Prankster|ThunderWave,SpiritBreak,FakeTears,PartingShot|||M|||50|,,,,,Steel]Dragonite||NormalGem|Multiscale|DragonDance,ExtremeSpeed,ThunderPunch,DragonClaw|||M|||50|,,,,,Normal
|inactive|Battle timer is ON: inactive players will automatically lose when time's up. (requested by cal_cvgcl)
|
|t:|1756348756
|teamsize|p1|4
|teamsize|p2|4
|start
|switch|p1a: Tyranitar|Tyranitar, L50, M|100/100
|switch|p1b: Sneasler|Sneasler, L50, F|100/100
|switch|p2a: Hatterene|Hatterene, L50, F, shiny|100/100
|switch|p2b: Incineroar|Incineroar, L50, F|100/100
|-weather|Sandstorm|[from] ability: Sand Stream|[of] p1a: Tyranitar
|-ability|p2b: Incineroar|Intimidate|boost
|-unboost|p1a: Tyranitar|atk|1
|-unboost|p1b: Sneasler|atk|1
|turn|1
|inactive|odggggg has 30 seconds left.
|inactive|odggggg has 20 seconds left.
|inactive|odggggg has 15 seconds left.
|inactive|odggggg has 10 seconds left.
|
|t:|1756348805
|-terastallize|p2a: Hatterene|Steel
|move|p1b: Sneasler|Protect|p1b: Sneasler
|-singleturn|p1b: Sneasler|Protect
|move|p1a: Tyranitar|Rock Slide|p2b: Incineroar|[spread] p2a,p2b
|-resisted|p2a: Hatterene
|-supereffective|p2b: Incineroar
|-damage|p2a: Hatterene|90/100
|-damage|p2b: Incineroar|60/100
|cant|p2b: Incineroar|flinch
|move|p2a: Hatterene|Trick Room|p2a: Hatterene
|-fieldstart|move: Trick Room|[of] p2a: Hatterene
|
|-weather|Sandstorm|[upkeep]
|-damage|p2b: Incineroar|55/100|[from] Sandstorm
|-damage|p1b: Sneasler|95/100|[from] Sandstorm
|upkeep
|turn|2
|inactive|cal_cvgcl has 30 seconds left.
|inactive|odggggg has 30 seconds left.
|inactive|cal_cvgcl has 20 seconds left.
|inactive|cal_cvgcl has 15 seconds left.
|
|t:|1756348847
|switch|p1b: Indeedee|Indeedee, L50, M|100/100
|-fieldstart|move: Psychic Terrain|[from] ability: Psychic Surge|[of] p1b: Indeedee
|move|p2a: Hatterene|Dazzling Gleam|p1a: Tyranitar|[spread] p1a,p1b
|-supereffective|p1a: Tyranitar
|-crit|p1a: Tyranitar
|-damage|p1a: Tyranitar|52/100
|-damage|p1b: Indeedee|51/100
|move|p2b: Incineroar|Flare Blitz|p1b: Indeedee
|-damage|p1b: Indeedee|0 fnt
|faint|p1b: Indeedee
|-damage|p2b: Incineroar|41/100|[from] Recoil
|-enditem|p2b: Incineroar|Sitrus Berry|[eat]
|-heal|p2b: Incineroar|66/100|[from] item: Sitrus Berry
|move|p1a: Tyranitar|Knock Off|p2a: Hatterene
|-damage|p2a: Hatterene|47/100
|-enditem|p2a: Hatterene|Focus Sash|[from] move: Knock Off|[of] p1a: Tyranitar
|
|-weather|Sandstorm|[upkeep]
|-damage|p2b: Incineroar|60/100|[from] Sandstorm
|upkeep
|
|t:|1756348866
|switch|p1b: Ursaluna|Ursaluna-Bloodmoon, L50, M|100/100
|turn|3
|
|t:|1756348878
|move|p1b: Ursaluna|Protect|p1b: Ursaluna
|-singleturn|p1b: Ursaluna|Protect
|move|p2a: Hatterene|Dazzling Gleam|p1b: Ursaluna|[spread] p1a
|-activate|p1b: Ursaluna|move: Protect
|-supereffective|p1a: Tyranitar
|-damage|p1a: Tyranitar|24/100
|move|p2b: Incineroar|Parting Shot|p1b: Ursaluna
|-activate|p1b: Ursaluna|move: Protect
|move|p1a: Tyranitar|Rock Slide|p2b: Incineroar|[spread] p2a,p2b
|-resisted|p2a: Hatterene
|-supereffective|p2b: Incineroar
|-damage|p2a: Hatterene|35/100
|-damage|p2b: Incineroar|16/100
|
|-weather|Sandstorm|[upkeep]
|-damage|p2b: Incineroar|10/100|[from] Sandstorm
|upkeep
|turn|4
|inactive|cal_cvgcl has 30 seconds left.
|
|t:|1756348903
|switch|p1a: Sneasler|Sneasler, L50, F|95/100
|-enditem|p1a: Sneasler|Psychic Seed
|-boost|p1a: Sneasler|spd|1|[from] item: Psychic Seed
|-terastallize|p1b: Ursaluna|Normal
|move|p2a: Hatterene|Dazzling Gleam|p1a: Sneasler|[spread] p1a,p1b
|-crit|p1a: Sneasler
|-damage|p1a: Sneasler|20/100
|-damage|p1b: Ursaluna|51/100
|move|p2b: Incineroar|Parting Shot|p1b: Ursaluna
|-unboost|p1b: Ursaluna|atk|1
|-unboost|p1b: Ursaluna|spa|1
|
|t:|1756348915
|switch|p2b: Rillaboom|Rillaboom, L50, M, shiny|100/100|[from] Parting Shot
|-fieldstart|move: Grassy Terrain|[from] ability: Grassy Surge|[of] p2b: Rillaboom
|move|p1b: Ursaluna|Hyper Voice|p2a: Hatterene|[spread] p2a,p2b
|-resisted|p2a: Hatterene
|-damage|p2a: Hatterene|5/100
|-damage|p2b: Rillaboom|50/100
|-damage|p1b: Ursaluna|41/100|[from] item: Life Orb
|
|-weather|Sandstorm|[upkeep]
|-damage|p1b: Ursaluna|35/100|[from] Sandstorm
|-damage|p2b: Rillaboom|44/100|[from] Sandstorm
|-damage|p1a: Sneasler|15/100|[from] Sandstorm
|-heal|p2a: Hatterene|11/100|[from] Grassy Terrain
|-heal|p1b: Ursaluna|41/100|[from] Grassy Terrain
|-heal|p2b: Rillaboom|50/100|[from] Grassy Terrain
|-heal|p1a: Sneasler|20/100|[from] Grassy Terrain
|upkeep
|turn|5
|
|t:|1756348933
|move|p1b: Ursaluna|Protect|p1b: Ursaluna
|-singleturn|p1b: Ursaluna|Protect
|move|p2a: Hatterene|Dazzling Gleam|p1b: Ursaluna|[spread] p1a
|-activate|p1b: Ursaluna|move: Protect
|-damage|p1a: Sneasler|0 fnt
|faint|p1a: Sneasler
|move|p2b: Rillaboom|Drain Punch|p1b: Ursaluna
|-activate|p1b: Ursaluna|move: Protect
|
|-weather|none
|-heal|p2a: Hatterene|17/100|[from] Grassy Terrain
|-heal|p1b: Ursaluna|47/100|[from] Grassy Terrain
|-heal|p2b: Rillaboom|56/100|[from] Grassy Terrain
|-fieldend|move: Trick Room
|upkeep
|
|t:|1756348939
|switch|p1a: Tyranitar|Tyranitar, L50, M|24/100
|-weather|Sandstorm|[from] ability: Sand Stream|[of] p1a: Tyranitar
|turn|6
|
|t:|1756348954
|move|p2a: Hatterene|Protect|p2a: Hatterene
|-singleturn|p2a: Hatterene|Protect
|move|p2b: Rillaboom|Wood Hammer|p1b: Ursaluna
|-damage|p1b: Ursaluna|0 fnt
|faint|p1b: Ursaluna
|-damage|p2b: Rillaboom|39/100|[from] Recoil
|move|p1a: Tyranitar|Knock Off|p2a: Hatterene
|-activate|p2a: Hatterene|move: Protect
|
|-weather|Sandstorm|[upkeep]
|-damage|p2b: Rillaboom|34/100|[from] Sandstorm
|-heal|p2b: Rillaboom|39/100|[from] Grassy Terrain
|-heal|p1a: Tyranitar|29/100|[from] Grassy Terrain
|-heal|p2a: Hatterene|23/100|[from] Grassy Terrain
|upkeep
|turn|7
|
|t:|1756348971
|move|p2b: Rillaboom|Drain Punch|p1a: Tyranitar
|-supereffective|p1a: Tyranitar
|-damage|p1a: Tyranitar|0 fnt
|-heal|p2b: Rillaboom|55/100|[from] drain|[of] p1a: Tyranitar
|faint|p1a: Tyranitar
|
|win|odggggg
||cal_cvgcl is ready for game 3.
||cal_cvgcl is ready for game 3.
|inactive|odggggg has 30 seconds to confirm battle start!
||odggggg is ready for game 3.
|uhtml|next|Next: Game 3 of 3
