|j|☆bmcqueen
|j|☆Colonelpaco
|html|bmcqueenColonelpaco    
|uhtml|bestof|Game 2 of a best-of-3
|t:|1757809704
|gametype|doubles
|player|p1|bmcqueen|2|
|player|p2|Colonelpaco|worker-gen4|
|gen|9
|tier|[Gen 9] VGC 2025 Reg H (Bo3)
|rule|Species Clause: Limit one of each Pokémon
|rule|Item Clause: Limit 1 of each item
|clearpoke
|poke|p1|Tyranitar, L50, M|
|poke|p1|Excadrill, L50, M|
|poke|p1|Houndstone, L50, F|
|poke|p1|Farigiraf, L50, F|
|poke|p1|Primarina, L50, M|
|poke|p1|Amoonguss, L50, F|
|poke|p2|Sneasler, L50, F|
|poke|p2|Dragapult, L50, M|
|poke|p2|Primarina, L50, F|
|poke|p2|Rillaboom, L50, M|
|poke|p2|Kingambit, L50, F|
|poke|p2|Magmar, L50, F|
|teampreview|4
|showteam|p1|Tyranitar||AssaultVest|SandStream|RockSlide,KnockOff,TeraBlast,LowKick|||M|||50|,,,,,Flying]Excadrill||FocusSash|SandRush|IronHead,HighHorsepower,Earthquake,Protect|||M|||50|,,,,,Ground]Houndstone||LifeOrb|SandRush|LastRespects,BodyPress,WillOWisp,Protect|||F|||50|,,,,,Fighting]Farigiraf||SafetyGoggles|ArmorTail|Psychic,HyperVoice,TrickRoom,HelpingHand|||F|||50|,,,,,Fairy]Primarina||ThroatSpray|LiquidVoice|HyperVoice,Moonblast,Haze,Protect|||M|||50|,,,,,Poison]Amoonguss||SitrusBerry|Regenerator|SludgeBomb,Spore,RagePowder,Protect|||F|||50|,,,,,Water
|showteam|p2|Sneasler||FocusSash|Unburden|CloseCombat,DireClaw,FakeOut,Protect|||F|||50|,,,,,Stellar]Dragapult||ChoiceBand|ClearBody|DragonDarts,TeraBlast,PhantomForce,Uturn|||M|||50|,,,,,Ghost]Primarina||ThroatSpray|LiquidVoice|HyperVoice,Moonblast,Haze,Protect|||F|||50|,,,,,Poison]Rillaboom||AssaultVest|GrassySurge|WoodHammer,GrassyGlide,HighHorsepower,FakeOut|||M|||50|,,,,,Fire]Kingambit||BlackGlasses|Defiant|KowtowCleave,SuckerPunch,SwordsDance,Protect|||F|||50|,,,,,Ghost]Magmar||Eviolite|VitalSpirit|Overheat,WillOWisp,FollowMe,Protect|||F|||50|,,,,,Ghost
|inactive|Battle timer is ON: inactive players will automatically lose when time's up. (requested by bmcqueen)
|inactive|Colonelpaco also wants the timer to be on.
|inactive|bmcqueen has 60 seconds left.
|inactive|Colonelpaco has 60 seconds left.
|inactive|bmcqueen has 30 seconds left.
|inactive|bmcqueen has 20 seconds left.
|inactive|bmcqueen has 15 seconds left.
|inactive|bmcqueen has 10 seconds left.
|
|t:|1757809788
|teamsize|p1|4
|teamsize|p2|4
|start
|switch|p1a: Primarina|Primarina, L50, M|100/100
|switch|p1b: Amoonguss|Amoonguss, L50, F|100/100
|switch|p2a: Kingambit|Kingambit, L50, F|100/100
|switch|p2b: Dragapult|Dragapult, L50, M|100/100
|turn|1
|
|t:|1757809801
|move|p1b: Amoonguss|Rage Powder|p1b: Amoonguss
|-singleturn|p1b: Amoonguss|move: Rage Powder
|move|p2b: Dragapult|U-turn|p1b: Amoonguss
|-damage|p1b: Amoonguss|74/100
|
|t:|1757809809
|switch|p2b: Primarina|Primarina, L50, F|100/100|[from] U-turn
|move|p1a: Primarina|Hyper Voice|p2a: Kingambit|[spread] p2a,p2b
|-resisted|p2b: Primarina
|-damage|p2a: Kingambit|71/100
|-damage|p2b: Primarina|87/100
|-enditem|p1a: Primarina|Throat Spray
|-boost|p1a: Primarina|spa|1|[from] item: Throat Spray
|move|p2a: Kingambit|Kowtow Cleave|p1b: Amoonguss
|-damage|p1b: Amoonguss|25/100
|-enditem|p1b: Amoonguss|Sitrus Berry|[eat]
|-heal|p1b: Amoonguss|50/100|[from] item: Sitrus Berry
|
|upkeep
|turn|2
|inactive|Colonelpaco has 30 seconds left.
|
|t:|1757809841
|move|p1b: Amoonguss|Rage Powder|p1b: Amoonguss
|-singleturn|p1b: Amoonguss|move: Rage Powder
|move|p2b: Primarina|Hyper Voice|p1b: Amoonguss|[spread] p1a,p1b
|-resisted|p1a: Primarina
|-resisted|p1b: Amoonguss
|-damage|p1a: Primarina|87/100
|-damage|p1b: Amoonguss|36/100
|-enditem|p2b: Primarina|Throat Spray
|-boost|p2b: Primarina|spa|1|[from] item: Throat Spray
|move|p1a: Primarina|Moonblast|p2a: Kingambit
|-damage|p2a: Kingambit|5/100
|move|p2a: Kingambit|Kowtow Cleave|p1b: Amoonguss
|-damage|p1b: Amoonguss|0 fnt
|faint|p1b: Amoonguss
|
|upkeep
|
|t:|1757809853
|switch|p1b: Farigiraf|Farigiraf, L50, F|100/100
|turn|3
|inactive|bmcqueen has 30 seconds left.
|inactive|Colonelpaco has 30 seconds left.
|inactive|Colonelpaco has 20 seconds left.
|inactive|Colonelpaco has 15 seconds left.
|
|t:|1757809895
|switch|p2a: Dragapult|Dragapult, L50, M|100/100
|move|p2b: Primarina|Hyper Voice|p1a: Primarina|[spread] p1a,p1b
|-resisted|p1a: Primarina
|-damage|p1a: Primarina|66/100
|-damage|p1b: Farigiraf|55/100
|move|p1a: Primarina|Hyper Voice|p2a: Dragapult|[spread] p2a,p2b
|-resisted|p2a: Dragapult
|-resisted|p2b: Primarina
|-damage|p2a: Dragapult|70/100
|-damage|p2b: Primarina|69/100
|move|p1b: Farigiraf|Psychic|p2b: Primarina
|-damage|p2b: Primarina|41/100
|
|upkeep
|turn|4
|inactive|bmcqueen has 30 seconds left.
|
|t:|1757809930
|-terastallize|p1b: Farigiraf|Fairy
|move|p2a: Dragapult|Dragon Darts|p1a: Primarina
|move|p1a: Primarina|Moonblast|p2a: Dragapult
|-supereffective|p2a: Dragapult
|-damage|p2a: Dragapult|0 fnt
|faint|p2a: Dragapult
|move|p2b: Primarina|Hyper Voice|p1a: Primarina|[spread] p1a,p1b
|-resisted|p1a: Primarina
|-damage|p1a: Primarina|47/100
|-damage|p1b: Farigiraf|10/100
|move|p1b: Farigiraf|Psychic|p2b: Primarina
|-damage|p2b: Primarina|13/100
|
|upkeep
|
|t:|1757809949
|switch|p2a: Magmar|Magmar, L50, F|100/100
|turn|5
|
|t:|1757809967
|move|p1b: Farigiraf|Helping Hand|p1a: Primarina
|-singleturn|p1a: Primarina|Helping Hand|[of] p1b: Farigiraf
|move|p2a: Magmar|Follow Me|p2a: Magmar
|-singleturn|p2a: Magmar|move: Follow Me
|move|p1a: Primarina|Hyper Voice|p2b: Primarina|[spread] p2a,p2b
|-supereffective|p2a: Magmar
|-resisted|p2b: Primarina
|-damage|p2a: Magmar|0 fnt
|-damage|p2b: Primarina|0 fnt
|faint|p2a: Magmar
|faint|p2b: Primarina
|
|upkeep
|-message|Colonelpaco forfeited.
|
|win|bmcqueen
|l|☆bmcqueen
|player|p1|
