|j|‽Kunikamaze
|j|☆Iceman5687
|html|KunikamazeIceman5687    
|uhtml|bestof|Game 1 of a best-of-3
|t:|1782388222
|gametype|doubles
|player|p1|Kunikamaze|102|1106
|player|p2|Iceman5687|266|1129
|gen|9
|tier|[Gen 9 Champions] VGC 2026 Reg M-B (Bo3)
|rated|
|rule|Species Clause: Limit one of each Pokémon
|rule|Item Clause: Limit 1 of each item
|clearpoke
|poke|p1|Charizard, L50, M|
|poke|p1|Garchomp, L50, F|
|poke|p1|Aerodactyl, L50, F|
|poke|p1|Kingambit, L50, M|
|poke|p1|Sylveon, L50, F|
|poke|p1|Farigiraf, L50, M|
|poke|p2|Floette-Eternal, L50, F|
|poke|p2|Charizard, L50, M|
|poke|p2|Kingambit, L50, F|
|poke|p2|Whimsicott, L50, M|
|poke|p2|Basculegion, L50, M|
|poke|p2|Garchomp, L50, M|
|teampreview|4
|showteam|p1|Charizard||CharizarditeY|Blaze|HeatWave,WeatherBall,SolarBeam,Protect|Modest||M|||50|]Garchomp||LifeOrb|RoughSkin|DragonClaw,Earthquake,RockSlide,Protect|Jolly||F|||50|]Aerodactyl||Aerodactylite|Unnerve|RockSlide,DualWingbeat,IceFang,Tailwind|Jolly||F|||50|]Kingambit||FocusSash|Defiant|KowtowCleave,SuckerPunch,IronHead,LowKick|Adamant||M|||50|]Sylveon||FairyFeather|Pixilate|HyperVoice,HyperBeam,QuickAttack,Detect|Modest||F|||50|]Farigiraf||SitrusBerry|ArmorTail|TwinBeam,Thunderbolt,Roar,TrickRoom|Bold||M|||50|
|showteam|p2|Floette-Eternal||Floettite|FlowerVeil|LightofRuin,Moonblast,DazzlingGleam,Protect|Modest||F|||50|]Charizard||CharizarditeY|Blaze|SolarBeam,HeatWave,WeatherBall,Protect|Modest||M|||50|]Kingambit||ChopleBerry|Defiant|IronHead,LowKick,KowtowCleave,SuckerPunch|Adamant||F|||50|]Whimsicott||FocusSash|Prankster|Moonblast,Tailwind,Encore,Protect|Timid||M|||50|]Basculegion||LifeOrb|Adaptability|WaveCrash,Protect,LastRespects,AquaJet|Adamant||M|||50|]Garchomp||RoseliBerry|RoughSkin|Earthquake,RockSlide,PoisonJab,DragonClaw|Adamant||M|||50|
|inactive|Battle timer is ON: inactive players will automatically lose when time's up. (requested by Kunikamaze)
|
|t:|1782388282
|teamsize|p1|4
|teamsize|p2|4
|start
|switch|p1a: Charizard|Charizard, L50, M|100/100
|switch|p1b: Farigiraf|Farigiraf, L50, M|100/100
|switch|p2a: Whimsicott|Whimsicott, L50, M|100/100
|switch|p2b: Floette|Floette-Eternal, L50, F|100/100
|turn|1
|
|t:|1782388299
|switch|p2b: Garchomp|Garchomp, L50, M|100/100
|detailschange|p1a: Charizard|Charizard-Mega-Y, L50, M
|-mega|p1a: Charizard|Charizard|Charizardite Y
|-weather|SunnyDay|[from] ability: Drought|[of] p1a: Charizard
|move|p2a: Whimsicott|Protect|p2a: Whimsicott
|-singleturn|p2a: Whimsicott|Protect
|move|p1a: Charizard|Heat Wave|p2b: Garchomp|[spread] 
|-activate|p2a: Whimsicott|move: Protect
|-miss|p1a: Charizard|p2b: Garchomp
|move|p1b: Farigiraf|Trick Room|p1b: Farigiraf
|-fieldstart|move: Trick Room|[of] p1b: Farigiraf
|
|-weather|SunnyDay|[upkeep]
|upkeep
|turn|2
|
|t:|1782388322
|switch|p1a: Sylveon|Sylveon, L50, F|100/100
|move|p1b: Farigiraf|Twin Beam|p2b: Garchomp
|-damage|p2b: Garchomp|85/100
|-damage|p2b: Garchomp|71/100
|-hitcount|p2b: Garchomp|2
|move|p2b: Garchomp|Rock Slide|p1b: Farigiraf|[spread] p1a
|-miss|p2b: Garchomp|p1b: Farigiraf
|-damage|p1a: Sylveon|78/100
|move|p2a: Whimsicott|Moonblast|p1a: Sylveon
|-damage|p1a: Sylveon|58/100
|
|-weather|SunnyDay|[upkeep]
|upkeep
|turn|3
|inactive|Iceman5687 has 30 seconds left.
|
|t:|1782388349
|move|p1b: Farigiraf|Twin Beam|p2b: Garchomp
|-damage|p2b: Garchomp|56/100
|-crit|p2b: Garchomp
|-damage|p2b: Garchomp|35/100
|-hitcount|p2b: Garchomp|2
|move|p1a: Sylveon|Hyper Voice|p2a: Whimsicott|[spread] p2a,p2b
|-supereffective|p2b: Garchomp|1
|-enditem|p2b: Garchomp|Roseli Berry|[eat]
|-enditem|p2b: Garchomp|Roseli Berry|[weaken]
|-damage|p2a: Whimsicott|23/100
|-damage|p2b: Garchomp|0 fnt
|faint|p2b: Garchomp
|move|p2a: Whimsicott|Moonblast|p1a: Sylveon
|-damage|p1a: Sylveon|38/100
|
|-weather|SunnyDay|[upkeep]
|upkeep
|
|t:|1782388358
|switch|p2b: Floette|Floette-Eternal, L50, F|100/100
|turn|4
|
|t:|1782388370
|move|p2a: Whimsicott|Protect|p2a: Whimsicott
|-singleturn|p2a: Whimsicott|Protect
|move|p1b: Farigiraf|Twin Beam|p2a: Whimsicott
|-activate|p2a: Whimsicott|move: Protect
|move|p1a: Sylveon|Hyper Voice|p2a: Whimsicott|[spread] p2b
|-activate|p2a: Whimsicott|move: Protect
|-damage|p2b: Floette|60/100
|move|p2b: Floette|Moonblast|p1a: Sylveon
|-damage|p1a: Sylveon|0 fnt
|faint|p1a: Sylveon
|
|-weather|SunnyDay|[upkeep]
|upkeep
|
|t:|1782388376
|switch|p1a: Charizard|Charizard-Mega-Y, L50, M|100/100
|turn|5
|
|t:|1782388390
|move|p2b: Floette|Protect|p2b: Floette
|-singleturn|p2b: Floette|Protect
|move|p2a: Whimsicott|Tailwind|p2a: Whimsicott
|-sidestart|p2: Iceman5687|move: Tailwind
|move|p1b: Farigiraf|Twin Beam|p2b: Floette
|-activate|p2b: Floette|move: Protect
|move|p1a: Charizard|Heat Wave|p2a: Whimsicott|[spread] 
|-activate|p2b: Floette|move: Protect
|-miss|p1a: Charizard|p2a: Whimsicott
|
|-weather|none
|-fieldend|move: Trick Room
|upkeep
|turn|6
|
|t:|1782388411
|detailschange|p2b: Floette|Floette-Mega, L50, F
|-mega|p2b: Floette|Floette|Floettite
|-ability|p2b: Floette|Fairy Aura
|move|p2a: Whimsicott|Moonblast|p1b: Farigiraf
|-damage|p1b: Farigiraf|66/100
|move|p2b: Floette|Moonblast|p1b: Farigiraf
|-damage|p1b: Farigiraf|0 fnt
|faint|p1b: Farigiraf
|move|p1a: Charizard|Heat Wave|p2b: Floette|[spread] p2a,p2b
|-supereffective|p2a: Whimsicott|1
|-damage|p2a: Whimsicott|0 fnt
|-damage|p2b: Floette|23/100
|faint|p2a: Whimsicott
|
|upkeep
|
|t:|1782388420
|switch|p2a: Basculegion|Basculegion, L50, M|100/100
|switch|p1b: Garchomp|Garchomp, L50, F|100/100
|turn|7
|
|t:|1782388433
|move|p1b: Garchomp|Protect|p1b: Garchomp
|-singleturn|p1b: Garchomp|Protect
|move|p1a: Charizard|Protect|p1a: Charizard
|-singleturn|p1a: Charizard|Protect
|move|p2b: Floette|Moonblast|p1b: Garchomp
|-activate|p1b: Garchomp|move: Protect
|move|p2a: Basculegion|Last Respects|p1a: Charizard
|-activate|p1a: Charizard|move: Protect
|
|upkeep
|turn|8
|
|t:|1782388449
|move|p1b: Garchomp|Protect||[still]
|-fail|p1b: Garchomp
|move|p1a: Charizard|Protect|p1a: Charizard
|-singleturn|p1a: Charizard|Protect
|move|p2b: Floette|Moonblast|p1b: Garchomp
|-supereffective|p1b: Garchomp|1
|-damage|p1b: Garchomp|0 fnt
|faint|p1b: Garchomp
|move|p2a: Basculegion|Last Respects|p1a: Charizard
|-activate|p1a: Charizard|move: Protect
|
|-sideend|p2: Iceman5687|move: Tailwind
|upkeep
|turn|9
|-message|Kunikamaze forfeited.
|
|win|Iceman5687
