|j|☆rurik2
|j|☆pignetos
|html|rurik2pignetos    
|uhtml|bestof|Game 1 of a best-of-3
|t:|1783266322
|gametype|doubles
|player|p1|rurik2|hugh|1102
|player|p2|pignetos|169|1188
|gen|9
|tier|[Gen 9 Champions] VGC 2026 Reg M-B (Bo3)
|rated|
|rule|Species Clause: Limit one of each Pokémon
|rule|Item Clause: Limit 1 of each item
|clearpoke
|poke|p1|Farigiraf, L50, F|
|poke|p1|Gallade, L50, M|
|poke|p1|Torkoal, L50, M|
|poke|p1|Hatterene, L50, F|
|poke|p1|Blastoise, L50, F|
|poke|p1|Tinkaton, L50, F|
|poke|p2|Charizard, L50, M|
|poke|p2|Whimsicott, L50, F|
|poke|p2|Farigiraf, L50, M|
|poke|p2|Metagross, L50|
|poke|p2|Sylveon, L50, F|
|poke|p2|Garchomp, L50, F|
|teampreview|4
|showteam|p1|Farigiraf||ColburBerry|ArmorTail|ExpandingForce,TrickRoom,PsychicTerrain,Protect|Sassy||F|||50|]Gallade||FocusSash|Sharpness|PsychoCut,SacredSword,TrickRoom,WideGuard|Brave||M|||50|]Torkoal||Charcoal|Drought|Eruption,WeatherBall,EarthPower,Protect|Quiet||M|||50|]Hatterene||LifeOrb|MagicBounce|DazzlingGleam,ExpandingForce,TrickRoom,Protect|Quiet||F|||50|]Blastoise||Blastoisinite|RainDish|FakeOut,DarkPulse,WaterSpout,AuraSphere|Quiet||F|||50|]Tinkaton||OccaBerry|MoldBreaker|FakeOut,GigatonHammer,KnockOff,Protect|Brave||F|||50|
|showteam|p2|Charizard||CharizarditeY|Blaze|HeatWave,SolarBeam,WeatherBall,Protect|Modest||M|||50|]Whimsicott||FocusSash|Prankster|Moonblast,Encore,GrassKnot,Tailwind|Timid||F|||50|]Farigiraf||SitrusBerry|ArmorTail|Psychic,Thunderbolt,TrickRoom,HelpingHand|Quiet||M|||50|]Metagross||Metagrossite|ClearBody|PsychicFangs,IcePunch,BulletPunch,Protect|Adamant|||||50|]Sylveon||FairyFeather|Pixilate|Protect,QuickAttack,HyperVoice,HyperBeam|Modest||F|||50|]Garchomp||LifeOrb|RoughSkin|Protect,RockSlide,DragonClaw,Earthquake|Jolly||F|||50|
|inactive|Battle timer is ON: inactive players will automatically lose when time's up. (requested by pignetos)
|inactive|rurik2 has 60 seconds left.
|inactive|pignetos has 60 seconds left.
|
|t:|1783266372
|teamsize|p1|4
|teamsize|p2|4
|start
|switch|p1a: Farigiraf|Farigiraf, L50, F|100/100
|switch|p1b: Gallade|Gallade, L50, M|100/100
|switch|p2a: Farigiraf|Farigiraf, L50, M|100/100
|switch|p2b: Whimsicott|Whimsicott, L50, F|100/100
|turn|1
|inactive|pignetos has 30 seconds left.
|
|t:|1783266400
|move|p2b: Whimsicott|Moonblast|p1b: Gallade
|-supereffective|p1b: Gallade|1
|-damage|p1b: Gallade|34/100
|-unboost|p1b: Gallade|spa|1
|move|p1b: Gallade|Sacred Sword|p2a: Farigiraf
|-damage|p2a: Farigiraf|24/100
|-enditem|p2a: Farigiraf|Sitrus Berry|[eat]
|-heal|p2a: Farigiraf|49/100|[from] item: Sitrus Berry
|move|p2a: Farigiraf|Psychic|p1b: Gallade
|-damage|p1b: Gallade|0 fnt
|faint|p1b: Gallade
|move|p1a: Farigiraf|Psychic Terrain|p1a: Farigiraf
|-fieldstart|move: Psychic Terrain
|
|upkeep
|
|t:|1783266415
|switch|p1b: Hatterene|Hatterene, L50, F|100/100
|turn|2
|inactive|pignetos has 30 seconds left.
|
|t:|1783266448
|switch|p2a: Metagross|Metagross, L50|100/100
|move|p2b: Whimsicott|Moonblast|p1b: Hatterene
|-damage|p1b: Hatterene|64/100
|move|p1b: Hatterene|Expanding Force|p2a: Metagross|[spread] p2a,p2b
|-resisted|p2a: Metagross|2
|-damage|p2a: Metagross|79/100
|-enditem|p2b: Whimsicott|Focus Sash
|-damage|p2b: Whimsicott|1/100
|-damage|p1b: Hatterene|54/100|[from] item: Life Orb
|move|p1a: Farigiraf|Trick Room|p1a: Farigiraf
|-fieldstart|move: Trick Room|[of] p1a: Farigiraf
|
|upkeep
|turn|3
|inactive|pignetos has 30 seconds left.
|inactive|rurik2 has 30 seconds left.
|
|t:|1783266484
|switch|p1a: Torkoal|Torkoal, L50, M|100/100
|-weather|SunnyDay|[from] ability: Drought|[of] p1a: Torkoal
|detailschange|p2a: Metagross|Metagross-Mega, L50
|-mega|p2a: Metagross|Metagross|Metagrossite
|move|p1b: Hatterene|Expanding Force|p2a: Metagross|[spread] p2a,p2b
|-resisted|p2a: Metagross|2
|-damage|p2a: Metagross|59/100
|-damage|p2b: Whimsicott|0 fnt
|faint|p2b: Whimsicott
|-damage|p1b: Hatterene|45/100|[from] item: Life Orb
|move|p2a: Metagross|Psychic Fangs|p1b: Hatterene
|-resisted|p1b: Hatterene|1
|-damage|p1b: Hatterene|0 fnt
|faint|p1b: Hatterene
|
|-weather|SunnyDay|[upkeep]
|upkeep
|
|t:|1783266501
|switch|p1b: Farigiraf|Farigiraf, L50, F|100/100
|switch|p2b: Sylveon|Sylveon, L50, F|100/100
|turn|4
|
|t:|1783266510
|move|p2a: Metagross|Protect|p2a: Metagross
|-singleturn|p2a: Metagross|Protect
|move|p1a: Torkoal|Eruption|p2b: Sylveon|[spread] p2b
|-activate|p2a: Metagross|move: Protect
|-damage|p2b: Sylveon|32/100
|move|p1b: Farigiraf|Expanding Force|p2a: Metagross|[spread] p2b
|-activate|p2a: Metagross|move: Protect
|-damage|p2b: Sylveon|0 fnt
|faint|p2b: Sylveon
|
|-weather|SunnyDay|[upkeep]
|upkeep
|
|t:|1783266521
|switch|p2b: Farigiraf|Farigiraf, L50, M|49/100
|turn|5
|
|t:|1783266531
|move|p1a: Torkoal|Eruption|p2a: Metagross|[spread] p2a,p2b
|-supereffective|p2a: Metagross|1
|-crit|p2b: Farigiraf
|-damage|p2a: Metagross|0 fnt
|-damage|p2b: Farigiraf|0 fnt
|faint|p2a: Metagross
|faint|p2b: Farigiraf
|
|win|rurik2
