|j|☆Graavi
|j|☆Eduard738838
|html|GraaviEduard738838    
|uhtml|bestof|Game 2 of a best-of-3
|t:|1783264688
|gametype|doubles
|player|p1|Graavi|102|1000
|player|p2|Eduard738838|1|1000
|gen|9
|tier|[Gen 9 Champions] VGC 2026 Reg M-B (Bo3)
|rated|
|rule|Species Clause: Limit one of each Pokémon
|rule|Item Clause: Limit 1 of each item
|clearpoke
|poke|p1|Vivillon, L50, M|
|poke|p1|Incineroar, L50, F|
|poke|p1|Gardevoir, L50, F|
|poke|p1|Tsareena, L50, F|
|poke|p1|Lucario, L50, F|
|poke|p1|Arcanine-Hisui, L50, M|
|poke|p2|Delphox, L50, F, shiny|
|poke|p2|Blastoise, L50, F, shiny|
|poke|p2|Incineroar, L50, F, shiny|
|poke|p2|Sinistcha, L50, shiny|
|poke|p2|Sneasler, L50, M, shiny|
|poke|p2|Kingambit, L50, M, shiny|
|teampreview|4
|showteam|p1|Vivillon||FocusSash|FriendGuard|Tailwind,RagePowder,PollenPuff,Protect|Modest||M|||50|]Incineroar||IronBall|Intimidate|FakeOut,PartingShot,DarkestLariat,Taunt|Brave||F|||50|]Gardevoir||Gardevoirite|Trace|HyperVoice,Protect,Psyshock,Psychic|Modest||F|||50|]Tsareena||WideLens|QueenlyMajesty|HighJumpKick,TripleAxel,Protect,PowerWhip|Adamant||F|||50|]Lucario||Lucarionite|InnerFocus|CloseCombat,Earthquake,Crunch,Protect|Jolly||F|||50|]Arcanine-Hisui||Leftovers|Intimidate|RockSlide,FlareBlitz,ExtremeSpeed,Protect|Jolly||M|||50|
|showteam|p2|Delphox||Delphoxite|Blaze|Protect,Psyshock,HeatWave,NastyPlot|Timid||F|||50|]Blastoise||Blastoisinite|RainDish|Protect,ShellSmash,WaterSpout,DarkPulse|Modest||F|||50|]Incineroar||SitrusBerry|Blaze|FakeOut,FlareBlitz,ThroatChop,PartingShot|Impish||F|||50|]Sinistcha||OccaBerry|Hospitality|Protect,MatchaGotcha,RagePowder,TrickRoom|Bold|||||50|]Sneasler||FocusSash|Pressure|FakeOut,DireClaw,QuickGuard,CloseCombat|Jolly||M|||50|]Kingambit||BlackGlasses|Defiant|Protect,KowtowCleave,SuckerPunch,SwordsDance|Brave||M|||50|
|
|t:|1783264716
|teamsize|p1|4
|teamsize|p2|4
|start
|switch|p1a: Vivillon|Vivillon, L50, M|100/100
|switch|p1b: Incineroar|Incineroar, L50, F|100/100
|switch|p2a: Blastoise|Blastoise, L50, F, shiny|100/100
|switch|p2b: Sinistcha|Sinistcha, L50, shiny|100/100
|-ability|p1b: Incineroar|Intimidate|boost
|-unboost|p2a: Blastoise|atk|1
|-unboost|p2b: Sinistcha|atk|1
|turn|1
|
|t:|1783264733
|detailschange|p2a: Blastoise|Blastoise-Mega, L50, F, shiny
|-mega|p2a: Blastoise|Blastoise|Blastoisinite
|move|p2a: Blastoise|Protect|p2a: Blastoise
|-singleturn|p2a: Blastoise|Protect
|move|p1b: Incineroar|Fake Out|p2a: Blastoise
|-activate|p2a: Blastoise|move: Protect
|move|p1a: Vivillon|Tailwind|p1a: Vivillon
|-sidestart|p1: Graavi|move: Tailwind
|move|p2b: Sinistcha|Trick Room|p2b: Sinistcha
|-fieldstart|move: Trick Room|[of] p2b: Sinistcha
|
|upkeep
|turn|2
|
|t:|1783264753
|move|p1a: Vivillon|Protect|p1a: Vivillon
|-singleturn|p1a: Vivillon|Protect
|move|p1b: Incineroar|Darkest Lariat|p2b: Sinistcha
|-supereffective|p2b: Sinistcha|1
|-damage|p2b: Sinistcha|42/100
|move|p2b: Sinistcha|Matcha Gotcha|p1b: Incineroar|[spread] p1b
|-activate|p1a: Vivillon|move: Protect
|-resisted|p1b: Incineroar|1
|-damage|p1b: Incineroar|93/100
|-heal|p2b: Sinistcha|46/100|[from] drain|[of] p1b: Incineroar
|move|p2a: Blastoise|Water Spout|p1b: Incineroar|[spread] p1b
|-activate|p1a: Vivillon|move: Protect
|-supereffective|p1b: Incineroar|1
|-damage|p1b: Incineroar|12/100
|
|upkeep
|turn|3
|
|t:|1783264774
|move|p2a: Blastoise|Protect|p2a: Blastoise
|-singleturn|p2a: Blastoise|Protect
|move|p2b: Sinistcha|Rage Powder|p2b: Sinistcha
|-singleturn|p2b: Sinistcha|move: Rage Powder
|move|p1b: Incineroar|Darkest Lariat|p2b: Sinistcha
|-supereffective|p2b: Sinistcha|1
|-damage|p2b: Sinistcha|0 fnt
|faint|p2b: Sinistcha
|move|p1a: Vivillon|Pollen Puff|p1b: Incineroar
|-heal|p1b: Incineroar|62/100
|
|upkeep
|
|t:|1783264779
|switch|p2b: Incineroar|Incineroar, L50, F, shiny|100/100
|turn|4
|
|t:|1783264819
|move|p1a: Vivillon|Protect|p1a: Vivillon
|-singleturn|p1a: Vivillon|Protect
|move|p2b: Incineroar|Fake Out|p1b: Incineroar
|-damage|p1b: Incineroar|55/100
|cant|p1b: Incineroar|flinch
|move|p2a: Blastoise|Shell Smash|p2a: Blastoise
|-unboost|p2a: Blastoise|def|1
|-unboost|p2a: Blastoise|spd|1
|-boost|p2a: Blastoise|atk|2
|-boost|p2a: Blastoise|spa|2
|-boost|p2a: Blastoise|spe|2
|
|-sideend|p1: Graavi|move: Tailwind
|upkeep
|turn|5
|
|t:|1783264852
|move|p2a: Blastoise|Protect|p2a: Blastoise
|-singleturn|p2a: Blastoise|Protect
|move|p1b: Incineroar|Parting Shot|p2a: Blastoise
|-activate|p2a: Blastoise|move: Protect
|move|p2b: Incineroar|Flare Blitz|p1a: Vivillon
|-supereffective|p1a: Vivillon|1
|-enditem|p1a: Vivillon|Focus Sash
|-damage|p1a: Vivillon|1/100
|-damage|p2b: Incineroar|69/100|[from] Recoil
|move|p1a: Vivillon|Pollen Puff|p2a: Blastoise
|-activate|p2a: Blastoise|move: Protect
|
|-fieldend|move: Trick Room
|upkeep
|turn|6
|
|t:|1783264870
|move|p2a: Blastoise|Water Spout|p1a: Vivillon|[spread] p1a,p1b
|-supereffective|p1b: Incineroar|1
|-damage|p1a: Vivillon|0 fnt
|-damage|p1b: Incineroar|0 fnt
|faint|p1a: Vivillon
|faint|p1b: Incineroar
|move|p2b: Incineroar|Flare Blitz|p1: Vivillon|[notarget]
|-fail|p2b: Incineroar
|
|upkeep
|
|t:|1783264880
|switch|p1a: Gardevoir|Gardevoir, L50, F|100/100
|switch|p1b: Tsareena|Tsareena, L50, F|100/100
|-ability|p1a: Gardevoir|Mega Launcher|Trace|[from] ability: Trace|[of] p2a: Blastoise
|turn|7
|
|t:|1783264895
|detailschange|p1a: Gardevoir|Gardevoir-Mega, L50, F
|-mega|p1a: Gardevoir|Gardevoir|Gardevoirite
|move|p2a: Blastoise|Water Spout|p1b: Tsareena|[spread] p1a,p1b
|-resisted|p1b: Tsareena|1
|-crit|p1b: Tsareena
|-damage|p1a: Gardevoir|0 fnt
|-damage|p1b: Tsareena|0 fnt
|faint|p1a: Gardevoir
|faint|p1b: Tsareena
|
|win|Eduard738838
||Eduard738838 is ready for game 3.
||Graavi is ready for game 3.
|uhtml|next|Next: Game 3 of 3
