|j|☆ChebyshevSG
|j|☆panijc
|html|ChebyshevSGpanijc    
|uhtml|bestof|Game 1 of a best-of-3
|t:|1785810432
|gametype|doubles
|player|p1|ChebyshevSG|cynthia-gen4|1194
|player|p2|panijc|266|1146
|gen|9
|tier|[Gen 9 Champions] VGC 2026 Reg M-B (Bo3)
|rated|
|rule|Species Clause: Limit one of each Pokémon
|rule|Item Clause: Limit 1 of each item
|clearpoke
|poke|p1|Gengar, L50, M|
|poke|p1|Archaludon, L50, M|
|poke|p1|Politoed, L50, F|
|poke|p1|Swampert, L50, F|
|poke|p1|Vivillon, L50, F|
|poke|p1|Incineroar, L50, F|
|poke|p2|Raichu, L50, M|
|poke|p2|Mamoswine, L50, M|
|poke|p2|Sylveon, L50, F|
|poke|p2|Incineroar, L50, F|
|poke|p2|Basculegion, L50, M|
|poke|p2|Whimsicott, L50, M|
|teampreview|4
|showteam|p1|Gengar||Gengarite|CursedBody|ShadowBall,SludgeBomb,PerishSong,Protect|Modest||M|||50|]Archaludon||Leftovers|Stamina|ElectroShot,DragonPulse,FlashCannon,Protect|Bold||M|||50|]Politoed||SitrusBerry|Drizzle|WeatherBall,Hypnosis,PerishSong,Protect|Calm||F|||50|]Swampert||Swampertite|Torrent|WaveCrash,Earthquake,IcePunch,Protect|Adamant||F|||50|]Vivillon||FocusSash|CompoundEyes|Hurricane,SleepPowder,RagePowder,Protect|Timid||F|||50|]Incineroar||PasshoBerry|Intimidate|ThroatChop,FakeOut,PartingShot,Protect|Impish||F|||50|
|showteam|p2|Raichu||RaichuniteY|LightningRod|ZapCannon,FocusBlast,FakeOut,Protect|Timid||M|||50|]Mamoswine||LifeOrb|Oblivious|IcicleCrash,HighHorsepower,IceShard,Protect|Adamant||M|||50|]Sylveon||FairyFeather|Pixilate|HyperVoice,HyperBeam,Detect,Yawn|Modest||F|||50|]Incineroar||SitrusBerry|Intimidate|ThroatChop,FlareBlitz,FakeOut,PartingShot|Impish||F|||50|]Basculegion||MysticWater|Adaptability|WaveCrash,LastRespects,AquaJet,Protect|Adamant||M|||50|]Whimsicott||FocusSash|Prankster|Moonblast,Tailwind,Protect,Encore|Timid||M|||50|
|inactive|Battle timer is ON: inactive players will automatically lose when time's up. (requested by ChebyshevSG)
|inactive|ChebyshevSG has 60 seconds left.
|inactive|panijc has 60 seconds left.
|
|t:|1785810492
|teamsize|p1|4
|teamsize|p2|4
|start
|switch|p1a: Gengar|Gengar, L50, M|100/100
|switch|p1b: Incineroar|Incineroar, L50, F|100/100
|switch|p2a: Raichu|Raichu, L50, M|100/100
|switch|p2b: Incineroar|Incineroar, L50, F|100/100
|-ability|p2b: Incineroar|Intimidate|boost
|-unboost|p1a: Gengar|atk|1
|-unboost|p1b: Incineroar|atk|1
|-ability|p1b: Incineroar|Intimidate|boost
|-unboost|p2a: Raichu|atk|1
|-unboost|p2b: Incineroar|atk|1
|turn|1
|
|t:|1785810514
|switch|p1a: Archaludon|Archaludon, L50, M|100/100
|detailschange|p2a: Raichu|Raichu-Mega-Y, L50, M
|-mega|p2a: Raichu|Raichu|Raichunite Y
|move|p2a: Raichu|Fake Out|p1b: Incineroar
|-damage|p1b: Incineroar|95/100
|move|p2b: Incineroar|Throat Chop|p1a: Archaludon
|-damage|p1a: Archaludon|84/100
|-start|p1a: Archaludon|Throat Chop|[silent]
|-ability|p1a: Archaludon|Stamina|boost
|-boost|p1a: Archaludon|def|1
|cant|p1b: Incineroar|flinch
|
|-heal|p1a: Archaludon|90/100|[from] item: Leftovers
|upkeep
|turn|2
|
|t:|1785810534
|move|p1a: Archaludon|Protect|p1a: Archaludon
|-singleturn|p1a: Archaludon|Protect
|move|p2a: Raichu|Focus Blast|p1a: Archaludon
|-activate|p1a: Archaludon|move: Protect
|move|p2b: Incineroar|Parting Shot|p1b: Incineroar
|-unboost|p1b: Incineroar|atk|1
|-unboost|p1b: Incineroar|spa|1
|
|t:|1785810542
|switch|p2b: Mamoswine|Mamoswine, L50, M|100/100|[from] Parting Shot
|move|p1b: Incineroar|Parting Shot|p2a: Raichu
|-unboost|p2a: Raichu|atk|1
|-unboost|p2a: Raichu|spa|1
|
|t:|1785810549
|switch|p1b: Gengar|Gengar, L50, M|100/100|[from] Parting Shot
|
|-heal|p1a: Archaludon|96/100|[from] item: Leftovers
|-end|p1a: Archaludon|Throat Chop|[silent]
|upkeep
|turn|3
|
|t:|1785810562
|switch|p1a: Incineroar|Incineroar, L50, F|95/100
|-ability|p1a: Incineroar|Intimidate|boost
|-unboost|p2a: Raichu|atk|1
|-fail|p2b: Mamoswine|unboost|Attack|[from] ability: Oblivious|[of] p2b: Mamoswine
|detailschange|p1b: Gengar|Gengar-Mega, L50, M
|-mega|p1b: Gengar|Gengar|Gengarite
|move|p2a: Raichu|Zap Cannon|p1b: Gengar
|-damage|p1b: Gengar|58/100
|-status|p1b: Gengar|par
|move|p2b: Mamoswine|High Horsepower|p1a: Incineroar
|-supereffective|p1a: Incineroar|1
|-damage|p1a: Incineroar|0 fnt
|faint|p1a: Incineroar
|-damage|p2b: Mamoswine|90/100|[from] item: Life Orb
|move|p1b: Gengar|Perish Song|p1b: Gengar
|-start|p1b: Gengar|perish3|[silent]
|-start|p2a: Raichu|perish3|[silent]
|-start|p2b: Mamoswine|perish3|[silent]
|-fieldactivate|move: Perish Song
|
|-start|p2a: Raichu|perish3
|-start|p2b: Mamoswine|perish3
|-start|p1b: Gengar|perish3
|upkeep
|
|t:|1785810576
|switch|p1a: Politoed|Politoed, L50, F|100/100
|-weather|RainDance|[from] ability: Drizzle|[of] p1a: Politoed
|turn|4
|
|t:|1785810590
|move|p1a: Politoed|Protect|p1a: Politoed
|-singleturn|p1a: Politoed|Protect
|move|p2a: Raichu|Zap Cannon|p1a: Politoed
|-activate|p1a: Politoed|move: Protect
|move|p2b: Mamoswine|High Horsepower|p1b: Gengar
|-supereffective|p1b: Gengar|1
|-damage|p1b: Gengar|0 fnt
|faint|p1b: Gengar
|-damage|p2b: Mamoswine|80/100|[from] item: Life Orb
|
|-weather|RainDance|[upkeep]
|-start|p2a: Raichu|perish2
|-start|p2b: Mamoswine|perish2
|upkeep
|
|t:|1785810598
|switch|p1b: Archaludon|Archaludon, L50, M|96/100
|turn|5
|
|t:|1785810612
|switch|p2a: Incineroar|Incineroar, L50, F|100/100
|-ability|p2a: Incineroar|Intimidate|boost
|-unboost|p1a: Politoed|atk|1
|-unboost|p1b: Archaludon|atk|1
|switch|p2b: Whimsicott|Whimsicott, L50, M|100/100
|move|p1b: Archaludon|Flash Cannon|p2b: Whimsicott
|-supereffective|p2b: Whimsicott|1
|-enditem|p2b: Whimsicott|Focus Sash
|-damage|p2b: Whimsicott|1/100
|move|p1a: Politoed|Hypnosis|p2a: Incineroar
|-status|p2a: Incineroar|slp|[from] move: Hypnosis
|
|-weather|RainDance|[upkeep]
|-heal|p1b: Archaludon|100/100|[from] item: Leftovers
|upkeep
|turn|6
|
|t:|1785810637
|move|p1a: Politoed|Protect|p1a: Politoed
|-singleturn|p1a: Politoed|Protect
|cant|p2a: Incineroar|slp
|move|p2b: Whimsicott|Tailwind|p2b: Whimsicott
|-sidestart|p2: panijc|move: Tailwind
|move|p1b: Archaludon|Flash Cannon|p2b: Whimsicott
|-supereffective|p2b: Whimsicott|1
|-damage|p2b: Whimsicott|0 fnt
|faint|p2b: Whimsicott
|
|-weather|RainDance|[upkeep]
|upkeep
|
|t:|1785810647
|switch|p2b: Raichu|Raichu-Mega-Y, L50, M|100/100
|turn|7
|
|t:|1785810655
|move|p2b: Raichu|Zap Cannon|p1a: Politoed
|-supereffective|p1a: Politoed|1
|-damage|p1a: Politoed|0 fnt
|faint|p1a: Politoed
|cant|p2a: Incineroar|slp
|move|p1b: Archaludon|Dragon Pulse|p2b: Raichu
|-damage|p2b: Raichu|47/100
|
|-weather|RainDance|[upkeep]
|upkeep
|turn|8
|
|t:|1785810668
|move|p2b: Raichu|Focus Blast|p1b: Archaludon
|-supereffective|p1b: Archaludon|1
|-damage|p1b: Archaludon|19/100
|-ability|p1b: Archaludon|Stamina|boost
|-boost|p1b: Archaludon|def|1
|-curestatus|p2a: Incineroar|slp|[msg]
|move|p2a: Incineroar|Parting Shot|p1b: Archaludon
|-unboost|p1b: Archaludon|atk|1
|-unboost|p1b: Archaludon|spa|1
|-message|ChebyshevSG forfeited.
|
|win|panijc
|l|☆ChebyshevSG
|player|p1|
||panijc is ready for game 2.
||ChebyshevSG is ready for game 2.
|uhtml|next|Next: Game 2 of 3
