|j|☆tbpgerard
|j|☆ScotNoah
|html|tbpgerardScotNoah    
|uhtml|bestof|Game 3 of a best-of-3
|t:|1757801991
|gametype|doubles
|player|p1|tbpgerard|guitarist|1140
|player|p2|ScotNoah|hilbert|1045
|gen|9
|tier|[Gen 9] VGC 2025 Reg H (Bo3)
|rated|
|rule|Species Clause: Limit one of each Pokémon
|rule|Item Clause: Limit 1 of each item
|clearpoke
|poke|p1|Indeedee-F, L50, F|
|poke|p1|Hatterene, L50, F|
|poke|p1|Gallade, L50, M|
|poke|p1|Ursaluna, L50, M|
|poke|p1|Lilligant-Hisui, L50, F|
|poke|p1|Torkoal, L50, M|
|poke|p2|Archaludon, L50, F|
|poke|p2|Basculegion, L50, M|
|poke|p2|Pelipper, L50, M|
|poke|p2|Amoonguss, L50, F|
|poke|p2|Primarina, L50, M|
|poke|p2|Ursaluna, L50, F|
|teampreview|4
|showteam|p1|Indeedee-F||SafetyGoggles|PsychicSurge|DazzlingGleam,FollowMe,HelpingHand,TrickRoom|||F|||50|,,,,,Fairy]Hatterene||LifeOrb|MagicBounce|ExpandingForce,DazzlingGleam,Protect,TrickRoom|||F|||50|,,,,,Water]Gallade||ClearAmulet|Sharpness|SacredSword,PsychoCut,WideGuard,TrickRoom|||M|||50|,,,,,Grass]Ursaluna||FlameOrb|Guts|Facade,HeadlongRush,Substitute,Protect|||M|||50|,,,,,Ghost]Lilligant-Hisui||FocusSash|Chlorophyll|CloseCombat,LeafBlade,SleepPowder,AfterYou|||F|||50|,,,,,Ghost]Torkoal||ChoiceSpecs|Drought|Eruption,HeatWave,Flamethrower,ClearSmog|||M|||50|,,,,,Fire
|showteam|p2|Archaludon||AssaultVest|Stamina|ElectroShot,DracoMeteor,FlashCannon,BodyPress|||F|||50|,,,,,Electric]Basculegion||ClearAmulet|SwiftSwim|WaveCrash,PsychicFangs,FlipTurn,LastRespects|||M|||50|,,,,,Water]Pelipper||FocusSash|Drizzle|WeatherBall,Tailwind,Hurricane,Protect|||M|||50|,,,,,Ghost]Amoonguss||SitrusBerry|Regenerator|Spore,RagePowder,PollenPuff,SludgeBomb|||F|||50|,,,,,Water]Primarina||LifeOrb|LiquidVoice|HyperVoice,Moonblast,ShadowBall,Protect|||M|||50|,,,,,Poison]Ursaluna||FlameOrb|Guts|Facade,HeadlongRush,Earthquake,Protect|||F|||50|,,,,,Ghost
|
|t:|1757802001
|teamsize|p1|4
|teamsize|p2|4
|start
|switch|p1a: labubu|Indeedee-F, L50, F|100/100
|switch|p1b: clairo|Hatterene, L50, F, shiny|100/100
|switch|p2a: Ursaluna|Ursaluna, L50, F|100/100
|switch|p2b: Pelipper|Pelipper, L50, M|100/100
|-weather|RainDance|[from] ability: Drizzle|[of] p2b: Pelipper
|-fieldstart|move: Psychic Terrain|[from] ability: Psychic Surge|[of] p1a: labubu
|turn|1
|
|t:|1757802047
|move|p1a: labubu|Follow Me|p1a: labubu
|-singleturn|p1a: labubu|move: Follow Me
|move|p2b: Pelipper|Weather Ball|p1a: labubu
|-damage|p1a: labubu|53/100
|move|p2a: Ursaluna|Earthquake|p1a: labubu|[spread] p1a,p1b
|-immune|p2b: Pelipper
|-damage|p1a: labubu|14/100
|-damage|p1b: clairo|46/100
|move|p1b: clairo|Trick Room|p1b: clairo
|-fieldstart|move: Trick Room|[of] p1b: clairo
|
|-weather|RainDance|[upkeep]
|-status|p2a: Ursaluna|brn|[from] item: Flame Orb
|upkeep
|turn|2
|
|t:|1757802080
|move|p1a: labubu|Helping Hand|p1b: clairo
|-singleturn|p1b: clairo|Helping Hand|[of] p1a: labubu
|move|p2b: Pelipper|Protect|p2b: Pelipper
|-singleturn|p2b: Pelipper|Protect
|move|p1b: clairo|Expanding Force|p2a: Ursaluna|[spread] p2a
|-activate|p2b: Pelipper|move: Protect
|-damage|p2a: Ursaluna|0 fnt
|faint|p2a: Ursaluna
|-damage|p1b: clairo|36/100|[from] item: Life Orb
|
|-weather|RainDance|[upkeep]
|upkeep
|
|t:|1757802096
|switch|p2a: Primarina|Primarina, L50, M|100/100
|turn|3
|
|t:|1757802137
|move|p1a: labubu|Helping Hand|p1b: clairo
|-singleturn|p1b: clairo|Helping Hand|[of] p1a: labubu
|move|p1b: clairo|Expanding Force|p2a: Primarina|[spread] p2a,p2b
|-damage|p2a: Primarina|0 fnt
|-enditem|p2b: Pelipper|Focus Sash
|-damage|p2b: Pelipper|1/100
|faint|p2a: Primarina
|-damage|p1b: clairo|27/100|[from] item: Life Orb
|move|p2b: Pelipper|Weather Ball|p1b: clairo
|-damage|p1b: clairo|0 fnt
|faint|p1b: clairo
|
|-weather|RainDance|[upkeep]
|upkeep
|
|t:|1757802153
|switch|p1b: fem lit|Torkoal, L50, M|100/100
|switch|p2a: Amoonguss|Amoonguss, L50, F|100/100
|-weather|SunnyDay|[from] ability: Drought|[of] p1b: fem lit
|turn|4
|
|t:|1757802197
|-terastallize|p1b: fem lit|Fire
|-terastallize|p2a: Amoonguss|Water
|move|p2b: Pelipper|Protect|p2b: Pelipper
|-singleturn|p2b: Pelipper|Protect
|move|p2a: Amoonguss|Rage Powder|p2a: Amoonguss
|-singleturn|p2a: Amoonguss|move: Rage Powder
|move|p1a: labubu|Follow Me|p1a: labubu
|-singleturn|p1a: labubu|move: Follow Me
|move|p1b: fem lit|Eruption|p2a: Amoonguss|[spread] p2a
|-activate|p2b: Pelipper|move: Protect
|-resisted|p2a: Amoonguss
|-damage|p2a: Amoonguss|41/100
|-enditem|p2a: Amoonguss|Sitrus Berry|[eat]
|-heal|p2a: Amoonguss|66/100|[from] item: Sitrus Berry
|
|-weather|SunnyDay|[upkeep]
|upkeep
|turn|5
|
|t:|1757802224
|move|p1b: fem lit|Eruption|p2a: Amoonguss|[spread] p2a,p2b
|-resisted|p2a: Amoonguss
|-resisted|p2b: Pelipper
|-damage|p2a: Amoonguss|5/100
|-damage|p2b: Pelipper|0 fnt
|faint|p2b: Pelipper
|move|p2a: Amoonguss|Spore|p1b: fem lit
|-status|p1b: fem lit|slp|[from] move: Spore
|move|p1a: labubu|Dazzling Gleam|p2a: Amoonguss
|-damage|p2a: Amoonguss|0 fnt
|faint|p2a: Amoonguss
|
|win|tbpgerard
|raw|tbpgerard's rating: 1140 → 1158(+18 for winning)
|raw|ScotNoah's rating: 1045 → 1033(-12 for losing)
|l|☆ScotNoah
|player|p2|
