|j|☆TheParasectKing
|j|☆BreloomB01
|html|TheParasectKingBreloomB01    
|uhtml|bestof|Game 3 of a best-of-3
|t:|1754490035
|gametype|doubles
|player|p1|TheParasectKing|acetrainer-gen4dp|1148
|player|p2|BreloomB01|266|1215
|gen|9
|tier|[Gen 9] VGC 2025 Reg H (Bo3)
|rated|
|rule|Species Clause: Limit one of each Pokémon
|rule|Item Clause: Limit 1 of each item
|clearpoke
|poke|p1|Amoonguss, L50, M|
|poke|p1|Dragonite, L50, F|
|poke|p1|Incineroar, L50, F|
|poke|p1|Tyranitar, L50, M|
|poke|p1|Garchomp, L50, M|
|poke|p1|Porygon2, L50|
|poke|p2|Amoonguss, L50, F|
|poke|p2|Pelipper, L50, M|
|poke|p2|Archaludon, L50, F|
|poke|p2|Basculegion, L50, M|
|poke|p2|Gholdengo, L50|
|poke|p2|Weavile, L50, M|
|teampreview|4
|showteam|p1|Amoonguss||CovertCloak|Regenerator|Spore,RagePowder,PollenPuff,Protect|||M|||50|,,,,,Fairy]Dragonite||LoadedDice|InnerFocus|Haze,ScaleShot,Tailwind,ExtremeSpeed|||F|||50|,,,,,Fairy]Incineroar||SafetyGoggles|Intimidate|FakeOut,FlareBlitz,KnockOff,PartingShot|||F|||50|,,,,,Ghost]Tyranitar||AssaultVest|SandStream|RockSlide,KnockOff,LowKick,TeraBlast|||M|||50|,,,,,Flying]Garchomp||ClearAmulet|RoughSkin|Earthquake,DragonClaw,StompingTantrum,Protect|||M|||50|,,,,,Fire]Porygon2||Eviolite|Download|TeraBlast,IceBeam,TrickRoom,Recover||||||50|,,,,,Fighting
|showteam|p2|Amoonguss||RockyHelmet|Regenerator|PollenPuff,RagePowder,Spore,ClearSmog|||F|||50|,,,,,Ghost]Pelipper||CovertCloak|Drizzle|WeatherBall,Hurricane,Tailwind,Protect|||M|||50|,,,,,Grass]Archaludon||AssaultVest|Stamina|DragonPulse,ElectroShot,FlashCannon,BodyPress|||F|||50|,,,,,Bug]Basculegion||ChoiceScarf|Adaptability|WaveCrash,AquaJet,LastRespects,FlipTurn|||M|||50|,,,,,Grass]Gholdengo||MetalCoat|GoodasGold|MakeItRain,NastyPlot,ShadowBall,Protect||||||50|,,,,,Water]Weavile||FocusSash|Pickpocket|FakeOut,IceSpinner,KnockOff,Taunt|||M|||50|,,,,,Ghost
|inactive|Battle timer is ON: inactive players will automatically lose when time's up. (requested by TheParasectKing)
|inactive|TheParasectKing has 60 seconds left.
|inactive|BreloomB01 has 60 seconds left.
|
|t:|1754490068
|teamsize|p1|4
|teamsize|p2|4
|start
|switch|p1a: Amoonguss|Amoonguss, L50, M|100/100
|switch|p1b: Porygon2|Porygon2, L50|100/100
|switch|p2a: Weavile|Weavile, L50, M|100/100
|switch|p2b: Amoonguss|Amoonguss, L50, F|100/100
|-ability|p1b: Porygon2|Download|boost
|-boost|p1b: Porygon2|atk|1
|turn|1
|
|t:|1754490077
|move|p2a: Weavile|Taunt|p1a: Amoonguss
|-start|p1a: Amoonguss|move: Taunt
|move|p1b: Porygon2|Ice Beam|p2b: Amoonguss
|-supereffective|p2b: Amoonguss
|-damage|p2b: Amoonguss|62/100
|cant|p1a: Amoonguss|move: Taunt|Spore
|move|p2b: Amoonguss|Spore|p1b: Porygon2
|-status|p1b: Porygon2|slp|[from] move: Spore
|
|upkeep
|turn|2
|
|t:|1754490096
|switch|p1a: Incineroar|Incineroar, L50, F|100/100
|-ability|p1a: Incineroar|Intimidate|boost
|-unboost|p2a: Weavile|atk|1
|-unboost|p2b: Amoonguss|atk|1
|switch|p2b: Archaludon|Archaludon, L50, F|100/100
|move|p2a: Weavile|Knock Off|p1b: Porygon2
|-damage|p1b: Porygon2|82/100 slp
|-enditem|p1b: Porygon2|Eviolite|[from] move: Knock Off|[of] p2a: Weavile
|cant|p1b: Porygon2|slp
|
|upkeep
|turn|3
|
|t:|1754490115
|move|p2a: Weavile|Taunt|p1b: Porygon2
|-start|p1b: Porygon2|move: Taunt
|move|p2b: Archaludon|Dragon Pulse|p1a: Incineroar
|-damage|p1a: Incineroar|59/100
|move|p1a: Incineroar|Parting Shot|p2b: Archaludon
|-unboost|p2b: Archaludon|atk|1
|-unboost|p2b: Archaludon|spa|1
|
|t:|1754490120
|switch|p1a: Amoonguss|Amoonguss, L50, M|100/100|[from] Parting Shot
|cant|p1b: Porygon2|slp
|
|upkeep
|turn|4
|
|t:|1754490142
|switch|p2b: Pelipper|Pelipper, L50, M|100/100
|-weather|RainDance|[from] ability: Drizzle|[of] p2b: Pelipper
|switch|p1b: Incineroar|Incineroar, L50, F|59/100
|-ability|p1b: Incineroar|Intimidate|boost
|-unboost|p2a: Weavile|atk|1
|-unboost|p2b: Pelipper|atk|1
|move|p2a: Weavile|Taunt|p1a: Amoonguss
|-start|p1a: Amoonguss|move: Taunt
|move|p1a: Amoonguss|Pollen Puff|p2a: Weavile
|-supereffective|p2a: Weavile
|-damage|p2a: Weavile|47/100
|
|-weather|RainDance|[upkeep]
|upkeep
|turn|5
|
|t:|1754490162
|switch|p2a: Amoonguss|Amoonguss, L50, F|95/100
|switch|p1a: Tyranitar|Tyranitar, L50, M|100/100
|-weather|Sandstorm|[from] ability: Sand Stream|[of] p1a: Tyranitar
|move|p2b: Pelipper|Hurricane|p1a: Tyranitar|[miss]
|-miss|p2b: Pelipper|p1a: Tyranitar
|move|p1b: Incineroar|Flare Blitz|p2a: Amoonguss
|-supereffective|p2a: Amoonguss
|-damage|p2a: Amoonguss|10/100
|-damage|p1b: Incineroar|43/100|[from] item: Rocky Helmet|[of] p2a: Amoonguss
|-damage|p1b: Incineroar|11/100|[from] Recoil
|
|-weather|Sandstorm|[upkeep]
|-damage|p2b: Pelipper|94/100|[from] Sandstorm
|-damage|p2a: Amoonguss|5/100|[from] Sandstorm
|upkeep
|turn|6
|
|t:|1754490184
|switch|p1b: Porygon2|Porygon2, L50|82/100 slp
|-ability|p1b: Porygon2|Download|boost
|-boost|p1b: Porygon2|spa|1
|switch|p2a: Archaludon|Archaludon, L50, F|100/100
|move|p2b: Pelipper|Weather Ball|p1b: Porygon2
|-crit|p1b: Porygon2
|-damage|p1b: Porygon2|48/100 slp
|move|p1a: Tyranitar|Rock Slide|p2b: Pelipper|[spread] p2b
|-miss|p1a: Tyranitar|p2a: Archaludon
|-supereffective|p2b: Pelipper
|-damage|p2b: Pelipper|23/100
|
|-weather|Sandstorm|[upkeep]
|-damage|p2b: Pelipper|17/100|[from] Sandstorm
|-damage|p1b: Porygon2|42/100 slp|[from] Sandstorm
|upkeep
|turn|7
|inactive|TheParasectKing has 30 seconds left.
|inactive|TheParasectKing has 20 seconds left.
|inactive|TheParasectKing has 15 seconds left.
|inactive|TheParasectKing has 10 seconds left.
|inactive|TheParasectKing has 5 seconds left.
|
|t:|1754490234
|switch|p1a: Amoonguss|Amoonguss, L50, M|100/100
|move|p2b: Pelipper|Weather Ball|p2a: Archaludon
|-resisted|p2a: Archaludon
|-damage|p2a: Archaludon|91/100
|-ability|p2a: Archaludon|Stamina|boost
|-boost|p2a: Archaludon|def|1
|move|p2a: Archaludon|Body Press|p1b: Porygon2
|-supereffective|p1b: Porygon2
|-damage|p1b: Porygon2|0 fnt
|faint|p1b: Porygon2
|
|-weather|Sandstorm|[upkeep]
|-damage|p2b: Pelipper|11/100|[from] Sandstorm
|-damage|p1a: Amoonguss|94/100|[from] Sandstorm
|upkeep
|
|t:|1754490244
|switch|p1b: Incineroar|Incineroar, L50, F|11/100
|-ability|p1b: Incineroar|Intimidate|boost
|-unboost|p2a: Archaludon|atk|1
|-unboost|p2b: Pelipper|atk|1
|turn|8
|
|t:|1754490254
|switch|p2b: Amoonguss|Amoonguss, L50, F|38/100
|move|p1b: Incineroar|Fake Out|p2b: Amoonguss
|-damage|p2b: Amoonguss|27/100
|-damage|p1b: Incineroar|0 fnt|[from] item: Rocky Helmet|[of] p2b: Amoonguss
|faint|p1b: Incineroar
|move|p2a: Archaludon|Body Press|p1a: Amoonguss
|-resisted|p1a: Amoonguss
|-damage|p1a: Amoonguss|79/100
|move|p1a: Amoonguss|Spore|p2a: Archaludon
|-status|p2a: Archaludon|slp|[from] move: Spore
|
|-weather|Sandstorm|[upkeep]
|-damage|p1a: Amoonguss|73/100|[from] Sandstorm
|-damage|p2b: Amoonguss|21/100|[from] Sandstorm
|upkeep
|
|t:|1754490257
|switch|p1b: Tyranitar|Tyranitar, L50, M|100/100
|turn|9
|inactive|TheParasectKing has 30 seconds left.
|
|t:|1754490286
|switch|p2b: Pelipper|Pelipper, L50, M|11/100
|-weather|RainDance|[from] ability: Drizzle|[of] p2b: Pelipper
|cant|p2a: Archaludon|slp
|move|p1b: Tyranitar|Rock Slide|p2a: Archaludon|[spread] p2a,p2b
|-resisted|p2a: Archaludon
|-supereffective|p2b: Pelipper
|-damage|p2a: Archaludon|83/100 slp
|-damage|p2b: Pelipper|0 fnt
|-ability|p2a: Archaludon|Stamina|boost
|-boost|p2a: Archaludon|def|1
|faint|p2b: Pelipper
|move|p1a: Amoonguss|Spore|p2a: Archaludon
|-fail|p2a: Archaludon|slp
|
|-weather|RainDance|[upkeep]
|upkeep
|
|t:|1754490288
|switch|p2b: Weavile|Weavile, L50, M|47/100
|turn|10
|
|t:|1754490310
|move|p1a: Amoonguss|Protect|p1a: Amoonguss
|-singleturn|p1a: Amoonguss|Protect
|move|p2b: Weavile|Ice Spinner|p1a: Amoonguss
|-activate|p1a: Amoonguss|move: Protect
|cant|p2a: Archaludon|slp
|move|p1b: Tyranitar|Rock Slide|p2b: Weavile|[spread] p2a,p2b
|-resisted|p2a: Archaludon
|-supereffective|p2b: Weavile
|-damage|p2a: Archaludon|77/100 slp
|-damage|p2b: Weavile|0 fnt
|-ability|p2a: Archaludon|Stamina|boost
|-boost|p2a: Archaludon|def|1
|faint|p2b: Weavile
|
|-weather|RainDance|[upkeep]
|upkeep
|
|t:|1754490312
|switch|p2b: Amoonguss|Amoonguss, L50, F|54/100
|turn|11
|
|t:|1754490327
|-terastallize|p1b: Tyranitar|Flying
|-curestatus|p2a: Archaludon|slp|[msg]
|move|p2a: Archaludon|Body Press|p1b: Tyranitar
|-resisted|p1b: Tyranitar
|-damage|p1b: Tyranitar|79/100
|move|p1b: Tyranitar|Tera Blast|p2b: Amoonguss|[anim] Tera Blast Flying
|-supereffective|p2b: Amoonguss
|-damage|p2b: Amoonguss|0 fnt
|faint|p2b: Amoonguss
|move|p1a: Amoonguss|Spore|p2a: Archaludon
|-status|p2a: Archaludon|slp|[from] move: Spore
|
|-weather|RainDance|[upkeep]
|upkeep
|turn|12
|
|t:|1754490341
|cant|p2a: Archaludon|slp
|move|p1b: Tyranitar|Knock Off|p2a: Archaludon
|-damage|p2a: Archaludon|60/100 slp
|-ability|p2a: Archaludon|Stamina|boost
|-boost|p2a: Archaludon|def|1
|-enditem|p2a: Archaludon|Assault Vest|[from] move: Knock Off|[of] p1b: Tyranitar
|move|p1a: Amoonguss|Pollen Puff|p1b: Tyranitar
|-heal|p1b: Tyranitar|100/100
|
|-weather|RainDance|[upkeep]
|upkeep
|turn|13
|
|t:|1754490349
|cant|p2a: Archaludon|slp
|move|p1b: Tyranitar|Tera Blast|p2a: Archaludon|[anim] Tera Blast Flying
|-resisted|p2a: Archaludon
|-damage|p2a: Archaludon|55/100 slp
|-ability|p2a: Archaludon|Stamina|boost
|-boost|p2a: Archaludon|def|1
|move|p1a: Amoonguss|Pollen Puff|p2a: Archaludon
|-resisted|p2a: Archaludon
|-damage|p2a: Archaludon|44/100 slp
|-ability|p2a: Archaludon|Stamina|boost
|-boost|p2a: Archaludon|def|1
|
|-weather|none
|upkeep
|turn|14
|
|t:|1754490368
|cant|p2a: Archaludon|slp
|move|p1b: Tyranitar|Tera Blast|p2a: Archaludon|[anim] Tera Blast Flying
|-resisted|p2a: Archaludon
|-damage|p2a: Archaludon|40/100 slp
|move|p1a: Amoonguss|Spore|p2a: Archaludon
|-fail|p2a: Archaludon|slp
|
|upkeep
|turn|15
|
|t:|1754490379
|-curestatus|p2a: Archaludon|slp|[msg]
|move|p2a: Archaludon|Body Press|p1b: Tyranitar
|-resisted|p1b: Tyranitar
|-damage|p1b: Tyranitar|67/100
|move|p1b: Tyranitar|Low Kick|p2a: Archaludon
|-supereffective|p2a: Archaludon
|-damage|p2a: Archaludon|28/100
|move|p1a: Amoonguss|Spore|p2a: Archaludon
|-status|p2a: Archaludon|slp|[from] move: Spore
|
|upkeep
|turn|16
|
|t:|1754490387
|cant|p2a: Archaludon|slp
|move|p1b: Tyranitar|Low Kick|p2a: Archaludon
|-supereffective|p2a: Archaludon
|-damage|p2a: Archaludon|15/100 slp
|move|p1a: Amoonguss|Pollen Puff|p1b: Tyranitar
|-heal|p1b: Tyranitar|100/100
|
|upkeep
|turn|17
|
|t:|1754490400
|move|p1a: Amoonguss|Rage Powder|p1a: Amoonguss
|-singleturn|p1a: Amoonguss|move: Rage Powder
|-curestatus|p2a: Archaludon|slp|[msg]
|move|p2a: Archaludon|Dragon Pulse|p1a: Amoonguss
|-damage|p1a: Amoonguss|38/100
|move|p1b: Tyranitar|Low Kick|p2a: Archaludon
|-supereffective|p2a: Archaludon
|-damage|p2a: Archaludon|4/100
|
|upkeep
|turn|18
|c|☆BreloomB01|Max sleep 2x 😭
|
|t:|1754490413
|move|p1a: Amoonguss|Rage Powder|p1a: Amoonguss
|-singleturn|p1a: Amoonguss|move: Rage Powder
|move|p2a: Archaludon|Dragon Pulse|p1a: Amoonguss
|-damage|p1a: Amoonguss|1/100
|move|p1b: Tyranitar|Low Kick|p2a: Archaludon
|-supereffective|p2a: Archaludon
|-damage|p2a: Archaludon|0 fnt
|faint|p2a: Archaludon
|
|win|TheParasectKing
|raw|TheParasectKing's rating: 1148 → 1178(+30 for winning)
|raw|BreloomB01's rating: 1215 → 1185(-30 for losing)
