|j|☆Cristante terabug
|j|☆fwiefisch
|html|Cristante terabugfwiefisch    
|uhtml|bestof|Game 3 of a best-of-3
|t:|1756125027
|gametype|doubles
|player|p1|Cristante terabug|kieran-champion|1225
|player|p2|fwiefisch|169|1244
|gen|9
|tier|[Gen 9] VGC 2025 Reg H (Bo3)
|rated|
|rule|Species Clause: Limit one of each Pokémon
|rule|Item Clause: Limit 1 of each item
|clearpoke
|poke|p1|Sneasler, L50, M|
|poke|p1|Volcarona, L50, M|
|poke|p1|Rillaboom, L50, F|
|poke|p1|Kommo-o, L50, F|
|poke|p1|Kingambit, L50, M|
|poke|p1|Basculegion, L50, M|
|poke|p2|Rillaboom, L50, M|
|poke|p2|Sneasler, L50, M|
|poke|p2|Clefable, L50, M|
|poke|p2|Murkrow, L50, M|
|poke|p2|Volcarona, L50, M|
|poke|p2|Dragapult, L50, F|
|teampreview|4
|showteam|p1|Sneasler||GrassySeed|Unburden|CloseCombat,DireClaw,Coaching,Protect|||M|||50|,,,,,Stellar]Volcarona||CovertCloak|FlameBody|HeatWave,TeraBlast,QuiverDance,Protect|||M|||50|,,,,,Fairy]Rillaboom||AssaultVest|GrassySurge|FakeOut,GrassyGlide,DrumBeating,HighHorsepower|||F|||50|,,,,,Fire]Kommo-o||Leftovers|Overcoat|BodyPress,IronDefense,Flamethrower,Protect|||F|||50|,,,,,Fire]Kingambit||SafetyGoggles|Defiant|KowtowCleave,SuckerPunch,SwordsDance,Protect|||M|||50|,,,,,Dark]Basculegion||ChoiceScarf|Adaptability|WaveCrash,LastRespects,FlipTurn,TeraBlast|||M|||50|,,,,,Fighting
|showteam|p2|Rillaboom||AssaultVest|GrassySurge|FakeOut,HighHorsepower,WoodHammer,GrassyGlide|||M|||50|,,,,,Fire]Sneasler||FocusSash|PoisonTouch|DireClaw,CloseCombat,FakeOut,Protect|||M|||50|,,,,,Stellar]Clefable||CovertCloak|Unaware|Moonblast,FollowMe,HelpingHand,Protect|||M|||50|,,,,,Steel]Murkrow||Eviolite|Prankster|Tailwind,Taunt,FoulPlay,Haze|||M|||50|,,,,,Ghost]Volcarona||Leftovers|FlameBody|FieryDance,TeraBlast,QuiverDance,Protect|||M|||50|,,,,,Ground]Dragapult||ChoiceBand|ClearBody|DragonDarts,DragonClaw,PhantomForce,Uturn|||F|||50|,,,,,Dragon
|inactive|Battle timer is ON: inactive players will automatically lose when time's up. (requested by Cristante terabug)
|inactive|Cristante terabug has 60 seconds left.
|inactive|Cristante terabug has 30 seconds left.
|
|t:|1756125104
|teamsize|p1|4
|teamsize|p2|4
|start
|switch|p1a: Sneasler|Sneasler, L50, M|100/100
|switch|p1b: Volcarona|Volcarona, L50, M|100/100
|switch|p2a: Murkrow|Murkrow, L50, M|100/100
|switch|p2b: Volcarona|Volcarona, L50, M|100/100
|turn|1
|
|t:|1756125127
|-terastallize|p2b: Volcarona|Ground
|move|p2a: Murkrow|Tailwind|p2a: Murkrow
|-sidestart|p2: fwiefisch|move: Tailwind
|move|p2b: Volcarona|Tera Blast|p1a: Sneasler|[anim] Tera Blast Ground
|-supereffective|p1a: Sneasler
|-damage|p1a: Sneasler|0 fnt
|faint|p1a: Sneasler
|move|p1b: Volcarona|Heat Wave|p2b: Volcarona|[spread] p2a,p2b
|-damage|p2a: Murkrow|59/100
|-damage|p2b: Volcarona|69/100
|
|-heal|p2b: Volcarona|75/100|[from] item: Leftovers
|upkeep
|
|t:|1756125138
|switch|p1a: Rillaboom|Rillaboom, L50, F|100/100
|-fieldstart|move: Grassy Terrain|[from] ability: Grassy Surge|[of] p1a: Rillaboom
|turn|2
|
|t:|1756125152
|-terastallize|p1b: Volcarona|Fairy
|move|p2b: Volcarona|Protect|p2b: Volcarona
|-singleturn|p2b: Volcarona|Protect
|move|p1a: Rillaboom|Grassy Glide|p2b: Volcarona
|-activate|p2b: Volcarona|move: Protect
|move|p2a: Murkrow|Foul Play|p1a: Rillaboom
|-damage|p1a: Rillaboom|54/100
|move|p1b: Volcarona|Tera Blast|p2a: Murkrow|[anim] Tera Blast Fairy
|-supereffective|p2a: Murkrow
|-damage|p2a: Murkrow|0 fnt
|faint|p2a: Murkrow
|
|-heal|p2b: Volcarona|81/100|[from] Grassy Terrain
|-heal|p2b: Volcarona|87/100|[from] item: Leftovers
|-heal|p1a: Rillaboom|60/100|[from] Grassy Terrain
|upkeep
|
|t:|1756125168
|switch|p2a: Rillaboom|Rillaboom, L50, M|100/100
|turn|3
|
|t:|1756125186
|move|p2a: Rillaboom|Fake Out|p1b: Volcarona
|-damage|p1b: Volcarona|85/100
|move|p1a: Rillaboom|Grassy Glide|p2b: Volcarona
|-supereffective|p2b: Volcarona
|-damage|p2b: Volcarona|0 fnt
|faint|p2b: Volcarona
|move|p1b: Volcarona|Quiver Dance|p1b: Volcarona
|-boost|p1b: Volcarona|spa|1
|-boost|p1b: Volcarona|spd|1
|-boost|p1b: Volcarona|spe|1
|
|-heal|p1b: Volcarona|91/100|[from] Grassy Terrain
|-heal|p1a: Rillaboom|66/100|[from] Grassy Terrain
|upkeep
|
|t:|1756125196
|switch|p2b: Clefable|Clefable, L50, M|100/100
|turn|4
|
|t:|1756125209
|move|p2a: Rillaboom|Wood Hammer|p1b: Volcarona
|-damage|p1b: Volcarona|1/100
|-damage|p2a: Rillaboom|73/100|[from] Recoil
|move|p1b: Volcarona|Heat Wave|p2a: Rillaboom|[spread] p2a,p2b
|-supereffective|p2a: Rillaboom
|-damage|p2a: Rillaboom|7/100
|-damage|p2b: Clefable|71/100
|-status|p2a: Rillaboom|brn
|move|p2b: Clefable|Moonblast|p1a: Rillaboom
|-damage|p1a: Rillaboom|41/100
|move|p1a: Rillaboom|Drum Beating|p2b: Clefable
|-damage|p2b: Clefable|32/100
|
|-heal|p2a: Rillaboom|13/100 brn|[from] Grassy Terrain
|-heal|p1b: Volcarona|7/100|[from] Grassy Terrain
|-heal|p2b: Clefable|38/100|[from] Grassy Terrain
|-heal|p1a: Rillaboom|47/100|[from] Grassy Terrain
|-damage|p2a: Rillaboom|7/100 brn|[from] brn
|-sideend|p2: fwiefisch|move: Tailwind
|upkeep
|turn|5
|
|t:|1756125230
|move|p2a: Rillaboom|Grassy Glide|p1a: Rillaboom
|-resisted|p1a: Rillaboom
|-damage|p1a: Rillaboom|39/100
|move|p1b: Volcarona|Heat Wave|p2a: Rillaboom|[spread] p2a,p2b
|-supereffective|p2a: Rillaboom
|-damage|p2a: Rillaboom|0 fnt
|-damage|p2b: Clefable|6/100
|faint|p2a: Rillaboom
|move|p1a: Rillaboom|Drum Beating|p2b: Clefable
|-damage|p2b: Clefable|0 fnt
|faint|p2b: Clefable
|
|win|Cristante terabug
|raw|Cristante terabug's rating: 1225 → 1251(+26 for winning)
|raw|fwiefisch's rating: 1244 → 1218(-26 for losing)
