|j|☆green caster
|j|☆exessvgc
|html|green casterexessvgc    
|uhtml|bestof|Game 1 of a best-of-3
|t:|1783771169
|gametype|doubles
|player|p1|green caster|cynthia-gen4|1143
|player|p2|exessvgc|lucas|1152
|gen|9
|tier|[Gen 9 Champions] VGC 2026 Reg M-B (Bo3)
|rated|
|rule|Species Clause: Limit one of each Pokémon
|rule|Item Clause: Limit 1 of each item
|clearpoke
|poke|p1|Swampert, L50, F|
|poke|p1|Pelipper, L50, M, shiny|
|poke|p1|Sinistcha, L50, shiny|
|poke|p1|Archaludon, L50, F|
|poke|p1|Toucannon, L50, F|
|poke|p1|Liepard, L50, F|
|poke|p2|Charizard, L50, F|
|poke|p2|Incineroar, L50, F|
|poke|p2|Floette-Eternal, L50, F|
|poke|p2|Ninetales, L50, M|
|poke|p2|Whimsicott, L50, M|
|poke|p2|Farigiraf, L50, F|
|teampreview|4
|showteam|p1|Swampert||Swampertite|Torrent|Earthquake,IcePunch,WaveCrash,Protect|Adamant||F|||50|]Pelipper||DampRock|Drizzle|Hurricane,WeatherBall,Protect,WideGuard|Bold||M|||50|]Sinistcha||SitrusBerry|Hospitality|MatchaGotcha,Protect,RagePowder,LifeDew|Bold|||||50|]Archaludon||LifeOrb|Stamina|FlashCannon,Protect,ElectroShot,DragonPulse|Timid||F|||50|]Toucannon||SharpBeak|KeenEye|DualWingbeat,Roost,Protect,Tailwind|Careful||F|||50|]Liepard||Leftovers|Prankster|FakeOut,KnockOff,ThunderWave,Protect|Jolly||F|||50|
|showteam|p2|Charizard||CharizarditeX|Blaze|FlareBlitz,DragonClaw,Protect,SwordsDance|Adamant||F|||50|]Incineroar||ChopleBerry|Intimidate|FakeOut,FlareBlitz,PartingShot,ThroatChop|Adamant||F|||50|]Floette-Eternal||Floettite|FlowerVeil|Moonblast,DazzlingGleam,CalmMind,Protect|Modest||F|||50|]Ninetales||ChoiceScarf|Drought|Overheat,HeatWave,SolarBeam,WeatherBall|Modest||M|||50|]Whimsicott||FocusSash|Prankster|Moonblast,Tailwind,Encore,Protect|Timid||M|||50|]Farigiraf||SitrusBerry|ArmorTail|Thunderbolt,HelpingHand,PsychicNoise,TrickRoom|Bold||F|||50|
|inactive|Battle timer is ON: inactive players will automatically lose when time's up. (requested by green caster)
|inactive|exessvgc has 60 seconds left.
|
|t:|1783771224
|teamsize|p1|4
|teamsize|p2|4
|start
|switch|p1a: Pelipper|Pelipper, L50, M, shiny|100/100
|switch|p1b: Swampert|Swampert, L50, F|100/100
|switch|p2a: Whimsicott|Whimsicott, L50, M|100/100
|switch|p2b: Incineroar|Incineroar, L50, F|100/100
|-ability|p2b: Incineroar|Intimidate|boost
|-unboost|p1a: Pelipper|atk|1
|-unboost|p1b: Swampert|atk|1
|-weather|RainDance|[from] ability: Drizzle|[of] p1a: Pelipper
|turn|1
|inactive|green caster has 30 seconds left.
|
|t:|1783771250
|detailschange|p1b: Swampert|Swampert-Mega, L50, F
|-mega|p1b: Swampert|Swampert|Swampertite
|move|p2a: Whimsicott|Tailwind|p2a: Whimsicott
|-sidestart|p2: exessvgc|move: Tailwind
|move|p1b: Swampert|Ice Punch|p2a: Whimsicott
|-supereffective|p2a: Whimsicott|1
|-damage|p2a: Whimsicott|38/100
|move|p2b: Incineroar|Parting Shot|p1b: Swampert
|-unboost|p1b: Swampert|atk|1
|-unboost|p1b: Swampert|spa|1
|
|t:|1783771262
|switch|p2b: Ninetales|Ninetales, L50, M|100/100|[from] Parting Shot
|-weather|SunnyDay|[from] ability: Drought|[of] p2b: Ninetales
|move|p1a: Pelipper|Weather Ball|p2b: Ninetales
|-resisted|p2b: Ninetales|1
|-damage|p2b: Ninetales|78/100
|
|-weather|SunnyDay|[upkeep]
|upkeep
|turn|2
|inactive|exessvgc has 30 seconds left.
|
|t:|1783771294
|switch|p1a: Sinistcha|Sinistcha, L50, shiny|100/100
|move|p2b: Ninetales|Weather Ball|p1a: Sinistcha
|-supereffective|p1a: Sinistcha|1
|-damage|p1a: Sinistcha|0 fnt
|faint|p1a: Sinistcha
|move|p2a: Whimsicott|Moonblast|p1b: Swampert
|-damage|p1b: Swampert|64/100
|move|p1b: Swampert|Wave Crash|p2b: Ninetales
|-supereffective|p2b: Ninetales|1
|-damage|p2b: Ninetales|22/100
|-damage|p1b: Swampert|48/100|[from] Recoil
|
|-weather|SunnyDay|[upkeep]
|upkeep
|
|t:|1783771310
|switch|p1a: Pelipper|Pelipper, L50, M, shiny|100/100
|-weather|RainDance|[from] ability: Drizzle|[of] p1a: Pelipper
|turn|3
|
|t:|1783771329
|switch|p2b: Incineroar|Incineroar, L50, F|100/100
|-ability|p2b: Incineroar|Intimidate|boost
|-unboost|p1a: Pelipper|atk|1
|-unboost|p1b: Swampert|atk|1
|move|p2a: Whimsicott|Moonblast|p1b: Swampert
|-damage|p1b: Swampert|14/100
|move|p1b: Swampert|Earthquake|p2b: Incineroar|[spread] p2a,p2b
|-immune|p1a: Pelipper
|-resisted|p2a: Whimsicott|1
|-supereffective|p2b: Incineroar|1
|-damage|p2a: Whimsicott|24/100
|-damage|p2b: Incineroar|58/100
|move|p1a: Pelipper|Weather Ball|p2b: Incineroar
|-supereffective|p2b: Incineroar|1
|-damage|p2b: Incineroar|0 fnt
|faint|p2b: Incineroar
|
|-weather|RainDance|[upkeep]
|upkeep
|
|t:|1783771344
|switch|p2b: Ninetales|Ninetales, L50, M|22/100
|-weather|SunnyDay|[from] ability: Drought|[of] p2b: Ninetales
|turn|4
|
|t:|1783771368
|move|p2b: Ninetales|Weather Ball|p1a: Pelipper
|-resisted|p1a: Pelipper|1
|-damage|p1a: Pelipper|58/100
|move|p2a: Whimsicott|Moonblast|p1a: Pelipper
|-damage|p1a: Pelipper|10/100
|-unboost|p1a: Pelipper|spa|1
|move|p1b: Swampert|Earthquake|p2b: Ninetales|[spread] p2a,p2b
|-immune|p1a: Pelipper
|-resisted|p2a: Whimsicott|1
|-supereffective|p2b: Ninetales|1
|-damage|p2a: Whimsicott|10/100
|-damage|p2b: Ninetales|0 fnt
|faint|p2b: Ninetales
|move|p1a: Pelipper|Weather Ball|p2a: Whimsicott
|-supereffective|p2a: Whimsicott|1
|-damage|p2a: Whimsicott|0 fnt
|faint|p2a: Whimsicott
|
|-weather|SunnyDay|[upkeep]
|-sideend|p2: exessvgc|move: Tailwind
|upkeep
|
|t:|1783771383
|switch|p2a: Floette|Floette-Eternal, L50, F|100/100
|turn|5
|
|t:|1783771399
|detailschange|p2a: Floette|Floette-Mega, L50, F
|-mega|p2a: Floette|Floette|Floettite
|-ability|p2a: Floette|Fairy Aura
|move|p2a: Floette|Calm Mind|p2a: Floette
|-boost|p2a: Floette|spa|1
|-boost|p2a: Floette|spd|1
|move|p1b: Swampert|Wave Crash|p2a: Floette
|-damage|p2a: Floette|86/100
|-damage|p1b: Swampert|10/100|[from] Recoil
|move|p1a: Pelipper|Weather Ball|p2a: Floette
|-damage|p2a: Floette|74/100
|
|-weather|SunnyDay|[upkeep]
|upkeep
|turn|6
|
|t:|1783771419
|switch|p1b: Archaludon|Archaludon, L50, F|100/100
|move|p1a: Pelipper|Wide Guard|p1a: Pelipper
|-singleturn|p1a: Pelipper|Wide Guard
|move|p2a: Floette|Moonblast|p1b: Archaludon
|-damage|p1b: Archaludon|0 fnt
|faint|p1b: Archaludon
|
|-weather|SunnyDay|[upkeep]
|upkeep
|
|t:|1783771431
|switch|p1b: Swampert|Swampert-Mega, L50, F|10/100
|turn|7
|
|t:|1783771447
|move|p1a: Pelipper|Wide Guard|p1a: Pelipper
|-singleturn|p1a: Pelipper|Wide Guard
|move|p2a: Floette|Moonblast|p1b: Swampert
|-damage|p1b: Swampert|0 fnt
|faint|p1b: Swampert
|
|-weather|SunnyDay|[upkeep]
|upkeep
|turn|8
|l|☆green caster
|inactive|green caster disconnected and has a minute to reconnect!
|player|p1|
|inactive|green caster has 30 seconds left.
|inactive|green caster has 20 seconds left.
|inactive|green caster has 15 seconds left.
|inactive|green caster has 10 seconds left.
|inactive|green caster has 5 seconds left.
|-message|green caster lost due to inactivity.
|
|win|exessvgc
|inactive|green caster has 5 seconds to reconnect!
|inactive|exessvgc has 30 seconds to confirm battle start!
|raw|green caster's rating: 1143 → 1119(-24 for losing)
|raw|exessvgc's rating: 1152 → 1176(+24 for winning)
