|j|☆walaye
|j|☆Ferran Tiburon
|html|walayeFerran Tiburon    
|uhtml|bestof|Game 3 of a best-of-3
|t:|1784713806
|gametype|doubles
|player|p1|walaye|chuck|1220
|player|p2|Ferran Tiburon|2|1268
|gen|9
|tier|[Gen 9 Champions] VGC 2026 Reg M-B (Bo3)
|rated|
|rule|Species Clause: Limit one of each Pokémon
|rule|Item Clause: Limit 1 of each item
|clearpoke
|poke|p1|Garchomp, L50, F|
|poke|p1|Sneasler, L50, M|
|poke|p1|Tyranitar, L50, M|
|poke|p1|Sinistcha, L50|
|poke|p1|Whimsicott, L50, F|
|poke|p1|Glimmora, L50, M|
|poke|p2|Charizard, L50, M|
|poke|p2|Garchomp, L50, F|
|poke|p2|Incineroar, L50, F|
|poke|p2|Venusaur, L50, F|
|poke|p2|Toxapex, L50, M|
|poke|p2|Sylveon, L50, M|
|teampreview|4
|showteam|p1|Garchomp||Garchompite|SandVeil|StompingTantrum,Protect,SwordsDance,RockSlide|Adamant||F|||50|]Sneasler||FocusSash|PoisonTouch|FakeOut,PoisonJab,Coaching,CloseCombat|Jolly||M|||50|]Tyranitar||ChoiceScarf|SandStream|RockSlide,KnockOff,LowKick,IcePunch|Jolly||M|||50|]Sinistcha||SitrusBerry|Hospitality|MatchaGotcha,LifeDew,RagePowder,Protect|Bold|||||50|]Whimsicott||FairyFeather|Prankster|Moonblast,Tailwind,Encore,Protect|Timid||F|||50|]Glimmora||Glimmoranite|ToxicDebris|EarthPower,PowerGem,SpikyShield,SludgeBomb|Timid||M|||50|
|showteam|p2|Charizard||CharizarditeY|SolarPower|WeatherBall,HeatWave,AncientPower,Protect|Modest||M|||50|]Garchomp||ChoiceScarf|RoughSkin|RockSlide,DragonClaw,Earthquake,StompingTantrum|Adamant||F|||50|]Incineroar||SitrusBerry|Intimidate|FlareBlitz,FakeOut,DarkestLariat,PartingShot|Impish||F|||50|]Venusaur||LifeOrb|Chlorophyll|SludgeBomb,LeafStorm,EarthPower,Protect|Modest||F|||50|]Toxapex||Leftovers|Regenerator|Infestation,Toxic,WideGuard,BanefulBunker|Bold||M|||50|]Sylveon||FairyFeather|Pixilate|HyperVoice,QuickAttack,Yawn,Detect|Modest||M|||50|
|inactive|Battle timer is ON: inactive players will automatically lose when time's up. (requested by Ferran Tiburon)
|inactive|Ferran Tiburon has 60 seconds left.
|inactive|Ferran Tiburon has 30 seconds left.
|inactive|Ferran Tiburon has 20 seconds left.
|inactive|Ferran Tiburon has 15 seconds left.
|
|t:|1784713886
|teamsize|p1|4
|teamsize|p2|4
|start
|switch|p1a: Garchomp|Garchomp, L50, F|100/100
|switch|p1b: Sneasler|Sneasler, L50, M|100/100
|switch|p2a: Garchomp|Garchomp, L50, F|100/100
|switch|p2b: Incineroar|Incineroar, L50, F|100/100
|-ability|p2b: Incineroar|Intimidate|boost
|-unboost|p1a: Garchomp|atk|1
|-unboost|p1b: Sneasler|atk|1
|turn|1
|
|t:|1784713905
|detailschange|p1a: Garchomp|Garchomp-Mega, L50, F
|-mega|p1a: Garchomp|Garchomp|Garchompite
|move|p1a: Garchomp|Protect|p1a: Garchomp
|-singleturn|p1a: Garchomp|Protect
|move|p2a: Garchomp|Earthquake|p1b: Sneasler|[spread] p2b,p1b
|-activate|p1a: Garchomp|move: Protect
|-supereffective|p2b: Incineroar|1
|-supereffective|p1b: Sneasler|1
|-damage|p2b: Incineroar|31/100
|-enditem|p1b: Sneasler|Focus Sash
|-damage|p1b: Sneasler|1/100
|-enditem|p2b: Incineroar|Sitrus Berry|[eat]
|-heal|p2b: Incineroar|56/100|[from] item: Sitrus Berry
|move|p1b: Sneasler|Coaching|p1a: Garchomp
|-boost|p1a: Garchomp|atk|1
|-boost|p1a: Garchomp|def|1
|move|p2b: Incineroar|Parting Shot|p1a: Garchomp
|-activate|p1a: Garchomp|move: Protect
|
|upkeep
|turn|2
|
|t:|1784713925
|switch|p1b: Sinistcha|Sinistcha, L50|100/100
|switch|p2b: Charizard|Charizard, L50, M|100/100
|move|p2a: Garchomp|Earthquake|p1b: Sinistcha|[spread] p1a,p1b
|-immune|p2b: Charizard
|-resisted|p1b: Sinistcha|1
|-damage|p1a: Garchomp|81/100
|-damage|p1b: Sinistcha|84/100
|move|p1a: Garchomp|Rock Slide|p2b: Charizard|[spread] p2a,p2b
|-resisted|p2a: Garchomp|1
|-supereffective|p2b: Charizard|2
|-damage|p2a: Garchomp|86/100
|-damage|p2b: Charizard|13/100
|
|upkeep
|turn|3
|
|t:|1784713943
|detailschange|p2b: Charizard|Charizard-Mega-Y, L50, M
|-mega|p2b: Charizard|Charizard|Charizardite Y
|-weather|SunnyDay|[from] ability: Drought|[of] p2b: Charizard
|move|p1a: Garchomp|Protect|p1a: Garchomp
|-singleturn|p1a: Garchomp|Protect
|move|p1b: Sinistcha|Protect|p1b: Sinistcha
|-singleturn|p1b: Sinistcha|Protect
|move|p2a: Garchomp|Earthquake|p1b: Sinistcha|[spread] 
|-activate|p1a: Garchomp|move: Protect
|-activate|p1b: Sinistcha|move: Protect
|-immune|p2b: Charizard
|move|p2b: Charizard|Heat Wave|p1b: Sinistcha|[spread] 
|-activate|p1a: Garchomp|move: Protect
|-activate|p1b: Sinistcha|move: Protect
|
|-weather|SunnyDay|[upkeep]
|upkeep
|turn|4
|
|t:|1784713959
|switch|p1b: Tyranitar|Tyranitar, L50, M|100/100
|-weather|Sandstorm|[from] ability: Sand Stream|[of] p1b: Tyranitar
|move|p2b: Charizard|Protect|p2b: Charizard
|-singleturn|p2b: Charizard|Protect
|move|p2a: Garchomp|Earthquake|p1a: Garchomp|[spread] p1a,p1b
|-activate|p2b: Charizard|move: Protect
|-supereffective|p1b: Tyranitar|1
|-damage|p1a: Garchomp|62/100
|-damage|p1b: Tyranitar|24/100
|move|p1a: Garchomp|Swords Dance|p1a: Garchomp
|-boost|p1a: Garchomp|atk|2
|
|-weather|Sandstorm|[upkeep]
|-damage|p2b: Charizard|7/100|[from] Sandstorm
|upkeep
|turn|5
|
|t:|1784713981
|switch|p1b: Sinistcha|Sinistcha, L50|84/100
|-heal|p1a: Garchomp|87/100|[from] ability: Hospitality|[of] p1b: Sinistcha
|switch|p2b: Incineroar|Incineroar, L50, F|56/100
|-ability|p2b: Incineroar|Intimidate|boost
|-unboost|p1a: Garchomp|atk|1
|-unboost|p1b: Sinistcha|atk|1
|move|p2a: Garchomp|Earthquake|p1b: Sinistcha|[spread] p2b,p1a,p1b
|-supereffective|p2b: Incineroar|1
|-resisted|p1b: Sinistcha|1
|-damage|p2b: Incineroar|0 fnt
|-damage|p1a: Garchomp|67/100
|-damage|p1b: Sinistcha|69/100
|faint|p2b: Incineroar
|move|p1a: Garchomp|Rock Slide|p2a: Garchomp
|-resisted|p2a: Garchomp|1
|-damage|p2a: Garchomp|53/100
|
|-weather|Sandstorm|[upkeep]
|-damage|p1b: Sinistcha|63/100|[from] Sandstorm
|upkeep
|
|t:|1784713990
|switch|p2b: Toxapex|Toxapex, L50, M|100/100
|turn|6
|
|t:|1784714002
|move|p2b: Toxapex|Wide Guard|p2b: Toxapex
|-singleturn|p2b: Toxapex|Wide Guard
|move|p2a: Garchomp|Earthquake|p1a: Garchomp|[spread] p1a,p1b
|-activate|p2b: Toxapex|move: Wide Guard
|-resisted|p1b: Sinistcha|1
|-damage|p1a: Garchomp|47/100
|-damage|p1b: Sinistcha|47/100
|-enditem|p1b: Sinistcha|Sitrus Berry|[eat]
|-heal|p1b: Sinistcha|71/100|[from] item: Sitrus Berry
|move|p1a: Garchomp|Stomping Tantrum|p2b: Toxapex
|-supereffective|p2b: Toxapex|1
|-damage|p2b: Toxapex|0 fnt
|faint|p2b: Toxapex
|move|p1b: Sinistcha|Life Dew|p1b: Sinistcha|[spread] p1a,p1b
|-heal|p1a: Garchomp|72/100
|-heal|p1b: Sinistcha|97/100
|
|-weather|Sandstorm|[upkeep]
|-damage|p1b: Sinistcha|91/100|[from] Sandstorm
|upkeep
|
|t:|1784714008
|switch|p2b: Charizard|Charizard-Mega-Y, L50, M|7/100
|-weather|SunnyDay|[from] ability: Drought|[of] p2b: Charizard
|turn|7
|
|t:|1784714024
|switch|p1b: Tyranitar|Tyranitar, L50, M|24/100
|-weather|Sandstorm|[from] ability: Sand Stream|[of] p1b: Tyranitar
|move|p2a: Garchomp|Earthquake|p1a: Garchomp|[spread] p1a,p1b
|-immune|p2b: Charizard
|-supereffective|p1b: Tyranitar|1
|-damage|p1a: Garchomp|54/100
|-damage|p1b: Tyranitar|0 fnt
|faint|p1b: Tyranitar
|move|p2b: Charizard|Heat Wave|p1a: Garchomp
|-resisted|p1a: Garchomp|1
|-damage|p1a: Garchomp|32/100
|move|p1a: Garchomp|Rock Slide|p2b: Charizard|[spread] p2a,p2b
|-resisted|p2a: Garchomp|1
|-supereffective|p2b: Charizard|2
|-damage|p2a: Garchomp|30/100
|-damage|p2b: Charizard|0 fnt
|faint|p2b: Charizard
|
|-weather|Sandstorm|[upkeep]
|upkeep
|-message|Ferran Tiburon forfeited.
|
|win|walaye
|raw|walaye's rating: 1220 → 1248(+28 for winning)
|raw|Ferran Tiburon's rating: 1268 → 1240(-28 for losing)
|l|☆walaye
|player|p1|
