|j|☆WrestlingDemon
|j|☆snodlop
|html|WrestlingDemonsnodlop    
|uhtml|bestof|Game 1 of a best-of-3
|t:|1782484388
|gametype|doubles
|player|p1|WrestlingDemon|102|1207
|player|p2|snodlop|lebanne|1306
|gen|9
|tier|[Gen 9 Champions] VGC 2026 Reg M-B (Bo3)
|rated|
|rule|Species Clause: Limit one of each Pokémon
|rule|Item Clause: Limit 1 of each item
|clearpoke
|poke|p1|Mawile, L50, F|
|poke|p1|Milotic, L50, F|
|poke|p1|Oranguru, L50, M|
|poke|p1|Maushold-Four, L50|
|poke|p1|Goodra, L50, F|
|poke|p1|Incineroar, L50, M|
|poke|p2|Pelipper, L50, M|
|poke|p2|Archaludon, L50, F|
|poke|p2|Meganium, L50, M|
|poke|p2|Incineroar, L50, M|
|poke|p2|Dragonite, L50, M|
|poke|p2|Basculegion, L50, M|
|teampreview|4
|showteam|p1|Mawile||Mawilite|HyperCutter|IronHead,PlayRough,SwordsDance,Protect|Brave||F|||50|]Milotic||Leftovers|Competitive|Scald,Coil,Hypnosis,Recover|Modest||F|||50|]Oranguru||SitrusBerry|InnerFocus|Psychic,Instruct,Encore,TrickRoom|Relaxed||M|||50|]Maushold-Four||WideLens|FriendGuard|PopulationBomb,FollowMe,Feint,Protect|Adamant|||||50|]Goodra||LifeOrb|SapSipper|DracoMeteor,Thunderbolt,IceBeam,Protect|Quiet||F|||50|]Incineroar||ShucaBerry|Intimidate|FlareBlitz,ThroatChop,FakeOut,PartingShot|Brave||M|||50|
|showteam|p2|Pelipper||FocusSash|Drizzle|Tailwind,WideGuard,Hurricane,WeatherBall|Modest||M|||50|]Archaludon||Leftovers|Stamina|ElectroShot,DracoMeteor,Snarl,Protect|Bold||F|||50|]Meganium||Meganiumite|Overgrow|SolarBeam,WeatherBall,Synthesis,DazzlingGleam|Modest||M|||50|]Incineroar||SitrusBerry|Intimidate|FakeOut,PartingShot,FlareBlitz,DarkestLariat|Careful||M|||50|]Dragonite||Dragoninite|Multiscale|Hurricane,DracoMeteor,WeatherBall,Protect|Modest||M|||50|]Basculegion||ChoiceScarf|SwiftSwim|LastRespects,Liquidation,FlipTurn,PsychicFangs|Jolly||M|||50|
|inactive|Battle timer is ON: inactive players will automatically lose when time's up. (requested by WrestlingDemon)
|inactive|WrestlingDemon has 60 seconds left.
|
|t:|1782484435
|teamsize|p1|4
|teamsize|p2|4
|start
|switch|p1a: Goodra|Goodra, L50, F|100/100
|switch|p1b: Oranguru|Oranguru, L50, M|100/100
|switch|p2a: Pelipper|Pelipper, L50, M|100/100
|switch|p2b: Archaludon|Archaludon, L50, F|100/100
|-weather|RainDance|[from] ability: Drizzle|[of] p2a: Pelipper
|turn|1
|
|t:|1782484460
|move|p2a: Pelipper|Weather Ball|p1b: Oranguru
|-damage|p1b: Oranguru|46/100
|-enditem|p1b: Oranguru|Sitrus Berry|[eat]
|-heal|p1b: Oranguru|71/100|[from] item: Sitrus Berry
|move|p2b: Archaludon|Snarl|p1b: Oranguru|[spread] p1a,p1b
|-supereffective|p1b: Oranguru|1
|-damage|p1a: Goodra|91/100
|-damage|p1b: Oranguru|52/100
|-unboost|p1a: Goodra|spa|1
|-unboost|p1b: Oranguru|spa|1
|move|p1a: Goodra|Thunderbolt|p2a: Pelipper
|-supereffective|p2a: Pelipper|2
|-enditem|p2a: Pelipper|Focus Sash
|-damage|p2a: Pelipper|1/100
|-damage|p1a: Goodra|81/100|[from] item: Life Orb
|move|p1b: Oranguru|Trick Room|p1b: Oranguru
|-fieldstart|move: Trick Room|[of] p1b: Oranguru
|
|-weather|RainDance|[upkeep]
|upkeep
|turn|2
|
|t:|1782484481
|switch|p1a: Mawile|Mawile, L50, F|100/100
|switch|p2a: Meganium|Meganium, L50, M|100/100
|move|p1b: Oranguru|Psychic|p2a: Meganium
|-damage|p2a: Meganium|77/100
|move|p2b: Archaludon|Snarl|p1a: Mawile|[spread] p1a,p1b
|-resisted|p1a: Mawile|1
|-supereffective|p1b: Oranguru|1
|-damage|p1a: Mawile|90/100
|-damage|p1b: Oranguru|32/100
|-unboost|p1a: Mawile|spa|1
|-unboost|p1b: Oranguru|spa|1
|
|-weather|RainDance|[upkeep]
|upkeep
|turn|3
|
|t:|1782484499
|switch|p1b: Goodra|Goodra, L50, F|81/100
|switch|p2a: Incineroar|Incineroar, L50, M|100/100
|-ability|p2a: Incineroar|Intimidate|boost
|-fail|p1a: Mawile|unboost|Attack|[from] ability: Hyper Cutter|[of] p1a: Mawile
|-unboost|p1b: Goodra|atk|1
|detailschange|p1a: Mawile|Mawile-Mega, L50, F
|-mega|p1a: Mawile|Mawile|Mawilite
|move|p2b: Archaludon|Protect|p2b: Archaludon
|-singleturn|p2b: Archaludon|Protect
|move|p1a: Mawile|Iron Head|p2a: Incineroar
|-resisted|p2a: Incineroar|1
|-damage|p2a: Incineroar|68/100
|
|-weather|RainDance|[upkeep]
|upkeep
|turn|4
|
|t:|1782484522
|switch|p1a: Incineroar|Incineroar, L50, M|100/100
|-ability|p1a: Incineroar|Intimidate|boost
|-unboost|p2a: Incineroar|atk|1
|-unboost|p2b: Archaludon|atk|1
|move|p2a: Incineroar|Fake Out|p1a: Incineroar
|-damage|p1a: Incineroar|93/100
|move|p1b: Goodra|Draco Meteor|p2b: Archaludon
|-damage|p2b: Archaludon|20/100y
|-unboost|p1b: Goodra|spa|2
|-ability|p2b: Archaludon|Stamina|boost
|-boost|p2b: Archaludon|def|1
|-damage|p1b: Goodra|72/100|[from] item: Life Orb
|move|p2b: Archaludon|Snarl|p1b: Goodra|[spread] p1a,p1b
|-resisted|p1a: Incineroar|1
|-damage|p1a: Incineroar|88/100
|-damage|p1b: Goodra|63/100
|-unboost|p1a: Incineroar|spa|1
|-unboost|p1b: Goodra|spa|1
|
|-weather|RainDance|[upkeep]
|-heal|p2b: Archaludon|26/100|[from] item: Leftovers
|upkeep
|turn|5
|inactive|WrestlingDemon has 30 seconds left.
|inactive|snodlop has 30 seconds left.
|inactive|snodlop has 20 seconds left.
|
|t:|1782484557
|switch|p2a: Meganium|Meganium, L50, M|77/100
|move|p2b: Archaludon|Protect|p2b: Archaludon
|-singleturn|p2b: Archaludon|Protect
|move|p1a: Incineroar|Parting Shot|p2a: Meganium
|-unboost|p2a: Meganium|atk|1
|-unboost|p2a: Meganium|spa|1
|
|t:|1782484564
|switch|p1a: Mawile|Mawile-Mega, L50, F|90/100|[from] Parting Shot
|move|p1b: Goodra|Draco Meteor|p2b: Archaludon
|-activate|p2b: Archaludon|move: Protect
|
|-weather|none
|-heal|p2b: Archaludon|32/100|[from] item: Leftovers
|-fieldend|move: Trick Room
|upkeep
|turn|6
|
|t:|1782484578
|switch|p2a: Incineroar|Incineroar, L50, M|68/100
|-ability|p2a: Incineroar|Intimidate|boost
|-unboost|p1a: Mawile|atk|1
|-unboost|p1b: Goodra|atk|1
|switch|p1b: Incineroar|Incineroar, L50, M|88/100
|-ability|p1b: Incineroar|Intimidate|boost
|-unboost|p2a: Incineroar|atk|1
|-unboost|p2b: Archaludon|atk|1
|move|p2b: Archaludon|Protect||[still]
|-fail|p2b: Archaludon
|move|p1a: Mawile|Play Rough|p2b: Archaludon
|-damage|p2b: Archaludon|7/100
|-ability|p2b: Archaludon|Stamina|boost
|-boost|p2b: Archaludon|def|1
|
|-heal|p2b: Archaludon|14/100|[from] item: Leftovers
|upkeep
|turn|7
|
|t:|1782484599
|move|p2a: Incineroar|Fake Out|p1a: Mawile
|-resisted|p1a: Mawile|1
|-damage|p1a: Mawile|87/100
|move|p2b: Archaludon|Snarl|p1b: Incineroar|[spread] p1a,p1b
|-resisted|p1a: Mawile|1
|-resisted|p1b: Incineroar|1
|-damage|p1a: Mawile|81/100
|-damage|p1b: Incineroar|83/100
|-unboost|p1a: Mawile|spa|1
|-unboost|p1b: Incineroar|spa|1
|move|p1b: Incineroar|Flare Blitz|p2b: Archaludon
|-damage|p2b: Archaludon|0 fnt
|faint|p2b: Archaludon
|-damage|p1b: Incineroar|78/100|[from] Recoil
|cant|p1a: Mawile|flinch
|
|upkeep
|
|t:|1782484618
|switch|p2b: Pelipper|Pelipper, L50, M|1/100
|-weather|RainDance|[from] ability: Drizzle|[of] p2b: Pelipper
|turn|8
|
|t:|1782484634
|switch|p1b: Goodra|Goodra, L50, F|63/100
|move|p2b: Pelipper|Weather Ball|p1b: Goodra
|-resisted|p1b: Goodra|1
|-damage|p1b: Goodra|39/100
|move|p2a: Incineroar|Flare Blitz|p1a: Mawile
|-supereffective|p1a: Mawile|1
|-damage|p1a: Mawile|49/100
|-damage|p2a: Incineroar|59/100|[from] Recoil
|move|p1a: Mawile|Swords Dance|p1a: Mawile
|-boost|p1a: Mawile|atk|2
|
|-weather|RainDance|[upkeep]
|upkeep
|turn|9
|
|t:|1782484655
|switch|p1b: Incineroar|Incineroar, L50, M|78/100
|-ability|p1b: Incineroar|Intimidate|boost
|-unboost|p2a: Incineroar|atk|1
|-unboost|p2b: Pelipper|atk|1
|move|p1a: Mawile|Protect|p1a: Mawile
|-singleturn|p1a: Mawile|Protect
|move|p2b: Pelipper|Hurricane|p1b: Incineroar
|-damage|p1b: Incineroar|35/100
|move|p2a: Incineroar|Parting Shot|p1a: Mawile
|-activate|p1a: Mawile|move: Protect
|
|-weather|RainDance|[upkeep]
|upkeep
|turn|10
|
|t:|1782484671
|switch|p2b: Meganium|Meganium, L50, M|77/100
|move|p1b: Incineroar|Fake Out|p2b: Meganium
|-damage|p2b: Meganium|60/100
|move|p2a: Incineroar|Parting Shot|p1a: Mawile
|-unboost|p1a: Mawile|atk|1
|-unboost|p1a: Mawile|spa|1
|
|t:|1782484678
|switch|p2a: Pelipper|Pelipper, L50, M|1/100|[from] Parting Shot
|move|p1a: Mawile|Play Rough|p2a: Pelipper
|-damage|p2a: Pelipper|0 fnt
|faint|p2a: Pelipper
|
|-weather|RainDance|[upkeep]
|upkeep
|
|t:|1782484683
|switch|p2a: Incineroar|Incineroar, L50, M|59/100
|-ability|p2a: Incineroar|Intimidate|boost
|-unboost|p1a: Mawile|atk|1
|-unboost|p1b: Incineroar|atk|1
|turn|11
|
|t:|1782484698
|switch|p1b: Goodra|Goodra, L50, F|39/100
|detailschange|p2b: Meganium|Meganium-Mega, L50, M
|-mega|p2b: Meganium|Meganium|Meganiumite
|move|p2b: Meganium|Dazzling Gleam|p1a: Mawile|[spread] p1a,p1b
|-resisted|p1a: Mawile|1
|-supereffective|p1b: Goodra|1
|-crit|p1b: Goodra
|-damage|p1a: Mawile|29/100
|-damage|p1b: Goodra|0 fnt
|faint|p1b: Goodra
|move|p2a: Incineroar|Flare Blitz|p1a: Mawile
|-supereffective|p1a: Mawile|1
|-crit|p1a: Mawile
|-damage|p1a: Mawile|0 fnt
|faint|p1a: Mawile
|-damage|p2a: Incineroar|52/100|[from] Recoil
|
|-weather|RainDance|[upkeep]
|upkeep
|
|t:|1782484709
|switch|p1b: Oranguru|Oranguru, L50, M|32/100
|switch|p1a: Incineroar|Incineroar, L50, M|35/100
|-ability|p1a: Incineroar|Intimidate|boost
|-unboost|p2a: Incineroar|atk|1
|-unboost|p2b: Meganium|atk|1
|turn|12
|inactive|WrestlingDemon has 30 seconds left.
|inactive|WrestlingDemon has 20 seconds left.
|
|t:|1782484745
|move|p1a: Incineroar|Fake Out|p2b: Meganium
|-damage|p2b: Meganium|45/100
|cant|p2b: Meganium|flinch
|move|p2a: Incineroar|Darkest Lariat|p1b: Oranguru
|-supereffective|p1b: Oranguru|1
|-damage|p1b: Oranguru|0 fnt
|faint|p1b: Oranguru
|
|-weather|none
|upkeep
|turn|13
|
|t:|1782484757
|move|p2b: Meganium|Synthesis|p2b: Meganium
|-activate|p2b: Meganium|ability: Mega Sol
|-heal|p2b: Meganium|100/100
|move|p2a: Incineroar|Flare Blitz|p1a: Incineroar
|-resisted|p1a: Incineroar|1
|-damage|p1a: Incineroar|21/100
|-damage|p2a: Incineroar|48/100|[from] Recoil
|-enditem|p2a: Incineroar|Sitrus Berry|[eat]
|-heal|p2a: Incineroar|72/100|[from] item: Sitrus Berry
|move|p1a: Incineroar|Flare Blitz|p2b: Meganium
|-supereffective|p2b: Meganium|1
|-damage|p2b: Meganium|0 fnt
|faint|p2b: Meganium
|-damage|p1a: Incineroar|0 fnt|[from] Recoil
|faint|p1a: Incineroar
|
|win|snodlop
|inactive|WrestlingDemon has 30 seconds to confirm battle start!
|inactive|snodlop has 30 seconds to confirm battle start!
||WrestlingDemon is ready for game 2.
|l|☆WrestlingDemon
|player|p1|
||snodlop is ready for game 2.
|uhtml|next|Next: Game 2 of 3
