|j|☆ILoveMIR
|j|☆wait for swarley
|html|ILoveMIRwait for swarley    
|uhtml|bestof|Game 1 of a best-of-3
|t:|1783720526
|gametype|doubles
|player|p1|ILoveMIR|shauntal|1414
|player|p2|wait for swarley|volo|1318
|gen|9
|tier|[Gen 9 Champions] VGC 2026 Reg M-B (Bo3)
|rated|
|rule|Species Clause: Limit one of each Pokémon
|rule|Item Clause: Limit 1 of each item
|clearpoke
|poke|p1|Blaziken, L50, F|
|poke|p1|Milotic, L50, M|
|poke|p1|Gholdengo, L50|
|poke|p1|Whimsicott, L50, M|
|poke|p1|Hydreigon, L50, M|
|poke|p1|Tsareena, L50, F|
|poke|p2|Grimmsnarl, L50, M|
|poke|p2|Incineroar, L50, F|
|poke|p2|Maushold-Four, L50|
|poke|p2|Annihilape, L50, F|
|poke|p2|Floette-Eternal, L50, F|
|poke|p2|Venusaur, L50, M|
|teampreview|4
|showteam|p1|Blaziken||Blazikenite|SpeedBoost|FlareBlitz,CloseCombat,RockSlide,Detect|Adamant||F|||50|]Milotic||ExpertBelt|Competitive|Scald,IceBeam,Recover,Protect|Modest||M|||50|]Gholdengo||LifeOrb|GoodasGold|ShadowBall,MakeItRain,PowerGem,Protect|Modest|||||50|]Whimsicott||FocusSash|Prankster|Moonblast,Encore,Tailwind,Protect|Timid||M|||50|]Hydreigon||ChoiceScarf|Levitate|DarkPulse,DracoMeteor,Snarl,EarthPower|Modest||M|||50|]Tsareena||WideLens|QueenlyMajesty|PowerWhip,TripleAxel,LowKick,Taunt|Adamant||F|||50|
|showteam|p2|Grimmsnarl||LightClay|Prankster|SpiritBreak,Reflect,LightScreen,PartingShot|Careful||M|||50|]Incineroar||SitrusBerry|Intimidate|FakeOut,FlareBlitz,ThroatChop,PartingShot|Careful||F|||50|]Maushold-Four||FocusSash|FriendGuard|FollowMe,SuperFang,Encore,Protect|Timid|||||50|]Annihilape||Leftovers|Defiant|RageFist,DrainPunch,BulkUp,Protect|Adamant||F|||50|]Floette-Eternal||Floettite|FlowerVeil|Moonblast,DrainingKiss,CalmMind,Protect|Modest||F|||50|]Venusaur||Venusaurite|Overgrow|GigaDrain,SludgeBomb,EarthPower,Protect|Modest||M|||50|
|inactive|Battle timer is ON: inactive players will automatically lose when time's up. (requested by ILoveMIR)
|inactive|ILoveMIR has 60 seconds left.
|inactive|ILoveMIR has 30 seconds left.
|
|t:|1783720589
|teamsize|p1|4
|teamsize|p2|4
|start
|switch|p1a: Gholdengo|Gholdengo, L50|100/100
|switch|p1b: Milotic|Milotic, L50, M|100/100
|switch|p2a: Grimmsnarl|Grimmsnarl, L50, M|100/100
|switch|p2b: Annihilape|Annihilape, L50, F|100/100
|turn|1
|inactive|wait for swarley has 30 seconds left.
|
|t:|1783720614
|move|p2a: Grimmsnarl|Light Screen|p2a: Grimmsnarl
|-sidestart|p2: wait for swarley|move: Light Screen
|move|p2b: Annihilape|Rage Fist|p1a: Gholdengo
|-supereffective|p1a: Gholdengo|1
|-damage|p1a: Gholdengo|50/100g
|move|p1a: Gholdengo|Shadow Ball|p2b: Annihilape
|-supereffective|p2b: Annihilape|1
|-damage|p2b: Annihilape|35/100
|-damage|p1a: Gholdengo|40/100|[from] item: Life Orb
|move|p1b: Milotic|Scald|p2b: Annihilape
|-damage|p2b: Annihilape|13/100
|-status|p2b: Annihilape|brn
|
|-heal|p2b: Annihilape|20/100y brn|[from] item: Leftovers
|-damage|p2b: Annihilape|13/100 brn|[from] brn
|upkeep
|turn|2
|
|t:|1783720638
|switch|p1b: Hydreigon|Hydreigon, L50, M|100/100
|switch|p2a: Maushold|Maushold-Four, L50|100/100
|move|p1a: Gholdengo|Protect|p1a: Gholdengo
|-singleturn|p1a: Gholdengo|Protect
|move|p2b: Annihilape|Rage Fist|p1a: Gholdengo
|-activate|p1a: Gholdengo|move: Protect
|
|-heal|p2b: Annihilape|20/100y brn|[from] item: Leftovers
|-damage|p2b: Annihilape|13/100 brn|[from] brn
|upkeep
|turn|3
|
|t:|1783720649
|move|p2a: Maushold|Follow Me|p2a: Maushold
|-singleturn|p2a: Maushold|move: Follow Me
|move|p1b: Hydreigon|Snarl|p2b: Annihilape|[spread] p2a,p2b
|-crit|p2a: Maushold
|-damage|p2a: Maushold|58/100
|-damage|p2b: Annihilape|4/100 brn
|-unboost|p2a: Maushold|spa|1
|-unboost|p2b: Annihilape|spa|1
|-ability|p2b: Annihilape|Defiant|boost
|-boost|p2b: Annihilape|atk|2
|move|p2b: Annihilape|Rage Fist|p1a: Gholdengo
|-supereffective|p1a: Gholdengo|1
|-damage|p1a: Gholdengo|0 fnt
|faint|p1a: Gholdengo
|
|-heal|p2b: Annihilape|10/100 brn|[from] item: Leftovers
|-damage|p2b: Annihilape|4/100 brn|[from] brn
|upkeep
|
|t:|1783720660
|switch|p1a: Blaziken|Blaziken, L50, F|100/100
|turn|4
|
|t:|1783720673
|detailschange|p1a: Blaziken|Blaziken-Mega, L50, F
|-mega|p1a: Blaziken|Blaziken|Blazikenite
|move|p1b: Hydreigon|Snarl|p2a: Maushold|[spread] p2a,p2b
|-damage|p2a: Maushold|39/100
|-damage|p2b: Annihilape|0 fnt
|-unboost|p2a: Maushold|spa|1
|faint|p2b: Annihilape
|move|p2a: Maushold|Super Fang|p1a: Blaziken|[miss]
|-miss|p2a: Maushold|p1a: Blaziken
|move|p1a: Blaziken|Close Combat|p2a: Maushold
|-supereffective|p2a: Maushold|1
|-damage|p2a: Maushold|0 fnt
|-unboost|p1a: Blaziken|def|1
|-unboost|p1a: Blaziken|spd|1
|faint|p2a: Maushold
|
|-ability|p1a: Blaziken|Speed Boost|boost
|-boost|p1a: Blaziken|spe|1
|upkeep
|
|t:|1783720683
|switch|p2a: Grimmsnarl|Grimmsnarl, L50, M|100/100
|switch|p2b: Venusaur|Venusaur, L50, M|100/100
|turn|5
|
|t:|1783720700
|switch|p1b: Milotic|Milotic, L50, M|100/100
|detailschange|p2b: Venusaur|Venusaur-Mega, L50, M
|-mega|p2b: Venusaur|Venusaur|Venusaurite
|move|p1a: Blaziken|Detect|p1a: Blaziken
|-singleturn|p1a: Blaziken|Protect
|move|p2b: Venusaur|Protect|p2b: Venusaur
|-singleturn|p2b: Venusaur|Protect
|move|p2a: Grimmsnarl|Spirit Break|p1b: Milotic
|-damage|p1b: Milotic|71/100
|-unboost|p1b: Milotic|spa|1
|-ability|p1b: Milotic|Competitive|boost
|-boost|p1b: Milotic|spa|2
|
|-ability|p1a: Blaziken|Speed Boost|boost
|-boost|p1a: Blaziken|spe|1
|upkeep
|turn|6
|
|t:|1783720717
|move|p2a: Grimmsnarl|Reflect|p2a: Grimmsnarl
|-sidestart|p2: wait for swarley|Reflect
|move|p1a: Blaziken|Flare Blitz|p2b: Venusaur
|-supereffective|p2b: Venusaur|1
|-damage|p2b: Venusaur|58/100
|-damage|p1a: Blaziken|83/100|[from] Recoil
|move|p2b: Venusaur|Earth Power|p1a: Blaziken
|-supereffective|p1a: Blaziken|1
|-damage|p1a: Blaziken|0 fnt
|faint|p1a: Blaziken
|move|p1b: Milotic|Ice Beam|p2b: Venusaur
|-supereffective|p2b: Venusaur|1
|-damage|p2b: Venusaur|31/100
|
|upkeep
|
|t:|1783720727
|switch|p1a: Hydreigon|Hydreigon, L50, M|100/100
|turn|7
|
|t:|1783720740
|move|p1a: Hydreigon|Draco Meteor|p2b: Venusaur
|-damage|p2b: Venusaur|0 fnt
|-unboost|p1a: Hydreigon|spa|2
|faint|p2b: Venusaur
|move|p1b: Milotic|Recover|p1b: Milotic
|-heal|p1b: Milotic|100/100
|move|p2a: Grimmsnarl|Spirit Break|p1a: Hydreigon
|-supereffective|p1a: Hydreigon|2
|-damage|p1a: Hydreigon|0 fnt
|faint|p1a: Hydreigon
|
|upkeep
|turn|8
|
|t:|1783720752
|move|p1b: Milotic|Scald|p2a: Grimmsnarl
|-damage|p2a: Grimmsnarl|69/100
|-status|p2a: Grimmsnarl|brn
|move|p2a: Grimmsnarl|Spirit Break|p1b: Milotic
|-damage|p1b: Milotic|84/100
|-unboost|p1b: Milotic|spa|1
|-ability|p1b: Milotic|Competitive|boost
|-boost|p1b: Milotic|spa|2
|
|-damage|p2a: Grimmsnarl|63/100 brn|[from] brn
|-sideend|p2: wait for swarley|move: Light Screen
|upkeep
|turn|9
|-message|wait for swarley forfeited.
|
|win|ILoveMIR
