|j|☆neon83
|j|☆elmono11
|html|neon83elmono11    
|uhtml|bestof|Game 1 of a best-of-3
|t:|1785862130
|gametype|doubles
|player|p1|neon83|acetrainerf-gen4dp|1307
|player|p2|elmono11|101|1404
|gen|9
|tier|[Gen 9 Champions] VGC 2026 Reg M-B (Bo3)
|rated|
|rule|Species Clause: Limit one of each Pokémon
|rule|Item Clause: Limit 1 of each item
|clearpoke
|poke|p1|Grimmsnarl, L50, M|
|poke|p1|Basculegion, L50, M|
|poke|p1|Charizard, L50, F|
|poke|p1|Pelipper, L50, F|
|poke|p1|Venusaur, L50, F|
|poke|p1|Archaludon, L50, M|
|poke|p2|Floette-Eternal, L50, F|
|poke|p2|Whimsicott, L50, F|
|poke|p2|Basculegion, L50, M|
|poke|p2|Kingambit, L50, M|
|poke|p2|Arcanine-Hisui, L50, M|
|poke|p2|Dragonite, L50, M|
|teampreview|4
|showteam|p1|Grimmsnarl||LightClay|Prankster|SpiritBreak,PartingShot,Reflect,LightScreen|Sassy||M|||50|]Basculegion||ChoiceScarf|Adaptability|LastRespects,WaveCrash,AquaJet,FlipTurn|Jolly||M|||50|]Charizard||CharizarditeY|Blaze|Protect,HeatWave,WeatherBall,SolarBeam|Modest||F|||50|]Pelipper||SitrusBerry|Drizzle|Hurricane,WeatherBall,Tailwind,WideGuard|Modest||F|||50|]Venusaur||FocusSash|Chlorophyll|SludgeBomb,SleepPowder,EarthPower,Protect|Modest||F|||50|]Archaludon||Leftovers|Stamina|ElectroShot,DragonPulse,FlashCannon,Protect|Calm||M|||50|
|showteam|p2|Floette-Eternal||Floettite|FlowerVeil|Moonblast,DazzlingGleam,LightofRuin,Protect|Modest||F|||50|]Whimsicott||FocusSash|Prankster|Moonblast,Tailwind,Encore,Protect|Timid||F|||50|]Basculegion||ChoiceScarf|Adaptability|LastRespects,WaveCrash,AquaJet,FlipTurn|Jolly||M|||50|]Kingambit||BlackGlasses|Defiant|SuckerPunch,KowtowCleave,IronHead,Protect|Adamant||M|||50|]Arcanine-Hisui||SitrusBerry|RockHead|FlareBlitz,RockSlide,HeadSmash,Protect|Jolly||M|||50|]Dragonite||LifeOrb|InnerFocus|DragonClaw,Superpower,ExtremeSpeed,Protect|Adamant||M|||50|
|inactive|Battle timer is ON: inactive players will automatically lose when time's up. (requested by neon83)
|inactive|elmono11 also wants the timer to be on.
|inactive|neon83 has 60 seconds left.
|inactive|elmono11 has 60 seconds left.
|inactive|elmono11 has 30 seconds left.
|
|t:|1785862195
|teamsize|p1|4
|teamsize|p2|4
|start
|switch|p1a: Charizard|Charizard, L50, F|100/100
|switch|p1b: Venusaur|Venusaur, L50, F|100/100
|switch|p2a: Floette|Floette-Eternal, L50, F|100/100
|switch|p2b: Arcanine|Arcanine-Hisui, L50, M|100/100
|turn|1
|inactive|elmono11 has 30 seconds left.
|inactive|elmono11 has 20 seconds left.
|inactive|elmono11 has 15 seconds left.
|
|t:|1785862239
|switch|p2a: Whimsicott|Whimsicott, L50, F|100/100
|detailschange|p1a: Charizard|Charizard-Mega-Y, L50, F
|-mega|p1a: Charizard|Charizard|Charizardite Y
|-weather|SunnyDay|[from] ability: Drought|[of] p1a: Charizard
|move|p2b: Arcanine|Protect|p2b: Arcanine
|-singleturn|p2b: Arcanine|Protect
|move|p1a: Charizard|Protect|p1a: Charizard
|-singleturn|p1a: Charizard|Protect
|move|p1b: Venusaur|Sleep Powder|p2b: Arcanine
|-activate|p2b: Arcanine|move: Protect
|
|-weather|SunnyDay|[upkeep]
|upkeep
|turn|2
|inactive|neon83 has 30 seconds left.
|inactive|elmono11 has 30 seconds left.
|inactive|neon83 has 20 seconds left.
|inactive|elmono11 has 20 seconds left.
|inactive|neon83 has 15 seconds left.
|inactive|elmono11 has 15 seconds left.
|inactive|elmono11 has 10 seconds left.
|
|t:|1785862285
|switch|p1a: Grimmsnarl|Grimmsnarl, L50, M|100/100
|move|p1b: Venusaur|Protect|p1b: Venusaur
|-singleturn|p1b: Venusaur|Protect
|move|p2a: Whimsicott|Moonblast|p1b: Venusaur
|-activate|p1b: Venusaur|move: Protect
|move|p2b: Arcanine|Flare Blitz|p1a: Grimmsnarl
|-crit|p1a: Grimmsnarl
|-damage|p1a: Grimmsnarl|0 fnt
|faint|p1a: Grimmsnarl
|
|-weather|SunnyDay|[upkeep]
|upkeep
|
|t:|1785862296
|switch|p1a: Basculegion|Basculegion, L50, M|100/100
|turn|3
|inactive|elmono11 has 30 seconds left.
|
|t:|1785862326
|move|p2b: Arcanine|Protect|p2b: Arcanine
|-singleturn|p2b: Arcanine|Protect
|move|p2a: Whimsicott|Encore|p1b: Venusaur
|-start|p1b: Venusaur|Encore
|move|p1b: Venusaur|Protect|p1b: Venusaur
|-singleturn|p1b: Venusaur|Protect
|move|p1a: Basculegion|Flip Turn|p2b: Arcanine
|-activate|p2b: Arcanine|move: Protect
|
|-weather|SunnyDay|[upkeep]
|upkeep
|turn|4
|
|t:|1785862352
|switch|p1b: Charizard|Charizard-Mega-Y, L50, F|100/100
|move|p1a: Basculegion|Flip Turn|p2b: Arcanine
|-supereffective|p2b: Arcanine|2
|-damage|p2b: Arcanine|16/100
|-enditem|p2b: Arcanine|Sitrus Berry|[eat]
|-heal|p2b: Arcanine|40/100|[from] item: Sitrus Berry
|
|t:|1785862359
|switch|p1a: Venusaur|Venusaur, L50, F|100/100|[from] Flip Turn
|move|p2a: Whimsicott|Moonblast|p1a: Venusaur
|-resisted|p1a: Venusaur|1
|-damage|p1a: Venusaur|78/100
|move|p2b: Arcanine|Rock Slide|p1b: Charizard|[spread] p1a,p1b
|-supereffective|p1b: Charizard|2
|-damage|p1a: Venusaur|47/100
|-damage|p1b: Charizard|4/100
|
|-weather|SunnyDay|[upkeep]
|upkeep
|turn|5
|inactive|elmono11 has 30 seconds left.
|
|t:|1785862392
|move|p2a: Whimsicott|Tailwind|p2a: Whimsicott
|-sidestart|p2: elmono11|move: Tailwind
|move|p2b: Arcanine|Flare Blitz|p1a: Venusaur
|-supereffective|p1a: Venusaur|1
|-damage|p1a: Venusaur|0 fnt
|faint|p1a: Venusaur
|move|p1b: Charizard|Heat Wave|p2a: Whimsicott|[spread] p2a,p2b
|-supereffective|p2a: Whimsicott|1
|-resisted|p2b: Arcanine|2
|-enditem|p2a: Whimsicott|Focus Sash
|-damage|p2a: Whimsicott|1/100
|-damage|p2b: Arcanine|22/100
|
|-weather|none
|upkeep
|inactive|neon83 has 30 seconds left.
|
|t:|1785862418
|switch|p1a: Basculegion|Basculegion, L50, M|100/100
|turn|6
|inactive|neon83 has 30 seconds left.
|
|t:|1785862454
|move|p2a: Whimsicott|Protect|p2a: Whimsicott
|-singleturn|p2a: Whimsicott|Protect
|move|p2b: Arcanine|Rock Slide|p1a: Basculegion|[spread] p1a,p1b
|-supereffective|p1b: Charizard|2
|-damage|p1a: Basculegion|68/100
|-damage|p1b: Charizard|0 fnt
|faint|p1b: Charizard
|move|p1a: Basculegion|Last Respects|p2b: Arcanine
|-damage|p2b: Arcanine|0 fnt
|faint|p2b: Arcanine
|
|upkeep
|
|t:|1785862455
|switch|p2b: Floette|Floette-Eternal, L50, F|100/100
|turn|7
|
|t:|1785862460
|detailschange|p2b: Floette|Floette-Mega, L50, F
|-mega|p2b: Floette|Floette|Floettite
|-ability|p2b: Floette|Fairy Aura
|move|p2a: Whimsicott|Moonblast|p1a: Basculegion
|-damage|p1a: Basculegion|12/100
|move|p2b: Floette|Moonblast|p1a: Basculegion
|-damage|p1a: Basculegion|0 fnt
|faint|p1a: Basculegion
|
|win|elmono11
