|j|☆Gab98
|j|☆HopeAddict
|html|Gab98HopeAddict    
|uhtml|bestof|Game 2 of a best-of-3
|t:|1756842018
|gametype|doubles
|player|p1|Gab98|hilbert|1098
|player|p2|HopeAddict|bill|1085
|gen|9
|tier|[Gen 9] VGC 2025 Reg H (Bo3)
|rated|
|rule|Species Clause: Limit one of each Pokémon
|rule|Item Clause: Limit 1 of each item
|clearpoke
|poke|p1|Pelipper, L50, F|
|poke|p1|Archaludon, L50, F|
|poke|p1|Murkrow, L50, M|
|poke|p1|Basculegion, L50, M|
|poke|p1|Amoonguss, L50, M|
|poke|p1|Incineroar, L50, M|
|poke|p2|Corviknight, L50, M|
|poke|p2|Garchomp, L50, M|
|poke|p2|Ninetales-Alola, L50, M|
|poke|p2|Sneasler, L50, M|
|poke|p2|Primarina, L50, M|
|poke|p2|Amoonguss, L50, M|
|teampreview|4
|showteam|p1|Pelipper||FocusSash|Drizzle|Hurricane,WeatherBall,IcyWind,Protect|||F|||50|,,,,,Ghost]Archaludon||AssaultVest|Stamina|DragonPulse,FlashCannon,ElectroShot,BodyPress|||F|||50|,,,,,Grass]Murkrow||Eviolite|Prankster|BraveBird,RainDance,Haze,Tailwind|||M|||50|,,,,,Ghost]Basculegion||ChoiceBand|SwiftSwim|WaveCrash,AquaJet,FlipTurn,LastRespects|||M|||50|,,,,,Water]Amoonguss||RockyHelmet|Regenerator|PollenPuff,Spore,RagePowder,Protect|||M|||50|,,,,,Water]Incineroar||SafetyGoggles|Intimidate|FlareBlitz,KnockOff,FakeOut,PartingShot|||M|||50|,,,,,Ghost
|showteam|p2|Corviknight||Leftovers|MirrorArmor|BraveBird,BodyPress,BulkUp,Tailwind|||M|||50|,,,,,Fire]Garchomp||ClearAmulet|RoughSkin|Earthquake,RockSlide,StompingTantrum,Protect|||M|||50|,,,,,Ground]Ninetales-Alola||LightClay|SnowWarning|Blizzard,Encore,AuroraVeil,Protect|||M|||50|,,,,,Ghost]Sneasler||WhiteHerb|Unburden|DireClaw,CloseCombat,Protect,Coaching|||M|||50|,,,,,Flying]Primarina||ThroatSpray|LiquidVoice|HyperVoice,Moonblast,CalmMind,Protect|||M|||50|,,,,,Poison]Amoonguss||SitrusBerry|Regenerator|ClearSmog,PollenPuff,RagePowder,Spore|||M|||50|,,,,,Psychic
|inactive|Battle timer is ON: inactive players will automatically lose when time's up. (requested by HopeAddict)
|c|☆HopeAddict|im so sorry man that was awful
|c|☆Gab98|don't worry
|inactive|HopeAddict has 60 seconds left.
|
|t:|1756842051
|teamsize|p1|4
|teamsize|p2|4
|start
|switch|p1a: Pelipper|Pelipper, L50, F|100/100
|switch|p1b: Basculegion|Basculegion, L50, M|100/100
|switch|p2a: Sneasler|Sneasler, L50, M|100/100
|switch|p2b: Corviknight|Corviknight, L50, M, shiny|100/100
|-weather|RainDance|[from] ability: Drizzle|[of] p1a: Pelipper
|turn|1
|
|t:|1756842067
|switch|p2a: Ninetales|Ninetales-Alola, L50, M|100/100
|-weather|Snowscape|[from] ability: Snow Warning|[of] p2a: Ninetales
|move|p1a: Pelipper|Icy Wind|p2b: Corviknight|[spread] p2b
|-miss|p1a: Pelipper|p2a: Ninetales
|-damage|p2b: Corviknight|91/100
|-ability|p2b: Corviknight|Mirror Armor
|-unboost|p1a: Pelipper|spe|1
|move|p1b: Basculegion|Flip Turn|p2a: Ninetales
|-damage|p2a: Ninetales|59/100
|
|t:|1756842083
|switch|p1b: Murkrow|Murkrow, L50, M|100/100|[from] Flip Turn
|move|p2b: Corviknight|Bulk Up|p2b: Corviknight
|-boost|p2b: Corviknight|atk|1
|-boost|p2b: Corviknight|def|1
|
|-weather|Snowscape|[upkeep]
|-heal|p2b: Corviknight|97/100|[from] item: Leftovers
|upkeep
|turn|2
|
|t:|1756842097
|switch|p1a: Archaludon|Archaludon, L50, F|100/100
|move|p1b: Murkrow|Rain Dance|p1b: Murkrow
|-weather|RainDance
|move|p2a: Ninetales|Encore||[still]
|-fail|p2a: Ninetales
|move|p2b: Corviknight|Bulk Up|p2b: Corviknight
|-boost|p2b: Corviknight|atk|1
|-boost|p2b: Corviknight|def|1
|
|-weather|RainDance|[upkeep]
|-heal|p2b: Corviknight|100/100|[from] item: Leftovers
|upkeep
|turn|3
|
|t:|1756842121
|switch|p2a: Sneasler|Sneasler, L50, M|100/100
|-terastallize|p2b: Corviknight|Fire
|move|p1b: Murkrow|Haze|p1b: Murkrow
|-clearallboost
|move|p1a: Archaludon|Flash Cannon|p2a: Sneasler
|-damage|p2a: Sneasler|42/100
|move|p2b: Corviknight|Body Press|p1a: Archaludon
|-supereffective|p1a: Archaludon
|-crit|p1a: Archaludon
|-damage|p1a: Archaludon|61/100
|-ability|p1a: Archaludon|Stamina|boost
|-boost|p1a: Archaludon|def|1
|
|-weather|RainDance|[upkeep]
|upkeep
|turn|4
|
|t:|1756842144
|move|p2a: Sneasler|Protect|p2a: Sneasler
|-singleturn|p2a: Sneasler|Protect
|move|p1b: Murkrow|Tailwind|p1b: Murkrow
|-sidestart|p1: Gab98|move: Tailwind
|move|p1a: Archaludon|Electro Shot||[still]
|-prepare|p1a: Archaludon|Electro Shot
|-boost|p1a: Archaludon|spa|1
|-anim|p1a: Archaludon|Electro Shot|p2b: Corviknight
|-damage|p2b: Corviknight|46/100
|move|p2b: Corviknight|Bulk Up|p2b: Corviknight
|-boost|p2b: Corviknight|atk|1
|-boost|p2b: Corviknight|def|1
|
|-weather|RainDance|[upkeep]
|-heal|p2b: Corviknight|52/100|[from] item: Leftovers
|upkeep
|turn|5
|
|t:|1756842163
|switch|p2a: Ninetales|Ninetales-Alola, L50, M|59/100
|-weather|Snowscape|[from] ability: Snow Warning|[of] p2a: Ninetales
|move|p1b: Murkrow|Brave Bird|p2a: Ninetales
|-damage|p2a: Ninetales|19/100
|-damage|p1b: Murkrow|84/100|[from] Recoil
|move|p1a: Archaludon|Electro Shot||[still]
|-prepare|p1a: Archaludon|Electro Shot
|-boost|p1a: Archaludon|spa|1
|move|p2b: Corviknight|Body Press|p1a: Archaludon
|-supereffective|p1a: Archaludon
|-damage|p1a: Archaludon|35/100
|-ability|p1a: Archaludon|Stamina|boost
|-boost|p1a: Archaludon|def|1
|
|-weather|Snowscape|[upkeep]
|-heal|p2b: Corviknight|58/100|[from] item: Leftovers
|upkeep
|turn|6
|
|t:|1756842187
|switch|p2b: Garchomp|Garchomp, L50, M, shiny|100/100
|move|p1b: Murkrow|Rain Dance|p1b: Murkrow
|-weather|RainDance
|move|p1a: Archaludon|Electro Shot|p2b: Garchomp|[from] lockedmove
|-immune|p2b: Garchomp
|move|p2a: Ninetales|Blizzard|p1a: Archaludon|[spread] p1a,p1b
|-supereffective|p1b: Murkrow
|-damage|p1a: Archaludon|10/100
|-damage|p1b: Murkrow|0 fnt
|-ability|p1a: Archaludon|Stamina|boost
|-boost|p1a: Archaludon|def|1
|faint|p1b: Murkrow
|
|-weather|RainDance|[upkeep]
|upkeep
|
|t:|1756842191
|switch|p1b: Basculegion|Basculegion, L50, M|100/100
|turn|7
|
|t:|1756842215
|switch|p2a: Sneasler|Sneasler, L50, M|42/100
|-terastallize|p1b: Basculegion|Water
|move|p2b: Garchomp|Protect|p2b: Garchomp
|-singleturn|p2b: Garchomp|Protect
|move|p1b: Basculegion|Wave Crash|p2a: Sneasler
|-damage|p2a: Sneasler|0 fnt
|faint|p2a: Sneasler
|-damage|p1b: Basculegion|90/100|[from] Recoil
|move|p1a: Archaludon|Dragon Pulse|p2b: Garchomp
|-activate|p2b: Garchomp|move: Protect
|
|-weather|RainDance|[upkeep]
|-sideend|p1: Gab98|move: Tailwind
|upkeep
|
|t:|1756842236
|switch|p2a: Ninetales|Ninetales-Alola, L50, M|19/100
|-weather|Snowscape|[from] ability: Snow Warning|[of] p2a: Ninetales
|turn|8
|inactive|HopeAddict has 30 seconds left.
|inactive|HopeAddict has 20 seconds left.
|
|t:|1756842281
|switch|p1b: Pelipper|Pelipper, L50, F|100/100
|-weather|RainDance|[from] ability: Drizzle|[of] p1b: Pelipper
|move|p2a: Ninetales|Blizzard|p1a: Archaludon|[spread] p1b
|-miss|p2a: Ninetales|p1a: Archaludon
|-damage|p1b: Pelipper|49/100
|move|p2b: Garchomp|Stomping Tantrum|p1b: Pelipper
|-immune|p1b: Pelipper
|move|p1a: Archaludon|Dragon Pulse|p2b: Garchomp
|-supereffective|p2b: Garchomp
|-damage|p2b: Garchomp|0 fnt
|faint|p2b: Garchomp
|
|-weather|RainDance|[upkeep]
|upkeep
|
|t:|1756842293
|switch|p2b: Corviknight|Corviknight, L50, M, shiny, tera:Fire|58/100
|turn|9
|
|t:|1756842324
|move|p2a: Ninetales|Blizzard|p1a: Archaludon|[spread] p1a,p1b
|-damage|p1a: Archaludon|0 fnt
|-damage|p1b: Pelipper|3/100
|faint|p1a: Archaludon
|move|p1b: Pelipper|Hurricane|p2b: Corviknight
|-damage|p2b: Corviknight|21/100
|move|p2b: Corviknight|Brave Bird|p1b: Pelipper
|-damage|p1b: Pelipper|0 fnt
|faint|p1b: Pelipper
|-damage|p2b: Corviknight|21/100|[from] Recoil
|
|-weather|RainDance|[upkeep]
|-heal|p2b: Corviknight|27/100|[from] item: Leftovers
|upkeep
|
|t:|1756842328
|switch|p1b: Basculegion|Basculegion, L50, M, tera:Water|90/100
|turn|10
|
|t:|1756842340
|move|p1b: Basculegion|Last Respects|p2b: Corviknight
|-damage|p2b: Corviknight|0 fnt
|faint|p2b: Corviknight
|move|p2a: Ninetales|Blizzard|p1b: Basculegion
|-resisted|p1b: Basculegion
|-damage|p1b: Basculegion|71/100
|
|-weather|RainDance|[upkeep]
|upkeep
|turn|11
|
|t:|1756842348
|move|p2a: Ninetales|Protect|p2a: Ninetales
|-singleturn|p2a: Ninetales|Protect
|move|p1b: Basculegion|Last Respects|p2a: Ninetales
|-activate|p2a: Ninetales|move: Protect
|
|-weather|RainDance|[upkeep]
|upkeep
|turn|12
|
|t:|1756842363
|move|p2a: Ninetales|Protect||[still]
|-fail|p2a: Ninetales
|move|p1b: Basculegion|Last Respects|p2a: Ninetales
|-damage|p2a: Ninetales|0 fnt
|faint|p2a: Ninetales
|
|win|Gab98
||HopeAddict is ready for game 3.
||Gab98 is ready for game 3.
|uhtml|next|Next: Game 3 of 3
|l|☆Gab98
|player|p1|
