|j|☆Ribombees believer
|j|☆SnorlaxPikachu1
|html|Ribombees believerSnorlaxPikachu1    
|uhtml|bestof|Game 1 of a best-of-3
|t:|1756675045
|gametype|doubles
|player|p1|Ribombees believer|skier|1317
|player|p2|SnorlaxPikachu1|palmer|1376
|gen|9
|tier|[Gen 9] VGC 2025 Reg H (Bo3)
|rated|
|rule|Species Clause: Limit one of each Pokémon
|rule|Item Clause: Limit 1 of each item
|clearpoke
|poke|p1|Dondozo, L50, M|
|poke|p1|Tatsugiri, L50, F|
|poke|p1|Indeedee, L50, M|
|poke|p1|Dragapult, L50, M|
|poke|p1|Ribombee, L50, M|
|poke|p1|Gholdengo, L50|
|poke|p2|Kingambit, L50, F|
|poke|p2|Rillaboom, L50, F|
|poke|p2|Ninetales-Alola, L50, F|
|poke|p2|Magmar, L50, M|
|poke|p2|Sneasler, L50, F|
|poke|p2|Basculegion, L50, M|
|teampreview|4
|showteam|p1|Dondozo||Leftovers|Unaware|WaveCrash,Earthquake,OrderUp,Protect|||M|||50|,,,,,Grass]Tatsugiri||ChoiceScarf|Commander|MuddyWater,DracoMeteor,DragonPulse,TeraBlast|||F|||50|,,,,,Fairy]Indeedee||FocusSash|PsychicSurge|ExpandingForce,TeraBlast,HyperVoice,Protect|||M|||50|,,,,,Fighting]Dragapult||ChoiceBand|ClearBody|DragonDarts,Outrage,PhantomForce,Uturn|||M|||50|,,,,,Dragon]Ribombee||ChoiceSpecs|ShieldDust|Moonblast,PollenPuff,DazzlingGleam,TeraBlast|||M|||50|,,,,,Ground]Gholdengo||LifeOrb|GoodasGold|MakeItRain,ShadowBall,Thunderbolt,Protect||||||50|,,,,,Water
|showteam|p2|Kingambit||BlackGlasses|Defiant|SuckerPunch,KowtowCleave,SwordsDance,Protect|||F|||50|,,,,,Fire]Rillaboom||AssaultVest|GrassySurge|WoodHammer,GrassyGlide,Uturn,FakeOut|||F|||50|,,,,,Ghost]Ninetales-Alola||LifeOrb|SnowWarning|Blizzard,FreezeDry,Encore,Protect|||F|||50|,,,,,Ice]Magmar||Eviolite|VitalSpirit|HeatWave,WillOWisp,FollowMe,Protect|||M|||50|,,,,,Ghost]Sneasler||FocusSash|PoisonTouch|DireClaw,CloseCombat,FakeOut,Protect|||F|||50|,,,,,Ghost]Basculegion||ChoiceScarf|Adaptability|TeraBlast,LastRespects,WaveCrash,FlipTurn|||M|||50|,,,,,Fighting
|inactive|Battle timer is ON: inactive players will automatically lose when time's up. (requested by Ribombees believer)
|c|☆SnorlaxPikachu1|glhf
|c|☆Ribombees believer|u2
|inactive|Ribombees believer has 60 seconds left.
|inactive|SnorlaxPikachu1 has 60 seconds left.
|
|t:|1756675096
|teamsize|p1|4
|teamsize|p2|4
|start
|switch|p1a: ilaunchmybro|Dragapult, L50, M|100/100
|switch|p1b: Main Character|Ribombee, L50, M|100/100
|switch|p2a: Sneasler|Sneasler, L50, F|100/100
|switch|p2b: Kingambit|Kingambit, L50, F|100/100
|turn|1
|inactive|SnorlaxPikachu1 has 30 seconds left.
|inactive|SnorlaxPikachu1 has 20 seconds left.
|
|t:|1756675132
|-terastallize|p1a: ilaunchmybro|Dragon
|move|p2b: Kingambit|Sucker Punch|p1a: ilaunchmybro
|-damage|p1a: ilaunchmybro|38/100
|move|p1a: ilaunchmybro|Dragon Darts|p2a: Sneasler
|-damage|p2a: Sneasler|2/100
|-anim|p1a: ilaunchmybro|Dragon Darts|p2b: Kingambit
|-resisted|p2b: Kingambit
|-damage|p2b: Kingambit|78/100
|move|p1b: Main Character|Dazzling Gleam|p2b: Kingambit|[spread] p2a,p2b
|-damage|p2a: Sneasler|0 fnt
|-damage|p2b: Kingambit|37/100
|faint|p2a: Sneasler
|
|upkeep
|
|t:|1756675146
|switch|p2a: Ninetales|Ninetales-Alola, L50, F|100/100
|-weather|Snowscape|[from] ability: Snow Warning|[of] p2a: Ninetales
|turn|2
|
|t:|1756675153
|switch|p1a: Big Back|Dondozo, L50, M|100/100
|move|p2b: Kingambit|Protect|p2b: Kingambit
|-singleturn|p2b: Kingambit|Protect
|move|p1b: Main Character|Dazzling Gleam|p2a: Ninetales|[spread] p2a
|-activate|p2b: Kingambit|move: Protect
|-damage|p2a: Ninetales|54/100
|move|p2a: Ninetales|Blizzard|p1a: Big Back|[spread] p1a,p1b
|-resisted|p1a: Big Back
|-damage|p1a: Big Back|79/100
|-damage|p1b: Main Character|26/100
|-damage|p2a: Ninetales|44/100|[from] item: Life Orb
|
|-weather|Snowscape|[upkeep]
|-heal|p1a: Big Back|85/100|[from] item: Leftovers
|upkeep
|turn|3
|
|t:|1756675168
|switch|p1b: Alaskan Roll|Tatsugiri, L50, F|100/100
|-activate|p1b: Alaskan Roll|ability: Commander|[of] p1a: Big Back
|-boost|p1a: Big Back|atk|2
|-boost|p1a: Big Back|spa|2
|-boost|p1a: Big Back|spe|2
|-boost|p1a: Big Back|def|2
|-boost|p1a: Big Back|spd|2
|-terastallize|p2a: Ninetales|Ice
|move|p2b: Kingambit|Sucker Punch||[still]
|-fail|p2b: Kingambit
|move|p1a: Big Back|Earthquake|p2a: Ninetales|[spread] p2a,p2b
|-miss|p1a: Big Back|p1b: Alaskan Roll
|-supereffective|p2b: Kingambit
|-damage|p2a: Ninetales|3/100
|-damage|p2b: Kingambit|0 fnt
|faint|p2b: Kingambit
|move|p2a: Ninetales|Freeze-Dry|p1a: Big Back
|-supereffective|p1a: Big Back
|-damage|p1a: Big Back|35/100
|-damage|p2a: Ninetales|0 fnt|[from] item: Life Orb
|faint|p2a: Ninetales
|
|-weather|Snowscape|[upkeep]
|-heal|p1a: Big Back|42/100|[from] item: Leftovers
|upkeep
|
|t:|1756675174
|switch|p2b: Rillaboom|Rillaboom, L50, F|100/100
|-fieldstart|move: Grassy Terrain|[from] ability: Grassy Surge|[of] p2b: Rillaboom
|turn|4
|c|☆SnorlaxPikachu1|rillaboom comeback???
|
|t:|1756675192
|move|p1a: Big Back|Protect|p1a: Big Back
|-singleturn|p1a: Big Back|Protect
|move|p2b: Rillaboom|Wood Hammer|p1a: Big Back
|-activate|p1a: Big Back|move: Protect
|
|-weather|Snowscape|[upkeep]
|-heal|p1a: Big Back|48/100|[from] Grassy Terrain
|-heal|p1a: Big Back|54/100|[from] item: Leftovers
|upkeep
|turn|5
|c|☆Ribombees believer|nah
|
|t:|1756675198
|move|p1a: Big Back|Order Up|p2b: Rillaboom
|-crit|p2b: Rillaboom
|-damage|p2b: Rillaboom|29/100
|-boost|p1a: Big Back|atk|1
|move|p2b: Rillaboom|Wood Hammer|p1a: Big Back
|-supereffective|p1a: Big Back
|-damage|p1a: Big Back|0 fnt
|faint|p1a: Big Back
|-damage|p2b: Rillaboom|9/100|[from] Recoil
|
|-weather|Snowscape|[upkeep]
|-heal|p2b: Rillaboom|15/100|[from] Grassy Terrain
|upkeep
|
|t:|1756675203
|switch|p1a: ilaunchmybro|Dragapult, L50, M, tera:Dragon|38/100
|turn|6
|
|t:|1756675210
|move|p2b: Rillaboom|Grassy Glide|p1a: ilaunchmybro
|-resisted|p1a: ilaunchmybro
|-damage|p1a: ilaunchmybro|15/100
|move|p1b: Alaskan Roll|Dragon Pulse|p2b: Rillaboom
|-damage|p2b: Rillaboom|0 fnt
|faint|p2b: Rillaboom
|
|win|Ribombees believer
||SnorlaxPikachu1 is ready for game 2.
||Ribombees believer is ready for game 2.
|uhtml|next|Next: Game 2 of 3
