|j|☆WarlogFV
|j|☆ZomalaVGC
|html|WarlogFVZomalaVGC    
|uhtml|bestof|Game 2 of a best-of-3
|t:|1784747561
|gametype|doubles
|player|p1|WarlogFV|erika|
|player|p2|ZomalaVGC|lucas-gen4pt|
|gen|9
|tier|[Gen 9 Champions] VGC 2026 Reg M-B (Bo3)
|rule|Species Clause: Limit one of each Pokémon
|rule|Item Clause: Limit 1 of each item
|clearpoke
|poke|p1|Tyranitar, L50, M|
|poke|p1|Delphox, L50, M|
|poke|p1|Excadrill, L50, M|
|poke|p1|Sneasler, L50, F|
|poke|p1|Rotom-Wash, L50|
|poke|p1|Corviknight, L50, M|
|poke|p2|Venusaur, L50, F|
|poke|p2|Charizard, L50, F|
|poke|p2|Pelipper, L50, F|
|poke|p2|Grimmsnarl, L50, M|
|poke|p2|Basculegion, L50, M|
|poke|p2|Archaludon, L50, F|
|teampreview|4
|showteam|p1|Tyranitar||Tyranitarite|SandStream|RockSlide,KnockOff,LowKick,Protect|Adamant||M|||50|]Delphox||Delphoxite|Blaze|Psychic,HeatWave,Encore,Protect|Timid||M|||50|]Excadrill||FocusSash|SandRush|Earthquake,IronHead,RockSlide,Protect|Jolly||M|||50|]Sneasler||WhiteHerb|Unburden|CloseCombat,GunkShot,FakeOut,Protect|Jolly||F|||50|]Rotom-Wash||ChoiceScarf|Levitate|HydroPump,Thunderbolt,VoltSwitch,Electroweb|Timid|||||50|]Corviknight||Leftovers|MirrorArmor|BraveBird,IronHead,Tailwind,Roost|Adamant||M|||50|
|showteam|p2|Venusaur||Venusaurite|Chlorophyll|GigaDrain,EarthPower,SleepPowder,Protect|Modest||F|||50|]Charizard||CharizarditeY|Blaze|HeatWave,WeatherBall,Hurricane,Protect|Modest||F|||50|]Pelipper||FocusSash|Drizzle|Hurricane,WeatherBall,Tailwind,Protect|Modest||F|||50|]Grimmsnarl||LightClay|Prankster|SpiritBreak,Reflect,LightScreen,PartingShot|Sassy||M|||50|]Basculegion||ChoiceScarf|Adaptability|WaveCrash,LastRespects,FlipTurn,IcyWind|Jolly||M|||50|]Archaludon||Leftovers|Stamina|DragonPulse,FlashCannon,ElectroShot,Protect|Modest||F|||50|
|j| splash2ndcousin
|j| JackWhiteVGC
|j| nkgill1101
|j| teslobo
|j| bwhitevgc
|j| MrGardnHose
|j| p3ds
|inactive|Battle timer is ON: inactive players will automatically lose when time's up. (requested by WarlogFV)
|c|☆WarlogFV|glhf
|c|☆ZomalaVGC|glhf
|j| The Maknoon
|j| shadow193
|inactive|ZomalaVGC has 60 seconds left.
|inactive|ZomalaVGC has 30 seconds left.
|inactive|ZomalaVGC has 20 seconds left.
|inactive|ZomalaVGC has 15 seconds left.
|
|t:|1784747642
|teamsize|p1|4
|teamsize|p2|4
|start
|switch|p1a: Rotom|Rotom-Wash, L50|100/100
|switch|p1b: Delphox|Delphox, L50, M|100/100
|switch|p2a: Basculegion|Basculegion, L50, M|100/100
|switch|p2b: Venusaur|Venusaur, L50, F|100/100
|turn|1
|inactive|ZomalaVGC has 30 seconds left.
|inactive|ZomalaVGC has 20 seconds left.
|inactive|ZomalaVGC has 15 seconds left.
|inactive|ZomalaVGC has 10 seconds left.
|inactive|ZomalaVGC has 5 seconds left.
|
|t:|1784747693
|switch|p2a: Archaludon|Archaludon, L50, F|100/100
|detailschange|p2b: Venusaur|Venusaur-Mega, L50, F
|-mega|p2b: Venusaur|Venusaur|Venusaurite
|move|p1b: Delphox|Protect|p1b: Delphox
|-singleturn|p1b: Delphox|Protect
|move|p1a: Rotom|Thunderbolt|p2a: Archaludon
|-resisted|p2a: Archaludon|1
|-damage|p2a: Archaludon|77/100
|-ability|p2a: Archaludon|Stamina|boost
|-boost|p2a: Archaludon|def|1
|move|p2b: Venusaur|Giga Drain|p1a: Rotom
|-supereffective|p1a: Rotom|1
|-damage|p1a: Rotom|0 fnt
|faint|p1a: Rotom
|
|-heal|p2a: Archaludon|83/100|[from] item: Leftovers
|upkeep
|
|t:|1784747698
|switch|p1a: Excadrill|Excadrill, L50, M|100/100
|turn|2
|inactive|ZomalaVGC has 30 seconds left.
|inactive|ZomalaVGC has 20 seconds left.
|inactive|ZomalaVGC has 15 seconds left.
|inactive|ZomalaVGC has 10 seconds left.
|
|t:|1784747744
|switch|p2b: Pelipper|Pelipper, L50, F|100/100
|-weather|RainDance|[from] ability: Drizzle|[of] p2b: Pelipper
|detailschange|p1b: Delphox|Delphox-Mega, L50, M
|-mega|p1b: Delphox|Delphox|Delphoxite
|move|p1b: Delphox|Heat Wave|p2a: Archaludon|[spread] p2a,p2b
|-resisted|p2b: Pelipper|1
|-damage|p2a: Archaludon|59/100
|-damage|p2b: Pelipper|82/100
|-ability|p2a: Archaludon|Stamina|boost
|-boost|p2a: Archaludon|def|1
|move|p1a: Excadrill|Earthquake|p2b: Pelipper|[spread] p2a
|-immune|p1b: Delphox|[from] ability: Levitate
|-immune|p2b: Pelipper
|-supereffective|p2a: Archaludon|1
|-damage|p2a: Archaludon|27/100
|-ability|p2a: Archaludon|Stamina|boost
|-boost|p2a: Archaludon|def|1
|move|p2a: Archaludon|Electro Shot||[still]
|-prepare|p2a: Archaludon|Electro Shot
|-boost|p2a: Archaludon|spa|1
|-anim|p2a: Archaludon|Electro Shot|p1b: Delphox
|-damage|p1b: Delphox|39/100
|
|-weather|RainDance|[upkeep]
|-heal|p2a: Archaludon|33/100|[from] item: Leftovers
|upkeep
|turn|3
|inactive|WarlogFV has 30 seconds left.
|inactive|ZomalaVGC has 30 seconds left.
|inactive|ZomalaVGC has 20 seconds left.
|inactive|WarlogFV has 20 seconds left.
|inactive|ZomalaVGC has 15 seconds left.
|inactive|ZomalaVGC has 10 seconds left.
|inactive|ZomalaVGC has 5 seconds left.
|
|t:|1784747797
|switch|p1a: Tyranitar|Tyranitar, L50, M|100/100
|-weather|Sandstorm|[from] ability: Sand Stream|[of] p1a: Tyranitar
|move|p1b: Delphox|Encore|p2a: Archaludon
|-start|p2a: Archaludon|Encore
|move|p2a: Archaludon|Electro Shot||[still]
|-prepare|p2a: Archaludon|Electro Shot
|-boost|p2a: Archaludon|spa|1
|move|p2b: Pelipper|Tailwind|p2b: Pelipper
|-sidestart|p2: ZomalaVGC|move: Tailwind
|
|-weather|Sandstorm|[upkeep]
|-damage|p2b: Pelipper|76/100|[from] Sandstorm
|-damage|p1b: Delphox|33/100|[from] Sandstorm
|-heal|p2a: Archaludon|39/100|[from] item: Leftovers
|upkeep
|turn|4
|
|t:|1784747815
|switch|p2b: Venusaur|Venusaur-Mega, L50, F|100/100
|switch|p1b: Excadrill|Excadrill, L50, M|100/100
|move|p2a: Archaludon|Electro Shot|p1b: Excadrill|[from] lockedmove
|-immune|p1b: Excadrill
|move|p1a: Tyranitar|Low Kick|p2a: Archaludon
|-supereffective|p2a: Archaludon|1
|-damage|p2a: Archaludon|23/100
|-ability|p2a: Archaludon|Stamina|boost
|-boost|p2a: Archaludon|def|1
|
|-weather|Sandstorm|[upkeep]
|-damage|p2b: Venusaur|94/100|[from] Sandstorm
|-heal|p2a: Archaludon|29/100|[from] item: Leftovers
|upkeep
|turn|5
|
|t:|1784747833
|switch|p2b: Pelipper|Pelipper, L50, F|76/100
|-weather|RainDance|[from] ability: Drizzle|[of] p2b: Pelipper
|move|p1b: Excadrill|Protect|p1b: Excadrill
|-singleturn|p1b: Excadrill|Protect
|move|p2a: Archaludon|Electro Shot||[still]
|-prepare|p2a: Archaludon|Electro Shot
|-boost|p2a: Archaludon|spa|1
|-anim|p2a: Archaludon|Electro Shot|p1a: Tyranitar
|-crit|p1a: Tyranitar
|-damage|p1a: Tyranitar|0 fnt
|faint|p1a: Tyranitar
|
|-weather|RainDance|[upkeep]
|-heal|p2a: Archaludon|35/100|[from] item: Leftovers
|-end|p2a: Archaludon|Encore
|upkeep
|
|t:|1784747849
|switch|p1a: Delphox|Delphox-Mega, L50, M|33/100
|turn|6
|
|t:|1784747858
|move|p1a: Delphox|Protect|p1a: Delphox
|-singleturn|p1a: Delphox|Protect
|move|p2a: Archaludon|Dragon Pulse|p1a: Delphox
|-activate|p1a: Delphox|move: Protect
|move|p2b: Pelipper|Weather Ball|p1b: Excadrill
|-supereffective|p1b: Excadrill|1
|-enditem|p1b: Excadrill|Focus Sash
|-damage|p1b: Excadrill|1/100
|move|p1b: Excadrill|Iron Head|p2b: Pelipper
|-resisted|p2b: Pelipper|1
|-damage|p2b: Pelipper|50/100g
|
|-weather|RainDance|[upkeep]
|-heal|p2a: Archaludon|41/100|[from] item: Leftovers
|-sideend|p2: ZomalaVGC|move: Tailwind
|upkeep
|turn|7
|l| bwhitevgc
|
|t:|1784747874
|move|p1a: Delphox|Heat Wave|p2b: Pelipper|[spread] p2a,p2b
|-resisted|p2b: Pelipper|1
|-damage|p2a: Archaludon|17/100
|-damage|p2b: Pelipper|33/100
|-status|p2a: Archaludon|brn
|-ability|p2a: Archaludon|Stamina|boost
|-boost|p2a: Archaludon|def|1
|move|p1b: Excadrill|Rock Slide|p2a: Archaludon|[spread] p2a,p2b
|-resisted|p2a: Archaludon|1
|-supereffective|p2b: Pelipper|1
|-damage|p2a: Archaludon|14/100 brn
|-damage|p2b: Pelipper|0 fnt
|-ability|p2a: Archaludon|Stamina|boost
|-boost|p2a: Archaludon|def|1
|faint|p2b: Pelipper
|move|p2a: Archaludon|Dragon Pulse|p1a: Delphox
|-damage|p1a: Delphox|0 fnt
|faint|p1a: Delphox
|
|-weather|RainDance|[upkeep]
|-heal|p2a: Archaludon|20/100y brn|[from] item: Leftovers
|-damage|p2a: Archaludon|14/100 brn|[from] brn
|upkeep
|
|t:|1784747878
|switch|p2b: Basculegion|Basculegion, L50, M|100/100
|turn|8
|c|☆WarlogFV|ggwp
|c|☆ZomalaVGC|gg
|
|t:|1784747893
|move|p2b: Basculegion|Last Respects|p1b: Excadrill
|-damage|p1b: Excadrill|0 fnt
|faint|p1b: Excadrill
|
|win|ZomalaVGC
|l| The Maknoon
|l| nkgill1101
|l| JackWhiteVGC
|c|☆WarlogFV|do u mind if u submit replays?
|l|☆WarlogFV
|player|p1|
|l| splash2ndcousin
|l| p3ds
|j| Onemagician4496
|l| Onemagician4496
|l|☆ZomalaVGC
|player|p2|
|l| MrGardnHose
|l| shadow193
|n| teslobo|teslobo
|j| delucieous
|l| delucieous
|j| nkgill1101
