|j|☆lux raymundi
|j|☆SunFakeout
|html|lux raymundiSunFakeout    
|uhtml|bestof|Game 1 of a best-of-3
|t:|1783109493
|gametype|doubles
|player|p1|lux raymundi|2|1160
|player|p2|SunFakeout|2|1196
|gen|9
|tier|[Gen 9 Champions] VGC 2026 Reg M-B (Bo3)
|rated|
|rule|Species Clause: Limit one of each Pokémon
|rule|Item Clause: Limit 1 of each item
|clearpoke
|poke|p1|Farigiraf, L50, M|
|poke|p1|Floette-Eternal, L50, F|
|poke|p1|Basculegion, L50, M|
|poke|p1|Sneasler, L50, M|
|poke|p1|Sinistcha, L50|
|poke|p1|Delphox, L50, M|
|poke|p2|Blaziken, L50, F|
|poke|p2|Torkoal, L50, F|
|poke|p2|Raichu, L50, F|
|poke|p2|Kingambit, L50, F|
|poke|p2|Sylveon, L50, F|
|poke|p2|Sinistcha, L50|
|teampreview|4
|showteam|p1|Farigiraf||SitrusBerry|ArmorTail|TrickRoom,HelpingHand,Protect,TwinBeam|Bold||M|||50|]Floette-Eternal||Floettite|FlowerVeil|CalmMind,DazzlingGleam,Moonblast,Protect|Modest||F|||50|]Basculegion||FocusSash|Adaptability|AquaJet,Liquidation,LastRespects,Protect|Adamant||M|||50|]Sneasler||WhiteHerb|Unburden|FakeOut,CloseCombat,DireClaw,Protect|Jolly||M|||50|]Sinistcha||KasibBerry|Hospitality|MatchaGotcha,RagePowder,TrickRoom,LifeDew|Serious|||||50|]Delphox||Delphoxite|Blaze|NastyPlot,HeatWave,Psychic,Protect|Timid||M|||50|
|showteam|p2|Blaziken||Blazikenite|SpeedBoost|FlareBlitz,CloseCombat,RockSlide,Detect|Adamant||F|||50|]Torkoal||Charcoal|Drought|Eruption,WeatherBall,HelpingHand,Protect|Modest||F|||50|]Raichu||RaichuniteY|LightningRod|ZapCannon,FocusBlast,FakeOut,Protect|Timid||F|||50|]Kingambit||LifeOrb|Defiant|KowtowCleave,SuckerPunch,SwordsDance,Protect|Adamant||F|||50|]Sylveon||FairyFeather|Pixilate|HyperVoice,HyperBeam,QuickAttack,Detect|Modest||F|||50|]Sinistcha||SitrusBerry|Hospitality|MatchaGotcha,RagePowder,TrickRoom,Protect|Relaxed|||||50|
|
|t:|1783109546
|teamsize|p1|4
|teamsize|p2|4
|start
|switch|p1a: Sneasler|Sneasler, L50, M|100/100
|switch|p1b: Delphox|Delphox, L50, M|100/100
|switch|p2a: Blaziken|Blaziken, L50, F|100/100
|switch|p2b: Torkoal|Torkoal, L50, F|100/100
|-weather|SunnyDay|[from] ability: Drought|[of] p2b: Torkoal
|turn|1
|
|t:|1783109582
|detailschange|p1b: Delphox|Delphox-Mega, L50, M
|-mega|p1b: Delphox|Delphox|Delphoxite
|detailschange|p2a: Blaziken|Blaziken-Mega, L50, F
|-mega|p2a: Blaziken|Blaziken|Blazikenite
|move|p2a: Blaziken|Detect|p2a: Blaziken
|-singleturn|p2a: Blaziken|Protect
|move|p1a: Sneasler|Fake Out|p2b: Torkoal
|-damage|p2b: Torkoal|88/100
|move|p1b: Delphox|Psychic|p2b: Torkoal
|-damage|p2b: Torkoal|18/100
|cant|p2b: Torkoal|flinch
|
|-weather|SunnyDay|[upkeep]
|-ability|p2a: Blaziken|Speed Boost|boost
|-boost|p2a: Blaziken|spe|1
|upkeep
|turn|2
|
|t:|1783109628
|move|p2b: Torkoal|Helping Hand|p2a: Blaziken
|-singleturn|p2a: Blaziken|Helping Hand|[of] p2b: Torkoal
|move|p2a: Blaziken|Flare Blitz|p1b: Delphox
|-resisted|p1b: Delphox|1
|-damage|p1b: Delphox|0 fnt
|faint|p1b: Delphox
|-damage|p2a: Blaziken|68/100|[from] Recoil
|move|p1a: Sneasler|Close Combat|p2a: Blaziken
|-damage|p2a: Blaziken|0 fnt
|-unboost|p1a: Sneasler|def|1
|-unboost|p1a: Sneasler|spd|1
|faint|p2a: Blaziken
|-enditem|p1a: Sneasler|White Herb
|-clearnegativeboost|p1a: Sneasler|[silent]
|
|-weather|SunnyDay|[upkeep]
|upkeep
|
|t:|1783109647
|switch|p1b: Farigiraf|Farigiraf, L50, M|100/100
|switch|p2a: Sinistcha|Sinistcha, L50|100/100
|-heal|p2b: Torkoal|42/100|[from] ability: Hospitality|[of] p2a: Sinistcha
|turn|3
|
|t:|1783109666
|move|p1b: Farigiraf|Helping Hand|p1a: Sneasler
|-singleturn|p1a: Sneasler|Helping Hand|[of] p1b: Farigiraf
|move|p1a: Sneasler|Dire Claw|p2b: Torkoal
|-damage|p2b: Torkoal|0 fnt
|faint|p2b: Torkoal
|move|p2a: Sinistcha|Trick Room|p2a: Sinistcha
|-fieldstart|move: Trick Room|[of] p2a: Sinistcha
|
|-weather|SunnyDay|[upkeep]
|upkeep
|
|t:|1783109671
|switch|p2b: Sylveon|Sylveon, L50, F|100/100
|turn|4
|
|t:|1783109683
|move|p1a: Sneasler|Protect|p1a: Sneasler
|-singleturn|p1a: Sneasler|Protect
|move|p2a: Sinistcha|Rage Powder|p2a: Sinistcha
|-singleturn|p2a: Sinistcha|move: Rage Powder
|move|p2b: Sylveon|Hyper Voice|p1b: Farigiraf|[spread] p1b
|-activate|p1a: Sneasler|move: Protect
|-damage|p1b: Farigiraf|59/100
|move|p1b: Farigiraf|Trick Room|p1b: Farigiraf
|-fieldend|move: Trick Room
|
|-weather|SunnyDay|[upkeep]
|upkeep
|turn|5
|
|t:|1783109699
|move|p1b: Farigiraf|Helping Hand|p1a: Sneasler
|-singleturn|p1a: Sneasler|Helping Hand|[of] p1b: Farigiraf
|move|p2a: Sinistcha|Protect|p2a: Sinistcha
|-singleturn|p2a: Sinistcha|Protect
|move|p1a: Sneasler|Dire Claw|p2b: Sylveon
|-supereffective|p2b: Sylveon|1
|-damage|p2b: Sylveon|0 fnt
|faint|p2b: Sylveon
|
|-weather|none
|upkeep
|turn|6
|-message|SunFakeout forfeited.
|
|win|lux raymundi
