|j|☆satandagiii2005
|j|☆B0mb3r6969
|html|satandagiii2005B0mb3r6969    
|uhtml|bestof|Game 2 of a best-of-3
|t:|1784083926
|gametype|doubles
|player|p1|satandagiii2005|byron|1222
|player|p2|B0mb3r6969|cynthia-gen4|1086
|gen|9
|tier|[Gen 9 Champions] VGC 2026 Reg M-B (Bo3)
|rated|
|rule|Species Clause: Limit one of each Pokémon
|rule|Item Clause: Limit 1 of each item
|clearpoke
|poke|p1|Grimmsnarl, L50, M|
|poke|p1|Venusaur, L50, M|
|poke|p1|Pelipper, L50, F|
|poke|p1|Aerodactyl, L50, F|
|poke|p1|Basculegion, L50, M|
|poke|p1|Archaludon, L50, F|
|poke|p2|Kingambit, L50, F|
|poke|p2|Heliolisk, L50, M|
|poke|p2|Delphox, L50, F|
|poke|p2|Swampert, L50, M|
|poke|p2|Staraptor, L50, F|
|poke|p2|Meowstic, L50, M|
|teampreview|4
|showteam|p1|Grimmsnarl||LightClay|Prankster|BrickBreak,Reflect,LightScreen,PartingShot|Sassy||M|||50|]Venusaur||Venusaurite|Chlorophyll|SludgeBomb,GigaDrain,EarthPower,Protect|Modest||M|||50|]Pelipper||SitrusBerry|Drizzle|Hurricane,WideGuard,Soak,RainDance|Calm||F|||50|]Aerodactyl||FocusSash|Unnerve|RockSlide,DualWingbeat,Tailwind,Protect|Jolly||F|||50|]Basculegion||ChoiceScarf|Adaptability|LastRespects,WaveCrash,FlipTurn,AquaJet|Jolly||M|||50|]Archaludon||Leftovers|Stamina|DragonPulse,ElectroShot,AuraSphere,Protect|Modest||F|||50|
|showteam|p2|Kingambit||ExpertBelt|Defiant|Protect,FoulPlay,IronHead,SuckerPunch|Brave||F|||50|]Heliolisk||ChoiceScarf|DrySkin|GrassKnot,Thunderbolt,VoltSwitch,Electrify|Timid||M|||50|]Delphox||Delphoxite|Blaze|Protect,ExpandingForce,NastyPlot,HeatWave|Timid||F|||50|]Swampert||Swampertite|Damp|HighHorsepower,IcePunch,Liquidation,PoisonJab|Adamant||M|||50|]Staraptor||Staraptite|Intimidate|CloseCombat,Roost,BraveBird,Protect|Adamant||F|||50|]Meowstic||ScopeLens|Prankster|Reflect,Charm,ExpandingForce,PsychicTerrain|Bold||M|||50|
|inactive|Battle timer is ON: inactive players will automatically lose when time's up. (requested by B0mb3r6969)
|inactive|satandagiii2005 has 60 seconds left.
|
|t:|1784083975
|teamsize|p1|4
|teamsize|p2|4
|start
|switch|p1a: Aerodactyl|Aerodactyl, L50, F|100/100
|switch|p1b: Basculegion|Basculegion, L50, M|100/100
|switch|p2a: Heliolisk|Heliolisk, L50, M|100/100
|switch|p2b: Meowstic|Meowstic, L50, M|100/100
|-ability|p1a: Aerodactyl|Unnerve
|turn|1
|
|t:|1784083996
|move|p2b: Meowstic|Charm|p1b: Basculegion
|-unboost|p1b: Basculegion|atk|2
|move|p2a: Heliolisk|Thunderbolt|p1a: Aerodactyl
|-supereffective|p1a: Aerodactyl|1
|-enditem|p1a: Aerodactyl|Focus Sash
|-damage|p1a: Aerodactyl|1/100
|-status|p1a: Aerodactyl|par
|move|p1b: Basculegion|Flip Turn|p2b: Meowstic
|-damage|p2b: Meowstic|78/100
|
|t:|1784084006
|switch|p1b: Archaludon|Archaludon, L50, F|100/100|[from] Flip Turn
|move|p1a: Aerodactyl|Rock Slide|p2b: Meowstic|[spread] p2a,p2b
|-damage|p2a: Heliolisk|47/100
|-damage|p2b: Meowstic|55/100
|
|upkeep
|turn|2
|inactive|B0mb3r6969 has 30 seconds left.
|inactive|B0mb3r6969 has 20 seconds left.
|inactive|B0mb3r6969 has 15 seconds left.
|
|t:|1784084046
|move|p1a: Aerodactyl|Protect|p1a: Aerodactyl
|-singleturn|p1a: Aerodactyl|Protect
|move|p2b: Meowstic|Reflect|p2b: Meowstic
|-sidestart|p2: B0mb3r6969|Reflect
|move|p2a: Heliolisk|Thunderbolt|p1a: Aerodactyl
|-activate|p1a: Aerodactyl|move: Protect
|move|p1b: Archaludon|Aura Sphere|p2a: Heliolisk
|-supereffective|p2a: Heliolisk|1
|-damage|p2a: Heliolisk|0 fnt
|faint|p2a: Heliolisk
|
|upkeep
|
|t:|1784084059
|switch|p2a: Staraptor|Staraptor, L50, F|100/100
|-ability|p2a: Staraptor|Intimidate|boost
|-unboost|p1a: Aerodactyl|atk|1
|-unboost|p1b: Archaludon|atk|1
|turn|3
|
|t:|1784084068
|switch|p1a: Pelipper|Pelipper, L50, F|100/100
|-weather|RainDance|[from] ability: Drizzle|[of] p1a: Pelipper
|detailschange|p2a: Staraptor|Staraptor-Mega, L50, F
|-mega|p2a: Staraptor|Staraptor|Staraptite
|move|p2b: Meowstic|Charm|p1a: Pelipper
|-unboost|p1a: Pelipper|atk|2
|move|p2a: Staraptor|Close Combat|p1b: Archaludon
|-supereffective|p1b: Archaludon|1
|-damage|p1b: Archaludon|6/100
|-boost|p2a: Staraptor|def|1
|-boost|p2a: Staraptor|spd|1
|-ability|p1b: Archaludon|Stamina|boost
|-boost|p1b: Archaludon|def|1
|move|p1b: Archaludon|Electro Shot||[still]
|-prepare|p1b: Archaludon|Electro Shot
|-boost|p1b: Archaludon|spa|1
|-anim|p1b: Archaludon|Electro Shot|p2a: Staraptor
|-supereffective|p2a: Staraptor|1
|-damage|p2a: Staraptor|19/100
|
|-weather|RainDance|[upkeep]
|-heal|p1b: Archaludon|12/100|[from] item: Leftovers
|upkeep
|turn|4
|inactive|satandagiii2005 has 30 seconds left.
|inactive|B0mb3r6969 has 30 seconds left.
|
|t:|1784084095
|switch|p1b: Basculegion|Basculegion, L50, M|100/100
|move|p2a: Staraptor|Protect|p2a: Staraptor
|-singleturn|p2a: Staraptor|Protect
|move|p2b: Meowstic|Psychic Terrain|p2b: Meowstic
|-fieldstart|move: Psychic Terrain
|move|p1a: Pelipper|Hurricane|p2a: Staraptor
|-activate|p2a: Staraptor|move: Protect
|
|-weather|RainDance|[upkeep]
|upkeep
|turn|5
|
|t:|1784084117
|move|p1b: Basculegion|Wave Crash|p2a: Staraptor
|-damage|p2a: Staraptor|0 fnt
|faint|p2a: Staraptor
|-damage|p1b: Basculegion|94/100|[from] Recoil
|move|p2b: Meowstic|Expanding Force|p1a: Pelipper|[spread] p1a,p1b
|-damage|p1a: Pelipper|60/100
|-damage|p1b: Basculegion|55/100
|move|p1a: Pelipper|Hurricane|p2b: Meowstic
|-damage|p2b: Meowstic|21/100
|
|-weather|RainDance|[upkeep]
|upkeep
|
|t:|1784084129
|switch|p2a: Delphox|Delphox, L50, F|100/100
|turn|6
|
|t:|1784084140
|move|p1a: Pelipper|Wide Guard|p1a: Pelipper
|-singleturn|p1a: Pelipper|Wide Guard
|move|p1b: Basculegion|Wave Crash|p2a: Delphox
|-supereffective|p2a: Delphox|1
|-damage|p2a: Delphox|0 fnt
|faint|p2a: Delphox
|-damage|p1b: Basculegion|30/100|[from] Recoil
|move|p2b: Meowstic|Expanding Force|p1b: Basculegion|[spread] 
|-activate|p1a: Pelipper|move: Wide Guard
|-activate|p1b: Basculegion|move: Wide Guard
|
|-weather|RainDance|[upkeep]
|-sideend|p2: B0mb3r6969|Reflect
|upkeep
|turn|7
|
|t:|1784084155
|move|p1a: Pelipper|Wide Guard|p1a: Pelipper
|-singleturn|p1a: Pelipper|Wide Guard
|move|p2b: Meowstic|Charm|p1b: Basculegion
|-activate|p1b: Basculegion|move: Psychic Terrain
|move|p1b: Basculegion|Wave Crash|p2b: Meowstic
|-damage|p2b: Meowstic|0 fnt
|faint|p2b: Meowstic
|-damage|p1b: Basculegion|24/100|[from] Recoil
|
|win|satandagiii2005
||B0mb3r6969 is ready for game 3.
||satandagiii2005 is ready for game 3.
|uhtml|next|Next: Game 3 of 3
|l|☆B0mb3r6969
|player|p2|
