|j|☆hytori
|j|☆Dungx showdown
|html|hytoriDungx showdown    
|uhtml|bestof|Game 1 of a best-of-3
|t:|1757764387
|gametype|doubles
|player|p1|hytori|picnicker|
|player|p2|Dungx showdown|101|
|gen|9
|tier|[Gen 9] VGC 2025 Reg H (Bo3)
|rule|Species Clause: Limit one of each Pokémon
|rule|Item Clause: Limit 1 of each item
|clearpoke
|poke|p1|Incineroar, L50, F|
|poke|p1|Pelipper, L50, M|
|poke|p1|Basculegion, L50, M|
|poke|p1|Amoonguss, L50, F|
|poke|p1|Maushold-Four, L50|
|poke|p1|Archaludon, L50, F|
|poke|p2|Annihilape, L50, M|
|poke|p2|Whimsicott, L50, F|
|poke|p2|Archaludon, L50, M|
|poke|p2|Basculegion, L50, M|
|poke|p2|Pelipper, L50, M|
|poke|p2|Rillaboom, L50, M|
|teampreview|4
|showteam|p1|Incineroar||SafetyGoggles|Intimidate|FakeOut,FlareBlitz,KnockOff,PartingShot|||F|||50|,,,,,Ghost]Pelipper||FocusSash|Drizzle|Hurricane,WeatherBall,Tailwind,Protect|||M|||50|,,,,,Ghost]Basculegion||MysticWater|SwiftSwim|Protect,WaveCrash,AquaJet,LastRespects|||M|||50|,,,,,Water]Amoonguss||SitrusBerry|Regenerator|Spore,RagePowder,PollenPuff,ClearSmog|||F|||50|,,,,,Water]Maushold-Four||WideLens|Technician|PopulationBomb,FollowMe,Taunt,Protect||||||50|,,,,,Grass]Archaludon||AssaultVest|Stamina|ElectroShot,DragonPulse,FlashCannon,BodyPress|||F|||50|,,,,,Bug
|showteam|p2|Annihilape||ChoiceScarf|Defiant|FinalGambit,DrainPunch,Earthquake,RageFist|||M|||50|,,,,,Ghost]Whimsicott||CovertCloak|Prankster|Moonblast,Taunt,Tailwind,StunSpore|||F|||50|,,,,,Dragon]Archaludon||PowerHerb|Stalwart|ElectroShot,DragonPulse,FlashCannon,Protect|||M|||50|,,,,,Electric]Basculegion||ChoiceBand|Adaptability|WaveCrash,HeadSmash,LastRespects,FlipTurn|||M|||50|,,,,,Rock]Pelipper||FocusSash|Drizzle|WeatherBall,Hurricane,Tailwind,Protect|||M|||50|,,,,,Ground]Rillaboom||AssaultVest|GrassySurge|WoodHammer,Uturn,FakeOut,HighHorsepower|||M|||50|,,,,,Ground
|inactive|Battle timer is ON: inactive players will automatically lose when time's up. (requested by Dungx showdown)
|
|t:|1757764424
|teamsize|p1|4
|teamsize|p2|4
|start
|switch|p1a: Archaludon|Archaludon, L50, F, shiny|100/100
|switch|p1b: Maushold|Maushold-Four, L50|100/100
|switch|p2a: Roblox|Archaludon, L50, M|100/100
|switch|p2b: Luminous|Whimsicott, L50, F|100/100
|turn|1
|
|t:|1757764447
|move|p2b: Luminous|Stun Spore|p1a: Archaludon
|-status|p1a: Archaludon|par
|move|p1b: Maushold|Taunt|p2b: Luminous
|-start|p2b: Luminous|move: Taunt
|move|p2a: Roblox|Electro Shot||[still]
|-prepare|p2a: Roblox|Electro Shot
|-boost|p2a: Roblox|spa|1
|-enditem|p2a: Roblox|Power Herb
|-anim|p2a: Roblox|Electro Shot|p1a: Archaludon
|-resisted|p1a: Archaludon
|-damage|p1a: Archaludon|78/100 par
|-ability|p1a: Archaludon|Stamina|boost
|-boost|p1a: Archaludon|def|1
|move|p1a: Archaludon|Electro Shot||[still]
|-prepare|p1a: Archaludon|Electro Shot
|-boost|p1a: Archaludon|spa|1
|
|upkeep
|turn|2
|inactive|Dungx showdown has 30 seconds left.
|
|t:|1757764475
|switch|p1b: Pelipper|Pelipper, L50, M|100/100
|-weather|RainDance|[from] ability: Drizzle|[of] p1b: Pelipper
|move|p2a: Roblox|Dragon Pulse|p1a: Archaludon
|-damage|p1a: Archaludon|35/100 par
|-ability|p1a: Archaludon|Stamina|boost
|-boost|p1a: Archaludon|def|1
|move|p2b: Luminous|Moonblast|p1b: Pelipper
|-damage|p1b: Pelipper|55/100
|move|p1a: Archaludon|Electro Shot|p2a: Roblox|[from] lockedmove
|-resisted|p2a: Roblox
|-damage|p2a: Roblox|51/100
|
|-weather|RainDance|[upkeep]
|upkeep
|turn|3
|inactive|hytori has 30 seconds left.
|inactive|Dungx showdown has 30 seconds left.
|inactive|hytori has 20 seconds left.
|inactive|hytori has 15 seconds left.
|inactive|hytori has 10 seconds left.
|
|t:|1757764525
|move|p2a: Roblox|Electro Shot||[still]
|-prepare|p2a: Roblox|Electro Shot
|-boost|p2a: Roblox|spa|1
|-anim|p2a: Roblox|Electro Shot|p1a: Archaludon
|-resisted|p1a: Archaludon
|-damage|p1a: Archaludon|7/100 par
|-ability|p1a: Archaludon|Stamina|boost
|-boost|p1a: Archaludon|def|1
|move|p2b: Luminous|Moonblast|p1a: Archaludon
|-damage|p1a: Archaludon|0 fnt
|faint|p1a: Archaludon
|move|p1b: Pelipper|Tailwind|p1b: Pelipper
|-sidestart|p1: hytori|move: Tailwind
|
|-weather|RainDance|[upkeep]
|upkeep
|
|t:|1757764532
|switch|p1a: Basculegion|Basculegion, L50, M|100/100
|turn|4
|
|t:|1757764544
|switch|p2b: "support"|Rillaboom, L50, M|100/100
|-fieldstart|move: Grassy Terrain|[from] ability: Grassy Surge|[of] p2b: "support"
|move|p2a: Roblox|Protect|p2a: Roblox
|-singleturn|p2a: Roblox|Protect
|move|p1a: Basculegion|Last Respects|p2a: Roblox
|-activate|p2a: Roblox|move: Protect
|move|p1b: Pelipper|Hurricane|p2b: "support"
|-supereffective|p2b: "support"
|-damage|p2b: "support"|27/100
|
|-weather|RainDance|[upkeep]
|-heal|p2a: Roblox|57/100|[from] Grassy Terrain
|-heal|p2b: "support"|33/100|[from] Grassy Terrain
|upkeep
|turn|5
|inactive|hytori has 30 seconds left.
|inactive|Dungx showdown has 30 seconds left.
|inactive|Dungx showdown has 20 seconds left.
|inactive|Dungx showdown has 15 seconds left.
|inactive|Dungx showdown has 10 seconds left.
|
|t:|1757764589
|-terastallize|p1b: Pelipper|Ghost
|move|p1a: Basculegion|Protect|p1a: Basculegion
|-singleturn|p1a: Basculegion|Protect
|move|p2b: "support"|Fake Out|p1b: Pelipper
|-immune|p1b: Pelipper
|move|p1b: Pelipper|Hurricane|p2b: "support"
|-supereffective|p2b: "support"
|-damage|p2b: "support"|0 fnt
|faint|p2b: "support"
|move|p2a: Roblox|Electro Shot||[still]
|-prepare|p2a: Roblox|Electro Shot
|-boost|p2a: Roblox|spa|1
|-anim|p2a: Roblox|Electro Shot|p1a: Basculegion
|-activate|p1a: Basculegion|move: Protect
|
|-weather|RainDance|[upkeep]
|-heal|p1b: Pelipper|61/100|[from] Grassy Terrain
|-heal|p2a: Roblox|64/100|[from] Grassy Terrain
|upkeep
|
|t:|1757764593
|switch|p2b: Luminous|Whimsicott, L50, F|100/100
|turn|6
|
|t:|1757764603
|move|p2b: Luminous|Tailwind|p2b: Luminous
|-sidestart|p2: Dungx showdown|move: Tailwind
|move|p1a: Basculegion|Last Respects|p2a: Roblox
|-damage|p2a: Roblox|16/100
|move|p2a: Roblox|Electro Shot||[still]
|-prepare|p2a: Roblox|Electro Shot
|-boost|p2a: Roblox|spa|1
|-anim|p2a: Roblox|Electro Shot|p1a: Basculegion
|-supereffective|p1a: Basculegion
|-damage|p1a: Basculegion|0 fnt
|faint|p1a: Basculegion
|move|p1b: Pelipper|Weather Ball|p2a: Roblox
|-resisted|p2a: Roblox
|-damage|p2a: Roblox|0 fnt
|faint|p2a: Roblox
|
|-weather|none
|-heal|p1b: Pelipper|67/100|[from] Grassy Terrain
|-sideend|p1: hytori|move: Tailwind
|upkeep
|
|t:|1757764617
|switch|p2a: Monkey|Annihilape, L50, M, shiny|100/100
|switch|p1a: Maushold|Maushold-Four, L50|100/100
|turn|7
|inactive|Dungx showdown has 30 seconds left.
|
|t:|1757764647
|move|p1a: Maushold|Protect|p1a: Maushold
|-singleturn|p1a: Maushold|Protect
|move|p2a: Monkey|Drain Punch|p1a: Maushold
|-activate|p1a: Maushold|move: Protect
|move|p2b: Luminous|Moonblast|p1b: Pelipper
|-damage|p1b: Pelipper|18/100
|-unboost|p1b: Pelipper|spa|1
|move|p1b: Pelipper|Tailwind|p1b: Pelipper
|-sidestart|p1: hytori|move: Tailwind
|
|-heal|p1b: Pelipper|23/100|[from] Grassy Terrain
|upkeep
|turn|8
|
|t:|1757764664
|move|p2a: Monkey|Drain Punch|p1a: Maushold
|-supereffective|p1a: Maushold
|-crit|p1a: Maushold
|-damage|p1a: Maushold|0 fnt
|faint|p1a: Maushold
|move|p2b: Luminous|Moonblast|p1b: Pelipper
|-damage|p1b: Pelipper|0 fnt
|faint|p1b: Pelipper
|
|win|Dungx showdown
||hytori is ready for game 2.
||Dungx showdown is ready for game 2.
|uhtml|next|Next: Game 2 of 3
|l|☆Dungx showdown
|player|p2|
|l|☆hytori
|player|p1|
|j|☆Dungx showdown
|player|p2|Dungx showdown|101|
