|j|☆Khalrahego
|j|☆carlitose
|html|Khalrahegocarlitose    
|uhtml|bestof|Game 3 of a best-of-3
|t:|1756351789
|gametype|doubles
|player|p1|Khalrahego|alder|1073
|player|p2|carlitose|169|1098
|gen|9
|tier|[Gen 9] VGC 2025 Reg H (Bo3)
|rated|
|rule|Species Clause: Limit one of each Pokémon
|rule|Item Clause: Limit 1 of each item
|clearpoke
|poke|p1|Meowscarada, L50, F|
|poke|p1|Dragapult, L50, F|
|poke|p1|Milotic, L50, F|
|poke|p1|Farigiraf, L50, M|
|poke|p1|Corviknight, L50, F|
|poke|p1|Torkoal, L50, M|
|poke|p2|Slaking, L50, M|
|poke|p2|Weezing, L50, F|
|poke|p2|Dragapult, L50, M|
|poke|p2|Talonflame, L50, M|
|poke|p2|Annihilape, L50, M|
|poke|p2|Tsareena, L50, F|
|teampreview|4
|showteam|p1|Meowscarada||ChoiceBand|Protean|FlowerTrick,KnockOff,BrickBreak,Uturn|||F|||50|,,,,,Grass]Dragapult||LifeOrb|ClearBody|DragonDarts,TeraBlast,Uturn,Protect|||F|||50|,,,,,Ghost]Milotic||SitrusBerry|Competitive|Scald,Blizzard,Haze,Protect|||F|||50|,,,,,Dragon]Farigiraf||ThroatSpray|ArmorTail|HyperVoice,HelpingHand,TrickRoom,Protect|||M|||50|,,,,,Water]Corviknight||RockyHelmet|MirrorArmor|BraveBird,BodyPress,IronDefense,Roost|||F|||50|,,,,,Dragon]Torkoal||ChoiceSpecs|Drought|Eruption,Overheat,EarthPower,ClearSmog|||M|||50|,,,,,Fire
|showteam|p2|Slaking||LifeOrb|Truant|DoubleEdge,KnockOff,Protect,HighHorsepower|||M|||50|,,,,,Ghost]Weezing||SitrusBerry|NeutralizingGas|SludgeBomb,Taunt,WillOWisp,Protect|||F|||50|,,,,,Ghost]Dragapult||ChoiceBand|ClearBody|DragonDarts,Uturn,SuckerPunch,PhantomForce|||M|||50|,,,,,Dragon]Talonflame||CovertCloak|GaleWings|BraveBird,FlareBlitz,Taunt,Tailwind|||M|||50|,,,,,Grass]Annihilape||ChoiceScarf|Defiant|FinalGambit,CloseCombat,ShadowClaw,Coaching|||M|||50|,,,,,Grass]Tsareena||WideLens|QueenlyMajesty|TripleAxel,PowerWhip,Protect,HighJumpKick|||F|||50|,,,,,Stellar
|inactive|Battle timer is ON: inactive players will automatically lose when time's up. (requested by carlitose)
|inactive|Khalrahego also wants the timer to be on.
|
|t:|1756351814
|teamsize|p1|4
|teamsize|p2|4
|start
|switch|p1a: Meowscarada|Meowscarada, L50, F, shiny|100/100
|switch|p1b: Farigiraf|Farigiraf, L50, M, shiny|100/100
|switch|p2a: Slaking|Slaking, L50, M, shiny|100/100
|switch|p2b: Weezing|Weezing, L50, F|100/100
|-ability|p2b: Weezing|Neutralizing Gas
|turn|1
|inactive|Khalrahego has 30 seconds left.
|inactive|Khalrahego has 20 seconds left.
|inactive|Khalrahego has 15 seconds left.
|
|t:|1756351855
|move|p1a: Meowscarada|Knock Off|p2b: Weezing
|-damage|p2b: Weezing|43/100
|-enditem|p2b: Weezing|Sitrus Berry|[from] move: Knock Off|[of] p1a: Meowscarada
|move|p2a: Slaking|Double-Edge|p1a: Meowscarada
|-damage|p1a: Meowscarada|0 fnt
|faint|p1a: Meowscarada
|-damage|p2a: Slaking|78/100|[from] Recoil
|-damage|p2a: Slaking|68/100|[from] item: Life Orb
|move|p1b: Farigiraf|Hyper Voice|p2a: Slaking|[spread] p2a,p2b
|-crit|p2b: Weezing
|-damage|p2a: Slaking|39/100
|-damage|p2b: Weezing|9/100
|-enditem|p1b: Farigiraf|Throat Spray
|-boost|p1b: Farigiraf|spa|1|[from] item: Throat Spray
|move|p2b: Weezing|Taunt|p1b: Farigiraf
|-start|p1b: Farigiraf|move: Taunt
|
|upkeep
|
|t:|1756351862
|switch|p1a: Corviknight|Corviknight, L50, F, shiny|100/100
|turn|2
|inactive|carlitose has 30 seconds left.
|inactive|carlitose has 20 seconds left.
|
|t:|1756351898
|move|p2a: Slaking|Double-Edge|p1b: Farigiraf
|-damage|p1b: Farigiraf|16/100
|-damage|p2a: Slaking|11/100|[from] Recoil
|-damage|p2a: Slaking|1/100|[from] item: Life Orb
|move|p1a: Corviknight|Iron Defense|p1a: Corviknight
|-boost|p1a: Corviknight|def|2
|move|p1b: Farigiraf|Hyper Voice|p2a: Slaking|[spread] p2a,p2b
|-crit|p2b: Weezing
|-damage|p2a: Slaking|0 fnt
|-damage|p2b: Weezing|0 fnt
|faint|p2a: Slaking
|faint|p2b: Weezing
|-end|p2b: Weezing|ability: Neutralizing Gas
|
|upkeep
|
|t:|1756351907
|switch|p2a: Dragapult|Dragapult, L50, M, shiny|100/100
|switch|p2b: Annihilape|Annihilape, L50, M|100/100
|turn|3
|inactive|carlitose has 30 seconds left.
|inactive|carlitose has 20 seconds left.
|inactive|carlitose has 15 seconds left.
|
|t:|1756351949
|switch|p1a: Torkoal|Torkoal, L50, M, shiny|100/100
|-weather|SunnyDay|[from] ability: Drought|[of] p1a: Torkoal
|move|p2b: Annihilape|Final Gambit|p1a: Torkoal
|-damage|p1a: Torkoal|0 fnt
|faint|p2b: Annihilape
|faint|p1a: Torkoal
|move|p2a: Dragapult|Dragon Darts|p1b: Farigiraf
|-damage|p1b: Farigiraf|0 fnt
|faint|p1b: Farigiraf
|
|-weather|SunnyDay|[upkeep]
|upkeep
|
|t:|1756351956
|switch|p1b: Corviknight|Corviknight, L50, F, shiny|100/100
|turn|4
|
|t:|1756351984
|move|p2a: Dragapult|Dragon Darts|p1b: Corviknight
|-resisted|p1b: Corviknight
|-damage|p1b: Corviknight|85/100
|-anim|p2a: Dragapult|Dragon Darts|p1b: Corviknight
|-resisted|p1b: Corviknight
|-damage|p1b: Corviknight|69/100
|move|p1b: Corviknight|Iron Defense|p1b: Corviknight
|-boost|p1b: Corviknight|def|2
|
|-weather|SunnyDay|[upkeep]
|upkeep
|turn|5
|
|t:|1756351993
|move|p2a: Dragapult|Dragon Darts|p1b: Corviknight
|-resisted|p1b: Corviknight
|-damage|p1b: Corviknight|60/100
|-anim|p2a: Dragapult|Dragon Darts|p1b: Corviknight
|-resisted|p1b: Corviknight
|-damage|p1b: Corviknight|53/100
|move|p1b: Corviknight|Roost|p1b: Corviknight
|-heal|p1b: Corviknight|100/100
|-singleturn|p1b: Corviknight|move: Roost
|
|-weather|SunnyDay|[upkeep]
|upkeep
|turn|6
|
|t:|1756352004
|move|p2a: Dragapult|Dragon Darts|p1b: Corviknight
|-resisted|p1b: Corviknight
|-damage|p1b: Corviknight|92/100
|-anim|p2a: Dragapult|Dragon Darts|p1b: Corviknight
|-resisted|p1b: Corviknight
|-damage|p1b: Corviknight|84/100
|move|p1b: Corviknight|Iron Defense|p1b: Corviknight
|-boost|p1b: Corviknight|def|2
|
|-weather|SunnyDay|[upkeep]
|upkeep
|turn|7
|
|t:|1756352016
|move|p2a: Dragapult|Dragon Darts|p1b: Corviknight
|-resisted|p1b: Corviknight
|-damage|p1b: Corviknight|79/100
|-anim|p2a: Dragapult|Dragon Darts|p1b: Corviknight
|-resisted|p1b: Corviknight
|-damage|p1b: Corviknight|72/100
|move|p1b: Corviknight|Roost|p1b: Corviknight
|-heal|p1b: Corviknight|100/100
|-singleturn|p1b: Corviknight|move: Roost
|
|-weather|none
|upkeep
|turn|8
|
|t:|1756352025
|move|p2a: Dragapult|Dragon Darts|p1b: Corviknight
|-resisted|p1b: Corviknight
|-damage|p1b: Corviknight|94/100
|-anim|p2a: Dragapult|Dragon Darts|p1b: Corviknight
|-resisted|p1b: Corviknight
|-damage|p1b: Corviknight|89/100
|move|p1b: Corviknight|Roost|p1b: Corviknight
|-heal|p1b: Corviknight|100/100
|-singleturn|p1b: Corviknight|move: Roost
|
|upkeep
|turn|9
|
|t:|1756352035
|move|p2a: Dragapult|Dragon Darts|p1b: Corviknight
|-resisted|p1b: Corviknight
|-damage|p1b: Corviknight|95/100
|-anim|p2a: Dragapult|Dragon Darts|p1b: Corviknight
|-resisted|p1b: Corviknight
|-damage|p1b: Corviknight|89/100
|move|p1b: Corviknight|Roost|p1b: Corviknight
|-heal|p1b: Corviknight|100/100
|-singleturn|p1b: Corviknight|move: Roost
|
|upkeep
|turn|10
|
|t:|1756352043
|move|p2a: Dragapult|Dragon Darts|p1b: Corviknight
|-resisted|p1b: Corviknight
|-damage|p1b: Corviknight|94/100
|-anim|p2a: Dragapult|Dragon Darts|p1b: Corviknight
|-resisted|p1b: Corviknight
|-damage|p1b: Corviknight|88/100
|move|p1b: Corviknight|Iron Defense|p1b: Corviknight
|-boost|p1b: Corviknight|def|2
|
|upkeep
|turn|11
|
|t:|1756352049
|move|p2a: Dragapult|Dragon Darts|p1b: Corviknight
|-resisted|p1b: Corviknight
|-damage|p1b: Corviknight|84/100
|-anim|p2a: Dragapult|Dragon Darts|p1b: Corviknight
|-resisted|p1b: Corviknight
|-damage|p1b: Corviknight|79/100
|move|p1b: Corviknight|Roost|p1b: Corviknight
|-heal|p1b: Corviknight|100/100
|-singleturn|p1b: Corviknight|move: Roost
|
|upkeep
|turn|12
|
|t:|1756352061
|move|p2a: Dragapult|Dragon Darts|p1b: Corviknight
|-resisted|p1b: Corviknight
|-damage|p1b: Corviknight|96/100
|-anim|p2a: Dragapult|Dragon Darts|p1b: Corviknight
|-resisted|p1b: Corviknight
|-damage|p1b: Corviknight|92/100
|move|p1b: Corviknight|Body Press|p2a: Dragapult
|-immune|p2a: Dragapult
|
|upkeep
|turn|13
|c|☆carlitose|boring ass shit
|
|t:|1756352069
|move|p2a: Dragapult|Dragon Darts|p1b: Corviknight
|-resisted|p1b: Corviknight
|-damage|p1b: Corviknight|88/100
|-anim|p2a: Dragapult|Dragon Darts|p1b: Corviknight
|-resisted|p1b: Corviknight
|-damage|p1b: Corviknight|84/100
|move|p1b: Corviknight|Brave Bird|p2a: Dragapult
|-damage|p2a: Dragapult|47/100
|-damage|p1b: Corviknight|69/100|[from] Recoil
|
|upkeep
|turn|14
|
|t:|1756352074
|move|p2a: Dragapult|Dragon Darts|p1b: Corviknight
|-resisted|p1b: Corviknight
|-damage|p1b: Corviknight|65/100
|-anim|p2a: Dragapult|Dragon Darts|p1b: Corviknight
|-resisted|p1b: Corviknight
|-damage|p1b: Corviknight|60/100
|move|p1b: Corviknight|Roost|p1b: Corviknight
|-heal|p1b: Corviknight|100/100
|-singleturn|p1b: Corviknight|move: Roost
|
|upkeep
|turn|15
|c|☆Khalrahego|says the weezing player
|
|t:|1756352087
|move|p2a: Dragapult|Dragon Darts|p1b: Corviknight
|-resisted|p1b: Corviknight
|-damage|p1b: Corviknight|96/100
|-anim|p2a: Dragapult|Dragon Darts|p1b: Corviknight
|-resisted|p1b: Corviknight
|-damage|p1b: Corviknight|92/100
|move|p1b: Corviknight|Brave Bird|p2a: Dragapult
|-damage|p2a: Dragapult|0 fnt
|faint|p2a: Dragapult
|-damage|p1b: Corviknight|79/100|[from] Recoil
|
|win|Khalrahego
