|j|☆takedownmy
|j|☆Kahizar
|html|takedownmyKahizar    
|uhtml|bestof|Game 2 of a best-of-3
|t:|1756430466
|gametype|doubles
|player|p1|takedownmy|102|1127
|player|p2|Kahizar|265|1120
|gen|9
|tier|[Gen 9] VGC 2025 Reg H (Bo3)
|rated|
|rule|Species Clause: Limit one of each Pokémon
|rule|Item Clause: Limit 1 of each item
|clearpoke
|poke|p1|Glalie, L50, F|
|poke|p1|Incineroar, L50, M|
|poke|p1|Rillaboom, L50, M|
|poke|p1|Ninetales-Alola, L50, F|
|poke|p1|Gholdengo, L50|
|poke|p1|Sneasler, L50, M|
|poke|p2|Sylveon, L50, M|
|poke|p2|Arcanine-Hisui, L50, F|
|poke|p2|Rillaboom, L50, F|
|poke|p2|Sneasler, L50, M|
|poke|p2|Gholdengo, L50|
|poke|p2|Murkrow, L50, M|
|teampreview|4
|showteam|p1|Glalie||Leftovers|Moody|IceBeam,TeraBlast,Substitute,Protect|||F|||50|,,,,,Electric]Incineroar||SafetyGoggles|Intimidate|FlareBlitz,KnockOff,PartingShot,FakeOut|||M|||50|,,,,,Ghost]Rillaboom||AssaultVest|GrassySurge|FakeOut,GrassyGlide,DrumBeating,HighHorsepower|||M|||50|,,,,,Fire]Ninetales-Alola||FocusSash|SnowWarning|Blizzard,IcyWind,Encore,AuroraVeil|||F|||50|,,,,,Ghost]Gholdengo||GrassySeed|GoodasGold|NastyPlot,MakeItRain,ShadowBall,Protect||||||50|,,,,,Water]Sneasler||WhiteHerb|Unburden|CloseCombat,DireClaw,ThroatChop,Protect|||M|||50|,,,,,Dark
|showteam|p2|Sylveon||ThroatSpray|Pixilate|HyperVoice,Protect,TeraBlast,CalmMind|||M|||50|,,,,,Ground]Arcanine-Hisui||LifeOrb|Intimidate|RockSlide,FlareBlitz,Protect,ExtremeSpeed|||F|||50|,,,,,Grass]Rillaboom||AssaultVest|GrassySurge|FakeOut,WoodHammer,HighHorsepower,Uturn|||F|||50|,,,,,Grass]Sneasler||GrassySeed|Unburden|DireClaw,CloseCombat,ThroatChop,FakeOut|||M|||50|,,,,,Dark]Gholdengo||ChoiceSpecs|GoodasGold|MakeItRain,ShadowBall,DazzlingGleam,TeraBlast||||||50|,,,,,Water]Murkrow||Eviolite|Prankster|Taunt,Tailwind,Haze,FoulPlay|||M|||50|,,,,,Dark
|inactive|Battle timer is ON: inactive players will automatically lose when time's up. (requested by takedownmy)
|inactive|takedownmy has 60 seconds left.
|
|t:|1756430510
|teamsize|p1|4
|teamsize|p2|4
|start
|switch|p1a: Gholdengo|Gholdengo, L50|100/100
|switch|p1b: Sneasler|Sneasler, L50, M|100/100
|switch|p2a: Sneasler|Sneasler, L50, M|100/100
|switch|p2b: Arcanine|Arcanine-Hisui, L50, F|100/100
|-ability|p2b: Arcanine|Intimidate|boost
|-unboost|p1a: Gholdengo|atk|1
|-unboost|p1b: Sneasler|atk|1
|-enditem|p1b: Sneasler|White Herb
|-clearnegativeboost|p1b: Sneasler|[silent]
|turn|1
|
|t:|1756430535
|move|p1b: Sneasler|Protect|p1b: Sneasler
|-singleturn|p1b: Sneasler|Protect
|move|p1a: Gholdengo|Protect|p1a: Gholdengo
|-singleturn|p1a: Gholdengo|Protect
|move|p2a: Sneasler|Fake Out|p1b: Sneasler
|-activate|p1b: Sneasler|move: Protect
|move|p2b: Arcanine|Flare Blitz|p1a: Gholdengo
|-activate|p1a: Gholdengo|move: Protect
|
|upkeep
|turn|2
|inactive|takedownmy has 30 seconds left.
|
|t:|1756430564
|move|p2b: Arcanine|Protect|p2b: Arcanine
|-singleturn|p2b: Arcanine|Protect
|move|p1b: Sneasler|Dire Claw|p2b: Arcanine
|-activate|p2b: Arcanine|move: Protect
|move|p2a: Sneasler|Throat Chop|p1a: Gholdengo
|-supereffective|p1a: Gholdengo
|-damage|p1a: Gholdengo|38/100
|-start|p1a: Gholdengo|Throat Chop|[silent]
|move|p1a: Gholdengo|Make It Rain|p2a: Sneasler|[spread] p2a
|-activate|p2b: Arcanine|move: Protect
|-damage|p2a: Sneasler|46/100
|-unboost|p1a: Gholdengo|spa|1
|
|upkeep
|turn|3
|
|t:|1756430587
|switch|p1a: Incineroar|Incineroar, L50, M|100/100
|-ability|p1a: Incineroar|Intimidate|boost
|-unboost|p2a: Sneasler|atk|1
|-unboost|p2b: Arcanine|atk|1
|move|p1b: Sneasler|Close Combat|p2b: Arcanine
|-supereffective|p2b: Arcanine
|-damage|p2b: Arcanine|0 fnt
|-unboost|p1b: Sneasler|def|1
|-unboost|p1b: Sneasler|spd|1
|faint|p2b: Arcanine
|move|p2a: Sneasler|Throat Chop|p1a: Incineroar
|-resisted|p1a: Incineroar
|-damage|p1a: Incineroar|90/100
|-start|p1a: Incineroar|Throat Chop|[silent]
|
|upkeep
|
|t:|1756430605
|switch|p2b: Gholdengo|Gholdengo, L50|100/100
|turn|4
|inactive|takedownmy has 30 seconds left.
|inactive|Kahizar has 30 seconds left.
|inactive|takedownmy has 20 seconds left.
|inactive|Kahizar has 20 seconds left.
|inactive|Kahizar has 15 seconds left.
|inactive|Kahizar has 10 seconds left.
|inactive|Kahizar has 5 seconds left.
|
|t:|1756430655
|switch|p1a: Gholdengo|Gholdengo, L50|38/100
|move|p1b: Sneasler|Close Combat|p2a: Sneasler
|-resisted|p2a: Sneasler
|-damage|p2a: Sneasler|0 fnt
|-unboost|p1b: Sneasler|def|1
|-unboost|p1b: Sneasler|spd|1
|faint|p2a: Sneasler
|move|p2b: Gholdengo|Make It Rain|p1b: Sneasler|[spread] p1a,p1b
|-resisted|p1a: Gholdengo
|-damage|p1a: Gholdengo|3/100
|-damage|p1b: Sneasler|0 fnt
|-unboost|p2b: Gholdengo|spa|1
|faint|p1b: Sneasler
|
|upkeep
|
|t:|1756430669
|switch|p1b: Incineroar|Incineroar, L50, M|90/100
|switch|p2a: Murkrow|Murkrow, L50, M|100/100
|-ability|p1b: Incineroar|Intimidate|boost
|-unboost|p2a: Murkrow|atk|1
|-unboost|p2b: Gholdengo|atk|1
|turn|5
|
|t:|1756430680
|move|p1a: Gholdengo|Protect|p1a: Gholdengo
|-singleturn|p1a: Gholdengo|Protect
|move|p1b: Incineroar|Fake Out|p2a: Murkrow
|-damage|p2a: Murkrow|86/100
|cant|p2a: Murkrow|flinch
|move|p2b: Gholdengo|Make It Rain|p1b: Incineroar|[spread] p1b
|-activate|p1a: Gholdengo|move: Protect
|-resisted|p1b: Incineroar
|-damage|p1b: Incineroar|73/100
|-unboost|p2b: Gholdengo|spa|1
|
|upkeep
|turn|6
|
|t:|1756430707
|move|p1a: Gholdengo|Protect||[still]
|-fail|p1a: Gholdengo
|move|p2a: Murkrow|Tailwind|p2a: Murkrow
|-sidestart|p2: Kahizar|move: Tailwind
|move|p2b: Gholdengo|Make It Rain|p1a: Gholdengo|[spread] p1a,p1b
|-resisted|p1a: Gholdengo
|-resisted|p1b: Incineroar
|-damage|p1a: Gholdengo|0 fnt
|-damage|p1b: Incineroar|59/100
|-unboost|p2b: Gholdengo|spa|1
|faint|p1a: Gholdengo
|move|p1b: Incineroar|Knock Off|p2a: Murkrow
|-resisted|p2a: Murkrow
|-damage|p2a: Murkrow|60/100
|-enditem|p2a: Murkrow|Eviolite|[from] move: Knock Off|[of] p1b: Incineroar
|
|upkeep
|
|t:|1756430724
|switch|p1a: Rillaboom|Rillaboom, L50, M|100/100
|-fieldstart|move: Grassy Terrain|[from] ability: Grassy Surge|[of] p1a: Rillaboom
|turn|7
|
|t:|1756430734
|-terastallize|p1a: Rillaboom|Fire
|move|p1a: Rillaboom|Fake Out|p2a: Murkrow
|-damage|p2a: Murkrow|32/100
|cant|p2a: Murkrow|flinch
|move|p2b: Gholdengo|Make It Rain|p1b: Incineroar|[spread] p1a,p1b
|-resisted|p1a: Rillaboom
|-resisted|p1b: Incineroar
|-damage|p1a: Rillaboom|89/100
|-damage|p1b: Incineroar|48/100
|-unboost|p2b: Gholdengo|spa|1
|move|p1b: Incineroar|Flare Blitz|p2a: Murkrow
|-damage|p2a: Murkrow|0 fnt
|faint|p2a: Murkrow
|-damage|p1b: Incineroar|40/100|[from] Recoil
|
|-heal|p1a: Rillaboom|95/100|[from] Grassy Terrain
|-heal|p1b: Incineroar|46/100|[from] Grassy Terrain
|upkeep
|turn|8
|
|t:|1756430756
|move|p2b: Gholdengo|Make It Rain|p1b: Incineroar|[spread] p1a,p1b
|-resisted|p1a: Rillaboom
|-resisted|p1b: Incineroar
|-damage|p1a: Rillaboom|86/100
|-damage|p1b: Incineroar|37/100
|-unboost|p2b: Gholdengo|spa|1
|move|p1a: Rillaboom|Drum Beating|p2b: Gholdengo
|-resisted|p2b: Gholdengo
|-damage|p2b: Gholdengo|76/100
|-unboost|p2b: Gholdengo|spe|1
|move|p1b: Incineroar|Flare Blitz|p2b: Gholdengo
|-supereffective|p2b: Gholdengo
|-damage|p2b: Gholdengo|0 fnt
|faint|p2b: Gholdengo
|-damage|p1b: Incineroar|14/100|[from] Recoil
|
|win|takedownmy
