|j|☆bcoffey1010
|j|☆redx50
|html|bcoffey1010redx50    
|uhtml|bestof|Game 1 of a best-of-3
|t:|1756321168
|gametype|doubles
|player|p1|bcoffey1010|169|1266
|player|p2|redx50|red|1179
|gen|9
|tier|[Gen 9] VGC 2025 Reg H (Bo3)
|rated|
|rule|Species Clause: Limit one of each Pokémon
|rule|Item Clause: Limit 1 of each item
|clearpoke
|poke|p1|Gholdengo, L50|
|poke|p1|Incineroar, L50, M|
|poke|p1|Amoonguss, L50, F|
|poke|p1|Archaludon, L50, M|
|poke|p1|Pelipper, L50, F|
|poke|p1|Basculegion, L50, M|
|poke|p2|Talonflame, L50, M|
|poke|p2|Farigiraf, L50, M|
|poke|p2|Ursaluna, L50, M|
|poke|p2|Primarina, L50, F|
|poke|p2|Pawmot, L50, F|
|poke|p2|Incineroar, L50, M|
|teampreview|4
|showteam|p1|Gholdengo||LifeOrb|GoodasGold|MakeItRain,ShadowBall,NastyPlot,Protect||||||50|,,,,,Water]Incineroar||RockyHelmet|Intimidate|Taunt,KnockOff,PartingShot,FakeOut|||M|||50|,,,,,Ghost]Amoonguss||SitrusBerry|Regenerator|PollenPuff,Spore,RagePowder,Protect|||F|||50|,,,,,Water]Archaludon||AssaultVest|Stamina|DragonPulse,FlashCannon,ElectroShot,BodyPress|||M|||50|,,,,,Bug]Pelipper||FocusSash|Drizzle|WeatherBall,Hurricane,Tailwind,Protect|||F|||50|,,,,,Ground]Basculegion||ChoiceBand|SwiftSwim|WaveCrash,LastRespects,FlipTurn,AquaJet|||M|||50|,,,,,Water
|showteam|p2|Talonflame||SharpBeak|GaleWings|DualWingbeat,Tailwind,Uturn,Protect|||M|||50|,,,,,Ghost]Farigiraf||ThroatSpray|ArmorTail|HyperVoice,Psychic,Protect,TrickRoom|||M|||50|,,,,,Fairy]Ursaluna||FlameOrb|Guts|Facade,Protect,HeadlongRush,Earthquake|||M|||50|,,,,,Ghost]Primarina||LifeOrb|LiquidVoice|HyperVoice,Moonblast,Protect,Haze|||F|||50|,,,,,Poison]Pawmot||FocusSash|NaturalCure|DoubleShock,CloseCombat,FakeOut,Protect|||F|||50|,,,,,Electric]Incineroar||SafetyGoggles|Intimidate|FlareBlitz,KnockOff,FakeOut,PartingShot|||M|||50|,,,,,Grass
|inactive|Battle timer is ON: inactive players will automatically lose when time's up. (requested by redx50)
|inactive|bcoffey1010 has 60 seconds left.
|inactive|redx50 has 60 seconds left.
|inactive|bcoffey1010 has 30 seconds left.
|inactive|redx50 has 30 seconds left.
|inactive|redx50 has 20 seconds left.
|
|t:|1756321244
|teamsize|p1|4
|teamsize|p2|4
|start
|switch|p1a: Incineroar|Incineroar, L50, M|100/100
|switch|p1b: Basculegion|Basculegion, L50, M|100/100
|switch|p2a: Incineroar|Incineroar, L50, M|100/100
|switch|p2b: Farigiraf|Farigiraf, L50, M|100/100
|-ability|p2a: Incineroar|Intimidate|boost
|-unboost|p1a: Incineroar|atk|1
|-unboost|p1b: Basculegion|atk|1
|-ability|p1a: Incineroar|Intimidate|boost
|-unboost|p2a: Incineroar|atk|1
|-unboost|p2b: Farigiraf|atk|1
|turn|1
|inactive|bcoffey1010 has 30 seconds left.
|
|t:|1756321273
|-terastallize|p2a: Incineroar|Grass
|-terastallize|p1a: Incineroar|Ghost
|move|p2b: Farigiraf|Protect|p2b: Farigiraf
|-singleturn|p2b: Farigiraf|Protect
|move|p1b: Basculegion|Flip Turn|p2a: Incineroar
|-resisted|p2a: Incineroar
|-damage|p2a: Incineroar|84/100
|
|t:|1756321280
|switch|p1b: Pelipper|Pelipper, L50, F|100/100|[from] Flip Turn
|-weather|RainDance|[from] ability: Drizzle|[of] p1b: Pelipper
|move|p2a: Incineroar|Knock Off|p1b: Pelipper
|-damage|p1b: Pelipper|62/100
|-enditem|p1b: Pelipper|Focus Sash|[from] move: Knock Off|[of] p2a: Incineroar
|move|p1a: Incineroar|Taunt|p2b: Farigiraf
|-activate|p2b: Farigiraf|move: Protect
|
|-weather|RainDance|[upkeep]
|upkeep
|turn|2
|
|t:|1756321301
|move|p1b: Pelipper|Hurricane|p2a: Incineroar
|-supereffective|p2a: Incineroar
|-damage|p2a: Incineroar|0 fnt
|faint|p2a: Incineroar
|move|p1a: Incineroar|Knock Off|p2b: Farigiraf
|-supereffective|p2b: Farigiraf
|-damage|p2b: Farigiraf|45/100
|-enditem|p2b: Farigiraf|Throat Spray|[from] move: Knock Off|[of] p1a: Incineroar
|move|p2b: Farigiraf|Hyper Voice|p1b: Pelipper|[spread] p1b
|-immune|p1a: Incineroar
|-damage|p1b: Pelipper|6/100
|
|-weather|RainDance|[upkeep]
|upkeep
|
|t:|1756321315
|switch|p2a: Pawmot|Pawmot, L50, F|100/100
|turn|3
|inactive|bcoffey1010 has 30 seconds left.
|
|t:|1756321344
|move|p2a: Pawmot|Close Combat|p1b: Pelipper
|-resisted|p1b: Pelipper
|-damage|p1b: Pelipper|0 fnt
|-unboost|p2a: Pawmot|def|1
|-unboost|p2a: Pawmot|spd|1
|faint|p1b: Pelipper
|move|p1a: Incineroar|Taunt|p2b: Farigiraf
|-start|p2b: Farigiraf|move: Taunt
|move|p2b: Farigiraf|Psychic|p1a: Incineroar
|-damage|p1a: Incineroar|63/100
|-unboost|p1a: Incineroar|spd|1
|
|-weather|RainDance|[upkeep]
|upkeep
|
|t:|1756321356
|switch|p1b: Basculegion|Basculegion, L50, M|100/100
|turn|4
|
|t:|1756321381
|move|p1b: Basculegion|Flip Turn|p2a: Pawmot
|-enditem|p2a: Pawmot|Focus Sash
|-damage|p2a: Pawmot|1/100
|
|t:|1756321384
|switch|p1b: Amoonguss|Amoonguss, L50, F|100/100|[from] Flip Turn
|move|p2a: Pawmot|Double Shock|p1b: Amoonguss
|-resisted|p1b: Amoonguss
|-crit|p1b: Amoonguss
|-damage|p1b: Amoonguss|65/100
|-start|p2a: Pawmot|typechange|???/Fighting|[from] move: Double Shock
|move|p1a: Incineroar|Parting Shot|p2b: Farigiraf
|-unboost|p2b: Farigiraf|atk|1
|-unboost|p2b: Farigiraf|spa|1
|
|t:|1756321388
|switch|p1a: Basculegion|Basculegion, L50, M|100/100|[from] Parting Shot
|move|p2b: Farigiraf|Psychic|p1a: Basculegion
|-damage|p1a: Basculegion|66/100
|
|-weather|RainDance|[upkeep]
|upkeep
|turn|5
|
|t:|1756321407
|switch|p2a: Talonflame|Talonflame, L50, M|100/100
|move|p1a: Basculegion|Flip Turn|p2a: Talonflame
|-supereffective|p2a: Talonflame
|-damage|p2a: Talonflame|0 fnt
|faint|p2a: Talonflame
|
|t:|1756321409
|switch|p1a: Incineroar|Incineroar, L50, M, tera:Ghost|63/100|[from] Flip Turn
|-ability|p1a: Incineroar|Intimidate|boost
|-unboost|p2b: Farigiraf|atk|1
|move|p2b: Farigiraf|Psychic|p1b: Amoonguss
|-supereffective|p1b: Amoonguss
|-damage|p1b: Amoonguss|19/100
|-enditem|p1b: Amoonguss|Sitrus Berry|[eat]
|-heal|p1b: Amoonguss|44/100|[from] item: Sitrus Berry
|move|p1b: Amoonguss|Spore|p2b: Farigiraf
|-status|p2b: Farigiraf|slp|[from] move: Spore
|
|-weather|none
|-end|p2b: Farigiraf|move: Taunt
|upkeep
|
|t:|1756321412
|switch|p2a: Pawmot|Pawmot, L50, F|1/100
|turn|6
|
|t:|1756321424
|move|p2a: Pawmot|Protect|p2a: Pawmot
|-singleturn|p2a: Pawmot|Protect
|cant|p2b: Farigiraf|slp
|move|p1a: Incineroar|Knock Off|p2a: Pawmot
|-activate|p2a: Pawmot|move: Protect
|move|p1b: Amoonguss|Pollen Puff|p1a: Incineroar
|-heal|p1a: Incineroar|100/100
|
|upkeep
|turn|7
|
|t:|1756321436
|move|p2a: Pawmot|Protect||[still]
|-fail|p2a: Pawmot
|move|p1a: Incineroar|Knock Off|p2a: Pawmot
|-resisted|p2a: Pawmot
|-damage|p2a: Pawmot|0 fnt
|faint|p2a: Pawmot
|cant|p2b: Farigiraf|slp
|move|p1b: Amoonguss|Pollen Puff|p2b: Farigiraf
|-supereffective|p2b: Farigiraf
|-damage|p2b: Farigiraf|10/100 slp
|
|upkeep
|turn|8
|-message|redx50 forfeited.
|
|win|bcoffey1010
||redx50 is ready for game 2.
|inactive|bcoffey1010 has 30 seconds to confirm battle start!
||bcoffey1010 is ready for game 2.
|uhtml|next|Next: Game 2 of 3
