|j|☆clarocojones
|j|☆ruben2327
|html|clarocojonesruben2327    
|uhtml|bestof|Game 1 of a best-of-3
|t:|1785598366
|gametype|doubles
|player|p1|clarocojones|striker|1198
|player|p2|ruben2327|steven|1136
|gen|9
|tier|[Gen 9 Champions] VGC 2026 Reg M-B (Bo3)
|rated|
|rule|Species Clause: Limit one of each Pokémon
|rule|Item Clause: Limit 1 of each item
|clearpoke
|poke|p1|Incineroar, L50, M, shiny|
|poke|p1|Floette-Eternal, L50, F|
|poke|p1|Sinistcha-Masterpiece, L50, shiny|
|poke|p1|Kommo-o, L50, M|
|poke|p1|Kingambit, L50, F, shiny|
|poke|p1|Aerodactyl, L50, F|
|poke|p2|Garchomp, L50, F, shiny|
|poke|p2|Incineroar, L50, F, shiny|
|poke|p2|Annihilape, L50, F, shiny|
|poke|p2|Toxapex, L50, F, shiny|
|poke|p2|Venusaur, L50, F, shiny|
|poke|p2|Charizard, L50, M, shiny|
|teampreview|4
|showteam|p1|Incineroar||SitrusBerry|Intimidate|FakeOut,PartingShot,HelpingHand,FlareBlitz|Careful||M|||50|]Floette-Eternal||Floettite|FlowerVeil|Moonblast,DazzlingGleam,CalmMind,Protect|Modest||F|||50|]Sinistcha-Masterpiece||ColburBerry|Hospitality|MatchaGotcha,LifeDew,RagePowder,TrickRoom|Bold|||||50|]Kommo-o||Leftovers|Overcoat|ClangingScales,AuraSphere,ClangorousSoul,Protect|Modest||M|||50|]Kingambit||FocusSash|Defiant|KowtowCleave,SuckerPunch,IronHead,Protect|Adamant||F|||50|]Aerodactyl||Aerodactylite|Unnerve|Protect,RockSlide,Tailwind,DualWingbeat|Jolly||F|||50|
|showteam|p2|Garchomp||ChoiceScarf|RoughSkin|Earthquake,DragonClaw,RockSlide,StompingTantrum|Adamant||F|||50|]Incineroar||SitrusBerry|Intimidate|FakeOut,FlareBlitz,ThroatChop,PartingShot|Impish||F|||50|]Annihilape||FocusSash|Defiant|CloseCombat,PhantomForce,RageFist,Protect|Jolly||F|||50|]Toxapex||Leftovers|Regenerator|Toxic,Infestation,WideGuard,BanefulBunker|Impish||F|||50|]Venusaur||LifeOrb|Chlorophyll|SolarBeam,SludgeBomb,EarthPower,Protect|Modest||F|||50|]Charizard||CharizarditeY|Blaze|HeatWave,WeatherBall,SolarBeam,Protect|Modest||M|||50|
|inactive|Battle timer is ON: inactive players will automatically lose when time's up. (requested by ruben2327)
|j| yesyeys
|inactive|clarocojones has 60 seconds left.
|inactive|ruben2327 has 60 seconds left.
|l| yesyeys
|inactive|clarocojones has 30 seconds left.
|inactive|clarocojones has 20 seconds left.
|inactive|clarocojones has 15 seconds left.
|
|t:|1785598444
|teamsize|p1|4
|teamsize|p2|4
|start
|switch|p1a: Aerodactyl|Aerodactyl, L50, F|100/100
|switch|p1b: Kommo-o|Kommo-o, L50, M|100/100
|switch|p2a: Toxapex|Toxapex, L50, F, shiny|100/100
|switch|p2b: Annihilape|Annihilape, L50, F, shiny|100/100
|-ability|p1a: Aerodactyl|Unnerve
|turn|1
|
|t:|1785598466
|switch|p2b: Garchomp|Garchomp, L50, F, shiny|100/100
|switch|p1b: Friends Take|Incineroar, L50, M, shiny|100/100
|-ability|p1b: Friends Take|Intimidate|boost
|-unboost|p2a: Toxapex|atk|1
|-unboost|p2b: Garchomp|atk|1
|detailschange|p1a: Aerodactyl|Aerodactyl-Mega, L50, F
|-mega|p1a: Aerodactyl|Aerodactyl|Aerodactylite
|move|p1a: Aerodactyl|Dual Wingbeat|p2b: Garchomp
|-damage|p2b: Garchomp|73/100
|-damage|p1a: Aerodactyl|87/100|[from] ability: Rough Skin|[of] p2b: Garchomp
|-damage|p2b: Garchomp|48/100
|-damage|p1a: Aerodactyl|75/100|[from] ability: Rough Skin|[of] p2b: Garchomp
|-hitcount|p2b: Garchomp|2
|move|p2a: Toxapex|Toxic|p1b: Friends Take
|-status|p1b: Friends Take|tox
|
|-damage|p1b: Friends Take|94/100 tox|[from] psn
|upkeep
|turn|2
|inactive|ruben2327 has 30 seconds left.
|inactive|ruben2327 has 20 seconds left.
|
|t:|1785598505
|move|p1b: Friends Take|Fake Out|p2b: Garchomp
|-damage|p2b: Garchomp|38/100
|-damage|p1b: Friends Take|81/100 tox|[from] ability: Rough Skin|[of] p2b: Garchomp
|cant|p2b: Garchomp|flinch
|move|p1a: Aerodactyl|Dual Wingbeat|p2b: Garchomp
|-damage|p2b: Garchomp|15/100
|-damage|p1a: Aerodactyl|62/100|[from] ability: Rough Skin|[of] p2b: Garchomp
|-crit|p2b: Garchomp
|-damage|p2b: Garchomp|0 fnt
|-damage|p1a: Aerodactyl|50/100g|[from] ability: Rough Skin|[of] p2b: Garchomp
|faint|p2b: Garchomp
|-hitcount|p2: Garchomp|2
|move|p2a: Toxapex|Toxic|p1a: Aerodactyl
|-status|p1a: Aerodactyl|tox
|
|-damage|p1a: Aerodactyl|44/100 tox|[from] psn
|-damage|p1b: Friends Take|69/100 tox|[from] psn
|upkeep
|
|t:|1785598525
|switch|p2b: Venusaur|Venusaur, L50, F, shiny|100/100
|turn|3
|
|t:|1785598542
|switch|p1a: DON JULIO|Sinistcha-Masterpiece, L50, shiny|100/100
|-heal|p1b: Friends Take|94/100 tox|[from] ability: Hospitality|[of] p1a: DON JULIO
|move|p2b: Venusaur|Protect|p2b: Venusaur
|-singleturn|p2b: Venusaur|Protect
|move|p1b: Friends Take|Flare Blitz|p2b: Venusaur
|-activate|p2b: Venusaur|move: Protect
|move|p2a: Toxapex|Infestation|p1a: DON JULIO
|-damage|p1a: DON JULIO|97/100
|-activate|p1a: DON JULIO|move: Infestation|[of] p2a: Toxapex
|
|-damage|p1b: Friends Take|76/100 tox|[from] psn
|-damage|p1a: DON JULIO|84/100|[from] move: Infestation|[partiallytrapped]
|upkeep
|turn|4
|
|t:|1785598563
|switch|p2b: Annihilape|Annihilape, L50, F, shiny|100/100
|move|p1b: Friends Take|Flare Blitz|p2b: Annihilape
|-damage|p2b: Annihilape|48/100
|-damage|p1b: Friends Take|60/100 tox|[from] Recoil
|move|p1a: DON JULIO|Matcha Gotcha|p2a: Toxapex|[spread] 
|-miss|p1a: DON JULIO|p2a: Toxapex
|-miss|p1a: DON JULIO|p2b: Annihilape
|move|p2a: Toxapex|Toxic|p1a: DON JULIO
|-status|p1a: DON JULIO|tox
|
|-damage|p1b: Friends Take|36/100 tox|[from] psn
|-damage|p1a: DON JULIO|78/100 tox|[from] psn
|-damage|p1a: DON JULIO|65/100 tox|[from] move: Infestation|[partiallytrapped]
|upkeep
|-enditem|p1b: Friends Take|Sitrus Berry|[eat]
|-heal|p1b: Friends Take|61/100 tox|[from] item: Sitrus Berry
|turn|5
|inactive|ruben2327 has 30 seconds left.
|inactive|clarocojones has 30 seconds left.
|inactive|ruben2327 has 20 seconds left.
|inactive|ruben2327 has 15 seconds left.
|inactive|ruben2327 has 10 seconds left.
|
|t:|1785598610
|move|p1a: DON JULIO|Rage Powder|p1a: DON JULIO
|-singleturn|p1a: DON JULIO|move: Rage Powder
|move|p2b: Annihilape|Rage Fist|p1a: DON JULIO
|-supereffective|p1a: DON JULIO|1
|-damage|p1a: DON JULIO|0 fnt
|faint|p1a: DON JULIO
|move|p1b: Friends Take|Flare Blitz|p2b: Annihilape
|-damage|p2b: Annihilape|0 fnt
|faint|p2b: Annihilape
|-damage|p1b: Friends Take|47/100 tox|[from] Recoil
|move|p2a: Toxapex|Infestation|p1b: Friends Take
|-damage|p1b: Friends Take|44/100 tox
|-activate|p1b: Friends Take|move: Infestation|[of] p2a: Toxapex
|
|-damage|p1b: Friends Take|14/100 tox|[from] psn
|-damage|p1b: Friends Take|2/100 tox|[from] move: Infestation|[partiallytrapped]
|upkeep
|
|t:|1785598627
|switch|p2b: Venusaur|Venusaur, L50, F, shiny|100/100
|switch|p1a: Kommo-o|Kommo-o, L50, M|100/100
|turn|6
|
|t:|1785598647
|move|p1a: Kommo-o|Protect|p1a: Kommo-o
|-singleturn|p1a: Kommo-o|Protect
|move|p2b: Venusaur|Protect|p2b: Venusaur
|-singleturn|p2b: Venusaur|Protect
|move|p1b: Friends Take|Flare Blitz|p2b: Venusaur
|-activate|p2b: Venusaur|move: Protect
|move|p2a: Toxapex|Toxic|p1a: Kommo-o
|-activate|p1a: Kommo-o|move: Protect
|
|-damage|p1b: Friends Take|0 fnt|[from] psn
|faint|p1b: Friends Take
|upkeep
|
|t:|1785598650
|switch|p1b: Aerodactyl|Aerodactyl-Mega, L50, F|44/100 tox
|turn|7
|
|t:|1785598674
|move|p1b: Aerodactyl|Dual Wingbeat|p2b: Venusaur
|-supereffective|p2b: Venusaur|1
|-damage|p2b: Venusaur|45/100
|-supereffective|p2b: Venusaur|1
|-damage|p2b: Venusaur|0 fnt
|faint|p2b: Venusaur
|-hitcount|p2: Venusaur|2
|move|p1a: Kommo-o|Clanging Scales|p2a: Toxapex
|-damage|p2a: Toxapex|61/100
|-unboost|p1a: Kommo-o|def|1
|move|p2a: Toxapex|Toxic|p1a: Kommo-o
|-status|p1a: Kommo-o|tox
|
|-heal|p2a: Toxapex|66/100|[from] item: Leftovers
|-damage|p1b: Aerodactyl|37/100 tox|[from] psn
|-damage|p1a: Kommo-o|93/100 tox|[from] psn
|upkeep
|turn|8
|
|t:|1785598694
|move|p2a: Toxapex|Wide Guard|p2a: Toxapex
|-singleturn|p2a: Toxapex|Wide Guard
|move|p1b: Aerodactyl|Dual Wingbeat|p2a: Toxapex
|-damage|p2a: Toxapex|49/100
|-damage|p2a: Toxapex|33/100
|-hitcount|p2a: Toxapex|2
|move|p1a: Kommo-o|Clanging Scales|p2a: Toxapex
|-activate|p2a: Toxapex|move: Wide Guard
|
|-heal|p1a: Kommo-o|100/100 tox|[from] item: Leftovers
|-heal|p2a: Toxapex|38/100|[from] item: Leftovers
|-damage|p1b: Aerodactyl|25/100 tox|[from] psn
|-damage|p1a: Kommo-o|87/100 tox|[from] psn
|upkeep
|turn|9
|
|t:|1785598706
|move|p2a: Toxapex|Baneful Bunker|p2a: Toxapex
|-singleturn|p2a: Toxapex|move: Protect
|move|p1b: Aerodactyl|Dual Wingbeat|p2a: Toxapex
|-activate|p2a: Toxapex|move: Protect
|move|p1a: Kommo-o|Clanging Scales|p2a: Toxapex
|-activate|p2a: Toxapex|move: Protect
|
|-heal|p1a: Kommo-o|93/100 tox|[from] item: Leftovers
|-heal|p2a: Toxapex|44/100|[from] item: Leftovers
|-damage|p1b: Aerodactyl|6/100 tox|[from] psn
|-damage|p1a: Kommo-o|75/100 tox|[from] psn
|upkeep
|turn|10
|
|t:|1785598721
|move|p2a: Toxapex|Wide Guard|p2a: Toxapex
|-singleturn|p2a: Toxapex|Wide Guard
|move|p1b: Aerodactyl|Dual Wingbeat|p2a: Toxapex
|-damage|p2a: Toxapex|28/100
|-damage|p2a: Toxapex|9/100
|-hitcount|p2a: Toxapex|2
|move|p1a: Kommo-o|Aura Sphere|p2a: Toxapex
|-resisted|p2a: Toxapex|1
|-damage|p2a: Toxapex|0 fnt
|faint|p2a: Toxapex
|
|win|clarocojones
||ruben2327 is ready for game 2.
|inactive|clarocojones has 30 seconds to confirm battle start!
||clarocojones is ready for game 2.
|uhtml|next|Next: Game 2 of 3
