|j|☆Cyberkevh912
|j|‽dr.lav
|html|Cyberkevh912dr.lav    
|uhtml|bestof|Game 2 of a best-of-3
|t:|1785077178
|gametype|doubles
|player|p1|Cyberkevh912|red|
|player|p2|dr.lav|iris-masters|
|gen|9
|tier|[Gen 9 Champions] VGC 2026 Reg M-B (Bo3)
|rule|Species Clause: Limit one of each Pokémon
|rule|Item Clause: Limit 1 of each item
|clearpoke
|poke|p1|Greninja, L50, M|
|poke|p1|Garchomp, L50, M|
|poke|p1|Aerodactyl, L50, F|
|poke|p1|Infernape, L50, F|
|poke|p1|Sylveon, L50, M|
|poke|p1|Metagross, L50|
|poke|p2|Raichu, L50, F|
|poke|p2|Diggersby, L50, F|
|poke|p2|Sableye, L50, M|
|poke|p2|Goodra-Hisui, L50, M|
|poke|p2|Meowscarada, L50, M|
|poke|p2|Blaziken, L50, F|
|teampreview|4
|showteam|p1|Greninja||Greninjite|Protean|HydroPump,IceBeam,LowKick,Uturn|Hasty||M|||50|]Garchomp||SitrusBerry|RoughSkin|DragonClaw,StompingTantrum,PoisonJab,Protect|Adamant||M|||50|]Aerodactyl||FocusSash|RockHead|RockSlide,DualWingbeat,Tailwind,Protect|Jolly||F|||50|]Infernape||LifeOrb|Blaze|FlareBlitz,CloseCombat,FakeOut,Protect|Jolly||F|||50|]Sylveon||FairyFeather|Pixilate|HyperVoice,HyperBeam,QuickAttack,Protect|Modest||M|||50|]Metagross||LightClay|ClearBody|Reflect,LightScreen,PsychicFangs,IcePunch|Careful|||||50|
|showteam|p2|Raichu||RaichuniteY|LightningRod|FocusBlast,Protect,ZapCannon,FakeOut|Hasty||F|||50|]Diggersby||PasshoBerry|HugePower|Earthquake,RockSlide,BodySlam,GunkShot|Adamant||F|||50|]Sableye||LightClay|Prankster|RainDance,Reflect,LightScreen,ShadowClaw|Impish||M|||50|]Goodra-Hisui||Leftovers|ShellArmor|DragonPulse,FlashCannon,Protect,Shelter|Calm||M|||50|]Meowscarada||BrightPowder|Protean|KnockOff,FlowerTrick,TripleAxel,Uturn|Jolly||M|||50|]Blaziken||WideLens|SpeedBoost|BlazeKick,BrickBreak,RockSlide,Protect|Adamant||F|||50|
|
|t:|1785077250
|teamsize|p1|4
|teamsize|p2|4
|start
|switch|p1a: Garchomp|Garchomp, L50, M|100/100
|switch|p1b: Infernape|Infernape, L50, F|100/100
|switch|p2a: Sableye|Sableye, L50, M|100/100
|switch|p2b: Goodra|Goodra-Hisui, L50, M|100/100
|turn|1
|
|t:|1785077272
|move|p2b: Goodra|Protect|p2b: Goodra
|-singleturn|p2b: Goodra|Protect
|move|p2a: Sableye|Reflect|p2a: Sableye
|-sidestart|p2: dr.lav|Reflect
|move|p1b: Infernape|Close Combat|p2b: Goodra
|-activate|p2b: Goodra|move: Protect
|move|p1a: Garchomp|Dragon Claw|p2a: Sableye
|-damage|p2a: Sableye|72/100
|
|upkeep
|turn|2
|
|t:|1785077289
|move|p2a: Sableye|Rain Dance|p2a: Sableye
|-weather|RainDance
|move|p1b: Infernape|Close Combat|p2b: Goodra
|-supereffective|p2b: Goodra|1
|-damage|p2b: Goodra|18/100
|-unboost|p1b: Infernape|def|1
|-unboost|p1b: Infernape|spd|1
|-damage|p1b: Infernape|90/100|[from] item: Life Orb
|move|p1a: Garchomp|Dragon Claw|p2a: Sableye
|-damage|p2a: Sableye|41/100
|move|p2b: Goodra|Shelter|p2b: Goodra
|-boost|p2b: Goodra|def|2
|
|-weather|RainDance|[upkeep]
|-heal|p2b: Goodra|24/100|[from] item: Leftovers
|upkeep
|turn|3
|
|t:|1785077324
|move|p2b: Goodra|Protect|p2b: Goodra
|-singleturn|p2b: Goodra|Protect
|move|p1b: Infernape|Close Combat|p2b: Goodra
|-activate|p2b: Goodra|move: Protect
|move|p1a: Garchomp|Dragon Claw|p2a: Sableye
|-damage|p2a: Sableye|12/100
|move|p2a: Sableye|Shadow Claw|p1b: Infernape
|-damage|p1b: Infernape|40/100
|
|-weather|RainDance|[upkeep]
|-heal|p2b: Goodra|30/100|[from] item: Leftovers
|upkeep
|turn|4
|
|t:|1785077353
|switch|p2a: Meowscarada|Meowscarada, L50, M|100/100
|move|p2b: Goodra|Protect|p2b: Goodra
|-singleturn|p2b: Goodra|Protect
|move|p1b: Infernape|Close Combat|p2b: Goodra
|-activate|p2b: Goodra|move: Protect
|move|p1a: Garchomp|Dragon Claw|p2b: Goodra
|-activate|p2b: Goodra|move: Protect
|
|-weather|RainDance|[upkeep]
|-heal|p2b: Goodra|36/100|[from] item: Leftovers
|upkeep
|turn|5
|
|t:|1785077406
|switch|p2b: Sableye|Sableye, L50, M|12/100
|move|p2a: Meowscarada|Triple Axel|p1a: Garchomp
|-start|p2a: Meowscarada|typechange|Ice|[from] ability: Protean
|-supereffective|p1a: Garchomp|2
|-damage|p1a: Garchomp|66/100
|-damage|p2a: Meowscarada|87/100|[from] ability: Rough Skin|[of] p1a: Garchomp
|-hitcount|p1a: Garchomp|1
|move|p1b: Infernape|Close Combat|p2b: Sableye
|-immune|p2b: Sableye
|move|p1a: Garchomp|Stomping Tantrum|p2b: Sableye
|-damage|p2b: Sableye|0 fnt
|faint|p2b: Sableye
|
|-weather|RainDance|[upkeep]
|upkeep
|
|t:|1785077417
|switch|p2b: Raichu|Raichu, L50, F|100/100
|turn|6
|
|t:|1785077431
|move|p2b: Raichu|Fake Out|p1b: Infernape
|-damage|p1b: Infernape|20/100y
|move|p2a: Meowscarada|Triple Axel|p1a: Garchomp
|-supereffective|p1a: Garchomp|2
|-damage|p1a: Garchomp|35/100
|-damage|p2a: Meowscarada|75/100|[from] ability: Rough Skin|[of] p1a: Garchomp
|-enditem|p1a: Garchomp|Sitrus Berry|[eat]
|-heal|p1a: Garchomp|60/100|[from] item: Sitrus Berry
|-supereffective|p1a: Garchomp|2
|-damage|p1a: Garchomp|0 fnt
|-damage|p2a: Meowscarada|62/100|[from] ability: Rough Skin|[of] p1a: Garchomp
|faint|p1a: Garchomp
|-hitcount|p1: Garchomp|2
|cant|p1b: Infernape|flinch
|
|-weather|none
|upkeep
|
|t:|1785077442
|switch|p1a: Sylveon|Sylveon, L50, M|100/100
|turn|7
|
|t:|1785077470
|move|p2b: Raichu|Protect|p2b: Raichu
|-singleturn|p2b: Raichu|Protect
|move|p1b: Infernape|Protect|p1b: Infernape
|-singleturn|p1b: Infernape|Protect
|move|p2a: Meowscarada|U-turn|p1b: Infernape
|-activate|p1b: Infernape|move: Protect
|move|p1a: Sylveon|Hyper Voice|p2a: Meowscarada|[spread] p2a
|-activate|p2b: Raichu|move: Protect
|-damage|p2a: Meowscarada|0 fnt
|faint|p2a: Meowscarada
|
|upkeep
|
|t:|1785077479
|switch|p2a: Goodra|Goodra-Hisui, L50, M|36/100
|turn|8
|
|t:|1785077509
|detailschange|p2b: Raichu|Raichu-Mega-Y, L50, F
|-mega|p2b: Raichu|Raichu|Raichunite Y
|move|p2b: Raichu|Zap Cannon|p1b: Infernape
|-damage|p1b: Infernape|0 fnt
|faint|p1b: Infernape
|move|p1a: Sylveon|Hyper Voice|p2b: Raichu|[spread] p2a,p2b
|-damage|p2a: Goodra|6/100
|-damage|p2b: Raichu|15/100
|move|p2a: Goodra|Flash Cannon|p1a: Sylveon
|-supereffective|p1a: Sylveon|1
|-damage|p1a: Sylveon|52/100
|-unboost|p1a: Sylveon|spd|1
|
|-heal|p2a: Goodra|12/100|[from] item: Leftovers
|-sideend|p2: dr.lav|Reflect
|upkeep
|
|t:|1785077518
|switch|p1b: Greninja|Greninja, L50, M|100/100
|turn|9
|
|t:|1785077528
|detailschange|p1b: Greninja|Greninja-Mega, L50, M
|-mega|p1b: Greninja|Greninja|Greninjite
|move|p1a: Sylveon|Quick Attack|p2b: Raichu
|-damage|p2b: Raichu|0 fnt
|faint|p2b: Raichu
|move|p1b: Greninja|Low Kick|p2a: Goodra
|-start|p1b: Greninja|typechange|Fighting|[from] ability: Protean
|-supereffective|p2a: Goodra|1
|-damage|p2a: Goodra|0 fnt
|faint|p2a: Goodra
|
|win|Cyberkevh912
|c|☆Cyberkevh912|ggs
