|j|☆akirahakari
|j|☆raksbach123
|html|akirahakariraksbach123    
|uhtml|bestof|Game 1 of a best-of-3
|t:|1784645560
|gametype|doubles
|player|p1|akirahakari|rosa|1011
|player|p2|raksbach123|266|1122
|gen|9
|tier|[Gen 9 Champions] VGC 2026 Reg M-B (Bo3)
|rated|
|rule|Species Clause: Limit one of each Pokémon
|rule|Item Clause: Limit 1 of each item
|clearpoke
|poke|p1|Tyranitar, L50, M|
|poke|p1|Sinistcha-Masterpiece, L50|
|poke|p1|Steelix, L50, F|
|poke|p1|Sneasler, L50, M|
|poke|p1|Talonflame, L50, M|
|poke|p1|Rotom-Wash, L50|
|poke|p2|Incineroar, L50, F|
|poke|p2|Kingambit, L50, F|
|poke|p2|Sinistcha, L50|
|poke|p2|Sneasler, L50, F|
|poke|p2|Blastoise, L50, M|
|poke|p2|Delphox, L50, F|
|teampreview|4
|showteam|p1|Tyranitar||Tyranitarite|SandStream|RockSlide,Crunch,DragonDance,Protect|Jolly||M|||50|]Sinistcha-Masterpiece||SitrusBerry|Hospitality|MatchaGotcha,RagePowder,LifeDew,TrickRoom|Relaxed|||||50|]Steelix||Steelixite|Sturdy|HeavySlam,HighHorsepower,Protect,WideGuard|Brave||F|||50|]Sneasler||WhiteHerb|Unburden|FakeOut,CloseCombat,DireClaw,RockSlide|Jolly||M|||50|]Talonflame||FocusSash|GaleWings|BraveBird,UpperHand,Tailwind,FlareBlitz|Jolly||M|||50|]Rotom-Wash||Leftovers|Levitate|Thunderbolt,HydroPump,WillOWisp,VoltSwitch|Modest|||||50|
|showteam|p2|Incineroar||SitrusBerry|Intimidate|FakeOut,FlareBlitz,ThroatChop,PartingShot|Impish||F|||50|]Kingambit||BlackGlasses|Defiant|KowtowCleave,SuckerPunch,SwordsDance,Protect|Adamant||F|||50|]Sinistcha||OccaBerry|Hospitality|MatchaGotcha,RagePowder,TrickRoom,Protect|Relaxed|||||50|]Sneasler||FocusSash|PoisonTouch|FakeOut,CloseCombat,PoisonJab,QuickGuard|Jolly||F|||50|]Blastoise||Blastoisinite|RainDish|WaterSpout,DarkPulse,ShellSmash,Protect|Modest||M|||50|]Delphox||Delphoxite|Blaze|HeatWave,Psychic,NastyPlot,Protect|Timid||F|||50|
|inactive|Battle timer is ON: inactive players will automatically lose when time's up. (requested by raksbach123)
|inactive|akirahakari has 60 seconds left.
|inactive|raksbach123 has 60 seconds left.
|
|t:|1784645605
|teamsize|p1|4
|teamsize|p2|4
|start
|switch|p1a: Sneasler|Sneasler, L50, M|100/100
|switch|p1b: Steelix|Steelix, L50, F|100/100
|switch|p2a: Incineroar|Incineroar, L50, F|100/100
|switch|p2b: Sneasler|Sneasler, L50, F|100/100
|-ability|p2a: Incineroar|Intimidate|boost
|-unboost|p1a: Sneasler|atk|1
|-unboost|p1b: Steelix|atk|1
|-enditem|p1a: Sneasler|White Herb
|-clearnegativeboost|p1a: Sneasler|[silent]
|turn|1
|inactive|akirahakari has 30 seconds left.
|
|t:|1784645639
|switch|p2a: Sinistcha|Sinistcha, L50|100/100
|switch|p1b: Sinistcha|Sinistcha-Masterpiece, L50|100/100
|move|p1a: Sneasler|Close Combat|p2a: Sinistcha
|-immune|p2a: Sinistcha
|move|p2b: Sneasler|Close Combat|p1b: Sinistcha
|-immune|p1b: Sinistcha
|
|upkeep
|turn|2
|inactive|akirahakari has 30 seconds left.
|inactive|raksbach123 has 30 seconds left.
|inactive|akirahakari has 20 seconds left.
|inactive|akirahakari has 15 seconds left.
|
|t:|1784645680
|switch|p2a: Incineroar|Incineroar, L50, F|100/100
|-ability|p2a: Incineroar|Intimidate|boost
|-unboost|p1a: Sneasler|atk|1
|-unboost|p1b: Sinistcha|atk|1
|switch|p1b: Steelix|Steelix, L50, F|100/100
|move|p1a: Sneasler|Dire Claw|p2a: Incineroar
|-damage|p2a: Incineroar|77/100
|move|p2b: Sneasler|Poison Jab|p1b: Steelix
|-immune|p1b: Steelix
|
|upkeep
|turn|3
|inactive|akirahakari has 30 seconds left.
|inactive|raksbach123 has 30 seconds left.
|
|t:|1784645715
|switch|p1a: Sinistcha|Sinistcha-Masterpiece, L50|100/100
|switch|p2b: Sinistcha|Sinistcha, L50|100/100
|-heal|p2a: Incineroar|100/100|[from] ability: Hospitality|[of] p2b: Sinistcha
|detailschange|p1b: Steelix|Steelix-Mega, L50, F
|-mega|p1b: Steelix|Steelix|Steelixite
|move|p2a: Incineroar|Flare Blitz|p1b: Steelix
|-supereffective|p1b: Steelix|1
|-damage|p1b: Steelix|52/100
|-damage|p2a: Incineroar|86/100|[from] Recoil
|move|p1b: Steelix|High Horsepower|p2b: Sinistcha
|-resisted|p2b: Sinistcha|1
|-damage|p2b: Sinistcha|80/100
|
|upkeep
|turn|4
|inactive|akirahakari has 30 seconds left.
|inactive|raksbach123 has 30 seconds left.
|
|t:|1784645744
|move|p1b: Steelix|Protect|p1b: Steelix
|-singleturn|p1b: Steelix|Protect
|move|p2a: Incineroar|Throat Chop|p1a: Sinistcha
|-supereffective|p1a: Sinistcha|1
|-damage|p1a: Sinistcha|49/100
|-start|p1a: Sinistcha|Throat Chop|[silent]
|-enditem|p1a: Sinistcha|Sitrus Berry|[eat]
|-heal|p1a: Sinistcha|74/100|[from] item: Sitrus Berry
|move|p2b: Sinistcha|Matcha Gotcha|p1a: Sinistcha|[spread] p1a
|-activate|p1b: Steelix|move: Protect
|-resisted|p1a: Sinistcha|1
|-damage|p1a: Sinistcha|62/100
|-heal|p2b: Sinistcha|87/100|[from] drain|[of] p1a: Sinistcha
|move|p1a: Sinistcha|Trick Room|p1a: Sinistcha
|-fieldstart|move: Trick Room|[of] p1a: Sinistcha
|
|upkeep
|turn|5
|inactive|akirahakari has 30 seconds left.
|inactive|raksbach123 has 30 seconds left.
|
|t:|1784645777
|move|p2b: Sinistcha|Rage Powder|p2b: Sinistcha
|-singleturn|p2b: Sinistcha|move: Rage Powder
|move|p1b: Steelix|High Horsepower|p2b: Sinistcha
|-resisted|p2b: Sinistcha|1
|-damage|p2b: Sinistcha|67/100
|move|p1a: Sinistcha|Life Dew|p1a: Sinistcha|[spread] p1a,p1b
|-heal|p1a: Sinistcha|87/100
|-heal|p1b: Steelix|78/100
|move|p2a: Incineroar|Flare Blitz|p1b: Steelix
|-supereffective|p1b: Steelix|1
|-damage|p1b: Steelix|34/100
|-damage|p2a: Incineroar|73/100|[from] Recoil
|
|-end|p1a: Sinistcha|Throat Chop|[silent]
|upkeep
|turn|6
|
|t:|1784645796
|move|p2b: Sinistcha|Rage Powder|p2b: Sinistcha
|-singleturn|p2b: Sinistcha|move: Rage Powder
|move|p1b: Steelix|Heavy Slam|p2b: Sinistcha
|-damage|p2b: Sinistcha|16/100
|move|p1a: Sinistcha|Life Dew|p1a: Sinistcha|[spread] p1a,p1b
|-heal|p1a: Sinistcha|100/100
|-heal|p1b: Steelix|59/100
|move|p2a: Incineroar|Flare Blitz|p1a: Sinistcha
|-supereffective|p1a: Sinistcha|1
|-damage|p1a: Sinistcha|32/100
|-damage|p2a: Incineroar|53/100|[from] Recoil
|
|upkeep
|turn|7
|inactive|akirahakari has 30 seconds left.
|
|t:|1784645825
|switch|p2b: Sneasler|Sneasler, L50, F|100/100
|move|p1b: Steelix|Heavy Slam|p2b: Sneasler
|-enditem|p2b: Sneasler|Focus Sash
|-damage|p2b: Sneasler|1/100
|move|p1a: Sinistcha|Life Dew|p1a: Sinistcha|[spread] p1a,p1b
|-heal|p1a: Sinistcha|57/100
|-heal|p1b: Steelix|84/100
|move|p2a: Incineroar|Flare Blitz|p1a: Sinistcha
|-supereffective|p1a: Sinistcha|1
|-damage|p1a: Sinistcha|0 fnt
|faint|p1a: Sinistcha
|-damage|p2a: Incineroar|36/100|[from] Recoil
|-enditem|p2a: Incineroar|Sitrus Berry|[eat]
|-heal|p2a: Incineroar|61/100|[from] item: Sitrus Berry
|
|upkeep
|
|t:|1784645845
|switch|p1a: Sneasler|Sneasler, L50, M|100/100
|turn|8
|
|t:|1784645866
|move|p1a: Sneasler|Fake Out|p2a: Incineroar
|-damage|p2a: Incineroar|49/100
|move|p1b: Steelix|High Horsepower|p2b: Sneasler
|-supereffective|p2b: Sneasler|1
|-damage|p2b: Sneasler|0 fnt
|faint|p2b: Sneasler
|cant|p2a: Incineroar|flinch
|
|-fieldend|move: Trick Room
|upkeep
|
|t:|1784645876
|switch|p2b: Blastoise|Blastoise, L50, M|100/100
|turn|9
|inactive|akirahakari has 30 seconds left.
|
|t:|1784645903
|detailschange|p2b: Blastoise|Blastoise-Mega, L50, M
|-mega|p2b: Blastoise|Blastoise|Blastoisinite
|move|p2b: Blastoise|Protect|p2b: Blastoise
|-singleturn|p2b: Blastoise|Protect
|move|p1a: Sneasler|Dire Claw|p2a: Incineroar
|-damage|p2a: Incineroar|14/100
|-status|p2a: Incineroar|par
|move|p2a: Incineroar|Parting Shot|p1a: Sneasler
|-unboost|p1a: Sneasler|atk|1
|-unboost|p1a: Sneasler|spa|1
|
|t:|1784645913
|switch|p2a: Sinistcha|Sinistcha, L50|16/100|[from] Parting Shot
|move|p1b: Steelix|High Horsepower|p2a: Sinistcha
|-resisted|p2a: Sinistcha|1
|-damage|p2a: Sinistcha|0 fnt
|faint|p2a: Sinistcha
|
|upkeep
|
|t:|1784645919
|switch|p2a: Incineroar|Incineroar, L50, F|14/100 par
|-ability|p2a: Incineroar|Intimidate|boost
|-unboost|p1a: Sneasler|atk|1
|-unboost|p1b: Steelix|atk|1
|turn|10
|
|t:|1784645929
|switch|p1a: Rotom|Rotom-Wash, L50|100/100
|move|p2a: Incineroar|Fake Out|p1b: Steelix
|-resisted|p1b: Steelix|1
|-damage|p1b: Steelix|82/100
|cant|p1b: Steelix|flinch
|move|p2b: Blastoise|Water Spout|p1b: Steelix|[spread] p1a,p1b
|-resisted|p1a: Rotom|1
|-supereffective|p1b: Steelix|1
|-damage|p1a: Rotom|66/100
|-damage|p1b: Steelix|0 fnt
|faint|p1b: Steelix
|
|-heal|p1a: Rotom|71/100|[from] item: Leftovers
|upkeep
|
|t:|1784645945
|switch|p1b: Sneasler|Sneasler, L50, M|100/100
|turn|11
|inactive|raksbach123 has 30 seconds left.
|
|t:|1784645973
|move|p1b: Sneasler|Fake Out|p2b: Blastoise
|-damage|p2b: Blastoise|86/100
|cant|p2b: Blastoise|flinch
|move|p1a: Rotom|Thunderbolt|p2a: Incineroar
|-damage|p2a: Incineroar|0 fnt
|faint|p2a: Incineroar
|
|-heal|p1a: Rotom|77/100|[from] item: Leftovers
|upkeep
|turn|12
|-message|raksbach123 forfeited.
|
|win|akirahakari
