|j|☆AN555GEL
|j|☆Gworf
|html|AN555GELGworf    
|uhtml|bestof|Game 3 of a best-of-3
|t:|1756243912
|gametype|doubles
|player|p1|AN555GEL|170|1186
|player|p2|Gworf|acetrainer-gen4dp|1098
|gen|9
|tier|[Gen 9] VGC 2025 Reg H (Bo3)
|rated|
|rule|Species Clause: Limit one of each Pokémon
|rule|Item Clause: Limit 1 of each item
|clearpoke
|poke|p1|Archaludon, L50, F|
|poke|p1|Basculegion, L50, M|
|poke|p1|Pelipper, L50, M|
|poke|p1|Incineroar, L50, M|
|poke|p1|Clefable, L50, F|
|poke|p1|Gholdengo, L50|
|poke|p2|Ninetales, L50, M|
|poke|p2|Archaludon, L50, M|
|poke|p2|Charizard, L50, M|
|poke|p2|Hatterene, L50, F|
|poke|p2|Indeedee, L50, M|
|poke|p2|Dragapult, L50, F|
|teampreview|4
|showteam|p1|Archaludon||AssaultVest|Stamina|ElectroShot,BodyPress,DragonPulse,Snarl|||F|||50|,,,,,Grass]Basculegion||ChoiceBand|SwiftSwim|AquaJet,WaveCrash,FlipTurn,LastRespects|||M|||50|,,,,,Water]Pelipper||FocusSash|Drizzle|WeatherBall,Hurricane,Tailwind,Protect|||M|||50|,,,,,Ghost]Incineroar||SitrusBerry|Intimidate|FakeOut,KnockOff,Taunt,PartingShot|||M|||50|,,,,,Ghost]Clefable||SafetyGoggles|Unaware|Moonblast,FollowMe,Protect,LifeDew|||F|||50|,,,,,Water]Gholdengo||LifeOrb|GoodasGold|MakeItRain,NastyPlot,ShadowBall,Protect||||||50|,,,,,Water
|showteam|p2|Ninetales||Charcoal|Drought|HeatWave,WeatherBall,NastyPlot,Protect|||M|||50|,,,,,Stellar]Archaludon||PowerHerb|Stamina|ElectroShot,FlashCannon,DragonPulse,BodyPress|||M|||50|,,,,,Ghost]Charizard||ChoiceSpecs|SolarPower|HeatWave,FireBlast,DragonPulse,ScorchingSands|||M|||50|,,,,,Ghost]Hatterene||LifeOrb|MagicBounce|ExpandingForce,MysticalFire,AfterYou,Protect|||F|||50|,,,,,Fire]Indeedee||ChoiceScarf|PsychicSurge|ExpandingForce,HyperVoice,AfterYou,Trick|||M|||50|,,,,,Psychic]Dragapult||FocusSash|ClearBody|DragonDarts,PhantomForce,Uturn,Protect|||F|||50|,,,,,Dragon
|inactive|Battle timer is ON: inactive players will automatically lose when time's up. (requested by Gworf)
|
|t:|1756243956
|teamsize|p1|4
|teamsize|p2|4
|start
|switch|p1a: Archaludon|Archaludon, L50, F|100/100
|switch|p1b: Basculegion|Basculegion, L50, M|100/100
|switch|p2a: Charizard|Charizard, L50, M|100/100
|switch|p2b: Hatterene|Hatterene, L50, F|100/100
|turn|1
|
|t:|1756243979
|switch|p2b: Ninetales|Ninetales, L50, M, shiny|100/100
|-weather|SunnyDay|[from] ability: Drought|[of] p2b: Ninetales
|move|p2a: Charizard|Fire Blast|p1b: Basculegion
|-resisted|p1b: Basculegion
|-damage|p1b: Basculegion|3/100
|move|p1b: Basculegion|Flip Turn|p2a: Charizard
|-supereffective|p2a: Charizard
|-damage|p2a: Charizard|41/100
|
|t:|1756243988
|switch|p1b: Pelipper|Pelipper, L50, M, shiny|100/100|[from] Flip Turn
|-weather|RainDance|[from] ability: Drizzle|[of] p1b: Pelipper
|move|p1a: Archaludon|Snarl|p2a: Charizard|[spread] p2b
|-miss|p1a: Archaludon|p2a: Charizard
|-damage|p2b: Ninetales|86/100
|-unboost|p2b: Ninetales|spa|1
|
|-weather|RainDance|[upkeep]
|upkeep
|turn|2
|inactive|Gworf has 30 seconds left.
|inactive|Gworf has 20 seconds left.
|
|t:|1756244028
|-terastallize|p2b: Ninetales|Stellar
|move|p2b: Ninetales|Weather Ball|p1b: Pelipper
|-resisted|p1b: Pelipper
|-damage|p1b: Pelipper|76/100
|move|p2a: Charizard|Fire Blast|p1b: Pelipper
|-resisted|p1b: Pelipper
|-damage|p1b: Pelipper|42/100
|move|p1a: Archaludon|Electro Shot||[still]
|-prepare|p1a: Archaludon|Electro Shot
|-boost|p1a: Archaludon|spa|1
|-anim|p1a: Archaludon|Electro Shot|p2a: Charizard
|-supereffective|p2a: Charizard
|-damage|p2a: Charizard|0 fnt
|faint|p2a: Charizard
|move|p1b: Pelipper|Tailwind|p1b: Pelipper
|-sidestart|p1: AN555GEL|move: Tailwind
|
|-weather|RainDance|[upkeep]
|upkeep
|c|☆AN555GEL|?
|
|t:|1756244053
|switch|p2a: Archaludon|Archaludon, L50, M|100/100
|turn|3
|
|t:|1756244068
|switch|p2a: Hatterene|Hatterene, L50, F|100/100
|move|p1b: Pelipper|Protect|p1b: Pelipper
|-singleturn|p1b: Pelipper|Protect
|move|p2b: Ninetales|Protect|p2b: Ninetales
|-singleturn|p2b: Ninetales|Protect
|move|p1a: Archaludon|Electro Shot||[still]
|-prepare|p1a: Archaludon|Electro Shot
|-boost|p1a: Archaludon|spa|1
|-anim|p1a: Archaludon|Electro Shot|p2b: Ninetales
|-activate|p2b: Ninetales|move: Protect
|
|-weather|RainDance|[upkeep]
|upkeep
|turn|4
|
|t:|1756244086
|switch|p2b: Archaludon|Archaludon, L50, M|100/100
|move|p1a: Archaludon|Electro Shot||[still]
|-prepare|p1a: Archaludon|Electro Shot
|-boost|p1a: Archaludon|spa|1
|-anim|p1a: Archaludon|Electro Shot|p2a: Hatterene
|-damage|p2a: Hatterene|0 fnt
|faint|p2a: Hatterene
|move|p1b: Pelipper|Weather Ball|p2b: Archaludon
|-resisted|p2b: Archaludon
|-damage|p2b: Archaludon|58/100
|-ability|p2b: Archaludon|Stamina|boost
|-boost|p2b: Archaludon|def|1
|
|-weather|RainDance|[upkeep]
|upkeep
|
|t:|1756244095
|switch|p2a: Ninetales|Ninetales, L50, M, shiny, tera:Stellar|86/100
|-weather|SunnyDay|[from] ability: Drought|[of] p2a: Ninetales
|turn|5
|
|t:|1756244112
|move|p1a: Archaludon|Dragon Pulse|p2b: Archaludon
|-damage|p2b: Archaludon|0 fnt
|faint|p2b: Archaludon
|move|p1b: Pelipper|Weather Ball|p2a: Ninetales
|-resisted|p2a: Ninetales
|-damage|p2a: Ninetales|62/100
|move|p2a: Ninetales|Heat Wave|p1a: Archaludon|[spread] p1a,p1b
|-resisted|p1b: Pelipper
|-damage|p1a: Archaludon|59/100
|-damage|p1b: Pelipper|0 fnt
|-ability|p1a: Archaludon|Stamina|boost
|-boost|p1a: Archaludon|def|1
|faint|p1b: Pelipper
|
|-weather|SunnyDay|[upkeep]
|-sideend|p1: AN555GEL|move: Tailwind
|upkeep
|
|t:|1756244120
|switch|p1b: Basculegion|Basculegion, L50, M|3/100
|turn|6
|
|t:|1756244129
|move|p1b: Basculegion|Aqua Jet|p2a: Ninetales
|-supereffective|p2a: Ninetales
|-damage|p2a: Ninetales|27/100
|move|p2a: Ninetales|Heat Wave|p1b: Basculegion|[spread] p1a,p1b
|-resisted|p1b: Basculegion
|-damage|p1a: Archaludon|27/100
|-damage|p1b: Basculegion|0 fnt
|-ability|p1a: Archaludon|Stamina|boost
|-boost|p1a: Archaludon|def|1
|faint|p1b: Basculegion
|move|p1a: Archaludon|Dragon Pulse|p2a: Ninetales
|-damage|p2a: Ninetales|0 fnt
|faint|p2a: Ninetales
|
|win|AN555GEL
|raw|AN555GEL's rating: 1186 → 1205(+19 for winning)
|raw|Gworf's rating: 1098 → 1079(-19 for losing)
|l|☆Gworf
|player|p2|
|c|☆AN555GEL|gg
