|j|Ōśåitsjamsandwich
|j|Ōśåeevee1ynn
|html|itsjamsandwicheevee1ynn    
|uhtml|bestof|Game 1 of a best-of-3
|t:|1756659300
|gametype|doubles
|player|p1|itsjamsandwich|hugh|
|player|p2|eevee1ynn|irida|
|gen|9
|tier|[Gen 9] VGC 2025 Reg H (Bo3)
|rule|Species Clause: Limit one of each Pok├®mon
|rule|Item Clause: Limit 1 of each item
|clearpoke
|poke|p1|Primarina, L50, F|
|poke|p1|Arcanine-Hisui, L50, M|
|poke|p1|Garchomp, L50, M|
|poke|p1|Tyranitar, L50, M|
|poke|p1|Glaceon, L50, F|
|poke|p1|Indeedee-F, L50, F|
|poke|p2|Archaludon, L50, M|
|poke|p2|Pelipper, L50, M|
|poke|p2|Indeedee-F, L50, F|
|poke|p2|Braviary-Hisui, L50, M|
|poke|p2|Toedscruel, L50, F|
|poke|p2|Annihilape, L50, M|
|teampreview|4
|showteam|p1|Primarina||LifeOrb|LiquidVoice|DrainingKiss,HyperVoice,Haze,Protect|||F|||50|,,,,,Poison]Arcanine-Hisui||ClearAmulet|RockHead|HeadSmash,FlareBlitz,TeraBlast,Protect|||M|||50|,,,,,Ghost]Garchomp||RockyHelmet|SandVeil|StompingTantrum,SwordsDance,IronHead,Protect|||M|||50|,,,,,Ground]Tyranitar||AirBalloon|SandStream|Crunch,DragonClaw,RockSlide,Protect|||M|||50|,,,,,Rock]Glaceon||NeverMeltIce|SnowCloak|Snowscape,Blizzard,TeraBlast,Protect|||F|||50|,,,,,Ground]Indeedee-F||TwistedSpoon|OwnTempo|HealPulse,HelpingHand,FakeOut,Protect|||F|||50|,,,,,Psychic
|showteam|p2|Archaludon||AssaultVest|Stamina|BodyPress,ElectroShot,DragonPulse,Snarl|||M|||50|,,,,,Grass]Pelipper||FocusSash|Drizzle|Protect,Hurricane,WeatherBall,Tailwind|||M|||50|,,,,,Ghost]Indeedee-F||SafetyGoggles|PsychicSurge|AlluringVoice,HelpingHand,TrickRoom,FollowMe|||F|||50|,,,,,Dragon]Braviary-Hisui||LifeOrb|TintedLens|Protect,EsperWing,Hurricane,ExpandingForce|||M|||50|,,,,,Psychic]Toedscruel||CovertCloak|MyceliumMight|Spore,AcidSpray,EarthPower,TrickRoom|||F|||50|,,,,,Fire]Annihilape||Leftovers|Defiant|Protect,DrainPunch,RageFist,BulkUp|||M|||50|,,,,,Fire
|inactive|Battle timer is ON: inactive players will automatically lose when time's up. (requested by eevee1ynn)
|c|Ōśåeevee1ynn|glhf
|inactiveoff|Battle timer is now OFF.
|c|Ōśåitsjamsandwich|u 2
|c|Ōśåitsjamsandwich|this teams very hit or miss lol
|
|t:|1756659365
|teamsize|p1|4
|teamsize|p2|4
|start
|switch|p1a: Arcanine|Arcanine-Hisui, L50, M|100/100
|switch|p1b: Indeedee|Indeedee-F, L50, F|100/100
|switch|p2a: Toedscruel|Toedscruel, L50, F|100/100
|switch|p2b: Archaludon|Archaludon, L50, M|100/100
|turn|1
|
|t:|1756659495
|move|p1b: Indeedee|Protect|p1b: Indeedee
|-singleturn|p1b: Indeedee|Protect
|move|p2a: Toedscruel|Earth Power|p1a: Arcanine
|-supereffective|p1a: Arcanine
|-damage|p1a: Arcanine|0 fnt
|faint|p1a: Arcanine
|move|p2b: Archaludon|Snarl|p1b: Indeedee
|-activate|p1b: Indeedee|move: Protect
|
|upkeep
|c|Ōśåitsjamsandwich|so sorry for the wait
|
|t:|1756659511
|switch|p1a: Garchomp|Garchomp, L50, M|100/100
|turn|2
|c|Ōśåeevee1ynn|no worries
|
|t:|1756659540
|move|p1b: Indeedee|Helping Hand|p1a: Garchomp
|-singleturn|p1a: Garchomp|Helping Hand|[of] p1b: Indeedee
|move|p1a: Garchomp|Iron Head|p2a: Toedscruel
|-damage|p2a: Toedscruel|41/100
|move|p2b: Archaludon|Dragon Pulse|p1a: Garchomp
|-supereffective|p1a: Garchomp
|-damage|p1a: Garchomp|11/100
|move|p2a: Toedscruel|Spore|p1a: Garchomp
|-status|p1a: Garchomp|slp|[from] move: Spore
|
|upkeep
|turn|3
|
|t:|1756659562
|switch|p1a: Glaceon|Glaceon, L50, F|100/100
|switch|p2a: Pelipper|Pelipper, L50, M|100/100
|-weather|RainDance|[from] ability: Drizzle|[of] p2a: Pelipper
|move|p1b: Indeedee|Protect|p1b: Indeedee
|-singleturn|p1b: Indeedee|Protect
|move|p2b: Archaludon|Electro Shot||[still]
|-prepare|p2b: Archaludon|Electro Shot
|-boost|p2b: Archaludon|spa|1
|-anim|p2b: Archaludon|Electro Shot|p1b: Indeedee
|-activate|p1b: Indeedee|move: Protect
|
|-weather|RainDance|[upkeep]
|upkeep
|turn|4
|
|t:|1756659600
|-terastallize|p1a: Glaceon|Ground
|move|p2a: Pelipper|Weather Ball|p1a: Glaceon
|-supereffective|p1a: Glaceon
|-damage|p1a: Glaceon|0 fnt
|faint|p1a: Glaceon
|move|p1b: Indeedee|Heal Pulse|p1: Glaceon|[notarget]
|-fail|p1b: Indeedee
|move|p2b: Archaludon|Snarl|p1b: Indeedee|[miss]
|-miss|p2b: Archaludon|p1b: Indeedee
|
|-weather|RainDance|[upkeep]
|upkeep
|
|t:|1756659611
|switch|p1a: Garchomp|Garchomp, L50, M|11/100 slp
|turn|5
|
|t:|1756659618
|cant|p1a: Garchomp|slp
|move|p2a: Pelipper|Weather Ball|p1b: Indeedee
|-damage|p1b: Indeedee|48/100
|move|p2b: Archaludon|Snarl|p1b: Indeedee|[spread] p1a,p1b
|-supereffective|p1b: Indeedee
|-damage|p1a: Garchomp|0 fnt
|-damage|p1b: Indeedee|18/100
|-unboost|p1b: Indeedee|spa|1
|faint|p1a: Garchomp
|move|p1b: Indeedee|Heal Pulse|p1: Garchomp|[notarget]
|-fail|p1b: Indeedee
|
|-weather|RainDance|[upkeep]
|upkeep
|turn|6
|c|Ōśåitsjamsandwich|oof
|
|t:|1756659641
|move|p1b: Indeedee|Helping Hand|p1: Garchomp|[notarget]
|-fail|p1b: Indeedee
|move|p2a: Pelipper|Weather Ball|p1b: Indeedee
|-damage|p1b: Indeedee|0 fnt
|faint|p1b: Indeedee
|
|win|eevee1ynn
