|j|☆SuperNovaKush
|j|☆king_slayer_98
|html|SuperNovaKushking_slayer_98    
|uhtml|bestof|Game 1 of a best-of-3
|t:|1785515971
|gametype|doubles
|player|p1|SuperNovaKush|red|
|player|p2|king_slayer_98|shadowtriad|
|gen|9
|tier|[Gen 9 Champions] VGC 2026 Reg M-B (Bo3)
|rule|Species Clause: Limit one of each Pokémon
|rule|Item Clause: Limit 1 of each item
|clearpoke
|poke|p1|Hydreigon, L50, F|
|poke|p1|Primarina, L50, F|
|poke|p1|Corviknight, L50, M|
|poke|p1|Kangaskhan, L50, F|
|poke|p1|Delphox, L50, M|
|poke|p1|Venusaur, L50, F|
|poke|p2|Pidgeot, L50, F|
|poke|p2|Avalugg-Hisui, L50, M|
|poke|p2|Diggersby, L50, F|
|poke|p2|Tauros-Paldea-Aqua, L50, M|
|poke|p2|Gourgeist, L50, F|
|poke|p2|Simisear, L50, F|
|teampreview|4
|showteam|p1|Hydreigon||ChoiceScarf|Levitate|Snarl,DarkPulse,HeatWave,DracoMeteor|Modest||F|||50|]Primarina||LifeOrb|LiquidVoice|HyperVoice,Moonblast,CalmMind,Protect|Modest||F|||50|]Corviknight||SitrusBerry|MirrorArmor|Tailwind,IronHead,BodyPress,IronDefense|Bold||M|||50|]Kangaskhan||SilkScarf|Scrappy|FakeOut,LastResort|Adamant||F|||50|]Delphox||Delphoxite|Magician|HeatWave,Psychic,NastyPlot,Protect|Timid||M|||50|]Venusaur||Venusaurite|Chlorophyll|LeafStorm,Earthquake,SludgeBomb,Protect|Modest||F|||50|
|showteam|p2|Pidgeot||Pidgeotite|KeenEye|HyperBeam,Hurricane,Tailwind,Protect|Timid||F|||50|]Avalugg-Hisui||WideLens|Sturdy|MountainGale,RockSlide,WideGuard,BodyPress|Adamant||M|||50|]Diggersby||LifeOrb|HugePower|Earthquake,IcePunch,Protect,QuickAttack|Adamant||F|||50|]Tauros-Paldea-Aqua||ExpertBelt|Intimidate|WildCharge,RagingBull,CloseCombat,Protect|Adamant||M|||50|]Gourgeist||OccaBerry|Pickup|Poltergeist,PowerWhip,TrickRoom,ShadowSneak|Brave||F|||50|]Simisear||Charcoal|Blaze|Protect,HeatWave,GrassKnot,FakeOut|Modest||F|||50|
|inactive|Battle timer is ON: inactive players will automatically lose when time's up. (requested by king_slayer_98)
|inactive|SuperNovaKush has 60 seconds left.
|
|t:|1785516071
|teamsize|p1|4
|teamsize|p2|4
|start
|switch|p1a: Kangaskhan|Kangaskhan, L50, F|100/100
|switch|p1b: Delphox|Delphox, L50, M|100/100
|switch|p2a: Simisear|Simisear, L50, F|100/100
|switch|p2b: Gourgeist|Gourgeist, L50, F|100/100
|turn|1
|
|t:|1785516088
|detailschange|p1b: Delphox|Delphox-Mega, L50, M
|-mega|p1b: Delphox|Delphox|Delphoxite
|move|p2a: Simisear|Fake Out|p1a: Kangaskhan
|-damage|p1a: Kangaskhan|91/100
|cant|p1a: Kangaskhan|flinch
|move|p1b: Delphox|Heat Wave|p2a: Simisear|[spread] p2b
|-miss|p1b: Delphox|p2a: Simisear
|-supereffective|p2b: Gourgeist|1
|-enditem|p2b: Gourgeist|Occa Berry|[eat]
|-enditem|p2b: Gourgeist|Occa Berry|[weaken]
|-damage|p2b: Gourgeist|52/100
|move|p2b: Gourgeist|Trick Room|p2b: Gourgeist
|-fieldstart|move: Trick Room|[of] p2b: Gourgeist
|
|upkeep
|turn|2
|inactive|SuperNovaKush has 30 seconds left.
|
|t:|1785516115
|move|p2b: Gourgeist|Poltergeist|p1b: Delphox
|-activate|p1b: Delphox|move: Poltergeist|Delphoxite
|-supereffective|p1b: Delphox|1
|-damage|p1b: Delphox|0 fnt
|faint|p1b: Delphox
|move|p1a: Kangaskhan|Last Resort||[still]
|-fail|p1a: Kangaskhan
|move|p2a: Simisear|Heat Wave|p1a: Kangaskhan
|-damage|p1a: Kangaskhan|41/100
|
|upkeep
|inactive|SuperNovaKush has 30 seconds left.
|
|t:|1785516146
|switch|p1b: Primarina|Primarina, L50, F|100/100
|turn|3
|
|t:|1785516161
|move|p1b: Primarina|Protect|p1b: Primarina
|-singleturn|p1b: Primarina|Protect
|move|p2b: Gourgeist|Power Whip|p1b: Primarina
|-activate|p1b: Primarina|move: Protect
|move|p1a: Kangaskhan|Last Resort||[still]
|-fail|p1a: Kangaskhan
|move|p2a: Simisear|Heat Wave|p1b: Primarina|[spread] 
|-activate|p1b: Primarina|move: Protect
|-miss|p2a: Simisear|p1a: Kangaskhan
|
|upkeep
|turn|4
|inactive|SuperNovaKush has 30 seconds left.
|inactive|SuperNovaKush has 20 seconds left.
|inactive|SuperNovaKush has 15 seconds left.
|
|t:|1785516206
|switch|p1a: Corviknight|Corviknight, L50, M|100/100
|move|p1b: Primarina|Hyper Voice|p2b: Gourgeist|[spread] p2a,p2b
|-supereffective|p2a: Simisear|1
|-resisted|p2b: Gourgeist|1
|-damage|p2a: Simisear|0 fnt
|-damage|p2b: Gourgeist|25/100
|faint|p2a: Simisear
|-damage|p1b: Primarina|90/100|[from] item: Life Orb
|move|p2b: Gourgeist|Power Whip|p1b: Primarina
|-supereffective|p1b: Primarina|1
|-damage|p1b: Primarina|0 fnt
|faint|p1b: Primarina
|
|upkeep
|inactive|king_slayer_98 has 30 seconds left.
|
|t:|1785516235
|switch|p1b: Kangaskhan|Kangaskhan, L50, F|41/100
|switch|p2a: Diggersby|Diggersby, L50, F|100/100
|turn|5
|
|t:|1785516249
|move|p2a: Diggersby|Protect|p2a: Diggersby
|-singleturn|p2a: Diggersby|Protect
|move|p1b: Kangaskhan|Fake Out|p2b: Gourgeist
|-damage|p2b: Gourgeist|5/100
|move|p1a: Corviknight|Body Press|p2a: Diggersby
|-activate|p2a: Diggersby|move: Protect
|cant|p2b: Gourgeist|flinch
|
|-fieldend|move: Trick Room
|upkeep
|turn|6
|inactive|SuperNovaKush has 30 seconds left.
|
|t:|1785516275
|move|p2a: Diggersby|Quick Attack|p1b: Kangaskhan
|-damage|p1b: Kangaskhan|8/100
|-damage|p2a: Diggersby|90/100|[from] item: Life Orb
|move|p2b: Gourgeist|Shadow Sneak|p1a: Corviknight
|-damage|p1a: Corviknight|86/100
|move|p1b: Kangaskhan|Last Resort|p2a: Diggersby
|-damage|p2a: Diggersby|0 fnt
|faint|p2a: Diggersby
|move|p1a: Corviknight|Iron Head|p2b: Gourgeist
|-damage|p2b: Gourgeist|0 fnt
|faint|p2b: Gourgeist
|
|upkeep
|
|t:|1785516290
|switch|p2b: Avalugg|Avalugg-Hisui, L50, M|100/100
|turn|7
|
|t:|1785516300
|move|p1b: Kangaskhan|Last Resort|p2b: Avalugg
|-resisted|p2b: Avalugg|1
|-crit|p2b: Avalugg
|-damage|p2b: Avalugg|67/100
|move|p1a: Corviknight|Iron Head|p2b: Avalugg
|-supereffective|p2b: Avalugg|2
|-damage|p2b: Avalugg|22/100
|move|p2b: Avalugg|Rock Slide|p1a: Corviknight|[spread] p1a,p1b
|-damage|p1a: Corviknight|63/100
|-damage|p1b: Kangaskhan|0 fnt
|faint|p1b: Kangaskhan
|
|upkeep
|turn|8
|
|t:|1785516318
|move|p1a: Corviknight|Iron Head|p2b: Avalugg
|-supereffective|p2b: Avalugg|2
|-damage|p2b: Avalugg|0 fnt
|faint|p2b: Avalugg
|
|win|SuperNovaKush
||king_slayer_98 is ready for game 2.
||SuperNovaKush is ready for game 2.
|uhtml|next|Next: Game 2 of 3
