|j|☆epicbluedude
|j|☆mew mew season 2
|html|epicbluedudemew mew season 2    
|uhtml|bestof|Game 1 of a best-of-3
|t:|1782647893
|gametype|doubles
|player|p1|epicbluedude|265|1208
|player|p2|mew mew season 2|miku-psychic|1203
|gen|9
|tier|[Gen 9 Champions] VGC 2026 Reg M-B (Bo3)
|rated|
|rule|Species Clause: Limit one of each Pokémon
|rule|Item Clause: Limit 1 of each item
|clearpoke
|poke|p1|Mawile, L50, M|
|poke|p1|Torkoal, L50, M|
|poke|p1|Incineroar, L50, M|
|poke|p1|Farigiraf, L50, F|
|poke|p1|Araquanid, L50, M|
|poke|p1|Rotom-Wash, L50|
|poke|p2|Floette-Eternal, L50, F|
|poke|p2|Delphox, L50, M|
|poke|p2|Kingambit, L50, F|
|poke|p2|Sneasler, L50, M|
|poke|p2|Sinistcha, L50|
|poke|p2|Incineroar, L50, M|
|teampreview|4
|showteam|p1|Mawile||Mawilite|HyperCutter|IronHead,PlayRough,SuckerPunch,Protect|Brave||M|||50|]Torkoal||Charcoal|Drought|Eruption,Overheat,HelpingHand,Protect|Quiet||M|||50|]Incineroar||ChopleBerry|Intimidate|FlareBlitz,FakeOut,ThroatChop,PartingShot|Brave||M|||50|]Farigiraf||ColburBerry|ArmorTail|Protect,TrickRoom,Psychic,HyperVoice|Sassy||F|||50|]Araquanid||MysticWater|WaterBubble|SkitterSmack,Liquidation,LeechLife,WideGuard|Brave||M|||50|]Rotom-Wash||ChoiceScarf|Levitate|HydroPump,WillOWisp,Thunderbolt,VoltSwitch|Modest|||||50|
|showteam|p2|Floette-Eternal||Floettite|FlowerVeil|Protect,CalmMind,DazzlingGleam,DrainingKiss|Modest||F|||50|]Delphox||Delphoxite|Blaze|HeatWave,Psychic,NastyPlot,Protect|Timid||M|||50|]Kingambit||BlackGlasses|Defiant|SuckerPunch,KowtowCleave,SwordsDance,Protect|Adamant||F|||50|]Sneasler||FocusSash|PoisonTouch|FakeOut,PoisonJab,CloseCombat,QuickGuard|Jolly||M|||50|]Sinistcha||KasibBerry|Hospitality|MatchaGotcha,RagePowder,Protect,TrickRoom|Calm|||||50|]Incineroar||SitrusBerry|Intimidate|FakeOut,FlareBlitz,ThroatChop,PartingShot|Bold||M|||50|
|inactive|Battle timer is ON: inactive players will automatically lose when time's up. (requested by epicbluedude)
|inactive|epicbluedude has 60 seconds left.
|inactive|mew mew season 2 has 60 seconds left.
|inactive|mew mew season 2 has 30 seconds left.
|inactive|mew mew season 2 has 20 seconds left.
|
|t:|1782647966
|teamsize|p1|4
|teamsize|p2|4
|start
|switch|p1a: Farigiraf|Farigiraf, L50, F|100/100
|switch|p1b: Araquanid|Araquanid, L50, M|100/100
|switch|p2a: Incineroar|Incineroar, L50, M|100/100
|switch|p2b: Delphox|Delphox, L50, M|100/100
|-ability|p2a: Incineroar|Intimidate|boost
|-unboost|p1a: Farigiraf|atk|1
|-unboost|p1b: Araquanid|atk|1
|turn|1
|
|t:|1782647988
|switch|p2b: Sinistcha|Sinistcha, L50|100/100
|move|p2a: Incineroar|Parting Shot|p1b: Araquanid
|-unboost|p1b: Araquanid|atk|1
|-unboost|p1b: Araquanid|spa|1
|
|t:|1782647994
|switch|p2a: Kingambit|Kingambit, L50, F|100/100|[from] Parting Shot
|move|p1b: Araquanid|Liquidation|p2b: Sinistcha
|-resisted|p2b: Sinistcha|1
|-damage|p2b: Sinistcha|84/100
|move|p1a: Farigiraf|Trick Room|p1a: Farigiraf
|-fieldstart|move: Trick Room|[of] p1a: Farigiraf
|
|upkeep
|turn|2
|inactive|mew mew season 2 has 30 seconds left.
|
|t:|1782648023
|switch|p1b: Mawile|Mawile, L50, M|100/100
|move|p1a: Farigiraf|Protect|p1a: Farigiraf
|-singleturn|p1a: Farigiraf|Protect
|move|p2a: Kingambit|Kowtow Cleave|p1a: Farigiraf
|-activate|p1a: Farigiraf|move: Protect
|move|p2b: Sinistcha|Trick Room|p2b: Sinistcha
|-fieldend|move: Trick Room
|
|upkeep
|turn|3
|inactive|epicbluedude has 30 seconds left.
|inactive|mew mew season 2 has 30 seconds left.
|inactive|mew mew season 2 has 20 seconds left.
|
|t:|1782648059
|detailschange|p1b: Mawile|Mawile-Mega, L50, M
|-mega|p1b: Mawile|Mawile|Mawilite
|move|p2b: Sinistcha|Matcha Gotcha|p1a: Farigiraf|[spread] p1a,p1b
|-resisted|p1b: Mawile|1
|-damage|p1a: Farigiraf|78/100
|-heal|p2b: Sinistcha|98/100|[from] drain|[of] p1a: Farigiraf
|-damage|p1b: Mawile|85/100
|-heal|p2b: Sinistcha|100/100|[from] drain|[of] p1b: Mawile
|move|p2a: Kingambit|Kowtow Cleave|p1a: Farigiraf
|-supereffective|p1a: Farigiraf|1
|-enditem|p1a: Farigiraf|Colbur Berry|[eat]
|-enditem|p1a: Farigiraf|Colbur Berry|[weaken]
|-damage|p1a: Farigiraf|30/100
|move|p1b: Mawile|Play Rough|p2a: Kingambit
|-damage|p2a: Kingambit|34/100
|move|p1a: Farigiraf|Trick Room|p1a: Farigiraf
|-fieldstart|move: Trick Room|[of] p1a: Farigiraf
|
|upkeep
|turn|4
|inactive|mew mew season 2 has 30 seconds left.
|
|t:|1782648089
|switch|p2a: Incineroar|Incineroar, L50, M|100/100
|-ability|p2a: Incineroar|Intimidate|boost
|-unboost|p1a: Farigiraf|atk|1
|-unboost|p1b: Mawile|atk|1
|move|p1b: Mawile|Play Rough|p2b: Sinistcha
|-damage|p2b: Sinistcha|47/100
|move|p1a: Farigiraf|Psychic|p2b: Sinistcha
|-damage|p2b: Sinistcha|18/100
|move|p2b: Sinistcha|Trick Room|p2b: Sinistcha
|-fieldend|move: Trick Room
|
|upkeep
|turn|5
|inactive|mew mew season 2 has 30 seconds left.
|inactive|epicbluedude has 30 seconds left.
|inactive|mew mew season 2 has 20 seconds left.
|
|t:|1782648128
|switch|p2b: Delphox|Delphox, L50, M|100/100
|switch|p1a: Araquanid|Araquanid, L50, M|100/100
|move|p2a: Incineroar|Throat Chop|p1a: Araquanid
|-damage|p1a: Araquanid|66/100
|-start|p1a: Araquanid|Throat Chop|[silent]
|move|p1b: Mawile|Iron Head|p2b: Delphox
|-resisted|p2b: Delphox|1
|-damage|p2b: Delphox|66/100
|
|upkeep
|turn|6
|inactive|mew mew season 2 has 30 seconds left.
|inactive|mew mew season 2 has 20 seconds left.
|inactive|mew mew season 2 has 15 seconds left.
|inactive|mew mew season 2 has 10 seconds left.
|inactive|mew mew season 2 has 5 seconds left.
|
|t:|1782648183
|switch|p2b: Sinistcha|Sinistcha, L50|18/100
|move|p1b: Mawile|Sucker Punch||[still]
|-fail|p1b: Mawile
|move|p2a: Incineroar|Parting Shot|p1a: Araquanid
|-unboost|p1a: Araquanid|atk|1
|-unboost|p1a: Araquanid|spa|1
|
|t:|1782648203
|switch|p2a: Kingambit|Kingambit, L50, F|34/100|[from] Parting Shot
|move|p1a: Araquanid|Liquidation|p2a: Kingambit
|-crit|p2a: Kingambit
|-damage|p2a: Kingambit|0 fnt
|faint|p2a: Kingambit
|
|-end|p1a: Araquanid|Throat Chop|[silent]
|upkeep
|
|t:|1782648211
|switch|p2a: Incineroar|Incineroar, L50, M|100/100
|-ability|p2a: Incineroar|Intimidate|boost
|-unboost|p1a: Araquanid|atk|1
|-unboost|p1b: Mawile|atk|1
|turn|7
|inactive|mew mew season 2 has 30 seconds left.
|
|t:|1782648256
|switch|p1b: Farigiraf|Farigiraf, L50, F|30/100
|move|p2b: Sinistcha|Rage Powder|p2b: Sinistcha
|-singleturn|p2b: Sinistcha|move: Rage Powder
|move|p2a: Incineroar|Flare Blitz|p1b: Farigiraf
|-damage|p1b: Farigiraf|0 fnt
|faint|p1b: Farigiraf
|-damage|p2a: Incineroar|88/100|[from] Recoil
|move|p1a: Araquanid|Leech Life|p2b: Sinistcha
|-damage|p2b: Sinistcha|5/100
|-heal|p1a: Araquanid|74/100|[from] drain|[of] p2b: Sinistcha
|
|upkeep
|
|t:|1782648271
|switch|p1b: Torkoal|Torkoal, L50, M|100/100
|-weather|SunnyDay|[from] ability: Drought|[of] p1b: Torkoal
|turn|8
|inactive|mew mew season 2 has 30 seconds left.
|inactive|mew mew season 2 has 20 seconds left.
|
|t:|1782648312
|switch|p2b: Delphox|Delphox, L50, M|66/100
|move|p2a: Incineroar|Parting Shot|p1a: Araquanid
|-unboost|p1a: Araquanid|atk|1
|-unboost|p1a: Araquanid|spa|1
|
|t:|1782648323
|switch|p2a: Sinistcha|Sinistcha, L50|5/100|[from] Parting Shot
|-heal|p2b: Delphox|91/100|[from] ability: Hospitality|[of] p2a: Sinistcha
|move|p1a: Araquanid|Liquidation|p2b: Delphox
|-supereffective|p2b: Delphox|1
|-damage|p2b: Delphox|53/100
|move|p1b: Torkoal|Eruption|p2b: Delphox|[spread] p2a,p2b
|-supereffective|p2a: Sinistcha|1
|-resisted|p2b: Delphox|1
|-damage|p2a: Sinistcha|0 fnt
|-damage|p2b: Delphox|6/100
|faint|p2a: Sinistcha
|
|-weather|SunnyDay|[upkeep]
|upkeep
|
|t:|1782648326
|switch|p2a: Incineroar|Incineroar, L50, M|88/100
|-ability|p2a: Incineroar|Intimidate|boost
|-unboost|p1a: Araquanid|atk|1
|-unboost|p1b: Torkoal|atk|1
|turn|9
|inactive|mew mew season 2 has 30 seconds left.
|inactive|mew mew season 2 has 20 seconds left.
|inactive|mew mew season 2 has 15 seconds left.
|
|t:|1782648369
|switch|p1a: Mawile|Mawile-Mega, L50, M|85/100
|detailschange|p2b: Delphox|Delphox-Mega, L50, M
|-mega|p2b: Delphox|Delphox|Delphoxite
|move|p2a: Incineroar|Fake Out|p1a: Mawile
|-resisted|p1a: Mawile|1
|-damage|p1a: Mawile|81/100
|move|p2b: Delphox|Heat Wave|p1b: Torkoal|[spread] p1a,p1b
|-supereffective|p1a: Mawile|1
|-crit|p1a: Mawile
|-resisted|p1b: Torkoal|1
|-damage|p1a: Mawile|0 fnt
|-damage|p1b: Torkoal|59/100
|faint|p1a: Mawile
|move|p1b: Torkoal|Eruption|p2b: Delphox|[spread] p2a,p2b
|-resisted|p2a: Incineroar|1
|-resisted|p2b: Delphox|1
|-damage|p2a: Incineroar|67/100
|-damage|p2b: Delphox|0 fnt
|faint|p2b: Delphox
|
|-weather|SunnyDay|[upkeep]
|upkeep
|
|t:|1782648378
|switch|p1a: Araquanid|Araquanid, L50, M|74/100
|turn|10
|
|t:|1782648386
|move|p1b: Torkoal|Helping Hand|p1a: Araquanid
|-singleturn|p1a: Araquanid|Helping Hand|[of] p1b: Torkoal
|move|p2a: Incineroar|Flare Blitz|p1a: Araquanid
|-damage|p1a: Araquanid|36/100
|-damage|p2a: Incineroar|57/100|[from] Recoil
|move|p1a: Araquanid|Liquidation|p2a: Incineroar
|-supereffective|p2a: Incineroar|1
|-damage|p2a: Incineroar|0 fnt
|faint|p2a: Incineroar
|
|win|epicbluedude
