|j|☆MrGreen3432
|j|☆Truevillany123
|html|MrGreen3432Truevillany123    
|uhtml|bestof|Game 1 of a best-of-3
|t:|1757857179
|gametype|doubles
|player|p1|MrGreen3432|170|1147
|player|p2|Truevillany123|2|1174
|gen|9
|tier|[Gen 9] VGC 2025 Reg H (Bo3)
|rated|
|rule|Species Clause: Limit one of each Pokémon
|rule|Item Clause: Limit 1 of each item
|clearpoke
|poke|p1|Garchomp, L50, F|
|poke|p1|Volcarona, L50, F|
|poke|p1|Misdreavus, L50, F|
|poke|p1|Gothitelle, L50, M|
|poke|p1|Amoonguss, L50, F|
|poke|p1|Incineroar, L50, M|
|poke|p2|Dragonite, L50, M|
|poke|p2|Ursaluna-Bloodmoon, L50, M|
|poke|p2|Gholdengo, L50|
|poke|p2|Annihilape, L50, F|
|poke|p2|Ninetales-Alola, L50, M|
|poke|p2|Rillaboom, L50, F|
|teampreview|4
|showteam|p1|Garchomp||LifeOrb|RoughSkin|Protect,Earthquake,StompingTantrum,DragonClaw|||F|||50|,,,,,Ground]Volcarona||Leftovers|FlameBody|Protect,GigaDrain,QuiverDance,HeatWave|||F|||50|,,,,,Grass]Misdreavus||Eviolite|Levitate|Protect,PerishSong,WillOWisp,ShadowBall|||F|||50|,,,,,Steel]Gothitelle||SitrusBerry|ShadowTag|Protect,FakeOut,TrickRoom,Psychic|||M|||50|,,,,,Dark]Amoonguss||EjectButton|Regenerator|Protect,RagePowder,Spore,PollenPuff|||F|||50|,,,,,Fairy]Incineroar||SafetyGoggles|Intimidate|Protect,FakeOut,PartingShot,KnockOff|||M|||50|,,,,,Ghost
|showteam|p2|Dragonite||LoadedDice|Multiscale|ScaleShot,Protect,Haze,Tailwind|||M|||50|,,,,,Fairy]Ursaluna-Bloodmoon||LifeOrb|MindsEye|BloodMoon,HyperVoice,EarthPower,Protect|||M|||50|,,,,,Normal]Gholdengo||GrassySeed|GoodasGold|MakeItRain,ShadowBall,Protect,NastyPlot||||||50|,,,,,Water]Annihilape||SafetyGoggles|Defiant|DrainPunch,RageFist,Protect,BulkUp|||F|||50|,,,,,Fire]Ninetales-Alola||FocusSash|SnowWarning|IcyWind,AuroraVeil,Encore,IcicleSpear|||M|||50|,,,,,Ghost]Rillaboom||AssaultVest|GrassySurge|FakeOut,WoodHammer,HighHorsepower,Uturn|||F|||50|,,,,,Fire
|inactive|Battle timer is ON: inactive players will automatically lose when time's up. (requested by MrGreen3432)
|
|t:|1757857210
|teamsize|p1|4
|teamsize|p2|4
|start
|switch|p1a: Volcarona|Volcarona, L50, F|100/100
|switch|p1b: Gothitelle|Gothitelle, L50, M|100/100
|switch|p2a: Rillaboom|Rillaboom, L50, F|100/100
|switch|p2b: Gholdengo|Gholdengo, L50|100/100
|-fieldstart|move: Grassy Terrain|[from] ability: Grassy Surge|[of] p2a: Rillaboom
|-enditem|p2b: Gholdengo|Grassy Seed
|-boost|p2b: Gholdengo|def|1|[from] item: Grassy Seed
|turn|1
|inactive|MrGreen3432 has 30 seconds left.
|inactive|Truevillany123 has 30 seconds left.
|inactive|Truevillany123 has 20 seconds left.
|
|t:|1757857248
|switch|p1b: Amoonguss|Amoonguss, L50, F|100/100
|move|p2a: Rillaboom|Fake Out|p1a: Volcarona
|-damage|p1a: Volcarona|84/100
|-status|p2a: Rillaboom|brn|[from] ability: Flame Body|[of] p1a: Volcarona
|move|p2b: Gholdengo|Nasty Plot|p2b: Gholdengo
|-boost|p2b: Gholdengo|spa|2
|cant|p1a: Volcarona|flinch
|
|-heal|p1a: Volcarona|90/100|[from] Grassy Terrain
|-heal|p1a: Volcarona|96/100|[from] item: Leftovers
|-damage|p2a: Rillaboom|94/100 brn|[from] brn
|upkeep
|turn|2
|
|t:|1757857273
|move|p2b: Gholdengo|Protect|p2b: Gholdengo
|-singleturn|p2b: Gholdengo|Protect
|move|p1a: Volcarona|Quiver Dance|p1a: Volcarona
|-boost|p1a: Volcarona|spa|1
|-boost|p1a: Volcarona|spd|1
|-boost|p1a: Volcarona|spe|1
|move|p2a: Rillaboom|U-turn|p1a: Volcarona
|-resisted|p1a: Volcarona
|-damage|p1a: Volcarona|90/100
|
|t:|1757857280
|switch|p2a: Ninetales|Ninetales-Alola, L50, M|100/100|[from] U-turn
|-weather|Snowscape|[from] ability: Snow Warning|[of] p2a: Ninetales
|move|p1b: Amoonguss|Pollen Puff|p1a: Volcarona
|-heal|p1a: Volcarona|100/100
|
|-weather|Snowscape|[upkeep]
|upkeep
|turn|3
|inactive|MrGreen3432 has 30 seconds left.
|
|t:|1757857307
|-terastallize|p2b: Gholdengo|Water
|move|p1a: Volcarona|Heat Wave|p2b: Gholdengo|[spread] p2a
|-miss|p1a: Volcarona|p2b: Gholdengo
|-supereffective|p2a: Ninetales
|-enditem|p2a: Ninetales|Focus Sash
|-damage|p2a: Ninetales|1/100
|move|p2a: Ninetales|Encore|p1a: Volcarona
|-start|p1a: Volcarona|Encore
|move|p2b: Gholdengo|Nasty Plot|p2b: Gholdengo
|-boost|p2b: Gholdengo|spa|2
|move|p1b: Amoonguss|Pollen Puff|p2a: Ninetales
|-resisted|p2a: Ninetales
|-damage|p2a: Ninetales|0 fnt
|faint|p2a: Ninetales
|
|-weather|Snowscape|[upkeep]
|upkeep
|
|t:|1757857324
|switch|p2a: Dragonite|Dragonite, L50, M, shiny|100/100
|turn|4
|
|t:|1757857342
|move|p1b: Amoonguss|Rage Powder|p1b: Amoonguss
|-singleturn|p1b: Amoonguss|move: Rage Powder
|move|p1a: Volcarona|Heat Wave|p2b: Gholdengo|[spread] p2a,p2b
|-resisted|p2a: Dragonite
|-resisted|p2b: Gholdengo
|-damage|p2a: Dragonite|87/100
|-damage|p2b: Gholdengo|71/100
|move|p2b: Gholdengo|Make It Rain|p1a: Volcarona|[spread] p1a,p1b
|-resisted|p1a: Volcarona
|-damage|p1a: Volcarona|61/100
|-damage|p1b: Amoonguss|0 fnt
|-unboost|p2b: Gholdengo|spa|1
|faint|p1b: Amoonguss
|move|p2a: Dragonite|Scale Shot|p1a: Volcarona
|-damage|p1a: Volcarona|44/100
|-damage|p1a: Volcarona|28/100
|-damage|p1a: Volcarona|10/100
|-damage|p1a: Volcarona|0 fnt
|faint|p1a: Volcarona
|-hitcount|p1: Volcarona|4
|-unboost|p2a: Dragonite|def|1
|-boost|p2a: Dragonite|spe|1
|
|-weather|Snowscape|[upkeep]
|-heal|p2b: Gholdengo|77/100|[from] Grassy Terrain
|upkeep
|
|t:|1757857352
|switch|p1a: Gothitelle|Gothitelle, L50, M|100/100
|switch|p1b: Misdreavus|Misdreavus, L50, F|100/100
|turn|5
|
|t:|1757857377
|move|p2a: Dragonite|Tailwind|p2a: Dragonite
|-sidestart|p2: Truevillany123|move: Tailwind
|move|p2b: Gholdengo|Nasty Plot|p2b: Gholdengo
|-boost|p2b: Gholdengo|spa|2
|move|p1b: Misdreavus|Will-O-Wisp|p2a: Dragonite
|-status|p2a: Dragonite|brn
|move|p1a: Gothitelle|Trick Room|p1a: Gothitelle
|-fieldstart|move: Trick Room|[of] p1a: Gothitelle
|
|-weather|Snowscape|[upkeep]
|-heal|p2b: Gholdengo|83/100|[from] Grassy Terrain
|-damage|p2a: Dragonite|81/100 brn|[from] brn
|-fieldend|move: Grassy Terrain
|upkeep
|turn|6
|
|t:|1757857396
|-terastallize|p1b: Misdreavus|Steel
|move|p1a: Gothitelle|Psychic|p2b: Gholdengo
|-damage|p2b: Gholdengo|50/100
|-unboost|p2b: Gholdengo|spd|1
|move|p1b: Misdreavus|Shadow Ball|p2b: Gholdengo
|-damage|p2b: Gholdengo|5/100
|move|p2b: Gholdengo|Shadow Ball|p1b: Misdreavus
|-damage|p1b: Misdreavus|15/100
|move|p2a: Dragonite|Scale Shot|p1a: Gothitelle|[miss]
|-miss|p2a: Dragonite|p1a: Gothitelle
|
|-weather|none
|-damage|p2a: Dragonite|75/100 brn|[from] brn
|upkeep
|turn|7
|inactive|MrGreen3432 has 30 seconds left.
|
|t:|1757857426
|move|p2b: Gholdengo|Protect|p2b: Gholdengo
|-singleturn|p2b: Gholdengo|Protect
|move|p1a: Gothitelle|Psychic|p2a: Dragonite
|-damage|p2a: Dragonite|46/100 brn
|move|p1b: Misdreavus|Shadow Ball|p2b: Gholdengo
|-activate|p2b: Gholdengo|move: Protect
|move|p2a: Dragonite|Scale Shot|p1b: Misdreavus
|-resisted|p1b: Misdreavus
|-damage|p1b: Misdreavus|12/100
|-resisted|p1b: Misdreavus
|-damage|p1b: Misdreavus|9/100
|-resisted|p1b: Misdreavus
|-damage|p1b: Misdreavus|5/100
|-resisted|p1b: Misdreavus
|-damage|p1b: Misdreavus|2/100
|-resisted|p1b: Misdreavus
|-damage|p1b: Misdreavus|0 fnt
|faint|p1b: Misdreavus
|-hitcount|p1: Misdreavus|5
|-unboost|p2a: Dragonite|def|1
|-boost|p2a: Dragonite|spe|1
|
|-damage|p2a: Dragonite|40/100 brn|[from] brn
|upkeep
|turn|8
|
|t:|1757857443
|move|p1a: Gothitelle|Psychic|p2b: Gholdengo
|-damage|p2b: Gholdengo|0 fnt
|faint|p2b: Gholdengo
|move|p2a: Dragonite|Scale Shot|p1a: Gothitelle
|-damage|p1a: Gothitelle|93/100
|-damage|p1a: Gothitelle|86/100
|-damage|p1a: Gothitelle|79/100
|-damage|p1a: Gothitelle|72/100
|-damage|p1a: Gothitelle|65/100
|-hitcount|p1a: Gothitelle|5
|-unboost|p2a: Dragonite|def|1
|-boost|p2a: Dragonite|spe|1
|
|-damage|p2a: Dragonite|34/100 brn|[from] brn
|-sideend|p2: Truevillany123|move: Tailwind
|upkeep
|
|t:|1757857445
|switch|p2b: Rillaboom|Rillaboom, L50, F|94/100 brn
|-fieldstart|move: Grassy Terrain|[from] ability: Grassy Surge|[of] p2b: Rillaboom
|turn|9
|
|t:|1757857455
|move|p1a: Gothitelle|Protect|p1a: Gothitelle
|-singleturn|p1a: Gothitelle|Protect
|move|p2b: Rillaboom|Wood Hammer|p1a: Gothitelle
|-activate|p1a: Gothitelle|move: Protect
|move|p2a: Dragonite|Scale Shot|p1a: Gothitelle
|-activate|p1a: Gothitelle|move: Protect
|
|-heal|p1a: Gothitelle|72/100|[from] Grassy Terrain
|-heal|p2b: Rillaboom|100/100 brn|[from] Grassy Terrain
|-damage|p2b: Rillaboom|94/100 brn|[from] brn
|-damage|p2a: Dragonite|28/100 brn|[from] brn
|-fieldend|move: Trick Room
|upkeep
|turn|10
|
|t:|1757857466
|move|p2a: Dragonite|Scale Shot|p1a: Gothitelle
|-damage|p1a: Gothitelle|65/100
|-damage|p1a: Gothitelle|58/100
|-damage|p1a: Gothitelle|51/100
|-damage|p1a: Gothitelle|43/100
|-enditem|p1a: Gothitelle|Sitrus Berry|[eat]
|-heal|p1a: Gothitelle|68/100|[from] item: Sitrus Berry
|-hitcount|p1a: Gothitelle|4
|-unboost|p2a: Dragonite|def|1
|-boost|p2a: Dragonite|spe|1
|move|p2b: Rillaboom|Wood Hammer|p1a: Gothitelle
|-damage|p1a: Gothitelle|29/100
|-damage|p2b: Rillaboom|82/100 brn|[from] Recoil
|move|p1a: Gothitelle|Psychic|p2a: Dragonite
|-damage|p2a: Dragonite|0 fnt
|faint|p2a: Dragonite
|
|-heal|p2b: Rillaboom|89/100 brn|[from] Grassy Terrain
|-heal|p1a: Gothitelle|36/100|[from] Grassy Terrain
|-damage|p2b: Rillaboom|82/100 brn|[from] brn
|upkeep
|turn|11
|
|t:|1757857475
|move|p2b: Rillaboom|Wood Hammer|p1a: Gothitelle
|-damage|p1a: Gothitelle|0 fnt
|faint|p1a: Gothitelle
|-damage|p2b: Rillaboom|72/100 brn|[from] Recoil
|
|win|Truevillany123
