|j|☆joyfulwizard
|j|☆bowserx19
|html|joyfulwizardbowserx19    
|uhtml|bestof|Game 2 of a best-of-3
|t:|1783960276
|gametype|doubles
|player|p1|joyfulwizard|cheren-gen5bw2|1289
|player|p2|bowserx19|miku-ground|1187
|gen|9
|tier|[Gen 9 Champions] VGC 2026 Reg M-B (Bo3)
|rated|
|rule|Species Clause: Limit one of each Pokémon
|rule|Item Clause: Limit 1 of each item
|clearpoke
|poke|p1|Charizard, L50, F|
|poke|p1|Garchomp, L50, M|
|poke|p1|Aerodactyl, L50, F|
|poke|p1|Farigiraf, L50, F|
|poke|p1|Sylveon, L50, F|
|poke|p1|Kingambit, L50, M|
|poke|p2|Gallade, L50, M|
|poke|p2|Farigiraf, L50, F|
|poke|p2|Camerupt, L50, F|
|poke|p2|Torkoal, L50, F|
|poke|p2|Altaria, L50, F, shiny|
|poke|p2|Kingambit, L50, F, shiny|
|teampreview|4
|showteam|p1|Charizard||CharizarditeY|Blaze|Protect,SolarBeam,HeatWave,WeatherBall|Modest||F|||50|]Garchomp||LifeOrb|RoughSkin|Protect,Earthquake,DragonClaw,StompingTantrum|Jolly||M|||50|]Aerodactyl||Aerodactylite|Unnerve|IceFang,RockSlide,DualWingbeat,Tailwind|Jolly||F|||50|]Farigiraf||SitrusBerry|ArmorTail|SunnyDay,PsychicFangs,TrickRoom,Thunderbolt|Relaxed||F|||50|]Sylveon||FairyFeather|Pixilate|Detect,HyperBeam,HyperVoice,QuickAttack|Modest||F|||50|]Kingambit||FocusSash|Defiant|SuckerPunch,LowKick,IronHead,KowtowCleave|Adamant||M|||50|
|showteam|p2|Gallade||LifeOrb|Sharpness|PsychoCut,SacredSword,WideGuard,TrickRoom|Brave||M|||50|]Farigiraf||SitrusBerry|ArmorTail|HyperVoice,Psychic,TrickRoom,Protect|Quiet||F|||50|]Camerupt||Cameruptite|MagmaArmor|Eruption,HeatWave,EarthPower,Protect|Quiet||F|||50|]Torkoal||Charcoal|Drought|Eruption,HeatWave,WeatherBall,Protect|Quiet||F|||50|]Altaria||Altarianite|NaturalCure|DragonPulse,HyperVoice,Haze,Protect|Quiet||F|||50|]Kingambit||BlackGlasses|Defiant|KowtowCleave,SuckerPunch,LowKick,Protect|Brave||F|||50|
|inactive|Battle timer is ON: inactive players will automatically lose when time's up. (requested by bowserx19)
|
|t:|1783960297
|teamsize|p1|4
|teamsize|p2|4
|start
|switch|p1a: Charizard|Charizard, L50, F|100/100
|switch|p1b: Sylveon|Sylveon, L50, F|100/100
|switch|p2a: Ambition|Gallade, L50, M|100/100
|switch|p2b: Nirin|Farigiraf, L50, F|100/100
|turn|1
|inactive|bowserx19 has 30 seconds left.
|
|t:|1783960326
|detailschange|p1a: Charizard|Charizard-Mega-Y, L50, F
|-mega|p1a: Charizard|Charizard|Charizardite Y
|-weather|SunnyDay|[from] ability: Drought|[of] p1a: Charizard
|move|p1a: Charizard|Heat Wave|p2a: Ambition|[spread] p2a
|-miss|p1a: Charizard|p2b: Nirin
|-damage|p2a: Ambition|37/100
|move|p1b: Sylveon|Hyper Voice|p2b: Nirin|[spread] p2a,p2b
|-supereffective|p2a: Ambition|1
|-damage|p2a: Ambition|0 fnt
|-damage|p2b: Nirin|48/100
|-enditem|p2b: Nirin|Sitrus Berry|[eat]
|-heal|p2b: Nirin|72/100|[from] item: Sitrus Berry
|faint|p2a: Ambition
|move|p2b: Nirin|Trick Room|p2b: Nirin
|-fieldstart|move: Trick Room|[of] p2b: Nirin
|
|-weather|SunnyDay|[upkeep]
|upkeep
|
|t:|1783960333
|switch|p2a: Stack|Camerupt, L50, F|100/100
|turn|2
|c|☆bowserx19|my turn (hopefully)
|
|t:|1783960343
|detailschange|p2a: Stack|Camerupt-Mega, L50, F
|-mega|p2a: Stack|Camerupt|Cameruptite
|move|p2a: Stack|Eruption|p1b: Sylveon|[spread] p1a,p1b
|-resisted|p1a: Charizard|1
|-damage|p1a: Charizard|53/100
|-damage|p1b: Sylveon|11/100
|move|p2b: Nirin|Hyper Voice|p1b: Sylveon|[spread] p1a,p1b
|-damage|p1a: Charizard|28/100
|-damage|p1b: Sylveon|0 fnt
|faint|p1b: Sylveon
|move|p1a: Charizard|Heat Wave|p2a: Stack|[spread] p2a,p2b
|-resisted|p2a: Stack|1
|-damage|p2a: Stack|72/100
|-damage|p2b: Nirin|4/100
|
|-weather|SunnyDay|[upkeep]
|upkeep
|
|t:|1783960355
|switch|p1b: Garchomp|Garchomp, L50, M|100/100
|turn|3
|inactive|bowserx19 has 30 seconds left.
|inactive|bowserx19 has 20 seconds left.
|inactive|bowserx19 has 15 seconds left.
|
|t:|1783960398
|move|p1a: Charizard|Protect|p1a: Charizard
|-singleturn|p1a: Charizard|Protect
|move|p1b: Garchomp|Protect|p1b: Garchomp
|-singleturn|p1b: Garchomp|Protect
|move|p2a: Stack|Earth Power|p1b: Garchomp
|-activate|p1b: Garchomp|move: Protect
|move|p2b: Nirin|Hyper Voice|p1a: Charizard|[spread] 
|-activate|p1a: Charizard|move: Protect
|-activate|p1b: Garchomp|move: Protect
|
|-weather|SunnyDay|[upkeep]
|upkeep
|turn|4
|
|t:|1783960410
|move|p2a: Stack|Earth Power|p1b: Garchomp
|-damage|p1b: Garchomp|20/100y
|move|p2b: Nirin|Psychic|p1b: Garchomp
|-damage|p1b: Garchomp|0 fnt
|faint|p1b: Garchomp
|move|p1a: Charizard|Heat Wave|p2a: Stack|[spread] p2a,p2b
|-resisted|p2a: Stack|1
|-damage|p2a: Stack|42/100
|-damage|p2b: Nirin|0 fnt
|faint|p2b: Nirin
|
|-weather|SunnyDay|[upkeep]
|upkeep
|
|t:|1783960417
|switch|p2b: Smoke|Torkoal, L50, F|100/100
|switch|p1b: Kingambit|Kingambit, L50, M|100/100
|turn|5
|
|t:|1783960431
|move|p1a: Charizard|Protect|p1a: Charizard
|-singleturn|p1a: Charizard|Protect
|move|p1b: Kingambit|Sucker Punch|p2a: Stack
|-damage|p2a: Stack|0 fnt
|faint|p2a: Stack
|move|p2b: Smoke|Heat Wave|p1a: Charizard|[spread] p1b
|-activate|p1a: Charizard|move: Protect
|-supereffective|p1b: Kingambit|1
|-enditem|p1b: Kingambit|Focus Sash
|-damage|p1b: Kingambit|1/100
|
|-weather|none
|-fieldend|move: Trick Room
|upkeep
|turn|6
|c|☆bowserx19|wp
|
|t:|1783960452
|move|p1a: Charizard|Heat Wave|p2b: Smoke
|-resisted|p2b: Smoke|1
|-damage|p2b: Smoke|63/100
|move|p1b: Kingambit|Kowtow Cleave|p2b: Smoke
|-damage|p2b: Smoke|24/100
|move|p2b: Smoke|Heat Wave|p1b: Kingambit|[spread] p1b
|-miss|p2b: Smoke|p1a: Charizard
|-supereffective|p1b: Kingambit|1
|-damage|p1b: Kingambit|0 fnt
|faint|p1b: Kingambit
|
|upkeep
|turn|7
|c|☆bowserx19|ggwp
|
|t:|1783960458
|move|p1a: Charizard|Heat Wave|p2b: Smoke
|-resisted|p2b: Smoke|1
|-crit|p2b: Smoke
|-damage|p2b: Smoke|0 fnt
|faint|p2b: Smoke
|
|win|joyfulwizard
|raw|joyfulwizard's rating: 1289 → 1307(+18 for winning)
|raw|bowserx19's rating: 1187 → 1169(-18 for losing)
|c|☆joyfulwizard|gg
|l|☆bowserx19
|player|p2|
