|j|☆eltsurito
|j|☆NoobieSmoothie
|html|eltsuritoNoobieSmoothie    
|uhtml|bestof|Game 1 of a best-of-3
|t:|1757192093
|gametype|doubles
|player|p1|eltsurito|265|1071
|player|p2|NoobieSmoothie|170|1084
|gen|9
|tier|[Gen 9] VGC 2025 Reg H (Bo3)
|rated|
|rule|Species Clause: Limit one of each Pokémon
|rule|Item Clause: Limit 1 of each item
|clearpoke
|poke|p1|Sneasler, L50, M|
|poke|p1|Indeedee, L50, M|
|poke|p1|Volcarona, L50, M|
|poke|p1|Ursaluna-Bloodmoon, L50, M|
|poke|p1|Annihilape, L50, M|
|poke|p1|Tyranitar, L50, M|
|poke|p2|Tyranitar, L50, F|
|poke|p2|Baxcalibur, L50, M|
|poke|p2|Smeargle, L50, M|
|poke|p2|Gholdengo, L50|
|poke|p2|Milotic, L50, F|
|poke|p2|Talonflame, L50, F|
|teampreview|4
|showteam|p1|Sneasler||PsychicSeed|Unburden|CloseCombat,DireClaw,ThroatChop,Protect|||M|||50|,,,,,Dark]Indeedee||ChoiceScarf|PsychicSurge|ExpandingForce,TeraBlast,Trick,Protect|||M|||50|,,,,,Psychic]Volcarona||SitrusBerry|FlameBody|Overheat,StruggleBug,RagePowder,Tailwind|||M|||50|,,,,,Grass]Ursaluna-Bloodmoon||LifeOrb|MindsEye|BloodMoon,HyperVoice,EarthPower,Protect|||M|||50|,,,,,Normal]Annihilape||SafetyGoggles|Defiant|CloseCombat,RageFist,Taunt,FinalGambit|||M|||50|,,,,,Fairy]Tyranitar||AssaultVest|SandStream|RockSlide,KnockOff,TeraBlast,LowKick|||M|||50|,,,,,Flying
|showteam|p2|Tyranitar||AssaultVest|SandStream|KnockOff,RockSlide,TeraBlast,LowKick|||F|||50|,,,,,Flying]Baxcalibur||WeaknessPolicy|ThermalExchange|IcicleCrash,Earthquake,GlaiveRush,Protect|||M|||50|,,,,,Bug]Smeargle||FocusSash|Moody|FakeOut,LavaPlume,WideGuard,Spore|||M|||50|,,,,,Ghost]Gholdengo||MetalCoat|GoodasGold|ShadowBall,MakeItRain,NastyPlot,Protect||||||50|,,,,,Steel]Milotic||SafetyGoggles|Competitive|Scald,Haze,IcyWind,Protect|||F|||50|,,,,,Dragon]Talonflame||CovertCloak|GaleWings|Tailwind,DualWingbeat,WillOWisp,Taunt|||F|||50|,,,,,Ghost
|inactive|Battle timer is ON: inactive players will automatically lose when time's up. (requested by eltsurito)
|inactive|eltsurito has 60 seconds left.
|inactive|NoobieSmoothie has 60 seconds left.
|inactive|eltsurito has 30 seconds left.
|
|t:|1757192164
|teamsize|p1|4
|teamsize|p2|4
|start
|switch|p1a: Volcarona|Volcarona, L50, M|100/100
|switch|p1b: Sneasler|Sneasler, L50, M|100/100
|switch|p2a: Talonflame|Talonflame, L50, F, shiny|100/100
|switch|p2b: Tyranitar|Tyranitar, L50, F|100/100
|-weather|Sandstorm|[from] ability: Sand Stream|[of] p2b: Tyranitar
|turn|1
|inactive|NoobieSmoothie has 30 seconds left.
|inactive|NoobieSmoothie has 20 seconds left.
|inactive|NoobieSmoothie has 15 seconds left.
|inactive|NoobieSmoothie has 10 seconds left.
|
|t:|1757192211
|move|p1b: Sneasler|Protect|p1b: Sneasler
|-singleturn|p1b: Sneasler|Protect
|move|p2a: Talonflame|Dual Wingbeat|p1b: Sneasler
|-activate|p1b: Sneasler|move: Protect
|move|p1a: Volcarona|Tailwind|p1a: Volcarona
|-sidestart|p1: eltsurito|move: Tailwind
|move|p2b: Tyranitar|Rock Slide|p1a: Volcarona|[spread] p1a
|-activate|p1b: Sneasler|move: Protect
|-supereffective|p1a: Volcarona
|-damage|p1a: Volcarona|0 fnt
|faint|p1a: Volcarona
|
|-weather|Sandstorm|[upkeep]
|-damage|p1b: Sneasler|95/100|[from] Sandstorm
|-damage|p2a: Talonflame|95/100|[from] Sandstorm
|upkeep
|
|t:|1757192233
|switch|p1a: Indeedee|Indeedee, L50, M|100/100
|-fieldstart|move: Psychic Terrain|[from] ability: Psychic Surge|[of] p1a: Indeedee
|-enditem|p1b: Sneasler|Psychic Seed
|-boost|p1b: Sneasler|spd|1|[from] item: Psychic Seed
|turn|2
|inactive|NoobieSmoothie has 30 seconds left.
|
|t:|1757192260
|-terastallize|p1a: Indeedee|Psychic
|-terastallize|p2b: Tyranitar|Flying
|move|p1b: Sneasler|Close Combat|p2b: Tyranitar
|-resisted|p2b: Tyranitar
|-damage|p2b: Tyranitar|74/100
|-unboost|p1b: Sneasler|def|1
|-unboost|p1b: Sneasler|spd|1
|move|p1a: Indeedee|Expanding Force|p2a: Talonflame|[spread] p2a,p2b
|-damage|p2a: Talonflame|0 fnt
|-damage|p2b: Tyranitar|28/100
|faint|p2a: Talonflame
|move|p2b: Tyranitar|Knock Off|p1a: Indeedee
|-supereffective|p1a: Indeedee
|-damage|p1a: Indeedee|0 fnt
|-enditem|p1a: Indeedee|Choice Scarf|[from] move: Knock Off|[of] p2b: Tyranitar
|faint|p1a: Indeedee
|
|-weather|Sandstorm|[upkeep]
|-damage|p1b: Sneasler|89/100|[from] Sandstorm
|-damage|p2b: Tyranitar|22/100|[from] Sandstorm
|upkeep
|
|t:|1757192285
|switch|p2a: Milotic|Milotic, L50, F|100/100
|switch|p1a: Tyranitar|Tyranitar, L50, M|100/100
|turn|3
|
|t:|1757192307
|move|p2a: Milotic|Protect|p2a: Milotic
|-singleturn|p2a: Milotic|Protect
|move|p1b: Sneasler|Dire Claw|p2a: Milotic
|-activate|p2a: Milotic|move: Protect
|move|p1a: Tyranitar|Rock Slide|p2a: Milotic|[spread] p2b
|-activate|p2a: Milotic|move: Protect
|-supereffective|p2b: Tyranitar
|-damage|p2b: Tyranitar|0 fnt
|faint|p2b: Tyranitar
|
|-weather|Sandstorm|[upkeep]
|-damage|p1b: Sneasler|83/100|[from] Sandstorm
|upkeep
|
|t:|1757192321
|switch|p2b: Pdf.Pokemon|Gholdengo, L50|100/100
|turn|4
|
|t:|1757192343
|move|p2b: Pdf.Pokemon|Protect|p2b: Pdf.Pokemon
|-singleturn|p2b: Pdf.Pokemon|Protect
|move|p1b: Sneasler|Dire Claw|p2a: Milotic
|-damage|p2a: Milotic|60/100
|-status|p2a: Milotic|par
|move|p1a: Tyranitar|Rock Slide|p2a: Milotic|[spread] p2a
|-activate|p2b: Pdf.Pokemon|move: Protect
|-damage|p2a: Milotic|31/100 par
|cant|p2a: Milotic|par
|
|-weather|Sandstorm|[upkeep]
|-damage|p1b: Sneasler|77/100|[from] Sandstorm
|-sideend|p1: eltsurito|move: Tailwind
|upkeep
|turn|5
|inactive|eltsurito has 30 seconds left.
|inactive|eltsurito has 20 seconds left.
|
|t:|1757192381
|move|p1b: Sneasler|Throat Chop|p2b: Pdf.Pokemon
|-supereffective|p2b: Pdf.Pokemon
|-damage|p2b: Pdf.Pokemon|25/100
|-start|p2b: Pdf.Pokemon|Throat Chop|[silent]
|move|p2b: Pdf.Pokemon|Make It Rain|p1b: Sneasler|[spread] p1a,p1b
|-supereffective|p1a: Tyranitar
|-damage|p1a: Tyranitar|50/100
|-damage|p1b: Sneasler|0 fnt
|-unboost|p2b: Pdf.Pokemon|spa|1
|faint|p1b: Sneasler
|move|p1a: Tyranitar|Knock Off|p2b: Pdf.Pokemon
|-supereffective|p2b: Pdf.Pokemon
|-damage|p2b: Pdf.Pokemon|0 fnt
|-enditem|p2b: Pdf.Pokemon|Metal Coat|[from] move: Knock Off|[of] p1a: Tyranitar
|faint|p2b: Pdf.Pokemon
|move|p2a: Milotic|Scald|p1a: Tyranitar
|-supereffective|p1a: Tyranitar
|-damage|p1a: Tyranitar|22/100
|-status|p1a: Tyranitar|brn
|
|-weather|none
|-damage|p1a: Tyranitar|16/100 brn|[from] brn
|upkeep
|turn|6
|
|t:|1757192404
|move|p1a: Tyranitar|Knock Off|p2a: Milotic
|-damage|p2a: Milotic|5/100 par
|-enditem|p2a: Milotic|Safety Goggles|[from] move: Knock Off|[of] p1a: Tyranitar
|move|p2a: Milotic|Scald|p1a: Tyranitar
|-supereffective|p1a: Tyranitar
|-damage|p1a: Tyranitar|0 fnt
|faint|p1a: Tyranitar
|
|win|NoobieSmoothie
||NoobieSmoothie is ready for game 2.
|inactive|eltsurito has 30 seconds to confirm battle start!
