|j|☆mikewwm8
|j|☆ecarry
|html|mikewwm8ecarry    
|uhtml|bestof|Game 2 of a best-of-3
|t:|1784403527
|gametype|doubles
|player|p1|mikewwm8|170|
|player|p2|ecarry|170|
|gen|9
|tier|[Gen 9 Champions] VGC 2026 Reg M-B (Bo3)
|rule|Species Clause: Limit one of each Pokémon
|rule|Item Clause: Limit 1 of each item
|clearpoke
|poke|p1|Tyranitar, L50, M|
|poke|p1|Excadrill, L50, F|
|poke|p1|Milotic, L50, M|
|poke|p1|Sinistcha, L50|
|poke|p1|Staraptor, L50, M|
|poke|p1|Gholdengo, L50|
|poke|p2|Floette-Eternal, L50, F|
|poke|p2|Charizard, L50, F|
|poke|p2|Whimsicott, L50, F|
|poke|p2|Garchomp, L50, F|
|poke|p2|Basculegion, L50, M|
|poke|p2|Kingambit, L50, M|
|teampreview|4
|showteam|p1|Tyranitar||Tyranitarite|SandStream|KnockOff,RockSlide,LowKick,Protect|Jolly||M|||50|]Excadrill||FocusSash|SandRush|Earthquake,IronHead,RockSlide,Protect|Adamant||F|||50|]Milotic||SitrusBerry|Competitive|Scald,IcyWind,Recover,Protect|Calm||M|||50|]Sinistcha||ColburBerry|Hospitality|MatchaGotcha,ShadowBall,Protect,RagePowder|Bold|||||50|]Staraptor||Staraptite|Intimidate|CloseCombat,BraveBird,Tailwind,Protect|Jolly||M|||50|]Gholdengo||LifeOrb|GoodasGold|MakeItRain,ShadowBall,NastyPlot,Protect|Modest|||||50|
|showteam|p2|Floette-Eternal||Floettite|FlowerVeil|Moonblast,DazzlingGleam,LightofRuin,Protect|Modest||F|||50|]Charizard||CharizarditeY|Blaze|HeatWave,WeatherBall,SolarBeam,Protect|Modest||F|||50|]Whimsicott||FocusSash|Prankster|Moonblast,Encore,Tailwind,Protect|Timid||F|||50|]Garchomp||LifeOrb|RoughSkin|DragonClaw,Earthquake,Protect,RockSlide|Jolly||F|||50|]Basculegion||MysticWater|Adaptability|WaveCrash,LastRespects,AquaJet,Protect|Adamant||M|||50|]Kingambit||BlackGlasses|Defiant|KowtowCleave,IronHead,SuckerPunch,Protect|Adamant||M|||50|
|inactive|Battle timer is ON: inactive players will automatically lose when time's up. (requested by ecarry)
|inactive|mikewwm8 has 60 seconds left.
|
|t:|1784403594
|teamsize|p1|4
|teamsize|p2|4
|start
|switch|p1a: Staraptor|Staraptor, L50, M|100/100
|switch|p1b: Tyranitar|Tyranitar, L50, M|100/100
|switch|p2a: Whimsicott|Whimsicott, L50, F|100/100
|switch|p2b: Basculegion|Basculegion, L50, M|100/100
|-ability|p1a: Staraptor|Intimidate|boost
|-unboost|p2a: Whimsicott|atk|1
|-unboost|p2b: Basculegion|atk|1
|-weather|Sandstorm|[from] ability: Sand Stream|[of] p1b: Tyranitar
|turn|1
|
|t:|1784403611
|detailschange|p1a: Staraptor|Staraptor-Mega, L50, M
|-mega|p1a: Staraptor|Staraptor|Staraptite
|move|p2a: Whimsicott|Tailwind|p2a: Whimsicott
|-sidestart|p2: ecarry|move: Tailwind
|move|p2b: Basculegion|Wave Crash|p1b: Tyranitar
|-supereffective|p1b: Tyranitar|1
|-damage|p1b: Tyranitar|0 fnt
|faint|p1b: Tyranitar
|-damage|p2b: Basculegion|68/100|[from] Recoil
|move|p1a: Staraptor|Tailwind|p1a: Staraptor
|-sidestart|p1: mikewwm8|move: Tailwind
|
|-weather|Sandstorm|[upkeep]
|-damage|p2a: Whimsicott|94/100|[from] Sandstorm
|-damage|p1a: Staraptor|94/100|[from] Sandstorm
|-damage|p2b: Basculegion|62/100|[from] Sandstorm
|upkeep
|
|t:|1784403620
|switch|p1b: Gholdengo|Gholdengo, L50|100/100
|turn|2
|inactive|ecarry has 30 seconds left.
|inactive|ecarry has 20 seconds left.
|
|t:|1784403656
|switch|p1a: Milotic|Milotic, L50, M|100/100
|move|p2a: Whimsicott|Encore||[still]
|-fail|p2a: Whimsicott
|move|p2b: Basculegion|Wave Crash|p1b: Gholdengo
|-damage|p1b: Gholdengo|46/100
|-damage|p2b: Basculegion|45/100|[from] Recoil
|move|p1b: Gholdengo|Nasty Plot|p1b: Gholdengo
|-boost|p1b: Gholdengo|spa|2
|
|-weather|Sandstorm|[upkeep]
|-damage|p2a: Whimsicott|88/100|[from] Sandstorm
|-damage|p2b: Basculegion|39/100|[from] Sandstorm
|-damage|p1a: Milotic|94/100|[from] Sandstorm
|upkeep
|turn|3
|inactive|ecarry has 30 seconds left.
|inactive|ecarry has 20 seconds left.
|inactive|ecarry has 15 seconds left.
|
|t:|1784403698
|move|p2a: Whimsicott|Protect|p2a: Whimsicott
|-singleturn|p2a: Whimsicott|Protect
|move|p2b: Basculegion|Protect|p2b: Basculegion
|-singleturn|p2b: Basculegion|Protect
|move|p1b: Gholdengo|Protect|p1b: Gholdengo
|-singleturn|p1b: Gholdengo|Protect
|move|p1a: Milotic|Icy Wind|p2b: Basculegion|[spread] 
|-activate|p2a: Whimsicott|move: Protect
|-activate|p2b: Basculegion|move: Protect
|
|-weather|Sandstorm|[upkeep]
|-damage|p2a: Whimsicott|82/100|[from] Sandstorm
|-damage|p2b: Basculegion|33/100|[from] Sandstorm
|-damage|p1a: Milotic|88/100|[from] Sandstorm
|upkeep
|turn|4
|
|t:|1784403712
|move|p1b: Gholdengo|Protect||[still]
|-fail|p1b: Gholdengo
|move|p2a: Whimsicott|Moonblast|p1a: Milotic
|-damage|p1a: Milotic|62/100
|move|p2b: Basculegion|Wave Crash|p1b: Gholdengo
|-damage|p1b: Gholdengo|0 fnt
|faint|p1b: Gholdengo
|-damage|p2b: Basculegion|18/100|[from] Recoil
|move|p1a: Milotic|Icy Wind|p2b: Basculegion|[spread] p2a,p2b
|-supereffective|p2a: Whimsicott|1
|-resisted|p2b: Basculegion|1
|-damage|p2a: Whimsicott|47/100
|-damage|p2b: Basculegion|12/100
|-unboost|p2a: Whimsicott|spe|1
|-unboost|p2b: Basculegion|spe|1
|
|-weather|Sandstorm|[upkeep]
|-damage|p2a: Whimsicott|41/100|[from] Sandstorm
|-damage|p1a: Milotic|56/100|[from] Sandstorm
|-damage|p2b: Basculegion|6/100|[from] Sandstorm
|-sideend|p1: mikewwm8|move: Tailwind
|-sideend|p2: ecarry|move: Tailwind
|upkeep
|
|t:|1784403718
|switch|p1b: Staraptor|Staraptor-Mega, L50, M|94/100
|turn|5
|
|t:|1784403728
|move|p2a: Whimsicott|Tailwind|p2a: Whimsicott
|-sidestart|p2: ecarry|move: Tailwind
|move|p1b: Staraptor|Brave Bird|p2a: Whimsicott
|-supereffective|p2a: Whimsicott|1
|-damage|p2a: Whimsicott|0 fnt
|faint|p2a: Whimsicott
|-damage|p1b: Staraptor|84/100|[from] Recoil
|move|p2b: Basculegion|Wave Crash|p1b: Staraptor
|-damage|p1b: Staraptor|18/100
|-damage|p2b: Basculegion|0 fnt|[from] Recoil
|faint|p2b: Basculegion
|move|p1a: Milotic|Icy Wind|p2: Whimsicott|[notarget]
|-fail|p1a: Milotic
|
|-weather|none
|upkeep
|
|t:|1784403734
|switch|p2a: Floette|Floette-Eternal, L50, F|100/100
|switch|p2b: Garchomp|Garchomp, L50, F|100/100
|turn|6
|
|t:|1784403739
|detailschange|p2a: Floette|Floette-Mega, L50, F
|-mega|p2a: Floette|Floette|Floettite
|-ability|p2a: Floette|Fairy Aura
|move|p1b: Staraptor|Protect|p1b: Staraptor
|-singleturn|p1b: Staraptor|Protect
|move|p2b: Garchomp|Dragon Claw|p1a: Milotic
|-crit|p1a: Milotic
|-damage|p1a: Milotic|0 fnt
|faint|p1a: Milotic
|-damage|p2b: Garchomp|90/100|[from] item: Life Orb
|move|p2a: Floette|Dazzling Gleam|p1b: Staraptor
|-activate|p1b: Staraptor|move: Protect
|
|upkeep
|turn|7
|-message|mikewwm8 forfeited.
|
|win|ecarry
|c|☆ecarry|ggs
