|j|☆ShadowOfAMan
|j|☆go to vr
|html|ShadowOfAMango to vr    
|uhtml|bestof|Game 2 of a best-of-3
|t:|1756596918
|gametype|doubles
|player|p1|ShadowOfAMan|elio-usum|
|player|p2|go to vr|colress|
|gen|9
|tier|[Gen 9] VGC 2025 Reg H (Bo3)
|rule|Species Clause: Limit one of each Pokémon
|rule|Item Clause: Limit 1 of each item
|clearpoke
|poke|p1|Politoed, L50, M|
|poke|p1|Gothitelle, L50, M|
|poke|p1|Archaludon, L50, M|
|poke|p1|Incineroar, L50, F|
|poke|p1|Amoonguss, L50, F|
|poke|p1|Kingdra, L50, F|
|poke|p2|Kilowattrel, L50, F|
|poke|p2|Gholdengo, L50|
|poke|p2|Ursaluna, L50, F|
|poke|p2|Incineroar, L50, F|
|poke|p2|Dragonite, L50, M|
|poke|p2|Ninetales-Alola, L50, M|
|teampreview|4
|showteam|p1|Politoed||Leftovers|Drizzle|WeatherBall,Encore,PerishSong,Protect|||M|||50|,,,,,Grass]Gothitelle||SitrusBerry|ShadowTag|FakeOut,Psychic,TrickRoom,Protect|||M|||50|,,,,,Dark]Archaludon||PowerHerb|Sturdy|ElectroShot,DragonPulse,FlashCannon,Protect|||M|||50|,,,,,Electric]Incineroar||SafetyGoggles|Intimidate|FakeOut,PartingShot,KnockOff,Protect|||F|||50|,,,,,Ghost]Amoonguss||EjectButton|Regenerator|PollenPuff,Spore,RagePowder,Protect|||F|||50|,,,,,Fairy]Kingdra||LifeOrb|SwiftSwim|MuddyWater,WeatherBall,DracoMeteor,Protect|||F|||50|,,,,,Stellar
|showteam|p2|Kilowattrel||FocusSash|Competitive|Tailwind,Protect,Thunderbolt,AirSlash|||F|||50|,,,,,Ghost]Gholdengo||LifeOrb|GoodasGold|NastyPlot,Protect,ShadowBall,MakeItRain||||||50|,,,,,Dragon]Ursaluna||FlameOrb|Guts|Earthquake,Protect,Facade,HeadlongRush|||F|||50|,,,,,Fairy]Incineroar||RockyHelmet|Intimidate|PartingShot,FlareBlitz,KnockOff,FakeOut|||F|||50|,,,,,Bug]Dragonite||LoadedDice|Multiscale|ScaleShot,Tailwind,Haze,Protect|||M|||50|,,,,,Fairy]Ninetales-Alola||NeverMeltIce|SnowWarning|Encore,Blizzard,FreezeDry,Protect|||M|||50|,,,,,Ghost
|inactive|Battle timer is ON: inactive players will automatically lose when time's up. (requested by ShadowOfAMan)
|inactive|go to vr has 60 seconds left.
|
|t:|1756596973
|teamsize|p1|4
|teamsize|p2|4
|start
|switch|p1a: Incineroar|Incineroar, L50, F|100/100
|switch|p1b: Gothitelle|Gothitelle, L50, M|100/100
|switch|p2a: Incineroar|Incineroar, L50, F, shiny|100/100
|switch|p2b: Dragonite|Dragonite, L50, M, shiny|100/100
|-ability|p2a: Incineroar|Intimidate|boost
|-unboost|p1a: Incineroar|atk|1
|-unboost|p1b: Gothitelle|atk|1
|-ability|p1a: Incineroar|Intimidate|boost
|-unboost|p2a: Incineroar|atk|1
|-unboost|p2b: Dragonite|atk|1
|turn|1
|inactive|ShadowOfAMan has 30 seconds left.
|inactive|ShadowOfAMan has 20 seconds left.
|inactive|ShadowOfAMan has 15 seconds left.
|
|t:|1756597018
|switch|p1a: Politoed|Politoed, L50, M|100/100
|-weather|RainDance|[from] ability: Drizzle|[of] p1a: Politoed
|move|p2a: Incineroar|Fake Out|p1b: Gothitelle
|-damage|p1b: Gothitelle|94/100
|cant|p1b: Gothitelle|flinch
|move|p2b: Dragonite|Scale Shot|p1b: Gothitelle
|-damage|p1b: Gothitelle|84/100
|-damage|p1b: Gothitelle|73/100
|-damage|p1b: Gothitelle|64/100
|-damage|p1b: Gothitelle|55/100
|-hitcount|p1b: Gothitelle|4
|-unboost|p2b: Dragonite|def|1
|-boost|p2b: Dragonite|spe|1
|
|-weather|RainDance|[upkeep]
|upkeep
|turn|2
|inactive|ShadowOfAMan has 30 seconds left.
|inactive|go to vr has 30 seconds left.
|inactive|ShadowOfAMan has 20 seconds left.
|inactive|go to vr has 20 seconds left.
|inactive|ShadowOfAMan has 15 seconds left.
|inactive|go to vr has 15 seconds left.
|inactive|ShadowOfAMan has 10 seconds left.
|inactive|go to vr has 10 seconds left.
|
|t:|1756597065
|move|p1b: Gothitelle|Protect|p1b: Gothitelle
|-singleturn|p1b: Gothitelle|Protect
|move|p2b: Dragonite|Haze|p2b: Dragonite
|-clearallboost
|move|p1a: Politoed|Encore|p2a: Incineroar
|-start|p2a: Incineroar|Encore
|move|p2a: Incineroar|Fake Out||[still]
|-hint|Fake Out only works on your first turn out.
|-fail|p2a: Incineroar
|
|-weather|RainDance|[upkeep]
|upkeep
|turn|3
|inactive|ShadowOfAMan has 30 seconds left.
|inactive|ShadowOfAMan has 20 seconds left.
|inactive|ShadowOfAMan has 15 seconds left.
|
|t:|1756597109
|move|p2a: Incineroar|Fake Out||[still]
|-hint|Fake Out only works on your first turn out.
|-fail|p2a: Incineroar
|move|p2b: Dragonite|Scale Shot|p1b: Gothitelle
|-damage|p1b: Gothitelle|39/100
|-enditem|p1b: Gothitelle|Sitrus Berry|[eat]
|-heal|p1b: Gothitelle|64/100|[from] item: Sitrus Berry
|-damage|p1b: Gothitelle|51/100
|-damage|p1b: Gothitelle|36/100
|-damage|p1b: Gothitelle|22/100
|-damage|p1b: Gothitelle|8/100
|-hitcount|p1b: Gothitelle|5
|-unboost|p2b: Dragonite|def|1
|-boost|p2b: Dragonite|spe|1
|move|p1a: Politoed|Perish Song|p1a: Politoed
|-start|p1a: Politoed|perish3|[silent]
|-start|p1b: Gothitelle|perish3|[silent]
|-start|p2a: Incineroar|perish3|[silent]
|-start|p2b: Dragonite|perish3|[silent]
|-fieldactivate|move: Perish Song
|move|p1b: Gothitelle|Psychic|p2b: Dragonite
|-damage|p2b: Dragonite|84/100
|
|-weather|RainDance|[upkeep]
|-start|p2b: Dragonite|perish3
|-start|p1a: Politoed|perish3
|-start|p2a: Incineroar|perish3
|-start|p1b: Gothitelle|perish3
|upkeep
|turn|4
|inactive|ShadowOfAMan has 30 seconds left.
|inactive|go to vr has 30 seconds left.
|inactive|ShadowOfAMan has 20 seconds left.
|inactive|ShadowOfAMan has 15 seconds left.
|inactive|ShadowOfAMan has 10 seconds left.
|
|t:|1756597158
|move|p1a: Politoed|Protect|p1a: Politoed
|-singleturn|p1a: Politoed|Protect
|move|p1b: Gothitelle|Protect|p1b: Gothitelle
|-singleturn|p1b: Gothitelle|Protect
|move|p2a: Incineroar|Fake Out||[still]
|-hint|Fake Out only works on your first turn out.
|-fail|p2a: Incineroar
|move|p2b: Dragonite|Tailwind|p2b: Dragonite
|-sidestart|p2: go to vr|move: Tailwind
|
|-weather|RainDance|[upkeep]
|-end|p2a: Incineroar|Encore
|-start|p2b: Dragonite|perish2
|-start|p2a: Incineroar|perish2
|-start|p1a: Politoed|perish2
|-start|p1b: Gothitelle|perish2
|upkeep
|turn|5
|inactive|go to vr has 30 seconds left.
|
|t:|1756597193
|switch|p1b: Incineroar|Incineroar, L50, F|100/100
|-ability|p1b: Incineroar|Intimidate|boost
|-unboost|p2a: Incineroar|atk|1
|-unboost|p2b: Dragonite|atk|1
|move|p2b: Dragonite|Scale Shot|p1b: Incineroar
|-damage|p1b: Incineroar|92/100
|-damage|p1b: Incineroar|81/100
|-damage|p1b: Incineroar|72/100
|-damage|p1b: Incineroar|63/100
|-hitcount|p1b: Incineroar|4
|-unboost|p2b: Dragonite|def|1
|-boost|p2b: Dragonite|spe|1
|move|p2a: Incineroar|Knock Off|p1b: Incineroar
|-resisted|p1b: Incineroar
|-damage|p1b: Incineroar|50/100
|-enditem|p1b: Incineroar|Safety Goggles|[from] move: Knock Off|[of] p2a: Incineroar
|move|p1a: Politoed|Encore|p2a: Incineroar
|-start|p2a: Incineroar|Encore
|
|-weather|none
|-start|p2b: Dragonite|perish1
|-start|p2a: Incineroar|perish1
|-start|p1a: Politoed|perish1
|upkeep
|turn|6
|inactive|ShadowOfAMan has 30 seconds left.
|inactive|go to vr has 30 seconds left.
|inactive|ShadowOfAMan has 20 seconds left.
|inactive|go to vr has 20 seconds left.
|inactive|ShadowOfAMan has 15 seconds left.
|inactive|go to vr has 15 seconds left.
|inactive|ShadowOfAMan has 10 seconds left.
|
|t:|1756597241
|switch|p2b: Ninetales|Ninetales-Alola, L50, M|100/100
|-weather|Snowscape|[from] ability: Snow Warning|[of] p2b: Ninetales
|switch|p1a: Archaludon|Archaludon, L50, M|100/100
|move|p1b: Incineroar|Fake Out|p2b: Ninetales
|-damage|p2b: Ninetales|88/100
|move|p2a: Incineroar|Knock Off|p1a: Archaludon
|-damage|p1a: Archaludon|76/100
|-enditem|p1a: Archaludon|Power Herb|[from] move: Knock Off|[of] p2a: Incineroar
|
|-weather|Snowscape|[upkeep]
|-start|p2a: Incineroar|perish0
|faint|p2a: Incineroar
|upkeep
|
|t:|1756597254
|switch|p2a: Gholdengo|Gholdengo, L50|100/100
|turn|7
|
|t:|1756597272
|switch|p1b: Politoed|Politoed, L50, M|100/100
|-weather|RainDance|[from] ability: Drizzle|[of] p1b: Politoed
|-terastallize|p2a: Gholdengo|Dragon
|move|p1a: Archaludon|Protect|p1a: Archaludon
|-singleturn|p1a: Archaludon|Protect
|move|p2b: Ninetales|Freeze-Dry|p1b: Politoed
|-supereffective|p1b: Politoed
|-damage|p1b: Politoed|54/100
|move|p2a: Gholdengo|Nasty Plot|p2a: Gholdengo
|-boost|p2a: Gholdengo|spa|2
|
|-weather|RainDance|[upkeep]
|-heal|p1b: Politoed|60/100|[from] item: Leftovers
|-sideend|p2: go to vr|move: Tailwind
|upkeep
|turn|8
|inactive|ShadowOfAMan has 30 seconds left.
|inactive|go to vr has 30 seconds left.
|
|t:|1756597307
|switch|p1b: Incineroar|Incineroar, L50, F|50/100
|-ability|p1b: Incineroar|Intimidate|boost
|-unboost|p2a: Gholdengo|atk|1
|-unboost|p2b: Ninetales|atk|1
|move|p2b: Ninetales|Encore|p1a: Archaludon
|-start|p1a: Archaludon|Encore
|move|p1a: Archaludon|Protect||[still]
|-fail|p1a: Archaludon
|move|p2a: Gholdengo|Make It Rain|p1b: Incineroar|[spread] p1a,p1b
|-resisted|p1a: Archaludon
|-resisted|p1b: Incineroar
|-damage|p1a: Archaludon|0 fnt
|-damage|p1b: Incineroar|9/100
|-unboost|p2a: Gholdengo|spa|1
|faint|p1a: Archaludon
|-damage|p2a: Gholdengo|91/100|[from] item: Life Orb
|
|-weather|RainDance|[upkeep]
|upkeep
|
|t:|1756597310
|switch|p1a: Politoed|Politoed, L50, M|60/100
|turn|9
|-message|ShadowOfAMan forfeited.
|
|win|go to vr
|l|☆ShadowOfAMan
|player|p1|
