|j|☆Oreo_Stars
|j|☆Fotografia+Ballot
|html|Oreo_StarsFotografia+Ballot    
|uhtml|bestof|Game 2 of a best-of-3
|t:|1755510309
|gametype|doubles
|player|p1|Oreo_Stars|102|1184
|player|p2|Fotografia+Ballot|alder|1259
|gen|9
|tier|[Gen 9] VGC 2025 Reg H (Bo3)
|rated|
|rule|Species Clause: Limit one of each Pokémon
|rule|Item Clause: Limit 1 of each item
|clearpoke
|poke|p1|Ursaluna-Bloodmoon, L50, M|
|poke|p1|Incineroar, L50, F|
|poke|p1|Rillaboom, L50, M|
|poke|p1|Amoonguss, L50, M|
|poke|p1|Gholdengo, L50|
|poke|p2|Annihilape, L50, F|
|poke|p2|Ninetales-Alola, L50, F|
|poke|p2|Gholdengo, L50|
|poke|p2|Ursaluna-Bloodmoon, L50, M|
|poke|p2|Dragonite, L50, F|
|poke|p2|Magmar, L50, F|
|teampreview|4
|showteam|p1|Ursaluna-Bloodmoon||Leftovers|MindsEye|Protect,CalmMind,EarthPower,BloodMoon|||M|||50|,,,,,Water]Incineroar||SitrusBerry|Intimidate|FakeOut,PartingShot,KnockOff,FlareBlitz|||F|||50|,,,,,Grass]Rillaboom||AssaultVest|GrassySurge|FakeOut,Uturn,WoodHammer,GrassyGlide|||M|||50|,,,,,Fire]Amoonguss||RockyHelmet|Regenerator|RagePowder,PollenPuff,SludgeBomb,Spore|||M|||50|,,,,,Water]Gholdengo||LifeOrb|GoodasGold|Protect,NastyPlot,ShadowBall,MakeItRain||||||50|,,,,,Water
|showteam|p2|Annihilape||SafetyGoggles|Defiant|BulkUp,Protect,DrainPunch,RageFist|||F|||50|,,,,,Water]Ninetales-Alola||LightClay|SnowWarning|AuroraVeil,Protect,IcyWind,Blizzard|||F|||50|,,,,,Ghost]Gholdengo||MetalCoat|GoodasGold|NastyPlot,Protect,MakeItRain,ShadowBall||||||50|,,,,,Dragon]Ursaluna-Bloodmoon||AssaultVest|MindsEye|BloodMoon,HyperVoice,EarthPower,VacuumWave|||M|||50|,,,,,Ghost]Dragonite||LoadedDice|Multiscale|ScaleShot,ExtremeSpeed,Haze,Protect|||F|||50|,,,,,Fairy]Magmar||Eviolite|VitalSpirit|FollowMe,WillOWisp,Overheat,Protect|||F|||50|,,,,,Ghost
|inactive|Battle timer is ON: inactive players will automatically lose when time's up. (requested by Oreo_Stars)
|
|t:|1755510334
|teamsize|p1|4
|teamsize|p2|4
|start
|switch|p1a: Amoonguss|Amoonguss, L50, M|100/100
|switch|p1b: Ursaluna|Ursaluna-Bloodmoon, L50, M|100/100
|switch|p2a: Magmar|Magmar, L50, F|100/100
|switch|p2b: Gholdengo|Gholdengo, L50|100/100
|turn|1
|
|t:|1755510354
|switch|p1a: Incineroar|Incineroar, L50, F|100/100
|-ability|p1a: Incineroar|Intimidate|boost
|-unboost|p2a: Magmar|atk|1
|-unboost|p2b: Gholdengo|atk|1
|move|p2b: Gholdengo|Protect|p2b: Gholdengo
|-singleturn|p2b: Gholdengo|Protect
|move|p2a: Magmar|Overheat|p1a: Incineroar
|-resisted|p1a: Incineroar
|-damage|p1a: Incineroar|79/100
|-unboost|p2a: Magmar|spa|2
|move|p1b: Ursaluna|Calm Mind|p1b: Ursaluna
|-boost|p1b: Ursaluna|spa|1
|-boost|p1b: Ursaluna|spd|1
|
|upkeep
|turn|2
|
|t:|1755510374
|move|p2a: Magmar|Follow Me|p2a: Magmar
|-singleturn|p2a: Magmar|move: Follow Me
|move|p2b: Gholdengo|Nasty Plot|p2b: Gholdengo
|-boost|p2b: Gholdengo|spa|2
|move|p1a: Incineroar|Knock Off|p2a: Magmar
|-damage|p2a: Magmar|72/100
|-enditem|p2a: Magmar|Eviolite|[from] move: Knock Off|[of] p1a: Incineroar
|move|p1b: Ursaluna|Calm Mind|p1b: Ursaluna
|-boost|p1b: Ursaluna|spa|1
|-boost|p1b: Ursaluna|spd|1
|
|upkeep
|turn|3
|
|t:|1755510388
|move|p2a: Magmar|Follow Me|p2a: Magmar
|-singleturn|p2a: Magmar|move: Follow Me
|move|p2b: Gholdengo|Nasty Plot|p2b: Gholdengo
|-boost|p2b: Gholdengo|spa|2
|move|p1a: Incineroar|Flare Blitz|p2a: Magmar
|-resisted|p2a: Magmar
|-damage|p2a: Magmar|44/100
|-damage|p1a: Incineroar|71/100|[from] Recoil
|move|p1b: Ursaluna|Earth Power|p2a: Magmar
|-supereffective|p2a: Magmar
|-damage|p2a: Magmar|0 fnt
|faint|p2a: Magmar
|
|upkeep
|
|t:|1755510394
|switch|p2a: Annihilape|Annihilape, L50, F|100/100
|turn|4
|
|t:|1755510408
|move|p2b: Gholdengo|Protect|p2b: Gholdengo
|-singleturn|p2b: Gholdengo|Protect
|move|p1b: Ursaluna|Protect|p1b: Ursaluna
|-singleturn|p1b: Ursaluna|Protect
|move|p2a: Annihilape|Drain Punch|p1a: Incineroar
|-supereffective|p1a: Incineroar
|-damage|p1a: Incineroar|23/100
|-enditem|p1a: Incineroar|Sitrus Berry|[eat]
|-heal|p1a: Incineroar|48/100|[from] item: Sitrus Berry
|move|p1a: Incineroar|Parting Shot|p2b: Gholdengo
|-activate|p2b: Gholdengo|move: Protect
|
|upkeep
|turn|5
|
|t:|1755510427
|-terastallize|p1b: Ursaluna|Water
|move|p2a: Annihilape|Bulk Up|p2a: Annihilape
|-boost|p2a: Annihilape|atk|1
|-boost|p2a: Annihilape|def|1
|move|p2b: Gholdengo|Make It Rain|p1b: Ursaluna|[spread] p1a,p1b
|-resisted|p1a: Incineroar
|-resisted|p1b: Ursaluna
|-damage|p1a: Incineroar|0 fnt
|-damage|p1b: Ursaluna|53/100
|-unboost|p2b: Gholdengo|spa|1
|faint|p1a: Incineroar
|move|p1b: Ursaluna|Blood Moon|p2a: Annihilape
|-damage|p2a: Annihilape|0 fnt
|faint|p2a: Annihilape
|
|-heal|p1b: Ursaluna|59/100|[from] item: Leftovers
|upkeep
|
|t:|1755510439
|switch|p2a: Ninetales|Ninetales-Alola, L50, F|100/100
|switch|p1a: Amoonguss|Amoonguss, L50, M|100/100
|-weather|Snowscape|[from] ability: Snow Warning|[of] p2a: Ninetales
|turn|6
|
|t:|1755510452
|move|p2b: Gholdengo|Protect|p2b: Gholdengo
|-singleturn|p2b: Gholdengo|Protect
|move|p1b: Ursaluna|Protect|p1b: Ursaluna
|-singleturn|p1b: Ursaluna|Protect
|move|p2a: Ninetales|Blizzard|p1a: Amoonguss|[spread] p1a
|-activate|p1b: Ursaluna|move: Protect
|-supereffective|p1a: Amoonguss
|-damage|p1a: Amoonguss|56/100
|move|p1a: Amoonguss|Spore|p2a: Ninetales
|-status|p2a: Ninetales|slp|[from] move: Spore
|
|-weather|Snowscape|[upkeep]
|-heal|p1b: Ursaluna|66/100|[from] item: Leftovers
|upkeep
|turn|7
|
|t:|1755510468
|cant|p2a: Ninetales|slp
|move|p2b: Gholdengo|Make It Rain|p1b: Ursaluna|[spread] p1a,p1b
|-resisted|p1b: Ursaluna
|-damage|p1a: Amoonguss|0 fnt
|-damage|p1b: Ursaluna|30/100
|-unboost|p2b: Gholdengo|spa|1
|faint|p1a: Amoonguss
|move|p1b: Ursaluna|Earth Power|p2b: Gholdengo
|-supereffective|p2b: Gholdengo
|-damage|p2b: Gholdengo|0 fnt
|faint|p2b: Gholdengo
|
|-weather|Snowscape|[upkeep]
|-heal|p1b: Ursaluna|36/100|[from] item: Leftovers
|upkeep
|
|t:|1755510474
|switch|p1a: Rillaboom|Rillaboom, L50, M|100/100
|-fieldstart|move: Grassy Terrain|[from] ability: Grassy Surge|[of] p1a: Rillaboom
|turn|8
|-message|Fotografia+Ballot forfeited.
|
|win|Oreo_Stars
|raw|Oreo_Stars's rating: 1184 → 1214(+30 for winning)
|raw|Fotografia+Ballot's rating: 1259 → 1229(-30 for losing)
|l|☆Fotografia+Ballot
|player|p2|
|l|☆Oreo_Stars
|player|p1|
|j| Flutter main DL
|l| Flutter main DL
|j|☆Oreo_Stars
|player|p1|Oreo_Stars|102|
