|j|☆Desirety
|j|☆natsukivgc
|html|Desiretynatsukivgc    
|uhtml|bestof|Game 1 of a best-of-3
|t:|1785479200
|gametype|doubles
|player|p1|Desirety|preschooler|1195
|player|p2|natsukivgc|1|1187
|gen|9
|tier|[Gen 9 Champions] VGC 2026 Reg M-B (Bo3)
|rated|
|rule|Species Clause: Limit one of each Pokémon
|rule|Item Clause: Limit 1 of each item
|clearpoke
|poke|p1|Charizard, L50, F|
|poke|p1|Floette-Eternal, L50, F|
|poke|p1|Sinistcha, L50|
|poke|p1|Incineroar, L50, M|
|poke|p1|Kingambit, L50, M, shiny|
|poke|p1|Aerodactyl, L50, F|
|poke|p2|Charizard, L50, F|
|poke|p2|Sneasler, L50, F|
|poke|p2|Kingambit, L50, F|
|poke|p2|Dragonite, L50, M|
|poke|p2|Floette-Eternal, L50, F|
|poke|p2|Whimsicott, L50, F|
|teampreview|4
|showteam|p1|Charizard||CharizarditeX|Blaze|DragonDance,DragonClaw,Protect,FlareBlitz|Adamant||F|||50|]Floette-Eternal||Floettite|FlowerVeil|DazzlingGleam,DrainingKiss,CalmMind,Protect|Modest||F|||50|]Sinistcha||CobaBerry|Hospitality|MatchaGotcha,TrickRoom,Imprison,RagePowder|Bold|||||50|]Incineroar||SitrusBerry|Intimidate|WillOWisp,PartingShot,DarkestLariat,FakeOut|Adamant||M|||50|]Kingambit||LifeOrb|Defiant|SuckerPunch,KowtowCleave,LowKick,Protect|Adamant||M|||50|]Aerodactyl||WideLens|Unnerve|RockSlide,Tailwind,Taunt,WideGuard|Jolly||F|||50|
|showteam|p2|Charizard||CharizarditeY|Blaze|HeatWave,SolarBeam,WeatherBall,Protect|Modest||F|||50|]Sneasler||WhiteHerb|Unburden|CloseCombat,DireClaw,FakeOut,Coaching|Jolly||F|||50|]Kingambit||BlackGlasses|Defiant|KowtowCleave,SuckerPunch,SwordsDance,Protect|Adamant||F|||50|]Dragonite||LifeOrb|InnerFocus|DragonClaw,LowKick,ExtremeSpeed,Protect|Adamant||M|||50|]Floette-Eternal||Floettite|FlowerVeil|Moonblast,DazzlingGleam,LightofRuin,Protect|Modest||F|||50|]Whimsicott||FocusSash|Prankster|Moonblast,Tailwind,Encore,Protect|Timid||F|||50|
|c|☆Desirety|glhf
|c|☆natsukivgc|u2
|
|t:|1785479249
|teamsize|p1|4
|teamsize|p2|4
|start
|switch|p1a: Floette|Floette-Eternal, L50, F|100/100
|switch|p1b: Sinistcha|Sinistcha, L50|100/100
|switch|p2a: Sneasler|Sneasler, L50, F|100/100
|switch|p2b: Dragonite|Dragonite, L50, M|100/100
|turn|1
|inactive|Battle timer is ON: inactive players will automatically lose when time's up. (requested by Desirety)
|
|t:|1785479297
|detailschange|p1a: Floette|Floette-Mega, L50, F
|-mega|p1a: Floette|Floette|Floettite
|-ability|p1a: Floette|Fairy Aura
|move|p2a: Sneasler|Fake Out|p1a: Floette
|-damage|p1a: Floette|86/100
|move|p1b: Sinistcha|Rage Powder|p1b: Sinistcha
|-singleturn|p1b: Sinistcha|move: Rage Powder
|cant|p1a: Floette|flinch
|move|p2b: Dragonite|Dragon Claw|p1b: Sinistcha
|-damage|p1b: Sinistcha|56/100
|-damage|p2b: Dragonite|90/100|[from] item: Life Orb
|
|upkeep
|turn|2
|inactive|natsukivgc has 30 seconds left.
|inactive|natsukivgc has 20 seconds left.
|
|t:|1785479336
|switch|p2b: Whimsicott|Whimsicott, L50, F|100/100
|move|p1b: Sinistcha|Rage Powder|p1b: Sinistcha
|-singleturn|p1b: Sinistcha|move: Rage Powder
|move|p2a: Sneasler|Dire Claw|p1b: Sinistcha
|-damage|p1b: Sinistcha|25/100
|move|p1a: Floette|Dazzling Gleam|p2b: Whimsicott|[spread] p2a,p2b
|-damage|p2a: Sneasler|36/100
|-damage|p2b: Whimsicott|22/100
|
|upkeep
|turn|3
|
|t:|1785479361
|move|p1b: Sinistcha|Rage Powder|p1b: Sinistcha
|-singleturn|p1b: Sinistcha|move: Rage Powder
|move|p2b: Whimsicott|Tailwind|p2b: Whimsicott
|-sidestart|p2: natsukivgc|move: Tailwind
|move|p2a: Sneasler|Dire Claw|p1b: Sinistcha
|-damage|p1b: Sinistcha|0 fnt
|faint|p1b: Sinistcha
|move|p1a: Floette|Dazzling Gleam|p2a: Sneasler|[spread] p2a,p2b
|-damage|p2a: Sneasler|0 fnt
|-damage|p2b: Whimsicott|0 fnt
|faint|p2a: Sneasler
|faint|p2b: Whimsicott
|
|upkeep
|
|t:|1785479372
|switch|p2a: Floette|Floette-Eternal, L50, F|100/100
|switch|p2b: Dragonite|Dragonite, L50, M|90/100
|switch|p1b: Aerodactyl|Aerodactyl, L50, F|100/100
|-ability|p1b: Aerodactyl|Unnerve
|turn|4
|inactive|natsukivgc has 30 seconds left.
|
|t:|1785479400
|detailschange|p2a: Floette|Floette-Mega, L50, F
|-mega|p2a: Floette|Floette|Floettite
|-ability|p2a: Floette|Fairy Aura
|move|p2b: Dragonite|Extreme Speed|p1a: Floette
|-damage|p1a: Floette|48/100
|-damage|p2b: Dragonite|81/100|[from] item: Life Orb
|move|p2a: Floette|Moonblast|p1a: Floette
|-damage|p1a: Floette|0 fnt
|faint|p1a: Floette
|move|p1b: Aerodactyl|Tailwind|p1b: Aerodactyl
|-sidestart|p1: Desirety|move: Tailwind
|
|upkeep
|
|t:|1785479410
|switch|p1a: Kingambit|Kingambit, L50, M, shiny|100/100
|turn|5
|inactive|natsukivgc has 30 seconds left.
|
|t:|1785479437
|move|p1b: Aerodactyl|Rock Slide|p2b: Dragonite|[spread] p2a,p2b
|-supereffective|p2b: Dragonite|1
|-damage|p2a: Floette|71/100
|-damage|p2b: Dragonite|43/100
|move|p2a: Floette|Moonblast|p1b: Aerodactyl
|-damage|p1b: Aerodactyl|4/100
|-unboost|p1b: Aerodactyl|spa|1
|move|p2b: Dragonite|Low Kick|p1a: Kingambit
|-supereffective|p1a: Kingambit|2
|-damage|p1a: Kingambit|0 fnt
|faint|p1a: Kingambit
|-damage|p2b: Dragonite|33/100|[from] item: Life Orb
|
|upkeep
|turn|6
|
|t:|1785479454
|move|p2b: Dragonite|Extreme Speed|p1b: Aerodactyl
|-resisted|p1b: Aerodactyl|1
|-damage|p1b: Aerodactyl|0 fnt
|faint|p1b: Aerodactyl
|-damage|p2b: Dragonite|24/100|[from] item: Life Orb
|
|win|natsukivgc
