|j|☆NightshadeAI
|j|☆viatles
|html|NightshadeAIviatles    
|uhtml|bestof|Game 2 of a best-of-3
|t:|1783447471
|gametype|doubles
|player|p1|NightshadeAI|265|1095
|player|p2|viatles|hiker|1178
|gen|9
|tier|[Gen 9 Champions] VGC 2026 Reg M-B (Bo3)
|rated|
|rule|Species Clause: Limit one of each Pokémon
|rule|Item Clause: Limit 1 of each item
|clearpoke
|poke|p1|Whimsicott, L50, M|
|poke|p1|Charizard, L50, F|
|poke|p1|Basculegion, L50, M|
|poke|p1|Garchomp, L50, F|
|poke|p1|Floette-Eternal, L50, F|
|poke|p1|Kingambit, L50, F|
|poke|p2|Beedrill, L50, F, shiny|
|poke|p2|Milotic, L50, M, shiny|
|poke|p2|Farigiraf, L50, M|
|poke|p2|Sinistcha, L50|
|poke|p2|Kingambit, L50, M|
|poke|p2|Sylveon, L50, F|
|teampreview|4
|showteam|p1|Whimsicott||FocusSash|Prankster|Moonblast,Tailwind,Encore,Protect|Timid||M|||50|]Charizard||CharizarditeY|Blaze|WeatherBall,SolarBeam,HeatWave,Protect|Modest||F|||50|]Basculegion||MysticWater|Adaptability|LastRespects,WaveCrash,AquaJet,Protect|Adamant||M|||50|]Garchomp||LifeOrb|RoughSkin|DragonClaw,Earthquake,RockSlide,Protect|Adamant||F|||50|]Floette-Eternal||Floettite|FlowerVeil|DazzlingGleam,LightofRuin,Moonblast,Protect|Modest||F|||50|]Kingambit||ChopleBerry|Defiant|KowtowCleave,SuckerPunch,IronHead,LowKick|Adamant||F|||50|
|showteam|p2|Beedrill||Beedrillite|Swarm|Uturn,DrillRun,PoisonJab,Protect|Jolly||F|||50|]Milotic||Leftovers|Competitive|Scald,IcyWind,Protect,LifeDew|Bold||M|||50|]Farigiraf||ColburBerry|ArmorTail|TrickRoom,Thunderbolt,TwinBeam,HelpingHand|Bold||M|||50|]Sinistcha||SitrusBerry|Hospitality|MatchaGotcha,RagePowder,Imprison,TrickRoom|Bold|||||50|]Kingambit||BlackGlasses|Defiant|SuckerPunch,Protect,KowtowCleave,LowKick|Adamant||M|||50|]Sylveon||FairyFeather|Pixilate|HyperVoice,HyperBeam,QuickAttack,Detect|Modest||F|||50|
|inactive|Battle timer is ON: inactive players will automatically lose when time's up. (requested by NightshadeAI)
|
|t:|1783447494
|teamsize|p1|4
|teamsize|p2|4
|start
|switch|p1a: Whimsicott|Whimsicott, L50, M|100/100
|switch|p1b: Charizard|Charizard, L50, F|100/100
|switch|p2a: Sylveon|Sylveon, L50, F|100/100
|switch|p2b: Farigiraf|Farigiraf, L50, M|100/100
|turn|1
|inactive|viatles has 30 seconds left.
|inactive|viatles has 20 seconds left.
|inactive|viatles has 15 seconds left.
|
|t:|1783447537
|detailschange|p1b: Charizard|Charizard-Mega-Y, L50, F
|-mega|p1b: Charizard|Charizard|Charizardite Y
|-weather|SunnyDay|[from] ability: Drought|[of] p1b: Charizard
|move|p2b: Farigiraf|Helping Hand|p2a: Sylveon
|-singleturn|p2a: Sylveon|Helping Hand|[of] p2b: Farigiraf
|move|p1a: Whimsicott|Tailwind|p1a: Whimsicott
|-sidestart|p1: NightshadeAI|move: Tailwind
|move|p1b: Charizard|Heat Wave|p2b: Farigiraf|[spread] p2a,p2b
|-damage|p2a: Sylveon|52/100
|-damage|p2b: Farigiraf|33/100
|move|p2a: Sylveon|Hyper Voice|p1a: Whimsicott|[spread] p1a,p1b
|-resisted|p1b: Charizard|1
|-damage|p1a: Whimsicott|1/100
|-damage|p1b: Charizard|64/100
|
|-weather|SunnyDay|[upkeep]
|upkeep
|turn|2
|inactive|viatles has 30 seconds left.
|
|t:|1783447564
|switch|p2b: Milotic|Milotic, L50, M, shiny|100/100
|move|p1a: Whimsicott|Protect|p1a: Whimsicott
|-singleturn|p1a: Whimsicott|Protect
|move|p2a: Sylveon|Detect|p2a: Sylveon
|-singleturn|p2a: Sylveon|Protect
|move|p1b: Charizard|Heat Wave|p2a: Sylveon|[spread] p2b
|-activate|p2a: Sylveon|move: Protect
|-resisted|p2b: Milotic|1
|-damage|p2b: Milotic|73/100
|
|-weather|SunnyDay|[upkeep]
|-heal|p2b: Milotic|80/100|[from] item: Leftovers
|upkeep
|turn|3
|
|t:|1783447579
|switch|p2a: Farigiraf|Farigiraf, L50, M|33/100
|move|p1a: Whimsicott|Protect||[still]
|-fail|p1a: Whimsicott
|move|p1b: Charizard|Heat Wave|p2b: Milotic|[spread] p2a,p2b
|-resisted|p2b: Milotic|1
|-damage|p2a: Farigiraf|0 fnt
|-damage|p2b: Milotic|56/100
|-status|p2b: Milotic|brn
|faint|p2a: Farigiraf
|move|p2b: Milotic|Icy Wind|p1b: Charizard|[spread] p1a,p1b
|-supereffective|p1a: Whimsicott|1
|-damage|p1a: Whimsicott|0 fnt
|-damage|p1b: Charizard|53/100
|-unboost|p1b: Charizard|spe|1
|faint|p1a: Whimsicott
|
|-weather|SunnyDay|[upkeep]
|-heal|p2b: Milotic|63/100 brn|[from] item: Leftovers
|-damage|p2b: Milotic|56/100 brn|[from] brn
|upkeep
|
|t:|1783447597
|switch|p1a: Garchomp|Garchomp, L50, F|100/100
|switch|p2a: Sylveon|Sylveon, L50, F|52/100
|turn|4
|
|t:|1783447604
|move|p2b: Milotic|Protect|p2b: Milotic
|-singleturn|p2b: Milotic|Protect
|move|p2a: Sylveon|Detect|p2a: Sylveon
|-singleturn|p2a: Sylveon|Protect
|move|p1a: Garchomp|Earthquake|p2a: Sylveon|[spread] 
|-activate|p2a: Sylveon|move: Protect
|-activate|p2b: Milotic|move: Protect
|-immune|p1b: Charizard
|move|p1b: Charizard|Heat Wave|p2a: Sylveon|[spread] 
|-activate|p2a: Sylveon|move: Protect
|-activate|p2b: Milotic|move: Protect
|
|-weather|SunnyDay|[upkeep]
|-heal|p2b: Milotic|63/100 brn|[from] item: Leftovers
|-damage|p2b: Milotic|56/100 brn|[from] brn
|-sideend|p1: NightshadeAI|move: Tailwind
|upkeep
|turn|5
|
|t:|1783447623
|move|p2a: Sylveon|Quick Attack|p1b: Charizard
|-resisted|p1b: Charizard|1
|-damage|p1b: Charizard|45/100
|move|p1a: Garchomp|Earthquake|p2b: Milotic|[spread] p2a,p2b
|-immune|p1b: Charizard
|-damage|p2a: Sylveon|0 fnt
|-damage|p2b: Milotic|11/100 brn
|faint|p2a: Sylveon
|-damage|p1a: Garchomp|90/100|[from] item: Life Orb
|move|p2b: Milotic|Icy Wind|p1b: Charizard|[spread] p1a,p1b
|-supereffective|p1a: Garchomp|2
|-damage|p1a: Garchomp|43/100
|-damage|p1b: Charizard|34/100
|-unboost|p1a: Garchomp|spe|1
|-unboost|p1b: Charizard|spe|1
|move|p1b: Charizard|Heat Wave|p2b: Milotic
|-resisted|p2b: Milotic|1
|-damage|p2b: Milotic|0 fnt
|faint|p2b: Milotic
|
|-weather|none
|upkeep
|
|t:|1783447640
|switch|p2b: Malsumas|Beedrill, L50, F, shiny|100/100
|turn|6
|
|t:|1783447649
|detailschange|p2b: Malsumas|Beedrill-Mega, L50, F, shiny
|-mega|p2b: Malsumas|Beedrill|Beedrillite
|move|p2b: Malsumas|U-turn|p1a: Garchomp
|-crit|p1a: Garchomp
|-damage|p1a: Garchomp|0 fnt
|-damage|p2b: Malsumas|88/100|[from] ability: Rough Skin|[of] p1a: Garchomp
|faint|p1a: Garchomp
|move|p1b: Charizard|Heat Wave|p2b: Malsumas
|-supereffective|p2b: Malsumas|1
|-damage|p2b: Malsumas|0 fnt
|faint|p2b: Malsumas
|
|win|NightshadeAI
|l|☆NightshadeAI
|player|p1|
