|j|☆Guiltypleasure06
|j|☆jeffenveneom
|html|Guiltypleasure06jeffenveneom    
|uhtml|bestof|Game 1 of a best-of-3
|t:|1756470895
|gametype|doubles
|player|p1|Guiltypleasure06|169|1101
|player|p2|jeffenveneom|psychic-gen4|1113
|gen|9
|tier|[Gen 9] VGC 2025 Reg H (Bo3)
|rated|
|rule|Species Clause: Limit one of each Pokémon
|rule|Item Clause: Limit 1 of each item
|clearpoke
|poke|p1|Sneasler, L50, M|
|poke|p1|Dondozo, L50, F|
|poke|p1|Magmar, L50, M|
|poke|p1|Rillaboom, L50, M|
|poke|p1|Dragonite, L50, M|
|poke|p1|Kingambit, L50, M|
|poke|p2|Indeedee-F, L50, F|
|poke|p2|Torkoal, L50, F|
|poke|p2|Exeggutor, L50, M|
|poke|p2|Slowpoke, L50, M|
|poke|p2|Flamigo, L50, M|
|poke|p2|Ursaluna, L50, F|
|teampreview|4
|showteam|p1|Sneasler||FocusSash|Unburden|CloseCombat,DireClaw,Coaching,Protect|||M|||50|,,,,,Stellar]Dondozo||Leftovers|Unaware|Liquidation,Yawn,Protect,Fissure|||F|||50|,,,,,Fire]Magmar||Eviolite|VitalSpirit|Overheat,WillOWisp,FollowMe,Protect|||M|||50|,,,,,Dragon]Rillaboom||AssaultVest|GrassySurge|WoodHammer,GrassyGlide,Uturn,FakeOut|||M|||50|,,,,,Fire]Dragonite||LoadedDice|Multiscale|ExtremeSpeed,ScaleShot,LowKick,Protect|||M|||50|,,,,,Fairy]Kingambit||BlackGlasses|Defiant|Protect,SwordsDance,SuckerPunch,KowtowCleave|||M|||50|,,,,,Dark
|showteam|p2|Indeedee-F||PsychicSeed|PsychicSurge|FollowMe,DazzlingGleam,HelpingHand,TrickRoom|||F|||50|,,,,,Steel]Torkoal||WeaknessPolicy|Drought|WeatherBall,HeatWave,EarthPower,Protect|||F|||50|,,,,,Fire]Exeggutor||LifeOrb|Chlorophyll|ExpandingForce,Protect,GigaDrain,TrickRoom|||M|||50|,,,,,Psychic]Slowpoke||Eviolite|Oblivious|Surf,TrickRoom,Protect,SkillSwap|||M|||50|,,,,,Grass]Flamigo||FocusSash|Scrappy|CloseCombat,Tailwind,Protect,Taunt|||M|||50|,,,,,Ghost]Ursaluna||FlameOrb|Guts|Earthquake,Facade,Protect,HeadlongRush|||F|||50|,,,,,Ghost
|inactive|Battle timer is ON: inactive players will automatically lose when time's up. (requested by Guiltypleasure06)
|
|t:|1756470986
|teamsize|p1|4
|teamsize|p2|4
|start
|switch|p1a: Kingambit|Kingambit, L50, M, shiny|100/100
|switch|p1b: Magmar|Magmar, L50, M|100/100
|switch|p2a: Torkoal|Torkoal, L50, F|100/100
|switch|p2b: Exeggutor|Exeggutor, L50, M|100/100
|-weather|SunnyDay|[from] ability: Drought|[of] p2a: Torkoal
|turn|1
|inactive|jeffenveneom has 30 seconds left.
|inactive|jeffenveneom has 20 seconds left.
|
|t:|1756471023
|move|p2b: Exeggutor|Protect|p2b: Exeggutor
|-singleturn|p2b: Exeggutor|Protect
|move|p1b: Magmar|Follow Me|p1b: Magmar
|-singleturn|p1b: Magmar|move: Follow Me
|move|p1a: Kingambit|Kowtow Cleave|p2a: Torkoal
|-damage|p2a: Torkoal|53/100
|move|p2a: Torkoal|Heat Wave|p1b: Magmar|[spread] p1a,p1b
|-supereffective|p1a: Kingambit
|-resisted|p1b: Magmar
|-damage|p1a: Kingambit|15/100
|-damage|p1b: Magmar|84/100
|
|-weather|SunnyDay|[upkeep]
|upkeep
|turn|2
|inactive|jeffenveneom has 30 seconds left.
|
|t:|1756471050
|switch|p1a: Dondozo|Dondozo, L50, F|100/100
|move|p1b: Magmar|Overheat|p2b: Exeggutor
|-supereffective|p2b: Exeggutor
|-damage|p2b: Exeggutor|0 fnt
|-unboost|p1b: Magmar|spa|2
|faint|p2b: Exeggutor
|move|p2a: Torkoal|Heat Wave|p1a: Dondozo|[spread] p1a,p1b
|-resisted|p1a: Dondozo
|-resisted|p1b: Magmar
|-damage|p1a: Dondozo|82/100
|-damage|p1b: Magmar|64/100
|
|-weather|SunnyDay|[upkeep]
|-heal|p1a: Dondozo|88/100|[from] item: Leftovers
|upkeep
|
|t:|1756471064
|switch|p2b: Indeedee|Indeedee-F, L50, F|100/100
|-fieldstart|move: Psychic Terrain|[from] ability: Psychic Surge|[of] p2b: Indeedee
|-enditem|p2b: Indeedee|Psychic Seed
|-boost|p2b: Indeedee|spd|1|[from] item: Psychic Seed
|turn|3
|
|t:|1756471086
|move|p1b: Magmar|Protect|p1b: Magmar
|-singleturn|p1b: Magmar|Protect
|move|p2a: Torkoal|Protect|p2a: Torkoal
|-singleturn|p2a: Torkoal|Protect
|move|p1a: Dondozo|Liquidation|p2a: Torkoal
|-activate|p2a: Torkoal|move: Protect
|move|p2b: Indeedee|Trick Room|p2b: Indeedee
|-fieldstart|move: Trick Room|[of] p2b: Indeedee
|
|-weather|SunnyDay|[upkeep]
|-heal|p1a: Dondozo|94/100|[from] item: Leftovers
|upkeep
|turn|4
|inactive|Guiltypleasure06 has 30 seconds left.
|
|t:|1756471111
|-terastallize|p2a: Torkoal|Fire
|move|p2b: Indeedee|Helping Hand|p2a: Torkoal
|-singleturn|p2a: Torkoal|Helping Hand|[of] p2b: Indeedee
|move|p1b: Magmar|Follow Me|p1b: Magmar
|-singleturn|p1b: Magmar|move: Follow Me
|move|p2a: Torkoal|Heat Wave|p1b: Magmar|[spread] p1b
|-miss|p2a: Torkoal|p1a: Dondozo
|-resisted|p1b: Magmar
|-damage|p1b: Magmar|27/100
|move|p1a: Dondozo|Liquidation|p2a: Torkoal
|-supereffective|p2a: Torkoal
|-damage|p2a: Torkoal|26/100
|-enditem|p2a: Torkoal|Weakness Policy
|-boost|p2a: Torkoal|atk|2|[from] item: Weakness Policy
|-boost|p2a: Torkoal|spa|2|[from] item: Weakness Policy
|
|-weather|SunnyDay|[upkeep]
|-heal|p1a: Dondozo|100/100|[from] item: Leftovers
|upkeep
|turn|5
|inactive|jeffenveneom has 30 seconds left.
|
|t:|1756471140
|move|p1b: Magmar|Protect|p1b: Magmar
|-singleturn|p1b: Magmar|Protect
|move|p2b: Indeedee|Follow Me|p2b: Indeedee
|-singleturn|p2b: Indeedee|move: Follow Me
|move|p2a: Torkoal|Heat Wave|p1a: Dondozo|[spread] p1a
|-activate|p1b: Magmar|move: Protect
|-resisted|p1a: Dondozo
|-damage|p1a: Dondozo|78/100
|move|p1a: Dondozo|Liquidation|p2b: Indeedee
|-damage|p2b: Indeedee|85/100
|
|-weather|none
|-heal|p1a: Dondozo|85/100|[from] item: Leftovers
|upkeep
|turn|6
|inactive|Guiltypleasure06 has 30 seconds left.
|inactive|jeffenveneom has 30 seconds left.
|
|t:|1756471174
|move|p2b: Indeedee|Helping Hand|p2a: Torkoal
|-singleturn|p2a: Torkoal|Helping Hand|[of] p2b: Indeedee
|move|p2a: Torkoal|Earth Power|p1b: Magmar
|-supereffective|p1b: Magmar
|-damage|p1b: Magmar|0 fnt
|faint|p1b: Magmar
|move|p1a: Dondozo|Liquidation|p2a: Torkoal
|-supereffective|p2a: Torkoal
|-damage|p2a: Torkoal|0 fnt
|faint|p2a: Torkoal
|
|-heal|p1a: Dondozo|91/100|[from] item: Leftovers
|upkeep
|
|t:|1756471188
|switch|p2a: Ursaluna|Ursaluna, L50, F|100/100
|switch|p1b: Rillaboom|Rillaboom, L50, M|100/100
|-fieldstart|move: Grassy Terrain|[from] ability: Grassy Surge|[of] p1b: Rillaboom
|turn|7
|inactive|Guiltypleasure06 has 30 seconds left.
|
|t:|1756471218
|move|p2a: Ursaluna|Protect|p2a: Ursaluna
|-singleturn|p2a: Ursaluna|Protect
|move|p1a: Dondozo|Yawn|p2b: Indeedee
|-start|p2b: Indeedee|move: Yawn|[of] p1a: Dondozo
|move|p2b: Indeedee|Dazzling Gleam|p1b: Rillaboom|[spread] p1a,p1b
|-crit|p1a: Dondozo
|-damage|p1a: Dondozo|75/100
|-damage|p1b: Rillaboom|92/100
|move|p1b: Rillaboom|Wood Hammer|p2a: Ursaluna
|-activate|p2a: Ursaluna|move: Protect
|
|-heal|p1a: Dondozo|82/100|[from] Grassy Terrain
|-heal|p1a: Dondozo|88/100|[from] item: Leftovers
|-heal|p2b: Indeedee|91/100|[from] Grassy Terrain
|-heal|p1b: Rillaboom|98/100|[from] Grassy Terrain
|-fieldend|move: Trick Room
|-status|p2a: Ursaluna|brn|[from] item: Flame Orb
|upkeep
|turn|8
|inactive|Guiltypleasure06 has 30 seconds left.
|inactive|jeffenveneom has 30 seconds left.
|inactive|Guiltypleasure06 has 20 seconds left.
|inactive|jeffenveneom has 20 seconds left.
|inactive|Guiltypleasure06 has 15 seconds left.
|inactive|jeffenveneom has 15 seconds left.
|inactive|jeffenveneom has 10 seconds left.
|
|t:|1756471263
|switch|p1b: Kingambit|Kingambit, L50, M, shiny|15/100
|move|p1a: Dondozo|Protect|p1a: Dondozo
|-singleturn|p1a: Dondozo|Protect
|move|p2b: Indeedee|Follow Me|p2b: Indeedee
|-singleturn|p2b: Indeedee|move: Follow Me
|move|p2a: Ursaluna|Facade|p1b: Kingambit
|-resisted|p1b: Kingambit
|-damage|p1b: Kingambit|0 fnt
|faint|p1b: Kingambit
|
|-heal|p2b: Indeedee|98/100|[from] Grassy Terrain
|-heal|p1a: Dondozo|94/100|[from] Grassy Terrain
|-heal|p1a: Dondozo|99/100|[from] item: Leftovers
|-damage|p2a: Ursaluna|95/100 brn|[from] brn
|-end|p2b: Indeedee|move: Yawn|[silent]
|-status|p2b: Indeedee|slp
|upkeep
|
|t:|1756471279
|switch|p1b: Rillaboom|Rillaboom, L50, M|98/100
|turn|9
|
|t:|1756471288
|move|p1b: Rillaboom|Wood Hammer|p2a: Ursaluna
|-supereffective|p2a: Ursaluna
|-damage|p2a: Ursaluna|0 fnt
|faint|p2a: Ursaluna
|-damage|p1b: Rillaboom|61/100|[from] Recoil
|move|p1a: Dondozo|Liquidation|p2b: Indeedee
|-damage|p2b: Indeedee|62/100 slp
|cant|p2b: Indeedee|slp
|
|-heal|p1b: Rillaboom|67/100|[from] Grassy Terrain
|-heal|p2b: Indeedee|68/100 slp|[from] Grassy Terrain
|-heal|p1a: Dondozo|100/100|[from] Grassy Terrain
|upkeep
|turn|10
|-message|jeffenveneom forfeited.
|
|win|Guiltypleasure06
||jeffenveneom is ready for game 2.
||Guiltypleasure06 is ready for game 2.
|uhtml|next|Next: Game 2 of 3
|l|☆Guiltypleasure06
|player|p1|
|j|☆Guiltypleasure06
|player|p1|Guiltypleasure06|169|
