|j|☆joscake
|j|☆kazaheta
|html|joscakekazaheta    
|uhtml|bestof|Game 2 of a best-of-3
|t:|1783393444
|gametype|doubles
|player|p1|joscake|ethan|
|player|p2|kazaheta|ghetsis|
|gen|9
|tier|[Gen 9 Champions] VGC 2026 Reg M-B (Bo3)
|rule|Species Clause: Limit one of each Pokémon
|rule|Item Clause: Limit 1 of each item
|clearpoke
|poke|p1|Kingambit, L50, F|
|poke|p1|Charizard, L50, F|
|poke|p1|Aerodactyl, L50, F|
|poke|p1|Sylveon, L50, F|
|poke|p1|Farigiraf, L50, M|
|poke|p1|Garchomp, L50, F|
|poke|p2|Metagross, L50, shiny|
|poke|p2|Sinistcha, L50|
|poke|p2|Scrafty, L50, F|
|poke|p2|Tyranitar, L50, F|
|poke|p2|Whimsicott, L50, F|
|poke|p2|Farigiraf, L50, M|
|teampreview|4
|showteam|p1|Kingambit||FocusSash|Defiant|KowtowCleave,IronHead,LowKick,SuckerPunch|Adamant||F|||50|]Charizard||CharizarditeY|Blaze|HeatWave,WeatherBall,SolarBeam,Protect|Timid||F|||50|]Aerodactyl||Aerodactylite|Unnerve|DualWingbeat,RockSlide,Tailwind,IceFang|Jolly||F|||50|]Sylveon||FairyFeather|Pixilate|Protect,HyperVoice,HyperBeam,QuickAttack|Sassy||F|||50|]Farigiraf||SitrusBerry|ArmorTail|TwinBeam,Thunderbolt,TrickRoom,GrassKnot|Quiet||M|||50|]Garchomp||LifeOrb|RoughSkin|Protect,Earthquake,StompingTantrum,DragonClaw|Jolly||F|||50|
|showteam|p2|Metagross||Metagrossite|ClearBody|IcePunch,Protect,IronHead,PsychicFangs|Jolly|||||50|]Sinistcha||Leftovers|Hospitality|MatchaGotcha,Protect,StrengthSap,LifeDew|Bold|||||50|]Scrafty||RoseliBerry|Intimidate|Coaching,Detect,FakeOut,FoulPlay|Careful||F|||50|]Tyranitar||Tyranitarite|SandStream|RockSlide,Crunch,StompingTantrum,Protect|Jolly||F|||50|]Whimsicott||FocusSash|Prankster|Tailwind,WorrySeed,StunSpore,Moonblast|Bold||F|||50|]Farigiraf||SitrusBerry|ArmorTail|HyperVoice,Protect,TwinBeam,HelpingHand|Calm||M|||50|
|
|t:|1783393535
|teamsize|p1|4
|teamsize|p2|4
|start
|switch|p1a: Farigiraf|Farigiraf, L50, M|100/100
|switch|p1b: Kingambit|Kingambit, L50, F|100/100
|switch|p2a: Tyranitar|Tyranitar, L50, F|100/100
|switch|p2b: Scrafty|Scrafty, L50, F|100/100
|-weather|Sandstorm|[from] ability: Sand Stream|[of] p2a: Tyranitar
|-ability|p2b: Scrafty|Intimidate|boost
|-unboost|p1a: Farigiraf|atk|1
|-unboost|p1b: Kingambit|atk|1
|-ability|p1b: Kingambit|Defiant|boost
|-boost|p1b: Kingambit|atk|2
|turn|1
|
|t:|1783393563
|move|p2a: Tyranitar|Protect|p2a: Tyranitar
|-singleturn|p2a: Tyranitar|Protect
|move|p2b: Scrafty|Coaching|p2a: Tyranitar
|-boost|p2a: Tyranitar|atk|1
|-boost|p2a: Tyranitar|def|1
|move|p1b: Kingambit|Low Kick|p2a: Tyranitar
|-activate|p2a: Tyranitar|move: Protect
|move|p1a: Farigiraf|Trick Room|p1a: Farigiraf
|-fieldstart|move: Trick Room|[of] p1a: Farigiraf
|
|-weather|Sandstorm|[upkeep]
|-damage|p1a: Farigiraf|93/100|[from] Sandstorm
|-damage|p2b: Scrafty|94/100|[from] Sandstorm
|upkeep
|turn|2
|
|t:|1783393584
|move|p1b: Kingambit|Low Kick|p2a: Tyranitar
|-supereffective|p2a: Tyranitar|2
|-damage|p2a: Tyranitar|0 fnt
|faint|p2a: Tyranitar
|move|p1a: Farigiraf|Thunderbolt|p2b: Scrafty
|-damage|p2b: Scrafty|70/100
|-status|p2b: Scrafty|par
|move|p2b: Scrafty|Coaching|p2: Tyranitar|[notarget]
|-fail|p2b: Scrafty
|
|-weather|Sandstorm|[upkeep]
|-damage|p2b: Scrafty|64/100 par|[from] Sandstorm
|-damage|p1a: Farigiraf|87/100|[from] Sandstorm
|upkeep
|
|t:|1783393591
|switch|p2a: Metagross|Metagross, L50, shiny|100/100
|turn|3
|
|t:|1783393614
|detailschange|p2a: Metagross|Metagross-Mega, L50, shiny
|-mega|p2a: Metagross|Metagross|Metagrossite
|move|p2b: Scrafty|Foul Play|p1b: Kingambit
|-resisted|p1b: Kingambit|1
|-damage|p1b: Kingambit|70/100
|move|p1b: Kingambit|Kowtow Cleave|p2a: Metagross
|-supereffective|p2a: Metagross|1
|-crit|p2a: Metagross
|-damage|p2a: Metagross|0 fnt
|faint|p2a: Metagross
|move|p1a: Farigiraf|Thunderbolt|p2b: Scrafty
|-damage|p2b: Scrafty|41/100 par
|
|-weather|Sandstorm|[upkeep]
|-damage|p2b: Scrafty|35/100 par|[from] Sandstorm
|-damage|p1a: Farigiraf|81/100|[from] Sandstorm
|upkeep
|
|t:|1783393625
|switch|p2a: Sinistcha|Sinistcha, L50|100/100
|-heal|p2b: Scrafty|60/100 par|[from] ability: Hospitality|[of] p2a: Sinistcha
|turn|4
|
|t:|1783393640
|move|p2a: Sinistcha|Protect|p2a: Sinistcha
|-singleturn|p2a: Sinistcha|Protect
|move|p2b: Scrafty|Foul Play|p1b: Kingambit
|-resisted|p1b: Kingambit|1
|-damage|p1b: Kingambit|40/100
|move|p1b: Kingambit|Low Kick|p2b: Scrafty
|-supereffective|p2b: Scrafty|1
|-damage|p2b: Scrafty|4/100 par
|move|p1a: Farigiraf|Thunderbolt|p2b: Scrafty
|-damage|p2b: Scrafty|0 fnt
|faint|p2b: Scrafty
|
|-weather|Sandstorm|[upkeep]
|-damage|p1a: Farigiraf|75/100|[from] Sandstorm
|-damage|p2a: Sinistcha|93/100|[from] Sandstorm
|-heal|p2a: Sinistcha|100/100|[from] item: Leftovers
|upkeep
|turn|5
|
|t:|1783393659
|move|p1b: Kingambit|Kowtow Cleave|p2a: Sinistcha
|-supereffective|p2a: Sinistcha|1
|-damage|p2a: Sinistcha|0 fnt
|faint|p2a: Sinistcha
|
|win|joscake
|l|☆kazaheta
|player|p2|
|c|☆joscake|gg
