|j|☆tt/el.glenko
|j|☆Okari958
|html|tt/el.glenkoOkari958    
|uhtml|bestof|Game 2 of a best-of-3
|t:|1782611983
|gametype|doubles
|player|p1|tt/el.glenko|102|
|player|p2|Okari958|lass-gen4dp|
|gen|9
|tier|[Gen 9 Champions] VGC 2026 Reg M-B (Bo3)
|rule|Species Clause: Limit one of each Pokémon
|rule|Item Clause: Limit 1 of each item
|clearpoke
|poke|p1|Klefki, L50, F|
|poke|p1|Swampert, L50, M|
|poke|p1|Pelipper, L50, M|
|poke|p1|Gholdengo, L50|
|poke|p1|Maushold-Four, L50|
|poke|p1|Metagross, L50|
|poke|p2|Floette-Eternal, L50, F|
|poke|p2|Charizard, L50, M|
|poke|p2|Whimsicott, L50, F|
|poke|p2|Garchomp, L50, M|
|poke|p2|Basculegion, L50, M|
|poke|p2|Kangaskhan, L50, F|
|teampreview|4
|showteam|p1|Klefki||LightClay|Prankster|RainDance,LightScreen,Reflect,DazzlingGleam|Bold||F|||50|]Swampert||Swampertite|Damp|HighHorsepower,RockSlide,Protect,WaveCrash|Adamant||M|||50|]Pelipper||FocusSash|Drizzle|Tailwind,WeatherBall,Hurricane,WideGuard|Modest||M|||50|]Gholdengo||LifeOrb|GoodasGold|MakeItRain,ShadowBall,NastyPlot,Protect|Modest|||||50|]Maushold-Four||SitrusBerry|FriendGuard|SuperFang,FollowMe,Protect,Feint|Jolly|||||50|]Metagross||Metagrossite|ClearBody|IronHead,PsychicFangs,StompingTantrum,Protect|Serious|||||50|
|showteam|p2|Floette-Eternal||Floettite|FlowerVeil|Moonblast,DazzlingGleam,LightofRuin,Protect|Modest||F|||50|]Charizard||CharizarditeY|Blaze|HeatWave,WeatherBall,SolarBeam,Protect|Modest||M|||50|]Whimsicott||FocusSash|Prankster|Moonblast,Encore,Tailwind,Protect|Timid||F|||50|]Garchomp||LifeOrb|RoughSkin|DragonClaw,StompingTantrum,PoisonJab,RockSlide|Jolly||M|||50|]Basculegion||MysticWater|Adaptability|WaveCrash,LastRespects,AquaJet,Protect|Adamant||M|||50|]Kangaskhan||SilkScarf|Scrappy|FakeOut,LastResort|Brave||F|||50|
|
|t:|1782612030
|teamsize|p1|4
|teamsize|p2|4
|start
|switch|p1a: Klefki|Klefki, L50, F|100/100
|switch|p1b: Swampert|Swampert, L50, M|100/100
|switch|p2a: Kangaskhan|Kangaskhan, L50, F|100/100
|switch|p2b: Garchomp|Garchomp, L50, M|100/100
|turn|1
|
|t:|1782612077
|move|p1b: Swampert|Protect|p1b: Swampert
|-singleturn|p1b: Swampert|Protect
|move|p2a: Kangaskhan|Fake Out|p1a: Klefki
|-resisted|p1a: Klefki|1
|-damage|p1a: Klefki|89/100
|cant|p1a: Klefki|flinch
|move|p2b: Garchomp|Stomping Tantrum|p1a: Klefki
|-supereffective|p1a: Klefki|1
|-damage|p1a: Klefki|0 fnt
|faint|p1a: Klefki
|-damage|p2b: Garchomp|90/100|[from] item: Life Orb
|
|upkeep
|
|t:|1782612095
|switch|p1a: Maushold|Maushold-Four, L50|100/100
|turn|2
|
|t:|1782612115
|detailschange|p1b: Swampert|Swampert-Mega, L50, M
|-mega|p1b: Swampert|Swampert|Swampertite
|move|p1a: Maushold|Feint|p2b: Garchomp
|-damage|p2b: Garchomp|81/100
|move|p2b: Garchomp|Dragon Claw|p1b: Swampert
|-damage|p1b: Swampert|65/100
|-damage|p2b: Garchomp|72/100|[from] item: Life Orb
|move|p1b: Swampert|Wave Crash|p2b: Garchomp
|-damage|p2b: Garchomp|0 fnt
|-damage|p1b: Swampert|53/100|[from] ability: Rough Skin|[of] p2b: Garchomp
|faint|p2b: Garchomp
|-damage|p1b: Swampert|28/100|[from] Recoil
|move|p2a: Kangaskhan|Last Resort|p1b: Swampert
|-damage|p1b: Swampert|0 fnt
|faint|p1b: Swampert
|
|upkeep
|
|t:|1782612131
|switch|p2b: Charizard|Charizard, L50, M|100/100
|switch|p1b: Gholdengo|Gholdengo, L50|100/100
|turn|3
|
|t:|1782612148
|detailschange|p2b: Charizard|Charizard-Mega-Y, L50, M
|-mega|p2b: Charizard|Charizard|Charizardite Y
|-weather|SunnyDay|[from] ability: Drought|[of] p2b: Charizard
|move|p1a: Maushold|Super Fang|p2b: Charizard
|-damage|p2b: Charizard|50/100g
|move|p1b: Gholdengo|Shadow Ball|p2b: Charizard
|-damage|p2b: Charizard|0 fnt
|faint|p2b: Charizard
|-damage|p1b: Gholdengo|90/100|[from] item: Life Orb
|move|p2a: Kangaskhan|Last Resort|p1a: Maushold
|-damage|p1a: Maushold|0 fnt
|faint|p1a: Maushold
|
|-weather|SunnyDay|[upkeep]
|upkeep
|
|t:|1782612160
|switch|p2b: Basculegion|Basculegion, L50, M|100/100
|turn|4
|
|t:|1782612184
|move|p2b: Basculegion|Protect|p2b: Basculegion
|-singleturn|p2b: Basculegion|Protect
|move|p1b: Gholdengo|Shadow Ball|p2b: Basculegion
|-activate|p2b: Basculegion|move: Protect
|move|p2a: Kangaskhan|Last Resort|p1b: Gholdengo
|-resisted|p1b: Gholdengo|1
|-damage|p1b: Gholdengo|49/100
|
|-weather|SunnyDay|[upkeep]
|upkeep
|turn|5
|
|t:|1782612197
|move|p2b: Basculegion|Aqua Jet|p1b: Gholdengo
|-damage|p1b: Gholdengo|30/100
|move|p1b: Gholdengo|Shadow Ball|p2b: Basculegion
|-supereffective|p2b: Basculegion|1
|-damage|p2b: Basculegion|0 fnt
|faint|p2b: Basculegion
|-damage|p1b: Gholdengo|20/100y|[from] item: Life Orb
|move|p2a: Kangaskhan|Last Resort|p1b: Gholdengo
|-resisted|p1b: Gholdengo|1
|-damage|p1b: Gholdengo|0 fnt
|faint|p1b: Gholdengo
|
|win|Okari958
|inactive|tt/el.glenko has 30 seconds to confirm battle start!
|inactive|Okari958 has 30 seconds to confirm battle start!
||Okari958 is ready for game 3.
|inactive|tt/el.glenko has 20 seconds to confirm battle start!
|inactive|tt/el.glenko has 10 seconds to confirm battle start!
|uhtml|next|Next: Game 3 of 3
