|j|вҳҶbcoffey1010
|j|вҳҶaliciadoors
|html|bcoffey1010aliciadoors    
|uhtml|bestof|Game 1 of a best-of-3
|t:|1757781838
|gametype|doubles
|player|p1|bcoffey1010|101|1341
|player|p2|aliciadoors|jasmine|1419
|gen|9
|tier|[Gen 9] VGC 2025 Reg H (Bo3)
|rated|
|rule|Species Clause: Limit one of each PokГ©mon
|rule|Item Clause: Limit 1 of each item
|clearpoke
|poke|p1|Indeedee-F, L50, F|
|poke|p1|Hatterene, L50, F|
|poke|p1|Gallade, L50, M|
|poke|p1|Ursaluna, L50, M|
|poke|p1|Lilligant-Hisui, L50, F|
|poke|p1|Torkoal, L50, M|
|poke|p2|Tyranitar, L50, F|
|poke|p2|Excadrill, L50, M|
|poke|p2|Corviknight, L50, F|
|poke|p2|Indeedee, L50, M|
|poke|p2|Sneasler, L50, M|
|poke|p2|Archaludon, L50, M|
|teampreview|4
|showteam|p1|Indeedee-F||PsychicSeed|PsychicSurge|TrickRoom,FollowMe,HelpingHand,DazzlingGleam|||F|||50|,,,,,Fire]Hatterene||LifeOrb|MagicBounce|ExpandingForce,TrickRoom,DazzlingGleam,Protect|||F|||50|,,,,,Psychic]Gallade||ClearAmulet|Sharpness|PsychoCut,TrickRoom,SacredSword,WideGuard|||M|||50|,,,,,Grass]Ursaluna||FlameOrb|Guts|HeadlongRush,Facade,SwordsDance,Protect|||M|||50|,,,,,Ghost]Lilligant-Hisui||FocusSash|Chlorophyll|SolarBlade,SleepPowder,CloseCombat,AfterYou|||F|||50|,,,,,Ghost]Torkoal||ChoiceSpecs|Drought|Eruption,HeatWave,WeatherBall,EarthPower|||M|||50|,,,,,Fire
|showteam|p2|Tyranitar||AssaultVest|SandStream|RockSlide,KnockOff,TeraBlast,LowKick|||F|||50|,,,,,Flying]Excadrill||FocusSash|SandRush|Earthquake,HighHorsepower,IronHead,Protect|||M|||50|,,,,,Ground]Corviknight||SitrusBerry|MirrorArmor|BraveBird,Tailwind,BulkUp,Roost|||F|||50|,,,,,Dragon]Indeedee||ChoiceScarf|PsychicSurge|ExpandingForce,TeraBlast,Trick,Protect|||M|||50|,,,,,Psychic]Sneasler||PsychicSeed|Unburden|CloseCombat,DireClaw,ThroatChop,Protect|||M|||50|,,,,,Stellar]Archaludon||PowerHerb|Sturdy|FlashCannon,DracoMeteor,ElectroShot,Protect|||M|||50|,,,,,Stellar
|inactive|Battle timer is ON: inactive players will automatically lose when time's up. (requested by aliciadoors)
|inactive|aliciadoors has 60 seconds left.
|
|t:|1757781889
|teamsize|p1|4
|teamsize|p2|4
|start
|switch|p1a: зҙ«з«Ҫи¶…еҸҜж„ӣ|Indeedee-F, L50, F, shiny|100/100
|switch|p1b: зҙ«з«ҪиҰӘиЎӣйҡҠ|Gallade, L50, M, shiny|100/100
|switch|p2a: Excadrill|Excadrill, L50, M|100/100
|switch|p2b: Archaludon|Archaludon, L50, M|100/100
|-fieldstart|move: Psychic Terrain|[from] ability: Psychic Surge|[of] p1a: зҙ«з«Ҫи¶…еҸҜж„ӣ
|-enditem|p1a: зҙ«з«Ҫи¶…еҸҜж„ӣ|Psychic Seed
|-boost|p1a: зҙ«з«Ҫи¶…еҸҜж„ӣ|spd|1|[from] item: Psychic Seed
|turn|1
|inactive|aliciadoors has 30 seconds left.
|
|t:|1757781915
|switch|p2b: Corviknight|Corviknight, L50, F|100/100
|-terastallize|p1b: зҙ«з«ҪиҰӘиЎӣйҡҠ|Grass
|move|p1a: зҙ«з«Ҫи¶…еҸҜж„ӣ|Follow Me|p1a: зҙ«з«Ҫи¶…еҸҜж„ӣ
|-singleturn|p1a: зҙ«з«Ҫи¶…еҸҜж„ӣ|move: Follow Me
|move|p2a: Excadrill|Earthquake|p1a: зҙ«з«Ҫи¶…еҸҜж„ӣ|[spread] p1a,p1b
|-immune|p2b: Corviknight
|-resisted|p1b: зҙ«з«ҪиҰӘиЎӣйҡҠ
|-damage|p1a: зҙ«з«Ҫи¶…еҸҜж„ӣ|56/100
|-damage|p1b: зҙ«з«ҪиҰӘиЎӣйҡҠ|68/100
|move|p1b: зҙ«з«ҪиҰӘиЎӣйҡҠ|Trick Room|p1b: зҙ«з«ҪиҰӘиЎӣйҡҠ
|-fieldstart|move: Trick Room|[of] p1b: зҙ«з«ҪиҰӘиЎӣйҡҠ
|
|upkeep
|turn|2
|inactive|aliciadoors has 30 seconds left.
|
|t:|1757781948
|move|p1b: зҙ«з«ҪиҰӘиЎӣйҡҠ|Sacred Sword|p2a: Excadrill
|-supereffective|p2a: Excadrill
|-enditem|p2a: Excadrill|Focus Sash
|-damage|p2a: Excadrill|1/100
|move|p1a: зҙ«з«Ҫи¶…еҸҜж„ӣ|Dazzling Gleam|p2b: Corviknight|[spread] p2a,p2b
|-resisted|p2a: Excadrill
|-resisted|p2b: Corviknight
|-damage|p2a: Excadrill|0 fnt
|-damage|p2b: Corviknight|96/100
|faint|p2a: Excadrill
|move|p2b: Corviknight|Brave Bird|p1b: зҙ«з«ҪиҰӘиЎӣйҡҠ
|-supereffective|p1b: зҙ«з«ҪиҰӘиЎӣйҡҠ
|-damage|p1b: зҙ«з«ҪиҰӘиЎӣйҡҠ|0 fnt
|faint|p1b: зҙ«з«ҪиҰӘиЎӣйҡҠ
|-damage|p2b: Corviknight|77/100|[from] Recoil
|
|upkeep
|
|t:|1757781961
|switch|p1b: еӨӘжЁӮе·ҙжҲҲж–Ҝ|Torkoal, L50, M, shiny|100/100
|switch|p2a: Archaludon|Archaludon, L50, M|100/100
|-weather|SunnyDay|[from] ability: Drought|[of] p1b: еӨӘжЁӮе·ҙжҲҲж–Ҝ
|turn|3
|inactive|aliciadoors has 30 seconds left.
|
|t:|1757781986
|switch|p2a: Tyranitar|Tyranitar, L50, F|100/100
|-weather|Sandstorm|[from] ability: Sand Stream|[of] p2a: Tyranitar
|-terastallize|p2b: Corviknight|Dragon
|move|p1b: еӨӘжЁӮе·ҙжҲҲж–Ҝ|Eruption|p2a: Tyranitar|[spread] p2a,p2b
|-resisted|p2a: Tyranitar
|-resisted|p2b: Corviknight
|-damage|p2a: Tyranitar|86/100
|-damage|p2b: Corviknight|52/100
|move|p1a: зҙ«з«Ҫи¶…еҸҜж„ӣ|Dazzling Gleam|p2a: Tyranitar|[spread] p2a,p2b
|-supereffective|p2a: Tyranitar
|-supereffective|p2b: Corviknight
|-damage|p2a: Tyranitar|74/100
|-damage|p2b: Corviknight|34/100
|-enditem|p2b: Corviknight|Sitrus Berry|[eat]
|-heal|p2b: Corviknight|59/100|[from] item: Sitrus Berry
|move|p2b: Corviknight|Roost|p2b: Corviknight
|-heal|p2b: Corviknight|100/100
|
|-weather|Sandstorm|[upkeep]
|-damage|p1b: еӨӘжЁӮе·ҙжҲҲж–Ҝ|94/100|[from] Sandstorm
|-damage|p1a: зҙ«з«Ҫи¶…еҸҜж„ӣ|50/100|[from] Sandstorm
|-damage|p2b: Corviknight|95/100|[from] Sandstorm
|upkeep
|turn|4
|inactive|bcoffey1010 has 30 seconds left.
|inactive|aliciadoors has 30 seconds left.
|inactive|bcoffey1010 has 20 seconds left.
|inactive|aliciadoors has 20 seconds left.
|inactive|bcoffey1010 has 15 seconds left.
|inactive|bcoffey1010 has 10 seconds left.
|
|t:|1757782033
|switch|p1b: зҙ«з«Ҫж•ІеҸҜж„ӣ|Hatterene, L50, F, shiny|100/100
|move|p2a: Tyranitar|Knock Off|p1b: зҙ«з«Ҫж•ІеҸҜж„ӣ
|-damage|p1b: зҙ«з«Ҫж•ІеҸҜж„ӣ|42/100
|-enditem|p1b: зҙ«з«Ҫж•ІеҸҜж„ӣ|Life Orb|[from] move: Knock Off|[of] p2a: Tyranitar
|move|p1a: зҙ«з«Ҫи¶…еҸҜж„ӣ|Dazzling Gleam|p2a: Tyranitar|[spread] p2a,p2b
|-supereffective|p2a: Tyranitar
|-supereffective|p2b: Corviknight
|-damage|p2a: Tyranitar|64/100
|-damage|p2b: Corviknight|74/100
|move|p2b: Corviknight|Brave Bird|p1b: зҙ«з«Ҫж•ІеҸҜж„ӣ
|-damage|p1b: зҙ«з«Ҫж•ІеҸҜж„ӣ|0 fnt
|faint|p1b: зҙ«з«Ҫж•ІеҸҜж„ӣ
|-damage|p2b: Corviknight|63/100|[from] Recoil
|
|-weather|Sandstorm|[upkeep]
|-damage|p1a: зҙ«з«Ҫи¶…еҸҜж„ӣ|44/100|[from] Sandstorm
|-damage|p2b: Corviknight|57/100|[from] Sandstorm
|upkeep
|
|t:|1757782035
|switch|p1b: еӨӘжЁӮе·ҙжҲҲж–Ҝ|Torkoal, L50, M, shiny|94/100
|-weather|SunnyDay|[from] ability: Drought|[of] p1b: еӨӘжЁӮе·ҙжҲҲж–Ҝ
|turn|5
|
|t:|1757782044
|move|p1a: зҙ«з«Ҫи¶…еҸҜж„ӣ|Helping Hand|p1b: еӨӘжЁӮе·ҙжҲҲж–Ҝ
|-singleturn|p1b: еӨӘжЁӮе·ҙжҲҲж–Ҝ|Helping Hand|[of] p1a: зҙ«з«Ҫи¶…еҸҜж„ӣ
|move|p1b: еӨӘжЁӮе·ҙжҲҲж–Ҝ|Eruption|p2b: Corviknight|[spread] p2a,p2b
|-resisted|p2a: Tyranitar
|-resisted|p2b: Corviknight
|-damage|p2a: Tyranitar|17/100
|-damage|p2b: Corviknight|4/100
|move|p2a: Tyranitar|Rock Slide|p1a: зҙ«з«Ҫи¶…еҸҜж„ӣ|[spread] p1b
|-miss|p2a: Tyranitar|p1a: зҙ«з«Ҫи¶…еҸҜж„ӣ
|-supereffective|p1b: еӨӘжЁӮе·ҙжҲҲж–Ҝ
|-damage|p1b: еӨӘжЁӮе·ҙжҲҲж–Ҝ|43/100
|move|p2b: Corviknight|Roost|p2b: Corviknight
|-heal|p2b: Corviknight|54/100
|
|-weather|SunnyDay|[upkeep]
|-fieldend|move: Trick Room
|-fieldend|move: Psychic Terrain
|upkeep
|turn|6
|
|t:|1757782058
|move|p2b: Corviknight|Brave Bird|p1a: зҙ«з«Ҫи¶…еҸҜж„ӣ
|-damage|p1a: зҙ«з«Ҫи¶…еҸҜж„ӣ|8/100
|-damage|p2b: Corviknight|44/100|[from] Recoil
|move|p1a: зҙ«з«Ҫи¶…еҸҜж„ӣ|Dazzling Gleam|p2b: Corviknight|[spread] p2a,p2b
|-supereffective|p2a: Tyranitar
|-supereffective|p2b: Corviknight
|-damage|p2a: Tyranitar|3/100
|-damage|p2b: Corviknight|25/100
|move|p2a: Tyranitar|Rock Slide|p1a: зҙ«з«Ҫи¶…еҸҜж„ӣ|[spread] p1a,p1b
|-supereffective|p1b: еӨӘжЁӮе·ҙжҲҲж–Ҝ
|-damage|p1a: зҙ«з«Ҫи¶…еҸҜж„ӣ|0 fnt
|-damage|p1b: еӨӘжЁӮе·ҙжҲҲж–Ҝ|0 fnt
|faint|p1a: зҙ«з«Ҫи¶…еҸҜж„ӣ
|faint|p1b: еӨӘжЁӮе·ҙжҲҲж–Ҝ
|
|win|aliciadoors
|l|вҳҶbcoffey1010
|player|p1|
|inactive|bcoffey1010 has 30 seconds to confirm battle start!
|inactive|aliciadoors has 30 seconds to confirm battle start!
||aliciadoors is ready for game 2.
|inactive|bcoffey1010 has 20 seconds to confirm battle start!
|inactive|bcoffey1010 has 10 seconds to confirm battle start!
|uhtml|next|Next: Game 2 of 3
