|j|☆SeymoursLeftToeVGC
|j|☆RisottoVenere
|html|SeymoursLeftToeVGCRisottoVenere    
|uhtml|bestof|Game 1 of a best-of-3
|t:|1783088244
|gametype|doubles
|player|p1|SeymoursLeftToeVGC|ninjaboy|1141
|player|p2|RisottoVenere|265|1157
|gen|9
|tier|[Gen 9 Champions] VGC 2026 Reg M-B (Bo3)
|rated|
|rule|Species Clause: Limit one of each Pokémon
|rule|Item Clause: Limit 1 of each item
|clearpoke
|poke|p1|Farigiraf, L50, M, shiny|
|poke|p1|Tyranitar, L50, F, shiny|
|poke|p1|Excadrill, L50, F, shiny|
|poke|p1|Basculegion, L50, M, shiny|
|poke|p1|Clefable, L50, M, shiny|
|poke|p1|Whimsicott, L50, F, shiny|
|poke|p2|Gholdengo, L50|
|poke|p2|Incineroar, L50, M|
|poke|p2|Basculegion, L50, M|
|poke|p2|Garchomp, L50, M|
|poke|p2|Charizard, L50, F|
|poke|p2|Whimsicott, L50, M|
|teampreview|4
|showteam|p1|Farigiraf||SitrusBerry|ArmorTail|HyperVoice,TwinBeam,Protect,HelpingHand|Modest||M|||50|]Tyranitar||Tyranitarite|SandStream|RockSlide,Protect,DragonDance,KnockOff|Adamant||F|||50|]Excadrill||FocusSash|SandRush|Earthquake,IronHead,Protect,HighHorsepower|Adamant||F|||50|]Basculegion||LifeOrb|Adaptability|Protect,IceFang,WaveCrash,LastRespects|Adamant||M|||50|]Clefable||Clefablite|Unaware|GrassKnot,Protect,FollowMe,Moonblast|Modest||M|||50|]Whimsicott||MentalHerb|Prankster|Moonblast,Protect,Tailwind,Encore|Calm||F|||50|
|showteam|p2|Gholdengo||SpellTag|GoodasGold|MakeItRain,ShadowBall,NastyPlot,Protect|Modest|||||50|]Incineroar||SitrusBerry|Intimidate|PartingShot,FlareBlitz,ThroatChop,FakeOut|Impish||M|||50|]Basculegion||ChoiceScarf|Adaptability|WaveCrash,LastRespects,AquaJet,FlipTurn|Jolly||M|||50|]Garchomp||LifeOrb|RoughSkin|Earthquake,DragonClaw,RockSlide,Protect|Jolly||M|||50|]Charizard||CharizarditeY|Blaze|HeatWave,SolarBeam,WeatherBall,Protect|Modest||F|||50|]Whimsicott||FocusSash|Prankster|Tailwind,Encore,Moonblast,Protect|Timid||M|||50|
|inactive|Battle timer is ON: inactive players will automatically lose when time's up. (requested by SeymoursLeftToeVGC)
|inactive|SeymoursLeftToeVGC has 60 seconds left.
|inactive|SeymoursLeftToeVGC has 30 seconds left.
|inactive|SeymoursLeftToeVGC has 20 seconds left.
|
|t:|1783088317
|teamsize|p1|4
|teamsize|p2|4
|start
|switch|p1a: Basculegion|Basculegion, L50, M, shiny|100/100
|switch|p1b: Clefable|Clefable, L50, M, shiny|100/100
|switch|p2a: Incineroar|Incineroar, L50, M|100/100
|switch|p2b: Garchomp|Garchomp, L50, M|100/100
|-ability|p2a: Incineroar|Intimidate|boost
|-unboost|p1a: Basculegion|atk|1
|-unboost|p1b: Clefable|atk|1
|turn|1
|inactive|SeymoursLeftToeVGC has 30 seconds left.
|
|t:|1783088352
|move|p2b: Garchomp|Protect|p2b: Garchomp
|-singleturn|p2b: Garchomp|Protect
|move|p1b: Clefable|Protect|p1b: Clefable
|-singleturn|p1b: Clefable|Protect
|move|p1a: Basculegion|Ice Fang|p2b: Garchomp
|-activate|p2b: Garchomp|move: Protect
|move|p2a: Incineroar|Parting Shot|p1b: Clefable
|-activate|p1b: Clefable|move: Protect
|
|upkeep
|turn|2
|
|t:|1783088368
|switch|p2b: Whimsicott|Whimsicott, L50, M|100/100
|detailschange|p1b: Clefable|Clefable-Mega, L50, M, shiny
|-mega|p1b: Clefable|Clefable|Clefablite
|move|p1a: Basculegion|Wave Crash|p2a: Incineroar
|-supereffective|p2a: Incineroar|1
|-damage|p2a: Incineroar|0 fnt
|faint|p2a: Incineroar
|-damage|p1a: Basculegion|68/100|[from] Recoil
|-damage|p1a: Basculegion|59/100|[from] item: Life Orb
|move|p1b: Clefable|Moonblast|p2b: Whimsicott
|-damage|p2b: Whimsicott|16/100
|
|upkeep
|
|t:|1783088385
|switch|p2a: Basculegion|Basculegion, L50, M|100/100
|turn|3
|
|t:|1783088404
|move|p1b: Clefable|Follow Me|p1b: Clefable
|-singleturn|p1b: Clefable|move: Follow Me
|move|p2a: Basculegion|Last Respects|p1b: Clefable
|-crit|p1b: Clefable
|-damage|p1b: Clefable|20/100y
|move|p2b: Whimsicott|Moonblast|p1b: Clefable
|-damage|p1b: Clefable|0 fnt
|faint|p1b: Clefable
|move|p1a: Basculegion|Last Respects|p2a: Basculegion
|-supereffective|p2a: Basculegion|1
|-damage|p2a: Basculegion|0 fnt
|faint|p2a: Basculegion
|-damage|p1a: Basculegion|49/100|[from] item: Life Orb
|
|upkeep
|
|t:|1783088417
|switch|p2a: Garchomp|Garchomp, L50, M|100/100
|switch|p1b: Excadrill|Excadrill, L50, F, shiny|100/100
|turn|4
|
|t:|1783088426
|switch|p1a: Tyranitar|Tyranitar, L50, F, shiny|100/100
|-weather|Sandstorm|[from] ability: Sand Stream|[of] p1a: Tyranitar
|move|p2b: Whimsicott|Tailwind|p2b: Whimsicott
|-sidestart|p2: RisottoVenere|move: Tailwind
|move|p2a: Garchomp|Earthquake|p1b: Excadrill|[spread] p2b,p1a,p1b
|-resisted|p2b: Whimsicott|1
|-supereffective|p1a: Tyranitar|1
|-supereffective|p1b: Excadrill|1
|-damage|p2b: Whimsicott|0 fnt
|-damage|p1a: Tyranitar|15/100
|-enditem|p1b: Excadrill|Focus Sash
|-damage|p1b: Excadrill|1/100
|faint|p2b: Whimsicott
|-damage|p2a: Garchomp|90/100|[from] item: Life Orb
|move|p1b: Excadrill|Iron Head|p2a: Garchomp
|-damage|p2a: Garchomp|41/100
|-damage|p1b: Excadrill|0 fnt|[from] ability: Rough Skin|[of] p2a: Garchomp
|faint|p1b: Excadrill
|
|-weather|Sandstorm|[upkeep]
|upkeep
|
|t:|1783088443
|switch|p1b: Basculegion|Basculegion, L50, M, shiny|49/100
|turn|5
|
|t:|1783088455
|move|p2a: Garchomp|Earthquake|p1b: Basculegion|[spread] p1a,p1b
|-supereffective|p1a: Tyranitar|1
|-damage|p1a: Tyranitar|0 fnt
|-damage|p1b: Basculegion|0 fnt
|faint|p1a: Tyranitar
|faint|p1b: Basculegion
|-damage|p2a: Garchomp|31/100|[from] item: Life Orb
|
|win|RisottoVenere
