|j|☆IcedOutObama
|j|☆repete64
|html|IcedOutObamarepete64    
|uhtml|bestof|Game 1 of a best-of-3
|t:|1757108066
|gametype|doubles
|player|p1|IcedOutObama|skier|1147
|player|p2|repete64|1|1120
|gen|9
|tier|[Gen 9] VGC 2025 Reg H (Bo3)
|rated|
|rule|Species Clause: Limit one of each Pokémon
|rule|Item Clause: Limit 1 of each item
|clearpoke
|poke|p1|Murkrow, L50, M|
|poke|p1|Abomasnow, L50, M|
|poke|p1|Indeedee, L50, M|
|poke|p1|Sneasler, L50, M|
|poke|p1|Gholdengo, L50|
|poke|p1|Basculegion, L50, M|
|poke|p2|Espathra, L50, F|
|poke|p2|Indeedee, L50, M|
|poke|p2|Drifblim, L50, M|
|poke|p2|Amoonguss, L50, M|
|poke|p2|Arcanine-Hisui, L50, F|
|poke|p2|Milotic, L50, F|
|teampreview|4
|showteam|p1|Murkrow||Eviolite|Prankster|FoulPlay,Tailwind,Haze,Protect|||M|||50|,,,,,Ghost]Abomasnow||AssaultVest|SnowWarning|Blizzard,LeafStorm,EarthPower,WeatherBall|||M|||50|,,,,,Fire]Indeedee||FocusSash|PsychicSurge|ExpandingForce,TeraBlast,Imprison,TrickRoom|||M|||50|,,,,,Fighting]Sneasler||PsychicSeed|Unburden|DireClaw,CloseCombat,ThroatChop,Protect|||M|||50|,,,,,Dark]Gholdengo||LifeOrb|GoodasGold|MakeItRain,ShadowBall,NastyPlot,Protect||||||50|,,,,,Steel]Basculegion||ChoiceScarf|Adaptability|WaveCrash,LastRespects,AquaJet,FlipTurn|||M|||50|,,,,,Grass
|showteam|p2|Espathra||FocusSash|SpeedBoost|Hypnosis,LuminaCrash,Protect,DazzlingGleam|||F|||50|,,,,,Fairy]Indeedee||MentalHerb|PsychicSurge|ExpandingForce,Gravity,Encore,Protect|||M|||50|,,,,,Fairy]Drifblim||PsychicSeed|Unburden|Hypnosis,Tailwind,StrengthSap,AirSlash|||M|||50|,,,,,Steel]Amoonguss||SitrusBerry|Regenerator|Spore,SludgeBomb,RagePowder,Protect|||M|||50|,,,,,Water]Arcanine-Hisui||ChoiceBand|Intimidate|RockSlide,FlareBlitz,CloseCombat,ExtremeSpeed|||F|||50|,,,,,Rock]Milotic||Leftovers|Competitive|Hypnosis,MuddyWater,Protect,Recover|||F|||50|,,,,,Grass
|
|t:|1757108092
|teamsize|p1|4
|teamsize|p2|4
|start
|switch|p1a: Brynden Rivers|Murkrow, L50, M|100/100
|switch|p1b: MDD|Indeedee, L50, M, shiny|100/100
|switch|p2a: Amoonguss|Amoonguss, L50, M|100/100
|switch|p2b: Indeedee|Indeedee, L50, M|100/100
|-fieldstart|move: Psychic Terrain|[from] ability: Psychic Surge|[of] p1b: MDD
|turn|1
|
|t:|1757108116
|move|p1a: Brynden Rivers|Tailwind|p1a: Brynden Rivers
|-sidestart|p1: IcedOutObama|move: Tailwind
|move|p1b: MDD|Expanding Force|p2b: Indeedee|[spread] p2a,p2b
|-supereffective|p2a: Amoonguss
|-resisted|p2b: Indeedee
|-damage|p2a: Amoonguss|0 fnt
|-damage|p2b: Indeedee|68/100
|faint|p2a: Amoonguss
|move|p2b: Indeedee|Gravity|p2b: Indeedee
|-fieldstart|move: Gravity
|
|upkeep
|
|t:|1757108122
|switch|p2a: Espathra|Espathra, L50, F|100/100
|turn|2
|
|t:|1757108131
|move|p2a: Espathra|Protect|p2a: Espathra
|-singleturn|p2a: Espathra|Protect
|move|p1b: MDD|Expanding Force|p2a: Espathra|[spread] p2b
|-activate|p2a: Espathra|move: Protect
|-resisted|p2b: Indeedee
|-damage|p2b: Indeedee|33/100
|move|p1a: Brynden Rivers|Foul Play|p2b: Indeedee
|-supereffective|p2b: Indeedee
|-damage|p2b: Indeedee|0 fnt
|faint|p2b: Indeedee
|
|-ability|p2a: Espathra|Speed Boost|boost
|-boost|p2a: Espathra|spe|1
|upkeep
|
|t:|1757108135
|switch|p2b: Milotic|Milotic, L50, F|100/100
|turn|3
|
|t:|1757108150
|move|p1b: MDD|Expanding Force|p2a: Espathra|[spread] p2a,p2b
|-resisted|p2a: Espathra
|-damage|p2a: Espathra|61/100
|-damage|p2b: Milotic|66/100
|move|p1a: Brynden Rivers|Foul Play|p2a: Espathra
|-supereffective|p2a: Espathra
|-damage|p2a: Espathra|14/100
|move|p2a: Espathra|Hypnosis|p1a: Brynden Rivers
|-status|p1a: Brynden Rivers|slp|[from] move: Hypnosis
|move|p2b: Milotic|Muddy Water|p1b: MDD|[spread] p1a,p1b
|-damage|p1a: Brynden Rivers|75/100 slp
|-damage|p1b: MDD|69/100
|-unboost|p1a: Brynden Rivers|accuracy|1
|
|-heal|p2b: Milotic|72/100|[from] item: Leftovers
|-ability|p2a: Espathra|Speed Boost|boost
|-boost|p2a: Espathra|spe|1
|upkeep
|turn|4
|
|t:|1757108159
|cant|p1a: Brynden Rivers|slp
|move|p2a: Espathra|Protect|p2a: Espathra
|-singleturn|p2a: Espathra|Protect
|move|p1b: MDD|Expanding Force|p2b: Milotic|[spread] p2b
|-activate|p2a: Espathra|move: Protect
|-damage|p2b: Milotic|43/100
|move|p2b: Milotic|Muddy Water|p1b: MDD|[spread] p1a,p1b
|-damage|p1a: Brynden Rivers|49/100 slp
|-damage|p1b: MDD|38/100
|-unboost|p1a: Brynden Rivers|accuracy|1
|-unboost|p1b: MDD|accuracy|1
|
|-heal|p2b: Milotic|49/100|[from] item: Leftovers
|-sideend|p1: IcedOutObama|move: Tailwind
|-ability|p2a: Espathra|Speed Boost|boost
|-boost|p2a: Espathra|spe|1
|upkeep
|turn|5
|
|t:|1757108165
|cant|p1a: Brynden Rivers|slp
|move|p2a: Espathra|Hypnosis|p1b: MDD
|-status|p1b: MDD|slp|[from] move: Hypnosis
|cant|p1b: MDD|slp
|move|p2b: Milotic|Muddy Water|p1a: Brynden Rivers|[spread] p1a,p1b
|-damage|p1a: Brynden Rivers|22/100 slp
|-damage|p1b: MDD|4/100 slp
|-unboost|p1a: Brynden Rivers|accuracy|1
|
|-heal|p2b: Milotic|54/100|[from] item: Leftovers
|-fieldend|move: Gravity
|-fieldend|move: Psychic Terrain
|-ability|p2a: Espathra|Speed Boost|boost
|-boost|p2a: Espathra|spe|1
|upkeep
|turn|6
|
|t:|1757108170
|cant|p1a: Brynden Rivers|slp
|move|p2a: Espathra|Dazzling Gleam|p1a: Brynden Rivers|[spread] p1a,p1b
|-supereffective|p1a: Brynden Rivers
|-damage|p1a: Brynden Rivers|0 fnt
|-damage|p1b: MDD|0 fnt
|faint|p1a: Brynden Rivers
|faint|p1b: MDD
|move|p2b: Milotic|Recover|p2b: Milotic
|-heal|p2b: Milotic|100/100
|
|-ability|p2a: Espathra|Speed Boost|boost
|-boost|p2a: Espathra|spe|1
|upkeep
|
|t:|1757108172
|switch|p1b: Evergreen|Abomasnow, L50, M|100/100
|switch|p1a: Longclaw|Sneasler, L50, M, shiny|100/100
|-weather|Snowscape|[from] ability: Snow Warning|[of] p1b: Evergreen
|turn|7
|
|t:|1757108189
|move|p2a: Espathra|Protect|p2a: Espathra
|-singleturn|p2a: Espathra|Protect
|move|p1a: Longclaw|Protect|p1a: Longclaw
|-singleturn|p1a: Longclaw|Protect
|move|p2b: Milotic|Protect|p2b: Milotic
|-singleturn|p2b: Milotic|Protect
|move|p1b: Evergreen|Blizzard|p2b: Milotic|[spread] 
|-activate|p2a: Espathra|move: Protect
|-activate|p2b: Milotic|move: Protect
|
|-weather|Snowscape|[upkeep]
|-ability|p2a: Espathra|Speed Boost|boost
|-boost|p2a: Espathra|spe|1
|upkeep
|turn|8
|
|t:|1757108200
|-terastallize|p2a: Espathra|Fairy
|-terastallize|p1a: Longclaw|Dark
|move|p2a: Espathra|Dazzling Gleam|p1a: Longclaw|[spread] p1a,p1b
|-supereffective|p1a: Longclaw
|-crit|p1b: Evergreen
|-damage|p1a: Longclaw|27/100
|-damage|p1b: Evergreen|73/100
|move|p1a: Longclaw|Throat Chop|p2a: Espathra
|-resisted|p2a: Espathra
|-damage|p2a: Espathra|0 fnt
|faint|p2a: Espathra
|move|p2b: Milotic|Hypnosis|p1b: Evergreen
|-status|p1b: Evergreen|slp|[from] move: Hypnosis
|cant|p1b: Evergreen|slp
|
|-weather|Snowscape|[upkeep]
|upkeep
|turn|9
|
|t:|1757108211
|move|p1a: Longclaw|Protect|p1a: Longclaw
|-singleturn|p1a: Longclaw|Protect
|move|p2b: Milotic|Muddy Water|p1b: Evergreen|[spread] p1b
|-activate|p1a: Longclaw|move: Protect
|-resisted|p1b: Evergreen
|-damage|p1b: Evergreen|64/100 slp
|-unboost|p1b: Evergreen|accuracy|1
|cant|p1b: Evergreen|slp
|
|-weather|Snowscape|[upkeep]
|upkeep
|turn|10
|
|t:|1757108215
|move|p1a: Longclaw|Dire Claw|p2b: Milotic
|-damage|p2b: Milotic|51/100
|-status|p2b: Milotic|par
|cant|p1b: Evergreen|slp
|cant|p2b: Milotic|par
|
|-weather|Snowscape|[upkeep]
|-heal|p2b: Milotic|57/100 par|[from] item: Leftovers
|upkeep
|turn|11
|c|☆repete64|gg
|
|t:|1757108224
|move|p1a: Longclaw|Close Combat|p2b: Milotic
|-damage|p2b: Milotic|0 fnt
|-unboost|p1a: Longclaw|def|1
|-unboost|p1a: Longclaw|spd|1
|faint|p2b: Milotic
|
|win|IcedOutObama
