|j|☆Rockslap
|j|☆epom158
|html|Rockslapepom158    
|uhtml|bestof|Game 1 of a best-of-3
|t:|1756697174
|gametype|doubles
|player|p1|Rockslap|hiker-gen4|1273
|player|p2|epom158|n|1243
|gen|9
|tier|[Gen 9] VGC 2025 Reg H (Bo3)
|rated|
|rule|Species Clause: Limit one of each Pokémon
|rule|Item Clause: Limit 1 of each item
|clearpoke
|poke|p1|Kommo-o, L50, M|
|poke|p1|Golduck, L50, M|
|poke|p1|Incineroar, L50, M|
|poke|p1|Rillaboom, L50, M|
|poke|p1|Volcarona, L50, F|
|poke|p1|Amoonguss, L50, M|
|poke|p2|Sneasler, L50, F|
|poke|p2|Rillaboom, L50, M|
|poke|p2|Dragonite, L50, F|
|poke|p2|Incineroar, L50, M|
|poke|p2|Kingambit, L50, F|
|poke|p2|Volcarona, L50, F|
|teampreview|4
|showteam|p1|Kommo-o||ThroatSpray|Soundproof|ClangingScales,FlashCannon,ClangorousSoul,Protect|||M|||50|,,,,,Steel]Golduck||CovertCloak|CloudNine|Encore,IcyWind,Taunt,SimpleBeam|||M|||50|,,,,,Ghost]Incineroar||SafetyGoggles|Intimidate|FakeOut,KnockOff,PartingShot,FlareBlitz|||M|||50|,,,,,Bug]Rillaboom||AssaultVest|GrassySurge|FakeOut,WoodHammer,GrassyGlide,HighHorsepower|||M|||50|,,,,,Water]Volcarona||SitrusBerry|FlameBody|QuiverDance,HeatWave,GigaDrain,Protect|||F|||50|,,,,,Grass]Amoonguss||RockyHelmet|Regenerator|PollenPuff,RagePowder,ClearSmog,Spore|||M|||50|,,,,,Water
|showteam|p2|Sneasler||FocusSash|Unburden|CloseCombat,DireClaw,Coaching,Protect|||F|||50|,,,,,Stellar]Rillaboom||AssaultVest|GrassySurge|WoodHammer,Uturn,FakeOut,GrassyGlide|||M|||50|,,,,,Fire]Dragonite||LoadedDice|Multiscale|ScaleShot,Tailwind,Haze,Protect|||F|||50|,,,,,Steel]Incineroar||SafetyGoggles|Intimidate|FlareBlitz,KnockOff,FakeOut,PartingShot|||M|||50|,,,,,Ghost]Kingambit||BlackGlasses|Defiant|KowtowCleave,SuckerPunch,SwordsDance,Protect|||F|||50|,,,,,Dark]Volcarona||CovertCloak|FlameBody|Flamethrower,TeraBlast,QuiverDance,Protect|||F|||50|,,,,,Fairy
|j| teamthief420
|l| teamthief420
|
|t:|1756697279
|teamsize|p1|4
|teamsize|p2|4
|start
|switch|p1a: Golduck|Golduck, L50, M|100/100
|switch|p1b: Incineroar|Incineroar, L50, M|100/100
|switch|p2a: Volcarona|Volcarona, L50, F|100/100
|switch|p2b: Kingambit|Kingambit, L50, F|100/100
|-ability|p1a: Golduck|Cloud Nine
|-ability|p1b: Incineroar|Intimidate|boost
|-unboost|p2a: Volcarona|atk|1
|-unboost|p2b: Kingambit|atk|1
|-ability|p2b: Kingambit|Defiant|boost
|-boost|p2b: Kingambit|atk|2
|turn|1
|
|t:|1756697305
|-terastallize|p2b: Kingambit|Dark
|move|p1b: Incineroar|Fake Out|p2b: Kingambit
|-damage|p2b: Kingambit|91/100
|move|p1a: Golduck|Encore||[still]
|-fail|p1a: Golduck
|move|p2a: Volcarona|Quiver Dance|p2a: Volcarona
|-boost|p2a: Volcarona|spa|1
|-boost|p2a: Volcarona|spd|1
|-boost|p2a: Volcarona|spe|1
|cant|p2b: Kingambit|flinch
|
|upkeep
|turn|2
|
|t:|1756697348
|switch|p1a: Kommo-o|Kommo-o, L50, M, shiny|100/100
|move|p2a: Volcarona|Protect|p2a: Volcarona
|-singleturn|p2a: Volcarona|Protect
|move|p1b: Incineroar|Flare Blitz|p2b: Kingambit
|-damage|p2b: Kingambit|47/100
|-damage|p1b: Incineroar|86/100|[from] Recoil
|move|p2b: Kingambit|Kowtow Cleave|p1a: Kommo-o
|-resisted|p1a: Kommo-o
|-damage|p1a: Kommo-o|42/100
|
|upkeep
|turn|3
|
|t:|1756697370
|move|p1a: Kommo-o|Protect|p1a: Kommo-o
|-singleturn|p1a: Kommo-o|Protect
|move|p2b: Kingambit|Protect|p2b: Kingambit
|-singleturn|p2b: Kingambit|Protect
|move|p2a: Volcarona|Flamethrower|p1a: Kommo-o
|-activate|p1a: Kommo-o|move: Protect
|move|p1b: Incineroar|Flare Blitz|p2a: Volcarona
|-damage|p2a: Volcarona|41/100
|-damage|p1b: Incineroar|66/100|[from] Recoil
|
|upkeep
|turn|4
|
|t:|1756697392
|move|p2b: Kingambit|Sucker Punch|p1a: Kommo-o
|-resisted|p1a: Kommo-o
|-damage|p1a: Kommo-o|0 fnt
|faint|p1a: Kommo-o
|move|p2a: Volcarona|Flamethrower|p1b: Incineroar
|-resisted|p1b: Incineroar
|-damage|p1b: Incineroar|38/100
|move|p1b: Incineroar|Parting Shot|p2a: Volcarona
|-unboost|p2a: Volcarona|atk|1
|-unboost|p2a: Volcarona|spa|1
|
|t:|1756697405
|switch|p1b: Volcarona|Volcarona, L50, F|100/100|[from] Parting Shot
|
|upkeep
|
|t:|1756697407
|switch|p1a: Golduck|Golduck, L50, M|100/100
|-ability|p1a: Golduck|Cloud Nine
|turn|5
|
|t:|1756697423
|move|p1b: Volcarona|Protect|p1b: Volcarona
|-singleturn|p1b: Volcarona|Protect
|move|p2b: Kingambit|Sucker Punch||[still]
|-fail|p2b: Kingambit
|move|p2a: Volcarona|Flamethrower|p1b: Volcarona
|-activate|p1b: Volcarona|move: Protect
|move|p1a: Golduck|Simple Beam|p2b: Kingambit
|-ability|p2b: Kingambit|Simple|Defiant|[from] move: Simple Beam
|
|upkeep
|turn|6
|
|t:|1756697435
|switch|p1a: Incineroar|Incineroar, L50, M|38/100
|-ability|p1a: Incineroar|Intimidate|boost
|-unboost|p2a: Volcarona|atk|1
|-unboost|p2b: Kingambit|atk|2
|move|p2b: Kingambit|Sucker Punch||[still]
|-fail|p2b: Kingambit
|move|p2a: Volcarona|Flamethrower|p1b: Volcarona
|-damage|p1b: Volcarona|62/100
|move|p1b: Volcarona|Quiver Dance|p1b: Volcarona
|-boost|p1b: Volcarona|spa|1
|-boost|p1b: Volcarona|spd|1
|-boost|p1b: Volcarona|spe|1
|
|upkeep
|turn|7
|
|t:|1756697453
|switch|p2b: Incineroar|Incineroar, L50, M|100/100
|-ability|p2b: Incineroar|Intimidate|boost
|-unboost|p1a: Incineroar|atk|1
|-unboost|p1b: Volcarona|atk|1
|move|p1a: Incineroar|Fake Out|p2b: Incineroar
|-damage|p2b: Incineroar|93/100
|move|p1b: Volcarona|Quiver Dance|p1b: Volcarona
|-boost|p1b: Volcarona|spa|1
|-boost|p1b: Volcarona|spd|1
|-boost|p1b: Volcarona|spe|1
|move|p2a: Volcarona|Flamethrower|p1b: Volcarona
|-damage|p1b: Volcarona|41/100
|-enditem|p1b: Volcarona|Sitrus Berry|[eat]
|-heal|p1b: Volcarona|66/100|[from] item: Sitrus Berry
|
|upkeep
|turn|8
|
|t:|1756697473
|move|p2b: Incineroar|Fake Out|p1a: Incineroar
|-damage|p1a: Incineroar|28/100
|move|p1b: Volcarona|Heat Wave|p2b: Incineroar|[spread] p2a,p2b
|-resisted|p2b: Incineroar
|-damage|p2a: Volcarona|0 fnt
|-damage|p2b: Incineroar|59/100
|faint|p2a: Volcarona
|cant|p1a: Incineroar|flinch
|
|upkeep
|
|t:|1756697478
|switch|p2a: Sneasler|Sneasler, L50, F|100/100
|turn|9
|
|t:|1756697494
|switch|p1a: Golduck|Golduck, L50, M|100/100
|-ability|p1a: Golduck|Cloud Nine
|move|p1b: Volcarona|Protect|p1b: Volcarona
|-singleturn|p1b: Volcarona|Protect
|move|p2a: Sneasler|Dire Claw|p1b: Volcarona
|-activate|p1b: Volcarona|move: Protect
|move|p2b: Incineroar|Flare Blitz|p1a: Golduck
|-resisted|p1a: Golduck
|-damage|p1a: Golduck|75/100
|-damage|p2b: Incineroar|52/100|[from] Recoil
|
|upkeep
|turn|10
|
|t:|1756697514
|move|p1b: Volcarona|Heat Wave|p2b: Incineroar|[spread] p2a,p2b
|-resisted|p2b: Incineroar
|-enditem|p2a: Sneasler|Focus Sash
|-damage|p2a: Sneasler|1/100
|-damage|p2b: Incineroar|16/100
|move|p2a: Sneasler|Dire Claw|p1b: Volcarona
|-damage|p1b: Volcarona|14/100
|-status|p1b: Volcarona|slp
|move|p1a: Golduck|Icy Wind|p2a: Sneasler|[spread] p2a,p2b
|-resisted|p2b: Incineroar
|-damage|p2a: Sneasler|0 fnt
|-damage|p2b: Incineroar|12/100
|-unboost|p2b: Incineroar|spe|1
|faint|p2a: Sneasler
|move|p2b: Incineroar|Knock Off|p1b: Volcarona
|-damage|p1b: Volcarona|0 fnt
|faint|p1b: Volcarona
|
|upkeep
|
|t:|1756697525
|switch|p2a: Kingambit|Kingambit, L50, F, tera:Dark|47/100
|switch|p1b: Incineroar|Incineroar, L50, M|28/100
|-ability|p1b: Incineroar|Intimidate|boost
|-unboost|p2a: Kingambit|atk|1
|-ability|p2a: Kingambit|Defiant|boost
|-boost|p2a: Kingambit|atk|2
|-unboost|p2b: Incineroar|atk|1
|turn|11
|
|t:|1756697550
|move|p1a: Golduck|Simple Beam|p2a: Kingambit
|-ability|p2a: Kingambit|Simple|Defiant|[from] move: Simple Beam
|move|p1b: Incineroar|Parting Shot|p2a: Kingambit
|-unboost|p2a: Kingambit|atk|2
|-unboost|p2a: Kingambit|spa|2
|move|p2a: Kingambit|Kowtow Cleave|p1b: Incineroar
|-resisted|p1b: Incineroar
|-damage|p1b: Incineroar|5/100
|move|p2b: Incineroar|Knock Off|p1a: Golduck
|-damage|p1a: Golduck|48/100
|-enditem|p1a: Golduck|Covert Cloak|[from] move: Knock Off|[of] p2b: Incineroar
|
|upkeep
|turn|12
|
|t:|1756697569
|move|p2a: Kingambit|Sucker Punch||[still]
|-fail|p2a: Kingambit
|move|p1a: Golduck|Encore|p2a: Kingambit
|-start|p2a: Kingambit|Encore
|move|p1b: Incineroar|Parting Shot|p2b: Incineroar
|-unboost|p2b: Incineroar|atk|1
|-unboost|p2b: Incineroar|spa|1
|move|p2b: Incineroar|Knock Off|p1b: Incineroar
|-resisted|p1b: Incineroar
|-damage|p1b: Incineroar|0 fnt
|-enditem|p1b: Incineroar|Safety Goggles|[from] move: Knock Off|[of] p2b: Incineroar
|faint|p1b: Incineroar
|
|upkeep
|turn|13
|
|t:|1756697580
|move|p2a: Kingambit|Sucker Punch|p1a: Golduck
|-damage|p1a: Golduck|10/100
|move|p1a: Golduck|Icy Wind|p2a: Kingambit|[spread] p2a,p2b
|-resisted|p2b: Incineroar
|-damage|p2a: Kingambit|38/100
|-damage|p2b: Incineroar|8/100
|-unboost|p2a: Kingambit|spe|2
|-unboost|p2b: Incineroar|spe|1
|move|p2b: Incineroar|Knock Off|p1a: Golduck
|-damage|p1a: Golduck|0 fnt
|faint|p1a: Golduck
|
|win|epom158
||epom158 is ready for game 2.
|inactive|Rockslap has 30 seconds to confirm battle start!
|inactive|Rockslap has 20 seconds to confirm battle start!
||Rockslap is ready for game 2.
|uhtml|next|Next: Game 2 of 3
|l|☆epom158
|player|p2|
