|j|☆Yippeeeeeeeevgc
|j|☆Daniw9
|html|YippeeeeeeeevgcDaniw9    
|uhtml|bestof|Game 2 of a best-of-3
|t:|1756901763
|gametype|doubles
|player|p1|Yippeeeeeeeevgc|266|1131
|player|p2|Daniw9|101|1181
|gen|9
|tier|[Gen 9] VGC 2025 Reg H (Bo3)
|rated|
|rule|Species Clause: Limit one of each Pokémon
|rule|Item Clause: Limit 1 of each item
|clearpoke
|poke|p1|Pelipper, L50, F|
|poke|p1|Basculegion, L50, M|
|poke|p1|Sneasler, L50, F|
|poke|p1|Archaludon, L50, M|
|poke|p1|Amoonguss, L50, F|
|poke|p1|Gholdengo, L50|
|poke|p2|Garchomp, L50, M|
|poke|p2|Tyranitar, L50, F|
|poke|p2|Indeedee-F, L50, F|
|poke|p2|Gardevoir, L50, F|
|poke|p2|Sneasler, L50, F|
|poke|p2|Talonflame, L50, F|
|teampreview|4
|showteam|p1|Pelipper||CovertCloak|Drizzle|Protect,Hurricane,WeatherBall,Tailwind|||F|||50|,,,,,Steel]Basculegion||ChoiceBand|SwiftSwim|FlipTurn,WaveCrash,AquaJet,LastRespects|||M|||50|,,,,,Water]Sneasler||FocusSash|PoisonTouch|Protect,CloseCombat,DireClaw,FakeOut|||F|||50|,,,,,Ghost]Archaludon||AssaultVest|Stamina|ElectroShot,FlashCannon,DracoMeteor,BodyPress|||M|||50|,,,,,Bug]Amoonguss||SitrusBerry|Regenerator|Protect,RagePowder,PollenPuff,Spore|||F|||50|,,,,,Fairy]Gholdengo||LifeOrb|GoodasGold|MakeItRain,ShadowBall,NastyPlot,Protect||||||50|,,,,,Water
|showteam|p2|Garchomp||ClearAmulet|SandVeil|Earthquake,StompingTantrum,Protect,DragonClaw|||M|||50|,,,,,Steel]Tyranitar||AssaultVest|SandStream|RockSlide,TeraBlast,KnockOff,LowKick|||F|||50|,,,,,Flying]Indeedee-F||SafetyGoggles|PsychicSurge|DazzlingGleam,TrickRoom,FollowMe,HelpingHand|||F|||50|,,,,,Water]Gardevoir||ChoiceScarf|Telepathy|IcyWind,Moonblast,ExpandingForce,MysticalFire|||F|||50|,,,,,Fire]Sneasler||PsychicSeed|Unburden|CloseCombat,DireClaw,Protect,ThroatChop|||F|||50|,,,,,Dark]Talonflame||CovertCloak|GaleWings|Tailwind,DualWingbeat,FlareBlitz,Taunt|||F|||50|,,,,,Flying
|
|t:|1756901775
|teamsize|p1|4
|teamsize|p2|4
|start
|switch|p1a: Basculegion|Basculegion, L50, M|100/100
|switch|p1b: Pelipper|Pelipper, L50, F|100/100
|switch|p2a: Indeedee|Indeedee-F, L50, F|100/100
|switch|p2b: Gardevoir|Gardevoir, L50, F|100/100
|-weather|RainDance|[from] ability: Drizzle|[of] p1b: Pelipper
|-fieldstart|move: Psychic Terrain|[from] ability: Psychic Surge|[of] p2a: Indeedee
|turn|1
|
|t:|1756901803
|-terastallize|p1b: Pelipper|Steel
|move|p2a: Indeedee|Follow Me|p2a: Indeedee
|-singleturn|p2a: Indeedee|move: Follow Me
|move|p1a: Basculegion|Flip Turn|p2a: Indeedee
|-damage|p2a: Indeedee|38/100
|
|t:|1756901811
|switch|p1a: Archaludon|Archaludon, L50, M|100/100|[from] Flip Turn
|move|p2b: Gardevoir|Expanding Force|p1b: Pelipper|[spread] p1a,p1b
|-resisted|p1a: Archaludon
|-resisted|p1b: Pelipper
|-damage|p1a: Archaludon|65/100
|-damage|p1b: Pelipper|57/100
|-ability|p1a: Archaludon|Stamina|boost
|-boost|p1a: Archaludon|def|1
|move|p1b: Pelipper|Tailwind|p1b: Pelipper
|-sidestart|p1: Yippeeeeeeeevgc|move: Tailwind
|
|-weather|RainDance|[upkeep]
|upkeep
|turn|2
|
|t:|1756901836
|move|p2a: Indeedee|Follow Me|p2a: Indeedee
|-singleturn|p2a: Indeedee|move: Follow Me
|move|p1a: Archaludon|Electro Shot||[still]
|-prepare|p1a: Archaludon|Electro Shot
|-boost|p1a: Archaludon|spa|1
|-anim|p1a: Archaludon|Electro Shot|p2a: Indeedee
|-damage|p2a: Indeedee|0 fnt
|faint|p2a: Indeedee
|move|p2b: Gardevoir|Expanding Force|p1a: Archaludon|[spread] p1a,p1b
|-resisted|p1a: Archaludon
|-resisted|p1b: Pelipper
|-damage|p1a: Archaludon|31/100
|-damage|p1b: Pelipper|14/100
|-ability|p1a: Archaludon|Stamina|boost
|-boost|p1a: Archaludon|def|1
|move|p1b: Pelipper|Weather Ball|p2b: Gardevoir
|-damage|p2b: Gardevoir|40/100
|
|-weather|RainDance|[upkeep]
|upkeep
|
|t:|1756901848
|switch|p2a: Tyranitar|Tyranitar, L50, F|100/100
|-weather|Sandstorm|[from] ability: Sand Stream|[of] p2a: Tyranitar
|turn|3
|
|t:|1756901871
|switch|p2b: Garchomp|Garchomp, L50, M|100/100
|switch|p1b: Sneasler|Sneasler, L50, F|100/100
|-terastallize|p2a: Tyranitar|Flying
|move|p1a: Archaludon|Flash Cannon|p2b: Garchomp
|-crit|p2b: Garchomp
|-damage|p2b: Garchomp|0 fnt
|faint|p2b: Garchomp
|move|p2a: Tyranitar|Knock Off|p1b: Sneasler
|-resisted|p1b: Sneasler
|-damage|p1b: Sneasler|57/100
|-enditem|p1b: Sneasler|Focus Sash|[from] move: Knock Off|[of] p2a: Tyranitar
|
|-weather|Sandstorm|[upkeep]
|-damage|p1b: Sneasler|51/100|[from] Sandstorm
|-damage|p2a: Tyranitar|95/100|[from] Sandstorm
|upkeep
|
|t:|1756901883
|switch|p2b: Gardevoir|Gardevoir, L50, F|40/100
|turn|4
|
|t:|1756901898
|move|p1b: Sneasler|Fake Out|p2a: Tyranitar
|-hint|Psychic Terrain doesn't affect Pokémon immune to Ground.
|-crit|p2a: Tyranitar
|-damage|p2a: Tyranitar|79/100
|-status|p2a: Tyranitar|psn|[from] ability: Poison Touch|[of] p1b: Sneasler
|move|p1a: Archaludon|Flash Cannon|p2b: Gardevoir
|-supereffective|p2b: Gardevoir
|-damage|p2b: Gardevoir|0 fnt
|faint|p2b: Gardevoir
|cant|p2a: Tyranitar|flinch
|
|-weather|Sandstorm|[upkeep]
|-damage|p1b: Sneasler|45/100|[from] Sandstorm
|-damage|p2a: Tyranitar|73/100 psn|[from] Sandstorm
|-damage|p2a: Tyranitar|61/100 psn|[from] psn
|-sideend|p1: Yippeeeeeeeevgc|move: Tailwind
|upkeep
|turn|5
|-message|Daniw9 forfeited.
|
|win|Yippeeeeeeeevgc
|l|☆Daniw9
|player|p2|
||Daniw9 is ready for game 3.
|inactive|Yippeeeeeeeevgc has 30 seconds to confirm battle start!
|inactive|Yippeeeeeeeevgc has 20 seconds to confirm battle start!
||Yippeeeeeeeevgc is ready for game 3.
|uhtml|next|Next: Game 3 of 3
