|j|☆mariofl
|j|☆ItsRoca
|html|marioflItsRoca    
|uhtml|bestof|Game 1 of a best-of-3
|t:|1783108235
|gametype|doubles
|player|p1|mariofl|rosa-masters|
|player|p2|ItsRoca|101|
|gen|9
|tier|[Gen 9 Champions] VGC 2026 Reg M-B (Bo3)
|rule|Species Clause: Limit one of each Pokémon
|rule|Item Clause: Limit 1 of each item
|clearpoke
|poke|p1|Grimmsnarl, L50, M|
|poke|p1|Swampert, L50, F|
|poke|p1|Archaludon, L50, F|
|poke|p1|Pelipper, L50, F|
|poke|p1|Venusaur, L50, F|
|poke|p1|Hydreigon, L50, M|
|poke|p2|Garchomp, L50, M|
|poke|p2|Sylveon, L50, M, shiny|
|poke|p2|Farigiraf, L50, F|
|poke|p2|Aerodactyl, L50, M|
|poke|p2|Kingambit, L50, M, shiny|
|poke|p2|Charizard, L50, M, shiny|
|teampreview|4
|showteam|p1|Grimmsnarl||LightClay|Prankster|Reflect,LightScreen,PartingShot,SpiritBreak|Careful||M|||50|]Swampert||Swampertite|Torrent|WaveCrash,Earthquake,IcePunch,Protect|Jolly||F|||50|]Archaludon||Leftovers|Stamina|ElectroShot,FlashCannon,DragonPulse,Protect|Modest||F|||50|]Pelipper||FocusSash|Drizzle|Hurricane,WeatherBall,Tailwind,Protect|Modest||F|||50|]Venusaur||Venusaurite|Chlorophyll|GigaDrain,SludgeBomb,EarthPower,Protect|Modest||F|||50|]Hydreigon||LifeOrb|Levitate|DracoMeteor,DarkPulse,EarthPower,Protect|Timid||M|||50|
|showteam|p2|Garchomp||LifeOrb|RoughSkin|Protect,Earthquake,DragonClaw,StompingTantrum|Jolly||M|||50|]Sylveon||FairyFeather|Pixilate|Protect,HyperVoice,QuickAttack,HyperBeam|Modest||M|||50|]Farigiraf||SitrusBerry|ArmorTail|TrickRoom,TwinBeam,GrassKnot,Thunderbolt|Modest||F|||50|]Aerodactyl||Aerodactylite|Unnerve|RockSlide,IceFang,Tailwind,DualWingbeat|Jolly||M|||50|]Kingambit||FocusSash|Defiant|KowtowCleave,IronHead,LowKick,SuckerPunch|Adamant||M|||50|]Charizard||CharizarditeY|SolarPower|Protect,HeatWave,SolarBeam,WeatherBall|Modest||M|||50|
|c|☆ItsRoca|ostia
|c|☆ItsRoca|se me fue
|c|☆ItsRoca|pensaba q ya estaba bo3
|c|☆mariofl|nada
|c|☆mariofl|GLHF
|c|☆ItsRoca|igual
|c|☆ItsRoca|glhf
|inactive|Battle timer is ON: inactive players will automatically lose when time's up. (requested by mariofl)
|inactive|mariofl has 60 seconds left.
|inactive|mariofl has 30 seconds left.
|inactive|mariofl has 20 seconds left.
|inactive|mariofl has 15 seconds left.
|
|t:|1783108407
|teamsize|p1|4
|teamsize|p2|4
|start
|switch|p1a: Swampert|Swampert, L50, F|100/100
|switch|p1b: Hydreigon|Hydreigon, L50, M|100/100
|switch|p2a: Charizard|Charizard, L50, M, shiny|100/100
|switch|p2b: Garchomp|Garchomp, L50, M|100/100
|turn|1
|inactive|mariofl has 30 seconds left.
|inactive|ItsRoca has 30 seconds left.
|inactive|mariofl has 20 seconds left.
|inactive|mariofl has 15 seconds left.
|inactive|mariofl has 10 seconds left.
|inactive|mariofl has 5 seconds left.
|inactive|ItsRoca has 20 seconds left.
|inactive|ItsRoca has 15 seconds left.
|
|t:|1783108463
|switch|p2b: Sylveon|Sylveon, L50, M, shiny|100/100
|move|p2a: Charizard|Protect|p2a: Charizard
|-singleturn|p2a: Charizard|Protect
|move|p1a: Swampert|Protect|p1a: Swampert
|-singleturn|p1a: Swampert|Protect
|move|p1b: Hydreigon|Draco Meteor|p2b: Sylveon
|-immune|p2b: Sylveon
|
|upkeep
|turn|2
|inactive|mariofl has 30 seconds left.
|inactive|mariofl has 20 seconds left.
|
|t:|1783108500
|switch|p1a: Archaludon|Archaludon, L50, F|100/100
|detailschange|p2a: Charizard|Charizard-Mega-Y, L50, M, shiny
|-mega|p2a: Charizard|Charizard|Charizardite Y
|-weather|SunnyDay|[from] ability: Drought|[of] p2a: Charizard
|move|p1b: Hydreigon|Draco Meteor|p2a: Charizard
|-damage|p2a: Charizard|20/100y
|-unboost|p1b: Hydreigon|spa|2
|-damage|p1b: Hydreigon|90/100|[from] item: Life Orb
|move|p2a: Charizard|Solar Beam||[still]
|-prepare|p2a: Charizard|Solar Beam
|-anim|p2a: Charizard|Solar Beam|p1a: Archaludon
|-resisted|p1a: Archaludon|2
|-damage|p1a: Archaludon|88/100
|-ability|p1a: Archaludon|Stamina|boost
|-boost|p1a: Archaludon|def|1
|move|p2b: Sylveon|Hyper Voice|p1a: Archaludon|[spread] p1a,p1b
|-supereffective|p1b: Hydreigon|2
|-crit|p1b: Hydreigon
|-damage|p1a: Archaludon|42/100
|-damage|p1b: Hydreigon|0 fnt
|-ability|p1a: Archaludon|Stamina|boost
|-boost|p1a: Archaludon|def|1
|faint|p1b: Hydreigon
|
|-weather|SunnyDay|[upkeep]
|-heal|p1a: Archaludon|48/100|[from] item: Leftovers
|upkeep
|inactive|mariofl has 30 seconds left.
|inactive|mariofl has 20 seconds left.
|inactive|mariofl has 15 seconds left.
|inactive|mariofl has 10 seconds left.
|inactive|mariofl has 5 seconds left.
|
|t:|1783108552
|switch|p1b: Swampert|Swampert, L50, F|100/100
|turn|3
|inactive|mariofl has 30 seconds left.
|inactive|ItsRoca has 30 seconds left.
|inactive|ItsRoca has 20 seconds left.
|
|t:|1783108589
|switch|p1a: Pelipper|Pelipper, L50, F|100/100
|-weather|RainDance|[from] ability: Drizzle|[of] p1a: Pelipper
|detailschange|p1b: Swampert|Swampert-Mega, L50, F
|-mega|p1b: Swampert|Swampert|Swampertite
|move|p1b: Swampert|Wave Crash|p2b: Sylveon
|-damage|p2b: Sylveon|0 fnt
|faint|p2b: Sylveon
|-damage|p1b: Swampert|66/100|[from] Recoil
|move|p2a: Charizard|Weather Ball|p1a: Pelipper
|-resisted|p1a: Pelipper|1
|-damage|p1a: Pelipper|45/100
|
|-weather|RainDance|[upkeep]
|upkeep
|
|t:|1783108606
|switch|p2b: Farigiraf|Farigiraf, L50, F|100/100
|turn|4
|inactive|mariofl has 30 seconds left.
|inactive|mariofl has 20 seconds left.
|inactive|mariofl has 15 seconds left.
|inactive|mariofl has 10 seconds left.
|
|t:|1783108652
|switch|p2a: Garchomp|Garchomp, L50, M|100/100
|switch|p1a: Archaludon|Archaludon, L50, F|48/100
|move|p1b: Swampert|Ice Punch|p2a: Garchomp
|-supereffective|p2a: Garchomp|2
|-damage|p2a: Garchomp|0 fnt
|-damage|p1b: Swampert|54/100|[from] ability: Rough Skin|[of] p2a: Garchomp
|faint|p2a: Garchomp
|move|p2b: Farigiraf|Trick Room|p2b: Farigiraf
|-fieldstart|move: Trick Room|[of] p2b: Farigiraf
|
|-weather|RainDance|[upkeep]
|-heal|p1a: Archaludon|54/100|[from] item: Leftovers
|upkeep
|
|t:|1783108666
|switch|p2a: Charizard|Charizard-Mega-Y, L50, M, shiny|20/100y
|-weather|SunnyDay|[from] ability: Drought|[of] p2a: Charizard
|turn|5
|inactive|mariofl has 30 seconds left.
|inactive|ItsRoca has 30 seconds left.
|inactive|ItsRoca has 20 seconds left.
|inactive|mariofl has 20 seconds left.
|inactive|ItsRoca has 15 seconds left.
|inactive|mariofl has 15 seconds left.
|inactive|ItsRoca has 10 seconds left.
|inactive|mariofl has 10 seconds left.
|inactive|mariofl has 5 seconds left.
|inactive|ItsRoca has 5 seconds left.
|
|t:|1783108731
|move|p2a: Charizard|Protect|p2a: Charizard
|-singleturn|p2a: Charizard|Protect
|move|p1a: Archaludon|Dragon Pulse|p2a: Charizard
|-activate|p2a: Charizard|move: Protect
|move|p1b: Swampert|Ice Punch|p2b: Farigiraf
|-damage|p2b: Farigiraf|74/100
|move|p2b: Farigiraf|Trick Room|p2b: Farigiraf
|-fieldend|move: Trick Room
|
|-weather|SunnyDay|[upkeep]
|-heal|p1a: Archaludon|60/100|[from] item: Leftovers
|upkeep
|turn|6
|
|t:|1783108751
|switch|p1a: Pelipper|Pelipper, L50, F|45/100
|-weather|RainDance|[from] ability: Drizzle|[of] p1a: Pelipper
|move|p2a: Charizard|Protect||[still]
|-fail|p2a: Charizard
|move|p1b: Swampert|Ice Punch|p2a: Charizard
|-damage|p2a: Charizard|0 fnt
|faint|p2a: Charizard
|move|p2b: Farigiraf|Grass Knot|p1b: Swampert
|-supereffective|p1b: Swampert|2
|-damage|p1b: Swampert|0 fnt
|faint|p1b: Swampert
|
|-weather|RainDance|[upkeep]
|upkeep
|
|t:|1783108757
|switch|p1b: Archaludon|Archaludon, L50, F|60/100
|turn|7
|c|☆ItsRoca|lo he jugado terrible la vdd
|inactive|ItsRoca has 30 seconds left.
|
|t:|1783108786
|move|p1a: Pelipper|Weather Ball|p2b: Farigiraf
|-damage|p2b: Farigiraf|13/100
|-enditem|p2b: Farigiraf|Sitrus Berry|[eat]
|-heal|p2b: Farigiraf|38/100|[from] item: Sitrus Berry
|move|p1b: Archaludon|Electro Shot||[still]
|-prepare|p1b: Archaludon|Electro Shot
|-boost|p1b: Archaludon|spa|1
|-anim|p1b: Archaludon|Electro Shot|p2b: Farigiraf
|-damage|p2b: Farigiraf|0 fnt
|faint|p2b: Farigiraf
|
|win|mariofl
||ItsRoca is ready for game 2.
|inactive|mariofl has 30 seconds to confirm battle start!
||mariofl is ready for game 2.
|uhtml|next|Next: Game 2 of 3
