|j|☆fifthtimesthecharm
|j|☆TheRedSceptile
|html|fifthtimesthecharmTheRedSceptile    
|uhtml|bestof|Game 2 of a best-of-3
|t:|1756606500
|gametype|doubles
|player|p1|fifthtimesthecharm|marshal|
|player|p2|TheRedSceptile|1|
|gen|9
|tier|[Gen 9] VGC 2025 Reg H (Bo3)
|rule|Species Clause: Limit one of each Pokémon
|rule|Item Clause: Limit 1 of each item
|clearpoke
|poke|p1|Dragonite, L50, F|
|poke|p1|Ursaluna, L50, M|
|poke|p1|Gholdengo, L50|
|poke|p1|Porygon2, L50|
|poke|p1|Volcarona, L50, F|
|poke|p1|Grimmsnarl, L50, M|
|poke|p2|Kingambit, L50, F|
|poke|p2|Primarina, L50, F|
|poke|p2|Sneasler, L50, F|
|poke|p2|Rillaboom, L50, F|
|poke|p2|Dragapult, L50, F|
|poke|p2|Electabuzz, L50, F|
|teampreview|4
|showteam|p1|Dragonite||LoadedDice|InnerFocus|ScaleShot,Tailwind,Haze,Protect|||F|||50|,,,,,Fairy]Ursaluna||FlameOrb|Guts|HeadlongRush,Earthquake,Facade,Protect|||M|||50|,,,,,Grass]Gholdengo||LifeOrb|GoodasGold|MakeItRain,ShadowBall,NastyPlot,Protect||||||50|,,,,,Dragon]Porygon2||Eviolite|Download|TeraBlast,Recover,IceBeam,TrickRoom||||||50|,,,,,Fighting]Volcarona||SafetyGoggles|FlameBody|Overheat,Tailwind,StruggleBug,RagePowder|||F|||50|,,,,,Fairy]Grimmsnarl||LightClay|Prankster|FoulPlay,ThunderWave,Reflect,LightScreen|||M|||50|,,,,,Ghost
|showteam|p2|Kingambit||BlackGlasses|Defiant|KowtowCleave,SuckerPunch,SwordsDance,Protect|||F|||50|,,,,,Dark]Primarina||SitrusBerry|LiquidVoice|HyperVoice,Moonblast,Haze,Protect|||F|||50|,,,,,Poison]Sneasler||FocusSash|Unburden|CloseCombat,DireClaw,FakeOut,Protect|||F|||50|,,,,,Ghost]Rillaboom||AssaultVest|GrassySurge|WoodHammer,GrassyGlide,HighHorsepower,FakeOut|||F|||50|,,,,,Fire]Dragapult||ChoiceBand|ClearBody|DragonDarts,PhantomForce,Outrage,Uturn|||F|||50|,,,,,Dragon]Electabuzz||Eviolite|VitalSpirit|Protect,Electroweb,FollowMe,HelpingHand|||F|||50|,,,,,Bug
|inactive|Battle timer is ON: inactive players will automatically lose when time's up. (requested by fifthtimesthecharm)
|j| the crimson wooper
|inactive|fifthtimesthecharm has 60 seconds left.
|inactive|TheRedSceptile has 60 seconds left.
|
|t:|1756606539
|teamsize|p1|4
|teamsize|p2|4
|start
|switch|p1a: Douglass|Dragonite, L50, F|100/100
|switch|p1b: Sinatra|Volcarona, L50, F|100/100
|switch|p2a: Electabuzz|Electabuzz, L50, F|100/100
|switch|p2b: Dragapult|Dragapult, L50, F|100/100
|turn|1
|inactive|TheRedSceptile has 30 seconds left.
|
|t:|1756606565
|-terastallize|p1b: Sinatra|Fairy
|move|p1b: Sinatra|Rage Powder|p1b: Sinatra
|-singleturn|p1b: Sinatra|move: Rage Powder
|move|p2a: Electabuzz|Follow Me|p2a: Electabuzz
|-singleturn|p2a: Electabuzz|move: Follow Me
|move|p2b: Dragapult|Dragon Darts|p1b: Sinatra
|-immune|p1b: Sinatra
|move|p1a: Douglass|Scale Shot|p2a: Electabuzz
|-damage|p2a: Electabuzz|89/100
|-damage|p2a: Electabuzz|77/100
|-damage|p2a: Electabuzz|66/100
|-crit|p2a: Electabuzz
|-damage|p2a: Electabuzz|47/100
|-damage|p2a: Electabuzz|34/100
|-hitcount|p2a: Electabuzz|5
|-unboost|p1a: Douglass|def|1
|-boost|p1a: Douglass|spe|1
|
|upkeep
|turn|2
|inactive|TheRedSceptile has 30 seconds left.
|
|t:|1756606600
|switch|p2b: Primarina|Primarina, L50, F|100/100
|move|p2a: Electabuzz|Protect|p2a: Electabuzz
|-singleturn|p2a: Electabuzz|Protect
|move|p1b: Sinatra|Rage Powder|p1b: Sinatra
|-singleturn|p1b: Sinatra|move: Rage Powder
|move|p1a: Douglass|Scale Shot|p2b: Primarina
|-immune|p2b: Primarina
|
|upkeep
|turn|3
|inactive|TheRedSceptile has 30 seconds left.
|inactive|TheRedSceptile has 20 seconds left.
|inactive|TheRedSceptile has 15 seconds left.
|inactive|TheRedSceptile has 10 seconds left.
|inactive|TheRedSceptile has 5 seconds left.
|
|t:|1756606651
|switch|p2a: Dragapult|Dragapult, L50, F|100/100
|move|p1a: Douglass|Protect|p1a: Douglass
|-singleturn|p1a: Douglass|Protect
|move|p1b: Sinatra|Overheat|p2a: Dragapult
|-resisted|p2a: Dragapult
|-damage|p2a: Dragapult|60/100
|-unboost|p1b: Sinatra|spa|2
|move|p2b: Primarina|Moonblast|p1a: Douglass
|-activate|p1a: Douglass|move: Protect
|
|upkeep
|turn|4
|
|t:|1756606674
|move|p1b: Sinatra|Rage Powder|p1b: Sinatra
|-singleturn|p1b: Sinatra|move: Rage Powder
|move|p1a: Douglass|Scale Shot|p2a: Dragapult
|-supereffective|p2a: Dragapult
|-damage|p2a: Dragapult|20/100
|-supereffective|p2a: Dragapult
|-damage|p2a: Dragapult|0 fnt
|faint|p2a: Dragapult
|-hitcount|p2: Dragapult|2
|-unboost|p1a: Douglass|def|1
|-boost|p1a: Douglass|spe|1
|move|p2b: Primarina|Hyper Voice|p1a: Douglass|[spread] p1a,p1b
|-resisted|p1a: Douglass
|-damage|p1a: Douglass|83/100
|-damage|p1b: Sinatra|72/100
|
|upkeep
|
|t:|1756606681
|switch|p2a: Kingambit|Kingambit, L50, F|100/100
|turn|5
|inactive|TheRedSceptile has 30 seconds left.
|
|t:|1756606714
|switch|p1a: Mr.Bigbucks|Gholdengo, L50|100/100
|move|p1b: Sinatra|Rage Powder|p1b: Sinatra
|-singleturn|p1b: Sinatra|move: Rage Powder
|move|p2b: Primarina|Moonblast|p1b: Sinatra
|-damage|p1b: Sinatra|33/100
|move|p2a: Kingambit|Swords Dance|p2a: Kingambit
|-boost|p2a: Kingambit|atk|2
|
|upkeep
|turn|6
|inactive|TheRedSceptile has 30 seconds left.
|
|t:|1756606748
|switch|p1a: Freddy|Ursaluna, L50, M|100/100
|move|p2a: Kingambit|Protect|p2a: Kingambit
|-singleturn|p2a: Kingambit|Protect
|move|p1b: Sinatra|Tailwind|p1b: Sinatra
|-sidestart|p1: fifthtimesthecharm|move: Tailwind
|move|p2b: Primarina|Moonblast|p1b: Sinatra
|-damage|p1b: Sinatra|0 fnt
|faint|p1b: Sinatra
|
|-status|p1a: Freddy|brn|[from] item: Flame Orb
|upkeep
|
|t:|1756606760
|switch|p1b: Douglass|Dragonite, L50, F|83/100
|turn|7
|inactive|TheRedSceptile has 30 seconds left.
|inactive|TheRedSceptile has 20 seconds left.
|inactive|TheRedSceptile has 15 seconds left.
|
|t:|1756606802
|-terastallize|p2a: Kingambit|Dark
|move|p1a: Freddy|Protect|p1a: Freddy
|-singleturn|p1a: Freddy|Protect
|move|p2a: Kingambit|Sucker Punch||[still]
|-fail|p2a: Kingambit
|move|p1b: Douglass|Haze|p1b: Douglass
|-clearallboost
|move|p2b: Primarina|Hyper Voice|p1a: Freddy|[spread] p1b
|-activate|p1a: Freddy|move: Protect
|-resisted|p1b: Douglass
|-damage|p1b: Douglass|67/100
|
|-damage|p1a: Freddy|94/100 brn|[from] brn
|upkeep
|turn|8
|inactive|TheRedSceptile has 30 seconds left.
|
|t:|1756606834
|move|p2b: Primarina|Protect|p2b: Primarina
|-singleturn|p2b: Primarina|Protect
|move|p2a: Kingambit|Protect|p2a: Kingambit
|-singleturn|p2a: Kingambit|Protect
|move|p1b: Douglass|Scale Shot|p2a: Kingambit
|-activate|p2a: Kingambit|move: Protect
|move|p1a: Freddy|Facade|p2b: Primarina
|-activate|p2b: Primarina|move: Protect
|
|-damage|p1a: Freddy|88/100 brn|[from] brn
|upkeep
|turn|9
|
|t:|1756606857
|switch|p2b: Electabuzz|Electabuzz, L50, F|34/100
|move|p2a: Kingambit|Sucker Punch|p1b: Douglass
|-damage|p1b: Douglass|0 fnt
|faint|p1b: Douglass
|move|p1a: Freddy|Facade|p2b: Electabuzz
|-damage|p2b: Electabuzz|0 fnt
|faint|p2b: Electabuzz
|
|-damage|p1a: Freddy|82/100 brn|[from] brn
|-sideend|p1: fifthtimesthecharm|move: Tailwind
|upkeep
|
|t:|1756606868
|switch|p1b: Mr.Bigbucks|Gholdengo, L50|100/100
|switch|p2b: Primarina|Primarina, L50, F|100/100
|turn|10
|inactive|fifthtimesthecharm has 30 seconds left.
|inactive|TheRedSceptile has 30 seconds left.
|inactive|fifthtimesthecharm has 20 seconds left.
|inactive|TheRedSceptile has 20 seconds left.
|inactive|TheRedSceptile has 15 seconds left.
|inactive|TheRedSceptile has 10 seconds left.
|
|t:|1756606914
|move|p1b: Mr.Bigbucks|Nasty Plot|p1b: Mr.Bigbucks
|-boost|p1b: Mr.Bigbucks|spa|2
|move|p2b: Primarina|Hyper Voice|p1a: Freddy|[spread] p1a,p1b
|-supereffective|p1a: Freddy
|-damage|p1a: Freddy|21/100 brn
|-damage|p1b: Mr.Bigbucks|66/100
|move|p1a: Freddy|Facade|p2a: Kingambit
|-damage|p2a: Kingambit|15/100
|move|p2a: Kingambit|Kowtow Cleave|p1b: Mr.Bigbucks
|-supereffective|p1b: Mr.Bigbucks
|-damage|p1b: Mr.Bigbucks|0 fnt
|faint|p1b: Mr.Bigbucks
|
|-damage|p1a: Freddy|15/100 brn|[from] brn
|upkeep
|turn|11
|
|t:|1756606939
|move|p2a: Kingambit|Sucker Punch|p1a: Freddy
|-damage|p1a: Freddy|0 fnt
|faint|p1a: Freddy
|
|win|TheRedSceptile
