|j|☆lolgz
|j|☆BackPAC
|html|lolgzBackPAC    
|uhtml|bestof|Game 1 of a best-of-3
|t:|1782193062
|gametype|doubles
|player|p1|lolgz|dawn|1205
|player|p2|BackPAC|burglar|1140
|gen|9
|tier|[Gen 9 Champions] VGC 2026 Reg M-B (Bo3)
|rated|
|rule|Species Clause: Limit one of each Pokémon
|rule|Item Clause: Limit 1 of each item
|clearpoke
|poke|p1|Torkoal, L50, F|
|poke|p1|Vileplume, L50, M|
|poke|p1|Farigiraf, L50, M|
|poke|p1|Scrafty, L50, F|
|poke|p1|Gallade, L50, M|
|poke|p1|Mawile, L50, F|
|poke|p2|Grimmsnarl, L50, M|
|poke|p2|Staraptor, L50, F|
|poke|p2|Milotic, L50, F|
|poke|p2|Ceruledge, L50, F|
|poke|p2|Serperior, L50, M|
|poke|p2|Kangaskhan, L50, F|
|teampreview|4
|showteam|p1|Torkoal||Charcoal|Drought|Eruption,WeatherBall,EarthPower,Protect|Quiet||F|||50|]Vileplume||FocusSash|Chlorophyll|EnergyBall,SludgeBomb,SleepPowder,AfterYou|Timid||M|||50|]Farigiraf||SitrusBerry|ArmorTail|TrickRoom,Protect,Psychic,HelpingHand|Bold||M|||50|]Scrafty||Scraftinite|Intimidate|CloseCombat,KnockOff,FakeOut,RockSlide|Brave||F|||50|]Gallade||IronBall|Sharpness|SacredSword,PsychoCut,WideGuard,TrickRoom|Brave||M|||50|]Mawile||Mawilite|Intimidate|SuckerPunch,PlayRough,SwordsDance,Protect|Brave||F|||50|
|showteam|p2|Grimmsnarl||LightClay|Prankster|PartingShot,LightScreen,Reflect,FoulPlay|Careful||M|||50|]Staraptor||Staraptite|Intimidate|Protect,Roost,BraveBird,CloseCombat|Jolly||F|||50|]Milotic||Leftovers|Competitive|Protect,Coil,Hypnosis,MuddyWater|Bold||F|||50|]Ceruledge||Charcoal|FlashFire|Protect,BulkUp,BitterBlade,ShadowSneak|Adamant||F|||50|]Serperior||WideLens|Contrary|Protect,Glare,Taunt,LeafStorm|Timid||M|||50|]Kangaskhan||Kangaskhanite|Scrappy|FakeOut,LowKick,IcePunch,DoubleEdge|Adamant||F|||50|
|inactive|Battle timer is ON: inactive players will automatically lose when time's up. (requested by lolgz)
|inactive|BackPAC has 60 seconds left.
|
|t:|1782193105
|teamsize|p1|4
|teamsize|p2|4
|start
|switch|p1a: Vileplume|Vileplume, L50, M|100/100
|switch|p1b: Torkoal|Torkoal, L50, F|100/100
|switch|p2a: Milotic|Milotic, L50, F|100/100
|switch|p2b: Ceruledge|Ceruledge, L50, F|100/100
|-weather|SunnyDay|[from] ability: Drought|[of] p1b: Torkoal
|turn|1
|inactive|lolgz has 30 seconds left.
|inactive|lolgz has 20 seconds left.
|inactive|lolgz has 15 seconds left.
|
|t:|1782193148
|move|p1b: Torkoal|Protect|p1b: Torkoal
|-singleturn|p1b: Torkoal|Protect
|move|p1a: Vileplume|Sleep Powder|p2b: Ceruledge
|-status|p2b: Ceruledge|slp|[from] move: Sleep Powder
|move|p2a: Milotic|Coil|p2a: Milotic
|-boost|p2a: Milotic|atk|1
|-boost|p2a: Milotic|def|1
|-boost|p2a: Milotic|accuracy|1
|cant|p2b: Ceruledge|slp
|
|-weather|SunnyDay|[upkeep]
|upkeep
|turn|2
|
|t:|1782193166
|move|p2a: Milotic|Protect|p2a: Milotic
|-singleturn|p2a: Milotic|Protect
|move|p1a: Vileplume|Sleep Powder|p2a: Milotic
|-activate|p2a: Milotic|move: Protect
|cant|p2b: Ceruledge|slp
|move|p1b: Torkoal|Earth Power|p2b: Ceruledge
|-supereffective|p2b: Ceruledge|1
|-damage|p2b: Ceruledge|50/100g slp
|
|-weather|SunnyDay|[upkeep]
|upkeep
|turn|3
|
|t:|1782193185
|move|p1a: Vileplume|After You|p1b: Torkoal
|-activate|p1b: Torkoal|move: After You
|move|p1b: Torkoal|Earth Power|p2b: Ceruledge
|-supereffective|p2b: Ceruledge|1
|-damage|p2b: Ceruledge|0 fnt
|faint|p2b: Ceruledge
|move|p2a: Milotic|Muddy Water|p1a: Vileplume|[spread] p1a,p1b
|-resisted|p1a: Vileplume|1
|-supereffective|p1b: Torkoal|1
|-damage|p1a: Vileplume|92/100
|-damage|p1b: Torkoal|69/100
|-unboost|p1a: Vileplume|accuracy|1
|
|-weather|SunnyDay|[upkeep]
|upkeep
|
|t:|1782193192
|switch|p2b: Grimmsnarl|Grimmsnarl, L50, M|100/100
|turn|4
|
|t:|1782193203
|move|p2b: Grimmsnarl|Light Screen|p2b: Grimmsnarl
|-sidestart|p2: BackPAC|move: Light Screen
|move|p1a: Vileplume|Sleep Powder|p2a: Milotic
|-status|p2a: Milotic|slp|[from] move: Sleep Powder
|cant|p2a: Milotic|slp
|move|p1b: Torkoal|Eruption|p2b: Grimmsnarl|[spread] p2a,p2b
|-resisted|p2a: Milotic|1
|-damage|p2a: Milotic|85/100 slp
|-damage|p2b: Grimmsnarl|65/100
|
|-weather|SunnyDay|[upkeep]
|-heal|p2a: Milotic|91/100 slp|[from] item: Leftovers
|upkeep
|turn|5
|
|t:|1782193214
|switch|p1b: Farigiraf|Farigiraf, L50, M|100/100
|move|p1a: Vileplume|Energy Ball|p2a: Milotic|[miss]
|-miss|p1a: Vileplume|p2a: Milotic
|cant|p2a: Milotic|slp
|move|p2b: Grimmsnarl|Foul Play|p1a: Vileplume
|-damage|p1a: Vileplume|62/100
|
|-weather|none
|-heal|p2a: Milotic|97/100 slp|[from] item: Leftovers
|upkeep
|turn|6
|
|t:|1782193230
|-curestatus|p2a: Milotic|slp|[msg]
|move|p2a: Milotic|Coil|p2a: Milotic
|-boost|p2a: Milotic|atk|1
|-boost|p2a: Milotic|def|1
|-boost|p2a: Milotic|accuracy|1
|move|p1a: Vileplume|Energy Ball|p2a: Milotic
|-supereffective|p2a: Milotic|1
|-damage|p2a: Milotic|58/100
|move|p2b: Grimmsnarl|Foul Play|p1a: Vileplume
|-damage|p1a: Vileplume|30/100
|move|p1b: Farigiraf|Trick Room|p1b: Farigiraf
|-fieldstart|move: Trick Room|[of] p1b: Farigiraf
|
|-heal|p2a: Milotic|64/100|[from] item: Leftovers
|upkeep
|turn|7
|
|t:|1782193250
|move|p1b: Farigiraf|Psychic|p2a: Milotic
|-damage|p2a: Milotic|48/100
|move|p2b: Grimmsnarl|Foul Play|p1a: Vileplume
|-damage|p1a: Vileplume|1/100
|move|p1a: Vileplume|Energy Ball|p2a: Milotic
|-supereffective|p2a: Milotic|1
|-damage|p2a: Milotic|6/100
|move|p2a: Milotic|Hypnosis|p1b: Farigiraf
|-status|p1b: Farigiraf|slp|[from] move: Hypnosis
|
|-heal|p2a: Milotic|12/100|[from] item: Leftovers
|upkeep
|turn|8
|
|t:|1782193275
|switch|p1b: Gallade|Gallade, L50, M|100/100
|move|p2b: Grimmsnarl|Foul Play|p1a: Vileplume
|-damage|p1a: Vileplume|0 fnt
|faint|p1a: Vileplume
|move|p2a: Milotic|Muddy Water|p1b: Gallade
|-damage|p1b: Gallade|70/100
|
|-heal|p2a: Milotic|18/100|[from] item: Leftovers
|upkeep
|
|t:|1782193280
|switch|p1a: Torkoal|Torkoal, L50, F|69/100
|-weather|SunnyDay|[from] ability: Drought|[of] p1a: Torkoal
|turn|9
|
|t:|1782193288
|move|p2a: Milotic|Protect|p2a: Milotic
|-singleturn|p2a: Milotic|Protect
|move|p2b: Grimmsnarl|Parting Shot|p1a: Torkoal
|-unboost|p1a: Torkoal|atk|1
|-unboost|p1a: Torkoal|spa|1
|
|t:|1782193293
|switch|p2b: Staraptor|Staraptor, L50, F|100/100|[from] Parting Shot
|-ability|p2b: Staraptor|Intimidate|boost
|-unboost|p1a: Torkoal|atk|1
|-unboost|p1b: Gallade|atk|1
|move|p1a: Torkoal|Eruption|p2a: Milotic|[spread] p2b
|-activate|p2a: Milotic|move: Protect
|-damage|p2b: Staraptor|62/100
|move|p1b: Gallade|Sacred Sword|p2b: Staraptor
|-damage|p2b: Staraptor|4/100
|
|-weather|SunnyDay|[upkeep]
|-heal|p2a: Milotic|25/100|[from] item: Leftovers
|upkeep
|turn|10
|
|t:|1782193318
|switch|p2b: Grimmsnarl|Grimmsnarl, L50, M|65/100
|move|p1a: Torkoal|Eruption|p2a: Milotic|[spread] p2a,p2b
|-resisted|p2a: Milotic|1
|-damage|p2a: Milotic|15/100
|-damage|p2b: Grimmsnarl|40/100
|move|p1b: Gallade|Sacred Sword|p2a: Milotic
|-damage|p2a: Milotic|0 fnt
|faint|p2a: Milotic
|
|-weather|SunnyDay|[upkeep]
|-fieldend|move: Trick Room
|upkeep
|
|t:|1782193325
|switch|p2a: Staraptor|Staraptor, L50, F|4/100
|-ability|p2a: Staraptor|Intimidate|boost
|-unboost|p1a: Torkoal|atk|1
|-unboost|p1b: Gallade|atk|1
|turn|11
|
|t:|1782193336
|detailschange|p2a: Staraptor|Staraptor-Mega, L50, F
|-mega|p2a: Staraptor|Staraptor|Staraptite
|move|p2b: Grimmsnarl|Reflect|p2b: Grimmsnarl
|-sidestart|p2: BackPAC|Reflect
|move|p2a: Staraptor|Roost|p2a: Staraptor
|-heal|p2a: Staraptor|54/100
|-singleturn|p2a: Staraptor|move: Roost
|move|p1a: Torkoal|Eruption|p2b: Grimmsnarl|[spread] p2a,p2b
|-damage|p2a: Staraptor|25/100
|-damage|p2b: Grimmsnarl|15/100
|move|p1b: Gallade|Trick Room|p1b: Gallade
|-fieldstart|move: Trick Room|[of] p1b: Gallade
|
|-weather|SunnyDay|[upkeep]
|-sideend|p2: BackPAC|move: Light Screen
|upkeep
|turn|12
|
|t:|1782193344
|move|p1a: Torkoal|Eruption|p2b: Grimmsnarl|[spread] p2a,p2b
|-damage|p2a: Staraptor|0 fnt
|-damage|p2b: Grimmsnarl|0 fnt
|faint|p2a: Staraptor
|faint|p2b: Grimmsnarl
|
|win|lolgz
