|j|☆fscaFAeAFfe
|j|☆shiroblast
|html|fscaFAeAFfeshiroblast    
|uhtml|bestof|Game 1 of a best-of-3
|t:|1785893187
|gametype|doubles
|player|p1|fscaFAeAFfe|102|1040
|player|p2|shiroblast|benga|1142
|gen|9
|tier|[Gen 9 Champions] VGC 2026 Reg M-B (Bo3)
|rated|
|rule|Species Clause: Limit one of each Pokémon
|rule|Item Clause: Limit 1 of each item
|clearpoke
|poke|p1|Flapple, L50, M|
|poke|p1|Meowstic, L50, M, shiny|
|poke|p1|Aerodactyl, L50, F|
|poke|p1|Metagross, L50|
|poke|p1|Kangaskhan, L50, F|
|poke|p1|Sableye, L50, F|
|poke|p2|Swampert, L50, F|
|poke|p2|Archaludon, L50, F|
|poke|p2|Tyranitar, L50, M|
|poke|p2|Pelipper, L50, F|
|poke|p2|Mawile, L50, M|
|poke|p2|Sinistcha-Masterpiece, L50|
|teampreview|4
|showteam|p1|Flapple||LifeOrb|Hustle|GravApple,DragonRush,Protect,DualWingbeat|Jolly||M|||50|]Meowstic||MentalHerb|Prankster|Protect,Gravity,FakeOut,HelpingHand|Careful||M|||50|]Aerodactyl||FocusSash|Unnerve|DualWingbeat,Tailwind,RockSlide,Protect|Jolly||F|||50|]Metagross||Metagrossite|ClearBody|ZenHeadbutt,HammerArm,Protect,MeteorMash|Jolly|||||50|]Kangaskhan||SilkScarf|Scrappy|FakeOut,LastResort|Jolly||F|||50|]Sableye||Leftovers|Prankster|Gravity,Encore,WillOWisp,FakeOut|Careful||F|||50|
|showteam|p2|Swampert||Swampertite|Torrent|WaveCrash,IcePunch,Earthquake,Protect|Adamant||F|||50|]Archaludon||Leftovers|Stamina|DragonPulse,ElectroShot,FlashCannon,Protect|Calm||F|||50|]Tyranitar||LifeOrb|SandStream|KnockOff,RockSlide,StompingTantrum,Protect|Jolly||M|||50|]Pelipper||FocusSash|Drizzle|Hurricane,HelpingHand,Tailwind,WideGuard|Timid||F|||50|]Mawile||Mawilite|Intimidate|SuckerPunch,PlayRough,SwordsDance,Protect|Adamant||M|||50|]Sinistcha-Masterpiece||CobaBerry|Hospitality|RagePowder,MatchaGotcha,TrickRoom,Protect|Calm|||||50|
|
|t:|1785893237
|teamsize|p1|4
|teamsize|p2|4
|start
|switch|p1a: Meowstic|Meowstic, L50, M, shiny|100/100
|switch|p1b: Kangaskhan|Kangaskhan, L50, F|100/100
|switch|p2a: Pelipper|Pelipper, L50, F|100/100
|switch|p2b: Swampert|Swampert, L50, F|100/100
|-weather|RainDance|[from] ability: Drizzle|[of] p2a: Pelipper
|turn|1
|
|t:|1785893275
|switch|p2a: Sinistcha|Sinistcha-Masterpiece, L50|100/100
|detailschange|p2b: Swampert|Swampert-Mega, L50, F
|-mega|p2b: Swampert|Swampert|Swampertite
|move|p1b: Kangaskhan|Fake Out|p2a: Sinistcha
|-damage|p2a: Sinistcha|82/100
|move|p1a: Meowstic|Gravity|p1a: Meowstic
|-fieldstart|move: Gravity
|move|p2b: Swampert|Ice Punch|p1a: Meowstic
|-damage|p1a: Meowstic|63/100
|
|-weather|RainDance|[upkeep]
|upkeep
|turn|2
|
|t:|1785893305
|move|p1a: Meowstic|Protect|p1a: Meowstic
|-singleturn|p1a: Meowstic|Protect
|move|p2a: Sinistcha|Rage Powder|p2a: Sinistcha
|-singleturn|p2a: Sinistcha|move: Rage Powder
|move|p2b: Swampert|Wave Crash|p1b: Kangaskhan
|-damage|p1b: Kangaskhan|0 fnt
|faint|p1b: Kangaskhan
|-damage|p2b: Swampert|65/100|[from] Recoil
|
|-weather|RainDance|[upkeep]
|upkeep
|
|t:|1785893315
|switch|p1b: Flapple|Flapple, L50, M|100/100
|turn|3
|
|t:|1785893355
|switch|p1a: Metagross|Metagross, L50|100/100
|switch|p2a: Pelipper|Pelipper, L50, F|100/100
|move|p1b: Flapple|Protect|p1b: Flapple
|-singleturn|p1b: Flapple|Protect
|move|p2b: Swampert|Ice Punch|p1b: Flapple
|-activate|p1b: Flapple|move: Protect
|
|-weather|RainDance|[upkeep]
|upkeep
|turn|4
|
|t:|1785893384
|switch|p1b: Meowstic|Meowstic, L50, M, shiny|63/100
|detailschange|p1a: Metagross|Metagross-Mega, L50
|-mega|p1a: Metagross|Metagross|Metagrossite
|move|p2a: Pelipper|Wide Guard|p2a: Pelipper
|-singleturn|p2a: Pelipper|Wide Guard
|move|p2b: Swampert|Earthquake|p1b: Meowstic|[spread] p1a,p1b
|-activate|p2a: Pelipper|move: Wide Guard
|-supereffective|p1a: Metagross|1
|-damage|p1a: Metagross|22/100
|-damage|p1b: Meowstic|7/100
|move|p1a: Metagross|Zen Headbutt|p2b: Swampert
|-damage|p2b: Swampert|5/100
|
|-weather|RainDance|[upkeep]
|upkeep
|turn|5
|
|t:|1785893409
|switch|p2a: Sinistcha|Sinistcha-Masterpiece, L50|82/100
|-heal|p2b: Swampert|30/100|[from] ability: Hospitality|[of] p2a: Sinistcha
|move|p2b: Swampert|Protect|p2b: Swampert
|-singleturn|p2b: Swampert|Protect
|move|p1a: Metagross|Protect|p1a: Metagross
|-singleturn|p1a: Metagross|Protect
|move|p1b: Meowstic|Fake Out|p2b: Swampert
|-activate|p2b: Swampert|move: Protect
|
|-weather|none
|-fieldend|move: Gravity
|upkeep
|turn|6
|
|t:|1785893433
|switch|p2a: Pelipper|Pelipper, L50, F|100/100
|-weather|RainDance|[from] ability: Drizzle|[of] p2a: Pelipper
|move|p1b: Meowstic|Gravity|p1b: Meowstic
|-fieldstart|move: Gravity
|move|p2b: Swampert|Earthquake|p1a: Metagross|[spread] p2a,p1a,p1b
|-supereffective|p1a: Metagross|1
|-damage|p2a: Pelipper|40/100
|-damage|p1a: Metagross|0 fnt
|-damage|p1b: Meowstic|0 fnt
|faint|p1a: Metagross
|faint|p1b: Meowstic
|
|-weather|RainDance|[upkeep]
|upkeep
|
|t:|1785893459
|switch|p1b: Flapple|Flapple, L50, M|100/100
|turn|7
|
|t:|1785893471
|move|p2b: Swampert|Ice Punch|p1b: Flapple
|-supereffective|p1b: Flapple|2
|-damage|p1b: Flapple|0 fnt
|faint|p1b: Flapple
|
|win|shiroblast
||fscaFAeAFfe is ready for game 2.
||shiroblast is ready for game 2.
|uhtml|next|Next: Game 2 of 3
|l|☆fscaFAeAFfe
|player|p1|
