|j|☆JCOdyssey
|j|☆cgsmores
|html|JCOdysseycgsmores    
|uhtml|bestof|Game 1 of a best-of-3
|t:|1783461734
|gametype|doubles
|player|p1|JCOdyssey|bianca|
|player|p2|cgsmores|101|
|gen|9
|tier|[Gen 9 Champions] VGC 2026 Reg M-B (Bo3)
|rule|Species Clause: Limit one of each Pokémon
|rule|Item Clause: Limit 1 of each item
|clearpoke
|poke|p1|Crabominable, L50, M|
|poke|p1|Staraptor, L50, F|
|poke|p1|Farigiraf, L50, M|
|poke|p1|Primarina, L50, F|
|poke|p1|Tinkaton, L50, F|
|poke|p1|Gallade, L50, M|
|poke|p2|Incineroar, L50, F|
|poke|p2|Sinistcha, L50, shiny|
|poke|p2|Lucario, L50, M|
|poke|p2|Snorlax, L50, F|
|poke|p2|Slowking-Galar, L50, F|
|poke|p2|Azumarill, L50, M, shiny|
|teampreview|4
|showteam|p1|Crabominable||Crabominite|HyperCutter|Protect,IceHammer,DrainPunch,MachPunch|Brave||M|||50|]Staraptor||ChoiceScarf|Intimidate|Uturn,FinalGambit,BraveBird,CloseCombat|Jolly||F|||50|]Farigiraf||MentalHerb|ArmorTail|TrickRoom,Protect,HyperVoice,HelpingHand|Relaxed||M|||50|]Primarina||MysticWater|LiquidVoice|HyperVoice,Moonblast,CalmMind,Protect|Quiet||F|||50|]Tinkaton||Leftovers|OwnTempo|FakeOut,PlayRough,KnockOff,Encore|Impish||F|||50|]Gallade||SitrusBerry|Sharpness|NightSlash,SacredSword,TrickRoom,Protect|Sassy||M|||50|
|showteam|p2|Incineroar||ChopleBerry|Intimidate|PartingShot,FakeOut,FlareBlitz,ThroatChop|Brave||F|||50|]Sinistcha||ColburBerry|Hospitality|TrickRoom,Protect,MatchaGotcha,LifeDew|Relaxed|||||50|]Lucario||Lucarionite|InnerFocus|CloseCombat,Protect,ThunderPunch,MeteorMash|Adamant||M|||50|]Snorlax||Leftovers|ThickFat|HighHorsepower,BodySlam,Yawn,Protect|Brave||F|||50|]Slowking-Galar||MentalHerb|Regenerator|TrickRoom,SludgeBomb,Psychic,IceBeam|Quiet||F|||50|]Azumarill||SitrusBerry|HugePower|PlayRough,BellyDrum,Protect,Liquidation|Brave||M|||50|
|j| Bill Candy X
|c| Bill Candy X|wooooooo gaming
|j| majinbuu22
|j| SparksFitz
|c| SparksFitz|Hi connor
|c| Bill Candy X|hi curtis long time no see
|c| Bill Candy X|and majin buu himself
|c| SparksFitz|yep.
|c| majinbuu22|Hi
|c|☆JCOdyssey|For caroline and I, it shows the option to look at each other's team sheets but we are honor systeming and not doing so per league rules. If anyone knows how to turn that off in challenge settings that would be great
|
|t:|1783462256
|teamsize|p1|4
|teamsize|p2|4
|start
|switch|p1a: boy w/the ♀ symbol|Primarina, L50, F|100/100
|switch|p1b: Grl w/the ♂ symbol|Gallade, L50, M|100/100
|switch|p2a: Diva|Sinistcha, L50, shiny|100/100
|switch|p2b: Super Meowzin|Incineroar, L50, F|100/100
|-ability|p2b: Super Meowzin|Intimidate|boost
|-unboost|p1a: boy w/the ♀ symbol|atk|1
|-unboost|p1b: Grl w/the ♂ symbol|atk|1
|turn|1
|c| Bill Candy X|can already tell the nicknames are gonna pop off this game
|
|t:|1783462310
|move|p1b: Grl w/the ♂ symbol|Protect|p1b: Grl w/the ♂ symbol
|-singleturn|p1b: Grl w/the ♂ symbol|Protect
|move|p1a: boy w/the ♀ symbol|Protect|p1a: boy w/the ♀ symbol
|-singleturn|p1a: boy w/the ♀ symbol|Protect
|move|p2b: Super Meowzin|Fake Out|p1a: boy w/the ♀ symbol
|-activate|p1a: boy w/the ♀ symbol|move: Protect
|move|p2a: Diva|Trick Room|p2a: Diva
|-fieldstart|move: Trick Room|[of] p2a: Diva
|
|upkeep
|turn|2
|c| majinbuu22|Always rooting for the player without trick room
|c| majinbuu22|Move makes me sad
|
|t:|1783462368
|move|p1a: boy w/the ♀ symbol|Calm Mind|p1a: boy w/the ♀ symbol
|-boost|p1a: boy w/the ♀ symbol|spa|1
|-boost|p1a: boy w/the ♀ symbol|spd|1
|move|p2b: Super Meowzin|Throat Chop|p1a: boy w/the ♀ symbol
|-resisted|p1a: boy w/the ♀ symbol|1
|-damage|p1a: boy w/the ♀ symbol|75/100
|-start|p1a: boy w/the ♀ symbol|Throat Chop|[silent]
|move|p2a: Diva|Matcha Gotcha|p1b: Grl w/the ♂ symbol|[spread] p1a,p1b
|-supereffective|p1a: boy w/the ♀ symbol|1
|-damage|p1a: boy w/the ♀ symbol|47/100
|-damage|p1b: Grl w/the ♂ symbol|84/100
|move|p1b: Grl w/the ♂ symbol|Night Slash|p2a: Diva
|-supereffective|p2a: Diva|1
|-enditem|p2a: Diva|Colbur Berry|[eat]
|-enditem|p2a: Diva|Colbur Berry|[weaken]
|-damage|p2a: Diva|84/100
|
|upkeep
|turn|3
|
|t:|1783462398
|move|p1b: Grl w/the ♂ symbol|Protect|p1b: Grl w/the ♂ symbol
|-singleturn|p1b: Grl w/the ♂ symbol|Protect
|move|p1a: boy w/the ♀ symbol|Moonblast|p2b: Super Meowzin
|-damage|p2b: Super Meowzin|28/100
|move|p2b: Super Meowzin|Parting Shot|p1b: Grl w/the ♂ symbol
|-activate|p1b: Grl w/the ♂ symbol|move: Protect
|move|p2a: Diva|Matcha Gotcha|p1a: boy w/the ♀ symbol|[spread] p1a
|-activate|p1b: Grl w/the ♂ symbol|move: Protect
|-supereffective|p1a: boy w/the ♀ symbol|1
|-damage|p1a: boy w/the ♀ symbol|21/100
|-heal|p2a: Diva|97/100|[from] drain|[of] p1a: boy w/the ♀ symbol
|
|-end|p1a: boy w/the ♀ symbol|Throat Chop|[silent]
|upkeep
|turn|4
|
|t:|1783462434
|move|p1a: boy w/the ♀ symbol|Protect|p1a: boy w/the ♀ symbol
|-singleturn|p1a: boy w/the ♀ symbol|Protect
|move|p2b: Super Meowzin|Parting Shot|p1b: Grl w/the ♂ symbol
|-unboost|p1b: Grl w/the ♂ symbol|atk|1
|-unboost|p1b: Grl w/the ♂ symbol|spa|1
|
|t:|1783462449
|switch|p2b: Lemon Martini|Azumarill, L50, M, shiny|100/100|[from] Parting Shot
|move|p2a: Diva|Matcha Gotcha|p1a: boy w/the ♀ symbol|[spread] p1b
|-activate|p1a: boy w/the ♀ symbol|move: Protect
|-damage|p1b: Grl w/the ♂ symbol|66/100
|-heal|p2a: Diva|100/100|[from] drain|[of] p1b: Grl w/the ♂ symbol
|move|p1b: Grl w/the ♂ symbol|Sacred Sword|p2b: Lemon Martini
|-resisted|p2b: Lemon Martini|1
|-damage|p2b: Lemon Martini|84/100
|
|upkeep
|turn|5
|
|t:|1783462526
|switch|p1a: thing|Tinkaton, L50, F|100/100
|move|p2b: Lemon Martini|Protect|p2b: Lemon Martini
|-singleturn|p2b: Lemon Martini|Protect
|move|p2a: Diva|Matcha Gotcha|p1a: thing|[spread] p1a,p1b
|-resisted|p1a: thing|1
|-damage|p1a: thing|89/100
|-damage|p1b: Grl w/the ♂ symbol|49/100
|-enditem|p1b: Grl w/the ♂ symbol|Sitrus Berry|[eat]
|-heal|p1b: Grl w/the ♂ symbol|73/100|[from] item: Sitrus Berry
|move|p1b: Grl w/the ♂ symbol|Night Slash|p2a: Diva
|-supereffective|p2a: Diva|1
|-damage|p2a: Diva|77/100
|
|-heal|p1a: thing|95/100|[from] item: Leftovers
|-fieldend|move: Trick Room
|upkeep
|turn|6
|
|t:|1783462574
|move|p1a: thing|Fake Out|p2b: Lemon Martini
|-damage|p2b: Lemon Martini|76/100
|move|p2a: Diva|Matcha Gotcha|p1a: thing|[spread] p1b
|-miss|p2a: Diva|p1a: thing
|-damage|p1b: Grl w/the ♂ symbol|57/100
|-heal|p2a: Diva|85/100|[from] drain|[of] p1b: Grl w/the ♂ symbol
|cant|p2b: Lemon Martini|flinch
|move|p1b: Grl w/the ♂ symbol|Trick Room|p1b: Grl w/the ♂ symbol
|-fieldstart|move: Trick Room|[of] p1b: Grl w/the ♂ symbol
|
|-heal|p1a: thing|100/100|[from] item: Leftovers
|upkeep
|turn|7
|
|t:|1783462613
|move|p1b: Grl w/the ♂ symbol|Protect|p1b: Grl w/the ♂ symbol
|-singleturn|p1b: Grl w/the ♂ symbol|Protect
|move|p2b: Lemon Martini|Play Rough|p1b: Grl w/the ♂ symbol
|-activate|p1b: Grl w/the ♂ symbol|move: Protect
|move|p2a: Diva|Matcha Gotcha|p1b: Grl w/the ♂ symbol|[spread] p1a
|-activate|p1b: Grl w/the ♂ symbol|move: Protect
|-resisted|p1a: thing|1
|-damage|p1a: thing|89/100
|-heal|p2a: Diva|90/100|[from] drain|[of] p1a: thing
|-status|p1a: thing|brn
|move|p1a: thing|Play Rough|p2b: Lemon Martini
|-damage|p2b: Lemon Martini|64/100
|
|-heal|p1a: thing|95/100 brn|[from] item: Leftovers
|-damage|p1a: thing|89/100 brn|[from] brn
|upkeep
|turn|8
|
|t:|1783462656
|switch|p2a: Super Meowzin|Incineroar, L50, F|28/100
|-ability|p2a: Super Meowzin|Intimidate|boost
|-fail|p1a: thing|unboost|Attack|[from] ability: Own Tempo|[of] p1a: thing
|-unboost|p1b: Grl w/the ♂ symbol|atk|1
|switch|p1b: boy w/the ♀ symbol|Primarina, L50, F|21/100
|move|p2b: Lemon Martini|Play Rough|p1b: boy w/the ♀ symbol
|-damage|p1b: boy w/the ♀ symbol|0 fnt
|faint|p1b: boy w/the ♀ symbol
|move|p1a: thing|Knock Off|p2b: Lemon Martini
|-resisted|p2b: Lemon Martini|1
|-damage|p2b: Lemon Martini|60/100
|-enditem|p2b: Lemon Martini|Sitrus Berry|[from] move: Knock Off|[of] p1a: thing
|
|-heal|p1a: thing|95/100 brn|[from] item: Leftovers
|-damage|p1a: thing|89/100 brn|[from] brn
|upkeep
|
|t:|1783462673
|switch|p1b: crab dad|Crabominable, L50, M|100/100
|turn|9
|
|t:|1783462726
|detailschange|p1b: crab dad|Crabominable-Mega, L50, M
|-mega|p1b: crab dad|Crabominable|Crabominite
|move|p1b: crab dad|Ice Hammer|p2a: Super Meowzin|[miss]
|-miss|p1b: crab dad|p2a: Super Meowzin
|move|p2b: Lemon Martini|Belly Drum|p2b: Lemon Martini
|-damage|p2b: Lemon Martini|10/100
|-setboost|p2b: Lemon Martini|atk|6|[from] move: Belly Drum
|move|p2a: Super Meowzin|Parting Shot|p1b: crab dad
|-unboost|p1b: crab dad|atk|1
|-unboost|p1b: crab dad|spa|1
|
|t:|1783462740
|switch|p2a: Diva|Sinistcha, L50, shiny|90/100|[from] Parting Shot
|-heal|p2b: Lemon Martini|35/100|[from] ability: Hospitality|[of] p2a: Diva
|move|p1a: thing|Play Rough|p2b: Lemon Martini
|-damage|p2b: Lemon Martini|21/100
|-unboost|p2b: Lemon Martini|atk|1
|
|-heal|p1a: thing|95/100 brn|[from] item: Leftovers
|-damage|p1a: thing|89/100 brn|[from] brn
|upkeep
|turn|10
|
|t:|1783462784
|move|p1b: crab dad|Ice Hammer|p2b: Lemon Martini
|-resisted|p2b: Lemon Martini|1
|-damage|p2b: Lemon Martini|0 fnt
|-unboost|p1b: crab dad|spe|1
|faint|p2b: Lemon Martini
|move|p2a: Diva|Life Dew|p2a: Diva
|-heal|p2a: Diva|100/100
|move|p1a: thing|Play Rough|p2a: Diva
|-damage|p2a: Diva|89/100
|
|-heal|p1a: thing|95/100 brn|[from] item: Leftovers
|-damage|p1a: thing|89/100 brn|[from] brn
|-fieldend|move: Trick Room
|upkeep
|
|t:|1783462799
|switch|p2b: Dog|Lucario, L50, M|100/100
|turn|11
|
|t:|1783462822
|switch|p1a: Grl w/the ♂ symbol|Gallade, L50, M|57/100
|move|p2a: Diva|Protect|p2a: Diva
|-singleturn|p2a: Diva|Protect
|move|p1b: crab dad|Protect|p1b: crab dad
|-singleturn|p1b: crab dad|Protect
|move|p2b: Dog|Close Combat|p1b: crab dad
|-activate|p1b: crab dad|move: Protect
|
|upkeep
|turn|12
|
|t:|1783462901
|switch|p1b: thing|Tinkaton, L50, F|89/100 brn
|detailschange|p2b: Dog|Lucario-Mega, L50, M
|-mega|p2b: Dog|Lucario|Lucarionite
|move|p1a: Grl w/the ♂ symbol|Protect|p1a: Grl w/the ♂ symbol
|-singleturn|p1a: Grl w/the ♂ symbol|Protect
|move|p2b: Dog|Close Combat|p1b: thing
|-damage|p1b: thing|0 fnt
|-unboost|p2b: Dog|def|1
|-unboost|p2b: Dog|spd|1
|faint|p1b: thing
|move|p2a: Diva|Matcha Gotcha|p1a: Grl w/the ♂ symbol
|-activate|p1a: Grl w/the ♂ symbol|move: Protect
|
|upkeep
|
|t:|1783462917
|switch|p1b: crab dad|Crabominable-Mega, L50, M|100/100
|turn|13
|
|t:|1783462932
|move|p1b: crab dad|Mach Punch|p2b: Dog
|-supereffective|p2b: Dog|1
|-damage|p2b: Dog|0 fnt
|faint|p2b: Dog
|move|p2a: Diva|Matcha Gotcha|p1b: crab dad|[spread] p1a,p1b
|-damage|p1a: Grl w/the ♂ symbol|41/100
|-heal|p2a: Diva|97/100|[from] drain|[of] p1a: Grl w/the ♂ symbol
|-damage|p1b: crab dad|80/100
|-heal|p2a: Diva|100/100|[from] drain|[of] p1b: crab dad
|-status|p1b: crab dad|brn
|move|p1a: Grl w/the ♂ symbol|Trick Room|p1a: Grl w/the ♂ symbol
|-fieldstart|move: Trick Room|[of] p1a: Grl w/the ♂ symbol
|
|-damage|p1b: crab dad|75/100 brn|[from] brn
|upkeep
|
|t:|1783462954
|switch|p2b: Super Meowzin|Incineroar, L50, F|28/100
|-ability|p2b: Super Meowzin|Intimidate|boost
|-unboost|p1a: Grl w/the ♂ symbol|atk|1
|-unboost|p1b: crab dad|atk|1
|turn|14
|
|t:|1783462977
|move|p2b: Super Meowzin|Fake Out|p1b: crab dad
|-damage|p1b: crab dad|61/100 brn
|cant|p1b: crab dad|flinch
|move|p1a: Grl w/the ♂ symbol|Sacred Sword|p2b: Super Meowzin
|-supereffective|p2b: Super Meowzin|1
|-enditem|p2b: Super Meowzin|Chople Berry|[eat]
|-enditem|p2b: Super Meowzin|Chople Berry|[weaken]
|-damage|p2b: Super Meowzin|0 fnt
|faint|p2b: Super Meowzin
|move|p2a: Diva|Trick Room|p2a: Diva
|-fieldend|move: Trick Room
|
|-damage|p1b: crab dad|55/100 brn|[from] brn
|upkeep
|turn|15
|
|t:|1783463001
|move|p1a: Grl w/the ♂ symbol|Night Slash|p2a: Diva
|-supereffective|p2a: Diva|1
|-crit|p2a: Diva
|-damage|p2a: Diva|31/100
|move|p2a: Diva|Matcha Gotcha|p1b: crab dad|[spread] p1a,p1b
|-damage|p1a: Grl w/the ♂ symbol|24/100
|-heal|p2a: Diva|39/100|[from] drain|[of] p1a: Grl w/the ♂ symbol
|-damage|p1b: crab dad|37/100 brn
|-heal|p2a: Diva|48/100|[from] drain|[of] p1b: crab dad
|move|p1b: crab dad|Ice Hammer|p2a: Diva
|-supereffective|p2a: Diva|1
|-damage|p2a: Diva|9/100
|-unboost|p1b: crab dad|spe|1
|
|-damage|p1b: crab dad|31/100 brn|[from] brn
|upkeep
|turn|16
|
|t:|1783463020
|move|p2a: Diva|Protect|p2a: Diva
|-singleturn|p2a: Diva|Protect
|move|p1a: Grl w/the ♂ symbol|Night Slash|p2a: Diva
|-activate|p2a: Diva|move: Protect
|move|p1b: crab dad|Ice Hammer|p2a: Diva
|-activate|p2a: Diva|move: Protect
|
|-damage|p1b: crab dad|26/100 brn|[from] brn
|upkeep
|turn|17
|
|t:|1783463031
|move|p2a: Diva|Protect||[still]
|-fail|p2a: Diva
|move|p1a: Grl w/the ♂ symbol|Night Slash|p2a: Diva
|-supereffective|p2a: Diva|1
|-crit|p2a: Diva
|-damage|p2a: Diva|0 fnt
|faint|p2a: Diva
|
|win|JCOdyssey
|c| Bill Candy X|wild back and forth omg
|inactive|JCOdyssey has 30 seconds to confirm battle start!
|inactive|cgsmores has 30 seconds to confirm battle start!
