|j|☆Luke693VGC
|j|☆Lstdnce
|html|Luke693VGCLstdnce    
|uhtml|bestof|Game 1 of a best-of-3
|t:|1756632840
|gametype|doubles
|player|p1|Luke693VGC|cyclist-gen4|1100
|player|p2|Lstdnce|1|1174
|gen|9
|tier|[Gen 9] VGC 2025 Reg H (Bo3)
|rated|
|rule|Species Clause: Limit one of each Pokémon
|rule|Item Clause: Limit 1 of each item
|clearpoke
|poke|p1|Archaludon, L50, M|
|poke|p1|Pelipper, L50, M|
|poke|p1|Basculegion, L50, M|
|poke|p1|Sinistcha, L50|
|poke|p1|Maushold-Four, L50|
|poke|p1|Annihilape, L50, M|
|poke|p2|Arcanine-Hisui, L50, M|
|poke|p2|Salamence, L50, F|
|poke|p2|Gholdengo, L50|
|poke|p2|Ursaluna-Bloodmoon, L50, M|
|poke|p2|Electabuzz, L50, M|
|poke|p2|Rillaboom, L50, M|
|teampreview|4
|showteam|p1|Archaludon||AssaultVest|Stamina|DracoMeteor,FlashCannon,ElectroShot,BodyPress|||M|||50|,,,,,Grass]Pelipper||FocusSash|Drizzle|Hurricane,WeatherBall,Tailwind,HelpingHand|||M|||50|,,,,,Stellar]Basculegion||ChoiceBand|SwiftSwim|WaveCrash,FlipTurn,LastRespects,AquaJet|||M|||50|,,,,,Grass]Sinistcha||SitrusBerry|Hospitality|MatchaGotcha,LifeDew,RagePowder,TrickRoom||||||50|,,,,,Fairy]Maushold-Four||SafetyGoggles|FriendGuard|BeatUp,FollowMe,Taunt,Protect||||||50|,,,,,Ghost]Annihilape||Leftovers|Defiant|DrainPunch,RageFist,BulkUp,Protect|||M|||50|,,,,,Grass
|showteam|p2|Arcanine-Hisui||ChoiceBand|RockHead|FlareBlitz,RockSlide,HeadSmash,ExtremeSpeed|||M|||50|,,,,,Ghost]Salamence||RockyHelmet|Intimidate|Tailwind,DracoMeteor,AirSlash,Roost|||F|||50|,,,,,Steel]Gholdengo||Leftovers|GoodasGold|MakeItRain,ShadowBall,NastyPlot,Protect||||||50|,,,,,Dragon]Ursaluna-Bloodmoon||LifeOrb|MindsEye|Protect,HyperVoice,EarthPower,BloodMoon|||M|||50|,,,,,Normal]Electabuzz||Eviolite|VitalSpirit|Protect,Electroweb,Taunt,FollowMe|||M|||50|,,,,,Dragon]Rillaboom||AssaultVest|GrassySurge|FakeOut,WoodHammer,Uturn,GrassyGlide|||M|||50|,,,,,Fire
|inactive|Battle timer is ON: inactive players will automatically lose when time's up. (requested by Lstdnce)
|
|t:|1756632874
|teamsize|p1|4
|teamsize|p2|4
|start
|switch|p1a: Maushold|Maushold-Four, L50|100/100
|switch|p1b: Annihilape|Annihilape, L50, M|100/100
|switch|p2a: Electabuzz|Electabuzz, L50, M|100/100
|switch|p2b: Ursaluna|Ursaluna-Bloodmoon, L50, M|100/100
|turn|1
|inactive|Luke693VGC has 30 seconds left.
|inactive|Luke693VGC has 20 seconds left.
|inactive|Luke693VGC has 15 seconds left.
|inactive|Luke693VGC has 10 seconds left.
|inactive|Luke693VGC has 5 seconds left.
|inactive|Lstdnce has 30 seconds left.
|
|t:|1756632925
|move|p2a: Electabuzz|Protect|p2a: Electabuzz
|-singleturn|p2a: Electabuzz|Protect
|move|p1a: Maushold|Follow Me|p1a: Maushold
|-singleturn|p1a: Maushold|move: Follow Me
|move|p1b: Annihilape|Bulk Up|p1b: Annihilape
|-boost|p1b: Annihilape|atk|1
|-boost|p1b: Annihilape|def|1
|move|p2b: Ursaluna|Hyper Voice|p1a: Maushold|[spread] p1a,p1b
|-damage|p1a: Maushold|41/100
|-damage|p1b: Annihilape|68/100
|-damage|p2b: Ursaluna|90/100|[from] item: Life Orb
|
|-heal|p1b: Annihilape|74/100|[from] item: Leftovers
|upkeep
|turn|2
|
|t:|1756632950
|move|p2a: Electabuzz|Follow Me|p2a: Electabuzz
|-singleturn|p2a: Electabuzz|move: Follow Me
|move|p1a: Maushold|Taunt|p2a: Electabuzz
|-start|p2a: Electabuzz|move: Taunt
|move|p1b: Annihilape|Drain Punch|p2a: Electabuzz
|-damage|p2a: Electabuzz|59/100
|-heal|p1b: Annihilape|90/100|[from] drain|[of] p2a: Electabuzz
|move|p2b: Ursaluna|Hyper Voice|p1b: Annihilape|[spread] p1a,p1b
|-damage|p1a: Maushold|0 fnt
|-damage|p1b: Annihilape|54/100
|faint|p1a: Maushold
|-damage|p2b: Ursaluna|80/100|[from] item: Life Orb
|
|-heal|p1b: Annihilape|60/100|[from] item: Leftovers
|upkeep
|
|t:|1756632966
|switch|p1a: Basculegion|Basculegion, L50, M|100/100
|turn|3
|
|t:|1756632986
|-terastallize|p2a: Electabuzz|Dragon
|move|p2a: Electabuzz|Electroweb|p1b: Annihilape|[spread] p1a,p1b
|-supereffective|p1a: Basculegion
|-damage|p1a: Basculegion|67/100
|-damage|p1b: Annihilape|48/100
|-unboost|p1a: Basculegion|spe|1
|-unboost|p1b: Annihilape|spe|1
|-ability|p1b: Annihilape|Defiant|boost
|-boost|p1b: Annihilape|atk|2
|move|p1b: Annihilape|Drain Punch|p2b: Ursaluna
|-supereffective|p2b: Ursaluna
|-damage|p2b: Ursaluna|0 fnt
|-heal|p1b: Annihilape|87/100|[from] drain|[of] p2b: Ursaluna
|faint|p2b: Ursaluna
|move|p1a: Basculegion|Wave Crash|p2a: Electabuzz
|-resisted|p2a: Electabuzz
|-damage|p2a: Electabuzz|19/100
|-damage|p1a: Basculegion|56/100|[from] Recoil
|
|-heal|p1b: Annihilape|93/100|[from] item: Leftovers
|upkeep
|
|t:|1756633004
|switch|p2b: Gholdengo|Gholdengo, L50|100/100
|turn|4
|
|t:|1756633028
|-terastallize|p1b: Annihilape|Grass
|move|p2b: Gholdengo|Protect|p2b: Gholdengo
|-singleturn|p2b: Gholdengo|Protect
|move|p2a: Electabuzz|Electroweb|p1a: Basculegion|[spread] p1a,p1b
|-supereffective|p1a: Basculegion
|-resisted|p1b: Annihilape
|-damage|p1a: Basculegion|25/100
|-damage|p1b: Annihilape|87/100
|-unboost|p1a: Basculegion|spe|1
|-unboost|p1b: Annihilape|spe|1
|-ability|p1b: Annihilape|Defiant|boost
|-boost|p1b: Annihilape|atk|2
|move|p1b: Annihilape|Rage Fist|p2b: Gholdengo
|-activate|p2b: Gholdengo|move: Protect
|move|p1a: Basculegion|Wave Crash|p2b: Gholdengo
|-activate|p2b: Gholdengo|move: Protect
|
|-heal|p1b: Annihilape|93/100|[from] item: Leftovers
|upkeep
|turn|5
|
|t:|1756633052
|switch|p1a: Pelipper|Pelipper, L50, M|100/100
|-weather|RainDance|[from] ability: Drizzle|[of] p1a: Pelipper
|move|p2a: Electabuzz|Electroweb|p1b: Annihilape|[spread] p1a,p1b
|-supereffective|p1a: Pelipper
|-resisted|p1b: Annihilape
|-enditem|p1a: Pelipper|Focus Sash
|-damage|p1a: Pelipper|1/100
|-damage|p1b: Annihilape|86/100
|-unboost|p1a: Pelipper|spe|1
|-unboost|p1b: Annihilape|spe|1
|-ability|p1b: Annihilape|Defiant|boost
|-boost|p1b: Annihilape|atk|1
|move|p2b: Gholdengo|Make It Rain|p1b: Annihilape|[spread] p1a,p1b
|-resisted|p1a: Pelipper
|-crit|p1a: Pelipper
|-damage|p1a: Pelipper|0 fnt
|-damage|p1b: Annihilape|44/100
|-unboost|p2b: Gholdengo|spa|1
|faint|p1a: Pelipper
|move|p1b: Annihilape|Rage Fist|p2b: Gholdengo
|-supereffective|p2b: Gholdengo
|-damage|p2b: Gholdengo|0 fnt
|faint|p2b: Gholdengo
|
|-weather|RainDance|[upkeep]
|-heal|p1b: Annihilape|50/100|[from] item: Leftovers
|-end|p2a: Electabuzz|move: Taunt
|upkeep
|
|t:|1756633076
|switch|p2b: Rillaboom|Rillaboom, L50, M|100/100
|switch|p1a: Basculegion|Basculegion, L50, M|25/100
|-fieldstart|move: Grassy Terrain|[from] ability: Grassy Surge|[of] p2b: Rillaboom
|turn|6
|inactive|Luke693VGC has 30 seconds left.
|inactive|Luke693VGC has 20 seconds left.
|
|t:|1756633116
|move|p2a: Electabuzz|Follow Me|p2a: Electabuzz
|-singleturn|p2a: Electabuzz|move: Follow Me
|move|p2b: Rillaboom|Grassy Glide|p1a: Basculegion
|-supereffective|p1a: Basculegion
|-damage|p1a: Basculegion|0 fnt
|faint|p1a: Basculegion
|move|p1b: Annihilape|Rage Fist|p2a: Electabuzz
|-damage|p2a: Electabuzz|0 fnt
|faint|p2a: Electabuzz
|
|-weather|RainDance|[upkeep]
|-heal|p1b: Annihilape|56/100|[from] Grassy Terrain
|-heal|p1b: Annihilape|63/100|[from] item: Leftovers
|upkeep
|turn|7
|
|t:|1756633136
|move|p2b: Rillaboom|U-turn|p1b: Annihilape
|-supereffective|p1b: Annihilape
|-damage|p1b: Annihilape|29/100
|move|p1b: Annihilape|Drain Punch|p2b: Rillaboom
|-damage|p2b: Rillaboom|0 fnt
|-heal|p1b: Annihilape|79/100|[from] drain|[of] p2b: Rillaboom
|faint|p2b: Rillaboom
|
|win|Luke693VGC
