|j|☆JobberKatie
|j|☆archyx
|html|JobberKatiearchyx    
|uhtml|bestof|Game 2 of a best-of-3
|t:|1756309907
|gametype|doubles
|player|p1|JobberKatie|bellelba|1075
|player|p2|archyx|ethan|1189
|gen|9
|tier|[Gen 9] VGC 2025 Reg H (Bo3)
|rated|
|rule|Species Clause: Limit one of each Pokémon
|rule|Item Clause: Limit 1 of each item
|clearpoke
|poke|p1|Volcarona, L50, F|
|poke|p1|Rillaboom, L50, F|
|poke|p1|Tyranitar, L50, M|
|poke|p1|Dragonite, L50, F|
|poke|p1|Jumpluff, L50, M|
|poke|p1|Primarina, L50, M|
|poke|p2|Indeedee-F, L50, F|
|poke|p2|Gallade, L50, M|
|poke|p2|Torkoal, L50, M|
|poke|p2|Ursaluna, L50, F|
|poke|p2|Exeggutor, L50, M|
|poke|p2|Zoroark-Hisui, L50, F|
|teampreview|4
|showteam|p1|Volcarona||GrassySeed|FlameBody|QuiverDance,HeatWave,TeraBlast,Protect|||F|||50|,,,,,Fairy]Rillaboom||AssaultVest|GrassySurge|HighHorsepower,GrassyGlide,Uturn,FakeOut|||F|||50|,,,,,Fire]Tyranitar||LifeOrb|SandStream|RockSlide,KnockOff,Protect,DragonDance|||M|||50|,,,,,Ghost]Dragonite||LoadedDice|Multiscale|ExtremeSpeed,IceSpinner,Protect,ScaleShot|||F|||50|,,,,,Steel]Jumpluff||CovertCloak|Chlorophyll|SleepPowder,Tailwind,Encore,LeafStorm|||M|||50|,,,,,Water]Primarina||SitrusBerry|LiquidVoice|HyperVoice,Moonblast,Protect,Haze|||M|||50|,,,,,Poison
|showteam|p2|Indeedee-F||RockyHelmet|PsychicSurge|Psychic,HelpingHand,FollowMe,TrickRoom|||F|||50|,,,,,Fairy]Gallade||ClearAmulet|Sharpness|SacredSword,PsychoCut,WideGuard,TrickRoom|||M|||50|,,,,,Grass]Torkoal||Charcoal|Drought|Eruption,WeatherBall,HeatWave,Protect|||M|||50|,,,,,Fire]Ursaluna||FlameOrb|Guts|Facade,HeadlongRush,Earthquake,Protect|||F|||50|,,,,,Ghost]Exeggutor||FocusSash|Chlorophyll|ExpandingForce,LeafStorm,SleepPowder,TrickRoom|||M|||50|,,,,,Psychic]Zoroark-Hisui||LifeOrb|Illusion|HyperBeam,HyperVoice,ShadowBall,Flamethrower|||F|||50|,,,,,Stellar
|inactive|Battle timer is ON: inactive players will automatically lose when time's up. (requested by archyx)
|
|t:|1756309941
|teamsize|p1|4
|teamsize|p2|4
|start
|switch|p1a: Rocks D Xebec|Tyranitar, L50, M|100/100
|switch|p1b: Kuma|Dragonite, L50, F|100/100
|switch|p2a: Indeedee|Indeedee-F, L50, F|100/100
|switch|p2b: Gallade|Gallade, L50, M|100/100
|-weather|Sandstorm|[from] ability: Sand Stream|[of] p1a: Rocks D Xebec
|-fieldstart|move: Psychic Terrain|[from] ability: Psychic Surge|[of] p2a: Indeedee
|turn|1
|
|t:|1756309960
|-terastallize|p2a: Indeedee|Fairy
|move|p1b: Kuma|Ice Spinner|p2b: Gallade
|-damage|p2b: Gallade|60/100
|-fieldend|move: Psychic Terrain
|move|p1a: Rocks D Xebec|Knock Off|p2b: Gallade
|-damage|p2b: Gallade|0 fnt
|-enditem|p2b: Gallade|Clear Amulet|[from] move: Knock Off|[of] p1a: Rocks D Xebec
|faint|p2b: Gallade
|-damage|p1a: Rocks D Xebec|91/100|[from] item: Life Orb
|move|p2a: Indeedee|Trick Room|p2a: Indeedee
|-fieldstart|move: Trick Room|[of] p2a: Indeedee
|
|-weather|Sandstorm|[upkeep]
|-damage|p2a: Indeedee|94/100|[from] Sandstorm
|-damage|p1b: Kuma|94/100|[from] Sandstorm
|upkeep
|
|t:|1756309974
|switch|p2b: Torkoal|Torkoal, L50, M|100/100
|-weather|SunnyDay|[from] ability: Drought|[of] p2b: Torkoal
|turn|2
|
|t:|1756309996
|switch|p1a: Sanji|Volcarona, L50, F|100/100
|move|p1b: Kuma|Extreme Speed|p2b: Torkoal
|-damage|p2b: Torkoal|76/100
|move|p2b: Torkoal|Eruption|p1b: Kuma|[spread] p1a,p1b
|-resisted|p1b: Kuma
|-damage|p1a: Sanji|42/100
|-damage|p1b: Kuma|63/100
|move|p2a: Indeedee|Psychic|p1b: Kuma
|-damage|p1b: Kuma|36/100
|
|-weather|SunnyDay|[upkeep]
|upkeep
|turn|3
|
|t:|1756310011
|switch|p2a: Ursaluna|Ursaluna, L50, F|100/100
|move|p1b: Kuma|Extreme Speed|p2b: Torkoal
|-damage|p2b: Torkoal|54/100
|move|p2b: Torkoal|Heat Wave|p1a: Sanji|[spread] p1a,p1b
|-resisted|p1b: Kuma
|-damage|p1a: Sanji|0 fnt
|-damage|p1b: Kuma|8/100
|faint|p1a: Sanji
|
|-weather|SunnyDay|[upkeep]
|-status|p2a: Ursaluna|brn|[from] item: Flame Orb
|upkeep
|
|t:|1756310020
|switch|p1a: Monkey D Garp|Rillaboom, L50, F|100/100
|-fieldstart|move: Grassy Terrain|[from] ability: Grassy Surge|[of] p1a: Monkey D Garp
|turn|4
|
|t:|1756310031
|switch|p2a: Indeedee|Indeedee-F, L50, F, tera:Fairy|94/100
|-fieldstart|move: Psychic Terrain|[from] ability: Psychic Surge|[of] p2a: Indeedee
|move|p1a: Monkey D Garp|Fake Out|p2b: Torkoal
|-activate|p2b: Torkoal|move: Psychic Terrain
|move|p2b: Torkoal|Heat Wave|p1a: Monkey D Garp|[spread] p1a,p1b
|-supereffective|p1a: Monkey D Garp
|-resisted|p1b: Kuma
|-damage|p1a: Monkey D Garp|24/100
|-damage|p1b: Kuma|0 fnt
|faint|p1b: Kuma
|
|-weather|SunnyDay|[upkeep]
|upkeep
|
|t:|1756310033
|switch|p1b: Rocks D Xebec|Tyranitar, L50, M|91/100
|-weather|Sandstorm|[from] ability: Sand Stream|[of] p1b: Rocks D Xebec
|turn|5
|
|t:|1756310050
|move|p2a: Indeedee|Helping Hand|p2b: Torkoal
|-singleturn|p2b: Torkoal|Helping Hand|[of] p2a: Indeedee
|move|p2b: Torkoal|Heat Wave|p1b: Rocks D Xebec|[spread] p1a,p1b
|-supereffective|p1a: Monkey D Garp
|-resisted|p1b: Rocks D Xebec
|-damage|p1a: Monkey D Garp|0 fnt
|-damage|p1b: Rocks D Xebec|74/100
|faint|p1a: Monkey D Garp
|move|p1b: Rocks D Xebec|Dragon Dance|p1b: Rocks D Xebec
|-boost|p1b: Rocks D Xebec|atk|1
|-boost|p1b: Rocks D Xebec|spe|1
|
|-weather|Sandstorm|[upkeep]
|-damage|p2b: Torkoal|48/100|[from] Sandstorm
|-damage|p2a: Indeedee|88/100|[from] Sandstorm
|-fieldend|move: Trick Room
|upkeep
|turn|6
|
|t:|1756310072
|move|p1b: Rocks D Xebec|Rock Slide|p2a: Indeedee|[spread] p2a,p2b
|-supereffective|p2b: Torkoal
|-damage|p2a: Indeedee|26/100
|-damage|p2b: Torkoal|0 fnt
|faint|p2b: Torkoal
|-damage|p1b: Rocks D Xebec|64/100|[from] item: Life Orb
|move|p2a: Indeedee|Trick Room|p2a: Indeedee
|-fieldstart|move: Trick Room|[of] p2a: Indeedee
|
|-weather|Sandstorm|[upkeep]
|-damage|p2a: Indeedee|20/100|[from] Sandstorm
|upkeep
|
|t:|1756310081
|switch|p2b: Ursaluna|Ursaluna, L50, F|100/100 brn
|turn|7
|
|t:|1756310090
|move|p2a: Indeedee|Helping Hand|p2b: Ursaluna
|-singleturn|p2b: Ursaluna|Helping Hand|[of] p2a: Indeedee
|move|p1b: Rocks D Xebec|Protect|p1b: Rocks D Xebec
|-singleturn|p1b: Rocks D Xebec|Protect
|move|p2b: Ursaluna|Headlong Rush|p1b: Rocks D Xebec
|-activate|p1b: Rocks D Xebec|move: Protect
|
|-weather|Sandstorm|[upkeep]
|-damage|p2a: Indeedee|13/100|[from] Sandstorm
|-damage|p2b: Ursaluna|95/100 brn|[from] brn
|upkeep
|turn|8
|
|t:|1756310103
|-terastallize|p1b: Rocks D Xebec|Ghost
|move|p2a: Indeedee|Helping Hand|p2b: Ursaluna
|-singleturn|p2b: Ursaluna|Helping Hand|[of] p2a: Indeedee
|move|p2b: Ursaluna|Headlong Rush|p1b: Rocks D Xebec
|-damage|p1b: Rocks D Xebec|0 fnt
|-unboost|p2b: Ursaluna|def|1
|-unboost|p2b: Ursaluna|spd|1
|faint|p1b: Rocks D Xebec
|
|win|archyx
||archyx is ready for game 3.
|l|☆JobberKatie
|player|p1|
||JobberKatie is ready for game 3.
|uhtml|next|Next: Game 3 of 3
|l|☆archyx
|player|p2|
|j|☆archyx
|player|p2|archyx|ethan|
