|j|☆Noyomi
|j|☆Darking81
|html|NoyomiDarking81    
|uhtml|bestof|Game 1 of a best-of-3
|t:|1783557666
|gametype|doubles
|player|p1|Noyomi|pokemonrangerf|
|player|p2|Darking81|hugh|
|gen|9
|tier|[Gen 9 Champions] VGC 2026 Reg M-B (Bo3)
|rule|Species Clause: Limit one of each Pokémon
|rule|Item Clause: Limit 1 of each item
|clearpoke
|poke|p1|Charizard, L50, F|
|poke|p1|Garchomp, L50, M|
|poke|p1|Sneasler, L50, M|
|poke|p1|Venusaur, L50, F|
|poke|p1|Milotic, L50, F|
|poke|p1|Ampharos, L50, M|
|poke|p2|Blastoise, L50, F|
|poke|p2|Incineroar, L50, M|
|poke|p2|Farigiraf, L50, M|
|poke|p2|Hatterene, L50, F|
|poke|p2|Torkoal, L50, F|
|poke|p2|Clefable, L50, M|
|teampreview|4
|showteam|p1|Charizard||CharizarditeY|Blaze|HeatWave,SolarBeam,Protect,ScorchingSands|Timid||F|||50|]Garchomp||SitrusBerry|RoughSkin|Earthquake,DragonClaw,Protect,RockSlide|Adamant||M|||50|]Sneasler||WhiteHerb|Unburden|CloseCombat,DireClaw,FakeOut,Protect|Adamant||M|||50|]Venusaur||FocusSash|Chlorophyll|SleepPowder,SludgeBomb,Protect,GigaDrain|Timid||F|||50|]Milotic||Leftovers|Competitive|Scald,IcyWind,Protect,Recover|Calm||F|||50|]Ampharos||Ampharosite|Static|DragonPulse,ParabolicCharge,Protect,HelpingHand|Modest||M|||50|
|showteam|p2|Blastoise||Blastoisinite|Torrent|AquaJet,IceBeam,Endure,Protect|Modest||F|||50|]Incineroar||SitrusBerry|Intimidate|FakeOut,PartingShot,FlareBlitz,ThroatChop|Careful||M|||50|]Farigiraf||MentalHerb|SapSipper|TrickRoom,HyperVoice,Psychic,Protect|Relaxed||M|||50|]Hatterene||FocusSash|MagicBounce|TrickRoom,DazzlingGleam,Psychic,Protect|Quiet||F|||50|]Torkoal||Charcoal|Drought|Eruption,HeatWave,EarthPower,Protect|Quiet||F|||50|]Clefable||ChoiceScarf|MagicGuard|FollowMe,Moonblast,HelpingHand,Protect|Bold||M|||50|
|
|t:|1783557913
|teamsize|p1|4
|teamsize|p2|4
|start
|switch|p1a: Calcifer|Charizard, L50, F|100/100
|switch|p1b: Soy Vegano|Venusaur, L50, F|100/100
|switch|p2a: Farigiraf|Farigiraf, L50, M|100/100
|switch|p2b: Incineroar|Incineroar, L50, M|100/100
|-ability|p2b: Incineroar|Intimidate|boost
|-unboost|p1a: Calcifer|atk|1
|-unboost|p1b: Soy Vegano|atk|1
|turn|1
|
|t:|1783557940
|detailschange|p1a: Calcifer|Charizard-Mega-Y, L50, F
|-mega|p1a: Calcifer|Charizard|Charizardite Y
|-weather|SunnyDay|[from] ability: Drought|[of] p1a: Calcifer
|move|p2b: Incineroar|Fake Out|p1a: Calcifer
|-damage|p1a: Calcifer|85/100
|move|p1b: Soy Vegano|Sleep Powder|p2a: Farigiraf
|-ability|p2a: Farigiraf|Sap Sipper|boost
|-boost|p2a: Farigiraf|atk|1
|cant|p1a: Calcifer|flinch
|move|p2a: Farigiraf|Trick Room|p2a: Farigiraf
|-fieldstart|move: Trick Room|[of] p2a: Farigiraf
|
|-weather|SunnyDay|[upkeep]
|upkeep
|turn|2
|
|t:|1783557964
|switch|p2a: Torkoal|Torkoal, L50, F|100/100
|move|p2b: Incineroar|Throat Chop|p1b: Soy Vegano
|-damage|p1b: Soy Vegano|59/100
|-start|p1b: Soy Vegano|Throat Chop|[silent]
|move|p1a: Calcifer|Scorching Sands|p2b: Incineroar
|-supereffective|p2b: Incineroar|1
|-damage|p2b: Incineroar|58/100
|move|p1b: Soy Vegano|Sludge Bomb|p2a: Torkoal
|-damage|p2a: Torkoal|45/100
|
|-weather|SunnyDay|[upkeep]
|upkeep
|turn|3
|
|t:|1783557985
|move|p2a: Torkoal|Heat Wave|p1b: Soy Vegano|[spread] p1a,p1b
|-resisted|p1a: Calcifer|1
|-supereffective|p1b: Soy Vegano|1
|-damage|p1a: Calcifer|58/100
|-damage|p1b: Soy Vegano|0 fnt
|faint|p1b: Soy Vegano
|move|p2b: Incineroar|Flare Blitz|p1a: Calcifer
|-resisted|p1a: Calcifer|1
|-damage|p1a: Calcifer|5/100
|-damage|p2b: Incineroar|45/100|[from] Recoil
|-enditem|p2b: Incineroar|Sitrus Berry|[eat]
|-heal|p2b: Incineroar|69/100|[from] item: Sitrus Berry
|move|p1a: Calcifer|Scorching Sands|p2a: Torkoal
|-supereffective|p2a: Torkoal|1
|-damage|p2a: Torkoal|0 fnt
|faint|p2a: Torkoal
|
|-weather|SunnyDay|[upkeep]
|upkeep
|
|t:|1783558003
|switch|p2a: Farigiraf|Farigiraf, L50, M|100/100
|switch|p1b: Uy temblaste|Garchomp, L50, M|100/100
|turn|4
|
|t:|1783558014
|move|p2a: Farigiraf|Protect|p2a: Farigiraf
|-singleturn|p2a: Farigiraf|Protect
|move|p2b: Incineroar|Parting Shot|p1b: Uy temblaste
|-unboost|p1b: Uy temblaste|atk|1
|-unboost|p1b: Uy temblaste|spa|1
|
|t:|1783558032
|switch|p2b: Blastoise|Blastoise, L50, F|100/100|[from] Parting Shot
|move|p1b: Uy temblaste|Earthquake|p2b: Blastoise|[spread] p2b
|-activate|p2a: Farigiraf|move: Protect
|-immune|p1a: Calcifer
|-damage|p2b: Blastoise|75/100
|move|p1a: Calcifer|Scorching Sands|p2b: Blastoise
|-damage|p2b: Blastoise|50/100y
|
|-weather|SunnyDay|[upkeep]
|upkeep
|turn|5
|
|t:|1783558053
|detailschange|p2b: Blastoise|Blastoise-Mega, L50, F
|-mega|p2b: Blastoise|Blastoise|Blastoisinite
|move|p2a: Farigiraf|Psychic|p1a: Calcifer
|-damage|p1a: Calcifer|0 fnt
|faint|p1a: Calcifer
|move|p2b: Blastoise|Ice Beam|p1b: Uy temblaste
|-supereffective|p1b: Uy temblaste|2
|-damage|p1b: Uy temblaste|0 fnt
|faint|p1b: Uy temblaste
|
|-weather|none
|-fieldend|move: Trick Room
|upkeep
|
|t:|1783558066
|switch|p1a: Chi|Ampharos, L50, M|100/100
|turn|6
|
|t:|1783558078
|move|p2b: Blastoise|Ice Beam|p1a: Chi
|-damage|p1a: Chi|73/100
|move|p1a: Chi|Parabolic Charge|p2a: Farigiraf|[spread] p2a,p2b
|-supereffective|p2b: Blastoise|1
|-damage|p2a: Farigiraf|77/100
|-heal|p1a: Chi|86/100|[from] drain|[of] p2a: Farigiraf
|-damage|p2b: Blastoise|14/100
|-heal|p1a: Chi|100/100|[from] drain|[of] p2b: Blastoise
|move|p2a: Farigiraf|Trick Room|p2a: Farigiraf
|-fieldstart|move: Trick Room|[of] p2a: Farigiraf
|
|upkeep
|turn|7
|
|t:|1783558091
|move|p2a: Farigiraf|Protect|p2a: Farigiraf
|-singleturn|p2a: Farigiraf|Protect
|move|p2b: Blastoise|Aqua Jet|p1a: Chi
|-damage|p1a: Chi|85/100
|move|p1a: Chi|Parabolic Charge|p2a: Farigiraf|[spread] p2b
|-activate|p2a: Farigiraf|move: Protect
|-supereffective|p2b: Blastoise|1
|-damage|p2b: Blastoise|0 fnt
|-heal|p1a: Chi|92/100|[from] drain|[of] p2b: Blastoise
|faint|p2b: Blastoise
|
|upkeep
|
|t:|1783558102
|switch|p2b: Incineroar|Incineroar, L50, M|69/100
|-ability|p2b: Incineroar|Intimidate|boost
|-unboost|p1a: Chi|atk|1
|turn|8
|
|t:|1783558115
|move|p2a: Farigiraf|Psychic|p1a: Chi
|-damage|p1a: Chi|52/100
|move|p1a: Chi|Parabolic Charge|p2a: Farigiraf|[spread] p2a,p2b
|-damage|p2a: Farigiraf|50/100g
|-heal|p1a: Chi|68/100|[from] drain|[of] p2a: Farigiraf
|-damage|p2b: Incineroar|50/100g
|-heal|p1a: Chi|78/100|[from] drain|[of] p2b: Incineroar
|move|p2b: Incineroar|Flare Blitz|p1a: Chi
|-damage|p1a: Chi|34/100
|-damage|p2b: Incineroar|36/100|[from] Recoil
|
|upkeep
|turn|9
|
|t:|1783558134
|move|p2a: Farigiraf|Hyper Voice|p1a: Chi
|-damage|p1a: Chi|0 fnt
|faint|p1a: Chi
|
|win|Darking81
|inactive|Noyomi has 30 seconds to confirm battle start!
|inactive|Darking81 has 30 seconds to confirm battle start!
||Noyomi is ready for game 2.
||Darking81 is ready for game 2.
|uhtml|next|Next: Game 2 of 3
|l|☆Darking81
|player|p2|
