|j|☆Hntf
|j|☆EchoShadowYT
|html|HntfEchoShadowYT    
|uhtml|bestof|Game 1 of a best-of-3
|t:|1786080749
|gametype|doubles
|player|p1|Hntf|2|1178
|player|p2|EchoShadowYT|skierf|1311
|gen|9
|tier|[Gen 9 Champions] VGC 2026 Reg M-B (Bo3)
|rated|
|rule|Species Clause: Limit one of each Pokémon
|rule|Item Clause: Limit 1 of each item
|clearpoke
|poke|p1|Tyranitar, L50, F|
|poke|p1|Excadrill, L50, F|
|poke|p1|Milotic, L50, M|
|poke|p1|Gholdengo, L50|
|poke|p1|Sinistcha, L50|
|poke|p1|Staraptor, L50, F|
|poke|p2|Gyarados, L50, M|
|poke|p2|Tyranitar, L50, F|
|poke|p2|Gholdengo, L50|
|poke|p2|Garchomp, L50, F|
|poke|p2|Sneasler, L50, F|
|poke|p2|Sinistcha, L50|
|teampreview|4
|showteam|p1|Tyranitar||Tyranitarite|SandStream|KnockOff,RockSlide,LowKick,Protect|Jolly||F|||50|]Excadrill||FocusSash|SandRush|HighHorsepower,IronHead,RockSlide,Protect|Adamant||F|||50|]Milotic||SitrusBerry|Competitive|Scald,IcyWind,IceBeam,Protect|Calm||M|||50|]Gholdengo||LifeOrb|GoodasGold|MakeItRain,ShadowBall,NastyPlot,Protect|Modest|||||50|]Sinistcha||ColburBerry|Hospitality|MatchaGotcha,Protect,TrickRoom,RagePowder|Bold|||||50|]Staraptor||Staraptite|Intimidate|CloseCombat,BraveBird,Tailwind,Protect|Jolly||F|||50|
|showteam|p2|Gyarados||Gyaradosite|Intimidate|LashOut,DragonDance,Waterfall,Protect|Jolly||M|||50|]Tyranitar||ChoiceScarf|SandStream|RockSlide,KnockOff,IcePunch,LowKick|Jolly||F|||50|]Gholdengo||LifeOrb|GoodasGold|ShadowBall,MakeItRain,NastyPlot,Protect|Modest|||||50|]Garchomp||Garchompite|RoughSkin|DracoMeteor,EarthPower,PowerGem,Protect|Modest||F|||50|]Sneasler||WhiteHerb|Unburden|DireClaw,CloseCombat,FakeOut,Protect|Jolly||F|||50|]Sinistcha||SitrusBerry|Hospitality|MatchaGotcha,RagePowder,TrickRoom,Protect|Calm|||||50|
|inactive|Battle timer is ON: inactive players will automatically lose when time's up. (requested by EchoShadowYT)
|inactive|Hntf has 60 seconds left.
|inactive|EchoShadowYT has 60 seconds left.
|
|t:|1786080807
|teamsize|p1|4
|teamsize|p2|4
|start
|switch|p1a: Milotic|Milotic, L50, M|100/100
|switch|p1b: Staraptor|Staraptor, L50, F|100/100
|switch|p2a: Garchomp|Garchomp, L50, F|100/100
|switch|p2b: Sneasler|Sneasler, L50, F|100/100
|-ability|p1b: Staraptor|Intimidate|boost
|-unboost|p2a: Garchomp|atk|1
|-unboost|p2b: Sneasler|atk|1
|-enditem|p2b: Sneasler|White Herb
|-clearnegativeboost|p2b: Sneasler|[silent]
|turn|1
|inactive|Hntf has 30 seconds left.
|
|t:|1786080837
|detailschange|p1b: Staraptor|Staraptor-Mega, L50, F
|-mega|p1b: Staraptor|Staraptor|Staraptite
|detailschange|p2a: Garchomp|Garchomp-Mega, L50, F
|-mega|p2a: Garchomp|Garchomp|Garchompite
|move|p1b: Staraptor|Protect|p1b: Staraptor
|-singleturn|p1b: Staraptor|Protect
|move|p1a: Milotic|Protect|p1a: Milotic
|-singleturn|p1a: Milotic|Protect
|move|p2b: Sneasler|Fake Out|p1a: Milotic
|-activate|p1a: Milotic|move: Protect
|move|p2a: Garchomp|Draco Meteor|p1b: Staraptor
|-activate|p1b: Staraptor|move: Protect
|
|upkeep
|turn|2
|
|t:|1786080855
|switch|p2a: Tyranitar|Tyranitar, L50, F|100/100
|-weather|Sandstorm|[from] ability: Sand Stream|[of] p2a: Tyranitar
|move|p2b: Sneasler|Dire Claw|p1b: Staraptor
|-damage|p1b: Staraptor|50/100g
|-status|p1b: Staraptor|psn
|move|p1b: Staraptor|Close Combat|p2a: Tyranitar
|-supereffective|p2a: Tyranitar|2
|-damage|p2a: Tyranitar|0 fnt
|-boost|p1b: Staraptor|def|1
|-boost|p1b: Staraptor|spd|1
|faint|p2a: Tyranitar
|move|p1a: Milotic|Scald|p2b: Sneasler
|-damage|p2b: Sneasler|57/100
|
|-weather|Sandstorm|[upkeep]
|-damage|p2b: Sneasler|52/100|[from] Sandstorm
|-damage|p1b: Staraptor|44/100 psn|[from] Sandstorm
|-damage|p1a: Milotic|94/100|[from] Sandstorm
|-damage|p1b: Staraptor|31/100 psn|[from] psn
|upkeep
|
|t:|1786080874
|switch|p2a: Gyarados|Gyarados, L50, M|100/100
|-ability|p2a: Gyarados|Intimidate|boost
|-unboost|p1a: Milotic|atk|1
|-ability|p1a: Milotic|Competitive|boost
|-boost|p1a: Milotic|spa|2
|-boost|p1b: Staraptor|atk|1
|turn|3
|
|t:|1786080885
|move|p1b: Staraptor|Protect|p1b: Staraptor
|-singleturn|p1b: Staraptor|Protect
|move|p2b: Sneasler|Dire Claw|p1a: Milotic
|-damage|p1a: Milotic|57/100
|move|p2a: Gyarados|Dragon Dance|p2a: Gyarados
|-boost|p2a: Gyarados|atk|1
|-boost|p2a: Gyarados|spe|1
|move|p1a: Milotic|Icy Wind|p2a: Gyarados|[spread] p2a,p2b
|-damage|p2a: Gyarados|79/100
|-damage|p2b: Sneasler|25/100
|-unboost|p2a: Gyarados|spe|1
|-unboost|p2b: Sneasler|spe|1
|
|-weather|Sandstorm|[upkeep]
|-damage|p2b: Sneasler|19/100|[from] Sandstorm
|-damage|p1b: Staraptor|25/100 psn|[from] Sandstorm
|-damage|p2a: Gyarados|73/100|[from] Sandstorm
|-damage|p1a: Milotic|51/100|[from] Sandstorm
|-damage|p1b: Staraptor|13/100 psn|[from] psn
|upkeep
|turn|4
|
|t:|1786080909
|move|p2b: Sneasler|Dire Claw|p1b: Staraptor
|-damage|p1b: Staraptor|0 fnt
|faint|p1b: Staraptor
|move|p2a: Gyarados|Dragon Dance|p2a: Gyarados
|-boost|p2a: Gyarados|atk|1
|-boost|p2a: Gyarados|spe|1
|move|p1a: Milotic|Icy Wind|p2a: Gyarados|[spread] p2a
|-miss|p1a: Milotic|p2b: Sneasler
|-damage|p2a: Gyarados|51/100
|-unboost|p2a: Gyarados|spe|1
|
|-weather|Sandstorm|[upkeep]
|-damage|p2b: Sneasler|14/100|[from] Sandstorm
|-damage|p2a: Gyarados|45/100|[from] Sandstorm
|-damage|p1a: Milotic|45/100|[from] Sandstorm
|-enditem|p1a: Milotic|Sitrus Berry|[eat]
|-heal|p1a: Milotic|70/100|[from] item: Sitrus Berry
|upkeep
|
|t:|1786080925
|switch|p1b: Excadrill|Excadrill, L50, F|100/100
|turn|5
|
|t:|1786080933
|move|p2a: Gyarados|Protect|p2a: Gyarados
|-singleturn|p2a: Gyarados|Protect
|move|p1b: Excadrill|Rock Slide|p2b: Sneasler|[spread] p2b
|-activate|p2a: Gyarados|move: Protect
|-resisted|p2b: Sneasler|1
|-damage|p2b: Sneasler|0 fnt
|faint|p2b: Sneasler
|move|p1a: Milotic|Icy Wind|p2a: Gyarados
|-activate|p2a: Gyarados|move: Protect
|
|-weather|Sandstorm|[upkeep]
|-damage|p2a: Gyarados|39/100|[from] Sandstorm
|-damage|p1a: Milotic|64/100|[from] Sandstorm
|upkeep
|
|t:|1786080946
|switch|p2b: Garchomp|Garchomp-Mega, L50, F|100/100
|turn|6
|
|t:|1786080952
|move|p1b: Excadrill|Rock Slide|p2a: Gyarados|[spread] p2a,p2b
|-supereffective|p2a: Gyarados|1
|-resisted|p2b: Garchomp|1
|-damage|p2a: Gyarados|0 fnt
|-damage|p2b: Garchomp|90/100
|faint|p2a: Gyarados
|cant|p2b: Garchomp|flinch
|move|p1a: Milotic|Ice Beam|p2b: Garchomp
|-supereffective|p2b: Garchomp|2
|-damage|p2b: Garchomp|0 fnt
|faint|p2b: Garchomp
|
|win|Hntf
||EchoShadowYT is ready for game 2.
|inactive|Hntf has 30 seconds to confirm battle start!
||Hntf is ready for game 2.
|uhtml|next|Next: Game 2 of 3
