|j|☆Eagleknight
|j|☆Mumblin'Penguin
|html|EagleknightMumblin'Penguin    
|uhtml|bestof|Game 3 of a best-of-3
|t:|1757706717
|gametype|doubles
|player|p1|Eagleknight|hilbert|1141
|player|p2|Mumblin'Penguin|gambler|1232
|gen|9
|tier|[Gen 9] VGC 2025 Reg H (Bo3)
|rated|
|rule|Species Clause: Limit one of each Pokémon
|rule|Item Clause: Limit 1 of each item
|clearpoke
|poke|p1|Typhlosion-Hisui, L50, M|
|poke|p1|Whimsicott, L50, F|
|poke|p1|Rillaboom, L50, M|
|poke|p1|Sneasler, L50, F|
|poke|p1|Electabuzz, L50, M|
|poke|p1|Ursaluna-Bloodmoon, L50, M|
|poke|p2|Ursaluna-Bloodmoon, L50, M|
|poke|p2|Gholdengo, L50|
|poke|p2|Dragonite, L50, M|
|poke|p2|Sneasler, L50, M|
|poke|p2|Incineroar, L50, M|
|poke|p2|Amoonguss, L50, M|
|teampreview|4
|showteam|p1|Typhlosion-Hisui||Charcoal|Blaze|Eruption,Overheat,ShadowBall,Protect|||M|||50|,,,,,Fire]Whimsicott||CovertCloak|Prankster|Moonblast,SunnyDay,Tailwind,Encore|||F|||50|,,,,,Water]Rillaboom||AssaultVest|GrassySurge|WoodHammer,GrassyGlide,Uturn,FakeOut|||M|||50|,,,,,Fire]Sneasler||GrassySeed|Unburden|DireClaw,CloseCombat,ThroatChop,Protect|||F|||50|,,,,,Dark]Electabuzz||Eviolite|Static|Electroweb,FollowMe,Taunt,Protect|||M|||50|,,,,,Dragon]Ursaluna-Bloodmoon||LifeOrb|MindsEye|BloodMoon,HyperVoice,EarthPower,Protect|||M|||50|,,,,,Normal
|showteam|p2|Ursaluna-Bloodmoon||AssaultVest|MindsEye|BloodMoon,EarthPower,VacuumWave,HyperVoice|||M|||50|,,,,,Water]Gholdengo||LifeOrb|GoodasGold|Protect,MakeItRain,ShadowBall,NastyPlot||||||50|,,,,,Water]Dragonite||LoadedDice|Multiscale|ScaleShot,Tailwind,Haze,Protect|||M|||50|,,,,,Fairy]Sneasler||FocusSash|Unburden|Protect,DireClaw,CloseCombat,ThroatChop|||M|||50|,,,,,Stellar]Incineroar||SafetyGoggles|Intimidate|KnockOff,PartingShot,FlareBlitz,FakeOut|||M|||50|,,,,,Ghost]Amoonguss||SitrusBerry|Regenerator|RagePowder,Spore,PollenPuff,Protect|||M|||50|,,,,,Psychic
|
|t:|1757706754
|teamsize|p1|4
|teamsize|p2|4
|start
|switch|p1a: Sneasler|Sneasler, L50, F|100/100
|switch|p1b: Electabuzz|Electabuzz, L50, M|100/100
|switch|p2a: Ursaluna|Ursaluna-Bloodmoon, L50, M|100/100
|switch|p2b: Dragonite|Dragonite, L50, M|100/100
|turn|1
|
|t:|1757706792
|move|p1a: Sneasler|Dire Claw|p2b: Dragonite
|-damage|p2b: Dragonite|75/100
|-status|p2b: Dragonite|slp
|cant|p2b: Dragonite|slp
|move|p1b: Electabuzz|Electroweb|p2a: Ursaluna|[spread] p2b
|-immune|p2a: Ursaluna
|-damage|p2b: Dragonite|61/100 slp
|-unboost|p2b: Dragonite|spe|1
|move|p2a: Ursaluna|Earth Power|p1b: Electabuzz
|-supereffective|p1b: Electabuzz
|-damage|p1b: Electabuzz|23/100
|
|upkeep
|turn|2
|
|t:|1757706824
|move|p1b: Electabuzz|Protect|p1b: Electabuzz
|-singleturn|p1b: Electabuzz|Protect
|move|p1a: Sneasler|Close Combat|p2a: Ursaluna
|-supereffective|p2a: Ursaluna
|-damage|p2a: Ursaluna|2/100
|-unboost|p1a: Sneasler|def|1
|-unboost|p1a: Sneasler|spd|1
|-curestatus|p2b: Dragonite|slp|[msg]
|move|p2b: Dragonite|Tailwind|p2b: Dragonite
|-sidestart|p2: Mumblin'Penguin|move: Tailwind
|move|p2a: Ursaluna|Hyper Voice|p1a: Sneasler|[spread] p1a
|-activate|p1b: Electabuzz|move: Protect
|-damage|p1a: Sneasler|35/100
|
|upkeep
|turn|3
|
|t:|1757706861
|move|p1a: Sneasler|Protect|p1a: Sneasler
|-singleturn|p1a: Sneasler|Protect
|move|p1b: Electabuzz|Follow Me|p1b: Electabuzz
|-singleturn|p1b: Electabuzz|move: Follow Me
|move|p2a: Ursaluna|Vacuum Wave|p1b: Electabuzz
|-damage|p1b: Electabuzz|12/100
|move|p2b: Dragonite|Scale Shot|p1b: Electabuzz
|-damage|p1b: Electabuzz|0 fnt
|faint|p1b: Electabuzz
|-hitcount|p1: Electabuzz|1
|-unboost|p2b: Dragonite|def|1
|-boost|p2b: Dragonite|spe|1
|
|upkeep
|
|t:|1757706872
|switch|p1b: Whimsicott|Whimsicott, L50, F|100/100
|turn|4
|
|t:|1757706916
|move|p1b: Whimsicott|Tailwind|p1b: Whimsicott
|-sidestart|p1: Eagleknight|move: Tailwind
|move|p1a: Sneasler|Dire Claw|p2a: Ursaluna
|-resisted|p2a: Ursaluna
|-damage|p2a: Ursaluna|0 fnt
|faint|p2a: Ursaluna
|move|p2b: Dragonite|Scale Shot|p1a: Sneasler
|-damage|p1a: Sneasler|4/100
|-damage|p1a: Sneasler|0 fnt
|faint|p1a: Sneasler
|-hitcount|p1: Sneasler|2
|-unboost|p2b: Dragonite|def|1
|-boost|p2b: Dragonite|spe|1
|
|upkeep
|
|t:|1757706933
|switch|p1a: Typhlosion|Typhlosion-Hisui, L50, M|100/100
|switch|p2a: Sneasler|Sneasler, L50, M|100/100
|turn|5
|
|t:|1757706945
|-terastallize|p1b: Whimsicott|Water
|move|p1a: Typhlosion|Protect|p1a: Typhlosion
|-singleturn|p1a: Typhlosion|Protect
|move|p1b: Whimsicott|Encore|p2b: Dragonite
|-start|p2b: Dragonite|Encore
|move|p2b: Dragonite|Scale Shot|p1a: Typhlosion
|-activate|p1a: Typhlosion|move: Protect
|move|p2a: Sneasler|Dire Claw|p1b: Whimsicott
|-damage|p1b: Whimsicott|46/100
|
|-sideend|p2: Mumblin'Penguin|move: Tailwind
|upkeep
|turn|6
|
|t:|1757706970
|-terastallize|p2a: Sneasler|Stellar
|move|p1b: Whimsicott|Moonblast|p2a: Sneasler
|-damage|p2a: Sneasler|62/100
|move|p1a: Typhlosion|Eruption|p2a: Sneasler|[spread] p2a,p2b
|-resisted|p2b: Dragonite
|-damage|p2a: Sneasler|0 fnt
|-damage|p2b: Dragonite|19/100
|faint|p2a: Sneasler
|move|p2b: Dragonite|Scale Shot|p1b: Whimsicott
|-damage|p1b: Whimsicott|26/100
|-damage|p1b: Whimsicott|8/100
|-damage|p1b: Whimsicott|0 fnt
|faint|p1b: Whimsicott
|-hitcount|p1: Whimsicott|3
|-unboost|p2b: Dragonite|def|1
|-boost|p2b: Dragonite|spe|1
|
|upkeep
|
|t:|1757706985
|switch|p2a: Incineroar|Incineroar, L50, M|100/100
|-ability|p2a: Incineroar|Intimidate|boost
|-unboost|p1a: Typhlosion|atk|1
|turn|7
|c|☆Eagleknight|Fortot your 4th. Lol
|c|☆Eagleknight|Gg
|c|☆Mumblin'Penguin|gg!
|c|☆Eagleknight|Forgot
|
|t:|1757707011
|move|p1a: Typhlosion|Eruption|p2b: Dragonite|[spread] p2a,p2b
|-resisted|p2a: Incineroar
|-resisted|p2b: Dragonite
|-damage|p2a: Incineroar|67/100
|-damage|p2b: Dragonite|0 fnt
|faint|p2b: Dragonite
|move|p2a: Incineroar|Knock Off|p1a: Typhlosion
|-supereffective|p1a: Typhlosion
|-damage|p1a: Typhlosion|0 fnt
|-enditem|p1a: Typhlosion|Charcoal|[from] move: Knock Off|[of] p2a: Incineroar
|faint|p1a: Typhlosion
|
|win|Mumblin'Penguin
|raw|Eagleknight's rating: 1141 → 1122(-19 for losing)
|raw|Mumblin'Penguin's rating: 1232 → 1251(+19 for winning)
|l|☆Eagleknight
|player|p1|
