|j|☆Uncreative7452
|j|☆monado476
|html|Uncreative7452monado476    
|uhtml|bestof|Game 3 of a best-of-3
|t:|1756349613
|gametype|doubles
|player|p1|Uncreative7452|266|1088
|player|p2|monado476|volkner|1087
|gen|9
|tier|[Gen 9] VGC 2025 Reg H (Bo3)
|rated|
|rule|Species Clause: Limit one of each Pokémon
|rule|Item Clause: Limit 1 of each item
|clearpoke
|poke|p1|Porygon2, L50|
|poke|p1|Reuniclus, L50, F|
|poke|p1|Alcremie, L50, F|
|poke|p1|Chesnaught, L50, M|
|poke|p1|Pincurchin, L50, F|
|poke|p1|Kingambit, L50, F|
|poke|p2|Incineroar, L50, F|
|poke|p2|Whimsicott, L50, M|
|poke|p2|Gastrodon, L50, F|
|poke|p2|Kleavor, L50, F|
|poke|p2|Gholdengo, L50|
|poke|p2|Primarina, L50, M|
|teampreview|4
|showteam|p1|Porygon2||Eviolite|Download|IceBeam,TeraBlast,TrickRoom,Recover||||||50|,,,,,Fighting]Reuniclus||CovertCloak|Overcoat|ExpandingForce,ShadowBall,TrickRoom,Protect|||F|||50|,,,,,Dark]Alcremie||RoomService|AromaVeil|AlluringVoice,Decorate,Protect,HelpingHand|||F|||50|,,,,,Steel]Chesnaught||ElectricSeed|Bulletproof|LeechSeed,WideGuard,BodyPress,SpikyShield|||M|||50|,,,,,Steel]Pincurchin||FocusSash|ElectricSurge|SupercellSlam,ZingZap,Liquidation,Protect|||F|||50|,,,,,Electric]Kingambit||AssaultVest|Defiant|IronHead,SuckerPunch,TeraBlast,KowtowCleave|||F|||50|,,,,,Flying
|showteam|p2|Incineroar||SafetyGoggles|Intimidate|FakeOut,PartingShot,KnockOff,FlareBlitz|||F|||50|,,,,,Grass]Whimsicott||FocusSash|Prankster|Moonblast,Tailwind,Encore,Taunt|||M|||50|,,,,,Ghost]Gastrodon||Leftovers|StormDrain|IcyWind,Recover,Yawn,EarthPower|||F|||50|,,,,,Fire]Kleavor||LifeOrb|Sharpness|StoneAxe,NightSlash,XScissor,Protect|||F|||50|,,,,,Steel]Gholdengo||MetalCoat|GoodasGold|MakeItRain,ShadowBall,NastyPlot,Protect||||||50|,,,,,Steel]Primarina||CovertCloak|LiquidVoice|Haze,HyperVoice,Moonblast,Protect|||M|||50|,,,,,Poison
|inactive|Battle timer is ON: inactive players will automatically lose when time's up. (requested by monado476)
|inactive|monado476 has 60 seconds left.
|
|t:|1756349651
|teamsize|p1|4
|teamsize|p2|4
|start
|switch|p1a: Chesnaught|Chesnaught, L50, M|100/100
|switch|p1b: Kingambit|Kingambit, L50, F|100/100
|switch|p2a: Gholdengo|Gholdengo, L50|100/100
|switch|p2b: Kleavor|Kleavor, L50, F|100/100
|turn|1
|
|t:|1756349669
|switch|p2a: Gastrodon|Gastrodon, L50, F|100/100
|move|p2b: Kleavor|X-Scissor|p1a: Chesnaught
|-damage|p1a: Chesnaught|48/100
|-damage|p2b: Kleavor|91/100|[from] item: Life Orb
|move|p1a: Chesnaught|Body Press|p2b: Kleavor
|-damage|p2b: Kleavor|41/100
|move|p1b: Kingambit|Kowtow Cleave|p2a: Gastrodon
|-crit|p2a: Gastrodon
|-damage|p2a: Gastrodon|37/100
|
|-heal|p2a: Gastrodon|43/100|[from] item: Leftovers
|upkeep
|turn|2
|
|t:|1756349689
|-terastallize|p1a: Chesnaught|Steel
|move|p2b: Kleavor|Protect|p2b: Kleavor
|-singleturn|p2b: Kleavor|Protect
|move|p1a: Chesnaught|Body Press|p2b: Kleavor
|-activate|p2b: Kleavor|move: Protect
|move|p1b: Kingambit|Kowtow Cleave|p2a: Gastrodon
|-damage|p2a: Gastrodon|0 fnt
|faint|p2a: Gastrodon
|
|upkeep
|
|t:|1756349704
|switch|p2a: Primarina|Primarina, L50, M|100/100
|turn|3
|
|t:|1756349715
|move|p2b: Kleavor|X-Scissor|p1b: Kingambit
|-damage|p1b: Kingambit|43/100
|-damage|p2b: Kleavor|31/100|[from] item: Life Orb
|move|p2a: Primarina|Moonblast|p1b: Kingambit
|-damage|p1b: Kingambit|10/100
|move|p1a: Chesnaught|Body Press|p2b: Kleavor
|-crit|p2b: Kleavor
|-damage|p2b: Kleavor|0 fnt
|faint|p2b: Kleavor
|move|p1b: Kingambit|Iron Head|p2a: Primarina
|-damage|p2a: Primarina|37/100
|
|upkeep
|
|t:|1756349727
|switch|p2b: Gholdengo|Gholdengo, L50|100/100
|turn|4
|
|t:|1756349733
|move|p1b: Kingambit|Sucker Punch||[still]
|-fail|p1b: Kingambit
|move|p2b: Gholdengo|Nasty Plot|p2b: Gholdengo
|-boost|p2b: Gholdengo|spa|2
|move|p2a: Primarina|Moonblast|p1b: Kingambit
|-damage|p1b: Kingambit|0 fnt
|faint|p1b: Kingambit
|move|p1a: Chesnaught|Leech Seed|p2a: Primarina
|-start|p2a: Primarina|move: Leech Seed
|
|-damage|p2a: Primarina|25/100|[from] Leech Seed|[of] p1a: Chesnaught
|-heal|p1a: Chesnaught|59/100|[silent]
|upkeep
|
|t:|1756349739
|switch|p1b: Porygon2|Porygon2, L50|100/100
|-ability|p1b: Porygon2|Download|boost
|-boost|p1b: Porygon2|atk|1
|turn|5
|inactive|monado476 has 30 seconds left.
|
|t:|1756349771
|move|p1a: Chesnaught|Wide Guard|p1a: Chesnaught
|-singleturn|p1a: Chesnaught|Wide Guard
|move|p2b: Gholdengo|Nasty Plot|p2b: Gholdengo
|-boost|p2b: Gholdengo|spa|2
|move|p2a: Primarina|Moonblast|p1b: Porygon2
|-damage|p1b: Porygon2|69/100
|move|p1b: Porygon2|Tera Blast|p2a: Primarina
|-damage|p2a: Primarina|0 fnt
|faint|p2a: Primarina
|
|upkeep
|turn|6
|
|t:|1756349785
|move|p1a: Chesnaught|Wide Guard|p1a: Chesnaught
|-singleturn|p1a: Chesnaught|Wide Guard
|move|p2b: Gholdengo|Shadow Ball|p1a: Chesnaught
|-immune|p1a: Chesnaught|[from] ability: Bulletproof
|move|p1b: Porygon2|Ice Beam|p2b: Gholdengo
|-resisted|p2b: Gholdengo
|-damage|p2b: Gholdengo|87/100
|
|upkeep
|turn|7
|-message|monado476 forfeited.
|
|win|Uncreative7452
|raw|Uncreative7452's rating: 1088 → 1115(+27 for winning)
|raw|monado476's rating: 1087 → 1064(-23 for losing)
|l|☆monado476
|player|p2|
