|j|☆kojay
|j|☆Rorox123
|html|kojayRorox123    
|uhtml|bestof|Game 1 of a best-of-3
|t:|1756829452
|gametype|doubles
|player|p1|kojay|kamado-armor|1103
|player|p2|Rorox123|steven|1231
|gen|9
|tier|[Gen 9] VGC 2025 Reg H (Bo3)
|rated|
|rule|Species Clause: Limit one of each Pokémon
|rule|Item Clause: Limit 1 of each item
|clearpoke
|poke|p1|Garchomp, L50, M|
|poke|p1|Sneasler, L50, M|
|poke|p1|Incineroar, L50, M|
|poke|p1|Dragonite, L50, F|
|poke|p1|Gholdengo, L50|
|poke|p1|Vivillon, L50, F|
|poke|p2|Sneasler, L50, F|
|poke|p2|Indeedee, L50, M|
|poke|p2|Ursaluna-Bloodmoon, L50, M|
|poke|p2|Electabuzz, L50, M|
|poke|p2|Incineroar, L50, F|
|poke|p2|Talonflame, L50, F|
|teampreview|4
|showteam|p1|Garchomp||LifeOrb|RoughSkin|Earthquake,DragonClaw,StompingTantrum,Protect|||M|||50|,,,,,Ground]Sneasler||WhiteHerb|Unburden|Coaching,Protect,DireClaw,CloseCombat|||M|||50|,,,,,Ghost]Incineroar||SafetyGoggles|Intimidate|FakeOut,FlareBlitz,KnockOff,PartingShot|||M|||50|,,,,,Ghost]Dragonite||LoadedDice|InnerFocus|TeraBlast,ScaleShot,Tailwind,Protect|||F|||50|,,,,,Flying]Gholdengo||ChoiceScarf|GoodasGold|MakeItRain,ShadowBall,Trick,Thunderbolt||||||50|,,,,,Steel]Vivillon||FocusSash|CompoundEyes|Hurricane,SleepPowder,RagePowder,Protect|||F|||50|,,,,,Ghost
|showteam|p2|Sneasler||PsychicSeed|Unburden|CloseCombat,DireClaw,ThroatChop,Protect|||F|||50|,,,,,Dark]Indeedee||FocusSash|PsychicSurge|ExpandingForce,TrickRoom,HelpingHand,Protect|||M|||50|,,,,,Psychic]Ursaluna-Bloodmoon||LifeOrb|MindsEye|BloodMoon,HyperVoice,EarthPower,Protect|||M|||50|,,,,,Normal]Electabuzz||Eviolite|VitalSpirit|Electroweb,FollowMe,Taunt,Protect|||M|||50|,,,,,Dragon]Incineroar||SafetyGoggles|Intimidate|FlareBlitz,KnockOff,PartingShot,FakeOut|||F|||50|,,,,,Ghost]Talonflame||CovertCloak|GaleWings|FlareBlitz,DualWingbeat,WillOWisp,Tailwind|||F|||50|,,,,,Fairy
|inactive|Battle timer is ON: inactive players will automatically lose when time's up. (requested by Rorox123)
|inactive|kojay has 60 seconds left.
|inactive|Rorox123 has 60 seconds left.
|inactive|kojay has 30 seconds left.
|inactive|Rorox123 has 30 seconds left.
|
|t:|1756829516
|teamsize|p1|4
|teamsize|p2|4
|start
|switch|p1a: Dalinar|Incineroar, L50, M, shiny|100/100
|switch|p1b: Dragonite|Dragonite, L50, F, shiny|100/100
|switch|p2a: Ursaluna|Ursaluna-Bloodmoon, L50, M|100/100
|switch|p2b: Incineroar|Incineroar, L50, F|100/100
|-ability|p2b: Incineroar|Intimidate|boost
|-unboost|p1a: Dalinar|atk|1
|-fail|p1b: Dragonite|unboost|Attack|[from] ability: Inner Focus|[of] p1b: Dragonite
|-ability|p1a: Dalinar|Intimidate|boost
|-unboost|p2a: Ursaluna|atk|1
|-unboost|p2b: Incineroar|atk|1
|turn|1
|
|t:|1756829541
|switch|p2b: Indeedee|Indeedee, L50, M|100/100
|-fieldstart|move: Psychic Terrain|[from] ability: Psychic Surge|[of] p2b: Indeedee
|move|p1a: Dalinar|Fake Out|p2a: Ursaluna
|-activate|p2a: Ursaluna|move: Psychic Terrain
|move|p1b: Dragonite|Tailwind|p1b: Dragonite
|-sidestart|p1: kojay|move: Tailwind
|move|p2a: Ursaluna|Blood Moon|p1b: Dragonite
|-damage|p1b: Dragonite|0 fnt
|faint|p1b: Dragonite
|-damage|p2a: Ursaluna|91/100|[from] item: Life Orb
|
|upkeep
|
|t:|1756829553
|switch|p1b: Vivillon|Vivillon, L50, F|100/100
|turn|2
|
|t:|1756829562
|switch|p2b: Incineroar|Incineroar, L50, F|100/100
|-ability|p2b: Incineroar|Intimidate|boost
|-unboost|p1a: Dalinar|atk|1
|-unboost|p1b: Vivillon|atk|1
|move|p2a: Ursaluna|Protect|p2a: Ursaluna
|-singleturn|p2a: Ursaluna|Protect
|move|p1b: Vivillon|Sleep Powder|p2b: Incineroar
|-activate|p2b: Incineroar|item: Safety Goggles|Sleep Powder
|move|p1a: Dalinar|Knock Off|p2a: Ursaluna
|-activate|p2a: Ursaluna|move: Protect
|
|upkeep
|turn|3
|
|t:|1756829577
|-terastallize|p1b: Vivillon|Ghost
|move|p1b: Vivillon|Sleep Powder|p2a: Ursaluna
|-status|p2a: Ursaluna|slp|[from] move: Sleep Powder
|move|p1a: Dalinar|Knock Off|p2b: Incineroar
|-resisted|p2b: Incineroar
|-damage|p2b: Incineroar|89/100
|-enditem|p2b: Incineroar|Safety Goggles|[from] move: Knock Off|[of] p1a: Dalinar
|move|p2b: Incineroar|Flare Blitz|p1b: Vivillon
|-enditem|p1b: Vivillon|Focus Sash
|-damage|p1b: Vivillon|1/100
|-damage|p2b: Incineroar|63/100|[from] Recoil
|cant|p2a: Ursaluna|slp
|
|upkeep
|turn|4
|
|t:|1756829594
|move|p1b: Vivillon|Sleep Powder|p2b: Incineroar
|-status|p2b: Incineroar|slp|[from] move: Sleep Powder
|move|p1a: Dalinar|Knock Off|p2a: Ursaluna
|-damage|p2a: Ursaluna|72/100 slp
|-enditem|p2a: Ursaluna|Life Orb|[from] move: Knock Off|[of] p1a: Dalinar
|cant|p2b: Incineroar|slp
|cant|p2a: Ursaluna|slp
|
|-sideend|p1: kojay|move: Tailwind
|upkeep
|turn|5
|
|t:|1756829607
|move|p1b: Vivillon|Hurricane|p2b: Incineroar
|-damage|p2b: Incineroar|18/100 slp
|-start|p2b: Incineroar|confusion
|cant|p2b: Incineroar|slp
|move|p1a: Dalinar|Parting Shot|p2a: Ursaluna
|-unboost|p2a: Ursaluna|atk|1
|-unboost|p2a: Ursaluna|spa|1
|
|t:|1756829614
|switch|p1a: Kaladin|Garchomp, L50, M, shiny|100/100|[from] Parting Shot
|cant|p2a: Ursaluna|slp
|
|-fieldend|move: Psychic Terrain
|upkeep
|turn|6
|inactive|Rorox123 has 30 seconds left.
|
|t:|1756829648
|switch|p2a: Indeedee|Indeedee, L50, M|100/100
|-fieldstart|move: Psychic Terrain|[from] ability: Psychic Surge|[of] p2a: Indeedee
|move|p1a: Kaladin|Earthquake|p2a: Indeedee|[spread] p1b,p2a,p2b
|-supereffective|p2b: Incineroar
|-damage|p1b: Vivillon|0 fnt
|-enditem|p2a: Indeedee|Focus Sash
|-damage|p2a: Indeedee|1/100
|-damage|p2b: Incineroar|0 fnt
|faint|p1b: Vivillon
|faint|p2b: Incineroar
|-damage|p1a: Kaladin|91/100|[from] item: Life Orb
|
|upkeep
|
|t:|1756829664
|switch|p1b: Dalinar|Incineroar, L50, M, shiny|100/100
|switch|p2b: Sneasler|Sneasler, L50, F|100/100
|-ability|p1b: Dalinar|Intimidate|boost
|-unboost|p2a: Indeedee|atk|1
|-unboost|p2b: Sneasler|atk|1
|-enditem|p2b: Sneasler|Psychic Seed
|-boost|p2b: Sneasler|spd|1|[from] item: Psychic Seed
|turn|7
|inactive|kojay has 30 seconds left.
|
|t:|1756829690
|move|p2b: Sneasler|Protect|p2b: Sneasler
|-singleturn|p2b: Sneasler|Protect
|move|p2a: Indeedee|Protect|p2a: Indeedee
|-singleturn|p2a: Indeedee|Protect
|move|p1a: Kaladin|Earthquake|p2a: Indeedee|[spread] p1b
|-activate|p2a: Indeedee|move: Protect
|-activate|p2b: Sneasler|move: Protect
|-supereffective|p1b: Dalinar
|-damage|p1b: Dalinar|0 fnt
|faint|p1b: Dalinar
|-damage|p1a: Kaladin|81/100|[from] item: Life Orb
|
|upkeep
|turn|8
|
|t:|1756829705
|move|p2a: Indeedee|Helping Hand|p2b: Sneasler
|-singleturn|p2b: Sneasler|Helping Hand|[of] p2a: Indeedee
|move|p2b: Sneasler|Close Combat|p1a: Kaladin
|-damage|p1a: Kaladin|10/100
|-unboost|p2b: Sneasler|def|1
|-unboost|p2b: Sneasler|spd|1
|-damage|p2b: Sneasler|88/100|[from] ability: Rough Skin|[of] p1a: Kaladin
|move|p1a: Kaladin|Earthquake|p2a: Indeedee|[spread] p2a,p2b
|-supereffective|p2b: Sneasler
|-damage|p2a: Indeedee|0 fnt
|-damage|p2b: Sneasler|0 fnt
|faint|p2a: Indeedee
|faint|p2b: Sneasler
|-damage|p1a: Kaladin|0 fnt|[from] item: Life Orb
|faint|p1a: Kaladin
|
|win|Rorox123
