|j|☆thisisaladderteam
|j|☆uui89
|html|thisisaladderteamuui89    
|uhtml|bestof|Game 2 of a best-of-3
|t:|1782457786
|gametype|doubles
|player|p1|thisisaladderteam|guzma|1241
|player|p2|uui89|pokemonbreeder-gen4|1170
|gen|9
|tier|[Gen 9 Champions] VGC 2026 Reg M-B (Bo3)
|rated|
|rule|Species Clause: Limit one of each Pokémon
|rule|Item Clause: Limit 1 of each item
|clearpoke
|poke|p1|Sceptile, L50, F, shiny|
|poke|p1|Rotom-Heat, L50, shiny|
|poke|p1|Toxapex, L50, M, shiny|
|poke|p1|Incineroar, L50, F, shiny|
|poke|p1|Garchomp, L50, F|
|poke|p1|Gholdengo, L50|
|poke|p2|Raichu, L50, M|
|poke|p2|Kingambit, L50, M|
|poke|p2|Venusaur, L50, M|
|poke|p2|Ninetales-Alola, L50, F|
|poke|p2|Talonflame, L50, M|
|poke|p2|Garchomp, L50, M|
|teampreview|4
|showteam|p1|Sceptile||Sceptilite|Overgrow|Detect,EnergyBall,DragonPulse,EarthPower|Timid||F|||50|]Rotom-Heat||ChoiceScarf|Levitate|Discharge,Electroweb,Overheat,WillOWisp|Timid|||||50|]Toxapex||Leftovers|Regenerator|BanefulBunker,Infestation,Toxic,WideGuard|Bold||M|||50|]Incineroar||SitrusBerry|Intimidate|FakeOut,PartingShot,ThroatChop,FlareBlitz|Careful||F|||50|]Garchomp||LifeOrb|RoughSkin|Protect,RockSlide,Earthquake,DragonClaw|Jolly||F|||50|]Gholdengo||KasibBerry|GoodasGold|Protect,NastyPlot,ShadowBall,MakeItRain|Modest|||||50|
|showteam|p2|Raichu||RaichuniteX|Static|FakeOut,VoltTackle,Encore,Protect|Jolly||M|||50|]Kingambit||BlackGlasses|Defiant|KowtowCleave,SuckerPunch,SwordsDance,Protect|Adamant||M|||50|]Venusaur||Venusaurite|Overgrow|GigaDrain,SludgeBomb,EarthPower,Protect|Modest||M|||50|]Ninetales-Alola||NeverMeltIce|SnowWarning|Protect,Blizzard,FreezeDry,AuroraVeil|Timid||F|||50|]Talonflame||SharpBeak|GaleWings|DualWingbeat,FlareBlitz,Tailwind,Protect|Jolly||M|||50|]Garchomp||LifeOrb|RoughSkin|Earthquake,RockSlide,DragonClaw,Protect|Jolly||M|||50|
|inactive|Battle timer is ON: inactive players will automatically lose when time's up. (requested by thisisaladderteam)
|inactive|uui89 has 60 seconds left.
|
|t:|1782457820
|teamsize|p1|4
|teamsize|p2|4
|start
|switch|p1a: Garchomp|Garchomp, L50, F|100/100
|switch|p1b: Rotom|Rotom-Heat, L50, shiny|100/100
|switch|p2a: Venusaur|Venusaur, L50, M|100/100
|switch|p2b: Kingambit|Kingambit, L50, M|100/100
|turn|1
|
|t:|1782457836
|detailschange|p2a: Venusaur|Venusaur-Mega, L50, M
|-mega|p2a: Venusaur|Venusaur|Venusaurite
|move|p2b: Kingambit|Protect|p2b: Kingambit
|-singleturn|p2b: Kingambit|Protect
|move|p1b: Rotom|Will-O-Wisp|p2b: Kingambit
|-activate|p2b: Kingambit|move: Protect
|move|p1a: Garchomp|Earthquake|p2a: Venusaur|[spread] p2a
|-activate|p2b: Kingambit|move: Protect
|-immune|p1b: Rotom|[from] ability: Levitate
|-damage|p2a: Venusaur|60/100
|-damage|p1a: Garchomp|90/100|[from] item: Life Orb
|move|p2a: Venusaur|Giga Drain|p1a: Garchomp
|-damage|p1a: Garchomp|50/100g
|-heal|p2a: Venusaur|80/100|[from] drain|[of] p1a: Garchomp
|
|upkeep
|turn|2
|inactive|uui89 has 30 seconds left.
|inactive|uui89 has 20 seconds left.
|inactive|uui89 has 15 seconds left.
|
|t:|1782457880
|move|p1b: Rotom|Will-O-Wisp|p2b: Kingambit
|-status|p2b: Kingambit|brn
|move|p1a: Garchomp|Rock Slide|p2a: Venusaur|[spread] p2a,p2b
|-resisted|p2b: Kingambit|1
|-damage|p2a: Venusaur|60/100
|-damage|p2b: Kingambit|90/100 brn
|-damage|p1a: Garchomp|41/100|[from] item: Life Orb
|move|p2a: Venusaur|Giga Drain|p1a: Garchomp
|-damage|p1a: Garchomp|0 fnt
|-heal|p2a: Venusaur|81/100|[from] drain|[of] p1a: Garchomp
|faint|p1a: Garchomp
|move|p2b: Kingambit|Swords Dance|p2b: Kingambit
|-boost|p2b: Kingambit|atk|2
|
|-damage|p2b: Kingambit|84/100 brn|[from] brn
|upkeep
|
|t:|1782457889
|switch|p1a: Sceptile|Sceptile, L50, F, shiny|100/100
|turn|3
|
|t:|1782457908
|switch|p1b: Gholdengo|Gholdengo, L50|100/100
|detailschange|p1a: Sceptile|Sceptile-Mega, L50, F, shiny
|-mega|p1a: Sceptile|Sceptile|Sceptilite
|move|p1a: Sceptile|Detect|p1a: Sceptile
|-singleturn|p1a: Sceptile|Protect
|move|p2a: Venusaur|Sludge Bomb|p1a: Sceptile
|-activate|p1a: Sceptile|move: Protect
|move|p2b: Kingambit|Kowtow Cleave|p1b: Gholdengo
|-supereffective|p1b: Gholdengo|1
|-damage|p1b: Gholdengo|0 fnt
|faint|p1b: Gholdengo
|
|-damage|p2b: Kingambit|78/100 brn|[from] brn
|upkeep
|
|t:|1782457911
|switch|p1b: Rotom|Rotom-Heat, L50, shiny|100/100
|turn|4
|
|t:|1782457922
|move|p1b: Rotom|Discharge|p2b: Kingambit|[spread] p2a,p2b
|-ability|p1a: Sceptile|Lightning Rod|boost
|-boost|p1a: Sceptile|spa|1
|-resisted|p2a: Venusaur|1
|-damage|p2a: Venusaur|71/100
|-damage|p2b: Kingambit|54/100 brn
|move|p1a: Sceptile|Dragon Pulse|p2a: Venusaur
|-damage|p2a: Venusaur|18/100
|move|p2a: Venusaur|Sludge Bomb|p1a: Sceptile
|-supereffective|p1a: Sceptile|1
|-damage|p1a: Sceptile|0 fnt
|faint|p1a: Sceptile
|move|p2b: Kingambit|Kowtow Cleave|p1b: Rotom
|-damage|p1b: Rotom|30/100
|
|-damage|p2b: Kingambit|48/100 brn|[from] brn
|upkeep
|turn|5
|-message|thisisaladderteam forfeited.
|
|win|uui89
