|j|☆2daygon
|j|☆k1ngm3
|html|2daygonk1ngm3    
|uhtml|bestof|Game 3 of a best-of-3
|t:|1785465577
|gametype|doubles
|player|p1|2daygon|266|1058
|player|p2|k1ngm3|dragontamer|1100
|gen|9
|tier|[Gen 9 Champions] VGC 2026 Reg M-B (Bo3)
|rated|
|rule|Species Clause: Limit one of each Pokémon
|rule|Item Clause: Limit 1 of each item
|clearpoke
|poke|p1|Tyranitar, L50, M|
|poke|p1|Lycanroc, L50, M, shiny|
|poke|p1|Glimmora, L50, M|
|poke|p1|Aerodactyl, L50, F, shiny|
|poke|p1|Barbaracle, L50, F|
|poke|p1|Arcanine-Hisui, L50, M, shiny|
|poke|p2|Arbok, L50, M|
|poke|p2|Victreebel, L50, M|
|poke|p2|Skarmory, L50, M|
|poke|p2|Ditto, L50|
|poke|p2|Milotic, L50, F|
|poke|p2|Pelipper, L50, M|
|teampreview|4
|showteam|p1|Tyranitar||Tyranitarite|SandStream|RockSlide,KnockOff,AerialAce,Protect|Adamant||M|||50|]Lycanroc||LifeOrb|SandRush|CloseCombat,Accelerock,RockSlide,Protect|Adamant||M|||50|]Glimmora||SitrusBerry|ToxicDebris|EarthPower,EnergyBall,SludgeBomb,SpikyShield|Bold||M|||50|]Aerodactyl||Aerodactylite|Unnerve|RockSlide,DualWingbeat,Tailwind,Protect|Jolly||F|||50|]Barbaracle||Leftovers|ToughClaws|Liquidation,BulkUp,Earthquake,Protect|Adamant||F|||50|]Arcanine-Hisui||FocusSash|Intimidate|FlareBlitz,WildCharge,ExtremeSpeed,Protect|Jolly||M|||50|
|showteam|p2|Arbok||MentalHerb|Intimidate|Substitute,SludgeWave,SuckerPunch,Coil|Hasty||M|||50|]Victreebel||Victreebelite|Chlorophyll|GigaDrain,SludgeBomb,Lunge,WeatherBall|Mild||M|||50|]Skarmory||Skarmorite|WeakArmor|AirSlash,SteelWing,DrillRun,RockSlide|Naive||M|||50|]Ditto||ChoiceScarf|Imposter|Transform|Bold|||||50|]Milotic||Leftovers|Competitive|IcyWind,MuddyWater,Coil,Hypnosis|Calm||F|||50|]Pelipper||LifeOrb|RainDish|Hurricane,Tailwind,WeatherBall,Protect|Bold||M|||50|
|inactive|Battle timer is ON: inactive players will automatically lose when time's up. (requested by 2daygon)
|inactive|2daygon has 60 seconds left.
|inactive|k1ngm3 has 60 seconds left.
|
|t:|1785465634
|teamsize|p1|4
|teamsize|p2|4
|start
|switch|p1a: Tyranitar|Tyranitar, L50, M|100/100
|switch|p1b: Glimmora|Glimmora, L50, M|100/100
|switch|p2a: Arbok|Arbok, L50, M|100/100
|switch|p2b: Milotic|Milotic, L50, F|100/100
|-ability|p2a: Arbok|Intimidate|boost
|-unboost|p1a: Tyranitar|atk|1
|-unboost|p1b: Glimmora|atk|1
|-weather|Sandstorm|[from] ability: Sand Stream|[of] p1a: Tyranitar
|turn|1
|inactive|2daygon has 30 seconds left.
|inactive|k1ngm3 has 30 seconds left.
|
|t:|1785465665
|move|p1a: Tyranitar|Protect|p1a: Tyranitar
|-singleturn|p1a: Tyranitar|Protect
|move|p2a: Arbok|Coil|p2a: Arbok
|-boost|p2a: Arbok|atk|1
|-boost|p2a: Arbok|def|1
|-boost|p2a: Arbok|accuracy|1
|move|p2b: Milotic|Coil|p2b: Milotic
|-boost|p2b: Milotic|atk|1
|-boost|p2b: Milotic|def|1
|-boost|p2b: Milotic|accuracy|1
|move|p1b: Glimmora|Energy Ball|p2b: Milotic
|-supereffective|p2b: Milotic|1
|-damage|p2b: Milotic|60/100
|
|-weather|Sandstorm|[upkeep]
|-damage|p2a: Arbok|94/100|[from] Sandstorm
|-damage|p2b: Milotic|54/100|[from] Sandstorm
|-heal|p2b: Milotic|60/100|[from] item: Leftovers
|upkeep
|turn|2
|inactive|2daygon has 30 seconds left.
|inactive|k1ngm3 has 30 seconds left.
|
|t:|1785465701
|switch|p1a: Arcanine|Arcanine-Hisui, L50, M, shiny|100/100
|-ability|p1a: Arcanine|Intimidate|boost
|-unboost|p2a: Arbok|atk|1
|-unboost|p2b: Milotic|atk|1
|-ability|p2b: Milotic|Competitive|boost
|-boost|p2b: Milotic|spa|2
|move|p2a: Arbok|Sucker Punch|p1b: Glimmora
|-crit|p1b: Glimmora
|-damage|p1b: Glimmora|78/100
|-activate|p1b: Glimmora|ability: Toxic Debris
|-sidestart|p2: k1ngm3|move: Toxic Spikes
|move|p2b: Milotic|Hypnosis|p1b: Glimmora
|-status|p1b: Glimmora|slp|[from] move: Hypnosis
|cant|p1b: Glimmora|slp
|
|-weather|Sandstorm|[upkeep]
|-damage|p2a: Arbok|88/100|[from] Sandstorm
|-damage|p2b: Milotic|54/100|[from] Sandstorm
|-heal|p2b: Milotic|60/100|[from] item: Leftovers
|upkeep
|turn|3
|inactive|k1ngm3 has 30 seconds left.
|inactive|k1ngm3 has 20 seconds left.
|inactive|k1ngm3 has 15 seconds left.
|
|t:|1785465746
|cant|p1b: Glimmora|slp
|move|p1a: Arcanine|Wild Charge|p2b: Milotic
|-supereffective|p2b: Milotic|1
|-damage|p2b: Milotic|13/100
|-damage|p1a: Arcanine|88/100|[from] Recoil
|move|p2a: Arbok|Coil|p2a: Arbok
|-boost|p2a: Arbok|atk|1
|-boost|p2a: Arbok|def|1
|-boost|p2a: Arbok|accuracy|1
|move|p2b: Milotic|Muddy Water|p1b: Glimmora|[spread] p1a,p1b
|-supereffective|p1a: Arcanine|2
|-supereffective|p1b: Glimmora|1
|-damage|p1a: Arcanine|0 fnt
|-damage|p1b: Glimmora|0 fnt
|faint|p1a: Arcanine
|faint|p1b: Glimmora
|
|-weather|Sandstorm|[upkeep]
|-damage|p2a: Arbok|82/100|[from] Sandstorm
|-damage|p2b: Milotic|8/100|[from] Sandstorm
|-heal|p2b: Milotic|13/100|[from] item: Leftovers
|upkeep
|
|t:|1785465763
|switch|p1a: Lycanroc|Lycanroc, L50, M, shiny|100/100
|switch|p1b: Tyranitar|Tyranitar, L50, M|100/100
|turn|4
|
|t:|1785465788
|move|p1b: Tyranitar|Protect|p1b: Tyranitar
|-singleturn|p1b: Tyranitar|Protect
|move|p1a: Lycanroc|Rock Slide|p2a: Arbok|[spread] p2a,p2b
|-damage|p2a: Arbok|44/100
|-damage|p2b: Milotic|0 fnt
|faint|p2b: Milotic
|-damage|p1a: Lycanroc|90/100|[from] item: Life Orb
|move|p2a: Arbok|Sludge Wave|p1a: Lycanroc|[spread] p1a
|-activate|p1b: Tyranitar|move: Protect
|-resisted|p1a: Lycanroc|1
|-damage|p1a: Lycanroc|81/100
|
|-weather|Sandstorm|[upkeep]
|-damage|p2a: Arbok|38/100|[from] Sandstorm
|upkeep
|
|t:|1785465807
|switch|p2b: Skarmory|Skarmory, L50, M|100/100
|turn|5
|
|t:|1785465827
|detailschange|p2b: Skarmory|Skarmory-Mega, L50, M
|-mega|p2b: Skarmory|Skarmory|Skarmorite
|move|p2a: Arbok|Sucker Punch|p1a: Lycanroc
|-damage|p1a: Lycanroc|38/100
|move|p1a: Lycanroc|Rock Slide|p2b: Skarmory|[spread] p2a,p2b
|-crit|p2b: Skarmory
|-damage|p2a: Arbok|0 fnt
|-damage|p2b: Skarmory|35/100
|faint|p2a: Arbok
|-damage|p1a: Lycanroc|28/100|[from] item: Life Orb
|move|p2b: Skarmory|Steel Wing|p1a: Lycanroc
|-supereffective|p1a: Lycanroc|1
|-damage|p1a: Lycanroc|0 fnt
|faint|p1a: Lycanroc
|move|p1b: Tyranitar|Knock Off|p2b: Skarmory
|-damage|p2b: Skarmory|0 fnt
|faint|p2b: Skarmory
|
|-weather|none
|upkeep
|
|t:|1785465844
|switch|p2a: Ditto|Ditto, L50|100/100
|-status|p2a: Ditto|psn
|-transform|p2a: Ditto|p1b: Tyranitar|[from] ability: Imposter
|-weather|Sandstorm|[from] ability: Sand Stream|[of] p2a: Ditto
|turn|6
|
|t:|1785465866
|detailschange|p1b: Tyranitar|Tyranitar-Mega, L50, M
|-mega|p1b: Tyranitar|Tyranitar|Tyranitarite
|move|p2a: Ditto|Rock Slide|p1b: Tyranitar
|-damage|p1b: Tyranitar|78/100
|move|p1b: Tyranitar|Rock Slide|p2a: Ditto
|-damage|p2a: Ditto|49/100 psn
|
|-weather|Sandstorm|[upkeep]
|-damage|p2a: Ditto|37/100 psn|[from] psn
|upkeep
|turn|7
|
|t:|1785465880
|move|p1b: Tyranitar|Protect|p1b: Tyranitar
|-singleturn|p1b: Tyranitar|Protect
|move|p2a: Ditto|Rock Slide|p1b: Tyranitar
|-activate|p1b: Tyranitar|move: Protect
|
|-weather|Sandstorm|[upkeep]
|-damage|p2a: Ditto|25/100 psn|[from] psn
|upkeep
|turn|8
|
|t:|1785465890
|move|p2a: Ditto|Rock Slide|p1b: Tyranitar
|-damage|p1b: Tyranitar|56/100
|cant|p1b: Tyranitar|flinch
|
|-weather|Sandstorm|[upkeep]
|-damage|p2a: Ditto|12/100 psn|[from] psn
|upkeep
|turn|9
|
|t:|1785465898
|move|p1b: Tyranitar|Protect|p1b: Tyranitar
|-singleturn|p1b: Tyranitar|Protect
|move|p2a: Ditto|Rock Slide|p1b: Tyranitar
|-activate|p1b: Tyranitar|move: Protect
|
|-weather|Sandstorm|[upkeep]
|-damage|p2a: Ditto|1/100 psn|[from] psn
|upkeep
|turn|10
|
|t:|1785465911
|move|p2a: Ditto|Rock Slide|p1b: Tyranitar
|-crit|p1b: Tyranitar
|-damage|p1b: Tyranitar|21/100
|move|p1b: Tyranitar|Aerial Ace|p2a: Ditto
|-resisted|p2a: Ditto|1
|-damage|p2a: Ditto|0 fnt
|faint|p2a: Ditto
|
|win|2daygon
|raw|2daygon's rating: 1058 → 1093(+35 for winning)
|raw|k1ngm3's rating: 1100 → 1072(-28 for losing)
