|j|☆Fire Mage 593
|j|☆cristiansegadevila
|html|Fire Mage 593cristiansegadevila    
|uhtml|bestof|Game 1 of a best-of-3
|t:|1757920732
|gametype|doubles
|player|p1|Fire Mage 593|169|1087
|player|p2|cristiansegadevila|1|1109
|gen|9
|tier|[Gen 9] VGC 2025 Reg H (Bo3)
|rated|
|rule|Species Clause: Limit one of each Pokémon
|rule|Item Clause: Limit 1 of each item
|clearpoke
|poke|p1|Volcarona, L50, F|
|poke|p1|Kommo-o, L50, F|
|poke|p1|Oricorio-Pom-Pom, L50, F|
|poke|p1|Farigiraf, L50, M|
|poke|p1|Rillaboom, L50, M|
|poke|p1|Incineroar, L50, M|
|poke|p2|Gholdengo, L50|
|poke|p2|Pelipper, L50, M|
|poke|p2|Archaludon, L50, F|
|poke|p2|Sinistcha, L50|
|poke|p2|Dragonite, L50, M|
|poke|p2|Ursaluna, L50, M|
|teampreview|4
|showteam|p1|Volcarona||RockyHelmet|FlameBody|FieryDance,QuiverDance,RagePowder,Protect|||F|||50|,,,,,Ghost]Kommo-o||ThroatSpray|Overcoat|ClangingScales,ClangorousSoul,AuraSphere,Protect|||F|||50|,,,,,Fire]Oricorio-Pom-Pom||SitrusBerry|Dancer|RevelationDance,AirSlash,BatonPass,Protect|||F|||50|,,,,,Steel]Farigiraf||SafetyGoggles|ArmorTail|Psychic,HelpingHand,TrickRoom,Imprison|||M|||50|,,,,,Fairy]Rillaboom||GrassySeed|GrassySurge|WoodHammer,FakeOut,GrassyGlide,Uturn|||M|||50|,,,,,Fire]Incineroar||AssaultVest|Intimidate|FlareBlitz,KnockOff,FakeOut,Uturn|||M|||50|,,,,,Grass
|showteam|p2|Gholdengo||ChoiceScarf|GoodasGold|MakeItRain,PowerGem,ShadowBall,NastyPlot||||||50|,,,,,Steel]Pelipper||FocusSash|Drizzle|Tailwind,Protect,Hurricane,WeatherBall|||M|||50|,,,,,Ghost]Archaludon||AssaultVest|Stamina|Snarl,BodyPress,ElectroShot,DracoMeteor|||F|||50|,,,,,Fighting]Sinistcha||SitrusBerry|Hospitality|MatchaGotcha,LifeDew,TrickRoom,RagePowder||||||50|,,,,,Water]Dragonite||LoadedDice|Multiscale|Protect,ScaleShot,ExtremeSpeed,LowKick|||M|||50|,,,,,Steel]Ursaluna||FlameOrb|Guts|Protect,Earthquake,HeadlongRush,Facade|||M|||50|,,,,,Water
|
|t:|1757920763
|teamsize|p1|4
|teamsize|p2|4
|start
|switch|p1a: Volcarona|Volcarona, L50, F|100/100
|switch|p1b: Oricorio|Oricorio-Pom-Pom, L50, F|100/100
|switch|p2a: Dragonite|Dragonite, L50, M|100/100
|switch|p2b: Ursaluna|Ursaluna, L50, M|100/100
|turn|1
|
|t:|1757920823
|move|p1a: Volcarona|Quiver Dance|p1a: Volcarona
|-boost|p1a: Volcarona|spa|1
|-boost|p1a: Volcarona|spd|1
|-boost|p1a: Volcarona|spe|1
|-activate|p1b: Oricorio|ability: Dancer
|move|p1b: Oricorio|Quiver Dance|p1b: Oricorio|[from] ability: Dancer
|-boost|p1b: Oricorio|spa|1
|-boost|p1b: Oricorio|spd|1
|-boost|p1b: Oricorio|spe|1
|move|p1b: Oricorio|Baton Pass|p1b: Oricorio
|
|t:|1757920833
|switch|p1b: Kommo-o|Kommo-o, L50, F|100/100|[from] Baton Pass
|move|p2a: Dragonite|Scale Shot|p1a: Volcarona
|-damage|p1a: Volcarona|84/100
|-damage|p1a: Volcarona|67/100
|-crit|p1a: Volcarona
|-damage|p1a: Volcarona|39/100
|-crit|p1a: Volcarona
|-damage|p1a: Volcarona|11/100
|-hitcount|p1a: Volcarona|4
|-unboost|p2a: Dragonite|def|1
|-boost|p2a: Dragonite|spe|1
|move|p2b: Ursaluna|Facade|p1a: Volcarona
|-damage|p1a: Volcarona|0 fnt
|-damage|p2b: Ursaluna|84/100|[from] item: Rocky Helmet|[of] p1a: Volcarona
|-status|p2b: Ursaluna|brn|[from] ability: Flame Body|[of] p1a: Volcarona
|faint|p1a: Volcarona
|
|-damage|p2b: Ursaluna|78/100 brn|[from] brn
|upkeep
|
|t:|1757920848
|switch|p1a: Rillaboom|Rillaboom, L50, M|100/100
|-fieldstart|move: Grassy Terrain|[from] ability: Grassy Surge|[of] p1a: Rillaboom
|-enditem|p1a: Rillaboom|Grassy Seed
|-boost|p1a: Rillaboom|def|1|[from] item: Grassy Seed
|turn|2
|
|t:|1757920877
|move|p2a: Dragonite|Protect|p2a: Dragonite
|-singleturn|p2a: Dragonite|Protect
|move|p2b: Ursaluna|Protect|p2b: Ursaluna
|-singleturn|p2b: Ursaluna|Protect
|move|p1b: Kommo-o|Clanging Scales|p2a: Dragonite|[spread] 
|-activate|p2a: Dragonite|move: Protect
|-activate|p2b: Ursaluna|move: Protect
|move|p1a: Rillaboom|Wood Hammer|p2b: Ursaluna
|-activate|p2b: Ursaluna|move: Protect
|
|-heal|p2b: Ursaluna|84/100 brn|[from] Grassy Terrain
|-damage|p2b: Ursaluna|78/100 brn|[from] brn
|upkeep
|turn|3
|
|t:|1757920904
|switch|p2b: Archaludon|Archaludon, L50, F|100/100
|-terastallize|p2a: Dragonite|Steel
|move|p1a: Rillaboom|Grassy Glide|p2a: Dragonite
|-resisted|p2a: Dragonite
|-damage|p2a: Dragonite|84/100
|move|p1b: Kommo-o|Aura Sphere|p2a: Dragonite
|-supereffective|p2a: Dragonite
|-damage|p2a: Dragonite|0 fnt
|faint|p2a: Dragonite
|
|upkeep
|
|t:|1757920919
|switch|p2a: Ursaluna|Ursaluna, L50, M|78/100 brn
|turn|4
|
|t:|1757920936
|move|p2a: Ursaluna|Protect|p2a: Ursaluna
|-singleturn|p2a: Ursaluna|Protect
|move|p1b: Kommo-o|Aura Sphere|p2b: Archaludon
|-supereffective|p2b: Archaludon
|-damage|p2b: Archaludon|33/100
|-ability|p2b: Archaludon|Stamina|boost
|-boost|p2b: Archaludon|def|1
|move|p1a: Rillaboom|Wood Hammer|p2a: Ursaluna
|-activate|p2a: Ursaluna|move: Protect
|move|p2b: Archaludon|Draco Meteor|p1b: Kommo-o
|-supereffective|p1b: Kommo-o
|-damage|p1b: Kommo-o|21/100
|-unboost|p2b: Archaludon|spa|2
|
|-heal|p1b: Kommo-o|27/100|[from] Grassy Terrain
|-heal|p2b: Archaludon|40/100|[from] Grassy Terrain
|-heal|p2a: Ursaluna|84/100 brn|[from] Grassy Terrain
|-damage|p2a: Ursaluna|78/100 brn|[from] brn
|upkeep
|turn|5
|
|t:|1757920960
|switch|p2a: Sinistcha|Sinistcha, L50|100/100
|-heal|p2b: Archaludon|64/100|[from] ability: Hospitality|[of] p2a: Sinistcha
|move|p1b: Kommo-o|Aura Sphere|p2b: Archaludon
|-supereffective|p2b: Archaludon
|-damage|p2b: Archaludon|0 fnt
|faint|p2b: Archaludon
|move|p1a: Rillaboom|Wood Hammer|p2a: Sinistcha
|-resisted|p2a: Sinistcha
|-damage|p2a: Sinistcha|66/100
|-damage|p1a: Rillaboom|90/100|[from] Recoil
|
|-heal|p1b: Kommo-o|33/100|[from] Grassy Terrain
|-heal|p1a: Rillaboom|96/100|[from] Grassy Terrain
|-heal|p2a: Sinistcha|72/100|[from] Grassy Terrain
|upkeep
|
|t:|1757920974
|switch|p2b: Ursaluna|Ursaluna, L50, M|78/100 brn
|turn|6
|
|t:|1757920990
|move|p2a: Sinistcha|Rage Powder|p2a: Sinistcha
|-singleturn|p2a: Sinistcha|move: Rage Powder
|move|p1b: Kommo-o|Clanging Scales|p2a: Sinistcha|[spread] p2a,p2b
|-damage|p2a: Sinistcha|29/100
|-damage|p2b: Ursaluna|37/100 brn
|-enditem|p2a: Sinistcha|Sitrus Berry|[eat]
|-heal|p2a: Sinistcha|54/100|[from] item: Sitrus Berry
|-unboost|p1b: Kommo-o|def|1
|-enditem|p1b: Kommo-o|Throat Spray
|-boost|p1b: Kommo-o|spa|1|[from] item: Throat Spray
|move|p1a: Rillaboom|Wood Hammer|p2b: Ursaluna
|-supereffective|p2b: Ursaluna
|-damage|p2b: Ursaluna|0 fnt
|faint|p2b: Ursaluna
|-damage|p1a: Rillaboom|81/100|[from] Recoil
|
|-heal|p1b: Kommo-o|40/100|[from] Grassy Terrain
|-heal|p1a: Rillaboom|87/100|[from] Grassy Terrain
|-heal|p2a: Sinistcha|60/100|[from] Grassy Terrain
|-fieldend|move: Grassy Terrain
|upkeep
|turn|7
|-message|cristiansegadevila forfeited.
|
|win|Fire Mage 593
|l|☆cristiansegadevila
|player|p2|
||cristiansegadevila is ready for game 2.
||Fire Mage 593 is ready for game 2.
|uhtml|next|Next: Game 2 of 3
