|j|Ōśågastero
|j|Ōśåcantchat_sorry
|html|gasterocantchat_sorry    
|uhtml|bestof|Game 3 of a best-of-3
|t:|1785593631
|gametype|doubles
|player|p1|gastero|carmine|1252
|player|p2|cantchat_sorry|clair|1228
|gen|9
|tier|[Gen 9 Champions] VGC 2026 Reg M-B (Bo3)
|rated|
|rule|Species Clause: Limit one of each Pok├®mon
|rule|Item Clause: Limit 1 of each item
|clearpoke
|poke|p1|Staraptor, L50, F|
|poke|p1|Gholdengo, L50|
|poke|p1|Sinistcha, L50|
|poke|p1|Incineroar, L50, F|
|poke|p1|Arcanine-Hisui, L50, M|
|poke|p1|Ninetales-Alola, L50, F|
|poke|p2|Garchomp, L50, F|
|poke|p2|Tyranitar, L50, F|
|poke|p2|Corviknight, L50, M, shiny|
|poke|p2|Milotic, L50, M|
|poke|p2|Sinistcha, L50|
|poke|p2|Ceruledge, L50, M|
|teampreview|4
|showteam|p1|Staraptor||Staraptite|Intimidate|CloseCombat,DualWingbeat,Tailwind,Protect|Jolly||F|||50|]Gholdengo||LifeOrb|GoodasGold|MakeItRain,ShadowBall,NastyPlot,Protect|Modest|||||50|]Sinistcha||ColburBerry|Hospitality|MatchaGotcha,RagePowder,TrickRoom,StrengthSap|Calm|||||50|]Incineroar||SitrusBerry|Intimidate|FakeOut,FlareBlitz,DarkestLariat,PartingShot|Careful||F|||50|]Arcanine-Hisui||FocusSash|RockHead|FlareBlitz,HeadSmash,ExtremeSpeed,Protect|Jolly||M|||50|]Ninetales-Alola||NeverMeltIce|SnowWarning|Blizzard,FreezeDry,Encore,Protect|Timid||F|||50|
|showteam|p2|Garchomp||Garchompite|RoughSkin|EarthPower,DracoMeteor,PowerGem,Protect|Modest||F|||50|]Tyranitar||ChoiceScarf|SandStream|KnockOff,RockSlide,IcePunch,LowKick|Jolly||F|||50|]Corviknight||LifeOrb|MirrorArmor|BraveBird,IronHead,Tailwind,Protect|Jolly||M|||50|]Milotic||SitrusBerry|Competitive|Scald,IcyWind,Haze,Protect|Bold||M|||50|]Sinistcha||KasibBerry|Hospitality|MatchaGotcha,RagePowder,TrickRoom,Protect|Bold|||||50|]Ceruledge||ColburBerry|FlashFire|BitterBlade,ShadowSneak,BulkUp,Protect|Adamant||M|||50|
|inactive|Battle timer is ON: inactive players will automatically lose when time's up. (requested by cantchat_sorry)
|
|t:|1785593658
|teamsize|p1|4
|teamsize|p2|4
|start
|switch|p1a: Staraptor|Staraptor, L50, F|100/100
|switch|p1b: Arcanine|Arcanine-Hisui, L50, M|100/100
|switch|p2a: Corviknight|Corviknight, L50, M, shiny|100/100
|switch|p2b: Garchomp|Garchomp, L50, F|100/100
|-ability|p1a: Staraptor|Intimidate|boost
|-ability|p2a: Corviknight|Mirror Armor
|-unboost|p1a: Staraptor|atk|1
|-unboost|p2b: Garchomp|atk|1
|turn|1
|inactive|gastero has 30 seconds left.
|inactive|cantchat_sorry has 30 seconds left.
|inactive|gastero has 20 seconds left.
|
|t:|1785593697
|switch|p2a: Ceruledge|Ceruledge, L50, M|100/100
|detailschange|p1a: Staraptor|Staraptor-Mega, L50, F
|-mega|p1a: Staraptor|Staraptor|Staraptite
|detailschange|p2b: Garchomp|Garchomp-Mega, L50, F
|-mega|p2b: Garchomp|Garchomp|Garchompite
|move|p1a: Staraptor|Close Combat|p2b: Garchomp
|-damage|p2b: Garchomp|69/100
|-boost|p1a: Staraptor|def|1
|-boost|p1a: Staraptor|spd|1
|move|p1b: Arcanine|Head Smash|p2a: Ceruledge|[miss]
|-miss|p1b: Arcanine|p2a: Ceruledge
|move|p2b: Garchomp|Power Gem|p1a: Staraptor
|-damage|p1a: Staraptor|78/100
|
|upkeep
|turn|2
|c|Ōśågastero|....
|c|Ōśåcantchat_sorry|dam, I let that one go
|inactive|cantchat_sorry has 30 seconds left.
|
|t:|1785593730
|move|p2a: Ceruledge|Protect|p2a: Ceruledge
|-singleturn|p2a: Ceruledge|Protect
|move|p1a: Staraptor|Close Combat|p2b: Garchomp
|-damage|p2b: Garchomp|38/100
|-boost|p1a: Staraptor|def|1
|-boost|p1a: Staraptor|spd|1
|move|p1b: Arcanine|Head Smash|p2b: Garchomp|[miss]
|-miss|p1b: Arcanine|p2b: Garchomp
|move|p2b: Garchomp|Earth Power|p1b: Arcanine
|-supereffective|p1b: Arcanine|2
|-enditem|p1b: Arcanine|Focus Sash
|-damage|p1b: Arcanine|1/100
|
|upkeep
|turn|3
|c|Ōśågastero|xXDSDD
|
|t:|1785593754
|move|p2b: Garchomp|Protect|p2b: Garchomp
|-singleturn|p2b: Garchomp|Protect
|move|p1b: Arcanine|Extreme Speed|p2b: Garchomp
|-activate|p2b: Garchomp|move: Protect
|move|p1a: Staraptor|Close Combat|p2b: Garchomp
|-activate|p2b: Garchomp|move: Protect
|move|p2a: Ceruledge|Bitter Blade|p1a: Staraptor
|-damage|p1a: Staraptor|58/100
|
|upkeep
|turn|4
|inactive|gastero has 30 seconds left.
|
|t:|1785593780
|switch|p1b: Incineroar|Incineroar, L50, F|100/100
|-ability|p1b: Incineroar|Intimidate|boost
|-unboost|p2a: Ceruledge|atk|1
|-unboost|p2b: Garchomp|atk|1
|move|p2a: Ceruledge|Shadow Sneak|p1b: Incineroar
|-resisted|p1b: Incineroar|1
|-damage|p1b: Incineroar|94/100
|move|p1a: Staraptor|Close Combat|p2b: Garchomp
|-damage|p2b: Garchomp|7/100
|-boost|p1a: Staraptor|def|1
|-boost|p1a: Staraptor|spd|1
|move|p2b: Garchomp|Draco Meteor|p1a: Staraptor
|-crit|p1a: Staraptor
|-damage|p1a: Staraptor|0 fnt
|-unboost|p2b: Garchomp|spa|2
|faint|p1a: Staraptor
|
|upkeep
|c|Ōśåcantchat_sorry|OOF
|c|Ōśågastero|yeah
|c|Ōśåcantchat_sorry|I needed it
|c|Ōśåcantchat_sorry|ngl, lol
|inactive|gastero has 30 seconds left.
|c|Ōśågastero|what am i supposed to do xD
|c|Ōśåcantchat_sorry|otherwise it was a Staraptor sweep
|inactive|gastero has 20 seconds left.
|inactive|gastero has 15 seconds left.
|
|t:|1785593822
|switch|p1a: Sinistcha|Sinistcha, L50|100/100
|-heal|p1b: Incineroar|100/100|[from] ability: Hospitality|[of] p1a: Sinistcha
|turn|5
|
|t:|1785593843
|switch|p2a: Corviknight|Corviknight, L50, M, shiny|100/100
|move|p2b: Garchomp|Earth Power|p1b: Incineroar
|-supereffective|p1b: Incineroar|1
|-damage|p1b: Incineroar|64/100
|move|p1b: Incineroar|Darkest Lariat|p2a: Corviknight
|-damage|p2a: Corviknight|64/100
|move|p1a: Sinistcha|Trick Room|p1a: Sinistcha
|-fieldstart|move: Trick Room|[of] p1a: Sinistcha
|
|upkeep
|turn|6
|
|t:|1785593863
|switch|p2b: Ceruledge|Ceruledge, L50, M|100/100
|move|p2a: Corviknight|Protect|p2a: Corviknight
|-singleturn|p2a: Corviknight|Protect
|move|p1b: Incineroar|Darkest Lariat|p2a: Corviknight
|-activate|p2a: Corviknight|move: Protect
|move|p1a: Sinistcha|Matcha Gotcha|p2b: Ceruledge|[spread] p2b
|-activate|p2a: Corviknight|move: Protect
|-resisted|p2b: Ceruledge|1
|-damage|p2b: Ceruledge|87/100
|
|upkeep
|turn|7
|
|t:|1785593877
|move|p1b: Incineroar|Darkest Lariat|p2b: Ceruledge
|-supereffective|p2b: Ceruledge|1
|-enditem|p2b: Ceruledge|Colbur Berry|[eat]
|-enditem|p2b: Ceruledge|Colbur Berry|[weaken]
|-damage|p2b: Ceruledge|54/100
|move|p1a: Sinistcha|Matcha Gotcha|p2b: Ceruledge|[spread] p2a,p2b
|-resisted|p2a: Corviknight|2
|-resisted|p2b: Ceruledge|1
|-damage|p2a: Corviknight|58/100
|-damage|p2b: Ceruledge|41/100
|move|p2b: Ceruledge|Bitter Blade|p1a: Sinistcha
|-supereffective|p1a: Sinistcha|1
|-damage|p1a: Sinistcha|11/100
|-heal|p2b: Ceruledge|86/100|[from] drain|[of] p1a: Sinistcha
|move|p2a: Corviknight|Brave Bird|p1a: Sinistcha
|-supereffective|p1a: Sinistcha|1
|-damage|p1a: Sinistcha|0 fnt
|faint|p1a: Sinistcha
|-damage|p2a: Corviknight|54/100|[from] Recoil
|-damage|p2a: Corviknight|45/100|[from] item: Life Orb
|
|upkeep
|
|t:|1785593881
|switch|p1a: Arcanine|Arcanine-Hisui, L50, M|1/100
|turn|8
|
|t:|1785593899
|move|p2b: Ceruledge|Protect|p2b: Ceruledge
|-singleturn|p2b: Ceruledge|Protect
|move|p2a: Corviknight|Protect|p2a: Corviknight
|-singleturn|p2a: Corviknight|Protect
|move|p1a: Arcanine|Protect|p1a: Arcanine
|-singleturn|p1a: Arcanine|Protect
|move|p1b: Incineroar|Darkest Lariat|p2b: Ceruledge
|-activate|p2b: Ceruledge|move: Protect
|
|upkeep
|turn|9
|
|t:|1785593912
|move|p1a: Arcanine|Protect||[still]
|-fail|p1a: Arcanine
|move|p2b: Ceruledge|Shadow Sneak|p1a: Arcanine
|-damage|p1a: Arcanine|0 fnt
|faint|p1a: Arcanine
|move|p1b: Incineroar|Flare Blitz|p2a: Corviknight
|-supereffective|p2a: Corviknight|1
|-damage|p2a: Corviknight|0 fnt
|faint|p2a: Corviknight
|-damage|p1b: Incineroar|50/100g|[from] Recoil
|
|-fieldend|move: Trick Room
|upkeep
|c|Ōśågastero|yeah
|
|t:|1785593922
|switch|p2a: Garchomp|Garchomp-Mega, L50, F|7/100
|turn|10
|c|Ōśågastero|i guess ggs
|c|Ōśåcantchat_sorry|ggs
|-message|gastero forfeited.
|
|win|cantchat_sorry
|raw|gastero's rating: 1252 → 1225(-27 for losing)
|raw|cantchat_sorry's rating: 1228 → 1255(+27 for winning)
|l|Ōśågastero
|player|p1|
|c|Ōśåcantchat_sorry|wp lol
|j|Ōśågastero
|player|p1|gastero|carmine|
|l|Ōśåcantchat_sorry
|player|p2|
