|j|☆bupki
|j|☆eklyst
|html|bupkieklyst    
|uhtml|bestof|Game 2 of a best-of-3
|t:|1756940330
|gametype|doubles
|player|p1|bupki|miku-ghost|1148
|player|p2|eklyst|pokemaniac|1136
|gen|9
|tier|[Gen 9] VGC 2025 Reg H (Bo3)
|rated|
|rule|Species Clause: Limit one of each Pokémon
|rule|Item Clause: Limit 1 of each item
|clearpoke
|poke|p1|Ursaluna-Bloodmoon, L50, M|
|poke|p1|Smeargle, L50, F|
|poke|p1|Dragonite, L50, F|
|poke|p1|Gholdengo, L50|
|poke|p1|Sneasler, L50, F|
|poke|p1|Spiritomb, L50, F|
|poke|p2|Ursaluna-Bloodmoon, L50, M|
|poke|p2|Incineroar, L50, F|
|poke|p2|Rillaboom, L50, F|
|poke|p2|Farigiraf, L50, M|
|poke|p2|Sneasler, L50, M|
|poke|p2|Volcarona, L50, F|
|teampreview|4
|showteam|p1|Ursaluna-Bloodmoon||AssaultVest|MindsEye|HyperVoice,BloodMoon,EarthPower,VacuumWave|||M|||50|,,,,,Ghost]Smeargle||FocusSash|Moody|FakeOut,Decorate,FollowMe,Spore|||F|||50|,,,,,Grass]Dragonite||LoadedDice|Multiscale|ScaleShot,ExtremeSpeed,Protect,Tailwind|||F|||50|,,,,,Fairy]Gholdengo||LifeOrb|GoodasGold|MakeItRain,ShadowBall,Protect,NastyPlot||||||50|,,,,,Water]Sneasler||WhiteHerb|Unburden|FakeOut,DireClaw,Protect,CloseCombat|||F|||50|,,,,,Stellar]Spiritomb||Leftovers|Infiltrator|FoulPlay,Snarl,TrickRoom,WillOWisp|||F|||50|,,,,,Steel
|showteam|p2|Ursaluna-Bloodmoon||LifeOrb|MindsEye|HyperVoice,BloodMoon,EarthPower,Protect|||M|||50|,,,,,Normal]Incineroar||SitrusBerry|Intimidate|FakeOut,FlareBlitz,KnockOff,PartingShot|||F|||50|,,,,,Bug]Rillaboom||AssaultVest|GrassySurge|Uturn,WoodHammer,GrassyGlide,FakeOut|||F|||50|,,,,,Fire]Farigiraf||ThroatSpray|ArmorTail|HyperVoice,Protect,Psychic,TrickRoom|||M|||50|,,,,,Fairy]Sneasler||FocusSash|Unburden|CloseCombat,Protect,FakeOut,ThroatChop|||M|||50|,,,,,Dark]Volcarona||CovertCloak|FlameBody|HeatWave,Protect,StruggleBug,RagePowder|||F|||50|,,,,,Water
|
|t:|1756940366
|teamsize|p1|4
|teamsize|p2|4
|start
|switch|p1a: Spiritomb|Spiritomb, L50, F|100/100
|switch|p1b: Gholdengo|Gholdengo, L50|100/100
|switch|p2a: Volcarona|Volcarona, L50, F|100/100
|switch|p2b: Incineroar|Incineroar, L50, F|100/100
|-ability|p2b: Incineroar|Intimidate|boost
|-unboost|p1a: Spiritomb|atk|1
|-unboost|p1b: Gholdengo|atk|1
|turn|1
|
|t:|1756940380
|-terastallize|p1b: Gholdengo|Water
|move|p2a: Volcarona|Heat Wave|p1a: Spiritomb|[spread] p1a,p1b
|-resisted|p1b: Gholdengo
|-damage|p1a: Spiritomb|66/100
|-damage|p1b: Gholdengo|80/100
|move|p1b: Gholdengo|Nasty Plot|p1b: Gholdengo
|-boost|p1b: Gholdengo|spa|2
|move|p2b: Incineroar|Knock Off|p1a: Spiritomb
|-damage|p1a: Spiritomb|28/100
|-enditem|p1a: Spiritomb|Leftovers|[from] move: Knock Off|[of] p2b: Incineroar
|move|p1a: Spiritomb|Trick Room|p1a: Spiritomb
|-fieldstart|move: Trick Room|[of] p1a: Spiritomb
|
|upkeep
|turn|2
|
|t:|1756940401
|move|p1a: Spiritomb|Snarl|p2b: Incineroar|[spread] p2a,p2b
|-resisted|p2b: Incineroar
|-damage|p2a: Volcarona|88/100
|-damage|p2b: Incineroar|94/100
|-unboost|p2b: Incineroar|spa|1
|move|p2b: Incineroar|Knock Off|p1b: Gholdengo
|-damage|p1b: Gholdengo|38/100
|-enditem|p1b: Gholdengo|Life Orb|[from] move: Knock Off|[of] p2b: Incineroar
|move|p1b: Gholdengo|Make It Rain|p2a: Volcarona|[spread] p2a,p2b
|-resisted|p2a: Volcarona
|-resisted|p2b: Incineroar
|-damage|p2a: Volcarona|41/100
|-damage|p2b: Incineroar|52/100
|-unboost|p1b: Gholdengo|spa|1
|move|p2a: Volcarona|Struggle Bug|p1a: Spiritomb|[spread] p1a,p1b
|-damage|p1a: Spiritomb|10/100
|-damage|p1b: Gholdengo|15/100
|-unboost|p1a: Spiritomb|spa|1
|-unboost|p1b: Gholdengo|spa|1
|
|upkeep
|turn|3
|
|t:|1756940421
|switch|p2b: Rillaboom|Rillaboom, L50, F|100/100
|-fieldstart|move: Grassy Terrain|[from] ability: Grassy Surge|[of] p2b: Rillaboom
|move|p2a: Volcarona|Protect|p2a: Volcarona
|-singleturn|p2a: Volcarona|Protect
|move|p1a: Spiritomb|Foul Play|p2b: Rillaboom
|-damage|p2b: Rillaboom|57/100
|move|p1b: Gholdengo|Make It Rain|p2b: Rillaboom|[spread] p2b
|-activate|p2a: Volcarona|move: Protect
|-damage|p2b: Rillaboom|25/100
|-unboost|p1b: Gholdengo|spa|1
|
|-heal|p1a: Spiritomb|16/100|[from] Grassy Terrain
|-heal|p2b: Rillaboom|31/100|[from] Grassy Terrain
|-heal|p1b: Gholdengo|21/100|[from] Grassy Terrain
|-heal|p2a: Volcarona|46/100|[from] Grassy Terrain
|upkeep
|turn|4
|
|t:|1756940448
|switch|p2b: Incineroar|Incineroar, L50, F|52/100
|-ability|p2b: Incineroar|Intimidate|boost
|-unboost|p1a: Spiritomb|atk|1
|-unboost|p1b: Gholdengo|atk|1
|switch|p1b: Sneasler|Sneasler, L50, F|100/100
|move|p1a: Spiritomb|Foul Play|p2b: Incineroar
|-resisted|p2b: Incineroar
|-damage|p2b: Incineroar|39/100
|-enditem|p2b: Incineroar|Sitrus Berry|[eat]
|-heal|p2b: Incineroar|64/100|[from] item: Sitrus Berry
|move|p2a: Volcarona|Struggle Bug|p1a: Spiritomb|[spread] p1a,p1b
|-resisted|p1b: Sneasler
|-damage|p1a: Spiritomb|0 fnt
|-damage|p1b: Sneasler|93/100
|-unboost|p1b: Sneasler|spa|1
|faint|p1a: Spiritomb
|-enditem|p1b: Sneasler|White Herb
|-clearnegativeboost|p1b: Sneasler|[silent]
|
|-heal|p2b: Incineroar|70/100|[from] Grassy Terrain
|-heal|p2a: Volcarona|52/100|[from] Grassy Terrain
|-heal|p1b: Sneasler|99/100|[from] Grassy Terrain
|upkeep
|
|t:|1756940461
|switch|p1a: Ursaluna|Ursaluna-Bloodmoon, L50, M|100/100
|turn|5
|
|t:|1756940476
|switch|p2b: Rillaboom|Rillaboom, L50, F|31/100
|move|p2a: Volcarona|Protect|p2a: Volcarona
|-singleturn|p2a: Volcarona|Protect
|move|p1a: Ursaluna|Earth Power|p2b: Rillaboom
|-resisted|p2b: Rillaboom
|-damage|p2b: Rillaboom|14/100
|move|p1b: Sneasler|Dire Claw|p2a: Volcarona
|-activate|p2a: Volcarona|move: Protect
|
|-heal|p2b: Rillaboom|20/100|[from] Grassy Terrain
|-heal|p2a: Volcarona|58/100|[from] Grassy Terrain
|-heal|p1b: Sneasler|100/100|[from] Grassy Terrain
|-fieldend|move: Trick Room
|upkeep
|turn|6
|
|t:|1756940494
|switch|p1a: Gholdengo|Gholdengo, L50, tera:Water|21/100
|move|p2b: Rillaboom|Fake Out|p1b: Sneasler
|-damage|p1b: Sneasler|77/100
|cant|p1b: Sneasler|flinch
|move|p2a: Volcarona|Struggle Bug|p1a: Gholdengo|[spread] p1a,p1b
|-resisted|p1b: Sneasler
|-damage|p1a: Gholdengo|0 fnt
|-damage|p1b: Sneasler|70/100
|-unboost|p1b: Sneasler|spa|1
|faint|p1a: Gholdengo
|
|-heal|p1b: Sneasler|75/100|[from] Grassy Terrain
|-heal|p2a: Volcarona|64/100|[from] Grassy Terrain
|-heal|p2b: Rillaboom|25/100|[from] Grassy Terrain
|upkeep
|
|t:|1756940500
|switch|p1a: Ursaluna|Ursaluna-Bloodmoon, L50, M|100/100
|turn|7
|
|t:|1756940514
|move|p1b: Sneasler|Dire Claw|p2b: Rillaboom
|-supereffective|p2b: Rillaboom
|-damage|p2b: Rillaboom|0 fnt
|faint|p2b: Rillaboom
|move|p2a: Volcarona|Struggle Bug|p1a: Ursaluna|[spread] p1a,p1b
|-resisted|p1b: Sneasler
|-crit|p1b: Sneasler
|-damage|p1a: Ursaluna|87/100
|-damage|p1b: Sneasler|64/100
|-unboost|p1a: Ursaluna|spa|1
|-unboost|p1b: Sneasler|spa|1
|move|p1a: Ursaluna|Blood Moon|p2a: Volcarona
|-damage|p2a: Volcarona|6/100
|
|-heal|p1b: Sneasler|70/100|[from] Grassy Terrain
|-heal|p2a: Volcarona|12/100|[from] Grassy Terrain
|-heal|p1a: Ursaluna|93/100|[from] Grassy Terrain
|-fieldend|move: Grassy Terrain
|upkeep
|
|t:|1756940528
|switch|p2b: Incineroar|Incineroar, L50, F|70/100
|-ability|p2b: Incineroar|Intimidate|boost
|-unboost|p1a: Ursaluna|atk|1
|-unboost|p1b: Sneasler|atk|1
|turn|8
|
|t:|1756940536
|move|p1b: Sneasler|Protect|p1b: Sneasler
|-singleturn|p1b: Sneasler|Protect
|move|p2b: Incineroar|Fake Out|p1b: Sneasler
|-activate|p1b: Sneasler|move: Protect
|move|p2a: Volcarona|Heat Wave|p1b: Sneasler|[spread] p1a
|-activate|p1b: Sneasler|move: Protect
|-damage|p1a: Ursaluna|69/100
|move|p1a: Ursaluna|Hyper Voice|p2a: Volcarona|[spread] p2a,p2b
|-crit|p2a: Volcarona
|-damage|p2a: Volcarona|0 fnt
|-damage|p2b: Incineroar|46/100
|faint|p2a: Volcarona
|
|upkeep
|
|t:|1756940551
|switch|p2a: Ursaluna|Ursaluna-Bloodmoon, L50, M|100/100
|turn|9
|
|t:|1756940568
|-terastallize|p2a: Ursaluna|Normal
|move|p1b: Sneasler|Close Combat|p2b: Incineroar
|-supereffective|p2b: Incineroar
|-damage|p2b: Incineroar|0 fnt
|-unboost|p1b: Sneasler|def|1
|-unboost|p1b: Sneasler|spd|1
|faint|p2b: Incineroar
|move|p2a: Ursaluna|Hyper Voice|p1a: Ursaluna|[spread] p1a,p1b
|-damage|p1a: Ursaluna|17/100
|-damage|p1b: Sneasler|0 fnt
|faint|p1b: Sneasler
|-damage|p2a: Ursaluna|90/100|[from] item: Life Orb
|move|p1a: Ursaluna|Hyper Voice|p2a: Ursaluna
|-damage|p2a: Ursaluna|52/100
|
|upkeep
|turn|10
|j| stavraid
|
|t:|1756940582
|move|p2a: Ursaluna|Hyper Voice|p1a: Ursaluna
|-damage|p1a: Ursaluna|0 fnt
|faint|p1a: Ursaluna
|-damage|p2a: Ursaluna|42/100|[from] item: Life Orb
|
|win|eklyst
|l|☆bupki
|player|p1|
||bupki is ready for game 3.
||eklyst is ready for game 3.
|uhtml|next|Next: Game 3 of 3
|l| stavraid
