|j|☆ThetaB
|j|☆Vitor_hsaf
|html|ThetaBVitor_hsaf    
|uhtml|bestof|Game 2 of a best-of-3
|t:|1757193125
|gametype|doubles
|player|p1|ThetaB|palmer|1133
|player|p2|Vitor_hsaf|blue|1354
|gen|9
|tier|[Gen 9] VGC 2025 Reg H (Bo3)
|rated|
|rule|Species Clause: Limit one of each Pokémon
|rule|Item Clause: Limit 1 of each item
|clearpoke
|poke|p1|Excadrill, L50, M|
|poke|p1|Tyranitar, L50, M|
|poke|p1|Sneasler, L50, F|
|poke|p1|Indeedee, L50, M|
|poke|p1|Corviknight, L50, M|
|poke|p1|Annihilape, L50, F|
|poke|p2|Volcarona, L50, M|
|poke|p2|Kingambit, L50, M|
|poke|p2|Basculegion, L50, M|
|poke|p2|Sneasler, L50, F|
|poke|p2|Rillaboom, L50, M|
|poke|p2|Dondozo, L50, F|
|teampreview|4
|showteam|p1|Excadrill||FocusSash|SandRush|IronHead,HighHorsepower,Earthquake,Protect|||M|||50|,,,,,Stellar]Tyranitar||AssaultVest|SandStream|RockSlide,KnockOff,TeraBlast,LowKick|||M|||50|,,,,,Flying]Sneasler||PsychicSeed|Unburden|DireClaw,CloseCombat,ThroatChop,Protect|||F|||50|,,,,,Dark]Indeedee||ChoiceScarf|PsychicSurge|ExpandingForce,TeraBlast,Protect,Trick|||M|||50|,,,,,Psychic]Corviknight||Leftovers|MirrorArmor|BraveBird,BulkUp,Roost,Tailwind|||M|||50|,,,,,Dragon]Annihilape||SafetyGoggles|Defiant|CloseCombat,FinalGambit,RageFist,Taunt|||F|||50|,,,,,Water
|showteam|p2|Volcarona||CovertCloak|FlameBody|HeatWave,TeraBlast,QuiverDance,Protect|||M|||50|,,,,,Fairy]Kingambit||SafetyGoggles|Defiant|KowtowCleave,SuckerPunch,SwordsDance,Protect|||M|||50|,,,,,Dark]Basculegion||ChoiceScarf|Adaptability|AquaJet,WaveCrash,LastRespects,FlipTurn|||M|||50|,,,,,Water]Sneasler||FocusSash|PoisonTouch|CloseCombat,DireClaw,FakeOut,Coaching|||F|||50|,,,,,Ghost]Rillaboom||AssaultVest|GrassySurge|WoodHammer,GrassyGlide,HighHorsepower,FakeOut|||M|||50|,,,,,Water]Dondozo||Leftovers|Unaware|Protect,Fissure,WaveCrash,Yawn|||F|||50|,,,,,Bug
|inactive|Battle timer is ON: inactive players will automatically lose when time's up. (requested by Vitor_hsaf)
|inactive|Vitor_hsaf has 60 seconds left.
|
|t:|1757193160
|teamsize|p1|4
|teamsize|p2|4
|start
|switch|p1a: Excadrill|Excadrill, L50, M, shiny|100/100
|switch|p1b: Tyranitar|Tyranitar, L50, M, shiny|100/100
|switch|p2a: Basculegion|Basculegion, L50, M|100/100
|switch|p2b: Rillaboom|Rillaboom, L50, M|100/100
|-fieldstart|move: Grassy Terrain|[from] ability: Grassy Surge|[of] p2b: Rillaboom
|-weather|Sandstorm|[from] ability: Sand Stream|[of] p1b: Tyranitar
|turn|1
|
|t:|1757193174
|switch|p1b: Indeedee|Indeedee, L50, M, shiny|100/100
|-fieldstart|move: Psychic Terrain|[from] ability: Psychic Surge|[of] p1b: Indeedee
|-terastallize|p1a: Excadrill|Stellar
|move|p1a: Excadrill|High Horsepower|p2a: Basculegion
|-crit|p2a: Basculegion
|-damage|p2a: Basculegion|0 fnt
|faint|p2a: Basculegion
|move|p2b: Rillaboom|Wood Hammer|p1b: Indeedee
|-damage|p1b: Indeedee|0 fnt
|faint|p1b: Indeedee
|-damage|p2b: Rillaboom|78/100|[from] Recoil
|
|-weather|Sandstorm|[upkeep]
|-damage|p2b: Rillaboom|72/100|[from] Sandstorm
|upkeep
|
|t:|1757193189
|switch|p1b: Sneasler|Sneasler, L50, F, shiny|100/100
|switch|p2a: Dondozo|Dondozo, L50, F|100/100
|-enditem|p1b: Sneasler|Psychic Seed
|-boost|p1b: Sneasler|spd|1|[from] item: Psychic Seed
|turn|2
|inactive|ThetaB has 30 seconds left.
|
|t:|1757193215
|switch|p2b: Kingambit|Kingambit, L50, M|100/100
|move|p2a: Dondozo|Protect|p2a: Dondozo
|-singleturn|p2a: Dondozo|Protect
|move|p1b: Sneasler|Dire Claw|p2b: Kingambit
|-immune|p2b: Kingambit
|move|p1a: Excadrill|High Horsepower|p2b: Kingambit
|-supereffective|p2b: Kingambit
|-damage|p2b: Kingambit|13/100
|
|-weather|Sandstorm|[upkeep]
|-damage|p1b: Sneasler|95/100|[from] Sandstorm
|-damage|p2a: Dondozo|94/100|[from] Sandstorm
|-heal|p2a: Dondozo|100/100|[from] item: Leftovers
|upkeep
|turn|3
|
|t:|1757193234
|move|p2b: Kingambit|Protect|p2b: Kingambit
|-singleturn|p2b: Kingambit|Protect
|move|p1b: Sneasler|Dire Claw|p2a: Dondozo
|-damage|p2a: Dondozo|77/100
|-status|p2a: Dondozo|par
|move|p1a: Excadrill|High Horsepower|p2b: Kingambit
|-activate|p2b: Kingambit|move: Protect
|move|p2a: Dondozo|Wave Crash|p1a: Excadrill
|-supereffective|p1a: Excadrill
|-enditem|p1a: Excadrill|Focus Sash
|-damage|p1a: Excadrill|1/100
|-damage|p2a: Dondozo|51/100 par|[from] Recoil
|
|-weather|Sandstorm|[upkeep]
|-damage|p1b: Sneasler|89/100|[from] Sandstorm
|-damage|p2a: Dondozo|45/100 par|[from] Sandstorm
|-heal|p2a: Dondozo|51/100 par|[from] item: Leftovers
|upkeep
|turn|4
|
|t:|1757193258
|switch|p1a: Tyranitar|Tyranitar, L50, M, shiny|100/100
|switch|p2a: Rillaboom|Rillaboom, L50, M|72/100
|-fieldstart|move: Grassy Terrain|[from] ability: Grassy Surge|[of] p2a: Rillaboom
|move|p2b: Kingambit|Sucker Punch||[still]
|-fail|p2b: Kingambit
|move|p1b: Sneasler|Close Combat|p2b: Kingambit
|-supereffective|p2b: Kingambit
|-damage|p2b: Kingambit|0 fnt
|-unboost|p1b: Sneasler|def|1
|-unboost|p1b: Sneasler|spd|1
|faint|p2b: Kingambit
|
|-weather|Sandstorm|[upkeep]
|-damage|p1b: Sneasler|83/100|[from] Sandstorm
|-damage|p2a: Rillaboom|66/100|[from] Sandstorm
|-heal|p1b: Sneasler|89/100|[from] Grassy Terrain
|-heal|p2a: Rillaboom|72/100|[from] Grassy Terrain
|upkeep
|
|t:|1757193261
|switch|p2b: Dondozo|Dondozo, L50, F|51/100 par
|turn|5
|
|t:|1757193282
|switch|p1b: Excadrill|Excadrill, L50, M, shiny, tera:Stellar|1/100
|-terastallize|p2a: Rillaboom|Water
|move|p2a: Rillaboom|Fake Out|p1b: Excadrill
|-resisted|p1b: Excadrill
|-damage|p1b: Excadrill|0 fnt
|faint|p1b: Excadrill
|move|p1a: Tyranitar|Knock Off|p2a: Rillaboom
|-damage|p2a: Rillaboom|21/100
|-enditem|p2a: Rillaboom|Assault Vest|[from] move: Knock Off|[of] p1a: Tyranitar
|move|p2b: Dondozo|Yawn|p1a: Tyranitar
|-start|p1a: Tyranitar|move: Yawn|[of] p2b: Dondozo
|
|-weather|none
|-heal|p2a: Rillaboom|27/100|[from] Grassy Terrain
|-heal|p2b: Dondozo|58/100 par|[from] Grassy Terrain
|-heal|p2b: Dondozo|64/100 par|[from] item: Leftovers
|upkeep
|
|t:|1757193285
|switch|p1b: Sneasler|Sneasler, L50, F, shiny|89/100
|turn|6
|
|t:|1757193305
|move|p2a: Rillaboom|Grassy Glide|p1a: Tyranitar
|-supereffective|p1a: Tyranitar
|-damage|p1a: Tyranitar|29/100
|move|p1b: Sneasler|Dire Claw|p2a: Rillaboom
|-damage|p2a: Rillaboom|0 fnt
|faint|p2a: Rillaboom
|move|p1a: Tyranitar|Knock Off|p2b: Dondozo
|-damage|p2b: Dondozo|31/100 par
|-enditem|p2b: Dondozo|Leftovers|[from] move: Knock Off|[of] p1a: Tyranitar
|cant|p2b: Dondozo|par
|
|-heal|p1b: Sneasler|95/100|[from] Grassy Terrain
|-heal|p1a: Tyranitar|35/100|[from] Grassy Terrain
|-heal|p2b: Dondozo|38/100 par|[from] Grassy Terrain
|-end|p1a: Tyranitar|move: Yawn|[silent]
|-status|p1a: Tyranitar|slp
|upkeep
|turn|7
|
|t:|1757193320
|move|p1b: Sneasler|Dire Claw|p2b: Dondozo
|-crit|p2b: Dondozo
|-damage|p2b: Dondozo|1/100 par
|cant|p1a: Tyranitar|slp
|cant|p2b: Dondozo|par
|
|-heal|p1b: Sneasler|100/100|[from] Grassy Terrain
|-heal|p1a: Tyranitar|41/100 slp|[from] Grassy Terrain
|-heal|p2b: Dondozo|8/100 par|[from] Grassy Terrain
|upkeep
|turn|8
|
|t:|1757193329
|move|p1b: Sneasler|Dire Claw|p2b: Dondozo
|-damage|p2b: Dondozo|0 fnt
|faint|p2b: Dondozo
|
|win|ThetaB
|raw|ThetaB's rating: 1133 → 1172(+39 for winning)
|raw|Vitor_hsaf's rating: 1354 → 1323(-31 for losing)
