|j|☆reghgenius
|j|☆DominicVGC07
|html|reghgeniusDominicVGC07    
|uhtml|bestof|Game 2 of a best-of-3
|t:|1756825772
|gametype|doubles
|player|p1|reghgenius|266|1415
|player|p2|DominicVGC07|ghetsis|1485
|gen|9
|tier|[Gen 9] VGC 2025 Reg H (Bo3)
|rated|
|rule|Species Clause: Limit one of each Pokémon
|rule|Item Clause: Limit 1 of each item
|clearpoke
|poke|p1|Gholdengo, L50|
|poke|p1|Sneasler, L50, M|
|poke|p1|Rillaboom, L50, M|
|poke|p1|Dragonite, L50, M|
|poke|p1|Ninetales-Alola, L50, F|
|poke|p1|Arcanine-Hisui, L50, M|
|poke|p2|Kingambit, L50, M|
|poke|p2|Sneasler, L50, F|
|poke|p2|Rillaboom, L50, M|
|poke|p2|Dragonite, L50, M|
|poke|p2|Volcarona, L50, F|
|poke|p2|Electabuzz, L50, F|
|teampreview|4
|showteam|p1|Gholdengo||GrassySeed|GoodasGold|MakeItRain,NastyPlot,ShadowBall,Protect||||||50|,,,,,Water]Sneasler||WhiteHerb|Unburden|CloseCombat,DireClaw,Coaching,Protect|||M|||50|,,,,,Ghost]Rillaboom||AssaultVest|GrassySurge|FakeOut,GrassyGlide,DrumBeating,HighHorsepower|||M|||50|,,,,,Fire]Dragonite||LoadedDice|Multiscale|ScaleShot,StompingTantrum,Tailwind,Protect|||M|||50|,,,,,Ground]Ninetales-Alola||FocusSash|SnowWarning|Blizzard,IcyWind,Encore,AuroraVeil|||F|||50|,,,,,Ghost]Arcanine-Hisui||ClearAmulet|Intimidate|RockSlide,FlareBlitz,ExtremeSpeed,Protect|||M|||50|,,,,,Water
|showteam|p2|Kingambit||BlackGlasses|Defiant|KowtowCleave,SuckerPunch,SwordsDance,Protect|||M|||50|,,,,,Dark]Sneasler||FocusSash|Unburden|FakeOut,CloseCombat,DireClaw,Coaching|||F|||50|,,,,,Stellar]Rillaboom||AssaultVest|GrassySurge|FakeOut,WoodHammer,GrassyGlide,HighHorsepower|||M|||50|,,,,,Fire]Dragonite||LoadedDice|Multiscale|ScaleShot,ExtremeSpeed,Haze,Protect|||M|||50|,,,,,Steel]Volcarona||Leftovers|FlameBody|HeatWave,TeraBlast,QuiverDance,Protect|||F|||50|,,,,,Fairy]Electabuzz||Eviolite|VitalSpirit|Electroweb,FollowMe,Taunt,Protect|||F|||50|,,,,,Dragon
|inactive|Battle timer is ON: inactive players will automatically lose when time's up. (requested by reghgenius)
|inactive|DominicVGC07 has 60 seconds left.
|
|t:|1756825811
|teamsize|p1|4
|teamsize|p2|4
|start
|switch|p1a: Sneasler|Sneasler, L50, M|100/100
|switch|p1b: Dragonite|Dragonite, L50, M|100/100
|switch|p2a: Firemoth|Volcarona, L50, F|100/100
|switch|p2b: Nightmare|Sneasler, L50, F|100/100
|turn|1
|inactive|reghgenius has 30 seconds left.
|
|t:|1756825843
|move|p2b: Nightmare|Fake Out|p1b: Dragonite
|-damage|p1b: Dragonite|93/100
|move|p1a: Sneasler|Dire Claw|p2a: Firemoth
|-damage|p2a: Firemoth|54/100
|move|p2a: Firemoth|Quiver Dance|p2a: Firemoth
|-boost|p2a: Firemoth|spa|1
|-boost|p2a: Firemoth|spd|1
|-boost|p2a: Firemoth|spe|1
|cant|p1b: Dragonite|flinch
|
|-heal|p2a: Firemoth|61/100|[from] item: Leftovers
|upkeep
|turn|2
|inactive|reghgenius has 30 seconds left.
|inactive|DominicVGC07 has 30 seconds left.
|
|t:|1756825876
|move|p2a: Firemoth|Protect|p2a: Firemoth
|-singleturn|p2a: Firemoth|Protect
|move|p1a: Sneasler|Protect|p1a: Sneasler
|-singleturn|p1a: Sneasler|Protect
|move|p2b: Nightmare|Coaching|p2a: Firemoth
|-boost|p2a: Firemoth|atk|1
|-boost|p2a: Firemoth|def|1
|move|p1b: Dragonite|Tailwind|p1b: Dragonite
|-sidestart|p1: reghgenius|move: Tailwind
|
|-heal|p2a: Firemoth|67/100|[from] item: Leftovers
|upkeep
|turn|3
|inactive|DominicVGC07 has 30 seconds left.
|inactive|reghgenius has 30 seconds left.
|inactive|DominicVGC07 has 20 seconds left.
|inactive|reghgenius has 20 seconds left.
|inactive|DominicVGC07 has 15 seconds left.
|inactive|reghgenius has 15 seconds left.
|inactive|DominicVGC07 has 10 seconds left.
|inactive|reghgenius has 10 seconds left.
|
|t:|1756825926
|-terastallize|p2a: Firemoth|Fairy
|move|p1a: Sneasler|Dire Claw|p2a: Firemoth
|-supereffective|p2a: Firemoth
|-damage|p2a: Firemoth|0 fnt
|-status|p1a: Sneasler|brn|[from] ability: Flame Body|[of] p2a: Firemoth
|faint|p2a: Firemoth
|move|p1b: Dragonite|Scale Shot|p2b: Nightmare
|-damage|p2b: Nightmare|75/100
|-damage|p2b: Nightmare|50/100
|-damage|p2b: Nightmare|22/100
|-damage|p2b: Nightmare|0 fnt
|faint|p2b: Nightmare
|-hitcount|p2: Nightmare|4
|-unboost|p1b: Dragonite|def|1
|-boost|p1b: Dragonite|spe|1
|
|-damage|p1a: Sneasler|94/100 brn|[from] brn
|upkeep
|
|t:|1756825934
|switch|p2b: Kong|Rillaboom, L50, M|100/100
|switch|p2a: Shōgun|Kingambit, L50, M, shiny|100/100
|-fieldstart|move: Grassy Terrain|[from] ability: Grassy Surge|[of] p2b: Kong
|turn|4
|
|t:|1756825958
|move|p1b: Dragonite|Stomping Tantrum|p2a: Shōgun
|-supereffective|p2a: Shōgun
|-damage|p2a: Shōgun|60/100
|move|p1a: Sneasler|Coaching|p1b: Dragonite
|-boost|p1b: Dragonite|atk|1
|-boost|p1b: Dragonite|def|1
|move|p2b: Kong|Wood Hammer|p1b: Dragonite
|-resisted|p1b: Dragonite
|-damage|p1b: Dragonite|71/100
|-damage|p2b: Kong|94/100|[from] Recoil
|move|p2a: Shōgun|Swords Dance|p2a: Shōgun
|-boost|p2a: Shōgun|atk|2
|
|-heal|p1a: Sneasler|100/100 brn|[from] Grassy Terrain
|-heal|p2b: Kong|100/100|[from] Grassy Terrain
|-heal|p2a: Shōgun|66/100|[from] Grassy Terrain
|-damage|p1a: Sneasler|94/100 brn|[from] brn
|upkeep
|turn|5
|
|t:|1756825978
|move|p1b: Dragonite|Protect|p1b: Dragonite
|-singleturn|p1b: Dragonite|Protect
|move|p2a: Shōgun|Sucker Punch||[still]
|-fail|p2a: Shōgun
|move|p1a: Sneasler|Close Combat|p2a: Shōgun
|-supereffective|p2a: Shōgun
|-damage|p2a: Shōgun|0 fnt
|-unboost|p1a: Sneasler|def|1
|-unboost|p1a: Sneasler|spd|1
|faint|p2a: Shōgun
|-enditem|p1a: Sneasler|White Herb
|-clearnegativeboost|p1a: Sneasler|[silent]
|move|p2b: Kong|High Horsepower|p1a: Sneasler
|-supereffective|p1a: Sneasler
|-damage|p1a: Sneasler|0 fnt
|faint|p1a: Sneasler
|
|-sideend|p1: reghgenius|move: Tailwind
|upkeep
|
|t:|1756825985
|switch|p1a: Ninetales|Ninetales-Alola, L50, F|100/100
|-weather|Snowscape|[from] ability: Snow Warning|[of] p1a: Ninetales
|turn|6
|-message|DominicVGC07 forfeited.
|
|win|reghgenius
|raw|reghgenius's rating: 1415 → 1439(+24 for winning)
|raw|DominicVGC07's rating: 1485 → 1461(-24 for losing)
|l|☆DominicVGC07
|player|p2|
|l|☆reghgenius
|player|p1|
|j|☆reghgenius
|player|p1|reghgenius|266|
