|j|☆x-demon18
|j|☆FranekBucz
|html|x-demon18FranekBucz    
|uhtml|bestof|Game 2 of a best-of-3
|t:|1784636946
|gametype|doubles
|player|p1|x-demon18|lucas|1085
|player|p2|FranekBucz|miku-ghost|1049
|gen|9
|tier|[Gen 9 Champions] VGC 2026 Reg M-B (Bo3)
|rated|
|rule|Species Clause: Limit one of each Pokémon
|rule|Item Clause: Limit 1 of each item
|clearpoke
|poke|p1|Incineroar, L50, F|
|poke|p1|Rotom-Wash, L50|
|poke|p1|Venusaur, L50, M|
|poke|p1|Corviknight, L50, M|
|poke|p1|Sylveon, L50, F|
|poke|p1|Garchomp, L50, M|
|poke|p2|Metagross, L50, shiny|
|poke|p2|Sylveon, L50, F, shiny|
|poke|p2|Meowscarada, L50, M|
|poke|p2|Farigiraf, L50, F|
|poke|p2|Swampert, L50, M, shiny|
|poke|p2|Pelipper, L50, M|
|teampreview|4
|showteam|p1|Incineroar||ExpertBelt|Intimidate|FakeOut,TemperFlare,ThroatChop,PartingShot|Adamant||F|||50|]Rotom-Wash||RindoBerry|Levitate|HydroPump,Electroweb,WillOWisp,VoltSwitch|Modest|||||50|]Venusaur||Venusaurite|Chlorophyll|GigaDrain,SludgeBomb,EarthPower,Protect|Modest||M|||50|]Corviknight||OccaBerry|MirrorArmor|Tailwind,DualWingbeat,IronHead,BodyPress|Adamant||M|||50|]Sylveon||FairyFeather|Pixilate|HyperVoice,QuickAttack,Yawn,Detect|Modest||F|||50|]Garchomp||LifeOrb|RoughSkin|RockSlide,DragonClaw,StompingTantrum,Protect|Jolly||M|||50|
|showteam|p2|Metagross||Metagrossite|ClearBody|Protect,MeteorMash,PsychicFangs,BulletPunch|Jolly|||||50|]Sylveon||FairyFeather|Pixilate|HyperVoice,QuickAttack,Detect,HyperBeam|Modest||F|||50|]Meowscarada||ChoiceScarf|Protean|Uturn,FlowerTrick,KnockOff,LowKick|Jolly||M|||50|]Farigiraf||ColburBerry|ArmorTail|Protect,TwinBeam,TrickRoom,HelpingHand|Sassy||F|||50|]Swampert||Swampertite|Torrent|Protect,WaveCrash,HighHorsepower,Earthquake|Adamant||M|||50|]Pelipper||FocusSash|Drizzle|Protect,Tailwind,Hurricane,WeatherBall|Modest||M|||50|
|inactive|Battle timer is ON: inactive players will automatically lose when time's up. (requested by FranekBucz)
|inactive|x-demon18 has 60 seconds left.
|inactive|FranekBucz has 60 seconds left.
|inactive|x-demon18 has 30 seconds left.
|
|t:|1784637015
|teamsize|p1|4
|teamsize|p2|4
|start
|switch|p1a: HydroVolt|Rotom-Wash, L50|100/100
|switch|p1b: Frieren|Sylveon, L50, F|100/100
|switch|p2a: Sylveon|Sylveon, L50, F, shiny|100/100
|switch|p2b: Farigiraf|Farigiraf, L50, F|100/100
|turn|1
|
|t:|1784637034
|move|p2b: Farigiraf|Helping Hand|p2a: Sylveon
|-singleturn|p2a: Sylveon|Helping Hand|[of] p2b: Farigiraf
|move|p1a: HydroVolt|Volt Switch|p2b: Farigiraf
|-damage|p2b: Farigiraf|77/100
|
|t:|1784637040
|switch|p1a: Yggdrasil|Venusaur, L50, M|100/100|[from] Volt Switch
|move|p2a: Sylveon|Hyper Voice|p1b: Frieren|[spread] p1a,p1b
|-resisted|p1a: Yggdrasil|1
|-damage|p1a: Yggdrasil|63/100
|-damage|p1b: Frieren|47/100
|move|p1b: Frieren|Hyper Voice|p2a: Sylveon|[spread] p2a,p2b
|-damage|p2a: Sylveon|68/100
|-damage|p2b: Farigiraf|48/100
|
|upkeep
|turn|2
|inactive|FranekBucz has 30 seconds left.
|
|t:|1784637068
|detailschange|p1a: Yggdrasil|Venusaur-Mega, L50, M
|-mega|p1a: Yggdrasil|Venusaur|Venusaurite
|move|p2a: Sylveon|Detect|p2a: Sylveon
|-singleturn|p2a: Sylveon|Protect
|move|p1a: Yggdrasil|Sludge Bomb|p2a: Sylveon
|-activate|p2a: Sylveon|move: Protect
|move|p1b: Frieren|Hyper Voice|p2a: Sylveon|[spread] p2b
|-activate|p2a: Sylveon|move: Protect
|-damage|p2b: Farigiraf|19/100
|move|p2b: Farigiraf|Twin Beam|p1a: Yggdrasil
|-supereffective|p1a: Yggdrasil|1
|-damage|p1a: Yggdrasil|36/100
|-supereffective|p1a: Yggdrasil|1
|-crit|p1a: Yggdrasil
|-damage|p1a: Yggdrasil|0 fnt
|faint|p1a: Yggdrasil
|-hitcount|p1: Yggdrasil|2
|
|upkeep
|
|t:|1784637086
|switch|p1a: HydroVolt|Rotom-Wash, L50|100/100
|turn|3
|
|t:|1784637100
|move|p2a: Sylveon|Detect||[still]
|-fail|p2a: Sylveon
|move|p1a: HydroVolt|Hydro Pump|p2a: Sylveon
|-damage|p2a: Sylveon|30/100
|move|p1b: Frieren|Hyper Voice|p2b: Farigiraf|[spread] p2a,p2b
|-damage|p2a: Sylveon|0 fnt
|-damage|p2b: Farigiraf|0 fnt
|faint|p2a: Sylveon
|faint|p2b: Farigiraf
|
|upkeep
|
|t:|1784637102
|switch|p2a: Swampert|Swampert, L50, M, shiny|100/100
|switch|p2b: Pelipper|Pelipper, L50, M|100/100
|-weather|RainDance|[from] ability: Drizzle|[of] p2b: Pelipper
|turn|4
|
|t:|1784637125
|move|p2a: Swampert|Protect|p2a: Swampert
|-singleturn|p2a: Swampert|Protect
|move|p1b: Frieren|Detect|p1b: Frieren
|-singleturn|p1b: Frieren|Protect
|move|p1a: HydroVolt|Will-O-Wisp|p2a: Swampert
|-activate|p2a: Swampert|move: Protect
|move|p2b: Pelipper|Weather Ball|p1b: Frieren
|-activate|p1b: Frieren|move: Protect
|
|-weather|RainDance|[upkeep]
|upkeep
|turn|5
|inactive|x-demon18 has 30 seconds left.
|
|t:|1784637153
|switch|p1b: Wolverine|Incineroar, L50, F|100/100
|-ability|p1b: Wolverine|Intimidate|boost
|-unboost|p2a: Swampert|atk|1
|-unboost|p2b: Pelipper|atk|1
|detailschange|p2a: Swampert|Swampert-Mega, L50, M, shiny
|-mega|p2a: Swampert|Swampert|Swampertite
|move|p2a: Swampert|Wave Crash|p1a: HydroVolt
|-resisted|p1a: HydroVolt|1
|-damage|p1a: HydroVolt|57/100
|-damage|p2a: Swampert|88/100|[from] Recoil
|move|p1a: HydroVolt|Volt Switch|p2b: Pelipper
|-supereffective|p2b: Pelipper|2
|-enditem|p2b: Pelipper|Focus Sash
|-damage|p2b: Pelipper|1/100
|
|t:|1784637167
|switch|p1a: Frieren|Sylveon, L50, F|47/100|[from] Volt Switch
|move|p2b: Pelipper|Weather Ball|p1b: Wolverine
|-supereffective|p1b: Wolverine|1
|-damage|p1b: Wolverine|0 fnt
|faint|p1b: Wolverine
|
|-weather|RainDance|[upkeep]
|upkeep
|
|t:|1784637177
|switch|p1b: HydroVolt|Rotom-Wash, L50|57/100
|turn|6
|
|t:|1784637183
|move|p2b: Pelipper|Protect|p2b: Pelipper
|-singleturn|p2b: Pelipper|Protect
|move|p1a: Frieren|Quick Attack|p2b: Pelipper
|-activate|p2b: Pelipper|move: Protect
|move|p2a: Swampert|Wave Crash|p1b: HydroVolt
|-resisted|p1b: HydroVolt|1
|-damage|p1b: HydroVolt|19/100
|-damage|p2a: Swampert|78/100|[from] Recoil
|move|p1b: HydroVolt|Will-O-Wisp|p2a: Swampert
|-status|p2a: Swampert|brn
|
|-weather|RainDance|[upkeep]
|-damage|p2a: Swampert|72/100 brn|[from] brn
|upkeep
|turn|7
|
|t:|1784637206
|move|p1a: Frieren|Quick Attack|p2b: Pelipper
|-damage|p2b: Pelipper|0 fnt
|faint|p2b: Pelipper
|move|p2a: Swampert|Wave Crash|p1b: HydroVolt
|-resisted|p1b: HydroVolt|1
|-damage|p1b: HydroVolt|0 fnt
|faint|p1b: HydroVolt
|-damage|p2a: Swampert|67/100 brn|[from] Recoil
|
|-weather|RainDance|[upkeep]
|-damage|p2a: Swampert|61/100 brn|[from] brn
|upkeep
|turn|8
|
|t:|1784637218
|move|p1a: Frieren|Detect|p1a: Frieren
|-singleturn|p1a: Frieren|Protect
|move|p2a: Swampert|Wave Crash|p1a: Frieren
|-activate|p1a: Frieren|move: Protect
|
|-weather|none
|-damage|p2a: Swampert|55/100 brn|[from] brn
|upkeep
|turn|9
|
|t:|1784637227
|move|p2a: Swampert|Wave Crash|p1a: Frieren
|-damage|p1a: Frieren|24/100
|-damage|p2a: Swampert|47/100 brn|[from] Recoil
|move|p1a: Frieren|Hyper Voice|p2a: Swampert
|-damage|p2a: Swampert|0 fnt
|faint|p2a: Swampert
|
|win|x-demon18
||FranekBucz is ready for game 3.
