|j|☆grtnpwrfl
|j|☆testdigi
|html|grtnpwrfltestdigi    
|uhtml|bestof|Game 1 of a best-of-3
|t:|1785330101
|gametype|doubles
|player|p1|grtnpwrfl|byron|1070
|player|p2|testdigi|169|1140
|gen|9
|tier|[Gen 9 Champions] VGC 2026 Reg M-B (Bo3)
|rated|
|rule|Species Clause: Limit one of each Pokémon
|rule|Item Clause: Limit 1 of each item
|clearpoke
|poke|p1|Palafin, L50, M|
|poke|p1|Aegislash, L50, F|
|poke|p1|Garchomp, L50, F|
|poke|p1|Hatterene, L50, F|
|poke|p1|Pelipper, L50, F|
|poke|p1|Metagross, L50|
|poke|p2|Tyranitar, L50, M|
|poke|p2|Excadrill, L50, M|
|poke|p2|Gholdengo, L50, shiny|
|poke|p2|Milotic, L50, F, shiny|
|poke|p2|Sinistcha, L50|
|poke|p2|Staraptor, L50, M|
|teampreview|4
|showteam|p1|Palafin||ChoiceScarf|ZerotoHero|FlipTurn,JetPunch,IcePunch,WaveCrash|Jolly||M|||50|]Aegislash||LifeOrb|StanceChange|CloseCombat,KingsShield,IronHead,ShadowSneak|Adamant||F|||50|]Garchomp||Leftovers|SandVeil|RockSlide,DragonClaw,Protect,Earthquake|Jolly||F|||50|]Hatterene||ColburBerry|MagicBounce|CalmMind,TrickRoom,Psychic,DrainingKiss|Quiet||F|||50|]Pelipper||FocusSash|Drizzle|ChillingWater,Tailwind,Hurricane,Protect|Bold||F|||50|]Metagross||Metagrossite|ClearBody|BulletPunch,Protect,MeteorMash,RockSlide|Jolly|||||50|
|showteam|p2|Tyranitar||Tyranitarite|SandStream|RockSlide,KnockOff,LowKick,Protect|Jolly||M|||50|]Excadrill||FocusSash|SandRush|HighHorsepower,IronHead,RockSlide,Protect|Adamant||M|||50|]Gholdengo||LifeOrb|GoodasGold|ShadowBall,MakeItRain,NastyPlot,Protect|Modest|||||50|]Milotic||SitrusBerry|Competitive|Scald,IceBeam,IcyWind,Protect|Calm||F|||50|]Sinistcha||ColburBerry|Hospitality|MatchaGotcha,LifeDew,RagePowder,Protect|Bold|||||50|]Staraptor||Staraptite|Intimidate|CloseCombat,BraveBird,Tailwind,Protect|Jolly||M|||50|
|inactive|Battle timer is ON: inactive players will automatically lose when time's up. (requested by grtnpwrfl)
|
|t:|1785330128
|teamsize|p1|4
|teamsize|p2|4
|start
|switch|p1a: Pelipper|Pelipper, L50, F|100/100
|switch|p1b: Palafin|Palafin, L50, M|100/100
|switch|p2a: Staraptor|Staraptor, L50, M|100/100
|switch|p2b: Milotic|Milotic, L50, F, shiny|100/100
|-ability|p2a: Staraptor|Intimidate|boost
|-unboost|p1a: Pelipper|atk|1
|-unboost|p1b: Palafin|atk|1
|-weather|RainDance|[from] ability: Drizzle|[of] p1a: Pelipper
|turn|1
|
|t:|1785330142
|detailschange|p2a: Staraptor|Staraptor-Mega, L50, M
|-mega|p2a: Staraptor|Staraptor|Staraptite
|move|p2a: Staraptor|Protect|p2a: Staraptor
|-singleturn|p2a: Staraptor|Protect
|move|p1b: Palafin|Flip Turn|p2a: Staraptor
|-activate|p2a: Staraptor|move: Protect
|move|p2b: Milotic|Icy Wind|p1a: Pelipper|[spread] p1a,p1b
|-resisted|p1b: Palafin|1
|-damage|p1a: Pelipper|83/100
|-damage|p1b: Palafin|91/100
|-unboost|p1a: Pelipper|spe|1
|-unboost|p1b: Palafin|spe|1
|move|p1a: Pelipper|Tailwind|p1a: Pelipper
|-sidestart|p1: grtnpwrfl|move: Tailwind
|
|-weather|RainDance|[upkeep]
|upkeep
|turn|2
|inactive|testdigi has 30 seconds left.
|
|t:|1785330175
|switch|p2b: Tyranitar|Tyranitar, L50, M|100/100
|-weather|Sandstorm|[from] ability: Sand Stream|[of] p2b: Tyranitar
|move|p1b: Palafin|Flip Turn|p2b: Tyranitar
|-supereffective|p2b: Tyranitar|1
|-damage|p2b: Tyranitar|74/100
|
|t:|1785330187
|detailschange|p1b: Palafin|Palafin-Hero, L50, M
|switch|p1b: Metagross|Metagross, L50|100/100|[from] Flip Turn
|move|p2a: Staraptor|Tailwind|p2a: Staraptor
|-sidestart|p2: testdigi|move: Tailwind
|move|p1a: Pelipper|Hurricane|p2a: Staraptor
|-supereffective|p2a: Staraptor|1
|-damage|p2a: Staraptor|27/100
|-start|p2a: Staraptor|confusion
|
|-weather|Sandstorm|[upkeep]
|-damage|p2a: Staraptor|21/100|[from] Sandstorm
|-damage|p1a: Pelipper|77/100|[from] Sandstorm
|upkeep
|turn|3
|
|t:|1785330206
|switch|p2a: Gholdengo|Gholdengo, L50, shiny|100/100
|switch|p2b: Milotic|Milotic, L50, F, shiny|100/100
|switch|p1a: Palafin|Palafin-Hero, L50, M|91/100
|-activate|p1a: Palafin|ability: Zero to Hero
|detailschange|p1b: Metagross|Metagross-Mega, L50
|-mega|p1b: Metagross|Metagross|Metagrossite
|move|p1b: Metagross|Rock Slide|p2b: Milotic|[spread] p2a,p2b
|-resisted|p2a: Gholdengo|1
|-damage|p2a: Gholdengo|89/100
|-damage|p2b: Milotic|79/100
|
|-weather|Sandstorm|[upkeep]
|-damage|p1a: Palafin|85/100|[from] Sandstorm
|-damage|p2b: Milotic|73/100|[from] Sandstorm
|upkeep
|turn|4
|inactive|testdigi has 30 seconds left.
|inactive|testdigi has 20 seconds left.
|
|t:|1785330244
|switch|p1b: Pelipper|Pelipper, L50, F|77/100
|-weather|RainDance|[from] ability: Drizzle|[of] p1b: Pelipper
|switch|p2b: Tyranitar|Tyranitar, L50, M|74/100
|-weather|Sandstorm|[from] ability: Sand Stream|[of] p2b: Tyranitar
|move|p1a: Palafin|Wave Crash|p2a: Gholdengo
|-damage|p2a: Gholdengo|14/100
|-damage|p1a: Palafin|61/100|[from] Recoil
|move|p2a: Gholdengo|Nasty Plot|p2a: Gholdengo
|-boost|p2a: Gholdengo|spa|2
|
|-weather|Sandstorm|[upkeep]
|-damage|p1a: Palafin|55/100|[from] Sandstorm
|-damage|p1b: Pelipper|71/100|[from] Sandstorm
|-sideend|p1: grtnpwrfl|move: Tailwind
|upkeep
|turn|5
|inactive|testdigi has 30 seconds left.
|
|t:|1785330269
|move|p2a: Gholdengo|Protect|p2a: Gholdengo
|-singleturn|p2a: Gholdengo|Protect
|move|p1a: Palafin|Wave Crash|p2a: Gholdengo
|-activate|p2a: Gholdengo|move: Protect
|move|p2b: Tyranitar|Rock Slide|p1a: Palafin|[spread] p1a,p1b
|-supereffective|p1b: Pelipper|1
|-damage|p1a: Palafin|27/100
|-damage|p1b: Pelipper|27/100
|move|p1b: Pelipper|Tailwind|p1b: Pelipper
|-sidestart|p1: grtnpwrfl|move: Tailwind
|
|-weather|Sandstorm|[upkeep]
|-damage|p1a: Palafin|21/100|[from] Sandstorm
|-damage|p1b: Pelipper|21/100|[from] Sandstorm
|-sideend|p2: testdigi|move: Tailwind
|upkeep
|turn|6
|
|t:|1785330294
|switch|p2a: Milotic|Milotic, L50, F, shiny|73/100
|switch|p2b: Staraptor|Staraptor-Mega, L50, M|21/100
|move|p1a: Palafin|Wave Crash|p2a: Milotic
|-resisted|p2a: Milotic|1
|-damage|p2a: Milotic|38/100
|-enditem|p2a: Milotic|Sitrus Berry|[eat]
|-heal|p2a: Milotic|63/100|[from] item: Sitrus Berry
|-damage|p1a: Palafin|8/100|[from] Recoil
|move|p1b: Pelipper|Chilling Water|p2b: Staraptor
|-damage|p2b: Staraptor|4/100
|-boost|p2b: Staraptor|atk|1
|
|-weather|Sandstorm|[upkeep]
|-damage|p1a: Palafin|2/100|[from] Sandstorm
|-damage|p2b: Staraptor|0 fnt|[from] Sandstorm
|-damage|p1b: Pelipper|15/100|[from] Sandstorm
|-damage|p2a: Milotic|57/100|[from] Sandstorm
|faint|p2b: Staraptor
|upkeep
|
|t:|1785330301
|switch|p2b: Gholdengo|Gholdengo, L50, shiny|14/100
|turn|7
|
|t:|1785330314
|switch|p1b: Metagross|Metagross-Mega, L50|100/100
|move|p2b: Gholdengo|Protect|p2b: Gholdengo
|-singleturn|p2b: Gholdengo|Protect
|move|p1a: Palafin|Wave Crash|p2b: Gholdengo
|-activate|p2b: Gholdengo|move: Protect
|move|p2a: Milotic|Icy Wind|p1b: Metagross|[spread] p1a,p1b
|-resisted|p1a: Palafin|1
|-resisted|p1b: Metagross|1
|-damage|p1a: Palafin|0 fnt
|-damage|p1b: Metagross|93/100
|-unboost|p1b: Metagross|spe|1
|faint|p1a: Palafin
|
|-weather|Sandstorm|[upkeep]
|-damage|p2a: Milotic|51/100|[from] Sandstorm
|upkeep
|
|t:|1785330334
|switch|p1a: Pelipper|Pelipper, L50, F|15/100
|-weather|RainDance|[from] ability: Drizzle|[of] p1a: Pelipper
|turn|8
|
|t:|1785330349
|switch|p2b: Tyranitar|Tyranitar, L50, M|74/100
|-weather|Sandstorm|[from] ability: Sand Stream|[of] p2b: Tyranitar
|move|p1b: Metagross|Rock Slide|p2b: Tyranitar|[spread] p2a,p2b
|-damage|p2a: Milotic|30/100
|-damage|p2b: Tyranitar|55/100
|move|p1a: Pelipper|Chilling Water|p2b: Tyranitar
|-supereffective|p2b: Tyranitar|1
|-damage|p2b: Tyranitar|35/100
|-unboost|p2b: Tyranitar|atk|1
|move|p2a: Milotic|Icy Wind|p1b: Metagross|[spread] p1a,p1b
|-resisted|p1b: Metagross|1
|-damage|p1a: Pelipper|0 fnt
|-damage|p1b: Metagross|88/100
|-unboost|p1b: Metagross|spe|1
|faint|p1a: Pelipper
|
|-weather|Sandstorm|[upkeep]
|-damage|p2a: Milotic|24/100|[from] Sandstorm
|-sideend|p1: grtnpwrfl|move: Tailwind
|upkeep
|
|t:|1785330361
|switch|p1a: Aegislash|Aegislash, L50, F|100/100
|turn|9
|
|t:|1785330375
|move|p2b: Tyranitar|Protect|p2b: Tyranitar
|-singleturn|p2b: Tyranitar|Protect
|move|p1b: Metagross|Bullet Punch|p2b: Tyranitar
|-activate|p2b: Tyranitar|move: Protect
|-formechange|p1a: Aegislash|Aegislash-Blade|
|move|p1a: Aegislash|Shadow Sneak|p2a: Milotic
|-damage|p2a: Milotic|0 fnt
|faint|p2a: Milotic
|-damage|p1a: Aegislash|90/100|[from] item: Life Orb
|
|-weather|Sandstorm|[upkeep]
|upkeep
|
|t:|1785330381
|switch|p2a: Gholdengo|Gholdengo, L50, shiny|14/100
|turn|10
|
|t:|1785330397
|move|p1b: Metagross|Bullet Punch|p2b: Tyranitar
|-supereffective|p2b: Tyranitar|1
|-damage|p2b: Tyranitar|0 fnt
|faint|p2b: Tyranitar
|move|p1a: Aegislash|Shadow Sneak|p2a: Gholdengo
|-supereffective|p2a: Gholdengo|1
|-damage|p2a: Gholdengo|0 fnt
|faint|p2a: Gholdengo
|-damage|p1a: Aegislash|80/100|[from] item: Life Orb
|
|win|grtnpwrfl
||testdigi is ready for game 2.
||grtnpwrfl is ready for game 2.
|uhtml|next|Next: Game 2 of 3
