|j|☆swarmhostuser
|j|☆snvyy
|html|swarmhostusersnvyy    
|uhtml|bestof|Game 2 of a best-of-3
|t:|1756903843
|gametype|doubles
|player|p1|swarmhostuser|2|1006
|player|p2|snvyy|caitlin|1041
|gen|9
|tier|[Gen 9] VGC 2025 Reg H (Bo3)
|rated|
|rule|Species Clause: Limit one of each Pokémon
|rule|Item Clause: Limit 1 of each item
|clearpoke
|poke|p1|Sneasler, L50, M|
|poke|p1|Kingambit, L50, M|
|poke|p1|Rillaboom, L50, F|
|poke|p1|Dragonite, L50, F|
|poke|p1|Volcarona, L50, M|
|poke|p1|Electabuzz, L50, F|
|poke|p2|Metagross, L50|
|poke|p2|Talonflame, L50, F|
|poke|p2|Sylveon, L50, F|
|poke|p2|Zoroark-Hisui, L50, F|
|poke|p2|Oranguru, L50, F|
|poke|p2|Archaludon, L50, F|
|teampreview|4
|showteam|p1|Sneasler||FocusSash|Unburden|DireClaw,CloseCombat,Coaching,FakeOut|||M|||50|,,,,,Stellar]Kingambit||BlackGlasses|Defiant|KowtowCleave,SwordsDance,SuckerPunch,Protect|||M|||50|,,,,,Dark]Rillaboom||AssaultVest|GrassySurge|FakeOut,WoodHammer,GrassyGlide,HighHorsepower|||F|||50|,,,,,Fire]Dragonite||LoadedDice|Multiscale|ScaleShot,ExtremeSpeed,Haze,Protect|||F|||50|,,,,,Fairy]Volcarona||CovertCloak|FlameBody|HeatWave,TeraBlast,QuiverDance,Protect|||M|||50|,,,,,Fairy]Electabuzz||Eviolite|VitalSpirit|Electroweb,FollowMe,Taunt,Protect|||F|||50|,,,,,Ghost
|showteam|p2|Metagross||ChoiceBand|ClearBody|Explosion,HeavySlam,BulletPunch,PsychicFangs||||||50|,,,,,Normal]Talonflame||CovertCloak|GaleWings|BraveBird,FlareBlitz,Tailwind,Taunt|||F|||50|,,,,,Flying]Sylveon||ThroatSpray|Pixilate|TeraBlast,Protect,HyperVoice,HyperBeam|||F|||50|,,,,,Fairy]Zoroark-Hisui||NormalGem|Illusion|Protect,ShadowBall,HyperVoice,HyperBeam|||F|||50|,,,,,Normal]Oranguru||ChoiceSpecs|Symbiosis|HyperVoice,Psyshock,Instruct,Encore|||F|||50|,,,,,Normal]Archaludon||PowerHerb|Sturdy|ElectroShot,DragonPulse,Thunderbolt,Protect|||F|||50|,,,,,Electric
|inactive|Battle timer is ON: inactive players will automatically lose when time's up. (requested by snvyy)
|inactive|swarmhostuser has 60 seconds left.
|inactive|swarmhostuser has 30 seconds left.
|inactive|swarmhostuser has 20 seconds left.
|inactive|swarmhostuser has 15 seconds left.
|
|t:|1756903922
|teamsize|p1|4
|teamsize|p2|4
|start
|switch|p1a: Volcarona|Volcarona, L50, M|100/100
|switch|p1b: Rillaboom|Rillaboom, L50, F|100/100
|switch|p2a: Kfc|Talonflame, L50, F, shiny|100/100
|switch|p2b: MIKU|Sylveon, L50, F, shiny|100/100
|-fieldstart|move: Grassy Terrain|[from] ability: Grassy Surge|[of] p1b: Rillaboom
|turn|1
|inactive|swarmhostuser has 30 seconds left.
|inactive|swarmhostuser has 20 seconds left.
|inactive|swarmhostuser has 15 seconds left.
|inactive|swarmhostuser has 10 seconds left.
|inactive|swarmhostuser has 5 seconds left.
|
|t:|1756903977
|switch|p1a: Kingambit|Kingambit, L50, M|100/100
|move|p1b: Rillaboom|Fake Out|p2b: MIKU
|-damage|p2b: MIKU|79/100
|move|p2a: Kfc|Tailwind|p2a: Kfc
|-sidestart|p2: snvyy|move: Tailwind
|cant|p2b: MIKU|flinch
|
|-heal|p2b: MIKU|85/100|[from] Grassy Terrain
|upkeep
|turn|2
|inactive|swarmhostuser has 30 seconds left.
|inactive|swarmhostuser has 20 seconds left.
|inactive|swarmhostuser has 15 seconds left.
|inactive|swarmhostuser has 10 seconds left.
|inactive|swarmhostuser has 5 seconds left.
|
|t:|1756904032
|switch|p2a: Azir|Oranguru, L50, F, shiny|100/100
|-terastallize|p2b: MIKU|Fairy
|move|p1b: Rillaboom|Fake Out||[still]
|-hint|Fake Out only works on your first turn out.
|-fail|p1b: Rillaboom
|move|p2b: MIKU|Hyper Voice|p1a: Kingambit|[spread] p1a,p1b
|-damage|p1a: Kingambit|52/100
|-damage|p1b: Rillaboom|66/100
|-enditem|p2b: MIKU|Throat Spray
|-boost|p2b: MIKU|spa|1|[from] item: Throat Spray
|-activate|p2a: Azir|ability: Symbiosis|Choice Specs|[of] p2b: MIKU
|move|p1a: Kingambit|Kowtow Cleave|p2a: Azir
|-supereffective|p2a: Azir
|-damage|p2a: Azir|0 fnt
|faint|p2a: Azir
|
|-heal|p2b: MIKU|91/100|[from] Grassy Terrain
|-heal|p1b: Rillaboom|72/100|[from] Grassy Terrain
|-heal|p1a: Kingambit|58/100|[from] Grassy Terrain
|upkeep
|
|t:|1756904049
|switch|p2a: Bridg|Archaludon, L50, F, shiny|100/100
|turn|3
|inactive|swarmhostuser has 30 seconds left.
|inactive|swarmhostuser has 20 seconds left.
|inactive|swarmhostuser has 15 seconds left.
|inactive|swarmhostuser has 10 seconds left.
|inactive|swarmhostuser has 5 seconds left.
|
|t:|1756904100
|move|p2a: Bridg|Dragon Pulse|p1b: Rillaboom
|-damage|p1b: Rillaboom|43/100
|move|p2b: MIKU|Hyper Voice|p1b: Rillaboom|[spread] p1a,p1b
|-damage|p1a: Kingambit|0 fnt
|-damage|p1b: Rillaboom|0 fnt
|faint|p1a: Kingambit
|faint|p1b: Rillaboom
|
|-heal|p2b: MIKU|97/100|[from] Grassy Terrain
|upkeep
|
|t:|1756904109
|switch|p1b: Sneasler|Sneasler, L50, M|100/100
|switch|p1a: Volcarona|Volcarona, L50, M|100/100
|turn|4
|
|t:|1756904120
|move|p1a: Volcarona|Protect|p1a: Volcarona
|-singleturn|p1a: Volcarona|Protect
|move|p1b: Sneasler|Fake Out|p2b: MIKU
|-damage|p2b: MIKU|75/100
|move|p2a: Bridg|Electro Shot||[still]
|-prepare|p2a: Bridg|Electro Shot
|-boost|p2a: Bridg|spa|1
|-enditem|p2a: Bridg|Power Herb
|-anim|p2a: Bridg|Electro Shot|p1b: Sneasler
|-damage|p1b: Sneasler|5/100
|cant|p2b: MIKU|flinch
|
|-heal|p2b: MIKU|81/100|[from] Grassy Terrain
|-heal|p1b: Sneasler|11/100|[from] Grassy Terrain
|-sideend|p2: snvyy|move: Tailwind
|upkeep
|turn|5
|inactive|swarmhostuser has 30 seconds left.
|inactive|swarmhostuser has 20 seconds left.
|inactive|swarmhostuser has 15 seconds left.
|
|t:|1756904161
|move|p1b: Sneasler|Close Combat|p2a: Bridg
|-supereffective|p2a: Bridg
|-ability|p2a: Bridg|Sturdy
|-damage|p2a: Bridg|1/100
|-unboost|p1b: Sneasler|def|1
|-unboost|p1b: Sneasler|spd|1
|move|p2a: Bridg|Dragon Pulse|p1a: Volcarona
|-damage|p1a: Volcarona|44/100
|move|p1a: Volcarona|Quiver Dance|p1a: Volcarona
|-boost|p1a: Volcarona|spa|1
|-boost|p1a: Volcarona|spd|1
|-boost|p1a: Volcarona|spe|1
|move|p2b: MIKU|Hyper Voice|p1b: Sneasler|[spread] p1a,p1b
|-resisted|p1a: Volcarona
|-damage|p1a: Volcarona|9/100
|-damage|p1b: Sneasler|0 fnt
|faint|p1b: Sneasler
|
|-heal|p1a: Volcarona|16/100|[from] Grassy Terrain
|-heal|p2a: Bridg|7/100|[from] Grassy Terrain
|-heal|p2b: MIKU|86/100|[from] Grassy Terrain
|-fieldend|move: Grassy Terrain
|upkeep
|turn|6
|inactive|swarmhostuser has 30 seconds left.
|
|t:|1756904193
|move|p1a: Volcarona|Heat Wave|p2b: MIKU|[spread] p2a,p2b
|-damage|p2a: Bridg|0 fnt
|-damage|p2b: MIKU|44/100
|faint|p2a: Bridg
|move|p2b: MIKU|Hyper Voice|p1a: Volcarona
|-resisted|p1a: Volcarona
|-damage|p1a: Volcarona|0 fnt
|faint|p1a: Volcarona
|
|win|snvyy
