|j|☆tmjp01
|j|☆perhaps perish?
|html|tmjp01perhaps perish?    
|uhtml|bestof|Game 1 of a best-of-3
|t:|1782498039
|gametype|doubles
|player|p1|tmjp01|102|1237
|player|p2|perhaps perish?|cueball-gen1|1250
|gen|9
|tier|[Gen 9 Champions] VGC 2026 Reg M-B (Bo3)
|rated|
|rule|Species Clause: Limit one of each Pokémon
|rule|Item Clause: Limit 1 of each item
|clearpoke
|poke|p1|Corviknight, L50, M|
|poke|p1|Tyranitar, L50, M|
|poke|p1|Hydreigon, L50, M|
|poke|p1|Froslass, L50, F|
|poke|p1|Garchomp, L50, M|
|poke|p1|Arcanine-Hisui, L50, M|
|poke|p2|Swampert, L50, F|
|poke|p2|Sableye, L50, M|
|poke|p2|Pelipper, L50, M|
|poke|p2|Archaludon, L50, F|
|poke|p2|Basculegion, L50, M|
|poke|p2|Venusaur, L50, F|
|teampreview|4
|showteam|p1|Corviknight||OccaBerry|MirrorArmor|BraveBird,Protect,IronHead,Tailwind|Adamant||M|||50|]Tyranitar||Tyranitarite|SandStream|Protect,KnockOff,RockSlide,DragonDance|Adamant||M|||50|]Hydreigon||ChoiceScarf|Levitate|DarkPulse,DracoMeteor,EarthPower,ZenHeadbutt|Timid||M|||50|]Froslass||Froslassite|CursedBody|Blizzard,Protect,ShadowBall,WeatherBall|Timid||F|||50|]Garchomp||LifeOrb|RoughSkin|Protect,DragonClaw,RockSlide,Earthquake|Jolly||M|||50|]Arcanine-Hisui||FocusSash|RockHead|Protect,HeadSmash,ExtremeSpeed,FlareBlitz|Adamant||M|||50|
|showteam|p2|Swampert||Swampertite|Damp|WaveCrash,Earthquake,IcePunch,Protect|Adamant||F|||50|]Sableye||RoseliBerry|Prankster|Encore,RainDance,WillOWisp,LightScreen|Careful||M|||50|]Pelipper||SitrusBerry|Drizzle|Hurricane,Tailwind,WeatherBall,RainDance|Bold||M|||50|]Archaludon||Leftovers|Stamina|ElectroShot,DragonPulse,FlashCannon,Protect|Modest||F|||50|]Basculegion||ChoiceScarf|Adaptability|LastRespects,WaveCrash,PsychicFangs,FlipTurn|Jolly||M|||50|]Venusaur||Venusaurite|Chlorophyll|Protect,GigaDrain,SludgeBomb,EarthPower|Modest||F|||50|
|inactive|Battle timer is ON: inactive players will automatically lose when time's up. (requested by tmjp01)
|
|t:|1782498106
|teamsize|p1|4
|teamsize|p2|4
|start
|switch|p1a: Corviknight|Corviknight, L50, M|100/100
|switch|p1b: Arcanine|Arcanine-Hisui, L50, M|100/100
|switch|p2a: Swampert|Swampert, L50, F|100/100
|switch|p2b: Sableye|Sableye, L50, M|100/100
|turn|1
|inactive|tmjp01 has 30 seconds left.
|inactive|perhaps perish? has 30 seconds left.
|inactive|perhaps perish? has 20 seconds left.
|inactive|perhaps perish? has 15 seconds left.
|
|t:|1782498154
|switch|p2a: Archaludon|Archaludon, L50, F|100/100
|move|p2b: Sableye|Will-O-Wisp|p1a: Corviknight
|-status|p1a: Corviknight|brn
|move|p1b: Arcanine|Head Smash|p2b: Sableye
|-damage|p2b: Sableye|9/100
|move|p1a: Corviknight|Iron Head|p2b: Sableye
|-crit|p2b: Sableye
|-damage|p2b: Sableye|0 fnt
|faint|p2b: Sableye
|
|-damage|p1a: Corviknight|94/100 brn|[from] brn
|upkeep
|
|t:|1782498173
|switch|p2b: Basculegion|Basculegion, L50, M|100/100
|turn|2
|
|t:|1782498194
|move|p2b: Basculegion|Flip Turn|p1b: Arcanine
|-supereffective|p1b: Arcanine|2
|-enditem|p1b: Arcanine|Focus Sash
|-damage|p1b: Arcanine|1/100
|
|t:|1782498198
|switch|p2b: Swampert|Swampert, L50, F|100/100|[from] Flip Turn
|move|p1b: Arcanine|Flare Blitz|p2a: Archaludon
|-damage|p2a: Archaludon|55/100
|-ability|p2a: Archaludon|Stamina|boost
|-boost|p2a: Archaludon|def|1
|move|p2a: Archaludon|Dragon Pulse|p1b: Arcanine
|-damage|p1b: Arcanine|0 fnt
|faint|p1b: Arcanine
|move|p1a: Corviknight|Tailwind|p1a: Corviknight
|-sidestart|p1: tmjp01|move: Tailwind
|
|-heal|p2a: Archaludon|61/100|[from] item: Leftovers
|-damage|p1a: Corviknight|88/100 brn|[from] brn
|upkeep
|inactive|tmjp01 has 30 seconds left.
|
|t:|1782498225
|switch|p1b: Froslass|Froslass, L50, F|100/100
|turn|3
|inactive|perhaps perish? has 30 seconds left.
|
|t:|1782498251
|detailschange|p1b: Froslass|Froslass-Mega, L50, F
|-mega|p1b: Froslass|Froslass|Froslassite
|-weather|Snowscape|[from] ability: Snow Warning|[of] p1b: Froslass
|move|p2a: Archaludon|Protect|p2a: Archaludon
|-singleturn|p2a: Archaludon|Protect
|move|p2b: Swampert|Protect|p2b: Swampert
|-singleturn|p2b: Swampert|Protect
|move|p1b: Froslass|Blizzard|p2b: Swampert|[spread] 
|-activate|p2a: Archaludon|move: Protect
|-activate|p2b: Swampert|move: Protect
|move|p1a: Corviknight|Brave Bird|p2b: Swampert
|-activate|p2b: Swampert|move: Protect
|
|-weather|Snowscape|[upkeep]
|-heal|p2a: Archaludon|67/100|[from] item: Leftovers
|-damage|p1a: Corviknight|82/100 brn|[from] brn
|upkeep
|turn|4
|
|t:|1782498270
|detailschange|p2b: Swampert|Swampert-Mega, L50, F
|-mega|p2b: Swampert|Swampert|Swampertite
|move|p1b: Froslass|Blizzard|p2a: Archaludon|[spread] p2a,p2b
|-damage|p2a: Archaludon|22/100
|-damage|p2b: Swampert|64/100
|-ability|p2a: Archaludon|Stamina|boost
|-boost|p2a: Archaludon|def|1
|move|p1a: Corviknight|Brave Bird|p2a: Archaludon
|-resisted|p2a: Archaludon|1
|-damage|p2a: Archaludon|19/100
|-ability|p2a: Archaludon|Stamina|boost
|-boost|p2a: Archaludon|def|1
|-damage|p1a: Corviknight|81/100 brn|[from] Recoil
|move|p2b: Swampert|Ice Punch|p1a: Corviknight
|-damage|p1a: Corviknight|55/100 brn
|move|p2a: Archaludon|Flash Cannon|p1b: Froslass
|-supereffective|p1b: Froslass|1
|-damage|p1b: Froslass|4/100
|
|-weather|Snowscape|[upkeep]
|-heal|p2a: Archaludon|25/100|[from] item: Leftovers
|-damage|p1a: Corviknight|49/100 brn|[from] brn
|upkeep
|turn|5
|inactive|perhaps perish? has 30 seconds left.
|inactive|tmjp01 has 30 seconds left.
|inactive|perhaps perish? has 20 seconds left.
|inactive|tmjp01 has 20 seconds left.
|inactive|perhaps perish? has 15 seconds left.
|
|t:|1782498314
|switch|p1b: Hydreigon|Hydreigon, L50, M|100/100
|switch|p2a: Basculegion|Basculegion, L50, M|100/100
|move|p2b: Swampert|Protect|p2b: Swampert
|-singleturn|p2b: Swampert|Protect
|move|p1a: Corviknight|Iron Head|p2b: Swampert
|-activate|p2b: Swampert|move: Protect
|
|-weather|Snowscape|[upkeep]
|-damage|p1a: Corviknight|43/100 brn|[from] brn
|-sideend|p1: tmjp01|move: Tailwind
|upkeep
|turn|6
|
|t:|1782498336
|switch|p2a: Archaludon|Archaludon, L50, F|25/100
|move|p1b: Hydreigon|Dark Pulse|p2a: Archaludon
|-damage|p2a: Archaludon|0 fnt
|faint|p2a: Archaludon
|move|p2b: Swampert|Ice Punch|p1b: Hydreigon
|-supereffective|p1b: Hydreigon|1
|-damage|p1b: Hydreigon|36/100
|move|p1a: Corviknight|Tailwind|p1a: Corviknight
|-sidestart|p1: tmjp01|move: Tailwind
|
|-weather|Snowscape|[upkeep]
|-damage|p1a: Corviknight|37/100 brn|[from] brn
|upkeep
|
|t:|1782498345
|switch|p2a: Basculegion|Basculegion, L50, M|100/100
|turn|7
|
|t:|1782498356
|move|p1a: Corviknight|Protect|p1a: Corviknight
|-singleturn|p1a: Corviknight|Protect
|move|p1b: Hydreigon|Dark Pulse|p2a: Basculegion
|-supereffective|p2a: Basculegion|1
|-damage|p2a: Basculegion|6/100
|move|p2a: Basculegion|Wave Crash|p1a: Corviknight
|-activate|p1a: Corviknight|move: Protect
|move|p2b: Swampert|Wave Crash|p1b: Hydreigon
|-resisted|p1b: Hydreigon|1
|-damage|p1b: Hydreigon|0 fnt
|faint|p1b: Hydreigon
|-damage|p2b: Swampert|54/100|[from] Recoil
|
|-weather|none
|-damage|p1a: Corviknight|31/100 brn|[from] brn
|upkeep
|
|t:|1782498363
|switch|p1b: Froslass|Froslass-Mega, L50, F|4/100
|-weather|Snowscape|[from] ability: Snow Warning|[of] p1b: Froslass
|turn|8
|
|t:|1782498377
|move|p1b: Froslass|Blizzard|p2a: Basculegion|[spread] p2a,p2b
|-resisted|p2a: Basculegion|1
|-damage|p2a: Basculegion|0 fnt
|-damage|p2b: Swampert|18/100
|faint|p2a: Basculegion
|move|p1a: Corviknight|Brave Bird|p2b: Swampert
|-damage|p2b: Swampert|1/100
|-damage|p1a: Corviknight|25/100 brn|[from] Recoil
|move|p2b: Swampert|Ice Punch|p1b: Froslass
|-resisted|p1b: Froslass|1
|-damage|p1b: Froslass|0 fnt
|faint|p1b: Froslass
|
|-weather|Snowscape|[upkeep]
|-damage|p1a: Corviknight|20/100r brn|[from] brn
|upkeep
|turn|9
|
|t:|1782498392
|move|p2b: Swampert|Protect|p2b: Swampert
|-singleturn|p2b: Swampert|Protect
|move|p1a: Corviknight|Iron Head|p2b: Swampert
|-activate|p2b: Swampert|move: Protect
|
|-weather|Snowscape|[upkeep]
|-damage|p1a: Corviknight|14/100 brn|[from] brn
|-sideend|p1: tmjp01|move: Tailwind
|upkeep
|turn|10
|
|t:|1782498399
|move|p2b: Swampert|Wave Crash|p1a: Corviknight
|-damage|p1a: Corviknight|0 fnt
|faint|p1a: Corviknight
|-damage|p2b: Swampert|0 fnt|[from] Recoil
|faint|p2b: Swampert
|
|win|perhaps perish?
||perhaps perish? is ready for game 2.
||tmjp01 is ready for game 2.
|uhtml|next|Next: Game 2 of 3
|l|☆perhaps perish?
|player|p2|
