|j|☆Mazora
|j|☆Paco Amores
|html|MazoraPaco Amores    
|uhtml|bestof|Game 2 of a best-of-3
|t:|1782713258
|gametype|doubles
|player|p1|Mazora|rosa|1139
|player|p2|Paco Amores|1|1077
|gen|9
|tier|[Gen 9 Champions] VGC 2026 Reg M-B (Bo3)
|rated|
|rule|Species Clause: Limit one of each Pokémon
|rule|Item Clause: Limit 1 of each item
|clearpoke
|poke|p1|Pelipper, L50, M|
|poke|p1|Grimmsnarl, L50, M|
|poke|p1|Raichu, L50, M|
|poke|p1|Sinistcha, L50|
|poke|p1|Eelektross, L50, F|
|poke|p1|Garchomp, L50, M|
|poke|p2|Staraptor, L50, F|
|poke|p2|Incineroar, L50, F|
|poke|p2|Whimsicott, L50, F|
|poke|p2|Gholdengo, L50|
|poke|p2|Garchomp, L50, M|
|poke|p2|Sinistcha, L50|
|teampreview|4
|showteam|p1|Pelipper||ChoiceScarf|Drizzle|Tailwind,WeatherBall,Soak,Hurricane|Timid||M|||50|]Grimmsnarl||LightBall|Prankster|SpiritBreak,PartingShot,LightScreen,Reflect|Careful||M|||50|]Raichu||FocusSash|LightningRod|FakeOut,RainDance,Endeavor,Thunderbolt|Timid||M|||50|]Sinistcha||SitrusBerry|Hospitality|MatchaGotcha,LifeDew,RagePowder,TrickRoom|Sassy|||||50|]Eelektross||Eelektrossite|Levitate|Thunder,Discharge,GrassKnot,Protect|Modest||F|||50|]Garchomp||LifeOrb|RoughSkin|DragonClaw,Earthquake,PoisonJab,RockTomb|Jolly||M|||50|
|showteam|p2|Staraptor||Staraptite|Intimidate|CloseCombat,BraveBird,Roost,Protect|Jolly||F|||50|]Incineroar||PasshoBerry|Intimidate|FakeOut,FlareBlitz,DarkestLariat,PartingShot|Relaxed||F|||50|]Whimsicott||FocusSash|Prankster|Tailwind,Moonblast,FakeTears,Charm|Timid||F|||50|]Gholdengo||MetalCoat|GoodasGold|FlashCannon,ShadowBall,NastyPlot,Protect|Timid|||||50|]Garchomp||LifeOrb|RoughSkin|RockSlide,Earthquake,Protect,DragonClaw|Jolly||M|||50|]Sinistcha||SitrusBerry|Hospitality|RagePowder,Imprison,MatchaGotcha,Protect|Bold|||||50|
|inactive|Battle timer is ON: inactive players will automatically lose when time's up. (requested by Mazora)
|inactive|Paco Amores has 60 seconds left.
|
|t:|1782713336
|teamsize|p1|4
|teamsize|p2|4
|start
|switch|p1a: Raichu|Raichu, L50, M|100/100
|switch|p1b: Eelektross|Eelektross, L50, F|100/100
|switch|p2a: Incineroar|Incineroar, L50, F|100/100
|switch|p2b: Staraptor|Staraptor, L50, F|100/100
|-ability|p2b: Staraptor|Intimidate|boost
|-unboost|p1a: Raichu|atk|1
|-unboost|p1b: Eelektross|atk|1
|-ability|p2a: Incineroar|Intimidate|boost
|-unboost|p1a: Raichu|atk|1
|-unboost|p1b: Eelektross|atk|1
|turn|1
|inactive|Paco Amores has 30 seconds left.
|
|t:|1782713366
|detailschange|p2b: Staraptor|Staraptor-Mega, L50, F
|-mega|p2b: Staraptor|Staraptor|Staraptite
|detailschange|p1b: Eelektross|Eelektross-Mega, L50, F
|-mega|p1b: Eelektross|Eelektross|Eelektrossite
|move|p1a: Raichu|Fake Out|p2a: Incineroar
|-damage|p2a: Incineroar|96/100
|cant|p2a: Incineroar|flinch
|move|p2b: Staraptor|Close Combat|p1b: Eelektross
|-damage|p1b: Eelektross|33/100
|-boost|p2b: Staraptor|def|1
|-boost|p2b: Staraptor|spd|1
|move|p1b: Eelektross|Discharge|p2b: Staraptor|[spread] p2a,p2b
|-ability|p1a: Raichu|Lightning Rod|boost
|-boost|p1a: Raichu|spa|1
|-supereffective|p2b: Staraptor|1
|-damage|p2a: Incineroar|64/100
|-damage|p2b: Staraptor|52/100
|-status|p2a: Incineroar|par
|
|upkeep
|turn|2
|inactive|Paco Amores has 30 seconds left.
|
|t:|1782713396
|switch|p2a: Garchomp|Garchomp, L50, M|100/100
|move|p2b: Staraptor|Protect|p2b: Staraptor
|-singleturn|p2b: Staraptor|Protect
|move|p1b: Eelektross|Protect|p1b: Eelektross
|-singleturn|p1b: Eelektross|Protect
|move|p1a: Raichu|Thunderbolt|p2b: Staraptor
|-activate|p2b: Staraptor|move: Protect
|
|upkeep
|turn|3
|
|t:|1782713418
|switch|p1b: Pelipper|Pelipper, L50, M|100/100
|-weather|RainDance|[from] ability: Drizzle|[of] p1b: Pelipper
|move|p1a: Raichu|Thunderbolt|p2b: Staraptor
|-supereffective|p2b: Staraptor|1
|-damage|p2b: Staraptor|0 fnt
|faint|p2b: Staraptor
|move|p2a: Garchomp|Earthquake|p1b: Pelipper|[spread] p1a
|-immune|p1b: Pelipper
|-supereffective|p1a: Raichu|1
|-enditem|p1a: Raichu|Focus Sash
|-damage|p1a: Raichu|1/100
|-damage|p2a: Garchomp|90/100|[from] item: Life Orb
|
|-weather|RainDance|[upkeep]
|upkeep
|
|t:|1782713427
|switch|p2b: Incineroar|Incineroar, L50, F|64/100 par
|-ability|p2b: Incineroar|Intimidate|boost
|-unboost|p1a: Raichu|atk|1
|-unboost|p1b: Pelipper|atk|1
|turn|4
|
|t:|1782713440
|move|p2b: Incineroar|Fake Out|p1b: Pelipper
|-damage|p1b: Pelipper|85/100
|cant|p1b: Pelipper|flinch
|move|p1a: Raichu|Endeavor|p2a: Garchomp
|-damage|p2a: Garchomp|1/100
|-damage|p1a: Raichu|0 fnt|[from] ability: Rough Skin|[of] p2a: Garchomp
|faint|p1a: Raichu
|move|p2a: Garchomp|Rock Slide|p1b: Pelipper
|-supereffective|p1b: Pelipper|1
|-damage|p1b: Pelipper|0 fnt
|faint|p1b: Pelipper
|-damage|p2a: Garchomp|0 fnt|[from] item: Life Orb
|faint|p2a: Garchomp
|
|-weather|RainDance|[upkeep]
|upkeep
|
|t:|1782713455
|switch|p1a: Garchomp|Garchomp, L50, M|100/100
|switch|p2a: Sinistcha|Sinistcha, L50|100/100
|switch|p1b: Eelektross|Eelektross-Mega, L50, F|33/100
|-heal|p2b: Incineroar|89/100 par|[from] ability: Hospitality|[of] p2a: Sinistcha
|turn|5
|
|t:|1782713474
|move|p1a: Garchomp|Poison Jab|p2a: Sinistcha
|-damage|p2a: Sinistcha|73/100
|-damage|p1a: Garchomp|90/100|[from] item: Life Orb
|move|p1b: Eelektross|Thunder|p2b: Incineroar
|-damage|p2b: Incineroar|38/100 par
|move|p2a: Sinistcha|Matcha Gotcha|p1a: Garchomp|[spread] p1a
|-miss|p2a: Sinistcha|p1b: Eelektross
|-damage|p1a: Garchomp|60/100
|-heal|p2a: Sinistcha|88/100|[from] drain|[of] p1a: Garchomp
|move|p2b: Incineroar|Parting Shot|p1a: Garchomp
|-unboost|p1a: Garchomp|atk|1
|-unboost|p1a: Garchomp|spa|1
|
|-weather|RainDance|[upkeep]
|upkeep
|turn|6
|inactive|Paco Amores has 30 seconds left.
|
|t:|1782713500
|move|p1a: Garchomp|Earthquake|p2b: Incineroar|[spread] p2a,p2b
|-immune|p1b: Eelektross|[from] ability: Levitate
|-resisted|p2a: Sinistcha|1
|-supereffective|p2b: Incineroar|1
|-damage|p2a: Sinistcha|76/100
|-damage|p2b: Incineroar|0 fnt
|faint|p2b: Incineroar
|-damage|p1a: Garchomp|50/100g|[from] item: Life Orb
|move|p1b: Eelektross|Discharge|p2a: Sinistcha|[spread] p2a
|-immune|p1a: Garchomp
|-resisted|p2a: Sinistcha|1
|-damage|p2a: Sinistcha|57/100
|move|p2a: Sinistcha|Matcha Gotcha|p1b: Eelektross|[spread] p1a,p1b
|-damage|p1a: Garchomp|25/100
|-heal|p2a: Sinistcha|70/100|[from] drain|[of] p1a: Garchomp
|-damage|p1b: Eelektross|8/100
|-heal|p2a: Sinistcha|84/100|[from] drain|[of] p1b: Eelektross
|
|-weather|RainDance|[upkeep]
|upkeep
|turn|7
|
|t:|1782713525
|move|p1a: Garchomp|Dragon Claw|p2a: Sinistcha
|-damage|p2a: Sinistcha|55/100
|-damage|p1a: Garchomp|15/100|[from] item: Life Orb
|move|p1b: Eelektross|Thunder|p2a: Sinistcha
|-resisted|p2a: Sinistcha|1
|-damage|p2a: Sinistcha|25/100
|-enditem|p2a: Sinistcha|Sitrus Berry|[eat]
|-heal|p2a: Sinistcha|50/100g|[from] item: Sitrus Berry
|move|p2a: Sinistcha|Matcha Gotcha|p1b: Eelektross|[spread] p1a,p1b
|-damage|p1a: Garchomp|0 fnt
|-heal|p2a: Sinistcha|58/100|[from] drain|[of] p1a: Garchomp
|-damage|p1b: Eelektross|0 fnt
|-heal|p2a: Sinistcha|63/100|[from] drain|[of] p1b: Eelektross
|faint|p1a: Garchomp
|faint|p1b: Eelektross
|
|win|Paco Amores
|raw|Mazora's rating: 1139 → 1110(-29 for losing)
|raw|Paco Amores's rating: 1077 → 1110(+33 for winning)
|c|☆Mazora|jeez
|l|☆Mazora
|player|p1|
|c|☆Paco Amores|Gg
