|j|☆zhakuma
|j|☆natsukivgc
|html|zhakumanatsukivgc    
|uhtml|bestof|Game 2 of a best-of-3
|t:|1785923226
|gametype|doubles
|player|p1|zhakuma|lucas|1160
|player|p2|natsukivgc|169|1200
|gen|9
|tier|[Gen 9 Champions] VGC 2026 Reg M-B (Bo3)
|rated|
|rule|Species Clause: Limit one of each Pokémon
|rule|Item Clause: Limit 1 of each item
|clearpoke
|poke|p1|Aggron, L50, M|
|poke|p1|Farigiraf, L50, M|
|poke|p1|Camerupt, L50, M|
|poke|p1|Torkoal, L50, M|
|poke|p1|Staraptor, L50, M|
|poke|p1|Kingambit, L50, M|
|poke|p2|Hydreigon, L50, M|
|poke|p2|Garchomp, L50, M|
|poke|p2|Metagross, L50|
|poke|p2|Charizard, L50, F|
|poke|p2|Grimmsnarl, L50, M|
|poke|p2|Toxapex, L50, M|
|teampreview|4
|showteam|p1|Aggron||Aggronite|Sturdy|BodyPress,IronDefense,HeavySlam,Protect|Careful||M|||50|]Farigiraf||SitrusBerry|ArmorTail|HelpingHand,TwinBeam,TrickRoom,Thunderbolt|Calm||M|||50|]Camerupt||Cameruptite|MagmaArmor|HeatWave,EarthPower,AncientPower,Protect|Quiet||M|||50|]Torkoal||Charcoal|Drought|Eruption,HeatWave,SolarBeam,Protect|Quiet||M|||50|]Staraptor||ChoiceScarf|Intimidate|FinalGambit,BraveBird,CloseCombat,Uturn|Adamant||M|||50|]Kingambit||LifeOrb|Defiant|KowtowCleave,SuckerPunch,LowKick,Protect|Brave||M|||50|
|showteam|p2|Hydreigon||ChoiceScarf|Levitate|HeatWave,DarkPulse,DracoMeteor,Snarl|Modest||M|||50|]Garchomp||SitrusBerry|RoughSkin|Earthquake,RockSlide,DragonClaw,Protect|Adamant||M|||50|]Metagross||Metagrossite|ClearBody|IronHead,HammerArm,BulletPunch,Protect|Adamant|||||50|]Charizard||CharizarditeY|Blaze|Protect,HeatWave,SolarBeam,WeatherBall|Timid||F|||50|]Grimmsnarl||RoseliBerry|Prankster|FakeOut,FoulPlay,Reflect,PartingShot|Sassy||M|||50|]Toxapex||Leftovers|Regenerator|Infestation,Toxic,BanefulBunker,WideGuard|Bold||M|||50|
|inactive|Battle timer is ON: inactive players will automatically lose when time's up. (requested by zhakuma)
|inactive|natsukivgc has 60 seconds left.
|
|t:|1785923279
|teamsize|p1|4
|teamsize|p2|4
|start
|switch|p1a: Staraptor|Staraptor, L50, M|100/100
|switch|p1b: Farigiraf|Farigiraf, L50, M|100/100
|switch|p2a: Grimmsnarl|Grimmsnarl, L50, M|100/100
|switch|p2b: Garchomp|Garchomp, L50, M|100/100
|-ability|p1a: Staraptor|Intimidate|boost
|-unboost|p2a: Grimmsnarl|atk|1
|-unboost|p2b: Garchomp|atk|1
|turn|1
|
|t:|1785923303
|move|p2a: Grimmsnarl|Reflect|p2a: Grimmsnarl
|-sidestart|p2: natsukivgc|Reflect
|move|p1a: Staraptor|Final Gambit|p2b: Garchomp
|-damage|p2b: Garchomp|10/100
|-enditem|p2b: Garchomp|Sitrus Berry|[eat]
|-heal|p2b: Garchomp|35/100|[from] item: Sitrus Berry
|faint|p1a: Staraptor
|move|p2b: Garchomp|Rock Slide|p1b: Farigiraf
|-damage|p1b: Farigiraf|82/100
|cant|p1b: Farigiraf|flinch
|
|upkeep
|
|t:|1785923314
|switch|p1a: Kingambit|Kingambit, L50, M|100/100
|turn|2
|inactive|natsukivgc has 30 seconds left.
|
|t:|1785923342
|switch|p2b: Toxapex|Toxapex, L50, M|100/100
|move|p1a: Kingambit|Sucker Punch||[still]
|-fail|p1a: Kingambit
|move|p2a: Grimmsnarl|Foul Play|p1b: Farigiraf
|-supereffective|p1b: Farigiraf|1
|-damage|p1b: Farigiraf|32/100
|-enditem|p1b: Farigiraf|Sitrus Berry|[eat]
|-heal|p1b: Farigiraf|56/100|[from] item: Sitrus Berry
|move|p1b: Farigiraf|Trick Room|p1b: Farigiraf
|-fieldstart|move: Trick Room|[of] p1b: Farigiraf
|
|upkeep
|turn|3
|inactive|natsukivgc has 30 seconds left.
|
|t:|1785923374
|move|p2b: Toxapex|Toxic|p1b: Farigiraf
|-status|p1b: Farigiraf|tox
|move|p1a: Kingambit|Kowtow Cleave|p2b: Toxapex
|-damage|p2b: Toxapex|73/100
|-damage|p1a: Kingambit|90/100|[from] item: Life Orb
|move|p2a: Grimmsnarl|Foul Play|p1b: Farigiraf
|-supereffective|p1b: Farigiraf|1
|-damage|p1b: Farigiraf|5/100 tox
|move|p1b: Farigiraf|Twin Beam|p2b: Toxapex
|-supereffective|p2b: Toxapex|1
|-damage|p2b: Toxapex|49/100
|-supereffective|p2b: Toxapex|1
|-damage|p2b: Toxapex|26/100
|-hitcount|p2b: Toxapex|2
|
|-heal|p2b: Toxapex|31/100|[from] item: Leftovers
|-damage|p1b: Farigiraf|0 fnt|[from] psn
|faint|p1b: Farigiraf
|upkeep
|
|t:|1785923390
|switch|p1b: Camerupt|Camerupt, L50, M|100/100
|turn|4
|
|t:|1785923407
|-heal|p2b: Toxapex|64/100|[from] ability: Regenerator|[silent]
|switch|p2b: Garchomp|Garchomp, L50, M|35/100
|detailschange|p1b: Camerupt|Camerupt-Mega, L50, M
|-mega|p1b: Camerupt|Camerupt|Cameruptite
|move|p2a: Grimmsnarl|Parting Shot|p1b: Camerupt
|-unboost|p1b: Camerupt|atk|1
|-unboost|p1b: Camerupt|spa|1
|
|t:|1785923419
|switch|p2a: Hydreigon|Hydreigon, L50, M|100/100|[from] Parting Shot
|move|p1b: Camerupt|Earth Power|p2b: Garchomp
|-damage|p2b: Garchomp|0 fnt
|faint|p2b: Garchomp
|move|p1a: Kingambit|Kowtow Cleave|p2a: Hydreigon
|-resisted|p2a: Hydreigon|1
|-damage|p2a: Hydreigon|74/100
|-damage|p1a: Kingambit|80/100|[from] item: Life Orb
|
|upkeep
|
|t:|1785923434
|switch|p2b: Grimmsnarl|Grimmsnarl, L50, M|100/100
|turn|5
|
|t:|1785923447
|switch|p2a: Toxapex|Toxapex, L50, M|64/100
|move|p2b: Grimmsnarl|Fake Out|p1b: Camerupt
|-damage|p1b: Camerupt|88/100
|cant|p1b: Camerupt|flinch
|move|p1a: Kingambit|Low Kick|p2a: Toxapex
|-resisted|p2a: Toxapex|1
|-damage|p2a: Toxapex|60/100
|-damage|p1a: Kingambit|70/100|[from] item: Life Orb
|
|-heal|p2a: Toxapex|66/100|[from] item: Leftovers
|-sideend|p2: natsukivgc|Reflect
|upkeep
|turn|6
|
|t:|1785923469
|move|p2b: Grimmsnarl|Parting Shot|p1b: Camerupt
|-unboost|p1b: Camerupt|atk|1
|-unboost|p1b: Camerupt|spa|1
|
|t:|1785923474
|switch|p2b: Hydreigon|Hydreigon, L50, M|74/100|[from] Parting Shot
|move|p1b: Camerupt|Heat Wave|p2a: Toxapex|[spread] p2a,p2b
|-resisted|p2a: Toxapex|1
|-resisted|p2b: Hydreigon|1
|-damage|p2a: Toxapex|56/100
|-damage|p2b: Hydreigon|58/100
|move|p2a: Toxapex|Toxic|p1b: Camerupt
|-status|p1b: Camerupt|tox
|move|p1a: Kingambit|Kowtow Cleave|p2b: Hydreigon
|-resisted|p2b: Hydreigon|1
|-damage|p2b: Hydreigon|22/100
|-damage|p1a: Kingambit|60/100|[from] item: Life Orb
|
|-heal|p2a: Toxapex|61/100|[from] item: Leftovers
|-damage|p1b: Camerupt|82/100 tox|[from] psn
|-fieldend|move: Trick Room
|upkeep
|turn|7
|inactive|zhakuma has 30 seconds left.
|inactive|natsukivgc has 30 seconds left.
|
|t:|1785923508
|switch|p2b: Grimmsnarl|Grimmsnarl, L50, M|100/100
|move|p1a: Kingambit|Sucker Punch||[still]
|-fail|p1a: Kingambit
|move|p2a: Toxapex|Infestation|p1b: Camerupt
|-resisted|p1b: Camerupt|1
|-damage|p1b: Camerupt|80/100 tox
|-activate|p1b: Camerupt|move: Infestation|[of] p2a: Toxapex
|move|p1b: Camerupt|Earth Power|p2a: Toxapex
|-supereffective|p2a: Toxapex|1
|-damage|p2a: Toxapex|8/100
|
|-heal|p2a: Toxapex|14/100|[from] item: Leftovers
|-damage|p1b: Camerupt|68/100 tox|[from] psn
|-damage|p1b: Camerupt|55/100 tox|[from] move: Infestation|[partiallytrapped]
|upkeep
|turn|8
|inactive|zhakuma has 30 seconds left.
|inactive|natsukivgc has 30 seconds left.
|
|t:|1785923542
|move|p2a: Toxapex|Baneful Bunker|p2a: Toxapex
|-singleturn|p2a: Toxapex|move: Protect
|move|p2b: Grimmsnarl|Fake Out|p1b: Camerupt
|-damage|p1b: Camerupt|43/100 tox
|move|p1a: Kingambit|Low Kick|p2a: Toxapex
|-activate|p2a: Toxapex|move: Protect
|cant|p1b: Camerupt|flinch
|
|-heal|p2a: Toxapex|19/100|[from] item: Leftovers
|-damage|p1b: Camerupt|24/100 tox|[from] psn
|-damage|p1b: Camerupt|12/100 tox|[from] move: Infestation|[partiallytrapped]
|upkeep
|turn|9
|inactive|natsukivgc has 30 seconds left.
|inactive|natsukivgc has 20 seconds left.
|
|t:|1785923577
|move|p2a: Toxapex|Wide Guard|p2a: Toxapex
|-singleturn|p2a: Toxapex|Wide Guard
|move|p2b: Grimmsnarl|Reflect|p2b: Grimmsnarl
|-sidestart|p2: natsukivgc|Reflect
|move|p1a: Kingambit|Kowtow Cleave|p2a: Toxapex
|-damage|p2a: Toxapex|0 fnt
|faint|p2a: Toxapex
|-damage|p1a: Kingambit|50/100y|[from] item: Life Orb
|move|p1b: Camerupt|Heat Wave|p2b: Grimmsnarl
|-activate|p2b: Grimmsnarl|move: Wide Guard
|
|-damage|p1b: Camerupt|0 fnt|[from] psn
|faint|p1b: Camerupt
|upkeep
|
|t:|1785923589
|switch|p2a: Hydreigon|Hydreigon, L50, M|22/100
|turn|10
|inactive|natsukivgc has 30 seconds left.
|
|t:|1785923615
|move|p1a: Kingambit|Sucker Punch|p2a: Hydreigon
|-resisted|p2a: Hydreigon|1
|-damage|p2a: Hydreigon|4/100
|-damage|p1a: Kingambit|40/100|[from] item: Life Orb
|move|p2a: Hydreigon|Draco Meteor|p2b: Grimmsnarl
|-immune|p2b: Grimmsnarl
|move|p2b: Grimmsnarl|Foul Play|p1a: Kingambit
|-resisted|p1a: Kingambit|1
|-damage|p1a: Kingambit|19/100
|
|upkeep
|turn|11
|
|t:|1785923630
|move|p1a: Kingambit|Sucker Punch|p2a: Hydreigon
|-resisted|p2a: Hydreigon|1
|-damage|p2a: Hydreigon|0 fnt
|faint|p2a: Hydreigon
|-damage|p1a: Kingambit|9/100|[from] item: Life Orb
|move|p2b: Grimmsnarl|Foul Play|p1a: Kingambit
|-resisted|p1a: Kingambit|1
|-damage|p1a: Kingambit|0 fnt
|faint|p1a: Kingambit
|
|win|natsukivgc
