|j|☆Sizzle2466
|j|☆exessvgc
|html|Sizzle2466exessvgc    
|uhtml|bestof|Game 2 of a best-of-3
|t:|1783359670
|gametype|doubles
|player|p1|Sizzle2466|266|1187
|player|p2|exessvgc|102|1263
|gen|9
|tier|[Gen 9 Champions] VGC 2026 Reg M-B (Bo3)
|rated|
|rule|Species Clause: Limit one of each Pokémon
|rule|Item Clause: Limit 1 of each item
|clearpoke
|poke|p1|Charizard, L50, F|
|poke|p1|Aerodactyl, L50, F|
|poke|p1|Garchomp, L50, F|
|poke|p1|Incineroar, L50, F|
|poke|p1|Sylveon, L50, M|
|poke|p1|Farigiraf, L50, M|
|poke|p2|Charizard, L50, M|
|poke|p2|Sneasler, L50, M|
|poke|p2|Farigiraf, L50, M|
|poke|p2|Aerodactyl, L50, F|
|poke|p2|Sylveon, L50, M|
|poke|p2|Venusaur, L50, F|
|teampreview|4
|showteam|p1|Charizard||CharizarditeY|Blaze|HeatWave,WeatherBall,SolarBeam,Protect|Modest||F|||50|]Aerodactyl||Aerodactylite|Unnerve|RockSlide,DualWingbeat,Tailwind,WideGuard|Jolly||F|||50|]Garchomp||LifeOrb|RoughSkin|DragonClaw,StompingTantrum,Earthquake,Protect|Jolly||F|||50|]Incineroar||SitrusBerry|Intimidate|FakeOut,FlareBlitz,PartingShot,Taunt|Jolly||F|||50|]Sylveon||FairyFeather|Pixilate|HyperVoice,Moonblast,QuickAttack,Protect|Quiet||M|||50|]Farigiraf||TwistedSpoon|ArmorTail|Psychic,Thunderbolt,TrickRoom,HelpingHand|Modest||M|||50|
|showteam|p2|Charizard||CharizarditeX|Blaze|DragonDance,DragonClaw,FlareBlitz,Protect|Jolly||M|||50|]Sneasler||WhiteHerb|Unburden|FakeOut,Protect,CloseCombat,DireClaw|Jolly||M|||50|]Farigiraf||SitrusBerry|ArmorTail|TrickRoom,PsychicNoise,HelpingHand,Thunderbolt|Bold||M|||50|]Aerodactyl||FocusSash|Unnerve|RockSlide,Tailwind,SunnyDay,Taunt|Jolly||F|||50|]Sylveon||FairyFeather|Pixilate|HyperVoice,HyperBeam,Protect,ShadowBall|Modest||M|||50|]Venusaur||WideLens|Chlorophyll|SludgeBomb,EarthPower,SleepPowder,Protect|Modest||F|||50|
|
|t:|1783359737
|teamsize|p1|4
|teamsize|p2|4
|start
|switch|p1a: Aerodactyl|Aerodactyl, L50, F|100/100
|switch|p1b: Charizard|Charizard, L50, F|100/100
|switch|p2a: DINOSAUVO|Aerodactyl, L50, F|100/100
|switch|p2b: IL COACH|Sneasler, L50, M|100/100
|-ability|p2a: DINOSAUVO|Unnerve
|-ability|p1a: Aerodactyl|Unnerve
|turn|1
|
|t:|1783359764
|move|p1b: Charizard|Protect|p1b: Charizard
|-singleturn|p1b: Charizard|Protect
|move|p2b: IL COACH|Fake Out|p1b: Charizard
|-activate|p1b: Charizard|move: Protect
|move|p2a: DINOSAUVO|Taunt|p1a: Aerodactyl
|-start|p1a: Aerodactyl|move: Taunt
|cant|p1a: Aerodactyl|move: Taunt|Tailwind
|
|upkeep
|turn|2
|
|t:|1783359781
|switch|p1b: Garchomp|Garchomp, L50, F|100/100
|move|p2a: DINOSAUVO|Rock Slide|p1b: Garchomp|[spread] p1a,p1b
|-supereffective|p1a: Aerodactyl|1
|-resisted|p1b: Garchomp|1
|-damage|p1a: Aerodactyl|26/100
|-damage|p1b: Garchomp|88/100
|move|p1a: Aerodactyl|Rock Slide|p2b: IL COACH|[spread] p2a,p2b
|-supereffective|p2a: DINOSAUVO|1
|-resisted|p2b: IL COACH|1
|-damage|p2a: DINOSAUVO|18/100
|-damage|p2b: IL COACH|77/100
|move|p2b: IL COACH|Close Combat|p1a: Aerodactyl
|-damage|p1a: Aerodactyl|0 fnt
|-unboost|p2b: IL COACH|def|1
|-unboost|p2b: IL COACH|spd|1
|faint|p1a: Aerodactyl
|-enditem|p2b: IL COACH|White Herb
|-clearnegativeboost|p2b: IL COACH|[silent]
|
|upkeep
|
|t:|1783359799
|switch|p1a: Incineroar|Incineroar, L50, F|100/100
|-ability|p1a: Incineroar|Intimidate|boost
|-unboost|p2a: DINOSAUVO|atk|1
|-unboost|p2b: IL COACH|atk|1
|turn|3
|
|t:|1783359818
|switch|p2a: EXESS|Charizard, L50, M|100/100
|move|p2b: IL COACH|Close Combat|p1a: Incineroar
|-supereffective|p1a: Incineroar|1
|-damage|p1a: Incineroar|15/100
|-unboost|p2b: IL COACH|def|1
|-unboost|p2b: IL COACH|spd|1
|-enditem|p1a: Incineroar|Sitrus Berry|[eat]
|-heal|p1a: Incineroar|40/100|[from] item: Sitrus Berry
|move|p1b: Garchomp|Stomping Tantrum|p2b: IL COACH
|-supereffective|p2b: IL COACH|1
|-damage|p2b: IL COACH|0 fnt
|faint|p2b: IL COACH
|-damage|p1b: Garchomp|78/100|[from] item: Life Orb
|move|p1a: Incineroar|Flare Blitz|p2a: EXESS
|-resisted|p2a: EXESS|1
|-damage|p2a: EXESS|65/100
|-damage|p1a: Incineroar|30/100|[from] Recoil
|
|upkeep
|
|t:|1783359838
|switch|p2b: DINOSAUVO|Aerodactyl, L50, F|18/100
|-ability|p2b: DINOSAUVO|Unnerve
|turn|4
|
|t:|1783359855
|move|p2b: DINOSAUVO|Tailwind|p2b: DINOSAUVO
|-sidestart|p2: exessvgc|move: Tailwind
|move|p2a: EXESS|Dragon Claw|p1b: Garchomp
|-supereffective|p1b: Garchomp|1
|-damage|p1b: Garchomp|38/100
|-damage|p2a: EXESS|53/100|[from] ability: Rough Skin|[of] p1b: Garchomp
|move|p1b: Garchomp|Dragon Claw|p2a: EXESS
|-damage|p2a: EXESS|0 fnt
|faint|p2a: EXESS
|-damage|p1b: Garchomp|29/100|[from] item: Life Orb
|move|p1a: Incineroar|Parting Shot|p2b: DINOSAUVO
|-unboost|p2b: DINOSAUVO|atk|1
|-unboost|p2b: DINOSAUVO|spa|1
|
|t:|1783359870
|switch|p1a: Charizard|Charizard, L50, F|100/100|[from] Parting Shot
|
|upkeep
|
|t:|1783359872
|switch|p2a: Marianela|Sylveon, L50, M|100/100
|turn|5
|
|t:|1783359904
|move|p1b: Garchomp|Protect|p1b: Garchomp
|-singleturn|p1b: Garchomp|Protect
|move|p1a: Charizard|Protect|p1a: Charizard
|-singleturn|p1a: Charizard|Protect
|move|p2b: DINOSAUVO|Rock Slide|p1b: Garchomp|[spread] 
|-activate|p1a: Charizard|move: Protect
|-activate|p1b: Garchomp|move: Protect
|move|p2a: Marianela|Hyper Voice|p1a: Charizard|[spread] 
|-activate|p1a: Charizard|move: Protect
|-activate|p1b: Garchomp|move: Protect
|
|upkeep
|turn|6
|
|t:|1783359921
|switch|p1b: Incineroar|Incineroar, L50, F|30/100
|-ability|p1b: Incineroar|Intimidate|boost
|-unboost|p2a: Marianela|atk|1
|-unboost|p2b: DINOSAUVO|atk|1
|detailschange|p1a: Charizard|Charizard-Mega-Y, L50, F
|-mega|p1a: Charizard|Charizard|Charizardite Y
|-weather|SunnyDay|[from] ability: Drought|[of] p1a: Charizard
|move|p2b: DINOSAUVO|Rock Slide|p1a: Charizard|[spread] p1a,p1b
|-supereffective|p1a: Charizard|2
|-supereffective|p1b: Incineroar|1
|-damage|p1a: Charizard|43/100
|-damage|p1b: Incineroar|6/100
|move|p2a: Marianela|Hyper Voice|p1a: Charizard|[spread] p1a,p1b
|-resisted|p1a: Charizard|1
|-damage|p1a: Charizard|21/100
|-damage|p1b: Incineroar|0 fnt
|faint|p1b: Incineroar
|move|p1a: Charizard|Heat Wave|p2a: Marianela|[spread] p2a,p2b
|-resisted|p2b: DINOSAUVO|1
|-damage|p2a: Marianela|46/100
|-damage|p2b: DINOSAUVO|0 fnt
|faint|p2b: DINOSAUVO
|
|-weather|SunnyDay|[upkeep]
|upkeep
|
|t:|1783359942
|switch|p1b: Garchomp|Garchomp, L50, F|29/100
|turn|7
|
|t:|1783359971
|move|p1b: Garchomp|Protect|p1b: Garchomp
|-singleturn|p1b: Garchomp|Protect
|move|p1a: Charizard|Protect|p1a: Charizard
|-singleturn|p1a: Charizard|Protect
|move|p2a: Marianela|Hyper Voice|p1b: Garchomp|[spread] 
|-activate|p1a: Charizard|move: Protect
|-activate|p1b: Garchomp|move: Protect
|
|-weather|SunnyDay|[upkeep]
|-sideend|p2: exessvgc|move: Tailwind
|upkeep
|turn|8
|-message|exessvgc forfeited.
|
|win|Sizzle2466
|raw|Sizzle2466's rating: 1187 → 1217(+30 for winning)
|raw|exessvgc's rating: 1263 → 1233(-30 for losing)
|l|☆exessvgc
|player|p2|
|l|☆Sizzle2466
|player|p1|
|j|☆exessvgc
|player|p2|exessvgc|102|
