|j|☆jiggyjagga
|j|☆bingbingbangus
|html|jiggyjaggabingbingbangus    
|uhtml|bestof|Game 1 of a best-of-3
|t:|1785159198
|gametype|doubles
|player|p1|jiggyjagga|1|
|player|p2|bingbingbangus|265|
|gen|9
|tier|[Gen 9 Champions] VGC 2026 Reg M-B (Bo3)
|rule|Species Clause: Limit one of each Pokémon
|rule|Item Clause: Limit 1 of each item
|clearpoke
|poke|p1|Floette-Eternal, L50, F|
|poke|p1|Incineroar, L50, F, shiny|
|poke|p1|Kingambit, L50, M, shiny|
|poke|p1|Gholdengo, L50, shiny|
|poke|p1|Wyrdeer, L50, M, shiny|
|poke|p1|Pikachu, L50, M|
|poke|p2|Gengar, L50, F|
|poke|p2|Primarina, L50, F|
|poke|p2|Annihilape, L50, F|
|poke|p2|Clefable, L50, F|
|poke|p2|Rotom-Wash, L50|
|poke|p2|Scizor, L50, F|
|teampreview|4
|showteam|p1|Floette-Eternal||Floettite|FlowerVeil|LightofRuin,DazzlingGleam,Moonblast,Protect|Modest||F|||50|]Incineroar||SitrusBerry|Intimidate|FakeOut,PartingShot,FlareBlitz,HelpingHand|Adamant||F|||50|]Kingambit||ChopleBerry|Defiant|KowtowCleave,IronHead,Protect,SuckerPunch|Adamant||M|||50|]Gholdengo||MetalCoat|GoodasGold|MakeItRain,ShadowBall,NastyPlot,Protect|Modest|||||50|]Wyrdeer||Leftovers|Intimidate|PsyshieldBash,TrickRoom,EarthPower,Protect|Sassy||M|||50|]Pikachu||FocusSash|Static|FakeOut,Nuzzle,Wish,Encore|Jolly||M|||50|
|showteam|p2|Gengar||Gengarite|CursedBody|ShadowBall,SludgeBomb,Protect,PerishSong|Timid||F|||50|]Primarina||Leftovers|Torrent|HyperVoice,Moonblast,Protect,Haze|Calm||F|||50|]Annihilape||SitrusBerry|InnerFocus|RageFist,DrainPunch,BulkUp,Protect|Adamant||F|||50|]Clefable||FocusSash|Unaware|FollowMe,HelpingHand,Moonblast,Protect|Calm||F|||50|]Rotom-Wash||ExpertBelt|Levitate|HydroPump,VoltSwitch,WillOWisp,Protect|Calm|||||50|]Scizor||MuscleBand|Swarm|BulletPunch,Uturn,DualWingbeat,CloseCombat|Adamant||F|||50|
|
|t:|1785159212
|teamsize|p1|4
|teamsize|p2|4
|start
|switch|p1a: Incineroar|Incineroar, L50, F, shiny|100/100
|switch|p1b: Wyrdeer|Wyrdeer, L50, M, shiny|100/100
|switch|p2a: goonmaxx armstrong|Annihilape, L50, F|100/100
|switch|p2b: random ass guy|Clefable, L50, F|100/100
|-ability|p1a: Incineroar|Intimidate|boost
|-fail|p2a: goonmaxx armstrong|unboost|Attack|[from] ability: Inner Focus|[of] p2a: goonmaxx armstrong
|-unboost|p2b: random ass guy|atk|1
|-ability|p1b: Wyrdeer|Intimidate|boost
|-fail|p2a: goonmaxx armstrong|unboost|Attack|[from] ability: Inner Focus|[of] p2a: goonmaxx armstrong
|-unboost|p2b: random ass guy|atk|1
|turn|1
|
|t:|1785159270
|move|p1a: Incineroar|Fake Out|p2b: random ass guy
|-damage|p2b: random ass guy|84/100
|cant|p2b: random ass guy|flinch
|move|p2a: goonmaxx armstrong|Bulk Up|p2a: goonmaxx armstrong
|-boost|p2a: goonmaxx armstrong|atk|1
|-boost|p2a: goonmaxx armstrong|def|1
|move|p1b: Wyrdeer|Trick Room|p1b: Wyrdeer
|-fieldstart|move: Trick Room|[of] p1b: Wyrdeer
|
|upkeep
|turn|2
|
|t:|1785159293
|move|p2b: random ass guy|Helping Hand|p2a: goonmaxx armstrong
|-singleturn|p2a: goonmaxx armstrong|Helping Hand|[of] p2b: random ass guy
|move|p1a: Incineroar|Helping Hand|p1b: Wyrdeer
|-singleturn|p1b: Wyrdeer|Helping Hand|[of] p1a: Incineroar
|move|p2a: goonmaxx armstrong|Drain Punch|p1a: Incineroar
|-supereffective|p1a: Incineroar|1
|-damage|p1a: Incineroar|0 fnt
|faint|p1a: Incineroar
|move|p1b: Wyrdeer|Trick Room|p1b: Wyrdeer
|-fieldend|move: Trick Room
|
|upkeep
|
|t:|1785159298
|switch|p1a: Floette|Floette-Eternal, L50, F|100/100
|turn|3
|
|t:|1785159334
|detailschange|p1a: Floette|Floette-Mega, L50, F
|-mega|p1a: Floette|Floette|Floettite
|-ability|p1a: Floette|Fairy Aura
|move|p2b: random ass guy|Follow Me|p2b: random ass guy
|-singleturn|p2b: random ass guy|move: Follow Me
|move|p1a: Floette|Dazzling Gleam|p2a: goonmaxx armstrong|[spread] p2a,p2b
|-supereffective|p2a: goonmaxx armstrong|1
|-damage|p2a: goonmaxx armstrong|5/100
|-damage|p2b: random ass guy|51/100
|-enditem|p2a: goonmaxx armstrong|Sitrus Berry|[eat]
|-heal|p2a: goonmaxx armstrong|30/100|[from] item: Sitrus Berry
|move|p2a: goonmaxx armstrong|Rage Fist|p1a: Floette
|-damage|p1a: Floette|0 fnt
|faint|p1a: Floette
|move|p1b: Wyrdeer|Psyshield Bash|p2b: random ass guy
|-damage|p2b: random ass guy|16/100
|-boost|p1b: Wyrdeer|def|1
|
|upkeep
|
|t:|1785159346
|switch|p1a: Kingambit|Kingambit, L50, M, shiny|100/100
|turn|4
|
|t:|1785159369
|move|p1a: Kingambit|Sucker Punch|p2a: goonmaxx armstrong
|-damage|p2a: goonmaxx armstrong|4/100
|move|p2a: goonmaxx armstrong|Drain Punch|p1a: Kingambit
|-supereffective|p1a: Kingambit|2
|-enditem|p1a: Kingambit|Chople Berry|[eat]
|-enditem|p1a: Kingambit|Chople Berry|[weaken]
|-damage|p1a: Kingambit|4/100
|-heal|p2a: goonmaxx armstrong|50/100g|[from] drain|[of] p1a: Kingambit
|move|p2b: random ass guy|Moonblast|p1b: Wyrdeer
|-damage|p1b: Wyrdeer|74/100
|move|p1b: Wyrdeer|Trick Room|p1b: Wyrdeer
|-fieldstart|move: Trick Room|[of] p1b: Wyrdeer
|
|-heal|p1b: Wyrdeer|80/100|[from] item: Leftovers
|upkeep
|turn|5
|
|t:|1785159391
|move|p2b: random ass guy|Follow Me|p2b: random ass guy
|-singleturn|p2b: random ass guy|move: Follow Me
|move|p1a: Kingambit|Kowtow Cleave|p2b: random ass guy
|-resisted|p2b: random ass guy|1
|-damage|p2b: random ass guy|0 fnt
|faint|p2b: random ass guy
|move|p1b: Wyrdeer|Psyshield Bash|p2a: goonmaxx armstrong
|-supereffective|p2a: goonmaxx armstrong|1
|-damage|p2a: goonmaxx armstrong|8/100
|-boost|p1b: Wyrdeer|def|1
|move|p2a: goonmaxx armstrong|Drain Punch|p1a: Kingambit
|-supereffective|p1a: Kingambit|2
|-damage|p1a: Kingambit|0 fnt
|-heal|p2a: goonmaxx armstrong|11/100|[from] drain|[of] p1a: Kingambit
|faint|p1a: Kingambit
|
|-heal|p1b: Wyrdeer|86/100|[from] item: Leftovers
|upkeep
|
|t:|1785159407
|switch|p2b: dr goon|Gengar, L50, F|100/100
|turn|6
|
|t:|1785159428
|move|p1b: Wyrdeer|Psyshield Bash|p2a: goonmaxx armstrong|[miss]
|-miss|p1b: Wyrdeer|p2a: goonmaxx armstrong
|move|p2a: goonmaxx armstrong|Drain Punch|p1b: Wyrdeer
|-damage|p1b: Wyrdeer|52/100
|-heal|p2a: goonmaxx armstrong|27/100|[from] drain|[of] p1b: Wyrdeer
|move|p2b: dr goon|Sludge Bomb|p1b: Wyrdeer
|-damage|p1b: Wyrdeer|18/100
|-status|p1b: Wyrdeer|psn
|
|-heal|p1b: Wyrdeer|24/100 psn|[from] item: Leftovers
|-damage|p1b: Wyrdeer|11/100 psn|[from] psn
|upkeep
|turn|7
|
|t:|1785159447
|move|p1b: Wyrdeer|Psyshield Bash|p2a: goonmaxx armstrong
|-supereffective|p2a: goonmaxx armstrong|1
|-damage|p2a: goonmaxx armstrong|0 fnt
|-boost|p1b: Wyrdeer|def|1
|faint|p2a: goonmaxx armstrong
|move|p2b: dr goon|Sludge Bomb|p1b: Wyrdeer
|-damage|p1b: Wyrdeer|0 fnt
|faint|p1b: Wyrdeer
|
|win|bingbingbangus
||jiggyjagga is ready for game 2.
