|j|☆Riubyx
|j|☆hydreigon_chelas
|html|Riubyxhydreigon_chelas    
|uhtml|bestof|Game 1 of a best-of-3
|t:|1783734474
|gametype|doubles
|player|p1|Riubyx|101|
|player|p2|hydreigon_chelas|iris-gen5bw2|
|gen|9
|tier|[Gen 9 Champions] VGC 2026 Reg M-B (Bo3)
|rule|Species Clause: Limit one of each Pokémon
|rule|Item Clause: Limit 1 of each item
|clearpoke
|poke|p1|Raichu, L50, F|
|poke|p1|Pelipper, L50, F|
|poke|p1|Archaludon, L50, F|
|poke|p1|Swampert, L50, M|
|poke|p1|Sinistcha, L50|
|poke|p1|Basculegion, L50, M|
|poke|p2|Gengar, L50, M|
|poke|p2|Politoed, L50, M|
|poke|p2|Incineroar, L50, F|
|poke|p2|Swampert, L50, M|
|poke|p2|Archaludon, L50, F|
|poke|p2|Vivillon-Monsoon, L50, M|
|teampreview|4
|showteam|p1|Raichu||RaichuniteY|LightningRod|ZapCannon,FakeOut,VoltSwitch,FocusBlast|Timid||F|||50|]Pelipper||FocusSash|Drizzle|WeatherBall,Tailwind,Hurricane,IceBeam|Modest||F|||50|]Archaludon||Leftovers|Stamina|ElectroShot,DragonPulse,Protect,FlashCannon|Modest||F|||50|]Swampert||Swampertite|Torrent|Earthquake,WaveCrash,Protect,IcePunch|Adamant||M|||50|]Sinistcha||SitrusBerry|Hospitality|Protect,RagePowder,MatchaGotcha,LifeDew|Calm|||||50|]Basculegion||LifeOrb|SwiftSwim|AquaJet,LastRespects,WaveCrash,Protect|Adamant||M|||50|
|showteam|p2|Gengar||Gengarite|CursedBody|ShadowBall,SludgeBomb,PerishSong,Protect|Timid||M|||50|]Politoed||SitrusBerry|Drizzle|WeatherBall,PerishSong,Encore,Protect|Calm||M|||50|]Incineroar||PasshoBerry|Intimidate|ThroatChop,PartingShot,FakeOut,Protect|Careful||F|||50|]Swampert||Swampertite|Torrent|WaveCrash,Earthquake,IcePunch,Protect|Adamant||M|||50|]Archaludon||Leftovers|Stamina|ElectroShot,DragonPulse,FlashCannon,Protect|Calm||F|||50|]Vivillon-Monsoon||FocusSash|CompoundEyes|Hurricane,RagePowder,SleepPowder,Protect|Timid||M|||50|
|c|☆hydreigon_chelas|buvna suerte
|c|☆Riubyx|glhf
|inactive|Battle timer is ON: inactive players will automatically lose when time's up. (requested by Riubyx)
|
|t:|1783734520
|teamsize|p1|4
|teamsize|p2|4
|start
|switch|p1a: Raichu|Raichu, L50, F|100/100
|switch|p1b: Sinistcha|Sinistcha, L50|100/100
|switch|p2a: Vivillon|Vivillon-Monsoon, L50, M|100/100
|switch|p2b: Archaludon|Archaludon, L50, F|100/100
|turn|1
|inactive|Riubyx has 30 seconds left.
|
|t:|1783734546
|detailschange|p1a: Raichu|Raichu-Mega-Y, L50, F
|-mega|p1a: Raichu|Raichu|Raichunite Y
|move|p1b: Sinistcha|Rage Powder|p1b: Sinistcha
|-singleturn|p1b: Sinistcha|move: Rage Powder
|move|p1a: Raichu|Focus Blast|p2b: Archaludon
|-supereffective|p2b: Archaludon|1
|-damage|p2b: Archaludon|5/100
|-ability|p2b: Archaludon|Stamina|boost
|-boost|p2b: Archaludon|def|1
|move|p2a: Vivillon|Hurricane|p1b: Sinistcha|[miss]
|-miss|p2a: Vivillon|p1b: Sinistcha
|move|p2b: Archaludon|Dragon Pulse|p1b: Sinistcha
|-damage|p1b: Sinistcha|64/100
|
|-heal|p2b: Archaludon|11/100|[from] item: Leftovers
|upkeep
|turn|2
|inactive|hydreigon_chelas has 30 seconds left.
|
|t:|1783734575
|move|p2b: Archaludon|Protect|p2b: Archaludon
|-singleturn|p2b: Archaludon|Protect
|move|p1a: Raichu|Zap Cannon|p2a: Vivillon
|-supereffective|p2a: Vivillon|1
|-enditem|p2a: Vivillon|Focus Sash
|-damage|p2a: Vivillon|1/100
|-status|p2a: Vivillon|par
|move|p1b: Sinistcha|Matcha Gotcha|p2a: Vivillon|[spread] p2a
|-activate|p2b: Archaludon|move: Protect
|-resisted|p2a: Vivillon|2
|-damage|p2a: Vivillon|0 fnt
|-heal|p1b: Sinistcha|65/100|[from] drain|[of] p2a: Vivillon
|faint|p2a: Vivillon
|
|-heal|p2b: Archaludon|17/100|[from] item: Leftovers
|upkeep
|
|t:|1783734585
|switch|p2a: Gengar|Gengar, L50, M|100/100
|turn|3
|
|t:|1783734597
|detailschange|p2a: Gengar|Gengar-Mega, L50, M
|-mega|p2a: Gengar|Gengar|Gengarite
|move|p2a: Gengar|Shadow Ball|p1b: Sinistcha
|-supereffective|p1b: Sinistcha|1
|-damage|p1b: Sinistcha|0 fnt
|faint|p1b: Sinistcha
|move|p1a: Raichu|Zap Cannon|p2a: Gengar
|-damage|p2a: Gengar|17/100
|-status|p2a: Gengar|par
|move|p2b: Archaludon|Dragon Pulse|p1a: Raichu
|-damage|p1a: Raichu|42/100
|
|-heal|p2b: Archaludon|23/100|[from] item: Leftovers
|upkeep
|
|t:|1783734611
|switch|p1b: Archaludon|Archaludon, L50, F|100/100
|turn|4
|
|t:|1783734627
|move|p1a: Raichu|Focus Blast|p2b: Archaludon
|-supereffective|p2b: Archaludon|1
|-crit|p2b: Archaludon
|-damage|p2b: Archaludon|0 fnt
|faint|p2b: Archaludon
|move|p1b: Archaludon|Dragon Pulse|p2a: Gengar
|-damage|p2a: Gengar|0 fnt
|faint|p2a: Gengar
|
|upkeep
|
|t:|1783734634
|switch|p2a: Politoed|Politoed, L50, M|100/100
|-weather|RainDance|[from] ability: Drizzle|[of] p2a: Politoed
|turn|5
|
|t:|1783734658
|move|p2a: Politoed|Protect|p2a: Politoed
|-singleturn|p2a: Politoed|Protect
|move|p1a: Raichu|Zap Cannon|p2a: Politoed
|-activate|p2a: Politoed|move: Protect
|move|p1b: Archaludon|Electro Shot||[still]
|-prepare|p1b: Archaludon|Electro Shot
|-boost|p1b: Archaludon|spa|1
|-anim|p1b: Archaludon|Electro Shot|p2a: Politoed
|-activate|p2a: Politoed|move: Protect
|
|-weather|RainDance|[upkeep]
|upkeep
|turn|6
|inactive|hydreigon_chelas has 30 seconds left.
|inactive|hydreigon_chelas has 20 seconds left.
|
|t:|1783734694
|move|p2a: Politoed|Protect|p2a: Politoed
|-singleturn|p2a: Politoed|Protect
|move|p1a: Raichu|Zap Cannon|p2a: Politoed
|-activate|p2a: Politoed|move: Protect
|move|p1b: Archaludon|Electro Shot||[still]
|-prepare|p1b: Archaludon|Electro Shot
|-boost|p1b: Archaludon|spa|1
|-anim|p1b: Archaludon|Electro Shot|p2a: Politoed
|-activate|p2a: Politoed|move: Protect
|
|-weather|RainDance|[upkeep]
|upkeep
|turn|7
|
|t:|1783734706
|move|p2a: Politoed|Protect||[still]
|-fail|p2a: Politoed
|move|p1a: Raichu|Zap Cannon|p2a: Politoed
|-supereffective|p2a: Politoed|1
|-damage|p2a: Politoed|0 fnt
|faint|p2a: Politoed
|
|win|Riubyx
||Riubyx is ready for game 2.
||hydreigon_chelas is ready for game 2.
|uhtml|next|Next: Game 2 of 3
