|j|☆randomguy1114s
|j|☆sbhaga34
|html|randomguy1114ssbhaga34    
|uhtml|bestof|Game 2 of a best-of-3
|t:|1756857431
|gametype|doubles
|player|p1|randomguy1114s|lillie-masters|1198
|player|p2|sbhaga34|hugh|1109
|gen|9
|tier|[Gen 9] VGC 2025 Reg H (Bo3)
|rated|
|rule|Species Clause: Limit one of each Pokémon
|rule|Item Clause: Limit 1 of each item
|clearpoke
|poke|p1|Garchomp, L50, M|
|poke|p1|Kingambit, L50, F|
|poke|p1|Sneasler, L50, F|
|poke|p1|Talonflame, L50, M|
|poke|p1|Primarina, L50, M|
|poke|p1|Sinistcha, L50|
|poke|p2|Indeedee-F, L50, F|
|poke|p2|Hydreigon, L50, F|
|poke|p2|Tyranitar, L50, M|
|poke|p2|Excadrill, L50, M|
|poke|p2|Gardevoir, L50, F|
|poke|p2|Incineroar, L50, F|
|teampreview|4
|showteam|p1|Garchomp||LifeOrb|RoughSkin|Earthquake,DragonClaw,StompingTantrum,Protect|||M|||50|,,,,,Steel]Kingambit||SafetyGoggles|Defiant|SuckerPunch,SwordsDance,KowtowCleave,Protect|||F|||50|,,,,,Dark]Sneasler||FocusSash|Unburden|CloseCombat,DireClaw,FakeOut,Protect|||F|||50|,,,,,Stellar]Talonflame||ClearAmulet|GaleWings|DualWingbeat,Tailwind,Uturn,Protect|||M|||50|,,,,,Ghost]Primarina||ThroatSpray|LiquidVoice|Haze,HyperVoice,Moonblast,Protect|||M|||50|,,,,,Poison]Sinistcha||MentalHerb|Hospitality|RagePowder,TrickRoom,MatchaGotcha,Protect||||||50|,,,,,Water
|showteam|p2|Indeedee-F||SafetyGoggles|PsychicSurge|FollowMe,TrickRoom,Imprison,Psychic|||F|||50|,,,,,Fairy]Hydreigon||CovertCloak|Levitate|DracoMeteor,HeatWave,Tailwind,Taunt|||F|||50|,,,,,Fire]Tyranitar||WeaknessPolicy|SandStream|RockSlide,KnockOff,LowKick,Protect|||M|||50|,,,,,Flying]Excadrill||FocusSash|SandRush|Earthquake,IronHead,SwordsDance,Protect|||M|||50|,,,,,Ground]Gardevoir||ChoiceScarf|Telepathy|ExpandingForce,DazzlingGleam,Moonblast,IcyWind|||F|||50|,,,,,Psychic]Incineroar||RockyHelmet|Intimidate|FakeOut,FlareBlitz,WillOWisp,PartingShot|||F|||50|,,,,,Grass
|
|t:|1756857458
|teamsize|p1|4
|teamsize|p2|4
|start
|switch|p1a: Kingambit|Kingambit, L50, F, shiny|100/100
|switch|p1b: Sinistcha|Sinistcha, L50, shiny|100/100
|switch|p2a: Hydreigon|Hydreigon, L50, F|100/100
|switch|p2b: Tyranitar|Tyranitar, L50, M|100/100
|-weather|Sandstorm|[from] ability: Sand Stream|[of] p2b: Tyranitar
|turn|1
|
|t:|1756857484
|move|p1a: Kingambit|Protect|p1a: Kingambit
|-singleturn|p1a: Kingambit|Protect
|move|p2a: Hydreigon|Taunt|p1b: Sinistcha
|-start|p1b: Sinistcha|move: Taunt
|-enditem|p1b: Sinistcha|Mental Herb
|-end|p1b: Sinistcha|move: Taunt
|move|p2b: Tyranitar|Low Kick|p1a: Kingambit
|-activate|p1a: Kingambit|move: Protect
|move|p1b: Sinistcha|Trick Room|p1b: Sinistcha
|-fieldstart|move: Trick Room|[of] p1b: Sinistcha
|
|-weather|Sandstorm|[upkeep]
|-damage|p1b: Sinistcha|95/100|[from] Sandstorm
|-damage|p2a: Hydreigon|95/100|[from] Sandstorm
|upkeep
|turn|2
|
|t:|1756857510
|move|p1b: Sinistcha|Rage Powder|p1b: Sinistcha
|-singleturn|p1b: Sinistcha|move: Rage Powder
|move|p1a: Kingambit|Swords Dance|p1a: Kingambit
|-boost|p1a: Kingambit|atk|2
|move|p2b: Tyranitar|Rock Slide|p1b: Sinistcha|[spread] p1a,p1b
|-resisted|p1a: Kingambit
|-damage|p1a: Kingambit|89/100
|-damage|p1b: Sinistcha|68/100
|move|p2a: Hydreigon|Heat Wave|p1b: Sinistcha|[spread] p1a,p1b
|-supereffective|p1a: Kingambit
|-supereffective|p1b: Sinistcha
|-damage|p1a: Kingambit|41/100
|-damage|p1b: Sinistcha|22/100
|
|-weather|Sandstorm|[upkeep]
|-damage|p1b: Sinistcha|16/100|[from] Sandstorm
|-damage|p2a: Hydreigon|89/100|[from] Sandstorm
|upkeep
|turn|3
|
|t:|1756857527
|-terastallize|p1a: Kingambit|Dark
|move|p1a: Kingambit|Kowtow Cleave|p2a: Hydreigon
|-resisted|p2a: Hydreigon
|-damage|p2a: Hydreigon|18/100
|move|p1b: Sinistcha|Matcha Gotcha|p2a: Hydreigon|[spread] p2a,p2b
|-resisted|p2a: Hydreigon
|-crit|p2a: Hydreigon
|-supereffective|p2b: Tyranitar
|-damage|p2a: Hydreigon|0 fnt
|-heal|p1b: Sinistcha|26/100|[from] drain|[of] p2a: Hydreigon
|-damage|p2b: Tyranitar|65/100
|-heal|p1b: Sinistcha|44/100|[from] drain|[of] p2b: Tyranitar
|-enditem|p2b: Tyranitar|Weakness Policy
|-boost|p2b: Tyranitar|atk|2|[from] item: Weakness Policy
|-boost|p2b: Tyranitar|spa|2|[from] item: Weakness Policy
|faint|p2a: Hydreigon
|move|p2b: Tyranitar|Rock Slide|p1a: Kingambit|[spread] p1a,p1b
|-damage|p1a: Kingambit|0 fnt
|-damage|p1b: Sinistcha|0 fnt
|faint|p1a: Kingambit
|faint|p1b: Sinistcha
|
|-weather|Sandstorm|[upkeep]
|upkeep
|
|t:|1756857548
|switch|p1a: Garchomp|Garchomp, L50, M, shiny|100/100
|switch|p1b: Sneasler|Sneasler, L50, F, shiny|100/100
|switch|p2a: Excadrill|Excadrill, L50, M, shiny|100/100
|turn|4
|
|t:|1756857572
|move|p2b: Tyranitar|Protect|p2b: Tyranitar
|-singleturn|p2b: Tyranitar|Protect
|move|p2a: Excadrill|Protect|p2a: Excadrill
|-singleturn|p2a: Excadrill|Protect
|move|p1b: Sneasler|Fake Out|p2a: Excadrill
|-activate|p2a: Excadrill|move: Protect
|move|p1a: Garchomp|Stomping Tantrum|p2a: Excadrill
|-activate|p2a: Excadrill|move: Protect
|
|-weather|Sandstorm|[upkeep]
|-damage|p1b: Sneasler|95/100|[from] Sandstorm
|upkeep
|turn|5
|
|t:|1756857590
|-terastallize|p2b: Tyranitar|Flying
|move|p1a: Garchomp|Protect|p1a: Garchomp
|-singleturn|p1a: Garchomp|Protect
|move|p1b: Sneasler|Protect|p1b: Sneasler
|-singleturn|p1b: Sneasler|Protect
|move|p2b: Tyranitar|Knock Off|p1a: Garchomp
|-activate|p1a: Garchomp|move: Protect
|move|p2a: Excadrill|Earthquake|p1a: Garchomp|[spread] 
|-activate|p1a: Garchomp|move: Protect
|-activate|p1b: Sneasler|move: Protect
|-immune|p2b: Tyranitar
|
|-weather|none
|-fieldend|move: Trick Room
|upkeep
|turn|6
|
|t:|1756857612
|switch|p2b: Gardevoir|Gardevoir, L50, F, shiny|100/100
|move|p2a: Excadrill|Protect|p2a: Excadrill
|-singleturn|p2a: Excadrill|Protect
|move|p1b: Sneasler|Dire Claw|p2b: Gardevoir
|-supereffective|p2b: Gardevoir
|-damage|p2b: Gardevoir|0 fnt
|faint|p2b: Gardevoir
|move|p1a: Garchomp|Dragon Claw|p2a: Excadrill
|-activate|p2a: Excadrill|move: Protect
|
|upkeep
|
|t:|1756857623
|switch|p2b: Tyranitar|Tyranitar, L50, M, tera:Flying|65/100
|-weather|Sandstorm|[from] ability: Sand Stream|[of] p2b: Tyranitar
|turn|7
|
|t:|1756857629
|move|p2a: Excadrill|Earthquake|p1a: Garchomp|[spread] p1a,p1b
|-immune|p2b: Tyranitar
|-supereffective|p1b: Sneasler
|-damage|p1a: Garchomp|53/100
|-damage|p1b: Sneasler|0 fnt
|faint|p1b: Sneasler
|move|p1a: Garchomp|Dragon Claw|p2b: Tyranitar
|-damage|p2b: Tyranitar|20/100
|-damage|p1a: Garchomp|43/100|[from] item: Life Orb
|move|p2b: Tyranitar|Knock Off|p1a: Garchomp
|-damage|p1a: Garchomp|0 fnt
|-damage|p2b: Tyranitar|8/100|[from] ability: Rough Skin|[of] p1a: Garchomp
|-enditem|p1a: Garchomp|Life Orb|[from] move: Knock Off|[of] p2b: Tyranitar
|faint|p1a: Garchomp
|
|win|sbhaga34
|raw|randomguy1114s's rating: 1198 → 1167(-31 for losing)
|raw|sbhaga34's rating: 1109 → 1140(+31 for winning)
