|j|☆ultraclaw1
|j|☆merebeher vgc
|html|ultraclaw1merebeher vgc    
|uhtml|bestof|Game 1 of a best-of-3
|t:|1783937795
|gametype|doubles
|player|p1|ultraclaw1|brycenman|1352
|player|p2|merebeher vgc|steven|1223
|gen|9
|tier|[Gen 9 Champions] VGC 2026 Reg M-B (Bo3)
|rated|
|rule|Species Clause: Limit one of each Pokémon
|rule|Item Clause: Limit 1 of each item
|clearpoke
|poke|p1|Maushold, L50|
|poke|p1|Kingambit, L50, F|
|poke|p1|Garchomp, L50, F|
|poke|p1|Basculegion, L50, M|
|poke|p1|Talonflame, L50, M|
|poke|p1|Floette-Eternal, L50, F|
|poke|p2|Floette-Eternal, L50, F|
|poke|p2|Garchomp, L50, M|
|poke|p2|Corviknight, L50, M|
|poke|p2|Incineroar, L50, F|
|poke|p2|Sinistcha, L50|
|poke|p2|Raichu, L50, M|
|teampreview|4
|showteam|p1|Maushold||FocusSash|FriendGuard|SuperFang,Feint,FollowMe,Protect|Timid|||||50|]Kingambit||ChopleBerry|Defiant|KowtowCleave,SuckerPunch,LowKick,IronHead|Adamant||F|||50|]Garchomp||LifeOrb|RoughSkin|RockSlide,Earthquake,DragonClaw,Protect|Jolly||F|||50|]Basculegion||MysticWater|Adaptability|WaveCrash,LastRespects,AquaJet,Protect|Adamant||M|||50|]Talonflame||SharpBeak|GaleWings|QuickGuard,DualWingbeat,Tailwind,Protect|Jolly||M|||50|]Floette-Eternal||Floettite|FlowerVeil|LightofRuin,Protect,Moonblast,DazzlingGleam|Modest||F|||50|
|showteam|p2|Floette-Eternal||Floettite|FlowerVeil|DazzlingGleam,DrainingKiss,CalmMind,Protect|Modest||F|||50|]Garchomp||LifeOrb|RoughSkin|DragonClaw,RockSlide,Earthquake,Protect|Jolly||M|||50|]Corviknight||Leftovers|MirrorArmor|BraveBird,BodyPress,IronDefense,Tailwind|Impish||M|||50|]Incineroar||ShucaBerry|Intimidate|FakeOut,FlareBlitz,DarkestLariat,PartingShot|Impish||F|||50|]Sinistcha||SitrusBerry|Hospitality|MatchaGotcha,RagePowder,LifeDew,Protect|Relaxed|||||50|]Raichu||RaichuniteY|LightningRod|FakeOut,ZapCannon,FocusBlast,Protect|Timid||M|||50|
|inactive|Battle timer is ON: inactive players will automatically lose when time's up. (requested by ultraclaw1)
|c|☆ultraclaw1|glhf
|
|t:|1783937818
|teamsize|p1|4
|teamsize|p2|4
|start
|switch|p1a: Floette|Floette-Eternal, L50, F|100/100
|switch|p1b: Talonflame|Talonflame, L50, M|100/100
|switch|p2a: Corviknight|Corviknight, L50, M|100/100
|switch|p2b: Raichu|Raichu, L50, M|100/100
|turn|1
|inactive|merebeher vgc has 30 seconds left.
|
|t:|1783937848
|detailschange|p1a: Floette|Floette-Mega, L50, F
|-mega|p1a: Floette|Floette|Floettite
|-ability|p1a: Floette|Fairy Aura
|move|p1b: Talonflame|Quick Guard|p1b: Talonflame
|-singleturn|p1b: Talonflame|Quick Guard
|move|p2b: Raichu|Fake Out|p1b: Talonflame
|-activate|p1b: Talonflame|move: Quick Guard
|move|p1a: Floette|Moonblast|p2b: Raichu
|-damage|p2b: Raichu|0 fnt
|faint|p2b: Raichu
|move|p2a: Corviknight|Tailwind|p2a: Corviknight
|-sidestart|p2: merebeher vgc|move: Tailwind
|
|upkeep
|
|t:|1783937860
|switch|p2b: Incineroar|Incineroar, L50, F|100/100
|-ability|p2b: Incineroar|Intimidate|boost
|-unboost|p1a: Floette|atk|1
|-unboost|p1b: Talonflame|atk|1
|turn|2
|
|t:|1783937872
|move|p1b: Talonflame|Quick Guard|p1b: Talonflame
|-singleturn|p1b: Talonflame|Quick Guard
|move|p2a: Corviknight|Iron Defense|p2a: Corviknight
|-boost|p2a: Corviknight|def|2
|move|p2b: Incineroar|Flare Blitz|p1a: Floette
|-damage|p1a: Floette|35/100
|-damage|p2b: Incineroar|84/100|[from] Recoil
|move|p1a: Floette|Light of Ruin|p2a: Corviknight|[miss]
|-miss|p1a: Floette|p2a: Corviknight
|
|upkeep
|turn|3
|
|t:|1783937893
|move|p1b: Talonflame|Tailwind|p1b: Talonflame
|-sidestart|p1: ultraclaw1|move: Tailwind
|move|p1a: Floette|Light of Ruin|p2a: Corviknight
|-resisted|p2a: Corviknight|1
|-damage|p2a: Corviknight|41/100
|-damage|p1a: Floette|0 fnt|[from] Recoil
|faint|p1a: Floette
|move|p2a: Corviknight|Brave Bird|p1b: Talonflame
|-damage|p1b: Talonflame|45/100
|-damage|p2a: Corviknight|27/100|[from] Recoil
|move|p2b: Incineroar|Flare Blitz|p1b: Talonflame
|-resisted|p1b: Talonflame|1
|-damage|p1b: Talonflame|9/100
|-damage|p2b: Incineroar|75/100|[from] Recoil
|
|-heal|p2a: Corviknight|33/100|[from] item: Leftovers
|upkeep
|
|t:|1783937898
|switch|p1a: Basculegion|Basculegion, L50, M|100/100
|turn|4
|
|t:|1783937911
|switch|p1b: Garchomp|Garchomp, L50, F|100/100
|switch|p2b: Sinistcha|Sinistcha, L50|100/100
|-heal|p2a: Corviknight|58/100|[from] ability: Hospitality|[of] p2b: Sinistcha
|move|p1a: Basculegion|Wave Crash|p2b: Sinistcha
|-resisted|p2b: Sinistcha|1
|-damage|p2b: Sinistcha|65/100
|-damage|p1a: Basculegion|89/100|[from] Recoil
|move|p2a: Corviknight|Iron Defense|p2a: Corviknight
|-boost|p2a: Corviknight|def|2
|
|-heal|p2a: Corviknight|64/100|[from] item: Leftovers
|-sideend|p2: merebeher vgc|move: Tailwind
|upkeep
|turn|5
|
|t:|1783937927
|move|p1b: Garchomp|Rock Slide|p2a: Corviknight|[spread] p2a
|-miss|p1b: Garchomp|p2b: Sinistcha
|-damage|p2a: Corviknight|58/100
|-damage|p1b: Garchomp|90/100|[from] item: Life Orb
|move|p1a: Basculegion|Last Respects|p2b: Sinistcha
|-supereffective|p2b: Sinistcha|1
|-damage|p2b: Sinistcha|0 fnt
|faint|p2b: Sinistcha
|move|p2a: Corviknight|Iron Defense|p2a: Corviknight
|-boost|p2a: Corviknight|def|2
|
|-heal|p2a: Corviknight|64/100|[from] item: Leftovers
|upkeep
|
|t:|1783937934
|switch|p2b: Incineroar|Incineroar, L50, F|75/100
|-ability|p2b: Incineroar|Intimidate|boost
|-unboost|p1a: Basculegion|atk|1
|-unboost|p1b: Garchomp|atk|1
|turn|6
|
|t:|1783937944
|move|p1b: Garchomp|Rock Slide|p2a: Corviknight|[spread] p2a,p2b
|-supereffective|p2b: Incineroar|1
|-damage|p2a: Corviknight|61/100
|-damage|p2b: Incineroar|49/100
|-damage|p1b: Garchomp|80/100|[from] item: Life Orb
|move|p1a: Basculegion|Wave Crash|p2b: Incineroar
|-supereffective|p2b: Incineroar|1
|-damage|p2b: Incineroar|0 fnt
|faint|p2b: Incineroar
|-damage|p1a: Basculegion|73/100|[from] Recoil
|move|p2a: Corviknight|Body Press|p1b: Garchomp
|-damage|p1b: Garchomp|0 fnt
|-damage|p2a: Corviknight|49/100|[from] ability: Rough Skin|[of] p1b: Garchomp
|faint|p1b: Garchomp
|
|-heal|p2a: Corviknight|55/100|[from] item: Leftovers
|-sideend|p1: ultraclaw1|move: Tailwind
|upkeep
|
|t:|1783937953
|switch|p1b: Talonflame|Talonflame, L50, M|9/100
|turn|7
|
|t:|1783937957
|move|p1b: Talonflame|Dual Wingbeat|p2a: Corviknight
|-resisted|p2a: Corviknight|1
|-damage|p2a: Corviknight|53/100
|-resisted|p2a: Corviknight|1
|-damage|p2a: Corviknight|51/100
|-hitcount|p2a: Corviknight|2
|move|p1a: Basculegion|Last Respects|p2a: Corviknight
|-damage|p2a: Corviknight|40/100
|move|p2a: Corviknight|Body Press|p1b: Talonflame
|-resisted|p1b: Talonflame|1
|-damage|p1b: Talonflame|0 fnt
|faint|p1b: Talonflame
|
|-heal|p2a: Corviknight|45/100|[from] item: Leftovers
|upkeep
|turn|8
|
|t:|1783937960
|move|p1a: Basculegion|Last Respects|p2a: Corviknight
|-damage|p2a: Corviknight|31/100
|move|p2a: Corviknight|Brave Bird|p1a: Basculegion
|-damage|p1a: Basculegion|31/100
|-damage|p2a: Corviknight|18/100|[from] Recoil
|
|-heal|p2a: Corviknight|23/100|[from] item: Leftovers
|upkeep
|turn|9
|
|t:|1783937965
|move|p1a: Basculegion|Last Respects|p2a: Corviknight
|-damage|p2a: Corviknight|10/100
|move|p2a: Corviknight|Brave Bird|p1a: Basculegion
|-damage|p1a: Basculegion|0 fnt
|faint|p1a: Basculegion
|-damage|p2a: Corviknight|0 fnt|[from] Recoil
|faint|p2a: Corviknight
|
|win|merebeher vgc
||ultraclaw1 is ready for game 2.
|l|☆ultraclaw1
|player|p1|
||merebeher vgc is ready for game 2.
|uhtml|next|Next: Game 2 of 3
|l|☆merebeher vgc
|player|p2|
|j|☆ultraclaw1
|player|p1|ultraclaw1|brycenman|
