|j|☆gwbbambtaf
|j|☆ming0mang0
|html|gwbbambtafming0mang0    
|uhtml|bestof|Game 1 of a best-of-3
|t:|1756834902
|gametype|doubles
|player|p1|gwbbambtaf|infielder|1000
|player|p2|ming0mang0|harlequin|1033
|gen|9
|tier|[Gen 9] VGC 2025 Reg H (Bo3)
|rated|
|rule|Species Clause: Limit one of each Pokémon
|rule|Item Clause: Limit 1 of each item
|clearpoke
|poke|p1|Grimmsnarl, L50, M|
|poke|p1|Volcarona, L50, F|
|poke|p1|Amoonguss, L50, F|
|poke|p1|Rotom-Wash, L50|
|poke|p1|Excadrill, L50, F|
|poke|p1|Tyranitar, L50, M|
|poke|p2|Sneasler, L50, F|
|poke|p2|Indeedee, L50, M|
|poke|p2|Ursaluna-Bloodmoon, L50, M|
|poke|p2|Electabuzz, L50, M|
|poke|p2|Incineroar, L50, M|
|poke|p2|Talonflame, L50, M|
|teampreview|4
|showteam|p1|Grimmsnarl||LightClay|Prankster|SpiritBreak,Reflect,LightScreen,ThunderWave|||M|||50|,,,,,Poison]Volcarona||SafetyGoggles|FlameBody|HeatWave,Protect,GigaDrain,QuiverDance|||F|||50|,,,,,Water]Amoonguss||RockyHelmet|Regenerator|PollenPuff,Spore,ClearSmog,RagePowder|||F|||50|,,,,,Fairy]Rotom-Wash||ChoiceSpecs|Levitate|Thunderbolt,Trick,VoltSwitch,HydroPump||||||50|,,,,,Steel]Excadrill||ClearAmulet|SandRush|IronHead,Protect,SwordsDance,HighHorsepower|||F|||50|,,,,,Ghost]Tyranitar||AssaultVest|SandStream|RockSlide,LowKick,KnockOff,TeraBlast|||M|||50|,,,,,Flying
|showteam|p2|Sneasler||PsychicSeed|Unburden|CloseCombat,DireClaw,ThroatChop,Protect|||F|||50|,,,,,Dark]Indeedee||FocusSash|PsychicSurge|ExpandingForce,TrickRoom,HelpingHand,Protect|||M|||50|,,,,,Psychic]Ursaluna-Bloodmoon||LifeOrb|MindsEye|BloodMoon,HyperVoice,EarthPower,Protect|||M|||50|,,,,,Normal]Electabuzz||Eviolite|VitalSpirit|Electroweb,FollowMe,Taunt,Protect|||M|||50|,,,,,Dragon]Incineroar||SafetyGoggles|Intimidate|FlareBlitz,KnockOff,PartingShot,FakeOut|||M|||50|,,,,,Ghost]Talonflame||CovertCloak|GaleWings|FlareBlitz,DualWingbeat,WillOWisp,Tailwind|||M|||50|,,,,,Fairy
|inactive|Battle timer is ON: inactive players will automatically lose when time's up. (requested by gwbbambtaf)
|inactive|ming0mang0 has 60 seconds left.
|inactive|ming0mang0 has 30 seconds left.
|inactive|ming0mang0 has 20 seconds left.
|inactive|ming0mang0 has 15 seconds left.
|inactive|ming0mang0 has 10 seconds left.
|inactive|ming0mang0 has 5 seconds left.
|
|t:|1756835039
|teamsize|p1|4
|teamsize|p2|4
|start
|switch|p1a: Grimmsnarl|Grimmsnarl, L50, M|100/100
|switch|p1b: Tyranitar|Tyranitar, L50, M, shiny|100/100
|switch|p2a: Sneasler|Sneasler, L50, F|100/100
|switch|p2b: Indeedee|Indeedee, L50, M|100/100
|-fieldstart|move: Psychic Terrain|[from] ability: Psychic Surge|[of] p2b: Indeedee
|-enditem|p2a: Sneasler|Psychic Seed
|-boost|p2a: Sneasler|spd|1|[from] item: Psychic Seed
|-weather|Sandstorm|[from] ability: Sand Stream|[of] p1b: Tyranitar
|turn|1
|
|t:|1756835057
|switch|p2b: Ursaluna|Ursaluna-Bloodmoon, L50, M|100/100
|move|p2a: Sneasler|Protect|p2a: Sneasler
|-singleturn|p2a: Sneasler|Protect
|move|p1a: Grimmsnarl|Reflect|p1a: Grimmsnarl
|-sidestart|p1: gwbbambtaf|Reflect
|move|p1b: Tyranitar|Knock Off|p2b: Ursaluna
|-damage|p2b: Ursaluna|60/100
|-enditem|p2b: Ursaluna|Life Orb|[from] move: Knock Off|[of] p1b: Tyranitar
|
|-weather|Sandstorm|[upkeep]
|-damage|p2a: Sneasler|95/100|[from] Sandstorm
|-damage|p1a: Grimmsnarl|95/100|[from] Sandstorm
|upkeep
|turn|2
|inactive|gwbbambtaf has 30 seconds left.
|inactive|ming0mang0 has 30 seconds left.
|inactive|gwbbambtaf has 20 seconds left.
|inactive|ming0mang0 has 20 seconds left.
|inactive|ming0mang0 has 15 seconds left.
|inactive|ming0mang0 has 10 seconds left.
|
|t:|1756835106
|-terastallize|p1b: Tyranitar|Flying
|move|p1a: Grimmsnarl|Light Screen|p1a: Grimmsnarl
|-sidestart|p1: gwbbambtaf|move: Light Screen
|move|p2a: Sneasler|Dire Claw|p1a: Grimmsnarl
|-supereffective|p1a: Grimmsnarl
|-damage|p1a: Grimmsnarl|35/100
|move|p2b: Ursaluna|Hyper Voice|p1b: Tyranitar|[spread] p1a,p1b
|-crit|p1b: Tyranitar
|-damage|p1a: Grimmsnarl|12/100
|-damage|p1b: Tyranitar|67/100
|move|p1b: Tyranitar|Tera Blast|p2a: Sneasler|[anim] Tera Blast Flying
|-supereffective|p2a: Sneasler
|-damage|p2a: Sneasler|0 fnt
|faint|p2a: Sneasler
|
|-weather|Sandstorm|[upkeep]
|-damage|p1b: Tyranitar|61/100|[from] Sandstorm
|-damage|p1a: Grimmsnarl|6/100|[from] Sandstorm
|upkeep
|
|t:|1756835126
|switch|p2a: Electabuzz|Electabuzz, L50, M|100/100
|turn|3
|inactive|gwbbambtaf has 30 seconds left.
|inactive|ming0mang0 has 30 seconds left.
|
|t:|1756835160
|move|p2a: Electabuzz|Electroweb|p1b: Tyranitar|[spread] p1a,p1b
|-supereffective|p1b: Tyranitar
|-damage|p1a: Grimmsnarl|0 fnt
|-damage|p1b: Tyranitar|51/100
|-unboost|p1b: Tyranitar|spe|1
|faint|p1a: Grimmsnarl
|move|p2b: Ursaluna|Blood Moon|p1b: Tyranitar
|-damage|p1b: Tyranitar|18/100
|move|p1b: Tyranitar|Knock Off|p2a: Electabuzz
|-crit|p2a: Electabuzz
|-damage|p2a: Electabuzz|15/100
|-enditem|p2a: Electabuzz|Eviolite|[from] move: Knock Off|[of] p1b: Tyranitar
|
|-weather|Sandstorm|[upkeep]
|-damage|p2a: Electabuzz|9/100|[from] Sandstorm
|-damage|p1b: Tyranitar|12/100|[from] Sandstorm
|upkeep
|
|t:|1756835184
|switch|p1a: Excadrill|Excadrill, L50, F, shiny|100/100
|turn|4
|
|t:|1756835207
|move|p1a: Excadrill|Iron Head|p2a: Electabuzz
|-resisted|p2a: Electabuzz
|-crit|p2a: Electabuzz
|-damage|p2a: Electabuzz|0 fnt
|faint|p2a: Electabuzz
|move|p2b: Ursaluna|Earth Power|p1a: Excadrill
|-supereffective|p1a: Excadrill
|-damage|p1a: Excadrill|8/100
|move|p1b: Tyranitar|Low Kick|p2b: Ursaluna
|-supereffective|p2b: Ursaluna
|-damage|p2b: Ursaluna|0 fnt
|faint|p2b: Ursaluna
|
|-weather|Sandstorm|[upkeep]
|-damage|p1b: Tyranitar|6/100|[from] Sandstorm
|upkeep
|
|t:|1756835220
|switch|p2a: Indeedee|Indeedee, L50, M|100/100
|turn|5
|
|t:|1756835232
|move|p1a: Excadrill|Iron Head|p2a: Indeedee
|-damage|p2a: Indeedee|14/100
|move|p2a: Indeedee|Expanding Force|p1a: Excadrill|[spread] p1a,p1b
|-resisted|p1a: Excadrill
|-crit|p1b: Tyranitar
|-damage|p1a: Excadrill|0 fnt
|-damage|p1b: Tyranitar|0 fnt
|faint|p1a: Excadrill
|faint|p1b: Tyranitar
|
|-weather|none
|-fieldend|move: Psychic Terrain
|upkeep
|
|t:|1756835243
|switch|p1a: Rotom|Rotom-Wash, L50|100/100
|turn|6
|
|t:|1756835249
|-terastallize|p2a: Indeedee|Psychic
|move|p2a: Indeedee|Expanding Force|p1a: Rotom
|-damage|p1a: Rotom|59/100
|move|p1a: Rotom|Thunderbolt|p2a: Indeedee
|-damage|p2a: Indeedee|0 fnt
|faint|p2a: Indeedee
|
|win|gwbbambtaf
|inactive|gwbbambtaf has 30 seconds to confirm battle start!
|inactive|ming0mang0 has 30 seconds to confirm battle start!
||gwbbambtaf is ready for game 2.
|inactive|ming0mang0 has 20 seconds to confirm battle start!
|inactive|ming0mang0 has 10 seconds to confirm battle start!
||ming0mang0 is ready for game 2.
|uhtml|next|Next: Game 2 of 3
