|j|☆hexagonfoot
|j|☆DomDaBomb886
|html|hexagonfootDomDaBomb886    
|uhtml|bestof|Game 2 of a best-of-3
|t:|1756674134
|gametype|doubles
|player|p1|hexagonfoot|caitlin|1215
|player|p2|DomDaBomb886|170|1300
|gen|9
|tier|[Gen 9] VGC 2025 Reg H (Bo3)
|rated|
|rule|Species Clause: Limit one of each Pokémon
|rule|Item Clause: Limit 1 of each item
|clearpoke
|poke|p1|Kingambit, L50, M|
|poke|p1|Primarina, L50, M|
|poke|p1|Sneasler, L50, M|
|poke|p1|Magmar, L50, F|
|poke|p1|Rillaboom, L50, M|
|poke|p1|Dragapult, L50, M|
|poke|p2|Gholdengo, L50|
|poke|p2|Dragonite, L50, M|
|poke|p2|Ursaluna-Bloodmoon, L50, M|
|poke|p2|Incineroar, L50, M|
|poke|p2|Amoonguss, L50, M|
|poke|p2|Sneasler, L50, F|
|teampreview|4
|showteam|p1|Kingambit||BlackGlasses|Defiant|KowtowCleave,SuckerPunch,SwordsDance,Protect|||M|||50|,,,,,Ghost]Primarina||SitrusBerry|LiquidVoice|HyperVoice,Moonblast,Haze,Protect|||M|||50|,,,,,Water]Sneasler||FocusSash|PoisonTouch|CloseCombat,DireClaw,FakeOut,Protect|||M|||50|,,,,,Stellar]Magmar||Eviolite|VitalSpirit|Overheat,WillOWisp,FollowMe,Protect|||F|||50|,,,,,Ghost]Rillaboom||AssaultVest|GrassySurge|WoodHammer,GrassyGlide,HighHorsepower,FakeOut|||M|||50|,,,,,Fire]Dragapult||ChoiceBand|ClearBody|DragonDarts,PhantomForce,TeraBlast,Uturn|||M|||50|,,,,,Ghost
|showteam|p2|Gholdengo||LifeOrb|GoodasGold|Protect,MakeItRain,ShadowBall,NastyPlot||||||50|,,,,,Water]Dragonite||LoadedDice|Multiscale|Protect,ScaleShot,Tailwind,Haze|||M|||50|,,,,,Fairy]Ursaluna-Bloodmoon||AssaultVest|MindsEye|EarthPower,BloodMoon,HyperVoice,VacuumWave|||M|||50|,,,,,Ghost]Incineroar||SafetyGoggles|Intimidate|FlareBlitz,KnockOff,FakeOut,PartingShot|||M|||50|,,,,,Ghost]Amoonguss||SitrusBerry|Regenerator|Protect,PollenPuff,Spore,RagePowder|||M|||50|,,,,,Water]Sneasler||FocusSash|Unburden|Protect,CloseCombat,DireClaw,FakeOut|||F|||50|,,,,,Stellar
|inactive|Battle timer is ON: inactive players will automatically lose when time's up. (requested by DomDaBomb886)
|inactive|hexagonfoot has 60 seconds left.
|inactive|DomDaBomb886 has 60 seconds left.
|
|t:|1756674189
|teamsize|p1|4
|teamsize|p2|4
|start
|switch|p1a: Hampstead Heath|Rillaboom, L50, M|100/100
|switch|p1b: Headstone Lane|Dragapult, L50, M|100/100
|switch|p2a: Dragonite|Dragonite, L50, M|100/100
|switch|p2b: Incineroar|Incineroar, L50, M|100/100
|-fieldstart|move: Grassy Terrain|[from] ability: Grassy Surge|[of] p1a: Hampstead Heath
|-ability|p2b: Incineroar|Intimidate|boost
|-unboost|p1a: Hampstead Heath|atk|1
|-fail|p1b: Headstone Lane|unboost|[from] ability: Clear Body|[of] p1b: Headstone Lane
|turn|1
|
|t:|1756674210
|move|p2a: Dragonite|Protect|p2a: Dragonite
|-singleturn|p2a: Dragonite|Protect
|move|p1a: Hampstead Heath|Fake Out|p2b: Incineroar
|-damage|p2b: Incineroar|91/100
|move|p1b: Headstone Lane|U-turn|p2b: Incineroar
|-damage|p2b: Incineroar|58/100
|
|t:|1756674216
|switch|p1b: Canary Wharf|Primarina, L50, M|100/100|[from] U-turn
|cant|p2b: Incineroar|flinch
|
|-heal|p2b: Incineroar|64/100|[from] Grassy Terrain
|upkeep
|turn|2
|
|t:|1756674242
|-terastallize|p2a: Dragonite|Fairy
|move|p1a: Hampstead Heath|Grassy Glide|p2a: Dragonite
|-damage|p2a: Dragonite|87/100
|move|p2a: Dragonite|Tailwind|p2a: Dragonite
|-sidestart|p2: DomDaBomb886|move: Tailwind
|move|p2b: Incineroar|Parting Shot|p1b: Canary Wharf
|-unboost|p1b: Canary Wharf|atk|1
|-unboost|p1b: Canary Wharf|spa|1
|
|t:|1756674261
|switch|p2b: Sneasler|Sneasler, L50, F|100/100|[from] Parting Shot
|move|p1b: Canary Wharf|Moonblast|p2a: Dragonite
|-damage|p2a: Dragonite|57/100
|-unboost|p2a: Dragonite|spa|1
|
|-heal|p2a: Dragonite|63/100|[from] Grassy Terrain
|upkeep
|turn|3
|
|t:|1756674284
|-terastallize|p1a: Hampstead Heath|Fire
|move|p1b: Canary Wharf|Protect|p1b: Canary Wharf
|-singleturn|p1b: Canary Wharf|Protect
|move|p2b: Sneasler|Dire Claw|p1a: Hampstead Heath
|-damage|p1a: Hampstead Heath|58/100
|-status|p1a: Hampstead Heath|psn
|move|p2a: Dragonite|Scale Shot|p1a: Hampstead Heath
|-damage|p1a: Hampstead Heath|44/100 psn
|-damage|p1a: Hampstead Heath|30/100 psn
|-damage|p1a: Hampstead Heath|15/100 psn
|-damage|p1a: Hampstead Heath|2/100 psn
|-damage|p1a: Hampstead Heath|0 fnt
|faint|p1a: Hampstead Heath
|-hitcount|p1: Hampstead Heath|5
|-unboost|p2a: Dragonite|def|1
|-boost|p2a: Dragonite|spe|1
|
|-heal|p2a: Dragonite|68/100|[from] Grassy Terrain
|upkeep
|
|t:|1756674295
|switch|p1a: Syon Lane|Magmar, L50, F|100/100
|turn|4
|
|t:|1756674308
|move|p2a: Dragonite|Scale Shot|p1a: Syon Lane
|-damage|p1a: Syon Lane|88/100
|-damage|p1a: Syon Lane|77/100
|-damage|p1a: Syon Lane|66/100
|-damage|p1a: Syon Lane|55/100
|-hitcount|p1a: Syon Lane|4
|-unboost|p2a: Dragonite|def|1
|-boost|p2a: Dragonite|spe|1
|move|p2b: Sneasler|Close Combat|p1a: Syon Lane
|-damage|p1a: Syon Lane|5/100
|-unboost|p2b: Sneasler|def|1
|-unboost|p2b: Sneasler|spd|1
|move|p1a: Syon Lane|Will-O-Wisp|p2b: Sneasler
|-status|p2b: Sneasler|brn
|move|p1b: Canary Wharf|Hyper Voice|p2b: Sneasler|[spread] p2a,p2b
|-crit|p2a: Dragonite
|-damage|p2a: Dragonite|17/100
|-damage|p2b: Sneasler|58/100 brn
|
|-heal|p2a: Dragonite|22/100|[from] Grassy Terrain
|-heal|p2b: Sneasler|64/100 brn|[from] Grassy Terrain
|-heal|p1a: Syon Lane|10/100|[from] Grassy Terrain
|-damage|p2b: Sneasler|58/100 brn|[from] brn
|upkeep
|turn|5
|
|t:|1756674331
|move|p2a: Dragonite|Protect|p2a: Dragonite
|-singleturn|p2a: Dragonite|Protect
|move|p1a: Syon Lane|Follow Me|p1a: Syon Lane
|-singleturn|p1a: Syon Lane|move: Follow Me
|move|p2b: Sneasler|Close Combat|p1a: Syon Lane
|-damage|p1a: Syon Lane|0 fnt
|-unboost|p2b: Sneasler|def|1
|-unboost|p2b: Sneasler|spd|1
|faint|p1a: Syon Lane
|move|p1b: Canary Wharf|Hyper Voice|p2a: Dragonite|[spread] p2b
|-activate|p2a: Dragonite|move: Protect
|-damage|p2b: Sneasler|2/100 brn
|
|-heal|p2a: Dragonite|28/100|[from] Grassy Terrain
|-heal|p2b: Sneasler|8/100 brn|[from] Grassy Terrain
|-damage|p2b: Sneasler|2/100 brn|[from] brn
|-sideend|p2: DomDaBomb886|move: Tailwind
|-fieldend|move: Grassy Terrain
|upkeep
|
|t:|1756674336
|switch|p1a: Headstone Lane|Dragapult, L50, M|100/100
|turn|6
|
|t:|1756674359
|move|p2a: Dragonite|Tailwind|p2a: Dragonite
|-sidestart|p2: DomDaBomb886|move: Tailwind
|move|p2b: Sneasler|Dire Claw|p1b: Canary Wharf
|-supereffective|p1b: Canary Wharf
|-damage|p1b: Canary Wharf|56/100
|move|p1a: Headstone Lane|Dragon Darts|p2b: Sneasler
|-damage|p2b: Sneasler|0 fnt
|faint|p2b: Sneasler
|move|p1b: Canary Wharf|Hyper Voice|p2a: Dragonite
|-damage|p2a: Dragonite|0 fnt
|faint|p2a: Dragonite
|
|upkeep
|
|t:|1756674372
|switch|p2b: Ursaluna|Ursaluna-Bloodmoon, L50, M|100/100
|switch|p2a: Incineroar|Incineroar, L50, M|64/100
|-ability|p2a: Incineroar|Intimidate|boost
|-fail|p1a: Headstone Lane|unboost|[from] ability: Clear Body|[of] p1a: Headstone Lane
|-unboost|p1b: Canary Wharf|atk|1
|turn|7
|
|t:|1756674381
|move|p2a: Incineroar|Fake Out|p1b: Canary Wharf
|-damage|p1b: Canary Wharf|45/100
|-enditem|p1b: Canary Wharf|Sitrus Berry|[eat]
|-heal|p1b: Canary Wharf|70/100|[from] item: Sitrus Berry
|move|p1a: Headstone Lane|Dragon Darts|p2b: Ursaluna
|-damage|p2b: Ursaluna|73/100
|-anim|p1a: Headstone Lane|Dragon Darts|p2a: Incineroar
|-damage|p2a: Incineroar|31/100
|move|p2b: Ursaluna|Blood Moon|p1a: Headstone Lane
|-damage|p1a: Headstone Lane|0 fnt
|faint|p1a: Headstone Lane
|cant|p1b: Canary Wharf|flinch
|
|upkeep
|turn|8
|
|t:|1756674403
|move|p2b: Ursaluna|Earth Power|p1b: Canary Wharf
|-damage|p1b: Canary Wharf|29/100
|move|p2a: Incineroar|Parting Shot|p1b: Canary Wharf
|-unboost|p1b: Canary Wharf|atk|1
|-unboost|p1b: Canary Wharf|spa|1
|move|p1b: Canary Wharf|Hyper Voice|p2a: Incineroar|[spread] p2a,p2b
|-supereffective|p2a: Incineroar
|-supereffective|p2b: Ursaluna
|-damage|p2a: Incineroar|7/100
|-damage|p2b: Ursaluna|50/100
|
|upkeep
|turn|9
|
|t:|1756674414
|move|p1b: Canary Wharf|Protect|p1b: Canary Wharf
|-singleturn|p1b: Canary Wharf|Protect
|move|p2b: Ursaluna|Blood Moon|p1b: Canary Wharf
|-activate|p1b: Canary Wharf|move: Protect
|move|p2a: Incineroar|Flare Blitz|p1b: Canary Wharf
|-activate|p1b: Canary Wharf|move: Protect
|
|-sideend|p2: DomDaBomb886|move: Tailwind
|upkeep
|turn|10
|
|t:|1756674428
|move|p2b: Ursaluna|Earth Power|p1b: Canary Wharf
|-damage|p1b: Canary Wharf|0 fnt
|faint|p1b: Canary Wharf
|
|win|DomDaBomb886
|raw|hexagonfoot's rating: 1215 → 1196(-19 for losing)
|raw|DomDaBomb886's rating: 1300 → 1319(+19 for winning)
