|j|☆Plopy14
|j|☆dman12352
|html|Plopy14dman12352    
|uhtml|bestof|Game 3 of a best-of-3
|t:|1785455644
|gametype|doubles
|player|p1|Plopy14|bugcatcher|
|player|p2|dman12352|265|
|gen|9
|tier|[Gen 9 Champions] VGC 2026 Reg M-B (Bo3)
|rule|Species Clause: Limit one of each Pokémon
|rule|Item Clause: Limit 1 of each item
|clearpoke
|poke|p1|Toxapex, L50, F|
|poke|p1|Annihilape, L50, M|
|poke|p1|Incineroar, L50, F|
|poke|p1|Garchomp, L50, M|
|poke|p1|Venusaur, L50, F|
|poke|p1|Charizard, L50, M|
|poke|p2|Ampharos, L50, F, shiny|
|poke|p2|Kingambit, L50, M, shiny|
|poke|p2|Sinistcha, L50, shiny|
|poke|p2|Farigiraf, L50, F, shiny|
|poke|p2|Incineroar, L50, F, shiny|
|poke|p2|Garchomp, L50, M, shiny|
|teampreview|4
|showteam|p1|Toxapex||Leftovers|Regenerator|WideGuard,Infestation,Toxic,BanefulBunker|Bold||F|||50|]Annihilape||FocusSash|Defiant|PhantomForce,CloseCombat,RockTomb,Protect|Jolly||M|||50|]Incineroar||SitrusBerry|Intimidate|FlareBlitz,DarkestLariat,FakeOut,PartingShot|Careful||F|||50|]Garchomp||ChoiceScarf|RoughSkin|StompingTantrum,DragonClaw,RockSlide,Earthquake|Jolly||M|||50|]Venusaur||LifeOrb|Chlorophyll|SludgeBomb,SolarBeam,EarthPower,Protect|Modest||F|||50|]Charizard||CharizarditeY|Blaze|HeatWave,WeatherBall,HelpingHand,Protect|Modest||M|||50|
|showteam|p2|Ampharos||Ampharosite|Static|Thunderbolt,Protect,DragonPulse,FocusBlast|Serious||F|||50|]Kingambit||BlackGlasses|Defiant|Protect,IronHead,SuckerPunch,KowtowCleave|Adamant||M|||50|]Sinistcha||BrightPowder|Hospitality|RagePowder,MatchaGotcha,Protect,TrickRoom|Serious|||||50|]Farigiraf||ColburBerry|ArmorTail|TrickRoom,HelpingHand,FoulPlay,Psychic|Bold||F|||50|]Incineroar||SitrusBerry|Intimidate|DarkestLariat,FlareBlitz,FakeOut,PartingShot|Adamant||F|||50|]Garchomp||RoseliBerry|RoughSkin|Earthquake,DragonClaw,RockSlide,PoisonJab|Jolly||M|||50|
|inactive|Battle timer is ON: inactive players will automatically lose when time's up. (requested by dman12352)
|j| Tindall64
|
|t:|1785455666
|teamsize|p1|4
|teamsize|p2|4
|start
|switch|p1a: Incineroar|Incineroar, L50, F|100/100
|switch|p1b: Charizard|Charizard, L50, M|100/100
|switch|p2a: Sinistcha|Sinistcha, L50, shiny|100/100
|switch|p2b: Farigiraf|Farigiraf, L50, F, shiny|100/100
|-ability|p1a: Incineroar|Intimidate|boost
|-unboost|p2a: Sinistcha|atk|1
|-unboost|p2b: Farigiraf|atk|1
|turn|1
|inactive|dman12352 has 30 seconds left.
|
|t:|1785455699
|detailschange|p1b: Charizard|Charizard-Mega-Y, L50, M
|-mega|p1b: Charizard|Charizard|Charizardite Y
|-weather|SunnyDay|[from] ability: Drought|[of] p1b: Charizard
|move|p2a: Sinistcha|Protect|p2a: Sinistcha
|-singleturn|p2a: Sinistcha|Protect
|move|p1b: Charizard|Heat Wave|p2a: Sinistcha|[spread] p2b
|-activate|p2a: Sinistcha|move: Protect
|-damage|p2b: Farigiraf|44/100
|move|p1a: Incineroar|Flare Blitz|p2b: Farigiraf
|-damage|p2b: Farigiraf|0 fnt
|faint|p2b: Farigiraf
|-damage|p1a: Incineroar|83/100|[from] Recoil
|
|-weather|SunnyDay|[upkeep]
|upkeep
|
|t:|1785455709
|switch|p2b: Ampharos|Ampharos, L50, F, shiny|100/100
|turn|2
|
|t:|1785455715
|switch|p2a: Kingambit|Kingambit, L50, M, shiny|100/100
|detailschange|p2b: Ampharos|Ampharos-Mega, L50, F, shiny
|-mega|p2b: Ampharos|Ampharos|Ampharosite
|-ability|p2b: Ampharos|Mold Breaker
|move|p1b: Charizard|Weather Ball|p2a: Kingambit
|-supereffective|p2a: Kingambit|1
|-damage|p2a: Kingambit|0 fnt
|faint|p2a: Kingambit
|move|p1a: Incineroar|Parting Shot|p2b: Ampharos
|-unboost|p2b: Ampharos|atk|1
|-unboost|p2b: Ampharos|spa|1
|
|t:|1785455725
|switch|p1a: Garchomp|Garchomp, L50, M|100/100|[from] Parting Shot
|move|p2b: Ampharos|Thunderbolt|p1b: Charizard
|-supereffective|p1b: Charizard|1
|-damage|p1b: Charizard|32/100
|
|-weather|SunnyDay|[upkeep]
|upkeep
|
|t:|1785455730
|switch|p2a: Sinistcha|Sinistcha, L50, shiny|100/100
|turn|3
|
|t:|1785455741
|move|p2a: Sinistcha|Protect|p2a: Sinistcha
|-singleturn|p2a: Sinistcha|Protect
|move|p1a: Garchomp|Earthquake|p2a: Sinistcha|[spread] p2b
|-activate|p2a: Sinistcha|move: Protect
|-immune|p1b: Charizard
|-supereffective|p2b: Ampharos|1
|-damage|p2b: Ampharos|36/100
|move|p1b: Charizard|Weather Ball|p2a: Sinistcha
|-activate|p2a: Sinistcha|move: Protect
|move|p2b: Ampharos|Dragon Pulse|p1a: Garchomp
|-supereffective|p1a: Garchomp|1
|-damage|p1a: Garchomp|24/100
|
|-weather|SunnyDay|[upkeep]
|upkeep
|turn|4
|
|t:|1785455762
|move|p2b: Ampharos|Protect|p2b: Ampharos
|-singleturn|p2b: Ampharos|Protect
|move|p1a: Garchomp|Earthquake|p2a: Sinistcha|[spread] p2a
|-activate|p2b: Ampharos|move: Protect
|-immune|p1b: Charizard
|-resisted|p2a: Sinistcha|1
|-damage|p2a: Sinistcha|83/100
|move|p1b: Charizard|Weather Ball|p2a: Sinistcha
|-supereffective|p2a: Sinistcha|1
|-damage|p2a: Sinistcha|0 fnt
|faint|p2a: Sinistcha
|
|-weather|SunnyDay|[upkeep]
|upkeep
|turn|5
|-message|dman12352 forfeited.
|
|win|Plopy14
