|j|☆Harmony6
|j|☆KamalaTheGiant
|html|Harmony6KamalaTheGiant    
|uhtml|bestof|Game 2 of a best-of-3
|t:|1784605317
|gametype|doubles
|player|p1|Harmony6|beauty-gen4dp|
|player|p2|KamalaTheGiant|265|
|gen|9
|tier|[Gen 9 Champions] VGC 2026 Reg M-B (Bo3)
|rule|Species Clause: Limit one of each Pokémon
|rule|Item Clause: Limit 1 of each item
|clearpoke
|poke|p1|Tyranitar, L50, F|
|poke|p1|Excadrill, L50, F|
|poke|p1|Ninetales-Alola, L50, F|
|poke|p1|Talonflame, L50, F|
|poke|p1|Flareon, L50, F|
|poke|p1|Lucario, L50, F|
|poke|p2|Aggron, L50, M, shiny|
|poke|p2|Corviknight, L50, F, shiny|
|poke|p2|Farigiraf, L50, M, shiny|
|poke|p2|Hatterene, L50, F, shiny|
|poke|p2|Torkoal, L50, F, shiny|
|poke|p2|Camerupt, L50, M, shiny|
|teampreview|4
|showteam|p1|Tyranitar||Tyranitarite|SandStream|Protect,DragonDance,RockSlide,KnockOff|Jolly||F|||50|]Excadrill||Excadrite|SandRush|HighHorsepower,RockSlide,SwordsDance,Protect|Jolly||F|||50|]Ninetales-Alola||LightClay|SnowWarning|AuroraVeil,Blizzard,WeatherBall,Encore|Timid||F|||50|]Talonflame||ChartiBerry|GaleWings|Tailwind,BraveBird,FlareBlitz,Protect|Jolly||F|||50|]Flareon||SitrusBerry|FlashFire|HelpingHand,FlareBlitz,WillOWisp,Protect|Impish||F|||50|]Lucario||Lucarionite|InnerFocus|CloseCombat,Protect,BulletPunch,MeteorMash|Jolly||F|||50|
|showteam|p2|Aggron||Aggronite|Sturdy|Earthquake,IronHead,Protect,RockSlide|Adamant||M|||50|]Corviknight||Leftovers|MirrorArmor|IronDefense,BodyPress,IronHead,Roost|Impish||F|||50|]Farigiraf||FocusSash|ArmorTail|ShadowBall,Protect,TrickRoom,Psychic|Sassy||M|||50|]Hatterene||ShellBell|MagicBounce|DazzlingGleam,TrickRoom,ShadowBall,Psychic|Quiet||F|||50|]Torkoal||SitrusBerry|Drought|Eruption,AncientPower,SolarBeam,Protect|Quiet||F|||50|]Camerupt||Cameruptite|SolidRock|Eruption,Earthquake,RockSlide,Protect|Quiet||M|||50|
|j| megamon20xx
|
|t:|1784605372
|teamsize|p1|4
|teamsize|p2|4
|start
|switch|p1a: Excadrill|Excadrill, L50, F|100/100
|switch|p1b: Flareon|Flareon, L50, F|100/100
|switch|p2a: Torkoal|Torkoal, L50, F, shiny|100/100
|switch|p2b: Corviknight|Corviknight, L50, F, shiny|100/100
|-weather|SunnyDay|[from] ability: Drought|[of] p2a: Torkoal
|turn|1
|
|t:|1784605389
|move|p1a: Excadrill|Protect|p1a: Excadrill
|-singleturn|p1a: Excadrill|Protect
|move|p2b: Corviknight|Roost||[still]
|-fail|p2b: Corviknight|heal
|move|p1b: Flareon|Flare Blitz|p2b: Corviknight
|-supereffective|p2b: Corviknight|1
|-damage|p2b: Corviknight|0 fnt
|faint|p2b: Corviknight
|-damage|p1b: Flareon|66/100|[from] Recoil
|move|p2a: Torkoal|Ancient Power|p1b: Flareon
|-supereffective|p1b: Flareon|1
|-damage|p1b: Flareon|39/100
|-enditem|p1b: Flareon|Sitrus Berry|[eat]
|-heal|p1b: Flareon|64/100|[from] item: Sitrus Berry
|
|-weather|SunnyDay|[upkeep]
|upkeep
|
|t:|1784605406
|switch|p2b: Camerupt|Camerupt, L50, M, shiny|100/100
|turn|2
|
|t:|1784605455
|move|p1b: Flareon|Helping Hand|p1a: Excadrill
|-singleturn|p1a: Excadrill|Helping Hand|[of] p1b: Flareon
|move|p1a: Excadrill|Rock Slide|p2b: Camerupt|[spread] p2a,p2b
|-supereffective|p2a: Torkoal|1
|-damage|p2a: Torkoal|44/100
|-damage|p2b: Camerupt|49/100
|-enditem|p2a: Torkoal|Sitrus Berry|[eat]
|-heal|p2a: Torkoal|69/100|[from] item: Sitrus Berry
|cant|p2b: Camerupt|flinch
|move|p2a: Torkoal|Eruption|p1a: Excadrill|[spread] p1a
|-start|p1b: Flareon|ability: Flash Fire
|-supereffective|p1a: Excadrill|1
|-damage|p1a: Excadrill|0 fnt
|faint|p1a: Excadrill
|
|-weather|SunnyDay|[upkeep]
|upkeep
|
|t:|1784605470
|switch|p1a: Ninetales|Ninetales-Alola, L50, F|100/100
|-weather|Snowscape|[from] ability: Snow Warning|[of] p1a: Ninetales
|turn|3
|
|t:|1784605484
|detailschange|p2b: Camerupt|Camerupt-Mega, L50, M, shiny
|-mega|p2b: Camerupt|Camerupt|Cameruptite
|move|p1b: Flareon|Helping Hand|p1a: Ninetales
|-singleturn|p1a: Ninetales|Helping Hand|[of] p1b: Flareon
|move|p1a: Ninetales|Blizzard|p2a: Torkoal|[spread] p2a,p2b
|-resisted|p2a: Torkoal|1
|-damage|p2a: Torkoal|32/100
|-damage|p2b: Camerupt|0 fnt
|faint|p2b: Camerupt
|move|p2a: Torkoal|Ancient Power|p1b: Flareon
|-supereffective|p1b: Flareon|1
|-damage|p1b: Flareon|38/100
|
|-weather|Snowscape|[upkeep]
|upkeep
|
|t:|1784605497
|switch|p2b: Hatterene|Hatterene, L50, F, shiny|100/100
|turn|4
|
|t:|1784605509
|move|p1b: Flareon|Helping Hand|p1a: Ninetales
|-singleturn|p1a: Ninetales|Helping Hand|[of] p1b: Flareon
|move|p2a: Torkoal|Protect|p2a: Torkoal
|-singleturn|p2a: Torkoal|Protect
|move|p1a: Ninetales|Blizzard|p2b: Hatterene|[spread] p2b
|-activate|p2a: Torkoal|move: Protect
|-damage|p2b: Hatterene|37/100
|move|p2b: Hatterene|Trick Room|p2b: Hatterene
|-fieldstart|move: Trick Room|[of] p2b: Hatterene
|
|-weather|Snowscape|[upkeep]
|upkeep
|turn|5
|
|t:|1784605531
|move|p1b: Flareon|Helping Hand|p1a: Ninetales
|-singleturn|p1a: Ninetales|Helping Hand|[of] p1b: Flareon
|move|p2a: Torkoal|Protect|p2a: Torkoal
|-singleturn|p2a: Torkoal|Protect
|move|p2b: Hatterene|Shadow Ball|p1b: Flareon
|-damage|p1b: Flareon|13/100
|-heal|p2b: Hatterene|41/100|[from] item: Shell Bell|[of] p1b: Flareon
|move|p1a: Ninetales|Blizzard|p2a: Torkoal|[spread] p2b
|-activate|p2a: Torkoal|move: Protect
|-damage|p2b: Hatterene|0 fnt
|faint|p2b: Hatterene
|
|-weather|Snowscape|[upkeep]
|upkeep
|turn|6
|
|t:|1784605550
|move|p1b: Flareon|Helping Hand|p1a: Ninetales
|-singleturn|p1a: Ninetales|Helping Hand|[of] p1b: Flareon
|move|p2a: Torkoal|Protect||[still]
|-fail|p2a: Torkoal
|move|p1a: Ninetales|Blizzard|p2a: Torkoal
|-resisted|p2a: Torkoal|1
|-damage|p2a: Torkoal|0 fnt
|faint|p2a: Torkoal
|
|win|Harmony6
