|j|☆Ogercooked
|j|☆liamvgc1
|html|Ogercookedliamvgc1    
|uhtml|bestof|Game 3 of a best-of-3
|t:|1755969660
|gametype|doubles
|player|p1|Ogercooked|riley|1420
|player|p2|liamvgc1|red|1344
|gen|9
|tier|[Gen 9] VGC 2025 Reg H (Bo3)
|rated|
|rule|Species Clause: Limit one of each Pokémon
|rule|Item Clause: Limit 1 of each item
|clearpoke
|poke|p1|Weavile, L50, F|
|poke|p1|Annihilape, L50, M|
|poke|p1|Pelipper, L50, F|
|poke|p1|Archaludon, L50, F|
|poke|p1|Basculegion, L50, M|
|poke|p1|Rillaboom, L50, F|
|poke|p2|Typhlosion-Hisui, L50, F|
|poke|p2|Whimsicott, L50, F|
|poke|p2|Garchomp, L50, F|
|poke|p2|Dragonite, L50, F|
|poke|p2|Annihilape, L50, F|
|poke|p2|Amoonguss, L50, M|
|teampreview|4
|showteam|p1|Weavile||FocusSash|Pickpocket|TripleAxel,KnockOff,BeatUp,FakeOut|||F|||50|,,,,,Ghost]Annihilape||SafetyGoggles|Defiant|DrainPunch,RageFist,BulkUp,Protect|||M|||50|,,,,,Fire]Pelipper||CovertCloak|Drizzle|Hurricane,WeatherBall,WideGuard,Protect|||F|||50|,,,,,Grass]Archaludon||AssaultVest|Stamina|DragonPulse,ElectroShot,Snarl,BodyPress|||F|||50|,,,,,Fighting]Basculegion||ChoiceBand|SwiftSwim|WaveCrash,LastRespects,AquaJet,FlipTurn|||M|||50|,,,,,Water]Rillaboom||MiracleSeed|GrassySurge|WoodHammer,Uturn,GrassyGlide,FakeOut|||F|||50|,,,,,Grass
|showteam|p2|Typhlosion-Hisui||ChoiceSpecs|Blaze|Eruption,HeatWave,Flamethrower,ShadowBall|||F|||50|,,,,,Fire]Whimsicott||CovertCloak|Prankster|SunnyDay,Tailwind,Encore,Moonblast|||F|||50|,,,,,Dark]Garchomp||LifeOrb|RoughSkin|Earthquake,StompingTantrum,DragonClaw,Protect|||F|||50|,,,,,Fire]Dragonite||ChoiceBand|InnerFocus|ExtremeSpeed,AerialAce,Outrage,IceSpinner|||F|||50|,,,,,Normal]Annihilape||SafetyGoggles|Defiant|CloseCombat,ShadowClaw,FinalGambit,Taunt|||F|||50|,,,,,Water]Amoonguss||SitrusBerry|EffectSpore|RagePowder,Spore,Protect,SludgeBomb|||M|||50|,,,,,Ghost
|inactive|Battle timer is ON: inactive players will automatically lose when time's up. (requested by liamvgc1)
|
|t:|1755969685
|teamsize|p1|4
|teamsize|p2|4
|start
|switch|p1a: Weavile|Weavile, L50, F|100/100
|switch|p1b: Pelipper|Pelipper, L50, F|100/100
|switch|p2a: Dragonite|Dragonite, L50, F|100/100
|switch|p2b: Whimsicott|Whimsicott, L50, F|100/100
|-weather|RainDance|[from] ability: Drizzle|[of] p1b: Pelipper
|turn|1
|
|t:|1755969696
|-terastallize|p2a: Dragonite|Normal
|move|p2a: Dragonite|Extreme Speed|p1a: Weavile
|-enditem|p1a: Weavile|Focus Sash
|-damage|p1a: Weavile|1/100
|-enditem|p2a: Dragonite|Choice Band|[silent]|[from] ability: Pickpocket|[of] p2a: Dragonite
|-item|p1a: Weavile|Choice Band|[from] ability: Pickpocket|[of] p2a: Dragonite
|move|p2b: Whimsicott|Tailwind|p2b: Whimsicott
|-sidestart|p2: liamvgc1|move: Tailwind
|move|p1a: Weavile|Triple Axel|p2a: Dragonite
|-damage|p2a: Dragonite|84/100
|-damage|p2a: Dragonite|51/100
|-damage|p2a: Dragonite|1/100
|-hitcount|p2a: Dragonite|3
|move|p1b: Pelipper|Hurricane|p2a: Dragonite
|-damage|p2a: Dragonite|0 fnt
|faint|p2a: Dragonite
|
|-weather|RainDance|[upkeep]
|upkeep
|
|t:|1755969702
|switch|p2a: Typhlosion|Typhlosion-Hisui, L50, F|100/100
|turn|2
|c|☆Ogercooked|lmfao
|inactive|Ogercooked has 30 seconds left.
|
|t:|1755969736
|move|p2b: Whimsicott|Sunny Day|p2b: Whimsicott
|-weather|SunnyDay
|move|p2a: Typhlosion|Shadow Ball|p1a: Weavile
|-resisted|p1a: Weavile
|-damage|p1a: Weavile|0 fnt
|faint|p1a: Weavile
|move|p1b: Pelipper|Weather Ball|p2a: Typhlosion
|-resisted|p2a: Typhlosion
|-damage|p2a: Typhlosion|76/100
|
|-weather|SunnyDay|[upkeep]
|upkeep
|
|t:|1755969745
|switch|p1a: Basculegion|Basculegion, L50, M|100/100
|turn|3
|
|t:|1755969761
|switch|p1b: Rillaboom|Rillaboom, L50, F|100/100
|-fieldstart|move: Grassy Terrain|[from] ability: Grassy Surge|[of] p1b: Rillaboom
|-terastallize|p1a: Basculegion|Water
|move|p1a: Basculegion|Aqua Jet|p2a: Typhlosion
|-supereffective|p2a: Typhlosion
|-damage|p2a: Typhlosion|19/100
|move|p2a: Typhlosion|Shadow Ball|p1b: Rillaboom
|-damage|p1b: Rillaboom|18/100
|-unboost|p1b: Rillaboom|spd|1
|move|p2b: Whimsicott|Moonblast|p1b: Rillaboom
|-damage|p1b: Rillaboom|0 fnt
|faint|p1b: Rillaboom
|
|-weather|SunnyDay|[upkeep]
|-heal|p2a: Typhlosion|25/100|[from] Grassy Terrain
|upkeep
|
|t:|1755969773
|switch|p1b: Pelipper|Pelipper, L50, F|100/100
|-weather|RainDance|[from] ability: Drizzle|[of] p1b: Pelipper
|turn|4
|
|t:|1755969784
|move|p2b: Whimsicott|Sunny Day|p2b: Whimsicott
|-weather|SunnyDay
|move|p1a: Basculegion|Aqua Jet|p2a: Typhlosion
|-supereffective|p2a: Typhlosion
|-damage|p2a: Typhlosion|0 fnt
|faint|p2a: Typhlosion
|move|p1b: Pelipper|Weather Ball|p2b: Whimsicott
|-supereffective|p2b: Whimsicott
|-damage|p2b: Whimsicott|26/100
|
|-weather|SunnyDay|[upkeep]
|-heal|p2b: Whimsicott|32/100|[from] Grassy Terrain
|-sideend|p2: liamvgc1|move: Tailwind
|upkeep
|
|t:|1755969787
|switch|p2a: Garchomp|Garchomp, L50, F|100/100
|turn|5
|
|t:|1755969802
|move|p1b: Pelipper|Protect|p1b: Pelipper
|-singleturn|p1b: Pelipper|Protect
|move|p1a: Basculegion|Aqua Jet|p2a: Garchomp
|-damage|p2a: Garchomp|80/100
|-damage|p1a: Basculegion|88/100|[from] ability: Rough Skin|[of] p2a: Garchomp
|move|p2a: Garchomp|Dragon Claw|p1a: Basculegion
|-damage|p1a: Basculegion|18/100
|-damage|p2a: Garchomp|70/100|[from] item: Life Orb
|move|p2b: Whimsicott|Moonblast|p1a: Basculegion
|-damage|p1a: Basculegion|0 fnt
|faint|p1a: Basculegion
|
|-weather|SunnyDay|[upkeep]
|-heal|p2a: Garchomp|76/100|[from] Grassy Terrain
|-heal|p2b: Whimsicott|38/100|[from] Grassy Terrain
|upkeep
|turn|6
|-message|Ogercooked forfeited.
|
|win|liamvgc1
|raw|Ogercooked's rating: 1420 → 1396(-24 for losing)
|raw|liamvgc1's rating: 1344 → 1368(+24 for winning)
