|j|☆davidxrt
|j|☆navicorrin
|html|davidxrtnavicorrin    
|uhtml|bestof|Game 2 of a best-of-3
|t:|1782192674
|gametype|doubles
|player|p1|davidxrt|hilbert-wonderlauncher|1139
|player|p2|navicorrin|caitlin|1077
|gen|9
|tier|[Gen 9 Champions] VGC 2026 Reg M-B (Bo3)
|rated|
|rule|Species Clause: Limit one of each Pokémon
|rule|Item Clause: Limit 1 of each item
|clearpoke
|poke|p1|Staraptor, L50, M|
|poke|p1|Whimsicott, L50, M|
|poke|p1|Farigiraf, L50, M|
|poke|p1|Garchomp, L50, F|
|poke|p1|Raichu, L50, M|
|poke|p1|Sylveon, L50, M|
|poke|p2|Dragalge, L50, F|
|poke|p2|Ninetales-Alola, L50, F|
|poke|p2|Incineroar, L50, M|
|poke|p2|Maushold, L50|
|poke|p2|Annihilape, L50, M|
|poke|p2|Sinistcha-Masterpiece, L50|
|teampreview|4
|showteam|p1|Staraptor||Staraptite|Intimidate|Roost,BlazeKick,DualWingbeat,CloseCombat|Adamant||M|||50|]Whimsicott||FocusSash|Prankster|DazzlingGleam,Tickle,Tailwind,Encore|Timid||M|||50|]Farigiraf||SitrusBerry|ArmorTail|TrickRoom,Psychic,HelpingHand,Roar|Bold||M|||50|]Garchomp||LifeOrb|RoughSkin|RockSlide,StompingTantrum,DragonClaw,IronHead|Adamant||F|||50|]Raichu||RaichuniteY|LightningRod|Protect,FakeOut,ZapCannon,FocusBlast|Modest||M|||50|]Sylveon||FairyFeather|Pixilate|Protect,QuickAttack,HyperVoice,HyperBeam|Modest||M|||50|
|showteam|p2|Dragalge||Dragalgite|Adaptability|DracoMeteor,SludgeBomb,Thunderbolt,Protect|Quiet||F|||50|]Ninetales-Alola||LightClay|SnowWarning|Blizzard,AuroraVeil,Encore,Protect|Timid||F|||50|]Incineroar||SitrusBerry|Intimidate|FakeOut,PartingShot,DarkestLariat,FlareBlitz|Adamant||M|||50|]Maushold||WideLens|Technician|PopulationBomb,FollowMe,BeatUp,Protect|Jolly|||||50|]Annihilape||Leftovers|Defiant|RageFist,DrainPunch,BulkUp,Protect|Adamant||M|||50|]Sinistcha-Masterpiece||KasibBerry|Hospitality|MatchaGotcha,RagePowder,TrickRoom,LifeDew|Relaxed|||||50|
|inactive|Battle timer is ON: inactive players will automatically lose when time's up. (requested by davidxrt)
|
|t:|1782192692
|teamsize|p1|4
|teamsize|p2|4
|start
|switch|p1a: Raichu|Raichu, L50, M|100/100
|switch|p1b: Whimsicott|Whimsicott, L50, M|100/100
|switch|p2a: Ninetales|Ninetales-Alola, L50, F|100/100
|switch|p2b: Sinistcha|Sinistcha-Masterpiece, L50|100/100
|-weather|Snowscape|[from] ability: Snow Warning|[of] p2a: Ninetales
|turn|1
|
|t:|1782192710
|detailschange|p1a: Raichu|Raichu-Mega-Y, L50, M
|-mega|p1a: Raichu|Raichu|Raichunite Y
|move|p1a: Raichu|Fake Out|p2a: Ninetales
|-damage|p2a: Ninetales|92/100
|move|p1b: Whimsicott|Dazzling Gleam|p2a: Ninetales|[spread] p2a,p2b
|-damage|p2a: Ninetales|77/100
|-damage|p2b: Sinistcha|83/100
|cant|p2a: Ninetales|flinch
|move|p2b: Sinistcha|Trick Room|p2b: Sinistcha
|-fieldstart|move: Trick Room|[of] p2b: Sinistcha
|
|-weather|Snowscape|[upkeep]
|upkeep
|turn|2
|
|t:|1782192724
|move|p1a: Raichu|Protect|p1a: Raichu
|-singleturn|p1a: Raichu|Protect
|move|p1b: Whimsicott|Encore|p2b: Sinistcha
|-start|p2b: Sinistcha|Encore
|move|p2a: Ninetales|Blizzard|p1a: Raichu|[spread] p1b
|-activate|p1a: Raichu|move: Protect
|-supereffective|p1b: Whimsicott|1
|-damage|p1b: Whimsicott|15/100
|move|p2b: Sinistcha|Trick Room|p2b: Sinistcha
|-fieldend|move: Trick Room
|
|-weather|Snowscape|[upkeep]
|upkeep
|turn|3
|inactive|davidxrt has 30 seconds left.
|
|t:|1782192750
|move|p1b: Whimsicott|Dazzling Gleam|p2a: Ninetales|[spread] p2a,p2b
|-damage|p2a: Ninetales|61/100
|-damage|p2b: Sinistcha|66/100
|move|p2a: Ninetales|Blizzard|p1a: Raichu|[spread] p1a,p1b
|-supereffective|p1b: Whimsicott|1
|-damage|p1a: Raichu|63/100
|-damage|p1b: Whimsicott|0 fnt
|faint|p1b: Whimsicott
|move|p1a: Raichu|Zap Cannon|p2a: Ninetales
|-damage|p2a: Ninetales|0 fnt
|faint|p2a: Ninetales
|move|p2b: Sinistcha|Trick Room|p2b: Sinistcha
|-fieldstart|move: Trick Room|[of] p2b: Sinistcha
|
|-weather|Snowscape|[upkeep]
|upkeep
|
|t:|1782192766
|switch|p2a: Dragalge|Dragalge, L50, F|100/100
|switch|p1b: Sylveon|Sylveon, L50, M|100/100
|turn|4
|
|t:|1782192773
|switch|p2b: Incineroar|Incineroar, L50, M|100/100
|-ability|p2b: Incineroar|Intimidate|boost
|-unboost|p1a: Raichu|atk|1
|-unboost|p1b: Sylveon|atk|1
|detailschange|p2a: Dragalge|Dragalge-Mega, L50, F
|-mega|p2a: Dragalge|Dragalge|Dragalgite
|move|p1b: Sylveon|Protect|p1b: Sylveon
|-singleturn|p1b: Sylveon|Protect
|move|p2a: Dragalge|Sludge Bomb|p1a: Raichu
|-crit|p1a: Raichu
|-damage|p1a: Raichu|0 fnt
|faint|p1a: Raichu
|
|-weather|Snowscape|[upkeep]
|upkeep
|
|t:|1782192787
|switch|p1a: Farigiraf|Farigiraf, L50, M|100/100
|turn|5
|
|t:|1782192795
|move|p2a: Dragalge|Sludge Bomb|p1b: Sylveon
|-supereffective|p1b: Sylveon|1
|-crit|p1b: Sylveon
|-damage|p1b: Sylveon|0 fnt
|faint|p1b: Sylveon
|move|p1a: Farigiraf|Psychic|p2a: Dragalge
|-supereffective|p2a: Dragalge|1
|-damage|p2a: Dragalge|33/100
|move|p2b: Incineroar|Flare Blitz|p1a: Farigiraf
|-damage|p1a: Farigiraf|55/100
|-damage|p2b: Incineroar|83/100|[from] Recoil
|
|-weather|none
|upkeep
|turn|6
|-message|davidxrt forfeited.
|
|win|navicorrin
|raw|davidxrt's rating: 1139 → 1110(-29 for losing)
|raw|navicorrin's rating: 1077 → 1110(+33 for winning)
|l|☆davidxrt
|player|p1|
