|j|☆WillE_VGC
|j|☆Pengy
|html|WillE_VGCPengy    
|uhtml|bestof|Game 2 of a best-of-3
|t:|1783214886
|gametype|doubles
|player|p1|WillE_VGC|#dpl9spectralthieves|
|player|p2|Pengy|#smogonxnpa2024draftee|
|gen|9
|tier|[Gen 9 Champions] VGC 2026 Reg M-B (Bo3)
|rule|Species Clause: Limit one of each Pokémon
|rule|Item Clause: Limit 1 of each item
|clearpoke
|poke|p1|Charizard, L50, F|
|poke|p1|Venusaur, L50, M|
|poke|p1|Garchomp, L50, F|
|poke|p1|Milotic, L50, F|
|poke|p1|Incineroar, L50, F|
|poke|p1|Mimikyu, L50, F|
|poke|p2|Volcarona, L50, M|
|poke|p2|Milotic, L50, M|
|poke|p2|Gholdengo, L50|
|poke|p2|Sinistcha, L50|
|poke|p2|Tyranitar, L50, M|
|poke|p2|Grimmsnarl, L50, M|
|teampreview|4
|showteam|p1|Charizard||CharizarditeY|Blaze|WeatherBall,HeatWave,SolarBeam,Protect|Modest||F|||50|]Venusaur||FocusSash|Chlorophyll|SludgeBomb,EarthPower,SleepPowder,Protect|Timid||M|||50|]Garchomp||SitrusBerry|RoughSkin|Earthquake,DragonClaw,RockSlide,Protect|Adamant||F|||50|]Milotic||Leftovers|Competitive|MuddyWater,Hypnosis,Coil,Protect|Calm||F|||50|]Incineroar||ChopleBerry|Intimidate|FakeOut,FlareBlitz,ThroatChop,PartingShot|Careful||F|||50|]Mimikyu||LifeOrb|Disguise|PlayRough,ShadowClaw,ShadowSneak,Protect|Adamant||F|||50|
|showteam|p2|Volcarona||SitrusBerry|FlameBody|FieryDance,StruggleBug,RagePowder,Tailwind|Timid||M|||50|]Milotic||Leftovers|Competitive|MuddyWater,Coil,Hypnosis,Recover|Calm||M|||50|]Gholdengo||LifeOrb|GoodasGold|MakeItRain,ShadowBall,NastyPlot,Protect|Modest|||||50|]Sinistcha||ColburBerry|Hospitality|MatchaGotcha,RagePowder,TrickRoom,Protect|Bold|||||50|]Tyranitar||Tyranitarite|SandStream|RockSlide,KnockOff,DragonDance,Protect|Jolly||M|||50|]Grimmsnarl||LightClay|Prankster|SpiritBreak,Reflect,LightScreen,PartingShot|Careful||M|||50|
|inactive|Battle timer is ON: inactive players will automatically lose when time's up. (requested by Pengy)
|j| houyou
|j| charismaacheck
|j| aboxoftimbits
|j| K0nqueror
|j| Carneyasada
|inactive|WillE_VGC has 60 seconds left.
|inactive|Pengy has 60 seconds left.
|
|t:|1783214920
|teamsize|p1|4
|teamsize|p2|4
|start
|switch|p1a: Venusaur|Venusaur, L50, M|100/100
|switch|p1b: Mimikyu|Mimikyu, L50, F|100/100
|switch|p2a: Milotic|Milotic, L50, M|100/100
|switch|p2b: Grimmsnarl|Grimmsnarl, L50, M|100/100
|turn|1
|l| K0nqueror
|j| K0nqueror
|
|t:|1783214938
|move|p2b: Grimmsnarl|Parting Shot|p1b: Mimikyu
|-unboost|p1b: Mimikyu|atk|1
|-unboost|p1b: Mimikyu|spa|1
|
|t:|1783214940
|switch|p2b: Sinistcha|Sinistcha, L50|100/100|[from] Parting Shot
|move|p1b: Mimikyu|Play Rough|p2b: Sinistcha|[miss]
|-miss|p1b: Mimikyu|p2b: Sinistcha
|move|p1a: Venusaur|Sleep Powder|p2a: Milotic
|-status|p2a: Milotic|slp|[from] move: Sleep Powder
|cant|p2a: Milotic|slp
|
|upkeep
|turn|2
|inactive|WillE_VGC has 30 seconds left.
|j| Code
|
|t:|1783214973
|switch|p1a: Charizard|Charizard, L50, F|100/100
|move|p1b: Mimikyu|Shadow Claw|p2b: Sinistcha
|-supereffective|p2b: Sinistcha|1
|-damage|p2b: Sinistcha|56/100
|-damage|p1b: Mimikyu|90/100|[from] item: Life Orb
|cant|p2a: Milotic|slp
|move|p2b: Sinistcha|Matcha Gotcha|p1a: Charizard|[spread] p1a,p1b
|-resisted|p1a: Charizard|2
|-damage|p1a: Charizard|92/100
|-heal|p2b: Sinistcha|60/100|[from] drain|[of] p1a: Charizard
|-activate|p1b: Mimikyu|ability: Disguise
|-damage|p1b: Mimikyu|90/100
|detailschange|p1b: Mimikyu|Mimikyu-Busted, L50, F
|-damage|p1b: Mimikyu|77/100|[from] pokemon: Mimikyu-Busted
|
|upkeep
|turn|3
|l| Code
|j| sugarfreeVGC
|inactive|WillE_VGC has 30 seconds left.
|inactive|Pengy has 30 seconds left.
|
|t:|1783215006
|detailschange|p1a: Charizard|Charizard-Mega-Y, L50, F
|-mega|p1a: Charizard|Charizard|Charizardite Y
|-weather|SunnyDay|[from] ability: Drought|[of] p1a: Charizard
|move|p2b: Sinistcha|Rage Powder|p2b: Sinistcha
|-singleturn|p2b: Sinistcha|move: Rage Powder
|move|p1b: Mimikyu|Play Rough|p2b: Sinistcha
|-damage|p2b: Sinistcha|27/100
|-damage|p1b: Mimikyu|67/100|[from] item: Life Orb
|move|p1a: Charizard|Solar Beam||[still]
|-prepare|p1a: Charizard|Solar Beam
|-anim|p1a: Charizard|Solar Beam|p2b: Sinistcha
|-resisted|p2b: Sinistcha|1
|-damage|p2b: Sinistcha|7/100
|-curestatus|p2a: Milotic|slp|[msg]
|move|p2a: Milotic|Coil|p2a: Milotic
|-boost|p2a: Milotic|atk|1
|-boost|p2a: Milotic|def|1
|-boost|p2a: Milotic|accuracy|1
|
|-weather|SunnyDay|[upkeep]
|upkeep
|turn|4
|
|t:|1783215021
|switch|p1a: Venusaur|Venusaur, L50, M|100/100
|switch|p2b: Tyranitar|Tyranitar, L50, M|100/100
|-weather|Sandstorm|[from] ability: Sand Stream|[of] p2b: Tyranitar
|move|p1b: Mimikyu|Play Rough|p2b: Tyranitar
|-supereffective|p2b: Tyranitar|1
|-damage|p2b: Tyranitar|40/100
|-damage|p1b: Mimikyu|57/100|[from] item: Life Orb
|move|p2a: Milotic|Muddy Water|p1b: Mimikyu|[spread] p1a,p1b
|-resisted|p1a: Venusaur|1
|-damage|p1a: Venusaur|86/100
|-damage|p1b: Mimikyu|29/100
|-unboost|p1b: Mimikyu|accuracy|1
|
|-weather|Sandstorm|[upkeep]
|-damage|p1b: Mimikyu|23/100|[from] Sandstorm
|-damage|p1a: Venusaur|80/100|[from] Sandstorm
|-damage|p2a: Milotic|94/100|[from] Sandstorm
|-heal|p2a: Milotic|100/100|[from] item: Leftovers
|upkeep
|turn|5
|
|t:|1783215041
|move|p2b: Tyranitar|Protect|p2b: Tyranitar
|-singleturn|p2b: Tyranitar|Protect
|move|p1b: Mimikyu|Play Rough|p2b: Tyranitar
|-activate|p2b: Tyranitar|move: Protect
|move|p1a: Venusaur|Sleep Powder|p2a: Milotic
|-status|p2a: Milotic|slp|[from] move: Sleep Powder
|cant|p2a: Milotic|slp
|
|-weather|Sandstorm|[upkeep]
|-damage|p1b: Mimikyu|16/100|[from] Sandstorm
|-damage|p1a: Venusaur|75/100|[from] Sandstorm
|-damage|p2a: Milotic|94/100 slp|[from] Sandstorm
|-heal|p2a: Milotic|100/100 slp|[from] item: Leftovers
|upkeep
|turn|6
|j| bruhnson
|inactive|Pengy has 30 seconds left.
|
|t:|1783215067
|switch|p2b: Grimmsnarl|Grimmsnarl, L50, M|100/100
|move|p1b: Mimikyu|Play Rough|p2b: Grimmsnarl
|-supereffective|p2b: Grimmsnarl|1
|-damage|p2b: Grimmsnarl|33/100
|-damage|p1b: Mimikyu|6/100|[from] item: Life Orb
|move|p1a: Venusaur|Sludge Bomb|p2b: Grimmsnarl
|-supereffective|p2b: Grimmsnarl|1
|-damage|p2b: Grimmsnarl|0 fnt
|faint|p2b: Grimmsnarl
|cant|p2a: Milotic|slp
|
|-weather|Sandstorm|[upkeep]
|-damage|p1b: Mimikyu|1/100|[from] Sandstorm
|-damage|p1a: Venusaur|69/100|[from] Sandstorm
|-damage|p2a: Milotic|94/100 slp|[from] Sandstorm
|-heal|p2a: Milotic|100/100 slp|[from] item: Leftovers
|upkeep
|
|t:|1783215078
|switch|p2b: Tyranitar|Tyranitar, L50, M|40/100
|turn|7
|
|t:|1783215096
|switch|p1b: Garchomp|Garchomp, L50, F|100/100
|move|p1a: Venusaur|Protect|p1a: Venusaur
|-singleturn|p1a: Venusaur|Protect
|move|p2b: Tyranitar|Dragon Dance|p2b: Tyranitar
|-boost|p2b: Tyranitar|atk|1
|-boost|p2b: Tyranitar|spe|1
|-curestatus|p2a: Milotic|slp|[msg]
|move|p2a: Milotic|Hypnosis|p1a: Venusaur
|-activate|p1a: Venusaur|move: Protect
|
|-weather|Sandstorm|[upkeep]
|-damage|p1a: Venusaur|63/100|[from] Sandstorm
|-damage|p2a: Milotic|94/100|[from] Sandstorm
|-heal|p2a: Milotic|100/100|[from] item: Leftovers
|upkeep
|turn|8
|inactive|WillE_VGC has 30 seconds left.
|inactive|Pengy has 30 seconds left.
|
|t:|1783215128
|move|p2b: Tyranitar|Protect|p2b: Tyranitar
|-singleturn|p2b: Tyranitar|Protect
|move|p1a: Venusaur|Sleep Powder|p2a: Milotic
|-status|p2a: Milotic|slp|[from] move: Sleep Powder
|move|p1b: Garchomp|Earthquake|p2b: Tyranitar|[spread] p1a,p2a
|-activate|p2b: Tyranitar|move: Protect
|-damage|p1a: Venusaur|15/100
|-damage|p2a: Milotic|77/100 slp
|cant|p2a: Milotic|slp
|
|-weather|none
|-heal|p2a: Milotic|83/100 slp|[from] item: Leftovers
|upkeep
|turn|9
|inactive|Pengy has 30 seconds left.
|
|t:|1783215155
|detailschange|p2b: Tyranitar|Tyranitar-Mega, L50, M
|-mega|p2b: Tyranitar|Tyranitar|Tyranitarite
|-weather|Sandstorm|[from] ability: Sand Stream|[of] p2b: Tyranitar
|move|p1a: Venusaur|Protect|p1a: Venusaur
|-singleturn|p1a: Venusaur|Protect
|move|p2b: Tyranitar|Rock Slide|p1a: Venusaur|[spread] p1b
|-activate|p1a: Venusaur|move: Protect
|-resisted|p1b: Garchomp|1
|-damage|p1b: Garchomp|78/100
|cant|p1b: Garchomp|flinch
|cant|p2a: Milotic|slp
|
|-weather|Sandstorm|[upkeep]
|-damage|p1a: Venusaur|9/100|[from] Sandstorm
|-damage|p2a: Milotic|77/100 slp|[from] Sandstorm
|-heal|p2a: Milotic|83/100 slp|[from] item: Leftovers
|upkeep
|turn|10
|inactive|Pengy has 30 seconds left.
|
|t:|1783215180
|move|p1b: Garchomp|Protect|p1b: Garchomp
|-singleturn|p1b: Garchomp|Protect
|move|p2b: Tyranitar|Knock Off|p1b: Garchomp
|-activate|p1b: Garchomp|move: Protect
|move|p1a: Venusaur|Sludge Bomb|p2a: Milotic
|-damage|p2a: Milotic|59/100 slp
|-curestatus|p2a: Milotic|slp|[msg]
|move|p2a: Milotic|Hypnosis|p1a: Venusaur
|-status|p1a: Venusaur|slp|[from] move: Hypnosis
|
|-weather|Sandstorm|[upkeep]
|-damage|p1a: Venusaur|3/100 slp|[from] Sandstorm
|-damage|p2a: Milotic|53/100|[from] Sandstorm
|-heal|p2a: Milotic|59/100|[from] item: Leftovers
|upkeep
|turn|11
|inactive|WillE_VGC has 30 seconds left.
|inactive|Pengy has 30 seconds left.
|
|t:|1783215210
|switch|p1b: Mimikyu|Mimikyu-Busted, L50, F|1/100
|move|p2b: Tyranitar|Knock Off|p1b: Mimikyu
|-damage|p1b: Mimikyu|0 fnt
|-enditem|p1b: Mimikyu|Life Orb|[from] move: Knock Off|[of] p2b: Tyranitar
|faint|p1b: Mimikyu
|cant|p1a: Venusaur|slp
|move|p2a: Milotic|Muddy Water|p1a: Venusaur
|-resisted|p1a: Venusaur|1
|-crit|p1a: Venusaur
|-damage|p1a: Venusaur|0 fnt
|faint|p1a: Venusaur
|
|-weather|Sandstorm|[upkeep]
|-damage|p2a: Milotic|53/100|[from] Sandstorm
|-heal|p2a: Milotic|59/100|[from] item: Leftovers
|upkeep
|j| Lola Bunny Window
|
|t:|1783215214
|switch|p1b: Charizard|Charizard-Mega-Y, L50, F|92/100
|switch|p1a: Garchomp|Garchomp, L50, F|78/100
|-weather|SunnyDay|[from] ability: Drought|[of] p1b: Charizard
|turn|12
|inactive|Pengy has 30 seconds left.
|inactive|Pengy has 20 seconds left.
|
|t:|1783215256
|switch|p2a: Sinistcha|Sinistcha, L50|7/100
|-heal|p2b: Tyranitar|65/100|[from] ability: Hospitality|[of] p2a: Sinistcha
|move|p1b: Charizard|Protect|p1b: Charizard
|-singleturn|p1b: Charizard|Protect
|move|p2b: Tyranitar|Knock Off|p1a: Garchomp
|-damage|p1a: Garchomp|4/100
|-damage|p2b: Tyranitar|53/100|[from] ability: Rough Skin|[of] p1a: Garchomp
|-enditem|p1a: Garchomp|Sitrus Berry|[from] move: Knock Off|[of] p2b: Tyranitar
|move|p1a: Garchomp|Earthquake|p2b: Tyranitar|[spread] p2a,p2b
|-activate|p1b: Charizard|move: Protect
|-resisted|p2a: Sinistcha|1
|-supereffective|p2b: Tyranitar|1
|-damage|p2a: Sinistcha|0 fnt
|-damage|p2b: Tyranitar|4/100
|faint|p2a: Sinistcha
|
|-weather|SunnyDay|[upkeep]
|upkeep
|
|t:|1783215262
|switch|p2a: Milotic|Milotic, L50, M|59/100
|turn|13
|j| Kojay
|
|t:|1783215279
|move|p2b: Tyranitar|Rock Slide|p1b: Charizard|[spread] p1a,p1b
|-resisted|p1a: Garchomp|1
|-supereffective|p1b: Charizard|2
|-damage|p1a: Garchomp|0 fnt
|-damage|p1b: Charizard|0 fnt
|faint|p1a: Garchomp
|faint|p1b: Charizard
|
|win|Pengy
|c|☆WillE_VGC|gg
|c|☆Pengy|ggs
|l| K0nqueror
|l| bruhnson
|l| houyou
|l| Carneyasada
|l| aboxoftimbits
|l| sugarfreeVGC
|l| Kojay
