|j|☆zxzx434343
|j|☆Caloteiros VGC
|html|zxzx434343Caloteiros VGC    
|uhtml|bestof|Game 1 of a best-of-3
|t:|1785817498
|gametype|doubles
|player|p1|zxzx434343|170|1061
|player|p2|Caloteiros VGC|morty|1164
|gen|9
|tier|[Gen 9 Champions] VGC 2026 Reg M-B (Bo3)
|rated|
|rule|Species Clause: Limit one of each Pokémon
|rule|Item Clause: Limit 1 of each item
|clearpoke
|poke|p1|Greninja, L50, M, shiny|
|poke|p1|Pelipper, L50, F|
|poke|p1|Tyranitar, L50, F|
|poke|p1|Vanilluxe, L50, M|
|poke|p1|Ninetales, L50, F|
|poke|p1|Sinistcha, L50|
|poke|p2|Raichu, L50, F|
|poke|p2|Sinistcha, L50|
|poke|p2|Incineroar, L50, F|
|poke|p2|Sylveon, L50, F|
|poke|p2|Hydreigon, L50, M|
|poke|p2|Metagross, L50|
|teampreview|4
|showteam|p1|Greninja||Greninjite|Protean|Protect,WeatherBall,DarkPulse,WaterShuriken|Modest||M|||50|]Pelipper||SitrusBerry|Drizzle|Tailwind,Hurricane,WeatherBall,Protect|Timid||F|||50|]Tyranitar||ChoiceScarf|SandStream|RockSlide,Protect,KnockOff,DragonClaw|Adamant||F|||50|]Vanilluxe||NeverMeltIce|SnowWarning|AuroraVeil,Blizzard,FreezeDry,Protect|Bold||M|||50|]Ninetales||Charcoal|Drought|HeatWave,ScorchingSands,Protect,SolarBeam|Timid||F|||50|]Sinistcha||Leftovers|Hospitality|MatchaGotcha,LifeDew,RagePowder,Scald|Serious|||||50|
|showteam|p2|Raichu||RaichuniteY|LightningRod|ZapCannon,FocusBlast,FakeOut,Protect|Timid||F|||50|]Sinistcha||SitrusBerry|Hospitality|MatchaGotcha,RagePowder,TrickRoom,Protect|Bold|||||50|]Incineroar||ShucaBerry|Intimidate|FlareBlitz,DarkestLariat,PartingShot,FakeOut|Careful||F|||50|]Sylveon||FairyFeather|Pixilate|HyperVoice,Moonblast,CalmMind,Protect|Modest||F|||50|]Hydreigon||ChoiceScarf|Levitate|DracoMeteor,DarkPulse,EarthPower,Snarl|Modest||M|||50|]Metagross||Metagrossite|ClearBody|HardPress,BodyPress,PsychicFangs,Protect|Adamant|||||50|
|inactive|Battle timer is ON: inactive players will automatically lose when time's up. (requested by Caloteiros VGC)
|inactive|zxzx434343 has 60 seconds left.
|inactive|Caloteiros VGC has 60 seconds left.
|
|t:|1785817547
|teamsize|p1|4
|teamsize|p2|4
|start
|switch|p1a: Greninja|Greninja, L50, M, shiny|100/100
|switch|p1b: Pelipper|Pelipper, L50, F|100/100
|switch|p2a: Raichu|Raichu, L50, F|100/100
|switch|p2b: Sylveon|Sylveon, L50, F|100/100
|-weather|RainDance|[from] ability: Drizzle|[of] p1b: Pelipper
|turn|1
|inactive|zxzx434343 has 30 seconds left.
|inactive|zxzx434343 has 20 seconds left.
|inactive|zxzx434343 has 15 seconds left.
|
|t:|1785817589
|switch|p1b: Vanilluxe|Vanilluxe, L50, M|100/100
|-weather|Snowscape|[from] ability: Snow Warning|[of] p1b: Vanilluxe
|detailschange|p2a: Raichu|Raichu-Mega-Y, L50, F
|-mega|p2a: Raichu|Raichu|Raichunite Y
|move|p1a: Greninja|Protect|p1a: Greninja
|-start|p1a: Greninja|typechange|Normal|[from] ability: Protean
|-singleturn|p1a: Greninja|Protect
|move|p2a: Raichu|Fake Out|p1a: Greninja
|-activate|p1a: Greninja|move: Protect
|move|p2b: Sylveon|Calm Mind|p2b: Sylveon
|-boost|p2b: Sylveon|spa|1
|-boost|p2b: Sylveon|spd|1
|
|-weather|Snowscape|[upkeep]
|upkeep
|turn|2
|inactive|zxzx434343 has 30 seconds left.
|inactive|Caloteiros VGC has 30 seconds left.
|inactive|Caloteiros VGC has 20 seconds left.
|inactive|Caloteiros VGC has 15 seconds left.
|
|t:|1785817629
|detailschange|p1a: Greninja|Greninja-Mega, L50, M, shiny
|-mega|p1a: Greninja|Greninja|Greninjite
|move|p2a: Raichu|Focus Blast|p1b: Vanilluxe
|-supereffective|p1b: Vanilluxe|1
|-damage|p1b: Vanilluxe|0 fnt
|faint|p1b: Vanilluxe
|move|p1a: Greninja|Weather Ball|p2a: Raichu
|-start|p1a: Greninja|typechange|Ice|[from] ability: Protean
|-damage|p2a: Raichu|23/100
|move|p2b: Sylveon|Hyper Voice|p1a: Greninja
|-damage|p1a: Greninja|0 fnt
|faint|p1a: Greninja
|
|-weather|Snowscape|[upkeep]
|upkeep
|
|t:|1785817647
|switch|p1a: Ninetales|Ninetales, L50, F|100/100
|switch|p1b: Pelipper|Pelipper, L50, F|100/100
|-weather|SunnyDay|[from] ability: Drought|[of] p1a: Ninetales
|-weather|RainDance|[from] ability: Drizzle|[of] p1b: Pelipper
|turn|3
|
|t:|1785817670
|move|p2a: Raichu|Zap Cannon|p1b: Pelipper
|-supereffective|p1b: Pelipper|2
|-damage|p1b: Pelipper|0 fnt
|faint|p1b: Pelipper
|move|p1a: Ninetales|Scorching Sands|p2a: Raichu
|-supereffective|p2a: Raichu|1
|-damage|p2a: Raichu|0 fnt
|faint|p2a: Raichu
|move|p2b: Sylveon|Hyper Voice|p1a: Ninetales
|-resisted|p1a: Ninetales|1
|-damage|p1a: Ninetales|47/100
|
|-weather|RainDance|[upkeep]
|upkeep
|
|t:|1785817673
|switch|p2a: Incineroar|Incineroar, L50, F|100/100
|-ability|p2a: Incineroar|Intimidate|boost
|-unboost|p1a: Ninetales|atk|1
|turn|4
|
|t:|1785817687
|move|p2a: Incineroar|Fake Out|p1a: Ninetales
|-damage|p1a: Ninetales|32/100
|cant|p1a: Ninetales|flinch
|move|p2b: Sylveon|Calm Mind|p2b: Sylveon
|-boost|p2b: Sylveon|spa|1
|-boost|p2b: Sylveon|spd|1
|
|-weather|RainDance|[upkeep]
|upkeep
|turn|5
|
|t:|1785817700
|move|p1a: Ninetales|Scorching Sands|p2a: Incineroar
|-supereffective|p2a: Incineroar|1
|-enditem|p2a: Incineroar|Shuca Berry|[eat]
|-enditem|p2a: Incineroar|Shuca Berry|[weaken]
|-damage|p2a: Incineroar|85/100
|move|p2a: Incineroar|Flare Blitz|p1a: Ninetales
|-resisted|p1a: Ninetales|1
|-damage|p1a: Ninetales|14/100
|-damage|p2a: Incineroar|81/100|[from] Recoil
|move|p2b: Sylveon|Hyper Voice|p1a: Ninetales
|-resisted|p1a: Ninetales|1
|-damage|p1a: Ninetales|0 fnt
|faint|p1a: Ninetales
|
|win|Caloteiros VGC
||Caloteiros VGC is ready for game 2.
|inactive|zxzx434343 has 30 seconds to confirm battle start!
|l|☆zxzx434343
|player|p1|
|inactive|zxzx434343 has 20 seconds to confirm battle start!
