|j|☆bestboi8989
|j|☆gruby_2
|html|bestboi8989gruby_2    
|uhtml|bestof|Game 1 of a best-of-3
|t:|1757798281
|gametype|doubles
|player|p1|bestboi8989|1|1051
|player|p2|gruby_2|medium|1177
|gen|9
|tier|[Gen 9] VGC 2025 Reg H (Bo3)
|rated|
|rule|Species Clause: Limit one of each Pokémon
|rule|Item Clause: Limit 1 of each item
|clearpoke
|poke|p1|Indeedee, L50, M|
|poke|p1|Sneasler, L50, F|
|poke|p1|Excadrill, L50, F|
|poke|p1|Magmar, L50, F|
|poke|p1|Corviknight, L50, M|
|poke|p1|Tyranitar, L50, F|
|poke|p2|Amoonguss, L50, M|
|poke|p2|Archaludon, L50, M|
|poke|p2|Basculegion, L50, M|
|poke|p2|Salamence, L50, F|
|poke|p2|Kingambit, L50, M|
|poke|p2|Pelipper, L50, F|
|teampreview|4
|showteam|p1|Indeedee||ChoiceScarf|PsychicSurge|ExpandingForce,TeraBlast,Trick,Protect|||M|||50|,,,,,Psychic]Sneasler||WhiteHerb|Unburden|FakeOut,CloseCombat,DireClaw,Coaching|||F|||50|,,,,,Flying]Excadrill||FocusSash|SandRush|Earthquake,IronHead,SwordsDance,Protect|||F|||50|,,,,,Ground]Magmar||Eviolite|VitalSpirit|HeatWave,FollowMe,HelpingHand,Protect|||F|||50|,,,,,Flying]Corviknight||PsychicSeed|MirrorArmor|BraveBird,PowerTrip,BulkUp,Roost|||M|||50|,,,,,Water]Tyranitar||AssaultVest|SandStream|RockSlide,KnockOff,LowKick,TeraBlast|||F|||50|,,,,,Flying
|showteam|p2|Amoonguss||SitrusBerry|Regenerator|PollenPuff,RagePowder,Protect,Spore|||M|||50|,,,,,Dark]Archaludon||AssaultVest|Stamina|ElectroShot,DracoMeteor,BodyPress,Snarl|||M|||50|,,,,,Ghost]Basculegion||ChoiceBand|SwiftSwim|WaveCrash,LastRespects,TeraBlast,FlipTurn|||M|||50|,,,,,Grass]Salamence||LifeOrb|Intimidate|DracoMeteor,Hurricane,Tailwind,Protect|||F|||50|,,,,,Flying]Kingambit||BlackGlasses|Defiant|KowtowCleave,SuckerPunch,SwordsDance,Protect|||M|||50|,,,,,Dark]Pelipper||FocusSash|Drizzle|Hurricane,WeatherBall,WideGuard,Protect|||F|||50|,,,,,Water
|inactive|Battle timer is ON: inactive players will automatically lose when time's up. (requested by gruby_2)
|inactive|bestboi8989 has 60 seconds left.
|
|t:|1757798337
|teamsize|p1|4
|teamsize|p2|4
|start
|switch|p1a: Sneasler|Sneasler, L50, F|100/100
|switch|p1b: Excadrill|Excadrill, L50, F|100/100
|switch|p2a: Amoonguss|Amoonguss, L50, M|100/100
|switch|p2b: Basculegion|Basculegion, L50, M|100/100
|turn|1
|inactive|bestboi8989 has 30 seconds left.
|
|t:|1757798367
|move|p1a: Sneasler|Dire Claw|p2b: Basculegion
|-resisted|p2b: Basculegion
|-damage|p2b: Basculegion|77/100
|-status|p2b: Basculegion|slp
|move|p1b: Excadrill|Swords Dance|p1b: Excadrill
|-boost|p1b: Excadrill|atk|2
|cant|p2b: Basculegion|slp
|move|p2a: Amoonguss|Spore|p1a: Sneasler
|-status|p1a: Sneasler|slp|[from] move: Spore
|
|upkeep
|turn|2
|inactive|bestboi8989 has 30 seconds left.
|inactive|bestboi8989 has 20 seconds left.
|inactive|bestboi8989 has 15 seconds left.
|inactive|bestboi8989 has 10 seconds left.
|
|t:|1757798414
|-terastallize|p1b: Excadrill|Ground
|cant|p1a: Sneasler|slp
|move|p1b: Excadrill|Earthquake|p2a: Amoonguss|[spread] p1a,p2a,p2b
|-supereffective|p1a: Sneasler
|-damage|p1a: Sneasler|0 fnt
|-damage|p2a: Amoonguss|20/100
|-damage|p2b: Basculegion|0 fnt
|-enditem|p2a: Amoonguss|Sitrus Berry|[eat]
|-heal|p2a: Amoonguss|45/100|[from] item: Sitrus Berry
|faint|p1a: Sneasler
|faint|p2b: Basculegion
|move|p2a: Amoonguss|Spore|p1b: Excadrill
|-status|p1b: Excadrill|slp|[from] move: Spore
|
|upkeep
|
|t:|1757798428
|switch|p1a: Magmar|Magmar, L50, F|100/100
|switch|p2b: Archaludon|Archaludon, L50, M|100/100
|turn|3
|
|t:|1757798446
|switch|p2a: Pelipper|Pelipper, L50, F|100/100
|-weather|RainDance|[from] ability: Drizzle|[of] p2a: Pelipper
|cant|p1b: Excadrill|slp
|move|p2b: Archaludon|Draco Meteor|p1b: Excadrill
|-enditem|p1b: Excadrill|Focus Sash
|-damage|p1b: Excadrill|1/100 slp
|-unboost|p2b: Archaludon|spa|2
|move|p1a: Magmar|Heat Wave|p2b: Archaludon|[spread] p2a,p2b
|-resisted|p2a: Pelipper
|-damage|p2a: Pelipper|89/100
|-damage|p2b: Archaludon|86/100
|-status|p2b: Archaludon|brn
|-ability|p2b: Archaludon|Stamina|boost
|-boost|p2b: Archaludon|def|1
|
|-weather|RainDance|[upkeep]
|-damage|p2b: Archaludon|80/100 brn|[from] brn
|upkeep
|turn|4
|
|t:|1757798470
|switch|p2b: Amoonguss|Amoonguss, L50, M|79/100
|move|p1a: Magmar|Follow Me|p1a: Magmar
|-singleturn|p1a: Magmar|move: Follow Me
|-curestatus|p1b: Excadrill|slp|[msg]
|move|p1b: Excadrill|Iron Head|p2a: Pelipper
|-resisted|p2a: Pelipper
|-damage|p2a: Pelipper|29/100
|cant|p2a: Pelipper|flinch
|
|-weather|RainDance|[upkeep]
|upkeep
|turn|5
|
|t:|1757798492
|switch|p1a: Tyranitar|Tyranitar, L50, F|100/100
|-weather|Sandstorm|[from] ability: Sand Stream|[of] p1a: Tyranitar
|move|p1b: Excadrill|Protect|p1b: Excadrill
|-singleturn|p1b: Excadrill|Protect
|move|p2a: Pelipper|Weather Ball|p1b: Excadrill
|-activate|p1b: Excadrill|move: Protect
|move|p2b: Amoonguss|Spore|p1b: Excadrill
|-activate|p1b: Excadrill|move: Protect
|
|-weather|Sandstorm|[upkeep]
|-damage|p2a: Pelipper|23/100|[from] Sandstorm
|-damage|p2b: Amoonguss|73/100|[from] Sandstorm
|upkeep
|turn|6
|inactive|bestboi8989 has 30 seconds left.
|
|t:|1757798523
|switch|p2a: Archaludon|Archaludon, L50, M|80/100 brn
|move|p1b: Excadrill|Iron Head|p2b: Amoonguss
|-damage|p2b: Amoonguss|1/100
|move|p1a: Tyranitar|Rock Slide|p2b: Amoonguss|[spread] p2a,p2b
|-resisted|p2a: Archaludon
|-damage|p2a: Archaludon|66/100 brn
|-damage|p2b: Amoonguss|0 fnt
|-ability|p2a: Archaludon|Stamina|boost
|-boost|p2a: Archaludon|def|1
|faint|p2b: Amoonguss
|
|-weather|Sandstorm|[upkeep]
|-damage|p2a: Archaludon|60/100 brn|[from] brn
|upkeep
|
|t:|1757798532
|switch|p2b: Pelipper|Pelipper, L50, F|23/100
|-weather|RainDance|[from] ability: Drizzle|[of] p2b: Pelipper
|turn|7
|
|t:|1757798542
|switch|p1a: Magmar|Magmar, L50, F|100/100
|move|p1b: Excadrill|Protect|p1b: Excadrill
|-singleturn|p1b: Excadrill|Protect
|move|p2a: Archaludon|Body Press|p1a: Magmar
|-damage|p1a: Magmar|88/100
|move|p2b: Pelipper|Weather Ball|p1b: Excadrill
|-activate|p1b: Excadrill|move: Protect
|
|-weather|RainDance|[upkeep]
|-damage|p2a: Archaludon|54/100 brn|[from] brn
|upkeep
|turn|8
|inactive|bestboi8989 has 30 seconds left.
|inactive|bestboi8989 has 20 seconds left.
|
|t:|1757798581
|move|p1a: Magmar|Helping Hand|p1b: Excadrill
|-singleturn|p1b: Excadrill|Helping Hand|[of] p1a: Magmar
|move|p2b: Pelipper|Wide Guard|p2b: Pelipper
|-singleturn|p2b: Pelipper|Wide Guard
|move|p1b: Excadrill|Earthquake|p2a: Archaludon|[spread] p1a
|-activate|p2a: Archaludon|move: Wide Guard
|-activate|p2b: Pelipper|move: Wide Guard
|-supereffective|p1a: Magmar
|-damage|p1a: Magmar|0 fnt
|faint|p1a: Magmar
|move|p2a: Archaludon|Body Press|p1b: Excadrill
|-damage|p1b: Excadrill|0 fnt
|faint|p1b: Excadrill
|
|-weather|RainDance|[upkeep]
|-damage|p2a: Archaludon|48/100 brn|[from] brn
|upkeep
|
|t:|1757798597
|switch|p1b: Tyranitar|Tyranitar, L50, F|100/100
|-weather|Sandstorm|[from] ability: Sand Stream|[of] p1b: Tyranitar
|turn|9
|
|t:|1757798617
|-terastallize|p2a: Archaludon|Ghost
|move|p2b: Pelipper|Wide Guard|p2b: Pelipper
|-singleturn|p2b: Pelipper|Wide Guard
|move|p2a: Archaludon|Body Press|p1b: Tyranitar
|-supereffective|p1b: Tyranitar
|-damage|p1b: Tyranitar|41/100
|move|p1b: Tyranitar|Low Kick|p2a: Archaludon
|-immune|p2a: Archaludon
|
|-weather|Sandstorm|[upkeep]
|-damage|p2a: Archaludon|42/100 brn|[from] Sandstorm
|-damage|p2b: Pelipper|18/100|[from] Sandstorm
|-damage|p2a: Archaludon|36/100 brn|[from] brn
|upkeep
|turn|10
|
|t:|1757798634
|move|p2b: Pelipper|Wide Guard|p2b: Pelipper
|-singleturn|p2b: Pelipper|Wide Guard
|move|p2a: Archaludon|Body Press|p1b: Tyranitar
|-supereffective|p1b: Tyranitar
|-damage|p1b: Tyranitar|0 fnt
|faint|p1b: Tyranitar
|
|win|gruby_2
||bestboi8989 is ready for game 2.
|c|☆gruby_2|gg wp
||gruby_2 is ready for game 2.
|uhtml|next|Next: Game 2 of 3
