|j|☆test220102
|j|☆14#coder9
|html|test22010214#coder9    
|uhtml|bestof|Game 1 of a best-of-3
|t:|1756842632
|gametype|doubles
|player|p1|test220102|1|1009
|player|p2|14#coder9|unknown|1137
|gen|9
|tier|[Gen 9] VGC 2025 Reg H (Bo3)
|rated|
|rule|Species Clause: Limit one of each Pokémon
|rule|Item Clause: Limit 1 of each item
|clearpoke
|poke|p1|Incineroar, L50, M|
|poke|p1|Sinistcha, L50|
|poke|p1|Ursaluna-Bloodmoon, L50, M|
|poke|p1|Primarina, L50, M|
|poke|p1|Ribombee, L50, M|
|poke|p1|Archaludon, L50, M|
|poke|p2|Kingambit, L50, F|
|poke|p2|Electabuzz, L50, M|
|poke|p2|Dragapult, L50, M|
|poke|p2|Volcarona, L50, M|
|poke|p2|Rillaboom, L50, F|
|poke|p2|Ninetales-Alola, L50, M|
|teampreview|4
|showteam|p1|Incineroar||AssaultVest|Intimidate|FakeOut,Uturn,KnockOff,FlareBlitz|||M|||50|,,,,,Ghost]Sinistcha||RockyHelmet|Hospitality|Protect,RagePowder,ShadowBall,StrengthSap||||||50|,,,,,Water]Ursaluna-Bloodmoon||SilkScarf|MindsEye|Protect,BloodMoon,HyperVoice,EarthPower|||M|||50|,,,,,Ghost]Primarina||SitrusBerry|LiquidVoice|Protect,HyperVoice,Moonblast,Haze|||M|||50|,,,,,Steel]Ribombee||FocusSash|ShieldDust|Tailwind,PollenPuff,Moonblast,HelpingHand|||M|||50|,,,,,Water]Archaludon|||Sturdy|Protect,FlashCannon,DragonPulse|||M|||50|,,,,,Ghost
|showteam|p2|Kingambit||BlackGlasses|Defiant|Protect,KowtowCleave,SuckerPunch,SwordsDance|||F|||50|,,,,,Dark]Electabuzz||Eviolite|VitalSpirit|Protect,Thunderbolt,HelpingHand,FollowMe|||M|||50|,,,,,Ghost]Dragapult||ChoiceSpecs|Infiltrator|DracoMeteor,ShadowBall,FireBlast,Uturn|||M|||50|,,,,,Steel]Volcarona||CovertCloak|FlameBody|Protect,HeatWave,GigaDrain,QuiverDance|||M|||50|,,,,,Fairy]Rillaboom||AssaultVest|GrassySurge|WoodHammer,GrassyGlide,Uturn,FakeOut|||F|||50|,,,,,Fire]Ninetales-Alola||LightClay|SnowWarning|FreezeDry,Moonblast,AuroraVeil,Protect|||M|||50|,,,,,Fire
|inactive|Battle timer is ON: inactive players will automatically lose when time's up. (requested by test220102)
|inactive|test220102 has 60 seconds left.
|inactive|14#coder9 has 60 seconds left.
|inactive|14#coder9 has 30 seconds left.
|inactive|14#coder9 has 20 seconds left.
|inactive|14#coder9 has 15 seconds left.
|inactive|14#coder9 has 10 seconds left.
|inactive|14#coder9 has 5 seconds left.
|
|t:|1756842723
|teamsize|p1|4
|teamsize|p2|4
|start
|switch|p1a: Ribombee|Ribombee, L50, M|100/100
|switch|p1b: Archaludon|Archaludon, L50, M|100/100
|switch|p2a: Kingambit|Kingambit, L50, F|100/100
|switch|p2b: Electabuzz|Electabuzz, L50, M|100/100
|turn|1
|inactive|test220102 has 30 seconds left.
|
|t:|1756842749
|move|p2b: Electabuzz|Follow Me|p2b: Electabuzz
|-singleturn|p2b: Electabuzz|move: Follow Me
|move|p1a: Ribombee|Tailwind|p1a: Ribombee
|-sidestart|p1: test220102|move: Tailwind
|move|p1b: Archaludon|Dragon Pulse|p2b: Electabuzz
|-damage|p2b: Electabuzz|64/100
|move|p2a: Kingambit|Swords Dance|p2a: Kingambit
|-boost|p2a: Kingambit|atk|2
|
|upkeep
|turn|2
|c|☆test220102|lmao man i forgot to build archaludon
|
|t:|1756842775
|move|p1a: Ribombee|Helping Hand|p1b: Archaludon
|-singleturn|p1b: Archaludon|Helping Hand|[of] p1a: Ribombee
|move|p2b: Electabuzz|Follow Me|p2b: Electabuzz
|-singleturn|p2b: Electabuzz|move: Follow Me
|move|p1b: Archaludon|Dragon Pulse|p2b: Electabuzz
|-damage|p2b: Electabuzz|6/100
|move|p2a: Kingambit|Swords Dance|p2a: Kingambit
|-boost|p2a: Kingambit|atk|2
|
|upkeep
|turn|3
|
|t:|1756842793
|switch|p1b: Primarina|Primarina, L50, M|100/100
|move|p2b: Electabuzz|Follow Me|p2b: Electabuzz
|-singleturn|p2b: Electabuzz|move: Follow Me
|move|p1a: Ribombee|Tailwind||[still]
|-fail|p1a: Ribombee
|move|p2a: Kingambit|Kowtow Cleave|p1a: Ribombee
|-resisted|p1a: Ribombee
|-enditem|p1a: Ribombee|Focus Sash
|-damage|p1a: Ribombee|1/100
|
|upkeep
|turn|4
|inactive|14#coder9 has 30 seconds left.
|
|t:|1756842822
|move|p1a: Ribombee|Moonblast|p2b: Electabuzz
|-damage|p2b: Electabuzz|0 fnt
|faint|p2b: Electabuzz
|move|p1b: Primarina|Haze|p1b: Primarina
|-clearallboost
|move|p2a: Kingambit|Kowtow Cleave|p1a: Ribombee
|-resisted|p1a: Ribombee
|-damage|p1a: Ribombee|0 fnt
|faint|p1a: Ribombee
|
|-sideend|p1: test220102|move: Tailwind
|upkeep
|
|t:|1756842835
|switch|p1a: Archaludon|Archaludon, L50, M|100/100
|switch|p2b: Dragapult|Dragapult, L50, M, shiny|100/100
|turn|5
|inactive|14#coder9 has 30 seconds left.
|inactive|14#coder9 has 20 seconds left.
|
|t:|1756842872
|-terastallize|p2b: Dragapult|Steel
|move|p2a: Kingambit|Sucker Punch|p1a: Archaludon
|-damage|p1a: Archaludon|58/100
|move|p2b: Dragapult|Draco Meteor|p1a: Archaludon
|-damage|p1a: Archaludon|0 fnt
|-unboost|p2b: Dragapult|spa|2
|faint|p1a: Archaludon
|move|p1b: Primarina|Hyper Voice|p2b: Dragapult|[spread] p2a,p2b
|-damage|p2a: Kingambit|63/100
|-damage|p2b: Dragapult|49/100
|
|upkeep
|
|t:|1756842878
|switch|p1a: Sinistcha|Sinistcha, L50|100/100
|turn|6
|
|t:|1756842888
|switch|p2b: Volcarona|Volcarona, L50, M, shiny|100/100
|move|p1a: Sinistcha|Protect|p1a: Sinistcha
|-singleturn|p1a: Sinistcha|Protect
|move|p2a: Kingambit|Protect|p2a: Kingambit
|-singleturn|p2a: Kingambit|Protect
|move|p1b: Primarina|Hyper Voice|p2b: Volcarona|[spread] p2b
|-activate|p2a: Kingambit|move: Protect
|-supereffective|p2b: Volcarona
|-damage|p2b: Volcarona|34/100
|
|upkeep
|turn|7
|j| CluelessInSeattle
|l| CluelessInSeattle
|
|t:|1756842913
|-terastallize|p1a: Sinistcha|Water
|move|p1a: Sinistcha|Rage Powder|p1a: Sinistcha
|-singleturn|p1a: Sinistcha|move: Rage Powder
|move|p2a: Kingambit|Sucker Punch||[still]
|-fail|p2a: Kingambit
|move|p2b: Volcarona|Heat Wave|p1b: Primarina|[spread] p1a
|-miss|p2b: Volcarona|p1b: Primarina
|-resisted|p1a: Sinistcha
|-damage|p1a: Sinistcha|75/100
|move|p1b: Primarina|Hyper Voice|p2a: Kingambit|[spread] p2a,p2b
|-supereffective|p2b: Volcarona
|-damage|p2a: Kingambit|28/100
|-damage|p2b: Volcarona|0 fnt
|faint|p2b: Volcarona
|
|upkeep
|
|t:|1756842925
|switch|p2b: Dragapult|Dragapult, L50, M, shiny, tera:Steel|49/100
|turn|8
|
|t:|1756842942
|move|p2a: Kingambit|Protect|p2a: Kingambit
|-singleturn|p2a: Kingambit|Protect
|move|p1a: Sinistcha|Rage Powder|p1a: Sinistcha
|-singleturn|p1a: Sinistcha|move: Rage Powder
|move|p2b: Dragapult|Shadow Ball|p1a: Sinistcha
|-damage|p1a: Sinistcha|0 fnt
|faint|p1a: Sinistcha
|move|p1b: Primarina|Hyper Voice|p2b: Dragapult|[spread] p2b
|-activate|p2a: Kingambit|move: Protect
|-damage|p2b: Dragapult|0 fnt
|faint|p2b: Dragapult
|
|upkeep
|turn|9
|
|t:|1756842958
|move|p1b: Primarina|Hyper Voice|p2a: Kingambit
|-damage|p2a: Kingambit|0 fnt
|faint|p2a: Kingambit
|
|win|test220102
||test220102 is ready for game 2.
|inactive|14#coder9 has 29 seconds to confirm battle start!
||14#coder9 is ready for game 2.
|uhtml|next|Next: Game 2 of 3
|l|☆test220102
|player|p1|
