|j|☆bushidobayleef
|j|☆Moose32
|html|bushidobayleefMoose32    
|uhtml|bestof|Game 1 of a best-of-3
|t:|1783386607
|gametype|doubles
|player|p1|bushidobayleef|acetrainercouple|
|player|p2|Moose32|tateandliza-gen6|
|gen|9
|tier|[Gen 9 Champions] VGC 2026 Reg M-B (Bo3)
|rule|Species Clause: Limit one of each Pokémon
|rule|Item Clause: Limit 1 of each item
|clearpoke
|poke|p1|Chesnaught, L50, M, shiny|
|poke|p1|Floette-Eternal, L50, F, shiny|
|poke|p1|Gengar, L50, M|
|poke|p1|Empoleon, L50, M|
|poke|p1|Tyranitar, L50, F, shiny|
|poke|p1|Weavile, L50, F|
|poke|p2|Pelipper, L50, M, shiny|
|poke|p2|Beartic, L50, M, shiny|
|poke|p2|Aggron, L50, M|
|poke|p2|Oranguru, L50, M|
|poke|p2|Basculegion-F, L50, F|
|poke|p2|Sylveon, L50, F|
|teampreview|4
|showteam|p1|Chesnaught||Chesnaughtite|Bulletproof|BodyPress,IronDefense,WoodHammer,SpikyShield|Careful||M|||50|]Floette-Eternal||FairyFeather|FlowerVeil|DazzlingGleam,LightofRuin,PollenPuff,Protect|Timid||F|||50|]Gengar||KasibBerry|CursedBody|SludgeBomb,ShadowBall,IcyWind,Protect|Modest||M|||50|]Empoleon||SitrusBerry|Competitive|HydroPump,Yawn,Roost,HelpingHand|Bold||M|||50|]Tyranitar||Tyranitarite|SandStream|RockSlide,KnockOff,Superpower,Protect|Adamant||F|||50|]Weavile||FocusSash|Pickpocket|FakeOut,KnockOff,LowKick,Protect|Adamant||F|||50|
|showteam|p2|Pelipper||FocusSash|Drizzle|WeatherBall,Hurricane,Tailwind,WideGuard|Modest||M|||50|]Beartic||LifeOrb|SwiftSwim|AquaJet,IcePunch,CloseCombat,Protect|Adamant||M|||50|]Aggron||Aggronite|Sturdy|IronHead,BodyPress,IronDefense,Protect|Brave||M|||50|]Oranguru||ColburBerry|InnerFocus|Psychic,Thunderbolt,Instruct,TrickRoom|Quiet||M|||50|]Basculegion-F||ChoiceScarf|Adaptability|MuddyWater,ShadowBall,IceBeam,FlipTurn|Modest||F|||50|]Sylveon||KebiaBerry|Pixilate|Moonblast,HyperVoice,WeatherBall,Detect|Modest||F|||50|
|c|☆Moose32|o7 goats
|
|t:|1783387155
|teamsize|p1|4
|teamsize|p2|4
|start
|switch|p1a: CAPTAIN CLARK|Chesnaught, L50, M, shiny|100/100
|switch|p1b: ULTIMATE LIFE FORM|Weavile, L50, F|100/100
|switch|p2a: SUPER BLOOPER|Basculegion-F, L50, F|100/100
|switch|p2b: BANISHER|Oranguru, L50, M|100/100
|turn|1
|
|t:|1783387410
|detailschange|p1a: CAPTAIN CLARK|Chesnaught-Mega, L50, M, shiny
|-mega|p1a: CAPTAIN CLARK|Chesnaught|Chesnaughtite
|move|p2a: SUPER BLOOPER|Muddy Water|p1a: CAPTAIN CLARK|[spread] p1a,p1b
|-resisted|p1a: CAPTAIN CLARK|1
|-damage|p1a: CAPTAIN CLARK|86/100
|-damage|p1b: ULTIMATE LIFE FORM|35/100
|move|p1b: ULTIMATE LIFE FORM|Knock Off|p2b: BANISHER
|-supereffective|p2b: BANISHER|1
|-enditem|p2b: BANISHER|Colbur Berry|[eat]
|-enditem|p2b: BANISHER|Colbur Berry|[weaken]
|-damage|p2b: BANISHER|49/100
|move|p2b: BANISHER|Psychic|p1a: CAPTAIN CLARK
|-supereffective|p1a: CAPTAIN CLARK|1
|-damage|p1a: CAPTAIN CLARK|45/100
|move|p1a: CAPTAIN CLARK|Wood Hammer|p2a: SUPER BLOOPER
|-supereffective|p2a: SUPER BLOOPER|1
|-damage|p2a: SUPER BLOOPER|0 fnt
|faint|p2a: SUPER BLOOPER
|-damage|p1a: CAPTAIN CLARK|11/100|[from] Recoil
|
|upkeep
|
|t:|1783387548
|switch|p2a: BARREL TRAIN|Pelipper, L50, M, shiny|100/100
|-weather|RainDance|[from] ability: Drizzle|[of] p2a: BARREL TRAIN
|turn|2
|
|t:|1783387709
|move|p1a: CAPTAIN CLARK|Spiky Shield|p1a: CAPTAIN CLARK
|-singleturn|p1a: CAPTAIN CLARK|move: Protect
|move|p1b: ULTIMATE LIFE FORM|Knock Off|p2b: BANISHER
|-supereffective|p2b: BANISHER|1
|-damage|p2b: BANISHER|0 fnt
|faint|p2b: BANISHER
|move|p2a: BARREL TRAIN|Tailwind|p2a: BARREL TRAIN
|-sidestart|p2: Moose32|move: Tailwind
|
|-weather|RainDance|[upkeep]
|upkeep
|j| upfrontsalt
|
|t:|1783387723
|switch|p2b: RAMBI RIDER|Aggron, L50, M|100/100
|turn|3
|c| upfrontsalt|I am a fucking architect
|
|t:|1783387929
|detailschange|p2b: RAMBI RIDER|Aggron-Mega, L50, M
|-mega|p2b: RAMBI RIDER|Aggron|Aggronite
|move|p1b: ULTIMATE LIFE FORM|Protect|p1b: ULTIMATE LIFE FORM
|-singleturn|p1b: ULTIMATE LIFE FORM|Protect
|move|p2a: BARREL TRAIN|Hurricane|p1b: ULTIMATE LIFE FORM
|-activate|p1b: ULTIMATE LIFE FORM|move: Protect
|move|p2b: RAMBI RIDER|Iron Head|p1a: CAPTAIN CLARK
|-crit|p1a: CAPTAIN CLARK
|-damage|p1a: CAPTAIN CLARK|0 fnt
|faint|p1a: CAPTAIN CLARK
|
|-weather|RainDance|[upkeep]
|upkeep
|
|t:|1783388044
|switch|p1a: KIRKALICIOUS|Empoleon, L50, M|100/100
|turn|4
|c|☆bushidobayleef|not sure why our switch isnt going thru
|c|☆bushidobayleef|oh there it goes
|c|☆bushidobayleef|just as i say that
|c|☆Moose32|he was nervous
|l|☆bushidobayleef
|player|p1|
|j|☆bushidobayleef
|player|p1|bushidobayleef|acetrainercouple|
|j| walshy608
|j| mundie mudsnapper
|c| walshy608|Hold up ari's having some connection issues
|c|☆bushidobayleef|having connection issues
|c|☆bushidobayleef|but i seem to be back
|l|☆bushidobayleef
|player|p1|
|j| Whim5
|j|☆bushidobayleef
|player|p1|bushidobayleef|acetrainercouple|
|
|t:|1783388357
|move|p1b: ULTIMATE LIFE FORM|Protect|p1b: ULTIMATE LIFE FORM
|-singleturn|p1b: ULTIMATE LIFE FORM|Protect
|move|p2b: RAMBI RIDER|Protect|p2b: RAMBI RIDER
|-singleturn|p2b: RAMBI RIDER|Protect
|move|p2a: BARREL TRAIN|Hurricane|p1b: ULTIMATE LIFE FORM
|-activate|p1b: ULTIMATE LIFE FORM|move: Protect
|move|p1a: KIRKALICIOUS|Yawn|p2b: RAMBI RIDER
|-activate|p2b: RAMBI RIDER|move: Protect
|
|-weather|RainDance|[upkeep]
|upkeep
|turn|5
|
|t:|1783388543
|move|p1b: ULTIMATE LIFE FORM|Protect||[still]
|-fail|p1b: ULTIMATE LIFE FORM
|move|p2a: BARREL TRAIN|Hurricane|p1b: ULTIMATE LIFE FORM
|-damage|p1b: ULTIMATE LIFE FORM|0 fnt
|faint|p1b: ULTIMATE LIFE FORM
|move|p2b: RAMBI RIDER|Iron Defense|p2b: RAMBI RIDER
|-boost|p2b: RAMBI RIDER|def|2
|move|p1a: KIRKALICIOUS|Yawn|p2b: RAMBI RIDER
|-start|p2b: RAMBI RIDER|move: Yawn|[of] p1a: KIRKALICIOUS
|
|-weather|RainDance|[upkeep]
|-sideend|p2: Moose32|move: Tailwind
|upkeep
|c|☆bushidobayleef|it wouldve been Really Funny
|
|t:|1783388565
|switch|p1b: THE BACKROOMS|Tyranitar, L50, F, shiny|100/100
|-weather|Sandstorm|[from] ability: Sand Stream|[of] p1b: THE BACKROOMS
|turn|6
|
|t:|1783388718
|move|p1b: THE BACKROOMS|Protect|p1b: THE BACKROOMS
|-singleturn|p1b: THE BACKROOMS|Protect
|move|p2a: BARREL TRAIN|Tailwind|p2a: BARREL TRAIN
|-sidestart|p2: Moose32|move: Tailwind
|move|p2b: RAMBI RIDER|Body Press|p1a: KIRKALICIOUS
|-supereffective|p1a: KIRKALICIOUS|1
|-damage|p1a: KIRKALICIOUS|0 fnt
|faint|p1a: KIRKALICIOUS
|
|-weather|Sandstorm|[upkeep]
|-damage|p2a: BARREL TRAIN|94/100|[from] Sandstorm
|-end|p2b: RAMBI RIDER|move: Yawn|[silent]
|-status|p2b: RAMBI RIDER|slp
|upkeep
|turn|7
|c|☆bushidobayleef|the way we were thinking of attacking
|
|t:|1783388782
|move|p2a: BARREL TRAIN|Hurricane|p1b: THE BACKROOMS
|-resisted|p1b: THE BACKROOMS|1
|-damage|p1b: THE BACKROOMS|83/100
|cant|p2b: RAMBI RIDER|slp
|move|p1b: THE BACKROOMS|Superpower|p2b: RAMBI RIDER
|-supereffective|p2b: RAMBI RIDER|1
|-damage|p2b: RAMBI RIDER|81/100 slp
|-unboost|p1b: THE BACKROOMS|atk|1
|-unboost|p1b: THE BACKROOMS|def|1
|
|-weather|Sandstorm|[upkeep]
|-damage|p2a: BARREL TRAIN|88/100|[from] Sandstorm
|upkeep
|turn|8
|c| walshy608|oh nah
|c|☆bushidobayleef|yikes
|
|t:|1783388802
|move|p2a: BARREL TRAIN|Hurricane|p1b: THE BACKROOMS
|-resisted|p1b: THE BACKROOMS|1
|-damage|p1b: THE BACKROOMS|67/100
|cant|p2b: RAMBI RIDER|slp
|move|p1b: THE BACKROOMS|Superpower|p2b: RAMBI RIDER
|-supereffective|p2b: RAMBI RIDER|1
|-damage|p2b: RAMBI RIDER|70/100 slp
|-unboost|p1b: THE BACKROOMS|atk|1
|-unboost|p1b: THE BACKROOMS|def|1
|
|-weather|Sandstorm|[upkeep]
|-damage|p2a: BARREL TRAIN|82/100|[from] Sandstorm
|upkeep
|turn|9
|
|t:|1783388817
|move|p2a: BARREL TRAIN|Hurricane|p1b: THE BACKROOMS
|-resisted|p1b: THE BACKROOMS|1
|-damage|p1b: THE BACKROOMS|52/100
|-curestatus|p2b: RAMBI RIDER|slp|[msg]
|move|p2b: RAMBI RIDER|Body Press|p1b: THE BACKROOMS
|-supereffective|p1b: THE BACKROOMS|2
|-crit|p1b: THE BACKROOMS
|-damage|p1b: THE BACKROOMS|0 fnt
|faint|p1b: THE BACKROOMS
|
|win|Moose32
||bushidobayleef is ready for game 2.
|inactive|Moose32 has 30 seconds to confirm battle start!
|c| walshy608|alas
|c|☆bushidobayleef|ggs
|c| walshy608|splendid round 1
|c|☆bushidobayleef|game 2
|inactive|Moose32 has 20 seconds to confirm battle start!
|c|☆Moose32|gg
||Moose32 is ready for game 2.
|uhtml|next|Next: Game 2 of 3
|l| Whim5
|l| upfrontsalt
|l| mundie mudsnapper
|l| walshy608
|l|☆bushidobayleef
|player|p1|
