|j|☆prosta1
|j|☆Rantix D Red
|html|prosta1Rantix D Red    
|uhtml|bestof|Game 3 of a best-of-3
|t:|1785419310
|gametype|doubles
|player|p1|prosta1|266|1223
|player|p2|Rantix D Red|ghetsis-gen5bw|1253
|gen|9
|tier|[Gen 9 Champions] VGC 2026 Reg M-B (Bo3)
|rated|
|rule|Species Clause: Limit one of each Pokémon
|rule|Item Clause: Limit 1 of each item
|clearpoke
|poke|p1|Gengar, L50, F|
|poke|p1|Swampert, L50, M|
|poke|p1|Incineroar, L50, F|
|poke|p1|Politoed, L50, F|
|poke|p1|Archaludon, L50, F|
|poke|p1|Vivillon, L50, F|
|poke|p2|Delphox, L50, M|
|poke|p2|Blastoise, L50, F|
|poke|p2|Incineroar, L50, M|
|poke|p2|Sinistcha, L50|
|poke|p2|Sneasler, L50, F|
|poke|p2|Maushold, L50|
|teampreview|4
|showteam|p1|Gengar||Gengarite|CursedBody|ShadowBall,SludgeBomb,PerishSong,Protect|Timid||F|||50|]Swampert||Swampertite|Damp|WaveCrash,Earthquake,IcePunch,Protect|Adamant||M|||50|]Incineroar||PasshoBerry|Intimidate|ThroatChop,PartingShot,FakeOut,Protect|Sassy||F|||50|]Politoed||SitrusBerry|Drizzle|WeatherBall,PerishSong,Hypnosis,Protect|Calm||F|||50|]Archaludon||Leftovers|Stamina|DragonPulse,FlashCannon,ElectroShot,Protect|Bold||F|||50|]Vivillon||FocusSash|CompoundEyes|Hurricane,SleepPowder,RagePowder,Protect|Timid||F|||50|
|showteam|p2|Delphox||Delphoxite|Blaze|HeatWave,NastyPlot,Psyshock,Protect|Timid||M|||50|]Blastoise||Blastoisinite|RainDish|WaterSpout,DarkPulse,ShellSmash,Protect|Timid||F|||50|]Incineroar||SitrusBerry|Intimidate|FakeOut,PartingShot,Roar,FlareBlitz|Careful||M|||50|]Sinistcha||CobaBerry|Hospitality|RagePowder,MatchaGotcha,Protect,LifeDew|Bold|||||50|]Sneasler||FocusSash|PoisonTouch|QuickGuard,FakeOut,CloseCombat,DireClaw|Jolly||F|||50|]Maushold||ChopleBerry|FriendGuard|SuperFang,FollowMe,HelpingHand,Protect|Impish|||||50|
|inactive|Battle timer is ON: inactive players will automatically lose when time's up. (requested by Rantix D Red)
|inactive|Rantix D Red has 60 seconds left.
|
|t:|1785419352
|teamsize|p1|4
|teamsize|p2|4
|start
|switch|p1a: Incineroar|Incineroar, L50, F|100/100
|switch|p1b: Gengar|Gengar, L50, F|100/100
|switch|p2a: Blastoise|Blastoise, L50, F|100/100
|switch|p2b: Maushold|Maushold, L50|100/100
|-ability|p1a: Incineroar|Intimidate|boost
|-unboost|p2a: Blastoise|atk|1
|-unboost|p2b: Maushold|atk|1
|turn|1
|inactive|Rantix D Red has 30 seconds left.
|inactive|Rantix D Red has 20 seconds left.
|
|t:|1785419390
|switch|p2b: Incineroar|Incineroar, L50, M|100/100
|-ability|p2b: Incineroar|Intimidate|boost
|-unboost|p1a: Incineroar|atk|1
|-unboost|p1b: Gengar|atk|1
|detailschange|p1b: Gengar|Gengar-Mega, L50, F
|-mega|p1b: Gengar|Gengar|Gengarite
|detailschange|p2a: Blastoise|Blastoise-Mega, L50, F
|-mega|p2a: Blastoise|Blastoise|Blastoisinite
|move|p1a: Incineroar|Fake Out|p2a: Blastoise
|-crit|p2a: Blastoise
|-damage|p2a: Blastoise|83/100
|move|p1b: Gengar|Perish Song|p1b: Gengar
|-start|p1a: Incineroar|perish3|[silent]
|-start|p1b: Gengar|perish3|[silent]
|-start|p2a: Blastoise|perish3|[silent]
|-start|p2b: Incineroar|perish3|[silent]
|-fieldactivate|move: Perish Song
|cant|p2a: Blastoise|flinch
|
|-start|p1b: Gengar|perish3
|-start|p2a: Blastoise|perish3
|-start|p2b: Incineroar|perish3
|-start|p1a: Incineroar|perish3
|upkeep
|turn|2
|inactive|prosta1 has 30 seconds left.
|inactive|Rantix D Red has 30 seconds left.
|
|t:|1785419420
|move|p1b: Gengar|Protect|p1b: Gengar
|-singleturn|p1b: Gengar|Protect
|move|p1a: Incineroar|Protect|p1a: Incineroar
|-singleturn|p1a: Incineroar|Protect
|move|p2a: Blastoise|Water Spout|p1a: Incineroar|[spread] 
|-activate|p1a: Incineroar|move: Protect
|-activate|p1b: Gengar|move: Protect
|move|p2b: Incineroar|Parting Shot|p1a: Incineroar
|-activate|p1a: Incineroar|move: Protect
|
|-start|p1b: Gengar|perish2
|-start|p2a: Blastoise|perish2
|-start|p2b: Incineroar|perish2
|-start|p1a: Incineroar|perish2
|upkeep
|turn|3
|inactive|prosta1 has 30 seconds left.
|inactive|prosta1 has 20 seconds left.
|inactive|prosta1 has 15 seconds left.
|inactive|prosta1 has 10 seconds left.
|inactive|prosta1 has 5 seconds left.
|
|t:|1785419474
|switch|p1b: Politoed|Politoed, L50, F|100/100
|-weather|RainDance|[from] ability: Drizzle|[of] p1b: Politoed
|move|p2a: Blastoise|Water Spout|p1b: Politoed|[spread] p1a,p1b
|-supereffective|p1a: Incineroar|1
|-enditem|p1a: Incineroar|Passho Berry|[eat]
|-enditem|p1a: Incineroar|Passho Berry|[weaken]
|-resisted|p1b: Politoed|1
|-damage|p1a: Incineroar|46/100
|-damage|p1b: Politoed|72/100
|move|p1a: Incineroar|Parting Shot|p1b: Politoed
|-unboost|p1b: Politoed|atk|1
|-unboost|p1b: Politoed|spa|1
|
|t:|1785419487
|switch|p1a: Gengar|Gengar-Mega, L50, F|100/100|[from] Parting Shot
|move|p2b: Incineroar|Roar|p2a: Blastoise
|drag|p2a: Maushold|Maushold, L50|100/100
|
|-weather|RainDance|[upkeep]
|-start|p2b: Incineroar|perish1
|upkeep
|turn|4
|
|t:|1785419511
|move|p2a: Maushold|Follow Me|p2a: Maushold
|-singleturn|p2a: Maushold|move: Follow Me
|move|p1a: Gengar|Shadow Ball|p2a: Maushold
|-immune|p2a: Maushold
|move|p1b: Politoed|Weather Ball|p2a: Maushold
|-damage|p2a: Maushold|66/100
|move|p2b: Incineroar|Parting Shot|p2a: Maushold
|-unboost|p2a: Maushold|atk|1
|-unboost|p2a: Maushold|spa|1
|
|t:|1785419525
|switch|p2b: Blastoise|Blastoise-Mega, L50, F|83/100|[from] Parting Shot
|
|-weather|RainDance|[upkeep]
|upkeep
|turn|5
|
|t:|1785419542
|move|p2a: Maushold|Follow Me|p2a: Maushold
|-singleturn|p2a: Maushold|move: Follow Me
|move|p1a: Gengar|Perish Song|p1a: Gengar
|-start|p1a: Gengar|perish3|[silent]
|-start|p1b: Politoed|perish3|[silent]
|-start|p2a: Maushold|perish3|[silent]
|-start|p2b: Blastoise|perish3|[silent]
|-fieldactivate|move: Perish Song
|move|p2b: Blastoise|Water Spout|p1b: Politoed|[spread] p1a,p1b
|-resisted|p1b: Politoed|1
|-damage|p1a: Gengar|23/100
|-damage|p1b: Politoed|42/100
|-enditem|p1b: Politoed|Sitrus Berry|[eat]
|-heal|p1b: Politoed|67/100|[from] item: Sitrus Berry
|move|p1b: Politoed|Hypnosis|p2a: Maushold
|-status|p2a: Maushold|slp|[from] move: Hypnosis
|
|-weather|RainDance|[upkeep]
|-start|p1a: Gengar|perish3
|-start|p2b: Blastoise|perish3
|-start|p2a: Maushold|perish3
|-start|p1b: Politoed|perish3
|upkeep
|turn|6
|inactive|Rantix D Red has 30 seconds left.
|
|t:|1785419568
|move|p1a: Gengar|Protect|p1a: Gengar
|-singleturn|p1a: Gengar|Protect
|cant|p2a: Maushold|slp
|move|p2b: Blastoise|Shell Smash|p2b: Blastoise
|-unboost|p2b: Blastoise|def|1
|-unboost|p2b: Blastoise|spd|1
|-boost|p2b: Blastoise|atk|2
|-boost|p2b: Blastoise|spa|2
|-boost|p2b: Blastoise|spe|2
|move|p1b: Politoed|Hypnosis|p2b: Blastoise
|-status|p2b: Blastoise|slp|[from] move: Hypnosis
|
|-weather|RainDance|[upkeep]
|-start|p2b: Blastoise|perish2
|-start|p1a: Gengar|perish2
|-start|p2a: Maushold|perish2
|-start|p1b: Politoed|perish2
|upkeep
|turn|7
|inactive|prosta1 has 30 seconds left.
|
|t:|1785419600
|switch|p1b: Incineroar|Incineroar, L50, F|46/100
|-ability|p1b: Incineroar|Intimidate|boost
|-unboost|p2a: Maushold|atk|1
|-unboost|p2b: Blastoise|atk|1
|cant|p2a: Maushold|slp
|cant|p2b: Blastoise|slp
|move|p1a: Gengar|Shadow Ball|p2b: Blastoise
|-damage|p2b: Blastoise|30/100 slp
|-unboost|p2b: Blastoise|spd|1
|
|-weather|none
|-start|p2b: Blastoise|perish1
|-start|p1a: Gengar|perish1
|-start|p2a: Maushold|perish1
|upkeep
|turn|8
|inactive|prosta1 has 30 seconds left.
|
|t:|1785419629
|switch|p1a: Archaludon|Archaludon, L50, F|100/100
|-curestatus|p2a: Maushold|slp|[msg]
|move|p2a: Maushold|Helping Hand|p2b: Blastoise
|-singleturn|p2b: Blastoise|Helping Hand|[of] p2a: Maushold
|move|p1b: Incineroar|Fake Out|p2b: Blastoise
|-damage|p2b: Blastoise|17/100 slp
|-curestatus|p2b: Blastoise|slp|[msg]
|cant|p2b: Blastoise|flinch
|
|-start|p2b: Blastoise|perish0
|-start|p2a: Maushold|perish0
|upkeep
|faint|p2b: Blastoise
|faint|p2a: Maushold
|-message|Rantix D Red forfeited.
|
|win|prosta1
|raw|prosta1's rating: 1223 → 1250(+27 for winning)
|raw|Rantix D Red's rating: 1253 → 1226(-27 for losing)
|l|☆Rantix D Red
|player|p2|
