|j|☆steelag0
|j|☆1Manuel1410
|html|steelag01Manuel1410    
|uhtml|bestof|Game 3 of a best-of-3
|t:|1782408952
|gametype|doubles
|player|p1|steelag0|policeman-gen4|1103
|player|p2|1Manuel1410|palmer|1203
|gen|9
|tier|[Gen 9 Champions] VGC 2026 Reg M-B (Bo3)
|rated|
|rule|Species Clause: Limit one of each Pokémon
|rule|Item Clause: Limit 1 of each item
|clearpoke
|poke|p1|Hydreigon, L50, M|
|poke|p1|Garchomp, L50, F|
|poke|p1|Metagross, L50|
|poke|p1|Charizard, L50, F|
|poke|p1|Grimmsnarl, L50, M|
|poke|p1|Toxapex, L50, M|
|poke|p2|Eelektross, L50, M|
|poke|p2|Espathra, L50, M|
|poke|p2|Gholdengo, L50|
|poke|p2|Garchomp, L50, F|
|poke|p2|Incineroar, L50, F|
|poke|p2|Sylveon, L50, M|
|teampreview|4
|showteam|p1|Hydreigon||ChoiceScarf|Levitate|HeatWave,DarkPulse,DracoMeteor,Snarl|Modest||M|||50|]Garchomp||SitrusBerry|RoughSkin|Earthquake,RockSlide,DragonClaw,Protect|Adamant||F|||50|]Metagross||Metagrossite|ClearBody|IronHead,PsychicFangs,BulletPunch,Protect|Adamant|||||50|]Charizard||CharizarditeY|Blaze|Protect,HeatWave,SolarBeam,WeatherBall|Timid||F|||50|]Grimmsnarl||RoseliBerry|Prankster|FakeOut,FoulPlay,Reflect,PartingShot|Sassy||M|||50|]Toxapex||Leftovers|Regenerator|Infestation,Toxic,BanefulBunker,WideGuard|Bold||M|||50|
|showteam|p2|Eelektross||Eelektrossite|Levitate|Protect,Thunderbolt,GigaDrain,DragonPulse|Timid||M|||50|]Espathra||FocusSash|SpeedBoost|Protect,CalmMind,BatonPass,LuminaCrash|Timid||M|||50|]Gholdengo||LifeOrb|GoodasGold|Protect,ShadowBall,MakeItRain,NastyPlot|Timid|||||50|]Garchomp||SoftSand|RoughSkin|Protect,Earthquake,StompingTantrum,DragonClaw|Jolly||F|||50|]Incineroar||SitrusBerry|Intimidate|FakeOut,FlareBlitz,PartingShot,DarkestLariat|Impish||F|||50|]Sylveon||FairyFeather|Pixilate|Protect,Moonblast,HyperVoice,HyperBeam|Modest||M|||50|
|inactive|Battle timer is ON: inactive players will automatically lose when time's up. (requested by 1Manuel1410)
|c|☆steelag0|bulk and adamant
|c|☆steelag0|el equipo esta hecho para stallear
|inactive|steelag0 has 60 seconds left.
|c|☆1Manuel1410|Ni que fueras wolfey
|inactive|steelag0 has 30 seconds left.
|
|t:|1782409015
|teamsize|p1|4
|teamsize|p2|4
|start
|switch|p1a: Hydreigon|Hydreigon, L50, M|100/100
|switch|p1b: Grimmsnarl|Grimmsnarl, L50, M|100/100
|switch|p2a: Incineroar|Incineroar, L50, F|100/100
|switch|p2b: Espathra|Espathra, L50, M|100/100
|-ability|p2a: Incineroar|Intimidate|boost
|-unboost|p1a: Hydreigon|atk|1
|-unboost|p1b: Grimmsnarl|atk|1
|turn|1
|c|☆1Manuel1410|Él es al unico al que le sale bien el stall
|c|☆steelag0|no es mio, solo lo copie
|c|☆steelag0|bueno tranquilo genio jaja
|inactive|steelag0 has 30 seconds left.
|
|t:|1782409044
|move|p2a: Incineroar|Fake Out|p1a: Hydreigon
|-damage|p1a: Hydreigon|86/100
|move|p1b: Grimmsnarl|Fake Out|p2b: Espathra
|-damage|p2b: Espathra|92/100
|cant|p1a: Hydreigon|flinch
|cant|p2b: Espathra|flinch
|
|-ability|p2b: Espathra|Speed Boost|boost
|-boost|p2b: Espathra|spe|1
|upkeep
|turn|2
|inactive|steelag0 has 30 seconds left.
|inactive|1Manuel1410 has 30 seconds left.
|c|☆1Manuel1410|No estoy mintiendo. A nadie se le ocurriría llevar a un toxapex a las finales de un internacional
|inactive|1Manuel1410 has 20 seconds left.
|
|t:|1782409084
|move|p2b: Espathra|Protect|p2b: Espathra
|-singleturn|p2b: Espathra|Protect
|move|p1b: Grimmsnarl|Parting Shot|p2b: Espathra
|-activate|p2b: Espathra|move: Protect
|move|p1a: Hydreigon|Dark Pulse|p2b: Espathra
|-activate|p2b: Espathra|move: Protect
|move|p2a: Incineroar|Parting Shot|p1a: Hydreigon
|-unboost|p1a: Hydreigon|atk|1
|-unboost|p1a: Hydreigon|spa|1
|
|t:|1782409092
|switch|p2a: Garchomp|Garchomp, L50, F|100/100|[from] Parting Shot
|
|-ability|p2b: Espathra|Speed Boost|boost
|-boost|p2b: Espathra|spe|1
|upkeep
|turn|3
|
|t:|1782409101
|move|p1b: Grimmsnarl|Parting Shot|p2a: Garchomp
|-unboost|p2a: Garchomp|atk|1
|-unboost|p2a: Garchomp|spa|1
|
|t:|1782409106
|switch|p1b: Metagross|Metagross, L50|100/100|[from] Parting Shot
|move|p2b: Espathra|Baton Pass|p2b: Espathra
|
|t:|1782409110
|switch|p2b: Incineroar|Incineroar, L50, F|100/100|[from] Baton Pass
|-ability|p2b: Incineroar|Intimidate|boost
|-unboost|p1a: Hydreigon|atk|1
|-fail|p1b: Metagross|unboost|[from] ability: Clear Body|[of] p1b: Metagross
|move|p1a: Hydreigon|Dark Pulse|p2b: Incineroar
|-resisted|p2b: Incineroar|1
|-damage|p2b: Incineroar|86/100
|move|p2a: Garchomp|Dragon Claw|p1a: Hydreigon
|-supereffective|p1a: Hydreigon|1
|-damage|p1a: Hydreigon|24/100
|
|upkeep
|turn|4
|
|t:|1782409134
|switch|p1a: Grimmsnarl|Grimmsnarl, L50, M|100/100
|detailschange|p1b: Metagross|Metagross-Mega, L50
|-mega|p1b: Metagross|Metagross|Metagrossite
|move|p2a: Garchomp|Dragon Claw|p1a: Grimmsnarl
|-immune|p1a: Grimmsnarl
|move|p2b: Incineroar|Darkest Lariat|p1b: Metagross
|-supereffective|p1b: Metagross|1
|-damage|p1b: Metagross|56/100
|move|p1b: Metagross|Psychic Fangs|p2a: Garchomp
|-damage|p2a: Garchomp|26/100
|-damage|p1b: Metagross|44/100|[from] ability: Rough Skin|[of] p2a: Garchomp
|
|upkeep
|turn|5
|inactive|1Manuel1410 has 30 seconds left.
|
|t:|1782409159
|switch|p2a: Gholdengo|Gholdengo, L50|100/100
|move|p1b: Metagross|Protect|p1b: Metagross
|-singleturn|p1b: Metagross|Protect
|move|p1a: Grimmsnarl|Reflect|p1a: Grimmsnarl
|-sidestart|p1: steelag0|Reflect
|move|p2b: Incineroar|Darkest Lariat|p1b: Metagross
|-activate|p1b: Metagross|move: Protect
|
|upkeep
|turn|6
|c|☆steelag0|eso que mas da? habiendo visto ya que funciona se pude llevar
|inactive|steelag0 has 30 seconds left.
|
|t:|1782409191
|move|p1b: Metagross|Bullet Punch|p2a: Gholdengo
|-resisted|p2a: Gholdengo|1
|-damage|p2a: Gholdengo|79/100
|move|p2b: Incineroar|Flare Blitz|p1a: Grimmsnarl
|-damage|p1a: Grimmsnarl|67/100
|-damage|p2b: Incineroar|76/100|[from] Recoil
|move|p2a: Gholdengo|Nasty Plot|p2a: Gholdengo
|-boost|p2a: Gholdengo|spa|2
|move|p1a: Grimmsnarl|Foul Play|p2a: Gholdengo
|-supereffective|p2a: Gholdengo|1
|-damage|p2a: Gholdengo|35/100
|
|upkeep
|turn|7
|
|t:|1782409217
|move|p2a: Gholdengo|Protect|p2a: Gholdengo
|-singleturn|p2a: Gholdengo|Protect
|move|p1b: Metagross|Protect|p1b: Metagross
|-singleturn|p1b: Metagross|Protect
|move|p2b: Incineroar|Flare Blitz|p1b: Metagross
|-activate|p1b: Metagross|move: Protect
|move|p1a: Grimmsnarl|Foul Play|p2a: Gholdengo
|-activate|p2a: Gholdengo|move: Protect
|
|upkeep
|turn|8
|inactive|1Manuel1410 has 30 seconds left.
|inactive|1Manuel1410 has 20 seconds left.
|inactive|1Manuel1410 has 15 seconds left.
|inactive|1Manuel1410 has 10 seconds left.
|inactive|1Manuel1410 has 5 seconds left.
|
|t:|1782409272
|move|p2a: Gholdengo|Protect||[still]
|-fail|p2a: Gholdengo
|move|p1b: Metagross|Protect|p1b: Metagross
|-singleturn|p1b: Metagross|Protect
|move|p2b: Incineroar|Flare Blitz|p1a: Grimmsnarl
|-damage|p1a: Grimmsnarl|39/100
|-status|p1a: Grimmsnarl|brn
|-damage|p2b: Incineroar|67/100|[from] Recoil
|move|p1a: Grimmsnarl|Foul Play|p2a: Gholdengo
|-supereffective|p2a: Gholdengo|1
|-damage|p2a: Gholdengo|13/100
|
|-damage|p1a: Grimmsnarl|33/100 brn|[from] brn
|upkeep
|turn|9
|inactive|steelag0 has 30 seconds left.
|
|t:|1782409298
|move|p2a: Gholdengo|Protect|p2a: Gholdengo
|-singleturn|p2a: Gholdengo|Protect
|move|p1b: Metagross|Bullet Punch|p2a: Gholdengo
|-activate|p2a: Gholdengo|move: Protect
|move|p1a: Grimmsnarl|Parting Shot|p2b: Incineroar
|-hint|Since gen 7, Dark is immune to Prankster moves.
|-immune|p2b: Incineroar
|move|p2b: Incineroar|Flare Blitz|p1b: Metagross
|-supereffective|p1b: Metagross|1
|-damage|p1b: Metagross|1/100
|-damage|p2b: Incineroar|53/100|[from] Recoil
|
|-damage|p1a: Grimmsnarl|27/100 brn|[from] brn
|-sideend|p1: steelag0|Reflect
|upkeep
|turn|10
|
|t:|1782409317
|move|p2a: Gholdengo|Protect|p2a: Gholdengo
|-singleturn|p2a: Gholdengo|Protect
|move|p1b: Metagross|Bullet Punch|p2a: Gholdengo
|-activate|p2a: Gholdengo|move: Protect
|move|p1a: Grimmsnarl|Reflect|p1a: Grimmsnarl
|-sidestart|p1: steelag0|Reflect
|move|p2b: Incineroar|Darkest Lariat|p1b: Metagross
|-supereffective|p1b: Metagross|1
|-damage|p1b: Metagross|0 fnt
|faint|p1b: Metagross
|
|-damage|p1a: Grimmsnarl|21/100 brn|[from] brn
|upkeep
|
|t:|1782409327
|switch|p1b: Garchomp|Garchomp, L50, F|100/100
|turn|11
|
|t:|1782409346
|switch|p1a: Hydreigon|Hydreigon, L50, M|24/100
|move|p2b: Incineroar|Flare Blitz|p1a: Hydreigon
|-resisted|p1a: Hydreigon|1
|-damage|p1a: Hydreigon|7/100
|-damage|p2b: Incineroar|49/100|[from] Recoil
|-enditem|p2b: Incineroar|Sitrus Berry|[eat]
|-heal|p2b: Incineroar|73/100|[from] item: Sitrus Berry
|move|p2a: Gholdengo|Make It Rain|p1b: Garchomp|[spread] p1a,p1b
|-damage|p1a: Hydreigon|0 fnt
|-damage|p1b: Garchomp|0 fnt
|-unboost|p2a: Gholdengo|spa|2
|faint|p1a: Hydreigon
|faint|p1b: Garchomp
|-damage|p2a: Gholdengo|3/100|[from] item: Life Orb
|
|upkeep
|-message|steelag0 forfeited.
|
|win|1Manuel1410
|raw|steelag0's rating: 1103 → 1085(-18 for losing)
|raw|1Manuel1410's rating: 1203 → 1221(+18 for winning)
