|j|☆jsajsajs
|j|☆P!nkbearz07
|html|jsajsajsP!nkbearz07    
|uhtml|bestof|Game 3 of a best-of-3
|t:|1757724586
|gametype|doubles
|player|p1|jsajsajs|blue|1079
|player|p2|P!nkbearz07|marlon|1089
|gen|9
|tier|[Gen 9] VGC 2025 Reg H (Bo3)
|rated|
|rule|Species Clause: Limit one of each Pokémon
|rule|Item Clause: Limit 1 of each item
|clearpoke
|poke|p1|Dragonite, L50, M|
|poke|p1|Amoonguss, L50, F|
|poke|p1|Ursaluna, L50, M|
|poke|p1|Smeargle, L50, M|
|poke|p1|Gholdengo, L50|
|poke|p1|Incineroar, L50, M|
|poke|p2|Tyranitar, L50, F|
|poke|p2|Excadrill, L50, M|
|poke|p2|Empoleon, L50, M|
|poke|p2|Annihilape, L50, M|
|poke|p2|Gholdengo, L50|
|poke|p2|Hydreigon, L50, F|
|teampreview|4
|showteam|p1|Dragonite||LoadedDice|Multiscale|ScaleShot,ExtremeSpeed,Haze,Protect|||M|||50|,,,,,Fairy]Amoonguss||RockyHelmet|Regenerator|PollenPuff,Spore,RagePowder,Protect|||F|||50|,,,,,Water]Ursaluna||FlameOrb|Guts|HeadlongRush,Facade,Earthquake,Protect|||M|||50|,,,,,Ghost]Smeargle||FocusSash|Moody|Endeavor,Spore,FollowMe,SpikyShield|||M|||50|,,,,,Ghost]Gholdengo||Leftovers|GoodasGold|MakeItRain,ShadowBall,NastyPlot,Protect||||||50|,,,,,Fairy]Incineroar||SafetyGoggles|Intimidate|FlareBlitz,KnockOff,FakeOut,PartingShot|||M|||50|,,,,,Ghost
|showteam|p2|Tyranitar||AssaultVest|SandStream|RockSlide,KnockOff,TeraBlast,LowKick|||F|||50|,,,,,Flying]Excadrill||FocusSash|SandRush|Earthquake,HighHorsepower,IronHead,Protect|||M|||50|,,,,,Ground]Empoleon||CovertCloak|Competitive|HydroPump,FlashCannon,IcyWind,Protect|||M|||50|,,,,,Grass]Annihilape||ChoiceScarf|Defiant|RageFist,CloseCombat,FinalGambit,Coaching|||M|||50|,,,,,Grass]Gholdengo||LifeOrb|GoodasGold|Protect,NastyPlot,ShadowBall,MakeItRain||||||50|,,,,,Steel]Hydreigon||ChoiceSpecs|Levitate|HeatWave,Snarl,DarkPulse,DracoMeteor|||F|||50|,,,,,Fire
|inactive|Battle timer is ON: inactive players will automatically lose when time's up. (requested by P!nkbearz07)
|
|t:|1757724614
|teamsize|p1|4
|teamsize|p2|4
|start
|switch|p1a: Smeargle|Smeargle, L50, M, shiny|100/100
|switch|p1b: Gholdengo|Gholdengo, L50|100/100
|switch|p2a: Dust Devil|Tyranitar, L50, F, shiny|100/100
|switch|p2b: Oil Rig|Excadrill, L50, M, shiny|100/100
|-weather|Sandstorm|[from] ability: Sand Stream|[of] p2a: Dust Devil
|turn|1
|inactive|jsajsajs has 30 seconds left.
|
|t:|1757724644
|-terastallize|p2a: Dust Devil|Flying
|move|p1b: Gholdengo|Protect|p1b: Gholdengo
|-singleturn|p1b: Gholdengo|Protect
|move|p2b: Oil Rig|Earthquake|p1a: Smeargle|[spread] p1a
|-activate|p1b: Gholdengo|move: Protect
|-immune|p2a: Dust Devil
|-enditem|p1a: Smeargle|Focus Sash
|-damage|p1a: Smeargle|1/100
|move|p1a: Smeargle|Spore|p2a: Dust Devil
|-status|p2a: Dust Devil|slp|[from] move: Spore
|cant|p2a: Dust Devil|slp
|
|-weather|Sandstorm|[upkeep]
|-damage|p1a: Smeargle|0 fnt|[from] Sandstorm
|-damage|p2a: Dust Devil|94/100 slp|[from] Sandstorm
|faint|p1a: Smeargle
|upkeep
|
|t:|1757724665
|switch|p1a: Ursaluna|Ursaluna, L50, M, shiny|100/100
|turn|2
|inactive|jsajsajs has 30 seconds left.
|
|t:|1757724694
|-terastallize|p1b: Gholdengo|Fairy
|move|p2b: Oil Rig|Earthquake|p1a: Ursaluna|[spread] p1a,p1b
|-immune|p2a: Dust Devil
|-damage|p1a: Ursaluna|71/100
|-damage|p1b: Gholdengo|54/100
|move|p1b: Gholdengo|Shadow Ball|p2a: Dust Devil
|-damage|p2a: Dust Devil|66/100 slp
|cant|p2a: Dust Devil|slp
|move|p1a: Ursaluna|Headlong Rush|p2b: Oil Rig
|-supereffective|p2b: Oil Rig
|-enditem|p2b: Oil Rig|Focus Sash
|-damage|p2b: Oil Rig|1/100
|-unboost|p1a: Ursaluna|def|1
|-unboost|p1a: Ursaluna|spd|1
|
|-weather|Sandstorm|[upkeep]
|-damage|p1b: Gholdengo|48/100|[from] Sandstorm
|-damage|p2a: Dust Devil|60/100 slp|[from] Sandstorm
|-heal|p1b: Gholdengo|54/100|[from] item: Leftovers
|-status|p1a: Ursaluna|brn|[from] item: Flame Orb
|upkeep
|turn|3
|inactive|jsajsajs has 30 seconds left.
|
|t:|1757724719
|move|p1a: Ursaluna|Protect|p1a: Ursaluna
|-singleturn|p1a: Ursaluna|Protect
|move|p2b: Oil Rig|Iron Head|p1b: Gholdengo
|-supereffective|p1b: Gholdengo
|-damage|p1b: Gholdengo|0 fnt
|faint|p1b: Gholdengo
|cant|p2a: Dust Devil|slp
|
|-weather|Sandstorm|[upkeep]
|-damage|p2a: Dust Devil|54/100 slp|[from] Sandstorm
|-damage|p1a: Ursaluna|65/100 brn|[from] brn
|upkeep
|
|t:|1757724729
|switch|p1b: Artemisa|Amoonguss, L50, F, shiny|100/100
|turn|4
|
|t:|1757724741
|move|p1b: Artemisa|Rage Powder|p1b: Artemisa
|-singleturn|p1b: Artemisa|move: Rage Powder
|move|p2b: Oil Rig|High Horsepower|p1b: Artemisa
|-damage|p1b: Artemisa|54/100
|-damage|p2b: Oil Rig|0 fnt|[from] item: Rocky Helmet|[of] p1b: Artemisa
|faint|p2b: Oil Rig
|-curestatus|p2a: Dust Devil|slp|[msg]
|move|p2a: Dust Devil|Tera Blast|p1b: Artemisa|[anim] Tera Blast Flying
|-supereffective|p1b: Artemisa
|-damage|p1b: Artemisa|0 fnt
|faint|p1b: Artemisa
|move|p1a: Ursaluna|Facade|p2a: Dust Devil
|-damage|p2a: Dust Devil|0 fnt
|faint|p2a: Dust Devil
|
|-weather|Sandstorm|[upkeep]
|-damage|p1a: Ursaluna|60/100 brn|[from] brn
|upkeep
|
|t:|1757724746
|switch|p2b: DK|Annihilape, L50, M|100/100
|switch|p2a: Nightmare|Hydreigon, L50, F|100/100
|turn|5
|
|t:|1757724765
|move|p2b: DK|Close Combat|p1a: Ursaluna
|-supereffective|p1a: Ursaluna
|-damage|p1a: Ursaluna|0 fnt
|-unboost|p2b: DK|def|1
|-unboost|p2b: DK|spd|1
|faint|p1a: Ursaluna
|
|win|P!nkbearz07
|raw|jsajsajs's rating: 1104 → 1078(-26 for losing)
|raw|P!nkbearz07's rating: 1089 → 1117(+28 for winning)
