|j|☆Brummes
|j|☆The PWC Luigi
|html|BrummesThe PWC Luigi    
|uhtml|bestof|Game 1 of a best-of-3
|t:|1756902892
|gametype|doubles
|player|p1|Brummes|170|1084
|player|p2|The PWC Luigi|cheren-gen5bw2|1044
|gen|9
|tier|[Gen 9] VGC 2025 Reg H (Bo3)
|rated|
|rule|Species Clause: Limit one of each Pokémon
|rule|Item Clause: Limit 1 of each item
|clearpoke
|poke|p1|Azumarill, L50, M|
|poke|p1|Politoed, L50, F|
|poke|p1|Dragonite, L50, F|
|poke|p1|Clefairy, L50, M|
|poke|p1|Sinistcha, L50|
|poke|p1|Pawmot, L50, F|
|poke|p2|Tyranitar, L50, M|
|poke|p2|Excadrill, L50, F|
|poke|p2|Sinistcha-Masterpiece, L50|
|poke|p2|Salamence, L50, F|
|poke|p2|Blaziken, L50, M|
|poke|p2|Bruxish, L50, M|
|teampreview|4
|showteam|p1|Azumarill||SitrusBerry|HugePower|AquaJet,PlayRough,Protect,BellyDrum|||M|||50|,,,,,Water]Politoed||RindoBerry|Drizzle|MuddyWater,Protect,PerishSong,IceBeam|||F|||50|,,,,,Grass]Dragonite||ClearAmulet|Multiscale|DragonDance,DragonClaw,TeraBlast,Protect|||F|||50|,,,,,Flying]Clefairy||Eviolite|FriendGuard|FollowMe,Moonblast,LifeDew,Protect|||M|||50|,,,,,Steel]Sinistcha||CobaBerry|Hospitality|MatchaGotcha,RagePowder,TrickRoom,Protect||||||50|,,,,,Fire]Pawmot||AssaultVest|NaturalCure|CloseCombat,DoubleShock,FakeOut,Nuzzle|||F|||50|,,,,,Electric
|showteam|p2|Tyranitar||ClearAmulet|SandStream|RockSlide,KnockOff,DragonDance,Protect|||M|||50|,,,,,Grass]Excadrill||AssaultVest|SandRush|Earthquake,IronHead,HighHorsepower,RockSlide|||F|||50|,,,,,Ghost]Sinistcha-Masterpiece||SitrusBerry|Hospitality|ShadowBall,MatchaGotcha,RagePowder,Protect||||||50|,,,,,Dark]Salamence||LifeOrb|Intimidate|DracoMeteor,AirSlash,Protect,Tailwind|||F|||50|,,,,,Ghost]Blaziken||CovertCloak|SpeedBoost|AuraSphere,HeatWave,Coaching,WillOWisp|||M|||50|,,,,,Dragon]Bruxish||ChoiceScarf|Dazzling|PsychicFangs,WaveCrash,FlipTurn,SuperFang|||M|||50|,,,,,Water
|j| sandy ghost 5
|
|t:|1756902980
|teamsize|p1|4
|teamsize|p2|4
|start
|switch|p1a: Dragonite|Dragonite, L50, F|100/100
|switch|p1b: Pawmot|Pawmot, L50, F|100/100
|switch|p2a: Tyranitar|Tyranitar, L50, M|100/100
|switch|p2b: Blaziken|Blaziken, L50, M|100/100
|-weather|Sandstorm|[from] ability: Sand Stream|[of] p2a: Tyranitar
|turn|1
|
|t:|1756903035
|move|p2a: Tyranitar|Protect|p2a: Tyranitar
|-singleturn|p2a: Tyranitar|Protect
|move|p1b: Pawmot|Fake Out|p2b: Blaziken
|-damage|p2b: Blaziken|86/100
|move|p2b: Blaziken|Coaching|p2a: Tyranitar
|-boost|p2a: Tyranitar|atk|1
|-boost|p2a: Tyranitar|def|1
|move|p1a: Dragonite|Dragon Dance|p1a: Dragonite
|-boost|p1a: Dragonite|atk|1
|-boost|p1a: Dragonite|spe|1
|
|-weather|Sandstorm|[upkeep]
|-damage|p1a: Dragonite|94/100|[from] Sandstorm
|-damage|p1b: Pawmot|94/100|[from] Sandstorm
|-damage|p2b: Blaziken|80/100|[from] Sandstorm
|-ability|p2b: Blaziken|Speed Boost|boost
|-boost|p2b: Blaziken|spe|1
|upkeep
|turn|2
|
|t:|1756903081
|-terastallize|p1a: Dragonite|Flying
|-terastallize|p2a: Tyranitar|Grass
|move|p2b: Blaziken|Coaching|p2a: Tyranitar
|-boost|p2a: Tyranitar|atk|1
|-boost|p2a: Tyranitar|def|1
|move|p1a: Dragonite|Tera Blast|p2a: Tyranitar|[anim] Tera Blast Flying
|-supereffective|p2a: Tyranitar
|-damage|p2a: Tyranitar|7/100
|move|p1b: Pawmot|Close Combat|p2a: Tyranitar
|-damage|p2a: Tyranitar|0 fnt
|-unboost|p1b: Pawmot|def|1
|-unboost|p1b: Pawmot|spd|1
|faint|p2a: Tyranitar
|
|-weather|Sandstorm|[upkeep]
|-damage|p2b: Blaziken|75/100|[from] Sandstorm
|-damage|p1a: Dragonite|88/100|[from] Sandstorm
|-damage|p1b: Pawmot|88/100|[from] Sandstorm
|-ability|p2b: Blaziken|Speed Boost|boost
|-boost|p2b: Blaziken|spe|1
|upkeep
|
|t:|1756903108
|switch|p2a: Bruxish|Bruxish, L50, M|100/100
|turn|3
|
|t:|1756903132
|move|p2b: Blaziken|Coaching|p2a: Bruxish
|-boost|p2a: Bruxish|atk|1
|-boost|p2a: Bruxish|def|1
|move|p2a: Bruxish|Psychic Fangs|p1b: Pawmot
|-supereffective|p1b: Pawmot
|-damage|p1b: Pawmot|0 fnt
|faint|p1b: Pawmot
|move|p1a: Dragonite|Tera Blast|p2b: Blaziken|[anim] Tera Blast Flying
|-supereffective|p2b: Blaziken
|-damage|p2b: Blaziken|0 fnt
|faint|p2b: Blaziken
|
|-weather|Sandstorm|[upkeep]
|-damage|p2a: Bruxish|94/100|[from] Sandstorm
|-damage|p1a: Dragonite|82/100|[from] Sandstorm
|upkeep
|
|t:|1756903148
|switch|p1b: Politoed|Politoed, L50, F|100/100
|switch|p2b: Puppet|Sinistcha-Masterpiece, L50|100/100
|-weather|RainDance|[from] ability: Drizzle|[of] p1b: Politoed
|-heal|p2a: Bruxish|100/100|[from] ability: Hospitality|[of] p2b: Puppet
|turn|4
|
|t:|1756903213
|move|p2a: Bruxish|Psychic Fangs|p1b: Politoed
|-damage|p1b: Politoed|35/100
|move|p1a: Dragonite|Tera Blast|p2b: Puppet|[anim] Tera Blast Flying
|-supereffective|p2b: Puppet
|-damage|p2b: Puppet|0 fnt
|faint|p2b: Puppet
|move|p1b: Politoed|Perish Song|p1b: Politoed
|-start|p1a: Dragonite|perish3|[silent]
|-start|p1b: Politoed|perish3|[silent]
|-start|p2a: Bruxish|perish3|[silent]
|-fieldactivate|move: Perish Song
|
|-weather|RainDance|[upkeep]
|-start|p2a: Bruxish|perish3
|-start|p1a: Dragonite|perish3
|-start|p1b: Politoed|perish3
|upkeep
|turn|5
|-message|The PWC Luigi forfeited.
|
|win|Brummes
||The PWC Luigi is ready for game 2.
||Brummes is ready for game 2.
|uhtml|next|Next: Game 2 of 3
|l|☆Brummes
|player|p1|
|l|☆The PWC Luigi
|player|p2|
|j|☆The PWC Luigi
|player|p2|The PWC Luigi|cheren-gen5bw2|
