|j|☆Ludikrik
|j|☆King_shuckle17
|html|LudikrikKing_shuckle17    
|uhtml|bestof|Game 1 of a best-of-3
|t:|1756582074
|gametype|doubles
|player|p1|Ludikrik|chili|1122
|player|p2|King_shuckle17|lusamine-masters|1130
|gen|9
|tier|[Gen 9] VGC 2025 Reg H (Bo3)
|rated|
|rule|Species Clause: Limit one of each Pokémon
|rule|Item Clause: Limit 1 of each item
|clearpoke
|poke|p1|Porygon2, L50|
|poke|p1|Primarina, L50, M|
|poke|p1|Archaludon, L50, M|
|poke|p1|Ursaluna, L50, F|
|poke|p1|Vivillon-Elegant, L50, F|
|poke|p1|Incineroar, L50, F|
|poke|p2|Garchomp, L50, M|
|poke|p2|Gholdengo, L50|
|poke|p2|Electabuzz, L50, M|
|poke|p2|Talonflame, L50, F|
|poke|p2|Annihilape, L50, M|
|poke|p2|Gyarados, L50, M|
|teampreview|4
|showteam|p1|Porygon2||Eviolite|Download|TeraBlast,IceBeam,Recover,TrickRoom||||||50|,,,,,Fighting]Primarina||LifeOrb|LiquidVoice|HyperVoice,Moonblast,Haze,Protect|||M|||50|,,,,,Poison]Archaludon||PowerHerb|Sturdy|ElectroShot,DracoMeteor,FlashCannon,Protect|||M|||50|,,,,,Stellar]Ursaluna||FlameOrb|Guts|HeadlongRush,Facade,Earthquake,Protect|||F|||50|,,,,,Ghost]Vivillon-Elegant||FocusSash|CompoundEyes|Hurricane,SleepPowder,Tailwind,Protect|||F|||50|,,,,,Ghost]Incineroar||AssaultVest|Intimidate|FakeOut,FlareBlitz,Uturn,KnockOff|||F|||50|,,,,,Grass
|showteam|p2|Garchomp||LifeOrb|RoughSkin|Earthquake,DragonClaw,Protect,StompingTantrum|||M|||50|,,,,,Ground]Gholdengo||MetalCoat|GoodasGold|MakeItRain,Protect,ShadowBall,NastyPlot||||||50|,,,,,Flying]Electabuzz||Eviolite|VitalSpirit|VoltSwitch,Taunt,Protect,FollowMe|||M|||50|,,,,,Ghost]Talonflame||CovertCloak|GaleWings|BraveBird,Taunt,WillOWisp,Tailwind|||F|||50|,,,,,Grass]Annihilape||ChoiceScarf|Defiant|FinalGambit,Coaching,CloseCombat,ShadowClaw|||M|||50|,,,,,Grass]Gyarados||ClearAmulet|Intimidate|TeraBlast,ThunderWave,Protect,Waterfall|||M|||50|,,,,,Flying
|inactive|Battle timer is ON: inactive players will automatically lose when time's up. (requested by King_shuckle17)
|inactive|Ludikrik has 60 seconds left.
|
|t:|1756582152
|teamsize|p1|4
|teamsize|p2|4
|start
|switch|p1a: Nino|Vivillon-Elegant, L50, F|100/100
|switch|p1b: TomDuck12|Porygon2, L50|100/100
|switch|p2a: Ziro|Annihilape, L50, M, shiny|100/100
|switch|p2b: Gholdengo|Gholdengo, L50|100/100
|-ability|p1b: TomDuck12|Download|boost
|-boost|p1b: TomDuck12|spa|1
|turn|1
|inactive|Ludikrik has 30 seconds left.
|inactive|Ludikrik has 20 seconds left.
|inactive|Ludikrik has 15 seconds left.
|
|t:|1756582195
|switch|p1a: My bad|Ursaluna, L50, F|100/100
|move|p2a: Ziro|Close Combat|p1b: TomDuck12
|-supereffective|p1b: TomDuck12
|-damage|p1b: TomDuck12|41/100
|-unboost|p2a: Ziro|def|1
|-unboost|p2a: Ziro|spd|1
|move|p2b: Gholdengo|Nasty Plot|p2b: Gholdengo
|-boost|p2b: Gholdengo|spa|2
|move|p1b: TomDuck12|Trick Room|p1b: TomDuck12
|-fieldstart|move: Trick Room|[of] p1b: TomDuck12
|
|-status|p1a: My bad|brn|[from] item: Flame Orb
|upkeep
|turn|2
|inactive|Ludikrik has 30 seconds left.
|inactive|Ludikrik has 20 seconds left.
|
|t:|1756582234
|switch|p2a: harder|Garchomp, L50, M|100/100
|-terastallize|p2b: Gholdengo|Flying
|move|p1b: TomDuck12|Ice Beam|p2b: Gholdengo
|-supereffective|p2b: Gholdengo
|-damage|p2b: Gholdengo|13/100
|move|p1a: My bad|Earthquake|p2b: Gholdengo|[spread] p1b,p2a
|-immune|p2b: Gholdengo
|-damage|p1b: TomDuck12|0 fnt
|-damage|p2a: harder|30/100
|faint|p1b: TomDuck12
|move|p2b: Gholdengo|Make It Rain|p1a: My bad
|-damage|p1a: My bad|0 fnt
|-unboost|p2b: Gholdengo|spa|1
|faint|p1a: My bad
|
|upkeep
|
|t:|1756582242
|switch|p1b: Nino|Vivillon-Elegant, L50, F|100/100
|switch|p1a: INFERNOOOOOO|Incineroar, L50, F|100/100
|-ability|p1a: INFERNOOOOOO|Intimidate|boost
|-unboost|p2a: harder|atk|1
|-unboost|p2b: Gholdengo|atk|1
|turn|3
|
|t:|1756582253
|switch|p2a: Electabuzz|Electabuzz, L50, M|100/100
|move|p2b: Gholdengo|Protect|p2b: Gholdengo
|-singleturn|p2b: Gholdengo|Protect
|move|p1a: INFERNOOOOOO|Fake Out|p2b: Gholdengo
|-activate|p2b: Gholdengo|move: Protect
|move|p1b: Nino|Hurricane|p2a: Electabuzz|[miss]
|-miss|p1b: Nino|p2a: Electabuzz
|
|upkeep
|turn|4
|
|t:|1756582270
|move|p2a: Electabuzz|Follow Me|p2a: Electabuzz
|-singleturn|p2a: Electabuzz|move: Follow Me
|move|p1a: INFERNOOOOOO|Knock Off|p2a: Electabuzz
|-damage|p2a: Electabuzz|60/100
|-enditem|p2a: Electabuzz|Eviolite|[from] move: Knock Off|[of] p1a: INFERNOOOOOO
|move|p2b: Gholdengo|Make It Rain|p1a: INFERNOOOOOO|[spread] p1a,p1b
|-resisted|p1a: INFERNOOOOOO
|-damage|p1a: INFERNOOOOOO|77/100
|-enditem|p1b: Nino|Focus Sash
|-damage|p1b: Nino|1/100
|-unboost|p2b: Gholdengo|spa|1
|move|p1b: Nino|Hurricane|p2a: Electabuzz
|-resisted|p2a: Electabuzz
|-damage|p2a: Electabuzz|34/100
|
|upkeep
|turn|5
|
|t:|1756582284
|move|p1b: Nino|Protect|p1b: Nino
|-singleturn|p1b: Nino|Protect
|move|p2a: Electabuzz|Follow Me|p2a: Electabuzz
|-singleturn|p2a: Electabuzz|move: Follow Me
|move|p1a: INFERNOOOOOO|Flare Blitz|p2a: Electabuzz
|-damage|p2a: Electabuzz|0 fnt
|faint|p2a: Electabuzz
|-damage|p1a: INFERNOOOOOO|68/100|[from] Recoil
|move|p2b: Gholdengo|Make It Rain|p1a: INFERNOOOOOO|[spread] p1a
|-activate|p1b: Nino|move: Protect
|-resisted|p1a: INFERNOOOOOO
|-damage|p1a: INFERNOOOOOO|50/100
|-unboost|p2b: Gholdengo|spa|1
|
|-fieldend|move: Trick Room
|upkeep
|
|t:|1756582287
|switch|p2a: harder|Garchomp, L50, M|30/100
|turn|6
|
|t:|1756582306
|-terastallize|p1a: INFERNOOOOOO|Grass
|move|p2a: harder|Dragon Claw|p1b: Nino
|-damage|p1b: Nino|0 fnt
|faint|p1b: Nino
|-damage|p2a: harder|20/100|[from] item: Life Orb
|move|p2b: Gholdengo|Shadow Ball|p1a: INFERNOOOOOO
|-damage|p1a: INFERNOOOOOO|32/100
|move|p1a: INFERNOOOOOO|Knock Off|p2a: harder
|-damage|p2a: harder|0 fnt
|-damage|p1a: INFERNOOOOOO|20/100|[from] ability: Rough Skin|[of] p2a: harder
|-enditem|p2a: harder|Life Orb|[from] move: Knock Off|[of] p1a: INFERNOOOOOO
|faint|p2a: harder
|
|upkeep
|-message|Ludikrik forfeited.
|
|win|King_shuckle17
||Ludikrik is ready for game 2.
||King_shuckle17 is ready for game 2.
|uhtml|next|Next: Game 2 of 3
