|j|☆bunii on spotify
|j|☆Urkin' Pincurchin
|html|bunii on spotifyUrkin' Pincurchin    
|uhtml|bestof|Game 1 of a best-of-3
|t:|1757036281
|gametype|doubles
|player|p1|bunii on spotify|cheryl|1272
|player|p2|Urkin' Pincurchin|fisherman-gen4|1413
|gen|9
|tier|[Gen 9] VGC 2025 Reg H (Bo3)
|rated|
|rule|Species Clause: Limit one of each Pokémon
|rule|Item Clause: Limit 1 of each item
|clearpoke
|poke|p1|Amoonguss, L50, M|
|poke|p1|Ursaluna, L50, M|
|poke|p1|Hydreigon, L50, M|
|poke|p1|Incineroar, L50, M|
|poke|p1|Porygon2, L50|
|poke|p1|Gholdengo, L50|
|poke|p2|Ninetales-Alola, L50, F|
|poke|p2|Dragonite, L50, M|
|poke|p2|Volcarona, L50, F|
|poke|p2|Incineroar, L50, M|
|poke|p2|Rillaboom, L50, M|
|poke|p2|Basculegion, L50, M|
|teampreview|4
|showteam|p1|Amoonguss||RockyHelmet|Regenerator|PollenPuff,Spore,RagePowder,Protect|||M|||50|,,,,,Fairy]Ursaluna||FlameOrb|Guts|Facade,HeadlongRush,Earthquake,Protect|||M|||50|,,,,,Ghost]Hydreigon||SafetyGoggles|Levitate|DracoMeteor,Protect,Tailwind,Snarl|||M|||50|,,,,,Ghost]Incineroar||SitrusBerry|Intimidate|FlareBlitz,KnockOff,PartingShot,FakeOut|||M|||50|,,,,,Ghost]Porygon2||Eviolite|Download|TeraBlast,IceBeam,Recover,TrickRoom||||||50|,,,,,Fighting]Gholdengo||IronPlate|GoodasGold|MakeItRain,ShadowBall,NastyPlot,Protect||||||50|,,,,,Water
|showteam|p2|Ninetales-Alola||FocusSash|SnowWarning|Blizzard,IcyWind,AuroraVeil,Encore|||F|||50|,,,,,Ghost]Dragonite||LoadedDice|Multiscale|ScaleShot,Tailwind,Protect,Haze|||M|||50|,,,,,Fairy]Volcarona||Leftovers|FlameBody|HeatWave,TeraBlast,QuiverDance,Protect|||F|||50|,,,,,Fairy]Incineroar||SafetyGoggles|Intimidate|FlareBlitz,KnockOff,FakeOut,PartingShot|||M|||50|,,,,,Ghost]Rillaboom||AssaultVest|GrassySurge|WoodHammer,GrassyGlide,HighHorsepower,FakeOut|||M|||50|,,,,,Ghost]Basculegion||ChoiceScarf|SwiftSwim|WaveCrash,LastRespects,FlipTurn,AquaJet|||M|||50|,,,,,Water
|inactive|Battle timer is ON: inactive players will automatically lose when time's up. (requested by Urkin' Pincurchin)
|inactive|bunii on spotify has 60 seconds left.
|inactive|Urkin' Pincurchin has 60 seconds left.
|
|t:|1757036317
|teamsize|p1|4
|teamsize|p2|4
|start
|switch|p1a: Porygon2|Porygon2, L50|100/100
|switch|p1b: Incineroar|Incineroar, L50, M|100/100
|switch|p2a: Incineroar|Incineroar, L50, M|100/100
|switch|p2b: Ninetales|Ninetales-Alola, L50, F|100/100
|-weather|Snowscape|[from] ability: Snow Warning|[of] p2b: Ninetales
|-ability|p2a: Incineroar|Intimidate|boost
|-unboost|p1a: Porygon2|atk|1
|-unboost|p1b: Incineroar|atk|1
|-ability|p1b: Incineroar|Intimidate|boost
|-unboost|p2a: Incineroar|atk|1
|-unboost|p2b: Ninetales|atk|1
|-ability|p1a: Porygon2|Download|boost
|-boost|p1a: Porygon2|atk|1
|turn|1
|inactive|Urkin' Pincurchin has 30 seconds left.
|inactive|Urkin' Pincurchin has 20 seconds left.
|inactive|Urkin' Pincurchin has 15 seconds left.
|
|t:|1757036357
|move|p2a: Incineroar|Fake Out|p1a: Porygon2
|-damage|p1a: Porygon2|96/100
|move|p2b: Ninetales|Aurora Veil|p2b: Ninetales
|-sidestart|p2: Urkin' Pincurchin|move: Aurora Veil
|move|p1b: Incineroar|Flare Blitz|p2b: Ninetales
|-supereffective|p2b: Ninetales
|-damage|p2b: Ninetales|57/100
|-damage|p1b: Incineroar|90/100|[from] Recoil
|cant|p1a: Porygon2|flinch
|
|-weather|Snowscape|[upkeep]
|upkeep
|turn|2
|
|t:|1757036381
|move|p2b: Ninetales|Blizzard|p1b: Incineroar|[spread] p1a,p1b
|-resisted|p1b: Incineroar
|-damage|p1a: Porygon2|77/100
|-damage|p1b: Incineroar|78/100
|-status|p1a: Porygon2|frz
|move|p2a: Incineroar|Knock Off|p1a: Porygon2
|-damage|p1a: Porygon2|60/100 frz
|-enditem|p1a: Porygon2|Eviolite|[from] move: Knock Off|[of] p2a: Incineroar
|move|p1b: Incineroar|Parting Shot|p2b: Ninetales
|-unboost|p2b: Ninetales|atk|1
|-unboost|p2b: Ninetales|spa|1
|
|t:|1757036395
|switch|p1b: Amoonguss|Amoonguss, L50, M|100/100|[from] Parting Shot
|cant|p1a: Porygon2|frz
|
|-weather|Snowscape|[upkeep]
|upkeep
|turn|3
|
|t:|1757036403
|switch|p2b: Rillaboom|Rillaboom, L50, M|100/100
|-fieldstart|move: Grassy Terrain|[from] ability: Grassy Surge|[of] p2b: Rillaboom
|move|p1b: Amoonguss|Protect|p1b: Amoonguss
|-singleturn|p1b: Amoonguss|Protect
|move|p2a: Incineroar|Knock Off|p1b: Amoonguss
|-activate|p1b: Amoonguss|move: Protect
|cant|p1a: Porygon2|frz
|
|-weather|Snowscape|[upkeep]
|-heal|p1a: Porygon2|66/100 frz|[from] Grassy Terrain
|upkeep
|turn|4
|
|t:|1757036418
|switch|p2a: Volcarona|Volcarona, L50, F|100/100
|switch|p1b: Incineroar|Incineroar, L50, M|78/100
|-ability|p1b: Incineroar|Intimidate|boost
|-unboost|p2a: Volcarona|atk|1
|-unboost|p2b: Rillaboom|atk|1
|move|p2b: Rillaboom|Fake Out|p1b: Incineroar
|-damage|p1b: Incineroar|69/100
|cant|p1a: Porygon2|frz
|
|-weather|Snowscape|[upkeep]
|-heal|p1b: Incineroar|75/100|[from] Grassy Terrain
|-heal|p1a: Porygon2|72/100 frz|[from] Grassy Terrain
|upkeep
|turn|5
|
|t:|1757036432
|switch|p1b: Gholdengo|Gholdengo, L50|100/100
|move|p2a: Volcarona|Quiver Dance|p2a: Volcarona
|-boost|p2a: Volcarona|spa|1
|-boost|p2a: Volcarona|spd|1
|-boost|p2a: Volcarona|spe|1
|move|p2b: Rillaboom|Wood Hammer|p1a: Porygon2
|-damage|p1a: Porygon2|27/100 frz
|-damage|p2b: Rillaboom|86/100|[from] Recoil
|cant|p1a: Porygon2|frz
|
|-weather|none
|-heal|p2b: Rillaboom|92/100|[from] Grassy Terrain
|-heal|p1a: Porygon2|33/100 frz|[from] Grassy Terrain
|-sideend|p2: Urkin' Pincurchin|move: Aurora Veil
|upkeep
|turn|6
|
|t:|1757036446
|switch|p1b: Incineroar|Incineroar, L50, M|75/100
|-ability|p1b: Incineroar|Intimidate|boost
|-unboost|p2a: Volcarona|atk|1
|-unboost|p2b: Rillaboom|atk|1
|move|p2a: Volcarona|Heat Wave|p1b: Incineroar|[spread] p1a
|-miss|p2a: Volcarona|p1b: Incineroar
|-damage|p1a: Porygon2|0 fnt
|faint|p1a: Porygon2
|move|p2b: Rillaboom|Wood Hammer|p1b: Incineroar
|-resisted|p1b: Incineroar
|-damage|p1b: Incineroar|57/100
|-damage|p2b: Rillaboom|86/100|[from] Recoil
|
|-heal|p2b: Rillaboom|92/100|[from] Grassy Terrain
|-heal|p1b: Incineroar|63/100|[from] Grassy Terrain
|upkeep
|
|t:|1757036455
|switch|p1a: Gholdengo|Gholdengo, L50|100/100
|turn|7
|
|t:|1757036465
|switch|p2b: Incineroar|Incineroar, L50, M|100/100
|-ability|p2b: Incineroar|Intimidate|boost
|-unboost|p1a: Gholdengo|atk|1
|-unboost|p1b: Incineroar|atk|1
|move|p1b: Incineroar|Fake Out|p2a: Volcarona
|-damage|p2a: Volcarona|93/100
|cant|p2a: Volcarona|flinch
|move|p1a: Gholdengo|Nasty Plot|p1a: Gholdengo
|-boost|p1a: Gholdengo|spa|2
|
|-heal|p2a: Volcarona|99/100|[from] Grassy Terrain
|-heal|p2a: Volcarona|100/100|[from] item: Leftovers
|-heal|p1b: Incineroar|69/100|[from] Grassy Terrain
|-fieldend|move: Grassy Terrain
|upkeep
|turn|8
|
|t:|1757036479
|move|p1a: Gholdengo|Protect|p1a: Gholdengo
|-singleturn|p1a: Gholdengo|Protect
|move|p2b: Incineroar|Fake Out|p1b: Incineroar
|-damage|p1b: Incineroar|58/100
|move|p2a: Volcarona|Heat Wave|p1b: Incineroar|[spread] p1b
|-activate|p1a: Gholdengo|move: Protect
|-resisted|p1b: Incineroar
|-damage|p1b: Incineroar|38/100
|-enditem|p1b: Incineroar|Sitrus Berry|[eat]
|-heal|p1b: Incineroar|62/100|[from] item: Sitrus Berry
|cant|p1b: Incineroar|flinch
|
|upkeep
|turn|9
|
|t:|1757036496
|-terastallize|p1a: Gholdengo|Water
|move|p2a: Volcarona|Tera Blast|p1b: Incineroar
|-damage|p1b: Incineroar|30/100
|move|p1a: Gholdengo|Nasty Plot|p1a: Gholdengo
|-boost|p1a: Gholdengo|spa|2
|move|p2b: Incineroar|Flare Blitz|p1b: Incineroar
|-resisted|p1b: Incineroar
|-damage|p1b: Incineroar|5/100
|-damage|p2b: Incineroar|93/100|[from] Recoil
|move|p1b: Incineroar|Parting Shot|p2a: Volcarona
|-unboost|p2a: Volcarona|atk|1
|-unboost|p2a: Volcarona|spa|1
|
|t:|1757036509
|switch|p1b: Amoonguss|Amoonguss, L50, M|100/100|[from] Parting Shot
|
|upkeep
|turn|10
|
|t:|1757036536
|move|p2a: Volcarona|Heat Wave|p1b: Amoonguss|[spread] p1b
|-miss|p2a: Volcarona|p1a: Gholdengo
|-supereffective|p1b: Amoonguss
|-damage|p1b: Amoonguss|41/100
|move|p1a: Gholdengo|Make It Rain|p2b: Incineroar|[spread] p2a,p2b
|-resisted|p2a: Volcarona
|-resisted|p2b: Incineroar
|-damage|p2a: Volcarona|52/100
|-damage|p2b: Incineroar|4/100
|-unboost|p1a: Gholdengo|spa|1
|move|p2b: Incineroar|Flare Blitz|p1b: Amoonguss
|-supereffective|p1b: Amoonguss
|-damage|p1b: Amoonguss|0 fnt
|-damage|p2b: Incineroar|0 fnt|[from] item: Rocky Helmet|[of] p1b: Amoonguss
|faint|p1b: Amoonguss
|faint|p2b: Incineroar
|
|-heal|p2a: Volcarona|58/100|[from] item: Leftovers
|upkeep
|
|t:|1757036552
|switch|p2b: Rillaboom|Rillaboom, L50, M|92/100
|switch|p1b: Incineroar|Incineroar, L50, M|5/100
|-fieldstart|move: Grassy Terrain|[from] ability: Grassy Surge|[of] p2b: Rillaboom
|-ability|p1b: Incineroar|Intimidate|boost
|-unboost|p2a: Volcarona|atk|1
|-unboost|p2b: Rillaboom|atk|1
|turn|11
|
|t:|1757036561
|move|p2b: Rillaboom|Fake Out|p1a: Gholdengo
|-damage|p1a: Gholdengo|92/100
|move|p1b: Incineroar|Fake Out|p2b: Rillaboom
|-damage|p2b: Rillaboom|83/100
|move|p2a: Volcarona|Heat Wave|p1b: Incineroar|[spread] p1a,p1b
|-resisted|p1a: Gholdengo
|-resisted|p1b: Incineroar
|-damage|p1a: Gholdengo|73/100
|-damage|p1b: Incineroar|0 fnt
|faint|p1b: Incineroar
|cant|p1a: Gholdengo|flinch
|
|-heal|p2a: Volcarona|65/100|[from] Grassy Terrain
|-heal|p2a: Volcarona|71/100|[from] item: Leftovers
|-heal|p1a: Gholdengo|79/100|[from] Grassy Terrain
|-heal|p2b: Rillaboom|89/100|[from] Grassy Terrain
|upkeep
|turn|12
|
|t:|1757036569
|move|p2b: Rillaboom|Grassy Glide|p1a: Gholdengo
|-supereffective|p1a: Gholdengo
|-damage|p1a: Gholdengo|35/100
|move|p2a: Volcarona|Quiver Dance|p2a: Volcarona
|-boost|p2a: Volcarona|spa|1
|-boost|p2a: Volcarona|spd|1
|-boost|p2a: Volcarona|spe|1
|move|p1a: Gholdengo|Make It Rain|p2b: Rillaboom|[spread] p2a,p2b
|-resisted|p2a: Volcarona
|-damage|p2a: Volcarona|36/100
|-damage|p2b: Rillaboom|0 fnt
|-unboost|p1a: Gholdengo|spa|1
|faint|p2b: Rillaboom
|
|-heal|p2a: Volcarona|43/100|[from] Grassy Terrain
|-heal|p2a: Volcarona|49/100|[from] item: Leftovers
|-heal|p1a: Gholdengo|40/100|[from] Grassy Terrain
|upkeep
|
|t:|1757036572
|switch|p2b: Ninetales|Ninetales-Alola, L50, F|57/100
|-weather|Snowscape|[from] ability: Snow Warning|[of] p2b: Ninetales
|turn|13
|
|t:|1757036576
|move|p2a: Volcarona|Tera Blast|p1a: Gholdengo
|-damage|p1a: Gholdengo|3/100
|move|p2b: Ninetales|Aurora Veil|p2b: Ninetales
|-sidestart|p2: Urkin' Pincurchin|move: Aurora Veil
|move|p1a: Gholdengo|Make It Rain|p2b: Ninetales|[spread] p2a,p2b
|-resisted|p2a: Volcarona
|-supereffective|p2b: Ninetales
|-damage|p2a: Volcarona|30/100
|-damage|p2b: Ninetales|0 fnt
|-unboost|p1a: Gholdengo|spa|1
|faint|p2b: Ninetales
|
|-weather|Snowscape|[upkeep]
|-heal|p2a: Volcarona|36/100|[from] Grassy Terrain
|-heal|p2a: Volcarona|43/100|[from] item: Leftovers
|-heal|p1a: Gholdengo|9/100|[from] Grassy Terrain
|upkeep
|turn|14
|-message|bunii on spotify forfeited.
|
|win|Urkin' Pincurchin
|l|☆bunii on spotify
|player|p1|
