|j|☆tbpgerard
|j|☆Arkoos2011
|html|tbpgerardArkoos2011    
|uhtml|bestof|Game 1 of a best-of-3
|t:|1756780769
|gametype|doubles
|player|p1|tbpgerard|guitarist|1000
|player|p2|Arkoos2011|n|1026
|gen|9
|tier|[Gen 9] VGC 2025 Reg H (Bo3)
|rated|
|rule|Species Clause: Limit one of each Pokémon
|rule|Item Clause: Limit 1 of each item
|clearpoke
|poke|p1|Torkoal, L50, M|
|poke|p1|Indeedee-F, L50, F|
|poke|p1|Ursaluna, L50, M|
|poke|p1|Lilligant-Hisui, L50, F|
|poke|p1|Hatterene, L50, F|
|poke|p1|Gallade, L50, M|
|poke|p2|Politoed, L50, M|
|poke|p2|Gothitelle, L50, F|
|poke|p2|Incineroar, L50, F|
|poke|p2|Archaludon, L50, F|
|poke|p2|Basculegion, L50, M|
|poke|p2|Amoonguss, L50, F|
|teampreview|4
|showteam|p1|Torkoal||Charcoal|Drought|Overheat,EarthPower,Eruption,Protect|||M|||50|,,,,,Fire]Indeedee-F||SafetyGoggles|PsychicSurge|DazzlingGleam,FollowMe,HelpingHand,TrickRoom|||F|||50|,,,,,Fairy]Ursaluna||FlameOrb|Guts|Facade,HeadlongRush,Earthquake,Protect|||M|||50|,,,,,Ghost]Lilligant-Hisui||FocusSash|Chlorophyll|CloseCombat,LeafBlade,SleepPowder,AfterYou|||F|||50|,,,,,Ghost]Hatterene||LifeOrb|MagicBounce|ExpandingForce,DazzlingGleam,Protect,TrickRoom|||F|||50|,,,,,Psychic]Gallade||ClearAmulet|Sharpness|SacredSword,PsychoCut,WideGuard,TrickRoom|||M|||50|,,,,,Grass
|showteam|p2|Politoed||Leftovers|Drizzle|Protect,WeatherBall,PerishSong,Encore|||M|||50|,,,,,Grass]Gothitelle||SitrusBerry|ShadowTag|Protect,Psychic,FakeOut,TrickRoom|||F|||50|,,,,,Dark]Incineroar||SafetyGoggles|Intimidate|Protect,PartingShot,FakeOut,KnockOff|||F|||50|,,,,,Ghost]Archaludon||PowerHerb|Sturdy|Protect,ElectroShot,DragonPulse,FlashCannon|||F|||50|,,,,,Electric]Basculegion||LifeOrb|SwiftSwim|Protect,WaveCrash,AquaJet,LastRespects|||M|||50|,,,,,Stellar]Amoonguss||EjectButton|Regenerator|Protect,PollenPuff,RagePowder,Spore|||F|||50|,,,,,Fairy
|
|t:|1756780795
|teamsize|p1|4
|teamsize|p2|4
|start
|switch|p1a: Indeedee|Indeedee-F, L50, F|100/100
|switch|p1b: Hatterene|Hatterene, L50, F, shiny|100/100
|switch|p2a: Incineroar|Incineroar, L50, F|100/100
|switch|p2b: Archaludon|Archaludon, L50, F|100/100
|-fieldstart|move: Psychic Terrain|[from] ability: Psychic Surge|[of] p1a: Indeedee
|-ability|p2a: Incineroar|Intimidate|boost
|-unboost|p1a: Indeedee|atk|1
|-unboost|p1b: Hatterene|atk|1
|turn|1
|
|t:|1756780810
|move|p1a: Indeedee|Follow Me|p1a: Indeedee
|-singleturn|p1a: Indeedee|move: Follow Me
|move|p2b: Archaludon|Electro Shot||[still]
|-prepare|p2b: Archaludon|Electro Shot
|-boost|p2b: Archaludon|spa|1
|-enditem|p2b: Archaludon|Power Herb
|-anim|p2b: Archaludon|Electro Shot|p1a: Indeedee
|-damage|p1a: Indeedee|39/100
|move|p2a: Incineroar|Knock Off|p1a: Indeedee
|-supereffective|p1a: Indeedee
|-crit|p1a: Indeedee
|-damage|p1a: Indeedee|0 fnt
|-enditem|p1a: Indeedee|Safety Goggles|[from] move: Knock Off|[of] p2a: Incineroar
|faint|p1a: Indeedee
|move|p1b: Hatterene|Trick Room|p1b: Hatterene
|-fieldstart|move: Trick Room|[of] p1b: Hatterene
|
|upkeep
|
|t:|1756780833
|switch|p1a: Gallade|Gallade, L50, M|100/100
|turn|2
|
|t:|1756780850
|switch|p1b: Ursaluna|Ursaluna, L50, M|100/100
|move|p2b: Archaludon|Protect|p2b: Archaludon
|-singleturn|p2b: Archaludon|Protect
|move|p2a: Incineroar|Parting Shot|p1b: Ursaluna
|-unboost|p1b: Ursaluna|atk|1
|-unboost|p1b: Ursaluna|spa|1
|
|t:|1756780857
|switch|p2a: Politoed|Politoed, L50, M, shiny|100/100|[from] Parting Shot
|-weather|RainDance|[from] ability: Drizzle|[of] p2a: Politoed
|move|p1a: Gallade|Sacred Sword|p2b: Archaludon
|-activate|p2b: Archaludon|move: Protect
|
|-weather|RainDance|[upkeep]
|-status|p1b: Ursaluna|brn|[from] item: Flame Orb
|upkeep
|turn|3
|
|t:|1756780872
|-terastallize|p1b: Ursaluna|Ghost
|-terastallize|p2b: Archaludon|Electric
|move|p1b: Ursaluna|Facade|p2a: Politoed
|-damage|p2a: Politoed|13/100
|move|p1a: Gallade|Sacred Sword|p2b: Archaludon
|-damage|p2b: Archaludon|32/100
|move|p2a: Politoed|Weather Ball|p1b: Ursaluna
|-damage|p1b: Ursaluna|59/100 brn
|move|p2b: Archaludon|Electro Shot||[still]
|-prepare|p2b: Archaludon|Electro Shot
|-boost|p2b: Archaludon|spa|1
|-anim|p2b: Archaludon|Electro Shot|p1b: Ursaluna
|-crit|p1b: Ursaluna
|-damage|p1b: Ursaluna|0 fnt
|faint|p1b: Ursaluna
|
|-weather|RainDance|[upkeep]
|-heal|p2a: Politoed|19/100|[from] item: Leftovers
|upkeep
|
|t:|1756780882
|switch|p1b: Hatterene|Hatterene, L50, F, shiny|100/100
|turn|4
|
|t:|1756780892
|switch|p2b: Incineroar|Incineroar, L50, F|100/100
|-ability|p2b: Incineroar|Intimidate|boost
|-fail|p1a: Gallade|unboost|[from] item: Clear Amulet|[of] p1a: Gallade
|-unboost|p1b: Hatterene|atk|1
|move|p1b: Hatterene|Expanding Force|p2b: Incineroar|[spread] p2a
|-immune|p2b: Incineroar
|-damage|p2a: Politoed|0 fnt
|faint|p2a: Politoed
|-damage|p1b: Hatterene|91/100|[from] item: Life Orb
|move|p1a: Gallade|Sacred Sword|p2b: Incineroar
|-supereffective|p2b: Incineroar
|-damage|p2b: Incineroar|0 fnt
|faint|p2b: Incineroar
|
|-weather|RainDance|[upkeep]
|upkeep
|
|t:|1756780904
|switch|p2b: Gothitelle|Gothitelle, L50, F|100/100
|switch|p2a: Archaludon|Archaludon, L50, F, tera:Electric|32/100
|turn|5
|
|t:|1756780916
|move|p2a: Archaludon|Protect|p2a: Archaludon
|-singleturn|p2a: Archaludon|Protect
|move|p2b: Gothitelle|Psychic|p1a: Gallade
|-damage|p1a: Gallade|66/100
|move|p1b: Hatterene|Trick Room|p1b: Hatterene
|-fieldend|move: Trick Room
|move|p1a: Gallade|Trick Room|p1a: Gallade
|-fieldstart|move: Trick Room|[of] p1a: Gallade
|
|-weather|RainDance|[upkeep]
|-fieldend|move: Psychic Terrain
|upkeep
|turn|6
|
|t:|1756780931
|move|p2a: Archaludon|Protect||[still]
|-fail|p2a: Archaludon
|move|p1b: Hatterene|Expanding Force|p2b: Gothitelle
|-resisted|p2b: Gothitelle
|-damage|p2b: Gothitelle|78/100
|-damage|p1b: Hatterene|81/100|[from] item: Life Orb
|move|p1a: Gallade|Sacred Sword|p2a: Archaludon
|-damage|p2a: Archaludon|0 fnt
|faint|p2a: Archaludon
|move|p2b: Gothitelle|Trick Room|p2b: Gothitelle
|-fieldend|move: Trick Room
|
|-weather|none
|upkeep
|turn|7
|-message|Arkoos2011 forfeited.
|raw|tbpgerard's rating: 1000 → 1043(+43 for winning)
|raw|Arkoos2011's rating: 1026 → 1011(-15 for losing)
|
|win|tbpgerard
|l|☆Arkoos2011
|player|p2|
