|j|☆drop no draco
|j|☆vedantdark
|html|drop no dracovedantdark    
|uhtml|bestof|Game 1 of a best-of-3
|t:|1784393354
|gametype|doubles
|player|p1|drop no draco|marnie|
|player|p2|vedantdark|palmer|
|gen|9
|tier|[Gen 9 Champions] VGC 2026 Reg M-B (Bo3)
|rule|Species Clause: Limit one of each Pokémon
|rule|Item Clause: Limit 1 of each item
|clearpoke
|poke|p1|Pyroar, L50, M|
|poke|p1|Vileplume, L50, M|
|poke|p1|Torkoal, L50, F|
|poke|p1|Incineroar, L50, M|
|poke|p1|Floette-Eternal, L50, F|
|poke|p1|Farigiraf, L50, F|
|poke|p2|Aerodactyl, L50, M|
|poke|p2|Kingambit, L50, M|
|poke|p2|Sylveon, L50, M|
|poke|p2|Garchomp, L50, M|
|poke|p2|Charizard, L50, M|
|poke|p2|Incineroar, L50, M|
|teampreview|4
|showteam|p1|Pyroar||Pyroarite|Unnerve|Protect,Overheat,HeatWave,SolarBeam|Timid||M|||50|]Vileplume||FocusSash|Chlorophyll|SleepPowder,AfterYou,SludgeBomb,SolarBeam|Timid||M|||50|]Torkoal||Charcoal|Drought|Protect,HelpingHand,Eruption,WeatherBall|Quiet||F|||50|]Incineroar||WhiteHerb|Intimidate|FakeOut,FlareBlitz,DarkestLariat,CloseCombat|Brave||M|||50|]Floette-Eternal||Floettite|FlowerVeil|Protect,CalmMind,Moonblast,DrainingKiss|Modest||F|||50|]Farigiraf||SitrusBerry|ArmorTail|HelpingHand,TrickRoom,Psychic,Thunderbolt|Relaxed||F|||50|
|showteam|p2|Aerodactyl||Aerodactylite|Unnerve|RockSlide,IceFang,Tailwind,WideGuard|Jolly||M|||50|]Kingambit||FocusSash|Defiant|KowtowCleave,SuckerPunch,IronHead,Protect|Adamant||M|||50|]Sylveon||FairyFeather|Pixilate|Detect,HyperVoice,HyperBeam,QuickAttack|Modest||M|||50|]Garchomp||LifeOrb|RoughSkin|Earthquake,DragonClaw,StompingTantrum,Protect|Jolly||M|||50|]Charizard||CharizarditeY|Blaze|Protect,HeatWave,SolarBeam,WeatherBall|Modest||M|||50|]Incineroar||SitrusBerry|Intimidate|DarkestLariat,FlareBlitz,FakeOut,PartingShot|Impish||M|||50|
|inactive|Battle timer is ON: inactive players will automatically lose when time's up. (requested by drop no draco)
|inactive|vedantdark has 60 seconds left.
|
|t:|1784393390
|teamsize|p1|4
|teamsize|p2|4
|start
|switch|p1a: Vileplume|Vileplume, L50, M|100/100
|switch|p1b: Torkoal|Torkoal, L50, F|100/100
|switch|p2a: Sylveon|Sylveon, L50, M|100/100
|switch|p2b: Aerodactyl|Aerodactyl, L50, M|100/100
|-ability|p2b: Aerodactyl|Unnerve
|-weather|SunnyDay|[from] ability: Drought|[of] p1b: Torkoal
|turn|1
|
|t:|1784393414
|detailschange|p2b: Aerodactyl|Aerodactyl-Mega, L50, M
|-mega|p2b: Aerodactyl|Aerodactyl|Aerodactylite
|move|p2a: Sylveon|Detect|p2a: Sylveon
|-singleturn|p2a: Sylveon|Protect
|move|p1b: Torkoal|Protect|p1b: Torkoal
|-singleturn|p1b: Torkoal|Protect
|move|p1a: Vileplume|Sleep Powder|p2b: Aerodactyl|[miss]
|-miss|p1a: Vileplume|p2b: Aerodactyl
|move|p2b: Aerodactyl|Rock Slide|p1b: Torkoal|[spread] p1a
|-activate|p1b: Torkoal|move: Protect
|-damage|p1a: Vileplume|60/100
|
|-weather|SunnyDay|[upkeep]
|upkeep
|turn|2
|inactive|vedantdark has 30 seconds left.
|
|t:|1784393447
|move|p1a: Vileplume|After You|p1b: Torkoal
|-activate|p1b: Torkoal|move: After You
|move|p1b: Torkoal|Eruption|p2a: Sylveon|[spread] p2a,p2b
|-resisted|p2b: Aerodactyl|1
|-damage|p2a: Sylveon|34/100
|-damage|p2b: Aerodactyl|58/100
|move|p2b: Aerodactyl|Rock Slide|p1a: Vileplume|[spread] p1a,p1b
|-supereffective|p1b: Torkoal|1
|-damage|p1a: Vileplume|24/100
|-damage|p1b: Torkoal|61/100
|move|p2a: Sylveon|Hyper Beam|p1a: Vileplume
|-resisted|p1a: Vileplume|1
|-damage|p1a: Vileplume|0 fnt
|-mustrecharge|p2a: Sylveon
|faint|p1a: Vileplume
|
|-weather|SunnyDay|[upkeep]
|upkeep
|
|t:|1784393461
|switch|p1a: Incineroar|Incineroar, L50, M|100/100
|-ability|p1a: Incineroar|Intimidate|boost
|-unboost|p2a: Sylveon|atk|1
|-unboost|p2b: Aerodactyl|atk|1
|turn|3
|
|t:|1784393471
|move|p1a: Incineroar|Fake Out|p2b: Aerodactyl
|-resisted|p2b: Aerodactyl|1
|-damage|p2b: Aerodactyl|51/100
|cant|p2b: Aerodactyl|flinch
|cant|p2a: Sylveon|recharge
|move|p1b: Torkoal|Weather Ball|p2a: Sylveon
|-damage|p2a: Sylveon|0 fnt
|faint|p2a: Sylveon
|
|-weather|SunnyDay|[upkeep]
|upkeep
|
|t:|1784393486
|switch|p2a: Charizard|Charizard, L50, M|100/100
|turn|4
|
|t:|1784393505
|move|p1b: Torkoal|Helping Hand|p1a: Incineroar
|-singleturn|p1a: Incineroar|Helping Hand|[of] p1b: Torkoal
|move|p2a: Charizard|Protect|p2a: Charizard
|-singleturn|p2a: Charizard|Protect
|move|p2b: Aerodactyl|Rock Slide|p1b: Torkoal|[spread] p1a,p1b
|-supereffective|p1a: Incineroar|1
|-supereffective|p1b: Torkoal|1
|-damage|p1a: Incineroar|64/100
|-damage|p1b: Torkoal|33/100
|move|p1a: Incineroar|Darkest Lariat|p2a: Charizard
|-activate|p2a: Charizard|move: Protect
|
|-weather|SunnyDay|[upkeep]
|upkeep
|turn|5
|
|t:|1784393527
|switch|p1a: Floette|Floette-Eternal, L50, F|100/100
|move|p1b: Torkoal|Protect|p1b: Torkoal
|-singleturn|p1b: Torkoal|Protect
|move|p2b: Aerodactyl|Tailwind|p2b: Aerodactyl
|-sidestart|p2: vedantdark|move: Tailwind
|move|p2a: Charizard|Heat Wave|p1a: Floette|[spread] p1a
|-activate|p1b: Torkoal|move: Protect
|-damage|p1a: Floette|64/100
|
|-weather|none
|upkeep
|turn|6
|
|t:|1784393550
|detailschange|p1a: Floette|Floette-Mega, L50, F
|-mega|p1a: Floette|Floette|Floettite
|-ability|p1a: Floette|Fairy Aura
|move|p1b: Torkoal|Helping Hand|p1a: Floette
|-singleturn|p1a: Floette|Helping Hand|[of] p1b: Torkoal
|move|p2b: Aerodactyl|Rock Slide|p1b: Torkoal|[spread] p1a,p1b
|-crit|p1a: Floette
|-supereffective|p1b: Torkoal|1
|-damage|p1a: Floette|19/100
|-damage|p1b: Torkoal|8/100
|move|p2a: Charizard|Heat Wave|p1a: Floette|[spread] p1a,p1b
|-resisted|p1b: Torkoal|1
|-damage|p1a: Floette|0 fnt
|-damage|p1b: Torkoal|0 fnt
|faint|p1a: Floette
|faint|p1b: Torkoal
|
|upkeep
|
|t:|1784393562
|switch|p1b: Incineroar|Incineroar, L50, M|64/100
|-ability|p1b: Incineroar|Intimidate|boost
|-unboost|p2a: Charizard|atk|1
|-unboost|p2b: Aerodactyl|atk|1
|turn|7
|-message|drop no draco forfeited.
|
|win|vedantdark
|l|☆drop no draco
|player|p1|
