|j|☆dmac55
|j|☆8787878i
|html|dmac558787878i    
|uhtml|bestof|Game 3 of a best-of-3
|t:|1786116803
|gametype|doubles
|player|p1|dmac55|170|1265
|player|p2|8787878i|tuberf|1326
|gen|9
|tier|[Gen 9 Champions] VGC 2026 Reg M-B (Bo3)
|rated|
|rule|Species Clause: Limit one of each Pokémon
|rule|Item Clause: Limit 1 of each item
|clearpoke
|poke|p1|Vanilluxe, L50, M|
|poke|p1|Scizor, L50, F|
|poke|p1|Raichu, L50, F|
|poke|p1|Basculegion, L50, M|
|poke|p1|Volcarona, L50, M|
|poke|p1|Garchomp, L50, F|
|poke|p2|Venusaur, L50, M|
|poke|p2|Charizard, L50, F|
|poke|p2|Sylveon, L50, M|
|poke|p2|Incineroar, L50, M|
|poke|p2|Garchomp, L50, F|
|poke|p2|Farigiraf, L50, F|
|teampreview|4
|showteam|p1|Vanilluxe||NeverMeltIce|SnowWarning|Blizzard,FreezeDry,IceShard,Protect|Modest||M|||50|]Scizor||MetalCoat|Technician|BulletPunch,BugBite,SwordsDance,Protect|Adamant||F|||50|]Raichu||RaichuniteY|LightningRod|FakeOut,ZapCannon,FocusBlast,Protect|Timid||F|||50|]Basculegion||ChoiceScarf|Adaptability|LastRespects,WaveCrash,AquaJet,FlipTurn|Jolly||M|||50|]Volcarona||SitrusBerry|FlameBody|Tailwind,RagePowder,HeatWave,AirSlash|Bold||M|||50|]Garchomp||LifeOrb|RoughSkin|DragonClaw,StompingTantrum,RockSlide,Protect|Jolly||F|||50|
|showteam|p2|Venusaur||FocusSash|Chlorophyll|SludgeBomb,SleepPowder,LeafStorm,Protect|Modest||M|||50|]Charizard||CharizarditeY|Blaze|Protect,HeatWave,WeatherBall,SolarBeam|Modest||F|||50|]Sylveon||FairyFeather|Pixilate|HyperVoice,HyperBeam,QuickAttack,Detect|Modest||M|||50|]Incineroar||SitrusBerry|Intimidate|DarkestLariat,FlareBlitz,PartingShot,FakeOut|Careful||M|||50|]Garchomp||LifeOrb|RoughSkin|Earthquake,DragonClaw,RockSlide,Protect|Jolly||F|||50|]Farigiraf||ColburBerry|ArmorTail|Psychic,Thunderbolt,TrickRoom,Protect|Modest||F|||50|
|inactive|Battle timer is ON: inactive players will automatically lose when time's up. (requested by 8787878i)
|
|t:|1786116830
|teamsize|p1|4
|teamsize|p2|4
|start
|switch|p1a: Basculegion|Basculegion, L50, M|100/100
|switch|p1b: Volcarona|Volcarona, L50, M|100/100
|switch|p2a: Farigiraf|Farigiraf, L50, F|100/100
|switch|p2b: Incineroar|Incineroar, L50, M|100/100
|-ability|p2b: Incineroar|Intimidate|boost
|-unboost|p1a: Basculegion|atk|1
|-unboost|p1b: Volcarona|atk|1
|turn|1
|
|t:|1786116848
|move|p1a: Basculegion|Flip Turn|p2b: Incineroar
|-supereffective|p2b: Incineroar|1
|-damage|p2b: Incineroar|58/100
|
|t:|1786116854
|switch|p1a: Garchomp|Garchomp, L50, F|100/100|[from] Flip Turn
|move|p1b: Volcarona|Heat Wave|p2b: Incineroar|[spread] p2b
|-miss|p1b: Volcarona|p2a: Farigiraf
|-resisted|p2b: Incineroar|1
|-damage|p2b: Incineroar|46/100
|-enditem|p2b: Incineroar|Sitrus Berry|[eat]
|-heal|p2b: Incineroar|71/100|[from] item: Sitrus Berry
|move|p2b: Incineroar|Parting Shot|p1a: Garchomp
|-unboost|p1a: Garchomp|atk|1
|-unboost|p1a: Garchomp|spa|1
|
|t:|1786116857
|switch|p2b: Sylveon|Sylveon, L50, M|100/100|[from] Parting Shot
|move|p2a: Farigiraf|Trick Room|p2a: Farigiraf
|-fieldstart|move: Trick Room|[of] p2a: Farigiraf
|
|upkeep
|turn|2
|
|t:|1786116874
|switch|p2a: Charizard|Charizard, L50, F|100/100
|move|p1a: Garchomp|Protect|p1a: Garchomp
|-singleturn|p1a: Garchomp|Protect
|move|p2b: Sylveon|Hyper Voice|p1b: Volcarona|[spread] p1b
|-activate|p1a: Garchomp|move: Protect
|-resisted|p1b: Volcarona|1
|-damage|p1b: Volcarona|81/100
|move|p1b: Volcarona|Heat Wave|p2a: Charizard|[spread] p2a,p2b
|-resisted|p2a: Charizard|1
|-damage|p2a: Charizard|80/100
|-damage|p2b: Sylveon|74/100
|
|upkeep
|turn|3
|
|t:|1786116892
|switch|p1a: Basculegion|Basculegion, L50, M|100/100
|detailschange|p2a: Charizard|Charizard-Mega-Y, L50, F
|-mega|p2a: Charizard|Charizard|Charizardite Y
|-weather|SunnyDay|[from] ability: Drought|[of] p2a: Charizard
|move|p2b: Sylveon|Hyper Voice|p1a: Basculegion|[spread] p1a,p1b
|-resisted|p1b: Volcarona|1
|-damage|p1a: Basculegion|50/100g
|-damage|p1b: Volcarona|61/100
|move|p2a: Charizard|Heat Wave|p1a: Basculegion|[spread] p1a,p1b
|-resisted|p1a: Basculegion|1
|-damage|p1a: Basculegion|17/100
|-damage|p1b: Volcarona|7/100
|-enditem|p1b: Volcarona|Sitrus Berry|[eat]
|-heal|p1b: Volcarona|32/100|[from] item: Sitrus Berry
|move|p1b: Volcarona|Heat Wave|p2b: Sylveon|[spread] p2a,p2b
|-resisted|p2a: Charizard|1
|-damage|p2a: Charizard|56/100
|-damage|p2b: Sylveon|39/100
|
|-weather|SunnyDay|[upkeep]
|upkeep
|turn|4
|
|t:|1786116915
|move|p1a: Basculegion|Aqua Jet|p2a: Charizard
|-supereffective|p2a: Charizard|1
|-damage|p2a: Charizard|30/100
|move|p2b: Sylveon|Hyper Voice|p1b: Volcarona|[spread] p1a,p1b
|-resisted|p1b: Volcarona|1
|-damage|p1a: Basculegion|0 fnt
|-damage|p1b: Volcarona|12/100
|faint|p1a: Basculegion
|move|p2a: Charizard|Weather Ball|p1b: Volcarona
|-damage|p1b: Volcarona|0 fnt
|faint|p1b: Volcarona
|
|-weather|SunnyDay|[upkeep]
|upkeep
|
|t:|1786116926
|switch|p1b: Garchomp|Garchomp, L50, F|100/100
|switch|p1a: Raichu|Raichu, L50, F|100/100
|turn|5
|
|t:|1786116943
|switch|p2a: Farigiraf|Farigiraf, L50, F|100/100
|detailschange|p1a: Raichu|Raichu-Mega-Y, L50, F
|-mega|p1a: Raichu|Raichu|Raichunite Y
|move|p1b: Garchomp|Protect|p1b: Garchomp
|-singleturn|p1b: Garchomp|Protect
|move|p1a: Raichu|Protect|p1a: Raichu
|-singleturn|p1a: Raichu|Protect
|move|p2b: Sylveon|Hyper Beam|p1a: Raichu
|-activate|p1a: Raichu|move: Protect
|
|-weather|SunnyDay|[upkeep]
|-fieldend|move: Trick Room
|upkeep
|turn|6
|inactive|dmac55 has 30 seconds left.
|
|t:|1786116973
|move|p2a: Farigiraf|Protect|p2a: Farigiraf
|-singleturn|p2a: Farigiraf|Protect
|move|p1a: Raichu|Zap Cannon|p2b: Sylveon
|-damage|p2b: Sylveon|0 fnt
|faint|p2b: Sylveon
|move|p1b: Garchomp|Dragon Claw|p2a: Farigiraf
|-activate|p2a: Farigiraf|move: Protect
|
|-weather|SunnyDay|[upkeep]
|upkeep
|
|t:|1786116978
|switch|p2b: Incineroar|Incineroar, L50, M|71/100
|-ability|p2b: Incineroar|Intimidate|boost
|-unboost|p1a: Raichu|atk|1
|-unboost|p1b: Garchomp|atk|1
|turn|7
|
|t:|1786116993
|move|p1a: Raichu|Protect|p1a: Raichu
|-singleturn|p1a: Raichu|Protect
|move|p2b: Incineroar|Fake Out|p1a: Raichu
|-activate|p1a: Raichu|move: Protect
|move|p1b: Garchomp|Rock Slide|p2a: Farigiraf|[spread] p2a,p2b
|-supereffective|p2b: Incineroar|1
|-damage|p2a: Farigiraf|84/100
|-damage|p2b: Incineroar|41/100
|-damage|p1b: Garchomp|90/100|[from] item: Life Orb
|cant|p2a: Farigiraf|flinch
|
|-weather|none
|upkeep
|turn|8
|inactive|dmac55 has 30 seconds left.
|
|t:|1786117026
|move|p1a: Raichu|Zap Cannon|p2a: Farigiraf
|-crit|p2a: Farigiraf
|-damage|p2a: Farigiraf|8/100
|-status|p2a: Farigiraf|par
|move|p1b: Garchomp|Stomping Tantrum|p2b: Incineroar
|-supereffective|p2b: Incineroar|1
|-damage|p2b: Incineroar|0 fnt
|faint|p2b: Incineroar
|-damage|p1b: Garchomp|80/100|[from] item: Life Orb
|move|p2a: Farigiraf|Trick Room|p2a: Farigiraf
|-fieldstart|move: Trick Room|[of] p2a: Farigiraf
|
|upkeep
|
|t:|1786117036
|switch|p2b: Charizard|Charizard-Mega-Y, L50, F|30/100
|-weather|SunnyDay|[from] ability: Drought|[of] p2b: Charizard
|turn|9
|
|t:|1786117054
|move|p2a: Farigiraf|Psychic|p1b: Garchomp
|-damage|p1b: Garchomp|42/100
|move|p2b: Charizard|Solar Beam||[still]
|-prepare|p2b: Charizard|Solar Beam
|-anim|p2b: Charizard|Solar Beam|p1b: Garchomp
|-damage|p1b: Garchomp|0 fnt
|faint|p1b: Garchomp
|move|p1a: Raichu|Zap Cannon|p2b: Charizard
|-supereffective|p2b: Charizard|1
|-damage|p2b: Charizard|0 fnt
|faint|p2b: Charizard
|
|-weather|SunnyDay|[upkeep]
|upkeep
|turn|10
|-message|8787878i forfeited.
|
|win|dmac55
|raw|dmac55's rating: 1265 → 1294(+29 for winning)
|raw|8787878i's rating: 1326 → 1303(-23 for losing)
|l|☆8787878i
|player|p2|
