|j|☆Reubz123
|j|☆jompinhans
|html|Reubz123jompinhans    
|uhtml|bestof|Game 1 of a best-of-3
|t:|1783050644
|gametype|doubles
|player|p1|Reubz123|2|1122
|player|p2|jompinhans|101|1250
|gen|9
|tier|[Gen 9 Champions] VGC 2026 Reg M-B (Bo3)
|rated|
|rule|Species Clause: Limit one of each Pokémon
|rule|Item Clause: Limit 1 of each item
|clearpoke
|poke|p1|Kingambit, L50, F|
|poke|p1|Kommo-o, L50, F|
|poke|p1|Floette-Eternal, L50, F|
|poke|p1|Tinkaton, L50, F|
|poke|p1|Incineroar, L50, F|
|poke|p1|Gengar, L50, M|
|poke|p2|Sinistcha, L50|
|poke|p2|Goodra-Hisui, L50, M|
|poke|p2|Tyranitar, L50, M|
|poke|p2|Gholdengo, L50|
|poke|p2|Grimmsnarl, L50, M|
|poke|p2|Milotic, L50, M|
|teampreview|4
|showteam|p1|Kingambit||LifeOrb|Defiant|KowtowCleave,IronHead,SuckerPunch,Protect|Adamant||F|||50|]Kommo-o||DragonFang|Soundproof|ClangingScales,AuraSphere,ClangorousSoul,Protect|Modest||F|||50|]Floette-Eternal||Floettite|FlowerVeil|LightofRuin,DazzlingGleam,Moonblast,Protect|Timid||F|||50|]Tinkaton||ShucaBerry|MoldBreaker|FakeOut,GigatonHammer,Encore,Protect|Jolly||F|||50|]Incineroar||PasshoBerry|Intimidate|DarkestLariat,FakeOut,PartingShot,Protect|Relaxed||F|||50|]Gengar||Gengarite|CursedBody|ShadowBall,Disable,PerishSong,Protect|Timid||M|||50|
|showteam|p2|Sinistcha||KasibBerry|Hospitality|LifeDew,TrickRoom,MatchaGotcha,RagePowder|Quiet|||||50|]Goodra-Hisui||Leftovers|ShellArmor|Protect,Thunderbolt,BodyPress,Shelter|Bold||M|||50|]Tyranitar||Tyranitarite|SandStream|Protect,DragonDance,KnockOff,RockSlide|Adamant||M|||50|]Gholdengo||LifeOrb|GoodasGold|MakeItRain,Protect,NastyPlot,ShadowBall|Timid|||||50|]Grimmsnarl||LightClay|Prankster|PartingShot,SpiritBreak,LightScreen,Reflect|Careful||M|||50|]Milotic||SitrusBerry|Competitive|Protect,IceBeam,LifeDew,Scald|Modest||M|||50|
|inactive|Battle timer is ON: inactive players will automatically lose when time's up. (requested by Reubz123)
|
|t:|1783050686
|teamsize|p1|4
|teamsize|p2|4
|start
|switch|p1a: Kingambit|Kingambit, L50, F|100/100
|switch|p1b: Floette|Floette-Eternal, L50, F|100/100
|switch|p2a: Milotic|Milotic, L50, M|100/100
|switch|p2b: Grimmsnarl|Grimmsnarl, L50, M|100/100
|turn|1
|
|t:|1783050703
|detailschange|p1b: Floette|Floette-Mega, L50, F
|-mega|p1b: Floette|Floette|Floettite
|-ability|p1b: Floette|Fairy Aura
|move|p2b: Grimmsnarl|Light Screen|p2b: Grimmsnarl
|-sidestart|p2: jompinhans|move: Light Screen
|move|p1b: Floette|Dazzling Gleam|p2b: Grimmsnarl|[spread] p2a,p2b
|-supereffective|p2b: Grimmsnarl|1
|-damage|p2a: Milotic|74/100
|-damage|p2b: Grimmsnarl|38/100
|move|p2a: Milotic|Scald|p1a: Kingambit
|-crit|p1a: Kingambit
|-damage|p1a: Kingambit|54/100
|move|p1a: Kingambit|Kowtow Cleave|p2a: Milotic
|-damage|p2a: Milotic|14/100
|-enditem|p2a: Milotic|Sitrus Berry|[eat]
|-heal|p2a: Milotic|39/100|[from] item: Sitrus Berry
|-damage|p1a: Kingambit|45/100|[from] item: Life Orb
|
|upkeep
|turn|2
|inactive|Reubz123 has 30 seconds left.
|
|t:|1783050736
|move|p2a: Milotic|Protect|p2a: Milotic
|-singleturn|p2a: Milotic|Protect
|move|p2b: Grimmsnarl|Parting Shot|p1b: Floette
|-unboost|p1b: Floette|atk|1
|-unboost|p1b: Floette|spa|1
|
|t:|1783050741
|switch|p2b: Sinistcha|Sinistcha, L50|100/100|[from] Parting Shot
|-heal|p2a: Milotic|64/100|[from] ability: Hospitality|[of] p2b: Sinistcha
|move|p1a: Kingambit|Sucker Punch||[still]
|-fail|p1a: Kingambit
|move|p1b: Floette|Dazzling Gleam|p2b: Sinistcha|[spread] p2b
|-activate|p2a: Milotic|move: Protect
|-damage|p2b: Sinistcha|77/100
|
|upkeep
|turn|3
|
|t:|1783050760
|switch|p2b: Grimmsnarl|Grimmsnarl, L50, M|38/100
|move|p1b: Floette|Moonblast|p2a: Milotic
|-damage|p2a: Milotic|38/100
|move|p2a: Milotic|Scald|p1a: Kingambit
|-damage|p1a: Kingambit|13/100
|move|p1a: Kingambit|Kowtow Cleave|p2a: Milotic
|-damage|p2a: Milotic|0 fnt
|faint|p2a: Milotic
|-damage|p1a: Kingambit|3/100|[from] item: Life Orb
|
|upkeep
|
|t:|1783050770
|switch|p2a: Sinistcha|Sinistcha, L50|77/100
|-heal|p2b: Grimmsnarl|62/100|[from] ability: Hospitality|[of] p2a: Sinistcha
|turn|4
|
|t:|1783050780
|switch|p1b: Incineroar|Incineroar, L50, F|100/100
|-ability|p1b: Incineroar|Intimidate|boost
|-unboost|p2a: Sinistcha|atk|1
|-unboost|p2b: Grimmsnarl|atk|1
|move|p2b: Grimmsnarl|Reflect|p2b: Grimmsnarl
|-sidestart|p2: jompinhans|Reflect
|move|p2a: Sinistcha|Matcha Gotcha|p1a: Kingambit|[spread] p1a,p1b
|-resisted|p1a: Kingambit|1
|-resisted|p1b: Incineroar|1
|-damage|p1a: Kingambit|0 fnt
|-heal|p2a: Sinistcha|79/100|[from] drain|[of] p1a: Kingambit
|-damage|p1b: Incineroar|86/100
|-heal|p2a: Sinistcha|87/100|[from] drain|[of] p1b: Incineroar
|faint|p1a: Kingambit
|
|upkeep
|
|t:|1783050791
|switch|p1a: Floette|Floette-Mega, L50, F|100/100
|-ability|p1a: Floette|Fairy Aura
|turn|5
|
|t:|1783050805
|move|p1b: Incineroar|Fake Out|p2b: Grimmsnarl
|-damage|p2b: Grimmsnarl|55/100
|cant|p2b: Grimmsnarl|flinch
|move|p1a: Floette|Dazzling Gleam|p2b: Grimmsnarl|[spread] p2a,p2b
|-supereffective|p2b: Grimmsnarl|1
|-damage|p2a: Sinistcha|53/100
|-damage|p2b: Grimmsnarl|0 fnt
|faint|p2b: Grimmsnarl
|move|p2a: Sinistcha|Life Dew|p2a: Sinistcha
|-heal|p2a: Sinistcha|79/100
|
|upkeep
|
|t:|1783050807
|switch|p2b: Gholdengo|Gholdengo, L50|100/100
|turn|6
|
|t:|1783050824
|move|p2a: Sinistcha|Rage Powder|p2a: Sinistcha
|-singleturn|p2a: Sinistcha|move: Rage Powder
|move|p1a: Floette|Moonblast|p2a: Sinistcha
|-damage|p2a: Sinistcha|27/100
|move|p2b: Gholdengo|Nasty Plot|p2b: Gholdengo
|-boost|p2b: Gholdengo|spa|2
|move|p1b: Incineroar|Darkest Lariat|p2a: Sinistcha
|-supereffective|p2a: Sinistcha|1
|-damage|p2a: Sinistcha|0 fnt
|faint|p2a: Sinistcha
|
|upkeep
|turn|7
|
|t:|1783050835
|move|p1a: Floette|Light of Ruin|p2b: Gholdengo
|-resisted|p2b: Gholdengo|1
|-damage|p2b: Gholdengo|61/100
|-damage|p1a: Floette|74/100|[from] Recoil
|move|p2b: Gholdengo|Make It Rain|p1b: Incineroar|[spread] p1a,p1b
|-supereffective|p1a: Floette|1
|-resisted|p1b: Incineroar|1
|-damage|p1a: Floette|0 fnt
|-damage|p1b: Incineroar|38/100
|-unboost|p2b: Gholdengo|spa|2
|faint|p1a: Floette
|-damage|p2b: Gholdengo|51/100|[from] item: Life Orb
|move|p1b: Incineroar|Darkest Lariat|p2b: Gholdengo
|-supereffective|p2b: Gholdengo|1
|-damage|p2b: Gholdengo|8/100
|
|upkeep
|
|t:|1783050839
|switch|p1a: Tinkaton|Tinkaton, L50, F|100/100
|-ability|p1a: Tinkaton|Mold Breaker
|turn|8
|
|t:|1783050847
|move|p1a: Tinkaton|Gigaton Hammer|p2b: Gholdengo
|-resisted|p2b: Gholdengo|1
|-damage|p2b: Gholdengo|0 fnt
|faint|p2b: Gholdengo
|
|win|Reubz123
||jompinhans is ready for game 2.
||Reubz123 is ready for game 2.
|uhtml|next|Next: Game 2 of 3
|l|☆jompinhans
|player|p2|
