|j|☆homerj71
|j|☆mirroofsoul
|html|homerj71mirroofsoul    
|uhtml|bestof|Game 2 of a best-of-3
|t:|1782236788
|gametype|doubles
|player|p1|homerj71|169|
|player|p2|mirroofsoul|266|
|gen|9
|tier|[Gen 9 Champions] VGC 2026 Reg M-B (Bo3)
|rule|Species Clause: Limit one of each Pokémon
|rule|Item Clause: Limit 1 of each item
|clearpoke
|poke|p1|Charizard, L50, F|
|poke|p1|Garchomp, L50, M|
|poke|p1|Whimsicott, L50, F|
|poke|p1|Basculegion, L50, M|
|poke|p1|Kingambit, L50, F|
|poke|p1|Floette-Eternal, L50, F|
|poke|p2|Sinistcha, L50|
|poke|p2|Farigiraf, L50, M|
|poke|p2|Eelektross, L50, F|
|poke|p2|Dragalge, L50, M|
|poke|p2|Sylveon, L50, M|
|poke|p2|Torkoal, L50, M|
|teampreview|4
|showteam|p1|Charizard||CharizarditeY|Blaze|HeatWave,SolarBeam,WeatherBall,Protect|Modest||F|||50|]Garchomp||SitrusBerry|RoughSkin|DragonClaw,Earthquake,RockSlide,PoisonJab|Jolly||M|||50|]Whimsicott||FocusSash|Prankster|Moonblast,Tailwind,Encore,Protect|Timid||F|||50|]Basculegion||LifeOrb|Adaptability|WaveCrash,AquaJet,Protect,LastRespects|Adamant||M|||50|]Kingambit||BlackGlasses|Defiant|KowtowCleave,SuckerPunch,IronHead,Protect|Adamant||F|||50|]Floette-Eternal||Floettite|FlowerVeil|Moonblast,DazzlingGleam,LightofRuin,Protect|Timid||F|||50|
|showteam|p2|Sinistcha||Leftovers|Hospitality|MatchaGotcha,ShadowBall,RagePowder,TrickRoom|Quiet|||||50|]Farigiraf||SitrusBerry|ArmorTail|TrickRoom,Psychic,HelpingHand,Protect|Relaxed||M|||50|]Eelektross||Eelektrossite|Levitate|WildCharge,DrainPunch,KnockOff,Uturn|Brave||F|||50|]Dragalge||Dragalgite|Adaptability|SludgeBomb,DracoMeteor,FlipTurn,Haze|Quiet||M|||50|]Sylveon||FairyFeather|Pixilate|HyperVoice,QuickAttack,HyperBeam,Detect|Quiet||M|||50|]Torkoal||Charcoal|Drought|Eruption,EarthPower,WeatherBall,Protect|Quiet||M|||50|
|inactive|Battle timer is ON: inactive players will automatically lose when time's up. (requested by mirroofsoul)
|inactive|homerj71 also wants the timer to be on.
|inactive|homerj71 has 60 seconds left.
|
|t:|1782236818
|teamsize|p1|4
|teamsize|p2|4
|start
|switch|p1a: Floette|Floette-Eternal, L50, F|100/100
|switch|p1b: Basculegion|Basculegion, L50, M|100/100
|switch|p2a: Farigiraf|Farigiraf, L50, M|100/100
|switch|p2b: Sylveon|Sylveon, L50, M|100/100
|turn|1
|
|t:|1782236835
|detailschange|p1a: Floette|Floette-Mega, L50, F
|-mega|p1a: Floette|Floette|Floettite
|-ability|p1a: Floette|Fairy Aura
|move|p1a: Floette|Dazzling Gleam|p2a: Farigiraf|[spread] p2a,p2b
|-damage|p2a: Farigiraf|49/100
|-damage|p2b: Sylveon|66/100
|-enditem|p2a: Farigiraf|Sitrus Berry|[eat]
|-heal|p2a: Farigiraf|74/100|[from] item: Sitrus Berry
|move|p1b: Basculegion|Wave Crash|p2a: Farigiraf
|-damage|p2a: Farigiraf|10/100
|-damage|p1b: Basculegion|75/100|[from] Recoil
|-damage|p1b: Basculegion|65/100|[from] item: Life Orb
|move|p2b: Sylveon|Hyper Beam|p1b: Basculegion
|-damage|p1b: Basculegion|0 fnt
|-mustrecharge|p2b: Sylveon
|faint|p1b: Basculegion
|move|p2a: Farigiraf|Trick Room|p2a: Farigiraf
|-fieldstart|move: Trick Room|[of] p2a: Farigiraf
|
|upkeep
|
|t:|1782236849
|switch|p1b: Kingambit|Kingambit, L50, F|100/100
|turn|2
|
|t:|1782236864
|move|p1a: Floette|Protect|p1a: Floette
|-singleturn|p1a: Floette|Protect
|move|p1b: Kingambit|Iron Head|p2b: Sylveon
|-supereffective|p2b: Sylveon|1
|-damage|p2b: Sylveon|0 fnt
|faint|p2b: Sylveon
|move|p2a: Farigiraf|Psychic|p1a: Floette
|-activate|p1a: Floette|move: Protect
|
|upkeep
|
|t:|1782236873
|switch|p2b: Dragalge|Dragalge, L50, M|100/100
|turn|3
|
|t:|1782236881
|move|p2a: Farigiraf|Helping Hand|p2b: Dragalge
|-singleturn|p2b: Dragalge|Helping Hand|[of] p2a: Farigiraf
|move|p2b: Dragalge|Sludge Bomb|p1a: Floette
|-supereffective|p1a: Floette|1
|-damage|p1a: Floette|0 fnt
|faint|p1a: Floette
|move|p1b: Kingambit|Kowtow Cleave|p2b: Dragalge
|-damage|p2b: Dragalge|33/100
|
|upkeep
|
|t:|1782236889
|switch|p1a: Garchomp|Garchomp, L50, M|100/100
|turn|4
|
|t:|1782236903
|detailschange|p2b: Dragalge|Dragalge-Mega, L50, M
|-mega|p2b: Dragalge|Dragalge|Dragalgite
|move|p1b: Kingambit|Protect|p1b: Kingambit
|-singleturn|p1b: Kingambit|Protect
|move|p2b: Dragalge|Flip Turn|p1b: Kingambit
|-activate|p1b: Kingambit|move: Protect
|move|p2a: Farigiraf|Psychic|p1a: Garchomp
|-damage|p1a: Garchomp|68/100
|move|p1a: Garchomp|Earthquake|p2b: Dragalge|[spread] p2a,p2b
|-activate|p1b: Kingambit|move: Protect
|-supereffective|p2b: Dragalge|1
|-damage|p2a: Farigiraf|0 fnt
|-damage|p2b: Dragalge|0 fnt
|faint|p2a: Farigiraf
|faint|p2b: Dragalge
|
|upkeep
|
|t:|1782236919
|switch|p2b: Sinistcha|Sinistcha, L50|100/100
|turn|5
|
|t:|1782236923
|move|p1b: Kingambit|Kowtow Cleave|p2b: Sinistcha
|-supereffective|p2b: Sinistcha|1
|-damage|p2b: Sinistcha|0 fnt
|faint|p2b: Sinistcha
|
|win|homerj71
||homerj71 is ready for game 3.
|inactive|mirroofsoul has 30 seconds to confirm battle start!
||mirroofsoul is ready for game 3.
|uhtml|next|Next: Game 3 of 3
|l|☆mirroofsoul
|player|p2|
|l|☆homerj71
|player|p1|
|j|☆homerj71
|player|p1|homerj71|169|
