|j|☆muitodoido424
|j|☆hungry hillo
|html|muitodoido424hungry hillo    
|uhtml|bestof|Game 1 of a best-of-3
|t:|1757111965
|gametype|doubles
|player|p1|muitodoido424|266|1000
|player|p2|hungry hillo|n|1078
|gen|9
|tier|[Gen 9] VGC 2025 Reg H (Bo3)
|rated|
|rule|Species Clause: Limit one of each Pokémon
|rule|Item Clause: Limit 1 of each item
|clearpoke
|poke|p1|Tyranitar, L50, M|
|poke|p1|Porygon2, L50|
|poke|p1|Arcanine-Hisui, L50, F|
|poke|p1|Gyarados, L50, M|
|poke|p1|Ursaluna, L50, F|
|poke|p1|Rillaboom, L50, F|
|poke|p2|Kingambit, L50, M|
|poke|p2|Electabuzz, L50, M|
|poke|p2|Ursaluna-Bloodmoon, L50, M|
|poke|p2|Incineroar, L50, M|
|poke|p2|Whimsicott, L50, F|
|poke|p2|Annihilape, L50, M|
|teampreview|4
|showteam|p1|Tyranitar||GrassySeed|SandStream|StoneEdge,Earthquake,Crunch,Protect|||M|||50|,,,,,Ghost]Porygon2||Eviolite|Download|TeraBlast,TrickRoom,Recover,Protect||||||50|,,,,,Ghost]Arcanine-Hisui||ChoiceBand|RockHead|ExtremeSpeed,HeadSmash,FlareBlitz,PsychicFangs|||F|||50|,,,,,Normal]Gyarados||SafetyGoggles|Intimidate|Waterfall,Protect,ThunderWave,Roar|||M|||50|,,,,,Ground]Ursaluna||FlameOrb|Guts|Facade,Earthquake,HeadlongRush,Protect|||F|||50|,,,,,Ghost]Rillaboom||MiracleSeed|GrassySurge|FakeOut,GrassyGlide,WoodHammer,Uturn|||F|||50|,,,,,Water
|showteam|p2|Kingambit||BlackGlasses|Defiant|SuckerPunch,KowtowCleave,SwordsDance,Protect|||M|||50|,,,,,Dark]Electabuzz||Eviolite|VitalSpirit|Thunderbolt,FollowMe,Taunt,Protect|||M|||50|,,,,,Ghost]Ursaluna-Bloodmoon||LifeOrb|MindsEye|EarthPower,BloodMoon,HyperVoice,Protect|||M|||50|,,,,,Normal]Incineroar||AssaultVest|Intimidate|KnockOff,FlareBlitz,Uturn,FakeOut|||M|||50|,,,,,Bug]Whimsicott||CovertCloak|Prankster|Tailwind,BeatUp,Moonblast,SunnyDay|||F|||50|,,,,,Dragon]Annihilape||SafetyGoggles|Defiant|RageFist,DrainPunch,BulkUp,Protect|||M|||50|,,,,,Fire
|
|t:|1757112011
|teamsize|p1|4
|teamsize|p2|4
|start
|switch|p1a: Cachorrão|Arcanine-Hisui, L50, F|100/100
|switch|p1b: Geraldo|Ursaluna, L50, F|100/100
|switch|p2a: lion|Ursaluna-Bloodmoon, L50, M|100/100
|switch|p2b: Whimsicott|Whimsicott, L50, F|100/100
|turn|1
|
|t:|1757112033
|switch|p1b: Kid|Porygon2, L50|100/100
|-ability|p1b: Kid|Download|boost
|-boost|p1b: Kid|spa|1
|-terastallize|p1a: Cachorrão|Normal
|move|p1a: Cachorrão|Extreme Speed|p2b: Whimsicott
|-damage|p2b: Whimsicott|33/100
|move|p2b: Whimsicott|Tailwind|p2b: Whimsicott
|-sidestart|p2: hungry hillo|move: Tailwind
|move|p2a: lion|Earth Power|p1a: Cachorrão
|-damage|p1a: Cachorrão|25/100
|-damage|p2a: lion|91/100|[from] item: Life Orb
|
|upkeep
|turn|2
|
|t:|1757112078
|-terastallize|p2a: lion|Normal
|move|p1a: Cachorrão|Extreme Speed|p2a: lion
|-damage|p2a: lion|37/100
|move|p2b: Whimsicott|Moonblast|p1a: Cachorrão
|-damage|p1a: Cachorrão|0 fnt
|faint|p1a: Cachorrão
|move|p2a: lion|Blood Moon|p1b: Kid
|-damage|p1b: Kid|23/100
|-damage|p2a: lion|27/100|[from] item: Life Orb
|move|p1b: Kid|Tera Blast|p2b: Whimsicott
|-damage|p2b: Whimsicott|0 fnt
|faint|p2b: Whimsicott
|
|upkeep
|
|t:|1757112096
|switch|p2b: Shang chi|Kingambit, L50, M, shiny|100/100
|switch|p1a: Rillaboom|Rillaboom, L50, F|100/100
|-fieldstart|move: Grassy Terrain|[from] ability: Grassy Surge|[of] p1a: Rillaboom
|turn|3
|
|t:|1757112109
|switch|p1b: Geraldo|Ursaluna, L50, F|100/100
|move|p1a: Rillaboom|Grassy Glide|p2a: lion
|-damage|p2a: lion|0 fnt
|faint|p2a: lion
|move|p2b: Shang chi|Kowtow Cleave|p1b: Geraldo
|-damage|p1b: Geraldo|60/100
|
|-heal|p1b: Geraldo|66/100|[from] Grassy Terrain
|-status|p1b: Geraldo|brn|[from] item: Flame Orb
|upkeep
|
|t:|1757112112
|switch|p2a: Bumble bee|Electabuzz, L50, M|100/100
|turn|4
|
|t:|1757112131
|switch|p1a: Kid|Porygon2, L50|23/100
|-ability|p1a: Kid|Download|boost
|-boost|p1a: Kid|spa|1
|move|p2a: Bumble bee|Follow Me|p2a: Bumble bee
|-singleturn|p2a: Bumble bee|move: Follow Me
|move|p2b: Shang chi|Swords Dance|p2b: Shang chi
|-boost|p2b: Shang chi|atk|2
|move|p1b: Geraldo|Earthquake|p2a: Bumble bee|[spread] p1a,p2a,p2b
|-supereffective|p2a: Bumble bee
|-supereffective|p2b: Shang chi
|-damage|p1a: Kid|4/100
|-damage|p2a: Bumble bee|34/100
|-damage|p2b: Shang chi|53/100
|
|-heal|p2a: Bumble bee|40/100|[from] Grassy Terrain
|-heal|p2b: Shang chi|59/100|[from] Grassy Terrain
|-heal|p1a: Kid|10/100|[from] Grassy Terrain
|-heal|p1b: Geraldo|72/100 brn|[from] Grassy Terrain
|-damage|p1b: Geraldo|66/100 brn|[from] brn
|-sideend|p2: hungry hillo|move: Tailwind
|upkeep
|turn|5
|
|t:|1757112171
|switch|p1b: Rillaboom|Rillaboom, L50, F|100/100
|move|p2b: Shang chi|Sucker Punch||[still]
|-fail|p2b: Shang chi
|move|p2a: Bumble bee|Thunderbolt|p1a: Kid
|-damage|p1a: Kid|0 fnt
|faint|p1a: Kid
|
|-heal|p2a: Bumble bee|46/100|[from] Grassy Terrain
|-heal|p2b: Shang chi|65/100|[from] Grassy Terrain
|upkeep
|
|t:|1757112180
|switch|p1a: Geraldo|Ursaluna, L50, F|66/100 brn
|turn|6
|
|t:|1757112184
|move|p2a: Bumble bee|Protect|p2a: Bumble bee
|-singleturn|p2a: Bumble bee|Protect
|move|p2b: Shang chi|Protect|p2b: Shang chi
|-singleturn|p2b: Shang chi|Protect
|move|p1b: Rillaboom|Fake Out|p2b: Shang chi
|-activate|p2b: Shang chi|move: Protect
|move|p1a: Geraldo|Earthquake|p2b: Shang chi|[spread] p1b
|-activate|p2a: Bumble bee|move: Protect
|-activate|p2b: Shang chi|move: Protect
|-resisted|p1b: Rillaboom
|-damage|p1b: Rillaboom|85/100
|
|-heal|p2a: Bumble bee|52/100|[from] Grassy Terrain
|-heal|p1b: Rillaboom|90/100|[from] Grassy Terrain
|-heal|p2b: Shang chi|71/100|[from] Grassy Terrain
|-heal|p1a: Geraldo|72/100 brn|[from] Grassy Terrain
|-damage|p1a: Geraldo|66/100 brn|[from] brn
|upkeep
|turn|7
|
|t:|1757112198
|move|p1a: Geraldo|Protect|p1a: Geraldo
|-singleturn|p1a: Geraldo|Protect
|move|p2a: Bumble bee|Follow Me|p2a: Bumble bee
|-singleturn|p2a: Bumble bee|move: Follow Me
|move|p2b: Shang chi|Sucker Punch||[still]
|-fail|p2b: Shang chi
|move|p1b: Rillaboom|Wood Hammer|p2a: Bumble bee
|-damage|p2a: Bumble bee|0 fnt
|faint|p2a: Bumble bee
|-damage|p1b: Rillaboom|78/100|[from] Recoil
|
|-heal|p1b: Rillaboom|84/100|[from] Grassy Terrain
|-heal|p2b: Shang chi|76/100|[from] Grassy Terrain
|-heal|p1a: Geraldo|72/100 brn|[from] Grassy Terrain
|-damage|p1a: Geraldo|66/100 brn|[from] brn
|-fieldend|move: Grassy Terrain
|upkeep
|turn|8
|
|t:|1757112225
|move|p1a: Geraldo|Protect||[still]
|-fail|p1a: Geraldo
|move|p2b: Shang chi|Sucker Punch||[still]
|-fail|p2b: Shang chi
|move|p1b: Rillaboom|Wood Hammer|p2b: Shang chi
|-resisted|p2b: Shang chi
|-damage|p2b: Shang chi|49/100
|-damage|p1b: Rillaboom|75/100|[from] Recoil
|
|-damage|p1a: Geraldo|60/100 brn|[from] brn
|upkeep
|turn|9
|
|t:|1757112257
|move|p1a: Geraldo|Protect|p1a: Geraldo
|-singleturn|p1a: Geraldo|Protect
|move|p2b: Shang chi|Sucker Punch|p1b: Rillaboom
|-crit|p1b: Rillaboom
|-damage|p1b: Rillaboom|0 fnt
|faint|p1b: Rillaboom
|
|-damage|p1a: Geraldo|54/100 brn|[from] brn
|upkeep
|turn|10
|
|t:|1757112270
|move|p2b: Shang chi|Sucker Punch|p1a: Geraldo
|-damage|p1a: Geraldo|0 fnt
|faint|p1a: Geraldo
|
|win|hungry hillo
||hungry hillo is ready for game 2.
||muitodoido424 is ready for game 2.
|uhtml|next|Next: Game 2 of 3
