|j|☆Dragonaris
|j|☆homerj71
|html|Dragonarishomerj71    
|uhtml|bestof|Game 2 of a best-of-3
|t:|1783168047
|gametype|doubles
|player|p1|Dragonaris|265|1137
|player|p2|homerj71|169|1243
|gen|9
|tier|[Gen 9 Champions] VGC 2026 Reg M-B (Bo3)
|rated|
|rule|Species Clause: Limit one of each Pokémon
|rule|Item Clause: Limit 1 of each item
|clearpoke
|poke|p1|Gengar, L50, F|
|poke|p1|Garchomp, L50, M|
|poke|p1|Charizard, L50, F|
|poke|p1|Archaludon, L50, M|
|poke|p1|Pelipper, L50, M|
|poke|p1|Whimsicott, L50, M|
|poke|p2|Delphox, L50, F|
|poke|p2|Sneasler, L50, M|
|poke|p2|Floette-Eternal, L50, F|
|poke|p2|Incineroar, L50, M|
|poke|p2|Kingambit, L50, M|
|poke|p2|Sinistcha, L50|
|teampreview|4
|showteam|p1|Gengar||Gengarite|CursedBody|FocusBlast,SludgeWave,ShadowBall,Thunder|Modest||F|||50|]Garchomp||SitrusBerry|SandVeil|DragonClaw,Earthquake,RockSlide,IronHead|Jolly||M|||50|]Charizard||CharizarditeY|Blaze|HeatWave,SolarBeam,DragonPulse,Hurricane|Modest||F|||50|]Archaludon||Leftovers|Stamina|DracoMeteor,ElectroShot,FlashCannon,Protect|Bold||M|||50|]Pelipper||FocusSash|Drizzle|WeatherBall,Roost,Hurricane,Tailwind|Bold||M|||50|]Whimsicott||LumBerry|Prankster|Tailwind,Encore,DazzlingGleam,GigaDrain|Bold||M|||50|
|showteam|p2|Delphox||Delphoxite|Blaze|Protect,Psyshock,HeatWave,NastyPlot|Timid||F|||50|]Sneasler||FocusSash|PoisonTouch|QuickGuard,CloseCombat,FakeOut,DireClaw|Jolly||M|||50|]Floette-Eternal||Floettite|FlowerVeil|Protect,DazzlingGleam,CalmMind,Moonblast|Timid||F|||50|]Incineroar||SitrusBerry|Intimidate|ThroatChop,FlareBlitz,PartingShot,FakeOut|Impish||M|||50|]Kingambit||BlackGlasses|Defiant|Protect,KowtowCleave,SuckerPunch,SwordsDance|Adamant||M|||50|]Sinistcha||KasibBerry|Hospitality|Protect,TrickRoom,MatchaGotcha,RagePowder|Relaxed|||||50|
|inactive|Battle timer is ON: inactive players will automatically lose when time's up. (requested by homerj71)
|inactive|Dragonaris has 60 seconds left.
|
|t:|1783168081
|teamsize|p1|4
|teamsize|p2|4
|start
|switch|p1a: Whimsicott|Whimsicott, L50, M|100/100
|switch|p1b: Charizard|Charizard, L50, F|100/100
|switch|p2a: Kingambit|Kingambit, L50, M|100/100
|switch|p2b: Sneasler|Sneasler, L50, M|100/100
|turn|1
|
|t:|1783168101
|switch|p1b: Archaludon|Archaludon, L50, M|100/100
|switch|p2a: Delphox|Delphox, L50, F|100/100
|move|p2b: Sneasler|Fake Out|p1b: Archaludon
|-resisted|p1b: Archaludon|1
|-damage|p1b: Archaludon|95/100
|-ability|p1b: Archaludon|Stamina|boost
|-boost|p1b: Archaludon|def|1
|move|p1a: Whimsicott|Tailwind|p1a: Whimsicott
|-sidestart|p1: Dragonaris|move: Tailwind
|
|-heal|p1b: Archaludon|100/100|[from] item: Leftovers
|upkeep
|turn|2
|inactive|Dragonaris has 30 seconds left.
|inactive|homerj71 has 30 seconds left.
|inactive|Dragonaris has 20 seconds left.
|inactive|Dragonaris has 15 seconds left.
|
|t:|1783168142
|move|p1b: Archaludon|Protect|p1b: Archaludon
|-singleturn|p1b: Archaludon|Protect
|move|p1a: Whimsicott|Encore|p2b: Sneasler
|-start|p2b: Sneasler|Encore
|move|p2b: Sneasler|Fake Out||[still]
|-hint|Fake Out only works on your first turn out.
|-fail|p2b: Sneasler
|move|p2a: Delphox|Heat Wave|p1b: Archaludon|[spread] p1a
|-activate|p1b: Archaludon|move: Protect
|-supereffective|p1a: Whimsicott|1
|-damage|p1a: Whimsicott|13/100
|
|upkeep
|turn|3
|
|t:|1783168164
|switch|p1a: Charizard|Charizard, L50, F|100/100
|switch|p1b: Garchomp|Garchomp, L50, M|100/100
|switch|p2b: Sinistcha|Sinistcha, L50|100/100
|detailschange|p2a: Delphox|Delphox-Mega, L50, F
|-mega|p2a: Delphox|Delphox|Delphoxite
|move|p2a: Delphox|Heat Wave|p1b: Garchomp|[spread] p1a,p1b
|-resisted|p1a: Charizard|1
|-resisted|p1b: Garchomp|1
|-damage|p1a: Charizard|69/100
|-damage|p1b: Garchomp|76/100
|
|upkeep
|turn|4
|
|t:|1783168182
|detailschange|p1a: Charizard|Charizard-Mega-Y, L50, F
|-mega|p1a: Charizard|Charizard|Charizardite Y
|-weather|SunnyDay|[from] ability: Drought|[of] p1a: Charizard
|move|p2a: Delphox|Protect|p2a: Delphox
|-singleturn|p2a: Delphox|Protect
|move|p2b: Sinistcha|Protect|p2b: Sinistcha
|-singleturn|p2b: Sinistcha|Protect
|move|p1b: Garchomp|Rock Slide|p2a: Delphox|[spread] 
|-activate|p2a: Delphox|move: Protect
|-activate|p2b: Sinistcha|move: Protect
|move|p1a: Charizard|Heat Wave|p2b: Sinistcha|[spread] 
|-activate|p2a: Delphox|move: Protect
|-activate|p2b: Sinistcha|move: Protect
|
|-weather|SunnyDay|[upkeep]
|-sideend|p1: Dragonaris|move: Tailwind
|upkeep
|turn|5
|
|t:|1783168204
|switch|p2b: Sneasler|Sneasler, L50, M|100/100
|move|p2a: Delphox|Heat Wave|p1b: Garchomp|[spread] p1a,p1b
|-resisted|p1a: Charizard|1
|-resisted|p1b: Garchomp|1
|-damage|p1a: Charizard|39/100
|-damage|p1b: Garchomp|42/100
|-enditem|p1b: Garchomp|Sitrus Berry|[eat]
|-heal|p1b: Garchomp|67/100|[from] item: Sitrus Berry
|move|p1b: Garchomp|Rock Slide|p2b: Sneasler|[spread] p2a,p2b
|-supereffective|p2a: Delphox|1
|-resisted|p2b: Sneasler|1
|-damage|p2a: Delphox|35/100
|-damage|p2b: Sneasler|82/100
|move|p1a: Charizard|Heat Wave|p2b: Sneasler|[spread] p2a,p2b
|-resisted|p2a: Delphox|1
|-damage|p2a: Delphox|1/100
|-damage|p2b: Sneasler|0 fnt
|faint|p2b: Sneasler
|
|-weather|SunnyDay|[upkeep]
|upkeep
|
|t:|1783168217
|switch|p2b: Kingambit|Kingambit, L50, M|100/100
|turn|6
|-message|homerj71 forfeited.
|
|win|Dragonaris
