|j|☆yunsen
|j|☆JP the president
|html|yunsenJP the president    
|uhtml|bestof|Game 1 of a best-of-3
|t:|1782316449
|gametype|doubles
|player|p1|yunsen|n|1125
|player|p2|JP the president|steven|1139
|gen|9
|tier|[Gen 9 Champions] VGC 2026 Reg M-B (Bo3)
|rated|
|rule|Species Clause: Limit one of each Pokémon
|rule|Item Clause: Limit 1 of each item
|clearpoke
|poke|p1|Raichu, L50, F|
|poke|p1|Whimsicott, L50, M|
|poke|p1|Basculegion, L50, M|
|poke|p1|Garchomp, L50, M|
|poke|p1|Floette-Eternal, L50, F|
|poke|p1|Gholdengo, L50|
|poke|p2|Staraptor, L50, M, shiny|
|poke|p2|Whimsicott, L50, F, shiny|
|poke|p2|Floette-Eternal, L50, F|
|poke|p2|Charizard, L50, M, shiny|
|poke|p2|Kingambit, L50, M|
|poke|p2|Rhyperior, L50, M|
|teampreview|4
|showteam|p1|Raichu||RaichuniteY|LightningRod|Protect,ZapCannon,FocusBlast,FakeOut|Modest||F|||50|]Whimsicott||FocusSash|Prankster|Protect,Moonblast,Tailwind,Encore|Timid||M|||50|]Basculegion||MysticWater|Adaptability|Protect,WaveCrash,LastRespects,AquaJet|Adamant||M|||50|]Garchomp||SitrusBerry|RoughSkin|RockSlide,StompingTantrum,DragonClaw,Protect|Jolly||M|||50|]Floette-Eternal||Floettite|FlowerVeil|Protect,Moonblast,DazzlingGleam,Psychic|Timid||F|||50|]Gholdengo||LifeOrb|GoodasGold|Protect,MakeItRain,NastyPlot,ShadowBall|Timid|||||50|
|showteam|p2|Staraptor||Staraptite|Intimidate|BraveBird,CloseCombat,Protect,BulkUp|Jolly||M|||50|]Whimsicott||FocusSash|Prankster|Charm,Protect,Tailwind,Moonblast|Bold||F|||50|]Floette-Eternal||Floettite|FlowerVeil|Protect,LightofRuin,DazzlingGleam,PollenPuff|Timid||F|||50|]Charizard||CharizarditeY|SolarPower|HeatWave,AncientPower,Protect,SolarBeam|Timid||M|||50|]Kingambit||BlackGlasses|Defiant|KowtowCleave,Protect,SuckerPunch,SwordsDance|Adamant||M|||50|]Rhyperior||LifeOrb|LightningRod|Earthquake,RockSlide,Protect,IcePunch|Adamant||M|||50|
|inactive|Battle timer is ON: inactive players will automatically lose when time's up. (requested by yunsen)
|inactive|yunsen has 60 seconds left.
|
|t:|1782316480
|teamsize|p1|4
|teamsize|p2|4
|start
|switch|p1a: Gholdengo|Gholdengo, L50|100/100
|switch|p1b: Whimsicott|Whimsicott, L50, M|100/100
|switch|p2a: Charizard|Charizard, L50, M, shiny|100/100
|switch|p2b: Rhyperior|Rhyperior, L50, M|100/100
|turn|1
|inactive|JP the president has 30 seconds left.
|
|t:|1782316511
|detailschange|p2a: Charizard|Charizard-Mega-Y, L50, M, shiny
|-mega|p2a: Charizard|Charizard|Charizardite Y
|-weather|SunnyDay|[from] ability: Drought|[of] p2a: Charizard
|move|p1b: Whimsicott|Tailwind|p1b: Whimsicott
|-sidestart|p1: yunsen|move: Tailwind
|move|p1a: Gholdengo|Nasty Plot|p1a: Gholdengo
|-boost|p1a: Gholdengo|spa|2
|move|p2a: Charizard|Heat Wave|p1b: Whimsicott|[spread] p1a,p1b
|-supereffective|p1a: Gholdengo|1
|-supereffective|p1b: Whimsicott|1
|-damage|p1a: Gholdengo|0 fnt
|-enditem|p1b: Whimsicott|Focus Sash
|-damage|p1b: Whimsicott|1/100
|faint|p1a: Gholdengo
|move|p2b: Rhyperior|Earthquake|p1b: Whimsicott|[spread] p1b
|-immune|p2a: Charizard
|-resisted|p1b: Whimsicott|1
|-damage|p1b: Whimsicott|0 fnt
|faint|p1b: Whimsicott
|-damage|p2b: Rhyperior|90/100|[from] item: Life Orb
|
|-weather|SunnyDay|[upkeep]
|upkeep
|
|t:|1782316521
|switch|p1b: Basculegion|Basculegion, L50, M|100/100
|switch|p1a: Raichu|Raichu, L50, F|100/100
|turn|2
|
|t:|1782316542
|detailschange|p1a: Raichu|Raichu-Mega-Y, L50, F
|-mega|p1a: Raichu|Raichu|Raichunite Y
|move|p1a: Raichu|Zap Cannon|p2b: Rhyperior
|-activate|p2b: Rhyperior|ability: Lightning Rod
|-ability|p2b: Rhyperior|Lightning Rod|boost
|-boost|p2b: Rhyperior|spa|1
|move|p1b: Basculegion|Wave Crash|p2b: Rhyperior
|-supereffective|p2b: Rhyperior|2
|-damage|p2b: Rhyperior|0 fnt
|faint|p2b: Rhyperior
|-damage|p1b: Basculegion|69/100|[from] Recoil
|move|p2a: Charizard|Solar Beam||[still]
|-prepare|p2a: Charizard|Solar Beam
|-anim|p2a: Charizard|Solar Beam|p1b: Basculegion
|-supereffective|p1b: Basculegion|1
|-damage|p1b: Basculegion|0 fnt
|faint|p1b: Basculegion
|
|-weather|SunnyDay|[upkeep]
|upkeep
|
|t:|1782316564
|switch|p2b: Whimsicott|Whimsicott, L50, F, shiny|100/100
|turn|3
|
|t:|1782316575
|move|p2b: Whimsicott|Protect|p2b: Whimsicott
|-singleturn|p2b: Whimsicott|Protect
|move|p2a: Charizard|Protect|p2a: Charizard
|-singleturn|p2a: Charizard|Protect
|move|p1a: Raichu|Zap Cannon|p2a: Charizard
|-activate|p2a: Charizard|move: Protect
|
|-weather|SunnyDay|[upkeep]
|upkeep
|turn|4
|inactive|JP the president has 30 seconds left.
|
|t:|1782316601
|switch|p2a: Kingambit|Kingambit, L50, M|100/100
|move|p2b: Whimsicott|Tailwind|p2b: Whimsicott
|-sidestart|p2: JP the president|move: Tailwind
|move|p1a: Raichu|Zap Cannon|p2a: Kingambit
|-damage|p2a: Kingambit|32/100
|-status|p2a: Kingambit|par
|
|-weather|SunnyDay|[upkeep]
|-sideend|p1: yunsen|move: Tailwind
|upkeep
|turn|5
|
|t:|1782316618
|move|p2a: Kingambit|Sucker Punch|p1a: Raichu
|-crit|p1a: Raichu
|-damage|p1a: Raichu|0 fnt
|faint|p1a: Raichu
|
|win|JP the president
||JP the president is ready for game 2.
|inactive|yunsen has 30 seconds to confirm battle start!
||yunsen is ready for game 2.
|uhtml|next|Next: Game 2 of 3
