|j|☆Hirseknabe
|j|☆Il Mule
|html|HirseknabeIl Mule    
|uhtml|bestof|Game 2 of a best-of-3
|t:|1782310658
|gametype|doubles
|player|p1|Hirseknabe|1|1291
|player|p2|Il Mule|salvatore|1453
|gen|9
|tier|[Gen 9 Champions] VGC 2026 Reg M-B (Bo3)
|rated|
|rule|Species Clause: Limit one of each Pokémon
|rule|Item Clause: Limit 1 of each item
|clearpoke
|poke|p1|Kangaskhan, L50, F|
|poke|p1|Farigiraf, L50, F|
|poke|p1|Vileplume, L50, F, shiny|
|poke|p1|Torkoal, L50, M|
|poke|p1|Basculegion, L50, M|
|poke|p1|Kommo-o, L50, F|
|poke|p2|Corviknight, L50, F|
|poke|p2|Tyranitar, L50, M|
|poke|p2|Sneasler, L50, F|
|poke|p2|Incineroar, L50, M|
|poke|p2|Froslass, L50, F|
|poke|p2|Garchomp, L50, F|
|teampreview|4
|showteam|p1|Kangaskhan||Kangaskhanite|Scrappy|DoubleEdge,FakeOut,LowKick,SuckerPunch|Adamant||F|||50|]Farigiraf||ColburBerry|ArmorTail|HyperVoice,Psychic,Protect,TrickRoom|Modest||F|||50|]Vileplume||FocusSash|Chlorophyll|SludgeBomb,Protect,SleepPowder,AfterYou|Timid||F|||50|]Torkoal||Charcoal|Drought|Eruption,WeatherBall,HeatWave,Protect|Quiet||M|||50|]Basculegion||ChoiceScarf|Adaptability|AquaJet,WaveCrash,LastRespects,FlipTurn|Jolly||M|||50|]Kommo-o||LifeOrb|Soundproof|ClangingScales,AuraSphere,DracoMeteor,Protect|Modest||F|||50|
|showteam|p2|Corviknight||OccaBerry|MirrorArmor|BraveBird,Taunt,Tailwind,Roost|Impish||F|||50|]Tyranitar||Tyranitarite|SandStream|KnockOff,RockSlide,DragonDance,Protect|Adamant||M|||50|]Sneasler||WhiteHerb|Unburden|CloseCombat,DireClaw,Coaching,FakeOut|Jolly||F|||50|]Incineroar||SitrusBerry|Intimidate|FlareBlitz,WillOWisp,PartingShot,FakeOut|Impish||M|||50|]Froslass||Froslassite|SnowCloak|Blizzard,ShadowBall,AuroraVeil,Protect|Timid||F|||50|]Garchomp||LifeOrb|RoughSkin|Earthquake,RockSlide,StompingTantrum,Protect|Jolly||F|||50|
|j| rovesciaporci
|j| Tridello
|j| Jenny Nencioni
|j| lakaka siuuu
|c| Jenny Nencioni|Ma che bello vilepiuma shiny
|c| lakaka siuuu|duo comico
|j| kelso shrug
|c| rovesciaporci|va bene kadamba
|
|t:|1782310695
|teamsize|p1|4
|teamsize|p2|4
|start
|switch|p1a: Kangaskhan|Kangaskhan, L50, F|100/100
|switch|p1b: Basculegion|Basculegion, L50, M|100/100
|switch|p2a: Sneasler|Sneasler, L50, F|100/100
|switch|p2b: Froslass|Froslass, L50, F|100/100
|turn|1
|c| Jenny Nencioni|Certo non capisco coss faccia meglio di ranarinillo però ci sta
|c| rovesciaporci|lo avevo pascolato su champions e l'ho scartato dallo schifo
|
|t:|1782310712
|detailschange|p2b: Froslass|Froslass-Mega, L50, F
|-mega|p2b: Froslass|Froslass|Froslassite
|-weather|Snowscape|[from] ability: Snow Warning|[of] p2b: Froslass
|detailschange|p1a: Kangaskhan|Kangaskhan-Mega, L50, F
|-mega|p1a: Kangaskhan|Kangaskhan|Kangaskhanite
|move|p2a: Sneasler|Fake Out|p1a: Kangaskhan
|-damage|p1a: Kangaskhan|91/100
|cant|p1a: Kangaskhan|flinch
|move|p1b: Basculegion|Flip Turn|p2a: Sneasler
|-damage|p2a: Sneasler|53/100
|
|t:|1782310721
|switch|p1b: Torkoal|Torkoal, L50, M|100/100|[from] Flip Turn
|-weather|SunnyDay|[from] ability: Drought|[of] p1b: Torkoal
|move|p2b: Froslass|Shadow Ball|p1b: Torkoal
|-damage|p1b: Torkoal|38/100
|-unboost|p1b: Torkoal|spd|1
|
|-weather|SunnyDay|[upkeep]
|upkeep
|turn|2
|l| Jenny Nencioni
|j| Jenny Nencioni
|
|t:|1782310755
|move|p2a: Sneasler|Close Combat|p1a: Kangaskhan
|-supereffective|p1a: Kangaskhan|1
|-damage|p1a: Kangaskhan|11/100
|-unboost|p2a: Sneasler|def|1
|-unboost|p2a: Sneasler|spd|1
|-enditem|p2a: Sneasler|White Herb
|-clearnegativeboost|p2a: Sneasler|[silent]
|move|p2b: Froslass|Shadow Ball|p1b: Torkoal
|-damage|p1b: Torkoal|0 fnt
|faint|p1b: Torkoal
|move|p1a: Kangaskhan|Double-Edge|p2a: Sneasler
|-damage|p2a: Sneasler|0 fnt
|faint|p2a: Sneasler
|-damage|p1a: Kangaskhan|0 fnt|[from] Recoil
|faint|p1a: Kangaskhan
|
|-weather|SunnyDay|[upkeep]
|upkeep
|c| lakaka siuuu|ecco
|c| lakaka siuuu|qua
|
|t:|1782310767
|switch|p2a: Incineroar|Incineroar, L50, M|100/100
|switch|p1a: Basculegion|Basculegion, L50, M|100/100
|switch|p1b: Kommo-o|Kommo-o, L50, F|100/100
|-ability|p2a: Incineroar|Intimidate|boost
|-unboost|p1a: Basculegion|atk|1
|-unboost|p1b: Kommo-o|atk|1
|turn|3
|c| lakaka siuuu|si è visto 0atk
|l| Jenny Nencioni
|j| Jenny Nencioni
|c| Jenny Nencioni|Chi si è visto si è visto
|
|t:|1782310806
|switch|p2b: Corviknight|Corviknight, L50, F|100/100
|move|p1a: Basculegion|Wave Crash|p2a: Incineroar
|-supereffective|p2a: Incineroar|1
|-damage|p2a: Incineroar|62/100
|-damage|p1a: Basculegion|87/100|[from] Recoil
|move|p1b: Kommo-o|Clanging Scales|p2b: Corviknight|[spread] p2a,p2b
|-resisted|p2b: Corviknight|1
|-damage|p2a: Incineroar|15/100
|-damage|p2b: Corviknight|74/100
|-enditem|p2a: Incineroar|Sitrus Berry|[eat]
|-heal|p2a: Incineroar|40/100|[from] item: Sitrus Berry
|-unboost|p1b: Kommo-o|def|1
|-damage|p1b: Kommo-o|90/100|[from] item: Life Orb
|move|p2a: Incineroar|Will-O-Wisp|p1a: Basculegion|[miss]
|-miss|p2a: Incineroar|p1a: Basculegion
|
|-weather|SunnyDay|[upkeep]
|upkeep
|turn|4
|c| lakaka siuuu|ma che pippa è questo
|l| kelso shrug
|c| Jenny Nencioni|Giusto
|l| Jenny Nencioni
|
|t:|1782310858
|move|p1a: Basculegion|Wave Crash|p2b: Corviknight
|-crit|p2b: Corviknight
|-damage|p2b: Corviknight|35/100
|-damage|p1a: Basculegion|73/100|[from] Recoil
|move|p1b: Kommo-o|Clanging Scales|p2a: Incineroar|[spread] p2a,p2b
|-resisted|p2b: Corviknight|1
|-damage|p2a: Incineroar|0 fnt
|-damage|p2b: Corviknight|11/100
|faint|p2a: Incineroar
|-unboost|p1b: Kommo-o|def|1
|-damage|p1b: Kommo-o|81/100|[from] item: Life Orb
|move|p2b: Corviknight|Brave Bird|p1b: Kommo-o
|-supereffective|p1b: Kommo-o|1
|-damage|p1b: Kommo-o|0 fnt
|faint|p1b: Kommo-o
|-damage|p2b: Corviknight|0 fnt|[from] Recoil
|faint|p2b: Corviknight
|
|-weather|SunnyDay|[upkeep]
|upkeep
|j| Jenny Nencioni
|
|t:|1782310867
|switch|p2b: Froslass|Froslass-Mega, L50, F|100/100
|-weather|Snowscape|[from] ability: Snow Warning|[of] p2b: Froslass
|turn|5
|inactive|Battle timer is ON: inactive players will automatically lose when time's up. (requested by Il Mule)
|
|t:|1782310885
|move|p1a: Basculegion|Wave Crash|p2b: Froslass
|-crit|p2b: Froslass
|-damage|p2b: Froslass|0 fnt
|faint|p2b: Froslass
|-damage|p1a: Basculegion|47/100|[from] Recoil
|
|win|Hirseknabe
|raw|Hirseknabe's rating: 1291 → 1327(+36 for winning)
|raw|Il Mule's rating: 1453 → 1424(-29 for losing)
|c| Jenny Nencioni|Il gioco che amiamo
|c| rovesciaporci|uccello in mano se critta
|c| rovesciaporci|op
|c|☆Il Mule|vabbè
|l|☆Hirseknabe
|player|p1|
|c| lakaka siuuu|non è vero
|l|☆Il Mule
|player|p2|
|c| Jenny Nencioni|Incredibile
