|j|☆geardox
|j|☆tacoslover496
|html|geardoxtacoslover496    
|uhtml|bestof|Game 1 of a best-of-3
|t:|1756916072
|gametype|doubles
|player|p1|geardox|265|1175
|player|p2|tacoslover496|266|1043
|gen|9
|tier|[Gen 9] VGC 2025 Reg H (Bo3)
|rated|
|rule|Species Clause: Limit one of each Pokémon
|rule|Item Clause: Limit 1 of each item
|clearpoke
|poke|p1|Sneasler, L50, M|
|poke|p1|Garchomp, L50, M|
|poke|p1|Corviknight, L50, M|
|poke|p1|Archaludon, L50, M|
|poke|p1|Amoonguss, L50, F|
|poke|p1|Incineroar, L50, F|
|poke|p2|Porygon2, L50|
|poke|p2|Sneasler, L50, M|
|poke|p2|Gholdengo, L50|
|poke|p2|Amoonguss, L50, F|
|poke|p2|Garchomp, L50, M|
|poke|p2|Incineroar, L50, F|
|teampreview|4
|showteam|p1|Sneasler||FocusSash|Unburden|DireClaw,CloseCombat,ThroatChop,Coaching|||M|||50|,,,,,Ghost]Garchomp||LifeOrb|RoughSkin|Protect,Earthquake,DragonClaw,StompingTantrum|||M|||50|,,,,,Ground]Corviknight||SitrusBerry|MirrorArmor|BraveBird,Tailwind,Roost,IronHead|||M|||50|,,,,,Fire]Archaludon||PowerHerb|Stamina|Protect,DracoMeteor,FlashCannon,ElectroShot|||M|||50|,,,,,Dragon]Amoonguss||RockyHelmet|Regenerator|ClearSmog,RagePowder,Spore,PollenPuff|||F|||50|,,,,,Water]Incineroar||AssaultVest|Intimidate|KnockOff,FlareBlitz,FakeOut,Uturn|||F|||50|,,,,,Ghost
|showteam|p2|Porygon2||Eviolite|Download|TeraBlast,IceBeam,Recover,TrickRoom||||||50|,,,,,Ground]Sneasler||FocusSash|PoisonTouch|CloseCombat,DireClaw,Coaching,Protect|||M|||50|,,,,,Flying]Gholdengo||LifeOrb|GoodasGold|MakeItRain,ShadowBall,NastyPlot,Protect||||||50|,,,,,Water]Amoonguss||SitrusBerry|Regenerator|PollenPuff,Spore,RagePowder,Protect|||F|||50|,,,,,Fairy]Garchomp||ClearAmulet|RoughSkin|Earthquake,StompingTantrum,DragonClaw,Protect|||M|||50|,,,,,Fire]Incineroar||SafetyGoggles|Intimidate|FlareBlitz,KnockOff,FakeOut,PartingShot|||F|||50|,,,,,Ghost
|inactive|Battle timer is ON: inactive players will automatically lose when time's up. (requested by tacoslover496)
|inactive|geardox has 60 seconds left.
|
|t:|1756916129
|teamsize|p1|4
|teamsize|p2|4
|start
|switch|p1a: Incineroar|Incineroar, L50, F|100/100
|switch|p1b: Eggman|Corviknight, L50, M, shiny|100/100
|switch|p2a: Sneasler|Sneasler, L50, M|100/100
|switch|p2b: Garchomp|Garchomp, L50, M|100/100
|-ability|p1a: Incineroar|Intimidate|boost
|-unboost|p2a: Sneasler|atk|1
|-fail|p2b: Garchomp|unboost|[from] item: Clear Amulet|[of] p2b: Garchomp
|turn|1
|inactive|tacoslover496 has 30 seconds left.
|
|t:|1756916164
|move|p1a: Incineroar|Fake Out|p2a: Sneasler
|-damage|p2a: Sneasler|79/100
|cant|p2a: Sneasler|flinch
|move|p2b: Garchomp|Stomping Tantrum|p1a: Incineroar
|-supereffective|p1a: Incineroar
|-damage|p1a: Incineroar|31/100
|move|p1b: Eggman|Tailwind|p1b: Eggman
|-sidestart|p1: geardox|move: Tailwind
|
|upkeep
|turn|2
|
|t:|1756916186
|move|p1a: Incineroar|Knock Off|p2b: Garchomp
|-damage|p2b: Garchomp|57/100
|-damage|p1a: Incineroar|19/100|[from] ability: Rough Skin|[of] p2b: Garchomp
|-enditem|p2b: Garchomp|Clear Amulet|[from] move: Knock Off|[of] p1a: Incineroar
|move|p1b: Eggman|Brave Bird|p2a: Sneasler
|-supereffective|p2a: Sneasler
|-damage|p2a: Sneasler|0 fnt
|faint|p2a: Sneasler
|-damage|p1b: Eggman|81/100|[from] Recoil
|move|p2b: Garchomp|Stomping Tantrum|p1a: Incineroar
|-supereffective|p1a: Incineroar
|-damage|p1a: Incineroar|0 fnt
|faint|p1a: Incineroar
|
|upkeep
|
|t:|1756916206
|switch|p2a: Amoonguss|Amoonguss, L50, F|100/100
|switch|p1a: Stinky Pete|Garchomp, L50, M|100/100
|turn|3
|inactive|tacoslover496 has 30 seconds left.
|
|t:|1756916237
|-terastallize|p1a: Stinky Pete|Ground
|move|p1a: Stinky Pete|Earthquake|p2a: Amoonguss|[spread] p2a,p2b
|-immune|p1b: Eggman
|-damage|p2a: Amoonguss|45/100
|-damage|p2b: Garchomp|0 fnt
|-enditem|p2a: Amoonguss|Sitrus Berry|[eat]
|-heal|p2a: Amoonguss|70/100|[from] item: Sitrus Berry
|faint|p2b: Garchomp
|-damage|p1a: Stinky Pete|91/100|[from] item: Life Orb
|move|p1b: Eggman|Brave Bird|p2a: Amoonguss
|-supereffective|p2a: Amoonguss
|-damage|p2a: Amoonguss|9/100
|-damage|p1b: Eggman|59/100|[from] Recoil
|move|p2a: Amoonguss|Spore|p1b: Eggman
|-status|p1b: Eggman|slp|[from] move: Spore
|
|upkeep
|
|t:|1756916245
|switch|p2b: Gholdengo|Gholdengo, L50|100/100
|turn|4
|
|t:|1756916263
|move|p2b: Gholdengo|Protect|p2b: Gholdengo
|-singleturn|p2b: Gholdengo|Protect
|move|p2a: Amoonguss|Protect|p2a: Amoonguss
|-singleturn|p2a: Amoonguss|Protect
|move|p1a: Stinky Pete|Earthquake|p2a: Amoonguss|[spread] 
|-activate|p2a: Amoonguss|move: Protect
|-activate|p2b: Gholdengo|move: Protect
|-immune|p1b: Eggman
|cant|p1b: Eggman|slp
|
|-sideend|p1: geardox|move: Tailwind
|upkeep
|turn|5
|
|t:|1756916282
|move|p1a: Stinky Pete|Earthquake|p2a: Amoonguss|[spread] p2a,p2b
|-immune|p1b: Eggman
|-supereffective|p2b: Gholdengo
|-damage|p2a: Amoonguss|0 fnt
|-damage|p2b: Gholdengo|0 fnt
|faint|p2a: Amoonguss
|faint|p2b: Gholdengo
|-damage|p1a: Stinky Pete|81/100|[from] item: Life Orb
|
|win|geardox
||tacoslover496 is ready for game 2.
