|j|☆Shiboha
|j|☆Wikdchikn
|html|ShibohaWikdchikn    
|uhtml|bestof|Game 1 of a best-of-3
|t:|1756672904
|gametype|doubles
|player|p1|Shiboha|steven|1111
|player|p2|Wikdchikn|cameraman|1074
|gen|9
|tier|[Gen 9] VGC 2025 Reg H (Bo3)
|rated|
|rule|Species Clause: Limit one of each Pokémon
|rule|Item Clause: Limit 1 of each item
|clearpoke
|poke|p1|Volcarona, L50, F|
|poke|p1|Araquanid, L50, F|
|poke|p1|Sinistcha, L50|
|poke|p1|Sneasler, L50, M|
|poke|p1|Ninetales-Alola, L50, F|
|poke|p1|Hydreigon, L50, M|
|poke|p2|Arboliva, L50, F|
|poke|p2|Porygon2, L50|
|poke|p2|Primarina, L50, F|
|poke|p2|Ursaluna, L50, M|
|poke|p2|Amoonguss, L50, F|
|poke|p2|Armarouge, L50, M|
|teampreview|4
|showteam|p1|Volcarona||CovertCloak|FlameBody|HeatWave,GigaDrain,QuiverDance,Protect|||F|||50|,,,,,Grass]Araquanid||ClearAmulet|WaterBubble|Liquidation,LeechLife,WideGuard,Protect|||F|||50|,,,,,Water]Sinistcha||SitrusBerry|Hospitality|MatchaGotcha,Hex,RagePowder,TrickRoom||||||50|,,,,,Water]Sneasler||FocusSash|PoisonTouch|DireClaw,CloseCombat,FakeOut,Protect|||M|||50|,,,,,Stellar]Ninetales-Alola||LightClay|SnowWarning|Blizzard,Moonblast,AuroraVeil,Encore|||F|||50|,,,,,Ghost]Hydreigon||AssaultVest|Levitate|DracoMeteor,EarthPower,DarkPulse,Snarl|||M|||50|,,,,,Poison
|showteam|p2|Arboliva||ChoiceSpecs|SeedSower|DazzlingGleam,HyperVoice,EarthPower,GigaDrain|||F|||50|,,,,,Fairy]Porygon2||Eviolite|Trace|TeraBlast,ShadowBall,TrickRoom,Protect||||||50|,,,,,Fighting]Primarina||ThroatSpray|LiquidVoice|Moonblast,HyperVoice,Haze,Protect|||F|||50|,,,,,Water]Ursaluna||FlameOrb|Guts|Protect,Facade,HeadlongRush,Earthquake|||M|||50|,,,,,Ghost]Amoonguss||RockyHelmet|Regenerator|RagePowder,Spore,FoulPlay,Protect|||F|||50|,,,,,Dark]Armarouge||SitrusBerry|FlashFire|WideGuard,TrickRoom,HeatWave,HelpingHand|||M|||50|,,,,,Grass
|inactive|Battle timer is ON: inactive players will automatically lose when time's up. (requested by Wikdchikn)
|inactive|Wikdchikn has 60 seconds left.
|
|t:|1756672939
|teamsize|p1|4
|teamsize|p2|4
|start
|switch|p1a: Volcarona|Volcarona, L50, F|100/100
|switch|p1b: Ninetales|Ninetales-Alola, L50, F|100/100
|switch|p2a: Pest|Amoonguss, L50, F|100/100
|switch|p2b: Undying Duck|Porygon2, L50, shiny|100/100
|-weather|Snowscape|[from] ability: Snow Warning|[of] p1b: Ninetales
|-ability|p2b: Undying Duck|Flame Body|Trace|[from] ability: Trace|[of] p1a: Volcarona
|turn|1
|inactive|Shiboha has 30 seconds left.
|
|t:|1756672970
|move|p1b: Ninetales|Blizzard|p2a: Pest|[spread] p2a,p2b
|-supereffective|p2a: Pest
|-damage|p2a: Pest|62/100
|-damage|p2b: Undying Duck|86/100
|move|p1a: Volcarona|Heat Wave|p2a: Pest|[spread] p2a,p2b
|-supereffective|p2a: Pest
|-damage|p2a: Pest|2/100
|-damage|p2b: Undying Duck|65/100
|move|p2a: Pest|Spore|p1a: Volcarona
|-status|p1a: Volcarona|slp|[from] move: Spore
|move|p2b: Undying Duck|Trick Room|p2b: Undying Duck
|-fieldstart|move: Trick Room|[of] p2b: Undying Duck
|
|-weather|Snowscape|[upkeep]
|upkeep
|turn|2
|
|t:|1756672993
|switch|p2b: Bear with me|Ursaluna, L50, M|100/100
|move|p2a: Pest|Spore|p1b: Ninetales
|-status|p1b: Ninetales|slp|[from] move: Spore
|cant|p1a: Volcarona|slp
|cant|p1b: Ninetales|slp
|
|-weather|Snowscape|[upkeep]
|-status|p2b: Bear with me|brn|[from] item: Flame Orb
|upkeep
|turn|3
|
|t:|1756673012
|switch|p2a: Olive You|Arboliva, L50, F|100/100
|-terastallize|p2b: Bear with me|Ghost
|cant|p1a: Volcarona|slp
|move|p2b: Bear with me|Earthquake|p1a: Volcarona|[spread] p2a,p1a,p1b
|-resisted|p2a: Olive You
|-damage|p2a: Olive You|66/100
|-damage|p1a: Volcarona|3/100 slp
|-damage|p1b: Ninetales|46/100 slp
|-fieldstart|move: Grassy Terrain|[from] ability: Seed Sower|[of] p2a: Olive You
|cant|p1b: Ninetales|slp
|
|-weather|Snowscape|[upkeep]
|-heal|p2a: Olive You|72/100|[from] Grassy Terrain
|-heal|p1a: Volcarona|10/100 slp|[from] Grassy Terrain
|-heal|p1b: Ninetales|52/100 slp|[from] Grassy Terrain
|-damage|p2b: Bear with me|95/100 brn|[from] brn
|upkeep
|turn|4
|
|t:|1756673030
|cant|p1a: Volcarona|slp
|move|p2a: Olive You|Hyper Voice|p1a: Volcarona|[spread] p1a,p1b
|-damage|p1a: Volcarona|0 fnt
|-damage|p1b: Ninetales|0 fnt
|faint|p1a: Volcarona
|faint|p1b: Ninetales
|move|p2b: Bear with me|Facade|p1: Volcarona|[notarget]
|-fail|p2b: Bear with me
|
|-weather|Snowscape|[upkeep]
|-heal|p2a: Olive You|78/100|[from] Grassy Terrain
|-heal|p2b: Bear with me|100/100 brn|[from] Grassy Terrain
|-damage|p2b: Bear with me|95/100 brn|[from] brn
|upkeep
|
|t:|1756673041
|switch|p1a: Araquanid|Araquanid, L50, F|100/100
|switch|p1b: Hydreigon|Hydreigon, L50, M|100/100
|turn|5
|
|t:|1756673056
|move|p2a: Olive You|Hyper Voice|p1b: Hydreigon|[spread] p1a,p1b
|-damage|p1a: Araquanid|56/100
|-damage|p1b: Hydreigon|62/100
|move|p2b: Bear with me|Facade|p1b: Hydreigon
|-damage|p1b: Hydreigon|0 fnt
|faint|p1b: Hydreigon
|move|p1a: Araquanid|Liquidation|p2b: Bear with me
|-damage|p2b: Bear with me|49/100 brn
|
|-weather|none
|-heal|p2a: Olive You|84/100|[from] Grassy Terrain
|-heal|p2b: Bear with me|55/100 brn|[from] Grassy Terrain
|-heal|p1a: Araquanid|62/100|[from] Grassy Terrain
|-damage|p2b: Bear with me|49/100 brn|[from] brn
|-fieldend|move: Trick Room
|upkeep
|turn|6
|
|t:|1756673081
|move|p1a: Araquanid|Leech Life|p2a: Olive You
|-supereffective|p2a: Olive You
|-damage|p2a: Olive You|22/100
|-heal|p1a: Araquanid|92/100|[from] drain|[of] p2a: Olive You
|move|p2b: Bear with me|Facade|p1a: Araquanid
|-damage|p1a: Araquanid|0 fnt
|faint|p1a: Araquanid
|
|win|Wikdchikn
||Wikdchikn is ready for game 2.
||Shiboha is ready for game 2.
|uhtml|next|Next: Game 2 of 3
|l|☆Wikdchikn
|player|p2|
