|j|☆rknsx17
|j|☆jdry2001
|html|rknsx17jdry2001    
|uhtml|bestof|Game 2 of a best-of-3
|t:|1783468800
|gametype|doubles
|player|p1|rknsx17|steven|1114
|player|p2|jdry2001|169|1177
|gen|9
|tier|[Gen 9 Champions] VGC 2026 Reg M-B (Bo3)
|rated|
|rule|Species Clause: Limit one of each Pokémon
|rule|Item Clause: Limit 1 of each item
|clearpoke
|poke|p1|Blaziken, L50, F|
|poke|p1|Kingambit, L50, M|
|poke|p1|Torkoal, L50, M|
|poke|p1|Aerodactyl, L50, F|
|poke|p1|Primarina, L50, F|
|poke|p1|Scizor, L50, M|
|poke|p2|Blastoise, L50, F|
|poke|p2|Delphox, L50, F|
|poke|p2|Sneasler, L50, F|
|poke|p2|Sinistcha, L50|
|poke|p2|Incineroar, L50, F|
|poke|p2|Kingambit, L50, F|
|teampreview|4
|showteam|p1|Blaziken||Blazikenite|SpeedBoost|FlareBlitz,CloseCombat,RockSlide,Protect|Adamant||F|||50|]Kingambit||LifeOrb|Defiant|KowtowCleave,IronHead,LowKick,SuckerPunch|Adamant||M|||50|]Torkoal||Leftovers|Drought|BurningJealousy,Yawn,WeatherBall,Protect|Relaxed||M|||50|]Aerodactyl||FocusSash|Unnerve|DualWingbeat,WideGuard,Tailwind,RockSlide|Jolly||F|||50|]Primarina||ExpertBelt|LiquidVoice|CalmMind,HyperVoice,Moonblast,Protect|Modest||F|||50|]Scizor||Scizorite|Technician|BulletPunch,BugBite,SwordsDance,Protect|Adamant||M|||50|
|showteam|p2|Blastoise||Blastoisinite|Torrent|Protect,DarkPulse,WaterSpout,ShellSmash|Modest||F|||50|]Delphox||Delphoxite|Blaze|Protect,HeatWave,Psyshock,NastyPlot|Modest||F|||50|]Sneasler||FocusSash|PoisonTouch|FakeOut,QuickGuard,PoisonJab,CloseCombat|Jolly||F|||50|]Sinistcha||KasibBerry|Hospitality|Protect,MatchaGotcha,TrickRoom,RagePowder|Bold|||||50|]Incineroar||SitrusBerry|Intimidate|FakeOut,PartingShot,HelpingHand,FlareBlitz|Careful||F|||50|]Kingambit||BlackGlasses|Defiant|Protect,SwordsDance,SuckerPunch,KowtowCleave|Adamant||F|||50|
|
|t:|1783468849
|teamsize|p1|4
|teamsize|p2|4
|start
|switch|p1a: Aerodactyl|Aerodactyl, L50, F|100/100
|switch|p1b: Blaziken|Blaziken, L50, F|100/100
|switch|p2a: Sneasler|Sneasler, L50, F|100/100
|switch|p2b: Blastoise|Blastoise, L50, F|100/100
|-ability|p1a: Aerodactyl|Unnerve
|turn|1
|
|t:|1783468882
|detailschange|p2b: Blastoise|Blastoise-Mega, L50, F
|-mega|p2b: Blastoise|Blastoise|Blastoisinite
|move|p1b: Blaziken|Protect|p1b: Blaziken
|-singleturn|p1b: Blaziken|Protect
|move|p2a: Sneasler|Fake Out|p1a: Aerodactyl
|-resisted|p1a: Aerodactyl|1
|-damage|p1a: Aerodactyl|88/100
|cant|p1a: Aerodactyl|flinch
|move|p2b: Blastoise|Water Spout|p1b: Blaziken|[spread] p1a
|-activate|p1b: Blaziken|move: Protect
|-supereffective|p1a: Aerodactyl|1
|-damage|p1a: Aerodactyl|0 fnt
|faint|p1a: Aerodactyl
|
|-ability|p1b: Blaziken|Speed Boost|boost
|-boost|p1b: Blaziken|spe|1
|upkeep
|
|t:|1783468896
|switch|p1a: Kingambit|Kingambit, L50, M|100/100
|turn|2
|
|t:|1783468927
|detailschange|p1b: Blaziken|Blaziken-Mega, L50, F
|-mega|p1b: Blaziken|Blaziken|Blazikenite
|move|p1a: Kingambit|Sucker Punch|p2b: Blastoise
|-crit|p2b: Blastoise
|-damage|p2b: Blastoise|16/100
|-damage|p1a: Kingambit|90/100|[from] item: Life Orb
|move|p1b: Blaziken|Flare Blitz|p2a: Sneasler
|-crit|p2a: Sneasler
|-enditem|p2a: Sneasler|Focus Sash
|-damage|p2a: Sneasler|1/100
|-damage|p1b: Blaziken|67/100|[from] Recoil
|move|p2a: Sneasler|Close Combat|p1a: Kingambit
|-supereffective|p1a: Kingambit|2
|-damage|p1a: Kingambit|0 fnt
|-unboost|p2a: Sneasler|def|1
|-unboost|p2a: Sneasler|spd|1
|faint|p1a: Kingambit
|move|p2b: Blastoise|Water Spout|p1b: Blaziken
|-supereffective|p1b: Blaziken|1
|-damage|p1b: Blaziken|24/100
|
|-ability|p1b: Blaziken|Speed Boost|boost
|-boost|p1b: Blaziken|spe|1
|upkeep
|
|t:|1783468940
|switch|p1a: Scizor|Scizor, L50, M|100/100
|turn|3
|inactive|Battle timer is ON: inactive players will automatically lose when time's up. (requested by rknsx17)
|
|t:|1783469016
|move|p1b: Blaziken|Rock Slide|p2a: Sneasler|[spread] p2a,p2b
|-resisted|p2a: Sneasler|1
|-damage|p2a: Sneasler|0 fnt
|-damage|p2b: Blastoise|0 fnt
|faint|p2a: Sneasler
|faint|p2b: Blastoise
|move|p1a: Scizor|Swords Dance|p1a: Scizor
|-boost|p1a: Scizor|atk|2
|
|-ability|p1b: Blaziken|Speed Boost|boost
|-boost|p1b: Blaziken|spe|1
|upkeep
|
|t:|1783469022
|switch|p2a: Delphox|Delphox, L50, F|100/100
|switch|p2b: Incineroar|Incineroar, L50, F|100/100
|-ability|p2b: Incineroar|Intimidate|boost
|-unboost|p1a: Scizor|atk|1
|-unboost|p1b: Blaziken|atk|1
|turn|4
|inactive|rknsx17 has 30 seconds left.
|inactive|jdry2001 has 30 seconds left.
|inactive|rknsx17 has 20 seconds left.
|inactive|jdry2001 has 20 seconds left.
|
|t:|1783469059
|move|p1b: Blaziken|Protect|p1b: Blaziken
|-singleturn|p1b: Blaziken|Protect
|move|p2a: Delphox|Protect|p2a: Delphox
|-singleturn|p2a: Delphox|Protect
|move|p2b: Incineroar|Flare Blitz|p1b: Blaziken
|-activate|p1b: Blaziken|move: Protect
|move|p1a: Scizor|Bug Bite|p2b: Incineroar
|-damage|p2b: Incineroar|25/100
|-enditem|p2b: Incineroar|Sitrus Berry|[from] stealeat|[move] Bug Bite|[of] p1a: Scizor
|
|-ability|p1b: Blaziken|Speed Boost|boost
|-boost|p1b: Blaziken|spe|1
|upkeep
|turn|5
|inactive|rknsx17 has 30 seconds left.
|
|t:|1783469093
|move|p2a: Delphox|Protect||[still]
|-fail|p2a: Delphox
|move|p1a: Scizor|Bullet Punch|p2b: Incineroar
|-resisted|p2b: Incineroar|1
|-damage|p2b: Incineroar|0 fnt
|faint|p2b: Incineroar
|move|p1b: Blaziken|Rock Slide|p2a: Delphox
|-supereffective|p2a: Delphox|1
|-damage|p2a: Delphox|47/100
|
|-ability|p1b: Blaziken|Speed Boost|boost
|-boost|p1b: Blaziken|spe|1
|upkeep
|turn|6
|
|t:|1783469114
|move|p1a: Scizor|Bullet Punch|p2a: Delphox
|-resisted|p2a: Delphox|1
|-damage|p2a: Delphox|19/100
|move|p1b: Blaziken|Rock Slide|p2a: Delphox
|-supereffective|p2a: Delphox|1
|-damage|p2a: Delphox|0 fnt
|faint|p2a: Delphox
|
|win|rknsx17
|raw|rknsx17's rating: 1114 → 1143(+29 for winning)
|raw|jdry2001's rating: 1177 → 1148(-29 for losing)
