|j|☆viatles
|j|☆Pingasman67
|html|viatlesPingasman67    
|uhtml|bestof|Game 2 of a best-of-3
|t:|1783565632
|gametype|doubles
|player|p1|viatles|hiker|1111
|player|p2|Pingasman67|170|1107
|gen|9
|tier|[Gen 9 Champions] VGC 2026 Reg M-B (Bo3)
|rated|
|rule|Species Clause: Limit one of each Pokémon
|rule|Item Clause: Limit 1 of each item
|clearpoke
|poke|p1|Beedrill, L50, M|
|poke|p1|Corviknight, L50, F|
|poke|p1|Hydreigon, L50, F|
|poke|p1|Sableye, L50, F|
|poke|p1|Talonflame, L50, M|
|poke|p1|Glimmora, L50, F|
|poke|p2|Ninetales, L50, F|
|poke|p2|Pyroar, L50, M|
|poke|p2|Whimsicott, L50, F|
|poke|p2|Sylveon, L50, M|
|poke|p2|Metagross, L50|
|poke|p2|Garchomp, L50, M|
|teampreview|4
|showteam|p1|Beedrill||Beedrillite|Sniper|Uturn,DrillRun,PoisonJab,Protect|Jolly||M|||50|]Corviknight||Leftovers|MirrorArmor|BodyPress,BraveBird,IronHead,Roost|Impish||F|||50|]Hydreigon||ChoiceScarf|Levitate|DracoMeteor,DarkPulse,HeatWave,EarthPower|Modest||F|||50|]Sableye||RoseliBerry|Prankster|FakeOut,FoulPlay,RainDance,Quash|Sassy||F|||50|]Talonflame||SharpBeak|GaleWings|DualWingbeat,Tailwind,Protect,WillOWisp|Jolly||M|||50|]Glimmora||FocusSash|ToxicDebris|PowerGem,SludgeBomb,EarthPower,SpikyShield|Modest||F|||50|
|showteam|p2|Ninetales||ChoiceScarf|Drought|WeatherBall,HeatWave,SolarBeam,FakeTears|Modest||F|||50|]Pyroar||Pyroarite|Unnerve|HeatWave,SolarBeam,Overheat,Protect|Timid||M|||50|]Whimsicott||FocusSash|Prankster|Moonblast,SunnyDay,Tailwind,Protect|Timid||F|||50|]Sylveon||FairyFeather|Pixilate|HyperBeam,HyperVoice,QuickAttack,Detect|Modest||M|||50|]Metagross||Metagrossite|ClearBody|IronHead,RockSlide,BodyPress,Protect|Jolly|||||50|]Garchomp||LifeOrb|RoughSkin|StompingTantrum,RockSlide,DragonClaw,Protect|Jolly||M|||50|
|inactive|Battle timer is ON: inactive players will automatically lose when time's up. (requested by viatles)
|inactive|Pingasman67 has 60 seconds left.
|inactive|viatles has 60 seconds left.
|
|t:|1783565685
|teamsize|p1|4
|teamsize|p2|4
|start
|switch|p1a: Talonflame|Talonflame, L50, M|100/100
|switch|p1b: Glimmora|Glimmora, L50, F|100/100
|switch|p2a: Garchomp|Garchomp, L50, M|100/100
|switch|p2b: Sylveon|Sylveon, L50, M|100/100
|turn|1
|
|t:|1783565705
|move|p1a: Talonflame|Protect|p1a: Talonflame
|-singleturn|p1a: Talonflame|Protect
|move|p1b: Glimmora|Spiky Shield|p1b: Glimmora
|-singleturn|p1b: Glimmora|move: Protect
|move|p2a: Garchomp|Rock Slide|p1b: Glimmora|[spread] 
|-activate|p1a: Talonflame|move: Protect
|-activate|p1b: Glimmora|move: Protect
|move|p2b: Sylveon|Hyper Voice|p1a: Talonflame|[spread] 
|-activate|p1a: Talonflame|move: Protect
|-activate|p1b: Glimmora|move: Protect
|
|upkeep
|turn|2
|
|t:|1783565722
|move|p1a: Talonflame|Tailwind|p1a: Talonflame
|-sidestart|p1: viatles|move: Tailwind
|move|p1b: Glimmora|Sludge Bomb|p2b: Sylveon
|-supereffective|p2b: Sylveon|1
|-damage|p2b: Sylveon|19/100
|-status|p2b: Sylveon|psn
|move|p2a: Garchomp|Rock Slide|p1b: Glimmora|[spread] p1b
|-miss|p2a: Garchomp|p1a: Talonflame
|-damage|p1b: Glimmora|67/100
|-activate|p1b: Glimmora|ability: Toxic Debris
|-sidestart|p2: Pingasman67|move: Toxic Spikes
|-damage|p2a: Garchomp|90/100|[from] item: Life Orb
|move|p2b: Sylveon|Hyper Voice|p1a: Talonflame|[spread] p1a,p1b
|-resisted|p1a: Talonflame|1
|-resisted|p1b: Glimmora|1
|-damage|p1a: Talonflame|62/100
|-damage|p1b: Glimmora|35/100
|
|-damage|p2b: Sylveon|7/100 psn|[from] psn
|upkeep
|turn|3
|
|t:|1783565747
|move|p1b: Glimmora|Spiky Shield|p1b: Glimmora
|-singleturn|p1b: Glimmora|move: Protect
|move|p2a: Garchomp|Protect|p2a: Garchomp
|-singleturn|p2a: Garchomp|Protect
|move|p2b: Sylveon|Quick Attack|p1a: Talonflame
|-resisted|p1a: Talonflame|1
|-damage|p1a: Talonflame|53/100
|move|p1a: Talonflame|Will-O-Wisp|p2a: Garchomp
|-activate|p2a: Garchomp|move: Protect
|
|-damage|p2b: Sylveon|0 fnt|[from] psn
|faint|p2b: Sylveon
|upkeep
|
|t:|1783565761
|switch|p2b: Ninetales|Ninetales, L50, F|100/100
|-status|p2b: Ninetales|psn
|-weather|SunnyDay|[from] ability: Drought|[of] p2b: Ninetales
|turn|4
|
|t:|1783565782
|switch|p1b: Hydreigon|Hydreigon, L50, F|100/100
|move|p1a: Talonflame|Will-O-Wisp|p2a: Garchomp
|-status|p2a: Garchomp|brn
|move|p2b: Ninetales|Heat Wave|p1b: Hydreigon|[spread] p1a,p1b
|-resisted|p1a: Talonflame|1
|-resisted|p1b: Hydreigon|1
|-damage|p1a: Talonflame|21/100
|-damage|p1b: Hydreigon|75/100
|move|p2a: Garchomp|Rock Slide|p1b: Hydreigon|[spread] p1a,p1b
|-supereffective|p1a: Talonflame|2
|-damage|p1a: Talonflame|0 fnt
|-damage|p1b: Hydreigon|59/100
|faint|p1a: Talonflame
|-damage|p2a: Garchomp|80/100 brn|[from] item: Life Orb
|
|-weather|SunnyDay|[upkeep]
|-damage|p2b: Ninetales|87/100 psn|[from] psn
|-damage|p2a: Garchomp|74/100 brn|[from] brn
|upkeep
|
|t:|1783565800
|switch|p1a: Beedrill|Beedrill, L50, M|100/100
|turn|5
|
|t:|1783565812
|detailschange|p1a: Beedrill|Beedrill-Mega, L50, M
|-mega|p1a: Beedrill|Beedrill|Beedrillite
|move|p2a: Garchomp|Protect|p2a: Garchomp
|-singleturn|p2a: Garchomp|Protect
|move|p1b: Hydreigon|Earth Power|p2b: Ninetales
|-supereffective|p2b: Ninetales|1
|-crit|p2b: Ninetales
|-damage|p2b: Ninetales|0 fnt
|faint|p2b: Ninetales
|move|p1a: Beedrill|U-turn|p2a: Garchomp
|-activate|p2a: Garchomp|move: Protect
|
|-weather|SunnyDay|[upkeep]
|-damage|p2a: Garchomp|68/100 brn|[from] brn
|-sideend|p1: viatles|move: Tailwind
|upkeep
|
|t:|1783565819
|switch|p2b: Pyroar|Pyroar, L50, M|100/100
|-ability|p2b: Pyroar|Unnerve
|-status|p2b: Pyroar|psn
|turn|6
|
|t:|1783565833
|detailschange|p2b: Pyroar|Pyroar-Mega, L50, M
|-mega|p2b: Pyroar|Pyroar|Pyroarite
|move|p1b: Hydreigon|Earth Power|p2a: Garchomp
|-damage|p2a: Garchomp|28/100 brn
|move|p1a: Beedrill|U-turn|p2a: Garchomp
|-damage|p2a: Garchomp|0 fnt
|-damage|p1a: Beedrill|88/100|[from] ability: Rough Skin|[of] p2a: Garchomp
|faint|p2a: Garchomp
|
|t:|1783565841
|switch|p1a: Glimmora|Glimmora, L50, F|35/100|[from] U-turn
|move|p2b: Pyroar|Heat Wave|p1b: Hydreigon|[spread] p1a,p1b
|-resisted|p1a: Glimmora|1
|-crit|p1a: Glimmora
|-resisted|p1b: Hydreigon|1
|-damage|p1a: Glimmora|0 fnt
|-damage|p1b: Hydreigon|15/100
|faint|p1a: Glimmora
|
|-weather|SunnyDay|[upkeep]
|-damage|p2b: Pyroar|87/100 psn|[from] psn
|upkeep
|
|t:|1783565851
|switch|p1a: Beedrill|Beedrill-Mega, L50, M|88/100
|turn|7
|
|t:|1783565857
|move|p1b: Hydreigon|Earth Power|p2b: Pyroar
|-supereffective|p2b: Pyroar|1
|-damage|p2b: Pyroar|6/100 psn
|move|p1a: Beedrill|Poison Jab|p2b: Pyroar
|-damage|p2b: Pyroar|0 fnt
|faint|p2b: Pyroar
|
|win|viatles
