|j|☆Mr.CooperCR
|j|☆andiom123
|html|Mr.CooperCRandiom123    
|uhtml|bestof|Game 2 of a best-of-3
|t:|1785301074
|gametype|doubles
|player|p1|Mr.CooperCR|misty|1128
|player|p2|andiom123|red|1210
|gen|9
|tier|[Gen 9 Champions] VGC 2026 Reg M-B (Bo3)
|rated|
|rule|Species Clause: Limit one of each Pokémon
|rule|Item Clause: Limit 1 of each item
|clearpoke
|poke|p1|Floette-Eternal, L50, F|
|poke|p1|Gholdengo, L50|
|poke|p1|Hydreigon, L50, F|
|poke|p1|Whimsicott, L50, M|
|poke|p1|Staraptor, L50, M|
|poke|p1|Politoed, L50, F|
|poke|p2|Incineroar, L50, M|
|poke|p2|Farigiraf, L50, M|
|poke|p2|Sylveon, L50, M|
|poke|p2|Torkoal, L50, F|
|poke|p2|Kangaskhan, L50, F|
|poke|p2|Mudsdale, L50, F|
|teampreview|4
|showteam|p1|Floette-Eternal||Floettite|FlowerVeil|Moonblast,DazzlingGleam,LightofRuin,Protect|Timid||F|||50|]Gholdengo||LifeOrb|GoodasGold|ShadowBall,MakeItRain,PowerGem,Protect|Timid|||||50|]Hydreigon||ChoiceScarf|Levitate|DracoMeteor,DarkPulse,EarthPower,Snarl|Timid||F|||50|]Whimsicott||FocusSash|Prankster|Moonblast,Tailwind,Charm,Protect|Timid||M|||50|]Staraptor||Staraptite|Intimidate|BraveBird,CloseCombat,Roost,Protect|Jolly||M|||50|]Politoed||SitrusBerry|Drizzle|MuddyWater,IceBeam,PerishSong,Protect|Calm||F|||50|
|showteam|p2|Incineroar||MuscleBand|Intimidate|ThroatChop,FlareBlitz,FakeOut,PartingShot|Brave||M|||50|]Farigiraf||SitrusBerry|ArmorTail|FoulPlay,PsychicNoise,TrickRoom,HelpingHand|Relaxed||M|||50|]Sylveon||FairyFeather|Pixilate|HyperVoice,HyperBeam,Yawn,Detect|Modest||M|||50|]Torkoal||Charcoal|Drought|Eruption,EarthPower,Flamethrower,Protect|Quiet||F|||50|]Kangaskhan||Kangaskhanite|Scrappy|DoubleEdge,FakeOut,IcePunch,HammerArm|Brave||F|||50|]Mudsdale||LifeOrb|InnerFocus|HighHorsepower,Earthquake,RockSlide,HeavySlam|Brave||F|||50|
|
|t:|1785301129
|teamsize|p1|4
|teamsize|p2|4
|start
|switch|p1a: Gholdengo|Gholdengo, L50|100/100
|switch|p1b: Floette|Floette-Eternal, L50, F|100/100
|switch|p2a: Farigiraf|Farigiraf, L50, M|100/100
|switch|p2b: Incineroar|Incineroar, L50, M|100/100
|-ability|p2b: Incineroar|Intimidate|boost
|-unboost|p1a: Gholdengo|atk|1
|-unboost|p1b: Floette|atk|1
|turn|1
|inactive|Battle timer is ON: inactive players will automatically lose when time's up. (requested by Mr.CooperCR)
|
|t:|1785301149
|detailschange|p1b: Floette|Floette-Mega, L50, F
|-mega|p1b: Floette|Floette|Floettite
|-ability|p1b: Floette|Fairy Aura
|move|p2b: Incineroar|Fake Out|p1b: Floette
|-damage|p1b: Floette|79/100
|cant|p1b: Floette|flinch
|move|p1a: Gholdengo|Make It Rain|p2b: Incineroar|[spread] p2a,p2b
|-resisted|p2b: Incineroar|1
|-damage|p2a: Farigiraf|41/100
|-damage|p2b: Incineroar|72/100
|-unboost|p1a: Gholdengo|spa|2
|-enditem|p2a: Farigiraf|Sitrus Berry|[eat]
|-heal|p2a: Farigiraf|66/100|[from] item: Sitrus Berry
|-damage|p1a: Gholdengo|90/100|[from] item: Life Orb
|move|p2a: Farigiraf|Trick Room|p2a: Farigiraf
|-fieldstart|move: Trick Room|[of] p2a: Farigiraf
|
|upkeep
|turn|2
|inactive|andiom123 has 30 seconds left.
|
|t:|1785301181
|switch|p2a: Sylveon|Sylveon, L50, M|100/100
|switch|p1a: Hydreigon|Hydreigon, L50, F|100/100
|move|p2b: Incineroar|Flare Blitz|p1a: Hydreigon
|-resisted|p1a: Hydreigon|1
|-damage|p1a: Hydreigon|59/100
|-damage|p2b: Incineroar|60/100|[from] Recoil
|move|p1b: Floette|Dazzling Gleam|p2a: Sylveon|[spread] p2a,p2b
|-damage|p2a: Sylveon|68/100
|-damage|p2b: Incineroar|17/100
|
|upkeep
|turn|3
|
|t:|1785301202
|switch|p1a: Politoed|Politoed, L50, F|100/100
|-weather|RainDance|[from] ability: Drizzle|[of] p1a: Politoed
|move|p1b: Floette|Protect|p1b: Floette
|-singleturn|p1b: Floette|Protect
|move|p2b: Incineroar|Throat Chop|p1a: Politoed
|-damage|p1a: Politoed|59/100
|-start|p1a: Politoed|Throat Chop|[silent]
|move|p2a: Sylveon|Hyper Voice|p1b: Floette|[spread] p1a
|-activate|p1b: Floette|move: Protect
|-damage|p1a: Politoed|14/100
|-enditem|p1a: Politoed|Sitrus Berry|[eat]
|-heal|p1a: Politoed|39/100|[from] item: Sitrus Berry
|
|-weather|RainDance|[upkeep]
|upkeep
|turn|4
|inactive|Mr.CooperCR has 30 seconds left.
|inactive|andiom123 has 30 seconds left.
|
|t:|1785301230
|move|p2b: Incineroar|Flare Blitz|p1b: Floette
|-damage|p1b: Floette|34/100
|-damage|p2b: Incineroar|5/100|[from] Recoil
|move|p2a: Sylveon|Hyper Voice|p1a: Politoed|[spread] p1a,p1b
|-damage|p1a: Politoed|0 fnt
|-damage|p1b: Floette|0 fnt
|faint|p1a: Politoed
|faint|p1b: Floette
|
|-weather|RainDance|[upkeep]
|upkeep
|
|t:|1785301236
|switch|p1a: Gholdengo|Gholdengo, L50|90/100
|switch|p1b: Hydreigon|Hydreigon, L50, F|59/100
|turn|5
|-message|Mr.CooperCR forfeited.
|
|win|andiom123
||Mr.CooperCR is ready for game 3.
||andiom123 is ready for game 3.
|uhtml|next|Next: Game 3 of 3
|l|☆Mr.CooperCR
|player|p1|
