|j|☆kushala25
|j|☆HOPE AND DESIRE
|html|kushala25HOPE AND DESIRE    
|uhtml|bestof|Game 1 of a best-of-3
|t:|1783857019
|gametype|doubles
|player|p1|kushala25|marshal|1135
|player|p2|HOPE AND DESIRE|gambler|1161
|gen|9
|tier|[Gen 9 Champions] VGC 2026 Reg M-B (Bo3)
|rated|
|rule|Species Clause: Limit one of each Pokémon
|rule|Item Clause: Limit 1 of each item
|clearpoke
|poke|p1|Metagross, L50|
|poke|p1|Staraptor, L50, F|
|poke|p1|Primarina, L50, F|
|poke|p1|Whimsicott, L50, M|
|poke|p1|Delphox, L50, M|
|poke|p1|Garchomp, L50, F|
|poke|p2|Charizard, L50, F|
|poke|p2|Whimsicott, L50, F|
|poke|p2|Garchomp, L50, M|
|poke|p2|Basculegion, L50, M|
|poke|p2|Glimmora, L50, F|
|poke|p2|Kingambit, L50, M|
|teampreview|4
|showteam|p1|Metagross||Leftovers|ClearBody|PsychicFangs,MeteorMash,BodyPress,CosmicPower|Brave|||||50|]Staraptor||Staraptite|Intimidate|CloseCombat,BraveBird,Protect,Roost|Adamant||F|||50|]Primarina||SitrusBerry|LiquidVoice|Moonblast,LifeDew,CalmMind,HyperVoice|Relaxed||F|||50|]Whimsicott||FocusSash|Prankster|Moonblast,Tailwind,Charm,Protect|Timid||M|||50|]Delphox||Delphoxite|Blaze|Psyshock,NastyPlot,HeatWave,GrassKnot|Timid||M|||50|]Garchomp||ExpertBelt|RoughSkin|RockSlide,StompingTantrum,PoisonJab,DragonClaw|Jolly||F|||50|
|showteam|p2|Charizard||CharizarditeY|Blaze|WeatherBall,HeatWave,SolarBeam,Protect|Modest||F|||50|]Whimsicott||FairyFeather|Prankster|Moonblast,TrickRoom,Encore,Tailwind|Bold||F|||50|]Garchomp||SitrusBerry|RoughSkin|DragonClaw,Earthquake,RockSlide,Protect|Adamant||M|||50|]Basculegion||MysticWater|Adaptability|WaveCrash,AquaJet,LastRespects,Protect|Adamant||M|||50|]Glimmora||FocusSash|ToxicDebris|PowerGem,SludgeBomb,SpikyShield,EarthPower|Modest||F|||50|]Kingambit||ChopleBerry|Defiant|KowtowCleave,SuckerPunch,IronHead,LowKick|Adamant||M|||50|
|inactive|Battle timer is ON: inactive players will automatically lose when time's up. (requested by HOPE AND DESIRE)
|inactive|kushala25 has 60 seconds left.
|inactive|kushala25 has 30 seconds left.
|inactive|kushala25 has 20 seconds left.
|inactive|kushala25 has 15 seconds left.
|
|t:|1783857101
|teamsize|p1|4
|teamsize|p2|4
|start
|switch|p1a: Staraptor|Staraptor, L50, F|100/100
|switch|p1b: Whimsicott|Whimsicott, L50, M|100/100
|switch|p2a: Golden Mushroom|Whimsicott, L50, F|100/100
|switch|p2b: Elder Dragon|Garchomp, L50, M|100/100
|-ability|p1a: Staraptor|Intimidate|boost
|-unboost|p2a: Golden Mushroom|atk|1
|-unboost|p2b: Elder Dragon|atk|1
|turn|1
|
|t:|1783857124
|move|p1b: Whimsicott|Charm|p2b: Elder Dragon
|-unboost|p2b: Elder Dragon|atk|2
|move|p2a: Golden Mushroom|Tailwind|p2a: Golden Mushroom
|-sidestart|p2: HOPE AND DESIRE|move: Tailwind
|move|p2b: Elder Dragon|Rock Slide|p1a: Staraptor|[spread] p1a,p1b
|-supereffective|p1a: Staraptor|1
|-damage|p1a: Staraptor|77/100
|-damage|p1b: Whimsicott|87/100
|cant|p1a: Staraptor|flinch
|
|upkeep
|turn|2
|
|t:|1783857139
|move|p1b: Whimsicott|Tailwind|p1b: Whimsicott
|-sidestart|p1: kushala25|move: Tailwind
|move|p2b: Elder Dragon|Rock Slide|p1a: Staraptor|[spread] p1b
|-miss|p2b: Elder Dragon|p1a: Staraptor
|-damage|p1b: Whimsicott|76/100
|move|p1a: Staraptor|Brave Bird|p2a: Golden Mushroom
|-supereffective|p2a: Golden Mushroom|1
|-damage|p2a: Golden Mushroom|0 fnt
|faint|p2a: Golden Mushroom
|-damage|p1a: Staraptor|43/100|[from] Recoil
|
|upkeep
|
|t:|1783857149
|switch|p2a: SuperStar|Charizard, L50, F|100/100
|turn|3
|
|t:|1783857172
|switch|p1b: Primarina|Primarina, L50, F|100/100
|switch|p2b: Blue Shell|Kingambit, L50, M|100/100
|detailschange|p1a: Staraptor|Staraptor-Mega, L50, F
|-mega|p1a: Staraptor|Staraptor|Staraptite
|detailschange|p2a: SuperStar|Charizard-Mega-Y, L50, F
|-mega|p2a: SuperStar|Charizard|Charizardite Y
|-weather|SunnyDay|[from] ability: Drought|[of] p2a: SuperStar
|move|p1a: Staraptor|Roost|p1a: Staraptor
|-heal|p1a: Staraptor|93/100
|-singleturn|p1a: Staraptor|move: Roost
|move|p2a: SuperStar|Heat Wave|p1a: Staraptor|[spread] p1a,p1b
|-resisted|p1b: Primarina|1
|-damage|p1a: Staraptor|15/100
|-damage|p1b: Primarina|71/100
|
|-weather|SunnyDay|[upkeep]
|upkeep
|turn|4
|inactive|HOPE AND DESIRE has 30 seconds left.
|
|t:|1783857198
|move|p1a: Staraptor|Protect|p1a: Staraptor
|-singleturn|p1a: Staraptor|Protect
|move|p2b: Blue Shell|Sucker Punch||[still]
|-fail|p2b: Blue Shell
|move|p2a: SuperStar|Solar Beam||[still]
|-prepare|p2a: SuperStar|Solar Beam
|-anim|p2a: SuperStar|Solar Beam|p1b: Primarina
|-supereffective|p1b: Primarina|1
|-damage|p1b: Primarina|0 fnt
|faint|p1b: Primarina
|
|-weather|SunnyDay|[upkeep]
|-sideend|p2: HOPE AND DESIRE|move: Tailwind
|upkeep
|
|t:|1783857207
|switch|p1b: Whimsicott|Whimsicott, L50, M|76/100
|turn|5
|
|t:|1783857230
|switch|p1a: Garchomp|Garchomp, L50, F|100/100
|move|p1b: Whimsicott|Protect|p1b: Whimsicott
|-singleturn|p1b: Whimsicott|Protect
|move|p2b: Blue Shell|Sucker Punch||[still]
|-fail|p2b: Blue Shell
|move|p2a: SuperStar|Heat Wave|p1b: Whimsicott|[spread] p1a
|-activate|p1b: Whimsicott|move: Protect
|-resisted|p1a: Garchomp|1
|-damage|p1a: Garchomp|64/100
|
|-weather|SunnyDay|[upkeep]
|-sideend|p1: kushala25|move: Tailwind
|upkeep
|turn|6
|
|t:|1783857255
|switch|p2a: Elder Dragon|Garchomp, L50, M|100/100
|move|p1b: Whimsicott|Tailwind|p1b: Whimsicott
|-sidestart|p1: kushala25|move: Tailwind
|move|p2b: Blue Shell|Sucker Punch|p1a: Garchomp
|-damage|p1a: Garchomp|23/100
|-damage|p2b: Blue Shell|87/100|[from] ability: Rough Skin|[of] p1a: Garchomp
|move|p1a: Garchomp|Rock Slide|p2b: Blue Shell|[spread] p2a,p2b
|-resisted|p2a: Elder Dragon|1
|-resisted|p2b: Blue Shell|1
|-damage|p2a: Elder Dragon|91/100
|-damage|p2b: Blue Shell|80/100
|
|-weather|SunnyDay|[upkeep]
|upkeep
|turn|7
|
|t:|1783857277
|switch|p1a: Staraptor|Staraptor-Mega, L50, F|15/100
|move|p2b: Blue Shell|Sucker Punch|p1b: Whimsicott
|-resisted|p1b: Whimsicott|1
|-crit|p1b: Whimsicott
|-damage|p1b: Whimsicott|32/100
|move|p1b: Whimsicott|Moonblast|p2a: Elder Dragon
|-supereffective|p2a: Elder Dragon|1
|-damage|p2a: Elder Dragon|24/100
|-enditem|p2a: Elder Dragon|Sitrus Berry|[eat]
|-heal|p2a: Elder Dragon|49/100|[from] item: Sitrus Berry
|move|p2a: Elder Dragon|Rock Slide|p1a: Staraptor|[spread] p1a
|-miss|p2a: Elder Dragon|p1b: Whimsicott
|-damage|p1a: Staraptor|0 fnt
|faint|p1a: Staraptor
|
|-weather|none
|upkeep
|
|t:|1783857288
|switch|p1a: Garchomp|Garchomp, L50, F|23/100
|turn|8
|
|t:|1783857297
|move|p2b: Blue Shell|Sucker Punch|p1a: Garchomp
|-damage|p1a: Garchomp|0 fnt
|-damage|p2b: Blue Shell|68/100|[from] ability: Rough Skin|[of] p1a: Garchomp
|faint|p1a: Garchomp
|move|p1b: Whimsicott|Moonblast|p2a: Elder Dragon
|-supereffective|p2a: Elder Dragon|1
|-damage|p2a: Elder Dragon|0 fnt
|faint|p2a: Elder Dragon
|
|upkeep
|-message|kushala25 forfeited.
|
|win|HOPE AND DESIRE
|l|☆kushala25
|player|p1|
|raw|kushala25's rating: 1135 → 1112(-23 for losing)
|raw|HOPE AND DESIRE's rating: 1161 → 1184(+23 for winning)
