|j|â˜†CavaliereIsSoPeak
|j|â˜†yuriquars
|html|CavaliereIsSoPeakyuriquars    
|uhtml|bestof|Game 1 of a best-of-3
|t:|1757000463
|gametype|doubles
|player|p1|CavaliereIsSoPeak|gambler|
|player|p2|yuriquars|elesa|
|gen|9
|tier|[Gen 9] VGC 2025 Reg H (Bo3)
|rule|Species Clause: Limit one of each PokÃ©mon
|rule|Item Clause: Limit 1 of each item
|clearpoke
|poke|p1|Volcarona, L50, M|
|poke|p1|Basculegion, L50, M|
|poke|p1|Sneasler, L50, F|
|poke|p1|Dragonite, L50, M|
|poke|p1|Ursaluna-Bloodmoon, L50, M|
|poke|p1|Whimsicott, L50, F|
|poke|p2|Incineroar, L50, M|
|poke|p2|Ursaluna-Bloodmoon, L50, M|
|poke|p2|Gholdengo, L50|
|poke|p2|Dragonite, L50, F|
|poke|p2|Rillaboom, L50, F|
|poke|p2|Annihilape, L50, M|
|teampreview|4
|showteam|p1|Volcarona||SitrusBerry|FlameBody|HeatWave,TeraBlast,QuiverDance,Protect|||M|||50|,,,,,Fairy]Basculegion||ChoiceBand|Adaptability|WaveCrash,FlipTurn,AquaJet,LastRespects|||M|||50|,,,,,Water]Sneasler||FocusSash|Unburden|DireClaw,CloseCombat,ThroatChop,Protect|||F|||50|,,,,,Dark]Dragonite||LoadedDice|Multiscale|ScaleShot,ExtremeSpeed,Haze,Protect|||M|||50|,,,,,Steel]Ursaluna-Bloodmoon||LifeOrb|MindsEye|BloodMoon,HyperVoice,EarthPower,Protect|||M|||50|,,,,,Normal]Whimsicott||CovertCloak|Prankster|Moonblast,Tailwind,Encore,Taunt|||F|||50|,,,,,Poison
|showteam|p2|Incineroar||SitrusBerry|Intimidate|FlareBlitz,KnockOff,PartingShot,FakeOut|||M|||50|,,,,,Ghost]Ursaluna-Bloodmoon||AssaultVest|MindsEye|HyperVoice,BloodMoon,EarthPower,VacuumWave|||M|||50|,,,,,Normal]Gholdengo||LifeOrb|GoodasGold|MakeItRain,ShadowBall,NastyPlot,Protect||||||50|,,,,,Water]Dragonite||LoadedDice|Multiscale|ScaleShot,Tailwind,Haze,Protect|||F|||50|,,,,,Fairy]Rillaboom||MeadowPlate|GrassySurge|GrassyGlide,FakeOut,WoodHammer,HighHorsepower|||F|||50|,,,,,Fire]Annihilape||FocusSash|Defiant|RageFist,CloseCombat,Taunt,Coaching|||M|||50|,,,,,Stellar
|c|â˜†yuriquars|glhf
|inactive|Battle timer is ON: inactive players will automatically lose when time's up. (requested by CavaliereIsSoPeak)
|
|t:|1757000528
|teamsize|p1|4
|teamsize|p2|4
|start
|switch|p1a: Dante|Volcarona, L50, M|100/100
|switch|p1b: Aqua|Basculegion, L50, M|100/100
|switch|p2a: Rillaboom|Rillaboom, L50, F|100/100
|switch|p2b: Dragonite|Dragonite, L50, F|100/100
|-fieldstart|move: Grassy Terrain|[from] ability: Grassy Surge|[of] p2a: Rillaboom
|turn|1
|inactive|CavaliereIsSoPeak has 30 seconds left.
|
|t:|1757000556
|switch|p2b: Incineroar|Incineroar, L50, M|100/100
|-ability|p2b: Incineroar|Intimidate|boost
|-unboost|p1a: Dante|atk|1
|-unboost|p1b: Aqua|atk|1
|move|p2a: Rillaboom|Grassy Glide|p1b: Aqua
|-supereffective|p1b: Aqua
|-damage|p1b: Aqua|0 fnt
|faint|p1b: Aqua
|move|p1a: Dante|Quiver Dance|p1a: Dante
|-boost|p1a: Dante|spa|1
|-boost|p1a: Dante|spd|1
|-boost|p1a: Dante|spe|1
|
|upkeep
|
|t:|1757000566
|switch|p1b: D'oro|Sneasler, L50, F|100/100
|turn|2
|inactive|yuriquars has 30 seconds left.
|
|t:|1757000592
|-terastallize|p2a: Rillaboom|Fire
|move|p2b: Incineroar|Fake Out|p1a: Dante
|-damage|p1a: Dante|86/100
|cant|p1a: Dante|flinch
|move|p1b: D'oro|Close Combat|p2b: Incineroar
|-supereffective|p2b: Incineroar
|-damage|p2b: Incineroar|0 fnt
|-unboost|p1b: D'oro|def|1
|-unboost|p1b: D'oro|spd|1
|faint|p2b: Incineroar
|move|p2a: Rillaboom|High Horsepower|p1b: D'oro
|-supereffective|p1b: D'oro
|-enditem|p1b: D'oro|Focus Sash
|-damage|p1b: D'oro|1/100
|
|-heal|p1b: D'oro|7/100|[from] Grassy Terrain
|-heal|p1a: Dante|92/100|[from] Grassy Terrain
|upkeep
|
|t:|1757000605
|switch|p2b: Dragonite|Dragonite, L50, F|100/100
|turn|3
|
|t:|1757000615
|switch|p1b: Ventus|Dragonite, L50, M|100/100
|-terastallize|p1a: Dante|Fairy
|move|p2a: Rillaboom|Grassy Glide|p1b: Ventus
|-resisted|p1b: Ventus
|-damage|p1b: Ventus|94/100
|move|p1a: Dante|Tera Blast|p2b: Dragonite|[anim] Tera Blast Fairy
|-supereffective|p2b: Dragonite
|-damage|p2b: Dragonite|36/100
|move|p2b: Dragonite|Tailwind|p2b: Dragonite
|-sidestart|p2: yuriquars|move: Tailwind
|
|-heal|p1a: Dante|98/100|[from] Grassy Terrain
|upkeep
|turn|4
|inactive|CavaliereIsSoPeak has 30 seconds left.
|
|t:|1757000640
|switch|p1b: D'oro|Sneasler, L50, F|7/100
|move|p1a: Dante|Protect|p1a: Dante
|-singleturn|p1a: Dante|Protect
|move|p2b: Dragonite|Scale Shot|p1b: D'oro
|-damage|p1b: D'oro|0 fnt
|faint|p1b: D'oro
|-hitcount|p1: D'oro|1
|-unboost|p2b: Dragonite|def|1
|-boost|p2b: Dragonite|spe|1
|move|p2a: Rillaboom|Wood Hammer|p1a: Dante
|-activate|p1a: Dante|move: Protect
|
|-heal|p1a: Dante|100/100|[from] Grassy Terrain
|upkeep
|
|t:|1757000643
|switch|p1b: Ventus|Dragonite, L50, M|94/100
|turn|5
|
|t:|1757000659
|move|p1b: Ventus|Extreme Speed|p2b: Dragonite
|-damage|p2b: Dragonite|0 fnt
|faint|p2b: Dragonite
|move|p1a: Dante|Heat Wave|p2a: Rillaboom
|-resisted|p2a: Rillaboom
|-damage|p2a: Rillaboom|62/100
|move|p2a: Rillaboom|Wood Hammer|p1a: Dante
|-damage|p1a: Dante|0 fnt
|faint|p1a: Dante
|-damage|p2a: Rillaboom|35/100|[from] Recoil
|
|-heal|p2a: Rillaboom|41/100|[from] Grassy Terrain
|-fieldend|move: Grassy Terrain
|upkeep
|
|t:|1757000668
|switch|p2b: Gholdengo|Gholdengo, L50|100/100
|turn|6
|-message|CavaliereIsSoPeak forfeited.
|
|win|yuriquars
