|j|☆dawnenen
|j|☆CammelloGasante
|html|dawnenenCammelloGasante    
|uhtml|bestof|Game 1 of a best-of-3
|t:|1784979848
|gametype|doubles
|player|p1|dawnenen|galacticgruntf|1109
|player|p2|CammelloGasante|palmer|1317
|gen|9
|tier|[Gen 9 Champions] VGC 2026 Reg M-B (Bo3)
|rated|
|rule|Species Clause: Limit one of each Pokémon
|rule|Item Clause: Limit 1 of each item
|clearpoke
|poke|p1|Venusaur, L50, M|
|poke|p1|Charizard, L50, M|
|poke|p1|Grimmsnarl, L50, M|
|poke|p1|Archaludon, L50, F|
|poke|p1|Basculegion, L50, M|
|poke|p1|Pelipper, L50, F|
|poke|p2|Staraptor, L50, F|
|poke|p2|Whimsicott, L50, M|
|poke|p2|Gholdengo, L50|
|poke|p2|Tyranitar, L50, F|
|poke|p2|Venusaur, L50, F|
|poke|p2|Mamoswine, L50, F|
|teampreview|4
|showteam|p1|Venusaur||FocusSash|Chlorophyll|SludgeBomb,EarthPower,SleepPowder,Protect|Modest||M|||50|]Charizard||CharizarditeY|Blaze|Protect,HeatWave,SolarBeam,WeatherBall|Modest||M|||50|]Grimmsnarl||LightClay|Prankster|SpiritBreak,LightScreen,Reflect,PartingShot|Sassy||M|||50|]Archaludon||Leftovers|Stamina|ElectroShot,DragonPulse,FlashCannon,Protect|Calm||F|||50|]Basculegion||ChoiceScarf|Adaptability|WaveCrash,LastRespects,AquaJet,FlipTurn|Jolly||M|||50|]Pelipper||SitrusBerry|Drizzle|Hurricane,WeatherBall,Tailwind,WideGuard|Modest||F|||50|
|showteam|p2|Staraptor||Staraptite|Intimidate|CloseCombat,DualWingbeat,BlazeKick,Protect|Jolly||F|||50|]Whimsicott||FocusSash|Prankster|Moonblast,Charm,FakeTears,Tailwind|Timid||M|||50|]Gholdengo||LifeOrb|GoodasGold|MakeItRain,ShadowBall,PowerGem,Protect|Modest|||||50|]Tyranitar||WhiteHerb|SandStream|RockSlide,KnockOff,RockTomb,Protect|Adamant||F|||50|]Venusaur||Venusaurite|Chlorophyll|EnergyBall,EarthPower,SludgeBomb,Protect|Modest||F|||50|]Mamoswine||ChoiceScarf|Oblivious|IcicleCrash,RockSlide,HighHorsepower,IceShard|Jolly||F|||50|
|inactive|Battle timer is ON: inactive players will automatically lose when time's up. (requested by CammelloGasante)
|inactive|dawnenen also wants the timer to be on.
|c|☆dawnenen|glhf
|c|☆CammelloGasante|u2
|inactive|dawnenen has 60 seconds left.
|
|t:|1784979904
|teamsize|p1|4
|teamsize|p2|4
|start
|switch|p1a: Basculegion|Basculegion, L50, M|100/100
|switch|p1b: Pelipper|Pelipper, L50, F|100/100
|switch|p2a: Whimsicott|Whimsicott, L50, M|100/100
|switch|p2b: Venusaur|Venusaur, L50, F|100/100
|-weather|RainDance|[from] ability: Drizzle|[of] p1b: Pelipper
|turn|1
|inactive|dawnenen has 30 seconds left.
|inactive|CammelloGasante has 30 seconds left.
|inactive|CammelloGasante has 20 seconds left.
|inactive|CammelloGasante has 15 seconds left.
|inactive|CammelloGasante has 10 seconds left.
|
|t:|1784979949
|detailschange|p2b: Venusaur|Venusaur-Mega, L50, F
|-mega|p2b: Venusaur|Venusaur|Venusaurite
|move|p2a: Whimsicott|Fake Tears|p1b: Pelipper
|-unboost|p1b: Pelipper|spd|2
|move|p1a: Basculegion|Flip Turn|p2a: Whimsicott
|-resisted|p2a: Whimsicott|1
|-damage|p2a: Whimsicott|60/100
|
|t:|1784979956
|switch|p1a: Archaludon|Archaludon, L50, F|100/100|[from] Flip Turn
|move|p2b: Venusaur|Energy Ball|p1b: Pelipper
|-damage|p1b: Pelipper|0 fnt
|faint|p1b: Pelipper
|
|-weather|RainDance|[upkeep]
|upkeep
|
|t:|1784979965
|switch|p1b: Basculegion|Basculegion, L50, M|100/100
|turn|2
|
|t:|1784979975
|move|p2a: Whimsicott|Fake Tears|p1a: Archaludon
|-unboost|p1a: Archaludon|spd|2
|move|p1b: Basculegion|Wave Crash|p2a: Whimsicott
|-resisted|p2a: Whimsicott|1
|-crit|p2a: Whimsicott
|-damage|p2a: Whimsicott|0 fnt
|faint|p2a: Whimsicott
|-damage|p1b: Basculegion|86/100|[from] Recoil
|move|p1a: Archaludon|Electro Shot||[still]
|-prepare|p1a: Archaludon|Electro Shot
|-boost|p1a: Archaludon|spa|1
|-anim|p1a: Archaludon|Electro Shot|p2b: Venusaur
|-resisted|p2b: Venusaur|1
|-damage|p2b: Venusaur|77/100
|move|p2b: Venusaur|Earth Power|p1a: Archaludon
|-supereffective|p1a: Archaludon|1
|-damage|p1a: Archaludon|0 fnt
|faint|p1a: Archaludon
|
|-weather|RainDance|[upkeep]
|upkeep
|
|t:|1784979994
|switch|p2a: Gholdengo|Gholdengo, L50|100/100
|switch|p1a: Charizard|Charizard, L50, M|100/100
|turn|3
|
|t:|1784980007
|move|p1a: Charizard|Protect|p1a: Charizard
|-singleturn|p1a: Charizard|Protect
|move|p2a: Gholdengo|Protect|p2a: Gholdengo
|-singleturn|p2a: Gholdengo|Protect
|move|p2b: Venusaur|Protect|p2b: Venusaur
|-singleturn|p2b: Venusaur|Protect
|move|p1b: Basculegion|Wave Crash|p2b: Venusaur
|-activate|p2b: Venusaur|move: Protect
|
|-weather|RainDance|[upkeep]
|upkeep
|turn|4
|inactive|dawnenen has 30 seconds left.
|
|t:|1784980036
|detailschange|p1a: Charizard|Charizard-Mega-Y, L50, M
|-mega|p1a: Charizard|Charizard|Charizardite Y
|-weather|SunnyDay|[from] ability: Drought|[of] p1a: Charizard
|move|p1b: Basculegion|Wave Crash|p2b: Venusaur
|-resisted|p2b: Venusaur|1
|-damage|p2b: Venusaur|61/100
|-damage|p1b: Basculegion|81/100|[from] Recoil
|move|p1a: Charizard|Heat Wave|p2b: Venusaur|[spread] p2a,p2b
|-supereffective|p2a: Gholdengo|1
|-supereffective|p2b: Venusaur|1
|-damage|p2a: Gholdengo|0 fnt
|-damage|p2b: Venusaur|2/100
|faint|p2a: Gholdengo
|move|p2b: Venusaur|Energy Ball|p1b: Basculegion
|-supereffective|p1b: Basculegion|1
|-damage|p1b: Basculegion|0 fnt
|faint|p1b: Basculegion
|
|-weather|SunnyDay|[upkeep]
|upkeep
|
|t:|1784980053
|switch|p2a: Mamoswine|Mamoswine, L50, F|100/100
|turn|5
|
|t:|1784980063
|move|p2a: Mamoswine|Rock Slide|p1a: Charizard
|-supereffective|p1a: Charizard|2
|-damage|p1a: Charizard|0 fnt
|faint|p1a: Charizard
|
|win|CammelloGasante
||dawnenen is ready for game 2.
||CammelloGasante is ready for game 2.
|uhtml|next|Next: Game 2 of 3
|l|☆CammelloGasante
|player|p2|
