|j|☆WestyLiam
|j|☆ryanpowneyissoslay
|html|WestyLiamryanpowneyissoslay    
|uhtml|bestof|Game 1 of a best-of-3
|t:|1756502242
|gametype|doubles
|player|p1|WestyLiam|2|1442
|player|p2|ryanpowneyissoslay|ghetsis|1349
|gen|9
|tier|[Gen 9] VGC 2025 Reg H (Bo3)
|rated|
|rule|Species Clause: Limit one of each Pokémon
|rule|Item Clause: Limit 1 of each item
|clearpoke
|poke|p1|Garchomp, L50, F|
|poke|p1|Jumpluff, L50, M|
|poke|p1|Torkoal, L50, M|
|poke|p1|Dragonite, L50, F|
|poke|p1|Kingambit, L50, F|
|poke|p1|Typhlosion-Hisui, L50, M|
|poke|p2|Dragonite, L50, M|
|poke|p2|Ursaluna-Bloodmoon, L50, M|
|poke|p2|Whimsicott, L50, F|
|poke|p2|Gholdengo, L50|
|poke|p2|Incineroar, L50, F|
|poke|p2|Annihilape, L50, M|
|teampreview|4
|showteam|p1|Garchomp||LifeOrb|RoughSkin|DragonClaw,StompingTantrum,Earthquake,Protect|||F|||50|,,,,,Fairy]Jumpluff||CovertCloak|Chlorophyll|LeafStorm,SleepPowder,Encore,Tailwind|||M|||50|,,,,,Poison]Torkoal||EjectPack|Drought|Overheat,BurningJealousy,HelpingHand,Protect|||M|||50|,,,,,Flying]Dragonite||LoadedDice|Multiscale|ScaleShot,ExtremeSpeed,IceSpinner,Protect|||F|||50|,,,,,Fairy]Kingambit||AssaultVest|Defiant|IronHead,SuckerPunch,Assurance,LowKick|||F|||50|,,,,,Flying]Typhlosion-Hisui||ChoiceSpecs|Blaze|Eruption,ShadowBall,HeatWave,Overheat|||M|||50|,,,,,Fire
|showteam|p2|Dragonite||LoadedDice|Multiscale|ScaleShot,ExtremeSpeed,Haze,Protect|||M|||50|,,,,,Fairy]Ursaluna-Bloodmoon||AssaultVest|MindsEye|BloodMoon,HyperVoice,EarthPower,VacuumWave|||M|||50|,,,,,Poison]Whimsicott||CovertCloak|Prankster|FakeTears,Tailwind,Encore,Moonblast|||F|||50|,,,,,Poison]Gholdengo||ChoiceSpecs|GoodasGold|MakeItRain,ShadowBall,PowerGem,SteelBeam||||||50|,,,,,Steel]Incineroar||MirrorHerb|Intimidate|FakeOut,PartingShot,KnockOff,FlareBlitz|||F|||50|,,,,,Ghost]Annihilape||SafetyGoggles|Defiant|CloseCombat,RageFist,Taunt,FinalGambit|||M|||50|,,,,,Water
|inactive|Battle timer is ON: inactive players will automatically lose when time's up. (requested by ryanpowneyissoslay)
|c|☆ryanpowneyissoslay|Westy Liam himself
|inactive|ryanpowneyissoslay has 60 seconds left.
|
|t:|1756502281
|teamsize|p1|4
|teamsize|p2|4
|start
|switch|p1a: Jumpluff|Jumpluff, L50, M|100/100
|switch|p1b: Torkoal|Torkoal, L50, M|100/100
|switch|p2a: Dragonite|Dragonite, L50, M|100/100
|switch|p2b: Whimsicott|Whimsicott, L50, F|100/100
|-weather|SunnyDay|[from] ability: Drought|[of] p1b: Torkoal
|turn|1
|
|t:|1756502290
|move|p2b: Whimsicott|Tailwind|p2b: Whimsicott
|-sidestart|p2: ryanpowneyissoslay|move: Tailwind
|move|p1a: Jumpluff|Sleep Powder|p2a: Dragonite|[miss]
|-miss|p1a: Jumpluff|p2a: Dragonite
|move|p2a: Dragonite|Scale Shot|p1a: Jumpluff
|-damage|p1a: Jumpluff|82/100
|-damage|p1a: Jumpluff|63/100
|-damage|p1a: Jumpluff|45/100
|-damage|p1a: Jumpluff|24/100
|-damage|p1a: Jumpluff|5/100
|-hitcount|p1a: Jumpluff|5
|-unboost|p2a: Dragonite|def|1
|-boost|p2a: Dragonite|spe|1
|move|p1b: Torkoal|Overheat|p2b: Whimsicott
|-supereffective|p2b: Whimsicott
|-damage|p2b: Whimsicott|0 fnt
|-unboost|p1b: Torkoal|spa|2
|faint|p2b: Whimsicott
|-enditem|p1b: Torkoal|Eject Pack
|
|t:|1756502297
|switch|p1b: Dragonite|Dragonite, L50, F|100/100
|
|-weather|SunnyDay|[upkeep]
|upkeep
|
|t:|1756502306
|switch|p2b: Ursaluna|Ursaluna-Bloodmoon, L50, M|100/100
|turn|2
|
|t:|1756502322
|switch|p1a: Typhlosion|Typhlosion-Hisui, L50, M|100/100
|-terastallize|p2a: Dragonite|Fairy
|-terastallize|p1b: Dragonite|Fairy
|move|p2a: Dragonite|Extreme Speed|p1a: Typhlosion
|-immune|p1a: Typhlosion
|move|p2b: Ursaluna|Blood Moon|p1b: Dragonite
|-damage|p1b: Dragonite|58/100
|move|p1b: Dragonite|Ice Spinner|p2a: Dragonite
|-damage|p2a: Dragonite|76/100
|
|-weather|SunnyDay|[upkeep]
|upkeep
|turn|3
|
|t:|1756502341
|switch|p1a: Torkoal|Torkoal, L50, M|100/100
|move|p1b: Dragonite|Extreme Speed|p2a: Dragonite
|-crit|p2a: Dragonite
|-damage|p2a: Dragonite|0 fnt
|faint|p2a: Dragonite
|move|p2b: Ursaluna|Hyper Voice|p1b: Dragonite|[spread] p1a,p1b
|-damage|p1a: Torkoal|48/100
|-damage|p1b: Dragonite|23/100
|
|-weather|SunnyDay|[upkeep]
|upkeep
|
|t:|1756502346
|switch|p2a: Incineroar|Incineroar, L50, F|100/100
|-ability|p2a: Incineroar|Intimidate|boost
|-unboost|p1a: Torkoal|atk|1
|-unboost|p1b: Dragonite|atk|1
|turn|4
|
|t:|1756502369
|move|p1a: Torkoal|Protect|p1a: Torkoal
|-singleturn|p1a: Torkoal|Protect
|move|p1b: Dragonite|Extreme Speed|p2b: Ursaluna
|-damage|p2b: Ursaluna|86/100
|move|p2a: Incineroar|Knock Off|p1a: Torkoal
|-activate|p1a: Torkoal|move: Protect
|move|p2b: Ursaluna|Hyper Voice|p1b: Dragonite|[spread] p1b
|-activate|p1a: Torkoal|move: Protect
|-damage|p1b: Dragonite|0 fnt
|faint|p1b: Dragonite
|
|-weather|SunnyDay|[upkeep]
|-sideend|p2: ryanpowneyissoslay|move: Tailwind
|upkeep
|
|t:|1756502374
|switch|p1b: Typhlosion|Typhlosion-Hisui, L50, M|100/100
|turn|5
|
|t:|1756502385
|move|p1a: Torkoal|Helping Hand|p1b: Typhlosion
|-singleturn|p1b: Typhlosion|Helping Hand|[of] p1a: Torkoal
|move|p1b: Typhlosion|Eruption|p2a: Incineroar|[spread] p2a,p2b
|-resisted|p2a: Incineroar
|-damage|p2a: Incineroar|4/100
|-damage|p2b: Ursaluna|0 fnt
|faint|p2b: Ursaluna
|move|p2a: Incineroar|Knock Off|p1b: Typhlosion
|-supereffective|p1b: Typhlosion
|-damage|p1b: Typhlosion|0 fnt
|-enditem|p1b: Typhlosion|Choice Specs|[from] move: Knock Off|[of] p2a: Incineroar
|faint|p1b: Typhlosion
|
|-weather|none
|upkeep
|
|t:|1756502390
|switch|p1b: Jumpluff|Jumpluff, L50, M|5/100
|turn|6
|
|t:|1756502397
|move|p1b: Jumpluff|Encore|p2a: Incineroar
|-start|p2a: Incineroar|Encore
|move|p2a: Incineroar|Knock Off|p1a: Torkoal
|-damage|p1a: Torkoal|27/100
|move|p1a: Torkoal|Burning Jealousy|p2a: Incineroar
|-resisted|p2a: Incineroar
|-damage|p2a: Incineroar|0 fnt
|faint|p2a: Incineroar
|
|win|WestyLiam
||WestyLiam is ready for game 2.
||ryanpowneyissoslay is ready for game 2.
|uhtml|next|Next: Game 2 of 3
|l|☆ryanpowneyissoslay
|player|p2|
|l|☆WestyLiam
|player|p1|
|j|☆WestyLiam
|player|p1|WestyLiam|2|
