|j|☆felasmiguel
|j|☆KChiefs7
|html|felasmiguelKChiefs7    
|uhtml|bestof|Game 2 of a best-of-3
|t:|1757701794
|gametype|doubles
|player|p1|felasmiguel|scientist|1153
|player|p2|KChiefs7|swimmer-gen4|1113
|gen|9
|tier|[Gen 9] VGC 2025 Reg H (Bo3)
|rated|
|rule|Species Clause: Limit one of each Pokémon
|rule|Item Clause: Limit 1 of each item
|clearpoke
|poke|p1|Gliscor, L50, F|
|poke|p1|Breloom, L50, F|
|poke|p1|Talonflame, L50, F|
|poke|p1|Milotic, L50, F|
|poke|p1|Dragapult, L50, M|
|poke|p1|Farigiraf, L50, M|
|poke|p2|Ursaluna, L50, F|
|poke|p2|Gholdengo, L50|
|poke|p2|Amoonguss, L50, F|
|poke|p2|Porygon2, L50|
|poke|p2|Incineroar, L50, F|
|poke|p2|Flamigo, L50, M|
|teampreview|4
|showteam|p1|Gliscor||ToxicOrb|PoisonHeal|SwordsDance,DualWingbeat,HighHorsepower,Protect|||F|||50|,,,,,Water]Breloom||LoadedDice|Technician|Spore,MachPunch,BulletSeed,Protect|||F|||50|,,,,,Grass]Talonflame||CovertCloak|GaleWings|Tailwind,FlareBlitz,BraveBird,Taunt|||F|||50|,,,,,Flying]Milotic||AdrenalineOrb|Competitive|Scald,IceBeam,Haze,Protect|||F|||50|,,,,,Poison]Dragapult||ChoiceSpecs|Infiltrator|DracoMeteor,Thunderbolt,ShadowBall,Uturn|||M|||50|,,,,,Ghost]Farigiraf||ThroatSpray|ArmorTail|Imprison,TrickRoom,PsychicNoise,HyperVoice|||M|||50|,,,,,Fire
|showteam|p2|Ursaluna||FlameOrb|Guts|Facade,Earthquake,Substitute,Protect|||F|||50|,,,,,Ghost]Gholdengo||ChoiceScarf|GoodasGold|MakeItRain,ShadowBall,DazzlingGleam,FocusBlast||||||50|,,,,,Fairy]Amoonguss||SitrusBerry|Regenerator|RagePowder,Spore,PollenPuff,Protect|||F|||50|,,,,,Fairy]Porygon2||Eviolite|Download|Thunderbolt,IceBeam,Recover,TrickRoom||||||50|,,,,,Flying]Incineroar||AssaultVest|Intimidate|FlareBlitz,KnockOff,FakeOut,Uturn|||F|||50|,,,,,Grass]Flamigo||FocusSash|Scrappy|CloseCombat,BraveBird,WideGuard,Detect|||M|||50|,,,,,Stellar
|inactive|Battle timer is ON: inactive players will automatically lose when time's up. (requested by KChiefs7)
|inactive|felasmiguel has 60 seconds left.
|inactive|KChiefs7 has 60 seconds left.
|
|t:|1757701844
|teamsize|p1|4
|teamsize|p2|4
|start
|switch|p1a: Gliscor|Gliscor, L50, F|100/100
|switch|p1b: Breloom|Breloom, L50, F|100/100
|switch|p2a: Gholdengo|Gholdengo, L50|100/100
|switch|p2b: Ursaluna|Ursaluna, L50, F|100/100
|turn|1
|
|t:|1757701870
|switch|p1b: Milotic|Milotic, L50, F|100/100
|-terastallize|p1a: Gliscor|Water
|move|p2b: Ursaluna|Protect|p2b: Ursaluna
|-singleturn|p2b: Ursaluna|Protect
|move|p2a: Gholdengo|Make It Rain|p1a: Gliscor|[spread] p1a,p1b
|-resisted|p1a: Gliscor
|-resisted|p1b: Milotic
|-damage|p1a: Gliscor|71/100
|-damage|p1b: Milotic|80/100
|-unboost|p2a: Gholdengo|spa|1
|move|p1a: Gliscor|High Horsepower|p2a: Gholdengo
|-supereffective|p2a: Gholdengo
|-damage|p2a: Gholdengo|33/100
|
|-status|p1a: Gliscor|tox|[from] item: Toxic Orb
|-status|p2b: Ursaluna|brn|[from] item: Flame Orb
|upkeep
|turn|2
|
|t:|1757701892
|switch|p2a: Incineroar|Incineroar, L50, F, shiny|100/100
|-ability|p2a: Incineroar|Intimidate|boost
|-unboost|p1a: Gliscor|atk|1
|-unboost|p1b: Milotic|atk|1
|-ability|p1b: Milotic|Competitive|boost
|-boost|p1b: Milotic|spa|2
|-enditem|p1b: Milotic|Adrenaline Orb
|-boost|p1b: Milotic|spe|1|[from] item: Adrenaline Orb
|-terastallize|p2b: Ursaluna|Ghost
|move|p1b: Milotic|Scald|p2b: Ursaluna
|-damage|p2b: Ursaluna|49/100 brn
|move|p1a: Gliscor|High Horsepower|p2b: Ursaluna
|-damage|p2b: Ursaluna|28/100 brn
|move|p2b: Ursaluna|Facade|p1b: Milotic
|-damage|p1b: Milotic|0 fnt
|faint|p1b: Milotic
|
|-heal|p1a: Gliscor|83/100 tox|[from] ability: Poison Heal
|-damage|p2b: Ursaluna|22/100 brn|[from] brn
|upkeep
|
|t:|1757701905
|switch|p1b: Breloom|Breloom, L50, F|100/100
|turn|3
|inactive|felasmiguel has 30 seconds left.
|
|t:|1757701933
|switch|p2b: Gholdengo|Gholdengo, L50|33/100
|move|p1a: Gliscor|Protect|p1a: Gliscor
|-singleturn|p1a: Gliscor|Protect
|move|p1b: Breloom|Protect|p1b: Breloom
|-singleturn|p1b: Breloom|Protect
|move|p2a: Incineroar|Flare Blitz|p1b: Breloom
|-activate|p1b: Breloom|move: Protect
|
|-heal|p1a: Gliscor|96/100 tox|[from] ability: Poison Heal
|upkeep
|turn|4
|inactive|KChiefs7 has 30 seconds left.
|
|t:|1757701963
|switch|p1b: Talonflame|Talonflame, L50, F|100/100
|move|p2b: Gholdengo|Dazzling Gleam|p1a: Gliscor|[spread] p1a,p1b
|-resisted|p1b: Talonflame
|-crit|p1b: Talonflame
|-damage|p1a: Gliscor|67/100 tox
|-damage|p1b: Talonflame|73/100
|move|p1a: Gliscor|High Horsepower|p2b: Gholdengo
|-supereffective|p2b: Gholdengo
|-damage|p2b: Gholdengo|0 fnt
|faint|p2b: Gholdengo
|move|p2a: Incineroar|Flare Blitz|p1b: Talonflame
|-resisted|p1b: Talonflame
|-damage|p1b: Talonflame|29/100
|-damage|p2a: Incineroar|90/100|[from] Recoil
|
|-heal|p1a: Gliscor|79/100 tox|[from] ability: Poison Heal
|upkeep
|
|t:|1757701979
|switch|p2b: Porygon2|Porygon2, L50|100/100
|-ability|p2b: Porygon2|Download|boost
|-boost|p2b: Porygon2|spa|1
|turn|5
|inactive|KChiefs7 has 30 seconds left.
|
|t:|1757702009
|move|p1b: Talonflame|Taunt|p2b: Porygon2
|-start|p2b: Porygon2|move: Taunt
|move|p1a: Gliscor|Swords Dance|p1a: Gliscor
|-boost|p1a: Gliscor|atk|2
|move|p2a: Incineroar|Flare Blitz|p1b: Talonflame
|-resisted|p1b: Talonflame
|-damage|p1b: Talonflame|0 fnt
|faint|p1b: Talonflame
|-damage|p2a: Incineroar|82/100|[from] Recoil
|move|p2b: Porygon2|Thunderbolt|p1a: Gliscor
|-supereffective|p1a: Gliscor
|-damage|p1a: Gliscor|0 fnt
|faint|p1a: Gliscor
|
|upkeep
|-message|felasmiguel forfeited.
|
|win|KChiefs7
|raw|felasmiguel's rating: 1153 → 1125(-28 for losing)
|raw|KChiefs7's rating: 1113 → 1141(+28 for winning)
|l|☆felasmiguel
|player|p1|
