|j|☆Sincubii
|j|☆Echoes630
|html|SincubiiEchoes630    
|uhtml|bestof|Game 2 of a best-of-3
|t:|1756836872
|gametype|doubles
|player|p1|Sincubii|palmer|1073
|player|p2|Echoes630|colress|1192
|gen|9
|tier|[Gen 9] VGC 2025 Reg H (Bo3)
|rated|
|rule|Species Clause: Limit one of each Pokémon
|rule|Item Clause: Limit 1 of each item
|clearpoke
|poke|p1|Weavile, L50, M|
|poke|p1|Rillaboom, L50, F|
|poke|p1|Magmar, L50, F|
|poke|p1|Dragonite, L50, F|
|poke|p1|Lucario, L50, M|
|poke|p1|Primarina, L50, F|
|poke|p2|Garchomp, L50, F|
|poke|p2|Electabuzz, L50, F|
|poke|p2|Talonflame, L50, F|
|poke|p2|Primarina, L50, F|
|poke|p2|Annihilape, L50, F|
|poke|p2|Gholdengo, L50|
|teampreview|4
|showteam|p1|Weavile||LifeOrb|Pressure|IceSpinner,FakeOut,KnockOff,Protect|||M|||50|,,,,,Ghost]Rillaboom||MiracleSeed|GrassySurge|FakeOut,GrassyGlide,WoodHammer,Protect|||F|||50|,,,,,Grass]Magmar||Eviolite|VitalSpirit|Overheat,WillOWisp,FollowMe,Protect|||F|||50|,,,,,Ghost]Dragonite||LoadedDice|Multiscale|Protect,ScaleShot,Tailwind,Haze|||F|||50|,,,,,Fairy]Lucario||FocusSash|InnerFocus|AuraSphere,ShadowBall,NastyPlot,FlashCannon|||M|||50|,,,,,Steel]Primarina||ThroatSpray|LiquidVoice|HyperVoice,Moonblast,Protect,CalmMind|||F|||50|,,,,,Steel
|showteam|p2|Garchomp||LifeOrb|RoughSkin|Earthquake,DragonClaw,Protect,StompingTantrum|||F|||50|,,,,,Ground]Electabuzz||Eviolite|VitalSpirit|Thunderbolt,Taunt,Protect,FollowMe|||F|||50|,,,,,Ghost]Talonflame||CovertCloak|GaleWings|BraveBird,Taunt,WillOWisp,Tailwind|||F|||50|,,,,,Grass]Primarina||ThroatSpray|LiquidVoice|HyperVoice,Moonblast,Haze,Protect|||F|||50|,,,,,Poison]Annihilape||SafetyGoggles|Defiant|FinalGambit,RageFist,Coaching,CloseCombat|||F|||50|,,,,,Fairy]Gholdengo||ChoiceScarf|GoodasGold|Trick,Protect,MakeItRain,ShadowBall||||||50|,,,,,Steel
|inactive|Battle timer is ON: inactive players will automatically lose when time's up. (requested by Sincubii)
|inactive|Echoes630 has 60 seconds left.
|
|t:|1756836944
|teamsize|p1|4
|teamsize|p2|4
|start
|switch|p1a: Big Boss|Dragonite, L50, F, shiny|100/100
|switch|p1b: Janice|Primarina, L50, F|100/100
|switch|p2a: Gholdengo|Gholdengo, L50|100/100
|switch|p2b: Talonflame|Talonflame, L50, F, shiny|100/100
|turn|1
|inactive|Sincubii has 30 seconds left.
|inactive|Sincubii has 20 seconds left.
|inactive|Sincubii has 15 seconds left.
|inactive|Sincubii has 10 seconds left.
|inactive|Sincubii has 5 seconds left.
|
|t:|1756836995
|switch|p1b: Magmar|Magmar, L50, F|100/100
|-terastallize|p2a: Gholdengo|Steel
|move|p2b: Talonflame|Brave Bird|p1a: Big Boss
|-damage|p1a: Big Boss|78/100
|-damage|p2b: Talonflame|92/100|[from] Recoil
|move|p2a: Gholdengo|Make It Rain|p1a: Big Boss|[spread] p1a,p1b
|-resisted|p1b: Magmar
|-damage|p1a: Big Boss|19/100
|-damage|p1b: Magmar|78/100
|-unboost|p2a: Gholdengo|spa|1
|move|p1a: Big Boss|Tailwind|p1a: Big Boss
|-sidestart|p1: Sincubii|move: Tailwind
|
|upkeep
|turn|2
|inactive|Sincubii has 30 seconds left.
|inactive|Sincubii has 20 seconds left.
|inactive|Sincubii has 15 seconds left.
|
|t:|1756837037
|switch|p2a: harder|Garchomp, L50, F|100/100
|move|p1a: Big Boss|Protect|p1a: Big Boss
|-singleturn|p1a: Big Boss|Protect
|move|p1b: Magmar|Overheat|p2a: harder
|-resisted|p2a: harder
|-damage|p2a: harder|75/100
|-unboost|p1b: Magmar|spa|2
|move|p2b: Talonflame|Tailwind|p2b: Talonflame
|-sidestart|p2: Echoes630|move: Tailwind
|
|upkeep
|turn|3
|
|t:|1756837056
|switch|p2b: Gholdengo|Gholdengo, L50, tera:Steel|100/100
|-terastallize|p1b: Magmar|Ghost
|move|p1b: Magmar|Follow Me|p1b: Magmar
|-singleturn|p1b: Magmar|move: Follow Me
|move|p2a: harder|Stomping Tantrum|p1b: Magmar
|-damage|p1b: Magmar|35/100
|-damage|p2a: harder|65/100|[from] item: Life Orb
|move|p1a: Big Boss|Scale Shot|p2a: harder
|-supereffective|p2a: harder
|-damage|p2a: harder|35/100
|-supereffective|p2a: harder
|-damage|p2a: harder|5/100
|-supereffective|p2a: harder
|-damage|p2a: harder|0 fnt
|faint|p2a: harder
|-hitcount|p2: harder|3
|-unboost|p1a: Big Boss|def|1
|-boost|p1a: Big Boss|spe|1
|
|upkeep
|
|t:|1756837070
|switch|p2a: Electabuzz|Electabuzz, L50, F|100/100
|turn|4
|
|t:|1756837093
|move|p1a: Big Boss|Protect|p1a: Big Boss
|-singleturn|p1a: Big Boss|Protect
|move|p2b: Gholdengo|Make It Rain|p1a: Big Boss|[spread] p1b
|-activate|p1a: Big Boss|move: Protect
|-damage|p1b: Magmar|0 fnt
|-unboost|p2b: Gholdengo|spa|1
|faint|p1b: Magmar
|move|p2a: Electabuzz|Thunderbolt|p1a: Big Boss
|-activate|p1a: Big Boss|move: Protect
|
|-sideend|p1: Sincubii|move: Tailwind
|upkeep
|
|t:|1756837102
|switch|p1b: Mr. Cool|Weavile, L50, M|100/100
|-ability|p1b: Mr. Cool|Pressure
|turn|5
|
|t:|1756837117
|move|p1b: Mr. Cool|Fake Out|p2b: Gholdengo
|-resisted|p2b: Gholdengo
|-damage|p2b: Gholdengo|92/100
|-damage|p1b: Mr. Cool|91/100|[from] item: Life Orb
|cant|p2b: Gholdengo|flinch
|move|p2a: Electabuzz|Thunderbolt|p1a: Big Boss
|-damage|p1a: Big Boss|0 fnt
|faint|p1a: Big Boss
|
|-sideend|p2: Echoes630|move: Tailwind
|upkeep
|
|t:|1756837124
|switch|p1a: Janice|Primarina, L50, F|100/100
|turn|6
|inactive|Echoes630 has 30 seconds left.
|
|t:|1756837150
|move|p2b: Gholdengo|Make It Rain|p1a: Janice|[spread] p1a,p1b
|-supereffective|p1b: Mr. Cool
|-damage|p1a: Janice|66/100
|-damage|p1b: Mr. Cool|0 fnt
|-unboost|p2b: Gholdengo|spa|1
|faint|p1b: Mr. Cool
|move|p2a: Electabuzz|Thunderbolt|p1a: Janice
|-supereffective|p1a: Janice
|-damage|p1a: Janice|13/100
|move|p1a: Janice|Hyper Voice|p2b: Gholdengo|[spread] p2a,p2b
|-damage|p2a: Electabuzz|74/100
|-damage|p2b: Gholdengo|58/100
|-enditem|p1a: Janice|Throat Spray
|-boost|p1a: Janice|spa|1|[from] item: Throat Spray
|
|upkeep
|turn|7
|c|☆Echoes630|gg
|inactive|Sincubii has 30 seconds left.
|-message|Sincubii forfeited.
|
|win|Echoes630
|raw|Sincubii's rating: 1073 → 1059(-14 for losing)
|raw|Echoes630's rating: 1192 → 1209(+17 for winning)
|l|☆Sincubii
|player|p1|
