|j|☆seeyouatthetip
|j|☆i saw carcosa
|html|seeyouatthetipi saw carcosa    
|uhtml|bestof|Game 1 of a best-of-3
|t:|1756579575
|gametype|doubles
|player|p1|seeyouatthetip|hiker-gen4|1321
|player|p2|i saw carcosa|pokemonbreederf|1351
|gen|9
|tier|[Gen 9] VGC 2025 Reg H (Bo3)
|rated|
|rule|Species Clause: Limit one of each Pokémon
|rule|Item Clause: Limit 1 of each item
|clearpoke
|poke|p1|Amoonguss, L50, F|
|poke|p1|Incineroar, L50, M|
|poke|p1|Gholdengo, L50|
|poke|p1|Annihilape, L50, M|
|poke|p1|Kingambit, L50, M|
|poke|p1|Dragonite, L50, F|
|poke|p2|Dragapult, L50, F|
|poke|p2|Mienshao, L50, F|
|poke|p2|Gholdengo, L50|
|poke|p2|Talonflame, L50, F|
|poke|p2|Kingambit, L50, F|
|poke|p2|Clefable, L50, F|
|teampreview|4
|showteam|p1|Amoonguss||SitrusBerry|Regenerator|Spore,RagePowder,SludgeBomb,Protect|||F|||50|,,,,,Fire]Incineroar||SafetyGoggles|Intimidate|FlareBlitz,FakeOut,PartingShot,KnockOff|||M|||50|,,,,,Ghost]Gholdengo||LifeOrb|GoodasGold|MakeItRain,ShadowBall,NastyPlot,Protect||||||50|,,,,,Steel]Annihilape||FocusSash|Defiant|CloseCombat,RageFist,Coaching,FinalGambit|||M|||50|,,,,,Grass]Kingambit||AssaultVest|Defiant|KowtowCleave,SuckerPunch,IronHead,LowKick|||M|||50|,,,,,Dark]Dragonite||LoadedDice|Multiscale|ScaleShot,ExtremeSpeed,Haze,Protect|||F|||50|,,,,,Fairy
|showteam|p2|Dragapult||ChoiceBand|ClearBody|DragonDarts,Uturn,PhantomForce,Outrage|||F|||50|,,,,,Dragon]Mienshao||FocusSash|InnerFocus|FakeOut,CloseCombat,WideGuard,UpperHand|||F|||50|,,,,,Fighting]Gholdengo||LifeOrb|GoodasGold|MakeItRain,ShadowBall,NastyPlot,Protect||||||50|,,,,,Steel]Talonflame||CovertCloak|GaleWings|Tailwind,BraveBird,Taunt,FlareBlitz|||F|||50|,,,,,Fairy]Kingambit||AssaultVest|Defiant|IronHead,KowtowCleave,SuckerPunch,LowKick|||F|||50|,,,,,Poison]Clefable||SafetyGoggles|Unaware|FollowMe,Moonblast,HelpingHand,MistyTerrain|||F|||50|,,,,,Water
|inactive|Battle timer is ON: inactive players will automatically lose when time's up. (requested by seeyouatthetip)
|inactive|seeyouatthetip has 60 seconds left.
|inactive|i saw carcosa has 60 seconds left.
|
|t:|1756579637
|teamsize|p1|4
|teamsize|p2|4
|start
|switch|p1a: Amoonguss|Amoonguss, L50, F|100/100
|switch|p1b: Gholdengo|Gholdengo, L50|100/100
|switch|p2a: Dragapult|Dragapult, L50, F|100/100
|switch|p2b: Clefable|Clefable, L50, F|100/100
|turn|1
|inactive|seeyouatthetip has 30 seconds left.
|inactive|seeyouatthetip has 20 seconds left.
|
|t:|1756579674
|-terastallize|p2b: Clefable|Water
|move|p2b: Clefable|Follow Me|p2b: Clefable
|-singleturn|p2b: Clefable|move: Follow Me
|move|p2a: Dragapult|Dragon Darts|p1b: Gholdengo
|-resisted|p1b: Gholdengo
|-damage|p1b: Gholdengo|76/100
|-anim|p2a: Dragapult|Dragon Darts|p1a: Amoonguss
|-damage|p1a: Amoonguss|66/100
|move|p1b: Gholdengo|Nasty Plot|p1b: Gholdengo
|-boost|p1b: Gholdengo|spa|2
|move|p1a: Amoonguss|Spore|p2b: Clefable
|-activate|p2b: Clefable|item: Safety Goggles|Spore
|
|upkeep
|turn|2
|inactive|seeyouatthetip has 30 seconds left.
|
|t:|1756579704
|switch|p2a: Kingambit|Kingambit, L50, F|100/100
|switch|p1a: Kingambit|Kingambit, L50, M, shiny|100/100
|move|p1b: Gholdengo|Make It Rain|p2a: Kingambit|[spread] p2a,p2b
|-resisted|p2a: Kingambit
|-resisted|p2b: Clefable
|-damage|p2a: Kingambit|59/100
|-damage|p2b: Clefable|79/100
|-unboost|p1b: Gholdengo|spa|1
|-damage|p1b: Gholdengo|67/100|[from] item: Life Orb
|move|p2b: Clefable|Misty Terrain|p2b: Clefable
|-fieldstart|move: Misty Terrain
|
|upkeep
|turn|3
|inactive|seeyouatthetip has 30 seconds left.
|
|t:|1756579731
|switch|p1a: Amoonguss|Amoonguss, L50, F|99/100
|move|p1b: Gholdengo|Protect|p1b: Gholdengo
|-singleturn|p1b: Gholdengo|Protect
|move|p2b: Clefable|Follow Me|p2b: Clefable
|-singleturn|p2b: Clefable|move: Follow Me
|move|p2a: Kingambit|Low Kick|p1a: Amoonguss
|-resisted|p1a: Amoonguss
|-damage|p1a: Amoonguss|92/100
|
|upkeep
|turn|4
|
|t:|1756579751
|move|p2b: Clefable|Helping Hand|p2a: Kingambit
|-singleturn|p2a: Kingambit|Helping Hand|[of] p2b: Clefable
|move|p1a: Amoonguss|Rage Powder|p1a: Amoonguss
|-singleturn|p1a: Amoonguss|move: Rage Powder
|move|p1b: Gholdengo|Make It Rain|p2b: Clefable|[spread] p2a,p2b
|-resisted|p2a: Kingambit
|-resisted|p2b: Clefable
|-damage|p2a: Kingambit|32/100
|-damage|p2b: Clefable|57/100
|-unboost|p1b: Gholdengo|spa|1
|-damage|p1b: Gholdengo|57/100|[from] item: Life Orb
|move|p2a: Kingambit|Kowtow Cleave|p1a: Amoonguss
|-damage|p1a: Amoonguss|32/100
|-enditem|p1a: Amoonguss|Sitrus Berry|[eat]
|-heal|p1a: Amoonguss|57/100|[from] item: Sitrus Berry
|
|upkeep
|turn|5
|
|t:|1756579774
|switch|p2b: Talonflame|Talonflame, L50, F|100/100
|move|p1b: Gholdengo|Make It Rain|p2a: Kingambit|[spread] p2a,p2b
|-resisted|p2a: Kingambit
|-resisted|p2b: Talonflame
|-crit|p2b: Talonflame
|-damage|p2a: Kingambit|12/100
|-damage|p2b: Talonflame|38/100
|-unboost|p1b: Gholdengo|spa|1
|-damage|p1b: Gholdengo|47/100|[from] item: Life Orb
|move|p2a: Kingambit|Kowtow Cleave|p1b: Gholdengo
|-supereffective|p1b: Gholdengo
|-damage|p1b: Gholdengo|0 fnt
|faint|p1b: Gholdengo
|move|p1a: Amoonguss|Spore|p2a: Kingambit
|-activate|p2a: Kingambit|move: Misty Terrain
|
|upkeep
|
|t:|1756579793
|switch|p1b: Kingambit|Kingambit, L50, M, shiny|100/100
|turn|6
|
|t:|1756579812
|-terastallize|p1b: Kingambit|Dark
|move|p1b: Kingambit|Sucker Punch|p2a: Kingambit
|-resisted|p2a: Kingambit
|-damage|p2a: Kingambit|0 fnt
|faint|p2a: Kingambit
|move|p2b: Talonflame|Flare Blitz|p1a: Amoonguss
|-supereffective|p1a: Amoonguss
|-damage|p1a: Amoonguss|0 fnt
|faint|p1a: Amoonguss
|-damage|p2b: Talonflame|15/100|[from] Recoil
|
|-fieldend|Misty Terrain
|upkeep
|
|t:|1756579823
|switch|p2a: Clefable|Clefable, L50, F, tera:Water|57/100
|switch|p1a: Annihilape|Annihilape, L50, M|100/100
|turn|7
|inactive|seeyouatthetip has 30 seconds left.
|
|t:|1756579856
|move|p2b: Talonflame|Taunt|p1a: Annihilape
|-start|p1a: Annihilape|move: Taunt
|move|p1a: Annihilape|Rage Fist|p2a: Clefable
|-damage|p2a: Clefable|38/100
|move|p1b: Kingambit|Kowtow Cleave|p2a: Clefable
|-damage|p2a: Clefable|0 fnt
|faint|p2a: Clefable
|
|upkeep
|-message|i saw carcosa forfeited.
|
|win|seeyouatthetip
|l|☆i saw carcosa
|player|p2|
||seeyouatthetip is ready for game 2.
||i saw carcosa is ready for game 2.
|uhtml|next|Next: Game 2 of 3
