|j|☆bartcr0987
|j|☆ban1106
|html|bartcr0987ban1106    
|uhtml|bestof|Game 2 of a best-of-3
|t:|1783479967
|gametype|doubles
|player|p1|bartcr0987|1|
|player|p2|ban1106|brawly|
|gen|9
|tier|[Gen 9 Champions] VGC 2026 Reg M-B (Bo3)
|rule|Species Clause: Limit one of each Pokémon
|rule|Item Clause: Limit 1 of each item
|clearpoke
|poke|p1|Charizard, L50, M, shiny|
|poke|p1|Sneasler, L50, M, shiny|
|poke|p1|Floette-Eternal, L50, F|
|poke|p1|Kingambit, L50, F, shiny|
|poke|p1|Basculegion, L50, M|
|poke|p1|Farigiraf, L50, F|
|poke|p2|Charizard, L50, F|
|poke|p2|Mawile, L50, M|
|poke|p2|Basculegion, L50, M|
|poke|p2|Garchomp, L50, F|
|poke|p2|Whimsicott, L50, F|
|poke|p2|Farigiraf, L50, M|
|teampreview|4
|showteam|p1|Charizard||CharizarditeY|SolarPower|HeatWave,SolarBeam,WeatherBall,Protect|Timid||M|||50|]Sneasler||FocusSash|PoisonTouch|DireClaw,CloseCombat,Protect,FakeOut|Jolly||M|||50|]Floette-Eternal||Floettite|FlowerVeil|Moonblast,DazzlingGleam,LightofRuin,Protect|Modest||F|||50|]Kingambit||BlackGlasses|Defiant|KowtowCleave,SuckerPunch,SwordsDance,Protect|Adamant||F|||50|]Basculegion||ChoiceScarf|Adaptability|LastRespects,WaveCrash,AquaJet,FlipTurn|Jolly||M|||50|]Farigiraf||SitrusBerry|ArmorTail|TrickRoom,FoulPlay,Psychic,RainDance|Bold||F|||50|
|showteam|p2|Charizard||CharizarditeY|Blaze|WeatherBall,HeatWave,SolarBeam,Protect|Timid||F|||50|]Mawile||Mawilite|HyperCutter|PlayRough,SuckerPunch,BrickBreak,Protect|Adamant||M|||50|]Basculegion||MysticWater|Adaptability|WaveCrash,LastRespects,AquaJet,Protect|Adamant||M|||50|]Garchomp||LifeOrb|RoughSkin|Earthquake,DragonClaw,RockSlide,Protect|Jolly||F|||50|]Whimsicott||FocusSash|Prankster|Moonblast,Encore,Tailwind,Protect|Timid||F|||50|]Farigiraf||SitrusBerry|ArmorTail|TwinBeam,Thunderbolt,TrickRoom,HelpingHand|Bold||M|||50|
|inactive|Battle timer is ON: inactive players will automatically lose when time's up. (requested by bartcr0987)
|inactive|bartcr0987 has 60 seconds left.
|inactive|ban1106 has 60 seconds left.
|
|t:|1783480019
|teamsize|p1|4
|teamsize|p2|4
|start
|switch|p1a: Charizard|Charizard, L50, M, shiny|100/100
|switch|p1b: Sneasler|Sneasler, L50, M, shiny|100/100
|switch|p2a: Charizard|Charizard, L50, F|100/100
|switch|p2b: Whimsicott|Whimsicott, L50, F|100/100
|turn|1
|inactive|ban1106 has 30 seconds left.
|inactive|ban1106 has 20 seconds left.
|
|t:|1783480055
|detailschange|p2a: Charizard|Charizard-Mega-Y, L50, F
|-mega|p2a: Charizard|Charizard|Charizardite Y
|-weather|SunnyDay|[from] ability: Drought|[of] p2a: Charizard
|move|p2a: Charizard|Protect|p2a: Charizard
|-singleturn|p2a: Charizard|Protect
|move|p2b: Whimsicott|Tailwind|p2b: Whimsicott
|-sidestart|p2: ban1106|move: Tailwind
|move|p1b: Sneasler|Dire Claw|p2a: Charizard
|-activate|p2a: Charizard|move: Protect
|move|p1a: Charizard|Heat Wave|p2a: Charizard|[spread] 
|-activate|p2a: Charizard|move: Protect
|-miss|p1a: Charizard|p2b: Whimsicott
|
|-weather|SunnyDay|[upkeep]
|-damage|p1a: Charizard|87/100|[from] ability: Solar Power|[of] p1a: Charizard
|upkeep
|turn|2
|inactive|bartcr0987 has 30 seconds left.
|inactive|ban1106 has 30 seconds left.
|inactive|ban1106 has 20 seconds left.
|inactive|ban1106 has 15 seconds left.
|inactive|ban1106 has 10 seconds left.
|inactive|bartcr0987 has 20 seconds left.
|inactive|ban1106 has 5 seconds left.
|
|t:|1783480110
|detailschange|p1a: Charizard|Charizard-Mega-Y, L50, M, shiny
|-mega|p1a: Charizard|Charizard|Charizardite Y
|move|p2b: Whimsicott|Moonblast|p1b: Sneasler
|-damage|p1b: Sneasler|51/100
|move|p2a: Charizard|Weather Ball|p1b: Sneasler
|-damage|p1b: Sneasler|0 fnt
|faint|p1b: Sneasler
|move|p1a: Charizard|Heat Wave|p2b: Whimsicott|[spread] p2a,p2b
|-resisted|p2a: Charizard|1
|-supereffective|p2b: Whimsicott|1
|-damage|p2a: Charizard|73/100
|-enditem|p2b: Whimsicott|Focus Sash
|-damage|p2b: Whimsicott|1/100
|
|-weather|SunnyDay|[upkeep]
|upkeep
|
|t:|1783480127
|switch|p1b: Kingambit|Kingambit, L50, F, shiny|100/100
|turn|3
|inactive|ban1106 has 30 seconds left.
|
|t:|1783480152
|switch|p2b: Farigiraf|Farigiraf, L50, M|100/100
|move|p1b: Kingambit|Protect|p1b: Kingambit
|-singleturn|p1b: Kingambit|Protect
|move|p2a: Charizard|Weather Ball|p1b: Kingambit
|-activate|p1b: Kingambit|move: Protect
|move|p1a: Charizard|Heat Wave|p2a: Charizard|[spread] p2a,p2b
|-resisted|p2a: Charizard|1
|-damage|p2a: Charizard|44/100
|-damage|p2b: Farigiraf|44/100
|-enditem|p2b: Farigiraf|Sitrus Berry|[eat]
|-heal|p2b: Farigiraf|69/100|[from] item: Sitrus Berry
|
|-weather|SunnyDay|[upkeep]
|upkeep
|turn|4
|
|t:|1783480171
|switch|p1b: Oscar|Basculegion, L50, M|100/100
|move|p2a: Charizard|Heat Wave|p1b: Oscar|[spread] p1a,p1b
|-resisted|p1a: Charizard|1
|-resisted|p1b: Oscar|1
|-damage|p1a: Charizard|53/100
|-damage|p1b: Oscar|66/100
|move|p1a: Charizard|Weather Ball|p2b: Farigiraf
|-damage|p2b: Farigiraf|0 fnt
|faint|p2b: Farigiraf
|
|-weather|SunnyDay|[upkeep]
|-sideend|p2: ban1106|move: Tailwind
|upkeep
|
|t:|1783480194
|switch|p2b: Whimsicott|Whimsicott, L50, F|1/100
|turn|5
|inactive|bartcr0987 has 30 seconds left.
|inactive|ban1106 has 30 seconds left.
|inactive|ban1106 has 20 seconds left.
|
|t:|1783480232
|move|p2a: Charizard|Protect|p2a: Charizard
|-singleturn|p2a: Charizard|Protect
|move|p1b: Oscar|Aqua Jet|p2b: Whimsicott
|-resisted|p2b: Whimsicott|1
|-damage|p2b: Whimsicott|0 fnt
|faint|p2b: Whimsicott
|move|p1a: Charizard|Weather Ball|p2a: Charizard
|-activate|p2a: Charizard|move: Protect
|
|-weather|none
|upkeep
|
|t:|1783480243
|switch|p2b: Garchomp|Garchomp, L50, F|100/100
|turn|6
|
|t:|1783480257
|move|p1a: Charizard|Protect|p1a: Charizard
|-singleturn|p1a: Charizard|Protect
|move|p1b: Oscar|Aqua Jet|p2a: Charizard
|-supereffective|p2a: Charizard|1
|-damage|p2a: Charizard|0 fnt
|faint|p2a: Charizard
|move|p2b: Garchomp|Rock Slide|p1a: Charizard|[spread] p1b
|-activate|p1a: Charizard|move: Protect
|-crit|p1b: Oscar
|-damage|p1b: Oscar|16/100
|-damage|p2b: Garchomp|90/100|[from] item: Life Orb
|
|upkeep
|turn|7
|
|t:|1783480270
|switch|p1a: Kingambit|Kingambit, L50, F, shiny|100/100
|move|p1b: Oscar|Aqua Jet|p2b: Garchomp
|-damage|p2b: Garchomp|65/100
|-damage|p1b: Oscar|4/100|[from] ability: Rough Skin|[of] p2b: Garchomp
|move|p2b: Garchomp|Rock Slide|p1b: Oscar|[spread] p1b
|-miss|p2b: Garchomp|p1a: Kingambit
|-damage|p1b: Oscar|0 fnt
|faint|p1b: Oscar
|-damage|p2b: Garchomp|55/100|[from] item: Life Orb
|
|upkeep
|
|t:|1783480277
|switch|p1b: Charizard|Charizard-Mega-Y, L50, M, shiny|53/100
|-weather|SunnyDay|[from] ability: Drought|[of] p1b: Charizard
|turn|8
|
|t:|1783480290
|move|p1b: Charizard|Protect|p1b: Charizard
|-singleturn|p1b: Charizard|Protect
|move|p2b: Garchomp|Rock Slide|p1a: Kingambit|[spread] p1a
|-activate|p1b: Charizard|move: Protect
|-resisted|p1a: Kingambit|1
|-damage|p1a: Kingambit|91/100
|-damage|p2b: Garchomp|46/100|[from] item: Life Orb
|move|p1a: Kingambit|Kowtow Cleave|p2b: Garchomp
|-damage|p2b: Garchomp|0 fnt
|-damage|p1a: Kingambit|79/100|[from] ability: Rough Skin|[of] p2b: Garchomp
|faint|p2b: Garchomp
|
|win|bartcr0987
|inactive|bartcr0987 has 30 seconds to confirm battle start!
|inactive|ban1106 has 30 seconds to confirm battle start!
||bartcr0987 is ready for game 3.
|inactive|ban1106 has 20 seconds to confirm battle start!
||ban1106 is ready for game 3.
|uhtml|next|Next: Game 3 of 3
