|j|☆onlyprovingapoint
|j|☆MrGardnHose
|html|onlyprovingapointMrGardnHose    
|uhtml|bestof|Game 1 of a best-of-3
|t:|1782240365
|gametype|doubles
|player|p1|onlyprovingapoint|170|1106
|player|p2|MrGardnHose|jasmine-masters2|1014
|gen|9
|tier|[Gen 9 Champions] VGC 2026 Reg M-B (Bo3)
|rated|
|rule|Species Clause: Limit one of each Pokémon
|rule|Item Clause: Limit 1 of each item
|clearpoke
|poke|p1|Metagross, L50, shiny|
|poke|p1|Archaludon, L50, M|
|poke|p1|Sinistcha, L50|
|poke|p1|Aerodactyl, L50, M|
|poke|p1|Incineroar, L50, F|
|poke|p1|Rotom-Wash, L50|
|poke|p2|Metagross, L50|
|poke|p2|Garchomp, L50, M|
|poke|p2|Talonflame, L50, M|
|poke|p2|Eelektross, L50, M|
|poke|p2|Basculegion, L50, M|
|poke|p2|Kingambit, L50, M|
|teampreview|4
|showteam|p1|Metagross||Metagrossite|ClearBody|BulletPunch,BodyPress,PsychicFangs,Protect|Jolly|||||50|]Archaludon||DragonFang|Stalwart|DragonPulse,Protect,FlashCannon,AuraSphere|Modest||M|||50|]Sinistcha||SitrusBerry|Hospitality|LifeDew,RagePowder,MatchaGotcha,Protect|Bold|||||50|]Aerodactyl||Aerodactylite|RockHead|IceFang,RockSlide,DualWingbeat,Protect|Adamant||M|||50|]Incineroar||PasshoBerry|Intimidate|FakeOut,FlareBlitz,PartingShot,ThroatChop|Careful||F|||50|]Rotom-Wash||ChoiceScarf|Levitate|Electroweb,Trick,HydroPump,WillOWisp|Bold|||||50|
|showteam|p2|Metagross||Metagrossite|ClearBody|IronHead,PsychicFangs,IcePunch,Protect|Timid|||||50|]Garchomp||LifeOrb|RoughSkin|Earthquake,RockSlide,DragonClaw,Protect|Jolly||M|||50|]Talonflame||SharpBeak|GaleWings|DualWingbeat,FlareBlitz,Tailwind,UpperHand|Jolly||M|||50|]Eelektross||Eelektrossite|Levitate|Thunderbolt,Discharge,GigaDrain,Protect|Modest||M|||50|]Basculegion||MysticWater|Adaptability|AquaJet,WaveCrash,LastRespects,Protect|Adamant||M|||50|]Kingambit||BlackGlasses|Defiant|KowtowCleave,SuckerPunch,LowKick,Protect|Adamant||M|||50|
|inactive|Battle timer is ON: inactive players will automatically lose when time's up. (requested by onlyprovingapoint)
|inactive|MrGardnHose has 60 seconds left.
|
|t:|1782240463
|teamsize|p1|4
|teamsize|p2|4
|start
|switch|p1a: Sandrel|Incineroar, L50, F|100/100
|switch|p1b: Metagross|Metagross, L50, shiny|100/100
|switch|p2a: Talonflame|Talonflame, L50, M|100/100
|switch|p2b: Eelektross|Eelektross, L50, M|100/100
|-ability|p1a: Sandrel|Intimidate|boost
|-unboost|p2a: Talonflame|atk|1
|-unboost|p2b: Eelektross|atk|1
|turn|1
|inactive|onlyprovingapoint has 30 seconds left.
|
|t:|1782240490
|switch|p2a: Garchomp|Garchomp, L50, M|100/100
|detailschange|p1b: Metagross|Metagross-Mega, L50, shiny
|-mega|p1b: Metagross|Metagross|Metagrossite
|detailschange|p2b: Eelektross|Eelektross-Mega, L50, M
|-mega|p2b: Eelektross|Eelektross|Eelektrossite
|move|p1b: Metagross|Psychic Fangs|p2a: Garchomp
|-damage|p2a: Garchomp|37/100
|-damage|p1b: Metagross|87/100|[from] ability: Rough Skin|[of] p2a: Garchomp
|move|p2b: Eelektross|Discharge|p1a: Sandrel|[spread] p1a,p1b
|-immune|p2a: Garchomp
|-damage|p1a: Sandrel|67/100
|-damage|p1b: Metagross|49/100
|-status|p1a: Sandrel|par
|-status|p1b: Metagross|par
|move|p1a: Sandrel|Parting Shot|p2b: Eelektross
|-unboost|p2b: Eelektross|atk|1
|-unboost|p2b: Eelektross|spa|1
|
|t:|1782240509
|switch|p1a: Rotom|Rotom-Wash, L50|100/100|[from] Parting Shot
|
|upkeep
|turn|2
|
|t:|1782240516
|move|p1b: Metagross|Protect|p1b: Metagross
|-singleturn|p1b: Metagross|Protect
|move|p2a: Garchomp|Earthquake|p1b: Metagross|[spread] 
|-activate|p1b: Metagross|move: Protect
|-immune|p2b: Eelektross|[from] ability: Levitate
|-immune|p1a: Rotom|[from] ability: Levitate
|move|p1a: Rotom|Will-O-Wisp|p2a: Garchomp
|-status|p2a: Garchomp|brn
|move|p2b: Eelektross|Giga Drain|p1a: Rotom
|-supereffective|p1a: Rotom|1
|-crit|p1a: Rotom
|-damage|p1a: Rotom|19/100
|
|-damage|p2a: Garchomp|31/100 brn|[from] brn
|upkeep
|turn|3
|
|t:|1782240534
|move|p2a: Garchomp|Earthquake|p1a: Rotom|[spread] p1b
|-immune|p2b: Eelektross|[from] ability: Levitate
|-immune|p1a: Rotom|[from] ability: Levitate
|-supereffective|p1b: Metagross|1
|-crit|p1b: Metagross
|-damage|p1b: Metagross|0 fnt
|faint|p1b: Metagross
|-damage|p2a: Garchomp|21/100 brn|[from] item: Life Orb
|move|p1a: Rotom|Will-O-Wisp|p2b: Eelektross
|-status|p2b: Eelektross|brn
|move|p2b: Eelektross|Discharge|p1a: Rotom|[spread] p1a
|-immune|p2a: Garchomp
|-damage|p1a: Rotom|0 fnt
|faint|p1a: Rotom
|-ability|p2b: Eelektross|Eelevate|boost
|-boost|p2b: Eelektross|spa|1
|
|-damage|p2a: Garchomp|15/100 brn|[from] brn
|-damage|p2b: Eelektross|94/100 brn|[from] brn
|upkeep
|
|t:|1782240543
|switch|p1b: Sandrel|Incineroar, L50, F|67/100 par
|switch|p1a: Archaludon|Archaludon, L50, M|100/100
|-ability|p1b: Sandrel|Intimidate|boost
|-unboost|p2a: Garchomp|atk|1
|-unboost|p2b: Eelektross|atk|1
|turn|4
|
|t:|1782240550
|move|p2a: Garchomp|Protect|p2a: Garchomp
|-singleturn|p2a: Garchomp|Protect
|move|p1b: Sandrel|Fake Out|p2a: Garchomp
|-activate|p2a: Garchomp|move: Protect
|move|p1a: Archaludon|Dragon Pulse|p2b: Eelektross
|-damage|p2b: Eelektross|35/100 brn
|move|p2b: Eelektross|Thunderbolt|p1b: Sandrel
|-damage|p1b: Sandrel|16/100 par
|
|-damage|p2a: Garchomp|9/100 brn|[from] brn
|-damage|p2b: Eelektross|29/100 brn|[from] brn
|upkeep
|turn|5
|
|t:|1782240559
|move|p2a: Garchomp|Protect|p2a: Garchomp
|-singleturn|p2a: Garchomp|Protect
|move|p1a: Archaludon|Protect|p1a: Archaludon
|-singleturn|p1a: Archaludon|Protect
|move|p2b: Eelektross|Thunderbolt|p1b: Sandrel
|-damage|p1b: Sandrel|0 fnt
|faint|p1b: Sandrel
|-ability|p2b: Eelektross|Eelevate|boost
|-boost|p2b: Eelektross|spa|1
|
|-damage|p2a: Garchomp|3/100 brn|[from] brn
|-damage|p2b: Eelektross|23/100 brn|[from] brn
|upkeep
|turn|6
|
|t:|1782240568
|switch|p2a: Talonflame|Talonflame, L50, M|100/100
|move|p1a: Archaludon|Protect||[still]
|-fail|p1a: Archaludon
|move|p2b: Eelektross|Thunderbolt|p2a: Talonflame
|-supereffective|p2a: Talonflame|1
|-damage|p2a: Talonflame|0 fnt
|faint|p2a: Talonflame
|-ability|p2b: Eelektross|Eelevate|boost
|-boost|p2b: Eelektross|spa|1
|
|-damage|p2b: Eelektross|17/100 brn|[from] brn
|upkeep
|
|t:|1782240574
|switch|p2a: Basculegion|Basculegion, L50, M|100/100
|turn|7
|
|t:|1782240582
|switch|p2a: Garchomp|Garchomp, L50, M|3/100 brn
|move|p1a: Archaludon|Dragon Pulse|p2a: Garchomp
|-supereffective|p2a: Garchomp|1
|-damage|p2a: Garchomp|0 fnt
|faint|p2a: Garchomp
|move|p2b: Eelektross|Giga Drain|p2: Garchomp|[notarget]
|-fail|p2b: Eelektross
|
|-damage|p2b: Eelektross|12/100 brn|[from] brn
|upkeep
|
|t:|1782240588
|switch|p2a: Basculegion|Basculegion, L50, M|100/100
|turn|8
|
|t:|1782240591
|move|p1a: Archaludon|Protect|p1a: Archaludon
|-singleturn|p1a: Archaludon|Protect
|move|p2a: Basculegion|Last Respects|p1a: Archaludon
|-activate|p1a: Archaludon|move: Protect
|move|p2b: Eelektross|Thunderbolt|p1a: Archaludon
|-activate|p1a: Archaludon|move: Protect
|
|-damage|p2b: Eelektross|6/100 brn|[from] brn
|upkeep
|turn|9
|
|t:|1782240598
|move|p2a: Basculegion|Protect|p2a: Basculegion
|-singleturn|p2a: Basculegion|Protect
|move|p1a: Archaludon|Dragon Pulse|p2a: Basculegion
|-activate|p2a: Basculegion|move: Protect
|move|p2b: Eelektross|Giga Drain|p2a: Basculegion
|-activate|p2a: Basculegion|move: Protect
|
|-damage|p2b: Eelektross|1/100 brn|[from] brn
|upkeep
|turn|10
|
|t:|1782240607
|move|p2a: Basculegion|Last Respects|p1a: Archaludon
|-damage|p1a: Archaludon|19/100
|move|p1a: Archaludon|Dragon Pulse|p2a: Basculegion
|-damage|p2a: Basculegion|42/100
|move|p2b: Eelektross|Thunderbolt|p1a: Archaludon
|-resisted|p1a: Archaludon|1
|-damage|p1a: Archaludon|0 fnt
|faint|p1a: Archaludon
|
|win|MrGardnHose
||MrGardnHose is ready for game 2.
||onlyprovingapoint is ready for game 2.
|uhtml|next|Next: Game 2 of 3
