|j|☆Picoti
|j|☆natsukivgc
|html|Picotinatsukivgc    
|uhtml|bestof|Game 2 of a best-of-3
|t:|1785466003
|gametype|doubles
|player|p1|Picoti|266|1070
|player|p2|natsukivgc|1|1104
|gen|9
|tier|[Gen 9 Champions] VGC 2026 Reg M-B (Bo3)
|rated|
|rule|Species Clause: Limit one of each Pokémon
|rule|Item Clause: Limit 1 of each item
|clearpoke
|poke|p1|Araquanid, L50, F|
|poke|p1|Farigiraf, L50, M|
|poke|p1|Victreebel, L50, F|
|poke|p1|Avalugg-Hisui, L50, M|
|poke|p1|Camerupt, L50, M|
|poke|p1|Aromatisse, L50, M|
|poke|p2|Charizard, L50, M|
|poke|p2|Sneasler, L50, F|
|poke|p2|Kingambit, L50, M|
|poke|p2|Dragonite, L50, M|
|poke|p2|Floette-Eternal, L50, F|
|poke|p2|Whimsicott, L50, M|
|teampreview|4
|showteam|p1|Araquanid||MysticWater|WaterBubble|WideGuard,Liquidation,LeechLife,Protect|Brave||F|||50|]Farigiraf||SitrusBerry|ArmorTail|TwinBeam,Thunderbolt,TrickRoom,Protect|Calm||M|||50|]Victreebel||Victreebelite|Chlorophyll|StrengthSap,EnergyBall,SludgeBomb,SleepPowder|Mild||F|||50|]Avalugg-Hisui||WideLens|Sturdy|RockSlide,MountainGale,HighHorsepower,Protect|Brave||M|||50|]Camerupt||Cameruptite|MagmaArmor|HeatWave,Protect,AncientPower,EarthPower|Quiet||M|||50|]Aromatisse||Leftovers|AromaVeil|TrickRoom,CalmMind,DrainingKiss,Protect|Relaxed||M|||50|
|showteam|p2|Charizard||CharizarditeY|Blaze|HeatWave,SolarBeam,WeatherBall,Protect|Modest||M|||50|]Sneasler||WhiteHerb|Unburden|CloseCombat,DireClaw,FakeOut,Coaching|Jolly||F|||50|]Kingambit||BlackGlasses|Defiant|KowtowCleave,SuckerPunch,SwordsDance,Protect|Adamant||M|||50|]Dragonite||LifeOrb|InnerFocus|DragonClaw,LowKick,ExtremeSpeed,Protect|Adamant||M|||50|]Floette-Eternal||Floettite|FlowerVeil|Moonblast,DazzlingGleam,LightofRuin,Protect|Modest||F|||50|]Whimsicott||FocusSash|Prankster|Moonblast,Tailwind,Encore,Protect|Timid||M|||50|
|inactive|Battle timer is ON: inactive players will automatically lose when time's up. (requested by Picoti)
|
|t:|1785466030
|teamsize|p1|4
|teamsize|p2|4
|start
|switch|p1a: Aromatisse|Aromatisse, L50, M|100/100
|switch|p1b: Victreebel|Victreebel, L50, F|100/100
|switch|p2a: Sneasler|Sneasler, L50, F|100/100
|switch|p2b: Dragonite|Dragonite, L50, M|100/100
|turn|1
|inactive|natsukivgc has 30 seconds left.
|
|t:|1785466062
|detailschange|p1b: Victreebel|Victreebel-Mega, L50, F
|-mega|p1b: Victreebel|Victreebel|Victreebelite
|move|p2a: Sneasler|Fake Out|p1a: Aromatisse
|-damage|p1a: Aromatisse|88/100
|move|p2b: Dragonite|Dragon Claw|p1b: Victreebel
|-damage|p1b: Victreebel|22/100
|-damage|p2b: Dragonite|90/100|[from] item: Life Orb
|move|p1b: Victreebel|Sleep Powder|p2a: Sneasler
|-status|p2a: Sneasler|slp|[from] move: Sleep Powder
|cant|p1a: Aromatisse|flinch
|
|-heal|p1a: Aromatisse|95/100|[from] item: Leftovers
|upkeep
|turn|2
|inactive|natsukivgc has 30 seconds left.
|
|t:|1785466093
|switch|p2a: Kingambit|Kingambit, L50, M|100/100
|move|p2b: Dragonite|Extreme Speed|p1b: Victreebel
|-damage|p1b: Victreebel|0 fnt
|-damage|p2b: Dragonite|66/100|[from] ability: Innards Out|[of] p1b: Victreebel
|faint|p1b: Victreebel
|-damage|p2b: Dragonite|56/100|[from] item: Life Orb
|move|p1a: Aromatisse|Trick Room|p1a: Aromatisse
|-fieldstart|move: Trick Room|[of] p1a: Aromatisse
|
|-heal|p1a: Aromatisse|100/100|[from] item: Leftovers
|upkeep
|
|t:|1785466106
|switch|p1b: Avalugg|Avalugg-Hisui, L50, M|100/100
|turn|3
|inactive|natsukivgc has 30 seconds left.
|
|t:|1785466137
|switch|p2b: Floette|Floette-Eternal, L50, F|100/100
|move|p1a: Aromatisse|Draining Kiss|p2a: Kingambit
|-damage|p2a: Kingambit|85/100
|move|p1b: Avalugg|High Horsepower|p2a: Kingambit
|-supereffective|p2a: Kingambit|1
|-damage|p2a: Kingambit|34/100
|move|p2a: Kingambit|Swords Dance|p2a: Kingambit
|-boost|p2a: Kingambit|atk|2
|
|upkeep
|turn|4
|
|t:|1785466160
|detailschange|p2b: Floette|Floette-Mega, L50, F
|-mega|p2b: Floette|Floette|Floettite
|-ability|p2b: Floette|Fairy Aura
|move|p2a: Kingambit|Sucker Punch|p1b: Avalugg
|-damage|p1b: Avalugg|50/100g
|move|p1a: Aromatisse|Draining Kiss|p2a: Kingambit
|-damage|p2a: Kingambit|16/100
|move|p1b: Avalugg|Rock Slide|p2b: Floette|[spread] p2a,p2b
|-resisted|p2a: Kingambit|1
|-damage|p2a: Kingambit|5/100
|-damage|p2b: Floette|61/100
|move|p2b: Floette|Dazzling Gleam|p1a: Aromatisse|[spread] p1a,p1b
|-damage|p1a: Aromatisse|50/100g
|-damage|p1b: Avalugg|0 fnt
|faint|p1b: Avalugg
|
|-heal|p1a: Aromatisse|56/100|[from] item: Leftovers
|upkeep
|
|t:|1785466174
|switch|p1b: Araquanid|Araquanid, L50, F|100/100
|turn|5
|inactive|natsukivgc has 30 seconds left.
|inactive|natsukivgc has 20 seconds left.
|
|t:|1785466213
|switch|p2b: Sneasler|Sneasler, L50, F|100/100 slp
|move|p1a: Aromatisse|Calm Mind|p1a: Aromatisse
|-boost|p1a: Aromatisse|spa|1
|-boost|p1a: Aromatisse|spd|1
|move|p1b: Araquanid|Liquidation|p2b: Sneasler
|-damage|p2b: Sneasler|0 fnt
|faint|p2b: Sneasler
|move|p2a: Kingambit|Kowtow Cleave|p1a: Aromatisse
|-resisted|p1a: Aromatisse|1
|-damage|p1a: Aromatisse|18/100
|
|-heal|p1a: Aromatisse|24/100|[from] item: Leftovers
|upkeep
|
|t:|1785466229
|switch|p2b: Dragonite|Dragonite, L50, M|56/100
|turn|6
|
|t:|1785466250
|move|p2b: Dragonite|Extreme Speed|p1a: Aromatisse
|-damage|p1a: Aromatisse|0 fnt
|faint|p1a: Aromatisse
|-damage|p2b: Dragonite|47/100|[from] item: Life Orb
|move|p2a: Kingambit|Sucker Punch|p1b: Araquanid
|-damage|p1b: Araquanid|12/100
|move|p1b: Araquanid|Liquidation|p2a: Kingambit
|-damage|p2a: Kingambit|0 fnt
|faint|p2a: Kingambit
|
|-fieldend|move: Trick Room
|upkeep
|
|t:|1785466261
|switch|p2a: Floette|Floette-Mega, L50, F|61/100
|-ability|p2a: Floette|Fairy Aura
|turn|7
|
|t:|1785466269
|move|p1b: Araquanid|Wide Guard|p1b: Araquanid
|-singleturn|p1b: Araquanid|Wide Guard
|move|p2b: Dragonite|Extreme Speed|p1b: Araquanid
|-damage|p1b: Araquanid|0 fnt
|faint|p1b: Araquanid
|-damage|p2b: Dragonite|37/100|[from] item: Life Orb
|
|win|natsukivgc
