|j|☆utbfd
|j|☆Andrea Pirlo 2
|html|utbfdAndrea Pirlo 2    
|uhtml|bestof|Game 2 of a best-of-3
|t:|1782482444
|gametype|doubles
|player|p1|utbfd|170|1183
|player|p2|Andrea Pirlo 2|volkner|1310
|gen|9
|tier|[Gen 9 Champions] VGC 2026 Reg M-B (Bo3)
|rated|
|rule|Species Clause: Limit one of each Pokémon
|rule|Item Clause: Limit 1 of each item
|clearpoke
|poke|p1|Swampert, L50, M, shiny|
|poke|p1|Sableye, L50, F|
|poke|p1|Archaludon, L50, M|
|poke|p1|Pelipper, L50, M|
|poke|p1|Gholdengo, L50|
|poke|p1|Meganium, L50, M|
|poke|p2|Charizard, L50, M|
|poke|p2|Garchomp, L50, F|
|poke|p2|Sylveon, L50, F|
|poke|p2|Farigiraf, L50, F|
|poke|p2|Kingambit, L50, M|
|poke|p2|Aerodactyl, L50, F|
|teampreview|4
|showteam|p1|Swampert||Swampertite|Damp|WaveCrash,HighHorsepower,IcePunch,Protect|Adamant||M|||50|]Sableye||RoseliBerry|Prankster|RainDance,LightScreen,Encore,Disable|Bold||F|||50|]Archaludon||Leftovers|Stamina|ElectroShot,DragonPulse,FlashCannon,Protect|Calm||M|||50|]Pelipper||FocusSash|Drizzle|WeatherBall,Hurricane,WideGuard,Protect|Modest||M|||50|]Gholdengo||ChoiceScarf|GoodasGold|MakeItRain,ShadowBall,PowerGem,SteelBeam|Modest|||||50|]Meganium||Meganiumite|LeafGuard|SolarBeam,DazzlingGleam,WeatherBall,Protect|Modest||M|||50|
|showteam|p2|Charizard||CharizarditeY|SolarPower|HeatWave,WeatherBall,SolarBeam,Protect|Modest||M|||50|]Garchomp||LifeOrb|RoughSkin|Protect,DragonClaw,StompingTantrum,Earthquake|Jolly||F|||50|]Sylveon||FairyFeather|Pixilate|Detect,QuickAttack,HyperVoice,HyperBeam|Modest||F|||50|]Farigiraf||SitrusBerry|ArmorTail|TwinBeam,Thunderbolt,Roar,TrickRoom|Bold||F|||50|]Kingambit||FocusSash|Defiant|KowtowCleave,IronHead,SuckerPunch,LowKick|Adamant||M|||50|]Aerodactyl||Aerodactylite|Unnerve|RockSlide,DualWingbeat,IceFang,Tailwind|Jolly||F|||50|
|inactive|Battle timer is ON: inactive players will automatically lose when time's up. (requested by utbfd)
|
|t:|1782482463
|teamsize|p1|4
|teamsize|p2|4
|start
|switch|p1a: fih.|Swampert, L50, M, shiny|100/100
|switch|p1b: Pocket Sand|Sableye, L50, F|100/100
|switch|p2a: Farigiraf|Farigiraf, L50, F|100/100
|switch|p2b: Kingambit|Kingambit, L50, M|100/100
|turn|1
|
|t:|1782482476
|detailschange|p1a: fih.|Swampert-Mega, L50, M, shiny
|-mega|p1a: fih.|Swampert|Swampertite
|move|p1b: Pocket Sand|Rain Dance|p1b: Pocket Sand
|-weather|RainDance
|move|p1a: fih.|Wave Crash|p2a: Farigiraf
|-damage|p2a: Farigiraf|4/100
|-enditem|p2a: Farigiraf|Sitrus Berry|[eat]
|-heal|p2a: Farigiraf|29/100|[from] item: Sitrus Berry
|-damage|p1a: fih.|63/100|[from] Recoil
|move|p2b: Kingambit|Kowtow Cleave|p1b: Pocket Sand
|-damage|p1b: Pocket Sand|47/100
|move|p2a: Farigiraf|Trick Room|p2a: Farigiraf
|-fieldstart|move: Trick Room|[of] p2a: Farigiraf
|
|-weather|RainDance|[upkeep]
|upkeep
|turn|2
|
|t:|1782482498
|switch|p1b: BRIDGEMANIA|Archaludon, L50, M|100/100
|move|p2a: Farigiraf|Twin Beam|p1a: fih.
|-damage|p1a: fih.|51/100
|-damage|p1a: fih.|38/100
|-hitcount|p1a: fih.|2
|move|p2b: Kingambit|Kowtow Cleave|p1b: BRIDGEMANIA
|-damage|p1b: BRIDGEMANIA|62/100
|-ability|p1b: BRIDGEMANIA|Stamina|boost
|-boost|p1b: BRIDGEMANIA|def|1
|move|p1a: fih.|High Horsepower|p2b: Kingambit
|-supereffective|p2b: Kingambit|1
|-enditem|p2b: Kingambit|Focus Sash
|-damage|p2b: Kingambit|1/100
|
|-weather|RainDance|[upkeep]
|-heal|p1b: BRIDGEMANIA|69/100|[from] item: Leftovers
|upkeep
|turn|3
|
|t:|1782482515
|move|p1a: fih.|Protect|p1a: fih.
|-singleturn|p1a: fih.|Protect
|move|p2b: Kingambit|Kowtow Cleave|p1a: fih.
|-activate|p1a: fih.|move: Protect
|move|p1b: BRIDGEMANIA|Electro Shot||[still]
|-prepare|p1b: BRIDGEMANIA|Electro Shot
|-boost|p1b: BRIDGEMANIA|spa|1
|-anim|p1b: BRIDGEMANIA|Electro Shot|p2b: Kingambit
|-damage|p2b: Kingambit|0 fnt
|faint|p2b: Kingambit
|move|p2a: Farigiraf|Roar|p1b: BRIDGEMANIA
|drag|p1b: Pocket Sand|Sableye, L50, F|47/100
|
|-weather|RainDance|[upkeep]
|upkeep
|
|t:|1782482521
|switch|p2b: Sylveon|Sylveon, L50, F|100/100
|turn|4
|
|t:|1782482545
|move|p1b: Pocket Sand|Light Screen|p1b: Pocket Sand
|-sidestart|p1: utbfd|move: Light Screen
|move|p2a: Farigiraf|Twin Beam|p1a: fih.
|-damage|p1a: fih.|29/100
|-damage|p1a: fih.|21/100
|-hitcount|p1a: fih.|2
|move|p2b: Sylveon|Hyper Voice|p1a: fih.|[spread] p1a,p1b
|-supereffective|p1b: Pocket Sand|1
|-enditem|p1b: Pocket Sand|Roseli Berry|[eat]
|-enditem|p1b: Pocket Sand|Roseli Berry|[weaken]
|-damage|p1a: fih.|0 fnt
|-damage|p1b: Pocket Sand|3/100
|faint|p1a: fih.
|
|-weather|RainDance|[upkeep]
|upkeep
|
|t:|1782482551
|switch|p1a: BRIDGEMANIA|Archaludon, L50, M|69/100
|turn|5
|
|t:|1782482565
|switch|p1b: toliet birb|Pelipper, L50, M|100/100
|move|p2a: Farigiraf|Twin Beam|p1a: BRIDGEMANIA
|-resisted|p1a: BRIDGEMANIA|1
|-damage|p1a: BRIDGEMANIA|64/100
|-ability|p1a: BRIDGEMANIA|Stamina|boost
|-boost|p1a: BRIDGEMANIA|def|1
|-resisted|p1a: BRIDGEMANIA|1
|-damage|p1a: BRIDGEMANIA|59/100
|-ability|p1a: BRIDGEMANIA|Stamina|boost
|-boost|p1a: BRIDGEMANIA|def|1
|-hitcount|p1a: BRIDGEMANIA|2
|move|p2b: Sylveon|Hyper Voice|p1b: toliet birb|[spread] p1a,p1b
|-damage|p1a: BRIDGEMANIA|32/100
|-damage|p1b: toliet birb|50/100g
|-ability|p1a: BRIDGEMANIA|Stamina|boost
|-boost|p1a: BRIDGEMANIA|def|1
|move|p1a: BRIDGEMANIA|Electro Shot||[still]
|-prepare|p1a: BRIDGEMANIA|Electro Shot
|-boost|p1a: BRIDGEMANIA|spa|1
|-anim|p1a: BRIDGEMANIA|Electro Shot|p2a: Farigiraf
|-damage|p2a: Farigiraf|0 fnt
|faint|p2a: Farigiraf
|
|-weather|none
|-heal|p1a: BRIDGEMANIA|38/100|[from] item: Leftovers
|-fieldend|move: Trick Room
|upkeep
|
|t:|1782482574
|switch|p2a: Charizard|Charizard, L50, M|100/100
|turn|6
|
|t:|1782482589
|switch|p1b: Pocket Sand|Sableye, L50, F|3/100
|detailschange|p2a: Charizard|Charizard-Mega-Y, L50, M
|-mega|p2a: Charizard|Charizard|Charizardite Y
|-weather|SunnyDay|[from] ability: Drought|[of] p2a: Charizard
|move|p1a: BRIDGEMANIA|Protect|p1a: BRIDGEMANIA
|-singleturn|p1a: BRIDGEMANIA|Protect
|move|p2a: Charizard|Weather Ball|p1a: BRIDGEMANIA
|-activate|p1a: BRIDGEMANIA|move: Protect
|move|p2b: Sylveon|Hyper Voice|p1b: Pocket Sand|[spread] p1b
|-activate|p1a: BRIDGEMANIA|move: Protect
|-supereffective|p1b: Pocket Sand|1
|-damage|p1b: Pocket Sand|0 fnt
|faint|p1b: Pocket Sand
|
|-weather|SunnyDay|[upkeep]
|-heal|p1a: BRIDGEMANIA|44/100|[from] item: Leftovers
|upkeep
|
|t:|1782482591
|switch|p1b: toliet birb|Pelipper, L50, M|50/100g
|-weather|RainDance|[from] ability: Drizzle|[of] p1b: toliet birb
|turn|7
|inactive|Andrea Pirlo 2 has 30 seconds left.
|
|t:|1782482616
|move|p2b: Sylveon|Detect|p2b: Sylveon
|-singleturn|p2b: Sylveon|Protect
|move|p2a: Charizard|Weather Ball|p1b: toliet birb
|-resisted|p1b: toliet birb|1
|-damage|p1b: toliet birb|14/100
|move|p1b: toliet birb|Weather Ball|p2b: Sylveon
|-activate|p2b: Sylveon|move: Protect
|move|p1a: BRIDGEMANIA|Flash Cannon|p2b: Sylveon
|-activate|p2b: Sylveon|move: Protect
|
|-weather|RainDance|[upkeep]
|-heal|p1a: BRIDGEMANIA|50/100g|[from] item: Leftovers
|upkeep
|turn|8
|
|t:|1782482639
|move|p2a: Charizard|Weather Ball|p1b: toliet birb
|-resisted|p1b: toliet birb|1
|-damage|p1b: toliet birb|0 fnt
|faint|p1b: toliet birb
|move|p1a: BRIDGEMANIA|Flash Cannon|p2b: Sylveon
|-supereffective|p2b: Sylveon|1
|-damage|p2b: Sylveon|21/100
|move|p2b: Sylveon|Hyper Beam|p1a: BRIDGEMANIA
|-crit|p1a: BRIDGEMANIA
|-damage|p1a: BRIDGEMANIA|0 fnt
|-mustrecharge|p2b: Sylveon
|faint|p1a: BRIDGEMANIA
|
|win|Andrea Pirlo 2
