|j|☆lolgz
|j|☆pokeplaygg
|html|lolgzpokeplaygg    
|uhtml|bestof|Game 2 of a best-of-3
|t:|1782439338
|gametype|doubles
|player|p1|lolgz|dawn|1227
|player|p2|pokeplaygg|169|1418
|gen|9
|tier|[Gen 9 Champions] VGC 2026 Reg M-B (Bo3)
|rated|
|rule|Species Clause: Limit one of each Pokémon
|rule|Item Clause: Limit 1 of each item
|clearpoke
|poke|p1|Mawile, L50, F|
|poke|p1|Sneasler, L50, F|
|poke|p1|Farigiraf, L50, M|
|poke|p1|Ampharos, L50, F|
|poke|p1|Vileplume, L50, M|
|poke|p1|Torkoal, L50, F|
|poke|p2|Pelipper, L50, F|
|poke|p2|Archaludon, L50, M|
|poke|p2|Swampert, L50, F|
|poke|p2|Sinistcha, L50|
|poke|p2|Venusaur, L50, M|
|poke|p2|Aerodactyl, L50, M|
|teampreview|4
|showteam|p1|Mawile||Mawilite|HyperCutter|PlayRough,SuckerPunch,SwordsDance,Protect|Serious||F|||50|]Sneasler||IronBall|PoisonTouch|FakeOut,DireClaw,CloseCombat,RockTomb|Brave||F|||50|]Farigiraf||SitrusBerry|ArmorTail|TrickRoom,Thunderbolt,Psychic,HelpingHand|Relaxed||M|||50|]Ampharos||Ampharosite|Static|Thunderbolt,DragonPulse,Protect,FocusBlast|Brave||F|||50|]Vileplume||FocusSash|Chlorophyll|SleepPowder,SludgeBomb,EnergyBall,AfterYou|Timid||M|||50|]Torkoal||Charcoal|Drought|Eruption,WeatherBall,EarthPower,Protect|Quiet||F|||50|
|showteam|p2|Pelipper||LifeOrb|Drizzle|Protect,Hurricane,MuddyWater,Tailwind|Modest||F|||50|]Archaludon||Leftovers|Stamina|Protect,ElectroShot,DracoMeteor,FlashCannon|Modest||M|||50|]Swampert||Swampertite|Torrent|Protect,WaveCrash,Earthquake,IcePunch|Adamant||F|||50|]Sinistcha||BrightPowder|Hospitality|TrickRoom,LifeDew,MatchaGotcha,RagePowder|Bold|||||50|]Venusaur||Venusaurite|Chlorophyll|Protect,SleepPowder,SludgeBomb,EarthPower|Modest||M|||50|]Aerodactyl||FocusSash|Unnerve|Protect,Tailwind,RockSlide,DualWingbeat|Jolly||M|||50|
|inactive|Battle timer is ON: inactive players will automatically lose when time's up. (requested by lolgz)
|inactive|pokeplaygg has 60 seconds left.
|
|t:|1782439372
|teamsize|p1|4
|teamsize|p2|4
|start
|switch|p1a: Farigiraf|Farigiraf, L50, M|100/100
|switch|p1b: Sneasler|Sneasler, L50, F|100/100
|switch|p2a: Venusaur|Venusaur, L50, M|100/100
|switch|p2b: Swampert|Swampert, L50, F|100/100
|turn|1
|inactive|lolgz has 30 seconds left.
|inactive|lolgz has 20 seconds left.
|inactive|lolgz has 15 seconds left.
|
|t:|1782439415
|move|p1b: Sneasler|Fake Out|p2a: Venusaur
|-damage|p2a: Venusaur|82/100
|move|p2b: Swampert|Wave Crash|p1a: Farigiraf
|-damage|p1a: Farigiraf|55/100
|-damage|p2b: Swampert|80/100|[from] Recoil
|cant|p2a: Venusaur|flinch
|move|p1a: Farigiraf|Trick Room|p1a: Farigiraf
|-fieldstart|move: Trick Room|[of] p1a: Farigiraf
|
|upkeep
|turn|2
|
|t:|1782439426
|move|p2a: Venusaur|Protect|p2a: Venusaur
|-singleturn|p2a: Venusaur|Protect
|move|p1b: Sneasler|Close Combat|p2b: Swampert
|-damage|p2b: Swampert|0 fnt
|-unboost|p1b: Sneasler|def|1
|-unboost|p1b: Sneasler|spd|1
|faint|p2b: Swampert
|move|p1a: Farigiraf|Psychic|p2a: Venusaur
|-activate|p2a: Venusaur|move: Protect
|
|upkeep
|
|t:|1782439442
|switch|p2b: Pelipper|Pelipper, L50, F|100/100
|-weather|RainDance|[from] ability: Drizzle|[of] p2b: Pelipper
|turn|3
|
|t:|1782439449
|switch|p2a: Archaludon|Archaludon, L50, M|100/100
|move|p1b: Sneasler|Dire Claw|p2b: Pelipper
|-damage|p2b: Pelipper|47/100
|move|p1a: Farigiraf|Psychic|p2a: Archaludon
|-resisted|p2a: Archaludon|1
|-damage|p2a: Archaludon|80/100
|-ability|p2a: Archaludon|Stamina|boost
|-boost|p2a: Archaludon|def|1
|move|p2b: Pelipper|Muddy Water|p1a: Farigiraf|[spread] p1a,p1b
|-damage|p1a: Farigiraf|0 fnt
|-damage|p1b: Sneasler|2/100
|-unboost|p1b: Sneasler|accuracy|1
|faint|p1a: Farigiraf
|-damage|p2b: Pelipper|38/100|[from] item: Life Orb
|
|-weather|RainDance|[upkeep]
|-heal|p2a: Archaludon|86/100|[from] item: Leftovers
|upkeep
|
|t:|1782439452
|switch|p1a: Ampharos|Ampharos, L50, F|100/100
|turn|4
|inactive|pokeplaygg has 30 seconds left.
|inactive|pokeplaygg has 20 seconds left.
|
|t:|1782439492
|detailschange|p1a: Ampharos|Ampharos-Mega, L50, F
|-mega|p1a: Ampharos|Ampharos|Ampharosite
|-ability|p1a: Ampharos|Mold Breaker
|move|p1a: Ampharos|Focus Blast|p2a: Archaludon|[miss]
|-miss|p1a: Ampharos|p2a: Archaludon
|move|p1b: Sneasler|Dire Claw|p2b: Pelipper|[miss]
|-miss|p1b: Sneasler|p2b: Pelipper
|move|p2b: Pelipper|Muddy Water|p1b: Sneasler|[spread] p1a,p1b
|-resisted|p1a: Ampharos|1
|-damage|p1a: Ampharos|77/100
|-damage|p1b: Sneasler|0 fnt
|faint|p1b: Sneasler
|-damage|p2b: Pelipper|28/100|[from] item: Life Orb
|move|p2a: Archaludon|Draco Meteor|p1a: Ampharos
|-supereffective|p1a: Ampharos|1
|-damage|p1a: Ampharos|0 fnt
|-unboost|p2a: Archaludon|spa|2
|faint|p1a: Ampharos
|
|-weather|RainDance|[upkeep]
|-heal|p2a: Archaludon|92/100|[from] item: Leftovers
|upkeep
|
|t:|1782439498
|switch|p1b: Torkoal|Torkoal, L50, F|100/100
|-weather|SunnyDay|[from] ability: Drought|[of] p1b: Torkoal
|turn|5
|
|t:|1782439508
|switch|p2b: Venusaur|Venusaur, L50, M|82/100
|move|p2a: Archaludon|Protect|p2a: Archaludon
|-singleturn|p2a: Archaludon|Protect
|move|p1b: Torkoal|Eruption|p2b: Venusaur|[spread] p2b
|-activate|p2a: Archaludon|move: Protect
|-supereffective|p2b: Venusaur|1
|-damage|p2b: Venusaur|0 fnt
|faint|p2b: Venusaur
|
|-weather|SunnyDay|[upkeep]
|-heal|p2a: Archaludon|98/100|[from] item: Leftovers
|-fieldend|move: Trick Room
|upkeep
|
|t:|1782439510
|switch|p2b: Pelipper|Pelipper, L50, F|28/100
|-weather|RainDance|[from] ability: Drizzle|[of] p2b: Pelipper
|turn|6
|
|t:|1782439514
|move|p2a: Archaludon|Electro Shot||[still]
|-prepare|p2a: Archaludon|Electro Shot
|-boost|p2a: Archaludon|spa|1
|-anim|p2a: Archaludon|Electro Shot|p1b: Torkoal
|-damage|p1b: Torkoal|56/100
|move|p2b: Pelipper|Muddy Water|p1b: Torkoal
|-supereffective|p1b: Torkoal|1
|-damage|p1b: Torkoal|0 fnt
|faint|p1b: Torkoal
|-damage|p2b: Pelipper|19/100|[from] item: Life Orb
|
|win|pokeplaygg
