|j|☆Urkin' Pincurchin
|j|☆Bellbottoms
|html|Urkin' PincurchinBellbottoms    
|uhtml|bestof|Game 2 of a best-of-3
|t:|1756689036
|gametype|doubles
|player|p1|Urkin' Pincurchin|fisherman-gen4|1361
|player|p2|Bellbottoms|pokemonbreederf-gen4|1324
|gen|9
|tier|[Gen 9] VGC 2025 Reg H (Bo3)
|rated|
|rule|Species Clause: Limit one of each Pokémon
|rule|Item Clause: Limit 1 of each item
|clearpoke
|poke|p1|Dragonite, L50, M|
|poke|p1|Rillaboom, L50, M|
|poke|p1|Maushold-Four, L50|
|poke|p1|Annihilape, L50, M|
|poke|p1|Gholdengo, L50|
|poke|p1|Ursaluna-Bloodmoon, L50, M|
|poke|p2|Gholdengo, L50|
|poke|p2|Rillaboom, L50, M|
|poke|p2|Arcanine-Hisui, L50, F|
|poke|p2|Sneasler, L50, M|
|poke|p2|Dragonite, L50, F|
|poke|p2|Ninetales-Alola, L50, M|
|teampreview|4
|showteam|p1|Dragonite||LoadedDice|Multiscale|ScaleShot,Tailwind,Protect,Haze|||M|||50|,,,,,Fairy]Rillaboom||MiracleSeed|GrassySurge|WoodHammer,GrassyGlide,HighHorsepower,FakeOut|||M|||50|,,,,,Fire]Maushold-Four||FocusSash|FriendGuard|SuperFang,BeatUp,Protect,FollowMe||||||50|,,,,,Ghost]Annihilape||SitrusBerry|Defiant|RageFist,DrainPunch,BulkUp,Protect|||M|||50|,,,,,Fire]Gholdengo||LifeOrb|GoodasGold|MakeItRain,ShadowBall,Protect,NastyPlot||||||50|,,,,,Water]Ursaluna-Bloodmoon||AssaultVest|MindsEye|BloodMoon,EarthPower,HyperVoice,VacuumWave|||M|||50|,,,,,Water
|showteam|p2|Gholdengo||GrassySeed|GoodasGold|MakeItRain,NastyPlot,ShadowBall,Protect||||||50|,,,,,Water]Rillaboom||AssaultVest|GrassySurge|WoodHammer,GrassyGlide,FakeOut,Uturn|||M|||50|,,,,,Fire]Arcanine-Hisui||ClearAmulet|Intimidate|RockSlide,FlareBlitz,ExtremeSpeed,Protect|||F|||50|,,,,,Water]Sneasler||FocusSash|Unburden|CloseCombat,DireClaw,Coaching,Protect|||M|||50|,,,,,Stellar]Dragonite||LoadedDice|Multiscale|ScaleShot,StompingTantrum,Protect,Tailwind|||F|||50|,,,,,Ground]Ninetales-Alola||CovertCloak|SnowWarning|Blizzard,IcyWind,AuroraVeil,Encore|||M|||50|,,,,,Ice
|inactive|Battle timer is ON: inactive players will automatically lose when time's up. (requested by Urkin' Pincurchin)
|inactive|Urkin' Pincurchin has 60 seconds left.
|
|t:|1756689077
|teamsize|p1|4
|teamsize|p2|4
|start
|switch|p1a: Maushold|Maushold-Four, L50|100/100
|switch|p1b: Annihilape|Annihilape, L50, M|100/100
|switch|p2a: Rocky Road|Sneasler, L50, M|100/100
|switch|p2b: BrewingStorm|Dragonite, L50, F|100/100
|turn|1
|
|t:|1756689088
|move|p1a: Maushold|Protect|p1a: Maushold
|-singleturn|p1a: Maushold|Protect
|move|p2a: Rocky Road|Coaching|p2b: BrewingStorm
|-boost|p2b: BrewingStorm|atk|1
|-boost|p2b: BrewingStorm|def|1
|move|p1b: Annihilape|Bulk Up|p1b: Annihilape
|-boost|p1b: Annihilape|atk|1
|-boost|p1b: Annihilape|def|1
|move|p2b: BrewingStorm|Scale Shot|p1a: Maushold
|-activate|p1a: Maushold|move: Protect
|
|upkeep
|turn|2
|
|t:|1756689114
|move|p2a: Rocky Road|Coaching|p2b: BrewingStorm
|-boost|p2b: BrewingStorm|atk|1
|-boost|p2b: BrewingStorm|def|1
|move|p1a: Maushold|Beat Up|p1b: Annihilape
|-damage|p1b: Annihilape|99/100
|-damage|p1b: Annihilape|98/100
|-damage|p1b: Annihilape|97/100
|-damage|p1b: Annihilape|95/100
|-hitcount|p1b: Annihilape|4
|move|p1b: Annihilape|Rage Fist|p2b: BrewingStorm
|-damage|p2b: BrewingStorm|64/100
|move|p2b: BrewingStorm|Scale Shot|p1a: Maushold
|-damage|p1a: Maushold|61/100
|-damage|p1a: Maushold|26/100
|-damage|p1a: Maushold|0 fnt
|faint|p1a: Maushold
|-hitcount|p1: Maushold|3
|-unboost|p2b: BrewingStorm|def|1
|-boost|p2b: BrewingStorm|spe|1
|
|upkeep
|
|t:|1756689128
|switch|p1a: Dragonite|Dragonite, L50, M|100/100
|turn|3
|
|t:|1756689148
|-terastallize|p1a: Dragonite|Fairy
|move|p2b: BrewingStorm|Tailwind|p2b: BrewingStorm
|-sidestart|p2: Bellbottoms|move: Tailwind
|move|p2a: Rocky Road|Dire Claw|p1a: Dragonite
|-supereffective|p1a: Dragonite
|-damage|p1a: Dragonite|57/100
|move|p1b: Annihilape|Rage Fist|p2b: BrewingStorm
|-damage|p2b: BrewingStorm|0 fnt
|faint|p2b: BrewingStorm
|move|p1a: Dragonite|Scale Shot|p2a: Rocky Road
|-damage|p2a: Rocky Road|73/100
|-damage|p2a: Rocky Road|46/100
|-damage|p2a: Rocky Road|20/100
|-damage|p2a: Rocky Road|0 fnt
|faint|p2a: Rocky Road
|-hitcount|p2: Rocky Road|4
|-unboost|p1a: Dragonite|def|1
|-boost|p1a: Dragonite|spe|1
|
|upkeep
|
|t:|1756689152
|switch|p2a: Dearg Doom|Arcanine-Hisui, L50, F|100/100
|switch|p2b: N17|Rillaboom, L50, M|100/100
|-ability|p2a: Dearg Doom|Intimidate|boost
|-unboost|p1a: Dragonite|atk|1
|-unboost|p1b: Annihilape|atk|1
|-ability|p1b: Annihilape|Defiant|boost
|-boost|p1b: Annihilape|atk|2
|-fieldstart|move: Grassy Terrain|[from] ability: Grassy Surge|[of] p2b: N17
|turn|4
|
|t:|1756689176
|move|p1a: Dragonite|Protect|p1a: Dragonite
|-singleturn|p1a: Dragonite|Protect
|move|p2a: Dearg Doom|Flare Blitz|p1b: Annihilape
|-crit|p1b: Annihilape
|-damage|p1b: Annihilape|11/100
|-enditem|p1b: Annihilape|Sitrus Berry|[eat]
|-heal|p1b: Annihilape|36/100|[from] item: Sitrus Berry
|-damage|p2a: Dearg Doom|65/100|[from] Recoil
|move|p2b: N17|Wood Hammer|p1b: Annihilape
|-damage|p1b: Annihilape|0 fnt
|faint|p1b: Annihilape
|-damage|p2b: N17|88/100|[from] Recoil
|
|-heal|p2a: Dearg Doom|71/100|[from] Grassy Terrain
|-heal|p2b: N17|94/100|[from] Grassy Terrain
|-heal|p1a: Dragonite|63/100|[from] Grassy Terrain
|upkeep
|
|t:|1756689183
|switch|p1b: Rillaboom|Rillaboom, L50, M|100/100
|turn|5
|
|t:|1756689200
|move|p2a: Dearg Doom|Extreme Speed|p1a: Dragonite
|-damage|p1a: Dragonite|22/100
|move|p1b: Rillaboom|Grassy Glide|p2a: Dearg Doom
|-damage|p2a: Dearg Doom|11/100
|move|p2b: N17|Wood Hammer|p1a: Dragonite
|-damage|p1a: Dragonite|0 fnt
|faint|p1a: Dragonite
|-damage|p2b: N17|88/100|[from] Recoil
|
|-heal|p2a: Dearg Doom|17/100|[from] Grassy Terrain
|-heal|p2b: N17|94/100|[from] Grassy Terrain
|upkeep
|turn|6
|
|t:|1756689207
|move|p1b: Rillaboom|Grassy Glide|p2a: Dearg Doom
|-damage|p2a: Dearg Doom|0 fnt
|faint|p2a: Dearg Doom
|move|p2b: N17|U-turn|p1b: Rillaboom
|-supereffective|p1b: Rillaboom
|-damage|p1b: Rillaboom|46/100
|
|-heal|p2b: N17|99/100|[from] Grassy Terrain
|-heal|p1b: Rillaboom|52/100|[from] Grassy Terrain
|-sideend|p2: Bellbottoms|move: Tailwind
|upkeep
|turn|7
|
|t:|1756689212
|move|p1b: Rillaboom|Wood Hammer|p2b: N17
|-resisted|p2b: N17
|-damage|p2b: N17|49/100
|-damage|p1b: Rillaboom|32/100|[from] Recoil
|move|p2b: N17|U-turn|p1b: Rillaboom
|-supereffective|p1b: Rillaboom
|-damage|p1b: Rillaboom|0 fnt
|faint|p1b: Rillaboom
|
|win|Bellbottoms
||Urkin' Pincurchin is ready for game 3.
||Bellbottoms is ready for game 3.
|uhtml|next|Next: Game 3 of 3
