|j|☆tin19
|j|☆bartcr0987
|html|tin19bartcr0987    
|uhtml|bestof|Game 1 of a best-of-3
|t:|1783565802
|gametype|doubles
|player|p1|tin19|colress|
|player|p2|bartcr0987|102|
|gen|9
|tier|[Gen 9 Champions] VGC 2026 Reg M-B (Bo3)
|rule|Species Clause: Limit one of each Pokémon
|rule|Item Clause: Limit 1 of each item
|clearpoke
|poke|p1|Archaludon, L50, M, shiny|
|poke|p1|Pelipper, L50, F, shiny|
|poke|p1|Swampert, L50, M, shiny|
|poke|p1|Floette-Eternal, L50, F|
|poke|p1|Meowscarada, L50, M, shiny|
|poke|p1|Farigiraf, L50, F, shiny|
|poke|p2|Charizard, L50, M, shiny|
|poke|p2|Sneasler, L50, M, shiny|
|poke|p2|Floette-Eternal, L50, F|
|poke|p2|Kingambit, L50, F, shiny|
|poke|p2|Basculegion, L50, M|
|poke|p2|Farigiraf, L50, M|
|teampreview|4
|showteam|p1|Archaludon||LifeOrb|Stalwart|DracoMeteor,FlashCannon,ElectroShot,Protect|Modest||M|||50|]Pelipper||DampRock|Drizzle|Tailwind,MuddyWater,Hurricane,Protect|Modest||F|||50|]Swampert||Swampertite|Damp|HighHorsepower,WaveCrash,IcePunch,Protect|Adamant||M|||50|]Floette-Eternal||ChoiceScarf|FlowerVeil|Moonblast,Psychic,LightofRuin,RainDance|Modest||F|||50|]Meowscarada||FocusSash|Protean|FlowerTrick,KnockOff,TripleAxel,Protect|Adamant||M|||50|]Farigiraf||SitrusBerry|ArmorTail|PsychicNoise,HelpingHand,Roar,TrickRoom|Bold||F|||50|
|showteam|p2|Charizard||CharizarditeY|SolarPower|HeatWave,SolarBeam,WeatherBall,Protect|Timid||M|||50|]Sneasler||FocusSash|PoisonTouch|DireClaw,CloseCombat,Protect,FakeOut|Jolly||M|||50|]Floette-Eternal||Floettite|FlowerVeil|Moonblast,DazzlingGleam,LightofRuin,Protect|Modest||F|||50|]Kingambit||BlackGlasses|Defiant|KowtowCleave,SuckerPunch,SwordsDance,Protect|Adamant||F|||50|]Basculegion||ChoiceScarf|Adaptability|LastRespects,WaveCrash,AquaJet,FlipTurn|Jolly||M|||50|]Farigiraf||SitrusBerry|ArmorTail|TrickRoom,FoulPlay,Psychic,RainDance|Bold||M|||50|
|inactive|Battle timer is ON: inactive players will automatically lose when time's up. (requested by tin19)
|inactive|tin19 has 60 seconds left.
|inactive|bartcr0987 has 60 seconds left.
|inactive|tin19 has 30 seconds left.
|
|t:|1783565867
|teamsize|p1|4
|teamsize|p2|4
|start
|switch|p1a: Floette|Floette-Eternal, L50, F|100/100
|switch|p1b: Meowscarada|Meowscarada, L50, M, shiny|100/100
|switch|p2a: Sneasler|Sneasler, L50, M, shiny|100/100
|switch|p2b: Kingambit|Kingambit, L50, F, shiny|100/100
|turn|1
|inactive|tin19 has 30 seconds left.
|inactive|bartcr0987 has 30 seconds left.
|
|t:|1783565896
|move|p1b: Meowscarada|Protect|p1b: Meowscarada
|-start|p1b: Meowscarada|typechange|Normal|[from] ability: Protean
|-singleturn|p1b: Meowscarada|Protect
|move|p1a: Floette|Light of Ruin|p2b: Kingambit|[miss]
|-miss|p1a: Floette|p2b: Kingambit
|move|p2a: Sneasler|Dire Claw|p1b: Meowscarada
|-activate|p1b: Meowscarada|move: Protect
|move|p2b: Kingambit|Swords Dance|p2b: Kingambit
|-boost|p2b: Kingambit|atk|2
|
|upkeep
|turn|2
|inactive|tin19 has 30 seconds left.
|
|t:|1783565926
|move|p1a: Floette|Light of Ruin|p2b: Kingambit
|-damage|p2b: Kingambit|21/100
|-damage|p1a: Floette|46/100|[from] Recoil
|move|p2a: Sneasler|Dire Claw|p1a: Floette
|-supereffective|p1a: Floette|1
|-damage|p1a: Floette|0 fnt
|faint|p1a: Floette
|move|p1b: Meowscarada|Triple Axel|p2a: Sneasler|[miss]
|-miss|p1b: Meowscarada|p2a: Sneasler
|move|p2b: Kingambit|Swords Dance|p2b: Kingambit
|-boost|p2b: Kingambit|atk|2
|
|upkeep
|
|t:|1783565945
|switch|p1a: Pelipper|Pelipper, L50, F, shiny|100/100
|-weather|RainDance|[from] ability: Drizzle|[of] p1a: Pelipper
|turn|3
|
|t:|1783565969
|move|p1b: Meowscarada|Protect|p1b: Meowscarada
|-singleturn|p1b: Meowscarada|Protect
|move|p2b: Kingambit|Sucker Punch||[still]
|-fail|p2b: Kingambit
|move|p2a: Sneasler|Dire Claw|p1b: Meowscarada
|-activate|p1b: Meowscarada|move: Protect
|move|p1a: Pelipper|Muddy Water|p2a: Sneasler|[spread] p2b
|-miss|p1a: Pelipper|p2a: Sneasler
|-damage|p2b: Kingambit|0 fnt
|faint|p2b: Kingambit
|
|-weather|RainDance|[upkeep]
|upkeep
|
|t:|1783565978
|switch|p2b: Charizard|Charizard, L50, M, shiny|100/100
|turn|4
|inactive|tin19 has 30 seconds left.
|
|t:|1783566009
|detailschange|p2b: Charizard|Charizard-Mega-Y, L50, M, shiny
|-mega|p2b: Charizard|Charizard|Charizardite Y
|-weather|SunnyDay|[from] ability: Drought|[of] p2b: Charizard
|move|p2a: Sneasler|Close Combat|p1b: Meowscarada
|-supereffective|p1b: Meowscarada|1
|-enditem|p1b: Meowscarada|Focus Sash
|-damage|p1b: Meowscarada|1/100
|-unboost|p2a: Sneasler|def|1
|-unboost|p2a: Sneasler|spd|1
|move|p1b: Meowscarada|Triple Axel|p2a: Sneasler
|-damage|p2a: Sneasler|83/100
|-damage|p2a: Sneasler|45/100
|-damage|p2a: Sneasler|0 fnt
|faint|p2a: Sneasler
|-hitcount|p2: Sneasler|3
|move|p2b: Charizard|Solar Beam||[still]
|-prepare|p2b: Charizard|Solar Beam
|-anim|p2b: Charizard|Solar Beam|p1a: Pelipper
|-damage|p1a: Pelipper|32/100
|move|p1a: Pelipper|Tailwind|p1a: Pelipper
|-sidestart|p1: tin19|move: Tailwind
|
|-weather|SunnyDay|[upkeep]
|upkeep
|
|t:|1783566019
|switch|p2a: Oscar|Basculegion, L50, M|100/100
|turn|5
|inactive|tin19 has 30 seconds left.
|inactive|bartcr0987 has 30 seconds left.
|
|t:|1783566052
|switch|p1a: Swampert|Swampert, L50, M, shiny|100/100
|move|p1b: Meowscarada|Protect|p1b: Meowscarada
|-singleturn|p1b: Meowscarada|Protect
|move|p2a: Oscar|Last Respects|p1b: Meowscarada
|-activate|p1b: Meowscarada|move: Protect
|move|p2b: Charizard|Solar Beam||[still]
|-prepare|p2b: Charizard|Solar Beam
|-anim|p2b: Charizard|Solar Beam|p1a: Swampert
|-supereffective|p1a: Swampert|2
|-damage|p1a: Swampert|0 fnt
|faint|p1a: Swampert
|
|-weather|SunnyDay|[upkeep]
|upkeep
|
|t:|1783566068
|switch|p1a: Pelipper|Pelipper, L50, F, shiny|32/100
|-weather|RainDance|[from] ability: Drizzle|[of] p1a: Pelipper
|turn|6
|
|t:|1783566081
|move|p1b: Meowscarada|Flower Trick|p2a: Oscar
|-supereffective|p2a: Oscar|1
|-crit|p2a: Oscar
|-damage|p2a: Oscar|6/100
|move|p1a: Pelipper|Muddy Water|p2b: Charizard|[spread] p2a,p2b
|-resisted|p2a: Oscar|1
|-supereffective|p2b: Charizard|1
|-crit|p2b: Charizard
|-damage|p2a: Oscar|0 fnt
|-damage|p2b: Charizard|0 fnt
|faint|p2a: Oscar
|faint|p2b: Charizard
|
|win|tin19
||bartcr0987 is ready for game 2.
|inactive|tin19 has 30 seconds to confirm battle start!
||tin19 is ready for game 2.
|uhtml|next|Next: Game 2 of 3
|l|☆tin19
|player|p1|
