|j|☆clarocojones
|j|☆TobiYume
|html|clarocojonesTobiYume    
|uhtml|bestof|Game 1 of a best-of-3
|t:|1785674095
|gametype|doubles
|player|p1|clarocojones|striker|1312
|player|p2|TobiYume|cheren-gen5bw2|1276
|gen|9
|tier|[Gen 9 Champions] VGC 2026 Reg M-B (Bo3)
|rated|
|rule|Species Clause: Limit one of each Pokémon
|rule|Item Clause: Limit 1 of each item
|clearpoke
|poke|p1|Incineroar, L50, F, shiny|
|poke|p1|Floette-Eternal, L50, F|
|poke|p1|Sinistcha-Masterpiece, L50, shiny|
|poke|p1|Kommo-o, L50, F|
|poke|p1|Kingambit, L50, F, shiny|
|poke|p1|Aerodactyl, L50, M|
|poke|p2|Tyranitar, L50, M|
|poke|p2|Excadrill, L50, F|
|poke|p2|Gholdengo, L50|
|poke|p2|Sinistcha, L50|
|poke|p2|Staraptor, L50, M|
|poke|p2|Milotic, L50, F|
|teampreview|4
|showteam|p1|Incineroar||SitrusBerry|Intimidate|FakeOut,PartingShot,HelpingHand,FlareBlitz|Careful||F|||50|]Floette-Eternal||Floettite|FlowerVeil|Moonblast,DazzlingGleam,CalmMind,Protect|Modest||F|||50|]Sinistcha-Masterpiece||ColburBerry|Hospitality|MatchaGotcha,LifeDew,RagePowder,TrickRoom|Bold|||||50|]Kommo-o||Leftovers|Overcoat|ClangingScales,AuraSphere,ClangorousSoul,Protect|Modest||F|||50|]Kingambit||FocusSash|Defiant|KowtowCleave,SuckerPunch,IronHead,Protect|Adamant||F|||50|]Aerodactyl||Aerodactylite|Unnerve|Protect,RockSlide,Tailwind,DualWingbeat|Jolly||M|||50|
|showteam|p2|Tyranitar||Tyranitarite|SandStream|RockSlide,KnockOff,LowKick,Protect|Jolly||M|||50|]Excadrill||FocusSash|SandRush|IronHead,HighHorsepower,RockSlide,Protect|Adamant||F|||50|]Gholdengo||LifeOrb|GoodasGold|ShadowBall,MakeItRain,NastyPlot,Protect|Modest|||||50|]Sinistcha||KasibBerry|Hospitality|MatchaGotcha,RagePowder,TrickRoom,Protect|Bold|||||50|]Staraptor||Staraptite|Intimidate|BraveBird,CloseCombat,Tailwind,Protect|Jolly||M|||50|]Milotic||Leftovers|Competitive|Scald,Haze,IcyWind,Protect|Modest||F|||50|
|inactive|Battle timer is ON: inactive players will automatically lose when time's up. (requested by clarocojones)
|inactive|TobiYume has 60 seconds left.
|
|t:|1785674164
|teamsize|p1|4
|teamsize|p2|4
|start
|switch|p1a: Aerodactyl|Aerodactyl, L50, M|100/100
|switch|p1b: Felicidad|Floette-Eternal, L50, F|100/100
|switch|p2a: Milotic|Milotic, L50, F|100/100
|switch|p2b: Tyranitar|Tyranitar, L50, M|100/100
|-ability|p1a: Aerodactyl|Unnerve
|-weather|Sandstorm|[from] ability: Sand Stream|[of] p2b: Tyranitar
|turn|1
|
|t:|1785674180
|detailschange|p1b: Felicidad|Floette-Mega, L50, F
|-mega|p1b: Felicidad|Floette|Floettite
|-ability|p1b: Felicidad|Fairy Aura
|move|p2b: Tyranitar|Protect|p2b: Tyranitar
|-singleturn|p2b: Tyranitar|Protect
|move|p1a: Aerodactyl|Tailwind|p1a: Aerodactyl
|-sidestart|p1: clarocojones|move: Tailwind
|move|p1b: Felicidad|Dazzling Gleam|p2a: Milotic|[spread] p2a
|-activate|p2b: Tyranitar|move: Protect
|-crit|p2a: Milotic
|-damage|p2a: Milotic|52/100
|move|p2a: Milotic|Icy Wind|p1a: Aerodactyl|[spread] p1a,p1b
|-supereffective|p1a: Aerodactyl|1
|-crit|p1a: Aerodactyl
|-damage|p1a: Aerodactyl|69/100
|-damage|p1b: Felicidad|92/100
|-unboost|p1a: Aerodactyl|spe|1
|-unboost|p1b: Felicidad|spe|1
|
|-weather|Sandstorm|[upkeep]
|-damage|p1b: Felicidad|86/100|[from] Sandstorm
|-damage|p2a: Milotic|46/100|[from] Sandstorm
|-heal|p2a: Milotic|52/100|[from] item: Leftovers
|upkeep
|turn|2
|inactive|clarocojones has 30 seconds left.
|
|t:|1785674206
|switch|p2b: Sinistcha|Sinistcha, L50|100/100
|-heal|p2a: Milotic|77/100|[from] ability: Hospitality|[of] p2b: Sinistcha
|move|p1a: Aerodactyl|Rock Slide|p2a: Milotic|[spread] p2a
|-miss|p1a: Aerodactyl|p2b: Sinistcha
|-damage|p2a: Milotic|54/100
|move|p1b: Felicidad|Moonblast|p2a: Milotic
|-damage|p2a: Milotic|6/100
|move|p2a: Milotic|Scald|p1b: Felicidad
|-damage|p1b: Felicidad|64/100
|
|-weather|Sandstorm|[upkeep]
|-damage|p1b: Felicidad|58/100|[from] Sandstorm
|-damage|p2a: Milotic|1/100|[from] Sandstorm
|-damage|p2b: Sinistcha|94/100|[from] Sandstorm
|-heal|p2a: Milotic|6/100|[from] item: Leftovers
|upkeep
|turn|3
|inactive|TobiYume has 30 seconds left.
|
|t:|1785674236
|move|p2a: Milotic|Protect|p2a: Milotic
|-singleturn|p2a: Milotic|Protect
|move|p1a: Aerodactyl|Dual Wingbeat|p2b: Sinistcha
|-supereffective|p2b: Sinistcha|1
|-damage|p2b: Sinistcha|69/100
|-supereffective|p2b: Sinistcha|1
|-damage|p2b: Sinistcha|44/100
|-hitcount|p2b: Sinistcha|2
|move|p1b: Felicidad|Dazzling Gleam|p2b: Sinistcha|[spread] p2b
|-activate|p2a: Milotic|move: Protect
|-damage|p2b: Sinistcha|0 fnt
|faint|p2b: Sinistcha
|
|-weather|Sandstorm|[upkeep]
|-damage|p1b: Felicidad|51/100|[from] Sandstorm
|-damage|p2a: Milotic|1/100|[from] Sandstorm
|-heal|p2a: Milotic|6/100|[from] item: Leftovers
|upkeep
|
|t:|1785674249
|switch|p2b: Tyranitar|Tyranitar, L50, M|100/100
|turn|4
|
|t:|1785674262
|detailschange|p2b: Tyranitar|Tyranitar-Mega, L50, M
|-mega|p2b: Tyranitar|Tyranitar|Tyranitarite
|move|p1a: Aerodactyl|Rock Slide|p2a: Milotic|[spread] p2a
|-miss|p1a: Aerodactyl|p2b: Tyranitar
|-damage|p2a: Milotic|0 fnt
|faint|p2a: Milotic
|move|p1b: Felicidad|Dazzling Gleam|p2b: Tyranitar
|-supereffective|p2b: Tyranitar|1
|-damage|p2b: Tyranitar|33/100
|move|p2b: Tyranitar|Rock Slide|p1a: Aerodactyl|[spread] p1a,p1b
|-supereffective|p1a: Aerodactyl|1
|-damage|p1a: Aerodactyl|0 fnt
|-damage|p1b: Felicidad|22/100
|faint|p1a: Aerodactyl
|
|-weather|Sandstorm|[upkeep]
|-damage|p1b: Felicidad|16/100|[from] Sandstorm
|-sideend|p1: clarocojones|move: Tailwind
|upkeep
|
|t:|1785674274
|switch|p1a: Friends Take|Incineroar, L50, F, shiny|100/100
|switch|p2a: Staraptor|Staraptor, L50, M|100/100
|-ability|p2a: Staraptor|Intimidate|boost
|-unboost|p1a: Friends Take|atk|1
|-unboost|p1b: Felicidad|atk|1
|-ability|p1a: Friends Take|Intimidate|boost
|-unboost|p2a: Staraptor|atk|1
|-unboost|p2b: Tyranitar|atk|1
|turn|5
|
|t:|1785674290
|switch|p1b: Kommo-o|Kommo-o, L50, F|100/100
|move|p2a: Staraptor|Protect|p2a: Staraptor
|-singleturn|p2a: Staraptor|Protect
|move|p2b: Tyranitar|Protect|p2b: Tyranitar
|-singleturn|p2b: Tyranitar|Protect
|move|p1a: Friends Take|Fake Out|p2a: Staraptor
|-activate|p2a: Staraptor|move: Protect
|
|-weather|none
|upkeep
|turn|6
|
|t:|1785674310
|move|p2a: Staraptor|Brave Bird|p1b: Kommo-o
|-supereffective|p1b: Kommo-o|1
|-damage|p1b: Kommo-o|32/100
|-damage|p2a: Staraptor|80/100|[from] Recoil
|move|p1b: Kommo-o|Aura Sphere|p2b: Tyranitar
|-supereffective|p2b: Tyranitar|2
|-damage|p2b: Tyranitar|0 fnt
|faint|p2b: Tyranitar
|move|p1a: Friends Take|Parting Shot|p2a: Staraptor
|-unboost|p2a: Staraptor|atk|1
|-unboost|p2a: Staraptor|spa|1
|
|t:|1785674320
|switch|p1a: Felicidad|Floette-Mega, L50, F|16/100|[from] Parting Shot
|-ability|p1a: Felicidad|Fairy Aura
|
|-heal|p1b: Kommo-o|38/100|[from] item: Leftovers
|upkeep
|turn|7
|-message|TobiYume forfeited.
|
|win|clarocojones
||TobiYume is ready for game 2.
||clarocojones is ready for game 2.
|uhtml|next|Next: Game 2 of 3
