|j|☆Myshirtisdirty
|j|☆ace.bnz
|html|Myshirtisdirtyace.bnz    
|uhtml|bestof|Game 1 of a best-of-3
|t:|1756636935
|gametype|doubles
|player|p1|Myshirtisdirty|170|1049
|player|p2|ace.bnz|alec-anime|1000
|gen|9
|tier|[Gen 9] VGC 2025 Reg H (Bo3)
|rated|
|rule|Species Clause: Limit one of each Pokémon
|rule|Item Clause: Limit 1 of each item
|clearpoke
|poke|p1|Indeedee, L50, M|
|poke|p1|Sneasler, L50, F|
|poke|p1|Incineroar, L50, M|
|poke|p1|Milotic, L50, F|
|poke|p1|Ninetales-Alola, L50, M|
|poke|p1|Garchomp, L50, F|
|poke|p2|Charizard, L50, F|
|poke|p2|Torkoal, L50, M|
|poke|p2|Porygon2, L50|
|poke|p2|Incineroar, L50, M|
|poke|p2|Jumpluff, L50, F|
|poke|p2|Ursaluna, L50, F|
|teampreview|4
|showteam|p1|Indeedee||FocusSash|PsychicSurge|ExpandingForce,TeraBlast,TrickRoom,Protect|||M|||50|,,,,,Fairy]Sneasler||PsychicSeed|Unburden|Protect,CloseCombat,DireClaw,ThroatChop|||F|||50|,,,,,Dark]Incineroar||AssaultVest|Intimidate|FakeOut,FlareBlitz,KnockOff,Uturn|||M|||50|,,,,,Ghost]Milotic||SitrusBerry|Competitive|Scald,LifeDew,Haze,Protect|||F|||50|,,,,,Grass]Ninetales-Alola||NeverMeltIce|SnowWarning|AuroraVeil,FreezeDry,Blizzard,Protect|||M|||50|,,,,,Fire]Garchomp||LifeOrb|RoughSkin|DragonClaw,Earthquake,StompingTantrum,Protect|||F|||50|,,,,,Fairy
|showteam|p2|Charizard||ChoiceSpecs|SolarPower|HeatWave,Overheat,WeatherBall,AirSlash|||F|||50|,,,,,Ghost]Torkoal||EjectPack|Drought|Eruption,Overheat,HelpingHand,Protect|||M|||50|,,,,,Fire]Porygon2||Eviolite|Download|IceBeam,TeraBlast,TrickRoom,Recover||||||50|,,,,,Fighting]Incineroar||SitrusBerry|Intimidate|FlareBlitz,KnockOff,FakeOut,PartingShot|||M|||50|,,,,,Ghost]Jumpluff||CovertCloak|Chlorophyll|SleepPowder,SunnyDay,RagePowder,Tailwind|||F|||50|,,,,,Water]Ursaluna||FlameOrb|Guts|HeadlongRush,Facade,Earthquake,Protect|||F|||50|,,,,,Ghost
|inactive|Battle timer is ON: inactive players will automatically lose when time's up. (requested by ace.bnz)
|
|t:|1756636965
|teamsize|p1|4
|teamsize|p2|4
|start
|switch|p1a: Indeedee|Indeedee, L50, M|100/100
|switch|p1b: Sneasler|Sneasler, L50, F|100/100
|switch|p2a: Torkoal|Torkoal, L50, M|100/100
|switch|p2b: Jumpluff|Jumpluff, L50, F|100/100
|-fieldstart|move: Psychic Terrain|[from] ability: Psychic Surge|[of] p1a: Indeedee
|-enditem|p1b: Sneasler|Psychic Seed
|-boost|p1b: Sneasler|spd|1|[from] item: Psychic Seed
|-weather|SunnyDay|[from] ability: Drought|[of] p2a: Torkoal
|turn|1
|inactive|Myshirtisdirty has 30 seconds left.
|inactive|ace.bnz has 30 seconds left.
|inactive|Myshirtisdirty has 20 seconds left.
|inactive|Myshirtisdirty has 15 seconds left.
|inactive|Myshirtisdirty has 10 seconds left.
|
|t:|1756637014
|-terastallize|p2b: Jumpluff|Water
|move|p1b: Sneasler|Dire Claw|p2a: Torkoal
|-damage|p2a: Torkoal|65/100
|-status|p2a: Torkoal|slp
|move|p2b: Jumpluff|Tailwind|p2b: Jumpluff
|-sidestart|p2: ace.bnz|move: Tailwind
|move|p1a: Indeedee|Expanding Force|p2a: Torkoal|[spread] p2a,p2b
|-damage|p2a: Torkoal|0 fnt
|-damage|p2b: Jumpluff|41/100
|faint|p2a: Torkoal
|
|-weather|SunnyDay|[upkeep]
|upkeep
|
|t:|1756637022
|switch|p2a: Charizard|Charizard, L50, F|100/100
|turn|2
|
|t:|1756637041
|move|p1b: Sneasler|Protect|p1b: Sneasler
|-singleturn|p1b: Sneasler|Protect
|move|p2b: Jumpluff|Sleep Powder|p1b: Sneasler
|-activate|p1b: Sneasler|move: Protect
|move|p2a: Charizard|Heat Wave|p1b: Sneasler|[spread] 
|-activate|p1b: Sneasler|move: Protect
|-miss|p2a: Charizard|p1a: Indeedee
|move|p1a: Indeedee|Trick Room|p1a: Indeedee
|-fieldstart|move: Trick Room|[of] p1a: Indeedee
|
|-weather|SunnyDay|[upkeep]
|-damage|p2a: Charizard|88/100|[from] ability: Solar Power|[of] p2a: Charizard
|upkeep
|turn|3
|inactive|Myshirtisdirty has 30 seconds left.
|l|☆Myshirtisdirty
|inactive|Myshirtisdirty disconnected and has a minute to reconnect!
|player|p1|
|inactive|Myshirtisdirty has 20 seconds left.
|j|☆Myshirtisdirty
|inactive|Myshirtisdirty reconnected and has 20 seconds left.
|player|p1|Myshirtisdirty|170|
|inactive|Myshirtisdirty has 15 seconds left.
|inactive|Myshirtisdirty has 10 seconds left.
|
|t:|1756637090
|move|p2b: Jumpluff|Rage Powder|p2b: Jumpluff
|-singleturn|p2b: Jumpluff|move: Rage Powder
|move|p1a: Indeedee|Expanding Force|p2b: Jumpluff|[spread] p2a,p2b
|-damage|p2a: Charizard|15/100
|-damage|p2b: Jumpluff|0 fnt
|faint|p2b: Jumpluff
|move|p2a: Charizard|Heat Wave|p1a: Indeedee|[spread] p1a,p1b
|-crit|p1b: Sneasler
|-enditem|p1a: Indeedee|Focus Sash
|-damage|p1a: Indeedee|1/100
|-damage|p1b: Sneasler|0 fnt
|faint|p1b: Sneasler
|
|-weather|SunnyDay|[upkeep]
|-damage|p2a: Charizard|2/100|[from] ability: Solar Power|[of] p2a: Charizard
|upkeep
|
|t:|1756637103
|switch|p2b: Porygon2|Porygon2, L50|100/100
|switch|p1b: Garchomp|Garchomp, L50, F|100/100
|-ability|p2b: Porygon2|Download|boost
|-boost|p2b: Porygon2|atk|1
|turn|4
|
|t:|1756637125
|move|p1a: Indeedee|Expanding Force|p2b: Porygon2|[spread] p2a,p2b
|-damage|p2a: Charizard|0 fnt
|-damage|p2b: Porygon2|70/100
|faint|p2a: Charizard
|move|p2b: Porygon2|Ice Beam|p1b: Garchomp
|-supereffective|p1b: Garchomp
|-damage|p1b: Garchomp|0 fnt
|faint|p1b: Garchomp
|
|-weather|SunnyDay|[upkeep]
|-sideend|p2: ace.bnz|move: Tailwind
|upkeep
|
|t:|1756637132
|switch|p1b: Ninetales|Ninetales-Alola, L50, M|100/100
|-weather|Snowscape|[from] ability: Snow Warning|[of] p1b: Ninetales
|turn|5
|
|t:|1756637142
|move|p1a: Indeedee|Protect|p1a: Indeedee
|-singleturn|p1a: Indeedee|Protect
|move|p2b: Porygon2|Tera Blast|p1a: Indeedee
|-activate|p1a: Indeedee|move: Protect
|move|p1b: Ninetales|Blizzard|p2b: Porygon2
|-damage|p2b: Porygon2|36/100
|
|-weather|Snowscape|[upkeep]
|-fieldend|move: Psychic Terrain
|upkeep
|turn|6
|
|t:|1756637158
|move|p2b: Porygon2|Tera Blast|p1b: Ninetales
|-damage|p1b: Ninetales|52/100
|move|p1a: Indeedee|Expanding Force|p2b: Porygon2
|-damage|p2b: Porygon2|14/100
|move|p1b: Ninetales|Aurora Veil|p1b: Ninetales
|-sidestart|p1: Myshirtisdirty|move: Aurora Veil
|
|-weather|Snowscape|[upkeep]
|-fieldend|move: Trick Room
|upkeep
|turn|7
|
|t:|1756637167
|move|p1b: Ninetales|Blizzard|p2b: Porygon2
|-damage|p2b: Porygon2|0 fnt
|faint|p2b: Porygon2
|
|win|Myshirtisdirty
||ace.bnz is ready for game 2.
||Myshirtisdirty is ready for game 2.
|uhtml|next|Next: Game 2 of 3
|l|☆Myshirtisdirty
|player|p1|
