|j|☆safercer3
|j|☆ttsui234
|html|safercer3ttsui234    
|uhtml|bestof|Game 1 of a best-of-3
|t:|1785177931
|gametype|doubles
|player|p1|safercer3|266|1067
|player|p2|ttsui234|1|1000
|gen|9
|tier|[Gen 9 Champions] VGC 2026 Reg M-B (Bo3)
|rated|
|rule|Species Clause: Limit one of each Pokémon
|rule|Item Clause: Limit 1 of each item
|clearpoke
|poke|p1|Sinistcha, L50|
|poke|p1|Raichu, L50, M|
|poke|p1|Garchomp, L50, F|
|poke|p1|Tyranitar, L50, F, shiny|
|poke|p1|Sylveon, L50, F, shiny|
|poke|p1|Corviknight, L50, F, shiny|
|poke|p2|Staraptor, L50, F|
|poke|p2|Garchomp, L50, F|
|poke|p2|Whimsicott, L50, M|
|poke|p2|Delphox, L50, M, shiny|
|poke|p2|Glimmora, L50, F|
|poke|p2|Kingambit, L50, M, shiny|
|teampreview|4
|showteam|p1|Sinistcha||KasibBerry|Hospitality|MatchaGotcha,RagePowder,ShadowBall,Protect|Modest|||||50|]Raichu||RaichuniteY|LightningRod|ZapCannon,FocusBlast,FakeOut,Protect|Timid||M|||50|]Garchomp||SitrusBerry|RoughSkin|StompingTantrum,DragonClaw,Protect,RockSlide|Adamant||F|||50|]Tyranitar||FocusSash|SandStream|RockSlide,KnockOff,Superpower,Protect|Adamant||F|||50|]Sylveon||FairyFeather|Pixilate|HyperVoice,QuickAttack,Yawn,Detect|Modest||F|||50|]Corviknight||Leftovers|MirrorArmor|IronHead,Tailwind,BraveBird,Protect|Adamant||F|||50|
|showteam|p2|Staraptor||Staraptite|Intimidate|Protect,Roost,CloseCombat,BraveBird|Jolly||F|||50|]Garchomp||LifeOrb|RoughSkin|Protect,RockSlide,Earthquake,DragonClaw|Jolly||F|||50|]Whimsicott||OccaBerry|Prankster|Moonblast,Tailwind,Charm,LightScreen|Timid||M|||50|]Delphox||Delphoxite|Blaze|HeatWave,Psychic,Substitute,Protect|Modest||M|||50|]Glimmora||FocusSash|ToxicDebris|SpikyShield,EarthPower,PowerGem,SludgeBomb|Timid||F|||50|]Kingambit||ChopleBerry|Defiant|KowtowCleave,IronHead,SuckerPunch,LowKick|Adamant||M|||50|
|
|t:|1785177992
|teamsize|p1|4
|teamsize|p2|4
|start
|switch|p1a: Raichu|Raichu, L50, M|100/100
|switch|p1b: Sylveon|Sylveon, L50, F, shiny|100/100
|switch|p2a: Garchomp|Garchomp, L50, F|100/100
|switch|p2b: Whimsicott|Whimsicott, L50, M|100/100
|turn|1
|
|t:|1785178007
|detailschange|p1a: Raichu|Raichu-Mega-Y, L50, M
|-mega|p1a: Raichu|Raichu|Raichunite Y
|move|p2a: Garchomp|Protect|p2a: Garchomp
|-singleturn|p2a: Garchomp|Protect
|move|p1a: Raichu|Fake Out|p2a: Garchomp
|-activate|p2a: Garchomp|move: Protect
|move|p2b: Whimsicott|Light Screen|p2b: Whimsicott
|-sidestart|p2: ttsui234|move: Light Screen
|move|p1b: Sylveon|Hyper Voice|p2a: Garchomp|[spread] p2b
|-activate|p2a: Garchomp|move: Protect
|-damage|p2b: Whimsicott|62/100
|
|upkeep
|turn|2
|
|t:|1785178038
|switch|p2b: Staraptor|Staraptor, L50, F|100/100
|-ability|p2b: Staraptor|Intimidate|boost
|-unboost|p1a: Raichu|atk|1
|-unboost|p1b: Sylveon|atk|1
|move|p1a: Raichu|Protect|p1a: Raichu
|-singleturn|p1a: Raichu|Protect
|move|p2a: Garchomp|Earthquake|p1b: Sylveon|[spread] p1b
|-activate|p1a: Raichu|move: Protect
|-immune|p2b: Staraptor
|-damage|p1b: Sylveon|45/100
|-damage|p2a: Garchomp|90/100|[from] item: Life Orb
|move|p1b: Sylveon|Yawn|p2b: Staraptor
|-start|p2b: Staraptor|move: Yawn|[of] p1b: Sylveon
|
|upkeep
|turn|3
|
|t:|1785178069
|switch|p1a: Garchomp|Garchomp, L50, F|100/100
|switch|p2b: Whimsicott|Whimsicott, L50, M|62/100
|move|p1b: Sylveon|Detect|p1b: Sylveon
|-singleturn|p1b: Sylveon|Protect
|move|p2a: Garchomp|Earthquake|p1a: Garchomp|[spread] p2b,p1a
|-activate|p1b: Sylveon|move: Protect
|-resisted|p2b: Whimsicott|1
|-damage|p2b: Whimsicott|32/100
|-damage|p1a: Garchomp|59/100
|-damage|p2a: Garchomp|80/100|[from] item: Life Orb
|
|upkeep
|turn|4
|
|t:|1785178088
|move|p2b: Whimsicott|Tailwind|p2b: Whimsicott
|-sidestart|p2: ttsui234|move: Tailwind
|move|p1b: Sylveon|Quick Attack|p2a: Garchomp
|-supereffective|p2a: Garchomp|1
|-damage|p2a: Garchomp|64/100
|-damage|p1b: Sylveon|33/100|[from] ability: Rough Skin|[of] p2a: Garchomp
|move|p2a: Garchomp|Dragon Claw|p1a: Garchomp
|-supereffective|p1a: Garchomp|1
|-damage|p1a: Garchomp|0 fnt
|-damage|p2a: Garchomp|51/100|[from] ability: Rough Skin|[of] p1a: Garchomp
|faint|p1a: Garchomp
|-damage|p2a: Garchomp|42/100|[from] item: Life Orb
|
|upkeep
|
|t:|1785178101
|switch|p1a: Tyranitar|Tyranitar, L50, F, shiny|100/100
|-weather|Sandstorm|[from] ability: Sand Stream|[of] p1a: Tyranitar
|turn|5
|
|t:|1785178112
|move|p2b: Whimsicott|Moonblast|p1a: Tyranitar
|-supereffective|p1a: Tyranitar|1
|-damage|p1a: Tyranitar|62/100
|move|p2a: Garchomp|Earthquake|p1a: Tyranitar|[spread] p2b,p1a,p1b
|-resisted|p2b: Whimsicott|1
|-supereffective|p1a: Tyranitar|1
|-damage|p2b: Whimsicott|3/100
|-damage|p1a: Tyranitar|0 fnt
|-damage|p1b: Sylveon|0 fnt
|faint|p1a: Tyranitar
|faint|p1b: Sylveon
|-damage|p2a: Garchomp|32/100|[from] item: Life Orb
|
|-weather|Sandstorm|[upkeep]
|-damage|p2b: Whimsicott|0 fnt|[from] Sandstorm
|faint|p2b: Whimsicott
|-sideend|p2: ttsui234|move: Light Screen
|upkeep
|
|t:|1785178126
|switch|p2b: Staraptor|Staraptor, L50, F|100/100
|switch|p1b: Raichu|Raichu-Mega-Y, L50, M|100/100
|-ability|p2b: Staraptor|Intimidate|boost
|-unboost|p1b: Raichu|atk|1
|turn|6
|
|t:|1785178133
|detailschange|p2b: Staraptor|Staraptor-Mega, L50, F
|-mega|p2b: Staraptor|Staraptor|Staraptite
|move|p2b: Staraptor|Close Combat|p1b: Raichu
|-damage|p1b: Raichu|0 fnt
|-boost|p2b: Staraptor|def|1
|-boost|p2b: Staraptor|spd|1
|faint|p1b: Raichu
|
|win|ttsui234
||ttsui234 is ready for game 2.
||safercer3 is ready for game 2.
|uhtml|next|Next: Game 2 of 3
