|j|☆ilovebugs<3
|j|☆BVSelf
|html|ilovebugs<3BVSelf    
|uhtml|bestof|Game 1 of a best-of-3
|t:|1783418507
|gametype|doubles
|player|p1|ilovebugs<3|265|1368
|player|p2|BVSelf|juan|1344
|gen|9
|tier|[Gen 9 Champions] VGC 2026 Reg M-B (Bo3)
|rated|
|rule|Species Clause: Limit one of each Pokémon
|rule|Item Clause: Limit 1 of each item
|clearpoke
|poke|p1|Floette-Eternal, L50, F|
|poke|p1|Glimmora, L50, M|
|poke|p1|Farigiraf, L50, M|
|poke|p1|Whimsicott, L50, F|
|poke|p1|Basculegion, L50, M|
|poke|p1|Incineroar, L50, F|
|poke|p2|Torkoal, L50, M|
|poke|p2|Venusaur, L50, F|
|poke|p2|Farigiraf, L50, M|
|poke|p2|Scrafty, L50, M|
|poke|p2|Mamoswine, L50, M|
|poke|p2|Pyroar, L50, M|
|teampreview|4
|showteam|p1|Floette-Eternal||Floettite|FlowerVeil|Moonblast,DazzlingGleam,CalmMind,Protect|Modest||F|||50|]Glimmora||FocusSash|ToxicDebris|PowerGem,SludgeBomb,EarthPower,SpikyShield|Timid||M|||50|]Farigiraf||ColburBerry|ArmorTail|TwinBeam,Thunderbolt,HelpingHand,TrickRoom|Relaxed||M|||50|]Whimsicott||FairyFeather|Prankster|Moonblast,Encore,Tailwind,Protect|Bold||F|||50|]Basculegion||SitrusBerry|Adaptability|WaveCrash,LastRespects,AquaJet,Protect|Adamant||M|||50|]Incineroar||WhiteHerb|Intimidate|FlareBlitz,ThroatChop,FakeOut,CloseCombat|Brave||F|||50|
|showteam|p2|Torkoal||HeatRock|Drought|Eruption,WeatherBall,HelpingHand,Protect|Quiet||M|||50|]Venusaur||LifeOrb|Chlorophyll|EnergyBall,SludgeBomb,EarthPower,Protect|Modest||F|||50|]Farigiraf||SitrusBerry|ArmorTail|Psychic,Thunderbolt,TrickRoom,Protect|Bold||M|||50|]Scrafty||Scraftinite|Intimidate|KnockOff,DrainPunch,IcePunch,FakeOut|Adamant||M|||50|]Mamoswine||FocusSash|Oblivious|HighHorsepower,RockSlide,IceShard,Protect|Adamant||M|||50|]Pyroar||Pyroarite|Unnerve|HeatWave,Overheat,Yawn,Protect|Timid||M|||50|
|
|t:|1783418543
|teamsize|p1|4
|teamsize|p2|4
|start
|switch|p1a: Farigiraf|Farigiraf, L50, M|100/100
|switch|p1b: Glimmora|Glimmora, L50, M|100/100
|switch|p2a: Venusaur|Venusaur, L50, F|100/100
|switch|p2b: Mamoswine|Mamoswine, L50, M|100/100
|turn|1
|
|t:|1783418576
|move|p1b: Glimmora|Spiky Shield|p1b: Glimmora
|-singleturn|p1b: Glimmora|move: Protect
|move|p2b: Mamoswine|Protect|p2b: Mamoswine
|-singleturn|p2b: Mamoswine|Protect
|move|p2a: Venusaur|Protect|p2a: Venusaur
|-singleturn|p2a: Venusaur|Protect
|move|p1a: Farigiraf|Twin Beam|p2a: Venusaur
|-activate|p2a: Venusaur|move: Protect
|
|upkeep
|turn|2
|
|t:|1783418589
|switch|p2a: Pyroar|Pyroar, L50, M|100/100
|-ability|p2a: Pyroar|Unnerve
|move|p1b: Glimmora|Sludge Bomb|p2a: Pyroar
|-damage|p2a: Pyroar|28/100
|-status|p2a: Pyroar|psn
|move|p2b: Mamoswine|High Horsepower|p1b: Glimmora
|-supereffective|p1b: Glimmora|2
|-enditem|p1b: Glimmora|Focus Sash
|-damage|p1b: Glimmora|1/100
|-activate|p1b: Glimmora|ability: Toxic Debris
|-sidestart|p2: BVSelf|move: Toxic Spikes
|move|p1a: Farigiraf|Twin Beam|p2a: Pyroar
|-damage|p2a: Pyroar|5/100 psn
|-damage|p2a: Pyroar|0 fnt
|faint|p2a: Pyroar
|-hitcount|p2: Pyroar|2
|
|upkeep
|
|t:|1783418604
|switch|p2a: Venusaur|Venusaur, L50, F|100/100
|-sideend|p2: BVSelf|move: Toxic Spikes|[of] p2a: Venusaur
|turn|3
|
|t:|1783418628
|move|p2a: Venusaur|Protect|p2a: Venusaur
|-singleturn|p2a: Venusaur|Protect
|move|p1b: Glimmora|Sludge Bomb|p2a: Venusaur
|-activate|p2a: Venusaur|move: Protect
|move|p2b: Mamoswine|High Horsepower|p1a: Farigiraf
|-damage|p1a: Farigiraf|60/100
|move|p1a: Farigiraf|Twin Beam|p2a: Venusaur
|-activate|p2a: Venusaur|move: Protect
|
|upkeep
|turn|4
|
|t:|1783418653
|switch|p2b: Torkoal|Torkoal, L50, M|100/100
|-weather|SunnyDay|[from] ability: Drought|[of] p2b: Torkoal
|move|p2a: Venusaur|Energy Ball|p1b: Glimmora
|-damage|p1b: Glimmora|0 fnt
|faint|p1b: Glimmora
|-damage|p2a: Venusaur|90/100|[from] item: Life Orb
|move|p1a: Farigiraf|Twin Beam|p2a: Venusaur
|-supereffective|p2a: Venusaur|1
|-damage|p2a: Venusaur|56/100
|-supereffective|p2a: Venusaur|1
|-damage|p2a: Venusaur|24/100
|-hitcount|p2a: Venusaur|2
|
|-weather|SunnyDay|[upkeep]
|upkeep
|
|t:|1783418669
|switch|p1b: Incineroar|Incineroar, L50, F|100/100
|-ability|p1b: Incineroar|Intimidate|boost
|-unboost|p2a: Venusaur|atk|1
|-unboost|p2b: Torkoal|atk|1
|turn|5
|
|t:|1783418689
|move|p2a: Venusaur|Protect|p2a: Venusaur
|-singleturn|p2a: Venusaur|Protect
|move|p2b: Torkoal|Protect|p2b: Torkoal
|-singleturn|p2b: Torkoal|Protect
|move|p1b: Incineroar|Throat Chop|p2b: Torkoal
|-activate|p2b: Torkoal|move: Protect
|move|p1a: Farigiraf|Twin Beam|p2b: Torkoal
|-activate|p2b: Torkoal|move: Protect
|
|-weather|SunnyDay|[upkeep]
|upkeep
|turn|6
|
|t:|1783418704
|move|p2b: Torkoal|Helping Hand|p2a: Venusaur
|-singleturn|p2a: Venusaur|Helping Hand|[of] p2b: Torkoal
|move|p2a: Venusaur|Earth Power|p1b: Incineroar
|-supereffective|p1b: Incineroar|1
|-damage|p1b: Incineroar|0 fnt
|faint|p1b: Incineroar
|-damage|p2a: Venusaur|14/100|[from] item: Life Orb
|move|p1a: Farigiraf|Twin Beam|p2b: Torkoal
|-damage|p2b: Torkoal|79/100
|-damage|p2b: Torkoal|58/100
|-hitcount|p2b: Torkoal|2
|
|-weather|SunnyDay|[upkeep]
|upkeep
|
|t:|1783418711
|switch|p1b: Floette|Floette-Eternal, L50, F|100/100
|turn|7
|
|t:|1783418724
|detailschange|p1b: Floette|Floette-Mega, L50, F
|-mega|p1b: Floette|Floette|Floettite
|-ability|p1b: Floette|Fairy Aura
|move|p2a: Venusaur|Protect|p2a: Venusaur
|-singleturn|p2a: Venusaur|Protect
|move|p1b: Floette|Protect|p1b: Floette
|-singleturn|p1b: Floette|Protect
|move|p1a: Farigiraf|Twin Beam|p2a: Venusaur
|-activate|p2a: Venusaur|move: Protect
|move|p2b: Torkoal|Weather Ball|p1a: Farigiraf
|-damage|p1a: Farigiraf|0 fnt
|faint|p1a: Farigiraf
|
|-weather|SunnyDay|[upkeep]
|upkeep
|turn|8
|inactive|Battle timer is ON: inactive players will automatically lose when time's up. (requested by ilovebugs<3)
|
|t:|1783418737
|move|p2a: Venusaur|Sludge Bomb|p1b: Floette
|-supereffective|p1b: Floette|1
|-damage|p1b: Floette|13/100
|-damage|p2a: Venusaur|5/100|[from] item: Life Orb
|move|p1b: Floette|Dazzling Gleam|p2a: Venusaur|[spread] p2a,p2b
|-resisted|p2a: Venusaur|1
|-resisted|p2b: Torkoal|1
|-damage|p2a: Venusaur|0 fnt
|-damage|p2b: Torkoal|25/100
|faint|p2a: Venusaur
|move|p2b: Torkoal|Weather Ball|p1b: Floette
|-damage|p1b: Floette|0 fnt
|faint|p1b: Floette
|
|win|BVSelf
||ilovebugs<3 is ready for game 2.
||BVSelf is ready for game 2.
|uhtml|next|Next: Game 2 of 3
|l|☆ilovebugs<3
|player|p1|
