|j|☆IceIceBaby98
|j|☆SilkSongClave
|html|IceIceBaby98SilkSongClave    
|uhtml|bestof|Game 3 of a best-of-3
|t:|1757708675
|gametype|doubles
|player|p1|IceIceBaby98|101|1135
|player|p2|SilkSongClave|artist-gen4|1047
|gen|9
|tier|[Gen 9] VGC 2025 Reg H (Bo3)
|rated|
|rule|Species Clause: Limit one of each Pokémon
|rule|Item Clause: Limit 1 of each item
|clearpoke
|poke|p1|Charizard, L50, M|
|poke|p1|Torkoal, L50, F|
|poke|p1|Porygon2, L50|
|poke|p1|Incineroar, L50, F|
|poke|p1|Jumpluff, L50, M|
|poke|p1|Ursaluna, L50, F|
|poke|p2|Excadrill, L50, F|
|poke|p2|Sneasler, L50, F|
|poke|p2|Indeedee, L50, M|
|poke|p2|Tyranitar, L50, F|
|poke|p2|Corviknight, L50, F|
|poke|p2|Annihilape, L50, M|
|teampreview|4
|showteam|p1|Charizard||ChoiceSpecs|SolarPower|HeatWave,Overheat,WeatherBall,AirSlash|||M|||50|,,,,,Ghost]Torkoal||EjectPack|Drought|Eruption,Overheat,HelpingHand,Protect|||F|||50|,,,,,Fire]Porygon2||Eviolite|Download|TeraBlast,IceBeam,Recover,TrickRoom||||||50|,,,,,Fighting]Incineroar||SitrusBerry|Intimidate|FlareBlitz,KnockOff,FakeOut,PartingShot|||F|||50|,,,,,Ghost]Jumpluff||CovertCloak|Chlorophyll|SleepPowder,SunnyDay,RagePowder,Tailwind|||M|||50|,,,,,Water]Ursaluna||FlameOrb|Guts|HeadlongRush,Facade,Earthquake,Protect|||F|||50|,,,,,Ghost
|showteam|p2|Excadrill||FocusSash|SandRush|IronHead,HighHorsepower,Earthquake,Protect|||F|||50|,,,,,Stellar]Sneasler||PsychicSeed|Unburden|DireClaw,CloseCombat,ThroatChop,Protect|||F|||50|,,,,,Dark]Indeedee||ChoiceScarf|PsychicSurge|ExpandingForce,TeraBlast,Protect,Trick|||M|||50|,,,,,Psychic]Tyranitar||AssaultVest|SandStream|RockSlide,KnockOff,LowKick,TeraBlast|||F|||50|,,,,,Flying]Corviknight||SitrusBerry|MirrorArmor|BraveBird,Tailwind,Roost,BulkUp|||F|||50|,,,,,Dragon]Annihilape||SafetyGoggles|Defiant|CloseCombat,RageFist,Taunt,FinalGambit|||M|||50|,,,,,Water
|inactive|Battle timer is ON: inactive players will automatically lose when time's up. (requested by IceIceBaby98)
|
|t:|1757708688
|teamsize|p1|4
|teamsize|p2|4
|start
|switch|p1a: Jumpluff|Jumpluff, L50, M|100/100
|switch|p1b: Ursaluna|Ursaluna, L50, F|100/100
|switch|p2a: Annihilape|Annihilape, L50, M|100/100
|switch|p2b: Corviknight|Corviknight, L50, F|100/100
|turn|1
|
|t:|1757708705
|-terastallize|p1b: Ursaluna|Ghost
|move|p1a: Jumpluff|Sleep Powder|p2b: Corviknight
|-status|p2b: Corviknight|slp|[from] move: Sleep Powder
|move|p2a: Annihilape|Final Gambit|p1a: Jumpluff
|-damage|p1a: Jumpluff|0 fnt
|faint|p2a: Annihilape
|faint|p1a: Jumpluff
|cant|p2b: Corviknight|slp
|move|p1b: Ursaluna|Headlong Rush|p2b: Corviknight
|-immune|p2b: Corviknight
|
|-status|p1b: Ursaluna|brn|[from] item: Flame Orb
|upkeep
|
|t:|1757708721
|switch|p1a: Charizard|Charizard, L50, M|100/100
|switch|p2a: Tyranitar|Tyranitar, L50, F|100/100
|-weather|Sandstorm|[from] ability: Sand Stream|[of] p2a: Tyranitar
|turn|2
|
|t:|1757708734
|-terastallize|p2b: Corviknight|Dragon
|move|p1a: Charizard|Overheat|p2b: Corviknight
|-resisted|p2b: Corviknight
|-damage|p2b: Corviknight|60/100 slp
|-unboost|p1a: Charizard|spa|2
|move|p2a: Tyranitar|Knock Off|p1b: Ursaluna
|-supereffective|p1b: Ursaluna
|-damage|p1b: Ursaluna|31/100 brn
|-enditem|p1b: Ursaluna|Flame Orb|[from] move: Knock Off|[of] p2a: Tyranitar
|cant|p2b: Corviknight|slp
|move|p1b: Ursaluna|Headlong Rush|p2a: Tyranitar
|-supereffective|p2a: Tyranitar
|-damage|p2a: Tyranitar|0 fnt
|-unboost|p1b: Ursaluna|def|1
|-unboost|p1b: Ursaluna|spd|1
|faint|p2a: Tyranitar
|
|-weather|Sandstorm|[upkeep]
|-damage|p1a: Charizard|95/100|[from] Sandstorm
|-damage|p2b: Corviknight|54/100 slp|[from] Sandstorm
|-damage|p1b: Ursaluna|25/100 brn|[from] Sandstorm
|-damage|p1b: Ursaluna|19/100 brn|[from] brn
|upkeep
|
|t:|1757708747
|switch|p2a: Excadrill|Excadrill, L50, F|100/100
|turn|3
|
|t:|1757708757
|switch|p1a: Porygon2|Porygon2, L50|100/100
|-ability|p1a: Porygon2|Download|boost
|-boost|p1a: Porygon2|spa|1
|move|p1b: Ursaluna|Protect|p1b: Ursaluna
|-singleturn|p1b: Ursaluna|Protect
|move|p2a: Excadrill|High Horsepower|p1b: Ursaluna
|-activate|p1b: Ursaluna|move: Protect
|-curestatus|p2b: Corviknight|slp|[msg]
|move|p2b: Corviknight|Roost|p2b: Corviknight
|-heal|p2b: Corviknight|100/100
|
|-weather|Sandstorm|[upkeep]
|-damage|p2b: Corviknight|95/100|[from] Sandstorm
|-damage|p1b: Ursaluna|13/100 brn|[from] Sandstorm
|-damage|p1a: Porygon2|94/100|[from] Sandstorm
|-damage|p1b: Ursaluna|7/100 brn|[from] brn
|upkeep
|turn|4
|
|t:|1757708771
|switch|p1b: Charizard|Charizard, L50, M|95/100
|move|p2a: Excadrill|High Horsepower|p1a: Porygon2
|-damage|p1a: Porygon2|59/100
|move|p2b: Corviknight|Bulk Up|p2b: Corviknight
|-boost|p2b: Corviknight|atk|1
|-boost|p2b: Corviknight|def|1
|move|p1a: Porygon2|Trick Room|p1a: Porygon2
|-fieldstart|move: Trick Room|[of] p1a: Porygon2
|
|-weather|Sandstorm|[upkeep]
|-damage|p1a: Porygon2|53/100|[from] Sandstorm
|-damage|p2b: Corviknight|89/100|[from] Sandstorm
|-damage|p1b: Charizard|89/100|[from] Sandstorm
|upkeep
|turn|5
|
|t:|1757708792
|move|p1a: Porygon2|Ice Beam|p2b: Corviknight
|-supereffective|p2b: Corviknight
|-damage|p2b: Corviknight|11/100
|-enditem|p2b: Corviknight|Sitrus Berry|[eat]
|-heal|p2b: Corviknight|36/100|[from] item: Sitrus Berry
|move|p2b: Corviknight|Brave Bird|p1b: Charizard
|-damage|p1b: Charizard|0 fnt
|faint|p1b: Charizard
|-damage|p2b: Corviknight|14/100|[from] Recoil
|move|p2a: Excadrill|High Horsepower|p1a: Porygon2
|-damage|p1a: Porygon2|14/100
|
|-weather|Sandstorm|[upkeep]
|-damage|p1a: Porygon2|7/100|[from] Sandstorm
|-damage|p2b: Corviknight|8/100|[from] Sandstorm
|upkeep
|
|t:|1757708805
|switch|p1b: Ursaluna|Ursaluna, L50, F, tera:Ghost|7/100 brn
|turn|6
|inactive|IceIceBaby98 has 30 seconds left.
|inactive|SilkSongClave has 30 seconds left.
|inactive|IceIceBaby98 has 20 seconds left.
|
|t:|1757708840
|move|p1a: Porygon2|Recover|p1a: Porygon2
|-heal|p1a: Porygon2|57/100
|move|p1b: Ursaluna|Earthquake|p2b: Corviknight|[spread] p1a,p2a,p2b
|-supereffective|p2a: Excadrill
|-damage|p1a: Porygon2|15/100
|-enditem|p2a: Excadrill|Focus Sash
|-damage|p2a: Excadrill|1/100
|-damage|p2b: Corviknight|0 fnt
|faint|p2b: Corviknight
|move|p2a: Excadrill|Earthquake|p1a: Porygon2|[spread] p1a,p1b
|-damage|p1a: Porygon2|0 fnt
|-damage|p1b: Ursaluna|0 fnt
|faint|p1a: Porygon2
|faint|p1b: Ursaluna
|
|win|SilkSongClave
|raw|IceIceBaby98's rating: 1135 → 1104(-31 for losing)
|raw|SilkSongClave's rating: 1047 → 1088(+41 for winning)
