|j|☆Farigi No Raf
|j|☆bennobad
|html|Farigi No Rafbennobad    
|uhtml|bestof|Game 1 of a best-of-3
|t:|1757257191
|gametype|doubles
|player|p1|Farigi No Raf|artist-gen4|1422
|player|p2|bennobad|101|1370
|gen|9
|tier|[Gen 9] VGC 2025 Reg H (Bo3)
|rated|
|rule|Species Clause: Limit one of each Pokémon
|rule|Item Clause: Limit 1 of each item
|clearpoke
|poke|p1|Dragonite, L50, F|
|poke|p1|Gholdengo, L50|
|poke|p1|Sneasler, L50, F|
|poke|p1|Rillaboom, L50, M|
|poke|p1|Ursaluna-Bloodmoon, L50, M|
|poke|p1|Magmar, L50, F|
|poke|p2|Ursaluna, L50, F|
|poke|p2|Hydreigon, L50, F|
|poke|p2|Gholdengo, L50|
|poke|p2|Incineroar, L50, F|
|poke|p2|Amoonguss, L50, F|
|poke|p2|Porygon2, L50|
|teampreview|4
|showteam|p1|Dragonite||LoadedDice|Multiscale|ScaleShot,Tailwind,ExtremeSpeed,Protect|||F|||50|,,,,,Fairy]Gholdengo||LifeOrb|GoodasGold|MakeItRain,ShadowBall,NastyPlot,Protect||||||50|,,,,,Water]Sneasler||FocusSash|PoisonTouch|CloseCombat,DireClaw,Coaching,FakeOut|||F|||50|,,,,,Ghost]Rillaboom||AssaultVest|GrassySurge|WoodHammer,FakeOut,GrassyGlide,HighHorsepower|||M|||50|,,,,,Fire]Ursaluna-Bloodmoon||SilkScarf|MindsEye|HyperVoice,EarthPower,BloodMoon,Protect|||M|||50|,,,,,Water]Magmar||Eviolite|VitalSpirit|FollowMe,BurningJealousy,ClearSmog,Protect|||F|||50|,,,,,Dragon
|showteam|p2|Ursaluna||FlameOrb|Guts|Facade,HeadlongRush,Earthquake,Protect|||F|||50|,,,,,Fairy]Hydreigon||ChopleBerry|Levitate|DracoMeteor,Snarl,Tailwind,Protect|||F|||50|,,,,,Steel]Gholdengo||LifeOrb|GoodasGold|MakeItRain,ShadowBall,Protect,NastyPlot||||||50|,,,,,Dragon]Incineroar||AssaultVest|Intimidate|KnockOff,FlareBlitz,Uturn,FakeOut|||F|||50|,,,,,Grass]Amoonguss||MentalHerb|Regenerator|Spore,RagePowder,ClearSmog,Protect|||F|||50|,,,,,Fire]Porygon2||Eviolite|Download|IceBeam,Thunderbolt,Recover,TrickRoom||||||50|,,,,,Fairy
|
|t:|1757257251
|teamsize|p1|4
|teamsize|p2|4
|start
|switch|p1a: Ursaluna|Ursaluna-Bloodmoon, L50, M|100/100
|switch|p1b: Magmar|Magmar, L50, F|100/100
|switch|p2a: Ursaluna|Ursaluna, L50, F|100/100
|switch|p2b: Hydreigon|Hydreigon, L50, F, shiny|100/100
|turn|1
|
|t:|1757257275
|move|p2b: Hydreigon|Snarl|p1a: Ursaluna|[spread] p1a,p1b
|-damage|p1a: Ursaluna|76/100
|-damage|p1b: Magmar|85/100
|-unboost|p1a: Ursaluna|spa|1
|-unboost|p1b: Magmar|spa|1
|move|p1b: Magmar|Burning Jealousy|p2b: Hydreigon|[spread] p2a,p2b
|-resisted|p2b: Hydreigon
|-damage|p2a: Ursaluna|89/100
|-damage|p2b: Hydreigon|94/100
|move|p2a: Ursaluna|Earthquake|p1b: Magmar|[spread] p1a,p1b
|-immune|p2b: Hydreigon|[from] ability: Levitate
|-crit|p1a: Ursaluna
|-supereffective|p1b: Magmar
|-damage|p1a: Ursaluna|24/100
|-damage|p1b: Magmar|21/100
|move|p1a: Ursaluna|Blood Moon|p2a: Ursaluna
|-damage|p2a: Ursaluna|24/100
|
|-status|p2a: Ursaluna|brn|[from] item: Flame Orb
|upkeep
|turn|2
|
|t:|1757257300
|switch|p1a: Dragonite|Dragonite, L50, F|100/100
|move|p2b: Hydreigon|Tailwind|p2b: Hydreigon
|-sidestart|p2: bennobad|move: Tailwind
|move|p2a: Ursaluna|Earthquake|p1b: Magmar|[spread] p1b
|-immune|p2b: Hydreigon|[from] ability: Levitate
|-immune|p1a: Dragonite
|-supereffective|p1b: Magmar
|-damage|p1b: Magmar|0 fnt
|faint|p1b: Magmar
|
|-damage|p2a: Ursaluna|18/100 brn|[from] brn
|upkeep
|
|t:|1757257307
|switch|p1b: Sneasler|Sneasler, L50, F|100/100
|turn|3
|
|t:|1757257338
|-terastallize|p2b: Hydreigon|Steel
|move|p1b: Sneasler|Fake Out|p2a: Ursaluna
|-damage|p2a: Ursaluna|6/100 brn
|move|p2b: Hydreigon|Snarl|p1b: Sneasler|[spread] p1a,p1b
|-resisted|p1b: Sneasler
|-damage|p1a: Dragonite|90/100
|-damage|p1b: Sneasler|87/100
|-unboost|p1a: Dragonite|spa|1
|-unboost|p1b: Sneasler|spa|1
|cant|p2a: Ursaluna|flinch
|move|p1a: Dragonite|Tailwind|p1a: Dragonite
|-sidestart|p1: Farigi No Raf|move: Tailwind
|
|-damage|p2a: Ursaluna|0 fnt|[from] brn
|faint|p2a: Ursaluna
|upkeep
|
|t:|1757257353
|switch|p2a: Gholdengo|Gholdengo, L50, shiny|100/100
|turn|4
|
|t:|1757257377
|switch|p2b: Incineroar|Incineroar, L50, F, shiny|100/100
|-ability|p2b: Incineroar|Intimidate|boost
|-unboost|p1a: Dragonite|atk|1
|-unboost|p1b: Sneasler|atk|1
|move|p1b: Sneasler|Close Combat|p2b: Incineroar
|-supereffective|p2b: Incineroar
|-damage|p2b: Incineroar|24/100
|-unboost|p1b: Sneasler|def|1
|-unboost|p1b: Sneasler|spd|1
|-status|p2b: Incineroar|psn|[from] ability: Poison Touch|[of] p1b: Sneasler
|move|p2a: Gholdengo|Make It Rain|p1b: Sneasler|[spread] p1a,p1b
|-damage|p1a: Dragonite|33/100
|-damage|p1b: Sneasler|0 fnt
|-unboost|p2a: Gholdengo|spa|1
|faint|p1b: Sneasler
|-damage|p2a: Gholdengo|91/100|[from] item: Life Orb
|move|p1a: Dragonite|Scale Shot|p2a: Gholdengo
|-resisted|p2a: Gholdengo
|-damage|p2a: Gholdengo|86/100
|-resisted|p2a: Gholdengo
|-damage|p2a: Gholdengo|82/100
|-resisted|p2a: Gholdengo
|-damage|p2a: Gholdengo|76/100
|-resisted|p2a: Gholdengo
|-damage|p2a: Gholdengo|71/100
|-resisted|p2a: Gholdengo
|-damage|p2a: Gholdengo|66/100
|-hitcount|p2a: Gholdengo|5
|-unboost|p1a: Dragonite|def|1
|-boost|p1a: Dragonite|spe|1
|
|-damage|p2b: Incineroar|11/100 psn|[from] psn
|upkeep
|
|t:|1757257383
|switch|p1b: Ursaluna|Ursaluna-Bloodmoon, L50, M|24/100
|turn|5
|
|t:|1757257412
|switch|p2a: Hydreigon|Hydreigon, L50, F, shiny, tera:Steel|94/100
|move|p1a: Dragonite|Protect|p1a: Dragonite
|-singleturn|p1a: Dragonite|Protect
|move|p1b: Ursaluna|Protect|p1b: Ursaluna
|-singleturn|p1b: Ursaluna|Protect
|move|p2b: Incineroar|Fake Out|p1b: Ursaluna
|-activate|p1b: Ursaluna|move: Protect
|
|-damage|p2b: Incineroar|0 fnt|[from] psn
|faint|p2b: Incineroar
|-sideend|p2: bennobad|move: Tailwind
|upkeep
|
|t:|1757257418
|switch|p2b: Gholdengo|Gholdengo, L50, shiny|66/100
|turn|6
|
|t:|1757257429
|move|p2b: Gholdengo|Protect|p2b: Gholdengo
|-singleturn|p2b: Gholdengo|Protect
|move|p1a: Dragonite|Scale Shot|p2a: Hydreigon
|-resisted|p2a: Hydreigon
|-damage|p2a: Hydreigon|89/100
|-resisted|p2a: Hydreigon
|-damage|p2a: Hydreigon|84/100
|-resisted|p2a: Hydreigon
|-damage|p2a: Hydreigon|79/100
|-resisted|p2a: Hydreigon
|-damage|p2a: Hydreigon|73/100
|-resisted|p2a: Hydreigon
|-damage|p2a: Hydreigon|68/100
|-hitcount|p2a: Hydreigon|5
|-unboost|p1a: Dragonite|def|1
|-boost|p1a: Dragonite|spe|1
|move|p1b: Ursaluna|Blood Moon|p2a: Hydreigon
|-resisted|p2a: Hydreigon
|-damage|p2a: Hydreigon|17/100
|move|p2a: Hydreigon|Draco Meteor|p1b: Ursaluna
|-damage|p1b: Ursaluna|0 fnt
|-unboost|p2a: Hydreigon|spa|2
|faint|p1b: Ursaluna
|
|-sideend|p1: Farigi No Raf|move: Tailwind
|upkeep
|turn|7
|
|t:|1757257449
|move|p1a: Dragonite|Scale Shot|p2a: Hydreigon
|-resisted|p2a: Hydreigon
|-damage|p2a: Hydreigon|12/100
|-resisted|p2a: Hydreigon
|-damage|p2a: Hydreigon|7/100
|-resisted|p2a: Hydreigon
|-damage|p2a: Hydreigon|2/100
|-resisted|p2a: Hydreigon
|-damage|p2a: Hydreigon|0 fnt
|faint|p2a: Hydreigon
|-hitcount|p2: Hydreigon|4
|-unboost|p1a: Dragonite|def|1
|-boost|p1a: Dragonite|spe|1
|move|p2b: Gholdengo|Make It Rain|p1a: Dragonite
|-damage|p1a: Dragonite|0 fnt
|-unboost|p2b: Gholdengo|spa|1
|faint|p1a: Dragonite
|-damage|p2b: Gholdengo|56/100|[from] item: Life Orb
|
|win|bennobad
