|j|☆wait for swarley
|j|☆tamagotchai-01
|html|wait for swarleytamagotchai-01    
|uhtml|bestof|Game 3 of a best-of-3
|t:|1785014368
|gametype|doubles
|player|p1|wait for swarley|volo|1122
|player|p2|tamagotchai-01|265|1062
|gen|9
|tier|[Gen 9 Champions] VGC 2026 Reg M-B (Bo3)
|rated|
|rule|Species Clause: Limit one of each Pokémon
|rule|Item Clause: Limit 1 of each item
|clearpoke
|poke|p1|Grimmsnarl, L50, M|
|poke|p1|Incineroar, L50, F|
|poke|p1|Maushold-Four, L50|
|poke|p1|Annihilape, L50, F|
|poke|p1|Floette-Eternal, L50, F|
|poke|p1|Raichu, L50, F|
|poke|p2|Floette-Eternal, L50, F|
|poke|p2|Charizard, L50, F|
|poke|p2|Whimsicott, L50, F|
|poke|p2|Garchomp, L50, F|
|poke|p2|Basculegion, L50, M|
|poke|p2|Kingambit, L50, M|
|teampreview|4
|showteam|p1|Grimmsnarl||LightClay|Prankster|SpiritBreak,Reflect,LightScreen,PartingShot|Careful||M|||50|]Incineroar||SitrusBerry|Intimidate|FakeOut,FlareBlitz,ThroatChop,PartingShot|Careful||F|||50|]Maushold-Four||FocusSash|FriendGuard|FollowMe,SuperFang,Encore,Protect|Timid|||||50|]Annihilape||Leftovers|Defiant|RageFist,DrainPunch,BulkUp,Protect|Adamant||F|||50|]Floette-Eternal||Floettite|FlowerVeil|Moonblast,DrainingKiss,CalmMind,Protect|Modest||F|||50|]Raichu||RaichuniteY|LightningRod|ZapCannon,GrassKnot,FakeOut,Protect|Modest||F|||50|
|showteam|p2|Floette-Eternal||Floettite|FlowerVeil|Moonblast,DazzlingGleam,LightofRuin,Protect|Modest||F|||50|]Charizard||CharizarditeY|SolarPower|HeatWave,SolarBeam,WeatherBall,Protect|Modest||F|||50|]Whimsicott||FocusSash|Prankster|Moonblast,Tailwind,Encore,Protect|Timid||F|||50|]Garchomp||RoseliBerry|RoughSkin|StompingTantrum,DragonClaw,PoisonJab,RockSlide|Adamant||F|||50|]Basculegion||LifeOrb|Adaptability|WaveCrash,LastRespects,AquaJet,Protect|Adamant||M|||50|]Kingambit||OccaBerry|Defiant|KowtowCleave,LowKick,SuckerPunch,IronHead|Adamant||M|||50|
|inactive|Battle timer is ON: inactive players will automatically lose when time's up. (requested by tamagotchai-01)
|inactive|wait for swarley has 60 seconds left.
|
|t:|1785014424
|teamsize|p1|4
|teamsize|p2|4
|start
|switch|p1a: Grimmsnarl|Grimmsnarl, L50, M|100/100
|switch|p1b: Incineroar|Incineroar, L50, F|100/100
|switch|p2a: Whimsicott|Whimsicott, L50, F|100/100
|switch|p2b: Basculegion|Basculegion, L50, M|100/100
|-ability|p1b: Incineroar|Intimidate|boost
|-unboost|p2a: Whimsicott|atk|1
|-unboost|p2b: Basculegion|atk|1
|turn|1
|
|t:|1785014447
|move|p1b: Incineroar|Fake Out|p2a: Whimsicott
|-damage|p2a: Whimsicott|85/100
|move|p1a: Grimmsnarl|Reflect|p1a: Grimmsnarl
|-sidestart|p1: wait for swarley|Reflect
|cant|p2a: Whimsicott|flinch
|move|p2b: Basculegion|Wave Crash|p1a: Grimmsnarl
|-damage|p1a: Grimmsnarl|57/100
|-damage|p2b: Basculegion|85/100|[from] Recoil
|-damage|p2b: Basculegion|76/100|[from] item: Life Orb
|
|upkeep
|turn|2
|
|t:|1785014456
|move|p1a: Grimmsnarl|Light Screen|p1a: Grimmsnarl
|-sidestart|p1: wait for swarley|move: Light Screen
|move|p2a: Whimsicott|Moonblast|p1a: Grimmsnarl
|-supereffective|p1a: Grimmsnarl|1
|-damage|p1a: Grimmsnarl|11/100
|move|p2b: Basculegion|Wave Crash|p1b: Incineroar
|-supereffective|p1b: Incineroar|1
|-damage|p1b: Incineroar|20/100y
|-enditem|p1b: Incineroar|Sitrus Berry|[eat]
|-heal|p1b: Incineroar|45/100|[from] item: Sitrus Berry
|-damage|p2b: Basculegion|51/100|[from] Recoil
|-damage|p2b: Basculegion|41/100|[from] item: Life Orb
|move|p1b: Incineroar|Flare Blitz|p2a: Whimsicott
|-supereffective|p2a: Whimsicott|1
|-damage|p2a: Whimsicott|0 fnt
|faint|p2a: Whimsicott
|-damage|p1b: Incineroar|25/100|[from] Recoil
|
|upkeep
|
|t:|1785014456
|switch|p2a: Garchomp|Garchomp, L50, F|100/100
|turn|3
|
|t:|1785014472
|switch|p1b: Annihilape|Annihilape, L50, F|100/100
|move|p1a: Grimmsnarl|Parting Shot|p2a: Garchomp
|-unboost|p2a: Garchomp|atk|1
|-unboost|p2a: Garchomp|spa|1
|
|t:|1785014477
|switch|p1a: Incineroar|Incineroar, L50, F|25/100|[from] Parting Shot
|-ability|p1a: Incineroar|Intimidate|boost
|-unboost|p2a: Garchomp|atk|1
|-unboost|p2b: Basculegion|atk|1
|move|p2a: Garchomp|Rock Slide|p1a: Incineroar|[spread] p1a,p1b
|-supereffective|p1a: Incineroar|1
|-resisted|p1b: Annihilape|1
|-damage|p1a: Incineroar|14/100
|-damage|p1b: Annihilape|96/100
|move|p2b: Basculegion|Wave Crash|p1b: Annihilape
|-damage|p1b: Annihilape|57/100
|-damage|p2b: Basculegion|28/100|[from] Recoil
|-damage|p2b: Basculegion|18/100|[from] item: Life Orb
|
|-heal|p1b: Annihilape|63/100|[from] item: Leftovers
|upkeep
|turn|4
|
|t:|1785014494
|move|p1a: Incineroar|Fake Out|p2a: Garchomp
|-damage|p2a: Garchomp|90/100
|-damage|p1a: Incineroar|1/100|[from] ability: Rough Skin|[of] p2a: Garchomp
|cant|p2a: Garchomp|flinch
|move|p1b: Annihilape|Bulk Up|p1b: Annihilape
|-boost|p1b: Annihilape|atk|1
|-boost|p1b: Annihilape|def|1
|move|p2b: Basculegion|Wave Crash|p1a: Incineroar
|-supereffective|p1a: Incineroar|1
|-damage|p1a: Incineroar|0 fnt
|faint|p1a: Incineroar
|-damage|p2b: Basculegion|18/100|[from] Recoil
|-damage|p2b: Basculegion|8/100|[from] item: Life Orb
|
|-heal|p1b: Annihilape|70/100|[from] item: Leftovers
|upkeep
|
|t:|1785014505
|switch|p1a: Floette|Floette-Eternal, L50, F|100/100
|turn|5
|
|t:|1785014510
|detailschange|p1a: Floette|Floette-Mega, L50, F
|-mega|p1a: Floette|Floette|Floettite
|-ability|p1a: Floette|Fairy Aura
|move|p1a: Floette|Moonblast|p2a: Garchomp
|-supereffective|p2a: Garchomp|1
|-enditem|p2a: Garchomp|Roseli Berry|[eat]
|-enditem|p2a: Garchomp|Roseli Berry|[weaken]
|-damage|p2a: Garchomp|12/100
|move|p2a: Garchomp|Rock Slide|p1a: Floette|[spread] p1a,p1b
|-resisted|p1b: Annihilape|1
|-damage|p1a: Floette|92/100
|-damage|p1b: Annihilape|67/100
|cant|p1b: Annihilape|flinch
|move|p2b: Basculegion|Wave Crash|p1a: Floette
|-damage|p1a: Floette|56/100
|-damage|p2b: Basculegion|0 fnt|[from] Recoil
|faint|p2b: Basculegion
|
|-heal|p1b: Annihilape|74/100|[from] item: Leftovers
|upkeep
|
|t:|1785014511
|switch|p2b: Kingambit|Kingambit, L50, M|100/100
|turn|6
|inactive|wait for swarley has 30 seconds left.
|
|t:|1785014542
|move|p2a: Garchomp|Poison Jab|p1a: Floette
|-supereffective|p1a: Floette|1
|-damage|p1a: Floette|37/100
|move|p1a: Floette|Moonblast|p2a: Garchomp
|-supereffective|p2a: Garchomp|1
|-damage|p2a: Garchomp|0 fnt
|faint|p2a: Garchomp
|move|p1b: Annihilape|Drain Punch|p2b: Kingambit
|-supereffective|p2b: Kingambit|2
|-damage|p2b: Kingambit|0 fnt
|-heal|p1b: Annihilape|100/100|[from] drain|[of] p2b: Kingambit
|faint|p2b: Kingambit
|
|win|wait for swarley
|raw|wait for swarley's rating: 1122 → 1146(+24 for winning)
|raw|tamagotchai-01's rating: 1109 → 1085(-24 for losing)
