|j|☆Sunside
|j|☆kuini
|html|Sunsidekuini    
|uhtml|bestof|Game 1 of a best-of-3
|t:|1785670478
|gametype|doubles
|player|p1|Sunside|pokemonbreeder-gen4|1083
|player|p2|kuini|2|1104
|gen|9
|tier|[Gen 9 Champions] VGC 2026 Reg M-B (Bo3)
|rated|
|rule|Species Clause: Limit one of each Pokémon
|rule|Item Clause: Limit 1 of each item
|clearpoke
|poke|p1|Dragapult, L50, M|
|poke|p1|Ninetales-Alola, L50, M|
|poke|p1|Lycanroc-Dusk, L50, F|
|poke|p1|Kingambit, L50, F|
|poke|p1|Scovillain, L50, M|
|poke|p1|Raichu, L50, M|
|poke|p2|Meganium, L50, F|
|poke|p2|Kangaskhan, L50, F|
|poke|p2|Archaludon, L50, M|
|poke|p2|Aerodactyl, L50, F|
|poke|p2|Typhlosion-Hisui, L50, F|
|poke|p2|Tauros-Paldea-Aqua, L50, M|
|teampreview|4
|showteam|p1|Dragapult||DragonFang|ClearBody|DragonDance,DragonDarts,PhantomForce,Protect|Jolly||M|||50|]Ninetales-Alola||NeverMeltIce|SnowWarning|Blizzard,FreezeDry,IcyWind,Protect|Timid||M|||50|]Lycanroc-Dusk||FocusSash|ToughClaws|RockSlide,CloseCombat,Accelerock,Protect|Jolly||F|||50|]Kingambit||LifeOrb|Defiant|KowtowCleave,IronHead,SuckerPunch,Protect|Adamant||F|||50|]Scovillain||Scovillainite|Moody|RagePowder,Overheat,GigaDrain,Protect|Bold||M|||50|]Raichu||RaichuniteY|Static|FakeOut,ZapCannon,FocusBlast,Protect|Timid||M|||50|
|showteam|p2|Meganium||Meganiumite|Overgrow|DazzlingGleam,SolarBeam,WeatherBall,Protect|Timid||F|||50|]Kangaskhan||Kangaskhanite|Scrappy|FakeOut,DrainPunch,DoubleEdge,SuckerPunch|Jolly||F|||50|]Archaludon||DragonFang|Sturdy|FlashCannon,Thunderbolt,DracoMeteor,Protect|Timid||M|||50|]Aerodactyl||FocusSash|Unnerve|WideGuard,Tailwind,RockSlide,DualWingbeat|Jolly||F|||50|]Typhlosion-Hisui||ChoiceScarf|Frisk|HeatWave,ShadowBall,Overheat,Eruption|Modest||F|||50|]Tauros-Paldea-Aqua||WhiteHerb|Intimidate|Protect,CloseCombat,WaveCrash,AquaJet|Jolly||M|||50|
|inactive|Battle timer is ON: inactive players will automatically lose when time's up. (requested by kuini)
|inactive|Sunside has 60 seconds left.
|inactive|kuini has 60 seconds left.
|
|t:|1785670530
|teamsize|p1|4
|teamsize|p2|4
|start
|switch|p1a: Dragapult|Dragapult, L50, M|100/100
|switch|p1b: Kingambit|Kingambit, L50, F|100/100
|switch|p2a: Aerodactyl|Aerodactyl, L50, F|100/100
|switch|p2b: Kangaskhan|Kangaskhan, L50, F|100/100
|-ability|p2a: Aerodactyl|Unnerve
|turn|1
|inactive|Sunside has 30 seconds left.
|
|t:|1785670558
|switch|p1a: Raichu|Raichu, L50, M|100/100
|move|p1b: Kingambit|Protect|p1b: Kingambit
|-singleturn|p1b: Kingambit|Protect
|move|p2b: Kangaskhan|Fake Out|p1a: Raichu
|-damage|p1a: Raichu|72/100
|-status|p2b: Kangaskhan|par|[from] ability: Static|[of] p1a: Raichu
|move|p2a: Aerodactyl|Tailwind|p2a: Aerodactyl
|-sidestart|p2: kuini|move: Tailwind
|
|upkeep
|turn|2
|inactive|Sunside has 30 seconds left.
|
|t:|1785670586
|detailschange|p1a: Raichu|Raichu-Mega-Y, L50, M
|-mega|p1a: Raichu|Raichu|Raichunite Y
|detailschange|p2b: Kangaskhan|Kangaskhan-Mega, L50, F
|-mega|p2b: Kangaskhan|Kangaskhan|Kangaskhanite
|move|p2a: Aerodactyl|Tailwind||[still]
|-fail|p2a: Aerodactyl
|move|p1a: Raichu|Focus Blast|p2b: Kangaskhan
|-supereffective|p2b: Kangaskhan|1
|-damage|p2b: Kangaskhan|5/100 par
|move|p2b: Kangaskhan|Double-Edge|p1a: Raichu
|-damage|p1a: Raichu|0 fnt
|faint|p1a: Raichu
|-damage|p2b: Kangaskhan|0 fnt|[from] Recoil
|faint|p2b: Kangaskhan
|move|p1b: Kingambit|Kowtow Cleave|p2a: Aerodactyl
|-damage|p2a: Aerodactyl|8/100
|-damage|p1b: Kingambit|90/100|[from] item: Life Orb
|
|upkeep
|
|t:|1785670605
|switch|p1a: Ninetales|Ninetales-Alola, L50, M|100/100
|switch|p2b: Archaludon|Archaludon, L50, M|100/100
|-weather|Snowscape|[from] ability: Snow Warning|[of] p1a: Ninetales
|turn|3
|
|t:|1785670619
|move|p1a: Ninetales|Protect|p1a: Ninetales
|-singleturn|p1a: Ninetales|Protect
|move|p2a: Aerodactyl|Wide Guard|p2a: Aerodactyl
|-singleturn|p2a: Aerodactyl|Wide Guard
|move|p2b: Archaludon|Flash Cannon|p1a: Ninetales
|-activate|p1a: Ninetales|move: Protect
|move|p1b: Kingambit|Kowtow Cleave|p2b: Archaludon
|-damage|p2b: Archaludon|43/100
|-damage|p1b: Kingambit|80/100|[from] item: Life Orb
|
|-weather|Snowscape|[upkeep]
|upkeep
|turn|4
|
|t:|1785670642
|switch|p1a: Dragapult|Dragapult, L50, M|100/100
|move|p1b: Kingambit|Sucker Punch|p2a: Aerodactyl
|-damage|p2a: Aerodactyl|0 fnt
|faint|p2a: Aerodactyl
|-damage|p1b: Kingambit|71/100|[from] item: Life Orb
|move|p2b: Archaludon|Thunderbolt|p1b: Kingambit
|-damage|p1b: Kingambit|41/100
|
|-weather|Snowscape|[upkeep]
|-sideend|p2: kuini|move: Tailwind
|upkeep
|
|t:|1785670652
|switch|p2a: Tauros|Tauros-Paldea-Aqua, L50, M|100/100
|-ability|p2a: Tauros|Intimidate|boost
|-fail|p1a: Dragapult|unboost|[from] ability: Clear Body|[of] p1a: Dragapult
|-unboost|p1b: Kingambit|atk|1
|-ability|p1b: Kingambit|Defiant|boost
|-boost|p1b: Kingambit|atk|2
|turn|5
|
|t:|1785670669
|move|p2a: Tauros|Protect|p2a: Tauros
|-singleturn|p2a: Tauros|Protect
|move|p1b: Kingambit|Sucker Punch|p2b: Archaludon
|-damage|p2b: Archaludon|0 fnt
|faint|p2b: Archaludon
|-damage|p1b: Kingambit|31/100|[from] item: Life Orb
|move|p1a: Dragapult|Dragon Dance|p1a: Dragapult
|-boost|p1a: Dragapult|atk|1
|-boost|p1a: Dragapult|spe|1
|
|-weather|Snowscape|[upkeep]
|upkeep
|turn|6
|
|t:|1785670686
|move|p1b: Kingambit|Sucker Punch|p2a: Tauros
|-resisted|p2a: Tauros|1
|-damage|p2a: Tauros|53/100
|-damage|p1b: Kingambit|21/100|[from] item: Life Orb
|move|p1a: Dragapult|Dragon Darts|p2a: Tauros
|-damage|p2a: Tauros|1/100
|-anim|p1a: Dragapult|Dragon Darts|p2a: Tauros
|-damage|p2a: Tauros|0 fnt
|faint|p2a: Tauros
|
|win|Sunside
||Sunside is ready for game 2.
|l|☆Sunside
|player|p1|
||kuini is ready for game 2.
|uhtml|next|Next: Game 2 of 3
|j|☆Sunside
|player|p1|Sunside|pokemonbreeder-gen4|
