|j|☆CJL78
|j|☆Foxelby
|html|CJL78Foxelby    
|uhtml|bestof|Game 2 of a best-of-3
|t:|1755435758
|gametype|doubles
|player|p1|CJL78|102|1235
|player|p2|Foxelby|hilbert-wonderlauncher|1153
|gen|9
|tier|[Gen 9] VGC 2025 Reg H (Bo3)
|rated|
|rule|Species Clause: Limit one of each Pokémon
|rule|Item Clause: Limit 1 of each item
|clearpoke
|poke|p1|Incineroar, L50, M|
|poke|p1|Sinistcha, L50|
|poke|p1|Archaludon, L50, M|
|poke|p1|Ursaluna, L50, M|
|poke|p1|Pelipper, L50, F|
|poke|p1|Annihilape, L50, F|
|poke|p2|Volcarona, L50, M|
|poke|p2|Annihilape, L50, M|
|poke|p2|Rillaboom, L50, M|
|poke|p2|Ninetales-Alola, L50, M|
|poke|p2|Maushold-Four, L50|
|poke|p2|Basculegion, L50, M|
|teampreview|4
|showteam|p1|Incineroar||SafetyGoggles|Intimidate|KnockOff,PartingShot,WillOWisp,FakeOut|||M|||50|,,,,,Ghost]Sinistcha||RockyHelmet|Hospitality|MatchaGotcha,LifeDew,RagePowder,TrickRoom||||||50|,,,,,Fairy]Archaludon||AssaultVest|Stamina|ElectroShot,DragonPulse,FlashCannon,BodyPress|||M|||50|,,,,,Bug]Ursaluna||FlameOrb|Guts|Facade,HeadlongRush,Earthquake,Protect|||M|||50|,,,,,Normal]Pelipper||FocusSash|Drizzle|Hurricane,MuddyWater,Protect,WideGuard|||F|||50|,,,,,Ground]Annihilape||LumBerry|Defiant|DrainPunch,RageFist,BulkUp,Protect|||F|||50|,,,,,Grass
|showteam|p2|Volcarona||GrassySeed|FlameBody|QuiverDance,HeatWave,GigaDrain,Protect|||M|||50|,,,,,Grass]Annihilape||Leftovers|Defiant|DrainPunch,BulkUp,RageFist,Protect|||M|||50|,,,,,Fairy]Rillaboom||AssaultVest|GrassySurge|FakeOut,GrassyGlide,WoodHammer,Uturn|||M|||50|,,,,,Fire]Ninetales-Alola||CovertCloak|SnowWarning|AuroraVeil,Blizzard,IcyWind,Encore|||M|||50|,,,,,Fire]Maushold-Four||SafetyGoggles|FriendGuard|FollowMe,BeatUp,SuperFang,Taunt||||||50|,,,,,Ghost]Basculegion||ChoiceScarf|Adaptability|WaveCrash,LastRespects,Crunch,AquaJet|||M|||50|,,,,,Water
|
|t:|1755435805
|teamsize|p1|4
|teamsize|p2|4
|start
|switch|p1a: Archaludon|Archaludon, L50, M|100/100
|switch|p1b: Sinistcha|Sinistcha, L50|100/100
|switch|p2a: Volcarona|Volcarona, L50, M|100/100
|switch|p2b: Ninetales|Ninetales-Alola, L50, M|100/100
|-weather|Snowscape|[from] ability: Snow Warning|[of] p2b: Ninetales
|turn|1
|
|t:|1755435818
|switch|p2b: Annihilape|Annihilape, L50, M|100/100
|move|p2a: Volcarona|Quiver Dance|p2a: Volcarona
|-boost|p2a: Volcarona|spa|1
|-boost|p2a: Volcarona|spd|1
|-boost|p2a: Volcarona|spe|1
|move|p1a: Archaludon|Flash Cannon|p2b: Annihilape
|-damage|p2b: Annihilape|62/100
|move|p1b: Sinistcha|Matcha Gotcha|p2a: Volcarona|[spread] p2a,p2b
|-resisted|p2a: Volcarona
|-damage|p2a: Volcarona|97/100
|-damage|p2b: Annihilape|39/100
|
|-weather|Snowscape|[upkeep]
|-heal|p2b: Annihilape|46/100|[from] item: Leftovers
|upkeep
|turn|2
|
|t:|1755435838
|switch|p1b: Pelipper|Pelipper, L50, F|100/100
|-weather|RainDance|[from] ability: Drizzle|[of] p1b: Pelipper
|-terastallize|p1a: Archaludon|Bug
|move|p2a: Volcarona|Heat Wave|p1b: Pelipper|[spread] p1b
|-miss|p2a: Volcarona|p1a: Archaludon
|-resisted|p1b: Pelipper
|-damage|p1b: Pelipper|77/100
|move|p2b: Annihilape|Drain Punch|p1a: Archaludon
|-resisted|p1a: Archaludon
|-damage|p1a: Archaludon|86/100
|-heal|p2b: Annihilape|52/100|[from] drain|[of] p1a: Archaludon
|-ability|p1a: Archaludon|Stamina|boost
|-boost|p1a: Archaludon|def|1
|move|p1a: Archaludon|Electro Shot||[still]
|-prepare|p1a: Archaludon|Electro Shot
|-boost|p1a: Archaludon|spa|1
|-anim|p1a: Archaludon|Electro Shot|p2b: Annihilape
|-damage|p2b: Annihilape|0 fnt
|faint|p2b: Annihilape
|
|-weather|RainDance|[upkeep]
|upkeep
|
|t:|1755435865
|switch|p2b: Ninetales|Ninetales-Alola, L50, M|100/100
|-weather|Snowscape|[from] ability: Snow Warning|[of] p2b: Ninetales
|turn|3
|
|t:|1755435871
|switch|p1a: Annihilape|Annihilape, L50, F|100/100
|move|p1b: Pelipper|Protect|p1b: Pelipper
|-singleturn|p1b: Pelipper|Protect
|move|p2a: Volcarona|Heat Wave|p1b: Pelipper|[spread] 
|-activate|p1b: Pelipper|move: Protect
|-miss|p2a: Volcarona|p1a: Annihilape
|move|p2b: Ninetales|Aurora Veil|p2b: Ninetales
|-sidestart|p2: Foxelby|move: Aurora Veil
|
|-weather|Snowscape|[upkeep]
|upkeep
|turn|4
|
|t:|1755435884
|switch|p2b: Basculegion|Basculegion, L50, M|100/100
|move|p1b: Pelipper|Wide Guard|p1b: Pelipper
|-singleturn|p1b: Pelipper|Wide Guard
|move|p2a: Volcarona|Heat Wave|p1a: Annihilape|[spread] 
|-activate|p1a: Annihilape|move: Wide Guard
|-activate|p1b: Pelipper|move: Wide Guard
|move|p1a: Annihilape|Bulk Up|p1a: Annihilape
|-boost|p1a: Annihilape|atk|1
|-boost|p1a: Annihilape|def|1
|
|-weather|Snowscape|[upkeep]
|upkeep
|turn|5
|
|t:|1755435913
|switch|p1b: Sinistcha|Sinistcha, L50|100/100
|move|p1a: Annihilape|Protect|p1a: Annihilape
|-singleturn|p1a: Annihilape|Protect
|move|p2b: Basculegion|Last Respects|p1a: Annihilape
|-activate|p1a: Annihilape|move: Protect
|move|p2a: Volcarona|Giga Drain|p1b: Sinistcha
|-resisted|p1b: Sinistcha
|-damage|p1b: Sinistcha|82/100
|-heal|p2a: Volcarona|100/100|[from] drain|[of] p1b: Sinistcha
|
|-weather|Snowscape|[upkeep]
|upkeep
|turn|6
|
|t:|1755435927
|switch|p1b: Pelipper|Pelipper, L50, F|77/100
|-weather|RainDance|[from] ability: Drizzle|[of] p1b: Pelipper
|move|p2b: Basculegion|Last Respects|p1a: Annihilape
|-supereffective|p1a: Annihilape
|-damage|p1a: Annihilape|27/100
|move|p2a: Volcarona|Heat Wave|p1a: Annihilape|[spread] p1a,p1b
|-resisted|p1b: Pelipper
|-crit|p1b: Pelipper
|-damage|p1a: Annihilape|0 fnt
|-damage|p1b: Pelipper|41/100
|-status|p1b: Pelipper|brn
|faint|p1a: Annihilape
|
|-weather|RainDance|[upkeep]
|-damage|p1b: Pelipper|35/100 brn|[from] brn
|upkeep
|
|t:|1755435934
|switch|p1a: Archaludon|Archaludon, L50, M, tera:Bug|86/100
|turn|7
|
|t:|1755435945
|switch|p2b: Ninetales|Ninetales-Alola, L50, M|100/100
|-weather|Snowscape|[from] ability: Snow Warning|[of] p2b: Ninetales
|switch|p1b: Sinistcha|Sinistcha, L50|82/100
|-heal|p1a: Archaludon|100/100|[from] ability: Hospitality|[of] p1b: Sinistcha
|move|p2a: Volcarona|Heat Wave|p1a: Archaludon|[spread] p1a,p1b
|-supereffective|p1a: Archaludon
|-supereffective|p1b: Sinistcha
|-damage|p1a: Archaludon|0 fnt
|-damage|p1b: Sinistcha|0 fnt
|faint|p1a: Archaludon
|faint|p1b: Sinistcha
|
|-weather|Snowscape|[upkeep]
|-sideend|p2: Foxelby|move: Aurora Veil
|upkeep
|-message|CJL78 forfeited.
|raw|CJL78's rating: 1235 → 1204(-31 for losing)
|raw|Foxelby's rating: 1153 → 1184(+31 for winning)
|
|win|Foxelby
|l|☆CJL78
|player|p1|
