|j|☆Zipperlyx
|j|☆rojo53
|html|Zipperlyxrojo53    
|uhtml|bestof|Game 1 of a best-of-3
|t:|1782495882
|gametype|doubles
|player|p1|Zipperlyx|acerola|1096
|player|p2|rojo53|adaman|1189
|gen|9
|tier|[Gen 9 Champions] VGC 2026 Reg M-B (Bo3)
|rated|
|rule|Species Clause: Limit one of each Pokémon
|rule|Item Clause: Limit 1 of each item
|clearpoke
|poke|p1|Incineroar, L50, F|
|poke|p1|Torkoal, L50, F|
|poke|p1|Farigiraf, L50, M|
|poke|p1|Mawile, L50, M|
|poke|p1|Basculegion, L50, M|
|poke|p1|Kingambit, L50, M|
|poke|p2|Delphox, L50, F|
|poke|p2|Garchomp, L50, F|
|poke|p2|Eelektross, L50, F|
|poke|p2|Gardevoir, L50, M|
|poke|p2|Tsareena, L50, F|
|poke|p2|Sneasler, L50, F|
|teampreview|4
|showteam|p1|Incineroar||SitrusBerry|Intimidate|FakeOut,PartingShot,FlareBlitz,ThroatChop|Adamant||F|||50|]Torkoal||Charcoal|Drought|Eruption,WeatherBall,EarthPower,Protect|Quiet||F|||50|]Farigiraf||ColburBerry|ArmorTail|TrickRoom,Psychic,Thunderbolt,Protect|Relaxed||M|||50|]Mawile||Mawilite|HyperCutter|IronHead,PlayRough,SuckerPunch,Protect|Brave||M|||50|]Basculegion||FocusSash|SwiftSwim|Liquidation,LastRespects,AquaJet,Protect|Adamant||M|||50|]Kingambit||LifeOrb|Defiant|SuckerPunch,KowtowCleave,Protect,IronHead|Adamant||M|||50|
|showteam|p2|Delphox||Delphoxite|Blaze|HeatWave,Psychic,DazzlingGleam,Protect|Timid||F|||50|]Garchomp||LifeOrb|RoughSkin|DragonClaw,Earthquake,RockSlide,Protect|Jolly||F|||50|]Eelektross||Eelektrossite|Levitate|Discharge,DragonPulse,Protect,RockSlide|Quiet||F|||50|]Gardevoir||ChoiceScarf|Telepathy|Psychic,Moonblast,IcyWind,EnergyBall|Timid||M|||50|]Tsareena||WideLens|QueenlyMajesty|TripleAxel,PowerWhip,Protect,Uturn|Adamant||F|||50|]Sneasler||FocusSash|Unburden|CloseCombat,DireClaw,FakeOut,Protect|Adamant||F|||50|
|inactive|Battle timer is ON: inactive players will automatically lose when time's up. (requested by Zipperlyx)
|inactive|rojo53 has 60 seconds left.
|
|t:|1782495924
|teamsize|p1|4
|teamsize|p2|4
|start
|switch|p1a: Incineroar|Incineroar, L50, F|100/100
|switch|p1b: Farigiraf|Farigiraf, L50, M|100/100
|switch|p2a: Eelektross|Eelektross, L50, F|100/100
|switch|p2b: Tsareena|Tsareena, L50, F|100/100
|-ability|p1a: Incineroar|Intimidate|boost
|-unboost|p2a: Eelektross|atk|1
|-unboost|p2b: Tsareena|atk|1
|turn|1
|inactive|Zipperlyx has 30 seconds left.
|
|t:|1782495950
|detailschange|p2a: Eelektross|Eelektross-Mega, L50, F
|-mega|p2a: Eelektross|Eelektross|Eelektrossite
|move|p2b: Tsareena|Power Whip|p1b: Farigiraf
|-damage|p1b: Farigiraf|68/100
|move|p2a: Eelektross|Discharge|p1a: Incineroar|[spread] p2b,p1a,p1b
|-resisted|p2b: Tsareena|1
|-damage|p2b: Tsareena|82/100
|-damage|p1a: Incineroar|69/100
|-damage|p1b: Farigiraf|35/100
|move|p1a: Incineroar|Parting Shot|p2a: Eelektross
|-unboost|p2a: Eelektross|atk|1
|-unboost|p2a: Eelektross|spa|1
|
|t:|1782495959
|switch|p1a: Torkoal|Torkoal, L50, F|100/100|[from] Parting Shot
|-weather|SunnyDay|[from] ability: Drought|[of] p1a: Torkoal
|move|p1b: Farigiraf|Trick Room|p1b: Farigiraf
|-fieldstart|move: Trick Room|[of] p1b: Farigiraf
|
|-weather|SunnyDay|[upkeep]
|upkeep
|turn|2
|
|t:|1782495972
|move|p2a: Eelektross|Protect|p2a: Eelektross
|-singleturn|p2a: Eelektross|Protect
|move|p2b: Tsareena|Protect|p2b: Tsareena
|-singleturn|p2b: Tsareena|Protect
|move|p1a: Torkoal|Eruption|p2a: Eelektross|[spread] 
|-activate|p2a: Eelektross|move: Protect
|-activate|p2b: Tsareena|move: Protect
|move|p1b: Farigiraf|Psychic|p2a: Eelektross
|-activate|p2a: Eelektross|move: Protect
|
|-weather|SunnyDay|[upkeep]
|upkeep
|turn|3
|
|t:|1782495990
|move|p1a: Torkoal|Eruption|p2b: Tsareena|[spread] p2a,p2b
|-supereffective|p2b: Tsareena|1
|-damage|p2a: Eelektross|18/100
|-damage|p2b: Tsareena|0 fnt
|faint|p2b: Tsareena
|move|p1b: Farigiraf|Psychic|p2a: Eelektross
|-damage|p2a: Eelektross|0 fnt
|faint|p2a: Eelektross
|
|-weather|SunnyDay|[upkeep]
|upkeep
|
|t:|1782495996
|switch|p2a: Garchomp|Garchomp, L50, F|100/100
|switch|p2b: Sneasler|Sneasler, L50, F|100/100
|turn|4
|
|t:|1782496014
|move|p2b: Sneasler|Protect|p2b: Sneasler
|-singleturn|p2b: Sneasler|Protect
|move|p1a: Torkoal|Eruption|p2a: Garchomp|[spread] p2a
|-activate|p2b: Sneasler|move: Protect
|-resisted|p2a: Garchomp|1
|-damage|p2a: Garchomp|53/100
|move|p1b: Farigiraf|Psychic|p2a: Garchomp
|-damage|p2a: Garchomp|17/100
|move|p2a: Garchomp|Earthquake|p1b: Farigiraf|[spread] p1a,p1b
|-activate|p2b: Sneasler|move: Protect
|-supereffective|p1a: Torkoal|1
|-damage|p1a: Torkoal|29/100
|-damage|p1b: Farigiraf|0 fnt
|faint|p1b: Farigiraf
|-damage|p2a: Garchomp|7/100|[from] item: Life Orb
|
|-weather|SunnyDay|[upkeep]
|upkeep
|
|t:|1782496017
|switch|p1b: Mawile|Mawile, L50, M|100/100
|turn|5
|
|t:|1782496046
|detailschange|p1b: Mawile|Mawile-Mega, L50, M
|-mega|p1b: Mawile|Mawile|Mawilite
|move|p2a: Garchomp|Protect|p2a: Garchomp
|-singleturn|p2a: Garchomp|Protect
|move|p1a: Torkoal|Eruption|p2a: Garchomp|[spread] p2b
|-activate|p2a: Garchomp|move: Protect
|-damage|p2b: Sneasler|62/100
|move|p1b: Mawile|Play Rough|p2b: Sneasler
|-damage|p2b: Sneasler|0 fnt
|faint|p2b: Sneasler
|
|-weather|none
|-fieldend|move: Trick Room
|upkeep
|turn|6
|-message|rojo53 forfeited.
|
|win|Zipperlyx
||Zipperlyx is ready for game 2.
||rojo53 is ready for game 2.
|uhtml|next|Next: Game 2 of 3
|l|☆rojo53
|player|p2|
