|j|☆cacaboudin oui oui
|j|☆obalapv2
|html|cacaboudin oui ouiobalapv2    
|uhtml|bestof|Game 2 of a best-of-3
|t:|1783581662
|gametype|doubles
|player|p1|cacaboudin oui oui|102|1056
|player|p2|obalapv2|266|1000
|gen|9
|tier|[Gen 9 Champions] VGC 2026 Reg M-B (Bo3)
|rated|
|rule|Species Clause: Limit one of each Pokémon
|rule|Item Clause: Limit 1 of each item
|clearpoke
|poke|p1|Armarouge, L50, M|
|poke|p1|Clefable, L50, F|
|poke|p1|Kingambit, L50, M|
|poke|p1|Whimsicott, L50, M|
|poke|p1|Glimmora, L50, M|
|poke|p1|Sneasler, L50, F|
|poke|p2|Scrafty, L50, F|
|poke|p2|Grimmsnarl, L50, M|
|poke|p2|Sinistcha-Masterpiece, L50|
|poke|p2|Basculegion, L50, M|
|poke|p2|Pelipper, L50, M|
|poke|p2|Swampert, L50, M|
|teampreview|4
|showteam|p1|Armarouge||SitrusBerry|FlashFire|WideGuard,Taunt,WillOWisp,HeatWave|Calm||M|||50|]Clefable||FairyFeather|CuteCharm|Moonblast,Protect,HelpingHand,FollowMe|Bold||F|||50|]Kingambit||BlackGlasses|Defiant|IronHead,KowtowCleave,SuckerPunch,Protect|Adamant||M|||50|]Whimsicott||FocusSash|Prankster|EnergyBall,Tailwind,SunnyDay,Encore|Timid||M|||50|]Glimmora||Glimmoranite|ToxicDebris|SludgeWave,EarthPower,PowerGem,SpikyShield|Timid||M|||50|]Sneasler||WhiteHerb|Unburden|CloseCombat,DireClaw,FakeOut,Protect|Jolly||F|||50|
|showteam|p2|Scrafty||Scraftinite|Intimidate|DrainPunch,Detect,SwordsDance,KnockOff|Adamant||F|||50|]Grimmsnarl||LightClay|Prankster|Reflect,LightScreen,FakeOut,SpiritBreak|Adamant||M|||50|]Sinistcha-Masterpiece||BrightPowder|Hospitality|TrickRoom,MatchaGotcha,ShadowBall,RagePowder|Quiet|||||50|]Basculegion||ChoiceScarf|Adaptability|WaveCrash,LastRespects,Liquidation,PhantomForce|Jolly||M|||50|]Pelipper||FocusSash|Drizzle|Hurricane,Tailwind,WeatherBall,WideGuard|Modest||M|||50|]Swampert||Swampertite|Damp|Waterfall,WaveCrash,Earthquake,FlipTurn|Adamant||M|||50|
|
|t:|1783581698
|teamsize|p1|4
|teamsize|p2|4
|start
|switch|p1a: Whimsicott|Whimsicott, L50, M|100/100
|switch|p1b: Glimmora|Glimmora, L50, M|100/100
|switch|p2a: Pelipper|Pelipper, L50, M|100/100
|switch|p2b: Swampert|Swampert, L50, M|100/100
|-weather|RainDance|[from] ability: Drizzle|[of] p2a: Pelipper
|turn|1
|inactive|Battle timer is ON: inactive players will automatically lose when time's up. (requested by obalapv2)
|
|t:|1783581717
|detailschange|p2b: Swampert|Swampert-Mega, L50, M
|-mega|p2b: Swampert|Swampert|Swampertite
|move|p1b: Glimmora|Spiky Shield|p1b: Glimmora
|-singleturn|p1b: Glimmora|move: Protect
|move|p2b: Swampert|Earthquake|p1a: Whimsicott|[spread] p1a
|-activate|p1b: Glimmora|move: Protect
|-immune|p2a: Pelipper
|-resisted|p1a: Whimsicott|1
|-damage|p1a: Whimsicott|61/100
|move|p1a: Whimsicott|Energy Ball|p2b: Swampert
|-supereffective|p2b: Swampert|2
|-damage|p2b: Swampert|0 fnt
|faint|p2b: Swampert
|move|p2a: Pelipper|Tailwind|p2a: Pelipper
|-sidestart|p2: obalapv2|move: Tailwind
|
|-weather|RainDance|[upkeep]
|upkeep
|
|t:|1783581731
|switch|p2b: Basculegion|Basculegion, L50, M|100/100
|turn|2
|
|t:|1783581751
|switch|p1b: Sneasler|Sneasler, L50, F|100/100
|move|p1a: Whimsicott|Sunny Day|p1a: Whimsicott
|-weather|SunnyDay
|move|p2b: Basculegion|Wave Crash|p1b: Sneasler
|-damage|p1b: Sneasler|40/100
|-damage|p2b: Basculegion|84/100|[from] Recoil
|move|p2a: Pelipper|Weather Ball|p1a: Whimsicott
|-supereffective|p1a: Whimsicott|1
|-damage|p1a: Whimsicott|0 fnt
|faint|p1a: Whimsicott
|
|-weather|SunnyDay|[upkeep]
|upkeep
|
|t:|1783581759
|switch|p1a: Kingambit|Kingambit, L50, M|100/100
|turn|3
|
|t:|1783581770
|switch|p2b: Sinistcha|Sinistcha-Masterpiece, L50|100/100
|move|p1b: Sneasler|Fake Out|p2a: Pelipper
|-damage|p2a: Pelipper|86/100
|cant|p2a: Pelipper|flinch
|move|p1a: Kingambit|Kowtow Cleave|p2b: Sinistcha
|-supereffective|p2b: Sinistcha|1
|-damage|p2b: Sinistcha|0 fnt
|faint|p2b: Sinistcha
|
|-weather|SunnyDay|[upkeep]
|upkeep
|
|t:|1783581778
|switch|p2b: Basculegion|Basculegion, L50, M|84/100
|turn|4
|
|t:|1783581803
|move|p1b: Sneasler|Protect|p1b: Sneasler
|-singleturn|p1b: Sneasler|Protect
|move|p1a: Kingambit|Protect|p1a: Kingambit
|-singleturn|p1a: Kingambit|Protect
|move|p2b: Basculegion|Wave Crash|p1b: Sneasler
|-activate|p1b: Sneasler|move: Protect
|move|p2a: Pelipper|Weather Ball|p1a: Kingambit
|-activate|p1a: Kingambit|move: Protect
|
|-weather|SunnyDay|[upkeep]
|-sideend|p2: obalapv2|move: Tailwind
|upkeep
|turn|5
|inactive|cacaboudin oui oui has 30 seconds left.
|
|t:|1783581830
|move|p1a: Kingambit|Sucker Punch|p2b: Basculegion
|-supereffective|p2b: Basculegion|1
|-damage|p2b: Basculegion|0 fnt
|faint|p2b: Basculegion
|move|p1b: Sneasler|Dire Claw|p2a: Pelipper
|-damage|p2a: Pelipper|38/100
|-status|p2a: Pelipper|psn
|move|p2a: Pelipper|Weather Ball|p1a: Kingambit
|-supereffective|p1a: Kingambit|1
|-damage|p1a: Kingambit|12/100
|
|-weather|SunnyDay|[upkeep]
|-damage|p2a: Pelipper|26/100 psn|[from] psn
|upkeep
|turn|6
|
|t:|1783581848
|move|p1a: Kingambit|Sucker Punch|p2a: Pelipper
|-damage|p2a: Pelipper|0 fnt
|faint|p2a: Pelipper
|
|win|cacaboudin oui oui
|raw|cacaboudin oui oui's rating: 1056 → 1083(+27 for winning)
|raw|obalapv2's rating: 1000 → 1000(+0 for losing)
|c|☆cacaboudin oui oui|Gg
