|j|☆littlepotato13
|j|☆arushd02
|html|littlepotato13arushd02    
|uhtml|bestof|Game 2 of a best-of-3
|t:|1783357943
|gametype|doubles
|player|p1|littlepotato13|265|1099
|player|p2|arushd02|101|1121
|gen|9
|tier|[Gen 9 Champions] VGC 2026 Reg M-B (Bo3)
|rated|
|rule|Species Clause: Limit one of each Pokémon
|rule|Item Clause: Limit 1 of each item
|clearpoke
|poke|p1|Floette-Eternal, L50, F|
|poke|p1|Whimsicott, L50, F|
|poke|p1|Incineroar, L50, F|
|poke|p1|Gholdengo, L50|
|poke|p1|Charizard, L50, M|
|poke|p1|Garchomp, L50, F|
|poke|p2|Raichu, L50, F|
|poke|p2|Aegislash, L50, M|
|poke|p2|Maushold-Four, L50|
|poke|p2|Ninetales-Alola, L50, M|
|poke|p2|Whimsicott, L50, M|
|poke|p2|Basculegion, L50, M|
|teampreview|4
|showteam|p1|Floette-Eternal||Floettite|FlowerVeil|Protect,DazzlingGleam,Moonblast,LightofRuin|Modest||F|||50|]Whimsicott||FocusSash|Prankster|Protect,Tailwind,Encore,Moonblast|Timid||F|||50|]Incineroar||SitrusBerry|Intimidate|FakeOut,PartingShot,HelpingHand,FlareBlitz|Careful||F|||50|]Gholdengo||Leftovers|GoodasGold|Protect,NastyPlot,ShadowBall,MakeItRain|Modest|||||50|]Charizard||CharizarditeY|Blaze|Protect,SolarBeam,WeatherBall,HeatWave|Modest||M|||50|]Garchomp||RoseliBerry|RoughSkin|Protect,RockSlide,DragonClaw,Earthquake|Adamant||F|||50|
|showteam|p2|Raichu||RaichuniteY|LightningRod|ZapCannon,AlluringVoice,FakeOut,Protect|Hasty||F|||50|]Aegislash||ShucaBerry|StanceChange|KingsShield,WideGuard,ShadowBall,ShadowSneak|Sassy||M|||50|]Maushold-Four||FocusSash|FriendGuard|FollowMe,Encore,Protect,SuperFang|Timid|||||50|]Ninetales-Alola||LightClay|SnowWarning|AuroraVeil,Blizzard,Protect,DazzlingGleam|Timid||M|||50|]Whimsicott||MentalHerb|Prankster|Tailwind,Taunt,Encore,Protect|Bold||M|||50|]Basculegion||ChoiceScarf|Adaptability|WaveCrash,AquaJet,FlipTurn,LastRespects|Jolly||M|||50|
|inactive|Battle timer is ON: inactive players will automatically lose when time's up. (requested by littlepotato13)
|inactive|arushd02 has 60 seconds left.
|inactive|arushd02 has 30 seconds left.
|
|t:|1783358006
|teamsize|p1|4
|teamsize|p2|4
|start
|switch|p1a: Whimsicott|Whimsicott, L50, F|100/100
|switch|p1b: Charizard|Charizard, L50, M|100/100
|switch|p2a: Whimsicott|Whimsicott, L50, M|100/100
|switch|p2b: Basculegion|Basculegion, L50, M|100/100
|turn|1
|
|t:|1783358024
|detailschange|p1b: Charizard|Charizard-Mega-Y, L50, M
|-mega|p1b: Charizard|Charizard|Charizardite Y
|-weather|SunnyDay|[from] ability: Drought|[of] p1b: Charizard
|move|p2a: Whimsicott|Tailwind|p2a: Whimsicott
|-sidestart|p2: arushd02|move: Tailwind
|move|p2b: Basculegion|Wave Crash|p1b: Charizard
|-supereffective|p1b: Charizard|1
|-damage|p1b: Charizard|18/100
|-damage|p2b: Basculegion|77/100|[from] Recoil
|move|p1a: Whimsicott|Moonblast|p2a: Whimsicott
|-damage|p2a: Whimsicott|54/100
|-unboost|p2a: Whimsicott|spa|1
|move|p1b: Charizard|Heat Wave|p2b: Basculegion|[spread] p2a,p2b
|-supereffective|p2a: Whimsicott|1
|-resisted|p2b: Basculegion|1
|-damage|p2a: Whimsicott|0 fnt
|-damage|p2b: Basculegion|36/100
|faint|p2a: Whimsicott
|
|-weather|SunnyDay|[upkeep]
|upkeep
|
|t:|1783358039
|switch|p2a: Ninetales|Ninetales-Alola, L50, M|100/100
|-weather|Snowscape|[from] ability: Snow Warning|[of] p2a: Ninetales
|turn|2
|
|t:|1783358050
|move|p1a: Whimsicott|Protect|p1a: Whimsicott
|-singleturn|p1a: Whimsicott|Protect
|move|p2b: Basculegion|Wave Crash|p1a: Whimsicott
|-activate|p1a: Whimsicott|move: Protect
|move|p2a: Ninetales|Blizzard|p1a: Whimsicott|[spread] p1b
|-activate|p1a: Whimsicott|move: Protect
|-damage|p1b: Charizard|0 fnt
|faint|p1b: Charizard
|
|-weather|Snowscape|[upkeep]
|upkeep
|
|t:|1783358059
|switch|p1b: Incineroar|Incineroar, L50, F|100/100
|-ability|p1b: Incineroar|Intimidate|boost
|-unboost|p2a: Ninetales|atk|1
|-unboost|p2b: Basculegion|atk|1
|turn|3
|inactive|arushd02 has 30 seconds left.
|
|t:|1783358087
|move|p1b: Incineroar|Fake Out|p2a: Ninetales
|-damage|p2a: Ninetales|88/100
|move|p2b: Basculegion|Wave Crash|p1b: Incineroar
|-supereffective|p1b: Incineroar|1
|-damage|p1b: Incineroar|8/100
|-enditem|p1b: Incineroar|Sitrus Berry|[eat]
|-heal|p1b: Incineroar|33/100|[from] item: Sitrus Berry
|-damage|p2b: Basculegion|5/100|[from] Recoil
|cant|p2a: Ninetales|flinch
|move|p1a: Whimsicott|Moonblast|p2b: Basculegion
|-damage|p2b: Basculegion|0 fnt
|faint|p2b: Basculegion
|
|-weather|Snowscape|[upkeep]
|upkeep
|
|t:|1783358099
|switch|p2b: Raichu|Raichu, L50, F|100/100
|turn|4
|
|t:|1783358111
|detailschange|p2b: Raichu|Raichu-Mega-Y, L50, F
|-mega|p2b: Raichu|Raichu|Raichunite Y
|move|p1a: Whimsicott|Protect|p1a: Whimsicott
|-singleturn|p1a: Whimsicott|Protect
|move|p2b: Raichu|Zap Cannon|p1b: Incineroar
|-damage|p1b: Incineroar|0 fnt
|faint|p1b: Incineroar
|move|p2a: Ninetales|Blizzard|p1a: Whimsicott
|-activate|p1a: Whimsicott|move: Protect
|
|-weather|Snowscape|[upkeep]
|-sideend|p2: arushd02|move: Tailwind
|upkeep
|
|t:|1783358114
|switch|p1b: Garchomp|Garchomp, L50, F|100/100
|turn|5
|
|t:|1783358135
|move|p2b: Raichu|Protect|p2b: Raichu
|-singleturn|p2b: Raichu|Protect
|move|p1b: Garchomp|Protect|p1b: Garchomp
|-singleturn|p1b: Garchomp|Protect
|move|p1a: Whimsicott|Tailwind|p1a: Whimsicott
|-sidestart|p1: littlepotato13|move: Tailwind
|move|p2a: Ninetales|Blizzard|p1b: Garchomp|[spread] p1a
|-activate|p1b: Garchomp|move: Protect
|-supereffective|p1a: Whimsicott|1
|-enditem|p1a: Whimsicott|Focus Sash
|-damage|p1a: Whimsicott|1/100
|
|-weather|Snowscape|[upkeep]
|upkeep
|turn|6
|
|t:|1783358146
|move|p2b: Raichu|Protect||[still]
|-fail|p2b: Raichu
|move|p1a: Whimsicott|Moonblast|p2a: Ninetales
|-crit|p2a: Ninetales
|-damage|p2a: Ninetales|27/100
|move|p1b: Garchomp|Rock Slide|p2a: Ninetales|[spread] p2a,p2b
|-supereffective|p2a: Ninetales|1
|-damage|p2a: Ninetales|0 fnt
|-damage|p2b: Raichu|54/100
|faint|p2a: Ninetales
|
|-weather|none
|upkeep
|turn|7
|-message|arushd02 forfeited.
|
|win|littlepotato13
|raw|littlepotato13's rating: 1099 → 1126(+27 for winning)
|raw|arushd02's rating: 1121 → 1094(-27 for losing)
|l|☆arushd02
|player|p2|
