|j|☆vgac
|j|☆sweetlysunny
|html|vgacsweetlysunny    
|uhtml|bestof|Game 1 of a best-of-3
|t:|1783741618
|gametype|doubles
|player|p1|vgac|marlon|1162
|player|p2|sweetlysunny|serena|1193
|gen|9
|tier|[Gen 9 Champions] VGC 2026 Reg M-B (Bo3)
|rated|
|rule|Species Clause: Limit one of each Pokémon
|rule|Item Clause: Limit 1 of each item
|clearpoke
|poke|p1|Pelipper, L50, M|
|poke|p1|Swampert, L50, M|
|poke|p1|Archaludon, L50, F|
|poke|p1|Sinistcha, L50|
|poke|p1|Whimsicott, L50, M|
|poke|p1|Aerodactyl, L50, F|
|poke|p2|Torkoal, L50, M|
|poke|p2|Pyroar, L50, F|
|poke|p2|Vileplume, L50, M|
|poke|p2|Scrafty, L50, F|
|poke|p2|Farigiraf, L50, F|
|poke|p2|Sylveon, L50, M|
|teampreview|4
|showteam|p1|Pelipper||FocusSash|Drizzle|WideGuard,Hurricane,Tailwind,Surf|Modest||M|||50|]Swampert||Swampertite|Damp|Earthquake,WaveCrash,IcePunch,Protect|Jolly||M|||50|]Archaludon||Leftovers|Stamina|ElectroShot,DragonPulse,FlashCannon,Protect|Modest||F|||50|]Sinistcha||SitrusBerry|Hospitality|MatchaGotcha,LifeDew,TrickRoom,Protect|Relaxed|||||50|]Whimsicott||MentalHerb|Prankster|LightScreen,Charm,Tailwind,Moonblast|Bold||M|||50|]Aerodactyl||ChoiceScarf|RockHead|RockSlide,IronHead,DualWingbeat,PsychicFangs|Jolly||F|||50|
|showteam|p2|Torkoal||Charcoal|Drought|HeatWave,Eruption,HelpingHand,Protect|Quiet||M|||50|]Pyroar||Pyroarite|Unnerve|HeatWave,Overheat,ScorchingSands,Protect|Timid||F|||50|]Vileplume||FocusSash|Chlorophyll|EnergyBall,SludgeBomb,SleepPowder,AfterYou|Timid||M|||50|]Scrafty||Scraftinite|Intimidate|FakeOut,CloseCombat,PoisonJab,KnockOff|Brave||F|||50|]Farigiraf||SitrusBerry|ArmorTail|HyperVoice,Psychic,HelpingHand,TrickRoom|Bold||F|||50|]Sylveon||FairyFeather|Pixilate|HyperVoice,HyperBeam,QuickAttack,Protect|Quiet||M|||50|
|inactive|Battle timer is ON: inactive players will automatically lose when time's up. (requested by sweetlysunny)
|
|t:|1783741643
|teamsize|p1|4
|teamsize|p2|4
|start
|switch|p1a: Swampert|Swampert, L50, M|100/100
|switch|p1b: Sinistcha|Sinistcha, L50|100/100
|switch|p2a: Farigiraf|Farigiraf, L50, F|100/100
|switch|p2b: Scrafty|Scrafty, L50, F|100/100
|-ability|p2b: Scrafty|Intimidate|boost
|-unboost|p1a: Swampert|atk|1
|-unboost|p1b: Sinistcha|atk|1
|turn|1
|inactive|sweetlysunny has 30 seconds left.
|
|t:|1783741675
|switch|p1a: Archaludon|Archaludon, L50, F|100/100
|detailschange|p2b: Scrafty|Scrafty-Mega, L50, F
|-mega|p2b: Scrafty|Scrafty|Scraftinite
|-ability|p2b: Scrafty|Intimidate|boost
|-unboost|p1a: Archaludon|atk|1
|-unboost|p1b: Sinistcha|atk|1
|move|p1b: Sinistcha|Matcha Gotcha|p2b: Scrafty|[spread] p2a,p2b
|-damage|p2a: Farigiraf|75/100
|-damage|p2b: Scrafty|80/100
|-status|p2a: Farigiraf|brn
|move|p2a: Farigiraf|Psychic|p1a: Archaludon
|-resisted|p1a: Archaludon|1
|-damage|p1a: Archaludon|82/100
|-ability|p1a: Archaludon|Stamina|boost
|-boost|p1a: Archaludon|def|1
|move|p2b: Scrafty|Knock Off|p1b: Sinistcha
|-supereffective|p1b: Sinistcha|1
|-damage|p1b: Sinistcha|21/100
|-enditem|p1b: Sinistcha|Sitrus Berry|[from] move: Knock Off|[of] p2b: Scrafty
|
|-heal|p1a: Archaludon|88/100|[from] item: Leftovers
|-damage|p2a: Farigiraf|69/100 brn|[from] brn
|upkeep
|turn|2
|inactive|vgac has 30 seconds left.
|inactive|sweetlysunny has 30 seconds left.
|
|t:|1783741707
|switch|p2b: Torkoal|Torkoal, L50, M|100/100
|-weather|SunnyDay|[from] ability: Drought|[of] p2b: Torkoal
|move|p1a: Archaludon|Dragon Pulse|p2a: Farigiraf
|-damage|p2a: Farigiraf|21/100 brn
|-enditem|p2a: Farigiraf|Sitrus Berry|[eat]
|-heal|p2a: Farigiraf|46/100 brn|[from] item: Sitrus Berry
|move|p1b: Sinistcha|Matcha Gotcha|p2a: Farigiraf|[spread] p2a,p2b
|-resisted|p2b: Torkoal|1
|-damage|p2a: Farigiraf|22/100 brn
|-heal|p1b: Sinistcha|35/100|[from] drain|[of] p2a: Farigiraf
|-damage|p2b: Torkoal|83/100
|-heal|p1b: Sinistcha|44/100|[from] drain|[of] p2b: Torkoal
|move|p2a: Farigiraf|Trick Room|p2a: Farigiraf
|-fieldstart|move: Trick Room|[of] p2a: Farigiraf
|
|-weather|SunnyDay|[upkeep]
|-heal|p1a: Archaludon|94/100|[from] item: Leftovers
|-damage|p2a: Farigiraf|16/100 brn|[from] brn
|upkeep
|turn|3
|
|t:|1783741731
|switch|p1b: Pelipper|Pelipper, L50, M|100/100
|-weather|RainDance|[from] ability: Drizzle|[of] p1b: Pelipper
|move|p2b: Torkoal|Eruption|p1b: Pelipper|[spread] p1a,p1b
|-resisted|p1b: Pelipper|1
|-damage|p1a: Archaludon|70/100
|-damage|p1b: Pelipper|78/100
|-ability|p1a: Archaludon|Stamina|boost
|-boost|p1a: Archaludon|def|1
|move|p2a: Farigiraf|Psychic|p1a: Archaludon
|-resisted|p1a: Archaludon|1
|-damage|p1a: Archaludon|52/100
|-ability|p1a: Archaludon|Stamina|boost
|-boost|p1a: Archaludon|def|1
|move|p1a: Archaludon|Electro Shot||[still]
|-prepare|p1a: Archaludon|Electro Shot
|-boost|p1a: Archaludon|spa|1
|-anim|p1a: Archaludon|Electro Shot|p2b: Torkoal
|-damage|p2b: Torkoal|0 fnt
|faint|p2b: Torkoal
|
|-weather|RainDance|[upkeep]
|-heal|p1a: Archaludon|58/100|[from] item: Leftovers
|-damage|p2a: Farigiraf|10/100 brn|[from] brn
|upkeep
|
|t:|1783741742
|switch|p2b: Scrafty|Scrafty-Mega, L50, F|80/100
|-ability|p2b: Scrafty|Intimidate|boost
|-unboost|p1a: Archaludon|atk|1
|-unboost|p1b: Pelipper|atk|1
|turn|4
|
|t:|1783741750
|switch|p1b: Sinistcha|Sinistcha, L50|44/100
|-heal|p1a: Archaludon|83/100|[from] ability: Hospitality|[of] p1b: Sinistcha
|move|p2b: Scrafty|Close Combat|p1a: Archaludon
|-supereffective|p1a: Archaludon|1
|-damage|p1a: Archaludon|31/100
|-unboost|p2b: Scrafty|def|1
|-unboost|p2b: Scrafty|spd|1
|-ability|p1a: Archaludon|Stamina|boost
|-boost|p1a: Archaludon|def|1
|move|p2a: Farigiraf|Psychic|p1b: Sinistcha
|-damage|p1b: Sinistcha|6/100
|move|p1a: Archaludon|Electro Shot||[still]
|-prepare|p1a: Archaludon|Electro Shot
|-boost|p1a: Archaludon|spa|1
|-anim|p1a: Archaludon|Electro Shot|p2b: Scrafty
|-damage|p2b: Scrafty|0 fnt
|faint|p2b: Scrafty
|
|-weather|RainDance|[upkeep]
|-heal|p1a: Archaludon|37/100|[from] item: Leftovers
|-damage|p2a: Farigiraf|4/100 brn|[from] brn
|upkeep
|
|t:|1783741753
|switch|p2b: Sylveon|Sylveon, L50, M|100/100
|turn|5
|
|t:|1783741776
|switch|p1b: Swampert|Swampert, L50, M|100/100
|move|p1a: Archaludon|Protect|p1a: Archaludon
|-singleturn|p1a: Archaludon|Protect
|move|p2b: Sylveon|Hyper Voice|p1b: Swampert|[spread] p1b
|-activate|p1a: Archaludon|move: Protect
|-damage|p1b: Swampert|40/100
|move|p2a: Farigiraf|Psychic|p1a: Archaludon
|-activate|p1a: Archaludon|move: Protect
|
|-weather|RainDance|[upkeep]
|-heal|p1a: Archaludon|43/100|[from] item: Leftovers
|-damage|p2a: Farigiraf|0 fnt|[from] brn
|faint|p2a: Farigiraf
|upkeep
|turn|6
|
|t:|1783741791
|switch|p1b: Sinistcha|Sinistcha, L50|6/100
|-heal|p1a: Archaludon|68/100|[from] ability: Hospitality|[of] p1b: Sinistcha
|move|p2b: Sylveon|Hyper Voice|p1b: Sinistcha|[spread] p1a,p1b
|-damage|p1a: Archaludon|10/100
|-damage|p1b: Sinistcha|0 fnt
|-ability|p1a: Archaludon|Stamina|boost
|-boost|p1a: Archaludon|def|1
|faint|p1b: Sinistcha
|move|p1a: Archaludon|Flash Cannon|p2b: Sylveon
|-supereffective|p2b: Sylveon|1
|-damage|p2b: Sylveon|0 fnt
|faint|p2b: Sylveon
|
|win|vgac
||vgac is ready for game 2.
||sweetlysunny is ready for game 2.
|uhtml|next|Next: Game 2 of 3
|l|☆vgac
|player|p1|
