|j|☆Olciax34
|j|☆Navizz0
|html|Olciax34Navizz0    
|uhtml|bestof|Game 2 of a best-of-3
|t:|1784717039
|gametype|doubles
|player|p1|Olciax34|clair|1297
|player|p2|Navizz0|ethan|1492
|gen|9
|tier|[Gen 9 Champions] VGC 2026 Reg M-B (Bo3)
|rated|
|rule|Species Clause: Limit one of each Pokémon
|rule|Item Clause: Limit 1 of each item
|clearpoke
|poke|p1|Charizard, L50, M|
|poke|p1|Whimsicott, L50, F|
|poke|p1|Garchomp, L50, M|
|poke|p1|Basculegion, L50, M|
|poke|p1|Floette-Eternal, L50, F|
|poke|p1|Kingambit, L50, F|
|poke|p2|Blaziken, L50, M|
|poke|p2|Ninetales-Alola, L50, F|
|poke|p2|Sinistcha, L50|
|poke|p2|Aerodactyl, L50, F|
|poke|p2|Kingambit, L50, M|
|poke|p2|Basculegion, L50, M|
|teampreview|4
|showteam|p1|Charizard||CharizarditeY|SolarPower|HeatWave,WeatherBall,SolarBeam,Protect|Modest||M|||50|]Whimsicott||FocusSash|Prankster|Moonblast,Tailwind,Encore,Protect|Timid||F|||50|]Garchomp||LifeOrb|RoughSkin|Earthquake,DragonClaw,RockSlide,Protect|Jolly||M|||50|]Basculegion||ChoiceScarf|Adaptability|WaveCrash,FlipTurn,LastRespects,AquaJet|Jolly||M|||50|]Floette-Eternal||Floettite|FlowerVeil|DrainingKiss,Moonblast,CalmMind,Protect|Modest||F|||50|]Kingambit||ChopleBerry|Defiant|KowtowCleave,SuckerPunch,IronHead,LowKick|Adamant||F|||50|
|showteam|p2|Blaziken||Blazikenite|SpeedBoost|AuraSphere,HeatWave,ScorchingSands,Detect|Modest||M|||50|]Ninetales-Alola||LifeOrb|SnowWarning|Blizzard,FreezeDry,Moonblast,Protect|Timid||F|||50|]Sinistcha||SitrusBerry|Hospitality|MatchaGotcha,Protect,TrickRoom,RagePowder|Calm|||||50|]Aerodactyl||Aerodactylite|Unnerve|RockSlide,DualWingbeat,WideGuard,Tailwind|Jolly||F|||50|]Kingambit||FocusSash|Defiant|SuckerPunch,IronHead,LowKick,KowtowCleave|Adamant||M|||50|]Basculegion||ChoiceScarf|Adaptability|LastRespects,WaveCrash,AquaJet,FlipTurn|Jolly||M|||50|
|inactive|Battle timer is ON: inactive players will automatically lose when time's up. (requested by Navizz0)
|inactive|Olciax34 has 60 seconds left.
|
|t:|1784717087
|teamsize|p1|4
|teamsize|p2|4
|start
|switch|p1a: Floette|Floette-Eternal, L50, F|100/100
|switch|p1b: Basculegion|Basculegion, L50, M|100/100
|switch|p2a: Ninetales|Ninetales-Alola, L50, F|100/100
|switch|p2b: Blaziken|Blaziken, L50, M|100/100
|-weather|Snowscape|[from] ability: Snow Warning|[of] p2a: Ninetales
|turn|1
|
|t:|1784717109
|detailschange|p2b: Blaziken|Blaziken-Mega, L50, M
|-mega|p2b: Blaziken|Blaziken|Blazikenite
|detailschange|p1a: Floette|Floette-Mega, L50, F
|-mega|p1a: Floette|Floette|Floettite
|-ability|p1a: Floette|Fairy Aura
|move|p2b: Blaziken|Detect|p2b: Blaziken
|-singleturn|p2b: Blaziken|Protect
|move|p1b: Basculegion|Flip Turn|p2a: Ninetales
|-damage|p2a: Ninetales|60/100
|
|t:|1784717122
|switch|p1b: Kingambit|Kingambit, L50, F|100/100|[from] Flip Turn
|move|p2a: Ninetales|Blizzard|p1a: Floette|[spread] p1a,p1b
|-resisted|p1b: Kingambit|1
|-damage|p1a: Floette|69/100
|-damage|p1b: Kingambit|81/100
|-damage|p2a: Ninetales|50/100y|[from] item: Life Orb
|move|p1a: Floette|Calm Mind|p1a: Floette
|-boost|p1a: Floette|spa|1
|-boost|p1a: Floette|spd|1
|
|-weather|Snowscape|[upkeep]
|-ability|p2b: Blaziken|Speed Boost|boost
|-boost|p2b: Blaziken|spe|1
|upkeep
|turn|2
|inactive|Olciax34 has 30 seconds left.
|
|t:|1784717153
|switch|p1b: Basculegion|Basculegion, L50, M|100/100
|move|p2b: Blaziken|Heat Wave|p1a: Floette|[spread] p1a,p1b
|-resisted|p1b: Basculegion|1
|-damage|p1a: Floette|47/100
|-damage|p1b: Basculegion|78/100
|move|p2a: Ninetales|Blizzard|p1a: Floette|[spread] p1a,p1b
|-resisted|p1b: Basculegion|1
|-damage|p1a: Floette|26/100
|-damage|p1b: Basculegion|56/100
|-status|p1b: Basculegion|frz
|-damage|p2a: Ninetales|40/100|[from] item: Life Orb
|move|p1a: Floette|Draining Kiss|p2b: Blaziken
|-damage|p2b: Blaziken|23/100
|-heal|p1a: Floette|83/100|[from] drain|[of] p2b: Blaziken
|
|-weather|Snowscape|[upkeep]
|-ability|p2b: Blaziken|Speed Boost|boost
|-boost|p2b: Blaziken|spe|1
|upkeep
|turn|3
|
|t:|1784717174
|-curestatus|p1b: Basculegion|frz|[msg]
|move|p1b: Basculegion|Aqua Jet|p2b: Blaziken
|-supereffective|p2b: Blaziken|1
|-damage|p2b: Blaziken|0 fnt
|faint|p2b: Blaziken
|move|p2a: Ninetales|Freeze-Dry|p1b: Basculegion
|-supereffective|p1b: Basculegion|1
|-damage|p1b: Basculegion|0 fnt
|faint|p1b: Basculegion
|-damage|p2a: Ninetales|30/100|[from] item: Life Orb
|move|p1a: Floette|Draining Kiss|p2a: Ninetales
|-damage|p2a: Ninetales|0 fnt
|-heal|p1a: Floette|100/100|[from] drain|[of] p2a: Ninetales
|faint|p2a: Ninetales
|
|-weather|Snowscape|[upkeep]
|upkeep
|
|t:|1784717192
|switch|p2a: Kingambit|Kingambit, L50, M|100/100
|switch|p2b: Aerodactyl|Aerodactyl, L50, F|100/100
|switch|p1b: Whimsicott|Whimsicott, L50, F|100/100
|-ability|p2b: Aerodactyl|Unnerve
|turn|4
|
|t:|1784717205
|move|p1b: Whimsicott|Tailwind|p1b: Whimsicott
|-sidestart|p1: Olciax34|move: Tailwind
|move|p1a: Floette|Moonblast|p2b: Aerodactyl
|-damage|p2b: Aerodactyl|0 fnt
|faint|p2b: Aerodactyl
|move|p2a: Kingambit|Iron Head|p1a: Floette
|-supereffective|p1a: Floette|1
|-damage|p1a: Floette|13/100
|
|-weather|Snowscape|[upkeep]
|upkeep
|turn|5
|-message|Navizz0 forfeited.
|
|win|Olciax34
|raw|Olciax34's rating: 1297 → 1335(+38 for winning)
|raw|Navizz0's rating: 1492 → 1462(-30 for losing)
|l|☆Navizz0
|player|p2|
