|j|☆Pelosis
|j|☆pokeopposition
|html|Pelosispokeopposition    
|uhtml|bestof|Game 3 of a best-of-3
|t:|1784205198
|gametype|doubles
|player|p1|Pelosis|102|1153
|player|p2|pokeopposition|silver|1185
|gen|9
|tier|[Gen 9 Champions] VGC 2026 Reg M-B (Bo3)
|rated|
|rule|Species Clause: Limit one of each Pokémon
|rule|Item Clause: Limit 1 of each item
|clearpoke
|poke|p1|Mawile, L50, F|
|poke|p1|Farigiraf, L50, M|
|poke|p1|Incineroar, L50, F|
|poke|p1|Torkoal, L50, F|
|poke|p1|Venusaur, L50, F|
|poke|p1|Scrafty, L50, F|
|poke|p2|Gyarados, L50, M, shiny|
|poke|p2|Garchomp, L50, F, shiny|
|poke|p2|Sinistcha, L50, shiny|
|poke|p2|Sneasler, L50, F, shiny|
|poke|p2|Incineroar, L50, F|
|poke|p2|Pelipper, L50, F, shiny|
|teampreview|4
|showteam|p1|Mawile||Mawilite|HyperCutter|Protect,PlayRough,SwordsDance,SuckerPunch|Brave||F|||50|]Farigiraf||SitrusBerry|ArmorTail|TrickRoom,TwinBeam,Thunderbolt,HelpingHand|Quiet||M|||50|]Incineroar||WhiteHerb|Intimidate|FakeOut,CloseCombat,FlareBlitz,DarkestLariat|Brave||F|||50|]Torkoal||Charcoal|Drought|Protect,Eruption,HeatWave,WeatherBall|Quiet||F|||50|]Venusaur||FocusSash|Chlorophyll|SleepPowder,EarthPower,EnergyBall,SludgeBomb|Modest||F|||50|]Scrafty||Scraftinite|Intimidate|FakeOut,CloseCombat,KnockOff,IcePunch|Brave||F|||50|
|showteam|p2|Gyarados||Gyaradosite|Intimidate|Waterfall,Crunch,DragonDance,Protect|Jolly||M|||50|]Garchomp||LifeOrb|RoughSkin|Earthquake,RockSlide,DragonClaw,Protect|Jolly||F|||50|]Sinistcha||Leftovers|Hospitality|MatchaGotcha,TrickRoom,RagePowder,Protect|Relaxed|||||50|]Sneasler||WhiteHerb|Unburden|GunkShot,CloseCombat,FakeOut,Protect|Adamant||F|||50|]Incineroar||SitrusBerry|Intimidate|FakeOut,PartingShot,FlareBlitz,ThroatChop|Impish||F|||50|]Pelipper||FocusSash|Drizzle|Tailwind,Hurricane,WeatherBall,Protect|Timid||F|||50|
|inactive|Battle timer is ON: inactive players will automatically lose when time's up. (requested by Pelosis)
|inactive|Pelosis has 60 seconds left.
|inactive|Pelosis has 30 seconds left.
|
|t:|1784205282
|teamsize|p1|4
|teamsize|p2|4
|start
|switch|p1a: Farigiraf|Farigiraf, L50, M|100/100
|switch|p1b: Venusaur|Venusaur, L50, F|100/100
|switch|p2a: Incineroar|Incineroar, L50, F|100/100
|switch|p2b: Sinistcha|Sinistcha, L50, shiny|100/100
|-ability|p2a: Incineroar|Intimidate|boost
|-unboost|p1a: Farigiraf|atk|1
|-unboost|p1b: Venusaur|atk|1
|turn|1
|inactive|pokeopposition has 30 seconds left.
|inactive|pokeopposition has 20 seconds left.
|
|t:|1784205321
|switch|p2b: Gyarados|Gyarados, L50, M, shiny|100/100
|-ability|p2b: Gyarados|Intimidate|boost
|-unboost|p1a: Farigiraf|atk|1
|-unboost|p1b: Venusaur|atk|1
|move|p1b: Venusaur|Sleep Powder|p2a: Incineroar
|-status|p2a: Incineroar|slp|[from] move: Sleep Powder
|cant|p2a: Incineroar|slp
|move|p1a: Farigiraf|Twin Beam|p2b: Gyarados
|-damage|p2b: Gyarados|82/100
|-damage|p2b: Gyarados|64/100
|-hitcount|p2b: Gyarados|2
|
|upkeep
|turn|2
|inactive|Pelosis has 30 seconds left.
|inactive|pokeopposition has 30 seconds left.
|
|t:|1784205362
|switch|p1a: Torkoal|Torkoal, L50, F|100/100
|-weather|SunnyDay|[from] ability: Drought|[of] p1a: Torkoal
|move|p2b: Gyarados|Protect|p2b: Gyarados
|-singleturn|p2b: Gyarados|Protect
|move|p1b: Venusaur|Sleep Powder|p2b: Gyarados
|-activate|p2b: Gyarados|move: Protect
|cant|p2a: Incineroar|slp
|
|-weather|SunnyDay|[upkeep]
|upkeep
|turn|3
|inactive|pokeopposition has 30 seconds left.
|
|t:|1784205393
|switch|p2b: Pelipper|Pelipper, L50, F, shiny|100/100
|-weather|RainDance|[from] ability: Drizzle|[of] p2b: Pelipper
|move|p1b: Venusaur|Earth Power|p2a: Incineroar
|-supereffective|p2a: Incineroar|1
|-damage|p2a: Incineroar|50/100g slp
|-curestatus|p2a: Incineroar|slp|[msg]
|move|p2a: Incineroar|Throat Chop|p1a: Torkoal
|-damage|p1a: Torkoal|75/100
|-start|p1a: Torkoal|Throat Chop|[silent]
|move|p1a: Torkoal|Eruption|p2a: Incineroar|[spread] p2a,p2b
|-resisted|p2a: Incineroar|1
|-resisted|p2b: Pelipper|1
|-damage|p2a: Incineroar|40/100
|-damage|p2b: Pelipper|80/100
|-enditem|p2a: Incineroar|Sitrus Berry|[eat]
|-heal|p2a: Incineroar|65/100|[from] item: Sitrus Berry
|
|-weather|RainDance|[upkeep]
|upkeep
|turn|4
|inactive|Pelosis has 30 seconds left.
|inactive|Pelosis has 20 seconds left.
|
|t:|1784205432
|switch|p2a: Sinistcha|Sinistcha, L50, shiny|100/100
|-heal|p2b: Pelipper|100/100|[from] ability: Hospitality|[of] p2a: Sinistcha
|switch|p1a: Farigiraf|Farigiraf, L50, M|100/100
|move|p1b: Venusaur|Sleep Powder|p2b: Pelipper
|-status|p2b: Pelipper|slp|[from] move: Sleep Powder
|cant|p2b: Pelipper|slp
|
|-weather|RainDance|[upkeep]
|upkeep
|turn|5
|inactive|pokeopposition has 30 seconds left.
|
|t:|1784205462
|move|p2a: Sinistcha|Protect|p2a: Sinistcha
|-singleturn|p2a: Sinistcha|Protect
|move|p1b: Venusaur|Sludge Bomb|p2a: Sinistcha
|-activate|p2a: Sinistcha|move: Protect
|cant|p2b: Pelipper|slp
|move|p1a: Farigiraf|Thunderbolt|p2b: Pelipper
|-supereffective|p2b: Pelipper|2
|-enditem|p2b: Pelipper|Focus Sash
|-damage|p2b: Pelipper|1/100 slp
|
|-weather|RainDance|[upkeep]
|upkeep
|turn|6
|
|t:|1784205485
|move|p1b: Venusaur|Sludge Bomb|p2a: Sinistcha
|-damage|p2a: Sinistcha|53/100
|-curestatus|p2b: Pelipper|slp|[msg]
|move|p2b: Pelipper|Hurricane|p1b: Venusaur
|-supereffective|p1b: Venusaur|1
|-enditem|p1b: Venusaur|Focus Sash
|-damage|p1b: Venusaur|1/100
|-start|p1b: Venusaur|confusion
|move|p2a: Sinistcha|Matcha Gotcha|p1b: Venusaur|[spread] p1a
|-miss|p2a: Sinistcha|p1b: Venusaur
|-damage|p1a: Farigiraf|76/100
|-heal|p2a: Sinistcha|68/100|[from] drain|[of] p1a: Farigiraf
|move|p1a: Farigiraf|Thunderbolt|p2b: Pelipper
|-supereffective|p2b: Pelipper|2
|-damage|p2b: Pelipper|0 fnt
|faint|p2b: Pelipper
|
|-weather|RainDance|[upkeep]
|-heal|p2a: Sinistcha|74/100|[from] item: Leftovers
|upkeep
|
|t:|1784205494
|switch|p2b: Gyarados|Gyarados, L50, M, shiny|64/100
|-ability|p2b: Gyarados|Intimidate|boost
|-unboost|p1a: Farigiraf|atk|1
|-unboost|p1b: Venusaur|atk|1
|turn|7
|inactive|Pelosis has 30 seconds left.
|inactive|pokeopposition has 30 seconds left.
|
|t:|1784205525
|switch|p1b: Torkoal|Torkoal, L50, F|75/100
|-weather|SunnyDay|[from] ability: Drought|[of] p1b: Torkoal
|switch|p1a: Scrafty|Scrafty, L50, F|100/100
|-ability|p1a: Scrafty|Intimidate|boost
|-unboost|p2a: Sinistcha|atk|1
|-unboost|p2b: Gyarados|atk|1
|detailschange|p2b: Gyarados|Gyarados-Mega, L50, M, shiny
|-mega|p2b: Gyarados|Gyarados|Gyaradosite
|-ability|p2b: Gyarados|Mold Breaker
|move|p2a: Sinistcha|Rage Powder|p2a: Sinistcha
|-singleturn|p2a: Sinistcha|move: Rage Powder
|move|p2b: Gyarados|Crunch|p1a: Scrafty
|-resisted|p1a: Scrafty|2
|-damage|p1a: Scrafty|93/100
|
|-weather|SunnyDay|[upkeep]
|-heal|p2a: Sinistcha|80/100|[from] item: Leftovers
|upkeep
|turn|8
|inactive|Pelosis has 30 seconds left.
|inactive|Pelosis has 20 seconds left.
|inactive|Pelosis has 15 seconds left.
|
|t:|1784205567
|switch|p2a: Incineroar|Incineroar, L50, F|65/100
|-ability|p2a: Incineroar|Intimidate|boost
|-unboost|p1a: Scrafty|atk|1
|-unboost|p1b: Torkoal|atk|1
|detailschange|p1a: Scrafty|Scrafty-Mega, L50, F
|-mega|p1a: Scrafty|Scrafty|Scraftinite
|-ability|p1a: Scrafty|Intimidate|boost
|-unboost|p2a: Incineroar|atk|1
|-unboost|p2b: Gyarados|atk|1
|move|p2b: Gyarados|Protect|p2b: Gyarados
|-singleturn|p2b: Gyarados|Protect
|move|p1a: Scrafty|Fake Out|p2b: Gyarados
|-activate|p2b: Gyarados|move: Protect
|move|p1b: Torkoal|Eruption|p2a: Incineroar|[spread] p2a
|-activate|p2b: Gyarados|move: Protect
|-resisted|p2a: Incineroar|1
|-damage|p2a: Incineroar|37/100
|
|-weather|SunnyDay|[upkeep]
|upkeep
|turn|9
|inactive|pokeopposition has 30 seconds left.
|
|t:|1784205597
|switch|p2b: Sinistcha|Sinistcha, L50, shiny|80/100
|-heal|p2a: Incineroar|61/100|[from] ability: Hospitality|[of] p2b: Sinistcha
|switch|p1b: Farigiraf|Farigiraf, L50, M|76/100
|move|p2a: Incineroar|Parting Shot|p1b: Farigiraf
|-unboost|p1b: Farigiraf|atk|1
|-unboost|p1b: Farigiraf|spa|1
|c|☆Pelosis|nice
|
|t:|1784205605
|switch|p2a: Gyarados|Gyarados-Mega, L50, M, shiny|64/100|[from] Parting Shot
|-ability|p2a: Gyarados|Mold Breaker
|move|p1a: Scrafty|Close Combat|p2b: Sinistcha
|-immune|p2b: Sinistcha
|
|-weather|SunnyDay|[upkeep]
|-heal|p2b: Sinistcha|87/100|[from] item: Leftovers
|upkeep
|turn|10
|inactive|Pelosis has 30 seconds left.
|inactive|Pelosis has 20 seconds left.
|inactive|Pelosis has 15 seconds left.
|inactive|Pelosis has 10 seconds left.
|
|t:|1784205650
|switch|p2b: Incineroar|Incineroar, L50, F|61/100
|-ability|p2b: Incineroar|Intimidate|boost
|-unboost|p1a: Scrafty|atk|1
|-unboost|p1b: Farigiraf|atk|1
|move|p2a: Gyarados|Crunch|p1b: Farigiraf
|-supereffective|p1b: Farigiraf|1
|-damage|p1b: Farigiraf|0 fnt
|faint|p1b: Farigiraf
|move|p1a: Scrafty|Knock Off|p2b: Incineroar
|-resisted|p2b: Incineroar|1
|-damage|p2b: Incineroar|54/100
|
|-weather|SunnyDay|[upkeep]
|upkeep
|
|t:|1784205668
|switch|p1b: Venusaur|Venusaur, L50, F|1/100
|turn|11
|
|t:|1784205675
|switch|p1b: Torkoal|Torkoal, L50, F|75/100
|move|p2b: Incineroar|Fake Out|p1b: Torkoal
|-damage|p1b: Torkoal|68/100
|move|p2a: Gyarados|Dragon Dance|p2a: Gyarados
|-boost|p2a: Gyarados|atk|1
|-boost|p2a: Gyarados|spe|1
|move|p1a: Scrafty|Close Combat|p2b: Incineroar
|-supereffective|p2b: Incineroar|1
|-damage|p2b: Incineroar|4/100
|-unboost|p1a: Scrafty|def|1
|-unboost|p1a: Scrafty|spd|1
|
|-weather|none
|upkeep
|turn|12
|
|t:|1784205700
|move|p2a: Gyarados|Waterfall|p1a: Scrafty
|-damage|p1a: Scrafty|8/100
|move|p2b: Incineroar|Parting Shot|p1b: Torkoal
|-unboost|p1b: Torkoal|atk|1
|-unboost|p1b: Torkoal|spa|1
|
|t:|1784205705
|switch|p2b: Sinistcha|Sinistcha, L50, shiny|87/100|[from] Parting Shot
|-heal|p2a: Gyarados|89/100|[from] ability: Hospitality|[of] p2b: Sinistcha
|move|p1a: Scrafty|Close Combat|p2a: Gyarados
|-supereffective|p2a: Gyarados|1
|-damage|p2a: Gyarados|29/100
|-unboost|p1a: Scrafty|def|1
|-unboost|p1a: Scrafty|spd|1
|move|p1b: Torkoal|Heat Wave|p2b: Sinistcha|[spread] p2a,p2b
|-resisted|p2a: Gyarados|1
|-supereffective|p2b: Sinistcha|1
|-damage|p2a: Gyarados|20/100y
|-damage|p2b: Sinistcha|35/100
|
|-heal|p2b: Sinistcha|41/100|[from] item: Leftovers
|upkeep
|turn|13
|inactive|Pelosis has 30 seconds left.
|inactive|pokeopposition has 30 seconds left.
|
|t:|1784205735
|switch|p2b: Incineroar|Incineroar, L50, F|4/100
|-ability|p2b: Incineroar|Intimidate|boost
|-unboost|p1a: Scrafty|atk|1
|-unboost|p1b: Torkoal|atk|1
|switch|p1a: Venusaur|Venusaur, L50, F|1/100
|move|p2a: Gyarados|Waterfall|p1b: Torkoal
|-supereffective|p1b: Torkoal|1
|-damage|p1b: Torkoal|0 fnt
|faint|p1b: Torkoal
|
|upkeep
|
|t:|1784205745
|switch|p1b: Scrafty|Scrafty-Mega, L50, F|8/100
|-ability|p1b: Scrafty|Intimidate|boost
|-unboost|p2a: Gyarados|atk|1
|-unboost|p2b: Incineroar|atk|1
|turn|14
|
|t:|1784205766
|switch|p2b: Sinistcha|Sinistcha, L50, shiny|41/100
|-heal|p2a: Gyarados|45/100|[from] ability: Hospitality|[of] p2b: Sinistcha
|move|p2a: Gyarados|Protect|p2a: Gyarados
|-singleturn|p2a: Gyarados|Protect
|move|p1b: Scrafty|Fake Out|p2a: Gyarados
|-activate|p2a: Gyarados|move: Protect
|move|p1a: Venusaur|Sleep Powder|p2b: Sinistcha
|-immune|p2b: Sinistcha
|
|-heal|p2b: Sinistcha|47/100|[from] item: Leftovers
|upkeep
|turn|15
|
|t:|1784205788
|move|p2a: Gyarados|Waterfall|p1b: Scrafty
|-damage|p1b: Scrafty|0 fnt
|faint|p1b: Scrafty
|move|p1a: Venusaur|Sludge Bomb|p2b: Sinistcha
|-damage|p2b: Sinistcha|5/100
|move|p2b: Sinistcha|Matcha Gotcha|p1a: Venusaur
|-resisted|p1a: Venusaur|2
|-damage|p1a: Venusaur|0 fnt
|-heal|p2b: Sinistcha|5/100|[from] drain|[of] p1a: Venusaur
|faint|p1a: Venusaur
|
|win|pokeopposition
|raw|Pelosis's rating: 1153 → 1130(-23 for losing)
|raw|pokeopposition's rating: 1185 → 1208(+23 for winning)
|c|☆pokeopposition|ggs
|c|☆Pelosis|gg bro
