|j|☆lettuce7
|j|☆pw9090
|html|lettuce7pw9090    
|uhtml|bestof|Game 1 of a best-of-3
|t:|1786144215
|gametype|doubles
|player|p1|lettuce7|blue|
|player|p2|pw9090|169|
|gen|9
|tier|[Gen 9 Champions] VGC 2026 Reg M-B (Bo3)
|rule|Species Clause: Limit one of each Pokémon
|rule|Item Clause: Limit 1 of each item
|clearpoke
|poke|p1|Venusaur, L50, F|
|poke|p1|Floette-Eternal, L50, F|
|poke|p1|Skarmory, L50, M|
|poke|p1|Hydreigon, L50, M|
|poke|p1|Maushold, L50|
|poke|p1|Ninetales-Alola, L50, F, shiny|
|poke|p2|Corviknight, L50, F|
|poke|p2|Dragalge, L50, F, shiny|
|poke|p2|Meowstic, L50, M|
|poke|p2|Eelektross, L50, M|
|poke|p2|Scolipede, L50, F, shiny|
|poke|p2|Annihilape, L50, M|
|teampreview|4
|showteam|p1|Venusaur||Venusaurite|Overgrow|EarthPower,SludgeBomb,SleepPowder,Protect|Timid||F|||50|]Floette-Eternal||Floettite|FlowerVeil|Moonblast,DazzlingGleam,CalmMind,Protect|Timid||F|||50|]Skarmory||Leftovers|KeenEye|BraveBird,Tailwind,Roost,Protect|Adamant||M|||50|]Hydreigon||LifeOrb|Levitate|Snarl,DarkPulse,Tailwind,Protect|Timid||M|||50|]Maushold||SitrusBerry|FriendGuard|FollowMe,Crunch,HelpingHand,Protect|Careful|||||50|]Ninetales-Alola||ChoiceScarf|SnowWarning|Blizzard,DazzlingGleam,Hex,Moonblast|Modest||F|||50|
|showteam|p2|Corviknight||Leftovers|Unnerve|IronHead,Uturn,Tailwind,BraveBird|Adamant||F|||50|]Dragalge||Dragalgite|PoisonPoint|SludgeBomb,DracoMeteor,Scald,FlipTurn|Modest||F|||50|]Meowstic||MentalHerb|Prankster|ThunderWave,PsychicNoise,LightScreen,Reflect|Calm||M|||50|]Eelektross||ExpertBelt|Levitate|Thunderbolt,Flamethrower,KnockOff,DrainPunch|Brave||M|||50|]Scolipede||LifeOrb|SpeedBoost|PoisonJab,RockSlide,Megahorn,Protect|Adamant||F|||50|]Annihilape||FocusSash|Defiant|RageFist,BulkUp,DrainPunch,CloseCombat|Adamant||M|||50|
|
|t:|1786144268
|teamsize|p1|4
|teamsize|p2|4
|start
|switch|p1a: Egg|Skarmory, L50, M|100/100
|switch|p1b: Hydreigon|Hydreigon, L50, M|100/100
|switch|p2a: Shadow|Meowstic, L50, M|100/100
|switch|p2b: Onryō|Annihilape, L50, M|100/100
|turn|1
|
|t:|1786144291
|move|p1b: Hydreigon|Protect|p1b: Hydreigon
|-singleturn|p1b: Hydreigon|Protect
|move|p2a: Shadow|Reflect|p2a: Shadow
|-sidestart|p2: pw9090|Reflect
|move|p2b: Onryō|Bulk Up|p2b: Onryō
|-boost|p2b: Onryō|atk|1
|-boost|p2b: Onryō|def|1
|move|p1a: Egg|Tailwind|p1a: Egg
|-sidestart|p1: lettuce7|move: Tailwind
|
|upkeep
|turn|2
|
|t:|1786144339
|move|p2a: Shadow|Light Screen|p2a: Shadow
|-sidestart|p2: pw9090|move: Light Screen
|move|p1b: Hydreigon|Snarl|p2a: Shadow|[spread] p2a,p2b
|-supereffective|p2a: Shadow|1
|-damage|p2a: Shadow|61/100
|-damage|p2b: Onryō|83/100
|-unboost|p2a: Shadow|spa|1
|-unboost|p2b: Onryō|spa|1
|-ability|p2b: Onryō|Defiant|boost
|-boost|p2b: Onryō|atk|2
|-damage|p1b: Hydreigon|90/100|[from] item: Life Orb
|move|p1a: Egg|Brave Bird|p2b: Onryō
|-supereffective|p2b: Onryō|1
|-damage|p2b: Onryō|37/100
|-damage|p1a: Egg|80/100|[from] Recoil
|move|p2b: Onryō|Drain Punch|p1b: Hydreigon
|-supereffective|p1b: Hydreigon|1
|-crit|p1b: Hydreigon
|-damage|p1b: Hydreigon|0 fnt
|-heal|p2b: Onryō|73/100|[from] drain|[of] p1b: Hydreigon
|faint|p1b: Hydreigon
|
|-heal|p1a: Egg|86/100|[from] item: Leftovers
|upkeep
|
|t:|1786144373
|switch|p1b: Lettuce|Venusaur, L50, F|100/100
|turn|3
|
|t:|1786144410
|detailschange|p1b: Lettuce|Venusaur-Mega, L50, F
|-mega|p1b: Lettuce|Venusaur|Venusaurite
|move|p1b: Lettuce|Sleep Powder|p2b: Onryō
|-status|p2b: Onryō|slp|[from] move: Sleep Powder
|move|p1a: Egg|Brave Bird|p2b: Onryō
|-supereffective|p2b: Onryō|1
|-damage|p2b: Onryō|30/100 slp
|-damage|p1a: Egg|68/100|[from] Recoil
|move|p2a: Shadow|Psychic Noise|p1b: Lettuce
|-supereffective|p1b: Lettuce|1
|-damage|p1b: Lettuce|69/100
|-start|p1b: Lettuce|move: Heal Block
|cant|p2b: Onryō|slp
|
|-heal|p1a: Egg|74/100|[from] item: Leftovers
|upkeep
|turn|4
|
|t:|1786144446
|move|p1b: Lettuce|Sleep Powder|p2a: Shadow
|-status|p2a: Shadow|slp|[from] move: Sleep Powder
|move|p1a: Egg|Brave Bird|p2b: Onryō
|-supereffective|p2b: Onryō|1
|-damage|p2b: Onryō|0 fnt
|faint|p2b: Onryō
|-damage|p1a: Egg|61/100|[from] Recoil
|cant|p2a: Shadow|slp
|
|-heal|p1a: Egg|67/100|[from] item: Leftovers
|-end|p1b: Lettuce|move: Heal Block
|-sideend|p1: lettuce7|move: Tailwind
|upkeep
|
|t:|1786144468
|switch|p2b: Crow|Corviknight, L50, F|100/100
|-ability|p2b: Crow|Unnerve
|turn|5
|
|t:|1786144514
|move|p1b: Lettuce|Sleep Powder|p2b: Crow|[miss]
|-miss|p1b: Lettuce|p2b: Crow
|-curestatus|p2a: Shadow|slp|[msg]
|move|p2a: Shadow|Psychic Noise|p1b: Lettuce
|-supereffective|p1b: Lettuce|1
|-damage|p1b: Lettuce|38/100
|-start|p1b: Lettuce|move: Heal Block
|move|p2b: Crow|Tailwind|p2b: Crow
|-sidestart|p2: pw9090|move: Tailwind
|move|p1a: Egg|Brave Bird|p2a: Shadow
|-damage|p2a: Shadow|19/100
|-damage|p1a: Egg|54/100|[from] Recoil
|
|-heal|p1a: Egg|59/100|[from] item: Leftovers
|-sideend|p2: pw9090|Reflect
|upkeep
|turn|6
|
|t:|1786144595
|move|p1b: Lettuce|Protect|p1b: Lettuce
|-singleturn|p1b: Lettuce|Protect
|move|p2a: Shadow|Psychic Noise|p1b: Lettuce
|-activate|p1b: Lettuce|move: Protect
|move|p2b: Crow|U-turn|p1a: Egg
|-resisted|p1a: Egg|2
|-damage|p1a: Egg|56/100
|
|t:|1786144607
|switch|p2b: Hecatoncheires|Scolipede, L50, F, shiny|100/100|[from] U-turn
|move|p1a: Egg|Brave Bird|p2a: Shadow
|-damage|p2a: Shadow|0 fnt
|faint|p2a: Shadow
|-damage|p1a: Egg|50/100g|[from] Recoil
|
|-heal|p1a: Egg|56/100|[from] item: Leftovers
|-end|p1b: Lettuce|move: Heal Block
|-sideend|p2: pw9090|move: Light Screen
|upkeep
|
|t:|1786144621
|switch|p2a: Crow|Corviknight, L50, F|100/100
|-ability|p2a: Crow|Unnerve
|turn|7
|
|t:|1786144652
|switch|p1b: Maushold|Maushold, L50|100/100
|move|p2b: Hecatoncheires|Rock Slide|p1b: Maushold|[spread] p1a,p1b
|-damage|p1a: Egg|43/100
|-damage|p1b: Maushold|71/100
|-damage|p2b: Hecatoncheires|90/100|[from] item: Life Orb
|move|p2a: Crow|Brave Bird|p1b: Maushold
|-damage|p1b: Maushold|14/100
|-damage|p2a: Crow|81/100|[from] Recoil
|move|p1a: Egg|Tailwind|p1a: Egg
|-sidestart|p1: lettuce7|move: Tailwind
|
|-heal|p2a: Crow|87/100|[from] item: Leftovers
|-heal|p1a: Egg|48/100|[from] item: Leftovers
|-ability|p2b: Hecatoncheires|Speed Boost|boost
|-boost|p2b: Hecatoncheires|spe|1
|upkeep
|turn|8
|
|t:|1786144687
|move|p1b: Maushold|Protect|p1b: Maushold
|-singleturn|p1b: Maushold|Protect
|move|p2b: Hecatoncheires|Rock Slide|p1a: Egg|[spread] p1a
|-activate|p1b: Maushold|move: Protect
|-damage|p1a: Egg|36/100
|-damage|p2b: Hecatoncheires|81/100|[from] item: Life Orb
|move|p2a: Crow|Iron Head|p1b: Maushold
|-activate|p1b: Maushold|move: Protect
|move|p1a: Egg|Roost|p1a: Egg
|-heal|p1a: Egg|86/100
|-singleturn|p1a: Egg|move: Roost
|
|-heal|p2a: Crow|93/100|[from] item: Leftovers
|-heal|p1a: Egg|91/100|[from] item: Leftovers
|-sideend|p2: pw9090|move: Tailwind
|-ability|p2b: Hecatoncheires|Speed Boost|boost
|-boost|p2b: Hecatoncheires|spe|1
|upkeep
|turn|9
|
|t:|1786144738
|move|p2b: Hecatoncheires|Poison Jab|p1b: Maushold
|-damage|p1b: Maushold|0 fnt
|faint|p1b: Maushold
|-damage|p2b: Hecatoncheires|71/100|[from] item: Life Orb
|move|p1a: Egg|Brave Bird|p2b: Hecatoncheires
|-supereffective|p2b: Hecatoncheires|1
|-damage|p2b: Hecatoncheires|0 fnt
|faint|p2b: Hecatoncheires
|-damage|p1a: Egg|73/100|[from] Recoil
|move|p2a: Crow|Brave Bird|p1a: Egg
|-resisted|p1a: Egg|1
|-damage|p1a: Egg|55/100
|-damage|p2a: Crow|88/100|[from] Recoil
|
|-heal|p1a: Egg|61/100|[from] item: Leftovers
|-heal|p2a: Crow|94/100|[from] item: Leftovers
|upkeep
|
|t:|1786144753
|switch|p1b: Lettuce|Venusaur-Mega, L50, F|38/100
|turn|10
|
|t:|1786144807
|move|p1b: Lettuce|Sleep Powder|p2a: Crow
|-status|p2a: Crow|slp|[from] move: Sleep Powder
|move|p1a: Egg|Brave Bird|p2a: Crow
|-resisted|p2a: Crow|1
|-damage|p2a: Crow|71/100 slp
|-damage|p1a: Egg|53/100|[from] Recoil
|cant|p2a: Crow|slp
|
|-heal|p1a: Egg|59/100|[from] item: Leftovers
|-heal|p2a: Crow|77/100 slp|[from] item: Leftovers
|-sideend|p1: lettuce7|move: Tailwind
|upkeep
|turn|11
|
|t:|1786144833
|move|p1b: Lettuce|Protect|p1b: Lettuce
|-singleturn|p1b: Lettuce|Protect
|-curestatus|p2a: Crow|slp|[msg]
|move|p2a: Crow|Brave Bird|p1b: Lettuce
|-activate|p1b: Lettuce|move: Protect
|move|p1a: Egg|Brave Bird|p2a: Crow
|-resisted|p2a: Crow|1
|-damage|p2a: Crow|53/100
|-damage|p1a: Egg|51/100|[from] Recoil
|
|-heal|p2a: Crow|59/100|[from] item: Leftovers
|-heal|p1a: Egg|56/100|[from] item: Leftovers
|upkeep
|turn|12
|
|t:|1786144854
|move|p1b: Lettuce|Sleep Powder|p2a: Crow
|-status|p2a: Crow|slp|[from] move: Sleep Powder
|cant|p2a: Crow|slp
|move|p1a: Egg|Brave Bird|p2a: Crow
|-resisted|p2a: Crow|1
|-damage|p2a: Crow|35/100 slp
|-damage|p1a: Egg|48/100|[from] Recoil
|
|-heal|p2a: Crow|41/100 slp|[from] item: Leftovers
|-heal|p1a: Egg|54/100|[from] item: Leftovers
|upkeep
|turn|13
|
|t:|1786144878
|move|p1b: Lettuce|Earth Power|p2a: Crow
|-immune|p2a: Crow
|cant|p2a: Crow|slp
|move|p1a: Egg|Brave Bird|p2a: Crow
|-resisted|p2a: Crow|1
|-damage|p2a: Crow|17/100 slp
|-damage|p1a: Egg|45/100|[from] Recoil
|
|-heal|p2a: Crow|23/100 slp|[from] item: Leftovers
|-heal|p1a: Egg|51/100|[from] item: Leftovers
|upkeep
|turn|14
|
|t:|1786144896
|move|p1b: Lettuce|Protect|p1b: Lettuce
|-singleturn|p1b: Lettuce|Protect
|-curestatus|p2a: Crow|slp|[msg]
|move|p2a: Crow|Brave Bird|p1b: Lettuce
|-activate|p1b: Lettuce|move: Protect
|move|p1a: Egg|Brave Bird|p2a: Crow
|-resisted|p2a: Crow|1
|-damage|p2a: Crow|1/100
|-damage|p1a: Egg|43/100|[from] Recoil
|
|-heal|p2a: Crow|6/100|[from] item: Leftovers
|-heal|p1a: Egg|48/100|[from] item: Leftovers
|upkeep
|turn|15
|
|t:|1786144914
|move|p1b: Lettuce|Sleep Powder|p2a: Crow|[miss]
|-miss|p1b: Lettuce|p2a: Crow
|move|p2a: Crow|Brave Bird|p1b: Lettuce
|-supereffective|p1b: Lettuce|1
|-damage|p1b: Lettuce|0 fnt
|faint|p1b: Lettuce
|-damage|p2a: Crow|0 fnt|[from] Recoil
|faint|p2a: Crow
|
|win|lettuce7
|inactive|lettuce7 has 30 seconds to confirm battle start!
|inactive|pw9090 has 30 seconds to confirm battle start!
||lettuce7 is ready for game 2.
|inactive|pw9090 has 20 seconds to confirm battle start!
||pw9090 is ready for game 2.
|uhtml|next|Next: Game 2 of 3
