|j|☆pollonetor
|j|☆placeholder2007
|html|pollonetorplaceholder2007    
|uhtml|bestof|Game 2 of a best-of-3
|t:|1756780545
|gametype|doubles
|player|p1|pollonetor|170|1049
|player|p2|placeholder2007|2|1000
|gen|9
|tier|[Gen 9] VGC 2025 Reg H (Bo3)
|rated|
|rule|Species Clause: Limit one of each Pokémon
|rule|Item Clause: Limit 1 of each item
|clearpoke
|poke|p1|Snorlax, L50, M|
|poke|p1|Indeedee-F, L50, F|
|poke|p1|Armarouge, L50, M|
|poke|p1|Primarina, L50, F|
|poke|p1|Sneasler, L50, F|
|poke|p1|Meowscarada, L50, M|
|poke|p2|Vivillon-Fancy, L50, F|
|poke|p2|Garchomp, L50, M|
|poke|p2|Primarina, L50, M|
|poke|p2|Incineroar, L50, M|
|poke|p2|Gholdengo, L50|
|poke|p2|Porygon2, L50|
|teampreview|4
|showteam|p1|Snorlax||WikiBerry|Gluttony|Curse,Recycle,Crunch,BodySlam|||M|||50|,,,,,Dragon]Indeedee-F||SafetyGoggles|PsychicSurge|FollowMe,TrickRoom,HealPulse,Psychic|||F|||50|,,,,,Ghost]Armarouge||LifeOrb|FlashFire|ExpandingForce,ArmorCannon,TrickRoom,Protect|||M|||50|,,,,,Grass]Primarina||ThroatSpray|LiquidVoice|LifeDew,Protect,HyperVoice,Moonblast|||F|||50|,,,,,Poison]Sneasler||PsychicSeed|Unburden|FakeOut,DireClaw,CloseCombat,Coaching|||F|||50|,,,,,Fighting]Meowscarada||FocusSash|Overgrow|Uturn,TrickRoom,FlowerTrick,FoulPlay|||M|||50|,,,,,Grass
|showteam|p2|Vivillon-Fancy||FocusSash|CompoundEyes|Hurricane,SleepPowder,RagePowder,Protect|||F|||50|,,,,,Ghost]Garchomp||LifeOrb|RoughSkin|Earthquake,DragonClaw,StompingTantrum,Protect|||M|||50|,,,,,Water]Primarina||SitrusBerry|LiquidVoice|HyperVoice,Moonblast,Haze,Protect|||M|||50|,,,,,Grass]Incineroar||SafetyGoggles|Intimidate|FakeOut,FlareBlitz,PartingShot,KnockOff|||M|||50|,,,,,Ghost]Gholdengo||MetalCoat|GoodasGold|MakeItRain,ShadowBall,NastyPlot,Protect||||||50|,,,,,Dragon]Porygon2||Eviolite|Download|TeraBlast,IceBeam,Recover,TrickRoom||||||50|,,,,,Fighting
|
|t:|1756780561
|teamsize|p1|4
|teamsize|p2|4
|start
|switch|p1a: Meowscarada|Meowscarada, L50, M|100/100
|switch|p1b: Snorlax|Snorlax, L50, M, shiny|100/100
|switch|p2a: DJ Lethal|Incineroar, L50, M, shiny|100/100
|switch|p2b: Fred Durst|Vivillon-Fancy, L50, F|100/100
|-ability|p2a: DJ Lethal|Intimidate|boost
|-unboost|p1a: Meowscarada|atk|1
|-unboost|p1b: Snorlax|atk|1
|turn|1
|
|t:|1756780590
|switch|p1b: Indeedee|Indeedee-F, L50, F, shiny|100/100
|-fieldstart|move: Psychic Terrain|[from] ability: Psychic Surge|[of] p1b: Indeedee
|move|p2a: DJ Lethal|Fake Out|p1a: Meowscarada
|-activate|p1a: Meowscarada|move: Psychic Terrain
|move|p2b: Fred Durst|Hurricane|p1b: Indeedee
|-damage|p1b: Indeedee|63/100
|-start|p1b: Indeedee|confusion
|move|p1a: Meowscarada|Trick Room|p1a: Meowscarada
|-fieldstart|move: Trick Room|[of] p1a: Meowscarada
|
|upkeep
|turn|2
|inactive|Battle timer is ON: inactive players will automatically lose when time's up. (requested by placeholder2007)
|
|t:|1756780613
|move|p2b: Fred Durst|Rage Powder|p2b: Fred Durst
|-singleturn|p2b: Fred Durst|move: Rage Powder
|move|p2a: DJ Lethal|Knock Off|p1a: Meowscarada
|-resisted|p1a: Meowscarada
|-damage|p1a: Meowscarada|68/100
|-enditem|p1a: Meowscarada|Focus Sash|[from] move: Knock Off|[of] p2a: DJ Lethal
|-activate|p1b: Indeedee|confusion
|move|p1b: Indeedee|Psychic|p2b: Fred Durst
|-damage|p2b: Fred Durst|20/100
|move|p1a: Meowscarada|U-turn|p2a: DJ Lethal
|-damage|p2a: DJ Lethal|88/100
|
|t:|1756780625
|switch|p1a: Primarina|Primarina, L50, F|100/100|[from] U-turn
|
|upkeep
|turn|3
|
|t:|1756780638
|switch|p1b: Snorlax|Snorlax, L50, M, shiny|100/100
|move|p1a: Primarina|Hyper Voice|p2b: Fred Durst|[spread] p2a,p2b
|-supereffective|p2a: DJ Lethal
|-damage|p2a: DJ Lethal|25/100
|-damage|p2b: Fred Durst|0 fnt
|faint|p2b: Fred Durst
|-enditem|p1a: Primarina|Throat Spray
|-boost|p1a: Primarina|spa|1|[from] item: Throat Spray
|move|p2a: DJ Lethal|Parting Shot|p1a: Primarina
|-unboost|p1a: Primarina|atk|1
|-unboost|p1a: Primarina|spa|1
|
|t:|1756780649
|switch|p2a: Sam Rivers|Gholdengo, L50|100/100|[from] Parting Shot
|
|upkeep
|
|t:|1756780657
|switch|p2b: John Otto|Primarina, L50, M, shiny|100/100
|turn|4
|
|t:|1756780672
|switch|p1a: Indeedee|Indeedee-F, L50, F, shiny|63/100
|move|p1b: Snorlax|Curse|p1b: Snorlax
|-unboost|p1b: Snorlax|spe|1
|-boost|p1b: Snorlax|atk|1
|-boost|p1b: Snorlax|def|1
|move|p2b: John Otto|Hyper Voice|p1b: Snorlax|[spread] p1a,p1b
|-damage|p1a: Indeedee|29/100
|-damage|p1b: Snorlax|78/100
|move|p2a: Sam Rivers|Make It Rain|p1b: Snorlax|[spread] p1a,p1b
|-damage|p1a: Indeedee|0 fnt
|-damage|p1b: Snorlax|46/100
|-unboost|p2a: Sam Rivers|spa|1
|-enditem|p1b: Snorlax|Wiki Berry|[eat]
|-heal|p1b: Snorlax|80/100|[from] item: Wiki Berry
|faint|p1a: Indeedee
|
|upkeep
|
|t:|1756780692
|switch|p1a: Meowscarada|Meowscarada, L50, M|68/100
|turn|5
|
|t:|1756780704
|-terastallize|p2b: John Otto|Grass
|move|p2a: Sam Rivers|Protect|p2a: Sam Rivers
|-singleturn|p2a: Sam Rivers|Protect
|move|p1b: Snorlax|Body Slam|p2b: John Otto
|-damage|p2b: John Otto|29/100
|-enditem|p2b: John Otto|Sitrus Berry|[eat]
|-heal|p2b: John Otto|54/100|[from] item: Sitrus Berry
|move|p2b: John Otto|Moonblast|p1a: Meowscarada
|-supereffective|p1a: Meowscarada
|-damage|p1a: Meowscarada|0 fnt
|faint|p1a: Meowscarada
|
|-fieldend|move: Trick Room
|-fieldend|move: Psychic Terrain
|upkeep
|
|t:|1756780715
|switch|p1a: Primarina|Primarina, L50, F|100/100
|turn|6
|
|t:|1756780725
|move|p2a: Sam Rivers|Make It Rain|p1a: Primarina|[spread] p1a,p1b
|-damage|p1a: Primarina|73/100
|-damage|p1b: Snorlax|60/100
|-unboost|p2a: Sam Rivers|spa|1
|move|p2b: John Otto|Hyper Voice|p1a: Primarina|[spread] p1a,p1b
|-resisted|p1a: Primarina
|-damage|p1a: Primarina|59/100
|-damage|p1b: Snorlax|39/100
|move|p1a: Primarina|Hyper Voice|p2a: Sam Rivers|[spread] p2a,p2b
|-crit|p2a: Sam Rivers
|-resisted|p2b: John Otto
|-damage|p2a: Sam Rivers|41/100
|-damage|p2b: John Otto|38/100
|move|p1b: Snorlax|Crunch|p2a: Sam Rivers
|-supereffective|p2a: Sam Rivers
|-damage|p2a: Sam Rivers|0 fnt
|faint|p2a: Sam Rivers
|
|upkeep
|
|t:|1756780740
|switch|p2a: DJ Lethal|Incineroar, L50, M, shiny|25/100
|-ability|p2a: DJ Lethal|Intimidate|boost
|-unboost|p1a: Primarina|atk|1
|-unboost|p1b: Snorlax|atk|1
|turn|7
|
|t:|1756780750
|move|p2a: DJ Lethal|Fake Out|p1a: Primarina
|-damage|p1a: Primarina|43/100
|move|p2b: John Otto|Moonblast|p1b: Snorlax
|-damage|p1b: Snorlax|8/100
|cant|p1a: Primarina|flinch
|move|p1b: Snorlax|Recycle|p1b: Snorlax
|-item|p1b: Snorlax|Wiki Berry|[from] move: Recycle
|-enditem|p1b: Snorlax|Wiki Berry|[eat]
|-heal|p1b: Snorlax|41/100|[from] item: Wiki Berry
|
|upkeep
|turn|8
|inactive|placeholder2007 has 30 seconds left.
|
|t:|1756780776
|move|p2b: John Otto|Hyper Voice|p1a: Primarina|[spread] p1a,p1b
|-resisted|p1a: Primarina
|-damage|p1a: Primarina|28/100
|-damage|p1b: Snorlax|21/100
|move|p2a: DJ Lethal|Flare Blitz|p1b: Snorlax
|-damage|p1b: Snorlax|0 fnt
|faint|p1b: Snorlax
|-damage|p2a: DJ Lethal|16/100|[from] Recoil
|move|p1a: Primarina|Life Dew|p1a: Primarina
|-heal|p1a: Primarina|53/100
|
|upkeep
|turn|9
|inactive|placeholder2007 has 30 seconds left.
|
|t:|1756780811
|-terastallize|p1a: Primarina|Poison
|move|p2b: John Otto|Moonblast|p1a: Primarina
|-resisted|p1a: Primarina
|-damage|p1a: Primarina|30/100
|move|p2a: DJ Lethal|Flare Blitz|p1a: Primarina
|-damage|p1a: Primarina|0 fnt
|faint|p1a: Primarina
|-damage|p2a: DJ Lethal|7/100|[from] Recoil
|
|win|placeholder2007
|raw|pollonetor's rating: 1049 → 1029(-20 for losing)
|raw|placeholder2007's rating: 1000 → 1046(+46 for winning)
|l|☆pollonetor
|player|p1|
|n|☆placeholder2007|placeholder2007
