|j|☆KodeBeast0526
|j|☆Yato1226
|html|KodeBeast0526Yato1226    
|uhtml|bestof|Game 2 of a best-of-3
|t:|1783966493
|gametype|doubles
|player|p1|KodeBeast0526|hiker|1223
|player|p2|Yato1226|dragontamer|1390
|gen|9
|tier|[Gen 9 Champions] VGC 2026 Reg M-B (Bo3)
|rated|
|rule|Species Clause: Limit one of each Pokémon
|rule|Item Clause: Limit 1 of each item
|clearpoke
|poke|p1|Aerodactyl, L50, M|
|poke|p1|Kingambit, L50, M|
|poke|p1|Sylveon, L50, M|
|poke|p1|Garchomp, L50, M|
|poke|p1|Charizard, L50, M|
|poke|p1|Incineroar, L50, M|
|poke|p2|Staraptor, L50, F|
|poke|p2|Grimmsnarl, L50, M|
|poke|p2|Raichu, L50, F|
|poke|p2|Ceruledge, L50, F|
|poke|p2|Sinistcha, L50|
|poke|p2|Kingambit, L50, F|
|teampreview|4
|showteam|p1|Aerodactyl||Aerodactylite|Unnerve|RockSlide,IceFang,Tailwind,WideGuard|Jolly||M|||50|]Kingambit||FocusSash|Defiant|KowtowCleave,SuckerPunch,IronHead,Protect|Adamant||M|||50|]Sylveon||FairyFeather|Pixilate|Detect,HyperVoice,HyperBeam,QuickAttack|Modest||M|||50|]Garchomp||LifeOrb|RoughSkin|Earthquake,DragonClaw,StompingTantrum,Protect|Jolly||M|||50|]Charizard||CharizarditeY|Blaze|Protect,HeatWave,SolarBeam,WeatherBall|Modest||M|||50|]Incineroar||SitrusBerry|Intimidate|DarkestLariat,FlareBlitz,FakeOut,PartingShot|Impish||M|||50|
|showteam|p2|Staraptor||Staraptite|Intimidate|CloseCombat,BraveBird,Roost,Protect|Jolly||F|||50|]Grimmsnarl||LightClay|Prankster|SpiritBreak,Reflect,LightScreen,PartingShot|Careful||M|||50|]Raichu||FocusSash|LightningRod|VoltSwitch,Electroweb,Charm,FakeOut|Timid||F|||50|]Ceruledge||ColburBerry|FlashFire|BitterBlade,ShadowSneak,BulkUp,Protect|Adamant||F|||50|]Sinistcha||SitrusBerry|Hospitality|MatchaGotcha,RagePowder,TrickRoom,Protect|Bold|||||50|]Kingambit||LifeOrb|Defiant|KowtowCleave,SuckerPunch,IronHead,Protect|Adamant||F|||50|
|
|t:|1783966520
|teamsize|p1|4
|teamsize|p2|4
|start
|switch|p1a: Garchomp|Garchomp, L50, M|100/100
|switch|p1b: Incineroar|Incineroar, L50, M|100/100
|switch|p2a: Staraptor|Staraptor, L50, F|100/100
|switch|p2b: Grimmsnarl|Grimmsnarl, L50, M|100/100
|-ability|p2a: Staraptor|Intimidate|boost
|-unboost|p1a: Garchomp|atk|1
|-unboost|p1b: Incineroar|atk|1
|-ability|p1b: Incineroar|Intimidate|boost
|-unboost|p2a: Staraptor|atk|1
|-unboost|p2b: Grimmsnarl|atk|1
|turn|1
|
|t:|1783966531
|switch|p2a: Sinistcha|Sinistcha, L50|100/100
|move|p1b: Incineroar|Fake Out|p2a: Sinistcha
|-immune|p2a: Sinistcha
|move|p2b: Grimmsnarl|Parting Shot|p1a: Garchomp
|-unboost|p1a: Garchomp|atk|1
|-unboost|p1a: Garchomp|spa|1
|
|t:|1783966537
|switch|p2b: Staraptor|Staraptor, L50, F|100/100|[from] Parting Shot
|-ability|p2b: Staraptor|Intimidate|boost
|-unboost|p1a: Garchomp|atk|1
|-unboost|p1b: Incineroar|atk|1
|move|p1a: Garchomp|Dragon Claw|p2a: Sinistcha
|-damage|p2a: Sinistcha|82/100
|-damage|p1a: Garchomp|90/100|[from] item: Life Orb
|
|upkeep
|turn|2
|
|t:|1783966547
|switch|p1a: Kingambit|Kingambit, L50, M|100/100
|switch|p2a: Grimmsnarl|Grimmsnarl, L50, M|100/100
|detailschange|p2b: Staraptor|Staraptor-Mega, L50, F
|-mega|p2b: Staraptor|Staraptor|Staraptite
|move|p2b: Staraptor|Close Combat|p1b: Incineroar
|-supereffective|p1b: Incineroar|1
|-damage|p1b: Incineroar|24/100
|-boost|p2b: Staraptor|def|1
|-boost|p2b: Staraptor|spd|1
|-enditem|p1b: Incineroar|Sitrus Berry|[eat]
|-heal|p1b: Incineroar|49/100|[from] item: Sitrus Berry
|move|p1b: Incineroar|Parting Shot|p2a: Grimmsnarl
|-unboost|p2a: Grimmsnarl|atk|1
|-unboost|p2a: Grimmsnarl|spa|1
|
|t:|1783966558
|switch|p1b: Charizard|Charizard, L50, M|100/100|[from] Parting Shot
|
|upkeep
|turn|3
|
|t:|1783966568
|detailschange|p1b: Charizard|Charizard-Mega-Y, L50, M
|-mega|p1b: Charizard|Charizard|Charizardite Y
|-weather|SunnyDay|[from] ability: Drought|[of] p1b: Charizard
|move|p2a: Grimmsnarl|Light Screen|p2a: Grimmsnarl
|-sidestart|p2: Yato1226|move: Light Screen
|move|p2b: Staraptor|Close Combat|p1a: Kingambit
|-supereffective|p1a: Kingambit|2
|-enditem|p1a: Kingambit|Focus Sash
|-damage|p1a: Kingambit|1/100
|-boost|p2b: Staraptor|def|1
|-boost|p2b: Staraptor|spd|1
|move|p1b: Charizard|Heat Wave|p2a: Grimmsnarl|[spread] p2a
|-miss|p1b: Charizard|p2b: Staraptor
|-damage|p2a: Grimmsnarl|61/100
|move|p1a: Kingambit|Iron Head|p2a: Grimmsnarl
|-supereffective|p2a: Grimmsnarl|1
|-damage|p2a: Grimmsnarl|0 fnt
|faint|p2a: Grimmsnarl
|
|-weather|SunnyDay|[upkeep]
|upkeep
|
|t:|1783966576
|switch|p2a: Raichu|Raichu, L50, F|100/100
|turn|4
|
|t:|1783966598
|move|p1b: Charizard|Protect|p1b: Charizard
|-singleturn|p1b: Charizard|Protect
|move|p2a: Raichu|Fake Out|p1b: Charizard
|-activate|p1b: Charizard|move: Protect
|move|p1a: Kingambit|Sucker Punch|p2b: Staraptor
|-resisted|p2b: Staraptor|1
|-damage|p2b: Staraptor|91/100
|move|p2b: Staraptor|Close Combat|p1a: Kingambit
|-supereffective|p1a: Kingambit|2
|-damage|p1a: Kingambit|0 fnt
|-boost|p2b: Staraptor|def|1
|-boost|p2b: Staraptor|spd|1
|faint|p1a: Kingambit
|
|-weather|SunnyDay|[upkeep]
|upkeep
|
|t:|1783966609
|switch|p1a: Garchomp|Garchomp, L50, M|90/100
|turn|5
|
|t:|1783966618
|move|p2a: Raichu|Charm|p2b: Staraptor
|-boost|p2b: Staraptor|atk|2
|move|p2b: Staraptor|Close Combat|p1a: Garchomp
|-damage|p1a: Garchomp|0 fnt
|-boost|p2b: Staraptor|def|1
|-boost|p2b: Staraptor|spd|1
|-damage|p2b: Staraptor|78/100|[from] ability: Rough Skin|[of] p1a: Garchomp
|faint|p1a: Garchomp
|move|p1b: Charizard|Heat Wave|p2b: Staraptor|[spread] p2a,p2b
|-damage|p2a: Raichu|33/100
|-damage|p2b: Staraptor|63/100
|
|-weather|SunnyDay|[upkeep]
|upkeep
|
|t:|1783966632
|switch|p1a: Incineroar|Incineroar, L50, M|49/100
|-ability|p1a: Incineroar|Intimidate|boost
|-unboost|p2a: Raichu|atk|1
|-boost|p2b: Staraptor|atk|1
|turn|6
|
|t:|1783966639
|switch|p2a: Sinistcha|Sinistcha, L50|82/100
|-heal|p2b: Staraptor|88/100|[from] ability: Hospitality|[of] p2a: Sinistcha
|move|p2b: Staraptor|Protect|p2b: Staraptor
|-singleturn|p2b: Staraptor|Protect
|move|p1a: Incineroar|Fake Out|p2b: Staraptor
|-activate|p2b: Staraptor|move: Protect
|move|p1b: Charizard|Heat Wave|p2a: Sinistcha|[spread] p2a
|-activate|p2b: Staraptor|move: Protect
|-supereffective|p2a: Sinistcha|1
|-damage|p2a: Sinistcha|2/100
|-enditem|p2a: Sinistcha|Sitrus Berry|[eat]
|-heal|p2a: Sinistcha|27/100|[from] item: Sitrus Berry
|
|-weather|SunnyDay|[upkeep]
|upkeep
|turn|7
|
|t:|1783966650
|switch|p2a: Raichu|Raichu, L50, F|33/100
|move|p2b: Staraptor|Close Combat|p1a: Incineroar
|-supereffective|p1a: Incineroar|1
|-damage|p1a: Incineroar|0 fnt
|-boost|p2b: Staraptor|def|1
|-boost|p2b: Staraptor|spd|1
|faint|p1a: Incineroar
|move|p1b: Charizard|Heat Wave|p2b: Staraptor|[spread] p2a,p2b
|-damage|p2a: Raichu|0 fnt
|-damage|p2b: Staraptor|76/100
|faint|p2a: Raichu
|
|-weather|none
|upkeep
|
|t:|1783966655
|switch|p2a: Sinistcha|Sinistcha, L50|27/100
|-heal|p2b: Staraptor|100/100|[from] ability: Hospitality|[of] p2a: Sinistcha
|turn|8
|
|t:|1783966661
|move|p2b: Staraptor|Brave Bird|p1b: Charizard
|-damage|p1b: Charizard|0 fnt
|faint|p1b: Charizard
|-damage|p2b: Staraptor|69/100|[from] Recoil
|
|win|Yato1226
|raw|KodeBeast0526's rating: 1223 → 1209(-14 for losing)
|raw|Yato1226's rating: 1390 → 1401(+11 for winning)
