|j|☆HeatInSeven14
|j|☆Cannon14
|html|HeatInSeven14Cannon14    
|uhtml|bestof|Game 2 of a best-of-3
|t:|1783026325
|gametype|doubles
|player|p1|HeatInSeven14|169|1081
|player|p2|Cannon14|steven|1174
|gen|9
|tier|[Gen 9 Champions] VGC 2026 Reg M-B (Bo3)
|rated|
|rule|Species Clause: Limit one of each Pokémon
|rule|Item Clause: Limit 1 of each item
|clearpoke
|poke|p1|Gallade, L50, M|
|poke|p1|Farigiraf, L50, M|
|poke|p1|Kangaskhan, L50, F, shiny|
|poke|p1|Hydrapple, L50, F|
|poke|p1|Torkoal, L50, M|
|poke|p1|Mawile, L50, M|
|poke|p2|Archaludon, L50, F|
|poke|p2|Pelipper, L50, M|
|poke|p2|Sinistcha, L50|
|poke|p2|Grimmsnarl, L50, M|
|poke|p2|Swampert, L50, M|
|poke|p2|Mimikyu, L50, F|
|teampreview|4
|showteam|p1|Gallade||FocusSash|Sharpness|SacredSword,PsychoCut,LeafBlade,WillOWisp|Adamant||M|||50|]Farigiraf||SitrusBerry|ArmorTail|TwinBeam,Thunderbolt,TrickRoom,Protect|Bold||M|||50|]Kangaskhan||Kangaskhanite|Scrappy|FakeOut,DoubleEdge,HammerArm,RockSlide|Brave||F|||50|]Hydrapple||LifeOrb|SupersweetSyrup|DracoMeteor,EnergyBall,EarthPower,Protect|Quiet||F|||50|]Torkoal||Charcoal|Drought|Eruption,WeatherBall,EarthPower,WillOWisp|Quiet||M|||50|]Mawile||Mawilite|HyperCutter|PlayRough,IronHead,SuckerPunch,Protect|Adamant||M|||50|
|showteam|p2|Archaludon||Leftovers|Stamina|ElectroShot,DragonPulse,AuraSphere,Protect|Bold||F|||50|]Pelipper||LifeOrb|Drizzle|Tailwind,Protect,Hurricane,WeatherBall|Modest||M|||50|]Sinistcha||KasibBerry|Hospitality|MatchaGotcha,RagePowder,Protect,TrickRoom|Bold|||||50|]Grimmsnarl||LightClay|Prankster|FoulPlay,Reflect,LightScreen,PartingShot|Careful||M|||50|]Swampert||Swampertite|Torrent|WaveCrash,Protect,Earthquake,HighHorsepower|Adamant||M|||50|]Mimikyu||WhiteHerb|Disguise|PlayRough,Protect,ShadowClaw,ShadowSneak|Adamant||F|||50|
|
|t:|1783026341
|teamsize|p1|4
|teamsize|p2|4
|start
|switch|p1a: Farigiraf|Farigiraf, L50, M|100/100
|switch|p1b: Gallade|Gallade, L50, M|100/100
|switch|p2a: Mimikyu|Mimikyu, L50, F|100/100
|switch|p2b: Grimmsnarl|Grimmsnarl, L50, M|100/100
|turn|1
|
|t:|1783026357
|move|p1b: Gallade|Sacred Sword|p2b: Grimmsnarl
|-damage|p2b: Grimmsnarl|23/100
|move|p2a: Mimikyu|Play Rough|p1b: Gallade|[miss]
|-miss|p2a: Mimikyu|p1b: Gallade
|move|p2b: Grimmsnarl|Foul Play|p1b: Gallade
|-damage|p1b: Gallade|12/100
|move|p1a: Farigiraf|Trick Room|p1a: Farigiraf
|-fieldstart|move: Trick Room|[of] p1a: Farigiraf
|
|upkeep
|turn|2
|
|t:|1783026375
|move|p2b: Grimmsnarl|Light Screen|p2b: Grimmsnarl
|-sidestart|p2: Cannon14|move: Light Screen
|move|p1a: Farigiraf|Thunderbolt|p2b: Grimmsnarl
|-damage|p2b: Grimmsnarl|8/100
|move|p2a: Mimikyu|Play Rough|p1a: Farigiraf
|-damage|p1a: Farigiraf|67/100
|-unboost|p1a: Farigiraf|atk|1
|move|p1b: Gallade|Will-O-Wisp|p2a: Mimikyu
|-status|p2a: Mimikyu|brn
|
|-damage|p2a: Mimikyu|93/100 brn|[from] brn
|upkeep
|turn|3
|
|t:|1783026393
|switch|p1a: Mawile|Mawile, L50, M|100/100
|move|p2b: Grimmsnarl|Reflect|p2b: Grimmsnarl
|-sidestart|p2: Cannon14|Reflect
|move|p2a: Mimikyu|Shadow Claw|p1b: Gallade
|-supereffective|p1b: Gallade|1
|-damage|p1b: Gallade|0 fnt
|faint|p1b: Gallade
|
|-damage|p2a: Mimikyu|87/100 brn|[from] brn
|upkeep
|
|t:|1783026399
|switch|p1b: Hydrapple|Hydrapple, L50, F|100/100
|-ability|p1b: Hydrapple|Supersweet Syrup
|-unboost|p2a: Mimikyu|evasion|1
|-unboost|p2b: Grimmsnarl|evasion|1
|-enditem|p2a: Mimikyu|White Herb
|-clearnegativeboost|p2a: Mimikyu|[silent]
|turn|4
|
|t:|1783026411
|detailschange|p1a: Mawile|Mawile-Mega, L50, M
|-mega|p1a: Mawile|Mawile|Mawilite
|move|p2a: Mimikyu|Protect|p2a: Mimikyu
|-singleturn|p2a: Mimikyu|Protect
|move|p2b: Grimmsnarl|Parting Shot|p1a: Mawile
|-unboost|p1a: Mawile|atk|1
|-unboost|p1a: Mawile|spa|1
|
|t:|1783026418
|switch|p2b: Pelipper|Pelipper, L50, M|100/100|[from] Parting Shot
|-weather|RainDance|[from] ability: Drizzle|[of] p2b: Pelipper
|move|p1b: Hydrapple|Energy Ball|p2b: Pelipper
|-damage|p2b: Pelipper|45/100
|-damage|p1b: Hydrapple|90/100|[from] item: Life Orb
|move|p1a: Mawile|Iron Head|p2a: Mimikyu
|-activate|p2a: Mimikyu|move: Protect
|
|-weather|RainDance|[upkeep]
|-damage|p2a: Mimikyu|81/100 brn|[from] brn
|upkeep
|turn|5
|
|t:|1783026434
|switch|p2a: Grimmsnarl|Grimmsnarl, L50, M|8/100
|move|p2b: Pelipper|Protect|p2b: Pelipper
|-singleturn|p2b: Pelipper|Protect
|move|p1b: Hydrapple|Energy Ball|p2a: Grimmsnarl
|-damage|p2a: Grimmsnarl|0 fnt
|faint|p2a: Grimmsnarl
|-damage|p1b: Hydrapple|80/100|[from] item: Life Orb
|move|p1a: Mawile|Iron Head|p2b: Pelipper
|-activate|p2b: Pelipper|move: Protect
|
|-weather|RainDance|[upkeep]
|-fieldend|move: Trick Room
|upkeep
|
|t:|1783026460
|switch|p2a: Swampert|Swampert, L50, M|100/100
|turn|6
|
|t:|1783026479
|detailschange|p2a: Swampert|Swampert-Mega, L50, M
|-mega|p2a: Swampert|Swampert|Swampertite
|move|p1a: Mawile|Sucker Punch|p2b: Pelipper
|-damage|p2b: Pelipper|24/100
|move|p2a: Swampert|High Horsepower|p1a: Mawile
|-supereffective|p1a: Mawile|1
|-damage|p1a: Mawile|0 fnt
|faint|p1a: Mawile
|move|p2b: Pelipper|Hurricane|p1b: Hydrapple
|-supereffective|p1b: Hydrapple|1
|-damage|p1b: Hydrapple|0 fnt
|faint|p1b: Hydrapple
|-damage|p2b: Pelipper|14/100|[from] item: Life Orb
|
|-weather|RainDance|[upkeep]
|upkeep
|-message|HeatInSeven14 forfeited.
|
|win|Cannon14
||HeatInSeven14 is ready for game 3.
||Cannon14 is ready for game 3.
|uhtml|next|Next: Game 3 of 3
|l|☆Cannon14
|player|p2|
