|j|☆tizio20
|j|☆Gottkomplexe
|html|tizio20Gottkomplexe    
|uhtml|bestof|Game 2 of a best-of-3
|t:|1785355269
|gametype|doubles
|player|p1|tizio20|169|
|player|p2|Gottkomplexe|ilima|
|gen|9
|tier|[Gen 9 Champions] VGC 2026 Reg M-B (Bo3)
|rule|Species Clause: Limit one of each Pokémon
|rule|Item Clause: Limit 1 of each item
|clearpoke
|poke|p1|Blastoise, L50, F|
|poke|p1|Delphox, L50, M|
|poke|p1|Incineroar, L50, F|
|poke|p1|Sneasler, L50, F|
|poke|p1|Sinistcha, L50|
|poke|p1|Kingambit, L50, M|
|poke|p2|Staraptor, L50, M|
|poke|p2|Charizard, L50, M|
|poke|p2|Glimmora, L50, M|
|poke|p2|Whimsicott, L50, F|
|poke|p2|Basculegion, L50, M|
|poke|p2|Garchomp, L50, M|
|teampreview|4
|showteam|p1|Blastoise||Blastoisinite|RainDish|WaterSpout,DarkPulse,ShellSmash,Protect|Modest||F|||50|]Delphox||Delphoxite|Blaze|HeatWave,Psyshock,NastyPlot,Protect|Modest||M|||50|]Incineroar||SitrusBerry|Intimidate|FakeOut,FlareBlitz,HelpingHand,PartingShot|Careful||F|||50|]Sneasler||FocusSash|PoisonTouch|PoisonJab,CloseCombat,FakeOut,QuickGuard|Jolly||F|||50|]Sinistcha||KasibBerry|Hospitality|MatchaGotcha,RagePowder,TrickRoom,Protect|Bold|||||50|]Kingambit||BlackGlasses|Defiant|KowtowCleave,SuckerPunch,SwordsDance,Protect|Adamant||M|||50|
|showteam|p2|Staraptor||Staraptite|Intimidate|DualWingbeat,CloseCombat,Tailwind,Protect|Jolly||M|||50|]Charizard||CharizarditeY|Blaze|HeatWave,SolarBeam,WeatherBall,Protect|Modest||M|||50|]Glimmora||FocusSash|ToxicDebris|PowerGem,SludgeBomb,EarthPower,SpikyShield|Modest||M|||50|]Whimsicott||LifeOrb|Prankster|Moonblast,Encore,Tailwind,Protect|Modest||F|||50|]Basculegion||ChoiceScarf|Adaptability|WaveCrash,LastRespects,AquaJet,FlipTurn|Jolly||M|||50|]Garchomp||SitrusBerry|RoughSkin|Earthquake,RockSlide,PoisonJab,Protect|Adamant||M|||50|
|inactive|Battle timer is ON: inactive players will automatically lose when time's up. (requested by Gottkomplexe)
|
|t:|1785355288
|teamsize|p1|4
|teamsize|p2|4
|start
|switch|p1a: Delphox|Delphox, L50, M|100/100
|switch|p1b: Incineroar|Incineroar, L50, F|100/100
|switch|p2a: Staraptor|Staraptor, L50, M|100/100
|switch|p2b: Charizard|Charizard, L50, M|100/100
|-ability|p2a: Staraptor|Intimidate|boost
|-unboost|p1a: Delphox|atk|1
|-unboost|p1b: Incineroar|atk|1
|-ability|p1b: Incineroar|Intimidate|boost
|-unboost|p2a: Staraptor|atk|1
|-unboost|p2b: Charizard|atk|1
|turn|1
|
|t:|1785355302
|detailschange|p1a: Delphox|Delphox-Mega, L50, M
|-mega|p1a: Delphox|Delphox|Delphoxite
|detailschange|p2b: Charizard|Charizard-Mega-Y, L50, M
|-mega|p2b: Charizard|Charizard|Charizardite Y
|-weather|SunnyDay|[from] ability: Drought|[of] p2b: Charizard
|move|p1b: Incineroar|Fake Out|p2b: Charizard
|-damage|p2b: Charizard|91/100
|move|p1a: Delphox|Nasty Plot|p1a: Delphox
|-boost|p1a: Delphox|spa|2
|move|p2a: Staraptor|Tailwind|p2a: Staraptor
|-sidestart|p2: Gottkomplexe|move: Tailwind
|cant|p2b: Charizard|flinch
|
|-weather|SunnyDay|[upkeep]
|upkeep
|turn|2
|
|t:|1785355325
|move|p2b: Charizard|Protect|p2b: Charizard
|-singleturn|p2b: Charizard|Protect
|move|p1a: Delphox|Protect|p1a: Delphox
|-singleturn|p1a: Delphox|Protect
|move|p2a: Staraptor|Dual Wingbeat|p1a: Delphox
|-activate|p1a: Delphox|move: Protect
|move|p1b: Incineroar|Parting Shot|p2b: Charizard
|-activate|p2b: Charizard|move: Protect
|
|-weather|SunnyDay|[upkeep]
|upkeep
|turn|3
|
|t:|1785355337
|move|p1b: Incineroar|Helping Hand|p1a: Delphox
|-singleturn|p1a: Delphox|Helping Hand|[of] p1b: Incineroar
|move|p2a: Staraptor|Dual Wingbeat|p1a: Delphox
|-damage|p1a: Delphox|86/100
|-damage|p1a: Delphox|69/100
|-hitcount|p1a: Delphox|2
|move|p2b: Charizard|Weather Ball|p1a: Delphox
|-resisted|p1a: Delphox|1
|-damage|p1a: Delphox|28/100
|move|p1a: Delphox|Heat Wave|p2b: Charizard|[spread] p2a,p2b
|-resisted|p2b: Charizard|1
|-damage|p2a: Staraptor|0 fnt
|-damage|p2b: Charizard|5/100
|faint|p2a: Staraptor
|
|-weather|SunnyDay|[upkeep]
|upkeep
|
|t:|1785355348
|switch|p2a: Garchomp|Garchomp, L50, M|100/100
|turn|4
|
|t:|1785355355
|switch|p2b: Basculegion|Basculegion, L50, M|100/100
|switch|p1b: Sinistcha|Sinistcha, L50|100/100
|-heal|p1a: Delphox|53/100|[from] ability: Hospitality|[of] p1b: Sinistcha
|move|p1a: Delphox|Protect|p1a: Delphox
|-singleturn|p1a: Delphox|Protect
|move|p2a: Garchomp|Rock Slide|p1a: Delphox|[spread] 
|-activate|p1a: Delphox|move: Protect
|-miss|p2a: Garchomp|p1b: Sinistcha
|
|-weather|SunnyDay|[upkeep]
|-sideend|p2: Gottkomplexe|move: Tailwind
|upkeep
|turn|5
|
|t:|1785355371
|move|p1a: Delphox|Protect||[still]
|-fail|p1a: Delphox
|move|p2b: Basculegion|Last Respects|p1a: Delphox
|-supereffective|p1a: Delphox|1
|-damage|p1a: Delphox|0 fnt
|faint|p1a: Delphox
|move|p2a: Garchomp|Rock Slide|p1b: Sinistcha
|-damage|p1b: Sinistcha|78/100
|move|p1b: Sinistcha|Matcha Gotcha|p2b: Basculegion|[spread] p2a,p2b
|-supereffective|p2b: Basculegion|1
|-damage|p2a: Garchomp|78/100
|-heal|p1b: Sinistcha|91/100|[from] drain|[of] p2a: Garchomp
|-damage|p2b: Basculegion|47/100
|-heal|p1b: Sinistcha|100/100|[from] drain|[of] p2b: Basculegion
|
|-weather|none
|upkeep
|c|☆tizio20|I forgot I protected...
|
|t:|1785355388
|switch|p1a: Incineroar|Incineroar, L50, F|100/100
|-ability|p1a: Incineroar|Intimidate|boost
|-unboost|p2a: Garchomp|atk|1
|-unboost|p2b: Basculegion|atk|1
|turn|6
|
|t:|1785355406
|move|p1a: Incineroar|Fake Out|p2a: Garchomp
|-damage|p2a: Garchomp|70/100
|-damage|p1a: Incineroar|87/100|[from] ability: Rough Skin|[of] p2a: Garchomp
|move|p2b: Basculegion|Last Respects|p1b: Sinistcha
|-supereffective|p1b: Sinistcha|1
|-enditem|p1b: Sinistcha|Kasib Berry|[eat]
|-enditem|p1b: Sinistcha|Kasib Berry|[weaken]
|-damage|p1b: Sinistcha|67/100
|cant|p2a: Garchomp|flinch
|move|p1b: Sinistcha|Matcha Gotcha|p2b: Basculegion|[spread] p2a,p2b
|-crit|p2a: Garchomp
|-supereffective|p2b: Basculegion|1
|-damage|p2a: Garchomp|39/100
|-heal|p1b: Sinistcha|86/100|[from] drain|[of] p2a: Garchomp
|-damage|p2b: Basculegion|0 fnt
|-heal|p1b: Sinistcha|100/100|[from] drain|[of] p2b: Basculegion
|-enditem|p2a: Garchomp|Sitrus Berry|[eat]
|-heal|p2a: Garchomp|63/100|[from] item: Sitrus Berry
|faint|p2b: Basculegion
|
|upkeep
|
|t:|1785355409
|switch|p2b: Charizard|Charizard-Mega-Y, L50, M|5/100
|-weather|SunnyDay|[from] ability: Drought|[of] p2b: Charizard
|turn|7
|
|t:|1785355428
|move|p1b: Sinistcha|Protect|p1b: Sinistcha
|-singleturn|p1b: Sinistcha|Protect
|move|p2b: Charizard|Heat Wave|p1a: Incineroar|[spread] p1a
|-activate|p1b: Sinistcha|move: Protect
|-resisted|p1a: Incineroar|1
|-crit|p1a: Incineroar
|-damage|p1a: Incineroar|51/100
|move|p2a: Garchomp|Rock Slide|p1b: Sinistcha|[spread] p1a
|-activate|p1b: Sinistcha|move: Protect
|-supereffective|p1a: Incineroar|1
|-damage|p1a: Incineroar|25/100
|-enditem|p1a: Incineroar|Sitrus Berry|[eat]
|-heal|p1a: Incineroar|50/100g|[from] item: Sitrus Berry
|move|p1a: Incineroar|Flare Blitz|p2a: Garchomp
|-resisted|p2a: Garchomp|1
|-damage|p2a: Garchomp|37/100
|-damage|p1a: Incineroar|38/100|[from] ability: Rough Skin|[of] p2a: Garchomp
|-damage|p1a: Incineroar|28/100|[from] Recoil
|
|-weather|SunnyDay|[upkeep]
|upkeep
|turn|8
|
|t:|1785355453
|move|p2b: Charizard|Weather Ball|p1b: Sinistcha
|-supereffective|p1b: Sinistcha|1
|-damage|p1b: Sinistcha|0 fnt
|faint|p1b: Sinistcha
|move|p2a: Garchomp|Earthquake|p1a: Incineroar|[spread] p1a
|-immune|p2b: Charizard
|-supereffective|p1a: Incineroar|1
|-damage|p1a: Incineroar|0 fnt
|faint|p1a: Incineroar
|
|-weather|SunnyDay|[upkeep]
|upkeep
|
|t:|1785355456
|switch|p1b: Kingambit|Kingambit, L50, M|100/100
|turn|9
|inactive|Gottkomplexe has 30 seconds left.
|inactive|Gottkomplexe has 20 seconds left.
|inactive|Gottkomplexe has 15 seconds left.
|inactive|Gottkomplexe has 10 seconds left.
|
|t:|1785355505
|move|p2b: Charizard|Protect|p2b: Charizard
|-singleturn|p2b: Charizard|Protect
|move|p1b: Kingambit|Sucker Punch|p2a: Garchomp
|-damage|p2a: Garchomp|1/100
|-damage|p1b: Kingambit|87/100|[from] ability: Rough Skin|[of] p2a: Garchomp
|move|p2a: Garchomp|Earthquake|p1b: Kingambit|[spread] p1b
|-activate|p2b: Charizard|move: Protect
|-supereffective|p1b: Kingambit|1
|-damage|p1b: Kingambit|50/100g
|
|-weather|SunnyDay|[upkeep]
|upkeep
|turn|10
|c|☆tizio20|hell nah
|
|t:|1785355518
|move|p1b: Kingambit|Sucker Punch|p2b: Charizard
|-damage|p2b: Charizard|0 fnt
|faint|p2b: Charizard
|move|p2a: Garchomp|Earthquake|p1b: Kingambit
|-supereffective|p1b: Kingambit|1
|-damage|p1b: Kingambit|1/100
|
|-weather|SunnyDay|[upkeep]
|upkeep
|turn|11
|c|☆Gottkomplexe|hahaha
|c|☆tizio20|I cry
|c|☆tizio20|ahahahha
|
|t:|1785355534
|move|p2a: Garchomp|Protect|p2a: Garchomp
|-singleturn|p2a: Garchomp|Protect
|move|p1b: Kingambit|Sucker Punch||[still]
|-fail|p1b: Kingambit
|
|-weather|none
|upkeep
|turn|12
|
|t:|1785355538
|move|p1b: Kingambit|Sucker Punch|p2a: Garchomp
|-damage|p2a: Garchomp|0 fnt
|-damage|p1b: Kingambit|0 fnt|[from] ability: Rough Skin|[of] p2a: Garchomp
|faint|p2a: Garchomp
|faint|p1b: Kingambit
|
|win|tizio20
|inactive|tizio20 has 30 seconds to confirm battle start!
|inactive|Gottkomplexe has 30 seconds to confirm battle start!
|c|☆tizio20|peak way to arrive at game 3
|inactive|tizio20 has 20 seconds to confirm battle start!
|inactive|Gottkomplexe has 20 seconds to confirm battle start!
||tizio20 is ready for game 3.
|inactive|Gottkomplexe has 10 seconds to confirm battle start!
||Gottkomplexe is ready for game 3.
|uhtml|next|Next: Game 3 of 3
|j| Vividedenne
|l| Vividedenne
|l|☆Gottkomplexe
|player|p2|
