|j|☆timmytheglueeater
|j|☆Volanr
|html|timmytheglueeaterVolanr    
|uhtml|bestof|Game 1 of a best-of-3
|t:|1757631982
|gametype|doubles
|player|p1|timmytheglueeater|101|1343
|player|p2|Volanr|cynthia-masters3|1425
|gen|9
|tier|[Gen 9] VGC 2025 Reg H (Bo3)
|rated|
|rule|Species Clause: Limit one of each Pokémon
|rule|Item Clause: Limit 1 of each item
|clearpoke
|poke|p1|Dondozo, L50, F|
|poke|p1|Tatsugiri, L50, M|
|poke|p1|Ninetales-Alola, L50, F|
|poke|p1|Pawmot, L50, M|
|poke|p1|Gholdengo, L50|
|poke|p1|Corviknight, L50, F|
|poke|p2|Archaludon, L50, M|
|poke|p2|Sinistcha-Masterpiece, L50|
|poke|p2|Dragonite, L50, F|
|poke|p2|Pelipper, L50, F|
|poke|p2|Ursaluna, L50, F|
|poke|p2|Gholdengo, L50|
|teampreview|4
|showteam|p1|Dondozo||Leftovers|Unaware|WaveCrash,OrderUp,Earthquake,Protect|||F|||50|,,,,,Steel]Tatsugiri||ChoiceScarf|Commander|MuddyWater,DracoMeteor,DragonPulse,IcyWind|||M|||50|,,,,,Ghost]Ninetales-Alola||LightClay|SnowWarning|Blizzard,FreezeDry,AuroraVeil,Protect|||F|||50|,,,,,Ghost]Pawmot||FocusSash|NaturalCure|DoubleShock,CloseCombat,FakeOut,Coaching|||M|||50|,,,,,Electric]Gholdengo||ChoiceSpecs|GoodasGold|MakeItRain,ShadowBall,PowerGem,Trick||||||50|,,,,,Steel]Corviknight||SitrusBerry|MirrorArmor|BraveBird,BulkUp,Tailwind,Roost|||F|||50|,,,,,Dragon
|showteam|p2|Archaludon||AssaultVest|Stamina|BodyPress,Snarl,ElectroShot,FlashCannon|||M|||50|,,,,,Fighting]Sinistcha-Masterpiece||SitrusBerry|Hospitality|MatchaGotcha,RagePowder,TrickRoom,LifeDew||||||50|,,,,,Dark]Dragonite||LoadedDice|Multiscale|ScaleShot,Protect,Tailwind,Haze|||F|||50|,,,,,Steel]Pelipper||FocusSash|Drizzle|MuddyWater,Hurricane,Tailwind,Protect|||F|||50|,,,,,Ghost]Ursaluna||FlameOrb|Guts|Facade,HeadlongRush,Earthquake,Protect|||F|||50|,,,,,Ghost]Gholdengo||ChoiceScarf|GoodasGold|MakeItRain,TeraBlast,ShadowBall,Trick||||||50|,,,,,Water
|inactive|Battle timer is ON: inactive players will automatically lose when time's up. (requested by timmytheglueeater)
|inactive|timmytheglueeater has 60 seconds left.
|inactive|Volanr has 60 seconds left.
|
|t:|1757632027
|teamsize|p1|4
|teamsize|p2|4
|start
|switch|p1a: Pawmot|Pawmot, L50, M|100/100
|switch|p1b: Dondozo|Dondozo, L50, F|100/100
|switch|p2a: Gholdengo|Gholdengo, L50|100/100
|switch|p2b: Dragonite|Dragonite, L50, F|100/100
|turn|1
|inactive|timmytheglueeater has 30 seconds left.
|inactive|timmytheglueeater has 20 seconds left.
|inactive|timmytheglueeater has 15 seconds left.
|
|t:|1757632069
|move|p2b: Dragonite|Protect|p2b: Dragonite
|-singleturn|p2b: Dragonite|Protect
|move|p1a: Pawmot|Fake Out|p2b: Dragonite
|-activate|p2b: Dragonite|move: Protect
|move|p2a: Gholdengo|Make It Rain|p1a: Pawmot|[spread] p1a,p1b
|-resisted|p1a: Pawmot
|-resisted|p1b: Dondozo
|-damage|p1a: Pawmot|52/100
|-damage|p1b: Dondozo|77/100
|-unboost|p2a: Gholdengo|spa|1
|move|p1b: Dondozo|Order Up|p2b: Dragonite
|-activate|p2b: Dragonite|move: Protect
|
|-heal|p1b: Dondozo|83/100|[from] item: Leftovers
|upkeep
|turn|2
|inactive|timmytheglueeater has 30 seconds left.
|inactive|timmytheglueeater has 20 seconds left.
|inactive|Volanr has 30 seconds left.
|inactive|timmytheglueeater has 15 seconds left.
|
|t:|1757632111
|-terastallize|p1a: Pawmot|Electric
|-terastallize|p2b: Dragonite|Steel
|move|p2a: Gholdengo|Make It Rain|p1b: Dondozo|[spread] p1a,p1b
|-resisted|p1a: Pawmot
|-resisted|p1b: Dondozo
|-damage|p1a: Pawmot|20/100
|-damage|p1b: Dondozo|59/100
|-unboost|p2a: Gholdengo|spa|1
|move|p1a: Pawmot|Double Shock|p2a: Gholdengo
|-damage|p2a: Gholdengo|17/100
|-start|p1a: Pawmot|typechange|Electric|[from] move: Double Shock
|move|p2b: Dragonite|Scale Shot|p1b: Dondozo
|-damage|p1b: Dondozo|48/100
|-damage|p1b: Dondozo|38/100
|-crit|p1b: Dondozo
|-damage|p1b: Dondozo|22/100
|-damage|p1b: Dondozo|12/100
|-damage|p1b: Dondozo|1/100
|-hitcount|p1b: Dondozo|5
|-unboost|p2b: Dragonite|def|1
|-boost|p2b: Dragonite|spe|1
|move|p1b: Dondozo|Order Up|p2b: Dragonite
|-resisted|p2b: Dragonite
|-damage|p2b: Dragonite|93/100
|
|-heal|p1b: Dondozo|7/100|[from] item: Leftovers
|upkeep
|turn|3
|inactive|timmytheglueeater has 30 seconds left.
|inactive|Volanr has 30 seconds left.
|inactive|timmytheglueeater has 20 seconds left.
|
|t:|1757632147
|move|p2b: Dragonite|Protect|p2b: Dragonite
|-singleturn|p2b: Dragonite|Protect
|move|p1b: Dondozo|Protect|p1b: Dondozo
|-singleturn|p1b: Dondozo|Protect
|move|p2a: Gholdengo|Make It Rain|p1b: Dondozo|[spread] p1a
|-activate|p1b: Dondozo|move: Protect
|-resisted|p1a: Pawmot
|-damage|p1a: Pawmot|0 fnt
|-unboost|p2a: Gholdengo|spa|1
|faint|p1a: Pawmot
|
|-heal|p1b: Dondozo|13/100|[from] item: Leftovers
|upkeep
|
|t:|1757632164
|switch|p1a: Ninetales|Ninetales-Alola, L50, F|100/100
|-weather|Snowscape|[from] ability: Snow Warning|[of] p1a: Ninetales
|turn|4
|
|t:|1757632181
|switch|p2b: Pelipper|Pelipper, L50, F|100/100
|-weather|RainDance|[from] ability: Drizzle|[of] p2b: Pelipper
|move|p1b: Dondozo|Protect|p1b: Dondozo
|-singleturn|p1b: Dondozo|Protect
|move|p2a: Gholdengo|Make It Rain|p1b: Dondozo|[spread] p1a
|-activate|p1b: Dondozo|move: Protect
|-supereffective|p1a: Ninetales
|-damage|p1a: Ninetales|4/100
|-unboost|p2a: Gholdengo|spa|1
|move|p1a: Ninetales|Blizzard|p2a: Gholdengo|[spread] p2a,p2b
|-resisted|p2a: Gholdengo
|-damage|p2a: Gholdengo|0 fnt
|-damage|p2b: Pelipper|45/100
|faint|p2a: Gholdengo
|
|-weather|RainDance|[upkeep]
|-heal|p1b: Dondozo|20/100|[from] item: Leftovers
|upkeep
|
|t:|1757632195
|switch|p2a: Dragonite|Dragonite, L50, F, tera:Steel|93/100
|turn|5
|
|t:|1757632219
|switch|p1a: Tatsugiri|Tatsugiri, L50, M|100/100
|-activate|p1a: Tatsugiri|ability: Commander|[of] p1b: Dondozo
|-boost|p1b: Dondozo|atk|2
|-boost|p1b: Dondozo|spa|2
|-boost|p1b: Dondozo|spe|2
|-boost|p1b: Dondozo|def|2
|-boost|p1b: Dondozo|spd|2
|move|p2b: Pelipper|Protect|p2b: Pelipper
|-singleturn|p2b: Pelipper|Protect
|move|p1b: Dondozo|Order Up|p2b: Pelipper
|-activate|p2b: Pelipper|move: Protect
|move|p2a: Dragonite|Tailwind|p2a: Dragonite
|-sidestart|p2: Volanr|move: Tailwind
|
|-weather|RainDance|[upkeep]
|-heal|p1b: Dondozo|26/100|[from] item: Leftovers
|upkeep
|turn|6
|
|t:|1757632242
|switch|p2b: Archaludon|Archaludon, L50, M|100/100
|move|p2a: Dragonite|Haze|p2a: Dragonite
|-clearallboost
|move|p1b: Dondozo|Earthquake|p2a: Dragonite|[spread] p2a,p2b
|-miss|p1b: Dondozo|p1a: Tatsugiri
|-supereffective|p2a: Dragonite
|-supereffective|p2b: Archaludon
|-damage|p2a: Dragonite|43/100
|-damage|p2b: Archaludon|73/100
|-ability|p2b: Archaludon|Stamina|boost
|-boost|p2b: Archaludon|def|1
|
|-weather|RainDance|[upkeep]
|-heal|p1b: Dondozo|32/100|[from] item: Leftovers
|upkeep
|turn|7
|
|t:|1757632261
|move|p1b: Dondozo|Protect|p1b: Dondozo
|-singleturn|p1b: Dondozo|Protect
|move|p2a: Dragonite|Scale Shot|p1b: Dondozo
|-activate|p1b: Dondozo|move: Protect
|move|p2b: Archaludon|Electro Shot||[still]
|-prepare|p2b: Archaludon|Electro Shot
|-boost|p2b: Archaludon|spa|1
|-anim|p2b: Archaludon|Electro Shot|p1b: Dondozo
|-activate|p1b: Dondozo|move: Protect
|
|-weather|RainDance|[upkeep]
|-heal|p1b: Dondozo|38/100|[from] item: Leftovers
|upkeep
|turn|8
|
|t:|1757632277
|move|p1b: Dondozo|Protect||[still]
|-fail|p1b: Dondozo
|move|p2a: Dragonite|Scale Shot|p1b: Dondozo
|-damage|p1b: Dondozo|27/100
|-damage|p1b: Dondozo|18/100
|-damage|p1b: Dondozo|8/100
|-damage|p1b: Dondozo|0 fnt
|faint|p1b: Dondozo
|-hitcount|p1: Dondozo|4
|-unboost|p2a: Dragonite|def|1
|-boost|p2a: Dragonite|spe|1
|move|p2b: Archaludon|Electro Shot||[still]
|-prepare|p2b: Archaludon|Electro Shot
|-boost|p2b: Archaludon|spa|1
|-anim|p2b: Archaludon|Electro Shot|p1a: Tatsugiri
|-damage|p1a: Tatsugiri|3/100
|
|-weather|none
|-sideend|p2: Volanr|move: Tailwind
|upkeep
|
|t:|1757632286
|switch|p1b: Ninetales|Ninetales-Alola, L50, F|4/100
|-weather|Snowscape|[from] ability: Snow Warning|[of] p1b: Ninetales
|turn|9
|
|t:|1757632294
|move|p1a: Tatsugiri|Icy Wind|p2a: Dragonite|[spread] p2a,p2b
|-resisted|p2a: Dragonite
|-damage|p2a: Dragonite|36/100
|-damage|p2b: Archaludon|63/100
|-unboost|p2a: Dragonite|spe|1
|-unboost|p2b: Archaludon|spe|1
|-ability|p2b: Archaludon|Stamina|boost
|-boost|p2b: Archaludon|def|1
|move|p1b: Ninetales|Blizzard|p2b: Archaludon|[spread] p2a,p2b
|-resisted|p2a: Dragonite
|-damage|p2a: Dragonite|20/100
|-damage|p2b: Archaludon|43/100
|-ability|p2b: Archaludon|Stamina|boost
|-boost|p2b: Archaludon|def|1
|move|p2a: Dragonite|Tailwind|p2a: Dragonite
|-sidestart|p2: Volanr|move: Tailwind
|move|p2b: Archaludon|Flash Cannon|p1a: Tatsugiri
|-resisted|p1a: Tatsugiri
|-damage|p1a: Tatsugiri|0 fnt
|faint|p1a: Tatsugiri
|
|-weather|Snowscape|[upkeep]
|upkeep
|turn|10
|-message|timmytheglueeater forfeited.
|
|win|Volanr
||Volanr is ready for game 2.
||timmytheglueeater is ready for game 2.
|uhtml|next|Next: Game 2 of 3
