|j|☆Inteligent8pro
|j|☆silvaarg
|html|Inteligent8prosilvaarg    
|uhtml|bestof|Game 1 of a best-of-3
|t:|1786143220
|gametype|doubles
|player|p1|Inteligent8pro|elesa|
|player|p2|silvaarg|hugh|
|gen|9
|tier|[Gen 9 Champions] VGC 2026 Reg M-B (Bo3)
|rule|Species Clause: Limit one of each Pokémon
|rule|Item Clause: Limit 1 of each item
|clearpoke
|poke|p1|Blaziken, L50, M|
|poke|p1|Venusaur, L50, F|
|poke|p1|Kingambit, L50, M|
|poke|p1|Ninetales-Alola, L50, M|
|poke|p1|Lycanroc-Dusk, L50, M|
|poke|p1|Basculegion, L50, M|
|poke|p2|Raichu, L50, M|
|poke|p2|Staraptor, L50, M, shiny|
|poke|p2|Arcanine-Hisui, L50, M|
|poke|p2|Farigiraf, L50, F|
|poke|p2|Sylveon, L50, F, shiny|
|poke|p2|Kingambit, L50, M|
|teampreview|4
|showteam|p1|Blaziken||Blazikenite|SpeedBoost|FlareBlitz,CloseCombat,RockSlide,Detect|Adamant||M|||50|]Venusaur||Venusaurite|Chlorophyll|GigaDrain,SludgeBomb,EarthPower,Protect|Modest||F|||50|]Kingambit||LifeOrb|Defiant|KowtowCleave,SuckerPunch,IronHead,Protect|Adamant||M|||50|]Ninetales-Alola||NeverMeltIce|SnowWarning|Blizzard,FreezeDry,Encore,Protect|Timid||M|||50|]Lycanroc-Dusk||FocusSash|ToughClaws|RockSlide,Accelerock,CloseCombat,Protect|Adamant||M|||50|]Basculegion||ChoiceScarf|Adaptability|LastRespects,WaveCrash,AquaJet,FlipTurn|Jolly||M|||50|
|showteam|p2|Raichu||RaichuniteY|LightningRod|ZapCannon,FocusBlast,FakeOut,Protect|Timid||M|||50|]Staraptor||Staraptite|Intimidate|CloseCombat,DualWingbeat,Tailwind,Protect|Jolly||M|||50|]Arcanine-Hisui||FocusSash|RockHead|FlareBlitz,HeadSmash,ExtremeSpeed,Protect|Jolly||M|||50|]Farigiraf||SitrusBerry|ArmorTail|Psychic,HelpingHand,TrickRoom,Protect|Calm||F|||50|]Sylveon||FairyFeather|Pixilate|HyperVoice,QuickAttack,HyperBeam,Detect|Modest||F|||50|]Kingambit||LifeOrb|Defiant|KowtowCleave,SuckerPunch,SwordsDance,Protect|Adamant||M|||50|
|inactive|Battle timer is ON: inactive players will automatically lose when time's up. (requested by silvaarg)
|
|t:|1786143266
|teamsize|p1|4
|teamsize|p2|4
|start
|switch|p1a: Blaziken|Blaziken, L50, M|100/100
|switch|p1b: Ninetales|Ninetales-Alola, L50, M|100/100
|switch|p2a: Staraptor|Staraptor, L50, M, shiny|100/100
|switch|p2b: Sylveon|Sylveon, L50, F, shiny|100/100
|-weather|Snowscape|[from] ability: Snow Warning|[of] p1b: Ninetales
|-ability|p2a: Staraptor|Intimidate|boost
|-unboost|p1a: Blaziken|atk|1
|-unboost|p1b: Ninetales|atk|1
|turn|1
|inactive|silvaarg has 30 seconds left.
|inactive|silvaarg has 20 seconds left.
|
|t:|1786143304
|detailschange|p2a: Staraptor|Staraptor-Mega, L50, M, shiny
|-mega|p2a: Staraptor|Staraptor|Staraptite
|detailschange|p1a: Blaziken|Blaziken-Mega, L50, M
|-mega|p1a: Blaziken|Blaziken|Blazikenite
|move|p2a: Staraptor|Dual Wingbeat|p1a: Blaziken
|-supereffective|p1a: Blaziken|1
|-damage|p1a: Blaziken|45/100
|-supereffective|p1a: Blaziken|1
|-damage|p1a: Blaziken|0 fnt
|faint|p1a: Blaziken
|-hitcount|p1: Blaziken|2
|move|p1b: Ninetales|Blizzard|p2a: Staraptor|[spread] p2a,p2b
|-supereffective|p2a: Staraptor|1
|-crit|p2b: Sylveon
|-damage|p2a: Staraptor|26/100
|-damage|p2b: Sylveon|57/100
|-status|p2a: Staraptor|frz
|move|p2b: Sylveon|Hyper Voice|p1b: Ninetales
|-damage|p1b: Ninetales|25/100
|
|-weather|Snowscape|[upkeep]
|upkeep
|
|t:|1786143322
|switch|p1a: Kingambit|Kingambit, L50, M|100/100
|turn|2
|
|t:|1786143326
|move|p2b: Sylveon|Detect|p2b: Sylveon
|-singleturn|p2b: Sylveon|Protect
|cant|p2a: Staraptor|frz
|move|p1b: Ninetales|Blizzard|p2a: Staraptor|[spread] p2a
|-activate|p2b: Sylveon|move: Protect
|-supereffective|p2a: Staraptor|1
|-damage|p2a: Staraptor|0 fnt
|faint|p2a: Staraptor
|move|p1a: Kingambit|Iron Head|p2b: Sylveon
|-activate|p2b: Sylveon|move: Protect
|
|-weather|Snowscape|[upkeep]
|upkeep
|
|t:|1786143342
|switch|p2a: Arcanine|Arcanine-Hisui, L50, M|100/100
|turn|3
|
|t:|1786143362
|switch|p2b: Farigiraf|Farigiraf, L50, F|100/100
|move|p2a: Arcanine|Protect|p2a: Arcanine
|-singleturn|p2a: Arcanine|Protect
|move|p1a: Kingambit|Protect|p1a: Kingambit
|-singleturn|p1a: Kingambit|Protect
|move|p1b: Ninetales|Blizzard|p2b: Farigiraf|[spread] p2b
|-activate|p2a: Arcanine|move: Protect
|-crit|p2b: Farigiraf
|-damage|p2b: Farigiraf|58/100
|
|-weather|Snowscape|[upkeep]
|upkeep
|turn|4
|
|t:|1786143387
|move|p2b: Farigiraf|Helping Hand|p2a: Arcanine
|-singleturn|p2a: Arcanine|Helping Hand|[of] p2b: Farigiraf
|move|p1b: Ninetales|Encore|p2a: Arcanine
|-start|p2a: Arcanine|Encore
|move|p2a: Arcanine|Protect|p2a: Arcanine
|-singleturn|p2a: Arcanine|Protect
|move|p1a: Kingambit|Kowtow Cleave|p2b: Farigiraf
|-supereffective|p2b: Farigiraf|1
|-damage|p2b: Farigiraf|0 fnt
|faint|p2b: Farigiraf
|-damage|p1a: Kingambit|90/100|[from] item: Life Orb
|
|-weather|Snowscape|[upkeep]
|upkeep
|
|t:|1786143396
|switch|p2b: Sylveon|Sylveon, L50, F, shiny|57/100
|turn|5
|
|t:|1786143416
|move|p2a: Arcanine|Protect||[still]
|-fail|p2a: Arcanine
|move|p1b: Ninetales|Blizzard|p2b: Sylveon|[spread] p2a,p2b
|-resisted|p2a: Arcanine|1
|-damage|p2a: Arcanine|77/100
|-damage|p2b: Sylveon|29/100
|move|p2b: Sylveon|Hyper Beam|p1a: Kingambit
|-damage|p1a: Kingambit|0 fnt
|-mustrecharge|p2b: Sylveon
|faint|p1a: Kingambit
|
|-weather|none
|upkeep
|
|t:|1786143426
|switch|p1a: Lycanroc|Lycanroc-Dusk, L50, M|100/100
|turn|6
|inactive|Inteligent8pro has 30 seconds left.
|
|t:|1786143459
|move|p2a: Arcanine|Protect|p2a: Arcanine
|-singleturn|p2a: Arcanine|Protect
|move|p1a: Lycanroc|Accelerock|p2b: Sylveon
|-crit|p2b: Sylveon
|-damage|p2b: Sylveon|0 fnt
|faint|p2b: Sylveon
|move|p1b: Ninetales|Encore|p2a: Arcanine
|-activate|p2a: Arcanine|move: Protect
|
|-end|p2a: Arcanine|Encore
|upkeep
|turn|7
|
|t:|1786143475
|move|p2a: Arcanine|Extreme Speed|p1b: Ninetales
|-damage|p1b: Ninetales|0 fnt
|faint|p1b: Ninetales
|move|p1a: Lycanroc|Accelerock|p2a: Arcanine
|-supereffective|p2a: Arcanine|1
|-damage|p2a: Arcanine|1/100
|
|upkeep
|turn|8
|
|t:|1786143484
|move|p2a: Arcanine|Protect|p2a: Arcanine
|-singleturn|p2a: Arcanine|Protect
|move|p1a: Lycanroc|Accelerock|p2a: Arcanine
|-activate|p2a: Arcanine|move: Protect
|
|upkeep
|turn|9
|
|t:|1786143494
|move|p1a: Lycanroc|Accelerock|p2a: Arcanine
|-supereffective|p2a: Arcanine|1
|-damage|p2a: Arcanine|0 fnt
|faint|p2a: Arcanine
|
|win|Inteligent8pro
