|j|☆sproless
|j|☆freudianbreath
|html|sprolessfreudianbreath    
|uhtml|bestof|Game 3 of a best-of-3
|t:|1784438188
|gametype|doubles
|player|p1|sproless|102|1099
|player|p2|freudianbreath|265|1074
|gen|9
|tier|[Gen 9 Champions] VGC 2026 Reg M-B (Bo3)
|rated|
|rule|Species Clause: Limit one of each Pokémon
|rule|Item Clause: Limit 1 of each item
|clearpoke
|poke|p1|Charizard, L50, F|
|poke|p1|Venusaur, L50, M|
|poke|p1|Toxapex, L50, M|
|poke|p1|Mamoswine, L50, F|
|poke|p1|Incineroar, L50, F|
|poke|p1|Farigiraf, L50, F|
|poke|p2|Aerodactyl, L50, M|
|poke|p2|Blaziken, L50, F|
|poke|p2|Torkoal, L50, F|
|poke|p2|Basculegion, L50, M|
|poke|p2|Sylveon, L50, M|
|poke|p2|Kingambit, L50, F|
|teampreview|4
|showteam|p1|Charizard||CharizarditeY|Blaze|WeatherBall,HeatWave,SolarBeam,Protect|Timid||F|||50|]Venusaur||LifeOrb|Chlorophyll|SludgeBomb,EnergyBall,EarthPower,Protect|Modest||M|||50|]Toxapex||Leftovers|Regenerator|Infestation,Toxic,WideGuard,BanefulBunker|Bold||M|||50|]Mamoswine||FocusSash|Oblivious|IcicleCrash,IceShard,HighHorsepower,Protect|Adamant||F|||50|]Incineroar||WhiteHerb|Intimidate|FlareBlitz,DarkestLariat,CloseCombat,FakeOut|Brave||F|||50|]Farigiraf||SitrusBerry|ArmorTail|TwinBeam,Thunderbolt,HelpingHand,TrickRoom|Relaxed||F|||50|
|showteam|p2|Aerodactyl||Aerodactylite|Unnerve|IceFang,DualWingbeat,RockSlide,Tailwind|Jolly||M|||50|]Blaziken||Blazikenite|SpeedBoost|Detect,FlareBlitz,RockSlide,CloseCombat|Adamant||F|||50|]Torkoal||Leftovers|Drought|HeatWave,WeatherBall,Protect,Yawn|Relaxed||F|||50|]Basculegion||SitrusBerry|Adaptability|WaveCrash,LastRespects,AquaJet,Protect|Adamant||M|||50|]Sylveon||FairyFeather|Pixilate|HyperVoice,Moonblast,QuickAttack,Detect|Modest||M|||50|]Kingambit||LifeOrb|Defiant|KowtowCleave,SuckerPunch,IronHead,Protect|Adamant||F|||50|
|inactive|Battle timer is ON: inactive players will automatically lose when time's up. (requested by sproless)
|inactive|freudianbreath has 60 seconds left.
|
|t:|1784438377
|teamsize|p1|4
|teamsize|p2|4
|start
|switch|p1a: Farigiraf|Farigiraf, L50, F|100/100
|switch|p1b: Toxapex|Toxapex, L50, M|100/100
|switch|p2a: Aerodactyl|Aerodactyl, L50, M|100/100
|switch|p2b: Blaziken|Blaziken, L50, F|100/100
|-ability|p2a: Aerodactyl|Unnerve
|turn|1
|inactive|freudianbreath has 30 seconds left.
|
|t:|1784438409
|switch|p2a: Torkoal|Torkoal, L50, F|100/100
|-weather|SunnyDay|[from] ability: Drought|[of] p2a: Torkoal
|move|p2b: Blaziken|Detect|p2b: Blaziken
|-singleturn|p2b: Blaziken|Protect
|move|p1b: Toxapex|Infestation|p2a: Torkoal
|-resisted|p2a: Torkoal|1
|-damage|p2a: Torkoal|98/100
|-activate|p2a: Torkoal|move: Infestation|[of] p1b: Toxapex
|move|p1a: Farigiraf|Trick Room|p1a: Farigiraf
|-fieldstart|move: Trick Room|[of] p1a: Farigiraf
|
|-weather|SunnyDay|[upkeep]
|-heal|p2a: Torkoal|100/100|[from] item: Leftovers
|-damage|p2a: Torkoal|87/100|[from] move: Infestation|[partiallytrapped]
|-ability|p2b: Blaziken|Speed Boost|boost
|-boost|p2b: Blaziken|spe|1
|upkeep
|turn|2
|inactive|freudianbreath has 30 seconds left.
|inactive|freudianbreath has 20 seconds left.
|inactive|freudianbreath has 15 seconds left.
|inactive|freudianbreath has 10 seconds left.
|inactive|freudianbreath has 5 seconds left.
|
|t:|1784438461
|switch|p2b: Kingambit|Kingambit, L50, F|100/100
|move|p2a: Torkoal|Weather Ball|p1a: Farigiraf
|-damage|p1a: Farigiraf|54/100
|move|p1b: Toxapex|Toxic|p2a: Torkoal
|-status|p2a: Torkoal|tox
|move|p1a: Farigiraf|Twin Beam|p2b: Kingambit
|-immune|p2b: Kingambit
|
|-weather|SunnyDay|[upkeep]
|-heal|p2a: Torkoal|93/100 tox|[from] item: Leftovers
|-damage|p2a: Torkoal|87/100 tox|[from] psn
|-damage|p2a: Torkoal|75/100 tox|[from] move: Infestation|[partiallytrapped]
|upkeep
|turn|3
|inactive|freudianbreath has 30 seconds left.
|inactive|freudianbreath has 20 seconds left.
|inactive|freudianbreath has 15 seconds left.
|inactive|freudianbreath has 10 seconds left.
|
|t:|1784438510
|move|p1a: Farigiraf|Helping Hand|p1b: Toxapex
|-singleturn|p1b: Toxapex|Helping Hand|[of] p1a: Farigiraf
|move|p2a: Torkoal|Heat Wave|p1a: Farigiraf|[spread] p1a,p1b
|-resisted|p1b: Toxapex|1
|-damage|p1a: Farigiraf|21/100
|-damage|p1b: Toxapex|86/100
|-enditem|p1a: Farigiraf|Sitrus Berry|[eat]
|-heal|p1a: Farigiraf|46/100|[from] item: Sitrus Berry
|move|p1b: Toxapex|Infestation|p2b: Kingambit
|-damage|p2b: Kingambit|95/100
|-activate|p2b: Kingambit|move: Infestation|[of] p1b: Toxapex
|move|p2b: Kingambit|Kowtow Cleave|p1a: Farigiraf
|-supereffective|p1a: Farigiraf|1
|-damage|p1a: Farigiraf|0 fnt
|faint|p1a: Farigiraf
|-damage|p2b: Kingambit|85/100|[from] item: Life Orb
|
|-weather|SunnyDay|[upkeep]
|-heal|p2a: Torkoal|81/100 tox|[from] item: Leftovers
|-heal|p1b: Toxapex|92/100|[from] item: Leftovers
|-damage|p2a: Torkoal|68/100 tox|[from] psn
|-damage|p2a: Torkoal|56/100 tox|[from] move: Infestation|[partiallytrapped]
|-damage|p2b: Kingambit|73/100|[from] move: Infestation|[partiallytrapped]
|upkeep
|inactive|sproless has 30 seconds left.
|
|t:|1784438536
|switch|p1a: Mamoswine|Mamoswine, L50, F|100/100
|turn|4
|inactive|freudianbreath has 30 seconds left.
|inactive|freudianbreath has 20 seconds left.
|inactive|freudianbreath has 15 seconds left.
|
|t:|1784438577
|move|p2b: Kingambit|Protect|p2b: Kingambit
|-singleturn|p2b: Kingambit|Protect
|move|p1b: Toxapex|Wide Guard|p1b: Toxapex
|-singleturn|p1b: Toxapex|Wide Guard
|move|p2a: Torkoal|Yawn|p1a: Mamoswine
|-start|p1a: Mamoswine|move: Yawn|[of] p2a: Torkoal
|move|p1a: Mamoswine|High Horsepower|p2a: Torkoal
|-supereffective|p2a: Torkoal|1
|-damage|p2a: Torkoal|0 fnt
|faint|p2a: Torkoal
|
|-weather|SunnyDay|[upkeep]
|-heal|p1b: Toxapex|98/100|[from] item: Leftovers
|-damage|p2b: Kingambit|61/100|[from] move: Infestation|[partiallytrapped]
|upkeep
|inactive|freudianbreath has 30 seconds left.
|
|t:|1784438603
|switch|p2a: Blaziken|Blaziken, L50, F|100/100
|turn|5
|inactive|freudianbreath has 30 seconds left.
|
|t:|1784438632
|move|p1b: Toxapex|Baneful Bunker|p1b: Toxapex
|-singleturn|p1b: Toxapex|move: Protect
|move|p1a: Mamoswine|Protect|p1a: Mamoswine
|-singleturn|p1a: Mamoswine|Protect
|move|p2a: Blaziken|Detect|p2a: Blaziken
|-singleturn|p2a: Blaziken|Protect
|move|p2b: Kingambit|Kowtow Cleave|p1b: Toxapex
|-activate|p1b: Toxapex|move: Protect
|
|-weather|none
|-heal|p1b: Toxapex|100/100|[from] item: Leftovers
|-damage|p2b: Kingambit|49/100|[from] move: Infestation|[partiallytrapped]
|-end|p1a: Mamoswine|move: Yawn|[silent]
|-status|p1a: Mamoswine|slp
|-fieldend|move: Trick Room
|-ability|p2a: Blaziken|Speed Boost|boost
|-boost|p2a: Blaziken|spe|1
|upkeep
|turn|6
|inactive|freudianbreath has 30 seconds left.
|inactive|freudianbreath has 20 seconds left.
|inactive|freudianbreath has 15 seconds left.
|inactive|freudianbreath has 10 seconds left.
|inactive|freudianbreath has 5 seconds left.
|
|t:|1784438686
|detailschange|p2a: Blaziken|Blaziken-Mega, L50, F
|-mega|p2a: Blaziken|Blaziken|Blazikenite
|move|p1b: Toxapex|Wide Guard|p1b: Toxapex
|-singleturn|p1b: Toxapex|Wide Guard
|move|p2a: Blaziken|Flare Blitz|p1a: Mamoswine
|-supereffective|p1a: Mamoswine|1
|-enditem|p1a: Mamoswine|Focus Sash
|-damage|p1a: Mamoswine|1/100 slp
|-damage|p2a: Blaziken|61/100|[from] Recoil
|cant|p1a: Mamoswine|slp
|move|p2b: Kingambit|Kowtow Cleave|p1a: Mamoswine
|-damage|p1a: Mamoswine|0 fnt
|faint|p1a: Mamoswine
|-damage|p2b: Kingambit|40/100|[from] item: Life Orb
|
|-damage|p2b: Kingambit|28/100|[from] move: Infestation|[partiallytrapped]
|-ability|p2a: Blaziken|Speed Boost|boost
|-boost|p2a: Blaziken|spe|1
|upkeep
|
|t:|1784438704
|switch|p1a: Charizard|Charizard, L50, F|100/100
|turn|7
|inactive|freudianbreath has 30 seconds left.
|inactive|freudianbreath has 20 seconds left.
|inactive|freudianbreath has 15 seconds left.
|inactive|freudianbreath has 10 seconds left.
|inactive|freudianbreath has 5 seconds left.
|
|t:|1784438755
|detailschange|p1a: Charizard|Charizard-Mega-Y, L50, F
|-mega|p1a: Charizard|Charizard|Charizardite Y
|-weather|SunnyDay|[from] ability: Drought|[of] p1a: Charizard
|move|p2b: Kingambit|Sucker Punch|p1a: Charizard
|-damage|p1a: Charizard|47/100
|-damage|p2b: Kingambit|18/100|[from] item: Life Orb
|move|p2a: Blaziken|Flare Blitz|p1a: Charizard
|-resisted|p1a: Charizard|1
|-damage|p1a: Charizard|0 fnt
|faint|p1a: Charizard
|-damage|p2a: Blaziken|43/100|[from] Recoil
|move|p1b: Toxapex|Infestation|p2a: Blaziken
|-resisted|p2a: Blaziken|2
|-damage|p2a: Blaziken|43/100
|-activate|p2a: Blaziken|move: Infestation|[of] p1b: Toxapex
|
|-weather|SunnyDay|[upkeep]
|-damage|p2a: Blaziken|31/100|[from] move: Infestation|[partiallytrapped]
|-damage|p2b: Kingambit|6/100|[from] move: Infestation|[partiallytrapped]
|-ability|p2a: Blaziken|Speed Boost|boost
|-boost|p2a: Blaziken|spe|1
|upkeep
|turn|8
|inactive|freudianbreath has 30 seconds left.
|inactive|freudianbreath has 20 seconds left.
|
|t:|1784438795
|move|p2a: Blaziken|Flare Blitz|p1b: Toxapex
|-resisted|p1b: Toxapex|1
|-damage|p1b: Toxapex|63/100
|-status|p1b: Toxapex|brn
|-damage|p2a: Blaziken|19/100|[from] Recoil
|move|p2b: Kingambit|Kowtow Cleave|p1b: Toxapex
|-damage|p1b: Toxapex|21/100 brn
|-damage|p2b: Kingambit|0 fnt|[from] item: Life Orb
|faint|p2b: Kingambit
|move|p1b: Toxapex|Toxic|p2a: Blaziken
|-status|p2a: Blaziken|tox
|
|-weather|SunnyDay|[upkeep]
|-heal|p1b: Toxapex|27/100 brn|[from] item: Leftovers
|-damage|p2a: Blaziken|13/100 tox|[from] psn
|-damage|p1b: Toxapex|21/100 brn|[from] brn
|-damage|p2a: Blaziken|1/100 tox|[from] move: Infestation|[partiallytrapped]
|-ability|p2a: Blaziken|Speed Boost|boost
|-boost|p2a: Blaziken|spe|1
|upkeep
|
|t:|1784438806
|switch|p2b: Aerodactyl|Aerodactyl, L50, M|100/100
|-ability|p2b: Aerodactyl|Unnerve
|turn|9
|
|t:|1784438830
|move|p1b: Toxapex|Baneful Bunker|p1b: Toxapex
|-singleturn|p1b: Toxapex|move: Protect
|move|p2a: Blaziken|Flare Blitz|p1b: Toxapex
|-activate|p1b: Toxapex|move: Protect
|move|p2b: Aerodactyl|Dual Wingbeat|p1b: Toxapex
|-activate|p1b: Toxapex|move: Protect
|-status|p2b: Aerodactyl|psn
|
|-weather|SunnyDay|[upkeep]
|-heal|p1b: Toxapex|27/100 brn|[from] item: Leftovers
|-damage|p2a: Blaziken|0 fnt|[from] psn
|faint|p2a: Blaziken
|-damage|p2b: Aerodactyl|87/100 psn|[from] psn
|-damage|p1b: Toxapex|21/100 brn|[from] brn
|upkeep
|turn|10
|
|t:|1784438851
|move|p1b: Toxapex|Baneful Bunker||[still]
|-fail|p1b: Toxapex
|move|p2b: Aerodactyl|Dual Wingbeat|p1b: Toxapex
|-damage|p1b: Toxapex|10/100 brn
|-damage|p1b: Toxapex|0 fnt
|faint|p1b: Toxapex
|-hitcount|p1: Toxapex|2
|
|win|freudianbreath
|raw|sproless's rating: 1099 → 1072(-27 for losing)
|raw|freudianbreath's rating: 1074 → 1105(+31 for winning)
|c|☆freudianbreath|Nice to spend
|c|☆freudianbreath|*toxapex
