|j|☆Snowball_seer
|j|☆Mortipherus
|html|Snowball_seerMortipherus    
|uhtml|bestof|Game 1 of a best-of-3
|t:|1756320642
|gametype|doubles
|player|p1|Snowball_seer|allister-masters|
|player|p2|Mortipherus|biker-gen4|
|gen|9
|tier|[Gen 9] VGC 2025 Reg H (Bo3)
|rule|Species Clause: Limit one of each Pokémon
|rule|Item Clause: Limit 1 of each item
|clearpoke
|poke|p1|Annihilape, L50, M|
|poke|p1|Maushold-Four, L50|
|poke|p1|Gholdengo, L50|
|poke|p1|Rillaboom, L50, M|
|poke|p1|Ninetales-Alola, L50, M|
|poke|p1|Gastrodon, L50, M|
|poke|p2|Hydrapple, L50, M|
|poke|p2|Arcanine-Hisui, L50, F|
|poke|p2|Gholdengo, L50|
|poke|p2|Electabuzz, L50, M|
|poke|p2|Indeedee, L50, M|
|poke|p2|Sneasler, L50, M|
|teampreview|4
|showteam|p1|Annihilape||LumBerry|Defiant|Protect,RageFist,DrainPunch,BulkUp|||M|||50|,,,,,Fire]Maushold-Four||FocusSash|FriendGuard|Protect,BeatUp,Taunt,FollowMe||||||50|,,,,,Ghost]Gholdengo||LifeOrb|GoodasGold|Protect,MakeItRain,ShadowBall,NastyPlot||||||50|,,,,,Water]Rillaboom||AssaultVest|GrassySurge|FakeOut,GrassyGlide,WoodHammer,Uturn|||M|||50|,,,,,Fire]Ninetales-Alola||CovertCloak|SnowWarning|Protect,IcyWind,Encore,AuroraVeil|||M|||50|,,,,,Water]Gastrodon||SitrusBerry|StormDrain|Protect,EarthPower,ClearSmog,Yawn|||M|||50|,,,,,Grass
|showteam|p2|Hydrapple||AssaultVest|Regenerator|FickleBeam,EnergyBall,EarthPower,PollenPuff|||M|||50|,,,,,Bug]Arcanine-Hisui||ClearAmulet|Intimidate|Protect,ExtremeSpeed,FlareBlitz,RockSlide|||F|||50|,,,,,Grass]Gholdengo||LifeOrb|GoodasGold|Protect,NastyPlot,MakeItRain,ShadowBall||||||50|,,,,,Flying]Electabuzz||Eviolite|VitalSpirit|Protect,FollowMe,Taunt,Electroweb|||M|||50|,,,,,Dragon]Indeedee||FocusSash|PsychicSurge|Protect,TrickRoom,ExpandingForce,TeraBlast|||M|||50|,,,,,Ground]Sneasler||PsychicSeed|Unburden|Protect,ThroatChop,DireClaw,CloseCombat|||M|||50|,,,,,Dark
|inactive|Battle timer is ON: inactive players will automatically lose when time's up. (requested by Snowball_seer)
|inactive|Snowball_seer has 60 seconds left.
|inactive|Mortipherus has 60 seconds left.
|inactive|Snowball_seer has 30 seconds left.
|inactive|Snowball_seer has 20 seconds left.
|inactive|Snowball_seer has 15 seconds left.
|
|t:|1756320730
|teamsize|p1|4
|teamsize|p2|4
|start
|switch|p1a: Gholdengo|Gholdengo, L50|100/100
|switch|p1b: Ninetales|Ninetales-Alola, L50, M|100/100
|switch|p2a: Gholdengo|Gholdengo, L50|100/100
|switch|p2b: Electabuzz|Electabuzz, L50, M|100/100
|-weather|Snowscape|[from] ability: Snow Warning|[of] p1b: Ninetales
|turn|1
|inactive|Snowball_seer has 30 seconds left.
|inactive|Snowball_seer has 20 seconds left.
|inactive|Snowball_seer has 15 seconds left.
|
|t:|1756320771
|-terastallize|p1a: Gholdengo|Water
|move|p2b: Electabuzz|Follow Me|p2b: Electabuzz
|-singleturn|p2b: Electabuzz|move: Follow Me
|move|p1b: Ninetales|Aurora Veil|p1b: Ninetales
|-sidestart|p1: Snowball_seer|move: Aurora Veil
|move|p1a: Gholdengo|Nasty Plot|p1a: Gholdengo
|-boost|p1a: Gholdengo|spa|2
|move|p2a: Gholdengo|Nasty Plot|p2a: Gholdengo
|-boost|p2a: Gholdengo|spa|2
|
|-weather|Snowscape|[upkeep]
|upkeep
|turn|2
|inactive|Snowball_seer has 30 seconds left.
|
|t:|1756320801
|move|p1a: Gholdengo|Protect|p1a: Gholdengo
|-singleturn|p1a: Gholdengo|Protect
|move|p2a: Gholdengo|Protect|p2a: Gholdengo
|-singleturn|p2a: Gholdengo|Protect
|move|p1b: Ninetales|Icy Wind|p2b: Electabuzz|[spread] p2b
|-activate|p2a: Gholdengo|move: Protect
|-damage|p2b: Electabuzz|93/100
|-unboost|p2b: Electabuzz|spe|1
|move|p2b: Electabuzz|Electroweb|p1b: Ninetales|[spread] p1b
|-activate|p1a: Gholdengo|move: Protect
|-damage|p1b: Ninetales|90/100
|
|-weather|Snowscape|[upkeep]
|upkeep
|turn|3
|inactive|Mortipherus has 30 seconds left.
|inactive|Mortipherus has 20 seconds left.
|inactive|Mortipherus has 15 seconds left.
|
|t:|1756320844
|move|p2b: Electabuzz|Follow Me|p2b: Electabuzz
|-singleturn|p2b: Electabuzz|move: Follow Me
|move|p1b: Ninetales|Icy Wind|p2a: Gholdengo|[spread] p2a,p2b
|-resisted|p2a: Gholdengo
|-damage|p2a: Gholdengo|95/100
|-damage|p2b: Electabuzz|85/100
|-unboost|p2a: Gholdengo|spe|1
|-unboost|p2b: Electabuzz|spe|1
|move|p1a: Gholdengo|Shadow Ball|p2b: Electabuzz
|-damage|p2b: Electabuzz|10/100
|-unboost|p2b: Electabuzz|spd|1
|-damage|p1a: Gholdengo|91/100|[from] item: Life Orb
|move|p2a: Gholdengo|Make It Rain|p1b: Ninetales|[spread] p1a,p1b
|-resisted|p1a: Gholdengo
|-supereffective|p1b: Ninetales
|-damage|p1a: Gholdengo|40/100
|-damage|p1b: Ninetales|0 fnt
|-unboost|p2a: Gholdengo|spa|1
|faint|p1b: Ninetales
|-damage|p2a: Gholdengo|86/100|[from] item: Life Orb
|
|-weather|Snowscape|[upkeep]
|upkeep
|inactive|Snowball_seer has 30 seconds left.
|
|t:|1756320869
|switch|p1b: Maushold|Maushold-Four, L50|100/100
|turn|4
|
|t:|1756320892
|move|p2a: Gholdengo|Protect|p2a: Gholdengo
|-singleturn|p2a: Gholdengo|Protect
|move|p1b: Maushold|Follow Me|p1b: Maushold
|-singleturn|p1b: Maushold|move: Follow Me
|move|p1a: Gholdengo|Make It Rain|p2a: Gholdengo|[spread] p2b
|-activate|p2a: Gholdengo|move: Protect
|-resisted|p2b: Electabuzz
|-damage|p2b: Electabuzz|0 fnt
|-unboost|p1a: Gholdengo|spa|1
|faint|p2b: Electabuzz
|-damage|p1a: Gholdengo|31/100|[from] item: Life Orb
|
|-weather|Snowscape|[upkeep]
|upkeep
|
|t:|1756320906
|switch|p2b: Indeedee|Indeedee, L50, M|100/100
|-fieldstart|move: Psychic Terrain|[from] ability: Psychic Surge|[of] p2b: Indeedee
|turn|5
|
|t:|1756320928
|-terastallize|p2a: Gholdengo|Flying
|move|p1b: Maushold|Follow Me|p1b: Maushold
|-singleturn|p1b: Maushold|move: Follow Me
|move|p2b: Indeedee|Expanding Force|p1b: Maushold|[spread] p1a,p1b
|-damage|p1a: Gholdengo|2/100
|-damage|p1b: Maushold|57/100
|move|p1a: Gholdengo|Make It Rain|p2b: Indeedee|[spread] p2a,p2b
|-damage|p2a: Gholdengo|0 fnt
|-enditem|p2b: Indeedee|Focus Sash
|-damage|p2b: Indeedee|1/100
|-unboost|p1a: Gholdengo|spa|1
|faint|p2a: Gholdengo
|-damage|p1a: Gholdengo|0 fnt|[from] item: Life Orb
|faint|p1a: Gholdengo
|
|-weather|none
|-sideend|p1: Snowball_seer|move: Aurora Veil
|upkeep
|
|t:|1756320944
|switch|p1a: Annihilape|Annihilape, L50, M|100/100
|switch|p2a: Sneasler|Sneasler, L50, M|100/100
|-enditem|p2a: Sneasler|Psychic Seed
|-boost|p2a: Sneasler|spd|1|[from] item: Psychic Seed
|turn|6
|inactive|Snowball_seer has 30 seconds left.
|
|t:|1756320975
|move|p2a: Sneasler|Close Combat|p1b: Maushold
|-supereffective|p1b: Maushold
|-damage|p1b: Maushold|0 fnt
|-unboost|p2a: Sneasler|def|1
|-unboost|p2a: Sneasler|spd|1
|faint|p1b: Maushold
|move|p2b: Indeedee|Expanding Force|p1a: Annihilape
|-supereffective|p1a: Annihilape
|-damage|p1a: Annihilape|0 fnt
|faint|p1a: Annihilape
|
|win|Mortipherus
||Snowball_seer is ready for game 2.
|inactive|Mortipherus has 30 seconds to confirm battle start!
||Mortipherus is ready for game 2.
|uhtml|next|Next: Game 2 of 3
|l|☆Snowball_seer
|player|p1|
