|j|☆LeunamTG
|j|☆DarkJorch
|html|LeunamTGDarkJorch    
|uhtml|bestof|Game 3 of a best-of-3
|t:|1783956071
|gametype|doubles
|player|p1|LeunamTG|skyla|
|player|p2|DarkJorch|#smogonxnpa2025draftee|
|gen|9
|tier|[Gen 9 Champions] VGC 2026 Reg M-B (Bo3)
|rule|Species Clause: Limit one of each Pokémon
|rule|Item Clause: Limit 1 of each item
|clearpoke
|poke|p1|Garchomp, L50, F|
|poke|p1|Venusaur, L50, M|
|poke|p1|Incineroar, L50, M|
|poke|p1|Charizard, L50, F|
|poke|p1|Toxapex, L50, M|
|poke|p1|Annihilape, L50, M|
|poke|p2|Blastoise, L50, F|
|poke|p2|Incineroar, L50, M|
|poke|p2|Sinistcha, L50|
|poke|p2|Delphox, L50, M|
|poke|p2|Sneasler, L50, M|
|poke|p2|Kingambit, L50, F|
|teampreview|4
|showteam|p1|Garchomp||ChoiceScarf|RoughSkin|RockSlide,Earthquake,DragonClaw,StompingTantrum|Adamant||F|||50|]Venusaur||LifeOrb|Chlorophyll|SludgeBomb,SolarBeam,EarthPower,Protect|Modest||M|||50|]Incineroar||SitrusBerry|Intimidate|PartingShot,FlareBlitz,ThroatChop,FakeOut|Impish||M|||50|]Charizard||CharizarditeY|Blaze|HeatWave,WeatherBall,HelpingHand,Protect|Modest||F|||50|]Toxapex||Leftovers|Regenerator|Infestation,Toxic,WideGuard,BanefulBunker|Impish||M|||50|]Annihilape||FocusSash|Defiant|CloseCombat,PhantomForce,RockTomb,Protect|Jolly||M|||50|
|showteam|p2|Blastoise||Blastoisinite|RainDish|WaterSpout,DarkPulse,ShellSmash,Protect|Modest||F|||50|]Incineroar||SitrusBerry|Intimidate|FlareBlitz,HelpingHand,FakeOut,PartingShot|Impish||M|||50|]Sinistcha||OccaBerry|Hospitality|MatchaGotcha,TrickRoom,RagePowder,Protect|Bold|||||50|]Delphox||Delphoxite|Blaze|HeatWave,Psyshock,NastyPlot,Protect|Timid||M|||50|]Sneasler||FocusSash|PoisonTouch|CloseCombat,DireClaw,RockTomb,FakeOut|Jolly||M|||50|]Kingambit||BlackGlasses|Defiant|KowtowCleave,SuckerPunch,SwordsDance,Protect|Adamant||F|||50|
|j| belgium z
|j| Justified Joe
|j| Pd0nZ
|j| rkd272
|j| Kurt Zouma's cat
|j| templevgc
|j| pipppo
|j| Vikram chan
|l| Vikram chan
|j| A Regu1ar Guy
|j| bad posture
|
|t:|1783956209
|teamsize|p1|4
|teamsize|p2|4
|start
|switch|p1a: Charizard|Charizard, L50, F|100/100
|switch|p1b: Incineroar|Incineroar, L50, M|100/100
|switch|p2a: Sinistcha|Sinistcha, L50|100/100
|switch|p2b: Delphox|Delphox, L50, M|100/100
|-ability|p1b: Incineroar|Intimidate|boost
|-unboost|p2a: Sinistcha|atk|1
|-unboost|p2b: Delphox|atk|1
|turn|1
|l| A Regu1ar Guy
|l| rkd272
|inactive|Battle timer is ON: inactive players will automatically lose when time's up. (requested by DarkJorch)
|
|t:|1783956299
|detailschange|p2b: Delphox|Delphox-Mega, L50, M
|-mega|p2b: Delphox|Delphox|Delphoxite
|detailschange|p1a: Charizard|Charizard-Mega-Y, L50, F
|-mega|p1a: Charizard|Charizard|Charizardite Y
|-weather|SunnyDay|[from] ability: Drought|[of] p1a: Charizard
|move|p2b: Delphox|Protect|p2b: Delphox
|-singleturn|p2b: Delphox|Protect
|move|p2a: Sinistcha|Protect|p2a: Sinistcha
|-singleturn|p2a: Sinistcha|Protect
|move|p1a: Charizard|Heat Wave|p2a: Sinistcha|[spread] 
|-activate|p2a: Sinistcha|move: Protect
|-activate|p2b: Delphox|move: Protect
|move|p1b: Incineroar|Parting Shot|p2a: Sinistcha
|-activate|p2a: Sinistcha|move: Protect
|
|-weather|SunnyDay|[upkeep]
|upkeep
|turn|2
|
|t:|1783956319
|move|p2a: Sinistcha|Rage Powder|p2a: Sinistcha
|-singleturn|p2a: Sinistcha|move: Rage Powder
|move|p2b: Delphox|Nasty Plot|p2b: Delphox
|-boost|p2b: Delphox|spa|2
|move|p1a: Charizard|Heat Wave|p2a: Sinistcha|[spread] p2a,p2b
|-supereffective|p2a: Sinistcha|1
|-enditem|p2a: Sinistcha|Occa Berry|[eat]
|-enditem|p2a: Sinistcha|Occa Berry|[weaken]
|-resisted|p2b: Delphox|1
|-damage|p2a: Sinistcha|34/100
|-damage|p2b: Delphox|72/100
|-status|p2a: Sinistcha|brn
|move|p1b: Incineroar|Throat Chop|p2a: Sinistcha
|-supereffective|p2a: Sinistcha|1
|-damage|p2a: Sinistcha|0 fnt
|faint|p2a: Sinistcha
|
|-weather|SunnyDay|[upkeep]
|upkeep
|
|t:|1783956324
|switch|p2a: Sneasler|Sneasler, L50, M|100/100
|turn|3
|j| rkd272
|inactive|LeunamTG has 30 seconds left.
|l| belgium z
|
|t:|1783956358
|move|p2b: Delphox|Heat Wave|p1b: Incineroar|[spread] p1a,p1b
|-resisted|p1a: Charizard|1
|-resisted|p1b: Incineroar|1
|-damage|p1a: Charizard|55/100
|-damage|p1b: Incineroar|55/100
|move|p2a: Sneasler|Close Combat|p1b: Incineroar
|-supereffective|p1b: Incineroar|1
|-damage|p1b: Incineroar|0 fnt
|-unboost|p2a: Sneasler|def|1
|-unboost|p2a: Sneasler|spd|1
|faint|p1b: Incineroar
|move|p1a: Charizard|Heat Wave|p2b: Delphox|[spread] p2a,p2b
|-resisted|p2b: Delphox|1
|-enditem|p2a: Sneasler|Focus Sash
|-damage|p2a: Sneasler|1/100
|-damage|p2b: Delphox|43/100
|
|-weather|SunnyDay|[upkeep]
|upkeep
|
|t:|1783956372
|switch|p1b: Garchomp|Garchomp, L50, F|100/100
|turn|4
|inactive|LeunamTG has 30 seconds left.
|j| belgium z
|inactive|LeunamTG has 20 seconds left.
|inactive|LeunamTG has 15 seconds left.
|inactive|LeunamTG has 10 seconds left.
|
|t:|1783956421
|switch|p1a: Annihilape|Annihilape, L50, M|100/100
|move|p2b: Delphox|Protect|p2b: Delphox
|-singleturn|p2b: Delphox|Protect
|move|p1b: Garchomp|Rock Slide|p2b: Delphox|[spread] 
|-activate|p2b: Delphox|move: Protect
|-miss|p1b: Garchomp|p2a: Sneasler
|move|p2a: Sneasler|Rock Tomb|p1b: Garchomp
|-resisted|p1b: Garchomp|1
|-damage|p1b: Garchomp|89/100
|-unboost|p1b: Garchomp|spe|1
|
|-weather|SunnyDay|[upkeep]
|upkeep
|turn|5
|l| belgium z
|inactive|LeunamTG has 30 seconds left.
|inactive|DarkJorch has 30 seconds left.
|inactive|DarkJorch has 20 seconds left.
|j| belgium z
|inactive|DarkJorch has 15 seconds left.
|inactive|DarkJorch has 10 seconds left.
|inactive|DarkJorch has 5 seconds left.
|
|t:|1783956474
|switch|p2a: Kingambit|Kingambit, L50, F|100/100
|switch|p1b: Charizard|Charizard-Mega-Y, L50, F|55/100
|move|p1a: Annihilape|Protect|p1a: Annihilape
|-singleturn|p1a: Annihilape|Protect
|move|p2b: Delphox|Heat Wave|p1b: Charizard|[spread] p1b
|-activate|p1a: Annihilape|move: Protect
|-resisted|p1b: Charizard|1
|-damage|p1b: Charizard|6/100
|
|-weather|none
|upkeep
|turn|6
|inactive|LeunamTG has 30 seconds left.
|inactive|DarkJorch has 30 seconds left.
|inactive|DarkJorch has 20 seconds left.
|
|t:|1783956510
|switch|p1a: Garchomp|Garchomp, L50, F|89/100
|move|p1b: Charizard|Protect|p1b: Charizard
|-singleturn|p1b: Charizard|Protect
|move|p2a: Kingambit|Sucker Punch||[still]
|-fail|p2a: Kingambit
|move|p2b: Delphox|Psyshock|p1a: Garchomp
|-damage|p1a: Garchomp|10/100
|
|upkeep
|turn|7
|l| belgium z
|inactive|LeunamTG has 30 seconds left.
|inactive|LeunamTG has 20 seconds left.
|inactive|LeunamTG has 15 seconds left.
|
|t:|1783956553
|switch|p1a: Annihilape|Annihilape, L50, M|100/100
|move|p1b: Charizard|Protect||[still]
|-fail|p1b: Charizard
|move|p2a: Kingambit|Sucker Punch||[still]
|-fail|p2a: Kingambit
|move|p2b: Delphox|Psyshock|p1b: Charizard
|-damage|p1b: Charizard|0 fnt
|faint|p1b: Charizard
|
|upkeep
|
|t:|1783956563
|switch|p1b: Garchomp|Garchomp, L50, F|10/100
|turn|8
|
|t:|1783956579
|move|p2a: Kingambit|Sucker Punch|p1b: Garchomp
|-damage|p1b: Garchomp|0 fnt
|-damage|p2a: Kingambit|87/100|[from] ability: Rough Skin|[of] p1b: Garchomp
|faint|p1b: Garchomp
|move|p2b: Delphox|Psyshock|p1a: Annihilape
|-supereffective|p1a: Annihilape|1
|-enditem|p1a: Annihilape|Focus Sash
|-damage|p1a: Annihilape|1/100
|move|p1a: Annihilape|Close Combat|p2a: Kingambit
|-supereffective|p2a: Kingambit|2
|-damage|p2a: Kingambit|0 fnt
|-unboost|p1a: Annihilape|def|1
|-unboost|p1a: Annihilape|spd|1
|faint|p2a: Kingambit
|
|upkeep
|c|☆LeunamTG|ggs
|c|☆DarkJorch|ggs
|l| Pd0nZ
|
|t:|1783956587
|switch|p2a: Sneasler|Sneasler, L50, M|1/100
|turn|9
|l| rkd272
|
|t:|1783956599
|move|p2b: Delphox|Psyshock|p1a: Annihilape
|-supereffective|p1a: Annihilape|1
|-damage|p1a: Annihilape|0 fnt
|faint|p1a: Annihilape
|
|win|DarkJorch
|l| Kurt Zouma's cat
|l|☆LeunamTG
|player|p1|
|l| bad posture
|l| pipppo
