|j|☆Orizor
|j|☆upchicken
|html|Orizorupchicken    
|uhtml|bestof|Game 2 of a best-of-3
|t:|1754952483
|gametype|doubles
|player|p1|Orizor|hilbert-wonderlauncher|1122
|player|p2|upchicken|az|1223
|gen|9
|tier|[Gen 9] VGC 2025 Reg H (Bo3)
|rated|
|rule|Species Clause: Limit one of each Pokémon
|rule|Item Clause: Limit 1 of each item
|clearpoke
|poke|p1|Incineroar, L50, M|
|poke|p1|Farigiraf, L50, F|
|poke|p1|Dragapult, L50, M|
|poke|p1|Ursaluna-Bloodmoon, L50, M|
|poke|p1|Kingambit, L50, F|
|poke|p1|Ninetales-Alola, L50, F|
|poke|p2|Sinistcha, L50|
|poke|p2|Grimmsnarl, L50, M|
|poke|p2|Kommo-o, L50, F|
|poke|p2|Rillaboom, L50, M|
|poke|p2|Dragapult, L50, F|
|poke|p2|Drifblim, L50, M|
|teampreview|4
|showteam|p1|Incineroar||MirrorHerb|Intimidate|FlareBlitz,KnockOff,PartingShot,FakeOut|||M|||50|,,,,,Grass]Farigiraf||ThroatSpray|ArmorTail|HyperVoice,Psychic,TrickRoom,Protect|||F|||50|,,,,,Fairy]Dragapult||ChoiceBand|ClearBody|DragonDarts,TeraBlast,Uturn,PhantomForce|||M|||50|,,,,,Ghost]Ursaluna-Bloodmoon||LifeOrb|MindsEye|BloodMoon,HyperVoice,EarthPower,Protect|||M|||50|,,,,,Normal]Kingambit||AssaultVest|Defiant|KowtowCleave,SuckerPunch,IronHead,LowKick|||F|||50|,,,,,Dark]Ninetales-Alola||FocusSash|SnowWarning|Blizzard,Moonblast,AuroraVeil,Protect|||F|||50|,,,,,Ghost
|showteam|p2|Sinistcha||SitrusBerry|Hospitality|LifeDew,RagePowder,PsychUp,MatchaGotcha||||||50|,,,,,Water]Grimmsnarl||LightClay|Prankster|Reflect,LightScreen,FakeOut,SpiritBreak|||M|||50|,,,,,Steel]Kommo-o||ThroatSpray|Overcoat|ClangorousSoul,ClangingScales,Flamethrower,Protect|||F|||50|,,,,,Fire]Rillaboom||AssaultVest|GrassySurge|GrassyGlide,WoodHammer,Uturn,FakeOut|||M|||50|,,,,,Grass]Dragapult||ChoiceBand|ClearBody|DragonDarts,Outrage,Uturn,PhantomForce|||F|||50|,,,,,Dragon]Drifblim||GrassySeed|Unburden|StrengthSap,Tailwind,WillOWisp,ShadowBall|||M|||50|,,,,,Dark
|
|t:|1754952496
|teamsize|p1|4
|teamsize|p2|4
|start
|switch|p1a: Incineroar|Incineroar, L50, M|100/100
|switch|p1b: Kingambit|Kingambit, L50, F|100/100
|switch|p2a: Rillaboom|Rillaboom, L50, M|100/100
|switch|p2b: Kommo-o|Kommo-o, L50, F|100/100
|-fieldstart|move: Grassy Terrain|[from] ability: Grassy Surge|[of] p2a: Rillaboom
|-ability|p1a: Incineroar|Intimidate|boost
|-unboost|p2a: Rillaboom|atk|1
|-unboost|p2b: Kommo-o|atk|1
|turn|1
|inactive|Battle timer is ON: inactive players will automatically lose when time's up. (requested by Orizor)
|inactive|Orizor has 60 seconds left.
|
|t:|1754952530
|-terastallize|p1b: Kingambit|Dark
|move|p2a: Rillaboom|Fake Out|p1a: Incineroar
|-damage|p1a: Incineroar|92/100
|move|p2b: Kommo-o|Clangorous Soul|p2b: Kommo-o
|-boost|p2b: Kommo-o|atk|1
|-boost|p2b: Kommo-o|def|1
|-boost|p2b: Kommo-o|spa|1
|-boost|p2b: Kommo-o|spd|1
|-boost|p2b: Kommo-o|spe|1
|-damage|p2b: Kommo-o|68/100
|-enditem|p2b: Kommo-o|Throat Spray
|-boost|p2b: Kommo-o|spa|1|[from] item: Throat Spray
|-enditem|p1a: Incineroar|Mirror Herb
|-boost|p1a: Incineroar|atk|1|[from] item: Mirror Herb
|-boost|p1a: Incineroar|def|1|[from] item: Mirror Herb
|-boost|p1a: Incineroar|spa|2|[from] item: Mirror Herb
|-boost|p1a: Incineroar|spd|1|[from] item: Mirror Herb
|-boost|p1a: Incineroar|spe|1|[from] item: Mirror Herb
|cant|p1a: Incineroar|flinch
|move|p1b: Kingambit|Iron Head|p2b: Kommo-o
|-damage|p2b: Kommo-o|38/100
|
|-heal|p2b: Kommo-o|44/100|[from] Grassy Terrain
|-heal|p1a: Incineroar|98/100|[from] Grassy Terrain
|upkeep
|turn|2
|inactive|Orizor has 30 seconds left.
|inactive|Orizor has 20 seconds left.
|
|t:|1754952566
|move|p2b: Kommo-o|Protect|p2b: Kommo-o
|-singleturn|p2b: Kommo-o|Protect
|move|p1a: Incineroar|Flare Blitz|p2b: Kommo-o
|-activate|p2b: Kommo-o|move: Protect
|move|p2a: Rillaboom|U-turn|p1b: Kingambit
|-supereffective|p1b: Kingambit
|-damage|p1b: Kingambit|76/100
|
|t:|1754952575
|switch|p2a: Sinistcha|Sinistcha, L50|100/100|[from] U-turn
|-heal|p2b: Kommo-o|69/100|[from] ability: Hospitality|[of] p2a: Sinistcha
|move|p1b: Kingambit|Kowtow Cleave|p2a: Sinistcha
|-supereffective|p2a: Sinistcha
|-damage|p2a: Sinistcha|0 fnt
|faint|p2a: Sinistcha
|
|-heal|p2b: Kommo-o|75/100|[from] Grassy Terrain
|-heal|p1a: Incineroar|100/100|[from] Grassy Terrain
|-heal|p1b: Kingambit|82/100|[from] Grassy Terrain
|upkeep
|
|t:|1754952582
|switch|p2a: Grimmsnarl|Grimmsnarl, L50, M|100/100
|turn|3
|
|t:|1754952604
|-terastallize|p2b: Kommo-o|Fire
|move|p2a: Grimmsnarl|Reflect|p2a: Grimmsnarl
|-sidestart|p2: upchicken|Reflect
|move|p2b: Kommo-o|Flamethrower|p1b: Kingambit
|-damage|p1b: Kingambit|34/100
|move|p1a: Incineroar|Knock Off|p2b: Kommo-o
|-damage|p2b: Kommo-o|58/100
|move|p1b: Kingambit|Iron Head|p2a: Grimmsnarl
|-supereffective|p2a: Grimmsnarl
|-crit|p2a: Grimmsnarl
|-damage|p2a: Grimmsnarl|0 fnt
|faint|p2a: Grimmsnarl
|
|-heal|p2b: Kommo-o|64/100|[from] Grassy Terrain
|-heal|p1b: Kingambit|39/100|[from] Grassy Terrain
|upkeep
|
|t:|1754952615
|switch|p2a: Rillaboom|Rillaboom, L50, M|100/100
|turn|4
|
|t:|1754952626
|switch|p1b: Dragapult|Dragapult, L50, M|100/100
|move|p2a: Rillaboom|Fake Out|p1a: Incineroar
|-damage|p1a: Incineroar|92/100
|move|p2b: Kommo-o|Clanging Scales|p1b: Dragapult|[spread] p1a,p1b
|-supereffective|p1b: Dragapult
|-damage|p1a: Incineroar|51/100
|-damage|p1b: Dragapult|0 fnt
|faint|p1b: Dragapult
|-unboost|p2b: Kommo-o|def|1
|cant|p1a: Incineroar|flinch
|
|-heal|p2b: Kommo-o|70/100|[from] Grassy Terrain
|-heal|p1a: Incineroar|57/100|[from] Grassy Terrain
|upkeep
|
|t:|1754952639
|switch|p1b: Ninetales|Ninetales-Alola, L50, F|100/100
|-weather|Snowscape|[from] ability: Snow Warning|[of] p1b: Ninetales
|turn|5
|
|t:|1754952650
|move|p2b: Kommo-o|Flamethrower|p1b: Ninetales
|-supereffective|p1b: Ninetales
|-enditem|p1b: Ninetales|Focus Sash
|-damage|p1b: Ninetales|1/100
|move|p1b: Ninetales|Blizzard|p2b: Kommo-o|[spread] p2a,p2b
|-supereffective|p2a: Rillaboom
|-resisted|p2b: Kommo-o
|-damage|p2a: Rillaboom|57/100
|-damage|p2b: Kommo-o|59/100
|move|p1a: Incineroar|Flare Blitz|p2a: Rillaboom
|-supereffective|p2a: Rillaboom
|-damage|p2a: Rillaboom|0 fnt
|faint|p2a: Rillaboom
|-damage|p1a: Incineroar|38/100|[from] Recoil
|
|-weather|Snowscape|[upkeep]
|-heal|p2b: Kommo-o|65/100|[from] Grassy Terrain
|-heal|p1b: Ninetales|7/100|[from] Grassy Terrain
|-heal|p1a: Incineroar|44/100|[from] Grassy Terrain
|-fieldend|move: Grassy Terrain
|upkeep
|turn|6
|
|t:|1754952667
|move|p1b: Ninetales|Protect|p1b: Ninetales
|-singleturn|p1b: Ninetales|Protect
|move|p2b: Kommo-o|Flamethrower|p1b: Ninetales
|-activate|p1b: Ninetales|move: Protect
|move|p1a: Incineroar|Knock Off|p2b: Kommo-o
|-damage|p2b: Kommo-o|40/100
|
|-weather|Snowscape|[upkeep]
|upkeep
|turn|7
|
|t:|1754952678
|move|p2b: Kommo-o|Flamethrower|p1b: Ninetales
|-supereffective|p1b: Ninetales
|-damage|p1b: Ninetales|0 fnt
|faint|p1b: Ninetales
|move|p1a: Incineroar|Knock Off|p2b: Kommo-o
|-damage|p2b: Kommo-o|15/100
|
|-weather|Snowscape|[upkeep]
|upkeep
|
|t:|1754952684
|switch|p1b: Kingambit|Kingambit, L50, F, tera:Dark|39/100
|turn|8
|
|t:|1754952689
|move|p1b: Kingambit|Sucker Punch|p2b: Kommo-o
|-damage|p2b: Kommo-o|0 fnt
|faint|p2b: Kommo-o
|
|win|Orizor
|raw|Orizor's rating: 1122 → 1154(+32 for winning)
|raw|upchicken's rating: 1223 → 1191(-32 for losing)
|l|☆upchicken
|player|p2|
