|j|☆MrRaffa
|j|☆Cyog
|html|MrRaffaCyog    
|uhtml|bestof|Game 3 of a best-of-3
|t:|1757719545
|gametype|doubles
|player|p1|MrRaffa|n|1280
|player|p2|Cyog|101|1340
|gen|9
|tier|[Gen 9] VGC 2025 Reg H (Bo3)
|rated|
|rule|Species Clause: Limit one of each Pokémon
|rule|Item Clause: Limit 1 of each item
|clearpoke
|poke|p1|Gholdengo, L50|
|poke|p1|Sneasler, L50, M|
|poke|p1|Rillaboom, L50, M|
|poke|p1|Dragonite, L50, F|
|poke|p1|Ninetales-Alola, L50, F|
|poke|p1|Arcanine-Hisui, L50, M|
|poke|p2|Archaludon, L50, M|
|poke|p2|Dragonite, L50, M|
|poke|p2|Pelipper, L50, F|
|poke|p2|Ursaluna, L50, F|
|poke|p2|Sinistcha, L50|
|poke|p2|Gholdengo, L50|
|teampreview|4
|showteam|p1|Gholdengo||GrassySeed|GoodasGold|NastyPlot,MakeItRain,ShadowBall,Protect||||||50|,,,,,Water]Sneasler||WhiteHerb|Unburden|CloseCombat,DireClaw,Coaching,Protect|||M|||50|,,,,,Ghost]Rillaboom||AssaultVest|GrassySurge|FakeOut,GrassyGlide,DrumBeating,HighHorsepower|||M|||50|,,,,,Fire]Dragonite||LoadedDice|Multiscale|ScaleShot,StompingTantrum,Tailwind,Protect|||F|||50|,,,,,Ground]Ninetales-Alola||FocusSash|SnowWarning|Blizzard,IcyWind,Encore,AuroraVeil|||F|||50|,,,,,Ghost]Arcanine-Hisui||ClearAmulet|Intimidate|RockSlide,FlareBlitz,ExtremeSpeed,Protect|||M|||50|,,,,,Water
|showteam|p2|Archaludon||AssaultVest|Stamina|FlashCannon,BodyPress,ElectroShot,Snarl|||M|||50|,,,,,Fighting]Dragonite||LoadedDice|Multiscale|ScaleShot,Tailwind,Haze,Protect|||M|||50|,,,,,Fairy]Pelipper||FocusSash|Drizzle|MuddyWater,Hurricane,Tailwind,Protect|||F|||50|,,,,,Ghost]Ursaluna||FlameOrb|Guts|Facade,HeadlongRush,Earthquake,Protect|||F|||50|,,,,,Ghost]Sinistcha||SitrusBerry|Hospitality|MatchaGotcha,LifeDew,RagePowder,TrickRoom||||||50|,,,,,Dark]Gholdengo||ChoiceScarf|GoodasGold|MakeItRain,ShadowBall,PowerGem,Trick||||||50|,,,,,Flying
|inactive|Battle timer is ON: inactive players will automatically lose when time's up. (requested by Cyog)
|
|t:|1757719582
|teamsize|p1|4
|teamsize|p2|4
|start
|switch|p1a: Gholdengo|Gholdengo, L50|100/100
|switch|p1b: Sneasler|Sneasler, L50, M|100/100
|switch|p2a: Sinistcha|Sinistcha, L50|100/100
|switch|p2b: Gholdengo|Gholdengo, L50|100/100
|turn|1
|
|t:|1757719603
|switch|p2b: Ursaluna|Ursaluna, L50, F|100/100
|move|p1a: Gholdengo|Protect|p1a: Gholdengo
|-singleturn|p1a: Gholdengo|Protect
|move|p1b: Sneasler|Dire Claw|p2a: Sinistcha
|-damage|p2a: Sinistcha|66/100
|-status|p2a: Sinistcha|par
|move|p2a: Sinistcha|Trick Room|p2a: Sinistcha
|-fieldstart|move: Trick Room|[of] p2a: Sinistcha
|
|-status|p2b: Ursaluna|brn|[from] item: Flame Orb
|upkeep
|turn|2
|inactive|MrRaffa has 30 seconds left.
|inactive|Cyog has 30 seconds left.
|
|t:|1757719636
|switch|p1a: Rillaboom|Rillaboom, L50, M|100/100
|-fieldstart|move: Grassy Terrain|[from] ability: Grassy Surge|[of] p1a: Rillaboom
|-terastallize|p1b: Sneasler|Ghost
|cant|p2a: Sinistcha|par
|move|p2b: Ursaluna|Earthquake|p1a: Rillaboom|[spread] p2a,p1a,p1b
|-resisted|p2a: Sinistcha
|-resisted|p1a: Rillaboom
|-damage|p2a: Sinistcha|52/100 par
|-damage|p1a: Rillaboom|84/100
|-damage|p1b: Sneasler|59/100
|move|p1b: Sneasler|Close Combat|p2b: Ursaluna
|-supereffective|p2b: Ursaluna
|-damage|p2b: Ursaluna|0 fnt
|-unboost|p1b: Sneasler|def|1
|-unboost|p1b: Sneasler|spd|1
|faint|p2b: Ursaluna
|-enditem|p1b: Sneasler|White Herb
|-clearnegativeboost|p1b: Sneasler|[silent]
|
|-heal|p2a: Sinistcha|58/100 par|[from] Grassy Terrain
|-heal|p1a: Rillaboom|89/100|[from] Grassy Terrain
|-heal|p1b: Sneasler|65/100|[from] Grassy Terrain
|upkeep
|
|t:|1757719656
|switch|p2b: Archaludon|Archaludon, L50, M|100/100
|turn|3
|inactive|Cyog has 30 seconds left.
|inactive|Cyog has 20 seconds left.
|
|t:|1757719695
|switch|p1a: Gholdengo|Gholdengo, L50|100/100
|-enditem|p1a: Gholdengo|Grassy Seed
|-boost|p1a: Gholdengo|def|1|[from] item: Grassy Seed
|-terastallize|p2b: Archaludon|Fighting
|move|p2a: Sinistcha|Matcha Gotcha|p1a: Gholdengo|[spread] p1a,p1b
|-resisted|p1a: Gholdengo
|-damage|p1a: Gholdengo|86/100
|-heal|p2a: Sinistcha|66/100 par|[from] drain|[of] p1a: Gholdengo
|-damage|p1b: Sneasler|26/100
|-heal|p2a: Sinistcha|85/100 par|[from] drain|[of] p1b: Sneasler
|move|p2b: Archaludon|Body Press|p1a: Gholdengo
|-immune|p1a: Gholdengo
|move|p1b: Sneasler|Dire Claw|p2a: Sinistcha
|-damage|p2a: Sinistcha|46/100 par
|-enditem|p2a: Sinistcha|Sitrus Berry|[eat]
|-heal|p2a: Sinistcha|71/100 par|[from] item: Sitrus Berry
|
|-heal|p2a: Sinistcha|77/100 par|[from] Grassy Terrain
|-heal|p1a: Gholdengo|92/100|[from] Grassy Terrain
|-heal|p1b: Sneasler|32/100|[from] Grassy Terrain
|upkeep
|turn|4
|
|t:|1757719718
|switch|p1b: Rillaboom|Rillaboom, L50, M|89/100
|move|p2a: Sinistcha|Matcha Gotcha|p1b: Rillaboom|[spread] p1a,p1b
|-resisted|p1a: Gholdengo
|-resisted|p1b: Rillaboom
|-damage|p1a: Gholdengo|77/100
|-heal|p2a: Sinistcha|85/100 par|[from] drain|[of] p1a: Gholdengo
|-damage|p1b: Rillaboom|76/100
|-heal|p2a: Sinistcha|93/100 par|[from] drain|[of] p1b: Rillaboom
|-status|p1a: Gholdengo|brn
|move|p2b: Archaludon|Snarl|p1b: Rillaboom|[spread] p1a
|-miss|p2b: Archaludon|p1b: Rillaboom
|-supereffective|p1a: Gholdengo
|-crit|p1a: Gholdengo
|-damage|p1a: Gholdengo|39/100 brn
|-unboost|p1a: Gholdengo|spa|1
|move|p1a: Gholdengo|Nasty Plot|p1a: Gholdengo
|-boost|p1a: Gholdengo|spa|2
|
|-heal|p2a: Sinistcha|99/100 par|[from] Grassy Terrain
|-heal|p1a: Gholdengo|45/100 brn|[from] Grassy Terrain
|-heal|p1b: Rillaboom|82/100|[from] Grassy Terrain
|-damage|p1a: Gholdengo|39/100 brn|[from] brn
|upkeep
|turn|5
|inactive|Cyog has 30 seconds left.
|inactive|Cyog has 20 seconds left.
|inactive|Cyog has 15 seconds left.
|
|t:|1757719761
|switch|p2b: Gholdengo|Gholdengo, L50|100/100
|move|p1b: Rillaboom|Fake Out|p2b: Gholdengo
|-immune|p2b: Gholdengo
|move|p1a: Gholdengo|Nasty Plot|p1a: Gholdengo
|-boost|p1a: Gholdengo|spa|2
|move|p2a: Sinistcha|Trick Room|p2a: Sinistcha
|-fieldend|move: Trick Room
|
|-heal|p1b: Rillaboom|88/100|[from] Grassy Terrain
|-heal|p1a: Gholdengo|45/100 brn|[from] Grassy Terrain
|-heal|p2a: Sinistcha|100/100 par|[from] Grassy Terrain
|-damage|p1a: Gholdengo|39/100 brn|[from] brn
|upkeep
|turn|6
|inactive|MrRaffa has 30 seconds left.
|inactive|Cyog has 30 seconds left.
|inactive|MrRaffa has 20 seconds left.
|inactive|Cyog has 20 seconds left.
|inactive|MrRaffa has 15 seconds left.
|inactive|Cyog has 15 seconds left.
|inactive|MrRaffa has 10 seconds left.
|inactive|Cyog has 10 seconds left.
|inactive|MrRaffa has 5 seconds left.
|
|t:|1757719816
|move|p1b: Rillaboom|Fake Out||[still]
|-hint|Fake Out only works on your first turn out.
|-fail|p1b: Rillaboom
|move|p2a: Sinistcha|Rage Powder|p2a: Sinistcha
|-singleturn|p2a: Sinistcha|move: Rage Powder
|move|p2b: Gholdengo|Shadow Ball|p1b: Rillaboom
|-damage|p1b: Rillaboom|48/100
|move|p1a: Gholdengo|Nasty Plot|p1a: Gholdengo
|-boost|p1a: Gholdengo|spa|2
|
|-heal|p1b: Rillaboom|54/100|[from] Grassy Terrain
|-heal|p1a: Gholdengo|45/100 brn|[from] Grassy Terrain
|-damage|p1a: Gholdengo|39/100 brn|[from] brn
|-fieldend|move: Grassy Terrain
|upkeep
|turn|7
|c|☆MrRaffa|i didn't see the timer lol
|inactive|Cyog has 30 seconds left.
|inactive|Cyog has 20 seconds left.
|inactive|Cyog has 15 seconds left.
|
|t:|1757719861
|move|p1a: Gholdengo|Protect|p1a: Gholdengo
|-singleturn|p1a: Gholdengo|Protect
|move|p2b: Gholdengo|Shadow Ball|p1b: Rillaboom
|-crit|p1b: Rillaboom
|-damage|p1b: Rillaboom|0 fnt
|faint|p1b: Rillaboom
|move|p2a: Sinistcha|Trick Room|p2a: Sinistcha
|-fieldstart|move: Trick Room|[of] p2a: Sinistcha
|
|-damage|p1a: Gholdengo|32/100 brn|[from] brn
|upkeep
|
|t:|1757719871
|switch|p1b: Ninetales|Ninetales-Alola, L50, F|100/100
|-weather|Snowscape|[from] ability: Snow Warning|[of] p1b: Ninetales
|turn|8
|
|t:|1757719882
|switch|p2b: Archaludon|Archaludon, L50, M, tera:Fighting|100/100
|cant|p2a: Sinistcha|par
|move|p1a: Gholdengo|Shadow Ball|p2b: Archaludon
|-damage|p2b: Archaludon|0 fnt
|faint|p2b: Archaludon
|move|p1b: Ninetales|Aurora Veil|p1b: Ninetales
|-sidestart|p1: MrRaffa|move: Aurora Veil
|
|-weather|Snowscape|[upkeep]
|-damage|p1a: Gholdengo|26/100 brn|[from] brn
|upkeep
|
|t:|1757719892
|switch|p2b: Gholdengo|Gholdengo, L50|100/100
|turn|9
|
|t:|1757719904
|move|p1a: Gholdengo|Protect|p1a: Gholdengo
|-singleturn|p1a: Gholdengo|Protect
|cant|p2a: Sinistcha|par
|move|p1b: Ninetales|Blizzard|p2b: Gholdengo|[spread] p2a,p2b
|-supereffective|p2a: Sinistcha
|-resisted|p2b: Gholdengo
|-damage|p2a: Sinistcha|47/100 par
|-damage|p2b: Gholdengo|84/100
|move|p2b: Gholdengo|Make It Rain|p1b: Ninetales|[spread] p1b
|-activate|p1a: Gholdengo|move: Protect
|-supereffective|p1b: Ninetales
|-enditem|p1b: Ninetales|Focus Sash
|-damage|p1b: Ninetales|1/100
|-unboost|p2b: Gholdengo|spa|1
|
|-weather|Snowscape|[upkeep]
|-damage|p1a: Gholdengo|20/100 brn|[from] brn
|upkeep
|turn|10
|inactive|MrRaffa has 30 seconds left.
|inactive|Cyog has 30 seconds left.
|inactive|Cyog has 20 seconds left.
|inactive|Cyog has 15 seconds left.
|
|t:|1757719945
|cant|p2a: Sinistcha|par
|move|p1a: Gholdengo|Make It Rain|p2b: Gholdengo|[spread] p2a,p2b
|-resisted|p2b: Gholdengo
|-damage|p2a: Sinistcha|0 fnt
|-damage|p2b: Gholdengo|0 fnt
|-unboost|p1a: Gholdengo|spa|1
|faint|p2a: Sinistcha
|faint|p2b: Gholdengo
|
|win|MrRaffa
|raw|MrRaffa's rating: 1280 → 1309(+29 for winning)
|raw|Cyog's rating: 1340 → 1317(-23 for losing)
|c|☆Cyog|gg
|c|☆MrRaffa|gg
|l|☆MrRaffa
|player|p1|
