|j|☆Van (Dream)
|j|☆roacchin
|html|Van (Dream)roacchin    
|uhtml|bestof|Game 1 of a best-of-3
|t:|1784489329
|gametype|doubles
|player|p1|Van (Dream)|li|
|player|p2|roacchin|swimmer|
|gen|9
|tier|[Gen 9 Champions] VGC 2026 Reg M-B (Bo3)
|rule|Species Clause: Limit one of each Pokémon
|rule|Item Clause: Limit 1 of each item
|clearpoke
|poke|p1|Politoed, L50, F|
|poke|p1|Swampert, L50, M|
|poke|p1|Archaludon, L50, F|
|poke|p1|Gholdengo, L50|
|poke|p1|Scrafty, L50, F|
|poke|p1|Raichu, L50, F|
|poke|p2|Charizard, L50, M|
|poke|p2|Venusaur, L50, M|
|poke|p2|Kingambit, L50, F|
|poke|p2|Grimmsnarl, L50, M|
|poke|p2|Goodra-Hisui, L50, M|
|poke|p2|Trevenant, L50, M|
|teampreview|4
|showteam|p1|Politoed||WacanBerry|Drizzle|WeatherBall,IcyWind,HelpingHand,Protect|Bold||F|||50|]Swampert||Swampertite|Torrent|Waterfall,HighHorsepower,IcePunch,Protect|Adamant||M|||50|]Archaludon||Leftovers|Stamina|ElectroShot,FlashCannon,DracoMeteor,Protect|Modest||F|||50|]Gholdengo||LifeOrb|GoodasGold|MakeItRain,ShadowBall,PowerGem,Protect|Timid|||||50|]Scrafty||SitrusBerry|Intimidate|FakeOut,Taunt,KnockOff,DrainPunch|Careful||F|||50|]Raichu||FocusSash|LightningRod|FakeOut,Nuzzle,Encore,Protect|Timid||F|||50|
|showteam|p2|Charizard||CharizarditeY|Blaze|HeatWave,WeatherBall,Protect,SolarBeam|Modest||M|||50|]Venusaur||FocusSash|Chlorophyll|EarthPower,EnergyBall,WeatherBall,SleepPowder|Modest||M|||50|]Kingambit||ChopleBerry|Defiant|SuckerPunch,KowtowCleave,LowKick,Protect|Adamant||F|||50|]Grimmsnarl||MentalHerb|Prankster|FakeOut,PlayRough,PartingShot,FoulPlay|Adamant||M|||50|]Goodra-Hisui||Leftovers|Gooey|DracoMeteor,HeavySlam,MudShot,Flamethrower|Modest||M|||50|]Trevenant||SitrusBerry|Harvest|RockSlide,HornLeech,KnockOff,Poltergeist|Adamant||M|||50|
|
|t:|1784489436
|teamsize|p1|4
|teamsize|p2|4
|start
|switch|p1a: Politoed|Politoed, L50, F|100/100
|switch|p1b: Gholdengo|Gholdengo, L50|100/100
|switch|p2a: Charizard|Charizard, L50, M|100/100
|switch|p2b: Venusaur|Venusaur, L50, M|100/100
|-weather|RainDance|[from] ability: Drizzle|[of] p1a: Politoed
|turn|1
|
|t:|1784489491
|detailschange|p2a: Charizard|Charizard-Mega-Y, L50, M
|-mega|p2a: Charizard|Charizard|Charizardite Y
|-weather|SunnyDay|[from] ability: Drought|[of] p2a: Charizard
|move|p2a: Charizard|Protect|p2a: Charizard
|-singleturn|p2a: Charizard|Protect
|move|p1a: Politoed|Protect|p1a: Politoed
|-singleturn|p1a: Politoed|Protect
|move|p2b: Venusaur|Earth Power|p1b: Gholdengo
|-supereffective|p1b: Gholdengo|1
|-damage|p1b: Gholdengo|35/100
|move|p1b: Gholdengo|Power Gem|p2a: Charizard
|-activate|p2a: Charizard|move: Protect
|
|-weather|SunnyDay|[upkeep]
|upkeep
|turn|2
|
|t:|1784489549
|switch|p1a: Archaludon|Archaludon, L50, F|100/100
|move|p1b: Gholdengo|Protect|p1b: Gholdengo
|-singleturn|p1b: Gholdengo|Protect
|move|p2b: Venusaur|Earth Power|p1b: Gholdengo
|-activate|p1b: Gholdengo|move: Protect
|move|p2a: Charizard|Solar Beam||[still]
|-prepare|p2a: Charizard|Solar Beam
|-anim|p2a: Charizard|Solar Beam|p1a: Archaludon
|-resisted|p1a: Archaludon|2
|-damage|p1a: Archaludon|84/100
|-ability|p1a: Archaludon|Stamina|boost
|-boost|p1a: Archaludon|def|1
|
|-weather|SunnyDay|[upkeep]
|-heal|p1a: Archaludon|90/100|[from] item: Leftovers
|upkeep
|turn|3
|
|t:|1784489594
|move|p1a: Archaludon|Protect|p1a: Archaludon
|-singleturn|p1a: Archaludon|Protect
|move|p2b: Venusaur|Earth Power|p1a: Archaludon
|-activate|p1a: Archaludon|move: Protect
|move|p2a: Charizard|Heat Wave|p1a: Archaludon|[spread] p1b
|-activate|p1a: Archaludon|move: Protect
|-supereffective|p1b: Gholdengo|1
|-damage|p1b: Gholdengo|0 fnt
|faint|p1b: Gholdengo
|
|-weather|SunnyDay|[upkeep]
|-heal|p1a: Archaludon|96/100|[from] item: Leftovers
|upkeep
|
|t:|1784489616
|switch|p1b: Politoed|Politoed, L50, F|100/100
|-weather|RainDance|[from] ability: Drizzle|[of] p1b: Politoed
|turn|4
|
|t:|1784489668
|switch|p2a: Kingambit|Kingambit, L50, F|100/100
|move|p2b: Venusaur|Earth Power|p1a: Archaludon
|-supereffective|p1a: Archaludon|1
|-damage|p1a: Archaludon|29/100
|-ability|p1a: Archaludon|Stamina|boost
|-boost|p1a: Archaludon|def|1
|move|p1a: Archaludon|Electro Shot||[still]
|-prepare|p1a: Archaludon|Electro Shot
|-boost|p1a: Archaludon|spa|1
|-anim|p1a: Archaludon|Electro Shot|p2a: Kingambit
|-damage|p2a: Kingambit|26/100
|move|p1b: Politoed|Icy Wind|p2a: Kingambit|[spread] p2a,p2b
|-resisted|p2a: Kingambit|1
|-supereffective|p2b: Venusaur|1
|-damage|p2a: Kingambit|21/100
|-damage|p2b: Venusaur|78/100
|-unboost|p2a: Kingambit|spe|1
|-ability|p2a: Kingambit|Defiant|boost
|-boost|p2a: Kingambit|atk|2
|-unboost|p2b: Venusaur|spe|1
|
|-weather|RainDance|[upkeep]
|-heal|p1a: Archaludon|36/100|[from] item: Leftovers
|upkeep
|turn|5
|
|t:|1784489717
|move|p2a: Kingambit|Protect|p2a: Kingambit
|-singleturn|p2a: Kingambit|Protect
|move|p1a: Archaludon|Flash Cannon|p2b: Venusaur
|-damage|p2b: Venusaur|5/100
|-unboost|p2b: Venusaur|spd|1
|move|p1b: Politoed|Weather Ball|p2a: Kingambit
|-activate|p2a: Kingambit|move: Protect
|move|p2b: Venusaur|Earth Power|p1a: Archaludon
|-supereffective|p1a: Archaludon|1
|-damage|p1a: Archaludon|0 fnt
|faint|p1a: Archaludon
|
|-weather|RainDance|[upkeep]
|upkeep
|
|t:|1784489725
|switch|p1a: Swampert|Swampert, L50, M|100/100
|turn|6
|
|t:|1784489785
|switch|p2b: Goodra|Goodra-Hisui, L50, M|100/100
|detailschange|p1a: Swampert|Swampert-Mega, L50, M
|-mega|p1a: Swampert|Swampert|Swampertite
|move|p2a: Kingambit|Sucker Punch|p1a: Swampert
|-damage|p1a: Swampert|17/100
|move|p1a: Swampert|Ice Punch|p2b: Goodra
|-damage|p2b: Goodra|65/100
|-ability|p2b: Goodra|Gooey
|-unboost|p1a: Swampert|spe|1
|move|p1b: Politoed|Weather Ball|p2a: Kingambit
|-damage|p2a: Kingambit|0 fnt
|faint|p2a: Kingambit
|
|-weather|RainDance|[upkeep]
|-heal|p2b: Goodra|71/100|[from] item: Leftovers
|upkeep
|
|t:|1784489792
|switch|p2a: Charizard|Charizard-Mega-Y, L50, M|100/100
|-weather|SunnyDay|[from] ability: Drought|[of] p2a: Charizard
|turn|7
|
|t:|1784489812
|move|p2a: Charizard|Solar Beam||[still]
|-prepare|p2a: Charizard|Solar Beam
|-anim|p2a: Charizard|Solar Beam|p1a: Swampert
|-supereffective|p1a: Swampert|2
|-damage|p1a: Swampert|0 fnt
|faint|p1a: Swampert
|move|p1b: Politoed|Icy Wind|p2b: Goodra|[spread] p2a,p2b
|-damage|p2a: Charizard|90/100
|-damage|p2b: Goodra|65/100
|-unboost|p2a: Charizard|spe|1
|-unboost|p2b: Goodra|spe|1
|move|p2b: Goodra|Draco Meteor|p1b: Politoed
|-damage|p1b: Politoed|46/100
|-unboost|p2b: Goodra|spa|2
|
|-weather|SunnyDay|[upkeep]
|-heal|p2b: Goodra|72/100|[from] item: Leftovers
|upkeep
|turn|8
|
|t:|1784489820
|move|p2a: Charizard|Solar Beam||[still]
|-prepare|p2a: Charizard|Solar Beam
|-anim|p2a: Charizard|Solar Beam|p1b: Politoed
|-supereffective|p1b: Politoed|1
|-damage|p1b: Politoed|0 fnt
|faint|p1b: Politoed
|
|win|roacchin
||Van (Dream) is ready for game 2.
