|j|☆joguisolo
|j|☆lunakikemaster
|html|joguisololunakikemaster    
|uhtml|bestof|Game 2 of a best-of-3
|t:|1785695371
|gametype|doubles
|player|p1|joguisolo|koga|
|player|p2|lunakikemaster|102|
|gen|9
|tier|[Gen 9 Champions] VGC 2026 Reg M-B (Bo3)
|rule|Species Clause: Limit one of each Pokémon
|rule|Item Clause: Limit 1 of each item
|clearpoke
|poke|p1|Oranguru, L50, M|
|poke|p1|Rhyperior, L50, F|
|poke|p1|Tsareena, L50, F|
|poke|p1|Tyranitar, L50, F|
|poke|p1|Armarouge, L50, M|
|poke|p1|Gardevoir, L50, M|
|poke|p2|Metagross, L50|
|poke|p2|Whimsicott, L50, M|
|poke|p2|Aerodactyl, L50, M|
|poke|p2|Arcanine, L50, F|
|poke|p2|Greninja, L50, M|
|poke|p2|Raichu, L50, F|
|teampreview|4
|showteam|p1|Oranguru||MentalHerb|InnerFocus|TrickRoom,Instruct,Psychic,Protect|Sassy||M|||50|]Rhyperior||MuscleBand|SolidRock|RockSlide,HighHorsepower,IcePunch,Protect|Brave||F|||50|]Tsareena||MiracleSeed|QueenlyMajesty|PowerWhip,TripleAxel,HelpingHand,Protect|Brave||F|||50|]Tyranitar||Tyranitarite|SandStream|RockSlide,Crunch,LowKick,Protect|Adamant||F|||50|]Armarouge||Charcoal|FlashFire|ArmorCannon,ExpandingForce,WideGuard,Protect|Quiet||M|||50|]Gardevoir||Gardevoirite|Trace|HyperVoice,Psychic,Protect,MysticalFire|Quiet||M|||50|
|showteam|p2|Metagross||Metagrossite|ClearBody|BodyPress,IcePunch,IronHead,Protect|Jolly|||||50|]Whimsicott||FocusSash|Prankster|Moonblast,SunnyDay,Tailwind,Tickle|Timid||M|||50|]Aerodactyl||WideLens|RockHead|RockSlide,Protect,Tailwind,WideGuard|Jolly||M|||50|]Arcanine||SitrusBerry|Intimidate|FlareBlitz,Protect,Snarl,WillOWisp|Adamant||F|||50|]Greninja||LifeOrb|Torrent|DarkPulse,HydroPump,IceBeam,Protect|Timid||M|||50|]Raichu||ShucaBerry|Static|FakeOut,VoltSwitch,Protect,ZapCannon|Timid||F|||50|
|c|☆joguisolo|seria esta va
|j| PorygonTheBot
|c| PorygonTheBot|Porygon has digitized into the match... booting up... successfully calibrating stats!
|
|t:|1785695469
|teamsize|p1|4
|teamsize|p2|4
|start
|switch|p1a: Tsareena|Tsareena, L50, F|100/100
|switch|p1b: Oranguru|Oranguru, L50, M|100/100
|switch|p2a: Arcanine|Arcanine, L50, F|100/100
|switch|p2b: Whimsicott|Whimsicott, L50, M|100/100
|-ability|p2a: Arcanine|Intimidate|boost
|-unboost|p1a: Tsareena|atk|1
|-fail|p1b: Oranguru|unboost|Attack|[from] ability: Inner Focus|[of] p1b: Oranguru
|turn|1
|
|t:|1785695545
|move|p2b: Whimsicott|Sunny Day|p2b: Whimsicott
|-weather|SunnyDay
|move|p2a: Arcanine|Flare Blitz|p1a: Tsareena
|-supereffective|p1a: Tsareena|1
|-damage|p1a: Tsareena|0 fnt
|faint|p1a: Tsareena
|-damage|p2a: Arcanine|70/100|[from] Recoil
|move|p1b: Oranguru|Trick Room|p1b: Oranguru
|-fieldstart|move: Trick Room|[of] p1b: Oranguru
|
|-weather|SunnyDay|[upkeep]
|upkeep
|
|t:|1785695573
|switch|p1a: Gardevoir|Gardevoir, L50, M|100/100
|-ability|p1a: Gardevoir|Prankster|Trace|[from] ability: Trace|[of] p2b: Whimsicott
|turn|2
|
|t:|1785695589
|detailschange|p1a: Gardevoir|Gardevoir-Mega, L50, M
|-mega|p1a: Gardevoir|Gardevoir|Gardevoirite
|move|p1b: Oranguru|Instruct||[still]
|-fail|p1b: Oranguru
|move|p1a: Gardevoir|Hyper Voice|p2b: Whimsicott|[spread] p2a,p2b
|-resisted|p2a: Arcanine|1
|-damage|p2a: Arcanine|41/100
|-damage|p2b: Whimsicott|8/100
|-enditem|p2a: Arcanine|Sitrus Berry|[eat]
|-heal|p2a: Arcanine|66/100|[from] item: Sitrus Berry
|move|p2a: Arcanine|Flare Blitz|p1a: Gardevoir
|-damage|p1a: Gardevoir|0 fnt
|faint|p1a: Gardevoir
|-damage|p2a: Arcanine|37/100|[from] Recoil
|move|p2b: Whimsicott|Moonblast|p1b: Oranguru
|-damage|p1b: Oranguru|76/100
|
|-weather|SunnyDay|[upkeep]
|upkeep
|
|t:|1785695605
|switch|p1a: Rhyperior|Rhyperior, L50, F|100/100
|turn|3
|
|t:|1785695636
|move|p2b: Whimsicott|Tailwind|p2b: Whimsicott
|-sidestart|p2: lunakikemaster|move: Tailwind
|move|p1a: Rhyperior|High Horsepower|p2a: Arcanine
|-supereffective|p2a: Arcanine|1
|-damage|p2a: Arcanine|0 fnt
|faint|p2a: Arcanine
|move|p1b: Oranguru|Instruct|p1a: Rhyperior
|-singleturn|p1a: Rhyperior|move: Instruct|[of] p1b: Oranguru
|move|p1a: Rhyperior|High Horsepower|p2b: Whimsicott
|-resisted|p2b: Whimsicott|1
|-damage|p2b: Whimsicott|0 fnt
|faint|p2b: Whimsicott
|
|-weather|SunnyDay|[upkeep]
|upkeep
|
|t:|1785695652
|switch|p2a: Metagross|Metagross, L50|100/100
|switch|p2b: Greninja|Greninja, L50, M|100/100
|turn|4
|
|t:|1785695708
|move|p2a: Metagross|Protect|p2a: Metagross
|-singleturn|p2a: Metagross|Protect
|move|p1a: Rhyperior|High Horsepower|p2a: Metagross
|-activate|p2a: Metagross|move: Protect
|move|p1b: Oranguru|Instruct|p1a: Rhyperior
|-singleturn|p1a: Rhyperior|move: Instruct|[of] p1b: Oranguru
|move|p1a: Rhyperior|High Horsepower|p2a: Metagross
|-activate|p2a: Metagross|move: Protect
|move|p2b: Greninja|Hydro Pump|p1a: Rhyperior
|-supereffective|p1a: Rhyperior|2
|-damage|p1a: Rhyperior|0 fnt
|faint|p1a: Rhyperior
|-damage|p2b: Greninja|90/100|[from] item: Life Orb
|
|-weather|SunnyDay|[upkeep]
|upkeep
|turn|5
|
|t:|1785695737
|detailschange|p2a: Metagross|Metagross-Mega, L50
|-mega|p2a: Metagross|Metagross|Metagrossite
|move|p1b: Oranguru|Protect|p1b: Oranguru
|-singleturn|p1b: Oranguru|Protect
|move|p2a: Metagross|Ice Punch|p1b: Oranguru
|-activate|p1b: Oranguru|move: Protect
|move|p2b: Greninja|Dark Pulse|p1b: Oranguru
|-activate|p1b: Oranguru|move: Protect
|
|-weather|none
|-fieldend|move: Trick Room
|upkeep
|turn|6
|
|t:|1785695753
|move|p2b: Greninja|Dark Pulse|p1b: Oranguru
|-supereffective|p1b: Oranguru|1
|-damage|p1b: Oranguru|17/100
|-damage|p2b: Greninja|81/100|[from] item: Life Orb
|move|p2a: Metagross|Ice Punch|p1b: Oranguru
|-damage|p1b: Oranguru|0 fnt
|faint|p1b: Oranguru
|
|win|lunakikemaster
