|j|☆kk1pper1314
|j|☆sweetlysunny
|html|kk1pper1314sweetlysunny    
|uhtml|bestof|Game 3 of a best-of-3
|t:|1783877192
|gametype|doubles
|player|p1|kk1pper1314|265|1213
|player|p2|sweetlysunny|serena|1222
|gen|9
|tier|[Gen 9 Champions] VGC 2026 Reg M-B (Bo3)
|rated|
|rule|Species Clause: Limit one of each Pokémon
|rule|Item Clause: Limit 1 of each item
|clearpoke
|poke|p1|Blaziken, L50, F|
|poke|p1|Aerodactyl, L50, F|
|poke|p1|Kingambit, L50, F|
|poke|p1|Basculegion, L50, M|
|poke|p1|Sylveon, L50, M|
|poke|p1|Torkoal, L50, M|
|poke|p2|Torkoal, L50, M|
|poke|p2|Pyroar, L50, F|
|poke|p2|Vileplume, L50, F|
|poke|p2|Scrafty, L50, F|
|poke|p2|Farigiraf, L50, M|
|poke|p2|Sylveon, L50, M|
|teampreview|4
|showteam|p1|Blaziken||Blazikenite|SpeedBoost|FlareBlitz,CloseCombat,Protect,RockSlide|Adamant||F|||50|]Aerodactyl||Aerodactylite|Unnerve|RockSlide,DualWingbeat,IceFang,Tailwind|Jolly||F|||50|]Kingambit||LifeOrb|Defiant|KowtowCleave,Protect,IronHead,SuckerPunch|Adamant||F|||50|]Basculegion||FocusSash|Adaptability|Liquidation,Protect,LastRespects,AquaJet|Adamant||M|||50|]Sylveon||FairyFeather|Pixilate|HyperVoice,Moonblast,QuickAttack,Protect|Modest||M|||50|]Torkoal||Leftovers|Drought|BurningJealousy,WeatherBall,Protect,Yawn|Relaxed||M|||50|
|showteam|p2|Torkoal||Charcoal|Drought|HeatWave,Eruption,HelpingHand,Protect|Quiet||M|||50|]Pyroar||Pyroarite|Unnerve|HeatWave,Overheat,ScorchingSands,Protect|Timid||F|||50|]Vileplume||FocusSash|Chlorophyll|EnergyBall,SludgeBomb,SleepPowder,AfterYou|Timid||F|||50|]Scrafty||Scraftinite|Intimidate|FakeOut,CloseCombat,PoisonJab,KnockOff|Brave||F|||50|]Farigiraf||SitrusBerry|ArmorTail|HyperVoice,Psychic,HelpingHand,TrickRoom|Bold||M|||50|]Sylveon||FairyFeather|Pixilate|HyperVoice,HyperBeam,QuickAttack,Protect|Quiet||M|||50|
|inactive|Battle timer is ON: inactive players will automatically lose when time's up. (requested by kk1pper1314)
|inactive|sweetlysunny also wants the timer to be on.
|
|t:|1783877221
|teamsize|p1|4
|teamsize|p2|4
|start
|switch|p1a: Sylveon|Sylveon, L50, M|100/100
|switch|p1b: Aerodactyl|Aerodactyl, L50, F|100/100
|switch|p2a: Farigiraf|Farigiraf, L50, M|100/100
|switch|p2b: Scrafty|Scrafty, L50, F|100/100
|-ability|p1b: Aerodactyl|Unnerve
|-ability|p2b: Scrafty|Intimidate|boost
|-unboost|p1a: Sylveon|atk|1
|-unboost|p1b: Aerodactyl|atk|1
|turn|1
|inactive|sweetlysunny has 30 seconds left.
|
|t:|1783877256
|detailschange|p1b: Aerodactyl|Aerodactyl-Mega, L50, F
|-mega|p1b: Aerodactyl|Aerodactyl|Aerodactylite
|detailschange|p2b: Scrafty|Scrafty-Mega, L50, F
|-mega|p2b: Scrafty|Scrafty|Scraftinite
|-ability|p2b: Scrafty|Intimidate|boost
|-unboost|p1a: Sylveon|atk|1
|-unboost|p1b: Aerodactyl|atk|1
|move|p2b: Scrafty|Fake Out|p1a: Sylveon
|-damage|p1a: Sylveon|80/100
|move|p1b: Aerodactyl|Dual Wingbeat|p2b: Scrafty
|-supereffective|p2b: Scrafty|1
|-damage|p2b: Scrafty|81/100
|-supereffective|p2b: Scrafty|1
|-damage|p2b: Scrafty|59/100
|-hitcount|p2b: Scrafty|2
|cant|p1a: Sylveon|flinch
|move|p2a: Farigiraf|Trick Room|p2a: Farigiraf
|-fieldstart|move: Trick Room|[of] p2a: Farigiraf
|
|upkeep
|turn|2
|
|t:|1783877270
|move|p1a: Sylveon|Protect|p1a: Sylveon
|-singleturn|p1a: Sylveon|Protect
|move|p2b: Scrafty|Poison Jab|p1a: Sylveon
|-activate|p1a: Sylveon|move: Protect
|move|p2a: Farigiraf|Hyper Voice|p1a: Sylveon|[spread] p1b
|-activate|p1a: Sylveon|move: Protect
|-resisted|p1b: Aerodactyl|1
|-damage|p1b: Aerodactyl|86/100
|move|p1b: Aerodactyl|Dual Wingbeat|p2b: Scrafty
|-supereffective|p2b: Scrafty|1
|-damage|p2b: Scrafty|38/100
|-supereffective|p2b: Scrafty|1
|-damage|p2b: Scrafty|17/100
|-hitcount|p2b: Scrafty|2
|
|upkeep
|turn|3
|inactive|kk1pper1314 has 30 seconds left.
|
|t:|1783877297
|switch|p1a: Blaziken|Blaziken, L50, F|100/100
|move|p2b: Scrafty|Close Combat|p1b: Aerodactyl
|-damage|p1b: Aerodactyl|1/100
|-unboost|p2b: Scrafty|def|1
|-unboost|p2b: Scrafty|spd|1
|move|p2a: Farigiraf|Psychic|p1b: Aerodactyl
|-damage|p1b: Aerodactyl|0 fnt
|faint|p1b: Aerodactyl
|
|upkeep
|
|t:|1783877310
|switch|p1b: Sylveon|Sylveon, L50, M|80/100
|turn|4
|
|t:|1783877320
|move|p2b: Scrafty|Poison Jab|p1b: Sylveon
|-supereffective|p1b: Sylveon|1
|-damage|p1b: Sylveon|8/100
|move|p2a: Farigiraf|Psychic|p1a: Blaziken
|-supereffective|p1a: Blaziken|1
|-damage|p1a: Blaziken|0 fnt
|faint|p1a: Blaziken
|move|p1b: Sylveon|Hyper Voice|p2b: Scrafty|[spread] p2a,p2b
|-supereffective|p2b: Scrafty|2
|-damage|p2a: Farigiraf|53/100
|-damage|p2b: Scrafty|0 fnt
|faint|p2b: Scrafty
|
|upkeep
|
|t:|1783877328
|switch|p2b: Torkoal|Torkoal, L50, M|100/100
|switch|p1a: Basculegion|Basculegion, L50, M|100/100
|-weather|SunnyDay|[from] ability: Drought|[of] p2b: Torkoal
|turn|5
|
|t:|1783877337
|move|p1b: Sylveon|Protect|p1b: Sylveon
|-singleturn|p1b: Sylveon|Protect
|move|p1a: Basculegion|Protect|p1a: Basculegion
|-singleturn|p1a: Basculegion|Protect
|move|p2b: Torkoal|Eruption|p1b: Sylveon|[spread] 
|-activate|p1a: Basculegion|move: Protect
|-activate|p1b: Sylveon|move: Protect
|move|p2a: Farigiraf|Psychic|p1a: Basculegion
|-activate|p1a: Basculegion|move: Protect
|
|-weather|SunnyDay|[upkeep]
|-fieldend|move: Trick Room
|upkeep
|turn|6
|
|t:|1783877359
|move|p2b: Torkoal|Protect|p2b: Torkoal
|-singleturn|p2b: Torkoal|Protect
|move|p1a: Basculegion|Last Respects|p2b: Torkoal
|-activate|p2b: Torkoal|move: Protect
|move|p1b: Sylveon|Moonblast|p2a: Farigiraf
|-damage|p2a: Farigiraf|0 fnt
|faint|p2a: Farigiraf
|
|-weather|SunnyDay|[upkeep]
|upkeep
|
|t:|1783877366
|switch|p2a: Sylveon|Sylveon, L50, M|100/100
|turn|7
|
|t:|1783877380
|move|p2b: Torkoal|Helping Hand|p2a: Sylveon
|-singleturn|p2a: Sylveon|Helping Hand|[of] p2b: Torkoal
|move|p1b: Sylveon|Protect|p1b: Sylveon
|-singleturn|p1b: Sylveon|Protect
|move|p1a: Basculegion|Last Respects|p2a: Sylveon
|-damage|p2a: Sylveon|0 fnt
|faint|p2a: Sylveon
|
|-weather|SunnyDay|[upkeep]
|upkeep
|turn|8
|
|t:|1783877390
|move|p1a: Basculegion|Last Respects|p2b: Torkoal
|-crit|p2b: Torkoal
|-damage|p2b: Torkoal|0 fnt
|faint|p2b: Torkoal
|
|win|kk1pper1314
|raw|kk1pper1314's rating: 1213 → 1239(+26 for winning)
|raw|sweetlysunny's rating: 1222 → 1196(-26 for losing)
