|j|☆kayou93
|j|☆clarocojones
|html|kayou93clarocojones    
|uhtml|bestof|Game 2 of a best-of-3
|t:|1785693654
|gametype|doubles
|player|p1|kayou93|nate|1156
|player|p2|clarocojones|striker|1310
|gen|9
|tier|[Gen 9 Champions] VGC 2026 Reg M-B (Bo3)
|rated|
|rule|Species Clause: Limit one of each Pokémon
|rule|Item Clause: Limit 1 of each item
|clearpoke
|poke|p1|Floette-Eternal, L50, F|
|poke|p1|Delphox, L50, M|
|poke|p1|Sneasler, L50, F|
|poke|p1|Sinistcha, L50|
|poke|p1|Incineroar, L50, F|
|poke|p1|Basculegion, L50, M|
|poke|p2|Incineroar, L50, M, shiny|
|poke|p2|Floette-Eternal, L50, F|
|poke|p2|Sinistcha-Masterpiece, L50, shiny|
|poke|p2|Kommo-o, L50, M|
|poke|p2|Kingambit, L50, M, shiny|
|poke|p2|Aerodactyl, L50, M|
|teampreview|4
|showteam|p1|Floette-Eternal||Floettite|FlowerVeil|Moonblast,DazzlingGleam,CalmMind,Protect|Timid||F|||50|]Delphox||Delphoxite|Blaze|Psychic,HeatWave,NastyPlot,Protect|Timid||M|||50|]Sneasler||FocusSash|PoisonTouch|PoisonJab,CloseCombat,FakeOut,QuickGuard|Jolly||F|||50|]Sinistcha||SitrusBerry|Hospitality|MatchaGotcha,LifeDew,RagePowder,Protect|Bold|||||50|]Incineroar||PasshoBerry|Intimidate|FakeOut,FlareBlitz,PartingShot,ThroatChop|Careful||F|||50|]Basculegion||ChoiceScarf|Adaptability|LastRespects,WaveCrash,FlipTurn,AquaJet|Jolly||M|||50|
|showteam|p2|Incineroar||SitrusBerry|Intimidate|FakeOut,PartingShot,HelpingHand,FlareBlitz|Careful||M|||50|]Floette-Eternal||Floettite|FlowerVeil|Moonblast,DazzlingGleam,CalmMind,Protect|Modest||F|||50|]Sinistcha-Masterpiece||ColburBerry|Hospitality|MatchaGotcha,LifeDew,RagePowder,TrickRoom|Bold|||||50|]Kommo-o||Leftovers|Overcoat|ClangingScales,AuraSphere,ClangorousSoul,Protect|Modest||M|||50|]Kingambit||FocusSash|Defiant|KowtowCleave,SuckerPunch,IronHead,Protect|Adamant||M|||50|]Aerodactyl||Aerodactylite|Unnerve|Protect,RockSlide,Tailwind,DualWingbeat|Jolly||M|||50|
|inactive|Battle timer is ON: inactive players will automatically lose when time's up. (requested by kayou93)
|inactive|clarocojones has 60 seconds left.
|inactive|clarocojones has 30 seconds left.
|
|t:|1785693749
|teamsize|p1|4
|teamsize|p2|4
|start
|switch|p1a: Sneasler|Sneasler, L50, F|100/100
|switch|p1b: Basculegion|Basculegion, L50, M|100/100
|switch|p2a: Aerodactyl|Aerodactyl, L50, M|100/100
|switch|p2b: Friends Take|Incineroar, L50, M, shiny|100/100
|-ability|p2a: Aerodactyl|Unnerve
|-ability|p2b: Friends Take|Intimidate|boost
|-unboost|p1a: Sneasler|atk|1
|-unboost|p1b: Basculegion|atk|1
|turn|1
|
|t:|1785693765
|move|p2a: Aerodactyl|Protect|p2a: Aerodactyl
|-singleturn|p2a: Aerodactyl|Protect
|move|p1a: Sneasler|Fake Out|p2b: Friends Take
|-damage|p2b: Friends Take|90/100
|-status|p2b: Friends Take|psn|[from] ability: Poison Touch|[of] p1a: Sneasler
|move|p1b: Basculegion|Wave Crash|p2a: Aerodactyl
|-activate|p2a: Aerodactyl|move: Protect
|cant|p2b: Friends Take|flinch
|
|-damage|p2b: Friends Take|77/100 psn|[from] psn
|upkeep
|turn|2
|
|t:|1785693782
|detailschange|p2a: Aerodactyl|Aerodactyl-Mega, L50, M
|-mega|p2a: Aerodactyl|Aerodactyl|Aerodactylite
|move|p2a: Aerodactyl|Dual Wingbeat|p1a: Sneasler
|-supereffective|p1a: Sneasler|1
|-damage|p1a: Sneasler|10/100
|-supereffective|p1a: Sneasler|1
|-damage|p1a: Sneasler|0 fnt
|faint|p1a: Sneasler
|-hitcount|p1: Sneasler|2
|move|p1b: Basculegion|Wave Crash|p2a: Aerodactyl
|-supereffective|p2a: Aerodactyl|1
|-damage|p2a: Aerodactyl|0 fnt
|faint|p2a: Aerodactyl
|-damage|p1b: Basculegion|70/100|[from] Recoil
|move|p2b: Friends Take|Parting Shot|p1b: Basculegion
|-unboost|p1b: Basculegion|atk|1
|-unboost|p1b: Basculegion|spa|1
|
|t:|1785693796
|switch|p2b: Kingambit|Kingambit, L50, M, shiny|100/100|[from] Parting Shot
|
|upkeep
|
|t:|1785693810
|switch|p2a: Friends Take|Incineroar, L50, M, shiny|77/100 psn
|switch|p1a: Floette|Floette-Eternal, L50, F|100/100
|-ability|p2a: Friends Take|Intimidate|boost
|-unboost|p1a: Floette|atk|1
|-unboost|p1b: Basculegion|atk|1
|turn|3
|
|t:|1785693824
|switch|p1b: Sinistcha|Sinistcha, L50|100/100
|detailschange|p1a: Floette|Floette-Mega, L50, F
|-mega|p1a: Floette|Floette|Floettite
|-ability|p1a: Floette|Fairy Aura
|move|p1a: Floette|Protect|p1a: Floette
|-singleturn|p1a: Floette|Protect
|move|p2a: Friends Take|Fake Out|p1a: Floette
|-activate|p1a: Floette|move: Protect
|move|p2b: Kingambit|Kowtow Cleave|p1b: Sinistcha
|-supereffective|p1b: Sinistcha|1
|-damage|p1b: Sinistcha|31/100
|-enditem|p1b: Sinistcha|Sitrus Berry|[eat]
|-heal|p1b: Sinistcha|56/100|[from] item: Sitrus Berry
|
|-damage|p2a: Friends Take|65/100 psn|[from] psn
|upkeep
|turn|4
|inactive|kayou93 has 30 seconds left.
|inactive|kayou93 has 20 seconds left.
|
|t:|1785693862
|move|p1b: Sinistcha|Rage Powder|p1b: Sinistcha
|-singleturn|p1b: Sinistcha|move: Rage Powder
|move|p1a: Floette|Dazzling Gleam|p2a: Friends Take|[spread] p2a,p2b
|-damage|p2a: Friends Take|34/100 psn
|-damage|p2b: Kingambit|48/100
|-enditem|p2a: Friends Take|Sitrus Berry|[eat]
|-heal|p2a: Friends Take|59/100 psn|[from] item: Sitrus Berry
|move|p2a: Friends Take|Parting Shot|p1b: Sinistcha
|-unboost|p1b: Sinistcha|atk|1
|-unboost|p1b: Sinistcha|spa|1
|
|t:|1785693870
|switch|p2a: DON JULIO|Sinistcha-Masterpiece, L50, shiny|100/100|[from] Parting Shot
|-heal|p2b: Kingambit|73/100|[from] ability: Hospitality|[of] p2a: DON JULIO
|move|p2b: Kingambit|Kowtow Cleave|p1b: Sinistcha
|-supereffective|p1b: Sinistcha|1
|-damage|p1b: Sinistcha|0 fnt
|faint|p1b: Sinistcha
|
|upkeep
|
|t:|1785693875
|switch|p1b: Basculegion|Basculegion, L50, M|70/100
|turn|5
|
|t:|1785693888
|switch|p2a: Friends Take|Incineroar, L50, M, shiny|59/100 psn
|-ability|p2a: Friends Take|Intimidate|boost
|-unboost|p1a: Floette|atk|1
|-unboost|p1b: Basculegion|atk|1
|move|p2b: Kingambit|Protect|p2b: Kingambit
|-singleturn|p2b: Kingambit|Protect
|move|p1b: Basculegion|Last Respects|p2a: Friends Take
|-resisted|p2a: Friends Take|1
|-damage|p2a: Friends Take|29/100 psn
|move|p1a: Floette|Moonblast|p2b: Kingambit
|-activate|p2b: Kingambit|move: Protect
|
|-damage|p2a: Friends Take|17/100 psn|[from] psn
|upkeep
|turn|6
|
|t:|1785693909
|move|p2a: Friends Take|Fake Out|p1a: Floette
|-damage|p1a: Floette|87/100
|move|p2b: Kingambit|Sucker Punch|p1b: Basculegion
|-supereffective|p1b: Basculegion|1
|-damage|p1b: Basculegion|0 fnt
|faint|p1b: Basculegion
|cant|p1a: Floette|flinch
|
|-damage|p2a: Friends Take|4/100 psn|[from] psn
|upkeep
|turn|7
|
|t:|1785693919
|switch|p2a: DON JULIO|Sinistcha-Masterpiece, L50, shiny|100/100
|-heal|p2b: Kingambit|98/100|[from] ability: Hospitality|[of] p2a: DON JULIO
|move|p1a: Floette|Moonblast|p2b: Kingambit
|-damage|p2b: Kingambit|23/100
|move|p2b: Kingambit|Iron Head|p1a: Floette
|-supereffective|p1a: Floette|1
|-damage|p1a: Floette|0 fnt
|faint|p1a: Floette
|
|win|clarocojones
