|j|☆the winking dol
|j|☆I LOVE KOMMO-O
|html|the winking dolI LOVE KOMMO-O    
|uhtml|bestof|Game 2 of a best-of-3
|t:|1756080854
|gametype|doubles
|player|p1|the winking dol|dawn|1180
|player|p2|I LOVE KOMMO-O|n|1148
|gen|9
|tier|[Gen 9] VGC 2025 Reg H (Bo3)
|rated|
|rule|Species Clause: Limit one of each Pokémon
|rule|Item Clause: Limit 1 of each item
|clearpoke
|poke|p1|Rillaboom, L50, F|
|poke|p1|Glimmora, L50, F|
|poke|p1|Tyranitar, L50, F|
|poke|p1|Kommo-o, L50, M|
|poke|p1|Gholdengo, L50|
|poke|p1|Talonflame, L50, M|
|poke|p2|Drifblim, L50, F|
|poke|p2|Indeedee, L50, M|
|poke|p2|Kommo-o, L50, F|
|poke|p2|Hydreigon, L50, M|
|poke|p2|Toxtricity, L50, M|
|poke|p2|Volcarona, L50, M|
|teampreview|4
|showteam|p1|Rillaboom||MiracleSeed|GrassySurge|WoodHammer,GrassyGlide,Uturn,FakeOut|||F|||50|,,,,,Poison]Glimmora||LifeOrb|ToxicDebris|PowerGem,EarthPower,SludgeWave,SpikyShield|||F|||50|,,,,,Ghost]Tyranitar||AssaultVest|SandStream|RockSlide,KnockOff,LowKick,TeraBlast|||F|||50|,,,,,Ghost]Kommo-o||Leftovers|Overcoat|ClangingScales,Flamethrower,ClangorousSoul,Protect|||M|||50|,,,,,Steel]Gholdengo||ChoiceScarf|GoodasGold|MakeItRain,ShadowBall,DazzlingGleam,Trick||||||50|,,,,,Steel]Talonflame||CovertCloak|GaleWings|BraveBird,FlareBlitz,WillOWisp,Tailwind|||M|||50|,,,,,Grass
|showteam|p2|Drifblim||PsychicSeed|Unburden|Acrobatics,Tailwind,WillOWisp,StrengthSap|||F|||50|,,,,,Grass]Indeedee||FocusSash|PsychicSurge|ExpandingForce,TeraBlast,TrickRoom,Imprison|||M|||50|,,,,,Ground]Kommo-o||Leftovers|Soundproof|BodyPress,Flamethrower,IronDefense,Protect|||F|||50|,,,,,Fire]Hydreigon||AssaultVest|Levitate|DarkPulse,Snarl,EarthPower,DracoMeteor|||M|||50|,,,,,Ghost]Toxtricity||ChoiceSpecs|PunkRock|Overdrive,Boomburst,SludgeBomb,VoltSwitch|||M|||50|,,,,,Normal]Volcarona||LifeOrb|FlameBody|HeatWave,BugBuzz,TeraBlast,Protect|||M|||50|,,,,,Fairy
|inactive|Battle timer is ON: inactive players will automatically lose when time's up. (requested by the winking dol)
|inactive|the winking dol has 60 seconds left.
|inactive|I LOVE KOMMO-O has 60 seconds left.
|inactive|the winking dol has 30 seconds left.
|l|☆the winking dol
|inactive|the winking dol disconnected and has a minute to reconnect!
|player|p1|
|inactive|the winking dol has 20 seconds left.
|inactive|the winking dol has 15 seconds left.
|inactive|the winking dol has 10 seconds left.
|j|☆the winking dol
|inactive|the winking dol reconnected and has 10 seconds left.
|player|p1|the winking dol|dawn|
|inactive|the winking dol has 5 seconds left.
|
|t:|1756080945
|teamsize|p1|4
|teamsize|p2|4
|start
|switch|p1a: Rillaboom|Rillaboom, L50, F|100/100
|switch|p1b: Glimmora|Glimmora, L50, F|100/100
|switch|p2a: Drifblim|Drifblim, L50, F, shiny|100/100
|switch|p2b: Kommo-o|Kommo-o, L50, F, shiny|100/100
|-fieldstart|move: Grassy Terrain|[from] ability: Grassy Surge|[of] p1a: Rillaboom
|turn|1
|inactive|I LOVE KOMMO-O has 30 seconds left.
|inactive|I LOVE KOMMO-O has 20 seconds left.
|
|t:|1756080982
|switch|p2a: Indeedee|Indeedee, L50, M|100/100
|-fieldstart|move: Psychic Terrain|[from] ability: Psychic Surge|[of] p2a: Indeedee
|move|p1a: Rillaboom|Fake Out|p2b: Kommo-o
|-activate|p2b: Kommo-o|move: Psychic Terrain
|move|p1b: Glimmora|Power Gem|p2a: Indeedee
|-damage|p2a: Indeedee|14/100
|-damage|p1b: Glimmora|90/100|[from] item: Life Orb
|move|p2b: Kommo-o|Iron Defense|p2b: Kommo-o
|-boost|p2b: Kommo-o|def|2
|
|upkeep
|turn|2
|
|t:|1756081007
|move|p1b: Glimmora|Spiky Shield|p1b: Glimmora
|-singleturn|p1b: Glimmora|move: Protect
|move|p2a: Indeedee|Expanding Force|p1b: Glimmora|[spread] p1a
|-activate|p1b: Glimmora|move: Protect
|-damage|p1a: Rillaboom|34/100
|move|p1a: Rillaboom|U-turn|p2a: Indeedee
|-supereffective|p2a: Indeedee
|-crit|p2a: Indeedee
|-damage|p2a: Indeedee|0 fnt
|faint|p2a: Indeedee
|
|t:|1756081016
|switch|p1a: Kommo-o|Kommo-o, L50, M|100/100|[from] U-turn
|move|p2b: Kommo-o|Iron Defense|p2b: Kommo-o
|-boost|p2b: Kommo-o|def|2
|
|upkeep
|
|t:|1756081024
|switch|p2a: Drifblim|Drifblim, L50, F, shiny|100/100
|-enditem|p2a: Drifblim|Psychic Seed
|-boost|p2a: Drifblim|spd|1|[from] item: Psychic Seed
|turn|3
|
|t:|1756081042
|move|p2a: Drifblim|Tailwind|p2a: Drifblim
|-sidestart|p2: I LOVE KOMMO-O|move: Tailwind
|move|p2b: Kommo-o|Body Press|p1b: Glimmora
|-damage|p1b: Glimmora|0 fnt
|-activate|p1b: Glimmora|ability: Toxic Debris
|-sidestart|p2: I LOVE KOMMO-O|move: Toxic Spikes
|faint|p1b: Glimmora
|move|p1a: Kommo-o|Clangorous Soul|p1a: Kommo-o
|-boost|p1a: Kommo-o|atk|1
|-boost|p1a: Kommo-o|def|1
|-boost|p1a: Kommo-o|spa|1
|-boost|p1a: Kommo-o|spd|1
|-boost|p1a: Kommo-o|spe|1
|-damage|p1a: Kommo-o|68/100
|
|-heal|p1a: Kommo-o|74/100|[from] item: Leftovers
|upkeep
|
|t:|1756081064
|switch|p1b: Rillaboom|Rillaboom, L50, F|34/100
|-fieldstart|move: Grassy Terrain|[from] ability: Grassy Surge|[of] p1b: Rillaboom
|turn|4
|inactive|the winking dol has 30 seconds left.
|inactive|the winking dol has 20 seconds left.
|
|t:|1756081100
|move|p1b: Rillaboom|Fake Out|p2b: Kommo-o
|-damage|p2b: Kommo-o|97/100
|move|p2a: Drifblim|Acrobatics|p1b: Rillaboom
|-supereffective|p1b: Rillaboom
|-damage|p1b: Rillaboom|0 fnt
|faint|p1b: Rillaboom
|move|p1a: Kommo-o|Clanging Scales|p2a: Drifblim|[spread] p2a
|-immune|p2b: Kommo-o|[from] ability: Soundproof
|-damage|p2a: Drifblim|56/100
|-unboost|p1a: Kommo-o|def|1
|cant|p2b: Kommo-o|flinch
|
|-heal|p1a: Kommo-o|80/100|[from] Grassy Terrain
|-heal|p1a: Kommo-o|87/100|[from] item: Leftovers
|-heal|p2b: Kommo-o|100/100|[from] Grassy Terrain
|upkeep
|
|t:|1756081116
|switch|p1b: Tyranitar|Tyranitar, L50, F|100/100
|-weather|Sandstorm|[from] ability: Sand Stream|[of] p1b: Tyranitar
|turn|5
|
|t:|1756081130
|-terastallize|p1b: Tyranitar|Ghost
|move|p1a: Kommo-o|Protect|p1a: Kommo-o
|-singleturn|p1a: Kommo-o|Protect
|move|p2a: Drifblim|Acrobatics|p1a: Kommo-o
|-activate|p1a: Kommo-o|move: Protect
|move|p2b: Kommo-o|Body Press|p1b: Tyranitar
|-immune|p1b: Tyranitar
|move|p1b: Tyranitar|Rock Slide|p2a: Drifblim|[spread] p2b
|-miss|p1b: Tyranitar|p2a: Drifblim
|-resisted|p2b: Kommo-o
|-damage|p2b: Kommo-o|97/100
|
|-weather|Sandstorm|[upkeep]
|-damage|p2a: Drifblim|50/100|[from] Sandstorm
|-damage|p2b: Kommo-o|91/100|[from] Sandstorm
|-damage|p1b: Tyranitar|95/100|[from] Sandstorm
|-heal|p1a: Kommo-o|93/100|[from] Grassy Terrain
|-heal|p1a: Kommo-o|99/100|[from] item: Leftovers
|-heal|p2b: Kommo-o|97/100|[from] Grassy Terrain
|-heal|p2b: Kommo-o|100/100|[from] item: Leftovers
|-heal|p1b: Tyranitar|100/100|[from] Grassy Terrain
|upkeep
|turn|6
|inactive|the winking dol has 30 seconds left.
|inactive|the winking dol has 20 seconds left.
|
|t:|1756081168
|move|p2a: Drifblim|Acrobatics|p1a: Kommo-o
|-supereffective|p1a: Kommo-o
|-damage|p1a: Kommo-o|23/100
|move|p1a: Kommo-o|Clangorous Soul||[still]
|-fail|p1a: Kommo-o
|move|p2b: Kommo-o|Body Press|p1a: Kommo-o
|-damage|p1a: Kommo-o|0 fnt
|faint|p1a: Kommo-o
|move|p1b: Tyranitar|Knock Off|p2b: Kommo-o
|-resisted|p2b: Kommo-o
|-damage|p2b: Kommo-o|94/100
|-enditem|p2b: Kommo-o|Leftovers|[from] move: Knock Off|[of] p1b: Tyranitar
|
|-weather|Sandstorm|[upkeep]
|-damage|p2a: Drifblim|44/100|[from] Sandstorm
|-damage|p2b: Kommo-o|88/100|[from] Sandstorm
|-damage|p1b: Tyranitar|95/100|[from] Sandstorm
|-heal|p2b: Kommo-o|94/100|[from] Grassy Terrain
|-heal|p1b: Tyranitar|100/100|[from] Grassy Terrain
|-sideend|p2: I LOVE KOMMO-O|move: Tailwind
|upkeep
|turn|7
|inactive|I LOVE KOMMO-O has 30 seconds left.
|
|t:|1756081193
|move|p2a: Drifblim|Will-O-Wisp|p1b: Tyranitar
|-status|p1b: Tyranitar|brn
|move|p2b: Kommo-o|Iron Defense|p2b: Kommo-o
|-boost|p2b: Kommo-o|def|2
|move|p1b: Tyranitar|Rock Slide|p2b: Kommo-o|[spread] p2a,p2b
|-supereffective|p2a: Drifblim
|-resisted|p2b: Kommo-o
|-damage|p2a: Drifblim|0 fnt
|-damage|p2b: Kommo-o|93/100
|faint|p2a: Drifblim
|
|-weather|Sandstorm|[upkeep]
|-damage|p2b: Kommo-o|87/100|[from] Sandstorm
|-damage|p1b: Tyranitar|95/100 brn|[from] Sandstorm
|-heal|p2b: Kommo-o|93/100|[from] Grassy Terrain
|-heal|p1b: Tyranitar|100/100 brn|[from] Grassy Terrain
|-damage|p1b: Tyranitar|95/100 brn|[from] brn
|upkeep
|
|t:|1756081210
|switch|p2a: Volcarona|Volcarona, L50, M|100/100
|-status|p2a: Volcarona|psn
|turn|8
|inactive|I LOVE KOMMO-O has 30 seconds left.
|l|☆the winking dol
|inactive|the winking dol disconnected and has a minute to reconnect!
|player|p1|
|j|☆the winking dol
|inactive|the winking dol reconnected.
|player|p1|the winking dol|dawn|
|inactive|I LOVE KOMMO-O has 20 seconds left.
|inactive|I LOVE KOMMO-O has 15 seconds left.
|
|t:|1756081253
|-terastallize|p2a: Volcarona|Fairy
|move|p2a: Volcarona|Bug Buzz|p1b: Tyranitar
|-resisted|p1b: Tyranitar
|-damage|p1b: Tyranitar|78/100 brn
|-unboost|p1b: Tyranitar|spd|1
|-damage|p2a: Volcarona|91/100 psn|[from] item: Life Orb
|move|p2b: Kommo-o|Flamethrower|p1b: Tyranitar
|-damage|p1b: Tyranitar|60/100 brn
|move|p1b: Tyranitar|Rock Slide|p2a: Volcarona|[spread] p2a,p2b
|-crit|p2a: Volcarona
|-resisted|p2b: Kommo-o
|-damage|p2a: Volcarona|55/100 psn
|-damage|p2b: Kommo-o|92/100
|
|-weather|Sandstorm|[upkeep]
|-damage|p2a: Volcarona|49/100 psn|[from] Sandstorm
|-damage|p2b: Kommo-o|86/100|[from] Sandstorm
|-damage|p1b: Tyranitar|54/100 brn|[from] Sandstorm
|-heal|p2a: Volcarona|55/100 psn|[from] Grassy Terrain
|-heal|p2b: Kommo-o|92/100|[from] Grassy Terrain
|-heal|p1b: Tyranitar|60/100 brn|[from] Grassy Terrain
|-damage|p2a: Volcarona|43/100 psn|[from] psn
|-damage|p1b: Tyranitar|54/100 brn|[from] brn
|-fieldend|move: Grassy Terrain
|upkeep
|turn|9
|inactive|I LOVE KOMMO-O has 30 seconds left.
|
|t:|1756081280
|move|p2a: Volcarona|Tera Blast|p1b: Tyranitar|[anim] Tera Blast Fairy
|-crit|p1b: Tyranitar
|-damage|p1b: Tyranitar|0 fnt
|faint|p1b: Tyranitar
|-damage|p2a: Volcarona|33/100 psn|[from] item: Life Orb
|
|win|I LOVE KOMMO-O
|raw|the winking dol's rating: 1180 → 1153(-27 for losing)
|raw|I LOVE KOMMO-O's rating: 1148 → 1175(+27 for winning)
|c|☆the winking dol|gg
