|j|☆5star_swordvgc
|j|☆OwlsGoHooot
|html|5star_swordvgcOwlsGoHooot    
|uhtml|bestof|Game 3 of a best-of-3
|t:|1782984638
|gametype|doubles
|player|p1|5star_swordvgc|red|1059
|player|p2|OwlsGoHooot|170|1034
|gen|9
|tier|[Gen 9 Champions] VGC 2026 Reg M-B (Bo3)
|rated|
|rule|Species Clause: Limit one of each Pokémon
|rule|Item Clause: Limit 1 of each item
|clearpoke
|poke|p1|Aegislash, L50, M|
|poke|p1|Farigiraf, L50, F|
|poke|p1|Incineroar, L50, M|
|poke|p1|Whimsicott, L50, M|
|poke|p1|Blastoise, L50, M|
|poke|p1|Tyranitar, L50, F|
|poke|p2|Sinistcha, L50|
|poke|p2|Delphox, L50, F|
|poke|p2|Floette-Eternal, L50, F|
|poke|p2|Incineroar, L50, F|
|poke|p2|Basculegion, L50, M|
|poke|p2|Sneasler, L50, M|
|teampreview|4
|showteam|p1|Aegislash||LifeOrb|StanceChange|KingsShield,WideGuard,FlashCannon,ShadowBall|Modest||M|||50|]Farigiraf||SitrusBerry|ArmorTail|Protect,TrickRoom,Psychic,HyperVoice|Modest||F|||50|]Incineroar||ExpertBelt|Intimidate|Taunt,PartingShot,FakeOut,FlareBlitz|Adamant||M|||50|]Whimsicott||FocusSash|Prankster|Moonblast,Tailwind,Encore,Endeavor|Timid||M|||50|]Blastoise||Blastoisinite|Torrent|Protect,DarkPulse,AuraSphere,WaterSpout|Modest||M|||50|]Tyranitar||Tyranitarite|SandStream|Protect,KnockOff,RockSlide,Earthquake|Adamant||F|||50|
|showteam|p2|Sinistcha||KasibBerry|Hospitality|MatchaGotcha,RagePowder,LifeDew,TrickRoom|Bold|||||50|]Delphox||Delphoxite|Blaze|HeatWave,Psychic,NastyPlot,Protect|Modest||F|||50|]Floette-Eternal||Floettite|FlowerVeil|Moonblast,DrainingKiss,CalmMind,Protect|Modest||F|||50|]Incineroar||SitrusBerry|Intimidate|PartingShot,FakeOut,ThroatChop,FlareBlitz|Careful||F|||50|]Basculegion||FocusSash|Adaptability|Protect,Liquidation,AquaJet,LastRespects|Adamant||M|||50|]Sneasler||WhiteHerb|Unburden|FakeOut,DireClaw,CloseCombat,Protect|Adamant||M|||50|
|
|t:|1782984678
|teamsize|p1|4
|teamsize|p2|4
|start
|switch|p1a: Farigiraf|Farigiraf, L50, F|100/100
|switch|p1b: Aegislash|Aegislash, L50, M|100/100
|switch|p2a: Incineroar|Incineroar, L50, F|100/100
|switch|p2b: Floette|Floette-Eternal, L50, F|100/100
|-ability|p2a: Incineroar|Intimidate|boost
|-unboost|p1a: Farigiraf|atk|1
|-unboost|p1b: Aegislash|atk|1
|turn|1
|inactive|Battle timer is ON: inactive players will automatically lose when time's up. (requested by 5star_swordvgc)
|
|t:|1782984690
|move|p2b: Floette|Protect|p2b: Floette
|-singleturn|p2b: Floette|Protect
|move|p2a: Incineroar|Throat Chop|p1a: Farigiraf
|-supereffective|p1a: Farigiraf|1
|-damage|p1a: Farigiraf|41/100
|-start|p1a: Farigiraf|Throat Chop|[silent]
|-enditem|p1a: Farigiraf|Sitrus Berry|[eat]
|-heal|p1a: Farigiraf|66/100|[from] item: Sitrus Berry
|-formechange|p1b: Aegislash|Aegislash-Blade|
|move|p1b: Aegislash|Flash Cannon|p2b: Floette
|-activate|p2b: Floette|move: Protect
|move|p1a: Farigiraf|Trick Room|p1a: Farigiraf
|-fieldstart|move: Trick Room|[of] p1a: Farigiraf
|
|upkeep
|turn|2
|inactive|OwlsGoHooot has 30 seconds left.
|inactive|OwlsGoHooot has 20 seconds left.
|inactive|OwlsGoHooot has 15 seconds left.
|inactive|OwlsGoHooot has 10 seconds left.
|
|t:|1782984738
|switch|p1a: Incineroar|Incineroar, L50, M|100/100
|-ability|p1a: Incineroar|Intimidate|boost
|-unboost|p2a: Incineroar|atk|1
|-unboost|p2b: Floette|atk|1
|switch|p2b: Sneasler|Sneasler, L50, M|100/100
|move|p1b: Aegislash|Shadow Ball|p2b: Sneasler
|-damage|p2b: Sneasler|17/100
|-damage|p1b: Aegislash|90/100|[from] item: Life Orb
|move|p2a: Incineroar|Flare Blitz|p1b: Aegislash
|-supereffective|p1b: Aegislash|1
|-damage|p1b: Aegislash|0 fnt
|faint|p1b: Aegislash
|-damage|p2a: Incineroar|80/100|[from] Recoil
|
|upkeep
|
|t:|1782984755
|switch|p1b: Blastoise|Blastoise, L50, M|100/100
|turn|3
|
|t:|1782984776
|detailschange|p1b: Blastoise|Blastoise-Mega, L50, M
|-mega|p1b: Blastoise|Blastoise|Blastoisinite
|move|p2b: Sneasler|Protect|p2b: Sneasler
|-singleturn|p2b: Sneasler|Protect
|move|p1a: Incineroar|Fake Out|p2b: Sneasler
|-activate|p2b: Sneasler|move: Protect
|move|p2a: Incineroar|Parting Shot|p1b: Blastoise
|-unboost|p1b: Blastoise|atk|1
|-unboost|p1b: Blastoise|spa|1
|
|t:|1782984785
|switch|p2a: Basculegion|Basculegion, L50, M|100/100|[from] Parting Shot
|move|p1b: Blastoise|Water Spout|p2b: Sneasler|[spread] p2a
|-activate|p2b: Sneasler|move: Protect
|-resisted|p2a: Basculegion|1
|-damage|p2a: Basculegion|76/100
|
|upkeep
|turn|4
|
|t:|1782984805
|switch|p2b: Incineroar|Incineroar, L50, F|80/100
|-ability|p2b: Incineroar|Intimidate|boost
|-unboost|p1a: Incineroar|atk|1
|-unboost|p1b: Blastoise|atk|1
|move|p1a: Incineroar|Flare Blitz|p2b: Incineroar
|-resisted|p2b: Incineroar|1
|-damage|p2b: Incineroar|64/100
|-damage|p1a: Incineroar|95/100|[from] Recoil
|move|p1b: Blastoise|Dark Pulse|p2a: Basculegion
|-supereffective|p2a: Basculegion|1
|-damage|p2a: Basculegion|10/100
|move|p2a: Basculegion|Liquidation|p1a: Incineroar
|-supereffective|p1a: Incineroar|1
|-damage|p1a: Incineroar|0 fnt
|faint|p1a: Incineroar
|
|upkeep
|
|t:|1782984819
|switch|p1a: Farigiraf|Farigiraf, L50, F|66/100
|turn|5
|
|t:|1782984830
|move|p2a: Basculegion|Protect|p2a: Basculegion
|-singleturn|p2a: Basculegion|Protect
|move|p1a: Farigiraf|Psychic|p2a: Basculegion
|-activate|p2a: Basculegion|move: Protect
|move|p2b: Incineroar|Parting Shot|p1b: Blastoise
|-unboost|p1b: Blastoise|atk|1
|-unboost|p1b: Blastoise|spa|1
|
|t:|1782984833
|switch|p2b: Sneasler|Sneasler, L50, M|17/100|[from] Parting Shot
|move|p1b: Blastoise|Aura Sphere|p2b: Sneasler
|-resisted|p2b: Sneasler|1
|-damage|p2b: Sneasler|1/100
|
|-fieldend|move: Trick Room
|upkeep
|turn|6
|inactive|OwlsGoHooot has 30 seconds left.
|
|t:|1782984865
|move|p1a: Farigiraf|Protect|p1a: Farigiraf
|-singleturn|p1a: Farigiraf|Protect
|move|p2b: Sneasler|Close Combat|p1b: Blastoise
|-damage|p1b: Blastoise|37/100
|-unboost|p2b: Sneasler|def|1
|-unboost|p2b: Sneasler|spd|1
|-enditem|p2b: Sneasler|White Herb
|-clearnegativeboost|p2b: Sneasler|[silent]
|move|p2a: Basculegion|Liquidation|p1a: Farigiraf
|-activate|p1a: Farigiraf|move: Protect
|move|p1b: Blastoise|Water Spout|p2b: Sneasler|[spread] p2a,p2b
|-resisted|p2a: Basculegion|1
|-damage|p2a: Basculegion|4/100
|-damage|p2b: Sneasler|0 fnt
|faint|p2b: Sneasler
|
|upkeep
|
|t:|1782984872
|switch|p2b: Incineroar|Incineroar, L50, F|64/100
|-ability|p2b: Incineroar|Intimidate|boost
|-unboost|p1a: Farigiraf|atk|1
|-unboost|p1b: Blastoise|atk|1
|turn|7
|-message|5star_swordvgc forfeited.
|raw|5star_swordvgc's rating: 1059 → 1039(-20 for losing)
|raw|OwlsGoHooot's rating: 1034 → 1071(+37 for winning)
|
|win|OwlsGoHooot
|l|☆5star_swordvgc
|player|p1|
