|j|☆Frisk Azzy
|j|☆LittleSunLight
|html|Frisk AzzyLittleSunLight    
|uhtml|bestof|Game 1 of a best-of-3
|t:|1783630535
|gametype|doubles
|player|p1|Frisk Azzy|riley|
|player|p2|LittleSunLight|beauty|
|gen|9
|tier|[Gen 9 Champions] VGC 2026 Reg M-B (Bo3)
|rule|Species Clause: Limit one of each Pokémon
|rule|Item Clause: Limit 1 of each item
|clearpoke
|poke|p1|Charizard, L50, M, shiny|
|poke|p1|Venusaur, L50, M|
|poke|p1|Whimsicott, L50, M|
|poke|p1|Luxray, L50, M, shiny|
|poke|p1|Aegislash, L50, M|
|poke|p1|Garchomp, L50, F, shiny|
|poke|p2|Dragonite, L50, F, shiny|
|poke|p2|Froslass, L50, F|
|poke|p2|Sneasler, L50, M|
|poke|p2|Arcanine-Hisui, L50, M|
|poke|p2|Basculegion, L50, M|
|poke|p2|Kingambit, L50, F|
|teampreview|4
|showteam|p1|Charizard||CharizarditeY|SolarPower|HeatWave,Protect,SolarBeam,AirSlash|Timid||M|||50|]Venusaur||LifeOrb|Chlorophyll|GigaDrain,SludgeBomb,Protect,EarthPower|Modest||M|||50|]Whimsicott||FocusSash|Prankster|Moonblast,Tailwind,Taunt,SunnyDay|Timid||M|||50|]Luxray||SitrusBerry|Intimidate|Crunch,WildCharge,Protect,VoltSwitch|Sassy||M|||50|]Aegislash||SpellTag|StanceChange|IronHead,KingsShield,WideGuard,ShadowSneak|Adamant||M|||50|]Garchomp||YacheBerry|RoughSkin|DragonClaw,Protect,Earthquake,RockSlide|Jolly||F|||50|
|showteam|p2|Dragonite||Dragoninite|Multiscale|Protect,Tailwind,DragonPulse,Flamethrower|Modest||F|||50|]Froslass||Froslassite|CursedBody|Protect,Blizzard,ShadowBall,AuroraVeil|Timid||F|||50|]Sneasler||WhiteHerb|Unburden|Protect,CloseCombat,DireClaw,FakeOut|Jolly||M|||50|]Arcanine-Hisui||FocusSash|RockHead|FlareBlitz,HeadSmash,RockSlide,ExtremeSpeed|Jolly||M|||50|]Basculegion||LifeOrb|Adaptability|Protect,WaveCrash,AquaJet,LastRespects|Adamant||M|||50|]Kingambit||ChopleBerry|Defiant|Protect,KowtowCleave,IronHead,SuckerPunch|Adamant||F|||50|
|c|☆Frisk Azzy|Glhf
|c|☆LittleSunLight|you too!
|inactive|Battle timer is ON: inactive players will automatically lose when time's up. (requested by LittleSunLight)
|c|☆LittleSunLight|remember to save replay lol
|inactive|LittleSunLight has 60 seconds left.
|c|☆Frisk Azzy|Thanks for the reminder
|
|t:|1783630614
|teamsize|p1|4
|teamsize|p2|4
|start
|switch|p1a: Whimsicott|Whimsicott, L50, M|100/100
|switch|p1b: Garchomp|Garchomp, L50, F, shiny|100/100
|switch|p2a: Mochi|Sneasler, L50, M|100/100
|switch|p2b: Adare|Kingambit, L50, F|100/100
|turn|1
|inactive|LittleSunLight has 30 seconds left.
|
|t:|1783630642
|switch|p1a: Aegislash|Aegislash, L50, M|100/100
|move|p1b: Garchomp|Protect|p1b: Garchomp
|-singleturn|p1b: Garchomp|Protect
|move|p2a: Mochi|Fake Out|p1b: Garchomp
|-activate|p1b: Garchomp|move: Protect
|move|p2b: Adare|Iron Head|p1a: Aegislash
|-resisted|p1a: Aegislash|1
|-damage|p1a: Aegislash|81/100
|
|upkeep
|turn|2
|inactive|LittleSunLight has 30 seconds left.
|inactive|LittleSunLight has 20 seconds left.
|
|t:|1783630678
|move|p1a: Aegislash|King's Shield|p1a: Aegislash
|-singleturn|p1a: Aegislash|Protect
|move|p2a: Mochi|Close Combat|p1b: Garchomp
|-damage|p1b: Garchomp|39/100
|-unboost|p2a: Mochi|def|1
|-unboost|p2a: Mochi|spd|1
|-damage|p2a: Mochi|87/100|[from] ability: Rough Skin|[of] p1b: Garchomp
|-enditem|p2a: Mochi|White Herb
|-clearnegativeboost|p2a: Mochi|[silent]
|move|p1b: Garchomp|Earthquake|p2b: Adare|[spread] p2a,p2b
|-activate|p1a: Aegislash|move: Protect
|-supereffective|p2a: Mochi|1
|-supereffective|p2b: Adare|1
|-damage|p2a: Mochi|0 fnt
|-damage|p2b: Adare|39/100
|faint|p2a: Mochi
|move|p2b: Adare|Kowtow Cleave|p1a: Aegislash
|-activate|p1a: Aegislash|move: Protect
|-unboost|p2b: Adare|atk|1
|-ability|p2b: Adare|Defiant|boost
|-boost|p2b: Adare|atk|2
|
|upkeep
|inactive|LittleSunLight has 30 seconds left.
|
|t:|1783630707
|switch|p2a: Helix!|Dragonite, L50, F, shiny|100/100
|turn|3
|
|t:|1783630723
|switch|p1b: Whimsicott|Whimsicott, L50, M|100/100
|-formechange|p1a: Aegislash|Aegislash-Blade|
|move|p1a: Aegislash|Shadow Sneak|p2a: Helix!
|-damage|p2a: Helix!|85/100
|move|p2b: Adare|Sucker Punch||[still]
|-fail|p2b: Adare
|move|p2a: Helix!|Flamethrower|p1a: Aegislash
|-supereffective|p1a: Aegislash|1
|-damage|p1a: Aegislash|3/100
|-status|p1a: Aegislash|brn
|
|-damage|p1a: Aegislash|0 fnt|[from] brn
|faint|p1a: Aegislash
|upkeep
|
|t:|1783630729
|switch|p1a: Charizard|Charizard, L50, M, shiny|100/100
|turn|4
|inactive|LittleSunLight has 30 seconds left.
|inactive|LittleSunLight has 20 seconds left.
|inactive|LittleSunLight has 15 seconds left.
|
|t:|1783630771
|detailschange|p1a: Charizard|Charizard-Mega-Y, L50, M, shiny
|-mega|p1a: Charizard|Charizard|Charizardite Y
|-weather|SunnyDay|[from] ability: Drought|[of] p1a: Charizard
|move|p1b: Whimsicott|Tailwind|p1b: Whimsicott
|-sidestart|p1: Frisk Azzy|move: Tailwind
|move|p2b: Adare|Sucker Punch|p1a: Charizard
|-damage|p1a: Charizard|14/100
|move|p1a: Charizard|Heat Wave|p2a: Helix!|[spread] p2a,p2b
|-resisted|p2a: Helix!|1
|-supereffective|p2b: Adare|1
|-damage|p2a: Helix!|53/100
|-damage|p2b: Adare|0 fnt
|faint|p2b: Adare
|move|p2a: Helix!|Tailwind|p2a: Helix!
|-sidestart|p2: LittleSunLight|move: Tailwind
|
|-weather|SunnyDay|[upkeep]
|upkeep
|
|t:|1783630785
|switch|p2b: Elssssa|Froslass, L50, F|100/100
|turn|5
|inactive|LittleSunLight has 30 seconds left.
|inactive|LittleSunLight has 20 seconds left.
|inactive|LittleSunLight has 15 seconds left.
|inactive|LittleSunLight has 10 seconds left.
|
|t:|1783630832
|detailschange|p2b: Elssssa|Froslass-Mega, L50, F
|-mega|p2b: Elssssa|Froslass|Froslassite
|-weather|Snowscape|[from] ability: Snow Warning|[of] p2b: Elssssa
|move|p1b: Whimsicott|Sunny Day|p1b: Whimsicott
|-weather|SunnyDay
|move|p2b: Elssssa|Shadow Ball|p1a: Charizard
|-damage|p1a: Charizard|0 fnt
|faint|p1a: Charizard
|move|p2a: Helix!|Flamethrower|p1b: Whimsicott
|-supereffective|p1b: Whimsicott|1
|-enditem|p1b: Whimsicott|Focus Sash
|-damage|p1b: Whimsicott|1/100
|
|-weather|SunnyDay|[upkeep]
|upkeep
|
|t:|1783630847
|switch|p1a: Garchomp|Garchomp, L50, F, shiny|39/100
|turn|6
|
|t:|1783630863
|move|p1a: Garchomp|Protect|p1a: Garchomp
|-singleturn|p1a: Garchomp|Protect
|move|p2b: Elssssa|Shadow Ball|p1b: Whimsicott
|-damage|p1b: Whimsicott|0 fnt
|faint|p1b: Whimsicott
|move|p2a: Helix!|Dragon Pulse|p1a: Garchomp
|-activate|p1a: Garchomp|move: Protect
|
|-weather|SunnyDay|[upkeep]
|upkeep
|turn|7
|
|t:|1783630877
|move|p2b: Elssssa|Shadow Ball|p1a: Garchomp
|-damage|p1a: Garchomp|0 fnt
|faint|p1a: Garchomp
|
|win|LittleSunLight
||Frisk Azzy is ready for game 2.
|inactive|LittleSunLight has 30 seconds to confirm battle start!
