|j|☆ToastedArt
|j|☆Granny Pie
|html|ToastedArtGranny Pie    
|uhtml|bestof|Game 2 of a best-of-3
|t:|1784352115
|gametype|doubles
|player|p1|ToastedArt|clemont|
|player|p2|Granny Pie|zinnia|
|gen|9
|tier|[Gen 9 Champions] VGC 2026 Reg M-B (Bo3)
|rule|Species Clause: Limit one of each Pokémon
|rule|Item Clause: Limit 1 of each item
|clearpoke
|poke|p1|Maushold, L50|
|poke|p1|Chesnaught, L50, F, shiny|
|poke|p1|Delphox, L50, M|
|poke|p1|Incineroar, L50, F|
|poke|p1|Whimsicott, L50, M|
|poke|p1|Tinkaton, L50, F|
|poke|p2|Vivillon-Pokeball, L50, F, shiny|
|poke|p2|Sinistcha-Masterpiece, L50, shiny|
|poke|p2|Farigiraf, L50, M|
|poke|p2|Sylveon, L50, M, shiny|
|poke|p2|Camerupt, L50, M, shiny|
|poke|p2|Floette-Eternal, L50, F|
|teampreview|4
|showteam|p1|Maushold||ChopleBerry|FriendGuard|FollowMe,Encore,AfterYou,SuperFang|Jolly|||||50|]Chesnaught||Chesnaughtite|Bulletproof|DrainPunch,GrassyGlide,BellyDrum,SpikyShield|Adamant||F|||50|]Delphox||Delphoxite|Blaze|HeatWave,Psychic,NastyPlot,Protect|Timid||M|||50|]Incineroar||SitrusBerry|Intimidate|FlareBlitz,PartingShot,FakeOut,ThroatChop|Impish||F|||50|]Whimsicott||FocusSash|Prankster|Moonblast,GrassyTerrain,TrickRoom,Encore|Timid||M|||50|]Tinkaton||OccaBerry|MoldBreaker|FakeOut,GigatonHammer,SkillSwap,Feint|Jolly||F|||50|
|showteam|p2|Vivillon-Pokeball||ChoiceScarf|CompoundEyes|SleepPowder,RagePowder,Tailwind,Hurricane|Timid||F|||50|]Sinistcha-Masterpiece||KasibBerry|Hospitality|MatchaGotcha,RagePowder,LifeDew,TrickRoom|Bold|||||50|]Farigiraf||SitrusBerry|ArmorTail|AllySwitch,PsychicFangs,HelpingHand,TrickRoom|Relaxed||M|||50|]Sylveon||FairyFeather|Pixilate|Moonblast,HyperVoice,QuickAttack,Protect|Quiet||M|||50|]Camerupt||Cameruptite|SolidRock|Eruption,EarthPower,HeatWave,Protect|Quiet||M|||50|]Floette-Eternal||Floettite|FlowerVeil|Moonblast,DazzlingGleam,CalmMind,Protect|Quiet||F|||50|
|inactive|Battle timer is ON: inactive players will automatically lose when time's up. (requested by ToastedArt)
|inactive|ToastedArt has 60 seconds left.
|
|t:|1784352158
|teamsize|p1|4
|teamsize|p2|4
|start
|switch|p1a: Rishi|Chesnaught, L50, F, shiny|100/100
|switch|p1b: Maushold|Maushold, L50|100/100
|switch|p2a: 15 Points|Vivillon-Pokeball, L50, F, shiny|100/100
|switch|p2b: Pickle Cup|Sinistcha-Masterpiece, L50, shiny|100/100
|turn|1
|inactive|Granny Pie has 30 seconds left.
|
|t:|1784352190
|detailschange|p1a: Rishi|Chesnaught-Mega, L50, F, shiny
|-mega|p1a: Rishi|Chesnaught|Chesnaughtite
|move|p1b: Maushold|Follow Me|p1b: Maushold
|-singleturn|p1b: Maushold|move: Follow Me
|move|p2a: 15 Points|Sleep Powder|p1b: Maushold
|-status|p1b: Maushold|slp|[from] move: Sleep Powder
|move|p1a: Rishi|Belly Drum|p1a: Rishi
|-damage|p1a: Rishi|50/100g
|-setboost|p1a: Rishi|atk|6|[from] move: Belly Drum
|move|p2b: Pickle Cup|Trick Room|p2b: Pickle Cup
|-fieldstart|move: Trick Room|[of] p2b: Pickle Cup
|
|upkeep
|turn|2
|inactive|ToastedArt has 30 seconds left.
|
|t:|1784352222
|switch|p1b: Tinkaton|Tinkaton, L50, F|100/100
|-ability|p1b: Tinkaton|Mold Breaker
|switch|p2a: DarkWokeAyatollah|Sylveon, L50, M, shiny|100/100
|move|p1a: Rishi|Spiky Shield|p1a: Rishi
|-singleturn|p1a: Rishi|move: Protect
|move|p2b: Pickle Cup|Matcha Gotcha|p1b: Tinkaton|[spread] p1b
|-activate|p1a: Rishi|move: Protect
|-resisted|p1b: Tinkaton|1
|-damage|p1b: Tinkaton|89/100
|
|upkeep
|turn|3
|
|t:|1784352243
|move|p2a: DarkWokeAyatollah|Protect|p2a: DarkWokeAyatollah
|-singleturn|p2a: DarkWokeAyatollah|Protect
|move|p1a: Rishi|Grassy Glide|p2a: DarkWokeAyatollah
|-activate|p2a: DarkWokeAyatollah|move: Protect
|move|p2b: Pickle Cup|Matcha Gotcha|p1b: Tinkaton|[spread] p1a,p1b
|-resisted|p1a: Rishi|1
|-resisted|p1b: Tinkaton|1
|-damage|p1a: Rishi|42/100
|-damage|p1b: Tinkaton|76/100
|move|p1b: Tinkaton|Skill Swap|p2b: Pickle Cup
|-activate|p1b: Tinkaton|Skill Swap|Hospitality|Mold Breaker|[of] p2b: Pickle Cup
|-ability|p2b: Pickle Cup|Mold Breaker
|-heal|p1a: Rishi|66/100|[from] ability: Hospitality|[of] p1b: Tinkaton
|
|upkeep
|turn|4
|inactive|ToastedArt has 30 seconds left.
|inactive|ToastedArt has 20 seconds left.
|
|t:|1784352279
|switch|p2a: 15 Points|Vivillon-Pokeball, L50, F, shiny|100/100
|switch|p1b: Incineroar|Incineroar, L50, F|100/100
|-ability|p1b: Incineroar|Intimidate|boost
|-unboost|p2a: 15 Points|atk|1
|-unboost|p2b: Pickle Cup|atk|1
|move|p1a: Rishi|Grassy Glide|p2a: 15 Points
|-resisted|p2a: 15 Points|2
|-damage|p2a: 15 Points|51/100
|move|p2b: Pickle Cup|Matcha Gotcha|p1b: Incineroar|[spread] p1b
|-miss|p2b: Pickle Cup|p1a: Rishi
|-resisted|p1b: Incineroar|1
|-damage|p1b: Incineroar|88/100
|
|upkeep
|turn|5
|inactive|Granny Pie has 30 seconds left.
|inactive|ToastedArt has 30 seconds left.
|
|t:|1784352314
|switch|p2a: DarkWokeAyatollah|Sylveon, L50, M, shiny|100/100
|move|p1a: Rishi|Drain Punch|p2a: DarkWokeAyatollah
|-resisted|p2a: DarkWokeAyatollah|1
|-damage|p2a: DarkWokeAyatollah|3/100
|-heal|p1a: Rishi|100/100|[from] drain|[of] p2a: DarkWokeAyatollah
|move|p1b: Incineroar|Flare Blitz|p2a: DarkWokeAyatollah
|-damage|p2a: DarkWokeAyatollah|0 fnt
|faint|p2a: DarkWokeAyatollah
|-damage|p1b: Incineroar|87/100|[from] Recoil
|move|p2b: Pickle Cup|Matcha Gotcha|p1b: Incineroar|[spread] p1a,p1b
|-resisted|p1a: Rishi|1
|-resisted|p1b: Incineroar|1
|-damage|p1a: Rishi|91/100
|-damage|p1b: Incineroar|75/100
|-status|p1a: Rishi|brn
|
|-damage|p1a: Rishi|85/100 brn|[from] brn
|-fieldend|move: Trick Room
|upkeep
|
|t:|1784352328
|switch|p2a: 15 Points|Vivillon-Pokeball, L50, F, shiny|51/100
|turn|6
|
|t:|1784352333
|switch|p1b: Maushold|Maushold, L50|100/100 slp
|move|p1a: Rishi|Spiky Shield|p1a: Rishi
|-singleturn|p1a: Rishi|move: Protect
|move|p2b: Pickle Cup|Rage Powder|p2b: Pickle Cup
|-singleturn|p2b: Pickle Cup|move: Rage Powder
|move|p2a: 15 Points|Hurricane|p1a: Rishi
|-activate|p1a: Rishi|move: Protect
|
|-damage|p1a: Rishi|78/100 brn|[from] brn
|upkeep
|turn|7
|
|t:|1784352349
|move|p1a: Rishi|Spiky Shield|p1a: Rishi
|-singleturn|p1a: Rishi|move: Protect
|cant|p1b: Maushold|slp
|move|p2a: 15 Points|Hurricane|p1a: Rishi
|-activate|p1a: Rishi|move: Protect
|move|p2b: Pickle Cup|Matcha Gotcha|p1a: Rishi|[spread] 
|-activate|p1a: Rishi|move: Protect
|-miss|p2b: Pickle Cup|p1b: Maushold
|
|-damage|p1a: Rishi|72/100 brn|[from] brn
|upkeep
|turn|8
|
|t:|1784352359
|cant|p1b: Maushold|slp
|move|p2a: 15 Points|Hurricane|p1a: Rishi
|-supereffective|p1a: Rishi|2
|-damage|p1a: Rishi|0 fnt
|faint|p1a: Rishi
|move|p2b: Pickle Cup|Matcha Gotcha|p1b: Maushold
|-damage|p1b: Maushold|62/100 slp
|
|upkeep
|
|t:|1784352363
|switch|p1a: Tinkaton|Tinkaton, L50, F|76/100
|-ability|p1a: Tinkaton|Mold Breaker
|turn|9
|
|t:|1784352384
|switch|p2a: Honest/Hardworking|Camerupt, L50, M, shiny|100/100
|move|p1a: Tinkaton|Fake Out|p2a: Honest/Hardworking
|-damage|p2a: Honest/Hardworking|89/100
|-curestatus|p1b: Maushold|slp|[msg]
|move|p1b: Maushold|Follow Me|p1b: Maushold
|-singleturn|p1b: Maushold|move: Follow Me
|move|p2b: Pickle Cup|Trick Room|p2b: Pickle Cup
|-fieldstart|move: Trick Room|[of] p2b: Pickle Cup
|
|upkeep
|turn|10
|
|t:|1784352400
|switch|p1b: Incineroar|Incineroar, L50, F|75/100
|-ability|p1b: Incineroar|Intimidate|boost
|-unboost|p2a: Honest/Hardworking|atk|1
|-unboost|p2b: Pickle Cup|atk|1
|detailschange|p2a: Honest/Hardworking|Camerupt-Mega, L50, M, shiny
|-mega|p2a: Honest/Hardworking|Camerupt|Cameruptite
|move|p2b: Pickle Cup|Rage Powder|p2b: Pickle Cup
|-singleturn|p2b: Pickle Cup|move: Rage Powder
|move|p2a: Honest/Hardworking|Eruption|p1b: Incineroar|[spread] p1a,p1b
|-supereffective|p1a: Tinkaton|1
|-enditem|p1a: Tinkaton|Occa Berry|[eat]
|-enditem|p1a: Tinkaton|Occa Berry|[weaken]
|-resisted|p1b: Incineroar|1
|-damage|p1a: Tinkaton|20/100y
|-damage|p1b: Incineroar|49/100
|-enditem|p1b: Incineroar|Sitrus Berry|[eat]
|-heal|p1b: Incineroar|73/100|[from] item: Sitrus Berry
|move|p1a: Tinkaton|Skill Swap|p2b: Pickle Cup
|-activate|p1a: Tinkaton|Skill Swap|Mold Breaker|Mold Breaker|[of] p2b: Pickle Cup
|-ability|p2b: Pickle Cup|Mold Breaker
|-ability|p1a: Tinkaton|Mold Breaker
|
|upkeep
|turn|11
|inactive|ToastedArt has 30 seconds left.
|inactive|Granny Pie has 30 seconds left.
|inactive|ToastedArt has 20 seconds left.
|inactive|Granny Pie has 20 seconds left.
|inactive|ToastedArt has 15 seconds left.
|
|t:|1784352443
|switch|p1a: Maushold|Maushold, L50|62/100
|move|p2b: Pickle Cup|Rage Powder|p2b: Pickle Cup
|-singleturn|p2b: Pickle Cup|move: Rage Powder
|move|p2a: Honest/Hardworking|Eruption|p1a: Maushold|[spread] p1a,p1b
|-resisted|p1b: Incineroar|1
|-damage|p1a: Maushold|0 fnt
|-damage|p1b: Incineroar|53/100
|faint|p1a: Maushold
|move|p1b: Incineroar|Throat Chop|p2b: Pickle Cup
|-supereffective|p2b: Pickle Cup|1
|-damage|p2b: Pickle Cup|52/100
|-start|p2b: Pickle Cup|Throat Chop|[silent]
|
|upkeep
|
|t:|1784352452
|switch|p1a: Tinkaton|Tinkaton, L50, F|20/100y
|-ability|p1a: Tinkaton|Mold Breaker
|turn|12
|
|t:|1784352466
|move|p2a: Honest/Hardworking|Protect|p2a: Honest/Hardworking
|-singleturn|p2a: Honest/Hardworking|Protect
|move|p1a: Tinkaton|Fake Out|p2a: Honest/Hardworking
|-activate|p2a: Honest/Hardworking|move: Protect
|move|p1b: Incineroar|Throat Chop|p2b: Pickle Cup
|-supereffective|p2b: Pickle Cup|1
|-damage|p2b: Pickle Cup|11/100
|move|p2b: Pickle Cup|Matcha Gotcha|p1a: Tinkaton|[spread] p1a,p1b
|-resisted|p1a: Tinkaton|1
|-resisted|p1b: Incineroar|1
|-damage|p1a: Tinkaton|8/100
|-heal|p2b: Pickle Cup|17/100|[from] drain|[of] p1a: Tinkaton
|-damage|p1b: Incineroar|43/100
|-heal|p2b: Pickle Cup|23/100|[from] drain|[of] p1b: Incineroar
|
|-end|p2b: Pickle Cup|Throat Chop|[silent]
|upkeep
|turn|13
|-message|ToastedArt forfeited.
|
|win|Granny Pie
|l|☆ToastedArt
|player|p1|
