|j|☆Daniw9
|j|☆Argentavis_Gaming
|html|Daniw9Argentavis_Gaming    
|uhtml|bestof|Game 2 of a best-of-3
|t:|1756398305
|gametype|doubles
|player|p1|Daniw9|101|1142
|player|p2|Argentavis_Gaming|unknown|1289
|gen|9
|tier|[Gen 9] VGC 2025 Reg H (Bo3)
|rated|
|rule|Species Clause: Limit one of each Pokémon
|rule|Item Clause: Limit 1 of each item
|clearpoke
|poke|p1|Garchomp, L50, M|
|poke|p1|Tyranitar, L50, M|
|poke|p1|Delphox, L50, F|
|poke|p1|Indeedee-F, L50, F|
|poke|p1|Gallade, L50, M|
|poke|p1|Whimsicott, L50, M|
|poke|p2|Tyranitar, L50, M|
|poke|p2|Talonflame, L50, M|
|poke|p2|Garchomp, L50, F|
|poke|p2|Gholdengo, L50|
|poke|p2|Amoonguss, L50, M|
|poke|p2|Tauros-Paldea-Aqua, L50, M|
|teampreview|4
|showteam|p1|Garchomp||LifeOrb|SandVeil|Earthquake,StompingTantrum,Protect,DragonClaw|||M|||50|,,,,,Steel]Tyranitar||AssaultVest|SandStream|RockSlide,TeraBlast,KnockOff,LowKick|||M|||50|,,,,,Flying]Delphox||PsychicSeed|Magician|ExpandingForce,HeatWave,TeraBlast,Protect|||F|||50|,,,,,Fairy]Indeedee-F||SafetyGoggles|PsychicSurge|DazzlingGleam,TrickRoom,FollowMe,HelpingHand|||F|||50|,,,,,Water]Gallade||ClearAmulet|Sharpness|SacredSword,PsychoCut,TrickRoom,Protect|||M|||50|,,,,,Grass]Whimsicott||CovertCloak|Prankster|Moonblast,Tailwind,Encore,Protect|||M|||50|,,,,,Ghost
|showteam|p2|Tyranitar||AssaultVest|SandStream|RockSlide,KnockOff,LowKick,TeraBlast|||M|||50|,,,,,Flying]Talonflame||SafetyGoggles|GaleWings|BraveBird,WillOWisp,Taunt,Tailwind|||M|||50|,,,,,Ghost]Garchomp||LifeOrb|SandVeil|StompingTantrum,Earthquake,DragonClaw,Protect|||F|||50|,,,,,Ground]Gholdengo||IronPlate|GoodasGold|MakeItRain,ShadowBall,NastyPlot,Protect||||||50|,,,,,Steel]Amoonguss||SitrusBerry|Regenerator|Spore,RagePowder,ClearSmog,PollenPuff|||M|||50|,,,,,Water]Tauros-Paldea-Aqua||ClearAmulet|Intimidate|CloseCombat,WaveCrash,Protect,AquaJet|||M|||50|,,,,,Grass
|
|t:|1756398341
|teamsize|p1|4
|teamsize|p2|4
|start
|switch|p1a: Indeedee|Indeedee-F, L50, F|100/100
|switch|p1b: Gallade|Gallade, L50, M|100/100
|switch|p2a: Amoonguss|Amoonguss, L50, M|100/100
|switch|p2b: Gholdengo|Gholdengo, L50|100/100
|-fieldstart|move: Psychic Terrain|[from] ability: Psychic Surge|[of] p1a: Indeedee
|turn|1
|
|t:|1756398360
|-terastallize|p1b: Gallade|Grass
|-terastallize|p2a: Amoonguss|Water
|move|p2b: Gholdengo|Shadow Ball|p1b: Gallade
|-damage|p1b: Gallade|65/100
|move|p1b: Gallade|Psycho Cut|p2a: Amoonguss
|-damage|p2a: Amoonguss|43/100
|-enditem|p2a: Amoonguss|Sitrus Berry|[eat]
|-heal|p2a: Amoonguss|68/100|[from] item: Sitrus Berry
|move|p2a: Amoonguss|Spore|p1b: Gallade
|-immune|p1b: Gallade
|move|p1a: Indeedee|Trick Room|p1a: Indeedee
|-fieldstart|move: Trick Room|[of] p1a: Indeedee
|
|upkeep
|turn|2
|
|t:|1756398388
|move|p1a: Indeedee|Follow Me|p1a: Indeedee
|-singleturn|p1a: Indeedee|move: Follow Me
|move|p2a: Amoonguss|Spore|p1a: Indeedee
|-activate|p1a: Indeedee|item: Safety Goggles|Spore
|move|p1b: Gallade|Sacred Sword|p2a: Amoonguss
|-damage|p2a: Amoonguss|9/100
|move|p2b: Gholdengo|Nasty Plot|p2b: Gholdengo
|-boost|p2b: Gholdengo|spa|2
|
|upkeep
|turn|3
|
|t:|1756398408
|switch|p2a: Tauros|Tauros-Paldea-Aqua, L50, M|100/100
|-ability|p2a: Tauros|Intimidate|boost
|-unboost|p1a: Indeedee|atk|1
|-fail|p1b: Gallade|unboost|[from] item: Clear Amulet|[of] p1b: Gallade
|move|p1b: Gallade|Psycho Cut|p2a: Tauros
|-supereffective|p2a: Tauros
|-damage|p2a: Tauros|0 fnt
|faint|p2a: Tauros
|move|p1a: Indeedee|Dazzling Gleam|p2b: Gholdengo
|-resisted|p2b: Gholdengo
|-damage|p2b: Gholdengo|91/100
|move|p2b: Gholdengo|Make It Rain|p1b: Gallade|[spread] p1a,p1b
|-damage|p1a: Indeedee|0 fnt
|-damage|p1b: Gallade|0 fnt
|-unboost|p2b: Gholdengo|spa|1
|faint|p1a: Indeedee
|faint|p1b: Gallade
|
|upkeep
|
|t:|1756398424
|switch|p1b: Garchomp|Garchomp, L50, M|100/100
|switch|p1a: Tyranitar|Tyranitar, L50, M|100/100
|switch|p2a: Tyranitar|Tyranitar, L50, M|100/100
|-weather|Sandstorm|[from] ability: Sand Stream|[of] p1a: Tyranitar
|turn|4
|
|t:|1756398452
|move|p1a: Tyranitar|Low Kick|p2a: Tyranitar
|-supereffective|p2a: Tyranitar
|-damage|p2a: Tyranitar|0 fnt
|faint|p2a: Tyranitar
|move|p2b: Gholdengo|Make It Rain|p1a: Tyranitar|[spread] p1a,p1b
|-supereffective|p1a: Tyranitar
|-damage|p1a: Tyranitar|42/100
|-damage|p1b: Garchomp|7/100
|-unboost|p2b: Gholdengo|spa|1
|move|p1b: Garchomp|Dragon Claw|p2b: Gholdengo
|-resisted|p2b: Gholdengo
|-damage|p2b: Gholdengo|64/100
|-damage|p1b: Garchomp|0 fnt|[from] item: Life Orb
|faint|p1b: Garchomp
|
|-weather|Sandstorm|[upkeep]
|upkeep
|
|t:|1756398455
|switch|p2a: Amoonguss|Amoonguss, L50, M, tera:Water|42/100
|turn|5
|-message|Daniw9 forfeited.
|
|win|Argentavis_Gaming
|l|☆Daniw9
|player|p1|
||Argentavis_Gaming is ready for game 3.
||Daniw9 is ready for game 3.
|uhtml|next|Next: Game 3 of 3
|l|☆Argentavis_Gaming
|player|p2|
|j|☆Daniw9
|player|p1|Daniw9|101|
