|j|☆natsukivgc
|j|☆ui90op
|html|natsukivgcui90op    
|uhtml|bestof|Game 2 of a best-of-3
|t:|1785399324
|gametype|doubles
|player|p1|natsukivgc|1|1247
|player|p2|ui90op|pokemonbreeder-gen4|1256
|gen|9
|tier|[Gen 9 Champions] VGC 2026 Reg M-B (Bo3)
|rated|
|rule|Species Clause: Limit one of each Pokémon
|rule|Item Clause: Limit 1 of each item
|clearpoke
|poke|p1|Garchomp, L50, M|
|poke|p1|Venusaur, L50, F|
|poke|p1|Incineroar, L50, M|
|poke|p1|Charizard, L50, F|
|poke|p1|Toxapex, L50, M|
|poke|p1|Annihilape, L50, F|
|poke|p2|Altaria, L50, F|
|poke|p2|Toxapex, L50, F|
|poke|p2|Incineroar, L50, F|
|poke|p2|Floette-Eternal, L50, F|
|poke|p2|Sinistcha-Masterpiece, L50|
|poke|p2|Manectric, L50, F|
|teampreview|4
|showteam|p1|Garchomp||ChoiceScarf|RoughSkin|Earthquake,DragonClaw,StompingTantrum,RockSlide|Adamant||M|||50|]Venusaur||LifeOrb|Chlorophyll|SolarBeam,SludgeBomb,EarthPower,Protect|Modest||F|||50|]Incineroar||SitrusBerry|Intimidate|FlareBlitz,ThroatChop,FakeOut,PartingShot|Impish||M|||50|]Charizard||CharizarditeY|Blaze|HeatWave,WeatherBall,HelpingHand,Protect|Modest||F|||50|]Toxapex||Leftovers|Regenerator|Infestation,Toxic,WideGuard,BanefulBunker|Bold||M|||50|]Annihilape||FocusSash|Defiant|CloseCombat,PhantomForce,StealthRock,Protect|Jolly||F|||50|
|showteam|p2|Altaria||RoseliBerry|CloudNine|WillOWisp,BraveBird,Tailwind,Protect|Impish||F|||50|]Toxapex||Leftovers|Regenerator|WideGuard,Toxic,Infestation,Protect|Bold||F|||50|]Incineroar||PasshoBerry|Intimidate|FakeOut,PartingShot,FlareBlitz,DarkestLariat|Impish||F|||50|]Floette-Eternal||Floettite|FlowerVeil|CalmMind,DazzlingGleam,Moonblast,Protect|Bold||F|||50|]Sinistcha-Masterpiece||SitrusBerry|Hospitality|MatchaGotcha,RagePowder,CalmMind,Protect|Bold|||||50|]Manectric||Manectite|LightningRod|VoltSwitch,Overheat,Snarl,Protect|Timid||F|||50|
|
|t:|1785399361
|teamsize|p1|4
|teamsize|p2|4
|start
|switch|p1a: Garchomp|Garchomp, L50, M|100/100
|switch|p1b: Incineroar|Incineroar, L50, M|100/100
|switch|p2a: Manectric|Manectric, L50, F|100/100
|switch|p2b: Toxapex|Toxapex, L50, F|100/100
|-ability|p1b: Incineroar|Intimidate|boost
|-unboost|p2a: Manectric|atk|1
|-unboost|p2b: Toxapex|atk|1
|turn|1
|
|t:|1785399387
|detailschange|p2a: Manectric|Manectric-Mega, L50, F
|-mega|p2a: Manectric|Manectric|Manectite
|-ability|p2a: Manectric|Intimidate|boost
|-unboost|p1a: Garchomp|atk|1
|-unboost|p1b: Incineroar|atk|1
|move|p1b: Incineroar|Fake Out|p2b: Toxapex
|-damage|p2b: Toxapex|95/100
|move|p1a: Garchomp|Stomping Tantrum|p2a: Manectric
|-supereffective|p2a: Manectric|1
|-damage|p2a: Manectric|27/100
|move|p2a: Manectric|Volt Switch|p1b: Incineroar
|-damage|p1b: Incineroar|69/100
|
|t:|1785399396
|switch|p2a: Altaria|Altaria, L50, F|100/100|[from] Volt Switch
|-ability|p2a: Altaria|Cloud Nine
|cant|p2b: Toxapex|flinch
|
|-heal|p2b: Toxapex|100/100|[from] item: Leftovers
|upkeep
|turn|2
|
|t:|1785399419
|switch|p1a: Charizard|Charizard, L50, F|100/100
|move|p2a: Altaria|Brave Bird|p1b: Incineroar
|-damage|p1b: Incineroar|47/100
|-enditem|p1b: Incineroar|Sitrus Berry|[eat]
|-heal|p1b: Incineroar|72/100|[from] item: Sitrus Berry
|-damage|p2a: Altaria|91/100|[from] Recoil
|move|p1b: Incineroar|Parting Shot|p2a: Altaria
|-unboost|p2a: Altaria|atk|1
|-unboost|p2a: Altaria|spa|1
|
|t:|1785399430
|switch|p1b: Garchomp|Garchomp, L50, M|100/100|[from] Parting Shot
|move|p2b: Toxapex|Toxic|p1b: Garchomp
|-status|p1b: Garchomp|tox
|
|-damage|p1b: Garchomp|93/100 tox|[from] psn
|upkeep
|turn|3
|
|t:|1785399465
|detailschange|p1a: Charizard|Charizard-Mega-Y, L50, F
|-mega|p1a: Charizard|Charizard|Charizardite Y
|-weather|SunnyDay|[from] ability: Drought|[of] p1a: Charizard
|move|p1a: Charizard|Protect|p1a: Charizard
|-singleturn|p1a: Charizard|Protect
|move|p2a: Altaria|Protect|p2a: Altaria
|-singleturn|p2a: Altaria|Protect
|move|p2b: Toxapex|Protect|p2b: Toxapex
|-singleturn|p2b: Toxapex|Protect
|move|p1b: Garchomp|Rock Slide|p2a: Altaria|[spread] 
|-activate|p2a: Altaria|move: Protect
|-activate|p2b: Toxapex|move: Protect
|
|-weather|SunnyDay|[upkeep]
|-damage|p1b: Garchomp|81/100 tox|[from] psn
|upkeep
|turn|4
|
|t:|1785399482
|switch|p1b: Venusaur|Venusaur, L50, F|100/100
|move|p1a: Charizard|Heat Wave|p2a: Altaria|[spread] p2a,p2b
|-resisted|p2a: Altaria|1
|-resisted|p2b: Toxapex|1
|-damage|p2a: Altaria|73/100
|-damage|p2b: Toxapex|84/100
|move|p2a: Altaria|Tailwind|p2a: Altaria
|-sidestart|p2: ui90op|move: Tailwind
|move|p2b: Toxapex|Infestation|p1b: Venusaur
|-damage|p1b: Venusaur|96/100
|-activate|p1b: Venusaur|move: Infestation|[of] p2b: Toxapex
|
|-weather|SunnyDay|[upkeep]
|-heal|p2b: Toxapex|89/100|[from] item: Leftovers
|-damage|p1b: Venusaur|84/100|[from] move: Infestation|[partiallytrapped]
|upkeep
|turn|5
|
|t:|1785399502
|move|p2a: Altaria|Brave Bird|p1b: Venusaur
|-supereffective|p1b: Venusaur|1
|-damage|p1b: Venusaur|30/100
|-damage|p2a: Altaria|57/100|[from] Recoil
|move|p1a: Charizard|Heat Wave|p2a: Altaria|[spread] p2a,p2b
|-resisted|p2a: Altaria|1
|-resisted|p2b: Toxapex|1
|-damage|p2a: Altaria|38/100
|-damage|p2b: Toxapex|76/100
|move|p1b: Venusaur|Earth Power|p2b: Toxapex
|-supereffective|p2b: Toxapex|1
|-damage|p2b: Toxapex|24/100
|-damage|p1b: Venusaur|20/100y|[from] item: Life Orb
|move|p2b: Toxapex|Infestation|p1a: Charizard
|-resisted|p1a: Charizard|2
|-damage|p1a: Charizard|99/100
|-activate|p1a: Charizard|move: Infestation|[of] p2b: Toxapex
|
|-weather|SunnyDay|[upkeep]
|-heal|p2b: Toxapex|30/100|[from] item: Leftovers
|-damage|p1a: Charizard|87/100|[from] move: Infestation|[partiallytrapped]
|-damage|p1b: Venusaur|8/100|[from] move: Infestation|[partiallytrapped]
|upkeep
|turn|6
|
|t:|1785399546
|move|p2b: Toxapex|Protect|p2b: Toxapex
|-singleturn|p2b: Toxapex|Protect
|move|p2a: Altaria|Brave Bird|p1a: Charizard
|-damage|p1a: Charizard|67/100
|-damage|p2a: Altaria|31/100|[from] Recoil
|move|p1a: Charizard|Heat Wave|p2b: Toxapex|[spread] p2a
|-activate|p2b: Toxapex|move: Protect
|-resisted|p2a: Altaria|1
|-damage|p2a: Altaria|14/100
|move|p1b: Venusaur|Sludge Bomb|p2a: Altaria
|-damage|p2a: Altaria|0 fnt
|faint|p2a: Altaria
|-damage|p1b: Venusaur|0 fnt|[from] item: Life Orb
|faint|p1b: Venusaur
|
|-weather|SunnyDay|[upkeep]
|-heal|p2b: Toxapex|36/100|[from] item: Leftovers
|-damage|p1a: Charizard|55/100|[from] move: Infestation|[partiallytrapped]
|upkeep
|
|t:|1785399574
|switch|p1b: Incineroar|Incineroar, L50, M|72/100
|switch|p2a: Manectric|Manectric-Mega, L50, F|27/100
|-ability|p2a: Manectric|Intimidate|boost
|-unboost|p1a: Charizard|atk|1
|-unboost|p1b: Incineroar|atk|1
|-ability|p1b: Incineroar|Intimidate|boost
|-unboost|p2a: Manectric|atk|1
|-unboost|p2b: Toxapex|atk|1
|turn|7
|
|t:|1785399591
|move|p2a: Manectric|Protect|p2a: Manectric
|-singleturn|p2a: Manectric|Protect
|move|p1b: Incineroar|Fake Out|p2a: Manectric
|-activate|p2a: Manectric|move: Protect
|move|p1a: Charizard|Heat Wave|p2b: Toxapex|[spread] p2b
|-activate|p2a: Manectric|move: Protect
|-resisted|p2b: Toxapex|1
|-damage|p2b: Toxapex|15/100
|move|p2b: Toxapex|Toxic|p1b: Incineroar
|-status|p1b: Incineroar|tox
|
|-weather|none
|-heal|p2b: Toxapex|21/100|[from] item: Leftovers
|-damage|p1b: Incineroar|66/100 tox|[from] psn
|-damage|p1a: Charizard|43/100|[from] move: Infestation|[partiallytrapped]
|-sideend|p2: ui90op|move: Tailwind
|upkeep
|turn|8
|
|t:|1785399625
|-heal|p2b: Toxapex|54/100|[from] ability: Regenerator|[silent]
|switch|p2b: Sinistcha|Sinistcha-Masterpiece, L50|100/100
|-heal|p2a: Manectric|52/100|[from] ability: Hospitality|[of] p2b: Sinistcha
|move|p2a: Manectric|Volt Switch|p1a: Charizard
|-supereffective|p1a: Charizard|1
|-damage|p1a: Charizard|0 fnt
|faint|p1a: Charizard
|
|t:|1785399633
|switch|p2a: Toxapex|Toxapex, L50, F|54/100|[from] Volt Switch
|move|p1b: Incineroar|Throat Chop|p2b: Sinistcha
|-supereffective|p2b: Sinistcha|1
|-damage|p2b: Sinistcha|65/100
|-start|p2b: Sinistcha|Throat Chop|[silent]
|
|-heal|p2a: Toxapex|59/100|[from] item: Leftovers
|-damage|p1b: Incineroar|54/100 tox|[from] psn
|upkeep
|
|t:|1785399641
|switch|p1a: Garchomp|Garchomp, L50, M|81/100 tox
|turn|9
|
|t:|1785399653
|switch|p2b: Manectric|Manectric-Mega, L50, F|52/100
|-ability|p2b: Manectric|Intimidate|boost
|-unboost|p1a: Garchomp|atk|1
|-unboost|p1b: Incineroar|atk|1
|move|p2a: Toxapex|Protect|p2a: Toxapex
|-singleturn|p2a: Toxapex|Protect
|move|p1a: Garchomp|Stomping Tantrum|p2a: Toxapex
|-activate|p2a: Toxapex|move: Protect
|move|p1b: Incineroar|Flare Blitz|p2b: Manectric
|-damage|p2b: Manectric|23/100
|-damage|p1b: Incineroar|46/100 tox|[from] Recoil
|
|-heal|p2a: Toxapex|65/100|[from] item: Leftovers
|-damage|p1a: Garchomp|75/100 tox|[from] psn
|-damage|p1b: Incineroar|28/100 tox|[from] psn
|upkeep
|turn|10
|
|t:|1785399670
|-heal|p2a: Toxapex|98/100|[from] ability: Regenerator|[silent]
|switch|p2a: Sinistcha|Sinistcha-Masterpiece, L50|65/100
|-heal|p2b: Manectric|48/100|[from] ability: Hospitality|[of] p2a: Sinistcha
|move|p1a: Garchomp|Stomping Tantrum|p2b: Manectric
|-supereffective|p2b: Manectric|1
|-damage|p2b: Manectric|0 fnt
|faint|p2b: Manectric
|move|p1b: Incineroar|Flare Blitz|p2a: Sinistcha
|-supereffective|p2a: Sinistcha|1
|-damage|p2a: Sinistcha|26/100
|-enditem|p2a: Sinistcha|Sitrus Berry|[eat]
|-heal|p2a: Sinistcha|51/100|[from] item: Sitrus Berry
|-damage|p1b: Incineroar|17/100 tox|[from] Recoil
|
|-damage|p1a: Garchomp|63/100 tox|[from] psn
|-damage|p1b: Incineroar|0 fnt|[from] psn
|faint|p1b: Incineroar
|upkeep
|
|t:|1785399679
|switch|p2b: Toxapex|Toxapex, L50, F|98/100
|turn|11
|
|t:|1785399692
|move|p1a: Garchomp|Stomping Tantrum|p2b: Toxapex
|-supereffective|p2b: Toxapex|1
|-damage|p2b: Toxapex|60/100
|move|p2a: Sinistcha|Calm Mind|p2a: Sinistcha
|-boost|p2a: Sinistcha|spa|1
|-boost|p2a: Sinistcha|spd|1
|move|p2b: Toxapex|Infestation|p1a: Garchomp
|-damage|p1a: Garchomp|59/100 tox
|-activate|p1a: Garchomp|move: Infestation|[of] p2b: Toxapex
|-damage|p2b: Toxapex|48/100|[from] ability: Rough Skin|[of] p1a: Garchomp
|
|-heal|p2b: Toxapex|54/100|[from] item: Leftovers
|-damage|p1a: Garchomp|41/100 tox|[from] psn
|-damage|p1a: Garchomp|29/100 tox|[from] move: Infestation|[partiallytrapped]
|upkeep
|turn|12
|-message|natsukivgc forfeited.
|
|win|ui90op
