|j|☆linolino
|j|☆MammaMiaPik
|html|linolinoMammaMiaPik    
|uhtml|bestof|Game 2 of a best-of-3
|t:|1783443603
|gametype|doubles
|player|p1|linolino|266|1077
|player|p2|MammaMiaPik|1|1000
|gen|9
|tier|[Gen 9 Champions] VGC 2026 Reg M-B (Bo3)
|rated|
|rule|Species Clause: Limit one of each Pokémon
|rule|Item Clause: Limit 1 of each item
|clearpoke
|poke|p1|Sableye, L50, F|
|poke|p1|Garchomp, L50, F|
|poke|p1|Torkoal, L50, M|
|poke|p1|Incineroar, L50, F|
|poke|p1|Kingambit, L50, F|
|poke|p1|Venusaur, L50, M|
|poke|p2|Raichu, L50, M|
|poke|p2|Ninetales-Alola, L50, F|
|poke|p2|Sneasler, L50, M|
|poke|p2|Gholdengo, L50|
|poke|p2|Garchomp, L50, F|
|poke|p2|Staraptor, L50, F|
|teampreview|4
|showteam|p1|Sableye||LightClay|Prankster|SunnyDay,WillOWisp,LightScreen,FoulPlay|Careful||F|||50|]Garchomp||LifeOrb|RoughSkin|Protect,DragonClaw,RockSlide,StompingTantrum|Jolly||F|||50|]Torkoal||Charcoal|Drought|Protect,WeatherBall,HelpingHand,Overheat|Quiet||M|||50|]Incineroar||SitrusBerry|Intimidate|FakeOut,FlareBlitz,PartingShot,DarkestLariat|Adamant||F|||50|]Kingambit||FocusSash|Defiant|Protect,KowtowCleave,SuckerPunch,LowKick|Adamant||F|||50|]Venusaur||Venusaurite|Chlorophyll|SleepPowder,GigaDrain,EarthPower,SludgeBomb|Modest||M|||50|
|showteam|p2|Raichu||RaichuniteY|Static|ZapCannon,GrassKnot,FocusBlast,Protect|Timid||M|||50|]Ninetales-Alola||ChoiceScarf|SnowWarning|IcyWind,Blizzard,FreezeDry,Moonblast|Modest||F|||50|]Sneasler||FocusSash|PoisonTouch|FakeOut,PoisonJab,CloseCombat,QuickGuard|Jolly||M|||50|]Gholdengo||SitrusBerry|GoodasGold|MakeItRain,Hex,NastyPlot,Protect|Modest|||||50|]Garchomp||LifeOrb|RoughSkin|RockSlide,DragonClaw,Earthquake,Protect|Jolly||F|||50|]Staraptor||Staraptite|Intimidate|BraveBird,CloseCombat,Tailwind,Protect|Jolly||F|||50|
|inactive|Battle timer is ON: inactive players will automatically lose when time's up. (requested by linolino)
|
|t:|1783443652
|teamsize|p1|4
|teamsize|p2|4
|start
|switch|p1a: Sableye|Sableye, L50, F|100/100
|switch|p1b: Venusaur|Venusaur, L50, M|100/100
|switch|p2a: Sneasler|Sneasler, L50, M|100/100
|switch|p2b: Raichu|Raichu, L50, M|100/100
|turn|1
|
|t:|1783443671
|switch|p1b: Garchomp|Garchomp, L50, F|100/100
|detailschange|p2b: Raichu|Raichu-Mega-Y, L50, M
|-mega|p2b: Raichu|Raichu|Raichunite Y
|move|p2a: Sneasler|Fake Out|p1b: Garchomp
|-damage|p1b: Garchomp|87/100
|-damage|p2a: Sneasler|87/100|[from] ability: Rough Skin|[of] p1b: Garchomp
|-status|p1b: Garchomp|psn|[from] ability: Poison Touch|[of] p2a: Sneasler
|move|p1a: Sableye|Light Screen|p1a: Sableye
|-sidestart|p1: linolino|move: Light Screen
|move|p2b: Raichu|Zap Cannon|p1b: Garchomp
|-immune|p1b: Garchomp
|
|-damage|p1b: Garchomp|74/100 psn|[from] psn
|upkeep
|turn|2
|inactive|linolino has 30 seconds left.
|inactive|MammaMiaPik has 30 seconds left.
|inactive|linolino has 20 seconds left.
|
|t:|1783443710
|switch|p2a: Ninetales|Ninetales-Alola, L50, F|100/100
|-weather|Snowscape|[from] ability: Snow Warning|[of] p2a: Ninetales
|move|p2b: Raichu|Protect|p2b: Raichu
|-singleturn|p2b: Raichu|Protect
|move|p1a: Sableye|Will-O-Wisp|p2b: Raichu
|-activate|p2b: Raichu|move: Protect
|move|p1b: Garchomp|Stomping Tantrum|p2a: Ninetales
|-damage|p2a: Ninetales|52/100
|-damage|p1b: Garchomp|64/100 psn|[from] item: Life Orb
|
|-weather|Snowscape|[upkeep]
|-damage|p1b: Garchomp|52/100 psn|[from] psn
|upkeep
|turn|3
|j| farmerfromthecage
|
|t:|1783443731
|move|p1a: Sableye|Sunny Day|p1a: Sableye
|-weather|SunnyDay
|move|p2a: Ninetales|Freeze-Dry|p1b: Garchomp
|-supereffective|p1b: Garchomp|2
|-damage|p1b: Garchomp|0 fnt
|faint|p1b: Garchomp
|move|p2b: Raichu|Zap Cannon|p1a: Sableye
|-damage|p1a: Sableye|46/100
|-status|p1a: Sableye|par
|
|-weather|SunnyDay|[upkeep]
|upkeep
|
|t:|1783443737
|switch|p1b: Venusaur|Venusaur, L50, M|100/100
|turn|4
|
|t:|1783443756
|detailschange|p1b: Venusaur|Venusaur-Mega, L50, M
|-mega|p1b: Venusaur|Venusaur|Venusaurite
|move|p2b: Raichu|Protect|p2b: Raichu
|-singleturn|p2b: Raichu|Protect
|move|p1a: Sableye|Will-O-Wisp|p2a: Ninetales
|-status|p2a: Ninetales|brn
|move|p2a: Ninetales|Freeze-Dry|p1b: Venusaur
|-supereffective|p1b: Venusaur|1
|-damage|p1b: Venusaur|84/100
|move|p1b: Venusaur|Earth Power|p2b: Raichu
|-activate|p2b: Raichu|move: Protect
|
|-weather|SunnyDay|[upkeep]
|-damage|p2a: Ninetales|46/100 brn|[from] brn
|upkeep
|turn|5
|
|t:|1783443773
|move|p1a: Sableye|Will-O-Wisp|p2b: Raichu
|-status|p2b: Raichu|brn
|move|p2a: Ninetales|Freeze-Dry|p1b: Venusaur
|-supereffective|p1b: Venusaur|1
|-damage|p1b: Venusaur|68/100
|move|p2b: Raichu|Zap Cannon|p1b: Venusaur
|-resisted|p1b: Venusaur|1
|-damage|p1b: Venusaur|50/100g
|-status|p1b: Venusaur|par
|move|p1b: Venusaur|Giga Drain|p2a: Ninetales
|-damage|p2a: Ninetales|1/100 brn
|-heal|p1b: Venusaur|68/100 par|[from] drain|[of] p2a: Ninetales
|
|-weather|SunnyDay|[upkeep]
|-damage|p2a: Ninetales|0 fnt|[from] brn
|faint|p2a: Ninetales
|-damage|p2b: Raichu|94/100 brn|[from] brn
|upkeep
|l| farmerfromthecage
|
|t:|1783443786
|switch|p2a: Gholdengo|Gholdengo, L50|100/100
|turn|6
|inactive|MammaMiaPik has 30 seconds left.
|
|t:|1783443818
|move|p2b: Raichu|Zap Cannon|p1a: Sableye
|-crit|p1a: Sableye
|-damage|p1a: Sableye|0 fnt
|faint|p1a: Sableye
|move|p2a: Gholdengo|Hex|p1b: Venusaur
|-damage|p1b: Venusaur|28/100 par
|cant|p1b: Venusaur|par
|
|-weather|SunnyDay|[upkeep]
|-damage|p2b: Raichu|88/100 brn|[from] brn
|upkeep
|
|t:|1783443827
|switch|p1a: Torkoal|Torkoal, L50, M|100/100
|turn|7
|
|t:|1783443846
|move|p2b: Raichu|Zap Cannon|p1a: Torkoal
|-damage|p1a: Torkoal|47/100
|-status|p1a: Torkoal|par
|move|p2a: Gholdengo|Hex|p1a: Torkoal
|-damage|p1a: Torkoal|0 fnt
|faint|p1a: Torkoal
|move|p1b: Venusaur|Earth Power|p2b: Raichu
|-supereffective|p2b: Raichu|1
|-damage|p2b: Raichu|0 fnt
|faint|p2b: Raichu
|
|-weather|none
|upkeep
|
|t:|1783443860
|switch|p2b: Sneasler|Sneasler, L50, M|87/100
|turn|8
|-message|linolino forfeited.
|raw|linolino's rating: 1077 → 1051(-26 for losing)
|raw|MammaMiaPik's rating: 1000 → 1049(+49 for winning)
|
|win|MammaMiaPik
|l|☆linolino
|player|p1|
