|j|‽qliphort27
|j|☆axcoquette
|html|qliphort27axcoquette    
|uhtml|bestof|Game 2 of a best-of-3
|t:|1783913343
|gametype|doubles
|player|p1|qliphort27|fisherman-gen4|1145
|player|p2|axcoquette|maid|1177
|gen|9
|tier|[Gen 9 Champions] VGC 2026 Reg M-B (Bo3)
|rated|
|rule|Species Clause: Limit one of each Pokémon
|rule|Item Clause: Limit 1 of each item
|clearpoke
|poke|p1|Medicham, L50, M|
|poke|p1|Gholdengo, L50|
|poke|p1|Incineroar, L50, F|
|poke|p1|Farigiraf, L50, F|
|poke|p1|Whimsicott, L50, F|
|poke|p1|Glimmora, L50, M|
|poke|p2|Floette-Eternal, L50, F|
|poke|p2|Charizard, L50, F|
|poke|p2|Kingambit, L50, F|
|poke|p2|Basculegion, L50, M|
|poke|p2|Garchomp, L50, M|
|poke|p2|Whimsicott, L50, M|
|teampreview|4
|showteam|p1|Medicham||Medichamite|PurePower|CloseCombat,ZenHeadbutt,IcePunch,Detect|Jolly||M|||50|]Gholdengo||LifeOrb|GoodasGold|MakeItRain,ShadowBall,PowerGem,Protect|Timid|||||50|]Incineroar||SitrusBerry|Intimidate|DarkestLariat,PartingShot,FlareBlitz,FakeOut|Careful||F|||50|]Farigiraf||Leftovers|ArmorTail|PsychicFangs,HelpingHand,Thunderbolt,TrickRoom|Calm||F|||50|]Whimsicott||FocusSash|Prankster|WorrySeed,Moonblast,Tailwind,Encore|Modest||F|||50|]Glimmora||Glimmoranite|ToxicDebris|SludgeBomb,EnergyBall,PowerGem,Protect|Timid||M|||50|
|showteam|p2|Floette-Eternal||Floettite|FlowerVeil|Moonblast,DrainingKiss,CalmMind,Protect|Timid||F|||50|]Charizard||CharizarditeY|Blaze|SolarBeam,HeatWave,WeatherBall,Protect|Modest||F|||50|]Kingambit||BlackGlasses|Defiant|IronHead,Protect,KowtowCleave,SuckerPunch|Adamant||F|||50|]Basculegion||MysticWater|Adaptability|WaveCrash,Protect,LastRespects,AquaJet|Serious||M|||50|]Garchomp||LifeOrb|RoughSkin|Earthquake,RockSlide,Protect,DragonClaw|Adamant||M|||50|]Whimsicott||FocusSash|Prankster|Moonblast,Tailwind,Encore,Protect|Timid||M|||50|
|inactive|Battle timer is ON: inactive players will automatically lose when time's up. (requested by axcoquette)
|inactive|qliphort27 has 60 seconds left.
|
|t:|1783913375
|teamsize|p1|4
|teamsize|p2|4
|start
|switch|p1a: Medicham|Medicham, L50, M|100/100
|switch|p1b: Whimsicott|Whimsicott, L50, F|100/100
|switch|p2a: Charizard|Charizard, L50, F|100/100
|switch|p2b: Garchomp|Garchomp, L50, M|100/100
|turn|1
|inactive|qliphort27 has 30 seconds left.
|inactive|qliphort27 has 20 seconds left.
|inactive|qliphort27 has 15 seconds left.
|
|t:|1783913415
|switch|p2b: Basculegion|Basculegion, L50, M|100/100
|detailschange|p2a: Charizard|Charizard-Mega-Y, L50, F
|-mega|p2a: Charizard|Charizard|Charizardite Y
|-weather|SunnyDay|[from] ability: Drought|[of] p2a: Charizard
|move|p1a: Medicham|Detect|p1a: Medicham
|-singleturn|p1a: Medicham|Protect
|move|p1b: Whimsicott|Tailwind|p1b: Whimsicott
|-sidestart|p1: qliphort27|move: Tailwind
|move|p2a: Charizard|Heat Wave|p1b: Whimsicott|[spread] p1b
|-activate|p1a: Medicham|move: Protect
|-supereffective|p1b: Whimsicott|1
|-enditem|p1b: Whimsicott|Focus Sash
|-damage|p1b: Whimsicott|1/100
|
|-weather|SunnyDay|[upkeep]
|upkeep
|turn|2
|inactive|qliphort27 has 30 seconds left.
|inactive|qliphort27 has 20 seconds left.
|inactive|qliphort27 has 15 seconds left.
|inactive|qliphort27 has 10 seconds left.
|
|t:|1783913462
|detailschange|p1a: Medicham|Medicham-Mega, L50, M
|-mega|p1a: Medicham|Medicham|Medichamite
|move|p1b: Whimsicott|Moonblast|p2a: Charizard
|-resisted|p2a: Charizard|1
|-damage|p2a: Charizard|82/100
|move|p1a: Medicham|Zen Headbutt|p2b: Basculegion
|-damage|p2b: Basculegion|20/100y
|move|p2a: Charizard|Heat Wave|p1a: Medicham|[spread] p1a,p1b
|-supereffective|p1b: Whimsicott|1
|-damage|p1a: Medicham|0 fnt
|-damage|p1b: Whimsicott|0 fnt
|faint|p1a: Medicham
|faint|p1b: Whimsicott
|cant|p2b: Basculegion|flinch
|
|-weather|SunnyDay|[upkeep]
|upkeep
|
|t:|1783913470
|switch|p1b: Farigiraf|Farigiraf, L50, F|100/100
|switch|p1a: Gholdengo|Gholdengo, L50|100/100
|turn|3
|inactive|axcoquette has 30 seconds left.
|
|t:|1783913496
|switch|p2b: Whimsicott|Whimsicott, L50, M|100/100
|move|p2a: Charizard|Protect|p2a: Charizard
|-singleturn|p2a: Charizard|Protect
|move|p1a: Gholdengo|Power Gem|p2a: Charizard
|-activate|p2a: Charizard|move: Protect
|move|p1b: Farigiraf|Thunderbolt|p2b: Whimsicott
|-resisted|p2b: Whimsicott|1
|-damage|p2b: Whimsicott|82/100
|
|-weather|SunnyDay|[upkeep]
|upkeep
|turn|4
|
|t:|1783913520
|switch|p2a: Basculegion|Basculegion, L50, M|20/100y
|move|p2b: Whimsicott|Tailwind|p2b: Whimsicott
|-sidestart|p2: axcoquette|move: Tailwind
|move|p1a: Gholdengo|Make It Rain|p2a: Basculegion|[spread] p2a,p2b
|-resisted|p2a: Basculegion|1
|-supereffective|p2b: Whimsicott|1
|-damage|p2a: Basculegion|0 fnt
|-damage|p2b: Whimsicott|0 fnt
|-unboost|p1a: Gholdengo|spa|2
|faint|p2a: Basculegion
|faint|p2b: Whimsicott
|-damage|p1a: Gholdengo|90/100|[from] item: Life Orb
|move|p1b: Farigiraf|Psychic Fangs|p2: Basculegion|[notarget]
|-fail|p1b: Farigiraf
|
|-weather|SunnyDay|[upkeep]
|-sideend|p1: qliphort27|move: Tailwind
|upkeep
|
|t:|1783913534
|switch|p2b: Garchomp|Garchomp, L50, M|100/100
|switch|p2a: Charizard|Charizard-Mega-Y, L50, F|82/100
|turn|5
|
|t:|1783913554
|move|p2b: Garchomp|Earthquake|p1b: Farigiraf|[spread] p1a,p1b
|-immune|p2a: Charizard
|-supereffective|p1a: Gholdengo|1
|-crit|p1a: Gholdengo
|-damage|p1a: Gholdengo|0 fnt
|-damage|p1b: Farigiraf|52/100
|faint|p1a: Gholdengo
|-damage|p2b: Garchomp|90/100|[from] item: Life Orb
|move|p2a: Charizard|Heat Wave|p1b: Farigiraf
|-damage|p1b: Farigiraf|0 fnt
|faint|p1b: Farigiraf
|
|win|axcoquette
