|j|☆Urkfkfkfk
|j|☆master 792
|html|Urkfkfkfkmaster 792    
|uhtml|bestof|Game 2 of a best-of-3
|t:|1784571648
|gametype|doubles
|player|p1|Urkfkfkfk|bellelba|1133
|player|p2|master 792|red|1231
|gen|9
|tier|[Gen 9 Champions] VGC 2026 Reg M-B (Bo3)
|rated|
|rule|Species Clause: Limit one of each Pokémon
|rule|Item Clause: Limit 1 of each item
|clearpoke
|poke|p1|Toxicroak, L50, F|
|poke|p1|Politoed, L50, F|
|poke|p1|Blastoise, L50, F|
|poke|p1|Maushold, L50|
|poke|p1|Sableye, L50, M|
|poke|p1|Archaludon, L50, F|
|poke|p2|Charizard, L50, M|
|poke|p2|Farigiraf, L50, F, shiny|
|poke|p2|Garchomp, L50, F, shiny|
|poke|p2|Aerodactyl, L50, M, shiny|
|poke|p2|Sylveon, L50, F, shiny|
|poke|p2|Kingambit, L50, M, shiny|
|teampreview|4
|showteam|p1|Toxicroak||Leftovers|DrySkin|CloseCombat,GunkShot,SuckerPunch,Protect|Jolly||F|||50|]Politoed||LifeOrb|Drizzle|EarthPower,WeatherBall,IceBeam,Protect|Modest||F|||50|]Blastoise||Blastoisinite|RainDish|DragonPulse,AuraSphere,WaterSpout,Protect|Modest||F|||50|]Maushold||FocusSash|FriendGuard|FollowMe,Encore,PopulationBomb,Protect|Jolly|||||50|]Sableye||Sablenite|Prankster|ThunderWave,Disable,Quash,GyroBall|Sassy||M|||50|]Archaludon||ChopleBerry|Stamina|ElectroShot,DragonPulse,FlashCannon,Protect|Timid||F|||50|
|showteam|p2|Charizard||CharizarditeY|Blaze|HeatWave,WeatherBall,SolarBeam,Protect|Modest||M|||50|]Farigiraf||SitrusBerry|ArmorTail|PsychicFangs,Thunderbolt,TrickRoom,SunnyDay|Relaxed||F|||50|]Garchomp||LifeOrb|SandVeil|DragonClaw,Earthquake,StompingTantrum,Protect|Adamant||F|||50|]Aerodactyl||Aerodactylite|Unnerve|RockSlide,Tailwind,DualWingbeat,IceFang|Jolly||M|||50|]Sylveon||FairyFeather|Pixilate|HyperVoice,HyperBeam,QuickAttack,Protect|Modest||F|||50|]Kingambit||FocusSash|Defiant|KowtowCleave,IronHead,SuckerPunch,LowKick|Adamant||M|||50|
|inactive|Battle timer is ON: inactive players will automatically lose when time's up. (requested by Urkfkfkfk)
|
|t:|1784571666
|teamsize|p1|4
|teamsize|p2|4
|start
|switch|p1a: Sableye|Sableye, L50, M|100/100
|switch|p1b: Archaludon|Archaludon, L50, F|100/100
|switch|p2a: Su|Farigiraf, L50, F, shiny|100/100
|switch|p2b: Narty|Garchomp, L50, F, shiny|100/100
|turn|1
|
|t:|1784571680
|detailschange|p1a: Sableye|Sableye-Mega, L50, M
|-mega|p1a: Sableye|Sableye|Sablenite
|move|p1b: Archaludon|Dragon Pulse|p2b: Narty
|-supereffective|p2b: Narty|1
|-damage|p2b: Narty|2/100
|move|p2b: Narty|Stomping Tantrum|p1b: Archaludon
|-supereffective|p1b: Archaludon|1
|-damage|p1b: Archaludon|11/100
|-ability|p1b: Archaludon|Stamina|boost
|-boost|p1b: Archaludon|def|1
|-damage|p2b: Narty|0 fnt|[from] item: Life Orb
|faint|p2b: Narty
|move|p1a: Sableye|Quash|p2a: Su
|-activate|p2a: Su|move: Quash
|move|p2a: Su|Trick Room|p2a: Su
|-fieldstart|move: Trick Room|[of] p2a: Su
|
|upkeep
|
|t:|1784571694
|switch|p2b: Lizard|Charizard, L50, M|100/100
|turn|2
|
|t:|1784571703
|detailschange|p2b: Lizard|Charizard-Mega-Y, L50, M
|-mega|p2b: Lizard|Charizard|Charizardite Y
|-weather|SunnyDay|[from] ability: Drought|[of] p2b: Lizard
|move|p1a: Sableye|Quash|p2a: Su
|-activate|p2a: Su|move: Quash
|move|p2b: Lizard|Heat Wave|p1b: Archaludon|[spread] p1a
|-miss|p2b: Lizard|p1b: Archaludon
|-damage|p1a: Sableye|47/100
|-status|p1a: Sableye|brn
|move|p1b: Archaludon|Dragon Pulse|p2b: Lizard
|-damage|p2b: Lizard|60/100
|move|p2a: Su|Sunny Day||[still]
|-fail|p2a: Su
|
|-weather|SunnyDay|[upkeep]
|-damage|p1a: Sableye|42/100 brn|[from] brn
|upkeep
|turn|3
|inactive|Urkfkfkfk has 30 seconds left.
|
|t:|1784571730
|move|p1b: Archaludon|Protect|p1b: Archaludon
|-singleturn|p1b: Archaludon|Protect
|move|p1a: Sableye|Thunder Wave|p2a: Su
|-status|p2a: Su|par
|move|p2a: Su|Sunny Day||[still]
|-fail|p2a: Su
|move|p2b: Lizard|Heat Wave|p1b: Archaludon|[spread] p1a
|-activate|p1b: Archaludon|move: Protect
|-damage|p1a: Sableye|0 fnt
|faint|p1a: Sableye
|
|-weather|SunnyDay|[upkeep]
|upkeep
|
|t:|1784571745
|switch|p1a: Politoed|Politoed, L50, F|100/100
|-weather|RainDance|[from] ability: Drizzle|[of] p1a: Politoed
|turn|4
|
|t:|1784571761
|move|p2b: Lizard|Protect|p2b: Lizard
|-singleturn|p2b: Lizard|Protect
|move|p2a: Su|Sunny Day|p2a: Su
|-weather|SunnyDay
|move|p1a: Politoed|Ice Beam|p2b: Lizard
|-activate|p2b: Lizard|move: Protect
|move|p1b: Archaludon|Dragon Pulse|p2a: Su
|-damage|p2a: Su|61/100 par
|
|-weather|SunnyDay|[upkeep]
|upkeep
|turn|5
|
|t:|1784571777
|move|p1b: Archaludon|Protect|p1b: Archaludon
|-singleturn|p1b: Archaludon|Protect
|move|p2a: Su|Thunderbolt|p1a: Politoed
|-supereffective|p1a: Politoed|1
|-damage|p1a: Politoed|56/100
|-status|p1a: Politoed|par
|move|p1a: Politoed|Weather Ball|p2a: Su
|-crit|p2a: Su
|-damage|p2a: Su|0 fnt
|faint|p2a: Su
|-damage|p1a: Politoed|46/100 par|[from] item: Life Orb
|move|p2b: Lizard|Heat Wave|p1a: Politoed|[spread] p1a
|-activate|p1b: Archaludon|move: Protect
|-resisted|p1a: Politoed|1
|-damage|p1a: Politoed|20/100y par
|
|-weather|SunnyDay|[upkeep]
|-fieldend|move: Trick Room
|upkeep
|
|t:|1784571783
|switch|p2a: Moon|Sylveon, L50, F, shiny|100/100
|turn|6
|inactive|Urkfkfkfk has 30 seconds left.
|inactive|Urkfkfkfk has 20 seconds left.
|
|t:|1784571819
|switch|p1b: Toxicroak|Toxicroak, L50, F|100/100
|move|p2b: Lizard|Heat Wave|p1a: Politoed|[spread] p1a,p1b
|-resisted|p1a: Politoed|1
|-damage|p1a: Politoed|0 fnt
|-damage|p1b: Toxicroak|0 fnt
|faint|p1a: Politoed
|faint|p1b: Toxicroak
|move|p2a: Moon|Hyper Voice|p1: Politoed|[notarget]
|-fail|p2a: Moon
|
|-weather|SunnyDay|[upkeep]
|upkeep
|inactive|Urkfkfkfk has 30 seconds left.
|-message|Urkfkfkfk forfeited.
|raw|Urkfkfkfk's rating: 1133 → 1115(-18 for losing)
|raw|master 792's rating: 1231 → 1249(+18 for winning)
|
|win|master 792
|l|☆Urkfkfkfk
|player|p1|
