|j|☆GS Barnabe
|j|☆lobitooooo
|html|GS Barnabelobitooooo    
|uhtml|bestof|Game 1 of a best-of-3
|t:|1785628960
|gametype|doubles
|player|p1|GS Barnabe|1|1154
|player|p2|lobitooooo|linebacker|1162
|gen|9
|tier|[Gen 9 Champions] VGC 2026 Reg M-B (Bo3)
|rated|
|rule|Species Clause: Limit one of each Pokémon
|rule|Item Clause: Limit 1 of each item
|clearpoke
|poke|p1|Meowstic, L50, M|
|poke|p1|Tyranitar, L50, F|
|poke|p1|Scovillain, L50, M|
|poke|p1|Houndstone, L50, M|
|poke|p1|Rotom-Wash, L50|
|poke|p1|Aerodactyl, L50, M|
|poke|p2|Garchomp, L50, F|
|poke|p2|Tyranitar, L50, M|
|poke|p2|Corviknight, L50, F|
|poke|p2|Scizor, L50, F|
|poke|p2|Basculegion, L50, M|
|poke|p2|Sneasler, L50, F|
|teampreview|4
|showteam|p1|Meowstic||LightClay|Prankster|FakeOut,Reflect,LightScreen,PsychicNoise|Bold||M|||50|]Tyranitar||ChoiceScarf|SandStream|RockSlide,KnockOff,IcePunch,Superpower|Jolly||F|||50|]Scovillain||Scovillainite|Moody|Overheat,LeechSeed,RagePowder,Protect|Calm||M|||50|]Houndstone||SitrusBerry|SandRush|LastRespects,Disable,AllySwitch,Protect|Adamant||M|||50|]Rotom-Wash||Leftovers|Levitate|HydroPump,VoltSwitch,WillOWisp,Protect|Calm|||||50|]Aerodactyl||Aerodactylite|RockHead|RockSlide,DualWingbeat,Tailwind,Protect|Jolly||M|||50|
|showteam|p2|Garchomp||Garchompite|RoughSkin|EarthPower,Protect,DracoMeteor,PowerGem|Modest||F|||50|]Tyranitar||ChoiceScarf|SandStream|Superpower,IcePunch,RockSlide,KnockOff|Jolly||M|||50|]Corviknight||Leftovers|MirrorArmor|Protect,IronHead,Tailwind,BraveBird|Impish||F|||50|]Scizor||LifeOrb|Technician|Protect,SwordsDance,BugBite,BulletPunch|Adamant||F|||50|]Basculegion||SitrusBerry|Adaptability|AquaJet,Protect,LastRespects,WaveCrash|Jolly||M|||50|]Sneasler||FocusSash|PoisonTouch|PoisonJab,FakeOut,CloseCombat,Protect|Jolly||F|||50|
|
|t:|1785628992
|teamsize|p1|4
|teamsize|p2|4
|start
|switch|p1a: Aerodactyl|Aerodactyl, L50, M|100/100
|switch|p1b: Rotom|Rotom-Wash, L50|100/100
|switch|p2a: Scizor|Scizor, L50, F|100/100
|switch|p2b: Sneasler|Sneasler, L50, F|100/100
|turn|1
|
|t:|1785629011
|detailschange|p1a: Aerodactyl|Aerodactyl-Mega, L50, M
|-mega|p1a: Aerodactyl|Aerodactyl|Aerodactylite
|move|p2b: Sneasler|Fake Out|p1b: Rotom
|-damage|p1b: Rotom|83/100
|move|p2a: Scizor|Bullet Punch|p1a: Aerodactyl
|-supereffective|p1a: Aerodactyl|1
|-damage|p1a: Aerodactyl|0 fnt
|faint|p1a: Aerodactyl
|-damage|p2a: Scizor|90/100|[from] item: Life Orb
|cant|p1b: Rotom|flinch
|
|-heal|p1b: Rotom|89/100|[from] item: Leftovers
|upkeep
|inactive|Battle timer is ON: inactive players will automatically lose when time's up. (requested by lobitooooo)
|
|t:|1785629028
|switch|p1a: Tyranitar|Tyranitar, L50, F|100/100
|-weather|Sandstorm|[from] ability: Sand Stream|[of] p1a: Tyranitar
|turn|2
|
|t:|1785629039
|switch|p2b: Corviknight|Corviknight, L50, F|100/100
|switch|p1a: Houndstone|Houndstone, L50, M|100/100
|move|p1b: Rotom|Will-O-Wisp|p2a: Scizor
|-status|p2a: Scizor|brn
|move|p2a: Scizor|Swords Dance|p2a: Scizor
|-boost|p2a: Scizor|atk|2
|
|-weather|Sandstorm|[upkeep]
|-damage|p1b: Rotom|83/100|[from] Sandstorm
|-heal|p1b: Rotom|89/100|[from] item: Leftovers
|-damage|p2a: Scizor|84/100 brn|[from] brn
|upkeep
|turn|3
|inactive|GS Barnabe has 30 seconds left.
|
|t:|1785629065
|move|p1a: Houndstone|Last Respects|p2a: Scizor
|-crit|p2a: Scizor
|-damage|p2a: Scizor|22/100 brn
|move|p1b: Rotom|Volt Switch|p2b: Corviknight
|-supereffective|p2b: Corviknight|1
|-damage|p2b: Corviknight|58/100
|
|t:|1785629072
|switch|p1b: Tyranitar|Tyranitar, L50, F|100/100|[from] Volt Switch
|move|p2b: Corviknight|Tailwind|p2b: Corviknight
|-sidestart|p2: lobitooooo|move: Tailwind
|move|p2a: Scizor|Swords Dance|p2a: Scizor
|-boost|p2a: Scizor|atk|2
|
|-weather|Sandstorm|[upkeep]
|-heal|p2b: Corviknight|63/100|[from] item: Leftovers
|-damage|p2a: Scizor|17/100 brn|[from] brn
|upkeep
|turn|4
|
|t:|1785629094
|switch|p1b: Rotom|Rotom-Wash, L50|89/100
|move|p2a: Scizor|Bullet Punch|p1b: Rotom
|-resisted|p1b: Rotom|2
|-damage|p1b: Rotom|71/100
|-damage|p2a: Scizor|7/100 brn|[from] item: Life Orb
|move|p1a: Houndstone|Last Respects|p2a: Scizor
|-damage|p2a: Scizor|0 fnt
|faint|p2a: Scizor
|move|p2b: Corviknight|Brave Bird|p1a: Houndstone
|-damage|p1a: Houndstone|61/100
|-damage|p2b: Corviknight|53/100|[from] Recoil
|
|-weather|Sandstorm|[upkeep]
|-damage|p1b: Rotom|66/100|[from] Sandstorm
|-heal|p2b: Corviknight|59/100|[from] item: Leftovers
|-heal|p1b: Rotom|71/100|[from] item: Leftovers
|upkeep
|
|t:|1785629112
|switch|p2a: Garchomp|Garchomp, L50, F|100/100
|turn|5
|
|t:|1785629129
|detailschange|p2a: Garchomp|Garchomp-Mega, L50, F
|-mega|p2a: Garchomp|Garchomp|Garchompite
|move|p2a: Garchomp|Power Gem|p1b: Rotom
|-damage|p1b: Rotom|38/100
|move|p1a: Houndstone|Last Respects|p2b: Corviknight
|-damage|p2b: Corviknight|26/100
|move|p2b: Corviknight|Brave Bird|p1a: Houndstone
|-damage|p1a: Houndstone|29/100
|-enditem|p1a: Houndstone|Sitrus Berry|[eat]
|-heal|p1a: Houndstone|53/100|[from] item: Sitrus Berry
|-damage|p2b: Corviknight|17/100|[from] Recoil
|move|p1b: Rotom|Will-O-Wisp|p2a: Garchomp
|-status|p2a: Garchomp|brn
|
|-weather|Sandstorm|[upkeep]
|-damage|p1b: Rotom|32/100|[from] Sandstorm
|-heal|p2b: Corviknight|22/100|[from] item: Leftovers
|-heal|p1b: Rotom|38/100|[from] item: Leftovers
|-damage|p2a: Garchomp|93/100 brn|[from] brn
|upkeep
|turn|6
|inactive|GS Barnabe has 30 seconds left.
|inactive|lobitooooo has 30 seconds left.
|
|t:|1785629160
|move|p2b: Corviknight|Protect|p2b: Corviknight
|-singleturn|p2b: Corviknight|Protect
|move|p2a: Garchomp|Draco Meteor|p1a: Houndstone
|-damage|p1a: Houndstone|0 fnt
|-unboost|p2a: Garchomp|spa|2
|faint|p1a: Houndstone
|move|p1b: Rotom|Volt Switch|p2b: Corviknight
|-activate|p2b: Corviknight|move: Protect
|
|-weather|none
|-heal|p2b: Corviknight|28/100|[from] item: Leftovers
|-heal|p1b: Rotom|44/100|[from] item: Leftovers
|-damage|p2a: Garchomp|87/100 brn|[from] brn
|-sideend|p2: lobitooooo|move: Tailwind
|upkeep
|
|t:|1785629175
|switch|p1a: Tyranitar|Tyranitar, L50, F|100/100
|-weather|Sandstorm|[from] ability: Sand Stream|[of] p1a: Tyranitar
|turn|7
|
|t:|1785629193
|switch|p2a: Sneasler|Sneasler, L50, F|100/100
|move|p1a: Tyranitar|Ice Punch|p2a: Sneasler
|-crit|p2a: Sneasler
|-damage|p2a: Sneasler|36/100
|move|p1b: Rotom|Hydro Pump|p2a: Sneasler
|-damage|p2a: Sneasler|0 fnt
|faint|p2a: Sneasler
|move|p2b: Corviknight|Tailwind|p2b: Corviknight
|-sidestart|p2: lobitooooo|move: Tailwind
|
|-weather|Sandstorm|[upkeep]
|-damage|p1b: Rotom|38/100|[from] Sandstorm
|-heal|p2b: Corviknight|34/100|[from] item: Leftovers
|-heal|p1b: Rotom|44/100|[from] item: Leftovers
|upkeep
|
|t:|1785629208
|switch|p2a: Garchomp|Garchomp-Mega, L50, F|87/100 brn
|turn|8
|
|t:|1785629219
|move|p2a: Garchomp|Earth Power|p1a: Tyranitar
|-supereffective|p1a: Tyranitar|1
|-damage|p1a: Tyranitar|10/100
|move|p1a: Tyranitar|Ice Punch|p2a: Garchomp
|-supereffective|p2a: Garchomp|2
|-damage|p2a: Garchomp|1/100 brn
|move|p2b: Corviknight|Iron Head|p1a: Tyranitar
|-supereffective|p1a: Tyranitar|1
|-damage|p1a: Tyranitar|0 fnt
|faint|p1a: Tyranitar
|move|p1b: Rotom|Volt Switch|p2b: Corviknight
|-supereffective|p2b: Corviknight|1
|-damage|p2b: Corviknight|0 fnt
|faint|p2b: Corviknight
|
|-weather|Sandstorm|[upkeep]
|-damage|p1b: Rotom|38/100|[from] Sandstorm
|-heal|p1b: Rotom|44/100|[from] item: Leftovers
|-damage|p2a: Garchomp|0 fnt|[from] brn
|faint|p2a: Garchomp
|
|win|GS Barnabe
|inactive|GS Barnabe has 30 seconds to confirm battle start!
|inactive|lobitooooo has 30 seconds to confirm battle start!
