|j|☆standardamerican
|j|☆jgm1234
|html|standardamericanjgm1234    
|uhtml|bestof|Game 1 of a best-of-3
|t:|1784799454
|gametype|doubles
|player|p1|standardamerican|169|1194
|player|p2|jgm1234|emmet|1368
|gen|9
|tier|[Gen 9 Champions] VGC 2026 Reg M-B (Bo3)
|rated|
|rule|Species Clause: Limit one of each Pokémon
|rule|Item Clause: Limit 1 of each item
|clearpoke
|poke|p1|Sinistcha, L50|
|poke|p1|Incineroar, L50, M|
|poke|p1|Milotic, L50, F|
|poke|p1|Raichu, L50, F|
|poke|p1|Gardevoir, L50, M|
|poke|p1|Ceruledge, L50, F|
|poke|p2|Grimmsnarl, L50, M|
|poke|p2|Swampert, L50, F|
|poke|p2|Pelipper, L50, F|
|poke|p2|Archaludon, L50, F|
|poke|p2|Sinistcha, L50|
|poke|p2|Metagross, L50|
|teampreview|4
|showteam|p1|Sinistcha||KasibBerry|Hospitality|MatchaGotcha,Imprison,RagePowder,Protect|Bold|||||50|]Incineroar||SitrusBerry|Intimidate|FlareBlitz,DarkestLariat,FakeOut,PartingShot|Careful||M|||50|]Milotic||Leftovers|Competitive|MuddyWater,Coil,Hypnosis,Protect|Calm||F|||50|]Raichu||RaichuniteY|LightningRod|ZapCannon,FocusBlast,FakeOut,Protect|Timid||F|||50|]Gardevoir||Gardevoirite|Trace|HyperVoice,Psyshock,TrickRoom,Protect|Modest||M|||50|]Ceruledge||ColburBerry|FlashFire|BitterBlade,ShadowSneak,BulkUp,Protect|Adamant||F|||50|
|showteam|p2|Grimmsnarl||LightClay|Prankster|FoulPlay,PartingShot,LightScreen,Reflect|Calm||M|||50|]Swampert||Swampertite|Damp|Protect,IcePunch,WaveCrash,Earthquake|Adamant||F|||50|]Pelipper||SitrusBerry|Drizzle|WideGuard,Tailwind,WeatherBall,Hurricane|Modest||F|||50|]Archaludon||Leftovers|Stamina|Protect,ElectroShot,FlashCannon,DragonPulse|Modest||F|||50|]Sinistcha||ColburBerry|Hospitality|Protect,TrickRoom,MatchaGotcha,RagePowder|Relaxed|||||50|]Metagross||Metagrossite|ClearBody|Protect,BodyPress,PsychicFangs,IronHead|Jolly|||||50|
|inactive|Battle timer is ON: inactive players will automatically lose when time's up. (requested by jgm1234)
|inactive|standardamerican has 60 seconds left.
|
|t:|1784799512
|teamsize|p1|4
|teamsize|p2|4
|start
|switch|p1a: Sinistcha|Sinistcha, L50|100/100
|switch|p1b: Milotic|Milotic, L50, F|100/100
|switch|p2a: Swampert|Swampert, L50, F|100/100
|switch|p2b: Pelipper|Pelipper, L50, F|100/100
|-weather|RainDance|[from] ability: Drizzle|[of] p2b: Pelipper
|turn|1
|
|t:|1784799533
|switch|p2a: Archaludon|Archaludon, L50, F|100/100
|switch|p1a: Incineroar|Incineroar, L50, M|100/100
|-ability|p1a: Incineroar|Intimidate|boost
|-unboost|p2a: Archaludon|atk|1
|-unboost|p2b: Pelipper|atk|1
|move|p1b: Milotic|Coil|p1b: Milotic
|-boost|p1b: Milotic|atk|1
|-boost|p1b: Milotic|def|1
|-boost|p1b: Milotic|accuracy|1
|move|p2b: Pelipper|Hurricane|p1a: Incineroar
|-damage|p1a: Incineroar|67/100
|
|-weather|RainDance|[upkeep]
|upkeep
|turn|2
|inactive|standardamerican has 30 seconds left.
|
|t:|1784799559
|switch|p2b: Grimmsnarl|Grimmsnarl, L50, M|100/100
|switch|p1a: Raichu|Raichu, L50, F|100/100
|move|p2a: Archaludon|Electro Shot||[still]
|-activate|p1a: Raichu|ability: Lightning Rod
|-prepare|p2a: Archaludon|Electro Shot
|-boost|p2a: Archaludon|spa|1
|-anim|p2a: Archaludon|Electro Shot|p1a: Raichu
|-ability|p1a: Raichu|Lightning Rod|boost
|-boost|p1a: Raichu|spa|1
|move|p1b: Milotic|Hypnosis|p2a: Archaludon
|-status|p2a: Archaludon|slp|[from] move: Hypnosis
|
|-weather|RainDance|[upkeep]
|upkeep
|turn|3
|inactive|standardamerican has 30 seconds left.
|
|t:|1784799593
|switch|p2a: Swampert|Swampert, L50, F|100/100
|detailschange|p1a: Raichu|Raichu-Mega-Y, L50, F
|-mega|p1a: Raichu|Raichu|Raichunite Y
|move|p2b: Grimmsnarl|Light Screen|p2b: Grimmsnarl
|-sidestart|p2: jgm1234|move: Light Screen
|move|p1a: Raichu|Focus Blast|p2a: Swampert
|-damage|p2a: Swampert|58/100
|move|p1b: Milotic|Coil|p1b: Milotic
|-boost|p1b: Milotic|atk|1
|-boost|p1b: Milotic|def|1
|-boost|p1b: Milotic|accuracy|1
|
|-weather|RainDance|[upkeep]
|upkeep
|turn|4
|j| probboffet yt3
|inactive|standardamerican has 30 seconds left.
|
|t:|1784799621
|move|p1a: Raichu|Protect|p1a: Raichu
|-singleturn|p1a: Raichu|Protect
|move|p2a: Swampert|Protect|p2a: Swampert
|-singleturn|p2a: Swampert|Protect
|move|p2b: Grimmsnarl|Reflect|p2b: Grimmsnarl
|-sidestart|p2: jgm1234|Reflect
|move|p1b: Milotic|Hypnosis|p2a: Swampert
|-activate|p2a: Swampert|move: Protect
|
|-weather|RainDance|[upkeep]
|upkeep
|turn|5
|
|t:|1784799641
|switch|p1a: Sinistcha|Sinistcha, L50|100/100
|switch|p2b: Archaludon|Archaludon, L50, F|100/100 slp
|detailschange|p2a: Swampert|Swampert-Mega, L50, F
|-mega|p2a: Swampert|Swampert|Swampertite
|move|p2a: Swampert|Wave Crash|p1a: Sinistcha
|-resisted|p1a: Sinistcha|1
|-damage|p1a: Sinistcha|51/100
|-damage|p2a: Swampert|43/100|[from] Recoil
|move|p1b: Milotic|Hypnosis|p2a: Swampert
|-status|p2a: Swampert|slp|[from] move: Hypnosis
|
|-weather|none
|upkeep
|turn|6
|inactive|standardamerican has 30 seconds left.
|
|t:|1784799667
|switch|p2a: Grimmsnarl|Grimmsnarl, L50, M|100/100
|switch|p1b: Raichu|Raichu-Mega-Y, L50, F|100/100
|cant|p2b: Archaludon|slp
|move|p1a: Sinistcha|Matcha Gotcha|p2a: Grimmsnarl|[spread] p2a,p2b
|-resisted|p2b: Archaludon|2
|-damage|p2a: Grimmsnarl|86/100
|-heal|p1a: Sinistcha|58/100|[from] drain|[of] p2a: Grimmsnarl
|-damage|p2b: Archaludon|96/100 slp
|-heal|p1a: Sinistcha|61/100|[from] drain|[of] p2b: Archaludon
|-status|p2a: Grimmsnarl|brn
|-ability|p2b: Archaludon|Stamina|boost
|-boost|p2b: Archaludon|def|1
|
|-heal|p2b: Archaludon|100/100 slp|[from] item: Leftovers
|-damage|p2a: Grimmsnarl|80/100 brn|[from] brn
|upkeep
|turn|7
|
|t:|1784799689
|move|p2a: Grimmsnarl|Parting Shot|p1b: Raichu
|-unboost|p1b: Raichu|atk|1
|-unboost|p1b: Raichu|spa|1
|
|t:|1784799708
|switch|p2a: Pelipper|Pelipper, L50, F|100/100|[from] Parting Shot
|-weather|RainDance|[from] ability: Drizzle|[of] p2a: Pelipper
|move|p1b: Raichu|Focus Blast|p2b: Archaludon
|-supereffective|p2b: Archaludon|1
|-damage|p2b: Archaludon|63/100 slp
|-unboost|p2b: Archaludon|spd|1
|-ability|p2b: Archaludon|Stamina|boost
|-boost|p2b: Archaludon|def|1
|cant|p2b: Archaludon|slp
|move|p1a: Sinistcha|Matcha Gotcha|p2a: Pelipper|[spread] p2a,p2b
|-resisted|p2b: Archaludon|2
|-damage|p2a: Pelipper|79/100
|-heal|p1a: Sinistcha|71/100|[from] drain|[of] p2a: Pelipper
|-damage|p2b: Archaludon|58/100 slp
|-heal|p1a: Sinistcha|74/100|[from] drain|[of] p2b: Archaludon
|-status|p2a: Pelipper|brn
|-ability|p2b: Archaludon|Stamina|boost
|-boost|p2b: Archaludon|def|1
|
|-weather|RainDance|[upkeep]
|-heal|p2b: Archaludon|64/100 slp|[from] item: Leftovers
|-damage|p2a: Pelipper|73/100 brn|[from] brn
|upkeep
|turn|8
|inactive|jgm1234 has 30 seconds left.
|
|t:|1784799736
|switch|p2a: Grimmsnarl|Grimmsnarl, L50, M|80/100 brn
|move|p1a: Sinistcha|Rage Powder|p1a: Sinistcha
|-singleturn|p1a: Sinistcha|move: Rage Powder
|move|p1b: Raichu|Zap Cannon|p2a: Grimmsnarl
|-damage|p2a: Grimmsnarl|56/100 brn
|-curestatus|p2b: Archaludon|slp|[msg]
|move|p2b: Archaludon|Dragon Pulse|p1a: Sinistcha
|-damage|p1a: Sinistcha|32/100
|
|-weather|RainDance|[upkeep]
|-heal|p2b: Archaludon|70/100|[from] item: Leftovers
|-damage|p2a: Grimmsnarl|50/100g brn|[from] brn
|upkeep
|turn|9
|
|t:|1784799753
|switch|p2b: Swampert|Swampert-Mega, L50, F|43/100 slp
|move|p1a: Sinistcha|Rage Powder|p1a: Sinistcha
|-singleturn|p1a: Sinistcha|move: Rage Powder
|move|p2a: Grimmsnarl|Parting Shot|p1a: Sinistcha
|-unboost|p1a: Sinistcha|atk|1
|-unboost|p1a: Sinistcha|spa|1
|
|t:|1784799758
|switch|p2a: Archaludon|Archaludon, L50, F|70/100|[from] Parting Shot
|move|p1b: Raichu|Focus Blast|p2b: Swampert
|-crit|p2b: Swampert
|-damage|p2b: Swampert|0 fnt
|faint|p2b: Swampert
|
|-weather|RainDance|[upkeep]
|-heal|p2a: Archaludon|76/100|[from] item: Leftovers
|upkeep
|
|t:|1784799766
|switch|p2b: Grimmsnarl|Grimmsnarl, L50, M|50/100g brn
|turn|10
|
|t:|1784799781
|switch|p1b: Incineroar|Incineroar, L50, M|67/100
|-ability|p1b: Incineroar|Intimidate|boost
|-unboost|p2a: Archaludon|atk|1
|-unboost|p2b: Grimmsnarl|atk|1
|move|p1a: Sinistcha|Protect|p1a: Sinistcha
|-singleturn|p1a: Sinistcha|Protect
|move|p2a: Archaludon|Electro Shot||[still]
|-prepare|p2a: Archaludon|Electro Shot
|-boost|p2a: Archaludon|spa|1
|-anim|p2a: Archaludon|Electro Shot|p1a: Sinistcha
|-activate|p1a: Sinistcha|move: Protect
|move|p2b: Grimmsnarl|Foul Play|p1a: Sinistcha
|-activate|p1a: Sinistcha|move: Protect
|
|-weather|RainDance|[upkeep]
|-heal|p2a: Archaludon|82/100|[from] item: Leftovers
|-damage|p2b: Grimmsnarl|44/100 brn|[from] brn
|-sideend|p2: jgm1234|move: Light Screen
|upkeep
|turn|11
|
|t:|1784799803
|switch|p1a: Raichu|Raichu-Mega-Y, L50, F|100/100
|move|p1b: Incineroar|Fake Out|p2a: Archaludon
|-resisted|p2a: Archaludon|1
|-damage|p2a: Archaludon|80/100
|-ability|p2a: Archaludon|Stamina|boost
|-boost|p2a: Archaludon|def|1
|move|p2b: Grimmsnarl|Light Screen|p2b: Grimmsnarl
|-sidestart|p2: jgm1234|move: Light Screen
|cant|p2a: Archaludon|flinch
|
|-weather|none
|-heal|p2a: Archaludon|86/100|[from] item: Leftovers
|-damage|p2b: Grimmsnarl|38/100 brn|[from] brn
|-sideend|p2: jgm1234|Reflect
|upkeep
|turn|12
|inactive|jgm1234 has 30 seconds left.
|inactive|jgm1234 has 20 seconds left.
|
|t:|1784799840
|move|p1a: Raichu|Protect|p1a: Raichu
|-singleturn|p1a: Raichu|Protect
|move|p2a: Archaludon|Protect|p2a: Archaludon
|-singleturn|p2a: Archaludon|Protect
|move|p2b: Grimmsnarl|Parting Shot|p1a: Raichu
|-activate|p1a: Raichu|move: Protect
|move|p1b: Incineroar|Parting Shot|p2a: Archaludon
|-activate|p2a: Archaludon|move: Protect
|
|-heal|p2a: Archaludon|92/100|[from] item: Leftovers
|-damage|p2b: Grimmsnarl|32/100 brn|[from] brn
|upkeep
|turn|13
|inactive|standardamerican has 30 seconds left.
|
|t:|1784799871
|switch|p1a: Sinistcha|Sinistcha, L50|32/100
|-heal|p1b: Incineroar|92/100|[from] ability: Hospitality|[of] p1a: Sinistcha
|switch|p2b: Pelipper|Pelipper, L50, F|73/100 brn
|-weather|RainDance|[from] ability: Drizzle|[of] p2b: Pelipper
|move|p2a: Archaludon|Electro Shot||[still]
|-prepare|p2a: Archaludon|Electro Shot
|-boost|p2a: Archaludon|spa|1
|-anim|p2a: Archaludon|Electro Shot|p1a: Sinistcha
|-resisted|p1a: Sinistcha|1
|-damage|p1a: Sinistcha|0 fnt
|faint|p1a: Sinistcha
|move|p1b: Incineroar|Parting Shot|p2a: Archaludon
|-unboost|p2a: Archaludon|atk|1
|-unboost|p2a: Archaludon|spa|1
|
|t:|1784799884
|switch|p1b: Raichu|Raichu-Mega-Y, L50, F|100/100|[from] Parting Shot
|
|-weather|RainDance|[upkeep]
|-heal|p2a: Archaludon|98/100|[from] item: Leftovers
|-damage|p2b: Pelipper|67/100 brn|[from] brn
|upkeep
|
|t:|1784799891
|switch|p1a: Incineroar|Incineroar, L50, M|92/100
|-ability|p1a: Incineroar|Intimidate|boost
|-unboost|p2a: Archaludon|atk|1
|-unboost|p2b: Pelipper|atk|1
|turn|14
|inactive|standardamerican has 30 seconds left.
|
|t:|1784799916
|move|p1a: Incineroar|Fake Out|p2b: Pelipper
|-damage|p2b: Pelipper|55/100 brn
|move|p1b: Raichu|Zap Cannon|p2b: Pelipper
|-supereffective|p2b: Pelipper|2
|-damage|p2b: Pelipper|0 fnt
|faint|p2b: Pelipper
|move|p2a: Archaludon|Dragon Pulse|p1b: Raichu
|-damage|p1b: Raichu|30/100
|
|-weather|RainDance|[upkeep]
|-heal|p2a: Archaludon|100/100|[from] item: Leftovers
|upkeep
|
|t:|1784799926
|switch|p2b: Grimmsnarl|Grimmsnarl, L50, M|32/100 brn
|turn|15
|
|t:|1784799949
|move|p1b: Raichu|Protect|p1b: Raichu
|-singleturn|p1b: Raichu|Protect
|move|p2b: Grimmsnarl|Parting Shot|p1b: Raichu
|-activate|p1b: Raichu|move: Protect
|move|p2a: Archaludon|Electro Shot||[still]
|-prepare|p2a: Archaludon|Electro Shot
|-boost|p2a: Archaludon|spa|1
|-anim|p2a: Archaludon|Electro Shot|p1b: Raichu
|-activate|p1b: Raichu|move: Protect
|move|p1a: Incineroar|Darkest Lariat|p2b: Grimmsnarl
|-resisted|p2b: Grimmsnarl|2
|-damage|p2b: Grimmsnarl|24/100 brn
|
|-weather|RainDance|[upkeep]
|-damage|p2b: Grimmsnarl|18/100 brn|[from] brn
|upkeep
|turn|16
|
|t:|1784799970
|switch|p1b: Milotic|Milotic, L50, F|100/100
|move|p2b: Grimmsnarl|Parting Shot|p1b: Milotic
|-unboost|p1b: Milotic|atk|1
|-ability|p1b: Milotic|Competitive|boost
|-boost|p1b: Milotic|spa|2
|-unboost|p1b: Milotic|spa|1
|-ability|p1b: Milotic|Competitive|boost
|-boost|p1b: Milotic|spa|2
|move|p2a: Archaludon|Electro Shot||[still]
|-prepare|p2a: Archaludon|Electro Shot
|-boost|p2a: Archaludon|spa|1
|-anim|p2a: Archaludon|Electro Shot|p1b: Milotic
|-supereffective|p1b: Milotic|1
|-damage|p1b: Milotic|0 fnt
|faint|p1b: Milotic
|move|p1a: Incineroar|Parting Shot|p2a: Archaludon
|-unboost|p2a: Archaludon|atk|1
|-unboost|p2a: Archaludon|spa|1
|
|t:|1784799975
|switch|p1a: Raichu|Raichu-Mega-Y, L50, F|30/100|[from] Parting Shot
|
|-weather|RainDance|[upkeep]
|-damage|p2b: Grimmsnarl|12/100 brn|[from] brn
|upkeep
|
|t:|1784799982
|switch|p1b: Incineroar|Incineroar, L50, M|92/100
|-ability|p1b: Incineroar|Intimidate|boost
|-unboost|p2a: Archaludon|atk|1
|-unboost|p2b: Grimmsnarl|atk|1
|turn|17
|
|t:|1784800007
|move|p2a: Archaludon|Protect|p2a: Archaludon
|-singleturn|p2a: Archaludon|Protect
|move|p1a: Raichu|Fake Out|p2a: Archaludon
|-activate|p2a: Archaludon|move: Protect
|move|p1b: Incineroar|Fake Out|p2b: Grimmsnarl
|-damage|p2b: Grimmsnarl|2/100 brn
|cant|p2b: Grimmsnarl|flinch
|
|-weather|none
|-damage|p2b: Grimmsnarl|0 fnt|[from] brn
|faint|p2b: Grimmsnarl
|upkeep
|turn|18
|
|t:|1784800018
|move|p1a: Raichu|Protect|p1a: Raichu
|-singleturn|p1a: Raichu|Protect
|move|p2a: Archaludon|Dragon Pulse|p1a: Raichu
|-activate|p1a: Raichu|move: Protect
|move|p1b: Incineroar|Darkest Lariat|p2a: Archaludon
|-damage|p2a: Archaludon|74/100
|-ability|p2a: Archaludon|Stamina|boost
|-boost|p2a: Archaludon|def|1
|
|-heal|p2a: Archaludon|80/100|[from] item: Leftovers
|-sideend|p2: jgm1234|move: Light Screen
|upkeep
|turn|19
|inactive|standardamerican has 30 seconds left.
|
|t:|1784800032
|move|p2a: Archaludon|Protect|p2a: Archaludon
|-singleturn|p2a: Archaludon|Protect
|move|p1a: Raichu|Focus Blast|p2a: Archaludon
|-activate|p2a: Archaludon|move: Protect
|move|p1b: Incineroar|Darkest Lariat|p2a: Archaludon
|-activate|p2a: Archaludon|move: Protect
|
|-heal|p2a: Archaludon|86/100|[from] item: Leftovers
|upkeep
|turn|20
|inactive|standardamerican has 25 seconds left this turn.
|
|t:|1784800040
|move|p1a: Raichu|Focus Blast|p2a: Archaludon
|-supereffective|p2a: Archaludon|1
|-damage|p2a: Archaludon|1/100
|-ability|p2a: Archaludon|Stamina|boost
|-boost|p2a: Archaludon|def|1
|move|p2a: Archaludon|Dragon Pulse|p1a: Raichu
|-damage|p1a: Raichu|0 fnt
|faint|p1a: Raichu
|move|p1b: Incineroar|Darkest Lariat|p2a: Archaludon
|-damage|p2a: Archaludon|0 fnt
|faint|p2a: Archaludon
|
|win|standardamerican
||jgm1234 is ready for game 2.
|l|☆jgm1234
|player|p2|
|l| probboffet yt3
|inactive|standardamerican has 30 seconds to confirm battle start!
