|j|☆Maybe ALTcom
|j|☆ScrewSalesman
|html|Maybe ALTcomScrewSalesman    
|uhtml|bestof|Game 2 of a best-of-3
|t:|1757907865
|gametype|doubles
|player|p1|Maybe ALTcom|265|1339
|player|p2|ScrewSalesman|cynthia-gen4|1365
|gen|9
|tier|[Gen 9] VGC 2025 Reg H (Bo3)
|rated|
|rule|Species Clause: Limit one of each Pokémon
|rule|Item Clause: Limit 1 of each item
|clearpoke
|poke|p1|Rillaboom, L50, M|
|poke|p1|Kingambit, L50, F|
|poke|p1|Basculegion, L50, M|
|poke|p1|Sneasler, L50, M|
|poke|p1|Ninetales-Alola, L50, M|
|poke|p1|Magmar, L50, M|
|poke|p2|Porygon2, L50|
|poke|p2|Incineroar, L50, M|
|poke|p2|Ursaluna, L50, M|
|poke|p2|Jumpluff, L50, M|
|poke|p2|Charizard, L50, M|
|poke|p2|Torkoal, L50, F|
|teampreview|4
|showteam|p1|Rillaboom||AssaultVest|GrassySurge|WoodHammer,GrassyGlide,FakeOut,HighHorsepower|||M|||50|,,,,,Fire]Kingambit||BlackGlasses|Defiant|Protect,SwordsDance,SuckerPunch,KowtowCleave|||F|||50|,,,,,Dark]Basculegion||ChoiceScarf|Adaptability|WaveCrash,FlipTurn,LastRespects,AquaJet|||M|||50|,,,,,Water]Sneasler||MentalHerb|Unburden|CloseCombat,DireClaw,Protect,Coaching|||M|||50|,,,,,Ghost]Ninetales-Alola||FocusSash|SnowWarning|Blizzard,Moonblast,FreezeDry,Protect|||M|||50|,,,,,Ghost]Magmar||Eviolite|VitalSpirit|WillOWisp,Taunt,FollowMe,Protect|||M|||50|,,,,,Water
|showteam|p2|Porygon2||Eviolite|Download|TeraBlast,IceBeam,TrickRoom,Recover||||||50|,,,,,Fighting]Incineroar||SitrusBerry|Intimidate|FakeOut,KnockOff,FlareBlitz,PartingShot|||M|||50|,,,,,Ghost]Ursaluna||FlameOrb|Guts|HeadlongRush,Facade,Earthquake,Protect|||M|||50|,,,,,Ghost]Jumpluff||CovertCloak|Chlorophyll|RagePowder,SunnyDay,Tailwind,SleepPowder|||M|||50|,,,,,Water]Charizard||ChoiceSpecs|SolarPower|HeatWave,Overheat,WeatherBall,SolarBeam|||M|||50|,,,,,Ghost]Torkoal||EjectPack|Drought|Overheat,Eruption,HelpingHand,Protect|||F|||50|,,,,,Fire
|inactive|Battle timer is ON: inactive players will automatically lose when time's up. (requested by ScrewSalesman)
|c|☆Maybe ALTcom|bro mental herb is the right one
|c|☆Maybe ALTcom|!dt mental herb
|raw| Mental Herb Cures holder of Attract, Disable, Encore, Heal Block, Taunt, Torment. Single use. 
|raw|Gen: 3 |  Fling Base Power: 10 |  Fling Effect: Removes the effects of Attract, Disable, Encore, Heal Block, Taunt, and Torment from the target.

|c|☆ScrewSalesman|thats the wrong one
|inactive|Maybe ALTcom has 60 seconds left.
|inactive|ScrewSalesman has 60 seconds left.
|c|☆Maybe ALTcom|I'm just not going to talk
|
|t:|1757907911
|teamsize|p1|4
|teamsize|p2|4
|start
|switch|p1a: Kingambit|Kingambit, L50, F|100/100
|switch|p1b: Sneasler|Sneasler, L50, M|100/100
|switch|p2a: Porygon2|Porygon2, L50, shiny|100/100
|switch|p2b: Ursaluna|Ursaluna, L50, M|100/100
|-ability|p2a: Porygon2|Download|boost
|-boost|p2a: Porygon2|spa|1
|turn|1
|c|☆ScrewSalesman|just rying to help you out bro
|inactive|Maybe ALTcom has 30 seconds left.
|
|t:|1757907936
|switch|p2b: Incineroar|Incineroar, L50, M|100/100
|-ability|p2b: Incineroar|Intimidate|boost
|-unboost|p1a: Kingambit|atk|1
|-ability|p1a: Kingambit|Defiant|boost
|-boost|p1a: Kingambit|atk|2
|-unboost|p1b: Sneasler|atk|1
|-terastallize|p1a: Kingambit|Dark
|-terastallize|p2a: Porygon2|Fighting
|move|p1b: Sneasler|Close Combat|p2b: Incineroar
|-supereffective|p2b: Incineroar
|-damage|p2b: Incineroar|20/100
|-unboost|p1b: Sneasler|def|1
|-unboost|p1b: Sneasler|spd|1
|-enditem|p2b: Incineroar|Sitrus Berry|[eat]
|-heal|p2b: Incineroar|45/100|[from] item: Sitrus Berry
|move|p2a: Porygon2|Tera Blast|p1a: Kingambit|[anim] Tera Blast Fighting
|-supereffective|p1a: Kingambit
|-damage|p1a: Kingambit|0 fnt
|faint|p1a: Kingambit
|
|upkeep
|c|☆Maybe ALTcom|ok stop the bulk shit
|
|t:|1757907954
|switch|p1a: Ninetales|Ninetales-Alola, L50, M|100/100
|-weather|Snowscape|[from] ability: Snow Warning|[of] p1a: Ninetales
|turn|2
|
|t:|1757907963
|move|p2b: Incineroar|Fake Out|p1a: Ninetales
|-damage|p1a: Ninetales|86/100
|cant|p1a: Ninetales|flinch
|move|p1b: Sneasler|Close Combat|p2b: Incineroar
|-supereffective|p2b: Incineroar
|-damage|p2b: Incineroar|0 fnt
|-unboost|p1b: Sneasler|def|1
|-unboost|p1b: Sneasler|spd|1
|faint|p2b: Incineroar
|move|p2a: Porygon2|Trick Room|p2a: Porygon2
|-fieldstart|move: Trick Room|[of] p2a: Porygon2
|
|-weather|Snowscape|[upkeep]
|upkeep
|c|☆Maybe ALTcom|u never ko king from that
|
|t:|1757907969
|switch|p2b: Torkoal|Torkoal, L50, F|100/100
|-weather|SunnyDay|[from] ability: Drought|[of] p2b: Torkoal
|turn|3
|c|☆Maybe ALTcom|NEVER
|
|t:|1757907988
|switch|p1a: Basculegion|Basculegion, L50, M|100/100
|move|p1b: Sneasler|Protect|p1b: Sneasler
|-singleturn|p1b: Sneasler|Protect
|move|p2b: Torkoal|Eruption|p1a: Basculegion|[spread] p1a
|-activate|p1b: Sneasler|move: Protect
|-resisted|p1a: Basculegion
|-damage|p1a: Basculegion|60/100
|move|p2a: Porygon2|Tera Blast|p1b: Sneasler|[anim] Tera Blast Fighting
|-activate|p1b: Sneasler|move: Protect
|
|-weather|SunnyDay|[upkeep]
|upkeep
|turn|4
|
|t:|1757908007
|switch|p1b: Ninetales|Ninetales-Alola, L50, M|86/100
|-weather|Snowscape|[from] ability: Snow Warning|[of] p1b: Ninetales
|move|p1a: Basculegion|Aqua Jet|p2b: Torkoal
|-supereffective|p2b: Torkoal
|-damage|p2b: Torkoal|58/100
|move|p2b: Torkoal|Eruption|p1b: Ninetales|[spread] p1a,p1b
|-resisted|p1a: Basculegion
|-supereffective|p1b: Ninetales
|-damage|p1a: Basculegion|43/100
|-damage|p1b: Ninetales|17/100
|move|p2a: Porygon2|Ice Beam|p1a: Basculegion
|-resisted|p1a: Basculegion
|-damage|p1a: Basculegion|21/100
|
|-weather|Snowscape|[upkeep]
|upkeep
|turn|5
|inactive|Maybe ALTcom has 30 seconds left.
|inactive|ScrewSalesman has 30 seconds left.
|inactive|Maybe ALTcom has 20 seconds left.
|inactive|ScrewSalesman has 20 seconds left.
|
|t:|1757908042
|switch|p2b: Ursaluna|Ursaluna, L50, M|100/100
|move|p1a: Basculegion|Aqua Jet|p2b: Ursaluna
|-supereffective|p2b: Ursaluna
|-damage|p2b: Ursaluna|59/100
|move|p2a: Porygon2|Ice Beam|p1a: Basculegion
|-resisted|p1a: Basculegion
|-damage|p1a: Basculegion|0 fnt
|faint|p1a: Basculegion
|move|p1b: Ninetales|Blizzard|p2a: Porygon2|[spread] p2a,p2b
|-supereffective|p2b: Ursaluna
|-damage|p2a: Porygon2|81/100
|-damage|p2b: Ursaluna|3/100
|
|-weather|Snowscape|[upkeep]
|-status|p2b: Ursaluna|brn|[from] item: Flame Orb
|upkeep
|
|t:|1757908050
|switch|p1a: Sneasler|Sneasler, L50, M|100/100
|turn|6
|
|t:|1757908060
|move|p1a: Sneasler|Protect|p1a: Sneasler
|-singleturn|p1a: Sneasler|Protect
|move|p1b: Ninetales|Protect|p1b: Ninetales
|-singleturn|p1b: Ninetales|Protect
|move|p2a: Porygon2|Recover|p2a: Porygon2
|-heal|p2a: Porygon2|100/100
|move|p2b: Ursaluna|Facade|p1b: Ninetales
|-activate|p1b: Ninetales|move: Protect
|
|-weather|Snowscape|[upkeep]
|-damage|p2b: Ursaluna|0 fnt|[from] brn
|faint|p2b: Ursaluna
|-fieldend|move: Trick Room
|upkeep
|
|t:|1757908064
|switch|p2b: Torkoal|Torkoal, L50, F|58/100
|-weather|SunnyDay|[from] ability: Drought|[of] p2b: Torkoal
|turn|7
|inactive|Maybe ALTcom has 30 seconds left.
|inactive|Maybe ALTcom has 20 seconds left.
|inactive|Maybe ALTcom has 15 seconds left.
|inactive|Maybe ALTcom has 10 seconds left.
|
|t:|1757908113
|move|p1b: Ninetales|Moonblast|p2a: Porygon2
|-supereffective|p2a: Porygon2
|-damage|p2a: Porygon2|57/100
|-unboost|p2a: Porygon2|spa|1
|move|p1a: Sneasler|Close Combat|p2b: Torkoal
|-damage|p2b: Torkoal|10/100
|-unboost|p1a: Sneasler|def|1
|-unboost|p1a: Sneasler|spd|1
|move|p2b: Torkoal|Eruption|p1a: Sneasler|[spread] p1a,p1b
|-supereffective|p1b: Ninetales
|-damage|p1a: Sneasler|88/100
|-damage|p1b: Ninetales|0 fnt
|faint|p1b: Ninetales
|move|p2a: Porygon2|Trick Room|p2a: Porygon2
|-fieldstart|move: Trick Room|[of] p2a: Porygon2
|
|-weather|SunnyDay|[upkeep]
|upkeep
|turn|8
|
|t:|1757908127
|move|p1a: Sneasler|Protect|p1a: Sneasler
|-singleturn|p1a: Sneasler|Protect
|move|p2b: Torkoal|Overheat|p1a: Sneasler
|-activate|p1a: Sneasler|move: Protect
|move|p2a: Porygon2|Ice Beam|p1a: Sneasler
|-activate|p1a: Sneasler|move: Protect
|
|-weather|SunnyDay|[upkeep]
|upkeep
|turn|9
|c|☆Maybe ALTcom|r u kidding me
|c|☆Maybe ALTcom|I had u if I ko'd torkol
|
|t:|1757908143
|move|p2b: Torkoal|Overheat|p1a: Sneasler
|-damage|p1a: Sneasler|0 fnt
|-unboost|p2b: Torkoal|spa|2
|faint|p1a: Sneasler
|
|win|ScrewSalesman
|raw|Maybe ALTcom's rating: 1324 → 1306(-18 for losing)
|raw|ScrewSalesman's rating: 1365 → 1383(+18 for winning)
|c|☆Maybe ALTcom|and u can miss
|l|☆Maybe ALTcom
|player|p1|
|c|☆ScrewSalesman|you never pick torkoal up there. sorry dude
