|j|☆Rin Itachi
|j|☆palle synchro
|html|Rin Itachipalle synchro    
|uhtml|bestof|Game 2 of a best-of-3
|t:|1754239383
|gametype|doubles
|player|p1|Rin Itachi|lacey|1273
|player|p2|palle synchro|volkner|1257
|gen|9
|tier|[Gen 9] VGC 2025 Reg H (Bo3)
|rated|
|rule|Species Clause: Limit one of each Pokémon
|rule|Item Clause: Limit 1 of each item
|clearpoke
|poke|p1|Archaludon, L50, M|
|poke|p1|Basculegion, L50, M|
|poke|p1|Pelipper, L50, F|
|poke|p1|Indeedee, L50, M|
|poke|p1|Sneasler, L50, F|
|poke|p1|Garchomp, L50, M|
|poke|p2|Whimsicott, L50, F|
|poke|p2|Arcanine-Hisui, L50, M|
|poke|p2|Indeedee, L50, M|
|poke|p2|Sneasler, L50, F|
|poke|p2|Ursaluna-Bloodmoon, L50, M|
|poke|p2|Archaludon, L50, F|
|teampreview|4
|showteam|p1|Archaludon||AssaultVest|Stamina|Snarl,FlashCannon,ElectroShot,BodyPress|||M|||50|,,,,,Fairy]Basculegion||ChoiceBand|SwiftSwim|WaveCrash,LastRespects,FlipTurn,AquaJet|||M|||50|,,,,,Water]Pelipper||CovertCloak|Drizzle|WeatherBall,Hurricane,Protect,Tailwind|||F|||50|,,,,,Grass]Indeedee||FocusSash|PsychicSurge|ExpandingForce,HelpingHand,Protect,TrickRoom|||M|||50|,,,,,Psychic]Sneasler||PsychicSeed|Unburden|DireClaw,CloseCombat,Protect,ThroatChop|||F|||50|,,,,,Dark]Garchomp||LifeOrb|RoughSkin|DragonClaw,StompingTantrum,Protect,Earthquake|||M|||50|,,,,,Ground
|showteam|p2|Whimsicott||CovertCloak|Prankster|Moonblast,Taunt,Tailwind,FakeTears|||F|||50|,,,,,Water]Arcanine-Hisui||ClearAmulet|Intimidate|FlareBlitz,RockSlide,HeadSmash,Protect|||M|||50|,,,,,Ghost]Indeedee||FocusSash|PsychicSurge|ExpandingForce,TeraBlast,Imprison,TrickRoom|||M|||50|,,,,,Psychic]Sneasler||PsychicSeed|Unburden|CloseCombat,DireClaw,ThroatChop,Protect|||F|||50|,,,,,Dark]Ursaluna-Bloodmoon||LifeOrb|MindsEye|HyperVoice,BloodMoon,EarthPower,Protect|||M|||50|,,,,,Normal]Archaludon||PowerHerb|Stalwart|ElectroShot,DragonPulse,Thunderbolt,Protect|||F|||50|,,,,,Electric
|inactive|Battle timer is ON: inactive players will automatically lose when time's up. (requested by palle synchro)
|
|t:|1754239391
|teamsize|p1|4
|teamsize|p2|4
|start
|switch|p1a: Pelipper|Pelipper, L50, F|100/100
|switch|p1b: Garchomp|Garchomp, L50, M|100/100
|switch|p2a: Whimsicott|Whimsicott, L50, F|100/100
|switch|p2b: Ursaluna|Ursaluna-Bloodmoon, L50, M|100/100
|-weather|RainDance|[from] ability: Drizzle|[of] p1a: Pelipper
|turn|1
|
|t:|1754239408
|-terastallize|p1b: Garchomp|Ground
|move|p1a: Pelipper|Protect|p1a: Pelipper
|-singleturn|p1a: Pelipper|Protect
|move|p2a: Whimsicott|Tailwind|p2a: Whimsicott
|-sidestart|p2: palle synchro|move: Tailwind
|move|p2b: Ursaluna|Blood Moon|p1a: Pelipper
|-activate|p1a: Pelipper|move: Protect
|move|p1b: Garchomp|Earthquake|p2b: Ursaluna|[spread] p2a,p2b
|-activate|p1a: Pelipper|move: Protect
|-resisted|p2a: Whimsicott
|-damage|p2a: Whimsicott|56/100
|-damage|p2b: Ursaluna|47/100
|-damage|p1b: Garchomp|91/100|[from] item: Life Orb
|
|-weather|RainDance|[upkeep]
|upkeep
|turn|2
|
|t:|1754239428
|switch|p1a: Indeedee|Indeedee, L50, M|100/100
|-fieldstart|move: Psychic Terrain|[from] ability: Psychic Surge|[of] p1a: Indeedee
|move|p2a: Whimsicott|Moonblast|p1a: Indeedee
|-damage|p1a: Indeedee|60/100
|move|p2b: Ursaluna|Hyper Voice|p1a: Indeedee|[spread] p1a,p1b
|-damage|p1a: Indeedee|0 fnt
|-damage|p1b: Garchomp|34/100
|faint|p1a: Indeedee
|-damage|p2b: Ursaluna|38/100|[from] item: Life Orb
|move|p1b: Garchomp|Stomping Tantrum|p2b: Ursaluna
|-damage|p2b: Ursaluna|0 fnt
|faint|p2b: Ursaluna
|-damage|p1b: Garchomp|25/100|[from] item: Life Orb
|
|-weather|RainDance|[upkeep]
|upkeep
|
|t:|1754239449
|switch|p1a: Sneasler|Sneasler, L50, F|100/100
|switch|p2b: Archaludon|Archaludon, L50, F|100/100
|-enditem|p1a: Sneasler|Psychic Seed
|-boost|p1a: Sneasler|spd|1|[from] item: Psychic Seed
|turn|3
|
|t:|1754239466
|-terastallize|p2b: Archaludon|Electric
|move|p1b: Garchomp|Protect|p1b: Garchomp
|-singleturn|p1b: Garchomp|Protect
|move|p2a: Whimsicott|Moonblast|p1b: Garchomp
|-activate|p1b: Garchomp|move: Protect
|move|p1a: Sneasler|Dire Claw|p2a: Whimsicott
|-supereffective|p2a: Whimsicott
|-damage|p2a: Whimsicott|0 fnt
|faint|p2a: Whimsicott
|move|p2b: Archaludon|Dragon Pulse|p1b: Garchomp
|-activate|p1b: Garchomp|move: Protect
|
|-weather|RainDance|[upkeep]
|upkeep
|
|t:|1754239470
|switch|p2a: Indeedee|Indeedee, L50, M|100/100
|turn|4
|
|t:|1754239485
|switch|p1b: Pelipper|Pelipper, L50, F|100/100
|move|p1a: Sneasler|Protect|p1a: Sneasler
|-singleturn|p1a: Sneasler|Protect
|move|p2a: Indeedee|Expanding Force|p1b: Pelipper|[spread] p1b
|-activate|p1a: Sneasler|move: Protect
|-damage|p1b: Pelipper|22/100
|move|p2b: Archaludon|Dragon Pulse|p1b: Pelipper
|-damage|p1b: Pelipper|0 fnt
|faint|p1b: Pelipper
|
|-weather|RainDance|[upkeep]
|-sideend|p2: palle synchro|move: Tailwind
|upkeep
|
|t:|1754239492
|switch|p1b: Garchomp|Garchomp, L50, M, tera:Ground|25/100
|turn|5
|
|t:|1754239509
|move|p1a: Sneasler|Dire Claw|p2a: Indeedee
|-damage|p2a: Indeedee|14/100
|move|p1b: Garchomp|Earthquake|p2b: Archaludon|[spread] p1a,p2a,p2b
|-supereffective|p1a: Sneasler
|-supereffective|p2b: Archaludon
|-damage|p1a: Sneasler|0 fnt
|-damage|p2a: Indeedee|0 fnt
|-damage|p2b: Archaludon|0 fnt
|faint|p1a: Sneasler
|faint|p2a: Indeedee
|faint|p2b: Archaludon
|-damage|p1b: Garchomp|15/100|[from] item: Life Orb
|
|win|Rin Itachi
|raw|Rin Itachi's rating: 1273 → 1297(+24 for winning)
|raw|palle synchro's rating: 1257 → 1233(-24 for losing)
