|j|☆delphigni
|j|☆WashYoButt
|html|delphigniWashYoButt    
|uhtml|bestof|Game 1 of a best-of-3
|t:|1756233989
|gametype|doubles
|player|p1|delphigni|dawn|1077
|player|p2|WashYoButt|ariana|1033
|gen|9
|tier|[Gen 9] VGC 2025 Reg H (Bo3)
|rated|
|rule|Species Clause: Limit one of each Pokémon
|rule|Item Clause: Limit 1 of each item
|clearpoke
|poke|p1|Kommo-o, L50, M|
|poke|p1|Primarina, L50, F|
|poke|p1|Rillaboom, L50, M|
|poke|p1|Electabuzz, L50, M|
|poke|p1|Tyranitar, L50, M|
|poke|p1|Excadrill, L50, F|
|poke|p2|Ribombee, L50, F|
|poke|p2|Hydreigon, L50, M|
|poke|p2|Gholdengo, L50|
|poke|p2|Milotic, L50, F|
|poke|p2|Talonflame, L50, F|
|poke|p2|Sneasler, L50, F|
|teampreview|4
|showteam|p1|Kommo-o||ThroatSpray|Overcoat|ClangingScales,Flamethrower,ClangorousSoul,Protect|||M|||50|,,,,,Fire]Primarina||LifeOrb|LiquidVoice|HyperVoice,Moonblast,Haze,Protect|||F|||50|,,,,,Poison]Rillaboom||MeadowPlate|GrassySurge|WoodHammer,GrassyGlide,FakeOut,Protect|||M|||50|,,,,,Water]Electabuzz||Eviolite|VitalSpirit|FollowMe,Electroweb,HelpingHand,Protect|||M|||50|,,,,,Fairy]Tyranitar||AssaultVest|SandStream|TeraBlast,RockSlide,KnockOff,LowKick|||M|||50|,,,,,Flying]Excadrill||ClearAmulet|SandRush|RockSlide,IronHead,HighHorsepower,Protect|||F|||50|,,,,,Stellar
|showteam|p2|Ribombee||ChoiceSpecs|ShieldDust|Moonblast,Psychic,PollenPuff,EnergyBall|||F|||50|,,,,,Psychic]Hydreigon||AssaultVest|Levitate|Snarl,DragonPulse,EarthPower,DarkPulse|||M|||50|,,,,,Poison]Gholdengo||Leftovers|GoodasGold|Protect,NastyPlot,MakeItRain,ShadowBall||||||50|,,,,,Dragon]Milotic||SitrusBerry|Competitive|Protect,Haze,IceBeam,Scald|||F|||50|,,,,,Grass]Talonflame||CovertCloak|GaleWings|Tailwind,Taunt,FlareBlitz,BraveBird|||F|||50|,,,,,Grass]Sneasler||FocusSash|Unburden|Protect,DireClaw,CloseCombat,ThroatChop|||F|||50|,,,,,Stellar
|inactive|Battle timer is ON: inactive players will automatically lose when time's up. (requested by delphigni)
|inactive|delphigni has 60 seconds left.
|inactive|delphigni has 30 seconds left.
|
|t:|1756234052
|teamsize|p1|4
|teamsize|p2|4
|start
|switch|p1a: Yharim|Kommo-o, L50, M, shiny|100/100
|switch|p1b: Bumblebirb|Electabuzz, L50, M, shiny|100/100
|switch|p2a: Gholdengo|Gholdengo, L50|100/100
|switch|p2b: Hydreigon|Hydreigon, L50, M|100/100
|turn|1
|
|t:|1756234077
|move|p1a: Yharim|Protect|p1a: Yharim
|-singleturn|p1a: Yharim|Protect
|move|p2b: Hydreigon|Snarl|p1b: Bumblebirb|[spread] p1b
|-activate|p1a: Yharim|move: Protect
|-damage|p1b: Bumblebirb|82/100
|-unboost|p1b: Bumblebirb|spa|1
|move|p1b: Bumblebirb|Electroweb|p2a: Gholdengo|[spread] p2a,p2b
|-resisted|p2b: Hydreigon
|-damage|p2a: Gholdengo|93/100
|-damage|p2b: Hydreigon|97/100
|-unboost|p2a: Gholdengo|spe|1
|-unboost|p2b: Hydreigon|spe|1
|move|p2a: Gholdengo|Nasty Plot|p2a: Gholdengo
|-boost|p2a: Gholdengo|spa|2
|
|-heal|p2a: Gholdengo|99/100|[from] item: Leftovers
|upkeep
|turn|2
|
|t:|1756234110
|-terastallize|p1a: Yharim|Fire
|move|p1b: Bumblebirb|Helping Hand|p1a: Yharim
|-singleturn|p1a: Yharim|Helping Hand|[of] p1b: Bumblebirb
|move|p1a: Yharim|Clanging Scales|p2a: Gholdengo|[spread] p2a,p2b
|-resisted|p2a: Gholdengo
|-supereffective|p2b: Hydreigon
|-damage|p2a: Gholdengo|81/100
|-damage|p2b: Hydreigon|40/100
|-unboost|p1a: Yharim|def|1
|-enditem|p1a: Yharim|Throat Spray
|-boost|p1a: Yharim|spa|1|[from] item: Throat Spray
|move|p2b: Hydreigon|Snarl|p1b: Bumblebirb|[spread] p1a,p1b
|-damage|p1a: Yharim|82/100
|-damage|p1b: Bumblebirb|67/100
|-unboost|p1a: Yharim|spa|1
|-unboost|p1b: Bumblebirb|spa|1
|move|p2a: Gholdengo|Shadow Ball|p1a: Yharim
|-damage|p1a: Yharim|8/100
|
|-heal|p2a: Gholdengo|88/100|[from] item: Leftovers
|upkeep
|turn|3
|
|t:|1756234135
|switch|p2b: Ribombee|Ribombee, L50, F|100/100
|move|p1a: Yharim|Flamethrower|p2a: Gholdengo
|-supereffective|p2a: Gholdengo
|-damage|p2a: Gholdengo|31/100
|move|p1b: Bumblebirb|Electroweb|p2a: Gholdengo|[spread] p2a,p2b
|-damage|p2a: Gholdengo|25/100
|-damage|p2b: Ribombee|89/100
|-unboost|p2a: Gholdengo|spe|1
|move|p2a: Gholdengo|Shadow Ball|p1a: Yharim
|-damage|p1a: Yharim|0 fnt
|faint|p1a: Yharim
|
|-heal|p2a: Gholdengo|31/100|[from] item: Leftovers
|upkeep
|
|t:|1756234146
|switch|p1a: Great S. Shark|Tyranitar, L50, M, shiny|100/100
|-weather|Sandstorm|[from] ability: Sand Stream|[of] p1a: Great S. Shark
|turn|4
|
|t:|1756234164
|move|p2a: Gholdengo|Protect|p2a: Gholdengo
|-singleturn|p2a: Gholdengo|Protect
|move|p2b: Ribombee|Moonblast|p1a: Great S. Shark
|-supereffective|p1a: Great S. Shark
|-damage|p1a: Great S. Shark|53/100
|move|p1b: Bumblebirb|Electroweb|p2a: Gholdengo|[spread] p2b
|-activate|p2a: Gholdengo|move: Protect
|-damage|p2b: Ribombee|75/100
|move|p1a: Great S. Shark|Rock Slide|p2b: Ribombee|[spread] p2b
|-activate|p2a: Gholdengo|move: Protect
|-supereffective|p2b: Ribombee
|-crit|p2b: Ribombee
|-damage|p2b: Ribombee|0 fnt
|faint|p2b: Ribombee
|
|-weather|Sandstorm|[upkeep]
|-damage|p1b: Bumblebirb|61/100|[from] Sandstorm
|-heal|p2a: Gholdengo|37/100|[from] item: Leftovers
|upkeep
|
|t:|1756234177
|switch|p2b: Sneasler|Sneasler, L50, F|100/100
|turn|5
|
|t:|1756234184
|move|p1b: Bumblebirb|Follow Me|p1b: Bumblebirb
|-singleturn|p1b: Bumblebirb|move: Follow Me
|move|p2b: Sneasler|Close Combat|p1b: Bumblebirb
|-damage|p1b: Bumblebirb|12/100
|-unboost|p2b: Sneasler|def|1
|-unboost|p2b: Sneasler|spd|1
|move|p1a: Great S. Shark|Knock Off|p2a: Gholdengo
|-supereffective|p2a: Gholdengo
|-damage|p2a: Gholdengo|0 fnt
|-enditem|p2a: Gholdengo|Leftovers|[from] move: Knock Off|[of] p1a: Great S. Shark
|faint|p2a: Gholdengo
|
|-weather|Sandstorm|[upkeep]
|-damage|p2b: Sneasler|95/100|[from] Sandstorm
|-damage|p1b: Bumblebirb|6/100|[from] Sandstorm
|upkeep
|
|t:|1756234192
|switch|p2a: Hydreigon|Hydreigon, L50, M|40/100
|turn|6
|
|t:|1756234214
|move|p2b: Sneasler|Protect|p2b: Sneasler
|-singleturn|p2b: Sneasler|Protect
|move|p1b: Bumblebirb|Follow Me|p1b: Bumblebirb
|-singleturn|p1b: Bumblebirb|move: Follow Me
|move|p2a: Hydreigon|Snarl|p1b: Bumblebirb|[spread] p1a,p1b
|-resisted|p1a: Great S. Shark
|-damage|p1a: Great S. Shark|48/100
|-damage|p1b: Bumblebirb|0 fnt
|-unboost|p1a: Great S. Shark|spa|1
|faint|p1b: Bumblebirb
|move|p1a: Great S. Shark|Rock Slide|p2b: Sneasler|[spread] p2a
|-activate|p2b: Sneasler|move: Protect
|-crit|p2a: Hydreigon
|-damage|p2a: Hydreigon|0 fnt
|faint|p2a: Hydreigon
|
|-weather|Sandstorm|[upkeep]
|-damage|p2b: Sneasler|89/100|[from] Sandstorm
|upkeep
|
|t:|1756234225
|switch|p1b: Rilleboom|Rillaboom, L50, M, shiny|100/100
|-fieldstart|move: Grassy Terrain|[from] ability: Grassy Surge|[of] p1b: Rilleboom
|turn|7
|
|t:|1756234231
|move|p1b: Rilleboom|Fake Out|p2b: Sneasler
|-damage|p2b: Sneasler|55/100
|cant|p2b: Sneasler|flinch
|move|p1a: Great S. Shark|Knock Off|p2b: Sneasler
|-resisted|p2b: Sneasler
|-damage|p2b: Sneasler|0 fnt
|-enditem|p2b: Sneasler|Focus Sash|[from] move: Knock Off|[of] p1a: Great S. Shark
|faint|p2b: Sneasler
|
|win|delphigni
||WashYoButt is ready for game 2.
||delphigni is ready for game 2.
|uhtml|next|Next: Game 2 of 3
|l|☆WashYoButt
|player|p2|
