|j|☆kweslove
|j|☆heatvw
|html|kwesloveheatvw    
|uhtml|bestof|Game 2 of a best-of-3
|t:|1756520454
|gametype|doubles
|player|p1|kweslove|1|1068
|player|p2|heatvw|170|1062
|gen|9
|tier|[Gen 9] VGC 2025 Reg H (Bo3)
|rated|
|rule|Species Clause: Limit one of each Pokémon
|rule|Item Clause: Limit 1 of each item
|clearpoke
|poke|p1|Tyranitar, L50, M|
|poke|p1|Ursaluna-Bloodmoon, L50, M|
|poke|p1|Annihilape, L50, M|
|poke|p1|Volcarona, L50, F|
|poke|p1|Sneasler, L50, F|
|poke|p1|Indeedee, L50, M|
|poke|p2|Flamigo, L50, M|
|poke|p2|Ninetales-Alola, L50, F|
|poke|p2|Garchomp, L50, M|
|poke|p2|Incineroar, L50, F|
|poke|p2|Amoonguss, L50, F|
|poke|p2|Kingambit, L50, F|
|teampreview|4
|showteam|p1|Tyranitar||AssaultVest|SandStream|KnockOff,RockSlide,TeraBlast,LowKick|||M|||50|,,,,,Flying]Ursaluna-Bloodmoon||LifeOrb|MindsEye|Protect,BloodMoon,HyperVoice,EarthPower|||M|||50|,,,,,Normal]Annihilape||SafetyGoggles|Defiant|BulkUp,RageFist,DrainPunch,Protect|||M|||50|,,,,,Fire]Volcarona||SitrusBerry|FlameBody|Tailwind,RagePowder,StruggleBug,Overheat|||F|||50|,,,,,Grass]Sneasler||PsychicSeed|Unburden|CloseCombat,DireClaw,Coaching,Protect|||F|||50|,,,,,Stellar]Indeedee||ChoiceScarf|PsychicSurge|ExpandingForce,Trick,Protect,TeraBlast|||M|||50|,,,,,Psychic
|showteam|p2|Flamigo||ChoiceBand|Scrappy|Uturn,CloseCombat,BraveBird,Facade|||M|||50|,,,,,Stellar]Ninetales-Alola||FocusSash|SnowWarning|Protect,Encore,IcyWind,Blizzard|||F|||50|,,,,,Ghost]Garchomp||LifeOrb|RoughSkin|DragonClaw,StompingTantrum,Earthquake,Protect|||M|||50|,,,,,Ground]Incineroar||SafetyGoggles|Intimidate|FakeOut,FlareBlitz,KnockOff,PartingShot|||F|||50|,,,,,Ghost]Amoonguss||SitrusBerry|Regenerator|Spore,RagePowder,PollenPuff,Protect|||F|||50|,,,,,Water]Kingambit||AssaultVest|Defiant|KowtowCleave,IronHead,LowKick,SuckerPunch|||F|||50|,,,,,Fire
|inactive|Battle timer is ON: inactive players will automatically lose when time's up. (requested by heatvw)
|
|t:|1756520478
|teamsize|p1|4
|teamsize|p2|4
|start
|switch|p1a: Volcarona|Volcarona, L50, F|100/100
|switch|p1b: Tyranitar|Tyranitar, L50, M|100/100
|switch|p2a: Garchomp|Garchomp, L50, M, shiny|100/100
|switch|p2b: Kingambit|Kingambit, L50, F|100/100
|-weather|Sandstorm|[from] ability: Sand Stream|[of] p1b: Tyranitar
|turn|1
|
|t:|1756520501
|switch|p2b: Flamigo|Flamigo, L50, M, shiny|100/100
|-terastallize|p2a: Garchomp|Ground
|-terastallize|p1b: Tyranitar|Flying
|move|p2a: Garchomp|Earthquake|p1b: Tyranitar|[spread] p1a
|-immune|p2b: Flamigo
|-immune|p1b: Tyranitar
|-damage|p1a: Volcarona|24/100
|-enditem|p1a: Volcarona|Sitrus Berry|[eat]
|-heal|p1a: Volcarona|49/100|[from] item: Sitrus Berry
|-damage|p2a: Garchomp|91/100|[from] item: Life Orb
|move|p1a: Volcarona|Tailwind|p1a: Volcarona
|-sidestart|p1: kweslove|move: Tailwind
|move|p1b: Tyranitar|Rock Slide|p2b: Flamigo|[spread] p2a,p2b
|-resisted|p2a: Garchomp
|-damage|p2a: Garchomp|74/100
|-damage|p2b: Flamigo|53/100
|
|-weather|Sandstorm|[upkeep]
|-damage|p1a: Volcarona|43/100|[from] Sandstorm
|-damage|p1b: Tyranitar|94/100|[from] Sandstorm
|-damage|p2b: Flamigo|47/100|[from] Sandstorm
|upkeep
|turn|2
|inactive|kweslove has 30 seconds left.
|inactive|heatvw has 30 seconds left.
|inactive|kweslove has 20 seconds left.
|
|t:|1756520536
|switch|p2a: Ninetales|Ninetales-Alola, L50, F|100/100
|-weather|Snowscape|[from] ability: Snow Warning|[of] p2a: Ninetales
|move|p1a: Volcarona|Overheat|p2b: Flamigo
|-damage|p2b: Flamigo|0 fnt
|-unboost|p1a: Volcarona|spa|2
|faint|p2b: Flamigo
|move|p1b: Tyranitar|Knock Off|p2a: Ninetales
|-resisted|p2a: Ninetales
|-damage|p2a: Ninetales|70/100
|-enditem|p2a: Ninetales|Focus Sash|[from] move: Knock Off|[of] p1b: Tyranitar
|
|-weather|Snowscape|[upkeep]
|upkeep
|
|t:|1756520553
|switch|p2b: Garchomp|Garchomp, L50, M, shiny, tera:Ground|74/100
|turn|3
|
|t:|1756520564
|move|p2a: Ninetales|Protect|p2a: Ninetales
|-singleturn|p2a: Ninetales|Protect
|move|p1a: Volcarona|Overheat|p2a: Ninetales
|-activate|p2a: Ninetales|move: Protect
|move|p1b: Tyranitar|Knock Off|p2b: Garchomp
|-damage|p2b: Garchomp|14/100
|-damage|p1b: Tyranitar|82/100|[from] ability: Rough Skin|[of] p2b: Garchomp
|-enditem|p2b: Garchomp|Life Orb|[from] move: Knock Off|[of] p1b: Tyranitar
|move|p2b: Garchomp|Earthquake|p1b: Tyranitar|[spread] p1a
|-activate|p2a: Ninetales|move: Protect
|-immune|p1b: Tyranitar
|-damage|p1a: Volcarona|0 fnt
|faint|p1a: Volcarona
|
|-weather|Snowscape|[upkeep]
|upkeep
|
|t:|1756520580
|switch|p1a: Annihilape|Annihilape, L50, M|100/100
|turn|4
|
|t:|1756520590
|switch|p2a: Kingambit|Kingambit, L50, F|100/100
|move|p2b: Garchomp|Protect|p2b: Garchomp
|-singleturn|p2b: Garchomp|Protect
|move|p1a: Annihilape|Rage Fist|p2b: Garchomp
|-activate|p2b: Garchomp|move: Protect
|move|p1b: Tyranitar|Rock Slide|p2a: Kingambit|[spread] p2a
|-activate|p2b: Garchomp|move: Protect
|-resisted|p2a: Kingambit
|-damage|p2a: Kingambit|88/100
|
|-weather|Snowscape|[upkeep]
|-sideend|p1: kweslove|move: Tailwind
|upkeep
|turn|5
|inactive|heatvw has 30 seconds left.
|
|t:|1756520615
|move|p2b: Garchomp|Stomping Tantrum|p1a: Annihilape
|-damage|p1a: Annihilape|43/100
|move|p1a: Annihilape|Drain Punch|p2a: Kingambit
|-supereffective|p2a: Kingambit
|-damage|p2a: Kingambit|0 fnt
|-heal|p1a: Annihilape|87/100|[from] drain|[of] p2a: Kingambit
|faint|p2a: Kingambit
|move|p1b: Tyranitar|Rock Slide|p2b: Garchomp|[miss]
|-miss|p1b: Tyranitar|p2b: Garchomp
|
|-weather|Snowscape|[upkeep]
|upkeep
|
|t:|1756520624
|switch|p2a: Ninetales|Ninetales-Alola, L50, F|70/100
|turn|6
|inactive|kweslove has 30 seconds left.
|
|t:|1756520657
|move|p2a: Ninetales|Blizzard|p1a: Annihilape|[spread] p1a,p1b
|-supereffective|p1b: Tyranitar
|-damage|p1a: Annihilape|61/100
|-damage|p1b: Tyranitar|45/100
|-status|p1a: Annihilape|frz
|move|p2b: Garchomp|Dragon Claw|p1b: Tyranitar
|-damage|p1b: Tyranitar|6/100
|-curestatus|p1a: Annihilape|frz|[msg]
|move|p1a: Annihilape|Rage Fist|p2b: Garchomp
|-damage|p2b: Garchomp|0 fnt
|-damage|p1a: Annihilape|49/100|[from] ability: Rough Skin|[of] p2b: Garchomp
|faint|p2b: Garchomp
|move|p1b: Tyranitar|Rock Slide|p2a: Ninetales
|-supereffective|p2a: Ninetales
|-damage|p2a: Ninetales|0 fnt
|faint|p2a: Ninetales
|
|win|kweslove
|inactive|kweslove has 30 seconds to confirm battle start!
|inactive|heatvw has 30 seconds to confirm battle start!
||heatvw is ready for game 3.
|inactive|kweslove has 20 seconds to confirm battle start!
||kweslove is ready for game 3.
|uhtml|next|Next: Game 3 of 3
