|j|☆b3rta
|j|☆new mental
|html|b3rtanew mental    
|uhtml|bestof|Game 3 of a best-of-3
|t:|1785681152
|gametype|doubles
|player|p1|b3rta|266|1377
|player|p2|new mental|volkner|1350
|gen|9
|tier|[Gen 9 Champions] VGC 2026 Reg M-B (Bo3)
|rated|
|rule|Species Clause: Limit one of each Pokémon
|rule|Item Clause: Limit 1 of each item
|clearpoke
|poke|p1|Charizard, L50, M|
|poke|p1|Grimmsnarl, L50, M|
|poke|p1|Pelipper, L50, F|
|poke|p1|Archaludon, L50, M|
|poke|p1|Basculegion, L50, M|
|poke|p1|Metagross, L50|
|poke|p2|Charizard, L50, F|
|poke|p2|Garchomp, L50, F|
|poke|p2|Incineroar, L50, M|
|poke|p2|Venusaur, L50, M|
|poke|p2|Toxapex, L50, M|
|poke|p2|Sylveon, L50, F|
|teampreview|4
|showteam|p1|Charizard||CharizarditeY|Blaze|HeatWave,WeatherBall,Hurricane,Protect|Modest||M|||50|]Grimmsnarl||LightClay|Prankster|SpiritBreak,Reflect,LightScreen,PartingShot|Sassy||M|||50|]Pelipper||SitrusBerry|Drizzle|WeatherBall,Hurricane,Tailwind,WideGuard|Modest||F|||50|]Archaludon||Leftovers|Stamina|FlashCannon,DragonPulse,ElectroShot,Protect|Calm||M|||50|]Basculegion||ChoiceScarf|Adaptability|WaveCrash,AquaJet,LastRespects,FlipTurn|Jolly||M|||50|]Metagross||Metagrossite|ClearBody|PsychicFangs,StompingTantrum,BulletPunch,Protect|Jolly|||||50|
|showteam|p2|Charizard||CharizarditeY|Blaze|WeatherBall,HeatWave,AncientPower,Protect|Modest||F|||50|]Garchomp||ChoiceScarf|RoughSkin|RockSlide,DragonClaw,Earthquake,StompingTantrum|Adamant||F|||50|]Incineroar||SitrusBerry|Intimidate|FlareBlitz,FakeOut,DarkestLariat,PartingShot|Impish||M|||50|]Venusaur||LifeOrb|Chlorophyll|SludgeBomb,LeafStorm,EarthPower,Protect|Modest||M|||50|]Toxapex||Leftovers|Regenerator|Infestation,Toxic,WideGuard,BanefulBunker|Bold||M|||50|]Sylveon||FairyFeather|Pixilate|HyperVoice,QuickAttack,Yawn,Detect|Modest||F|||50|
|inactive|Battle timer is ON: inactive players will automatically lose when time's up. (requested by b3rta)
|inactive|new mental has 60 seconds left.
|
|t:|1785681227
|teamsize|p1|4
|teamsize|p2|4
|start
|switch|p1a: Grimmsnarl|Grimmsnarl, L50, M|100/100
|switch|p1b: Charizard|Charizard, L50, M|100/100
|switch|p2a: Charizard|Charizard, L50, F|100/100
|switch|p2b: Venusaur|Venusaur, L50, M|100/100
|turn|1
|inactive|b3rta has 30 seconds left.
|
|t:|1785681258
|switch|p1b: Archaludon|Archaludon, L50, M|100/100
|detailschange|p2a: Charizard|Charizard-Mega-Y, L50, F
|-mega|p2a: Charizard|Charizard|Charizardite Y
|-weather|SunnyDay|[from] ability: Drought|[of] p2a: Charizard
|move|p1a: Grimmsnarl|Parting Shot|p2a: Charizard
|-unboost|p2a: Charizard|atk|1
|-unboost|p2a: Charizard|spa|1
|
|t:|1785681266
|switch|p1a: Pelipper|Pelipper, L50, F|100/100|[from] Parting Shot
|-weather|RainDance|[from] ability: Drizzle|[of] p1a: Pelipper
|move|p2a: Charizard|Weather Ball|p1b: Archaludon
|-resisted|p1b: Archaludon|1
|-damage|p1b: Archaludon|83/100
|-ability|p1b: Archaludon|Stamina|boost
|-boost|p1b: Archaludon|def|1
|move|p2b: Venusaur|Sludge Bomb|p1a: Pelipper
|-damage|p1a: Pelipper|24/100
|-enditem|p1a: Pelipper|Sitrus Berry|[eat]
|-heal|p1a: Pelipper|49/100|[from] item: Sitrus Berry
|-damage|p2b: Venusaur|90/100|[from] item: Life Orb
|
|-weather|RainDance|[upkeep]
|-heal|p1b: Archaludon|89/100|[from] item: Leftovers
|upkeep
|turn|2
|inactive|b3rta has 30 seconds left.
|
|t:|1785681295
|switch|p2a: Sylveon|Sylveon, L50, F|100/100
|switch|p1a: Charizard|Charizard, L50, M|100/100
|move|p2b: Venusaur|Sludge Bomb|p1a: Charizard
|-damage|p1a: Charizard|37/100
|-status|p1a: Charizard|psn
|-damage|p2b: Venusaur|80/100|[from] item: Life Orb
|move|p1b: Archaludon|Electro Shot||[still]
|-prepare|p1b: Archaludon|Electro Shot
|-boost|p1b: Archaludon|spa|1
|-anim|p1b: Archaludon|Electro Shot|p2b: Venusaur
|-resisted|p2b: Venusaur|1
|-crit|p2b: Venusaur
|-damage|p2b: Venusaur|33/100
|
|-weather|RainDance|[upkeep]
|-heal|p1b: Archaludon|95/100|[from] item: Leftovers
|-damage|p1a: Charizard|25/100 psn|[from] psn
|upkeep
|turn|3
|
|t:|1785681308
|switch|p2a: Charizard|Charizard-Mega-Y, L50, F|100/100
|-weather|SunnyDay|[from] ability: Drought|[of] p2a: Charizard
|move|p1b: Archaludon|Protect|p1b: Archaludon
|-singleturn|p1b: Archaludon|Protect
|move|p2b: Venusaur|Sludge Bomb|p1a: Charizard
|-damage|p1a: Charizard|0 fnt
|faint|p1a: Charizard
|-damage|p2b: Venusaur|23/100|[from] item: Life Orb
|
|-weather|SunnyDay|[upkeep]
|-heal|p1b: Archaludon|100/100|[from] item: Leftovers
|upkeep
|
|t:|1785681313
|switch|p1a: Grimmsnarl|Grimmsnarl, L50, M|100/100
|turn|4
|
|t:|1785681326
|move|p2a: Charizard|Protect|p2a: Charizard
|-singleturn|p2a: Charizard|Protect
|move|p1a: Grimmsnarl|Light Screen|p1a: Grimmsnarl
|-sidestart|p1: b3rta|move: Light Screen
|move|p2b: Venusaur|Sludge Bomb|p1a: Grimmsnarl
|-supereffective|p1a: Grimmsnarl|1
|-damage|p1a: Grimmsnarl|30/100
|-status|p1a: Grimmsnarl|psn
|-damage|p2b: Venusaur|14/100|[from] item: Life Orb
|move|p1b: Archaludon|Dragon Pulse|p2b: Venusaur
|-damage|p2b: Venusaur|0 fnt
|faint|p2b: Venusaur
|
|-weather|SunnyDay|[upkeep]
|-damage|p1a: Grimmsnarl|17/100 psn|[from] psn
|upkeep
|
|t:|1785681331
|switch|p2b: Sylveon|Sylveon, L50, F|100/100
|turn|5
|
|t:|1785681355
|move|p2b: Sylveon|Quick Attack|p1a: Grimmsnarl
|-supereffective|p1a: Grimmsnarl|1
|-damage|p1a: Grimmsnarl|0 fnt
|faint|p1a: Grimmsnarl
|move|p2a: Charizard|Weather Ball|p1b: Archaludon
|-damage|p1b: Archaludon|42/100
|-ability|p1b: Archaludon|Stamina|boost
|-boost|p1b: Archaludon|def|1
|move|p1b: Archaludon|Dragon Pulse|p2a: Charizard
|-damage|p2a: Charizard|53/100
|
|-weather|SunnyDay|[upkeep]
|-heal|p1b: Archaludon|48/100|[from] item: Leftovers
|upkeep
|
|t:|1785681362
|switch|p1a: Pelipper|Pelipper, L50, F|49/100
|-weather|RainDance|[from] ability: Drizzle|[of] p1a: Pelipper
|turn|6
|
|t:|1785681375
|switch|p2a: Garchomp|Garchomp, L50, F|100/100
|move|p1b: Archaludon|Protect|p1b: Archaludon
|-singleturn|p1b: Archaludon|Protect
|move|p2b: Sylveon|Detect|p2b: Sylveon
|-singleturn|p2b: Sylveon|Protect
|move|p1a: Pelipper|Tailwind|p1a: Pelipper
|-sidestart|p1: b3rta|move: Tailwind
|
|-weather|RainDance|[upkeep]
|-heal|p1b: Archaludon|54/100|[from] item: Leftovers
|upkeep
|turn|7
|
|t:|1785681384
|move|p2a: Garchomp|Stomping Tantrum|p1b: Archaludon
|-supereffective|p1b: Archaludon|1
|-damage|p1b: Archaludon|23/100
|-ability|p1b: Archaludon|Stamina|boost
|-boost|p1b: Archaludon|def|1
|move|p1b: Archaludon|Dragon Pulse|p2a: Garchomp
|-supereffective|p2a: Garchomp|1
|-damage|p2a: Garchomp|0 fnt
|faint|p2a: Garchomp
|move|p1a: Pelipper|Weather Ball|p2b: Sylveon
|-damage|p2b: Sylveon|58/100
|move|p2b: Sylveon|Hyper Voice|p1b: Archaludon|[spread] p1a,p1b
|-damage|p1a: Pelipper|13/100
|-damage|p1b: Archaludon|0 fnt
|faint|p1b: Archaludon
|
|-weather|RainDance|[upkeep]
|upkeep
|
|t:|1785681387
|switch|p2a: Charizard|Charizard-Mega-Y, L50, F|53/100
|-weather|SunnyDay|[from] ability: Drought|[of] p2a: Charizard
|turn|8
|c|☆new mental|gg
|-message|b3rta forfeited.
|
|win|new mental
|raw|b3rta's rating: 1377 → 1355(-22 for losing)
|raw|new mental's rating: 1350 → 1372(+22 for winning)
