|j|☆Luke693VGC
|j|☆snoople boot
|html|Luke693VGCsnoople boot    
|uhtml|bestof|Game 2 of a best-of-3
|t:|1757007947
|gametype|doubles
|player|p1|Luke693VGC|cyclist-gen4|1168
|player|p2|snoople boot|mars|1178
|gen|9
|tier|[Gen 9] VGC 2025 Reg H (Bo3)
|rated|
|rule|Species Clause: Limit one of each Pokémon
|rule|Item Clause: Limit 1 of each item
|clearpoke
|poke|p1|Archaludon, L50, F|
|poke|p1|Pelipper, L50, M|
|poke|p1|Basculegion, L50, M|
|poke|p1|Amoonguss, L50, M|
|poke|p1|Incineroar, L50, M|
|poke|p1|Gholdengo, L50|
|poke|p2|Torkoal, L50, M|
|poke|p2|Dragonite, L50, F|
|poke|p2|Typhlosion-Hisui, L50, F|
|poke|p2|Dragapult, L50, M|
|poke|p2|Sneasler, L50, M|
|poke|p2|Indeedee, L50, M|
|teampreview|4
|showteam|p1|Archaludon||AssaultVest|Stamina|DragonPulse,ElectroShot,FlashCannon,BodyPress|||F|||50|,,,,,Grass]Pelipper||FocusSash|Drizzle|WeatherBall,Hurricane,Tailwind,Protect|||M|||50|,,,,,Stellar]Basculegion||ChoiceBand|SwiftSwim|WaveCrash,LastRespects,AquaJet,FlipTurn|||M|||50|,,,,,Water]Amoonguss||SitrusBerry|Regenerator|PollenPuff,RagePowder,Spore,Protect|||M|||50|,,,,,Water]Incineroar||SafetyGoggles|Intimidate|KnockOff,FakeOut,PartingShot,Taunt|||M|||50|,,,,,Ghost]Gholdengo||LifeOrb|GoodasGold|MakeItRain,ShadowBall,NastyPlot,Protect||||||50|,,,,,Water
|showteam|p2|Torkoal||EjectPack|Drought|Overheat,BurningJealousy,HelpingHand,Protect|||M|||50|,,,,,Flying]Dragonite||LoadedDice|Multiscale|ScaleShot,ExtremeSpeed,Tailwind,Protect|||F|||50|,,,,,Fairy]Typhlosion-Hisui||ChoiceSpecs|Blaze|Eruption,ShadowBall,HeatWave,Overheat|||F|||50|,,,,,Stellar]Dragapult||ChoiceBand|ClearBody|DragonDarts,TeraBlast,Uturn,PhantomForce|||M|||50|,,,,,Ghost]Sneasler||PsychicSeed|Unburden|CloseCombat,DireClaw,ThroatChop,Protect|||M|||50|,,,,,Stellar]Indeedee||FocusSash|PsychicSurge|ExpandingForce,Protect,Imprison,TrickRoom|||M|||50|,,,,,Psychic
|inactive|Battle timer is ON: inactive players will automatically lose when time's up. (requested by Luke693VGC)
|
|t:|1757007990
|teamsize|p1|4
|teamsize|p2|4
|start
|switch|p1a: Basculegion|Basculegion, L50, M|100/100
|switch|p1b: Pelipper|Pelipper, L50, M|100/100
|switch|p2a: Sneasler|Sneasler, L50, M|100/100
|switch|p2b: Indeedee|Indeedee, L50, M|100/100
|-fieldstart|move: Psychic Terrain|[from] ability: Psychic Surge|[of] p2b: Indeedee
|-enditem|p2a: Sneasler|Psychic Seed
|-boost|p2a: Sneasler|spd|1|[from] item: Psychic Seed
|-weather|RainDance|[from] ability: Drizzle|[of] p1b: Pelipper
|turn|1
|inactive|Luke693VGC has 30 seconds left.
|inactive|snoople boot has 30 seconds left.
|
|t:|1757008016
|-terastallize|p1a: Basculegion|Water
|move|p2a: Sneasler|Protect|p2a: Sneasler
|-singleturn|p2a: Sneasler|Protect
|move|p1a: Basculegion|Wave Crash|p2b: Indeedee
|-enditem|p2b: Indeedee|Focus Sash
|-damage|p2b: Indeedee|1/100
|-damage|p1a: Basculegion|78/100|[from] Recoil
|move|p2b: Indeedee|Expanding Force|p1a: Basculegion|[spread] p1a,p1b
|-damage|p1a: Basculegion|22/100
|-damage|p1b: Pelipper|9/100
|move|p1b: Pelipper|Tailwind|p1b: Pelipper
|-sidestart|p1: Luke693VGC|move: Tailwind
|
|-weather|RainDance|[upkeep]
|upkeep
|turn|2
|
|t:|1757008040
|switch|p2b: Torkoal|Torkoal, L50, M|100/100
|-weather|SunnyDay|[from] ability: Drought|[of] p2b: Torkoal
|move|p2a: Sneasler|Dire Claw|p1a: Basculegion
|-damage|p1a: Basculegion|0 fnt
|faint|p1a: Basculegion
|move|p1b: Pelipper|Weather Ball|p2b: Torkoal
|-resisted|p2b: Torkoal
|-damage|p2b: Torkoal|69/100
|
|-weather|SunnyDay|[upkeep]
|upkeep
|
|t:|1757008054
|switch|p1a: Gholdengo|Gholdengo, L50|100/100
|turn|3
|
|t:|1757008078
|-terastallize|p2a: Sneasler|Stellar
|move|p2a: Sneasler|Throat Chop|p1a: Gholdengo
|-supereffective|p1a: Gholdengo
|-damage|p1a: Gholdengo|14/100
|-start|p1a: Gholdengo|Throat Chop|[silent]
|move|p1a: Gholdengo|Make It Rain|p2a: Sneasler|[spread] p2a,p2b
|-resisted|p2b: Torkoal
|-damage|p2a: Sneasler|50/100
|-damage|p2b: Torkoal|24/100
|-unboost|p1a: Gholdengo|spa|1
|-damage|p1a: Gholdengo|5/100|[from] item: Life Orb
|move|p1b: Pelipper|Weather Ball|p2a: Sneasler
|-crit|p2a: Sneasler
|-damage|p2a: Sneasler|0 fnt
|faint|p2a: Sneasler
|move|p2b: Torkoal|Burning Jealousy|p1a: Gholdengo|[spread] p1a,p1b
|-supereffective|p1a: Gholdengo
|-resisted|p1b: Pelipper
|-damage|p1a: Gholdengo|0 fnt
|-damage|p1b: Pelipper|0 fnt
|faint|p1a: Gholdengo
|faint|p1b: Pelipper
|
|-weather|SunnyDay|[upkeep]
|upkeep
|inactive|Luke693VGC has 30 seconds left.
|inactive|snoople boot has 30 seconds left.
|
|t:|1757008106
|switch|p2a: Indeedee|Indeedee, L50, M|1/100
|switch|p1b: Incineroar|Incineroar, L50, M|100/100
|-ability|p1b: Incineroar|Intimidate|boost
|-unboost|p2a: Indeedee|atk|1
|-unboost|p2b: Torkoal|atk|1
|-enditem|p2b: Torkoal|Eject Pack
|
|t:|1757008112
|switch|p2b: Dragapult|Dragapult, L50, M|100/100
|turn|4
|
|t:|1757008136
|move|p2a: Indeedee|Protect|p2a: Indeedee
|-singleturn|p2a: Indeedee|Protect
|move|p2b: Dragapult|U-turn|p1b: Incineroar
|-damage|p1b: Incineroar|69/100
|
|t:|1757008139
|switch|p2b: Torkoal|Torkoal, L50, M|24/100|[from] U-turn
|move|p1b: Incineroar|Knock Off|p2b: Torkoal
|-damage|p2b: Torkoal|3/100
|
|-weather|SunnyDay|[upkeep]
|-sideend|p1: Luke693VGC|move: Tailwind
|upkeep
|turn|5
|
|t:|1757008161
|switch|p2a: Dragapult|Dragapult, L50, M|100/100
|move|p2b: Torkoal|Protect|p2b: Torkoal
|-singleturn|p2b: Torkoal|Protect
|move|p1b: Incineroar|Knock Off|p2a: Dragapult
|-supereffective|p2a: Dragapult
|-damage|p2a: Dragapult|1/100
|-enditem|p2a: Dragapult|Choice Band|[from] move: Knock Off|[of] p1b: Incineroar
|
|-weather|SunnyDay|[upkeep]
|-fieldend|move: Psychic Terrain
|upkeep
|turn|6
|
|t:|1757008185
|move|p2b: Torkoal|Helping Hand|p2a: Dragapult
|-singleturn|p2a: Dragapult|Helping Hand|[of] p2b: Torkoal
|move|p2a: Dragapult|Dragon Darts|p1b: Incineroar
|-damage|p1b: Incineroar|40/100
|-anim|p2a: Dragapult|Dragon Darts|p1b: Incineroar
|-damage|p1b: Incineroar|7/100
|move|p1b: Incineroar|Knock Off|p2a: Dragapult
|-supereffective|p2a: Dragapult
|-damage|p2a: Dragapult|0 fnt
|faint|p2a: Dragapult
|
|-weather|none
|upkeep
|-message|snoople boot forfeited.
|
|win|Luke693VGC
