|j|☆teyvgc
|j|☆WestyLiam
|html|teyvgcWestyLiam    
|uhtml|bestof|Game 2 of a best-of-3
|t:|1757197906
|gametype|doubles
|player|p1|teyvgc|benga|1280
|player|p2|WestyLiam|1|1340
|gen|9
|tier|[Gen 9] VGC 2025 Reg H (Bo3)
|rated|
|rule|Species Clause: Limit one of each Pokémon
|rule|Item Clause: Limit 1 of each item
|clearpoke
|poke|p1|Gholdengo, L50|
|poke|p1|Dragonite, L50, F|
|poke|p1|Sneasler, L50, F|
|poke|p1|Incineroar, L50, F|
|poke|p1|Indeedee, L50, M|
|poke|p1|Ninetales-Alola, L50, F|
|poke|p2|Tyranitar, L50, F|
|poke|p2|Excadrill, L50, M|
|poke|p2|Kommo-o, L50, F|
|poke|p2|Amoonguss, L50, F|
|poke|p2|Incineroar, L50, F|
|poke|p2|Basculegion, L50, M|
|teampreview|4
|showteam|p1|Gholdengo||LifeOrb|GoodasGold|Protect,MakeItRain,ShadowBall,NastyPlot||||||50|,,,,,Water]Dragonite||LoadedDice|Multiscale|ScaleShot,Tailwind,Haze,Protect|||F|||50|,,,,,Fairy]Sneasler||PsychicSeed|Unburden|Protect,DireClaw,CloseCombat,ThroatChop|||F|||50|,,,,,Dark]Incineroar||SafetyGoggles|Intimidate|KnockOff,PartingShot,FlareBlitz,FakeOut|||F|||50|,,,,,Ghost]Indeedee||ChoiceScarf|PsychicSurge|Protect,Trick,TeraBlast,ExpandingForce|||M|||50|,,,,,Psychic]Ninetales-Alola||FocusSash|SnowWarning|Blizzard,IcyWind,Encore,AuroraVeil|||F|||50|,,,,,Ghost
|showteam|p2|Tyranitar||AssaultVest|SandStream|KnockOff,RockSlide,LowKick,TeraBlast|||F|||50|,,,,,Flying]Excadrill||FocusSash|SandRush|Earthquake,HighHorsepower,IronHead,Protect|||M|||50|,,,,,Water]Kommo-o||ThroatSpray|Overcoat|ClangingScales,AuraSphere,ClangorousSoul,Protect|||F|||50|,,,,,Steel]Amoonguss||SitrusBerry|Regenerator|PollenPuff,Spore,RagePowder,Protect|||F|||50|,,,,,Water]Incineroar||SafetyGoggles|Intimidate|FlareBlitz,KnockOff,PartingShot,FakeOut|||F|||50|,,,,,Ghost]Basculegion||ChoiceScarf|Adaptability|WaveCrash,FlipTurn,AquaJet,LastRespects|||M|||50|,,,,,Grass
|
|t:|1757197954
|teamsize|p1|4
|teamsize|p2|4
|start
|switch|p1a: Sneasler|Sneasler, L50, F|100/100
|switch|p1b: Indeedee|Indeedee, L50, M|100/100
|switch|p2a: Amoonguss|Amoonguss, L50, F|100/100
|switch|p2b: Excadrill|Excadrill, L50, M|100/100
|-fieldstart|move: Psychic Terrain|[from] ability: Psychic Surge|[of] p1b: Indeedee
|-enditem|p1a: Sneasler|Psychic Seed
|-boost|p1a: Sneasler|spd|1|[from] item: Psychic Seed
|turn|1
|
|t:|1757197983
|-terastallize|p1a: Sneasler|Dark
|-terastallize|p2a: Amoonguss|Water
|move|p1a: Sneasler|Dire Claw|p2a: Amoonguss
|-damage|p2a: Amoonguss|66/100
|move|p1b: Indeedee|Expanding Force|p2a: Amoonguss|[spread] p2a,p2b
|-resisted|p2b: Excadrill
|-damage|p2a: Amoonguss|14/100
|-damage|p2b: Excadrill|61/100
|-enditem|p2a: Amoonguss|Sitrus Berry|[eat]
|-heal|p2a: Amoonguss|39/100|[from] item: Sitrus Berry
|move|p2b: Excadrill|High Horsepower|p1b: Indeedee
|-crit|p1b: Indeedee
|-damage|p1b: Indeedee|0 fnt
|faint|p1b: Indeedee
|move|p2a: Amoonguss|Spore|p1a: Sneasler
|-status|p1a: Sneasler|slp|[from] move: Spore
|
|upkeep
|
|t:|1757197995
|switch|p1b: Incineroar|Incineroar, L50, F|100/100
|-ability|p1b: Incineroar|Intimidate|boost
|-unboost|p2a: Amoonguss|atk|1
|-unboost|p2b: Excadrill|atk|1
|turn|2
|
|t:|1757198012
|switch|p2b: Tyranitar|Tyranitar, L50, F|100/100
|-weather|Sandstorm|[from] ability: Sand Stream|[of] p2b: Tyranitar
|switch|p2a: Basculegion|Basculegion, L50, M|100/100
|cant|p1a: Sneasler|slp
|move|p1b: Incineroar|Flare Blitz|p2b: Tyranitar
|-resisted|p2b: Tyranitar
|-damage|p2b: Tyranitar|80/100
|-damage|p1b: Incineroar|94/100|[from] Recoil
|
|-weather|Sandstorm|[upkeep]
|-damage|p1a: Sneasler|95/100 slp|[from] Sandstorm
|-damage|p2a: Basculegion|94/100|[from] Sandstorm
|upkeep
|turn|3
|
|t:|1757198028
|-curestatus|p1a: Sneasler|slp|[msg]
|move|p1a: Sneasler|Throat Chop|p2a: Basculegion
|-supereffective|p2a: Basculegion
|-damage|p2a: Basculegion|0 fnt
|faint|p2a: Basculegion
|move|p2b: Tyranitar|Rock Slide|p1b: Incineroar|[spread] p1b
|-miss|p2b: Tyranitar|p1a: Sneasler
|-supereffective|p1b: Incineroar
|-damage|p1b: Incineroar|37/100
|move|p1b: Incineroar|Knock Off|p2b: Tyranitar
|-resisted|p2b: Tyranitar
|-damage|p2b: Tyranitar|64/100
|-enditem|p2b: Tyranitar|Assault Vest|[from] move: Knock Off|[of] p1b: Incineroar
|
|-weather|Sandstorm|[upkeep]
|-damage|p1a: Sneasler|89/100|[from] Sandstorm
|upkeep
|
|t:|1757198038
|switch|p2a: Amoonguss|Amoonguss, L50, F, tera:Water|72/100
|turn|4
|
|t:|1757198075
|switch|p1b: Ninetales|Ninetales-Alola, L50, F|100/100
|-weather|Snowscape|[from] ability: Snow Warning|[of] p1b: Ninetales
|move|p1a: Sneasler|Protect|p1a: Sneasler
|-singleturn|p1a: Sneasler|Protect
|move|p2b: Tyranitar|Rock Slide|p1a: Sneasler|[spread] p1b
|-activate|p1a: Sneasler|move: Protect
|-supereffective|p1b: Ninetales
|-damage|p1b: Ninetales|39/100
|move|p2a: Amoonguss|Spore|p1a: Sneasler
|-activate|p1a: Sneasler|move: Protect
|
|-weather|Snowscape|[upkeep]
|upkeep
|turn|5
|inactive|Battle timer is ON: inactive players will automatically lose when time's up. (requested by WestyLiam)
|
|t:|1757198100
|switch|p1a: Incineroar|Incineroar, L50, F|37/100
|-ability|p1a: Incineroar|Intimidate|boost
|-unboost|p2a: Amoonguss|atk|1
|-unboost|p2b: Tyranitar|atk|1
|move|p1b: Ninetales|Aurora Veil|p1b: Ninetales
|-sidestart|p1: teyvgc|move: Aurora Veil
|move|p2b: Tyranitar|Rock Slide|p1b: Ninetales|[spread] p1a
|-miss|p2b: Tyranitar|p1b: Ninetales
|-supereffective|p1a: Incineroar
|-damage|p1a: Incineroar|9/100
|move|p2a: Amoonguss|Spore|p1a: Incineroar
|-activate|p1a: Incineroar|item: Safety Goggles|Spore
|
|-weather|Snowscape|[upkeep]
|-fieldend|move: Psychic Terrain
|upkeep
|turn|6
|inactive|teyvgc has 30 seconds left.
|inactive|teyvgc has 20 seconds left.
|inactive|teyvgc has 15 seconds left.
|
|t:|1757198142
|move|p1a: Incineroar|Fake Out|p2b: Tyranitar
|-resisted|p2b: Tyranitar
|-damage|p2b: Tyranitar|59/100
|move|p1b: Ninetales|Blizzard|p2a: Amoonguss|[spread] p2a,p2b
|-resisted|p2a: Amoonguss
|-damage|p2a: Amoonguss|58/100
|-damage|p2b: Tyranitar|28/100
|cant|p2b: Tyranitar|flinch
|move|p2a: Amoonguss|Pollen Puff|p2b: Tyranitar
|-heal|p2b: Tyranitar|78/100
|
|-weather|Snowscape|[upkeep]
|upkeep
|turn|7
|
|t:|1757198160
|move|p1b: Ninetales|Encore|p2a: Amoonguss
|-start|p2a: Amoonguss|Encore
|move|p2b: Tyranitar|Rock Slide|p1b: Ninetales|[spread] p1a,p1b
|-supereffective|p1a: Incineroar
|-crit|p1a: Incineroar
|-supereffective|p1b: Ninetales
|-damage|p1a: Incineroar|0 fnt
|-damage|p1b: Ninetales|9/100
|faint|p1a: Incineroar
|move|p2a: Amoonguss|Pollen Puff|p2b: Tyranitar
|-heal|p2b: Tyranitar|100/100
|
|-weather|Snowscape|[upkeep]
|upkeep
|
|t:|1757198165
|switch|p1a: Sneasler|Sneasler, L50, F, tera:Dark|89/100
|turn|8
|
|t:|1757198178
|move|p1a: Sneasler|Close Combat|p2a: Amoonguss
|-damage|p2a: Amoonguss|4/100
|-unboost|p1a: Sneasler|def|1
|-unboost|p1a: Sneasler|spd|1
|move|p1b: Ninetales|Blizzard|p2b: Tyranitar|[spread] p2a,p2b
|-resisted|p2a: Amoonguss
|-damage|p2a: Amoonguss|0 fnt
|-damage|p2b: Tyranitar|71/100
|faint|p2a: Amoonguss
|move|p2b: Tyranitar|Rock Slide|p1b: Ninetales|[spread] p1a,p1b
|-supereffective|p1b: Ninetales
|-damage|p1a: Sneasler|54/100
|-damage|p1b: Ninetales|0 fnt
|faint|p1b: Ninetales
|
|-weather|none
|upkeep
|
|t:|1757198182
|switch|p2a: Excadrill|Excadrill, L50, M|61/100
|turn|9
|
|t:|1757198194
|move|p1a: Sneasler|Close Combat|p2a: Excadrill
|-supereffective|p2a: Excadrill
|-damage|p2a: Excadrill|0 fnt
|-unboost|p1a: Sneasler|def|1
|-unboost|p1a: Sneasler|spd|1
|faint|p2a: Excadrill
|move|p2b: Tyranitar|Low Kick|p1a: Sneasler
|-supereffective|p1a: Sneasler
|-damage|p1a: Sneasler|0 fnt
|faint|p1a: Sneasler
|
|win|WestyLiam
|raw|teyvgc's rating: 1280 → 1259(-21 for losing)
|raw|WestyLiam's rating: 1340 → 1357(+17 for winning)
|l|☆WestyLiam
|player|p2|
