|j|☆Mountainman46
|j|☆Jun RH
|html|Mountainman46Jun RH    
|uhtml|bestof|Game 1 of a best-of-3
|t:|1757857702
|gametype|doubles
|player|p1|Mountainman46|102|1203
|player|p2|Jun RH|burglar|1074
|gen|9
|tier|[Gen 9] VGC 2025 Reg H (Bo3)
|rated|
|rule|Species Clause: Limit one of each Pokémon
|rule|Item Clause: Limit 1 of each item
|clearpoke
|poke|p1|Pelipper, L50, M|
|poke|p1|Basculegion, L50, M|
|poke|p1|Incineroar, L50, F|
|poke|p1|Archaludon, L50, F|
|poke|p1|Sinistcha, L50|
|poke|p1|Ursaluna, L50, M|
|poke|p2|Gholdengo, L50|
|poke|p2|Incineroar, L50, M|
|poke|p2|Amoonguss, L50, M|
|poke|p2|Dragonite, L50, M|
|poke|p2|Pelipper, L50, F|
|poke|p2|Archaludon, L50, F|
|teampreview|4
|showteam|p1|Pelipper||FocusSash|Drizzle|Hurricane,WeatherBall,Tailwind,Protect|||M|||50|,,,,,Stellar]Basculegion||ChoiceBand|SwiftSwim|WaveCrash,LastRespects,AquaJet,FlipTurn|||M|||50|,,,,,Water]Incineroar||SafetyGoggles|Intimidate|KnockOff,FakeOut,Taunt,PartingShot|||F|||50|,,,,,Flying]Archaludon||AssaultVest|Stamina|ElectroShot,DragonPulse,FlashCannon,BodyPress|||F|||50|,,,,,Bug]Sinistcha||SitrusBerry|Hospitality|MatchaGotcha,RagePowder,LifeDew,TrickRoom||||||50|,,,,,Water]Ursaluna||FlameOrb|Guts|HeadlongRush,Facade,Earthquake,Protect|||M|||50|,,,,,Ghost
|showteam|p2|Gholdengo||LifeOrb|GoodasGold|MakeItRain,ShadowBall,NastyPlot,Protect||||||50|,,,,,Water]Incineroar||SafetyGoggles|Intimidate|KnockOff,FlareBlitz,FakeOut,PartingShot|||M|||50|,,,,,Ghost]Amoonguss||RockyHelmet|Regenerator|RagePowder,PollenPuff,Protect,Spore|||M|||50|,,,,,Fairy]Dragonite||LoadedDice|Multiscale|ScaleShot,Tailwind,Protect,Haze|||M|||50|,,,,,Fairy]Pelipper||FocusSash|Drizzle|Hurricane,WeatherBall,WideGuard,Protect|||F|||50|,,,,,Stellar]Archaludon||AssaultVest|Stamina|FlashCannon,DracoMeteor,ElectroShot,BodyPress|||F|||50|,,,,,Grass
|inactive|Battle timer is ON: inactive players will automatically lose when time's up. (requested by Mountainman46)
|inactive|Mountainman46 has 60 seconds left.
|inactive|Jun RH has 60 seconds left.
|inactive|Jun RH has 30 seconds left.
|inactive|Jun RH has 20 seconds left.
|inactive|Jun RH has 15 seconds left.
|
|t:|1757857778
|teamsize|p1|4
|teamsize|p2|4
|start
|switch|p1a: Incineroar|Incineroar, L50, F, shiny|100/100
|switch|p1b: Archaludon|Archaludon, L50, F|100/100
|switch|p2a: Pelipper|Pelipper, L50, F|100/100
|switch|p2b: Archaludon|Archaludon, L50, F|100/100
|-weather|RainDance|[from] ability: Drizzle|[of] p2a: Pelipper
|-ability|p1a: Incineroar|Intimidate|boost
|-unboost|p2a: Pelipper|atk|1
|-unboost|p2b: Archaludon|atk|1
|turn|1
|inactive|Mountainman46 has 30 seconds left.
|inactive|Jun RH has 30 seconds left.
|inactive|Mountainman46 has 20 seconds left.
|
|t:|1757857815
|move|p2a: Pelipper|Protect|p2a: Pelipper
|-singleturn|p2a: Pelipper|Protect
|move|p1a: Incineroar|Knock Off|p2b: Archaludon
|-damage|p2b: Archaludon|71/100
|-ability|p2b: Archaludon|Stamina|boost
|-boost|p2b: Archaludon|def|1
|-enditem|p2b: Archaludon|Assault Vest|[from] move: Knock Off|[of] p1a: Incineroar
|move|p1b: Archaludon|Dragon Pulse|p2b: Archaludon
|-damage|p2b: Archaludon|22/100
|-ability|p2b: Archaludon|Stamina|boost
|-boost|p2b: Archaludon|def|1
|move|p2b: Archaludon|Body Press|p1b: Archaludon
|-supereffective|p1b: Archaludon
|-damage|p1b: Archaludon|37/100
|-ability|p1b: Archaludon|Stamina|boost
|-boost|p1b: Archaludon|def|1
|
|-weather|RainDance|[upkeep]
|upkeep
|turn|2
|inactive|Mountainman46 has 30 seconds left.
|inactive|Jun RH has 30 seconds left.
|inactive|Jun RH has 20 seconds left.
|inactive|Jun RH has 15 seconds left.
|inactive|Jun RH has 10 seconds left.
|
|t:|1757857861
|switch|p1a: Sinistcha|Sinistcha, L50|100/100
|-heal|p1b: Archaludon|61/100|[from] ability: Hospitality|[of] p1a: Sinistcha
|switch|p2b: Gholdengo|Gholdengo, L50|100/100
|move|p2a: Pelipper|Weather Ball|p1a: Sinistcha
|-resisted|p1a: Sinistcha
|-damage|p1a: Sinistcha|71/100
|move|p1b: Archaludon|Dragon Pulse|p2b: Gholdengo
|-resisted|p2b: Gholdengo
|-damage|p2b: Gholdengo|79/100
|
|-weather|RainDance|[upkeep]
|upkeep
|turn|3
|inactive|Mountainman46 has 30 seconds left.
|inactive|Jun RH has 30 seconds left.
|inactive|Mountainman46 has 20 seconds left.
|inactive|Jun RH has 20 seconds left.
|inactive|Mountainman46 has 15 seconds left.
|inactive|Mountainman46 has 10 seconds left.
|
|t:|1757857907
|-terastallize|p1a: Sinistcha|Water
|move|p1a: Sinistcha|Rage Powder|p1a: Sinistcha
|-singleturn|p1a: Sinistcha|move: Rage Powder
|move|p2b: Gholdengo|Nasty Plot|p2b: Gholdengo
|-boost|p2b: Gholdengo|spa|2
|move|p2a: Pelipper|Hurricane|p1a: Sinistcha
|-damage|p1a: Sinistcha|31/100
|-enditem|p1a: Sinistcha|Sitrus Berry|[eat]
|-heal|p1a: Sinistcha|56/100|[from] item: Sitrus Berry
|move|p1b: Archaludon|Electro Shot||[still]
|-prepare|p1b: Archaludon|Electro Shot
|-boost|p1b: Archaludon|spa|1
|-anim|p1b: Archaludon|Electro Shot|p2b: Gholdengo
|-damage|p2b: Gholdengo|6/100
|
|-weather|RainDance|[upkeep]
|upkeep
|turn|4
|inactive|Mountainman46 has 30 seconds left.
|inactive|Jun RH has 30 seconds left.
|
|t:|1757857941
|switch|p2a: Amoonguss|Amoonguss, L50, M|100/100
|move|p2b: Gholdengo|Protect|p2b: Gholdengo
|-singleturn|p2b: Gholdengo|Protect
|move|p1a: Sinistcha|Rage Powder|p1a: Sinistcha
|-singleturn|p1a: Sinistcha|move: Rage Powder
|move|p1b: Archaludon|Electro Shot||[still]
|-prepare|p1b: Archaludon|Electro Shot
|-boost|p1b: Archaludon|spa|1
|-anim|p1b: Archaludon|Electro Shot|p2b: Gholdengo
|-activate|p2b: Gholdengo|move: Protect
|
|-weather|RainDance|[upkeep]
|upkeep
|turn|5
|inactive|Mountainman46 has 30 seconds left.
|
|t:|1757857973
|switch|p1a: Incineroar|Incineroar, L50, F, shiny|100/100
|-ability|p1a: Incineroar|Intimidate|boost
|-unboost|p2a: Amoonguss|atk|1
|-unboost|p2b: Gholdengo|atk|1
|move|p2a: Amoonguss|Rage Powder|p2a: Amoonguss
|-singleturn|p2a: Amoonguss|move: Rage Powder
|move|p2b: Gholdengo|Shadow Ball|p1b: Archaludon
|-damage|p1b: Archaludon|0 fnt
|faint|p1b: Archaludon
|-damage|p2b: Gholdengo|0 fnt|[from] item: Life Orb
|faint|p2b: Gholdengo
|
|-weather|none
|upkeep
|
|t:|1757857995
|switch|p2b: Pelipper|Pelipper, L50, F|100/100
|switch|p1b: Sinistcha|Sinistcha, L50, tera:Water|56/100
|-weather|RainDance|[from] ability: Drizzle|[of] p2b: Pelipper
|turn|6
|inactive|Jun RH has 30 seconds left.
|
|t:|1757858024
|move|p2b: Pelipper|Hurricane|p1a: Incineroar
|-damage|p1a: Incineroar|56/100
|-start|p1a: Incineroar|confusion
|-activate|p1a: Incineroar|confusion
|move|p1a: Incineroar|Taunt|p2a: Amoonguss
|-start|p2a: Amoonguss|move: Taunt
|move|p1b: Sinistcha|Matcha Gotcha|p2a: Amoonguss|[spread] p2a,p2b
|-resisted|p2a: Amoonguss
|-damage|p2a: Amoonguss|95/100
|-heal|p1b: Sinistcha|59/100|[from] drain|[of] p2a: Amoonguss
|-damage|p2b: Pelipper|58/100
|-heal|p1b: Sinistcha|76/100|[from] drain|[of] p2b: Pelipper
|move|p2a: Amoonguss|Pollen Puff|p2b: Pelipper
|-heal|p2b: Pelipper|100/100
|
|-weather|RainDance|[upkeep]
|upkeep
|turn|7
|inactive|Mountainman46 has 30 seconds left.
|inactive|Jun RH has 30 seconds left.
|
|t:|1757858055
|move|p2b: Pelipper|Hurricane|p1a: Incineroar
|-damage|p1a: Incineroar|15/100
|-activate|p1a: Incineroar|confusion
|move|p1a: Incineroar|Parting Shot|p2b: Pelipper
|-unboost|p2b: Pelipper|atk|1
|-unboost|p2b: Pelipper|spa|1
|
|t:|1757858061
|switch|p1a: Ursaluna|Ursaluna, L50, M, shiny|100/100|[from] Parting Shot
|move|p2a: Amoonguss|Pollen Puff|p2b: Pelipper
|move|p1b: Sinistcha|Trick Room|p1b: Sinistcha
|-fieldstart|move: Trick Room|[of] p1b: Sinistcha
|
|-weather|RainDance|[upkeep]
|-status|p1a: Ursaluna|brn|[from] item: Flame Orb
|upkeep
|turn|8
|
|t:|1757858086
|move|p2a: Amoonguss|Pollen Puff|p2b: Pelipper
|move|p1a: Ursaluna|Facade|p2b: Pelipper
|-enditem|p2b: Pelipper|Focus Sash
|-damage|p2b: Pelipper|1/100
|move|p1b: Sinistcha|Matcha Gotcha|p2b: Pelipper|[spread] p2a,p2b
|-resisted|p2a: Amoonguss
|-crit|p2b: Pelipper
|-damage|p2a: Amoonguss|90/100
|-heal|p1b: Sinistcha|79/100|[from] drain|[of] p2a: Amoonguss
|-damage|p2b: Pelipper|0 fnt
|-heal|p1b: Sinistcha|80/100|[from] drain|[of] p2b: Pelipper
|faint|p2b: Pelipper
|
|-weather|RainDance|[upkeep]
|-damage|p1a: Ursaluna|94/100 brn|[from] brn
|-end|p2a: Amoonguss|move: Taunt
|upkeep
|
|t:|1757858105
|switch|p2b: Archaludon|Archaludon, L50, F|22/100
|turn|9
|inactive|Mountainman46 has 30 seconds left.
|inactive|Mountainman46 has 20 seconds left.
|inactive|Mountainman46 has 15 seconds left.
|
|t:|1757858149
|switch|p1b: Incineroar|Incineroar, L50, F, shiny|15/100
|-ability|p1b: Incineroar|Intimidate|boost
|-unboost|p2a: Amoonguss|atk|1
|-unboost|p2b: Archaludon|atk|1
|move|p2a: Amoonguss|Rage Powder|p2a: Amoonguss
|-singleturn|p2a: Amoonguss|move: Rage Powder
|move|p1a: Ursaluna|Headlong Rush|p2a: Amoonguss
|-damage|p2a: Amoonguss|2/100
|-unboost|p1a: Ursaluna|def|1
|-unboost|p1a: Ursaluna|spd|1
|-damage|p1a: Ursaluna|78/100 brn|[from] item: Rocky Helmet|[of] p2a: Amoonguss
|move|p2b: Archaludon|Electro Shot||[still]
|-prepare|p2b: Archaludon|Electro Shot
|-boost|p2b: Archaludon|spa|1
|-anim|p2b: Archaludon|Electro Shot|p1b: Incineroar
|-damage|p1b: Incineroar|0 fnt
|faint|p1b: Incineroar
|
|-weather|RainDance|[upkeep]
|-damage|p1a: Ursaluna|72/100 brn|[from] brn
|upkeep
|
|t:|1757858167
|switch|p1b: Sinistcha|Sinistcha, L50, tera:Water|80/100
|-heal|p1a: Ursaluna|97/100 brn|[from] ability: Hospitality|[of] p1b: Sinistcha
|turn|10
|
|t:|1757858191
|-terastallize|p2b: Archaludon|Grass
|move|p2a: Amoonguss|Pollen Puff|p2b: Archaludon
|-heal|p2b: Archaludon|72/100
|move|p1a: Ursaluna|Earthquake|p2b: Archaludon|[spread] p1b,p2a,p2b
|-resisted|p2b: Archaludon
|-damage|p1b: Sinistcha|15/100
|-damage|p2a: Amoonguss|0 fnt
|-damage|p2b: Archaludon|47/100
|-ability|p2b: Archaludon|Stamina|boost
|-boost|p2b: Archaludon|def|1
|faint|p2a: Amoonguss
|move|p1b: Sinistcha|Life Dew|p1b: Sinistcha|[spread] p1a,p1b
|-heal|p1a: Ursaluna|100/100 brn
|-heal|p1b: Sinistcha|40/100
|move|p2b: Archaludon|Electro Shot||[still]
|-prepare|p2b: Archaludon|Electro Shot
|-boost|p2b: Archaludon|spa|1
|-anim|p2b: Archaludon|Electro Shot|p1b: Sinistcha
|-supereffective|p1b: Sinistcha
|-damage|p1b: Sinistcha|0 fnt
|faint|p1b: Sinistcha
|
|-weather|none
|-damage|p1a: Ursaluna|94/100 brn|[from] brn
|upkeep
|turn|11
|inactive|Jun RH has 30 seconds left.
|
|t:|1757858218
|move|p1a: Ursaluna|Facade|p2b: Archaludon
|-damage|p2b: Archaludon|0 fnt
|faint|p2b: Archaludon
|
|win|Mountainman46
||Jun RH is ready for game 2.
||Mountainman46 is ready for game 2.
|uhtml|next|Next: Game 2 of 3
