|j|☆Grugeater45
|j|☆jANMxRin
|html|Grugeater45jANMxRin    
|uhtml|bestof|Game 3 of a best-of-3
|t:|1756918761
|gametype|doubles
|player|p1|Grugeater45|gentleman|1087
|player|p2|jANMxRin|acerola-masters|1132
|gen|9
|tier|[Gen 9] VGC 2025 Reg H (Bo3)
|rated|
|rule|Species Clause: Limit one of each Pokémon
|rule|Item Clause: Limit 1 of each item
|clearpoke
|poke|p1|Ursaluna-Bloodmoon, L50, M|
|poke|p1|Porygon2, L50|
|poke|p1|Ninetales-Alola, L50, M|
|poke|p1|Incineroar, L50, M|
|poke|p1|Amoonguss, L50, F|
|poke|p1|Basculegion, L50, M|
|poke|p2|Corviknight, L50, M|
|poke|p2|Tyranitar, L50, F|
|poke|p2|Garchomp, L50, M|
|poke|p2|Gholdengo, L50|
|poke|p2|Primarina, L50, F|
|poke|p2|Annihilape, L50, M|
|teampreview|4
|showteam|p1|Ursaluna-Bloodmoon||LifeOrb|MindsEye|BloodMoon,HyperVoice,EarthPower,Protect|||M|||50|,,,,,Normal]Porygon2||Eviolite|Download|IceBeam,Recover,TrickRoom,TeraBlast||||||50|,,,,,Fighting]Ninetales-Alola||FocusSash|SnowWarning|Blizzard,Moonblast,MistyTerrain,Protect|||M|||50|,,,,,Ghost]Incineroar||SafetyGoggles|Intimidate|FakeOut,FlareBlitz,Uturn,KnockOff|||M|||50|,,,,,Ghost]Amoonguss||SitrusBerry|Regenerator|RagePowder,Spore,PollenPuff,Protect|||F|||50|,,,,,Water]Basculegion||ChoiceScarf|SwiftSwim|WaveCrash,LastRespects,AquaJet,FlipTurn|||M|||50|,,,,,Water
|showteam|p2|Corviknight||Leftovers|MirrorArmor|BraveBird,BulkUp,Roost,Tailwind|||M|||50|,,,,,Dragon]Tyranitar||AssaultVest|SandStream|RockSlide,KnockOff,LowKick,TeraBlast|||F|||50|,,,,,Flying]Garchomp||LifeOrb|RoughSkin|Protect,DragonClaw,StompingTantrum,Earthquake|||M|||50|,,,,,Fairy]Gholdengo||MetalCoat|GoodasGold|MakeItRain,ShadowBall,NastyPlot,Protect||||||50|,,,,,Water]Primarina||SitrusBerry|LiquidVoice|HyperVoice,Moonblast,Haze,Protect|||F|||50|,,,,,Grass]Annihilape||SafetyGoggles|Defiant|CloseCombat,FinalGambit,RageFist,Taunt|||M|||50|,,,,,Water
|inactive|Battle timer is ON: inactive players will automatically lose when time's up. (requested by jANMxRin)
|inactive|Grugeater45 has 60 seconds left.
|inactive|Grugeater45 has 30 seconds left.
|inactive|Grugeater45 has 20 seconds left.
|
|t:|1756918855
|teamsize|p1|4
|teamsize|p2|4
|start
|switch|p1a: Porygon2|Porygon2, L50|100/100
|switch|p1b: Amoonguss|Amoonguss, L50, F|100/100
|switch|p2a: Corviknight|Corviknight, L50, M|100/100
|switch|p2b: Annihilape|Annihilape, L50, M|100/100
|-ability|p1a: Porygon2|Download|boost
|-boost|p1a: Porygon2|atk|1
|turn|1
|inactive|Grugeater45 has 30 seconds left.
|inactive|jANMxRin has 30 seconds left.
|inactive|Grugeater45 has 20 seconds left.
|inactive|Grugeater45 has 15 seconds left.
|inactive|Grugeater45 has 10 seconds left.
|
|t:|1756918903
|switch|p1a: Ursaluna|Ursaluna-Bloodmoon, L50, M|100/100
|move|p1b: Amoonguss|Protect|p1b: Amoonguss
|-singleturn|p1b: Amoonguss|Protect
|move|p2b: Annihilape|Taunt|p1a: Ursaluna
|-start|p1a: Ursaluna|move: Taunt
|move|p2a: Corviknight|Brave Bird|p1b: Amoonguss
|-activate|p1b: Amoonguss|move: Protect
|
|upkeep
|turn|2
|inactive|Grugeater45 has 30 seconds left.
|inactive|jANMxRin has 30 seconds left.
|inactive|Grugeater45 has 20 seconds left.
|inactive|jANMxRin has 20 seconds left.
|inactive|Grugeater45 has 15 seconds left.
|
|t:|1756918946
|-terastallize|p1b: Amoonguss|Water
|move|p1b: Amoonguss|Rage Powder|p1b: Amoonguss
|-singleturn|p1b: Amoonguss|move: Rage Powder
|move|p2b: Annihilape|Taunt|p1b: Amoonguss
|-start|p1b: Amoonguss|move: Taunt
|move|p2a: Corviknight|Brave Bird|p1b: Amoonguss
|-damage|p1b: Amoonguss|60/100
|-damage|p2a: Corviknight|86/100|[from] Recoil
|move|p1a: Ursaluna|Blood Moon|p2b: Annihilape
|-damage|p2b: Annihilape|0 fnt
|faint|p2b: Annihilape
|-damage|p1a: Ursaluna|91/100|[from] item: Life Orb
|
|-heal|p2a: Corviknight|92/100|[from] item: Leftovers
|upkeep
|
|t:|1756918965
|switch|p2b: Garchomp|Garchomp, L50, M|100/100
|turn|3
|inactive|jANMxRin has 30 seconds left.
|inactive|jANMxRin has 20 seconds left.
|inactive|jANMxRin has 15 seconds left.
|
|t:|1756919009
|switch|p1a: Porygon2|Porygon2, L50|100/100
|-ability|p1a: Porygon2|Download|boost
|-boost|p1a: Porygon2|spa|1
|move|p2b: Garchomp|Dragon Claw|p1a: Porygon2
|-damage|p1a: Porygon2|70/100
|-damage|p2b: Garchomp|91/100|[from] item: Life Orb
|move|p2a: Corviknight|Brave Bird|p1a: Porygon2
|-damage|p1a: Porygon2|45/100
|-damage|p2a: Corviknight|84/100|[from] Recoil
|move|p1b: Amoonguss|Pollen Puff|p1a: Porygon2
|-heal|p1a: Porygon2|95/100
|
|-heal|p2a: Corviknight|90/100|[from] item: Leftovers
|upkeep
|turn|4
|inactive|Grugeater45 has 30 seconds left.
|inactive|jANMxRin has 30 seconds left.
|inactive|Grugeater45 has 20 seconds left.
|inactive|Grugeater45 has 15 seconds left.
|
|t:|1756919051
|switch|p1b: Basculegion|Basculegion, L50, M|100/100
|-terastallize|p2b: Garchomp|Fairy
|move|p2b: Garchomp|Dragon Claw|p1b: Basculegion
|-damage|p1b: Basculegion|24/100
|-damage|p2b: Garchomp|81/100|[from] item: Life Orb
|move|p2a: Corviknight|Brave Bird|p1b: Basculegion
|-damage|p1b: Basculegion|0 fnt
|faint|p1b: Basculegion
|-damage|p2a: Corviknight|82/100|[from] Recoil
|move|p1a: Porygon2|Ice Beam|p2b: Garchomp
|-damage|p2b: Garchomp|40/100
|-status|p2b: Garchomp|frz
|
|-heal|p2a: Corviknight|88/100|[from] item: Leftovers
|upkeep
|c|☆jANMxRin|bruuuuh
|c|☆Grugeater45|oof rip
|inactive|Grugeater45 has 30 seconds left.
|c|☆Grugeater45|sorry man :(
|c|☆jANMxRin|all good haha
|
|t:|1756919085
|switch|p1b: Amoonguss|Amoonguss, L50, F, tera:Water|93/100
|turn|5
|
|t:|1756919109
|cant|p2b: Garchomp|frz
|move|p2a: Corviknight|Bulk Up|p2a: Corviknight
|-boost|p2a: Corviknight|atk|1
|-boost|p2a: Corviknight|def|1
|move|p1b: Amoonguss|Spore|p2a: Corviknight
|-status|p2a: Corviknight|slp|[from] move: Spore
|move|p1a: Porygon2|Trick Room|p1a: Porygon2
|-fieldstart|move: Trick Room|[of] p1a: Porygon2
|
|-heal|p2a: Corviknight|94/100 slp|[from] item: Leftovers
|upkeep
|turn|6
|
|t:|1756919129
|switch|p1b: Ursaluna|Ursaluna-Bloodmoon, L50, M|91/100
|move|p1a: Porygon2|Ice Beam|p2a: Corviknight
|-damage|p2a: Corviknight|64/100 slp
|cant|p2a: Corviknight|slp
|cant|p2b: Garchomp|frz
|
|-heal|p2a: Corviknight|70/100 slp|[from] item: Leftovers
|upkeep
|turn|7
|
|t:|1756919144
|move|p1a: Porygon2|Ice Beam|p2a: Corviknight
|-crit|p2a: Corviknight
|-damage|p2a: Corviknight|21/100 slp
|move|p1b: Ursaluna|Hyper Voice|p2a: Corviknight|[spread] p2a,p2b
|-resisted|p2a: Corviknight
|-damage|p2a: Corviknight|0 fnt
|-damage|p2b: Garchomp|0 fnt
|faint|p2a: Corviknight
|faint|p2b: Garchomp
|-damage|p1b: Ursaluna|81/100|[from] item: Life Orb
|
|upkeep
|c|☆Grugeater45|holy hax
|
|t:|1756919156
|switch|p2a: Primarina|Primarina, L50, F|100/100
|turn|8
|c|☆Grugeater45|im so sorry
|
|t:|1756919163
|move|p1a: Porygon2|Tera Blast|p2a: Primarina
|-damage|p2a: Primarina|59/100
|move|p1b: Ursaluna|Blood Moon|p2a: Primarina
|-damage|p2a: Primarina|0 fnt
|faint|p2a: Primarina
|-damage|p1b: Ursaluna|71/100|[from] item: Life Orb
|
|win|Grugeater45
|raw|Grugeater45's rating: 1087 → 1117(+30 for winning)
|raw|jANMxRin's rating: 1132 → 1104(-28 for losing)
