|j|☆aaron10600
|j|☆R4ka
|html|aaron10600R4ka    
|uhtml|bestof|Game 1 of a best-of-3
|t:|1756920109
|gametype|doubles
|player|p1|aaron10600|169|
|player|p2|R4ka|riley|
|gen|9
|tier|[Gen 9] VGC 2025 Reg H (Bo3)
|rule|Species Clause: Limit one of each Pokémon
|rule|Item Clause: Limit 1 of each item
|clearpoke
|poke|p1|Archaludon, L50, F|
|poke|p1|Murkrow, L50, M|
|poke|p1|Basculegion, L50, M|
|poke|p1|Indeedee, L50, M|
|poke|p1|Sneasler, L50, F|
|poke|p1|Delphox, L50, M|
|poke|p2|Rillaboom, L50, F|
|poke|p2|Dragonite, L50, M|
|poke|p2|Sneasler, L50, F|
|poke|p2|Kingambit, L50, M|
|poke|p2|Electabuzz, L50, M|
|poke|p2|Volcarona, L50, F|
|teampreview|4
|showteam|p1|Archaludon||AssaultVest|Stamina|DracoMeteor,ElectroShot,FlashCannon,BodyPress|||F|||50|,,,,,Grass]Murkrow||Eviolite|Prankster|Tailwind,Haze,RainDance,Snarl|||M|||50|,,,,,Ghost]Basculegion||ChoiceBand|SwiftSwim|WaveCrash,AquaJet,FlipTurn,LastRespects|||M|||50|,,,,,Grass]Indeedee||FocusSash|PsychicSurge|ExpandingForce,HelpingHand,TrickRoom,Protect|||M|||50|,,,,,Psychic]Sneasler||PsychicSeed|Unburden|DireClaw,CloseCombat,ThroatChop,Protect|||F|||50|,,,,,Dark]Delphox||LifeOrb|Blaze|ExpandingForce,HeatWave,TeraBlast,Protect|||M|||50|,,,,,Fighting
|showteam|p2|Rillaboom||AssaultVest|GrassySurge|FakeOut,HighHorsepower,WoodHammer,GrassyGlide|||F|||50|,,,,,Fire]Dragonite||LoadedDice|Multiscale|ExtremeSpeed,ScaleShot,Protect,Haze|||M|||50|,,,,,Steel]Sneasler||FocusSash|PoisonTouch|DireClaw,CloseCombat,FakeOut,Coaching|||F|||50|,,,,,Stellar]Kingambit||BlackGlasses|Defiant|KowtowCleave,SuckerPunch,SwordsDance,Protect|||M|||50|,,,,,Ghost]Electabuzz||Eviolite|VitalSpirit|Thunderbolt,Taunt,Protect,FollowMe|||M|||50|,,,,,Ghost]Volcarona||Leftovers|FlameBody|HeatWave,TeraBlast,QuiverDance,Protect|||F|||50|,,,,,Fairy
|inactive|Battle timer is ON: inactive players will automatically lose when time's up. (requested by R4ka)
|inactive|R4ka has 60 seconds left.
|inactive|R4ka has 30 seconds left.
|
|t:|1756920189
|teamsize|p1|4
|teamsize|p2|4
|start
|switch|p1a: Murkrow|Murkrow, L50, M|100/100
|switch|p1b: Indeedee|Indeedee, L50, M|100/100
|switch|p2a: Volcarona|Volcarona, L50, F|100/100
|switch|p2b: Sneasler|Sneasler, L50, F|100/100
|-fieldstart|move: Psychic Terrain|[from] ability: Psychic Surge|[of] p1b: Indeedee
|turn|1
|inactive|aaron10600 has 30 seconds left.
|inactive|R4ka has 30 seconds left.
|l|☆aaron10600
|inactive|aaron10600 disconnected and has 300 seconds to reconnect!
|player|p1|
|j|☆aaron10600
|inactive|aaron10600 reconnected and has 25 seconds left.
|player|p1|aaron10600|169|
|inactive|aaron10600 has 20 seconds left.
|inactive|aaron10600 has 15 seconds left.
|inactive|aaron10600 has 10 seconds left.
|inactive|aaron10600 has 5 seconds left.
|
|t:|1756920249
|switch|p2a: Rillaboom|Rillaboom, L50, F|100/100
|-fieldstart|move: Grassy Terrain|[from] ability: Grassy Surge|[of] p2a: Rillaboom
|move|p1a: Murkrow|Tailwind|p1a: Murkrow
|-sidestart|p1: aaron10600|move: Tailwind
|move|p1b: Indeedee|Expanding Force|p2b: Sneasler
|-supereffective|p2b: Sneasler
|-enditem|p2b: Sneasler|Focus Sash
|-damage|p2b: Sneasler|1/100
|move|p2b: Sneasler|Dire Claw|p1b: Indeedee
|-damage|p1b: Indeedee|16/100
|-status|p1b: Indeedee|psn|[from] ability: Poison Touch|[of] p2b: Sneasler
|
|-heal|p1b: Indeedee|22/100 psn|[from] Grassy Terrain
|-heal|p2b: Sneasler|7/100|[from] Grassy Terrain
|-damage|p1b: Indeedee|10/100 psn|[from] psn
|upkeep
|turn|2
|l|☆aaron10600
|inactive|aaron10600 disconnected and has 295 seconds to reconnect!
|player|p1|
|j|☆aaron10600
|inactive|aaron10600 reconnected and has 55 seconds left.
|player|p1|aaron10600|169|
|l|☆aaron10600
|inactive|aaron10600 disconnected and has 295 seconds to reconnect!
|player|p1|
|j|☆aaron10600
|inactive|aaron10600 reconnected and has 55 seconds left.
|player|p1|aaron10600|169|
|l|☆aaron10600
|inactive|aaron10600 disconnected and has 290 seconds to reconnect!
|player|p1|
|j|☆aaron10600
|inactive|aaron10600 reconnected and has 55 seconds left.
|player|p1|aaron10600|169|
|inactiveoff|Battle timer is now OFF.
|
|t:|1756920326
|switch|p2b: Kingambit|Kingambit, L50, M, shiny|100/100
|move|p1b: Indeedee|Protect|p1b: Indeedee
|-singleturn|p1b: Indeedee|Protect
|move|p1a: Murkrow|Snarl|p2b: Kingambit|[spread] p2a,p2b
|-resisted|p2b: Kingambit
|-damage|p2a: Rillaboom|92/100
|-damage|p2b: Kingambit|95/100
|-unboost|p2a: Rillaboom|spa|1
|-unboost|p2b: Kingambit|spa|1
|-ability|p2b: Kingambit|Defiant|boost
|-boost|p2b: Kingambit|atk|2
|move|p2a: Rillaboom|Wood Hammer|p1a: Murkrow
|-resisted|p1a: Murkrow
|-damage|p1a: Murkrow|62/100
|-damage|p2a: Rillaboom|81/100|[from] Recoil
|
|-heal|p1b: Indeedee|16/100 psn|[from] Grassy Terrain
|-heal|p2a: Rillaboom|87/100|[from] Grassy Terrain
|-heal|p2b: Kingambit|100/100|[from] Grassy Terrain
|-damage|p1b: Indeedee|4/100 psn|[from] psn
|upkeep
|turn|3
|
|t:|1756920356
|switch|p1b: Delphox|Delphox, L50, M|100/100
|move|p1a: Murkrow|Haze|p1a: Murkrow
|-clearallboost
|move|p2a: Rillaboom|Grassy Glide|p1b: Delphox
|-resisted|p1b: Delphox
|-damage|p1b: Delphox|74/100
|move|p2b: Kingambit|Kowtow Cleave|p1a: Murkrow
|-resisted|p1a: Murkrow
|-damage|p1a: Murkrow|32/100
|
|-heal|p1b: Delphox|80/100|[from] Grassy Terrain
|-heal|p2a: Rillaboom|93/100|[from] Grassy Terrain
|upkeep
|turn|4
|
|t:|1756920383
|switch|p1a: Indeedee|Indeedee, L50, M|4/100 psn
|-fieldstart|move: Psychic Terrain|[from] ability: Psychic Surge|[of] p1a: Indeedee
|switch|p2b: Sneasler|Sneasler, L50, F|7/100
|-terastallize|p2a: Rillaboom|Fire
|move|p1b: Delphox|Heat Wave|p2a: Rillaboom|[spread] p2a,p2b
|-resisted|p2a: Rillaboom
|-crit|p2a: Rillaboom
|-damage|p2a: Rillaboom|69/100
|-damage|p2b: Sneasler|0 fnt
|faint|p2b: Sneasler
|-damage|p1b: Delphox|70/100|[from] item: Life Orb
|move|p2a: Rillaboom|High Horsepower|p1b: Delphox
|-supereffective|p1b: Delphox
|-damage|p1b: Delphox|0 fnt
|faint|p1b: Delphox
|
|-damage|p1a: Indeedee|0 fnt|[from] psn
|faint|p1a: Indeedee
|-sideend|p1: aaron10600|move: Tailwind
|upkeep
|
|t:|1756920412
|switch|p2b: Kingambit|Kingambit, L50, M, shiny|100/100
|switch|p1b: Sneasler|Sneasler, L50, F|100/100
|switch|p1a: Murkrow|Murkrow, L50, M|32/100
|-enditem|p1b: Sneasler|Psychic Seed
|-boost|p1b: Sneasler|spd|1|[from] item: Psychic Seed
|turn|5
|
|t:|1756920442
|move|p2b: Kingambit|Protect|p2b: Kingambit
|-singleturn|p2b: Kingambit|Protect
|move|p1a: Murkrow|Tailwind|p1a: Murkrow
|-sidestart|p1: aaron10600|move: Tailwind
|move|p1b: Sneasler|Close Combat|p2b: Kingambit
|-activate|p2b: Kingambit|move: Protect
|move|p2a: Rillaboom|Wood Hammer|p1a: Murkrow
|-resisted|p1a: Murkrow
|-damage|p1a: Murkrow|1/100
|-damage|p2a: Rillaboom|61/100|[from] Recoil
|
|upkeep
|turn|6
|
|t:|1756920469
|switch|p2b: Volcarona|Volcarona, L50, F|100/100
|move|p1a: Murkrow|Rain Dance|p1a: Murkrow
|-weather|RainDance
|move|p1b: Sneasler|Close Combat|p2b: Volcarona
|-resisted|p2b: Volcarona
|-damage|p2b: Volcarona|68/100
|-unboost|p1b: Sneasler|def|1
|-unboost|p1b: Sneasler|spd|1
|move|p2a: Rillaboom|Wood Hammer|p1a: Murkrow
|-resisted|p1a: Murkrow
|-damage|p1a: Murkrow|0 fnt
|faint|p1a: Murkrow
|-damage|p2a: Rillaboom|60/100|[from] Recoil
|
|-weather|RainDance|[upkeep]
|-heal|p2b: Volcarona|74/100|[from] item: Leftovers
|upkeep
|turn|7
|
|t:|1756920491
|switch|p2a: Kingambit|Kingambit, L50, M, shiny|100/100
|move|p1b: Sneasler|Dire Claw|p2b: Volcarona
|-damage|p2b: Volcarona|29/100
|-status|p2b: Volcarona|par
|move|p2b: Volcarona|Tera Blast|p1b: Sneasler
|-damage|p1b: Sneasler|62/100
|
|-weather|RainDance|[upkeep]
|-heal|p2b: Volcarona|35/100 par|[from] item: Leftovers
|upkeep
|turn|8
|
|t:|1756920513
|move|p2a: Kingambit|Protect|p2a: Kingambit
|-singleturn|p2a: Kingambit|Protect
|move|p1b: Sneasler|Dire Claw|p2b: Volcarona
|-damage|p2b: Volcarona|0 fnt
|faint|p2b: Volcarona
|
|-weather|RainDance|[upkeep]
|-sideend|p1: aaron10600|move: Tailwind
|-fieldend|move: Psychic Terrain
|upkeep
|
|t:|1756920520
|switch|p2b: Rillaboom|Rillaboom, L50, F, tera:Fire|60/100
|-fieldstart|move: Grassy Terrain|[from] ability: Grassy Surge|[of] p2b: Rillaboom
|turn|9
|
|t:|1756920529
|move|p1b: Sneasler|Protect|p1b: Sneasler
|-singleturn|p1b: Sneasler|Protect
|move|p2b: Rillaboom|Fake Out|p1b: Sneasler
|-activate|p1b: Sneasler|move: Protect
|move|p2a: Kingambit|Swords Dance|p2a: Kingambit
|-boost|p2a: Kingambit|atk|2
|
|-weather|RainDance|[upkeep]
|-heal|p1b: Sneasler|68/100|[from] Grassy Terrain
|-heal|p2b: Rillaboom|66/100|[from] Grassy Terrain
|upkeep
|turn|10
|
|t:|1756920543
|move|p2a: Kingambit|Sucker Punch|p1b: Sneasler
|-resisted|p1b: Sneasler
|-damage|p1b: Sneasler|0 fnt
|faint|p1b: Sneasler
|
|win|R4ka
||R4ka is ready for game 2.
|inactive|aaron10600 has 30 seconds to confirm battle start!
||aaron10600 is ready for game 2.
|uhtml|next|Next: Game 2 of 3
