|j|☆Saga_57
|j|☆pachi_deidad
|html|Saga_57pachi_deidad    
|uhtml|bestof|Game 1 of a best-of-3
|t:|1782357199
|gametype|doubles
|player|p1|Saga_57|iono-masters|
|player|p2|pachi_deidad|lillie-masters|
|gen|9
|tier|[Gen 9 Champions] VGC 2026 Reg M-B (Bo3)
|rule|Species Clause: Limit one of each Pokémon
|rule|Item Clause: Limit 1 of each item
|clearpoke
|poke|p1|Floette-Eternal, L50, F|
|poke|p1|Kingambit, L50, M|
|poke|p1|Garchomp, L50, M|
|poke|p1|Talonflame, L50, F|
|poke|p1|Sinistcha, L50|
|poke|p1|Gholdengo, L50|
|poke|p2|Drampa, L50, M, shiny|
|poke|p2|Klefki, L50, M, shiny|
|poke|p2|Torkoal, L50, M, shiny|
|poke|p2|Mawile, L50, M, shiny|
|poke|p2|Oranguru, L50, F, shiny|
|poke|p2|Sinistcha-Masterpiece, L50, shiny|
|teampreview|4
|showteam|p1|Floette-Eternal||Floettite|FlowerVeil|Moonblast,DazzlingGleam,LightofRuin,Protect|Timid||F|||50|]Kingambit||ChopleBerry|Defiant|Protect,IronHead,LowKick,SuckerPunch|Adamant||M|||50|]Garchomp||SitrusBerry|RoughSkin|Protect,Earthquake,RockSlide,DragonClaw|Jolly||M|||50|]Talonflame||Charcoal|GaleWings|Protect,Tailwind,BraveBird,Overheat|Naive||F|||50|]Sinistcha||ColburBerry|Hospitality|Protect,RagePowder,StrengthSap,ShadowBall|Bold|||||50|]Gholdengo||LifeOrb|GoodasGold|Protect,MakeItRain,ShadowBall,PowerGem|Modest|||||50|
|showteam|p2|Drampa||Drampanite|Berserk|Flamethrower,DracoMeteor,Protect,Thunderbolt|Quiet||M|||50|]Klefki||LightClay|Prankster|Reflect,LightScreen,TrickRoom,FoulPlay|Bold||M|||50|]Torkoal||HeatRock|Drought|Eruption,HeatWave,Protect,EarthPower|Quiet||M|||50|]Mawile||Mawilite|HyperCutter|PlayRough,SuckerPunch,Protect,SwordsDance|Brave||M|||50|]Oranguru||MentalHerb|InnerFocus|TrickRoom,Protect,FoulPlay,Instruct|Impish||F|||50|]Sinistcha-Masterpiece||SitrusBerry|Hospitality|LifeDew,RagePowder,TrickRoom,ShadowBall|Bold|||||50|
|
|t:|1782357265
|teamsize|p1|4
|teamsize|p2|4
|start
|switch|p1a: Garchomp|Garchomp, L50, M|100/100
|switch|p1b: Talonflame|Talonflame, L50, F|100/100
|switch|p2a: Klefki|Klefki, L50, M, shiny|100/100
|switch|p2b: Drampa|Drampa, L50, M, shiny|100/100
|turn|1
|
|t:|1782357287
|detailschange|p2b: Drampa|Drampa-Mega, L50, M, shiny
|-mega|p2b: Drampa|Drampa|Drampanite
|move|p1b: Talonflame|Tailwind|p1b: Talonflame
|-sidestart|p1: Saga_57|move: Tailwind
|move|p2a: Klefki|Reflect|p2a: Klefki
|-sidestart|p2: pachi_deidad|Reflect
|move|p1a: Garchomp|Earthquake|p2a: Klefki|[spread] p2a,p2b
|-immune|p1b: Talonflame
|-supereffective|p2a: Klefki|1
|-damage|p2a: Klefki|55/100
|-damage|p2b: Drampa|80/100
|move|p2b: Drampa|Thunderbolt|p1b: Talonflame
|-supereffective|p1b: Talonflame|1
|-damage|p1b: Talonflame|0 fnt
|faint|p1b: Talonflame
|
|upkeep
|
|t:|1782357301
|switch|p1b: Floette|Floette-Eternal, L50, F|100/100
|turn|2
|
|t:|1782357334
|detailschange|p1b: Floette|Floette-Mega, L50, F
|-mega|p1b: Floette|Floette|Floettite
|-ability|p1b: Floette|Fairy Aura
|move|p2a: Klefki|Light Screen|p2a: Klefki
|-sidestart|p2: pachi_deidad|move: Light Screen
|move|p1a: Garchomp|Dragon Claw|p2b: Drampa
|-supereffective|p2b: Drampa|1
|-damage|p2b: Drampa|38/100
|-ability|p2b: Drampa|Berserk|boost
|-boost|p2b: Drampa|spa|1
|move|p1b: Floette|Dazzling Gleam|p2a: Klefki|[spread] p2a,p2b
|-resisted|p2a: Klefki|1
|-supereffective|p2b: Drampa|1
|-crit|p2b: Drampa
|-damage|p2a: Klefki|42/100
|-damage|p2b: Drampa|0 fnt
|faint|p2b: Drampa
|
|upkeep
|
|t:|1782357362
|switch|p2b: Torkoal|Torkoal, L50, M, shiny|100/100
|-weather|SunnyDay|[from] ability: Drought|[of] p2b: Torkoal
|turn|3
|
|t:|1782357378
|move|p2b: Torkoal|Protect|p2b: Torkoal
|-singleturn|p2b: Torkoal|Protect
|move|p1a: Garchomp|Rock Slide|p2a: Klefki|[spread] p2a
|-activate|p2b: Torkoal|move: Protect
|-resisted|p2a: Klefki|1
|-damage|p2a: Klefki|36/100
|move|p1b: Floette|Light of Ruin|p2b: Torkoal
|-activate|p2b: Torkoal|move: Protect
|move|p2a: Klefki|Trick Room|p2a: Klefki
|-fieldstart|move: Trick Room|[of] p2a: Klefki
|
|-weather|SunnyDay|[upkeep]
|upkeep
|turn|4
|
|t:|1782357395
|move|p1b: Floette|Protect|p1b: Floette
|-singleturn|p1b: Floette|Protect
|move|p2b: Torkoal|Eruption|p1b: Floette|[spread] p1a
|-activate|p1b: Floette|move: Protect
|-resisted|p1a: Garchomp|1
|-damage|p1a: Garchomp|59/100
|move|p2a: Klefki|Foul Play|p1a: Garchomp
|-damage|p1a: Garchomp|28/100
|-damage|p2a: Klefki|24/100|[from] ability: Rough Skin|[of] p1a: Garchomp
|-enditem|p1a: Garchomp|Sitrus Berry|[eat]
|-heal|p1a: Garchomp|53/100|[from] item: Sitrus Berry
|move|p1a: Garchomp|Earthquake|p2a: Klefki|[spread] p2a,p2b
|-activate|p1b: Floette|move: Protect
|-supereffective|p2a: Klefki|1
|-supereffective|p2b: Torkoal|1
|-damage|p2a: Klefki|0 fnt
|-damage|p2b: Torkoal|66/100
|faint|p2a: Klefki
|
|-weather|SunnyDay|[upkeep]
|-sideend|p1: Saga_57|move: Tailwind
|upkeep
|
|t:|1782357399
|switch|p2a: Oranguru|Oranguru, L50, F, shiny|100/100
|turn|5
|
|t:|1782357422
|move|p2b: Torkoal|Protect|p2b: Torkoal
|-singleturn|p2b: Torkoal|Protect
|move|p1a: Garchomp|Protect|p1a: Garchomp
|-singleturn|p1a: Garchomp|Protect
|move|p2a: Oranguru|Foul Play|p1a: Garchomp
|-activate|p1a: Garchomp|move: Protect
|move|p1b: Floette|Light of Ruin|p2b: Torkoal
|-activate|p2b: Torkoal|move: Protect
|
|-weather|SunnyDay|[upkeep]
|upkeep
|turn|6
|
|t:|1782357466
|move|p1b: Floette|Protect|p1b: Floette
|-singleturn|p1b: Floette|Protect
|move|p2b: Torkoal|Eruption|p1a: Garchomp|[spread] p1a
|-activate|p1b: Floette|move: Protect
|-resisted|p1a: Garchomp|1
|-damage|p1a: Garchomp|24/100
|move|p2a: Oranguru|Instruct|p2b: Torkoal
|-singleturn|p2b: Torkoal|move: Instruct|[of] p2a: Oranguru
|move|p2b: Torkoal|Eruption|p1b: Floette|[spread] p1a
|-activate|p1b: Floette|move: Protect
|-resisted|p1a: Garchomp|1
|-damage|p1a: Garchomp|0 fnt
|faint|p1a: Garchomp
|
|-weather|SunnyDay|[upkeep]
|upkeep
|
|t:|1782357484
|switch|p1a: Kingambit|Kingambit, L50, M|100/100
|turn|7
|
|t:|1782357493
|move|p1a: Kingambit|Protect|p1a: Kingambit
|-singleturn|p1a: Kingambit|Protect
|move|p2b: Torkoal|Heat Wave|p1a: Kingambit|[spread] p1b
|-activate|p1a: Kingambit|move: Protect
|-damage|p1b: Floette|61/100
|move|p2a: Oranguru|Instruct|p2b: Torkoal
|-singleturn|p2b: Torkoal|move: Instruct|[of] p2a: Oranguru
|move|p2b: Torkoal|Heat Wave|p1a: Kingambit|[spread] p1b
|-activate|p1a: Kingambit|move: Protect
|-damage|p1b: Floette|21/100
|move|p1b: Floette|Light of Ruin|p2a: Oranguru
|-damage|p2a: Oranguru|44/100
|-damage|p1b: Floette|0 fnt|[from] Recoil
|faint|p1b: Floette
|
|-weather|SunnyDay|[upkeep]
|-fieldend|move: Trick Room
|upkeep
|turn|8
|
|t:|1782357521
|move|p2a: Oranguru|Instruct|p2b: Torkoal
|-singleturn|p2b: Torkoal|move: Instruct|[of] p2a: Oranguru
|move|p2b: Torkoal|Heat Wave|p1a: Kingambit
|-supereffective|p1a: Kingambit|1
|-damage|p1a: Kingambit|0 fnt
|faint|p1a: Kingambit
|
|win|pachi_deidad
||pachi_deidad is ready for game 2.
|inactive|Saga_57 has 30 seconds to confirm battle start!
