|j|☆superboy245
|j|☆8_Wcaryl_8
|html|superboy2458_Wcaryl_8    
|uhtml|bestof|Game 2 of a best-of-3
|t:|1782259846
|gametype|doubles
|player|p1|superboy245|buck|1101
|player|p2|8_Wcaryl_8|psychic-gen4|1000
|gen|9
|tier|[Gen 9 Champions] VGC 2026 Reg M-B (Bo3)
|rated|
|rule|Species Clause: Limit one of each Pokémon
|rule|Item Clause: Limit 1 of each item
|clearpoke
|poke|p1|Raichu, L50, M|
|poke|p1|Whimsicott, L50, F|
|poke|p1|Ninetales-Alola, L50, F|
|poke|p1|Scrafty, L50, M|
|poke|p1|Gholdengo, L50|
|poke|p1|Gliscor, L50, M|
|poke|p2|Charizard, L50, F|
|poke|p2|Venusaur, L50, M|
|poke|p2|Garchomp, L50, M|
|poke|p2|Whimsicott, L50, F|
|poke|p2|Milotic, L50, F|
|poke|p2|Scizor, L50, F|
|teampreview|4
|showteam|p1|Raichu||RaichuniteX|LightningRod|FakeOut,AlluringVoice,RisingVoltage,Protect|Timid||M|||50|]Whimsicott||CobaBerry|Prankster|Moonblast,Tailwind,Encore,Protect|Bold||F|||50|]Ninetales-Alola||FocusSash|SnowWarning|Blizzard,AuroraVeil,Moonblast,Protect|Timid||F|||50|]Scrafty||Scraftinite|Intimidate|FakeOut,KnockOff,CloseCombat,Protect|Adamant||M|||50|]Gholdengo||LifeOrb|GoodasGold|MakeItRain,ShadowBall,NastyPlot,Protect|Timid|||||50|]Gliscor||Leftovers|HyperCutter|Tailwind,BreakingSwipe,HighHorsepower,Protect|Jolly||M|||50|
|showteam|p2|Charizard||CharizarditeY|SolarPower|HeatWave,Protect,WeatherBall,SolarBeam|Timid||F|||50|]Venusaur||FocusSash|Chlorophyll|SludgeBomb,SleepPowder,Protect,SolarBeam|Modest||M|||50|]Garchomp||ChoiceScarf|RoughSkin|Earthquake,RockSlide,DragonClaw,ShadowClaw|Adamant||M|||50|]Whimsicott||SitrusBerry|Prankster|Tailwind,Moonblast,Encore,SunnyDay|Bold||F|||50|]Milotic||Leftovers|Competitive|Scald,IcyWind,LifeDew,Protect|Bold||F|||50|]Scizor||Scizorite|Technician|BulletPunch,Trailblaze,Pounce,SwordsDance|Adamant||F|||50|
|
|t:|1782259935
|teamsize|p1|4
|teamsize|p2|4
|start
|switch|p1a: Raichu|Raichu, L50, M|100/100
|switch|p1b: Whimsicott|Whimsicott, L50, F|100/100
|switch|p2a: Whimsicott|Whimsicott, L50, F|100/100
|switch|p2b: Garchomp|Garchomp, L50, M|100/100
|turn|1
|
|t:|1782259956
|move|p1a: Raichu|Fake Out|p2b: Garchomp
|-damage|p2b: Garchomp|91/100
|-damage|p1a: Raichu|87/100|[from] ability: Rough Skin|[of] p2b: Garchomp
|move|p1b: Whimsicott|Tailwind|p1b: Whimsicott
|-sidestart|p1: superboy245|move: Tailwind
|move|p2a: Whimsicott|Encore|p1b: Whimsicott
|-start|p1b: Whimsicott|Encore
|cant|p2b: Garchomp|flinch
|
|upkeep
|turn|2
|
|t:|1782259977
|switch|p1b: Ninetales|Ninetales-Alola, L50, F|100/100
|-weather|Snowscape|[from] ability: Snow Warning|[of] p1b: Ninetales
|move|p1a: Raichu|Protect|p1a: Raichu
|-singleturn|p1a: Raichu|Protect
|move|p2a: Whimsicott|Tailwind|p2a: Whimsicott
|-sidestart|p2: 8_Wcaryl_8|move: Tailwind
|move|p2b: Garchomp|Earthquake|p1b: Ninetales|[spread] p2a,p1b
|-activate|p1a: Raichu|move: Protect
|-resisted|p2a: Whimsicott|1
|-damage|p2a: Whimsicott|80/100
|-damage|p1b: Ninetales|55/100
|
|-weather|Snowscape|[upkeep]
|upkeep
|turn|3
|
|t:|1782260006
|switch|p1a: Whimsicott|Whimsicott, L50, F|100/100
|move|p2a: Whimsicott|Sunny Day|p2a: Whimsicott
|-weather|SunnyDay
|move|p2b: Garchomp|Earthquake|p1b: Ninetales|[spread] p2a,p1a,p1b
|-resisted|p2a: Whimsicott|1
|-resisted|p1a: Whimsicott|1
|-damage|p2a: Whimsicott|61/100
|-damage|p1a: Whimsicott|80/100
|-damage|p1b: Ninetales|0 fnt
|faint|p1b: Ninetales
|
|-weather|SunnyDay|[upkeep]
|upkeep
|
|t:|1782260018
|switch|p1b: Raichu|Raichu, L50, M|87/100
|turn|4
|
|t:|1782260053
|switch|p2b: Venusaur|Venusaur, L50, M|100/100
|move|p1b: Raichu|Fake Out|p2b: Venusaur
|-damage|p2b: Venusaur|89/100
|move|p1a: Whimsicott|Encore|p2a: Whimsicott
|-start|p2a: Whimsicott|Encore
|move|p2a: Whimsicott|Sunny Day||[still]
|-fail|p2a: Whimsicott
|
|-weather|SunnyDay|[upkeep]
|-sideend|p1: superboy245|move: Tailwind
|upkeep
|turn|5
|
|t:|1782260072
|switch|p2a: Garchomp|Garchomp, L50, M|91/100
|switch|p1b: Scrafty|Scrafty, L50, M|100/100
|-ability|p1b: Scrafty|Intimidate|boost
|-unboost|p2a: Garchomp|atk|1
|-unboost|p2b: Venusaur|atk|1
|move|p1a: Whimsicott|Tailwind|p1a: Whimsicott
|-sidestart|p1: superboy245|move: Tailwind
|move|p2b: Venusaur|Sludge Bomb|p1a: Whimsicott
|-supereffective|p1a: Whimsicott|2
|-damage|p1a: Whimsicott|0 fnt
|faint|p1a: Whimsicott
|
|-weather|SunnyDay|[upkeep]
|-sideend|p2: 8_Wcaryl_8|move: Tailwind
|upkeep
|
|t:|1782260079
|switch|p1a: Raichu|Raichu, L50, M|87/100
|turn|6
|
|t:|1782260110
|detailschange|p1a: Raichu|Raichu-Mega-X, L50, M
|-mega|p1a: Raichu|Raichu|Raichunite X
|-fieldstart|move: Electric Terrain|[from] ability: Electric Surge|[of] p1a: Raichu
|move|p1b: Scrafty|Fake Out|p2a: Garchomp
|-damage|p2a: Garchomp|79/100
|-damage|p1b: Scrafty|87/100|[from] ability: Rough Skin|[of] p2a: Garchomp
|move|p1a: Raichu|Alluring Voice|p2a: Garchomp
|-supereffective|p2a: Garchomp|1
|-damage|p2a: Garchomp|31/100
|move|p2b: Venusaur|Solar Beam||[still]
|-prepare|p2b: Venusaur|Solar Beam
|-anim|p2b: Venusaur|Solar Beam|p1a: Raichu
|-damage|p1a: Raichu|6/100
|cant|p2a: Garchomp|flinch
|
|-weather|SunnyDay|[upkeep]
|upkeep
|turn|7
|
|t:|1782260141
|switch|p2a: Scizor|Scizor, L50, F|100/100
|move|p1a: Raichu|Protect|p1a: Raichu
|-singleturn|p1a: Raichu|Protect
|move|p2b: Venusaur|Solar Beam||[still]
|-prepare|p2b: Venusaur|Solar Beam
|-anim|p2b: Venusaur|Solar Beam|p1b: Scrafty
|-damage|p1b: Scrafty|37/100
|move|p1b: Scrafty|Knock Off|p2b: Venusaur
|-damage|p2b: Venusaur|28/100
|-enditem|p2b: Venusaur|Focus Sash|[from] move: Knock Off|[of] p1b: Scrafty
|
|-weather|none
|upkeep
|turn|8
|
|t:|1782260163
|detailschange|p2a: Scizor|Scizor-Mega, L50, F
|-mega|p2a: Scizor|Scizor|Scizorite
|move|p1a: Raichu|Protect|p1a: Raichu
|-singleturn|p1a: Raichu|Protect
|move|p2a: Scizor|Bullet Punch|p1a: Raichu
|-activate|p1a: Raichu|move: Protect
|move|p1b: Scrafty|Knock Off|p2b: Venusaur
|-damage|p2b: Venusaur|0 fnt
|faint|p2b: Venusaur
|
|-sideend|p1: superboy245|move: Tailwind
|upkeep
|
|t:|1782260172
|switch|p2b: Whimsicott|Whimsicott, L50, F|61/100
|turn|9
|
|t:|1782260180
|move|p2a: Scizor|Bullet Punch|p1a: Raichu
|-resisted|p1a: Raichu|1
|-damage|p1a: Raichu|0 fnt
|faint|p1a: Raichu
|move|p2b: Whimsicott|Moonblast|p1b: Scrafty
|-supereffective|p1b: Scrafty|2
|-damage|p1b: Scrafty|0 fnt
|faint|p1b: Scrafty
|
|win|8_Wcaryl_8
