|j|☆dont make me walk
|j|☆tailmyroom
|html|dont make me walktailmyroom    
|uhtml|bestof|Game 3 of a best-of-3
|t:|1754995625
|gametype|doubles
|player|p1|dont make me walk|red-masters3|1245
|player|p2|tailmyroom|scientist-gen4dp|1228
|gen|9
|tier|[Gen 9] VGC 2025 Reg H (Bo3)
|rated|
|rule|Species Clause: Limit one of each Pokémon
|rule|Item Clause: Limit 1 of each item
|clearpoke
|poke|p1|Murkrow, L50, F|
|poke|p1|Indeedee-F, L50, F|
|poke|p1|Ursaluna-Bloodmoon, L50, M|
|poke|p1|Armarouge, L50, M|
|poke|p1|Gholdengo, L50|
|poke|p1|Annihilape, L50, F|
|poke|p2|Gholdengo, L50|
|poke|p2|Sneasler, L50, M|
|poke|p2|Rillaboom, L50, M|
|poke|p2|Dragonite, L50, M|
|poke|p2|Ninetales-Alola, L50, F|
|poke|p2|Arcanine-Hisui, L50, F|
|teampreview|4
|showteam|p1|Murkrow||Eviolite|Prankster|Tailwind,FoulPlay,Haze,SunnyDay|||F|||50|,,,,,Ghost]Indeedee-F||RockyHelmet|PsychicSurge|FollowMe,TrickRoom,HelpingHand,Psychic|||F|||50|,,,,,Fairy]Ursaluna-Bloodmoon||LifeOrb|MindsEye|Protect,EarthPower,HyperVoice,BloodMoon|||M|||50|,,,,,Normal]Armarouge||PowerHerb|FlashFire|TrickRoom,MeteorBeam,HeatWave,ExpandingForce|||M|||50|,,,,,Grass]Gholdengo||ChoiceSpecs|GoodasGold|MakeItRain,ShadowBall,Thunderbolt,Trick||||||50|,,,,,Steel]Annihilape||SafetyGoggles|Defiant|Protect,BulkUp,RageFist,DrainPunch|||F|||50|,,,,,Fire
|showteam|p2|Gholdengo||GrassySeed|GoodasGold|NastyPlot,MakeItRain,ShadowBall,Protect||||||50|,,,,,Water]Sneasler||WhiteHerb|Unburden|CloseCombat,DireClaw,Coaching,Protect|||M|||50|,,,,,Ghost]Rillaboom||AssaultVest|GrassySurge|FakeOut,GrassyGlide,DrumBeating,HighHorsepower|||M|||50|,,,,,Fire]Dragonite||LoadedDice|Multiscale|ScaleShot,StompingTantrum,Tailwind,Protect|||M|||50|,,,,,Ground]Ninetales-Alola||FocusSash|SnowWarning|Blizzard,IcyWind,Encore,AuroraVeil|||F|||50|,,,,,Ghost]Arcanine-Hisui||ClearAmulet|Intimidate|RockSlide,FlareBlitz,ExtremeSpeed,Protect|||F|||50|,,,,,Water
|inactive|Battle timer is ON: inactive players will automatically lose when time's up. (requested by dont make me walk)
|inactive|tailmyroom has 60 seconds left.
|
|t:|1754995683
|teamsize|p1|4
|teamsize|p2|4
|start
|switch|p1a: Murkrow|Murkrow, L50, F, shiny|100/100
|switch|p1b: Ursaluna|Ursaluna-Bloodmoon, L50, M|100/100
|switch|p2a: Dragonite|Dragonite, L50, M|100/100
|switch|p2b: Ninetales|Ninetales-Alola, L50, F|100/100
|-weather|Snowscape|[from] ability: Snow Warning|[of] p2b: Ninetales
|turn|1
|
|t:|1754995705
|-terastallize|p1b: Ursaluna|Normal
|move|p1a: Murkrow|Tailwind|p1a: Murkrow
|-sidestart|p1: dont make me walk|move: Tailwind
|move|p1b: Ursaluna|Blood Moon|p2b: Ninetales
|-enditem|p2b: Ninetales|Focus Sash
|-damage|p2b: Ninetales|1/100
|-damage|p1b: Ursaluna|91/100|[from] item: Life Orb
|move|p2b: Ninetales|Icy Wind|p1a: Murkrow|[spread] 
|-miss|p2b: Ninetales|p1a: Murkrow
|-miss|p2b: Ninetales|p1b: Ursaluna
|move|p2a: Dragonite|Scale Shot|p1a: Murkrow
|-damage|p1a: Murkrow|86/100
|-damage|p1a: Murkrow|71/100
|-damage|p1a: Murkrow|56/100
|-damage|p1a: Murkrow|41/100
|-damage|p1a: Murkrow|27/100
|-hitcount|p1a: Murkrow|5
|-unboost|p2a: Dragonite|def|1
|-boost|p2a: Dragonite|spe|1
|
|-weather|Snowscape|[upkeep]
|upkeep
|turn|2
|inactive|tailmyroom has 30 seconds left.
|inactive|tailmyroom has 20 seconds left.
|inactive|tailmyroom has 15 seconds left.
|inactive|tailmyroom has 10 seconds left.
|inactive|tailmyroom has 5 seconds left.
|
|t:|1754995756
|switch|p2b: Gholdengo|Gholdengo, L50|100/100
|move|p1a: Murkrow|Foul Play|p2a: Dragonite
|-damage|p2a: Dragonite|53/100
|move|p2a: Dragonite|Tailwind|p2a: Dragonite
|-sidestart|p2: tailmyroom|move: Tailwind
|move|p1b: Ursaluna|Hyper Voice|p2b: Gholdengo|[spread] p2a,p2b
|-resisted|p2b: Gholdengo
|-damage|p2a: Dragonite|0 fnt
|-damage|p2b: Gholdengo|64/100
|faint|p2a: Dragonite
|-damage|p1b: Ursaluna|81/100|[from] item: Life Orb
|
|-weather|Snowscape|[upkeep]
|upkeep
|inactive|tailmyroom has 30 seconds left.
|
|t:|1754995789
|switch|p2a: Ninetales|Ninetales-Alola, L50, F|1/100
|turn|3
|
|t:|1754995810
|switch|p1a: Gholdengo|Gholdengo, L50|100/100
|move|p2a: Ninetales|Blizzard|p1b: Ursaluna|[spread] p1a,p1b
|-resisted|p1a: Gholdengo
|-damage|p1a: Gholdengo|82/100
|-damage|p1b: Ursaluna|42/100
|move|p2b: Gholdengo|Make It Rain|p1a: Gholdengo|[spread] p1a,p1b
|-resisted|p1a: Gholdengo
|-damage|p1a: Gholdengo|55/100
|-damage|p1b: Ursaluna|0 fnt
|-unboost|p2b: Gholdengo|spa|1
|faint|p1b: Ursaluna
|
|-weather|Snowscape|[upkeep]
|upkeep
|
|t:|1754995823
|switch|p1b: Indeedee|Indeedee-F, L50, F|100/100
|-fieldstart|move: Psychic Terrain|[from] ability: Psychic Surge|[of] p1b: Indeedee
|turn|4
|inactive|tailmyroom has 30 seconds left.
|inactive|dont make me walk has 30 seconds left.
|inactive|tailmyroom has 20 seconds left.
|
|t:|1754995860
|move|p2b: Gholdengo|Protect|p2b: Gholdengo
|-singleturn|p2b: Gholdengo|Protect
|move|p2a: Ninetales|Aurora Veil|p2a: Ninetales
|-sidestart|p2: tailmyroom|move: Aurora Veil
|move|p1a: Gholdengo|Shadow Ball|p2b: Gholdengo
|-activate|p2b: Gholdengo|move: Protect
|move|p1b: Indeedee|Trick Room|p1b: Indeedee
|-fieldstart|move: Trick Room|[of] p1b: Indeedee
|
|-weather|Snowscape|[upkeep]
|-sideend|p1: dont make me walk|move: Tailwind
|upkeep
|turn|5
|
|t:|1754995879
|switch|p2b: Rillaboom|Rillaboom, L50, M|100/100
|-fieldstart|move: Grassy Terrain|[from] ability: Grassy Surge|[of] p2b: Rillaboom
|move|p1b: Indeedee|Psychic|p2b: Rillaboom
|-damage|p2b: Rillaboom|83/100
|move|p1a: Gholdengo|Shadow Ball|p2b: Rillaboom
|-damage|p2b: Rillaboom|45/100
|move|p2a: Ninetales|Blizzard|p1b: Indeedee|[spread] p1a,p1b
|-resisted|p1a: Gholdengo
|-damage|p1a: Gholdengo|38/100
|-damage|p1b: Indeedee|68/100
|
|-weather|none
|-heal|p1b: Indeedee|75/100|[from] Grassy Terrain
|-heal|p1a: Gholdengo|44/100|[from] Grassy Terrain
|-heal|p2b: Rillaboom|51/100|[from] Grassy Terrain
|-heal|p2a: Ninetales|7/100|[from] Grassy Terrain
|-sideend|p2: tailmyroom|move: Tailwind
|upkeep
|turn|6
|inactive|tailmyroom has 30 seconds left.
|inactive|tailmyroom has 20 seconds left.
|inactive|tailmyroom has 15 seconds left.
|inactive|tailmyroom has 10 seconds left.
|inactive|tailmyroom has 5 seconds left.
|
|t:|1754995931
|move|p1b: Indeedee|Follow Me|p1b: Indeedee
|-singleturn|p1b: Indeedee|move: Follow Me
|move|p1a: Gholdengo|Shadow Ball|p2a: Ninetales
|-damage|p2a: Ninetales|0 fnt
|faint|p2a: Ninetales
|move|p2b: Rillaboom|High Horsepower|p1b: Indeedee
|-damage|p1b: Indeedee|43/100
|-damage|p2b: Rillaboom|34/100|[from] item: Rocky Helmet|[of] p1b: Indeedee
|
|-heal|p1b: Indeedee|50/100|[from] Grassy Terrain
|-heal|p1a: Gholdengo|50/100|[from] Grassy Terrain
|-heal|p2b: Rillaboom|40/100|[from] Grassy Terrain
|upkeep
|
|t:|1754995939
|switch|p2a: Gholdengo|Gholdengo, L50|64/100
|-enditem|p2a: Gholdengo|Grassy Seed
|-boost|p2a: Gholdengo|def|1|[from] item: Grassy Seed
|turn|7
|inactive|dont make me walk has 30 seconds left.
|inactive|tailmyroom has 30 seconds left.
|inactive|dont make me walk has 20 seconds left.
|inactive|tailmyroom has 20 seconds left.
|
|t:|1754995976
|-terastallize|p2a: Gholdengo|Water
|move|p1b: Indeedee|Follow Me|p1b: Indeedee
|-singleturn|p1b: Indeedee|move: Follow Me
|move|p2a: Gholdengo|Nasty Plot|p2a: Gholdengo
|-boost|p2a: Gholdengo|spa|2
|move|p1a: Gholdengo|Shadow Ball|p2a: Gholdengo
|-damage|p2a: Gholdengo|21/100
|move|p2b: Rillaboom|Drum Beating|p1b: Indeedee
|-damage|p1b: Indeedee|2/100
|-unboost|p1b: Indeedee|spe|1
|
|-heal|p1b: Indeedee|8/100|[from] Grassy Terrain
|-heal|p2a: Gholdengo|27/100|[from] Grassy Terrain
|-heal|p1a: Gholdengo|56/100|[from] Grassy Terrain
|-heal|p2b: Rillaboom|46/100|[from] Grassy Terrain
|upkeep
|turn|8
|
|t:|1754995993
|switch|p1a: Murkrow|Murkrow, L50, F, shiny|27/100
|move|p1b: Indeedee|Psychic|p2b: Rillaboom
|-damage|p2b: Rillaboom|28/100
|move|p2a: Gholdengo|Make It Rain|p1a: Murkrow|[spread] p1a,p1b
|-damage|p1a: Murkrow|0 fnt
|-damage|p1b: Indeedee|0 fnt
|-unboost|p2a: Gholdengo|spa|1
|faint|p1a: Murkrow
|faint|p1b: Indeedee
|move|p2b: Rillaboom|High Horsepower|p1: Murkrow|[notarget]
|-fail|p2b: Rillaboom
|
|-heal|p2a: Gholdengo|33/100|[from] Grassy Terrain
|-heal|p2b: Rillaboom|34/100|[from] Grassy Terrain
|-sideend|p2: tailmyroom|move: Aurora Veil
|-fieldend|move: Trick Room
|upkeep
|
|t:|1754995997
|switch|p1b: Gholdengo|Gholdengo, L50|56/100
|turn|9
|
|t:|1754996019
|move|p2b: Rillaboom|Drum Beating|p1b: Gholdengo
|-resisted|p1b: Gholdengo
|-damage|p1b: Gholdengo|26/100
|-unboost|p1b: Gholdengo|spe|1
|move|p2a: Gholdengo|Shadow Ball|p1b: Gholdengo
|-supereffective|p1b: Gholdengo
|-damage|p1b: Gholdengo|0 fnt
|faint|p1b: Gholdengo
|
|win|tailmyroom
|raw|dont make me walk's rating: 1245 → 1219(-26 for losing)
|raw|tailmyroom's rating: 1228 → 1254(+26 for winning)
