|j|☆cowboyoctopus
|j|☆SeymoursLeftToeVGC
|html|cowboyoctopusSeymoursLeftToeVGC    
|uhtml|bestof|Game 2 of a best-of-3
|t:|1782490684
|gametype|doubles
|player|p1|cowboyoctopus|bellelba|1211
|player|p2|SeymoursLeftToeVGC|ninjaboy|1221
|gen|9
|tier|[Gen 9 Champions] VGC 2026 Reg M-B (Bo3)
|rated|
|rule|Species Clause: Limit one of each Pokémon
|rule|Item Clause: Limit 1 of each item
|clearpoke
|poke|p1|Meganium, L50, M|
|poke|p1|Tyranitar, L50, M|
|poke|p1|Excadrill, L50, F|
|poke|p1|Aerodactyl, L50, F|
|poke|p1|Volcarona, L50, M|
|poke|p1|Sneasler, L50, F|
|poke|p2|Whimsicott, L50, F, shiny|
|poke|p2|Typhlosion-Hisui, L50, M, shiny|
|poke|p2|Farigiraf, L50, F|
|poke|p2|Sceptile, L50, F, shiny|
|poke|p2|Rotom-Wash, L50, shiny|
|poke|p2|Gardevoir, L50, F, shiny|
|teampreview|4
|showteam|p1|Meganium||Meganiumite|Overgrow|SolarBeam,WeatherBall,Synthesis,Protect|Modest||M|||50|]Tyranitar||Tyranitarite|SandStream|RockSlide,KnockOff,LowKick,Protect|Brave||M|||50|]Excadrill||LifeOrb|SandRush|Earthquake,RockSlide,IronHead,Protect|Adamant||F|||50|]Aerodactyl||FocusSash|RockHead|RockSlide,DualWingbeat,StoneEdge,Protect|Jolly||F|||50|]Volcarona||SitrusBerry|FlameBody|RagePowder,HeatWave,WillOWisp,Protect|Bold||M|||50|]Sneasler||WhiteHerb|Unburden|FakeOut,DireClaw,CloseCombat,Protect|Jolly||F|||50|
|showteam|p2|Whimsicott||FocusSash|Prankster|Moonblast,FakeTears,SunnyDay,Tailwind|Modest||F|||50|]Typhlosion-Hisui||Charcoal|Blaze|Eruption,Protect,ShadowBall,HeatWave|Modest||M|||50|]Farigiraf||LifeOrb|ArmorTail|HyperVoice,TwinBeam,Protect,HelpingHand|Modest||F|||50|]Sceptile||Sceptilite|Overgrow|EarthPower,DragonPulse,Detect,EnergyBall|Timid||F|||50|]Rotom-Wash||ChoiceScarf|Levitate|HydroPump,Discharge,VoltSwitch,Thunderbolt|Timid|||||50|]Gardevoir||Gardevoirite|Telepathy|HyperVoice,HyperBeam,Protect,Psychic|Timid||F|||50|
|inactive|Battle timer is ON: inactive players will automatically lose when time's up. (requested by SeymoursLeftToeVGC)
|inactive|cowboyoctopus also wants the timer to be on.
|
|t:|1782490713
|teamsize|p1|4
|teamsize|p2|4
|start
|switch|p1a: Sneasler|Sneasler, L50, F|100/100
|switch|p1b: Aerodactyl|Aerodactyl, L50, F|100/100
|switch|p2a: Gardevoir|Gardevoir, L50, F, shiny|100/100
|switch|p2b: Whimsicott|Whimsicott, L50, F, shiny|100/100
|turn|1
|inactive|cowboyoctopus has 30 seconds left.
|inactive|cowboyoctopus has 20 seconds left.
|inactive|cowboyoctopus has 15 seconds left.
|
|t:|1782490756
|switch|p2b: Farigiraf|Farigiraf, L50, F|100/100
|detailschange|p2a: Gardevoir|Gardevoir-Mega, L50, F, shiny
|-mega|p2a: Gardevoir|Gardevoir|Gardevoirite
|move|p1a: Sneasler|Fake Out||[still]
|cant|p2b: Farigiraf|ability: Armor Tail|Fake Out|[of] p1a: Sneasler
|move|p1b: Aerodactyl|Dual Wingbeat|p2b: Farigiraf
|-damage|p2b: Farigiraf|79/100
|-damage|p2b: Farigiraf|56/100
|-hitcount|p2b: Farigiraf|2
|move|p2a: Gardevoir|Hyper Voice|p1a: Sneasler|[spread] p1a,p1b
|-damage|p1a: Sneasler|30/100
|-damage|p1b: Aerodactyl|32/100
|
|upkeep
|turn|2
|
|t:|1782490771
|move|p2a: Gardevoir|Protect|p2a: Gardevoir
|-singleturn|p2a: Gardevoir|Protect
|move|p1b: Aerodactyl|Stone Edge|p2b: Farigiraf|[miss]
|-miss|p1b: Aerodactyl|p2b: Farigiraf
|move|p1a: Sneasler|Dire Claw|p2a: Gardevoir
|-activate|p2a: Gardevoir|move: Protect
|move|p2b: Farigiraf|Hyper Voice|p1b: Aerodactyl|[spread] p1a,p1b
|-resisted|p1b: Aerodactyl|1
|-damage|p1a: Sneasler|0 fnt
|-damage|p1b: Aerodactyl|1/100
|faint|p1a: Sneasler
|-damage|p2b: Farigiraf|47/100|[from] item: Life Orb
|
|upkeep
|
|t:|1782490784
|switch|p1a: Tyranitar|Tyranitar, L50, M|100/100
|-weather|Sandstorm|[from] ability: Sand Stream|[of] p1a: Tyranitar
|turn|3
|
|t:|1782490791
|detailschange|p1a: Tyranitar|Tyranitar-Mega, L50, M
|-mega|p1a: Tyranitar|Tyranitar|Tyranitarite
|move|p2b: Farigiraf|Helping Hand|p2a: Gardevoir
|-singleturn|p2a: Gardevoir|Helping Hand|[of] p2b: Farigiraf
|move|p1b: Aerodactyl|Stone Edge|p2a: Gardevoir
|-damage|p2a: Gardevoir|15/100
|move|p2a: Gardevoir|Hyper Voice|p1a: Tyranitar|[spread] p1a,p1b
|-supereffective|p1a: Tyranitar|1
|-crit|p1b: Aerodactyl
|-damage|p1a: Tyranitar|23/100
|-damage|p1b: Aerodactyl|0 fnt
|faint|p1b: Aerodactyl
|move|p1a: Tyranitar|Rock Slide|p2a: Gardevoir|[spread] p2b
|-miss|p1a: Tyranitar|p2a: Gardevoir
|-damage|p2b: Farigiraf|2/100
|
|-weather|Sandstorm|[upkeep]
|-damage|p2a: Gardevoir|8/100|[from] Sandstorm
|-damage|p2b: Farigiraf|0 fnt|[from] Sandstorm
|faint|p2b: Farigiraf
|upkeep
|
|t:|1782490807
|switch|p1b: Excadrill|Excadrill, L50, F|100/100
|switch|p2b: Whimsicott|Whimsicott, L50, F, shiny|100/100
|turn|4
|
|t:|1782490825
|move|p1a: Tyranitar|Protect|p1a: Tyranitar
|-singleturn|p1a: Tyranitar|Protect
|move|p2b: Whimsicott|Tailwind|p2b: Whimsicott
|-sidestart|p2: SeymoursLeftToeVGC|move: Tailwind
|move|p2a: Gardevoir|Hyper Voice|p1b: Excadrill|[spread] p1b
|-activate|p1a: Tyranitar|move: Protect
|-resisted|p1b: Excadrill|1
|-damage|p1b: Excadrill|64/100
|move|p1b: Excadrill|Earthquake|p2b: Whimsicott|[spread] p2a,p2b
|-activate|p1a: Tyranitar|move: Protect
|-resisted|p2b: Whimsicott|1
|-damage|p2a: Gardevoir|0 fnt
|-damage|p2b: Whimsicott|57/100
|faint|p2a: Gardevoir
|-damage|p1b: Excadrill|54/100|[from] item: Life Orb
|
|-weather|Sandstorm|[upkeep]
|-damage|p2b: Whimsicott|51/100|[from] Sandstorm
|upkeep
|
|t:|1782490840
|switch|p2a: Rotom|Rotom-Wash, L50, shiny|100/100
|turn|5
|
|t:|1782490855
|move|p2a: Rotom|Hydro Pump|p1b: Excadrill
|-supereffective|p1b: Excadrill|1
|-damage|p1b: Excadrill|0 fnt
|faint|p1b: Excadrill
|move|p2b: Whimsicott|Moonblast|p1a: Tyranitar
|-supereffective|p1a: Tyranitar|1
|-damage|p1a: Tyranitar|0 fnt
|faint|p1a: Tyranitar
|
|win|SeymoursLeftToeVGC
