|j|☆sbhaga34
|j|☆Imreesithink
|html|sbhaga34Imreesithink    
|uhtml|bestof|Game 3 of a best-of-3
|t:|1784256373
|gametype|doubles
|player|p1|sbhaga34|hugh|1306
|player|p2|Imreesithink|blackbelt-gen4dp|1304
|gen|9
|tier|[Gen 9 Champions] VGC 2026 Reg M-B (Bo3)
|rated|
|rule|Species Clause: Limit one of each Pokémon
|rule|Item Clause: Limit 1 of each item
|clearpoke
|poke|p1|Excadrill, L50, F|
|poke|p1|Tyranitar, L50, M|
|poke|p1|Corviknight, L50, M|
|poke|p1|Rotom-Wash, L50|
|poke|p1|Chandelure, L50, M|
|poke|p1|Clefable, L50, M|
|poke|p2|Garchomp, L50, F|
|poke|p2|Venusaur, L50, M|
|poke|p2|Incineroar, L50, F|
|poke|p2|Charizard, L50, F|
|poke|p2|Toxapex, L50, M|
|poke|p2|Annihilape, L50, M|
|teampreview|4
|showteam|p1|Excadrill||FocusSash|SandRush|Earthquake,IronHead,SwordsDance,Protect|Adamant||F|||50|]Tyranitar||Tyranitarite|SandStream|RockSlide,KnockOff,LowKick,Protect|Adamant||M|||50|]Corviknight||SharpBeak|MirrorArmor|BraveBird,Tailwind,BulkUp,Roost|Careful||M|||50|]Rotom-Wash||ChoiceScarf|Levitate|VoltSwitch,Thunderbolt,Electroweb,HydroPump|Timid|||||50|]Chandelure||ShucaBerry|FlashFire|HeatWave,ShadowBall,TrickRoom,Protect|Modest||M|||50|]Clefable||Clefablite|MagicGuard|FollowMe,Moonblast,HealPulse,Protect|Modest||M|||50|
|showteam|p2|Garchomp||ChoiceScarf|RoughSkin|Earthquake,RockSlide,DragonClaw,StompingTantrum|Adamant||F|||50|]Venusaur||LifeOrb|Chlorophyll|SludgeBomb,SolarBeam,EarthPower,Protect|Modest||M|||50|]Incineroar||SitrusBerry|Intimidate|FakeOut,FlareBlitz,ThroatChop,PartingShot|Impish||F|||50|]Charizard||CharizarditeY|Blaze|HeatWave,WeatherBall,Protect,HelpingHand|Modest||F|||50|]Toxapex||Leftovers|Regenerator|Infestation,Toxic,WideGuard,BanefulBunker|Bold||M|||50|]Annihilape||FocusSash|Defiant|CloseCombat,PhantomForce,RockTomb,Protect|Jolly||M|||50|
|inactive|Battle timer is ON: inactive players will automatically lose when time's up. (requested by Imreesithink)
|inactive|sbhaga34 has 60 seconds left.
|inactive|sbhaga34 has 30 seconds left.
|inactive|sbhaga34 has 20 seconds left.
|
|t:|1784256444
|teamsize|p1|4
|teamsize|p2|4
|start
|switch|p1a: Rotom|Rotom-Wash, L50|100/100
|switch|p1b: Chandelure|Chandelure, L50, M|100/100
|switch|p2a: Toxapex|Toxapex, L50, M|100/100
|switch|p2b: Charizard|Charizard, L50, F|100/100
|turn|1
|inactive|Imreesithink has 30 seconds left.
|inactive|sbhaga34 has 30 seconds left.
|
|t:|1784256479
|detailschange|p2b: Charizard|Charizard-Mega-Y, L50, F
|-mega|p2b: Charizard|Charizard|Charizardite Y
|-weather|SunnyDay|[from] ability: Drought|[of] p2b: Charizard
|move|p2b: Charizard|Protect|p2b: Charizard
|-singleturn|p2b: Charizard|Protect
|move|p1a: Rotom|Volt Switch|p2a: Toxapex
|-supereffective|p2a: Toxapex|1
|-damage|p2a: Toxapex|56/100
|
|t:|1784256493
|switch|p1a: Tyranitar|Tyranitar, L50, M|100/100|[from] Volt Switch
|-weather|Sandstorm|[from] ability: Sand Stream|[of] p1a: Tyranitar
|move|p1b: Chandelure|Shadow Ball|p2a: Toxapex
|-damage|p2a: Toxapex|20/100y
|-unboost|p2a: Toxapex|spd|1
|move|p2a: Toxapex|Toxic|p1b: Chandelure
|-status|p1b: Chandelure|tox
|
|-weather|Sandstorm|[upkeep]
|-damage|p2b: Charizard|93/100|[from] Sandstorm
|-damage|p1b: Chandelure|94/100 tox|[from] Sandstorm
|-damage|p2a: Toxapex|14/100|[from] Sandstorm
|-heal|p2a: Toxapex|20/100y|[from] item: Leftovers
|-damage|p1b: Chandelure|88/100 tox|[from] psn
|upkeep
|turn|2
|inactive|sbhaga34 has 30 seconds left.
|
|t:|1784256520
|-heal|p2a: Toxapex|53/100|[from] ability: Regenerator|[silent]
|switch|p2a: Garchomp|Garchomp, L50, F|100/100
|move|p2b: Charizard|Weather Ball|p1b: Chandelure
|-supereffective|p1b: Chandelure|1
|-damage|p1b: Chandelure|5/100 tox
|move|p1a: Tyranitar|Rock Slide|p2a: Garchomp|[spread] p2a,p2b
|-resisted|p2a: Garchomp|1
|-crit|p2a: Garchomp
|-supereffective|p2b: Charizard|2
|-damage|p2a: Garchomp|80/100
|-damage|p2b: Charizard|0 fnt
|faint|p2b: Charizard
|move|p1b: Chandelure|Trick Room|p1b: Chandelure
|-fieldstart|move: Trick Room|[of] p1b: Chandelure
|
|-weather|Sandstorm|[upkeep]
|-damage|p1b: Chandelure|0 fnt|[from] Sandstorm
|faint|p1b: Chandelure
|upkeep
|
|t:|1784256535
|switch|p1b: Corviknight|Corviknight, L50, M|100/100
|switch|p2b: Annihilape|Annihilape, L50, M|100/100
|turn|3
|
|t:|1784256554
|move|p1a: Tyranitar|Protect|p1a: Tyranitar
|-singleturn|p1a: Tyranitar|Protect
|move|p2b: Annihilape|Protect|p2b: Annihilape
|-singleturn|p2b: Annihilape|Protect
|move|p1b: Corviknight|Bulk Up|p1b: Corviknight
|-boost|p1b: Corviknight|atk|1
|-boost|p1b: Corviknight|def|1
|move|p2a: Garchomp|Stomping Tantrum|p1a: Tyranitar
|-activate|p1a: Tyranitar|move: Protect
|
|-weather|Sandstorm|[upkeep]
|-damage|p2b: Annihilape|94/100|[from] Sandstorm
|upkeep
|turn|4
|
|t:|1784256567
|switch|p1a: Rotom|Rotom-Wash, L50|100/100
|switch|p2b: Toxapex|Toxapex, L50, M|53/100
|move|p1b: Corviknight|Brave Bird|p2b: Toxapex
|-damage|p2b: Toxapex|5/100
|-damage|p1b: Corviknight|87/100|[from] Recoil
|move|p2a: Garchomp|Stomping Tantrum|p1a: Rotom
|-immune|p1a: Rotom|[from] ability: Levitate
|
|-weather|Sandstorm|[upkeep]
|-damage|p2b: Toxapex|0 fnt|[from] Sandstorm
|-damage|p1a: Rotom|94/100|[from] Sandstorm
|faint|p2b: Toxapex
|upkeep
|
|t:|1784256575
|switch|p2b: Annihilape|Annihilape, L50, M|94/100
|turn|5
|
|t:|1784256586
|move|p1b: Corviknight|Brave Bird|p2b: Annihilape
|-supereffective|p2b: Annihilape|1
|-damage|p2b: Annihilape|0 fnt
|faint|p2b: Annihilape
|-damage|p1b: Corviknight|59/100|[from] Recoil
|move|p1a: Rotom|Hydro Pump|p2a: Garchomp|[miss]
|-miss|p1a: Rotom|p2a: Garchomp
|move|p2a: Garchomp|Stomping Tantrum|p1a: Rotom
|-immune|p1a: Rotom|[from] ability: Levitate
|
|-weather|none
|upkeep
|turn|6
|c|☆Imreesithink|ggs
|-message|Imreesithink forfeited.
|raw|sbhaga34's rating: 1306 → 1326(+20 for winning)
|raw|Imreesithink's rating: 1304 → 1284(-20 for losing)
|
|win|sbhaga34
