|j|☆jomivgc
|j|☆Kinyachta
|html|jomivgcKinyachta    
|uhtml|bestof|Game 1 of a best-of-3
|t:|1784828575
|gametype|doubles
|player|p1|jomivgc|falkner-gen2|1312
|player|p2|Kinyachta|2|1357
|gen|9
|tier|[Gen 9 Champions] VGC 2026 Reg M-B (Bo3)
|rated|
|rule|Species Clause: Limit one of each Pokémon
|rule|Item Clause: Limit 1 of each item
|clearpoke
|poke|p1|Staraptor, L50, M|
|poke|p1|Vanilluxe, L50, F|
|poke|p1|Farigiraf, L50, M|
|poke|p1|Blastoise, L50, M|
|poke|p1|Kingambit, L50, M|
|poke|p1|Camerupt, L50, F|
|poke|p2|Tyranitar, L50, M|
|poke|p2|Sneasler, L50, M|
|poke|p2|Gardevoir, L50, M|
|poke|p2|Garchomp, L50, M|
|poke|p2|Whimsicott, L50, M|
|poke|p2|Sinistcha-Masterpiece, L50|
|teampreview|4
|showteam|p1|Staraptor||ChoiceScarf|Intimidate|FinalGambit,BraveBird,CloseCombat,Uturn|Jolly||M|||50|]Vanilluxe||NeverMeltIce|SnowWarning|Blizzard,FreezeDry,Protect,IceShard|Quiet||F|||50|]Farigiraf||SitrusBerry|ArmorTail|PsychicFangs,HyperVoice,HelpingHand,TrickRoom|Relaxed||M|||50|]Blastoise||Blastoisinite|RainDish|FakeOut,WaterSpout,AuraSphere,DarkPulse|Quiet||M|||50|]Kingambit||LifeOrb|Defiant|KowtowCleave,IronHead,Protect,SuckerPunch|Brave||M|||50|]Camerupt||Cameruptite|SolidRock|HeatWave,EarthPower,Protect,AncientPower|Quiet||F|||50|
|showteam|p2|Tyranitar||Tyranitarite|SandStream|Protect,DragonDance,RockSlide,KnockOff|Jolly||M|||50|]Sneasler||WhiteHerb|Unburden|CloseCombat,Protect,DireClaw,Coaching|Adamant||M|||50|]Gardevoir||Gardevoirite|Trace|HyperVoice,CalmMind,Protect,Psyshock|Modest||M|||50|]Garchomp||LifeOrb|RoughSkin|RockSlide,Earthquake,DragonClaw,Protect|Adamant||M|||50|]Whimsicott||FocusSash|Prankster|Protect,Tailwind,Encore,Moonblast|Calm||M|||50|]Sinistcha-Masterpiece||ColburBerry|Hospitality|StrengthSap,RagePowder,MatchaGotcha,TrickRoom|Bold|||||50|
|inactive|Battle timer is ON: inactive players will automatically lose when time's up. (requested by jomivgc)
|inactive|Kinyachta has 60 seconds left.
|inactive|Kinyachta has 30 seconds left.
|
|t:|1784828646
|teamsize|p1|4
|teamsize|p2|4
|start
|switch|p1a: Staraptor|Staraptor, L50, M|100/100
|switch|p1b: Farigiraf|Farigiraf, L50, M|100/100
|switch|p2a: Tyranitar|Tyranitar, L50, M|100/100
|switch|p2b: Sinistcha|Sinistcha-Masterpiece, L50|100/100
|-ability|p1a: Staraptor|Intimidate|boost
|-unboost|p2a: Tyranitar|atk|1
|-unboost|p2b: Sinistcha|atk|1
|-weather|Sandstorm|[from] ability: Sand Stream|[of] p2a: Tyranitar
|turn|1
|inactive|jomivgc has 30 seconds left.
|
|t:|1784828677
|move|p1a: Staraptor|Brave Bird|p2b: Sinistcha
|-supereffective|p2b: Sinistcha|1
|-damage|p2b: Sinistcha|28/100
|-damage|p1a: Staraptor|78/100|[from] Recoil
|move|p2a: Tyranitar|Dragon Dance|p2a: Tyranitar
|-boost|p2a: Tyranitar|atk|1
|-boost|p2a: Tyranitar|spe|1
|move|p2b: Sinistcha|Matcha Gotcha|p1b: Farigiraf|[spread] p1a,p1b
|-resisted|p1a: Staraptor|1
|-damage|p1a: Staraptor|61/100
|-heal|p2b: Sinistcha|37/100|[from] drain|[of] p1a: Staraptor
|-damage|p1b: Farigiraf|76/100
|-heal|p2b: Sinistcha|51/100|[from] drain|[of] p1b: Farigiraf
|-status|p1b: Farigiraf|brn
|move|p1b: Farigiraf|Trick Room|p1b: Farigiraf
|-fieldstart|move: Trick Room|[of] p1b: Farigiraf
|
|-weather|Sandstorm|[upkeep]
|-damage|p1b: Farigiraf|70/100 brn|[from] Sandstorm
|-damage|p2b: Sinistcha|45/100|[from] Sandstorm
|-damage|p1a: Staraptor|55/100|[from] Sandstorm
|-damage|p1b: Farigiraf|64/100 brn|[from] brn
|upkeep
|turn|2
|inactive|jomivgc has 30 seconds left.
|inactive|Kinyachta has 30 seconds left.
|inactive|jomivgc has 20 seconds left.
|inactive|jomivgc has 15 seconds left.
|inactive|jomivgc has 10 seconds left.
|inactive|jomivgc has 5 seconds left.
|
|t:|1784828728
|switch|p2b: Garchomp|Garchomp, L50, M|100/100
|move|p1b: Farigiraf|Hyper Voice|p2b: Garchomp|[spread] p2a,p2b
|-resisted|p2a: Tyranitar|1
|-damage|p2a: Tyranitar|92/100
|-damage|p2b: Garchomp|75/100
|move|p2a: Tyranitar|Dragon Dance|p2a: Tyranitar
|-boost|p2a: Tyranitar|atk|1
|-boost|p2a: Tyranitar|spe|1
|move|p1a: Staraptor|Brave Bird|p2b: Garchomp
|-damage|p2b: Garchomp|33/100
|-damage|p1a: Staraptor|43/100|[from] ability: Rough Skin|[of] p2b: Garchomp
|-damage|p1a: Staraptor|27/100|[from] Recoil
|
|-weather|Sandstorm|[upkeep]
|-damage|p1b: Farigiraf|58/100 brn|[from] Sandstorm
|-damage|p1a: Staraptor|21/100|[from] Sandstorm
|-damage|p1b: Farigiraf|51/100 brn|[from] brn
|upkeep
|turn|3
|inactive|jomivgc has 30 seconds left.
|inactive|Kinyachta has 30 seconds left.
|inactive|Kinyachta has 20 seconds left.
|inactive|Kinyachta has 15 seconds left.
|
|t:|1784828773
|move|p2b: Garchomp|Protect|p2b: Garchomp
|-singleturn|p2b: Garchomp|Protect
|move|p1b: Farigiraf|Hyper Voice|p2b: Garchomp|[spread] p2a
|-activate|p2b: Garchomp|move: Protect
|-resisted|p2a: Tyranitar|1
|-damage|p2a: Tyranitar|84/100
|move|p1a: Staraptor|Brave Bird|p2b: Garchomp
|-activate|p2b: Garchomp|move: Protect
|move|p2a: Tyranitar|Dragon Dance|p2a: Tyranitar
|-boost|p2a: Tyranitar|atk|1
|-boost|p2a: Tyranitar|spe|1
|
|-weather|Sandstorm|[upkeep]
|-damage|p1b: Farigiraf|45/100 brn|[from] Sandstorm
|-damage|p1a: Staraptor|15/100|[from] Sandstorm
|-enditem|p1b: Farigiraf|Sitrus Berry|[eat]
|-heal|p1b: Farigiraf|70/100 brn|[from] item: Sitrus Berry
|-damage|p1b: Farigiraf|64/100 brn|[from] brn
|upkeep
|turn|4
|
|t:|1784828793
|move|p1b: Farigiraf|Hyper Voice|p2a: Tyranitar|[spread] p2a,p2b
|-resisted|p2a: Tyranitar|1
|-damage|p2a: Tyranitar|77/100
|-damage|p2b: Garchomp|7/100
|move|p2b: Garchomp|Rock Slide|p1b: Farigiraf|[spread] p1a,p1b
|-supereffective|p1a: Staraptor|1
|-damage|p1a: Staraptor|0 fnt
|-damage|p1b: Farigiraf|43/100 brn
|faint|p1a: Staraptor
|-damage|p2b: Garchomp|0 fnt|[from] item: Life Orb
|faint|p2b: Garchomp
|move|p2a: Tyranitar|Rock Slide|p1b: Farigiraf
|-damage|p1b: Farigiraf|0 fnt
|faint|p1b: Farigiraf
|
|-weather|Sandstorm|[upkeep]
|upkeep
|
|t:|1784828808
|switch|p1b: Blastoise|Blastoise, L50, M|100/100
|switch|p2b: Sinistcha|Sinistcha-Masterpiece, L50|45/100
|switch|p1a: Vanilluxe|Vanilluxe, L50, F|100/100
|-weather|Snowscape|[from] ability: Snow Warning|[of] p1a: Vanilluxe
|-heal|p2a: Tyranitar|100/100|[from] ability: Hospitality|[of] p2b: Sinistcha
|turn|5
|
|t:|1784828827
|detailschange|p1b: Blastoise|Blastoise-Mega, L50, M
|-mega|p1b: Blastoise|Blastoise|Blastoisinite
|detailschange|p2a: Tyranitar|Tyranitar-Mega, L50, M
|-mega|p2a: Tyranitar|Tyranitar|Tyranitarite
|-weather|Sandstorm|[from] ability: Sand Stream|[of] p2a: Tyranitar
|move|p2a: Tyranitar|Protect|p2a: Tyranitar
|-singleturn|p2a: Tyranitar|Protect
|move|p1b: Blastoise|Aura Sphere|p2a: Tyranitar
|-activate|p2a: Tyranitar|move: Protect
|move|p1a: Vanilluxe|Blizzard|p2b: Sinistcha|[spread] p2b
|-activate|p2a: Tyranitar|move: Protect
|-supereffective|p2b: Sinistcha|1
|-damage|p2b: Sinistcha|0 fnt
|faint|p2b: Sinistcha
|
|-weather|Sandstorm|[upkeep]
|-damage|p1b: Blastoise|94/100|[from] Sandstorm
|-damage|p1a: Vanilluxe|93/100|[from] Sandstorm
|-fieldend|move: Trick Room
|upkeep
|
|t:|1784828843
|switch|p2b: Sneasler|Sneasler, L50, M|100/100
|turn|6
|
|t:|1784828852
|move|p2a: Tyranitar|Knock Off|p1b: Blastoise
|-damage|p1b: Blastoise|31/100
|move|p2b: Sneasler|Close Combat|p1a: Vanilluxe
|-supereffective|p1a: Vanilluxe|1
|-damage|p1a: Vanilluxe|0 fnt
|-unboost|p2b: Sneasler|def|1
|-unboost|p2b: Sneasler|spd|1
|faint|p1a: Vanilluxe
|-enditem|p2b: Sneasler|White Herb
|-clearnegativeboost|p2b: Sneasler|[silent]
|move|p1b: Blastoise|Aura Sphere|p2a: Tyranitar
|-supereffective|p2a: Tyranitar|2
|-damage|p2a: Tyranitar|0 fnt
|faint|p2a: Tyranitar
|
|-weather|Sandstorm|[upkeep]
|-damage|p2b: Sneasler|94/100|[from] Sandstorm
|-damage|p1b: Blastoise|25/100|[from] Sandstorm
|upkeep
|turn|7
|-message|jomivgc forfeited.
|
|win|Kinyachta
