|j|☆sapillo
|j|☆Beatyful
|html|sapilloBeatyful    
|uhtml|bestof|Game 1 of a best-of-3
|t:|1756828284
|gametype|doubles
|player|p1|sapillo|2|1180
|player|p2|Beatyful|miku-water|1125
|gen|9
|tier|[Gen 9] VGC 2025 Reg H (Bo3)
|rated|
|rule|Species Clause: Limit one of each Pokémon
|rule|Item Clause: Limit 1 of each item
|clearpoke
|poke|p1|Tyranitar, L50, F|
|poke|p1|Excadrill, L50, F|
|poke|p1|Primarina, L50, F|
|poke|p1|Kommo-o, L50, M|
|poke|p1|Sinistcha, L50|
|poke|p1|Mandibuzz, L50, F|
|poke|p2|Volcarona, L50, F|
|poke|p2|Dragonite, L50, M|
|poke|p2|Annihilape, L50, M|
|poke|p2|Sneasler, L50, M|
|poke|p2|Rillaboom, L50, M|
|poke|p2|Incineroar, L50, M|
|teampreview|4
|showteam|p1|Tyranitar||AssaultVest|SandStream|RockSlide,KnockOff,TeraBlast,LowKick|||F|||50|,,,,,Flying]Excadrill||LifeOrb|SandRush|HighHorsepower,Earthquake,Protect,IronHead|||F|||50|,,,,,Ground]Primarina||ThroatSpray|LiquidVoice|HyperVoice,Moonblast,Protect,Haze|||F|||50|,,,,,Poison]Kommo-o||SitrusBerry|Overcoat|ClangorousSoul,Protect,ClangingScales,AuraSphere|||M|||50|,,,,,Fairy]Sinistcha||Leftovers|Hospitality|MatchaGotcha,RagePowder,TrickRoom,Imprison||||||50|,,,,,Fire]Mandibuzz||CovertCloak|Overcoat|Tailwind,Taunt,Whirlwind,FoulPlay|||F|||50|,,,,,Water
|showteam|p2|Volcarona||Leftovers|FlameBody|HeatWave,TeraBlast,QuiverDance,Protect|||F|||50|,,,,,Fairy]Dragonite||LoadedDice|Multiscale|ScaleShot,ExtremeSpeed,Haze,Protect|||M|||50|,,,,,Steel]Annihilape||SafetyGoggles|Defiant|CloseCombat,RageFist,Taunt,FinalGambit|||M|||50|,,,,,Fire]Sneasler||FocusSash|Unburden|CloseCombat,DireClaw,Coaching,Protect|||M|||50|,,,,,Stellar]Rillaboom||AssaultVest|GrassySurge|WoodHammer,GrassyGlide,HighHorsepower,FakeOut|||M|||50|,,,,,Fire]Incineroar||RockyHelmet|Intimidate|FakeOut,KnockOff,FlareBlitz,PartingShot|||M|||50|,,,,,Grass
|
|t:|1756828351
|teamsize|p1|4
|teamsize|p2|4
|start
|switch|p1a: Mandibuzz|Mandibuzz, L50, F|100/100
|switch|p1b: Primarina|Primarina, L50, F|100/100
|switch|p2a: Incineroar|Incineroar, L50, M|100/100
|switch|p2b: Annihilape|Annihilape, L50, M|100/100
|-ability|p2a: Incineroar|Intimidate|boost
|-unboost|p1a: Mandibuzz|atk|1
|-unboost|p1b: Primarina|atk|1
|turn|1
|
|t:|1756828399
|move|p2a: Incineroar|Fake Out|p1a: Mandibuzz
|-crit|p1a: Mandibuzz
|-damage|p1a: Mandibuzz|89/100
|move|p2b: Annihilape|Final Gambit|p1b: Primarina
|-damage|p1b: Primarina|0 fnt
|faint|p2b: Annihilape
|faint|p1b: Primarina
|move|p1a: Mandibuzz|Whirlwind|p2a: Incineroar
|drag|p2a: Rillaboom|Rillaboom, L50, M|100/100
|-fieldstart|move: Grassy Terrain|[from] ability: Grassy Surge|[of] p2a: Rillaboom
|
|upkeep
|
|t:|1756828420
|switch|p2b: Incineroar|Incineroar, L50, M|100/100
|switch|p1b: Kommo-o|Kommo-o, L50, M|100/100
|-ability|p2b: Incineroar|Intimidate|boost
|-unboost|p1a: Mandibuzz|atk|1
|-unboost|p1b: Kommo-o|atk|1
|turn|2
|
|t:|1756828486
|move|p1b: Kommo-o|Clangorous Soul|p1b: Kommo-o
|-boost|p1b: Kommo-o|atk|1
|-boost|p1b: Kommo-o|def|1
|-boost|p1b: Kommo-o|spa|1
|-boost|p1b: Kommo-o|spd|1
|-boost|p1b: Kommo-o|spe|1
|-damage|p1b: Kommo-o|68/100
|move|p1a: Mandibuzz|Foul Play|p2a: Rillaboom
|-damage|p2a: Rillaboom|52/100
|move|p2a: Rillaboom|Wood Hammer|p1b: Kommo-o
|-resisted|p1b: Kommo-o
|-damage|p1b: Kommo-o|44/100
|-enditem|p1b: Kommo-o|Sitrus Berry|[eat]
|-heal|p1b: Kommo-o|69/100|[from] item: Sitrus Berry
|-damage|p2a: Rillaboom|45/100|[from] Recoil
|move|p2b: Incineroar|Knock Off|p1b: Kommo-o
|-resisted|p1b: Kommo-o
|-damage|p1b: Kommo-o|61/100
|
|-heal|p1b: Kommo-o|67/100|[from] Grassy Terrain
|-heal|p2a: Rillaboom|51/100|[from] Grassy Terrain
|upkeep
|turn|3
|
|t:|1756828535
|switch|p1a: Sinistcha|Sinistcha, L50|100/100
|-heal|p1b: Kommo-o|92/100|[from] ability: Hospitality|[of] p1a: Sinistcha
|move|p1b: Kommo-o|Clanging Scales|p2a: Rillaboom|[spread] p2a,p2b
|-damage|p2a: Rillaboom|20/100
|-damage|p2b: Incineroar|57/100
|-unboost|p1b: Kommo-o|def|1
|move|p2a: Rillaboom|Wood Hammer|p1b: Kommo-o
|-resisted|p1b: Kommo-o
|-damage|p1b: Kommo-o|60/100
|-damage|p2a: Rillaboom|10/100|[from] Recoil
|move|p2b: Incineroar|Parting Shot|p1b: Kommo-o
|-unboost|p1b: Kommo-o|atk|1
|-unboost|p1b: Kommo-o|spa|1
|
|t:|1756828553
|switch|p2b: Volcarona|Volcarona, L50, F|100/100|[from] Parting Shot
|
|-heal|p1b: Kommo-o|66/100|[from] Grassy Terrain
|-heal|p2a: Rillaboom|16/100|[from] Grassy Terrain
|upkeep
|turn|4
|
|t:|1756828611
|switch|p1a: Mandibuzz|Mandibuzz, L50, F|89/100
|-terastallize|p2b: Volcarona|Fairy
|move|p1b: Kommo-o|Aura Sphere|p2a: Rillaboom
|-crit|p2a: Rillaboom
|-damage|p2a: Rillaboom|0 fnt
|faint|p2a: Rillaboom
|move|p2b: Volcarona|Quiver Dance|p2b: Volcarona
|-boost|p2b: Volcarona|spa|1
|-boost|p2b: Volcarona|spd|1
|-boost|p2b: Volcarona|spe|1
|
|-heal|p1b: Kommo-o|72/100|[from] Grassy Terrain
|upkeep
|
|t:|1756828691
|switch|p2a: Incineroar|Incineroar, L50, M|57/100
|-ability|p2a: Incineroar|Intimidate|boost
|-unboost|p1a: Mandibuzz|atk|1
|-unboost|p1b: Kommo-o|atk|1
|turn|5
|
|t:|1756828716
|move|p1b: Kommo-o|Protect|p1b: Kommo-o
|-singleturn|p1b: Kommo-o|Protect
|move|p2a: Incineroar|Fake Out|p1b: Kommo-o
|-activate|p1b: Kommo-o|move: Protect
|move|p2b: Volcarona|Quiver Dance|p2b: Volcarona
|-boost|p2b: Volcarona|spa|1
|-boost|p2b: Volcarona|spd|1
|-boost|p2b: Volcarona|spe|1
|move|p1a: Mandibuzz|Taunt|p2b: Volcarona
|-start|p2b: Volcarona|move: Taunt
|
|-heal|p1b: Kommo-o|79/100|[from] Grassy Terrain
|-heal|p2a: Incineroar|63/100|[from] Grassy Terrain
|-fieldend|move: Grassy Terrain
|upkeep
|turn|6
|
|t:|1756828745
|switch|p1a: Sinistcha|Sinistcha, L50|100/100
|-heal|p1b: Kommo-o|100/100|[from] ability: Hospitality|[of] p1a: Sinistcha
|-terastallize|p1b: Kommo-o|Fairy
|move|p2b: Volcarona|Tera Blast|p1b: Kommo-o|[anim] Tera Blast Fairy
|-damage|p1b: Kommo-o|46/100
|move|p1b: Kommo-o|Aura Sphere|p2a: Incineroar
|-supereffective|p2a: Incineroar
|-damage|p2a: Incineroar|5/100
|move|p2a: Incineroar|Parting Shot|p1b: Kommo-o
|-unboost|p1b: Kommo-o|atk|1
|-unboost|p1b: Kommo-o|spa|1
|
|upkeep
|turn|7
|
|t:|1756828770
|move|p2a: Incineroar|Fake Out||[still]
|-hint|Fake Out only works on your first turn out.
|-fail|p2a: Incineroar
|move|p1a: Sinistcha|Rage Powder|p1a: Sinistcha
|-singleturn|p1a: Sinistcha|move: Rage Powder
|move|p2b: Volcarona|Heat Wave|p1a: Sinistcha|[spread] p1a,p1b
|-supereffective|p1a: Sinistcha
|-damage|p1a: Sinistcha|0 fnt
|-damage|p1b: Kommo-o|1/100
|faint|p1a: Sinistcha
|move|p1b: Kommo-o|Clangorous Soul||[still]
|-fail|p1b: Kommo-o
|
|upkeep
|
|t:|1756828772
|switch|p1a: Mandibuzz|Mandibuzz, L50, F|89/100
|turn|8
|-message|sapillo forfeited.
|
|win|Beatyful
||Beatyful is ready for game 2.
||sapillo is ready for game 2.
|uhtml|next|Next: Game 2 of 3
