|j|☆Govek314
|j|☆luckstat10
|html|Govek314luckstat10    
|uhtml|bestof|Game 1 of a best-of-3
|t:|1756943442
|gametype|doubles
|player|p1|Govek314|266|1130
|player|p2|luckstat10|265|1140
|gen|9
|tier|[Gen 9] VGC 2025 Reg H (Bo3)
|rated|
|rule|Species Clause: Limit one of each Pokémon
|rule|Item Clause: Limit 1 of each item
|clearpoke
|poke|p1|Arcanine-Hisui, L50, M|
|poke|p1|Rillaboom, L50, F|
|poke|p1|Basculegion, L50, M|
|poke|p1|Ninetales-Alola, L50, F|
|poke|p1|Gholdengo, L50|
|poke|p1|Hydreigon, L50, M|
|poke|p2|Whimsicott, L50, F|
|poke|p2|Typhlosion-Hisui, L50, M|
|poke|p2|Ursaluna-Bloodmoon, L50, M|
|poke|p2|Indeedee, L50, M|
|poke|p2|Sneasler, L50, F|
|poke|p2|Dragapult, L50, M|
|teampreview|4
|showteam|p1|Arcanine-Hisui||ClearAmulet|Intimidate|FlareBlitz,ExtremeSpeed,Protect,RockSlide|||M|||50|,,,,,Grass]Rillaboom||AssaultVest|GrassySurge|GrassyGlide,FakeOut,WoodHammer,Uturn|||F|||50|,,,,,Fire]Basculegion||ChoiceScarf|Adaptability|LastRespects,WaveCrash,AquaJet,FlipTurn|||M|||50|,,,,,Water]Ninetales-Alola||FocusSash|SnowWarning|Blizzard,AuroraVeil,IcyWind,Protect|||F|||50|,,,,,Ghost]Gholdengo||LifeOrb|GoodasGold|Protect,MakeItRain,ShadowBall,NastyPlot||||||50|,,,,,Water]Hydreigon||SafetyGoggles|Levitate|DracoMeteor,Snarl,Tailwind,Protect|||M|||50|,,,,,Ghost
|showteam|p2|Whimsicott||CovertCloak|Prankster|Tailwind,SunnyDay,Encore,Moonblast|||F|||50|,,,,,Fire]Typhlosion-Hisui||ChoiceScarf|Blaze|Eruption,HeatWave,ShadowBall,Flamethrower|||M|||50|,,,,,Fire]Ursaluna-Bloodmoon||LifeOrb|MindsEye|BloodMoon,HyperVoice,EarthPower,Protect|||M|||50|,,,,,Ghost]Indeedee||FocusSash|PsychicSurge|ExpandingForce,DazzlingGleam,HelpingHand,Protect|||M|||50|,,,,,Psychic]Sneasler||PsychicSeed|Unburden|DireClaw,CloseCombat,ThroatChop,Protect|||F|||50|,,,,,Dark]Dragapult||ChoiceBand|ClearBody|DragonDarts,TeraBlast,PhantomForce,Uturn|||M|||50|,,,,,Ghost
|j| m710
|l| m710
|inactive|Battle timer is ON: inactive players will automatically lose when time's up. (requested by luckstat10)
|
|t:|1756943532
|teamsize|p1|4
|teamsize|p2|4
|start
|switch|p1a: Ninetales|Ninetales-Alola, L50, F, shiny|100/100
|switch|p1b: Hydreigon|Hydreigon, L50, M, shiny|100/100
|switch|p2a: Whimsicott|Whimsicott, L50, F, shiny|100/100
|switch|p2b: Ursaluna|Ursaluna-Bloodmoon, L50, M|100/100
|-weather|Snowscape|[from] ability: Snow Warning|[of] p1a: Ninetales
|turn|1
|inactive|luckstat10 has 30 seconds left.
|
|t:|1756943563
|move|p2b: Ursaluna|Protect|p2b: Ursaluna
|-singleturn|p2b: Ursaluna|Protect
|move|p2a: Whimsicott|Tailwind|p2a: Whimsicott
|-sidestart|p2: luckstat10|move: Tailwind
|move|p1a: Ninetales|Aurora Veil|p1a: Ninetales
|-sidestart|p1: Govek314|move: Aurora Veil
|move|p1b: Hydreigon|Snarl|p2b: Ursaluna|[spread] p2a
|-activate|p2b: Ursaluna|move: Protect
|-resisted|p2a: Whimsicott
|-damage|p2a: Whimsicott|83/100
|
|-weather|Snowscape|[upkeep]
|upkeep
|turn|2
|inactive|luckstat10 has 30 seconds left.
|
|t:|1756943596
|move|p1b: Hydreigon|Protect|p1b: Hydreigon
|-singleturn|p1b: Hydreigon|Protect
|move|p2a: Whimsicott|Encore|p1a: Ninetales
|-start|p1a: Ninetales|Encore
|move|p2b: Ursaluna|Blood Moon|p1b: Hydreigon
|-activate|p1b: Hydreigon|move: Protect
|move|p1a: Ninetales|Aurora Veil||[still]
|-fail|p1a: Ninetales
|
|-weather|Snowscape|[upkeep]
|upkeep
|turn|3
|inactive|Govek314 has 30 seconds left.
|
|t:|1756943625
|switch|p1a: Rillaboom|Rillaboom, L50, F, shiny|100/100
|-fieldstart|move: Grassy Terrain|[from] ability: Grassy Surge|[of] p1a: Rillaboom
|-terastallize|p1b: Hydreigon|Ghost
|move|p2a: Whimsicott|Moonblast|p1b: Hydreigon
|-damage|p1b: Hydreigon|74/100
|-unboost|p1b: Hydreigon|spa|1
|move|p2b: Ursaluna|Hyper Voice|p1a: Rillaboom|[spread] p1a,p1b
|-damage|p1a: Rillaboom|75/100
|-damage|p1b: Hydreigon|40/100
|-damage|p2b: Ursaluna|91/100|[from] item: Life Orb
|move|p1b: Hydreigon|Snarl|p2b: Ursaluna|[spread] p2a,p2b
|-resisted|p2a: Whimsicott
|-damage|p2a: Whimsicott|72/100
|-damage|p2b: Ursaluna|75/100
|-unboost|p2b: Ursaluna|spa|1
|
|-weather|Snowscape|[upkeep]
|-heal|p2a: Whimsicott|78/100|[from] Grassy Terrain
|-heal|p2b: Ursaluna|81/100|[from] Grassy Terrain
|-heal|p1a: Rillaboom|81/100|[from] Grassy Terrain
|upkeep
|turn|4
|inactive|Govek314 has 30 seconds left.
|inactive|luckstat10 has 30 seconds left.
|inactive|Govek314 has 20 seconds left.
|inactive|luckstat10 has 20 seconds left.
|inactive|Govek314 has 15 seconds left.
|inactive|luckstat10 has 15 seconds left.
|inactive|luckstat10 has 10 seconds left.
|inactive|Govek314 has 10 seconds left.
|
|t:|1756943678
|switch|p2b: Dragapult|Dragapult, L50, M|100/100
|move|p1b: Hydreigon|Protect|p1b: Hydreigon
|-singleturn|p1b: Hydreigon|Protect
|move|p2a: Whimsicott|Moonblast|p1b: Hydreigon
|-activate|p1b: Hydreigon|move: Protect
|move|p1a: Rillaboom|U-turn|p2a: Whimsicott
|-damage|p2a: Whimsicott|42/100
|
|t:|1756943687
|switch|p1a: Ninetales|Ninetales-Alola, L50, F, shiny|100/100|[from] U-turn
|
|-weather|Snowscape|[upkeep]
|-heal|p2a: Whimsicott|48/100|[from] Grassy Terrain
|-sideend|p2: luckstat10|move: Tailwind
|upkeep
|turn|5
|
|t:|1756943706
|move|p2a: Whimsicott|Sunny Day|p2a: Whimsicott
|-weather|SunnyDay
|move|p2b: Dragapult|Phantom Force||[still]
|-prepare|p2b: Dragapult|Phantom Force
|move|p1a: Ninetales|Blizzard|p2a: Whimsicott|[spread] 
|-miss|p1a: Ninetales|p2b: Dragapult
|-miss|p1a: Ninetales|p2a: Whimsicott
|move|p1b: Hydreigon|Tailwind|p1b: Hydreigon
|-sidestart|p1: Govek314|move: Tailwind
|
|-weather|SunnyDay|[upkeep]
|-heal|p2a: Whimsicott|53/100|[from] Grassy Terrain
|-sideend|p1: Govek314|move: Aurora Veil
|upkeep
|turn|6
|inactive|Govek314 has 30 seconds left.
|
|t:|1756943732
|switch|p1a: Rillaboom|Rillaboom, L50, F, shiny|81/100
|move|p1b: Hydreigon|Protect|p1b: Hydreigon
|-singleturn|p1b: Hydreigon|Protect
|move|p2a: Whimsicott|Tailwind|p2a: Whimsicott
|-sidestart|p2: luckstat10|move: Tailwind
|move|p2b: Dragapult|Phantom Force|p1b: Hydreigon|[from] lockedmove
|-activate|p1b: Hydreigon|move: Phantom Force|[broken]
|-supereffective|p1b: Hydreigon
|-damage|p1b: Hydreigon|0 fnt
|faint|p1b: Hydreigon
|
|-weather|SunnyDay|[upkeep]
|-heal|p2a: Whimsicott|59/100|[from] Grassy Terrain
|-heal|p1a: Rillaboom|87/100|[from] Grassy Terrain
|upkeep
|
|t:|1756943750
|switch|p1b: Ninetales|Ninetales-Alola, L50, F, shiny|100/100
|-weather|Snowscape|[from] ability: Snow Warning|[of] p1b: Ninetales
|turn|7
|
|t:|1756943761
|move|p2a: Whimsicott|Sunny Day|p2a: Whimsicott
|-weather|SunnyDay
|move|p1a: Rillaboom|Grassy Glide|p2b: Dragapult
|-resisted|p2b: Dragapult
|-damage|p2b: Dragapult|74/100
|move|p2b: Dragapult|Phantom Force||[still]
|-prepare|p2b: Dragapult|Phantom Force
|move|p1b: Ninetales|Blizzard|p2a: Whimsicott|[spread] 
|-miss|p1b: Ninetales|p2b: Dragapult
|-miss|p1b: Ninetales|p2a: Whimsicott
|
|-weather|SunnyDay|[upkeep]
|-heal|p2a: Whimsicott|65/100|[from] Grassy Terrain
|-heal|p1a: Rillaboom|93/100|[from] Grassy Terrain
|-fieldend|move: Grassy Terrain
|upkeep
|turn|8
|
|t:|1756943786
|move|p2b: Dragapult|Phantom Force|p1b: Ninetales|[from] lockedmove
|-damage|p1b: Ninetales|3/100
|move|p1b: Ninetales|Icy Wind|p2a: Whimsicott|[spread] p2a,p2b
|-supereffective|p2a: Whimsicott
|-supereffective|p2b: Dragapult
|-damage|p2a: Whimsicott|15/100
|-damage|p2b: Dragapult|34/100
|move|p2a: Whimsicott|Moonblast|p1b: Ninetales
|-damage|p1b: Ninetales|0 fnt
|faint|p1b: Ninetales
|move|p1a: Rillaboom|U-turn|p2a: Whimsicott
|-damage|p2a: Whimsicott|0 fnt
|faint|p2a: Whimsicott
|
|t:|1756943798
|switch|p1a: Basculegion|Basculegion, L50, M|100/100|[from] U-turn
|
|-weather|SunnyDay|[upkeep]
|-sideend|p1: Govek314|move: Tailwind
|upkeep
|
|t:|1756943810
|switch|p1b: Rillaboom|Rillaboom, L50, F, shiny|93/100
|switch|p2a: Typhlosion|Typhlosion-Hisui, L50, M, shiny|100/100
|-fieldstart|move: Grassy Terrain|[from] ability: Grassy Surge|[of] p1b: Rillaboom
|turn|9
|
|t:|1756943828
|move|p1b: Rillaboom|Grassy Glide|p2b: Dragapult
|-resisted|p2b: Dragapult
|-damage|p2b: Dragapult|5/100
|move|p2a: Typhlosion|Flamethrower|p1b: Rillaboom
|-supereffective|p1b: Rillaboom
|-damage|p1b: Rillaboom|0 fnt
|faint|p1b: Rillaboom
|move|p2b: Dragapult|Phantom Force||[still]
|-prepare|p2b: Dragapult|Phantom Force
|move|p1a: Basculegion|Wave Crash|p2a: Typhlosion
|-supereffective|p2a: Typhlosion
|-damage|p2a: Typhlosion|0 fnt
|faint|p2a: Typhlosion
|-damage|p1a: Basculegion|75/100|[from] Recoil
|
|-weather|SunnyDay|[upkeep]
|-heal|p1a: Basculegion|82/100|[from] Grassy Terrain
|-sideend|p2: luckstat10|move: Tailwind
|upkeep
|
|t:|1756943843
|switch|p2a: Ursaluna|Ursaluna-Bloodmoon, L50, M|81/100
|turn|10
|
|t:|1756943852
|-terastallize|p2a: Ursaluna|Ghost
|move|p2b: Dragapult|Phantom Force|p1a: Basculegion|[from] lockedmove
|-supereffective|p1a: Basculegion
|-damage|p1a: Basculegion|0 fnt
|faint|p1a: Basculegion
|
|win|luckstat10
