|j|☆KR0N0Z
|j|☆SpaceTyranitar
|html|KR0N0ZSpaceTyranitar    
|uhtml|bestof|Game 2 of a best-of-3
|t:|1782965350
|gametype|doubles
|player|p1|KR0N0Z|ghetsis|1000
|player|p2|SpaceTyranitar|steven|1037
|gen|9
|tier|[Gen 9 Champions] VGC 2026 Reg M-B (Bo3)
|rated|
|rule|Species Clause: Limit one of each Pokémon
|rule|Item Clause: Limit 1 of each item
|clearpoke
|poke|p1|Swampert, L50, M, shiny|
|poke|p1|Pelipper, L50, M, shiny|
|poke|p1|Archaludon, L50, M|
|poke|p1|Gholdengo, L50|
|poke|p1|Rotom-Wash, L50|
|poke|p1|Whimsicott, L50, F, shiny|
|poke|p2|Ninetales-Alola, L50, M|
|poke|p2|Sceptile, L50, M|
|poke|p2|Rotom-Heat, L50|
|poke|p2|Archaludon, L50, M|
|poke|p2|Swampert, L50, F|
|poke|p2|Pelipper, L50, F|
|teampreview|4
|showteam|p1|Swampert||Swampertite|Damp|WaveCrash,FlipTurn,Earthquake,Protect|Adamant||M|||50|]Pelipper||DampRock|Drizzle|WeatherBall,Hurricane,Tailwind,Protect|Modest||M|||50|]Archaludon||Leftovers|Stamina|FlashCannon,DragonPulse,ElectroShot,Protect|Calm||M|||50|]Gholdengo||LifeOrb|GoodasGold|MakeItRain,ShadowBall,DazzlingGleam,Protect|Modest|||||50|]Rotom-Wash||ChoiceScarf|Levitate|Thunder,VoltSwitch,HydroPump,Trick|Modest|||||50|]Whimsicott||FocusSash|Prankster|EnergyBall,Moonblast,Tailwind,Taunt|Modest||F|||50|
|showteam|p2|Ninetales-Alola||LightClay|SnowWarning|AuroraVeil,FreezeDry,Moonblast,Protect|Timid||M|||50|]Sceptile||Sceptilite|Overgrow|EarthPower,DragonPulse,LeafStorm,Protect|Timid||M|||50|]Rotom-Heat||ChoiceScarf|Levitate|VoltSwitch,Electroweb,Discharge,Overheat|Timid|||||50|]Archaludon||LifeOrb|Stamina|ElectroShot,DracoMeteor,SteelBeam,Protect|Timid||M|||50|]Swampert||Swampertite|Torrent|WaveCrash,RockSlide,Earthquake,Protect|Adamant||F|||50|]Pelipper||FocusSash|Drizzle|MuddyWater,Tailwind,Hurricane,Protect|Timid||F|||50|
|
|t:|1782965455
|teamsize|p1|4
|teamsize|p2|4
|start
|switch|p1a: Swoop|Pelipper, L50, M, shiny|100/100
|switch|p1b: GoldenGate|Archaludon, L50, M|100/100
|switch|p2a: Pelipper|Pelipper, L50, F|100/100
|switch|p2b: Archaludon|Archaludon, L50, M|100/100
|-weather|RainDance|[from] ability: Drizzle|[of] p2a: Pelipper
|turn|1
|
|t:|1782965480
|switch|p1a: WaveRipper|Swampert, L50, M, shiny|100/100
|move|p1b: GoldenGate|Protect|p1b: GoldenGate
|-singleturn|p1b: GoldenGate|Protect
|move|p2b: Archaludon|Draco Meteor|p1b: GoldenGate
|-activate|p1b: GoldenGate|move: Protect
|move|p2a: Pelipper|Tailwind|p2a: Pelipper
|-sidestart|p2: SpaceTyranitar|move: Tailwind
|
|-weather|RainDance|[upkeep]
|upkeep
|turn|2
|
|t:|1782965526
|switch|p2a: Ninetales|Ninetales-Alola, L50, M|100/100
|-weather|Snowscape|[from] ability: Snow Warning|[of] p2a: Ninetales
|detailschange|p1a: WaveRipper|Swampert-Mega, L50, M, shiny
|-mega|p1a: WaveRipper|Swampert|Swampertite
|move|p2b: Archaludon|Draco Meteor|p1b: GoldenGate|[miss]
|-miss|p2b: Archaludon|p1b: GoldenGate
|move|p1a: WaveRipper|Wave Crash|p2b: Archaludon
|-resisted|p2b: Archaludon|1
|-damage|p2b: Archaludon|69/100
|-ability|p2b: Archaludon|Stamina|boost
|-boost|p2b: Archaludon|def|1
|-damage|p1a: WaveRipper|91/100|[from] Recoil
|move|p1b: GoldenGate|Electro Shot||[still]
|-prepare|p1b: GoldenGate|Electro Shot
|-boost|p1b: GoldenGate|spa|1
|
|-weather|Snowscape|[upkeep]
|upkeep
|turn|3
|
|t:|1782965556
|switch|p1a: Swoop|Pelipper, L50, M, shiny|100/100
|-weather|RainDance|[from] ability: Drizzle|[of] p1a: Swoop
|move|p2a: Ninetales|Freeze-Dry|p1a: Swoop
|-supereffective|p1a: Swoop|2
|-damage|p1a: Swoop|0 fnt
|faint|p1a: Swoop
|move|p2b: Archaludon|Draco Meteor|p1b: GoldenGate
|-damage|p1b: GoldenGate|2/100
|-unboost|p2b: Archaludon|spa|2
|-ability|p1b: GoldenGate|Stamina|boost
|-boost|p1b: GoldenGate|def|1
|-damage|p2b: Archaludon|59/100|[from] item: Life Orb
|move|p1b: GoldenGate|Electro Shot|p2b: Archaludon|[from] lockedmove
|-resisted|p2b: Archaludon|1
|-damage|p2b: Archaludon|10/100
|-ability|p2b: Archaludon|Stamina|boost
|-boost|p2b: Archaludon|def|1
|
|-weather|RainDance|[upkeep]
|-heal|p1b: GoldenGate|8/100|[from] item: Leftovers
|upkeep
|
|t:|1782965575
|switch|p1a: WaveRipper|Swampert-Mega, L50, M, shiny|91/100
|turn|4
|
|t:|1782965602
|move|p2a: Ninetales|Freeze-Dry|p1a: WaveRipper
|-supereffective|p1a: WaveRipper|2
|-damage|p1a: WaveRipper|0 fnt
|faint|p1a: WaveRipper
|move|p2b: Archaludon|Draco Meteor|p1b: GoldenGate
|-damage|p1b: GoldenGate|0 fnt
|-unboost|p2b: Archaludon|spa|2
|faint|p1b: GoldenGate
|-damage|p2b: Archaludon|1/100|[from] item: Life Orb
|
|-weather|RainDance|[upkeep]
|-sideend|p2: SpaceTyranitar|move: Tailwind
|upkeep
|
|t:|1782965609
|switch|p1b: FatStacks|Gholdengo, L50|100/100
|turn|5
|
|t:|1782965621
|switch|p2a: Pelipper|Pelipper, L50, F|100/100
|move|p1b: FatStacks|Protect|p1b: FatStacks
|-singleturn|p1b: FatStacks|Protect
|move|p2b: Archaludon|Electro Shot||[still]
|-prepare|p2b: Archaludon|Electro Shot
|-boost|p2b: Archaludon|spa|1
|-anim|p2b: Archaludon|Electro Shot|p1b: FatStacks
|-activate|p1b: FatStacks|move: Protect
|
|-weather|RainDance|[upkeep]
|upkeep
|turn|6
|
|t:|1782965637
|switch|p2b: Ninetales|Ninetales-Alola, L50, M|100/100
|-weather|Snowscape|[from] ability: Snow Warning|[of] p2b: Ninetales
|move|p2a: Pelipper|Muddy Water|p1b: FatStacks|[miss]
|-miss|p2a: Pelipper|p1b: FatStacks
|move|p1b: FatStacks|Dazzling Gleam|p2a: Pelipper|[spread] p2a,p2b
|-damage|p2a: Pelipper|43/100
|-damage|p2b: Ninetales|67/100
|-damage|p1b: FatStacks|90/100|[from] item: Life Orb
|
|-weather|Snowscape|[upkeep]
|upkeep
|turn|7
|
|t:|1782965647
|switch|p2a: Archaludon|Archaludon, L50, M|1/100
|move|p2b: Ninetales|Aurora Veil|p2b: Ninetales
|-sidestart|p2: SpaceTyranitar|move: Aurora Veil
|move|p1b: FatStacks|Dazzling Gleam|p2b: Ninetales|[spread] p2a,p2b
|-damage|p2a: Archaludon|0 fnt
|-damage|p2b: Ninetales|44/100
|faint|p2a: Archaludon
|-damage|p1b: FatStacks|80/100|[from] item: Life Orb
|
|-weather|Snowscape|[upkeep]
|upkeep
|
|t:|1782965649
|switch|p2a: Swampert|Swampert, L50, F|100/100
|turn|8
|
|t:|1782965660
|switch|p2b: Pelipper|Pelipper, L50, F|43/100
|-weather|RainDance|[from] ability: Drizzle|[of] p2b: Pelipper
|detailschange|p2a: Swampert|Swampert-Mega, L50, F
|-mega|p2a: Swampert|Swampert|Swampertite
|move|p2a: Swampert|Earthquake|p1b: FatStacks|[spread] p1b
|-immune|p2b: Pelipper
|-supereffective|p1b: FatStacks|1
|-damage|p1b: FatStacks|0 fnt
|faint|p1b: FatStacks
|
|win|SpaceTyranitar
|inactive|KR0N0Z has 30 seconds to confirm battle start!
|inactive|SpaceTyranitar has 30 seconds to confirm battle start!
||SpaceTyranitar is ready for game 3.
