|j|☆Little_Otaku
|j|☆Mumpho0
|html|Little_OtakuMumpho0    
|uhtml|bestof|Game 1 of a best-of-3
|t:|1757661134
|gametype|doubles
|player|p1|Little_Otaku|maid|1032
|player|p2|Mumpho0|265|1050
|gen|9
|tier|[Gen 9] VGC 2025 Reg H (Bo3)
|rated|
|rule|Species Clause: Limit one of each Pokémon
|rule|Item Clause: Limit 1 of each item
|clearpoke
|poke|p1|Torkoal, L50, M|
|poke|p1|Venusaur, L50, F|
|poke|p1|Sneasler, L50, F|
|poke|p1|Hydreigon, L50, F|
|poke|p1|Farigiraf, L50, M|
|poke|p1|Lilligant-Hisui, L50, F|
|poke|p2|Indeedee, L50, M|
|poke|p2|Excadrill, L50, M|
|poke|p2|Corviknight, L50, M|
|poke|p2|Sneasler, L50, F|
|poke|p2|Magmar, L50, M|
|poke|p2|Tyranitar, L50, M|
|teampreview|4
|showteam|p1|Torkoal||Charcoal|Drought|Eruption,HeatWave,EarthPower,Protect|||M|||50|,,,,,Fire]Venusaur||LifeOrb|Chlorophyll|SludgeBomb,GigaDrain,WeatherBall,Protect|||F|||50|,,,,,Fire]Sneasler||NormalGem|Unburden|CloseCombat,DireClaw,FakeOut,Protect|||F|||50|,,,,,Fighting]Hydreigon||ChoiceScarf|Levitate|DracoMeteor,DarkPulse,FlashCannon,TeraBlast|||F|||50|,,,,,Electric]Farigiraf||ThroatSpray|ArmorTail|HyperVoice,Imprison,TrickRoom,Protect|||M|||50|,,,,,Fairy]Lilligant-Hisui||WideLens|Chlorophyll|AxeKick,AfterYou,SleepPowder,Protect|||F|||50|,,,,,Dark
|showteam|p2|Indeedee||ChoiceScarf|PsychicSurge|ExpandingForce,TeraBlast,Trick,Protect|||M|||50|,,,,,Psychic]Excadrill||FocusSash|SandRush|Earthquake,IronHead,SwordsDance,Protect|||M|||50|,,,,,Ground]Corviknight||PsychicSeed|MirrorArmor|BraveBird,BulkUp,PowerTrip,Roost|||M|||50|,,,,,Water]Sneasler||WhiteHerb|Unburden|FakeOut,CloseCombat,DireClaw,Coaching|||F|||50|,,,,,Flying]Magmar||Eviolite|VitalSpirit|HeatWave,FollowMe,WillOWisp,Protect|||M|||50|,,,,,Flying]Tyranitar||AssaultVest|SandStream|RockSlide,KnockOff,LowKick,TeraBlast|||M|||50|,,,,,Flying
|inactive|Battle timer is ON: inactive players will automatically lose when time's up. (requested by Mumpho0)
|
|t:|1757661174
|teamsize|p1|4
|teamsize|p2|4
|start
|switch|p1a: Torkoal|Torkoal, L50, M|100/100
|switch|p1b: Lilligant|Lilligant-Hisui, L50, F|100/100
|switch|p2a: Indeedee|Indeedee, L50, M, shiny|100/100
|switch|p2b: Corviknight|Corviknight, L50, M, shiny|100/100
|-fieldstart|move: Psychic Terrain|[from] ability: Psychic Surge|[of] p2a: Indeedee
|-enditem|p2b: Corviknight|Psychic Seed
|-boost|p2b: Corviknight|spd|1|[from] item: Psychic Seed
|-weather|SunnyDay|[from] ability: Drought|[of] p1a: Torkoal
|turn|1
|
|t:|1757661197
|switch|p2a: Tyranitar|Tyranitar, L50, M, shiny|100/100
|-weather|Sandstorm|[from] ability: Sand Stream|[of] p2a: Tyranitar
|move|p1b: Lilligant|After You|p1a: Torkoal
|-activate|p1a: Torkoal|move: After You
|move|p1a: Torkoal|Eruption|p2b: Corviknight|[spread] p2a,p2b
|-resisted|p2a: Tyranitar
|-supereffective|p2b: Corviknight
|-damage|p2a: Tyranitar|89/100
|-damage|p2b: Corviknight|45/100
|move|p2b: Corviknight|Bulk Up|p2b: Corviknight
|-boost|p2b: Corviknight|atk|1
|-boost|p2b: Corviknight|def|1
|
|-weather|Sandstorm|[upkeep]
|-damage|p1b: Lilligant|94/100|[from] Sandstorm
|-damage|p1a: Torkoal|94/100|[from] Sandstorm
|upkeep
|turn|2
|inactive|Little_Otaku has 30 seconds left.
|inactive|Mumpho0 has 30 seconds left.
|inactive|Mumpho0 has 20 seconds left.
|inactive|Mumpho0 has 15 seconds left.
|
|t:|1757661240
|switch|p1a: Hydreigon|Hydreigon, L50, F|100/100
|-terastallize|p2b: Corviknight|Water
|move|p1b: Lilligant|Sleep Powder|p2a: Tyranitar
|-status|p2a: Tyranitar|slp|[from] move: Sleep Powder
|move|p2b: Corviknight|Roost|p2b: Corviknight
|-heal|p2b: Corviknight|95/100
|cant|p2a: Tyranitar|slp
|
|-weather|Sandstorm|[upkeep]
|-damage|p1a: Hydreigon|95/100|[from] Sandstorm
|-damage|p1b: Lilligant|88/100|[from] Sandstorm
|-damage|p2b: Corviknight|89/100|[from] Sandstorm
|upkeep
|turn|3
|inactive|Mumpho0 has 30 seconds left.
|
|t:|1757661269
|-terastallize|p1a: Hydreigon|Electric
|move|p1a: Hydreigon|Tera Blast|p2b: Corviknight|[anim] Tera Blast Electric
|-supereffective|p2b: Corviknight
|-damage|p2b: Corviknight|48/100
|move|p1b: Lilligant|Axe Kick|p2a: Tyranitar
|-supereffective|p2a: Tyranitar
|-damage|p2a: Tyranitar|0 fnt
|faint|p2a: Tyranitar
|move|p2b: Corviknight|Brave Bird|p1b: Lilligant
|-supereffective|p1b: Lilligant
|-crit|p1b: Lilligant
|-damage|p1b: Lilligant|0 fnt
|faint|p1b: Lilligant
|-damage|p2b: Corviknight|28/100|[from] Recoil
|
|-weather|Sandstorm|[upkeep]
|-damage|p1a: Hydreigon|89/100|[from] Sandstorm
|-damage|p2b: Corviknight|22/100|[from] Sandstorm
|upkeep
|
|t:|1757661288
|switch|p1b: Farigiraf|Farigiraf, L50, M|100/100
|switch|p2a: Indeedee|Indeedee, L50, M, shiny|100/100
|turn|4
|
|t:|1757661309
|switch|p1a: Torkoal|Torkoal, L50, M|94/100
|-weather|SunnyDay|[from] ability: Drought|[of] p1a: Torkoal
|switch|p2b: Excadrill|Excadrill, L50, M, shiny|100/100
|move|p2a: Indeedee|Expanding Force|p1a: Torkoal|[spread] p1a,p1b
|-resisted|p1b: Farigiraf
|-damage|p1a: Torkoal|29/100
|-damage|p1b: Farigiraf|72/100
|move|p1b: Farigiraf|Hyper Voice|p2b: Excadrill|[spread] p2a,p2b
|-resisted|p2b: Excadrill
|-crit|p2b: Excadrill
|-damage|p2a: Indeedee|55/100
|-damage|p2b: Excadrill|68/100
|-enditem|p1b: Farigiraf|Throat Spray
|-boost|p1b: Farigiraf|spa|1|[from] item: Throat Spray
|
|-weather|SunnyDay|[upkeep]
|upkeep
|turn|5
|inactive|Little_Otaku has 30 seconds left.
|inactive|Mumpho0 has 30 seconds left.
|
|t:|1757661336
|move|p2a: Indeedee|Expanding Force|p1b: Farigiraf|[spread] p1a,p1b
|-crit|p1a: Torkoal
|-resisted|p1b: Farigiraf
|-damage|p1a: Torkoal|0 fnt
|-damage|p1b: Farigiraf|42/100
|faint|p1a: Torkoal
|move|p2b: Excadrill|Iron Head|p1b: Farigiraf
|-damage|p1b: Farigiraf|0 fnt
|faint|p1b: Farigiraf
|
|-weather|SunnyDay|[upkeep]
|-fieldend|move: Psychic Terrain
|upkeep
|
|t:|1757661346
|switch|p1a: Hydreigon|Hydreigon, L50, F, tera:Electric|89/100
|turn|6
|
|t:|1757661361
|move|p2a: Indeedee|Expanding Force|p1a: Hydreigon
|-damage|p1a: Hydreigon|47/100
|move|p1a: Hydreigon|Dark Pulse|p2b: Excadrill
|-damage|p2b: Excadrill|10/100
|move|p2b: Excadrill|Iron Head|p1a: Hydreigon
|-resisted|p1a: Hydreigon
|-damage|p1a: Hydreigon|22/100
|
|-weather|SunnyDay|[upkeep]
|upkeep
|turn|7
|-message|Little_Otaku forfeited.
|
|win|Mumpho0
||Little_Otaku is ready for game 2.
||Mumpho0 is ready for game 2.
|uhtml|next|Next: Game 2 of 3
|l|☆Little_Otaku
|player|p1|
