|j|☆parsley<3
|j|☆matrod
|html|parsley<3matrod    
|uhtml|bestof|Game 2 of a best-of-3
|t:|1756186344
|gametype|doubles
|player|p1|parsley<3|lacey|1210
|player|p2|matrod|steven|1314
|gen|9
|tier|[Gen 9] VGC 2025 Reg H (Bo3)
|rated|
|rule|Species Clause: Limit one of each Pokémon
|rule|Item Clause: Limit 1 of each item
|clearpoke
|poke|p1|Incineroar, L50, F|
|poke|p1|Amoonguss, L50, F|
|poke|p1|Porygon2, L50|
|poke|p1|Ursaluna, L50, F|
|poke|p1|Dragonite, L50, F|
|poke|p1|Gholdengo, L50|
|poke|p2|Incineroar, L50, F|
|poke|p2|Amoonguss, L50, M|
|poke|p2|Pelipper, L50, F|
|poke|p2|Archaludon, L50, M|
|poke|p2|Gholdengo, L50|
|poke|p2|Palafin, L50, M|
|teampreview|4
|showteam|p1|Incineroar||SafetyGoggles|Intimidate|FakeOut,KnockOff,PartingShot,FlareBlitz|||F|||50|,,,,,Ghost]Amoonguss||RockyHelmet|Regenerator|Spore,RagePowder,Protect,SludgeBomb|||F|||50|,,,,,Water]Porygon2||Eviolite|Download|TeraBlast,IceBeam,Recover,TrickRoom||||||50|,,,,,Fighting]Ursaluna||FlameOrb|Guts|Facade,Protect,HeadlongRush,Earthquake|||F|||50|,,,,,Fairy]Dragonite||LoadedDice|Multiscale|ScaleShot,Tailwind,Protect,Haze|||F|||50|,,,,,Fairy]Gholdengo||LifeOrb|GoodasGold|MakeItRain,ShadowBall,Protect,NastyPlot||||||50|,,,,,Water
|showteam|p2|Incineroar||SafetyGoggles|Intimidate|KnockOff,FakeOut,FlareBlitz,Uturn|||F|||50|,,,,,Water]Amoonguss||SitrusBerry|Regenerator|Spore,Protect,RagePowder,PollenPuff|||M|||50|,,,,,Psychic]Pelipper||FocusSash|Drizzle|MuddyWater,Hurricane,Tailwind,Protect|||F|||50|,,,,,Ground]Archaludon||AssaultVest|Stamina|ElectroShot,DracoMeteor,FlashCannon,BodyPress|||M|||50|,,,,,Bug]Gholdengo||LifeOrb|GoodasGold|MakeItRain,ShadowBall,NastyPlot,Protect||||||50|,,,,,Water]Palafin||MysticWater|ZerotoHero|WaveCrash,JetPunch,Haze,Protect|||M|||50|,,,,,Water
|inactive|Battle timer is ON: inactive players will automatically lose when time's up. (requested by matrod)
|inactive|matrod has 60 seconds left.
|
|t:|1756186382
|teamsize|p1|4
|teamsize|p2|4
|start
|switch|p1a: hermes|Dragonite, L50, F|100/100
|switch|p1b: ferdinand|Ursaluna, L50, F|100/100
|switch|p2a: Gholdengo|Gholdengo, L50|100/100
|switch|p2b: Incineroar|Incineroar, L50, F|100/100
|-ability|p2b: Incineroar|Intimidate|boost
|-unboost|p1a: hermes|atk|1
|-unboost|p1b: ferdinand|atk|1
|turn|1
|inactive|parsley<3 has 30 seconds left.
|inactive|matrod has 30 seconds left.
|inactive|parsley<3 has 20 seconds left.
|
|t:|1756186418
|-terastallize|p2a: Gholdengo|Water
|move|p2b: Incineroar|Fake Out|p1a: hermes
|-damage|p1a: hermes|94/100
|cant|p1a: hermes|flinch
|move|p2a: Gholdengo|Nasty Plot|p2a: Gholdengo
|-boost|p2a: Gholdengo|spa|2
|move|p1b: ferdinand|Earthquake|p2a: Gholdengo|[spread] p2a,p2b
|-immune|p1a: hermes
|-supereffective|p2b: Incineroar
|-damage|p2a: Gholdengo|72/100
|-damage|p2b: Incineroar|55/100
|
|-status|p1b: ferdinand|brn|[from] item: Flame Orb
|upkeep
|turn|2
|
|t:|1756186434
|switch|p2b: Pelipper|Pelipper, L50, F|100/100
|-weather|RainDance|[from] ability: Drizzle|[of] p2b: Pelipper
|move|p2a: Gholdengo|Protect|p2a: Gholdengo
|-singleturn|p2a: Gholdengo|Protect
|move|p1a: hermes|Tailwind|p1a: hermes
|-sidestart|p1: parsley<3|move: Tailwind
|move|p1b: ferdinand|Facade|p2a: Gholdengo
|-activate|p2a: Gholdengo|move: Protect
|
|-weather|RainDance|[upkeep]
|-damage|p1b: ferdinand|95/100 brn|[from] brn
|upkeep
|turn|3
|l|☆matrod
|inactive|matrod disconnected and has a minute to reconnect!
|player|p2|
|inactive|parsley<3 has 30 seconds left.
|inactive|matrod has 30 seconds left.
|inactive|parsley<3 has 20 seconds left.
|inactive|matrod has 20 seconds left.
|j|☆matrod
|inactive|matrod reconnected and has 20 seconds left.
|player|p2|matrod|steven|
|inactive|matrod has 15 seconds left.
|inactive|matrod has 10 seconds left.
|
|t:|1756186480
|switch|p2b: Incineroar|Incineroar, L50, F|55/100
|-ability|p2b: Incineroar|Intimidate|boost
|-unboost|p1a: hermes|atk|1
|-unboost|p1b: ferdinand|atk|1
|move|p1a: hermes|Scale Shot|p2b: Incineroar
|-damage|p2b: Incineroar|50/100
|-damage|p2b: Incineroar|44/100
|-damage|p2b: Incineroar|38/100
|-crit|p2b: Incineroar
|-damage|p2b: Incineroar|21/100
|-hitcount|p2b: Incineroar|4
|-unboost|p1a: hermes|def|1
|-boost|p1a: hermes|spe|1
|move|p1b: ferdinand|Facade|p2a: Gholdengo
|-damage|p2a: Gholdengo|18/100
|move|p2a: Gholdengo|Make It Rain|p1a: hermes|[spread] p1a,p1b
|-damage|p1a: hermes|0 fnt
|-damage|p1b: ferdinand|0 fnt
|-unboost|p2a: Gholdengo|spa|1
|faint|p1a: hermes
|faint|p1b: ferdinand
|-damage|p2a: Gholdengo|8/100|[from] item: Life Orb
|
|-weather|RainDance|[upkeep]
|upkeep
|
|t:|1756186488
|switch|p1a: jack the beanstalk|Gholdengo, L50|100/100
|switch|p1b: tin man|Amoonguss, L50, F|100/100
|turn|4
|inactive|matrod has 30 seconds left.
|
|t:|1756186517
|move|p1a: jack the beanstalk|Shadow Ball|p2a: Gholdengo
|-damage|p2a: Gholdengo|0 fnt
|faint|p2a: Gholdengo
|-damage|p1a: jack the beanstalk|91/100|[from] item: Life Orb
|move|p1b: tin man|Sludge Bomb|p2b: Incineroar
|-damage|p2b: Incineroar|0 fnt
|faint|p2b: Incineroar
|
|-weather|RainDance|[upkeep]
|upkeep
|
|t:|1756186523
|switch|p2a: Pelipper|Pelipper, L50, F|100/100
|switch|p2b: Archaludon|Archaludon, L50, M|100/100
|turn|5
|inactive|parsley<3 has 30 seconds left.
|inactive|parsley<3 has 20 seconds left.
|inactive|parsley<3 has 15 seconds left.
|inactive|parsley<3 has 10 seconds left.
|
|t:|1756186569
|move|p1a: jack the beanstalk|Nasty Plot|p1a: jack the beanstalk
|-boost|p1a: jack the beanstalk|spa|2
|move|p2a: Pelipper|Hurricane|p1b: tin man
|-supereffective|p1b: tin man
|-damage|p1b: tin man|19/100
|move|p2b: Archaludon|Electro Shot||[still]
|-prepare|p2b: Archaludon|Electro Shot
|-boost|p2b: Archaludon|spa|1
|-anim|p2b: Archaludon|Electro Shot|p1b: tin man
|-resisted|p1b: tin man
|-damage|p1b: tin man|0 fnt
|faint|p1b: tin man
|
|-weather|RainDance|[upkeep]
|-sideend|p1: parsley<3|move: Tailwind
|upkeep
|turn|6
|c|☆parsley<3|ggwp
|inactive|matrod has 30 seconds left.
|
|t:|1756186594
|move|p1a: jack the beanstalk|Shadow Ball|p2b: Archaludon
|-damage|p2b: Archaludon|17/100
|-ability|p2b: Archaludon|Stamina|boost
|-boost|p2b: Archaludon|def|1
|-damage|p1a: jack the beanstalk|82/100|[from] item: Life Orb
|move|p2a: Pelipper|Tailwind|p2a: Pelipper
|-sidestart|p2: matrod|move: Tailwind
|move|p2b: Archaludon|Electro Shot||[still]
|-prepare|p2b: Archaludon|Electro Shot
|-boost|p2b: Archaludon|spa|1
|-anim|p2b: Archaludon|Electro Shot|p1a: jack the beanstalk
|-damage|p1a: jack the beanstalk|0 fnt
|faint|p1a: jack the beanstalk
|
|win|matrod
