|j|☆namboyVGC
|j|☆lux raymundi
|html|namboyVGClux raymundi    
|uhtml|bestof|Game 3 of a best-of-3
|t:|1785957153
|gametype|doubles
|player|p1|namboyVGC|pokemonranger-gen4|1314
|player|p2|lux raymundi|170|1308
|gen|9
|tier|[Gen 9 Champions] VGC 2026 Reg M-B (Bo3)
|rated|
|rule|Species Clause: Limit one of each Pokémon
|rule|Item Clause: Limit 1 of each item
|clearpoke
|poke|p1|Tyranitar, L50, F|
|poke|p1|Excadrill, L50, M|
|poke|p1|Milotic, L50, M|
|poke|p1|Sinistcha, L50|
|poke|p1|Staraptor, L50, F|
|poke|p1|Gholdengo, L50|
|poke|p2|Sneasler, L50, M|
|poke|p2|Blastoise, L50, M|
|poke|p2|Kingambit, L50, M|
|poke|p2|Incineroar, L50, M|
|poke|p2|Delphox, L50, F|
|poke|p2|Sinistcha, L50|
|teampreview|4
|showteam|p1|Tyranitar||Tyranitarite|SandStream|KnockOff,RockSlide,LowKick,Protect|Jolly||F|||50|]Excadrill||FocusSash|SandRush|HighHorsepower,IronHead,RockSlide,Protect|Jolly||M|||50|]Milotic||SitrusBerry|Competitive|Scald,IceBeam,IcyWind,Protect|Calm||M|||50|]Sinistcha||ColburBerry|Hospitality|MatchaGotcha,ShadowBall,Protect,RagePowder|Bold|||||50|]Staraptor||Staraptite|Intimidate|CloseCombat,BraveBird,Tailwind,Protect|Jolly||F|||50|]Gholdengo||LifeOrb|GoodasGold|MakeItRain,ShadowBall,NastyPlot,Protect|Modest|||||50|
|showteam|p2|Sneasler||FocusSash|PoisonTouch|PoisonJab,CloseCombat,FakeOut,QuickGuard|Jolly||M|||50|]Blastoise||Blastoisinite|RainDish|DarkPulse,WaterSpout,ShellSmash,Protect|Modest||M|||50|]Kingambit||BlackGlasses|Defiant|KowtowCleave,SuckerPunch,SwordsDance,Protect|Adamant||M|||50|]Incineroar||SitrusBerry|Intimidate|FlareBlitz,ThroatChop,PartingShot,FakeOut|Careful||M|||50|]Delphox||Delphoxite|Blaze|HeatWave,NastyPlot,Psychic,Protect|Timid||F|||50|]Sinistcha||KasibBerry|Hospitality|MatchaGotcha,RagePowder,TrickRoom,Protect|Bold|||||50|
|inactive|Battle timer is ON: inactive players will automatically lose when time's up. (requested by namboyVGC)
|
|t:|1785957167
|teamsize|p1|4
|teamsize|p2|4
|start
|switch|p1a: Excadrill|Excadrill, L50, M|100/100
|switch|p1b: Milotic|Milotic, L50, M|100/100
|switch|p2a: Sneasler|Sneasler, L50, M|100/100
|switch|p2b: Blastoise|Blastoise, L50, M|100/100
|turn|1
|j| BrabreiVGC
|
|t:|1785957190
|detailschange|p2b: Blastoise|Blastoise-Mega, L50, M
|-mega|p2b: Blastoise|Blastoise|Blastoisinite
|move|p1a: Excadrill|Protect|p1a: Excadrill
|-singleturn|p1a: Excadrill|Protect
|move|p2a: Sneasler|Close Combat|p1b: Milotic
|-damage|p1b: Milotic|40/100
|-unboost|p2a: Sneasler|def|1
|-unboost|p2a: Sneasler|spd|1
|-enditem|p1b: Milotic|Sitrus Berry|[eat]
|-heal|p1b: Milotic|64/100|[from] item: Sitrus Berry
|move|p2b: Blastoise|Shell Smash|p2b: Blastoise
|-unboost|p2b: Blastoise|def|1
|-unboost|p2b: Blastoise|spd|1
|-boost|p2b: Blastoise|atk|2
|-boost|p2b: Blastoise|spa|2
|-boost|p2b: Blastoise|spe|2
|move|p1b: Milotic|Icy Wind|p2b: Blastoise|[spread] p2a,p2b
|-resisted|p2b: Blastoise|1
|-damage|p2a: Sneasler|80/100
|-damage|p2b: Blastoise|92/100
|-unboost|p2a: Sneasler|spe|1
|-unboost|p2b: Blastoise|spe|1
|
|upkeep
|turn|2
|inactive|namboyVGC has 30 seconds left.
|
|t:|1785957218
|switch|p2a: Sinistcha|Sinistcha, L50|100/100
|-heal|p2b: Blastoise|100/100|[from] ability: Hospitality|[of] p2a: Sinistcha
|move|p2b: Blastoise|Water Spout|p1a: Excadrill|[spread] p1a,p1b
|-supereffective|p1a: Excadrill|1
|-resisted|p1b: Milotic|1
|-enditem|p1a: Excadrill|Focus Sash
|-damage|p1a: Excadrill|1/100
|-damage|p1b: Milotic|23/100
|move|p1a: Excadrill|High Horsepower|p2b: Blastoise
|-damage|p2b: Blastoise|20/100r
|move|p1b: Milotic|Icy Wind|p2b: Blastoise|[spread] p2a,p2b
|-supereffective|p2a: Sinistcha|1
|-resisted|p2b: Blastoise|1
|-damage|p2a: Sinistcha|79/100
|-damage|p2b: Blastoise|12/100
|-unboost|p2a: Sinistcha|spe|1
|-unboost|p2b: Blastoise|spe|1
|
|upkeep
|turn|3
|inactive|namboyVGC has 30 seconds left.
|inactive|namboyVGC has 20 seconds left.
|
|t:|1785957257
|move|p2b: Blastoise|Protect|p2b: Blastoise
|-singleturn|p2b: Blastoise|Protect
|move|p1a: Excadrill|Iron Head|p2b: Blastoise
|-activate|p2b: Blastoise|move: Protect
|move|p1b: Milotic|Ice Beam|p2a: Sinistcha
|-supereffective|p2a: Sinistcha|1
|-damage|p2a: Sinistcha|40/100
|move|p2a: Sinistcha|Matcha Gotcha|p1b: Milotic|[spread] p1a,p1b
|-supereffective|p1b: Milotic|1
|-damage|p1a: Excadrill|0 fnt
|-heal|p2a: Sinistcha|41/100|[from] drain|[of] p1a: Excadrill
|-damage|p1b: Milotic|0 fnt
|-heal|p2a: Sinistcha|53/100|[from] drain|[of] p1b: Milotic
|faint|p1a: Excadrill
|faint|p1b: Milotic
|
|upkeep
|
|t:|1785957260
|switch|p1a: Tyranitar|Tyranitar, L50, F|100/100
|switch|p1b: Sinistcha|Sinistcha, L50|100/100
|-weather|Sandstorm|[from] ability: Sand Stream|[of] p1a: Tyranitar
|turn|4
|l| BrabreiVGC
|
|t:|1785957282
|switch|p2b: Kingambit|Kingambit, L50, M|100/100
|detailschange|p1a: Tyranitar|Tyranitar-Mega, L50, F
|-mega|p1a: Tyranitar|Tyranitar|Tyranitarite
|move|p1a: Tyranitar|Rock Slide|p2a: Sinistcha|[spread] p2a,p2b
|-resisted|p2b: Kingambit|1
|-damage|p2a: Sinistcha|28/100
|-damage|p2b: Kingambit|88/100
|move|p1b: Sinistcha|Shadow Ball|p2a: Sinistcha
|-supereffective|p2a: Sinistcha|1
|-enditem|p2a: Sinistcha|Kasib Berry|[eat]
|-enditem|p2a: Sinistcha|Kasib Berry|[weaken]
|-damage|p2a: Sinistcha|0 fnt
|faint|p2a: Sinistcha
|
|-weather|Sandstorm|[upkeep]
|-damage|p1b: Sinistcha|94/100|[from] Sandstorm
|upkeep
|
|t:|1785957298
|switch|p2a: Sneasler|Sneasler, L50, M|80/100
|turn|5
|
|t:|1785957308
|move|p2a: Sneasler|Fake Out|p1a: Tyranitar
|-resisted|p1a: Tyranitar|1
|-damage|p1a: Tyranitar|95/100
|-status|p1a: Tyranitar|psn|[from] ability: Poison Touch|[of] p2a: Sneasler
|cant|p1a: Tyranitar|flinch
|move|p1b: Sinistcha|Matcha Gotcha|p2b: Kingambit|[spread] p2a,p2b
|-resisted|p2a: Sneasler|1
|-resisted|p2b: Kingambit|1
|-damage|p2a: Sneasler|65/100
|-heal|p1b: Sinistcha|100/100|[from] drain|[of] p2a: Sneasler
|-damage|p2b: Kingambit|78/100
|move|p2b: Kingambit|Kowtow Cleave|p1b: Sinistcha
|-supereffective|p1b: Sinistcha|1
|-enditem|p1b: Sinistcha|Colbur Berry|[eat]
|-enditem|p1b: Sinistcha|Colbur Berry|[weaken]
|-damage|p1b: Sinistcha|55/100
|
|-weather|Sandstorm|[upkeep]
|-damage|p2a: Sneasler|59/100|[from] Sandstorm
|-damage|p1b: Sinistcha|49/100|[from] Sandstorm
|-damage|p1a: Tyranitar|83/100 psn|[from] psn
|upkeep
|turn|6
|
|t:|1785957331
|move|p2b: Kingambit|Protect|p2b: Kingambit
|-singleturn|p2b: Kingambit|Protect
|move|p1b: Sinistcha|Rage Powder|p1b: Sinistcha
|-singleturn|p1b: Sinistcha|move: Rage Powder
|move|p2a: Sneasler|Poison Jab|p1b: Sinistcha
|-damage|p1b: Sinistcha|17/100
|-status|p1b: Sinistcha|psn|[from] ability: Poison Touch|[of] p2a: Sneasler
|move|p1a: Tyranitar|Low Kick|p2b: Kingambit
|-activate|p2b: Kingambit|move: Protect
|
|-weather|Sandstorm|[upkeep]
|-damage|p2a: Sneasler|54/100|[from] Sandstorm
|-damage|p1b: Sinistcha|11/100 psn|[from] Sandstorm
|-damage|p1a: Tyranitar|70/100 psn|[from] psn
|-damage|p1b: Sinistcha|0 fnt|[from] psn
|faint|p1b: Sinistcha
|upkeep
|turn|7
|
|t:|1785957348
|move|p2b: Kingambit|Sucker Punch|p1a: Tyranitar
|-resisted|p1a: Tyranitar|1
|-damage|p1a: Tyranitar|57/100 psn
|move|p2a: Sneasler|Close Combat|p1a: Tyranitar
|-supereffective|p1a: Tyranitar|2
|-damage|p1a: Tyranitar|0 fnt
|-unboost|p2a: Sneasler|def|1
|-unboost|p2a: Sneasler|spd|1
|faint|p1a: Tyranitar
|
|win|lux raymundi
|raw|namboyVGC's rating: 1314 → 1294(-20 for losing)
|raw|lux raymundi's rating: 1308 → 1328(+20 for winning)
