|j|ŌśåPuniHina
|j|Ōśåmyshirtisdirty
|html|PuniHinamyshirtisdirty    
|uhtml|bestof|Game 3 of a best-of-3
|t:|1783918944
|gametype|doubles
|player|p1|PuniHina|lacey|1304
|player|p2|myshirtisdirty|102|1235
|gen|9
|tier|[Gen 9 Champions] VGC 2026 Reg M-B (Bo3)
|rated|
|rule|Species Clause: Limit one of each Pok├®mon
|rule|Item Clause: Limit 1 of each item
|clearpoke
|poke|p1|Meganium, L50, M, shiny|
|poke|p1|Altaria, L50, F|
|poke|p1|Incineroar, L50, F|
|poke|p1|Scizor, L50, F|
|poke|p1|Basculegion, L50, M|
|poke|p1|Garchomp, L50, M|
|poke|p2|Aerodactyl, L50, F|
|poke|p2|Kingambit, L50, F, shiny|
|poke|p2|Milotic, L50, M|
|poke|p2|Garchomp, L50, M|
|poke|p2|Meganium, L50, M|
|poke|p2|Delphox, L50, M|
|teampreview|4
|showteam|p1|Meganium||Meganiumite|LeafGuard|SolarBeam,DazzlingGleam,Protect,EarthPower|Modest||M|||50|]Altaria||RoseliBerry|CloudNine|BraveBird,Roost,Tailwind,WillOWisp|Impish||F|||50|]Incineroar||PasshoBerry|Intimidate|FlareBlitz,ThroatChop,FakeOut,PartingShot|Impish||F|||50|]Scizor||Scizorite|Technician|BulletPunch,BugBite,Protect,SwordsDance|Adamant||F|||50|]Basculegion||SitrusBerry|Adaptability|WaveCrash,LastRespects,AquaJet,Protect|Adamant||M|||50|]Garchomp||LifeOrb|RoughSkin|StompingTantrum,DragonClaw,RockSlide,Protect|Jolly||M|||50|
|showteam|p2|Aerodactyl||FocusSash|Unnerve|PsychicFangs,RockSlide,Tailwind,Taunt|Jolly||F|||50|]Kingambit||BlackGlasses|Defiant|LowKick,SuckerPunch,KowtowCleave,IronHead|Adamant||F|||50|]Milotic||Leftovers|Competitive|MuddyWater,IceBeam,Scald,Protect|Modest||M|||50|]Garchomp||LifeOrb|RoughSkin|RockSlide,Earthquake,DragonClaw,Protect|Adamant||M|||50|]Meganium||Meganiumite|Overgrow|SolarBeam,DazzlingGleam,WeatherBall,Protect|Modest||M|||50|]Delphox||Delphoxite|Blaze|HeatWave,Psychic,NastyPlot,Protect|Timid||M|||50|
|inactive|Battle timer is ON: inactive players will automatically lose when time's up. (requested by myshirtisdirty)
|
|t:|1783918976
|teamsize|p1|4
|teamsize|p2|4
|start
|switch|p1a: StellaŌØż’ĖÄ|Meganium, L50, M, shiny|100/100
|switch|p1b: Scizor|Scizor, L50, F|100/100
|switch|p2a: Aerodactyl|Aerodactyl, L50, F|100/100
|switch|p2b: Delphox|Delphox, L50, M|100/100
|-ability|p2a: Aerodactyl|Unnerve
|turn|1
|
|t:|1783918989
|switch|p1a: Incineroar|Incineroar, L50, F|100/100
|-ability|p1a: Incineroar|Intimidate|boost
|-unboost|p2a: Aerodactyl|atk|1
|-unboost|p2b: Delphox|atk|1
|switch|p1b: Basculegion|Basculegion, L50, M|100/100
|detailschange|p2b: Delphox|Delphox-Mega, L50, M
|-mega|p2b: Delphox|Delphox|Delphoxite
|move|p2b: Delphox|Heat Wave|p1a: Incineroar|[spread] p1a,p1b
|-resisted|p1a: Incineroar|1
|-resisted|p1b: Basculegion|1
|-damage|p1a: Incineroar|80/100
|-damage|p1b: Basculegion|75/100
|move|p2a: Aerodactyl|Tailwind|p2a: Aerodactyl
|-sidestart|p2: myshirtisdirty|move: Tailwind
|
|upkeep
|turn|2
|inactive|myshirtisdirty has 30 seconds left.
|inactive|myshirtisdirty has 20 seconds left.
|
|t:|1783919029
|switch|p2b: Milotic|Milotic, L50, M|100/100
|move|p1a: Incineroar|Fake Out|p2a: Aerodactyl
|-resisted|p2a: Aerodactyl|1
|-damage|p2a: Aerodactyl|92/100
|cant|p2a: Aerodactyl|flinch
|move|p1b: Basculegion|Wave Crash|p2b: Milotic
|-resisted|p2b: Milotic|1
|-damage|p2b: Milotic|67/100
|-damage|p1b: Basculegion|64/100|[from] Recoil
|
|-heal|p2b: Milotic|73/100|[from] item: Leftovers
|upkeep
|turn|3
|
|t:|1783919049
|switch|p2a: Garchomp|Garchomp, L50, M|100/100
|move|p1b: Basculegion|Protect|p1b: Basculegion
|-singleturn|p1b: Basculegion|Protect
|move|p2b: Milotic|Scald|p1a: Incineroar
|-supereffective|p1a: Incineroar|1
|-enditem|p1a: Incineroar|Passho Berry|[eat]
|-enditem|p1a: Incineroar|Passho Berry|[weaken]
|-damage|p1a: Incineroar|53/100
|move|p1a: Incineroar|Parting Shot|p2a: Garchomp
|-unboost|p2a: Garchomp|atk|1
|-unboost|p2a: Garchomp|spa|1
|
|t:|1783919060
|switch|p1a: StellaŌØż’ĖÄ|Meganium, L50, M, shiny|100/100|[from] Parting Shot
|
|-heal|p2b: Milotic|79/100|[from] item: Leftovers
|upkeep
|turn|4
|inactive|myshirtisdirty has 30 seconds left.
|
|t:|1783919088
|switch|p1b: Scizor|Scizor, L50, F|100/100
|detailschange|p1a: StellaŌØż’ĖÄ|Meganium-Mega, L50, M, shiny
|-mega|p1a: StellaŌØż’ĖÄ|Meganium|Meganiumite
|move|p2a: Garchomp|Dragon Claw|p1b: Scizor
|-resisted|p1b: Scizor|1
|-damage|p1b: Scizor|80/100
|-damage|p2a: Garchomp|90/100|[from] item: Life Orb
|move|p2b: Milotic|Scald|p1b: Scizor
|-damage|p1b: Scizor|38/100
|-status|p1b: Scizor|brn
|move|p1a: StellaŌØż’ĖÄ|Dazzling Gleam|p2a: Garchomp|[spread] p2a,p2b
|-supereffective|p2a: Garchomp|1
|-damage|p2a: Garchomp|16/100
|-damage|p2b: Milotic|53/100
|
|-heal|p2b: Milotic|59/100|[from] item: Leftovers
|-damage|p1b: Scizor|32/100 brn|[from] brn
|-sideend|p2: myshirtisdirty|move: Tailwind
|upkeep
|turn|5
|inactive|myshirtisdirty has 30 seconds left.
|
|t:|1783919114
|move|p2a: Garchomp|Protect|p2a: Garchomp
|-singleturn|p2a: Garchomp|Protect
|move|p2b: Milotic|Protect|p2b: Milotic
|-singleturn|p2b: Milotic|Protect
|move|p1a: StellaŌØż’ĖÄ|Solar Beam||[still]
|-prepare|p1a: StellaŌØż’ĖÄ|Solar Beam
|-activate|p1a: StellaŌØż’ĖÄ|ability: Mega Sol
|-anim|p1a: StellaŌØż’ĖÄ|Solar Beam|p2b: Milotic
|-activate|p2b: Milotic|move: Protect
|move|p1b: Scizor|Swords Dance|p1b: Scizor
|-boost|p1b: Scizor|atk|2
|
|-heal|p2b: Milotic|65/100|[from] item: Leftovers
|-damage|p1b: Scizor|27/100 brn|[from] brn
|upkeep
|turn|6
|
|t:|1783919133
|switch|p2b: Delphox|Delphox-Mega, L50, M|100/100
|move|p1b: Scizor|Bullet Punch|p2a: Garchomp
|-damage|p2a: Garchomp|0 fnt
|-damage|p1b: Scizor|15/100 brn|[from] ability: Rough Skin|[of] p2a: Garchomp
|faint|p2a: Garchomp
|move|p1a: StellaŌØż’ĖÄ|Solar Beam||[still]
|-prepare|p1a: StellaŌØż’ĖÄ|Solar Beam
|-activate|p1a: StellaŌØż’ĖÄ|ability: Mega Sol
|-anim|p1a: StellaŌØż’ĖÄ|Solar Beam|p2b: Delphox
|-resisted|p2b: Delphox|1
|-damage|p2b: Delphox|64/100
|
|-damage|p1b: Scizor|9/100 brn|[from] brn
|upkeep
|
|t:|1783919149
|switch|p2a: Aerodactyl|Aerodactyl, L50, F|92/100
|-ability|p2a: Aerodactyl|Unnerve
|turn|7
|
|t:|1783919160
|switch|p2a: Milotic|Milotic, L50, M|65/100
|switch|p1a: Incineroar|Incineroar, L50, F|53/100
|-ability|p1a: Incineroar|Intimidate|boost
|-unboost|p2a: Milotic|atk|1
|-ability|p2a: Milotic|Competitive|boost
|-boost|p2a: Milotic|spa|2
|-unboost|p2b: Delphox|atk|1
|move|p1b: Scizor|Bullet Punch|p2a: Milotic
|-resisted|p2a: Milotic|1
|-damage|p2a: Milotic|50/100g
|move|p2b: Delphox|Nasty Plot|p2b: Delphox
|-boost|p2b: Delphox|spa|2
|
|-heal|p2a: Milotic|56/100|[from] item: Leftovers
|-damage|p1b: Scizor|3/100 brn|[from] brn
|upkeep
|turn|8
|
|t:|1783919178
|move|p2b: Delphox|Protect|p2b: Delphox
|-singleturn|p2b: Delphox|Protect
|move|p2a: Milotic|Protect|p2a: Milotic
|-singleturn|p2a: Milotic|Protect
|move|p1a: Incineroar|Fake Out|p2a: Milotic
|-activate|p2a: Milotic|move: Protect
|move|p1b: Scizor|Bullet Punch|p2b: Delphox
|-activate|p2b: Delphox|move: Protect
|
|-heal|p2a: Milotic|62/100|[from] item: Leftovers
|-damage|p1b: Scizor|0 fnt|[from] brn
|faint|p1b: Scizor
|upkeep
|
|t:|1783919183
|switch|p1b: Basculegion|Basculegion, L50, M|64/100
|turn|9
|inactive|myshirtisdirty has 30 seconds left.
|inactive|myshirtisdirty has 20 seconds left.
|
|t:|1783919221
|move|p2b: Delphox|Protect||[still]
|-fail|p2b: Delphox
|move|p1b: Basculegion|Aqua Jet|p2b: Delphox
|-supereffective|p2b: Delphox|1
|-damage|p2b: Delphox|0 fnt
|faint|p2b: Delphox
|move|p2a: Milotic|Scald|p1a: Incineroar
|-supereffective|p1a: Incineroar|1
|-damage|p1a: Incineroar|0 fnt
|faint|p1a: Incineroar
|
|-heal|p2a: Milotic|68/100|[from] item: Leftovers
|upkeep
|
|t:|1783919232
|switch|p2b: Aerodactyl|Aerodactyl, L50, F|92/100
|switch|p1a: StellaŌØż’ĖÄ|Meganium-Mega, L50, M, shiny|100/100
|-ability|p2b: Aerodactyl|Unnerve
|turn|10
|
|t:|1783919249
|move|p1a: StellaŌØż’ĖÄ|Protect|p1a: StellaŌØż’ĖÄ
|-singleturn|p1a: StellaŌØż’ĖÄ|Protect
|move|p1b: Basculegion|Aqua Jet|p2b: Aerodactyl
|-supereffective|p2b: Aerodactyl|1
|-damage|p2b: Aerodactyl|3/100
|move|p2b: Aerodactyl|Psychic Fangs|p1a: StellaŌØż’ĖÄ
|-activate|p1a: StellaŌØż’ĖÄ|move: Protect
|move|p2a: Milotic|Ice Beam|p1a: StellaŌØż’ĖÄ
|-activate|p1a: StellaŌØż’ĖÄ|move: Protect
|
|-heal|p2a: Milotic|74/100|[from] item: Leftovers
|upkeep
|turn|11
|
|t:|1783919270
|move|p1b: Basculegion|Aqua Jet|p2b: Aerodactyl
|-supereffective|p2b: Aerodactyl|1
|-damage|p2b: Aerodactyl|0 fnt
|faint|p2b: Aerodactyl
|move|p1a: StellaŌØż’ĖÄ|Solar Beam||[still]
|-prepare|p1a: StellaŌØż’ĖÄ|Solar Beam
|-activate|p1a: StellaŌØż’ĖÄ|ability: Mega Sol
|-anim|p1a: StellaŌØż’ĖÄ|Solar Beam|p2a: Milotic
|-supereffective|p2a: Milotic|1
|-damage|p2a: Milotic|0 fnt
|faint|p2a: Milotic
|
|win|PuniHina
|raw|PuniHina's rating: 1304 → 1320(+16 for winning)
|raw|myshirtisdirty's rating: 1235 → 1215(-20 for losing)
|l|Ōśåmyshirtisdirty
|player|p2|
