|j|☆clarocojones
|j|‽daniiivgc
|html|clarocojonesdaniiivgc    
|uhtml|bestof|Game 1 of a best-of-3
|t:|1786121755
|gametype|doubles
|player|p1|clarocojones|striker|1349
|player|p2|daniiivgc|giovanni|1256
|gen|9
|tier|[Gen 9 Champions] VGC 2026 Reg M-B (Bo3)
|rated|
|rule|Species Clause: Limit one of each Pokémon
|rule|Item Clause: Limit 1 of each item
|clearpoke
|poke|p1|Floette-Eternal, L50, F|
|poke|p1|Incineroar, L50, M, shiny|
|poke|p1|Sinistcha-Masterpiece, L50, shiny|
|poke|p1|Milotic, L50, F|
|poke|p1|Raichu, L50, M|
|poke|p1|Ceruledge, L50, F|
|poke|p2|Venusaur, L50, M|
|poke|p2|Houndoom, L50, M|
|poke|p2|Annihilape, L50, F|
|poke|p2|Torkoal, L50, F|
|poke|p2|Kangaskhan, L50, F|
|poke|p2|Farigiraf, L50, F|
|teampreview|4
|showteam|p1|Floette-Eternal||Floettite|FlowerVeil|Moonblast,DazzlingGleam,CalmMind,Protect|Modest||F|||50|]Incineroar||SitrusBerry|Intimidate|FakeOut,PartingShot,ThroatChop,FlareBlitz|Careful||M|||50|]Sinistcha-Masterpiece||KasibBerry|Hospitality|MatchaGotcha,LifeDew,RagePowder,TrickRoom|Bold|||||50|]Milotic||Leftovers|Competitive|MuddyWater,Coil,Hypnosis,Recover|Calm||F|||50|]Raichu||RaichuniteY|Static|FakeOut,ZapCannon,FocusBlast,Protect|Timid||M|||50|]Ceruledge||ColburBerry|FlashFire|BitterBlade,ShadowSneak,BulkUp,Protect|Adamant||F|||50|
|showteam|p2|Venusaur||LifeOrb|Chlorophyll|SludgeBomb,SolarBeam,EarthPower,Protect|Modest||M|||50|]Houndoom||Houndoominite|FlashFire|HeatWave,DarkPulse,Overheat,Protect|Timid||M|||50|]Annihilape||ChoiceScarf|Defiant|CloseCombat,IcePunch,RockSlide,Uturn|Adamant||F|||50|]Torkoal||Charcoal|Drought|Eruption,WeatherBall,HelpingHand,Protect|Quiet||F|||50|]Kangaskhan||Kangaskhanite|Scrappy|DoubleEdge,IcePunch,HammerArm,FakeOut|Brave||F|||50|]Farigiraf||SitrusBerry|ArmorTail|Psychic,Thunderbolt,TrickRoom,HelpingHand|Bold||F|||50|
|inactive|Battle timer is ON: inactive players will automatically lose when time's up. (requested by daniiivgc)
|
|t:|1786121801
|teamsize|p1|4
|teamsize|p2|4
|start
|switch|p1a: Felicidad|Floette-Eternal, L50, F|100/100
|switch|p1b: Milotic|Milotic, L50, F|100/100
|switch|p2a: Annihilape|Annihilape, L50, F|100/100
|switch|p2b: Farigiraf|Farigiraf, L50, F|100/100
|turn|1
|
|t:|1786121824
|detailschange|p1a: Felicidad|Floette-Mega, L50, F
|-mega|p1a: Felicidad|Floette|Floettite
|-ability|p1a: Felicidad|Fairy Aura
|move|p2a: Annihilape|U-turn|p1b: Milotic
|-damage|p1b: Milotic|77/100
|
|t:|1786121829
|switch|p2a: Torkoal|Torkoal, L50, F|100/100|[from] U-turn
|-weather|SunnyDay|[from] ability: Drought|[of] p2a: Torkoal
|move|p1a: Felicidad|Moonblast|p2b: Farigiraf
|-damage|p2b: Farigiraf|29/100
|-enditem|p2b: Farigiraf|Sitrus Berry|[eat]
|-heal|p2b: Farigiraf|53/100|[from] item: Sitrus Berry
|move|p1b: Milotic|Coil|p1b: Milotic
|-boost|p1b: Milotic|atk|1
|-boost|p1b: Milotic|def|1
|-boost|p1b: Milotic|accuracy|1
|move|p2b: Farigiraf|Trick Room|p2b: Farigiraf
|-fieldstart|move: Trick Room|[of] p2b: Farigiraf
|
|-weather|SunnyDay|[upkeep]
|-heal|p1b: Milotic|83/100|[from] item: Leftovers
|upkeep
|turn|2
|
|t:|1786121850
|switch|p1a: Ceruledge|Ceruledge, L50, F|100/100
|move|p2b: Farigiraf|Helping Hand|p2a: Torkoal
|-singleturn|p2a: Torkoal|Helping Hand|[of] p2b: Farigiraf
|move|p2a: Torkoal|Eruption|p1a: Ceruledge|[spread] p1b
|-start|p1a: Ceruledge|ability: Flash Fire
|-resisted|p1b: Milotic|1
|-damage|p1b: Milotic|38/100
|move|p1b: Milotic|Hypnosis|p2a: Torkoal
|-status|p2a: Torkoal|slp|[from] move: Hypnosis
|
|-weather|SunnyDay|[upkeep]
|-heal|p1b: Milotic|44/100|[from] item: Leftovers
|upkeep
|turn|3
|
|t:|1786121870
|cant|p2a: Torkoal|slp
|move|p2b: Farigiraf|Psychic|p1a: Ceruledge
|-damage|p1a: Ceruledge|68/100
|move|p1a: Ceruledge|Bulk Up|p1a: Ceruledge
|-boost|p1a: Ceruledge|atk|1
|-boost|p1a: Ceruledge|def|1
|move|p1b: Milotic|Recover|p1b: Milotic
|-heal|p1b: Milotic|94/100
|
|-weather|SunnyDay|[upkeep]
|-heal|p1b: Milotic|100/100|[from] item: Leftovers
|upkeep
|turn|4
|
|t:|1786121887
|cant|p2a: Torkoal|slp
|move|p2b: Farigiraf|Thunderbolt|p1b: Milotic
|-supereffective|p1b: Milotic|1
|-damage|p1b: Milotic|67/100
|move|p1a: Ceruledge|Bitter Blade|p2b: Farigiraf
|-damage|p2b: Farigiraf|0 fnt
|-heal|p1a: Ceruledge|100/100|[from] drain|[of] p2b: Farigiraf
|faint|p2b: Farigiraf
|move|p1b: Milotic|Coil|p1b: Milotic
|-boost|p1b: Milotic|atk|1
|-boost|p1b: Milotic|def|1
|-boost|p1b: Milotic|accuracy|1
|
|-weather|SunnyDay|[upkeep]
|-heal|p1b: Milotic|73/100|[from] item: Leftovers
|upkeep
|
|t:|1786121898
|switch|p2b: Houndoom|Houndoom, L50, M|100/100
|turn|5
|
|t:|1786121908
|move|p2b: Houndoom|Protect|p2b: Houndoom
|-singleturn|p2b: Houndoom|Protect
|-curestatus|p2a: Torkoal|slp|[msg]
|move|p2a: Torkoal|Eruption|p1a: Ceruledge|[spread] p1b
|-immune|p1a: Ceruledge|[from] ability: Flash Fire
|-resisted|p1b: Milotic|1
|-damage|p1b: Milotic|43/100
|move|p1a: Ceruledge|Bitter Blade|p2a: Torkoal
|-resisted|p2a: Torkoal|1
|-damage|p2a: Torkoal|38/100
|move|p1b: Milotic|Hypnosis|p2b: Houndoom
|-activate|p2b: Houndoom|move: Protect
|
|-weather|none
|-heal|p1b: Milotic|48/100|[from] item: Leftovers
|-fieldend|move: Trick Room
|upkeep
|turn|6
|inactive|daniiivgc has 30 seconds left.
|
|t:|1786121934
|move|p2a: Torkoal|Helping Hand|p2b: Houndoom
|-singleturn|p2b: Houndoom|Helping Hand|[of] p2a: Torkoal
|move|p1a: Ceruledge|Protect|p1a: Ceruledge
|-singleturn|p1a: Ceruledge|Protect
|move|p2b: Houndoom|Dark Pulse|p1b: Milotic
|-damage|p1b: Milotic|12/100
|move|p1b: Milotic|Muddy Water|p2a: Torkoal|[spread] p2a,p2b
|-supereffective|p2a: Torkoal|1
|-supereffective|p2b: Houndoom|1
|-damage|p2a: Torkoal|0 fnt
|-damage|p2b: Houndoom|36/100
|-unboost|p2b: Houndoom|accuracy|1
|faint|p2a: Torkoal
|
|-heal|p1b: Milotic|18/100|[from] item: Leftovers
|upkeep
|
|t:|1786121943
|switch|p2a: Annihilape|Annihilape, L50, F|100/100
|turn|7
|-message|daniiivgc forfeited.
|
|win|clarocojones
||daniiivgc is ready for game 2.
||clarocojones is ready for game 2.
|uhtml|next|Next: Game 2 of 3
