|j|☆Rugss
|j|☆OCFrey
|html|RugssOCFrey    
|uhtml|bestof|Game 2 of a best-of-3
|t:|1784842413
|gametype|doubles
|player|p1|Rugss|101|1182
|player|p2|OCFrey|169|1206
|gen|9
|tier|[Gen 9 Champions] VGC 2026 Reg M-B (Bo3)
|rated|
|rule|Species Clause: Limit one of each Pokémon
|rule|Item Clause: Limit 1 of each item
|clearpoke
|poke|p1|Raichu, L50, M, shiny|
|poke|p1|Sinistcha, L50, shiny|
|poke|p1|Gholdengo, L50|
|poke|p1|Basculegion, L50, M|
|poke|p1|Staraptor, L50, M, shiny|
|poke|p1|Milotic, L50, M, shiny|
|poke|p2|Pyroar, L50, M|
|poke|p2|Altaria, L50, M|
|poke|p2|Sinistcha, L50|
|poke|p2|Grimmsnarl, L50, M|
|poke|p2|Toxapex, L50, F|
|poke|p2|Eelektross, L50, F|
|teampreview|4
|showteam|p1|Raichu||RaichuniteY|LightningRod|ZapCannon,FocusBlast,FakeOut,Protect|Timid||M|||50|]Sinistcha||KasibBerry|Hospitality|MatchaGotcha,RagePowder,ShadowBall,Protect|Bold|||||50|]Gholdengo||LifeOrb|GoodasGold|ShadowBall,MakeItRain,NastyPlot,Protect|Modest|||||50|]Basculegion||MysticWater|Adaptability|WaveCrash,LastRespects,Protect,AquaJet|Adamant||M|||50|]Staraptor||Staraptite|Intimidate|CloseCombat,BraveBird,Tailwind,Protect|Jolly||M|||50|]Milotic||Leftovers|Competitive|Scald,IcyWind,Haze,Protect|Calm||M|||50|
|showteam|p2|Pyroar||Pyroarite|Unnerve|Overheat,HeatWave,Substitute,Protect|Timid||M|||50|]Altaria||HabanBerry|CloudNine|Protect,Tailwind,HelpingHand,DracoMeteor|Timid||M|||50|]Sinistcha||SitrusBerry|Hospitality|RagePowder,MatchaGotcha,Protect,LifeDew|Bold|||||50|]Grimmsnarl||LightClay|Prankster|FakeOut,PartingShot,Reflect,SpiritBreak|Impish||M|||50|]Toxapex||Leftovers|Regenerator|WideGuard,BanefulBunker,Infestation,Toxic|Bold||F|||50|]Eelektross||Eelektrossite|Levitate|Thunderbolt,Flamethrower,DragonPulse,Protect|Modest||F|||50|
|
|t:|1784842448
|teamsize|p1|4
|teamsize|p2|4
|start
|switch|p1a: Staraptor|Staraptor, L50, M, shiny|100/100
|switch|p1b: Gholdengo|Gholdengo, L50|100/100
|switch|p2a: Pyroar|Pyroar, L50, M|100/100
|switch|p2b: Sinistcha|Sinistcha, L50|100/100
|-ability|p2a: Pyroar|Unnerve
|-ability|p1a: Staraptor|Intimidate|boost
|-unboost|p2a: Pyroar|atk|1
|-unboost|p2b: Sinistcha|atk|1
|turn|1
|
|t:|1784842512
|switch|p1b: Milotic|Milotic, L50, M, shiny|100/100
|detailschange|p2a: Pyroar|Pyroar-Mega, L50, M
|-mega|p2a: Pyroar|Pyroar|Pyroarite
|detailschange|p1a: Staraptor|Staraptor-Mega, L50, M, shiny
|-mega|p1a: Staraptor|Staraptor|Staraptite
|move|p2b: Sinistcha|Rage Powder|p2b: Sinistcha
|-singleturn|p2b: Sinistcha|move: Rage Powder
|move|p2a: Pyroar|Heat Wave|p1b: Milotic|[spread] p1a
|-miss|p2a: Pyroar|p1b: Milotic
|-damage|p1a: Staraptor|47/100
|move|p1a: Staraptor|Tailwind|p1a: Staraptor
|-sidestart|p1: Rugss|move: Tailwind
|
|upkeep
|turn|2
|
|t:|1784842545
|move|p2b: Sinistcha|Rage Powder|p2b: Sinistcha
|-singleturn|p2b: Sinistcha|move: Rage Powder
|move|p1a: Staraptor|Brave Bird|p2b: Sinistcha
|-supereffective|p2b: Sinistcha|1
|-damage|p2b: Sinistcha|21/100
|-enditem|p2b: Sinistcha|Sitrus Berry|[eat]
|-heal|p2b: Sinistcha|46/100|[from] item: Sitrus Berry
|-damage|p1a: Staraptor|23/100|[from] Recoil
|move|p1b: Milotic|Scald|p2b: Sinistcha
|-resisted|p2b: Sinistcha|1
|-damage|p2b: Sinistcha|28/100
|-status|p2b: Sinistcha|brn
|move|p2a: Pyroar|Heat Wave|p1b: Milotic|[spread] p1a,p1b
|-resisted|p1b: Milotic|1
|-damage|p1a: Staraptor|0 fnt
|-damage|p1b: Milotic|82/100
|faint|p1a: Staraptor
|
|-heal|p1b: Milotic|88/100|[from] item: Leftovers
|-damage|p2b: Sinistcha|21/100 brn|[from] brn
|upkeep
|
|t:|1784842559
|switch|p1a: Raichu|Raichu, L50, M, shiny|100/100
|turn|3
|
|t:|1784842566
|switch|p2b: Grimmsnarl|Grimmsnarl, L50, M|100/100
|move|p2a: Pyroar|Protect|p2a: Pyroar
|-singleturn|p2a: Pyroar|Protect
|move|p1a: Raichu|Fake Out|p2a: Pyroar
|-activate|p2a: Pyroar|move: Protect
|move|p1b: Milotic|Icy Wind|p2b: Grimmsnarl|[spread] p2b
|-activate|p2a: Pyroar|move: Protect
|-damage|p2b: Grimmsnarl|90/100
|-unboost|p2b: Grimmsnarl|spe|1
|
|-heal|p1b: Milotic|94/100|[from] item: Leftovers
|upkeep
|turn|4
|
|t:|1784842591
|move|p1a: Raichu|Protect|p1a: Raichu
|-singleturn|p1a: Raichu|Protect
|move|p1b: Milotic|Protect|p1b: Milotic
|-singleturn|p1b: Milotic|Protect
|move|p2b: Grimmsnarl|Fake Out|p1b: Milotic
|-activate|p1b: Milotic|move: Protect
|move|p2a: Pyroar|Overheat|p1a: Raichu
|-activate|p1a: Raichu|move: Protect
|
|-heal|p1b: Milotic|100/100|[from] item: Leftovers
|-sideend|p1: Rugss|move: Tailwind
|upkeep
|turn|5
|
|t:|1784842635
|move|p2b: Grimmsnarl|Reflect|p2b: Grimmsnarl
|-sidestart|p2: OCFrey|Reflect
|move|p2a: Pyroar|Overheat|p1a: Raichu
|-damage|p1a: Raichu|0 fnt
|-unboost|p2a: Pyroar|spa|2
|faint|p1a: Raichu
|move|p1b: Milotic|Icy Wind|p2b: Grimmsnarl|[spread] p2a,p2b
|-resisted|p2a: Pyroar|1
|-damage|p2a: Pyroar|94/100
|-damage|p2b: Grimmsnarl|80/100
|-unboost|p2a: Pyroar|spe|1
|-unboost|p2b: Grimmsnarl|spe|1
|
|upkeep
|
|t:|1784842645
|switch|p1a: Gholdengo|Gholdengo, L50|100/100
|turn|6
|
|t:|1784842650
|switch|p2b: Toxapex|Toxapex, L50, F|100/100
|move|p2a: Pyroar|Overheat|p1a: Gholdengo
|-supereffective|p1a: Gholdengo|1
|-damage|p1a: Gholdengo|3/100
|-unboost|p2a: Pyroar|spa|2
|move|p1b: Milotic|Scald|p2a: Pyroar
|-supereffective|p2a: Pyroar|1
|-damage|p2a: Pyroar|17/100
|move|p1a: Gholdengo|Shadow Ball|p2a: Pyroar
|-immune|p2a: Pyroar
|
|upkeep
|turn|7
|-message|Rugss forfeited.
|
|win|OCFrey
|raw|Rugss's rating: 1182 → 1159(-23 for losing)
|raw|OCFrey's rating: 1206 → 1229(+23 for winning)
