|j|☆indiofiero
|j|☆Jahreed
|html|indiofieroJahreed    
|uhtml|bestof|Game 1 of a best-of-3
|t:|1756427580
|gametype|doubles
|player|p1|indiofiero|swimmerf-gen4|1130
|player|p2|Jahreed|266|1092
|gen|9
|tier|[Gen 9] VGC 2025 Reg H (Bo3)
|rated|
|rule|Species Clause: Limit one of each Pokémon
|rule|Item Clause: Limit 1 of each item
|clearpoke
|poke|p1|Archaludon, L50, M|
|poke|p1|Dragonite, L50, M|
|poke|p1|Pelipper, L50, M|
|poke|p1|Ursaluna, L50, F|
|poke|p1|Sinistcha, L50|
|poke|p1|Gholdengo, L50|
|poke|p2|Porygon2, L50|
|poke|p2|Ursaluna, L50, F|
|poke|p2|Incineroar, L50, F|
|poke|p2|Yanmega, L50, F|
|poke|p2|Sneasler, L50, F|
|poke|p2|Archaludon, L50, M|
|teampreview|4
|showteam|p1|Archaludon||AssaultVest|Stamina|FlashCannon,BodyPress,ElectroShot,Snarl|||M|||50|,,,,,Fighting]Dragonite||LoadedDice|Multiscale|ScaleShot,Tailwind,Haze,Protect|||M|||50|,,,,,Fairy]Pelipper||FocusSash|Drizzle|MuddyWater,Hurricane,Tailwind,Protect|||M|||50|,,,,,Ghost]Ursaluna||FlameOrb|Guts|Facade,HeadlongRush,Earthquake,Protect|||F|||50|,,,,,Ghost]Sinistcha||SitrusBerry|Hospitality|MatchaGotcha,LifeDew,RagePowder,TrickRoom||||||50|,,,,,Dark]Gholdengo||ChoiceScarf|GoodasGold|MakeItRain,ShadowBall,Trick,Protect||||||50|,,,,,Flying
|showteam|p2|Porygon2||Eviolite|Download|TrickRoom,IceBeam,Recover,TeraBlast||||||50|,,,,,Flying]Ursaluna||FlameOrb|Guts|Protect,Facade,HeadlongRush,Earthquake|||F|||50|,,,,,Ghost]Incineroar||SafetyGoggles|Intimidate|FakeOut,PartingShot,KnockOff,FlareBlitz|||F|||50|,,,,,Ghost]Yanmega||FocusSash|SpeedBoost|AirSlash,BugBuzz,Tailwind,Detect|||F|||50|,,,,,Ghost]Sneasler||WhiteHerb|Unburden|Protect,CloseCombat,DireClaw,ThroatChop|||F|||50|,,,,,Stellar]Archaludon||PowerHerb|Stalwart|DragonPulse,ElectroShot,Protect,Thunderbolt|||M|||50|,,,,,Electric
|inactive|Battle timer is ON: inactive players will automatically lose when time's up. (requested by indiofiero)
|inactive|indiofiero has 60 seconds left.
|inactive|Jahreed has 60 seconds left.
|inactive|indiofiero has 30 seconds left.
|
|t:|1756427644
|teamsize|p1|4
|teamsize|p2|4
|start
|switch|p1a: Pelipper|Pelipper, L50, M|100/100
|switch|p1b: Dragonite|Dragonite, L50, M|100/100
|switch|p2a: Porygon2|Porygon2, L50|100/100
|switch|p2b: Incineroar|Incineroar, L50, F|100/100
|-weather|RainDance|[from] ability: Drizzle|[of] p1a: Pelipper
|-ability|p2a: Porygon2|Download|boost
|-boost|p2a: Porygon2|spa|1
|-ability|p2b: Incineroar|Intimidate|boost
|-unboost|p1a: Pelipper|atk|1
|-unboost|p1b: Dragonite|atk|1
|turn|1
|inactive|Jahreed has 30 seconds left.
|inactive|Jahreed has 20 seconds left.
|inactive|Jahreed has 15 seconds left.
|
|t:|1756427688
|switch|p1b: Archaludon|Archaludon, L50, M|100/100
|-terastallize|p2b: Incineroar|Ghost
|move|p1a: Pelipper|Muddy Water|p2a: Porygon2|[spread] 
|-miss|p1a: Pelipper|p2a: Porygon2
|-miss|p1a: Pelipper|p2b: Incineroar
|move|p2b: Incineroar|Parting Shot|p1a: Pelipper
|-unboost|p1a: Pelipper|atk|1
|-unboost|p1a: Pelipper|spa|1
|
|t:|1756427699
|switch|p2b: Ursaluna|Ursaluna, L50, F|100/100|[from] Parting Shot
|move|p2a: Porygon2|Trick Room|p2a: Porygon2
|-fieldstart|move: Trick Room|[of] p2a: Porygon2
|
|-weather|RainDance|[upkeep]
|-status|p2b: Ursaluna|brn|[from] item: Flame Orb
|upkeep
|turn|2
|inactive|indiofiero has 30 seconds left.
|inactive|Jahreed has 30 seconds left.
|inactive|Jahreed has 20 seconds left.
|
|t:|1756427739
|-terastallize|p1b: Archaludon|Fighting
|move|p2b: Ursaluna|Facade|p1a: Pelipper
|-crit|p1a: Pelipper
|-enditem|p1a: Pelipper|Focus Sash
|-damage|p1a: Pelipper|1/100
|move|p2a: Porygon2|Ice Beam|p1a: Pelipper
|-damage|p1a: Pelipper|0 fnt
|faint|p1a: Pelipper
|move|p1b: Archaludon|Electro Shot||[still]
|-prepare|p1b: Archaludon|Electro Shot
|-boost|p1b: Archaludon|spa|1
|-anim|p1b: Archaludon|Electro Shot|p2b: Ursaluna
|-immune|p2b: Ursaluna
|
|-weather|RainDance|[upkeep]
|-damage|p2b: Ursaluna|95/100 brn|[from] brn
|upkeep
|
|t:|1756427748
|switch|p1a: Ursaluna|Ursaluna, L50, F|100/100
|turn|3
|
|t:|1756427770
|switch|p2b: Incineroar|Incineroar, L50, F, tera:Ghost|100/100
|-ability|p2b: Incineroar|Intimidate|boost
|-unboost|p1a: Ursaluna|atk|1
|-unboost|p1b: Archaludon|atk|1
|move|p2a: Porygon2|Ice Beam|p1a: Ursaluna
|-supereffective|p1a: Ursaluna
|-damage|p1a: Ursaluna|29/100
|move|p1a: Ursaluna|Headlong Rush|p2b: Incineroar
|-damage|p2b: Incineroar|61/100
|-unboost|p1a: Ursaluna|def|1
|-unboost|p1a: Ursaluna|spd|1
|move|p1b: Archaludon|Body Press|p2a: Porygon2
|-supereffective|p2a: Porygon2
|-damage|p2a: Porygon2|49/100
|
|-weather|RainDance|[upkeep]
|-status|p1a: Ursaluna|brn|[from] item: Flame Orb
|upkeep
|turn|4
|inactive|indiofiero has 30 seconds left.
|inactive|Jahreed has 30 seconds left.
|inactive|Jahreed has 20 seconds left.
|inactive|Jahreed has 15 seconds left.
|
|t:|1756427815
|switch|p1a: Dragonite|Dragonite, L50, M|100/100
|move|p2b: Incineroar|Fake Out|p1a: Dragonite
|-damage|p1a: Dragonite|95/100
|move|p2a: Porygon2|Recover|p2a: Porygon2
|-heal|p2a: Porygon2|99/100
|move|p1b: Archaludon|Electro Shot||[still]
|-prepare|p1b: Archaludon|Electro Shot
|-boost|p1b: Archaludon|spa|1
|-anim|p1b: Archaludon|Electro Shot|p2b: Incineroar
|-damage|p2b: Incineroar|12/100
|
|-weather|RainDance|[upkeep]
|upkeep
|turn|5
|inactive|indiofiero has 30 seconds left.
|inactive|indiofiero has 20 seconds left.
|
|t:|1756427850
|move|p1a: Dragonite|Protect|p1a: Dragonite
|-singleturn|p1a: Dragonite|Protect
|move|p2b: Incineroar|Parting Shot|p1b: Archaludon
|-unboost|p1b: Archaludon|atk|1
|-unboost|p1b: Archaludon|spa|1
|inactive|Jahreed has 30 seconds left.
|
|t:|1756427877
|switch|p2b: Yanmega|Yanmega, L50, F|100/100|[from] Parting Shot
|move|p2a: Porygon2|Ice Beam|p1a: Dragonite
|-activate|p1a: Dragonite|move: Protect
|move|p1b: Archaludon|Body Press|p2a: Porygon2
|-supereffective|p2a: Porygon2
|-damage|p2a: Porygon2|40/100
|
|-weather|none
|-fieldend|move: Trick Room
|upkeep
|turn|6
|
|t:|1756427894
|switch|p2a: Incineroar|Incineroar, L50, F, tera:Ghost|12/100
|-ability|p2a: Incineroar|Intimidate|boost
|-unboost|p1a: Dragonite|atk|1
|-unboost|p1b: Archaludon|atk|1
|move|p2b: Yanmega|Detect|p2b: Yanmega
|-singleturn|p2b: Yanmega|Protect
|move|p1a: Dragonite|Scale Shot|p2b: Yanmega
|-activate|p2b: Yanmega|move: Protect
|move|p1b: Archaludon|Body Press|p2a: Incineroar
|-immune|p2a: Incineroar
|
|-ability|p2b: Yanmega|Speed Boost|boost
|-boost|p2b: Yanmega|spe|1
|upkeep
|turn|7
|inactive|indiofiero has 30 seconds left.
|
|t:|1756427920
|move|p2b: Yanmega|Tailwind|p2b: Yanmega
|-sidestart|p2: Jahreed|move: Tailwind
|move|p2a: Incineroar|Knock Off|p1b: Archaludon
|-resisted|p1b: Archaludon
|-damage|p1b: Archaludon|88/100
|-ability|p1b: Archaludon|Stamina|boost
|-boost|p1b: Archaludon|def|1
|-enditem|p1b: Archaludon|Assault Vest|[from] move: Knock Off|[of] p2a: Incineroar
|move|p1a: Dragonite|Tailwind|p1a: Dragonite
|-sidestart|p1: indiofiero|move: Tailwind
|move|p1b: Archaludon|Flash Cannon|p2a: Incineroar
|-damage|p2a: Incineroar|0 fnt
|faint|p2a: Incineroar
|
|-ability|p2b: Yanmega|Speed Boost|boost
|-boost|p2b: Yanmega|spe|1
|upkeep
|
|t:|1756427939
|switch|p2a: Ursaluna|Ursaluna, L50, F|95/100 brn
|turn|8
|
|t:|1756427965
|move|p2b: Yanmega|Bug Buzz|p1b: Archaludon
|-resisted|p1b: Archaludon
|-damage|p1b: Archaludon|64/100
|-ability|p1b: Archaludon|Stamina|boost
|-boost|p1b: Archaludon|def|1
|move|p1a: Dragonite|Scale Shot|p2a: Ursaluna
|-damage|p2a: Ursaluna|87/100 brn
|-damage|p2a: Ursaluna|79/100 brn
|-damage|p2a: Ursaluna|72/100 brn
|-damage|p2a: Ursaluna|64/100 brn
|-hitcount|p2a: Ursaluna|4
|-unboost|p1a: Dragonite|def|1
|-boost|p1a: Dragonite|spe|1
|move|p1b: Archaludon|Body Press|p2a: Ursaluna
|-supereffective|p2a: Ursaluna
|-damage|p2a: Ursaluna|0 fnt
|faint|p2a: Ursaluna
|
|-ability|p2b: Yanmega|Speed Boost|boost
|-boost|p2b: Yanmega|spe|1
|upkeep
|
|t:|1756427970
|switch|p2a: Porygon2|Porygon2, L50|40/100
|-ability|p2a: Porygon2|Download|boost
|-boost|p2a: Porygon2|spa|1
|turn|9
|
|t:|1756427993
|move|p2b: Yanmega|Air Slash|p1b: Archaludon
|-supereffective|p1b: Archaludon
|-damage|p1b: Archaludon|0 fnt
|faint|p1b: Archaludon
|move|p1a: Dragonite|Scale Shot|p2a: Porygon2
|-damage|p2a: Porygon2|33/100
|-damage|p2a: Porygon2|27/100
|-damage|p2a: Porygon2|20/100
|-damage|p2a: Porygon2|14/100
|-damage|p2a: Porygon2|7/100
|-hitcount|p2a: Porygon2|5
|-unboost|p1a: Dragonite|def|1
|-boost|p1a: Dragonite|spe|1
|move|p2a: Porygon2|Recover|p2a: Porygon2
|-heal|p2a: Porygon2|57/100
|
|-ability|p2b: Yanmega|Speed Boost|boost
|-boost|p2b: Yanmega|spe|1
|upkeep
|
|t:|1756428006
|switch|p1b: Ursaluna|Ursaluna, L50, F|29/100 brn
|turn|10
|
|t:|1756428024
|move|p2b: Yanmega|Detect|p2b: Yanmega
|-singleturn|p2b: Yanmega|Protect
|move|p1a: Dragonite|Scale Shot|p2b: Yanmega
|-activate|p2b: Yanmega|move: Protect
|move|p1b: Ursaluna|Facade|p2a: Porygon2
|-damage|p2a: Porygon2|0 fnt
|faint|p2a: Porygon2
|
|-damage|p1b: Ursaluna|23/100 brn|[from] brn
|-sideend|p1: indiofiero|move: Tailwind
|-sideend|p2: Jahreed|move: Tailwind
|-ability|p2b: Yanmega|Speed Boost|boost
|-boost|p2b: Yanmega|spe|1
|upkeep
|turn|11
|
|t:|1756428038
|move|p2b: Yanmega|Bug Buzz|p1b: Ursaluna
|-damage|p1b: Ursaluna|0 fnt
|faint|p1b: Ursaluna
|move|p1a: Dragonite|Scale Shot|p2b: Yanmega
|-damage|p2b: Yanmega|87/100
|-damage|p2b: Yanmega|75/100
|-damage|p2b: Yanmega|64/100
|-damage|p2b: Yanmega|51/100
|-hitcount|p2b: Yanmega|4
|-unboost|p1a: Dragonite|def|1
|-boost|p1a: Dragonite|spe|1
|
|-ability|p2b: Yanmega|Speed Boost|boost
|-boost|p2b: Yanmega|spe|1
|upkeep
|turn|12
|
|t:|1756428059
|move|p2b: Yanmega|Air Slash|p1a: Dragonite
|-damage|p1a: Dragonite|51/100
|cant|p1a: Dragonite|flinch
|
|upkeep
|turn|13
|
|t:|1756428066
|move|p2b: Yanmega|Air Slash|p1a: Dragonite
|-damage|p1a: Dragonite|10/100
|move|p1a: Dragonite|Scale Shot|p2b: Yanmega
|-damage|p2b: Yanmega|40/100
|-damage|p2b: Yanmega|27/100
|-damage|p2b: Yanmega|15/100
|-damage|p2b: Yanmega|1/100
|-damage|p2b: Yanmega|0 fnt
|faint|p2b: Yanmega
|-hitcount|p2: Yanmega|5
|
|win|indiofiero
||Jahreed is ready for game 2.
||indiofiero is ready for game 2.
|uhtml|next|Next: Game 2 of 3
|l|☆Jahreed
|player|p2|
