|j|☆TaiwanNephrologist
|j|☆sky yeh
|html|TaiwanNephrologistsky yeh    
|uhtml|bestof|Game 2 of a best-of-3
|t:|1786111244
|gametype|doubles
|player|p1|TaiwanNephrologist|101|
|player|p2|sky yeh|perrin|
|gen|9
|tier|[Gen 9 Champions] VGC 2026 Reg M-B (Bo3)
|rule|Species Clause: Limit one of each Pokémon
|rule|Item Clause: Limit 1 of each item
|clearpoke
|poke|p1|Delphox, L50, F, shiny|
|poke|p1|Incineroar, L50, F, shiny|
|poke|p1|Kingambit, L50, F, shiny|
|poke|p1|Sinistcha, L50, shiny|
|poke|p1|Sneasler, L50, F, shiny|
|poke|p1|Blastoise, L50, F, shiny|
|poke|p2|Staraptor, L50, M, shiny|
|poke|p2|Charizard, L50, M, shiny|
|poke|p2|Garchomp, L50, M, shiny|
|poke|p2|Gholdengo, L50|
|poke|p2|Whimsicott, L50, F, shiny|
|poke|p2|Rotom-Wash, L50|
|teampreview|4
|showteam|p1|Delphox||Delphoxite|Blaze|HeatWave,Psychic,NastyPlot,Protect|Timid||F|||50|]Incineroar||SitrusBerry|Intimidate|FakeOut,FlareBlitz,HelpingHand,PartingShot|Careful||F|||50|]Kingambit||LifeOrb|Defiant|KowtowCleave,SuckerPunch,SwordsDance,Protect|Adamant||F|||50|]Sinistcha||OccaBerry|Hospitality|MatchaGotcha,RagePowder,TrickRoom,Protect|Bold|||||50|]Sneasler||FocusSash|PoisonTouch|FakeOut,PoisonJab,CloseCombat,QuickGuard|Jolly||F|||50|]Blastoise||Blastoisinite|RainDish|WaterSpout,DarkPulse,ShellSmash,Protect|Modest||F|||50|
|showteam|p2|Staraptor||Staraptite|Intimidate|CloseCombat,BraveBird,Roost,Protect|Jolly||M|||50|]Charizard||CharizarditeY|Blaze|WeatherBall,HeatWave,SolarBeam,Protect|Modest||M|||50|]Garchomp||LifeOrb|RoughSkin|Earthquake,DragonClaw,RockSlide,Protect|Jolly||M|||50|]Gholdengo||SpellTag|GoodasGold|MakeItRain,ShadowBall,NastyPlot,Protect|Modest|||||50|]Whimsicott||FocusSash|Prankster|Moonblast,Charm,Tailwind,Protect|Timid||F|||50|]Rotom-Wash||ChoiceScarf|Levitate|HydroPump,VoltSwitch,Electroweb,WillOWisp|Timid|||||50|
|j| phoenix burner
|j| VGCVillains
|
|t:|1786111275
|teamsize|p1|4
|teamsize|p2|4
|start
|switch|p1a: Delphox|Delphox, L50, F, shiny|100/100
|switch|p1b: Incineroar|Incineroar, L50, F, shiny|100/100
|switch|p2a: Garchomp|Garchomp, L50, M, shiny|100/100
|switch|p2b: Rotom|Rotom-Wash, L50|100/100
|-ability|p1b: Incineroar|Intimidate|boost
|-unboost|p2a: Garchomp|atk|1
|-unboost|p2b: Rotom|atk|1
|turn|1
|j| Roselia Sayo
|j| Edward0516
|
|t:|1786111309
|detailschange|p1a: Delphox|Delphox-Mega, L50, F, shiny
|-mega|p1a: Delphox|Delphox|Delphoxite
|move|p1b: Incineroar|Fake Out|p2b: Rotom
|-damage|p2b: Rotom|88/100
|cant|p2b: Rotom|flinch
|move|p1a: Delphox|Psychic|p2a: Garchomp
|-damage|p2a: Garchomp|46/100
|move|p2a: Garchomp|Rock Slide|p1b: Incineroar|[spread] p1a,p1b
|-supereffective|p1a: Delphox|1
|-supereffective|p1b: Incineroar|1
|-damage|p1a: Delphox|60/100
|-damage|p1b: Incineroar|71/100
|-damage|p2a: Garchomp|36/100|[from] item: Life Orb
|
|upkeep
|turn|2
|
|t:|1786111346
|switch|p2a: Charizard|Charizard, L50, M, shiny|100/100
|switch|p1b: Kingambit|Kingambit, L50, F, shiny|100/100
|move|p1a: Delphox|Protect|p1a: Delphox
|-singleturn|p1a: Delphox|Protect
|move|p2b: Rotom|Hydro Pump|p1b: Kingambit
|-damage|p1b: Kingambit|53/100
|
|upkeep
|turn|3
|j| BenBen84
|
|t:|1786111419
|switch|p1a: Sinistcha|Sinistcha, L50, shiny|100/100
|-heal|p1b: Kingambit|78/100|[from] ability: Hospitality|[of] p1a: Sinistcha
|detailschange|p2a: Charizard|Charizard-Mega-Y, L50, M, shiny
|-mega|p2a: Charizard|Charizard|Charizardite Y
|-weather|SunnyDay|[from] ability: Drought|[of] p2a: Charizard
|move|p1b: Kingambit|Sucker Punch|p2a: Charizard
|-damage|p2a: Charizard|44/100
|-damage|p1b: Kingambit|68/100|[from] item: Life Orb
|move|p2b: Rotom|Hydro Pump|p1a: Sinistcha
|-resisted|p1a: Sinistcha|1
|-damage|p1a: Sinistcha|89/100
|move|p2a: Charizard|Heat Wave|p1a: Sinistcha|[spread] p1a,p1b
|-supereffective|p1a: Sinistcha|1
|-enditem|p1a: Sinistcha|Occa Berry|[eat]
|-enditem|p1a: Sinistcha|Occa Berry|[weaken]
|-supereffective|p1b: Kingambit|1
|-damage|p1a: Sinistcha|30/100
|-damage|p1b: Kingambit|0 fnt
|faint|p1b: Kingambit
|
|-weather|SunnyDay|[upkeep]
|upkeep
|
|t:|1786111437
|switch|p1b: Delphox|Delphox-Mega, L50, F, shiny|60/100
|turn|4
|
|t:|1786111472
|switch|p2b: Whimsicott|Whimsicott, L50, F, shiny|100/100
|switch|p1a: Incineroar|Incineroar, L50, F, shiny|71/100
|-ability|p1a: Incineroar|Intimidate|boost
|-unboost|p2a: Charizard|atk|1
|-unboost|p2b: Whimsicott|atk|1
|move|p2a: Charizard|Protect|p2a: Charizard
|-singleturn|p2a: Charizard|Protect
|move|p1b: Delphox|Psychic|p2a: Charizard
|-activate|p2a: Charizard|move: Protect
|
|-weather|SunnyDay|[upkeep]
|upkeep
|turn|5
|
|t:|1786111495
|move|p1a: Incineroar|Fake Out|p2b: Whimsicott
|-damage|p2b: Whimsicott|83/100
|cant|p2b: Whimsicott|flinch
|move|p1b: Delphox|Heat Wave|p2a: Charizard|[spread] p2a
|-miss|p1b: Delphox|p2b: Whimsicott
|-resisted|p2a: Charizard|1
|-damage|p2a: Charizard|15/100
|move|p2a: Charizard|Heat Wave|p1b: Delphox|[spread] p1a,p1b
|-resisted|p1a: Incineroar|1
|-resisted|p1b: Delphox|1
|-damage|p1a: Incineroar|49/100
|-damage|p1b: Delphox|34/100
|-enditem|p1a: Incineroar|Sitrus Berry|[eat]
|-heal|p1a: Incineroar|74/100|[from] item: Sitrus Berry
|
|-weather|SunnyDay|[upkeep]
|upkeep
|turn|6
|j| Manimo_1126
|
|t:|1786111545
|move|p2b: Whimsicott|Tailwind|p2b: Whimsicott
|-sidestart|p2: sky yeh|move: Tailwind
|move|p2a: Charizard|Heat Wave|p1a: Incineroar|[spread] p1a,p1b
|-resisted|p1a: Incineroar|1
|-resisted|p1b: Delphox|1
|-damage|p1a: Incineroar|50/100y
|-damage|p1b: Delphox|6/100
|move|p1b: Delphox|Heat Wave|p2b: Whimsicott|[spread] p2a
|-miss|p1b: Delphox|p2b: Whimsicott
|-resisted|p2a: Charizard|1
|-damage|p2a: Charizard|0 fnt
|faint|p2a: Charizard
|move|p1a: Incineroar|Parting Shot|p2b: Whimsicott
|-unboost|p2b: Whimsicott|atk|1
|-unboost|p2b: Whimsicott|spa|1
|j| charnizardnomiss
|
|t:|1786111557
|switch|p1a: Sinistcha|Sinistcha, L50, shiny|30/100|[from] Parting Shot
|-heal|p1b: Delphox|31/100|[from] ability: Hospitality|[of] p1a: Sinistcha
|
|-weather|SunnyDay|[upkeep]
|upkeep
|
|t:|1786111560
|switch|p2a: Garchomp|Garchomp, L50, M, shiny|36/100
|turn|7
|
|t:|1786111593
|switch|p1b: Incineroar|Incineroar, L50, F, shiny|50/100y
|-ability|p1b: Incineroar|Intimidate|boost
|-unboost|p2a: Garchomp|atk|1
|-unboost|p2b: Whimsicott|atk|1
|move|p2b: Whimsicott|Moonblast|p1a: Sinistcha
|-damage|p1a: Sinistcha|8/100
|move|p2a: Garchomp|Rock Slide|p1b: Incineroar|[spread] p1a,p1b
|-supereffective|p1b: Incineroar|1
|-damage|p1a: Sinistcha|0 fnt
|-damage|p1b: Incineroar|19/100
|faint|p1a: Sinistcha
|-damage|p2a: Garchomp|26/100|[from] item: Life Orb
|
|-weather|none
|upkeep
|-message|TaiwanNephrologist forfeited.
|
|win|sky yeh
|l|☆TaiwanNephrologist
|player|p1|
||TaiwanNephrologist is ready for game 3.
||sky yeh is ready for game 3.
|uhtml|next|Next: Game 3 of 3
|l| Edward0516
|j| Edward0516
|l| Edward0516
|l| charnizardnomiss
|l| phoenix burner
|l| Manimo_1126
|l| BenBen84
|l|☆sky yeh
|player|p2|
|j|☆TaiwanNephrologist
|player|p1|TaiwanNephrologist|101|
