|j|☆No.1 Bug Fan
|j|☆vibe1300
|html|No.1 Bug Fanvibe1300    
|uhtml|bestof|Game 1 of a best-of-3
|t:|1785431568
|gametype|doubles
|player|p1|No.1 Bug Fan|burgh-masters|1064
|player|p2|vibe1300|265|1164
|gen|9
|tier|[Gen 9 Champions] VGC 2026 Reg M-B (Bo3)
|rated|
|rule|Species Clause: Limit one of each Pokémon
|rule|Item Clause: Limit 1 of each item
|clearpoke
|poke|p1|Froslass, L50, F|
|poke|p1|Scovillain, L50, F, shiny|
|poke|p1|Basculegion, L50, M|
|poke|p1|Kingambit, L50, F, shiny|
|poke|p1|Sneasler, L50, M, shiny|
|poke|p1|Lycanroc-Dusk, L50, F, shiny|
|poke|p2|Chandelure, L50, F|
|poke|p2|Kangaskhan, L50, F|
|poke|p2|Kingambit, L50, M|
|poke|p2|Kommo-o, L50, F|
|poke|p2|Eelektross, L50, F|
|poke|p2|Basculegion, L50, M|
|teampreview|4
|showteam|p1|Froslass||Froslassite|CursedBody|Blizzard,ShadowBall,AuroraVeil,Protect|Modest||F|||50|]Scovillain||Scovillainite|Moody|GigaDrain,Overheat,RagePowder,Protect|Bold||F|||50|]Basculegion||SitrusBerry|Adaptability|WaveCrash,LastRespects,AquaJet,Protect|Adamant||M|||50|]Kingambit||LifeOrb|Defiant|KowtowCleave,SuckerPunch,SwordsDance,Protect|Adamant||F|||50|]Sneasler||WhiteHerb|Unburden|CloseCombat,GunkShot,Protect,FakeOut|Adamant||M|||50|]Lycanroc-Dusk||FocusSash|ToughClaws|CloseCombat,Accelerock,RockSlide,Protect|Adamant||F|||50|
|showteam|p2|Chandelure||FocusSash|FlashFire|TrickRoom,HeatWave,ShadowBall,Protect|Quiet||F|||50|]Kangaskhan||Kangaskhanite|Scrappy|FakeOut,DoubleEdge,SuckerPunch,BrickBreak|Brave||F|||50|]Kingambit||ChopleBerry|Defiant|KowtowCleave,SuckerPunch,IronHead,LowKick|Brave||M|||50|]Kommo-o||LifeOrb|Soundproof|ClangingScales,AuraSphere,Flamethrower,Protect|Quiet||F|||50|]Eelektross||Eelektrossite|Levitate|Thunderbolt,Flamethrower,GigaDrain,DragonPulse|Quiet||F|||50|]Basculegion||SitrusBerry|Adaptability|Protect,WaveCrash,LastRespects,AquaJet|Brave||M|||50|
|inactive|Battle timer is ON: inactive players will automatically lose when time's up. (requested by No.1 Bug Fan)
|inactive|No.1 Bug Fan has 60 seconds left.
|inactive|vibe1300 has 60 seconds left.
|inactive|vibe1300 has 30 seconds left.
|
|t:|1785431631
|teamsize|p1|4
|teamsize|p2|4
|start
|switch|p1a: milk|Scovillain, L50, F, shiny|100/100
|switch|p1b: fih is calling|Basculegion, L50, M|100/100
|switch|p2a: Kangaskhan|Kangaskhan, L50, F|100/100
|switch|p2b: Chandelure|Chandelure, L50, F|100/100
|turn|1
|
|t:|1785431648
|detailschange|p1a: milk|Scovillain-Mega, L50, F, shiny
|-mega|p1a: milk|Scovillain|Scovillainite
|move|p1b: fih is calling|Protect|p1b: fih is calling
|-singleturn|p1b: fih is calling|Protect
|move|p2a: Kangaskhan|Fake Out|p1b: fih is calling
|-activate|p1b: fih is calling|move: Protect
|move|p1a: milk|Giga Drain|p2a: Kangaskhan
|-damage|p2a: Kangaskhan|67/100
|move|p2b: Chandelure|Shadow Ball|p1b: fih is calling
|-activate|p1b: fih is calling|move: Protect
|
|upkeep
|turn|2
|
|t:|1785431671
|switch|p2b: Kommo-o|Kommo-o, L50, F|100/100
|detailschange|p2a: Kangaskhan|Kangaskhan-Mega, L50, F
|-mega|p2a: Kangaskhan|Kangaskhan|Kangaskhanite
|move|p2a: Kangaskhan|Double-Edge|p1a: milk
|-damage|p1a: milk|38/100
|-status|p2a: Kangaskhan|brn|[from] ability: Spicy Spray|[of] p1a: milk
|-damage|p1a: milk|30/100
|-hitcount|p1a: milk|2
|-damage|p2a: Kangaskhan|49/100 brn|[from] Recoil
|move|p1a: milk|Giga Drain|p2b: Kommo-o
|-resisted|p2b: Kommo-o|1
|-damage|p2b: Kommo-o|84/100
|-heal|p1a: milk|38/100|[from] drain|[of] p2b: Kommo-o
|move|p1b: fih is calling|Wave Crash|p2b: Kommo-o
|-resisted|p2b: Kommo-o|1
|-damage|p2b: Kommo-o|55/100
|-damage|p1b: fih is calling|92/100|[from] Recoil
|
|-damage|p2a: Kangaskhan|42/100 brn|[from] brn
|upkeep
|turn|3
|inactive|No.1 Bug Fan has 30 seconds left.
|
|t:|1785431702
|move|p1a: milk|Rage Powder|p1a: milk
|-singleturn|p1a: milk|move: Rage Powder
|move|p2a: Kangaskhan|Double-Edge|p1a: milk
|-damage|p1a: milk|6/100
|-damage|p1a: milk|0 fnt
|faint|p1a: milk
|-hitcount|p1: milk|2
|-damage|p2a: Kangaskhan|32/100 brn|[from] Recoil
|move|p1b: fih is calling|Wave Crash|p2b: Kommo-o
|-resisted|p2b: Kommo-o|1
|-damage|p2b: Kommo-o|25/100
|-damage|p1b: fih is calling|84/100|[from] Recoil
|move|p2b: Kommo-o|Clanging Scales|p1b: fih is calling
|-crit|p1b: fih is calling
|-damage|p1b: fih is calling|0 fnt
|faint|p1b: fih is calling
|-unboost|p2b: Kommo-o|def|1
|-damage|p2b: Kommo-o|16/100|[from] item: Life Orb
|
|-damage|p2a: Kangaskhan|26/100 brn|[from] brn
|upkeep
|
|t:|1785431707
|switch|p1a: Sonion ring|Sneasler, L50, M, shiny|100/100
|switch|p1b: Paul|Kingambit, L50, F, shiny|100/100
|turn|4
|inactive|vibe1300 has 30 seconds left.
|
|t:|1785431737
|move|p2b: Kommo-o|Protect|p2b: Kommo-o
|-singleturn|p2b: Kommo-o|Protect
|move|p1a: Sonion ring|Fake Out|p2b: Kommo-o
|-activate|p2b: Kommo-o|move: Protect
|move|p2a: Kangaskhan|Sucker Punch||[still]
|-fail|p2a: Kangaskhan
|move|p1b: Paul|Sucker Punch||[still]
|-fail|p1b: Paul
|
|-damage|p2a: Kangaskhan|20/100y brn|[from] brn
|upkeep
|turn|5
|
|t:|1785431748
|move|p2a: Kangaskhan|Sucker Punch|p1a: Sonion ring
|-resisted|p1a: Sonion ring|1
|-damage|p1a: Sonion ring|91/100
|-resisted|p1a: Sonion ring|1
|-damage|p1a: Sonion ring|89/100
|-hitcount|p1a: Sonion ring|2
|move|p1b: Paul|Sucker Punch|p2b: Kommo-o
|-resisted|p2b: Kommo-o|1
|-damage|p2b: Kommo-o|0 fnt
|faint|p2b: Kommo-o
|-damage|p1b: Paul|90/100|[from] item: Life Orb
|move|p1a: Sonion ring|Close Combat|p2a: Kangaskhan
|-supereffective|p2a: Kangaskhan|1
|-damage|p2a: Kangaskhan|0 fnt
|-unboost|p1a: Sonion ring|def|1
|-unboost|p1a: Sonion ring|spd|1
|faint|p2a: Kangaskhan
|-enditem|p1a: Sonion ring|White Herb
|-clearnegativeboost|p1a: Sonion ring|[silent]
|
|upkeep
|
|t:|1785431755
|switch|p2a: Kingambit|Kingambit, L50, M|100/100
|switch|p2b: Chandelure|Chandelure, L50, F|100/100
|turn|6
|inactive|No.1 Bug Fan has 30 seconds left.
|
|t:|1785431782
|move|p2a: Kingambit|Sucker Punch|p1b: Paul
|-resisted|p1b: Paul|1
|-damage|p1b: Paul|73/100
|move|p1a: Sonion ring|Close Combat|p2a: Kingambit
|-supereffective|p2a: Kingambit|2
|-enditem|p2a: Kingambit|Chople Berry|[eat]
|-enditem|p2a: Kingambit|Chople Berry|[weaken]
|-damage|p2a: Kingambit|15/100
|-unboost|p1a: Sonion ring|def|1
|-unboost|p1a: Sonion ring|spd|1
|move|p2b: Chandelure|Heat Wave|p1b: Paul|[spread] p1a,p1b
|-supereffective|p1b: Paul|1
|-damage|p1a: Sonion ring|0 fnt
|-damage|p1b: Paul|0 fnt
|faint|p1a: Sonion ring
|faint|p1b: Paul
|
|win|vibe1300
