|j|☆ghjk07
|j|☆papyth
|html|ghjk07papyth    
|uhtml|bestof|Game 1 of a best-of-3
|t:|1784193347
|gametype|doubles
|player|p1|ghjk07|170|1000
|player|p2|papyth|101|1014
|gen|9
|tier|[Gen 9 Champions] VGC 2026 Reg M-B (Bo3)
|rated|
|rule|Species Clause: Limit one of each Pokémon
|rule|Item Clause: Limit 1 of each item
|clearpoke
|poke|p1|Qwilfish, L50, F|
|poke|p1|Malamar, L50, M|
|poke|p1|Audino, L50, M|
|poke|p1|Chandelure, L50, F|
|poke|p1|Zoroark-Hisui, L50, F|
|poke|p1|Whimsicott, L50, M|
|poke|p2|Drampa, L50, M|
|poke|p2|Farigiraf, L50, F|
|poke|p2|Torkoal, L50, F|
|poke|p2|Vivillon, L50, M|
|poke|p2|Garchomp, L50, F|
|poke|p2|Mawile, L50, M|
|teampreview|4
|showteam|p1|Qwilfish||Leftovers|Intimidate|Minimize,SwordsDance,ThroatChop,Stockpile|Impish||F|||50|]Malamar||Malamarite|Contrary|ThroatChop,PsychUp,Rest,Superpower|Impish||M|||50|]Audino||MentalHerb|Healer|SimpleBeam,HealPulse,Protect,TrickRoom|Serious||M|||50|]Chandelure||SitrusBerry|FlashFire|AcidArmor,CalmMind,Flamethrower,Minimize|Bold||F|||50|]Zoroark-Hisui||ChoiceScarf|Illusion|WillOWisp,Memento,RainDance,Taunt|Jolly||F|||50|]Whimsicott||LifeOrb|Prankster|Memento,GrassKnot,LightScreen,SunnyDay|Modest||M|||50|
|showteam|p2|Drampa||Drampanite|SapSipper|DracoMeteor,HyperBeam,Protect,HyperVoice|Modest||M|||50|]Farigiraf||Leftovers|ArmorTail|TrickRoom,HelpingHand,Thunderbolt,PsychicNoise|Quiet||F|||50|]Torkoal||SitrusBerry|Drought|Eruption,WeatherBall,IronDefense,BodyPress|Quiet||F|||50|]Vivillon||FocusSash|FriendGuard|Tailwind,SleepPowder,Uturn,BugBuzz|Timid||M|||50|]Garchomp||LifeOrb|RoughSkin|StompingTantrum,Protect,DragonRush,RockSlide|Jolly||F|||50|]Mawile||Mawilite|Intimidate|PlayRough,IronHead,IcePunch,Protect|Brave||M|||50|
|
|t:|1784193377
|teamsize|p1|4
|teamsize|p2|4
|start
|switch|p1a: Malamar|Malamar, L50, M|100/100
|switch|p1b: Audino|Audino, L50, M|100/100
|switch|p2a: Farigiraf|Farigiraf, L50, F|100/100
|switch|p2b: Mawile|Mawile, L50, M|100/100
|-ability|p2b: Mawile|Intimidate|boost
|-unboost|p1a: Malamar|atk|1
|-unboost|p1b: Audino|atk|1
|turn|1
|inactive|Battle timer is ON: inactive players will automatically lose when time's up. (requested by papyth)
|
|t:|1784193406
|detailschange|p2b: Mawile|Mawile-Mega, L50, M
|-mega|p2b: Mawile|Mawile|Mawilite
|move|p2a: Farigiraf|Helping Hand|p2b: Mawile
|-singleturn|p2b: Mawile|Helping Hand|[of] p2a: Farigiraf
|move|p1a: Malamar|Will-O-Wisp|p2b: Mawile
|-status|p2b: Mawile|brn
|move|p1b: Audino|Simple Beam|p2b: Mawile
|-ability|p2b: Mawile|Simple|Huge Power|[from] move: Simple Beam
|move|p2b: Mawile|Play Rough|p1a: Malamar
|-damage|p1a: Malamar|27/100
|replace|p1a: Zoroark|Zoroark-Hisui, L50, F
|-end|p1a: Zoroark|Illusion
|
|-damage|p2b: Mawile|94/100 brn|[from] brn
|upkeep
|turn|2
|inactive|ghjk07 has 30 seconds left.
|
|t:|1784193437
|switch|p2b: Torkoal|Torkoal, L50, F|100/100
|-weather|SunnyDay|[from] ability: Drought|[of] p2b: Torkoal
|move|p1a: Zoroark|Will-O-Wisp|p2a: Farigiraf
|-status|p2a: Farigiraf|brn
|move|p1b: Audino|Simple Beam|p2a: Farigiraf
|-ability|p2a: Farigiraf|Simple|Armor Tail|[from] move: Simple Beam
|move|p2a: Farigiraf|Trick Room|p2a: Farigiraf
|-fieldstart|move: Trick Room|[of] p2a: Farigiraf
|
|-weather|SunnyDay|[upkeep]
|-damage|p2a: Farigiraf|93/100 brn|[from] brn
|upkeep
|turn|3
|
|t:|1784193455
|switch|p2a: Mawile|Mawile-Mega, L50, M|94/100 brn
|move|p1b: Audino|Protect|p1b: Audino
|-singleturn|p1b: Audino|Protect
|move|p2b: Torkoal|Eruption|p1b: Audino|[spread] p1a
|-activate|p1b: Audino|move: Protect
|-damage|p1a: Zoroark|0 fnt
|faint|p1a: Zoroark
|
|-weather|SunnyDay|[upkeep]
|-damage|p2a: Mawile|88/100 brn|[from] brn
|upkeep
|
|t:|1784193470
|switch|p1a: Qwilfish|Qwilfish, L50, F|100/100
|-ability|p1a: Qwilfish|Intimidate|boost
|-unboost|p2a: Mawile|atk|1
|-unboost|p2b: Torkoal|atk|1
|turn|4
|
|t:|1784193489
|move|p2b: Torkoal|Eruption|p1b: Audino|[spread] p1a,p1b
|-resisted|p1a: Qwilfish|1
|-damage|p1a: Qwilfish|59/100
|-damage|p1b: Audino|25/100
|move|p2a: Mawile|Play Rough|p1b: Audino
|-damage|p1b: Audino|0 fnt
|faint|p1b: Audino
|move|p1a: Qwilfish|Minimize|p1a: Qwilfish
|-boost|p1a: Qwilfish|evasion|2
|
|-weather|SunnyDay|[upkeep]
|-heal|p1a: Qwilfish|65/100|[from] item: Leftovers
|-damage|p2a: Mawile|82/100 brn|[from] brn
|upkeep
|
|t:|1784193504
|switch|p1b: Malamar|Malamar, L50, M|100/100
|turn|5
|
|t:|1784193516
|switch|p2a: Farigiraf|Farigiraf, L50, F|93/100 brn
|detailschange|p1b: Malamar|Malamar-Mega, L50, M
|-mega|p1b: Malamar|Malamar|Malamarite
|move|p2b: Torkoal|Iron Defense|p2b: Torkoal
|-boost|p2b: Torkoal|def|2
|move|p1a: Qwilfish|Minimize|p1a: Qwilfish
|-boost|p1a: Qwilfish|evasion|2
|move|p1b: Malamar|Superpower|p2b: Torkoal
|-damage|p2b: Torkoal|89/100
|-boost|p1b: Malamar|atk|1
|-boost|p1b: Malamar|def|1
|
|-weather|SunnyDay|[upkeep]
|-heal|p2a: Farigiraf|100/100 brn|[from] item: Leftovers
|-heal|p1a: Qwilfish|70/100|[from] item: Leftovers
|-damage|p2a: Farigiraf|93/100 brn|[from] brn
|upkeep
|turn|6
|inactive|ghjk07 has 30 seconds left.
|inactive|papyth has 30 seconds left.
|
|t:|1784193546
|switch|p2b: Garchomp|Garchomp, L50, F|100/100
|move|p2a: Farigiraf|Psychic Noise|p1a: Qwilfish|[miss]
|-miss|p2a: Farigiraf|p1a: Qwilfish
|move|p1a: Qwilfish|Stockpile|p1a: Qwilfish
|-start|p1a: Qwilfish|stockpile1
|-boost|p1a: Qwilfish|def|1
|-boost|p1a: Qwilfish|spd|1
|move|p1b: Malamar|Psych Up|p1a: Qwilfish
|-copyboost|p1b: Malamar|p1a: Qwilfish|[from] move: Psych Up
|
|-weather|none
|-heal|p2a: Farigiraf|100/100 brn|[from] item: Leftovers
|-heal|p1a: Qwilfish|76/100|[from] item: Leftovers
|-damage|p2a: Farigiraf|93/100 brn|[from] brn
|-fieldend|move: Trick Room
|upkeep
|turn|7
|inactive|ghjk07 has 30 seconds left.
|inactive|papyth has 30 seconds left.
|
|t:|1784193571
|move|p2b: Garchomp|Stomping Tantrum|p1a: Qwilfish|[miss]
|-miss|p2b: Garchomp|p1a: Qwilfish
|move|p1b: Malamar|Superpower|p2a: Farigiraf
|-damage|p2a: Farigiraf|62/100 brn
|-boost|p1b: Malamar|atk|1
|-boost|p1b: Malamar|def|1
|move|p1a: Qwilfish|Stockpile|p1a: Qwilfish
|-start|p1a: Qwilfish|stockpile2
|-boost|p1a: Qwilfish|def|1
|-boost|p1a: Qwilfish|spd|1
|move|p2a: Farigiraf|Psychic Noise|p1a: Qwilfish
|-supereffective|p1a: Qwilfish|1
|-damage|p1a: Qwilfish|33/100
|-start|p1a: Qwilfish|move: Heal Block
|
|-heal|p2a: Farigiraf|69/100 brn|[from] item: Leftovers
|-damage|p2a: Farigiraf|62/100 brn|[from] brn
|upkeep
|turn|8
|inactive|ghjk07 has 30 seconds left.
|inactive|ghjk07 has 20 seconds left.
|
|t:|1784193608
|move|p2b: Garchomp|Rock Slide|p1a: Qwilfish|[spread] 
|-miss|p2b: Garchomp|p1a: Qwilfish
|-miss|p2b: Garchomp|p1b: Malamar
|move|p1b: Malamar|Throat Chop|p2a: Farigiraf
|-supereffective|p2a: Farigiraf|1
|-damage|p2a: Farigiraf|0 fnt
|faint|p2a: Farigiraf
|move|p1a: Qwilfish|Minimize|p1a: Qwilfish
|-boost|p1a: Qwilfish|evasion|2
|
|-end|p1a: Qwilfish|move: Heal Block
|upkeep
|
|t:|1784193619
|switch|p2a: Mawile|Mawile-Mega, L50, M|82/100 brn
|turn|9
|
|t:|1784193649
|move|p2b: Garchomp|Stomping Tantrum|p1a: Qwilfish|[miss]
|-miss|p2b: Garchomp|p1a: Qwilfish
|move|p1b: Malamar|Superpower|p2b: Garchomp
|-damage|p2b: Garchomp|58/100
|-boost|p1b: Malamar|atk|1
|-boost|p1b: Malamar|def|1
|-damage|p1b: Malamar|87/100|[from] ability: Rough Skin|[of] p2b: Garchomp
|move|p1a: Qwilfish|Stockpile|p1a: Qwilfish
|-start|p1a: Qwilfish|stockpile3
|-boost|p1a: Qwilfish|def|1
|-boost|p1a: Qwilfish|spd|1
|move|p2a: Mawile|Play Rough|p1b: Malamar|[miss]
|-miss|p2a: Mawile|p1b: Malamar
|
|-heal|p1a: Qwilfish|39/100|[from] item: Leftovers
|-damage|p2a: Mawile|77/100 brn|[from] brn
|upkeep
|turn|10
|inactive|ghjk07 has 30 seconds left.
|inactive|ghjk07 has 20 seconds left.
|
|t:|1784193685
|move|p2b: Garchomp|Stomping Tantrum|p1a: Qwilfish|[miss]
|-miss|p2b: Garchomp|p1a: Qwilfish
|move|p1b: Malamar|Superpower|p2b: Garchomp
|-damage|p2b: Garchomp|3/100
|-boost|p1b: Malamar|atk|1
|-boost|p1b: Malamar|def|1
|-damage|p1b: Malamar|75/100|[from] ability: Rough Skin|[of] p2b: Garchomp
|move|p1a: Qwilfish|Swords Dance|p1a: Qwilfish
|-boost|p1a: Qwilfish|atk|2
|move|p2a: Mawile|Play Rough|p1b: Malamar|[miss]
|-miss|p2a: Mawile|p1b: Malamar
|
|-heal|p1a: Qwilfish|45/100|[from] item: Leftovers
|-damage|p2a: Mawile|71/100 brn|[from] brn
|upkeep
|turn|11
|
|t:|1784193709
|move|p2b: Garchomp|Stomping Tantrum|p1a: Qwilfish|[miss]
|-miss|p2b: Garchomp|p1a: Qwilfish
|move|p1b: Malamar|Superpower|p2a: Mawile
|-damage|p2a: Mawile|2/100 brn
|-boost|p1b: Malamar|atk|1
|-boost|p1b: Malamar|def|1
|move|p1a: Qwilfish|Throat Chop|p2b: Garchomp
|-damage|p2b: Garchomp|0 fnt
|-damage|p1a: Qwilfish|33/100|[from] ability: Rough Skin|[of] p2b: Garchomp
|faint|p2b: Garchomp
|move|p2a: Mawile|Play Rough|p1b: Malamar|[miss]
|-miss|p2a: Mawile|p1b: Malamar
|
|-heal|p1a: Qwilfish|38/100|[from] item: Leftovers
|-damage|p2a: Mawile|0 fnt|[from] brn
|faint|p2a: Mawile
|upkeep
|-message|papyth forfeited.
|
|win|ghjk07
|l|☆papyth
|player|p2|
||papyth is ready for game 2.
