|j|☆prath1
|j|☆iannaVi
|html|prath1iannaVi    
|uhtml|bestof|Game 3 of a best-of-3
|t:|1783288234
|gametype|doubles
|player|p1|prath1|266|1147
|player|p2|iannaVi|cheren-gen5bw2|1147
|gen|9
|tier|[Gen 9 Champions] VGC 2026 Reg M-B (Bo3)
|rated|
|rule|Species Clause: Limit one of each Pokémon
|rule|Item Clause: Limit 1 of each item
|clearpoke
|poke|p1|Swampert, L50, M|
|poke|p1|Pelipper, L50, F|
|poke|p1|Sneasler, L50, F|
|poke|p1|Archaludon, L50, F|
|poke|p1|Eelektross, L50, M|
|poke|p1|Whimsicott, L50, F|
|poke|p2|Scovillain, L50, F|
|poke|p2|Kingambit, L50, F|
|poke|p2|Lycanroc-Dusk, L50, M|
|poke|p2|Basculegion, L50, M|
|poke|p2|Metagross, L50|
|poke|p2|Sylveon, L50, M|
|teampreview|4
|showteam|p1|Swampert||Swampertite|Torrent|EarthPower,WaveCrash,Protect,IcePunch|Adamant||M|||50|]Pelipper||DampRock|Drizzle|Hurricane,MuddyWater,DualWingbeat,Protect|Relaxed||F|||50|]Sneasler||LifeOrb|PoisonTouch|DireClaw,CloseCombat,FakeOut,NightSlash|Jolly||F|||50|]Archaludon||Leftovers|Stamina|DracoMeteor,ElectroShot,IronDefense,HeavySlam|Timid||F|||50|]Eelektross||Eelektrossite|Levitate|ThunderPunch,Thunder,KnockOff,IronTail|Hasty||M|||50|]Whimsicott||FocusSash|Prankster|EnergyBall,Tailwind,LeechSeed,Moonblast|Timid||F|||50|
|showteam|p2|Scovillain||Scovillainite|Moody|GigaDrain,Overheat,RagePowder,Protect|Bold||F|||50|]Kingambit||BlackGlasses|Defiant|KowtowCleave,SuckerPunch,SwordsDance,Protect|Adamant||F|||50|]Lycanroc-Dusk||FocusSash|ToughClaws|CloseCombat,Accelerock,RockSlide,Protect|Jolly||M|||50|]Basculegion||SitrusBerry|Adaptability|WaveCrash,LastRespects,AquaJet,Protect|Adamant||M|||50|]Metagross||Metagrossite|ClearBody|IronHead,PsychicFangs,IcePunch,Protect|Adamant|||||50|]Sylveon||FairyFeather|Pixilate|HyperVoice,HyperBeam,QuickAttack,Detect|Modest||M|||50|
|
|t:|1783288255
|teamsize|p1|4
|teamsize|p2|4
|start
|switch|p1a: Eelektross|Eelektross, L50, M|100/100
|switch|p1b: Sneasler|Sneasler, L50, F|100/100
|switch|p2a: Metagross|Metagross, L50|100/100
|switch|p2b: Kingambit|Kingambit, L50, F|100/100
|turn|1
|
|t:|1783288271
|detailschange|p1a: Eelektross|Eelektross-Mega, L50, M
|-mega|p1a: Eelektross|Eelektross|Eelektrossite
|move|p2a: Metagross|Protect|p2a: Metagross
|-singleturn|p2a: Metagross|Protect
|move|p2b: Kingambit|Protect|p2b: Kingambit
|-singleturn|p2b: Kingambit|Protect
|move|p1b: Sneasler|Fake Out|p2a: Metagross
|-activate|p2a: Metagross|move: Protect
|move|p1a: Eelektross|Thunder Punch|p2a: Metagross
|-activate|p2a: Metagross|move: Protect
|
|upkeep
|turn|2
|inactive|Battle timer is ON: inactive players will automatically lose when time's up. (requested by prath1)
|
|t:|1783288287
|switch|p1b: Archaludon|Archaludon, L50, F|100/100
|detailschange|p2a: Metagross|Metagross-Mega, L50
|-mega|p2a: Metagross|Metagross|Metagrossite
|move|p2a: Metagross|Psychic Fangs|p1b: Archaludon
|-resisted|p1b: Archaludon|1
|-damage|p1b: Archaludon|68/100
|-ability|p1b: Archaludon|Stamina|boost
|-boost|p1b: Archaludon|def|1
|move|p1a: Eelektross|Knock Off|p2a: Metagross
|-supereffective|p2a: Metagross|1
|-damage|p2a: Metagross|63/100
|move|p2b: Kingambit|Swords Dance|p2b: Kingambit
|-boost|p2b: Kingambit|atk|2
|
|-heal|p1b: Archaludon|74/100|[from] item: Leftovers
|upkeep
|turn|3
|inactive|prath1 has 30 seconds left.
|inactive|iannaVi has 30 seconds left.
|
|t:|1783288316
|switch|p2a: Lycanroc|Lycanroc-Dusk, L50, M|100/100
|move|p2b: Kingambit|Sucker Punch|p1a: Eelektross
|-damage|p1a: Eelektross|0 fnt
|faint|p1a: Eelektross
|move|p1b: Archaludon|Heavy Slam|p2b: Kingambit
|-resisted|p2b: Kingambit|1
|-damage|p2b: Kingambit|94/100
|
|-heal|p1b: Archaludon|80/100|[from] item: Leftovers
|upkeep
|
|t:|1783288326
|switch|p1a: Whimsicott|Whimsicott, L50, F|100/100
|turn|4
|
|t:|1783288340
|move|p1a: Whimsicott|Leech Seed|p2a: Lycanroc
|-start|p2a: Lycanroc|move: Leech Seed
|move|p2a: Lycanroc|Close Combat|p1b: Archaludon
|-supereffective|p1b: Archaludon|1
|-damage|p1b: Archaludon|26/100
|-unboost|p2a: Lycanroc|def|1
|-unboost|p2a: Lycanroc|spd|1
|-ability|p1b: Archaludon|Stamina|boost
|-boost|p1b: Archaludon|def|1
|move|p1b: Archaludon|Iron Defense|p1b: Archaludon
|-boost|p1b: Archaludon|def|2
|move|p2b: Kingambit|Kowtow Cleave|p1a: Whimsicott
|-resisted|p1a: Whimsicott|1
|-damage|p1a: Whimsicott|16/100
|
|-heal|p1b: Archaludon|32/100|[from] item: Leftovers
|-damage|p2a: Lycanroc|87/100|[from] Leech Seed|[of] p1a: Whimsicott
|-heal|p1a: Whimsicott|30/100|[silent]
|upkeep
|turn|5
|inactive|prath1 has 30 seconds left.
|
|t:|1783288366
|move|p1a: Whimsicott|Moonblast|p2b: Kingambit
|-damage|p2b: Kingambit|57/100
|move|p2a: Lycanroc|Close Combat|p1b: Archaludon
|-supereffective|p1b: Archaludon|1
|-crit|p1b: Archaludon
|-damage|p1b: Archaludon|0 fnt
|-unboost|p2a: Lycanroc|def|1
|-unboost|p2a: Lycanroc|spd|1
|faint|p1b: Archaludon
|move|p2b: Kingambit|Kowtow Cleave|p1a: Whimsicott
|-resisted|p1a: Whimsicott|1
|-damage|p1a: Whimsicott|0 fnt
|faint|p1a: Whimsicott
|
|upkeep
|-message|prath1 forfeited.
|
|win|iannaVi
|raw|prath1's rating: 1147 → 1122(-25 for losing)
|raw|iannaVi's rating: 1147 → 1172(+25 for winning)
|l|☆prath1
|player|p1|
