|j|☆PandaMXL
|j|☆goodfish6211
|html|PandaMXLgoodfish6211    
|uhtml|bestof|Game 3 of a best-of-3
|t:|1784796614
|gametype|doubles
|player|p1|PandaMXL|chuck|1082
|player|p2|goodfish6211|102|1104
|gen|9
|tier|[Gen 9 Champions] VGC 2026 Reg M-B (Bo3)
|rated|
|rule|Species Clause: Limit one of each Pokémon
|rule|Item Clause: Limit 1 of each item
|clearpoke
|poke|p1|Swampert, L50, M, shiny|
|poke|p1|Basculegion, L50, M, shiny|
|poke|p1|Pelipper, L50, M, shiny|
|poke|p1|Politoed, L50, M, shiny|
|poke|p1|Sneasler, L50, F, shiny|
|poke|p1|Cofagrigus, L50, M, shiny|
|poke|p2|Incineroar, L50, F|
|poke|p2|Sneasler, L50, M, shiny|
|poke|p2|Whimsicott, L50, F|
|poke|p2|Sinistcha-Masterpiece, L50|
|poke|p2|Sylveon, L50, M, shiny|
|poke|p2|Tyranitar, L50, M|
|teampreview|4
|showteam|p1|Swampert||Swampertite|Torrent|Earthquake,IcePunch,PoisonJab,Protect|Jolly||M|||50|]Basculegion||LifeOrb|SwiftSwim|PsychicFangs,LastRespects,Liquidation,Protect|Adamant||M|||50|]Pelipper||SharpBeak|Drizzle|Hurricane,Tailwind,Surf,Protect|Bold||M|||50|]Politoed||SitrusBerry|Drizzle|Encore,WeatherBall,IcyWind,Protect|Calm||M|||50|]Sneasler||WhiteHerb|PoisonTouch|FakeOut,CloseCombat,DireClaw,Protect|Jolly||F|||50|]Cofagrigus||Leftovers|Mummy|BodyPress,WillOWisp,Hex,IronDefense|Bold||M|||50|
|showteam|p2|Incineroar||PasshoBerry|Intimidate|FakeOut,FlareBlitz,DarkestLariat,PartingShot|Adamant||F|||50|]Sneasler||WhiteHerb|Unburden|CloseCombat,FakeOut,DireClaw,Protect|Adamant||M|||50|]Whimsicott||FocusSash|Prankster|Tailwind,Moonblast,Encore,Protect|Timid||F|||50|]Sinistcha-Masterpiece||SitrusBerry|Hospitality|MatchaGotcha,TrickRoom,RagePowder,Protect|Bold|||||50|]Sylveon||LifeOrb|Pixilate|HyperVoice,QuickAttack,DrainingKiss,Protect|Modest||M|||50|]Tyranitar||Tyranitarite|SandStream|KnockOff,RockSlide,DragonDance,Protect|Adamant||M|||50|
|inactive|Battle timer is ON: inactive players will automatically lose when time's up. (requested by goodfish6211)
|inactive|PandaMXL also wants the timer to be on.
|inactive|goodfish6211 has 60 seconds left.
|inactive|PandaMXL has 60 seconds left.
|
|t:|1784796668
|teamsize|p1|4
|teamsize|p2|4
|start
|switch|p1a: Swampert|Swampert, L50, M, shiny|100/100
|switch|p1b: Politoed|Politoed, L50, M, shiny|100/100
|switch|p2a: Whimsicott|Whimsicott, L50, F|100/100
|switch|p2b: Sneasler|Sneasler, L50, M, shiny|100/100
|-weather|RainDance|[from] ability: Drizzle|[of] p1b: Politoed
|turn|1
|inactive|PandaMXL has 30 seconds left.
|
|t:|1784796695
|detailschange|p1a: Swampert|Swampert-Mega, L50, M, shiny
|-mega|p1a: Swampert|Swampert|Swampertite
|move|p1a: Swampert|Protect|p1a: Swampert
|-singleturn|p1a: Swampert|Protect
|move|p2b: Sneasler|Fake Out|p1a: Swampert
|-activate|p1a: Swampert|move: Protect
|move|p2a: Whimsicott|Tailwind|p2a: Whimsicott
|-sidestart|p2: goodfish6211|move: Tailwind
|move|p1b: Politoed|Icy Wind|p2b: Sneasler|[spread] p2a,p2b
|-supereffective|p2a: Whimsicott|1
|-damage|p2a: Whimsicott|64/100
|-damage|p2b: Sneasler|85/100
|-unboost|p2a: Whimsicott|spe|1
|-unboost|p2b: Sneasler|spe|1
|-enditem|p2b: Sneasler|White Herb
|-clearnegativeboost|p2b: Sneasler|[silent]
|
|-weather|RainDance|[upkeep]
|upkeep
|turn|2
|
|t:|1784796716
|switch|p2b: Tyranitar|Tyranitar, L50, M|100/100
|-weather|Sandstorm|[from] ability: Sand Stream|[of] p2b: Tyranitar
|switch|p1b: Pelipper|Pelipper, L50, M, shiny|100/100
|-weather|RainDance|[from] ability: Drizzle|[of] p1b: Pelipper
|move|p2a: Whimsicott|Encore|p1a: Swampert
|-start|p1a: Swampert|Encore
|move|p1a: Swampert|Protect||[still]
|-fail|p1a: Swampert
|
|-weather|RainDance|[upkeep]
|upkeep
|turn|3
|
|t:|1784796734
|switch|p1a: Politoed|Politoed, L50, M, shiny|100/100
|switch|p2a: Sneasler|Sneasler, L50, M, shiny|85/100
|move|p2b: Tyranitar|Protect|p2b: Tyranitar
|-singleturn|p2b: Tyranitar|Protect
|move|p1b: Pelipper|Surf|p2b: Tyranitar|[spread] p1a,p2a
|-activate|p2b: Tyranitar|move: Protect
|-resisted|p1a: Politoed|1
|-damage|p1a: Politoed|86/100
|-damage|p2a: Sneasler|37/100
|
|-weather|RainDance|[upkeep]
|upkeep
|turn|4
|inactive|PandaMXL has 30 seconds left.
|inactive|goodfish6211 has 30 seconds left.
|inactive|PandaMXL has 20 seconds left.
|inactive|goodfish6211 has 20 seconds left.
|
|t:|1784796775
|detailschange|p2b: Tyranitar|Tyranitar-Mega, L50, M
|-mega|p2b: Tyranitar|Tyranitar|Tyranitarite
|-weather|Sandstorm|[from] ability: Sand Stream|[of] p2b: Tyranitar
|move|p2a: Sneasler|Fake Out|p1a: Politoed
|-damage|p1a: Politoed|64/100
|move|p2b: Tyranitar|Rock Slide|p1b: Pelipper|[spread] p1a
|-miss|p2b: Tyranitar|p1b: Pelipper
|-damage|p1a: Politoed|15/100
|-enditem|p1a: Politoed|Sitrus Berry|[eat]
|-heal|p1a: Politoed|40/100|[from] item: Sitrus Berry
|cant|p1a: Politoed|flinch
|move|p1b: Pelipper|Surf|p2b: Tyranitar|[spread] p1a,p2a,p2b
|-resisted|p1a: Politoed|1
|-supereffective|p2b: Tyranitar|1
|-damage|p1a: Politoed|30/100
|-damage|p2a: Sneasler|5/100
|-damage|p2b: Tyranitar|69/100
|
|-weather|Sandstorm|[upkeep]
|-damage|p2a: Sneasler|0 fnt|[from] Sandstorm
|-damage|p1a: Politoed|24/100|[from] Sandstorm
|-damage|p1b: Pelipper|94/100|[from] Sandstorm
|faint|p2a: Sneasler
|-sideend|p2: goodfish6211|move: Tailwind
|upkeep
|
|t:|1784796790
|switch|p2a: Whimsicott|Whimsicott, L50, F|64/100
|turn|5
|inactive|PandaMXL has 30 seconds left.
|
|t:|1784796820
|switch|p1a: Basculegion|Basculegion, L50, M, shiny|100/100
|move|p2a: Whimsicott|Tailwind|p2a: Whimsicott
|-sidestart|p2: goodfish6211|move: Tailwind
|move|p2b: Tyranitar|Dragon Dance|p2b: Tyranitar
|-boost|p2b: Tyranitar|atk|1
|-boost|p2b: Tyranitar|spe|1
|move|p1b: Pelipper|Hurricane|p2a: Whimsicott
|-supereffective|p2a: Whimsicott|1
|-damage|p2a: Whimsicott|0 fnt
|faint|p2a: Whimsicott
|
|-weather|Sandstorm|[upkeep]
|-damage|p1a: Basculegion|93/100|[from] Sandstorm
|-damage|p1b: Pelipper|88/100|[from] Sandstorm
|upkeep
|
|t:|1784796826
|switch|p2a: Sinistcha|Sinistcha-Masterpiece, L50|100/100
|-heal|p2b: Tyranitar|94/100|[from] ability: Hospitality|[of] p2a: Sinistcha
|turn|6
|inactive|goodfish6211 has 30 seconds left.
|
|t:|1784796861
|move|p2a: Sinistcha|Protect|p2a: Sinistcha
|-singleturn|p2a: Sinistcha|Protect
|move|p1a: Basculegion|Protect|p1a: Basculegion
|-singleturn|p1a: Basculegion|Protect
|move|p2b: Tyranitar|Knock Off|p1a: Basculegion
|-activate|p1a: Basculegion|move: Protect
|move|p1b: Pelipper|Hurricane|p2a: Sinistcha
|-activate|p2a: Sinistcha|move: Protect
|
|-weather|Sandstorm|[upkeep]
|-damage|p2a: Sinistcha|93/100|[from] Sandstorm
|-damage|p1a: Basculegion|87/100|[from] Sandstorm
|-damage|p1b: Pelipper|83/100|[from] Sandstorm
|upkeep
|turn|7
|
|t:|1784796879
|switch|p1a: Politoed|Politoed, L50, M, shiny|24/100
|-weather|RainDance|[from] ability: Drizzle|[of] p1a: Politoed
|move|p1b: Pelipper|Protect|p1b: Pelipper
|-singleturn|p1b: Pelipper|Protect
|move|p2b: Tyranitar|Knock Off|p1a: Politoed
|-damage|p1a: Politoed|0 fnt
|faint|p1a: Politoed
|move|p2a: Sinistcha|Matcha Gotcha|p1b: Pelipper
|-activate|p1b: Pelipper|move: Protect
|
|-weather|RainDance|[upkeep]
|upkeep
|
|t:|1784796892
|switch|p1a: Swampert|Swampert-Mega, L50, M, shiny|100/100
|turn|8
|inactive|goodfish6211 has 30 seconds left.
|
|t:|1784796924
|move|p2b: Tyranitar|Protect|p2b: Tyranitar
|-singleturn|p2b: Tyranitar|Protect
|move|p1a: Swampert|Earthquake|p2b: Tyranitar|[spread] p2a
|-activate|p2b: Tyranitar|move: Protect
|-immune|p1b: Pelipper
|-resisted|p2a: Sinistcha|1
|-damage|p2a: Sinistcha|76/100
|move|p2a: Sinistcha|Matcha Gotcha|p1a: Swampert|[spread] p1a,p1b
|-supereffective|p1a: Swampert|2
|-damage|p1a: Swampert|2/100
|-heal|p2a: Sinistcha|100/100|[from] drain|[of] p1a: Swampert
|-damage|p1b: Pelipper|43/100
|move|p1b: Pelipper|Hurricane|p2a: Sinistcha
|-supereffective|p2a: Sinistcha|1
|-damage|p2a: Sinistcha|0 fnt
|faint|p2a: Sinistcha
|
|-weather|RainDance|[upkeep]
|-sideend|p2: goodfish6211|move: Tailwind
|upkeep
|turn|9
|inactive|PandaMXL has 30 seconds left.
|inactive|goodfish6211 has 30 seconds left.
|inactive|goodfish6211 has 20 seconds left.
|
|t:|1784796961
|move|p1a: Swampert|Earthquake|p2b: Tyranitar|[spread] p2b
|-immune|p1b: Pelipper
|-supereffective|p2b: Tyranitar|1
|-damage|p2b: Tyranitar|37/100
|move|p2b: Tyranitar|Rock Slide|p1b: Pelipper|[spread] p1a,p1b
|-resisted|p1a: Swampert|1
|-supereffective|p1b: Pelipper|1
|-damage|p1a: Swampert|0 fnt
|-damage|p1b: Pelipper|0 fnt
|faint|p1a: Swampert
|faint|p1b: Pelipper
|
|-weather|RainDance|[upkeep]
|upkeep
|
|t:|1784796973
|switch|p1b: Basculegion|Basculegion, L50, M, shiny|87/100
|turn|10
|
|t:|1784796978
|move|p2b: Tyranitar|Protect|p2b: Tyranitar
|-singleturn|p2b: Tyranitar|Protect
|move|p1b: Basculegion|Liquidation|p2b: Tyranitar
|-activate|p2b: Tyranitar|move: Protect
|
|-weather|RainDance|[upkeep]
|upkeep
|turn|11
|
|t:|1784796985
|move|p2b: Tyranitar|Protect|p2b: Tyranitar
|-singleturn|p2b: Tyranitar|Protect
|move|p1b: Basculegion|Liquidation|p2b: Tyranitar
|-activate|p2b: Tyranitar|move: Protect
|
|-weather|none
|upkeep
|turn|12
|
|t:|1784796992
|move|p2b: Tyranitar|Knock Off|p1b: Basculegion
|-supereffective|p1b: Basculegion|1
|-damage|p1b: Basculegion|0 fnt
|-enditem|p1b: Basculegion|Life Orb|[from] move: Knock Off|[of] p2b: Tyranitar
|faint|p1b: Basculegion
|
|win|goodfish6211
|raw|PandaMXL's rating: 1082 → 1061(-21 for losing)
|raw|goodfish6211's rating: 1104 → 1127(+23 for winning)
|l|☆PandaMXL
|player|p1|
