|j|☆ayeeetonyyy
|j|☆Trin2345
|html|ayeeetonyyyTrin2345    
|uhtml|bestof|Game 1 of a best-of-3
|t:|1783386295
|gametype|doubles
|player|p1|ayeeetonyyy|marshal|
|player|p2|Trin2345|265|
|gen|9
|tier|[Gen 9 Champions] VGC 2026 Reg M-B (Bo3)
|rule|Species Clause: Limit one of each Pokémon
|rule|Item Clause: Limit 1 of each item
|clearpoke
|poke|p1|Pelipper, L50, F|
|poke|p1|Archaludon, L50, M|
|poke|p1|Blastoise, L50, M|
|poke|p1|Rotom-Heat, L50|
|poke|p1|Eelektross, L50, M|
|poke|p1|Jolteon, L50, F|
|poke|p2|Tyranitar, L50, F|
|poke|p2|Excadrill, L50, F|
|poke|p2|Houndstone, L50, M|
|poke|p2|Aerodactyl, L50, M|
|poke|p2|Goodra-Hisui, L50, F|
|poke|p2|Hydreigon, L50, F|
|teampreview|4
|showteam|p1|Pelipper||SitrusBerry|Drizzle|HydroPump,Hurricane,WideGuard,Uturn|Modest||F|||50|]Archaludon||ChoiceScarf|Stamina|DracoMeteor,FlashCannon,ElectroShot,AuraSphere|Timid||M|||50|]Blastoise||Blastoisinite|RainDish|WaterSpout,DarkPulse,AuraSphere,FakeOut|Quiet||M|||50|]Rotom-Heat||IronBall|Levitate|Thunder,VoltSwitch,Protect,Trick|Timid|||||50|]Eelektross||Eelektrossite|Levitate|Thunderbolt,DragonPulse,DrainPunch,CloseCombat|Hasty||M|||50|]Jolteon||ShucaBerry|VoltAbsorb|VoltSwitch,RisingVoltage,AlluringVoice,RainDance|Timid||F|||50|
|showteam|p2|Tyranitar||Tyranitarite|SandStream|StoneEdge,Protect,RockSlide,Superpower|Adamant||F|||50|]Excadrill||FocusSash|SandRush|Earthquake,HighHorsepower,BrickBreak,RockSlide|Jolly||F|||50|]Houndstone||LifeOrb|SandRush|LastRespects,ShadowSneak,WillOWisp,Yawn|Adamant||M|||50|]Aerodactyl||HardStone|Unnerve|Tailwind,RockSlide,DualWingbeat,Protect|Jolly||M|||50|]Goodra-Hisui||ChopleBerry|Gooey|BodyPress,Thunderbolt,Shelter,LifeDew|Modest||F|||50|]Hydreigon||ChoiceScarf|Levitate|DarkPulse,DracoMeteor,EarthPower,Uturn|Modest||F|||50|
|
|t:|1783386343
|teamsize|p1|4
|teamsize|p2|4
|start
|switch|p1a: Pelipper|Pelipper, L50, F|100/100
|switch|p1b: Eelektross|Eelektross, L50, M|100/100
|switch|p2a: Tyranitar|Tyranitar, L50, F|100/100
|switch|p2b: Excadrill|Excadrill, L50, F|100/100
|-weather|RainDance|[from] ability: Drizzle|[of] p1a: Pelipper
|-weather|Sandstorm|[from] ability: Sand Stream|[of] p2a: Tyranitar
|turn|1
|
|t:|1783386524
|move|p2b: Excadrill|Brick Break|p1b: Eelektross
|-damage|p1b: Eelektross|62/100
|move|p1b: Eelektross|Close Combat|p2a: Tyranitar
|-supereffective|p2a: Tyranitar|2
|-damage|p2a: Tyranitar|0 fnt
|-unboost|p1b: Eelektross|def|1
|-unboost|p1b: Eelektross|spd|1
|faint|p2a: Tyranitar
|move|p1a: Pelipper|Hydro Pump|p2b: Excadrill
|-supereffective|p2b: Excadrill|1
|-enditem|p2b: Excadrill|Focus Sash
|-damage|p2b: Excadrill|1/100
|
|-weather|Sandstorm|[upkeep]
|-damage|p1b: Eelektross|56/100|[from] Sandstorm
|-damage|p1a: Pelipper|93/100|[from] Sandstorm
|upkeep
|
|t:|1783386602
|switch|p2a: Houndstone|Houndstone, L50, M|100/100
|turn|2
|
|t:|1783386719
|detailschange|p1b: Eelektross|Eelektross-Mega, L50, M
|-mega|p1b: Eelektross|Eelektross|Eelektrossite
|move|p2a: Houndstone|Shadow Sneak|p1b: Eelektross
|-damage|p1b: Eelektross|0 fnt
|faint|p1b: Eelektross
|-damage|p2a: Houndstone|90/100|[from] item: Life Orb
|move|p2b: Excadrill|Rock Slide|p1a: Pelipper
|-supereffective|p1a: Pelipper|1
|-damage|p1a: Pelipper|32/100
|-enditem|p1a: Pelipper|Sitrus Berry|[eat]
|-heal|p1a: Pelipper|57/100|[from] item: Sitrus Berry
|move|p1a: Pelipper|U-turn|p2b: Excadrill
|-resisted|p2b: Excadrill|1
|-damage|p2b: Excadrill|0 fnt
|faint|p2b: Excadrill
|
|t:|1783386736
|switch|p1a: Jolteon|Jolteon, L50, F|100/100|[from] U-turn
|
|-weather|Sandstorm|[upkeep]
|-damage|p1a: Jolteon|94/100|[from] Sandstorm
|upkeep
|
|t:|1783386745
|switch|p1b: Archaludon|Archaludon, L50, M|100/100
|switch|p2b: Goodra|Goodra-Hisui, L50, F|100/100
|turn|3
|
|t:|1783386802
|move|p1b: Archaludon|Aura Sphere|p2b: Goodra
|-supereffective|p2b: Goodra|1
|-enditem|p2b: Goodra|Chople Berry|[eat]
|-enditem|p2b: Goodra|Chople Berry|[weaken]
|-damage|p2b: Goodra|78/100
|move|p2a: Houndstone|Last Respects|p1a: Jolteon
|-damage|p1a: Jolteon|0 fnt
|faint|p1a: Jolteon
|-damage|p2a: Houndstone|80/100|[from] item: Life Orb
|move|p2b: Goodra|Body Press|p1b: Archaludon
|-supereffective|p1b: Archaludon|1
|-damage|p1b: Archaludon|58/100
|-ability|p1b: Archaludon|Stamina|boost
|-boost|p1b: Archaludon|def|1
|
|-weather|Sandstorm|[upkeep]
|upkeep
|
|t:|1783386833
|switch|p1a: Pelipper|Pelipper, L50, F|57/100
|-weather|RainDance|[from] ability: Drizzle|[of] p1a: Pelipper
|turn|4
|
|t:|1783386863
|move|p1b: Archaludon|Aura Sphere|p2b: Goodra
|-supereffective|p2b: Goodra|1
|-damage|p2b: Goodra|34/100
|move|p2a: Houndstone|Last Respects|p1a: Pelipper
|-damage|p1a: Pelipper|0 fnt
|faint|p1a: Pelipper
|-damage|p2a: Houndstone|71/100|[from] item: Life Orb
|move|p2b: Goodra|Body Press|p1b: Archaludon
|-supereffective|p1b: Archaludon|1
|-damage|p1b: Archaludon|28/100
|-ability|p1b: Archaludon|Stamina|boost
|-boost|p1b: Archaludon|def|1
|
|-weather|RainDance|[upkeep]
|upkeep
|turn|5
|
|t:|1783386883
|move|p1b: Archaludon|Aura Sphere|p2b: Goodra
|-supereffective|p2b: Goodra|1
|-damage|p2b: Goodra|0 fnt
|faint|p2b: Goodra
|move|p2a: Houndstone|Last Respects|p1b: Archaludon
|-damage|p1b: Archaludon|0 fnt
|faint|p1b: Archaludon
|-damage|p2a: Houndstone|61/100|[from] item: Life Orb
|
|win|Trin2345
|inactive|ayeeetonyyy has 30 seconds to confirm battle start!
|inactive|Trin2345 has 30 seconds to confirm battle start!
|l|☆ayeeetonyyy
|player|p1|
|inactive|ayeeetonyyy has 20 seconds to confirm battle start!
|inactive|Trin2345 has 20 seconds to confirm battle start!
