|j|☆standardamerican
|j|☆jiiito44
|html|standardamericanjiiito44    
|uhtml|bestof|Game 1 of a best-of-3
|t:|1784738139
|gametype|doubles
|player|p1|standardamerican|266|1116
|player|p2|jiiito44|101|1251
|gen|9
|tier|[Gen 9 Champions] VGC 2026 Reg M-B (Bo3)
|rated|
|rule|Species Clause: Limit one of each Pokémon
|rule|Item Clause: Limit 1 of each item
|clearpoke
|poke|p1|Sinistcha, L50|
|poke|p1|Incineroar, L50, F|
|poke|p1|Milotic, L50, M|
|poke|p1|Raichu, L50, F|
|poke|p1|Gardevoir, L50, F|
|poke|p1|Ceruledge, L50, F|
|poke|p2|Incineroar, L50, M|
|poke|p2|Blastoise, L50, M|
|poke|p2|Maushold, L50|
|poke|p2|Sinistcha, L50|
|poke|p2|Sneasler, L50, F|
|poke|p2|Delphox, L50, M|
|teampreview|4
|showteam|p1|Sinistcha||KasibBerry|Hospitality|MatchaGotcha,Imprison,RagePowder,Protect|Relaxed|||||50|]Incineroar||SitrusBerry|Intimidate|FlareBlitz,DarkestLariat,FakeOut,PartingShot|Careful||F|||50|]Milotic||Leftovers|Competitive|MuddyWater,Coil,Hypnosis,Protect|Calm||M|||50|]Raichu||RaichuniteY|LightningRod|ZapCannon,FocusBlast,FakeOut,Protect|Timid||F|||50|]Gardevoir||Gardevoirite|Trace|HyperVoice,Psyshock,TrickRoom,Protect|Modest||F|||50|]Ceruledge||ColburBerry|FlashFire|BitterBlade,ShadowSneak,BulkUp,Protect|Adamant||F|||50|
|showteam|p2|Incineroar||SitrusBerry|Intimidate|FakeOut,FlareBlitz,ThroatChop,PartingShot|Impish||M|||50|]Blastoise||Blastoisinite|Torrent|Protect,ShellSmash,DarkPulse,WaterSpout|Modest||M|||50|]Maushold||ChopleBerry|FriendGuard|Protect,SuperFang,FollowMe,Feint|Impish|||||50|]Sinistcha||KasibBerry|Hospitality|Protect,RagePowder,LifeDew,MatchaGotcha|Bold|||||50|]Sneasler||FocusSash|PoisonTouch|FakeOut,QuickAttack,PoisonJab,CloseCombat|Jolly||F|||50|]Delphox||Delphoxite|Blaze|Protect,NastyPlot,Psyshock,HeatWave|Timid||M|||50|
|inactive|Battle timer is ON: inactive players will automatically lose when time's up. (requested by jiiito44)
|
|t:|1784738193
|teamsize|p1|4
|teamsize|p2|4
|start
|switch|p1a: Sinistcha|Sinistcha, L50|100/100
|switch|p1b: Milotic|Milotic, L50, M|100/100
|switch|p2a: Blastoise|Blastoise, L50, M|100/100
|switch|p2b: Maushold|Maushold, L50|100/100
|turn|1
|
|t:|1784738217
|detailschange|p2a: Blastoise|Blastoise-Mega, L50, M
|-mega|p2a: Blastoise|Blastoise|Blastoisinite
|move|p2b: Maushold|Super Fang|p1b: Milotic
|-damage|p1b: Milotic|50/100y
|move|p2a: Blastoise|Dark Pulse|p1a: Sinistcha
|-supereffective|p1a: Sinistcha|1
|-damage|p1a: Sinistcha|8/100
|move|p1b: Milotic|Coil|p1b: Milotic
|-boost|p1b: Milotic|atk|1
|-boost|p1b: Milotic|def|1
|-boost|p1b: Milotic|accuracy|1
|cant|p1a: Sinistcha|flinch
|
|-heal|p1b: Milotic|55/100|[from] item: Leftovers
|upkeep
|turn|2
|inactive|standardamerican has 30 seconds left.
|
|t:|1784738251
|move|p1a: Sinistcha|Rage Powder|p1a: Sinistcha
|-singleturn|p1a: Sinistcha|move: Rage Powder
|move|p2b: Maushold|Super Fang|p1a: Sinistcha
|-immune|p1a: Sinistcha
|move|p2a: Blastoise|Water Spout|p1b: Milotic|[spread] p1a,p1b
|-resisted|p1a: Sinistcha|1
|-resisted|p1b: Milotic|1
|-damage|p1a: Sinistcha|0 fnt
|-damage|p1b: Milotic|33/100
|faint|p1a: Sinistcha
|move|p1b: Milotic|Coil|p1b: Milotic
|-boost|p1b: Milotic|atk|1
|-boost|p1b: Milotic|def|1
|-boost|p1b: Milotic|accuracy|1
|
|-heal|p1b: Milotic|39/100|[from] item: Leftovers
|upkeep
|
|t:|1784738273
|switch|p1a: Gardevoir|Gardevoir, L50, F|100/100
|-ability|p1a: Gardevoir|Mega Launcher|Trace|[from] ability: Trace|[of] p2a: Blastoise
|turn|3
|
|t:|1784738298
|detailschange|p1a: Gardevoir|Gardevoir-Mega, L50, F
|-mega|p1a: Gardevoir|Gardevoir|Gardevoirite
|move|p1b: Milotic|Protect|p1b: Milotic
|-singleturn|p1b: Milotic|Protect
|move|p2b: Maushold|Feint|p1b: Milotic
|-activate|p1b: Milotic|move: Feint
|-damage|p1b: Milotic|36/100
|move|p2a: Blastoise|Dark Pulse|p1b: Milotic
|-damage|p1b: Milotic|2/100
|move|p1a: Gardevoir|Trick Room|p1a: Gardevoir
|-fieldstart|move: Trick Room|[of] p1a: Gardevoir
|
|-heal|p1b: Milotic|8/100|[from] item: Leftovers
|upkeep
|turn|4
|inactive|standardamerican has 30 seconds left.
|inactive|jiiito44 has 30 seconds left.
|
|t:|1784738332
|move|p2b: Maushold|Follow Me|p2b: Maushold
|-singleturn|p2b: Maushold|move: Follow Me
|move|p1b: Milotic|Muddy Water|p2b: Maushold|[spread] p2a,p2b
|-resisted|p2a: Blastoise|1
|-damage|p2a: Blastoise|90/100
|-damage|p2b: Maushold|74/100
|move|p1a: Gardevoir|Hyper Voice|p2b: Maushold|[spread] p2a,p2b
|-damage|p2a: Blastoise|45/100
|-damage|p2b: Maushold|16/100
|move|p2a: Blastoise|Water Spout|p1a: Gardevoir|[spread] p1a,p1b
|-resisted|p1b: Milotic|1
|-damage|p1a: Gardevoir|77/100
|-damage|p1b: Milotic|0 fnt
|faint|p1b: Milotic
|
|upkeep
|
|t:|1784738339
|switch|p1b: Incineroar|Incineroar, L50, F|100/100
|-ability|p1b: Incineroar|Intimidate|boost
|-unboost|p2a: Blastoise|atk|1
|-unboost|p2b: Maushold|atk|1
|turn|5
|
|t:|1784738357
|switch|p2b: Incineroar|Incineroar, L50, M|100/100
|-ability|p2b: Incineroar|Intimidate|boost
|-unboost|p1a: Gardevoir|atk|1
|-unboost|p1b: Incineroar|atk|1
|move|p2a: Blastoise|Protect|p2a: Blastoise
|-singleturn|p2a: Blastoise|Protect
|move|p1b: Incineroar|Fake Out|p2b: Incineroar
|-damage|p2b: Incineroar|94/100
|move|p1a: Gardevoir|Hyper Voice|p2b: Incineroar|[spread] p2b
|-activate|p2a: Blastoise|move: Protect
|-damage|p2b: Incineroar|41/100
|-enditem|p2b: Incineroar|Sitrus Berry|[eat]
|-heal|p2b: Incineroar|66/100|[from] item: Sitrus Berry
|
|upkeep
|turn|6
|
|t:|1784738381
|move|p2b: Incineroar|Fake Out|p1a: Gardevoir
|-damage|p1a: Gardevoir|62/100
|move|p1b: Incineroar|Parting Shot|p2a: Blastoise
|-unboost|p2a: Blastoise|atk|1
|-unboost|p2a: Blastoise|spa|1
|cant|p1a: Gardevoir|flinch
|move|p2a: Blastoise|Water Spout|p1b: Incineroar|[spread] p1a,p1b
|-supereffective|p1b: Incineroar|1
|-damage|p1a: Gardevoir|45/100
|-damage|p1b: Incineroar|67/100
|
|upkeep
|turn|7
|inactive|standardamerican has 30 seconds left.
|
|t:|1784738408
|move|p2a: Blastoise|Protect|p2a: Blastoise
|-singleturn|p2a: Blastoise|Protect
|move|p1b: Incineroar|Darkest Lariat|p2b: Incineroar
|-resisted|p2b: Incineroar|1
|-damage|p2b: Incineroar|57/100
|move|p2b: Incineroar|Parting Shot|p1a: Gardevoir
|-unboost|p1a: Gardevoir|atk|1
|-unboost|p1a: Gardevoir|spa|1
|
|t:|1784738416
|switch|p2b: Maushold|Maushold, L50|16/100|[from] Parting Shot
|move|p1a: Gardevoir|Hyper Voice|p2a: Blastoise|[spread] p2b
|-activate|p2a: Blastoise|move: Protect
|-damage|p2b: Maushold|0 fnt
|faint|p2b: Maushold
|
|-fieldend|move: Trick Room
|upkeep
|
|t:|1784738426
|switch|p2b: Sinistcha|Sinistcha, L50|100/100
|-heal|p2a: Blastoise|70/100|[from] ability: Hospitality|[of] p2b: Sinistcha
|turn|8
|
|t:|1784738446
|move|p1a: Gardevoir|Protect|p1a: Gardevoir
|-singleturn|p1a: Gardevoir|Protect
|move|p2b: Sinistcha|Rage Powder|p2b: Sinistcha
|-singleturn|p2b: Sinistcha|move: Rage Powder
|move|p2a: Blastoise|Dark Pulse|p1a: Gardevoir
|-activate|p1a: Gardevoir|move: Protect
|move|p1b: Incineroar|Darkest Lariat|p2b: Sinistcha
|-supereffective|p2b: Sinistcha|1
|-damage|p2b: Sinistcha|59/100
|
|upkeep
|turn|9
|
|t:|1784738465
|move|p2a: Blastoise|Dark Pulse|p1a: Gardevoir
|-damage|p1a: Gardevoir|21/100
|move|p1a: Gardevoir|Hyper Voice|p2a: Blastoise|[spread] p2a,p2b
|-damage|p2a: Blastoise|35/100
|-damage|p2b: Sinistcha|26/100
|move|p2b: Sinistcha|Life Dew|p2b: Sinistcha|[spread] p2a,p2b
|-heal|p2a: Blastoise|60/100
|-heal|p2b: Sinistcha|52/100
|move|p1b: Incineroar|Darkest Lariat|p2a: Blastoise
|-damage|p2a: Blastoise|37/100
|
|upkeep
|turn|10
|inactive|standardamerican has 30 seconds left.
|inactive|standardamerican has 20 seconds left.
|
|t:|1784738502
|move|p2a: Blastoise|Protect|p2a: Blastoise
|-singleturn|p2a: Blastoise|Protect
|move|p1a: Gardevoir|Protect|p1a: Gardevoir
|-singleturn|p1a: Gardevoir|Protect
|move|p2b: Sinistcha|Life Dew|p2b: Sinistcha|[spread] p2a,p2b
|-heal|p2a: Blastoise|62/100
|-heal|p2b: Sinistcha|77/100
|move|p1b: Incineroar|Flare Blitz|p2b: Sinistcha
|-supereffective|p2b: Sinistcha|1
|-damage|p2b: Sinistcha|20/100y
|-damage|p1b: Incineroar|50/100g|[from] Recoil
|
|upkeep
|turn|11
|
|t:|1784738521
|switch|p2b: Incineroar|Incineroar, L50, M|57/100
|-ability|p2b: Incineroar|Intimidate|boost
|-unboost|p1a: Gardevoir|atk|1
|-unboost|p1b: Incineroar|atk|1
|move|p2a: Blastoise|Water Spout|p1a: Gardevoir|[spread] p1a,p1b
|-crit|p1a: Gardevoir
|-supereffective|p1b: Incineroar|1
|-damage|p1a: Gardevoir|0 fnt
|-damage|p1b: Incineroar|4/100
|-enditem|p1b: Incineroar|Sitrus Berry|[eat]
|-heal|p1b: Incineroar|29/100|[from] item: Sitrus Berry
|faint|p1a: Gardevoir
|move|p1b: Incineroar|Parting Shot|p2a: Blastoise
|-unboost|p2a: Blastoise|atk|1
|-unboost|p2a: Blastoise|spa|1
|
|upkeep
|turn|12
|
|t:|1784738537
|move|p2b: Incineroar|Fake Out|p1b: Incineroar
|-damage|p1b: Incineroar|20/100y
|move|p2a: Blastoise|Shell Smash|p2a: Blastoise
|-unboost|p2a: Blastoise|def|1
|-unboost|p2a: Blastoise|spd|1
|-boost|p2a: Blastoise|atk|2
|-boost|p2a: Blastoise|spa|2
|-boost|p2a: Blastoise|spe|2
|cant|p1b: Incineroar|flinch
|
|upkeep
|turn|13
|
|t:|1784738545
|switch|p2b: Sinistcha|Sinistcha, L50|20/100y
|-heal|p2a: Blastoise|87/100|[from] ability: Hospitality|[of] p2b: Sinistcha
|move|p2a: Blastoise|Dark Pulse|p1b: Incineroar
|-resisted|p1b: Incineroar|1
|-damage|p1b: Incineroar|2/100
|cant|p1b: Incineroar|flinch
|
|upkeep
|turn|14
|
|t:|1784738557
|switch|p2b: Incineroar|Incineroar, L50, M|57/100
|-ability|p2b: Incineroar|Intimidate|boost
|-unboost|p1b: Incineroar|atk|1
|move|p2a: Blastoise|Water Spout|p1b: Incineroar
|-supereffective|p1b: Incineroar|1
|-damage|p1b: Incineroar|0 fnt
|faint|p1b: Incineroar
|
|win|jiiito44
