|j|☆yinobo
|j|☆new mental
|html|yinobonew mental    
|uhtml|bestof|Game 1 of a best-of-3
|t:|1784833065
|gametype|doubles
|player|p1|yinobo|lucas|1184
|player|p2|new mental|volkner|1195
|gen|9
|tier|[Gen 9 Champions] VGC 2026 Reg M-B (Bo3)
|rated|
|rule|Species Clause: Limit one of each Pokémon
|rule|Item Clause: Limit 1 of each item
|clearpoke
|poke|p1|Charizard, L50, F|
|poke|p1|Garchomp, L50, M|
|poke|p1|Incineroar, L50, M|
|poke|p1|Venusaur, L50, F|
|poke|p1|Toxapex, L50, M|
|poke|p1|Sylveon, L50, M|
|poke|p2|Charizard, L50, F|
|poke|p2|Garchomp, L50, F|
|poke|p2|Incineroar, L50, F|
|poke|p2|Venusaur, L50, M|
|poke|p2|Toxapex, L50, M|
|poke|p2|Sylveon, L50, F|
|teampreview|4
|showteam|p1|Charizard||CharizarditeY|SolarPower|WeatherBall,HeatWave,AncientPower,Protect|Modest||F|||50|]Garchomp||ChoiceScarf|RoughSkin|RockSlide,DragonClaw,Earthquake,StompingTantrum|Adamant||M|||50|]Incineroar||SitrusBerry|Intimidate|FlareBlitz,FakeOut,DarkestLariat,PartingShot|Impish||M|||50|]Venusaur||LifeOrb|Chlorophyll|SludgeBomb,LeafStorm,EarthPower,Protect|Modest||F|||50|]Toxapex||Leftovers|Regenerator|Infestation,Toxic,WideGuard,BanefulBunker|Bold||M|||50|]Sylveon||FairyFeather|Pixilate|HyperVoice,QuickAttack,Yawn,Detect|Modest||M|||50|
|showteam|p2|Charizard||CharizarditeY|SolarPower|WeatherBall,HeatWave,AncientPower,Protect|Modest||F|||50|]Garchomp||ChoiceScarf|RoughSkin|RockSlide,DragonClaw,Earthquake,StompingTantrum|Adamant||F|||50|]Incineroar||SitrusBerry|Intimidate|FlareBlitz,FakeOut,DarkestLariat,PartingShot|Impish||F|||50|]Venusaur||LifeOrb|Chlorophyll|SludgeBomb,LeafStorm,EarthPower,Protect|Modest||M|||50|]Toxapex||Leftovers|Regenerator|Infestation,Toxic,WideGuard,BanefulBunker|Bold||M|||50|]Sylveon||FairyFeather|Pixilate|HyperVoice,QuickAttack,Yawn,Detect|Modest||F|||50|
|inactive|Battle timer is ON: inactive players will automatically lose when time's up. (requested by yinobo)
|inactive|yinobo has 60 seconds left.
|inactive|new mental has 60 seconds left.
|inactive|yinobo has 30 seconds left.
|inactive|yinobo has 20 seconds left.
|inactive|yinobo has 15 seconds left.
|
|t:|1784833144
|teamsize|p1|4
|teamsize|p2|4
|start
|switch|p1a: Toxapex|Toxapex, L50, M|100/100
|switch|p1b: Garchomp|Garchomp, L50, M|100/100
|switch|p2a: Incineroar|Incineroar, L50, F|100/100
|switch|p2b: Toxapex|Toxapex, L50, M|100/100
|-ability|p2a: Incineroar|Intimidate|boost
|-unboost|p1a: Toxapex|atk|1
|-unboost|p1b: Garchomp|atk|1
|turn|1
|inactive|yinobo has 30 seconds left.
|
|t:|1784833178
|move|p2a: Incineroar|Fake Out|p1b: Garchomp
|-damage|p1b: Garchomp|90/100
|-damage|p2a: Incineroar|87/100|[from] ability: Rough Skin|[of] p1b: Garchomp
|cant|p1b: Garchomp|flinch
|move|p1a: Toxapex|Toxic|p2a: Incineroar
|-status|p2a: Incineroar|tox
|move|p2b: Toxapex|Toxic|p1b: Garchomp
|-status|p1b: Garchomp|tox
|
|-damage|p1b: Garchomp|84/100 tox|[from] psn
|-damage|p2a: Incineroar|81/100 tox|[from] psn
|upkeep
|turn|2
|inactive|yinobo has 30 seconds left.
|inactive|yinobo has 20 seconds left.
|inactive|yinobo has 15 seconds left.
|
|t:|1784833218
|move|p1b: Garchomp|Stomping Tantrum|p2b: Toxapex
|-supereffective|p2b: Toxapex|1
|-damage|p2b: Toxapex|23/100
|move|p2a: Incineroar|Parting Shot|p1b: Garchomp
|-unboost|p1b: Garchomp|atk|1
|-unboost|p1b: Garchomp|spa|1
|
|t:|1784833222
|switch|p2a: Sylveon|Sylveon, L50, F|100/100|[from] Parting Shot
|move|p2b: Toxapex|Infestation|p1b: Garchomp
|-damage|p1b: Garchomp|80/100 tox
|-activate|p1b: Garchomp|move: Infestation|[of] p2b: Toxapex
|-damage|p2b: Toxapex|11/100|[from] ability: Rough Skin|[of] p1b: Garchomp
|move|p1a: Toxapex|Infestation|p2a: Sylveon
|-resisted|p2a: Sylveon|1
|-damage|p2a: Sylveon|98/100
|-activate|p2a: Sylveon|move: Infestation|[of] p1a: Toxapex
|
|-heal|p2b: Toxapex|17/100|[from] item: Leftovers
|-damage|p1b: Garchomp|68/100 tox|[from] psn
|-damage|p1b: Garchomp|56/100 tox|[from] move: Infestation|[partiallytrapped]
|-damage|p2a: Sylveon|86/100|[from] move: Infestation|[partiallytrapped]
|upkeep
|turn|3
|
|t:|1784833241
|move|p2b: Toxapex|Baneful Bunker|p2b: Toxapex
|-singleturn|p2b: Toxapex|move: Protect
|move|p1a: Toxapex|Wide Guard|p1a: Toxapex
|-singleturn|p1a: Toxapex|Wide Guard
|move|p1b: Garchomp|Stomping Tantrum|p2a: Sylveon
|-damage|p2a: Sylveon|67/100
|move|p2a: Sylveon|Yawn|p1a: Toxapex
|-start|p1a: Toxapex|move: Yawn|[of] p2a: Sylveon
|
|-heal|p2b: Toxapex|22/100|[from] item: Leftovers
|-damage|p1b: Garchomp|38/100 tox|[from] psn
|-damage|p1b: Garchomp|26/100 tox|[from] move: Infestation|[partiallytrapped]
|-damage|p2a: Sylveon|55/100|[from] move: Infestation|[partiallytrapped]
|upkeep
|turn|4
|inactive|yinobo has 30 seconds left.
|inactive|new mental has 30 seconds left.
|
|t:|1784833271
|-heal|p2b: Toxapex|56/100|[from] ability: Regenerator|[silent]
|switch|p2b: Incineroar|Incineroar, L50, F|81/100 tox
|-ability|p2b: Incineroar|Intimidate|boost
|-unboost|p1a: Toxapex|atk|1
|-unboost|p1b: Garchomp|atk|1
|move|p2a: Sylveon|Detect|p2a: Sylveon
|-singleturn|p2a: Sylveon|Protect
|move|p1a: Toxapex|Wide Guard|p1a: Toxapex
|-singleturn|p1a: Toxapex|Wide Guard
|move|p1b: Garchomp|Stomping Tantrum|p2b: Incineroar
|-supereffective|p2b: Incineroar|1
|-damage|p2b: Incineroar|57/100 tox
|
|-damage|p1b: Garchomp|2/100 tox|[from] psn
|-damage|p2b: Incineroar|51/100 tox|[from] psn
|-end|p1b: Garchomp|Infestation|[partiallytrapped]|[silent]
|-damage|p2a: Sylveon|43/100|[from] move: Infestation|[partiallytrapped]
|-end|p1a: Toxapex|move: Yawn|[silent]
|-status|p1a: Toxapex|slp
|upkeep
|turn|5
|inactive|yinobo has 30 seconds left.
|
|t:|1784833300
|switch|p1b: Charizard|Charizard, L50, F|100/100
|move|p2a: Sylveon|Quick Attack|p1b: Charizard
|-resisted|p1b: Charizard|1
|-damage|p1b: Charizard|94/100
|move|p2b: Incineroar|Parting Shot|p1a: Toxapex
|-unboost|p1a: Toxapex|atk|1
|-unboost|p1a: Toxapex|spa|1
|
|t:|1784833307
|switch|p2b: Toxapex|Toxapex, L50, M|56/100|[from] Parting Shot
|cant|p1a: Toxapex|slp
|
|-heal|p2b: Toxapex|61/100|[from] item: Leftovers
|-damage|p2a: Sylveon|31/100|[from] move: Infestation|[partiallytrapped]
|upkeep
|turn|6
|
|t:|1784833329
|detailschange|p1b: Charizard|Charizard-Mega-Y, L50, F
|-mega|p1b: Charizard|Charizard|Charizardite Y
|-weather|SunnyDay|[from] ability: Drought|[of] p1b: Charizard
|move|p2a: Sylveon|Detect|p2a: Sylveon
|-singleturn|p2a: Sylveon|Protect
|move|p1b: Charizard|Ancient Power|p2b: Toxapex
|-damage|p2b: Toxapex|45/100
|move|p2b: Toxapex|Infestation|p1a: Toxapex
|-resisted|p1a: Toxapex|1
|-damage|p1a: Toxapex|98/100 slp
|-activate|p1a: Toxapex|move: Infestation|[of] p2b: Toxapex
|cant|p1a: Toxapex|slp
|
|-weather|SunnyDay|[upkeep]
|-heal|p2b: Toxapex|50/100g|[from] item: Leftovers
|-heal|p1a: Toxapex|100/100 slp|[from] item: Leftovers
|-damage|p2a: Sylveon|19/100|[from] move: Infestation|[partiallytrapped]
|-damage|p1a: Toxapex|87/100 slp|[from] move: Infestation|[partiallytrapped]
|upkeep
|turn|7
|inactive|yinobo has 30 seconds left.
|
|t:|1784833362
|move|p1b: Charizard|Ancient Power|p2a: Sylveon
|-damage|p2a: Sylveon|3/100
|move|p2a: Sylveon|Hyper Voice|p1b: Charizard|[spread] p1a,p1b
|-resisted|p1a: Toxapex|1
|-resisted|p1b: Charizard|1
|-damage|p1a: Toxapex|72/100 slp
|-damage|p1b: Charizard|77/100
|-curestatus|p1a: Toxapex|slp|[msg]
|move|p1a: Toxapex|Infestation|p2b: Toxapex
|-resisted|p2b: Toxapex|1
|-damage|p2b: Toxapex|50/100g
|-activate|p2b: Toxapex|move: Infestation|[of] p1a: Toxapex
|move|p2b: Toxapex|Infestation|p1b: Charizard
|-resisted|p1b: Charizard|2
|-damage|p1b: Charizard|76/100
|-activate|p1b: Charizard|move: Infestation|[of] p2b: Toxapex
|
|-weather|SunnyDay|[upkeep]
|-heal|p2b: Toxapex|56/100|[from] item: Leftovers
|-heal|p1a: Toxapex|78/100|[from] item: Leftovers
|-damage|p1b: Charizard|64/100|[from] move: Infestation|[partiallytrapped]
|-end|p2a: Sylveon|Infestation|[partiallytrapped]
|-damage|p1a: Toxapex|66/100|[from] move: Infestation|[partiallytrapped]
|-damage|p2b: Toxapex|43/100|[from] move: Infestation|[partiallytrapped]
|upkeep
|turn|8
|inactive|yinobo has 30 seconds left.
|
|t:|1784833389
|switch|p2a: Incineroar|Incineroar, L50, F|51/100 tox
|-ability|p2a: Incineroar|Intimidate|boost
|-unboost|p1a: Toxapex|atk|1
|-unboost|p1b: Charizard|atk|1
|move|p1b: Charizard|Weather Ball|p2a: Incineroar
|-resisted|p2a: Incineroar|1
|-damage|p2a: Incineroar|17/100 tox
|-enditem|p2a: Incineroar|Sitrus Berry|[eat]
|-heal|p2a: Incineroar|42/100 tox|[from] item: Sitrus Berry
|move|p2b: Toxapex|Toxic|p1b: Charizard
|-status|p1b: Charizard|tox
|move|p1a: Toxapex|Toxic|p2a: Incineroar
|-fail|p2a: Incineroar|tox
|
|-weather|SunnyDay|[upkeep]
|-heal|p2b: Toxapex|49/100|[from] item: Leftovers
|-heal|p1a: Toxapex|71/100|[from] item: Leftovers
|-damage|p1b: Charizard|58/100 tox|[from] psn
|-damage|p2a: Incineroar|36/100 tox|[from] psn
|-damage|p1b: Charizard|45/100 tox|[from] move: Infestation|[partiallytrapped]
|-damage|p1a: Toxapex|59/100|[from] move: Infestation|[partiallytrapped]
|-damage|p2b: Toxapex|37/100|[from] move: Infestation|[partiallytrapped]
|upkeep
|turn|9
|inactive|yinobo has 30 seconds left.
|inactive|new mental has 30 seconds left.
|
|t:|1784833421
|move|p1b: Charizard|Protect|p1b: Charizard
|-singleturn|p1b: Charizard|Protect
|move|p2a: Incineroar|Fake Out|p1b: Charizard
|-activate|p1b: Charizard|move: Protect
|move|p2b: Toxapex|Infestation|p1b: Charizard
|-activate|p1b: Charizard|move: Protect
|move|p1a: Toxapex|Infestation|p2a: Incineroar
|-damage|p2a: Incineroar|34/100 tox
|-activate|p2a: Incineroar|move: Infestation|[of] p1a: Toxapex
|
|-weather|SunnyDay|[upkeep]
|-heal|p2b: Toxapex|43/100|[from] item: Leftovers
|-heal|p1a: Toxapex|65/100|[from] item: Leftovers
|-damage|p1b: Charizard|34/100 tox|[from] psn
|-damage|p2a: Incineroar|22/100 tox|[from] psn
|-damage|p1b: Charizard|21/100 tox|[from] move: Infestation|[partiallytrapped]
|-damage|p2a: Incineroar|10/100 tox|[from] move: Infestation|[partiallytrapped]
|-damage|p1a: Toxapex|53/100|[from] move: Infestation|[partiallytrapped]
|-damage|p2b: Toxapex|31/100|[from] move: Infestation|[partiallytrapped]
|upkeep
|turn|10
|inactive|yinobo has 30 seconds left.
|
|t:|1784833455
|move|p2b: Toxapex|Baneful Bunker|p2b: Toxapex
|-singleturn|p2b: Toxapex|move: Protect
|move|p1b: Charizard|Ancient Power|p2a: Incineroar
|-supereffective|p2a: Incineroar|1
|-damage|p2a: Incineroar|0 fnt
|faint|p2a: Incineroar
|move|p1a: Toxapex|Infestation|p2b: Toxapex
|-activate|p2b: Toxapex|move: Protect
|
|-weather|none
|-heal|p1a: Toxapex|59/100|[from] item: Leftovers
|-heal|p2b: Toxapex|36/100|[from] item: Leftovers
|-damage|p1b: Charizard|3/100 tox|[from] psn
|-damage|p1b: Charizard|0 fnt|[from] move: Infestation|[partiallytrapped]
|faint|p1b: Charizard
|-damage|p1a: Toxapex|47/100|[from] move: Infestation|[partiallytrapped]
|-damage|p2b: Toxapex|24/100|[from] move: Infestation|[partiallytrapped]
|upkeep
|
|t:|1784833474
|switch|p1b: Incineroar|Incineroar, L50, M|100/100
|switch|p2a: Charizard|Charizard, L50, F|100/100
|-ability|p1b: Incineroar|Intimidate|boost
|-unboost|p2a: Charizard|atk|1
|-unboost|p2b: Toxapex|atk|1
|turn|11
|inactive|yinobo has 30 seconds left.
|inactive|new mental has 30 seconds left.
|
|t:|1784833504
|detailschange|p2a: Charizard|Charizard-Mega-Y, L50, F
|-mega|p2a: Charizard|Charizard|Charizardite Y
|-weather|SunnyDay|[from] ability: Drought|[of] p2a: Charizard
|move|p2a: Charizard|Ancient Power|p1a: Toxapex
|-damage|p1a: Toxapex|29/100
|move|p1b: Incineroar|Darkest Lariat|p2b: Toxapex
|-damage|p2b: Toxapex|1/100
|move|p1a: Toxapex|Toxic|p2a: Charizard
|-status|p2a: Charizard|tox
|move|p2b: Toxapex|Toxic|p1b: Incineroar
|-status|p1b: Incineroar|tox
|
|-weather|SunnyDay|[upkeep]
|-heal|p2b: Toxapex|7/100|[from] item: Leftovers
|-heal|p1a: Toxapex|35/100|[from] item: Leftovers
|-damage|p2a: Charizard|94/100 tox|[from] psn
|-damage|p1b: Incineroar|94/100 tox|[from] psn
|-end|p1a: Toxapex|Infestation|[partiallytrapped]
|-end|p2b: Toxapex|Infestation|[partiallytrapped]
|upkeep
|turn|12
|inactive|yinobo has 30 seconds left.
|inactive|yinobo has 20 seconds left.
|
|t:|1784833539
|-heal|p2b: Toxapex|40/100|[from] ability: Regenerator|[silent]
|switch|p2b: Sylveon|Sylveon, L50, F|3/100
|move|p2a: Charizard|Ancient Power|p1b: Incineroar
|-supereffective|p1b: Incineroar|1
|-damage|p1b: Incineroar|53/100 tox
|move|p1b: Incineroar|Darkest Lariat|p2b: Sylveon
|-resisted|p2b: Sylveon|1
|-damage|p2b: Sylveon|0 fnt
|faint|p2b: Sylveon
|move|p1a: Toxapex|Infestation|p2a: Charizard
|-resisted|p2a: Charizard|2
|-damage|p2a: Charizard|93/100 tox
|-activate|p2a: Charizard|move: Infestation|[of] p1a: Toxapex
|
|-weather|SunnyDay|[upkeep]
|-heal|p1a: Toxapex|41/100|[from] item: Leftovers
|-damage|p2a: Charizard|81/100 tox|[from] psn
|-damage|p1b: Incineroar|41/100 tox|[from] psn
|-damage|p2a: Charizard|69/100 tox|[from] move: Infestation|[partiallytrapped]
|upkeep
|-enditem|p1b: Incineroar|Sitrus Berry|[eat]
|-heal|p1b: Incineroar|66/100 tox|[from] item: Sitrus Berry
|
|t:|1784833543
|switch|p2b: Toxapex|Toxapex, L50, M|40/100
|turn|13
|inactive|yinobo has 30 seconds left.
|
|t:|1784833569
|-heal|p1a: Toxapex|74/100|[from] ability: Regenerator|[silent]
|switch|p1a: Garchomp|Garchomp, L50, M|2/100 tox
|move|p2a: Charizard|Ancient Power|p1a: Garchomp
|-resisted|p1a: Garchomp|1
|-damage|p1a: Garchomp|0 fnt
|faint|p1a: Garchomp
|move|p1b: Incineroar|Parting Shot|p2a: Charizard
|-unboost|p2a: Charizard|atk|1
|-unboost|p2a: Charizard|spa|1
|
|t:|1784833580
|switch|p1b: Toxapex|Toxapex, L50, M|74/100|[from] Parting Shot
|move|p2b: Toxapex|Infestation|p1b: Toxapex
|-resisted|p1b: Toxapex|1
|-damage|p1b: Toxapex|73/100
|-activate|p1b: Toxapex|move: Infestation|[of] p2b: Toxapex
|
|-weather|SunnyDay|[upkeep]
|-heal|p2b: Toxapex|45/100|[from] item: Leftovers
|-heal|p1b: Toxapex|78/100|[from] item: Leftovers
|-damage|p2a: Charizard|51/100 tox|[from] psn
|-end|p2a: Charizard|Infestation|[partiallytrapped]|[silent]
|-damage|p1b: Toxapex|66/100|[from] move: Infestation|[partiallytrapped]
|upkeep
|inactive|yinobo has 30 seconds left.
|
|t:|1784833592
|switch|p1a: Incineroar|Incineroar, L50, M|66/100 tox
|-ability|p1a: Incineroar|Intimidate|boost
|-unboost|p2a: Charizard|atk|1
|-unboost|p2b: Toxapex|atk|1
|turn|14
|inactive|yinobo has 25 seconds left this turn.
|inactive|yinobo has 20 seconds left.
|
|t:|1784833601
|move|p2a: Charizard|Protect|p2a: Charizard
|-singleturn|p2a: Charizard|Protect
|move|p1a: Incineroar|Fake Out|p2a: Charizard
|-activate|p2a: Charizard|move: Protect
|move|p1b: Toxapex|Infestation|p2b: Toxapex
|-resisted|p2b: Toxapex|1
|-damage|p2b: Toxapex|44/100
|-activate|p2b: Toxapex|move: Infestation|[of] p1b: Toxapex
|move|p2b: Toxapex|Infestation|p1a: Incineroar
|-damage|p1a: Incineroar|63/100 tox
|-activate|p1a: Incineroar|move: Infestation|[of] p2b: Toxapex
|
|-weather|SunnyDay|[upkeep]
|-heal|p1b: Toxapex|72/100|[from] item: Leftovers
|-heal|p2b: Toxapex|50/100g|[from] item: Leftovers
|-damage|p2a: Charizard|27/100 tox|[from] psn
|-damage|p1a: Incineroar|57/100 tox|[from] psn
|-damage|p1a: Incineroar|45/100 tox|[from] move: Infestation|[partiallytrapped]
|-damage|p2b: Toxapex|38/100|[from] move: Infestation|[partiallytrapped]
|-damage|p1b: Toxapex|60/100|[from] move: Infestation|[partiallytrapped]
|upkeep
|turn|15
|inactive|yinobo has 20 seconds left this turn.
|inactive|yinobo has 15 seconds left.
|inactive|yinobo has 10 seconds left.
|inactive|yinobo has 5 seconds left.
|-message|yinobo lost due to inactivity.
|
|win|new mental
