|j|☆noah100800
|j|☆Seteresu
|html|noah100800Seteresu    
|uhtml|bestof|Game 2 of a best-of-3
|t:|1783784916
|gametype|doubles
|player|p1|noah100800|266|1042
|player|p2|Seteresu|hugh|1050
|gen|9
|tier|[Gen 9 Champions] VGC 2026 Reg M-B (Bo3)
|rated|
|rule|Species Clause: Limit one of each Pokémon
|rule|Item Clause: Limit 1 of each item
|clearpoke
|poke|p1|Delphox, L50, M|
|poke|p1|Blastoise, L50, F|
|poke|p1|Sneasler, L50, F|
|poke|p1|Incineroar, L50, M|
|poke|p1|Sinistcha, L50|
|poke|p1|Maushold-Four, L50|
|poke|p2|Aerodactyl, L50, F|
|poke|p2|Mawile, L50, M|
|poke|p2|Garchomp, L50, M|
|poke|p2|Orthworm, L50, F|
|poke|p2|Vivillon, L50, F|
|poke|p2|Oranguru, L50, M|
|teampreview|4
|showteam|p1|Delphox||Delphoxite|Blaze|Protect,NastyPlot,HeatWave,Psyshock|Modest||M|||50|]Blastoise||Blastoisinite|RainDish|Protect,ShellSmash,WaterSpout,DarkPulse|Modest||F|||50|]Sneasler||WhiteHerb|Unburden|CloseCombat,GunkShot,FakeOut,RainDance|Jolly||F|||50|]Incineroar||SitrusBerry|Intimidate|FlareBlitz,FakeOut,ThroatChop,PartingShot|Impish||M|||50|]Sinistcha||KasibBerry|Hospitality|Protect,MatchaGotcha,RagePowder,LifeDew|Bold|||||50|]Maushold-Four||FocusSash|FriendGuard|Protect,FollowMe,SuperFang,Feint|Jolly|||||50|
|showteam|p2|Aerodactyl||Aerodactylite|Unnerve|Tailwind,WideGuard,RockSlide,Crunch|Jolly||F|||50|]Mawile||Mawilite|Intimidate|IronHead,PlayRough,SuckerPunch,Protect|Adamant||M|||50|]Garchomp||LifeOrb|RoughSkin|Earthquake,Protect,RockSlide|Careful||M|||50|]Orthworm||Leftovers|EarthEater|IronHead,ShedTail,BodyPress,HelpingHand|Impish||F|||50|]Vivillon||ChoiceScarf|FriendGuard|RagePowder,SleepPowder,Safeguard,PollenPuff|Timid||F|||50|]Oranguru||MentalHerb|Telepathy|Gravity,Instruct,Imprison,TrickRoom|Serious||M|||50|
|
|t:|1783784937
|teamsize|p1|4
|teamsize|p2|4
|start
|switch|p1a: Delphox|Delphox, L50, M|100/100
|switch|p1b: Incineroar|Incineroar, L50, M|100/100
|switch|p2a: Vivillon|Vivillon, L50, F|100/100
|switch|p2b: Orthworm|Orthworm, L50, F|100/100
|-ability|p1b: Incineroar|Intimidate|boost
|-unboost|p2a: Vivillon|atk|1
|-unboost|p2b: Orthworm|atk|1
|turn|1
|
|t:|1783784976
|switch|p2b: Aerodactyl|Aerodactyl, L50, F|100/100
|-ability|p2b: Aerodactyl|Unnerve
|detailschange|p1a: Delphox|Delphox-Mega, L50, M
|-mega|p1a: Delphox|Delphox|Delphoxite
|move|p1b: Incineroar|Fake Out|p2a: Vivillon
|-damage|p2a: Vivillon|80/100
|cant|p2a: Vivillon|flinch
|move|p1a: Delphox|Heat Wave|p2a: Vivillon|[spread] p2a,p2b
|-supereffective|p2a: Vivillon|1
|-resisted|p2b: Aerodactyl|1
|-damage|p2a: Vivillon|0 fnt
|-damage|p2b: Aerodactyl|76/100
|faint|p2a: Vivillon
|
|upkeep
|
|t:|1783784990
|switch|p2a: Orthworm|Orthworm, L50, F|100/100
|turn|2
|
|t:|1783785002
|switch|p1b: Maushold|Maushold-Four, L50|100/100
|detailschange|p2b: Aerodactyl|Aerodactyl-Mega, L50, F
|-mega|p2b: Aerodactyl|Aerodactyl|Aerodactylite
|move|p1a: Delphox|Protect|p1a: Delphox
|-singleturn|p1a: Delphox|Protect
|move|p2b: Aerodactyl|Rock Slide|p1a: Delphox|[spread] p1b
|-activate|p1a: Delphox|move: Protect
|-damage|p1b: Maushold|59/100
|move|p2a: Orthworm|Shed Tail|p2a: Orthworm
|-start|p2a: Orthworm|Substitute|[from] move: Shed Tail
|-damage|p2a: Orthworm|49/100
|
|t:|1783785015
|switch|p2a: Mawile|Mawile, L50, M|100/100|[from] Shed Tail
|-ability|p2a: Mawile|Intimidate|boost
|-unboost|p1a: Delphox|atk|1
|-unboost|p1b: Maushold|atk|1
|
|upkeep
|turn|3
|
|t:|1783785048
|switch|p1a: Sinistcha|Sinistcha, L50|100/100
|-heal|p1b: Maushold|84/100|[from] ability: Hospitality|[of] p1a: Sinistcha
|move|p2a: Mawile|Sucker Punch||[still]
|-fail|p2a: Mawile
|move|p2b: Aerodactyl|Rock Slide|p1b: Maushold|[spread] p1a,p1b
|-damage|p1a: Sinistcha|82/100
|-damage|p1b: Maushold|45/100
|move|p1b: Maushold|Super Fang|p2a: Mawile
|-end|p2a: Mawile|Substitute
|
|upkeep
|turn|4
|
|t:|1783785073
|switch|p1b: Incineroar|Incineroar, L50, M|100/100
|-ability|p1b: Incineroar|Intimidate|boost
|-unboost|p2a: Mawile|atk|1
|-unboost|p2b: Aerodactyl|atk|1
|move|p2b: Aerodactyl|Crunch|p1a: Sinistcha
|-supereffective|p1a: Sinistcha|1
|-damage|p1a: Sinistcha|47/100
|move|p1a: Sinistcha|Matcha Gotcha|p2a: Mawile|[spread] p2a,p2b
|-resisted|p2a: Mawile|1
|-damage|p2a: Mawile|78/100
|-heal|p1a: Sinistcha|57/100|[from] drain|[of] p2a: Mawile
|-damage|p2b: Aerodactyl|45/100
|-heal|p1a: Sinistcha|71/100|[from] drain|[of] p2b: Aerodactyl
|-status|p2a: Mawile|brn
|move|p2a: Mawile|Iron Head|p1b: Incineroar
|-resisted|p1b: Incineroar|1
|-damage|p1b: Incineroar|96/100
|
|-damage|p2a: Mawile|73/100 brn|[from] brn
|upkeep
|turn|5
|c|☆Seteresu|ggs
|-message|Seteresu forfeited.
|raw|noah100800's rating: 1042 → 1076(+34 for winning)
|raw|Seteresu's rating: 1050 → 1032(-18 for losing)
|
|win|noah100800
|l|☆Seteresu
|player|p2|
|c|☆noah100800|ggs
|l|☆noah100800
|player|p1|
|j|☆noah100800
|player|p1|noah100800|266|
