|j|☆bassacucina777
|j|☆Doomtap
|html|bassacucina777Doomtap    
|uhtml|bestof|Game 1 of a best-of-3
|t:|1756823800
|gametype|doubles
|player|p1|bassacucina777|170|1160
|player|p2|Doomtap|parasollady-gen4|1065
|gen|9
|tier|[Gen 9] VGC 2025 Reg H (Bo3)
|rated|
|rule|Species Clause: Limit one of each Pokémon
|rule|Item Clause: Limit 1 of each item
|clearpoke
|poke|p1|Dondozo, L50, F|
|poke|p1|Tatsugiri, L50, M|
|poke|p1|Sneasler, L50, M|
|poke|p1|Volcarona, L50, F|
|poke|p1|Glimmora, L50, F|
|poke|p1|Rillaboom, L50, F|
|poke|p2|Annihilape, L50, F|
|poke|p2|Archaludon, L50, F|
|poke|p2|Whimsicott, L50, F|
|poke|p2|Pelipper, L50, F|
|poke|p2|Indeedee, L50, M|
|poke|p2|Sneasler, L50, F|
|teampreview|4
|showteam|p1|Dondozo||CovertCloak|Unaware|WaveCrash,Earthquake,OrderUp,Protect|||F|||50|,,,,,Grass]Tatsugiri||FocusSash|Commander|MuddyWater,DracoMeteor,DragonPulse,IcyWind|||M|||50|,,,,,Stellar]Sneasler||GrassySeed|Unburden|CloseCombat,DireClaw,ThroatChop,Protect|||M|||50|,,,,,Dark]Volcarona||SafetyGoggles|FlameBody|RagePowder,Tailwind,Overheat,StruggleBug|||F|||50|,,,,,Fairy]Glimmora||PowerHerb|ToxicDebris|MeteorBeam,EarthPower,SludgeBomb,MortalSpin|||F|||50|,,,,,Grass]Rillaboom||AssaultVest|GrassySurge|FakeOut,WoodHammer,HighHorsepower,GrassyGlide|||F|||50|,,,,,Fire
|showteam|p2|Annihilape||ChoiceScarf|Defiant|FinalGambit,RageFist,Uturn,CloseCombat|||F|||50|,,,,,Grass]Archaludon||AssaultVest|Stamina|BodyPress,FlashCannon,ElectroShot,DracoMeteor|||F|||50|,,,,,Water]Whimsicott||CovertCloak|Prankster|Moonblast,BeatUp,Tailwind,Taunt|||F|||50|,,,,,Ghost]Pelipper||SafetyGoggles|Drizzle|WeatherBall,Hurricane,Tailwind,Protect|||F|||50|,,,,,Ground]Indeedee||FocusSash|PsychicSurge|Imprison,TrickRoom,Protect,ExpandingForce|||M|||50|,,,,,Fairy]Sneasler||PsychicSeed|Unburden|DireClaw,ThroatChop,CloseCombat,Protect|||F|||50|,,,,,Dark
|
|t:|1756823849
|teamsize|p1|4
|teamsize|p2|4
|start
|switch|p1a: Volcarona|Volcarona, L50, F|100/100
|switch|p1b: Glimmora|Glimmora, L50, F|100/100
|switch|p2a: Annihilape|Annihilape, L50, F|100/100
|switch|p2b: Whimsicott|Whimsicott, L50, F|100/100
|turn|1
|
|t:|1756823886
|switch|p2b: Pelipper|Pelipper, L50, F|100/100
|-weather|RainDance|[from] ability: Drizzle|[of] p2b: Pelipper
|move|p2a: Annihilape|Final Gambit|p1a: Volcarona
|-damage|p1a: Volcarona|0 fnt
|faint|p2a: Annihilape
|faint|p1a: Volcarona
|move|p1b: Glimmora|Mortal Spin|p2b: Pelipper
|-damage|p2b: Pelipper|93/100
|-status|p2b: Pelipper|psn
|
|-weather|RainDance|[upkeep]
|-damage|p2b: Pelipper|81/100 psn|[from] psn
|upkeep
|
|t:|1756823898
|switch|p2a: Archaludon|Archaludon, L50, F, shiny|100/100
|switch|p1a: Patty|Dondozo, L50, F|100/100
|turn|2
|
|t:|1756823939
|-terastallize|p2a: Archaludon|Water
|move|p1a: Patty|Protect|p1a: Patty
|-singleturn|p1a: Patty|Protect
|move|p1b: Glimmora|Meteor Beam||[still]
|-prepare|p1b: Glimmora|Meteor Beam
|-boost|p1b: Glimmora|spa|1
|-enditem|p1b: Glimmora|Power Herb
|-anim|p1b: Glimmora|Meteor Beam|p2b: Pelipper
|-supereffective|p2b: Pelipper
|-damage|p2b: Pelipper|0 fnt
|faint|p2b: Pelipper
|move|p2a: Archaludon|Electro Shot||[still]
|-prepare|p2a: Archaludon|Electro Shot
|-boost|p2a: Archaludon|spa|1
|-anim|p2a: Archaludon|Electro Shot|p1b: Glimmora
|-damage|p1b: Glimmora|20/100
|
|-weather|RainDance|[upkeep]
|upkeep
|
|t:|1756823954
|switch|p2b: Whimsicott|Whimsicott, L50, F|100/100
|turn|3
|
|t:|1756823988
|switch|p1b: Silvano|Tatsugiri, L50, M|100/100
|-activate|p1b: Silvano|ability: Commander|[of] p1a: Patty
|-boost|p1a: Patty|atk|2
|-boost|p1a: Patty|spa|2
|-boost|p1a: Patty|spe|2
|-boost|p1a: Patty|def|2
|-boost|p1a: Patty|spd|2
|-terastallize|p1a: Patty|Grass
|move|p1a: Patty|Wave Crash|p2b: Whimsicott
|-resisted|p2b: Whimsicott
|-damage|p2b: Whimsicott|0 fnt
|faint|p2b: Whimsicott
|-damage|p1a: Patty|81/100|[from] Recoil
|move|p2a: Archaludon|Electro Shot||[still]
|-prepare|p2a: Archaludon|Electro Shot
|-boost|p2a: Archaludon|spa|1
|-anim|p2a: Archaludon|Electro Shot|p1a: Patty
|-resisted|p1a: Patty
|-damage|p1a: Patty|70/100
|
|-weather|RainDance|[upkeep]
|upkeep
|turn|4
|
|t:|1756824016
|move|p1a: Patty|Order Up|p2a: Archaludon
|-damage|p2a: Archaludon|69/100
|-ability|p2a: Archaludon|Stamina|boost
|-boost|p2a: Archaludon|def|1
|-boost|p1a: Patty|atk|1
|move|p2a: Archaludon|Flash Cannon|p1a: Patty
|-damage|p1a: Patty|49/100
|
|-weather|RainDance|[upkeep]
|upkeep
|turn|5
|
|t:|1756824036
|move|p1a: Patty|Wave Crash|p2a: Archaludon
|-resisted|p2a: Archaludon
|-damage|p2a: Archaludon|0 fnt
|faint|p2a: Archaludon
|-damage|p1a: Patty|29/100|[from] Recoil
|
|win|bassacucina777
