|j|☆pantalonesHat
|j|☆higigig
|html|pantalonesHathigigig    
|uhtml|bestof|Game 1 of a best-of-3
|t:|1757041840
|gametype|doubles
|player|p1|pantalonesHat|swimmer-gen4dp|1053
|player|p2|higigig|sisandbro|1093
|gen|9
|tier|[Gen 9] VGC 2025 Reg H (Bo3)
|rated|
|rule|Species Clause: Limit one of each Pokémon
|rule|Item Clause: Limit 1 of each item
|clearpoke
|poke|p1|Archaludon, L50, F|
|poke|p1|Gholdengo, L50|
|poke|p1|Incineroar, L50, F|
|poke|p1|Overqwil, L50, F|
|poke|p1|Pelipper, L50, M|
|poke|p1|Amoonguss, L50, M|
|poke|p2|Sneasler, L50, M|
|poke|p2|Gholdengo, L50|
|poke|p2|Amoonguss, L50, F|
|poke|p2|Incineroar, L50, M|
|poke|p2|Ursaluna-Bloodmoon, L50, M|
|poke|p2|Dragonite, L50, F|
|teampreview|4
|showteam|p1|Archaludon||AssaultVest|Stamina|BodyPress,DragonPulse,ElectroShot,FlashCannon|||F|||50|,,,,,Steel]Gholdengo||LifeOrb|GoodasGold|MakeItRain,ShadowBall,NastyPlot,Protect||||||50|,,,,,Water]Incineroar||SafetyGoggles|Intimidate|KnockOff,Taunt,PartingShot,FakeOut|||F|||50|,,,,,Fire]Overqwil||ClearAmulet|SwiftSwim|GunkShot,SwordsDance,AquaTail,Protect|||F|||50|,,,,,Water]Pelipper||CovertCloak|Drizzle|WeatherBall,Hurricane,Protect,Tailwind|||M|||50|,,,,,Ground]Amoonguss||MentalHerb|Regenerator|Spore,RagePowder,Protect,ClearSmog|||M|||50|,,,,,Water
|showteam|p2|Sneasler||ClearAmulet|PoisonTouch|FakeOut,CloseCombat,DireClaw,Protect|||M|||50|,,,,,Water]Gholdengo||MetalCoat|GoodasGold|NastyPlot,MakeItRain,ShadowBall,Protect||||||50|,,,,,Water]Amoonguss||SitrusBerry|Regenerator|Spore,RagePowder,PollenPuff,Protect|||F|||50|,,,,,Water]Incineroar||SafetyGoggles|Intimidate|FakeOut,FlareBlitz,KnockOff,PartingShot|||M|||50|,,,,,Ghost]Ursaluna-Bloodmoon||LifeOrb|MindsEye|CalmMind,EarthPower,BloodMoon,Protect|||M|||50|,,,,,Poison]Dragonite||LoadedDice|Multiscale|ScaleShot,Haze,Tailwind,Protect|||F|||50|,,,,,Fairy
|inactive|Battle timer is ON: inactive players will automatically lose when time's up. (requested by higigig)
|inactive|pantalonesHat has 60 seconds left.
|inactive|higigig has 60 seconds left.
|
|t:|1757041891
|teamsize|p1|4
|teamsize|p2|4
|start
|switch|p1a: Pelipper|Pelipper, L50, M|100/100
|switch|p1b: Overqwil|Overqwil, L50, F, shiny|100/100
|switch|p2a: Dragonite|Dragonite, L50, F|100/100
|switch|p2b: Ursaluna|Ursaluna-Bloodmoon, L50, M|100/100
|-weather|RainDance|[from] ability: Drizzle|[of] p1a: Pelipper
|turn|1
|inactive|higigig has 30 seconds left.
|inactive|higigig has 20 seconds left.
|inactive|higigig has 15 seconds left.
|inactive|higigig has 10 seconds left.
|
|t:|1757041937
|-terastallize|p2b: Ursaluna|Poison
|move|p1b: Overqwil|Swords Dance|p1b: Overqwil
|-boost|p1b: Overqwil|atk|2
|move|p2a: Dragonite|Scale Shot|p1a: Pelipper
|-damage|p1a: Pelipper|80/100
|-damage|p1a: Pelipper|60/100
|-damage|p1a: Pelipper|40/100
|-damage|p1a: Pelipper|19/100
|-hitcount|p1a: Pelipper|4
|-unboost|p2a: Dragonite|def|1
|-boost|p2a: Dragonite|spe|1
|move|p1a: Pelipper|Tailwind|p1a: Pelipper
|-sidestart|p1: pantalonesHat|move: Tailwind
|move|p2b: Ursaluna|Earth Power|p1b: Overqwil
|-supereffective|p1b: Overqwil
|-damage|p1b: Overqwil|0 fnt
|faint|p1b: Overqwil
|-damage|p2b: Ursaluna|91/100|[from] item: Life Orb
|
|-weather|RainDance|[upkeep]
|upkeep
|
|t:|1757041959
|switch|p1b: Gholdengo|Gholdengo, L50, shiny|100/100
|turn|2
|inactive|pantalonesHat has 30 seconds left.
|inactive|higigig has 30 seconds left.
|inactive|higigig has 20 seconds left.
|inactive|higigig has 15 seconds left.
|inactive|higigig has 10 seconds left.
|
|t:|1757042006
|move|p2b: Ursaluna|Protect|p2b: Ursaluna
|-singleturn|p2b: Ursaluna|Protect
|move|p1b: Gholdengo|Make It Rain|p2a: Dragonite|[spread] p2a
|-activate|p2b: Ursaluna|move: Protect
|-damage|p2a: Dragonite|72/100
|-unboost|p1b: Gholdengo|spa|1
|-damage|p1b: Gholdengo|91/100|[from] item: Life Orb
|move|p1a: Pelipper|Weather Ball|p2b: Ursaluna
|-activate|p2b: Ursaluna|move: Protect
|move|p2a: Dragonite|Tailwind|p2a: Dragonite
|-sidestart|p2: higigig|move: Tailwind
|
|-weather|RainDance|[upkeep]
|upkeep
|turn|3
|inactive|pantalonesHat has 30 seconds left.
|inactive|higigig has 30 seconds left.
|inactive|pantalonesHat has 20 seconds left.
|inactive|higigig has 20 seconds left.
|inactive|pantalonesHat has 15 seconds left.
|
|t:|1757042051
|switch|p1a: Incineroar|Incineroar, L50, F|100/100
|-ability|p1a: Incineroar|Intimidate|boost
|-unboost|p2a: Dragonite|atk|1
|-unboost|p2b: Ursaluna|atk|1
|move|p1b: Gholdengo|Protect|p1b: Gholdengo
|-singleturn|p1b: Gholdengo|Protect
|move|p2a: Dragonite|Scale Shot|p1a: Incineroar|[miss]
|-miss|p2a: Dragonite|p1a: Incineroar
|move|p2b: Ursaluna|Calm Mind|p2b: Ursaluna
|-boost|p2b: Ursaluna|spa|1
|-boost|p2b: Ursaluna|spd|1
|
|-weather|RainDance|[upkeep]
|upkeep
|turn|4
|j| redshoes7
|inactive|higigig has 30 seconds left.
|inactive|higigig has 20 seconds left.
|inactive|higigig has 15 seconds left.
|
|t:|1757042091
|move|p1a: Incineroar|Fake Out|p2b: Ursaluna
|-damage|p2b: Ursaluna|82/100
|move|p2a: Dragonite|Scale Shot|p1b: Gholdengo
|-resisted|p1b: Gholdengo
|-damage|p1b: Gholdengo|84/100
|-resisted|p1b: Gholdengo
|-damage|p1b: Gholdengo|78/100
|-resisted|p1b: Gholdengo
|-damage|p1b: Gholdengo|73/100
|-resisted|p1b: Gholdengo
|-damage|p1b: Gholdengo|67/100
|-resisted|p1b: Gholdengo
|-damage|p1b: Gholdengo|62/100
|-hitcount|p1b: Gholdengo|5
|-unboost|p2a: Dragonite|def|1
|-boost|p2a: Dragonite|spe|1
|move|p1b: Gholdengo|Nasty Plot|p1b: Gholdengo
|-boost|p1b: Gholdengo|spa|2
|cant|p2b: Ursaluna|flinch
|
|-weather|RainDance|[upkeep]
|-sideend|p1: pantalonesHat|move: Tailwind
|upkeep
|turn|5
|inactive|pantalonesHat has 30 seconds left.
|inactive|higigig has 30 seconds left.
|inactive|higigig has 20 seconds left.
|
|t:|1757042129
|move|p2a: Dragonite|Protect|p2a: Dragonite
|-singleturn|p2a: Dragonite|Protect
|move|p2b: Ursaluna|Protect|p2b: Ursaluna
|-singleturn|p2b: Ursaluna|Protect
|move|p1b: Gholdengo|Protect|p1b: Gholdengo
|-singleturn|p1b: Gholdengo|Protect
|move|p1a: Incineroar|Knock Off|p2a: Dragonite
|-activate|p2a: Dragonite|move: Protect
|
|-weather|none
|-sideend|p2: higigig|move: Tailwind
|upkeep
|turn|6
|
|t:|1757042147
|move|p2a: Dragonite|Tailwind|p2a: Dragonite
|-sidestart|p2: higigig|move: Tailwind
|move|p2b: Ursaluna|Earth Power|p1b: Gholdengo
|-supereffective|p1b: Gholdengo
|-damage|p1b: Gholdengo|0 fnt
|faint|p1b: Gholdengo
|-damage|p2b: Ursaluna|72/100|[from] item: Life Orb
|move|p1a: Incineroar|Knock Off|p2b: Ursaluna
|-damage|p2b: Ursaluna|44/100
|-enditem|p2b: Ursaluna|Life Orb|[from] move: Knock Off|[of] p1a: Incineroar
|
|upkeep
|
|t:|1757042157
|switch|p1b: Pelipper|Pelipper, L50, M|19/100
|-weather|RainDance|[from] ability: Drizzle|[of] p1b: Pelipper
|turn|7
|
|t:|1757042175
|move|p1b: Pelipper|Protect|p1b: Pelipper
|-singleturn|p1b: Pelipper|Protect
|move|p2a: Dragonite|Scale Shot|p1b: Pelipper
|-activate|p1b: Pelipper|move: Protect
|move|p2b: Ursaluna|Earth Power|p1a: Incineroar
|-supereffective|p1a: Incineroar
|-damage|p1a: Incineroar|0 fnt
|faint|p1a: Incineroar
|
|-weather|RainDance|[upkeep]
|upkeep
|turn|8
|l| redshoes7
|
|t:|1757042187
|move|p1b: Pelipper|Protect|p1b: Pelipper
|-singleturn|p1b: Pelipper|Protect
|move|p2a: Dragonite|Scale Shot|p1b: Pelipper
|-activate|p1b: Pelipper|move: Protect
|move|p2b: Ursaluna|Blood Moon|p1b: Pelipper
|-activate|p1b: Pelipper|move: Protect
|
|-weather|RainDance|[upkeep]
|upkeep
|turn|9
|
|t:|1757042196
|move|p2b: Ursaluna|Protect|p2b: Ursaluna
|-singleturn|p2b: Ursaluna|Protect
|move|p1b: Pelipper|Protect|p1b: Pelipper
|-singleturn|p1b: Pelipper|Protect
|move|p2a: Dragonite|Scale Shot|p1b: Pelipper
|-activate|p1b: Pelipper|move: Protect
|
|-weather|RainDance|[upkeep]
|-sideend|p2: higigig|move: Tailwind
|upkeep
|turn|10
|c|☆higigig|lol
|c|☆higigig|never saw that before
|
|t:|1757042209
|move|p2a: Dragonite|Tailwind|p2a: Dragonite
|-sidestart|p2: higigig|move: Tailwind
|move|p2b: Ursaluna|Blood Moon|p1b: Pelipper
|-damage|p1b: Pelipper|0 fnt
|faint|p1b: Pelipper
|
|win|higigig
