|j|☆direclawexperience
|j|☆mysteriousmothman
|html|direclawexperiencemysteriousmothman    
|uhtml|bestof|Game 2 of a best-of-3
|t:|1754322385
|gametype|doubles
|player|p1|direclawexperience|benga|1234
|player|p2|mysteriousmothman|skier|1161
|gen|9
|tier|[Gen 9] VGC 2025 Reg H (Bo3)
|rated|
|rule|Species Clause: Limit one of each Pokémon
|rule|Item Clause: Limit 1 of each item
|clearpoke
|poke|p1|Incineroar, L50, M|
|poke|p1|Palafin, L50, F|
|poke|p1|Gholdengo, L50|
|poke|p1|Rillaboom, L50, F|
|poke|p1|Porygon2, L50|
|poke|p1|Kingambit, L50, F|
|poke|p2|Porygon2, L50|
|poke|p2|Hydreigon, L50, M|
|poke|p2|Incineroar, L50, M|
|poke|p2|Garchomp, L50, F|
|poke|p2|Amoonguss, L50, M|
|poke|p2|Gholdengo, L50|
|teampreview|4
|showteam|p1|Incineroar||MirrorHerb|Intimidate|KnockOff,FlareBlitz,PartingShot,FakeOut|||M|||50|,,,,,Ghost]Palafin||ChoiceBand|ZerotoHero|WaveCrash,JetPunch,FlipTurn,CloseCombat|||F|||50|,,,,,Grass]Gholdengo||GrassySeed|GoodasGold|MakeItRain,ShadowBall,NastyPlot,Protect||||||50|,,,,,Water]Rillaboom||AssaultVest|GrassySurge|DrumBeating,GrassyGlide,HighHorsepower,FakeOut|||F|||50|,,,,,Fire]Porygon2||Eviolite|Download|TeraBlast,IceBeam,Recover,TrickRoom||||||50|,,,,,Ground]Kingambit||BlackGlasses|Defiant|KowtowCleave,SuckerPunch,SwordsDance,Protect|||F|||50|,,,,,Dark
|showteam|p2|Porygon2||Eviolite|Download|TeraBlast,IceBeam,TrickRoom,Recover||||||50|,,,,,Fighting]Hydreigon||SafetyGoggles|Levitate|Snarl,DracoMeteor,Tailwind,Protect|||M|||50|,,,,,Ghost]Incineroar||SitrusBerry|Intimidate|FlareBlitz,KnockOff,PartingShot,FakeOut|||M|||50|,,,,,Grass]Garchomp||LoadedDice|RoughSkin|ScaleShot,Earthquake,StompingTantrum,Protect|||F|||50|,,,,,Fire]Amoonguss||CovertCloak|Regenerator|PollenPuff,Spore,RagePowder,Protect|||M|||50|,,,,,Fire]Gholdengo||MetalCoat|GoodasGold|MakeItRain,ShadowBall,NastyPlot,Protect||||||50|,,,,,Flying
|inactive|Battle timer is ON: inactive players will automatically lose when time's up. (requested by direclawexperience)
|
|t:|1754322411
|teamsize|p1|4
|teamsize|p2|4
|start
|switch|p1a: Palafin|Palafin, L50, F|100/100
|switch|p1b: Incineroar|Incineroar, L50, M|100/100
|switch|p2a: Porygon2|Porygon2, L50, shiny|100/100
|switch|p2b: Gholdengo|Gholdengo, L50, shiny|100/100
|-ability|p1b: Incineroar|Intimidate|boost
|-unboost|p2a: Porygon2|atk|1
|-unboost|p2b: Gholdengo|atk|1
|-ability|p2a: Porygon2|Download|boost
|-boost|p2a: Porygon2|spa|1
|-enditem|p1b: Incineroar|Mirror Herb
|-boost|p1b: Incineroar|spa|1|[from] item: Mirror Herb
|turn|1
|inactive|mysteriousmothman has 30 seconds left.
|
|t:|1754322445
|switch|p2b: Incineroar|Incineroar, L50, M, shiny|100/100
|-ability|p2b: Incineroar|Intimidate|boost
|-unboost|p1a: Palafin|atk|1
|-unboost|p1b: Incineroar|atk|1
|move|p1a: Palafin|Flip Turn|p2a: Porygon2
|-damage|p2a: Porygon2|84/100
|
|t:|1754322452
|detailschange|p1a: Palafin|Palafin-Hero, L50, F
|switch|p1a: Porygon2|Porygon2, L50|100/100|[from] Flip Turn
|-ability|p1a: Porygon2|Download|boost
|-boost|p1a: Porygon2|atk|1
|move|p1b: Incineroar|Flare Blitz|p2b: Incineroar
|-resisted|p2b: Incineroar
|-damage|p2b: Incineroar|82/100
|-damage|p1b: Incineroar|95/100|[from] Recoil
|move|p2a: Porygon2|Trick Room|p2a: Porygon2
|-fieldstart|move: Trick Room|[of] p2a: Porygon2
|
|upkeep
|turn|2
|inactive|direclawexperience has 30 seconds left.
|inactive|mysteriousmothman has 30 seconds left.
|
|t:|1754322478
|-terastallize|p2a: Porygon2|Fighting
|move|p1a: Porygon2|Tera Blast|p2b: Incineroar
|-crit|p2b: Incineroar
|-damage|p2b: Incineroar|29/100
|-enditem|p2b: Incineroar|Sitrus Berry|[eat]
|-heal|p2b: Incineroar|54/100|[from] item: Sitrus Berry
|move|p2a: Porygon2|Tera Blast|p1a: Porygon2|[anim] Tera Blast Fighting
|-supereffective|p1a: Porygon2
|-damage|p1a: Porygon2|34/100
|move|p1b: Incineroar|Parting Shot|p2a: Porygon2
|-unboost|p2a: Porygon2|atk|1
|-unboost|p2a: Porygon2|spa|1
|
|t:|1754322498
|switch|p1b: Gholdengo|Gholdengo, L50|100/100|[from] Parting Shot
|move|p2b: Incineroar|Parting Shot|p1b: Gholdengo
|-immune|p1b: Gholdengo|[from] ability: Good as Gold
|
|upkeep
|turn|3
|inactive|direclawexperience has 30 seconds left.
|
|t:|1754322524
|switch|p2a: Gholdengo|Gholdengo, L50, shiny|100/100
|switch|p1b: Incineroar|Incineroar, L50, M|95/100
|-ability|p1b: Incineroar|Intimidate|boost
|-unboost|p2a: Gholdengo|atk|1
|-unboost|p2b: Incineroar|atk|1
|move|p1a: Porygon2|Recover|p1a: Porygon2
|-heal|p1a: Porygon2|84/100
|move|p2b: Incineroar|Knock Off|p1b: Incineroar
|-resisted|p1b: Incineroar
|-damage|p1b: Incineroar|85/100
|
|upkeep
|turn|4
|inactive|direclawexperience has 30 seconds left.
|
|t:|1754322551
|move|p2a: Gholdengo|Protect|p2a: Gholdengo
|-singleturn|p2a: Gholdengo|Protect
|move|p1a: Porygon2|Tera Blast|p2b: Incineroar
|-damage|p2b: Incineroar|16/100
|move|p1b: Incineroar|Knock Off|p2b: Incineroar
|-resisted|p2b: Incineroar
|-damage|p2b: Incineroar|2/100
|move|p2b: Incineroar|Parting Shot|p1b: Incineroar
|-unboost|p1b: Incineroar|atk|1
|-unboost|p1b: Incineroar|spa|1
|
|t:|1754322565
|switch|p2b: Amoonguss|Amoonguss, L50, M, shiny|100/100|[from] Parting Shot
|
|upkeep
|turn|5
|inactive|direclawexperience has 30 seconds left.
|inactive|direclawexperience has 20 seconds left.
|
|t:|1754322604
|switch|p1a: Gholdengo|Gholdengo, L50|100/100
|move|p2b: Amoonguss|Spore|p1b: Incineroar
|-status|p1b: Incineroar|slp|[from] move: Spore
|cant|p1b: Incineroar|slp
|move|p2a: Gholdengo|Nasty Plot|p2a: Gholdengo
|-boost|p2a: Gholdengo|spa|2
|
|-fieldend|move: Trick Room
|upkeep
|turn|6
|inactive|mysteriousmothman has 30 seconds left.
|
|t:|1754322634
|move|p2b: Amoonguss|Rage Powder|p2b: Amoonguss
|-singleturn|p2b: Amoonguss|move: Rage Powder
|move|p2a: Gholdengo|Shadow Ball|p1a: Gholdengo
|-supereffective|p1a: Gholdengo
|-damage|p1a: Gholdengo|0 fnt
|faint|p1a: Gholdengo
|-curestatus|p1b: Incineroar|slp|[msg]
|move|p1b: Incineroar|Parting Shot|p2b: Amoonguss
|-unboost|p2b: Amoonguss|atk|1
|-unboost|p2b: Amoonguss|spa|1
|
|t:|1754322646
|switch|p1b: Palafin|Palafin-Hero, L50, F|100/100|[from] Parting Shot
|-activate|p1b: Palafin|ability: Zero to Hero
|
|upkeep
|
|t:|1754322656
|switch|p1a: Incineroar|Incineroar, L50, M|85/100
|-ability|p1a: Incineroar|Intimidate|boost
|-unboost|p2a: Gholdengo|atk|1
|-unboost|p2b: Amoonguss|atk|1
|turn|7
|
|t:|1754322672
|switch|p2b: Incineroar|Incineroar, L50, M, shiny|2/100
|-ability|p2b: Incineroar|Intimidate|boost
|-unboost|p1a: Incineroar|atk|1
|-unboost|p1b: Palafin|atk|1
|-terastallize|p1b: Palafin|Grass
|move|p2a: Gholdengo|Protect|p2a: Gholdengo
|-singleturn|p2a: Gholdengo|Protect
|move|p1b: Palafin|Wave Crash|p2a: Gholdengo
|-activate|p2a: Gholdengo|move: Protect
|move|p1a: Incineroar|Flare Blitz|p2b: Incineroar
|-resisted|p2b: Incineroar
|-damage|p2b: Incineroar|0 fnt
|faint|p2b: Incineroar
|-damage|p1a: Incineroar|85/100|[from] Recoil
|
|upkeep
|
|t:|1754322686
|switch|p2b: Amoonguss|Amoonguss, L50, M, shiny|100/100
|turn|8
|
|t:|1754322703
|switch|p1b: Porygon2|Porygon2, L50|84/100
|-ability|p1b: Porygon2|Download|boost
|-boost|p1b: Porygon2|atk|1
|move|p2b: Amoonguss|Rage Powder|p2b: Amoonguss
|-singleturn|p2b: Amoonguss|move: Rage Powder
|move|p2a: Gholdengo|Make It Rain|p1b: Porygon2|[spread] p1a,p1b
|-resisted|p1a: Incineroar
|-crit|p1b: Porygon2
|-damage|p1a: Incineroar|31/100
|-damage|p1b: Porygon2|0 fnt
|-unboost|p2a: Gholdengo|spa|1
|faint|p1b: Porygon2
|move|p1a: Incineroar|Parting Shot|p2b: Amoonguss
|-unboost|p2b: Amoonguss|atk|1
|-unboost|p2b: Amoonguss|spa|1
|
|t:|1754322711
|switch|p1a: Palafin|Palafin-Hero, L50, F, tera:Grass|100/100|[from] Parting Shot
|
|upkeep
|
|t:|1754322713
|switch|p1b: Incineroar|Incineroar, L50, M|31/100
|-ability|p1b: Incineroar|Intimidate|boost
|-unboost|p2a: Gholdengo|atk|1
|-unboost|p2b: Amoonguss|atk|1
|turn|9
|inactive|mysteriousmothman has 30 seconds left.
|
|t:|1754322744
|move|p1a: Palafin|Wave Crash|p2a: Gholdengo
|-damage|p2a: Gholdengo|0 fnt
|faint|p2a: Gholdengo
|-damage|p1a: Palafin|70/100|[from] Recoil
|move|p1b: Incineroar|Flare Blitz|p2b: Amoonguss
|-supereffective|p2b: Amoonguss
|-damage|p2b: Amoonguss|0 fnt
|faint|p2b: Amoonguss
|-damage|p1b: Incineroar|0 fnt|[from] Recoil
|faint|p1b: Incineroar
|
|upkeep
|
|t:|1754322756
|switch|p2a: Porygon2|Porygon2, L50, shiny, tera:Fighting|84/100
|-ability|p2a: Porygon2|Download|boost
|-boost|p2a: Porygon2|spa|1
|turn|10
|
|t:|1754322761
|move|p1a: Palafin|Wave Crash|p2a: Porygon2
|-damage|p2a: Porygon2|9/100
|-damage|p1a: Palafin|47/100|[from] Recoil
|move|p2a: Porygon2|Ice Beam|p1a: Palafin
|-supereffective|p1a: Palafin
|-damage|p1a: Palafin|0 fnt
|faint|p1a: Palafin
|
|win|mysteriousmothman
|raw|direclawexperience's rating: 1234 → 1204(-30 for losing)
|raw|mysteriousmothman's rating: 1161 → 1191(+30 for winning)
|c|☆mysteriousmothman|ggs
|l|☆direclawexperience
|player|p1|
