|j|☆Lewdeon
|j|☆ironpiggie229
|html|Lewdeonironpiggie229    
|uhtml|bestof|Game 2 of a best-of-3
|t:|1784341577
|gametype|doubles
|player|p1|Lewdeon|102|
|player|p2|ironpiggie229|2|
|gen|9
|tier|[Gen 9 Champions] VGC 2026 Reg M-B (Bo3)
|rule|Species Clause: Limit one of each Pokémon
|rule|Item Clause: Limit 1 of each item
|clearpoke
|poke|p1|Politoed, L50, M|
|poke|p1|Incineroar, L50, M|
|poke|p1|Snorlax, L50, M|
|poke|p1|Hawlucha, L50, F|
|poke|p1|Gengar, L50, F|
|poke|p1|Maushold-Four, L50|
|poke|p2|Typhlosion-Hisui, L50, F|
|poke|p2|Ninetales-Alola, L50, M|
|poke|p2|Lopunny, L50, M|
|poke|p2|Dragapult, L50, F|
|poke|p2|Lycanroc-Dusk, L50, M|
|poke|p2|Grimmsnarl, L50, M|
|teampreview|4
|showteam|p1|Politoed||SitrusBerry|Drizzle|Protect,MuddyWater,PerishSong,Encore|Calm||M|||50|]Incineroar||PasshoBerry|Intimidate|FakeOut,PartingShot,Protect,ThroatChop|Sassy||M|||50|]Snorlax||Leftovers|ThickFat|Protect,BodyPress,Stockpile,Fissure|Relaxed||M|||50|]Hawlucha||Hawluchanite|Limber|Detect,Entrainment,CloseCombat,BraveBird|Jolly||F|||50|]Gengar||Gengarite|CursedBody|Protect,ShadowBall,Disable,PerishSong|Timid||F|||50|]Maushold-Four||MentalHerb|FriendGuard|PopulationBomb,Taunt,FollowMe,Protect|Jolly|||||50|
|showteam|p2|Typhlosion-Hisui||Metronome|Frisk|Eruption,InfernalParade,CalmMind,Extrasensory|Timid||F|||50|]Ninetales-Alola||LightClay|SnowWarning|AuroraVeil,Moonblast,Blizzard,Protect|Timid||M|||50|]Lopunny||Lopunnite|CuteCharm|FakeOut,TripleAxel,ThunderPunch,CloseCombat|Jolly||M|||50|]Dragapult||FocusSash|Infiltrator|Thunderbolt,ShadowBall,Flamethrower,DracoMeteor|Timid||F|||50|]Lycanroc-Dusk||ExpertBelt|ToughClaws|Accelerock,ThunderFang,PsychicFangs,CloseCombat|Jolly||M|||50|]Grimmsnarl||Leftovers|Prankster|Taunt,SpiritBreak,Protect,FakeOut|Careful||M|||50|
|
|t:|1784341615
|teamsize|p1|4
|teamsize|p2|4
|start
|switch|p1a: Incineroar|Incineroar, L50, M|100/100
|switch|p1b: Snorlax|Snorlax, L50, M|100/100
|switch|p2a: Ninetales|Ninetales-Alola, L50, M|100/100
|switch|p2b: Lopunny|Lopunny, L50, M|100/100
|-weather|Snowscape|[from] ability: Snow Warning|[of] p2a: Ninetales
|-ability|p1a: Incineroar|Intimidate|boost
|-unboost|p2a: Ninetales|atk|1
|-unboost|p2b: Lopunny|atk|1
|turn|1
|
|t:|1784341640
|detailschange|p2b: Lopunny|Lopunny-Mega, L50, M
|-mega|p2b: Lopunny|Lopunny|Lopunnite
|move|p2a: Ninetales|Protect|p2a: Ninetales
|-singleturn|p2a: Ninetales|Protect
|move|p1b: Snorlax|Protect|p1b: Snorlax
|-singleturn|p1b: Snorlax|Protect
|move|p1a: Incineroar|Fake Out|p2a: Ninetales
|-activate|p2a: Ninetales|move: Protect
|move|p2b: Lopunny|Close Combat|p1a: Incineroar
|-supereffective|p1a: Incineroar|1
|-damage|p1a: Incineroar|24/100
|-unboost|p2b: Lopunny|def|1
|-unboost|p2b: Lopunny|spd|1
|
|-weather|Snowscape|[upkeep]
|upkeep
|turn|2
|
|t:|1784341666
|switch|p2b: Dragapult|Dragapult, L50, F|100/100
|move|p2a: Ninetales|Aurora Veil|p2a: Ninetales
|-sidestart|p2: ironpiggie229|move: Aurora Veil
|move|p1a: Incineroar|Parting Shot|p2a: Ninetales
|-unboost|p2a: Ninetales|atk|1
|-unboost|p2a: Ninetales|spa|1
|
|t:|1784341672
|switch|p1a: Hawlucha|Hawlucha, L50, F|100/100|[from] Parting Shot
|move|p1b: Snorlax|Stockpile|p1b: Snorlax
|-start|p1b: Snorlax|stockpile1
|-boost|p1b: Snorlax|def|1
|-boost|p1b: Snorlax|spd|1
|
|-weather|Snowscape|[upkeep]
|upkeep
|turn|3
|
|t:|1784341759
|detailschange|p1a: Hawlucha|Hawlucha-Mega, L50, F
|-mega|p1a: Hawlucha|Hawlucha|Hawluchanite
|move|p2b: Dragapult|Thunderbolt|p1a: Hawlucha
|-supereffective|p1a: Hawlucha|1
|-damage|p1a: Hawlucha|50/100g
|move|p1a: Hawlucha|Entrainment|p1b: Snorlax
|-ability|p1b: Snorlax|No Guard|Thick Fat|[from] move: Entrainment|[of] p1a: Hawlucha
|move|p2a: Ninetales|Blizzard|p1b: Snorlax|[spread] p1a,p1b
|-supereffective|p1a: Hawlucha|1
|-damage|p1a: Hawlucha|4/100
|-damage|p1b: Snorlax|91/100
|move|p1b: Snorlax|Fissure|p2a: Ninetales
|-damage|p2a: Ninetales|0 fnt
|faint|p2a: Ninetales
|-ohko
|
|-weather|Snowscape|[upkeep]
|-heal|p1b: Snorlax|97/100|[from] item: Leftovers
|upkeep
|
|t:|1784341781
|switch|p2a: Lopunny|Lopunny-Mega, L50, M|100/100
|turn|4
|
|t:|1784341807
|move|p1a: Hawlucha|Detect|p1a: Hawlucha
|-singleturn|p1a: Hawlucha|Protect
|move|p1b: Snorlax|Protect|p1b: Snorlax
|-singleturn|p1b: Snorlax|Protect
|move|p2a: Lopunny|Fake Out|p1b: Snorlax
|-activate|p1b: Snorlax|move: Protect
|move|p2b: Dragapult|Thunderbolt|p1a: Hawlucha
|-activate|p1a: Hawlucha|move: Protect
|
|-weather|Snowscape|[upkeep]
|-heal|p1b: Snorlax|100/100|[from] item: Leftovers
|upkeep
|turn|5
|
|t:|1784341834
|move|p2b: Dragapult|Thunderbolt|p1a: Hawlucha
|-supereffective|p1a: Hawlucha|1
|-damage|p1a: Hawlucha|0 fnt
|faint|p1a: Hawlucha
|move|p2a: Lopunny|Thunder Punch|p1b: Snorlax
|-damage|p1b: Snorlax|88/100
|move|p1b: Snorlax|Fissure|p2a: Lopunny
|-damage|p2a: Lopunny|0 fnt
|faint|p2a: Lopunny
|-ohko
|
|-weather|none
|-heal|p1b: Snorlax|94/100|[from] item: Leftovers
|upkeep
|
|t:|1784341849
|switch|p2a: Typhlosion|Typhlosion-Hisui, L50, F|100/100
|switch|p1a: Incineroar|Incineroar, L50, M|24/100
|-item|p1a: Incineroar|Passho Berry|[from] ability: Frisk|[of] p2a: Typhlosion
|-item|p1b: Snorlax|Leftovers|[from] ability: Frisk|[of] p2a: Typhlosion
|-ability|p1a: Incineroar|Intimidate|boost
|-unboost|p2a: Typhlosion|atk|1
|-unboost|p2b: Dragapult|atk|1
|turn|6
|
|t:|1784341882
|move|p1a: Incineroar|Fake Out|p2a: Typhlosion
|-immune|p2a: Typhlosion
|move|p2b: Dragapult|Thunderbolt|p1a: Incineroar
|-damage|p1a: Incineroar|4/100
|move|p2a: Typhlosion|Eruption|p1b: Snorlax|[spread] p1a,p1b
|-resisted|p1a: Incineroar|1
|-damage|p1a: Incineroar|0 fnt
|-damage|p1b: Snorlax|73/100
|faint|p1a: Incineroar
|move|p1b: Snorlax|Fissure|p2a: Typhlosion
|-damage|p2a: Typhlosion|0 fnt
|faint|p2a: Typhlosion
|-ohko
|
|-heal|p1b: Snorlax|79/100|[from] item: Leftovers
|upkeep
|
|t:|1784341896
|switch|p1a: Maushold|Maushold-Four, L50|100/100
|turn|7
|
|t:|1784341910
|move|p1a: Maushold|Protect|p1a: Maushold
|-singleturn|p1a: Maushold|Protect
|move|p1b: Snorlax|Protect|p1b: Snorlax
|-singleturn|p1b: Snorlax|Protect
|move|p2b: Dragapult|Flamethrower|p1b: Snorlax
|-activate|p1b: Snorlax|move: Protect
|
|-heal|p1b: Snorlax|85/100|[from] item: Leftovers
|upkeep
|turn|8
|
|t:|1784341922
|move|p1a: Maushold|Follow Me|p1a: Maushold
|-singleturn|p1a: Maushold|move: Follow Me
|move|p2b: Dragapult|Flamethrower|p1a: Maushold
|-damage|p1a: Maushold|68/100
|move|p1b: Snorlax|Fissure|p2b: Dragapult
|-enditem|p2b: Dragapult|Focus Sash
|-damage|p2b: Dragapult|1/100
|
|-heal|p1b: Snorlax|91/100|[from] item: Leftovers
|upkeep
|turn|9
|
|t:|1784341935
|move|p1a: Maushold|Follow Me|p1a: Maushold
|-singleturn|p1a: Maushold|move: Follow Me
|move|p2b: Dragapult|Flamethrower|p1a: Maushold
|-damage|p1a: Maushold|33/100
|move|p1b: Snorlax|Fissure|p2b: Dragapult
|-damage|p2b: Dragapult|0 fnt
|faint|p2b: Dragapult
|-ohko
|
|win|Lewdeon
