|j|â˜†Welosethose!
|j|â˜†Sr. Sotomonte
|html|Welosethose!Sr. Sotomonte    
|uhtml|bestof|Game 3 of a best-of-3
|t:|1756600596
|gametype|doubles
|player|p1|Welosethose!|hilbert|
|player|p2|Sr. Sotomonte|hiker-gen4|
|gen|9
|tier|[Gen 9] VGC 2025 Reg H (Bo3)
|rule|Species Clause: Limit one of each PokÃ©mon
|rule|Item Clause: Limit 1 of each item
|clearpoke
|poke|p1|Politoed, L50, M|
|poke|p1|Gothitelle, L50, F|
|poke|p1|Kingdra, L50, F|
|poke|p1|Archaludon, L50, M|
|poke|p1|Amoonguss, L50, F|
|poke|p1|Incineroar, L50, F|
|poke|p2|Politoed, L50, M|
|poke|p2|Archaludon, L50, F|
|poke|p2|Kingdra, L50, M|
|poke|p2|Incineroar, L50, F|
|poke|p2|Amoonguss, L50, M|
|poke|p2|Gothitelle, L50, F|
|teampreview|4
|showteam|p1|Politoed||Leftovers|Drizzle|WeatherBall,Encore,PerishSong,Protect|||M|||50|,,,,,Grass]Gothitelle||SitrusBerry|ShadowTag|FakeOut,Psychic,TrickRoom,Protect|||F|||50|,,,,,Dark]Kingdra||LifeOrb|SwiftSwim|WeatherBall,MuddyWater,DracoMeteor,Protect|||F|||50|,,,,,Stellar]Archaludon||PowerHerb|Sturdy|ElectroShot,FlashCannon,DragonPulse,Protect|||M|||50|,,,,,Electric]Amoonguss||EjectButton|Regenerator|PollenPuff,Spore,RagePowder,Protect|||F|||50|,,,,,Fairy]Incineroar||SafetyGoggles|Intimidate|FakeOut,KnockOff,PartingShot,Protect|||F|||50|,,,,,Ghost
|showteam|p2|Politoed||Leftovers|Drizzle|Protect,WeatherBall,PerishSong,Encore|||M|||50|,,,,,Grass]Archaludon||PowerHerb|Sturdy|Protect,ElectroShot,FlashCannon,DragonPulse|||F|||50|,,,,,Electric]Kingdra||LifeOrb|SwiftSwim|Protect,DracoMeteor,WeatherBall,MuddyWater|||M|||50|,,,,,Stellar]Incineroar||SafetyGoggles|Intimidate|FakeOut,KnockOff,PartingShot,Protect|||F|||50|,,,,,Ghost]Amoonguss||EjectButton|Regenerator|Protect,RagePowder,Spore,PollenPuff|||M|||50|,,,,,Fairy]Gothitelle||SitrusBerry|ShadowTag|Protect,Psychic,FakeOut,TrickRoom|||F|||50|,,,,,Dark
|
|t:|1756600628
|teamsize|p1|4
|teamsize|p2|4
|start
|switch|p1a: Archaludon|Archaludon, L50, M|100/100
|switch|p1b: Gothitelle|Gothitelle, L50, F|100/100
|switch|p2a: Incineroar|Incineroar, L50, F|100/100
|switch|p2b: Amoonguss|Amoonguss, L50, M|100/100
|-ability|p2a: Incineroar|Intimidate|boost
|-unboost|p1a: Archaludon|atk|1
|-unboost|p1b: Gothitelle|atk|1
|turn|1
|
|t:|1756600653
|switch|p1a: Politoed|Politoed, L50, M|100/100
|-weather|RainDance|[from] ability: Drizzle|[of] p1a: Politoed
|move|p1b: Gothitelle|Fake Out|p2b: Amoonguss
|-damage|p2b: Amoonguss|97/100
|-enditem|p2b: Amoonguss|Eject Button
|
|t:|1756600667
|switch|p2b: Archaludon|Archaludon, L50, F|100/100
|move|p2a: Incineroar|Fake Out|p1a: Politoed
|-damage|p1a: Politoed|88/100
|
|-weather|RainDance|[upkeep]
|-heal|p1a: Politoed|94/100|[from] item: Leftovers
|upkeep
|turn|2
|c|â˜†Welosethose!|not used to enemy amoonguss's getting that
|
|t:|1756600690
|switch|p1b: Amoonguss|Amoonguss, L50, F|100/100
|-terastallize|p1a: Politoed|Grass
|move|p2b: Archaludon|Electro Shot||[still]
|-prepare|p2b: Archaludon|Electro Shot
|-boost|p2b: Archaludon|spa|1
|-anim|p2b: Archaludon|Electro Shot|p1a: Politoed
|-resisted|p1a: Politoed
|-damage|p1a: Politoed|71/100
|move|p1a: Politoed|Perish Song|p1a: Politoed
|-start|p1a: Politoed|perish3|[silent]
|-start|p1b: Amoonguss|perish3|[silent]
|-start|p2a: Incineroar|perish3|[silent]
|-start|p2b: Archaludon|perish3|[silent]
|-fieldactivate|move: Perish Song
|move|p2a: Incineroar|Knock Off|p1b: Amoonguss
|-crit|p1b: Amoonguss
|-damage|p1b: Amoonguss|55/100
|-enditem|p1b: Amoonguss|Eject Button|[from] move: Knock Off|[of] p2a: Incineroar
|
|-weather|RainDance|[upkeep]
|-heal|p1a: Politoed|77/100|[from] item: Leftovers
|-start|p2b: Archaludon|perish3
|-start|p1a: Politoed|perish3
|-start|p2a: Incineroar|perish3
|-start|p1b: Amoonguss|perish3
|upkeep
|turn|3
|
|t:|1756600719
|move|p2b: Archaludon|Flash Cannon|p1b: Amoonguss
|-damage|p1b: Amoonguss|2/100
|move|p1a: Politoed|Weather Ball|p2a: Incineroar
|-supereffective|p2a: Incineroar
|-damage|p2a: Incineroar|40/100
|move|p2a: Incineroar|Parting Shot|p1a: Politoed
|-unboost|p1a: Politoed|atk|1
|-unboost|p1a: Politoed|spa|1
|
|t:|1756600728
|switch|p2a: Amoonguss|Amoonguss, L50, M|100/100|[from] Parting Shot
|move|p1b: Amoonguss|Spore|p2b: Archaludon
|-status|p2b: Archaludon|slp|[from] move: Spore
|
|-weather|RainDance|[upkeep]
|-heal|p1a: Politoed|83/100|[from] item: Leftovers
|-start|p2b: Archaludon|perish2
|-start|p1a: Politoed|perish2
|-start|p1b: Amoonguss|perish2
|upkeep
|turn|4
|
|t:|1756600757
|switch|p1b: Gothitelle|Gothitelle, L50, F|100/100
|cant|p2b: Archaludon|slp
|move|p1a: Politoed|Perish Song|p1a: Politoed
|-start|p1b: Gothitelle|perish3|[silent]
|-start|p2a: Amoonguss|perish3|[silent]
|-fieldactivate|move: Perish Song
|move|p2a: Amoonguss|Pollen Puff|p1b: Gothitelle
|-supereffective|p1b: Gothitelle
|-damage|p1b: Gothitelle|73/100
|
|-weather|RainDance|[upkeep]
|-heal|p1a: Politoed|89/100|[from] item: Leftovers
|-start|p2b: Archaludon|perish1
|-start|p1a: Politoed|perish1
|-start|p1b: Gothitelle|perish3
|-start|p2a: Amoonguss|perish3
|upkeep
|turn|5
|
|t:|1756600787
|switch|p1a: Amoonguss|Amoonguss, L50, F|35/100
|move|p1b: Gothitelle|Fake Out|p2a: Amoonguss
|-damage|p2a: Amoonguss|95/100
|-curestatus|p2b: Archaludon|slp|[msg]
|move|p2b: Archaludon|Dragon Pulse|p1b: Gothitelle
|-damage|p1b: Gothitelle|28/100
|-enditem|p1b: Gothitelle|Sitrus Berry|[eat]
|-heal|p1b: Gothitelle|52/100|[from] item: Sitrus Berry
|cant|p2a: Amoonguss|flinch
|
|-weather|none
|-start|p2b: Archaludon|perish0
|-start|p1b: Gothitelle|perish2
|faint|p2b: Archaludon
|-start|p2a: Amoonguss|perish2
|upkeep
|
|t:|1756600798
|switch|p2b: Incineroar|Incineroar, L50, F|40/100
|-ability|p2b: Incineroar|Intimidate|boost
|-unboost|p1a: Amoonguss|atk|1
|-unboost|p1b: Gothitelle|atk|1
|turn|6
|
|t:|1756600814
|switch|p1a: Politoed|Politoed, L50, M, tera:Grass|89/100
|-weather|RainDance|[from] ability: Drizzle|[of] p1a: Politoed
|move|p1b: Gothitelle|Protect|p1b: Gothitelle
|-singleturn|p1b: Gothitelle|Protect
|move|p2b: Incineroar|Fake Out|p1b: Gothitelle
|-activate|p1b: Gothitelle|move: Protect
|move|p2a: Amoonguss|Spore|p1b: Gothitelle
|-activate|p1b: Gothitelle|move: Protect
|
|-weather|RainDance|[upkeep]
|-heal|p1a: Politoed|95/100|[from] item: Leftovers
|-start|p1b: Gothitelle|perish1
|-start|p2a: Amoonguss|perish1
|upkeep
|turn|7
|
|t:|1756600853
|switch|p1b: Amoonguss|Amoonguss, L50, F|68/100
|-terastallize|p2b: Incineroar|Ghost
|move|p1a: Politoed|Encore|p2b: Incineroar
|-start|p2b: Incineroar|Encore
|move|p2b: Incineroar|Fake Out||[still]
|-hint|Fake Out only works on your first turn out.
|-fail|p2b: Incineroar
|move|p2a: Amoonguss|Pollen Puff|p1b: Amoonguss
|-damage|p1b: Amoonguss|53/100
|
|-weather|RainDance|[upkeep]
|-heal|p1a: Politoed|100/100|[from] item: Leftovers
|-start|p2a: Amoonguss|perish0
|upkeep
|faint|p2a: Amoonguss
|
|t:|1756600861
|switch|p2a: Kingdra|Kingdra, L50, M|100/100
|turn|8
|inactive|Battle timer is ON: inactive players will automatically lose when time's up. (requested by Sr. Sotomonte)
|
|t:|1756600882
|move|p2b: Incineroar|Fake Out||[still]
|-hint|Fake Out only works on your first turn out.
|-fail|p2b: Incineroar
|move|p1b: Amoonguss|Rage Powder|p1b: Amoonguss
|-singleturn|p1b: Amoonguss|move: Rage Powder
|move|p2a: Kingdra|Muddy Water|p1b: Amoonguss|[spread] p1b
|-miss|p2a: Kingdra|p1a: Politoed
|-resisted|p1b: Amoonguss
|-damage|p1b: Amoonguss|29/100
|-damage|p2a: Kingdra|91/100|[from] item: Life Orb
|move|p1a: Politoed|Perish Song|p1a: Politoed
|-start|p1a: Politoed|perish3|[silent]
|-start|p1b: Amoonguss|perish3|[silent]
|-start|p2a: Kingdra|perish3|[silent]
|-start|p2b: Incineroar|perish3|[silent]
|-fieldactivate|move: Perish Song
|
|-weather|RainDance|[upkeep]
|-start|p2a: Kingdra|perish3
|-start|p1a: Politoed|perish3
|-start|p2b: Incineroar|perish3
|-start|p1b: Amoonguss|perish3
|upkeep
|turn|9
|c|â˜†Welosethose!|gg
|c|â˜†Welosethose!|you didnt make it easy lol
|
|t:|1756600897
|move|p1a: Politoed|Protect|p1a: Politoed
|-singleturn|p1a: Politoed|Protect
|move|p1b: Amoonguss|Protect|p1b: Amoonguss
|-singleturn|p1b: Amoonguss|Protect
|move|p2b: Incineroar|Fake Out||[still]
|-hint|Fake Out only works on your first turn out.
|-fail|p2b: Incineroar
|move|p2a: Kingdra|Muddy Water|p1b: Amoonguss|[spread] 
|-activate|p1a: Politoed|move: Protect
|-activate|p1b: Amoonguss|move: Protect
|
|-weather|RainDance|[upkeep]
|-end|p2b: Incineroar|Encore
|-start|p2a: Kingdra|perish2
|-start|p1a: Politoed|perish2
|-start|p2b: Incineroar|perish2
|-start|p1b: Amoonguss|perish2
|upkeep
|turn|10
|c|â˜†Sr. Sotomonte|gg
|
|t:|1756600916
|move|p2a: Kingdra|Draco Meteor|p1b: Amoonguss
|-damage|p1b: Amoonguss|0 fnt
|-unboost|p2a: Kingdra|spa|2
|faint|p1b: Amoonguss
|-damage|p2a: Kingdra|81/100|[from] item: Life Orb
|move|p1a: Politoed|Encore|p2b: Incineroar
|-start|p2b: Incineroar|Encore
|move|p2b: Incineroar|Fake Out||[still]
|-hint|Fake Out only works on your first turn out.
|-fail|p2b: Incineroar
|
|-weather|none
|-start|p2a: Kingdra|perish1
|-start|p1a: Politoed|perish1
|-start|p2b: Incineroar|perish1
|upkeep
|
|t:|1756600926
|switch|p1b: Gothitelle|Gothitelle, L50, F|52/100
|turn|11
|
|t:|1756600935
|move|p1a: Politoed|Protect|p1a: Politoed
|-singleturn|p1a: Politoed|Protect
|move|p1b: Gothitelle|Protect|p1b: Gothitelle
|-singleturn|p1b: Gothitelle|Protect
|move|p2b: Incineroar|Fake Out||[still]
|-hint|Fake Out only works on your first turn out.
|-fail|p2b: Incineroar
|move|p2a: Kingdra|Draco Meteor|p1b: Gothitelle
|-activate|p1b: Gothitelle|move: Protect
|
|-start|p2a: Kingdra|perish0
|-start|p1a: Politoed|perish0
|-start|p2b: Incineroar|perish0
|faint|p2a: Kingdra
|faint|p1a: Politoed
|faint|p2b: Incineroar
|
|win|Welosethose!
