|j|☆strifesada
|j|☆mumu2
|html|strifesadamumu2    
|uhtml|bestof|Game 1 of a best-of-3
|t:|1784164127
|gametype|doubles
|player|p1|strifesada|piers|1255
|player|p2|mumu2|266|1131
|gen|9
|tier|[Gen 9 Champions] VGC 2026 Reg M-B (Bo3)
|rated|
|rule|Species Clause: Limit one of each Pokémon
|rule|Item Clause: Limit 1 of each item
|clearpoke
|poke|p1|Raichu, L50, M|
|poke|p1|Incineroar, L50, F|
|poke|p1|Sylveon, L50, M|
|poke|p1|Whimsicott, L50, M|
|poke|p1|Mamoswine, L50, M|
|poke|p1|Charizard, L50, M|
|poke|p2|Floette-Eternal, L50, F|
|poke|p2|Incineroar, L50, M|
|poke|p2|Garchomp, L50, M|
|poke|p2|Maushold-Four, L50|
|poke|p2|Sinistcha, L50|
|poke|p2|Delphox, L50, F|
|teampreview|4
|showteam|p1|Raichu||RaichuniteY|LightningRod|ZapCannon,FocusBlast,FakeOut,Protect|Timid||M|||50|]Incineroar||PasshoBerry|Intimidate|FakeOut,FlareBlitz,ThroatChop,PartingShot|Careful||F|||50|]Sylveon||FairyFeather|Pixilate|HyperVoice,CalmMind,QuickAttack,Protect|Modest||M|||50|]Whimsicott||FocusSash|Prankster|Encore,Protect,Tailwind,EnergyBall|Timid||M|||50|]Mamoswine||LifeOrb|Oblivious|HighHorsepower,IceShard,IcicleCrash,Protect|Adamant||M|||50|]Charizard||CharizarditeY|Blaze|HeatWave,WeatherBall,SolarBeam,Protect|Modest||M|||50|
|showteam|p2|Floette-Eternal||Floettite|FlowerVeil|DazzlingGleam,Moonblast,Protect,CalmMind|Modest||F|||50|]Incineroar||SitrusBerry|Intimidate|FlareBlitz,PartingShot,WillOWisp,FakeOut|Careful||M|||50|]Garchomp||ChoiceScarf|RoughSkin|DragonClaw,Earthquake,RockSlide,StompingTantrum|Jolly||M|||50|]Maushold-Four||FocusSash|FriendGuard|SuperFang,FollowMe,HelpingHand,Protect|Timid|||||50|]Sinistcha||CobaBerry|Hospitality|GigaDrain,TrickRoom,RagePowder,LifeDew|Sassy|||||50|]Delphox||Delphoxite|Blaze|HeatWave,Psyshock,CalmMind,Substitute|Timid||F|||50|
|
|t:|1784164242
|teamsize|p1|4
|teamsize|p2|4
|start
|switch|p1a: Charizard|Charizard, L50, M|100/100
|switch|p1b: Whimsicott|Whimsicott, L50, M|100/100
|switch|p2a: Fin|Garchomp, L50, M|100/100
|switch|p2b: Morgana|Delphox, L50, F|100/100
|turn|1
|
|t:|1784164268
|switch|p1a: Incineroar|Incineroar, L50, F|100/100
|-ability|p1a: Incineroar|Intimidate|boost
|-unboost|p2a: Fin|atk|1
|-unboost|p2b: Morgana|atk|1
|detailschange|p2b: Morgana|Delphox-Mega, L50, F
|-mega|p2b: Morgana|Delphox|Delphoxite
|move|p1b: Whimsicott|Tailwind|p1b: Whimsicott
|-sidestart|p1: strifesada|move: Tailwind
|move|p2a: Fin|Rock Slide|p1b: Whimsicott|[spread] p1a,p1b
|-supereffective|p1a: Incineroar|1
|-damage|p1a: Incineroar|78/100
|-damage|p1b: Whimsicott|83/100
|move|p2b: Morgana|Substitute|p2b: Morgana
|-start|p2b: Morgana|Substitute
|-damage|p2b: Morgana|75/100
|
|upkeep
|turn|2
|
|t:|1784164297
|switch|p2a: Glick|Incineroar, L50, M|100/100
|-ability|p2a: Glick|Intimidate|boost
|-unboost|p1a: Incineroar|atk|1
|-unboost|p1b: Whimsicott|atk|1
|move|p1b: Whimsicott|Protect|p1b: Whimsicott
|-singleturn|p1b: Whimsicott|Protect
|move|p2b: Morgana|Heat Wave|p1b: Whimsicott|[spread] p1a
|-activate|p1b: Whimsicott|move: Protect
|-resisted|p1a: Incineroar|1
|-damage|p1a: Incineroar|61/100
|move|p1a: Incineroar|Parting Shot|p2b: Morgana
|-unboost|p2b: Morgana|atk|1
|-unboost|p2b: Morgana|spa|1
|
|t:|1784164313
|switch|p1a: Charizard|Charizard, L50, M|100/100|[from] Parting Shot
|
|upkeep
|turn|3
|
|t:|1784164352
|switch|p1b: Incineroar|Incineroar, L50, F|61/100
|-ability|p1b: Incineroar|Intimidate|boost
|-unboost|p2a: Glick|atk|1
|-immune|p2b: Morgana
|move|p1a: Charizard|Protect|p1a: Charizard
|-singleturn|p1a: Charizard|Protect
|move|p2a: Glick|Fake Out|p1a: Charizard
|-activate|p1a: Charizard|move: Protect
|move|p2b: Morgana|Calm Mind|p2b: Morgana
|-boost|p2b: Morgana|spa|1
|-boost|p2b: Morgana|spd|1
|
|upkeep
|turn|4
|
|t:|1784164379
|detailschange|p1a: Charizard|Charizard-Mega-Y, L50, M
|-mega|p1a: Charizard|Charizard|Charizardite Y
|-weather|SunnyDay|[from] ability: Drought|[of] p1a: Charizard
|move|p1a: Charizard|Heat Wave|p2a: Glick|[spread] p2a,p2b
|-resisted|p2b: Morgana|1
|-activate|p2b: Morgana|move: Substitute|[damage]
|-resisted|p2a: Glick|1
|-damage|p2a: Glick|76/100
|move|p2b: Morgana|Calm Mind|p2b: Morgana
|-boost|p2b: Morgana|spa|1
|-boost|p2b: Morgana|spd|1
|move|p1b: Incineroar|Throat Chop|p2b: Morgana
|-supereffective|p2b: Morgana|1
|-end|p2b: Morgana|Substitute
|move|p2a: Glick|Parting Shot|p1a: Charizard
|-unboost|p1a: Charizard|atk|1
|-unboost|p1a: Charizard|spa|1
|
|t:|1784164397
|switch|p2a: Fin|Garchomp, L50, M|100/100|[from] Parting Shot
|
|-weather|SunnyDay|[upkeep]
|-sideend|p1: strifesada|move: Tailwind
|upkeep
|turn|5
|
|t:|1784164424
|switch|p1a: Whimsicott|Whimsicott, L50, M|83/100
|move|p2a: Fin|Rock Slide|p1a: Whimsicott|[spread] p1a,p1b
|-supereffective|p1b: Incineroar|1
|-damage|p1a: Whimsicott|57/100
|-damage|p1b: Incineroar|24/100
|move|p2b: Morgana|Heat Wave|p1a: Whimsicott|[spread] p1a,p1b
|-supereffective|p1a: Whimsicott|1
|-resisted|p1b: Incineroar|1
|-damage|p1a: Whimsicott|0 fnt
|-damage|p1b: Incineroar|0 fnt
|faint|p1a: Whimsicott
|faint|p1b: Incineroar
|
|-weather|SunnyDay|[upkeep]
|upkeep
|
|t:|1784164429
|switch|p1a: Charizard|Charizard-Mega-Y, L50, M|100/100
|switch|p1b: Mamoswine|Mamoswine, L50, M|100/100
|turn|6
|
|t:|1784164472
|switch|p2a: Glick|Incineroar, L50, M|76/100
|-ability|p2a: Glick|Intimidate|boost
|-unboost|p1a: Charizard|atk|1
|-fail|p1b: Mamoswine|unboost|Attack|[from] ability: Oblivious|[of] p1b: Mamoswine
|move|p1b: Mamoswine|Ice Shard|p2a: Glick
|-resisted|p2a: Glick|1
|-damage|p2a: Glick|61/100
|-damage|p1b: Mamoswine|90/100|[from] item: Life Orb
|move|p2b: Morgana|Heat Wave|p1a: Charizard|[spread] p1a,p1b
|-resisted|p1a: Charizard|1
|-supereffective|p1b: Mamoswine|1
|-damage|p1a: Charizard|57/100
|-damage|p1b: Mamoswine|0 fnt
|faint|p1b: Mamoswine
|move|p1a: Charizard|Heat Wave|p2a: Glick|[spread] p2a,p2b
|-resisted|p2a: Glick|1
|-resisted|p2b: Morgana|1
|-damage|p2a: Glick|41/100
|-damage|p2b: Morgana|60/100
|-enditem|p2a: Glick|Sitrus Berry|[eat]
|-heal|p2a: Glick|65/100|[from] item: Sitrus Berry
|
|-weather|SunnyDay|[upkeep]
|upkeep
|turn|7
|-message|strifesada forfeited.
|
|win|mumu2
