|j|☆ErTest25
|j|☆Clementine1997
|html|ErTest25Clementine1997    
|uhtml|bestof|Game 3 of a best-of-3
|t:|1756759293
|gametype|doubles
|player|p1|ErTest25|infielder|1114
|player|p2|Clementine1997|clair|1222
|gen|9
|tier|[Gen 9] VGC 2025 Reg H (Bo3)
|rated|
|rule|Species Clause: Limit one of each Pokémon
|rule|Item Clause: Limit 1 of each item
|clearpoke
|poke|p1|Archaludon, L50, M|
|poke|p1|Gholdengo, L50|
|poke|p1|Ursaluna, L50, F|
|poke|p1|Pelipper, L50, M|
|poke|p1|Sinistcha-Masterpiece, L50|
|poke|p1|Dragonite, L50, M|
|poke|p2|Whimsicott, L50, F|
|poke|p2|Ursaluna-Bloodmoon, L50, M|
|poke|p2|Incineroar, L50, M|
|poke|p2|Rillaboom, L50, F|
|poke|p2|Gholdengo, L50|
|poke|p2|Primarina, L50, F|
|teampreview|4
|showteam|p1|Archaludon||AssaultVest|Stamina|FlashCannon,ElectroShot,BodyPress,Snarl|||M|||50|,,,,,Fighting]Gholdengo||ChoiceScarf|GoodasGold|MakeItRain,ShadowBall,PowerGem,Trick||||||50|,,,,,Flying]Ursaluna||FlameOrb|Guts|HeadlongRush,Facade,Earthquake,Protect|||F|||50|,,,,,Water]Pelipper||SafetyGoggles|Drizzle|MuddyWater,Hurricane,Tailwind,Protect|||M|||50|,,,,,Steel]Sinistcha-Masterpiece||SitrusBerry|Hospitality|MatchaGotcha,LifeDew,RagePowder,TrickRoom||||||50|,,,,,Dark]Dragonite||LoadedDice|Multiscale|ScaleShot,Tailwind,Haze,Protect|||M|||50|,,,,,Fairy
|showteam|p2|Whimsicott||FocusSash|Prankster|Moonblast,Taunt,TrickRoom,Tailwind|||F|||50|,,,,,Ghost]Ursaluna-Bloodmoon||LifeOrb|MindsEye|BloodMoon,EarthPower,Moonblast,Protect|||M|||50|,,,,,Fairy]Incineroar||SitrusBerry|Intimidate|KnockOff,PartingShot,FlareBlitz,FakeOut|||M|||50|,,,,,Grass]Rillaboom||AssaultVest|GrassySurge|GrassyGlide,HighHorsepower,FakeOut,Uturn|||F|||50|,,,,,Fire]Gholdengo||IronPlate|GoodasGold|MakeItRain,ShadowBall,NastyPlot,Protect||||||50|,,,,,Fairy]Primarina||ThroatSpray|LiquidVoice|HyperVoice,Moonblast,Haze,Protect|||F|||50|,,,,,Steel
|inactive|Battle timer is ON: inactive players will automatically lose when time's up. (requested by Clementine1997)
|
|t:|1756759320
|teamsize|p1|4
|teamsize|p2|4
|start
|switch|p1a: Ursaluna|Ursaluna, L50, F|100/100
|switch|p1b: Dragonite|Dragonite, L50, M|100/100
|switch|p2a: Whimsicott|Whimsicott, L50, F, shiny|100/100
|switch|p2b: Rillaboom|Rillaboom, L50, F, shiny|100/100
|-fieldstart|move: Grassy Terrain|[from] ability: Grassy Surge|[of] p2b: Rillaboom
|turn|1
|
|t:|1756759335
|switch|p1a: Archaludon|Archaludon, L50, M|100/100
|move|p2a: Whimsicott|Taunt|p1b: Dragonite
|-start|p1b: Dragonite|move: Taunt
|move|p2b: Rillaboom|Grassy Glide|p1a: Archaludon
|-resisted|p1a: Archaludon
|-damage|p1a: Archaludon|95/100
|-ability|p1a: Archaludon|Stamina|boost
|-boost|p1a: Archaludon|def|1
|move|p1b: Dragonite|Scale Shot|p2b: Rillaboom
|-damage|p2b: Rillaboom|87/100
|-damage|p2b: Rillaboom|74/100
|-damage|p2b: Rillaboom|62/100
|-damage|p2b: Rillaboom|50/100
|-hitcount|p2b: Rillaboom|4
|-unboost|p1b: Dragonite|def|1
|-boost|p1b: Dragonite|spe|1
|
|-heal|p1a: Archaludon|100/100|[from] Grassy Terrain
|-heal|p2b: Rillaboom|56/100|[from] Grassy Terrain
|upkeep
|turn|2
|
|t:|1756759359
|move|p2a: Whimsicott|Tailwind|p2a: Whimsicott
|-sidestart|p2: Clementine1997|move: Tailwind
|move|p2b: Rillaboom|U-turn|p1b: Dragonite
|-resisted|p1b: Dragonite
|-damage|p1b: Dragonite|92/100
|
|t:|1756759364
|switch|p2b: Primarina|Primarina, L50, F, shiny|100/100|[from] U-turn
|move|p1b: Dragonite|Scale Shot|p2b: Primarina
|-immune|p2b: Primarina
|move|p1a: Archaludon|Snarl|p2b: Primarina|[spread] p2a,p2b
|-resisted|p2a: Whimsicott
|-resisted|p2b: Primarina
|-damage|p2a: Whimsicott|90/100
|-damage|p2b: Primarina|95/100
|-unboost|p2a: Whimsicott|spa|1
|-unboost|p2b: Primarina|spa|1
|
|-heal|p2a: Whimsicott|96/100|[from] Grassy Terrain
|-heal|p2b: Primarina|100/100|[from] Grassy Terrain
|upkeep
|turn|3
|inactive|Clementine1997 has 30 seconds left.
|inactive|Clementine1997 has 20 seconds left.
|
|t:|1756759399
|switch|p2a: Rillaboom|Rillaboom, L50, F, shiny|56/100
|switch|p1b: Sinistcha|Sinistcha-Masterpiece, L50|100/100
|move|p2b: Primarina|Haze|p2b: Primarina
|-clearallboost
|move|p1a: Archaludon|Flash Cannon|p2a: Rillaboom
|-damage|p2a: Rillaboom|30/100
|
|-heal|p2a: Rillaboom|36/100|[from] Grassy Terrain
|upkeep
|turn|4
|inactive|Clementine1997 has 30 seconds left.
|
|t:|1756759426
|move|p2a: Rillaboom|U-turn|p1b: Sinistcha
|-damage|p1b: Sinistcha|76/100
|
|t:|1756759430
|switch|p2a: Whimsicott|Whimsicott, L50, F, shiny|96/100|[from] U-turn
|move|p2b: Primarina|Hyper Voice|p1b: Sinistcha|[spread] p1a,p1b
|-resisted|p1a: Archaludon
|-resisted|p1b: Sinistcha
|-damage|p1a: Archaludon|88/100
|-damage|p1b: Sinistcha|61/100
|-ability|p1a: Archaludon|Stamina|boost
|-boost|p1a: Archaludon|def|1
|-enditem|p2b: Primarina|Throat Spray
|-boost|p2b: Primarina|spa|1|[from] item: Throat Spray
|move|p1a: Archaludon|Body Press|p2a: Whimsicott
|-resisted|p2a: Whimsicott
|-damage|p2a: Whimsicott|67/100
|move|p1b: Sinistcha|Matcha Gotcha|p2a: Whimsicott|[spread] p2a,p2b
|-resisted|p2a: Whimsicott
|-supereffective|p2b: Primarina
|-damage|p2a: Whimsicott|43/100
|-heal|p1b: Sinistcha|70/100|[from] drain|[of] p2a: Whimsicott
|-damage|p2b: Primarina|38/100
|-heal|p1b: Sinistcha|100/100|[from] drain|[of] p2b: Primarina
|
|-heal|p2a: Whimsicott|49/100|[from] Grassy Terrain
|-heal|p2b: Primarina|44/100|[from] Grassy Terrain
|-heal|p1a: Archaludon|94/100|[from] Grassy Terrain
|upkeep
|turn|5
|inactive|ErTest25 has 30 seconds left.
|inactive|Clementine1997 has 30 seconds left.
|inactive|Clementine1997 has 20 seconds left.
|
|t:|1756759468
|-terastallize|p2b: Primarina|Steel
|move|p2a: Whimsicott|Moonblast|p1a: Archaludon
|-damage|p1a: Archaludon|72/100
|-unboost|p1a: Archaludon|spa|1
|-ability|p1a: Archaludon|Stamina|boost
|-boost|p1a: Archaludon|def|1
|move|p2b: Primarina|Moonblast|p1a: Archaludon
|-damage|p1a: Archaludon|25/100
|-ability|p1a: Archaludon|Stamina|boost
|-boost|p1a: Archaludon|def|1
|move|p1a: Archaludon|Flash Cannon|p2a: Whimsicott
|-supereffective|p2a: Whimsicott
|-damage|p2a: Whimsicott|0 fnt
|faint|p2a: Whimsicott
|move|p1b: Sinistcha|Matcha Gotcha|p2b: Primarina
|-resisted|p2b: Primarina
|-damage|p2b: Primarina|23/100
|
|-heal|p2b: Primarina|29/100|[from] Grassy Terrain
|-heal|p1a: Archaludon|31/100|[from] Grassy Terrain
|-sideend|p2: Clementine1997|move: Tailwind
|-fieldend|move: Grassy Terrain
|upkeep
|
|t:|1756759484
|switch|p2a: Rillaboom|Rillaboom, L50, F, shiny|36/100
|-fieldstart|move: Grassy Terrain|[from] ability: Grassy Surge|[of] p2a: Rillaboom
|turn|6
|
|t:|1756759508
|move|p2a: Rillaboom|Fake Out|p1a: Archaludon
|-resisted|p1a: Archaludon
|-damage|p1a: Archaludon|30/100
|-ability|p1a: Archaludon|Stamina|boost
|-boost|p1a: Archaludon|def|1
|cant|p1a: Archaludon|flinch
|move|p2b: Primarina|Moonblast|p1a: Archaludon
|-damage|p1a: Archaludon|0 fnt
|faint|p1a: Archaludon
|move|p1b: Sinistcha|Life Dew||[still]
|-fail|p1b: Sinistcha|heal
|
|-heal|p2a: Rillaboom|42/100|[from] Grassy Terrain
|-heal|p2b: Primarina|35/100|[from] Grassy Terrain
|upkeep
|
|t:|1756759521
|switch|p1a: Dragonite|Dragonite, L50, M|92/100
|turn|7
|
|t:|1756759539
|-terastallize|p1a: Dragonite|Fairy
|move|p2b: Primarina|Protect|p2b: Primarina
|-singleturn|p2b: Primarina|Protect
|move|p1a: Dragonite|Scale Shot|p2a: Rillaboom
|-damage|p2a: Rillaboom|29/100
|-damage|p2a: Rillaboom|16/100
|-damage|p2a: Rillaboom|4/100
|-damage|p2a: Rillaboom|0 fnt
|faint|p2a: Rillaboom
|-hitcount|p2: Rillaboom|4
|-unboost|p1a: Dragonite|def|1
|-boost|p1a: Dragonite|spe|1
|move|p1b: Sinistcha|Matcha Gotcha|p2b: Primarina
|-activate|p2b: Primarina|move: Protect
|
|-heal|p1a: Dragonite|98/100|[from] Grassy Terrain
|-heal|p2b: Primarina|40/100|[from] Grassy Terrain
|upkeep
|
|t:|1756759545
|switch|p2a: Ursaluna|Ursaluna-Bloodmoon, L50, M|100/100
|turn|8
|
|t:|1756759560
|move|p1a: Dragonite|Protect|p1a: Dragonite
|-singleturn|p1a: Dragonite|Protect
|move|p2a: Ursaluna|Blood Moon|p1b: Sinistcha
|-damage|p1b: Sinistcha|0 fnt
|faint|p1b: Sinistcha
|-damage|p2a: Ursaluna|91/100|[from] item: Life Orb
|move|p2b: Primarina|Moonblast|p1a: Dragonite
|-activate|p1a: Dragonite|move: Protect
|
|-heal|p1a: Dragonite|100/100|[from] Grassy Terrain
|-heal|p2a: Ursaluna|97/100|[from] Grassy Terrain
|-heal|p2b: Primarina|46/100|[from] Grassy Terrain
|upkeep
|
|t:|1756759569
|switch|p1b: Ursaluna|Ursaluna, L50, F|100/100
|turn|9
|inactive|ErTest25 has 30 seconds left.
|inactive|ErTest25 has 20 seconds left.
|
|t:|1756759614
|move|p1b: Ursaluna|Protect|p1b: Ursaluna
|-singleturn|p1b: Ursaluna|Protect
|move|p2b: Primarina|Protect|p2b: Primarina
|-singleturn|p2b: Primarina|Protect
|move|p1a: Dragonite|Tailwind|p1a: Dragonite
|-sidestart|p1: ErTest25|move: Tailwind
|move|p2a: Ursaluna|Moonblast|p1b: Ursaluna
|-activate|p1b: Ursaluna|move: Protect
|
|-heal|p2a: Ursaluna|100/100|[from] Grassy Terrain
|-heal|p2b: Primarina|52/100|[from] Grassy Terrain
|-status|p1b: Ursaluna|brn|[from] item: Flame Orb
|upkeep
|turn|10
|inactive|Clementine1997 has 30 seconds left.
|
|t:|1756759647
|move|p1a: Dragonite|Scale Shot|p2a: Ursaluna
|-damage|p2a: Ursaluna|91/100
|-damage|p2a: Ursaluna|82/100
|-damage|p2a: Ursaluna|71/100
|-damage|p2a: Ursaluna|62/100
|-hitcount|p2a: Ursaluna|4
|-unboost|p1a: Dragonite|def|1
|-boost|p1a: Dragonite|spe|1
|move|p1b: Ursaluna|Earthquake|p2b: Primarina|[spread] p1a,p2a,p2b
|-supereffective|p2b: Primarina
|-damage|p1a: Dragonite|68/100
|-damage|p2a: Ursaluna|34/100
|-damage|p2b: Primarina|0 fnt
|faint|p2b: Primarina
|move|p2a: Ursaluna|Blood Moon|p1b: Ursaluna
|-damage|p1b: Ursaluna|0 fnt
|faint|p1b: Ursaluna
|-damage|p2a: Ursaluna|25/100|[from] item: Life Orb
|
|-heal|p1a: Dragonite|74/100|[from] Grassy Terrain
|-heal|p2a: Ursaluna|31/100|[from] Grassy Terrain
|-fieldend|move: Grassy Terrain
|upkeep
|turn|11
|
|t:|1756759663
|move|p2a: Ursaluna|Protect|p2a: Ursaluna
|-singleturn|p2a: Ursaluna|Protect
|move|p1a: Dragonite|Scale Shot|p2a: Ursaluna
|-activate|p2a: Ursaluna|move: Protect
|
|upkeep
|turn|12
|
|t:|1756759672
|move|p1a: Dragonite|Scale Shot|p2a: Ursaluna
|-damage|p2a: Ursaluna|22/100
|-damage|p2a: Ursaluna|11/100
|-damage|p2a: Ursaluna|1/100
|-crit|p2a: Ursaluna
|-damage|p2a: Ursaluna|0 fnt
|faint|p2a: Ursaluna
|-hitcount|p2: Ursaluna|4
|
|win|ErTest25
|raw|ErTest25's rating: 1114 → 1147(+33 for winning)
|raw|Clementine1997's rating: 1222 → 1189(-33 for losing)
