|j|‽kneg
|j|☆Naya314
|html|knegNaya314    
|uhtml|bestof|Game 1 of a best-of-3
|t:|1783196202
|gametype|doubles
|player|p1|kneg|n|1196
|player|p2|Naya314|candice|1271
|gen|9
|tier|[Gen 9 Champions] VGC 2026 Reg M-B (Bo3)
|rated|
|rule|Species Clause: Limit one of each Pokémon
|rule|Item Clause: Limit 1 of each item
|clearpoke
|poke|p1|Pelipper, L50, F|
|poke|p1|Blastoise, L50, F|
|poke|p1|Incineroar, L50, M|
|poke|p1|Archaludon, L50, M|
|poke|p1|Swampert, L50, F|
|poke|p1|Farigiraf, L50, F|
|poke|p2|Scizor, L50, M|
|poke|p2|Charizard, L50, M|
|poke|p2|Garchomp, L50, F|
|poke|p2|Basculegion, L50, M|
|poke|p2|Whimsicott, L50, F|
|poke|p2|Floette-Eternal, L50, F|
|teampreview|4
|showteam|p1|Pelipper||SitrusBerry|Drizzle|Hurricane,WeatherBall,Protect,Tailwind|Relaxed||F|||50|]Blastoise||Blastoisinite|RainDish|DarkPulse,WaterSpout,Protect,AuraSphere|Quiet||F|||50|]Incineroar||WhiteHerb|Intimidate|CloseCombat,DarkestLariat,FlareBlitz,FakeOut|Brave||M|||50|]Archaludon||Leftovers|Stamina|DragonPulse,Protect,ElectroShot,FlashCannon|Sassy||M|||50|]Swampert||Swampertite|Damp|Earthquake,IcePunch,Liquidation,KnockOff|Adamant||F|||50|]Farigiraf||ColburBerry|ArmorTail|Psychic,Thunderbolt,TrickRoom,HelpingHand|Sassy||F|||50|
|showteam|p2|Scizor||ExpertBelt|Technician|BugBite,BulletPunch,CloseCombat,Protect|Adamant||M|||50|]Charizard||CharizarditeY|Blaze|HeatWave,SolarBeam,WeatherBall,Protect|Modest||M|||50|]Garchomp||LifeOrb|RoughSkin|Earthquake,DragonClaw,RockSlide,Protect|Jolly||F|||50|]Basculegion||ChoiceScarf|Adaptability|LastRespects,WaveCrash,AquaJet,FlipTurn|Adamant||M|||50|]Whimsicott||FocusSash|Prankster|Moonblast,Tailwind,Encore,Protect|Timid||F|||50|]Floette-Eternal||Floettite|FlowerVeil|DazzlingGleam,EnergyBall,Moonblast,Protect|Modest||F|||50|
|inactive|Battle timer is ON: inactive players will automatically lose when time's up. (requested by Naya314)
|inactive|Naya314 has 60 seconds left.
|
|t:|1783196262
|teamsize|p1|4
|teamsize|p2|4
|start
|switch|p1a: Incineroar|Incineroar, L50, M|100/100
|switch|p1b: Farigiraf|Farigiraf, L50, F|100/100
|switch|p2a: Whimsicott|Whimsicott, L50, F|100/100
|switch|p2b: Garchomp|Garchomp, L50, F|100/100
|-ability|p1a: Incineroar|Intimidate|boost
|-unboost|p2a: Whimsicott|atk|1
|-unboost|p2b: Garchomp|atk|1
|turn|1
|inactive|kneg has 30 seconds left.
|inactive|Naya314 has 30 seconds left.
|
|t:|1783196295
|move|p1a: Incineroar|Fake Out|p2b: Garchomp
|-damage|p2b: Garchomp|85/100
|-damage|p1a: Incineroar|87/100|[from] ability: Rough Skin|[of] p2b: Garchomp
|move|p2a: Whimsicott|Moonblast|p1a: Incineroar
|-damage|p1a: Incineroar|54/100
|cant|p2b: Garchomp|flinch
|move|p1b: Farigiraf|Trick Room|p1b: Farigiraf
|-fieldstart|move: Trick Room|[of] p1b: Farigiraf
|
|upkeep
|turn|2
|inactive|kneg has 30 seconds left.
|inactive|Naya314 has 30 seconds left.
|inactive|kneg has 20 seconds left.
|inactive|kneg has 15 seconds left.
|inactive|kneg has 10 seconds left.
|inactive|kneg has 5 seconds left.
|
|t:|1783196351
|move|p1a: Incineroar|Close Combat|p2b: Garchomp
|-damage|p2b: Garchomp|43/100
|-unboost|p1a: Incineroar|def|1
|-unboost|p1a: Incineroar|spd|1
|-damage|p1a: Incineroar|42/100|[from] ability: Rough Skin|[of] p2b: Garchomp
|-enditem|p1a: Incineroar|White Herb
|-clearnegativeboost|p1a: Incineroar|[silent]
|move|p1b: Farigiraf|Psychic|p2a: Whimsicott
|-damage|p2a: Whimsicott|40/100
|move|p2b: Garchomp|Rock Slide|p1a: Incineroar|[spread] p1a,p1b
|-supereffective|p1a: Incineroar|1
|-damage|p1a: Incineroar|7/100
|-damage|p1b: Farigiraf|82/100
|-damage|p2b: Garchomp|33/100|[from] item: Life Orb
|move|p2a: Whimsicott|Moonblast|p1a: Incineroar
|-damage|p1a: Incineroar|0 fnt
|faint|p1a: Incineroar
|
|upkeep
|
|t:|1783196368
|switch|p1a: Blastoise|Blastoise, L50, F|100/100
|turn|3
|
|t:|1783196380
|detailschange|p1a: Blastoise|Blastoise-Mega, L50, F
|-mega|p1a: Blastoise|Blastoise|Blastoisinite
|move|p1b: Farigiraf|Helping Hand|p1a: Blastoise
|-singleturn|p1a: Blastoise|Helping Hand|[of] p1b: Farigiraf
|move|p2a: Whimsicott|Protect|p2a: Whimsicott
|-singleturn|p2a: Whimsicott|Protect
|move|p2b: Garchomp|Protect|p2b: Garchomp
|-singleturn|p2b: Garchomp|Protect
|move|p1a: Blastoise|Water Spout|p2b: Garchomp|[spread] 
|-activate|p2a: Whimsicott|move: Protect
|-activate|p2b: Garchomp|move: Protect
|
|upkeep
|turn|4
|inactive|Naya314 has 30 seconds left.
|inactive|Naya314 has 20 seconds left.
|
|t:|1783196417
|switch|p2a: Basculegion|Basculegion, L50, M|100/100
|move|p1b: Farigiraf|Helping Hand|p1a: Blastoise
|-singleturn|p1a: Blastoise|Helping Hand|[of] p1b: Farigiraf
|move|p2b: Garchomp|Protect|p2b: Garchomp
|-singleturn|p2b: Garchomp|Protect
|move|p1a: Blastoise|Water Spout|p2a: Basculegion|[spread] p2a
|-activate|p2b: Garchomp|move: Protect
|-resisted|p2a: Basculegion|1
|-damage|p2a: Basculegion|46/100
|
|upkeep
|turn|5
|
|t:|1783196439
|switch|p2a: Whimsicott|Whimsicott, L50, F|40/100
|move|p1b: Farigiraf|Helping Hand|p1a: Blastoise
|-singleturn|p1a: Blastoise|Helping Hand|[of] p1b: Farigiraf
|move|p2b: Garchomp|Protect||[still]
|-fail|p2b: Garchomp
|move|p1a: Blastoise|Water Spout|p2b: Garchomp|[spread] p2a,p2b
|-resisted|p2a: Whimsicott|1
|-damage|p2a: Whimsicott|0 fnt
|-damage|p2b: Garchomp|0 fnt
|faint|p2a: Whimsicott
|faint|p2b: Garchomp
|
|-fieldend|move: Trick Room
|upkeep
|
|t:|1783196452
|switch|p2a: Basculegion|Basculegion, L50, M|46/100
|switch|p2b: Floette|Floette-Eternal, L50, F|100/100
|turn|6
|
|t:|1783196474
|detailschange|p2b: Floette|Floette-Mega, L50, F
|-mega|p2b: Floette|Floette|Floettite
|-ability|p2b: Floette|Fairy Aura
|move|p2a: Basculegion|Last Respects|p1a: Blastoise
|-damage|p1a: Blastoise|16/100
|move|p2b: Floette|Moonblast|p1b: Farigiraf
|-damage|p1b: Farigiraf|14/100
|move|p1a: Blastoise|Dark Pulse|p2a: Basculegion
|-supereffective|p2a: Basculegion|1
|-damage|p2a: Basculegion|0 fnt
|faint|p2a: Basculegion
|move|p1b: Farigiraf|Trick Room|p1b: Farigiraf
|-fieldstart|move: Trick Room|[of] p1b: Farigiraf
|
|upkeep
|turn|7
|inactive|kneg has 30 seconds left.
|
|t:|1783196502
|move|p1b: Farigiraf|Psychic|p2b: Floette
|-damage|p2b: Floette|69/100
|move|p1a: Blastoise|Dark Pulse|p2b: Floette
|-resisted|p2b: Floette|1
|-damage|p2b: Floette|51/100
|cant|p2b: Floette|flinch
|
|upkeep
|turn|8
|
|t:|1783196511
|move|p1b: Farigiraf|Psychic|p2b: Floette
|-damage|p2b: Floette|20/100y
|move|p1a: Blastoise|Dark Pulse|p2b: Floette
|-resisted|p2b: Floette|1
|-damage|p2b: Floette|2/100
|cant|p2b: Floette|flinch
|
|upkeep
|turn|9
|
|t:|1783196520
|move|p2b: Floette|Protect|p2b: Floette
|-singleturn|p2b: Floette|Protect
|move|p1b: Farigiraf|Psychic|p2b: Floette
|-activate|p2b: Floette|move: Protect
|move|p1a: Blastoise|Dark Pulse|p2b: Floette
|-activate|p2b: Floette|move: Protect
|
|upkeep
|turn|10
|
|t:|1783196541
|move|p1a: Blastoise|Protect|p1a: Blastoise
|-singleturn|p1a: Blastoise|Protect
|move|p2b: Floette|Protect|p2b: Floette
|-singleturn|p2b: Floette|Protect
|move|p1b: Farigiraf|Psychic|p2b: Floette
|-activate|p2b: Floette|move: Protect
|
|-fieldend|move: Trick Room
|upkeep
|turn|11
|
|t:|1783196561
|move|p1a: Blastoise|Protect||[still]
|-fail|p1a: Blastoise
|move|p2b: Floette|Dazzling Gleam|p1a: Blastoise|[spread] p1a,p1b
|-damage|p1a: Blastoise|0 fnt
|-damage|p1b: Farigiraf|0 fnt
|faint|p1a: Blastoise
|faint|p1b: Farigiraf
|
|upkeep
|
|t:|1783196569
|switch|p1a: Pelipper|Pelipper, L50, F|100/100
|-weather|RainDance|[from] ability: Drizzle|[of] p1a: Pelipper
|turn|12
|
|t:|1783196577
|move|p2b: Floette|Moonblast|p1a: Pelipper
|-damage|p1a: Pelipper|0 fnt
|faint|p1a: Pelipper
|
|win|Naya314
||kneg is ready for game 2.
|inactive|Naya314 has 30 seconds to confirm battle start!
