|j|☆LCchampleon
|j|☆lebronsusedtoilet
|html|LCchampleonlebronsusedtoilet    
|uhtml|bestof|Game 2 of a best-of-3
|t:|1783114918
|gametype|doubles
|player|p1|LCchampleon|2|1096
|player|p2|lebronsusedtoilet|170|1108
|gen|9
|tier|[Gen 9 Champions] VGC 2026 Reg M-B (Bo3)
|rated|
|rule|Species Clause: Limit one of each Pokémon
|rule|Item Clause: Limit 1 of each item
|clearpoke
|poke|p1|Swampert, L50, M|
|poke|p1|Metagross, L50, shiny|
|poke|p1|Pelipper, L50, M, shiny|
|poke|p1|Incineroar, L50, F|
|poke|p1|Sinistcha, L50|
|poke|p1|Hydreigon, L50, M|
|poke|p2|Tyranitar, L50, M|
|poke|p2|Corviknight, L50, M|
|poke|p2|Excadrill, L50, F|
|poke|p2|Incineroar, L50, F|
|poke|p2|Farigiraf, L50, M|
|poke|p2|Rotom-Wash, L50|
|teampreview|4
|showteam|p1|Swampert||Swampertite|Torrent|HighHorsepower,WaveCrash,Earthquake,Protect|Adamant||M|||50|]Metagross||Metagrossite|ClearBody|MeteorMash,PsychicFangs,BulletPunch,Protect|Adamant|||||50|]Pelipper||FocusSash|Drizzle|WeatherBall,Hurricane,Tailwind,Protect|Modest||M|||50|]Incineroar||PasshoBerry|Intimidate|FakeOut,ThroatChop,WillOWisp,PartingShot|Impish||F|||50|]Sinistcha||SitrusBerry|Hospitality|MatchaGotcha,RagePowder,Protect,TrickRoom|Relaxed|||||50|]Hydreigon||LifeOrb|Levitate|DracoMeteor,DarkPulse,Snarl,Protect|Timid||M|||50|
|showteam|p2|Tyranitar||Tyranitarite|SandStream|RockSlide,KnockOff,IcePunch,Protect|Adamant||M|||50|]Corviknight||Leftovers|MirrorArmor|BraveBird,BulkUp,Tailwind,IronHead|Careful||M|||50|]Excadrill||FocusSash|SandRush|HighHorsepower,IronHead,RockSlide,Protect|Adamant||F|||50|]Incineroar||ShucaBerry|Intimidate|FakeOut,FlareBlitz,DarkestLariat,PartingShot|Impish||F|||50|]Farigiraf||ColburBerry|ArmorTail|Psychic,HyperVoice,TrickRoom,HelpingHand|Naive||M|||50|]Rotom-Wash||Magnet|Levitate|HydroPump,WillOWisp,VoltSwitch,Thunderbolt|Modest|||||50|
|inactive|Battle timer is ON: inactive players will automatically lose when time's up. (requested by lebronsusedtoilet)
|
|t:|1783114942
|teamsize|p1|4
|teamsize|p2|4
|start
|switch|p1a: Swampert|Swampert, L50, M|100/100
|switch|p1b: Sinistcha|Sinistcha, L50|100/100
|switch|p2a: Tyranitar|Tyranitar, L50, M|100/100
|switch|p2b: Excadrill|Excadrill, L50, F|100/100
|-weather|Sandstorm|[from] ability: Sand Stream|[of] p2a: Tyranitar
|turn|1
|
|t:|1783114962
|detailschange|p1a: Swampert|Swampert-Mega, L50, M
|-mega|p1a: Swampert|Swampert|Swampertite
|detailschange|p2a: Tyranitar|Tyranitar-Mega, L50, M
|-mega|p2a: Tyranitar|Tyranitar|Tyranitarite
|move|p1b: Sinistcha|Protect|p1b: Sinistcha
|-singleturn|p1b: Sinistcha|Protect
|move|p2b: Excadrill|Rock Slide|p1a: Swampert|[spread] p1a
|-activate|p1b: Sinistcha|move: Protect
|-resisted|p1a: Swampert|1
|-damage|p1a: Swampert|90/100
|cant|p1a: Swampert|flinch
|move|p2a: Tyranitar|Ice Punch|p1b: Sinistcha
|-activate|p1b: Sinistcha|move: Protect
|
|-weather|Sandstorm|[upkeep]
|-damage|p1b: Sinistcha|93/100|[from] Sandstorm
|upkeep
|turn|2
|inactive|lebronsusedtoilet has 30 seconds left.
|
|t:|1783114988
|switch|p2a: Rotom|Rotom-Wash, L50|100/100
|switch|p1b: Pelipper|Pelipper, L50, M, shiny|100/100
|-weather|RainDance|[from] ability: Drizzle|[of] p1b: Pelipper
|move|p1a: Swampert|Earthquake|p2a: Rotom|[spread] p2b
|-immune|p1b: Pelipper
|-immune|p2a: Rotom|[from] ability: Levitate
|-supereffective|p2b: Excadrill|1
|-enditem|p2b: Excadrill|Focus Sash
|-damage|p2b: Excadrill|1/100
|move|p2b: Excadrill|High Horsepower|p1a: Swampert
|-damage|p1a: Swampert|43/100
|
|-weather|RainDance|[upkeep]
|upkeep
|turn|3
|
|t:|1783115013
|switch|p1b: Sinistcha|Sinistcha, L50|93/100
|-heal|p1a: Swampert|68/100|[from] ability: Hospitality|[of] p1b: Sinistcha
|move|p1a: Swampert|Protect|p1a: Swampert
|-singleturn|p1a: Swampert|Protect
|move|p2b: Excadrill|Protect|p2b: Excadrill
|-singleturn|p2b: Excadrill|Protect
|move|p2a: Rotom|Volt Switch|p1b: Sinistcha
|-resisted|p1b: Sinistcha|1
|-damage|p1b: Sinistcha|73/100
|
|t:|1783115025
|switch|p2a: Corviknight|Corviknight, L50, M|100/100|[from] Volt Switch
|
|-weather|RainDance|[upkeep]
|upkeep
|turn|4
|
|t:|1783115046
|switch|p2a: Tyranitar|Tyranitar-Mega, L50, M|100/100
|-weather|Sandstorm|[from] ability: Sand Stream|[of] p2a: Tyranitar
|move|p2b: Excadrill|High Horsepower|p1a: Swampert
|-damage|p1a: Swampert|18/100
|move|p1a: Swampert|Wave Crash|p2a: Tyranitar
|-supereffective|p2a: Tyranitar|1
|-damage|p2a: Tyranitar|5/100
|-damage|p1a: Swampert|0 fnt|[from] Recoil
|faint|p1a: Swampert
|move|p1b: Sinistcha|Trick Room|p1b: Sinistcha
|-fieldstart|move: Trick Room|[of] p1b: Sinistcha
|
|-weather|Sandstorm|[upkeep]
|-damage|p1b: Sinistcha|67/100|[from] Sandstorm
|upkeep
|
|t:|1783115056
|switch|p1a: Incineroar|Incineroar, L50, F|100/100
|-ability|p1a: Incineroar|Intimidate|boost
|-unboost|p2a: Tyranitar|atk|1
|-unboost|p2b: Excadrill|atk|1
|turn|5
|
|t:|1783115068
|move|p2a: Tyranitar|Protect|p2a: Tyranitar
|-singleturn|p2a: Tyranitar|Protect
|move|p2b: Excadrill|Protect|p2b: Excadrill
|-singleturn|p2b: Excadrill|Protect
|move|p1a: Incineroar|Throat Chop|p2a: Tyranitar
|-activate|p2a: Tyranitar|move: Protect
|move|p1b: Sinistcha|Matcha Gotcha|p2b: Excadrill|[spread] 
|-activate|p2a: Tyranitar|move: Protect
|-activate|p2b: Excadrill|move: Protect
|
|-weather|Sandstorm|[upkeep]
|-damage|p1a: Incineroar|94/100|[from] Sandstorm
|-damage|p1b: Sinistcha|61/100|[from] Sandstorm
|upkeep
|turn|6
|
|t:|1783115090
|switch|p2a: Corviknight|Corviknight, L50, M|100/100
|move|p1a: Incineroar|Throat Chop|p2b: Excadrill
|-crit|p2b: Excadrill
|-damage|p2b: Excadrill|0 fnt
|faint|p2b: Excadrill
|move|p1b: Sinistcha|Matcha Gotcha|p2a: Corviknight
|-resisted|p2a: Corviknight|2
|-damage|p2a: Corviknight|94/100
|-heal|p1b: Sinistcha|64/100|[from] drain|[of] p2a: Corviknight
|
|-weather|Sandstorm|[upkeep]
|-damage|p1a: Incineroar|88/100|[from] Sandstorm
|-damage|p1b: Sinistcha|58/100|[from] Sandstorm
|-heal|p2a: Corviknight|100/100|[from] item: Leftovers
|upkeep
|
|t:|1783115099
|switch|p2b: Tyranitar|Tyranitar-Mega, L50, M|5/100
|turn|7
|
|t:|1783115114
|switch|p2a: Rotom|Rotom-Wash, L50|100/100
|move|p2b: Tyranitar|Protect|p2b: Tyranitar
|-singleturn|p2b: Tyranitar|Protect
|move|p1a: Incineroar|Will-O-Wisp|p2a: Rotom
|-status|p2a: Rotom|brn
|move|p1b: Sinistcha|Matcha Gotcha|p2a: Rotom|[spread] 
|-activate|p2b: Tyranitar|move: Protect
|-miss|p1b: Sinistcha|p2a: Rotom
|
|-weather|Sandstorm|[upkeep]
|-damage|p1a: Incineroar|82/100|[from] Sandstorm
|-damage|p1b: Sinistcha|52/100|[from] Sandstorm
|-damage|p2a: Rotom|94/100 brn|[from] Sandstorm
|-damage|p2a: Rotom|88/100 brn|[from] brn
|upkeep
|turn|8
|
|t:|1783115137
|switch|p2b: Corviknight|Corviknight, L50, M|100/100
|move|p1b: Sinistcha|Protect|p1b: Sinistcha
|-singleturn|p1b: Sinistcha|Protect
|move|p1a: Incineroar|Parting Shot|p2a: Rotom
|-unboost|p2a: Rotom|atk|1
|-unboost|p2a: Rotom|spa|1
|
|t:|1783115141
|switch|p1a: Pelipper|Pelipper, L50, M, shiny|100/100|[from] Parting Shot
|-weather|RainDance|[from] ability: Drizzle|[of] p1a: Pelipper
|move|p2a: Rotom|Hydro Pump|p1a: Pelipper
|-resisted|p1a: Pelipper|1
|-damage|p1a: Pelipper|60/100
|
|-weather|RainDance|[upkeep]
|-damage|p2a: Rotom|82/100 brn|[from] brn
|-fieldend|move: Trick Room
|upkeep
|turn|9
|
|t:|1783115170
|move|p1a: Pelipper|Tailwind|p1a: Pelipper
|-sidestart|p1: LCchampleon|move: Tailwind
|move|p1b: Sinistcha|Matcha Gotcha|p2b: Corviknight|[spread] p2a,p2b
|-supereffective|p2a: Rotom|1
|-resisted|p2b: Corviknight|2
|-damage|p2a: Rotom|38/100 brn
|-heal|p1b: Sinistcha|70/100|[from] drain|[of] p2a: Rotom
|-damage|p2b: Corviknight|95/100
|-heal|p1b: Sinistcha|73/100|[from] drain|[of] p2b: Corviknight
|-status|p2b: Corviknight|brn
|move|p2a: Rotom|Volt Switch|p1a: Pelipper
|-supereffective|p1a: Pelipper|2
|-damage|p1a: Pelipper|0 fnt
|faint|p1a: Pelipper
|
|t:|1783115184
|switch|p2a: Tyranitar|Tyranitar-Mega, L50, M|5/100|[from] Volt Switch
|-weather|Sandstorm|[from] ability: Sand Stream|[of] p2a: Tyranitar
|move|p2b: Corviknight|Brave Bird|p1b: Sinistcha
|-supereffective|p1b: Sinistcha|1
|-damage|p1b: Sinistcha|46/100
|-enditem|p1b: Sinistcha|Sitrus Berry|[eat]
|-heal|p1b: Sinistcha|71/100|[from] item: Sitrus Berry
|-damage|p2b: Corviknight|87/100 brn|[from] Recoil
|
|-weather|Sandstorm|[upkeep]
|-damage|p1b: Sinistcha|65/100|[from] Sandstorm
|-heal|p2b: Corviknight|93/100 brn|[from] item: Leftovers
|-damage|p2b: Corviknight|87/100 brn|[from] brn
|upkeep
|
|t:|1783115190
|switch|p1a: Incineroar|Incineroar, L50, F|82/100
|-ability|p1a: Incineroar|Intimidate|boost
|-unboost|p2a: Tyranitar|atk|1
|-ability|p2b: Corviknight|Mirror Armor
|-unboost|p1a: Incineroar|atk|1
|turn|10
|
|t:|1783115200
|move|p2a: Tyranitar|Protect|p2a: Tyranitar
|-singleturn|p2a: Tyranitar|Protect
|move|p1a: Incineroar|Fake Out|p2b: Corviknight
|-resisted|p2b: Corviknight|1
|-damage|p2b: Corviknight|84/100 brn
|move|p1b: Sinistcha|Matcha Gotcha|p2a: Tyranitar|[spread] p2b
|-activate|p2a: Tyranitar|move: Protect
|-resisted|p2b: Corviknight|2
|-damage|p2b: Corviknight|80/100 brn
|-heal|p1b: Sinistcha|67/100|[from] drain|[of] p2b: Corviknight
|cant|p2b: Corviknight|flinch
|
|-weather|Sandstorm|[upkeep]
|-damage|p1b: Sinistcha|61/100|[from] Sandstorm
|-damage|p1a: Incineroar|76/100|[from] Sandstorm
|-heal|p2b: Corviknight|86/100 brn|[from] item: Leftovers
|-damage|p2b: Corviknight|80/100 brn|[from] brn
|upkeep
|turn|11
|
|t:|1783115216
|move|p1b: Sinistcha|Matcha Gotcha|p2a: Tyranitar|[spread] p2a,p2b
|-supereffective|p2a: Tyranitar|1
|-resisted|p2b: Corviknight|2
|-damage|p2a: Tyranitar|0 fnt
|-heal|p1b: Sinistcha|65/100|[from] drain|[of] p2a: Tyranitar
|-damage|p2b: Corviknight|76/100 brn
|-heal|p1b: Sinistcha|67/100|[from] drain|[of] p2b: Corviknight
|faint|p2a: Tyranitar
|move|p1a: Incineroar|Throat Chop|p2b: Corviknight
|-damage|p2b: Corviknight|58/100 brn
|-start|p2b: Corviknight|Throat Chop|[silent]
|move|p2b: Corviknight|Tailwind|p2b: Corviknight
|-sidestart|p2: lebronsusedtoilet|move: Tailwind
|
|-weather|Sandstorm|[upkeep]
|-damage|p1b: Sinistcha|61/100|[from] Sandstorm
|-damage|p1a: Incineroar|70/100|[from] Sandstorm
|-heal|p2b: Corviknight|63/100 brn|[from] item: Leftovers
|-damage|p2b: Corviknight|58/100 brn|[from] brn
|upkeep
|
|t:|1783115220
|switch|p2a: Rotom|Rotom-Wash, L50|38/100 brn
|turn|12
|
|t:|1783115232
|move|p2a: Rotom|Hydro Pump|p1a: Incineroar
|-supereffective|p1a: Incineroar|1
|-enditem|p1a: Incineroar|Passho Berry|[eat]
|-enditem|p1a: Incineroar|Passho Berry|[weaken]
|-damage|p1a: Incineroar|28/100
|move|p2b: Corviknight|Bulk Up|p2b: Corviknight
|-boost|p2b: Corviknight|atk|1
|-boost|p2b: Corviknight|def|1
|move|p1a: Incineroar|Throat Chop|p2b: Corviknight
|-damage|p2b: Corviknight|47/100 brn
|move|p1b: Sinistcha|Trick Room|p1b: Sinistcha
|-fieldstart|move: Trick Room|[of] p1b: Sinistcha
|
|-weather|Sandstorm|[upkeep]
|-damage|p1a: Incineroar|22/100|[from] Sandstorm
|-damage|p1b: Sinistcha|55/100|[from] Sandstorm
|-damage|p2a: Rotom|32/100 brn|[from] Sandstorm
|-heal|p2b: Corviknight|53/100 brn|[from] item: Leftovers
|-damage|p2b: Corviknight|47/100 brn|[from] brn
|-damage|p2a: Rotom|26/100 brn|[from] brn
|-end|p2b: Corviknight|Throat Chop|[silent]
|-sideend|p1: LCchampleon|move: Tailwind
|upkeep
|turn|13
|inactive|lebronsusedtoilet has 30 seconds left.
|
|t:|1783115262
|move|p1a: Incineroar|Throat Chop|p2b: Corviknight
|-damage|p2b: Corviknight|35/100 brn
|-start|p2b: Corviknight|Throat Chop|[silent]
|move|p1b: Sinistcha|Matcha Gotcha|p2b: Corviknight|[spread] p2a,p2b
|-supereffective|p2a: Rotom|1
|-resisted|p2b: Corviknight|2
|-damage|p2a: Rotom|0 fnt
|-heal|p1b: Sinistcha|66/100|[from] drain|[of] p2a: Rotom
|-damage|p2b: Corviknight|30/100 brn
|-heal|p1b: Sinistcha|69/100|[from] drain|[of] p2b: Corviknight
|faint|p2a: Rotom
|move|p2b: Corviknight|Bulk Up|p2b: Corviknight
|-boost|p2b: Corviknight|atk|1
|-boost|p2b: Corviknight|def|1
|
|-weather|none
|-heal|p2b: Corviknight|36/100 brn|[from] item: Leftovers
|-damage|p2b: Corviknight|30/100 brn|[from] brn
|upkeep
|turn|14
|
|t:|1783115277
|move|p1a: Incineroar|Throat Chop|p2b: Corviknight
|-damage|p2b: Corviknight|21/100 brn
|move|p1b: Sinistcha|Matcha Gotcha|p2b: Corviknight
|-resisted|p2b: Corviknight|2
|-damage|p2b: Corviknight|16/100 brn
|-heal|p1b: Sinistcha|73/100|[from] drain|[of] p2b: Corviknight
|move|p2b: Corviknight|Brave Bird|p1b: Sinistcha
|-supereffective|p1b: Sinistcha|1
|-damage|p1b: Sinistcha|13/100
|-damage|p2b: Corviknight|0 fnt|[from] Recoil
|faint|p2b: Corviknight
|
|win|LCchampleon
||LCchampleon is ready for game 3.
|inactive|lebronsusedtoilet has 30 seconds to confirm battle start!
|inactive|lebronsusedtoilet has 20 seconds to confirm battle start!
|inactive|lebronsusedtoilet has 10 seconds to confirm battle start!
|l|☆lebronsusedtoilet
|player|p2|
|uhtml|next|Next: Game 3 of 3
