|j|☆willscharnagl
|j|☆YouSickBastard!!
|html|willscharnaglYouSickBastard!!    
|uhtml|bestof|Game 2 of a best-of-3
|t:|1757707648
|gametype|doubles
|player|p1|willscharnagl|266|1110
|player|p2|YouSickBastard!!|birdkeeper-gen4dp|1140
|gen|9
|tier|[Gen 9] VGC 2025 Reg H (Bo3)
|rated|
|rule|Species Clause: Limit one of each Pokémon
|rule|Item Clause: Limit 1 of each item
|clearpoke
|poke|p1|Dondozo, L50, M|
|poke|p1|Tatsugiri, L50, M|
|poke|p1|Whimsicott, L50, F|
|poke|p1|Gholdengo, L50|
|poke|p1|Typhlosion, L50, M|
|poke|p1|Archaludon, L50, M|
|poke|p2|Gholdengo, L50|
|poke|p2|Sneasler, L50, M|
|poke|p2|Rillaboom, L50, F|
|poke|p2|Dragonite, L50, M|
|poke|p2|Ninetales-Alola, L50, M|
|poke|p2|Arcanine-Hisui, L50, F|
|teampreview|4
|showteam|p1|Dondozo||AssaultVest|Unaware|HeavySlam,Earthquake,OrderUp,WaveCrash|||M|||50|,,,,,Steel]Tatsugiri||FocusSash|Commander|TeraBlast,DragonPulse,DracoMeteor,Protect|||M|||50|,,,,,Fairy]Whimsicott||CovertCloak|Prankster|Moonblast,Taunt,Tailwind,FakeTears|||F|||50|,,,,,Water]Gholdengo||LifeOrb|GoodasGold|MakeItRain,ShadowBall,LightScreen,Reflect||||||50|,,,,,Steel]Typhlosion||ChoiceSpecs|FlashFire|Eruption,Flamethrower,ShadowBall,HeatWave|||M|||50|,,,,,Ghost]Archaludon||PowerHerb|Sturdy|ElectroShot,Thunderbolt,Protect,DragonPulse|||M|||50|,,,,,Electric
|showteam|p2|Gholdengo||GrassySeed|GoodasGold|NastyPlot,MakeItRain,ShadowBall,Protect||||||50|,,,,,Water]Sneasler||WhiteHerb|Unburden|CloseCombat,DireClaw,Coaching,Protect|||M|||50|,,,,,Ghost]Rillaboom||AssaultVest|GrassySurge|FakeOut,GrassyGlide,DrumBeating,HighHorsepower|||F|||50|,,,,,Fire]Dragonite||LoadedDice|Multiscale|ScaleShot,StompingTantrum,Tailwind,Protect|||M|||50|,,,,,Ground]Ninetales-Alola||FocusSash|SnowWarning|Blizzard,IcyWind,Encore,AuroraVeil|||M|||50|,,,,,Ghost]Arcanine-Hisui||ClearAmulet|Intimidate|RockSlide,FlareBlitz,ExtremeSpeed,Protect|||F|||50|,,,,,Water
|inactive|Battle timer is ON: inactive players will automatically lose when time's up. (requested by willscharnagl)
|
|t:|1757707658
|teamsize|p1|4
|teamsize|p2|4
|start
|switch|p1a: Typhlosion|Typhlosion, L50, M|100/100
|switch|p1b: Whimsicott|Whimsicott, L50, F|100/100
|switch|p2a: Arcanine|Arcanine-Hisui, L50, F|100/100
|switch|p2b: Gholdengo|Gholdengo, L50|100/100
|-ability|p2a: Arcanine|Intimidate|boost
|-unboost|p1a: Typhlosion|atk|1
|-unboost|p1b: Whimsicott|atk|1
|turn|1
|
|t:|1757707668
|move|p2b: Gholdengo|Protect|p2b: Gholdengo
|-singleturn|p2b: Gholdengo|Protect
|move|p1b: Whimsicott|Tailwind|p1b: Whimsicott
|-sidestart|p1: willscharnagl|move: Tailwind
|move|p1a: Typhlosion|Eruption|p2a: Arcanine|[spread] p2a
|-activate|p2b: Gholdengo|move: Protect
|-resisted|p2a: Arcanine
|-damage|p2a: Arcanine|76/100
|move|p2a: Arcanine|Rock Slide|p1b: Whimsicott|[spread] p1a,p1b
|-supereffective|p1a: Typhlosion
|-damage|p1a: Typhlosion|19/100
|-damage|p1b: Whimsicott|69/100
|
|upkeep
|turn|2
|
|t:|1757707683
|switch|p1b: Tatsugiri|Tatsugiri, L50, M|100/100
|switch|p1a: Dondozo|Dondozo, L50, M|100/100
|-activate|p1b: Tatsugiri|ability: Commander|[of] p1a: Dondozo
|-boost|p1a: Dondozo|atk|2
|-boost|p1a: Dondozo|spa|2
|-boost|p1a: Dondozo|spe|2
|-boost|p1a: Dondozo|def|2
|-boost|p1a: Dondozo|spd|2
|move|p2a: Arcanine|Extreme Speed|p1a: Dondozo
|-damage|p1a: Dondozo|92/100
|move|p2b: Gholdengo|Nasty Plot|p2b: Gholdengo
|-boost|p2b: Gholdengo|spa|2
|
|upkeep
|turn|3
|inactive|YouSickBastard!! has 30 seconds left.
|
|t:|1757707718
|switch|p2a: Rillaboom|Rillaboom, L50, F|100/100
|-fieldstart|move: Grassy Terrain|[from] ability: Grassy Surge|[of] p2a: Rillaboom
|-enditem|p2b: Gholdengo|Grassy Seed
|-boost|p2b: Gholdengo|def|1|[from] item: Grassy Seed
|move|p2b: Gholdengo|Protect|p2b: Gholdengo
|-singleturn|p2b: Gholdengo|Protect
|move|p1a: Dondozo|Order Up|p2a: Rillaboom
|-damage|p2a: Rillaboom|47/100
|-boost|p1a: Dondozo|atk|1
|
|-heal|p1a: Dondozo|98/100|[from] Grassy Terrain
|-heal|p2a: Rillaboom|53/100|[from] Grassy Terrain
|upkeep
|turn|4
|
|t:|1757707736
|-terastallize|p1a: Dondozo|Steel
|move|p2a: Rillaboom|Fake Out|p1a: Dondozo
|-resisted|p1a: Dondozo
|-damage|p1a: Dondozo|96/100
|cant|p1a: Dondozo|flinch
|move|p2b: Gholdengo|Shadow Ball|p1a: Dondozo
|-damage|p1a: Dondozo|81/100
|
|-heal|p1a: Dondozo|87/100|[from] Grassy Terrain
|-heal|p2a: Rillaboom|59/100|[from] Grassy Terrain
|-sideend|p1: willscharnagl|move: Tailwind
|upkeep
|turn|5
|
|t:|1757707753
|move|p2b: Gholdengo|Protect|p2b: Gholdengo
|-singleturn|p2b: Gholdengo|Protect
|move|p1a: Dondozo|Order Up|p2a: Rillaboom
|-damage|p2a: Rillaboom|0 fnt
|faint|p2a: Rillaboom
|-boost|p1a: Dondozo|atk|1
|
|-heal|p1a: Dondozo|93/100|[from] Grassy Terrain
|upkeep
|
|t:|1757707760
|switch|p2a: Niners|Ninetales-Alola, L50, M|100/100
|-weather|Snowscape|[from] ability: Snow Warning|[of] p2a: Niners
|turn|6
|
|t:|1757707767
|move|p2a: Niners|Encore|p1a: Dondozo
|-start|p1a: Dondozo|Encore
|move|p1a: Dondozo|Order Up|p2b: Gholdengo
|-resisted|p2b: Gholdengo
|-damage|p2b: Gholdengo|61/100
|-boost|p1a: Dondozo|atk|1
|move|p2b: Gholdengo|Shadow Ball|p1a: Dondozo
|-damage|p1a: Dondozo|78/100
|
|-weather|Snowscape|[upkeep]
|-heal|p1a: Dondozo|84/100|[from] Grassy Terrain
|-heal|p2b: Gholdengo|68/100|[from] Grassy Terrain
|upkeep
|turn|7
|
|t:|1757707774
|move|p2b: Gholdengo|Protect|p2b: Gholdengo
|-singleturn|p2b: Gholdengo|Protect
|move|p2a: Niners|Blizzard|p1b: Tatsugiri|[spread] p1a
|-miss|p2a: Niners|p1b: Tatsugiri
|-resisted|p1a: Dondozo
|-damage|p1a: Dondozo|79/100
|move|p1a: Dondozo|Order Up|p2b: Gholdengo
|-activate|p2b: Gholdengo|move: Protect
|
|-weather|Snowscape|[upkeep]
|-heal|p1a: Dondozo|85/100|[from] Grassy Terrain
|-heal|p2b: Gholdengo|74/100|[from] Grassy Terrain
|-fieldend|move: Grassy Terrain
|upkeep
|turn|8
|
|t:|1757707782
|move|p2a: Niners|Icy Wind|p1b: Tatsugiri|[spread] p1a
|-miss|p2a: Niners|p1b: Tatsugiri
|-resisted|p1a: Dondozo
|-damage|p1a: Dondozo|82/100
|-unboost|p1a: Dondozo|spe|1
|move|p2b: Gholdengo|Shadow Ball|p1a: Dondozo
|-damage|p1a: Dondozo|69/100
|-unboost|p1a: Dondozo|spd|1
|move|p1a: Dondozo|Order Up|p2b: Gholdengo
|-resisted|p2b: Gholdengo
|-damage|p2b: Gholdengo|28/100
|-boost|p1a: Dondozo|atk|1
|
|-weather|Snowscape|[upkeep]
|-end|p1a: Dondozo|Encore
|upkeep
|turn|9
|
|t:|1757707790
|move|p2b: Gholdengo|Protect|p2b: Gholdengo
|-singleturn|p2b: Gholdengo|Protect
|move|p2a: Niners|Encore|p1a: Dondozo
|-start|p1a: Dondozo|Encore
|move|p1a: Dondozo|Order Up|p2a: Niners
|-immune|p2a: Niners
|
|-weather|Snowscape|[upkeep]
|upkeep
|turn|10
|
|t:|1757707802
|move|p2a: Niners|Blizzard|p1a: Dondozo|[spread] p1a
|-miss|p2a: Niners|p1b: Tatsugiri
|-resisted|p1a: Dondozo
|-damage|p1a: Dondozo|61/100
|move|p2b: Gholdengo|Shadow Ball|p1a: Dondozo
|-damage|p1a: Dondozo|42/100
|move|p1a: Dondozo|Order Up|p2b: Gholdengo
|-resisted|p2b: Gholdengo
|-damage|p2b: Gholdengo|0 fnt
|faint|p2b: Gholdengo
|-boost|p1a: Dondozo|atk|0
|
|-weather|none
|upkeep
|
|t:|1757707810
|switch|p2b: Arcanine|Arcanine-Hisui, L50, F|76/100
|-ability|p2b: Arcanine|Intimidate|boost
|-unboost|p1a: Dondozo|atk|1
|-unboost|p1b: Tatsugiri|atk|1
|turn|11
|inactive|YouSickBastard!! has 30 seconds left.
|
|t:|1757707844
|move|p2a: Niners|Icy Wind|p1b: Tatsugiri|[spread] p1a
|-miss|p2a: Niners|p1b: Tatsugiri
|-resisted|p1a: Dondozo
|-damage|p1a: Dondozo|38/100
|-unboost|p1a: Dondozo|spe|1
|move|p2b: Arcanine|Rock Slide|p1a: Dondozo|[spread] p1a
|-miss|p2b: Arcanine|p1b: Tatsugiri
|-resisted|p1a: Dondozo
|-damage|p1a: Dondozo|33/100
|move|p1a: Dondozo|Order Up|p2b: Arcanine
|-damage|p2b: Arcanine|0 fnt
|faint|p2b: Arcanine
|-boost|p1a: Dondozo|atk|1
|
|-end|p1a: Dondozo|Encore
|upkeep
|turn|12
|-message|YouSickBastard!! forfeited.
|
|win|willscharnagl
|l|☆YouSickBastard!!
|player|p2|
||YouSickBastard!! is ready for game 3.
||willscharnagl is ready for game 3.
|uhtml|next|Next: Game 3 of 3
