|j|☆SelvesterTheYAK
|j|☆kigokigo
|html|SelvesterTheYAKkigokigo    
|uhtml|bestof|Game 2 of a best-of-3
|t:|1756871654
|gametype|doubles
|player|p1|SelvesterTheYAK|170|1197
|player|p2|kigokigo|2|1208
|gen|9
|tier|[Gen 9] VGC 2025 Reg H (Bo3)
|rated|
|rule|Species Clause: Limit one of each Pokémon
|rule|Item Clause: Limit 1 of each item
|clearpoke
|poke|p1|Tyranitar, L50, M|
|poke|p1|Arcanine-Hisui, L50, F|
|poke|p1|Kommo-o, L50, M|
|poke|p1|Gholdengo, L50|
|poke|p1|Rillaboom, L50, M|
|poke|p1|Electabuzz, L50, F|
|poke|p2|Indeedee-F, L50, F|
|poke|p2|Armarouge, L50, F|
|poke|p2|Lilligant-Hisui, L50, F|
|poke|p2|Ursaluna, L50, M|
|poke|p2|Torkoal, L50, M|
|poke|p2|Gallade, L50, M|
|teampreview|4
|showteam|p1|Tyranitar||AssaultVest|SandStream|RockSlide,KnockOff,TeraBlast,LowKick|||M|||50|,,,,,Flying]Arcanine-Hisui||SitrusBerry|Intimidate|RockSlide,FlareBlitz,WillOWisp,Howl|||F|||50|,,,,,Water]Kommo-o||Leftovers|Overcoat|IronDefense,BodyPress,Protect,DragonClaw|||M|||50|,,,,,Steel]Gholdengo||LifeOrb|GoodasGold|MakeItRain,ShadowBall,NastyPlot,Protect||||||50|,,,,,Steel]Rillaboom||MiracleSeed|GrassySurge|FakeOut,GrassyGlide,WoodHammer,Protect|||M|||50|,,,,,Grass]Electabuzz||Eviolite|VitalSpirit|Taunt,Protect,Electroweb,FollowMe|||F|||50|,,,,,Ghost
|showteam|p2|Indeedee-F||PsychicSeed|PsychicSurge|TrickRoom,FollowMe,HelpingHand,Psychic|||F|||50|,,,,,Water]Armarouge||LifeOrb|FlashFire|ExpandingForce,ArmorCannon,TrickRoom,HeatWave|||F|||50|,,,,,Grass]Lilligant-Hisui||FocusSash|Chlorophyll|CloseCombat,SleepPowder,AfterYou,SolarBlade|||F|||50|,,,,,Ghost]Ursaluna||FlameOrb|Guts|Facade,HeadlongRush,Earthquake,ShadowClaw|||M|||50|,,,,,Ghost]Torkoal||Charcoal|Drought|Eruption,WeatherBall,ClearSmog,HeatWave|||M|||50|,,,,,Fire]Gallade||ClearAmulet|Sharpness|PsychoCut,SacredSword,TrickRoom,WideGuard|||M|||50|,,,,,Steel
|
|t:|1756871682
|teamsize|p1|4
|teamsize|p2|4
|start
|switch|p1a: Tyranitar|Tyranitar, L50, M|100/100
|switch|p1b: Arcanine|Arcanine-Hisui, L50, F|100/100
|switch|p2a: Torkoal|Torkoal, L50, M|100/100
|switch|p2b: Lilligant|Lilligant-Hisui, L50, F|100/100
|-ability|p1b: Arcanine|Intimidate|boost
|-unboost|p2a: Torkoal|atk|1
|-unboost|p2b: Lilligant|atk|1
|-weather|Sandstorm|[from] ability: Sand Stream|[of] p1a: Tyranitar
|-weather|SunnyDay|[from] ability: Drought|[of] p2a: Torkoal
|turn|1
|
|t:|1756871701
|move|p2b: Lilligant|Sleep Powder|p1b: Arcanine
|-status|p1b: Arcanine|slp|[from] move: Sleep Powder
|cant|p1b: Arcanine|slp
|move|p1a: Tyranitar|Rock Slide|p2b: Lilligant|[spread] p2a,p2b
|-supereffective|p2a: Torkoal
|-resisted|p2b: Lilligant
|-damage|p2a: Torkoal|53/100
|-damage|p2b: Lilligant|76/100
|move|p2a: Torkoal|Eruption|p1a: Tyranitar|[spread] p1a,p1b
|-resisted|p1a: Tyranitar
|-resisted|p1b: Arcanine
|-damage|p1a: Tyranitar|86/100
|-damage|p1b: Arcanine|89/100 slp
|
|-weather|SunnyDay|[upkeep]
|upkeep
|turn|2
|
|t:|1756871724
|move|p2b: Lilligant|Close Combat|p1b: Arcanine
|-supereffective|p1b: Arcanine
|-damage|p1b: Arcanine|1/100 slp
|-unboost|p2b: Lilligant|def|1
|-unboost|p2b: Lilligant|spd|1
|-enditem|p1b: Arcanine|Sitrus Berry|[eat]
|-heal|p1b: Arcanine|26/100 slp|[from] item: Sitrus Berry
|cant|p1b: Arcanine|slp
|move|p1a: Tyranitar|Rock Slide|p2a: Torkoal|[spread] p2b
|-miss|p1a: Tyranitar|p2a: Torkoal
|-resisted|p2b: Lilligant
|-damage|p2b: Lilligant|34/100
|move|p2a: Torkoal|Weather Ball|p1a: Tyranitar
|-resisted|p1a: Tyranitar
|-damage|p1a: Tyranitar|63/100
|
|-weather|SunnyDay|[upkeep]
|upkeep
|turn|3
|inactive|Battle timer is ON: inactive players will automatically lose when time's up. (requested by kigokigo)
|
|t:|1756871747
|switch|p1a: Electabuzz|Electabuzz, L50, F|100/100
|switch|p2a: Indeedee|Indeedee-F, L50, F|100/100
|-fieldstart|move: Psychic Terrain|[from] ability: Psychic Surge|[of] p2a: Indeedee
|-enditem|p2a: Indeedee|Psychic Seed
|-boost|p2a: Indeedee|spd|1|[from] item: Psychic Seed
|move|p2b: Lilligant|Close Combat|p1a: Electabuzz
|-damage|p1a: Electabuzz|64/100
|-unboost|p2b: Lilligant|def|1
|-unboost|p2b: Lilligant|spd|1
|-curestatus|p1b: Arcanine|slp|[msg]
|move|p1b: Arcanine|Rock Slide|p2a: Indeedee|[spread] p2a,p2b
|-resisted|p2b: Lilligant
|-damage|p2a: Indeedee|80/100
|-damage|p2b: Lilligant|0 fnt
|faint|p2b: Lilligant
|
|-weather|SunnyDay|[upkeep]
|upkeep
|
|t:|1756871762
|switch|p2b: Armarouge|Armarouge, L50, F|100/100
|turn|4
|
|t:|1756871775
|-terastallize|p2b: Armarouge|Grass
|move|p2a: Indeedee|Follow Me|p2a: Indeedee
|-singleturn|p2a: Indeedee|move: Follow Me
|move|p1a: Electabuzz|Taunt|p2a: Indeedee
|-start|p2a: Indeedee|move: Taunt
|move|p1b: Arcanine|Rock Slide|p2b: Armarouge|[spread] p2a,p2b
|-crit|p2b: Armarouge
|-damage|p2a: Indeedee|60/100
|-damage|p2b: Armarouge|73/100
|move|p2b: Armarouge|Trick Room|p2b: Armarouge
|-fieldstart|move: Trick Room|[of] p2b: Armarouge
|
|-weather|SunnyDay|[upkeep]
|upkeep
|turn|5
|
|t:|1756871796
|move|p1a: Electabuzz|Protect|p1a: Electabuzz
|-singleturn|p1a: Electabuzz|Protect
|move|p2b: Armarouge|Expanding Force|p1b: Arcanine|[spread] p1b
|-activate|p1a: Electabuzz|move: Protect
|-damage|p1b: Arcanine|0 fnt
|faint|p1b: Arcanine
|-damage|p2b: Armarouge|63/100|[from] item: Life Orb
|move|p2a: Indeedee|Psychic|p1a: Electabuzz
|-activate|p1a: Electabuzz|move: Protect
|
|-weather|none
|upkeep
|
|t:|1756871809
|switch|p1b: Tyranitar|Tyranitar, L50, M|63/100
|-weather|Sandstorm|[from] ability: Sand Stream|[of] p1b: Tyranitar
|turn|6
|
|t:|1756871818
|switch|p2a: Torkoal|Torkoal, L50, M|53/100
|-weather|SunnyDay|[from] ability: Drought|[of] p2a: Torkoal
|move|p1a: Electabuzz|Follow Me|p1a: Electabuzz
|-singleturn|p1a: Electabuzz|move: Follow Me
|move|p2b: Armarouge|Expanding Force|p1a: Electabuzz|[spread] p1a
|-immune|p1b: Tyranitar
|-damage|p1a: Electabuzz|0 fnt
|faint|p1a: Electabuzz
|-damage|p2b: Armarouge|53/100|[from] item: Life Orb
|move|p1b: Tyranitar|Knock Off|p2a: Torkoal
|-damage|p2a: Torkoal|7/100
|-enditem|p2a: Torkoal|Charcoal|[from] move: Knock Off|[of] p1b: Tyranitar
|
|-weather|SunnyDay|[upkeep]
|upkeep
|
|t:|1756871832
|switch|p1a: Gholdengo|Gholdengo, L50|100/100
|turn|7
|
|t:|1756871853
|move|p1a: Gholdengo|Protect|p1a: Gholdengo
|-singleturn|p1a: Gholdengo|Protect
|move|p2a: Torkoal|Heat Wave|p1b: Tyranitar|[spread] p1b
|-activate|p1a: Gholdengo|move: Protect
|-resisted|p1b: Tyranitar
|-damage|p1b: Tyranitar|50/100
|move|p2b: Armarouge|Armor Cannon|p1b: Tyranitar
|-resisted|p1b: Tyranitar
|-damage|p1b: Tyranitar|9/100
|-unboost|p2b: Armarouge|def|1
|-unboost|p2b: Armarouge|spd|1
|-damage|p2b: Armarouge|43/100|[from] item: Life Orb
|move|p1b: Tyranitar|Knock Off|p2b: Armarouge
|-damage|p2b: Armarouge|0 fnt
|-enditem|p2b: Armarouge|Life Orb|[from] move: Knock Off|[of] p1b: Tyranitar
|faint|p2b: Armarouge
|
|-weather|SunnyDay|[upkeep]
|-fieldend|move: Psychic Terrain
|upkeep
|
|t:|1756871869
|switch|p2b: Indeedee|Indeedee-F, L50, F|60/100
|-fieldstart|move: Psychic Terrain|[from] ability: Psychic Surge|[of] p2b: Indeedee
|turn|8
|
|t:|1756871879
|-terastallize|p1a: Gholdengo|Steel
|move|p2b: Indeedee|Helping Hand|p2a: Torkoal
|-singleturn|p2a: Torkoal|Helping Hand|[of] p2b: Indeedee
|move|p2a: Torkoal|Heat Wave|p1a: Gholdengo|[spread] p1a,p1b
|-supereffective|p1a: Gholdengo
|-resisted|p1b: Tyranitar
|-damage|p1a: Gholdengo|0 fnt
|-damage|p1b: Tyranitar|0 fnt
|faint|p1a: Gholdengo
|faint|p1b: Tyranitar
|
|win|kigokigo
||SelvesterTheYAK is ready for game 3.
||kigokigo is ready for game 3.
|uhtml|next|Next: Game 3 of 3
|l|☆kigokigo
|player|p2|
