|j|☆bosilek
|j|☆enyelvgc
|html|bosilekenyelvgc    
|uhtml|bestof|Game 1 of a best-of-3
|t:|1756272402
|gametype|doubles
|player|p1|bosilek|hilbert-wonderlauncher|1124
|player|p2|enyelvgc|102|1099
|gen|9
|tier|[Gen 9] VGC 2025 Reg H (Bo3)
|rated|
|rule|Species Clause: Limit one of each Pokémon
|rule|Item Clause: Limit 1 of each item
|clearpoke
|poke|p1|Garchomp, L50, M|
|poke|p1|Talonflame, L50, M|
|poke|p1|Gholdengo, L50|
|poke|p1|Ninetales-Alola, L50, M|
|poke|p1|Hydreigon, L50, M|
|poke|p1|Annihilape, L50, M|
|poke|p2|Dragapult, L50, M|
|poke|p2|Incineroar, L50, M|
|poke|p2|Rillaboom, L50, M|
|poke|p2|Gholdengo, L50|
|poke|p2|Basculegion, L50, M|
|poke|p2|Pelipper, L50, M|
|teampreview|4
|showteam|p1|Garchomp||LifeOrb|RoughSkin|Protect,Earthquake,DragonClaw,StompingTantrum|||M|||50|,,,,,Steel]Talonflame||CovertCloak|GaleWings|BraveBird,Taunt,WillOWisp,Tailwind|||M|||50|,,,,,Grass]Gholdengo||MetalCoat|GoodasGold|MakeItRain,ShadowBall,Protect,NastyPlot||||||50|,,,,,Water]Ninetales-Alola||FocusSash|SnowWarning|Blizzard,FreezeDry,Encore,Protect|||M|||50|,,,,,Water]Hydreigon||ChoiceSpecs|Levitate|HeatWave,Snarl,EarthPower,DragonPulse|||M|||50|,,,,,Fire]Annihilape||SafetyGoggles|Defiant|FinalGambit,RageFist,CloseCombat,Protect|||M|||50|,,,,,Fire
|showteam|p2|Dragapult||ChoiceBand|ClearBody|Outrage,DragonDarts,PhantomForce,Uturn|||M|||50|,,,,,Dragon]Incineroar||SafetyGoggles|Intimidate|Taunt,KnockOff,FakeOut,PartingShot|||M|||50|,,,,,Ghost]Rillaboom||AssaultVest|GrassySurge|FakeOut,GrassyGlide,WoodHammer,Uproar|||M|||50|,,,,,Fire]Gholdengo||LifeOrb|GoodasGold|MakeItRain,ShadowBall,NastyPlot,Protect||||||50|,,,,,Steel]Basculegion||ClearAmulet|SwiftSwim|WaveCrash,FlipTurn,AquaJet,Protect|||M|||50|,,,,,Water]Pelipper||FocusSash|Drizzle|HelpingHand,Tailwind,Hurricane,Protect|||M|||50|,,,,,Ghost
|inactive|Battle timer is ON: inactive players will automatically lose when time's up. (requested by enyelvgc)
|inactive|bosilek has 60 seconds left.
|
|t:|1756272499
|teamsize|p1|4
|teamsize|p2|4
|start
|switch|p1a: Ninetales|Ninetales-Alola, L50, M|100/100
|switch|p1b: Hydreigon|Hydreigon, L50, M|100/100
|switch|p2a: Dragapult|Dragapult, L50, M, shiny|100/100
|switch|p2b: Basculegion|Basculegion, L50, M|100/100
|-weather|Snowscape|[from] ability: Snow Warning|[of] p1a: Ninetales
|turn|1
|inactive|enyelvgc has 30 seconds left.
|inactive|enyelvgc has 20 seconds left.
|inactive|enyelvgc has 15 seconds left.
|inactive|enyelvgc has 10 seconds left.
|
|t:|1756272546
|switch|p2b: Pelipper|Pelipper, L50, M, shiny|100/100
|-weather|RainDance|[from] ability: Drizzle|[of] p2b: Pelipper
|-terastallize|p2a: Dragapult|Dragon
|-terastallize|p1b: Hydreigon|Fire
|move|p2a: Dragapult|Dragon Darts|p1b: Hydreigon
|-damage|p1b: Hydreigon|39/100
|-anim|p2a: Dragapult|Dragon Darts|p1b: Hydreigon
|-damage|p1b: Hydreigon|0 fnt
|faint|p1b: Hydreigon
|move|p1a: Ninetales|Freeze-Dry|p2b: Pelipper
|-supereffective|p2b: Pelipper
|-enditem|p2b: Pelipper|Focus Sash
|-damage|p2b: Pelipper|1/100
|
|-weather|RainDance|[upkeep]
|upkeep
|
|t:|1756272568
|switch|p1b: Talonflame|Talonflame, L50, M|100/100
|turn|2
|
|t:|1756272581
|move|p1b: Talonflame|Tailwind|p1b: Talonflame
|-sidestart|p1: bosilek|move: Tailwind
|move|p1a: Ninetales|Blizzard|p2b: Pelipper|[spread] 
|-miss|p1a: Ninetales|p2a: Dragapult
|-miss|p1a: Ninetales|p2b: Pelipper
|move|p2a: Dragapult|Dragon Darts|p1b: Talonflame
|-damage|p1b: Talonflame|12/100
|-anim|p2a: Dragapult|Dragon Darts|p1b: Talonflame
|-damage|p1b: Talonflame|0 fnt
|faint|p1b: Talonflame
|move|p2b: Pelipper|Tailwind|p2b: Pelipper
|-sidestart|p2: enyelvgc|move: Tailwind
|
|-weather|RainDance|[upkeep]
|upkeep
|c|☆bosilek|I LOVE MISSES
|
|t:|1756272594
|switch|p1b: Gholdengo|Gholdengo, L50|100/100
|turn|3
|c|☆enyelvgc|obvio is blizzard
|
|t:|1756272617
|move|p2b: Pelipper|Helping Hand|p2a: Dragapult
|-singleturn|p2a: Dragapult|Helping Hand|[of] p2b: Pelipper
|move|p2a: Dragapult|Dragon Darts|p1b: Gholdengo
|-resisted|p1b: Gholdengo
|-damage|p1b: Gholdengo|60/100
|-anim|p2a: Dragapult|Dragon Darts|p1b: Gholdengo
|-resisted|p1b: Gholdengo
|-damage|p1b: Gholdengo|15/100
|move|p1a: Ninetales|Blizzard|p2b: Pelipper|[spread] p2b
|-miss|p1a: Ninetales|p2a: Dragapult
|-damage|p2b: Pelipper|0 fnt
|faint|p2b: Pelipper
|move|p1b: Gholdengo|Nasty Plot|p1b: Gholdengo
|-boost|p1b: Gholdengo|spa|2
|
|-weather|RainDance|[upkeep]
|upkeep
|
|t:|1756272635
|switch|p2b: Gholdengo|Gholdengo, L50|100/100
|turn|4
|c|☆bosilek|gg, gotta love this dumb game
|
|t:|1756272650
|move|p1b: Gholdengo|Protect|p1b: Gholdengo
|-singleturn|p1b: Gholdengo|Protect
|move|p2a: Dragapult|Dragon Darts|p1b: Gholdengo
|-immune|p1a: Ninetales
|move|p1a: Ninetales|Freeze-Dry|p2a: Dragapult
|-supereffective|p2a: Dragapult
|-damage|p2a: Dragapult|27/100
|move|p2b: Gholdengo|Nasty Plot|p2b: Gholdengo
|-boost|p2b: Gholdengo|spa|2
|
|-weather|RainDance|[upkeep]
|upkeep
|turn|5
|-message|bosilek forfeited.
|
|win|enyelvgc
