|j|☆uutung
|j|☆yingziw2
|html|uutungyingziw2    
|uhtml|bestof|Game 2 of a best-of-3
|t:|1786112359
|gametype|doubles
|player|p1|uutung|169|
|player|p2|yingziw2|iono|
|gen|9
|tier|[Gen 9 Champions] VGC 2026 Reg M-B (Bo3)
|rule|Species Clause: Limit one of each Pokémon
|rule|Item Clause: Limit 1 of each item
|clearpoke
|poke|p1|Charizard, L50, M|
|poke|p1|Glimmora, L50, M|
|poke|p1|Whimsicott, L50, F|
|poke|p1|Ninetales-Alola, L50, F|
|poke|p1|Kingambit, L50, M|
|poke|p1|Kommo-o, L50, M|
|poke|p2|Raichu, L50, F|
|poke|p2|Staraptor, L50, F|
|poke|p2|Farigiraf, L50, M|
|poke|p2|Sylveon, L50, M|
|poke|p2|Kingambit, L50, F|
|poke|p2|Arcanine-Hisui, L50, M|
|teampreview|4
|showteam|p1|Charizard||CharizarditeY|Blaze|HeatWave,WeatherBall,SolarBeam,Protect|Modest||M|||50|]Glimmora||Glimmoranite|ToxicDebris|SludgeBomb,PowerGem,EarthPower,SpikyShield|Modest||M|||50|]Whimsicott||FocusSash|Prankster|Moonblast,Tailwind,Encore,Protect|Timid||F|||50|]Ninetales-Alola||NeverMeltIce|SnowWarning|Blizzard,FreezeDry,Disable,Protect|Timid||F|||50|]Kingambit||BlackGlasses|Defiant|KowtowCleave,SuckerPunch,IronHead,Protect|Adamant||M|||50|]Kommo-o||LifeOrb|Overcoat|ClangingScales,AuraSphere,VacuumWave,Protect|Modest||M|||50|
|showteam|p2|Raichu||RaichuniteY|LightningRod|ZapCannon,FocusBlast,FakeOut,Protect|Timid||F|||50|]Staraptor||Staraptite|Intimidate|CloseCombat,DualWingbeat,Tailwind,Protect|Jolly||F|||50|]Farigiraf||SitrusBerry|ArmorTail|Psychic,GrassKnot,HelpingHand,TrickRoom|Bold||M|||50|]Sylveon||FairyFeather|Pixilate|HyperVoice,HyperBeam,QuickAttack,Detect|Modest||M|||50|]Kingambit||LifeOrb|Defiant|KowtowCleave,SuckerPunch,SwordsDance,Protect|Adamant||F|||50|]Arcanine-Hisui||FocusSash|RockHead|FlareBlitz,HeadSmash,ExtremeSpeed,Protect|Jolly||M|||50|
|j| goodryan2630
|
|t:|1786112448
|teamsize|p1|4
|teamsize|p2|4
|start
|switch|p1a: Glimmora|Glimmora, L50, M|100/100
|switch|p1b: Whimsicott|Whimsicott, L50, F|100/100
|switch|p2a: Raichu|Raichu, L50, F|100/100
|switch|p2b: Farigiraf|Farigiraf, L50, M|100/100
|turn|1
|
|t:|1786112507
|detailschange|p1a: Glimmora|Glimmora-Mega, L50, M
|-mega|p1a: Glimmora|Glimmora|Glimmoranite
|move|p2a: Raichu|Protect|p2a: Raichu
|-singleturn|p2a: Raichu|Protect
|move|p1b: Whimsicott|Tailwind|p1b: Whimsicott
|-sidestart|p1: uutung|move: Tailwind
|move|p1a: Glimmora|Sludge Bomb|p2b: Farigiraf
|-damage|p2b: Farigiraf|33/100
|-enditem|p2b: Farigiraf|Sitrus Berry|[eat]
|-heal|p2b: Farigiraf|58/100|[from] item: Sitrus Berry
|move|p2b: Farigiraf|Psychic|p1a: Glimmora
|-supereffective|p1a: Glimmora|1
|-damage|p1a: Glimmora|15/100
|
|upkeep
|turn|2
|
|t:|1786112616
|switch|p1a: Kommo-o|Kommo-o, L50, M|100/100
|switch|p2a: Arcanine|Arcanine-Hisui, L50, M|100/100
|move|p1b: Whimsicott|Moonblast|p2b: Farigiraf
|-damage|p2b: Farigiraf|23/100
|move|p2b: Farigiraf|Trick Room|p2b: Farigiraf
|-fieldstart|move: Trick Room|[of] p2b: Farigiraf
|
|upkeep
|turn|3
|
|t:|1786112678
|move|p1b: Whimsicott|Protect|p1b: Whimsicott
|-singleturn|p1b: Whimsicott|Protect
|move|p2b: Farigiraf|Psychic|p1a: Kommo-o
|-supereffective|p1a: Kommo-o|1
|-damage|p1a: Kommo-o|19/100
|move|p2a: Arcanine|Flare Blitz|p1b: Whimsicott
|-activate|p1b: Whimsicott|move: Protect
|move|p1a: Kommo-o|Clanging Scales|p2b: Farigiraf|[spread] p2a,p2b
|-crit|p2a: Arcanine
|-damage|p2a: Arcanine|11/100
|-damage|p2b: Farigiraf|0 fnt
|faint|p2b: Farigiraf
|-unboost|p1a: Kommo-o|def|1
|-damage|p1a: Kommo-o|9/100|[from] item: Life Orb
|
|upkeep
|
|t:|1786112684
|switch|p2b: Sylveon|Sylveon, L50, M|100/100
|turn|4
|j| 86test
|
|t:|1786112800
|move|p2a: Arcanine|Protect|p2a: Arcanine
|-singleturn|p2a: Arcanine|Protect
|move|p1a: Kommo-o|Vacuum Wave|p2a: Arcanine
|-activate|p2a: Arcanine|move: Protect
|move|p2b: Sylveon|Hyper Voice|p1b: Whimsicott|[spread] p1a,p1b
|-supereffective|p1a: Kommo-o|2
|-damage|p1a: Kommo-o|0 fnt
|-damage|p1b: Whimsicott|28/100
|faint|p1a: Kommo-o
|move|p1b: Whimsicott|Moonblast|p2b: Sylveon
|-damage|p2b: Sylveon|74/100
|
|-sideend|p1: uutung|move: Tailwind
|upkeep
|
|t:|1786112811
|switch|p1a: Kingambit|Kingambit, L50, M|100/100
|turn|5
|
|t:|1786112855
|move|p2a: Arcanine|Extreme Speed|p1b: Whimsicott
|-damage|p1b: Whimsicott|0 fnt
|faint|p1b: Whimsicott
|move|p1a: Kingambit|Iron Head|p2b: Sylveon
|-supereffective|p2b: Sylveon|1
|-damage|p2b: Sylveon|0 fnt
|faint|p2b: Sylveon
|
|upkeep
|
|t:|1786112860
|switch|p2b: Raichu|Raichu, L50, F|100/100
|switch|p1b: Glimmora|Glimmora-Mega, L50, M|15/100
|turn|6
|
|t:|1786112942
|move|p2a: Arcanine|Protect|p2a: Arcanine
|-singleturn|p2a: Arcanine|Protect
|move|p2b: Raichu|Protect|p2b: Raichu
|-singleturn|p2b: Raichu|Protect
|move|p1a: Kingambit|Kowtow Cleave|p2b: Raichu
|-activate|p2b: Raichu|move: Protect
|move|p1b: Glimmora|Earth Power|p2a: Arcanine
|-activate|p2a: Arcanine|move: Protect
|
|-fieldend|move: Trick Room
|upkeep
|turn|7
|
|t:|1786112991
|detailschange|p2b: Raichu|Raichu-Mega-Y, L50, F
|-mega|p2b: Raichu|Raichu|Raichunite Y
|move|p2b: Raichu|Zap Cannon|p1b: Glimmora
|-damage|p1b: Glimmora|0 fnt
|faint|p1b: Glimmora
|move|p2a: Arcanine|Flare Blitz|p1a: Kingambit
|-supereffective|p1a: Kingambit|1
|-damage|p1a: Kingambit|10/100
|move|p1a: Kingambit|Kowtow Cleave|p2a: Arcanine
|-damage|p2a: Arcanine|0 fnt
|faint|p2a: Arcanine
|
|upkeep
|turn|8
|
|t:|1786113002
|move|p1a: Kingambit|Sucker Punch|p2b: Raichu
|-damage|p2b: Raichu|8/100
|move|p2b: Raichu|Zap Cannon|p1a: Kingambit
|-damage|p1a: Kingambit|0 fnt
|faint|p1a: Kingambit
|
|win|yingziw2
