|j|☆atahualpamaia
|j|☆puli95
|html|atahualpamaiapuli95    
|uhtml|bestof|Game 1 of a best-of-3
|t:|1757028812
|gametype|doubles
|player|p1|atahualpamaia|lucas|1026
|player|p2|puli95|266|1000
|gen|9
|tier|[Gen 9] VGC 2025 Reg H (Bo3)
|rated|
|rule|Species Clause: Limit one of each Pokémon
|rule|Item Clause: Limit 1 of each item
|clearpoke
|poke|p1|Dragonite, L50, F|
|poke|p1|Ursaluna-Bloodmoon, L50, M|
|poke|p1|Sneasler, L50, F|
|poke|p1|Braviary, L50, M|
|poke|p1|Whimsicott, L50, M|
|poke|p1|Farigiraf, L50, M|
|poke|p2|Ursaluna, L50, M|
|poke|p2|Indeedee-F, L50, F|
|poke|p2|Exeggutor, L50, F|
|poke|p2|Torkoal, L50, M|
|poke|p2|Gallade, L50, M|
|poke|p2|Zoroark-Hisui, L50, F|
|teampreview|4
|showteam|p1|Dragonite||LoadedDice|Multiscale|ScaleShot,IcePunch,StompingTantrum,Protect|||F|||50|,,,,,Steel]Ursaluna-Bloodmoon||SitrusBerry|MindsEye|BloodMoon,EarthPower,HyperVoice,Protect|||M|||50|,,,,,Ghost]Sneasler||WhiteHerb|Unburden|CloseCombat,DireClaw,ThroatChop,Protect|||F|||50|,,,,,Ghost]Braviary||LifeOrb|Defiant|BraveBird,CloseCombat,HelpingHand,Protect|||M|||50|,,,,,Flying]Whimsicott||FocusSash|Prankster|Moonblast,Taunt,Tailwind,Protect|||M|||50|,,,,,Ghost]Farigiraf||ThroatSpray|ArmorTail|HyperVoice,HelpingHand,TrickRoom,Protect|||M|||50|,,,,,Water
|showteam|p2|Ursaluna||FlameOrb|Guts|Protect,Facade,Earthquake,HeadlongRush|||M|||50|,,,,,Ghost]Indeedee-F||PsychicSeed|PsychicSurge|TrickRoom,Psychic,FollowMe,HelpingHand|||F|||50|,,,,,Grass]Exeggutor||FocusSash|Chlorophyll|TrickRoom,ExpandingForce,EnergyBall,SleepPowder|||F|||50|,,,,,Psychic]Torkoal||Charcoal|Drought|Eruption,ClearSmog,Protect,WeatherBall|||M|||50|,,,,,Fire]Gallade||ClearAmulet|Sharpness|PsychoCut,TrickRoom,WideGuard,SacredSword|||M|||50|,,,,,Fire]Zoroark-Hisui||ChoiceSpecs|Illusion|HyperVoice,Flamethrower,ShadowBall,TeraBlast|||F|||50|,,,,,Stellar
|inactive|Battle timer is ON: inactive players will automatically lose when time's up. (requested by atahualpamaia)
|inactive|atahualpamaia has 60 seconds left.
|inactive|puli95 has 60 seconds left.
|inactive|atahualpamaia has 30 seconds left.
|inactive|atahualpamaia has 20 seconds left.
|
|t:|1757028887
|teamsize|p1|4
|teamsize|p2|4
|start
|switch|p1a: Sneasler|Sneasler, L50, F|100/100
|switch|p1b: Farigiraf|Farigiraf, L50, M|100/100
|switch|p2a: Indeedee|Indeedee-F, L50, F|100/100
|switch|p2b: Exeggutor|Exeggutor, L50, F|100/100
|-fieldstart|move: Psychic Terrain|[from] ability: Psychic Surge|[of] p2a: Indeedee
|-enditem|p2a: Indeedee|Psychic Seed
|-boost|p2a: Indeedee|spd|1|[from] item: Psychic Seed
|turn|1
|inactive|atahualpamaia has 30 seconds left.
|inactive|puli95 has 30 seconds left.
|inactive|atahualpamaia has 20 seconds left.
|inactive|atahualpamaia has 15 seconds left.
|
|t:|1757028928
|move|p1a: Sneasler|Protect|p1a: Sneasler
|-singleturn|p1a: Sneasler|Protect
|move|p2a: Indeedee|Follow Me|p2a: Indeedee
|-singleturn|p2a: Indeedee|move: Follow Me
|move|p2b: Exeggutor|Expanding Force|p1a: Sneasler|[spread] p1b
|-activate|p1a: Sneasler|move: Protect
|-resisted|p1b: Farigiraf
|-damage|p1b: Farigiraf|71/100
|move|p1b: Farigiraf|Hyper Voice|p2a: Indeedee|[spread] p2a,p2b
|-damage|p2a: Indeedee|82/100
|-damage|p2b: Exeggutor|63/100
|-enditem|p1b: Farigiraf|Throat Spray
|-boost|p1b: Farigiraf|spa|1|[from] item: Throat Spray
|
|upkeep
|turn|2
|inactive|atahualpamaia has 30 seconds left.
|
|t:|1757028957
|switch|p1a: Dragonite|Dragonite, L50, F|100/100
|move|p1b: Farigiraf|Helping Hand|p1a: Dragonite
|-singleturn|p1a: Dragonite|Helping Hand|[of] p1b: Farigiraf
|move|p2a: Indeedee|Follow Me|p2a: Indeedee
|-singleturn|p2a: Indeedee|move: Follow Me
|move|p2b: Exeggutor|Expanding Force|p1a: Dragonite|[spread] p1a,p1b
|-resisted|p1b: Farigiraf
|-damage|p1a: Dragonite|65/100
|-damage|p1b: Farigiraf|43/100
|
|upkeep
|turn|3
|c|☆atahualpamaia|clicked wrong damn
|inactive|atahualpamaia has 30 seconds left.
|
|t:|1757028988
|move|p1a: Dragonite|Protect|p1a: Dragonite
|-singleturn|p1a: Dragonite|Protect
|move|p2a: Indeedee|Follow Me|p2a: Indeedee
|-singleturn|p2a: Indeedee|move: Follow Me
|move|p2b: Exeggutor|Sleep Powder|p1a: Dragonite
|-activate|p1a: Dragonite|move: Protect
|move|p1b: Farigiraf|Hyper Voice|p2b: Exeggutor|[spread] p2a,p2b
|-crit|p2b: Exeggutor
|-damage|p2a: Indeedee|55/100
|-damage|p2b: Exeggutor|0 fnt
|faint|p2b: Exeggutor
|
|upkeep
|
|t:|1757029011
|switch|p2b: Gallade|Gallade, L50, M|100/100
|turn|4
|
|t:|1757029034
|move|p1b: Farigiraf|Protect|p1b: Farigiraf
|-singleturn|p1b: Farigiraf|Protect
|move|p1a: Dragonite|Scale Shot|p2b: Gallade
|-damage|p2b: Gallade|78/100
|-damage|p2b: Gallade|57/100
|-damage|p2b: Gallade|34/100
|-damage|p2b: Gallade|13/100
|-damage|p2b: Gallade|0 fnt
|faint|p2b: Gallade
|-hitcount|p2: Gallade|5
|-unboost|p1a: Dragonite|def|1
|-boost|p1a: Dragonite|spe|1
|move|p2a: Indeedee|Trick Room|p2a: Indeedee
|-fieldstart|move: Trick Room|[of] p2a: Indeedee
|
|upkeep
|
|t:|1757029048
|switch|p2b: Torkoal|Torkoal, L50, M|100/100
|-weather|SunnyDay|[from] ability: Drought|[of] p2b: Torkoal
|turn|5
|inactive|atahualpamaia has 30 seconds left.
|
|t:|1757029080
|-terastallize|p2b: Torkoal|Fire
|-terastallize|p1b: Farigiraf|Water
|move|p2a: Indeedee|Helping Hand|p2b: Torkoal
|-singleturn|p2b: Torkoal|Helping Hand|[of] p2a: Indeedee
|move|p1a: Dragonite|Protect|p1a: Dragonite
|-singleturn|p1a: Dragonite|Protect
|move|p2b: Torkoal|Eruption|p1b: Farigiraf|[spread] p1b
|-activate|p1a: Dragonite|move: Protect
|-resisted|p1b: Farigiraf
|-damage|p1b: Farigiraf|0 fnt
|faint|p1b: Farigiraf
|
|-weather|SunnyDay|[upkeep]
|-fieldend|move: Psychic Terrain
|upkeep
|
|t:|1757029093
|switch|p1b: Ursaluna|Ursaluna-Bloodmoon, L50, M|100/100
|turn|6
|
|t:|1757029109
|move|p2a: Indeedee|Helping Hand|p2b: Torkoal
|-singleturn|p2b: Torkoal|Helping Hand|[of] p2a: Indeedee
|move|p1b: Ursaluna|Protect|p1b: Ursaluna
|-singleturn|p1b: Ursaluna|Protect
|move|p1a: Dragonite|Protect|p1a: Dragonite
|-singleturn|p1a: Dragonite|Protect
|move|p2b: Torkoal|Eruption|p1b: Ursaluna|[spread] 
|-activate|p1a: Dragonite|move: Protect
|-activate|p1b: Ursaluna|move: Protect
|
|-weather|SunnyDay|[upkeep]
|upkeep
|turn|7
|inactive|atahualpamaia has 30 seconds left.
|
|t:|1757029137
|move|p2a: Indeedee|Helping Hand|p2b: Torkoal
|-singleturn|p2b: Torkoal|Helping Hand|[of] p2a: Indeedee
|move|p2b: Torkoal|Eruption|p1a: Dragonite|[spread] p1a,p1b
|-resisted|p1a: Dragonite
|-damage|p1a: Dragonite|0 fnt
|-damage|p1b: Ursaluna|0 fnt
|faint|p1a: Dragonite
|faint|p1b: Ursaluna
|
|-weather|SunnyDay|[upkeep]
|upkeep
|inactive|atahualpamaia has 30 seconds left.
|inactive|atahualpamaia has 20 seconds left.
|
|t:|1757029176
|switch|p1b: Sneasler|Sneasler, L50, F|100/100
|turn|8
|
|t:|1757029190
|move|p2a: Indeedee|Helping Hand|p2b: Torkoal
|-singleturn|p2b: Torkoal|Helping Hand|[of] p2a: Indeedee
|move|p1b: Sneasler|Protect|p1b: Sneasler
|-singleturn|p1b: Sneasler|Protect
|move|p2b: Torkoal|Eruption|p1b: Sneasler
|-activate|p1b: Sneasler|move: Protect
|
|-weather|SunnyDay|[upkeep]
|-fieldend|move: Trick Room
|upkeep
|turn|9
|
|t:|1757029206
|move|p2a: Indeedee|Follow Me|p2a: Indeedee
|-singleturn|p2a: Indeedee|move: Follow Me
|move|p1b: Sneasler|Throat Chop|p2a: Indeedee
|-supereffective|p2a: Indeedee
|-damage|p2a: Indeedee|4/100
|-start|p2a: Indeedee|Throat Chop|[silent]
|move|p2b: Torkoal|Eruption|p1b: Sneasler
|-damage|p1b: Sneasler|0 fnt
|faint|p1b: Sneasler
|
|win|puli95
||atahualpamaia is ready for game 2.
|inactive|puli95 has 30 seconds to confirm battle start!
||puli95 is ready for game 2.
|uhtml|next|Next: Game 2 of 3
