|j|☆thisisaladderteam
|j|☆k1ngm3
|html|thisisaladderteamk1ngm3    
|uhtml|bestof|Game 1 of a best-of-3
|t:|1782453759
|gametype|doubles
|player|p1|thisisaladderteam|guzma|1152
|player|p2|k1ngm3|dragontamer|1063
|gen|9
|tier|[Gen 9 Champions] VGC 2026 Reg M-B (Bo3)
|rated|
|rule|Species Clause: Limit one of each Pokémon
|rule|Item Clause: Limit 1 of each item
|clearpoke
|poke|p1|Sceptile, L50, M, shiny|
|poke|p1|Rotom-Heat, L50, shiny|
|poke|p1|Toxapex, L50, M, shiny|
|poke|p1|Incineroar, L50, M, shiny|
|poke|p1|Garchomp, L50, F|
|poke|p1|Gholdengo, L50|
|poke|p2|Whimsicott, L50, F|
|poke|p2|Tyranitar, L50, F|
|poke|p2|Ceruledge, L50, M|
|poke|p2|Malamar, L50, F|
|poke|p2|Raichu, L50, M|
|poke|p2|Staraptor, L50, M|
|teampreview|4
|showteam|p1|Sceptile||Sceptilite|Overgrow|Detect,EnergyBall,DragonPulse,EarthPower|Timid||M|||50|]Rotom-Heat||ChoiceScarf|Levitate|Discharge,Electroweb,Overheat,WillOWisp|Timid|||||50|]Toxapex||Leftovers|Regenerator|BanefulBunker,Infestation,Toxic,WideGuard|Bold||M|||50|]Incineroar||SitrusBerry|Intimidate|FakeOut,PartingShot,ThroatChop,FlareBlitz|Careful||M|||50|]Garchomp||LifeOrb|RoughSkin|Protect,RockSlide,Earthquake,DragonClaw|Jolly||F|||50|]Gholdengo||KasibBerry|GoodasGold|Protect,NastyPlot,ShadowBall,MakeItRain|Modest|||||50|
|showteam|p2|Whimsicott||FocusSash|Prankster|Tailwind,Encore,TrickRoom,DazzlingGleam|Bold||F|||50|]Tyranitar||Tyranitarite|SandStream|RockSlide,Superpower,KnockOff,DragonDance|Adamant||F|||50|]Ceruledge||ChartiBerry|FlashFire|BulkUp,BitterBlade,ShadowSneak,Reflect|Hasty||M|||50|]Malamar||ChoiceScarf|Contrary|PoisonJab,PsychoCut,Disable,Superpower|Jolly||F|||50|]Raichu||RaichuniteY|LightningRod|FocusBlast,ZapCannon,GrassKnot,FakeOut|Hasty||M|||50|]Staraptor||Staraptite|Intimidate|BlazeKick,CloseCombat,Roost,BraveBird|Adamant||M|||50|
|inactive|Battle timer is ON: inactive players will automatically lose when time's up. (requested by thisisaladderteam)
|inactive|thisisaladderteam has 60 seconds left.
|
|t:|1782453798
|teamsize|p1|4
|teamsize|p2|4
|start
|switch|p1a: Toxapex|Toxapex, L50, M, shiny|100/100
|switch|p1b: Gholdengo|Gholdengo, L50|100/100
|switch|p2a: Whimsicott|Whimsicott, L50, F|100/100
|switch|p2b: Tyranitar|Tyranitar, L50, F|100/100
|-weather|Sandstorm|[from] ability: Sand Stream|[of] p2b: Tyranitar
|turn|1
|
|t:|1782453815
|switch|p1b: Incineroar|Incineroar, L50, M, shiny|100/100
|-ability|p1b: Incineroar|Intimidate|boost
|-unboost|p2a: Whimsicott|atk|1
|-unboost|p2b: Tyranitar|atk|1
|move|p2a: Whimsicott|Tailwind|p2a: Whimsicott
|-sidestart|p2: k1ngm3|move: Tailwind
|move|p2b: Tyranitar|Dragon Dance|p2b: Tyranitar
|-boost|p2b: Tyranitar|atk|1
|-boost|p2b: Tyranitar|spe|1
|move|p1a: Toxapex|Toxic|p2b: Tyranitar
|-status|p2b: Tyranitar|tox
|
|-weather|Sandstorm|[upkeep]
|-damage|p2a: Whimsicott|94/100|[from] Sandstorm
|-damage|p1b: Incineroar|94/100|[from] Sandstorm
|-damage|p1a: Toxapex|94/100|[from] Sandstorm
|-heal|p1a: Toxapex|100/100|[from] item: Leftovers
|-damage|p2b: Tyranitar|94/100 tox|[from] psn
|upkeep
|turn|2
|inactive|k1ngm3 has 30 seconds left.
|inactive|k1ngm3 has 20 seconds left.
|
|t:|1782453854
|switch|p2a: Ceruledge|Ceruledge, L50, M|100/100
|switch|p2b: Staraptor|Staraptor, L50, M|100/100
|-ability|p2b: Staraptor|Intimidate|boost
|-unboost|p1a: Toxapex|atk|1
|-unboost|p1b: Incineroar|atk|1
|move|p1b: Incineroar|Fake Out|p2a: Ceruledge
|-immune|p2a: Ceruledge
|move|p1a: Toxapex|Infestation|p2b: Staraptor
|-resisted|p2b: Staraptor|1
|-damage|p2b: Staraptor|98/100
|-activate|p2b: Staraptor|move: Infestation|[of] p1a: Toxapex
|
|-weather|Sandstorm|[upkeep]
|-damage|p2a: Ceruledge|94/100|[from] Sandstorm
|-damage|p2b: Staraptor|92/100|[from] Sandstorm
|-damage|p1b: Incineroar|88/100|[from] Sandstorm
|-damage|p1a: Toxapex|94/100|[from] Sandstorm
|-heal|p1a: Toxapex|100/100|[from] item: Leftovers
|-damage|p2b: Staraptor|79/100|[from] move: Infestation|[partiallytrapped]
|upkeep
|turn|3
|inactive|k1ngm3 has 30 seconds left.
|
|t:|1782453889
|switch|p1b: Gholdengo|Gholdengo, L50|100/100
|detailschange|p2b: Staraptor|Staraptor-Mega, L50, M
|-mega|p2b: Staraptor|Staraptor|Staraptite
|move|p2a: Ceruledge|Bitter Blade|p1a: Toxapex
|-resisted|p1a: Toxapex|1
|-damage|p1a: Toxapex|85/100
|-heal|p2a: Ceruledge|100/100|[from] drain|[of] p1a: Toxapex
|move|p2b: Staraptor|Close Combat|p1b: Gholdengo
|-immune|p1b: Gholdengo
|move|p1a: Toxapex|Toxic|p2a: Ceruledge
|-status|p2a: Ceruledge|tox
|
|-weather|Sandstorm|[upkeep]
|-damage|p2a: Ceruledge|94/100 tox|[from] Sandstorm
|-damage|p2b: Staraptor|73/100|[from] Sandstorm
|-damage|p1a: Toxapex|80/100|[from] Sandstorm
|-heal|p1a: Toxapex|85/100|[from] item: Leftovers
|-damage|p2a: Ceruledge|88/100 tox|[from] psn
|-damage|p2b: Staraptor|61/100|[from] move: Infestation|[partiallytrapped]
|upkeep
|turn|4
|inactive|k1ngm3 has 30 seconds left.
|inactive|k1ngm3 has 20 seconds left.
|
|t:|1782453927
|switch|p2a: Tyranitar|Tyranitar, L50, F|94/100 tox
|move|p1b: Gholdengo|Protect|p1b: Gholdengo
|-singleturn|p1b: Gholdengo|Protect
|move|p2b: Staraptor|Close Combat|p1a: Toxapex
|-resisted|p1a: Toxapex|1
|-damage|p1a: Toxapex|61/100
|-boost|p2b: Staraptor|def|1
|-boost|p2b: Staraptor|spd|1
|move|p1a: Toxapex|Toxic|p2b: Staraptor
|-status|p2b: Staraptor|tox
|
|-weather|Sandstorm|[upkeep]
|-damage|p2b: Staraptor|55/100 tox|[from] Sandstorm
|-damage|p1a: Toxapex|55/100|[from] Sandstorm
|-heal|p1a: Toxapex|61/100|[from] item: Leftovers
|-damage|p2b: Staraptor|48/100 tox|[from] psn
|-damage|p2a: Tyranitar|88/100 tox|[from] psn
|-damage|p2b: Staraptor|36/100 tox|[from] move: Infestation|[partiallytrapped]
|-sideend|p2: k1ngm3|move: Tailwind
|upkeep
|turn|5
|inactive|k1ngm3 has 30 seconds left.
|inactive|k1ngm3 has 20 seconds left.
|
|t:|1782453964
|move|p2b: Staraptor|Roost|p2b: Staraptor
|-heal|p2b: Staraptor|86/100 tox
|-singleturn|p2b: Staraptor|move: Roost
|move|p1b: Gholdengo|Make It Rain|p2a: Tyranitar|[spread] p2a,p2b
|-supereffective|p2a: Tyranitar|1
|-damage|p2a: Tyranitar|30/100 tox
|-damage|p2b: Staraptor|47/100 tox
|-unboost|p1b: Gholdengo|spa|2
|move|p2a: Tyranitar|Knock Off|p1b: Gholdengo
|-supereffective|p1b: Gholdengo|1
|-damage|p1b: Gholdengo|0 fnt
|-enditem|p1b: Gholdengo|Kasib Berry|[from] move: Knock Off|[of] p2a: Tyranitar
|faint|p1b: Gholdengo
|move|p1a: Toxapex|Infestation|p2a: Tyranitar
|-supereffective|p2a: Tyranitar|1
|-damage|p2a: Tyranitar|26/100 tox
|-activate|p2a: Tyranitar|move: Infestation|[of] p1a: Toxapex
|
|-weather|none
|-heal|p1a: Toxapex|66/100|[from] item: Leftovers
|-damage|p2b: Staraptor|34/100 tox|[from] psn
|-damage|p2a: Tyranitar|14/100 tox|[from] psn
|-damage|p2b: Staraptor|22/100 tox|[from] move: Infestation|[partiallytrapped]
|-damage|p2a: Tyranitar|2/100 tox|[from] move: Infestation|[partiallytrapped]
|upkeep
|
|t:|1782453981
|switch|p1b: Garchomp|Garchomp, L50, F|100/100
|turn|6
|
|t:|1782454004
|move|p1b: Garchomp|Dragon Claw|p2b: Staraptor
|-damage|p2b: Staraptor|0 fnt
|faint|p2b: Staraptor
|-damage|p1b: Garchomp|90/100|[from] item: Life Orb
|move|p2a: Tyranitar|Superpower|p1b: Garchomp
|-damage|p1b: Garchomp|44/100
|-unboost|p2a: Tyranitar|atk|1
|-unboost|p2a: Tyranitar|def|1
|-damage|p2a: Tyranitar|0 fnt|[from] ability: Rough Skin|[of] p1b: Garchomp
|faint|p2a: Tyranitar
|move|p1a: Toxapex|Infestation|p2: Tyranitar|[notarget]
|-fail|p1a: Toxapex
|
|-heal|p1a: Toxapex|72/100|[from] item: Leftovers
|upkeep
|
|t:|1782454020
|switch|p2b: Ceruledge|Ceruledge, L50, M|88/100 tox
|switch|p2a: Whimsicott|Whimsicott, L50, F|94/100
|turn|7
|inactive|k1ngm3 has 30 seconds left.
|
|t:|1782454046
|move|p1b: Garchomp|Rock Slide|p2a: Whimsicott|[spread] p2a,p2b
|-supereffective|p2b: Ceruledge|1
|-enditem|p2b: Ceruledge|Charti Berry|[eat]
|-enditem|p2b: Ceruledge|Charti Berry|[weaken]
|-damage|p2a: Whimsicott|71/100
|-damage|p2b: Ceruledge|46/100 tox
|-damage|p1b: Garchomp|35/100|[from] item: Life Orb
|move|p2b: Ceruledge|Bulk Up|p2b: Ceruledge
|-boost|p2b: Ceruledge|atk|1
|-boost|p2b: Ceruledge|def|1
|cant|p2a: Whimsicott|flinch
|move|p1a: Toxapex|Toxic|p2a: Whimsicott
|-status|p2a: Whimsicott|tox
|
|-heal|p1a: Toxapex|78/100|[from] item: Leftovers
|-damage|p2b: Ceruledge|40/100 tox|[from] psn
|-damage|p2a: Whimsicott|65/100 tox|[from] psn
|upkeep
|turn|8
|inactive|k1ngm3 has 30 seconds left.
|
|t:|1782454071
|switch|p1b: Incineroar|Incineroar, L50, M, shiny|88/100
|-ability|p1b: Incineroar|Intimidate|boost
|-unboost|p2a: Whimsicott|atk|1
|-unboost|p2b: Ceruledge|atk|1
|move|p1a: Toxapex|Baneful Bunker|p1a: Toxapex
|-singleturn|p1a: Toxapex|move: Protect
|move|p2a: Whimsicott|Encore|p1a: Toxapex
|-activate|p1a: Toxapex|move: Protect
|move|p2b: Ceruledge|Bitter Blade|p1b: Incineroar
|-resisted|p1b: Incineroar|1
|-damage|p1b: Incineroar|69/100
|-heal|p2b: Ceruledge|53/100 tox|[from] drain|[of] p1b: Incineroar
|
|-heal|p1a: Toxapex|84/100|[from] item: Leftovers
|-damage|p2b: Ceruledge|41/100 tox|[from] psn
|-damage|p2a: Whimsicott|53/100 tox|[from] psn
|upkeep
|turn|9
|
|t:|1782454092
|move|p1b: Incineroar|Fake Out|p2a: Whimsicott
|-damage|p2a: Whimsicott|43/100 tox
|cant|p2a: Whimsicott|flinch
|move|p2b: Ceruledge|Bulk Up|p2b: Ceruledge
|-boost|p2b: Ceruledge|atk|1
|-boost|p2b: Ceruledge|def|1
|move|p1a: Toxapex|Infestation|p2b: Ceruledge
|-resisted|p2b: Ceruledge|2
|-damage|p2b: Ceruledge|40/100 tox
|-activate|p2b: Ceruledge|move: Infestation|[of] p1a: Toxapex
|
|-heal|p1a: Toxapex|89/100|[from] item: Leftovers
|-damage|p2b: Ceruledge|22/100 tox|[from] psn
|-damage|p2a: Whimsicott|25/100 tox|[from] psn
|-damage|p2b: Ceruledge|10/100 tox|[from] move: Infestation|[partiallytrapped]
|upkeep
|turn|10
|
|t:|1782454111
|move|p1a: Toxapex|Baneful Bunker|p1a: Toxapex
|-singleturn|p1a: Toxapex|move: Protect
|move|p2a: Whimsicott|Encore|p1a: Toxapex
|-activate|p1a: Toxapex|move: Protect
|move|p2b: Ceruledge|Bitter Blade|p1b: Incineroar
|-resisted|p1b: Incineroar|1
|-damage|p1b: Incineroar|36/100
|-heal|p2b: Ceruledge|32/100 tox|[from] drain|[of] p1b: Incineroar
|-enditem|p1b: Incineroar|Sitrus Berry|[eat]
|-heal|p1b: Incineroar|61/100|[from] item: Sitrus Berry
|move|p1b: Incineroar|Flare Blitz|p2a: Whimsicott
|-supereffective|p2a: Whimsicott|1
|-damage|p2a: Whimsicott|0 fnt
|faint|p2a: Whimsicott
|-damage|p1b: Incineroar|54/100|[from] Recoil
|
|-heal|p1a: Toxapex|95/100|[from] item: Leftovers
|-damage|p2b: Ceruledge|8/100 tox|[from] psn
|-damage|p2b: Ceruledge|0 fnt|[from] move: Infestation|[partiallytrapped]
|faint|p2b: Ceruledge
|
|win|thisisaladderteam
