|j|☆angelbee21
|j|☆Pyos
|html|angelbee21Pyos    
|uhtml|bestof|Game 1 of a best-of-3
|t:|1757123510
|gametype|doubles
|player|p1|angelbee21|lenora|1196
|player|p2|Pyos|tulip|1270
|gen|9
|tier|[Gen 9] VGC 2025 Reg H (Bo3)
|rated|
|rule|Species Clause: Limit one of each Pokémon
|rule|Item Clause: Limit 1 of each item
|clearpoke
|poke|p1|Flamigo, L50, M|
|poke|p1|Garchomp, L50, M|
|poke|p1|Kingambit, L50, F|
|poke|p1|Typhlosion-Hisui, L50, F|
|poke|p1|Ninetales-Alola, L50, F|
|poke|p1|Rillaboom, L50, F|
|poke|p2|Maushold, L50|
|poke|p2|Archaludon, L50, F|
|poke|p2|Incineroar, L50, M|
|poke|p2|Pelipper, L50, M|
|poke|p2|Rillaboom, L50, F|
|poke|p2|Sneasler, L50, F|
|teampreview|4
|showteam|p1|Flamigo||FocusSash|Scrappy|CloseCombat,DualWingbeat,WideGuard,Protect|||M|||50|,,,,,Stellar]Garchomp||LifeOrb|RoughSkin|DragonClaw,StompingTantrum,PoisonJab,Protect|||M|||50|,,,,,Poison]Kingambit||BlackGlasses|Defiant|KowtowCleave,SuckerPunch,IronHead,Protect|||F|||50|,,,,,Dark]Typhlosion-Hisui||ChoiceScarf|Blaze|Eruption,ShadowBall,HeatWave,Overheat|||F|||50|,,,,,Fire]Ninetales-Alola||LightClay|SnowWarning|AuroraVeil,FreezeDry,Moonblast,Protect|||F|||50|,,,,,Water]Rillaboom||AssaultVest|GrassySurge|DrumBeating,FakeOut,GrassyGlide,HighHorsepower|||F|||50|,,,,,Fire
|showteam|p2|Maushold||WideLens|Technician|Protect,PopulationBomb,SuperFang,Taunt||||||50|,,,,,Ghost]Archaludon||AssaultVest|Stamina|BodyPress,ElectroShot,DragonPulse,FlashCannon|||F|||50|,,,,,Bug]Incineroar||SafetyGoggles|Intimidate|KnockOff,FakeOut,FlareBlitz,PartingShot|||M|||50|,,,,,Ghost]Pelipper||FocusSash|Drizzle|Tailwind,WeatherBall,Hurricane,Protect|||M|||50|,,,,,Ghost]Rillaboom||MiracleSeed|GrassySurge|GrassyGlide,WoodHammer,FakeOut,Uturn|||F|||50|,,,,,Fire]Sneasler||GrassySeed|Unburden|CloseCombat,DireClaw,ThroatChop,Protect|||F|||50|,,,,,Dark
|inactive|Battle timer is ON: inactive players will automatically lose when time's up. (requested by angelbee21)
|
|t:|1757123537
|teamsize|p1|4
|teamsize|p2|4
|start
|switch|p1a: Flamigo|Flamigo, L50, M|100/100
|switch|p1b: Garchomp|Garchomp, L50, M|100/100
|switch|p2a: Maushold|Maushold, L50|100/100
|switch|p2b: Archaludon|Archaludon, L50, F|100/100
|turn|1
|
|t:|1757123554
|move|p2a: Maushold|Population Bomb|p2b: Archaludon
|-resisted|p2b: Archaludon
|-damage|p2b: Archaludon|97/100
|-ability|p2b: Archaludon|Stamina|boost
|-boost|p2b: Archaludon|def|1
|-resisted|p2b: Archaludon
|-damage|p2b: Archaludon|95/100
|-ability|p2b: Archaludon|Stamina|boost
|-boost|p2b: Archaludon|def|1
|-resisted|p2b: Archaludon
|-crit|p2b: Archaludon
|-damage|p2b: Archaludon|91/100
|-ability|p2b: Archaludon|Stamina|boost
|-boost|p2b: Archaludon|def|1
|-resisted|p2b: Archaludon
|-damage|p2b: Archaludon|89/100
|-ability|p2b: Archaludon|Stamina|boost
|-boost|p2b: Archaludon|def|1
|-resisted|p2b: Archaludon
|-damage|p2b: Archaludon|88/100
|-ability|p2b: Archaludon|Stamina|boost
|-boost|p2b: Archaludon|def|1
|-resisted|p2b: Archaludon
|-damage|p2b: Archaludon|87/100
|-ability|p2b: Archaludon|Stamina|boost
|-boost|p2b: Archaludon|def|1
|-resisted|p2b: Archaludon
|-damage|p2b: Archaludon|86/100
|-resisted|p2b: Archaludon
|-damage|p2b: Archaludon|85/100
|-resisted|p2b: Archaludon
|-damage|p2b: Archaludon|84/100
|-resisted|p2b: Archaludon
|-damage|p2b: Archaludon|83/100
|-hitcount|p2b: Archaludon|10
|move|p1a: Flamigo|Close Combat|p2a: Maushold
|-supereffective|p2a: Maushold
|-damage|p2a: Maushold|0 fnt
|-unboost|p1a: Flamigo|def|1
|-unboost|p1a: Flamigo|spd|1
|faint|p2a: Maushold
|move|p1b: Garchomp|Dragon Claw|p2b: Archaludon
|-crit|p2b: Archaludon
|-damage|p2b: Archaludon|21/100
|-damage|p1b: Garchomp|90/100|[from] item: Life Orb
|move|p2b: Archaludon|Dragon Pulse|p1b: Garchomp
|-supereffective|p1b: Garchomp
|-damage|p1b: Garchomp|24/100
|
|upkeep
|
|t:|1757123569
|switch|p2a: Pelipper|Pelipper, L50, M|100/100
|-weather|RainDance|[from] ability: Drizzle|[of] p2a: Pelipper
|turn|2
|
|t:|1757123580
|-terastallize|p2b: Archaludon|Bug
|move|p1a: Flamigo|Close Combat|p2b: Archaludon
|-resisted|p2b: Archaludon
|-damage|p2b: Archaludon|15/100
|-unboost|p1a: Flamigo|def|1
|-unboost|p1a: Flamigo|spd|1
|move|p1b: Garchomp|Dragon Claw|p2b: Archaludon
|-damage|p2b: Archaludon|6/100
|-damage|p1b: Garchomp|14/100|[from] item: Life Orb
|move|p2a: Pelipper|Tailwind|p2a: Pelipper
|-sidestart|p2: Pyos|move: Tailwind
|move|p2b: Archaludon|Electro Shot||[still]
|-prepare|p2b: Archaludon|Electro Shot
|-boost|p2b: Archaludon|spa|1
|-anim|p2b: Archaludon|Electro Shot|p1a: Flamigo
|-supereffective|p1a: Flamigo
|-enditem|p1a: Flamigo|Focus Sash
|-damage|p1a: Flamigo|1/100
|
|-weather|RainDance|[upkeep]
|upkeep
|turn|3
|inactive|Pyos has 30 seconds left.
|
|t:|1757123606
|switch|p1b: Ninetales|Ninetales-Alola, L50, F|100/100
|-weather|Snowscape|[from] ability: Snow Warning|[of] p1b: Ninetales
|move|p2a: Pelipper|Weather Ball|p1b: Ninetales
|-resisted|p1b: Ninetales
|-damage|p1b: Ninetales|83/100
|move|p2b: Archaludon|Flash Cannon|p1a: Flamigo
|-damage|p1a: Flamigo|0 fnt
|faint|p1a: Flamigo
|
|-weather|Snowscape|[upkeep]
|upkeep
|
|t:|1757123615
|switch|p1a: Garchomp|Garchomp, L50, M|14/100
|turn|4
|
|t:|1757123625
|-terastallize|p1b: Ninetales|Water
|move|p1a: Garchomp|Protect|p1a: Garchomp
|-singleturn|p1a: Garchomp|Protect
|move|p2a: Pelipper|Weather Ball|p1a: Garchomp
|-activate|p1a: Garchomp|move: Protect
|move|p2b: Archaludon|Flash Cannon|p1b: Ninetales
|-resisted|p1b: Ninetales
|-damage|p1b: Ninetales|56/100
|move|p1b: Ninetales|Aurora Veil|p1b: Ninetales
|-sidestart|p1: angelbee21|move: Aurora Veil
|
|-weather|Snowscape|[upkeep]
|upkeep
|turn|5
|
|t:|1757123639
|move|p1b: Ninetales|Protect|p1b: Ninetales
|-singleturn|p1b: Ninetales|Protect
|move|p2a: Pelipper|Weather Ball|p1a: Garchomp
|-supereffective|p1a: Garchomp
|-damage|p1a: Garchomp|0 fnt
|faint|p1a: Garchomp
|move|p2b: Archaludon|Body Press|p1b: Ninetales
|-activate|p1b: Ninetales|move: Protect
|
|-weather|Snowscape|[upkeep]
|-sideend|p2: Pyos|move: Tailwind
|upkeep
|
|t:|1757123643
|switch|p1a: Typhlosion|Typhlosion-Hisui, L50, F|100/100
|turn|6
|inactive|Pyos has 30 seconds left.
|
|t:|1757123674
|move|p1a: Typhlosion|Eruption|p2b: Archaludon|[spread] p2a,p2b
|-resisted|p2a: Pelipper
|-supereffective|p2b: Archaludon
|-damage|p2a: Pelipper|55/100
|-damage|p2b: Archaludon|0 fnt
|faint|p2b: Archaludon
|move|p1b: Ninetales|Freeze-Dry|p2a: Pelipper
|-supereffective|p2a: Pelipper
|-damage|p2a: Pelipper|0 fnt
|faint|p2a: Pelipper
|
|-weather|Snowscape|[upkeep]
|upkeep
|
|t:|1757123678
|switch|p2b: Sneasler|Sneasler, L50, F|100/100
|turn|7
|
|t:|1757123685
|move|p2b: Sneasler|Protect|p2b: Sneasler
|-singleturn|p2b: Sneasler|Protect
|move|p1a: Typhlosion|Eruption|p2b: Sneasler
|-activate|p2b: Sneasler|move: Protect
|move|p1b: Ninetales|Moonblast|p2b: Sneasler
|-activate|p2b: Sneasler|move: Protect
|
|-weather|none
|upkeep
|turn|8
|
|t:|1757123697
|move|p1a: Typhlosion|Eruption|p2b: Sneasler
|-damage|p2b: Sneasler|3/100
|move|p2b: Sneasler|Dire Claw|p1a: Typhlosion
|-resisted|p1a: Typhlosion
|-damage|p1a: Typhlosion|80/100
|-status|p1a: Typhlosion|slp
|move|p1b: Ninetales|Moonblast|p2b: Sneasler
|-damage|p2b: Sneasler|0 fnt
|faint|p2b: Sneasler
|
|win|angelbee21
||Pyos is ready for game 2.
||angelbee21 is ready for game 2.
|uhtml|next|Next: Game 2 of 3
|l|☆Pyos
|player|p2|
