|j|☆Imreesithink
|j|☆gallium1005
|html|Imreesithinkgallium1005    
|uhtml|bestof|Game 1 of a best-of-3
|t:|1784930074
|gametype|doubles
|player|p1|Imreesithink|blackbelt-gen4dp|1185
|player|p2|gallium1005|hilbert|1199
|gen|9
|tier|[Gen 9 Champions] VGC 2026 Reg M-B (Bo3)
|rated|
|rule|Species Clause: Limit one of each Pokémon
|rule|Item Clause: Limit 1 of each item
|clearpoke
|poke|p1|Tyranitar, L50, M|
|poke|p1|Excadrill, L50, F|
|poke|p1|Milotic, L50, M|
|poke|p1|Sinistcha, L50|
|poke|p1|Staraptor, L50, F|
|poke|p1|Gholdengo, L50|
|poke|p2|Swampert, L50, M|
|poke|p2|Archaludon, L50, M|
|poke|p2|Pelipper, L50, F|
|poke|p2|Basculegion, L50, M|
|poke|p2|Metagross, L50|
|poke|p2|Grimmsnarl, L50, M|
|teampreview|4
|showteam|p1|Tyranitar||Tyranitarite|SandStream|KnockOff,RockSlide,HighHorsepower,Protect|Jolly||M|||50|]Excadrill||FocusSash|SandRush|HighHorsepower,IronHead,RockSlide,Protect|Adamant||F|||50|]Milotic||SitrusBerry|Competitive|Scald,IcyWind,Haze,Protect|Calm||M|||50|]Sinistcha||ColburBerry|Hospitality|MatchaGotcha,ShadowBall,Protect,RagePowder|Bold|||||50|]Staraptor||Staraptite|Intimidate|CloseCombat,BraveBird,Tailwind,Protect|Jolly||F|||50|]Gholdengo||LifeOrb|GoodasGold|MakeItRain,ShadowBall,NastyPlot,Protect|Modest|||||50|
|showteam|p2|Swampert||Swampertite|Torrent|WaveCrash,Earthquake,KnockOff,Protect|Adamant||M|||50|]Archaludon||Leftovers|Stamina|ElectroShot,DragonPulse,FlashCannon,Protect|Modest||M|||50|]Pelipper||FocusSash|Drizzle|Tailwind,Hurricane,WeatherBall,Protect|Timid||F|||50|]Basculegion||ChoiceScarf|Adaptability|FlipTurn,LastRespects,WaveCrash,AquaJet|Jolly||M|||50|]Metagross||Metagrossite|ClearBody|IronHead,PsychicFangs,StompingTantrum,Protect|Jolly|||||50|]Grimmsnarl||LightClay|Prankster|LightScreen,Reflect,PartingShot,SpiritBreak|Careful||M|||50|
|inactive|Battle timer is ON: inactive players will automatically lose when time's up. (requested by Imreesithink)
|l|☆Imreesithink
|inactive|Imreesithink disconnected and has a minute to reconnect!
|player|p1|
|inactive|gallium1005 has 60 seconds left.
|inactive|Imreesithink has 30 seconds to reconnect!
|j|☆Imreesithink
|inactive|Imreesithink reconnected and has 30 seconds left.
|player|p1|Imreesithink|blackbelt-gen4dp|
|inactive|Imreesithink has 20 seconds left.
|inactive|Imreesithink has 15 seconds left.
|
|t:|1784930151
|teamsize|p1|4
|teamsize|p2|4
|start
|switch|p1a: Sinistcha|Sinistcha, L50|100/100
|switch|p1b: Gholdengo|Gholdengo, L50|100/100
|switch|p2a: Swampert|Swampert, L50, M|100/100
|switch|p2b: Grimmsnarl|Grimmsnarl, L50, M|100/100
|turn|1
|inactive|gallium1005 has 30 seconds left.
|
|t:|1784930177
|detailschange|p2a: Swampert|Swampert-Mega, L50, M
|-mega|p2a: Swampert|Swampert|Swampertite
|move|p2b: Grimmsnarl|Light Screen|p2b: Grimmsnarl
|-sidestart|p2: gallium1005|move: Light Screen
|move|p1b: Gholdengo|Nasty Plot|p1b: Gholdengo
|-boost|p1b: Gholdengo|spa|2
|move|p2a: Swampert|Knock Off|p1b: Gholdengo
|-supereffective|p1b: Gholdengo|1
|-crit|p1b: Gholdengo
|-damage|p1b: Gholdengo|0 fnt
|-enditem|p1b: Gholdengo|Life Orb|[from] move: Knock Off|[of] p2a: Swampert
|faint|p1b: Gholdengo
|move|p1a: Sinistcha|Matcha Gotcha|p2a: Swampert|[spread] p2a,p2b
|-supereffective|p2a: Swampert|2
|-damage|p2a: Swampert|42/100
|-damage|p2b: Grimmsnarl|85/100
|
|upkeep
|
|t:|1784930201
|switch|p1b: Staraptor|Staraptor, L50, F|100/100
|-ability|p1b: Staraptor|Intimidate|boost
|-unboost|p2a: Swampert|atk|1
|-unboost|p2b: Grimmsnarl|atk|1
|turn|2
|
|t:|1784930225
|detailschange|p1b: Staraptor|Staraptor-Mega, L50, F
|-mega|p1b: Staraptor|Staraptor|Staraptite
|move|p2b: Grimmsnarl|Parting Shot|p1a: Sinistcha
|-unboost|p1a: Sinistcha|atk|1
|-unboost|p1a: Sinistcha|spa|1
|
|t:|1784930229
|switch|p2b: Pelipper|Pelipper, L50, F|100/100|[from] Parting Shot
|-weather|RainDance|[from] ability: Drizzle|[of] p2b: Pelipper
|move|p2a: Swampert|Wave Crash|p1b: Staraptor
|-damage|p1b: Staraptor|25/100
|-damage|p2a: Swampert|17/100|[from] Recoil
|move|p1b: Staraptor|Close Combat|p2b: Pelipper
|-resisted|p2b: Pelipper|1
|-damage|p2b: Pelipper|60/100
|-boost|p1b: Staraptor|def|1
|-boost|p1b: Staraptor|spd|1
|move|p1a: Sinistcha|Matcha Gotcha|p2b: Pelipper|[spread] p2a,p2b
|-supereffective|p2a: Swampert|2
|-damage|p2a: Swampert|0 fnt
|-damage|p2b: Pelipper|43/100
|faint|p2a: Swampert
|
|-weather|RainDance|[upkeep]
|upkeep
|inactive|gallium1005 has 30 seconds left.
|
|t:|1784930256
|switch|p2a: Basculegion|Basculegion, L50, M|100/100
|turn|3
|l|☆Imreesithink
|inactive|Imreesithink disconnected and has a minute to reconnect!
|player|p1|
|inactive|Imreesithink has 30 seconds left.
|inactive|Imreesithink has 20 seconds left.
|j|☆Imreesithink
|inactive|Imreesithink reconnected and has 20 seconds left.
|player|p1|Imreesithink|blackbelt-gen4dp|
|inactive|Imreesithink has 15 seconds left.
|inactive|Imreesithink has 10 seconds left.
|
|t:|1784930303
|move|p2a: Basculegion|Last Respects|p1b: Staraptor
|-damage|p1b: Staraptor|0 fnt
|faint|p1b: Staraptor
|move|p2b: Pelipper|Hurricane|p1a: Sinistcha
|-supereffective|p1a: Sinistcha|1
|-damage|p1a: Sinistcha|9/100
|-start|p1a: Sinistcha|confusion
|-activate|p1a: Sinistcha|confusion
|-damage|p1a: Sinistcha|6/100|[from] confusion
|
|-weather|RainDance|[upkeep]
|upkeep
|
|t:|1784930310
|switch|p1b: Tyranitar|Tyranitar, L50, M|100/100
|-weather|Sandstorm|[from] ability: Sand Stream|[of] p1b: Tyranitar
|turn|4
|inactive|gallium1005 has 30 seconds left.
|inactive|gallium1005 has 20 seconds left.
|
|t:|1784930347
|move|p2a: Basculegion|Last Respects|p1a: Sinistcha
|-supereffective|p1a: Sinistcha|1
|-damage|p1a: Sinistcha|0 fnt
|faint|p1a: Sinistcha
|move|p2b: Pelipper|Weather Ball|p1b: Tyranitar
|-damage|p1b: Tyranitar|82/100
|move|p1b: Tyranitar|Knock Off|p2b: Pelipper
|-damage|p2b: Pelipper|0 fnt
|-enditem|p2b: Pelipper|Focus Sash|[from] move: Knock Off|[of] p1b: Tyranitar
|faint|p2b: Pelipper
|
|-weather|Sandstorm|[upkeep]
|-damage|p2a: Basculegion|93/100|[from] Sandstorm
|upkeep
|
|t:|1784930359
|switch|p2b: Grimmsnarl|Grimmsnarl, L50, M|85/100
|turn|5
|
|t:|1784930366
|move|p2b: Grimmsnarl|Reflect|p2b: Grimmsnarl
|-sidestart|p2: gallium1005|Reflect
|move|p2a: Basculegion|Last Respects|p1b: Tyranitar
|-resisted|p1b: Tyranitar|1
|-damage|p1b: Tyranitar|41/100
|move|p1b: Tyranitar|Knock Off|p2a: Basculegion
|-supereffective|p2a: Basculegion|1
|-damage|p2a: Basculegion|12/100
|-enditem|p2a: Basculegion|Choice Scarf|[from] move: Knock Off|[of] p1b: Tyranitar
|
|-weather|Sandstorm|[upkeep]
|-damage|p2a: Basculegion|6/100|[from] Sandstorm
|-damage|p2b: Grimmsnarl|79/100|[from] Sandstorm
|upkeep
|turn|6
|
|t:|1784930378
|move|p1b: Tyranitar|Protect|p1b: Tyranitar
|-singleturn|p1b: Tyranitar|Protect
|move|p2a: Basculegion|Aqua Jet|p1b: Tyranitar
|-activate|p1b: Tyranitar|move: Protect
|move|p2b: Grimmsnarl|Spirit Break|p1b: Tyranitar
|-activate|p1b: Tyranitar|move: Protect
|
|-weather|Sandstorm|[upkeep]
|-damage|p2a: Basculegion|1/100|[from] Sandstorm
|-damage|p2b: Grimmsnarl|73/100|[from] Sandstorm
|upkeep
|turn|7
|
|t:|1784930388
|move|p1b: Tyranitar|Protect||[still]
|-fail|p1b: Tyranitar
|move|p2a: Basculegion|Aqua Jet|p1b: Tyranitar
|-supereffective|p1b: Tyranitar|1
|-damage|p1b: Tyranitar|0 fnt
|faint|p1b: Tyranitar
|
|win|gallium1005
||gallium1005 is ready for game 2.
||Imreesithink is ready for game 2.
|uhtml|next|Next: Game 2 of 3
|l|☆Imreesithink
|player|p1|
