|j|☆riley7654
|j|☆Noel catavinos
|html|riley7654Noel catavinos    
|uhtml|bestof|Game 1 of a best-of-3
|t:|1782269296
|gametype|doubles
|player|p1|riley7654|colress|1040
|player|p2|Noel catavinos|will|1164
|gen|9
|tier|[Gen 9 Champions] VGC 2026 Reg M-B (Bo3)
|rated|
|rule|Species Clause: Limit one of each Pokémon
|rule|Item Clause: Limit 1 of each item
|clearpoke
|poke|p1|Whimsicott, L50, F|
|poke|p1|Swampert, L50, F|
|poke|p1|Pelipper, L50, M|
|poke|p1|Archaludon, L50, M|
|poke|p1|Floette-Eternal, L50, F|
|poke|p1|Basculegion, L50, M|
|poke|p2|Staraptor, L50, F|
|poke|p2|Floette-Eternal, L50, F|
|poke|p2|Incineroar, L50, F|
|poke|p2|Sinistcha, L50|
|poke|p2|Ditto, L50|
|poke|p2|Garchomp, L50, M|
|teampreview|4
|showteam|p1|Whimsicott||CobaBerry|Prankster|Moonblast,Tailwind,Encore,Protect|Bold||F|||50|]Swampert||Swampertite|Torrent|WaveCrash,Earthquake,IcePunch,Protect|Adamant||F|||50|]Pelipper||LifeOrb|Drizzle|WeatherBall,Hurricane,Tailwind,Protect|Modest||M|||50|]Archaludon||Leftovers|Stamina|DracoMeteor,FlashCannon,ElectroShot,Protect|Modest||M|||50|]Floette-Eternal||Floettite|FlowerVeil|Moonblast,DazzlingGleam,LightofRuin,Protect|Modest||F|||50|]Basculegion||FocusSash|Adaptability|Liquidation,LastRespects,AquaJet,Protect|Adamant||M|||50|
|showteam|p2|Staraptor||Staraptite|Intimidate|Protect,CloseCombat,BraveBird,Roost|Jolly||F|||50|]Floette-Eternal||Floettite|FlowerVeil|Protect,DazzlingGleam,CalmMind,DrainingKiss|Modest||F|||50|]Incineroar||Charcoal|Intimidate|FakeOut,FlareBlitz,PartingShot,ThroatChop|Adamant||F|||50|]Sinistcha||KasibBerry|Hospitality|StrengthSap,MatchaGotcha,RagePowder,TrickRoom|Bold|||||50|]Ditto||FocusSash|Imposter|Transform|Timid|||||50|]Garchomp||LifeOrb|RoughSkin|Protect,DragonClaw,RockSlide,Earthquake|Jolly||M|||50|
|inactive|Battle timer is ON: inactive players will automatically lose when time's up. (requested by riley7654)
|inactive|Noel catavinos also wants the timer to be on.
|inactive|Noel catavinos has 60 seconds left.
|
|t:|1782269328
|teamsize|p1|4
|teamsize|p2|4
|start
|switch|p1a: Whimsicott|Whimsicott, L50, F|100/100
|switch|p1b: Floette|Floette-Eternal, L50, F|100/100
|switch|p2a: Incineroar|Incineroar, L50, F|100/100
|switch|p2b: Floette|Floette-Eternal, L50, F|100/100
|-ability|p2a: Incineroar|Intimidate|boost
|-block|p1a: Whimsicott|ability: Flower Veil|[of] p1b: Floette
|-unboost|p1b: Floette|atk|1
|turn|1
|inactive|Noel catavinos has 30 seconds left.
|
|t:|1782269358
|detailschange|p2b: Floette|Floette-Mega, L50, F
|-mega|p2b: Floette|Floette|Floettite
|-ability|p2b: Floette|Fairy Aura
|move|p1a: Whimsicott|Protect|p1a: Whimsicott
|-singleturn|p1a: Whimsicott|Protect
|move|p1b: Floette|Protect|p1b: Floette
|-singleturn|p1b: Floette|Protect
|move|p2b: Floette|Dazzling Gleam|p1b: Floette|[spread] 
|-activate|p1a: Whimsicott|move: Protect
|-activate|p1b: Floette|move: Protect
|move|p2a: Incineroar|Flare Blitz|p1a: Whimsicott
|-activate|p1a: Whimsicott|move: Protect
|
|upkeep
|turn|2
|
|t:|1782269380
|detailschange|p1b: Floette|Floette-Mega, L50, F
|-mega|p1b: Floette|Floette|Floettite
|-ability|p1b: Floette|Fairy Aura
|move|p1a: Whimsicott|Tailwind|p1a: Whimsicott
|-sidestart|p1: riley7654|move: Tailwind
|move|p1b: Floette|Light of Ruin|p2b: Floette
|-crit|p2b: Floette
|-damage|p2b: Floette|0 fnt
|faint|p2b: Floette
|-damage|p1b: Floette|40/100|[from] Recoil
|move|p2a: Incineroar|Flare Blitz|p1a: Whimsicott
|-supereffective|p1a: Whimsicott|1
|-damage|p1a: Whimsicott|0 fnt
|faint|p1a: Whimsicott
|-damage|p2a: Incineroar|70/100|[from] Recoil
|
|upkeep
|
|t:|1782269392
|switch|p1a: Pelipper|Pelipper, L50, M|100/100
|switch|p2b: Sinistcha|Sinistcha, L50|100/100
|-weather|RainDance|[from] ability: Drizzle|[of] p1a: Pelipper
|-heal|p2a: Incineroar|95/100|[from] ability: Hospitality|[of] p2b: Sinistcha
|turn|3
|
|t:|1782269406
|move|p1b: Floette|Protect|p1b: Floette
|-singleturn|p1b: Floette|Protect
|move|p1a: Pelipper|Hurricane|p2b: Sinistcha
|-supereffective|p2b: Sinistcha|1
|-damage|p2b: Sinistcha|0 fnt
|faint|p2b: Sinistcha
|-damage|p1a: Pelipper|90/100|[from] item: Life Orb
|move|p2a: Incineroar|Parting Shot|p1a: Pelipper
|-unboost|p1a: Pelipper|atk|1
|-unboost|p1a: Pelipper|spa|1
|
|t:|1782269411
|switch|p2a: Ditto|Ditto, L50|100/100|[from] Parting Shot
|-transform|p2a: Ditto|p1b: Floette|[from] ability: Imposter
|-ability|p2a: Ditto|Fairy Aura
|
|-weather|RainDance|[upkeep]
|upkeep
|
|t:|1782269412
|switch|p2b: Incineroar|Incineroar, L50, F|95/100
|-ability|p2b: Incineroar|Intimidate|boost
|-unboost|p1a: Pelipper|atk|1
|-unboost|p1b: Floette|atk|1
|turn|4
|
|t:|1782269423
|switch|p1b: Basculegion|Basculegion, L50, M|100/100
|move|p2b: Incineroar|Fake Out|p1a: Pelipper
|-damage|p1a: Pelipper|75/100
|cant|p1a: Pelipper|flinch
|move|p2a: Ditto|Dazzling Gleam|p1a: Pelipper|[spread] p1a,p1b
|-damage|p1a: Pelipper|0 fnt
|-damage|p1b: Basculegion|40/100
|faint|p1a: Pelipper
|
|-weather|RainDance|[upkeep]
|upkeep
|
|t:|1782269427
|switch|p1a: Floette|Floette-Mega, L50, F|40/100
|-ability|p1a: Floette|Fairy Aura
|turn|5
|
|t:|1782269437
|move|p2a: Ditto|Protect|p2a: Ditto
|-singleturn|p2a: Ditto|Protect
|move|p1a: Floette|Dazzling Gleam|p2b: Incineroar|[spread] p2b
|-activate|p2a: Ditto|move: Protect
|-damage|p2b: Incineroar|44/100
|move|p1b: Basculegion|Last Respects|p2a: Ditto
|-activate|p2a: Ditto|move: Protect
|move|p2b: Incineroar|Throat Chop|p1b: Basculegion
|-supereffective|p1b: Basculegion|1
|-damage|p1b: Basculegion|0 fnt
|faint|p1b: Basculegion
|
|-weather|RainDance|[upkeep]
|-sideend|p1: riley7654|move: Tailwind
|upkeep
|turn|6
|
|t:|1782269452
|move|p2a: Ditto|Moonblast|p1a: Floette
|-damage|p1a: Floette|0 fnt
|faint|p1a: Floette
|
|win|Noel catavinos
||riley7654 is ready for game 2.
||Noel catavinos is ready for game 2.
|uhtml|next|Next: Game 2 of 3
|l|☆riley7654
|player|p1|
