|j|☆danolp2
|j|☆eklyst
|html|danolp2eklyst    
|uhtml|bestof|Game 3 of a best-of-3
|t:|1785908924
|gametype|doubles
|player|p1|danolp2|170|1103
|player|p2|eklyst|pokemaniac|1169
|gen|9
|tier|[Gen 9 Champions] VGC 2026 Reg M-B (Bo3)
|rated|
|rule|Species Clause: Limit one of each Pokémon
|rule|Item Clause: Limit 1 of each item
|clearpoke
|poke|p1|Incineroar, L50, M|
|poke|p1|Staraptor, L50, F|
|poke|p1|Palafin, L50, M|
|poke|p1|Raichu, L50, M|
|poke|p1|Serperior, L50, F|
|poke|p1|Blaziken, L50, M|
|poke|p2|Metagross, L50, shiny|
|poke|p2|Whimsicott, L50, F, shiny|
|poke|p2|Raichu, L50, M|
|poke|p2|Ninetales-Alola, L50, F|
|poke|p2|Lycanroc-Dusk, L50, M|
|poke|p2|Sneasler, L50, M, shiny|
|teampreview|4
|showteam|p1|Incineroar||SitrusBerry|Intimidate|PartingShot,FakeOut,FlareBlitz,Taunt|Adamant||M|||50|]Staraptor||Staraptite|Intimidate|CloseCombat,Uturn,DualWingbeat,Protect|Jolly||F|||50|]Palafin||LifeOrb|ZerotoHero|Waterfall,JetPunch,FlipTurn,IcePunch|Jolly||M|||50|]Raichu||RaichuniteY|LightningRod|Discharge,VoltSwitch,FakeOut,Protect|Hasty||M|||50|]Serperior||MiracleSeed|Contrary|LeafStorm,DragonPulse,Taunt,Substitute|Timid||F|||50|]Blaziken||Charcoal|SpeedBoost|CloseCombat,BlazeKick,KnockOff,Protect|Adamant||M|||50|
|showteam|p2|Metagross||Metagrossite|ClearBody|PsychicFangs,IronHead,Protect,StompingTantrum|Jolly|||||50|]Whimsicott||OccaBerry|Prankster|Tailwind,Moonblast,HelpingHand,WorrySeed|Timid||F|||50|]Raichu||RaichuniteY|LightningRod|FakeOut,FocusBlast,ZapCannon,Protect|Timid||M|||50|]Ninetales-Alola||NeverMeltIce|SnowWarning|FreezeDry,Protect,Blizzard,Encore|Timid||F|||50|]Lycanroc-Dusk||FocusSash|ToughClaws|Accelerock,RockSlide,Protect,Taunt|Adamant||M|||50|]Sneasler||WhiteHerb|Unburden|CloseCombat,Coaching,GunkShot,FakeOut|Jolly||M|||50|
|inactive|Battle timer is ON: inactive players will automatically lose when time's up. (requested by eklyst)
|inactive|danolp2 has 60 seconds left.
|inactive|eklyst has 60 seconds left.
|inactive|eklyst has 30 seconds left.
|
|t:|1785908988
|teamsize|p1|4
|teamsize|p2|4
|start
|switch|p1a: Incineroar|Incineroar, L50, M|100/100
|switch|p1b: Palafin|Palafin, L50, M|100/100
|switch|p2a: AAAAAAAAAAAA|Ninetales-Alola, L50, F|100/100
|switch|p2b: :3|Whimsicott, L50, F, shiny|100/100
|-weather|Snowscape|[from] ability: Snow Warning|[of] p2a: AAAAAAAAAAAA
|-ability|p1a: Incineroar|Intimidate|boost
|-unboost|p2a: AAAAAAAAAAAA|atk|1
|-unboost|p2b: :3|atk|1
|turn|1
|
|t:|1785909010
|move|p2a: AAAAAAAAAAAA|Protect|p2a: AAAAAAAAAAAA
|-singleturn|p2a: AAAAAAAAAAAA|Protect
|move|p2b: :3|Tailwind|p2b: :3
|-sidestart|p2: eklyst|move: Tailwind
|move|p1b: Palafin|Flip Turn|p2b: :3
|-resisted|p2b: :3|1
|-damage|p2b: :3|85/100
|-damage|p1b: Palafin|90/100|[from] item: Life Orb
|
|t:|1785909018
|detailschange|p1b: Palafin|Palafin-Hero, L50, M
|switch|p1b: Staraptor|Staraptor, L50, F|100/100|[from] Flip Turn
|-ability|p1b: Staraptor|Intimidate|boost
|-unboost|p2a: AAAAAAAAAAAA|atk|1
|-unboost|p2b: :3|atk|1
|move|p1a: Incineroar|Flare Blitz|p2b: :3
|-supereffective|p2b: :3|1
|-enditem|p2b: :3|Occa Berry|[eat]
|-enditem|p2b: :3|Occa Berry|[weaken]
|-damage|p2b: :3|26/100
|-damage|p1a: Incineroar|84/100|[from] Recoil
|
|-weather|Snowscape|[upkeep]
|upkeep
|turn|2
|
|t:|1785909042
|switch|p2a: Pickle|Sneasler, L50, M, shiny|100/100
|detailschange|p1b: Staraptor|Staraptor-Mega, L50, F
|-mega|p1b: Staraptor|Staraptor|Staraptite
|move|p2b: :3|Moonblast|p1b: Staraptor
|-supereffective|p1b: Staraptor|1
|-crit|p1b: Staraptor
|-damage|p1b: Staraptor|6/100
|move|p1b: Staraptor|Close Combat|p2a: Pickle
|-resisted|p2a: Pickle|1
|-damage|p2a: Pickle|47/100
|-boost|p1b: Staraptor|def|1
|-boost|p1b: Staraptor|spd|1
|move|p1a: Incineroar|Parting Shot|p1b: Staraptor
|-boost|p1b: Staraptor|atk|1
|-boost|p1b: Staraptor|spa|1
|
|t:|1785909061
|switch|p1a: Palafin|Palafin-Hero, L50, M|90/100|[from] Parting Shot
|-activate|p1a: Palafin|ability: Zero to Hero
|
|-weather|Snowscape|[upkeep]
|upkeep
|turn|3
|
|t:|1785909077
|move|p2a: Pickle|Fake Out|p1a: Palafin
|-damage|p1a: Palafin|75/100
|cant|p1a: Palafin|flinch
|move|p2b: :3|Moonblast|p1b: Staraptor
|-supereffective|p1b: Staraptor|1
|-damage|p1b: Staraptor|0 fnt
|faint|p1b: Staraptor
|
|-weather|Snowscape|[upkeep]
|upkeep
|
|t:|1785909084
|switch|p1b: Incineroar|Incineroar, L50, M|84/100
|-ability|p1b: Incineroar|Intimidate|boost
|-unboost|p2a: Pickle|atk|1
|-unboost|p2b: :3|atk|1
|-enditem|p2a: Pickle|White Herb
|-clearnegativeboost|p2a: Pickle|[silent]
|turn|4
|
|t:|1785909095
|switch|p2b: AAAAAAAAAAAA|Ninetales-Alola, L50, F|100/100
|move|p1b: Incineroar|Fake Out|p2b: AAAAAAAAAAAA
|-damage|p2b: AAAAAAAAAAAA|84/100
|move|p1a: Palafin|Jet Punch|p2a: Pickle
|-damage|p2a: Pickle|0 fnt
|faint|p2a: Pickle
|-damage|p1a: Palafin|66/100|[from] item: Life Orb
|
|-weather|Snowscape|[upkeep]
|-sideend|p2: eklyst|move: Tailwind
|upkeep
|
|t:|1785909105
|switch|p2a: Bingus|Raichu, L50, M|100/100
|turn|5
|
|t:|1785909117
|detailschange|p2a: Bingus|Raichu-Mega-Y, L50, M
|-mega|p2a: Bingus|Raichu|Raichunite Y
|move|p1a: Palafin|Jet Punch|p2a: Bingus
|-damage|p2a: Bingus|27/100
|-damage|p1a: Palafin|56/100|[from] item: Life Orb
|move|p2a: Bingus|Focus Blast|p1b: Incineroar
|-supereffective|p1b: Incineroar|1
|-damage|p1b: Incineroar|4/100
|-enditem|p1b: Incineroar|Sitrus Berry|[eat]
|-heal|p1b: Incineroar|29/100|[from] item: Sitrus Berry
|move|p2b: AAAAAAAAAAAA|Freeze-Dry|p1a: Palafin
|-supereffective|p1a: Palafin|1
|-damage|p1a: Palafin|0 fnt
|faint|p1a: Palafin
|move|p1b: Incineroar|Flare Blitz|p2a: Bingus
|-damage|p2a: Bingus|0 fnt
|faint|p2a: Bingus
|-damage|p1b: Incineroar|22/100|[from] Recoil
|
|-weather|none
|upkeep
|
|t:|1785909132
|switch|p2a: :3|Whimsicott, L50, F, shiny|26/100
|switch|p1a: Blaziken|Blaziken, L50, M|100/100
|turn|6
|inactive|danolp2 has 30 seconds left.
|
|t:|1785909165
|move|p2b: AAAAAAAAAAAA|Blizzard|p1a: Blaziken|[spread] p1a,p1b
|-resisted|p1a: Blaziken|1
|-resisted|p1b: Incineroar|1
|-damage|p1a: Blaziken|71/100
|-damage|p1b: Incineroar|2/100
|move|p2a: :3|Moonblast|p1b: Incineroar
|-damage|p1b: Incineroar|0 fnt
|faint|p1b: Incineroar
|move|p1a: Blaziken|Close Combat|p2b: AAAAAAAAAAAA
|-damage|p2b: AAAAAAAAAAAA|0 fnt
|-unboost|p1a: Blaziken|def|1
|-unboost|p1a: Blaziken|spd|1
|faint|p2b: AAAAAAAAAAAA
|
|-ability|p1a: Blaziken|Speed Boost|boost
|-boost|p1a: Blaziken|spe|1
|upkeep
|turn|7
|
|t:|1785909182
|move|p1a: Blaziken|Blaze Kick|p2a: :3
|-supereffective|p2a: :3|1
|-damage|p2a: :3|0 fnt
|faint|p2a: :3
|
|win|danolp2
|raw|danolp2's rating: 1103 → 1133(+30 for winning)
|raw|eklyst's rating: 1169 → 1139(-30 for losing)
|l|☆danolp2
|player|p1|
