|j|☆sbhaga34
|j|☆big electric fan
|html|sbhaga34big electric fan    
|uhtml|bestof|Game 2 of a best-of-3
|t:|1784166341
|gametype|doubles
|player|p1|sbhaga34|hugh|1191
|player|p2|big electric fan|liza|1317
|gen|9
|tier|[Gen 9 Champions] VGC 2026 Reg M-B (Bo3)
|rated|
|rule|Species Clause: Limit one of each Pokémon
|rule|Item Clause: Limit 1 of each item
|clearpoke
|poke|p1|Excadrill, L50, F|
|poke|p1|Tyranitar, L50, F|
|poke|p1|Corviknight, L50, M|
|poke|p1|Rotom-Wash, L50|
|poke|p1|Mimikyu, L50, M|
|poke|p1|Scovillain, L50, F|
|poke|p2|Scrafty, L50, F|
|poke|p2|Metagross, L50|
|poke|p2|Mamoswine, L50, F|
|poke|p2|Toxapex, L50, F|
|poke|p2|Dragonite, L50, M|
|poke|p2|Charizard, L50, F|
|teampreview|4
|showteam|p1|Excadrill||FocusSash|SandRush|Earthquake,IronHead,SwordsDance,Protect|Adamant||F|||50|]Tyranitar||Tyranitarite|SandStream|RockSlide,KnockOff,LowKick,Protect|Adamant||F|||50|]Corviknight||SharpBeak|MirrorArmor|BraveBird,Tailwind,BulkUp,Roost|Careful||M|||50|]Rotom-Wash||ChoiceScarf|Levitate|VoltSwitch,Thunderbolt,Electroweb,HydroPump|Timid|||||50|]Mimikyu||FairyFeather|Disguise|PlayRough,ShadowSneak,TrickRoom,ShadowClaw|Adamant||M|||50|]Scovillain||Scovillainite|Chlorophyll|RagePowder,Overheat,GigaDrain,Protect|Calm||F|||50|
|showteam|p2|Scrafty||Scraftinite|Intimidate|ThroatChop,DrainPunch,FakeOut,Protect|Impish||F|||50|]Metagross||MetalCoat|ClearBody|MeteorMash,PsychicFangs,BulletPunch,Protect|Adamant|||||50|]Mamoswine||FocusSash|Oblivious|Earthquake,IcicleCrash,IceShard,Protect|Adamant||F|||50|]Toxapex||Leftovers|Regenerator|Infestation,Toxic,WideGuard,BanefulBunker|Bold||F|||50|]Dragonite||DragonFang|Multiscale|DragonClaw,ExtremeSpeed,FirePunch,Protect|Adamant||M|||50|]Charizard||CharizarditeY|Blaze|HeatWave,SolarBeam,WeatherBall,Protect|Timid||F|||50|
|inactive|Battle timer is ON: inactive players will automatically lose when time's up. (requested by big electric fan)
|inactive|sbhaga34 has 60 seconds left.
|
|t:|1784166394
|teamsize|p1|4
|teamsize|p2|4
|start
|switch|p1a: Tyranitar|Tyranitar, L50, F|100/100
|switch|p1b: Corviknight|Corviknight, L50, M|100/100
|switch|p2a: Charizard|Charizard, L50, F|100/100
|switch|p2b: Scrafty|Scrafty, L50, F|100/100
|-weather|Sandstorm|[from] ability: Sand Stream|[of] p1a: Tyranitar
|-ability|p2b: Scrafty|Intimidate|boost
|-unboost|p1a: Tyranitar|atk|1
|-ability|p1b: Corviknight|Mirror Armor
|-unboost|p2b: Scrafty|atk|1
|turn|1
|inactive|big electric fan has 30 seconds left.
|
|t:|1784166419
|switch|p1b: Rotom|Rotom-Wash, L50|100/100
|switch|p2b: Toxapex|Toxapex, L50, F|100/100
|detailschange|p2a: Charizard|Charizard-Mega-Y, L50, F
|-mega|p2a: Charizard|Charizard|Charizardite Y
|-weather|SunnyDay|[from] ability: Drought|[of] p2a: Charizard
|move|p1a: Tyranitar|Protect|p1a: Tyranitar
|-singleturn|p1a: Tyranitar|Protect
|move|p2a: Charizard|Heat Wave|p1a: Tyranitar|[spread] p1b
|-activate|p1a: Tyranitar|move: Protect
|-resisted|p1b: Rotom|1
|-damage|p1b: Rotom|71/100
|
|-weather|SunnyDay|[upkeep]
|upkeep
|turn|2
|
|t:|1784166434
|switch|p2a: Scrafty|Scrafty, L50, F|100/100
|-ability|p2a: Scrafty|Intimidate|boost
|-unboost|p1a: Tyranitar|atk|1
|-unboost|p1b: Rotom|atk|1
|detailschange|p1a: Tyranitar|Tyranitar-Mega, L50, F
|-mega|p1a: Tyranitar|Tyranitar|Tyranitarite
|-weather|Sandstorm|[from] ability: Sand Stream|[of] p1a: Tyranitar
|move|p1b: Rotom|Thunderbolt|p2b: Toxapex
|-supereffective|p2b: Toxapex|1
|-damage|p2b: Toxapex|41/100
|move|p1a: Tyranitar|Knock Off|p2b: Toxapex
|-damage|p2b: Toxapex|22/100
|-enditem|p2b: Toxapex|Leftovers|[from] move: Knock Off|[of] p1a: Tyranitar
|move|p2b: Toxapex|Toxic|p1b: Rotom
|-status|p1b: Rotom|tox
|
|-weather|Sandstorm|[upkeep]
|-damage|p1b: Rotom|65/100 tox|[from] Sandstorm
|-damage|p2a: Scrafty|94/100|[from] Sandstorm
|-damage|p2b: Toxapex|16/100|[from] Sandstorm
|-damage|p1b: Rotom|59/100 tox|[from] psn
|upkeep
|turn|3
|
|t:|1784166455
|switch|p1b: Corviknight|Corviknight, L50, M|100/100
|-heal|p2b: Toxapex|49/100|[from] ability: Regenerator|[silent]
|switch|p2b: Charizard|Charizard-Mega-Y, L50, F|100/100
|-weather|SunnyDay|[from] ability: Drought|[of] p2b: Charizard
|move|p1a: Tyranitar|Protect|p1a: Tyranitar
|-singleturn|p1a: Tyranitar|Protect
|move|p2a: Scrafty|Drain Punch|p1a: Tyranitar
|-activate|p1a: Tyranitar|move: Protect
|
|-weather|SunnyDay|[upkeep]
|upkeep
|turn|4
|
|t:|1784166469
|switch|p1b: Rotom|Rotom-Wash, L50|59/100 tox
|move|p2b: Charizard|Heat Wave|p1a: Tyranitar|[spread] p1a,p1b
|-resisted|p1a: Tyranitar|1
|-resisted|p1b: Rotom|1
|-damage|p1a: Tyranitar|79/100
|-damage|p1b: Rotom|31/100 tox
|move|p1a: Tyranitar|Rock Slide|p2b: Charizard|[spread] p2a,p2b
|-resisted|p2a: Scrafty|1
|-supereffective|p2b: Charizard|2
|-damage|p2a: Scrafty|88/100
|-damage|p2b: Charizard|21/100
|cant|p2a: Scrafty|flinch
|
|-weather|SunnyDay|[upkeep]
|-damage|p1b: Rotom|25/100 tox|[from] psn
|upkeep
|turn|5
|
|t:|1784166491
|switch|p2b: Mamoswine|Mamoswine, L50, F|100/100
|switch|p1a: Corviknight|Corviknight, L50, M|100/100
|move|p1b: Rotom|Electroweb|p2b: Mamoswine|[spread] p2a
|-immune|p2b: Mamoswine
|-damage|p2a: Scrafty|72/100
|-unboost|p2a: Scrafty|spe|1
|move|p2a: Scrafty|Drain Punch|p1a: Corviknight
|-damage|p1a: Corviknight|79/100
|-heal|p2a: Scrafty|84/100|[from] drain|[of] p1a: Corviknight
|
|-weather|SunnyDay|[upkeep]
|-damage|p1b: Rotom|14/100 tox|[from] psn
|upkeep
|turn|6
|inactive|big electric fan has 30 seconds left.
|inactive|sbhaga34 has 30 seconds left.
|
|t:|1784166528
|switch|p1b: Tyranitar|Tyranitar-Mega, L50, F|79/100
|-weather|Sandstorm|[from] ability: Sand Stream|[of] p1b: Tyranitar
|switch|p2b: Charizard|Charizard-Mega-Y, L50, F|21/100
|-weather|SunnyDay|[from] ability: Drought|[of] p2b: Charizard
|move|p1a: Corviknight|Tailwind|p1a: Corviknight
|-sidestart|p1: sbhaga34|move: Tailwind
|move|p2a: Scrafty|Drain Punch|p1b: Tyranitar
|-supereffective|p1b: Tyranitar|2
|-damage|p1b: Tyranitar|15/100
|-heal|p2a: Scrafty|100/100|[from] drain|[of] p1b: Tyranitar
|
|-weather|SunnyDay|[upkeep]
|upkeep
|turn|7
|inactive|big electric fan has 30 seconds left.
|c|☆sbhaga34|how did that not kill?
|
|t:|1784166557
|switch|p2a: Toxapex|Toxapex, L50, F|49/100
|move|p2b: Charizard|Protect|p2b: Charizard
|-singleturn|p2b: Charizard|Protect
|move|p1b: Tyranitar|Rock Slide|p2b: Charizard|[spread] p2a
|-activate|p2b: Charizard|move: Protect
|-damage|p2a: Toxapex|26/100
|move|p1a: Corviknight|Brave Bird|p2a: Toxapex
|-damage|p2a: Toxapex|0 fnt
|faint|p2a: Toxapex
|-damage|p1a: Corviknight|72/100|[from] Recoil
|
|-weather|SunnyDay|[upkeep]
|upkeep
|c|☆sbhaga34|what
|inactive|big electric fan has 30 seconds left.
|inactive|big electric fan has 20 seconds left.
|c|☆big electric fan|wasn't i minus 1?
|c|☆sbhaga34|your drain punch
|inactive|big electric fan has 15 seconds left.
|
|t:|1784166598
|switch|p2a: Scrafty|Scrafty, L50, F|100/100
|-ability|p2a: Scrafty|Intimidate|boost
|-ability|p1a: Corviknight|Mirror Armor
|-unboost|p2a: Scrafty|atk|1
|-unboost|p1b: Tyranitar|atk|1
|turn|8
|c|☆sbhaga34|-1 speed
|c|☆big electric fan|o
|c|☆big electric fan|idk
|c|☆big electric fan|new team
|inactive|sbhaga34 has 30 seconds left.
|inactive|sbhaga34 has 20 seconds left.
|
|t:|1784166640
|move|p2a: Scrafty|Fake Out|p1b: Tyranitar
|-resisted|p1b: Tyranitar|1
|-damage|p1b: Tyranitar|14/100
|cant|p1b: Tyranitar|flinch
|move|p1a: Corviknight|Brave Bird|p2b: Charizard
|-damage|p2b: Charizard|0 fnt
|faint|p2b: Charizard
|-damage|p1a: Corviknight|66/100|[from] Recoil
|
|-weather|SunnyDay|[upkeep]
|upkeep
|
|t:|1784166647
|switch|p2b: Mamoswine|Mamoswine, L50, F|100/100
|turn|9
|
|t:|1784166655
|move|p2b: Mamoswine|Protect|p2b: Mamoswine
|-singleturn|p2b: Mamoswine|Protect
|move|p2a: Scrafty|Protect|p2a: Scrafty
|-singleturn|p2a: Scrafty|Protect
|move|p1b: Tyranitar|Low Kick|p2b: Mamoswine
|-activate|p2b: Mamoswine|move: Protect
|move|p1a: Corviknight|Brave Bird|p2a: Scrafty
|-activate|p2a: Scrafty|move: Protect
|
|-weather|SunnyDay|[upkeep]
|-sideend|p1: sbhaga34|move: Tailwind
|upkeep
|turn|10
|inactive|sbhaga34 has 30 seconds left.
|
|t:|1784166681
|switch|p1b: Rotom|Rotom-Wash, L50|14/100 tox
|move|p2b: Mamoswine|Icicle Crash|p1b: Rotom
|-resisted|p1b: Rotom|1
|-damage|p1b: Rotom|0 fnt
|faint|p1b: Rotom
|move|p1a: Corviknight|Brave Bird|p2a: Scrafty
|-supereffective|p2a: Scrafty|1
|-damage|p2a: Scrafty|19/100
|-damage|p1a: Corviknight|43/100|[from] Recoil
|move|p2a: Scrafty|Drain Punch|p1a: Corviknight
|-damage|p1a: Corviknight|30/100
|-heal|p2a: Scrafty|27/100|[from] drain|[of] p1a: Corviknight
|
|-weather|none
|upkeep
|
|t:|1784166694
|switch|p1b: Tyranitar|Tyranitar-Mega, L50, F|14/100
|-weather|Sandstorm|[from] ability: Sand Stream|[of] p1b: Tyranitar
|turn|11
|inactive|big electric fan has 30 seconds left.
|inactive|big electric fan has 20 seconds left.
|inactive|big electric fan has 15 seconds left.
|
|t:|1784166735
|move|p2a: Scrafty|Protect|p2a: Scrafty
|-singleturn|p2a: Scrafty|Protect
|move|p2b: Mamoswine|Icicle Crash|p1b: Tyranitar
|-damage|p1b: Tyranitar|0 fnt
|faint|p1b: Tyranitar
|move|p1a: Corviknight|Tailwind|p1a: Corviknight
|-sidestart|p1: sbhaga34|move: Tailwind
|
|-weather|Sandstorm|[upkeep]
|-damage|p2a: Scrafty|21/100|[from] Sandstorm
|upkeep
|
|t:|1784166740
|switch|p1b: Excadrill|Excadrill, L50, F|100/100
|turn|12
|
|t:|1784166754
|move|p2a: Scrafty|Protect||[still]
|-fail|p2a: Scrafty
|move|p1b: Excadrill|Earthquake|p2a: Scrafty|[spread] p2a,p2b
|-immune|p1a: Corviknight
|-damage|p2a: Scrafty|0 fnt
|-damage|p2b: Mamoswine|47/100
|faint|p2a: Scrafty
|move|p1a: Corviknight|Brave Bird|p2b: Mamoswine
|-damage|p2b: Mamoswine|0 fnt
|faint|p2b: Mamoswine
|-damage|p1a: Corviknight|16/100|[from] Recoil
|
|win|sbhaga34
|raw|sbhaga34's rating: 1191 → 1225(+34 for winning)
|raw|big electric fan's rating: 1317 → 1290(-27 for losing)
