|j|☆lebronsusedtoilet
|j|☆failandimprove2
|html|lebronsusedtoiletfailandimprove2    
|uhtml|bestof|Game 2 of a best-of-3
|t:|1782609999
|gametype|doubles
|player|p1|lebronsusedtoilet|169|1057
|player|p2|failandimprove2|2|1141
|gen|9
|tier|[Gen 9 Champions] VGC 2026 Reg M-B (Bo3)
|rated|
|rule|Species Clause: Limit one of each Pokémon
|rule|Item Clause: Limit 1 of each item
|clearpoke
|poke|p1|Tyranitar, L50, M|
|poke|p1|Arcanine-Hisui, L50, M|
|poke|p1|Klefki, L50, M|
|poke|p1|Sandaconda, L50, M|
|poke|p1|Garchomp, L50, F, shiny|
|poke|p1|Sinistcha, L50|
|poke|p2|Incineroar, L50, M|
|poke|p2|Kingambit, L50, M|
|poke|p2|Sneasler, L50, M|
|poke|p2|Floette-Eternal, L50, F|
|poke|p2|Sinistcha, L50|
|poke|p2|Dragonite, L50, M|
|teampreview|4
|showteam|p1|Tyranitar||Tyranitarite|SandStream|RockSlide,Protect,KnockOff,LowKick|Serious||M|||50|]Arcanine-Hisui||FocusSash|Intimidate|FlareBlitz,WillOWisp,Protect,ExtremeSpeed|Adamant||M|||50|]Klefki||Leftovers|Prankster|ThunderWave,TrickRoom,Reflect,Spikes|Relaxed||M|||50|]Sandaconda||BrightPowder|SandVeil|BodyPress,Minimize,IronDefense,ZenHeadbutt|Impish||M|||50|]Garchomp||Garchompite|SandVeil|EarthPower,DracoMeteor,HelpingHand,Protect|Modest||F|||50|]Sinistcha||SitrusBerry|Hospitality|LifeDew,RagePowder,MatchaGotcha,TrickRoom|Modest|||||50|
|showteam|p2|Incineroar||SitrusBerry|Intimidate|FakeOut,FlareBlitz,DarkestLariat,PartingShot|Careful||M|||50|]Kingambit||ChopleBerry|Defiant|KowtowCleave,SuckerPunch,SwordsDance,Protect|Adamant||M|||50|]Sneasler||FocusSash|PoisonTouch|FakeOut,Coaching,CloseCombat,PoisonJab|Jolly||M|||50|]Floette-Eternal||Floettite|FlowerVeil|DrainingKiss,DazzlingGleam,CalmMind,Protect|Bold||F|||50|]Sinistcha||Leftovers|Hospitality|TrickRoom,RagePowder,MatchaGotcha,Protect|Bold|||||50|]Dragonite||LumBerry|Multiscale|ExtremeSpeed,DragonClaw,Protect,FirePunch|Adamant||M|||50|
|
|t:|1782610029
|teamsize|p1|4
|teamsize|p2|4
|start
|switch|p1a: Sinistcha|Sinistcha, L50|100/100
|switch|p1b: Sandaconda|Sandaconda, L50, M|100/100
|switch|p2a: Dragonite|Dragonite, L50, M|100/100
|switch|p2b: Sneasler|Sneasler, L50, M|100/100
|turn|1
|inactive|Battle timer is ON: inactive players will automatically lose when time's up. (requested by lebronsusedtoilet)
|inactiveoff|Battle timer is now OFF.
|inactive|Battle timer is ON: inactive players will automatically lose when time's up. (requested by failandimprove2)
|
|t:|1782610087
|move|p2b: Sneasler|Fake Out|p1b: Sandaconda
|-damage|p1b: Sandaconda|88/100
|-status|p1b: Sandaconda|psn|[from] ability: Poison Touch|[of] p2b: Sneasler
|move|p1a: Sinistcha|Rage Powder|p1a: Sinistcha
|-singleturn|p1a: Sinistcha|move: Rage Powder
|move|p2a: Dragonite|Dragon Claw|p1a: Sinistcha
|-damage|p1a: Sinistcha|42/100
|-enditem|p1a: Sinistcha|Sitrus Berry|[eat]
|-heal|p1a: Sinistcha|67/100|[from] item: Sitrus Berry
|cant|p1b: Sandaconda|flinch
|
|-damage|p1b: Sandaconda|76/100 psn|[from] psn
|upkeep
|turn|2
|
|t:|1782610108
|move|p1a: Sinistcha|Rage Powder|p1a: Sinistcha
|-singleturn|p1a: Sinistcha|move: Rage Powder
|move|p2b: Sneasler|Coaching|p2a: Dragonite
|-boost|p2a: Dragonite|atk|1
|-boost|p2a: Dragonite|def|1
|move|p2a: Dragonite|Dragon Claw|p1a: Sinistcha
|-crit|p1a: Sinistcha
|-damage|p1a: Sinistcha|0 fnt
|faint|p1a: Sinistcha
|move|p1b: Sandaconda|Minimize|p1b: Sandaconda
|-boost|p1b: Sandaconda|evasion|2
|
|-damage|p1b: Sandaconda|64/100 psn|[from] psn
|upkeep
|
|t:|1782610116
|switch|p1a: Tyranitar|Tyranitar, L50, M|100/100
|-weather|Sandstorm|[from] ability: Sand Stream|[of] p1a: Tyranitar
|turn|3
|
|t:|1782610132
|detailschange|p1a: Tyranitar|Tyranitar-Mega, L50, M
|-mega|p1a: Tyranitar|Tyranitar|Tyranitarite
|move|p1a: Tyranitar|Protect|p1a: Tyranitar
|-singleturn|p1a: Tyranitar|Protect
|move|p2b: Sneasler|Close Combat|p1a: Tyranitar
|-activate|p1a: Tyranitar|move: Protect
|move|p2a: Dragonite|Dragon Claw|p1b: Sandaconda|[miss]
|-miss|p2a: Dragonite|p1b: Sandaconda
|move|p1b: Sandaconda|Zen Headbutt|p2b: Sneasler
|-supereffective|p2b: Sneasler|2
|-enditem|p2b: Sneasler|Focus Sash
|-damage|p2b: Sneasler|1/100
|
|-weather|Sandstorm|[upkeep]
|-damage|p2b: Sneasler|0 fnt|[from] Sandstorm
|-damage|p2a: Dragonite|94/100|[from] Sandstorm
|faint|p2b: Sneasler
|-damage|p1b: Sandaconda|52/100 psn|[from] psn
|upkeep
|
|t:|1782610137
|switch|p2b: Kingambit|Kingambit, L50, M|100/100
|turn|4
|
|t:|1782610158
|move|p2a: Dragonite|Dragon Claw|p1a: Tyranitar
|-damage|p1a: Tyranitar|56/100
|move|p1b: Sandaconda|Body Press|p2b: Kingambit
|-supereffective|p2b: Kingambit|2
|-enditem|p2b: Kingambit|Chople Berry|[eat]
|-enditem|p2b: Kingambit|Chople Berry|[weaken]
|-damage|p2b: Kingambit|58/100
|move|p1a: Tyranitar|Rock Slide|p2b: Kingambit|[spread] p2a,p2b
|-supereffective|p2a: Dragonite|1
|-resisted|p2b: Kingambit|1
|-damage|p2a: Dragonite|48/100
|-damage|p2b: Kingambit|45/100
|cant|p2b: Kingambit|flinch
|
|-weather|Sandstorm|[upkeep]
|-damage|p2a: Dragonite|42/100|[from] Sandstorm
|-damage|p1b: Sandaconda|41/100 psn|[from] psn
|upkeep
|turn|5
|
|t:|1782610176
|switch|p2b: Sinistcha|Sinistcha, L50|100/100
|-heal|p2a: Dragonite|67/100|[from] ability: Hospitality|[of] p2b: Sinistcha
|move|p2a: Dragonite|Dragon Claw|p1b: Sandaconda|[miss]
|-miss|p2a: Dragonite|p1b: Sandaconda
|move|p1b: Sandaconda|Body Press|p2b: Sinistcha
|-immune|p2b: Sinistcha
|move|p1a: Tyranitar|Rock Slide|p2b: Sinistcha|[spread] p2a,p2b
|-supereffective|p2a: Dragonite|1
|-damage|p2a: Dragonite|20/100y
|-damage|p2b: Sinistcha|72/100
|
|-weather|Sandstorm|[upkeep]
|-damage|p2a: Dragonite|14/100|[from] Sandstorm
|-damage|p2b: Sinistcha|66/100|[from] Sandstorm
|-heal|p2b: Sinistcha|72/100|[from] item: Leftovers
|-damage|p1b: Sandaconda|29/100 psn|[from] psn
|upkeep
|turn|6
|
|t:|1782610196
|move|p2a: Dragonite|Protect|p2a: Dragonite
|-singleturn|p2a: Dragonite|Protect
|move|p1a: Tyranitar|Rock Slide|p2a: Dragonite|[spread] p2b
|-activate|p2a: Dragonite|move: Protect
|-damage|p2b: Sinistcha|43/100
|move|p1b: Sandaconda|Zen Headbutt|p2b: Sinistcha
|-damage|p2b: Sinistcha|21/100
|cant|p2b: Sinistcha|flinch
|
|-weather|Sandstorm|[upkeep]
|-damage|p2a: Dragonite|8/100|[from] Sandstorm
|-damage|p2b: Sinistcha|15/100|[from] Sandstorm
|-heal|p2b: Sinistcha|21/100|[from] item: Leftovers
|-damage|p1b: Sandaconda|17/100 psn|[from] psn
|upkeep
|turn|7
|
|t:|1782610218
|switch|p2b: Kingambit|Kingambit, L50, M|45/100
|move|p2a: Dragonite|Dragon Claw|p1a: Tyranitar
|-damage|p1a: Tyranitar|13/100
|move|p1a: Tyranitar|Rock Slide|p2b: Kingambit|[spread] p2a,p2b
|-supereffective|p2a: Dragonite|1
|-resisted|p2b: Kingambit|1
|-damage|p2a: Dragonite|0 fnt
|-damage|p2b: Kingambit|32/100
|faint|p2a: Dragonite
|move|p1b: Sandaconda|Body Press|p2b: Kingambit
|-supereffective|p2b: Kingambit|2
|-damage|p2b: Kingambit|0 fnt
|faint|p2b: Kingambit
|
|-weather|none
|-damage|p1b: Sandaconda|5/100 psn|[from] psn
|upkeep
|
|t:|1782610226
|switch|p2b: Sinistcha|Sinistcha, L50|21/100
|turn|8
|-message|failandimprove2 forfeited.
|
|win|lebronsusedtoilet
