|j|☆NerdConsultant
|j|☆taa2pm
|html|NerdConsultanttaa2pm    
|uhtml|bestof|Game 3 of a best-of-3
|t:|1756236910
|gametype|doubles
|player|p1|NerdConsultant|roxie|1050
|player|p2|taa2pm|265|1044
|gen|9
|tier|[Gen 9] VGC 2025 Reg H (Bo3)
|rated|
|rule|Species Clause: Limit one of each Pokémon
|rule|Item Clause: Limit 1 of each item
|clearpoke
|poke|p1|Kingambit, L50, M|
|poke|p1|Rillaboom, L50, M|
|poke|p1|Archaludon, L50, F|
|poke|p1|Basculegion, L50, M|
|poke|p1|Electabuzz, L50, M|
|poke|p1|Pelipper, L50, M|
|poke|p2|Garchomp, L50, M|
|poke|p2|Tyranitar, L50, F|
|poke|p2|Infernape, L50, M|
|poke|p2|Murkrow, L50, M|
|poke|p2|Gyarados, L50, F|
|poke|p2|Annihilape, L50, M|
|teampreview|4
|showteam|p1|Kingambit||BlackGlasses|Defiant|KowtowCleave,SwordsDance,SuckerPunch,Protect|||M|||50|,,,,,Dark]Rillaboom||LoadedDice|GrassySurge|HighHorsepower,GrassyGlide,BulletSeed,FakeOut|||M|||50|,,,,,Fire]Archaludon||AssaultVest|Stamina|ElectroShot,BodyPress,DracoMeteor,FlashCannon|||F|||50|,,,,,Bug]Basculegion||ChoiceBand|SwiftSwim|WaveCrash,AquaJet,LastRespects,FlipTurn|||M|||50|,,,,,Grass]Electabuzz||Eviolite|VitalSpirit|Electroweb,Taunt,FollowMe,Protect|||M|||50|,,,,,Ghost]Pelipper||FocusSash|Drizzle|Tailwind,WeatherBall,Hurricane,Protect|||M|||50|,,,,,Ghost
|showteam|p2|Garchomp||LifeOrb|RoughSkin|Earthquake,IronHead,DragonClaw,Protect|||M|||50|,,,,,Steel]Tyranitar||BlunderPolicy|SandStream|KnockOff,RockSlide,StoneEdge,Protect|||F|||50|,,,,,Flying]Infernape||AssaultVest|Blaze|FakeOut,AuraSphere,HeatWave,Overheat|||M|||50|,,,,,Stellar]Murkrow||Eviolite|Prankster|FoulPlay,Haze,Whirlwind,Tailwind|||M|||50|,,,,,Dark]Gyarados||ClearAmulet|Intimidate|Waterfall,TeraBlast,ThunderWave,Protect|||F|||50|,,,,,Flying]Annihilape||SafetyGoggles|Defiant|DrainPunch,RageFist,BulkUp,Protect|||M|||50|,,,,,Fire
|inactive|Battle timer is ON: inactive players will automatically lose when time's up. (requested by NerdConsultant)
|
|t:|1756236965
|teamsize|p1|4
|teamsize|p2|4
|start
|switch|p1a: Basculegion|Basculegion, L50, M|100/100
|switch|p1b: Archaludon|Archaludon, L50, F|100/100
|switch|p2a: Annihilape|Annihilape, L50, M|100/100
|switch|p2b: Garchomp|Garchomp, L50, M|100/100
|turn|1
|
|t:|1756236980
|switch|p1b: Pelipper|Pelipper, L50, M|100/100
|-weather|RainDance|[from] ability: Drizzle|[of] p1b: Pelipper
|move|p2b: Garchomp|Protect|p2b: Garchomp
|-singleturn|p2b: Garchomp|Protect
|move|p2a: Annihilape|Protect|p2a: Annihilape
|-singleturn|p2a: Annihilape|Protect
|move|p1a: Basculegion|Flip Turn|p2b: Garchomp
|-activate|p2b: Garchomp|move: Protect
|
|-weather|RainDance|[upkeep]
|upkeep
|turn|2
|inactive|taa2pm has 30 seconds left.
|
|t:|1756237012
|move|p1a: Basculegion|Flip Turn|p2b: Garchomp
|-damage|p2b: Garchomp|35/100
|-damage|p1a: Basculegion|88/100|[from] ability: Rough Skin|[of] p2b: Garchomp
|
|t:|1756237017
|switch|p1a: Rillaboom|Rillaboom, L50, M|100/100|[from] Flip Turn
|-fieldstart|move: Grassy Terrain|[from] ability: Grassy Surge|[of] p1a: Rillaboom
|move|p2b: Garchomp|Dragon Claw|p1a: Rillaboom
|-damage|p1a: Rillaboom|44/100
|-damage|p2b: Garchomp|25/100|[from] item: Life Orb
|move|p2a: Annihilape|Rage Fist|p1a: Rillaboom
|-damage|p1a: Rillaboom|21/100
|move|p1b: Pelipper|Tailwind|p1b: Pelipper
|-sidestart|p1: NerdConsultant|move: Tailwind
|
|-weather|RainDance|[upkeep]
|-heal|p1a: Rillaboom|27/100|[from] Grassy Terrain
|-heal|p2b: Garchomp|31/100|[from] Grassy Terrain
|upkeep
|turn|3
|inactive|taa2pm has 30 seconds left.
|inactive|NerdConsultant has 30 seconds left.
|
|t:|1756237049
|switch|p1b: Archaludon|Archaludon, L50, F|100/100
|switch|p2b: Tyranitar|Tyranitar, L50, F|100/100
|-weather|Sandstorm|[from] ability: Sand Stream|[of] p2b: Tyranitar
|move|p1a: Rillaboom|Bullet Seed|p1b: Archaludon
|-resisted|p1b: Archaludon
|-damage|p1b: Archaludon|98/100
|-ability|p1b: Archaludon|Stamina|boost
|-boost|p1b: Archaludon|def|1
|-resisted|p1b: Archaludon
|-damage|p1b: Archaludon|96/100
|-ability|p1b: Archaludon|Stamina|boost
|-boost|p1b: Archaludon|def|1
|-resisted|p1b: Archaludon
|-damage|p1b: Archaludon|95/100
|-ability|p1b: Archaludon|Stamina|boost
|-boost|p1b: Archaludon|def|1
|-resisted|p1b: Archaludon
|-damage|p1b: Archaludon|94/100
|-ability|p1b: Archaludon|Stamina|boost
|-boost|p1b: Archaludon|def|1
|-hitcount|p1b: Archaludon|4
|move|p2a: Annihilape|Bulk Up|p2a: Annihilape
|-boost|p2a: Annihilape|atk|1
|-boost|p2a: Annihilape|def|1
|
|-weather|Sandstorm|[upkeep]
|-damage|p1a: Rillaboom|21/100|[from] Sandstorm
|-heal|p1a: Rillaboom|27/100|[from] Grassy Terrain
|-heal|p1b: Archaludon|99/100|[from] Grassy Terrain
|upkeep
|turn|4
|inactive|NerdConsultant has 30 seconds left.
|inactive|NerdConsultant has 20 seconds left.
|inactive|NerdConsultant has 15 seconds left.
|
|t:|1756237092
|switch|p1a: Pelipper|Pelipper, L50, M|100/100
|-weather|RainDance|[from] ability: Drizzle|[of] p1a: Pelipper
|move|p2a: Annihilape|Protect|p2a: Annihilape
|-singleturn|p2a: Annihilape|Protect
|move|p1b: Archaludon|Electro Shot||[still]
|-prepare|p1b: Archaludon|Electro Shot
|-boost|p1b: Archaludon|spa|1
|-anim|p1b: Archaludon|Electro Shot|p2a: Annihilape
|-activate|p2a: Annihilape|move: Protect
|move|p2b: Tyranitar|Knock Off|p1b: Archaludon
|-damage|p1b: Archaludon|86/100
|-ability|p1b: Archaludon|Stamina|boost
|-boost|p1b: Archaludon|def|1
|-enditem|p1b: Archaludon|Assault Vest|[from] move: Knock Off|[of] p2b: Tyranitar
|
|-weather|RainDance|[upkeep]
|-heal|p1b: Archaludon|92/100|[from] Grassy Terrain
|upkeep
|turn|5
|inactive|taa2pm has 30 seconds left.
|inactive|taa2pm has 20 seconds left.
|
|t:|1756237131
|switch|p2b: Garchomp|Garchomp, L50, M|31/100
|move|p1b: Archaludon|Electro Shot||[still]
|-prepare|p1b: Archaludon|Electro Shot
|-boost|p1b: Archaludon|spa|1
|-anim|p1b: Archaludon|Electro Shot|p2a: Annihilape
|-damage|p2a: Annihilape|18/100
|move|p1a: Pelipper|Weather Ball|p2b: Garchomp
|-damage|p2b: Garchomp|0 fnt
|faint|p2b: Garchomp
|move|p2a: Annihilape|Rage Fist|p1a: Pelipper
|-damage|p1a: Pelipper|1/100
|
|-weather|RainDance|[upkeep]
|-heal|p1b: Archaludon|98/100|[from] Grassy Terrain
|-heal|p2a: Annihilape|23/100|[from] Grassy Terrain
|-sideend|p1: NerdConsultant|move: Tailwind
|upkeep
|
|t:|1756237153
|switch|p2b: Infernape|Infernape, L50, M|100/100
|turn|6
|
|t:|1756237173
|switch|p2a: Tyranitar|Tyranitar, L50, F|100/100
|-weather|Sandstorm|[from] ability: Sand Stream|[of] p2a: Tyranitar
|switch|p1a: Basculegion|Basculegion, L50, M|88/100
|-terastallize|p2b: Infernape|Stellar
|move|p2b: Infernape|Overheat|p1b: Archaludon
|-damage|p1b: Archaludon|18/100
|-unboost|p2b: Infernape|spa|2
|-ability|p1b: Archaludon|Stamina|boost
|-boost|p1b: Archaludon|def|1
|move|p1b: Archaludon|Flash Cannon|p2a: Tyranitar
|-supereffective|p2a: Tyranitar
|-damage|p2a: Tyranitar|20/100
|
|-weather|Sandstorm|[upkeep]
|-damage|p2b: Infernape|95/100|[from] Sandstorm
|-damage|p1a: Basculegion|82/100|[from] Sandstorm
|-heal|p2b: Infernape|100/100|[from] Grassy Terrain
|-heal|p1a: Basculegion|88/100|[from] Grassy Terrain
|-heal|p1b: Archaludon|24/100|[from] Grassy Terrain
|-heal|p2a: Tyranitar|26/100|[from] Grassy Terrain
|-fieldend|move: Grassy Terrain
|upkeep
|turn|7
|inactive|NerdConsultant has 30 seconds left.
|inactive|taa2pm has 30 seconds left.
|inactive|taa2pm has 20 seconds left.
|
|t:|1756237208
|switch|p1a: Pelipper|Pelipper, L50, M|1/100
|-weather|RainDance|[from] ability: Drizzle|[of] p1a: Pelipper
|switch|p2a: Annihilape|Annihilape, L50, M|23/100
|move|p2b: Infernape|Overheat|p1b: Archaludon
|-damage|p1b: Archaludon|9/100
|-unboost|p2b: Infernape|spa|2
|move|p1b: Archaludon|Body Press|p2a: Annihilape
|-immune|p2a: Annihilape
|
|-weather|RainDance|[upkeep]
|upkeep
|turn|8
|inactive|NerdConsultant has 30 seconds left.
|inactive|taa2pm has 30 seconds left.
|inactive|NerdConsultant has 20 seconds left.
|
|t:|1756237244
|switch|p1a: Rillaboom|Rillaboom, L50, M|27/100
|-fieldstart|move: Grassy Terrain|[from] ability: Grassy Surge|[of] p1a: Rillaboom
|move|p2b: Infernape|Overheat|p1b: Archaludon
|-damage|p1b: Archaludon|0 fnt
|-unboost|p2b: Infernape|spa|2
|faint|p1b: Archaludon
|move|p2a: Annihilape|Rage Fist|p1a: Rillaboom
|-damage|p1a: Rillaboom|0 fnt
|faint|p1a: Rillaboom
|
|-weather|RainDance|[upkeep]
|-heal|p2a: Annihilape|29/100|[from] Grassy Terrain
|upkeep
|
|t:|1756237258
|switch|p1a: Pelipper|Pelipper, L50, M|1/100
|switch|p1b: Basculegion|Basculegion, L50, M|88/100
|turn|9
|
|t:|1756237266
|switch|p2b: Tyranitar|Tyranitar, L50, F|26/100
|-weather|Sandstorm|[from] ability: Sand Stream|[of] p2b: Tyranitar
|move|p2a: Annihilape|Protect|p2a: Annihilape
|-singleturn|p2a: Annihilape|Protect
|move|p1b: Basculegion|Last Respects|p2a: Annihilape
|-activate|p2a: Annihilape|move: Protect
|move|p1a: Pelipper|Tailwind|p1a: Pelipper
|-sidestart|p1: NerdConsultant|move: Tailwind
|
|-weather|Sandstorm|[upkeep]
|-damage|p1b: Basculegion|82/100|[from] Sandstorm
|-damage|p1a: Pelipper|0 fnt|[from] Sandstorm
|faint|p1a: Pelipper
|-heal|p1b: Basculegion|88/100|[from] Grassy Terrain
|-heal|p2a: Annihilape|35/100|[from] Grassy Terrain
|-heal|p2b: Tyranitar|32/100|[from] Grassy Terrain
|upkeep
|turn|10
|
|t:|1756237286
|move|p1b: Basculegion|Last Respects|p2a: Annihilape
|-supereffective|p2a: Annihilape
|-crit|p2a: Annihilape
|-damage|p2a: Annihilape|0 fnt
|faint|p2a: Annihilape
|move|p2b: Tyranitar|Knock Off|p1b: Basculegion
|-supereffective|p1b: Basculegion
|-damage|p1b: Basculegion|0 fnt
|-enditem|p1b: Basculegion|Choice Band|[from] move: Knock Off|[of] p2b: Tyranitar
|faint|p1b: Basculegion
|
|win|taa2pm
|raw|NerdConsultant's rating: 1050 → 1032(-18 for losing)
|raw|taa2pm's rating: 1044 → 1078(+34 for winning)
|l|☆NerdConsultant
|player|p1|
|l|☆taa2pm
|player|p2|
|j|☆NerdConsultant
|player|p1|NerdConsultant|roxie|
