|j|☆shynessvgc
|j|☆garex26
|html|shynessvgcgarex26    
|uhtml|bestof|Game 3 of a best-of-3
|t:|1757037193
|gametype|doubles
|player|p1|shynessvgc|dawn|1170
|player|p2|garex26|elesa|1000
|gen|9
|tier|[Gen 9] VGC 2025 Reg H (Bo3)
|rated|
|rule|Species Clause: Limit one of each Pokémon
|rule|Item Clause: Limit 1 of each item
|clearpoke
|poke|p1|Porygon2, L50|
|poke|p1|Ursaluna, L50, F|
|poke|p1|Amoonguss, L50, M|
|poke|p1|Incineroar, L50, M|
|poke|p1|Gholdengo, L50|
|poke|p1|Hydreigon, L50, M|
|poke|p2|Politoed, L50, F|
|poke|p2|Gothitelle, L50, F|
|poke|p2|Incineroar, L50, F|
|poke|p2|Amoonguss, L50, F|
|poke|p2|Archaludon, L50, F|
|poke|p2|Kingdra, L50, M|
|teampreview|4
|showteam|p1|Porygon2||Eviolite|Download|TeraBlast,IceBeam,TrickRoom,Recover||||||50|,,,,,Fighting]Ursaluna||FlameOrb|Guts|Protect,HeadlongRush,Facade,Earthquake|||F|||50|,,,,,Ghost]Amoonguss||CovertCloak|Regenerator|ClearSmog,RagePowder,PollenPuff,Spore|||M|||50|,,,,,Fairy]Incineroar||SitrusBerry|Intimidate|FlareBlitz,KnockOff,PartingShot,FakeOut|||M|||50|,,,,,Ghost]Gholdengo||LifeOrb|GoodasGold|Protect,NastyPlot,MakeItRain,ShadowBall||||||50|,,,,,Water]Hydreigon||SafetyGoggles|Levitate|Protect,DragonPulse,Snarl,Tailwind|||M|||50|,,,,,Ghost
|showteam|p2|Politoed||Leftovers|Drizzle|WeatherBall,Protect,Encore,PerishSong|||F|||50|,,,,,Grass]Gothitelle||SitrusBerry|ShadowTag|FakeOut,Protect,Psychic,TrickRoom|||F|||50|,,,,,Dark]Incineroar||SafetyGoggles|Intimidate|FakeOut,PartingShot,Protect,KnockOff|||F|||50|,,,,,Ghost]Amoonguss||EjectButton|Regenerator|Spore,Protect,RagePowder,PollenPuff|||F|||50|,,,,,Fairy]Archaludon||PowerHerb|Sturdy|ElectroShot,DragonPulse,Protect,FlashCannon|||F|||50|,,,,,Electric]Kingdra||LifeOrb|SwiftSwim|WeatherBall,MuddyWater,DracoMeteor,Protect|||M|||50|,,,,,Stellar
|inactive|Battle timer is ON: inactive players will automatically lose when time's up. (requested by shynessvgc)
|
|t:|1757037245
|teamsize|p1|4
|teamsize|p2|4
|start
|switch|p1a: Amoonguss|Amoonguss, L50, M|100/100
|switch|p1b: Gholdengo|Gholdengo, L50|100/100
|switch|p2a: Incineroar|Incineroar, L50, F|100/100
|switch|p2b: Archaludon|Archaludon, L50, F|100/100
|-ability|p2a: Incineroar|Intimidate|boost
|-unboost|p1a: Amoonguss|atk|1
|-unboost|p1b: Gholdengo|atk|1
|turn|1
|inactive|garex26 has 30 seconds left.
|
|t:|1757037278
|move|p2b: Archaludon|Protect|p2b: Archaludon
|-singleturn|p2b: Archaludon|Protect
|move|p1b: Gholdengo|Nasty Plot|p1b: Gholdengo
|-boost|p1b: Gholdengo|spa|2
|move|p2a: Incineroar|Knock Off|p1a: Amoonguss
|-damage|p1a: Amoonguss|73/100
|-enditem|p1a: Amoonguss|Covert Cloak|[from] move: Knock Off|[of] p2a: Incineroar
|move|p1a: Amoonguss|Spore|p2b: Archaludon
|-activate|p2b: Archaludon|move: Protect
|
|upkeep
|turn|2
|
|t:|1757037302
|switch|p2b: Politoed|Politoed, L50, F|100/100
|-weather|RainDance|[from] ability: Drizzle|[of] p2b: Politoed
|move|p1b: Gholdengo|Protect|p1b: Gholdengo
|-singleturn|p1b: Gholdengo|Protect
|move|p2a: Incineroar|Parting Shot|p1a: Amoonguss
|-unboost|p1a: Amoonguss|atk|1
|-unboost|p1a: Amoonguss|spa|1
|
|t:|1757037315
|switch|p2a: Archaludon|Archaludon, L50, F|100/100|[from] Parting Shot
|move|p1a: Amoonguss|Spore|p2b: Politoed
|-status|p2b: Politoed|slp|[from] move: Spore
|
|-weather|RainDance|[upkeep]
|upkeep
|turn|3
|
|t:|1757037331
|switch|p2b: Incineroar|Incineroar, L50, F|100/100
|-ability|p2b: Incineroar|Intimidate|boost
|-unboost|p1a: Amoonguss|atk|1
|-unboost|p1b: Gholdengo|atk|1
|move|p2a: Archaludon|Protect|p2a: Archaludon
|-singleturn|p2a: Archaludon|Protect
|move|p1a: Amoonguss|Rage Powder|p1a: Amoonguss
|-singleturn|p1a: Amoonguss|move: Rage Powder
|move|p1b: Gholdengo|Shadow Ball|p2a: Archaludon
|-activate|p2a: Archaludon|move: Protect
|
|-weather|RainDance|[upkeep]
|upkeep
|turn|4
|
|t:|1757037349
|switch|p2b: Gothitelle|Gothitelle, L50, F|100/100
|-terastallize|p2a: Archaludon|Electric
|move|p1b: Gholdengo|Protect|p1b: Gholdengo
|-singleturn|p1b: Gholdengo|Protect
|move|p2a: Archaludon|Electro Shot||[still]
|-prepare|p2a: Archaludon|Electro Shot
|-boost|p2a: Archaludon|spa|1
|-anim|p2a: Archaludon|Electro Shot|p1b: Gholdengo
|-activate|p1b: Gholdengo|move: Protect
|move|p1a: Amoonguss|Spore|p2a: Archaludon
|-status|p2a: Archaludon|slp|[from] move: Spore
|
|-weather|RainDance|[upkeep]
|upkeep
|turn|5
|inactive|garex26 has 30 seconds left.
|
|t:|1757037382
|cant|p2a: Archaludon|slp
|move|p1b: Gholdengo|Make It Rain|p2a: Archaludon|[spread] p2a,p2b
|-resisted|p2a: Archaludon
|-damage|p2a: Archaludon|2/100 slp
|-damage|p2b: Gothitelle|0 fnt
|-unboost|p1b: Gholdengo|spa|1
|faint|p2b: Gothitelle
|-damage|p1b: Gholdengo|91/100|[from] item: Life Orb
|move|p1a: Amoonguss|Pollen Puff|p2a: Archaludon
|-damage|p2a: Archaludon|0 fnt
|faint|p2a: Archaludon
|
|-weather|RainDance|[upkeep]
|upkeep
|
|t:|1757037394
|switch|p2a: Politoed|Politoed, L50, F|100/100 slp
|switch|p2b: Incineroar|Incineroar, L50, F|100/100
|-ability|p2b: Incineroar|Intimidate|boost
|-unboost|p1a: Amoonguss|atk|1
|-unboost|p1b: Gholdengo|atk|1
|turn|6
|c|☆garex26|ggwp
|
|t:|1757037411
|move|p1b: Gholdengo|Shadow Ball|p2a: Politoed
|-damage|p2a: Politoed|35/100 slp
|-damage|p1b: Gholdengo|82/100|[from] item: Life Orb
|cant|p2a: Politoed|slp
|move|p2b: Incineroar|Knock Off|p1a: Amoonguss
|-damage|p1a: Amoonguss|54/100
|move|p1a: Amoonguss|Clear Smog|p2a: Politoed
|-damage|p2a: Politoed|26/100 slp
|-clearboost|p2a: Politoed
|
|-weather|none
|-heal|p2a: Politoed|32/100 slp|[from] item: Leftovers
|upkeep
|turn|7
|c|☆shynessvgc|well played
|
|t:|1757037431
|-terastallize|p1b: Gholdengo|Water
|move|p1b: Gholdengo|Make It Rain|p2b: Incineroar|[spread] p2a,p2b
|-resisted|p2a: Politoed
|-resisted|p2b: Incineroar
|-damage|p2a: Politoed|0 fnt
|-damage|p2b: Incineroar|68/100
|-unboost|p1b: Gholdengo|spa|1
|faint|p2a: Politoed
|-damage|p1b: Gholdengo|72/100|[from] item: Life Orb
|move|p2b: Incineroar|Knock Off|p1b: Gholdengo
|-damage|p1b: Gholdengo|31/100
|-enditem|p1b: Gholdengo|Life Orb|[from] move: Knock Off|[of] p2b: Incineroar
|move|p1a: Amoonguss|Clear Smog|p2b: Incineroar
|-damage|p2b: Incineroar|60/100
|-clearboost|p2b: Incineroar
|
|upkeep
|turn|8
|-message|garex26 forfeited.
|raw|shynessvgc's rating: 1170 → 1184(+14 for winning)
|raw|garex26's rating: 1000 → 1000(+0 for losing)
|
|win|shynessvgc
|l|☆garex26
|player|p2|
