|j|☆crosseczek
|j|☆chocokoala vgc
|html|crosseczekchocokoala vgc    
|uhtml|bestof|Game 3 of a best-of-3
|t:|1784815090
|gametype|doubles
|player|p1|crosseczek|2|1360
|player|p2|chocokoala vgc|benga|1281
|gen|9
|tier|[Gen 9 Champions] VGC 2026 Reg M-B (Bo3)
|rated|
|rule|Species Clause: Limit one of each Pokémon
|rule|Item Clause: Limit 1 of each item
|clearpoke
|poke|p1|Mawile, L50, M|
|poke|p1|Maushold, L50|
|poke|p1|Whimsicott, L50, F|
|poke|p1|Raichu, L50, F|
|poke|p1|Incineroar, L50, F|
|poke|p1|Farigiraf, L50, F|
|poke|p2|Scovillain, L50, M|
|poke|p2|Primarina, L50, M|
|poke|p2|Aerodactyl, L50, F|
|poke|p2|Garchomp, L50, M|
|poke|p2|Gholdengo, L50|
|poke|p2|Grimmsnarl, L50, M|
|teampreview|4
|showteam|p1|Mawile||Mawilite|HyperCutter|PlayRough,SuckerPunch,SwordsDance,Protect|Brave||M|||50|]Maushold||WideLens|Technician|PopulationBomb,Taunt,FollowMe,Protect|Adamant|||||50|]Whimsicott||FocusSash|Prankster|Moonblast,Encore,Tailwind,Protect|Modest||F|||50|]Raichu||RaichuniteY|LightningRod|ZapCannon,FocusBlast,GrassKnot,Protect|Modest||F|||50|]Incineroar||Charcoal|Intimidate|FlareBlitz,DarkestLariat,PartingShot,FakeOut|Adamant||F|||50|]Farigiraf||ColburBerry|ArmorTail|Psychic,Imprison,TrickRoom,Protect|Modest||F|||50|
|showteam|p2|Scovillain||Scovillainite|Moody|Flamethrower,GigaDrain,Protect,RagePowder|Bold||M|||50|]Primarina||Leftovers|LiquidVoice|HyperVoice,Moonblast,Protect,CalmMind|Modest||M|||50|]Aerodactyl||Aerodactylite|Unnerve|RockSlide,DualWingbeat,Protect,Tailwind|Jolly||F|||50|]Garchomp||SoftSand|RoughSkin|Earthquake,StompingTantrum,Protect,DragonClaw|Jolly||M|||50|]Gholdengo||LifeOrb|GoodasGold|MakeItRain,ShadowBall,Protect,NastyPlot|Modest|||||50|]Grimmsnarl||LightClay|Prankster|LightScreen,Reflect,FakeOut,FoulPlay|Sassy||M|||50|
|inactive|Battle timer is ON: inactive players will automatically lose when time's up. (requested by chocokoala vgc)
|
|t:|1784815111
|teamsize|p1|4
|teamsize|p2|4
|start
|switch|p1a: Raichu|Raichu, L50, F|100/100
|switch|p1b: Whimsicott|Whimsicott, L50, F|100/100
|switch|p2a: Garchomp|Garchomp, L50, M|100/100
|switch|p2b: Scovillain|Scovillain, L50, M|100/100
|turn|1
|
|t:|1784815129
|switch|p2a: Gholdengo|Gholdengo, L50|100/100
|detailschange|p2b: Scovillain|Scovillain-Mega, L50, M
|-mega|p2b: Scovillain|Scovillain|Scovillainite
|move|p1a: Raichu|Protect|p1a: Raichu
|-singleturn|p1a: Raichu|Protect
|move|p1b: Whimsicott|Tailwind|p1b: Whimsicott
|-sidestart|p1: crosseczek|move: Tailwind
|move|p2b: Scovillain|Flamethrower|p1b: Whimsicott
|-supereffective|p1b: Whimsicott|1
|-enditem|p1b: Whimsicott|Focus Sash
|-damage|p1b: Whimsicott|1/100
|
|upkeep
|turn|2
|
|t:|1784815147
|switch|p1a: Incineroar|Incineroar, L50, F|100/100
|-ability|p1a: Incineroar|Intimidate|boost
|-unboost|p2a: Gholdengo|atk|1
|-unboost|p2b: Scovillain|atk|1
|move|p1b: Whimsicott|Protect|p1b: Whimsicott
|-singleturn|p1b: Whimsicott|Protect
|move|p2b: Scovillain|Rage Powder|p2b: Scovillain
|-singleturn|p2b: Scovillain|move: Rage Powder
|move|p2a: Gholdengo|Shadow Ball|p1a: Incineroar
|-resisted|p1a: Incineroar|1
|-damage|p1a: Incineroar|70/100
|-damage|p2a: Gholdengo|90/100|[from] item: Life Orb
|
|upkeep
|turn|3
|inactive|crosseczek has 30 seconds left.
|
|t:|1784815175
|switch|p1b: Maushold|Maushold, L50|100/100
|switch|p2a: Garchomp|Garchomp, L50, M|100/100
|move|p1a: Incineroar|Flare Blitz|p2a: Garchomp
|-resisted|p2a: Garchomp|1
|-damage|p2a: Garchomp|58/100
|-damage|p1a: Incineroar|57/100|[from] ability: Rough Skin|[of] p2a: Garchomp
|-damage|p1a: Incineroar|45/100|[from] Recoil
|move|p2b: Scovillain|Flamethrower|p1b: Maushold
|-damage|p1b: Maushold|42/100
|
|upkeep
|turn|4
|
|t:|1784815196
|move|p1b: Maushold|Protect|p1b: Maushold
|-singleturn|p1b: Maushold|Protect
|move|p2a: Garchomp|Protect|p2a: Garchomp
|-singleturn|p2a: Garchomp|Protect
|move|p2b: Scovillain|Protect|p2b: Scovillain
|-singleturn|p2b: Scovillain|Protect
|move|p1a: Incineroar|Flare Blitz|p2b: Scovillain
|-activate|p2b: Scovillain|move: Protect
|
|-sideend|p1: crosseczek|move: Tailwind
|upkeep
|turn|5
|inactive|crosseczek has 30 seconds left.
|inactive|crosseczek has 20 seconds left.
|inactive|crosseczek has 15 seconds left.
|inactive|crosseczek has 10 seconds left.
|inactive|crosseczek has 5 seconds left.
|
|t:|1784815249
|switch|p2b: Primarina|Primarina, L50, M|100/100
|move|p2a: Garchomp|Earthquake|p1a: Incineroar|[spread] p2b,p1a,p1b
|-supereffective|p1a: Incineroar|1
|-damage|p2b: Primarina|37/100
|-damage|p1a: Incineroar|0 fnt
|-damage|p1b: Maushold|0 fnt
|faint|p1a: Incineroar
|faint|p1b: Maushold
|
|-heal|p2b: Primarina|43/100|[from] item: Leftovers
|upkeep
|
|t:|1784815256
|switch|p1b: Whimsicott|Whimsicott, L50, F|1/100
|switch|p1a: Raichu|Raichu, L50, F|100/100
|turn|6
|
|t:|1784815268
|detailschange|p1a: Raichu|Raichu-Mega-Y, L50, F
|-mega|p1a: Raichu|Raichu|Raichunite Y
|move|p2a: Garchomp|Protect|p2a: Garchomp
|-singleturn|p2a: Garchomp|Protect
|move|p1b: Whimsicott|Tailwind|p1b: Whimsicott
|-sidestart|p1: crosseczek|move: Tailwind
|move|p1a: Raichu|Focus Blast|p2a: Garchomp
|-activate|p2a: Garchomp|move: Protect
|move|p2b: Primarina|Hyper Voice|p1b: Whimsicott|[spread] p1a,p1b
|-resisted|p1b: Whimsicott|1
|-damage|p1a: Raichu|53/100
|-damage|p1b: Whimsicott|0 fnt
|faint|p1b: Whimsicott
|
|-heal|p2b: Primarina|49/100|[from] item: Leftovers
|upkeep
|turn|7
|
|t:|1784815278
|move|p1a: Raichu|Zap Cannon|p2b: Primarina
|-supereffective|p2b: Primarina|1
|-damage|p2b: Primarina|0 fnt
|faint|p2b: Primarina
|move|p2a: Garchomp|Stomping Tantrum|p1a: Raichu
|-supereffective|p1a: Raichu|1
|-damage|p1a: Raichu|0 fnt
|faint|p1a: Raichu
|
|win|chocokoala vgc
|raw|crosseczek's rating: 1360 → 1336(-24 for losing)
|raw|chocokoala vgc's rating: 1281 → 1312(+31 for winning)
