|j|â˜†dartsvg
|j|â˜†kunal
|html|dartsvgkunal    
|uhtml|bestof|Game 1 of a best-of-3
|t:|1784841950
|gametype|doubles
|player|p1|dartsvg|#smogonxnpa2024draftee2|
|player|p2|kunal|#vgcclassicspliii|
|gen|9
|tier|[Gen 9 Champions] VGC 2026 Reg M-B (Bo3)
|rule|Species Clause: Limit one of each PokÃ©mon
|rule|Item Clause: Limit 1 of each item
|clearpoke
|poke|p1|Charizard, L50, F|
|poke|p1|Froslass, L50, F|
|poke|p1|Dragonite, L50, F|
|poke|p1|Kingambit, L50, F|
|poke|p1|Toxapex, L50, F|
|poke|p1|Sneasler, L50, M|
|poke|p2|Gengar, L50, M|
|poke|p2|Swampert, L50, F|
|poke|p2|Incineroar, L50, M|
|poke|p2|Politoed, L50, M|
|poke|p2|Vivillon, L50, M|
|poke|p2|Kommo-o, L50, M|
|teampreview|4
|showteam|p1|Charizard||CharizarditeY|SolarPower|Protect,HeatWave,AncientPower,WeatherBall|Timid||F|||50|]Froslass||Froslassite|CursedBody|Blizzard,ShadowBall,AuroraVeil,Protect|Timid||F|||50|]Dragonite||LifeOrb|InnerFocus|DragonClaw,ExtremeSpeed,LowKick,Protect|Adamant||F|||50|]Kingambit||BlackGlasses|Defiant|KowtowCleave,SuckerPunch,SwordsDance,Protect|Adamant||F|||50|]Toxapex||Leftovers|Regenerator|Toxic,Infestation,WideGuard,BanefulBunker|Relaxed||F|||50|]Sneasler||FocusSash|PoisonTouch|FakeOut,PoisonJab,CloseCombat,Protect|Jolly||M|||50|
|showteam|p2|Gengar||Gengarite|CursedBody|ShadowBall,PerishSong,SludgeBomb,Protect|Timid||M|||50|]Swampert||Swampertite|Torrent|WaveCrash,HighHorsepower,IcePunch,Protect|Adamant||F|||50|]Incineroar||PasshoBerry|Intimidate|ThroatChop,PartingShot,FakeOut,Protect|Sassy||M|||50|]Politoed||SitrusBerry|Drizzle|WeatherBall,PerishSong,Encore,Protect|Calm||M|||50|]Vivillon||FocusSash|CompoundEyes|Hurricane,SleepPowder,RagePowder,Protect|Timid||M|||50|]Kommo-o||Leftovers|Soundproof|ClangingScales,ClangorousSoul,AuraSphere,Protect|Modest||M|||50|
|inactive|Battle timer is ON: inactive players will automatically lose when time's up. (requested by dartsvg)
|inactiveoff|Battle timer is now OFF.
|c|â˜†kunal|glhf
|c|â˜†dartsvg|glhf
|j| srvoltmike
|j| skittycel
|j| Schister
|j| noelleee
|j| hungry lights
|j| Checkmater
|
|t:|1784842049
|teamsize|p1|4
|teamsize|p2|4
|start
|switch|p1a: Froslass|Froslass, L50, F|100/100
|switch|p1b: Sneasler|Sneasler, L50, M|100/100
|switch|p2a: Gengar|Gengar, L50, M|100/100
|switch|p2b: Incineroar|Incineroar, L50, M|100/100
|-ability|p2b: Incineroar|Intimidate|boost
|-unboost|p1a: Froslass|atk|1
|-unboost|p1b: Sneasler|atk|1
|turn|1
|l| noelleee
|j| KeanuVGC
|
|t:|1784842104
|detailschange|p1a: Froslass|Froslass-Mega, L50, F
|-mega|p1a: Froslass|Froslass|Froslassite
|-weather|Snowscape|[from] ability: Snow Warning|[of] p1a: Froslass
|detailschange|p2a: Gengar|Gengar-Mega, L50, M
|-mega|p2a: Gengar|Gengar|Gengarite
|move|p1b: Sneasler|Fake Out|p2b: Incineroar
|-damage|p2b: Incineroar|92/100
|move|p2a: Gengar|Shadow Ball|p1a: Froslass
|-supereffective|p1a: Froslass|1
|-damage|p1a: Froslass|11/100
|move|p1a: Froslass|Shadow Ball|p2a: Gengar
|-supereffective|p2a: Gengar|1
|-damage|p2a: Gengar|26/100
|cant|p2b: Incineroar|flinch
|
|-weather|Snowscape|[upkeep]
|upkeep
|turn|2
|j| kynan sahur
|j| IcyPenguin604
|
|t:|1784842143
|move|p2a: Gengar|Protect|p2a: Gengar
|-singleturn|p2a: Gengar|Protect
|move|p1a: Froslass|Protect|p1a: Froslass
|-singleturn|p1a: Froslass|Protect
|move|p1b: Sneasler|Close Combat|p2b: Incineroar
|-supereffective|p2b: Incineroar|1
|-damage|p2b: Incineroar|22/100
|-unboost|p1b: Sneasler|def|1
|-unboost|p1b: Sneasler|spd|1
|move|p2b: Incineroar|Parting Shot|p1b: Sneasler
|-unboost|p1b: Sneasler|atk|1
|-unboost|p1b: Sneasler|spa|1
|j| rovbmc
|
|t:|1784842154
|switch|p2b: Kommo-o|Kommo-o, L50, M|100/100|[from] Parting Shot
|
|-weather|Snowscape|[upkeep]
|upkeep
|turn|3
|j| Hasayo
|
|t:|1784842172
|switch|p1a: Toxapex|Toxapex, L50, F|100/100
|move|p1b: Sneasler|Poison Jab|p2b: Kommo-o
|-damage|p2b: Kommo-o|82/100
|-status|p2b: Kommo-o|psn
|move|p2a: Gengar|Shadow Ball|p1a: Toxapex
|-damage|p1a: Toxapex|64/100
|move|p2b: Kommo-o|Clangorous Soul|p2b: Kommo-o
|-boost|p2b: Kommo-o|atk|1
|-boost|p2b: Kommo-o|def|1
|-boost|p2b: Kommo-o|spa|1
|-boost|p2b: Kommo-o|spd|1
|-boost|p2b: Kommo-o|spe|1
|-damage|p2b: Kommo-o|50/100y psn
|
|-weather|Snowscape|[upkeep]
|-heal|p2b: Kommo-o|56/100 psn|[from] item: Leftovers
|-heal|p1a: Toxapex|70/100|[from] item: Leftovers
|-damage|p2b: Kommo-o|43/100 psn|[from] psn
|upkeep
|turn|4
|l| hungry lights
|j|+qsns
|j| Nido-Rus
|j| hungry lights
|inactive|Battle timer is ON: inactive players will automatically lose when time's up. (requested by dartsvg)
|
|t:|1784842276
|move|p2b: Kommo-o|Clanging Scales|p1b: Sneasler|[spread] p1a,p1b
|-damage|p1a: Toxapex|32/100
|-enditem|p1b: Sneasler|Focus Sash
|-damage|p1b: Sneasler|1/100
|-unboost|p2b: Kommo-o|def|1
|move|p1b: Sneasler|Poison Jab|p2a: Gengar
|-resisted|p2a: Gengar|2
|-crit|p2a: Gengar
|-damage|p2a: Gengar|7/100
|move|p2a: Gengar|Shadow Ball|p1b: Sneasler
|-damage|p1b: Sneasler|0 fnt
|faint|p1b: Sneasler
|move|p1a: Toxapex|Infestation|p2a: Gengar
|-resisted|p2a: Gengar|2
|-damage|p2a: Gengar|6/100
|-activate|p2a: Gengar|move: Infestation|[of] p1a: Toxapex
|
|-weather|Snowscape|[upkeep]
|-heal|p2b: Kommo-o|50/100y psn|[from] item: Leftovers
|-heal|p1a: Toxapex|38/100|[from] item: Leftovers
|-damage|p2b: Kommo-o|37/100 psn|[from] psn
|-damage|p2a: Gengar|0 fnt|[from] move: Infestation|[partiallytrapped]
|faint|p2a: Gengar
|upkeep
|
|t:|1784842289
|switch|p1b: Dragonite|Dragonite, L50, F|100/100
|switch|p2a: Vivillon|Vivillon, L50, M|100/100
|turn|5
|inactive|kunal has 30 seconds left.
|
|t:|1784842321
|move|p2b: Kommo-o|Protect|p2b: Kommo-o
|-singleturn|p2b: Kommo-o|Protect
|move|p1b: Dragonite|Protect|p1b: Dragonite
|-singleturn|p1b: Dragonite|Protect
|move|p1a: Toxapex|Baneful Bunker|p1a: Toxapex
|-singleturn|p1a: Toxapex|move: Protect
|move|p2a: Vivillon|Sleep Powder|p1a: Toxapex
|-activate|p1a: Toxapex|move: Protect
|
|-weather|none
|-heal|p2b: Kommo-o|43/100 psn|[from] item: Leftovers
|-heal|p1a: Toxapex|43/100|[from] item: Leftovers
|-damage|p2b: Kommo-o|31/100 psn|[from] psn
|upkeep
|turn|6
|inactive|kunal has 30 seconds left.
|inactive|kunal has 20 seconds left.
|inactive|kunal has 15 seconds left.
|
|t:|1784842363
|switch|p2b: Incineroar|Incineroar, L50, M|22/100
|-ability|p2b: Incineroar|Intimidate|boost
|-unboost|p1a: Toxapex|atk|1
|-fail|p1b: Dragonite|unboost|Attack|[from] ability: Inner Focus|[of] p1b: Dragonite
|move|p1a: Toxapex|Wide Guard|p1a: Toxapex
|-singleturn|p1a: Toxapex|Wide Guard
|move|p1b: Dragonite|Extreme Speed|p2b: Incineroar
|-damage|p2b: Incineroar|0 fnt
|faint|p2b: Incineroar
|-damage|p1b: Dragonite|90/100|[from] item: Life Orb
|move|p2a: Vivillon|Sleep Powder|p1b: Dragonite
|-status|p1b: Dragonite|slp|[from] move: Sleep Powder
|
|-heal|p1a: Toxapex|49/100|[from] item: Leftovers
|upkeep
|l| hungry lights
|
|t:|1784842372
|switch|p2b: Kommo-o|Kommo-o, L50, M|31/100 psn
|turn|7
|
|t:|1784842383
|-heal|p1a: Toxapex|82/100|[from] ability: Regenerator|[silent]
|switch|p1a: Froslass|Froslass-Mega, L50, F|11/100
|-weather|Snowscape|[from] ability: Snow Warning|[of] p1a: Froslass
|cant|p1b: Dragonite|slp
|move|p2a: Vivillon|Sleep Powder|p1a: Froslass
|-status|p1a: Froslass|slp|[from] move: Sleep Powder
|move|p2b: Kommo-o|Clangorous Soul||[still]
|-fail|p2b: Kommo-o
|
|-weather|Snowscape|[upkeep]
|-heal|p2b: Kommo-o|37/100 psn|[from] item: Leftovers
|-damage|p2b: Kommo-o|25/100 psn|[from] psn
|upkeep
|turn|8
|j| hungry lights
|
|t:|1784842398
|move|p2a: Vivillon|Rage Powder|p2a: Vivillon
|-singleturn|p2a: Vivillon|move: Rage Powder
|cant|p1b: Dragonite|slp
|cant|p1a: Froslass|slp
|move|p2b: Kommo-o|Clanging Scales|p1a: Froslass|[spread] p1a,p1b
|-supereffective|p1b: Dragonite|1
|-damage|p1a: Froslass|0 fnt
|-damage|p1b: Dragonite|24/100 slp
|faint|p1a: Froslass
|-unboost|p2b: Kommo-o|def|1
|
|-weather|Snowscape|[upkeep]
|-heal|p2b: Kommo-o|31/100 psn|[from] item: Leftovers
|-damage|p2b: Kommo-o|19/100 psn|[from] psn
|upkeep
|
|t:|1784842401
|switch|p1a: Toxapex|Toxapex, L50, F|82/100
|turn|9
|inactive|kunal has 30 seconds left.
|l| rovbmc
|
|t:|1784842431
|move|p2b: Kommo-o|Protect|p2b: Kommo-o
|-singleturn|p2b: Kommo-o|Protect
|-curestatus|p1b: Dragonite|slp|[msg]
|move|p1b: Dragonite|Extreme Speed|p2b: Kommo-o
|-activate|p2b: Kommo-o|move: Protect
|move|p2a: Vivillon|Hurricane|p1b: Dragonite
|-damage|p1b: Dragonite|0 fnt
|faint|p1b: Dragonite
|move|p1a: Toxapex|Toxic|p2a: Vivillon
|-status|p2a: Vivillon|tox
|
|-weather|Snowscape|[upkeep]
|-heal|p2b: Kommo-o|25/100 psn|[from] item: Leftovers
|-heal|p1a: Toxapex|88/100|[from] item: Leftovers
|-damage|p2a: Vivillon|94/100 tox|[from] psn
|-damage|p2b: Kommo-o|12/100 psn|[from] psn
|upkeep
|turn|10
|j| rovbmc
|
|t:|1784842443
|move|p1a: Toxapex|Baneful Bunker|p1a: Toxapex
|-singleturn|p1a: Toxapex|move: Protect
|move|p2a: Vivillon|Sleep Powder|p1a: Toxapex
|-activate|p1a: Toxapex|move: Protect
|move|p2b: Kommo-o|Clanging Scales|p1a: Toxapex
|-activate|p1a: Toxapex|move: Protect
|
|-weather|Snowscape|[upkeep]
|-heal|p2b: Kommo-o|19/100 psn|[from] item: Leftovers
|-heal|p1a: Toxapex|94/100|[from] item: Leftovers
|-damage|p2a: Vivillon|82/100 tox|[from] psn
|-damage|p2b: Kommo-o|6/100 psn|[from] psn
|upkeep
|turn|11
|
|t:|1784842450
|move|p1a: Toxapex|Wide Guard|p1a: Toxapex
|-singleturn|p1a: Toxapex|Wide Guard
|move|p2a: Vivillon|Hurricane|p1a: Toxapex
|-damage|p1a: Toxapex|65/100
|move|p2b: Kommo-o|Clanging Scales|p1a: Toxapex
|-activate|p1a: Toxapex|move: Wide Guard
|
|-weather|none
|-heal|p2b: Kommo-o|12/100 psn|[from] item: Leftovers
|-heal|p1a: Toxapex|71/100|[from] item: Leftovers
|-damage|p2a: Vivillon|64/100 tox|[from] psn
|-damage|p2b: Kommo-o|1/100 psn|[from] psn
|upkeep
|turn|12
|
|t:|1784842465
|move|p1a: Toxapex|Wide Guard|p1a: Toxapex
|-singleturn|p1a: Toxapex|Wide Guard
|move|p2a: Vivillon|Sleep Powder|p1a: Toxapex
|-status|p1a: Toxapex|slp|[from] move: Sleep Powder
|move|p2b: Kommo-o|Clanging Scales|p1a: Toxapex
|-activate|p1a: Toxapex|move: Wide Guard
|
|-heal|p2b: Kommo-o|6/100 psn|[from] item: Leftovers
|-heal|p1a: Toxapex|77/100 slp|[from] item: Leftovers
|-damage|p2a: Vivillon|41/100 tox|[from] psn
|-damage|p2b: Kommo-o|0 fnt|[from] psn
|faint|p2b: Kommo-o
|upkeep
|turn|13
|
|t:|1784842470
|cant|p1a: Toxapex|slp
|move|p2a: Vivillon|Hurricane|p1a: Toxapex
|-damage|p1a: Toxapex|49/100 slp
|
|-heal|p1a: Toxapex|55/100 slp|[from] item: Leftovers
|-damage|p2a: Vivillon|11/100 tox|[from] psn
|upkeep
|turn|14
|
|t:|1784842474
|cant|p1a: Toxapex|slp
|move|p2a: Vivillon|Hurricane|p1a: Toxapex
|-crit|p1a: Toxapex
|-damage|p1a: Toxapex|10/100 slp
|-start|p1a: Toxapex|confusion
|
|-heal|p1a: Toxapex|16/100 slp|[from] item: Leftovers
|-damage|p2a: Vivillon|0 fnt|[from] psn
|faint|p2a: Vivillon
|
|win|dartsvg
||kunal is ready for game 2.
||dartsvg is ready for game 2.
|uhtml|next|Next: Game 2 of 3
