|j|☆WASHINGTONGARGACHA
|j|☆andrewcips
|html|WASHINGTONGARGACHAandrewcips    
|uhtml|bestof|Game 1 of a best-of-3
|t:|1757859789
|gametype|doubles
|player|p1|WASHINGTONGARGACHA|169|1095
|player|p2|andrewcips|alder|1065
|gen|9
|tier|[Gen 9] VGC 2025 Reg H (Bo3)
|rated|
|rule|Species Clause: Limit one of each Pokémon
|rule|Item Clause: Limit 1 of each item
|clearpoke
|poke|p1|Typhlosion-Hisui, L50, F|
|poke|p1|Whimsicott, L50, F|
|poke|p1|Dragapult, L50, F|
|poke|p1|Torkoal, L50, M|
|poke|p1|Lilligant-Hisui, L50, F|
|poke|p1|Electabuzz, L50, F|
|poke|p2|Amoonguss, L50, M|
|poke|p2|Sneasler, L50, M|
|poke|p2|Gholdengo, L50|
|poke|p2|Incineroar, L50, F|
|poke|p2|Ursaluna-Bloodmoon, L50, M|
|poke|p2|Dragonite, L50, F|
|teampreview|4
|showteam|p1|Typhlosion-Hisui||ChoiceSpecs|Blaze|HeatWave,Eruption,ShadowBall,FocusPunch|||F|||50|,,,,,Fire]Whimsicott||CovertCloak|Prankster|Tailwind,Moonblast,SunnyDay,Encore|||F|||50|,,,,,Water]Dragapult||ChoiceBand|ClearBody|Uturn,Outrage,DragonDarts,PhantomForce|||F|||50|,,,,,Dragon]Torkoal||LifeOrb|Drought|HeatWave,Eruption,Protect,WeatherBall|||M|||50|,,,,,Fire]Lilligant-Hisui||FocusSash|Chlorophyll|CloseCombat,SleepPowder,AfterYou,LeafBlade|||F|||50|,,,,,Ghost]Electabuzz||Eviolite|VitalSpirit|FollowMe,Taunt,Electroweb,Protect|||F|||50|,,,,,Grass
|showteam|p2|Amoonguss||SitrusBerry|Regenerator|RagePowder,Spore,PollenPuff,Protect|||M|||50|,,,,,Psychic]Sneasler||FocusSash|Unburden|Protect,DireClaw,CloseCombat,ThroatChop|||M|||50|,,,,,Stellar]Gholdengo||LifeOrb|GoodasGold|Protect,MakeItRain,ShadowBall,NastyPlot||||||50|,,,,,Water]Incineroar||SafetyGoggles|Intimidate|KnockOff,PartingShot,FlareBlitz,FakeOut|||F|||50|,,,,,Ghost]Ursaluna-Bloodmoon||AssaultVest|MindsEye|BloodMoon,EarthPower,VacuumWave,HyperVoice|||M|||50|,,,,,Water]Dragonite||LoadedDice|Multiscale|ScaleShot,Tailwind,Haze,Protect|||F|||50|,,,,,Fairy
|inactive|Battle timer is ON: inactive players will automatically lose when time's up. (requested by andrewcips)
|inactive|andrewcips has 60 seconds left.
|
|t:|1757859859
|teamsize|p1|4
|teamsize|p2|4
|start
|switch|p1a: Typhlosion|Typhlosion-Hisui, L50, F|100/100
|switch|p1b: Dragapult|Dragapult, L50, F|100/100
|switch|p2a: Golden Wind|Dragonite, L50, F|100/100
|switch|p2b: 8|Sneasler, L50, M|100/100
|turn|1
|
|t:|1757859880
|-terastallize|p1a: Typhlosion|Fire
|-terastallize|p2a: Golden Wind|Fairy
|move|p1b: Dragapult|U-turn|p2b: 8
|-resisted|p2b: 8
|-damage|p2b: 8|87/100
|
|t:|1757859885
|switch|p1b: Torkoal|Torkoal, L50, M|100/100|[from] U-turn
|-weather|SunnyDay|[from] ability: Drought|[of] p1b: Torkoal
|move|p2b: 8|Dire Claw|p1a: Typhlosion
|-damage|p1a: Typhlosion|34/100
|move|p1a: Typhlosion|Heat Wave|p2b: 8|[spread] p2a,p2b
|-damage|p2a: Golden Wind|41/100
|-damage|p2b: 8|0 fnt
|faint|p2b: 8
|move|p2a: Golden Wind|Scale Shot|p1b: Torkoal
|-damage|p1b: Torkoal|89/100
|-crit|p1b: Torkoal
|-damage|p1b: Torkoal|72/100
|-damage|p1b: Torkoal|60/100
|-damage|p1b: Torkoal|48/100
|-damage|p1b: Torkoal|36/100
|-hitcount|p1b: Torkoal|5
|-unboost|p2a: Golden Wind|def|1
|-boost|p2a: Golden Wind|spe|1
|
|-weather|SunnyDay|[upkeep]
|upkeep
|
|t:|1757859903
|switch|p2b: Luffy|Incineroar, L50, F|100/100
|-ability|p2b: Luffy|Intimidate|boost
|-unboost|p1a: Typhlosion|atk|1
|-unboost|p1b: Torkoal|atk|1
|turn|2
|
|t:|1757859918
|switch|p1b: Electabuzz|Electabuzz, L50, F|100/100
|move|p2b: Luffy|Fake Out|p1a: Typhlosion
|-damage|p1a: Typhlosion|16/100
|move|p2a: Golden Wind|Scale Shot|p1b: Electabuzz
|-damage|p1b: Electabuzz|84/100
|-damage|p1b: Electabuzz|67/100
|-damage|p1b: Electabuzz|50/100
|-damage|p1b: Electabuzz|34/100
|-hitcount|p1b: Electabuzz|4
|-unboost|p2a: Golden Wind|def|1
|-boost|p2a: Golden Wind|spe|1
|cant|p1a: Typhlosion|flinch
|
|-weather|SunnyDay|[upkeep]
|upkeep
|turn|3
|
|t:|1757859940
|move|p2a: Golden Wind|Protect|p2a: Golden Wind
|-singleturn|p2a: Golden Wind|Protect
|move|p1b: Electabuzz|Follow Me|p1b: Electabuzz
|-singleturn|p1b: Electabuzz|move: Follow Me
|move|p1a: Typhlosion|Heat Wave|p2b: Luffy|[spread] p2b
|-activate|p2a: Golden Wind|move: Protect
|-resisted|p2b: Luffy
|-damage|p2b: Luffy|32/100
|move|p2b: Luffy|Knock Off|p1b: Electabuzz
|-damage|p1b: Electabuzz|0 fnt
|-enditem|p1b: Electabuzz|Eviolite|[from] move: Knock Off|[of] p2b: Luffy
|faint|p1b: Electabuzz
|
|-weather|SunnyDay|[upkeep]
|upkeep
|
|t:|1757859957
|switch|p1b: Dragapult|Dragapult, L50, F|100/100
|turn|4
|inactive|andrewcips has 30 seconds left.
|
|t:|1757859982
|switch|p1b: Torkoal|Torkoal, L50, M|36/100
|move|p2a: Golden Wind|Scale Shot|p1b: Torkoal|[miss]
|-miss|p2a: Golden Wind|p1b: Torkoal
|move|p1a: Typhlosion|Heat Wave|p2a: Golden Wind|[spread] p2a
|-miss|p1a: Typhlosion|p2b: Luffy
|-damage|p2a: Golden Wind|0 fnt
|faint|p2a: Golden Wind
|move|p2b: Luffy|Parting Shot|p1a: Typhlosion
|-unboost|p1a: Typhlosion|atk|1
|-unboost|p1a: Typhlosion|spa|1
|
|t:|1757859992
|switch|p2b: Tony|Ursaluna-Bloodmoon, L50, M|100/100|[from] Parting Shot
|
|-weather|SunnyDay|[upkeep]
|upkeep
|
|t:|1757859994
|switch|p2a: Luffy|Incineroar, L50, F|32/100
|-ability|p2a: Luffy|Intimidate|boost
|-unboost|p1a: Typhlosion|atk|1
|-unboost|p1b: Torkoal|atk|1
|turn|5
|inactive|andrewcips has 30 seconds left.
|
|t:|1757860027
|move|p2a: Luffy|Fake Out|p1a: Typhlosion
|-damage|p1a: Typhlosion|0 fnt
|faint|p1a: Typhlosion
|move|p2b: Tony|Hyper Voice|p1b: Torkoal
|-damage|p1b: Torkoal|0 fnt
|faint|p1b: Torkoal
|
|-weather|none
|upkeep
|
|t:|1757860034
|switch|p1b: Dragapult|Dragapult, L50, F|100/100
|turn|6
|
|t:|1757860042
|move|p1b: Dragapult|Outrage|p2b: Tony
|-damage|p2b: Tony|35/100
|move|p2a: Luffy|Knock Off|p1b: Dragapult
|-supereffective|p1b: Dragapult
|-damage|p1b: Dragapult|0 fnt
|-enditem|p1b: Dragapult|Choice Band|[from] move: Knock Off|[of] p2a: Luffy
|faint|p1b: Dragapult
|
|win|andrewcips
