|j|☆Yuste3_
|j|☆mikelpoyarzabal
|html|Yuste3_mikelpoyarzabal    
|uhtml|bestof|Game 2 of a best-of-3
|t:|1785709459
|gametype|doubles
|player|p1|Yuste3_|lucas|1244
|player|p2|mikelpoyarzabal|arven-s|1396
|gen|9
|tier|[Gen 9 Champions] VGC 2026 Reg M-B (Bo3)
|rated|
|rule|Species Clause: Limit one of each Pokémon
|rule|Item Clause: Limit 1 of each item
|clearpoke
|poke|p1|Aerodactyl, L50, M|
|poke|p1|Kingambit, L50, M|
|poke|p1|Sylveon, L50, M|
|poke|p1|Charizard, L50, F|
|poke|p1|Garchomp, L50, M|
|poke|p1|Farigiraf, L50, M|
|poke|p2|Gengar, L50, M|
|poke|p2|Swampert, L50, M|
|poke|p2|Incineroar, L50, F|
|poke|p2|Politoed, L50, M|
|poke|p2|Archaludon, L50, M|
|poke|p2|Vivillon, L50, M|
|teampreview|4
|showteam|p1|Aerodactyl||Aerodactylite|Unnerve|RockSlide,DualWingbeat,IceFang,Tailwind|Jolly||M|||50|]Kingambit||FocusSash|Defiant|KowtowCleave,IronHead,SuckerPunch,LowKick|Jolly||M|||50|]Sylveon||FairyFeather|Pixilate|HyperVoice,QuickAttack,HyperBeam,Detect|Modest||M|||50|]Charizard||CharizarditeY|Blaze|HeatWave,WeatherBall,SolarBeam,Protect|Modest||F|||50|]Garchomp||LifeOrb|RoughSkin|DragonClaw,Earthquake,RockSlide,Protect|Jolly||M|||50|]Farigiraf||SitrusBerry|ArmorTail|TwinBeam,Thunderbolt,TrickRoom,HelpingHand|Relaxed||M|||50|
|showteam|p2|Gengar||Gengarite|CursedBody|ShadowBall,SludgeBomb,Protect,PerishSong|Timid||M|||50|]Swampert||Swampertite|Torrent|WaveCrash,Earthquake,IcePunch,Protect|Adamant||M|||50|]Incineroar||PasshoBerry|Intimidate|ThroatChop,PartingShot,FakeOut,Protect|Sassy||F|||50|]Politoed||SitrusBerry|Drizzle|WeatherBall,PerishSong,Encore,Protect|Calm||M|||50|]Archaludon||Leftovers|Stamina|DragonPulse,FlashCannon,ElectroShot,Protect|Bold||M|||50|]Vivillon||FocusSash|CompoundEyes|Hurricane,SleepPowder,RagePowder,Protect|Timid||M|||50|
|inactive|Battle timer is ON: inactive players will automatically lose when time's up. (requested by Yuste3_)
|inactive|mikelpoyarzabal also wants the timer to be on.
|inactive|Yuste3_ has 60 seconds left.
|inactive|Yuste3_ has 30 seconds left.
|inactive|Yuste3_ has 20 seconds left.
|inactive|Yuste3_ has 15 seconds left.
|inactive|Yuste3_ has 10 seconds left.
|inactive|Yuste3_ has 5 seconds left.
|
|t:|1785709547
|teamsize|p1|4
|teamsize|p2|4
|start
|switch|p1a: Aerodactyl|Aerodactyl, L50, M|100/100
|switch|p1b: Charizard|Charizard, L50, F|100/100
|switch|p2a: Vivillon|Vivillon, L50, M|100/100
|switch|p2b: Swampert|Swampert, L50, M|100/100
|-ability|p1a: Aerodactyl|Unnerve
|turn|1
|
|t:|1785709558
|detailschange|p1b: Charizard|Charizard-Mega-Y, L50, F
|-mega|p1b: Charizard|Charizard|Charizardite Y
|-weather|SunnyDay|[from] ability: Drought|[of] p1b: Charizard
|detailschange|p2b: Swampert|Swampert-Mega, L50, M
|-mega|p2b: Swampert|Swampert|Swampertite
|move|p1a: Aerodactyl|Tailwind|p1a: Aerodactyl
|-sidestart|p1: Yuste3_|move: Tailwind
|move|p1b: Charizard|Solar Beam||[still]
|-prepare|p1b: Charizard|Solar Beam
|-anim|p1b: Charizard|Solar Beam|p2b: Swampert
|-supereffective|p2b: Swampert|2
|-damage|p2b: Swampert|0 fnt
|faint|p2b: Swampert
|move|p2a: Vivillon|Sleep Powder|p1b: Charizard
|-status|p1b: Charizard|slp|[from] move: Sleep Powder
|
|-weather|SunnyDay|[upkeep]
|upkeep
|
|t:|1785709568
|switch|p2b: Archaludon|Archaludon, L50, M|100/100
|turn|2
|
|t:|1785709581
|switch|p2a: Politoed|Politoed, L50, M|100/100
|-weather|RainDance|[from] ability: Drizzle|[of] p2a: Politoed
|move|p1a: Aerodactyl|Rock Slide|p2a: Politoed|[spread] p2b
|-miss|p1a: Aerodactyl|p2a: Politoed
|-resisted|p2b: Archaludon|1
|-damage|p2b: Archaludon|91/100
|-ability|p2b: Archaludon|Stamina|boost
|-boost|p2b: Archaludon|def|1
|cant|p1b: Charizard|slp
|move|p2b: Archaludon|Electro Shot||[still]
|-prepare|p2b: Archaludon|Electro Shot
|-boost|p2b: Archaludon|spa|1
|-anim|p2b: Archaludon|Electro Shot|p1b: Charizard
|-supereffective|p1b: Charizard|1
|-damage|p1b: Charizard|0 fnt
|faint|p1b: Charizard
|
|-weather|RainDance|[upkeep]
|-heal|p2b: Archaludon|97/100|[from] item: Leftovers
|upkeep
|
|t:|1785709588
|switch|p1b: Sylveon|Sylveon, L50, M|100/100
|turn|3
|
|t:|1785709598
|move|p2b: Archaludon|Protect|p2b: Archaludon
|-singleturn|p2b: Archaludon|Protect
|move|p2a: Politoed|Protect|p2a: Politoed
|-singleturn|p2a: Politoed|Protect
|move|p1a: Aerodactyl|Rock Slide|p2a: Politoed|[spread] 
|-activate|p2a: Politoed|move: Protect
|-activate|p2b: Archaludon|move: Protect
|move|p1b: Sylveon|Hyper Voice|p2b: Archaludon|[spread] 
|-activate|p2a: Politoed|move: Protect
|-activate|p2b: Archaludon|move: Protect
|
|-weather|RainDance|[upkeep]
|-heal|p2b: Archaludon|100/100|[from] item: Leftovers
|upkeep
|turn|4
|
|t:|1785709605
|move|p1a: Aerodactyl|Rock Slide|p2a: Politoed|[spread] p2a,p2b
|-resisted|p2b: Archaludon|1
|-damage|p2a: Politoed|78/100
|-damage|p2b: Archaludon|95/100
|-ability|p2b: Archaludon|Stamina|boost
|-boost|p2b: Archaludon|def|1
|move|p1b: Sylveon|Hyper Voice|p2a: Politoed|[spread] p2a,p2b
|-damage|p2a: Politoed|44/100
|-damage|p2b: Archaludon|52/100
|-ability|p2b: Archaludon|Stamina|boost
|-boost|p2b: Archaludon|def|1
|cant|p2b: Archaludon|flinch
|move|p2a: Politoed|Weather Ball|p1b: Sylveon
|-damage|p1b: Sylveon|65/100
|
|-weather|RainDance|[upkeep]
|-heal|p2b: Archaludon|58/100|[from] item: Leftovers
|-sideend|p1: Yuste3_|move: Tailwind
|upkeep
|turn|5
|inactive|Yuste3_ has 30 seconds left.
|
|t:|1785709639
|move|p1a: Aerodactyl|Rock Slide|p2a: Politoed|[spread] p2b
|-miss|p1a: Aerodactyl|p2a: Politoed
|-resisted|p2b: Archaludon|1
|-damage|p2b: Archaludon|55/100
|-ability|p2b: Archaludon|Stamina|boost
|-boost|p2b: Archaludon|def|1
|move|p2b: Archaludon|Flash Cannon|p1b: Sylveon
|-supereffective|p1b: Sylveon|1
|-damage|p1b: Sylveon|0 fnt
|faint|p1b: Sylveon
|move|p2a: Politoed|Weather Ball|p1a: Aerodactyl
|-supereffective|p1a: Aerodactyl|1
|-damage|p1a: Aerodactyl|0 fnt
|-enditem|p2a: Politoed|Sitrus Berry|[eat]
|-heal|p2a: Politoed|69/100|[from] item: Sitrus Berry
|faint|p1a: Aerodactyl
|
|-weather|RainDance|[upkeep]
|-heal|p2b: Archaludon|61/100|[from] item: Leftovers
|upkeep
|inactive|Yuste3_ has 30 seconds left.
|inactive|Yuste3_ has 20 seconds left.
|inactive|Yuste3_ has 15 seconds left.
|inactive|Yuste3_ has 10 seconds left.
|inactive|Yuste3_ has 5 seconds left.
|
|t:|1785709694
|switch|p1a: Farigiraf|Farigiraf, L50, M|100/100
|turn|6
|inactive|Yuste3_ has 30 seconds left.
|inactive|Yuste3_ has 20 seconds left.
|inactive|Yuste3_ has 15 seconds left.
|inactive|Yuste3_ has 10 seconds left.
|inactive|Yuste3_ has 5 seconds left.
|
|t:|1785709749
|move|p2b: Archaludon|Electro Shot||[still]
|-prepare|p2b: Archaludon|Electro Shot
|-boost|p2b: Archaludon|spa|1
|-anim|p2b: Archaludon|Electro Shot|p1a: Farigiraf
|-damage|p1a: Farigiraf|34/100
|-enditem|p1a: Farigiraf|Sitrus Berry|[eat]
|-heal|p1a: Farigiraf|59/100|[from] item: Sitrus Berry
|move|p2a: Politoed|Weather Ball|p1a: Farigiraf
|-damage|p1a: Farigiraf|15/100
|move|p1a: Farigiraf|Twin Beam|p2a: Politoed
|-damage|p2a: Politoed|56/100
|-crit|p2a: Politoed
|-damage|p2a: Politoed|38/100
|-hitcount|p2a: Politoed|2
|
|-weather|none
|-heal|p2b: Archaludon|67/100|[from] item: Leftovers
|upkeep
|turn|7
|inactive|Yuste3_ has 30 seconds left.
|inactive|Yuste3_ has 20 seconds left.
|inactive|Yuste3_ has 15 seconds left.
|inactive|Yuste3_ has 10 seconds left.
|inactive|Yuste3_ has 5 seconds left.
|
|t:|1785709804
|switch|p2a: Vivillon|Vivillon, L50, M|100/100
|move|p2b: Archaludon|Dragon Pulse|p1a: Farigiraf
|-damage|p1a: Farigiraf|0 fnt
|faint|p1a: Farigiraf
|
|win|mikelpoyarzabal
|raw|Yuste3_'s rating: 1244 → 1229(-15 for losing)
|raw|mikelpoyarzabal's rating: 1396 → 1408(+12 for winning)
