|j|☆don zaloog is real
|j|☆chochitos gustar
|html|don zaloog is realchochitos gustar    
|uhtml|bestof|Game 1 of a best-of-3
|t:|1756761656
|gametype|doubles
|player|p1|don zaloog is real|collector|1285
|player|p2|chochitos gustar|rosa|1288
|gen|9
|tier|[Gen 9] VGC 2025 Reg H (Bo3)
|rated|
|rule|Species Clause: Limit one of each Pokémon
|rule|Item Clause: Limit 1 of each item
|clearpoke
|poke|p1|Murkrow, L50, M|
|poke|p1|Basculegion, L50, M|
|poke|p1|Gholdengo, L50|
|poke|p1|Pawmot, L50, F|
|poke|p1|Kommo-o, L50, F|
|poke|p1|Amoonguss, L50, M|
|poke|p2|Pelipper, L50, F|
|poke|p2|Archaludon, L50, M|
|poke|p2|Basculegion, L50, M|
|poke|p2|Incineroar, L50, F|
|poke|p2|Amoonguss, L50, M|
|poke|p2|Gholdengo, L50|
|teampreview|4
|showteam|p1|Murkrow||Eviolite|Prankster|BraveBird,Tailwind,Quash,Haze|||M|||50|,,,,,Ghost]Basculegion||ChoiceScarf|Adaptability|LastRespects,WaveCrash,FlipTurn,AquaJet|||M|||50|,,,,,Grass]Gholdengo||ChoiceSpecs|GoodasGold|MakeItRain,ShadowBall,PowerGem,SteelBeam||||||50|,,,,,Steel]Pawmot||FocusSash|VoltAbsorb|CloseCombat,DoubleShock,Protect,RevivalBlessing|||F|||50|,,,,,Electric]Kommo-o||LifeOrb|Overcoat|ClangingScales,AuraSphere,Flamethrower,Protect|||F|||50|,,,,,Fire]Amoonguss||CovertCloak|Regenerator|LeafStorm,SludgeBomb,Spore,RagePowder|||M|||50|,,,,,Water
|showteam|p2|Pelipper||FocusSash|Drizzle|Tailwind,Hurricane,WeatherBall,Protect|||F|||50|,,,,,Stellar]Archaludon||AssaultVest|Stamina|ElectroShot,BodyPress,FlashCannon,DragonPulse|||M|||50|,,,,,Fairy]Basculegion||ChoiceBand|SwiftSwim|LastRespects,WaveCrash,AquaJet,FlipTurn|||M|||50|,,,,,Water]Incineroar||SafetyGoggles|Intimidate|FakeOut,KnockOff,FlareBlitz,PartingShot|||F|||50|,,,,,Ghost]Amoonguss||SitrusBerry|Regenerator|Spore,RagePowder,PollenPuff,ClearSmog|||M|||50|,,,,,Fire]Gholdengo||LifeOrb|GoodasGold|NastyPlot,MakeItRain,ShadowBall,Protect||||||50|,,,,,Water
|
|t:|1756761725
|teamsize|p1|4
|teamsize|p2|4
|start
|switch|p1a: Pawmot|Pawmot, L50, F|100/100
|switch|p1b: Kommo-o|Kommo-o, L50, F|100/100
|switch|p2a: Pelipper|Pelipper, L50, F|100/100
|switch|p2b: Archaludon|Archaludon, L50, M, shiny|100/100
|-weather|RainDance|[from] ability: Drizzle|[of] p2a: Pelipper
|turn|1
|
|t:|1756761781
|-terastallize|p2b: Archaludon|Fairy
|move|p1a: Pawmot|Double Shock|p2a: Pelipper
|-supereffective|p2a: Pelipper
|-enditem|p2a: Pelipper|Focus Sash
|-damage|p2a: Pelipper|1/100
|-start|p1a: Pawmot|typechange|???/Fighting|[from] move: Double Shock
|move|p1b: Kommo-o|Clanging Scales|p2a: Pelipper|[spread] p2a
|-immune|p2b: Archaludon
|-damage|p2a: Pelipper|0 fnt
|faint|p2a: Pelipper
|-unboost|p1b: Kommo-o|def|1
|-damage|p1b: Kommo-o|91/100|[from] item: Life Orb
|move|p2b: Archaludon|Electro Shot||[still]
|-prepare|p2b: Archaludon|Electro Shot
|-boost|p2b: Archaludon|spa|1
|-anim|p2b: Archaludon|Electro Shot|p1b: Kommo-o
|-resisted|p1b: Kommo-o
|-damage|p1b: Kommo-o|56/100
|
|-weather|RainDance|[upkeep]
|upkeep
|
|t:|1756761797
|switch|p2a: Basculegion|Basculegion, L50, M|100/100
|turn|2
|
|t:|1756761811
|-terastallize|p1a: Pawmot|Electric
|move|p1b: Kommo-o|Protect|p1b: Kommo-o
|-singleturn|p1b: Kommo-o|Protect
|move|p2a: Basculegion|Flip Turn|p1a: Pawmot
|-enditem|p1a: Pawmot|Focus Sash
|-damage|p1a: Pawmot|1/100
|
|t:|1756761816
|switch|p2a: Gholdengo|Gholdengo, L50|100/100|[from] Flip Turn
|move|p1a: Pawmot|Double Shock|p2a: Gholdengo
|-damage|p2a: Gholdengo|41/100
|-start|p1a: Pawmot|typechange|Electric|[from] move: Double Shock
|move|p2b: Archaludon|Dragon Pulse|p1a: Pawmot
|-damage|p1a: Pawmot|0 fnt
|faint|p1a: Pawmot
|
|-weather|RainDance|[upkeep]
|upkeep
|
|t:|1756761827
|switch|p1a: Amoonguss|Amoonguss, L50, M|100/100
|turn|3
|
|t:|1756761837
|move|p1b: Kommo-o|Flamethrower|p2a: Gholdengo
|-supereffective|p2a: Gholdengo
|-damage|p2a: Gholdengo|0 fnt
|faint|p2a: Gholdengo
|-damage|p1b: Kommo-o|46/100|[from] item: Life Orb
|move|p2b: Archaludon|Dragon Pulse|p1a: Amoonguss
|-damage|p1a: Amoonguss|47/100
|move|p1a: Amoonguss|Spore|p2b: Archaludon
|-status|p2b: Archaludon|slp|[from] move: Spore
|
|-weather|RainDance|[upkeep]
|upkeep
|
|t:|1756761839
|switch|p2a: Basculegion|Basculegion, L50, M|100/100
|turn|4
|
|t:|1756761860
|move|p2a: Basculegion|Last Respects|p1a: Amoonguss
|-damage|p1a: Amoonguss|0 fnt
|faint|p1a: Amoonguss
|move|p1b: Kommo-o|Clanging Scales|p2a: Basculegion|[spread] p2a
|-immune|p2b: Archaludon
|-damage|p2a: Basculegion|40/100
|-unboost|p1b: Kommo-o|def|1
|-damage|p1b: Kommo-o|37/100|[from] item: Life Orb
|cant|p2b: Archaludon|slp
|
|-weather|RainDance|[upkeep]
|upkeep
|
|t:|1756761863
|switch|p1a: Gholdengo|Gholdengo, L50|100/100
|turn|5
|
|t:|1756761872
|move|p2a: Basculegion|Last Respects|p1a: Gholdengo
|-supereffective|p1a: Gholdengo
|-damage|p1a: Gholdengo|0 fnt
|faint|p1a: Gholdengo
|move|p1b: Kommo-o|Clanging Scales|p2a: Basculegion|[spread] p2a
|-immune|p2b: Archaludon
|-damage|p2a: Basculegion|0 fnt
|faint|p2a: Basculegion
|-unboost|p1b: Kommo-o|def|1
|-damage|p1b: Kommo-o|27/100|[from] item: Life Orb
|cant|p2b: Archaludon|slp
|
|-weather|none
|upkeep
|turn|6
|
|t:|1756761882
|move|p1b: Kommo-o|Flamethrower|p2b: Archaludon
|-damage|p2b: Archaludon|74/100 slp
|-ability|p2b: Archaludon|Stamina|boost
|-boost|p2b: Archaludon|def|1
|-damage|p1b: Kommo-o|18/100|[from] item: Life Orb
|-curestatus|p2b: Archaludon|slp|[msg]
|move|p2b: Archaludon|Dragon Pulse|p1b: Kommo-o
|-supereffective|p1b: Kommo-o
|-damage|p1b: Kommo-o|0 fnt
|faint|p1b: Kommo-o
|
|win|chochitos gustar
||chochitos gustar is ready for game 2.
||don zaloog is real is ready for game 2.
|uhtml|next|Next: Game 2 of 3
|l|☆chochitos gustar
|player|p2|
