|j|â˜†airslashesfolante
|j|â˜†GustaEiras
|html|airslashesfolanteGustaEiras    
|uhtml|bestof|Game 2 of a best-of-3
|t:|1786061640
|gametype|doubles
|player|p1|airslashesfolante|roxie-masters|
|player|p2|GustaEiras|pokemonranger-gen4|
|gen|9
|tier|[Gen 9 Champions] VGC 2026 Reg M-B (Bo3)
|rule|Species Clause: Limit one of each PokÃ©mon
|rule|Item Clause: Limit 1 of each item
|clearpoke
|poke|p1|Chimecho, L50, M|
|poke|p1|Altaria, L50, F|
|poke|p1|Sableye, L50, F|
|poke|p1|Heliolisk, L50, F|
|poke|p1|Quaquaval, L50, F|
|poke|p1|Mr. Rime, L50, M|
|poke|p2|Dragonite, L50, F|
|poke|p2|Toxicroak, L50, F|
|poke|p2|Vivillon, L50, F|
|poke|p2|Blastoise, L50, M|
|poke|p2|Heliolisk, L50, M|
|poke|p2|Sableye, L50, F|
|teampreview|4
|showteam|p1|Chimecho||Chimechite|Levitate|CalmMind,Recover,Psyshock,FlashCannon|Bold||M|||50|]Altaria||SitrusBerry|CloudNine|WillOWisp,Tailwind,Acrobatics,Protect|Impish||F|||50|]Sableye||LightClay|Prankster|SkillSwap,Reflect,LightScreen,FoulPlay|Bold||F|||50|]Heliolisk||ChoiceScarf|DrySkin|HyperVoice,VoltSwitch,Electroweb,Thunderbolt|Timid||F|||50|]Quaquaval||LifeOrb|Moxie|AquaStep,CloseCombat,TripleAxel,Protect|Jolly||F|||50|]Mr. Rime||NeverMeltIce|ScreenCleaner|FakeOut,FreezeDry,Taunt,Protect|Modest||M|||50|
|showteam|p2|Dragonite||LumBerry|Multiscale|DragonClaw,FirePunch,ExtremeSpeed,Protect|Adamant||F|||50|]Toxicroak||FocusSash|PoisonTouch|CloseCombat,PoisonJab,FakeOut,Coaching|Jolly||F|||50|]Vivillon||ChoiceScarf|CompoundEyes|Hurricane,Tailwind,RagePowder,SleepPowder|Timid||F|||50|]Blastoise||Blastoisinite|Torrent|WaterSpout,AuraSphere,ShellSmash,Protect|Modest||M|||50|]Heliolisk||LifeOrb|SolarPower|Thunderbolt,WeatherBall,Electroweb,Protect|Timid||M|||50|]Sableye||LightClay|Prankster|Encore,Disable,LightScreen,Reflect|Bold||F|||50|
|
|t:|1786061681
|teamsize|p1|4
|teamsize|p2|4
|start
|switch|p1a: Sableye|Sableye, L50, F|100/100
|switch|p1b: Quaquaval|Quaquaval, L50, F|100/100
|switch|p2a: Dragonite|Dragonite, L50, F|100/100
|switch|p2b: Toxicroak|Toxicroak, L50, F|100/100
|turn|1
|
|t:|1786061712
|switch|p2a: Heliolisk|Heliolisk, L50, M|100/100
|move|p2b: Toxicroak|Fake Out|p1b: Quaquaval
|-damage|p1b: Quaquaval|82/100
|move|p1a: Sableye|Reflect|p1a: Sableye
|-sidestart|p1: airslashesfolante|Reflect
|cant|p1b: Quaquaval|flinch
|
|upkeep
|turn|2
|
|t:|1786061749
|move|p1b: Quaquaval|Protect|p1b: Quaquaval
|-singleturn|p1b: Quaquaval|Protect
|move|p1a: Sableye|Light Screen|p1a: Sableye
|-sidestart|p1: airslashesfolante|move: Light Screen
|move|p2a: Heliolisk|Electroweb|p1a: Sableye|[spread] p1a
|-activate|p1b: Quaquaval|move: Protect
|-damage|p1a: Sableye|78/100
|-unboost|p1a: Sableye|spe|1
|-damage|p2a: Heliolisk|90/100|[from] item: Life Orb
|move|p2b: Toxicroak|Close Combat|p1b: Quaquaval
|-activate|p1b: Quaquaval|move: Protect
|
|upkeep
|turn|3
|
|t:|1786061790
|move|p2a: Heliolisk|Electroweb|p1b: Quaquaval|[spread] p1a,p1b
|-supereffective|p1b: Quaquaval|1
|-damage|p1a: Sableye|54/100
|-damage|p1b: Quaquaval|32/100
|-unboost|p1a: Sableye|spe|1
|-unboost|p1b: Quaquaval|spe|1
|-damage|p2a: Heliolisk|81/100|[from] item: Life Orb
|move|p2b: Toxicroak|Close Combat|p1b: Quaquaval
|-damage|p1b: Quaquaval|0 fnt
|-unboost|p2b: Toxicroak|def|1
|-unboost|p2b: Toxicroak|spd|1
|faint|p1b: Quaquaval
|move|p1a: Sableye|Foul Play|p2b: Toxicroak
|-resisted|p2b: Toxicroak|1
|-damage|p2b: Toxicroak|48/100
|
|upkeep
|
|t:|1786061798
|switch|p1b: Chimecho|Chimecho, L50, M|100/100
|turn|4
|
|t:|1786061817
|detailschange|p1b: Chimecho|Chimecho-Mega, L50, M
|-mega|p1b: Chimecho|Chimecho|Chimechite
|move|p2a: Heliolisk|Thunderbolt|p1b: Chimecho
|-damage|p1b: Chimecho|69/100
|-damage|p2a: Heliolisk|71/100|[from] item: Life Orb
|move|p2b: Toxicroak|Close Combat|p1b: Chimecho
|-damage|p1b: Chimecho|46/100
|-unboost|p2b: Toxicroak|def|1
|-unboost|p2b: Toxicroak|spd|1
|move|p1b: Chimecho|Psyshock|p2a: Heliolisk
|-damage|p2a: Heliolisk|0 fnt
|faint|p2a: Heliolisk
|move|p1a: Sableye|Foul Play|p2b: Toxicroak
|-resisted|p2b: Toxicroak|1
|-damage|p2b: Toxicroak|0 fnt
|faint|p2b: Toxicroak
|
|upkeep
|
|t:|1786061833
|switch|p2a: Sableye|Sableye, L50, F|100/100
|switch|p2b: Dragonite|Dragonite, L50, F|100/100
|turn|5
|
|t:|1786061859
|move|p2a: Sableye|Encore|p1b: Chimecho
|-start|p1b: Chimecho|Encore
|move|p1a: Sableye|Skill Swap|p2b: Dragonite
|-activate|p1a: Sableye|Skill Swap|Multiscale|Prankster|[of] p2b: Dragonite
|move|p2b: Dragonite|Dragon Claw|p1a: Sableye
|-damage|p1a: Sableye|18/100
|move|p1b: Chimecho|Psyshock|p2a: Sableye
|-immune|p2a: Sableye
|
|upkeep
|turn|6
|
|t:|1786061884
|switch|p1b: Mr. Rime|Mr. Rime, L50, M|100/100
|-activate|p1b: Mr. Rime|ability: Screen Cleaner
|-sideend|p1: airslashesfolante|Reflect
|-sideend|p1: airslashesfolante|move: Light Screen
|move|p2a: Sableye|Disable||[still]
|-fail|p2a: Sableye
|move|p2b: Dragonite|Dragon Claw|p1b: Mr. Rime
|-damage|p1b: Mr. Rime|51/100
|move|p1a: Sableye|Foul Play|p2b: Dragonite
|-damage|p2b: Dragonite|51/100
|
|upkeep
|turn|7
|c|â˜†airslashesfolante|Esqueci disso
|
|t:|1786061921
|move|p2b: Dragonite|Protect|p2b: Dragonite
|-singleturn|p2b: Dragonite|Protect
|move|p2a: Sableye|Light Screen|p2a: Sableye
|-sidestart|p2: GustaEiras|move: Light Screen
|move|p1b: Mr. Rime|Taunt|p2a: Sableye
|-start|p2a: Sableye|move: Taunt
|move|p1a: Sableye|Foul Play|p2b: Dragonite
|-activate|p2b: Dragonite|move: Protect
|
|upkeep
|turn|8
|
|t:|1786061942
|move|p2b: Dragonite|Extreme Speed|p1b: Mr. Rime
|-damage|p1b: Mr. Rime|18/100
|move|p1b: Mr. Rime|Freeze-Dry|p2b: Dragonite
|-supereffective|p2b: Dragonite|2
|-damage|p2b: Dragonite|0 fnt
|faint|p2b: Dragonite
|-activate|p2a: Sableye|move: Struggle
|move|p2a: Sableye|Struggle|p1b: Mr. Rime
|-damage|p1b: Mr. Rime|9/100
|-damage|p2a: Sableye|75/100|[from] recoil
|move|p1a: Sableye|Foul Play|p2a: Sableye
|-crit|p2a: Sableye
|-damage|p2a: Sableye|42/100
|
|upkeep
|turn|9
|
|t:|1786061950
|move|p1b: Mr. Rime|Freeze-Dry|p2a: Sableye
|-crit|p2a: Sableye
|-damage|p2a: Sableye|0 fnt
|faint|p2a: Sableye
|
|win|airslashesfolante
||airslashesfolante is ready for game 3.
||GustaEiras is ready for game 3.
|uhtml|next|Next: Game 3 of 3
|j| Nanandes
|l| Nanandes
