|j|☆95boheme
|j|☆lirtyz0977
|html|95bohemelirtyz0977    
|uhtml|bestof|Game 1 of a best-of-3
|t:|1783092456
|gametype|doubles
|player|p1|95boheme|sabrina|1000
|player|p2|lirtyz0977|giovanni|1027
|gen|9
|tier|[Gen 9 Champions] VGC 2026 Reg M-B (Bo3)
|rated|
|rule|Species Clause: Limit one of each Pokémon
|rule|Item Clause: Limit 1 of each item
|clearpoke
|poke|p1|Swampert, L50, M|
|poke|p1|Pelipper, L50, F|
|poke|p1|Sableye, L50, F|
|poke|p1|Incineroar, L50, F|
|poke|p1|Sneasler, L50, F|
|poke|p1|Archaludon, L50, M|
|poke|p2|Charizard, L50, M|
|poke|p2|Venusaur, L50, M|
|poke|p2|Pikachu, L50, M|
|poke|p2|Snorlax, L50, M|
|poke|p2|Espeon, L50, M|
|poke|p2|Blastoise, L50, M|
|teampreview|4
|showteam|p1|Swampert||Swampertite|Torrent|WaveCrash,Earthquake,BulkUp,Protect|Adamant||M|||50|]Pelipper||FocusSash|Drizzle|WeatherBall,Hurricane,Protect,Tailwind|Timid||F|||50|]Sableye||RoseliBerry|Prankster|RainDance,ThunderWave,Reflect,LightScreen|Serious||F|||50|]Incineroar||SitrusBerry|Intimidate|WillOWisp,ThroatChop,PartingShot,FakeOut|Impish||F|||50|]Sneasler||WhiteHerb|Unburden|DireClaw,CloseCombat,Protect,FakeOut|Adamant||F|||50|]Archaludon||Leftovers|Stamina|ElectroShot,DragonPulse,FlashCannon,Protect|Modest||M|||50|
|showteam|p2|Charizard||CharizarditeY|Blaze|WeatherBall,AirSlash,SolarBeam,Earthquake|Hasty||M|||50|]Venusaur||MiracleSeed|Chlorophyll|Growth,SludgeWave,GigaDrain,EarthPower|Modest||M|||50|]Pikachu||LightBall|LightningRod|WildCharge,PlayRough,Surf,FakeOut|Hasty||M|||50|]Snorlax||SitrusBerry|Gluttony|BellyDrum,BodySlam,Earthquake,ZenHeadbutt|Adamant||M|||50|]Espeon||FocusSash|MagicBounce|CalmMind,Psychic,ShadowBall,AlluringVoice|Timid||M|||50|]Blastoise||Blastoisinite|Torrent|ShellSmash,WaterPulse,DarkPulse,AuraSphere|Modest||M|||50|
|inactive|Battle timer is ON: inactive players will automatically lose when time's up. (requested by lirtyz0977)
|inactive|lirtyz0977 has 60 seconds left.
|
|t:|1783092506
|teamsize|p1|4
|teamsize|p2|4
|start
|switch|p1a: Swampert|Swampert, L50, M|100/100
|switch|p1b: Incineroar|Incineroar, L50, F|100/100
|switch|p2a: Pikachu|Pikachu, L50, M|100/100
|switch|p2b: Charizard|Charizard, L50, M|100/100
|-ability|p1b: Incineroar|Intimidate|boost
|-unboost|p2a: Pikachu|atk|1
|-unboost|p2b: Charizard|atk|1
|turn|1
|
|t:|1783092521
|switch|p2b: Espeon|Espeon, L50, M|100/100
|move|p1a: Swampert|Protect|p1a: Swampert
|-singleturn|p1a: Swampert|Protect
|move|p2a: Pikachu|Fake Out|p1b: Incineroar
|-damage|p1b: Incineroar|91/100
|cant|p1b: Incineroar|flinch
|
|upkeep
|turn|2
|
|t:|1783092539
|detailschange|p1a: Swampert|Swampert-Mega, L50, M
|-mega|p1a: Swampert|Swampert|Swampertite
|move|p2b: Espeon|Calm Mind|p2b: Espeon
|-boost|p2b: Espeon|spa|1
|-boost|p2b: Espeon|spd|1
|move|p2a: Pikachu|Wild Charge|p1b: Incineroar
|-damage|p1b: Incineroar|61/100
|-damage|p2a: Pikachu|86/100|[from] Recoil
|move|p1a: Swampert|Bulk Up|p1a: Swampert
|-boost|p1a: Swampert|atk|1
|-boost|p1a: Swampert|def|1
|move|p1b: Incineroar|Parting Shot|p2a: Pikachu
|-unboost|p2a: Pikachu|atk|1
|-unboost|p2a: Pikachu|spa|1
|
|t:|1783092552
|switch|p1b: Pelipper|Pelipper, L50, F|100/100|[from] Parting Shot
|-weather|RainDance|[from] ability: Drizzle|[of] p1b: Pelipper
|
|-weather|RainDance|[upkeep]
|upkeep
|turn|3
|
|t:|1783092562
|move|p1a: Swampert|Earthquake|p2b: Espeon|[spread] p2a,p2b
|-immune|p1b: Pelipper
|-supereffective|p2a: Pikachu|1
|-crit|p2b: Espeon
|-damage|p2a: Pikachu|0 fnt
|-enditem|p2b: Espeon|Focus Sash
|-damage|p2b: Espeon|1/100
|faint|p2a: Pikachu
|move|p2b: Espeon|Psychic|p1a: Swampert
|-damage|p1a: Swampert|36/100
|-unboost|p1a: Swampert|spd|1
|move|p1b: Pelipper|Tailwind|p1b: Pelipper
|-sidestart|p1: 95boheme|move: Tailwind
|
|-weather|RainDance|[upkeep]
|upkeep
|
|t:|1783092567
|switch|p2a: Charizard|Charizard, L50, M|100/100
|turn|4
|
|t:|1783092580
|switch|p1b: Incineroar|Incineroar, L50, F|61/100
|-ability|p1b: Incineroar|Intimidate|boost
|-unboost|p2a: Charizard|atk|1
|-unboost|p2b: Espeon|atk|1
|detailschange|p2a: Charizard|Charizard-Mega-Y, L50, M
|-mega|p2a: Charizard|Charizard|Charizardite Y
|-weather|SunnyDay|[from] ability: Drought|[of] p2a: Charizard
|move|p1a: Swampert|Protect|p1a: Swampert
|-singleturn|p1a: Swampert|Protect
|move|p2b: Espeon|Psychic|p1a: Swampert
|-activate|p1a: Swampert|move: Protect
|move|p2a: Charizard|Weather Ball|p1b: Incineroar
|-resisted|p1b: Incineroar|1
|-damage|p1b: Incineroar|23/100
|-enditem|p1b: Incineroar|Sitrus Berry|[eat]
|-heal|p1b: Incineroar|48/100|[from] item: Sitrus Berry
|
|-weather|SunnyDay|[upkeep]
|upkeep
|turn|5
|inactive|95boheme has 30 seconds left.
|
|t:|1783092606
|switch|p1b: Pelipper|Pelipper, L50, F|100/100
|-weather|RainDance|[from] ability: Drizzle|[of] p1b: Pelipper
|switch|p2a: Venusaur|Venusaur, L50, M|100/100
|move|p1a: Swampert|Wave Crash|p2b: Espeon
|-damage|p2b: Espeon|0 fnt
|faint|p2b: Espeon
|-damage|p1a: Swampert|36/100|[from] Recoil
|
|-weather|RainDance|[upkeep]
|upkeep
|
|t:|1783092610
|switch|p2b: Charizard|Charizard-Mega-Y, L50, M|100/100
|-weather|SunnyDay|[from] ability: Drought|[of] p2b: Charizard
|turn|6
|
|t:|1783092624
|switch|p1b: Incineroar|Incineroar, L50, F|48/100
|-ability|p1b: Incineroar|Intimidate|boost
|-unboost|p2a: Venusaur|atk|1
|-unboost|p2b: Charizard|atk|1
|move|p1a: Swampert|Protect|p1a: Swampert
|-singleturn|p1a: Swampert|Protect
|move|p2a: Venusaur|Growth|p2a: Venusaur
|-boost|p2a: Venusaur|atk|2
|-boost|p2a: Venusaur|spa|2
|move|p2b: Charizard|Weather Ball|p1b: Incineroar
|-resisted|p1b: Incineroar|1
|-damage|p1b: Incineroar|4/100
|
|-weather|SunnyDay|[upkeep]
|-sideend|p1: 95boheme|move: Tailwind
|upkeep
|turn|7
|
|t:|1783092649
|switch|p1b: Pelipper|Pelipper, L50, F|100/100
|-weather|RainDance|[from] ability: Drizzle|[of] p1b: Pelipper
|move|p1a: Swampert|Wave Crash|p2b: Charizard
|-supereffective|p2b: Charizard|1
|-damage|p2b: Charizard|0 fnt
|faint|p2b: Charizard
|-damage|p1a: Swampert|7/100|[from] Recoil
|move|p2a: Venusaur|Giga Drain|p1a: Swampert
|-supereffective|p1a: Swampert|2
|-damage|p1a: Swampert|0 fnt
|faint|p1a: Swampert
|
|-weather|RainDance|[upkeep]
|upkeep
|
|t:|1783092663
|switch|p1a: Incineroar|Incineroar, L50, F|4/100
|-ability|p1a: Incineroar|Intimidate|boost
|-unboost|p2a: Venusaur|atk|1
|turn|8
|
|t:|1783092671
|move|p1a: Incineroar|Fake Out|p2a: Venusaur
|-damage|p2a: Venusaur|85/100
|cant|p2a: Venusaur|flinch
|move|p1b: Pelipper|Hurricane|p2a: Venusaur
|-supereffective|p2a: Venusaur|1
|-damage|p2a: Venusaur|0 fnt
|faint|p2a: Venusaur
|
|win|95boheme
||lirtyz0977 is ready for game 2.
