|j|Ōśåimpno
|j|Ōśåsorecruiser
|html|impnosorecruiser    
|uhtml|bestof|Game 2 of a best-of-3
|t:|1757124278
|gametype|doubles
|player|p1|impno|ethan|1131
|player|p2|sorecruiser|furisodegirl-black|1146
|gen|9
|tier|[Gen 9] VGC 2025 Reg H (Bo3)
|rated|
|rule|Species Clause: Limit one of each Pok├®mon
|rule|Item Clause: Limit 1 of each item
|clearpoke
|poke|p1|Lilligant-Hisui, L50, F|
|poke|p1|Torkoal, L50, M|
|poke|p1|Indeedee-F, L50, F|
|poke|p1|Reuniclus, L50, M|
|poke|p1|Ursaluna, L50, M|
|poke|p1|Smeargle, L50, M|
|poke|p2|Gholdengo, L50|
|poke|p2|Whimsicott, L50, M|
|poke|p2|Sneasler, L50, F|
|poke|p2|Basculegion, L50, M|
|poke|p2|Hydreigon, L50, F|
|poke|p2|Magmar, L50, F|
|teampreview|4
|showteam|p1|Lilligant-Hisui||FocusSash|Chlorophyll|CloseCombat,SleepPowder,AfterYou,Protect|||F|||50|,,,,,Ghost]Torkoal||ChoiceSpecs|Drought|Eruption,HeatWave,WeatherBall,EarthPower|||M|||50|,,,,,Fire]Indeedee-F||SafetyGoggles|PsychicSurge|FollowMe,HelpingHand,TrickRoom,AlluringVoice|||F|||50|,,,,,Water]Reuniclus||LifeOrb|MagicGuard|ExpandingForce,FocusBlast,CalmMind,TrickRoom|||M|||50|,,,,,Psychic]Ursaluna||FlameOrb|Guts|Earthquake,HeadlongRush,Facade,Protect|||M|||50|,,,,,Ground]Smeargle||EjectPack|Moody|Spore,FollowMe,TrickRoom,Taunt|||M|||50|,,,,,Normal
|showteam|p2|Gholdengo||MetalCoat|GoodasGold|MakeItRain,ShadowBall,NastyPlot,Protect||||||50|,,,,,Steel]Whimsicott||CovertCloak|Prankster|Tailwind,Encore,FakeTears,Moonblast|||M|||50|,,,,,Dark]Sneasler||FocusSash|PoisonTouch|DireClaw,CloseCombat,ThroatChop,Protect|||F|||50|,,,,,Dark]Basculegion||ChoiceScarf|Adaptability|LastRespects,WaveCrash,AquaJet,FlipTurn|||M|||50|,,,,,Ghost]Hydreigon||ChoiceSpecs|Levitate|DarkPulse,DracoMeteor,Snarl,HeatWave|||F|||50|,,,,,Fire]Magmar||Eviolite|VitalSpirit|FollowMe,HeatWave,Taunt,Protect|||F|||50|,,,,,Ghost
|c|Ōśåsorecruiser|gkhf
|c|Ōśåsorecruiser|*glhf
|c|Ōśåimpno|glhf
|
|t:|1757124313
|teamsize|p1|4
|teamsize|p2|4
|start
|switch|p1a: Lilligant|Lilligant-Hisui, L50, F, shiny|100/100
|switch|p1b: Indeedee|Indeedee-F, L50, F, shiny|100/100
|switch|p2a: Hydreigon|Hydreigon, L50, F|100/100
|switch|p2b: Magmar|Magmar, L50, F|100/100
|-fieldstart|move: Psychic Terrain|[from] ability: Psychic Surge|[of] p1b: Indeedee
|turn|1
|
|t:|1757124331
|-terastallize|p2a: Hydreigon|Fire
|-terastallize|p1b: Indeedee|Water
|move|p2b: Magmar|Follow Me|p2b: Magmar
|-singleturn|p2b: Magmar|move: Follow Me
|move|p1a: Lilligant|Close Combat|p2b: Magmar
|-damage|p2b: Magmar|65/100
|-unboost|p1a: Lilligant|def|1
|-unboost|p1a: Lilligant|spd|1
|move|p2a: Hydreigon|Heat Wave|p1a: Lilligant|[spread] p1a,p1b
|-supereffective|p1a: Lilligant
|-crit|p1a: Lilligant
|-resisted|p1b: Indeedee
|-enditem|p1a: Lilligant|Focus Sash
|-damage|p1a: Lilligant|1/100
|-damage|p1b: Indeedee|80/100
|move|p1b: Indeedee|Trick Room|p1b: Indeedee
|-fieldstart|move: Trick Room|[of] p1b: Indeedee
|
|upkeep
|turn|2
|
|t:|1757124360
|move|p1b: Indeedee|Follow Me|p1b: Indeedee
|-singleturn|p1b: Indeedee|move: Follow Me
|move|p2b: Magmar|Heat Wave|p1a: Lilligant|[spread] p1b
|-miss|p2b: Magmar|p1a: Lilligant
|-resisted|p1b: Indeedee
|-damage|p1b: Indeedee|71/100
|move|p2a: Hydreigon|Heat Wave|p1b: Indeedee|[spread] p1a,p1b
|-supereffective|p1a: Lilligant
|-resisted|p1b: Indeedee
|-damage|p1a: Lilligant|0 fnt
|-damage|p1b: Indeedee|50/100
|faint|p1a: Lilligant
|
|upkeep
|
|t:|1757124370
|switch|p1a: Reuniclus|Reuniclus, L50, M, shiny|100/100
|turn|3
|
|t:|1757124382
|move|p1b: Indeedee|Helping Hand|p1a: Reuniclus
|-singleturn|p1a: Reuniclus|Helping Hand|[of] p1b: Indeedee
|move|p1a: Reuniclus|Expanding Force|p2a: Hydreigon|[spread] p2a,p2b
|-damage|p2a: Hydreigon|0 fnt
|-damage|p2b: Magmar|0 fnt
|faint|p2a: Hydreigon
|faint|p2b: Magmar
|
|upkeep
|
|t:|1757124387
|switch|p2b: Basculegion|Basculegion, L50, M|100/100
|switch|p2a: Sneasler|Sneasler, L50, F|100/100
|turn|4
|inactive|Battle timer is ON: inactive players will automatically lose when time's up. (requested by sorecruiser)
|
|t:|1757124418
|move|p1b: Indeedee|Helping Hand|p1a: Reuniclus
|-singleturn|p1a: Reuniclus|Helping Hand|[of] p1b: Indeedee
|move|p2a: Sneasler|Protect|p2a: Sneasler
|-singleturn|p2a: Sneasler|Protect
|move|p1a: Reuniclus|Expanding Force|p2b: Basculegion|[spread] p2b
|-activate|p2a: Sneasler|move: Protect
|-damage|p2b: Basculegion|0 fnt
|faint|p2b: Basculegion
|
|upkeep
|turn|5
|
|t:|1757124432
|move|p2a: Sneasler|Protect||[still]
|-fail|p2a: Sneasler
|move|p1a: Reuniclus|Expanding Force|p2a: Sneasler
|-supereffective|p2a: Sneasler
|-enditem|p2a: Sneasler|Focus Sash
|-damage|p2a: Sneasler|1/100
|move|p1b: Indeedee|Alluring Voice|p2a: Sneasler
|-damage|p2a: Sneasler|0 fnt
|faint|p2a: Sneasler
|
|win|impno
||impno is ready for game 3.
