|j|☆edwarthdf
|j|☆ALXlor
|html|edwarthdfALXlor    
|uhtml|bestof|Game 1 of a best-of-3
|t:|1757022090
|gametype|doubles
|player|p1|edwarthdf|acetrainer-gen4dp|1154
|player|p2|ALXlor|101|1073
|gen|9
|tier|[Gen 9] VGC 2025 Reg H (Bo3)
|rated|
|rule|Species Clause: Limit one of each Pokémon
|rule|Item Clause: Limit 1 of each item
|clearpoke
|poke|p1|Gholdengo, L50|
|poke|p1|Sneasler, L50, F|
|poke|p1|Rillaboom, L50, M|
|poke|p1|Ninetales-Alola, L50, F|
|poke|p1|Dragonite, L50, M|
|poke|p1|Arcanine-Hisui, L50, M|
|poke|p2|Ursaluna, L50, M|
|poke|p2|Tauros-Paldea-Aqua, L50, M|
|poke|p2|Dragapult, L50, F|
|poke|p2|Rillaboom, L50, F|
|poke|p2|Coalossal, L50, F|
|poke|p2|Porygon2, L50|
|teampreview|4
|showteam|p1|Gholdengo||GrassySeed|GoodasGold|NastyPlot,MakeItRain,ShadowBall,Protect||||||50|,,,,,Water]Sneasler||WhiteHerb|Unburden|CloseCombat,DireClaw,Coaching,Protect|||F|||50|,,,,,Ghost]Rillaboom||AssaultVest|GrassySurge|FakeOut,GrassyGlide,DrumBeating,HighHorsepower|||M|||50|,,,,,Fire]Ninetales-Alola||FocusSash|SnowWarning|Blizzard,IcyWind,Encore,AuroraVeil|||F|||50|,,,,,Ghost]Dragonite||LoadedDice|Multiscale|ScaleShot,StompingTantrum,Tailwind,Protect|||M|||50|,,,,,Ground]Arcanine-Hisui||ClearAmulet|Intimidate|RockSlide,FlareBlitz,ExtremeSpeed,Protect|||M|||50|,,,,,Water
|showteam|p2|Ursaluna||FlameOrb|Guts|Facade,HeadlongRush,Earthquake,Protect|||M|||50|,,,,,Ground]Tauros-Paldea-Aqua||MirrorHerb|Intimidate|RagingBull,CloseCombat,WildCharge,Protect|||M|||50|,,,,,Electric]Dragapult||FocusSash|CursedBody|DragonDarts,WillOWisp,Surf,ThunderWave|||F|||50|,,,,,Dark]Rillaboom||MiracleSeed|GrassySurge|FakeOut,WoodHammer,GrassyGlide,Protect|||F|||50|,,,,,Grass]Coalossal||WeaknessPolicy|SteamEngine|HeatWave,PowerGem,Flamethrower,Protect|||F|||50|,,,,,Fire]Porygon2||Eviolite|Download|TeraBlast,IceBeam,TrickRoom,Recover||||||50|,,,,,Ghost
|inactive|Battle timer is ON: inactive players will automatically lose when time's up. (requested by ALXlor)
|inactive|edwarthdf has 60 seconds left.
|
|t:|1757022177
|teamsize|p1|4
|teamsize|p2|4
|start
|switch|p1a: Rillaboom|Rillaboom, L50, M, shiny|100/100
|switch|p1b: Ninetales|Ninetales-Alola, L50, F, shiny|100/100
|switch|p2a: Coalossal|Coalossal, L50, F|100/100
|switch|p2b: Dragapult|Dragapult, L50, F|100/100
|-weather|Snowscape|[from] ability: Snow Warning|[of] p1b: Ninetales
|-fieldstart|move: Grassy Terrain|[from] ability: Grassy Surge|[of] p1a: Rillaboom
|turn|1
|inactive|edwarthdf has 30 seconds left.
|inactive|ALXlor has 30 seconds left.
|
|t:|1757022203
|move|p2a: Coalossal|Protect|p2a: Coalossal
|-singleturn|p2a: Coalossal|Protect
|move|p1a: Rillaboom|Fake Out|p2a: Coalossal
|-activate|p2a: Coalossal|move: Protect
|move|p2b: Dragapult|Will-O-Wisp|p1a: Rillaboom
|-status|p1a: Rillaboom|brn
|move|p1b: Ninetales|Aurora Veil|p1b: Ninetales
|-sidestart|p1: edwarthdf|move: Aurora Veil
|
|-weather|Snowscape|[upkeep]
|-damage|p1a: Rillaboom|95/100 brn|[from] brn
|upkeep
|turn|2
|inactive|edwarthdf has 30 seconds left.
|inactive|edwarthdf has 20 seconds left.
|inactive|edwarthdf has 15 seconds left.
|inactive|edwarthdf has 10 seconds left.
|inactive|edwarthdf has 5 seconds left.
|
|t:|1757022256
|-terastallize|p2a: Coalossal|Fire
|move|p1a: Rillaboom|Grassy Glide|p2b: Dragapult
|-resisted|p2b: Dragapult
|-damage|p2b: Dragapult|91/100
|move|p2b: Dragapult|Surf|p1b: Ninetales|[spread] p2a,p1a,p1b
|-supereffective|p2a: Coalossal
|-resisted|p1a: Rillaboom
|-damage|p2a: Coalossal|75/100
|-damage|p1a: Rillaboom|91/100 brn
|-damage|p1b: Ninetales|90/100
|-ability|p2a: Coalossal|Steam Engine|boost
|-boost|p2a: Coalossal|spe|6
|-enditem|p2a: Coalossal|Weakness Policy
|-boost|p2a: Coalossal|atk|2|[from] item: Weakness Policy
|-boost|p2a: Coalossal|spa|2|[from] item: Weakness Policy
|move|p2a: Coalossal|Heat Wave|p1b: Ninetales|[spread] p1a,p1b
|-supereffective|p1a: Rillaboom
|-supereffective|p1b: Ninetales
|-damage|p1a: Rillaboom|12/100 brn
|-damage|p1b: Ninetales|0 fnt
|faint|p1b: Ninetales
|
|-weather|Snowscape|[upkeep]
|-heal|p2a: Coalossal|81/100|[from] Grassy Terrain
|-heal|p2b: Dragapult|97/100|[from] Grassy Terrain
|-heal|p1a: Rillaboom|18/100 brn|[from] Grassy Terrain
|-damage|p1a: Rillaboom|12/100 brn|[from] brn
|upkeep
|
|t:|1757022279
|switch|p1b: Gholdengo|Gholdengo, L50|100/100
|-enditem|p1b: Gholdengo|Grassy Seed
|-boost|p1b: Gholdengo|def|1|[from] item: Grassy Seed
|turn|3
|
|t:|1757022300
|switch|p2b: Tauros|Tauros-Paldea-Aqua, L50, M|100/100
|-ability|p2b: Tauros|Intimidate|boost
|-unboost|p1a: Rillaboom|atk|1
|-unboost|p1b: Gholdengo|atk|1
|-terastallize|p1b: Gholdengo|Water
|move|p2a: Coalossal|Protect|p2a: Coalossal
|-singleturn|p2a: Coalossal|Protect
|move|p1a: Rillaboom|Grassy Glide|p2a: Coalossal
|-activate|p2a: Coalossal|move: Protect
|move|p1b: Gholdengo|Shadow Ball|p2a: Coalossal
|-activate|p2a: Coalossal|move: Protect
|
|-weather|Snowscape|[upkeep]
|-heal|p2a: Coalossal|87/100|[from] Grassy Terrain
|-heal|p1a: Rillaboom|18/100 brn|[from] Grassy Terrain
|-damage|p1a: Rillaboom|12/100 brn|[from] brn
|upkeep
|turn|4
|inactive|edwarthdf has 30 seconds left.
|inactive|ALXlor has 30 seconds left.
|
|t:|1757022334
|move|p2a: Coalossal|Power Gem|p1b: Gholdengo
|-damage|p1b: Gholdengo|60/100
|move|p2b: Tauros|Raging Bull|p1a: Rillaboom
|-sideend|p1: edwarthdf|move: Aurora Veil
|-resisted|p1a: Rillaboom
|-damage|p1a: Rillaboom|0 fnt
|faint|p1a: Rillaboom
|move|p1b: Gholdengo|Nasty Plot|p1b: Gholdengo
|-boost|p1b: Gholdengo|spa|2
|-enditem|p2b: Tauros|Mirror Herb
|-boost|p2b: Tauros|spa|2|[from] item: Mirror Herb
|
|-weather|Snowscape|[upkeep]
|-heal|p2a: Coalossal|93/100|[from] Grassy Terrain
|-heal|p1b: Gholdengo|66/100|[from] Grassy Terrain
|upkeep
|
|t:|1757022348
|switch|p1a: Dragonite|Dragonite, L50, M, shiny|100/100
|turn|5
|
|t:|1757022364
|move|p2b: Tauros|Protect|p2b: Tauros
|-singleturn|p2b: Tauros|Protect
|move|p2a: Coalossal|Power Gem|p1a: Dragonite
|-supereffective|p1a: Dragonite
|-damage|p1a: Dragonite|41/100
|move|p1b: Gholdengo|Shadow Ball|p2a: Coalossal
|-damage|p2a: Coalossal|21/100
|move|p1a: Dragonite|Tailwind|p1a: Dragonite
|-sidestart|p1: edwarthdf|move: Tailwind
|
|-weather|none
|-heal|p2a: Coalossal|27/100|[from] Grassy Terrain
|-heal|p1b: Gholdengo|72/100|[from] Grassy Terrain
|-fieldend|move: Grassy Terrain
|upkeep
|turn|6
|
|t:|1757022387
|move|p2a: Coalossal|Power Gem|p1a: Dragonite
|-supereffective|p1a: Dragonite
|-damage|p1a: Dragonite|0 fnt
|faint|p1a: Dragonite
|move|p1b: Gholdengo|Shadow Ball|p2b: Tauros
|-damage|p2b: Tauros|0 fnt
|faint|p2b: Tauros
|
|upkeep
|
|t:|1757022397
|switch|p2b: Rillaboom|Rillaboom, L50, F|100/100
|-fieldstart|move: Grassy Terrain|[from] ability: Grassy Surge|[of] p2b: Rillaboom
|turn|7
|
|t:|1757022405
|move|p1b: Gholdengo|Protect|p1b: Gholdengo
|-singleturn|p1b: Gholdengo|Protect
|move|p2b: Rillaboom|Fake Out|p1b: Gholdengo
|-activate|p1b: Gholdengo|move: Protect
|move|p2a: Coalossal|Power Gem|p1b: Gholdengo
|-activate|p1b: Gholdengo|move: Protect
|
|-heal|p2a: Coalossal|33/100|[from] Grassy Terrain
|-heal|p1b: Gholdengo|79/100|[from] Grassy Terrain
|upkeep
|turn|8
|
|t:|1757022421
|move|p2b: Rillaboom|Grassy Glide|p1b: Gholdengo
|-supereffective|p1b: Gholdengo
|-crit|p1b: Gholdengo
|-damage|p1b: Gholdengo|0 fnt
|faint|p1b: Gholdengo
|
|win|ALXlor
||ALXlor is ready for game 2.
|inactive|edwarthdf has 30 seconds to confirm battle start!
||edwarthdf is ready for game 2.
|uhtml|next|Next: Game 2 of 3
|l|☆ALXlor
|player|p2|
