|j|☆sturmkitten69
|j|☆CaratroncoSun
|html|sturmkitten69CaratroncoSun    
|uhtml|bestof|Game 1 of a best-of-3
|t:|1782463839
|gametype|doubles
|player|p1|sturmkitten69|fisherman-gen4|1221
|player|p2|CaratroncoSun|juan|1187
|gen|9
|tier|[Gen 9 Champions] VGC 2026 Reg M-B (Bo3)
|rated|
|rule|Species Clause: Limit one of each Pokémon
|rule|Item Clause: Limit 1 of each item
|clearpoke
|poke|p1|Whimsicott, L50, M|
|poke|p1|Torkoal, L50, M|
|poke|p1|Farigiraf, L50, F, shiny|
|poke|p1|Charizard, L50, M|
|poke|p1|Kingambit, L50, F|
|poke|p1|Garchomp, L50, F|
|poke|p2|Overqwil, L50, M, shiny|
|poke|p2|Swampert, L50, M|
|poke|p2|Pelipper, L50, M|
|poke|p2|Metagross, L50, shiny|
|poke|p2|Sneasler, L50, F|
|poke|p2|Sinistcha-Masterpiece, L50|
|teampreview|4
|showteam|p1|Whimsicott||FocusSash|Prankster|Encore,Moonblast,Protect,Tailwind|Modest||M|||50|]Torkoal||Charcoal|Drought|Eruption,EarthPower,Protect,HeatWave|Modest||M|||50|]Farigiraf||ColburBerry|ArmorTail|Psychic,Thunderbolt,HelpingHand,TrickRoom|Bold||F|||50|]Charizard||CharizarditeY|Blaze|HeatWave,SolarBeam,WeatherBall,Protect|Modest||M|||50|]Kingambit||BlackGlasses|Defiant|KowtowCleave,SuckerPunch,Protect,IronHead|Adamant||F|||50|]Garchomp||LifeOrb|SandVeil|RockSlide,Earthquake,Protect,DragonClaw|Adamant||F|||50|
|showteam|p2|Overqwil||LifeOrb|SwiftSwim|Protect,PoisonJab,ThroatChop,Liquidation|Adamant||M|||50|]Swampert||Swampertite|Damp|Protect,WaveCrash,HighHorsepower,IcePunch|Adamant||M|||50|]Pelipper||FocusSash|Drizzle|RainDance,Tailwind,Hurricane,WeatherBall|Modest||M|||50|]Metagross||Metagrossite|ClearBody|Protect,PsychicFangs,IronHead,IcePunch|Jolly|||||50|]Sneasler||WhiteHerb|Unburden|Coaching,FakeOut,DireClaw,CloseCombat|Jolly||F|||50|]Sinistcha-Masterpiece||SitrusBerry|Hospitality|MatchaGotcha,TrickRoom,LifeDew,RagePowder|Bold|||||50|
|inactive|Battle timer is ON: inactive players will automatically lose when time's up. (requested by sturmkitten69)
|
|t:|1782463887
|teamsize|p1|4
|teamsize|p2|4
|start
|switch|p1a: Charizard|Charizard, L50, M|100/100
|switch|p1b: Farigiraf|Farigiraf, L50, F, shiny|100/100
|switch|p2a: Metagross|Metagross, L50, shiny|100/100
|switch|p2b: Sneasler|Sneasler, L50, F|100/100
|turn|1
|inactive|sturmkitten69 has 30 seconds left.
|inactive|CaratroncoSun has 30 seconds left.
|
|t:|1782463918
|detailschange|p1a: Charizard|Charizard-Mega-Y, L50, M
|-mega|p1a: Charizard|Charizard|Charizardite Y
|-weather|SunnyDay|[from] ability: Drought|[of] p1a: Charizard
|detailschange|p2a: Metagross|Metagross-Mega, L50, shiny
|-mega|p2a: Metagross|Metagross|Metagrossite
|move|p1b: Farigiraf|Helping Hand|p1a: Charizard
|-singleturn|p1a: Charizard|Helping Hand|[of] p1b: Farigiraf
|move|p2b: Sneasler|Dire Claw|p1a: Charizard
|-damage|p1a: Charizard|61/100
|move|p2a: Metagross|Psychic Fangs|p1a: Charizard
|-damage|p1a: Charizard|0 fnt
|faint|p1a: Charizard
|
|-weather|SunnyDay|[upkeep]
|upkeep
|
|t:|1782463930
|switch|p1a: Torkoal|Torkoal, L50, M|100/100
|turn|2
|inactive|CaratroncoSun has 30 seconds left.
|inactive|CaratroncoSun has 20 seconds left.
|inactive|CaratroncoSun has 15 seconds left.
|inactive|CaratroncoSun has 10 seconds left.
|inactive|CaratroncoSun has 5 seconds left.
|
|t:|1782463985
|move|p2a: Metagross|Protect|p2a: Metagross
|-singleturn|p2a: Metagross|Protect
|move|p1a: Torkoal|Protect|p1a: Torkoal
|-singleturn|p1a: Torkoal|Protect
|move|p2b: Sneasler|Coaching|p2a: Metagross
|-boost|p2a: Metagross|atk|1
|-boost|p2a: Metagross|def|1
|move|p1b: Farigiraf|Trick Room|p1b: Farigiraf
|-fieldstart|move: Trick Room|[of] p1b: Farigiraf
|
|-weather|SunnyDay|[upkeep]
|upkeep
|turn|3
|inactive|sturmkitten69 has 30 seconds left.
|
|t:|1782464014
|switch|p2b: Pelipper|Pelipper, L50, M|100/100
|-weather|RainDance|[from] ability: Drizzle|[of] p2b: Pelipper
|move|p1b: Farigiraf|Helping Hand|p1a: Torkoal
|-singleturn|p1a: Torkoal|Helping Hand|[of] p1b: Farigiraf
|move|p1a: Torkoal|Eruption|p2a: Metagross|[spread] p2a,p2b
|-supereffective|p2a: Metagross|1
|-resisted|p2b: Pelipper|1
|-damage|p2a: Metagross|14/100
|-damage|p2b: Pelipper|62/100
|move|p2a: Metagross|Psychic Fangs|p1a: Torkoal
|-damage|p1a: Torkoal|35/100
|
|-weather|RainDance|[upkeep]
|upkeep
|turn|4
|inactive|CaratroncoSun has 30 seconds left.
|
|t:|1782464040
|move|p2a: Metagross|Protect|p2a: Metagross
|-singleturn|p2a: Metagross|Protect
|move|p1a: Torkoal|Eruption|p2a: Metagross|[spread] p2b
|-activate|p2a: Metagross|move: Protect
|-resisted|p2b: Pelipper|1
|-damage|p2b: Pelipper|54/100
|move|p1b: Farigiraf|Thunderbolt|p2b: Pelipper
|-supereffective|p2b: Pelipper|2
|-damage|p2b: Pelipper|0 fnt
|faint|p2b: Pelipper
|
|-weather|RainDance|[upkeep]
|upkeep
|
|t:|1782464052
|switch|p2b: Swampert|Swampert, L50, M|100/100
|turn|5
|
|t:|1782464073
|switch|p1a: Whimsicott|Whimsicott, L50, M|100/100
|switch|p2a: Sneasler|Sneasler, L50, F|100/100
|move|p1b: Farigiraf|Psychic|p2a: Sneasler
|-supereffective|p2a: Sneasler|2
|-damage|p2a: Sneasler|0 fnt
|faint|p2a: Sneasler
|move|p2b: Swampert|Wave Crash|p1b: Farigiraf
|-damage|p1b: Farigiraf|21/100
|-damage|p2b: Swampert|66/100|[from] Recoil
|
|-weather|RainDance|[upkeep]
|upkeep
|
|t:|1782464086
|switch|p2a: Metagross|Metagross-Mega, L50, shiny|14/100
|turn|6
|
|t:|1782464095
|move|p2b: Swampert|Ice Punch|p1a: Whimsicott
|-supereffective|p1a: Whimsicott|1
|-damage|p1a: Whimsicott|24/100
|-status|p1a: Whimsicott|frz
|-curestatus|p1a: Whimsicott|frz|[msg]
|move|p1a: Whimsicott|Moonblast|p2a: Metagross
|-resisted|p2a: Metagross|1
|-damage|p2a: Metagross|0 fnt
|faint|p2a: Metagross
|move|p1b: Farigiraf|Trick Room|p1b: Farigiraf
|-fieldend|move: Trick Room
|
|-weather|RainDance|[upkeep]
|upkeep
|turn|7
|
|t:|1782464116
|move|p1a: Whimsicott|Protect|p1a: Whimsicott
|-singleturn|p1a: Whimsicott|Protect
|move|p2b: Swampert|Ice Punch|p1a: Whimsicott
|-activate|p1a: Whimsicott|move: Protect
|move|p1b: Farigiraf|Trick Room|p1b: Farigiraf
|-fieldstart|move: Trick Room|[of] p1b: Farigiraf
|
|-weather|none
|upkeep
|turn|8
|inactive|CaratroncoSun has 30 seconds left.
|
|t:|1782464142
|move|p1b: Farigiraf|Psychic|p2b: Swampert
|-damage|p2b: Swampert|33/100
|move|p2b: Swampert|High Horsepower|p1b: Farigiraf
|-damage|p1b: Farigiraf|0 fnt
|faint|p1b: Farigiraf
|move|p1a: Whimsicott|Moonblast|p2b: Swampert
|-damage|p2b: Swampert|0 fnt
|faint|p2b: Swampert
|
|win|sturmkitten69
