|j|☆Masehood
|j|☆PreparationHHH
|html|MasehoodPreparationHHH    
|uhtml|bestof|Game 3 of a best-of-3
|t:|1757853030
|gametype|doubles
|player|p1|Masehood|linebacker|1211
|player|p2|PreparationHHH|zinzolin|1104
|gen|9
|tier|[Gen 9] VGC 2025 Reg H (Bo3)
|rated|
|rule|Species Clause: Limit one of each Pokémon
|rule|Item Clause: Limit 1 of each item
|clearpoke
|poke|p1|Archaludon, L50, M|
|poke|p1|Pelipper, L50, M|
|poke|p1|Sinistcha-Masterpiece, L50|
|poke|p1|Dragonite, L50, M|
|poke|p1|Ursaluna, L50, M|
|poke|p1|Gholdengo, L50|
|poke|p2|Toedscruel, L50, M|
|poke|p2|Weezing-Galar, L50, M|
|poke|p2|Pelipper, L50, F|
|poke|p2|Archaludon, L50, M|
|poke|p2|Comfey, L50, F|
|poke|p2|Kingdra, L50, F|
|teampreview|4
|showteam|p1|Archaludon||AssaultVest|Stamina|ElectroShot,FlashCannon,BodyPress,Snarl|||M|||50|,,,,,Fighting]Pelipper||FocusSash|Drizzle|Hurricane,WideGuard,WeatherBall,Protect|||M|||50|,,,,,Ghost]Sinistcha-Masterpiece||SitrusBerry|Hospitality|RagePowder,MatchaGotcha,TrickRoom,LifeDew||||||50|,,,,,Dark]Dragonite||LoadedDice|Multiscale|ScaleShot,Tailwind,Haze,Protect|||M|||50|,,,,,Fairy]Ursaluna||FlameOrb|Guts|HeadlongRush,Facade,Earthquake,Protect|||M|||50|,,,,,Ghost]Gholdengo||ChoiceScarf|GoodasGold|MakeItRain,ShadowBall,TeraBlast,Trick||||||50|,,,,,Water
|showteam|p2|Toedscruel||CovertCloak|MyceliumMight|Spore,BulletSeed,Protect,EarthPower|||M|||50|,,,,,Water]Weezing-Galar||SitrusBerry|NeutralizingGas|Taunt,SludgeBomb,Protect,DazzlingGleam|||M|||50|,,,,,Ghost]Pelipper||ChoiceScarf|Drizzle|WeatherBall,Hurricane,Tailwind,Uturn|||F|||50|,,,,,Ghost]Archaludon||AssaultVest|Stamina|ElectroShot,Snarl,BodyPress,FlashCannon|||M|||50|,,,,,Grass]Comfey||SafetyGoggles|Triage|DrainingKiss,FloralHealing,LightScreen,Protect|||F|||50|,,,,,Steel]Kingdra||LifeOrb|SwiftSwim|WeatherBall,Surf,DracoMeteor,Protect|||F|||50|,,,,,Steel
|inactive|Battle timer is ON: inactive players will automatically lose when time's up. (requested by Masehood)
|inactive|PreparationHHH has 60 seconds left.
|
|t:|1757853073
|teamsize|p1|4
|teamsize|p2|4
|start
|switch|p1a: Gholdengo|Gholdengo, L50|100/100
|switch|p1b: Sinistcha|Sinistcha-Masterpiece, L50|100/100
|switch|p2a: Weezing|Weezing-Galar, L50, M|100/100
|switch|p2b: Toedscruel|Toedscruel, L50, M|100/100
|-ability|p2a: Weezing|Neutralizing Gas
|turn|1
|c|☆Masehood|Called it
|
|t:|1757853097
|move|p1a: Gholdengo|Make It Rain|p2b: Toedscruel|[spread] p2a,p2b
|-supereffective|p2a: Weezing
|-damage|p2a: Weezing|0 fnt
|-damage|p2b: Toedscruel|55/100
|-unboost|p1a: Gholdengo|spa|1
|faint|p2a: Weezing
|-end|p2a: Weezing|ability: Neutralizing Gas
|move|p2b: Toedscruel|Spore|p1a: Gholdengo
|-status|p1a: Gholdengo|slp|[from] move: Spore
|move|p1b: Sinistcha|Matcha Gotcha|p2b: Toedscruel
|-damage|p2b: Toedscruel|25/100
|
|upkeep
|c|☆Masehood|you’re read like a book
|
|t:|1757853117
|switch|p2a: Pelipper|Pelipper, L50, F|100/100
|-weather|RainDance|[from] ability: Drizzle|[of] p2a: Pelipper
|turn|2
|
|t:|1757853138
|-terastallize|p1b: Sinistcha|Dark
|cant|p1a: Gholdengo|slp
|move|p2a: Pelipper|Hurricane|p1b: Sinistcha
|-damage|p1b: Sinistcha|56/100
|move|p2b: Toedscruel|Earth Power|p1b: Sinistcha
|-damage|p1b: Sinistcha|34/100
|-enditem|p1b: Sinistcha|Sitrus Berry|[eat]
|-heal|p1b: Sinistcha|58/100|[from] item: Sitrus Berry
|move|p1b: Sinistcha|Matcha Gotcha|p2b: Toedscruel|[spread] p2a
|-miss|p1b: Sinistcha|p2b: Toedscruel
|-damage|p2a: Pelipper|61/100
|-heal|p1b: Sinistcha|74/100|[from] drain|[of] p2a: Pelipper
|
|-weather|RainDance|[upkeep]
|upkeep
|turn|3
|
|t:|1757853162
|switch|p2a: Kingdra|Kingdra, L50, F|100/100
|switch|p1b: Archaludon|Archaludon, L50, M|100/100
|cant|p1a: Gholdengo|slp
|move|p2b: Toedscruel|Earth Power|p1a: Gholdengo
|-supereffective|p1a: Gholdengo
|-damage|p1a: Gholdengo|33/100 slp
|
|-weather|RainDance|[upkeep]
|upkeep
|turn|4
|inactive|PreparationHHH has 30 seconds left.
|
|t:|1757853189
|switch|p1b: Sinistcha|Sinistcha-Masterpiece, L50, tera:Dark|74/100
|-heal|p1a: Gholdengo|58/100 slp|[from] ability: Hospitality|[of] p1b: Sinistcha
|move|p2a: Kingdra|Weather Ball|p1a: Gholdengo
|-damage|p1a: Gholdengo|0 fnt
|faint|p1a: Gholdengo
|-damage|p2a: Kingdra|91/100|[from] item: Life Orb
|move|p2b: Toedscruel|Spore|p1b: Sinistcha
|-status|p1b: Sinistcha|slp|[from] move: Spore
|
|-weather|RainDance|[upkeep]
|upkeep
|
|t:|1757853204
|switch|p1a: Archaludon|Archaludon, L50, M|100/100
|turn|5
|
|t:|1757853217
|move|p2a: Kingdra|Draco Meteor|p1a: Archaludon
|-damage|p1a: Archaludon|52/100
|-unboost|p2a: Kingdra|spa|2
|-ability|p1a: Archaludon|Stamina|boost
|-boost|p1a: Archaludon|def|1
|-damage|p2a: Kingdra|82/100|[from] item: Life Orb
|move|p2b: Toedscruel|Earth Power|p1a: Archaludon
|-supereffective|p1a: Archaludon
|-damage|p1a: Archaludon|19/100
|-ability|p1a: Archaludon|Stamina|boost
|-boost|p1a: Archaludon|def|1
|move|p1a: Archaludon|Flash Cannon|p2b: Toedscruel
|-damage|p2b: Toedscruel|0 fnt
|faint|p2b: Toedscruel
|cant|p1b: Sinistcha|slp
|
|-weather|RainDance|[upkeep]
|upkeep
|
|t:|1757853233
|switch|p2b: Pelipper|Pelipper, L50, F|61/100
|turn|6
|inactive|PreparationHHH has 30 seconds left.
|
|t:|1757853260
|move|p2a: Kingdra|Weather Ball|p1a: Archaludon
|-resisted|p1a: Archaludon
|-damage|p1a: Archaludon|6/100
|-ability|p1a: Archaludon|Stamina|boost
|-boost|p1a: Archaludon|def|1
|-damage|p2a: Kingdra|72/100|[from] item: Life Orb
|move|p2b: Pelipper|Hurricane|p1a: Archaludon
|-resisted|p1a: Archaludon
|-damage|p1a: Archaludon|0 fnt
|faint|p1a: Archaludon
|cant|p1b: Sinistcha|slp
|
|-weather|none
|upkeep
|
|t:|1757853272
|switch|p1a: Ursaluna|Ursaluna, L50, M|100/100
|turn|7
|
|t:|1757853283
|move|p1a: Ursaluna|Protect|p1a: Ursaluna
|-singleturn|p1a: Ursaluna|Protect
|move|p2b: Pelipper|Hurricane|p1a: Ursaluna
|-activate|p1a: Ursaluna|move: Protect
|move|p2a: Kingdra|Surf|p1b: Sinistcha|[spread] p2b,p1b
|-activate|p1a: Ursaluna|move: Protect
|-resisted|p2b: Pelipper
|-damage|p2b: Pelipper|45/100
|-damage|p1b: Sinistcha|58/100 slp
|-damage|p2a: Kingdra|63/100|[from] item: Life Orb
|cant|p1b: Sinistcha|slp
|
|-status|p1a: Ursaluna|brn|[from] item: Flame Orb
|upkeep
|turn|8
|
|t:|1757853298
|move|p2b: Pelipper|Hurricane|p1a: Ursaluna|[miss]
|-miss|p2b: Pelipper|p1a: Ursaluna
|move|p2a: Kingdra|Surf|p1b: Sinistcha|[spread] p2b,p1a,p1b
|-resisted|p2b: Pelipper
|-supereffective|p1a: Ursaluna
|-damage|p2b: Pelipper|31/100
|-damage|p1a: Ursaluna|68/100 brn
|-damage|p1b: Sinistcha|43/100 slp
|-damage|p2a: Kingdra|53/100|[from] item: Life Orb
|move|p1a: Ursaluna|Facade|p2a: Kingdra
|-damage|p2a: Kingdra|0 fnt
|faint|p2a: Kingdra
|-curestatus|p1b: Sinistcha|slp|[msg]
|move|p1b: Sinistcha|Trick Room|p1b: Sinistcha
|-fieldstart|move: Trick Room|[of] p1b: Sinistcha
|
|-damage|p1a: Ursaluna|62/100 brn|[from] brn
|upkeep
|turn|9
|-message|PreparationHHH forfeited.
|
|win|Masehood
|raw|Masehood's rating: 1211 → 1229(+18 for winning)
|raw|PreparationHHH's rating: 1104 → 1086(-18 for losing)
