|j|☆albermapruebas2
|j|☆lettitripppp
|html|albermapruebas2lettitripppp    
|uhtml|bestof|Game 2 of a best-of-3
|t:|1783357840
|gametype|doubles
|player|p1|albermapruebas2|102|1235
|player|p2|lettitripppp|lucas|1255
|gen|9
|tier|[Gen 9 Champions] VGC 2026 Reg M-B (Bo3)
|rated|
|rule|Species Clause: Limit one of each Pokémon
|rule|Item Clause: Limit 1 of each item
|clearpoke
|poke|p1|Blastoise, L50, M|
|poke|p1|Incineroar, L50, F|
|poke|p1|Kingambit, L50, M|
|poke|p1|Sinistcha, L50|
|poke|p1|Sneasler, L50, M|
|poke|p1|Delphox, L50, F|
|poke|p2|Charizard, L50, M|
|poke|p2|Basculegion, L50, M|
|poke|p2|Whimsicott, L50, M, shiny|
|poke|p2|Garchomp, L50, F, shiny|
|poke|p2|Floette-Eternal, L50, F|
|poke|p2|Kingambit, L50, F, shiny|
|teampreview|4
|showteam|p1|Blastoise||Blastoisinite|RainDish|ShellSmash,WaterSpout,DarkPulse,Protect|Modest||M|||50|]Incineroar||SitrusBerry|Intimidate|FlareBlitz,FakeOut,PartingShot,HelpingHand|Impish||F|||50|]Kingambit||BlackGlasses|Defiant|Protect,SwordsDance,KowtowCleave,SuckerPunch|Adamant||M|||50|]Sinistcha||OccaBerry|Hospitality|Protect,RagePowder,TrickRoom,MatchaGotcha|Bold|||||50|]Sneasler||FocusSash|PoisonTouch|DireClaw,FakeOut,CloseCombat,QuickGuard|Jolly||M|||50|]Delphox||Delphoxite|Blaze|Protect,HeatWave,Psyshock,NastyPlot|Timid||F|||50|
|showteam|p2|Charizard||CharizarditeY|Blaze|WeatherBall,SolarBeam,HeatWave,Protect|Modest||M|||50|]Basculegion||MysticWater|Adaptability|LastRespects,WaveCrash,AquaJet,Protect|Adamant||M|||50|]Whimsicott||FocusSash|Prankster|Moonblast,Tailwind,Encore,Protect|Timid||M|||50|]Garchomp||LifeOrb|RoughSkin|DragonClaw,Earthquake,RockSlide,Protect|Jolly||F|||50|]Floette-Eternal||Floettite|FlowerVeil|DazzlingGleam,LightofRuin,Moonblast,Protect|Modest||F|||50|]Kingambit||ChopleBerry|Defiant|KowtowCleave,SuckerPunch,IronHead,LowKick|Adamant||F|||50|
|inactive|Battle timer is ON: inactive players will automatically lose when time's up. (requested by lettitripppp)
|inactive|albermapruebas2 has 60 seconds left.
|inactive|lettitripppp has 60 seconds left.
|inactive|albermapruebas2 has 30 seconds left.
|inactive|albermapruebas2 has 20 seconds left.
|inactive|albermapruebas2 has 15 seconds left.
|inactive|albermapruebas2 has 10 seconds left.
|inactive|albermapruebas2 has 5 seconds left.
|
|t:|1783357928
|teamsize|p1|4
|teamsize|p2|4
|start
|switch|p1a: Sneasler|Sneasler, L50, M|100/100
|switch|p1b: Delphox|Delphox, L50, F|100/100
|switch|p2a: CRUSH SHARK|Garchomp, L50, F, shiny|100/100
|switch|p2b: LETS GO GO|Whimsicott, L50, M, shiny|100/100
|turn|1
|inactive|albermapruebas2 has 30 seconds left.
|
|t:|1783357954
|detailschange|p1b: Delphox|Delphox-Mega, L50, F
|-mega|p1b: Delphox|Delphox|Delphoxite
|move|p1a: Sneasler|Fake Out|p2a: CRUSH SHARK
|-damage|p2a: CRUSH SHARK|87/100
|-damage|p1a: Sneasler|87/100|[from] ability: Rough Skin|[of] p2a: CRUSH SHARK
|move|p2b: LETS GO GO|Tailwind|p2b: LETS GO GO
|-sidestart|p2: lettitripppp|move: Tailwind
|cant|p2a: CRUSH SHARK|flinch
|move|p1b: Delphox|Heat Wave|p2a: CRUSH SHARK|[spread] p2a,p2b
|-resisted|p2a: CRUSH SHARK|1
|-supereffective|p2b: LETS GO GO|1
|-damage|p2a: CRUSH SHARK|63/100
|-enditem|p2b: LETS GO GO|Focus Sash
|-damage|p2b: LETS GO GO|1/100
|
|upkeep
|turn|2
|inactive|albermapruebas2 has 30 seconds left.
|inactive|albermapruebas2 has 20 seconds left.
|inactive|albermapruebas2 has 15 seconds left.
|inactive|albermapruebas2 has 10 seconds left.
|
|t:|1783358003
|switch|p1a: Incineroar|Incineroar, L50, F|100/100
|-ability|p1a: Incineroar|Intimidate|boost
|-unboost|p2a: CRUSH SHARK|atk|1
|-unboost|p2b: LETS GO GO|atk|1
|move|p1b: Delphox|Protect|p1b: Delphox
|-singleturn|p1b: Delphox|Protect
|move|p2b: LETS GO GO|Moonblast|p1a: Incineroar
|-damage|p1a: Incineroar|73/100
|move|p2a: CRUSH SHARK|Rock Slide|p1a: Incineroar|[spread] 
|-activate|p1b: Delphox|move: Protect
|-miss|p2a: CRUSH SHARK|p1a: Incineroar
|
|upkeep
|turn|3
|inactive|albermapruebas2 has 30 seconds left.
|
|t:|1783358029
|move|p2b: LETS GO GO|Protect|p2b: LETS GO GO
|-singleturn|p2b: LETS GO GO|Protect
|move|p2a: CRUSH SHARK|Protect|p2a: CRUSH SHARK
|-singleturn|p2a: CRUSH SHARK|Protect
|move|p1a: Incineroar|Fake Out|p2b: LETS GO GO
|-activate|p2b: LETS GO GO|move: Protect
|move|p1b: Delphox|Psyshock|p2a: CRUSH SHARK
|-activate|p2a: CRUSH SHARK|move: Protect
|
|upkeep
|turn|4
|
|t:|1783358052
|switch|p2b: GHOSTWAVE|Basculegion, L50, M|100/100
|move|p2a: CRUSH SHARK|Rock Slide|p1b: Delphox|[spread] p1a,p1b
|-supereffective|p1a: Incineroar|1
|-supereffective|p1b: Delphox|1
|-damage|p1a: Incineroar|42/100
|-damage|p1b: Delphox|47/100
|-enditem|p1a: Incineroar|Sitrus Berry|[eat]
|-heal|p1a: Incineroar|67/100|[from] item: Sitrus Berry
|-damage|p2a: CRUSH SHARK|53/100|[from] item: Life Orb
|cant|p1b: Delphox|flinch
|move|p1a: Incineroar|Parting Shot|p2a: CRUSH SHARK
|-unboost|p2a: CRUSH SHARK|atk|1
|-unboost|p2a: CRUSH SHARK|spa|1
|
|t:|1783358065
|switch|p1a: Sinistcha|Sinistcha, L50|100/100|[from] Parting Shot
|-heal|p1b: Delphox|72/100|[from] ability: Hospitality|[of] p1a: Sinistcha
|
|-sideend|p2: lettitripppp|move: Tailwind
|upkeep
|turn|5
|
|t:|1783358090
|move|p2b: GHOSTWAVE|Protect|p2b: GHOSTWAVE
|-singleturn|p2b: GHOSTWAVE|Protect
|move|p1a: Sinistcha|Rage Powder|p1a: Sinistcha
|-singleturn|p1a: Sinistcha|move: Rage Powder
|move|p1b: Delphox|Psyshock|p2a: CRUSH SHARK
|-crit|p2a: CRUSH SHARK
|-damage|p2a: CRUSH SHARK|0 fnt
|faint|p2a: CRUSH SHARK
|
|upkeep
|
|t:|1783358099
|switch|p2a: LETS GO GO|Whimsicott, L50, M, shiny|1/100
|turn|6
|
|t:|1783358110
|move|p1a: Sinistcha|Rage Powder|p1a: Sinistcha
|-singleturn|p1a: Sinistcha|move: Rage Powder
|move|p2a: LETS GO GO|Tailwind|p2a: LETS GO GO
|-sidestart|p2: lettitripppp|move: Tailwind
|move|p2b: GHOSTWAVE|Last Respects|p1a: Sinistcha
|-supereffective|p1a: Sinistcha|1
|-damage|p1a: Sinistcha|2/100
|move|p1b: Delphox|Heat Wave|p2b: GHOSTWAVE|[spread] p2a,p2b
|-supereffective|p2a: LETS GO GO|1
|-resisted|p2b: GHOSTWAVE|1
|-damage|p2a: LETS GO GO|0 fnt
|-damage|p2b: GHOSTWAVE|76/100
|faint|p2a: LETS GO GO
|
|upkeep
|
|t:|1783358118
|switch|p2a: AGNI|Charizard, L50, M|100/100
|turn|7
|
|t:|1783358127
|switch|p1a: Incineroar|Incineroar, L50, F|67/100
|-ability|p1a: Incineroar|Intimidate|boost
|-unboost|p2a: AGNI|atk|1
|-unboost|p2b: GHOSTWAVE|atk|1
|detailschange|p2a: AGNI|Charizard-Mega-Y, L50, M
|-mega|p2a: AGNI|Charizard|Charizardite Y
|-weather|SunnyDay|[from] ability: Drought|[of] p2a: AGNI
|move|p1b: Delphox|Protect|p1b: Delphox
|-singleturn|p1b: Delphox|Protect
|move|p2a: AGNI|Heat Wave|p1b: Delphox|[spread] p1a
|-activate|p1b: Delphox|move: Protect
|-resisted|p1a: Incineroar|1
|-damage|p1a: Incineroar|37/100
|move|p2b: GHOSTWAVE|Last Respects|p1b: Delphox
|-activate|p1b: Delphox|move: Protect
|
|-weather|SunnyDay|[upkeep]
|upkeep
|turn|8
|inactive|albermapruebas2 has 30 seconds left.
|
|t:|1783358157
|switch|p1b: Sinistcha|Sinistcha, L50|2/100
|-heal|p1a: Incineroar|62/100|[from] ability: Hospitality|[of] p1b: Sinistcha
|move|p1a: Incineroar|Fake Out|p2a: AGNI
|-damage|p2a: AGNI|88/100
|cant|p2a: AGNI|flinch
|move|p2b: GHOSTWAVE|Last Respects|p1b: Sinistcha
|-supereffective|p1b: Sinistcha|1
|-damage|p1b: Sinistcha|0 fnt
|faint|p1b: Sinistcha
|
|-weather|SunnyDay|[upkeep]
|upkeep
|
|t:|1783358180
|switch|p1b: Delphox|Delphox-Mega, L50, F|72/100
|turn|9
|
|t:|1783358192
|move|p1b: Delphox|Protect|p1b: Delphox
|-singleturn|p1b: Delphox|Protect
|move|p2a: AGNI|Heat Wave|p1b: Delphox|[spread] p1a
|-activate|p1b: Delphox|move: Protect
|-resisted|p1a: Incineroar|1
|-damage|p1a: Incineroar|32/100
|move|p2b: GHOSTWAVE|Wave Crash|p1a: Incineroar
|-supereffective|p1a: Incineroar|1
|-damage|p1a: Incineroar|0 fnt
|faint|p1a: Incineroar
|-damage|p2b: GHOSTWAVE|66/100|[from] Recoil
|
|-weather|SunnyDay|[upkeep]
|-sideend|p2: lettitripppp|move: Tailwind
|upkeep
|
|t:|1783358204
|switch|p1a: Sneasler|Sneasler, L50, M|87/100
|turn|10
|
|t:|1783358220
|move|p2a: AGNI|Protect|p2a: AGNI
|-singleturn|p2a: AGNI|Protect
|move|p1a: Sneasler|Fake Out|p2a: AGNI
|-activate|p2a: AGNI|move: Protect
|move|p1b: Delphox|Nasty Plot|p1b: Delphox
|-boost|p1b: Delphox|spa|2
|move|p2b: GHOSTWAVE|Last Respects|p1b: Delphox
|-supereffective|p1b: Delphox|1
|-damage|p1b: Delphox|0 fnt
|faint|p1b: Delphox
|
|-weather|SunnyDay|[upkeep]
|upkeep
|turn|11
|c|☆albermapruebas2|gg
|
|t:|1783358238
|move|p1a: Sneasler|Dire Claw|p2a: AGNI
|-damage|p2a: AGNI|43/100
|move|p2a: AGNI|Weather Ball|p1a: Sneasler
|-damage|p1a: Sneasler|0 fnt
|faint|p1a: Sneasler
|
|win|lettitripppp
|raw|albermapruebas2's rating: 1235 → 1211(-24 for losing)
|raw|lettitripppp's rating: 1255 → 1279(+24 for winning)
|l|☆albermapruebas2
|player|p1|
|c|☆lettitripppp|gg
