|j|☆the crimson wooper
|j|☆poodle sundae
|html|the crimson wooperpoodle sundae    
|uhtml|bestof|Game 2 of a best-of-3
|t:|1782426083
|gametype|doubles
|player|p1|the crimson wooper|yellow|1221
|player|p2|poodle sundae|2|1312
|gen|9
|tier|[Gen 9 Champions] VGC 2026 Reg M-B (Bo3)
|rated|
|rule|Species Clause: Limit one of each Pokémon
|rule|Item Clause: Limit 1 of each item
|clearpoke
|poke|p1|Pelipper, L50, M|
|poke|p1|Archaludon, L50, F|
|poke|p1|Swampert, L50, M|
|poke|p1|Floette-Eternal, L50, F|
|poke|p1|Grimmsnarl, L50, M|
|poke|p1|Sinistcha, L50|
|poke|p2|Metagross, L50|
|poke|p2|Hydreigon, L50, M|
|poke|p2|Venusaur, L50, M|
|poke|p2|Milotic, L50, M|
|poke|p2|Garchomp, L50, F|
|poke|p2|Ceruledge, L50, M|
|teampreview|4
|showteam|p1|Pelipper||FocusSash|Drizzle|Tailwind,Protect,Hurricane,WeatherBall|Timid||M|||50|]Archaludon||Leftovers|Stamina|ElectroShot,DracoMeteor,FlashCannon,Protect|Modest||F|||50|]Swampert||Swampertite|Damp|Protect,HighHorsepower,WaveCrash,IcePunch|Adamant||M|||50|]Floette-Eternal||Floettite|Symbiosis|Protect,DazzlingGleam,Moonblast,LightofRuin|Modest||F|||50|]Grimmsnarl||LightClay|Prankster|LightScreen,Reflect,SpiritBreak,PartingShot|Careful||M|||50|]Sinistcha||SitrusBerry|Hospitality|MatchaGotcha,ShadowBall,RagePowder,Protect|Bold|||||50|
|showteam|p2|Metagross||Metagrossite|ClearBody|IronHead,PsychicFangs,BodyPress,Protect|Jolly|||||50|]Hydreigon||ChoiceScarf|Levitate|DarkPulse,DracoMeteor,Snarl,HeatWave|Modest||M|||50|]Venusaur||Venusaurite|Chlorophyll|GigaDrain,SludgeBomb,EarthPower,Protect|Modest||M|||50|]Milotic||Leftovers|Competitive|MuddyWater,Coil,Hypnosis,Protect|Calm||M|||50|]Garchomp||LifeOrb|RoughSkin|DragonClaw,Earthquake,RockSlide,Protect|Jolly||F|||50|]Ceruledge||ColburBerry|FlashFire|BitterBlade,ShadowSneak,BulkUp,Protect|Adamant||M|||50|
|inactive|Battle timer is ON: inactive players will automatically lose when time's up. (requested by the crimson wooper)
|
|t:|1782426113
|teamsize|p1|4
|teamsize|p2|4
|start
|switch|p1a: Grimmsnarl|Grimmsnarl, L50, M|100/100
|switch|p1b: Lifeguard|Archaludon, L50, F|100/100
|switch|p2a: Venusaur|Venusaur, L50, M|100/100
|switch|p2b: Garchomp|Garchomp, L50, F|100/100
|turn|1
|
|t:|1782426130
|switch|p1b: Skibidi Drizz|Pelipper, L50, M|100/100
|-weather|RainDance|[from] ability: Drizzle|[of] p1b: Skibidi Drizz
|move|p2a: Venusaur|Protect|p2a: Venusaur
|-singleturn|p2a: Venusaur|Protect
|move|p1a: Grimmsnarl|Light Screen|p1a: Grimmsnarl
|-sidestart|p1: the crimson wooper|move: Light Screen
|move|p2b: Garchomp|Earthquake|p1a: Grimmsnarl|[spread] p1a
|-activate|p2a: Venusaur|move: Protect
|-immune|p1b: Skibidi Drizz
|-damage|p1a: Grimmsnarl|45/100
|-damage|p2b: Garchomp|90/100|[from] item: Life Orb
|
|-weather|RainDance|[upkeep]
|upkeep
|turn|2
|
|t:|1782426146
|detailschange|p2a: Venusaur|Venusaur-Mega, L50, M
|-mega|p2a: Venusaur|Venusaur|Venusaurite
|move|p1a: Grimmsnarl|Reflect|p1a: Grimmsnarl
|-sidestart|p1: the crimson wooper|Reflect
|move|p2b: Garchomp|Rock Slide|p1a: Grimmsnarl|[spread] p1a,p1b
|-supereffective|p1b: Skibidi Drizz|1
|-damage|p1a: Grimmsnarl|27/100
|-damage|p1b: Skibidi Drizz|53/100
|-damage|p2b: Garchomp|80/100|[from] item: Life Orb
|move|p1b: Skibidi Drizz|Tailwind|p1b: Skibidi Drizz
|-sidestart|p1: the crimson wooper|move: Tailwind
|move|p2a: Venusaur|Sludge Bomb|p1b: Skibidi Drizz
|-damage|p1b: Skibidi Drizz|5/100
|
|-weather|RainDance|[upkeep]
|upkeep
|turn|3
|c|☆poodle sundae|why borb so fast >:(
|inactive|the crimson wooper has 30 seconds left.
|inactive|the crimson wooper has 20 seconds left.
|c|☆the crimson wooper|it's lit!
|
|t:|1782426184
|switch|p1a: Lifeguard|Archaludon, L50, F|100/100
|move|p2a: Venusaur|Protect|p2a: Venusaur
|-singleturn|p2a: Venusaur|Protect
|move|p1b: Skibidi Drizz|Weather Ball|p2b: Garchomp
|-damage|p2b: Garchomp|12/100
|move|p2b: Garchomp|Earthquake|p1a: Lifeguard|[spread] p1a
|-activate|p2a: Venusaur|move: Protect
|-immune|p1b: Skibidi Drizz
|-supereffective|p1a: Lifeguard|1
|-damage|p1a: Lifeguard|47/100
|-ability|p1a: Lifeguard|Stamina|boost
|-boost|p1a: Lifeguard|def|1
|-damage|p2b: Garchomp|2/100|[from] item: Life Orb
|
|-weather|RainDance|[upkeep]
|-heal|p1a: Lifeguard|53/100|[from] item: Leftovers
|upkeep
|turn|4
|inactive|poodle sundae has 30 seconds left.
|
|t:|1782426212
|move|p1b: Skibidi Drizz|Hurricane|p2a: Venusaur
|-supereffective|p2a: Venusaur|1
|-damage|p2a: Venusaur|21/100
|-start|p2a: Venusaur|confusion
|move|p1a: Lifeguard|Electro Shot||[still]
|-prepare|p1a: Lifeguard|Electro Shot
|-boost|p1a: Lifeguard|spa|1
|-anim|p1a: Lifeguard|Electro Shot|p2a: Venusaur
|-resisted|p2a: Venusaur|1
|-damage|p2a: Venusaur|0 fnt
|faint|p2a: Venusaur
|move|p2b: Garchomp|Dragon Claw|p1b: Skibidi Drizz
|-damage|p1b: Skibidi Drizz|0 fnt
|faint|p1b: Skibidi Drizz
|-damage|p2b: Garchomp|0 fnt|[from] item: Life Orb
|faint|p2b: Garchomp
|
|-weather|RainDance|[upkeep]
|-heal|p1a: Lifeguard|59/100|[from] item: Leftovers
|upkeep
|
|t:|1782426229
|switch|p2b: Hydreigon|Hydreigon, L50, M|100/100
|switch|p1b: Floette|Floette-Eternal, L50, F|100/100
|switch|p2a: Metagross|Metagross, L50|100/100
|turn|5
|c|☆the crimson wooper|ggs
|c|☆poodle sundae|ggs!
|
|t:|1782426248
|detailschange|p1b: Floette|Floette-Mega, L50, F
|-mega|p1b: Floette|Floette|Floettite
|-ability|p1b: Floette|Fairy Aura
|move|p1b: Floette|Dazzling Gleam|p2b: Hydreigon|[spread] p2a,p2b
|-resisted|p2a: Metagross|1
|-supereffective|p2b: Hydreigon|2
|-damage|p2a: Metagross|72/100
|-damage|p2b: Hydreigon|0 fnt
|faint|p2b: Hydreigon
|move|p1a: Lifeguard|Electro Shot||[still]
|-prepare|p1a: Lifeguard|Electro Shot
|-boost|p1a: Lifeguard|spa|1
|-anim|p1a: Lifeguard|Electro Shot|p2a: Metagross
|-damage|p2a: Metagross|0 fnt
|faint|p2a: Metagross
|
|win|the crimson wooper
|raw|the crimson wooper's rating: 1221 → 1252(+31 for winning)
|raw|poodle sundae's rating: 1312 → 1287(-25 for losing)
