|j|☆pokeplaygg
|j|☆scawy monsta
|html|pokeplayggscawy monsta    
|uhtml|bestof|Game 2 of a best-of-3
|t:|1785463554
|gametype|doubles
|player|p1|pokeplaygg|169|1275
|player|p2|scawy monsta|roxie|1389
|gen|9
|tier|[Gen 9 Champions] VGC 2026 Reg M-B (Bo3)
|rated|
|rule|Species Clause: Limit one of each Pokémon
|rule|Item Clause: Limit 1 of each item
|clearpoke
|poke|p1|Farigiraf, L50, F|
|poke|p1|Aerodactyl, L50, F|
|poke|p1|Charizard, L50, F|
|poke|p1|Kingambit, L50, M|
|poke|p1|Garchomp, L50, F|
|poke|p1|Sylveon, L50, F|
|poke|p2|Charizard, L50, M, shiny|
|poke|p2|Mawile, L50, M, shiny|
|poke|p2|Milotic, L50, F, shiny|
|poke|p2|Garchomp, L50, F|
|poke|p2|Whimsicott, L50, M|
|poke|p2|Farigiraf, L50, M|
|teampreview|4
|showteam|p1|Farigiraf||SitrusBerry|ArmorTail|TwinBeam,TrickRoom,Roar,Thunderbolt|Bold||F|||50|]Aerodactyl||Aerodactylite|Unnerve|Protect,DualWingbeat,RockSlide,Tailwind|Jolly||F|||50|]Charizard||CharizarditeY|Blaze|Protect,HeatWave,WeatherBall,SolarBeam|Modest||F|||50|]Kingambit||FocusSash|Defiant|LowKick,SuckerPunch,KowtowCleave,IronHead|Adamant||M|||50|]Garchomp||LifeOrb|RoughSkin|Protect,Earthquake,DragonClaw,RockSlide|Adamant||F|||50|]Sylveon||FairyFeather|Pixilate|Protect,HyperBeam,QuickAttack,HyperVoice|Quiet||F|||50|
|showteam|p2|Charizard||CharizarditeY|Blaze|WeatherBall,HeatWave,SolarBeam,Protect|Modest||M|||50|]Mawile||Mawilite|HyperCutter|PlayRough,SuckerPunch,IronHead,Protect|Adamant||M|||50|]Milotic||Leftovers|Competitive|Protect,IcyWind,IceBeam,Scald|Calm||F|||50|]Garchomp||LifeOrb|RoughSkin|RockSlide,DragonClaw,Earthquake,Protect|Jolly||F|||50|]Whimsicott||FocusSash|Prankster|Moonblast,Encore,Tailwind,Protect|Timid||M|||50|]Farigiraf||SitrusBerry|ArmorTail|TwinBeam,TrickRoom,HelpingHand,Thunderbolt|Bold||M|||50|
|inactive|Battle timer is ON: inactive players will automatically lose when time's up. (requested by scawy monsta)
|
|t:|1785463582
|teamsize|p1|4
|teamsize|p2|4
|start
|switch|p1a: Aerodactyl|Aerodactyl, L50, F|100/100
|switch|p1b: Farigiraf|Farigiraf, L50, F|100/100
|switch|p2a: Milotic|Milotic, L50, F, shiny|100/100
|switch|p2b: Denji|Garchomp, L50, F|100/100
|-ability|p1a: Aerodactyl|Unnerve
|turn|1
|
|t:|1785463602
|detailschange|p1a: Aerodactyl|Aerodactyl-Mega, L50, F
|-mega|p1a: Aerodactyl|Aerodactyl|Aerodactylite
|move|p1a: Aerodactyl|Rock Slide|p2b: Denji|[spread] p2a,p2b
|-crit|p2a: Milotic
|-resisted|p2b: Denji|1
|-damage|p2a: Milotic|59/100
|-damage|p2b: Denji|85/100
|move|p2b: Denji|Dragon Claw|p1b: Farigiraf
|-damage|p1b: Farigiraf|54/100
|-damage|p2b: Denji|75/100|[from] item: Life Orb
|move|p2a: Milotic|Scald|p1a: Aerodactyl
|-supereffective|p1a: Aerodactyl|1
|-damage|p1a: Aerodactyl|29/100
|move|p1b: Farigiraf|Trick Room|p1b: Farigiraf
|-fieldstart|move: Trick Room|[of] p1b: Farigiraf
|
|-heal|p2a: Milotic|65/100|[from] item: Leftovers
|upkeep
|turn|2
|
|t:|1785463620
|switch|p1a: Sylveon|Sylveon, L50, F|100/100
|move|p2a: Milotic|Protect|p2a: Milotic
|-singleturn|p2a: Milotic|Protect
|move|p1b: Farigiraf|Thunderbolt|p2a: Milotic
|-activate|p2a: Milotic|move: Protect
|move|p2b: Denji|Rock Slide|p1b: Farigiraf|[spread] p1a,p1b
|-damage|p1a: Sylveon|67/100
|-damage|p1b: Farigiraf|34/100
|-enditem|p1b: Farigiraf|Sitrus Berry|[eat]
|-heal|p1b: Farigiraf|58/100|[from] item: Sitrus Berry
|-damage|p2b: Denji|65/100|[from] item: Life Orb
|
|-heal|p2a: Milotic|71/100|[from] item: Leftovers
|upkeep
|turn|3
|
|t:|1785463636
|switch|p2b: Charizard|Charizard, L50, M, shiny|100/100
|move|p1a: Sylveon|Hyper Voice|p2a: Milotic|[spread] p2a,p2b
|-resisted|p2b: Charizard|1
|-damage|p2a: Milotic|40/100
|-damage|p2b: Charizard|69/100
|move|p1b: Farigiraf|Thunderbolt|p2a: Milotic
|-supereffective|p2a: Milotic|1
|-damage|p2a: Milotic|6/100
|move|p2a: Milotic|Scald|p1b: Farigiraf
|-damage|p1b: Farigiraf|28/100
|
|-heal|p2a: Milotic|12/100|[from] item: Leftovers
|upkeep
|turn|4
|
|t:|1785463659
|detailschange|p2b: Charizard|Charizard-Mega-Y, L50, M, shiny
|-mega|p2b: Charizard|Charizard|Charizardite Y
|-weather|SunnyDay|[from] ability: Drought|[of] p2b: Charizard
|move|p2a: Milotic|Protect|p2a: Milotic
|-singleturn|p2a: Milotic|Protect
|move|p2b: Charizard|Protect|p2b: Charizard
|-singleturn|p2b: Charizard|Protect
|move|p1a: Sylveon|Hyper Voice|p2b: Charizard|[spread] 
|-activate|p2a: Milotic|move: Protect
|-activate|p2b: Charizard|move: Protect
|move|p1b: Farigiraf|Thunderbolt|p2b: Charizard
|-activate|p2b: Charizard|move: Protect
|
|-weather|SunnyDay|[upkeep]
|-heal|p2a: Milotic|18/100|[from] item: Leftovers
|upkeep
|turn|5
|
|t:|1785463671
|switch|p2b: Denji|Garchomp, L50, F|65/100
|move|p2a: Milotic|Protect||[still]
|-fail|p2a: Milotic
|move|p1a: Sylveon|Hyper Voice|p2a: Milotic|[spread] p2a,p2b
|-supereffective|p2b: Denji|1
|-damage|p2a: Milotic|0 fnt
|-damage|p2b: Denji|0 fnt
|faint|p2a: Milotic
|faint|p2b: Denji
|move|p1b: Farigiraf|Twin Beam|p2: Milotic|[notarget]
|-fail|p1b: Farigiraf
|
|-weather|SunnyDay|[upkeep]
|-fieldend|move: Trick Room
|upkeep
|
|t:|1785463674
|switch|p2b: PuffBall|Whimsicott, L50, M|100/100
|switch|p2a: Charizard|Charizard-Mega-Y, L50, M, shiny|69/100
|turn|6
|inactive|pokeplaygg has 30 seconds left.
|inactive|pokeplaygg has 20 seconds left.
|inactive|pokeplaygg has 15 seconds left.
|inactive|pokeplaygg has 10 seconds left.
|inactive|pokeplaygg has 5 seconds left.
|
|t:|1785463725
|move|p2b: PuffBall|Moonblast|p1a: Sylveon
|-damage|p1a: Sylveon|45/100
|move|p2a: Charizard|Heat Wave|p1a: Sylveon|[spread] p1a,p1b
|-damage|p1a: Sylveon|1/100
|-damage|p1b: Farigiraf|0 fnt
|faint|p1b: Farigiraf
|move|p1a: Sylveon|Hyper Beam|p2a: Charizard
|-resisted|p2a: Charizard|1
|-damage|p2a: Charizard|13/100
|-mustrecharge|p1a: Sylveon
|
|-weather|SunnyDay|[upkeep]
|upkeep
|
|t:|1785463749
|switch|p1b: Garchomp|Garchomp, L50, F|100/100
|turn|7
|
|t:|1785463757
|move|p2a: Charizard|Protect|p2a: Charizard
|-singleturn|p2a: Charizard|Protect
|move|p2b: PuffBall|Moonblast|p1b: Garchomp
|-supereffective|p1b: Garchomp|1
|-damage|p1b: Garchomp|15/100
|move|p1b: Garchomp|Rock Slide|p2b: PuffBall|[spread] p2b
|-activate|p2a: Charizard|move: Protect
|-damage|p2b: PuffBall|61/100
|-damage|p1b: Garchomp|5/100|[from] item: Life Orb
|cant|p1a: Sylveon|recharge
|
|-weather|SunnyDay|[upkeep]
|upkeep
|turn|8
|inactive|pokeplaygg has 30 seconds left.
|
|t:|1785463783
|move|p1b: Garchomp|Protect|p1b: Garchomp
|-singleturn|p1b: Garchomp|Protect
|move|p2b: PuffBall|Tailwind|p2b: PuffBall
|-sidestart|p2: scawy monsta|move: Tailwind
|move|p1a: Sylveon|Quick Attack|p2b: PuffBall
|-damage|p2b: PuffBall|40/100
|move|p2a: Charizard|Heat Wave|p1b: Garchomp|[spread] p1a
|-activate|p1b: Garchomp|move: Protect
|-damage|p1a: Sylveon|0 fnt
|faint|p1a: Sylveon
|
|-weather|none
|upkeep
|
|t:|1785463791
|switch|p1a: Aerodactyl|Aerodactyl-Mega, L50, F|29/100
|turn|9
|
|t:|1785463802
|move|p2b: PuffBall|Moonblast|p1a: Aerodactyl
|-damage|p1a: Aerodactyl|0 fnt
|faint|p1a: Aerodactyl
|move|p2a: Charizard|Heat Wave|p1b: Garchomp
|-resisted|p1b: Garchomp|1
|-damage|p1b: Garchomp|0 fnt
|faint|p1b: Garchomp
|
|win|scawy monsta
|raw|pokeplaygg's rating: 1275 → 1258(-17 for losing)
|raw|scawy monsta's rating: 1389 → 1403(+14 for winning)
