|j|☆DOCTVGC
|j|☆andiom123
|html|DOCTVGCandiom123    
|uhtml|bestof|Game 1 of a best-of-3
|t:|1783182300
|gametype|doubles
|player|p1|DOCTVGC|benga|1151
|player|p2|andiom123|red|1051
|gen|9
|tier|[Gen 9 Champions] VGC 2026 Reg M-B (Bo3)
|rated|
|rule|Species Clause: Limit one of each Pokémon
|rule|Item Clause: Limit 1 of each item
|clearpoke
|poke|p1|Staraptor, L50, F|
|poke|p1|Gholdengo, L50|
|poke|p1|Raichu, L50, M|
|poke|p1|Grimmsnarl, L50, M|
|poke|p1|Toxapex, L50, M|
|poke|p1|Hydreigon, L50, M|
|poke|p2|Incineroar, L50, F|
|poke|p2|Farigiraf, L50, M|
|poke|p2|Sylveon, L50, M|
|poke|p2|Torkoal, L50, F|
|poke|p2|Kangaskhan, L50, F|
|poke|p2|Mawile, L50, M|
|teampreview|4
|showteam|p1|Staraptor||Staraptite|Intimidate|Protect,BlazeKick,BraveBird,CloseCombat|Jolly||F|||50|]Gholdengo||LifeOrb|GoodasGold|Protect,NastyPlot,MakeItRain,ShadowBall|Timid|||||50|]Raichu||FocusSash|LightningRod|Protect,FakeOut,Encore,Thunderbolt|Timid||M|||50|]Grimmsnarl||IronBall|Prankster|Trick,PartingShot,Protect,SpiritBreak|Adamant||M|||50|]Toxapex||Leftovers|Regenerator|BanefulBunker,WideGuard,Toxic,Infestation|Sassy||M|||50|]Hydreigon||ChoiceScarf|Levitate|DarkPulse,EarthPower,FlashCannon,DracoMeteor|Modest||M|||50|
|showteam|p2|Incineroar||MuscleBand|Intimidate|ThroatChop,FlareBlitz,FakeOut,PartingShot|Brave||F|||50|]Farigiraf||SitrusBerry|ArmorTail|FoulPlay,Psyshock,TrickRoom,HelpingHand|Relaxed||M|||50|]Sylveon||LifeOrb|Pixilate|HyperVoice,HyperBeam,QuickAttack,Detect|Modest||M|||50|]Torkoal||Charcoal|Drought|Eruption,EarthPower,Flamethrower,Protect|Quiet||F|||50|]Kangaskhan||Kangaskhanite|Scrappy|DoubleEdge,FakeOut,IcePunch,HammerArm|Brave||F|||50|]Mawile||Mawilite|HyperCutter|RockSlide,PlayRough,SuckerPunch,Protect|Brave||M|||50|
|inactive|Battle timer is ON: inactive players will automatically lose when time's up. (requested by DOCTVGC)
|
|t:|1783182342
|teamsize|p1|4
|teamsize|p2|4
|start
|switch|p1a: Staraptor|Staraptor, L50, F|100/100
|switch|p1b: Grimmsnarl|Grimmsnarl, L50, M|100/100
|switch|p2a: Farigiraf|Farigiraf, L50, M|100/100
|switch|p2b: Incineroar|Incineroar, L50, F|100/100
|-ability|p1a: Staraptor|Intimidate|boost
|-unboost|p2a: Farigiraf|atk|1
|-unboost|p2b: Incineroar|atk|1
|-ability|p2b: Incineroar|Intimidate|boost
|-unboost|p1a: Staraptor|atk|1
|-unboost|p1b: Grimmsnarl|atk|1
|turn|1
|inactive|DOCTVGC has 30 seconds left.
|inactive|andiom123 has 30 seconds left.
|inactive|DOCTVGC has 20 seconds left.
|inactive|DOCTVGC has 15 seconds left.
|inactive|DOCTVGC has 10 seconds left.
|inactive|DOCTVGC has 5 seconds left.
|
|t:|1783182397
|move|p1a: Staraptor|Protect|p1a: Staraptor
|-singleturn|p1a: Staraptor|Protect
|move|p1b: Grimmsnarl|Trick||[still]
|cant|p2a: Farigiraf|ability: Armor Tail|Trick|[of] p1b: Grimmsnarl
|move|p2b: Incineroar|Parting Shot|p1b: Grimmsnarl
|-unboost|p1b: Grimmsnarl|atk|1
|-unboost|p1b: Grimmsnarl|spa|1
|
|t:|1783182405
|switch|p2b: Sylveon|Sylveon, L50, M|100/100|[from] Parting Shot
|move|p2a: Farigiraf|Trick Room|p2a: Farigiraf
|-fieldstart|move: Trick Room|[of] p2a: Farigiraf
|
|upkeep
|turn|2
|
|t:|1783182418
|switch|p1a: Toxapex|Toxapex, L50, M|100/100
|move|p2a: Farigiraf|Helping Hand|p2b: Sylveon
|-singleturn|p2b: Sylveon|Helping Hand|[of] p2a: Farigiraf
|move|p1b: Grimmsnarl|Spirit Break|p2b: Sylveon
|-damage|p2b: Sylveon|82/100
|-unboost|p2b: Sylveon|spa|1
|move|p2b: Sylveon|Hyper Voice|p1b: Grimmsnarl|[spread] p1a,p1b
|-resisted|p1a: Toxapex|1
|-supereffective|p1b: Grimmsnarl|1
|-damage|p1a: Toxapex|82/100
|-damage|p1b: Grimmsnarl|8/100
|-damage|p2b: Sylveon|72/100|[from] item: Life Orb
|
|-heal|p1a: Toxapex|88/100|[from] item: Leftovers
|upkeep
|turn|3
|inactive|andiom123 has 30 seconds left.
|
|t:|1783182448
|move|p1b: Grimmsnarl|Spirit Break|p2a: Farigiraf
|-damage|p2a: Farigiraf|86/100
|-unboost|p2a: Farigiraf|spa|1
|move|p1a: Toxapex|Toxic|p2a: Farigiraf
|-status|p2a: Farigiraf|tox
|move|p2a: Farigiraf|Psyshock|p1a: Toxapex
|-supereffective|p1a: Toxapex|1
|-damage|p1a: Toxapex|60/100
|move|p2b: Sylveon|Hyper Voice|p1a: Toxapex|[spread] p1a,p1b
|-resisted|p1a: Toxapex|1
|-supereffective|p1b: Grimmsnarl|1
|-damage|p1a: Toxapex|49/100
|-damage|p1b: Grimmsnarl|0 fnt
|faint|p1b: Grimmsnarl
|-damage|p2b: Sylveon|62/100|[from] item: Life Orb
|
|-heal|p1a: Toxapex|54/100|[from] item: Leftovers
|-damage|p2a: Farigiraf|80/100 tox|[from] psn
|upkeep
|
|t:|1783182465
|switch|p1b: Gholdengo|Gholdengo, L50|100/100
|turn|4
|
|t:|1783182485
|switch|p2a: Incineroar|Incineroar, L50, F|100/100
|-ability|p2a: Incineroar|Intimidate|boost
|-unboost|p1a: Toxapex|atk|1
|-unboost|p1b: Gholdengo|atk|1
|move|p2b: Sylveon|Detect|p2b: Sylveon
|-singleturn|p2b: Sylveon|Protect
|move|p1a: Toxapex|Infestation|p2a: Incineroar
|-damage|p2a: Incineroar|97/100
|-activate|p2a: Incineroar|move: Infestation|[of] p1a: Toxapex
|move|p1b: Gholdengo|Nasty Plot|p1b: Gholdengo
|-boost|p1b: Gholdengo|spa|2
|
|-heal|p1a: Toxapex|60/100|[from] item: Leftovers
|-damage|p2a: Incineroar|84/100|[from] move: Infestation|[partiallytrapped]
|upkeep
|turn|5
|
|t:|1783182509
|switch|p2b: Kangaskhan|Kangaskhan, L50, F|100/100
|move|p1b: Gholdengo|Protect|p1b: Gholdengo
|-singleturn|p1b: Gholdengo|Protect
|move|p1a: Toxapex|Toxic|p2b: Kangaskhan
|-status|p2b: Kangaskhan|tox
|move|p2a: Incineroar|Flare Blitz|p1b: Gholdengo
|-activate|p1b: Gholdengo|move: Protect
|
|-heal|p1a: Toxapex|66/100|[from] item: Leftovers
|-damage|p2b: Kangaskhan|93/100 tox|[from] psn
|-damage|p2a: Incineroar|72/100|[from] move: Infestation|[partiallytrapped]
|-fieldend|move: Trick Room
|upkeep
|turn|6
|
|t:|1783182528
|move|p2b: Kangaskhan|Fake Out|p1b: Gholdengo
|-resisted|p1b: Gholdengo|1
|-damage|p1b: Gholdengo|90/100
|cant|p1b: Gholdengo|flinch
|move|p2a: Incineroar|Flare Blitz|p1b: Gholdengo
|-supereffective|p1b: Gholdengo|1
|-damage|p1b: Gholdengo|0 fnt
|faint|p1b: Gholdengo
|-damage|p2a: Incineroar|47/100|[from] Recoil
|move|p1a: Toxapex|Infestation|p2b: Kangaskhan
|-damage|p2b: Kangaskhan|90/100 tox
|-activate|p2b: Kangaskhan|move: Infestation|[of] p1a: Toxapex
|
|-heal|p1a: Toxapex|72/100|[from] item: Leftovers
|-damage|p2b: Kangaskhan|78/100 tox|[from] psn
|-damage|p2b: Kangaskhan|66/100 tox|[from] move: Infestation|[partiallytrapped]
|-damage|p2a: Incineroar|35/100|[from] move: Infestation|[partiallytrapped]
|upkeep
|
|t:|1783182543
|switch|p1b: Staraptor|Staraptor, L50, F|100/100
|-ability|p1b: Staraptor|Intimidate|boost
|-unboost|p2a: Incineroar|atk|1
|-fail|p2b: Kangaskhan|unboost|Attack|[from] ability: Scrappy|[of] p2b: Kangaskhan
|turn|7
|
|t:|1783182560
|detailschange|p1b: Staraptor|Staraptor-Mega, L50, F
|-mega|p1b: Staraptor|Staraptor|Staraptite
|detailschange|p2b: Kangaskhan|Kangaskhan-Mega, L50, F
|-mega|p2b: Kangaskhan|Kangaskhan|Kangaskhanite
|move|p1b: Staraptor|Close Combat|p2b: Kangaskhan
|-supereffective|p2b: Kangaskhan|1
|-damage|p2b: Kangaskhan|0 fnt
|-boost|p1b: Staraptor|def|1
|-boost|p1b: Staraptor|spd|1
|faint|p2b: Kangaskhan
|move|p2a: Incineroar|Flare Blitz|p1b: Staraptor
|-damage|p1b: Staraptor|62/100
|-damage|p2a: Incineroar|25/100|[from] Recoil
|move|p1a: Toxapex|Toxic|p2a: Incineroar
|-status|p2a: Incineroar|tox
|
|-heal|p1a: Toxapex|78/100|[from] item: Leftovers
|-damage|p2a: Incineroar|19/100 tox|[from] psn
|-damage|p2a: Incineroar|6/100 tox|[from] move: Infestation|[partiallytrapped]
|upkeep
|
|t:|1783182577
|switch|p2b: Farigiraf|Farigiraf, L50, M|80/100 tox
|turn|8
|
|t:|1783182593
|move|p1b: Staraptor|Close Combat|p2b: Farigiraf
|-damage|p2b: Farigiraf|26/100 tox
|-boost|p1b: Staraptor|def|1
|-boost|p1b: Staraptor|spd|1
|-enditem|p2b: Farigiraf|Sitrus Berry|[eat]
|-heal|p2b: Farigiraf|51/100 tox|[from] item: Sitrus Berry
|move|p2a: Incineroar|Parting Shot|p1a: Toxapex
|-unboost|p1a: Toxapex|atk|1
|-unboost|p1a: Toxapex|spa|1
|
|t:|1783182606
|switch|p2a: Sylveon|Sylveon, L50, M|62/100|[from] Parting Shot
|move|p1a: Toxapex|Infestation|p2b: Farigiraf
|-supereffective|p2b: Farigiraf|1
|-damage|p2b: Farigiraf|47/100 tox
|-activate|p2b: Farigiraf|move: Infestation|[of] p1a: Toxapex
|move|p2b: Farigiraf|Trick Room|p2b: Farigiraf
|-fieldstart|move: Trick Room|[of] p2b: Farigiraf
|
|-heal|p1a: Toxapex|83/100|[from] item: Leftovers
|-damage|p2b: Farigiraf|41/100 tox|[from] psn
|-damage|p2b: Farigiraf|28/100 tox|[from] move: Infestation|[partiallytrapped]
|upkeep
|turn|9
|
|t:|1783182625
|move|p1b: Staraptor|Protect|p1b: Staraptor
|-singleturn|p1b: Staraptor|Protect
|move|p1a: Toxapex|Toxic|p2a: Sylveon
|-status|p2a: Sylveon|tox
|move|p2b: Farigiraf|Psyshock|p1a: Toxapex
|-supereffective|p1a: Toxapex|1
|-damage|p1a: Toxapex|40/100
|move|p2a: Sylveon|Hyper Beam|p1b: Staraptor
|-activate|p1b: Staraptor|move: Protect
|
|-heal|p1a: Toxapex|45/100|[from] item: Leftovers
|-damage|p2b: Farigiraf|16/100 tox|[from] psn
|-damage|p2a: Sylveon|57/100 tox|[from] psn
|-damage|p2b: Farigiraf|3/100 tox|[from] move: Infestation|[partiallytrapped]
|upkeep
|turn|10
|
|t:|1783182647
|move|p1a: Toxapex|Baneful Bunker|p1a: Toxapex
|-singleturn|p1a: Toxapex|move: Protect
|move|p2b: Farigiraf|Psyshock|p1a: Toxapex
|-activate|p1a: Toxapex|move: Protect
|move|p2a: Sylveon|Hyper Beam|p1b: Staraptor
|-supereffective|p1b: Staraptor|1
|-damage|p1b: Staraptor|0 fnt
|-mustrecharge|p2a: Sylveon
|faint|p1b: Staraptor
|-damage|p2a: Sylveon|47/100 tox|[from] item: Life Orb
|
|-heal|p1a: Toxapex|51/100|[from] item: Leftovers
|-damage|p2b: Farigiraf|0 fnt|[from] psn
|faint|p2b: Farigiraf
|-damage|p2a: Sylveon|35/100 tox|[from] psn
|upkeep
|
|t:|1783182661
|switch|p2b: Incineroar|Incineroar, L50, F|6/100 tox
|-ability|p2b: Incineroar|Intimidate|boost
|-unboost|p1a: Toxapex|atk|1
|turn|11
|
|t:|1783182670
|move|p2b: Incineroar|Fake Out|p1a: Toxapex
|-damage|p1a: Toxapex|38/100
|cant|p1a: Toxapex|flinch
|cant|p2a: Sylveon|recharge
|
|-heal|p1a: Toxapex|44/100|[from] item: Leftovers
|-damage|p2b: Incineroar|1/100 tox|[from] psn
|-damage|p2a: Sylveon|18/100 tox|[from] psn
|upkeep
|turn|12
|
|t:|1783182686
|move|p1a: Toxapex|Baneful Bunker|p1a: Toxapex
|-singleturn|p1a: Toxapex|move: Protect
|move|p2b: Incineroar|Throat Chop|p1a: Toxapex
|-activate|p1a: Toxapex|move: Protect
|move|p2a: Sylveon|Hyper Beam|p1a: Toxapex
|-activate|p1a: Toxapex|move: Protect
|
|-heal|p1a: Toxapex|50/100g|[from] item: Leftovers
|-damage|p2b: Incineroar|0 fnt|[from] psn
|faint|p2b: Incineroar
|-damage|p2a: Sylveon|0 fnt|[from] psn
|faint|p2a: Sylveon
|
|win|DOCTVGC
|inactive|DOCTVGC has 30 seconds to confirm battle start!
|inactive|andiom123 has 30 seconds to confirm battle start!
||DOCTVGC is ready for game 2.
|inactive|andiom123 has 20 seconds to confirm battle start!
||andiom123 is ready for game 2.
|uhtml|next|Next: Game 2 of 3
|l|☆DOCTVGC
|player|p1|
