|j|☆AngelLRG18
|j|☆lolgz
|html|AngelLRG18lolgz    
|uhtml|bestof|Game 3 of a best-of-3
|t:|1782274013
|gametype|doubles
|player|p1|AngelLRG18|101|1210
|player|p2|lolgz|dawn|1205
|gen|9
|tier|[Gen 9 Champions] VGC 2026 Reg M-B (Bo3)
|rated|
|rule|Species Clause: Limit one of each Pokémon
|rule|Item Clause: Limit 1 of each item
|clearpoke
|poke|p1|Swampert, L50, F|
|poke|p1|Pelipper, L50, M|
|poke|p1|Archaludon, L50, M|
|poke|p1|Metagross, L50|
|poke|p1|Sinistcha, L50|
|poke|p1|Grimmsnarl, L50, M|
|poke|p2|Torkoal, L50, F|
|poke|p2|Vileplume, L50, F|
|poke|p2|Farigiraf, L50, F|
|poke|p2|Scrafty, L50, F|
|poke|p2|Gallade, L50, M|
|poke|p2|Mawile, L50, M|
|teampreview|4
|showteam|p1|Swampert||Swampertite|Damp|Protect,IcePunch,Earthquake,WaveCrash|Adamant||F|||50|]Pelipper||FocusSash|Drizzle|WideGuard,Tailwind,Hurricane,WeatherBall|Timid||M|||50|]Archaludon||Leftovers|Stamina|Protect,FlashCannon,DragonPulse,ElectroShot|Modest||M|||50|]Metagross||Metagrossite|ClearBody|Protect,BodyPress,IcePunch,PsychicFangs|Jolly|||||50|]Sinistcha||ColburBerry|Hospitality|Protect,LifeDew,RagePowder,MatchaGotcha|Relaxed|||||50|]Grimmsnarl||LightClay|Prankster|PartingShot,Reflect,LightScreen,FoulPlay|Careful||M|||50|
|showteam|p2|Torkoal||Charcoal|Drought|Eruption,WeatherBall,EarthPower,Protect|Quiet||F|||50|]Vileplume||FocusSash|Chlorophyll|EnergyBall,SludgeBomb,SleepPowder,AfterYou|Timid||F|||50|]Farigiraf||SitrusBerry|ArmorTail|TrickRoom,Protect,Psychic,HelpingHand|Bold||F|||50|]Scrafty||Scraftinite|Intimidate|CloseCombat,KnockOff,FakeOut,RockSlide|Brave||F|||50|]Gallade||IronBall|Sharpness|SacredSword,PsychoCut,WideGuard,TrickRoom|Brave||M|||50|]Mawile||Mawilite|Intimidate|SuckerPunch,PlayRough,SwordsDance,Protect|Brave||M|||50|
|inactive|Battle timer is ON: inactive players will automatically lose when time's up. (requested by lolgz)
|
|t:|1782274034
|teamsize|p1|4
|teamsize|p2|4
|start
|switch|p1a: Grimmsnarl|Grimmsnarl, L50, M|100/100
|switch|p1b: Archaludon|Archaludon, L50, M|100/100
|switch|p2a: Farigiraf|Farigiraf, L50, F|100/100
|switch|p2b: Scrafty|Scrafty, L50, F|100/100
|-ability|p2b: Scrafty|Intimidate|boost
|-unboost|p1a: Grimmsnarl|atk|1
|-unboost|p1b: Archaludon|atk|1
|turn|1
|
|t:|1782274058
|detailschange|p2b: Scrafty|Scrafty-Mega, L50, F
|-mega|p2b: Scrafty|Scrafty|Scraftinite
|-ability|p2b: Scrafty|Intimidate|boost
|-unboost|p1a: Grimmsnarl|atk|1
|-unboost|p1b: Archaludon|atk|1
|move|p2b: Scrafty|Fake Out|p1a: Grimmsnarl
|-damage|p1a: Grimmsnarl|84/100
|cant|p1a: Grimmsnarl|flinch
|move|p1b: Archaludon|Dragon Pulse|p2b: Scrafty
|-damage|p2b: Scrafty|65/100
|move|p2a: Farigiraf|Trick Room|p2a: Farigiraf
|-fieldstart|move: Trick Room|[of] p2a: Farigiraf
|
|upkeep
|turn|2
|
|t:|1782274076
|move|p2a: Farigiraf|Helping Hand|p2b: Scrafty
|-singleturn|p2b: Scrafty|Helping Hand|[of] p2a: Farigiraf
|move|p1b: Archaludon|Protect|p1b: Archaludon
|-singleturn|p1b: Archaludon|Protect
|move|p1a: Grimmsnarl|Light Screen|p1a: Grimmsnarl
|-sidestart|p1: AngelLRG18|move: Light Screen
|move|p2b: Scrafty|Close Combat|p1b: Archaludon
|-activate|p1b: Archaludon|move: Protect
|
|upkeep
|turn|3
|
|t:|1782274097
|switch|p2a: Gallade|Gallade, L50, M|100/100
|switch|p1b: Pelipper|Pelipper, L50, M|100/100
|-weather|RainDance|[from] ability: Drizzle|[of] p1b: Pelipper
|move|p2b: Scrafty|Close Combat|p1a: Grimmsnarl
|-damage|p1a: Grimmsnarl|13/100
|-unboost|p2b: Scrafty|def|1
|-unboost|p2b: Scrafty|spd|1
|move|p1a: Grimmsnarl|Foul Play|p2a: Gallade
|-damage|p2a: Gallade|26/100
|
|-weather|RainDance|[upkeep]
|upkeep
|turn|4
|inactive|AngelLRG18 has 30 seconds left.
|inactive|AngelLRG18 has 20 seconds left.
|
|t:|1782274135
|move|p1a: Grimmsnarl|Parting Shot|p2b: Scrafty
|-hint|Since gen 7, Dark is immune to Prankster moves.
|-immune|p2b: Scrafty
|move|p2a: Gallade|Psycho Cut|p1b: Pelipper
|-damage|p1b: Pelipper|37/100
|move|p2b: Scrafty|Knock Off|p1b: Pelipper
|-damage|p1b: Pelipper|0 fnt
|-enditem|p1b: Pelipper|Focus Sash|[from] move: Knock Off|[of] p2b: Scrafty
|faint|p1b: Pelipper
|
|-weather|RainDance|[upkeep]
|upkeep
|
|t:|1782274148
|switch|p1b: Swampert|Swampert, L50, F|100/100
|turn|5
|
|t:|1782274158
|detailschange|p1b: Swampert|Swampert-Mega, L50, F
|-mega|p1b: Swampert|Swampert|Swampertite
|move|p1b: Swampert|Protect|p1b: Swampert
|-singleturn|p1b: Swampert|Protect
|move|p2a: Gallade|Sacred Sword|p1a: Grimmsnarl
|-damage|p1a: Grimmsnarl|0 fnt
|faint|p1a: Grimmsnarl
|move|p2b: Scrafty|Close Combat|p1b: Swampert
|-activate|p1b: Swampert|move: Protect
|
|-weather|RainDance|[upkeep]
|-fieldend|move: Trick Room
|upkeep
|
|t:|1782274168
|switch|p1a: Archaludon|Archaludon, L50, M|100/100
|turn|6
|
|t:|1782274181
|switch|p2b: Torkoal|Torkoal, L50, F|100/100
|-weather|SunnyDay|[from] ability: Drought|[of] p2b: Torkoal
|switch|p2a: Farigiraf|Farigiraf, L50, F|100/100
|move|p1b: Swampert|Wave Crash|p2b: Torkoal
|-supereffective|p2b: Torkoal|1
|-damage|p2b: Torkoal|51/100
|-damage|p1b: Swampert|86/100|[from] Recoil
|move|p1a: Archaludon|Dragon Pulse|p2a: Farigiraf
|-damage|p2a: Farigiraf|52/100
|
|-weather|SunnyDay|[upkeep]
|upkeep
|turn|7
|inactive|AngelLRG18 has 30 seconds left.
|inactive|AngelLRG18 has 20 seconds left.
|inactive|AngelLRG18 has 15 seconds left.
|
|t:|1782274223
|move|p1b: Swampert|Wave Crash|p2a: Farigiraf
|-damage|p2a: Farigiraf|24/100
|-enditem|p2a: Farigiraf|Sitrus Berry|[eat]
|-heal|p2a: Farigiraf|48/100|[from] item: Sitrus Berry
|-damage|p1b: Swampert|76/100|[from] Recoil
|move|p1a: Archaludon|Dragon Pulse|p2b: Torkoal
|-damage|p2b: Torkoal|0 fnt
|faint|p2b: Torkoal
|move|p2a: Farigiraf|Trick Room|p2a: Farigiraf
|-fieldstart|move: Trick Room|[of] p2a: Farigiraf
|
|-weather|SunnyDay|[upkeep]
|upkeep
|
|t:|1782274230
|switch|p2b: Gallade|Gallade, L50, M|26/100
|turn|8
|
|t:|1782274238
|move|p2a: Farigiraf|Helping Hand|p2b: Gallade
|-singleturn|p2b: Gallade|Helping Hand|[of] p2a: Farigiraf
|move|p1a: Archaludon|Protect|p1a: Archaludon
|-singleturn|p1a: Archaludon|Protect
|move|p1b: Swampert|Protect|p1b: Swampert
|-singleturn|p1b: Swampert|Protect
|move|p2b: Gallade|Sacred Sword|p1b: Swampert
|-activate|p1b: Swampert|move: Protect
|
|-weather|SunnyDay|[upkeep]
|upkeep
|turn|9
|inactive|AngelLRG18 has 30 seconds left.
|
|t:|1782274263
|move|p2b: Gallade|Sacred Sword|p1a: Archaludon
|-supereffective|p1a: Archaludon|1
|-damage|p1a: Archaludon|0 fnt
|faint|p1a: Archaludon
|move|p2a: Farigiraf|Psychic|p1b: Swampert
|-damage|p1b: Swampert|58/100
|move|p1b: Swampert|Wave Crash|p2b: Gallade
|-damage|p2b: Gallade|0 fnt
|faint|p2b: Gallade
|-damage|p1b: Swampert|51/100|[from] Recoil
|
|-weather|SunnyDay|[upkeep]
|-sideend|p1: AngelLRG18|move: Light Screen
|upkeep
|
|t:|1782274269
|switch|p2b: Scrafty|Scrafty-Mega, L50, F|65/100
|-ability|p2b: Scrafty|Intimidate|boost
|-unboost|p1b: Swampert|atk|1
|turn|10
|
|t:|1782274279
|move|p1b: Swampert|Protect|p1b: Swampert
|-singleturn|p1b: Swampert|Protect
|move|p2b: Scrafty|Close Combat|p1b: Swampert
|-activate|p1b: Swampert|move: Protect
|move|p2a: Farigiraf|Psychic|p1b: Swampert
|-activate|p1b: Swampert|move: Protect
|
|-weather|none
|upkeep
|turn|11
|
|t:|1782274290
|move|p1b: Swampert|Protect||[still]
|-fail|p1b: Swampert
|move|p2b: Scrafty|Close Combat|p1b: Swampert
|-damage|p1b: Swampert|0 fnt
|-unboost|p2b: Scrafty|def|1
|-unboost|p2b: Scrafty|spd|1
|faint|p1b: Swampert
|
|win|lolgz
|raw|AngelLRG18's rating: 1210 → 1185(-25 for losing)
|raw|lolgz's rating: 1205 → 1230(+25 for winning)
