|j|☆damian.200
|j|☆sarkysays
|html|damian.200sarkysays    
|uhtml|bestof|Game 1 of a best-of-3
|t:|1783375895
|gametype|doubles
|player|p1|damian.200|1|1048
|player|p2|sarkysays|266|1081
|gen|9
|tier|[Gen 9 Champions] VGC 2026 Reg M-B (Bo3)
|rated|
|rule|Species Clause: Limit one of each Pokémon
|rule|Item Clause: Limit 1 of each item
|clearpoke
|poke|p1|Pyroar, L50, F|
|poke|p1|Ninetales, L50, F|
|poke|p1|Whimsicott, L50, M|
|poke|p1|Farigiraf, L50, F|
|poke|p1|Basculegion, L50, M|
|poke|p1|Floette-Eternal, L50, F|
|poke|p2|Meganium, L50, F|
|poke|p2|Metagross, L50|
|poke|p2|Pelipper, L50, M|
|poke|p2|Garchomp, L50, F|
|poke|p2|Sneasler, L50, F|
|poke|p2|Volcarona, L50, F|
|teampreview|4
|showteam|p1|Pyroar||Pyroarite|Unnerve|Overheat,SolarBeam,HeatWave,Protect|Timid||F|||50|]Ninetales||ChoiceScarf|Drought|HeatWave,Overheat,SolarBeam,FakeTears|Timid||F|||50|]Whimsicott||FocusSash|Prankster|Tailwind,SunnyDay,Protect,Moonblast|Timid||M|||50|]Farigiraf||SitrusBerry|ArmorTail|HelpingHand,TwinBeam,Thunderbolt,TrickRoom|Bold||F|||50|]Basculegion||LifeOrb|Adaptability|WaveCrash,AquaJet,LastRespects,Protect|Adamant||M|||50|]Floette-Eternal||Floettite|FlowerVeil|DazzlingGleam,Moonblast,LightofRuin,Protect|Modest||F|||50|
|showteam|p2|Meganium||Meganiumite|Overgrow|DazzlingGleam,SolarBeam,Protect,WeatherBall|Modest||F|||50|]Metagross||LifeOrb|ClearBody|PsychicFangs,BulletPunch,IronHead,Protect|Jolly|||||50|]Pelipper||MysticWater|Drizzle|Hurricane,WeatherBall,IceBeam,WideGuard|Modest||M|||50|]Garchomp||Leftovers|RoughSkin|StompingTantrum,DragonClaw,RockSlide,Protect|Jolly||F|||50|]Sneasler||MentalHerb|Unburden|CloseCombat,FakeOut,DireClaw,Protect|Adamant||F|||50|]Volcarona||FocusSash|FlameBody|RagePowder,Tailwind,HeatWave,LightScreen|Calm||F|||50|
|inactive|Battle timer is ON: inactive players will automatically lose when time's up. (requested by sarkysays)
|
|t:|1783375917
|teamsize|p1|4
|teamsize|p2|4
|start
|switch|p1a: Farigiraf|Farigiraf, L50, F|100/100
|switch|p1b: Basculegion|Basculegion, L50, M|100/100
|switch|p2a: Meganium|Meganium, L50, F|100/100
|switch|p2b: Volcarona|Volcarona, L50, F|100/100
|turn|1
|inactive|sarkysays has 30 seconds left.
|inactive|sarkysays has 20 seconds left.
|
|t:|1783375954
|detailschange|p2a: Meganium|Meganium-Mega, L50, F
|-mega|p2a: Meganium|Meganium|Meganiumite
|move|p1b: Basculegion|Protect|p1b: Basculegion
|-singleturn|p1b: Basculegion|Protect
|move|p2a: Meganium|Solar Beam||[still]
|-prepare|p2a: Meganium|Solar Beam
|-activate|p2a: Meganium|ability: Mega Sol
|-anim|p2a: Meganium|Solar Beam|p1a: Farigiraf
|-damage|p1a: Farigiraf|40/100
|-enditem|p1a: Farigiraf|Sitrus Berry|[eat]
|-heal|p1a: Farigiraf|65/100|[from] item: Sitrus Berry
|move|p2b: Volcarona|Heat Wave|p1b: Basculegion|[spread] p1a
|-activate|p1b: Basculegion|move: Protect
|-damage|p1a: Farigiraf|39/100
|move|p1a: Farigiraf|Trick Room|p1a: Farigiraf
|-fieldstart|move: Trick Room|[of] p1a: Farigiraf
|
|upkeep
|turn|2
|inactive|sarkysays has 30 seconds left.
|
|t:|1783375984
|move|p1a: Farigiraf|Helping Hand|p1b: Basculegion
|-singleturn|p1b: Basculegion|Helping Hand|[of] p1a: Farigiraf
|move|p1b: Basculegion|Wave Crash|p2b: Volcarona
|-supereffective|p2b: Volcarona|1
|-enditem|p2b: Volcarona|Focus Sash
|-damage|p2b: Volcarona|1/100
|-damage|p1b: Basculegion|71/100|[from] Recoil
|-damage|p1b: Basculegion|61/100|[from] item: Life Orb
|move|p2b: Volcarona|Light Screen|p2b: Volcarona
|-sidestart|p2: sarkysays|move: Light Screen
|move|p2a: Meganium|Solar Beam||[still]
|-prepare|p2a: Meganium|Solar Beam
|-activate|p2a: Meganium|ability: Mega Sol
|-anim|p2a: Meganium|Solar Beam|p1b: Basculegion
|-supereffective|p1b: Basculegion|1
|-damage|p1b: Basculegion|0 fnt
|faint|p1b: Basculegion
|
|upkeep
|
|t:|1783375988
|switch|p1b: Ninetales|Ninetales, L50, F|100/100
|-weather|SunnyDay|[from] ability: Drought|[of] p1b: Ninetales
|turn|3
|
|t:|1783376005
|switch|p2b: Pelipper|Pelipper, L50, M|100/100
|-weather|RainDance|[from] ability: Drizzle|[of] p2b: Pelipper
|move|p2a: Meganium|Protect|p2a: Meganium
|-singleturn|p2a: Meganium|Protect
|move|p1a: Farigiraf|Twin Beam|p2a: Meganium
|-activate|p2a: Meganium|move: Protect
|move|p1b: Ninetales|Heat Wave|p2b: Pelipper|[spread] p2b
|-activate|p2a: Meganium|move: Protect
|-resisted|p2b: Pelipper|1
|-damage|p2b: Pelipper|94/100
|
|-weather|RainDance|[upkeep]
|upkeep
|turn|4
|inactive|sarkysays has 30 seconds left.
|inactive|sarkysays has 20 seconds left.
|
|t:|1783376043
|switch|p1b: Pyroar|Pyroar, L50, F|100/100
|-ability|p1b: Pyroar|Unnerve
|move|p2b: Pelipper|Weather Ball|p1b: Pyroar
|-supereffective|p1b: Pyroar|1
|-damage|p1b: Pyroar|0 fnt
|faint|p1b: Pyroar
|move|p1a: Farigiraf|Thunderbolt|p2b: Pelipper
|-supereffective|p2b: Pelipper|2
|-damage|p2b: Pelipper|9/100
|move|p2a: Meganium|Solar Beam||[still]
|-prepare|p2a: Meganium|Solar Beam
|-activate|p2a: Meganium|ability: Mega Sol
|-anim|p2a: Meganium|Solar Beam|p1a: Farigiraf
|-damage|p1a: Farigiraf|0 fnt
|faint|p1a: Farigiraf
|
|-weather|RainDance|[upkeep]
|upkeep
|
|t:|1783376051
|switch|p1b: Ninetales|Ninetales, L50, F|100/100
|-weather|SunnyDay|[from] ability: Drought|[of] p1b: Ninetales
|turn|5
|
|t:|1783376068
|move|p2b: Pelipper|Wide Guard|p2b: Pelipper
|-singleturn|p2b: Pelipper|Wide Guard
|move|p2a: Meganium|Solar Beam||[still]
|-prepare|p2a: Meganium|Solar Beam
|-anim|p2a: Meganium|Solar Beam|p1b: Ninetales
|-resisted|p1b: Ninetales|1
|-damage|p1b: Ninetales|52/100
|move|p1b: Ninetales|Heat Wave|p2b: Pelipper|[spread] 
|-activate|p2a: Meganium|move: Wide Guard
|-activate|p2b: Pelipper|move: Wide Guard
|
|-weather|SunnyDay|[upkeep]
|-fieldend|move: Trick Room
|upkeep
|turn|6
|
|t:|1783376086
|move|p1b: Ninetales|Heat Wave|p2b: Pelipper|[spread] p2a,p2b
|-supereffective|p2a: Meganium|1
|-resisted|p2b: Pelipper|1
|-damage|p2a: Meganium|43/100
|-damage|p2b: Pelipper|0 fnt
|faint|p2b: Pelipper
|move|p2a: Meganium|Solar Beam||[still]
|-prepare|p2a: Meganium|Solar Beam
|-anim|p2a: Meganium|Solar Beam|p1b: Ninetales
|-resisted|p1b: Ninetales|1
|-damage|p1b: Ninetales|7/100
|
|-weather|SunnyDay|[upkeep]
|-sideend|p2: sarkysays|move: Light Screen
|upkeep
|
|t:|1783376093
|switch|p2b: Garchomp|Garchomp, L50, F|100/100
|turn|7
|
|t:|1783376098
|move|p1b: Ninetales|Heat Wave|p2b: Garchomp|[spread] p2a,p2b
|-supereffective|p2a: Meganium|1
|-resisted|p2b: Garchomp|1
|-damage|p2a: Meganium|0 fnt
|-damage|p2b: Garchomp|77/100
|faint|p2a: Meganium
|move|p2b: Garchomp|Rock Slide|p1b: Ninetales
|-supereffective|p1b: Ninetales|1
|-damage|p1b: Ninetales|0 fnt
|faint|p1b: Ninetales
|
|win|sarkysays
