|j|☆axcoquette
|j|☆ffrostik
|html|axcoquetteffrostik    
|uhtml|bestof|Game 2 of a best-of-3
|t:|1783450909
|gametype|doubles
|player|p1|axcoquette|maid|1176
|player|p2|ffrostik|101|1090
|gen|9
|tier|[Gen 9 Champions] VGC 2026 Reg M-B (Bo3)
|rated|
|rule|Species Clause: Limit one of each Pokémon
|rule|Item Clause: Limit 1 of each item
|clearpoke
|poke|p1|Delphox, L50, F|
|poke|p1|Sneasler, L50, M|
|poke|p1|Sinistcha, L50|
|poke|p1|Incineroar, L50, F|
|poke|p1|Kingambit, L50, F|
|poke|p1|Floette-Eternal, L50, F|
|poke|p2|Blastoise, L50, F|
|poke|p2|Pelipper, L50, M|
|poke|p2|Sableye, L50, F|
|poke|p2|Raichu, L50, M|
|poke|p2|Excadrill, L50, M|
|poke|p2|Farigiraf, L50, M|
|teampreview|4
|showteam|p1|Delphox||Delphoxite|Blaze|Protect,NastyPlot,HeatWave,Psychic|Timid||F|||50|]Sneasler||FocusSash|Unburden|Protect,FakeOut,DireClaw,CloseCombat|Jolly||M|||50|]Sinistcha||KasibBerry|Hospitality|Protect,RagePowder,MatchaGotcha,LifeDew|Bold|||||50|]Incineroar||SitrusBerry|Intimidate|FakeOut,FlareBlitz,HelpingHand,PartingShot|Careful||F|||50|]Kingambit||BlackGlasses|Defiant|KowtowCleave,SwordsDance,SuckerPunch,Protect|Adamant||F|||50|]Floette-Eternal||Floettite|FlowerVeil|Moonblast,DazzlingGleam,CalmMind,Protect|Modest||F|||50|
|showteam|p2|Blastoise||Blastoisinite|Torrent|AuraSphere,DarkPulse,WaterSpout,Protect|Modest||F|||50|]Pelipper||FocusSash|Drizzle|Hurricane,MuddyWater,WideGuard,Tailwind|Timid||M|||50|]Sableye||RoseliBerry|Prankster|RainDance,Taunt,ThunderWave,Quash|Careful||F|||50|]Raichu||SitrusBerry|LightningRod|Thunderbolt,Protect,Nuzzle,FakeOut|Timid||M|||50|]Excadrill||LifeOrb|MoldBreaker|BrickBreak,HighHorsepower,IronHead,Protect|Jolly||M|||50|]Farigiraf||ColburBerry|ArmorTail|GrassKnot,TwinBeam,HelpingHand,TrickRoom|Calm||M|||50|
|inactive|Battle timer is ON: inactive players will automatically lose when time's up. (requested by axcoquette)
|inactive|ffrostik has 60 seconds left.
|inactive|ffrostik has 30 seconds left.
|
|t:|1783450974
|teamsize|p1|4
|teamsize|p2|4
|start
|switch|p1a: Floette|Floette-Eternal, L50, F|100/100
|switch|p1b: Sneasler|Sneasler, L50, M|100/100
|switch|p2a: Blastoise|Blastoise, L50, F|100/100
|switch|p2b: Farigiraf|Farigiraf, L50, M|100/100
|turn|1
|
|t:|1783450994
|switch|p2a: Excadrill|Excadrill, L50, M|100/100
|-ability|p2a: Excadrill|Mold Breaker
|detailschange|p1a: Floette|Floette-Mega, L50, F
|-mega|p1a: Floette|Floette|Floettite
|-ability|p1a: Floette|Fairy Aura
|move|p1b: Sneasler|Close Combat|p2a: Excadrill
|-supereffective|p2a: Excadrill|1
|-crit|p2a: Excadrill
|-damage|p2a: Excadrill|0 fnt
|-unboost|p1b: Sneasler|def|1
|-unboost|p1b: Sneasler|spd|1
|faint|p2a: Excadrill
|move|p1a: Floette|Dazzling Gleam|p2b: Farigiraf
|-damage|p2b: Farigiraf|52/100
|move|p2b: Farigiraf|Twin Beam|p1b: Sneasler
|-supereffective|p1b: Sneasler|2
|-enditem|p1b: Sneasler|Focus Sash
|-damage|p1b: Sneasler|1/100
|-supereffective|p1b: Sneasler|2
|-crit|p1b: Sneasler
|-damage|p1b: Sneasler|0 fnt
|faint|p1b: Sneasler
|-hitcount|p1: Sneasler|2
|
|upkeep
|inactive|ffrostik has 30 seconds left.
|
|t:|1783451026
|switch|p1b: Kingambit|Kingambit, L50, F|100/100
|switch|p2a: Pelipper|Pelipper, L50, M|100/100
|-weather|RainDance|[from] ability: Drizzle|[of] p2a: Pelipper
|turn|2
|inactive|ffrostik has 30 seconds left.
|
|t:|1783451055
|move|p1a: Floette|Moonblast|p2b: Farigiraf
|-damage|p2b: Farigiraf|0 fnt
|faint|p2b: Farigiraf
|move|p2a: Pelipper|Tailwind|p2a: Pelipper
|-sidestart|p2: ffrostik|move: Tailwind
|move|p1b: Kingambit|Swords Dance|p1b: Kingambit
|-boost|p1b: Kingambit|atk|2
|
|-weather|RainDance|[upkeep]
|upkeep
|
|t:|1783451066
|switch|p2b: Blastoise|Blastoise, L50, F|100/100
|turn|3
|
|t:|1783451084
|detailschange|p2b: Blastoise|Blastoise-Mega, L50, F
|-mega|p2b: Blastoise|Blastoise|Blastoisinite
|move|p2b: Blastoise|Protect|p2b: Blastoise
|-singleturn|p2b: Blastoise|Protect
|move|p1b: Kingambit|Sucker Punch||[still]
|-fail|p1b: Kingambit
|move|p2a: Pelipper|Muddy Water|p1a: Floette|[spread] p1a
|-miss|p2a: Pelipper|p1b: Kingambit
|-damage|p1a: Floette|64/100
|-unboost|p1a: Floette|accuracy|1
|move|p1a: Floette|Moonblast|p2a: Pelipper
|-enditem|p2a: Pelipper|Focus Sash
|-damage|p2a: Pelipper|1/100
|-unboost|p2a: Pelipper|spa|1
|
|-weather|RainDance|[upkeep]
|upkeep
|turn|4
|inactive|axcoquette has 30 seconds left.
|inactive|ffrostik has 30 seconds left.
|
|t:|1783451116
|move|p1b: Kingambit|Sucker Punch|p2b: Blastoise
|-damage|p2b: Blastoise|10/100
|move|p2b: Blastoise|Aura Sphere|p1b: Kingambit
|-supereffective|p1b: Kingambit|2
|-crit|p1b: Kingambit
|-damage|p1b: Kingambit|0 fnt
|faint|p1b: Kingambit
|move|p2a: Pelipper|Muddy Water|p1a: Floette
|-damage|p1a: Floette|28/100
|move|p1a: Floette|Moonblast|p2b: Blastoise|[miss]
|-miss|p1a: Floette|p2b: Blastoise
|
|-weather|RainDance|[upkeep]
|upkeep
|
|t:|1783451127
|switch|p1b: Sinistcha|Sinistcha, L50|100/100
|-heal|p1a: Floette|52/100|[from] ability: Hospitality|[of] p1b: Sinistcha
|turn|5
|
|t:|1783451141
|move|p2b: Blastoise|Protect|p2b: Blastoise
|-singleturn|p2b: Blastoise|Protect
|move|p1a: Floette|Protect|p1a: Floette
|-singleturn|p1a: Floette|Protect
|move|p1b: Sinistcha|Protect|p1b: Sinistcha
|-singleturn|p1b: Sinistcha|Protect
|move|p2a: Pelipper|Hurricane|p1b: Sinistcha
|-activate|p1b: Sinistcha|move: Protect
|
|-weather|RainDance|[upkeep]
|-sideend|p2: ffrostik|move: Tailwind
|upkeep
|turn|6
|inactive|ffrostik has 30 seconds left.
|
|t:|1783451168
|move|p2a: Pelipper|Wide Guard|p2a: Pelipper
|-singleturn|p2a: Pelipper|Wide Guard
|move|p1b: Sinistcha|Rage Powder|p1b: Sinistcha
|-singleturn|p1b: Sinistcha|move: Rage Powder
|move|p1a: Floette|Moonblast|p2a: Pelipper
|-damage|p2a: Pelipper|0 fnt
|faint|p2a: Pelipper
|move|p2b: Blastoise|Dark Pulse|p1b: Sinistcha
|-supereffective|p1b: Sinistcha|1
|-damage|p1b: Sinistcha|0 fnt
|faint|p1b: Sinistcha
|
|-weather|none
|upkeep
|turn|7
|inactive|ffrostik has 30 seconds left.
|
|t:|1783451200
|move|p1a: Floette|Moonblast|p2b: Blastoise
|-damage|p2b: Blastoise|0 fnt
|faint|p2b: Blastoise
|
|win|axcoquette
|raw|axcoquette's rating: 1176 → 1195(+19 for winning)
|raw|ffrostik's rating: 1090 → 1072(-18 for losing)
