|j|☆tailmyroom
|j|☆BiomboVGC
|html|tailmyroomBiomboVGC    
|uhtml|bestof|Game 2 of a best-of-3
|t:|1755866951
|gametype|doubles
|player|p1|tailmyroom|scientist-gen4dp|1174
|player|p2|BiomboVGC|will|1309
|gen|9
|tier|[Gen 9] VGC 2025 Reg H (Bo3)
|rated|
|rule|Species Clause: Limit one of each Pokémon
|rule|Item Clause: Limit 1 of each item
|clearpoke
|poke|p1|Gholdengo, L50|
|poke|p1|Sneasler, L50, M|
|poke|p1|Rillaboom, L50, F|
|poke|p1|Dragonite, L50, M|
|poke|p1|Ninetales-Alola, L50, F|
|poke|p1|Arcanine-Hisui, L50, M|
|poke|p2|Maushold-Four, L50|
|poke|p2|Annihilape, L50, F|
|poke|p2|Klefki, L50, M|
|poke|p2|Ursaluna-Bloodmoon, L50, M|
|poke|p2|Sneasler, L50, M|
|poke|p2|Rillaboom, L50, M|
|teampreview|4
|showteam|p1|Gholdengo||GrassySeed|GoodasGold|NastyPlot,MakeItRain,ShadowBall,Protect||||||50|,,,,,Water]Sneasler||WhiteHerb|Unburden|CloseCombat,DireClaw,Coaching,Protect|||M|||50|,,,,,Ghost]Rillaboom||AssaultVest|GrassySurge|FakeOut,GrassyGlide,DrumBeating,HighHorsepower|||F|||50|,,,,,Fire]Dragonite||LoadedDice|Multiscale|ScaleShot,StompingTantrum,Tailwind,Protect|||M|||50|,,,,,Ground]Ninetales-Alola||FocusSash|SnowWarning|Blizzard,IcyWind,Encore,AuroraVeil|||F|||50|,,,,,Ghost]Arcanine-Hisui||ClearAmulet|Intimidate|RockSlide,FlareBlitz,ExtremeSpeed,Protect|||M|||50|,,,,,Water
|showteam|p2|Maushold-Four||SafetyGoggles|FriendGuard|Protect,FollowMe,Taunt,BeatUp||||||50|,,,,,Ghost]Annihilape||Leftovers|Defiant|Protect,BulkUp,RageFist,DrainPunch|||F|||50|,,,,,Fire]Klefki||LightClay|Prankster|Reflect,LightScreen,ThunderWave,DazzlingGleam|||M|||50|,,,,,Ghost]Ursaluna-Bloodmoon||AssaultVest|MindsEye|HyperVoice,BloodMoon,EarthPower,VacuumWave|||M|||50|,,,,,Ghost]Sneasler||FocusSash|Unburden|Protect,DireClaw,CloseCombat,ThroatChop|||M|||50|,,,,,Stellar]Rillaboom||LoadedDice|GrassySurge|FakeOut,GrassyGlide,BulletSeed,Uturn|||M|||50|,,,,,Grass
|inactive|Battle timer is ON: inactive players will automatically lose when time's up. (requested by BiomboVGC)
|
|t:|1755866974
|teamsize|p1|4
|teamsize|p2|4
|start
|switch|p1a: Dragonite|Dragonite, L50, M|100/100
|switch|p1b: Sneasler|Sneasler, L50, M|100/100
|switch|p2a: Los Ramírez|Maushold-Four, L50|100/100
|switch|p2b: 雨景色|Annihilape, L50, F|100/100
|turn|1
|inactive|BiomboVGC has 30 seconds left.
|
|t:|1755867003
|switch|p2a: 沁み込む|Klefki, L50, M|100/100
|move|p2b: 雨景色|Protect|p2b: 雨景色
|-singleturn|p2b: 雨景色|Protect
|move|p1b: Sneasler|Coaching|p1a: Dragonite
|-boost|p1a: Dragonite|atk|1
|-boost|p1a: Dragonite|def|1
|move|p1a: Dragonite|Scale Shot|p2a: 沁み込む
|-immune|p2a: 沁み込む
|
|upkeep
|turn|2
|inactive|tailmyroom has 30 seconds left.
|
|t:|1755867029
|-terastallize|p1a: Dragonite|Ground
|move|p2a: 沁み込む|Reflect|p2a: 沁み込む
|-sidestart|p2: BiomboVGC|Reflect
|move|p1b: Sneasler|Coaching|p1a: Dragonite
|-boost|p1a: Dragonite|atk|1
|-boost|p1a: Dragonite|def|1
|move|p2b: 雨景色|Bulk Up|p2b: 雨景色
|-boost|p2b: 雨景色|atk|1
|-boost|p2b: 雨景色|def|1
|move|p1a: Dragonite|Stomping Tantrum|p2a: 沁み込む
|-supereffective|p2a: 沁み込む
|-damage|p2a: 沁み込む|0 fnt
|faint|p2a: 沁み込む
|
|upkeep
|
|t:|1755867043
|switch|p2a: Los Ramírez|Maushold-Four, L50|100/100
|turn|3
|
|t:|1755867056
|move|p2a: Los Ramírez|Beat Up|p2b: 雨景色
|-damage|p2b: 雨景色|99/100
|-damage|p2b: 雨景色|98/100
|-damage|p2b: 雨景色|96/100
|-hitcount|p2b: 雨景色|3
|move|p1b: Sneasler|Close Combat|p2a: Los Ramírez
|-supereffective|p2a: Los Ramírez
|-damage|p2a: Los Ramírez|0 fnt
|-unboost|p1b: Sneasler|def|1
|-unboost|p1b: Sneasler|spd|1
|faint|p2a: Los Ramírez
|-enditem|p1b: Sneasler|White Herb
|-clearnegativeboost|p1b: Sneasler|[silent]
|move|p2b: 雨景色|Rage Fist|p1b: Sneasler
|-damage|p1b: Sneasler|0 fnt
|faint|p1b: Sneasler
|move|p1a: Dragonite|Tailwind|p1a: Dragonite
|-sidestart|p1: tailmyroom|move: Tailwind
|
|-heal|p2b: 雨景色|100/100|[from] item: Leftovers
|upkeep
|inactive|tailmyroom has 30 seconds left.
|
|t:|1755867082
|switch|p2a: アンコールダンス|Sneasler, L50, M|100/100
|switch|p1b: Rillaboom|Rillaboom, L50, F|100/100
|-fieldstart|move: Grassy Terrain|[from] ability: Grassy Surge|[of] p1b: Rillaboom
|turn|4
|
|t:|1755867099
|move|p2a: アンコールダンス|Protect|p2a: アンコールダンス
|-singleturn|p2a: アンコールダンス|Protect
|move|p1b: Rillaboom|Fake Out|p2a: アンコールダンス
|-activate|p2a: アンコールダンス|move: Protect
|move|p1a: Dragonite|Scale Shot|p2b: 雨景色
|-damage|p2b: 雨景色|86/100
|-damage|p2b: 雨景色|72/100
|-damage|p2b: 雨景色|59/100
|-damage|p2b: 雨景色|44/100
|-damage|p2b: 雨景色|30/100
|-hitcount|p2b: 雨景色|5
|-unboost|p1a: Dragonite|def|1
|-boost|p1a: Dragonite|spe|1
|move|p2b: 雨景色|Rage Fist|p1b: Rillaboom
|-damage|p1b: Rillaboom|0 fnt
|faint|p1b: Rillaboom
|
|-heal|p2b: 雨景色|36/100|[from] Grassy Terrain
|-heal|p2b: 雨景色|42/100|[from] item: Leftovers
|upkeep
|
|t:|1755867115
|switch|p1b: Gholdengo|Gholdengo, L50|100/100
|-enditem|p1b: Gholdengo|Grassy Seed
|-boost|p1b: Gholdengo|def|1|[from] item: Grassy Seed
|turn|5
|
|t:|1755867129
|move|p2b: 雨景色|Protect|p2b: 雨景色
|-singleturn|p2b: 雨景色|Protect
|move|p1a: Dragonite|Scale Shot|p2a: アンコールダンス
|-damage|p2a: アンコールダンス|68/100
|-damage|p2a: アンコールダンス|33/100
|-damage|p2a: アンコールダンス|0 fnt
|faint|p2a: アンコールダンス
|-hitcount|p2: アンコールダンス|3
|-unboost|p1a: Dragonite|def|1
|-boost|p1a: Dragonite|spe|1
|move|p1b: Gholdengo|Shadow Ball|p2b: 雨景色
|-activate|p2b: 雨景色|move: Protect
|
|-heal|p2b: 雨景色|49/100|[from] Grassy Terrain
|-heal|p2b: 雨景色|55/100|[from] item: Leftovers
|upkeep
|turn|6
|inactive|BiomboVGC has 30 seconds left.
|
|t:|1755867157
|move|p1a: Dragonite|Scale Shot|p2b: 雨景色|[miss]
|-miss|p1a: Dragonite|p2b: 雨景色
|move|p1b: Gholdengo|Shadow Ball|p2b: 雨景色
|-supereffective|p2b: 雨景色
|-damage|p2b: 雨景色|0 fnt
|faint|p2b: 雨景色
|
|win|tailmyroom
|raw|tailmyroom's rating: 1174 → 1208(+34 for winning)
|raw|BiomboVGC's rating: 1309 → 1282(-27 for losing)
