|j|☆fdaza
|j|☆psychic system
|html|fdazapsychic system    
|uhtml|bestof|Game 2 of a best-of-3
|t:|1757775043
|gametype|doubles
|player|p1|fdaza|steven|1086
|player|p2|psychic system|dawn|1100
|gen|9
|tier|[Gen 9] VGC 2025 Reg H (Bo3)
|rated|
|rule|Species Clause: Limit one of each Pokémon
|rule|Item Clause: Limit 1 of each item
|clearpoke
|poke|p1|Gholdengo, L50|
|poke|p1|Sneasler, L50, F|
|poke|p1|Incineroar, L50, F|
|poke|p1|Weezing, L50, M|
|poke|p1|Talonflame, L50, F|
|poke|p1|Slaking, L50, M|
|poke|p2|Incineroar, L50, F|
|poke|p2|Florges, L50, F|
|poke|p2|Amoonguss, L50, F|
|poke|p2|Pelipper, L50, M|
|poke|p2|Garchomp, L50, F|
|poke|p2|Rillaboom, L50, F|
|teampreview|4
|showteam|p1|Gholdengo||ChoiceSpecs|GoodasGold|MakeItRain,ShadowBall,Thunderbolt,PowerGem||||||50|,,,,,Water]Sneasler||FocusSash|PoisonTouch|ThroatChop,DireClaw,CloseCombat,Protect|||F|||50|,,,,,Stellar]Incineroar||AbilityShield|Intimidate|FakeOut,FlareBlitz,KnockOff,PartingShot|||F|||50|,,,,,Ghost]Weezing||Leftovers|NeutralizingGas|Haze,SludgeBomb,Protect,WillOWisp|||M|||50|,,,,,Flying]Talonflame||CovertCloak|GaleWings|BraveBird,Taunt,Tailwind,Protect|||F|||50|,,,,,Fire]Slaking||ChoiceBand|Truant|DoubleEdge,HighHorsepower,SuckerPunch,PlayRough|||M|||50|,,,,,Ghost
|showteam|p2|Incineroar||SafetyGoggles|Intimidate|FakeOut,KnockOff,FlareBlitz,PartingShot|||F|||50|,,,,,Ghost]Florges||Leftovers|FlowerVeil|Moonblast,DazzlingGleam,CalmMind,Protect|||F|||50|,,,,,Poison]Amoonguss||SitrusBerry|Regenerator|ClearSmog,Spore,PollenPuff,RagePowder|||F|||50|,,,,,Water]Pelipper||ChoiceScarf|Drizzle|MuddyWater,Hurricane,IcyWind,WeatherBall|||M|||50|,,,,,Water]Garchomp||ClearAmulet|RoughSkin|StompingTantrum,DragonClaw,SwordsDance,Protect|||F|||50|,,,,,Poison]Rillaboom||AssaultVest|GrassySurge|DrumBeating,GrassyGlide,HighHorsepower,FakeOut|||F|||50|,,,,,Fire
|inactive|Battle timer is ON: inactive players will automatically lose when time's up. (requested by psychic system)
|inactive|psychic system has 60 seconds left.
|inactive|psychic system has 30 seconds left.
|inactive|psychic system has 20 seconds left.
|inactive|psychic system has 15 seconds left.
|inactive|psychic system has 10 seconds left.
|inactive|psychic system has 5 seconds left.
|
|t:|1757775133
|teamsize|p1|4
|teamsize|p2|4
|start
|switch|p1a: Weezing|Weezing, L50, M, shiny|100/100
|switch|p1b: Talonflame|Talonflame, L50, F|100/100
|switch|p2a: Rillaboom|Rillaboom, L50, F|100/100
|switch|p2b: Florges|Florges, L50, F|100/100
|-ability|p1a: Weezing|Neutralizing Gas
|turn|1
|inactive|psychic system has 30 seconds left.
|inactive|psychic system has 20 seconds left.
|inactive|psychic system has 15 seconds left.
|
|t:|1757775174
|switch|p2a: Garchomp|Garchomp, L50, F|100/100
|move|p1b: Talonflame|Tailwind|p1b: Talonflame
|-sidestart|p1: fdaza|move: Tailwind
|move|p1a: Weezing|Sludge Bomb|p2b: Florges
|-supereffective|p2b: Florges
|-damage|p2b: Florges|62/100
|-status|p2b: Florges|psn
|move|p2b: Florges|Moonblast|p1a: Weezing
|-resisted|p1a: Weezing
|-damage|p1a: Weezing|77/100
|
|-heal|p1a: Weezing|83/100|[from] item: Leftovers
|-heal|p2b: Florges|68/100 psn|[from] item: Leftovers
|-damage|p2b: Florges|56/100 psn|[from] psn
|upkeep
|turn|2
|inactive|fdaza has 30 seconds left.
|
|t:|1757775200
|-terastallize|p1a: Weezing|Flying
|move|p1b: Talonflame|Brave Bird|p2a: Garchomp
|-damage|p2a: Garchomp|61/100
|-damage|p1b: Talonflame|84/100|[from] Recoil
|move|p1a: Weezing|Will-O-Wisp|p2a: Garchomp
|-status|p2a: Garchomp|brn
|move|p2a: Garchomp|Swords Dance|p2a: Garchomp
|-boost|p2a: Garchomp|atk|2
|move|p2b: Florges|Moonblast|p1a: Weezing
|-damage|p1a: Weezing|30/100
|-unboost|p1a: Weezing|spa|1
|
|-heal|p1a: Weezing|37/100|[from] item: Leftovers
|-heal|p2b: Florges|62/100 psn|[from] item: Leftovers
|-damage|p2b: Florges|49/100 psn|[from] psn
|-damage|p2a: Garchomp|55/100 brn|[from] brn
|upkeep
|turn|3
|inactive|fdaza has 30 seconds left.
|inactive|psychic system has 30 seconds left.
|inactive|psychic system has 20 seconds left.
|
|t:|1757775237
|move|p1b: Talonflame|Brave Bird|p2b: Florges
|-damage|p2b: Florges|5/100 psn
|-damage|p1b: Talonflame|67/100|[from] Recoil
|move|p1a: Weezing|Haze|p1a: Weezing
|-clearallboost
|move|p2a: Garchomp|Dragon Claw|p1b: Talonflame
|-damage|p1b: Talonflame|37/100
|move|p2b: Florges|Moonblast|p1b: Talonflame
|-resisted|p1b: Talonflame
|-damage|p1b: Talonflame|4/100
|
|-heal|p1a: Weezing|43/100|[from] item: Leftovers
|-heal|p2b: Florges|11/100 psn|[from] item: Leftovers
|-damage|p2b: Florges|0 fnt|[from] psn
|faint|p2b: Florges
|-damage|p2a: Garchomp|49/100 brn|[from] brn
|upkeep
|
|t:|1757775256
|switch|p2b: Rillaboom|Rillaboom, L50, F|100/100
|turn|4
|
|t:|1757775266
|switch|p1b: Incineroar|Incineroar, L50, F, shiny|100/100
|-ability|p1b: Incineroar|Intimidate|boost
|-fail|p2a: Garchomp|unboost|[from] item: Clear Amulet|[of] p2a: Garchomp
|-unboost|p2b: Rillaboom|atk|1
|move|p2b: Rillaboom|Fake Out|p1b: Incineroar
|-damage|p1b: Incineroar|92/100
|move|p1a: Weezing|Will-O-Wisp|p2b: Rillaboom
|-status|p2b: Rillaboom|brn
|move|p2a: Garchomp|Dragon Claw|p1a: Weezing
|-damage|p1a: Weezing|30/100
|
|-heal|p1a: Weezing|36/100|[from] item: Leftovers
|-damage|p2a: Garchomp|43/100 brn|[from] brn
|-damage|p2b: Rillaboom|95/100 brn|[from] brn
|-sideend|p1: fdaza|move: Tailwind
|upkeep
|turn|5
|
|t:|1757775285
|move|p1b: Incineroar|Fake Out|p2a: Garchomp
|-damage|p2a: Garchomp|33/100 brn
|cant|p2a: Garchomp|flinch
|move|p2b: Rillaboom|High Horsepower|p1b: Incineroar
|-supereffective|p1b: Incineroar
|-damage|p1b: Incineroar|75/100
|move|p1a: Weezing|Sludge Bomb|p2b: Rillaboom
|-supereffective|p2b: Rillaboom
|-crit|p2b: Rillaboom
|-damage|p2b: Rillaboom|44/100 brn
|
|-heal|p1a: Weezing|42/100|[from] item: Leftovers
|-damage|p2a: Garchomp|27/100 brn|[from] brn
|-damage|p2b: Rillaboom|39/100 brn|[from] brn
|upkeep
|turn|6
|
|t:|1757775302
|switch|p1b: Talonflame|Talonflame, L50, F|4/100
|move|p1a: Weezing|Protect|p1a: Weezing
|-singleturn|p1a: Weezing|Protect
|move|p2a: Garchomp|Swords Dance|p2a: Garchomp
|-boost|p2a: Garchomp|atk|2
|move|p2b: Rillaboom|High Horsepower|p1b: Talonflame
|-immune|p1b: Talonflame
|
|-heal|p1a: Weezing|49/100|[from] item: Leftovers
|-damage|p2a: Garchomp|21/100 brn|[from] brn
|-damage|p2b: Rillaboom|33/100 brn|[from] brn
|upkeep
|turn|7
|
|t:|1757775318
|move|p1b: Talonflame|Tailwind|p1b: Talonflame
|-sidestart|p1: fdaza|move: Tailwind
|move|p1a: Weezing|Sludge Bomb|p2a: Garchomp
|-resisted|p2a: Garchomp
|-damage|p2a: Garchomp|7/100 brn
|move|p2a: Garchomp|Dragon Claw|p1a: Weezing
|-damage|p1a: Weezing|23/100
|move|p2b: Rillaboom|Drum Beating|p1b: Talonflame
|-resisted|p1b: Talonflame
|-damage|p1b: Talonflame|0 fnt
|faint|p1b: Talonflame
|
|-heal|p1a: Weezing|29/100|[from] item: Leftovers
|-damage|p2a: Garchomp|1/100 brn|[from] brn
|-damage|p2b: Rillaboom|27/100 brn|[from] brn
|upkeep
|
|t:|1757775332
|switch|p1b: Incineroar|Incineroar, L50, F, shiny|75/100
|-ability|p1b: Incineroar|Intimidate|boost
|-fail|p2a: Garchomp|unboost|[from] item: Clear Amulet|[of] p2a: Garchomp
|-unboost|p2b: Rillaboom|atk|1
|turn|8
|
|t:|1757775341
|move|p1b: Incineroar|Fake Out|p2a: Garchomp
|-damage|p2a: Garchomp|0 fnt
|faint|p2a: Garchomp
|move|p1a: Weezing|Sludge Bomb|p2b: Rillaboom
|-supereffective|p2b: Rillaboom
|-damage|p2b: Rillaboom|0 fnt
|faint|p2b: Rillaboom
|
|-heal|p1a: Weezing|35/100|[from] item: Leftovers
|upkeep
|-message|psychic system forfeited.
|
|win|fdaza
||psychic system is ready for game 3.
|l|☆fdaza
|player|p1|
||fdaza is ready for game 3.
|uhtml|next|Next: Game 3 of 3
