|j|☆Jowell g
|j|☆viatles
|html|Jowell gviatles    
|uhtml|bestof|Game 1 of a best-of-3
|t:|1785721990
|gametype|doubles
|player|p1|Jowell g|102|1000
|player|p2|viatles|hiker|1044
|gen|9
|tier|[Gen 9 Champions] VGC 2026 Reg M-B (Bo3)
|rated|
|rule|Species Clause: Limit one of each Pokémon
|rule|Item Clause: Limit 1 of each item
|clearpoke
|poke|p1|Sylveon, L50, M|
|poke|p1|Farigiraf, L50, M|
|poke|p1|Aerodactyl, L50, F|
|poke|p1|Garchomp, L50, F|
|poke|p1|Kingambit, L50, M|
|poke|p1|Basculegion, L50, M|
|poke|p2|Beedrill, L50, F, shiny|
|poke|p2|Milotic, L50, F, shiny|
|poke|p2|Farigiraf, L50, F|
|poke|p2|Palafin, L50, F|
|poke|p2|Sableye, L50, M|
|poke|p2|Raichu, L50, F|
|teampreview|4
|showteam|p1|Sylveon||FairyFeather|Pixilate|HyperVoice,HyperBeam,QuickAttack,Protect|Bold||M|||50|]Farigiraf||MentalHerb|ArmorTail|TwinBeam,Thunder,TrickRoom,Protect|Bold||M|||50|]Aerodactyl||Aerodactylite|RockHead|Tailwind,IronHead,RockSlide,Protect|Jolly||F|||50|]Garchomp||Garchompite|RoughSkin|DragonClaw,Earthquake,RockSlide,Protect|Impish||F|||50|]Kingambit||BlackGlasses|Defiant|KowtowCleave,SuckerPunch,IronHead,Protect|Serious||M|||50|]Basculegion||LifeOrb|Adaptability|WaveCrash,AquaJet,LastRespects,Protect|Careful||M|||50|
|showteam|p2|Beedrill||Beedrillite|Swarm|Uturn,DrillRun,PoisonJab,Protect|Jolly||F|||50|]Milotic||Leftovers|Competitive|IceBeam,Scald,Protect,Recover|Bold||F|||50|]Farigiraf||ColburBerry|ArmorTail|TrickRoom,Thunderbolt,TwinBeam,RainDance|Bold||F|||50|]Palafin||MysticWater|ZerotoHero|JetPunch,WaveCrash,Protect,DrainPunch|Adamant||F|||50|]Sableye||RoseliBerry|Prankster|FakeOut,FoulPlay,RainDance,Quash|Sassy||M|||50|]Raichu||RaichuniteY|LightningRod|FakeOut,ZapCannon,FocusBlast,Protect|Timid||F|||50|
|c|☆viatles|gl hf
|inactive|Battle timer is ON: inactive players will automatically lose when time's up. (requested by viatles)
|inactive|Jowell g has 60 seconds left.
|inactive|viatles has 60 seconds left.
|inactive|Jowell g has 30 seconds left.
|inactive|Jowell g has 20 seconds left.
|inactive|Jowell g has 15 seconds left.
|inactive|Jowell g has 10 seconds left.
|inactive|Jowell g has 5 seconds left.
|
|t:|1785722087
|teamsize|p1|4
|teamsize|p2|4
|start
|switch|p1a: Sylveon|Sylveon, L50, M|100/100
|switch|p1b: Farigiraf|Farigiraf, L50, M|100/100
|switch|p2a: Wife's favorite|Palafin, L50, F|100/100
|switch|p2b: Pentious|Milotic, L50, F, shiny|100/100
|turn|1
|inactive|Jowell g has 30 seconds left.
|inactive|Jowell g has 20 seconds left.
|inactive|Jowell g has 15 seconds left.
|inactive|Jowell g has 10 seconds left.
|
|t:|1785722136
|detailschange|p2a: Wife's favorite|Palafin-Hero, L50, F
|switch|p2a: Raichu|Raichu, L50, F|100/100
|move|p1b: Farigiraf|Protect|p1b: Farigiraf
|-singleturn|p1b: Farigiraf|Protect
|move|p1a: Sylveon|Hyper Voice|p2a: Raichu|[spread] p2a,p2b
|-damage|p2a: Raichu|38/100
|-damage|p2b: Pentious|66/100
|move|p2b: Pentious|Scald|p1a: Sylveon
|-damage|p1a: Sylveon|76/100
|
|-heal|p2b: Pentious|72/100|[from] item: Leftovers
|upkeep
|turn|2
|inactive|Jowell g has 30 seconds left.
|inactive|viatles has 30 seconds left.
|inactive|Jowell g has 20 seconds left.
|inactive|Jowell g has 15 seconds left.
|inactive|Jowell g has 10 seconds left.
|inactive|Jowell g has 5 seconds left.
|
|t:|1785722186
|detailschange|p2a: Raichu|Raichu-Mega-Y, L50, F
|-mega|p2a: Raichu|Raichu|Raichunite Y
|move|p2a: Raichu|Zap Cannon|p1b: Farigiraf
|-damage|p1b: Farigiraf|41/100
|-status|p1b: Farigiraf|par
|move|p1a: Sylveon|Hyper Voice|p2b: Pentious|[spread] p2a,p2b
|-damage|p2a: Raichu|0 fnt
|-damage|p2b: Pentious|42/100
|faint|p2a: Raichu
|move|p2b: Pentious|Ice Beam|p1b: Farigiraf
|-damage|p1b: Farigiraf|22/100 par
|move|p1b: Farigiraf|Twin Beam|p2b: Pentious
|-damage|p2b: Pentious|31/100
|-damage|p2b: Pentious|18/100
|-hitcount|p2b: Pentious|2
|
|-heal|p2b: Pentious|25/100|[from] item: Leftovers
|upkeep
|
|t:|1785722203
|switch|p2a: Wife's favorite|Palafin-Hero, L50, F|100/100
|-activate|p2a: Wife's favorite|ability: Zero to Hero
|turn|3
|inactive|Jowell g has 30 seconds left.
|
|t:|1785722228
|move|p1b: Farigiraf|Protect|p1b: Farigiraf
|-singleturn|p1b: Farigiraf|Protect
|move|p2a: Wife's favorite|Wave Crash|p1a: Sylveon
|-damage|p1a: Sylveon|0 fnt
|faint|p1a: Sylveon
|-damage|p2a: Wife's favorite|78/100|[from] Recoil
|move|p2b: Pentious|Recover|p2b: Pentious
|-heal|p2b: Pentious|75/100
|
|-heal|p2b: Pentious|81/100|[from] item: Leftovers
|upkeep
|
|t:|1785722236
|switch|p1a: Aerodactyl|Aerodactyl, L50, F|100/100
|turn|4
|
|t:|1785722259
|detailschange|p1a: Aerodactyl|Aerodactyl-Mega, L50, F
|-mega|p1a: Aerodactyl|Aerodactyl|Aerodactylite
|move|p1a: Aerodactyl|Rock Slide|p2b: Pentious|[spread] p2a,p2b
|-crit|p2a: Wife's favorite
|-damage|p2a: Wife's favorite|38/100
|-damage|p2b: Pentious|56/100
|cant|p2a: Wife's favorite|flinch
|move|p2b: Pentious|Ice Beam|p1b: Farigiraf
|-damage|p1b: Farigiraf|1/100 par
|move|p1b: Farigiraf|Twin Beam|p2a: Wife's favorite
|-crit|p2a: Wife's favorite
|-damage|p2a: Wife's favorite|17/100
|-damage|p2a: Wife's favorite|4/100
|-hitcount|p2a: Wife's favorite|2
|
|-heal|p2b: Pentious|62/100|[from] item: Leftovers
|upkeep
|turn|5
|inactive|Jowell g has 30 seconds left.
|inactive|Jowell g has 20 seconds left.
|
|t:|1785722296
|move|p2a: Wife's favorite|Protect|p2a: Wife's favorite
|-singleturn|p2a: Wife's favorite|Protect
|move|p1b: Farigiraf|Protect|p1b: Farigiraf
|-singleturn|p1b: Farigiraf|Protect
|move|p1a: Aerodactyl|Rock Slide|p2b: Pentious|[spread] p2b
|-activate|p2a: Wife's favorite|move: Protect
|-damage|p2b: Pentious|37/100
|move|p2b: Pentious|Scald|p1a: Aerodactyl
|-supereffective|p1a: Aerodactyl|1
|-damage|p1a: Aerodactyl|24/100
|
|-heal|p2b: Pentious|43/100|[from] item: Leftovers
|upkeep
|turn|6
|
|t:|1785722319
|switch|p2a: Farigiraf|Farigiraf, L50, F|100/100
|switch|p1b: Garchomp|Garchomp, L50, F|100/100
|move|p1a: Aerodactyl|Rock Slide|p2a: Farigiraf|[spread] p2a,p2b
|-damage|p2a: Farigiraf|78/100
|-damage|p2b: Pentious|15/100
|move|p2b: Pentious|Scald|p1b: Garchomp
|-damage|p1b: Garchomp|63/100
|
|-heal|p2b: Pentious|21/100|[from] item: Leftovers
|upkeep
|turn|7
|inactive|Jowell g has 30 seconds left.
|inactive|Jowell g has 20 seconds left.
|
|t:|1785722358
|move|p2b: Pentious|Protect|p2b: Pentious
|-singleturn|p2b: Pentious|Protect
|move|p1a: Aerodactyl|Rock Slide|p2a: Farigiraf|[spread] p2a
|-activate|p2b: Pentious|move: Protect
|-damage|p2a: Farigiraf|54/100
|move|p1b: Garchomp|Dragon Claw|p2a: Farigiraf
|-damage|p2a: Farigiraf|25/100
|move|p2a: Farigiraf|Trick Room|p2a: Farigiraf
|-fieldstart|move: Trick Room|[of] p2a: Farigiraf
|
|-heal|p2b: Pentious|28/100|[from] item: Leftovers
|upkeep
|turn|8
|inactive|Jowell g has 30 seconds left.
|
|t:|1785722392
|switch|p1a: Farigiraf|Farigiraf, L50, M|1/100 par
|move|p1b: Garchomp|Protect|p1b: Garchomp
|-singleturn|p1b: Garchomp|Protect
|move|p2a: Farigiraf|Thunderbolt|p1a: Farigiraf
|-damage|p1a: Farigiraf|0 fnt
|faint|p1a: Farigiraf
|move|p2b: Pentious|Ice Beam|p1b: Garchomp
|-activate|p1b: Garchomp|move: Protect
|
|-heal|p2b: Pentious|34/100|[from] item: Leftovers
|upkeep
|
|t:|1785722408
|switch|p1a: Aerodactyl|Aerodactyl-Mega, L50, F|24/100
|turn|9
|
|t:|1785722419
|move|p1a: Aerodactyl|Protect|p1a: Aerodactyl
|-singleturn|p1a: Aerodactyl|Protect
|move|p2a: Farigiraf|Thunderbolt|p1a: Aerodactyl
|-activate|p1a: Aerodactyl|move: Protect
|move|p2b: Pentious|Ice Beam|p1b: Garchomp
|-supereffective|p1b: Garchomp|2
|-damage|p1b: Garchomp|0 fnt
|faint|p1b: Garchomp
|
|-heal|p2b: Pentious|40/100|[from] item: Leftovers
|upkeep
|turn|10
|-message|Jowell g forfeited.
|
|win|viatles
|l|☆Jowell g
|player|p1|
|raw|Jowell g's rating: 1000 → 1000(+0 for losing)
|raw|viatles's rating: 1044 → 1073(+29 for winning)
