|j|☆Mirthinion
|j|☆bimbo mafioso
|html|Mirthinionbimbo mafioso    
|uhtml|bestof|Game 3 of a best-of-3
|t:|1757706987
|gametype|doubles
|player|p1|Mirthinion|veteran|1211
|player|p2|bimbo mafioso|swimmerf|1168
|gen|9
|tier|[Gen 9] VGC 2025 Reg H (Bo3)
|rated|
|rule|Species Clause: Limit one of each Pokémon
|rule|Item Clause: Limit 1 of each item
|clearpoke
|poke|p1|Incineroar, L50, M|
|poke|p1|Ursaluna, L50, M|
|poke|p1|Gholdengo, L50|
|poke|p1|Murkrow, L50, M|
|poke|p1|Annihilape, L50, F|
|poke|p1|Sinistcha, L50|
|poke|p2|Amoonguss, L50, M|
|poke|p2|Incineroar, L50, F|
|poke|p2|Gholdengo, L50|
|poke|p2|Dragonite, L50, F|
|poke|p2|Ursaluna-Bloodmoon, L50, M|
|poke|p2|Sneasler, L50, F|
|teampreview|4
|showteam|p1|Incineroar||SafetyGoggles|Intimidate|FakeOut,PartingShot,KnockOff,FlareBlitz|||M|||50|,,,,,Bug]Ursaluna||FlameOrb|Guts|Protect,Facade,HeadlongRush,Earthquake|||M|||50|,,,,,Ghost]Gholdengo||LifeOrb|GoodasGold|Protect,NastyPlot,ShadowBall,MakeItRain||||||50|,,,,,Water]Murkrow||Eviolite|Prankster|Tailwind,RainDance,FoulPlay,Haze|||M|||50|,,,,,Ghost]Annihilape||Leftovers|Defiant|Protect,BulkUp,RageFist,DrainPunch|||F|||50|,,,,,Fire]Sinistcha||SitrusBerry|Hospitality|TrickRoom,MatchaGotcha,RagePowder,LifeDew||||||50|,,,,,Dark
|showteam|p2|Amoonguss||SitrusBerry|Regenerator|Spore,RagePowder,PollenPuff,Protect|||M|||50|,,,,,Water]Incineroar||SafetyGoggles|Intimidate|FakeOut,KnockOff,FlareBlitz,PartingShot|||F|||50|,,,,,Ghost]Gholdengo||LifeOrb|GoodasGold|MakeItRain,ShadowBall,NastyPlot,Protect||||||50|,,,,,Water]Dragonite||LoadedDice|Multiscale|ScaleShot,Tailwind,Haze,Protect|||F|||50|,,,,,Fairy]Ursaluna-Bloodmoon||AssaultVest|MindsEye|HyperVoice,EarthPower,BloodMoon,VacuumWave|||M|||50|,,,,,Water]Sneasler||FocusSash|Unburden|CloseCombat,DireClaw,ThroatChop,Protect|||F|||50|,,,,,Stellar
|inactive|Battle timer is ON: inactive players will automatically lose when time's up. (requested by Mirthinion)
|inactive|bimbo mafioso also wants the timer to be on.
|inactive|bimbo mafioso has 60 seconds left.
|
|t:|1757707024
|teamsize|p1|4
|teamsize|p2|4
|start
|switch|p1a: Annihilape|Annihilape, L50, F|100/100
|switch|p1b: Sinistcha|Sinistcha, L50|100/100
|switch|p2a: X2VR|Ursaluna-Bloodmoon, L50, M|100/100
|switch|p2b: Famoso|Dragonite, L50, F|100/100
|turn|1
|inactive|Mirthinion has 30 seconds left.
|inactive|bimbo mafioso has 30 seconds left.
|
|t:|1757707050
|move|p1b: Sinistcha|Rage Powder|p1b: Sinistcha
|-singleturn|p1b: Sinistcha|move: Rage Powder
|move|p1a: Annihilape|Bulk Up|p1a: Annihilape
|-boost|p1a: Annihilape|atk|1
|-boost|p1a: Annihilape|def|1
|move|p2b: Famoso|Scale Shot|p1b: Sinistcha
|-damage|p1b: Sinistcha|88/100
|-damage|p1b: Sinistcha|75/100
|-damage|p1b: Sinistcha|61/100
|-damage|p1b: Sinistcha|48/100
|-enditem|p1b: Sinistcha|Sitrus Berry|[eat]
|-heal|p1b: Sinistcha|73/100|[from] item: Sitrus Berry
|-damage|p1b: Sinistcha|59/100
|-hitcount|p1b: Sinistcha|5
|-unboost|p2b: Famoso|def|1
|-boost|p2b: Famoso|spe|1
|move|p2a: X2VR|Blood Moon|p1b: Sinistcha
|-damage|p1b: Sinistcha|0 fnt
|faint|p1b: Sinistcha
|
|upkeep
|
|t:|1757707070
|switch|p1b: Incineroar|Incineroar, L50, M|100/100
|-ability|p1b: Incineroar|Intimidate|boost
|-unboost|p2a: X2VR|atk|1
|-unboost|p2b: Famoso|atk|1
|turn|2
|
|t:|1757707086
|-terastallize|p2a: X2VR|Water
|move|p2b: Famoso|Protect|p2b: Famoso
|-singleturn|p2b: Famoso|Protect
|move|p1b: Incineroar|Fake Out|p2b: Famoso
|-activate|p2b: Famoso|move: Protect
|move|p1a: Annihilape|Drain Punch|p2a: X2VR
|-damage|p2a: X2VR|69/100
|move|p2a: X2VR|Earth Power|p1b: Incineroar
|-supereffective|p1b: Incineroar
|-damage|p1b: Incineroar|10/100
|
|upkeep
|turn|3
|
|t:|1757707105
|switch|p1b: Gholdengo|Gholdengo, L50|100/100
|move|p2b: Famoso|Scale Shot|p1b: Gholdengo
|-resisted|p1b: Gholdengo
|-damage|p1b: Gholdengo|95/100
|-resisted|p1b: Gholdengo
|-damage|p1b: Gholdengo|89/100
|-resisted|p1b: Gholdengo
|-damage|p1b: Gholdengo|84/100
|-resisted|p1b: Gholdengo
|-crit|p1b: Gholdengo
|-damage|p1b: Gholdengo|71/100
|-hitcount|p1b: Gholdengo|4
|-unboost|p2b: Famoso|def|1
|-boost|p2b: Famoso|spe|1
|move|p1a: Annihilape|Rage Fist|p2a: X2VR
|-damage|p2a: X2VR|45/100
|move|p2a: X2VR|Blood Moon|p1a: Annihilape
|-damage|p1a: Annihilape|23/100
|
|-heal|p1a: Annihilape|29/100|[from] item: Leftovers
|upkeep
|turn|4
|inactive|Mirthinion has 30 seconds left.
|
|t:|1757707139
|move|p1a: Annihilape|Protect|p1a: Annihilape
|-singleturn|p1a: Annihilape|Protect
|move|p2b: Famoso|Tailwind|p2b: Famoso
|-sidestart|p2: bimbo mafioso|move: Tailwind
|move|p2a: X2VR|Hyper Voice|p1b: Gholdengo|[spread] p1b
|-activate|p1a: Annihilape|move: Protect
|-resisted|p1b: Gholdengo
|-damage|p1b: Gholdengo|49/100
|move|p1b: Gholdengo|Shadow Ball|p2a: X2VR
|-damage|p2a: X2VR|0 fnt
|faint|p2a: X2VR
|-damage|p1b: Gholdengo|39/100|[from] item: Life Orb
|
|-heal|p1a: Annihilape|35/100|[from] item: Leftovers
|upkeep
|c|☆bimbo mafioso|risky here
|
|t:|1757707149
|switch|p2a: Rockstar|Gholdengo, L50|100/100
|turn|5
|inactive|Mirthinion has 30 seconds left.
|
|t:|1757707179
|switch|p1b: Incineroar|Incineroar, L50, M|10/100
|-ability|p1b: Incineroar|Intimidate|boost
|-unboost|p2a: Rockstar|atk|1
|-unboost|p2b: Famoso|atk|1
|-terastallize|p1a: Annihilape|Fire
|move|p2b: Famoso|Scale Shot|p1a: Annihilape
|-damage|p1a: Annihilape|30/100
|-crit|p1a: Annihilape
|-damage|p1a: Annihilape|8/100
|-damage|p1a: Annihilape|3/100
|-damage|p1a: Annihilape|0 fnt
|faint|p1a: Annihilape
|-hitcount|p1: Annihilape|4
|-unboost|p2b: Famoso|def|1
|-boost|p2b: Famoso|spe|1
|move|p2a: Rockstar|Make It Rain|p1b: Incineroar
|-resisted|p1b: Incineroar
|-damage|p1b: Incineroar|0 fnt
|-unboost|p2a: Rockstar|spa|1
|faint|p1b: Incineroar
|-damage|p2a: Rockstar|91/100|[from] item: Life Orb
|
|upkeep
|c|☆Mirthinion|oof. XP the tailwind was a good call
|
|t:|1757707202
|switch|p1a: Gholdengo|Gholdengo, L50|39/100
|turn|6
|
|t:|1757707209
|move|p1a: Gholdengo|Protect|p1a: Gholdengo
|-singleturn|p1a: Gholdengo|Protect
|move|p2b: Famoso|Haze|p2b: Famoso
|-clearallboost
|move|p2a: Rockstar|Shadow Ball|p1a: Gholdengo
|-activate|p1a: Gholdengo|move: Protect
|
|upkeep
|turn|7
|
|t:|1757707222
|switch|p2b: Sfera Ebbasta|Incineroar, L50, F|100/100
|-ability|p2b: Sfera Ebbasta|Intimidate|boost
|-unboost|p1a: Gholdengo|atk|1
|move|p2a: Rockstar|Shadow Ball|p1a: Gholdengo
|-supereffective|p1a: Gholdengo
|-damage|p1a: Gholdengo|0 fnt
|faint|p1a: Gholdengo
|-damage|p2a: Rockstar|82/100|[from] item: Life Orb
|
|win|bimbo mafioso
|raw|Mirthinion's rating: 1211 → 1183(-28 for losing)
|raw|bimbo mafioso's rating: 1168 → 1196(+28 for winning)
|c|☆Mirthinion|gg
|c|☆bimbo mafioso|ggs
