|j|☆Ianuarius
|j|☆Alecat
|html|IanuariusAlecat    
|uhtml|bestof|Game 2 of a best-of-3
|t:|1756361447
|gametype|doubles
|player|p1|Ianuarius|cynthia-gen4|1000
|player|p2|Alecat|scientistf|1005
|gen|9
|tier|[Gen 9] VGC 2025 Reg H (Bo3)
|rated|
|rule|Species Clause: Limit one of each Pokémon
|rule|Item Clause: Limit 1 of each item
|clearpoke
|poke|p1|Ursaluna-Bloodmoon, L50, M|
|poke|p1|Porygon2, L50|
|poke|p1|Volcarona, L50, F|
|poke|p1|Incineroar, L50, M|
|poke|p1|Dragonite, L50, F|
|poke|p1|Sneasler, L50, F|
|poke|p2|Pawmot, L50, M|
|poke|p2|Gyarados, L50, M|
|poke|p2|Volcarona, L50, F|
|poke|p2|Murkrow, L50, F|
|poke|p2|Incineroar, L50, F|
|poke|p2|Archaludon, L50, F|
|teampreview|4
|showteam|p1|Ursaluna-Bloodmoon||AssaultVest|MindsEye|BloodMoon,HyperVoice,EarthPower,VacuumWave|||M|||50|,,,,,Normal]Porygon2||Eviolite|Trace|IceBeam,Thunderbolt,Recover,TrickRoom||||||50|,,,,,Ghost]Volcarona||SitrusBerry|FlameBody|HeatWave,GigaDrain,QuiverDance,Protect|||F|||50|,,,,,Grass]Incineroar||SafetyGoggles|Intimidate|KnockOff,FakeOut,PartingShot,FlareBlitz|||M|||50|,,,,,Ghost]Dragonite||LoadedDice|Multiscale|ScaleShot,Protect,ExtremeSpeed,Haze|||F|||50|,,,,,Fairy]Sneasler||FocusSash|PoisonTouch|CloseCombat,DireClaw,ThroatChop,FakeOut|||F|||50|,,,,,Dark
|showteam|p2|Pawmot||FocusSash|VoltAbsorb|DoubleShock,Coaching,CloseCombat,Protect|||M|||50|,,,,,Electric]Gyarados||ClearAmulet|Moxie|Waterfall,DragonDance,Earthquake,Protect|||M|||50|,,,,,Ground]Volcarona||SitrusBerry|FlameBody|Overheat,StruggleBug,RagePowder,Tailwind|||F|||50|,,,,,Grass]Murkrow||Eviolite|Prankster|FoulPlay,RainDance,Tailwind,SunnyDay|||F|||50|,,,,,Dark]Incineroar||AssaultVest|Intimidate|FlareBlitz,FakeOut,Taunt,KnockOff|||F|||50|,,,,,Ghost]Archaludon||PowerHerb|Stalwart|DragonTail,FlashCannon,ElectroShot,Protect|||F|||50|,,,,,Grass
|inactive|Battle timer is ON: inactive players will automatically lose when time's up. (requested by Alecat)
|inactive|Ianuarius has 60 seconds left.
|
|t:|1756361478
|teamsize|p1|4
|teamsize|p2|4
|start
|switch|p1a: Porygon2|Porygon2, L50|100/100
|switch|p1b: Volcarona|Volcarona, L50, F|100/100
|switch|p2a: Incineroar|Incineroar, L50, F|100/100
|switch|p2b: Murkrow|Murkrow, L50, F|100/100
|-ability|p2a: Incineroar|Intimidate|boost
|-unboost|p1a: Porygon2|atk|1
|-unboost|p1b: Volcarona|atk|1
|-ability|p1a: Porygon2|Intimidate|Trace|[from] ability: Trace|[of] p2a: Incineroar
|-ability|p1a: Porygon2|Intimidate|boost
|-unboost|p2a: Incineroar|atk|1
|-unboost|p2b: Murkrow|atk|1
|turn|1
|inactive|Ianuarius has 30 seconds left.
|inactive|Ianuarius has 20 seconds left.
|
|t:|1756361517
|switch|p1b: Ursaluna|Ursaluna-Bloodmoon, L50, M|100/100
|move|p2b: Murkrow|Sunny Day|p2b: Murkrow
|-weather|SunnyDay
|move|p2a: Incineroar|Flare Blitz|p1b: Ursaluna
|-damage|p1b: Ursaluna|61/100
|-damage|p2a: Incineroar|87/100|[from] Recoil
|move|p1a: Porygon2|Trick Room|p1a: Porygon2
|-fieldstart|move: Trick Room|[of] p1a: Porygon2
|
|-weather|SunnyDay|[upkeep]
|upkeep
|turn|2
|inactive|Ianuarius has 30 seconds left.
|
|t:|1756361544
|switch|p2a: Pawmot|Pawmot, L50, M|100/100
|move|p1b: Ursaluna|Blood Moon|p2b: Murkrow
|-damage|p2b: Murkrow|37/100
|move|p1a: Porygon2|Ice Beam|p2b: Murkrow
|-supereffective|p2b: Murkrow
|-damage|p2b: Murkrow|2/100
|move|p2b: Murkrow|Foul Play|p1b: Ursaluna
|-damage|p1b: Ursaluna|46/100
|
|-weather|SunnyDay|[upkeep]
|upkeep
|turn|3
|
|t:|1756361566
|move|p2a: Pawmot|Protect|p2a: Pawmot
|-singleturn|p2a: Pawmot|Protect
|move|p1b: Ursaluna|Hyper Voice|p2a: Pawmot|[spread] p2b
|-activate|p2a: Pawmot|move: Protect
|-damage|p2b: Murkrow|0 fnt
|faint|p2b: Murkrow
|move|p1a: Porygon2|Ice Beam|p2a: Pawmot
|-activate|p2a: Pawmot|move: Protect
|
|-weather|SunnyDay|[upkeep]
|upkeep
|
|t:|1756361575
|switch|p2b: Incineroar|Incineroar, L50, F|87/100
|-ability|p2b: Incineroar|Intimidate|boost
|-unboost|p1a: Porygon2|atk|1
|-unboost|p1b: Ursaluna|atk|1
|turn|4
|inactive|Ianuarius has 30 seconds left.
|
|t:|1756361604
|switch|p1b: Volcarona|Volcarona, L50, F|100/100
|move|p2b: Incineroar|Fake Out|p1a: Porygon2
|-damage|p1a: Porygon2|94/100
|cant|p1a: Porygon2|flinch
|move|p2a: Pawmot|Close Combat|p1a: Porygon2
|-supereffective|p1a: Porygon2
|-damage|p1a: Porygon2|34/100
|-unboost|p2a: Pawmot|def|1
|-unboost|p2a: Pawmot|spd|1
|
|-weather|SunnyDay|[upkeep]
|upkeep
|turn|5
|
|t:|1756361628
|move|p2a: Pawmot|Protect|p2a: Pawmot
|-singleturn|p2a: Pawmot|Protect
|move|p1a: Porygon2|Recover|p1a: Porygon2
|-heal|p1a: Porygon2|84/100
|move|p2b: Incineroar|Flare Blitz|p1a: Porygon2
|-damage|p1a: Porygon2|42/100
|-damage|p2b: Incineroar|73/100|[from] Recoil
|move|p1b: Volcarona|Heat Wave|p2b: Incineroar|[spread] p2b
|-activate|p2a: Pawmot|move: Protect
|-resisted|p2b: Incineroar
|-crit|p2b: Incineroar
|-damage|p2b: Incineroar|45/100
|
|-weather|none
|-fieldend|move: Trick Room
|upkeep
|turn|6
|inactive|Ianuarius has 30 seconds left.
|
|t:|1756361660
|move|p2a: Pawmot|Double Shock|p1a: Porygon2
|-damage|p1a: Porygon2|10/100
|-start|p2a: Pawmot|typechange|???/Fighting|[from] move: Double Shock
|move|p1b: Volcarona|Quiver Dance|p1b: Volcarona
|-boost|p1b: Volcarona|spa|1
|-boost|p1b: Volcarona|spd|1
|-boost|p1b: Volcarona|spe|1
|move|p2b: Incineroar|Knock Off|p1b: Volcarona
|-damage|p1b: Volcarona|47/100
|-enditem|p1b: Volcarona|Sitrus Berry|[from] move: Knock Off|[of] p2b: Incineroar
|move|p1a: Porygon2|Trick Room|p1a: Porygon2
|-fieldstart|move: Trick Room|[of] p1a: Porygon2
|
|upkeep
|turn|7
|inactive|Ianuarius has 30 seconds left.
|inactive|Alecat has 30 seconds left.
|inactive|Ianuarius has 20 seconds left.
|
|t:|1756361696
|move|p2a: Pawmot|Protect|p2a: Pawmot
|-singleturn|p2a: Pawmot|Protect
|move|p1b: Volcarona|Protect|p1b: Volcarona
|-singleturn|p1b: Volcarona|Protect
|move|p1a: Porygon2|Ice Beam|p2b: Incineroar
|-resisted|p2b: Incineroar
|-damage|p2b: Incineroar|37/100
|move|p2b: Incineroar|Flare Blitz|p1b: Volcarona
|-activate|p1b: Volcarona|move: Protect
|
|upkeep
|turn|8
|inactive|Ianuarius has 30 seconds left.
|
|t:|1756361730
|switch|p1a: Ursaluna|Ursaluna-Bloodmoon, L50, M|46/100
|move|p2b: Incineroar|Flare Blitz|p1b: Volcarona
|-damage|p1b: Volcarona|0 fnt
|faint|p1b: Volcarona
|-damage|p2b: Incineroar|22/100|[from] Recoil
|move|p2a: Pawmot|Close Combat|p1a: Ursaluna
|-supereffective|p1a: Ursaluna
|-damage|p1a: Ursaluna|0 fnt
|-unboost|p2a: Pawmot|def|1
|-unboost|p2a: Pawmot|spd|1
|faint|p1a: Ursaluna
|
|upkeep
|
|t:|1756361746
|switch|p1a: Porygon2|Porygon2, L50|10/100
|switch|p1b: Sneasler|Sneasler, L50, F|100/100
|-ability|p1a: Porygon2|Intimidate|Trace|[from] ability: Trace|[of] p2b: Incineroar
|-ability|p1a: Porygon2|Intimidate|boost
|-unboost|p2a: Pawmot|atk|1
|-unboost|p2b: Incineroar|atk|1
|turn|9
|
|t:|1756361768
|switch|p2a: Archaludon|Archaludon, L50, F|100/100
|move|p1b: Sneasler|Fake Out|p2b: Incineroar
|-damage|p2b: Incineroar|8/100
|-status|p2b: Incineroar|psn|[from] ability: Poison Touch|[of] p1b: Sneasler
|move|p1a: Porygon2|Ice Beam|p2b: Incineroar
|-resisted|p2b: Incineroar
|-damage|p2b: Incineroar|1/100 psn
|cant|p2b: Incineroar|flinch
|
|-damage|p2b: Incineroar|0 fnt|[from] psn
|faint|p2b: Incineroar
|upkeep
|
|t:|1756361781
|switch|p2b: Pawmot|Pawmot, L50, M|100/100
|turn|10
|inactive|Ianuarius has 30 seconds left.
|inactive|Alecat has 30 seconds left.
|
|t:|1756361816
|-terastallize|p1a: Porygon2|Ghost
|move|p1a: Porygon2|Ice Beam|p2a: Archaludon
|-damage|p2a: Archaludon|63/100
|-status|p2a: Archaludon|frz
|cant|p2a: Archaludon|frz
|move|p2b: Pawmot|Double Shock|p1b: Sneasler
|-damage|p1b: Sneasler|8/100
|-start|p2b: Pawmot|typechange|???/Fighting|[from] move: Double Shock
|move|p1b: Sneasler|Dire Claw|p2b: Pawmot
|-damage|p2b: Pawmot|27/100
|-status|p2b: Pawmot|par
|
|-fieldend|move: Trick Room
|upkeep
|turn|11
|inactive|Ianuarius has 30 seconds left.
|inactive|Alecat has 30 seconds left.
|inactive|Alecat has 20 seconds left.
|inactive|Alecat has 15 seconds left.
|
|t:|1756361858
|move|p1b: Sneasler|Dire Claw|p2b: Pawmot
|-damage|p2b: Pawmot|0 fnt
|faint|p2b: Pawmot
|cant|p2a: Archaludon|frz
|move|p1a: Porygon2|Ice Beam|p2a: Archaludon
|-damage|p2a: Archaludon|27/100 frz
|
|upkeep
|turn|12
|
|t:|1756361872
|cant|p2a: Archaludon|frz
|move|p1b: Sneasler|Close Combat|p2a: Archaludon
|-supereffective|p2a: Archaludon
|-damage|p2a: Archaludon|0 fnt
|-unboost|p1b: Sneasler|def|1
|-unboost|p1b: Sneasler|spd|1
|faint|p2a: Archaludon
|
|win|Ianuarius
||Alecat is ready for game 3.
|inactive|Ianuarius has 30 seconds to confirm battle start!
|l|☆Ianuarius
|player|p1|
|inactive|Ianuarius has 20 seconds to confirm battle start!
|inactive|Ianuarius has 10 seconds to confirm battle start!
|uhtml|next|Next: Game 3 of 3
