|j|☆santicifupe
|j|☆5 sky high
|html|santicifupe5 sky high    
|uhtml|bestof|Game 1 of a best-of-3
|t:|1783134771
|gametype|doubles
|player|p1|santicifupe|iris-gen5bw2|1150
|player|p2|5 sky high|wicke|1232
|gen|9
|tier|[Gen 9 Champions] VGC 2026 Reg M-B (Bo3)
|rated|
|rule|Species Clause: Limit one of each Pokémon
|rule|Item Clause: Limit 1 of each item
|clearpoke
|poke|p1|Milotic, L50, F, shiny|
|poke|p1|Incineroar, L50, F|
|poke|p1|Sinistcha-Masterpiece, L50, shiny|
|poke|p1|Floette-Eternal, L50, F, shiny|
|poke|p1|Sneasler, L50, F, shiny|
|poke|p1|Blaziken, L50, M|
|poke|p2|Froslass, L50, F|
|poke|p2|Scovillain, L50, M|
|poke|p2|Basculegion, L50, M|
|poke|p2|Kingambit, L50, F|
|poke|p2|Sneasler, L50, M|
|poke|p2|Lycanroc-Dusk, L50, F|
|teampreview|4
|showteam|p1|Milotic||Leftovers|Competitive|MuddyWater,Recover,Hypnosis,Coil|Calm||F|||50|]Incineroar||SitrusBerry|Intimidate|FakeOut,FlareBlitz,ThroatChop,PartingShot|Careful||F|||50|]Sinistcha-Masterpiece||KasibBerry|Hospitality|MatchaGotcha,Protect,TrickRoom,RagePowder|Bold|||||50|]Floette-Eternal||Floettite|FlowerVeil|CalmMind,Protect,DrainingKiss,DazzlingGleam|Modest||F|||50|]Sneasler||FocusSash|PoisonTouch|FakeOut,Protect,DireClaw,CloseCombat|Jolly||F|||50|]Blaziken||Blazikenite|SpeedBoost|RockSlide,SwordsDance,Protect,CloseCombat|Adamant||M|||50|
|showteam|p2|Froslass||Froslassite|CursedBody|Blizzard,ShadowBall,AuroraVeil,Protect|Timid||F|||50|]Scovillain||Scovillainite|Moody|GigaDrain,Overheat,RagePowder,Protect|Bold||M|||50|]Basculegion||SitrusBerry|Adaptability|WaveCrash,LastRespects,AquaJet,Protect|Adamant||M|||50|]Kingambit||BlackGlasses|Defiant|KowtowCleave,SuckerPunch,SwordsDance,Protect|Adamant||F|||50|]Sneasler||WhiteHerb|Unburden|CloseCombat,GunkShot,Protect,FakeOut|Adamant||M|||50|]Lycanroc-Dusk||FocusSash|ToughClaws|CloseCombat,Accelerock,RockSlide,Protect|Jolly||F|||50|
|inactive|Battle timer is ON: inactive players will automatically lose when time's up. (requested by 5 sky high)
|inactive|5 sky high has 60 seconds left.
|
|t:|1783134824
|teamsize|p1|4
|teamsize|p2|4
|start
|switch|p1a: Blaziken|Blaziken, L50, M|100/100
|switch|p1b: Sneasler|Sneasler, L50, F, shiny|100/100
|switch|p2a: Froslass|Froslass, L50, F|100/100
|switch|p2b: Sneasler|Sneasler, L50, M|100/100
|turn|1
|
|t:|1783134844
|switch|p2b: Basculegion|Basculegion, L50, M|100/100
|detailschange|p2a: Froslass|Froslass-Mega, L50, F
|-mega|p2a: Froslass|Froslass|Froslassite
|-weather|Snowscape|[from] ability: Snow Warning|[of] p2a: Froslass
|detailschange|p1a: Blaziken|Blaziken-Mega, L50, M
|-mega|p1a: Blaziken|Blaziken|Blazikenite
|move|p1b: Sneasler|Fake Out|p2b: Basculegion
|-immune|p2b: Basculegion
|move|p2a: Froslass|Aurora Veil|p2a: Froslass
|-sidestart|p2: 5 sky high|move: Aurora Veil
|move|p1a: Blaziken|Swords Dance|p1a: Blaziken
|-boost|p1a: Blaziken|atk|2
|
|-weather|Snowscape|[upkeep]
|-ability|p1a: Blaziken|Speed Boost|boost
|-boost|p1a: Blaziken|spe|1
|upkeep
|turn|2
|
|t:|1783134865
|move|p1a: Blaziken|Protect|p1a: Blaziken
|-singleturn|p1a: Blaziken|Protect
|move|p1b: Sneasler|Dire Claw|p2b: Basculegion
|-resisted|p2b: Basculegion|1
|-damage|p2b: Basculegion|85/100
|-status|p2b: Basculegion|psn|[from] ability: Poison Touch|[of] p1b: Sneasler
|move|p2a: Froslass|Shadow Ball|p1b: Sneasler
|-damage|p1b: Sneasler|49/100
|move|p2b: Basculegion|Wave Crash|p1b: Sneasler
|-damage|p1b: Sneasler|0 fnt
|faint|p1b: Sneasler
|-damage|p2b: Basculegion|73/100 psn|[from] Recoil
|
|-weather|Snowscape|[upkeep]
|-damage|p2b: Basculegion|61/100 psn|[from] psn
|-ability|p1a: Blaziken|Speed Boost|boost
|-boost|p1a: Blaziken|spe|1
|upkeep
|
|t:|1783134876
|switch|p1b: Sinistcha|Sinistcha-Masterpiece, L50, shiny|100/100
|turn|3
|
|t:|1783134896
|move|p1b: Sinistcha|Rage Powder|p1b: Sinistcha
|-singleturn|p1b: Sinistcha|move: Rage Powder
|move|p1a: Blaziken|Swords Dance|p1a: Blaziken
|-boost|p1a: Blaziken|atk|2
|move|p2a: Froslass|Shadow Ball|p1b: Sinistcha
|-supereffective|p1b: Sinistcha|1
|-enditem|p1b: Sinistcha|Kasib Berry|[eat]
|-enditem|p1b: Sinistcha|Kasib Berry|[weaken]
|-damage|p1b: Sinistcha|59/100
|-unboost|p1b: Sinistcha|spd|1
|move|p2b: Basculegion|Wave Crash|p1b: Sinistcha
|-resisted|p1b: Sinistcha|1
|-damage|p1b: Sinistcha|32/100
|-damage|p2b: Basculegion|53/100 psn|[from] Recoil
|
|-weather|Snowscape|[upkeep]
|-damage|p2b: Basculegion|41/100 psn|[from] psn
|-ability|p1a: Blaziken|Speed Boost|boost
|-boost|p1a: Blaziken|spe|1
|upkeep
|-enditem|p2b: Basculegion|Sitrus Berry|[eat]
|-heal|p2b: Basculegion|66/100 psn|[from] item: Sitrus Berry
|turn|4
|inactive|5 sky high has 30 seconds left.
|inactive|5 sky high has 20 seconds left.
|inactive|5 sky high has 15 seconds left.
|inactive|5 sky high has 10 seconds left.
|inactive|5 sky high has 5 seconds left.
|
|t:|1783134951
|move|p1b: Sinistcha|Rage Powder|p1b: Sinistcha
|-singleturn|p1b: Sinistcha|move: Rage Powder
|move|p1a: Blaziken|Rock Slide|p2a: Froslass|[spread] p2a,p2b
|-supereffective|p2a: Froslass|1
|-damage|p2a: Froslass|14/100
|-damage|p2b: Basculegion|21/100 psn
|cant|p2a: Froslass|flinch
|cant|p2b: Basculegion|flinch
|
|-weather|Snowscape|[upkeep]
|-damage|p2b: Basculegion|9/100 psn|[from] psn
|-ability|p1a: Blaziken|Speed Boost|boost
|-boost|p1a: Blaziken|spe|1
|upkeep
|turn|5
|
|t:|1783134966
|move|p1b: Sinistcha|Rage Powder|p1b: Sinistcha
|-singleturn|p1b: Sinistcha|move: Rage Powder
|move|p2b: Basculegion|Aqua Jet|p1b: Sinistcha
|-resisted|p1b: Sinistcha|1
|-damage|p1b: Sinistcha|23/100
|move|p1a: Blaziken|Rock Slide|p2a: Froslass|[spread] p2a,p2b
|-supereffective|p2a: Froslass|1
|-damage|p2a: Froslass|0 fnt
|-damage|p2b: Basculegion|0 fnt
|faint|p2a: Froslass
|faint|p2b: Basculegion
|
|-weather|none
|-sideend|p2: 5 sky high|move: Aurora Veil
|-ability|p1a: Blaziken|Speed Boost|boost
|-boost|p1a: Blaziken|spe|1
|upkeep
|
|t:|1783134969
|switch|p2a: Sneasler|Sneasler, L50, M|100/100
|switch|p2b: Kingambit|Kingambit, L50, F|100/100
|turn|6
|
|t:|1783134979
|move|p1b: Sinistcha|Rage Powder|p1b: Sinistcha
|-singleturn|p1b: Sinistcha|move: Rage Powder
|move|p1a: Blaziken|Close Combat|p2b: Kingambit
|-supereffective|p2b: Kingambit|2
|-damage|p2b: Kingambit|0 fnt
|-unboost|p1a: Blaziken|def|1
|-unboost|p1a: Blaziken|spd|1
|faint|p2b: Kingambit
|move|p2a: Sneasler|Gunk Shot|p1b: Sinistcha
|-damage|p1b: Sinistcha|0 fnt
|faint|p1b: Sinistcha
|
|-ability|p1a: Blaziken|Speed Boost|boost
|-boost|p1a: Blaziken|spe|1
|upkeep
|
|t:|1783134985
|switch|p1b: wolfe's nigthmare|Incineroar, L50, F|100/100
|-ability|p1b: wolfe's nigthmare|Intimidate|boost
|-unboost|p2a: Sneasler|atk|1
|-enditem|p2a: Sneasler|White Herb
|-clearnegativeboost|p2a: Sneasler|[silent]
|turn|7
|
|t:|1783134994
|move|p1b: wolfe's nigthmare|Fake Out|p2a: Sneasler
|-damage|p2a: Sneasler|86/100
|move|p1a: Blaziken|Swords Dance|p1a: Blaziken
|-boost|p1a: Blaziken|atk|2
|cant|p2a: Sneasler|flinch
|
|upkeep
|turn|8
|
|t:|1783135001
|move|p1a: Blaziken|Close Combat|p2a: Sneasler
|-resisted|p2a: Sneasler|1
|-damage|p2a: Sneasler|0 fnt
|-unboost|p1a: Blaziken|def|1
|-unboost|p1a: Blaziken|spd|1
|faint|p2a: Sneasler
|
|win|santicifupe
||santicifupe is ready for game 2.
||5 sky high is ready for game 2.
|uhtml|next|Next: Game 2 of 3
|l|☆santicifupe
|player|p1|
