|j|☆i am saksham
|j|☆miseria010
|html|i am sakshammiseria010    
|uhtml|bestof|Game 2 of a best-of-3
|t:|1785327342
|gametype|doubles
|player|p1|i am saksham|wallace|1118
|player|p2|miseria010|unknown|1061
|gen|9
|tier|[Gen 9 Champions] VGC 2026 Reg M-B (Bo3)
|rated|
|rule|Species Clause: Limit one of each Pokémon
|rule|Item Clause: Limit 1 of each item
|clearpoke
|poke|p1|Blaziken, L50, F|
|poke|p1|Scrafty, L50, F|
|poke|p1|Gholdengo, L50|
|poke|p1|Sinistcha-Masterpiece, L50|
|poke|p1|Sylveon, L50, M|
|poke|p1|Aerodactyl, L50, F|
|poke|p2|Charizard, L50, M, shiny|
|poke|p2|Garchomp, L50, M|
|poke|p2|Incineroar, L50, M, shiny|
|poke|p2|Venusaur, L50, M|
|poke|p2|Toxapex, L50, F|
|poke|p2|Sylveon, L50, F|
|teampreview|4
|showteam|p1|Blaziken||LifeOrb|SpeedBoost|CloseCombat,FlareBlitz,Detect,RockSlide|Adamant||F|||50|]Scrafty||Scraftinite|Intimidate|FakeOut,DrainPunch,KnockOff,Encore|Careful||F|||50|]Gholdengo||ChoiceScarf|GoodasGold|MakeItRain,Trick,Thunderbolt,ShadowBall|Serious|||||50|]Sinistcha-Masterpiece||KasibBerry|Hospitality|MatchaGotcha,RagePowder,TrickRoom,Protect|Sassy|||||50|]Sylveon||FairyFeather|Pixilate|HyperVoice,HyperBeam,Protect,QuickAttack|Modest||M|||50|]Aerodactyl||Aerodactylite|RockHead|Tailwind,Protect,RockSlide,DualWingbeat|Jolly||F|||50|
|showteam|p2|Charizard||CharizarditeY|SolarPower|WeatherBall,HeatWave,AncientPower,Protect|Modest||M|||50|]Garchomp||ChoiceScarf|RoughSkin|RockSlide,DragonClaw,Earthquake,StompingTantrum|Adamant||M|||50|]Incineroar||SitrusBerry|Intimidate|FlareBlitz,FakeOut,DarkestLariat,PartingShot|Impish||M|||50|]Venusaur||LifeOrb|Chlorophyll|SludgeBomb,EnergyBall,EarthPower,Protect|Modest||M|||50|]Toxapex||Leftovers|Regenerator|Infestation,Toxic,WideGuard,BanefulBunker|Bold||F|||50|]Sylveon||FairyFeather|Pixilate|Detect,HyperVoice,HyperBeam,QuickAttack|Modest||F|||50|
|
|t:|1785327376
|teamsize|p1|4
|teamsize|p2|4
|start
|switch|p1a: Sylveon|Sylveon, L50, M|100/100
|switch|p1b: Aerodactyl|Aerodactyl, L50, F|100/100
|switch|p2a: Incineroar|Incineroar, L50, M, shiny|100/100
|switch|p2b: Sylveon|Sylveon, L50, F|100/100
|-ability|p2a: Incineroar|Intimidate|boost
|-unboost|p1a: Sylveon|atk|1
|-unboost|p1b: Aerodactyl|atk|1
|turn|1
|
|t:|1785327396
|detailschange|p1b: Aerodactyl|Aerodactyl-Mega, L50, F
|-mega|p1b: Aerodactyl|Aerodactyl|Aerodactylite
|move|p2b: Sylveon|Detect|p2b: Sylveon
|-singleturn|p2b: Sylveon|Protect
|move|p1b: Aerodactyl|Rock Slide|p2b: Sylveon|[spread] p2a
|-activate|p2b: Sylveon|move: Protect
|-supereffective|p2a: Incineroar|1
|-damage|p2a: Incineroar|72/100
|move|p1a: Sylveon|Hyper Voice|p2b: Sylveon|[spread] p2a
|-activate|p2b: Sylveon|move: Protect
|-damage|p2a: Incineroar|36/100
|-enditem|p2a: Incineroar|Sitrus Berry|[eat]
|-heal|p2a: Incineroar|60/100|[from] item: Sitrus Berry
|move|p2a: Incineroar|Parting Shot|p1a: Sylveon
|-unboost|p1a: Sylveon|atk|1
|-unboost|p1a: Sylveon|spa|1
|
|t:|1785327413
|switch|p2a: Toxapex|Toxapex, L50, F|100/100|[from] Parting Shot
|
|upkeep
|turn|2
|
|t:|1785327423
|switch|p1a: Gholdengo|Gholdengo, L50|100/100
|move|p2a: Toxapex|Wide Guard|p2a: Toxapex
|-singleturn|p2a: Toxapex|Wide Guard
|move|p1b: Aerodactyl|Dual Wingbeat|p2b: Sylveon
|-damage|p2b: Sylveon|81/100
|-damage|p2b: Sylveon|60/100
|-hitcount|p2b: Sylveon|2
|move|p2b: Sylveon|Hyper Voice|p1a: Gholdengo|[spread] p1a,p1b
|-resisted|p1a: Gholdengo|1
|-damage|p1a: Gholdengo|73/100
|-damage|p1b: Aerodactyl|49/100
|
|upkeep
|turn|3
|
|t:|1785327450
|switch|p2b: Incineroar|Incineroar, L50, M, shiny|60/100
|-ability|p2b: Incineroar|Intimidate|boost
|-unboost|p1a: Gholdengo|atk|1
|-unboost|p1b: Aerodactyl|atk|1
|move|p1b: Aerodactyl|Tailwind|p1b: Aerodactyl
|-sidestart|p1: i am saksham|move: Tailwind
|move|p1a: Gholdengo|Trick|p2a: Toxapex
|-activate|p1a: Gholdengo|move: Trick|[of] p2a: Toxapex
|-item|p2a: Toxapex|Choice Scarf|[from] move: Trick
|-item|p1a: Gholdengo|Leftovers|[from] move: Trick
|move|p2a: Toxapex|Toxic|p1b: Aerodactyl
|-status|p1b: Aerodactyl|tox
|
|-heal|p1a: Gholdengo|79/100|[from] item: Leftovers
|-damage|p1b: Aerodactyl|43/100 tox|[from] psn
|upkeep
|turn|4
|
|t:|1785327481
|switch|p1a: Blaziken|Blaziken, L50, F|100/100
|move|p1b: Aerodactyl|Rock Slide|p2b: Incineroar|[spread] p2a,p2b
|-supereffective|p2b: Incineroar|1
|-damage|p2a: Toxapex|90/100
|-damage|p2b: Incineroar|40/100
|move|p2a: Toxapex|Toxic|p1b: Aerodactyl
|-fail|p1b: Aerodactyl|tox
|cant|p2b: Incineroar|flinch
|
|-damage|p1b: Aerodactyl|31/100 tox|[from] psn
|upkeep
|turn|5
|
|t:|1785327497
|switch|p1b: Gholdengo|Gholdengo, L50|79/100
|switch|p2b: Sylveon|Sylveon, L50, F|60/100
|move|p1a: Blaziken|Detect|p1a: Blaziken
|-singleturn|p1a: Blaziken|Protect
|move|p2a: Toxapex|Toxic|p1a: Blaziken
|-activate|p1a: Blaziken|move: Protect
|
|-heal|p1b: Gholdengo|85/100|[from] item: Leftovers
|-ability|p1a: Blaziken|Speed Boost|boost
|-boost|p1a: Blaziken|spe|1
|upkeep
|turn|6
|
|t:|1785327517
|switch|p1a: Aerodactyl|Aerodactyl-Mega, L50, F|31/100 tox
|switch|p2b: Incineroar|Incineroar, L50, M, shiny|40/100
|-ability|p2b: Incineroar|Intimidate|boost
|-unboost|p1a: Aerodactyl|atk|1
|-unboost|p1b: Gholdengo|atk|1
|move|p1b: Gholdengo|Thunderbolt|p2a: Toxapex
|-supereffective|p2a: Toxapex|1
|-damage|p2a: Toxapex|40/100
|move|p2a: Toxapex|Toxic|p1a: Aerodactyl
|-fail|p1a: Aerodactyl|tox
|
|-heal|p1b: Gholdengo|91/100|[from] item: Leftovers
|-damage|p1a: Aerodactyl|25/100 tox|[from] psn
|-sideend|p1: i am saksham|move: Tailwind
|upkeep
|turn|7
|
|t:|1785327536
|move|p2b: Incineroar|Fake Out|p1a: Aerodactyl
|-resisted|p1a: Aerodactyl|1
|-damage|p1a: Aerodactyl|19/100 tox
|cant|p1a: Aerodactyl|flinch
|move|p1b: Gholdengo|Thunderbolt|p2b: Incineroar
|-damage|p2b: Incineroar|12/100
|move|p2a: Toxapex|Toxic|p1a: Aerodactyl
|-fail|p1a: Aerodactyl|tox
|
|-heal|p1b: Gholdengo|97/100|[from] item: Leftovers
|-damage|p1a: Aerodactyl|7/100 tox|[from] psn
|upkeep
|turn|8
|
|t:|1785327557
|switch|p2b: Sylveon|Sylveon, L50, F|60/100
|move|p1a: Aerodactyl|Tailwind|p1a: Aerodactyl
|-sidestart|p1: i am saksham|move: Tailwind
|move|p1b: Gholdengo|Thunderbolt|p2b: Sylveon
|-damage|p2b: Sylveon|34/100
|move|p2a: Toxapex|Toxic|p1a: Aerodactyl
|-fail|p1a: Aerodactyl|tox
|
|-heal|p1b: Gholdengo|100/100|[from] item: Leftovers
|-damage|p1a: Aerodactyl|0 fnt|[from] psn
|faint|p1a: Aerodactyl
|upkeep
|
|t:|1785327570
|switch|p1a: Sylveon|Sylveon, L50, M|100/100
|turn|9
|
|t:|1785327580
|-heal|p2a: Toxapex|73/100|[from] ability: Regenerator|[silent]
|switch|p2a: Charizard|Charizard, L50, M, shiny|100/100
|move|p2b: Sylveon|Detect|p2b: Sylveon
|-singleturn|p2b: Sylveon|Protect
|move|p1b: Gholdengo|Thunderbolt|p2a: Charizard
|-supereffective|p2a: Charizard|1
|-damage|p2a: Charizard|29/100
|move|p1a: Sylveon|Hyper Voice|p2b: Sylveon|[spread] p2a
|-activate|p2b: Sylveon|move: Protect
|-resisted|p2a: Charizard|1
|-damage|p2a: Charizard|7/100
|
|upkeep
|turn|10
|-message|miseria010 forfeited.
|
|win|i am saksham
||miseria010 is ready for game 3.
