|j|☆chimpum12
|j|☆tryson69
|html|chimpum12tryson69    
|uhtml|bestof|Game 1 of a best-of-3
|t:|1783957881
|gametype|doubles
|player|p1|chimpum12|1|1300
|player|p2|tryson69|crasherwake|1313
|gen|9
|tier|[Gen 9 Champions] VGC 2026 Reg M-B (Bo3)
|rated|
|rule|Species Clause: Limit one of each Pokémon
|rule|Item Clause: Limit 1 of each item
|clearpoke
|poke|p1|Charizard, L50, F|
|poke|p1|Kingambit, L50, F|
|poke|p1|Sylveon, L50, F|
|poke|p1|Garchomp, L50, M|
|poke|p1|Aerodactyl, L50, F|
|poke|p1|Farigiraf, L50, M|
|poke|p2|Raichu, L50, M|
|poke|p2|Gholdengo, L50|
|poke|p2|Garchomp, L50, F|
|poke|p2|Incineroar, L50, F|
|poke|p2|Milotic, L50, M|
|poke|p2|Whimsicott, L50, F|
|teampreview|4
|showteam|p1|Charizard||CharizarditeY|SolarPower|Protect,HeatWave,SolarBeam,WeatherBall|Modest||F|||50|]Kingambit||FocusSash|Defiant|IronHead,SuckerPunch,KowtowCleave,LowKick|Adamant||F|||50|]Sylveon||FairyFeather|Pixilate|Detect,HyperVoice,HyperBeam,QuickAttack|Modest||F|||50|]Garchomp||LifeOrb|RoughSkin|Protect,DragonClaw,Earthquake,RockSlide|Jolly||M|||50|]Aerodactyl||Aerodactylite|Unnerve|IceFang,RockSlide,Tailwind,DualWingbeat|Jolly||F|||50|]Farigiraf||SitrusBerry|ArmorTail|TrickRoom,Psychic,Thunderbolt,Roar|Bold||M|||50|
|showteam|p2|Raichu||RaichuniteY|LightningRod|ZapCannon,FocusBlast,Protect,FakeOut|Timid||M|||50|]Gholdengo||SpellTag|GoodasGold|NastyPlot,ShadowBall,Protect,MakeItRain|Modest|||||50|]Garchomp||LifeOrb|RoughSkin|Earthquake,RockSlide,Protect,DragonClaw|Adamant||F|||50|]Incineroar||BlackGlasses|Intimidate|FakeOut,FlareBlitz,DarkestLariat,PartingShot|Impish||F|||50|]Milotic||Leftovers|Competitive|Coil,Hypnosis,Recover,Scald|Bold||M|||50|]Whimsicott||FocusSash|Prankster|Tailwind,Moonblast,Encore,Protect|Timid||F|||50|
|
|t:|1783957926
|teamsize|p1|4
|teamsize|p2|4
|start
|switch|p1a: Garchomp|Garchomp, L50, M|100/100
|switch|p1b: Aerodactyl|Aerodactyl, L50, F|100/100
|switch|p2a: Raichu|Raichu, L50, M|100/100
|switch|p2b: Garchomp|Garchomp, L50, F|100/100
|-ability|p1b: Aerodactyl|Unnerve
|turn|1
|inactive|Battle timer is ON: inactive players will automatically lose when time's up. (requested by tryson69)
|
|t:|1783957968
|switch|p2a: Mr Cat|Incineroar, L50, F|100/100
|-ability|p2a: Mr Cat|Intimidate|boost
|-unboost|p1a: Garchomp|atk|1
|-unboost|p1b: Aerodactyl|atk|1
|switch|p1a: Farigiraf|Farigiraf, L50, M|100/100
|detailschange|p1b: Aerodactyl|Aerodactyl-Mega, L50, F
|-mega|p1b: Aerodactyl|Aerodactyl|Aerodactylite
|move|p2b: Garchomp|Protect|p2b: Garchomp
|-singleturn|p2b: Garchomp|Protect
|move|p1b: Aerodactyl|Ice Fang|p2b: Garchomp
|-activate|p2b: Garchomp|move: Protect
|
|upkeep
|turn|2
|inactive|tryson69 has 30 seconds left.
|
|t:|1783957995
|switch|p1a: Garchomp|Garchomp, L50, M|100/100
|move|p1b: Aerodactyl|Ice Fang|p2b: Garchomp
|-supereffective|p2b: Garchomp|2
|-damage|p2b: Garchomp|46/100
|-damage|p1b: Aerodactyl|87/100|[from] ability: Rough Skin|[of] p2b: Garchomp
|move|p2b: Garchomp|Rock Slide|p1b: Aerodactyl|[spread] p1a,p1b
|-resisted|p1a: Garchomp|1
|-supereffective|p1b: Aerodactyl|1
|-damage|p1a: Garchomp|86/100
|-damage|p1b: Aerodactyl|34/100
|-damage|p2b: Garchomp|36/100|[from] item: Life Orb
|move|p2a: Mr Cat|Darkest Lariat|p1a: Garchomp
|-damage|p1a: Garchomp|45/100
|-damage|p2a: Mr Cat|87/100|[from] ability: Rough Skin|[of] p1a: Garchomp
|
|upkeep
|turn|3
|
|t:|1783958013
|move|p2b: Garchomp|Protect|p2b: Garchomp
|-singleturn|p2b: Garchomp|Protect
|move|p1b: Aerodactyl|Tailwind|p1b: Aerodactyl
|-sidestart|p1: chimpum12|move: Tailwind
|move|p1a: Garchomp|Earthquake|p2b: Garchomp|[spread] p2a
|-activate|p2b: Garchomp|move: Protect
|-immune|p1b: Aerodactyl
|-supereffective|p2a: Mr Cat|1
|-damage|p2a: Mr Cat|8/100
|-damage|p1a: Garchomp|35/100|[from] item: Life Orb
|move|p2a: Mr Cat|Darkest Lariat|p1a: Garchomp
|-damage|p1a: Garchomp|0 fnt
|-damage|p2a: Mr Cat|0 fnt|[from] ability: Rough Skin|[of] p1a: Garchomp
|faint|p1a: Garchomp
|faint|p2a: Mr Cat
|
|upkeep
|
|t:|1783958030
|switch|p1a: Sylveon|Sylveon, L50, F|100/100
|switch|p2a: Whimsicott|Whimsicott, L50, F|100/100
|turn|4
|
|t:|1783958043
|move|p2a: Whimsicott|Encore|p1b: Aerodactyl
|-start|p1b: Aerodactyl|Encore
|move|p1b: Aerodactyl|Tailwind||[still]
|-fail|p1b: Aerodactyl
|move|p1a: Sylveon|Hyper Voice|p2a: Whimsicott|[spread] p2a,p2b
|-supereffective|p2b: Garchomp|1
|-damage|p2a: Whimsicott|21/100
|-damage|p2b: Garchomp|0 fnt
|faint|p2b: Garchomp
|
|upkeep
|
|t:|1783958048
|switch|p2b: Raichu|Raichu, L50, M|100/100
|turn|5
|
|t:|1783958057
|switch|p1b: Farigiraf|Farigiraf, L50, M|100/100
|detailschange|p2b: Raichu|Raichu-Mega-Y, L50, M
|-mega|p2b: Raichu|Raichu|Raichunite Y
|move|p2a: Whimsicott|Tailwind|p2a: Whimsicott
|-sidestart|p2: tryson69|move: Tailwind
|move|p2b: Raichu|Zap Cannon|p1a: Sylveon
|-damage|p1a: Sylveon|40/100
|-status|p1a: Sylveon|par
|move|p1a: Sylveon|Hyper Voice|p2a: Whimsicott|[spread] p2a,p2b
|-damage|p2a: Whimsicott|0 fnt
|-damage|p2b: Raichu|32/100
|faint|p2a: Whimsicott
|
|upkeep
|turn|6
|-message|tryson69 forfeited.
|
|win|chimpum12
||tryson69 is ready for game 2.
||chimpum12 is ready for game 2.
|uhtml|next|Next: Game 2 of 3
