|j|☆trytrysee
|j|☆rushinhoward
|html|trytryseerushinhoward    
|uhtml|bestof|Game 1 of a best-of-3
|t:|1786118951
|gametype|doubles
|player|p1|trytrysee|169|
|player|p2|rushinhoward|266|
|gen|9
|tier|[Gen 9 Champions] VGC 2026 Reg M-B (Bo3)
|rule|Species Clause: Limit one of each Pokémon
|rule|Item Clause: Limit 1 of each item
|clearpoke
|poke|p1|Staraptor, L50, M|
|poke|p1|Slowking-Galar, L50, M|
|poke|p1|Drampa, L50, M|
|poke|p1|Whimsicott, L50, M|
|poke|p1|Gholdengo, L50|
|poke|p1|Primarina, L50, F|
|poke|p2|Froslass, L50, F|
|poke|p2|Scovillain, L50, M, shiny|
|poke|p2|Basculegion, L50, M|
|poke|p2|Kingambit, L50, M|
|poke|p2|Sneasler, L50, F|
|poke|p2|Lycanroc-Dusk, L50, M|
|teampreview|4
|showteam|p1|Staraptor||Staraptite|Intimidate|CloseCombat,DualWingbeat,Protect,Roost|Adamant||M|||50|]Slowking-Galar||MentalHerb|Regenerator|TrickRoom,Psychic,SludgeBomb,HealPulse|Relaxed||M|||50|]Drampa||Leftovers|CloudNine|EnergyBall,Thunderbolt,HyperVoice,EarthPower|Quiet||M|||50|]Whimsicott||FocusSash|Prankster|Moonblast,Encore,Tailwind,TrickRoom|Modest||M|||50|]Gholdengo||LifeOrb|GoodasGold|MakeItRain,ShadowBall,PowerGem,Protect|Modest|||||50|]Primarina||SitrusBerry|LiquidVoice|HyperVoice,Moonblast,AquaJet,Protect|Quiet||F|||50|
|showteam|p2|Froslass||Froslassite|CursedBody|Blizzard,ShadowBall,AuroraVeil,Protect|Modest||F|||50|]Scovillain||Scovillainite|Moody|GigaDrain,Overheat,RagePowder,Protect|Bold||M|||50|]Basculegion||SitrusBerry|Adaptability|WaveCrash,LastRespects,AquaJet,Protect|Adamant||M|||50|]Kingambit||BlackGlasses|Defiant|KowtowCleave,SuckerPunch,SwordsDance,Protect|Adamant||M|||50|]Sneasler||WhiteHerb|Unburden|CloseCombat,GunkShot,Protect,FakeOut|Adamant||F|||50|]Lycanroc-Dusk||FocusSash|ToughClaws|CloseCombat,Accelerock,RockSlide,Protect|Adamant||M|||50|
|inactive|Battle timer is ON: inactive players will automatically lose when time's up. (requested by trytrysee)
|inactive|trytrysee has 60 seconds left.
|inactive|rushinhoward has 60 seconds left.
|inactive|trytrysee has 30 seconds left.
|inactive|rushinhoward has 30 seconds left.
|
|t:|1786119033
|teamsize|p1|4
|teamsize|p2|4
|start
|switch|p1a: Staraptor|Staraptor, L50, M|100/100
|switch|p1b: Slowking|Slowking-Galar, L50, M|100/100
|switch|p2a: Scovillain|Scovillain, L50, M, shiny|100/100
|switch|p2b: Basculegion|Basculegion, L50, M|100/100
|-ability|p1a: Staraptor|Intimidate|boost
|-unboost|p2a: Scovillain|atk|1
|-unboost|p2b: Basculegion|atk|1
|turn|1
|inactive|rushinhoward has 30 seconds left.
|inactive|rushinhoward has 20 seconds left.
|inactive|rushinhoward has 15 seconds left.
|
|t:|1786119074
|detailschange|p1a: Staraptor|Staraptor-Mega, L50, M
|-mega|p1a: Staraptor|Staraptor|Staraptite
|detailschange|p2a: Scovillain|Scovillain-Mega, L50, M, shiny
|-mega|p2a: Scovillain|Scovillain|Scovillainite
|move|p2a: Scovillain|Rage Powder|p2a: Scovillain
|-singleturn|p2a: Scovillain|move: Rage Powder
|move|p1a: Staraptor|Close Combat|p2a: Scovillain
|-damage|p2a: Scovillain|43/100
|-boost|p1a: Staraptor|def|1
|-boost|p1a: Staraptor|spd|1
|-status|p1a: Staraptor|brn|[from] ability: Spicy Spray|[of] p2a: Scovillain
|move|p2b: Basculegion|Last Respects|p1b: Slowking
|-supereffective|p1b: Slowking|1
|-damage|p1b: Slowking|64/100
|move|p1b: Slowking|Trick Room|p1b: Slowking
|-fieldstart|move: Trick Room|[of] p1b: Slowking
|
|-damage|p1a: Staraptor|93/100 brn|[from] brn
|upkeep
|turn|2
|inactive|rushinhoward has 30 seconds left.
|inactive|trytrysee has 30 seconds left.
|inactive|rushinhoward has 20 seconds left.
|inactive|rushinhoward has 15 seconds left.
|inactive|rushinhoward has 10 seconds left.
|inactive|rushinhoward has 5 seconds left.
|
|t:|1786119126
|switch|p2b: Kingambit|Kingambit, L50, M|100/100
|move|p2a: Scovillain|Rage Powder|p2a: Scovillain
|-singleturn|p2a: Scovillain|move: Rage Powder
|move|p1b: Slowking|Psychic|p2a: Scovillain
|-damage|p2a: Scovillain|6/100
|-status|p1b: Slowking|brn|[from] ability: Spicy Spray|[of] p2a: Scovillain
|move|p1a: Staraptor|Dual Wingbeat|p2a: Scovillain
|-supereffective|p2a: Scovillain|1
|-crit|p2a: Scovillain
|-damage|p2a: Scovillain|0 fnt
|faint|p2a: Scovillain
|-hitcount|p2: Scovillain|1
|
|-damage|p1b: Slowking|58/100 brn|[from] brn
|-damage|p1a: Staraptor|87/100 brn|[from] brn
|upkeep
|
|t:|1786119142
|switch|p2a: Basculegion|Basculegion, L50, M|100/100
|turn|3
|
|t:|1786119160
|-heal|p1b: Slowking|91/100 brn|[from] ability: Regenerator|[silent]
|switch|p1b: Whimsicott|Whimsicott, L50, M|100/100
|move|p2b: Kingambit|Kowtow Cleave|p1b: Whimsicott
|-resisted|p1b: Whimsicott|1
|-damage|p1b: Whimsicott|59/100
|move|p2a: Basculegion|Last Respects|p1a: Staraptor
|-damage|p1a: Staraptor|47/100 brn
|move|p1a: Staraptor|Close Combat|p2b: Kingambit
|-supereffective|p2b: Kingambit|2
|-damage|p2b: Kingambit|6/100
|-boost|p1a: Staraptor|def|1
|-boost|p1a: Staraptor|spd|1
|
|-damage|p1a: Staraptor|41/100 brn|[from] brn
|upkeep
|turn|4
|inactive|rushinhoward has 30 seconds left.
|inactive|trytrysee has 30 seconds left.
|
|t:|1786119198
|move|p2b: Kingambit|Kowtow Cleave|p1b: Whimsicott
|-resisted|p1b: Whimsicott|1
|-damage|p1b: Whimsicott|15/100
|move|p2a: Basculegion|Last Respects|p1a: Staraptor
|-damage|p1a: Staraptor|12/100 brn
|move|p1a: Staraptor|Roost|p1a: Staraptor
|-heal|p1a: Staraptor|62/100 brn
|-singleturn|p1a: Staraptor|move: Roost
|move|p1b: Whimsicott|Moonblast|p2a: Basculegion
|-damage|p2a: Basculegion|60/100
|
|-damage|p1a: Staraptor|56/100 brn|[from] brn
|upkeep
|turn|5
|inactive|trytrysee has 30 seconds left.
|
|t:|1786119224
|move|p1b: Whimsicott|Tailwind|p1b: Whimsicott
|-sidestart|p1: trytrysee|move: Tailwind
|move|p2b: Kingambit|Kowtow Cleave|p1b: Whimsicott
|-resisted|p1b: Whimsicott|1
|-damage|p1b: Whimsicott|0 fnt
|faint|p1b: Whimsicott
|move|p2a: Basculegion|Last Respects|p1a: Staraptor
|-damage|p1a: Staraptor|25/100 brn
|move|p1a: Staraptor|Roost|p1a: Staraptor
|-heal|p1a: Staraptor|75/100 brn
|-singleturn|p1a: Staraptor|move: Roost
|
|-damage|p1a: Staraptor|68/100 brn|[from] brn
|-fieldend|move: Trick Room
|upkeep
|
|t:|1786119236
|switch|p1b: Gholdengo|Gholdengo, L50|100/100
|turn|6
|inactive|trytrysee has 30 seconds left.
|
|t:|1786119263
|switch|p1b: Slowking|Slowking-Galar, L50, M|91/100 brn
|move|p2a: Basculegion|Protect|p2a: Basculegion
|-singleturn|p2a: Basculegion|Protect
|move|p2b: Kingambit|Sucker Punch||[still]
|-fail|p2b: Kingambit
|move|p1a: Staraptor|Dual Wingbeat|p2a: Basculegion
|-activate|p2a: Basculegion|move: Protect
|
|-damage|p1a: Staraptor|62/100 brn|[from] brn
|-damage|p1b: Slowking|85/100 brn|[from] brn
|upkeep
|turn|7
|inactive|trytrysee has 30 seconds left.
|inactive|rushinhoward has 30 seconds left.
|
|t:|1786119294
|move|p1a: Staraptor|Close Combat|p2b: Kingambit
|-supereffective|p2b: Kingambit|2
|-damage|p2b: Kingambit|0 fnt
|-boost|p1a: Staraptor|def|1
|-boost|p1a: Staraptor|spd|1
|faint|p2b: Kingambit
|move|p2a: Basculegion|Last Respects|p1b: Slowking
|-supereffective|p1b: Slowking|1
|-damage|p1b: Slowking|0 fnt
|faint|p1b: Slowking
|
|-damage|p1a: Staraptor|56/100 brn|[from] brn
|upkeep
|
|t:|1786119304
|switch|p2b: Sneasler|Sneasler, L50, F|100/100
|switch|p1b: Gholdengo|Gholdengo, L50|100/100
|turn|8
|
|t:|1786119314
|move|p1a: Staraptor|Protect|p1a: Staraptor
|-singleturn|p1a: Staraptor|Protect
|move|p2b: Sneasler|Fake Out|p1a: Staraptor
|-activate|p1a: Staraptor|move: Protect
|move|p1b: Gholdengo|Shadow Ball|p2a: Basculegion
|-supereffective|p2a: Basculegion|1
|-damage|p2a: Basculegion|0 fnt
|faint|p2a: Basculegion
|-damage|p1b: Gholdengo|90/100|[from] item: Life Orb
|
|-damage|p1a: Staraptor|50/100y brn|[from] brn
|-sideend|p1: trytrysee|move: Tailwind
|upkeep
|turn|9
|
|t:|1786119327
|move|p2b: Sneasler|Close Combat|p1a: Staraptor
|-resisted|p1a: Staraptor|1
|-damage|p1a: Staraptor|40/100 brn
|-unboost|p2b: Sneasler|def|1
|-unboost|p2b: Sneasler|spd|1
|-enditem|p2b: Sneasler|White Herb
|-clearnegativeboost|p2b: Sneasler|[silent]
|move|p1a: Staraptor|Dual Wingbeat|p2b: Sneasler
|-supereffective|p2b: Sneasler|1
|-damage|p2b: Sneasler|77/100
|-supereffective|p2b: Sneasler|1
|-damage|p2b: Sneasler|53/100
|-hitcount|p2b: Sneasler|2
|move|p1b: Gholdengo|Make It Rain|p2b: Sneasler
|-damage|p2b: Sneasler|0 fnt
|-unboost|p1b: Gholdengo|spa|2
|faint|p2b: Sneasler
|-damage|p1b: Gholdengo|80/100|[from] item: Life Orb
|
|win|trytrysee
||trytrysee is ready for game 2.
|inactive|rushinhoward has 30 seconds to confirm battle start!
||rushinhoward is ready for game 2.
|uhtml|next|Next: Game 2 of 3
