|j|☆lockson1987
|j|☆Gancelot
|html|lockson1987Gancelot    
|uhtml|bestof|Game 3 of a best-of-3
|t:|1783394131
|gametype|doubles
|player|p1|lockson1987|emmet|1067
|player|p2|Gancelot|morty|1207
|gen|9
|tier|[Gen 9 Champions] VGC 2026 Reg M-B (Bo3)
|rated|
|rule|Species Clause: Limit one of each Pokémon
|rule|Item Clause: Limit 1 of each item
|clearpoke
|poke|p1|Scovillain, L50, M|
|poke|p1|Araquanid, L50, M, shiny|
|poke|p1|Aerodactyl, L50, F|
|poke|p1|Sinistcha, L50|
|poke|p1|Scizor, L50, M|
|poke|p1|Pelipper, L50, M, shiny|
|poke|p2|Sinistcha, L50|
|poke|p2|Incineroar, L50, M|
|poke|p2|Milotic, L50, M|
|poke|p2|Raichu, L50, F|
|poke|p2|Floette-Eternal, L50, F|
|poke|p2|Ceruledge, L50, M|
|teampreview|4
|showteam|p1|Scovillain||Scovillainite|Moody|Protect,RagePowder,GigaDrain,LeechSeed|Modest||M|||50|]Araquanid||LifeOrb|WaterBubble|PoisonJab,Liquidation,LeechLife,Protect|Adamant||M|||50|]Aerodactyl||FocusSash|Unnerve|DualWingbeat,RockSlide,WideGuard,Tailwind|Jolly||F|||50|]Sinistcha||SitrusBerry|Hospitality|MatchaGotcha,RagePowder,Protect,LifeDew|Modest|||||50|]Scizor||Scizorite|Technician|DualWingbeat,BulletPunch,BugBite,SwordsDance|Adamant||M|||50|]Pelipper||BrightPowder|Drizzle|Hurricane,WeatherBall,HydroPump,Tailwind|Bold||M|||50|
|showteam|p2|Sinistcha||KasibBerry|Hospitality|MatchaGotcha,LifeDew,RagePowder,Protect|Relaxed|||||50|]Incineroar||SitrusBerry|Intimidate|FlareBlitz,ThroatChop,FakeOut,PartingShot|Impish||M|||50|]Milotic||Leftovers|Competitive|MuddyWater,Coil,Hypnosis,Recover|Calm||M|||50|]Raichu||RaichuniteY|LightningRod|ZapCannon,FocusBlast,FakeOut,Protect|Timid||F|||50|]Floette-Eternal||Floettite|FlowerVeil|DazzlingGleam,DrainingKiss,CalmMind,Protect|Timid||F|||50|]Ceruledge||ColburBerry|FlashFire|BitterBlade,ShadowSneak,BulkUp,Protect|Adamant||M|||50|
|inactive|Battle timer is ON: inactive players will automatically lose when time's up. (requested by Gancelot)
|
|t:|1783394149
|teamsize|p1|4
|teamsize|p2|4
|start
|switch|p1a: Pelipper|Pelipper, L50, M, shiny|100/100
|switch|p1b: Araquanid|Araquanid, L50, M, shiny|100/100
|switch|p2a: Floette|Floette-Eternal, L50, F|100/100
|switch|p2b: Incineroar|Incineroar, L50, M|100/100
|-weather|RainDance|[from] ability: Drizzle|[of] p1a: Pelipper
|-ability|p2b: Incineroar|Intimidate|boost
|-unboost|p1a: Pelipper|atk|1
|-unboost|p1b: Araquanid|atk|1
|turn|1
|
|t:|1783394162
|detailschange|p2a: Floette|Floette-Mega, L50, F
|-mega|p2a: Floette|Floette|Floettite
|-ability|p2a: Floette|Fairy Aura
|move|p2b: Incineroar|Fake Out|p1b: Araquanid
|-damage|p1b: Araquanid|88/100
|move|p2a: Floette|Calm Mind|p2a: Floette
|-boost|p2a: Floette|spa|1
|-boost|p2a: Floette|spd|1
|move|p1a: Pelipper|Tailwind|p1a: Pelipper
|-sidestart|p1: lockson1987|move: Tailwind
|cant|p1b: Araquanid|flinch
|
|-weather|RainDance|[upkeep]
|upkeep
|turn|2
|inactive|lockson1987 has 30 seconds left.
|inactive|Gancelot has 30 seconds left.
|
|t:|1783394191
|switch|p2b: Sinistcha|Sinistcha, L50|100/100
|move|p2a: Floette|Protect|p2a: Floette
|-singleturn|p2a: Floette|Protect
|move|p1a: Pelipper|Weather Ball|p2b: Sinistcha
|-resisted|p2b: Sinistcha|1
|-damage|p2b: Sinistcha|74/100
|move|p1b: Araquanid|Liquidation|p2a: Floette
|-activate|p2a: Floette|move: Protect
|
|-weather|RainDance|[upkeep]
|upkeep
|turn|3
|
|t:|1783394225
|switch|p1b: Scovillain|Scovillain, L50, M|100/100
|move|p2b: Sinistcha|Rage Powder|p2b: Sinistcha
|-singleturn|p2b: Sinistcha|move: Rage Powder
|move|p1a: Pelipper|Hurricane|p2b: Sinistcha
|-supereffective|p2b: Sinistcha|1
|-damage|p2b: Sinistcha|0 fnt
|faint|p2b: Sinistcha
|move|p2a: Floette|Dazzling Gleam|p1b: Scovillain|[spread] p1a,p1b
|-resisted|p1b: Scovillain|1
|-damage|p1a: Pelipper|25/100
|-damage|p1b: Scovillain|62/100
|
|-weather|RainDance|[upkeep]
|-ability|p1b: Scovillain|Moody|boost
|-boost|p1b: Scovillain|spa|2
|-unboost|p1b: Scovillain|spe|1
|upkeep
|inactive|Gancelot has 30 seconds left.
|
|t:|1783394250
|switch|p2b: Raichu|Raichu, L50, F|100/100
|turn|4
|
|t:|1783394269
|move|p2b: Raichu|Fake Out|p1b: Scovillain
|-damage|p1b: Scovillain|53/100
|move|p1a: Pelipper|Weather Ball|p2b: Raichu
|-damage|p2b: Raichu|24/100
|move|p2a: Floette|Calm Mind|p2a: Floette
|-boost|p2a: Floette|spa|1
|-boost|p2a: Floette|spd|1
|cant|p1b: Scovillain|flinch
|
|-weather|RainDance|[upkeep]
|-sideend|p1: lockson1987|move: Tailwind
|-ability|p1b: Scovillain|Moody|boost
|-boost|p1b: Scovillain|spd|2
|-unboost|p1b: Scovillain|spa|1
|upkeep
|turn|5
|inactive|Gancelot has 30 seconds left.
|
|t:|1783394295
|switch|p1a: Sinistcha|Sinistcha, L50|100/100
|-heal|p1b: Scovillain|78/100|[from] ability: Hospitality|[of] p1a: Sinistcha
|detailschange|p1b: Scovillain|Scovillain-Mega, L50, M
|-mega|p1b: Scovillain|Scovillain|Scovillainite
|move|p1b: Scovillain|Rage Powder|p1b: Scovillain
|-singleturn|p1b: Scovillain|move: Rage Powder
|move|p2a: Floette|Dazzling Gleam|p1a: Sinistcha|[spread] p1a,p1b
|-resisted|p1b: Scovillain|1
|-damage|p1a: Sinistcha|9/100
|-damage|p1b: Scovillain|58/100
|-status|p2a: Floette|brn|[from] ability: Spicy Spray|[of] p1b: Scovillain
|-enditem|p1a: Sinistcha|Sitrus Berry|[eat]
|-heal|p1a: Sinistcha|34/100|[from] item: Sitrus Berry
|move|p2b: Raichu|Focus Blast|p1b: Scovillain
|-damage|p1b: Scovillain|43/100
|-status|p2b: Raichu|brn|[from] ability: Spicy Spray|[of] p1b: Scovillain
|
|-weather|none
|-damage|p2a: Floette|94/100 brn|[from] brn
|-damage|p2b: Raichu|18/100 brn|[from] brn
|upkeep
|turn|6
|inactive|Gancelot has 30 seconds left.
|
|t:|1783394322
|switch|p2b: Incineroar|Incineroar, L50, M|100/100
|-ability|p2b: Incineroar|Intimidate|boost
|-unboost|p1a: Sinistcha|atk|1
|-unboost|p1b: Scovillain|atk|1
|move|p2a: Floette|Dazzling Gleam|p1b: Scovillain|[spread] p1a,p1b
|-resisted|p1b: Scovillain|1
|-damage|p1a: Sinistcha|0 fnt
|-damage|p1b: Scovillain|23/100
|faint|p1a: Sinistcha
|move|p1b: Scovillain|Leech Seed|p2a: Floette
|-start|p2a: Floette|move: Leech Seed
|
|-damage|p2a: Floette|82/100 brn|[from] Leech Seed|[of] p1b: Scovillain
|-heal|p1b: Scovillain|34/100|[silent]
|-damage|p2a: Floette|76/100 brn|[from] brn
|upkeep
|
|t:|1783394335
|switch|p1a: Pelipper|Pelipper, L50, M, shiny|25/100
|-weather|RainDance|[from] ability: Drizzle|[of] p1a: Pelipper
|turn|7
|inactive|lockson1987 has 30 seconds left.
|
|t:|1783394366
|switch|p2b: Raichu|Raichu, L50, F|18/100 brn
|move|p2a: Floette|Dazzling Gleam|p1a: Pelipper|[spread] p1a,p1b
|-resisted|p1b: Scovillain|1
|-damage|p1a: Pelipper|0 fnt
|-damage|p1b: Scovillain|14/100
|faint|p1a: Pelipper
|move|p1b: Scovillain|Leech Seed|p2b: Raichu|[miss]
|-miss|p1b: Scovillain|p2b: Raichu
|
|-weather|RainDance|[upkeep]
|-damage|p2a: Floette|64/100 brn|[from] Leech Seed|[of] p1b: Scovillain
|-heal|p1b: Scovillain|25/100|[silent]
|-damage|p2a: Floette|58/100 brn|[from] brn
|-damage|p2b: Raichu|12/100 brn|[from] brn
|upkeep
|
|t:|1783394380
|switch|p1a: Araquanid|Araquanid, L50, M, shiny|88/100
|turn|8
|
|t:|1783394395
|move|p1b: Scovillain|Protect|p1b: Scovillain
|-singleturn|p1b: Scovillain|Protect
|move|p2b: Raichu|Fake Out|p1a: Araquanid
|-damage|p1a: Araquanid|83/100
|move|p2a: Floette|Calm Mind|p2a: Floette
|-boost|p2a: Floette|spa|1
|-boost|p2a: Floette|spd|1
|cant|p1a: Araquanid|flinch
|
|-weather|RainDance|[upkeep]
|-damage|p2a: Floette|46/100 brn|[from] Leech Seed|[of] p1b: Scovillain
|-heal|p1b: Scovillain|36/100|[silent]
|-damage|p2a: Floette|40/100 brn|[from] brn
|-damage|p2b: Raichu|6/100 brn|[from] brn
|upkeep
|turn|9
|
|t:|1783394419
|move|p2a: Floette|Dazzling Gleam|p1b: Scovillain|[spread] p1a,p1b
|-crit|p1a: Araquanid
|-resisted|p1b: Scovillain|1
|-damage|p1a: Araquanid|0 fnt
|-damage|p1b: Scovillain|12/100
|faint|p1a: Araquanid
|move|p2b: Raichu|Zap Cannon|p1b: Scovillain
|-resisted|p1b: Scovillain|1
|-damage|p1b: Scovillain|3/100
|-status|p1b: Scovillain|par
|move|p1b: Scovillain|Leech Seed|p2b: Raichu
|-start|p2b: Raichu|move: Leech Seed
|
|-weather|RainDance|[upkeep]
|-damage|p2a: Floette|28/100 brn|[from] Leech Seed|[of] p1b: Scovillain
|-heal|p1b: Scovillain|14/100 par|[silent]
|-damage|p2b: Raichu|0 fnt|[from] Leech Seed|[of] p1b: Scovillain
|-heal|p1b: Scovillain|20/100y par|[silent]
|faint|p2b: Raichu
|-damage|p2a: Floette|22/100 brn|[from] brn
|upkeep
|
|t:|1783394423
|switch|p2b: Incineroar|Incineroar, L50, M|100/100
|-ability|p2b: Incineroar|Intimidate|boost
|-unboost|p1b: Scovillain|atk|1
|turn|10
|
|t:|1783394431
|move|p1b: Scovillain|Protect|p1b: Scovillain
|-singleturn|p1b: Scovillain|Protect
|move|p2b: Incineroar|Fake Out|p1b: Scovillain
|-activate|p1b: Scovillain|move: Protect
|move|p2a: Floette|Draining Kiss|p2b: Incineroar
|-damage|p2b: Incineroar|26/100
|-heal|p2a: Floette|93/100 brn|[from] drain|[of] p2b: Incineroar
|-enditem|p2b: Incineroar|Sitrus Berry|[eat]
|-heal|p2b: Incineroar|51/100|[from] item: Sitrus Berry
|
|-weather|RainDance|[upkeep]
|-damage|p2a: Floette|81/100 brn|[from] Leech Seed|[of] p1b: Scovillain
|-heal|p1b: Scovillain|31/100 par|[silent]
|-damage|p2a: Floette|75/100 brn|[from] brn
|upkeep
|turn|11
|
|t:|1783394447
|move|p2a: Floette|Draining Kiss|p1b: Scovillain
|-resisted|p1b: Scovillain|1
|-damage|p1b: Scovillain|11/100 par
|-heal|p2a: Floette|92/100 brn|[from] drain|[of] p1b: Scovillain
|move|p2b: Incineroar|Throat Chop|p1b: Scovillain
|-damage|p1b: Scovillain|0 fnt
|-immune|p2b: Incineroar
|faint|p1b: Scovillain
|
|win|Gancelot
