|j|☆Oldenewguy
|j|☆P!nkbearz07
|html|OldenewguyP!nkbearz07    
|uhtml|bestof|Game 2 of a best-of-3
|t:|1756520999
|gametype|doubles
|player|p1|Oldenewguy|plasmagrunt|1080
|player|p2|P!nkbearz07|marlon|1090
|gen|9
|tier|[Gen 9] VGC 2025 Reg H (Bo3)
|rated|
|rule|Species Clause: Limit one of each Pokémon
|rule|Item Clause: Limit 1 of each item
|clearpoke
|poke|p1|Hatterene, L50, F|
|poke|p1|Indeedee-F, L50, F|
|poke|p1|Amoonguss, L50, M|
|poke|p1|Sneasler, L50, F|
|poke|p1|Ursaluna-Bloodmoon, L50, M|
|poke|p1|Volcarona, L50, M|
|poke|p2|Pelipper, L50, F|
|poke|p2|Archaludon, L50, F|
|poke|p2|Basculegion, L50, M|
|poke|p2|Empoleon, L50, M|
|poke|p2|Serperior, L50, M|
|poke|p2|Ursaluna-Bloodmoon, L50, M|
|teampreview|4
|showteam|p1|Hatterene||LifeOrb|MagicBounce|TrickRoom,DazzlingGleam,Protect,ExpandingForce|||F|||50|,,,,,Steel]Indeedee-F||RockyHelmet|PsychicSurge|TrickRoom,Psychic,HelpingHand,FollowMe|||F|||50|,,,,,Fairy]Amoonguss||SitrusBerry|Regenerator|Spore,RagePowder,Protect,PollenPuff|||M|||50|,,,,,Water]Sneasler||PsychicSeed|Unburden|DireClaw,Protect,CloseCombat,ThroatChop|||F|||50|,,,,,Dark]Ursaluna-Bloodmoon||ThroatSpray|MindsEye|BloodMoon,HyperVoice,EarthPower,Protect|||M|||50|,,,,,Poison]Volcarona||Leftovers|FlameBody|QuiverDance,FieryDance,GigaDrain,Protect|||M|||50|,,,,,Water
|showteam|p2|Pelipper||FocusSash|Drizzle|Hurricane,WeatherBall,Tailwind,Protect|||F|||50|,,,,,Ghost]Archaludon||AssaultVest|Sturdy|FlashCannon,DracoMeteor,ElectroShot,BodyPress|||F|||50|,,,,,Electric]Basculegion||ChoiceBand|SwiftSwim|WaveCrash,AquaJet,FlipTurn,LastRespects|||M|||50|,,,,,Water]Empoleon||CovertCloak|Competitive|WaterPledge,FlashCannon,IceBeam,Protect|||M|||50|,,,,,Flying]Serperior||MiracleSeed|Contrary|LeafStorm,GrassPledge,TeraBlast,Protect|||M|||50|,,,,,Stellar]Ursaluna-Bloodmoon||LifeOrb|MindsEye|EarthPower,BloodMoon,HyperVoice,Protect|||M|||50|,,,,,Normal
|inactive|Battle timer is ON: inactive players will automatically lose when time's up. (requested by P!nkbearz07)
|
|t:|1756521026
|teamsize|p1|4
|teamsize|p2|4
|start
|switch|p1a: Sporer|Amoonguss, L50, M, shiny|100/100
|switch|p1b: Ursaluna|Ursaluna-Bloodmoon, L50, M|100/100
|switch|p2a: Harlem|Archaludon, L50, F, shiny|100/100
|switch|p2b: Lorb|Pelipper, L50, F, shiny|100/100
|-weather|RainDance|[from] ability: Drizzle|[of] p2b: Lorb
|turn|1
|inactive|P!nkbearz07 has 30 seconds left.
|
|t:|1756521059
|-terastallize|p1b: Ursaluna|Poison
|move|p2b: Lorb|Hurricane|p1a: Sporer
|-supereffective|p1a: Sporer
|-damage|p1a: Sporer|20/100
|-enditem|p1a: Sporer|Sitrus Berry|[eat]
|-heal|p1a: Sporer|45/100|[from] item: Sitrus Berry
|move|p2a: Harlem|Electro Shot||[still]
|-prepare|p2a: Harlem|Electro Shot
|-boost|p2a: Harlem|spa|1
|-anim|p2a: Harlem|Electro Shot|p1a: Sporer
|-resisted|p1a: Sporer
|-damage|p1a: Sporer|15/100
|move|p1b: Ursaluna|Hyper Voice|p2b: Lorb|[spread] p2a,p2b
|-resisted|p2a: Harlem
|-damage|p2a: Harlem|83/100
|-damage|p2b: Lorb|32/100
|-enditem|p1b: Ursaluna|Throat Spray
|-boost|p1b: Ursaluna|spa|1|[from] item: Throat Spray
|move|p1a: Sporer|Spore|p2b: Lorb
|-status|p2b: Lorb|slp|[from] move: Spore
|
|-weather|RainDance|[upkeep]
|upkeep
|turn|2
|inactive|Oldenewguy has 30 seconds left.
|inactive|P!nkbearz07 has 30 seconds left.
|inactive|P!nkbearz07 has 20 seconds left.
|
|t:|1756521096
|move|p1a: Sporer|Protect|p1a: Sporer
|-singleturn|p1a: Sporer|Protect
|cant|p2b: Lorb|slp
|move|p2a: Harlem|Electro Shot||[still]
|-prepare|p2a: Harlem|Electro Shot
|-boost|p2a: Harlem|spa|1
|-anim|p2a: Harlem|Electro Shot|p1a: Sporer
|-activate|p1a: Sporer|move: Protect
|move|p1b: Ursaluna|Earth Power|p2a: Harlem
|-supereffective|p2a: Harlem
|-damage|p2a: Harlem|0 fnt
|faint|p2a: Harlem
|
|-weather|RainDance|[upkeep]
|upkeep
|
|t:|1756521105
|switch|p2a: Ursaluna|Ursaluna-Bloodmoon, L50, M|100/100
|turn|3
|
|t:|1756521125
|-terastallize|p2a: Ursaluna|Normal
|-curestatus|p2b: Lorb|slp|[msg]
|move|p2b: Lorb|Weather Ball|p1b: Ursaluna
|-damage|p1b: Ursaluna|29/100
|move|p2a: Ursaluna|Hyper Voice|p1b: Ursaluna|[spread] p1a,p1b
|-damage|p1a: Sporer|0 fnt
|-damage|p1b: Ursaluna|0 fnt
|faint|p1a: Sporer
|faint|p1b: Ursaluna
|-damage|p2a: Ursaluna|91/100|[from] item: Life Orb
|
|-weather|RainDance|[upkeep]
|upkeep
|
|t:|1756521140
|switch|p1b: Volcarona|Volcarona, L50, M, shiny|100/100
|switch|p1a: Sneasler|Sneasler, L50, F, shiny|100/100
|turn|4
|
|t:|1756521152
|switch|p2a: Shenlong|Basculegion, L50, M, shiny|100/100
|move|p1a: Sneasler|Dire Claw|p2b: Lorb
|-damage|p2b: Lorb|0 fnt
|faint|p2b: Lorb
|move|p1b: Volcarona|Fiery Dance|p2a: Shenlong
|-resisted|p2a: Shenlong
|-damage|p2a: Shenlong|89/100
|-boost|p1b: Volcarona|spa|1
|
|-weather|RainDance|[upkeep]
|upkeep
|
|t:|1756521157
|switch|p2b: Ursaluna|Ursaluna-Bloodmoon, L50, M, tera:Normal|91/100
|turn|5
|inactive|P!nkbearz07 has 30 seconds left.
|
|t:|1756521183
|move|p1a: Sneasler|Protect|p1a: Sneasler
|-singleturn|p1a: Sneasler|Protect
|move|p1b: Volcarona|Protect|p1b: Volcarona
|-singleturn|p1b: Volcarona|Protect
|move|p2a: Shenlong|Last Respects|p1a: Sneasler
|-activate|p1a: Sneasler|move: Protect
|move|p2b: Ursaluna|Hyper Voice|p1a: Sneasler|[spread] 
|-activate|p1a: Sneasler|move: Protect
|-activate|p1b: Volcarona|move: Protect
|
|-weather|none
|upkeep
|turn|6
|
|t:|1756521201
|move|p2b: Ursaluna|Protect|p2b: Ursaluna
|-singleturn|p2b: Ursaluna|Protect
|move|p1a: Sneasler|Close Combat|p2b: Ursaluna
|-activate|p2b: Ursaluna|move: Protect
|move|p1b: Volcarona|Giga Drain|p2a: Shenlong
|-supereffective|p2a: Shenlong
|-damage|p2a: Shenlong|6/100
|move|p2a: Shenlong|Last Respects|p1a: Sneasler
|-damage|p1a: Sneasler|0 fnt
|faint|p1a: Sneasler
|
|upkeep
|turn|7
|
|t:|1756521217
|move|p1b: Volcarona|Fiery Dance|p2a: Shenlong
|-resisted|p2a: Shenlong
|-damage|p2a: Shenlong|0 fnt
|faint|p2a: Shenlong
|move|p2b: Ursaluna|Blood Moon|p1b: Volcarona
|-damage|p1b: Volcarona|0 fnt
|faint|p1b: Volcarona
|-damage|p2b: Ursaluna|81/100|[from] item: Life Orb
|
|win|P!nkbearz07
|raw|Oldenewguy's rating: 1080 → 1059(-21 for losing)
|raw|P!nkbearz07's rating: 1090 → 1116(+26 for winning)
