|j|☆neuesspielzeug
|j|☆FreezyPop439
|html|neuesspielzeugFreezyPop439    
|uhtml|bestof|Game 1 of a best-of-3
|t:|1784558074
|gametype|doubles
|player|p1|neuesspielzeug|2|1281
|player|p2|FreezyPop439|collector|1357
|gen|9
|tier|[Gen 9 Champions] VGC 2026 Reg M-B (Bo3)
|rated|
|rule|Species Clause: Limit one of each Pokémon
|rule|Item Clause: Limit 1 of each item
|clearpoke
|poke|p1|Scrafty, L50, M|
|poke|p1|Toxapex, L50, M|
|poke|p1|Metagross, L50|
|poke|p1|Chandelure, L50, M|
|poke|p1|Hydreigon, L50, F|
|poke|p1|Sneasler, L50, M|
|poke|p2|Raichu, L50, F|
|poke|p2|Gyarados, L50, M|
|poke|p2|Mamoswine, L50, M|
|poke|p2|Ceruledge, L50, F|
|poke|p2|Clefable, L50, F|
|poke|p2|Kingambit, L50, M|
|teampreview|4
|showteam|p1|Scrafty||Scraftinite|Intimidate|FakeOut,DrainPunch,KnockOff,PoisonJab|Careful||M|||50|]Toxapex||Leftovers|Regenerator|Infestation,Toxic,BanefulBunker,WideGuard|Bold||M|||50|]Metagross||Metagrossite|ClearBody|PsychicFangs,StompingTantrum,IcePunch,Protect|Jolly|||||50|]Chandelure||FocusSash|FlashFire|EnergyBall,HeatWave,ShadowBall,Protect|Timid||M|||50|]Hydreigon||ChoiceScarf|Levitate|DracoMeteor,Snarl,DarkPulse,EarthPower|Modest||F|||50|]Sneasler||LifeOrb|PoisonTouch|FakeOut,CloseCombat,DireClaw,Protect|Jolly||M|||50|
|showteam|p2|Raichu||RaichuniteY|LightningRod|ZapCannon,FocusBlast,FakeOut,Protect|Timid||F|||50|]Gyarados||Gyaradosite|Intimidate|Waterfall,PowerWhip,DragonDance,Protect|Adamant||M|||50|]Mamoswine||LifeOrb|Oblivious|HighHorsepower,IceShard,IcicleCrash,Protect|Jolly||M|||50|]Ceruledge||ColburBerry|FlashFire|BitterBlade,ShadowSneak,BulkUp,Protect|Adamant||F|||50|]Clefable||SitrusBerry|Unaware|Moonblast,FollowMe,HelpingHand,Protect|Bold||F|||50|]Kingambit||FocusSash|Defiant|IronHead,KowtowCleave,SuckerPunch,LowKick|Adamant||M|||50|
|
|t:|1784558135
|teamsize|p1|4
|teamsize|p2|4
|start
|switch|p1a: Hydreigon|Hydreigon, L50, F|100/100
|switch|p1b: Sneasler|Sneasler, L50, M|100/100
|switch|p2a: Raichu|Raichu, L50, F|100/100
|switch|p2b: Kingambit|Kingambit, L50, M|100/100
|turn|1
|
|t:|1784558160
|switch|p2a: Gyarados|Gyarados, L50, M|100/100
|-ability|p2a: Gyarados|Intimidate|boost
|-unboost|p1a: Hydreigon|atk|1
|-unboost|p1b: Sneasler|atk|1
|move|p1b: Sneasler|Fake Out|p2b: Kingambit
|-resisted|p2b: Kingambit|1
|-damage|p2b: Kingambit|94/100
|-damage|p1b: Sneasler|90/100|[from] item: Life Orb
|move|p1a: Hydreigon|Earth Power|p2a: Gyarados
|-immune|p2a: Gyarados
|cant|p2b: Kingambit|flinch
|
|upkeep
|turn|2
|
|t:|1784558195
|switch|p1a: Toxapex|Toxapex, L50, M|100/100
|move|p1b: Sneasler|Close Combat|p2b: Kingambit
|-supereffective|p2b: Kingambit|2
|-damage|p2b: Kingambit|0 fnt
|-unboost|p1b: Sneasler|def|1
|-unboost|p1b: Sneasler|spd|1
|faint|p2b: Kingambit
|-damage|p1b: Sneasler|80/100|[from] item: Life Orb
|move|p2a: Gyarados|Waterfall|p1b: Sneasler
|-damage|p1b: Sneasler|0 fnt
|faint|p1b: Sneasler
|
|upkeep
|
|t:|1784558206
|switch|p1b: Hydreigon|Hydreigon, L50, F|100/100
|switch|p2b: Raichu|Raichu, L50, F|100/100
|turn|3
|
|t:|1784558232
|detailschange|p2b: Raichu|Raichu-Mega-Y, L50, F
|-mega|p2b: Raichu|Raichu|Raichunite Y
|move|p1a: Toxapex|Baneful Bunker|p1a: Toxapex
|-singleturn|p1a: Toxapex|move: Protect
|move|p1b: Hydreigon|Earth Power|p2b: Raichu
|-supereffective|p2b: Raichu|1
|-damage|p2b: Raichu|12/100
|-unboost|p2b: Raichu|spd|1
|move|p2b: Raichu|Zap Cannon|p1a: Toxapex
|-activate|p1a: Toxapex|move: Protect
|move|p2a: Gyarados|Dragon Dance|p2a: Gyarados
|-boost|p2a: Gyarados|atk|1
|-boost|p2a: Gyarados|spe|1
|
|upkeep
|turn|4
|
|t:|1784558278
|switch|p2b: Mamoswine|Mamoswine, L50, M|100/100
|move|p1b: Hydreigon|Earth Power|p2b: Mamoswine
|-damage|p2b: Mamoswine|53/100
|move|p2a: Gyarados|Waterfall|p1b: Hydreigon
|-resisted|p1b: Hydreigon|1
|-damage|p1b: Hydreigon|63/100
|move|p1a: Toxapex|Toxic|p2a: Gyarados
|-status|p2a: Gyarados|tox
|
|-damage|p2a: Gyarados|93/100 tox|[from] psn
|upkeep
|turn|5
|
|t:|1784558299
|move|p2b: Mamoswine|Protect|p2b: Mamoswine
|-singleturn|p2b: Mamoswine|Protect
|move|p1b: Hydreigon|Earth Power|p2b: Mamoswine
|-activate|p2b: Mamoswine|move: Protect
|move|p2a: Gyarados|Waterfall|p1b: Hydreigon
|-resisted|p1b: Hydreigon|1
|-damage|p1b: Hydreigon|27/100
|move|p1a: Toxapex|Infestation|p2b: Mamoswine
|-activate|p2b: Mamoswine|move: Protect
|
|-damage|p2a: Gyarados|81/100 tox|[from] psn
|upkeep
|turn|6
|
|t:|1784558316
|move|p2b: Mamoswine|Ice Shard|p1b: Hydreigon
|-supereffective|p1b: Hydreigon|1
|-damage|p1b: Hydreigon|0 fnt
|faint|p1b: Hydreigon
|-damage|p2b: Mamoswine|43/100|[from] item: Life Orb
|move|p2a: Gyarados|Power Whip|p1a: Toxapex|[miss]
|-miss|p2a: Gyarados|p1a: Toxapex
|move|p1a: Toxapex|Infestation|p2a: Gyarados
|-resisted|p2a: Gyarados|1
|-damage|p2a: Gyarados|80/100 tox
|-activate|p2a: Gyarados|move: Infestation|[of] p1a: Toxapex
|
|-damage|p2a: Gyarados|61/100 tox|[from] psn
|-damage|p2a: Gyarados|49/100 tox|[from] move: Infestation|[partiallytrapped]
|upkeep
|
|t:|1784558328
|switch|p1b: Chandelure|Chandelure, L50, M|100/100
|turn|7
|
|t:|1784558347
|move|p2b: Mamoswine|Protect|p2b: Mamoswine
|-singleturn|p2b: Mamoswine|Protect
|move|p1b: Chandelure|Protect|p1b: Chandelure
|-singleturn|p1b: Chandelure|Protect
|move|p2a: Gyarados|Waterfall|p1b: Chandelure
|-activate|p1b: Chandelure|move: Protect
|move|p1a: Toxapex|Toxic|p2b: Mamoswine
|-activate|p2b: Mamoswine|move: Protect
|
|-damage|p2a: Gyarados|25/100 tox|[from] psn
|-damage|p2a: Gyarados|13/100 tox|[from] move: Infestation|[partiallytrapped]
|upkeep
|turn|8
|
|t:|1784558363
|move|p1b: Chandelure|Protect||[still]
|-fail|p1b: Chandelure
|move|p2b: Mamoswine|Ice Shard|p1b: Chandelure
|-resisted|p1b: Chandelure|1
|-damage|p1b: Chandelure|78/100
|-damage|p2b: Mamoswine|34/100|[from] item: Life Orb
|move|p2a: Gyarados|Waterfall|p1b: Chandelure
|-supereffective|p1b: Chandelure|1
|-damage|p1b: Chandelure|0 fnt
|faint|p1b: Chandelure
|move|p1a: Toxapex|Toxic|p2b: Mamoswine
|-status|p2b: Mamoswine|tox
|
|-damage|p2a: Gyarados|0 fnt|[from] psn
|faint|p2a: Gyarados
|-damage|p2b: Mamoswine|28/100 tox|[from] psn
|upkeep
|
|t:|1784558365
|switch|p2a: Raichu|Raichu-Mega-Y, L50, F|12/100
|turn|9
|
|t:|1784558379
|move|p1a: Toxapex|Baneful Bunker|p1a: Toxapex
|-singleturn|p1a: Toxapex|move: Protect
|move|p2a: Raichu|Zap Cannon|p1a: Toxapex
|-activate|p1a: Toxapex|move: Protect
|move|p2b: Mamoswine|High Horsepower|p1a: Toxapex
|-activate|p1a: Toxapex|move: Protect
|
|-damage|p2b: Mamoswine|16/100 tox|[from] psn
|upkeep
|turn|10
|
|t:|1784558388
|move|p2a: Raichu|Zap Cannon|p1a: Toxapex
|-supereffective|p1a: Toxapex|1
|-damage|p1a: Toxapex|12/100
|-status|p1a: Toxapex|par
|move|p2b: Mamoswine|High Horsepower|p1a: Toxapex
|-supereffective|p1a: Toxapex|1
|-damage|p1a: Toxapex|0 fnt
|faint|p1a: Toxapex
|-damage|p2b: Mamoswine|6/100 tox|[from] item: Life Orb
|
|win|FreezyPop439
||neuesspielzeug is ready for game 2.
