|j|☆moicito
|j|☆Soratami
|html|moicitoSoratami    
|uhtml|bestof|Game 1 of a best-of-3
|t:|1756617113
|gametype|doubles
|player|p1|moicito|caitlin|1148
|player|p2|Soratami|ethan|1204
|gen|9
|tier|[Gen 9] VGC 2025 Reg H (Bo3)
|rated|
|rule|Species Clause: Limit one of each Pokémon
|rule|Item Clause: Limit 1 of each item
|clearpoke
|poke|p1|Kingambit, L50, F|
|poke|p1|Rillaboom, L50, F|
|poke|p1|Magmar, L50, F|
|poke|p1|Primarina, L50, M|
|poke|p1|Sneasler, L50, M|
|poke|p1|Dragapult, L50, M|
|poke|p2|Torkoal, L50, F|
|poke|p2|Vileplume, L50, M|
|poke|p2|Indeedee-F, L50, F|
|poke|p2|Hatterene, L50, F|
|poke|p2|Ursaluna, L50, F|
|poke|p2|Gallade, L50, M|
|teampreview|4
|showteam|p1|Kingambit||BlackGlasses|Defiant|Protect,KowtowCleave,SuckerPunch,SwordsDance|||F|||50|,,,,,Ghost]Rillaboom||AssaultVest|GrassySurge|WoodHammer,GrassyGlide,HighHorsepower,FakeOut|||F|||50|,,,,,Fire]Magmar||Eviolite|VitalSpirit|Overheat,WillOWisp,FollowMe,Protect|||F|||50|,,,,,Ghost]Primarina||SitrusBerry|LiquidVoice|HyperVoice,Moonblast,Haze,Protect|||M|||50|,,,,,Water]Sneasler||FocusSash|PoisonTouch|CloseCombat,DireClaw,Coaching,FakeOut|||M|||50|,,,,,Stellar]Dragapult||ChoiceBand|ClearBody|DragonDarts,TeraBlast,PhantomForce,Uturn|||M|||50|,,,,,Ghost
|showteam|p2|Torkoal||Charcoal|Drought|ClearSmog,HeatWave,Eruption,Protect|||F|||50|,,,,,Fire]Vileplume||FocusSash|Chlorophyll|LeafStorm,SleepPowder,Protect,AfterYou|||M|||50|,,,,,Water]Indeedee-F||PsychicSeed|PsychicSurge|FollowMe,HelpingHand,TrickRoom,Psychic|||F|||50|,,,,,Fairy]Hatterene||LifeOrb|MagicBounce|DazzlingGleam,ExpandingForce,TrickRoom,Protect|||F|||50|,,,,,Psychic]Ursaluna||FlameOrb|Guts|Earthquake,Facade,HeadlongRush,Protect|||F|||50|,,,,,Ghost]Gallade||ClearAmulet|Sharpness|PsychoCut,SacredSword,TrickRoom,WideGuard|||M|||50|,,,,,Fire
|inactive|Battle timer is ON: inactive players will automatically lose when time's up. (requested by Soratami)
|inactive|moicito has 60 seconds left.
|inactive|Soratami has 60 seconds left.
|inactive|Soratami has 30 seconds left.
|
|t:|1756617177
|teamsize|p1|4
|teamsize|p2|4
|start
|switch|p1a: Dragapult|Dragapult, L50, M|100/100
|switch|p1b: Kingii|Kingambit, L50, F, shiny|100/100
|switch|p2a: Hatterene|Hatterene, L50, F|100/100
|switch|p2b: Indeedee|Indeedee-F, L50, F|100/100
|-fieldstart|move: Psychic Terrain|[from] ability: Psychic Surge|[of] p2b: Indeedee
|-enditem|p2b: Indeedee|Psychic Seed
|-boost|p2b: Indeedee|spd|1|[from] item: Psychic Seed
|turn|1
|
|t:|1756617198
|move|p2a: Hatterene|Protect|p2a: Hatterene
|-singleturn|p2a: Hatterene|Protect
|move|p1a: Dragapult|U-turn|p2a: Hatterene
|-activate|p2a: Hatterene|move: Protect
|move|p1b: Kingii|Kowtow Cleave|p2a: Hatterene
|-activate|p2a: Hatterene|move: Protect
|move|p2b: Indeedee|Trick Room|p2b: Indeedee
|-fieldstart|move: Trick Room|[of] p2b: Indeedee
|
|upkeep
|turn|2
|
|t:|1756617218
|switch|p1a: Rilli|Rillaboom, L50, F, shiny|100/100
|-fieldstart|move: Grassy Terrain|[from] ability: Grassy Surge|[of] p1a: Rilli
|move|p2b: Indeedee|Follow Me|p2b: Indeedee
|-singleturn|p2b: Indeedee|move: Follow Me
|move|p2a: Hatterene|Expanding Force|p1a: Rilli
|-damage|p1a: Rilli|55/100
|-damage|p2a: Hatterene|91/100|[from] item: Life Orb
|move|p1b: Kingii|Kowtow Cleave|p2b: Indeedee
|-supereffective|p2b: Indeedee
|-damage|p2b: Indeedee|0 fnt
|faint|p2b: Indeedee
|
|-heal|p2a: Hatterene|97/100|[from] Grassy Terrain
|-heal|p1a: Rilli|60/100|[from] Grassy Terrain
|upkeep
|
|t:|1756617238
|switch|p2b: Torkoal|Torkoal, L50, F|100/100
|-weather|SunnyDay|[from] ability: Drought|[of] p2b: Torkoal
|turn|3
|inactive|moicito has 30 seconds left.
|
|t:|1756617270
|-terastallize|p1b: Kingii|Ghost
|move|p2b: Torkoal|Protect|p2b: Torkoal
|-singleturn|p2b: Torkoal|Protect
|move|p2a: Hatterene|Protect|p2a: Hatterene
|-singleturn|p2a: Hatterene|Protect
|move|p1b: Kingii|Kowtow Cleave|p2b: Torkoal
|-activate|p2b: Torkoal|move: Protect
|move|p1a: Rilli|High Horsepower|p2b: Torkoal
|-activate|p2b: Torkoal|move: Protect
|
|-weather|SunnyDay|[upkeep]
|-heal|p2a: Hatterene|100/100|[from] Grassy Terrain
|-heal|p1a: Rilli|66/100|[from] Grassy Terrain
|upkeep
|turn|4
|
|t:|1756617290
|-terastallize|p2b: Torkoal|Fire
|move|p1a: Rilli|Grassy Glide|p2a: Hatterene
|-damage|p2a: Hatterene|55/100
|move|p2b: Torkoal|Eruption|p1b: Kingii|[spread] p1a,p1b
|-supereffective|p1a: Rilli
|-damage|p1a: Rilli|0 fnt
|-damage|p1b: Kingii|0 fnt
|faint|p1a: Rilli
|faint|p1b: Kingii
|move|p2a: Hatterene|Dazzling Gleam|p1: Rilli|[notarget]
|-fail|p2a: Hatterene
|
|-weather|SunnyDay|[upkeep]
|-heal|p2a: Hatterene|61/100|[from] Grassy Terrain
|upkeep
|
|t:|1756617303
|switch|p1b: Dragapult|Dragapult, L50, M|100/100
|switch|p1a: Primarina|Primarina, L50, M|100/100
|turn|5
|inactive|moicito has 30 seconds left.
|
|t:|1756617330
|move|p1a: Primarina|Protect|p1a: Primarina
|-singleturn|p1a: Primarina|Protect
|move|p2b: Torkoal|Eruption|p1a: Primarina|[spread] p1b
|-activate|p1a: Primarina|move: Protect
|-resisted|p1b: Dragapult
|-crit|p1b: Dragapult
|-damage|p1b: Dragapult|0 fnt
|faint|p1b: Dragapult
|move|p2a: Hatterene|Dazzling Gleam|p1a: Primarina
|-activate|p1a: Primarina|move: Protect
|
|-weather|SunnyDay|[upkeep]
|-heal|p2a: Hatterene|67/100|[from] Grassy Terrain
|-fieldend|move: Trick Room
|upkeep
|turn|6
|inactive|Soratami has 30 seconds left.
|
|t:|1756617356
|move|p2b: Torkoal|Protect|p2b: Torkoal
|-singleturn|p2b: Torkoal|Protect
|move|p1a: Primarina|Hyper Voice|p2a: Hatterene|[spread] p2a
|-activate|p2b: Torkoal|move: Protect
|-damage|p2a: Hatterene|52/100
|move|p2a: Hatterene|Dazzling Gleam|p1a: Primarina
|-damage|p1a: Primarina|49/100
|-enditem|p1a: Primarina|Sitrus Berry|[eat]
|-heal|p1a: Primarina|74/100|[from] item: Sitrus Berry
|-damage|p2a: Hatterene|42/100|[from] item: Life Orb
|
|-weather|SunnyDay|[upkeep]
|-heal|p1a: Primarina|81/100|[from] Grassy Terrain
|-heal|p2a: Hatterene|48/100|[from] Grassy Terrain
|-fieldend|move: Grassy Terrain
|upkeep
|turn|7
|-message|moicito forfeited.
|
|win|Soratami
||moicito is ready for game 2.
||Soratami is ready for game 2.
|uhtml|next|Next: Game 2 of 3
|l|☆Soratami
|player|p2|
