|j|☆RedGenji195
|j|☆JakAttack101
|html|RedGenji195JakAttack101    
|uhtml|bestof|Game 3 of a best-of-3
|t:|1756411927
|gametype|doubles
|player|p1|RedGenji195|2|1072
|player|p2|JakAttack101|blaine|1060
|gen|9
|tier|[Gen 9] VGC 2025 Reg H (Bo3)
|rated|
|rule|Species Clause: Limit one of each Pokémon
|rule|Item Clause: Limit 1 of each item
|clearpoke
|poke|p1|Pelipper, L50, M|
|poke|p1|Archaludon, L50, F|
|poke|p1|Basculegion, L50, M|
|poke|p1|Electabuzz, L50, F|
|poke|p1|Rillaboom, L50, F|
|poke|p1|Ursaluna-Bloodmoon, L50, M|
|poke|p2|Annihilape, L50, M|
|poke|p2|Ninetales-Alola, L50, M|
|poke|p2|Garchomp, L50, F|
|poke|p2|Dragonite, L50, M|
|poke|p2|Sneasler, L50, M|
|poke|p2|Incineroar, L50, F|
|teampreview|4
|showteam|p1|Pelipper||FocusSash|Drizzle|Hurricane,WeatherBall,Tailwind,WideGuard|||M|||50|,,,,,Ghost]Archaludon||AssaultVest|Stamina|ElectroShot,DragonPulse,FlashCannon,BodyPress|||F|||50|,,,,,Grass]Basculegion||MysticWater|SwiftSwim|Protect,WaveCrash,AquaJet,LastRespects|||M|||50|,,,,,Water]Electabuzz||Eviolite|VitalSpirit|Thunder,FollowMe,Taunt,Protect|||F|||50|,,,,,Ghost]Rillaboom||MiracleSeed|GrassySurge|WoodHammer,GrassyGlide,FakeOut,Uturn|||F|||50|,,,,,Grass]Ursaluna-Bloodmoon||LifeOrb|MindsEye|BloodMoon,HyperVoice,EarthPower,Protect|||M|||50|,,,,,Ghost
|showteam|p2|Annihilape||AssaultVest|Defiant|RageFist,DrainPunch,RockTomb,FinalGambit|||M|||50|,,,,,Fire]Ninetales-Alola||ChoiceSpecs|SnowWarning|Blizzard,Moonblast,FreezeDry,IcyWind|||M|||50|,,,,,Ghost]Garchomp||LifeOrb|RoughSkin|Earthquake,StompingTantrum,DragonClaw,Protect|||F|||50|,,,,,Steel]Dragonite||LoadedDice|Multiscale|ScaleShot,Tailwind,Protect,Haze|||M|||50|,,,,,Fairy]Sneasler||FocusSash|Unburden|CloseCombat,DireClaw,FakeOut,Coaching|||M|||50|,,,,,Ghost]Incineroar||SafetyGoggles|Intimidate|KnockOff,Taunt,FakeOut,PartingShot|||F|||50|,,,,,Fairy
|inactive|Battle timer is ON: inactive players will automatically lose when time's up. (requested by JakAttack101)
|
|t:|1756411950
|teamsize|p1|4
|teamsize|p2|4
|start
|switch|p1a: Pelipper|Pelipper, L50, M|100/100
|switch|p1b: Archaludon|Archaludon, L50, F|100/100
|switch|p2a: Sneasler|Sneasler, L50, M, shiny|100/100
|switch|p2b: Dragonite|Dragonite, L50, M, shiny|100/100
|-weather|RainDance|[from] ability: Drizzle|[of] p1a: Pelipper
|turn|1
|inactive|JakAttack101 has 30 seconds left.
|
|t:|1756411984
|-terastallize|p1b: Archaludon|Grass
|move|p2a: Sneasler|Dire Claw|p1b: Archaludon
|-supereffective|p1b: Archaludon
|-damage|p1b: Archaludon|43/100
|-status|p1b: Archaludon|par
|-ability|p1b: Archaludon|Stamina|boost
|-boost|p1b: Archaludon|def|1
|move|p2b: Dragonite|Tailwind|p2b: Dragonite
|-sidestart|p2: JakAttack101|move: Tailwind
|move|p1a: Pelipper|Tailwind|p1a: Pelipper
|-sidestart|p1: RedGenji195|move: Tailwind
|move|p1b: Archaludon|Electro Shot||[still]
|-prepare|p1b: Archaludon|Electro Shot
|-boost|p1b: Archaludon|spa|1
|-anim|p1b: Archaludon|Electro Shot|p2b: Dragonite
|-damage|p2b: Dragonite|65/100
|
|-weather|RainDance|[upkeep]
|upkeep
|turn|2
|inactive|RedGenji195 has 30 seconds left.
|inactive|RedGenji195 has 20 seconds left.
|inactive|RedGenji195 has 15 seconds left.
|inactive|RedGenji195 has 10 seconds left.
|
|t:|1756412031
|switch|p1b: Ursaluna|Ursaluna-Bloodmoon, L50, M|100/100
|move|p2a: Sneasler|Dire Claw|p1b: Ursaluna
|-resisted|p1b: Ursaluna
|-damage|p1b: Ursaluna|85/100
|move|p2b: Dragonite|Scale Shot|p1a: Pelipper
|-damage|p1a: Pelipper|80/100
|-damage|p1a: Pelipper|62/100
|-damage|p1a: Pelipper|43/100
|-damage|p1a: Pelipper|23/100
|-damage|p1a: Pelipper|3/100
|-hitcount|p1a: Pelipper|5
|-unboost|p2b: Dragonite|def|1
|-boost|p2b: Dragonite|spe|1
|move|p1a: Pelipper|Hurricane|p2a: Sneasler
|-supereffective|p2a: Sneasler
|-enditem|p2a: Sneasler|Focus Sash
|-damage|p2a: Sneasler|1/100
|
|-weather|RainDance|[upkeep]
|upkeep
|turn|3
|inactive|RedGenji195 has 30 seconds left.
|inactive|RedGenji195 has 20 seconds left.
|inactive|RedGenji195 has 15 seconds left.
|
|t:|1756412075
|switch|p1a: Basculegion|Basculegion, L50, M|100/100
|move|p1b: Ursaluna|Protect|p1b: Ursaluna
|-singleturn|p1b: Ursaluna|Protect
|move|p2a: Sneasler|Close Combat|p1b: Ursaluna
|-activate|p1b: Ursaluna|move: Protect
|move|p2b: Dragonite|Scale Shot|p1a: Basculegion
|-damage|p1a: Basculegion|82/100
|-damage|p1a: Basculegion|64/100
|-damage|p1a: Basculegion|45/100
|-damage|p1a: Basculegion|26/100
|-damage|p1a: Basculegion|6/100
|-hitcount|p1a: Basculegion|5
|-unboost|p2b: Dragonite|def|1
|-boost|p2b: Dragonite|spe|1
|
|-weather|RainDance|[upkeep]
|upkeep
|turn|4
|inactive|RedGenji195 has 30 seconds left.
|inactive|JakAttack101 has 30 seconds left.
|
|t:|1756412109
|switch|p2a: Ninetales|Ninetales-Alola, L50, M, shiny|100/100
|-weather|Snowscape|[from] ability: Snow Warning|[of] p2a: Ninetales
|move|p2b: Dragonite|Protect|p2b: Dragonite
|-singleturn|p2b: Dragonite|Protect
|move|p1a: Basculegion|Aqua Jet|p2a: Ninetales
|-damage|p2a: Ninetales|76/100
|move|p1b: Ursaluna|Blood Moon|p2b: Dragonite
|-activate|p2b: Dragonite|move: Protect
|
|-weather|Snowscape|[upkeep]
|-sideend|p2: JakAttack101|move: Tailwind
|-sideend|p1: RedGenji195|move: Tailwind
|upkeep
|turn|5
|inactive|RedGenji195 has 30 seconds left.
|inactive|RedGenji195 has 20 seconds left.
|inactive|RedGenji195 has 15 seconds left.
|inactive|JakAttack101 has 30 seconds left.
|inactive|RedGenji195 has 10 seconds left.
|inactive|RedGenji195 has 5 seconds left.
|inactive|JakAttack101 has 20 seconds left.
|
|t:|1756412164
|move|p2b: Dragonite|Scale Shot|p1a: Basculegion|[miss]
|-miss|p2b: Dragonite|p1a: Basculegion
|move|p2a: Ninetales|Freeze-Dry|p1b: Ursaluna
|-supereffective|p1b: Ursaluna
|-damage|p1b: Ursaluna|0 fnt
|faint|p1b: Ursaluna
|move|p1a: Basculegion|Wave Crash|p2a: Ninetales
|-damage|p2a: Ninetales|3/100
|-damage|p1a: Basculegion|0 fnt|[from] Recoil
|faint|p1a: Basculegion
|
|-weather|Snowscape|[upkeep]
|upkeep
|
|t:|1756412176
|switch|p1a: Pelipper|Pelipper, L50, M|3/100
|switch|p1b: Archaludon|Archaludon, L50, F, tera:Grass|43/100 par
|-weather|RainDance|[from] ability: Drizzle|[of] p1a: Pelipper
|turn|6
|-message|RedGenji195 forfeited.
|
|win|JakAttack101
|raw|RedGenji195's rating: 1072 → 1050(-22 for losing)
|raw|JakAttack101's rating: 1060 → 1092(+32 for winning)
|l|☆RedGenji195
|player|p1|
|c|☆JakAttack101|gg
