|j|☆ULYSSE999
|j|☆CalliopeOKBH
|html|ULYSSE999CalliopeOKBH    
|uhtml|bestof|Game 1 of a best-of-3
|t:|1757025373
|gametype|doubles
|player|p1|ULYSSE999|cynthia-gen4|1063
|player|p2|CalliopeOKBH|zinnia|1093
|gen|9
|tier|[Gen 9] VGC 2025 Reg H (Bo3)
|rated|
|rule|Species Clause: Limit one of each Pokémon
|rule|Item Clause: Limit 1 of each item
|clearpoke
|poke|p1|Grimmsnarl, L50, M|
|poke|p1|Incineroar, L50, M|
|poke|p1|Rillaboom, L50, M|
|poke|p1|Garchomp, L50, M|
|poke|p1|Kingambit, L50, M|
|poke|p1|Charizard, L50, M|
|poke|p2|Tyranitar, L50, M|
|poke|p2|Sneasler, L50, F|
|poke|p2|Gholdengo, L50|
|poke|p2|Garchomp, L50, F|
|poke|p2|Incineroar, L50, F|
|poke|p2|Corviknight, L50, M|
|teampreview|4
|showteam|p1|Grimmsnarl||LightClay|Prankster|LightScreen,Reflect,SpiritBreak,ThunderWave|||M|||50|,,,,,Ghost]Incineroar||SafetyGoggles|Intimidate|FakeOut,FlareBlitz,KnockOff,WillOWisp|||M|||50|,,,,,Grass]Rillaboom||AssaultVest|GrassySurge|FakeOut,GrassyGlide,Uturn,WoodHammer|||M|||50|,,,,,Fire]Garchomp||ClearAmulet|RoughSkin|DragonClaw,Earthquake,Protect,SwordsDance|||M|||50|,,,,,Fire]Kingambit||LifeOrb|Defiant|IronHead,KowtowCleave,SuckerPunch,Protect|||M|||50|,,,,,Fairy]Charizard||ChoiceSpecs|SolarPower|DragonPulse,AirSlash,Flamethrower,ScorchingSands|||M|||50|,,,,,Fire
|showteam|p2|Tyranitar||AssaultVest|SandStream|RockSlide,KnockOff,TeraBlast,IceBeam|||M|||50|,,,,,Flying]Sneasler||WhiteHerb|Unburden|DireClaw,CloseCombat,Coaching,Protect|||F|||50|,,,,,Flying]Gholdengo||LifeOrb|GoodasGold|NastyPlot,MakeItRain,ShadowBall,Protect||||||50|,,,,,Steel]Garchomp||BrightPowder|SandVeil|Protect,StompingTantrum,DragonClaw,Earthquake|||F|||50|,,,,,Ghost]Incineroar||SafetyGoggles|Intimidate|FakeOut,FlareBlitz,Taunt,PartingShot|||F|||50|,,,,,Bug]Corviknight||Leftovers|Unnerve|BraveBird,BodyPress,Tailwind,Roost|||M|||50|,,,,,Fighting
|inactive|Battle timer is ON: inactive players will automatically lose when time's up. (requested by CalliopeOKBH)
|inactive|ULYSSE999 has 60 seconds left.
|inactive|CalliopeOKBH has 60 seconds left.
|
|t:|1757025418
|teamsize|p1|4
|teamsize|p2|4
|start
|switch|p1a: Grimmsnarl|Grimmsnarl, L50, M, shiny|100/100
|switch|p1b: Incineroar|Incineroar, L50, M, shiny|100/100
|switch|p2a: Sneasler|Sneasler, L50, F|100/100
|switch|p2b: Corviknight|Corviknight, L50, M|100/100
|-ability|p2b: Corviknight|Unnerve
|-ability|p1b: Incineroar|Intimidate|boost
|-unboost|p2a: Sneasler|atk|1
|-unboost|p2b: Corviknight|atk|1
|-enditem|p2a: Sneasler|White Herb
|-clearnegativeboost|p2a: Sneasler|[silent]
|turn|1
|
|t:|1757025442
|move|p2a: Sneasler|Protect|p2a: Sneasler
|-singleturn|p2a: Sneasler|Protect
|move|p1b: Incineroar|Fake Out|p2a: Sneasler
|-activate|p2a: Sneasler|move: Protect
|move|p1a: Grimmsnarl|Reflect|p1a: Grimmsnarl
|-sidestart|p1: ULYSSE999|Reflect
|move|p2b: Corviknight|Tailwind|p2b: Corviknight
|-sidestart|p2: CalliopeOKBH|move: Tailwind
|
|upkeep
|turn|2
|
|t:|1757025454
|move|p1a: Grimmsnarl|Light Screen|p1a: Grimmsnarl
|-sidestart|p1: ULYSSE999|move: Light Screen
|move|p2a: Sneasler|Dire Claw|p1a: Grimmsnarl
|-supereffective|p1a: Grimmsnarl
|-damage|p1a: Grimmsnarl|31/100
|move|p2b: Corviknight|Body Press|p1b: Incineroar
|-supereffective|p1b: Incineroar
|-damage|p1b: Incineroar|77/100
|move|p1b: Incineroar|Will-O-Wisp|p2a: Sneasler
|-status|p2a: Sneasler|brn
|
|-damage|p2a: Sneasler|94/100 brn|[from] brn
|upkeep
|turn|3
|
|t:|1757025473
|move|p2a: Sneasler|Dire Claw|p1a: Grimmsnarl
|-supereffective|p1a: Grimmsnarl
|-damage|p1a: Grimmsnarl|0 fnt
|faint|p1a: Grimmsnarl
|move|p2b: Corviknight|Body Press|p1b: Incineroar
|-supereffective|p1b: Incineroar
|-damage|p1b: Incineroar|52/100
|move|p1b: Incineroar|Will-O-Wisp|p2b: Corviknight
|-status|p2b: Corviknight|brn
|
|-damage|p2a: Sneasler|88/100 brn|[from] brn
|-damage|p2b: Corviknight|95/100 brn|[from] brn
|upkeep
|
|t:|1757025485
|switch|p1a: Charizard|Charizard, L50, M, shiny|100/100
|turn|4
|
|t:|1757025494
|move|p2a: Sneasler|Dire Claw|p1a: Charizard
|-damage|p1a: Charizard|80/100
|move|p2b: Corviknight|Body Press|p1b: Incineroar
|-supereffective|p1b: Incineroar
|-damage|p1b: Incineroar|40/100
|move|p1a: Charizard|Flamethrower|p2b: Corviknight
|-supereffective|p2b: Corviknight
|-damage|p2b: Corviknight|0 fnt
|faint|p2b: Corviknight
|move|p1b: Incineroar|Knock Off|p2a: Sneasler
|-resisted|p2a: Sneasler
|-damage|p2a: Sneasler|66/100 brn
|
|-damage|p2a: Sneasler|60/100 brn|[from] brn
|-sideend|p2: CalliopeOKBH|move: Tailwind
|upkeep
|
|t:|1757025500
|switch|p2b: Tyranitar|Tyranitar, L50, M|100/100
|-weather|Sandstorm|[from] ability: Sand Stream|[of] p2b: Tyranitar
|turn|5
|
|t:|1757025513
|switch|p1a: Garchomp|Garchomp, L50, M, shiny|100/100
|move|p2a: Sneasler|Coaching|p2b: Tyranitar
|-boost|p2b: Tyranitar|atk|1
|-boost|p2b: Tyranitar|def|1
|move|p1b: Incineroar|Will-O-Wisp|p2b: Tyranitar
|-status|p2b: Tyranitar|brn
|move|p2b: Tyranitar|Rock Slide|p1a: Garchomp|[spread] p1a,p1b
|-resisted|p1a: Garchomp
|-supereffective|p1b: Incineroar
|-damage|p1a: Garchomp|93/100
|-damage|p1b: Incineroar|15/100
|
|-weather|Sandstorm|[upkeep]
|-damage|p2a: Sneasler|53/100 brn|[from] Sandstorm
|-damage|p2a: Sneasler|47/100 brn|[from] brn
|-damage|p2b: Tyranitar|94/100 brn|[from] brn
|upkeep
|turn|6
|
|t:|1757025531
|-terastallize|p1a: Garchomp|Fire
|move|p2a: Sneasler|Dire Claw|p1a: Garchomp
|-damage|p1a: Garchomp|78/100
|-damage|p2a: Sneasler|35/100 brn|[from] ability: Rough Skin|[of] p1a: Garchomp
|move|p1a: Garchomp|Swords Dance|p1a: Garchomp
|-boost|p1a: Garchomp|atk|2
|move|p1b: Incineroar|Knock Off|p2b: Tyranitar
|-resisted|p2b: Tyranitar
|-damage|p2b: Tyranitar|83/100 brn
|-enditem|p2b: Tyranitar|Assault Vest|[from] move: Knock Off|[of] p1b: Incineroar
|move|p2b: Tyranitar|Ice Beam|p1a: Garchomp
|-resisted|p1a: Garchomp
|-damage|p1a: Garchomp|70/100
|
|-weather|Sandstorm|[upkeep]
|-damage|p2a: Sneasler|28/100 brn|[from] Sandstorm
|-damage|p1a: Garchomp|64/100|[from] Sandstorm
|-damage|p2a: Sneasler|22/100 brn|[from] brn
|-damage|p2b: Tyranitar|77/100 brn|[from] brn
|upkeep
|turn|7
|
|t:|1757025545
|switch|p1b: Charizard|Charizard, L50, M, shiny|80/100
|move|p2a: Sneasler|Dire Claw|p1a: Garchomp
|-damage|p1a: Garchomp|50/100
|-status|p1a: Garchomp|par
|-damage|p2a: Sneasler|10/100 brn|[from] ability: Rough Skin|[of] p1a: Garchomp
|move|p1a: Garchomp|Earthquake|p2a: Sneasler|[spread] p2a,p2b
|-immune|p1b: Charizard
|-supereffective|p2a: Sneasler
|-supereffective|p2b: Tyranitar
|-damage|p2a: Sneasler|0 fnt
|-damage|p2b: Tyranitar|0 fnt
|faint|p2a: Sneasler
|faint|p2b: Tyranitar
|
|-weather|Sandstorm|[upkeep]
|-damage|p1b: Charizard|74/100|[from] Sandstorm
|-damage|p1a: Garchomp|44/100 par|[from] Sandstorm
|upkeep
|
|t:|1757025557
|switch|p2b: Garchomp|Garchomp, L50, F|100/100
|turn|8
|
|t:|1757025567
|move|p2b: Garchomp|Protect|p2b: Garchomp
|-singleturn|p2b: Garchomp|Protect
|move|p1a: Garchomp|Protect|p1a: Garchomp
|-singleturn|p1a: Garchomp|Protect
|move|p1b: Charizard|Dragon Pulse|p2b: Garchomp
|-activate|p2b: Garchomp|move: Protect
|
|-weather|Sandstorm|[upkeep]
|-damage|p1b: Charizard|68/100|[from] Sandstorm
|-damage|p1a: Garchomp|38/100 par|[from] Sandstorm
|-sideend|p1: ULYSSE999|Reflect
|upkeep
|turn|9
|
|t:|1757025578
|-terastallize|p2b: Garchomp|Ghost
|move|p1b: Charizard|Dragon Pulse|p2b: Garchomp
|-damage|p2b: Garchomp|53/100
|move|p2b: Garchomp|Stomping Tantrum|p1a: Garchomp
|-supereffective|p1a: Garchomp
|-damage|p1a: Garchomp|0 fnt
|-damage|p2b: Garchomp|41/100|[from] ability: Rough Skin|[of] p1a: Garchomp
|faint|p1a: Garchomp
|
|-weather|none
|-sideend|p1: ULYSSE999|move: Light Screen
|upkeep
|
|t:|1757025584
|switch|p1a: Incineroar|Incineroar, L50, M, shiny|15/100
|-ability|p1a: Incineroar|Intimidate|boost
|-unboost|p2b: Garchomp|atk|1
|turn|10
|
|t:|1757025591
|move|p1b: Charizard|Dragon Pulse|p2b: Garchomp
|-damage|p2b: Garchomp|0 fnt
|faint|p2b: Garchomp
|
|win|ULYSSE999
|l|☆ULYSSE999
|player|p1|
||CalliopeOKBH is ready for game 2.
||ULYSSE999 is ready for game 2.
|uhtml|next|Next: Game 2 of 3
