|j|☆meikh_neiht
|j|☆leafeontothemoon
|html|meikh_neihtleafeontothemoon    
|uhtml|bestof|Game 3 of a best-of-3
|t:|1782530759
|gametype|doubles
|player|p1|meikh_neiht|lucas|1093
|player|p2|leafeontothemoon|265|1000
|gen|9
|tier|[Gen 9 Champions] VGC 2026 Reg M-B (Bo3)
|rated|
|rule|Species Clause: Limit one of each Pokémon
|rule|Item Clause: Limit 1 of each item
|clearpoke
|poke|p1|Staraptor, L50, F|
|poke|p1|Sinistcha, L50|
|poke|p1|Maushold, L50|
|poke|p1|Kingambit, L50, F|
|poke|p1|Sneasler, L50, F|
|poke|p1|Delphox, L50, F|
|poke|p2|Leafeon, L50, F, shiny|
|poke|p2|Charizard, L50, M, shiny|
|poke|p2|Garchomp, L50, F, shiny|
|poke|p2|Rotom-Wash, L50, shiny|
|poke|p2|Incineroar, L50, M, shiny|
|poke|p2|Sneasler, L50, M, shiny|
|teampreview|4
|showteam|p1|Staraptor||Staraptite|Intimidate|CloseCombat,BraveBird,Roost,Protect|Adamant||F|||50|]Sinistcha||SitrusBerry|Hospitality|RagePowder,MatchaGotcha,TrickRoom,LifeDew|Calm|||||50|]Maushold||ChopleBerry|FriendGuard|Encore,Charm,FollowMe,Protect|Timid|||||50|]Kingambit||OccaBerry|Defiant|KowtowCleave,SuckerPunch,SwordsDance,Protect|Adamant||F|||50|]Sneasler||WhiteHerb|Unburden|DireClaw,Protect,FakeOut,CloseCombat|Jolly||F|||50|]Delphox||Delphoxite|Blaze|HeatWave,Psyshock,NastyPlot,Protect|Timid||F|||50|
|showteam|p2|Leafeon||FocusSash|Chlorophyll|LeafBlade,SolarBlade,SwordsDance,KnockOff|Adamant||F|||50|]Charizard||CharizarditeY|SolarPower|HeatWave,SolarBeam,WeatherBall,Protect|Timid||M|||50|]Garchomp||LifeOrb|RoughSkin|Earthquake,DragonClaw,RockSlide,Protect|Adamant||F|||50|]Rotom-Wash||Leftovers|Levitate|Thunderbolt,WillOWisp,HydroPump,Protect|Calm|||||50|]Incineroar||SitrusBerry|Blaze|Protect,FakeOut,FlareBlitz,PartingShot|Careful||M|||50|]Sneasler||WhiteHerb|Unburden|DireClaw,NightSlash,CloseCombat,FakeOut|Adamant||M|||50|
|
|t:|1782530786
|teamsize|p1|4
|teamsize|p2|4
|start
|switch|p1a: Delphox|Delphox, L50, F|100/100
|switch|p1b: Sneasler|Sneasler, L50, F|100/100
|switch|p2a: Sneasler|Sneasler, L50, M, shiny|100/100
|switch|p2b: Rotom|Rotom-Wash, L50, shiny|100/100
|turn|1
|
|t:|1782530812
|detailschange|p1a: Delphox|Delphox-Mega, L50, F
|-mega|p1a: Delphox|Delphox|Delphoxite
|move|p2b: Rotom|Protect|p2b: Rotom
|-singleturn|p2b: Rotom|Protect
|move|p1b: Sneasler|Fake Out|p2b: Rotom
|-activate|p2b: Rotom|move: Protect
|move|p1a: Delphox|Psyshock|p2a: Sneasler
|-supereffective|p2a: Sneasler|2
|-damage|p2a: Sneasler|0 fnt
|faint|p2a: Sneasler
|
|upkeep
|
|t:|1782530825
|switch|p2a: Charizard|Charizard, L50, M, shiny|100/100
|turn|2
|
|t:|1782530839
|switch|p1b: Maushold|Maushold, L50|100/100
|detailschange|p2a: Charizard|Charizard-Mega-Y, L50, M, shiny
|-mega|p2a: Charizard|Charizard|Charizardite Y
|-weather|SunnyDay|[from] ability: Drought|[of] p2a: Charizard
|move|p1a: Delphox|Nasty Plot|p1a: Delphox
|-boost|p1a: Delphox|spa|2
|move|p2a: Charizard|Heat Wave|p1b: Maushold|[spread] p1a,p1b
|-resisted|p1a: Delphox|1
|-damage|p1a: Delphox|79/100
|-damage|p1b: Maushold|25/100
|move|p2b: Rotom|Will-O-Wisp|p1b: Maushold
|-status|p1b: Maushold|brn
|
|-weather|SunnyDay|[upkeep]
|-damage|p1b: Maushold|19/100 brn|[from] brn
|upkeep
|turn|3
|
|t:|1782530867
|move|p2a: Charizard|Protect|p2a: Charizard
|-singleturn|p2a: Charizard|Protect
|move|p1b: Maushold|Follow Me|p1b: Maushold
|-singleturn|p1b: Maushold|move: Follow Me
|move|p1a: Delphox|Psyshock|p2a: Charizard
|-activate|p2a: Charizard|move: Protect
|move|p2b: Rotom|Thunderbolt|p1b: Maushold
|-crit|p1b: Maushold
|-damage|p1b: Maushold|0 fnt
|faint|p1b: Maushold
|
|-weather|SunnyDay|[upkeep]
|upkeep
|
|t:|1782530871
|switch|p1b: Sneasler|Sneasler, L50, F|100/100
|turn|4
|
|t:|1782530897
|move|p2a: Charizard|Protect||[still]
|-fail|p2a: Charizard
|move|p1b: Sneasler|Fake Out|p2b: Rotom
|-crit|p2b: Rotom
|-damage|p2b: Rotom|75/100
|move|p1a: Delphox|Psyshock|p2a: Charizard
|-damage|p2a: Charizard|0 fnt
|faint|p2a: Charizard
|cant|p2b: Rotom|flinch
|
|-weather|SunnyDay|[upkeep]
|-heal|p2b: Rotom|80/100|[from] item: Leftovers
|upkeep
|
|t:|1782530910
|switch|p2a: Leafeon|Leafeon, L50, F, shiny|100/100
|turn|5
|
|t:|1782530928
|move|p1a: Delphox|Protect|p1a: Delphox
|-singleturn|p1a: Delphox|Protect
|move|p2a: Leafeon|Knock Off|p1a: Delphox
|-activate|p1a: Delphox|move: Protect
|move|p1b: Sneasler|Close Combat|p2a: Leafeon
|-crit|p2a: Leafeon
|-damage|p2a: Leafeon|4/100
|-unboost|p1b: Sneasler|def|1
|-unboost|p1b: Sneasler|spd|1
|-enditem|p1b: Sneasler|White Herb
|-clearnegativeboost|p1b: Sneasler|[silent]
|move|p2b: Rotom|Thunderbolt|p1b: Sneasler
|-damage|p1b: Sneasler|56/100
|
|-weather|SunnyDay|[upkeep]
|-heal|p2b: Rotom|86/100|[from] item: Leftovers
|upkeep
|turn|6
|
|t:|1782530953
|move|p1b: Sneasler|Dire Claw|p2a: Leafeon
|-supereffective|p2a: Leafeon|1
|-damage|p2a: Leafeon|0 fnt
|faint|p2a: Leafeon
|move|p1a: Delphox|Psyshock|p2b: Rotom
|-damage|p2b: Rotom|0 fnt
|faint|p2b: Rotom
|
|win|meikh_neiht
|raw|meikh_neiht's rating: 1093 → 1112(+19 for winning)
|raw|leafeontothemoon's rating: 1000 → 1000(+0 for losing)
|l|☆leafeontothemoon
|player|p2|
