|j|☆RillaZardCJM
|j|☆HumanPlaysVGC
|html|RillaZardCJMHumanPlaysVGC    
|uhtml|bestof|Game 2 of a best-of-3
|t:|1756557443
|gametype|doubles
|player|p1|RillaZardCJM|byron|
|player|p2|HumanPlaysVGC|n-masters3|
|gen|9
|tier|[Gen 9] VGC 2025 Reg H (Bo3)
|rule|Species Clause: Limit one of each Pokémon
|rule|Item Clause: Limit 1 of each item
|clearpoke
|poke|p1|Hydrapple, L50, M|
|poke|p1|Malamar, L50, F|
|poke|p1|Incineroar, L50, F|
|poke|p1|Whimsicott, L50, F|
|poke|p1|Dragonite, L50, F|
|poke|p1|Metagross, L50|
|poke|p2|Weezing-Galar, L50, M|
|poke|p2|Toedscruel, L50, F|
|poke|p2|Corviknight, L50, F|
|poke|p2|Incineroar, L50, M|
|poke|p2|Garchomp, L50, M|
|poke|p2|Indeedee, L50, M|
|teampreview|4
|showteam|p1|Hydrapple||LifeOrb|SupersweetSyrup|DracoMeteor,LeafStorm,FickleBeam,Protect|||M|||50|,,,,,Stellar]Malamar||CovertCloak|Contrary|SkillSwap,TrickRoom,PsychoCut,Hypnosis|||F|||50|,,,,,Poison]Incineroar||SafetyGoggles|Intimidate|FakeOut,KnockOff,FlareBlitz,PartingShot|||F|||50|,,,,,Ghost]Whimsicott||FocusSash|Prankster|Taunt,Tailwind,Moonblast,FakeTears|||F|||50|,,,,,Ghost]Dragonite||AssaultVest|InnerFocus|IceSpinner,ExtremeSpeed,Outrage,LowKick|||F|||50|,,,,,Normal]Metagross||ChoiceBand|ClearBody|HammerArm,PsychicFangs,BulletPunch,HeavySlam||||||50|,,,,,Steel
|showteam|p2|Weezing-Galar||SitrusBerry|NeutralizingGas|DazzlingGleam,SludgeBomb,Protect,Taunt|||M|||50|,,,,,Grass]Toedscruel||CovertCloak|MyceliumMight|Spore,RagePowder,EarthPower,AcidSpray|||F|||50|,,,,,Water]Corviknight||RockyHelmet|MirrorArmor|Tailwind,BraveBird,Protect,Roost|||F|||50|,,,,,Dragon]Incineroar||AbilityShield|Intimidate|FakeOut,KnockOff,PartingShot,Taunt|||M|||50|,,,,,Ghost]Garchomp||LifeOrb|RoughSkin|DragonClaw,Earthquake,Protect,StompingTantrum|||M|||50|,,,,,Ground]Indeedee||FocusSash|PsychicSurge|ExpandingForce,DazzlingGleam,Protect,TrickRoom|||M|||50|,,,,,Psychic
|
|t:|1756557543
|teamsize|p1|4
|teamsize|p2|4
|start
|switch|p1a: Incineroar|Incineroar, L50, F|100/100
|switch|p1b: Metagross|Metagross, L50, shiny|100/100
|switch|p2a: Weezing|Weezing-Galar, L50, M|100/100
|switch|p2b: Toedscruel|Toedscruel, L50, F|100/100
|-ability|p2a: Weezing|Neutralizing Gas
|turn|1
|
|t:|1756557567
|switch|p1b: Whimsicott|Whimsicott, L50, F|100/100
|move|p2a: Weezing|Protect|p2a: Weezing
|-singleturn|p2a: Weezing|Protect
|move|p1a: Incineroar|Fake Out|p2b: Toedscruel
|-damage|p2b: Toedscruel|83/100
|move|p2b: Toedscruel|Earth Power|p1a: Incineroar
|-supereffective|p1a: Incineroar
|-damage|p1a: Incineroar|50/100
|
|upkeep
|turn|2
|
|t:|1756557610
|-terastallize|p2b: Toedscruel|Water
|move|p1b: Whimsicott|Tailwind|p1b: Whimsicott
|-sidestart|p1: RillaZardCJM|move: Tailwind
|move|p2b: Toedscruel|Earth Power|p1a: Incineroar
|-supereffective|p1a: Incineroar
|-damage|p1a: Incineroar|4/100
|move|p1a: Incineroar|Flare Blitz|p2a: Weezing
|-damage|p2a: Weezing|55/100
|-damage|p1a: Incineroar|0 fnt|[from] Recoil
|faint|p1a: Incineroar
|move|p2a: Weezing|Sludge Bomb|p1b: Whimsicott
|-supereffective|p1b: Whimsicott
|-enditem|p1b: Whimsicott|Focus Sash
|-damage|p1b: Whimsicott|1/100
|
|upkeep
|
|t:|1756557631
|switch|p1a: Dragonite|Dragonite, L50, F|100/100
|turn|3
|
|t:|1756557655
|-terastallize|p1a: Dragonite|Normal
|move|p1a: Dragonite|Extreme Speed|p2b: Toedscruel
|-damage|p2b: Toedscruel|25/100
|move|p1b: Whimsicott|Moonblast|p2a: Weezing
|-resisted|p2a: Weezing
|-damage|p2a: Weezing|36/100
|-enditem|p2a: Weezing|Sitrus Berry|[eat]
|-heal|p2a: Weezing|61/100|[from] item: Sitrus Berry
|move|p2b: Toedscruel|Spore|p1a: Dragonite
|-status|p1a: Dragonite|slp|[from] move: Spore
|move|p2a: Weezing|Dazzling Gleam|p1a: Dragonite|[spread] p1a,p1b
|-damage|p1a: Dragonite|87/100 slp
|-damage|p1b: Whimsicott|0 fnt
|faint|p1b: Whimsicott
|
|upkeep
|
|t:|1756557670
|switch|p1b: Metagross|Metagross, L50, shiny|100/100
|turn|4
|
|t:|1756557682
|-end|p2a: Weezing|ability: Neutralizing Gas
|switch|p2a: Corviknight|Corviknight, L50, F|100/100
|cant|p1a: Dragonite|slp
|move|p1b: Metagross|Bullet Punch|p2b: Toedscruel
|-resisted|p2b: Toedscruel
|-damage|p2b: Toedscruel|3/100
|move|p2b: Toedscruel|Spore|p1b: Metagross
|-status|p1b: Metagross|slp|[from] move: Spore
|
|upkeep
|turn|5
|
|t:|1756557699
|cant|p1b: Metagross|slp
|cant|p1a: Dragonite|slp
|move|p2b: Toedscruel|Acid Spray|p1a: Dragonite
|-damage|p1a: Dragonite|82/100 slp
|-unboost|p1a: Dragonite|spd|2
|move|p2a: Corviknight|Tailwind|p2a: Corviknight
|-sidestart|p2: HumanPlaysVGC|move: Tailwind
|
|-sideend|p1: RillaZardCJM|move: Tailwind
|upkeep
|turn|6
|
|t:|1756557715
|-curestatus|p1b: Metagross|slp|[msg]
|move|p1b: Metagross|Bullet Punch|p2b: Toedscruel
|-resisted|p2b: Toedscruel
|-damage|p2b: Toedscruel|0 fnt
|faint|p2b: Toedscruel
|move|p2a: Corviknight|Brave Bird|p1a: Dragonite
|-damage|p1a: Dragonite|31/100 slp
|-damage|p2a: Corviknight|87/100|[from] Recoil
|-curestatus|p1a: Dragonite|slp|[msg]
|move|p1a: Dragonite|Ice Spinner|p2a: Corviknight
|-damage|p2a: Corviknight|60/100
|-damage|p1a: Dragonite|15/100|[from] item: Rocky Helmet|[of] p2a: Corviknight
|
|upkeep
|
|t:|1756557728
|switch|p2b: Garchomp|Garchomp, L50, M|100/100
|turn|7
|
|t:|1756557737
|move|p1a: Dragonite|Extreme Speed|p2b: Garchomp
|-damage|p2b: Garchomp|53/100
|-damage|p1a: Dragonite|3/100|[from] ability: Rough Skin|[of] p2b: Garchomp
|move|p1b: Metagross|Bullet Punch|p2b: Garchomp
|-damage|p2b: Garchomp|20/100
|-damage|p1b: Metagross|88/100|[from] ability: Rough Skin|[of] p2b: Garchomp
|move|p2b: Garchomp|Earthquake|p1b: Metagross|[spread] p1a,p1b
|-immune|p2a: Corviknight
|-supereffective|p1b: Metagross
|-crit|p1b: Metagross
|-damage|p1a: Dragonite|0 fnt
|-damage|p1b: Metagross|0 fnt
|faint|p1a: Dragonite
|faint|p1b: Metagross
|-damage|p2b: Garchomp|10/100|[from] item: Life Orb
|
|win|HumanPlaysVGC
|l|☆RillaZardCJM
|player|p1|
