|j|☆KatKraydel
|j|☆wittraid
|html|KatKraydelwittraid    
|uhtml|bestof|Game 3 of a best-of-3
|t:|1783531223
|gametype|doubles
|player|p1|KatKraydel|lebanne|
|player|p2|wittraid|169|
|gen|9
|tier|[Gen 9 Champions] VGC 2026 Reg M-B (Bo3)
|rule|Species Clause: Limit one of each Pokémon
|rule|Item Clause: Limit 1 of each item
|clearpoke
|poke|p1|Tyranitar, L50, F|
|poke|p1|Whimsicott, L50, F|
|poke|p1|Excadrill, L50, M|
|poke|p1|Kommo-o, L50, M|
|poke|p1|Venusaur, L50, F|
|poke|p1|Basculegion, L50, M|
|poke|p2|Pelipper, L50, F|
|poke|p2|Archaludon, L50, F|
|poke|p2|Swampert, L50, F|
|poke|p2|Sinistcha, L50|
|poke|p2|Kingambit, L50, M|
|poke|p2|Klefki, L50, F|
|teampreview|4
|showteam|p1|Tyranitar||Tyranitarite|SandStream|RockSlide,KnockOff,IcePunch,Protect|Adamant||F|||50|]Whimsicott||MentalHerb|Prankster|Moonblast,Tailwind,FakeTears,Protect|Bold||F|||50|]Excadrill||FocusSash|SandRush|HighHorsepower,IronHead,RockTomb,Protect|Adamant||M|||50|]Kommo-o||LifeOrb|Overcoat|ClangingScales,AuraSphere,FlashCannon,Protect|Modest||M|||50|]Venusaur||Venusaurite|Chlorophyll|EnergyBall,SludgeBomb,EarthPower,Protect|Modest||F|||50|]Basculegion||ChoiceScarf|Adaptability|WaveCrash,LastRespects,AquaJet,FlipTurn|Adamant||M|||50|
|showteam|p2|Pelipper||FocusSash|Drizzle|Hurricane,WeatherBall,Tailwind,Protect|Modest||F|||50|]Archaludon||Leftovers|Stamina|ElectroShot,Snarl,DragonPulse,Protect|Bold||F|||50|]Swampert||Swampertite|Damp|WaveCrash,HighHorsepower,IcePunch,Protect|Adamant||F|||50|]Sinistcha||SitrusBerry|Hospitality|RagePowder,TrickRoom,LifeDew,MatchaGotcha|Calm|||||50|]Kingambit||BlackGlasses|Defiant|IronHead,KowtowCleave,SuckerPunch,Protect|Adamant||M|||50|]Klefki||LightClay|Prankster|Reflect,LightScreen,RainDance,TrickRoom|Calm||F|||50|
|inactive|Battle timer is ON: inactive players will automatically lose when time's up. (requested by wittraid)
|inactive|KatKraydel has 60 seconds left.
|inactive|wittraid has 60 seconds left.
|
|t:|1783531275
|teamsize|p1|4
|teamsize|p2|4
|start
|switch|p1a: fishing with you|Basculegion, L50, M|100/100
|switch|p1b: Tug of War|Excadrill, L50, M|100/100
|switch|p2a: Swampert|Swampert, L50, F|100/100
|switch|p2b: Klefki|Klefki, L50, F|100/100
|turn|1
|inactive|wittraid has 30 seconds left.
|
|t:|1783531303
|detailschange|p2a: Swampert|Swampert-Mega, L50, F
|-mega|p2a: Swampert|Swampert|Swampertite
|move|p2b: Klefki|Reflect|p2b: Klefki
|-sidestart|p2: wittraid|Reflect
|move|p1a: fishing with you|Wave Crash|p2b: Klefki
|-damage|p2b: Klefki|43/100
|-damage|p1a: fishing with you|85/100|[from] Recoil
|move|p1b: Tug of War|High Horsepower|p2b: Klefki
|-supereffective|p2b: Klefki|1
|-damage|p2b: Klefki|0 fnt
|faint|p2b: Klefki
|move|p2a: Swampert|High Horsepower|p1b: Tug of War
|-supereffective|p1b: Tug of War|1
|-enditem|p1b: Tug of War|Focus Sash
|-damage|p1b: Tug of War|1/100
|
|upkeep
|j| Lycopoky
|
|t:|1783531323
|switch|p2b: Kingambit|Kingambit, L50, M|100/100
|turn|2
|inactive|wittraid has 30 seconds left.
|
|t:|1783531351
|move|p2b: Kingambit|Sucker Punch|p1b: Tug of War
|-damage|p1b: Tug of War|0 fnt
|faint|p1b: Tug of War
|move|p1a: fishing with you|Wave Crash|p2a: Swampert
|-damage|p2a: Swampert|61/100
|-damage|p1a: fishing with you|72/100|[from] Recoil
|move|p2a: Swampert|High Horsepower|p1a: fishing with you
|-damage|p1a: fishing with you|15/100
|
|upkeep
|
|t:|1783531365
|switch|p1b: Weeds|Venusaur, L50, F|100/100
|turn|3
|inactive|wittraid has 30 seconds left.
|inactive|wittraid has 20 seconds left.
|inactive|wittraid has 15 seconds left.
|inactive|wittraid has 10 seconds left.
|inactive|wittraid has 5 seconds left.
|
|t:|1783531416
|switch|p1a: Boom Clap|Kommo-o, L50, M|100/100
|switch|p2b: Pelipper|Pelipper, L50, F|100/100
|-weather|RainDance|[from] ability: Drizzle|[of] p2b: Pelipper
|detailschange|p1b: Weeds|Venusaur-Mega, L50, F
|-mega|p1b: Weeds|Venusaur|Venusaurite
|move|p2a: Swampert|High Horsepower|p1b: Weeds
|-damage|p1b: Weeds|52/100
|move|p1b: Weeds|Earth Power|p2b: Pelipper
|-immune|p2b: Pelipper
|
|-weather|RainDance|[upkeep]
|upkeep
|turn|4
|inactive|wittraid has 30 seconds left.
|inactive|wittraid has 20 seconds left.
|inactive|wittraid has 15 seconds left.
|inactive|wittraid has 10 seconds left.
|
|t:|1783531466
|move|p2a: Swampert|Protect|p2a: Swampert
|-singleturn|p2a: Swampert|Protect
|move|p1b: Weeds|Protect|p1b: Weeds
|-singleturn|p1b: Weeds|Protect
|move|p1a: Boom Clap|Clanging Scales|p2b: Pelipper|[spread] p2b
|-activate|p2a: Swampert|move: Protect
|-damage|p2b: Pelipper|28/100
|-unboost|p1a: Boom Clap|def|1
|-damage|p1a: Boom Clap|90/100|[from] item: Life Orb
|move|p2b: Pelipper|Tailwind|p2b: Pelipper
|-sidestart|p2: wittraid|move: Tailwind
|
|-weather|RainDance|[upkeep]
|upkeep
|turn|5
|
|t:|1783531486
|switch|p1a: fishing with you|Basculegion, L50, M|15/100
|move|p1b: Weeds|Protect|p1b: Weeds
|-singleturn|p1b: Weeds|Protect
|move|p2a: Swampert|Ice Punch|p1a: fishing with you
|-resisted|p1a: fishing with you|1
|-damage|p1a: fishing with you|0 fnt
|faint|p1a: fishing with you
|move|p2b: Pelipper|Hurricane|p1b: Weeds
|-activate|p1b: Weeds|move: Protect
|
|-weather|RainDance|[upkeep]
|upkeep
|
|t:|1783531494
|switch|p1a: Boom Clap|Kommo-o, L50, M|90/100
|turn|6
|
|t:|1783531502
|move|p1b: Weeds|Protect||[still]
|-fail|p1b: Weeds
|move|p2a: Swampert|Ice Punch|p1a: Boom Clap
|-supereffective|p1a: Boom Clap|1
|-damage|p1a: Boom Clap|38/100
|move|p2b: Pelipper|Hurricane|p1b: Weeds
|-supereffective|p1b: Weeds|1
|-damage|p1b: Weeds|0 fnt
|faint|p1b: Weeds
|move|p1a: Boom Clap|Clanging Scales|p2a: Swampert|[spread] p2a,p2b
|-damage|p2a: Swampert|21/100
|-damage|p2b: Pelipper|0 fnt
|faint|p2b: Pelipper
|-unboost|p1a: Boom Clap|def|1
|-damage|p1a: Boom Clap|28/100|[from] item: Life Orb
|
|-weather|RainDance|[upkeep]
|upkeep
|
|t:|1783531517
|switch|p2b: Kingambit|Kingambit, L50, M|100/100
|turn|7
|
|t:|1783531524
|move|p1a: Boom Clap|Protect|p1a: Boom Clap
|-singleturn|p1a: Boom Clap|Protect
|move|p2a: Swampert|Ice Punch|p1a: Boom Clap
|-activate|p1a: Boom Clap|move: Protect
|move|p2b: Kingambit|Iron Head|p1a: Boom Clap
|-activate|p1a: Boom Clap|move: Protect
|
|-weather|none
|-sideend|p2: wittraid|move: Tailwind
|upkeep
|turn|8
|inactive|wittraid has 30 seconds left.
|
|t:|1783531551
|move|p1a: Boom Clap|Aura Sphere|p2b: Kingambit
|-supereffective|p2b: Kingambit|2
|-damage|p2b: Kingambit|0 fnt
|faint|p2b: Kingambit
|-damage|p1a: Boom Clap|19/100|[from] item: Life Orb
|move|p2a: Swampert|Ice Punch|p1a: Boom Clap
|-supereffective|p1a: Boom Clap|1
|-damage|p1a: Boom Clap|0 fnt
|faint|p1a: Boom Clap
|
|win|wittraid
|l| Lycopoky
|c|☆wittraid|ggs
|l|☆KatKraydel
|player|p1|
