|j|☆figglewiggle
|j|☆jetboy57
|html|figglewigglejetboy57    
|uhtml|bestof|Game 2 of a best-of-3
|t:|1757689321
|gametype|doubles
|player|p1|figglewiggle|101|1120
|player|p2|jetboy57|n|1124
|gen|9
|tier|[Gen 9] VGC 2025 Reg H (Bo3)
|rated|
|rule|Species Clause: Limit one of each Pokémon
|rule|Item Clause: Limit 1 of each item
|clearpoke
|poke|p1|Flamigo, L50, M|
|poke|p1|Gholdengo, L50|
|poke|p1|Incineroar, L50, F|
|poke|p1|Whimsicott, L50, M|
|poke|p1|Ursaluna, L50, F|
|poke|p1|Amoonguss, L50, F|
|poke|p2|Tyranitar, L50, F|
|poke|p2|Corviknight, L50, M|
|poke|p2|Indeedee, L50, M|
|poke|p2|Sneasler, L50, F|
|poke|p2|Amoonguss, L50, F|
|poke|p2|Garchomp, L50, F|
|teampreview|4
|showteam|p1|Flamigo||FocusSash|Scrappy|BraveBird,Protect,CloseCombat,WideGuard|||M|||50|,,,,,Ghost]Gholdengo||LifeOrb|GoodasGold|MakeItRain,ShadowBall,NastyPlot,Protect||||||50|,,,,,Steel]Incineroar||AssaultVest|Intimidate|FakeOut,Uturn,FlareBlitz,KnockOff|||F|||50|,,,,,Grass]Whimsicott||CovertCloak|Prankster|Moonblast,Encore,Tailwind,FakeTears|||M|||50|,,,,,Water]Ursaluna||FlameOrb|Guts|Facade,HeadlongRush,Earthquake,Protect|||F|||50|,,,,,Ghost]Amoonguss||SitrusBerry|Regenerator|ClearSmog,RagePowder,Protect,Spore|||F|||50|,,,,,Water
|showteam|p2|Tyranitar||AssaultVest|SandStream|RockSlide,KnockOff,TeraBlast,LowKick|||F|||50|,,,,,Flying]Corviknight||Leftovers|MirrorArmor|BulkUp,BraveBird,Tailwind,Protect|||M|||50|,,,,,Dragon]Indeedee||ChoiceSpecs|PsychicSurge|TrickRoom,ExpandingForce,Trick,TeraBlast|||M|||50|,,,,,Psychic]Sneasler||PsychicSeed|Unburden|ThroatChop,DireClaw,CloseCombat,Protect|||F|||50|,,,,,Dark]Amoonguss||RockyHelmet|Regenerator|Spore,RagePowder,ClearSmog,PollenPuff|||F|||50|,,,,,Fairy]Garchomp||LifeOrb|SandVeil|Earthquake,DragonClaw,StompingTantrum,Protect|||F|||50|,,,,,Fairy
|inactive|Battle timer is ON: inactive players will automatically lose when time's up. (requested by figglewiggle)
|inactive|figglewiggle has 60 seconds left.
|inactive|jetboy57 has 60 seconds left.
|inactive|figglewiggle has 30 seconds left.
|inactive|jetboy57 has 30 seconds left.
|inactive|figglewiggle has 20 seconds left.
|inactive|jetboy57 has 20 seconds left.
|inactive|figglewiggle has 15 seconds left.
|inactive|jetboy57 has 15 seconds left.
|inactive|figglewiggle has 10 seconds left.
|inactive|jetboy57 has 10 seconds left.
|inactive|figglewiggle has 5 seconds left.
|
|t:|1757689406
|teamsize|p1|4
|teamsize|p2|4
|start
|switch|p1a: Incineroar|Incineroar, L50, F|100/100
|switch|p1b: Whimsicott|Whimsicott, L50, M|100/100
|switch|p2a: Corviknight|Corviknight, L50, M|100/100
|switch|p2b: Sneasler|Sneasler, L50, F|100/100
|-ability|p1a: Incineroar|Intimidate|boost
|-ability|p2a: Corviknight|Mirror Armor
|-unboost|p1a: Incineroar|atk|1
|-unboost|p2b: Sneasler|atk|1
|turn|1
|inactive|figglewiggle has 30 seconds left.
|inactive|jetboy57 has 30 seconds left.
|inactive|figglewiggle has 20 seconds left.
|inactive|jetboy57 has 20 seconds left.
|inactive|figglewiggle has 15 seconds left.
|inactive|figglewiggle has 10 seconds left.
|
|t:|1757689454
|switch|p2b: Tyranitar|Tyranitar, L50, F|100/100
|-weather|Sandstorm|[from] ability: Sand Stream|[of] p2b: Tyranitar
|switch|p1a: Gholdengo|Gholdengo, L50|100/100
|-terastallize|p1b: Whimsicott|Water
|move|p1b: Whimsicott|Tailwind|p1b: Whimsicott
|-sidestart|p1: figglewiggle|move: Tailwind
|move|p2a: Corviknight|Bulk Up|p2a: Corviknight
|-boost|p2a: Corviknight|atk|1
|-boost|p2a: Corviknight|def|1
|
|-weather|Sandstorm|[upkeep]
|-damage|p1b: Whimsicott|94/100|[from] Sandstorm
|upkeep
|turn|2
|inactive|figglewiggle has 30 seconds left.
|inactive|jetboy57 has 30 seconds left.
|inactive|figglewiggle has 20 seconds left.
|inactive|jetboy57 has 20 seconds left.
|inactive|figglewiggle has 15 seconds left.
|
|t:|1757689498
|switch|p1a: Incineroar|Incineroar, L50, F|100/100
|-ability|p1a: Incineroar|Intimidate|boost
|-ability|p2a: Corviknight|Mirror Armor
|-unboost|p1a: Incineroar|atk|1
|-unboost|p2b: Tyranitar|atk|1
|-terastallize|p2b: Tyranitar|Flying
|move|p2a: Corviknight|Protect|p2a: Corviknight
|-singleturn|p2a: Corviknight|Protect
|move|p1b: Whimsicott|Encore|p2a: Corviknight
|-activate|p2a: Corviknight|move: Protect
|move|p2b: Tyranitar|Knock Off|p1a: Incineroar
|-resisted|p1a: Incineroar
|-damage|p1a: Incineroar|82/100
|-enditem|p1a: Incineroar|Assault Vest|[from] move: Knock Off|[of] p2b: Tyranitar
|
|-weather|Sandstorm|[upkeep]
|-damage|p1b: Whimsicott|88/100|[from] Sandstorm
|-damage|p1a: Incineroar|76/100|[from] Sandstorm
|-damage|p2b: Tyranitar|94/100|[from] Sandstorm
|upkeep
|turn|3
|inactive|figglewiggle has 30 seconds left.
|inactive|jetboy57 has 30 seconds left.
|
|t:|1757689531
|move|p2a: Corviknight|Protect||[still]
|-fail|p2a: Corviknight
|move|p1b: Whimsicott|Fake Tears|p2b: Tyranitar
|-unboost|p2b: Tyranitar|spd|2
|move|p1a: Incineroar|Flare Blitz|p2a: Corviknight
|-supereffective|p2a: Corviknight
|-damage|p2a: Corviknight|65/100
|-damage|p1a: Incineroar|65/100|[from] Recoil
|move|p2b: Tyranitar|Tera Blast|p1b: Whimsicott|[anim] Tera Blast Flying
|-damage|p1b: Whimsicott|55/100
|
|-weather|Sandstorm|[upkeep]
|-damage|p1b: Whimsicott|49/100|[from] Sandstorm
|-damage|p1a: Incineroar|59/100|[from] Sandstorm
|-damage|p2b: Tyranitar|88/100|[from] Sandstorm
|-heal|p2a: Corviknight|71/100|[from] item: Leftovers
|upkeep
|turn|4
|inactive|jetboy57 has 30 seconds left.
|
|t:|1757689557
|switch|p2b: Sneasler|Sneasler, L50, F|100/100
|move|p1b: Whimsicott|Encore|p2a: Corviknight
|-start|p2a: Corviknight|Encore
|move|p1a: Incineroar|U-turn|p2b: Sneasler
|-resisted|p2b: Sneasler
|-damage|p2b: Sneasler|95/100
|
|t:|1757689569
|switch|p1a: Flamigo|Flamigo, L50, M|100/100|[from] U-turn
|move|p2a: Corviknight|Protect||[still]
|-fail|p2a: Corviknight
|
|-weather|Sandstorm|[upkeep]
|-damage|p1b: Whimsicott|43/100|[from] Sandstorm
|-damage|p1a: Flamigo|95/100|[from] Sandstorm
|-damage|p2b: Sneasler|89/100|[from] Sandstorm
|-heal|p2a: Corviknight|78/100|[from] item: Leftovers
|-sideend|p1: figglewiggle|move: Tailwind
|upkeep
|turn|5
|inactive|jetboy57 has 30 seconds left.
|inactive|jetboy57 has 20 seconds left.
|
|t:|1757689604
|switch|p1b: Incineroar|Incineroar, L50, F|59/100
|-ability|p1b: Incineroar|Intimidate|boost
|-ability|p2a: Corviknight|Mirror Armor
|-unboost|p1b: Incineroar|atk|1
|-unboost|p2b: Sneasler|atk|1
|move|p2b: Sneasler|Protect|p2b: Sneasler
|-singleturn|p2b: Sneasler|Protect
|move|p2a: Corviknight|Protect|p2a: Corviknight
|-singleturn|p2a: Corviknight|Protect
|move|p1a: Flamigo|Brave Bird|p2b: Sneasler
|-activate|p2b: Sneasler|move: Protect
|
|-weather|none
|-heal|p2a: Corviknight|84/100|[from] item: Leftovers
|upkeep
|turn|6
|inactive|figglewiggle has 30 seconds left.
|inactive|figglewiggle has 20 seconds left.
|
|t:|1757689642
|switch|p2b: Tyranitar|Tyranitar, L50, F, tera:Flying|88/100
|-weather|Sandstorm|[from] ability: Sand Stream|[of] p2b: Tyranitar
|move|p2a: Corviknight|Protect|p2a: Corviknight
|-singleturn|p2a: Corviknight|Protect
|move|p1a: Flamigo|Close Combat|p2b: Tyranitar
|-resisted|p2b: Tyranitar
|-damage|p2b: Tyranitar|61/100
|-unboost|p1a: Flamigo|def|1
|-unboost|p1a: Flamigo|spd|1
|move|p1b: Incineroar|Knock Off|p2a: Corviknight
|-activate|p2a: Corviknight|move: Protect
|
|-weather|Sandstorm|[upkeep]
|-damage|p1a: Flamigo|89/100|[from] Sandstorm
|-damage|p1b: Incineroar|53/100|[from] Sandstorm
|-damage|p2b: Tyranitar|55/100|[from] Sandstorm
|-heal|p2a: Corviknight|90/100|[from] item: Leftovers
|-end|p2a: Corviknight|Encore
|upkeep
|turn|7
|inactive|figglewiggle has 30 seconds left.
|inactive|jetboy57 has 30 seconds left.
|inactive|figglewiggle has 20 seconds left.
|inactive|figglewiggle has 15 seconds left.
|
|t:|1757689685
|move|p1a: Flamigo|Protect|p1a: Flamigo
|-singleturn|p1a: Flamigo|Protect
|move|p1b: Incineroar|Knock Off|p2b: Tyranitar
|-crit|p2b: Tyranitar
|-damage|p2b: Tyranitar|0 fnt
|-enditem|p2b: Tyranitar|Assault Vest|[from] move: Knock Off|[of] p1b: Incineroar
|faint|p2b: Tyranitar
|move|p2a: Corviknight|Bulk Up|p2a: Corviknight
|-boost|p2a: Corviknight|atk|1
|-boost|p2a: Corviknight|def|1
|
|-weather|Sandstorm|[upkeep]
|-damage|p1a: Flamigo|83/100|[from] Sandstorm
|-damage|p1b: Incineroar|47/100|[from] Sandstorm
|-heal|p2a: Corviknight|96/100|[from] item: Leftovers
|upkeep
|
|t:|1757689702
|switch|p2b: Garchomp|Garchomp, L50, F|100/100
|turn|8
|inactive|figglewiggle has 30 seconds left.
|
|t:|1757689733
|move|p2b: Garchomp|Protect|p2b: Garchomp
|-singleturn|p2b: Garchomp|Protect
|move|p1a: Flamigo|Close Combat|p2b: Garchomp
|-activate|p2b: Garchomp|move: Protect
|move|p1b: Incineroar|U-turn|p2b: Garchomp
|-activate|p2b: Garchomp|move: Protect
|move|p2a: Corviknight|Tailwind|p2a: Corviknight
|-sidestart|p2: jetboy57|move: Tailwind
|
|-weather|Sandstorm|[upkeep]
|-damage|p1a: Flamigo|78/100|[from] Sandstorm
|-damage|p1b: Incineroar|41/100|[from] Sandstorm
|-heal|p2a: Corviknight|100/100|[from] item: Leftovers
|upkeep
|turn|9
|inactive|figglewiggle has 30 seconds left.
|inactive|jetboy57 has 30 seconds left.
|
|t:|1757689769
|move|p1a: Flamigo|Protect|p1a: Flamigo
|-singleturn|p1a: Flamigo|Protect
|move|p2b: Garchomp|Stomping Tantrum|p1b: Incineroar
|-supereffective|p1b: Incineroar
|-damage|p1b: Incineroar|0 fnt
|faint|p1b: Incineroar
|-damage|p2b: Garchomp|91/100|[from] item: Life Orb
|move|p2a: Corviknight|Brave Bird|p1a: Flamigo
|-activate|p1a: Flamigo|move: Protect
|
|-weather|Sandstorm|[upkeep]
|-damage|p1a: Flamigo|72/100|[from] Sandstorm
|upkeep
|
|t:|1757689782
|switch|p1b: Whimsicott|Whimsicott, L50, M, tera:Water|43/100
|turn|10
|
|t:|1757689806
|move|p1b: Whimsicott|Tailwind|p1b: Whimsicott
|-sidestart|p1: figglewiggle|move: Tailwind
|move|p2b: Garchomp|Dragon Claw|p1b: Whimsicott
|-damage|p1b: Whimsicott|0 fnt
|faint|p1b: Whimsicott
|-damage|p2b: Garchomp|81/100|[from] item: Life Orb
|move|p1a: Flamigo|Close Combat|p2b: Garchomp
|-damage|p2b: Garchomp|15/100
|-unboost|p1a: Flamigo|def|1
|-unboost|p1a: Flamigo|spd|1
|move|p2a: Corviknight|Brave Bird|p1a: Flamigo
|-supereffective|p1a: Flamigo
|-damage|p1a: Flamigo|0 fnt
|faint|p1a: Flamigo
|-damage|p2a: Corviknight|81/100|[from] Recoil
|
|-weather|none
|-heal|p2a: Corviknight|88/100|[from] item: Leftovers
|upkeep
|
|t:|1757689824
|switch|p1b: Gholdengo|Gholdengo, L50|100/100
|turn|11
|
|t:|1757689838
|move|p1b: Gholdengo|Protect|p1b: Gholdengo
|-singleturn|p1b: Gholdengo|Protect
|move|p2b: Garchomp|Earthquake|p1b: Gholdengo|[spread] 
|-activate|p1b: Gholdengo|move: Protect
|-immune|p2a: Corviknight
|move|p2a: Corviknight|Brave Bird|p1b: Gholdengo
|-activate|p1b: Gholdengo|move: Protect
|
|-heal|p2a: Corviknight|94/100|[from] item: Leftovers
|-sideend|p2: jetboy57|move: Tailwind
|upkeep
|turn|12
|
|t:|1757689853
|move|p1b: Gholdengo|Nasty Plot|p1b: Gholdengo
|-boost|p1b: Gholdengo|spa|2
|move|p2b: Garchomp|Earthquake|p1b: Gholdengo|[spread] p1b
|-immune|p2a: Corviknight
|-supereffective|p1b: Gholdengo
|-damage|p1b: Gholdengo|0 fnt
|faint|p1b: Gholdengo
|-damage|p2b: Garchomp|5/100|[from] item: Life Orb
|
|win|jetboy57
|raw|figglewiggle's rating: 1120 → 1095(-25 for losing)
|raw|jetboy57's rating: 1124 → 1149(+25 for winning)
|l|☆figglewiggle
|player|p1|
