|j|☆xxx520
|j|☆sbhaga34
|html|xxx520sbhaga34    
|uhtml|bestof|Game 2 of a best-of-3
|t:|1784253995
|gametype|doubles
|player|p1|xxx520|2|1165
|player|p2|sbhaga34|hugh|1268
|gen|9
|tier|[Gen 9 Champions] VGC 2026 Reg M-B (Bo3)
|rated|
|rule|Species Clause: Limit one of each Pokémon
|rule|Item Clause: Limit 1 of each item
|clearpoke
|poke|p1|Torkoal, L50, M|
|poke|p1|Farigiraf, L50, F|
|poke|p1|Charizard, L50, M|
|poke|p1|Incineroar, L50, F|
|poke|p1|Venusaur, L50, M|
|poke|p1|Mudsdale, L50, M|
|poke|p2|Excadrill, L50, M|
|poke|p2|Tyranitar, L50, F|
|poke|p2|Corviknight, L50, M|
|poke|p2|Rotom-Wash, L50|
|poke|p2|Chandelure, L50, F|
|poke|p2|Clefable, L50, F|
|teampreview|4
|showteam|p1|Torkoal||Charcoal|Drought|EarthPower,Protect,Eruption,HeatWave|Quiet||M|||50|]Farigiraf||SitrusBerry|ArmorTail|TrickRoom,Thunderbolt,HelpingHand,Protect|Sassy||F|||50|]Charizard||CharizarditeY|SolarPower|HeatWave,Protect,AirSlash,SolarBeam|Timid||M|||50|]Incineroar||WhiteHerb|Intimidate|FakeOut,FlareBlitz,PartingShot,DarkestLariat|Brave||F|||50|]Venusaur||FocusSash|Chlorophyll|EarthPower,SleepPowder,Protect,SludgeBomb|Modest||M|||50|]Mudsdale||WideLens|InnerFocus|Curse,RockSlide,HighHorsepower,Protect|Brave||M|||50|
|showteam|p2|Excadrill||FocusSash|SandRush|Earthquake,IronHead,SwordsDance,Protect|Adamant||M|||50|]Tyranitar||Tyranitarite|SandStream|RockSlide,KnockOff,LowKick,Protect|Adamant||F|||50|]Corviknight||SharpBeak|MirrorArmor|BraveBird,Tailwind,BulkUp,Roost|Careful||M|||50|]Rotom-Wash||ChoiceScarf|Levitate|VoltSwitch,Thunderbolt,Electroweb,HydroPump|Timid|||||50|]Chandelure||ShucaBerry|FlashFire|HeatWave,ShadowBall,TrickRoom,Protect|Modest||F|||50|]Clefable||Clefablite|MagicGuard|FollowMe,Moonblast,HealPulse,Protect|Modest||F|||50|
|inactive|Battle timer is ON: inactive players will automatically lose when time's up. (requested by xxx520)
|
|t:|1784254015
|teamsize|p1|4
|teamsize|p2|4
|start
|switch|p1a: Farigiraf|Farigiraf, L50, F|100/100
|switch|p1b: Mudsdale|Mudsdale, L50, M|100/100
|switch|p2a: Rotom|Rotom-Wash, L50|100/100
|switch|p2b: Chandelure|Chandelure, L50, F|100/100
|turn|1
|
|t:|1784254037
|move|p2a: Rotom|Volt Switch|p1a: Farigiraf
|-damage|p1a: Farigiraf|74/100
|
|t:|1784254040
|switch|p2a: Corviknight|Corviknight, L50, M|100/100|[from] Volt Switch
|move|p2b: Chandelure|Heat Wave|p1b: Mudsdale|[spread] p1a
|-miss|p2b: Chandelure|p1b: Mudsdale
|-damage|p1a: Farigiraf|40/100
|-enditem|p1a: Farigiraf|Sitrus Berry|[eat]
|-heal|p1a: Farigiraf|64/100|[from] item: Sitrus Berry
|move|p1b: Mudsdale|Curse|p1b: Mudsdale
|-unboost|p1b: Mudsdale|spe|1
|-boost|p1b: Mudsdale|atk|1
|-boost|p1b: Mudsdale|def|1
|move|p1a: Farigiraf|Trick Room|p1a: Farigiraf
|-fieldstart|move: Trick Room|[of] p1a: Farigiraf
|
|upkeep
|turn|2
|
|t:|1784254064
|move|p1b: Mudsdale|High Horsepower|p2b: Chandelure
|-supereffective|p2b: Chandelure|1
|-enditem|p2b: Chandelure|Shuca Berry|[eat]
|-enditem|p2b: Chandelure|Shuca Berry|[weaken]
|-damage|p2b: Chandelure|24/100
|move|p1a: Farigiraf|Thunderbolt|p2a: Corviknight
|-supereffective|p2a: Corviknight|1
|-crit|p2a: Corviknight
|-damage|p2a: Corviknight|42/100
|-status|p2a: Corviknight|par
|move|p2a: Corviknight|Bulk Up|p2a: Corviknight
|-boost|p2a: Corviknight|atk|1
|-boost|p2a: Corviknight|def|1
|move|p2b: Chandelure|Trick Room|p2b: Chandelure
|-fieldend|move: Trick Room
|
|upkeep
|turn|3
|
|t:|1784254083
|move|p2b: Chandelure|Heat Wave|p1a: Farigiraf|[spread] p1a,p1b
|-damage|p1a: Farigiraf|24/100
|-damage|p1b: Mudsdale|69/100
|move|p2a: Corviknight|Brave Bird|p1a: Farigiraf
|-damage|p1a: Farigiraf|0 fnt
|faint|p1a: Farigiraf
|-damage|p2a: Corviknight|33/100 par|[from] Recoil
|move|p1b: Mudsdale|High Horsepower|p2b: Chandelure
|-supereffective|p2b: Chandelure|1
|-damage|p2b: Chandelure|0 fnt
|faint|p2b: Chandelure
|
|upkeep
|
|t:|1784254098
|switch|p2b: Rotom|Rotom-Wash, L50|100/100
|switch|p1a: Torkoal|Torkoal, L50, M|100/100
|-weather|SunnyDay|[from] ability: Drought|[of] p1a: Torkoal
|turn|4
|
|t:|1784254120
|switch|p2a: Tyranitar|Tyranitar, L50, F|100/100
|-weather|Sandstorm|[from] ability: Sand Stream|[of] p2a: Tyranitar
|move|p2b: Rotom|Hydro Pump|p1b: Mudsdale|[miss]
|-miss|p2b: Rotom|p1b: Mudsdale
|move|p1a: Torkoal|Eruption|p2b: Rotom|[spread] p2a,p2b
|-resisted|p2a: Tyranitar|1
|-resisted|p2b: Rotom|1
|-damage|p2a: Tyranitar|82/100
|-damage|p2b: Rotom|71/100
|move|p1b: Mudsdale|High Horsepower|p2b: Rotom
|-immune|p2b: Rotom|[from] ability: Levitate
|
|-weather|Sandstorm|[upkeep]
|-damage|p2b: Rotom|66/100|[from] Sandstorm
|-damage|p1a: Torkoal|93/100|[from] Sandstorm
|upkeep
|turn|5
|
|t:|1784254139
|switch|p1a: Incineroar|Incineroar, L50, F|100/100
|-ability|p1a: Incineroar|Intimidate|boost
|-unboost|p2a: Tyranitar|atk|1
|-unboost|p2b: Rotom|atk|1
|move|p1b: Mudsdale|Protect|p1b: Mudsdale
|-singleturn|p1b: Mudsdale|Protect
|move|p2b: Rotom|Hydro Pump|p1b: Mudsdale
|-activate|p1b: Mudsdale|move: Protect
|move|p2a: Tyranitar|Rock Slide|p1b: Mudsdale|[spread] p1a
|-activate|p1b: Mudsdale|move: Protect
|-supereffective|p1a: Incineroar|1
|-damage|p1a: Incineroar|63/100
|
|-weather|Sandstorm|[upkeep]
|-damage|p2b: Rotom|60/100|[from] Sandstorm
|-damage|p1a: Incineroar|57/100|[from] Sandstorm
|upkeep
|turn|6
|
|t:|1784254162
|move|p2a: Tyranitar|Protect|p2a: Tyranitar
|-singleturn|p2a: Tyranitar|Protect
|move|p1a: Incineroar|Fake Out|p2b: Rotom
|-damage|p2b: Rotom|45/100
|cant|p2b: Rotom|flinch
|move|p1b: Mudsdale|Rock Slide|p2a: Tyranitar|[spread] p2b
|-activate|p2a: Tyranitar|move: Protect
|-damage|p2b: Rotom|15/100
|
|-weather|Sandstorm|[upkeep]
|-damage|p2b: Rotom|10/100|[from] Sandstorm
|-damage|p1a: Incineroar|51/100|[from] Sandstorm
|upkeep
|turn|7
|
|t:|1784254186
|switch|p1a: Torkoal|Torkoal, L50, M|93/100
|-weather|SunnyDay|[from] ability: Drought|[of] p1a: Torkoal
|detailschange|p2a: Tyranitar|Tyranitar-Mega, L50, F
|-mega|p2a: Tyranitar|Tyranitar|Tyranitarite
|-weather|Sandstorm|[from] ability: Sand Stream|[of] p2a: Tyranitar
|move|p2b: Rotom|Hydro Pump|p1b: Mudsdale|[miss]
|-miss|p2b: Rotom|p1b: Mudsdale
|move|p2a: Tyranitar|Rock Slide|p1b: Mudsdale|[spread] p1a,p1b
|-supereffective|p1a: Torkoal|1
|-resisted|p1b: Mudsdale|1
|-damage|p1a: Torkoal|62/100
|-damage|p1b: Mudsdale|62/100
|move|p1b: Mudsdale|Rock Slide|p2a: Tyranitar|[spread] p2a,p2b
|-damage|p2a: Tyranitar|67/100
|-damage|p2b: Rotom|0 fnt
|faint|p2b: Rotom
|
|-weather|Sandstorm|[upkeep]
|-damage|p1a: Torkoal|55/100|[from] Sandstorm
|upkeep
|-message|sbhaga34 forfeited.
|
|win|xxx520
