|j|☆KnekroGitano
|j|☆decidueyepuppygirl
|html|KnekroGitanodecidueyepuppygirl    
|uhtml|bestof|Game 1 of a best-of-3
|t:|1782761087
|gametype|doubles
|player|p1|KnekroGitano|preschooler|1112
|player|p2|decidueyepuppygirl|miku-fairy|1157
|gen|9
|tier|[Gen 9 Champions] VGC 2026 Reg M-B (Bo3)
|rated|
|rule|Species Clause: Limit one of each Pokémon
|rule|Item Clause: Limit 1 of each item
|clearpoke
|poke|p1|Froslass, L50, F|
|poke|p1|Scovillain, L50, F, shiny|
|poke|p1|Basculegion, L50, M|
|poke|p1|Kingambit, L50, F|
|poke|p1|Sneasler, L50, M|
|poke|p1|Lycanroc-Dusk, L50, M|
|poke|p2|Lycanroc-Dusk, L50, M, shiny|
|poke|p2|Froslass, L50, F, shiny|
|poke|p2|Scovillain, L50, F|
|poke|p2|Basculegion, L50, M|
|poke|p2|Kingambit, L50, F|
|poke|p2|Sneasler, L50, F, shiny|
|teampreview|4
|showteam|p1|Froslass||Froslassite|CursedBody|Blizzard,ShadowBall,AuroraVeil,Protect|Modest||F|||50|]Scovillain||Scovillainite|Moody|GigaDrain,Overheat,RagePowder,Protect|Bold||F|||50|]Basculegion||SitrusBerry|Adaptability|WaveCrash,LastRespects,AquaJet,Protect|Adamant||M|||50|]Kingambit||BlackGlasses|Defiant|KowtowCleave,SuckerPunch,SwordsDance,Protect|Adamant||F|||50|]Sneasler||WhiteHerb|Unburden|CloseCombat,GunkShot,Protect,FakeOut|Adamant||M|||50|]Lycanroc-Dusk||FocusSash|ToughClaws|CloseCombat,Accelerock,RockSlide,Protect|Adamant||M|||50|
|showteam|p2|Lycanroc-Dusk||FocusSash|ToughClaws|RockSlide,CloseCombat,Accelerock,Protect|Adamant||M|||50|]Froslass||Froslassite|CursedBody|Blizzard,ShadowBall,AuroraVeil,Protect|Modest||F|||50|]Scovillain||Scovillainite|Moody|Overheat,GigaDrain,RagePowder,Protect|Bold||F|||50|]Basculegion||SitrusBerry|Adaptability|WaveCrash,LastRespects,AquaJet,Protect|Adamant||M|||50|]Kingambit||BlackGlasses|Defiant|KowtowCleave,SuckerPunch,SwordsDance,Protect|Adamant||F|||50|]Sneasler||WhiteHerb|Unburden|CloseCombat,DireClaw,FakeOut,Protect|Adamant||F|||50|
|inactive|Battle timer is ON: inactive players will automatically lose when time's up. (requested by decidueyepuppygirl)
|c|☆decidueyepuppygirl|oh
|inactive|KnekroGitano has 60 seconds left.
|inactive|decidueyepuppygirl has 60 seconds left.
|inactive|KnekroGitano has 30 seconds left.
|inactive|KnekroGitano has 20 seconds left.
|inactive|KnekroGitano has 15 seconds left.
|
|t:|1782761163
|teamsize|p1|4
|teamsize|p2|4
|start
|switch|p1a: Froslass|Froslass, L50, F|100/100
|switch|p1b: Sneasler|Sneasler, L50, M|100/100
|switch|p2a: I'm so green|Scovillain, L50, F|100/100
|switch|p2b: Queen's Gambit|Kingambit, L50, F|100/100
|turn|1
|inactive|decidueyepuppygirl has 30 seconds left.
|inactive|decidueyepuppygirl has 20 seconds left.
|
|t:|1782761200
|detailschange|p1a: Froslass|Froslass-Mega, L50, F
|-mega|p1a: Froslass|Froslass|Froslassite
|-weather|Snowscape|[from] ability: Snow Warning|[of] p1a: Froslass
|detailschange|p2a: I'm so green|Scovillain-Mega, L50, F
|-mega|p2a: I'm so green|Scovillain|Scovillainite
|move|p2b: Queen's Gambit|Protect|p2b: Queen's Gambit
|-singleturn|p2b: Queen's Gambit|Protect
|move|p1a: Froslass|Aurora Veil|p1a: Froslass
|-sidestart|p1: KnekroGitano|move: Aurora Veil
|move|p1b: Sneasler|Gunk Shot|p2a: I'm so green
|-supereffective|p2a: I'm so green|1
|-damage|p2a: I'm so green|8/100
|-status|p1b: Sneasler|brn|[from] ability: Spicy Spray|[of] p2a: I'm so green
|move|p2a: I'm so green|Overheat|p1a: Froslass
|-supereffective|p1a: Froslass|1
|-damage|p1a: Froslass|26/100
|-unboost|p2a: I'm so green|spa|2
|
|-weather|Snowscape|[upkeep]
|-damage|p1b: Sneasler|94/100 brn|[from] brn
|upkeep
|turn|2
|inactive|KnekroGitano has 30 seconds left.
|inactive|KnekroGitano has 20 seconds left.
|inactive|KnekroGitano has 15 seconds left.
|
|t:|1782761244
|switch|p1a: Kingambit|Kingambit, L50, F|100/100
|move|p2a: I'm so green|Rage Powder|p2a: I'm so green
|-singleturn|p2a: I'm so green|move: Rage Powder
|move|p2b: Queen's Gambit|Sucker Punch||[still]
|-fail|p2b: Queen's Gambit
|move|p1b: Sneasler|Close Combat|p2a: I'm so green
|-damage|p2a: I'm so green|0 fnt
|-unboost|p1b: Sneasler|def|1
|-unboost|p1b: Sneasler|spd|1
|faint|p2a: I'm so green
|-enditem|p1b: Sneasler|White Herb
|-clearnegativeboost|p1b: Sneasler|[silent]
|
|-weather|Snowscape|[upkeep]
|-damage|p1b: Sneasler|88/100 brn|[from] brn
|upkeep
|
|t:|1782761251
|switch|p2a: Nine Inch Nails|Sneasler, L50, F, shiny|100/100
|turn|3
|inactive|KnekroGitano has 30 seconds left.
|inactive|KnekroGitano has 20 seconds left.
|
|t:|1782761289
|move|p2a: Nine Inch Nails|Fake Out|p1b: Sneasler
|-damage|p1b: Sneasler|78/100 brn
|cant|p1b: Sneasler|flinch
|move|p2b: Queen's Gambit|Swords Dance|p2b: Queen's Gambit
|-boost|p2b: Queen's Gambit|atk|2
|move|p1a: Kingambit|Swords Dance|p1a: Kingambit
|-boost|p1a: Kingambit|atk|2
|
|-weather|Snowscape|[upkeep]
|-damage|p1b: Sneasler|72/100 brn|[from] brn
|upkeep
|turn|4
|inactive|KnekroGitano has 30 seconds left.
|
|t:|1782761322
|move|p1a: Kingambit|Sucker Punch|p2a: Nine Inch Nails
|-resisted|p2a: Nine Inch Nails|1
|-damage|p2a: Nine Inch Nails|48/100
|move|p2b: Queen's Gambit|Sucker Punch|p1b: Sneasler
|-resisted|p1b: Sneasler|1
|-damage|p1b: Sneasler|36/100 brn
|move|p1b: Sneasler|Close Combat|p2a: Nine Inch Nails
|-resisted|p2a: Nine Inch Nails|1
|-damage|p2a: Nine Inch Nails|33/100
|-unboost|p1b: Sneasler|def|1
|-unboost|p1b: Sneasler|spd|1
|move|p2a: Nine Inch Nails|Dire Claw|p1b: Sneasler
|-resisted|p1b: Sneasler|1
|-damage|p1b: Sneasler|16/100 brn
|
|-weather|Snowscape|[upkeep]
|-damage|p1b: Sneasler|10/100 brn|[from] brn
|upkeep
|turn|5
|inactive|KnekroGitano has 30 seconds left.
|inactive|decidueyepuppygirl has 30 seconds left.
|inactive|KnekroGitano has 20 seconds left.
|inactive|KnekroGitano has 15 seconds left.
|
|t:|1782761366
|move|p2a: Nine Inch Nails|Protect|p2a: Nine Inch Nails
|-singleturn|p2a: Nine Inch Nails|Protect
|move|p2b: Queen's Gambit|Protect|p2b: Queen's Gambit
|-singleturn|p2b: Queen's Gambit|Protect
|move|p1a: Kingambit|Sucker Punch||[still]
|-fail|p1a: Kingambit
|move|p1b: Sneasler|Close Combat|p2b: Queen's Gambit
|-activate|p2b: Queen's Gambit|move: Protect
|
|-weather|none
|-damage|p1b: Sneasler|4/100 brn|[from] brn
|-sideend|p1: KnekroGitano|move: Aurora Veil
|upkeep
|turn|6
|
|t:|1782761385
|move|p2a: Nine Inch Nails|Protect||[still]
|-fail|p2a: Nine Inch Nails
|move|p1a: Kingambit|Sucker Punch||[still]
|-fail|p1a: Kingambit
|move|p2b: Queen's Gambit|Sucker Punch|p1b: Sneasler
|-resisted|p1b: Sneasler|1
|-damage|p1b: Sneasler|0 fnt
|faint|p1b: Sneasler
|
|upkeep
|
|t:|1782761398
|switch|p1b: Lycanroc|Lycanroc-Dusk, L50, M|100/100
|turn|7
|
|t:|1782761412
|move|p2b: Queen's Gambit|Protect|p2b: Queen's Gambit
|-singleturn|p2b: Queen's Gambit|Protect
|move|p1a: Kingambit|Sucker Punch|p2a: Nine Inch Nails
|-resisted|p2a: Nine Inch Nails|1
|-damage|p2a: Nine Inch Nails|0 fnt
|faint|p2a: Nine Inch Nails
|move|p1b: Lycanroc|Close Combat|p2b: Queen's Gambit
|-activate|p2b: Queen's Gambit|move: Protect
|
|upkeep
|
|t:|1782761417
|switch|p2a: Basc 'n' Chips|Basculegion, L50, M|100/100
|turn|8
|
|t:|1782761427
|move|p1b: Lycanroc|Protect|p1b: Lycanroc
|-singleturn|p1b: Lycanroc|Protect
|move|p2a: Basc 'n' Chips|Aqua Jet|p1b: Lycanroc
|-activate|p1b: Lycanroc|move: Protect
|move|p2b: Queen's Gambit|Sucker Punch||[still]
|-fail|p2b: Queen's Gambit
|move|p1a: Kingambit|Kowtow Cleave|p2a: Basc 'n' Chips
|-supereffective|p2a: Basc 'n' Chips|1
|-damage|p2a: Basc 'n' Chips|0 fnt
|faint|p2a: Basc 'n' Chips
|
|upkeep
|turn|9
|-message|decidueyepuppygirl forfeited.
|
|win|KnekroGitano
||decidueyepuppygirl is ready for game 2.
||KnekroGitano is ready for game 2.
|uhtml|next|Next: Game 2 of 3
|l|☆decidueyepuppygirl
|player|p2|
