|j|☆marriage4ever
|j|☆joseth1901
|html|marriage4everjoseth1901    
|uhtml|bestof|Game 1 of a best-of-3
|t:|1783457263
|gametype|doubles
|player|p1|marriage4ever|backersf|1097
|player|p2|joseth1901|policeman-gen4|1096
|gen|9
|tier|[Gen 9 Champions] VGC 2026 Reg M-B (Bo3)
|rated|
|rule|Species Clause: Limit one of each Pokémon
|rule|Item Clause: Limit 1 of each item
|clearpoke
|poke|p1|Floette-Eternal, L50, F|
|poke|p1|Basculegion, L50, M|
|poke|p1|Kingambit, L50, M|
|poke|p1|Sinistcha, L50|
|poke|p1|Sneasler, L50, M|
|poke|p1|Ceruledge, L50, F|
|poke|p2|Scrafty, L50, M|
|poke|p2|Whimsicott, L50, F|
|poke|p2|Staraptor, L50, M|
|poke|p2|Kleavor, L50, M|
|poke|p2|Basculegion, L50, M, shiny|
|poke|p2|Hydreigon, L50, F|
|teampreview|4
|showteam|p1|Floette-Eternal||Floettite|FlowerVeil|Moonblast,CalmMind,Protect,DazzlingGleam|Modest||F|||50|]Basculegion||ChoiceScarf|Adaptability|WaveCrash,FlipTurn,AquaJet,LastRespects|Jolly||M|||50|]Kingambit||BlackGlasses|Defiant|KowtowCleave,IronHead,SuckerPunch,Protect|Adamant||M|||50|]Sinistcha||Leftovers|Hospitality|RagePowder,MatchaGotcha,TrickRoom,LifeDew|Bold|||||50|]Sneasler||WhiteHerb|Unburden|DireClaw,FakeOut,Coaching,CloseCombat|Jolly||M|||50|]Ceruledge||ColburBerry|FlashFire|BulkUp,BitterBlade,Protect,ShadowSneak|Adamant||F|||50|
|showteam|p2|Scrafty||Scraftinite|Intimidate|DrainPunch,Payback,FakeOut,IcePunch|Adamant||M|||50|]Whimsicott||FocusSash|Prankster|Tailwind,Encore,Moonblast,Charm|Bold||F|||50|]Staraptor||Staraptite|Intimidate|CloseCombat,BraveBird,Protect,Roost|Adamant||M|||50|]Kleavor||ChoiceScarf|Sharpness|XScissor,Uturn,NightSlash,RockSlide|Adamant||M|||50|]Basculegion||LifeOrb|Adaptability|AquaJet,WaveCrash,LastRespects,FlipTurn|Adamant||M|||50|]Hydreigon||RoseliBerry|Levitate|EarthPower,DracoMeteor,Uturn,FlashCannon|Timid||F|||50|
|inactive|Battle timer is ON: inactive players will automatically lose when time's up. (requested by marriage4ever)
|
|t:|1783457292
|teamsize|p1|4
|teamsize|p2|4
|start
|switch|p1a: Iris|Floette-Eternal, L50, F|100/100
|switch|p1b: Seaora|Sneasler, L50, M|100/100
|switch|p2a: Whimsicott|Whimsicott, L50, F|100/100
|switch|p2b: Staraptor|Staraptor, L50, M|100/100
|-ability|p2b: Staraptor|Intimidate|boost
|-unboost|p1a: Iris|atk|1
|-unboost|p1b: Seaora|atk|1
|-enditem|p1b: Seaora|White Herb
|-clearnegativeboost|p1b: Seaora|[silent]
|turn|1
|inactive|joseth1901 has 30 seconds left.
|inactive|joseth1901 has 20 seconds left.
|inactive|joseth1901 has 15 seconds left.
|
|t:|1783457334
|detailschange|p2b: Staraptor|Staraptor-Mega, L50, M
|-mega|p2b: Staraptor|Staraptor|Staraptite
|detailschange|p1a: Iris|Floette-Mega, L50, F
|-mega|p1a: Iris|Floette|Floettite
|-ability|p1a: Iris|Fairy Aura
|move|p2b: Staraptor|Protect|p2b: Staraptor
|-singleturn|p2b: Staraptor|Protect
|move|p2a: Whimsicott|Tailwind|p2a: Whimsicott
|-sidestart|p2: joseth1901|move: Tailwind
|move|p1b: Seaora|Coaching|p1a: Iris
|-boost|p1a: Iris|atk|1
|-boost|p1a: Iris|def|1
|move|p1a: Iris|Moonblast|p2b: Staraptor
|-activate|p2b: Staraptor|move: Protect
|
|upkeep
|turn|2
|inactive|joseth1901 has 30 seconds left.
|
|t:|1783457365
|move|p2a: Whimsicott|Charm|p2b: Staraptor
|-boost|p2b: Staraptor|atk|2
|move|p1b: Seaora|Coaching|p1a: Iris
|-boost|p1a: Iris|atk|1
|-boost|p1a: Iris|def|1
|move|p2b: Staraptor|Brave Bird|p1b: Seaora
|-supereffective|p1b: Seaora|1
|-damage|p1b: Seaora|0 fnt
|faint|p1b: Seaora
|-damage|p2b: Staraptor|68/100|[from] Recoil
|move|p1a: Iris|Moonblast|p2b: Staraptor
|-supereffective|p2b: Staraptor|1
|-damage|p2b: Staraptor|0 fnt
|faint|p2b: Staraptor
|
|upkeep
|
|t:|1783457383
|switch|p1b: Goober|Sinistcha, L50|100/100
|switch|p2b: Kleavor|Kleavor, L50, M|100/100
|turn|3
|
|t:|1783457397
|move|p2b: Kleavor|Rock Slide|p1a: Iris|[spread] p1a,p1b
|-damage|p1a: Iris|85/100
|-damage|p1b: Goober|72/100
|move|p2a: Whimsicott|Moonblast|p1a: Iris
|-damage|p1a: Iris|58/100
|cant|p1a: Iris|flinch
|move|p1b: Goober|Matcha Gotcha|p2a: Whimsicott|[spread] p2b
|-miss|p1b: Goober|p2a: Whimsicott
|-damage|p2b: Kleavor|56/100
|-heal|p1b: Goober|91/100|[from] drain|[of] p2b: Kleavor
|
|-heal|p1b: Goober|97/100|[from] item: Leftovers
|upkeep
|turn|4
|
|t:|1783457413
|move|p2b: Kleavor|Rock Slide|p1b: Goober|[spread] p1b
|-miss|p2b: Kleavor|p1a: Iris
|-damage|p1b: Goober|72/100
|move|p2a: Whimsicott|Moonblast|p1a: Iris
|-damage|p1a: Iris|33/100
|move|p1a: Iris|Dazzling Gleam|p2a: Whimsicott|[spread] p2a,p2b
|-damage|p2a: Whimsicott|33/100
|-damage|p2b: Kleavor|0 fnt
|faint|p2b: Kleavor
|cant|p1b: Goober|flinch
|
|-heal|p1b: Goober|78/100|[from] item: Leftovers
|-sideend|p2: joseth1901|move: Tailwind
|upkeep
|
|t:|1783457428
|switch|p2b: Basculegion|Basculegion, L50, M, shiny|100/100
|turn|5
|
|t:|1783457436
|move|p2a: Whimsicott|Tailwind|p2a: Whimsicott
|-sidestart|p2: joseth1901|move: Tailwind
|move|p2b: Basculegion|Last Respects|p1a: Iris
|-damage|p1a: Iris|0 fnt
|faint|p1a: Iris
|-damage|p2b: Basculegion|90/100|[from] item: Life Orb
|move|p1b: Goober|Matcha Gotcha|p2a: Whimsicott|[spread] p2a,p2b
|-resisted|p2a: Whimsicott|1
|-supereffective|p2b: Basculegion|1
|-damage|p2a: Whimsicott|16/100
|-heal|p1b: Goober|87/100|[from] drain|[of] p2a: Whimsicott
|-damage|p2b: Basculegion|38/100
|-heal|p1b: Goober|100/100|[from] drain|[of] p2b: Basculegion
|
|upkeep
|
|t:|1783457450
|switch|p1a: Queen Ebony|Kingambit, L50, M|100/100
|turn|6
|
|t:|1783457468
|move|p1a: Queen Ebony|Sucker Punch|p2b: Basculegion
|-supereffective|p2b: Basculegion|1
|-damage|p2b: Basculegion|0 fnt
|faint|p2b: Basculegion
|move|p2a: Whimsicott|Moonblast|p1a: Queen Ebony
|-damage|p1a: Queen Ebony|70/100
|move|p1b: Goober|Matcha Gotcha|p2a: Whimsicott
|-resisted|p2a: Whimsicott|1
|-damage|p2a: Whimsicott|0 fnt
|faint|p2a: Whimsicott
|
|win|marriage4ever
||joseth1901 is ready for game 2.
||marriage4ever is ready for game 2.
|uhtml|next|Next: Game 2 of 3
