|j|☆Garden Monke
|j|☆zileu
|html|Garden Monkezileu    
|uhtml|bestof|Game 3 of a best-of-3
|t:|1784496260
|gametype|doubles
|player|p1|Garden Monke|giacomo|1124
|player|p2|zileu|cyclist-gen4|1072
|gen|9
|tier|[Gen 9 Champions] VGC 2026 Reg M-B (Bo3)
|rated|
|rule|Species Clause: Limit one of each Pokémon
|rule|Item Clause: Limit 1 of each item
|clearpoke
|poke|p1|Incineroar, L50, F|
|poke|p1|Sinistcha, L50|
|poke|p1|Gengar, L50, M|
|poke|p1|Swampert, L50, F|
|poke|p1|Politoed, L50, F|
|poke|p1|Archaludon, L50, F|
|poke|p2|Gengar, L50, M, shiny|
|poke|p2|Incineroar, L50, M|
|poke|p2|Sinistcha, L50|
|poke|p2|Politoed, L50, M|
|poke|p2|Tinkaton, L50, F|
|poke|p2|Kommo-o, L50, M|
|teampreview|4
|showteam|p1|Incineroar||PasshoBerry|Intimidate|ThroatChop,FakeOut,PartingShot,Protect|Sassy||F|||50|]Sinistcha||ColburBerry|Hospitality|MatchaGotcha,RagePowder,TrickRoom,Protect|Calm|||||50|]Gengar||Gengarite|CursedBody|ShadowBall,Disable,PerishSong,Protect|Timid||M|||50|]Swampert||Swampertite|Damp|WaveCrash,HighHorsepower,IcePunch,Protect|Adamant||F|||50|]Politoed||SitrusBerry|Drizzle|WeatherBall,Encore,PerishSong,Protect|Calm||F|||50|]Archaludon||Leftovers|Stamina|ElectroShot,DragonPulse,FlashCannon,Protect|Modest||F|||50|
|showteam|p2|Gengar||Gengarite|CursedBody|ShadowBall,Disable,PerishSong,Protect|Timid||M|||50|]Incineroar||IronBall|Intimidate|FakeOut,ThroatChop,PartingShot,Protect|Relaxed||M|||50|]Sinistcha||KasibBerry|Hospitality|MatchaGotcha,RagePowder,LifeDew,Protect|Relaxed|||||50|]Politoed||SitrusBerry|Drizzle|WeatherBall,Encore,PerishSong,Protect|Bold||M|||50|]Tinkaton||ShucaBerry|MoldBreaker|FakeOut,GigatonHammer,Encore,Protect|Jolly||F|||50|]Kommo-o||Leftovers|Soundproof|ClangingScales,AuraSphere,ClangorousSoul,Protect|Timid||M|||50|
|inactive|Battle timer is ON: inactive players will automatically lose when time's up. (requested by Garden Monke)
|inactive|Garden Monke has 60 seconds left.
|
|t:|1784496313
|teamsize|p1|4
|teamsize|p2|4
|start
|switch|p1a: Archaludon|Archaludon, L50, F|100/100
|switch|p1b: Politoed|Politoed, L50, F|100/100
|switch|p2a: Incineroar|Incineroar, L50, M|100/100
|switch|p2b: Kommo-o|Kommo-o, L50, M|100/100
|-weather|RainDance|[from] ability: Drizzle|[of] p1b: Politoed
|-ability|p2a: Incineroar|Intimidate|boost
|-unboost|p1a: Archaludon|atk|1
|-unboost|p1b: Politoed|atk|1
|turn|1
|inactive|zileu has 30 seconds left.
|
|t:|1784496347
|switch|p1b: Incineroar|Incineroar, L50, F|100/100
|-ability|p1b: Incineroar|Intimidate|boost
|-unboost|p2a: Incineroar|atk|1
|-unboost|p2b: Kommo-o|atk|1
|move|p2b: Kommo-o|Aura Sphere|p1a: Archaludon
|-supereffective|p1a: Archaludon|1
|-damage|p1a: Archaludon|28/100
|-ability|p1a: Archaludon|Stamina|boost
|-boost|p1a: Archaludon|def|1
|move|p1a: Archaludon|Electro Shot||[still]
|-prepare|p1a: Archaludon|Electro Shot
|-boost|p1a: Archaludon|spa|1
|-anim|p1a: Archaludon|Electro Shot|p2a: Incineroar
|-damage|p2a: Incineroar|53/100
|move|p2a: Incineroar|Parting Shot|p1a: Archaludon
|-unboost|p1a: Archaludon|atk|1
|-unboost|p1a: Archaludon|spa|1
|
|t:|1784496365
|switch|p2a: Gengar|Gengar, L50, M, shiny|100/100|[from] Parting Shot
|
|-weather|RainDance|[upkeep]
|-heal|p1a: Archaludon|34/100|[from] item: Leftovers
|upkeep
|turn|2
|
|t:|1784496388
|switch|p1a: Swampert|Swampert, L50, F|100/100
|detailschange|p2a: Gengar|Gengar-Mega, L50, M, shiny
|-mega|p2a: Gengar|Gengar|Gengarite
|move|p2a: Gengar|Protect|p2a: Gengar
|-singleturn|p2a: Gengar|Protect
|move|p2b: Kommo-o|Protect|p2b: Kommo-o
|-singleturn|p2b: Kommo-o|Protect
|move|p1b: Incineroar|Throat Chop|p2b: Kommo-o
|-activate|p2b: Kommo-o|move: Protect
|
|-weather|RainDance|[upkeep]
|upkeep
|turn|3
|inactive|zileu has 30 seconds left.
|
|t:|1784496419
|switch|p2a: Sinistcha|Sinistcha, L50|100/100
|detailschange|p1a: Swampert|Swampert-Mega, L50, F
|-mega|p1a: Swampert|Swampert|Swampertite
|move|p1a: Swampert|High Horsepower|p2a: Sinistcha
|-resisted|p2a: Sinistcha|1
|-damage|p2a: Sinistcha|75/100
|move|p2b: Kommo-o|Clangorous Soul|p2b: Kommo-o
|-boost|p2b: Kommo-o|atk|1
|-boost|p2b: Kommo-o|def|1
|-boost|p2b: Kommo-o|spa|1
|-boost|p2b: Kommo-o|spd|1
|-boost|p2b: Kommo-o|spe|1
|-damage|p2b: Kommo-o|67/100
|move|p1b: Incineroar|Throat Chop|p2b: Kommo-o
|-resisted|p2b: Kommo-o|1
|-crit|p2b: Kommo-o
|-damage|p2b: Kommo-o|42/100
|-start|p2b: Kommo-o|Throat Chop|[silent]
|
|-weather|RainDance|[upkeep]
|-heal|p2b: Kommo-o|48/100|[from] item: Leftovers
|upkeep
|turn|4
|inactive|Garden Monke has 30 seconds left.
|
|t:|1784496444
|move|p1a: Swampert|Protect|p1a: Swampert
|-singleturn|p1a: Swampert|Protect
|move|p2b: Kommo-o|Protect|p2b: Kommo-o
|-singleturn|p2b: Kommo-o|Protect
|move|p2a: Sinistcha|Life Dew|p2a: Sinistcha|[spread] p2a,p2b
|-heal|p2a: Sinistcha|100/100
|-heal|p2b: Kommo-o|73/100
|move|p1b: Incineroar|Throat Chop|p2a: Sinistcha
|-supereffective|p2a: Sinistcha|1
|-damage|p2a: Sinistcha|42/100
|-start|p2a: Sinistcha|Throat Chop|[silent]
|
|-weather|RainDance|[upkeep]
|-heal|p2b: Kommo-o|79/100|[from] item: Leftovers
|-end|p2b: Kommo-o|Throat Chop|[silent]
|upkeep
|turn|5
|inactive|Garden Monke has 30 seconds left.
|
|t:|1784496471
|move|p1a: Swampert|Ice Punch|p2a: Sinistcha
|-supereffective|p2a: Sinistcha|1
|-damage|p2a: Sinistcha|0 fnt
|faint|p2a: Sinistcha
|move|p2b: Kommo-o|Clanging Scales|p1a: Swampert|[spread] p1a,p1b
|-damage|p1a: Swampert|58/100
|-damage|p1b: Incineroar|59/100
|-unboost|p2b: Kommo-o|def|1
|move|p1b: Incineroar|Throat Chop|p2b: Kommo-o
|-resisted|p2b: Kommo-o|1
|-damage|p2b: Kommo-o|64/100
|-start|p2b: Kommo-o|Throat Chop|[silent]
|
|-weather|none
|-heal|p2b: Kommo-o|70/100|[from] item: Leftovers
|upkeep
|
|t:|1784496478
|switch|p2a: Incineroar|Incineroar, L50, M|53/100
|-ability|p2a: Incineroar|Intimidate|boost
|-unboost|p1a: Swampert|atk|1
|-unboost|p1b: Incineroar|atk|1
|turn|6
|inactive|zileu has 30 seconds left.
|
|t:|1784496503
|switch|p1b: Politoed|Politoed, L50, F|100/100
|-weather|RainDance|[from] ability: Drizzle|[of] p1b: Politoed
|move|p1a: Swampert|Protect|p1a: Swampert
|-singleturn|p1a: Swampert|Protect
|move|p2b: Kommo-o|Aura Sphere|p1b: Politoed
|-damage|p1b: Politoed|57/100
|move|p2a: Incineroar|Parting Shot|p1b: Politoed
|-unboost|p1b: Politoed|atk|1
|-unboost|p1b: Politoed|spa|1
|
|t:|1784496514
|switch|p2a: Gengar|Gengar-Mega, L50, M, shiny|100/100|[from] Parting Shot
|
|-weather|RainDance|[upkeep]
|-heal|p2b: Kommo-o|76/100|[from] item: Leftovers
|-end|p2b: Kommo-o|Throat Chop|[silent]
|upkeep
|turn|7
|
|t:|1784496536
|move|p2b: Kommo-o|Protect|p2b: Kommo-o
|-singleturn|p2b: Kommo-o|Protect
|move|p1a: Swampert|Wave Crash|p2b: Kommo-o
|-activate|p2b: Kommo-o|move: Protect
|move|p2a: Gengar|Shadow Ball|p1b: Politoed
|-damage|p1b: Politoed|19/100
|-enditem|p1b: Politoed|Sitrus Berry|[eat]
|-heal|p1b: Politoed|44/100|[from] item: Sitrus Berry
|move|p1b: Politoed|Weather Ball|p2b: Kommo-o
|-activate|p2b: Kommo-o|move: Protect
|
|-weather|RainDance|[upkeep]
|-heal|p2b: Kommo-o|82/100|[from] item: Leftovers
|upkeep
|turn|8
|inactive|zileu has 30 seconds left.
|
|t:|1784496566
|switch|p2a: Incineroar|Incineroar, L50, M|53/100
|-ability|p2a: Incineroar|Intimidate|boost
|-unboost|p1a: Swampert|atk|1
|-unboost|p1b: Politoed|atk|1
|move|p1a: Swampert|Wave Crash|p2b: Kommo-o
|-resisted|p2b: Kommo-o|1
|-damage|p2b: Kommo-o|54/100
|-damage|p1a: Swampert|51/100|[from] Recoil
|move|p2b: Kommo-o|Aura Sphere|p1b: Politoed
|-damage|p1b: Politoed|2/100
|move|p1b: Politoed|Weather Ball|p2b: Kommo-o
|-resisted|p2b: Kommo-o|1
|-damage|p2b: Kommo-o|42/100
|
|-weather|RainDance|[upkeep]
|-heal|p2b: Kommo-o|48/100|[from] item: Leftovers
|upkeep
|turn|9
|inactive|Garden Monke has 30 seconds left.
|
|t:|1784496592
|switch|p1a: Incineroar|Incineroar, L50, F|59/100
|-ability|p1a: Incineroar|Intimidate|boost
|-unboost|p2a: Incineroar|atk|1
|-unboost|p2b: Kommo-o|atk|1
|switch|p1b: Archaludon|Archaludon, L50, F|34/100
|move|p2a: Incineroar|Fake Out|p1a: Incineroar
|-damage|p1a: Incineroar|52/100
|move|p2b: Kommo-o|Clanging Scales|p1b: Archaludon|[spread] p1a,p1b
|-damage|p1a: Incineroar|14/100
|-damage|p1b: Archaludon|0 fnt
|faint|p1b: Archaludon
|-unboost|p2b: Kommo-o|def|1
|
|-weather|RainDance|[upkeep]
|-heal|p2b: Kommo-o|54/100|[from] item: Leftovers
|upkeep
|
|t:|1784496605
|switch|p1b: Swampert|Swampert-Mega, L50, F|51/100
|turn|10
|
|t:|1784496615
|move|p2b: Kommo-o|Protect|p2b: Kommo-o
|-singleturn|p2b: Kommo-o|Protect
|move|p1a: Incineroar|Protect|p1a: Incineroar
|-singleturn|p1a: Incineroar|Protect
|move|p2a: Incineroar|Protect|p2a: Incineroar
|-singleturn|p2a: Incineroar|Protect
|move|p1b: Swampert|Wave Crash|p2a: Incineroar
|-activate|p2a: Incineroar|move: Protect
|
|-weather|none
|-heal|p2b: Kommo-o|60/100|[from] item: Leftovers
|upkeep
|turn|11
|
|t:|1784496634
|switch|p1a: Politoed|Politoed, L50, F|2/100
|-weather|RainDance|[from] ability: Drizzle|[of] p1a: Politoed
|move|p1b: Swampert|Ice Punch|p2b: Kommo-o
|-supereffective|p2b: Kommo-o|1
|-damage|p2b: Kommo-o|0 fnt
|faint|p2b: Kommo-o
|move|p2a: Incineroar|Parting Shot|p1b: Swampert
|-unboost|p1b: Swampert|atk|1
|-unboost|p1b: Swampert|spa|1
|
|t:|1784496642
|switch|p2a: Gengar|Gengar-Mega, L50, M, shiny|100/100|[from] Parting Shot
|
|-weather|RainDance|[upkeep]
|upkeep
|
|t:|1784496645
|switch|p2b: Incineroar|Incineroar, L50, M|53/100
|-ability|p2b: Incineroar|Intimidate|boost
|-unboost|p1a: Politoed|atk|1
|-unboost|p1b: Swampert|atk|1
|turn|12
|inactive|zileu has 30 seconds left.
|
|t:|1784496680
|move|p1b: Swampert|Protect|p1b: Swampert
|-singleturn|p1b: Swampert|Protect
|move|p1a: Politoed|Protect|p1a: Politoed
|-singleturn|p1a: Politoed|Protect
|move|p2b: Incineroar|Fake Out|p1a: Politoed
|-activate|p1a: Politoed|move: Protect
|move|p2a: Gengar|Shadow Ball|p1b: Swampert
|-activate|p1b: Swampert|move: Protect
|
|-weather|RainDance|[upkeep]
|upkeep
|turn|13
|
|t:|1784496696
|move|p2b: Incineroar|Protect|p2b: Incineroar
|-singleturn|p2b: Incineroar|Protect
|move|p1b: Swampert|Wave Crash|p2b: Incineroar
|-activate|p2b: Incineroar|move: Protect
|move|p2a: Gengar|Shadow Ball|p1b: Swampert
|-damage|p1b: Swampert|4/100
|move|p1a: Politoed|Perish Song|p1a: Politoed
|-start|p1a: Politoed|perish3|[silent]
|-start|p1b: Swampert|perish3|[silent]
|-start|p2a: Gengar|perish3|[silent]
|-start|p2b: Incineroar|perish3|[silent]
|-fieldactivate|move: Perish Song
|
|-weather|RainDance|[upkeep]
|-start|p1b: Swampert|perish3
|-start|p2a: Gengar|perish3
|-start|p1a: Politoed|perish3
|-start|p2b: Incineroar|perish3
|upkeep
|turn|14
|
|t:|1784496719
|move|p1b: Swampert|Protect|p1b: Swampert
|-singleturn|p1b: Swampert|Protect
|move|p1a: Politoed|Protect|p1a: Politoed
|-singleturn|p1a: Politoed|Protect
|move|p2a: Gengar|Shadow Ball|p1b: Swampert
|-activate|p1b: Swampert|move: Protect
|move|p2b: Incineroar|Throat Chop|p1a: Politoed
|-activate|p1a: Politoed|move: Protect
|
|-weather|RainDance|[upkeep]
|-start|p1b: Swampert|perish2
|-start|p2a: Gengar|perish2
|-start|p1a: Politoed|perish2
|-start|p2b: Incineroar|perish2
|upkeep
|turn|15
|
|t:|1784496732
|move|p2a: Gengar|Protect|p2a: Gengar
|-singleturn|p2a: Gengar|Protect
|move|p1b: Swampert|Wave Crash|p2b: Incineroar
|-supereffective|p2b: Incineroar|1
|-damage|p2b: Incineroar|0 fnt
|faint|p2b: Incineroar
|-damage|p1b: Swampert|0 fnt|[from] Recoil
|faint|p1b: Swampert
|move|p1a: Politoed|Weather Ball|p2a: Gengar
|-activate|p2a: Gengar|move: Protect
|
|-weather|none
|-start|p2a: Gengar|perish1
|-start|p1a: Politoed|perish1
|upkeep
|
|t:|1784496740
|switch|p1b: Incineroar|Incineroar, L50, F|14/100
|-ability|p1b: Incineroar|Intimidate|boost
|-unboost|p2a: Gengar|atk|1
|turn|16
|
|t:|1784496744
|move|p1a: Politoed|Protect|p1a: Politoed
|-singleturn|p1a: Politoed|Protect
|move|p1b: Incineroar|Protect|p1b: Incineroar
|-singleturn|p1b: Incineroar|Protect
|move|p2a: Gengar|Shadow Ball|p1b: Incineroar
|-activate|p1b: Incineroar|move: Protect
|
|-start|p2a: Gengar|perish0
|-start|p1a: Politoed|perish0
|faint|p2a: Gengar
|faint|p1a: Politoed
|
|win|Garden Monke
|raw|Garden Monke's rating: 1124 → 1145(+21 for winning)
|raw|zileu's rating: 1072 → 1054(-18 for losing)
|l|☆zileu
|player|p2|
