|j|☆Luminar Kuzan
|j|☆ChefHoe
|html|Luminar KuzanChefHoe    
|uhtml|bestof|Game 2 of a best-of-3
|t:|1756414576
|gametype|doubles
|player|p1|Luminar Kuzan|marnie-masters3|1138
|player|p2|ChefHoe|gambler|1074
|gen|9
|tier|[Gen 9] VGC 2025 Reg H (Bo3)
|rated|
|rule|Species Clause: Limit one of each Pokémon
|rule|Item Clause: Limit 1 of each item
|clearpoke
|poke|p1|Indeedee-F, L50, F|
|poke|p1|Hatterene, L50, F|
|poke|p1|Gallade, L50, M|
|poke|p1|Ursaluna, L50, M|
|poke|p1|Lilligant-Hisui, L50, F|
|poke|p1|Torkoal, L50, M|
|poke|p2|Rillaboom, L50, F|
|poke|p2|Empoleon, L50, F|
|poke|p2|Incineroar, L50, F|
|poke|p2|Gholdengo, L50|
|poke|p2|Sinistcha, L50|
|poke|p2|Ninetales-Alola, L50, M|
|teampreview|4
|showteam|p1|Indeedee-F||PsychicSeed|PsychicSurge|TrickRoom,FollowMe,HelpingHand,DazzlingGleam|||F|||50|,,,,,Fire]Hatterene||LifeOrb|MagicBounce|ExpandingForce,TrickRoom,DazzlingGleam,Protect|||F|||50|,,,,,Psychic]Gallade||ClearAmulet|Sharpness|PsychoCut,TrickRoom,SacredSword,WideGuard|||M|||50|,,,,,Grass]Ursaluna||FlameOrb|Guts|HeadlongRush,Facade,SwordsDance,Protect|||M|||50|,,,,,Ghost]Lilligant-Hisui||FocusSash|Chlorophyll|SolarBlade,SleepPowder,CloseCombat,AfterYou|||F|||50|,,,,,Ghost]Torkoal||ChoiceSpecs|Drought|Eruption,HeatWave,WeatherBall,EarthPower|||M|||50|,,,,,Fire
|showteam|p2|Rillaboom||AssaultVest|GrassySurge|Uturn,GrassPledge,GrassyGlide,FakeOut|||F|||50|,,,,,Water]Empoleon||GrassySeed|Competitive|Protect,WaterPledge,FlashCannon,IronDefense|||F|||50|,,,,,Ghost]Incineroar||SafetyGoggles|Intimidate|PartingShot,KnockOff,FlareBlitz,FakeOut|||F|||50|,,,,,Ghost]Gholdengo||LifeOrb|GoodasGold|Protect,MakeItRain,ShadowBall,NastyPlot||||||50|,,,,,Dragon]Sinistcha||MentalHerb|Hospitality|MatchaGotcha,StrengthSap,RagePowder,TrickRoom||||||50|,,,,,Fire]Ninetales-Alola||LightClay|SnowWarning|Protect,Moonblast,Blizzard,AuroraVeil|||M|||50|,,,,,Water
|inactive|Battle timer is ON: inactive players will automatically lose when time's up. (requested by Luminar Kuzan)
|
|t:|1756414601
|teamsize|p1|4
|teamsize|p2|4
|start
|switch|p1a: Indeedee|Indeedee-F, L50, F, shiny|100/100
|switch|p1b: Gallade|Gallade, L50, M, shiny|100/100
|switch|p2a: Incineroar|Incineroar, L50, F|100/100
|switch|p2b: Empoleon|Empoleon, L50, F|100/100
|-ability|p2a: Incineroar|Intimidate|boost
|-unboost|p1a: Indeedee|atk|1
|-fail|p1b: Gallade|unboost|[from] item: Clear Amulet|[of] p1b: Gallade
|-fieldstart|move: Psychic Terrain|[from] ability: Psychic Surge|[of] p1a: Indeedee
|-enditem|p1a: Indeedee|Psychic Seed
|-boost|p1a: Indeedee|spd|1|[from] item: Psychic Seed
|turn|1
|
|t:|1756414621
|switch|p2b: Rillaboom|Rillaboom, L50, F|100/100
|-fieldstart|move: Grassy Terrain|[from] ability: Grassy Surge|[of] p2b: Rillaboom
|move|p2a: Incineroar|Fake Out|p1b: Gallade
|-damage|p1b: Gallade|83/100
|cant|p1b: Gallade|flinch
|move|p1a: Indeedee|Trick Room|p1a: Indeedee
|-fieldstart|move: Trick Room|[of] p1a: Indeedee
|
|-heal|p1b: Gallade|89/100|[from] Grassy Terrain
|upkeep
|turn|2
|inactive|ChefHoe has 30 seconds left.
|
|t:|1756414650
|switch|p1a: Ursaluna|Ursaluna, L50, M, shiny|100/100
|move|p2b: Rillaboom|Fake Out|p1b: Gallade
|-damage|p1b: Gallade|72/100
|move|p2a: Incineroar|Knock Off|p1a: Ursaluna
|-damage|p1a: Ursaluna|73/100
|-enditem|p1a: Ursaluna|Flame Orb|[from] move: Knock Off|[of] p2a: Incineroar
|cant|p1b: Gallade|flinch
|
|-heal|p1a: Ursaluna|79/100|[from] Grassy Terrain
|-heal|p1b: Gallade|78/100|[from] Grassy Terrain
|upkeep
|turn|3
|inactive|ChefHoe has 30 seconds left.
|inactive|ChefHoe has 20 seconds left.
|inactive|ChefHoe has 15 seconds left.
|
|t:|1756414693
|switch|p2a: Empoleon|Empoleon, L50, F|100/100
|-enditem|p2a: Empoleon|Grassy Seed
|-boost|p2a: Empoleon|def|1|[from] item: Grassy Seed
|switch|p1b: Torkoal|Torkoal, L50, M, shiny|100/100
|-weather|SunnyDay|[from] ability: Drought|[of] p1b: Torkoal
|-terastallize|p1a: Ursaluna|Ghost
|move|p1a: Ursaluna|Headlong Rush|p2a: Empoleon
|-supereffective|p2a: Empoleon
|-damage|p2a: Empoleon|5/100
|-unboost|p1a: Ursaluna|def|1
|-unboost|p1a: Ursaluna|spd|1
|move|p2b: Rillaboom|U-turn|p1a: Ursaluna
|-resisted|p1a: Ursaluna
|-damage|p1a: Ursaluna|70/100
|
|t:|1756414712
|switch|p2b: Ninetales|Ninetales-Alola, L50, M|100/100|[from] U-turn
|-weather|Snowscape|[from] ability: Snow Warning|[of] p2b: Ninetales
|
|-weather|Snowscape|[upkeep]
|-heal|p1a: Ursaluna|76/100|[from] Grassy Terrain
|-heal|p2a: Empoleon|11/100|[from] Grassy Terrain
|upkeep
|turn|4
|inactive|ChefHoe has 30 seconds left.
|
|t:|1756414744
|switch|p2a: Incineroar|Incineroar, L50, F|100/100
|-ability|p2a: Incineroar|Intimidate|boost
|-unboost|p1a: Ursaluna|atk|1
|-unboost|p1b: Torkoal|atk|1
|-terastallize|p2b: Ninetales|Water
|move|p1b: Torkoal|Eruption|p2b: Ninetales|[spread] p2a,p2b
|-resisted|p2a: Incineroar
|-crit|p2a: Incineroar
|-resisted|p2b: Ninetales
|-damage|p2a: Incineroar|58/100
|-damage|p2b: Ninetales|66/100
|move|p1a: Ursaluna|Swords Dance|p1a: Ursaluna
|-boost|p1a: Ursaluna|atk|2
|move|p2b: Ninetales|Aurora Veil|p2b: Ninetales
|-sidestart|p2: ChefHoe|move: Aurora Veil
|
|-weather|Snowscape|[upkeep]
|-heal|p1a: Ursaluna|82/100|[from] Grassy Terrain
|-heal|p2a: Incineroar|65/100|[from] Grassy Terrain
|-heal|p2b: Ninetales|72/100|[from] Grassy Terrain
|upkeep
|turn|5
|inactive|Luminar Kuzan has 30 seconds left.
|inactive|ChefHoe has 30 seconds left.
|
|t:|1756414775
|switch|p1b: Indeedee|Indeedee-F, L50, F, shiny|100/100
|-fieldstart|move: Psychic Terrain|[from] ability: Psychic Surge|[of] p1b: Indeedee
|move|p2b: Ninetales|Protect|p2b: Ninetales
|-singleturn|p2b: Ninetales|Protect
|move|p1a: Ursaluna|Headlong Rush|p2a: Incineroar
|-supereffective|p2a: Incineroar
|-damage|p2a: Incineroar|0 fnt
|-unboost|p1a: Ursaluna|def|1
|-unboost|p1a: Ursaluna|spd|1
|faint|p2a: Incineroar
|
|-weather|Snowscape|[upkeep]
|-fieldend|move: Trick Room
|upkeep
|
|t:|1756414788
|switch|p2a: Rillaboom|Rillaboom, L50, F|100/100
|-fieldstart|move: Grassy Terrain|[from] ability: Grassy Surge|[of] p2a: Rillaboom
|turn|6
|
|t:|1756414797
|move|p1a: Ursaluna|Protect|p1a: Ursaluna
|-singleturn|p1a: Ursaluna|Protect
|move|p2a: Rillaboom|Fake Out|p1b: Indeedee
|-damage|p1b: Indeedee|89/100
|move|p2b: Ninetales|Blizzard|p1a: Ursaluna|[spread] p1b
|-activate|p1a: Ursaluna|move: Protect
|-damage|p1b: Indeedee|67/100
|cant|p1b: Indeedee|flinch
|
|-weather|Snowscape|[upkeep]
|-heal|p2b: Ninetales|78/100|[from] Grassy Terrain
|-heal|p1b: Indeedee|73/100|[from] Grassy Terrain
|-heal|p1a: Ursaluna|87/100|[from] Grassy Terrain
|upkeep
|turn|7
|inactive|ChefHoe has 30 seconds left.
|
|t:|1756414829
|move|p2a: Rillaboom|Grassy Glide|p1a: Ursaluna
|-damage|p1a: Ursaluna|47/100
|move|p2b: Ninetales|Moonblast|p1a: Ursaluna
|-damage|p1a: Ursaluna|0 fnt
|faint|p1a: Ursaluna
|move|p1b: Indeedee|Trick Room|p1b: Indeedee
|-fieldstart|move: Trick Room|[of] p1b: Indeedee
|
|-weather|none
|-heal|p1b: Indeedee|79/100|[from] Grassy Terrain
|-heal|p2b: Ninetales|85/100|[from] Grassy Terrain
|upkeep
|
|t:|1756414834
|switch|p1a: Torkoal|Torkoal, L50, M, shiny|100/100
|-weather|SunnyDay|[from] ability: Drought|[of] p1a: Torkoal
|turn|8
|
|t:|1756414850
|switch|p2b: Empoleon|Empoleon, L50, F|11/100
|move|p1b: Indeedee|Helping Hand|p1a: Torkoal
|-singleturn|p1a: Torkoal|Helping Hand|[of] p1b: Indeedee
|move|p1a: Torkoal|Eruption|p2a: Rillaboom|[spread] p2a,p2b
|-supereffective|p2a: Rillaboom
|-damage|p2a: Rillaboom|0 fnt
|-damage|p2b: Empoleon|0 fnt
|faint|p2a: Rillaboom
|faint|p2b: Empoleon
|
|-weather|SunnyDay|[upkeep]
|-heal|p1b: Indeedee|85/100|[from] Grassy Terrain
|upkeep
|
|t:|1756414866
|switch|p2b: Ninetales|Ninetales-Alola, L50, M, tera:Water|85/100
|-weather|Snowscape|[from] ability: Snow Warning|[of] p2b: Ninetales
|turn|9
|
|t:|1756414876
|switch|p1a: Gallade|Gallade, L50, M, shiny|78/100
|move|p1b: Indeedee|Dazzling Gleam|p2b: Ninetales
|-damage|p2b: Ninetales|73/100
|move|p2b: Ninetales|Blizzard|p1a: Gallade|[spread] p1a,p1b
|-damage|p1a: Gallade|55/100
|-damage|p1b: Indeedee|63/100
|-status|p1a: Gallade|frz
|
|-weather|Snowscape|[upkeep]
|-heal|p1b: Indeedee|69/100|[from] Grassy Terrain
|-heal|p1a: Gallade|60/100 frz|[from] Grassy Terrain
|-heal|p2b: Ninetales|79/100|[from] Grassy Terrain
|upkeep
|turn|10
|
|t:|1756414891
|move|p1b: Indeedee|Dazzling Gleam|p2b: Ninetales
|-damage|p2b: Ninetales|68/100
|cant|p1a: Gallade|frz
|move|p2b: Ninetales|Blizzard|p1a: Gallade|[spread] p1a,p1b
|-damage|p1a: Gallade|39/100 frz
|-damage|p1b: Indeedee|47/100
|
|-weather|Snowscape|[upkeep]
|-heal|p1b: Indeedee|53/100|[from] Grassy Terrain
|-heal|p1a: Gallade|45/100 frz|[from] Grassy Terrain
|-heal|p2b: Ninetales|74/100|[from] Grassy Terrain
|-fieldend|move: Grassy Terrain
|upkeep
|turn|11
|
|t:|1756414901
|switch|p1a: Torkoal|Torkoal, L50, M, shiny|100/100
|-weather|SunnyDay|[from] ability: Drought|[of] p1a: Torkoal
|move|p1b: Indeedee|Dazzling Gleam|p2b: Ninetales
|-damage|p2b: Ninetales|62/100
|move|p2b: Ninetales|Blizzard|p1a: Torkoal|[spread] p1a
|-miss|p2b: Ninetales|p1b: Indeedee
|-resisted|p1a: Torkoal
|-damage|p1a: Torkoal|84/100
|
|-weather|SunnyDay|[upkeep]
|-sideend|p2: ChefHoe|move: Aurora Veil
|-fieldend|move: Trick Room
|upkeep
|turn|12
|-message|ChefHoe forfeited.
|
|win|Luminar Kuzan
|raw|Luminar Kuzan's rating: 1138 → 1158(+20 for winning)
|raw|ChefHoe's rating: 1074 → 1057(-17 for losing)
|l|☆ChefHoe
|player|p2|
