|j|☆cri96
|j|☆lovetolearn
|html|cri96lovetolearn    
|uhtml|bestof|Game 1 of a best-of-3
|t:|1784064752
|gametype|doubles
|player|p1|cri96|169|1000
|player|p2|lovetolearn|101|1083
|gen|9
|tier|[Gen 9 Champions] VGC 2026 Reg M-B (Bo3)
|rated|
|rule|Species Clause: Limit one of each Pokémon
|rule|Item Clause: Limit 1 of each item
|clearpoke
|poke|p1|Staraptor, L50, F|
|poke|p1|Grimmsnarl, L50, M|
|poke|p1|Basculegion, L50, M|
|poke|p1|Garchomp, L50, M|
|poke|p1|Manectric, L50, M|
|poke|p1|Sneasler, L50, M|
|poke|p2|Mawile, L50, M, shiny|
|poke|p2|Farigiraf, L50, F, shiny|
|poke|p2|Torkoal, L50, M|
|poke|p2|Vivillon-Monsoon, L50, M|
|poke|p2|Incineroar, L50, M|
|poke|p2|Gallade, L50, M, shiny|
|teampreview|4
|showteam|p1|Staraptor||Staraptite|Intimidate|CloseCombat,BraveBird,Roost,Protect|Adamant||F|||50|]Grimmsnarl||MentalHerb|Prankster|PartingShot,SpiritBreak,LightScreen,Reflect|Careful||M|||50|]Basculegion||FocusSash|Adaptability|AquaJet,LastRespects,WaveCrash,Protect|Adamant||M|||50|]Garchomp||LifeOrb|RoughSkin|Earthquake,RockSlide,Protect,SwordsDance|Jolly||M|||50|]Manectric||Magnet|LightningRod|ChargeBeam,ScaryFace,Protect,PsychicFangs|Hasty||M|||50|]Sneasler||BlackBelt|Unburden|BrickBreak,FakeOut,RockSlide,Uturn|Adamant||M|||50|
|showteam|p2|Mawile||Mawilite|HyperCutter|PlayRough,SuckerPunch,RockSlide,Protect|Brave||M|||50|]Farigiraf||SitrusBerry|ArmorTail|Psychic,Thunderbolt,TrickRoom,Protect|Quiet||F|||50|]Torkoal||Charcoal|Drought|Eruption,WeatherBall,HelpingHand,Protect|Quiet||M|||50|]Vivillon-Monsoon||FocusSash|CompoundEyes|Hurricane,SleepPowder,RagePowder,Protect|Timid||M|||50|]Incineroar||LifeOrb|Intimidate|FlareBlitz,DarkestLariat,CloseCombat,FakeOut|Brave||M|||50|]Gallade||IronBall|Sharpness|SacredSword,PsychoCut,LeafBlade,TrickRoom|Brave||M|||50|
|
|t:|1784064833
|teamsize|p1|4
|teamsize|p2|4
|start
|switch|p1a: Staraptor|Staraptor, L50, F|100/100
|switch|p1b: Sneasler|Sneasler, L50, M|100/100
|switch|p2a: Farigiraf|Farigiraf, L50, F, shiny|100/100
|switch|p2b: Incineroar|Incineroar, L50, M|100/100
|-ability|p1a: Staraptor|Intimidate|boost
|-unboost|p2a: Farigiraf|atk|1
|-unboost|p2b: Incineroar|atk|1
|-ability|p2b: Incineroar|Intimidate|boost
|-unboost|p1a: Staraptor|atk|1
|-unboost|p1b: Sneasler|atk|1
|turn|1
|
|t:|1784064874
|detailschange|p1a: Staraptor|Staraptor-Mega, L50, F
|-mega|p1a: Staraptor|Staraptor|Staraptite
|move|p2b: Incineroar|Fake Out|p1a: Staraptor
|-damage|p1a: Staraptor|89/100
|-damage|p2b: Incineroar|90/100|[from] item: Life Orb
|move|p1b: Sneasler|U-turn|p2a: Farigiraf
|-supereffective|p2a: Farigiraf|1
|-damage|p2a: Farigiraf|65/100
|
|t:|1784064909
|switch|p1b: Grimmsnarl|Grimmsnarl, L50, M|100/100|[from] U-turn
|cant|p1a: Staraptor|flinch
|move|p2a: Farigiraf|Trick Room|p2a: Farigiraf
|-fieldstart|move: Trick Room|[of] p2a: Farigiraf
|
|upkeep
|turn|2
|
|t:|1784064964
|switch|p2b: Gallade|Gallade, L50, M, shiny|100/100
|move|p1b: Grimmsnarl|Light Screen|p1b: Grimmsnarl
|-sidestart|p1: cri96|move: Light Screen
|move|p2a: Farigiraf|Thunderbolt|p1a: Staraptor
|-supereffective|p1a: Staraptor|1
|-damage|p1a: Staraptor|51/100
|move|p1a: Staraptor|Close Combat|p2b: Gallade
|-resisted|p2b: Gallade|1
|-damage|p2b: Gallade|66/100
|-boost|p1a: Staraptor|def|1
|-boost|p1a: Staraptor|spd|1
|
|upkeep
|turn|3
|
|t:|1784065025
|move|p1b: Grimmsnarl|Parting Shot|p1a: Staraptor
|-boost|p1a: Staraptor|atk|1
|-boost|p1a: Staraptor|spa|1
|
|t:|1784065036
|switch|p1b: Garchomp|Garchomp, L50, M|100/100|[from] Parting Shot
|move|p2b: Gallade|Psycho Cut|p1a: Staraptor
|-supereffective|p1a: Staraptor|1
|-damage|p1a: Staraptor|0 fnt
|faint|p1a: Staraptor
|move|p2a: Farigiraf|Thunderbolt|p1b: Garchomp
|-immune|p1b: Garchomp
|
|upkeep
|
|t:|1784065047
|switch|p1a: Sneasler|Sneasler, L50, M|100/100
|turn|4
|
|t:|1784065065
|switch|p2a: Incineroar|Incineroar, L50, M|90/100
|-ability|p2a: Incineroar|Intimidate|boost
|-unboost|p1a: Sneasler|atk|1
|-unboost|p1b: Garchomp|atk|1
|move|p2b: Gallade|Psycho Cut|p1a: Sneasler
|-supereffective|p1a: Sneasler|2
|-damage|p1a: Sneasler|0 fnt
|faint|p1a: Sneasler
|move|p1b: Garchomp|Rock Slide|p2b: Gallade|[spread] p2a,p2b
|-supereffective|p2a: Incineroar|1
|-resisted|p2b: Gallade|1
|-crit|p2b: Gallade
|-damage|p2a: Incineroar|53/100
|-damage|p2b: Gallade|38/100
|-damage|p1b: Garchomp|90/100|[from] item: Life Orb
|
|upkeep
|
|t:|1784065073
|switch|p1a: Grimmsnarl|Grimmsnarl, L50, M|100/100
|turn|5
|
|t:|1784065105
|move|p2a: Incineroar|Fake Out|p1a: Grimmsnarl
|-damage|p1a: Grimmsnarl|78/100
|-damage|p2a: Incineroar|44/100|[from] item: Life Orb
|move|p2b: Gallade|Sacred Sword|p1b: Garchomp
|-damage|p1b: Garchomp|15/100
|-damage|p2b: Gallade|26/100|[from] ability: Rough Skin|[of] p1b: Garchomp
|cant|p1a: Grimmsnarl|flinch
|move|p1b: Garchomp|Swords Dance|p1b: Garchomp
|-boost|p1b: Garchomp|atk|2
|
|-fieldend|move: Trick Room
|upkeep
|turn|6
|
|t:|1784065144
|switch|p2a: Farigiraf|Farigiraf, L50, F, shiny|65/100
|move|p1a: Grimmsnarl|Reflect|p1a: Grimmsnarl
|-sidestart|p1: cri96|Reflect
|move|p1b: Garchomp|Earthquake|p2b: Gallade|[spread] p1a,p2a,p2b
|-damage|p1a: Grimmsnarl|11/100
|-damage|p2a: Farigiraf|0 fnt
|-damage|p2b: Gallade|0 fnt
|faint|p2a: Farigiraf
|faint|p2b: Gallade
|-damage|p1b: Garchomp|5/100|[from] item: Life Orb
|
|-sideend|p1: cri96|move: Light Screen
|upkeep
|
|t:|1784065154
|switch|p2b: Mawile|Mawile, L50, M, shiny|100/100
|switch|p2a: Incineroar|Incineroar, L50, M|44/100
|-ability|p2a: Incineroar|Intimidate|boost
|-unboost|p1a: Grimmsnarl|atk|1
|-unboost|p1b: Garchomp|atk|1
|turn|7
|
|t:|1784065168
|detailschange|p2b: Mawile|Mawile-Mega, L50, M, shiny
|-mega|p2b: Mawile|Mawile|Mawilite
|move|p2a: Incineroar|Fake Out|p1a: Grimmsnarl
|-damage|p1a: Grimmsnarl|0 fnt
|faint|p1a: Grimmsnarl
|-damage|p2a: Incineroar|34/100|[from] item: Life Orb
|move|p2b: Mawile|Sucker Punch|p1b: Garchomp
|-damage|p1b: Garchomp|0 fnt
|-damage|p2b: Mawile|87/100|[from] ability: Rough Skin|[of] p1b: Garchomp
|faint|p1b: Garchomp
|
|win|lovetolearn
|inactive|cri96 has 30 seconds to confirm battle start!
|inactive|lovetolearn has 30 seconds to confirm battle start!
||lovetolearn is ready for game 2.
||cri96 is ready for game 2.
|uhtml|next|Next: Game 2 of 3
