|j|☆MikeShinobu
|j|☆int shinji
|html|MikeShinobuint shinji    
|uhtml|bestof|Game 3 of a best-of-3
|t:|1783101825
|gametype|doubles
|player|p1|MikeShinobu|ethan|1122
|player|p2|int shinji|101|1036
|gen|9
|tier|[Gen 9 Champions] VGC 2026 Reg M-B (Bo3)
|rated|
|rule|Species Clause: Limit one of each Pokémon
|rule|Item Clause: Limit 1 of each item
|clearpoke
|poke|p1|Whimsicott, L50, M|
|poke|p1|Garchomp, L50, F|
|poke|p1|Staraptor, L50, M|
|poke|p1|Blaziken, L50, F|
|poke|p1|Ninetales-Alola, L50, F|
|poke|p1|Excadrill, L50, F|
|poke|p2|Kingambit, L50, F|
|poke|p2|Charizard, L50, F|
|poke|p2|Aerodactyl, L50, F|
|poke|p2|Farigiraf, L50, M|
|poke|p2|Garchomp, L50, F|
|poke|p2|Sylveon, L50, F|
|teampreview|4
|showteam|p1|Whimsicott||CobaBerry|Prankster|Encore,Tailwind,Moonblast,Charm|Timid||M|||50|]Garchomp||LifeOrb|RoughSkin|DragonClaw,Earthquake,Protect,RockSlide|Jolly||F|||50|]Staraptor||Staraptite|Intimidate|CloseCombat,BraveBird,Roost,Protect|Jolly||M|||50|]Blaziken||FocusSash|SpeedBoost|Coaching,Protect,BrickBreak,FlareBlitz|Adamant||F|||50|]Ninetales-Alola||LightClay|SnowWarning|Blizzard,Moonblast,AuroraVeil,Protect|Modest||F|||50|]Excadrill||Excadrite|MoldBreaker|Earthquake,HighHorsepower,IronHead,Protect|Jolly||F|||50|
|showteam|p2|Kingambit||FocusSash|Defiant|KowtowCleave,IronHead,SuckerPunch,LowKick|Adamant||F|||50|]Charizard||CharizarditeY|Blaze|HeatWave,SolarBeam,WeatherBall,Protect|Modest||F|||50|]Aerodactyl||Aerodactylite|Unnerve|RockSlide,DualWingbeat,IceFang,Tailwind|Jolly||F|||50|]Farigiraf||SitrusBerry|ArmorTail|Psychic,Thunderbolt,TrickRoom,Protect|Bold||M|||50|]Garchomp||LifeOrb|RoughSkin|Earthquake,DragonClaw,StompingTantrum,Protect|Jolly||F|||50|]Sylveon||FairyFeather|Pixilate|HyperVoice,HyperBeam,QuickAttack,Protect|Modest||F|||50|
|inactive|Battle timer is ON: inactive players will automatically lose when time's up. (requested by MikeShinobu)
|inactive|MikeShinobu has 60 seconds left.
|inactive|int shinji has 60 seconds left.
|inactive|MikeShinobu has 30 seconds left.
|
|t:|1783101893
|teamsize|p1|4
|teamsize|p2|4
|start
|switch|p1a: Blaziken|Blaziken, L50, F|100/100
|switch|p1b: Excadrill|Excadrill, L50, F|100/100
|switch|p2a: Aerodactyl|Aerodactyl, L50, F|100/100
|switch|p2b: Charizard|Charizard, L50, F|100/100
|-ability|p2a: Aerodactyl|Unnerve
|-ability|p1b: Excadrill|Mold Breaker
|turn|1
|inactive|int shinji has 30 seconds left.
|
|t:|1783101924
|switch|p1b: Garchomp|Garchomp, L50, F|100/100
|detailschange|p2b: Charizard|Charizard-Mega-Y, L50, F
|-mega|p2b: Charizard|Charizard|Charizardite Y
|-weather|SunnyDay|[from] ability: Drought|[of] p2b: Charizard
|move|p2a: Aerodactyl|Tailwind|p2a: Aerodactyl
|-sidestart|p2: int shinji|move: Tailwind
|move|p2b: Charizard|Heat Wave|p1a: Blaziken|[spread] p1a,p1b
|-resisted|p1a: Blaziken|1
|-resisted|p1b: Garchomp|1
|-damage|p1a: Blaziken|53/100
|-damage|p1b: Garchomp|65/100
|-status|p1b: Garchomp|brn
|move|p1a: Blaziken|Coaching|p1b: Garchomp
|-boost|p1b: Garchomp|atk|1
|-boost|p1b: Garchomp|def|1
|
|-weather|SunnyDay|[upkeep]
|-damage|p1b: Garchomp|59/100 brn|[from] brn
|-ability|p1a: Blaziken|Speed Boost|boost
|-boost|p1a: Blaziken|spe|1
|upkeep
|turn|2
|inactive|int shinji has 30 seconds left.
|
|t:|1783101953
|switch|p1b: Ninetales|Ninetales-Alola, L50, F|100/100
|-weather|Snowscape|[from] ability: Snow Warning|[of] p1b: Ninetales
|move|p2a: Aerodactyl|Ice Fang|p1b: Ninetales
|-resisted|p1b: Ninetales|1
|-crit|p1b: Ninetales
|-damage|p1b: Ninetales|86/100
|move|p2b: Charizard|Heat Wave|p1a: Blaziken|[spread] p1a,p1b
|-resisted|p1a: Blaziken|1
|-supereffective|p1b: Ninetales|1
|-damage|p1a: Blaziken|23/100
|-damage|p1b: Ninetales|0 fnt
|faint|p1b: Ninetales
|move|p1a: Blaziken|Flare Blitz|p2a: Aerodactyl
|-resisted|p2a: Aerodactyl|1
|-damage|p2a: Aerodactyl|56/100
|-damage|p1a: Blaziken|7/100|[from] Recoil
|
|-weather|Snowscape|[upkeep]
|-ability|p1a: Blaziken|Speed Boost|boost
|-boost|p1a: Blaziken|spe|1
|upkeep
|
|t:|1783101967
|switch|p1b: Excadrill|Excadrill, L50, F|100/100
|-ability|p1b: Excadrill|Mold Breaker
|turn|3
|
|t:|1783101979
|detailschange|p1b: Excadrill|Excadrill-Mega, L50, F
|-mega|p1b: Excadrill|Excadrill|Excadrite
|move|p1a: Blaziken|Protect|p1a: Blaziken
|-singleturn|p1a: Blaziken|Protect
|move|p1b: Excadrill|Protect|p1b: Excadrill
|-singleturn|p1b: Excadrill|Protect
|move|p2a: Aerodactyl|Rock Slide|p1b: Excadrill|[spread] 
|-activate|p1a: Blaziken|move: Protect
|-activate|p1b: Excadrill|move: Protect
|move|p2b: Charizard|Heat Wave|p1a: Blaziken|[spread] 
|-activate|p1a: Blaziken|move: Protect
|-activate|p1b: Excadrill|move: Protect
|
|-weather|Snowscape|[upkeep]
|-ability|p1a: Blaziken|Speed Boost|boost
|-boost|p1a: Blaziken|spe|1
|upkeep
|turn|4
|
|t:|1783101993
|move|p2a: Aerodactyl|Rock Slide|p1b: Excadrill|[spread] p1a,p1b
|-resisted|p1b: Excadrill|2
|-damage|p1a: Blaziken|0 fnt
|-damage|p1b: Excadrill|95/100
|faint|p1a: Blaziken
|move|p2b: Charizard|Heat Wave|p1b: Excadrill
|-supereffective|p1b: Excadrill|1
|-damage|p1b: Excadrill|0 fnt
|faint|p1b: Excadrill
|
|-weather|Snowscape|[upkeep]
|-sideend|p2: int shinji|move: Tailwind
|upkeep
|
|t:|1783101997
|switch|p1b: Garchomp|Garchomp, L50, F|59/100 brn
|turn|5
|
|t:|1783102009
|switch|p2b: Farigiraf|Farigiraf, L50, M|100/100
|move|p2a: Aerodactyl|Ice Fang|p1b: Garchomp
|-supereffective|p1b: Garchomp|2
|-damage|p1b: Garchomp|0 fnt
|-damage|p2a: Aerodactyl|44/100|[from] ability: Rough Skin|[of] p1b: Garchomp
|faint|p1b: Garchomp
|
|win|int shinji
|raw|MikeShinobu's rating: 1122 → 1091(-31 for losing)
|raw|int shinji's rating: 1036 → 1079(+43 for winning)
