|j|☆clare_chan1738
|j|☆InfiniKnight
|html|clare_chan1738InfiniKnight    
|uhtml|bestof|Game 2 of a best-of-3
|t:|1783730250
|gametype|doubles
|player|p1|clare_chan1738|dawn-gen4pt|
|player|p2|InfiniKnight|gambler|
|gen|9
|tier|[Gen 9 Champions] VGC 2026 Reg M-B (Bo3)
|rule|Species Clause: Limit one of each Pokémon
|rule|Item Clause: Limit 1 of each item
|clearpoke
|poke|p1|Aerodactyl, L50, M|
|poke|p1|Decidueye-Hisui, L50, M|
|poke|p1|Sneasler, L50, M, shiny|
|poke|p1|Volcarona, L50, F|
|poke|p1|Hatterene, L50, F, shiny|
|poke|p1|Banette, L50, F, shiny|
|poke|p2|Staraptor, L50, F, shiny|
|poke|p2|Kommo-o, L50, M, shiny|
|poke|p2|Oranguru, L50, F, shiny|
|poke|p2|Floette-Eternal, L50, F|
|poke|p2|Garganacl, L50, F, shiny|
|poke|p2|Annihilape, L50, M, shiny|
|teampreview|4
|showteam|p1|Aerodactyl||Aerodactylite|Unnerve|DualWingbeat,RockSlide,Tailwind,Protect|Jolly||M|||50|]Decidueye-Hisui||ScopeLens|Scrappy|TripleArrows,LeafBlade,SuckerPunch,Protect|Jolly||M|||50|]Sneasler||WhiteHerb|Unburden|FakeOut,DireClaw,CloseCombat,Protect|Adamant||M|||50|]Volcarona||FocusSash|FlameBody|QuiverDance,FieryDance,BugBuzz,Protect|Timid||F|||50|]Hatterene||QuickClaw|MagicBounce|Psychic,DazzlingGleam,ShadowBall,Protect|Modest||F|||50|]Banette||Banettite|CursedBody|DestinyBond,Encore,Disable,Poltergeist|Adamant||F|||50|
|showteam|p2|Staraptor||ChoiceScarf|Intimidate|Tailwind,DualWingbeat,FinalGambit,Uturn|Jolly||F|||50|]Kommo-o||DragonFang|Soundproof|AuraSphere,ClangingScales,ClangorousSoul,Protect|Bold||M|||50|]Oranguru||MentalHerb|InnerFocus|Instruct,Psychic,TrickRoom,Protect|Sassy||F|||50|]Floette-Eternal||Floettite|FlowerVeil|Protect,DazzlingGleam,Moonblast,LightofRuin|Timid||F|||50|]Garganacl||Leftovers|PurifyingSalt|SaltCure,Recover,Protect,HeavySlam|Impish||F|||50|]Annihilape||SitrusBerry|Defiant|RageFist,Protect,DrainPunch,BulkUp|Adamant||M|||50|
|j| budster16
|
|t:|1783730304
|teamsize|p1|4
|teamsize|p2|4
|start
|switch|p1a: Sneasler|Sneasler, L50, M, shiny|100/100
|switch|p1b: Aerodactyl|Aerodactyl, L50, M|100/100
|switch|p2a: Oranguru u glad?|Oranguru, L50, F, shiny|100/100
|switch|p2b: Garganacl|Garganacl, L50, F, shiny|100/100
|-ability|p1b: Aerodactyl|Unnerve
|turn|1
|
|t:|1783730357
|detailschange|p1b: Aerodactyl|Aerodactyl-Mega, L50, M
|-mega|p1b: Aerodactyl|Aerodactyl|Aerodactylite
|move|p1b: Aerodactyl|Dual Wingbeat|p2a: Oranguru u glad?
|-damage|p2a: Oranguru u glad?|72/100
|-damage|p2a: Oranguru u glad?|41/100
|-hitcount|p2a: Oranguru u glad?|2
|move|p1a: Sneasler|Close Combat|p2b: Garganacl
|-supereffective|p2b: Garganacl|1
|-damage|p2b: Garganacl|27/100
|-unboost|p1a: Sneasler|def|1
|-unboost|p1a: Sneasler|spd|1
|-enditem|p1a: Sneasler|White Herb
|-clearnegativeboost|p1a: Sneasler|[silent]
|move|p2a: Oranguru u glad?|Psychic|p1a: Sneasler
|-supereffective|p1a: Sneasler|2
|-damage|p1a: Sneasler|0 fnt
|faint|p1a: Sneasler
|move|p2b: Garganacl|Salt Cure|p1b: Aerodactyl
|-supereffective|p1b: Aerodactyl|1
|-damage|p1b: Aerodactyl|68/100
|-start|p1b: Aerodactyl|Salt Cure
|
|-heal|p2b: Garganacl|33/100|[from] item: Leftovers
|-damage|p1b: Aerodactyl|62/100|[from] Salt Cure
|upkeep
|
|t:|1783730378
|switch|p1a: Rock Immune|Volcarona, L50, F|100/100
|turn|2
|
|t:|1783730426
|move|p2a: Oranguru u glad?|Protect|p2a: Oranguru u glad?
|-singleturn|p2a: Oranguru u glad?|Protect
|move|p1b: Aerodactyl|Dual Wingbeat|p2a: Oranguru u glad?
|-activate|p2a: Oranguru u glad?|move: Protect
|move|p1a: Rock Immune|Quiver Dance|p1a: Rock Immune
|-boost|p1a: Rock Immune|spa|1
|-boost|p1a: Rock Immune|spd|1
|-boost|p1a: Rock Immune|spe|1
|move|p2b: Garganacl|Recover|p2b: Garganacl
|-heal|p2b: Garganacl|83/100
|
|-heal|p2b: Garganacl|89/100|[from] item: Leftovers
|-damage|p1b: Aerodactyl|56/100|[from] Salt Cure
|upkeep
|turn|3
|
|t:|1783730452
|move|p1a: Rock Immune|Bug Buzz|p2a: Oranguru u glad?
|-supereffective|p2a: Oranguru u glad?|1
|-damage|p2a: Oranguru u glad?|0 fnt
|faint|p2a: Oranguru u glad?
|move|p1b: Aerodactyl|Tailwind|p1b: Aerodactyl
|-sidestart|p1: clare_chan1738|move: Tailwind
|move|p2b: Garganacl|Salt Cure|p1a: Rock Immune
|-supereffective|p1a: Rock Immune|2
|-damage|p1a: Rock Immune|8/100
|-start|p1a: Rock Immune|Salt Cure
|
|-heal|p2b: Garganacl|95/100|[from] item: Leftovers
|-damage|p1a: Rock Immune|2/100|[from] Salt Cure
|-damage|p1b: Aerodactyl|51/100|[from] Salt Cure
|upkeep
|
|t:|1783730474
|switch|p2a: komodor 64|Kommo-o, L50, M, shiny|100/100
|turn|4
|
|t:|1783730499
|move|p2a: komodor 64|Protect|p2a: komodor 64
|-singleturn|p2a: komodor 64|Protect
|move|p1a: Rock Immune|Fiery Dance|p2a: komodor 64
|-activate|p2a: komodor 64|move: Protect
|move|p1b: Aerodactyl|Dual Wingbeat|p2a: komodor 64
|-activate|p2a: komodor 64|move: Protect
|move|p2b: Garganacl|Heavy Slam|p1b: Aerodactyl
|-supereffective|p1b: Aerodactyl|1
|-damage|p1b: Aerodactyl|5/100
|
|-heal|p2b: Garganacl|100/100|[from] item: Leftovers
|-damage|p1a: Rock Immune|0 fnt|[from] Salt Cure
|faint|p1a: Rock Immune
|-damage|p1b: Aerodactyl|0 fnt|[from] Salt Cure
|faint|p1b: Aerodactyl
|upkeep
|
|t:|1783730501
|switch|p1b: Hatterene|Hatterene, L50, F, shiny|100/100
|turn|5
|-activate|p1b: Hatterene|item: Quick Claw
|
|t:|1783730541
|switch|p2a: Floette|Floette-Eternal, L50, F|100/100
|move|p1b: Hatterene|Dazzling Gleam|p2b: Garganacl|[spread] p2a,p2b
|-crit|p2b: Garganacl
|-damage|p2a: Floette|69/100
|-damage|p2b: Garganacl|58/100
|move|p2b: Garganacl|Heavy Slam|p1b: Hatterene
|-supereffective|p1b: Hatterene|1
|-damage|p1b: Hatterene|41/100
|
|-heal|p2b: Garganacl|64/100|[from] item: Leftovers
|upkeep
|turn|6
|
|t:|1783730559
|detailschange|p2a: Floette|Floette-Mega, L50, F
|-mega|p2a: Floette|Floette|Floettite
|-ability|p2a: Floette|Fairy Aura
|move|p2a: Floette|Dazzling Gleam|p1b: Hatterene
|-damage|p1b: Hatterene|0 fnt
|faint|p1b: Hatterene
|
|win|InfiniKnight
||clare_chan1738 is ready for game 3.
||InfiniKnight is ready for game 3.
|uhtml|next|Next: Game 3 of 3
