|j|☆marcosdeltasena31
|j|☆MeteorMissKiss
|html|marcosdeltasena31MeteorMissKiss    
|uhtml|bestof|Game 2 of a best-of-3
|t:|1754699047
|gametype|doubles
|player|p1|marcosdeltasena31|hilbert|1273
|player|p2|MeteorMissKiss|harmony|1224
|gen|9
|tier|[Gen 9] VGC 2025 Reg H (Bo3)
|rated|
|rule|Species Clause: Limit one of each Pokémon
|rule|Item Clause: Limit 1 of each item
|clearpoke
|poke|p1|Dragonite, L50, F|
|poke|p1|Sneasler, L50, F|
|poke|p1|Volcarona, L50, F|
|poke|p1|Rillaboom, L50, M|
|poke|p1|Kingambit, L50, F|
|poke|p1|Electabuzz, L50, F|
|poke|p2|Incineroar, L50, F|
|poke|p2|Amoonguss, L50, F|
|poke|p2|Annihilape, L50, F|
|poke|p2|Ninetales-Alola, L50, F|
|poke|p2|Rillaboom, L50, F|
|poke|p2|Glimmora, L50, M|
|teampreview|4
|showteam|p1|Dragonite||LoadedDice|Multiscale|ScaleShot,ExtremeSpeed,Haze,Protect|||F|||50|,,,,,Fairy]Sneasler||FocusSash|PoisonTouch|DireClaw,CloseCombat,FakeOut,Coaching|||F|||50|,,,,,Ghost]Volcarona||CovertCloak|FlameBody|HeatWave,TeraBlast,QuiverDance,Protect|||F|||50|,,,,,Fairy]Rillaboom||AssaultVest|GrassySurge|WoodHammer,FakeOut,GrassyGlide,HighHorsepower|||M|||50|,,,,,Fire]Kingambit||BlackGlasses|Defiant|KowtowCleave,SwordsDance,SuckerPunch,Protect|||F|||50|,,,,,Dark]Electabuzz||Eviolite|VitalSpirit|Electroweb,FollowMe,Taunt,Protect|||F|||50|,,,,,Ghost
|showteam|p2|Incineroar||AssaultVest|Intimidate|FakeOut,KnockOff,FlareBlitz,Uturn|||F|||50|,,,,,Ghost]Amoonguss||RockyHelmet|Regenerator|PollenPuff,ClearSmog,RagePowder,Spore|||F|||50|,,,,,Fairy]Annihilape||Leftovers|Defiant|RageFist,DrainPunch,BulkUp,Protect|||F|||50|,,,,,Fire]Ninetales-Alola||CovertCloak|SnowWarning|Blizzard,Encore,Moonblast,AuroraVeil|||F|||50|,,,,,Fire]Rillaboom||MiracleSeed|GrassySurge|Uturn,WoodHammer,GrassyGlide,FakeOut|||F|||50|,,,,,Fire]Glimmora||PowerHerb|ToxicDebris|MeteorBeam,EarthPower,SludgeBomb,SpikyShield|||M|||50|,,,,,Grass
|inactive|Battle timer is ON: inactive players will automatically lose when time's up. (requested by MeteorMissKiss)
|
|t:|1754699057
|teamsize|p1|4
|teamsize|p2|4
|start
|switch|p1a: Dragonite|Dragonite, L50, F|100/100
|switch|p1b: Sneasler|Sneasler, L50, F|100/100
|switch|p2a: Annihilape|Annihilape, L50, F|100/100
|switch|p2b: Glimmora|Glimmora, L50, M, shiny|100/100
|turn|1
|
|t:|1754699075
|-terastallize|p1a: Dragonite|Fairy
|move|p2b: Glimmora|Spiky Shield|p2b: Glimmora
|-singleturn|p2b: Glimmora|move: Protect
|move|p1b: Sneasler|Dire Claw|p2a: Annihilape
|-resisted|p2a: Annihilape
|-damage|p2a: Annihilape|77/100
|-status|p2a: Annihilape|par
|move|p1a: Dragonite|Scale Shot|p2a: Annihilape|[miss]
|-miss|p1a: Dragonite|p2a: Annihilape
|cant|p2a: Annihilape|par
|
|-heal|p2a: Annihilape|83/100 par|[from] item: Leftovers
|upkeep
|turn|2
|
|t:|1754699093
|move|p1b: Sneasler|Dire Claw|p2a: Annihilape
|-resisted|p2a: Annihilape
|-damage|p2a: Annihilape|61/100 par
|move|p2b: Glimmora|Meteor Beam||[still]
|-prepare|p2b: Glimmora|Meteor Beam
|-boost|p2b: Glimmora|spa|1
|-enditem|p2b: Glimmora|Power Herb
|-anim|p2b: Glimmora|Meteor Beam|p1a: Dragonite
|-damage|p1a: Dragonite|50/100
|move|p1a: Dragonite|Scale Shot|p2a: Annihilape
|-damage|p2a: Annihilape|45/100 par
|-damage|p2a: Annihilape|29/100 par
|-damage|p2a: Annihilape|14/100 par
|-damage|p2a: Annihilape|0 fnt
|faint|p2a: Annihilape
|-hitcount|p2: Annihilape|4
|-unboost|p1a: Dragonite|def|1
|-boost|p1a: Dragonite|spe|1
|
|upkeep
|
|t:|1754699108
|switch|p2a: Ninetales|Ninetales-Alola, L50, F|100/100
|-weather|Snowscape|[from] ability: Snow Warning|[of] p2a: Ninetales
|turn|3
|
|t:|1754699128
|-terastallize|p2a: Ninetales|Fire
|move|p1a: Dragonite|Extreme Speed|p2a: Ninetales
|-damage|p2a: Ninetales|56/100
|move|p1b: Sneasler|Dire Claw|p2a: Ninetales
|-damage|p2a: Ninetales|0 fnt
|faint|p2a: Ninetales
|move|p2b: Glimmora|Sludge Bomb|p1a: Dragonite
|-supereffective|p1a: Dragonite
|-damage|p1a: Dragonite|0 fnt
|faint|p1a: Dragonite
|
|-weather|Snowscape|[upkeep]
|upkeep
|
|t:|1754699144
|switch|p2a: Rillaboom|Rillaboom, L50, F, shiny|100/100
|switch|p1a: Electabuzz|Electabuzz, L50, F|100/100
|-fieldstart|move: Grassy Terrain|[from] ability: Grassy Surge|[of] p2a: Rillaboom
|turn|4
|
|t:|1754699162
|move|p2a: Rillaboom|Fake Out|p1b: Sneasler
|-damage|p1b: Sneasler|77/100
|move|p1a: Electabuzz|Follow Me|p1a: Electabuzz
|-singleturn|p1a: Electabuzz|move: Follow Me
|cant|p1b: Sneasler|flinch
|move|p2b: Glimmora|Earth Power|p1a: Electabuzz
|-supereffective|p1a: Electabuzz
|-damage|p1a: Electabuzz|26/100
|
|-weather|Snowscape|[upkeep]
|-heal|p1b: Sneasler|82/100|[from] Grassy Terrain
|-heal|p1a: Electabuzz|31/100|[from] Grassy Terrain
|upkeep
|turn|5
|
|t:|1754699175
|move|p1a: Electabuzz|Follow Me|p1a: Electabuzz
|-singleturn|p1a: Electabuzz|move: Follow Me
|move|p2a: Rillaboom|Grassy Glide|p1a: Electabuzz
|-damage|p1a: Electabuzz|0 fnt
|faint|p1a: Electabuzz
|move|p1b: Sneasler|Dire Claw|p2a: Rillaboom
|-supereffective|p2a: Rillaboom
|-crit|p2a: Rillaboom
|-damage|p2a: Rillaboom|0 fnt
|faint|p2a: Rillaboom
|move|p2b: Glimmora|Earth Power|p1b: Sneasler
|-supereffective|p1b: Sneasler
|-damage|p1b: Sneasler|0 fnt
|faint|p1b: Sneasler
|
|-weather|Snowscape|[upkeep]
|upkeep
|
|t:|1754699187
|switch|p1b: Volcarona|Volcarona, L50, F|100/100
|turn|6
|
|t:|1754699190
|move|p2b: Glimmora|Sludge Bomb|p1b: Volcarona
|-damage|p1b: Volcarona|33/100
|move|p1b: Volcarona|Quiver Dance|p1b: Volcarona
|-boost|p1b: Volcarona|spa|1
|-boost|p1b: Volcarona|spd|1
|-boost|p1b: Volcarona|spe|1
|
|-weather|Snowscape|[upkeep]
|-heal|p1b: Volcarona|39/100|[from] Grassy Terrain
|upkeep
|turn|7
|
|t:|1754699195
|move|p1b: Volcarona|Protect|p1b: Volcarona
|-singleturn|p1b: Volcarona|Protect
|move|p2b: Glimmora|Sludge Bomb|p1b: Volcarona
|-activate|p1b: Volcarona|move: Protect
|
|-weather|none
|-heal|p1b: Volcarona|45/100|[from] Grassy Terrain
|upkeep
|turn|8
|
|t:|1754699201
|move|p1b: Volcarona|Heat Wave|p2b: Glimmora
|-resisted|p2b: Glimmora
|-damage|p2b: Glimmora|56/100
|-status|p2b: Glimmora|brn
|move|p2b: Glimmora|Sludge Bomb|p1b: Volcarona
|-damage|p1b: Volcarona|2/100
|
|-heal|p1b: Volcarona|8/100|[from] Grassy Terrain
|-heal|p2b: Glimmora|62/100 brn|[from] Grassy Terrain
|-damage|p2b: Glimmora|56/100 brn|[from] brn
|-fieldend|move: Grassy Terrain
|upkeep
|turn|9
|
|t:|1754699208
|move|p1b: Volcarona|Protect|p1b: Volcarona
|-singleturn|p1b: Volcarona|Protect
|move|p2b: Glimmora|Sludge Bomb|p1b: Volcarona
|-activate|p1b: Volcarona|move: Protect
|
|-damage|p2b: Glimmora|51/100 brn|[from] brn
|upkeep
|turn|10
|c|☆MeteorMissKiss|gg
|
|t:|1754699217
|move|p1b: Volcarona|Heat Wave|p2b: Glimmora
|-resisted|p2b: Glimmora
|-damage|p2b: Glimmora|6/100 brn
|move|p2b: Glimmora|Sludge Bomb|p1b: Volcarona
|-damage|p1b: Volcarona|0 fnt
|faint|p1b: Volcarona
|
|win|MeteorMissKiss
|raw|marcosdeltasena31's rating: 1273 → 1244(-29 for losing)
|raw|MeteorMissKiss's rating: 1224 → 1253(+29 for winning)
|l|☆MeteorMissKiss
|player|p2|
