|j|☆ApostrofoRosaVGC
|j|☆snailboss
|html|ApostrofoRosaVGCsnailboss    
|uhtml|bestof|Game 1 of a best-of-3
|t:|1756446561
|gametype|doubles
|player|p1|ApostrofoRosaVGC|1|1319
|player|p2|snailboss|hilda-wonderlauncher|1179
|gen|9
|tier|[Gen 9] VGC 2025 Reg H (Bo3)
|rated|
|rule|Species Clause: Limit one of each Pokémon
|rule|Item Clause: Limit 1 of each item
|clearpoke
|poke|p1|Basculegion, L50, M|
|poke|p1|Gholdengo, L50|
|poke|p1|Archaludon, L50, M|
|poke|p1|Pelipper, L50, M|
|poke|p1|Incineroar, L50, M|
|poke|p1|Amoonguss, L50, M|
|poke|p2|Tyranitar, L50, M|
|poke|p2|Excadrill, L50, F|
|poke|p2|Indeedee-F, L50, F|
|poke|p2|Zoroark-Hisui, L50, M|
|poke|p2|Corviknight, L50, M|
|poke|p2|Amoonguss, L50, F|
|teampreview|4
|showteam|p1|Basculegion||ChoiceBand|SwiftSwim|WaveCrash,LastRespects,FlipTurn,AquaJet|||M|||50|,,,,,Water]Gholdengo||LifeOrb|GoodasGold|MakeItRain,ShadowBall,NastyPlot,Protect||||||50|,,,,,Water]Archaludon||AssaultVest|Stamina|FlashCannon,DracoMeteor,ElectroShot,BodyPress|||M|||50|,,,,,Bug]Pelipper||FocusSash|Drizzle|WeatherBall,Hurricane,Tailwind,Protect|||M|||50|,,,,,Ground]Incineroar||SafetyGoggles|Intimidate|FlareBlitz,KnockOff,FakeOut,PartingShot|||M|||50|,,,,,Ghost]Amoonguss||CovertCloak|Regenerator|PollenPuff,Spore,RagePowder,Protect|||M|||50|,,,,,Fairy
|showteam|p2|Tyranitar||AssaultVest|SandStream|RockSlide,KnockOff,LowKick,TeraBlast|||M|||50|,,,,,Flying]Excadrill||FocusSash|SandRush|IronHead,Protect,SwordsDance,Earthquake|||F|||50|,,,,,Ground]Indeedee-F||SafetyGoggles|PsychicSurge|TrickRoom,FollowMe,Psychic,HelpingHand|||F|||50|,,,,,Fairy]Zoroark-Hisui||ChoiceSpecs|Illusion|HyperVoice,ShadowBall,HyperBeam,Flamethrower|||M|||50|,,,,,Normal]Corviknight||PsychicSeed|MirrorArmor|BraveBird,PowerTrip,BulkUp,Roost|||M|||50|,,,,,Rock]Amoonguss||SitrusBerry|Regenerator|Spore,RagePowder,Protect,ClearSmog|||F|||50|,,,,,Water
|inactive|Battle timer is ON: inactive players will automatically lose when time's up. (requested by snailboss)
|inactive|ApostrofoRosaVGC has 60 seconds left.
|
|t:|1756446618
|teamsize|p1|4
|teamsize|p2|4
|start
|switch|p1a: Incineroar|Incineroar, L50, M|100/100
|switch|p1b: Archaludon|Archaludon, L50, M|100/100
|switch|p2a: Excadrill|Excadrill, L50, F|100/100
|switch|p2b: Amoonguss|Amoonguss, L50, F|100/100
|-ability|p1a: Incineroar|Intimidate|boost
|-unboost|p2a: Excadrill|atk|1
|-unboost|p2b: Amoonguss|atk|1
|turn|1
|inactive|ApostrofoRosaVGC has 30 seconds left.
|inactive|ApostrofoRosaVGC has 20 seconds left.
|
|t:|1756446654
|move|p2a: Excadrill|Shadow Ball|p1b: Archaludon
|-damage|p1b: Archaludon|53/100
|-ability|p1b: Archaludon|Stamina|boost
|-boost|p1b: Archaludon|def|1
|move|p1b: Archaludon|Flash Cannon|p2b: Amoonguss
|-damage|p2b: Amoonguss|72/100
|move|p1a: Incineroar|Flare Blitz|p2b: Amoonguss
|-supereffective|p2b: Amoonguss
|-damage|p2b: Amoonguss|0 fnt
|faint|p2b: Amoonguss
|-damage|p1a: Incineroar|75/100|[from] Recoil
|
|upkeep
|
|t:|1756446668
|switch|p2b: Excadrill|Excadrill, L50, F|100/100
|turn|2
|
|t:|1756446687
|switch|p1a: Pelipper|Pelipper, L50, M|100/100
|-weather|RainDance|[from] ability: Drizzle|[of] p1a: Pelipper
|-terastallize|p1b: Archaludon|Bug
|move|p2a: Excadrill|Shadow Ball|p1b: Archaludon
|-damage|p1b: Archaludon|8/100
|-ability|p1b: Archaludon|Stamina|boost
|-boost|p1b: Archaludon|def|1
|move|p2b: Excadrill|Swords Dance|p2b: Excadrill
|-boost|p2b: Excadrill|atk|2
|move|p1b: Archaludon|Electro Shot||[still]
|-prepare|p1b: Archaludon|Electro Shot
|-boost|p1b: Archaludon|spa|1
|-anim|p1b: Archaludon|Electro Shot|p2a: Excadrill
|-damage|p2a: Excadrill|0 fnt
|replace|p2a: Zoroark|Zoroark-Hisui, L50, M
|-end|p2a: Zoroark|Illusion
|faint|p2a: Zoroark
|
|-weather|RainDance|[upkeep]
|upkeep
|
|t:|1756446702
|switch|p2a: Tyranitar|Tyranitar, L50, M|100/100
|-weather|Sandstorm|[from] ability: Sand Stream|[of] p2a: Tyranitar
|turn|3
|
|t:|1756446714
|switch|p1a: Incineroar|Incineroar, L50, M|75/100
|-ability|p1a: Incineroar|Intimidate|boost
|-unboost|p2a: Tyranitar|atk|1
|-unboost|p2b: Excadrill|atk|1
|move|p2b: Excadrill|Iron Head|p1a: Incineroar
|-resisted|p1a: Incineroar
|-crit|p1a: Incineroar
|-damage|p1a: Incineroar|32/100
|move|p1b: Archaludon|Body Press|p2b: Excadrill
|-supereffective|p2b: Excadrill
|-enditem|p2b: Excadrill|Focus Sash
|-damage|p2b: Excadrill|1/100
|move|p2a: Tyranitar|Rock Slide|p1b: Archaludon|[spread] p1a,p1b
|-supereffective|p1a: Incineroar
|-supereffective|p1b: Archaludon
|-damage|p1a: Incineroar|0 fnt
|-damage|p1b: Archaludon|0 fnt
|faint|p1a: Incineroar
|faint|p1b: Archaludon
|
|-weather|Sandstorm|[upkeep]
|upkeep
|
|t:|1756446725
|switch|p1b: Basculegion|Basculegion, L50, M|100/100
|switch|p1a: Pelipper|Pelipper, L50, M|100/100
|-weather|RainDance|[from] ability: Drizzle|[of] p1a: Pelipper
|turn|4
|inactive|snailboss has 30 seconds left.
|
|t:|1756446758
|-terastallize|p2a: Tyranitar|Flying
|move|p2b: Excadrill|Protect|p2b: Excadrill
|-singleturn|p2b: Excadrill|Protect
|move|p1b: Basculegion|Wave Crash|p2a: Tyranitar
|-damage|p2a: Tyranitar|0 fnt
|faint|p2a: Tyranitar
|-damage|p1b: Basculegion|71/100|[from] Recoil
|move|p1a: Pelipper|Weather Ball|p2b: Excadrill
|-activate|p2b: Excadrill|move: Protect
|
|-weather|RainDance|[upkeep]
|upkeep
|turn|5
|-message|snailboss forfeited.
|
|win|ApostrofoRosaVGC
||ApostrofoRosaVGC is ready for game 2.
