|j|☆HoldenOntoYou
|j|☆tmjp01
|html|HoldenOntoYoutmjp01    
|uhtml|bestof|Game 2 of a best-of-3
|t:|1782670700
|gametype|doubles
|player|p1|HoldenOntoYou|hiker|1113
|player|p2|tmjp01|170|1241
|gen|9
|tier|[Gen 9 Champions] VGC 2026 Reg M-B (Bo3)
|rated|
|rule|Species Clause: Limit one of each Pokémon
|rule|Item Clause: Limit 1 of each item
|clearpoke
|poke|p1|Bellibolt, L50, F|
|poke|p1|Glimmora, L50, F|
|poke|p1|Incineroar, L50, M|
|poke|p1|Sinistcha, L50|
|poke|p1|Tyranitar, L50, F|
|poke|p1|Garchomp, L50, M|
|poke|p2|Corviknight, L50, F|
|poke|p2|Tyranitar, L50, F|
|poke|p2|Hydreigon, L50, F|
|poke|p2|Froslass, L50, F|
|poke|p2|Garchomp, L50, F|
|poke|p2|Arcanine-Hisui, L50, M|
|teampreview|4
|showteam|p1|Bellibolt||Leftovers|Electromorphosis|Protect,Thunderbolt,Soak,ParabolicCharge|Quiet||F|||50|]Glimmora||Glimmoranite|ToxicDebris|PowerGem,SludgeBomb,EnergyBall,SpikyShield|Modest||F|||50|]Incineroar||ChopleBerry|Intimidate|FakeOut,PartingShot,DarkestLariat,FlareBlitz|Adamant||M|||50|]Sinistcha||CobaBerry|Hospitality|MatchaGotcha,TrickRoom,LifeDew,RagePowder|Bold|||||50|]Tyranitar||Tyranitarite|SandStream|RockSlide,KnockOff,IceBeam,Protect|Jolly||F|||50|]Garchomp||LifeOrb|RoughSkin|Protect,DragonClaw,StompingTantrum,RockSlide|Jolly||M|||50|
|showteam|p2|Corviknight||OccaBerry|MirrorArmor|BraveBird,Protect,IronHead,Tailwind|Adamant||F|||50|]Tyranitar||Tyranitarite|SandStream|Protect,KnockOff,RockSlide,DragonDance|Adamant||F|||50|]Hydreigon||ChoiceScarf|Levitate|DarkPulse,DracoMeteor,EarthPower,FlashCannon|Timid||F|||50|]Froslass||Froslassite|CursedBody|Blizzard,Protect,ShadowBall,WeatherBall|Timid||F|||50|]Garchomp||LifeOrb|RoughSkin|Protect,DragonClaw,RockSlide,Earthquake|Jolly||F|||50|]Arcanine-Hisui||FocusSash|RockHead|Protect,HeadSmash,ExtremeSpeed,FlareBlitz|Adamant||M|||50|
|inactive|Battle timer is ON: inactive players will automatically lose when time's up. (requested by HoldenOntoYou)
|inactive|HoldenOntoYou has 60 seconds left.
|
|t:|1782670730
|teamsize|p1|4
|teamsize|p2|4
|start
|switch|p1a: Incineroar|Incineroar, L50, M|100/100
|switch|p1b: Sinistcha|Sinistcha, L50|100/100
|switch|p2a: Corviknight|Corviknight, L50, F|100/100
|switch|p2b: Arcanine|Arcanine-Hisui, L50, M|100/100
|-ability|p1a: Incineroar|Intimidate|boost
|-ability|p2a: Corviknight|Mirror Armor
|-unboost|p1a: Incineroar|atk|1
|-unboost|p2b: Arcanine|atk|1
|turn|1
|inactive|tmjp01 has 30 seconds left.
|
|t:|1782670757
|move|p2b: Arcanine|Protect|p2b: Arcanine
|-singleturn|p2b: Arcanine|Protect
|move|p1a: Incineroar|Fake Out|p2b: Arcanine
|-activate|p2b: Arcanine|move: Protect
|move|p2a: Corviknight|Brave Bird|p1b: Sinistcha
|-supereffective|p1b: Sinistcha|1
|-enditem|p1b: Sinistcha|Coba Berry|[eat]
|-enditem|p1b: Sinistcha|Coba Berry|[weaken]
|-damage|p1b: Sinistcha|64/100
|-damage|p2a: Corviknight|89/100|[from] Recoil
|move|p1b: Sinistcha|Trick Room|p1b: Sinistcha
|-fieldstart|move: Trick Room|[of] p1b: Sinistcha
|
|upkeep
|turn|2
|inactive|HoldenOntoYou has 30 seconds left.
|
|t:|1782670787
|switch|p1b: Tyranitar|Tyranitar, L50, F|100/100
|-weather|Sandstorm|[from] ability: Sand Stream|[of] p1b: Tyranitar
|move|p1a: Incineroar|Parting Shot|p2b: Arcanine
|-unboost|p2b: Arcanine|atk|1
|-unboost|p2b: Arcanine|spa|1
|
|t:|1782670794
|switch|p1a: Bellibolt|Bellibolt, L50, F|100/100|[from] Parting Shot
|move|p2a: Corviknight|Brave Bird|p1a: Bellibolt
|-resisted|p1a: Bellibolt|1
|-damage|p1a: Bellibolt|84/100
|-start|p1a: Bellibolt|Charge|Brave Bird|[from] ability: Electromorphosis
|-damage|p2a: Corviknight|84/100|[from] Recoil
|move|p2b: Arcanine|Head Smash|p1a: Bellibolt
|-damage|p1a: Bellibolt|48/100
|-start|p1a: Bellibolt|Charge|Head Smash|[from] ability: Electromorphosis
|
|-weather|Sandstorm|[upkeep]
|-damage|p1a: Bellibolt|43/100|[from] Sandstorm
|-heal|p1a: Bellibolt|48/100|[from] item: Leftovers
|upkeep
|turn|3
|inactive|tmjp01 has 30 seconds left.
|inactive|tmjp01 has 20 seconds left.
|
|t:|1782670830
|detailschange|p1b: Tyranitar|Tyranitar-Mega, L50, F
|-mega|p1b: Tyranitar|Tyranitar|Tyranitarite
|move|p1a: Bellibolt|Parabolic Charge|p2b: Arcanine|[spread] p1b,p2a,p2b
|-supereffective|p2a: Corviknight|1
|-damage|p1b: Tyranitar|72/100
|-heal|p1a: Bellibolt|62/100|[from] drain|[of] p1b: Tyranitar
|-damage|p2a: Corviknight|0 fnt
|-heal|p1a: Bellibolt|100/100|[from] drain|[of] p2a: Corviknight
|-damage|p2b: Arcanine|62/100
|faint|p2a: Corviknight
|-end|p1a: Bellibolt|Charge|[silent]
|move|p1b: Tyranitar|Ice Beam|p2b: Arcanine
|-resisted|p2b: Arcanine|1
|-damage|p2b: Arcanine|54/100
|move|p2b: Arcanine|Flare Blitz|p1a: Bellibolt
|-damage|p1a: Bellibolt|73/100
|-start|p1a: Bellibolt|Charge|Flare Blitz|[from] ability: Electromorphosis
|
|-weather|Sandstorm|[upkeep]
|-damage|p1a: Bellibolt|68/100|[from] Sandstorm
|-heal|p1a: Bellibolt|73/100|[from] item: Leftovers
|upkeep
|inactive|tmjp01 has 30 seconds left.
|
|t:|1782670863
|switch|p2a: Froslass|Froslass, L50, F|100/100
|turn|4
|inactive|tmjp01 has 30 seconds left.
|inactive|tmjp01 has 20 seconds left.
|inactive|tmjp01 has 15 seconds left.
|
|t:|1782670906
|switch|p1b: Incineroar|Incineroar, L50, M|100/100
|-ability|p1b: Incineroar|Intimidate|boost
|-unboost|p2a: Froslass|atk|1
|-unboost|p2b: Arcanine|atk|1
|switch|p2a: Garchomp|Garchomp, L50, F|100/100
|move|p1a: Bellibolt|Parabolic Charge|p2a: Garchomp|[spread] p1b,p2b
|-immune|p2a: Garchomp
|-damage|p1b: Incineroar|54/100
|-heal|p1a: Bellibolt|98/100|[from] drain|[of] p1b: Incineroar
|-damage|p2b: Arcanine|14/100
|-heal|p1a: Bellibolt|100/100|[from] drain|[of] p2b: Arcanine
|-end|p1a: Bellibolt|Charge|[silent]
|move|p2b: Arcanine|Head Smash|p1b: Incineroar
|-supereffective|p1b: Incineroar|1
|-crit|p1b: Incineroar
|-damage|p1b: Incineroar|0 fnt
|faint|p1b: Incineroar
|
|-weather|Sandstorm|[upkeep]
|-damage|p1a: Bellibolt|94/100|[from] Sandstorm
|-heal|p1a: Bellibolt|100/100|[from] item: Leftovers
|upkeep
|
|t:|1782670920
|switch|p1b: Tyranitar|Tyranitar-Mega, L50, F|72/100
|turn|5
|inactive|tmjp01 has 30 seconds left.
|
|t:|1782670949
|switch|p1a: Sinistcha|Sinistcha, L50|64/100
|-heal|p1b: Tyranitar|97/100|[from] ability: Hospitality|[of] p1a: Sinistcha
|move|p2a: Garchomp|Protect|p2a: Garchomp
|-singleturn|p2a: Garchomp|Protect
|move|p2b: Arcanine|Extreme Speed|p1a: Sinistcha
|-immune|p1a: Sinistcha
|move|p1b: Tyranitar|Rock Slide|p2b: Arcanine|[spread] p2b
|-activate|p2a: Garchomp|move: Protect
|-supereffective|p2b: Arcanine|1
|-damage|p2b: Arcanine|0 fnt
|faint|p2b: Arcanine
|
|-weather|Sandstorm|[upkeep]
|-damage|p1a: Sinistcha|58/100|[from] Sandstorm
|-fieldend|move: Trick Room
|upkeep
|
|t:|1782670953
|switch|p2b: Froslass|Froslass, L50, F|100/100
|turn|6
|
|t:|1782670973
|detailschange|p2b: Froslass|Froslass-Mega, L50, F
|-mega|p2b: Froslass|Froslass|Froslassite
|-weather|Snowscape|[from] ability: Snow Warning|[of] p2b: Froslass
|move|p1a: Sinistcha|Rage Powder|p1a: Sinistcha
|-singleturn|p1a: Sinistcha|move: Rage Powder
|move|p2b: Froslass|Blizzard|p1a: Sinistcha|[spread] p1a,p1b
|-supereffective|p1a: Sinistcha|1
|-damage|p1a: Sinistcha|0 fnt
|-damage|p1b: Tyranitar|59/100
|faint|p1a: Sinistcha
|move|p2a: Garchomp|Earthquake|p1b: Tyranitar|[spread] p2b,p1b
|-crit|p2b: Froslass
|-supereffective|p1b: Tyranitar|1
|-damage|p2b: Froslass|19/100
|-damage|p1b: Tyranitar|0 fnt
|faint|p1b: Tyranitar
|-damage|p2a: Garchomp|90/100|[from] item: Life Orb
|
|-weather|Snowscape|[upkeep]
|upkeep
|
|t:|1782670982
|switch|p1b: Bellibolt|Bellibolt, L50, F|100/100
|turn|7
|
|t:|1782670994
|move|p2b: Froslass|Blizzard|p1b: Bellibolt
|-damage|p1b: Bellibolt|31/100
|-start|p1b: Bellibolt|Charge|Blizzard|[from] ability: Electromorphosis
|move|p2a: Garchomp|Earthquake|p1b: Bellibolt|[spread] p2b,p1b
|-supereffective|p1b: Bellibolt|1
|-damage|p2b: Froslass|0 fnt
|-damage|p1b: Bellibolt|0 fnt
|faint|p2b: Froslass
|faint|p1b: Bellibolt
|-damage|p2a: Garchomp|80/100|[from] item: Life Orb
|
|win|tmjp01
||HoldenOntoYou is ready for game 3.
|l|☆HoldenOntoYou
|player|p1|
|inactive|tmjp01 has 30 seconds to confirm battle start!
||tmjp01 is ready for game 3.
|uhtml|next|Next: Game 3 of 3
