|j|☆AjaniVGC
|j|☆Soda_Machine4
|html|AjaniVGCSoda_Machine4    
|uhtml|bestof|Game 2 of a best-of-3
|t:|1757235325
|gametype|doubles
|player|p1|AjaniVGC|2|1092
|player|p2|Soda_Machine4|baker|1000
|gen|9
|tier|[Gen 9] VGC 2025 Reg H (Bo3)
|rated|
|rule|Species Clause: Limit one of each Pokémon
|rule|Item Clause: Limit 1 of each item
|clearpoke
|poke|p1|Sneasler, L50, F|
|poke|p1|Ursaluna-Bloodmoon, L50, M|
|poke|p1|Gholdengo, L50|
|poke|p1|Magmar, L50, M|
|poke|p1|Annihilape, L50, M|
|poke|p1|Whimsicott, L50, M|
|poke|p2|Tyranitar, L50, M|
|poke|p2|Excadrill, L50, M|
|poke|p2|Kommo-o, L50, M|
|poke|p2|Indeedee-F, L50, F|
|poke|p2|Incineroar, L50, F|
|poke|p2|Amoonguss, L50, M|
|teampreview|4
|showteam|p1|Sneasler||FocusSash|Unburden|DireClaw,CloseCombat,FakeOut,ThroatChop|||F|||50|,,,,,Dark]Ursaluna-Bloodmoon||LifeOrb|MindsEye|EarthPower,BloodMoon,HyperVoice,Protect|||M|||50|,,,,,Ghost]Gholdengo||MetalCoat|GoodasGold|MakeItRain,ShadowBall,NastyPlot,Protect||||||50|,,,,,Water]Magmar||Eviolite|VitalSpirit|FollowMe,WillOWisp,Protect,Overheat|||M|||50|,,,,,Ghost]Annihilape||Leftovers|Defiant|RageFist,DrainPunch,BulkUp,Protect|||M|||50|,,,,,Fire]Whimsicott||CovertCloak|Prankster|Moonblast,Tailwind,Encore,SunnyDay|||M|||50|,,,,,Water
|showteam|p2|Tyranitar||AssaultVest|SandStream|RockSlide,KnockOff,LowKick,TeraBlast|||M|||50|,,,,,Flying]Excadrill||FocusSash|SandRush|HighHorsepower,IronHead,Earthquake,Protect|||M|||50|,,,,,Ghost]Kommo-o||ThroatSpray|Overcoat|ClangingScales,ClangorousSoul,AuraSphere,Protect|||M|||50|,,,,,Steel]Indeedee-F||PsychicSeed|PsychicSurge|Psychic,FollowMe,HelpingHand,TrickRoom|||F|||50|,,,,,Fairy]Incineroar||SafetyGoggles|Intimidate|FakeOut,KnockOff,Taunt,PartingShot|||F|||50|,,,,,Bug]Amoonguss||RockyHelmet|Regenerator|PollenPuff,Spore,RagePowder,Protect|||M|||50|,,,,,Water
|inactive|Battle timer is ON: inactive players will automatically lose when time's up. (requested by AjaniVGC)
|inactive|Soda_Machine4 has 60 seconds left.
|
|t:|1757235368
|teamsize|p1|4
|teamsize|p2|4
|start
|switch|p1a: Whimsicott|Whimsicott, L50, M|100/100
|switch|p1b: Gholdengo|Gholdengo, L50|100/100
|switch|p2a: Tyranitar|Tyranitar, L50, M|100/100
|switch|p2b: Excadrill|Excadrill, L50, M|100/100
|-weather|Sandstorm|[from] ability: Sand Stream|[of] p2a: Tyranitar
|turn|1
|inactive|AjaniVGC has 30 seconds left.
|inactive|Soda_Machine4 has 30 seconds left.
|inactive|AjaniVGC has 20 seconds left.
|inactive|Soda_Machine4 has 20 seconds left.
|inactive|AjaniVGC has 15 seconds left.
|inactive|Soda_Machine4 has 15 seconds left.
|inactive|AjaniVGC has 10 seconds left.
|inactive|Soda_Machine4 has 10 seconds left.
|
|t:|1757235414
|-terastallize|p1b: Gholdengo|Water
|move|p1a: Whimsicott|Tailwind|p1a: Whimsicott
|-sidestart|p1: AjaniVGC|move: Tailwind
|move|p1b: Gholdengo|Make It Rain|p2a: Tyranitar|[spread] p2a,p2b
|-supereffective|p2a: Tyranitar
|-crit|p2a: Tyranitar
|-resisted|p2b: Excadrill
|-damage|p2a: Tyranitar|30/100
|-damage|p2b: Excadrill|65/100
|-unboost|p1b: Gholdengo|spa|1
|move|p2b: Excadrill|High Horsepower|p1b: Gholdengo
|-damage|p1b: Gholdengo|33/100
|move|p2a: Tyranitar|Knock Off|p1b: Gholdengo
|-damage|p1b: Gholdengo|0 fnt
|-enditem|p1b: Gholdengo|Metal Coat|[from] move: Knock Off|[of] p2a: Tyranitar
|faint|p1b: Gholdengo
|
|-weather|Sandstorm|[upkeep]
|-damage|p1a: Whimsicott|95/100|[from] Sandstorm
|upkeep
|
|t:|1757235429
|switch|p1b: Sneasler|Sneasler, L50, F|100/100
|turn|2
|inactive|Soda_Machine4 has 30 seconds left.
|inactive|Soda_Machine4 has 20 seconds left.
|inactive|Soda_Machine4 has 15 seconds left.
|
|t:|1757235472
|switch|p2a: Indeedee|Indeedee-F, L50, F|100/100
|-fieldstart|move: Psychic Terrain|[from] ability: Psychic Surge|[of] p2a: Indeedee
|-enditem|p2a: Indeedee|Psychic Seed
|-boost|p2a: Indeedee|spd|1|[from] item: Psychic Seed
|move|p1b: Sneasler|Fake Out|p2a: Indeedee
|-activate|p2a: Indeedee|move: Psychic Terrain
|move|p1a: Whimsicott|Sunny Day|p1a: Whimsicott
|-weather|SunnyDay
|move|p2b: Excadrill|Iron Head|p1a: Whimsicott
|-supereffective|p1a: Whimsicott
|-damage|p1a: Whimsicott|15/100
|
|-weather|SunnyDay|[upkeep]
|upkeep
|turn|3
|inactive|Soda_Machine4 has 30 seconds left.
|inactive|Soda_Machine4 has 20 seconds left.
|inactive|Soda_Machine4 has 15 seconds left.
|inactive|Soda_Machine4 has 10 seconds left.
|inactive|Soda_Machine4 has 5 seconds left.
|
|t:|1757235523
|switch|p2a: Tyranitar|Tyranitar, L50, M|30/100
|-weather|Sandstorm|[from] ability: Sand Stream|[of] p2a: Tyranitar
|move|p1b: Sneasler|Throat Chop|p2a: Tyranitar
|-resisted|p2a: Tyranitar
|-damage|p2a: Tyranitar|17/100
|-start|p2a: Tyranitar|Throat Chop|[silent]
|move|p2b: Excadrill|High Horsepower|p1b: Sneasler
|-supereffective|p1b: Sneasler
|-enditem|p1b: Sneasler|Focus Sash
|-damage|p1b: Sneasler|1/100
|move|p1a: Whimsicott|Moonblast|p2b: Excadrill
|-resisted|p2b: Excadrill
|-damage|p2b: Excadrill|49/100
|
|-weather|Sandstorm|[upkeep]
|-damage|p1b: Sneasler|0 fnt|[from] Sandstorm
|-damage|p1a: Whimsicott|9/100|[from] Sandstorm
|faint|p1b: Sneasler
|upkeep
|
|t:|1757235536
|switch|p1b: Annihilape|Annihilape, L50, M|100/100
|turn|4
|inactive|Soda_Machine4 has 30 seconds left.
|inactive|Soda_Machine4 has 20 seconds left.
|inactive|AjaniVGC has 30 seconds left.
|inactive|Soda_Machine4 has 15 seconds left.
|inactive|Soda_Machine4 has 10 seconds left.
|
|t:|1757235582
|switch|p2a: Indeedee|Indeedee-F, L50, F|100/100
|move|p1a: Whimsicott|Sunny Day|p1a: Whimsicott
|-weather|SunnyDay
|move|p1b: Annihilape|Drain Punch|p2b: Excadrill
|-supereffective|p2b: Excadrill
|-damage|p2b: Excadrill|0 fnt
|faint|p2b: Excadrill
|
|-weather|SunnyDay|[upkeep]
|-sideend|p1: AjaniVGC|move: Tailwind
|upkeep
|
|t:|1757235594
|switch|p2b: Kommo-o|Kommo-o, L50, M|100/100
|turn|5
|
|t:|1757235618
|move|p2a: Indeedee|Follow Me|p2a: Indeedee
|-singleturn|p2a: Indeedee|move: Follow Me
|move|p1a: Whimsicott|Tailwind|p1a: Whimsicott
|-sidestart|p1: AjaniVGC|move: Tailwind
|move|p1b: Annihilape|Drain Punch|p2a: Indeedee
|-damage|p2a: Indeedee|46/100
|move|p2b: Kommo-o|Clangorous Soul|p2b: Kommo-o
|-boost|p2b: Kommo-o|atk|1
|-boost|p2b: Kommo-o|def|1
|-boost|p2b: Kommo-o|spa|1
|-boost|p2b: Kommo-o|spd|1
|-boost|p2b: Kommo-o|spe|1
|-damage|p2b: Kommo-o|68/100
|-enditem|p2b: Kommo-o|Throat Spray
|-boost|p2b: Kommo-o|spa|1|[from] item: Throat Spray
|
|-weather|SunnyDay|[upkeep]
|upkeep
|turn|6
|inactive|AjaniVGC has 30 seconds left.
|
|t:|1757235649
|move|p2a: Indeedee|Follow Me|p2a: Indeedee
|-singleturn|p2a: Indeedee|move: Follow Me
|move|p1a: Whimsicott|Moonblast|p2a: Indeedee
|-damage|p2a: Indeedee|26/100
|move|p1b: Annihilape|Bulk Up|p1b: Annihilape
|-boost|p1b: Annihilape|atk|1
|-boost|p1b: Annihilape|def|1
|move|p2b: Kommo-o|Clanging Scales|p1b: Annihilape|[spread] p1b
|-immune|p1a: Whimsicott
|-damage|p1b: Annihilape|37/100
|-unboost|p2b: Kommo-o|def|1
|
|-weather|SunnyDay|[upkeep]
|-heal|p1b: Annihilape|43/100|[from] item: Leftovers
|-fieldend|move: Psychic Terrain
|upkeep
|turn|7
|inactive|AjaniVGC has 30 seconds left.
|inactive|Soda_Machine4 has 30 seconds left.
|inactive|Soda_Machine4 has 20 seconds left.
|
|t:|1757235687
|move|p1b: Annihilape|Protect|p1b: Annihilape
|-singleturn|p1b: Annihilape|Protect
|move|p2a: Indeedee|Follow Me|p2a: Indeedee
|-singleturn|p2a: Indeedee|move: Follow Me
|move|p1a: Whimsicott|Moonblast|p2a: Indeedee
|-damage|p2a: Indeedee|7/100
|move|p2b: Kommo-o|Clanging Scales|p1b: Annihilape|[spread] 
|-activate|p1b: Annihilape|move: Protect
|-immune|p1a: Whimsicott
|
|-weather|SunnyDay|[upkeep]
|-heal|p1b: Annihilape|49/100|[from] item: Leftovers
|upkeep
|turn|8
|inactive|Soda_Machine4 has 30 seconds left.
|
|t:|1757235712
|switch|p2a: Tyranitar|Tyranitar, L50, M|17/100
|-weather|Sandstorm|[from] ability: Sand Stream|[of] p2a: Tyranitar
|move|p2b: Kommo-o|Protect|p2b: Kommo-o
|-singleturn|p2b: Kommo-o|Protect
|move|p1a: Whimsicott|Moonblast|p2a: Tyranitar
|-supereffective|p2a: Tyranitar
|-damage|p2a: Tyranitar|0 fnt
|faint|p2a: Tyranitar
|move|p1b: Annihilape|Drain Punch|p2b: Kommo-o
|-activate|p2b: Kommo-o|move: Protect
|
|-weather|Sandstorm|[upkeep]
|-damage|p1a: Whimsicott|3/100|[from] Sandstorm
|-damage|p1b: Annihilape|43/100|[from] Sandstorm
|-heal|p1b: Annihilape|49/100|[from] item: Leftovers
|-sideend|p1: AjaniVGC|move: Tailwind
|upkeep
|
|t:|1757235730
|switch|p2a: Indeedee|Indeedee-F, L50, F|7/100
|-fieldstart|move: Psychic Terrain|[from] ability: Psychic Surge|[of] p2a: Indeedee
|turn|9
|
|t:|1757235748
|move|p1b: Annihilape|Protect|p1b: Annihilape
|-singleturn|p1b: Annihilape|Protect
|move|p2a: Indeedee|Follow Me|p2a: Indeedee
|-singleturn|p2a: Indeedee|move: Follow Me
|move|p1a: Whimsicott|Tailwind|p1a: Whimsicott
|-sidestart|p1: AjaniVGC|move: Tailwind
|move|p2b: Kommo-o|Clanging Scales|p1a: Whimsicott|[spread] 
|-activate|p1b: Annihilape|move: Protect
|-immune|p1a: Whimsicott
|
|-weather|Sandstorm|[upkeep]
|-damage|p1a: Whimsicott|0 fnt|[from] Sandstorm
|-damage|p1b: Annihilape|43/100|[from] Sandstorm
|-damage|p2a: Indeedee|1/100|[from] Sandstorm
|faint|p1a: Whimsicott
|-heal|p1b: Annihilape|49/100|[from] item: Leftovers
|upkeep
|turn|10
|inactive|AjaniVGC has 30 seconds left.
|
|t:|1757235778
|move|p1b: Annihilape|Protect||[still]
|-fail|p1b: Annihilape
|move|p2b: Kommo-o|Clanging Scales|p1b: Annihilape
|-damage|p1b: Annihilape|0 fnt
|faint|p1b: Annihilape
|
|win|Soda_Machine4
||AjaniVGC is ready for game 3.
||Soda_Machine4 is ready for game 3.
|uhtml|next|Next: Game 3 of 3
