|j|☆joey
|j|☆valxrie
|html|joeyvalxrie    
|uhtml|bestof|Game 1 of a best-of-3
|t:|1784401599
|gametype|doubles
|player|p1|joey|#gcplgrapes|
|player|p2|valxrie|102|
|gen|9
|tier|[Gen 9 Champions] VGC 2026 Reg M-B (Bo3)
|rule|Species Clause: Limit one of each Pokémon
|rule|Item Clause: Limit 1 of each item
|clearpoke
|poke|p1|Charizard, L50, M|
|poke|p1|Maushold, L50|
|poke|p1|Annihilape, L50, F|
|poke|p1|Simipour, L50, F, shiny|
|poke|p1|Venusaur, L50, M|
|poke|p1|Skarmory, L50, F|
|poke|p2|Garchomp, L50, M|
|poke|p2|Sableye, L50, M|
|poke|p2|Metagross, L50|
|poke|p2|Delphox, L50, F|
|poke|p2|Sneasler, L50, M|
|poke|p2|Floette-Eternal, L50, F|
|teampreview|4
|showteam|p1|Charizard||CharizarditeY|Blaze|HeatWave,WeatherBall,SolarBeam,Protect|Timid||M|||50|]Maushold||WideLens|FriendGuard|BeatUp,PopulationBomb,FollowMe,Protect|Jolly|||||50|]Annihilape||RoseliBerry|Defiant|RageFist,DrainPunch,BulkUp,Protect|Adamant||F|||50|]Simipour||FocusSash|Torrent|FakeOut,Scald,IcyWind,Protect|Timid||F|||50|]Venusaur||LifeOrb|Chlorophyll|SludgeBomb,GigaDrain,EarthPower,Protect|Modest||M|||50|]Skarmory||Skarmorite|KeenEye|IronHead,BraveBird,SwordsDance,Protect|Jolly||F|||50|
|showteam|p2|Garchomp||ChoiceScarf|RoughSkin|Earthquake,RockSlide,DragonClaw,FireBlast|Naive||M|||50|]Sableye||RoseliBerry|Prankster|FakeOut,Encore,KnockOff,WillOWisp|Careful||M|||50|]Metagross||Metagrossite|ClearBody|MeteorMash,PsychicFangs,RockSlide,BulletPunch|Jolly|||||50|]Delphox||Delphoxite|Blaze|HeatWave,Psychic,Overheat,DazzlingGleam|Timid||F|||50|]Sneasler||WhiteHerb|Unburden|UpperHand,CloseCombat,DireClaw,FakeOut|Adamant||M|||50|]Floette-Eternal||LifeOrb|Symbiosis|Synthesis,LightofRuin,EnergyBall,Trailblaze|Hasty||F|||50|
|inactive|Battle timer is ON: inactive players will automatically lose when time's up. (requested by joey)
|inactiveoff|Battle timer is now OFF.
|c|☆valxrie|hf
|c|☆joey|u2!
|
|t:|1784401649
|teamsize|p1|4
|teamsize|p2|4
|start
|switch|p1a: Maustudio|Maushold, L50|100/100
|switch|p1b: Determinate|Annihilape, L50, F|100/100
|switch|p2a: Delphox|Delphox, L50, F|100/100
|switch|p2b: Sableye|Sableye, L50, M|100/100
|turn|1
|
|t:|1784401670
|detailschange|p2a: Delphox|Delphox-Mega, L50, F
|-mega|p2a: Delphox|Delphox|Delphoxite
|move|p1b: Determinate|Protect|p1b: Determinate
|-singleturn|p1b: Determinate|Protect
|move|p2b: Sableye|Fake Out|p1a: Maustudio
|-damage|p1a: Maustudio|88/100
|move|p2a: Delphox|Psychic|p1b: Determinate
|-activate|p1b: Determinate|move: Protect
|cant|p1a: Maustudio|flinch
|
|upkeep
|turn|2
|
|t:|1784401752
|switch|p1b: Incineroаr|Simipour, L50, F, shiny|100/100
|move|p2b: Sableye|Encore||[still]
|-fail|p2b: Sableye
|move|p2a: Delphox|Dazzling Gleam|p1b: Incineroаr|[spread] p1a,p1b
|-damage|p1a: Maustudio|52/100
|-damage|p1b: Incineroаr|70/100
|move|p1a: Maustudio|Population Bomb|p2a: Delphox
|-damage|p2a: Delphox|88/100
|-damage|p2a: Delphox|74/100
|-damage|p2a: Delphox|62/100
|-damage|p2a: Delphox|50/100g
|-damage|p2a: Delphox|38/100
|-damage|p2a: Delphox|25/100
|-damage|p2a: Delphox|13/100
|-damage|p2a: Delphox|1/100
|-damage|p2a: Delphox|0 fnt
|faint|p2a: Delphox
|-hitcount|p2: Delphox|9
|
|upkeep
|
|t:|1784401763
|switch|p2a: Sneasler|Sneasler, L50, M|100/100
|turn|3
|
|t:|1784401780
|move|p1b: Incineroаr|Fake Out|p2a: Sneasler
|-damage|p2a: Sneasler|86/100
|move|p1a: Maustudio|Population Bomb|p2a: Sneasler
|-damage|p2a: Sneasler|74/100
|-damage|p2a: Sneasler|61/100
|-damage|p2a: Sneasler|47/100
|-damage|p2a: Sneasler|33/100
|-damage|p2a: Sneasler|22/100
|-damage|p2a: Sneasler|8/100
|-damage|p2a: Sneasler|0 fnt
|faint|p2a: Sneasler
|-hitcount|p2: Sneasler|7
|move|p2b: Sableye|Knock Off|p1b: Incineroаr
|-damage|p1b: Incineroаr|40/100
|-enditem|p1b: Incineroаr|Focus Sash|[from] move: Knock Off|[of] p2b: Sableye
|
|upkeep
|
|t:|1784401784
|switch|p2a: Garchomp|Garchomp, L50, M|100/100
|turn|4
|
|t:|1784401833
|move|p1a: Maustudio|Follow Me|p1a: Maustudio
|-singleturn|p1a: Maustudio|move: Follow Me
|move|p2b: Sableye|Will-O-Wisp|p1a: Maustudio
|-status|p1a: Maustudio|brn
|move|p2a: Garchomp|Dragon Claw|p1a: Maustudio
|-damage|p1a: Maustudio|0 fnt
|faint|p1a: Maustudio
|move|p1b: Incineroаr|Icy Wind|p2b: Sableye|[spread] p2a,p2b
|-supereffective|p2a: Garchomp|2
|-damage|p2a: Garchomp|45/100
|-damage|p2b: Sableye|88/100
|-unboost|p2a: Garchomp|spe|1
|-unboost|p2b: Sableye|spe|1
|
|upkeep
|
|t:|1784401845
|switch|p1a: Rizz God|Charizard, L50, M|100/100
|turn|5
|
|t:|1784401855
|detailschange|p1a: Rizz God|Charizard-Mega-Y, L50, M
|-mega|p1a: Rizz God|Charizard|Charizardite Y
|-weather|SunnyDay|[from] ability: Drought|[of] p1a: Rizz God
|move|p1b: Incineroаr|Icy Wind|p2b: Sableye|[spread] p2a,p2b
|-supereffective|p2a: Garchomp|2
|-crit|p2b: Sableye
|-damage|p2a: Garchomp|0 fnt
|-damage|p2b: Sableye|71/100
|-unboost|p2b: Sableye|spe|1
|faint|p2a: Garchomp
|move|p1a: Rizz God|Heat Wave|p2b: Sableye
|-crit|p2b: Sableye
|-damage|p2b: Sableye|0 fnt
|faint|p2b: Sableye
|
|win|joey
|inactive|joey has 30 seconds to confirm battle start!
|inactive|valxrie has 30 seconds to confirm battle start!
||joey is ready for game 2.
|inactive|valxrie has 20 seconds to confirm battle start!
|inactive|valxrie has 10 seconds to confirm battle start!
||valxrie is ready for game 2.
|uhtml|next|Next: Game 2 of 3
|j| MackleMorelull
|j| Spearklez
