|j|☆ToastedArt
|j|☆VeraxVGC
|html|ToastedArtVeraxVGC    
|uhtml|bestof|Game 1 of a best-of-3
|t:|1785798312
|gametype|doubles
|player|p1|ToastedArt|101|1133
|player|p2|VeraxVGC|richboy-gen4|1171
|gen|9
|tier|[Gen 9 Champions] VGC 2026 Reg M-B (Bo3)
|rated|
|rule|Species Clause: Limit one of each Pokémon
|rule|Item Clause: Limit 1 of each item
|clearpoke
|poke|p1|Staraptor, L50, M|
|poke|p1|Whimsicott, L50, F|
|poke|p1|Gholdengo, L50|
|poke|p1|Incineroar, L50, F|
|poke|p1|Zoroark-Hisui, L50, M|
|poke|p1|Raichu, L50, M|
|poke|p2|Tyranitar, L50, M|
|poke|p2|Gallade, L50, M|
|poke|p2|Excadrill, L50, M|
|poke|p2|Milotic, L50, F|
|poke|p2|Scovillain, L50, M|
|poke|p2|Houndstone, L50, F|
|teampreview|4
|showteam|p1|Staraptor||Staraptite|Intimidate|CloseCombat,DualWingbeat,Roost,Protect|Jolly||M|||50|]Whimsicott||OccaBerry|Prankster|Encore,Tailwind,Charm,Moonblast|Timid||F|||50|]Gholdengo||LifeOrb|GoodasGold|MakeItRain,ShadowBall,NastyPlot,Protect|Modest|||||50|]Incineroar||SitrusBerry|Intimidate|PartingShot,FlareBlitz,ThroatChop,FakeOut|Careful||F|||50|]Zoroark-Hisui||FocusSash|Illusion|BitterMalice,IcyWind,Taunt,FakeTears|Timid||M|||50|]Raichu||RaichuniteX|Static|FakeOut,VoltTackle,Charm,Protect|Jolly||M|||50|
|showteam|p2|Tyranitar||Tyranitarite|SandStream|RockSlide,Crunch,DragonDance,Protect|Jolly||M|||50|]Gallade||ChoiceScarf|Sharpness|SacredSword,PsychoCut,Coaching,IcyWind|Jolly||M|||50|]Excadrill||FocusSash|SandRush|RockSlide,HighHorsepower,IronHead,Protect|Adamant||M|||50|]Milotic||Leftovers|Competitive|IceBeam,Coil,MuddyWater,Recover|Calm||F|||50|]Scovillain||Scovillainite|Moody|RagePowder,GigaDrain,Protect,Overheat|Bold||M|||50|]Houndstone||SitrusBerry|SandRush|LastRespects,Yawn,Snarl,Protect|Adamant||F|||50|
|inactive|Battle timer is ON: inactive players will automatically lose when time's up. (requested by ToastedArt)
|inactive|ToastedArt has 60 seconds left.
|inactive|VeraxVGC has 60 seconds left.
|inactive|ToastedArt has 30 seconds left.
|
|t:|1785798381
|teamsize|p1|4
|teamsize|p2|4
|start
|switch|p1a: Staraptor|Staraptor, L50, M|100/100
|switch|p1b: Whimsicott|Whimsicott, L50, F|100/100
|switch|p2a: Tyranitar|Tyranitar, L50, M|100/100
|switch|p2b: Excadrill|Excadrill, L50, M|100/100
|-ability|p1a: Staraptor|Intimidate|boost
|-unboost|p2a: Tyranitar|atk|1
|-unboost|p2b: Excadrill|atk|1
|-weather|Sandstorm|[from] ability: Sand Stream|[of] p2a: Tyranitar
|turn|1
|inactive|ToastedArt has 30 seconds left.
|inactive|VeraxVGC has 30 seconds left.
|inactive|ToastedArt has 20 seconds left.
|inactive|ToastedArt has 15 seconds left.
|inactive|ToastedArt has 10 seconds left.
|
|t:|1785798429
|detailschange|p1a: Staraptor|Staraptor-Mega, L50, M
|-mega|p1a: Staraptor|Staraptor|Staraptite
|move|p2a: Tyranitar|Protect|p2a: Tyranitar
|-singleturn|p2a: Tyranitar|Protect
|move|p1b: Whimsicott|Tailwind|p1b: Whimsicott
|-sidestart|p1: ToastedArt|move: Tailwind
|move|p1a: Staraptor|Close Combat|p2a: Tyranitar
|-activate|p2a: Tyranitar|move: Protect
|move|p2b: Excadrill|Rock Slide|p1a: Staraptor|[spread] p1a,p1b
|-damage|p1a: Staraptor|86/100
|-damage|p1b: Whimsicott|82/100
|
|-weather|Sandstorm|[upkeep]
|-damage|p1b: Whimsicott|76/100|[from] Sandstorm
|-damage|p1a: Staraptor|80/100|[from] Sandstorm
|upkeep
|turn|2
|
|t:|1785798452
|switch|p2a: Houndstone|Houndstone, L50, F|100/100
|move|p1b: Whimsicott|Charm|p1a: Staraptor
|-boost|p1a: Staraptor|atk|2
|move|p1a: Staraptor|Close Combat|p2b: Excadrill
|-supereffective|p2b: Excadrill|1
|-enditem|p2b: Excadrill|Focus Sash
|-damage|p2b: Excadrill|1/100
|-boost|p1a: Staraptor|def|1
|-boost|p1a: Staraptor|spd|1
|move|p2b: Excadrill|Iron Head|p1b: Whimsicott
|-supereffective|p1b: Whimsicott|1
|-damage|p1b: Whimsicott|4/100
|
|-weather|Sandstorm|[upkeep]
|-damage|p1b: Whimsicott|0 fnt|[from] Sandstorm
|-damage|p1a: Staraptor|74/100|[from] Sandstorm
|faint|p1b: Whimsicott
|upkeep
|
|t:|1785798464
|switch|p1b: Incineroar|Incineroar, L50, F|100/100
|-ability|p1b: Incineroar|Intimidate|boost
|-unboost|p2a: Houndstone|atk|1
|-unboost|p2b: Excadrill|atk|1
|turn|3
|
|t:|1785798475
|switch|p2b: Tyranitar|Tyranitar, L50, M|100/100
|move|p1b: Incineroar|Fake Out|p2b: Tyranitar
|-resisted|p2b: Tyranitar|1
|-damage|p2b: Tyranitar|95/100
|move|p1a: Staraptor|Dual Wingbeat|p2a: Houndstone
|-damage|p2a: Houndstone|58/100
|-damage|p2a: Houndstone|18/100
|-enditem|p2a: Houndstone|Sitrus Berry|[eat]
|-heal|p2a: Houndstone|43/100|[from] item: Sitrus Berry
|-hitcount|p2a: Houndstone|2
|move|p2a: Houndstone|Yawn|p1a: Staraptor
|-start|p1a: Staraptor|move: Yawn|[of] p2a: Houndstone
|
|-weather|Sandstorm|[upkeep]
|-damage|p1a: Staraptor|68/100|[from] Sandstorm
|-damage|p1b: Incineroar|94/100|[from] Sandstorm
|upkeep
|turn|4
|inactive|ToastedArt has 30 seconds left.
|
|t:|1785798501
|switch|p1b: Gholdengo|Gholdengo, L50|100/100
|move|p2a: Houndstone|Protect|p2a: Houndstone
|-singleturn|p2a: Houndstone|Protect
|move|p2b: Tyranitar|Protect|p2b: Tyranitar
|-singleturn|p2b: Tyranitar|Protect
|move|p1a: Staraptor|Close Combat|p2b: Tyranitar
|-activate|p2b: Tyranitar|move: Protect
|
|-weather|Sandstorm|[upkeep]
|-damage|p1a: Staraptor|62/100|[from] Sandstorm
|-end|p1a: Staraptor|move: Yawn|[silent]
|-status|p1a: Staraptor|slp
|-sideend|p1: ToastedArt|move: Tailwind
|upkeep
|turn|5
|inactive|VeraxVGC has 30 seconds left.
|
|t:|1785798526
|switch|p2a: Excadrill|Excadrill, L50, M|1/100
|switch|p1b: Incineroar|Incineroar, L50, F|94/100
|-ability|p1b: Incineroar|Intimidate|boost
|-unboost|p2a: Excadrill|atk|1
|-unboost|p2b: Tyranitar|atk|1
|detailschange|p2b: Tyranitar|Tyranitar-Mega, L50, M
|-mega|p2b: Tyranitar|Tyranitar|Tyranitarite
|cant|p1a: Staraptor|slp
|move|p2b: Tyranitar|Crunch|p1b: Incineroar
|-resisted|p1b: Incineroar|1
|-damage|p1b: Incineroar|80/100
|
|-weather|none
|upkeep
|turn|6
|
|t:|1785798551
|switch|p2a: Houndstone|Houndstone, L50, F|43/100
|switch|p2b: Gallade|Gallade, L50, M|100/100
|move|p1b: Incineroar|Fake Out|p2a: Houndstone
|-immune|p2a: Houndstone
|cant|p1a: Staraptor|slp
|
|upkeep
|turn|7
|
|t:|1785798569
|switch|p2a: Excadrill|Excadrill, L50, M|1/100
|switch|p1b: Gholdengo|Gholdengo, L50|100/100
|-curestatus|p1a: Staraptor|slp|[msg]
|move|p1a: Staraptor|Protect|p1a: Staraptor
|-singleturn|p1a: Staraptor|Protect
|move|p2b: Gallade|Psycho Cut|p1a: Staraptor
|-activate|p1a: Staraptor|move: Protect
|
|upkeep
|turn|8
|
|t:|1785798588
|switch|p1b: Incineroar|Incineroar, L50, F|80/100
|-ability|p1b: Incineroar|Intimidate|boost
|-unboost|p2a: Excadrill|atk|1
|-unboost|p2b: Gallade|atk|1
|move|p2b: Gallade|Psycho Cut|p1a: Staraptor
|-supereffective|p1a: Staraptor|1
|-damage|p1a: Staraptor|16/100
|move|p1a: Staraptor|Dual Wingbeat|p2b: Gallade|[miss]
|-miss|p1a: Staraptor|p2b: Gallade
|move|p2a: Excadrill|High Horsepower|p1b: Incineroar
|-supereffective|p1b: Incineroar|1
|-damage|p1b: Incineroar|14/100
|-enditem|p1b: Incineroar|Sitrus Berry|[eat]
|-heal|p1b: Incineroar|39/100|[from] item: Sitrus Berry
|
|upkeep
|turn|9
|
|t:|1785798602
|move|p1b: Incineroar|Fake Out|p2b: Gallade
|-damage|p2b: Gallade|84/100
|cant|p2b: Gallade|flinch
|move|p1a: Staraptor|Close Combat|p2b: Gallade
|-resisted|p2b: Gallade|1
|-damage|p2b: Gallade|0 fnt
|-boost|p1a: Staraptor|def|1
|-boost|p1a: Staraptor|spd|1
|faint|p2b: Gallade
|move|p2a: Excadrill|High Horsepower|p1b: Incineroar
|-supereffective|p1b: Incineroar|1
|-damage|p1b: Incineroar|0 fnt
|faint|p1b: Incineroar
|
|upkeep
|
|t:|1785798624
|switch|p2b: Tyranitar|Tyranitar-Mega, L50, M|95/100
|switch|p1b: Gholdengo|Gholdengo, L50|100/100
|-weather|Sandstorm|[from] ability: Sand Stream|[of] p2b: Tyranitar
|turn|10
|
|t:|1785798635
|move|p2a: Excadrill|Rock Slide|p1b: Gholdengo|[spread] p1a,p1b
|-resisted|p1b: Gholdengo|1
|-damage|p1a: Staraptor|9/100
|-damage|p1b: Gholdengo|91/100
|move|p1a: Staraptor|Close Combat|p2b: Tyranitar
|-supereffective|p2b: Tyranitar|2
|-damage|p2b: Tyranitar|0 fnt
|-boost|p1a: Staraptor|def|1
|-boost|p1a: Staraptor|spd|1
|faint|p2b: Tyranitar
|cant|p1b: Gholdengo|flinch
|
|-weather|Sandstorm|[upkeep]
|-damage|p1a: Staraptor|3/100|[from] Sandstorm
|upkeep
|
|t:|1785798641
|switch|p2b: Houndstone|Houndstone, L50, F|43/100
|turn|11
|
|t:|1785798652
|move|p2a: Excadrill|Rock Slide|p1a: Staraptor|[spread] p1a,p1b
|-resisted|p1b: Gholdengo|1
|-damage|p1a: Staraptor|0 fnt
|-damage|p1b: Gholdengo|83/100
|faint|p1a: Staraptor
|move|p2b: Houndstone|Last Respects|p1b: Gholdengo
|-supereffective|p1b: Gholdengo|1
|-damage|p1b: Gholdengo|0 fnt
|faint|p1b: Gholdengo
|
|win|VeraxVGC
