|j|☆minasdevilcrobats
|j|☆JNEST
|html|minasdevilcrobatsJNEST    
|uhtml|bestof|Game 3 of a best-of-3
|t:|1756246866
|gametype|doubles
|player|p1|minasdevilcrobats|darach-caitlin|1168
|player|p2|JNEST|veteran-gen4|1103
|gen|9
|tier|[Gen 9] VGC 2025 Reg H (Bo3)
|rated|
|rule|Species Clause: Limit one of each Pokémon
|rule|Item Clause: Limit 1 of each item
|clearpoke
|poke|p1|Dragapult, L50, F|
|poke|p1|Electabuzz, L50, F|
|poke|p1|Sneasler, L50, M|
|poke|p1|Primarina, L50, F|
|poke|p1|Gholdengo, L50|
|poke|p1|Whimsicott, L50, M|
|poke|p2|Weezing, L50, M|
|poke|p2|Incineroar, L50, M|
|poke|p2|Ursaluna-Bloodmoon, L50, M|
|poke|p2|Annihilape, L50, M|
|poke|p2|Tyranitar, L50, M|
|poke|p2|Amoonguss, L50, M|
|teampreview|4
|showteam|p1|Dragapult||ChoiceBand|ClearBody|DragonDarts,PhantomForce,PsychicFangs,SuckerPunch|||F|||50|,,,,,Dragon]Electabuzz||Eviolite|VitalSpirit|Electroweb,FollowMe,Taunt,Protect|||F|||50|,,,,,Ghost]Sneasler||FocusSash|Unburden|DireClaw,CloseCombat,FakeOut,Protect|||M|||50|,,,,,Stellar]Primarina||ThroatSpray|LiquidVoice|HyperVoice,Moonblast,Haze,Protect|||F|||50|,,,,,Poison]Gholdengo||LifeOrb|GoodasGold|MakeItRain,ShadowBall,NastyPlot,Protect||||||50|,,,,,Water]Whimsicott||CovertCloak|Prankster|Tailwind,Moonblast,Taunt,FakeTears|||M|||50|,,,,,Water
|showteam|p2|Weezing||SitrusBerry|NeutralizingGas|Protect,Taunt,WillOWisp,SludgeBomb|||M|||50|,,,,,Ghost]Incineroar||AbilityShield|Intimidate|KnockOff,FlareBlitz,FakeOut,PartingShot|||M|||50|,,,,,Ghost]Ursaluna-Bloodmoon||LifeOrb|MindsEye|Protect,HyperVoice,EarthPower,BloodMoon|||M|||50|,,,,,Normal]Annihilape||SafetyGoggles|Defiant|Taunt,RageFist,CloseCombat,FinalGambit|||M|||50|,,,,,Fairy]Tyranitar||AssaultVest|SandStream|RockSlide,KnockOff,TeraBlast,LowKick|||M|||50|,,,,,Flying]Amoonguss||Leftovers|Regenerator|ClearSmog,Spore,RagePowder,PollenPuff|||M|||50|,,,,,Water
|inactive|Battle timer is ON: inactive players will automatically lose when time's up. (requested by JNEST)
|
|t:|1756246884
|teamsize|p1|4
|teamsize|p2|4
|start
|switch|p1a: Whimsicott|Whimsicott, L50, M|100/100
|switch|p1b: Gholdengo|Gholdengo, L50|100/100
|switch|p2a: Weezing|Weezing, L50, M|100/100
|switch|p2b: Incineroar|Incineroar, L50, M|100/100
|-ability|p2a: Weezing|Neutralizing Gas
|-block|p2b: Incineroar|item: Ability Shield
|-ability|p2b: Incineroar|Intimidate|boost
|-unboost|p1a: Whimsicott|atk|1
|-unboost|p1b: Gholdengo|atk|1
|turn|1
|l|☆JNEST
|inactive|JNEST disconnected and has a minute to reconnect!
|player|p2|
|inactive|JNEST has 30 seconds left.
|inactive|JNEST has 20 seconds left.
|j|☆JNEST
|inactive|JNEST reconnected and has 20 seconds left.
|player|p2|JNEST|veteran-gen4|
|inactive|JNEST has 15 seconds left.
|inactive|JNEST has 10 seconds left.
|inactive|JNEST has 5 seconds left.
|
|t:|1756246938
|move|p1b: Gholdengo|Protect|p1b: Gholdengo
|-singleturn|p1b: Gholdengo|Protect
|move|p1a: Whimsicott|Fake Tears|p2a: Weezing
|-unboost|p2a: Weezing|spd|2
|move|p2b: Incineroar|Knock Off|p1b: Gholdengo
|-activate|p1b: Gholdengo|move: Protect
|move|p2a: Weezing|Sludge Bomb|p1a: Whimsicott
|-supereffective|p1a: Whimsicott
|-damage|p1a: Whimsicott|0 fnt
|faint|p1a: Whimsicott
|
|upkeep
|
|t:|1756246949
|switch|p1a: Primarina|Primarina, L50, F|100/100
|turn|2
|
|t:|1756246957
|-terastallize|p1b: Gholdengo|Water
|-terastallize|p2b: Incineroar|Ghost
|move|p2a: Weezing|Protect|p2a: Weezing
|-singleturn|p2a: Weezing|Protect
|move|p1b: Gholdengo|Make It Rain|p2b: Incineroar|[spread] p2b
|-activate|p2a: Weezing|move: Protect
|-damage|p2b: Incineroar|50/100
|-unboost|p1b: Gholdengo|spa|1
|-damage|p1b: Gholdengo|91/100|[from] item: Life Orb
|move|p2b: Incineroar|Knock Off|p1b: Gholdengo
|-damage|p1b: Gholdengo|48/100
|-enditem|p1b: Gholdengo|Life Orb|[from] move: Knock Off|[of] p2b: Incineroar
|move|p1a: Primarina|Hyper Voice|p2a: Weezing|[spread] 
|-activate|p2a: Weezing|move: Protect
|-immune|p2b: Incineroar
|
|upkeep
|turn|3
|
|t:|1756246981
|move|p1b: Gholdengo|Protect|p1b: Gholdengo
|-singleturn|p1b: Gholdengo|Protect
|move|p2b: Incineroar|Knock Off|p1b: Gholdengo
|-activate|p1b: Gholdengo|move: Protect
|move|p1a: Primarina|Haze|p1a: Primarina
|-clearallboost
|move|p2a: Weezing|Sludge Bomb|p1b: Gholdengo
|-activate|p1b: Gholdengo|move: Protect
|
|upkeep
|turn|4
|
|t:|1756246990
|move|p1b: Gholdengo|Make It Rain|p2a: Weezing|[spread] p2a,p2b
|-damage|p2a: Weezing|57/100
|-damage|p2b: Incineroar|6/100
|-unboost|p1b: Gholdengo|spa|1
|move|p2b: Incineroar|Knock Off|p1b: Gholdengo
|-damage|p1b: Gholdengo|18/100
|move|p1a: Primarina|Hyper Voice|p2b: Incineroar|[spread] p2a
|-immune|p2b: Incineroar
|-damage|p2a: Weezing|35/100
|-enditem|p2a: Weezing|Sitrus Berry|[eat]
|-heal|p2a: Weezing|60/100|[from] item: Sitrus Berry
|-enditem|p1a: Primarina|Throat Spray
|-boost|p1a: Primarina|spa|1|[from] item: Throat Spray
|move|p2a: Weezing|Sludge Bomb|p1b: Gholdengo
|-damage|p1b: Gholdengo|0 fnt
|faint|p1b: Gholdengo
|
|upkeep
|
|t:|1756247003
|switch|p1b: Dragapult|Dragapult, L50, F|100/100
|turn|5
|
|t:|1756247011
|switch|p2b: Tyranitar|Tyranitar, L50, M|100/100
|move|p1b: Dragapult|Dragon Darts|p2a: Weezing
|-crit|p2a: Weezing
|-damage|p2a: Weezing|4/100
|-anim|p1b: Dragapult|Dragon Darts|p2b: Tyranitar
|-damage|p2b: Tyranitar|62/100
|move|p1a: Primarina|Moonblast|p2a: Weezing
|-resisted|p2a: Weezing
|-damage|p2a: Weezing|0 fnt
|faint|p2a: Weezing
|-end|p2a: Weezing|ability: Neutralizing Gas
|-weather|Sandstorm|[from] ability: Sand Stream|[of] p2b: Tyranitar
|
|-weather|Sandstorm|[upkeep]
|-damage|p1b: Dragapult|94/100|[from] Sandstorm
|-damage|p1a: Primarina|95/100|[from] Sandstorm
|upkeep
|
|t:|1756247021
|switch|p2a: Incineroar|Incineroar, L50, M, tera:Ghost|6/100
|-ability|p2a: Incineroar|Intimidate|boost
|-unboost|p1a: Primarina|atk|1
|-fail|p1b: Dragapult|unboost|[from] ability: Clear Body|[of] p1b: Dragapult
|turn|6
|
|t:|1756247027
|move|p2a: Incineroar|Fake Out|p1a: Primarina
|-damage|p1a: Primarina|80/100
|move|p1b: Dragapult|Dragon Darts|p2b: Tyranitar
|-damage|p2b: Tyranitar|27/100
|-anim|p1b: Dragapult|Dragon Darts|p2a: Incineroar
|-damage|p2a: Incineroar|0 fnt
|faint|p2a: Incineroar
|move|p2b: Tyranitar|Knock Off|p1b: Dragapult
|-supereffective|p1b: Dragapult
|-damage|p1b: Dragapult|0 fnt
|-enditem|p1b: Dragapult|Choice Band|[from] move: Knock Off|[of] p2b: Tyranitar
|faint|p1b: Dragapult
|cant|p1a: Primarina|flinch
|
|-weather|Sandstorm|[upkeep]
|-damage|p1a: Primarina|74/100|[from] Sandstorm
|upkeep
|
|t:|1756247037
|switch|p2a: Ursaluna|Ursaluna-Bloodmoon, L50, M|100/100
|turn|7
|
|t:|1756247045
|move|p2b: Tyranitar|Tera Blast|p1a: Primarina
|-damage|p1a: Primarina|60/100
|move|p2a: Ursaluna|Blood Moon|p1a: Primarina
|-damage|p1a: Primarina|0 fnt
|faint|p1a: Primarina
|-damage|p2a: Ursaluna|91/100|[from] item: Life Orb
|
|win|JNEST
|raw|minasdevilcrobats's rating: 1168 → 1138(-30 for losing)
|raw|JNEST's rating: 1103 → 1133(+30 for winning)
