|j|☆lordtentacle69
|j|☆alexander1111
|html|lordtentacle69alexander1111    
|uhtml|bestof|Game 2 of a best-of-3
|t:|1784691388
|gametype|doubles
|player|p1|lordtentacle69|corbeau|1412
|player|p2|alexander1111|preschooler|1362
|gen|9
|tier|[Gen 9 Champions] VGC 2026 Reg M-B (Bo3)
|rated|
|rule|Species Clause: Limit one of each Pokémon
|rule|Item Clause: Limit 1 of each item
|clearpoke
|poke|p1|Delphox, L50, F|
|poke|p1|Incineroar, L50, M|
|poke|p1|Maushold-Four, L50|
|poke|p1|Sinistcha, L50|
|poke|p1|Sneasler, L50, M|
|poke|p1|Blastoise, L50, M|
|poke|p2|Milotic, L50, M|
|poke|p2|Maushold-Four, L50|
|poke|p2|Charizard, L50, M, shiny|
|poke|p2|Whimsicott, L50, M, shiny|
|poke|p2|Kingambit, L50, M|
|poke|p2|Garchomp, L50, M|
|teampreview|4
|showteam|p1|Delphox||Delphoxite|Blaze|HeatWave,Psychic,NastyPlot,Protect|Timid||F|||50|]Incineroar||SitrusBerry|Intimidate|FakeOut,PartingShot,FlareBlitz,ThroatChop|Impish||M|||50|]Maushold-Four||ChopleBerry|FriendGuard|Feint,HelpingHand,Protect,FollowMe|Impish|||||50|]Sinistcha||KasibBerry|Hospitality|Protect,MatchaGotcha,TrickRoom,RagePowder|Bold|||||50|]Sneasler||FocusSash|PoisonTouch|CloseCombat,PoisonJab,QuickGuard,FakeOut|Adamant||M|||50|]Blastoise||Blastoisinite|RainDish|Protect,WaterSpout,DarkPulse,ShellSmash|Modest||M|||50|
|showteam|p2|Milotic||SitrusBerry|Competitive|Scald,IceBeam,HelpingHand,Protect|Modest||M|||50|]Maushold-Four||WideLens|Technician|PopulationBomb,FollowMe,Protect,SunnyDay|Jolly|||||50|]Charizard||CharizarditeY|Blaze|SolarBeam,HeatWave,WeatherBall,Protect|Timid||M|||50|]Whimsicott||FocusSash|Prankster|Tailwind,Moonblast,Protect,Encore|Timid||M|||50|]Kingambit||ChopleBerry|Defiant|KowtowCleave,SuckerPunch,IronHead,LowKick|Adamant||M|||50|]Garchomp||LifeOrb|RoughSkin|RockSlide,Earthquake,DragonClaw,Protect|Jolly||M|||50|
|inactive|Battle timer is ON: inactive players will automatically lose when time's up. (requested by alexander1111)
|inactive|lordtentacle69 has 60 seconds left.
|
|t:|1784691429
|teamsize|p1|4
|teamsize|p2|4
|start
|switch|p1a: Delphox|Delphox, L50, F|100/100
|switch|p1b: Green Day|Sinistcha, L50|100/100
|switch|p2a: Milotic|Milotic, L50, M|100/100
|switch|p2b: Garchomp|Garchomp, L50, M|100/100
|turn|1
|
|t:|1784691439
|detailschange|p1a: Delphox|Delphox-Mega, L50, F
|-mega|p1a: Delphox|Delphox|Delphoxite
|move|p1a: Delphox|Protect|p1a: Delphox
|-singleturn|p1a: Delphox|Protect
|move|p2b: Garchomp|Rock Slide|p1a: Delphox|[spread] p1b
|-activate|p1a: Delphox|move: Protect
|-damage|p1b: Green Day|82/100
|-damage|p2b: Garchomp|90/100|[from] item: Life Orb
|move|p2a: Milotic|Ice Beam|p1b: Green Day
|-supereffective|p1b: Green Day|1
|-damage|p1b: Green Day|29/100
|move|p1b: Green Day|Matcha Gotcha|p2b: Garchomp|[spread] p2a,p2b
|-supereffective|p2a: Milotic|1
|-damage|p2a: Milotic|66/100
|-heal|p1b: Green Day|48/100|[from] drain|[of] p2a: Milotic
|-damage|p2b: Garchomp|64/100
|-heal|p1b: Green Day|62/100|[from] drain|[of] p2b: Garchomp
|-status|p2b: Garchomp|brn
|
|-damage|p2b: Garchomp|58/100 brn|[from] brn
|upkeep
|turn|2
|inactive|lordtentacle69 has 30 seconds left.
|
|t:|1784691467
|move|p1a: Delphox|Nasty Plot|p1a: Delphox
|-boost|p1a: Delphox|spa|2
|move|p2b: Garchomp|Rock Slide|p1b: Green Day|[spread] p1a,p1b
|-supereffective|p1a: Delphox|1
|-damage|p1a: Delphox|74/100
|-damage|p1b: Green Day|53/100
|-damage|p2b: Garchomp|48/100 brn|[from] item: Life Orb
|move|p2a: Milotic|Ice Beam|p1b: Green Day
|-supereffective|p1b: Green Day|1
|-damage|p1b: Green Day|0 fnt
|faint|p1b: Green Day
|
|-damage|p2b: Garchomp|42/100 brn|[from] brn
|upkeep
|
|t:|1784691480
|switch|p1b: MMCH|Maushold-Four, L50|100/100
|turn|3
|
|t:|1784691502
|switch|p2a: Whimsicott|Whimsicott, L50, M, shiny|100/100
|move|p1b: MMCH|Helping Hand|p1a: Delphox
|-singleturn|p1a: Delphox|Helping Hand|[of] p1b: MMCH
|move|p2b: Garchomp|Protect|p2b: Garchomp
|-singleturn|p2b: Garchomp|Protect
|move|p1a: Delphox|Psychic|p2a: Whimsicott
|-enditem|p2a: Whimsicott|Focus Sash
|-damage|p2a: Whimsicott|1/100
|
|-damage|p2b: Garchomp|37/100 brn|[from] brn
|upkeep
|turn|4
|
|t:|1784691515
|move|p1b: MMCH|Feint|p2a: Whimsicott
|-damage|p2a: Whimsicott|0 fnt
|faint|p2a: Whimsicott
|move|p1a: Delphox|Psychic|p2b: Garchomp
|-damage|p2b: Garchomp|0 fnt
|faint|p2b: Garchomp
|
|upkeep
|
|t:|1784691523
|switch|p2a: Milotic|Milotic, L50, M|66/100
|switch|p2b: Charizard|Charizard, L50, M, shiny|100/100
|turn|5
|
|t:|1784691535
|detailschange|p2b: Charizard|Charizard-Mega-Y, L50, M, shiny
|-mega|p2b: Charizard|Charizard|Charizardite Y
|-weather|SunnyDay|[from] ability: Drought|[of] p2b: Charizard
|move|p2a: Milotic|Helping Hand|p2b: Charizard
|-singleturn|p2b: Charizard|Helping Hand|[of] p2a: Milotic
|move|p1b: MMCH|Feint|p2a: Milotic
|-damage|p2a: Milotic|57/100
|move|p1a: Delphox|Psychic|p2a: Milotic
|-damage|p2a: Milotic|0 fnt
|faint|p2a: Milotic
|move|p2b: Charizard|Heat Wave|p1b: MMCH|[spread] p1a,p1b
|-resisted|p1a: Delphox|1
|-damage|p1a: Delphox|44/100
|-damage|p1b: MMCH|0 fnt
|faint|p1b: MMCH
|
|-weather|SunnyDay|[upkeep]
|upkeep
|
|t:|1784691549
|switch|p1b: Gochujang|Incineroar, L50, M|100/100
|-ability|p1b: Gochujang|Intimidate|boost
|-unboost|p2b: Charizard|atk|1
|turn|6
|
|t:|1784691554
|move|p2b: Charizard|Protect|p2b: Charizard
|-singleturn|p2b: Charizard|Protect
|move|p1b: Gochujang|Fake Out|p2b: Charizard
|-activate|p2b: Charizard|move: Protect
|move|p1a: Delphox|Nasty Plot|p1a: Delphox
|-boost|p1a: Delphox|spa|2
|
|-weather|SunnyDay|[upkeep]
|upkeep
|turn|7
|
|t:|1784691568
|move|p1a: Delphox|Psychic|p2b: Charizard
|-damage|p2b: Charizard|0 fnt
|faint|p2b: Charizard
|
|win|lordtentacle69
||alexander1111 is ready for game 3.
||lordtentacle69 is ready for game 3.
|uhtml|next|Next: Game 3 of 3
