|j|☆glubglobs
|j|☆Zady11
|html|glubglobsZady11    
|uhtml|bestof|Game 1 of a best-of-3
|t:|1756310203
|gametype|doubles
|player|p1|glubglobs|102|1215
|player|p2|Zady11|guitarist|1220
|gen|9
|tier|[Gen 9] VGC 2025 Reg H (Bo3)
|rated|
|rule|Species Clause: Limit one of each Pokémon
|rule|Item Clause: Limit 1 of each item
|clearpoke
|poke|p1|Primarina, L50, M|
|poke|p1|Sneasler, L50, M|
|poke|p1|Electabuzz, L50, F|
|poke|p1|Kingambit, L50, F|
|poke|p1|Dragapult, L50, M|
|poke|p1|Rillaboom, L50, M|
|poke|p2|Whimsicott, L50, M|
|poke|p2|Typhlosion-Hisui, L50, F|
|poke|p2|Basculegion, L50, M|
|poke|p2|Ursaluna-Bloodmoon, L50, M|
|poke|p2|Farigiraf, L50, M|
|poke|p2|Maushold-Four, L50|
|teampreview|4
|showteam|p1|Primarina||ThroatSpray|LiquidVoice|Protect,Haze,HyperVoice,Moonblast|||M|||50|,,,,,Poison]Sneasler||FocusSash|PoisonTouch|Protect,NightSlash,DireClaw,CloseCombat|||M|||50|,,,,,Stellar]Electabuzz||Eviolite|VitalSpirit|Protect,FollowMe,Taunt,Electroweb|||F|||50|,,,,,Fairy]Kingambit||BlackGlasses|Defiant|Protect,SwordsDance,SuckerPunch,KowtowCleave|||F|||50|,,,,,Dark]Dragapult||ChoiceBand|ClearBody|Uturn,DragonDarts,PhantomForce,Outrage|||M|||50|,,,,,Dragon]Rillaboom||AssaultVest|GrassySurge|FakeOut,Uturn,GrassyGlide,WoodHammer|||M|||50|,,,,,Fire
|showteam|p2|Whimsicott||CovertCloak|Prankster|Moonblast,SunnyDay,Encore,Tailwind|||M|||50|,,,,,Water]Typhlosion-Hisui||ChoiceSpecs|Blaze|Eruption,HeatWave,ShadowBall,Overheat|||F|||50|,,,,,Fire]Basculegion||ChoiceScarf|Adaptability|WaveCrash,LastRespects,AquaJet,FlipTurn|||M|||50|,,,,,Water]Ursaluna-Bloodmoon||LifeOrb|MindsEye|BloodMoon,HyperVoice,EarthPower,Protect|||M|||50|,,,,,Normal]Farigiraf||ThroatSpray|ArmorTail|HyperVoice,HelpingHand,Psychic,TrickRoom|||M|||50|,,,,,Fire]Maushold-Four||WideLens|Technician|PopulationBomb,Taunt,FollowMe,Protect||||||50|,,,,,Ghost
|inactive|Battle timer is ON: inactive players will automatically lose when time's up. (requested by glubglobs)
|inactive|glubglobs has 60 seconds left.
|inactive|Zady11 has 60 seconds left.
|
|t:|1756310268
|teamsize|p1|4
|teamsize|p2|4
|start
|switch|p1a: Electabuzz|Electabuzz, L50, F|100/100
|switch|p1b: Kingambit|Kingambit, L50, F|100/100
|switch|p2a: Sr Rubio|Whimsicott, L50, M|100/100
|switch|p2b: Sr Marrón|Ursaluna-Bloodmoon, L50, M|100/100
|turn|1
|
|t:|1756310289
|move|p1a: Electabuzz|Follow Me|p1a: Electabuzz
|-singleturn|p1a: Electabuzz|move: Follow Me
|move|p2a: Sr Rubio|Tailwind|p2a: Sr Rubio
|-sidestart|p2: Zady11|move: Tailwind
|move|p2b: Sr Marrón|Earth Power|p1a: Electabuzz
|-supereffective|p1a: Electabuzz
|-damage|p1a: Electabuzz|0 fnt
|faint|p1a: Electabuzz
|-damage|p2b: Sr Marrón|91/100|[from] item: Life Orb
|move|p1b: Kingambit|Swords Dance|p1b: Kingambit
|-boost|p1b: Kingambit|atk|2
|
|upkeep
|
|t:|1756310303
|switch|p1a: Primarina|Primarina, L50, M|100/100
|turn|2
|
|t:|1756310312
|-terastallize|p1b: Kingambit|Dark
|move|p2b: Sr Marrón|Protect|p2b: Sr Marrón
|-singleturn|p2b: Sr Marrón|Protect
|move|p2a: Sr Rubio|Sunny Day|p2a: Sr Rubio
|-weather|SunnyDay
|move|p1b: Kingambit|Sucker Punch||[still]
|-fail|p1b: Kingambit
|move|p1a: Primarina|Hyper Voice|p2a: Sr Rubio|[spread] p2a
|-activate|p2b: Sr Marrón|move: Protect
|-resisted|p2a: Sr Rubio
|-damage|p2a: Sr Rubio|92/100
|-enditem|p1a: Primarina|Throat Spray
|-boost|p1a: Primarina|spa|1|[from] item: Throat Spray
|
|-weather|SunnyDay|[upkeep]
|upkeep
|turn|3
|
|t:|1756310329
|switch|p2a: Sr Naranja|Farigiraf, L50, M, shiny|100/100
|-terastallize|p2b: Sr Marrón|Normal
|move|p1b: Kingambit|Sucker Punch||[still]
|cant|p2a: Sr Naranja|ability: Armor Tail|Sucker Punch|[of] p1b: Kingambit
|move|p2b: Sr Marrón|Blood Moon|p1b: Kingambit
|-damage|p1b: Kingambit|0 fnt
|faint|p1b: Kingambit
|-damage|p2b: Sr Marrón|81/100|[from] item: Life Orb
|move|p1a: Primarina|Moonblast|p2a: Sr Naranja
|-damage|p2a: Sr Naranja|21/100
|
|-weather|SunnyDay|[upkeep]
|upkeep
|
|t:|1756310343
|switch|p1b: Rillaboom|Rillaboom, L50, M|100/100
|-fieldstart|move: Grassy Terrain|[from] ability: Grassy Surge|[of] p1b: Rillaboom
|turn|4
|
|t:|1756310367
|switch|p2a: Sr Rubio|Whimsicott, L50, M|92/100
|move|p2b: Sr Marrón|Protect|p2b: Sr Marrón
|-singleturn|p2b: Sr Marrón|Protect
|move|p1b: Rillaboom|Wood Hammer|p2b: Sr Marrón
|-activate|p2b: Sr Marrón|move: Protect
|move|p1a: Primarina|Hyper Voice|p2a: Sr Rubio|[spread] p2a
|-activate|p2b: Sr Marrón|move: Protect
|-resisted|p2a: Sr Rubio
|-damage|p2a: Sr Rubio|78/100
|
|-weather|SunnyDay|[upkeep]
|-heal|p2a: Sr Rubio|84/100|[from] Grassy Terrain
|-heal|p2b: Sr Marrón|87/100|[from] Grassy Terrain
|-sideend|p2: Zady11|move: Tailwind
|upkeep
|turn|5
|
|t:|1756310387
|move|p2a: Sr Rubio|Tailwind|p2a: Sr Rubio
|-sidestart|p2: Zady11|move: Tailwind
|move|p1b: Rillaboom|Grassy Glide|p2b: Sr Marrón
|-damage|p2b: Sr Marrón|57/100
|move|p2b: Sr Marrón|Hyper Voice|p1b: Rillaboom|[spread] p1a,p1b
|-damage|p1a: Primarina|45/100
|-damage|p1b: Rillaboom|45/100
|-damage|p2b: Sr Marrón|47/100|[from] item: Life Orb
|move|p1a: Primarina|Moonblast|p2a: Sr Rubio
|-damage|p2a: Sr Rubio|1/100
|
|-weather|SunnyDay|[upkeep]
|-heal|p2a: Sr Rubio|7/100|[from] Grassy Terrain
|-heal|p2b: Sr Marrón|53/100|[from] Grassy Terrain
|-heal|p1b: Rillaboom|51/100|[from] Grassy Terrain
|-heal|p1a: Primarina|51/100|[from] Grassy Terrain
|upkeep
|turn|6
|
|t:|1756310411
|switch|p2a: Sr Naranja|Farigiraf, L50, M, shiny|21/100
|move|p2b: Sr Marrón|Hyper Voice|p1a: Primarina|[spread] p1a,p1b
|-damage|p1a: Primarina|0 fnt
|-damage|p1b: Rillaboom|0 fnt
|faint|p1a: Primarina
|faint|p1b: Rillaboom
|-damage|p2b: Sr Marrón|43/100|[from] item: Life Orb
|
|win|Zady11
||glubglobs is ready for game 2.
||Zady11 is ready for game 2.
|uhtml|next|Next: Game 2 of 3
