|j|☆lettitripppp
|j|☆poopybutt714
|html|lettitripppppoopybutt714    
|uhtml|bestof|Game 2 of a best-of-3
|t:|1785954633
|gametype|doubles
|player|p1|lettitripppp|lucas|1197
|player|p2|poopybutt714|102|1254
|gen|9
|tier|[Gen 9 Champions] VGC 2026 Reg M-B (Bo3)
|rated|
|rule|Species Clause: Limit one of each Pokémon
|rule|Item Clause: Limit 1 of each item
|clearpoke
|poke|p1|Charizard, L50, F, shiny|
|poke|p1|Swampert, L50, M|
|poke|p1|Pelipper, L50, F|
|poke|p1|Venusaur, L50, F|
|poke|p1|Archaludon, L50, M|
|poke|p1|Grimmsnarl, L50, M, shiny|
|poke|p2|Rotom-Wash, L50|
|poke|p2|Tyranitar, L50, F|
|poke|p2|Gholdengo, L50|
|poke|p2|Excadrill, L50, F|
|poke|p2|Annihilape, L50, F|
|poke|p2|Venusaur, L50, F|
|teampreview|4
|showteam|p1|Charizard||CharizarditeY|Blaze|WeatherBall,HeatWave,Hurricane,Protect|Modest||F|||50|]Swampert||Swampertite|Damp|WaveCrash,Earthquake,IcePunch,Protect|Adamant||M|||50|]Pelipper||SitrusBerry|Drizzle|WeatherBall,WideGuard,Hurricane,Tailwind|Modest||F|||50|]Venusaur||FocusSash|Chlorophyll|SleepPowder,SludgeBomb,LeafStorm,Protect|Modest||F|||50|]Archaludon||Leftovers|Stamina|FlashCannon,DragonPulse,ElectroShot,Protect|Calm||M|||50|]Grimmsnarl||LightClay|Prankster|PartingShot,LightScreen,SpiritBreak,Reflect|Sassy||M|||50|
|showteam|p2|Rotom-Wash||ExpertBelt|Levitate|Protect,HydroPump,WillOWisp,Discharge|Calm|||||50|]Tyranitar||Tyranitarite|SandStream|Protect,KnockOff,IcePunch,RockSlide|Adamant||F|||50|]Gholdengo||LifeOrb|GoodasGold|Protect,MakeItRain,ShadowBall,NastyPlot|Timid|||||50|]Excadrill||FocusSash|SandRush|HighHorsepower,Protect,IronHead,Earthquake|Adamant||F|||50|]Annihilape||SitrusBerry|Defiant|Protect,BulkUp,RageFist,DrainPunch|Adamant||F|||50|]Venusaur||Venusaurite|Overgrow|Substitute,SludgeWave,Protect,LeechSeed|Sassy||F|||50|
|inactive|Battle timer is ON: inactive players will automatically lose when time's up. (requested by lettitripppp)
|
|t:|1785954659
|teamsize|p1|4
|teamsize|p2|4
|start
|switch|p1a: SOFT-SLEEP|Venusaur, L50, F|100/100
|switch|p1b: GO JOHAN|Grimmsnarl, L50, M, shiny|100/100
|switch|p2a: Gholdengo|Gholdengo, L50|100/100
|switch|p2b: Tyranitar|Tyranitar, L50, F|100/100
|-weather|Sandstorm|[from] ability: Sand Stream|[of] p2b: Tyranitar
|turn|1
|
|t:|1785954673
|switch|p2b: Venusaur|Venusaur, L50, F|100/100
|move|p1b: GO JOHAN|Light Screen|p1b: GO JOHAN
|-sidestart|p1: lettitripppp|move: Light Screen
|move|p2a: Gholdengo|Nasty Plot|p2a: Gholdengo
|-boost|p2a: Gholdengo|spa|2
|move|p1a: SOFT-SLEEP|Sleep Powder|p2b: Venusaur
|-immune|p2b: Venusaur
|
|-weather|Sandstorm|[upkeep]
|-damage|p1a: SOFT-SLEEP|94/100|[from] Sandstorm
|-damage|p2b: Venusaur|94/100|[from] Sandstorm
|-damage|p1b: GO JOHAN|94/100|[from] Sandstorm
|upkeep
|turn|2
|
|t:|1785954693
|move|p2a: Gholdengo|Protect|p2a: Gholdengo
|-singleturn|p2a: Gholdengo|Protect
|move|p1a: SOFT-SLEEP|Protect|p1a: SOFT-SLEEP
|-singleturn|p1a: SOFT-SLEEP|Protect
|move|p2b: Venusaur|Protect|p2b: Venusaur
|-singleturn|p2b: Venusaur|Protect
|move|p1b: GO JOHAN|Reflect|p1b: GO JOHAN
|-sidestart|p1: lettitripppp|Reflect
|
|-weather|Sandstorm|[upkeep]
|-damage|p1a: SOFT-SLEEP|88/100|[from] Sandstorm
|-damage|p2b: Venusaur|88/100|[from] Sandstorm
|-damage|p1b: GO JOHAN|88/100|[from] Sandstorm
|upkeep
|turn|3
|
|t:|1785954709
|switch|p2b: Rotom|Rotom-Wash, L50|100/100
|move|p1b: GO JOHAN|Parting Shot|p2b: Rotom
|-unboost|p2b: Rotom|atk|1
|-unboost|p2b: Rotom|spa|1
|
|t:|1785954715
|switch|p1b: AGNI|Charizard, L50, F, shiny|100/100|[from] Parting Shot
|move|p2a: Gholdengo|Shadow Ball|p1a: SOFT-SLEEP
|-damage|p1a: SOFT-SLEEP|6/100
|-damage|p2a: Gholdengo|90/100|[from] item: Life Orb
|move|p1a: SOFT-SLEEP|Sludge Bomb|p2b: Rotom
|-damage|p2b: Rotom|59/100
|-status|p2b: Rotom|psn
|
|-weather|Sandstorm|[upkeep]
|-damage|p1b: AGNI|93/100|[from] Sandstorm
|-damage|p1a: SOFT-SLEEP|1/100|[from] Sandstorm
|-damage|p2b: Rotom|53/100 psn|[from] Sandstorm
|-damage|p2b: Rotom|41/100 psn|[from] psn
|upkeep
|turn|4
|
|t:|1785954737
|detailschange|p1b: AGNI|Charizard-Mega-Y, L50, F, shiny
|-mega|p1b: AGNI|Charizard|Charizardite Y
|-weather|SunnyDay|[from] ability: Drought|[of] p1b: AGNI
|move|p2a: Gholdengo|Protect|p2a: Gholdengo
|-singleturn|p2a: Gholdengo|Protect
|move|p2b: Rotom|Protect|p2b: Rotom
|-singleturn|p2b: Rotom|Protect
|move|p1a: SOFT-SLEEP|Sludge Bomb|p2b: Rotom
|-activate|p2b: Rotom|move: Protect
|move|p1b: AGNI|Heat Wave|p2a: Gholdengo|[spread] 
|-activate|p2a: Gholdengo|move: Protect
|-activate|p2b: Rotom|move: Protect
|
|-weather|SunnyDay|[upkeep]
|-damage|p2b: Rotom|29/100 psn|[from] psn
|upkeep
|turn|5
|
|t:|1785954760
|switch|p1a: GO JOHAN|Grimmsnarl, L50, M, shiny|88/100
|switch|p2b: Tyranitar|Tyranitar, L50, F|100/100
|-weather|Sandstorm|[from] ability: Sand Stream|[of] p2b: Tyranitar
|move|p2a: Gholdengo|Shadow Ball|p1b: AGNI
|-damage|p1b: AGNI|30/100
|-damage|p2a: Gholdengo|80/100|[from] item: Life Orb
|move|p1b: AGNI|Heat Wave|p2a: Gholdengo|[spread] p2a,p2b
|-supereffective|p2a: Gholdengo|1
|-resisted|p2b: Tyranitar|1
|-damage|p2a: Gholdengo|0 fnt
|-damage|p2b: Tyranitar|88/100
|faint|p2a: Gholdengo
|
|-weather|Sandstorm|[upkeep]
|-damage|p1b: AGNI|23/100|[from] Sandstorm
|-damage|p1a: GO JOHAN|82/100|[from] Sandstorm
|upkeep
|
|t:|1785954775
|switch|p2a: Venusaur|Venusaur, L50, F|88/100
|turn|6
|
|t:|1785954790
|switch|p1a: WET-BEAK|Pelipper, L50, F|100/100
|-weather|RainDance|[from] ability: Drizzle|[of] p1a: WET-BEAK
|detailschange|p2a: Venusaur|Venusaur-Mega, L50, F
|-mega|p2a: Venusaur|Venusaur|Venusaurite
|move|p2b: Tyranitar|Protect|p2b: Tyranitar
|-singleturn|p2b: Tyranitar|Protect
|move|p1b: AGNI|Hurricane|p2a: Venusaur
|-supereffective|p2a: Venusaur|1
|-damage|p2a: Venusaur|3/100
|move|p2a: Venusaur|Sludge Wave|p1a: WET-BEAK|[spread] p1a,p1b
|-activate|p2b: Tyranitar|move: Protect
|-damage|p1a: WET-BEAK|70/100
|-damage|p1b: AGNI|5/100
|-status|p1b: AGNI|psn
|
|-weather|RainDance|[upkeep]
|-damage|p1b: AGNI|0 fnt|[from] psn
|faint|p1b: AGNI
|upkeep
|
|t:|1785954804
|switch|p1b: SOFT-SLEEP|Venusaur, L50, F|1/100
|turn|7
|
|t:|1785954813
|move|p1b: SOFT-SLEEP|Leaf Storm|p2b: Tyranitar
|-supereffective|p2b: Tyranitar|1
|-damage|p2b: Tyranitar|0 fnt
|-unboost|p1b: SOFT-SLEEP|spa|2
|faint|p2b: Tyranitar
|move|p1a: WET-BEAK|Weather Ball|p2a: Venusaur
|-resisted|p2a: Venusaur|1
|-damage|p2a: Venusaur|0 fnt
|faint|p2a: Venusaur
|
|-weather|RainDance|[upkeep]
|upkeep
|
|t:|1785954816
|switch|p2b: Rotom|Rotom-Wash, L50|29/100 psn
|turn|8
|
|t:|1785954822
|switch|p1b: GO JOHAN|Grimmsnarl, L50, M, shiny|82/100
|move|p2b: Rotom|Discharge|p1a: WET-BEAK|[spread] p1a,p1b
|-supereffective|p1a: WET-BEAK|2
|-damage|p1a: WET-BEAK|0 fnt
|-damage|p1b: GO JOHAN|68/100
|faint|p1a: WET-BEAK
|
|-weather|RainDance|[upkeep]
|-damage|p2b: Rotom|17/100 psn|[from] psn
|-sideend|p1: lettitripppp|move: Light Screen
|upkeep
|
|t:|1785954828
|switch|p1a: SOFT-SLEEP|Venusaur, L50, F|1/100
|turn|9
|
|t:|1785954832
|move|p1a: SOFT-SLEEP|Sludge Bomb|p2b: Rotom
|-damage|p2b: Rotom|0 fnt
|faint|p2b: Rotom
|
|win|lettitripppp
|raw|lettitripppp's rating: 1197 → 1226(+29 for winning)
|raw|poopybutt714's rating: 1254 → 1225(-29 for losing)
|c|☆lettitripppp|gg
