|j|☆beppe_brescia
|j|☆itbeasher
|html|beppe_bresciaitbeasher    
|uhtml|bestof|Game 1 of a best-of-3
|t:|1757693757
|gametype|doubles
|player|p1|beppe_brescia|rocketgrunt|1091
|player|p2|itbeasher|169|1098
|gen|9
|tier|[Gen 9] VGC 2025 Reg H (Bo3)
|rated|
|rule|Species Clause: Limit one of each Pokémon
|rule|Item Clause: Limit 1 of each item
|clearpoke
|poke|p1|Serperior, L50, F|
|poke|p1|Yanmega, L50, F|
|poke|p1|Incineroar, L50, M|
|poke|p1|Garchomp, L50, F|
|poke|p1|Farigiraf, L50, F|
|poke|p1|Klefki, L50, M|
|poke|p2|Dondozo, L50, M|
|poke|p2|Tatsugiri, L50, F|
|poke|p2|Volcarona, L50, F|
|poke|p2|Baxcalibur, L50, F|
|poke|p2|Annihilape, L50, F|
|poke|p2|Kingambit, L50, F|
|teampreview|4
|showteam|p1|Serperior||Leftovers|Contrary|TeraBlast,LeafStorm,Protect,Substitute|||F|||50|,,,,,Poison]Yanmega||FocusSash|SpeedBoost|Tailwind,BugBuzz,Detect,AirSlash|||F|||50|,,,,,Ghost]Incineroar||SafetyGoggles|Intimidate|PartingShot,FakeOut,KnockOff,FlareBlitz|||M|||50|,,,,,Water]Garchomp||AssaultVest|RoughSkin|RockSlide,DragonClaw,Earthquake,StompingTantrum|||F|||50|,,,,,Water]Farigiraf||ThroatSpray|ArmorTail|Protect,TrickRoom,Imprison,HyperVoice|||F|||50|,,,,,Fairy]Klefki||LightClay|Prankster|MistyTerrain,SkitterSmack,Reflect,LightScreen|||M|||50|,,,,,Water
|showteam|p2|Dondozo||Leftovers|Unaware|Protect,HeavySlam,WaveCrash,OrderUp|||M|||50|,,,,,Steel]Tatsugiri||FocusSash|Commander|MuddyWater,DracoMeteor,IcyWind,Protect|||F|||50|,,,,,Fairy]Volcarona||SitrusBerry|FlameBody|Overheat,StruggleBug,RagePowder,Tailwind|||F|||50|,,,,,Water]Baxcalibur||LoadedDice|ThermalExchange|Protect,ScaleShot,IcicleSpear,IceShard|||F|||50|,,,,,Ghost]Annihilape||SafetyGoggles|Defiant|Protect,BulkUp,DrainPunch,RageFist|||F|||50|,,,,,Fire]Kingambit||AssaultVest|Defiant|KowtowCleave,SuckerPunch,IronHead,LowKick|||F|||50|,,,,,Grass
|
|t:|1757693781
|teamsize|p1|4
|teamsize|p2|4
|start
|switch|p1a: jeff the landshark|Garchomp, L50, F|100/100
|switch|p1b: fuffy|Incineroar, L50, M|100/100
|switch|p2a: Volcarona|Volcarona, L50, F|100/100
|switch|p2b: Annihilape|Annihilape, L50, F|100/100
|-ability|p1b: fuffy|Intimidate|boost
|-unboost|p2a: Volcarona|atk|1
|-unboost|p2b: Annihilape|atk|1
|-ability|p2b: Annihilape|Defiant|boost
|-boost|p2b: Annihilape|atk|2
|turn|1
|
|t:|1757693813
|switch|p1b: mr lululemon|Klefki, L50, M|100/100
|move|p1a: jeff the landshark|Rock Slide|p2a: Volcarona|[spread] p2a,p2b
|-supereffective|p2a: Volcarona
|-resisted|p2b: Annihilape
|-damage|p2a: Volcarona|21/100
|-damage|p2b: Annihilape|91/100
|-enditem|p2a: Volcarona|Sitrus Berry|[eat]
|-heal|p2a: Volcarona|46/100|[from] item: Sitrus Berry
|move|p2a: Volcarona|Tailwind|p2a: Volcarona
|-sidestart|p2: itbeasher|move: Tailwind
|move|p2b: Annihilape|Bulk Up|p2b: Annihilape
|-boost|p2b: Annihilape|atk|1
|-boost|p2b: Annihilape|def|1
|
|upkeep
|turn|2
|
|t:|1757693847
|move|p1b: mr lululemon|Reflect|p1b: mr lululemon
|-sidestart|p1: beppe_brescia|Reflect
|move|p2a: Volcarona|Overheat|p1b: mr lululemon
|-supereffective|p1b: mr lululemon
|-damage|p1b: mr lululemon|0 fnt
|-unboost|p2a: Volcarona|spa|2
|faint|p1b: mr lululemon
|move|p2b: Annihilape|Bulk Up|p2b: Annihilape
|-boost|p2b: Annihilape|atk|1
|-boost|p2b: Annihilape|def|1
|move|p1a: jeff the landshark|Dragon Claw|p2b: Annihilape
|-damage|p2b: Annihilape|72/100
|
|upkeep
|
|t:|1757693858
|switch|p1b: my baby|Serperior, L50, F|100/100
|turn|3
|
|t:|1757693873
|-terastallize|p1b: my baby|Poison
|move|p2a: Volcarona|Overheat|p1b: my baby
|-damage|p1b: my baby|66/100
|-unboost|p2a: Volcarona|spa|2
|move|p2b: Annihilape|Drain Punch|p1b: my baby
|-resisted|p1b: my baby
|-damage|p1b: my baby|38/100
|-heal|p2b: Annihilape|84/100|[from] drain|[of] p1b: my baby
|move|p1b: my baby|Tera Blast|p2a: Volcarona|[anim] Tera Blast Poison
|-crit|p2a: Volcarona
|-damage|p2a: Volcarona|17/100
|move|p1a: jeff the landshark|Dragon Claw|p2b: Annihilape
|-damage|p2b: Annihilape|62/100
|
|-heal|p1b: my baby|44/100|[from] item: Leftovers
|upkeep
|turn|4
|
|t:|1757693903
|move|p1b: my baby|Protect|p1b: my baby
|-singleturn|p1b: my baby|Protect
|move|p2a: Volcarona|Rage Powder|p2a: Volcarona
|-singleturn|p2a: Volcarona|move: Rage Powder
|move|p2b: Annihilape|Rage Fist|p1b: my baby
|-activate|p1b: my baby|move: Protect
|move|p1a: jeff the landshark|Rock Slide|p2a: Volcarona|[spread] p2a,p2b
|-supereffective|p2a: Volcarona
|-resisted|p2b: Annihilape
|-damage|p2a: Volcarona|0 fnt
|-damage|p2b: Annihilape|57/100
|faint|p2a: Volcarona
|
|-heal|p1b: my baby|50/100|[from] item: Leftovers
|-sideend|p2: itbeasher|move: Tailwind
|upkeep
|
|t:|1757693907
|switch|p2a: Baxcalibur|Baxcalibur, L50, F|100/100
|turn|5
|
|t:|1757693922
|-terastallize|p2a: Baxcalibur|Ghost
|move|p1b: my baby|Leaf Storm|p2b: Annihilape
|-damage|p2b: Annihilape|25/100
|-boost|p1b: my baby|spa|2
|move|p1a: jeff the landshark|Rock Slide|p2b: Annihilape|[spread] p2a,p2b
|-resisted|p2b: Annihilape
|-damage|p2a: Baxcalibur|80/100
|-damage|p2b: Annihilape|21/100
|move|p2a: Baxcalibur|Icicle Spear|p1a: jeff the landshark
|-supereffective|p1a: jeff the landshark
|-damage|p1a: jeff the landshark|61/100
|-supereffective|p1a: jeff the landshark
|-damage|p1a: jeff the landshark|25/100
|-supereffective|p1a: jeff the landshark
|-damage|p1a: jeff the landshark|0 fnt
|faint|p1a: jeff the landshark
|-hitcount|p1: jeff the landshark|3
|move|p2b: Annihilape|Rage Fist|p1b: my baby
|-damage|p1b: my baby|0 fnt
|faint|p1b: my baby
|
|upkeep
|-message|beppe_brescia forfeited.
|
|win|itbeasher
|l|☆beppe_brescia
|player|p1|
|raw|beppe_brescia's rating: 1091 → 1068(-23 for losing)
|raw|itbeasher's rating: 1098 → 1123(+25 for winning)
|l|☆itbeasher
|player|p2|
