|j|☆psychic system
|j|☆panqueca25
|html|psychic systempanqueca25    
|uhtml|bestof|Game 1 of a best-of-3
|t:|1757687948
|gametype|doubles
|player|p1|psychic system|dawn|1328
|player|p2|panqueca25|101|1342
|gen|9
|tier|[Gen 9] VGC 2025 Reg H (Bo3)
|rated|
|rule|Species Clause: Limit one of each Pokémon
|rule|Item Clause: Limit 1 of each item
|clearpoke
|poke|p1|Incineroar, L50, M|
|poke|p1|Florges, L50, F|
|poke|p1|Amoonguss, L50, F|
|poke|p1|Pelipper, L50, F|
|poke|p1|Garchomp, L50, M|
|poke|p1|Rillaboom, L50, F|
|poke|p2|Murkrow, L50, F|
|poke|p2|Gholdengo, L50|
|poke|p2|Dondozo, L50, M|
|poke|p2|Tatsugiri, L50, F|
|poke|p2|Clefable, L50, F|
|poke|p2|Incineroar, L50, F|
|teampreview|4
|showteam|p1|Incineroar||SafetyGoggles|Intimidate|FakeOut,KnockOff,FlareBlitz,PartingShot|||M|||50|,,,,,Ghost]Florges||Leftovers|FlowerVeil|Moonblast,DazzlingGleam,CalmMind,Protect|||F|||50|,,,,,Poison]Amoonguss||SitrusBerry|Regenerator|ClearSmog,Spore,PollenPuff,RagePowder|||F|||50|,,,,,Water]Pelipper||ChoiceScarf|Drizzle|MuddyWater,Hurricane,IcyWind,WeatherBall|||F|||50|,,,,,Water]Garchomp||ClearAmulet|RoughSkin|StompingTantrum,DragonClaw,SwordsDance,Protect|||M|||50|,,,,,Poison]Rillaboom||AssaultVest|GrassySurge|DrumBeating,GrassyGlide,HighHorsepower,FakeOut|||F|||50|,,,,,Fire
|showteam|p2|Murkrow||Eviolite|Prankster|Tailwind,FoulPlay,Taunt,Haze|||F|||50|,,,,,Ghost]Gholdengo||ChoiceSpecs|GoodasGold|MakeItRain,PowerGem,ShadowBall,Thunderbolt||||||50|,,,,,Steel]Dondozo||Leftovers|Unaware|WaveCrash,Earthquake,OrderUp,Protect|||M|||50|,,,,,Grass]Tatsugiri||FocusSash|Commander|DracoMeteor,IcyWind,MuddyWater,Protect|||F|||50|,,,,,Stellar]Clefable||RockyHelmet|Unaware|Moonblast,FollowMe,Encore,Protect|||F|||50|,,,,,Ghost]Incineroar||SafetyGoggles|Intimidate|FlareBlitz,KnockOff,PartingShot,FakeOut|||F|||50|,,,,,Ghost
|inactive|Battle timer is ON: inactive players will automatically lose when time's up. (requested by panqueca25)
|inactive|psychic system has 60 seconds left.
|inactive|psychic system has 30 seconds left.
|inactive|psychic system has 20 seconds left.
|inactive|psychic system has 15 seconds left.
|inactive|psychic system has 10 seconds left.
|
|t:|1757688029
|teamsize|p1|4
|teamsize|p2|4
|start
|switch|p1a: Rillaboom|Rillaboom, L50, F|100/100
|switch|p1b: Incineroar|Incineroar, L50, M|100/100
|switch|p2a: Murkrow|Murkrow, L50, F|100/100
|switch|p2b: Gholdengo|Gholdengo, L50|100/100
|-fieldstart|move: Grassy Terrain|[from] ability: Grassy Surge|[of] p1a: Rillaboom
|-ability|p1b: Incineroar|Intimidate|boost
|-unboost|p2a: Murkrow|atk|1
|-unboost|p2b: Gholdengo|atk|1
|turn|1
|inactive|psychic system has 30 seconds left.
|inactive|psychic system has 20 seconds left.
|
|t:|1757688065
|move|p2b: Gholdengo|Power Gem|p1b: Incineroar
|-supereffective|p1b: Incineroar
|-damage|p1b: Incineroar|10/100
|move|p2a: Murkrow|Foul Play|p1a: Rillaboom
|-damage|p1a: Rillaboom|55/100
|move|p1a: Rillaboom|High Horsepower|p2b: Gholdengo
|-supereffective|p2b: Gholdengo
|-damage|p2b: Gholdengo|24/100
|move|p1b: Incineroar|Knock Off|p2a: Murkrow
|-resisted|p2a: Murkrow
|-damage|p2a: Murkrow|78/100
|-enditem|p2a: Murkrow|Eviolite|[from] move: Knock Off|[of] p1b: Incineroar
|
|-heal|p2b: Gholdengo|30/100|[from] Grassy Terrain
|-heal|p1a: Rillaboom|61/100|[from] Grassy Terrain
|-heal|p1b: Incineroar|16/100|[from] Grassy Terrain
|upkeep
|turn|2
|
|t:|1757688089
|switch|p1b: Florges|Florges, L50, F|100/100
|move|p2b: Gholdengo|Power Gem|p1b: Florges
|-damage|p1b: Florges|65/100
|move|p2a: Murkrow|Foul Play|p1a: Rillaboom
|-damage|p1a: Rillaboom|15/100
|move|p1a: Rillaboom|Drum Beating|p2a: Murkrow
|-resisted|p2a: Murkrow
|-damage|p2a: Murkrow|35/100
|-unboost|p2a: Murkrow|spe|1
|
|-heal|p2b: Gholdengo|36/100|[from] Grassy Terrain
|-heal|p1b: Florges|72/100|[from] Grassy Terrain
|-heal|p1b: Florges|78/100|[from] item: Leftovers
|-heal|p1a: Rillaboom|20/100|[from] Grassy Terrain
|upkeep
|turn|3
|
|t:|1757688109
|switch|p1a: Incineroar|Incineroar, L50, M|16/100
|-ability|p1a: Incineroar|Intimidate|boost
|-unboost|p2a: Murkrow|atk|1
|-unboost|p2b: Gholdengo|atk|1
|move|p2a: Murkrow|Taunt|p1b: Florges
|-start|p1b: Florges|move: Taunt
|move|p2b: Gholdengo|Power Gem|p1a: Incineroar
|-supereffective|p1a: Incineroar
|-damage|p1a: Incineroar|0 fnt
|faint|p1a: Incineroar
|move|p1b: Florges|Dazzling Gleam|p2b: Gholdengo|[spread] p2a,p2b
|-supereffective|p2a: Murkrow
|-resisted|p2b: Gholdengo
|-damage|p2a: Murkrow|0 fnt
|-damage|p2b: Gholdengo|21/100
|faint|p2a: Murkrow
|
|-heal|p2b: Gholdengo|28/100|[from] Grassy Terrain
|-heal|p1b: Florges|84/100|[from] Grassy Terrain
|-heal|p1b: Florges|90/100|[from] item: Leftovers
|upkeep
|
|t:|1757688128
|switch|p2a: Dondozo|Dondozo, L50, M|100/100
|switch|p1a: Rillaboom|Rillaboom, L50, F|20/100
|turn|4
|
|t:|1757688153
|switch|p2b: Tatsugiri|Tatsugiri, L50, F|100/100
|-activate|p2b: Tatsugiri|ability: Commander|[of] p2a: Dondozo
|-boost|p2a: Dondozo|atk|2
|-boost|p2a: Dondozo|spa|2
|-boost|p2a: Dondozo|spe|2
|-boost|p2a: Dondozo|def|2
|-boost|p2a: Dondozo|spd|2
|-terastallize|p2a: Dondozo|Grass
|move|p1a: Rillaboom|Fake Out|p2a: Dondozo
|-damage|p2a: Dondozo|95/100
|cant|p2a: Dondozo|flinch
|move|p1b: Florges|Moonblast|p2b: Tatsugiri|[miss]
|-miss|p1b: Florges|p2b: Tatsugiri
|
|-heal|p2a: Dondozo|100/100|[from] Grassy Terrain
|-heal|p1b: Florges|97/100|[from] Grassy Terrain
|-heal|p1b: Florges|100/100|[from] item: Leftovers
|-heal|p1a: Rillaboom|26/100|[from] Grassy Terrain
|upkeep
|turn|5
|inactive|psychic system has 30 seconds left.
|
|t:|1757688184
|switch|p1b: Amoonguss|Amoonguss, L50, F|100/100
|move|p2a: Dondozo|Order Up|p1a: Rillaboom
|-damage|p1a: Rillaboom|0 fnt
|faint|p1a: Rillaboom
|-boost|p2a: Dondozo|atk|1
|
|-fieldend|move: Grassy Terrain
|upkeep
|
|t:|1757688188
|switch|p1a: Florges|Florges, L50, F|100/100
|turn|6
|
|t:|1757688211
|move|p2a: Dondozo|Order Up|p1b: Amoonguss
|-damage|p1b: Amoonguss|54/100
|-boost|p2a: Dondozo|atk|1
|move|p1a: Florges|Calm Mind|p1a: Florges
|-boost|p1a: Florges|spa|1
|-boost|p1a: Florges|spd|1
|move|p1b: Amoonguss|Clear Smog|p2a: Dondozo
|-supereffective|p2a: Dondozo
|-damage|p2a: Dondozo|82/100
|-clearboost|p2a: Dondozo
|
|-heal|p2a: Dondozo|88/100|[from] item: Leftovers
|upkeep
|turn|7
|
|t:|1757688233
|move|p1a: Florges|Moonblast|p2a: Dondozo
|-damage|p2a: Dondozo|48/100
|move|p2a: Dondozo|Wave Crash|p1a: Florges
|-damage|p1a: Florges|44/100
|-damage|p2a: Dondozo|33/100|[from] Recoil
|move|p1b: Amoonguss|Clear Smog|p2a: Dondozo
|-supereffective|p2a: Dondozo
|-damage|p2a: Dondozo|3/100
|-clearboost|p2a: Dondozo
|
|-heal|p1a: Florges|50/100|[from] item: Leftovers
|-heal|p2a: Dondozo|9/100|[from] item: Leftovers
|upkeep
|turn|8
|
|t:|1757688254
|move|p1b: Amoonguss|Rage Powder|p1b: Amoonguss
|-singleturn|p1b: Amoonguss|move: Rage Powder
|move|p1a: Florges|Calm Mind|p1a: Florges
|-boost|p1a: Florges|spa|1
|-boost|p1a: Florges|spd|1
|move|p2a: Dondozo|Order Up|p1a: Florges
|-immune|p1a: Florges
|
|-heal|p1a: Florges|56/100|[from] item: Leftovers
|-heal|p2a: Dondozo|15/100|[from] item: Leftovers
|upkeep
|turn|9
|
|t:|1757688278
|move|p1a: Florges|Dazzling Gleam|p2a: Dondozo|[spread] p2a
|-miss|p1a: Florges|p2b: Tatsugiri
|-damage|p2a: Dondozo|0 fnt
|faint|p2a: Dondozo
|move|p1b: Amoonguss|Pollen Puff|p1a: Florges
|-heal|p1a: Florges|100/100
|
|upkeep
|
|t:|1757688281
|switch|p2a: Gholdengo|Gholdengo, L50|28/100
|turn|10
|
|t:|1757688300
|-terastallize|p1a: Florges|Poison
|move|p2b: Tatsugiri|Muddy Water|p1b: Amoonguss|[spread] p1a,p1b
|-resisted|p1b: Amoonguss
|-damage|p1a: Florges|88/100
|-damage|p1b: Amoonguss|38/100
|-unboost|p1a: Florges|accuracy|1
|-enditem|p1b: Amoonguss|Sitrus Berry|[eat]
|-heal|p1b: Amoonguss|63/100|[from] item: Sitrus Berry
|move|p2a: Gholdengo|Make It Rain|p1a: Florges|[spread] p1a,p1b
|-damage|p1a: Florges|60/100
|-damage|p1b: Amoonguss|0 fnt
|-unboost|p2a: Gholdengo|spa|1
|faint|p1b: Amoonguss
|move|p1a: Florges|Dazzling Gleam|p2a: Gholdengo|[spread] p2a,p2b
|-resisted|p2a: Gholdengo
|-supereffective|p2b: Tatsugiri
|-damage|p2a: Gholdengo|0 fnt
|-enditem|p2b: Tatsugiri|Focus Sash
|-damage|p2b: Tatsugiri|1/100
|faint|p2a: Gholdengo
|
|-heal|p1a: Florges|66/100|[from] item: Leftovers
|upkeep
|turn|11
|-message|panqueca25 forfeited.
|
|win|psychic system
|l|☆panqueca25
|player|p2|
||panqueca25 is ready for game 2.
||psychic system is ready for game 2.
|uhtml|next|Next: Game 2 of 3
