|j|☆CiccioCT29
|j|☆AndrewsWho
|html|CiccioCT29AndrewsWho    
|uhtml|bestof|Game 3 of a best-of-3
|t:|1785874306
|gametype|doubles
|player|p1|CiccioCT29|alder|
|player|p2|AndrewsWho|birdkeeper|
|gen|9
|tier|[Gen 9 Champions] VGC 2026 Reg M-B (Bo3)
|rule|Species Clause: Limit one of each Pokémon
|rule|Item Clause: Limit 1 of each item
|clearpoke
|poke|p1|Raichu, L50, F|
|poke|p1|Arcanine-Hisui, L50, F|
|poke|p1|Staraptor, L50, F|
|poke|p1|Farigiraf, L50, M|
|poke|p1|Sylveon, L50, M|
|poke|p1|Kingambit, L50, M|
|poke|p2|Tyranitar, L50, M|
|poke|p2|Staraptor, L50, F|
|poke|p2|Excadrill, L50, M|
|poke|p2|Sinistcha, L50|
|poke|p2|Gholdengo, L50|
|poke|p2|Milotic, L50, F|
|teampreview|4
|showteam|p1|Raichu||RaichuniteY|LightningRod|FakeOut,ZapCannon,FocusBlast,Protect|Timid||F|||50|]Arcanine-Hisui||FocusSash|RockHead|HeadSmash,FlareBlitz,ExtremeSpeed,Protect|Jolly||F|||50|]Staraptor||Staraptite|Intimidate|DualWingbeat,CloseCombat,Tailwind,Protect|Jolly||F|||50|]Farigiraf||SitrusBerry|ArmorTail|Psychic,HelpingHand,TrickRoom,Protect|Calm||M|||50|]Sylveon||FairyFeather|Pixilate|HyperVoice,HyperBeam,QuickAttack,Detect|Modest||M|||50|]Kingambit||LifeOrb|Defiant|KowtowCleave,SwordsDance,SuckerPunch,Protect|Adamant||M|||50|
|showteam|p2|Tyranitar||Tyranitarite|SandStream|KnockOff,RockSlide,Protect,LowKick|Jolly||M|||50|]Staraptor||Staraptite|Intimidate|BraveBird,CloseCombat,Protect,Tailwind|Jolly||F|||50|]Excadrill||FocusSash|SandRush|HighHorsepower,IronHead,RockSlide,Protect|Adamant||M|||50|]Sinistcha||ColburBerry|Hospitality|MatchaGotcha,RagePowder,ShadowBall,Protect|Calm|||||50|]Gholdengo||LifeOrb|GoodasGold|MakeItRain,NastyPlot,Protect,ShadowBall|Modest|||||50|]Milotic||SitrusBerry|Competitive|Scald,IcyWind,Protect,IceBeam|Modest||F|||50|
|inactive|Battle timer is ON: inactive players will automatically lose when time's up. (requested by CiccioCT29)
|j| micheal hilittle
|inactiveoff|Battle timer is now OFF.
|j| crudo de fava
|j| Doomnik
|j| Shaquille O Nell
|
|t:|1785874374
|teamsize|p1|4
|teamsize|p2|4
|start
|switch|p1a: Arcanine|Arcanine-Hisui, L50, F|100/100
|switch|p1b: Raichu|Raichu, L50, F|100/100
|switch|p2a: Milotic|Milotic, L50, F|100/100
|switch|p2b: Excadrill|Excadrill, L50, M|100/100
|turn|1
|
|t:|1785874414
|detailschange|p1b: Raichu|Raichu-Mega-Y, L50, F
|-mega|p1b: Raichu|Raichu|Raichunite Y
|move|p2b: Excadrill|Protect|p2b: Excadrill
|-singleturn|p2b: Excadrill|Protect
|move|p1b: Raichu|Fake Out|p2b: Excadrill
|-activate|p2b: Excadrill|move: Protect
|move|p1a: Arcanine|Head Smash|p2a: Milotic|[miss]
|-miss|p1a: Arcanine|p2a: Milotic
|move|p2a: Milotic|Scald|p1a: Arcanine
|-supereffective|p1a: Arcanine|2
|-enditem|p1a: Arcanine|Focus Sash
|-damage|p1a: Arcanine|1/100
|
|upkeep
|turn|2
|
|t:|1785874430
|switch|p2a: Tyranitar|Tyranitar, L50, M|100/100
|-weather|Sandstorm|[from] ability: Sand Stream|[of] p2a: Tyranitar
|move|p1b: Raichu|Protect|p1b: Raichu
|-singleturn|p1b: Raichu|Protect
|move|p2b: Excadrill|High Horsepower|p1b: Raichu
|-activate|p1b: Raichu|move: Protect
|move|p1a: Arcanine|Flare Blitz|p2b: Excadrill
|-supereffective|p2b: Excadrill|1
|-crit|p2b: Excadrill
|-enditem|p2b: Excadrill|Focus Sash
|-damage|p2b: Excadrill|1/100
|
|-weather|Sandstorm|[upkeep]
|-damage|p1b: Raichu|94/100|[from] Sandstorm
|upkeep
|turn|3
|
|t:|1785874451
|switch|p2a: Sinistcha|Sinistcha, L50|100/100
|-heal|p2b: Excadrill|25/100|[from] ability: Hospitality|[of] p2a: Sinistcha
|move|p1a: Arcanine|Extreme Speed|p2b: Excadrill
|-resisted|p2b: Excadrill|1
|-damage|p2b: Excadrill|8/100
|move|p2b: Excadrill|High Horsepower|p1b: Raichu
|-supereffective|p1b: Raichu|1
|-damage|p1b: Raichu|0 fnt
|faint|p1b: Raichu
|
|-weather|Sandstorm|[upkeep]
|-damage|p2a: Sinistcha|94/100|[from] Sandstorm
|upkeep
|
|t:|1785874469
|switch|p1b: Kingambit|Kingambit, L50, M|100/100
|turn|4
|
|t:|1785874487
|move|p2a: Sinistcha|Protect|p2a: Sinistcha
|-singleturn|p2a: Sinistcha|Protect
|move|p2b: Excadrill|Rock Slide|p1a: Arcanine|[spread] p1a,p1b
|-supereffective|p1a: Arcanine|1
|-resisted|p1b: Kingambit|1
|-damage|p1a: Arcanine|0 fnt
|-damage|p1b: Kingambit|91/100
|faint|p1a: Arcanine
|move|p1b: Kingambit|Kowtow Cleave|p2b: Excadrill
|-crit|p2b: Excadrill
|-damage|p2b: Excadrill|0 fnt
|faint|p2b: Excadrill
|-damage|p1b: Kingambit|81/100|[from] item: Life Orb
|
|-weather|Sandstorm|[upkeep]
|-damage|p2a: Sinistcha|88/100|[from] Sandstorm
|upkeep
|
|t:|1785874500
|switch|p1a: Sylveon|Sylveon, L50, M|100/100
|switch|p2b: Tyranitar|Tyranitar, L50, M|100/100
|turn|5
|
|t:|1785874550
|detailschange|p2b: Tyranitar|Tyranitar-Mega, L50, M
|-mega|p2b: Tyranitar|Tyranitar|Tyranitarite
|move|p1b: Kingambit|Protect|p1b: Kingambit
|-singleturn|p1b: Kingambit|Protect
|move|p2b: Tyranitar|Low Kick|p1b: Kingambit
|-activate|p1b: Kingambit|move: Protect
|move|p2a: Sinistcha|Matcha Gotcha|p1a: Sylveon|[spread] p1a
|-activate|p1b: Kingambit|move: Protect
|-damage|p1a: Sylveon|81/100
|-heal|p2a: Sinistcha|98/100|[from] drain|[of] p1a: Sylveon
|move|p1a: Sylveon|Hyper Voice|p2b: Tyranitar|[spread] p2a,p2b
|-supereffective|p2b: Tyranitar|1
|-damage|p2a: Sinistcha|49/100
|-damage|p2b: Tyranitar|47/100
|
|-weather|Sandstorm|[upkeep]
|-damage|p2a: Sinistcha|44/100|[from] Sandstorm
|-damage|p1a: Sylveon|75/100|[from] Sandstorm
|upkeep
|turn|6
|
|t:|1785874575
|move|p2a: Sinistcha|Protect|p2a: Sinistcha
|-singleturn|p2a: Sinistcha|Protect
|move|p1b: Kingambit|Protect|p1b: Kingambit
|-singleturn|p1b: Kingambit|Protect
|move|p2b: Tyranitar|Low Kick|p1b: Kingambit
|-activate|p1b: Kingambit|move: Protect
|move|p1a: Sylveon|Hyper Voice|p2a: Sinistcha|[spread] p2b
|-activate|p2a: Sinistcha|move: Protect
|-supereffective|p2b: Tyranitar|1
|-damage|p2b: Tyranitar|0 fnt
|faint|p2b: Tyranitar
|
|-weather|none
|upkeep
|
|t:|1785874586
|switch|p2b: Milotic|Milotic, L50, F|100/100
|turn|7
|
|t:|1785874601
|move|p1b: Kingambit|Sucker Punch|p2a: Sinistcha
|-supereffective|p2a: Sinistcha|1
|-enditem|p2a: Sinistcha|Colbur Berry|[eat]
|-enditem|p2a: Sinistcha|Colbur Berry|[weaken]
|-damage|p2a: Sinistcha|4/100
|-damage|p1b: Kingambit|72/100|[from] item: Life Orb
|move|p2b: Milotic|Scald|p1b: Kingambit
|-damage|p1b: Kingambit|46/100
|move|p2a: Sinistcha|Matcha Gotcha|p1b: Kingambit|[spread] p1b
|-miss|p2a: Sinistcha|p1a: Sylveon
|-resisted|p1b: Kingambit|1
|-damage|p1b: Kingambit|35/100
|-heal|p2a: Sinistcha|10/100|[from] drain|[of] p1b: Kingambit
|move|p1a: Sylveon|Hyper Voice|p2b: Milotic|[spread] p2a,p2b
|-damage|p2a: Sinistcha|0 fnt
|-damage|p2b: Milotic|65/100
|faint|p2a: Sinistcha
|
|upkeep
|turn|8
|-message|AndrewsWho forfeited.
|
|win|CiccioCT29
|c|☆CiccioCT29|ggs
|c|☆AndrewsWho|Gg
|l| Doomnik
|l|☆AndrewsWho
|player|p2|
|j|☆AndrewsWho
|player|p2|AndrewsWho|birdkeeper|
|l| Shaquille O Nell
|l|☆AndrewsWho
|player|p2|
|j| Triad27
|l| crudo de fava
|l| micheal hilittle
|j| micheal hilittle
