|j|☆MinasDevilCrobats
|j|☆Flareblitz54
|html|MinasDevilCrobatsFlareblitz54    
|uhtml|bestof|Game 3 of a best-of-3
|t:|1756511637
|gametype|doubles
|player|p1|MinasDevilCrobats|darach-caitlin|1118
|player|p2|Flareblitz54|gladion|1200
|gen|9
|tier|[Gen 9] VGC 2025 Reg H (Bo3)
|rated|
|rule|Species Clause: Limit one of each Pokémon
|rule|Item Clause: Limit 1 of each item
|clearpoke
|poke|p1|Indeedee, L50, M|
|poke|p1|Sneasler, L50, F|
|poke|p1|Ursaluna-Bloodmoon, L50, M|
|poke|p1|Pelipper, L50, M|
|poke|p1|Archaludon, L50, F|
|poke|p1|Basculegion, L50, M|
|poke|p2|Ursaluna, L50, F|
|poke|p2|Amoonguss, L50, M|
|poke|p2|Gholdengo, L50|
|poke|p2|Incineroar, L50, M|
|poke|p2|Dragapult, L50, M|
|poke|p2|Farigiraf, L50, F|
|teampreview|4
|showteam|p1|Indeedee||ChoiceScarf|PsychicSurge|ExpandingForce,DazzlingGleam,Trick,Protect|||M|||50|,,,,,Psychic]Sneasler||PsychicSeed|Unburden|CloseCombat,DireClaw,ThroatChop,Protect|||F|||50|,,,,,Dark]Ursaluna-Bloodmoon||LifeOrb|MindsEye|BloodMoon,HyperVoice,EarthPower,Protect|||M|||50|,,,,,Normal]Pelipper||FocusSash|Drizzle|Hurricane,WeatherBall,Tailwind,Protect|||M|||50|,,,,,Ghost]Archaludon||AssaultVest|Stamina|ElectroShot,BodyPress,FlashCannon,DracoMeteor|||F|||50|,,,,,Grass]Basculegion||ChoiceBand|SwiftSwim|WaveCrash,LastRespects,FlipTurn,AquaJet|||M|||50|,,,,,Ghost
|showteam|p2|Ursaluna||FlameOrb|Guts|HeadlongRush,Facade,Earthquake,Protect|||F|||50|,,,,,Ghost]Amoonguss||RockyHelmet|Regenerator|Spore,RagePowder,PollenPuff,Protect|||M|||50|,,,,,Water]Gholdengo||MetalCoat|GoodasGold|MakeItRain,ShadowBall,NastyPlot,Protect||||||50|,,,,,Water]Incineroar||AssaultVest|Intimidate|KnockOff,FlareBlitz,FakeOut,Uturn|||M|||50|,,,,,Ghost]Dragapult||ChoiceBand|ClearBody|DragonDarts,PhantomForce,Outrage,Uturn|||M|||50|,,,,,Dragon]Farigiraf||SitrusBerry|ArmorTail|ExpandingForce,HelpingHand,Imprison,TrickRoom|||F|||50|,,,,,Water
|inactive|Battle timer is ON: inactive players will automatically lose when time's up. (requested by Flareblitz54)
|
|t:|1756511646
|teamsize|p1|4
|teamsize|p2|4
|start
|switch|p1a: Pelipper|Pelipper, L50, M|100/100
|switch|p1b: Archaludon|Archaludon, L50, F|100/100
|switch|p2a: StringCheese|Gholdengo, L50|100/100
|switch|p2b: AMOONGUSS??!|Amoonguss, L50, M|100/100
|-weather|RainDance|[from] ability: Drizzle|[of] p1a: Pelipper
|turn|1
|
|t:|1756511662
|-terastallize|p1b: Archaludon|Grass
|move|p2b: AMOONGUSS??!|Rage Powder|p2b: AMOONGUSS??!
|-singleturn|p2b: AMOONGUSS??!|move: Rage Powder
|move|p2a: StringCheese|Nasty Plot|p2a: StringCheese
|-boost|p2a: StringCheese|spa|2
|move|p1a: Pelipper|Hurricane|p2b: AMOONGUSS??!
|-supereffective|p2b: AMOONGUSS??!
|-damage|p2b: AMOONGUSS??!|8/100
|-start|p2b: AMOONGUSS??!|confusion
|move|p1b: Archaludon|Electro Shot||[still]
|-prepare|p1b: Archaludon|Electro Shot
|-boost|p1b: Archaludon|spa|1
|-anim|p1b: Archaludon|Electro Shot|p2a: StringCheese
|-damage|p2a: StringCheese|30/100
|
|-weather|RainDance|[upkeep]
|upkeep
|turn|2
|inactive|Flareblitz54 has 30 seconds left.
|
|t:|1756511693
|switch|p2b: Farigiraf|Farigiraf, L50, F|100/100
|move|p2a: StringCheese|Make It Rain|p1b: Archaludon|[spread] p1a,p1b
|-resisted|p1a: Pelipper
|-enditem|p1a: Pelipper|Focus Sash
|-damage|p1a: Pelipper|1/100
|-damage|p1b: Archaludon|18/100
|-unboost|p2a: StringCheese|spa|1
|-ability|p1b: Archaludon|Stamina|boost
|-boost|p1b: Archaludon|def|1
|move|p1a: Pelipper|Tailwind|p1a: Pelipper
|-sidestart|p1: MinasDevilCrobats|move: Tailwind
|move|p1b: Archaludon|Electro Shot||[still]
|-prepare|p1b: Archaludon|Electro Shot
|-boost|p1b: Archaludon|spa|1
|-anim|p1b: Archaludon|Electro Shot|p2a: StringCheese
|-damage|p2a: StringCheese|0 fnt
|faint|p2a: StringCheese
|
|-weather|RainDance|[upkeep]
|upkeep
|
|t:|1756511701
|switch|p2a: AMOONGUSS??!|Amoonguss, L50, M|41/100
|turn|3
|
|t:|1756511710
|-terastallize|p2a: AMOONGUSS??!|Water
|move|p1a: Pelipper|Hurricane|p2a: AMOONGUSS??!
|-damage|p2a: AMOONGUSS??!|0 fnt
|faint|p2a: AMOONGUSS??!
|move|p1b: Archaludon|Draco Meteor|p2b: Farigiraf
|-damage|p2b: Farigiraf|10/100
|-unboost|p1b: Archaludon|spa|2
|-enditem|p2b: Farigiraf|Sitrus Berry|[eat]
|-heal|p2b: Farigiraf|35/100|[from] item: Sitrus Berry
|move|p2b: Farigiraf|Trick Room|p2b: Farigiraf
|-fieldstart|move: Trick Room|[of] p2b: Farigiraf
|
|-weather|RainDance|[upkeep]
|upkeep
|
|t:|1756511717
|switch|p2a: Bonk x2!|Dragapult, L50, M|100/100
|turn|4
|inactive|MinasDevilCrobats has 30 seconds left.
|
|t:|1756511742
|move|p2b: Farigiraf|Helping Hand|p2a: Bonk x2!
|-singleturn|p2a: Bonk x2!|Helping Hand|[of] p2b: Farigiraf
|move|p1a: Pelipper|Protect|p1a: Pelipper
|-singleturn|p1a: Pelipper|Protect
|move|p2a: Bonk x2!|Dragon Darts|p1b: Archaludon
|-damage|p1b: Archaludon|0 fnt
|faint|p1b: Archaludon
|
|-weather|RainDance|[upkeep]
|upkeep
|
|t:|1756511749
|switch|p1b: Ursaluna|Ursaluna-Bloodmoon, L50, M|100/100
|turn|5
|
|t:|1756511757
|move|p2a: Bonk x2!|Dragon Darts|p1b: Ursaluna
|-damage|p1b: Ursaluna|66/100
|-anim|p2a: Bonk x2!|Dragon Darts|p1a: Pelipper
|-damage|p1a: Pelipper|0 fnt
|faint|p1a: Pelipper
|move|p1b: Ursaluna|Blood Moon|p2a: Bonk x2!
|-damage|p2a: Bonk x2!|0 fnt
|faint|p2a: Bonk x2!
|-damage|p1b: Ursaluna|56/100|[from] item: Life Orb
|move|p2b: Farigiraf|Trick Room|p2b: Farigiraf
|-fieldend|move: Trick Room
|
|-weather|none
|-sideend|p1: MinasDevilCrobats|move: Tailwind
|upkeep
|
|t:|1756511768
|switch|p1a: Basculegion|Basculegion, L50, M|100/100
|turn|6
|-message|Flareblitz54 forfeited.
|
|win|MinasDevilCrobats
|raw|MinasDevilCrobats's rating: 1118 → 1149(+31 for winning)
|raw|Flareblitz54's rating: 1200 → 1169(-31 for losing)
|l|☆Flareblitz54
|player|p2|
|l|☆MinasDevilCrobats
|player|p1|
|j|☆MinasDevilCrobats
|player|p1|MinasDevilCrobats|darach-caitlin|
