|j|☆Marvcolor
|j|☆circuitosomador
|html|Marvcolorcircuitosomador    
|uhtml|bestof|Game 1 of a best-of-3
|t:|1784087550
|gametype|doubles
|player|p1|Marvcolor|giovanni|1318
|player|p2|circuitosomador|norman|1373
|gen|9
|tier|[Gen 9 Champions] VGC 2026 Reg M-B (Bo3)
|rated|
|rule|Species Clause: Limit one of each Pokémon
|rule|Item Clause: Limit 1 of each item
|clearpoke
|poke|p1|Gengar, L50, M, shiny|
|poke|p1|Politoed, L50, F, shiny|
|poke|p1|Archaludon, L50, F, shiny|
|poke|p1|Swampert, L50, M, shiny|
|poke|p1|Incineroar, L50, F, shiny|
|poke|p1|Vivillon, L50, F, shiny|
|poke|p2|Charizard, L50, M|
|poke|p2|Floette-Eternal, L50, F|
|poke|p2|Whimsicott, L50, F|
|poke|p2|Garchomp, L50, M|
|poke|p2|Basculegion, L50, M|
|poke|p2|Kingambit, L50, F|
|teampreview|4
|showteam|p1|Gengar||Gengarite|CursedBody|ShadowBall,SludgeBomb,PerishSong,Protect|Timid||M|||50|]Politoed||SitrusBerry|Drizzle|WeatherBall,PerishSong,Encore,Protect|Calm||F|||50|]Archaludon||Leftovers|Stamina|ElectroShot,DragonPulse,FlashCannon,Protect|Bold||F|||50|]Swampert||Swampertite|Damp|WaveCrash,Earthquake,IcePunch,Protect|Adamant||M|||50|]Incineroar||PasshoBerry|Intimidate|ThroatChop,PartingShot,Protect,FakeOut|Sassy||F|||50|]Vivillon||FocusSash|CompoundEyes|Hurricane,SleepPowder,RagePowder,Protect|Timid||F|||50|
|showteam|p2|Charizard||CharizarditeY|Blaze|WeatherBall,SolarBeam,HeatWave,Protect|Modest||M|||50|]Floette-Eternal||Floettite|FlowerVeil|Moonblast,DazzlingGleam,LightofRuin,Protect|Modest||F|||50|]Whimsicott||FocusSash|Prankster|Moonblast,Encore,Tailwind,Protect|Timid||F|||50|]Garchomp||SitrusBerry|RoughSkin|DragonClaw,StompingTantrum,RockSlide,Protect|Adamant||M|||50|]Basculegion||ChoiceScarf|Adaptability|WaveCrash,LastRespects,AquaJet,FlipTurn|Jolly||M|||50|]Kingambit||LifeOrb|Defiant|KowtowCleave,IronHead,SuckerPunch,LowKick|Adamant||F|||50|
|inactive|Battle timer is ON: inactive players will automatically lose when time's up. (requested by Marvcolor)
|inactive|Marvcolor has 60 seconds left.
|
|t:|1784087589
|teamsize|p1|4
|teamsize|p2|4
|start
|switch|p1a: 3R|Swampert, L50, M, shiny|100/100
|switch|p1b: Time Walk|Vivillon, L50, F, shiny|100/100
|switch|p2a: Floette|Floette-Eternal, L50, F|100/100
|switch|p2b: Whimsicott|Whimsicott, L50, F|100/100
|turn|1
|inactive|Marvcolor has 30 seconds left.
|inactive|Marvcolor has 20 seconds left.
|
|t:|1784087628
|detailschange|p1a: 3R|Swampert-Mega, L50, M, shiny
|-mega|p1a: 3R|Swampert|Swampertite
|move|p2a: Floette|Protect|p2a: Floette
|-singleturn|p2a: Floette|Protect
|move|p2b: Whimsicott|Tailwind|p2b: Whimsicott
|-sidestart|p2: circuitosomador|move: Tailwind
|move|p1b: Time Walk|Sleep Powder|p2a: Floette
|-activate|p2a: Floette|move: Protect
|move|p1a: 3R|Ice Punch|p2b: Whimsicott
|-supereffective|p2b: Whimsicott|1
|-damage|p2b: Whimsicott|2/100
|
|upkeep
|turn|2
|inactive|Marvcolor has 30 seconds left.
|
|t:|1784087658
|detailschange|p2a: Floette|Floette-Mega, L50, F
|-mega|p2a: Floette|Floette|Floettite
|-ability|p2a: Floette|Fairy Aura
|move|p2b: Whimsicott|Moonblast|p1b: Time Walk
|-damage|p1b: Time Walk|14/100
|move|p2a: Floette|Dazzling Gleam|p1a: 3R|[spread] p1a,p1b
|-damage|p1a: 3R|57/100
|-damage|p1b: Time Walk|0 fnt
|faint|p1b: Time Walk
|move|p1a: 3R|Earthquake|p2b: Whimsicott|[spread] p2a,p2b
|-resisted|p2b: Whimsicott|1
|-damage|p2a: Floette|47/100
|-damage|p2b: Whimsicott|0 fnt
|faint|p2b: Whimsicott
|
|upkeep
|
|t:|1784087676
|switch|p2b: Basculegion|Basculegion, L50, M|100/100
|switch|p1b: Connect|Politoed, L50, F, shiny|100/100
|-weather|RainDance|[from] ability: Drizzle|[of] p1b: Connect
|turn|3
|
|t:|1784087697
|switch|p2a: Garchomp|Garchomp, L50, M|100/100
|move|p1a: 3R|Protect|p1a: 3R
|-singleturn|p1a: 3R|Protect
|move|p2b: Basculegion|Wave Crash|p1a: 3R
|-activate|p1a: 3R|move: Protect
|move|p1b: Connect|Weather Ball|p2a: Garchomp
|-damage|p2a: Garchomp|53/100
|
|-weather|RainDance|[upkeep]
|upkeep
|turn|4
|inactive|Marvcolor has 30 seconds left.
|
|t:|1784087723
|switch|p1a: Centralian|Archaludon, L50, F, shiny|100/100
|move|p2b: Basculegion|Wave Crash|p1a: Centralian
|-resisted|p1a: Centralian|1
|-damage|p1a: Centralian|63/100
|-ability|p1a: Centralian|Stamina|boost
|-boost|p1a: Centralian|def|1
|-damage|p2b: Basculegion|88/100|[from] Recoil
|move|p2a: Garchomp|Stomping Tantrum|p1a: Centralian
|-supereffective|p1a: Centralian|1
|-damage|p1a: Centralian|26/100
|-ability|p1a: Centralian|Stamina|boost
|-boost|p1a: Centralian|def|1
|move|p1b: Connect|Weather Ball|p2a: Garchomp
|-damage|p2a: Garchomp|6/100
|-enditem|p2a: Garchomp|Sitrus Berry|[eat]
|-heal|p2a: Garchomp|30/100|[from] item: Sitrus Berry
|
|-weather|RainDance|[upkeep]
|-heal|p1a: Centralian|32/100|[from] item: Leftovers
|-sideend|p2: circuitosomador|move: Tailwind
|upkeep
|turn|5
|inactive|Marvcolor has 30 seconds left.
|inactive|circuitosomador has 30 seconds left.
|inactive|Marvcolor has 20 seconds left.
|inactive|circuitosomador has 20 seconds left.
|inactive|Marvcolor has 15 seconds left.
|inactive|circuitosomador has 15 seconds left.
|inactive|Marvcolor has 10 seconds left.
|inactive|circuitosomador has 10 seconds left.
|
|t:|1784087773
|move|p2b: Basculegion|Wave Crash|p1a: Centralian
|-resisted|p1a: Centralian|1
|-damage|p1a: Centralian|14/100
|-ability|p1a: Centralian|Stamina|boost
|-boost|p1a: Centralian|def|1
|-damage|p2b: Basculegion|82/100|[from] Recoil
|move|p2a: Garchomp|Stomping Tantrum|p1a: Centralian
|-supereffective|p1a: Centralian|1
|-damage|p1a: Centralian|0 fnt
|faint|p1a: Centralian
|move|p1b: Connect|Weather Ball|p2b: Basculegion
|-resisted|p2b: Basculegion|1
|-crit|p2b: Basculegion
|-damage|p2b: Basculegion|43/100
|
|-weather|RainDance|[upkeep]
|upkeep
|
|t:|1784087785
|switch|p1a: 3R|Swampert-Mega, L50, M, shiny|57/100
|turn|6
|
|t:|1784087794
|move|p2a: Garchomp|Protect|p2a: Garchomp
|-singleturn|p2a: Garchomp|Protect
|move|p1b: Connect|Protect|p1b: Connect
|-singleturn|p1b: Connect|Protect
|move|p1a: 3R|Earthquake|p2b: Basculegion|[spread] p2b
|-activate|p1b: Connect|move: Protect
|-activate|p2a: Garchomp|move: Protect
|-damage|p2b: Basculegion|0 fnt
|faint|p2b: Basculegion
|
|-weather|RainDance|[upkeep]
|upkeep
|
|t:|1784087805
|switch|p2b: Floette|Floette-Mega, L50, F|47/100
|-ability|p2b: Floette|Fairy Aura
|turn|7
|
|t:|1784087816
|move|p2b: Floette|Protect|p2b: Floette
|-singleturn|p2b: Floette|Protect
|move|p1a: 3R|Earthquake|p2a: Garchomp|[spread] p1b,p2a
|-activate|p2b: Floette|move: Protect
|-damage|p1b: Connect|58/100
|-damage|p2a: Garchomp|0 fnt
|faint|p2a: Garchomp
|move|p1b: Connect|Weather Ball|p2b: Floette
|-activate|p2b: Floette|move: Protect
|
|-weather|none
|upkeep
|turn|8
|inactive|circuitosomador has 30 seconds left.
|
|t:|1784087841
|move|p2b: Floette|Moonblast|p1a: 3R
|-damage|p1a: 3R|0 fnt
|faint|p1a: 3R
|move|p1b: Connect|Weather Ball|p2b: Floette
|-damage|p2b: Floette|37/100
|
|upkeep
|turn|9
|-message|Marvcolor forfeited.
|
|win|circuitosomador
|l|☆Marvcolor
|player|p1|
||Marvcolor is ready for game 2.
||circuitosomador is ready for game 2.
|uhtml|next|Next: Game 2 of 3
|j|☆Marvcolor
|player|p1|Marvcolor|giovanni|
