|j|☆Treecko25
|j|☆belac121
|html|Treecko25belac121    
|uhtml|bestof|Game 3 of a best-of-3
|t:|1782958280
|gametype|doubles
|player|p1|Treecko25|hilda|
|player|p2|belac121|clemont|
|gen|9
|tier|[Gen 9 Champions] VGC 2026 Reg M-B (Bo3)
|rule|Species Clause: Limit one of each Pokémon
|rule|Item Clause: Limit 1 of each item
|clearpoke
|poke|p1|Sceptile, L50, M, shiny|
|poke|p1|Rotom-Wash, L50|
|poke|p1|Floette-Eternal, L50, F|
|poke|p1|Garchomp, L50, F|
|poke|p1|Kingambit, L50, M|
|poke|p1|Talonflame, L50, M|
|poke|p2|Sneasler, L50, F|
|poke|p2|Kingambit, L50, F|
|poke|p2|Blaziken, L50, F|
|poke|p2|Palafin, L50, M|
|poke|p2|Clefable, L50, M|
|poke|p2|Froslass, L50, F|
|teampreview|4
|showteam|p1|Sceptile||Sceptilite|Overgrow|DragonPulse,EnergyBall,EarthPower,Protect|Timid||M|||50|]Rotom-Wash||ChoiceScarf|Levitate|Discharge,HydroPump,Thunderbolt,VoltSwitch|Timid|||||50|]Floette-Eternal||Floettite|FlowerVeil|Moonblast,DazzlingGleam,LightofRuin,Protect|Modest||F|||50|]Garchomp||LifeOrb|RoughSkin|StompingTantrum,DragonClaw,RockSlide,Protect|Jolly||F|||50|]Kingambit||ChopleBerry|Defiant|KowtowCleave,SuckerPunch,IronHead,Protect|Adamant||M|||50|]Talonflame||SharpBeak|GaleWings|DualWingbeat,FlareBlitz,Tailwind,QuickGuard|Jolly||M|||50|
|showteam|p2|Sneasler||WhiteHerb|Unburden|DireClaw,CloseCombat,FakeOut,Protect|Adamant||F|||50|]Kingambit||ChopleBerry|Defiant|KowtowCleave,SuckerPunch,IronHead,Protect|Adamant||F|||50|]Blaziken||Blazikenite|SpeedBoost|CloseCombat,FlareBlitz,RockSlide,Protect|Jolly||F|||50|]Palafin||Leftovers|ZerotoHero|JetPunch,WaveCrash,BulkUp,Protect|Adamant||M|||50|]Clefable||SitrusBerry|Unaware|FollowMe,Moonblast,Thunderbolt,Protect|Modest||M|||50|]Froslass||Froslassite|SnowCloak|Blizzard,ShadowBall,AuroraVeil,Protect|Timid||F|||50|
|inactive|Battle timer is ON: inactive players will automatically lose when time's up. (requested by Treecko25)
|
|t:|1782958319
|teamsize|p1|4
|teamsize|p2|4
|start
|switch|p1a: ガブリアス|Garchomp, L50, F|100/100
|switch|p1b: Rotom|Rotom-Wash, L50|100/100
|switch|p2a: Sneasler|Sneasler, L50, F|100/100
|switch|p2b: Palafin|Palafin, L50, M|100/100
|turn|1
|
|t:|1782958342
|detailschange|p2b: Palafin|Palafin-Hero, L50, M
|switch|p2b: Clefable|Clefable, L50, M|100/100
|move|p1b: Rotom|Discharge|p2a: Sneasler|[spread] p2a,p2b
|-immune|p1a: ガブリアス
|-damage|p2a: Sneasler|66/100
|-damage|p2b: Clefable|77/100
|-status|p2a: Sneasler|par
|-status|p2b: Clefable|par
|move|p1a: ガブリアス|Stomping Tantrum|p2a: Sneasler
|-supereffective|p2a: Sneasler|1
|-damage|p2a: Sneasler|0 fnt
|faint|p2a: Sneasler
|-damage|p1a: ガブリアス|90/100|[from] item: Life Orb
|
|upkeep
|inactive|belac121 has 30 seconds left.
|
|t:|1782958369
|switch|p2a: Blaziken|Blaziken, L50, F|100/100
|turn|2
|
|t:|1782958379
|switch|p1b: Kingambit|Kingambit, L50, M|100/100
|move|p2a: Blaziken|Protect|p2a: Blaziken
|-singleturn|p2a: Blaziken|Protect
|move|p1a: ガブリアス|Rock Slide|p2b: Clefable|[spread] p2b
|-activate|p2a: Blaziken|move: Protect
|-damage|p2b: Clefable|55/100 par
|-damage|p1a: ガブリアス|80/100|[from] item: Life Orb
|move|p2b: Clefable|Moonblast|p1a: ガブリアス
|-supereffective|p1a: ガブリアス|1
|-damage|p1a: ガブリアス|0 fnt
|faint|p1a: ガブリアス
|
|-ability|p2a: Blaziken|Speed Boost|boost
|-boost|p2a: Blaziken|spe|1
|upkeep
|
|t:|1782958393
|switch|p1a: Rotom|Rotom-Wash, L50|100/100
|turn|3
|
|t:|1782958412
|detailschange|p2a: Blaziken|Blaziken-Mega, L50, F
|-mega|p2a: Blaziken|Blaziken|Blazikenite
|move|p1b: Kingambit|Protect|p1b: Kingambit
|-singleturn|p1b: Kingambit|Protect
|move|p2b: Clefable|Follow Me|p2b: Clefable
|-singleturn|p2b: Clefable|move: Follow Me
|move|p2a: Blaziken|Close Combat|p1a: Rotom
|-damage|p1a: Rotom|9/100
|-unboost|p2a: Blaziken|def|1
|-unboost|p2a: Blaziken|spd|1
|move|p1a: Rotom|Volt Switch|p2b: Clefable
|-damage|p2b: Clefable|27/100 par
|-enditem|p2b: Clefable|Sitrus Berry|[eat]
|-heal|p2b: Clefable|51/100 par|[from] item: Sitrus Berry
|
|t:|1782958420
|switch|p1a: Floette|Floette-Eternal, L50, F|100/100|[from] Volt Switch
|
|-ability|p2a: Blaziken|Speed Boost|boost
|-boost|p2a: Blaziken|spe|1
|upkeep
|turn|4
|
|t:|1782958438
|detailschange|p1a: Floette|Floette-Mega, L50, F
|-mega|p1a: Floette|Floette|Floettite
|-ability|p1a: Floette|Fairy Aura
|move|p2b: Clefable|Protect|p2b: Clefable
|-singleturn|p2b: Clefable|Protect
|move|p2a: Blaziken|Close Combat|p1b: Kingambit
|-supereffective|p1b: Kingambit|2
|-enditem|p1b: Kingambit|Chople Berry|[eat]
|-enditem|p1b: Kingambit|Chople Berry|[weaken]
|-damage|p1b: Kingambit|0 fnt
|-unboost|p2a: Blaziken|def|1
|-unboost|p2a: Blaziken|spd|1
|faint|p1b: Kingambit
|move|p1a: Floette|Dazzling Gleam|p2b: Clefable|[spread] p2a
|-activate|p2b: Clefable|move: Protect
|-damage|p2a: Blaziken|0 fnt
|faint|p2a: Blaziken
|
|upkeep
|
|t:|1782958448
|switch|p2a: Palafin|Palafin-Hero, L50, M|100/100
|switch|p1b: Rotom|Rotom-Wash, L50|9/100
|-activate|p2a: Palafin|ability: Zero to Hero
|turn|5
|
|t:|1782958460
|move|p2b: Clefable|Follow Me|p2b: Clefable
|-singleturn|p2b: Clefable|move: Follow Me
|move|p2a: Palafin|Jet Punch|p1b: Rotom
|-resisted|p1b: Rotom|1
|-damage|p1b: Rotom|0 fnt
|faint|p1b: Rotom
|move|p1a: Floette|Moonblast|p2b: Clefable
|-damage|p2b: Clefable|0 fnt
|faint|p2b: Clefable
|
|upkeep
|turn|6
|
|t:|1782958479
|move|p1a: Floette|Light of Ruin|p2a: Palafin
|-damage|p2a: Palafin|2/100
|-damage|p1a: Floette|37/100|[from] Recoil
|move|p2a: Palafin|Wave Crash|p1a: Floette
|-damage|p1a: Floette|0 fnt
|faint|p1a: Floette
|-damage|p2a: Palafin|0 fnt|[from] Recoil
|faint|p2a: Palafin
|
|win|belac121
|c|☆belac121|dang
|c|☆Treecko25|damn
|c|☆belac121|ggs
|c|☆belac121|I wasn't sure if I'd live that
|c|☆Treecko25|I was not expecting you to live
|c|☆Treecko25|I wonder if that was a roll to kill
|c|☆belac121|if you're max special attack you got a very low roll
|c|☆Treecko25|I am not
|c|☆belac121|yeah, forgot you weren't timid
|c|☆Treecko25|I am 15 modest
|c|☆belac121|if you were max modest it's guranteed
|c|☆Treecko25|I need the bulk and def
|c|☆belac121|ok it's the same as max timid
|c|☆belac121|which means you got the lowest possible roll
|c|☆Treecko25|damn
|c|☆Treecko25|what is the percent of kill?
|c|☆belac121|15+ SpA Fairy Aura Mega Floette Light of Ruin vs. 32 HP  / 2 SpD Palafin-Hero: 201-237 (97.1 - 114.4%) -- 81.25% chance to OHKO
|c|☆belac121|literally lowest possible percent
|c|☆Treecko25|I lost to a 19 percent chance
