|j|☆kirkin07
|j|☆Raijin and Tonic
|html|kirkin07Raijin and Tonic    
|uhtml|bestof|Game 1 of a best-of-3
|t:|1756933985
|gametype|doubles
|player|p1|kirkin07|265|1092
|player|p2|Raijin and Tonic|1|1094
|gen|9
|tier|[Gen 9] VGC 2025 Reg H (Bo3)
|rated|
|rule|Species Clause: Limit one of each Pokémon
|rule|Item Clause: Limit 1 of each item
|clearpoke
|poke|p1|Kingambit, L50, F|
|poke|p1|Dragonite, L50, M|
|poke|p1|Incineroar, L50, M|
|poke|p1|Whimsicott, L50, F|
|poke|p1|Ursaluna-Bloodmoon, L50, M|
|poke|p1|Sneasler, L50, F|
|poke|p2|Torkoal, L50, F|
|poke|p2|Garchomp, L50, F|
|poke|p2|Typhlosion-Hisui, L50, F|
|poke|p2|Grimmsnarl, L50, M|
|poke|p2|Tyranitar, L50, M|
|poke|p2|Serperior, L50, F|
|teampreview|4
|showteam|p1|Kingambit||SafetyGoggles|Defiant|KowtowCleave,SuckerPunch,SwordsDance,Protect|||F|||50|,,,,,Fire]Dragonite||ChoiceBand|InnerFocus|Outrage,StompingTantrum,ExtremeSpeed,TeraBlast|||M|||50|,,,,,Flying]Incineroar||Leftovers|Intimidate|FlareBlitz,WillOWisp,PartingShot,FakeOut|||M|||50|,,,,,Ghost]Whimsicott||CovertCloak|Prankster|Encore,Protect,Tailwind,Moonblast|||F|||50|,,,,,Water]Ursaluna-Bloodmoon||LifeOrb|MindsEye|Protect,EarthPower,BloodMoon,HyperVoice|||M|||50|,,,,,Normal]Sneasler||FocusSash|PoisonTouch|FakeOut,CloseCombat,DireClaw,Protect|||F|||50|,,,,,Grass
|showteam|p2|Torkoal||EjectPack|Drought|Protect,BurningJealousy,HelpingHand,Overheat|||F|||50|,,,,,Fire]Garchomp||BrightPowder|SandVeil|Protect,StompingTantrum,RockSlide,SwordsDance|||F|||50|,,,,,Grass]Typhlosion-Hisui||ChoiceScarf|Blaze|Eruption,InfernalParade,Overheat,ShadowBall|||F|||50|,,,,,Fire]Grimmsnarl||LightClay|Prankster|SpiritBreak,Reflect,LightScreen,PartingShot|||M|||50|,,,,,Ghost]Tyranitar||AssaultVest|SandStream|RockSlide,KnockOff,LowKick,TeraBlast|||M|||50|,,,,,Flying]Serperior||CovertCloak|Contrary|Protect,LeafStorm,Glare,Taunt|||F|||50|,,,,,Fire
|inactive|Battle timer is ON: inactive players will automatically lose when time's up. (requested by Raijin and Tonic)
|inactive|kirkin07 has 60 seconds left.
|inactive|Raijin and Tonic has 60 seconds left.
|
|t:|1756934036
|teamsize|p1|4
|teamsize|p2|4
|start
|switch|p1a: Whimsicott|Whimsicott, L50, F|100/100
|switch|p1b: Kingambit|Kingambit, L50, F|100/100
|switch|p2a: Typhlosion|Typhlosion-Hisui, L50, F|100/100
|switch|p2b: Garchomp|Garchomp, L50, F|100/100
|turn|1
|
|t:|1756934055
|-terastallize|p2a: Typhlosion|Fire
|move|p1a: Whimsicott|Protect|p1a: Whimsicott
|-singleturn|p1a: Whimsicott|Protect
|move|p1b: Kingambit|Protect|p1b: Kingambit
|-singleturn|p1b: Kingambit|Protect
|move|p2a: Typhlosion|Eruption|p1a: Whimsicott|[spread] 
|-activate|p1a: Whimsicott|move: Protect
|-activate|p1b: Kingambit|move: Protect
|move|p2b: Garchomp|Stomping Tantrum|p1b: Kingambit
|-activate|p1b: Kingambit|move: Protect
|
|upkeep
|turn|2
|inactive|kirkin07 has 30 seconds left.
|inactive|kirkin07 has 20 seconds left.
|inactive|kirkin07 has 15 seconds left.
|inactive|kirkin07 has 10 seconds left.
|inactive|kirkin07 has 5 seconds left.
|
|t:|1756934110
|switch|p2a: Tyranitar|Tyranitar, L50, M|100/100
|-weather|Sandstorm|[from] ability: Sand Stream|[of] p2a: Tyranitar
|move|p1a: Whimsicott|Tailwind|p1a: Whimsicott
|-sidestart|p1: kirkin07|move: Tailwind
|move|p1b: Kingambit|Kowtow Cleave|p2a: Tyranitar
|-resisted|p2a: Tyranitar
|-damage|p2a: Tyranitar|81/100
|move|p2b: Garchomp|Stomping Tantrum|p1b: Kingambit
|-supereffective|p1b: Kingambit
|-damage|p1b: Kingambit|44/100
|
|-weather|Sandstorm|[upkeep]
|-damage|p1a: Whimsicott|95/100|[from] Sandstorm
|upkeep
|turn|3
|
|t:|1756934132
|move|p2b: Garchomp|Protect|p2b: Garchomp
|-singleturn|p2b: Garchomp|Protect
|move|p1a: Whimsicott|Moonblast|p2a: Tyranitar
|-supereffective|p2a: Tyranitar
|-damage|p2a: Tyranitar|59/100
|move|p1b: Kingambit|Kowtow Cleave|p2b: Garchomp
|-activate|p2b: Garchomp|move: Protect
|move|p2a: Tyranitar|Rock Slide|p1a: Whimsicott|[spread] p1a,p1b
|-resisted|p1b: Kingambit
|-damage|p1a: Whimsicott|57/100
|-damage|p1b: Kingambit|32/100
|
|-weather|Sandstorm|[upkeep]
|-damage|p1a: Whimsicott|51/100|[from] Sandstorm
|upkeep
|turn|4
|
|t:|1756934155
|switch|p2b: Grimmsnarl|Grimmsnarl, L50, M|100/100
|move|p1a: Whimsicott|Encore|p2b: Grimmsnarl
|-hint|Since gen 7, Dark is immune to Prankster moves.
|-immune|p2b: Grimmsnarl
|move|p1b: Kingambit|Kowtow Cleave|p2a: Tyranitar
|-resisted|p2a: Tyranitar
|-damage|p2a: Tyranitar|38/100
|move|p2a: Tyranitar|Low Kick|p1b: Kingambit
|-supereffective|p1b: Kingambit
|-damage|p1b: Kingambit|0 fnt
|faint|p1b: Kingambit
|
|-weather|Sandstorm|[upkeep]
|-damage|p1a: Whimsicott|46/100|[from] Sandstorm
|-damage|p2b: Grimmsnarl|95/100|[from] Sandstorm
|upkeep
|
|t:|1756934165
|switch|p1b: Incineroar|Incineroar, L50, M|100/100
|-ability|p1b: Incineroar|Intimidate|boost
|-unboost|p2a: Tyranitar|atk|1
|-unboost|p2b: Grimmsnarl|atk|1
|turn|5
|
|t:|1756934175
|switch|p2a: Garchomp|Garchomp, L50, F|100/100
|move|p1b: Incineroar|Fake Out|p2b: Grimmsnarl
|-damage|p2b: Grimmsnarl|84/100
|cant|p2b: Grimmsnarl|flinch
|move|p1a: Whimsicott|Moonblast|p2b: Grimmsnarl
|-supereffective|p2b: Grimmsnarl
|-damage|p2b: Grimmsnarl|25/100
|
|-weather|Sandstorm|[upkeep]
|-damage|p1a: Whimsicott|40/100|[from] Sandstorm
|-damage|p1b: Incineroar|95/100|[from] Sandstorm
|-damage|p2b: Grimmsnarl|19/100|[from] Sandstorm
|-heal|p1b: Incineroar|100/100|[from] item: Leftovers
|-sideend|p1: kirkin07|move: Tailwind
|upkeep
|turn|6
|
|t:|1756934193
|move|p1a: Whimsicott|Tailwind|p1a: Whimsicott
|-sidestart|p1: kirkin07|move: Tailwind
|move|p2b: Grimmsnarl|Light Screen|p2b: Grimmsnarl
|-sidestart|p2: Raijin and Tonic|move: Light Screen
|move|p2a: Garchomp|Swords Dance|p2a: Garchomp
|-boost|p2a: Garchomp|atk|2
|move|p1b: Incineroar|Will-O-Wisp|p2a: Garchomp
|-status|p2a: Garchomp|brn
|
|-weather|none
|-damage|p2a: Garchomp|95/100 brn|[from] brn
|upkeep
|turn|7
|inactive|kirkin07 has 30 seconds left.
|inactive|kirkin07 has 20 seconds left.
|inactive|kirkin07 has 15 seconds left.
|inactive|kirkin07 has 10 seconds left.
|inactive|Raijin and Tonic has 30 seconds left.
|
|t:|1756934240
|-terastallize|p1b: Incineroar|Ghost
|move|p2b: Grimmsnarl|Parting Shot|p1b: Incineroar
|-unboost|p1b: Incineroar|atk|1
|-unboost|p1b: Incineroar|spa|1
|
|t:|1756934245
|switch|p2b: Tyranitar|Tyranitar, L50, M|38/100|[from] Parting Shot
|-weather|Sandstorm|[from] ability: Sand Stream|[of] p2b: Tyranitar
|move|p1a: Whimsicott|Moonblast|p2a: Garchomp
|-supereffective|p2a: Garchomp
|-damage|p2a: Garchomp|48/100 brn
|move|p2a: Garchomp|Rock Slide|p1b: Incineroar|[spread] p1a,p1b
|-damage|p1a: Whimsicott|13/100
|-damage|p1b: Incineroar|85/100
|move|p1b: Incineroar|Flare Blitz|p2b: Tyranitar
|-resisted|p2b: Tyranitar
|-damage|p2b: Tyranitar|25/100
|-damage|p1b: Incineroar|81/100|[from] Recoil
|
|-weather|Sandstorm|[upkeep]
|-damage|p1a: Whimsicott|8/100|[from] Sandstorm
|-damage|p1b: Incineroar|75/100|[from] Sandstorm
|-heal|p1b: Incineroar|81/100|[from] item: Leftovers
|-damage|p2a: Garchomp|42/100 brn|[from] brn
|upkeep
|turn|8
|
|t:|1756934265
|move|p2a: Garchomp|Protect|p2a: Garchomp
|-singleturn|p2a: Garchomp|Protect
|move|p1a: Whimsicott|Moonblast|p2a: Garchomp
|-activate|p2a: Garchomp|move: Protect
|move|p1b: Incineroar|Parting Shot|p2b: Tyranitar
|-unboost|p2b: Tyranitar|atk|1
|-unboost|p2b: Tyranitar|spa|1
|
|t:|1756934273
|switch|p1b: Ursaluna|Ursaluna-Bloodmoon, L50, M|100/100|[from] Parting Shot
|move|p2b: Tyranitar|Knock Off|p1b: Ursaluna
|-damage|p1b: Ursaluna|73/100
|-enditem|p1b: Ursaluna|Life Orb|[from] move: Knock Off|[of] p2b: Tyranitar
|
|-weather|Sandstorm|[upkeep]
|-damage|p1a: Whimsicott|2/100|[from] Sandstorm
|-damage|p2a: Garchomp|36/100 brn|[from] brn
|upkeep
|turn|9
|inactive|Raijin and Tonic has 30 seconds left.
|
|t:|1756934305
|switch|p1a: Incineroar|Incineroar, L50, M, tera:Ghost|81/100
|-ability|p1a: Incineroar|Intimidate|boost
|-unboost|p2a: Garchomp|atk|1
|-unboost|p2b: Tyranitar|atk|1
|switch|p2b: Grimmsnarl|Grimmsnarl, L50, M|19/100
|move|p1b: Ursaluna|Hyper Voice|p2b: Grimmsnarl|[spread] p2a,p2b
|-damage|p2a: Garchomp|8/100 brn
|-damage|p2b: Grimmsnarl|0 fnt
|faint|p2b: Grimmsnarl
|move|p2a: Garchomp|Rock Slide|p1b: Ursaluna|[spread] p1b
|-miss|p2a: Garchomp|p1a: Incineroar
|-resisted|p1b: Ursaluna
|-damage|p1b: Ursaluna|67/100
|
|-weather|Sandstorm|[upkeep]
|-damage|p1a: Incineroar|75/100|[from] Sandstorm
|-heal|p1a: Incineroar|81/100|[from] item: Leftovers
|-damage|p2a: Garchomp|2/100 brn|[from] brn
|-sideend|p1: kirkin07|move: Tailwind
|upkeep
|
|t:|1756934324
|switch|p2b: Typhlosion|Typhlosion-Hisui, L50, F, tera:Fire|100/100
|turn|10
|
|t:|1756934344
|switch|p2b: Tyranitar|Tyranitar, L50, M|25/100
|move|p1a: Incineroar|Fake Out|p2b: Tyranitar
|-resisted|p2b: Tyranitar
|-damage|p2b: Tyranitar|21/100
|move|p2a: Garchomp|Rock Slide|p1a: Incineroar|[spread] p1a,p1b
|-resisted|p1b: Ursaluna
|-damage|p1a: Incineroar|68/100
|-damage|p1b: Ursaluna|62/100
|cant|p1b: Ursaluna|flinch
|
|-weather|Sandstorm|[upkeep]
|-damage|p1a: Incineroar|62/100|[from] Sandstorm
|-heal|p1a: Incineroar|68/100|[from] item: Leftovers
|-damage|p2a: Garchomp|0 fnt|[from] brn
|faint|p2a: Garchomp
|upkeep
|
|t:|1756934357
|switch|p2a: Typhlosion|Typhlosion-Hisui, L50, F, tera:Fire|100/100
|turn|11
|
|t:|1756934367
|move|p1b: Ursaluna|Protect|p1b: Ursaluna
|-singleturn|p1b: Ursaluna|Protect
|move|p2a: Typhlosion|Eruption|p1a: Incineroar|[spread] p1a
|-activate|p1b: Ursaluna|move: Protect
|-damage|p1a: Incineroar|9/100
|move|p2b: Tyranitar|Knock Off|p1a: Incineroar
|-supereffective|p1a: Incineroar
|-damage|p1a: Incineroar|0 fnt
|-enditem|p1a: Incineroar|Leftovers|[from] move: Knock Off|[of] p2b: Tyranitar
|faint|p1a: Incineroar
|
|-weather|none
|upkeep
|
|t:|1756934375
|switch|p1a: Whimsicott|Whimsicott, L50, F|2/100
|turn|12
|inactive|kirkin07 has 30 seconds left.
|inactive|kirkin07 has 20 seconds left.
|inactive|kirkin07 has 15 seconds left.
|inactive|kirkin07 has 10 seconds left.
|
|t:|1756934423
|move|p1a: Whimsicott|Tailwind|p1a: Whimsicott
|-sidestart|p1: kirkin07|move: Tailwind
|move|p2a: Typhlosion|Eruption|p1a: Whimsicott|[spread] p1a,p1b
|-supereffective|p1a: Whimsicott
|-damage|p1a: Whimsicott|0 fnt
|-damage|p1b: Ursaluna|0 fnt
|faint|p1a: Whimsicott
|faint|p1b: Ursaluna
|
|win|Raijin and Tonic
|l|☆kirkin07
|player|p1|
||Raijin and Tonic is ready for game 2.
||kirkin07 is ready for game 2.
|uhtml|next|Next: Game 2 of 3
