|j|☆capacete5
|j|☆cantchat_sorry
|html|capacete5cantchat_sorry    
|uhtml|bestof|Game 1 of a best-of-3
|t:|1784397678
|gametype|doubles
|player|p1|capacete5|byron|1147
|player|p2|cantchat_sorry|clair|1149
|gen|9
|tier|[Gen 9 Champions] VGC 2026 Reg M-B (Bo3)
|rated|
|rule|Species Clause: Limit one of each Pokémon
|rule|Item Clause: Limit 1 of each item
|clearpoke
|poke|p1|Grimmsnarl, L50, M|
|poke|p1|Toxapex, L50, M|
|poke|p1|Charizard, L50, F|
|poke|p1|Garchomp, L50, M|
|poke|p1|Metagross, L50|
|poke|p1|Kingambit, L50, F|
|poke|p2|Charizard, L50, M|
|poke|p2|Tyranitar, L50, M|
|poke|p2|Milotic, L50, M|
|poke|p2|Sneasler, L50, F|
|poke|p2|Incineroar, L50, F|
|poke|p2|Sinistcha, L50|
|teampreview|4
|showteam|p1|Grimmsnarl||RoseliBerry|Prankster|PartingShot,Reflect,FoulPlay,FakeOut|Careful||M|||50|]Toxapex||Leftovers|Regenerator|Infestation,Toxic,Recover,BanefulBunker|Bold||M|||50|]Charizard||CharizarditeY|Blaze|HeatWave,SolarBeam,WeatherBall,Protect|Modest||F|||50|]Garchomp||SitrusBerry|RoughSkin|Earthquake,DragonClaw,RockSlide,Protect|Adamant||M|||50|]Metagross||Metagrossite|ClearBody|IronHead,HammerArm,BulletPunch,Protect|Adamant|||||50|]Kingambit||OccaBerry|Defiant|KowtowCleave,IronHead,SuckerPunch,LowKick|Adamant||F|||50|
|showteam|p2|Charizard||CharizarditeX|Blaze|Protect,DragonDance,DragonClaw,FlareBlitz|Adamant||M|||50|]Tyranitar||Tyranitarite|SandStream|Protect,Crunch,RockSlide,HighHorsepower|Adamant||M|||50|]Milotic||Leftovers|Competitive|Protect,IcyWind,Scald,Recover|Calm||M|||50|]Sneasler||WhiteHerb|Unburden|FakeOut,DireClaw,CloseCombat,Coaching|Adamant||F|||50|]Incineroar||SitrusBerry|Intimidate|FakeOut,PartingShot,ThroatChop,FlareBlitz|Adamant||F|||50|]Sinistcha||CobaBerry|Hospitality|MatchaGotcha,RagePowder,LifeDew,TrickRoom|Bold|||||50|
|inactive|Battle timer is ON: inactive players will automatically lose when time's up. (requested by capacete5)
|inactive|capacete5 has 60 seconds left.
|inactive|cantchat_sorry has 60 seconds left.
|
|t:|1784397721
|teamsize|p1|4
|teamsize|p2|4
|start
|switch|p1a: Toxapex|Toxapex, L50, M|100/100
|switch|p1b: Charizard|Charizard, L50, F|100/100
|switch|p2a: Tyranitar|Tyranitar, L50, M|100/100
|switch|p2b: Sneasler|Sneasler, L50, F|100/100
|-weather|Sandstorm|[from] ability: Sand Stream|[of] p2a: Tyranitar
|turn|1
|
|t:|1784397744
|switch|p1b: Grimmsnarl|Grimmsnarl, L50, M|100/100
|move|p2b: Sneasler|Coaching|p2a: Tyranitar
|-boost|p2a: Tyranitar|atk|1
|-boost|p2a: Tyranitar|def|1
|move|p2a: Tyranitar|High Horsepower|p1a: Toxapex
|-supereffective|p1a: Toxapex|1
|-damage|p1a: Toxapex|29/100
|move|p1a: Toxapex|Toxic|p2a: Tyranitar
|-status|p2a: Tyranitar|tox
|
|-weather|Sandstorm|[upkeep]
|-damage|p2b: Sneasler|94/100|[from] Sandstorm
|-damage|p1b: Grimmsnarl|94/100|[from] Sandstorm
|-damage|p1a: Toxapex|23/100|[from] Sandstorm
|-heal|p1a: Toxapex|29/100|[from] item: Leftovers
|-damage|p2a: Tyranitar|93/100 tox|[from] psn
|upkeep
|turn|2
|inactive|capacete5 has 30 seconds left.
|
|t:|1784397774
|move|p1b: Grimmsnarl|Fake Out|p2a: Tyranitar
|-resisted|p2a: Tyranitar|1
|-damage|p2a: Tyranitar|90/100 tox
|move|p2b: Sneasler|Dire Claw|p1b: Grimmsnarl
|-supereffective|p1b: Grimmsnarl|1
|-damage|p1b: Grimmsnarl|8/100
|-status|p1b: Grimmsnarl|par
|cant|p2a: Tyranitar|flinch
|move|p1a: Toxapex|Recover|p1a: Toxapex
|-heal|p1a: Toxapex|79/100
|
|-weather|Sandstorm|[upkeep]
|-damage|p2b: Sneasler|88/100|[from] Sandstorm
|-damage|p1a: Toxapex|73/100|[from] Sandstorm
|-damage|p1b: Grimmsnarl|3/100 par|[from] Sandstorm
|-heal|p1a: Toxapex|79/100|[from] item: Leftovers
|-damage|p2a: Tyranitar|78/100 tox|[from] psn
|upkeep
|turn|3
|
|t:|1784397799
|move|p1b: Grimmsnarl|Reflect|p1b: Grimmsnarl
|-sidestart|p1: capacete5|Reflect
|move|p2b: Sneasler|Coaching|p2a: Tyranitar
|-boost|p2a: Tyranitar|atk|1
|-boost|p2a: Tyranitar|def|1
|move|p2a: Tyranitar|Rock Slide|p1a: Toxapex|[spread] p1a,p1b
|-damage|p1a: Toxapex|51/100
|-damage|p1b: Grimmsnarl|0 fnt
|faint|p1b: Grimmsnarl
|move|p1a: Toxapex|Infestation|p2a: Tyranitar
|-supereffective|p2a: Tyranitar|1
|-damage|p2a: Tyranitar|73/100 tox
|-activate|p2a: Tyranitar|move: Infestation|[of] p1a: Toxapex
|
|-weather|Sandstorm|[upkeep]
|-damage|p2b: Sneasler|82/100|[from] Sandstorm
|-damage|p1a: Toxapex|46/100|[from] Sandstorm
|-heal|p1a: Toxapex|51/100|[from] item: Leftovers
|-damage|p2a: Tyranitar|55/100 tox|[from] psn
|-damage|p2a: Tyranitar|42/100 tox|[from] move: Infestation|[partiallytrapped]
|upkeep
|
|t:|1784397821
|switch|p1b: Garchomp|Garchomp, L50, M|100/100
|turn|4
|
|t:|1784397833
|switch|p2b: Incineroar|Incineroar, L50, F|100/100
|-ability|p2b: Incineroar|Intimidate|boost
|-unboost|p1a: Toxapex|atk|1
|-unboost|p1b: Garchomp|atk|1
|move|p2a: Tyranitar|Protect|p2a: Tyranitar
|-singleturn|p2a: Tyranitar|Protect
|move|p1a: Toxapex|Baneful Bunker|p1a: Toxapex
|-singleturn|p1a: Toxapex|move: Protect
|move|p1b: Garchomp|Earthquake|p2b: Incineroar|[spread] p2b
|-activate|p1a: Toxapex|move: Protect
|-activate|p2a: Tyranitar|move: Protect
|-supereffective|p2b: Incineroar|1
|-damage|p2b: Incineroar|52/100
|
|-weather|Sandstorm|[upkeep]
|-damage|p2b: Incineroar|46/100|[from] Sandstorm
|-damage|p1a: Toxapex|46/100|[from] Sandstorm
|-enditem|p2b: Incineroar|Sitrus Berry|[eat]
|-heal|p2b: Incineroar|71/100|[from] item: Sitrus Berry
|-heal|p1a: Toxapex|51/100|[from] item: Leftovers
|-damage|p2a: Tyranitar|17/100 tox|[from] psn
|-damage|p2a: Tyranitar|5/100 tox|[from] move: Infestation|[partiallytrapped]
|upkeep
|turn|5
|inactive|capacete5 has 30 seconds left.
|
|t:|1784397863
|detailschange|p2a: Tyranitar|Tyranitar-Mega, L50, M
|-mega|p2a: Tyranitar|Tyranitar|Tyranitarite
|move|p2b: Incineroar|Fake Out|p1b: Garchomp
|-damage|p1b: Garchomp|92/100
|-damage|p2b: Incineroar|58/100|[from] ability: Rough Skin|[of] p1b: Garchomp
|cant|p1b: Garchomp|flinch
|move|p2a: Tyranitar|Crunch|p1a: Toxapex
|-damage|p1a: Toxapex|5/100
|move|p1a: Toxapex|Recover|p1a: Toxapex
|-heal|p1a: Toxapex|55/100
|
|-weather|none
|-heal|p1a: Toxapex|61/100|[from] item: Leftovers
|-damage|p2a: Tyranitar|0 fnt|[from] psn
|faint|p2a: Tyranitar
|upkeep
|
|t:|1784397887
|switch|p2a: Milotic|Milotic, L50, M|100/100
|turn|6
|
|t:|1784397896
|move|p2a: Milotic|Protect|p2a: Milotic
|-singleturn|p2a: Milotic|Protect
|move|p1b: Garchomp|Dragon Claw|p2b: Incineroar
|-damage|p2b: Incineroar|31/100
|move|p2b: Incineroar|Throat Chop|p1a: Toxapex
|-damage|p1a: Toxapex|44/100
|-start|p1a: Toxapex|Throat Chop|[silent]
|move|p1a: Toxapex|Toxic|p2a: Milotic
|-activate|p2a: Milotic|move: Protect
|
|-heal|p1a: Toxapex|50/100g|[from] item: Leftovers
|upkeep
|turn|7
|
|t:|1784397914
|move|p1b: Garchomp|Dragon Claw|p2b: Incineroar
|-damage|p2b: Incineroar|4/100
|move|p2a: Milotic|Icy Wind|p1a: Toxapex|[spread] p1a,p1b
|-resisted|p1a: Toxapex|1
|-supereffective|p1b: Garchomp|2
|-damage|p1a: Toxapex|46/100
|-damage|p1b: Garchomp|54/100
|-unboost|p1a: Toxapex|spe|1
|-unboost|p1b: Garchomp|spe|1
|move|p2b: Incineroar|Parting Shot|p1a: Toxapex
|-unboost|p1a: Toxapex|atk|1
|-unboost|p1a: Toxapex|spa|1
|
|t:|1784397924
|switch|p2b: Sneasler|Sneasler, L50, F|82/100|[from] Parting Shot
|move|p1a: Toxapex|Toxic|p2a: Milotic
|-status|p2a: Milotic|tox
|
|-heal|p1a: Toxapex|52/100|[from] item: Leftovers
|-damage|p2a: Milotic|93/100 tox|[from] psn
|-end|p1a: Toxapex|Throat Chop|[silent]
|-sideend|p1: capacete5|Reflect
|upkeep
|turn|8
|
|t:|1784397937
|move|p1b: Garchomp|Protect|p1b: Garchomp
|-singleturn|p1b: Garchomp|Protect
|move|p1a: Toxapex|Baneful Bunker|p1a: Toxapex
|-singleturn|p1a: Toxapex|move: Protect
|move|p2b: Sneasler|Close Combat|p1b: Garchomp
|-activate|p1b: Garchomp|move: Protect
|move|p2a: Milotic|Icy Wind|p1a: Toxapex|[spread] 
|-activate|p1a: Toxapex|move: Protect
|-activate|p1b: Garchomp|move: Protect
|
|-heal|p2a: Milotic|100/100 tox|[from] item: Leftovers
|-heal|p1a: Toxapex|58/100|[from] item: Leftovers
|-damage|p2a: Milotic|87/100 tox|[from] psn
|upkeep
|turn|9
|
|t:|1784397953
|-heal|p1a: Toxapex|91/100|[from] ability: Regenerator|[silent]
|switch|p1a: Charizard|Charizard, L50, F|100/100
|move|p2b: Sneasler|Close Combat|p1b: Garchomp
|-damage|p1b: Garchomp|0 fnt
|-unboost|p2b: Sneasler|def|1
|-unboost|p2b: Sneasler|spd|1
|-damage|p2b: Sneasler|70/100|[from] ability: Rough Skin|[of] p1b: Garchomp
|faint|p1b: Garchomp
|-enditem|p2b: Sneasler|White Herb
|-clearnegativeboost|p2b: Sneasler|[silent]
|move|p2a: Milotic|Scald|p1a: Charizard
|-supereffective|p1a: Charizard|1
|-damage|p1a: Charizard|31/100
|
|-heal|p2a: Milotic|93/100 tox|[from] item: Leftovers
|-damage|p2a: Milotic|75/100 tox|[from] psn
|upkeep
|
|t:|1784397971
|switch|p1b: Toxapex|Toxapex, L50, M|91/100
|turn|10
|
|t:|1784397980
|switch|p2a: Incineroar|Incineroar, L50, F|4/100
|-ability|p2a: Incineroar|Intimidate|boost
|-unboost|p1a: Charizard|atk|1
|-unboost|p1b: Toxapex|atk|1
|detailschange|p1a: Charizard|Charizard-Mega-Y, L50, F
|-mega|p1a: Charizard|Charizard|Charizardite Y
|-weather|SunnyDay|[from] ability: Drought|[of] p1a: Charizard
|move|p2b: Sneasler|Dire Claw|p1a: Charizard
|-crit|p1a: Charizard
|-damage|p1a: Charizard|0 fnt
|faint|p1a: Charizard
|move|p1b: Toxapex|Infestation|p2a: Incineroar
|-damage|p2a: Incineroar|1/100
|-activate|p2a: Incineroar|move: Infestation|[of] p1b: Toxapex
|
|-weather|SunnyDay|[upkeep]
|-heal|p1b: Toxapex|97/100|[from] item: Leftovers
|-damage|p2a: Incineroar|0 fnt|[from] move: Infestation|[partiallytrapped]
|faint|p2a: Incineroar
|upkeep
|
|t:|1784397989
|switch|p2a: Milotic|Milotic, L50, M|75/100 tox
|turn|11
|
|t:|1784398000
|move|p1b: Toxapex|Baneful Bunker|p1b: Toxapex
|-singleturn|p1b: Toxapex|move: Protect
|move|p2b: Sneasler|Close Combat|p1b: Toxapex
|-activate|p1b: Toxapex|move: Protect
|move|p2a: Milotic|Recover|p2a: Milotic
|-heal|p2a: Milotic|100/100 tox
|
|-weather|SunnyDay|[upkeep]
|-heal|p1b: Toxapex|100/100|[from] item: Leftovers
|-damage|p2a: Milotic|93/100 tox|[from] psn
|upkeep
|turn|12
|
|t:|1784398015
|move|p2b: Sneasler|Dire Claw|p1b: Toxapex
|-resisted|p1b: Toxapex|1
|-damage|p1b: Toxapex|85/100
|move|p2a: Milotic|Scald|p1b: Toxapex
|-resisted|p1b: Toxapex|1
|-crit|p1b: Toxapex
|-damage|p1b: Toxapex|77/100
|move|p1b: Toxapex|Infestation|p2b: Sneasler
|-resisted|p2b: Sneasler|2
|-damage|p2b: Sneasler|69/100
|-activate|p2b: Sneasler|move: Infestation|[of] p1b: Toxapex
|
|-weather|SunnyDay|[upkeep]
|-heal|p2a: Milotic|100/100 tox|[from] item: Leftovers
|-heal|p1b: Toxapex|83/100|[from] item: Leftovers
|-damage|p2a: Milotic|87/100 tox|[from] psn
|-damage|p2b: Sneasler|57/100|[from] move: Infestation|[partiallytrapped]
|upkeep
|turn|13
|c|☆cantchat_sorry|that Toxapex survived on 5% and clutched it 🤣
|inactive|cantchat_sorry has 30 seconds left.
|
|t:|1784398041
|move|p2b: Sneasler|Close Combat|p1b: Toxapex
|-resisted|p1b: Toxapex|1
|-damage|p1b: Toxapex|60/100
|-unboost|p2b: Sneasler|def|1
|-unboost|p2b: Sneasler|spd|1
|move|p2a: Milotic|Scald|p1b: Toxapex
|-resisted|p1b: Toxapex|1
|-damage|p1b: Toxapex|55/100
|move|p1b: Toxapex|Infestation|p2a: Milotic
|-damage|p2a: Milotic|85/100 tox
|-activate|p2a: Milotic|move: Infestation|[of] p1b: Toxapex
|
|-weather|SunnyDay|[upkeep]
|-heal|p2a: Milotic|91/100 tox|[from] item: Leftovers
|-heal|p1b: Toxapex|60/100|[from] item: Leftovers
|-damage|p2a: Milotic|73/100 tox|[from] psn
|-damage|p2b: Sneasler|45/100|[from] move: Infestation|[partiallytrapped]
|-damage|p2a: Milotic|61/100 tox|[from] move: Infestation|[partiallytrapped]
|upkeep
|turn|14
|
|t:|1784398059
|move|p2b: Sneasler|Dire Claw|p1b: Toxapex
|-resisted|p1b: Toxapex|1
|-damage|p1b: Toxapex|45/100
|move|p2a: Milotic|Scald|p1b: Toxapex
|-resisted|p1b: Toxapex|1
|-damage|p1b: Toxapex|40/100
|move|p1b: Toxapex|Recover|p1b: Toxapex
|-heal|p1b: Toxapex|90/100
|
|-weather|none
|-heal|p2a: Milotic|67/100 tox|[from] item: Leftovers
|-heal|p1b: Toxapex|96/100|[from] item: Leftovers
|-damage|p2a: Milotic|43/100 tox|[from] psn
|-damage|p2b: Sneasler|32/100|[from] move: Infestation|[partiallytrapped]
|-damage|p2a: Milotic|31/100 tox|[from] move: Infestation|[partiallytrapped]
|upkeep
|turn|15
|-message|cantchat_sorry forfeited.
|
|win|capacete5
