|j|☆ThetaB
|j|☆lil'jew
|html|ThetaBlil'jew    
|uhtml|bestof|Game 1 of a best-of-3
|t:|1782583104
|gametype|doubles
|player|p1|ThetaB|palmer|1000
|player|p2|lil'jew|102|1000
|gen|9
|tier|[Gen 9 Champions] VGC 2026 Reg M-B (Bo3)
|rated|
|rule|Species Clause: Limit one of each Pokémon
|rule|Item Clause: Limit 1 of each item
|clearpoke
|poke|p1|Hydreigon, L50, F|
|poke|p1|Garchomp, L50, F|
|poke|p1|Metagross, L50|
|poke|p1|Charizard, L50, F|
|poke|p1|Grimmsnarl, L50, M|
|poke|p1|Toxapex, L50, F|
|poke|p2|Mawile, L50, M|
|poke|p2|Whimsicott, L50, F|
|poke|p2|Farigiraf, L50, F|
|poke|p2|Basculegion, L50, M|
|poke|p2|Charizard, L50, M|
|poke|p2|Garchomp, L50, F|
|teampreview|4
|showteam|p1|Hydreigon||ChoiceScarf|Levitate|HeatWave,DarkPulse,DracoMeteor,Snarl|Modest||F|||50|]Garchomp||SitrusBerry|RoughSkin|Earthquake,RockSlide,DragonClaw,Protect|Adamant||F|||50|]Metagross||Metagrossite|ClearBody|IronHead,HammerArm,BulletPunch,Protect|Adamant|||||50|]Charizard||CharizarditeY|Blaze|Protect,HeatWave,SolarBeam,WeatherBall|Timid||F|||50|]Grimmsnarl||RoseliBerry|Prankster|FakeOut,FoulPlay,Reflect,PartingShot|Sassy||M|||50|]Toxapex||Leftovers|Regenerator|Infestation,Toxic,BanefulBunker,WideGuard|Bold||F|||50|
|showteam|p2|Mawile||Mawilite|HyperCutter|PlayRough,SuckerPunch,RockSlide,Protect|Adamant||M|||50|]Whimsicott||FocusSash|Prankster|Moonblast,Encore,Tailwind,Protect|Timid||F|||50|]Farigiraf||SitrusBerry|ArmorTail|TrickRoom,Thunderbolt,HelpingHand,Psychic|Quiet||F|||50|]Basculegion||ChoiceScarf|Adaptability|LastRespects,AquaJet,FlipTurn,WaveCrash|Jolly||M|||50|]Charizard||CharizarditeY|Blaze|HeatWave,WeatherBall,SolarBeam,Protect|Timid||M|||50|]Garchomp||LifeOrb|RoughSkin|DragonClaw,Earthquake,RockSlide,Protect|Jolly||F|||50|
|
|t:|1782583133
|teamsize|p1|4
|teamsize|p2|4
|start
|switch|p1a: Garchomp|Garchomp, L50, F|100/100
|switch|p1b: Grimmsnarl|Grimmsnarl, L50, M|100/100
|switch|p2a: Mawile|Mawile, L50, M|100/100
|switch|p2b: Farigiraf|Farigiraf, L50, F|100/100
|turn|1
|
|t:|1782583178
|switch|p1b: Charizard|Charizard, L50, F|100/100
|move|p2a: Mawile|Protect|p2a: Mawile
|-singleturn|p2a: Mawile|Protect
|move|p1a: Garchomp|Earthquake|p2b: Farigiraf|[spread] p2b
|-activate|p2a: Mawile|move: Protect
|-immune|p1b: Charizard
|-damage|p2b: Farigiraf|59/100
|move|p2b: Farigiraf|Trick Room|p2b: Farigiraf
|-fieldstart|move: Trick Room|[of] p2b: Farigiraf
|
|upkeep
|turn|2
|
|t:|1782583209
|detailschange|p2a: Mawile|Mawile-Mega, L50, M
|-mega|p2a: Mawile|Mawile|Mawilite
|detailschange|p1b: Charizard|Charizard-Mega-Y, L50, F
|-mega|p1b: Charizard|Charizard|Charizardite Y
|-weather|SunnyDay|[from] ability: Drought|[of] p1b: Charizard
|move|p2b: Farigiraf|Thunderbolt|p1b: Charizard
|-supereffective|p1b: Charizard|1
|-damage|p1b: Charizard|42/100
|move|p2a: Mawile|Play Rough|p1a: Garchomp|[miss]
|-miss|p2a: Mawile|p1a: Garchomp
|move|p1a: Garchomp|Earthquake|p2a: Mawile|[spread] p2a,p2b
|-immune|p1b: Charizard
|-supereffective|p2a: Mawile|1
|-damage|p2a: Mawile|21/100
|-damage|p2b: Farigiraf|19/100
|-enditem|p2b: Farigiraf|Sitrus Berry|[eat]
|-heal|p2b: Farigiraf|44/100|[from] item: Sitrus Berry
|move|p1b: Charizard|Heat Wave|p2a: Mawile|[spread] p2a,p2b
|-supereffective|p2a: Mawile|1
|-damage|p2a: Mawile|0 fnt
|-damage|p2b: Farigiraf|0 fnt
|faint|p2a: Mawile
|faint|p2b: Farigiraf
|
|-weather|SunnyDay|[upkeep]
|upkeep
|
|t:|1782583229
|switch|p2b: Garchomp|Garchomp, L50, F|100/100
|switch|p2a: Basculegion|Basculegion, L50, M|100/100
|turn|3
|
|t:|1782583249
|move|p1a: Garchomp|Protect|p1a: Garchomp
|-singleturn|p1a: Garchomp|Protect
|move|p1b: Charizard|Protect|p1b: Charizard
|-singleturn|p1b: Charizard|Protect
|move|p2a: Basculegion|Aqua Jet|p1b: Charizard
|-activate|p1b: Charizard|move: Protect
|move|p2b: Garchomp|Dragon Claw|p1a: Garchomp
|-activate|p1a: Garchomp|move: Protect
|
|-weather|SunnyDay|[upkeep]
|upkeep
|turn|4
|
|t:|1782583262
|switch|p1b: Toxapex|Toxapex, L50, F|100/100
|move|p2a: Basculegion|Aqua Jet|p1b: Toxapex
|-resisted|p1b: Toxapex|1
|-damage|p1b: Toxapex|96/100
|move|p1a: Garchomp|Dragon Claw|p2b: Garchomp
|-supereffective|p2b: Garchomp|1
|-damage|p2b: Garchomp|17/100
|-damage|p1a: Garchomp|87/100|[from] ability: Rough Skin|[of] p2b: Garchomp
|move|p2b: Garchomp|Dragon Claw|p1a: Garchomp
|-supereffective|p1a: Garchomp|1
|-damage|p1a: Garchomp|0 fnt
|-damage|p2b: Garchomp|5/100|[from] ability: Rough Skin|[of] p1a: Garchomp
|faint|p1a: Garchomp
|-damage|p2b: Garchomp|0 fnt|[from] item: Life Orb
|faint|p2b: Garchomp
|
|-weather|SunnyDay|[upkeep]
|-heal|p1b: Toxapex|100/100|[from] item: Leftovers
|upkeep
|
|t:|1782583275
|switch|p1a: Grimmsnarl|Grimmsnarl, L50, M|100/100
|turn|5
|-message|lil'jew forfeited.
|
|win|ThetaB
|l|☆lil'jew
|player|p2|
||ThetaB is ready for game 2.
|raw|ThetaB's rating: 1000 → 1040(+40 for winning)
|raw|lil'jew's rating: 1000 → 1000(+0 for losing)
