|j|☆nachoconpicodgallo
|j|☆urii.166
|html|nachoconpicodgallourii.166    
|uhtml|bestof|Game 2 of a best-of-3
|t:|1786068377
|gametype|doubles
|player|p1|nachoconpicodgallo|guitarist|1135
|player|p2|urii.166|102|1145
|gen|9
|tier|[Gen 9 Champions] VGC 2026 Reg M-B (Bo3)
|rated|
|rule|Species Clause: Limit one of each Pokémon
|rule|Item Clause: Limit 1 of each item
|clearpoke
|poke|p1|Gengar, L50, M, shiny|
|poke|p1|Ninetales-Alola, L50, M, shiny|
|poke|p1|Incineroar, L50, F|
|poke|p1|Scovillain, L50, M|
|poke|p1|Lycanroc-Dusk, L50, F|
|poke|p1|Dragonite, L50, F|
|poke|p2|Basculegion, L50, M|
|poke|p2|Archaludon, L50, F|
|poke|p2|Dragonite, L50, M, shiny|
|poke|p2|Whimsicott, L50, F, shiny|
|poke|p2|Scizor, L50, M, shiny|
|poke|p2|Pelipper, L50, F|
|teampreview|4
|showteam|p1|Gengar||Gengarite|CursedBody|ShadowBall,SludgeBomb,Substitute,Protect|Modest||M|||50|]Ninetales-Alola||ChoiceScarf|SnowWarning|Blizzard,FreezeDry,IcyWind,Encore|Timid||M|||50|]Incineroar||SitrusBerry|Intimidate|PartingShot,FlareBlitz,ThroatChop,FakeOut|Impish||F|||50|]Scovillain||Scovillainite|Moody|Overheat,GigaDrain,RagePowder,Protect|Bold||M|||50|]Lycanroc-Dusk||FocusSash|ToughClaws|RockSlide,CloseCombat,Accelerock,Protect|Adamant||F|||50|]Dragonite||LifeOrb|InnerFocus|DragonClaw,ExtremeSpeed,Superpower,Protect|Adamant||F|||50|
|showteam|p2|Basculegion||ChoiceScarf|Adaptability|AquaJet,LastRespects,FlipTurn,WaveCrash|Jolly||M|||50|]Archaludon||ChopleBerry|Stamina|AuraSphere,DragonPulse,FlashCannon,ElectroShot|Timid||F|||50|]Dragonite||Dragoninite|Multiscale|DracoMeteor,WeatherBall,Hurricane,Protect|Modest||M|||50|]Whimsicott||Leftovers|Prankster|Tailwind,LeechSeed,Moonblast,GigaDrain|Modest||F|||50|]Scizor||Scizorite|Technician|BugBite,BulletPunch,Protect,CloseCombat|Adamant||M|||50|]Pelipper||FocusSash|Drizzle|WeatherBall,Tailwind,Hurricane,WideGuard|Modest||F|||50|
|inactive|Battle timer is ON: inactive players will automatically lose when time's up. (requested by nachoconpicodgallo)
|inactive|nachoconpicodgallo has 60 seconds left.
|
|t:|1786068412
|teamsize|p1|4
|teamsize|p2|4
|start
|switch|p1a: Gengar|Gengar, L50, M, shiny|100/100
|switch|p1b: Incineroar|Incineroar, L50, F|100/100
|switch|p2a: Basculegion|Basculegion, L50, M|100/100
|switch|p2b: Pelipper|Pelipper, L50, F|100/100
|-weather|RainDance|[from] ability: Drizzle|[of] p2b: Pelipper
|-ability|p1b: Incineroar|Intimidate|boost
|-unboost|p2a: Basculegion|atk|1
|-unboost|p2b: Pelipper|atk|1
|turn|1
|
|t:|1786068427
|switch|p1b: Ninetales|Ninetales-Alola, L50, M, shiny|100/100
|-weather|Snowscape|[from] ability: Snow Warning|[of] p1b: Ninetales
|detailschange|p1a: Gengar|Gengar-Mega, L50, M, shiny
|-mega|p1a: Gengar|Gengar|Gengarite
|move|p2a: Basculegion|Last Respects|p1a: Gengar
|-supereffective|p1a: Gengar|1
|-damage|p1a: Gengar|45/100
|move|p1a: Gengar|Shadow Ball|p2a: Basculegion
|-supereffective|p2a: Basculegion|1
|-crit|p2a: Basculegion
|-damage|p2a: Basculegion|0 fnt
|faint|p2a: Basculegion
|move|p2b: Pelipper|Tailwind|p2b: Pelipper
|-sidestart|p2: urii.166|move: Tailwind
|
|-weather|Snowscape|[upkeep]
|upkeep
|
|t:|1786068442
|switch|p2a: Archaludon|Archaludon, L50, F|100/100
|turn|2
|
|t:|1786068452
|switch|p1b: Incineroar|Incineroar, L50, F|100/100
|-ability|p1b: Incineroar|Intimidate|boost
|-unboost|p2a: Archaludon|atk|1
|-unboost|p2b: Pelipper|atk|1
|move|p1a: Gengar|Protect|p1a: Gengar
|-singleturn|p1a: Gengar|Protect
|move|p2a: Archaludon|Flash Cannon|p1b: Incineroar
|-resisted|p1b: Incineroar|1
|-damage|p1b: Incineroar|85/100
|-unboost|p1b: Incineroar|spd|1
|move|p2b: Pelipper|Hurricane|p1a: Gengar
|-activate|p1a: Gengar|move: Protect
|
|-weather|Snowscape|[upkeep]
|upkeep
|turn|3
|inactive|urii.166 has 30 seconds left.
|
|t:|1786068481
|move|p1b: Incineroar|Fake Out|p2a: Archaludon
|-resisted|p2a: Archaludon|1
|-damage|p2a: Archaludon|95/100
|-ability|p2a: Archaludon|Stamina|boost
|-boost|p2a: Archaludon|def|1
|cant|p2a: Archaludon|flinch
|move|p1a: Gengar|Shadow Ball|p2a: Archaludon
|-damage|p2a: Archaludon|25/100
|-ability|p2a: Archaludon|Stamina|boost
|-boost|p2a: Archaludon|def|1
|move|p2b: Pelipper|Hurricane|p1b: Incineroar|[miss]
|-miss|p2b: Pelipper|p1b: Incineroar
|
|-weather|Snowscape|[upkeep]
|upkeep
|turn|4
|
|t:|1786068504
|move|p1a: Gengar|Protect|p1a: Gengar
|-singleturn|p1a: Gengar|Protect
|move|p2a: Archaludon|Dragon Pulse|p1a: Gengar
|-activate|p1a: Gengar|move: Protect
|move|p2b: Pelipper|Hurricane|p1b: Incineroar
|-damage|p1b: Incineroar|21/100
|-enditem|p1b: Incineroar|Sitrus Berry|[eat]
|-heal|p1b: Incineroar|46/100|[from] item: Sitrus Berry
|move|p1b: Incineroar|Parting Shot|p2a: Archaludon
|-unboost|p2a: Archaludon|atk|1
|-unboost|p2a: Archaludon|spa|1
|
|t:|1786068518
|switch|p1b: Ninetales|Ninetales-Alola, L50, M, shiny|100/100|[from] Parting Shot
|
|-weather|Snowscape|[upkeep]
|-sideend|p2: urii.166|move: Tailwind
|upkeep
|turn|5
|
|t:|1786068526
|move|p1b: Ninetales|Blizzard|p2b: Pelipper|[spread] p2a,p2b
|-damage|p2a: Archaludon|0 fnt
|-damage|p2b: Pelipper|62/100
|faint|p2a: Archaludon
|move|p1a: Gengar|Shadow Ball|p2b: Pelipper
|-damage|p2b: Pelipper|0 fnt
|faint|p2b: Pelipper
|
|-weather|none
|upkeep
|
|t:|1786068535
|switch|p2a: Scizor|Scizor, L50, M, shiny|100/100
|turn|6
|
|t:|1786068546
|detailschange|p2a: Scizor|Scizor-Mega, L50, M, shiny
|-mega|p2a: Scizor|Scizor|Scizorite
|move|p2a: Scizor|Bullet Punch|p1a: Gengar
|-damage|p1a: Gengar|0 fnt
|faint|p1a: Gengar
|move|p1b: Ninetales|Blizzard|p2a: Scizor
|-resisted|p2a: Scizor|1
|-damage|p2a: Scizor|81/100
|
|upkeep
|
|t:|1786068550
|switch|p1a: Incineroar|Incineroar, L50, F|46/100
|-ability|p1a: Incineroar|Intimidate|boost
|-unboost|p2a: Scizor|atk|1
|turn|7
|
|t:|1786068563
|move|p1a: Incineroar|Fake Out|p2a: Scizor
|-resisted|p2a: Scizor|1
|-damage|p2a: Scizor|77/100
|move|p1b: Ninetales|Blizzard|p2a: Scizor|[miss]
|-miss|p1b: Ninetales|p2a: Scizor
|cant|p2a: Scizor|flinch
|
|upkeep
|turn|8
|
|t:|1786068569
|move|p1b: Ninetales|Blizzard|p2a: Scizor
|-resisted|p2a: Scizor|1
|-damage|p2a: Scizor|56/100
|move|p2a: Scizor|Close Combat|p1a: Incineroar
|-supereffective|p1a: Incineroar|1
|-damage|p1a: Incineroar|0 fnt
|-unboost|p2a: Scizor|def|1
|-unboost|p2a: Scizor|spd|1
|faint|p1a: Incineroar
|
|upkeep
|
|t:|1786068574
|switch|p1a: Dragonite|Dragonite, L50, F|100/100
|turn|9
|
|t:|1786068581
|move|p2a: Scizor|Bullet Punch|p1b: Ninetales
|-supereffective|p1b: Ninetales|2
|-damage|p1b: Ninetales|0 fnt
|faint|p1b: Ninetales
|move|p1a: Dragonite|Dragon Claw|p2a: Scizor
|-resisted|p2a: Scizor|1
|-damage|p2a: Scizor|23/100
|-damage|p1a: Dragonite|90/100|[from] item: Life Orb
|
|upkeep
|turn|10
|
|t:|1786068591
|move|p2a: Scizor|Bullet Punch|p1a: Dragonite
|-damage|p1a: Dragonite|65/100
|move|p1a: Dragonite|Dragon Claw|p2a: Scizor
|-resisted|p2a: Scizor|1
|-damage|p2a: Scizor|0 fnt
|faint|p2a: Scizor
|-damage|p1a: Dragonite|55/100|[from] item: Life Orb
|
|win|nachoconpicodgallo
