|j|Ôİådaelien
|j|ÔİåIl Mule
|html|daelienIl Mule    
|uhtml|bestof|Game 1 of a best-of-3
|t:|1782393913
|gametype|doubles
|player|p1|daelien|101|1281
|player|p2|Il Mule|salvatore|1463
|gen|9
|tier|[Gen 9 Champions] VGC 2026 Reg M-B (Bo3)
|rated|
|rule|Species Clause: Limit one of each Pok├®mon
|rule|Item Clause: Limit 1 of each item
|clearpoke
|poke|p1|Kingambit, L50, F|
|poke|p1|Volcarona, L50, F|
|poke|p1|Raichu, L50, M|
|poke|p1|Sneasler, L50, F|
|poke|p1|Sinistcha, L50|
|poke|p1|Whimsicott, L50, F|
|poke|p2|Corviknight, L50, F|
|poke|p2|Tyranitar, L50, F|
|poke|p2|Sneasler, L50, M|
|poke|p2|Incineroar, L50, F|
|poke|p2|Froslass, L50, F|
|poke|p2|Garchomp, L50, F|
|teampreview|4
|showteam|p1|Kingambit||BlackGlasses|Defiant|Protect,KowtowCleave,SuckerPunch,SwordsDance|Adamant||F|||50|]Volcarona||Leftovers|FlameBody|FieryDance,StruggleBug,QuiverDance,Protect|Timid||F|||50|]Raichu||RaichuniteY|LightningRod|ZapCannon,FocusBlast,Protect,GrassKnot|Timid||M|||50|]Sneasler||WhiteHerb|Unburden|Protect,CloseCombat,DireClaw,FakeOut|Jolly||F|||50|]Sinistcha||KasibBerry|Hospitality|MatchaGotcha,Imprison,RagePowder,TrickRoom|Calm|||||50|]Whimsicott||FocusSash|Prankster|Moonblast,Tailwind,Encore,Protect|Timid||F|||50|
|showteam|p2|Corviknight||OccaBerry|MirrorArmor|BraveBird,Taunt,Tailwind,Roost|Impish||F|||50|]Tyranitar||Tyranitarite|SandStream|KnockOff,RockSlide,DragonDance,Protect|Adamant||F|||50|]Sneasler||WhiteHerb|Unburden|CloseCombat,DireClaw,Coaching,FakeOut|Jolly||M|||50|]Incineroar||SitrusBerry|Intimidate|FlareBlitz,HelpingHand,PartingShot,FakeOut|Impish||F|||50|]Froslass||Froslassite|SnowCloak|Blizzard,ShadowBall,WillOWisp,Protect|Timid||F|||50|]Garchomp||LifeOrb|RoughSkin|Earthquake,RockSlide,EarthPower,Protect|Jolly||F|||50|
|inactive|Battle timer is ON: inactive players will automatically lose when time's up. (requested by daelien)
|j| estupinanthepuledr
|j| torpedine
|j| goldaniga
|j| tyruntula
|inactive|Il Mule has 60 seconds left.
|j| rovesciaporci
|c| torpedine|internazionale
|j| lakaka siuuu
|c|Ôİådaelien|Porco giuda quanti fans
|
|t:|1782393966
|teamsize|p1|4
|teamsize|p2|4
|start
|switch|p1a: Sneasler|Sneasler, L50, F|100/100
|switch|p1b: Kingambit|Kingambit, L50, F|100/100
|switch|p2a: Sneasler|Sneasler, L50, M|100/100
|switch|p2b: Froslass|Froslass, L50, F|100/100
|turn|1
|c|Ôİådaelien|Aaah, ho visto ora il none
|c|ÔİåIl Mule|i fans sono pericolosi se sei allergico
|c|ÔİåIl Mule|non abusare dell'oki
|c| lakaka siuuu|haters semmai
|c| estupinanthepuledr|il brule
|inactive|daelien has 30 seconds left.
|inactive|Il Mule has 30 seconds left.
|inactive|Il Mule has 20 seconds left.
|c| tyruntula|Fans de che
|
|t:|1782394006
|switch|p1a: Sinistcha|Sinistcha, L50|100/100
|detailschange|p2b: Froslass|Froslass-Mega, L50, F
|-mega|p2b: Froslass|Froslass|Froslassite
|-weather|Snowscape|[from] ability: Snow Warning|[of] p2b: Froslass
|move|p1b: Kingambit|Protect|p1b: Kingambit
|-singleturn|p1b: Kingambit|Protect
|move|p2a: Sneasler|Fake Out|p1b: Kingambit
|-activate|p1b: Kingambit|move: Protect
|move|p2b: Froslass|Will-O-Wisp|p1a: Sinistcha
|-status|p1a: Sinistcha|brn
|
|-weather|Snowscape|[upkeep]
|-damage|p1a: Sinistcha|94/100 brn|[from] brn
|upkeep
|turn|2
|c| tyruntula|Tifiamo per lo sport
|
|t:|1782394022
|move|p1a: Sinistcha|Rage Powder|p1a: Sinistcha
|-singleturn|p1a: Sinistcha|move: Rage Powder
|move|p2a: Sneasler|Coaching|p2b: Froslass
|-boost|p2b: Froslass|atk|1
|-boost|p2b: Froslass|def|1
|move|p2b: Froslass|Blizzard|p1a: Sinistcha|[spread] p1a,p1b
|-supereffective|p1a: Sinistcha|1
|-resisted|p1b: Kingambit|1
|-damage|p1a: Sinistcha|3/100 brn
|-damage|p1b: Kingambit|77/100
|move|p1b: Kingambit|Kowtow Cleave|p2b: Froslass
|-supereffective|p2b: Froslass|1
|-damage|p2b: Froslass|28/100
|
|-weather|Snowscape|[upkeep]
|-damage|p1a: Sinistcha|0 fnt|[from] brn
|faint|p1a: Sinistcha
|upkeep
|
|t:|1782394034
|switch|p1a: Sneasler|Sneasler, L50, F|100/100
|turn|3
|
|t:|1782394040
|move|p1b: Kingambit|Protect|p1b: Kingambit
|-singleturn|p1b: Kingambit|Protect
|move|p1a: Sneasler|Close Combat|p2a: Sneasler
|-resisted|p2a: Sneasler|1
|-damage|p2a: Sneasler|61/100
|-unboost|p1a: Sneasler|def|1
|-unboost|p1a: Sneasler|spd|1
|-enditem|p1a: Sneasler|White Herb
|-clearnegativeboost|p1a: Sneasler|[silent]
|move|p2a: Sneasler|Close Combat|p1b: Kingambit
|-activate|p1b: Kingambit|move: Protect
|move|p2b: Froslass|Will-O-Wisp|p1b: Kingambit
|-activate|p1b: Kingambit|move: Protect
|
|-weather|Snowscape|[upkeep]
|upkeep
|turn|4
|c| tyruntula|Perch├¿ questa
|c| torpedine|da penna blu
|inactive|daelien has 30 seconds left.
|c|ÔİåIl Mule|eh s├¼
|inactive|Il Mule has 30 seconds left.
|c|ÔİåIl Mule|arbitro la penna
|
|t:|1782394074
|switch|p2b: Incineroar|Incineroar, L50, F|100/100
|-ability|p2b: Incineroar|Intimidate|boost
|-unboost|p1a: Sneasler|atk|1
|-unboost|p1b: Kingambit|atk|1
|-ability|p1b: Kingambit|Defiant|boost
|-boost|p1b: Kingambit|atk|2
|move|p1b: Kingambit|Sucker Punch|p2a: Sneasler
|-resisted|p2a: Sneasler|1
|-damage|p2a: Sneasler|10/100
|move|p1a: Sneasler|Close Combat|p2a: Sneasler
|-resisted|p2a: Sneasler|1
|-damage|p2a: Sneasler|0 fnt
|-unboost|p1a: Sneasler|def|1
|-unboost|p1a: Sneasler|spd|1
|faint|p2a: Sneasler
|
|-weather|Snowscape|[upkeep]
|upkeep
|c|ÔİåIl Mule|g2
|
|t:|1782394087
|switch|p2a: Garchomp|Garchomp, L50, F|100/100
|turn|5
|j| kelso shrug
|
|t:|1782394100
|switch|p2b: Froslass|Froslass-Mega, L50, F|28/100
|move|p1a: Sneasler|Protect|p1a: Sneasler
|-singleturn|p1a: Sneasler|Protect
|move|p1b: Kingambit|Protect|p1b: Kingambit
|-singleturn|p1b: Kingambit|Protect
|move|p2a: Garchomp|Earth Power|p2b: Froslass
|-damage|p2b: Froslass|0 fnt
|faint|p2b: Froslass
|-damage|p2a: Garchomp|90/100|[from] item: Life Orb
|
|-weather|none
|upkeep
|
|t:|1782394109
|switch|p2b: Incineroar|Incineroar, L50, F|100/100
|-ability|p2b: Incineroar|Intimidate|boost
|-unboost|p1a: Sneasler|atk|1
|-unboost|p1b: Kingambit|atk|1
|-ability|p1b: Kingambit|Defiant|boost
|-boost|p1b: Kingambit|atk|2
|turn|6
|c| tyruntula|No
|c| tyruntula|Ho visto ora no
|c| kelso shrug|Danien e Theo
|c| tyruntula|Ma perch├¿ di nuovo er palle cristo cane
|inactive|daelien has 30 seconds left.
|c|Ôİådaelien|Sono perplesso e impressionato
|inactive|daelien has 20 seconds left.
|
|t:|1782394145
|move|p1b: Kingambit|Protect||[still]
|-fail|p1b: Kingambit
|move|p2b: Incineroar|Fake Out|p1b: Kingambit
|-resisted|p1b: Kingambit|1
|-damage|p1b: Kingambit|73/100
|move|p1a: Sneasler|Close Combat|p2a: Garchomp
|-crit|p2a: Garchomp
|-damage|p2a: Garchomp|0 fnt
|-unboost|p1a: Sneasler|def|1
|-unboost|p1a: Sneasler|spd|1
|-damage|p1a: Sneasler|87/100|[from] ability: Rough Skin|[of] p2a: Garchomp
|faint|p2a: Garchomp
|
|upkeep
|turn|7
|c|ÔİåIl Mule|E PORCA MADONNA
|c| tyruntula|Olee
|c|Ôİådaelien|Noooo
|c|Ôİådaelien|Eh, sorry
|c|ÔİåIl Mule|tranquillo
|inactive|daelien has 30 seconds left.
|
|t:|1782394172
|switch|p1a: Raichu|Raichu, L50, M|100/100
|move|p1b: Kingambit|Sucker Punch|p2b: Incineroar
|-resisted|p2b: Incineroar|1
|-damage|p2b: Incineroar|67/100
|move|p2b: Incineroar|Flare Blitz|p1a: Raichu
|-damage|p1a: Raichu|32/100
|-damage|p2b: Incineroar|50/100g|[from] Recoil
|
|upkeep
|turn|8
|c| tyruntula|Dai ma come la vincevi
|c|ÔİåIl Mule|l'ho buttata i turni prima
|c| kelso shrug|Che cos'hai? Ho Daelien sulla traccia
|c|ÔİåIl Mule|avevo stravinto tyruntula
|
|t:|1782394193
|detailschange|p1a: Raichu|Raichu-Mega-Y, L50, M
|-mega|p1a: Raichu|Raichu|Raichunite Y
|move|p1b: Kingambit|Sucker Punch|p2b: Incineroar
|-resisted|p2b: Incineroar|1
|-damage|p2b: Incineroar|15/100
|-enditem|p2b: Incineroar|Sitrus Berry|[eat]
|-heal|p2b: Incineroar|40/100|[from] item: Sitrus Berry
|move|p1a: Raichu|Focus Blast|p2b: Incineroar
|-supereffective|p2b: Incineroar|1
|-damage|p2b: Incineroar|0 fnt
|faint|p2b: Incineroar
|
|win|daelien
|c|ÔİåIl Mule|eq doppia kill
|l|Ôİådaelien
|player|p1|
|c| tyruntula|Raiciu ├¿ pi├╣ veloce e ti ammazza ciomp
|c|ÔİåIl Mule|ah beh
||daelien is ready for game 2.
|inactive|Il Mule has 30 seconds to confirm battle start!
||Il Mule is ready for game 2.
|uhtml|next|Next: Game 2 of 3
|l| tyruntula
|j| tyruntula
|j| chef orte
|l|ÔİåIl Mule
|player|p2|
|l| chef orte
|l| tyruntula
