|j|☆hkings234
|j|☆Hookmaster100
|html|hkings234Hookmaster100    
|uhtml|bestof|Game 1 of a best-of-3
|t:|1785482074
|gametype|doubles
|player|p1|hkings234|170|1082
|player|p2|Hookmaster100|1|1088
|gen|9
|tier|[Gen 9 Champions] VGC 2026 Reg M-B (Bo3)
|rated|
|rule|Species Clause: Limit one of each Pokémon
|rule|Item Clause: Limit 1 of each item
|clearpoke
|poke|p1|Raichu, L50, M|
|poke|p1|Heliolisk, L50, F|
|poke|p1|Garchomp, L50, M|
|poke|p1|Tyranitar, L50, F|
|poke|p1|Whimsicott, L50, F|
|poke|p1|Corviknight, L50, M|
|poke|p2|Milotic, L50, F|
|poke|p2|Weavile, L50, M|
|poke|p2|Gholdengo, L50|
|poke|p2|Staraptor, L50, F|
|poke|p2|Whimsicott, L50, M|
|poke|p2|Raichu, L50, F|
|teampreview|4
|showteam|p1|Raichu||RaichuniteY|LightningRod|ZapCannon,FakeOut,FocusBlast,Protect|Hasty||M|||50|]Heliolisk||FocusSash|SandVeil|Discharge,Electroweb,Protect,WeatherBall|Timid||F|||50|]Garchomp||Garchompite|RoughSkin|DragonClaw,Earthquake,Protect,RockSlide|Jolly||M|||50|]Tyranitar||SitrusBerry|SandStream|DragonDance,KnockOff,RockSlide,Protect|Adamant||F|||50|]Whimsicott||FairyFeather|Prankster|Tailwind,Moonblast,Encore,StunSpore|Bold||F|||50|]Corviknight||Leftovers|MirrorArmor|BulkUp,BodyPress,Roost,BraveBird|Careful||M|||50|
|showteam|p2|Milotic||Leftovers|Competitive|Haze,Scald,MirrorCoat,Protect|Calm||F|||50|]Weavile||FocusSash|Pickpocket|IceSpinner,IceShard,KnockOff,FakeOut|Jolly||M|||50|]Gholdengo||LifeOrb|GoodasGold|MakeItRain,ShadowBall,Thunderbolt,PowerGem|Modest|||||50|]Staraptor||Staraptite|Intimidate|CloseCombat,Tailwind,BraveBird,Protect|Adamant||F|||50|]Whimsicott||KebiaBerry|Prankster|Moonblast,Tailwind,Charm,Encore|Serious||M|||50|]Raichu||RaichuniteY|Static|FocusBlast,ZapCannon,FakeOut,Protect|Bold||F|||50|
|inactive|Battle timer is ON: inactive players will automatically lose when time's up. (requested by Hookmaster100)
|inactive|Hookmaster100 has 60 seconds left.
|
|t:|1785482116
|teamsize|p1|4
|teamsize|p2|4
|start
|switch|p1a: Heliolisk|Heliolisk, L50, F|100/100
|switch|p1b: Raichu|Raichu, L50, M|100/100
|switch|p2a: Weavile|Weavile, L50, M|100/100
|switch|p2b: Gholdengo|Gholdengo, L50|100/100
|turn|1
|
|t:|1785482128
|move|p2a: Weavile|Fake Out|p1b: Raichu
|-damage|p1b: Raichu|69/100
|cant|p1b: Raichu|flinch
|move|p1a: Heliolisk|Discharge|p2b: Gholdengo|[spread] p2a,p2b
|-ability|p1b: Raichu|Lightning Rod|boost
|-boost|p1b: Raichu|spa|1
|-damage|p2a: Weavile|64/100
|-damage|p2b: Gholdengo|68/100
|-status|p2a: Weavile|par
|-status|p2b: Gholdengo|par
|move|p2b: Gholdengo|Shadow Ball|p1b: Raichu
|-damage|p1b: Raichu|0 fnt
|faint|p1b: Raichu
|-damage|p2b: Gholdengo|58/100 par|[from] item: Life Orb
|
|upkeep
|
|t:|1785482143
|switch|p1b: Tyranitar|Tyranitar, L50, F|100/100
|-weather|Sandstorm|[from] ability: Sand Stream|[of] p1b: Tyranitar
|turn|2
|
|t:|1785482156
|move|p1a: Heliolisk|Weather Ball|p2a: Weavile
|-supereffective|p2a: Weavile|1
|-damage|p2a: Weavile|0 fnt
|faint|p2a: Weavile
|move|p1b: Tyranitar|Dragon Dance|p1b: Tyranitar
|-boost|p1b: Tyranitar|atk|1
|-boost|p1b: Tyranitar|spe|1
|move|p2b: Gholdengo|Make It Rain|p1b: Tyranitar|[spread] p1a,p1b
|-resisted|p1a: Heliolisk|1
|-supereffective|p1b: Tyranitar|1
|-damage|p1a: Heliolisk|51/100
|-damage|p1b: Tyranitar|11/100
|-unboost|p2b: Gholdengo|spa|2
|-enditem|p1b: Tyranitar|Sitrus Berry|[eat]
|-heal|p1b: Tyranitar|36/100|[from] item: Sitrus Berry
|-damage|p2b: Gholdengo|48/100 par|[from] item: Life Orb
|
|-weather|Sandstorm|[upkeep]
|upkeep
|
|t:|1785482167
|switch|p2a: Raichu|Raichu, L50, F|100/100
|turn|3
|
|t:|1785482190
|detailschange|p2a: Raichu|Raichu-Mega-Y, L50, F
|-mega|p2a: Raichu|Raichu|Raichunite Y
|move|p1b: Tyranitar|Protect|p1b: Tyranitar
|-singleturn|p1b: Tyranitar|Protect
|move|p2a: Raichu|Fake Out|p1b: Tyranitar
|-activate|p1b: Tyranitar|move: Protect
|move|p1a: Heliolisk|Weather Ball|p2a: Raichu
|-damage|p2a: Raichu|61/100
|move|p2b: Gholdengo|Make It Rain|p1b: Tyranitar|[spread] p1a
|-activate|p1b: Tyranitar|move: Protect
|-resisted|p1a: Heliolisk|1
|-damage|p1a: Heliolisk|29/100
|-unboost|p2b: Gholdengo|spa|2
|-damage|p2b: Gholdengo|38/100 par|[from] item: Life Orb
|
|-weather|Sandstorm|[upkeep]
|-damage|p2a: Raichu|55/100|[from] Sandstorm
|upkeep
|turn|4
|
|t:|1785482214
|switch|p2b: Staraptor|Staraptor, L50, F|100/100
|-ability|p2b: Staraptor|Intimidate|boost
|-unboost|p1a: Heliolisk|atk|1
|-unboost|p1b: Tyranitar|atk|1
|move|p1a: Heliolisk|Discharge|p2b: Staraptor|[spread] p1b,p2a,p2b
|-resisted|p2a: Raichu|1
|-supereffective|p2b: Staraptor|1
|-damage|p1b: Tyranitar|16/100
|-damage|p2a: Raichu|37/100
|-damage|p2b: Staraptor|20/100r
|move|p1b: Tyranitar|Rock Slide|p2a: Raichu|[spread] p2a,p2b
|-supereffective|p2b: Staraptor|1
|-damage|p2a: Raichu|0 fnt
|-damage|p2b: Staraptor|0 fnt
|faint|p2a: Raichu
|faint|p2b: Staraptor
|
|-weather|Sandstorm|[upkeep]
|upkeep
|
|t:|1785482225
|switch|p2b: Gholdengo|Gholdengo, L50|38/100 par
|turn|5
|
|t:|1785482240
|move|p1a: Heliolisk|Electroweb|p2b: Gholdengo
|-damage|p2b: Gholdengo|12/100 par
|-unboost|p2b: Gholdengo|spe|1
|move|p1b: Tyranitar|Knock Off|p2b: Gholdengo
|-supereffective|p2b: Gholdengo|1
|-damage|p2b: Gholdengo|0 fnt
|-enditem|p2b: Gholdengo|Life Orb|[from] move: Knock Off|[of] p1b: Tyranitar
|faint|p2b: Gholdengo
|
|win|hkings234
||Hookmaster100 is ready for game 2.
|inactive|hkings234 has 30 seconds to confirm battle start!
