|j|☆coalossal_idiot
|j|☆Alecat
|html|coalossal_idiotAlecat    
|uhtml|bestof|Game 2 of a best-of-3
|t:|1757690127
|gametype|doubles
|player|p1|coalossal_idiot|birdkeeper|1257
|player|p2|Alecat|scientistf|1157
|gen|9
|tier|[Gen 9] VGC 2025 Reg H (Bo3)
|rated|
|rule|Species Clause: Limit one of each Pokémon
|rule|Item Clause: Limit 1 of each item
|clearpoke
|poke|p1|Samurott-Hisui, L50, M|
|poke|p1|Sneasler, L50, F|
|poke|p1|Corviknight, L50, M|
|poke|p1|Volcarona, L50, M|
|poke|p1|Electabuzz, L50, F|
|poke|p1|Whimsicott, L50, F|
|poke|p2|Sneasler, L50, M|
|poke|p2|Magmar, L50, M|
|poke|p2|Rillaboom, L50, M|
|poke|p2|Espathra, L50, F|
|poke|p2|Kingambit, L50, M|
|poke|p2|Arcanine-Hisui, L50, F|
|teampreview|4
|showteam|p1|Samurott-Hisui||ClearAmulet|Sharpness|RazorShell,KnockOff,SacredSword,Protect|||M|||50|,,,,,Fighting]Sneasler||WhiteHerb|Unburden|DireClaw,CloseCombat,Coaching,Protect|||F|||50|,,,,,Ghost]Corviknight||Leftovers|MirrorArmor|BraveBird,BodyPress,BulkUp,Roost|||M|||50|,,,,,Dragon]Volcarona||CovertCloak|FlameBody|HeatWave,GigaDrain,QuiverDance,Protect|||M|||50|,,,,,Grass]Electabuzz||Eviolite|VitalSpirit|Thunderbolt,FollowMe,Taunt,Protect|||F|||50|,,,,,Ghost]Whimsicott||FocusSash|Prankster|Moonblast,MistyTerrain,Tailwind,Encore|||F|||50|,,,,,Ghost
|showteam|p2|Sneasler||FocusSash|Unburden|FakeOut,CloseCombat,DireClaw,Coaching|||M|||50|,,,,,Ghost]Magmar||Eviolite|VitalSpirit|FollowMe,HeatWave,Taunt,Protect|||M|||50|,,,,,Dragon]Rillaboom||AssaultVest|GrassySurge|FakeOut,WoodHammer,GrassyGlide,HighHorsepower|||M|||50|,,,,,Fire]Espathra||GrassySeed|SpeedBoost|StoredPower,TeraBlast,CalmMind,Protect|||F|||50|,,,,,Fighting]Kingambit||SafetyGoggles|Defiant|KowtowCleave,SuckerPunch,SwordsDance,Protect|||M|||50|,,,,,Dark]Arcanine-Hisui||LoadedDice|Intimidate|FlareBlitz,RockBlast,ExtremeSpeed,Protect|||F|||50|,,,,,Ghost
|inactive|Battle timer is ON: inactive players will automatically lose when time's up. (requested by Alecat)
|
|t:|1757690146
|teamsize|p1|4
|teamsize|p2|4
|start
|switch|p1a: Sneasler|Sneasler, L50, F|100/100
|switch|p1b: Corviknight|Corviknight, L50, M|100/100
|switch|p2a: Arcanine|Arcanine-Hisui, L50, F, shiny|100/100
|switch|p2b: Magmar|Magmar, L50, M|100/100
|-ability|p2a: Arcanine|Intimidate|boost
|-unboost|p1a: Sneasler|atk|1
|-ability|p1b: Corviknight|Mirror Armor
|-unboost|p2a: Arcanine|atk|1
|-enditem|p1a: Sneasler|White Herb
|-clearnegativeboost|p1a: Sneasler|[silent]
|turn|1
|
|t:|1757690167
|-terastallize|p1b: Corviknight|Dragon
|move|p2a: Arcanine|Protect|p2a: Arcanine
|-singleturn|p2a: Arcanine|Protect
|move|p1a: Sneasler|Coaching|p1b: Corviknight
|-boost|p1b: Corviknight|atk|1
|-boost|p1b: Corviknight|def|1
|move|p2b: Magmar|Heat Wave|p1b: Corviknight|[spread] p1a,p1b
|-resisted|p1b: Corviknight
|-damage|p1a: Sneasler|65/100
|-damage|p1b: Corviknight|88/100
|move|p1b: Corviknight|Bulk Up|p1b: Corviknight
|-boost|p1b: Corviknight|atk|1
|-boost|p1b: Corviknight|def|1
|
|-heal|p1b: Corviknight|94/100|[from] item: Leftovers
|upkeep
|turn|2
|inactive|coalossal_idiot has 30 seconds left.
|
|t:|1757690193
|switch|p2a: Espathra|Espathra, L50, F, shiny|100/100
|move|p2b: Magmar|Follow Me|p2b: Magmar
|-singleturn|p2b: Magmar|move: Follow Me
|move|p1a: Sneasler|Close Combat|p2b: Magmar
|-damage|p2b: Magmar|39/100
|-unboost|p1a: Sneasler|def|1
|-unboost|p1a: Sneasler|spd|1
|move|p1b: Corviknight|Body Press|p2b: Magmar
|-damage|p2b: Magmar|0 fnt
|faint|p2b: Magmar
|
|-heal|p1b: Corviknight|99/100|[from] item: Leftovers
|upkeep
|inactive|Alecat has 30 seconds left.
|
|t:|1757690223
|switch|p2b: Rillaboom|Rillaboom, L50, M|100/100
|-fieldstart|move: Grassy Terrain|[from] ability: Grassy Surge|[of] p2b: Rillaboom
|-enditem|p2a: Espathra|Grassy Seed
|-boost|p2a: Espathra|def|1|[from] item: Grassy Seed
|turn|3
|inactive|Alecat has 30 seconds left.
|
|t:|1757690252
|move|p2b: Rillaboom|Fake Out|p1a: Sneasler
|-damage|p1a: Sneasler|29/100
|cant|p1a: Sneasler|flinch
|move|p2a: Espathra|Calm Mind|p2a: Espathra
|-boost|p2a: Espathra|spa|1
|-boost|p2a: Espathra|spd|1
|move|p1b: Corviknight|Brave Bird|p2b: Rillaboom
|-supereffective|p2b: Rillaboom
|-damage|p2b: Rillaboom|0 fnt
|faint|p2b: Rillaboom
|-damage|p1b: Corviknight|66/100|[from] Recoil
|
|-heal|p1a: Sneasler|35/100|[from] Grassy Terrain
|-heal|p1b: Corviknight|72/100|[from] Grassy Terrain
|-heal|p1b: Corviknight|78/100|[from] item: Leftovers
|-ability|p2a: Espathra|Speed Boost|boost
|-boost|p2a: Espathra|spe|1
|upkeep
|
|t:|1757690268
|switch|p2b: Arcanine|Arcanine-Hisui, L50, F, shiny|100/100
|-ability|p2b: Arcanine|Intimidate|boost
|-unboost|p1a: Sneasler|atk|1
|-ability|p1b: Corviknight|Mirror Armor
|-unboost|p2b: Arcanine|atk|1
|turn|4
|inactive|coalossal_idiot has 30 seconds left.
|inactive|coalossal_idiot has 20 seconds left.
|
|t:|1757690308
|move|p2a: Espathra|Protect|p2a: Espathra
|-singleturn|p2a: Espathra|Protect
|move|p2b: Arcanine|Protect|p2b: Arcanine
|-singleturn|p2b: Arcanine|Protect
|move|p1a: Sneasler|Dire Claw|p2a: Espathra
|-activate|p2a: Espathra|move: Protect
|move|p1b: Corviknight|Brave Bird|p2a: Espathra
|-activate|p2a: Espathra|move: Protect
|
|-heal|p1a: Sneasler|41/100|[from] Grassy Terrain
|-heal|p1b: Corviknight|84/100|[from] Grassy Terrain
|-heal|p1b: Corviknight|90/100|[from] item: Leftovers
|-ability|p2a: Espathra|Speed Boost|boost
|-boost|p2a: Espathra|spe|1
|upkeep
|turn|5
|
|t:|1757690324
|move|p2b: Arcanine|Extreme Speed|p1a: Sneasler
|-damage|p1a: Sneasler|0 fnt
|faint|p1a: Sneasler
|move|p2a: Espathra|Stored Power|p1b: Corviknight
|-damage|p1b: Corviknight|15/100
|move|p1b: Corviknight|Brave Bird|p2a: Espathra
|-damage|p2a: Espathra|25/100
|-damage|p1b: Corviknight|0 fnt|[from] Recoil
|faint|p1b: Corviknight
|
|-heal|p2a: Espathra|31/100|[from] Grassy Terrain
|-ability|p2a: Espathra|Speed Boost|boost
|-boost|p2a: Espathra|spe|1
|upkeep
|
|t:|1757690331
|switch|p1a: Samurott|Samurott-Hisui, L50, M|100/100
|switch|p1b: Electabuzz|Electabuzz, L50, F|100/100
|turn|6
|inactive|Alecat has 30 seconds left.
|inactive|Alecat has 20 seconds left.
|inactive|Alecat has 15 seconds left.
|inactive|Alecat has 10 seconds left.
|
|t:|1757690377
|move|p2a: Espathra|Protect|p2a: Espathra
|-singleturn|p2a: Espathra|Protect
|move|p1b: Electabuzz|Follow Me|p1b: Electabuzz
|-singleturn|p1b: Electabuzz|move: Follow Me
|move|p2b: Arcanine|Flare Blitz|p1b: Electabuzz
|-damage|p1b: Electabuzz|69/100
|-status|p1b: Electabuzz|brn
|-damage|p2b: Arcanine|90/100|[from] Recoil
|move|p1a: Samurott|Razor Shell|p2b: Arcanine
|-supereffective|p2b: Arcanine
|-damage|p2b: Arcanine|0 fnt
|faint|p2b: Arcanine
|
|-heal|p2a: Espathra|37/100|[from] Grassy Terrain
|-heal|p1b: Electabuzz|75/100 brn|[from] Grassy Terrain
|-damage|p1b: Electabuzz|69/100 brn|[from] brn
|-ability|p2a: Espathra|Speed Boost|boost
|-boost|p2a: Espathra|spe|1
|upkeep
|turn|7
|inactive|Alecat has 30 seconds left.
|inactive|Alecat has 20 seconds left.
|inactive|Alecat has 15 seconds left.
|
|t:|1757690418
|move|p1b: Electabuzz|Follow Me|p1b: Electabuzz
|-singleturn|p1b: Electabuzz|move: Follow Me
|move|p2a: Espathra|Stored Power|p1b: Electabuzz
|-damage|p1b: Electabuzz|0 fnt
|faint|p1b: Electabuzz
|move|p1a: Samurott|Razor Shell|p2a: Espathra
|-damage|p2a: Espathra|0 fnt
|faint|p2a: Espathra
|
|win|coalossal_idiot
|raw|coalossal_idiot's rating: 1257 → 1275(+18 for winning)
|raw|Alecat's rating: 1157 → 1139(-18 for losing)
