|j|☆erikafan3
|j|☆PaniniWeenie
|html|erikafan3PaniniWeenie    
|uhtml|bestof|Game 1 of a best-of-3
|t:|1756913478
|gametype|doubles
|player|p1|erikafan3|erika|1389
|player|p2|PaniniWeenie|pokemaniac|1410
|gen|9
|tier|[Gen 9] VGC 2025 Reg H (Bo3)
|rated|
|rule|Species Clause: Limit one of each Pokémon
|rule|Item Clause: Limit 1 of each item
|clearpoke
|poke|p1|Murkrow, L50, F|
|poke|p1|Baxcalibur, L50, M|
|poke|p1|Ursaluna-Bloodmoon, L50, M|
|poke|p1|Sneasler, L50, M|
|poke|p1|Indeedee, L50, M|
|poke|p1|Salamence, L50, M|
|poke|p2|Sneasler, L50, F|
|poke|p2|Volcarona, L50, M|
|poke|p2|Dragonite, L50, F|
|poke|p2|Rillaboom, L50, F|
|poke|p2|Electabuzz, L50, F|
|poke|p2|Kingambit, L50, M|
|teampreview|4
|showteam|p1|Murkrow||Eviolite|Prankster|Haze,Tailwind,FoulPlay,SunnyDay|||F|||50|,,,,,Ground]Baxcalibur||LoadedDice|ThermalExchange|IcicleSpear,IceShard,Protect,Earthquake|||M|||50|,,,,,Ground]Ursaluna-Bloodmoon||LifeOrb|MindsEye|HyperVoice,EarthPower,BloodMoon,Protect|||M|||50|,,,,,Normal]Sneasler||PsychicSeed|Unburden|ThroatChop,CloseCombat,DireClaw,Protect|||M|||50|,,,,,Dark]Indeedee||FocusSash|PsychicSurge|ExpandingForce,TrickRoom,Protect,HelpingHand|||M|||50|,,,,,Psychic]Salamence||RockyHelmet|Intimidate|AirSlash,Tailwind,DracoMeteor,Hurricane|||M|||50|,,,,,Fire
|showteam|p2|Sneasler||FocusSash|Unburden|DireClaw,CloseCombat,FakeOut,Coaching|||F|||50|,,,,,Ghost]Volcarona||Leftovers|FlameBody|HeatWave,QuiverDance,Protect,TeraBlast|||M|||50|,,,,,Fairy]Dragonite||LoadedDice|Multiscale|ScaleShot,ExtremeSpeed,Haze,Protect|||F|||50|,,,,,Steel]Rillaboom||AssaultVest|GrassySurge|WoodHammer,GrassyGlide,HighHorsepower,FakeOut|||F|||50|,,,,,Fire]Electabuzz||Eviolite|VitalSpirit|FollowMe,Thunderbolt,Taunt,Protect|||F|||50|,,,,,Fairy]Kingambit||BlackGlasses|Defiant|KowtowCleave,SuckerPunch,SwordsDance,Protect|||M|||50|,,,,,Dark
|inactive|Battle timer is ON: inactive players will automatically lose when time's up. (requested by PaniniWeenie)
|inactive|erikafan3 has 60 seconds left.
|
|t:|1756913565
|teamsize|p1|4
|teamsize|p2|4
|start
|switch|p1a: Mordred|Baxcalibur, L50, M|100/100
|switch|p1b: Karen|Murkrow, L50, F|100/100
|switch|p2a: Electabuzz|Electabuzz, L50, F|100/100
|switch|p2b: Dragonite|Dragonite, L50, F|100/100
|turn|1
|inactive|erikafan3 has 30 seconds left.
|inactive|PaniniWeenie has 30 seconds left.
|
|t:|1756913606
|-terastallize|p1a: Mordred|Ground
|move|p2a: Electabuzz|Follow Me|p2a: Electabuzz
|-singleturn|p2a: Electabuzz|move: Follow Me
|move|p1b: Karen|Tailwind|p1b: Karen
|-sidestart|p1: erikafan3|move: Tailwind
|move|p1a: Mordred|Earthquake|p2a: Electabuzz|[spread] p2a
|-immune|p1b: Karen
|-immune|p2b: Dragonite
|-supereffective|p2a: Electabuzz
|-damage|p2a: Electabuzz|37/100
|move|p2b: Dragonite|Scale Shot|p1a: Mordred
|-damage|p1a: Mordred|86/100
|-crit|p1a: Mordred
|-damage|p1a: Mordred|64/100
|-damage|p1a: Mordred|49/100
|-damage|p1a: Mordred|33/100
|-hitcount|p1a: Mordred|4
|-unboost|p2b: Dragonite|def|1
|-boost|p2b: Dragonite|spe|1
|
|upkeep
|turn|2
|inactive|erikafan3 has 30 seconds left.
|inactive|PaniniWeenie has 30 seconds left.
|
|t:|1756913645
|move|p1a: Mordred|Protect|p1a: Mordred
|-singleturn|p1a: Mordred|Protect
|move|p2a: Electabuzz|Follow Me|p2a: Electabuzz
|-singleturn|p2a: Electabuzz|move: Follow Me
|move|p1b: Karen|Foul Play|p2a: Electabuzz
|-damage|p2a: Electabuzz|19/100
|move|p2b: Dragonite|Scale Shot|p1b: Karen
|-damage|p1b: Karen|85/100
|-damage|p1b: Karen|67/100
|-damage|p1b: Karen|52/100
|-damage|p1b: Karen|37/100
|-damage|p1b: Karen|19/100
|-hitcount|p1b: Karen|5
|-unboost|p2b: Dragonite|def|1
|-boost|p2b: Dragonite|spe|1
|
|upkeep
|turn|3
|
|t:|1756913667
|switch|p2a: Rillaboom|Rillaboom, L50, F|100/100
|-fieldstart|move: Grassy Terrain|[from] ability: Grassy Surge|[of] p2a: Rillaboom
|move|p2b: Dragonite|Extreme Speed|p1a: Mordred
|-damage|p1a: Mordred|0 fnt
|faint|p1a: Mordred
|move|p1b: Karen|Haze|p1b: Karen
|-clearallboost
|
|upkeep
|inactive|erikafan3 has 30 seconds left.
|inactive|erikafan3 has 20 seconds left.
|
|t:|1756913702
|switch|p1a: Zura|Indeedee, L50, M|100/100
|-fieldstart|move: Psychic Terrain|[from] ability: Psychic Surge|[of] p1a: Zura
|turn|4
|
|t:|1756913727
|switch|p2a: Sneasler|Sneasler, L50, F|100/100
|move|p2b: Dragonite|Protect|p2b: Dragonite
|-singleturn|p2b: Dragonite|Protect
|move|p1a: Zura|Expanding Force|p2b: Dragonite|[spread] p2a
|-activate|p2b: Dragonite|move: Protect
|-supereffective|p2a: Sneasler
|-enditem|p2a: Sneasler|Focus Sash
|-damage|p2a: Sneasler|1/100
|move|p1b: Karen|Foul Play|p2b: Dragonite
|-activate|p2b: Dragonite|move: Protect
|
|-sideend|p1: erikafan3|move: Tailwind
|upkeep
|turn|5
|inactive|erikafan3 has 30 seconds left.
|inactive|PaniniWeenie has 30 seconds left.
|inactive|erikafan3 has 20 seconds left.
|
|t:|1756913764
|-terastallize|p2b: Dragonite|Steel
|move|p1b: Karen|Tailwind|p1b: Karen
|-sidestart|p1: erikafan3|move: Tailwind
|move|p2a: Sneasler|Dire Claw|p1b: Karen
|-damage|p1b: Karen|0 fnt
|faint|p1b: Karen
|move|p1a: Zura|Expanding Force|p2b: Dragonite|[spread] p2a,p2b
|-supereffective|p2a: Sneasler
|-resisted|p2b: Dragonite
|-damage|p2a: Sneasler|0 fnt
|-damage|p2b: Dragonite|86/100
|faint|p2a: Sneasler
|move|p2b: Dragonite|Scale Shot|p1a: Zura
|-damage|p1a: Zura|66/100
|-damage|p1a: Zura|32/100
|-damage|p1a: Zura|1/100
|-damage|p1a: Zura|0 fnt
|faint|p1a: Zura
|-hitcount|p1: Zura|4
|-unboost|p2b: Dragonite|def|1
|-boost|p2b: Dragonite|spe|1
|
|upkeep
|
|t:|1756913788
|switch|p2a: Electabuzz|Electabuzz, L50, F|19/100
|switch|p1b: Sneasler|Sneasler, L50, M|100/100
|-enditem|p1b: Sneasler|Psychic Seed
|-boost|p1b: Sneasler|spd|1|[from] item: Psychic Seed
|turn|6
|
|t:|1756913808
|move|p2a: Electabuzz|Follow Me|p2a: Electabuzz
|-singleturn|p2a: Electabuzz|move: Follow Me
|move|p1b: Sneasler|Dire Claw|p2a: Electabuzz
|-damage|p2a: Electabuzz|0 fnt
|faint|p2a: Electabuzz
|move|p2b: Dragonite|Scale Shot|p1b: Sneasler
|-damage|p1b: Sneasler|77/100
|-damage|p1b: Sneasler|51/100
|-damage|p1b: Sneasler|27/100
|-damage|p1b: Sneasler|2/100
|-hitcount|p1b: Sneasler|4
|-unboost|p2b: Dragonite|def|1
|-boost|p2b: Dragonite|spe|1
|
|upkeep
|
|t:|1756913819
|switch|p2a: Rillaboom|Rillaboom, L50, F|100/100
|-fieldstart|move: Grassy Terrain|[from] ability: Grassy Surge|[of] p2a: Rillaboom
|turn|7
|-message|erikafan3 forfeited.
|
|win|PaniniWeenie
|l|☆erikafan3
|player|p1|
||erikafan3 is ready for game 2.
||PaniniWeenie is ready for game 2.
|uhtml|next|Next: Game 2 of 3
