|j|☆dhairyasethia
|j|☆SFmrmimers
|html|dhairyasethiaSFmrmimers    
|uhtml|bestof|Game 1 of a best-of-3
|t:|1757641050
|gametype|doubles
|player|p1|dhairyasethia|1|1003
|player|p2|SFmrmimers|n|1073
|gen|9
|tier|[Gen 9] VGC 2025 Reg H (Bo3)
|rated|
|rule|Species Clause: Limit one of each Pokémon
|rule|Item Clause: Limit 1 of each item
|clearpoke
|poke|p1|Dusclops, L50, M|
|poke|p1|Ursaluna, L50, M|
|poke|p1|Annihilape, L50, F|
|poke|p1|Ninetales-Alola, L50, M|
|poke|p1|Grimmsnarl, L50, M|
|poke|p1|Avalugg, L50, M|
|poke|p2|Tyranitar, L50, M|
|poke|p2|Garchomp, L50, F|
|poke|p2|Gholdengo, L50|
|poke|p2|Amoonguss, L50, M|
|poke|p2|Kilowattrel, L50, F|
|poke|p2|Incineroar, L50, M|
|teampreview|4
|showteam|p1|Dusclops||Eviolite|Frisk|TrickRoom,Protect,HelpingHand,Disable|||M|||50|,,,,,Water]Ursaluna||FlameOrb|Guts|Protect,HeadlongRush,Earthquake,Facade|||M|||50|,,,,,Ghost]Annihilape||ChoiceScarf|VitalSpirit|FinalGambit,CloseCombat,RageFist,Outrage|||F|||50|,,,,,Stellar]Ninetales-Alola||AssaultVest|SnowWarning|Protect,AuroraVeil,Blizzard,HelpingHand|||M|||50|,,,,,Water]Grimmsnarl||MentalHerb|Prankster|FakeOut,ThunderWave,Trick,FoulPlay|||M|||50|,,,,,Grass]Avalugg||LifeOrb|OwnTempo|IceSpinner,Protect,HeavySlam,HighHorsepower|||M|||50|,,,,,Steel
|showteam|p2|Tyranitar||AssaultVest|SandStream|RockSlide,KnockOff,TeraBlast,LowKick|||M|||50|,,,,,Flying]Garchomp||LifeOrb|RoughSkin|Earthquake,StompingTantrum,DragonClaw,Protect|||F|||50|,,,,,Fire]Gholdengo||IronPlate|GoodasGold|MakeItRain,ShadowBall,NastyPlot,Protect||||||50|,,,,,Flying]Amoonguss||SitrusBerry|Regenerator|Spore,RagePowder,PollenPuff,Protect|||M|||50|,,,,,Water]Kilowattrel||FocusSash|Competitive|Thunderbolt,Protect,Tailwind,AirSlash|||F|||50|,,,,,Ghost]Incineroar||SafetyGoggles|Intimidate|FakeOut,PartingShot,KnockOff,FlareBlitz|||M|||50|,,,,,Ghost
|
|t:|1757641079
|teamsize|p1|4
|teamsize|p2|4
|start
|switch|p1a: Annihilape|Annihilape, L50, F|100/100
|switch|p1b: Dusclops|Dusclops, L50, M|100/100
|switch|p2a: Gholdengo|Gholdengo, L50|100/100
|switch|p2b: Amoonguss|Amoonguss, L50, M, shiny|100/100
|-item|p2a: Gholdengo|Iron Plate|[from] ability: Frisk|[of] p1b: Dusclops
|-item|p2b: Amoonguss|Sitrus Berry|[from] ability: Frisk|[of] p1b: Dusclops
|turn|1
|inactive|Battle timer is ON: inactive players will automatically lose when time's up. (requested by SFmrmimers)
|inactive|dhairyasethia has 60 seconds left.
|
|t:|1757641116
|move|p2b: Amoonguss|Rage Powder|p2b: Amoonguss
|-singleturn|p2b: Amoonguss|move: Rage Powder
|move|p1a: Annihilape|Final Gambit|p2b: Amoonguss
|-damage|p2b: Amoonguss|2/100
|-enditem|p2b: Amoonguss|Sitrus Berry|[eat]
|-heal|p2b: Amoonguss|27/100|[from] item: Sitrus Berry
|faint|p1a: Annihilape
|move|p2a: Gholdengo|Nasty Plot|p2a: Gholdengo
|-boost|p2a: Gholdengo|spa|2
|move|p1b: Dusclops|Trick Room|p1b: Dusclops
|-fieldstart|move: Trick Room|[of] p1b: Dusclops
|
|upkeep
|
|t:|1757641136
|switch|p1a: Ursaluna|Ursaluna, L50, M|100/100
|turn|2
|
|t:|1757641156
|switch|p2b: Tyranitar|Tyranitar, L50, M|100/100
|-weather|Sandstorm|[from] ability: Sand Stream|[of] p2b: Tyranitar
|-terastallize|p2a: Gholdengo|Flying
|move|p1a: Ursaluna|Protect|p1a: Ursaluna
|-singleturn|p1a: Ursaluna|Protect
|move|p1b: Dusclops|Disable||[still]
|-fail|p1b: Dusclops
|move|p2a: Gholdengo|Shadow Ball|p1b: Dusclops
|-supereffective|p1b: Dusclops
|-damage|p1b: Dusclops|11/100
|
|-weather|Sandstorm|[upkeep]
|-damage|p1b: Dusclops|5/100|[from] Sandstorm
|-damage|p2a: Gholdengo|94/100|[from] Sandstorm
|-status|p1a: Ursaluna|brn|[from] item: Flame Orb
|upkeep
|turn|3
|inactive|dhairyasethia has 30 seconds left.
|
|t:|1757641183
|move|p2a: Gholdengo|Protect|p2a: Gholdengo
|-singleturn|p2a: Gholdengo|Protect
|move|p1b: Dusclops|Disable|p2a: Gholdengo
|-activate|p2a: Gholdengo|move: Protect
|move|p1a: Ursaluna|Earthquake|p2a: Gholdengo|[spread] p1b,p2b
|-activate|p2a: Gholdengo|move: Protect
|-supereffective|p2b: Tyranitar
|-damage|p1b: Dusclops|0 fnt
|-damage|p2b: Tyranitar|2/100
|faint|p1b: Dusclops
|move|p2b: Tyranitar|Low Kick|p1a: Ursaluna
|-supereffective|p1a: Ursaluna
|-damage|p1a: Ursaluna|33/100 brn
|
|-weather|Sandstorm|[upkeep]
|-damage|p2a: Gholdengo|88/100|[from] Sandstorm
|-damage|p1a: Ursaluna|27/100 brn|[from] brn
|upkeep
|
|t:|1757641202
|switch|p1b: Avalugg|Avalugg, L50, M|100/100
|turn|4
|
|t:|1757641219
|switch|p2b: Amoonguss|Amoonguss, L50, M, shiny|60/100
|move|p1b: Avalugg|Ice Spinner|p2b: Amoonguss
|-supereffective|p2b: Amoonguss
|-damage|p2b: Amoonguss|0 fnt
|faint|p2b: Amoonguss
|-damage|p1b: Avalugg|91/100|[from] item: Life Orb
|move|p1a: Ursaluna|Facade|p2a: Gholdengo
|-damage|p2a: Gholdengo|0 fnt
|faint|p2a: Gholdengo
|
|-weather|Sandstorm|[upkeep]
|-damage|p1b: Avalugg|85/100|[from] Sandstorm
|-damage|p1a: Ursaluna|21/100 brn|[from] brn
|upkeep
|
|t:|1757641235
|switch|p2b: Garchomp|Garchomp, L50, F|100/100
|switch|p2a: Tyranitar|Tyranitar, L50, M|2/100
|turn|5
|
|t:|1757641256
|move|p2b: Garchomp|Protect|p2b: Garchomp
|-singleturn|p2b: Garchomp|Protect
|move|p1b: Avalugg|Ice Spinner|p2a: Tyranitar
|-damage|p2a: Tyranitar|0 fnt
|faint|p2a: Tyranitar
|-damage|p1b: Avalugg|75/100|[from] item: Life Orb
|move|p1a: Ursaluna|Facade|p2b: Garchomp
|-activate|p2b: Garchomp|move: Protect
|
|-weather|Sandstorm|[upkeep]
|-damage|p1b: Avalugg|69/100|[from] Sandstorm
|-damage|p1a: Ursaluna|15/100 brn|[from] brn
|-fieldend|move: Trick Room
|upkeep
|turn|6
|
|t:|1757641279
|move|p2b: Garchomp|Earthquake|p1b: Avalugg|[spread] p1a,p1b
|-damage|p1a: Ursaluna|0 fnt
|-damage|p1b: Avalugg|44/100
|faint|p1a: Ursaluna
|-damage|p2b: Garchomp|91/100|[from] item: Life Orb
|move|p1b: Avalugg|Ice Spinner|p2b: Garchomp
|-supereffective|p2b: Garchomp
|-damage|p2b: Garchomp|0 fnt
|-damage|p1b: Avalugg|31/100|[from] ability: Rough Skin|[of] p2b: Garchomp
|faint|p2b: Garchomp
|-damage|p1b: Avalugg|21/100|[from] item: Life Orb
|
|win|dhairyasethia
||SFmrmimers is ready for game 2.
|inactive|dhairyasethia has 30 seconds to confirm battle start!
||dhairyasethia is ready for game 2.
|uhtml|next|Next: Game 2 of 3
