|j|â˜†HinamikoNovelGames
|j|â˜†TeyVgc
|html|HinamikoNovelGamesTeyVgc    
|uhtml|bestof|Game 2 of a best-of-3
|t:|1783488029
|gametype|doubles
|player|p1|HinamikoNovelGames|parasollady|1290
|player|p2|TeyVgc|rood|1321
|gen|9
|tier|[Gen 9 Champions] VGC 2026 Reg M-B (Bo3)
|rated|
|rule|Species Clause: Limit one of each PokÃ©mon
|rule|Item Clause: Limit 1 of each item
|clearpoke
|poke|p1|Delphox, L50, F|
|poke|p1|Sinistcha-Masterpiece, L50|
|poke|p1|Blastoise, L50, F|
|poke|p1|Maushold, L50|
|poke|p1|Incineroar, L50, F|
|poke|p1|Sneasler, L50, M|
|poke|p2|Raichu, L50, M|
|poke|p2|Sinistcha, L50|
|poke|p2|Ceruledge, L50, F|
|poke|p2|Milotic, L50, F|
|poke|p2|Incineroar, L50, F|
|poke|p2|Floette-Eternal, L50, F|
|teampreview|4
|showteam|p1|Delphox||Delphoxite|Blaze|HeatWave,Psychic,NastyPlot,Protect|Timid||F|||50|]Sinistcha-Masterpiece||OccaBerry|Hospitality|MatchaGotcha,LifeDew,RagePowder,Protect|Calm|||||50|]Blastoise||Blastoisinite|RainDish|WaterSpout,DarkPulse,ShellSmash,Protect|Timid||F|||50|]Maushold||ChopleBerry|FriendGuard|SuperFang,Feint,FollowMe,Protect|Impish|||||50|]Incineroar||SitrusBerry|Intimidate|FakeOut,FlareBlitz,ThroatChop,PartingShot|Impish||F|||50|]Sneasler||FocusSash|PoisonTouch|FakeOut,CloseCombat,DireClaw,QuickGuard|Jolly||M|||50|
|showteam|p2|Raichu||RaichuniteY|LightningRod|ZapCannon,FocusBlast,FakeOut,Protect|Timid||M|||50|]Sinistcha||KasibBerry|Hospitality|MatchaGotcha,LifeDew,RagePowder,TrickRoom|Relaxed|||||50|]Ceruledge||ColburBerry|FlashFire|BitterBlade,ShadowSneak,BulkUp,Protect|Adamant||F|||50|]Milotic||Leftovers|Competitive|MuddyWater,Coil,Hypnosis,Protect|Calm||F|||50|]Incineroar||SitrusBerry|Intimidate|FlareBlitz,ThroatChop,FakeOut,PartingShot|Impish||F|||50|]Floette-Eternal||Floettite|FlowerVeil|CalmMind,Protect,Moonblast,DazzlingGleam|Modest||F|||50|
|
|t:|1783488051
|teamsize|p1|4
|teamsize|p2|4
|start
|switch|p1a: Delphox|Delphox, L50, F|100/100
|switch|p1b: Sinistcha|Sinistcha-Masterpiece, L50|100/100
|switch|p2a: Sinistcha|Sinistcha, L50|100/100
|switch|p2b: Floette|Floette-Eternal, L50, F|100/100
|turn|1
|
|t:|1783488063
|switch|p2a: Ceruledge|Ceruledge, L50, F|100/100
|detailschange|p1a: Delphox|Delphox-Mega, L50, F
|-mega|p1a: Delphox|Delphox|Delphoxite
|detailschange|p2b: Floette|Floette-Mega, L50, F
|-mega|p2b: Floette|Floette|Floettite
|-ability|p2b: Floette|Fairy Aura
|move|p1a: Delphox|Nasty Plot|p1a: Delphox
|-boost|p1a: Delphox|spa|2
|move|p2b: Floette|Moonblast|p1b: Sinistcha
|-damage|p1b: Sinistcha|33/100
|move|p1b: Sinistcha|Life Dew||[still]|[spread] p1a,p1b
|-fail|p1a: Delphox|heal
|-heal|p1b: Sinistcha|58/100
|
|upkeep
|turn|2
|
|t:|1783488082
|switch|p1b: Maushold|Maushold, L50|100/100
|move|p1a: Delphox|Nasty Plot|p1a: Delphox
|-boost|p1a: Delphox|spa|2
|move|p2b: Floette|Dazzling Gleam|p1b: Maushold|[spread] p1a,p1b
|-resisted|p1a: Delphox|1
|-damage|p1a: Delphox|84/100
|-damage|p1b: Maushold|55/100
|move|p2a: Ceruledge|Bulk Up|p2a: Ceruledge
|-boost|p2a: Ceruledge|atk|1
|-boost|p2a: Ceruledge|def|1
|
|upkeep
|turn|3
|
|t:|1783488097
|move|p2b: Floette|Protect|p2b: Floette
|-singleturn|p2b: Floette|Protect
|move|p1b: Maushold|Follow Me|p1b: Maushold
|-singleturn|p1b: Maushold|move: Follow Me
|move|p1a: Delphox|Psychic|p2a: Ceruledge
|-damage|p2a: Ceruledge|0 fnt
|faint|p2a: Ceruledge
|
|upkeep
|
|t:|1783488104
|switch|p2a: Milotic|Milotic, L50, F|100/100
|turn|4
|
|t:|1783488111
|move|p1b: Maushold|Follow Me|p1b: Maushold
|-singleturn|p1b: Maushold|move: Follow Me
|move|p1a: Delphox|Psychic|p2b: Floette
|-damage|p2b: Floette|0 fnt
|faint|p2b: Floette
|move|p2a: Milotic|Muddy Water|p1a: Delphox|[spread] p1a,p1b
|-supereffective|p1a: Delphox|1
|-damage|p1a: Delphox|52/100
|-damage|p1b: Maushold|29/100
|-unboost|p1a: Delphox|accuracy|1
|
|upkeep
|
|t:|1783488116
|switch|p2b: Sinistcha|Sinistcha, L50|100/100
|turn|5
|c|â˜†HinamikoNovelGames|gg
|
|t:|1783488130
|switch|p1b: Sinistcha|Sinistcha-Masterpiece, L50|58/100
|-heal|p1a: Delphox|76/100|[from] ability: Hospitality|[of] p1b: Sinistcha
|move|p1a: Delphox|Heat Wave|p2b: Sinistcha|[spread] p2a,p2b
|-resisted|p2a: Milotic|1
|-supereffective|p2b: Sinistcha|1
|-damage|p2a: Milotic|62/100
|-damage|p2b: Sinistcha|0 fnt
|faint|p2b: Sinistcha
|move|p2a: Milotic|Muddy Water|p1a: Delphox|[spread] p1b
|-miss|p2a: Milotic|p1a: Delphox
|-resisted|p1b: Sinistcha|1
|-damage|p1b: Sinistcha|47/100
|
|-heal|p2a: Milotic|68/100|[from] item: Leftovers
|upkeep
|turn|6
|
|t:|1783488138
|move|p1a: Delphox|Psychic|p2a: Milotic
|-damage|p2a: Milotic|0 fnt
|faint|p2a: Milotic
|
|win|HinamikoNovelGames
|raw|HinamikoNovelGames's rating: 1290 → 1317(+27 for winning)
|raw|TeyVgc's rating: 1321 → 1299(-22 for losing)
