|j|☆higigig
|j|☆seb_prdz
|html|higigigseb_prdz    
|uhtml|bestof|Game 3 of a best-of-3
|t:|1756725600
|gametype|doubles
|player|p1|higigig|sisandbro|1162
|player|p2|seb_prdz|lucas|1079
|gen|9
|tier|[Gen 9] VGC 2025 Reg H (Bo3)
|rated|
|rule|Species Clause: Limit one of each Pokémon
|rule|Item Clause: Limit 1 of each item
|clearpoke
|poke|p1|Sneasler, L50, M|
|poke|p1|Gholdengo, L50|
|poke|p1|Amoonguss, L50, M|
|poke|p1|Incineroar, L50, F|
|poke|p1|Ursaluna-Bloodmoon, L50, M|
|poke|p1|Farigiraf, L50, F|
|poke|p2|Tyranitar, L50, F|
|poke|p2|Volcarona, L50, F|
|poke|p2|Talonflame, L50, M|
|poke|p2|Garchomp, L50, F|
|poke|p2|Sinistcha-Masterpiece, L50|
|poke|p2|Gholdengo, L50|
|teampreview|4
|showteam|p1|Sneasler||ClearAmulet|PoisonTouch|FakeOut,CloseCombat,DireClaw,Protect|||M|||50|,,,,,Water]Gholdengo||LifeOrb|GoodasGold|NastyPlot,MakeItRain,ShadowBall,Protect||||||50|,,,,,Water]Amoonguss||MentalHerb|Regenerator|Spore,RagePowder,PollenPuff,Protect|||M|||50|,,,,,Water]Incineroar||SafetyGoggles|Intimidate|FakeOut,FlareBlitz,KnockOff,PartingShot|||F|||50|,,,,,Ghost]Ursaluna-Bloodmoon||SilkScarf|MindsEye|CalmMind,HyperVoice,EarthPower,BloodMoon|||M|||50|,,,,,Poison]Farigiraf||ThroatSpray|ArmorTail|HyperVoice,Psychic,TrickRoom,Protect|||F|||50|,,,,,Dragon
|showteam|p2|Tyranitar||AssaultVest|SandStream|RockSlide,KnockOff,LowKick,TeraBlast|||F|||50|,,,,,Flying]Volcarona||SafetyGoggles|FlameBody|TeraBlast,HeatWave,QuiverDance,Protect|||F|||50|,,,,,Fairy]Talonflame||CovertCloak|GaleWings|BraveBird,Taunt,Tailwind,WillOWisp|||M|||50|,,,,,Ghost]Garchomp||LoadedDice|RoughSkin|ScaleShot,Earthquake,SwordsDance,Protect|||F|||50|,,,,,Fire]Sinistcha-Masterpiece||SitrusBerry|Hospitality|MatchaGotcha,Scald,StrengthSap,RagePowder||||||50|,,,,,Water]Gholdengo||LifeOrb|GoodasGold|MakeItRain,ShadowBall,NastyPlot,Protect||||||50|,,,,,Flying
|inactive|Battle timer is ON: inactive players will automatically lose when time's up. (requested by higigig)
|inactive|higigig has 60 seconds left.
|inactive|higigig has 30 seconds left.
|inactive|higigig has 20 seconds left.
|inactive|higigig has 15 seconds left.
|inactive|higigig has 10 seconds left.
|inactive|higigig has 5 seconds left.
|
|t:|1756725687
|teamsize|p1|4
|teamsize|p2|4
|start
|switch|p1a: Farigiraf|Farigiraf, L50, F|100/100
|switch|p1b: Ursaluna|Ursaluna-Bloodmoon, L50, M|100/100
|switch|p2a: Talonflame|Talonflame, L50, M|100/100
|switch|p2b: Volcarona|Volcarona, L50, F|100/100
|turn|1
|inactive|seb_prdz has 30 seconds left.
|inactive|seb_prdz has 20 seconds left.
|
|t:|1756725723
|move|p2a: Talonflame|Taunt|p1a: Farigiraf
|-start|p1a: Farigiraf|move: Taunt
|move|p2b: Volcarona|Quiver Dance|p2b: Volcarona
|-boost|p2b: Volcarona|spa|1
|-boost|p2b: Volcarona|spd|1
|-boost|p2b: Volcarona|spe|1
|move|p1b: Ursaluna|Calm Mind|p1b: Ursaluna
|-boost|p1b: Ursaluna|spa|1
|-boost|p1b: Ursaluna|spd|1
|move|p1a: Farigiraf|Hyper Voice|p2a: Talonflame|[spread] p2a,p2b
|-damage|p2a: Talonflame|57/100
|-damage|p2b: Volcarona|80/100
|-enditem|p1a: Farigiraf|Throat Spray
|-boost|p1a: Farigiraf|spa|1|[from] item: Throat Spray
|
|upkeep
|turn|2
|inactive|higigig has 30 seconds left.
|
|t:|1756725750
|move|p2a: Talonflame|Taunt|p1b: Ursaluna
|-start|p1b: Ursaluna|move: Taunt
|move|p2b: Volcarona|Quiver Dance|p2b: Volcarona
|-boost|p2b: Volcarona|spa|1
|-boost|p2b: Volcarona|spd|1
|-boost|p2b: Volcarona|spe|1
|move|p1b: Ursaluna|Hyper Voice|p2a: Talonflame|[spread] p2a,p2b
|-damage|p2a: Talonflame|0 fnt
|-damage|p2b: Volcarona|49/100
|faint|p2a: Talonflame
|move|p1a: Farigiraf|Psychic|p2b: Volcarona
|-damage|p2b: Volcarona|18/100
|
|upkeep
|
|t:|1756725768
|switch|p2a: Sinistcha|Sinistcha-Masterpiece, L50|100/100
|-heal|p2b: Volcarona|43/100|[from] ability: Hospitality|[of] p2a: Sinistcha
|turn|3
|
|t:|1756725790
|move|p2b: Volcarona|Heat Wave|p1a: Farigiraf|[spread] p1a,p1b
|-damage|p1a: Farigiraf|26/100
|-damage|p1b: Ursaluna|42/100
|move|p2a: Sinistcha|Matcha Gotcha|p1b: Ursaluna|[spread] p1a,p1b
|-supereffective|p1b: Ursaluna
|-damage|p1a: Farigiraf|2/100
|-damage|p1b: Ursaluna|6/100
|-status|p1a: Farigiraf|brn
|move|p1b: Ursaluna|Hyper Voice|p2b: Volcarona|[spread] p2a,p2b
|-damage|p2a: Sinistcha|41/100
|-damage|p2b: Volcarona|11/100
|-enditem|p2a: Sinistcha|Sitrus Berry|[eat]
|-heal|p2a: Sinistcha|66/100|[from] item: Sitrus Berry
|move|p1a: Farigiraf|Hyper Voice|p2a: Sinistcha|[spread] p2b
|-immune|p2a: Sinistcha
|-damage|p2b: Volcarona|0 fnt
|faint|p2b: Volcarona
|
|-damage|p1a: Farigiraf|0 fnt|[from] brn
|faint|p1a: Farigiraf
|upkeep
|inactive|higigig has 30 seconds left.
|
|t:|1756725825
|switch|p2b: Tyranitar|Tyranitar, L50, F|100/100
|switch|p1a: Amoonguss|Amoonguss, L50, M|100/100
|-weather|Sandstorm|[from] ability: Sand Stream|[of] p2b: Tyranitar
|turn|4
|inactive|seb_prdz has 30 seconds left.
|inactive|seb_prdz has 20 seconds left.
|inactive|seb_prdz has 15 seconds left.
|inactive|seb_prdz has 10 seconds left.
|
|t:|1756725872
|-terastallize|p2b: Tyranitar|Flying
|move|p2a: Sinistcha|Matcha Gotcha|p1b: Ursaluna|[spread] p1a,p1b
|-resisted|p1a: Amoonguss
|-supereffective|p1b: Ursaluna
|-damage|p1a: Amoonguss|95/100
|-heal|p2a: Sinistcha|69/100|[from] drain|[of] p1a: Amoonguss
|-damage|p1b: Ursaluna|0 fnt
|-heal|p2a: Sinistcha|73/100|[from] drain|[of] p1b: Ursaluna
|faint|p1b: Ursaluna
|move|p2b: Tyranitar|Tera Blast|p1a: Amoonguss|[anim] Tera Blast Flying
|-supereffective|p1a: Amoonguss
|-damage|p1a: Amoonguss|19/100
|move|p1a: Amoonguss|Spore|p2b: Tyranitar
|-status|p2b: Tyranitar|slp|[from] move: Spore
|
|-weather|Sandstorm|[upkeep]
|-damage|p2a: Sinistcha|67/100|[from] Sandstorm
|-damage|p2b: Tyranitar|95/100 slp|[from] Sandstorm
|-damage|p1a: Amoonguss|13/100|[from] Sandstorm
|upkeep
|
|t:|1756725883
|switch|p1b: Sneasler|Sneasler, L50, M|100/100
|turn|5
|
|t:|1756725900
|move|p1a: Amoonguss|Protect|p1a: Amoonguss
|-singleturn|p1a: Amoonguss|Protect
|move|p1b: Sneasler|Dire Claw|p2a: Sinistcha
|-damage|p2a: Sinistcha|25/100
|-status|p2a: Sinistcha|psn|[from] ability: Poison Touch|[of] p1b: Sneasler
|move|p2a: Sinistcha|Strength Sap|p1b: Sneasler
|-fail|p1b: Sneasler|unboost|[from] item: Clear Amulet|[of] p1b: Sneasler
|-heal|p2a: Sinistcha|100/100 psn
|cant|p2b: Tyranitar|slp
|
|-weather|Sandstorm|[upkeep]
|-damage|p1b: Sneasler|94/100|[from] Sandstorm
|-damage|p2a: Sinistcha|95/100 psn|[from] Sandstorm
|-damage|p2b: Tyranitar|89/100 slp|[from] Sandstorm
|-damage|p1a: Amoonguss|7/100|[from] Sandstorm
|-damage|p2a: Sinistcha|82/100 psn|[from] psn
|upkeep
|turn|6
|
|t:|1756725920
|move|p1b: Sneasler|Dire Claw|p2b: Tyranitar
|-damage|p2b: Tyranitar|52/100 slp
|move|p2a: Sinistcha|Scald|p1b: Sneasler
|-damage|p1b: Sneasler|68/100
|-status|p1b: Sneasler|brn
|-curestatus|p2b: Tyranitar|slp|[msg]
|move|p2b: Tyranitar|Tera Blast|p1b: Sneasler|[anim] Tera Blast Flying
|-supereffective|p1b: Sneasler
|-damage|p1b: Sneasler|0 fnt
|faint|p1b: Sneasler
|move|p1a: Amoonguss|Spore|p2b: Tyranitar
|-status|p2b: Tyranitar|slp|[from] move: Spore
|
|-weather|Sandstorm|[upkeep]
|-damage|p2a: Sinistcha|77/100 psn|[from] Sandstorm
|-damage|p2b: Tyranitar|46/100 slp|[from] Sandstorm
|-damage|p1a: Amoonguss|1/100|[from] Sandstorm
|-damage|p2a: Sinistcha|64/100 psn|[from] psn
|upkeep
|turn|7
|-message|higigig forfeited.
|
|win|seb_prdz
|raw|higigig's rating: 1162 → 1131(-31 for losing)
|raw|seb_prdz's rating: 1079 → 1114(+35 for winning)
