|j|☆bpecina03
|j|☆suzerdito
|html|bpecina03suzerdito    
|uhtml|bestof|Game 2 of a best-of-3
|t:|1784075634
|gametype|doubles
|player|p1|bpecina03|266|1327
|player|p2|suzerdito|steven|1302
|gen|9
|tier|[Gen 9 Champions] VGC 2026 Reg M-B (Bo3)
|rated|
|rule|Species Clause: Limit one of each Pokémon
|rule|Item Clause: Limit 1 of each item
|clearpoke
|poke|p1|Delphox, L50, F|
|poke|p1|Staraptor, L50, F|
|poke|p1|Basculegion, L50, M|
|poke|p1|Sinistcha, L50|
|poke|p1|Garchomp, L50, M|
|poke|p1|Kingambit, L50, M|
|poke|p2|Aerodactyl, L50, F|
|poke|p2|Kingambit, L50, F, shiny|
|poke|p2|Charizard, L50, F, shiny|
|poke|p2|Sylveon, L50, F, shiny|
|poke|p2|Farigiraf, L50, F|
|poke|p2|Garchomp, L50, F|
|teampreview|4
|showteam|p1|Delphox||Delphoxite|Blaze|Psychic,HeatWave,NastyPlot,Protect|Timid||F|||50|]Staraptor||Staraptite|Intimidate|Protect,Tailwind,CloseCombat,BraveBird|Jolly||F|||50|]Basculegion||FocusSash|Adaptability|Protect,AquaJet,Liquidation,LastRespects|Jolly||M|||50|]Sinistcha||SitrusBerry|Hospitality|MatchaGotcha,TrickRoom,RagePowder,StrengthSap|Calm|||||50|]Garchomp||LifeOrb|RoughSkin|RockSlide,Earthquake,DragonClaw,Protect|Jolly||M|||50|]Kingambit||BlackGlasses|Defiant|Protect,KowtowCleave,IronHead,SuckerPunch|Adamant||M|||50|
|showteam|p2|Aerodactyl||Aerodactylite|Unnerve|RockSlide,IceFang,Tailwind,DualWingbeat|Jolly||F|||50|]Kingambit||FocusSash|Defiant|KowtowCleave,IronHead,SuckerPunch,LowKick|Adamant||F|||50|]Charizard||CharizarditeY|Blaze|Protect,HeatWave,SolarBeam,WeatherBall|Modest||F|||50|]Sylveon||FairyFeather|Pixilate|Detect,QuickAttack,HyperVoice,HyperBeam|Modest||F|||50|]Farigiraf||SitrusBerry|ArmorTail|Psychic,Thunderbolt,TrickRoom,Roar|Bold||F|||50|]Garchomp||LifeOrb|RoughSkin|Protect,RockSlide,Earthquake,DragonClaw|Jolly||F|||50|
|inactive|Battle timer is ON: inactive players will automatically lose when time's up. (requested by suzerdito)
|
|t:|1784075649
|teamsize|p1|4
|teamsize|p2|4
|start
|switch|p1a: Delphox|Delphox, L50, F|100/100
|switch|p1b: Basculegion|Basculegion, L50, M|100/100
|switch|p2a: Aerodactyl|Aerodactyl, L50, F|100/100
|switch|p2b: Sylveon|Sylveon, L50, F, shiny|100/100
|-ability|p2a: Aerodactyl|Unnerve
|turn|1
|
|t:|1784075667
|switch|p2b: Kingambit|Kingambit, L50, F, shiny|100/100
|detailschange|p2a: Aerodactyl|Aerodactyl-Mega, L50, F
|-mega|p2a: Aerodactyl|Aerodactyl|Aerodactylite
|detailschange|p1a: Delphox|Delphox-Mega, L50, F
|-mega|p1a: Delphox|Delphox|Delphoxite
|move|p1a: Delphox|Protect|p1a: Delphox
|-singleturn|p1a: Delphox|Protect
|move|p2a: Aerodactyl|Rock Slide|p1b: Basculegion|[spread] p1b
|-activate|p1a: Delphox|move: Protect
|-damage|p1b: Basculegion|69/100
|move|p1b: Basculegion|Liquidation|p2a: Aerodactyl
|-supereffective|p2a: Aerodactyl|1
|-damage|p2a: Aerodactyl|0 fnt
|faint|p2a: Aerodactyl
|
|upkeep
|
|t:|1784075676
|switch|p2a: Garchomp|Garchomp, L50, F|100/100
|turn|2
|
|t:|1784075692
|switch|p1a: Kingambit|Kingambit, L50, M|100/100
|move|p1b: Basculegion|Aqua Jet|p2b: Kingambit
|-damage|p2b: Kingambit|77/100
|move|p2b: Kingambit|Sucker Punch||[still]
|-fail|p2b: Kingambit
|move|p2a: Garchomp|Rock Slide|p1a: Kingambit|[spread] p1a,p1b
|-resisted|p1a: Kingambit|1
|-damage|p1a: Kingambit|90/100
|-damage|p1b: Basculegion|35/100
|-damage|p2a: Garchomp|90/100|[from] item: Life Orb
|
|upkeep
|turn|3
|inactive|suzerdito has 30 seconds left.
|inactive|suzerdito has 20 seconds left.
|
|t:|1784075727
|move|p1b: Basculegion|Aqua Jet|p2b: Kingambit
|-crit|p2b: Kingambit
|-damage|p2b: Kingambit|42/100
|move|p1a: Kingambit|Sucker Punch|p2a: Garchomp
|-damage|p2a: Garchomp|43/100
|-damage|p1a: Kingambit|78/100|[from] ability: Rough Skin|[of] p2a: Garchomp
|move|p2a: Garchomp|Rock Slide|p1b: Basculegion|[spread] p1a,p1b
|-resisted|p1a: Kingambit|1
|-damage|p1a: Kingambit|69/100
|-damage|p1b: Basculegion|2/100
|-damage|p2a: Garchomp|33/100|[from] item: Life Orb
|move|p2b: Kingambit|Low Kick|p1a: Kingambit
|-supereffective|p1a: Kingambit|2
|-damage|p1a: Kingambit|0 fnt
|faint|p1a: Kingambit
|
|upkeep
|
|t:|1784075743
|switch|p1a: Garchomp|Garchomp, L50, M|100/100
|turn|4
|inactive|bpecina03 has 30 seconds left.
|inactive|suzerdito has 30 seconds left.
|
|t:|1784075780
|move|p1b: Basculegion|Aqua Jet|p2b: Kingambit
|-damage|p2b: Kingambit|19/100
|move|p2b: Kingambit|Sucker Punch|p1a: Garchomp
|-damage|p1a: Garchomp|58/100
|-damage|p2b: Kingambit|7/100|[from] ability: Rough Skin|[of] p1a: Garchomp
|move|p2a: Garchomp|Dragon Claw|p1a: Garchomp
|-supereffective|p1a: Garchomp|1
|-damage|p1a: Garchomp|0 fnt
|-damage|p2a: Garchomp|21/100|[from] ability: Rough Skin|[of] p1a: Garchomp
|faint|p1a: Garchomp
|-damage|p2a: Garchomp|12/100|[from] item: Life Orb
|
|upkeep
|
|t:|1784075792
|switch|p1a: Delphox|Delphox-Mega, L50, F|100/100
|turn|5
|
|t:|1784075804
|move|p1b: Basculegion|Aqua Jet|p2b: Kingambit
|-crit|p2b: Kingambit
|-damage|p2b: Kingambit|0 fnt
|faint|p2b: Kingambit
|move|p1a: Delphox|Psychic|p2a: Garchomp
|-damage|p2a: Garchomp|0 fnt
|faint|p2a: Garchomp
|
|upkeep
|
|t:|1784075812
|switch|p2b: Sylveon|Sylveon, L50, F, shiny|100/100
|turn|6
|
|t:|1784075819
|move|p2b: Sylveon|Quick Attack|p1b: Basculegion
|-damage|p1b: Basculegion|0 fnt
|faint|p1b: Basculegion
|move|p1a: Delphox|Psychic|p2b: Sylveon
|-crit|p2b: Sylveon
|-damage|p2b: Sylveon|33/100
|
|upkeep
|turn|7
|
|t:|1784075827
|move|p1a: Delphox|Psychic|p2b: Sylveon
|-damage|p2b: Sylveon|0 fnt
|faint|p2b: Sylveon
|
|win|bpecina03
|raw|bpecina03's rating: 1327 → 1346(+19 for winning)
|raw|suzerdito's rating: 1302 → 1283(-19 for losing)
|l|☆suzerdito
|player|p2|
