|j|☆teyvgc
|j|☆Giraldo567
|html|teyvgcGiraldo567    
|uhtml|bestof|Game 2 of a best-of-3
|t:|1785890751
|gametype|doubles
|player|p1|teyvgc|rood|1210
|player|p2|Giraldo567|1|1148
|gen|9
|tier|[Gen 9 Champions] VGC 2026 Reg M-B (Bo3)
|rated|
|rule|Species Clause: Limit one of each Pokémon
|rule|Item Clause: Limit 1 of each item
|clearpoke
|poke|p1|Staraptor, L50, M|
|poke|p1|Metagross, L50|
|poke|p1|Farigiraf, L50, F|
|poke|p1|Whimsicott, L50, F|
|poke|p1|Garchomp, L50, F|
|poke|p1|Ceruledge, L50, M|
|poke|p2|Milotic, L50, M|
|poke|p2|Kingambit, L50, F|
|poke|p2|Clefable, L50, M|
|poke|p2|Incineroar, L50, M|
|poke|p2|Aerodactyl, L50, F|
|poke|p2|Charizard, L50, M|
|teampreview|4
|showteam|p1|Staraptor||Staraptite|Intimidate|Protect,CloseCombat,BraveBird,Roost|Jolly||M|||50|]Metagross||Metagrossite|ClearBody|Protect,IronHead,PsychicFangs,StompingTantrum|Adamant|||||50|]Farigiraf||SitrusBerry|ArmorTail|HelpingHand,Psychic,Thunderbolt,TrickRoom|Calm||F|||50|]Whimsicott||FocusSash|Prankster|Moonblast,Tailwind,Charm,Encore|Timid||F|||50|]Garchomp||LifeOrb|RoughSkin|Protect,StompingTantrum,RockSlide,DragonClaw|Jolly||F|||50|]Ceruledge||ColburBerry|FlashFire|Protect,ShadowSneak,BulkUp,BitterBlade|Adamant||M|||50|
|showteam|p2|Milotic||Leftovers|Competitive|Coil,Hypnosis,Protect,MuddyWater|Calm||M|||50|]Kingambit||BlackGlasses|Defiant|SuckerPunch,LowKick,KowtowCleave,IronHead|Careful||F|||50|]Clefable||SitrusBerry|Unaware|FollowMe,DazzlingGleam,Protect,LifeDew|Calm||M|||50|]Incineroar||ColburBerry|Intimidate|FakeOut,FlareBlitz,PartingShot,DarkestLariat|Adamant||M|||50|]Aerodactyl||Aerodactylite|RockHead|RockSlide,DualWingbeat,Tailwind,Protect|Jolly||F|||50|]Charizard||CharizarditeY|Blaze|HeatWave,WeatherBall,Protect,SolarBeam|Modest||M|||50|
|inactive|Battle timer is ON: inactive players will automatically lose when time's up. (requested by Giraldo567)
|
|t:|1785890779
|teamsize|p1|4
|teamsize|p2|4
|start
|switch|p1a: Smart Iron Brick|Metagross, L50|100/100
|switch|p1b: SwagTastic|Ceruledge, L50, M|100/100
|switch|p2a: Mbappe|Milotic, L50, M|100/100
|switch|p2b: Aerodactyl|Aerodactyl, L50, F|100/100
|turn|1
|
|t:|1785890792
|switch|p1b: Trick Room Hater|Whimsicott, L50, F|100/100
|detailschange|p1a: Smart Iron Brick|Metagross-Mega, L50
|-mega|p1a: Smart Iron Brick|Metagross|Metagrossite
|move|p2b: Aerodactyl|Tailwind|p2b: Aerodactyl
|-sidestart|p2: Giraldo567|move: Tailwind
|move|p2a: Mbappe|Coil|p2a: Mbappe
|-boost|p2a: Mbappe|atk|1
|-boost|p2a: Mbappe|def|1
|-boost|p2a: Mbappe|accuracy|1
|move|p1a: Smart Iron Brick|Iron Head|p2b: Aerodactyl
|-supereffective|p2b: Aerodactyl|1
|-damage|p2b: Aerodactyl|0 fnt
|faint|p2b: Aerodactyl
|
|upkeep
|
|t:|1785890801
|switch|p2b: Charizard|Charizard, L50, M|100/100
|turn|2
|
|t:|1785890821
|switch|p1a: SwagTastic|Ceruledge, L50, M|100/100
|detailschange|p2b: Charizard|Charizard-Mega-Y, L50, M
|-mega|p2b: Charizard|Charizard|Charizardite Y
|-weather|SunnyDay|[from] ability: Drought|[of] p2b: Charizard
|move|p1b: Trick Room Hater|Encore|p2a: Mbappe
|-start|p2a: Mbappe|Encore
|move|p2b: Charizard|Heat Wave|p1a: SwagTastic|[spread] p1b
|-start|p1a: SwagTastic|ability: Flash Fire
|-supereffective|p1b: Trick Room Hater|1
|-enditem|p1b: Trick Room Hater|Focus Sash
|-damage|p1b: Trick Room Hater|1/100
|move|p2a: Mbappe|Coil|p2a: Mbappe
|-boost|p2a: Mbappe|atk|1
|-boost|p2a: Mbappe|def|1
|-boost|p2a: Mbappe|accuracy|1
|
|-weather|SunnyDay|[upkeep]
|upkeep
|turn|3
|
|t:|1785890839
|move|p1b: Trick Room Hater|Tailwind|p1b: Trick Room Hater
|-sidestart|p1: teyvgc|move: Tailwind
|move|p2b: Charizard|Weather Ball|p1b: Trick Room Hater
|-supereffective|p1b: Trick Room Hater|1
|-damage|p1b: Trick Room Hater|0 fnt
|faint|p1b: Trick Room Hater
|move|p1a: SwagTastic|Bulk Up|p1a: SwagTastic
|-boost|p1a: SwagTastic|atk|1
|-boost|p1a: SwagTastic|def|1
|move|p2a: Mbappe|Coil|p2a: Mbappe
|-boost|p2a: Mbappe|atk|1
|-boost|p2a: Mbappe|def|1
|-boost|p2a: Mbappe|accuracy|1
|
|-weather|SunnyDay|[upkeep]
|upkeep
|
|t:|1785890851
|switch|p1b: No Hands|Garchomp, L50, F|100/100
|turn|4
|
|t:|1785890865
|move|p2b: Charizard|Protect|p2b: Charizard
|-singleturn|p2b: Charizard|Protect
|move|p1b: No Hands|Rock Slide|p2b: Charizard|[spread] p2a
|-activate|p2b: Charizard|move: Protect
|-damage|p2a: Mbappe|90/100
|-damage|p1b: No Hands|90/100|[from] item: Life Orb
|move|p1a: SwagTastic|Bulk Up|p1a: SwagTastic
|-boost|p1a: SwagTastic|atk|1
|-boost|p1a: SwagTastic|def|1
|cant|p2a: Mbappe|flinch
|
|-weather|SunnyDay|[upkeep]
|-heal|p2a: Mbappe|96/100|[from] item: Leftovers
|-end|p2a: Mbappe|Encore
|-sideend|p2: Giraldo567|move: Tailwind
|upkeep
|turn|5
|inactive|teyvgc has 30 seconds left.
|
|t:|1785890893
|switch|p2b: Kingambit|Kingambit, L50, F|100/100
|move|p1b: No Hands|Rock Slide|p2b: Kingambit|[spread] p2a,p2b
|-resisted|p2b: Kingambit|1
|-damage|p2a: Mbappe|85/100
|-damage|p2b: Kingambit|90/100
|-damage|p1b: No Hands|80/100|[from] item: Life Orb
|move|p1a: SwagTastic|Bitter Blade|p2a: Mbappe
|-resisted|p2a: Mbappe|1
|-damage|p2a: Mbappe|42/100
|move|p2a: Mbappe|Hypnosis|p1a: SwagTastic
|-status|p1a: SwagTastic|slp|[from] move: Hypnosis
|
|-weather|SunnyDay|[upkeep]
|-heal|p2a: Mbappe|48/100|[from] item: Leftovers
|upkeep
|turn|6
|inactive|teyvgc has 30 seconds left.
|inactive|Giraldo567 has 30 seconds left.
|
|t:|1785890925
|switch|p2b: Charizard|Charizard-Mega-Y, L50, M|100/100
|move|p1b: No Hands|Protect|p1b: No Hands
|-singleturn|p1b: No Hands|Protect
|cant|p1a: SwagTastic|slp
|move|p2a: Mbappe|Hypnosis|p1b: No Hands
|-activate|p1b: No Hands|move: Protect
|
|-weather|none
|-heal|p2a: Mbappe|54/100|[from] item: Leftovers
|-sideend|p1: teyvgc|move: Tailwind
|upkeep
|turn|7
|
|t:|1785890944
|switch|p2b: Kingambit|Kingambit, L50, F|90/100
|move|p1b: No Hands|Rock Slide|p2b: Kingambit|[spread] p2a,p2b
|-resisted|p2b: Kingambit|1
|-damage|p2a: Mbappe|45/100
|-damage|p2b: Kingambit|81/100
|-damage|p1b: No Hands|70/100|[from] item: Life Orb
|cant|p1a: SwagTastic|slp
|cant|p2a: Mbappe|flinch
|
|-heal|p2a: Mbappe|50/100g|[from] item: Leftovers
|upkeep
|turn|8
|
|t:|1785890965
|move|p1b: No Hands|Protect|p1b: No Hands
|-singleturn|p1b: No Hands|Protect
|move|p2b: Kingambit|Sucker Punch|p1a: SwagTastic
|-supereffective|p1a: SwagTastic|1
|-enditem|p1a: SwagTastic|Colbur Berry|[eat]
|-enditem|p1a: SwagTastic|Colbur Berry|[weaken]
|-damage|p1a: SwagTastic|74/100 slp
|-curestatus|p1a: SwagTastic|slp|[msg]
|move|p1a: SwagTastic|Bitter Blade|p2b: Kingambit
|-supereffective|p2b: Kingambit|1
|-damage|p2b: Kingambit|0 fnt
|-heal|p1a: SwagTastic|100/100|[from] drain|[of] p2b: Kingambit
|faint|p2b: Kingambit
|move|p2a: Mbappe|Muddy Water|p1b: No Hands|[spread] p1a
|-activate|p1b: No Hands|move: Protect
|-supereffective|p1a: SwagTastic|1
|-damage|p1a: SwagTastic|53/100
|-unboost|p1a: SwagTastic|accuracy|1
|
|-heal|p2a: Mbappe|56/100|[from] item: Leftovers
|upkeep
|
|t:|1785890983
|switch|p2b: Charizard|Charizard-Mega-Y, L50, M|100/100
|-weather|SunnyDay|[from] ability: Drought|[of] p2b: Charizard
|turn|9
|
|t:|1785890990
|move|p2b: Charizard|Protect|p2b: Charizard
|-singleturn|p2b: Charizard|Protect
|move|p1b: No Hands|Rock Slide|p2a: Mbappe|[spread] p2a
|-activate|p2b: Charizard|move: Protect
|-damage|p2a: Mbappe|47/100
|-damage|p1b: No Hands|61/100|[from] item: Life Orb
|move|p1a: SwagTastic|Bitter Blade|p2a: Mbappe|[miss]
|-miss|p1a: SwagTastic|p2a: Mbappe
|move|p2a: Mbappe|Hypnosis|p1b: No Hands
|-status|p1b: No Hands|slp|[from] move: Hypnosis
|
|-weather|SunnyDay|[upkeep]
|-heal|p2a: Mbappe|53/100|[from] item: Leftovers
|upkeep
|turn|10
|
|t:|1785891011
|move|p2b: Charizard|Protect||[still]
|-fail|p2b: Charizard
|cant|p1b: No Hands|slp
|move|p1a: SwagTastic|Bitter Blade|p2a: Mbappe|[miss]
|-miss|p1a: SwagTastic|p2a: Mbappe
|move|p2a: Mbappe|Hypnosis|p1a: SwagTastic
|-status|p1a: SwagTastic|slp|[from] move: Hypnosis
|
|-weather|SunnyDay|[upkeep]
|-heal|p2a: Mbappe|59/100|[from] item: Leftovers
|upkeep
|turn|11
|
|t:|1785891026
|cant|p1b: No Hands|slp
|move|p2b: Charizard|Weather Ball|p1b: No Hands
|-resisted|p1b: No Hands|1
|-damage|p1b: No Hands|7/100 slp
|cant|p1a: SwagTastic|slp
|move|p2a: Mbappe|Muddy Water|p1b: No Hands|[spread] p1a,p1b
|-supereffective|p1a: SwagTastic|1
|-damage|p1a: SwagTastic|32/100 slp
|-damage|p1b: No Hands|0 fnt
|-unboost|p1a: SwagTastic|accuracy|1
|faint|p1b: No Hands
|
|-weather|SunnyDay|[upkeep]
|-heal|p2a: Mbappe|65/100|[from] item: Leftovers
|upkeep
|
|t:|1785891037
|switch|p1b: Smart Iron Brick|Metagross-Mega, L50|100/100
|turn|12
|
|t:|1785891060
|move|p1b: Smart Iron Brick|Protect|p1b: Smart Iron Brick
|-singleturn|p1b: Smart Iron Brick|Protect
|move|p2b: Charizard|Weather Ball|p1b: Smart Iron Brick
|-activate|p1b: Smart Iron Brick|move: Protect
|-curestatus|p1a: SwagTastic|slp|[msg]
|move|p1a: SwagTastic|Bitter Blade|p2b: Charizard|[miss]
|-miss|p1a: SwagTastic|p2b: Charizard
|move|p2a: Mbappe|Muddy Water|p1b: Smart Iron Brick|[spread] p1a
|-activate|p1b: Smart Iron Brick|move: Protect
|-supereffective|p1a: SwagTastic|1
|-damage|p1a: SwagTastic|9/100
|
|-weather|SunnyDay|[upkeep]
|-heal|p2a: Mbappe|71/100|[from] item: Leftovers
|upkeep
|turn|13
|inactive|teyvgc has 30 seconds left.
|inactive|teyvgc has 20 seconds left.
|
|t:|1785891099
|move|p2b: Charizard|Protect|p2b: Charizard
|-singleturn|p2b: Charizard|Protect
|move|p1a: SwagTastic|Protect|p1a: SwagTastic
|-singleturn|p1a: SwagTastic|Protect
|move|p1b: Smart Iron Brick|Psychic Fangs|p2b: Charizard
|-activate|p2b: Charizard|move: Protect
|move|p2a: Mbappe|Muddy Water|p1b: Smart Iron Brick|[spread] p1b
|-activate|p1a: SwagTastic|move: Protect
|-damage|p1b: Smart Iron Brick|89/100
|-unboost|p1b: Smart Iron Brick|accuracy|1
|
|-weather|none
|-heal|p2a: Mbappe|77/100|[from] item: Leftovers
|upkeep
|turn|14
|
|t:|1785891122
|move|p1b: Smart Iron Brick|Psychic Fangs|p2b: Charizard
|-damage|p2b: Charizard|9/100
|move|p2b: Charizard|Heat Wave|p1b: Smart Iron Brick|[spread] p1b
|-immune|p1a: SwagTastic|[from] ability: Flash Fire
|-supereffective|p1b: Smart Iron Brick|1
|-crit|p1b: Smart Iron Brick
|-damage|p1b: Smart Iron Brick|0 fnt
|faint|p1b: Smart Iron Brick
|move|p1a: SwagTastic|Bitter Blade|p2b: Charizard|[miss]
|-miss|p1a: SwagTastic|p2b: Charizard
|move|p2a: Mbappe|Muddy Water|p1a: SwagTastic
|-supereffective|p1a: SwagTastic|1
|-damage|p1a: SwagTastic|0 fnt
|faint|p1a: SwagTastic
|
|win|Giraldo567
