|j|☆Zoro92
|j|☆lux raymundi
|html|Zoro92lux raymundi    
|uhtml|bestof|Game 1 of a best-of-3
|t:|1783898795
|gametype|doubles
|player|p1|Zoro92|janine|1296
|player|p2|lux raymundi|102|1342
|gen|9
|tier|[Gen 9 Champions] VGC 2026 Reg M-B (Bo3)
|rated|
|rule|Species Clause: Limit one of each Pokémon
|rule|Item Clause: Limit 1 of each item
|clearpoke
|poke|p1|Charizard, L50, M|
|poke|p1|Floette-Eternal, L50, F|
|poke|p1|Whimsicott, L50, M|
|poke|p1|Garchomp, L50, M|
|poke|p1|Incineroar, L50, M|
|poke|p1|Farigiraf, L50, F|
|poke|p2|Sneasler, L50, M|
|poke|p2|Blastoise, L50, M|
|poke|p2|Kingambit, L50, M|
|poke|p2|Incineroar, L50, M|
|poke|p2|Delphox, L50, F|
|poke|p2|Sinistcha, L50|
|teampreview|4
|showteam|p1|Charizard||CharizarditeY|Blaze|HeatWave,WeatherBall,Protect,SolarBeam|Modest||M|||50|]Floette-Eternal||Floettite|FlowerVeil|DrainingKiss,Moonblast,Protect,DazzlingGleam|Modest||F|||50|]Whimsicott||FocusSash|Prankster|Moonblast,HelpingHand,Protect,Tailwind|Modest||M|||50|]Garchomp||LifeOrb|RoughSkin|DragonClaw,StompingTantrum,Protect,RockSlide|Adamant||M|||50|]Incineroar||PasshoBerry|Intimidate|FakeOut,PartingShot,FlareBlitz,DarkestLariat|Adamant||M|||50|]Farigiraf||SitrusBerry|ArmorTail|TwinBeam,Roar,Thunderbolt,TrickRoom|Bold||F|||50|
|showteam|p2|Sneasler||FocusSash|PoisonTouch|PoisonJab,CloseCombat,FakeOut,QuickGuard|Jolly||M|||50|]Blastoise||Blastoisinite|RainDish|DarkPulse,WaterSpout,ShellSmash,Protect|Modest||M|||50|]Kingambit||BlackGlasses|Defiant|KowtowCleave,SuckerPunch,SwordsDance,Protect|Adamant||M|||50|]Incineroar||SitrusBerry|Intimidate|FlareBlitz,HelpingHand,PartingShot,FakeOut|Careful||M|||50|]Delphox||Delphoxite|Blaze|HeatWave,NastyPlot,Psyshock,Protect|Modest||F|||50|]Sinistcha||KasibBerry|Hospitality|MatchaGotcha,RagePowder,TrickRoom,Protect|Bold|||||50|
|
|t:|1783898848
|teamsize|p1|4
|teamsize|p2|4
|start
|switch|p1a: Incineroar|Incineroar, L50, M|100/100
|switch|p1b: Garchomp|Garchomp, L50, M|100/100
|switch|p2a: Sneasler|Sneasler, L50, M|100/100
|switch|p2b: Blastoise|Blastoise, L50, M|100/100
|-ability|p1a: Incineroar|Intimidate|boost
|-unboost|p2a: Sneasler|atk|1
|-unboost|p2b: Blastoise|atk|1
|turn|1
|inactive|Battle timer is ON: inactive players will automatically lose when time's up. (requested by Zoro92)
|inactive|Zoro92 has 60 seconds left.
|
|t:|1783898882
|detailschange|p2b: Blastoise|Blastoise-Mega, L50, M
|-mega|p2b: Blastoise|Blastoise|Blastoisinite
|move|p2a: Sneasler|Quick Guard|p2a: Sneasler
|-singleturn|p2a: Sneasler|Quick Guard
|move|p1a: Incineroar|Fake Out|p2b: Blastoise
|-activate|p2b: Blastoise|move: Quick Guard
|move|p1b: Garchomp|Dragon Claw|p2b: Blastoise
|-damage|p2b: Blastoise|47/100
|-damage|p1b: Garchomp|90/100|[from] item: Life Orb
|move|p2b: Blastoise|Shell Smash|p2b: Blastoise
|-unboost|p2b: Blastoise|def|1
|-unboost|p2b: Blastoise|spd|1
|-boost|p2b: Blastoise|atk|2
|-boost|p2b: Blastoise|spa|2
|-boost|p2b: Blastoise|spe|2
|
|upkeep
|turn|2
|inactive|Zoro92 has 30 seconds left.
|inactive|Zoro92 has 20 seconds left.
|
|t:|1783898921
|move|p2b: Blastoise|Protect|p2b: Blastoise
|-singleturn|p2b: Blastoise|Protect
|move|p1b: Garchomp|Protect|p1b: Garchomp
|-singleturn|p1b: Garchomp|Protect
|move|p2a: Sneasler|Close Combat|p1a: Incineroar
|-supereffective|p1a: Incineroar|1
|-damage|p1a: Incineroar|22/100
|-unboost|p2a: Sneasler|def|1
|-unboost|p2a: Sneasler|spd|1
|-status|p1a: Incineroar|psn|[from] ability: Poison Touch|[of] p2a: Sneasler
|move|p1a: Incineroar|Parting Shot|p2b: Blastoise
|-activate|p2b: Blastoise|move: Protect
|
|-damage|p1a: Incineroar|10/100 psn|[from] psn
|upkeep
|turn|3
|
|t:|1783898937
|switch|p2a: Sinistcha|Sinistcha, L50|100/100
|-heal|p2b: Blastoise|71/100|[from] ability: Hospitality|[of] p2a: Sinistcha
|switch|p1b: Floette|Floette-Eternal, L50, F|100/100
|move|p2b: Blastoise|Water Spout|p1b: Floette|[spread] p1a,p1b
|-supereffective|p1a: Incineroar|1
|-enditem|p1a: Incineroar|Passho Berry|[eat]
|-enditem|p1a: Incineroar|Passho Berry|[weaken]
|-damage|p1a: Incineroar|0 fnt
|-damage|p1b: Floette|24/100
|faint|p1a: Incineroar
|
|upkeep
|
|t:|1783898950
|switch|p1a: Farigiraf|Farigiraf, L50, F|100/100
|turn|4
|
|t:|1783898965
|move|p1b: Floette|Protect|p1b: Floette
|-singleturn|p1b: Floette|Protect
|move|p2b: Blastoise|Water Spout|p1a: Farigiraf|[spread] p1a
|-activate|p1b: Floette|move: Protect
|-damage|p1a: Farigiraf|5/100
|-enditem|p1a: Farigiraf|Sitrus Berry|[eat]
|-heal|p1a: Farigiraf|30/100|[from] item: Sitrus Berry
|move|p1a: Farigiraf|Thunderbolt|p2b: Blastoise
|-supereffective|p2b: Blastoise|1
|-damage|p2b: Blastoise|1/100
|move|p2a: Sinistcha|Trick Room|p2a: Sinistcha
|-fieldstart|move: Trick Room|[of] p2a: Sinistcha
|
|upkeep
|turn|5
|inactive|Zoro92 has 30 seconds left.
|
|t:|1783898999
|detailschange|p1b: Floette|Floette-Mega, L50, F
|-mega|p1b: Floette|Floette|Floettite
|-ability|p1b: Floette|Fairy Aura
|move|p1a: Farigiraf|Twin Beam|p2b: Blastoise
|-damage|p2b: Blastoise|0 fnt
|faint|p2b: Blastoise
|-hitcount|p2: Blastoise|1
|move|p2a: Sinistcha|Matcha Gotcha|p1b: Floette|[spread] p1a,p1b
|-damage|p1a: Farigiraf|6/100
|-damage|p1b: Floette|7/100
|move|p1b: Floette|Moonblast|p2a: Sinistcha
|-damage|p2a: Sinistcha|26/100
|
|upkeep
|
|t:|1783899012
|switch|p2b: Kingambit|Kingambit, L50, M|100/100
|turn|6
|inactive|Zoro92 has 30 seconds left.
|
|t:|1783899038
|move|p2b: Kingambit|Swords Dance|p2b: Kingambit
|-boost|p2b: Kingambit|atk|2
|move|p1a: Farigiraf|Twin Beam|p2a: Sinistcha
|-damage|p2a: Sinistcha|13/100
|-damage|p2a: Sinistcha|0 fnt
|faint|p2a: Sinistcha
|-hitcount|p2: Sinistcha|2
|move|p1b: Floette|Draining Kiss|p2b: Kingambit
|-damage|p2b: Kingambit|65/100
|-heal|p1b: Floette|39/100|[from] drain|[of] p2b: Kingambit
|
|upkeep
|
|t:|1783899047
|switch|p2a: Sneasler|Sneasler, L50, M|100/100
|turn|7
|
|t:|1783899066
|move|p1b: Floette|Protect|p1b: Floette
|-singleturn|p1b: Floette|Protect
|move|p2b: Kingambit|Kowtow Cleave|p1a: Farigiraf
|-supereffective|p1a: Farigiraf|1
|-crit|p1a: Farigiraf
|-damage|p1a: Farigiraf|0 fnt
|faint|p1a: Farigiraf
|move|p2a: Sneasler|Poison Jab|p1b: Floette
|-activate|p1b: Floette|move: Protect
|
|upkeep
|
|t:|1783899075
|switch|p1a: Garchomp|Garchomp, L50, M|90/100
|turn|8
|
|t:|1783899089
|move|p1a: Garchomp|Protect|p1a: Garchomp
|-singleturn|p1a: Garchomp|Protect
|move|p2b: Kingambit|Kowtow Cleave|p1b: Floette
|-resisted|p1b: Floette|1
|-damage|p1b: Floette|0 fnt
|faint|p1b: Floette
|move|p2a: Sneasler|Poison Jab|p1a: Garchomp
|-activate|p1a: Garchomp|move: Protect
|
|-fieldend|move: Trick Room
|upkeep
|turn|9
|
|t:|1783899102
|move|p2b: Kingambit|Sucker Punch|p1a: Garchomp
|-damage|p1a: Garchomp|20/100y
|-damage|p2b: Kingambit|53/100|[from] ability: Rough Skin|[of] p1a: Garchomp
|move|p2a: Sneasler|Close Combat|p1a: Garchomp
|-damage|p1a: Garchomp|0 fnt
|-unboost|p2a: Sneasler|def|1
|-unboost|p2a: Sneasler|spd|1
|-damage|p2a: Sneasler|87/100|[from] ability: Rough Skin|[of] p1a: Garchomp
|faint|p1a: Garchomp
|
|win|lux raymundi
