|j|☆Zifilalgf
|j|☆il figlio di pio
|html|Zifilalgfil figlio di pio    
|uhtml|bestof|Game 3 of a best-of-3
|t:|1756856811
|gametype|doubles
|player|p1|Zifilalgf|169|1402
|player|p2|il figlio di pio|265|1450
|gen|9
|tier|[Gen 9] VGC 2025 Reg H (Bo3)
|rated|
|rule|Species Clause: Limit one of each Pokémon
|rule|Item Clause: Limit 1 of each item
|clearpoke
|poke|p1|Rillaboom, L50, F|
|poke|p1|Kingambit, L50, M|
|poke|p1|Sneasler, L50, M|
|poke|p1|Dragonite, L50, M|
|poke|p1|Magmar, L50, M|
|poke|p1|Dondozo, L50, M|
|poke|p2|Dragonite, L50, F|
|poke|p2|Gholdengo, L50|
|poke|p2|Ursaluna-Bloodmoon, L50, M|
|poke|p2|Annihilape, L50, M|
|poke|p2|Maushold-Four, L50|
|poke|p2|Rillaboom, L50, M|
|teampreview|4
|showteam|p1|Rillaboom||AssaultVest|GrassySurge|WoodHammer,GrassyGlide,HighHorsepower,FakeOut|||F|||50|,,,,,Water]Kingambit||BlackGlasses|Defiant|KowtowCleave,SuckerPunch,SwordsDance,Protect|||M|||50|,,,,,Ghost]Sneasler||FocusSash|Unburden|DireClaw,CloseCombat,Coaching,Protect|||M|||50|,,,,,Stellar]Dragonite||LoadedDice|Multiscale|ScaleShot,StompingTantrum,Haze,Protect|||M|||50|,,,,,Fairy]Magmar||Eviolite|VitalSpirit|Overheat,WillOWisp,FollowMe,Protect|||M|||50|,,,,,Ghost]Dondozo||Leftovers|Unaware|Liquidation,Fissure,Yawn,Protect|||M|||50|,,,,,Bug
|showteam|p2|Dragonite||LoadedDice|Multiscale|ScaleShot,Tailwind,Haze,Protect|||F|||50|,,,,,Fairy]Gholdengo||LifeOrb|GoodasGold|MakeItRain,ShadowBall,NastyPlot,Protect||||||50|,,,,,Water]Ursaluna-Bloodmoon||AssaultVest|MindsEye|BloodMoon,EarthPower,HyperVoice,VacuumWave|||M|||50|,,,,,Water]Annihilape||SitrusBerry|Defiant|DrainPunch,RageFist,BulkUp,Protect|||M|||50|,,,,,Fire]Maushold-Four||FocusSash|FriendGuard|Taunt,BeatUp,FollowMe,Protect||||||50|,,,,,Ghost]Rillaboom||MiracleSeed|GrassySurge|WoodHammer,GrassyGlide,HighHorsepower,FakeOut|||M|||50|,,,,,Fire
|inactive|Battle timer is ON: inactive players will automatically lose when time's up. (requested by Zifilalgf)
|inactive|il figlio di pio also wants the timer to be on.
|
|t:|1756856839
|teamsize|p1|4
|teamsize|p2|4
|start
|switch|p1a: Dragonite|Dragonite, L50, M|100/100
|switch|p1b: Sneasler|Sneasler, L50, M|100/100
|switch|p2a: Dragonite|Dragonite, L50, F|100/100
|switch|p2b: Annihilape|Annihilape, L50, M|100/100
|turn|1
|inactive|Zifilalgf has 30 seconds left.
|inactive|Zifilalgf has 20 seconds left.
|inactive|Zifilalgf has 15 seconds left.
|inactive|il figlio di pio has 30 seconds left.
|inactive|Zifilalgf has 10 seconds left.
|inactive|Zifilalgf has 5 seconds left.
|
|t:|1756856892
|-terastallize|p1a: Dragonite|Fairy
|-terastallize|p2a: Dragonite|Fairy
|move|p1b: Sneasler|Protect|p1b: Sneasler
|-singleturn|p1b: Sneasler|Protect
|move|p2b: Annihilape|Bulk Up|p2b: Annihilape
|-boost|p2b: Annihilape|atk|1
|-boost|p2b: Annihilape|def|1
|move|p2a: Dragonite|Tailwind|p2a: Dragonite
|-sidestart|p2: il figlio di pio|move: Tailwind
|move|p1a: Dragonite|Haze|p1a: Dragonite
|-clearallboost
|
|upkeep
|turn|2
|inactive|Zifilalgf has 30 seconds left.
|inactive|Zifilalgf has 20 seconds left.
|inactive|Zifilalgf has 15 seconds left.
|inactive|Zifilalgf has 10 seconds left.
|
|t:|1756856941
|switch|p1b: Kingambit|Kingambit, L50, M|100/100
|move|p2b: Annihilape|Bulk Up|p2b: Annihilape
|-boost|p2b: Annihilape|atk|1
|-boost|p2b: Annihilape|def|1
|move|p2a: Dragonite|Scale Shot|p1b: Kingambit
|-resisted|p1b: Kingambit
|-damage|p1b: Kingambit|96/100
|-resisted|p1b: Kingambit
|-damage|p1b: Kingambit|90/100
|-resisted|p1b: Kingambit
|-damage|p1b: Kingambit|84/100
|-resisted|p1b: Kingambit
|-damage|p1b: Kingambit|79/100
|-resisted|p1b: Kingambit
|-damage|p1b: Kingambit|74/100
|-hitcount|p1b: Kingambit|5
|-unboost|p2a: Dragonite|def|1
|-boost|p2a: Dragonite|spe|1
|move|p1a: Dragonite|Stomping Tantrum|p2a: Dragonite
|-damage|p2a: Dragonite|76/100
|
|upkeep
|turn|3
|
|t:|1756856965
|switch|p2a: Maushold|Maushold-Four, L50|100/100
|move|p2b: Annihilape|Rage Fist|p1a: Dragonite
|-damage|p1a: Dragonite|81/100
|move|p1a: Dragonite|Haze|p1a: Dragonite
|-clearallboost
|move|p1b: Kingambit|Kowtow Cleave|p2b: Annihilape
|-damage|p2b: Annihilape|55/100
|
|upkeep
|turn|4
|
|t:|1756856988
|move|p1b: Kingambit|Protect|p1b: Kingambit
|-singleturn|p1b: Kingambit|Protect
|move|p2a: Maushold|Beat Up|p2b: Annihilape
|-damage|p2b: Annihilape|53/100
|-crit|p2b: Annihilape
|-damage|p2b: Annihilape|49/100
|-enditem|p2b: Annihilape|Sitrus Berry|[eat]
|-heal|p2b: Annihilape|74/100|[from] item: Sitrus Berry
|-damage|p2b: Annihilape|71/100
|-damage|p2b: Annihilape|69/100
|-hitcount|p2b: Annihilape|4
|move|p2b: Annihilape|Rage Fist|p1a: Dragonite
|-damage|p1a: Dragonite|0 fnt
|faint|p1a: Dragonite
|
|-sideend|p2: il figlio di pio|move: Tailwind
|upkeep
|
|t:|1756856994
|switch|p1a: Dondozo|Dondozo, L50, M|100/100
|turn|5
|
|t:|1756857008
|move|p2a: Maushold|Follow Me|p2a: Maushold
|-singleturn|p2a: Maushold|move: Follow Me
|move|p2b: Annihilape|Rage Fist|p1a: Dondozo
|-damage|p1a: Dondozo|30/100
|move|p1b: Kingambit|Kowtow Cleave|p2a: Maushold
|-damage|p2a: Maushold|30/100
|move|p1a: Dondozo|Yawn|p2a: Maushold
|-start|p2a: Maushold|move: Yawn|[of] p1a: Dondozo
|
|-heal|p1a: Dondozo|36/100|[from] item: Leftovers
|upkeep
|turn|6
|
|t:|1756857024
|switch|p2a: Ursaluna|Ursaluna-Bloodmoon, L50, M|100/100
|move|p1a: Dondozo|Protect|p1a: Dondozo
|-singleturn|p1a: Dondozo|Protect
|move|p2b: Annihilape|Drain Punch|p1b: Kingambit
|-supereffective|p1b: Kingambit
|-damage|p1b: Kingambit|0 fnt
|-heal|p2b: Annihilape|100/100|[from] drain|[of] p1b: Kingambit
|faint|p1b: Kingambit
|
|-heal|p1a: Dondozo|42/100|[from] item: Leftovers
|upkeep
|
|t:|1756857032
|switch|p1b: Sneasler|Sneasler, L50, M|100/100
|turn|7
|
|t:|1756857041
|move|p1b: Sneasler|Close Combat|p2a: Ursaluna
|-supereffective|p2a: Ursaluna
|-damage|p2a: Ursaluna|15/100
|-unboost|p1b: Sneasler|def|1
|-unboost|p1b: Sneasler|spd|1
|move|p2b: Annihilape|Rage Fist|p1a: Dondozo
|-damage|p1a: Dondozo|0 fnt
|faint|p1a: Dondozo
|move|p2a: Ursaluna|Earth Power|p1b: Sneasler
|-supereffective|p1b: Sneasler
|-crit|p1b: Sneasler
|-enditem|p1b: Sneasler|Focus Sash
|-damage|p1b: Sneasler|1/100
|
|upkeep
|turn|8
|
|t:|1756857052
|move|p2a: Ursaluna|Vacuum Wave|p1b: Sneasler
|-resisted|p1b: Sneasler
|-damage|p1b: Sneasler|0 fnt
|faint|p1b: Sneasler
|
|win|il figlio di pio
|raw|Zifilalgf's rating: 1402 → 1385(-17 for losing)
|raw|il figlio di pio's rating: 1450 → 1467(+17 for winning)
|l|☆Zifilalgf
|player|p1|
