|j|☆wentei
|j|☆vicaltarifa
|html|wenteivicaltarifa    
|uhtml|bestof|Game 1 of a best-of-3
|t:|1784372776
|gametype|doubles
|player|p1|wentei|1|1099
|player|p2|vicaltarifa|265|1214
|gen|9
|tier|[Gen 9 Champions] VGC 2026 Reg M-B (Bo3)
|rated|
|rule|Species Clause: Limit one of each Pokémon
|rule|Item Clause: Limit 1 of each item
|clearpoke
|poke|p1|Venusaur, L50, M|
|poke|p1|Charizard, L50, F|
|poke|p1|Grimmsnarl, L50, M|
|poke|p1|Archaludon, L50, M|
|poke|p1|Basculegion, L50, M|
|poke|p1|Pelipper, L50, F|
|poke|p2|Charizard, L50, M|
|poke|p2|Kingambit, L50, F|
|poke|p2|Sylveon, L50, F|
|poke|p2|Garchomp, L50, M|
|poke|p2|Aerodactyl, L50, F|
|poke|p2|Farigiraf, L50, M|
|teampreview|4
|showteam|p1|Venusaur||FocusSash|Chlorophyll|SludgeBomb,EarthPower,SleepPowder,Protect|Modest||M|||50|]Charizard||CharizarditeY|Blaze|Protect,HeatWave,SolarBeam,WeatherBall|Modest||F|||50|]Grimmsnarl||LightClay|Prankster|SpiritBreak,LightScreen,Reflect,PartingShot|Sassy||M|||50|]Archaludon||Leftovers|Stamina|ElectroShot,DragonPulse,FlashCannon,Protect|Calm||M|||50|]Basculegion||ChoiceScarf|Adaptability|WaveCrash,LastRespects,AquaJet,FlipTurn|Jolly||M|||50|]Pelipper||SitrusBerry|Drizzle|Hurricane,WeatherBall,Tailwind,WideGuard|Modest||F|||50|
|showteam|p2|Charizard||CharizarditeY|Blaze|Protect,HeatWave,SolarBeam,WeatherBall|Modest||M|||50|]Kingambit||FocusSash|Defiant|IronHead,SuckerPunch,KowtowCleave,LowKick|Adamant||F|||50|]Sylveon||FairyFeather|Pixilate|Detect,HyperVoice,HyperBeam,QuickAttack|Modest||F|||50|]Garchomp||LifeOrb|RoughSkin|Protect,DragonClaw,Earthquake,RockSlide|Jolly||M|||50|]Aerodactyl||Aerodactylite|Unnerve|IceFang,RockSlide,Tailwind,DualWingbeat|Jolly||F|||50|]Farigiraf||SitrusBerry|ArmorTail|TrickRoom,Psychic,Thunderbolt,Protect|Bold||M|||50|
|j| 282839393m
|c|☆vicaltarifa|gl hf
|c|☆wentei|gl hf
|c| 282839393m|Lemme hf now haha
|
|t:|1784372866
|teamsize|p1|4
|teamsize|p2|4
|start
|switch|p1a: Charizard|Charizard, L50, F|100/100
|switch|p1b: Venusaur|Venusaur, L50, M|100/100
|switch|p2a: Aerodactyl|Aerodactyl, L50, F|100/100
|switch|p2b: Sylveon|Sylveon, L50, F|100/100
|-ability|p2a: Aerodactyl|Unnerve
|turn|1
|c|☆wentei|lol
|c| 282839393m|Gl to both of u btw
|inactive|Battle timer is ON: inactive players will automatically lose when time's up. (requested by wentei)
|
|t:|1784372910
|detailschange|p2a: Aerodactyl|Aerodactyl-Mega, L50, F
|-mega|p2a: Aerodactyl|Aerodactyl|Aerodactylite
|move|p1a: Charizard|Protect|p1a: Charizard
|-singleturn|p1a: Charizard|Protect
|move|p2a: Aerodactyl|Tailwind|p2a: Aerodactyl
|-sidestart|p2: vicaltarifa|move: Tailwind
|move|p2b: Sylveon|Hyper Beam|p1b: Venusaur
|-resisted|p1b: Venusaur|1
|-damage|p1b: Venusaur|38/100
|-mustrecharge|p2b: Sylveon
|move|p1b: Venusaur|Sleep Powder|p2a: Aerodactyl
|-status|p2a: Aerodactyl|slp|[from] move: Sleep Powder
|
|upkeep
|turn|2
|inactive|wentei has 30 seconds left.
|
|t:|1784372940
|switch|p1b: Pelipper|Pelipper, L50, F|100/100
|-weather|RainDance|[from] ability: Drizzle|[of] p1b: Pelipper
|detailschange|p1a: Charizard|Charizard-Mega-Y, L50, F
|-mega|p1a: Charizard|Charizard|Charizardite Y
|-weather|SunnyDay|[from] ability: Drought|[of] p1a: Charizard
|cant|p2a: Aerodactyl|slp
|cant|p2b: Sylveon|recharge
|move|p1a: Charizard|Weather Ball|p2a: Aerodactyl
|-resisted|p2a: Aerodactyl|1
|-damage|p2a: Aerodactyl|51/100 slp
|
|-weather|SunnyDay|[upkeep]
|upkeep
|turn|3
|inactive|wentei has 30 seconds left.
|inactive|wentei has 20 seconds left.
|inactive|wentei has 15 seconds left.
|
|t:|1784372980
|switch|p2a: Garchomp|Garchomp, L50, M|100/100
|move|p2b: Sylveon|Hyper Voice|p1b: Pelipper|[spread] p1a,p1b
|-resisted|p1a: Charizard|1
|-damage|p1a: Charizard|77/100
|-damage|p1b: Pelipper|33/100
|-enditem|p1b: Pelipper|Sitrus Berry|[eat]
|-heal|p1b: Pelipper|58/100|[from] item: Sitrus Berry
|move|p1a: Charizard|Heat Wave|p2a: Garchomp|[spread] p2a,p2b
|-resisted|p2a: Garchomp|1
|-damage|p2a: Garchomp|66/100
|-damage|p2b: Sylveon|49/100
|-status|p2b: Sylveon|brn
|move|p1b: Pelipper|Weather Ball|p2a: Garchomp
|-resisted|p2a: Garchomp|1
|-damage|p2a: Garchomp|39/100
|
|-weather|SunnyDay|[upkeep]
|-damage|p2b: Sylveon|42/100 brn|[from] brn
|upkeep
|turn|4
|inactive|wentei has 30 seconds left.
|
|t:|1784373007
|switch|p1b: Archaludon|Archaludon, L50, M|100/100
|move|p1a: Charizard|Protect|p1a: Charizard
|-singleturn|p1a: Charizard|Protect
|move|p2a: Garchomp|Dragon Claw|p1a: Charizard
|-activate|p1a: Charizard|move: Protect
|move|p2b: Sylveon|Hyper Voice|p1b: Archaludon|[spread] p1b
|-activate|p1a: Charizard|move: Protect
|-damage|p1b: Archaludon|53/100
|-ability|p1b: Archaludon|Stamina|boost
|-boost|p1b: Archaludon|def|1
|
|-weather|SunnyDay|[upkeep]
|-heal|p1b: Archaludon|59/100|[from] item: Leftovers
|-damage|p2b: Sylveon|36/100 brn|[from] brn
|-sideend|p2: vicaltarifa|move: Tailwind
|upkeep
|turn|5
|
|t:|1784373031
|switch|p1a: Pelipper|Pelipper, L50, F|58/100
|-weather|RainDance|[from] ability: Drizzle|[of] p1a: Pelipper
|move|p2a: Garchomp|Rock Slide|p1a: Pelipper|[spread] p1a,p1b
|-supereffective|p1a: Pelipper|1
|-resisted|p1b: Archaludon|1
|-damage|p1a: Pelipper|3/100
|-damage|p1b: Archaludon|54/100
|-ability|p1b: Archaludon|Stamina|boost
|-boost|p1b: Archaludon|def|1
|-damage|p2a: Garchomp|30/100|[from] item: Life Orb
|move|p1b: Archaludon|Dragon Pulse|p2a: Garchomp
|-supereffective|p2a: Garchomp|1
|-damage|p2a: Garchomp|0 fnt
|faint|p2a: Garchomp
|move|p2b: Sylveon|Hyper Beam|p1b: Archaludon
|-damage|p1b: Archaludon|0 fnt
|-mustrecharge|p2b: Sylveon
|faint|p1b: Archaludon
|
|-weather|RainDance|[upkeep]
|-damage|p2b: Sylveon|30/100 brn|[from] brn
|upkeep
|inactive|wentei has 30 seconds left.
|inactive|wentei has 20 seconds left.
|
|t:|1784373067
|switch|p2a: Kingambit|Kingambit, L50, F|100/100
|switch|p1b: Venusaur|Venusaur, L50, M|38/100
|turn|6
|
|t:|1784373078
|move|p1b: Venusaur|Earth Power|p2a: Kingambit
|-supereffective|p2a: Kingambit|1
|-crit|p2a: Kingambit
|-damage|p2a: Kingambit|12/100
|move|p2a: Kingambit|Kowtow Cleave|p1a: Pelipper
|-crit|p1a: Pelipper
|-damage|p1a: Pelipper|0 fnt
|faint|p1a: Pelipper
|cant|p2b: Sylveon|recharge
|
|-weather|RainDance|[upkeep]
|-damage|p2b: Sylveon|24/100 brn|[from] brn
|upkeep
|
|t:|1784373088
|switch|p1a: Charizard|Charizard-Mega-Y, L50, F|77/100
|-weather|SunnyDay|[from] ability: Drought|[of] p1a: Charizard
|turn|7
|
|t:|1784373101
|move|p2a: Kingambit|Sucker Punch|p1b: Venusaur
|-damage|p1b: Venusaur|0 fnt
|faint|p1b: Venusaur
|move|p1a: Charizard|Heat Wave|p2b: Sylveon|[spread] p2a,p2b
|-supereffective|p2a: Kingambit|1
|-crit|p2b: Sylveon
|-damage|p2a: Kingambit|0 fnt
|-damage|p2b: Sylveon|0 fnt
|faint|p2a: Kingambit
|faint|p2b: Sylveon
|
|-weather|SunnyDay|[upkeep]
|upkeep
|
|t:|1784373106
|switch|p2b: Aerodactyl|Aerodactyl-Mega, L50, F|51/100 slp
|turn|8
|
|t:|1784373118
|cant|p2b: Aerodactyl|slp
|move|p1a: Charizard|Solar Beam||[still]
|-prepare|p1a: Charizard|Solar Beam
|-anim|p1a: Charizard|Solar Beam|p2b: Aerodactyl
|-damage|p2b: Aerodactyl|0 fnt
|faint|p2b: Aerodactyl
|
|win|wentei
||vicaltarifa is ready for game 2.
