|j|☆baggedchikin
|j|☆escanor_cs
|html|baggedchikinescanor_cs    
|uhtml|bestof|Game 2 of a best-of-3
|t:|1785869898
|gametype|doubles
|player|p1|baggedchikin|170|1337
|player|p2|escanor_cs|101|1342
|gen|9
|tier|[Gen 9 Champions] VGC 2026 Reg M-B (Bo3)
|rated|
|rule|Species Clause: Limit one of each Pokémon
|rule|Item Clause: Limit 1 of each item
|clearpoke
|poke|p1|Tyranitar, L50, M|
|poke|p1|Excadrill, L50, M|
|poke|p1|Whimsicott, L50, M|
|poke|p1|Gholdengo, L50|
|poke|p1|Milotic, L50, M|
|poke|p1|Delphox, L50, F|
|poke|p2|Blastoise, L50, F|
|poke|p2|Farigiraf, L50, F|
|poke|p2|Sceptile, L50, F|
|poke|p2|Torkoal, L50, F|
|poke|p2|Ceruledge, L50, M|
|poke|p2|Rotom-Frost, L50|
|teampreview|4
|showteam|p1|Tyranitar||Tyranitarite|SandStream|Protect,RockSlide,KnockOff,DragonDance|Jolly||M|||50|]Excadrill||LifeOrb|SandRush|Protect,IronHead,HighHorsepower,Earthquake|Adamant||M|||50|]Whimsicott||FocusSash|Prankster|Protect,Tailwind,Moonblast,Encore|Timid||M|||50|]Gholdengo||ColburBerry|GoodasGold|Protect,NastyPlot,MakeItRain,ShadowBall|Modest|||||50|]Milotic||Leftovers|Competitive|Protect,Coil,Hypnosis,MuddyWater|Bold||M|||50|]Delphox||Delphoxite|Blaze|Protect,HeatWave,Psychic,NastyPlot|Timid||F|||50|
|showteam|p2|Blastoise||Blastoisinite|Torrent|WaterSpout,DarkPulse,FakeOut,AuraSphere|Quiet||F|||50|]Farigiraf||SitrusBerry|ArmorTail|Psychic,Thunderbolt,TrickRoom,Protect|Bold||F|||50|]Sceptile||Sceptilite|Overgrow|DragonPulse,QuickGuard,LeafStorm,EarthPower|Timid||F|||50|]Torkoal||Charcoal|Drought|HeatWave,Eruption,EarthPower,Protect|Quiet||F|||50|]Ceruledge||ColburBerry|FlashFire|BitterBlade,ShadowSneak,BulkUp,Protect|Adamant||M|||50|]Rotom-Frost||ChoiceScarf|Levitate|Blizzard,Thunderbolt,VoltSwitch,Discharge|Timid|||||50|
|
|t:|1785869923
|teamsize|p1|4
|teamsize|p2|4
|start
|switch|p1a: Gholdengo|Gholdengo, L50|100/100
|switch|p1b: Tyranitar|Tyranitar, L50, M|100/100
|switch|p2a: Blastoise|Blastoise, L50, F|100/100
|switch|p2b: Farigiraf|Farigiraf, L50, F|100/100
|-weather|Sandstorm|[from] ability: Sand Stream|[of] p1b: Tyranitar
|turn|1
|inactive|Battle timer is ON: inactive players will automatically lose when time's up. (requested by escanor_cs)
|
|t:|1785869934
|detailschange|p2a: Blastoise|Blastoise-Mega, L50, F
|-mega|p2a: Blastoise|Blastoise|Blastoisinite
|move|p2a: Blastoise|Fake Out|p1b: Tyranitar
|-resisted|p1b: Tyranitar|1
|-damage|p1b: Tyranitar|95/100
|cant|p1b: Tyranitar|flinch
|move|p1a: Gholdengo|Shadow Ball|p2a: Blastoise
|-damage|p2a: Blastoise|61/100
|-unboost|p2a: Blastoise|spd|1
|move|p2b: Farigiraf|Trick Room|p2b: Farigiraf
|-fieldstart|move: Trick Room|[of] p2b: Farigiraf
|
|-weather|Sandstorm|[upkeep]
|-damage|p2b: Farigiraf|93/100|[from] Sandstorm
|-damage|p2a: Blastoise|55/100|[from] Sandstorm
|upkeep
|turn|2
|inactive|baggedchikin has 30 seconds left.
|
|t:|1785869960
|switch|p1b: Milotic|Milotic, L50, M|100/100
|move|p2b: Farigiraf|Thunderbolt|p1a: Gholdengo
|-damage|p1a: Gholdengo|77/100
|move|p2a: Blastoise|Dark Pulse|p1a: Gholdengo
|-supereffective|p1a: Gholdengo|1
|-enditem|p1a: Gholdengo|Colbur Berry|[eat]
|-enditem|p1a: Gholdengo|Colbur Berry|[weaken]
|-damage|p1a: Gholdengo|32/100
|move|p1a: Gholdengo|Shadow Ball|p2a: Blastoise
|-damage|p2a: Blastoise|0 fnt
|faint|p2a: Blastoise
|
|-weather|Sandstorm|[upkeep]
|-damage|p2b: Farigiraf|87/100|[from] Sandstorm
|-damage|p1b: Milotic|94/100|[from] Sandstorm
|-heal|p1b: Milotic|100/100|[from] item: Leftovers
|upkeep
|
|t:|1785869972
|switch|p2a: Ceruledge|Ceruledge, L50, M|100/100
|turn|3
|
|t:|1785869981
|move|p1a: Gholdengo|Protect|p1a: Gholdengo
|-singleturn|p1a: Gholdengo|Protect
|move|p2b: Farigiraf|Thunderbolt|p1b: Milotic
|-supereffective|p1b: Milotic|1
|-damage|p1b: Milotic|65/100
|-status|p1b: Milotic|par
|cant|p1b: Milotic|par
|move|p2a: Ceruledge|Bulk Up|p2a: Ceruledge
|-boost|p2a: Ceruledge|atk|1
|-boost|p2a: Ceruledge|def|1
|
|-weather|Sandstorm|[upkeep]
|-damage|p1b: Milotic|59/100 par|[from] Sandstorm
|-damage|p2b: Farigiraf|81/100|[from] Sandstorm
|-damage|p2a: Ceruledge|93/100|[from] Sandstorm
|-heal|p1b: Milotic|65/100 par|[from] item: Leftovers
|upkeep
|turn|4
|
|t:|1785869998
|switch|p1b: Excadrill|Excadrill, L50, M|100/100
|switch|p1a: Tyranitar|Tyranitar, L50, M|95/100
|move|p2a: Ceruledge|Protect|p2a: Ceruledge
|-singleturn|p2a: Ceruledge|Protect
|move|p2b: Farigiraf|Thunderbolt|p1b: Excadrill
|-immune|p1b: Excadrill
|
|-weather|Sandstorm|[upkeep]
|-damage|p2b: Farigiraf|75/100|[from] Sandstorm
|-damage|p2a: Ceruledge|87/100|[from] Sandstorm
|upkeep
|turn|5
|
|t:|1785870011
|move|p1b: Excadrill|Protect|p1b: Excadrill
|-singleturn|p1b: Excadrill|Protect
|move|p2b: Farigiraf|Psychic|p1b: Excadrill
|-activate|p1b: Excadrill|move: Protect
|move|p2a: Ceruledge|Bulk Up|p2a: Ceruledge
|-boost|p2a: Ceruledge|atk|1
|-boost|p2a: Ceruledge|def|1
|move|p1a: Tyranitar|Knock Off|p2b: Farigiraf
|-supereffective|p2b: Farigiraf|1
|-damage|p2b: Farigiraf|0 fnt
|-enditem|p2b: Farigiraf|Sitrus Berry|[from] move: Knock Off|[of] p1a: Tyranitar
|faint|p2b: Farigiraf
|
|-weather|none
|-fieldend|move: Trick Room
|upkeep
|
|t:|1785870016
|switch|p2b: Torkoal|Torkoal, L50, F|100/100
|-weather|SunnyDay|[from] ability: Drought|[of] p2b: Torkoal
|turn|6
|
|t:|1785870029
|detailschange|p1a: Tyranitar|Tyranitar-Mega, L50, M
|-mega|p1a: Tyranitar|Tyranitar|Tyranitarite
|-weather|Sandstorm|[from] ability: Sand Stream|[of] p1a: Tyranitar
|move|p2b: Torkoal|Protect|p2b: Torkoal
|-singleturn|p2b: Torkoal|Protect
|move|p1b: Excadrill|High Horsepower|p2a: Ceruledge
|-supereffective|p2a: Ceruledge|1
|-damage|p2a: Ceruledge|10/100
|-damage|p1b: Excadrill|90/100|[from] item: Life Orb
|move|p1a: Tyranitar|Rock Slide|p2a: Ceruledge|[spread] p2a
|-activate|p2b: Torkoal|move: Protect
|-supereffective|p2a: Ceruledge|1
|-damage|p2a: Ceruledge|0 fnt
|faint|p2a: Ceruledge
|
|-weather|Sandstorm|[upkeep]
|-damage|p2b: Torkoal|93/100|[from] Sandstorm
|upkeep
|turn|7
|-message|escanor_cs forfeited.
|
|win|baggedchikin
||escanor_cs is ready for game 3.
||baggedchikin is ready for game 3.
|uhtml|next|Next: Game 3 of 3
|l|☆baggedchikin
|player|p1|
