|j|☆azugamer
|j|☆Kingtob
|html|azugamerKingtob    
|uhtml|bestof|Game 1 of a best-of-3
|t:|1785412253
|gametype|doubles
|player|p1|azugamer|n|1139
|player|p2|Kingtob|169|1086
|gen|9
|tier|[Gen 9 Champions] VGC 2026 Reg M-B (Bo3)
|rated|
|rule|Species Clause: Limit one of each Pokémon
|rule|Item Clause: Limit 1 of each item
|clearpoke
|poke|p1|Sylveon, L50, M|
|poke|p1|Aerodactyl, L50, M|
|poke|p1|Charizard, L50, F, shiny|
|poke|p1|Farigiraf, L50, F|
|poke|p1|Garchomp, L50, M|
|poke|p1|Kingambit, L50, M|
|poke|p2|Espathra, L50, M|
|poke|p2|Sylveon, L50, M|
|poke|p2|Gholdengo, L50|
|poke|p2|Whimsicott, L50, F|
|poke|p2|Dragonite, L50, M|
|poke|p2|Charizard, L50, F|
|teampreview|4
|showteam|p1|Sylveon||FairyFeather|Pixilate|Detect,HyperBeam,HyperVoice,QuickAttack|Modest||M|||50|]Aerodactyl||Aerodactylite|Unnerve|RockSlide,Tailwind,DualWingbeat,Protect|Jolly||M|||50|]Charizard||CharizarditeY|Blaze|HeatWave,WeatherBall,SolarBeam,Protect|Modest||F|||50|]Farigiraf||SitrusBerry|ArmorTail|TwinBeam,TrickRoom,Roar,Thunderbolt|Serious||F|||50|]Garchomp||LifeOrb|RoughSkin|StompingTantrum,RockSlide,DragonClaw,Protect|Jolly||M|||50|]Kingambit||FocusSash|Defiant|IronHead,LowKick,KowtowCleave,SuckerPunch|Adamant||M|||50|
|showteam|p2|Espathra||SitrusBerry|SpeedBoost|LuminaCrash,Protect,BatonPass,CalmMind|Modest||M|||50|]Sylveon||FairyFeather|Pixilate|HyperBeam,HyperVoice,Protect,CalmMind|Modest||M|||50|]Gholdengo||LifeOrb|GoodasGold|MakeItRain,Protect,NastyPlot,ShadowBall|Modest|||||50|]Whimsicott||FocusSash|Prankster|Tailwind,Protect,Moonblast,FakeTears|Timid||F|||50|]Dragonite||Dragoninite|Multiscale|Tailwind,DragonPulse,DragonDance,Protect|Modest||M|||50|]Charizard||CharizarditeY|SolarPower|HeatWave,SolarBeam,WeatherBall,Protect|Modest||F|||50|
|inactive|Battle timer is ON: inactive players will automatically lose when time's up. (requested by azugamer)
|l|☆Kingtob
|inactive|Kingtob disconnected and has a minute to reconnect!
|player|p2|
|j|☆Kingtob
|inactive|Kingtob reconnected and has 65 seconds left.
|player|p2|Kingtob|169|
|inactive|azugamer has 60 seconds left.
|inactive|Kingtob has 60 seconds left.
|
|t:|1785412304
|teamsize|p1|4
|teamsize|p2|4
|start
|switch|p1a: Aerodactyl|Aerodactyl, L50, M|100/100
|switch|p1b: Kingambit|Kingambit, L50, M|100/100
|switch|p2a: Whimsicott|Whimsicott, L50, F|100/100
|switch|p2b: Charizard|Charizard, L50, F|100/100
|-ability|p1a: Aerodactyl|Unnerve
|turn|1
|l|☆Kingtob
|inactive|Kingtob disconnected and has a minute to reconnect!
|player|p2|
|j|☆Kingtob
|inactive|Kingtob reconnected and has 35 seconds left.
|player|p2|Kingtob|169|
|inactive|azugamer has 30 seconds left.
|inactive|Kingtob has 30 seconds left.
|inactive|Kingtob has 20 seconds left.
|
|t:|1785412340
|switch|p1b: Farigiraf|Farigiraf, L50, F|100/100
|detailschange|p1a: Aerodactyl|Aerodactyl-Mega, L50, M
|-mega|p1a: Aerodactyl|Aerodactyl|Aerodactylite
|detailschange|p2b: Charizard|Charizard-Mega-Y, L50, F
|-mega|p2b: Charizard|Charizard|Charizardite Y
|-weather|SunnyDay|[from] ability: Drought|[of] p2b: Charizard
|move|p2a: Whimsicott|Tailwind|p2a: Whimsicott
|-sidestart|p2: Kingtob|move: Tailwind
|move|p2b: Charizard|Weather Ball|p1b: Farigiraf
|-damage|p1b: Farigiraf|5/100
|-enditem|p1b: Farigiraf|Sitrus Berry|[eat]
|-heal|p1b: Farigiraf|30/100|[from] item: Sitrus Berry
|move|p1a: Aerodactyl|Dual Wingbeat|p2a: Whimsicott
|-supereffective|p2a: Whimsicott|1
|-damage|p2a: Whimsicott|16/100
|-supereffective|p2a: Whimsicott|1
|-damage|p2a: Whimsicott|0 fnt
|faint|p2a: Whimsicott
|-hitcount|p2: Whimsicott|2
|
|-weather|SunnyDay|[upkeep]
|upkeep
|
|t:|1785412365
|switch|p2a: Gholdengo|Gholdengo, L50|100/100
|turn|2
|inactive|azugamer has 30 seconds left.
|
|t:|1785412393
|move|p1a: Aerodactyl|Protect|p1a: Aerodactyl
|-singleturn|p1a: Aerodactyl|Protect
|move|p2b: Charizard|Solar Beam||[still]
|-prepare|p2b: Charizard|Solar Beam
|-anim|p2b: Charizard|Solar Beam|p1a: Aerodactyl
|-activate|p1a: Aerodactyl|move: Protect
|move|p2a: Gholdengo|Make It Rain|p1a: Aerodactyl|[spread] p1b
|-activate|p1a: Aerodactyl|move: Protect
|-damage|p1b: Farigiraf|0 fnt
|-unboost|p2a: Gholdengo|spa|2
|faint|p1b: Farigiraf
|-damage|p2a: Gholdengo|90/100|[from] item: Life Orb
|
|-weather|SunnyDay|[upkeep]
|upkeep
|
|t:|1785412407
|switch|p1b: Kingambit|Kingambit, L50, M|100/100
|turn|3
|inactive|azugamer has 30 seconds left.
|
|t:|1785412432
|move|p2b: Charizard|Weather Ball|p1b: Kingambit
|-supereffective|p1b: Kingambit|1
|-enditem|p1b: Kingambit|Focus Sash
|-damage|p1b: Kingambit|1/100
|move|p2a: Gholdengo|Nasty Plot|p2a: Gholdengo
|-boost|p2a: Gholdengo|spa|2
|move|p1a: Aerodactyl|Rock Slide|p2a: Gholdengo|[spread] p2a,p2b
|-resisted|p2a: Gholdengo|1
|-supereffective|p2b: Charizard|2
|-damage|p2a: Gholdengo|71/100
|-damage|p2b: Charizard|0 fnt
|faint|p2b: Charizard
|move|p1b: Kingambit|Kowtow Cleave|p2a: Gholdengo
|-supereffective|p2a: Gholdengo|1
|-damage|p2a: Gholdengo|0 fnt
|faint|p2a: Gholdengo
|
|-weather|SunnyDay|[upkeep]
|upkeep
|l|☆Kingtob
|inactive|Kingtob disconnected and has a minute to reconnect!
|player|p2|
|j|☆Kingtob
|inactive|Kingtob reconnected and has 35 seconds left.
|player|p2|Kingtob|169|
|inactive|Kingtob has 30 seconds left.
|
|t:|1785412463
|switch|p2a: Sylveon|Sylveon, L50, M|100/100
|turn|4
|inactive|azugamer has 30 seconds left.
|
|t:|1785412493
|move|p2a: Sylveon|Hyper Voice|p1a: Aerodactyl|[spread] p1a,p1b
|-damage|p1a: Aerodactyl|42/100
|-damage|p1b: Kingambit|0 fnt
|faint|p1b: Kingambit
|move|p1a: Aerodactyl|Tailwind|p1a: Aerodactyl
|-sidestart|p1: azugamer|move: Tailwind
|
|-weather|SunnyDay|[upkeep]
|-sideend|p2: Kingtob|move: Tailwind
|upkeep
|
|t:|1785412501
|switch|p1b: Sylveon|Sylveon, L50, M|100/100
|turn|5
|
|t:|1785412511
|move|p2a: Sylveon|Protect|p2a: Sylveon
|-singleturn|p2a: Sylveon|Protect
|move|p1a: Aerodactyl|Dual Wingbeat|p2a: Sylveon
|-activate|p2a: Sylveon|move: Protect
|move|p1b: Sylveon|Hyper Beam|p2a: Sylveon
|-activate|p2a: Sylveon|move: Protect
|
|-weather|none
|upkeep
|turn|6
|
|t:|1785412526
|move|p1a: Aerodactyl|Dual Wingbeat|p2a: Sylveon|[miss]
|-miss|p1a: Aerodactyl|p2a: Sylveon
|move|p1b: Sylveon|Hyper Beam|p2a: Sylveon
|-damage|p2a: Sylveon|17/100
|-mustrecharge|p1b: Sylveon
|move|p2a: Sylveon|Hyper Voice|p1a: Aerodactyl|[spread] p1a,p1b
|-damage|p1a: Aerodactyl|0 fnt
|-damage|p1b: Sylveon|63/100
|faint|p1a: Aerodactyl
|
|upkeep
|turn|7
|
|t:|1785412538
|cant|p1b: Sylveon|recharge
|move|p2a: Sylveon|Hyper Beam|p1b: Sylveon
|-damage|p1b: Sylveon|0 fnt
|-mustrecharge|p2a: Sylveon
|faint|p1b: Sylveon
|
|win|Kingtob
|inactive|azugamer has 30 seconds to confirm battle start!
|inactive|Kingtob has 30 seconds to confirm battle start!
