|j|☆KaiserBN1
|j|☆Gummytime
|html|KaiserBN1Gummytime    
|uhtml|bestof|Game 1 of a best-of-3
|t:|1756402934
|gametype|doubles
|player|p1|KaiserBN1|n|1055
|player|p2|Gummytime|169|1003
|gen|9
|tier|[Gen 9] VGC 2025 Reg H (Bo3)
|rated|
|rule|Species Clause: Limit one of each Pokémon
|rule|Item Clause: Limit 1 of each item
|clearpoke
|poke|p1|Amoonguss, L50, M|
|poke|p1|Sneasler, L50, F|
|poke|p1|Gholdengo, L50|
|poke|p1|Incineroar, L50, M|
|poke|p1|Ursaluna-Bloodmoon, L50, M|
|poke|p1|Dragonite, L50, F|
|poke|p2|Chandelure, L50, M|
|poke|p2|Whimsicott, L50, F|
|poke|p2|Pawmot, L50, F|
|poke|p2|Glimmora, L50, M|
|poke|p2|Farigiraf, L50, M|
|poke|p2|Incineroar, L50, F|
|teampreview|4
|showteam|p1|Amoonguss||SitrusBerry|Regenerator|RagePowder,Spore,PollenPuff,Protect|||M|||50|,,,,,Psychic]Sneasler||FocusSash|Unburden|Protect,DireClaw,CloseCombat,ThroatChop|||F|||50|,,,,,Stellar]Gholdengo||LifeOrb|GoodasGold|Protect,MakeItRain,ShadowBall,NastyPlot||||||50|,,,,,Water]Incineroar||SafetyGoggles|Intimidate|KnockOff,PartingShot,FlareBlitz,FakeOut|||M|||50|,,,,,Ghost]Ursaluna-Bloodmoon||AssaultVest|MindsEye|BloodMoon,EarthPower,VacuumWave,HyperVoice|||M|||50|,,,,,Water]Dragonite||LoadedDice|Multiscale|ScaleShot,Tailwind,Haze,Protect|||F|||50|,,,,,Fairy
|showteam|p2|Chandelure||LifeOrb|FlashFire|WillOWisp,Protect,Flamethrower,ShadowBall|||M|||50|,,,,,Ghost]Whimsicott||CovertCloak|Prankster|Tailwind,Encore,Protect,Moonblast|||F|||50|,,,,,Steel]Pawmot||WhiteHerb|IronFist|IcePunch,DoubleShock,Protect,CloseCombat|||F|||50|,,,,,Stellar]Glimmora||PowerHerb|ToxicDebris|MeteorBeam,EarthPower,SludgeBomb,Protect|||M|||50|,,,,,Ground]Farigiraf||SitrusBerry|ArmorTail|TwinBeam,HelpingHand,Protect,HyperVoice|||M|||50|,,,,,Poison]Incineroar||SafetyGoggles|Intimidate|FakeOut,KnockOff,FlareBlitz,Protect|||F|||50|,,,,,Ghost
|inactive|Battle timer is ON: inactive players will automatically lose when time's up. (requested by KaiserBN1)
|inactive|KaiserBN1 has 60 seconds left.
|inactive|Gummytime has 60 seconds left.
|inactive|KaiserBN1 has 30 seconds left.
|inactive|KaiserBN1 has 20 seconds left.
|inactive|KaiserBN1 has 15 seconds left.
|inactive|KaiserBN1 has 10 seconds left.
|inactive|KaiserBN1 has 5 seconds left.
|
|t:|1756403024
|teamsize|p1|4
|teamsize|p2|4
|start
|switch|p1a: Golden Wind|Dragonite, L50, F|100/100
|switch|p1b: 8|Sneasler, L50, F|100/100
|switch|p2a: Farigiraf|Farigiraf, L50, M|100/100
|switch|p2b: Pawmot|Pawmot, L50, F|100/100
|turn|1
|inactive|KaiserBN1 has 30 seconds left.
|inactive|KaiserBN1 has 20 seconds left.
|
|t:|1756403060
|-terastallize|p2a: Farigiraf|Poison
|move|p2b: Pawmot|Protect|p2b: Pawmot
|-singleturn|p2b: Pawmot|Protect
|move|p1b: 8|Throat Chop|p2a: Farigiraf
|-damage|p2a: Farigiraf|73/100
|-start|p2a: Farigiraf|Throat Chop|[silent]
|move|p1a: Golden Wind|Tailwind|p1a: Golden Wind
|-sidestart|p1: KaiserBN1|move: Tailwind
|move|p2a: Farigiraf|Twin Beam|p1b: 8
|-supereffective|p1b: 8
|-damage|p1b: 8|13/100
|-supereffective|p1b: 8
|-damage|p1b: 8|0 fnt
|faint|p1b: 8
|-hitcount|p1: 8|2
|
|upkeep
|inactive|KaiserBN1 has 30 seconds left.
|
|t:|1756403086
|switch|p1b: Say Cheese|Gholdengo, L50|100/100
|turn|2
|
|t:|1756403103
|move|p2a: Farigiraf|Helping Hand|p2b: Pawmot
|-singleturn|p2b: Pawmot|Helping Hand|[of] p2a: Farigiraf
|move|p1b: Say Cheese|Nasty Plot|p1b: Say Cheese
|-boost|p1b: Say Cheese|spa|2
|move|p1a: Golden Wind|Scale Shot|p2b: Pawmot|[miss]
|-miss|p1a: Golden Wind|p2b: Pawmot
|move|p2b: Pawmot|Ice Punch|p1a: Golden Wind
|-supereffective|p1a: Golden Wind
|-damage|p1a: Golden Wind|10/100
|
|-end|p2a: Farigiraf|Throat Chop|[silent]
|upkeep
|turn|3
|inactive|Gummytime has 30 seconds left.
|
|t:|1756403130
|move|p2b: Pawmot|Protect|p2b: Pawmot
|-singleturn|p2b: Pawmot|Protect
|move|p1b: Say Cheese|Make It Rain|p2a: Farigiraf|[spread] p2a
|-activate|p2b: Pawmot|move: Protect
|-damage|p2a: Farigiraf|0 fnt
|-unboost|p1b: Say Cheese|spa|1
|faint|p2a: Farigiraf
|-damage|p1b: Say Cheese|91/100|[from] item: Life Orb
|move|p1a: Golden Wind|Scale Shot|p2b: Pawmot
|-activate|p2b: Pawmot|move: Protect
|
|upkeep
|
|t:|1756403146
|switch|p2a: Whimsicott|Whimsicott, L50, F|100/100
|turn|4
|inactive|KaiserBN1 has 30 seconds left.
|
|t:|1756403174
|move|p1a: Golden Wind|Protect|p1a: Golden Wind
|-singleturn|p1a: Golden Wind|Protect
|move|p2a: Whimsicott|Tailwind|p2a: Whimsicott
|-sidestart|p2: Gummytime|move: Tailwind
|move|p2b: Pawmot|Ice Punch|p1a: Golden Wind
|-activate|p1a: Golden Wind|move: Protect
|move|p1b: Say Cheese|Make It Rain|p2a: Whimsicott|[spread] p2a,p2b
|-supereffective|p2a: Whimsicott
|-resisted|p2b: Pawmot
|-damage|p2a: Whimsicott|0 fnt
|-damage|p2b: Pawmot|25/100
|-unboost|p1b: Say Cheese|spa|1
|faint|p2a: Whimsicott
|-damage|p1b: Say Cheese|82/100|[from] item: Life Orb
|
|-sideend|p1: KaiserBN1|move: Tailwind
|upkeep
|
|t:|1756403189
|switch|p2a: Glimmora|Glimmora, L50, M|100/100
|turn|5
|inactive|KaiserBN1 has 30 seconds left.
|inactive|KaiserBN1 has 20 seconds left.
|inactive|KaiserBN1 has 15 seconds left.
|
|t:|1756403230
|switch|p1a: Tony|Ursaluna-Bloodmoon, L50, M|100/100
|move|p1b: Say Cheese|Protect|p1b: Say Cheese
|-singleturn|p1b: Say Cheese|Protect
|move|p2b: Pawmot|Double Shock|p1b: Say Cheese
|-activate|p1b: Say Cheese|move: Protect
|move|p2a: Glimmora|Meteor Beam||[still]
|-prepare|p2a: Glimmora|Meteor Beam
|-boost|p2a: Glimmora|spa|1
|-enditem|p2a: Glimmora|Power Herb
|-anim|p2a: Glimmora|Meteor Beam|p1a: Tony
|-resisted|p1a: Tony
|-crit|p1a: Tony
|-damage|p1a: Tony|53/100
|
|upkeep
|turn|6
|inactive|KaiserBN1 has 30 seconds left.
|
|t:|1756403263
|move|p2b: Pawmot|Protect|p2b: Pawmot
|-singleturn|p2b: Pawmot|Protect
|move|p1a: Tony|Vacuum Wave|p2b: Pawmot
|-activate|p2b: Pawmot|move: Protect
|move|p2a: Glimmora|Earth Power|p1b: Say Cheese
|-supereffective|p1b: Say Cheese
|-damage|p1b: Say Cheese|0 fnt
|faint|p1b: Say Cheese
|
|upkeep
|
|t:|1756403271
|switch|p1b: Golden Wind|Dragonite, L50, F|10/100
|turn|7
|
|t:|1756403292
|move|p1b: Golden Wind|Protect|p1b: Golden Wind
|-singleturn|p1b: Golden Wind|Protect
|move|p1a: Tony|Vacuum Wave|p2b: Pawmot
|-damage|p2b: Pawmot|0 fnt
|faint|p2b: Pawmot
|move|p2a: Glimmora|Sludge Bomb|p1b: Golden Wind
|-activate|p1b: Golden Wind|move: Protect
|
|-sideend|p2: Gummytime|move: Tailwind
|upkeep
|turn|8
|
|t:|1756403312
|move|p2a: Glimmora|Sludge Bomb|p1a: Tony
|-resisted|p1a: Tony
|-damage|p1a: Tony|30/100
|move|p1b: Golden Wind|Scale Shot|p2a: Glimmora
|-damage|p2a: Glimmora|81/100
|-activate|p2a: Glimmora|ability: Toxic Debris
|-sidestart|p1: KaiserBN1|move: Toxic Spikes
|-damage|p2a: Glimmora|61/100
|-activate|p2a: Glimmora|ability: Toxic Debris
|-sidestart|p1: KaiserBN1|move: Toxic Spikes
|-damage|p2a: Glimmora|42/100
|-damage|p2a: Glimmora|24/100
|-hitcount|p2a: Glimmora|4
|-unboost|p1b: Golden Wind|def|1
|-boost|p1b: Golden Wind|spe|1
|move|p1a: Tony|Earth Power|p2a: Glimmora
|-supereffective|p2a: Glimmora
|-damage|p2a: Glimmora|0 fnt
|faint|p2a: Glimmora
|
|win|KaiserBN1
|inactive|KaiserBN1 has 30 seconds to confirm battle start!
|inactive|Gummytime has 30 seconds to confirm battle start!
||Gummytime is ready for game 2.
|inactive|KaiserBN1 has 20 seconds to confirm battle start!
||KaiserBN1 is ready for game 2.
|uhtml|next|Next: Game 2 of 3
|l|☆Gummytime
|player|p2|
