|j|☆Agf79
|j|☆nutbuster151
|html|Agf79nutbuster151    
|uhtml|bestof|Game 3 of a best-of-3
|t:|1784373584
|gametype|doubles
|player|p1|Agf79|101|1201
|player|p2|nutbuster151|acetrainer|1241
|gen|9
|tier|[Gen 9 Champions] VGC 2026 Reg M-B (Bo3)
|rated|
|rule|Species Clause: Limit one of each Pokémon
|rule|Item Clause: Limit 1 of each item
|clearpoke
|poke|p1|Staraptor, L50, M|
|poke|p1|Gholdengo, L50|
|poke|p1|Sylveon, L50, M|
|poke|p1|Garchomp, L50, M|
|poke|p1|Sinistcha, L50|
|poke|p1|Grimmsnarl, L50, M|
|poke|p2|Aerodactyl, L50, F, shiny|
|poke|p2|Kingambit, L50, M, shiny|
|poke|p2|Sylveon, L50, M, shiny|
|poke|p2|Garchomp, L50, M, shiny|
|poke|p2|Charizard, L50, F, shiny|
|poke|p2|Incineroar, L50, M, shiny|
|teampreview|4
|showteam|p1|Staraptor||Staraptite|Intimidate|CloseCombat,BraveBird,Tailwind,Protect|Jolly||M|||50|]Gholdengo||Leftovers|GoodasGold|MakeItRain,ShadowBall,NastyPlot,Protect|Modest|||||50|]Sylveon||FairyFeather|Pixilate|HyperVoice,Detect,HyperBeam,QuickAttack|Modest||M|||50|]Garchomp||LifeOrb|RoughSkin|Earthquake,Protect,DragonClaw,RockSlide|Adamant||M|||50|]Sinistcha||SitrusBerry|Hospitality|MatchaGotcha,RagePowder,TrickRoom,LifeDew|Calm|||||50|]Grimmsnarl||LightClay|Prankster|Reflect,LightScreen,PartingShot,FoulPlay|Calm||M|||50|
|showteam|p2|Aerodactyl||Aerodactylite|Unnerve|RockSlide,IceFang,Tailwind,WideGuard|Jolly||F|||50|]Kingambit||FocusSash|Defiant|KowtowCleave,SuckerPunch,IronHead,Protect|Adamant||M|||50|]Sylveon||FairyFeather|Pixilate|Detect,HyperVoice,HyperBeam,QuickAttack|Modest||M|||50|]Garchomp||LifeOrb|RoughSkin|Earthquake,DragonClaw,StompingTantrum,Protect|Jolly||M|||50|]Charizard||CharizarditeY|Blaze|Protect,HeatWave,SolarBeam,WeatherBall|Modest||F|||50|]Incineroar||SitrusBerry|Intimidate|DarkestLariat,FlareBlitz,FakeOut,PartingShot|Impish||M|||50|
|inactive|Battle timer is ON: inactive players will automatically lose when time's up. (requested by Agf79)
|
|t:|1784373627
|teamsize|p1|4
|teamsize|p2|4
|start
|switch|p1a: Staraptor|Staraptor, L50, M|100/100
|switch|p1b: Grimmsnarl|Grimmsnarl, L50, M|100/100
|switch|p2a: Aerodactyl|Aerodactyl, L50, F, shiny|100/100
|switch|p2b: Sylveon|Sylveon, L50, M, shiny|100/100
|-ability|p2a: Aerodactyl|Unnerve
|-ability|p1a: Staraptor|Intimidate|boost
|-unboost|p2a: Aerodactyl|atk|1
|-unboost|p2b: Sylveon|atk|1
|turn|1
|inactive|nutbuster151 has 30 seconds left.
|inactive|nutbuster151 has 20 seconds left.
|
|t:|1784373663
|detailschange|p1a: Staraptor|Staraptor-Mega, L50, M
|-mega|p1a: Staraptor|Staraptor|Staraptite
|move|p1b: Grimmsnarl|Light Screen|p1b: Grimmsnarl
|-sidestart|p1: Agf79|move: Light Screen
|move|p2a: Aerodactyl|Tailwind|p2a: Aerodactyl
|-sidestart|p2: nutbuster151|move: Tailwind
|move|p2b: Sylveon|Hyper Voice|p1b: Grimmsnarl|[spread] p1a,p1b
|-supereffective|p1a: Staraptor|1
|-supereffective|p1b: Grimmsnarl|1
|-damage|p1a: Staraptor|35/100
|-damage|p1b: Grimmsnarl|46/100
|move|p1a: Staraptor|Tailwind|p1a: Staraptor
|-sidestart|p1: Agf79|move: Tailwind
|
|upkeep
|turn|2
|inactive|Agf79 has 30 seconds left.
|
|t:|1784373695
|switch|p2a: Garchomp|Garchomp, L50, M, shiny|100/100
|move|p1b: Grimmsnarl|Parting Shot|p2b: Sylveon
|-unboost|p2b: Sylveon|atk|1
|-unboost|p2b: Sylveon|spa|1
|
|t:|1784373700
|switch|p1b: Sylveon|Sylveon, L50, M|100/100|[from] Parting Shot
|move|p1a: Staraptor|Close Combat|p2a: Garchomp
|-damage|p2a: Garchomp|43/100
|-boost|p1a: Staraptor|def|1
|-boost|p1a: Staraptor|spd|1
|-damage|p1a: Staraptor|23/100|[from] ability: Rough Skin|[of] p2a: Garchomp
|move|p2b: Sylveon|Hyper Voice|p1b: Sylveon|[spread] p1a,p1b
|-supereffective|p1a: Staraptor|1
|-damage|p1a: Staraptor|0 fnt
|-damage|p1b: Sylveon|83/100
|faint|p1a: Staraptor
|
|upkeep
|
|t:|1784373710
|switch|p1a: Grimmsnarl|Grimmsnarl, L50, M|46/100
|turn|3
|inactive|nutbuster151 has 30 seconds left.
|
|t:|1784373735
|switch|p2b: Charizard|Charizard, L50, F, shiny|100/100
|move|p1a: Grimmsnarl|Reflect|p1a: Grimmsnarl
|-sidestart|p1: Agf79|Reflect
|move|p2a: Garchomp|Earthquake|p1b: Sylveon|[spread] p1a,p1b
|-immune|p2b: Charizard
|-damage|p1a: Grimmsnarl|11/100
|-damage|p1b: Sylveon|48/100
|-damage|p2a: Garchomp|33/100|[from] item: Life Orb
|move|p1b: Sylveon|Hyper Voice|p2b: Charizard|[spread] p2a,p2b
|-supereffective|p2a: Garchomp|1
|-resisted|p2b: Charizard|1
|-damage|p2a: Garchomp|0 fnt
|-damage|p2b: Charizard|71/100
|faint|p2a: Garchomp
|
|upkeep
|inactive|nutbuster151 has 30 seconds left.
|
|t:|1784373768
|switch|p2a: Aerodactyl|Aerodactyl, L50, F, shiny|100/100
|-ability|p2a: Aerodactyl|Unnerve
|turn|4
|
|t:|1784373785
|detailschange|p2b: Charizard|Charizard-Mega-Y, L50, F, shiny
|-mega|p2b: Charizard|Charizard|Charizardite Y
|-weather|SunnyDay|[from] ability: Drought|[of] p2b: Charizard
|move|p2a: Aerodactyl|Wide Guard|p2a: Aerodactyl
|-singleturn|p2a: Aerodactyl|Wide Guard
|move|p1a: Grimmsnarl|Parting Shot|p2b: Charizard
|-unboost|p2b: Charizard|atk|1
|-unboost|p2b: Charizard|spa|1
|
|t:|1784373792
|switch|p1a: Garchomp|Garchomp, L50, M|100/100|[from] Parting Shot
|move|p2b: Charizard|Heat Wave|p1a: Garchomp|[spread] p1a,p1b
|-resisted|p1a: Garchomp|1
|-damage|p1a: Garchomp|84/100
|-damage|p1b: Sylveon|27/100
|move|p1b: Sylveon|Hyper Beam|p2a: Aerodactyl
|-damage|p2a: Aerodactyl|0 fnt
|-mustrecharge|p1b: Sylveon
|faint|p2a: Aerodactyl
|
|-weather|SunnyDay|[upkeep]
|-sideend|p2: nutbuster151|move: Tailwind
|-sideend|p1: Agf79|move: Tailwind
|upkeep
|
|t:|1784373805
|switch|p2a: Sylveon|Sylveon, L50, M, shiny|100/100
|turn|5
|
|t:|1784373814
|move|p2b: Charizard|Protect|p2b: Charizard
|-singleturn|p2b: Charizard|Protect
|move|p1a: Garchomp|Rock Slide|p2a: Sylveon|[spread] p2a
|-activate|p2b: Charizard|move: Protect
|-damage|p2a: Sylveon|65/100
|-damage|p1a: Garchomp|74/100|[from] item: Life Orb
|move|p2a: Sylveon|Hyper Voice|p1a: Garchomp|[spread] p1a,p1b
|-supereffective|p1a: Garchomp|1
|-crit|p1a: Garchomp
|-damage|p1a: Garchomp|0 fnt
|-damage|p1b: Sylveon|2/100
|faint|p1a: Garchomp
|cant|p1b: Sylveon|recharge
|
|-weather|SunnyDay|[upkeep]
|upkeep
|
|t:|1784373823
|switch|p1a: Grimmsnarl|Grimmsnarl, L50, M|11/100
|turn|6
|
|t:|1784373833
|move|p2b: Charizard|Heat Wave|p1a: Grimmsnarl|[spread] p1a,p1b
|-damage|p1a: Grimmsnarl|0 fnt
|-damage|p1b: Sylveon|0 fnt
|faint|p1a: Grimmsnarl
|faint|p1b: Sylveon
|
|win|nutbuster151
|raw|Agf79's rating: 1201 → 1179(-22 for losing)
|raw|nutbuster151's rating: 1241 → 1263(+22 for winning)
