|j|☆Ferran Tiburon
|j|☆thebrickwall285
|html|Ferran Tiburonthebrickwall285    
|uhtml|bestof|Game 2 of a best-of-3
|t:|1784557530
|gametype|doubles
|player|p1|Ferran Tiburon|2|1164
|player|p2|thebrickwall285|169|1054
|gen|9
|tier|[Gen 9 Champions] VGC 2026 Reg M-B (Bo3)
|rated|
|rule|Species Clause: Limit one of each Pokémon
|rule|Item Clause: Limit 1 of each item
|clearpoke
|poke|p1|Charizard, L50, M|
|poke|p1|Grimmsnarl, L50, M|
|poke|p1|Pelipper, L50, F|
|poke|p1|Archaludon, L50, F|
|poke|p1|Basculegion, L50, M|
|poke|p1|Venusaur, L50, M|
|poke|p2|Scovillain, L50, F|
|poke|p2|Aerodactyl, L50, F|
|poke|p2|Sylveon, L50, M|
|poke|p2|Salazzle, L50, F|
|poke|p2|Meowstic, L50, M|
|poke|p2|Kingambit, L50, F|
|teampreview|4
|showteam|p1|Charizard||CharizarditeY|Blaze|Protect,HeatWave,WeatherBall,SolarBeam|Modest||M|||50|]Grimmsnarl||LightClay|Prankster|SpiritBreak,Reflect,LightScreen,PartingShot|Sassy||M|||50|]Pelipper||SitrusBerry|Drizzle|Hurricane,WeatherBall,Tailwind,WideGuard|Modest||F|||50|]Archaludon||Leftovers|Stamina|Protect,ElectroShot,DragonPulse,FlashCannon|Calm||F|||50|]Basculegion||ChoiceScarf|Adaptability|FlipTurn,WaveCrash,AquaJet,LastRespects|Jolly||M|||50|]Venusaur||FocusSash|Chlorophyll|Protect,SleepPowder,SludgeBomb,EarthPower|Modest||M|||50|
|showteam|p2|Scovillain||Scovillainite|Chlorophyll|Flamethrower,GigaDrain,RagePowder,LeechSeed|Modest||F|||50|]Aerodactyl||Aerodactylite|RockHead|DragonClaw,Tailwind,DualWingbeat,RockSlide|Jolly||F|||50|]Sylveon||SitrusBerry|Pixilate|CalmMind,Protect,HyperVoice,ShadowBall|Modest||M|||50|]Salazzle||ShellBell|Corrosion|FakeOut,Flamethrower,SludgeBomb,Toxic|Hasty||F|||50|]Meowstic||FocusSash|Prankster|FakeOut,TrickRoom,Psychic,SunnyDay|Sassy||M|||50|]Kingambit||Leftovers|Defiant|IronHead,LowKick,SuckerPunch,KowtowCleave|Adamant||F|||50|
|
|t:|1784557549
|teamsize|p1|4
|teamsize|p2|4
|start
|switch|p1a: Pelipper|Pelipper, L50, F|100/100
|switch|p1b: Archaludon|Archaludon, L50, F|100/100
|switch|p2a: Meowstic|Meowstic, L50, M|100/100
|switch|p2b: Scovillain|Scovillain, L50, F|100/100
|-weather|RainDance|[from] ability: Drizzle|[of] p1a: Pelipper
|turn|1
|inactive|Battle timer is ON: inactive players will automatically lose when time's up. (requested by Ferran Tiburon)
|
|t:|1784557566
|detailschange|p2b: Scovillain|Scovillain-Mega, L50, F
|-mega|p2b: Scovillain|Scovillain|Scovillainite
|move|p2a: Meowstic|Sunny Day|p2a: Meowstic
|-weather|SunnyDay
|move|p1b: Archaludon|Dragon Pulse|p2b: Scovillain
|-damage|p2b: Scovillain|57/100
|-status|p1b: Archaludon|brn|[from] ability: Spicy Spray|[of] p2b: Scovillain
|move|p2b: Scovillain|Flamethrower|p1b: Archaludon
|-damage|p1b: Archaludon|34/100 brn
|-ability|p1b: Archaludon|Stamina|boost
|-boost|p1b: Archaludon|def|1
|move|p1a: Pelipper|Weather Ball|p2b: Scovillain
|-damage|p2b: Scovillain|10/100
|-status|p1a: Pelipper|brn|[from] ability: Spicy Spray|[of] p2b: Scovillain
|
|-weather|SunnyDay|[upkeep]
|-heal|p1b: Archaludon|40/100 brn|[from] item: Leftovers
|-damage|p1b: Archaludon|34/100 brn|[from] brn
|-damage|p1a: Pelipper|93/100 brn|[from] brn
|upkeep
|turn|2
|inactive|Ferran Tiburon has 30 seconds left.
|inactive|thebrickwall285 has 30 seconds left.
|
|t:|1784557595
|move|p1b: Archaludon|Protect|p1b: Archaludon
|-singleturn|p1b: Archaludon|Protect
|move|p2b: Scovillain|Giga Drain|p1a: Pelipper
|-damage|p1a: Pelipper|39/100 brn
|-heal|p2b: Scovillain|37/100|[from] drain|[of] p1a: Pelipper
|-enditem|p1a: Pelipper|Sitrus Berry|[eat]
|-heal|p1a: Pelipper|63/100 brn|[from] item: Sitrus Berry
|move|p1a: Pelipper|Weather Ball|p2b: Scovillain
|-damage|p2b: Scovillain|0 fnt
|faint|p2b: Scovillain
|move|p2a: Meowstic|Trick Room|p2a: Meowstic
|-fieldstart|move: Trick Room|[of] p2a: Meowstic
|
|-weather|SunnyDay|[upkeep]
|-heal|p1b: Archaludon|40/100 brn|[from] item: Leftovers
|-damage|p1a: Pelipper|57/100 brn|[from] brn
|-damage|p1b: Archaludon|34/100 brn|[from] brn
|upkeep
|
|t:|1784557607
|switch|p2b: Sylveon|Sylveon, L50, M|100/100
|turn|3
|
|t:|1784557622
|move|p2b: Sylveon|Calm Mind|p2b: Sylveon
|-boost|p2b: Sylveon|spa|1
|-boost|p2b: Sylveon|spd|1
|move|p1a: Pelipper|Weather Ball|p2a: Meowstic
|-damage|p2a: Meowstic|69/100
|move|p2a: Meowstic|Psychic|p1b: Archaludon
|-resisted|p1b: Archaludon|1
|-damage|p1b: Archaludon|21/100 brn
|-ability|p1b: Archaludon|Stamina|boost
|-boost|p1b: Archaludon|def|1
|move|p1b: Archaludon|Flash Cannon|p2b: Sylveon
|-supereffective|p2b: Sylveon|1
|-damage|p2b: Sylveon|67/100
|
|-weather|SunnyDay|[upkeep]
|-heal|p1b: Archaludon|27/100 brn|[from] item: Leftovers
|-damage|p1a: Pelipper|51/100 brn|[from] brn
|-damage|p1b: Archaludon|21/100 brn|[from] brn
|upkeep
|turn|4
|
|t:|1784557646
|move|p1b: Archaludon|Protect|p1b: Archaludon
|-singleturn|p1b: Archaludon|Protect
|move|p2b: Sylveon|Hyper Voice|p1b: Archaludon|[spread] p1a
|-activate|p1b: Archaludon|move: Protect
|-damage|p1a: Pelipper|0 fnt
|faint|p1a: Pelipper
|move|p2a: Meowstic|Psychic|p1b: Archaludon
|-activate|p1b: Archaludon|move: Protect
|
|-weather|SunnyDay|[upkeep]
|-heal|p1b: Archaludon|27/100 brn|[from] item: Leftovers
|-damage|p1b: Archaludon|21/100 brn|[from] brn
|upkeep
|
|t:|1784557663
|switch|p1a: Charizard|Charizard, L50, M|100/100
|turn|5
|
|t:|1784557672
|move|p1a: Charizard|Protect|p1a: Charizard
|-singleturn|p1a: Charizard|Protect
|move|p2b: Sylveon|Hyper Voice|p1a: Charizard|[spread] p1b
|-activate|p1a: Charizard|move: Protect
|-crit|p1b: Archaludon
|-damage|p1b: Archaludon|0 fnt
|faint|p1b: Archaludon
|move|p2a: Meowstic|Psychic|p1a: Charizard
|-activate|p1a: Charizard|move: Protect
|
|-weather|none
|upkeep
|
|t:|1784557674
|switch|p1b: Basculegion|Basculegion, L50, M|100/100
|turn|6
|
|t:|1784557689
|detailschange|p1a: Charizard|Charizard-Mega-Y, L50, M
|-mega|p1a: Charizard|Charizard|Charizardite Y
|-weather|SunnyDay|[from] ability: Drought|[of] p1a: Charizard
|move|p2b: Sylveon|Shadow Ball|p1b: Basculegion
|-supereffective|p1b: Basculegion|1
|-damage|p1b: Basculegion|4/100
|move|p2a: Meowstic|Psychic|p1a: Charizard
|-damage|p1a: Charizard|77/100
|move|p1a: Charizard|Weather Ball|p2b: Sylveon
|-damage|p2b: Sylveon|26/100
|-enditem|p2b: Sylveon|Sitrus Berry|[eat]
|-heal|p2b: Sylveon|51/100|[from] item: Sitrus Berry
|move|p1b: Basculegion|Last Respects|p2a: Meowstic
|-supereffective|p2a: Meowstic|1
|-crit|p2a: Meowstic
|-damage|p2a: Meowstic|0 fnt
|faint|p2a: Meowstic
|
|-weather|SunnyDay|[upkeep]
|-fieldend|move: Trick Room
|upkeep
|
|t:|1784557705
|switch|p2a: Kingambit|Kingambit, L50, F|100/100
|turn|7
|
|t:|1784557725
|move|p2a: Kingambit|Sucker Punch|p1b: Basculegion
|-supereffective|p1b: Basculegion|1
|-damage|p1b: Basculegion|0 fnt
|faint|p1b: Basculegion
|move|p1a: Charizard|Heat Wave|p2b: Sylveon|[spread] p2a,p2b
|-supereffective|p2a: Kingambit|1
|-damage|p2a: Kingambit|0 fnt
|-damage|p2b: Sylveon|25/100
|faint|p2a: Kingambit
|move|p2b: Sylveon|Shadow Ball|p1a: Charizard
|-damage|p1a: Charizard|40/100
|
|-weather|SunnyDay|[upkeep]
|upkeep
|turn|8
|
|t:|1784557739
|move|p1a: Charizard|Weather Ball|p2b: Sylveon
|-damage|p2b: Sylveon|0 fnt
|faint|p2b: Sylveon
|
|win|Ferran Tiburon
|raw|Ferran Tiburon's rating: 1164 → 1181(+17 for winning)
|raw|thebrickwall285's rating: 1054 → 1041(-13 for losing)
|c|☆thebrickwall285|gg
|l|☆thebrickwall285
|player|p2|
