|j|☆TheRealMyan
|j|☆zaharba
|html|TheRealMyanzaharba    
|uhtml|bestof|Game 2 of a best-of-3
|t:|1782590495
|gametype|doubles
|player|p1|TheRealMyan|shauntal-masters|1047
|player|p2|zaharba|265|1066
|gen|9
|tier|[Gen 9 Champions] VGC 2026 Reg M-B (Bo3)
|rated|
|rule|Species Clause: Limit one of each Pokémon
|rule|Item Clause: Limit 1 of each item
|clearpoke
|poke|p1|Mawile, L50, F|
|poke|p1|Farigiraf, L50, M|
|poke|p1|Incineroar, L50, M|
|poke|p1|Hydreigon, L50, F|
|poke|p1|Excadrill, L50, M|
|poke|p1|Tyranitar, L50, M|
|poke|p2|Raichu, L50, F, shiny|
|poke|p2|Basculegion-F, L50, F|
|poke|p2|Ninetales-Alola, L50, F, shiny|
|poke|p2|Talonflame, L50, F|
|poke|p2|Vivillon, L50, F|
|poke|p2|Tyranitar, L50, F|
|teampreview|4
|showteam|p1|Mawile||Mawilite|Intimidate|PlayRough,IronHead,Protect,SuckerPunch|Brave||F|||50|]Farigiraf||ColburBerry|ArmorTail|Psychic,TrickRoom,HelpingHand,Thunderbolt|Calm||M|||50|]Incineroar||PasshoBerry|Intimidate|ThroatChop,PartingShot,FakeOut,FlareBlitz|Careful||M|||50|]Hydreigon||RoseliBerry|Levitate|DarkPulse,DracoMeteor,Tailwind,Protect|Modest||F|||50|]Excadrill||FocusSash|SandRush|Earthquake,IronHead,RockSlide,Protect|Adamant||M|||50|]Tyranitar||Tyranitarite|SandStream|KnockOff,LowKick,Protect,RockSlide|Adamant||M|||50|
|showteam|p2|Raichu||RaichuniteY|LightningRod|FocusBlast,ZapCannon,UpperHand,FakeOut|Timid||F|||50|]Basculegion-F||SpellTag|Adaptability|Protect,Hex,HydroPump,MuddyWater|Modest||F|||50|]Ninetales-Alola||NeverMeltIce|SnowWarning|Protect,FreezeDry,Blizzard,Encore|Timid||F|||50|]Talonflame||LifeOrb|GaleWings|Protect,BraveBird,Overheat,Tailwind|Naive||F|||50|]Vivillon||ChoiceScarf|CompoundEyes|SleepPowder,RagePowder,Hurricane,Tailwind|Timid||F|||50|]Tyranitar||ExpertBelt|SandStream|RockSlide,HighHorsepower,Protect,DragonDance|Adamant||F|||50|
|inactive|Battle timer is ON: inactive players will automatically lose when time's up. (requested by zaharba)
|inactive|zaharba has 60 seconds left.
|
|t:|1782590538
|teamsize|p1|4
|teamsize|p2|4
|start
|switch|p1a: Mawile|Mawile, L50, F|100/100
|switch|p1b: Farigiraf|Farigiraf, L50, M|100/100
|switch|p2a: Vivillon|Vivillon, L50, F|100/100
|switch|p2b: Tyranitar|Tyranitar, L50, F|100/100
|-weather|Sandstorm|[from] ability: Sand Stream|[of] p2b: Tyranitar
|-ability|p1a: Mawile|Intimidate|boost
|-unboost|p2a: Vivillon|atk|1
|-unboost|p2b: Tyranitar|atk|1
|turn|1
|inactive|TheRealMyan has 30 seconds left.
|
|t:|1782590566
|switch|p1b: Incineroar|Incineroar, L50, M|100/100
|-ability|p1b: Incineroar|Intimidate|boost
|-unboost|p2a: Vivillon|atk|1
|-unboost|p2b: Tyranitar|atk|1
|detailschange|p1a: Mawile|Mawile-Mega, L50, F
|-mega|p1a: Mawile|Mawile|Mawilite
|move|p1a: Mawile|Protect|p1a: Mawile
|-singleturn|p1a: Mawile|Protect
|move|p2a: Vivillon|Sleep Powder|p1b: Incineroar
|-status|p1b: Incineroar|slp|[from] move: Sleep Powder
|move|p2b: Tyranitar|Dragon Dance|p2b: Tyranitar
|-boost|p2b: Tyranitar|atk|1
|-boost|p2b: Tyranitar|spe|1
|
|-weather|Sandstorm|[upkeep]
|-damage|p2a: Vivillon|94/100|[from] Sandstorm
|-damage|p1b: Incineroar|94/100 slp|[from] Sandstorm
|upkeep
|turn|2
|inactive|TheRealMyan has 30 seconds left.
|
|t:|1782590595
|cant|p1b: Incineroar|slp
|move|p2a: Vivillon|Sleep Powder|p1a: Mawile
|-status|p1a: Mawile|slp|[from] move: Sleep Powder
|move|p2b: Tyranitar|Dragon Dance|p2b: Tyranitar
|-boost|p2b: Tyranitar|atk|1
|-boost|p2b: Tyranitar|spe|1
|cant|p1a: Mawile|slp
|
|-weather|Sandstorm|[upkeep]
|-damage|p2a: Vivillon|88/100|[from] Sandstorm
|-damage|p1b: Incineroar|88/100 slp|[from] Sandstorm
|upkeep
|turn|3
|inactive|TheRealMyan has 30 seconds left.
|
|t:|1782590620
|switch|p2a: Basculegion|Basculegion-F, L50, F|100/100
|move|p2b: Tyranitar|High Horsepower|p1a: Mawile
|-supereffective|p1a: Mawile|1
|-damage|p1a: Mawile|23/100 slp
|cant|p1b: Incineroar|slp
|cant|p1a: Mawile|slp
|
|-weather|Sandstorm|[upkeep]
|-damage|p2a: Basculegion|93/100|[from] Sandstorm
|-damage|p1b: Incineroar|82/100 slp|[from] Sandstorm
|upkeep
|turn|4
|
|t:|1782590638
|switch|p1b: Farigiraf|Farigiraf, L50, M|100/100
|-curestatus|p1a: Mawile|slp|[msg]
|move|p1a: Mawile|Protect|p1a: Mawile
|-singleturn|p1a: Mawile|Protect
|move|p2b: Tyranitar|Dragon Dance|p2b: Tyranitar
|-boost|p2b: Tyranitar|atk|1
|-boost|p2b: Tyranitar|spe|1
|move|p2a: Basculegion|Hex|p1a: Mawile
|-activate|p1a: Mawile|move: Protect
|
|-weather|Sandstorm|[upkeep]
|-damage|p2a: Basculegion|87/100|[from] Sandstorm
|-damage|p1b: Farigiraf|93/100|[from] Sandstorm
|upkeep
|turn|5
|
|t:|1782590659
|switch|p1b: Incineroar|Incineroar, L50, M|82/100 slp
|-ability|p1b: Incineroar|Intimidate|boost
|-unboost|p2a: Basculegion|atk|1
|-unboost|p2b: Tyranitar|atk|1
|move|p2b: Tyranitar|Rock Slide|p1b: Incineroar|[spread] p1a,p1b
|-resisted|p1a: Mawile|1
|-supereffective|p1b: Incineroar|1
|-damage|p1a: Mawile|8/100
|-damage|p1b: Incineroar|21/100 slp
|move|p2a: Basculegion|Hydro Pump|p1b: Incineroar
|-supereffective|p1b: Incineroar|1
|-enditem|p1b: Incineroar|Passho Berry|[eat]
|-enditem|p1b: Incineroar|Passho Berry|[weaken]
|-damage|p1b: Incineroar|0 fnt
|faint|p1b: Incineroar
|move|p1a: Mawile|Play Rough|p2b: Tyranitar
|-supereffective|p2b: Tyranitar|1
|-damage|p2b: Tyranitar|0 fnt
|faint|p2b: Tyranitar
|
|-weather|none
|upkeep
|
|t:|1782590680
|switch|p2b: Vivillon|Vivillon, L50, F|88/100
|switch|p1b: Farigiraf|Farigiraf, L50, M|93/100
|turn|6
|
|t:|1782590694
|move|p1a: Mawile|Protect|p1a: Mawile
|-singleturn|p1a: Mawile|Protect
|move|p2b: Vivillon|Sleep Powder|p1b: Farigiraf
|-status|p1b: Farigiraf|slp|[from] move: Sleep Powder
|move|p2a: Basculegion|Muddy Water|p1a: Mawile|[spread] 
|-activate|p1a: Mawile|move: Protect
|-miss|p2a: Basculegion|p1b: Farigiraf
|cant|p1b: Farigiraf|slp
|
|upkeep
|turn|7
|
|t:|1782590717
|switch|p1a: Tyranitar|Tyranitar, L50, M|100/100
|-weather|Sandstorm|[from] ability: Sand Stream|[of] p1a: Tyranitar
|move|p2a: Basculegion|Protect|p2a: Basculegion
|-singleturn|p2a: Basculegion|Protect
|move|p2b: Vivillon|Sleep Powder|p1a: Tyranitar
|-status|p1a: Tyranitar|slp|[from] move: Sleep Powder
|cant|p1b: Farigiraf|slp
|
|-weather|Sandstorm|[upkeep]
|-damage|p2b: Vivillon|82/100|[from] Sandstorm
|-damage|p2a: Basculegion|81/100|[from] Sandstorm
|-damage|p1b: Farigiraf|87/100 slp|[from] Sandstorm
|upkeep
|turn|8
|
|t:|1782590739
|switch|p2b: Raichu|Raichu, L50, F, shiny|100/100
|move|p2a: Basculegion|Muddy Water|p1b: Farigiraf|[spread] p1a,p1b
|-supereffective|p1a: Tyranitar|1
|-damage|p1a: Tyranitar|47/100 slp
|-damage|p1b: Farigiraf|54/100 slp
|cant|p1a: Tyranitar|slp
|-curestatus|p1b: Farigiraf|slp|[msg]
|move|p1b: Farigiraf|Trick Room|p1b: Farigiraf
|-fieldstart|move: Trick Room|[of] p1b: Farigiraf
|
|-weather|Sandstorm|[upkeep]
|-damage|p1b: Farigiraf|48/100|[from] Sandstorm
|-damage|p2a: Basculegion|75/100|[from] Sandstorm
|-damage|p2b: Raichu|94/100|[from] Sandstorm
|upkeep
|turn|9
|
|t:|1782590761
|detailschange|p2b: Raichu|Raichu-Mega-Y, L50, F, shiny
|-mega|p2b: Raichu|Raichu|Raichunite Y
|move|p1b: Farigiraf|Psychic|p2b: Raichu
|-damage|p2b: Raichu|44/100
|cant|p1a: Tyranitar|slp
|move|p2a: Basculegion|Muddy Water|p1b: Farigiraf|[spread] p1b
|-miss|p2a: Basculegion|p1a: Tyranitar
|-damage|p1b: Farigiraf|14/100
|move|p2b: Raichu|Zap Cannon|p1b: Farigiraf
|-damage|p1b: Farigiraf|0 fnt
|faint|p1b: Farigiraf
|
|-weather|Sandstorm|[upkeep]
|-damage|p2a: Basculegion|69/100|[from] Sandstorm
|-damage|p2b: Raichu|38/100|[from] Sandstorm
|upkeep
|
|t:|1782590772
|switch|p1b: Mawile|Mawile-Mega, L50, F|8/100
|turn|10
|
|t:|1782590781
|move|p2b: Raichu|Upper Hand|p1b: Mawile
|-damage|p1b: Mawile|0 fnt
|faint|p1b: Mawile
|-curestatus|p1a: Tyranitar|slp|[msg]
|move|p1a: Tyranitar|Rock Slide|p2b: Raichu|[spread] p2a,p2b
|-damage|p2a: Basculegion|32/100
|-damage|p2b: Raichu|0 fnt
|faint|p2b: Raichu
|move|p2a: Basculegion|Muddy Water|p1a: Tyranitar
|-supereffective|p1a: Tyranitar|1
|-damage|p1a: Tyranitar|0 fnt
|faint|p1a: Tyranitar
|
|win|zaharba
|raw|TheRealMyan's rating: 1047 → 1031(-16 for losing)
|raw|zaharba's rating: 1066 → 1094(+28 for winning)
|c|☆TheRealMyan|Ggs
|l|☆zaharba
|player|p2|
