|j|☆Welwitchia
|j|☆ak47akimbo
|html|Welwitchiaak47akimbo    
|uhtml|bestof|Game 1 of a best-of-3
|t:|1783671243
|gametype|doubles
|player|p1|Welwitchia|pokemonbreeder-gen4|1031
|player|p2|ak47akimbo|scientist-gen4dp|1060
|gen|9
|tier|[Gen 9 Champions] VGC 2026 Reg M-B (Bo3)
|rated|
|rule|Species Clause: Limit one of each Pokémon
|rule|Item Clause: Limit 1 of each item
|clearpoke
|poke|p1|Greninja, L50, M|
|poke|p1|Aromatisse, L50, F, shiny|
|poke|p1|Slowking-Galar, L50, M|
|poke|p1|Scovillain, L50, F, shiny|
|poke|p1|Runerigus, L50, M|
|poke|p1|Corviknight, L50, F, shiny|
|poke|p2|Staraptor, L50, M|
|poke|p2|Farigiraf, L50, F|
|poke|p2|Torkoal, L50, F|
|poke|p2|Kingambit, L50, F|
|poke|p2|Hatterene, L50, F|
|poke|p2|Grimmsnarl, L50, M|
|teampreview|4
|showteam|p1|Greninja||Greninjite|Protean|IceBeam,ToxicSpikes,WaterShuriken,MudSlap|Timid||M|||50|]Aromatisse||LightClay|AromaVeil|Encore,DazzlingGleam,Reflect,LightScreen|Calm||F|||50|]Slowking-Galar||Leftovers|CuriousMedicine|SkillSwap,EerieSpell,TrickRoom,Avalanche|Quiet||M|||50|]Scovillain||Scovillainite|Moody|Protect,RagePowder,TemperFlare,GigaDrain|Sassy||F|||50|]Runerigus||ColburBerry|WanderingSpirit|IronDefense,BodyPress,DestinyBond,SandTomb|Careful||M|||50|]Corviknight||SharpBeak|Pressure|Protect,Spite,AerialAce,Roost|Impish||F|||50|
|showteam|p2|Staraptor||Staraptite|Intimidate|CloseCombat,BraveBird,Roost,Protect|Adamant||M|||50|]Farigiraf||ColburBerry|ArmorTail|Protect,TrickRoom,FoulPlay,Psychic|Bold||F|||50|]Torkoal||Charcoal|Drought|Eruption,Protect,EarthPower,SolarBeam|Quiet||F|||50|]Kingambit||LifeOrb|Defiant|SuckerPunch,IronHead,Protect,LowKick|Adamant||F|||50|]Hatterene||SitrusBerry|MagicBounce|TrickRoom,DazzlingGleam,ShadowBall,CalmMind|Sassy||F|||50|]Grimmsnarl||LightClay|Prankster|PartingShot,FakeOut,Reflect,PlayRough|Careful||M|||50|
|inactive|Battle timer is ON: inactive players will automatically lose when time's up. (requested by ak47akimbo)
|
|t:|1783671295
|teamsize|p1|4
|teamsize|p2|4
|start
|switch|p1a: Aromatisse|Aromatisse, L50, F, shiny|100/100
|switch|p1b: Slowking|Slowking-Galar, L50, M|100/100
|switch|p2a: Staraptor|Staraptor, L50, M|100/100
|switch|p2b: Kingambit|Kingambit, L50, F|100/100
|-ability|p2a: Staraptor|Intimidate|boost
|-unboost|p1a: Aromatisse|atk|1
|-unboost|p1b: Slowking|atk|1
|-clearboost|p1a: Aromatisse|[from] ability: Curious Medicine|[of] p1b: Slowking
|turn|1
|inactive|Welwitchia has 30 seconds left.
|inactive|ak47akimbo has 30 seconds left.
|inactive|ak47akimbo has 20 seconds left.
|inactive|ak47akimbo has 15 seconds left.
|
|t:|1783671338
|move|p2a: Staraptor|Protect|p2a: Staraptor
|-singleturn|p2a: Staraptor|Protect
|move|p2b: Kingambit|Iron Head|p1a: Aromatisse
|-supereffective|p1a: Aromatisse|1
|-damage|p1a: Aromatisse|0 fnt
|faint|p1a: Aromatisse
|-damage|p2b: Kingambit|90/100|[from] item: Life Orb
|move|p1b: Slowking|Skill Swap|p2b: Kingambit
|-activate|p1b: Slowking|Skill Swap|Defiant|Curious Medicine|[of] p2b: Kingambit
|-clearboost|p2a: Staraptor|[from] ability: Curious Medicine|[of] p2b: Kingambit
|
|upkeep
|
|t:|1783671353
|switch|p1a: Corviknight|Corviknight, L50, F, shiny|100/100
|-ability|p1a: Corviknight|Pressure
|turn|2
|inactive|ak47akimbo has 30 seconds left.
|
|t:|1783671383
|detailschange|p2a: Staraptor|Staraptor-Mega, L50, M
|-mega|p2a: Staraptor|Staraptor|Staraptite
|move|p2a: Staraptor|Close Combat|p1a: Corviknight
|-damage|p1a: Corviknight|58/100
|-boost|p2a: Staraptor|def|1
|-boost|p2a: Staraptor|spd|1
|move|p1a: Corviknight|Spite|p2a: Staraptor
|-activate|p2a: Staraptor|move: Spite|Close Combat|4
|move|p2b: Kingambit|Iron Head|p1a: Corviknight
|-resisted|p1a: Corviknight|1
|-damage|p1a: Corviknight|40/100
|-damage|p2b: Kingambit|80/100|[from] item: Life Orb
|move|p1b: Slowking|Trick Room|p1b: Slowking
|-fieldstart|move: Trick Room|[of] p1b: Slowking
|
|upkeep
|turn|3
|inactive|ak47akimbo has 30 seconds left.
|inactive|ak47akimbo has 20 seconds left.
|inactive|ak47akimbo has 15 seconds left.
|inactive|ak47akimbo has 10 seconds left.
|
|t:|1783671429
|switch|p2b: Torkoal|Torkoal, L50, F|100/100
|-weather|SunnyDay|[from] ability: Drought|[of] p2b: Torkoal
|move|p1a: Corviknight|Protect|p1a: Corviknight
|-singleturn|p1a: Corviknight|Protect
|move|p2a: Staraptor|Protect|p2a: Staraptor
|-singleturn|p2a: Staraptor|Protect
|move|p1b: Slowking|Eerie Spell|p2a: Staraptor
|-activate|p2a: Staraptor|move: Protect
|
|-weather|SunnyDay|[upkeep]
|upkeep
|turn|4
|
|t:|1783671449
|move|p2b: Torkoal|Eruption|p1b: Slowking|[spread] p1a,p1b
|-supereffective|p1a: Corviknight|1
|-damage|p1a: Corviknight|0 fnt
|-damage|p1b: Slowking|28/100
|faint|p1a: Corviknight
|move|p1b: Slowking|Eerie Spell|p2b: Torkoal
|-damage|p2b: Torkoal|43/100
|-activate|p2b: Torkoal|move: Eerie Spell|Eruption|3
|move|p2a: Staraptor|Brave Bird|p1b: Slowking
|-damage|p1b: Slowking|0 fnt
|faint|p1b: Slowking
|-damage|p2a: Staraptor|90/100|[from] Recoil
|
|-weather|SunnyDay|[upkeep]
|upkeep
|
|t:|1783671458
|switch|p1b: Greninja|Greninja, L50, M|100/100
|turn|5
|
|t:|1783671482
|move|p2b: Torkoal|Solar Beam||[still]
|-prepare|p2b: Torkoal|Solar Beam
|-anim|p2b: Torkoal|Solar Beam|p1b: Greninja
|-supereffective|p1b: Greninja|1
|-damage|p1b: Greninja|0 fnt
|faint|p1b: Greninja
|
|win|ak47akimbo
