|j|‽Timondolo2
|j|☆bleepbopboop
|html|Timondolo2bleepbopboop    
|uhtml|bestof|Game 1 of a best-of-3
|t:|1756505903
|gametype|doubles
|player|p1|Timondolo2|lucas|1030
|player|p2|bleepbopboop|ethan|1000
|gen|9
|tier|[Gen 9] VGC 2025 Reg H (Bo3)
|rated|
|rule|Species Clause: Limit one of each Pokémon
|rule|Item Clause: Limit 1 of each item
|clearpoke
|poke|p1|Arcanine, L50, F|
|poke|p1|Ninetales-Alola, L50, F|
|poke|p1|Gholdengo, L50|
|poke|p1|Dragonite, L50, M|
|poke|p1|Primarina, L50, F|
|poke|p1|Decidueye-Hisui, L50, M|
|poke|p2|Kingambit, L50, F|
|poke|p2|Garchomp, L50, F|
|poke|p2|Dragonite, L50, M|
|poke|p2|Typhlosion-Hisui, L50, M|
|poke|p2|Jumpluff, L50, F|
|poke|p2|Torkoal, L50, M|
|teampreview|4
|showteam|p1|Arcanine||MirrorHerb|Intimidate|FlareBlitz,ExtremeSpeed,WillOWisp,Protect|||F|||50|,,,,,Normal]Ninetales-Alola||FocusSash|SnowWarning|AuroraVeil,Blizzard,IcyWind,Protect|||F|||50|,,,,,Ghost]Gholdengo||Leftovers|GoodasGold|MakeItRain,ShadowBall,NastyPlot,Protect||||||50|,,,,,Water]Dragonite||LoadedDice|Multiscale|ScaleShot,ExtremeSpeed,Tailwind,Protect|||M|||50|,,,,,Steel]Primarina||ChoiceSpecs|LiquidVoice|HyperVoice,Moonblast,DazzlingGleam,Haze|||F|||50|,,,,,Poison]Decidueye-Hisui||AssaultVest|Scrappy|TripleArrows,LeafBlade,BraveBird,Uturn|||M|||50|,,,,,Ghost
|showteam|p2|Kingambit||AssaultVest|Defiant|IronHead,SuckerPunch,Assurance,LowKick|||F|||50|,,,,,Flying]Garchomp||LifeOrb|RoughSkin|DragonClaw,StompingTantrum,Earthquake,Protect|||F|||50|,,,,,Fire]Dragonite||LoadedDice|Multiscale|ScaleShot,ExtremeSpeed,IceSpinner,Protect|||M|||50|,,,,,Fairy]Typhlosion-Hisui||ChoiceSpecs|Blaze|Eruption,HeatWave,ShadowBall,Overheat|||M|||50|,,,,,Fire]Jumpluff||CovertCloak|Chlorophyll|LeafStorm,SleepPowder,Encore,Tailwind|||F|||50|,,,,,Poison]Torkoal||EjectPack|Drought|Overheat,BurningJealousy,HelpingHand,Protect|||M|||50|,,,,,Flying
|inactive|Battle timer is ON: inactive players will automatically lose when time's up. (requested by bleepbopboop)
|inactive|Timondolo2 has 60 seconds left.
|inactive|bleepbopboop has 60 seconds left.
|inactive|Timondolo2 has 30 seconds left.
|inactive|Timondolo2 has 20 seconds left.
|
|t:|1756505974
|teamsize|p1|4
|teamsize|p2|4
|start
|switch|p1a: Primarina|Primarina, L50, F, shiny|100/100
|switch|p1b: Ninetales|Ninetales-Alola, L50, F, shiny|100/100
|switch|p2a: Jumpluff|Jumpluff, L50, F, shiny|100/100
|switch|p2b: Torkoal|Torkoal, L50, M, shiny|100/100
|-weather|Snowscape|[from] ability: Snow Warning|[of] p1b: Ninetales
|-weather|SunnyDay|[from] ability: Drought|[of] p2b: Torkoal
|turn|1
|inactive|Timondolo2 has 30 seconds left.
|inactive|bleepbopboop has 30 seconds left.
|
|t:|1756506008
|switch|p1b: Arcanine|Arcanine, L50, F, shiny|100/100
|-ability|p1b: Arcanine|Intimidate|boost
|-unboost|p2a: Jumpluff|atk|1
|-unboost|p2b: Torkoal|atk|1
|-enditem|p2b: Torkoal|Eject Pack
|
|t:|1756506013
|switch|p2b: Typhlosion|Typhlosion-Hisui, L50, M, shiny|100/100
|move|p2a: Jumpluff|Leaf Storm|p1a: Primarina
|-supereffective|p1a: Primarina
|-damage|p1a: Primarina|50/100
|-unboost|p2a: Jumpluff|spa|2
|move|p1a: Primarina|Moonblast|p2b: Typhlosion
|-resisted|p2b: Typhlosion
|-damage|p2b: Typhlosion|52/100
|
|-weather|SunnyDay|[upkeep]
|upkeep
|turn|2
|inactive|bleepbopboop has 30 seconds left.
|
|t:|1756506041
|switch|p2a: Torkoal|Torkoal, L50, M, shiny|100/100
|switch|p1a: Ninetales|Ninetales-Alola, L50, F, shiny|100/100
|-weather|Snowscape|[from] ability: Snow Warning|[of] p1a: Ninetales
|-terastallize|p2b: Typhlosion|Fire
|move|p2b: Typhlosion|Eruption|p1b: Arcanine|[spread] p1a,p1b
|-supereffective|p1a: Ninetales
|-resisted|p1b: Arcanine
|-enditem|p1a: Ninetales|Focus Sash
|-damage|p1a: Ninetales|1/100
|-damage|p1b: Arcanine|65/100
|move|p1b: Arcanine|Flare Blitz|p2a: Torkoal
|-resisted|p2a: Torkoal
|-damage|p2a: Torkoal|82/100
|-damage|p1b: Arcanine|58/100|[from] Recoil
|
|-weather|Snowscape|[upkeep]
|upkeep
|turn|3
|inactive|Timondolo2 has 30 seconds left.
|
|t:|1756506068
|move|p1a: Ninetales|Protect|p1a: Ninetales
|-singleturn|p1a: Ninetales|Protect
|move|p2a: Torkoal|Protect|p2a: Torkoal
|-singleturn|p2a: Torkoal|Protect
|move|p1b: Arcanine|Extreme Speed|p2b: Typhlosion
|-damage|p2b: Typhlosion|19/100
|move|p2b: Typhlosion|Eruption|p1b: Arcanine|[spread] p1b
|-activate|p1a: Ninetales|move: Protect
|-resisted|p1b: Arcanine
|-damage|p1b: Arcanine|41/100
|
|-weather|Snowscape|[upkeep]
|upkeep
|turn|4
|inactive|bleepbopboop has 30 seconds left.
|
|t:|1756506094
|switch|p1a: Primarina|Primarina, L50, F, shiny|50/100
|switch|p2b: Jumpluff|Jumpluff, L50, F, shiny|100/100
|move|p1b: Arcanine|Extreme Speed|p2b: Jumpluff
|-damage|p2b: Jumpluff|68/100
|move|p2a: Torkoal|Burning Jealousy|p1b: Arcanine|[spread] p1a,p1b
|-resisted|p1a: Primarina
|-resisted|p1b: Arcanine
|-damage|p1a: Primarina|42/100
|-damage|p1b: Arcanine|28/100
|
|-weather|Snowscape|[upkeep]
|upkeep
|turn|5
|inactive|bleepbopboop has 30 seconds left.
|inactive|bleepbopboop has 20 seconds left.
|inactive|bleepbopboop has 15 seconds left.
|
|t:|1756506136
|move|p2b: Jumpluff|Leaf Storm|p1a: Primarina
|-supereffective|p1a: Primarina
|-damage|p1a: Primarina|0 fnt
|-unboost|p2b: Jumpluff|spa|2
|faint|p1a: Primarina
|move|p1b: Arcanine|Flare Blitz|p2b: Jumpluff
|-supereffective|p2b: Jumpluff
|-damage|p2b: Jumpluff|0 fnt
|faint|p2b: Jumpluff
|-damage|p1b: Arcanine|4/100|[from] Recoil
|move|p2a: Torkoal|Burning Jealousy|p1b: Arcanine
|-resisted|p1b: Arcanine
|-damage|p1b: Arcanine|0 fnt
|faint|p1b: Arcanine
|
|-weather|Snowscape|[upkeep]
|upkeep
|
|t:|1756506153
|switch|p2b: Typhlosion|Typhlosion-Hisui, L50, M, shiny, tera:Fire|19/100
|switch|p1b: Ninetales|Ninetales-Alola, L50, F, shiny|1/100
|switch|p1a: Dragonite|Dragonite, L50, M, shiny|100/100
|turn|6
|inactive|bleepbopboop has 30 seconds left.
|
|t:|1756506183
|move|p2a: Torkoal|Helping Hand|p2b: Typhlosion
|-singleturn|p2b: Typhlosion|Helping Hand|[of] p2a: Torkoal
|move|p1a: Dragonite|Extreme Speed|p2b: Typhlosion
|-damage|p2b: Typhlosion|0 fnt
|faint|p2b: Typhlosion
|move|p1b: Ninetales|Aurora Veil|p1b: Ninetales
|-sidestart|p1: Timondolo2|move: Aurora Veil
|
|-weather|none
|upkeep
|
|t:|1756506192
|switch|p2b: Dragonite|Dragonite, L50, M, shiny|100/100
|turn|7
|inactive|Timondolo2 has 30 seconds left.
|
|t:|1756506225
|move|p1b: Ninetales|Blizzard|p2a: Torkoal|[spread] p2a,p2b
|-resisted|p2a: Torkoal
|-supereffective|p2b: Dragonite
|-damage|p2a: Torkoal|60/100
|-damage|p2b: Dragonite|45/100
|move|p1a: Dragonite|Scale Shot|p2a: Torkoal
|-damage|p2a: Torkoal|50/100
|-damage|p2a: Torkoal|41/100
|-damage|p2a: Torkoal|31/100
|-damage|p2a: Torkoal|20/100
|-hitcount|p2a: Torkoal|4
|-unboost|p1a: Dragonite|def|1
|-boost|p1a: Dragonite|spe|1
|move|p2b: Dragonite|Scale Shot|p1a: Dragonite
|-supereffective|p1a: Dragonite
|-damage|p1a: Dragonite|86/100
|-supereffective|p1a: Dragonite
|-damage|p1a: Dragonite|52/100
|-supereffective|p1a: Dragonite
|-damage|p1a: Dragonite|18/100
|-supereffective|p1a: Dragonite
|-damage|p1a: Dragonite|0 fnt
|faint|p1a: Dragonite
|-hitcount|p1: Dragonite|4
|-unboost|p2b: Dragonite|def|1
|-boost|p2b: Dragonite|spe|1
|move|p2a: Torkoal|Burning Jealousy|p1b: Ninetales
|-supereffective|p1b: Ninetales
|-damage|p1b: Ninetales|0 fnt
|faint|p1b: Ninetales
|
|win|bleepbopboop
|inactive|Timondolo2 has 30 seconds to confirm battle start!
|inactive|bleepbopboop has 30 seconds to confirm battle start!
|inactive|Timondolo2 has 20 seconds to confirm battle start!
|inactive|bleepbopboop has 20 seconds to confirm battle start!
