|j|☆MartinoZERO 7986
|j|☆rafa0145
|html|MartinoZERO 7986rafa0145    
|uhtml|bestof|Game 2 of a best-of-3
|t:|1783598805
|gametype|doubles
|player|p1|MartinoZERO 7986|marlon|1011
|player|p2|rafa0145|101|1127
|gen|9
|tier|[Gen 9 Champions] VGC 2026 Reg M-B (Bo3)
|rated|
|rule|Species Clause: Limit one of each Pokémon
|rule|Item Clause: Limit 1 of each item
|clearpoke
|poke|p1|Charizard, L50, M|
|poke|p1|Vivillon-Marine, L50, F, shiny|
|poke|p1|Clefable, L50, F|
|poke|p1|Volcarona, L50, F|
|poke|p1|Garchomp, L50, M, shiny|
|poke|p1|Sinistcha, L50, shiny|
|poke|p2|Charizard, L50, F|
|poke|p2|Kingambit, L50, M|
|poke|p2|Sylveon, L50, M|
|poke|p2|Garchomp, L50, M|
|poke|p2|Aerodactyl, L50, M|
|poke|p2|Farigiraf, L50, F|
|teampreview|4
|showteam|p1|Charizard||CharizarditeX|Blaze|BellyDrum,BreakingSwipe,FirePunch,Protect|Adamant||M|||50|]Vivillon-Marine||FocusSash|FriendGuard|Tailwind,PollenPuff,RagePowder,Hurricane|Timid||F|||50|]Clefable||SitrusBerry|MagicGuard|FollowMe,HealPulse,Encore,Moonblast|Bold||F|||50|]Volcarona||ChartiBerry|FlameBody|RagePowder,Tailwind,WillOWisp,HeatWave|Bold||F|||50|]Garchomp||RoseliBerry|RoughSkin|StompingTantrum,DragonClaw,PoisonJab,RockSlide|Adamant||M|||50|]Sinistcha||Leftovers|Hospitality|RagePowder,TrickRoom,MatchaGotcha,LifeDew|Calm|||||50|
|showteam|p2|Charizard||CharizarditeY|SolarPower|Protect,HeatWave,SolarBeam,WeatherBall|Modest||F|||50|]Kingambit||FocusSash|Defiant|IronHead,SuckerPunch,KowtowCleave,LowKick|Adamant||M|||50|]Sylveon||FairyFeather|Pixilate|Detect,HyperVoice,HyperBeam,QuickAttack|Modest||M|||50|]Garchomp||LifeOrb|RoughSkin|Protect,DragonClaw,Earthquake,RockSlide|Jolly||M|||50|]Aerodactyl||Aerodactylite|Unnerve|IceFang,RockSlide,Tailwind,DualWingbeat|Jolly||M|||50|]Farigiraf||SitrusBerry|ArmorTail|TrickRoom,Psychic,Thunderbolt,Protect|Bold||F|||50|
|inactive|Battle timer is ON: inactive players will automatically lose when time's up. (requested by MartinoZERO 7986)
|inactive|MartinoZERO 7986 has 60 seconds left.
|inactive|rafa0145 has 60 seconds left.
|
|t:|1783598861
|teamsize|p1|4
|teamsize|p2|4
|start
|switch|p1a: volcafly|Volcarona, L50, F|100/100
|switch|p1b: Matchimatcha|Sinistcha, L50, shiny|100/100
|switch|p2a: Aerodactyl|Aerodactyl, L50, M|100/100
|switch|p2b: Garchomp|Garchomp, L50, M|100/100
|-ability|p2a: Aerodactyl|Unnerve
|turn|1
|
|t:|1783598881
|move|p2a: Aerodactyl|Tailwind|p2a: Aerodactyl
|-sidestart|p2: rafa0145|move: Tailwind
|move|p2b: Garchomp|Rock Slide|p1b: Matchimatcha|[spread] p1a,p1b
|-supereffective|p1a: volcafly|2
|-damage|p1a: volcafly|0 fnt
|-damage|p1b: Matchimatcha|75/100
|faint|p1a: volcafly
|-damage|p2b: Garchomp|90/100|[from] item: Life Orb
|cant|p1b: Matchimatcha|flinch
|
|-heal|p1b: Matchimatcha|82/100|[from] item: Leftovers
|upkeep
|
|t:|1783598898
|switch|p1a: No dragon ?|Charizard, L50, M|100/100
|turn|2
|
|t:|1783598910
|move|p1a: No dragon ?|Protect|p1a: No dragon ?
|-singleturn|p1a: No dragon ?|Protect
|move|p2a: Aerodactyl|Dual Wingbeat|p1b: Matchimatcha
|-supereffective|p1b: Matchimatcha|1
|-damage|p1b: Matchimatcha|53/100
|-supereffective|p1b: Matchimatcha|1
|-damage|p1b: Matchimatcha|25/100
|-hitcount|p1b: Matchimatcha|2
|move|p2b: Garchomp|Earthquake|p1a: No dragon ?|[spread] p1b
|-activate|p1a: No dragon ?|move: Protect
|-immune|p2a: Aerodactyl
|-resisted|p1b: Matchimatcha|1
|-damage|p1b: Matchimatcha|3/100
|-damage|p2b: Garchomp|80/100|[from] item: Life Orb
|move|p1b: Matchimatcha|Trick Room|p1b: Matchimatcha
|-fieldstart|move: Trick Room|[of] p1b: Matchimatcha
|
|-heal|p1b: Matchimatcha|9/100|[from] item: Leftovers
|upkeep
|turn|3
|inactive|rafa0145 has 30 seconds left.
|inactive|rafa0145 has 20 seconds left.
|inactive|rafa0145 has 15 seconds left.
|
|t:|1783598954
|detailschange|p1a: No dragon ?|Charizard-Mega-X, L50, M
|-mega|p1a: No dragon ?|Charizard|Charizardite X
|move|p2b: Garchomp|Protect|p2b: Garchomp
|-singleturn|p2b: Garchomp|Protect
|move|p1b: Matchimatcha|Life Dew||[still]|[spread] p1a,p1b
|-fail|p1a: No dragon ?|heal
|-heal|p1b: Matchimatcha|34/100
|move|p1a: No dragon ?|Breaking Swipe|p2a: Aerodactyl|[spread] p2a
|-activate|p2b: Garchomp|move: Protect
|-damage|p2a: Aerodactyl|59/100
|-unboost|p2a: Aerodactyl|atk|1
|move|p2a: Aerodactyl|Rock Slide|p1a: No dragon ?|[spread] p1a,p1b
|-supereffective|p1a: No dragon ?|1
|-damage|p1a: No dragon ?|70/100
|-damage|p1b: Matchimatcha|21/100
|
|-heal|p1b: Matchimatcha|27/100|[from] item: Leftovers
|upkeep
|turn|4
|inactive|rafa0145 has 30 seconds left.
|
|t:|1783598980
|switch|p2b: Sylveon|Sylveon, L50, M|100/100
|move|p1b: Matchimatcha|Life Dew|p1b: Matchimatcha|[spread] p1a,p1b
|-heal|p1a: No dragon ?|95/100
|-heal|p1b: Matchimatcha|52/100
|move|p1a: No dragon ?|Breaking Swipe|p2a: Aerodactyl|[spread] p2a
|-immune|p2b: Sylveon
|-damage|p2a: Aerodactyl|18/100
|-unboost|p2a: Aerodactyl|atk|1
|move|p2a: Aerodactyl|Ice Fang|p1b: Matchimatcha
|-supereffective|p1b: Matchimatcha|1
|-damage|p1b: Matchimatcha|35/100
|
|-heal|p1b: Matchimatcha|42/100|[from] item: Leftovers
|-sideend|p2: rafa0145|move: Tailwind
|upkeep
|turn|5
|
|t:|1783599003
|move|p1a: No dragon ?|Protect|p1a: No dragon ?
|-singleturn|p1a: No dragon ?|Protect
|move|p2b: Sylveon|Hyper Voice|p1b: Matchimatcha|[spread] p1b
|-activate|p1a: No dragon ?|move: Protect
|-damage|p1b: Matchimatcha|0 fnt
|faint|p1b: Matchimatcha
|move|p2a: Aerodactyl|Rock Slide|p1a: No dragon ?
|-activate|p1a: No dragon ?|move: Protect
|
|upkeep
|
|t:|1783599013
|switch|p1b: Hacheur|Garchomp, L50, M, shiny|100/100
|turn|6
|inactive|rafa0145 has 30 seconds left.
|
|t:|1783599038
|switch|p2a: Charizard|Charizard, L50, F|100/100
|move|p2b: Sylveon|Hyper Voice|p1b: Hacheur|[spread] p1a,p1b
|-supereffective|p1b: Hacheur|1
|-enditem|p1b: Hacheur|Roseli Berry|[eat]
|-enditem|p1b: Hacheur|Roseli Berry|[weaken]
|-damage|p1a: No dragon ?|42/100
|-damage|p1b: Hacheur|56/100
|move|p1b: Hacheur|Rock Slide|p2a: Charizard|[spread] p2a,p2b
|-supereffective|p2a: Charizard|2
|-damage|p2a: Charizard|32/100
|-damage|p2b: Sylveon|78/100
|move|p1a: No dragon ?|Fire Punch|p2b: Sylveon
|-damage|p2b: Sylveon|17/100
|
|-fieldend|move: Trick Room
|upkeep
|turn|7
|
|t:|1783599060
|detailschange|p2a: Charizard|Charizard-Mega-Y, L50, F
|-mega|p2a: Charizard|Charizard|Charizardite Y
|-weather|SunnyDay|[from] ability: Drought|[of] p2a: Charizard
|move|p2b: Sylveon|Detect|p2b: Sylveon
|-singleturn|p2b: Sylveon|Protect
|move|p1a: No dragon ?|Fire Punch|p2b: Sylveon
|-activate|p2b: Sylveon|move: Protect
|move|p1b: Hacheur|Rock Slide|p2a: Charizard|[spread] p2a
|-activate|p2b: Sylveon|move: Protect
|-supereffective|p2a: Charizard|2
|-damage|p2a: Charizard|0 fnt
|faint|p2a: Charizard
|
|-weather|SunnyDay|[upkeep]
|upkeep
|
|t:|1783599072
|switch|p2a: Aerodactyl|Aerodactyl, L50, M|18/100
|-ability|p2a: Aerodactyl|Unnerve
|turn|8
|
|t:|1783599083
|move|p2a: Aerodactyl|Tailwind|p2a: Aerodactyl
|-sidestart|p2: rafa0145|move: Tailwind
|move|p2b: Sylveon|Hyper Voice|p1a: No dragon ?|[spread] p1a,p1b
|-supereffective|p1b: Hacheur|1
|-damage|p1a: No dragon ?|0 fnt
|-damage|p1b: Hacheur|0 fnt
|faint|p1a: No dragon ?
|faint|p1b: Hacheur
|
|win|rafa0145
|raw|MartinoZERO 7986's rating: 1011 → 1003(-8 for losing)
|raw|rafa0145's rating: 1127 → 1144(+17 for winning)
