|j|☆gundot
|j|☆Glofer
|html|gundotGlofer    
|uhtml|bestof|Game 2 of a best-of-3
|t:|1782733286
|gametype|doubles
|player|p1|gundot|ethan-gen2|1113
|player|p2|Glofer|blackbelt|1199
|gen|9
|tier|[Gen 9 Champions] VGC 2026 Reg M-B (Bo3)
|rated|
|rule|Species Clause: Limit one of each Pokémon
|rule|Item Clause: Limit 1 of each item
|clearpoke
|poke|p1|Charizard, L50, M, shiny|
|poke|p1|Whimsicott, L50, F, shiny|
|poke|p1|Floette-Eternal, L50, F|
|poke|p1|Garchomp, L50, M|
|poke|p1|Kingambit, L50, M|
|poke|p1|Basculegion, L50, M|
|poke|p2|Swampert, L50, F|
|poke|p2|Meganium, L50, M|
|poke|p2|Glimmora, L50, F|
|poke|p2|Vivillon, L50, F|
|poke|p2|Pelipper, L50, F|
|poke|p2|Tinkaton, L50, F|
|teampreview|4
|showteam|p1|Charizard||CharizarditeY|SolarPower|HeatWave,WeatherBall,SolarBeam,Protect|Modest||M|||50|]Whimsicott||FocusSash|Prankster|Moonblast,Tailwind,Encore,Protect|Timid||F|||50|]Floette-Eternal||Floettite|FlowerVeil|Moonblast,DazzlingGleam,LightofRuin,Protect|Timid||F|||50|]Garchomp||SitrusBerry|RoughSkin|Earthquake,DragonClaw,RockSlide,Protect|Jolly||M|||50|]Kingambit||BlackGlasses|Defiant|KowtowCleave,SuckerPunch,IronHead,Protect|Adamant||M|||50|]Basculegion||MysticWater|Adaptability|WaveCrash,AquaJet,LastRespects,Protect|Adamant||M|||50|
|showteam|p2|Swampert||Swampertite|Damp|WaveCrash,Earthquake,IcePunch,Protect|Adamant||F|||50|]Meganium||Meganiumite|LeafGuard|SolarBeam,DazzlingGleam,WeatherBall,Protect|Timid||M|||50|]Glimmora||LifeOrb|ToxicDebris|SludgeBomb,PowerGem,EarthPower,Protect|Timid||F|||50|]Vivillon||FocusSash|CompoundEyes|PollenPuff,SleepPowder,Tailwind,Protect|Timid||F|||50|]Pelipper||WideLens|Drizzle|Hurricane,MuddyWater,WideGuard,Protect|Modest||F|||50|]Tinkaton||Leftovers|OwnTempo|GigatonHammer,PlayRough,FakeOut,Protect|Jolly||F|||50|
|inactive|Battle timer is ON: inactive players will automatically lose when time's up. (requested by gundot)
|
|t:|1782733301
|teamsize|p1|4
|teamsize|p2|4
|start
|switch|p1a: Garchomp|Garchomp, L50, M|100/100
|switch|p1b: Charizard|Charizard, L50, M, shiny|100/100
|switch|p2a: Glimmora|Glimmora, L50, F|100/100
|switch|p2b: Tinkaton|Tinkaton, L50, F|100/100
|turn|1
|
|t:|1782733316
|move|p1a: Garchomp|Protect|p1a: Garchomp
|-singleturn|p1a: Garchomp|Protect
|move|p2b: Tinkaton|Protect|p2b: Tinkaton
|-singleturn|p2b: Tinkaton|Protect
|move|p2a: Glimmora|Protect|p2a: Glimmora
|-singleturn|p2a: Glimmora|Protect
|move|p1b: Charizard|Protect||[still]
|-fail|p1b: Charizard
|
|upkeep
|turn|2
|inactive|Glofer has 30 seconds left.
|
|t:|1782733345
|switch|p2b: Swampert|Swampert, L50, F|100/100
|move|p1a: Garchomp|Earthquake|p2b: Swampert|[spread] p2a,p2b
|-immune|p1b: Charizard
|-supereffective|p2a: Glimmora|2
|-crit|p2a: Glimmora
|-damage|p2a: Glimmora|0 fnt
|-damage|p2b: Swampert|62/100
|-activate|p2a: Glimmora|ability: Toxic Debris
|-sidestart|p1: gundot|move: Toxic Spikes
|faint|p2a: Glimmora
|move|p1b: Charizard|Heat Wave|p2b: Swampert
|-resisted|p2b: Swampert|1
|-crit|p2b: Swampert
|-damage|p2b: Swampert|27/100
|
|upkeep
|
|t:|1782733353
|switch|p2a: Pelipper|Pelipper, L50, F|100/100
|-weather|RainDance|[from] ability: Drizzle|[of] p2a: Pelipper
|turn|3
|
|t:|1782733364
|switch|p2a: Tinkaton|Tinkaton, L50, F|100/100
|detailschange|p1b: Charizard|Charizard-Mega-Y, L50, M, shiny
|-mega|p1b: Charizard|Charizard|Charizardite Y
|-weather|SunnyDay|[from] ability: Drought|[of] p1b: Charizard
|detailschange|p2b: Swampert|Swampert-Mega, L50, F
|-mega|p2b: Swampert|Swampert|Swampertite
|move|p2b: Swampert|Protect|p2b: Swampert
|-singleturn|p2b: Swampert|Protect
|move|p1a: Garchomp|Rock Slide|p2b: Swampert|[spread] p2a
|-activate|p2b: Swampert|move: Protect
|-resisted|p2a: Tinkaton|1
|-damage|p2a: Tinkaton|87/100
|move|p1b: Charizard|Solar Beam||[still]
|-prepare|p1b: Charizard|Solar Beam
|-anim|p1b: Charizard|Solar Beam|p2b: Swampert
|-activate|p2b: Swampert|move: Protect
|
|-weather|SunnyDay|[upkeep]
|-heal|p2a: Tinkaton|93/100|[from] item: Leftovers
|upkeep
|turn|4
|
|t:|1782733382
|switch|p2a: Pelipper|Pelipper, L50, F|100/100
|-weather|RainDance|[from] ability: Drizzle|[of] p2a: Pelipper
|switch|p1b: Basculegion|Basculegion, L50, M|100/100
|-status|p1b: Basculegion|psn
|move|p1a: Garchomp|Protect|p1a: Garchomp
|-singleturn|p1a: Garchomp|Protect
|move|p2b: Swampert|Ice Punch|p1a: Garchomp
|-activate|p1a: Garchomp|move: Protect
|
|-weather|RainDance|[upkeep]
|-damage|p1b: Basculegion|87/100 psn|[from] psn
|upkeep
|turn|5
|
|t:|1782733397
|move|p2b: Swampert|Protect|p2b: Swampert
|-singleturn|p2b: Swampert|Protect
|move|p1b: Basculegion|Aqua Jet|p2b: Swampert
|-activate|p2b: Swampert|move: Protect
|move|p1a: Garchomp|Rock Slide|p2b: Swampert|[spread] 
|-activate|p2b: Swampert|move: Protect
|-miss|p1a: Garchomp|p2a: Pelipper
|move|p2a: Pelipper|Hurricane|p1b: Basculegion
|-damage|p1b: Basculegion|43/100 psn
|-start|p1b: Basculegion|confusion
|
|-weather|RainDance|[upkeep]
|-damage|p1b: Basculegion|31/100 psn|[from] psn
|upkeep
|turn|6
|
|t:|1782733420
|switch|p2b: Tinkaton|Tinkaton, L50, F|93/100
|-activate|p1b: Basculegion|confusion
|-damage|p1b: Basculegion|15/100 psn|[from] confusion
|move|p1a: Garchomp|Rock Slide|p2a: Pelipper|[spread] p2a,p2b
|-supereffective|p2a: Pelipper|1
|-resisted|p2b: Tinkaton|1
|-damage|p2a: Pelipper|72/100
|-damage|p2b: Tinkaton|80/100
|cant|p2a: Pelipper|flinch
|
|-weather|RainDance|[upkeep]
|-heal|p2b: Tinkaton|86/100|[from] item: Leftovers
|-damage|p1b: Basculegion|3/100 psn|[from] psn
|upkeep
|turn|7
|
|t:|1782733441
|switch|p1b: Charizard|Charizard-Mega-Y, L50, M, shiny|100/100
|-weather|SunnyDay|[from] ability: Drought|[of] p1b: Charizard
|move|p1a: Garchomp|Earthquake|p2b: Tinkaton|[spread] p2b
|-immune|p1b: Charizard
|-immune|p2a: Pelipper
|-supereffective|p2b: Tinkaton|1
|-crit|p2b: Tinkaton
|-damage|p2b: Tinkaton|0 fnt
|faint|p2b: Tinkaton
|move|p2a: Pelipper|Muddy Water|p1b: Charizard|[spread] p1a,p1b
|-supereffective|p1b: Charizard|1
|-damage|p1a: Garchomp|88/100
|-damage|p1b: Charizard|78/100
|-unboost|p1b: Charizard|accuracy|1
|
|-weather|SunnyDay|[upkeep]
|upkeep
|
|t:|1782733450
|switch|p2b: Swampert|Swampert-Mega, L50, F|27/100
|turn|8
|
|t:|1782733457
|switch|p1b: Basculegion|Basculegion, L50, M|3/100 psn
|move|p1a: Garchomp|Dragon Claw|p2b: Swampert
|-damage|p2b: Swampert|0 fnt
|faint|p2b: Swampert
|move|p2a: Pelipper|Muddy Water|p1a: Garchomp|[spread] p1a,p1b
|-resisted|p1b: Basculegion|1
|-crit|p1b: Basculegion
|-damage|p1a: Garchomp|76/100
|-damage|p1b: Basculegion|0 fnt
|-unboost|p1a: Garchomp|accuracy|1
|faint|p1b: Basculegion
|
|-weather|SunnyDay|[upkeep]
|upkeep
|
|t:|1782733460
|switch|p1b: Charizard|Charizard-Mega-Y, L50, M, shiny|78/100
|turn|9
|
|t:|1782733473
|move|p2a: Pelipper|Protect|p2a: Pelipper
|-singleturn|p2a: Pelipper|Protect
|move|p1a: Garchomp|Rock Slide|p2a: Pelipper
|-activate|p2a: Pelipper|move: Protect
|move|p1b: Charizard|Solar Beam||[still]
|-prepare|p1b: Charizard|Solar Beam
|-anim|p1b: Charizard|Solar Beam|p2a: Pelipper
|-activate|p2a: Pelipper|move: Protect
|
|-weather|SunnyDay|[upkeep]
|upkeep
|turn|10
|
|t:|1782733478
|move|p2a: Pelipper|Wide Guard|p2a: Pelipper
|-singleturn|p2a: Pelipper|Wide Guard
|move|p1a: Garchomp|Rock Slide|p2a: Pelipper
|-activate|p2a: Pelipper|move: Wide Guard
|move|p1b: Charizard|Solar Beam||[still]
|-prepare|p1b: Charizard|Solar Beam
|-anim|p1b: Charizard|Solar Beam|p2a: Pelipper
|-damage|p2a: Pelipper|7/100
|
|-weather|SunnyDay|[upkeep]
|upkeep
|turn|11
|
|t:|1782733488
|move|p2a: Pelipper|Protect||[still]
|-fail|p2a: Pelipper
|move|p1a: Garchomp|Dragon Claw|p2a: Pelipper|[miss]
|-miss|p1a: Garchomp|p2a: Pelipper
|move|p1b: Charizard|Weather Ball|p2a: Pelipper
|-resisted|p2a: Pelipper|1
|-damage|p2a: Pelipper|0 fnt
|faint|p2a: Pelipper
|
|win|gundot
|raw|gundot's rating: 1113 → 1144(+31 for winning)
|raw|Glofer's rating: 1199 → 1168(-31 for losing)
