|j|☆teyvgc
|j|☆escapadian
|html|teyvgcescapadian    
|uhtml|bestof|Game 3 of a best-of-3
|t:|1782535465
|gametype|doubles
|player|p1|teyvgc|rood|1137
|player|p2|escapadian|rocketgruntf|1173
|gen|9
|tier|[Gen 9 Champions] VGC 2026 Reg M-B (Bo3)
|rated|
|rule|Species Clause: Limit one of each Pokémon
|rule|Item Clause: Limit 1 of each item
|clearpoke
|poke|p1|Houndstone, L50, F|
|poke|p1|Tyranitar, L50, F|
|poke|p1|Rotom-Wash, L50|
|poke|p1|Incineroar, L50, M|
|poke|p1|Farigiraf, L50, F, shiny|
|poke|p1|Garchomp, L50, F, shiny|
|poke|p2|Floette-Eternal, L50, F|
|poke|p2|Whimsicott, L50, M|
|poke|p2|Basculegion, L50, M, shiny|
|poke|p2|Charizard, L50, M|
|poke|p2|Garchomp, L50, F|
|poke|p2|Kingambit, L50, F|
|teampreview|4
|showteam|p1|Houndstone||FocusSash|SandRush|Poltergeist,ShadowSneak,LastRespects,Protect|Adamant||F|||50|]Tyranitar||Tyranitarite|SandStream|RockSlide,KnockOff,LowKick,Protect|Adamant||F|||50|]Rotom-Wash||Leftovers|Levitate|LightScreen,HydroPump,VoltSwitch,WillOWisp|Bold|||||50|]Incineroar||PasshoBerry|Intimidate|FlareBlitz,DarkestLariat,FakeOut,PartingShot|Adamant||M|||50|]Farigiraf||TwistedSpoon|ArmorTail|HyperVoice,TwinBeam,TrickRoom,HelpingHand|Quiet||F|||50|]Garchomp||Garchompite|RoughSkin|StompingTantrum,DragonClaw,IronHead,Protect|Brave||F|||50|
|showteam|p2|Floette-Eternal||Floettite|FlowerVeil|Moonblast,DazzlingGleam,LightofRuin,Protect|Timid||F|||50|]Whimsicott||FocusSash|Prankster|Moonblast,Tailwind,Encore,Protect|Timid||M|||50|]Basculegion||MysticWater|Adaptability|WaveCrash,LastRespects,AquaJet,Protect|Adamant||M|||50|]Charizard||CharizarditeY|Blaze|HeatWave,WeatherBall,SolarBeam,Protect|Modest||M|||50|]Garchomp||LifeOrb|RoughSkin|DragonClaw,Protect,RockSlide,Earthquake|Jolly||F|||50|]Kingambit||BlackGlasses|Defiant|KowtowCleave,IronHead,SuckerPunch,Protect|Adamant||F|||50|
|
|t:|1782535542
|teamsize|p1|4
|teamsize|p2|4
|start
|switch|p1a: Tyranitar|Tyranitar, L50, F|100/100
|switch|p1b: Houndstone|Houndstone, L50, F|100/100
|switch|p2a: Basculegion|Basculegion, L50, M, shiny|100/100
|switch|p2b: Whimsicott|Whimsicott, L50, M|100/100
|-weather|Sandstorm|[from] ability: Sand Stream|[of] p1a: Tyranitar
|turn|1
|
|t:|1782535570
|switch|p2a: Kingambit|Kingambit, L50, F|100/100
|detailschange|p1a: Tyranitar|Tyranitar-Mega, L50, F
|-mega|p1a: Tyranitar|Tyranitar|Tyranitarite
|move|p1b: Houndstone|Poltergeist|p2b: Whimsicott
|-activate|p2b: Whimsicott|move: Poltergeist|Focus Sash
|-damage|p2b: Whimsicott|14/100
|move|p2b: Whimsicott|Moonblast|p1b: Houndstone
|-damage|p1b: Houndstone|59/100
|-unboost|p1b: Houndstone|spa|1
|move|p1a: Tyranitar|Knock Off|p2a: Kingambit
|-resisted|p2a: Kingambit|1
|-damage|p2a: Kingambit|73/100
|-enditem|p2a: Kingambit|Black Glasses|[from] move: Knock Off|[of] p1a: Tyranitar
|
|-weather|Sandstorm|[upkeep]
|-damage|p2b: Whimsicott|8/100|[from] Sandstorm
|upkeep
|turn|2
|
|t:|1782535600
|switch|p1b: Rotom|Rotom-Wash, L50|100/100
|switch|p2a: Basculegion|Basculegion, L50, M, shiny|100/100
|move|p2b: Whimsicott|Tailwind|p2b: Whimsicott
|-sidestart|p2: escapadian|move: Tailwind
|move|p1a: Tyranitar|Low Kick|p2a: Basculegion
|-immune|p2a: Basculegion
|
|-weather|Sandstorm|[upkeep]
|-damage|p2b: Whimsicott|2/100|[from] Sandstorm
|-damage|p2a: Basculegion|93/100|[from] Sandstorm
|-damage|p1b: Rotom|94/100|[from] Sandstorm
|-heal|p1b: Rotom|100/100|[from] item: Leftovers
|upkeep
|turn|3
|
|t:|1782535632
|move|p1a: Tyranitar|Protect|p1a: Tyranitar
|-singleturn|p1a: Tyranitar|Protect
|move|p2b: Whimsicott|Encore|p1a: Tyranitar
|-activate|p1a: Tyranitar|move: Protect
|move|p2a: Basculegion|Wave Crash|p1b: Rotom
|-resisted|p1b: Rotom|1
|-damage|p1b: Rotom|57/100
|-damage|p2a: Basculegion|82/100|[from] Recoil
|move|p1b: Rotom|Will-O-Wisp|p2a: Basculegion
|-status|p2a: Basculegion|brn
|
|-weather|Sandstorm|[upkeep]
|-damage|p2b: Whimsicott|0 fnt|[from] Sandstorm
|-damage|p2a: Basculegion|76/100 brn|[from] Sandstorm
|-damage|p1b: Rotom|52/100|[from] Sandstorm
|faint|p2b: Whimsicott
|-heal|p1b: Rotom|57/100|[from] item: Leftovers
|-damage|p2a: Basculegion|70/100 brn|[from] brn
|upkeep
|
|t:|1782535648
|switch|p2b: Floette|Floette-Eternal, L50, F|100/100
|turn|4
|
|t:|1782535677
|switch|p1a: Garchomp|Garchomp, L50, F, shiny|100/100
|detailschange|p2b: Floette|Floette-Mega, L50, F
|-mega|p2b: Floette|Floette|Floettite
|-ability|p2b: Floette|Fairy Aura
|move|p2b: Floette|Dazzling Gleam|p1a: Garchomp|[spread] p1a,p1b
|-supereffective|p1a: Garchomp|1
|-damage|p1a: Garchomp|18/100
|-damage|p1b: Rotom|14/100
|move|p2a: Basculegion|Wave Crash|p1a: Garchomp
|-damage|p1a: Garchomp|0 fnt
|-damage|p2a: Basculegion|58/100 brn|[from] ability: Rough Skin|[of] p1a: Garchomp
|faint|p1a: Garchomp
|-damage|p2a: Basculegion|52/100 brn|[from] Recoil
|move|p1b: Rotom|Light Screen|p1b: Rotom
|-sidestart|p1: teyvgc|move: Light Screen
|
|-weather|Sandstorm|[upkeep]
|-damage|p2b: Floette|94/100|[from] Sandstorm
|-damage|p2a: Basculegion|46/100 brn|[from] Sandstorm
|-damage|p1b: Rotom|8/100|[from] Sandstorm
|-heal|p1b: Rotom|14/100|[from] item: Leftovers
|-damage|p2a: Basculegion|40/100 brn|[from] brn
|upkeep
|
|t:|1782535687
|switch|p1a: Houndstone|Houndstone, L50, F|59/100
|turn|5
|
|t:|1782535701
|switch|p2a: Kingambit|Kingambit, L50, F|73/100
|move|p1a: Houndstone|Protect|p1a: Houndstone
|-singleturn|p1a: Houndstone|Protect
|move|p2b: Floette|Dazzling Gleam|p1a: Houndstone|[spread] p1b
|-activate|p1a: Houndstone|move: Protect
|-damage|p1b: Rotom|0 fnt
|faint|p1b: Rotom
|
|-weather|none
|-sideend|p2: escapadian|move: Tailwind
|upkeep
|
|t:|1782535708
|switch|p1b: Tyranitar|Tyranitar-Mega, L50, F|100/100
|-weather|Sandstorm|[from] ability: Sand Stream|[of] p1b: Tyranitar
|turn|6
|
|t:|1782535718
|switch|p2a: Basculegion|Basculegion, L50, M, shiny|40/100 brn
|move|p1a: Houndstone|Shadow Sneak|p2b: Floette
|-damage|p2b: Floette|69/100
|move|p2b: Floette|Dazzling Gleam|p1b: Tyranitar|[spread] p1a,p1b
|-supereffective|p1b: Tyranitar|1
|-damage|p1a: Houndstone|25/100
|-damage|p1b: Tyranitar|70/100
|move|p1b: Tyranitar|Low Kick|p2a: Basculegion
|-immune|p2a: Basculegion
|
|-weather|Sandstorm|[upkeep]
|-damage|p2b: Floette|63/100|[from] Sandstorm
|-damage|p2a: Basculegion|34/100 brn|[from] Sandstorm
|-damage|p2a: Basculegion|28/100 brn|[from] brn
|upkeep
|turn|7
|
|t:|1782535738
|move|p1a: Houndstone|Protect|p1a: Houndstone
|-singleturn|p1a: Houndstone|Protect
|move|p2a: Basculegion|Protect|p2a: Basculegion
|-singleturn|p2a: Basculegion|Protect
|move|p2b: Floette|Dazzling Gleam|p1b: Tyranitar|[spread] p1b
|-activate|p1a: Houndstone|move: Protect
|-supereffective|p1b: Tyranitar|1
|-damage|p1b: Tyranitar|41/100
|move|p1b: Tyranitar|Rock Slide|p2b: Floette|[spread] p2b
|-activate|p2a: Basculegion|move: Protect
|-damage|p2b: Floette|13/100
|
|-weather|Sandstorm|[upkeep]
|-damage|p2b: Floette|7/100|[from] Sandstorm
|-damage|p2a: Basculegion|22/100 brn|[from] Sandstorm
|-damage|p2a: Basculegion|16/100 brn|[from] brn
|upkeep
|turn|8
|
|t:|1782535792
|move|p1a: Houndstone|Shadow Sneak|p2a: Basculegion
|-supereffective|p2a: Basculegion|1
|-damage|p2a: Basculegion|0 fnt
|faint|p2a: Basculegion
|move|p2b: Floette|Dazzling Gleam|p1b: Tyranitar|[spread] p1a,p1b
|-supereffective|p1b: Tyranitar|1
|-damage|p1a: Houndstone|0 fnt
|-damage|p1b: Tyranitar|7/100
|faint|p1a: Houndstone
|move|p1b: Tyranitar|Knock Off|p2b: Floette
|-resisted|p2b: Floette|1
|-damage|p2b: Floette|0 fnt
|faint|p2b: Floette
|
|-weather|Sandstorm|[upkeep]
|-sideend|p1: teyvgc|move: Light Screen
|upkeep
|
|t:|1782535803
|switch|p2b: Kingambit|Kingambit, L50, F|73/100
|turn|9
|
|t:|1782535809
|move|p1b: Tyranitar|Protect|p1b: Tyranitar
|-singleturn|p1b: Tyranitar|Protect
|move|p2b: Kingambit|Sucker Punch||[still]
|-fail|p2b: Kingambit
|
|-weather|Sandstorm|[upkeep]
|upkeep
|turn|10
|
|t:|1782535815
|move|p1b: Tyranitar|Protect|p1b: Tyranitar
|-singleturn|p1b: Tyranitar|Protect
|move|p2b: Kingambit|Sucker Punch||[still]
|-fail|p2b: Kingambit
|
|-weather|none
|upkeep
|turn|11
|
|t:|1782535821
|move|p1b: Tyranitar|Protect|p1b: Tyranitar
|-singleturn|p1b: Tyranitar|Protect
|move|p2b: Kingambit|Sucker Punch||[still]
|-fail|p2b: Kingambit
|
|upkeep
|turn|12
|
|t:|1782535826
|move|p1b: Tyranitar|Protect||[still]
|-fail|p1b: Tyranitar
|move|p2b: Kingambit|Sucker Punch||[still]
|-fail|p2b: Kingambit
|
|upkeep
|turn|13
|
|t:|1782535831
|move|p1b: Tyranitar|Protect|p1b: Tyranitar
|-singleturn|p1b: Tyranitar|Protect
|move|p2b: Kingambit|Sucker Punch||[still]
|-fail|p2b: Kingambit
|
|upkeep
|turn|14
|
|t:|1782535837
|move|p1b: Tyranitar|Protect|p1b: Tyranitar
|-singleturn|p1b: Tyranitar|Protect
|move|p2b: Kingambit|Kowtow Cleave|p1b: Tyranitar
|-activate|p1b: Tyranitar|move: Protect
|
|upkeep
|turn|15
|
|t:|1782535844
|move|p1b: Tyranitar|Protect||[still]
|-fail|p1b: Tyranitar
|move|p2b: Kingambit|Sucker Punch||[still]
|-fail|p2b: Kingambit
|
|upkeep
|turn|16
|
|t:|1782535852
|move|p1b: Tyranitar|Low Kick|p2b: Kingambit
|-supereffective|p2b: Kingambit|2
|-damage|p2b: Kingambit|0 fnt
|faint|p2b: Kingambit
|
|win|teyvgc
|raw|teyvgc's rating: 1137 → 1165(+28 for winning)
|raw|escapadian's rating: 1173 → 1145(-28 for losing)
