|j|☆Proc541
|j|☆rip bozo lol lmao
|html|Proc541rip bozo lol lmao    
|uhtml|bestof|Game 3 of a best-of-3
|t:|1757734874
|gametype|doubles
|player|p1|Proc541|102|1030
|player|p2|rip bozo lol lmao|miku-fairy|1107
|gen|9
|tier|[Gen 9] VGC 2025 Reg H (Bo3)
|rated|
|rule|Species Clause: Limit one of each Pokémon
|rule|Item Clause: Limit 1 of each item
|clearpoke
|poke|p1|Annihilape, L50, F|
|poke|p1|Garchomp, L50, F|
|poke|p1|Hydreigon, L50, M|
|poke|p1|Gholdengo, L50|
|poke|p1|Arcanine, L50, M|
|poke|p1|Clefairy, L50, F|
|poke|p2|Volcarona, L50, M|
|poke|p2|Basculegion, L50, M|
|poke|p2|Baxcalibur, L50, M|
|poke|p2|Rillaboom, L50, F|
|poke|p2|Sneasler, L50, M|
|poke|p2|Ninetales-Alola, L50, M|
|teampreview|4
|showteam|p1|Annihilape||SitrusBerry|Defiant|Protect,BulkUp,DrainPunch,RageFist|||F|||50|,,,,,Water]Garchomp||LifeOrb|RoughSkin|Protect,StompingTantrum,DragonClaw,Earthquake|||F|||50|,,,,,Steel]Hydreigon||ChoiceSpecs|Levitate|HeatWave,Snarl,DarkPulse,DracoMeteor|||M|||50|,,,,,Fire]Gholdengo||MetalCoat|GoodasGold|Protect,NastyPlot,ShadowBall,MakeItRain||||||50|,,,,,Steel]Arcanine||SafetyGoggles|Intimidate|ExtremeSpeed,FlareBlitz,WillOWisp,Protect|||M|||50|,,,,,Fire]Clefairy||Eviolite|FriendGuard|Protect,FollowMe,SunnyDay,Moonblast|||F|||50|,,,,,Water
|showteam|p2|Volcarona||Leftovers|FlameBody|FieryDance,GigaDrain,QuiverDance,Protect|||M|||50|,,,,,Grass]Basculegion||ChoiceScarf|Adaptability|WaveCrash,LastRespects,FlipTurn,AquaJet|||M|||50|,,,,,Water]Baxcalibur||LoadedDice|ThermalExchange|IcicleSpear,ScaleShot,IceShard,Protect|||M|||50|,,,,,Ghost]Rillaboom||AssaultVest|GrassySurge|GrassyGlide,FakeOut,WoodHammer,Uturn|||F|||50|,,,,,Fire]Sneasler||WhiteHerb|Unburden|DireClaw,CloseCombat,Coaching,Protect|||M|||50|,,,,,Ghost]Ninetales-Alola||CovertCloak|SnowWarning|Blizzard,AuroraVeil,Encore,Protect|||M|||50|,,,,,Water
|
|t:|1757734927
|teamsize|p1|4
|teamsize|p2|4
|start
|switch|p1a: Clefairy|Clefairy, L50, F|100/100
|switch|p1b: Gholdengo|Gholdengo, L50|100/100
|switch|p2a: Oceangate Titan|Basculegion, L50, M|100/100
|switch|p2b: Ninetales-She/They|Ninetales-Alola, L50, M|100/100
|-weather|Snowscape|[from] ability: Snow Warning|[of] p2b: Ninetales-She/They
|turn|1
|
|t:|1757734949
|-terastallize|p1b: Gholdengo|Steel
|move|p2a: Oceangate Titan|Wave Crash|p1a: Clefairy
|-damage|p1a: Clefairy|43/100
|-damage|p2a: Oceangate Titan|83/100|[from] Recoil
|move|p2b: Ninetales-She/They|Aurora Veil|p2b: Ninetales-She/They
|-sidestart|p2: rip bozo lol lmao|move: Aurora Veil
|move|p1b: Gholdengo|Nasty Plot|p1b: Gholdengo
|-boost|p1b: Gholdengo|spa|2
|move|p1a: Clefairy|Sunny Day|p1a: Clefairy
|-weather|SunnyDay
|
|-weather|SunnyDay|[upkeep]
|upkeep
|turn|2
|
|t:|1757734973
|-terastallize|p2a: Oceangate Titan|Water
|move|p1a: Clefairy|Follow Me|p1a: Clefairy
|-singleturn|p1a: Clefairy|move: Follow Me
|move|p2a: Oceangate Titan|Wave Crash|p1a: Clefairy
|-damage|p1a: Clefairy|7/100
|-damage|p2a: Oceangate Titan|72/100|[from] Recoil
|move|p2b: Ninetales-She/They|Encore|p1a: Clefairy
|-start|p1a: Clefairy|Encore
|move|p1b: Gholdengo|Nasty Plot|p1b: Gholdengo
|-boost|p1b: Gholdengo|spa|2
|
|-weather|SunnyDay|[upkeep]
|upkeep
|turn|3
|
|t:|1757734988
|move|p2b: Ninetales-She/They|Protect|p2b: Ninetales-She/They
|-singleturn|p2b: Ninetales-She/They|Protect
|move|p1a: Clefairy|Follow Me|p1a: Clefairy
|-singleturn|p1a: Clefairy|move: Follow Me
|move|p2a: Oceangate Titan|Wave Crash|p1a: Clefairy
|-damage|p1a: Clefairy|0 fnt
|faint|p1a: Clefairy
|-damage|p2a: Oceangate Titan|70/100|[from] Recoil
|move|p1b: Gholdengo|Make It Rain|p2a: Oceangate Titan|[spread] p2a
|-activate|p2b: Ninetales-She/They|move: Protect
|-resisted|p2a: Oceangate Titan
|-damage|p2a: Oceangate Titan|0 fnt
|-unboost|p1b: Gholdengo|spa|1
|faint|p2a: Oceangate Titan
|
|-weather|SunnyDay|[upkeep]
|upkeep
|
|t:|1757735005
|switch|p2a: I'm sorry.|Sneasler, L50, M|100/100
|switch|p1a: Arcanine|Arcanine, L50, M|100/100
|-ability|p1a: Arcanine|Intimidate|boost
|-unboost|p2a: I'm sorry.|atk|1
|-unboost|p2b: Ninetales-She/They|atk|1
|-enditem|p2a: I'm sorry.|White Herb
|-clearnegativeboost|p2a: I'm sorry.|[silent]
|turn|4
|
|t:|1757735015
|switch|p2b: A strong fellow|Baxcalibur, L50, M|100/100
|move|p2a: I'm sorry.|Close Combat|p1b: Gholdengo
|-supereffective|p1b: Gholdengo
|-damage|p1b: Gholdengo|0 fnt
|-unboost|p2a: I'm sorry.|def|1
|-unboost|p2a: I'm sorry.|spd|1
|faint|p1b: Gholdengo
|move|p1a: Arcanine|Will-O-Wisp|p2a: I'm sorry.
|-status|p2a: I'm sorry.|brn
|
|-weather|SunnyDay|[upkeep]
|-damage|p2a: I'm sorry.|95/100 brn|[from] brn
|upkeep
|
|t:|1757735028
|switch|p1b: Hydreigon|Hydreigon, L50, M|100/100
|turn|5
|
|t:|1757735051
|move|p2b: A strong fellow|Protect|p2b: A strong fellow
|-singleturn|p2b: A strong fellow|Protect
|move|p2a: I'm sorry.|Coaching|p2b: A strong fellow
|-boost|p2b: A strong fellow|atk|1
|-boost|p2b: A strong fellow|def|1
|move|p1a: Arcanine|Flare Blitz|p2a: I'm sorry.
|-damage|p2a: I'm sorry.|0 fnt
|faint|p2a: I'm sorry.
|-damage|p1a: Arcanine|71/100|[from] Recoil
|move|p1b: Hydreigon|Snarl|p2b: A strong fellow
|-activate|p2b: A strong fellow|move: Protect
|
|-weather|none
|-sideend|p2: rip bozo lol lmao|move: Aurora Veil
|upkeep
|
|t:|1757735056
|switch|p2a: Ninetales-She/They|Ninetales-Alola, L50, M|100/100
|-weather|Snowscape|[from] ability: Snow Warning|[of] p2a: Ninetales-She/They
|turn|6
|
|t:|1757735069
|move|p2a: Ninetales-She/They|Aurora Veil|p2a: Ninetales-She/They
|-sidestart|p2: rip bozo lol lmao|move: Aurora Veil
|move|p1a: Arcanine|Flare Blitz|p2a: Ninetales-She/They
|-supereffective|p2a: Ninetales-She/They
|-damage|p2a: Ninetales-She/They|44/100
|-damage|p1a: Arcanine|51/100|[from] Recoil
|move|p1b: Hydreigon|Snarl|p2a: Ninetales-She/They|[spread] p2a,p2b
|-resisted|p2a: Ninetales-She/They
|-damage|p2a: Ninetales-She/They|32/100
|-damage|p2b: A strong fellow|77/100
|-unboost|p2b: A strong fellow|spa|1
|move|p2b: A strong fellow|Scale Shot|p1b: Hydreigon|[miss]
|-miss|p2b: A strong fellow|p1b: Hydreigon
|
|-weather|Snowscape|[upkeep]
|upkeep
|turn|7
|
|t:|1757735086
|move|p1a: Arcanine|Extreme Speed|p2b: A strong fellow
|-crit|p2b: A strong fellow
|-damage|p2b: A strong fellow|53/100
|move|p2a: Ninetales-She/They|Blizzard|p1a: Arcanine|[spread] p1a,p1b
|-resisted|p1a: Arcanine
|-supereffective|p1b: Hydreigon
|-damage|p1a: Arcanine|37/100
|-damage|p1b: Hydreigon|43/100
|move|p1b: Hydreigon|Snarl|p2b: A strong fellow|[spread] p2a,p2b
|-resisted|p2a: Ninetales-She/They
|-damage|p2a: Ninetales-She/They|20/100
|-damage|p2b: A strong fellow|30/100
|-unboost|p2b: A strong fellow|spa|1
|move|p2b: A strong fellow|Scale Shot|p1b: Hydreigon
|-supereffective|p1b: Hydreigon
|-damage|p1b: Hydreigon|0 fnt
|faint|p1b: Hydreigon
|-hitcount|p1: Hydreigon|1
|-unboost|p2b: A strong fellow|def|1
|-boost|p2b: A strong fellow|spe|1
|
|-weather|Snowscape|[upkeep]
|upkeep
|turn|8
|
|t:|1757735106
|move|p2b: A strong fellow|Protect|p2b: A strong fellow
|-singleturn|p2b: A strong fellow|Protect
|move|p2a: Ninetales-She/They|Blizzard|p1a: Arcanine
|-resisted|p1a: Arcanine
|-damage|p1a: Arcanine|19/100
|move|p1a: Arcanine|Flare Blitz|p2a: Ninetales-She/They
|-supereffective|p2a: Ninetales-She/They
|-damage|p2a: Ninetales-She/They|0 fnt
|faint|p2a: Ninetales-She/They
|-damage|p1a: Arcanine|12/100|[from] Recoil
|
|-weather|Snowscape|[upkeep]
|upkeep
|turn|9
|
|t:|1757735122
|move|p1a: Arcanine|Protect|p1a: Arcanine
|-singleturn|p1a: Arcanine|Protect
|move|p2b: A strong fellow|Scale Shot|p1a: Arcanine
|-activate|p1a: Arcanine|move: Protect
|
|-weather|Snowscape|[upkeep]
|upkeep
|turn|10
|
|t:|1757735133
|move|p1a: Arcanine|Extreme Speed|p2b: A strong fellow
|-damage|p2b: A strong fellow|19/100
|move|p2b: A strong fellow|Ice Shard|p1a: Arcanine
|-resisted|p1a: Arcanine
|-damage|p1a: Arcanine|0 fnt
|faint|p1a: Arcanine
|
|win|rip bozo lol lmao
|raw|Proc541's rating: 1030 → 1019(-11 for losing)
|raw|rip bozo lol lmao's rating: 1107 → 1127(+20 for winning)
