|j|☆IlluminaGielBakker
|j|☆tester1991
|html|IlluminaGielBakkertester1991    
|uhtml|bestof|Game 2 of a best-of-3
|t:|1754245230
|gametype|doubles
|player|p1|IlluminaGielBakker|wattson|1241
|player|p2|tester1991|supernerd|1292
|gen|9
|tier|[Gen 9] VGC 2025 Reg H (Bo3)
|rated|
|rule|Species Clause: Limit one of each Pokémon
|rule|Item Clause: Limit 1 of each item
|clearpoke
|poke|p1|Porygon2, L50|
|poke|p1|Incineroar, L50, M|
|poke|p1|Pelipper, L50, M|
|poke|p1|Sneasler, L50, F|
|poke|p1|Ursaluna, L50, M|
|poke|p1|Gholdengo, L50|
|poke|p2|Indeedee, L50, M|
|poke|p2|Garchomp, L50, F|
|poke|p2|Lycanroc, L50, M|
|poke|p2|Dragapult, L50, M|
|poke|p2|Corviknight, L50, M|
|poke|p2|Tyranitar, L50, F|
|teampreview|4
|showteam|p1|Porygon2||Eviolite|Download|TeraBlast,IceBeam,Recover,TrickRoom||||||50|,,,,,Electric]Incineroar||SafetyGoggles|Intimidate|FakeOut,KnockOff,FlareBlitz,PartingShot|||M|||50|,,,,,Ghost]Pelipper||CovertCloak|Drizzle|WeatherBall,WideGuard,Hurricane,Tailwind|||M|||50|,,,,,Grass]Sneasler||FocusSash|Unburden|FakeOut,CloseCombat,DireClaw,Protect|||F|||50|,,,,,Stellar]Ursaluna||FlameOrb|Guts|Facade,HeadlongRush,Earthquake,Protect|||M|||50|,,,,,Poison]Gholdengo||Leftovers|GoodasGold|MakeItRain,ShadowBall,NastyPlot,Protect||||||50|,,,,,Water
|showteam|p2|Indeedee||ChoiceScarf|PsychicSurge|ExpandingForce,TeraBlast,Trick,Protect|||M|||50|,,,,,Psychic]Garchomp||LoadedDice|SandVeil|ScaleShot,Earthquake,StompingTantrum,Protect|||F|||50|,,,,,Steel]Lycanroc||FocusSash|SandRush|RockSlide,CloseCombat,Endeavor,Protect|||M|||50|,,,,,Rock]Dragapult||ChoiceSpecs|CursedBody|DracoMeteor,ShadowBall,FireBlast,Uturn|||M|||50|,,,,,Ghost]Corviknight||PsychicSeed|MirrorArmor|BraveBird,PowerTrip,BulkUp,Roost|||M|||50|,,,,,Fire]Tyranitar||AssaultVest|SandStream|RockSlide,KnockOff,LowKick,TeraBlast|||F|||50|,,,,,Flying
|inactive|Battle timer is ON: inactive players will automatically lose when time's up. (requested by IlluminaGielBakker)
|inactive|tester1991 also wants the timer to be on.
|inactive|tester1991 has 60 seconds left.
|
|t:|1754245268
|teamsize|p1|4
|teamsize|p2|4
|start
|switch|p1a: Porygon2|Porygon2, L50|100/100
|switch|p1b: Gholdengo|Gholdengo, L50|100/100
|switch|p2a: Lycanroc|Lycanroc, L50, M|100/100
|switch|p2b: Tyranitar|Tyranitar, L50, F|100/100
|-weather|Sandstorm|[from] ability: Sand Stream|[of] p2b: Tyranitar
|-ability|p1a: Porygon2|Download|boost
|-boost|p1a: Porygon2|spa|1
|turn|1
|inactive|IlluminaGielBakker has 30 seconds left.
|inactive|tester1991 has 30 seconds left.
|inactive|tester1991 has 20 seconds left.
|
|t:|1754245306
|-terastallize|p1b: Gholdengo|Water
|move|p2a: Lycanroc|Rock Slide|p1b: Gholdengo|[spread] p1b
|-miss|p2a: Lycanroc|p1a: Porygon2
|-damage|p1b: Gholdengo|75/100
|move|p1b: Gholdengo|Make It Rain|p2b: Tyranitar|[spread] p2a,p2b
|-supereffective|p2a: Lycanroc
|-supereffective|p2b: Tyranitar
|-damage|p2a: Lycanroc|5/100
|-damage|p2b: Tyranitar|67/100
|-unboost|p1b: Gholdengo|spa|1
|move|p2b: Tyranitar|Knock Off|p1b: Gholdengo
|-damage|p1b: Gholdengo|32/100
|-enditem|p1b: Gholdengo|Leftovers|[from] move: Knock Off|[of] p2b: Tyranitar
|move|p1a: Porygon2|Trick Room|p1a: Porygon2
|-fieldstart|move: Trick Room|[of] p1a: Porygon2
|
|-weather|Sandstorm|[upkeep]
|-damage|p1a: Porygon2|94/100|[from] Sandstorm
|-damage|p1b: Gholdengo|25/100|[from] Sandstorm
|upkeep
|turn|2
|inactive|tester1991 has 30 seconds left.
|
|t:|1754245339
|switch|p2a: Corviknight|Corviknight, L50, M|100/100
|move|p1a: Porygon2|Ice Beam|p2a: Corviknight
|-damage|p2a: Corviknight|63/100
|move|p2b: Tyranitar|Rock Slide|p1a: Porygon2|[spread] p1a,p1b
|-damage|p1a: Porygon2|77/100
|-damage|p1b: Gholdengo|2/100
|cant|p1b: Gholdengo|flinch
|
|-weather|Sandstorm|[upkeep]
|-damage|p1a: Porygon2|70/100|[from] Sandstorm
|-damage|p1b: Gholdengo|0 fnt|[from] Sandstorm
|faint|p1b: Gholdengo
|upkeep
|
|t:|1754245348
|switch|p1b: Pelipper|Pelipper, L50, M|100/100
|-weather|RainDance|[from] ability: Drizzle|[of] p1b: Pelipper
|turn|3
|inactive|tester1991 has 30 seconds left.
|inactive|tester1991 has 20 seconds left.
|
|t:|1754245388
|switch|p2a: Dragapult|Dragapult, L50, M, shiny|100/100
|move|p1a: Porygon2|Ice Beam|p2a: Dragapult
|-supereffective|p2a: Dragapult
|-damage|p2a: Dragapult|0 fnt
|-start|p1a: Porygon2|Disable|Ice Beam|[from] ability: Cursed Body|[of] p2a: Dragapult
|faint|p2a: Dragapult
|move|p2b: Tyranitar|Knock Off|p1a: Porygon2
|-damage|p1a: Porygon2|40/100
|-enditem|p1a: Porygon2|Eviolite|[from] move: Knock Off|[of] p2b: Tyranitar
|move|p1b: Pelipper|Weather Ball|p2b: Tyranitar
|-supereffective|p2b: Tyranitar
|-damage|p2b: Tyranitar|8/100
|
|-weather|RainDance|[upkeep]
|upkeep
|
|t:|1754245404
|switch|p2a: Corviknight|Corviknight, L50, M|63/100
|turn|4
|
|t:|1754245421
|switch|p2b: Lycanroc|Lycanroc, L50, M|5/100
|move|p1a: Porygon2|Tera Blast|p2b: Lycanroc
|-resisted|p2b: Lycanroc
|-damage|p2b: Lycanroc|0 fnt
|faint|p2b: Lycanroc
|move|p1b: Pelipper|Weather Ball|p2a: Corviknight
|-damage|p2a: Corviknight|6/100
|move|p2a: Corviknight|Bulk Up|p2a: Corviknight
|-boost|p2a: Corviknight|atk|1
|-boost|p2a: Corviknight|def|1
|
|-weather|RainDance|[upkeep]
|upkeep
|
|t:|1754245436
|switch|p2b: Tyranitar|Tyranitar, L50, F|8/100
|-weather|Sandstorm|[from] ability: Sand Stream|[of] p2b: Tyranitar
|turn|5
|
|t:|1754245445
|move|p1a: Porygon2|Tera Blast|p2a: Corviknight
|-resisted|p2a: Corviknight
|-damage|p2a: Corviknight|0 fnt
|faint|p2a: Corviknight
|move|p2b: Tyranitar|Rock Slide|p1b: Pelipper|[spread] p1a,p1b
|-supereffective|p1b: Pelipper
|-damage|p1a: Porygon2|15/100
|-damage|p1b: Pelipper|32/100
|move|p1b: Pelipper|Tailwind|p1b: Pelipper
|-sidestart|p1: IlluminaGielBakker|move: Tailwind
|
|-weather|Sandstorm|[upkeep]
|-damage|p1a: Porygon2|8/100|[from] Sandstorm
|-damage|p1b: Pelipper|26/100|[from] Sandstorm
|-fieldend|move: Trick Room
|upkeep
|turn|6
|
|t:|1754245458
|move|p1b: Pelipper|Weather Ball|p2b: Tyranitar
|-damage|p2b: Tyranitar|0 fnt
|faint|p2b: Tyranitar
|
|win|IlluminaGielBakker
|raw|IlluminaGielBakker's rating: 1241 → 1270(+29 for winning)
|raw|tester1991's rating: 1292 → 1263(-29 for losing)
|l|☆tester1991
|player|p2|
