|j|☆KAWAIIEYE
|j|☆namboyVGC
|html|KAWAIIEYEnamboyVGC    
|uhtml|bestof|Game 1 of a best-of-3
|t:|1782761763
|gametype|doubles
|player|p1|KAWAIIEYE|clown|1080
|player|p2|namboyVGC|pokemonranger-gen4|1050
|gen|9
|tier|[Gen 9 Champions] VGC 2026 Reg M-B (Bo3)
|rated|
|rule|Species Clause: Limit one of each Pokémon
|rule|Item Clause: Limit 1 of each item
|clearpoke
|poke|p1|Pelipper, L50, F|
|poke|p1|Sableye, L50, F|
|poke|p1|Swampert, L50, F|
|poke|p1|Archaludon, L50, M|
|poke|p1|Raichu, L50, M|
|poke|p1|Basculegion, L50, M|
|poke|p2|Swampert, L50, M|
|poke|p2|Metagross, L50|
|poke|p2|Sinistcha-Masterpiece, L50|
|poke|p2|Archaludon, L50, F|
|poke|p2|Pelipper, L50, F|
|poke|p2|Sableye, L50, M|
|teampreview|4
|showteam|p1|Pelipper||FocusSash|Drizzle|MuddyWater,Protect,Hurricane,Tailwind|Timid||F|||50|]Sableye||DampRock|Prankster|RainDance,FakeOut,Encore,Protect|Serious||F|||50|]Swampert||Swampertite|Torrent|WaveCrash,Earthquake,Protect,FlipTurn|Adamant||F|||50|]Archaludon||Leftovers|Stamina|ElectroShot,DracoMeteor,Protect,FlashCannon|Timid||M|||50|]Raichu||RaichuniteY|Static|FakeOut,Protect,FocusBlast,ZapCannon|Hasty||M|||50|]Basculegion||ChoiceScarf|Adaptability|WaveCrash,FlipTurn,LastRespects,Liquidation|Jolly||M|||50|
|showteam|p2|Swampert||Swampertite|Torrent|WaveCrash,HighHorsepower,IcePunch,Protect|Adamant||M|||50|]Metagross||Metagrossite|ClearBody|IronHead,PsychicFangs,BodyPress,Protect|Jolly|||||50|]Sinistcha-Masterpiece||SitrusBerry|Hospitality|MatchaGotcha,LifeDew,TrickRoom,RagePowder|Bold|||||50|]Archaludon||Leftovers|Stamina|DragonPulse,ElectroShot,FlashCannon,Protect|Calm||F|||50|]Pelipper||FocusSash|Drizzle|WeatherBall,Hurricane,Protect,Tailwind|Modest||F|||50|]Sableye||LightClay|Prankster|Quash,LightScreen,Reflect,RainDance|Careful||M|||50|
|
|t:|1782761785
|teamsize|p1|4
|teamsize|p2|4
|start
|switch|p1a: Raichu|Raichu, L50, M|100/100
|switch|p1b: Archaludon|Archaludon, L50, M|100/100
|switch|p2a: Swampert|Swampert, L50, M|100/100
|switch|p2b: Sableye|Sableye, L50, M|100/100
|turn|1
|
|t:|1782761801
|detailschange|p1a: Raichu|Raichu-Mega-Y, L50, M
|-mega|p1a: Raichu|Raichu|Raichunite Y
|detailschange|p2a: Swampert|Swampert-Mega, L50, M
|-mega|p2a: Swampert|Swampert|Swampertite
|move|p1a: Raichu|Fake Out|p2a: Swampert
|-damage|p2a: Swampert|90/100
|move|p2b: Sableye|Light Screen|p2b: Sableye
|-sidestart|p2: namboyVGC|move: Light Screen
|move|p1b: Archaludon|Electro Shot||[still]
|-prepare|p1b: Archaludon|Electro Shot
|-boost|p1b: Archaludon|spa|1
|cant|p2a: Swampert|flinch
|
|upkeep
|turn|2
|
|t:|1782761824
|switch|p1a: Pelipper|Pelipper, L50, F|100/100
|-weather|RainDance|[from] ability: Drizzle|[of] p1a: Pelipper
|move|p2b: Sableye|Rain Dance||[still]
|-fail|p2b: Sableye
|move|p2a: Swampert|High Horsepower|p1b: Archaludon
|-supereffective|p1b: Archaludon|1
|-damage|p1b: Archaludon|3/100
|-ability|p1b: Archaludon|Stamina|boost
|-boost|p1b: Archaludon|def|1
|move|p1b: Archaludon|Electro Shot|p2b: Sableye|[from] lockedmove
|-damage|p2b: Sableye|54/100
|
|-weather|RainDance|[upkeep]
|-heal|p1b: Archaludon|9/100|[from] item: Leftovers
|upkeep
|turn|3
|
|t:|1782761856
|switch|p2b: Archaludon|Archaludon, L50, F|100/100
|move|p1b: Archaludon|Protect|p1b: Archaludon
|-singleturn|p1b: Archaludon|Protect
|move|p2a: Swampert|Ice Punch|p1a: Pelipper
|-damage|p1a: Pelipper|59/100
|move|p1a: Pelipper|Muddy Water|p2a: Swampert|[spread] p2b
|-miss|p1a: Pelipper|p2a: Swampert
|-resisted|p2b: Archaludon|1
|-damage|p2b: Archaludon|86/100
|-ability|p2b: Archaludon|Stamina|boost
|-boost|p2b: Archaludon|def|1
|
|-weather|RainDance|[upkeep]
|-heal|p1b: Archaludon|14/100|[from] item: Leftovers
|-heal|p2b: Archaludon|93/100|[from] item: Leftovers
|upkeep
|turn|4
|
|t:|1782761884
|move|p1a: Pelipper|Protect|p1a: Pelipper
|-singleturn|p1a: Pelipper|Protect
|move|p2a: Swampert|Wave Crash|p1b: Archaludon
|-resisted|p1b: Archaludon|1
|-damage|p1b: Archaludon|0 fnt
|faint|p1b: Archaludon
|-damage|p2a: Swampert|85/100|[from] Recoil
|move|p2b: Archaludon|Electro Shot||[still]
|-prepare|p2b: Archaludon|Electro Shot
|-boost|p2b: Archaludon|spa|1
|-anim|p2b: Archaludon|Electro Shot|p1a: Pelipper
|-activate|p1a: Pelipper|move: Protect
|
|-weather|RainDance|[upkeep]
|-heal|p2b: Archaludon|99/100|[from] item: Leftovers
|upkeep
|
|t:|1782761893
|switch|p1b: Raichu|Raichu-Mega-Y, L50, M|100/100
|turn|5
|
|t:|1782761909
|move|p1b: Raichu|Fake Out|p2a: Swampert
|-damage|p2a: Swampert|76/100
|cant|p2a: Swampert|flinch
|move|p1a: Pelipper|Tailwind|p1a: Pelipper
|-sidestart|p1: KAWAIIEYE|move: Tailwind
|move|p2b: Archaludon|Electro Shot||[still]
|-prepare|p2b: Archaludon|Electro Shot
|-boost|p2b: Archaludon|spa|1
|-anim|p2b: Archaludon|Electro Shot|p1a: Pelipper
|-supereffective|p1a: Pelipper|2
|-damage|p1a: Pelipper|0 fnt
|faint|p1a: Pelipper
|
|-weather|RainDance|[upkeep]
|-heal|p2b: Archaludon|100/100|[from] item: Leftovers
|upkeep
|
|t:|1782761929
|switch|p1a: Basculegion|Basculegion, L50, M|100/100
|turn|6
|
|t:|1782761942
|switch|p2a: Sinistcha|Sinistcha-Masterpiece, L50|100/100
|move|p2b: Archaludon|Protect|p2b: Archaludon
|-singleturn|p2b: Archaludon|Protect
|move|p1a: Basculegion|Wave Crash|p2a: Sinistcha
|-resisted|p2a: Sinistcha|1
|-damage|p2a: Sinistcha|56/100
|-damage|p1a: Basculegion|87/100|[from] Recoil
|move|p1b: Raichu|Focus Blast|p2b: Archaludon
|-activate|p2b: Archaludon|move: Protect
|
|-weather|none
|upkeep
|turn|7
|
|t:|1782761962
|move|p2a: Sinistcha|Rage Powder|p2a: Sinistcha
|-singleturn|p2a: Sinistcha|move: Rage Powder
|move|p1a: Basculegion|Wave Crash|p2a: Sinistcha
|-resisted|p2a: Sinistcha|1
|-damage|p2a: Sinistcha|27/100
|-enditem|p2a: Sinistcha|Sitrus Berry|[eat]
|-heal|p2a: Sinistcha|52/100|[from] item: Sitrus Berry
|-damage|p1a: Basculegion|79/100|[from] Recoil
|move|p1b: Raichu|Zap Cannon|p2a: Sinistcha
|-resisted|p2a: Sinistcha|1
|-damage|p2a: Sinistcha|25/100
|-status|p2a: Sinistcha|par
|move|p2b: Archaludon|Dragon Pulse|p1a: Basculegion
|-damage|p1a: Basculegion|0 fnt
|faint|p1a: Basculegion
|
|upkeep
|turn|8
|-message|KAWAIIEYE forfeited.
|
|win|namboyVGC
|l|☆KAWAIIEYE
|player|p1|
|raw|KAWAIIEYE's rating: 1080 → 1056(-24 for losing)
|raw|namboyVGC's rating: 1050 → 1085(+35 for winning)
