|j|☆MackleMorelull
|j|☆valxrie
|html|MackleMorelullvalxrie    
|uhtml|bestof|Game 1 of a best-of-3
|t:|1784400676
|gametype|doubles
|player|p1|MackleMorelull|worker|
|player|p2|valxrie|102|
|gen|9
|tier|[Gen 9 Champions] VGC 2026 Reg M-B (Bo3)
|rule|Species Clause: Limit one of each Pokémon
|rule|Item Clause: Limit 1 of each item
|clearpoke
|poke|p1|Sinistcha, L50|
|poke|p1|Klefki, L50, F|
|poke|p1|Azumarill, L50, F|
|poke|p1|Drampa, L50, M|
|poke|p1|Aerodactyl, L50, M|
|poke|p1|Conkeldurr, L50, M|
|poke|p2|Garchomp, L50, M|
|poke|p2|Sableye, L50, F|
|poke|p2|Metagross, L50|
|poke|p2|Delphox, L50, F|
|poke|p2|Sneasler, L50, F|
|poke|p2|Floette-Eternal, L50, F|
|teampreview|4
|showteam|p1|Sinistcha||SitrusBerry|Hospitality|LifeDew,RagePowder,MatchaGotcha,TrickRoom|Relaxed|||||50|]Klefki||MentalHerb|Prankster|TrickRoom,LightScreen,DrainingKiss,Reflect|Relaxed||F|||50|]Azumarill||ExpertBelt|HugePower|Liquidation,AquaJet,PlayRough,Protect|Adamant||F|||50|]Drampa||Drampanite|CloudNine|DragonPulse,HyperVoice,Protect,EarthPower|Modest||M|||50|]Aerodactyl||Aerodactylite|Unnerve|RockSlide,DualWingbeat,PsychicFangs,WideGuard|Jolly||M|||50|]Conkeldurr||LifeOrb|IronFist|HammerArm,DrainPunch,RockSlide,KnockOff|Adamant||M|||50|
|showteam|p2|Garchomp||ChoiceScarf|RoughSkin|Earthquake,RockSlide,DragonClaw,FireBlast|Naive||M|||50|]Sableye||RoseliBerry|Prankster|FakeOut,Encore,KnockOff,WillOWisp|Careful||F|||50|]Metagross||Metagrossite|ClearBody|MeteorMash,PsychicFangs,RockSlide,BulletPunch|Jolly|||||50|]Delphox||Delphoxite|Blaze|HeatWave,Psychic,Overheat,DazzlingGleam|Timid||F|||50|]Sneasler||WhiteHerb|Unburden|UpperHand,CloseCombat,DireClaw,FakeOut|Adamant||F|||50|]Floette-Eternal||LifeOrb|Symbiosis|Synthesis,LightofRuin,EnergyBall,Trailblaze|Hasty||F|||50|
|
|t:|1784400743
|teamsize|p1|4
|teamsize|p2|4
|start
|switch|p1a: House Keys|Klefki, L50, F|100/100
|switch|p1b: Great Great Grampa|Aerodactyl, L50, M|100/100
|switch|p2a: Delphox|Delphox, L50, F|100/100
|switch|p2b: Sableye|Sableye, L50, F|100/100
|-ability|p1b: Great Great Grampa|Unnerve
|turn|1
|
|t:|1784400796
|detailschange|p1b: Great Great Grampa|Aerodactyl-Mega, L50, M
|-mega|p1b: Great Great Grampa|Aerodactyl|Aerodactylite
|detailschange|p2a: Delphox|Delphox-Mega, L50, F
|-mega|p2a: Delphox|Delphox|Delphoxite
|move|p2b: Sableye|Fake Out|p1b: Great Great Grampa
|-resisted|p1b: Great Great Grampa|1
|-damage|p1b: Great Great Grampa|95/100
|cant|p1b: Great Great Grampa|flinch
|move|p2a: Delphox|Heat Wave|p1b: Great Great Grampa|[spread] p1a,p1b
|-supereffective|p1a: House Keys|1
|-resisted|p1b: Great Great Grampa|1
|-damage|p1a: House Keys|0 fnt
|-damage|p1b: Great Great Grampa|68/100
|faint|p1a: House Keys
|
|upkeep
|
|t:|1784400808
|switch|p1a: The Drank|Sinistcha, L50|100/100
|-heal|p1b: Great Great Grampa|92/100|[from] ability: Hospitality|[of] p1a: The Drank
|turn|2
|j| Hariyamamomma
|
|t:|1784400838
|switch|p2a: Sneasler|Sneasler, L50, F|100/100
|move|p1b: Great Great Grampa|Rock Slide|p2a: Sneasler|[spread] p2a,p2b
|-resisted|p2a: Sneasler|1
|-damage|p2a: Sneasler|73/100
|-damage|p2b: Sableye|56/100
|move|p2b: Sableye|Knock Off|p1a: The Drank
|-supereffective|p1a: The Drank|1
|-damage|p1a: The Drank|61/100
|-enditem|p1a: The Drank|Sitrus Berry|[from] move: Knock Off|[of] p2b: Sableye
|move|p1a: The Drank|Trick Room|p1a: The Drank
|-fieldstart|move: Trick Room|[of] p1a: The Drank
|
|upkeep
|turn|3
|
|t:|1784400860
|switch|p1a: Gramp Gramp|Conkeldurr, L50, M|100/100
|move|p2b: Sableye|Will-O-Wisp|p1b: Great Great Grampa
|-status|p1b: Great Great Grampa|brn
|move|p2a: Sneasler|Dire Claw|p1a: Gramp Gramp
|-damage|p1a: Gramp Gramp|57/100
|-status|p1a: Gramp Gramp|par
|move|p1b: Great Great Grampa|Dual Wingbeat|p2a: Sneasler
|-supereffective|p2a: Sneasler|1
|-damage|p2a: Sneasler|27/100
|-supereffective|p2a: Sneasler|1
|-damage|p2a: Sneasler|0 fnt
|faint|p2a: Sneasler
|-hitcount|p2: Sneasler|2
|
|-damage|p1b: Great Great Grampa|87/100 brn|[from] brn
|upkeep
|
|t:|1784400871
|switch|p2a: Floette|Floette-Eternal, L50, F|100/100
|turn|4
|
|t:|1784400925
|move|p1a: Gramp Gramp|Rock Slide|p2a: Floette|[spread] p2a,p2b
|-damage|p2a: Floette|44/100
|-damage|p2b: Sableye|15/100
|-damage|p1a: Gramp Gramp|47/100 par|[from] item: Life Orb
|move|p2b: Sableye|Knock Off|p1a: Gramp Gramp
|-resisted|p1a: Gramp Gramp|1
|-damage|p1a: Gramp Gramp|35/100 par
|-enditem|p1a: Gramp Gramp|Life Orb|[from] move: Knock Off|[of] p2b: Sableye
|move|p2a: Floette|Light of Ruin|p1b: Great Great Grampa
|-damage|p1b: Great Great Grampa|0 fnt
|faint|p1b: Great Great Grampa
|-damage|p2a: Floette|0 fnt|[from] Recoil
|faint|p2a: Floette
|
|upkeep
|
|t:|1784400938
|switch|p2a: Delphox|Delphox-Mega, L50, F|100/100
|switch|p1b: The Drank|Sinistcha, L50|61/100
|-heal|p1a: Gramp Gramp|60/100 par|[from] ability: Hospitality|[of] p1b: The Drank
|turn|5
|
|t:|1784400984
|move|p1a: Gramp Gramp|Knock Off|p2a: Delphox
|-supereffective|p2a: Delphox|1
|-damage|p2a: Delphox|16/100
|move|p2b: Sableye|Knock Off|p1b: The Drank
|-supereffective|p1b: The Drank|1
|-damage|p1b: The Drank|33/100
|move|p1b: The Drank|Matcha Gotcha|p2a: Delphox|[spread] p2b
|-miss|p1b: The Drank|p2a: Delphox
|-damage|p2b: Sableye|0 fnt
|-heal|p1b: The Drank|40/100|[from] drain|[of] p2b: Sableye
|faint|p2b: Sableye
|move|p2a: Delphox|Psychic|p1a: Gramp Gramp
|-supereffective|p1a: Gramp Gramp|1
|-damage|p1a: Gramp Gramp|0 fnt
|faint|p1a: Gramp Gramp
|
|upkeep
|turn|6
|
|t:|1784401014
|move|p1b: The Drank|Matcha Gotcha|p2a: Delphox
|-resisted|p2a: Delphox|1
|-damage|p2a: Delphox|0 fnt
|-heal|p1b: The Drank|47/100|[from] drain|[of] p2a: Delphox
|faint|p2a: Delphox
|
|win|MackleMorelull
||MackleMorelull is ready for game 2.
|inactive|valxrie has 30 seconds to confirm battle start!
||valxrie is ready for game 2.
|uhtml|next|Next: Game 2 of 3
|j|+joey
|l| Hariyamamomma
|l|+joey
