|j|☆KuraiTenshi26
|j|☆frisbya
|html|KuraiTenshi26frisbya    
|uhtml|bestof|Game 3 of a best-of-3
|t:|1782271659
|gametype|doubles
|player|p1|KuraiTenshi26|miriam|1052
|player|p2|frisbya|1|1000
|gen|9
|tier|[Gen 9 Champions] VGC 2026 Reg M-B (Bo3)
|rated|
|rule|Species Clause: Limit one of each Pokémon
|rule|Item Clause: Limit 1 of each item
|clearpoke
|poke|p1|Lopunny, L50, F, shiny|
|poke|p1|Gholdengo, L50|
|poke|p1|Whimsicott, L50, F|
|poke|p1|Glimmora, L50, F|
|poke|p1|Garchomp, L50, M|
|poke|p1|Charizard, L50, F|
|poke|p2|Basculegion, L50, M|
|poke|p2|Delphox, L50, M|
|poke|p2|Garchomp, L50, F|
|poke|p2|Grimmsnarl, L50, M|
|poke|p2|Sinistcha, L50|
|poke|p2|Staraptor, L50, M|
|teampreview|4
|showteam|p1|Lopunny||Lopunnite|Limber|FakeOut,CloseCombat,TripleAxel,Protect|Jolly||F|||50|]Gholdengo||MetalCoat|GoodasGold|MakeItRain,ShadowBall,NastyPlot,Protect|Modest|||||50|]Whimsicott||FairyFeather|Prankster|Tailwind,Moonblast,Encore,SunnyDay|Bold||F|||50|]Glimmora||FocusSash|ToxicDebris|PowerGem,SludgeBomb,EarthPower,SpikyShield|Modest||F|||50|]Garchomp||LifeOrb|RoughSkin|Earthquake,DragonClaw,RockSlide,Protect|Jolly||M|||50|]Charizard||CharizarditeY|SolarPower|WeatherBall,HeatWave,SolarBeam,Protect|Modest||F|||50|
|showteam|p2|Basculegion||FocusSash|Adaptability|Liquidation,LastRespects,AquaJet,Protect|Adamant||M|||50|]Delphox||Delphoxite|Blaze|HeatWave,Psyshock,NastyPlot,Protect|Timid||M|||50|]Garchomp||LifeOrb|RoughSkin|DragonClaw,RockSlide,Earthquake,Protect|Jolly||F|||50|]Grimmsnarl||LightClay|Prankster|SpiritBreak,PartingShot,LightScreen,Reflect|Careful||M|||50|]Sinistcha||KasibBerry|Hospitality|MatchaGotcha,RagePowder,StrengthSap,Protect|Bold|||||50|]Staraptor||Staraptite|Intimidate|CloseCombat,BraveBird,Roost,Protect|Jolly||M|||50|
|
|t:|1782271721
|teamsize|p1|4
|teamsize|p2|4
|start
|switch|p1a: Garchomp|Garchomp, L50, M|100/100
|switch|p1b: Charizard|Charizard, L50, F|100/100
|switch|p2a: Garchomp|Garchomp, L50, F|100/100
|switch|p2b: Grimmsnarl|Grimmsnarl, L50, M|100/100
|turn|1
|
|t:|1782271779
|switch|p1b: Whimsicott|Whimsicott, L50, F|100/100
|move|p2a: Garchomp|Dragon Claw|p1a: Garchomp
|-supereffective|p1a: Garchomp|1
|-damage|p1a: Garchomp|0 fnt
|-damage|p2a: Garchomp|87/100|[from] ability: Rough Skin|[of] p1a: Garchomp
|faint|p1a: Garchomp
|-damage|p2a: Garchomp|78/100|[from] item: Life Orb
|move|p2b: Grimmsnarl|Spirit Break|p1b: Whimsicott
|-damage|p1b: Whimsicott|70/100
|-unboost|p1b: Whimsicott|spa|1
|
|upkeep
|
|t:|1782271799
|switch|p1a: Gholdengo|Gholdengo, L50|100/100
|turn|2
|
|t:|1782271860
|move|p1b: Whimsicott|Tailwind|p1b: Whimsicott
|-sidestart|p1: KuraiTenshi26|move: Tailwind
|move|p2b: Grimmsnarl|Light Screen|p2b: Grimmsnarl
|-sidestart|p2: frisbya|move: Light Screen
|move|p1a: Gholdengo|Make It Rain|p2a: Garchomp|[spread] p2a,p2b
|-supereffective|p2b: Grimmsnarl|1
|-damage|p2a: Garchomp|38/100
|-damage|p2b: Grimmsnarl|28/100
|-unboost|p1a: Gholdengo|spa|2
|move|p2a: Garchomp|Earthquake|p1b: Whimsicott|[spread] p2b,p1a,p1b
|-supereffective|p1a: Gholdengo|1
|-resisted|p1b: Whimsicott|1
|-damage|p2b: Grimmsnarl|0 fnt
|-damage|p1a: Gholdengo|6/100
|-damage|p1b: Whimsicott|47/100
|faint|p2b: Grimmsnarl
|-damage|p2a: Garchomp|28/100|[from] item: Life Orb
|
|upkeep
|
|t:|1782271874
|switch|p2b: Basculegion|Basculegion, L50, M|100/100
|turn|3
|
|t:|1782271900
|move|p1a: Gholdengo|Protect|p1a: Gholdengo
|-singleturn|p1a: Gholdengo|Protect
|move|p2a: Garchomp|Protect|p2a: Garchomp
|-singleturn|p2a: Garchomp|Protect
|move|p1b: Whimsicott|Moonblast|p2a: Garchomp
|-activate|p2a: Garchomp|move: Protect
|move|p2b: Basculegion|Last Respects|p1b: Whimsicott
|-damage|p1b: Whimsicott|0 fnt
|faint|p1b: Whimsicott
|
|upkeep
|
|t:|1782271910
|switch|p1b: Charizard|Charizard, L50, F|100/100
|turn|4
|
|t:|1782271934
|detailschange|p1b: Charizard|Charizard-Mega-Y, L50, F
|-mega|p1b: Charizard|Charizard|Charizardite Y
|-weather|SunnyDay|[from] ability: Drought|[of] p1b: Charizard
|move|p2b: Basculegion|Aqua Jet|p1a: Gholdengo
|-damage|p1a: Gholdengo|0 fnt
|faint|p1a: Gholdengo
|move|p1b: Charizard|Solar Beam||[still]
|-prepare|p1b: Charizard|Solar Beam
|-anim|p1b: Charizard|Solar Beam|p2a: Garchomp
|-damage|p2a: Garchomp|0 fnt
|faint|p2a: Garchomp
|
|-weather|SunnyDay|[upkeep]
|upkeep
|
|t:|1782271945
|switch|p2a: Delphox|Delphox, L50, M|100/100
|turn|5
|
|t:|1782271954
|detailschange|p2a: Delphox|Delphox-Mega, L50, M
|-mega|p2a: Delphox|Delphox|Delphoxite
|move|p1b: Charizard|Solar Beam||[still]
|-prepare|p1b: Charizard|Solar Beam
|-anim|p1b: Charizard|Solar Beam|p2b: Basculegion
|-supereffective|p2b: Basculegion|1
|-damage|p2b: Basculegion|17/100
|move|p2a: Delphox|Psyshock|p1b: Charizard
|-damage|p1b: Charizard|47/100
|move|p2b: Basculegion|Last Respects|p1b: Charizard
|-damage|p1b: Charizard|0 fnt
|faint|p1b: Charizard
|
|win|frisbya
|raw|KuraiTenshi26's rating: 1052 → 1032(-20 for losing)
|raw|frisbya's rating: 1000 → 1046(+46 for winning)
|l|☆KuraiTenshi26
|player|p1|
