|j|☆gg3g2
|j|☆MolluskVGC
|html|gg3g2MolluskVGC    
|uhtml|bestof|Game 1 of a best-of-3
|t:|1783994591
|gametype|doubles
|player|p1|gg3g2|miku-ghost|1206
|player|p2|MolluskVGC|hiker-gen4|1122
|gen|9
|tier|[Gen 9 Champions] VGC 2026 Reg M-B (Bo3)
|rated|
|rule|Species Clause: Limit one of each Pokémon
|rule|Item Clause: Limit 1 of each item
|clearpoke
|poke|p1|Gengar, L50, F|
|poke|p1|Incineroar, L50, F|
|poke|p1|Grimmsnarl, L50, M|
|poke|p1|Politoed, L50, F|
|poke|p1|Kingambit, L50, M|
|poke|p1|Venusaur, L50, F|
|poke|p2|Gengar, L50, M, shiny|
|poke|p2|Ninetales-Alola, L50, F|
|poke|p2|Altaria, L50, F, shiny|
|poke|p2|Incineroar, L50, M, shiny|
|poke|p2|Palafin, L50, F|
|poke|p2|Sneasler, L50, M, shiny|
|teampreview|4
|showteam|p1|Gengar||Gengarite|CursedBody|PerishSong,Protect,ShadowBall,SludgeBomb|Timid||F|||50|]Incineroar||ShucaBerry|Intimidate|FakeOut,PartingShot,FlareBlitz,ThroatChop|Impish||F|||50|]Grimmsnarl||LightClay|Prankster|FakeOut,LightScreen,Reflect,SpiritBreak|Impish||M|||50|]Politoed||SitrusBerry|Drizzle|MuddyWater,PerishSong,Protect,IceBeam|Bold||F|||50|]Kingambit||ChopleBerry|Defiant|SuckerPunch,KowtowCleave,Protect,IronHead|Adamant||M|||50|]Venusaur||Venusaurite|Chlorophyll|SeedBomb,SludgeBomb,Protect,GigaDrain|Calm||F|||50|
|showteam|p2|Gengar||Gengarite|CursedBody|ShadowBall,Disable,PerishSong,Protect|Timid||M|||50|]Ninetales-Alola||NeverMeltIce|SnowWarning|Blizzard,FreezeDry,Encore,Protect|Timid||F|||50|]Altaria||SitrusBerry|CloudNine|WillOWisp,PerishSong,Tailwind,Protect|Calm||F|||50|]Incineroar||PasshoBerry|Intimidate|FakeOut,FlareBlitz,PartingShot,Protect|Impish||M|||50|]Palafin||MysticWater|ZerotoHero|WaveCrash,JetPunch,FlipTurn,Protect|Adamant||F|||50|]Sneasler||FocusSash|Unburden|FakeOut,CloseCombat,DireClaw,Protect|Adamant||M|||50|
|inactive|Battle timer is ON: inactive players will automatically lose when time's up. (requested by MolluskVGC)
|inactive|gg3g2 also wants the timer to be on.
|
|t:|1783994621
|teamsize|p1|4
|teamsize|p2|4
|start
|switch|p1a: Kingambit|Kingambit, L50, M|100/100
|switch|p1b: Incineroar|Incineroar, L50, F|100/100
|switch|p2a: Gengar|Gengar, L50, M, shiny|100/100
|switch|p2b: Altaria|Altaria, L50, F, shiny|100/100
|-ability|p2b: Altaria|Cloud Nine
|-ability|p1b: Incineroar|Intimidate|boost
|-unboost|p2a: Gengar|atk|1
|-unboost|p2b: Altaria|atk|1
|turn|1
|
|t:|1783994635
|detailschange|p2a: Gengar|Gengar-Mega, L50, M, shiny
|-mega|p2a: Gengar|Gengar|Gengarite
|move|p2a: Gengar|Protect|p2a: Gengar
|-singleturn|p2a: Gengar|Protect
|move|p1b: Incineroar|Fake Out|p2b: Altaria
|-damage|p2b: Altaria|90/100
|cant|p2b: Altaria|flinch
|move|p1a: Kingambit|Kowtow Cleave|p2a: Gengar
|-activate|p2a: Gengar|move: Protect
|
|upkeep
|turn|2
|
|t:|1783994648
|move|p1a: Kingambit|Protect|p1a: Kingambit
|-singleturn|p1a: Kingambit|Protect
|move|p2a: Gengar|Disable|p1a: Kingambit
|-activate|p1a: Kingambit|move: Protect
|move|p2b: Altaria|Will-O-Wisp|p1a: Kingambit
|-activate|p1a: Kingambit|move: Protect
|move|p1b: Incineroar|Parting Shot|p2a: Gengar
|-unboost|p2a: Gengar|atk|1
|-unboost|p2a: Gengar|spa|1
|
|t:|1783994659
|switch|p1b: Grimmsnarl|Grimmsnarl, L50, M|100/100|[from] Parting Shot
|
|upkeep
|turn|3
|
|t:|1783994673
|move|p1b: Grimmsnarl|Fake Out|p2b: Altaria
|-damage|p2b: Altaria|80/100
|move|p2a: Gengar|Perish Song|p2a: Gengar
|-start|p1a: Kingambit|perish3|[silent]
|-start|p1b: Grimmsnarl|perish3|[silent]
|-start|p2a: Gengar|perish3|[silent]
|-start|p2b: Altaria|perish3|[silent]
|-fieldactivate|move: Perish Song
|cant|p2b: Altaria|flinch
|move|p1a: Kingambit|Kowtow Cleave|p2b: Altaria
|-damage|p2b: Altaria|32/100
|-enditem|p2b: Altaria|Sitrus Berry|[eat]
|-heal|p2b: Altaria|57/100|[from] item: Sitrus Berry
|
|-start|p2a: Gengar|perish3
|-start|p2b: Altaria|perish3
|-start|p1b: Grimmsnarl|perish3
|-start|p1a: Kingambit|perish3
|upkeep
|turn|4
|
|t:|1783994695
|move|p1a: Kingambit|Protect|p1a: Kingambit
|-singleturn|p1a: Kingambit|Protect
|move|p2a: Gengar|Disable|p1a: Kingambit
|-activate|p1a: Kingambit|move: Protect
|move|p2b: Altaria|Will-O-Wisp|p1b: Grimmsnarl
|-status|p1b: Grimmsnarl|brn
|move|p1b: Grimmsnarl|Spirit Break|p2b: Altaria
|-supereffective|p2b: Altaria|1
|-crit|p2b: Altaria
|-damage|p2b: Altaria|14/100
|-unboost|p2b: Altaria|spa|1
|
|-damage|p1b: Grimmsnarl|94/100 brn|[from] brn
|-start|p2a: Gengar|perish2
|-start|p2b: Altaria|perish2
|-start|p1b: Grimmsnarl|perish2
|-start|p1a: Kingambit|perish2
|upkeep
|turn|5
|
|t:|1783994711
|move|p2a: Gengar|Disable|p1b: Grimmsnarl
|-start|p1b: Grimmsnarl|Disable|Spirit Break
|move|p2b: Altaria|Will-O-Wisp|p1a: Kingambit
|-status|p1a: Kingambit|brn
|cant|p1b: Grimmsnarl|Disable|Spirit Break
|move|p1a: Kingambit|Kowtow Cleave|p2a: Gengar
|-supereffective|p2a: Gengar|1
|-damage|p2a: Gengar|41/100
|
|-damage|p1b: Grimmsnarl|88/100 brn|[from] brn
|-damage|p1a: Kingambit|94/100 brn|[from] brn
|-start|p2a: Gengar|perish1
|-start|p2b: Altaria|perish1
|-start|p1b: Grimmsnarl|perish1
|-start|p1a: Kingambit|perish1
|upkeep
|turn|6
|l|☆gg3g2
|inactive|gg3g2 disconnected and has a minute to reconnect!
|player|p1|
|j|☆gg3g2
|inactive|gg3g2 reconnected and has 40 seconds left.
|player|p1|gg3g2|miku-ghost|
|inactive|gg3g2 has 30 seconds left.
|
|t:|1783994743
|switch|p2a: Ninetales|Ninetales-Alola, L50, F|100/100
|-weather|Snowscape|[from] ability: Snow Warning|[of] p2a: Ninetales
|move|p1b: Grimmsnarl|Reflect|p1b: Grimmsnarl
|-sidestart|p1: gg3g2|Reflect
|move|p2b: Altaria|Tailwind|p2b: Altaria
|-sidestart|p2: MolluskVGC|move: Tailwind
|move|p1a: Kingambit|Kowtow Cleave|p2b: Altaria
|-crit|p2b: Altaria
|-damage|p2b: Altaria|0 fnt
|faint|p2b: Altaria
|
|-weather|Snowscape|[upkeep]
|-damage|p1b: Grimmsnarl|82/100 brn|[from] brn
|-damage|p1a: Kingambit|88/100 brn|[from] brn
|-start|p1b: Grimmsnarl|perish0
|-start|p1a: Kingambit|perish0
|faint|p1b: Grimmsnarl
|faint|p1a: Kingambit
|upkeep
|-message|gg3g2 forfeited.
|
|win|MolluskVGC
|l|☆gg3g2
|player|p1|
||gg3g2 is ready for game 2.
||MolluskVGC is ready for game 2.
|uhtml|next|Next: Game 2 of 3
