|j|☆Flareblitz54
|j|☆Farigi no Raf
|html|Flareblitz54Farigi no Raf    
|uhtml|bestof|Game 1 of a best-of-3
|t:|1757120838
|gametype|doubles
|player|p1|Flareblitz54|gladion|1313
|player|p2|Farigi no Raf|vince|1370
|gen|9
|tier|[Gen 9] VGC 2025 Reg H (Bo3)
|rated|
|rule|Species Clause: Limit one of each Pokémon
|rule|Item Clause: Limit 1 of each item
|clearpoke
|poke|p1|Archaludon, L50, F|
|poke|p1|Kingdra, L50, F|
|poke|p1|Politoed, L50, M|
|poke|p1|Incineroar, L50, M|
|poke|p1|Gothitelle, L50, M|
|poke|p1|Amoonguss, L50, M|
|poke|p2|Dragonite, L50, F|
|poke|p2|Gholdengo, L50|
|poke|p2|Sneasler, L50, F|
|poke|p2|Rillaboom, L50, M|
|poke|p2|Ursaluna-Bloodmoon, L50, M|
|poke|p2|Magmar, L50, F|
|teampreview|4
|showteam|p1|Archaludon||PowerHerb|Sturdy|Protect,ElectroShot,FlashCannon,DragonPulse|||F|||50|,,,,,Electric]Kingdra||LifeOrb|SwiftSwim|Protect,DracoMeteor,WeatherBall,MuddyWater|||F|||50|,,,,,Stellar]Politoed||Leftovers|Drizzle|Protect,WeatherBall,PerishSong,Encore|||M|||50|,,,,,Grass]Incineroar||SafetyGoggles|Intimidate|FakeOut,KnockOff,PartingShot,Protect|||M|||50|,,,,,Ghost]Gothitelle||SitrusBerry|ShadowTag|Protect,Psychic,FakeOut,TrickRoom|||M|||50|,,,,,Dark]Amoonguss||EjectButton|Regenerator|Protect,RagePowder,Spore,PollenPuff|||M|||50|,,,,,Fairy
|showteam|p2|Dragonite||LoadedDice|Multiscale|ScaleShot,Tailwind,ExtremeSpeed,Protect|||F|||50|,,,,,Fairy]Gholdengo||LifeOrb|GoodasGold|MakeItRain,ShadowBall,NastyPlot,Protect||||||50|,,,,,Water]Sneasler||FocusSash|PoisonTouch|CloseCombat,DireClaw,Coaching,FakeOut|||F|||50|,,,,,Ghost]Rillaboom||AssaultVest|GrassySurge|WoodHammer,FakeOut,GrassyGlide,HighHorsepower|||M|||50|,,,,,Fire]Ursaluna-Bloodmoon||SilkScarf|MindsEye|HyperVoice,EarthPower,BloodMoon,Protect|||M|||50|,,,,,Water]Magmar||Eviolite|VitalSpirit|FollowMe,BurningJealousy,ClearSmog,Protect|||F|||50|,,,,,Dragon
|inactive|Battle timer is ON: inactive players will automatically lose when time's up. (requested by Flareblitz54)
|inactive|Flareblitz54 has 60 seconds left.
|inactive|Farigi no Raf has 60 seconds left.
|
|t:|1757120872
|teamsize|p1|4
|teamsize|p2|4
|start
|switch|p1a: Archaludon|Archaludon, L50, F|100/100
|switch|p1b: Incineroar|Incineroar, L50, M|100/100
|switch|p2a: Gholdengo|Gholdengo, L50|100/100
|switch|p2b: Dragonite|Dragonite, L50, F|100/100
|-ability|p1b: Incineroar|Intimidate|boost
|-unboost|p2a: Gholdengo|atk|1
|-unboost|p2b: Dragonite|atk|1
|turn|1
|
|t:|1757120896
|switch|p2a: Ursaluna|Ursaluna-Bloodmoon, L50, M|100/100
|-terastallize|p1a: Archaludon|Electric
|move|p2b: Dragonite|Protect|p2b: Dragonite
|-singleturn|p2b: Dragonite|Protect
|move|p1b: Incineroar|Fake Out|p2b: Dragonite
|-activate|p2b: Dragonite|move: Protect
|move|p1a: Archaludon|Electro Shot||[still]
|-prepare|p1a: Archaludon|Electro Shot
|-boost|p1a: Archaludon|spa|1
|-enditem|p1a: Archaludon|Power Herb
|-anim|p1a: Archaludon|Electro Shot|p2a: Ursaluna
|-immune|p2a: Ursaluna
|
|upkeep
|turn|2
|inactive|Flareblitz54 has 30 seconds left.
|
|t:|1757120929
|switch|p1b: Politoed|Politoed, L50, M|100/100
|-weather|RainDance|[from] ability: Drizzle|[of] p1b: Politoed
|move|p1a: Archaludon|Electro Shot||[still]
|-prepare|p1a: Archaludon|Electro Shot
|-boost|p1a: Archaludon|spa|1
|-anim|p1a: Archaludon|Electro Shot|p2b: Dragonite
|-damage|p2b: Dragonite|29/100
|move|p2b: Dragonite|Tailwind|p2b: Dragonite
|-sidestart|p2: Farigi no Raf|move: Tailwind
|move|p2a: Ursaluna|Hyper Voice|p1a: Archaludon|[spread] p1a,p1b
|-damage|p1a: Archaludon|29/100
|-damage|p1b: Politoed|65/100
|
|-weather|RainDance|[upkeep]
|-heal|p1b: Politoed|71/100|[from] item: Leftovers
|upkeep
|turn|3
|inactive|Flareblitz54 has 30 seconds left.
|
|t:|1757120973
|switch|p1b: Incineroar|Incineroar, L50, M|100/100
|-ability|p1b: Incineroar|Intimidate|boost
|-unboost|p2a: Ursaluna|atk|1
|-unboost|p2b: Dragonite|atk|1
|-terastallize|p2a: Ursaluna|Water
|move|p2b: Dragonite|Scale Shot|p1b: Incineroar
|-damage|p1b: Incineroar|93/100
|-damage|p1b: Incineroar|86/100
|-damage|p1b: Incineroar|78/100
|-damage|p1b: Incineroar|71/100
|-damage|p1b: Incineroar|63/100
|-hitcount|p1b: Incineroar|5
|-unboost|p2b: Dragonite|def|1
|-boost|p2b: Dragonite|spe|1
|move|p2a: Ursaluna|Hyper Voice|p1a: Archaludon|[spread] p1a,p1b
|-damage|p1a: Archaludon|0 fnt
|-damage|p1b: Incineroar|35/100
|faint|p1a: Archaludon
|
|-weather|RainDance|[upkeep]
|upkeep
|
|t:|1757120996
|switch|p1a: Kingdra|Kingdra, L50, F|100/100
|turn|4
|
|t:|1757121014
|switch|p1b: Politoed|Politoed, L50, M|71/100
|move|p2b: Dragonite|Protect|p2b: Dragonite
|-singleturn|p2b: Dragonite|Protect
|move|p2a: Ursaluna|Protect|p2a: Ursaluna
|-singleturn|p2a: Ursaluna|Protect
|move|p1a: Kingdra|Draco Meteor|p2a: Ursaluna
|-activate|p2a: Ursaluna|move: Protect
|
|-weather|RainDance|[upkeep]
|-heal|p1b: Politoed|77/100|[from] item: Leftovers
|upkeep
|turn|5
|
|t:|1757121026
|move|p1a: Kingdra|Protect|p1a: Kingdra
|-singleturn|p1a: Kingdra|Protect
|move|p1b: Politoed|Protect|p1b: Politoed
|-singleturn|p1b: Politoed|Protect
|move|p2b: Dragonite|Scale Shot|p1a: Kingdra
|-activate|p1a: Kingdra|move: Protect
|move|p2a: Ursaluna|Blood Moon|p1b: Politoed
|-activate|p1b: Politoed|move: Protect
|
|-weather|RainDance|[upkeep]
|-heal|p1b: Politoed|83/100|[from] item: Leftovers
|-sideend|p2: Farigi no Raf|move: Tailwind
|upkeep
|turn|6
|
|t:|1757121040
|switch|p1b: Incineroar|Incineroar, L50, M|35/100
|-ability|p1b: Incineroar|Intimidate|boost
|-unboost|p2a: Ursaluna|atk|1
|-unboost|p2b: Dragonite|atk|1
|move|p2b: Dragonite|Protect|p2b: Dragonite
|-singleturn|p2b: Dragonite|Protect
|move|p1a: Kingdra|Muddy Water|p2b: Dragonite|[spread] p2a
|-activate|p2b: Dragonite|move: Protect
|-resisted|p2a: Ursaluna
|-damage|p2a: Ursaluna|66/100
|-damage|p1a: Kingdra|91/100|[from] item: Life Orb
|move|p2a: Ursaluna|Hyper Voice|p1b: Incineroar|[spread] p1a,p1b
|-damage|p1a: Kingdra|38/100
|-damage|p1b: Incineroar|3/100
|
|-weather|none
|upkeep
|turn|7
|inactive|Farigi no Raf has 30 seconds left.
|
|t:|1757121067
|switch|p2b: Rillaboom|Rillaboom, L50, M|100/100
|-fieldstart|move: Grassy Terrain|[from] ability: Grassy Surge|[of] p2b: Rillaboom
|move|p2a: Ursaluna|Protect|p2a: Ursaluna
|-singleturn|p2a: Ursaluna|Protect
|move|p1b: Incineroar|Fake Out|p2b: Rillaboom
|-damage|p2b: Rillaboom|90/100
|move|p1a: Kingdra|Draco Meteor|p2a: Ursaluna
|-activate|p2a: Ursaluna|move: Protect
|
|-heal|p1a: Kingdra|44/100|[from] Grassy Terrain
|-heal|p2b: Rillaboom|96/100|[from] Grassy Terrain
|-heal|p2a: Ursaluna|72/100|[from] Grassy Terrain
|-heal|p1b: Incineroar|9/100|[from] Grassy Terrain
|upkeep
|turn|8
|
|t:|1757121078
|switch|p1b: Politoed|Politoed, L50, M|83/100
|-weather|RainDance|[from] ability: Drizzle|[of] p1b: Politoed
|move|p1a: Kingdra|Protect|p1a: Kingdra
|-singleturn|p1a: Kingdra|Protect
|move|p2b: Rillaboom|Fake Out|p1a: Kingdra
|-activate|p1a: Kingdra|move: Protect
|move|p2a: Ursaluna|Hyper Voice|p1b: Politoed|[spread] p1b
|-activate|p1a: Kingdra|move: Protect
|-crit|p1b: Politoed
|-damage|p1b: Politoed|37/100
|
|-weather|RainDance|[upkeep]
|-heal|p1a: Kingdra|50/100|[from] Grassy Terrain
|-heal|p2b: Rillaboom|100/100|[from] Grassy Terrain
|-heal|p1b: Politoed|43/100|[from] Grassy Terrain
|-heal|p1b: Politoed|49/100|[from] item: Leftovers
|-heal|p2a: Ursaluna|78/100|[from] Grassy Terrain
|upkeep
|turn|9
|
|t:|1757121096
|move|p1a: Kingdra|Draco Meteor|p2a: Ursaluna
|-damage|p2a: Ursaluna|0 fnt
|-unboost|p1a: Kingdra|spa|2
|faint|p2a: Ursaluna
|-damage|p1a: Kingdra|40/100|[from] item: Life Orb
|move|p2b: Rillaboom|Wood Hammer|p1a: Kingdra
|-damage|p1a: Kingdra|0 fnt
|faint|p1a: Kingdra
|-damage|p2b: Rillaboom|91/100|[from] Recoil
|move|p1b: Politoed|Encore|p2b: Rillaboom
|-start|p2b: Rillaboom|Encore
|
|-weather|RainDance|[upkeep]
|-heal|p2b: Rillaboom|97/100|[from] Grassy Terrain
|-heal|p1b: Politoed|55/100|[from] Grassy Terrain
|-heal|p1b: Politoed|61/100|[from] item: Leftovers
|upkeep
|
|t:|1757121104
|switch|p1a: Incineroar|Incineroar, L50, M|9/100
|switch|p2a: Gholdengo|Gholdengo, L50|100/100
|-ability|p1a: Incineroar|Intimidate|boost
|-unboost|p2a: Gholdengo|atk|1
|-unboost|p2b: Rillaboom|atk|1
|turn|10
|-message|Flareblitz54 forfeited.
|
|win|Farigi no Raf
|l|☆Flareblitz54
|player|p1|
