|j|☆shinyweavile97
|j|☆Miss Elysia
|html|shinyweavile97Miss Elysia    
|uhtml|bestof|Game 2 of a best-of-3
|t:|1782546750
|gametype|doubles
|player|p1|shinyweavile97|170|1167
|player|p2|Miss Elysia|diantha|1065
|gen|9
|tier|[Gen 9 Champions] VGC 2026 Reg M-B (Bo3)
|rated|
|rule|Species Clause: Limit one of each Pokémon
|rule|Item Clause: Limit 1 of each item
|clearpoke
|poke|p1|Rotom-Heat, L50|
|poke|p1|Sceptile, L50, M|
|poke|p1|Basculegion, L50, M|
|poke|p1|Pelipper, L50, M|
|poke|p1|Swampert, L50, M|
|poke|p1|Archaludon, L50, M|
|poke|p2|Swampert, L50, F|
|poke|p2|Archaludon, L50, M|
|poke|p2|Klefki, L50, M|
|poke|p2|Sinistcha, L50|
|poke|p2|Annihilape, L50, F|
|poke|p2|Maushold, L50|
|teampreview|4
|showteam|p1|Rotom-Heat||ChoiceScarf|Levitate|Discharge,Overheat,Trick,VoltSwitch|Timid|||||50|]Sceptile||Sceptilite|Overgrow|LeafStorm,DragonPulse,EarthPower,Protect|Timid||M|||50|]Basculegion||MysticWater|SwiftSwim|WaveCrash,LastRespects,AquaJet,Protect|Adamant||M|||50|]Pelipper||FocusSash|Drizzle|WeatherBall,Hurricane,Tailwind,Protect|Timid||M|||50|]Swampert||Swampertite|Torrent|Liquidation,Earthquake,IcePunch,Protect|Jolly||M|||50|]Archaludon||Leftovers|Stamina|ElectroShot,DragonPulse,FlashCannon,Protect|Modest||M|||50|
|showteam|p2|Swampert||Swampertite|Damp|WaveCrash,HighHorsepower,IcePunch,Protect|Adamant||F|||50|]Archaludon||Leftovers|Stamina|DragonPulse,ElectroShot,FlashCannon,Protect|Modest||M|||50|]Klefki||OccaBerry|Prankster|RainDance,LightScreen,Reflect,FoulPlay|Bold||M|||50|]Sinistcha||KasibBerry|Hospitality|RagePowder,LifeDew,TrickRoom,MatchaGotcha|Relaxed|||||50|]Annihilape||SitrusBerry|Defiant|RageFist,DrainPunch,BulkUp,Protect|Adamant||F|||50|]Maushold||ChopleBerry|FriendGuard|BeatUp,FollowMe,SuperFang,Protect|Jolly|||||50|
|inactive|Battle timer is ON: inactive players will automatically lose when time's up. (requested by Miss Elysia)
|inactive|Miss Elysia has 60 seconds left.
|
|t:|1782546793
|teamsize|p1|4
|teamsize|p2|4
|start
|switch|p1a: Rotom|Rotom-Heat, L50|100/100
|switch|p1b: Sceptile|Sceptile, L50, M|100/100
|switch|p2a: Archaludon|Archaludon, L50, M|100/100
|switch|p2b: Klefki|Klefki, L50, M|100/100
|turn|1
|inactive|shinyweavile97 has 30 seconds left.
|
|t:|1782546820
|move|p1b: Sceptile|Protect|p1b: Sceptile
|-singleturn|p1b: Sceptile|Protect
|move|p2b: Klefki|Light Screen|p2b: Klefki
|-sidestart|p2: Miss Elysia|move: Light Screen
|move|p1a: Rotom|Trick|p2a: Archaludon
|-activate|p1a: Rotom|move: Trick|[of] p2a: Archaludon
|-item|p2a: Archaludon|Choice Scarf|[from] move: Trick
|-item|p1a: Rotom|Leftovers|[from] move: Trick
|move|p2a: Archaludon|Dragon Pulse|p1b: Sceptile
|-activate|p1b: Sceptile|move: Protect
|
|upkeep
|turn|2
|
|t:|1782546839
|move|p2b: Klefki|Rain Dance|p2b: Klefki
|-weather|RainDance
|move|p1b: Sceptile|Earth Power|p2a: Archaludon
|-supereffective|p2a: Archaludon|1
|-damage|p2a: Archaludon|59/100
|-ability|p2a: Archaludon|Stamina|boost
|-boost|p2a: Archaludon|def|1
|move|p2a: Archaludon|Dragon Pulse|p1b: Sceptile
|-damage|p1b: Sceptile|48/100
|move|p1a: Rotom|Overheat|p2a: Archaludon
|-damage|p2a: Archaludon|37/100
|-unboost|p1a: Rotom|spa|2
|-ability|p2a: Archaludon|Stamina|boost
|-boost|p2a: Archaludon|def|1
|
|-weather|RainDance|[upkeep]
|upkeep
|turn|3
|
|t:|1782546860
|switch|p2b: Sinistcha|Sinistcha, L50|100/100
|-heal|p2a: Archaludon|62/100|[from] ability: Hospitality|[of] p2b: Sinistcha
|move|p1b: Sceptile|Protect|p1b: Sceptile
|-singleturn|p1b: Sceptile|Protect
|move|p2a: Archaludon|Dragon Pulse|p1b: Sceptile
|-activate|p1b: Sceptile|move: Protect
|move|p1a: Rotom|Volt Switch|p2b: Sinistcha
|-resisted|p2b: Sinistcha|1
|-damage|p2b: Sinistcha|95/100
|
|t:|1782546874
|switch|p1a: Archaludon|Archaludon, L50, M|100/100|[from] Volt Switch
|
|-weather|RainDance|[upkeep]
|upkeep
|turn|4
|inactive|Miss Elysia has 30 seconds left.
|
|t:|1782546899
|switch|p1b: Rotom|Rotom-Heat, L50|100/100
|move|p2a: Archaludon|Dragon Pulse|p1b: Rotom
|-damage|p1b: Rotom|43/100
|move|p1a: Archaludon|Electro Shot||[still]
|-prepare|p1a: Archaludon|Electro Shot
|-boost|p1a: Archaludon|spa|1
|-anim|p1a: Archaludon|Electro Shot|p2b: Sinistcha
|-resisted|p2b: Sinistcha|1
|-damage|p2b: Sinistcha|74/100
|move|p2b: Sinistcha|Life Dew|p2b: Sinistcha|[spread] p2a,p2b
|-heal|p2a: Archaludon|87/100
|-heal|p2b: Sinistcha|99/100
|
|-weather|RainDance|[upkeep]
|-heal|p1b: Rotom|50/100y|[from] item: Leftovers
|upkeep
|turn|5
|
|t:|1782546924
|switch|p2a: Swampert|Swampert, L50, F|100/100
|move|p2b: Sinistcha|Rage Powder|p2b: Sinistcha
|-singleturn|p2b: Sinistcha|move: Rage Powder
|move|p1b: Rotom|Overheat|p2b: Sinistcha
|-supereffective|p2b: Sinistcha|1
|-damage|p2b: Sinistcha|60/100
|-unboost|p1b: Rotom|spa|2
|move|p1a: Archaludon|Electro Shot||[still]
|-prepare|p1a: Archaludon|Electro Shot
|-boost|p1a: Archaludon|spa|1
|-anim|p1a: Archaludon|Electro Shot|p2b: Sinistcha
|-resisted|p2b: Sinistcha|1
|-damage|p2b: Sinistcha|31/100
|
|-weather|RainDance|[upkeep]
|-heal|p1b: Rotom|56/100|[from] item: Leftovers
|-sideend|p2: Miss Elysia|move: Light Screen
|upkeep
|turn|6
|inactive|Miss Elysia has 30 seconds left.
|inactive|shinyweavile97 has 30 seconds left.
|
|t:|1782546956
|switch|p2b: Klefki|Klefki, L50, M|100/100
|detailschange|p2a: Swampert|Swampert-Mega, L50, F
|-mega|p2a: Swampert|Swampert|Swampertite
|move|p2a: Swampert|High Horsepower|p1a: Archaludon|[miss]
|-miss|p2a: Swampert|p1a: Archaludon
|move|p1b: Rotom|Volt Switch|p2b: Klefki
|-damage|p2b: Klefki|81/100
|
|t:|1782546969
|switch|p1b: Pelipper|Pelipper, L50, M|100/100|[from] Volt Switch
|move|p1a: Archaludon|Dragon Pulse|p2b: Klefki
|-immune|p2b: Klefki
|
|-weather|none
|upkeep
|turn|7
|inactive|Miss Elysia has 30 seconds left.
|
|t:|1782546998
|move|p2b: Klefki|Light Screen|p2b: Klefki
|-sidestart|p2: Miss Elysia|move: Light Screen
|move|p1b: Pelipper|Tailwind|p1b: Pelipper
|-sidestart|p1: shinyweavile97|move: Tailwind
|move|p1a: Archaludon|Dragon Pulse|p2a: Swampert
|-damage|p2a: Swampert|51/100
|move|p2a: Swampert|High Horsepower|p1a: Archaludon
|-supereffective|p1a: Archaludon|1
|-damage|p1a: Archaludon|7/100
|-ability|p1a: Archaludon|Stamina|boost
|-boost|p1a: Archaludon|def|1
|
|-heal|p1a: Archaludon|14/100|[from] item: Leftovers
|upkeep
|turn|8
|inactive|shinyweavile97 has 30 seconds left.
|
|t:|1782547024
|move|p1a: Archaludon|Protect|p1a: Archaludon
|-singleturn|p1a: Archaludon|Protect
|move|p2b: Klefki|Rain Dance|p2b: Klefki
|-weather|RainDance
|move|p1b: Pelipper|Hurricane|p2b: Klefki
|-resisted|p2b: Klefki|1
|-damage|p2b: Klefki|62/100
|-start|p2b: Klefki|confusion
|move|p2a: Swampert|High Horsepower|p1a: Archaludon
|-activate|p1a: Archaludon|move: Protect
|
|-weather|RainDance|[upkeep]
|-heal|p1a: Archaludon|20/100y|[from] item: Leftovers
|upkeep
|turn|9
|
|t:|1782547042
|switch|p2b: Sinistcha|Sinistcha, L50|31/100
|-heal|p2a: Swampert|76/100|[from] ability: Hospitality|[of] p2b: Sinistcha
|move|p1b: Pelipper|Weather Ball|p2a: Swampert
|-damage|p2a: Swampert|37/100
|move|p1a: Archaludon|Dragon Pulse|p2a: Swampert
|-damage|p2a: Swampert|0 fnt
|faint|p2a: Swampert
|
|-weather|RainDance|[upkeep]
|-heal|p1a: Archaludon|26/100|[from] item: Leftovers
|upkeep
|
|t:|1782547062
|switch|p2a: Archaludon|Archaludon, L50, M|87/100
|turn|10
|
|t:|1782547072
|switch|p2b: Klefki|Klefki, L50, M|62/100
|move|p1a: Archaludon|Protect|p1a: Archaludon
|-singleturn|p1a: Archaludon|Protect
|move|p1b: Pelipper|Hurricane|p2b: Klefki
|-resisted|p2b: Klefki|1
|-damage|p2b: Klefki|42/100
|move|p2a: Archaludon|Electro Shot||[still]
|-prepare|p2a: Archaludon|Electro Shot
|-boost|p2a: Archaludon|spa|1
|-anim|p2a: Archaludon|Electro Shot|p1b: Pelipper
|-supereffective|p1b: Pelipper|2
|-enditem|p1b: Pelipper|Focus Sash
|-damage|p1b: Pelipper|1/100
|
|-weather|RainDance|[upkeep]
|-heal|p1a: Archaludon|32/100|[from] item: Leftovers
|-sideend|p1: shinyweavile97|move: Tailwind
|upkeep
|turn|11
|inactive|Miss Elysia has 30 seconds left.
|inactive|Miss Elysia has 20 seconds left.
|inactive|Miss Elysia has 15 seconds left.
|inactive|Miss Elysia has 10 seconds left.
|
|t:|1782547121
|switch|p2b: Sinistcha|Sinistcha, L50|31/100
|-heal|p2a: Archaludon|100/100|[from] ability: Hospitality|[of] p2b: Sinistcha
|move|p2a: Archaludon|Electro Shot||[still]
|-prepare|p2a: Archaludon|Electro Shot
|-boost|p2a: Archaludon|spa|1
|-anim|p2a: Archaludon|Electro Shot|p1b: Pelipper
|-supereffective|p1b: Pelipper|2
|-damage|p1b: Pelipper|0 fnt
|faint|p1b: Pelipper
|move|p1a: Archaludon|Dragon Pulse|p2a: Archaludon
|-damage|p2a: Archaludon|26/100
|-ability|p2a: Archaludon|Stamina|boost
|-boost|p2a: Archaludon|def|1
|
|-weather|RainDance|[upkeep]
|-heal|p1a: Archaludon|39/100|[from] item: Leftovers
|-sideend|p2: Miss Elysia|move: Light Screen
|upkeep
|
|t:|1782547135
|switch|p1b: Sceptile|Sceptile, L50, M|48/100
|turn|12
|
|t:|1782547149
|switch|p2a: Klefki|Klefki, L50, M|42/100
|detailschange|p1b: Sceptile|Sceptile-Mega, L50, M
|-mega|p1b: Sceptile|Sceptile|Sceptilite
|move|p1b: Sceptile|Earth Power|p2a: Klefki
|-supereffective|p2a: Klefki|1
|-damage|p2a: Klefki|0 fnt
|faint|p2a: Klefki
|move|p1a: Archaludon|Flash Cannon|p2b: Sinistcha
|-damage|p2b: Sinistcha|0 fnt
|faint|p2b: Sinistcha
|
|-weather|none
|-heal|p1a: Archaludon|45/100|[from] item: Leftovers
|upkeep
|
|t:|1782547169
|switch|p2b: Archaludon|Archaludon, L50, M|26/100
|turn|13
|
|t:|1782547173
|move|p1b: Sceptile|Dragon Pulse|p2b: Archaludon
|-damage|p2b: Archaludon|0 fnt
|faint|p2b: Archaludon
|
|win|shinyweavile97
|raw|shinyweavile97's rating: 1167 → 1185(+18 for winning)
|raw|Miss Elysia's rating: 1065 → 1051(-14 for losing)
