|j|☆jagheter
|j|☆greenlightdmp
|html|jaghetergreenlightdmp    
|uhtml|bestof|Game 1 of a best-of-3
|t:|1756445142
|gametype|doubles
|player|p1|jagheter|worker|1066
|player|p2|greenlightdmp|266|1143
|gen|9
|tier|[Gen 9] VGC 2025 Reg H (Bo3)
|rated|
|rule|Species Clause: Limit one of each Pokémon
|rule|Item Clause: Limit 1 of each item
|clearpoke
|poke|p1|Venusaur, L50, F|
|poke|p1|Volcarona, L50, F|
|poke|p1|Incineroar, L50, M|
|poke|p1|Grimmsnarl, L50, M|
|poke|p1|Dondozo, L50, M|
|poke|p1|Rillaboom, L50, M|
|poke|p2|Sneasler, L50, M|
|poke|p2|Rillaboom, L50, F|
|poke|p2|Volcarona, L50, F|
|poke|p2|Dragonite, L50, M|
|poke|p2|Basculegion, L50, M|
|poke|p2|Kingambit, L50, F|
|teampreview|4
|showteam|p1|Venusaur||WideLens|Chlorophyll|SleepPowder,Protect,SludgeBomb,EarthPower|||F|||50|,,,,,Ghost]Volcarona||CovertCloak|FlameBody|FieryDance,GigaDrain,QuiverDance,Protect|||F|||50|,,,,,Dragon]Incineroar||MirrorHerb|Intimidate|FakeOut,KnockOff,Taunt,FlareBlitz|||M|||50|,,,,,Ghost]Grimmsnarl||BlackGlasses|Prankster|Reflect,LightScreen,SpiritBreak,SuckerPunch|||M|||50|,,,,,Dark]Dondozo||Leftovers|Unaware|Fissure,Protect,Liquidation,Yawn|||M|||50|,,,,,Ghost]Rillaboom||AssaultVest|GrassySurge|FakeOut,WoodHammer,GrassyGlide,Uturn|||M|||50|,,,,,Fire
|showteam|p2|Sneasler||FocusSash|Unburden|CloseCombat,DireClaw,FakeOut,Protect|||M|||50|,,,,,Stellar]Rillaboom||AssaultVest|GrassySurge|WoodHammer,GrassyGlide,HighHorsepower,FakeOut|||F|||50|,,,,,Fire]Volcarona||CovertCloak|FlameBody|HeatWave,TeraBlast,QuiverDance,Protect|||F|||50|,,,,,Fairy]Dragonite||LoadedDice|Multiscale|ScaleShot,IronHead,Protect,Haze|||M|||50|,,,,,Steel]Basculegion||ChoiceScarf|Adaptability|FlipTurn,LastRespects,WaveCrash,AquaJet|||M|||50|,,,,,Water]Kingambit||SafetyGoggles|Defiant|KowtowCleave,SuckerPunch,SwordsDance,Protect|||F|||50|,,,,,Dark
|
|t:|1756445247
|teamsize|p1|4
|teamsize|p2|4
|start
|switch|p1a: Grimmsnarl|Grimmsnarl, L50, M, shiny|100/100
|switch|p1b: Volcarona|Volcarona, L50, F, shiny|100/100
|switch|p2a: Volcarona|Volcarona, L50, F|100/100
|switch|p2b: Basculegion|Basculegion, L50, M|100/100
|turn|1
|
|t:|1756445280
|-terastallize|p1a: Grimmsnarl|Dark
|move|p1a: Grimmsnarl|Sucker Punch|p2b: Basculegion
|-supereffective|p2b: Basculegion
|-damage|p2b: Basculegion|0 fnt
|faint|p2b: Basculegion
|move|p2a: Volcarona|Quiver Dance|p2a: Volcarona
|-boost|p2a: Volcarona|spa|1
|-boost|p2a: Volcarona|spd|1
|-boost|p2a: Volcarona|spe|1
|move|p1b: Volcarona|Quiver Dance|p1b: Volcarona
|-boost|p1b: Volcarona|spa|1
|-boost|p1b: Volcarona|spd|1
|-boost|p1b: Volcarona|spe|1
|
|upkeep
|
|t:|1756445292
|switch|p2b: Sneasler|Sneasler, L50, M|100/100
|turn|2
|inactive|Battle timer is ON: inactive players will automatically lose when time's up. (requested by greenlightdmp)
|
|t:|1756445367
|switch|p1a: Incineroar|Incineroar, L50, M, shiny|100/100
|-ability|p1a: Incineroar|Intimidate|boost
|-unboost|p2a: Volcarona|atk|1
|-unboost|p2b: Sneasler|atk|1
|move|p2a: Volcarona|Heat Wave|p1a: Incineroar|[spread] p1a,p1b
|-resisted|p1a: Incineroar
|-damage|p1a: Incineroar|72/100
|-damage|p1b: Volcarona|66/100
|move|p1b: Volcarona|Fiery Dance|p2b: Sneasler
|-damage|p2b: Sneasler|21/100
|move|p2b: Sneasler|Dire Claw|p1b: Volcarona
|-damage|p1b: Volcarona|33/100
|-status|p2b: Sneasler|brn|[from] ability: Flame Body|[of] p1b: Volcarona
|
|-damage|p2b: Sneasler|15/100 brn|[from] brn
|upkeep
|turn|3
|inactive|greenlightdmp has 30 seconds left.
|
|t:|1756445399
|move|p1a: Incineroar|Fake Out|p2b: Sneasler
|-damage|p2b: Sneasler|0 fnt
|faint|p2b: Sneasler
|move|p2a: Volcarona|Heat Wave|p1b: Volcarona|[spread] p1a,p1b
|-resisted|p1a: Incineroar
|-damage|p1a: Incineroar|45/100
|-damage|p1b: Volcarona|0 fnt
|faint|p1b: Volcarona
|
|upkeep
|
|t:|1756445412
|switch|p2b: Rillaboom|Rillaboom, L50, F|100/100
|switch|p1b: Grimmsnarl|Grimmsnarl, L50, M, shiny, tera:Dark|100/100
|-fieldstart|move: Grassy Terrain|[from] ability: Grassy Surge|[of] p2b: Rillaboom
|turn|4
|
|t:|1756445434
|move|p1b: Grimmsnarl|Light Screen|p1b: Grimmsnarl
|-sidestart|p1: jagheter|move: Light Screen
|move|p2a: Volcarona|Heat Wave|p1b: Grimmsnarl|[spread] p1b
|-miss|p2a: Volcarona|p1a: Incineroar
|-crit|p1b: Grimmsnarl
|-damage|p1b: Grimmsnarl|15/100
|move|p2b: Rillaboom|Wood Hammer|p1a: Incineroar
|-resisted|p1a: Incineroar
|-damage|p1a: Incineroar|7/100
|-damage|p2b: Rillaboom|88/100|[from] Recoil
|move|p1a: Incineroar|Flare Blitz|p2b: Rillaboom
|-supereffective|p2b: Rillaboom
|-damage|p2b: Rillaboom|0 fnt
|faint|p2b: Rillaboom
|-damage|p1a: Incineroar|0 fnt|[from] Recoil
|faint|p1a: Incineroar
|
|-heal|p1b: Grimmsnarl|22/100|[from] Grassy Terrain
|upkeep
|
|t:|1756445447
|switch|p1a: Dondozo|Dondozo, L50, M, shiny|100/100
|turn|5
|
|t:|1756445462
|-terastallize|p2a: Volcarona|Fairy
|move|p1b: Grimmsnarl|Sucker Punch|p2a: Volcarona
|-resisted|p2a: Volcarona
|-damage|p2a: Volcarona|65/100
|move|p2a: Volcarona|Heat Wave|p1a: Dondozo|[spread] p1a,p1b
|-resisted|p1a: Dondozo
|-damage|p1a: Dondozo|91/100
|-damage|p1b: Grimmsnarl|0 fnt
|faint|p1b: Grimmsnarl
|move|p1a: Dondozo|Yawn|p2a: Volcarona
|-start|p2a: Volcarona|move: Yawn|[of] p1a: Dondozo
|
|-heal|p2a: Volcarona|71/100|[from] Grassy Terrain
|-heal|p1a: Dondozo|98/100|[from] Grassy Terrain
|-heal|p1a: Dondozo|100/100|[from] item: Leftovers
|upkeep
|turn|6
|
|t:|1756445474
|move|p2a: Volcarona|Tera Blast|p1a: Dondozo|[anim] Tera Blast Fairy
|-damage|p1a: Dondozo|78/100
|move|p1a: Dondozo|Fissure|p2a: Volcarona|[miss]
|-miss|p1a: Dondozo|p2a: Volcarona
|
|-heal|p2a: Volcarona|76/100|[from] Grassy Terrain
|-heal|p1a: Dondozo|85/100|[from] Grassy Terrain
|-heal|p1a: Dondozo|91/100|[from] item: Leftovers
|-end|p2a: Volcarona|move: Yawn|[silent]
|-status|p2a: Volcarona|slp
|upkeep
|turn|7
|
|t:|1756445479
|cant|p2a: Volcarona|slp
|move|p1a: Dondozo|Fissure|p2a: Volcarona|[miss]
|-miss|p1a: Dondozo|p2a: Volcarona
|
|-heal|p2a: Volcarona|82/100 slp|[from] Grassy Terrain
|-heal|p1a: Dondozo|97/100|[from] Grassy Terrain
|-heal|p1a: Dondozo|100/100|[from] item: Leftovers
|upkeep
|turn|8
|
|t:|1756445488
|cant|p2a: Volcarona|slp
|move|p1a: Dondozo|Fissure|p2a: Volcarona|[miss]
|-miss|p1a: Dondozo|p2a: Volcarona
|
|-heal|p2a: Volcarona|88/100 slp|[from] Grassy Terrain
|-sideend|p1: jagheter|move: Light Screen
|-fieldend|move: Grassy Terrain
|upkeep
|turn|9
|
|t:|1756445497
|-curestatus|p2a: Volcarona|slp|[msg]
|move|p2a: Volcarona|Protect|p2a: Volcarona
|-singleturn|p2a: Volcarona|Protect
|move|p1a: Dondozo|Yawn|p2a: Volcarona
|-activate|p2a: Volcarona|move: Protect
|
|upkeep
|turn|10
|
|t:|1756445507
|move|p2a: Volcarona|Tera Blast|p1a: Dondozo|[anim] Tera Blast Fairy
|-damage|p1a: Dondozo|69/100
|move|p1a: Dondozo|Yawn|p2a: Volcarona
|-start|p2a: Volcarona|move: Yawn|[of] p1a: Dondozo
|
|-heal|p1a: Dondozo|75/100|[from] item: Leftovers
|upkeep
|turn|11
|
|t:|1756445514
|move|p2a: Volcarona|Tera Blast|p1a: Dondozo|[anim] Tera Blast Fairy
|-damage|p1a: Dondozo|41/100
|move|p1a: Dondozo|Fissure|p2a: Volcarona|[miss]
|-miss|p1a: Dondozo|p2a: Volcarona
|
|-heal|p1a: Dondozo|47/100|[from] item: Leftovers
|-end|p2a: Volcarona|move: Yawn|[silent]
|-status|p2a: Volcarona|slp
|upkeep
|turn|12
|
|t:|1756445521
|cant|p2a: Volcarona|slp
|move|p1a: Dondozo|Fissure|p2a: Volcarona|[miss]
|-miss|p1a: Dondozo|p2a: Volcarona
|
|-heal|p1a: Dondozo|53/100|[from] item: Leftovers
|upkeep
|turn|13
|
|t:|1756445526
|cant|p2a: Volcarona|slp
|move|p1a: Dondozo|Fissure|p2a: Volcarona|[miss]
|-miss|p1a: Dondozo|p2a: Volcarona
|
|-heal|p1a: Dondozo|60/100|[from] item: Leftovers
|upkeep
|turn|14
|
|t:|1756445538
|cant|p2a: Volcarona|slp
|move|p1a: Dondozo|Yawn||[still]
|-fail|p1a: Dondozo
|
|-heal|p1a: Dondozo|66/100|[from] item: Leftovers
|upkeep
|turn|15
|
|t:|1756445548
|move|p1a: Dondozo|Protect|p1a: Dondozo
|-singleturn|p1a: Dondozo|Protect
|-curestatus|p2a: Volcarona|slp|[msg]
|move|p2a: Volcarona|Tera Blast|p1a: Dondozo|[anim] Tera Blast Fairy
|-activate|p1a: Dondozo|move: Protect
|
|-heal|p1a: Dondozo|72/100|[from] item: Leftovers
|upkeep
|turn|16
|
|t:|1756445553
|move|p2a: Volcarona|Tera Blast|p1a: Dondozo|[anim] Tera Blast Fairy
|-damage|p1a: Dondozo|38/100
|move|p1a: Dondozo|Yawn|p2a: Volcarona
|-start|p2a: Volcarona|move: Yawn|[of] p1a: Dondozo
|
|-heal|p1a: Dondozo|44/100|[from] item: Leftovers
|upkeep
|turn|17
|
|t:|1756445559
|move|p1a: Dondozo|Protect|p1a: Dondozo
|-singleturn|p1a: Dondozo|Protect
|move|p2a: Volcarona|Tera Blast|p1a: Dondozo|[anim] Tera Blast Fairy
|-activate|p1a: Dondozo|move: Protect
|
|-heal|p1a: Dondozo|50/100|[from] item: Leftovers
|-end|p2a: Volcarona|move: Yawn|[silent]
|-status|p2a: Volcarona|slp
|upkeep
|turn|18
|
|t:|1756445562
|cant|p2a: Volcarona|slp
|move|p1a: Dondozo|Fissure|p2a: Volcarona
|-damage|p2a: Volcarona|0 fnt
|faint|p2a: Volcarona
|-ohko
|
|win|jagheter
