|j|☆BaxcaliburFan#1
|j|☆RoninKuroga
|html|BaxcaliburFan#1RoninKuroga    
|uhtml|bestof|Game 1 of a best-of-3
|t:|1782236479
|gametype|doubles
|player|p1|BaxcaliburFan#1|acetrainer-gen4dp|
|player|p2|RoninKuroga|1|
|gen|9
|tier|[Gen 9 Champions] VGC 2026 Reg M-B (Bo3)
|rule|Species Clause: Limit one of each Pokémon
|rule|Item Clause: Limit 1 of each item
|clearpoke
|poke|p1|Sceptile, L50, F|
|poke|p1|Rotom-Heat, L50|
|poke|p1|Aerodactyl, L50, M|
|poke|p1|Garchomp, L50, F|
|poke|p1|Gholdengo, L50|
|poke|p1|Sneasler, L50, F|
|poke|p2|Whimsicott, L50, F|
|poke|p2|Staraptor, L50, M|
|poke|p2|Typhlosion-Hisui, L50, M|
|poke|p2|Gholdengo, L50|
|poke|p2|Garchomp, L50, F|
|poke|p2|Tsareena, L50, F|
|teampreview|4
|showteam|p1|Sceptile||Sceptilite|Overgrow|EnergyBall,DragonPulse,EarthPower,Protect|Timid||F|||50|]Rotom-Heat||ChoiceScarf|Levitate|Overheat,Discharge,Electroweb,VoltSwitch|Timid|||||50|]Aerodactyl||FocusSash|Unnerve|DualWingbeat,RockSlide,Tailwind,WideGuard|Jolly||M|||50|]Garchomp||LifeOrb|RoughSkin|Earthquake,DragonClaw,StompingTantrum,Protect|Jolly||F|||50|]Gholdengo||MetalCoat|GoodasGold|MakeItRain,ShadowBall,NastyPlot,Protect|Modest|||||50|]Sneasler||WhiteHerb|Unburden|CloseCombat,DireClaw,FakeOut,Protect|Jolly||F|||50|
|showteam|p2|Whimsicott||FocusSash|Prankster|Tailwind,Tickle,FakeTears,Moonblast|Timid||F|||50|]Staraptor||Staraptite|Intimidate|Protect,Roost,CloseCombat,BraveBird|Adamant||M|||50|]Typhlosion-Hisui||ChoiceScarf|Blaze|ShadowBall,BurnUp,Eruption,HeatWave|Modest||M|||50|]Gholdengo||LifeOrb|GoodasGold|Protect,ShadowBall,MakeItRain,PowerGem|Modest|||||50|]Garchomp||RoseliBerry|RoughSkin|DragonClaw,PoisonJab,StompingTantrum,RockSlide|Jolly||F|||50|]Tsareena||WideLens|QueenlyMajesty|Protect,TripleAxel,PowerWhip,KnockOff|Jolly||F|||50|
|
|t:|1782236623
|teamsize|p1|4
|teamsize|p2|4
|start
|switch|p1a: Rotom|Rotom-Heat, L50|100/100
|switch|p1b: Garchomp|Garchomp, L50, F|100/100
|switch|p2a: Whimsicott|Whimsicott, L50, F|100/100
|switch|p2b: Tsareena|Tsareena, L50, F|100/100
|turn|1
|
|t:|1782236667
|move|p1b: Garchomp|Protect|p1b: Garchomp
|-singleturn|p1b: Garchomp|Protect
|move|p2b: Tsareena|Protect|p2b: Tsareena
|-singleturn|p2b: Tsareena|Protect
|move|p2a: Whimsicott|Tailwind|p2a: Whimsicott
|-sidestart|p2: RoninKuroga|move: Tailwind
|move|p1a: Rotom|Overheat|p2b: Tsareena
|-activate|p2b: Tsareena|move: Protect
|
|upkeep
|turn|2
|
|t:|1782236757
|switch|p2b: Garchomp|Garchomp, L50, F|100/100
|move|p2a: Whimsicott|Moonblast|p1b: Garchomp
|-supereffective|p1b: Garchomp|1
|-damage|p1b: Garchomp|25/100
|move|p1a: Rotom|Overheat|p2b: Garchomp
|-resisted|p2b: Garchomp|1
|-damage|p2b: Garchomp|65/100
|-unboost|p1a: Rotom|spa|2
|move|p1b: Garchomp|Earthquake|p2a: Whimsicott|[spread] p2a,p2b
|-immune|p1a: Rotom|[from] ability: Levitate
|-resisted|p2a: Whimsicott|1
|-damage|p2a: Whimsicott|64/100
|-damage|p2b: Garchomp|16/100
|-damage|p1b: Garchomp|15/100|[from] item: Life Orb
|
|upkeep
|turn|3
|
|t:|1782236807
|switch|p1a: Aerodactyl|Aerodactyl, L50, M|100/100
|-ability|p1a: Aerodactyl|Unnerve
|move|p2a: Whimsicott|Moonblast|p1b: Garchomp
|-supereffective|p1b: Garchomp|1
|-damage|p1b: Garchomp|0 fnt
|faint|p1b: Garchomp
|move|p2b: Garchomp|Rock Slide|p1a: Aerodactyl|[miss]
|-miss|p2b: Garchomp|p1a: Aerodactyl
|
|upkeep
|
|t:|1782236839
|switch|p1b: Rotom|Rotom-Heat, L50|100/100
|turn|4
|
|t:|1782236861
|switch|p2a: Tsareena|Tsareena, L50, F|100/100
|move|p2b: Garchomp|Rock Slide|p1b: Rotom|[spread] p1a,p1b
|-supereffective|p1a: Aerodactyl|1
|-supereffective|p1b: Rotom|1
|-damage|p1a: Aerodactyl|31/100
|-damage|p1b: Rotom|50/100g
|move|p1b: Rotom|Overheat|p2a: Tsareena
|-supereffective|p2a: Tsareena|1
|-damage|p2a: Tsareena|0 fnt
|-unboost|p1b: Rotom|spa|2
|faint|p2a: Tsareena
|move|p1a: Aerodactyl|Dual Wingbeat|p2b: Garchomp
|-damage|p2b: Garchomp|0 fnt
|-damage|p1a: Aerodactyl|19/100|[from] ability: Rough Skin|[of] p2b: Garchomp
|faint|p2b: Garchomp
|-hitcount|p2: Garchomp|1
|
|-sideend|p2: RoninKuroga|move: Tailwind
|upkeep
|
|t:|1782236879
|switch|p2b: Typhlosion|Typhlosion-Hisui, L50, M|100/100
|switch|p2a: Whimsicott|Whimsicott, L50, F|64/100
|turn|5
|
|t:|1782236933
|move|p1a: Aerodactyl|Wide Guard|p1a: Aerodactyl
|-singleturn|p1a: Aerodactyl|Wide Guard
|move|p1b: Rotom|Overheat|p2a: Whimsicott
|-supereffective|p2a: Whimsicott|1
|-damage|p2a: Whimsicott|0 fnt
|-unboost|p1b: Rotom|spa|2
|faint|p2a: Whimsicott
|move|p2b: Typhlosion|Shadow Ball|p1b: Rotom
|-damage|p1b: Rotom|0 fnt
|faint|p1b: Rotom
|
|upkeep
|
|t:|1782236948
|switch|p1b: Sceptile|Sceptile, L50, F|100/100
|turn|6
|
|t:|1782236968
|detailschange|p1b: Sceptile|Sceptile-Mega, L50, F
|-mega|p1b: Sceptile|Sceptile|Sceptilite
|move|p2b: Typhlosion|Shadow Ball|p1b: Sceptile
|-damage|p1b: Sceptile|45/100
|move|p1b: Sceptile|Earth Power|p2b: Typhlosion
|-supereffective|p2b: Typhlosion|1
|-damage|p2b: Typhlosion|6/100
|move|p1a: Aerodactyl|Rock Slide|p2b: Typhlosion
|-supereffective|p2b: Typhlosion|1
|-damage|p2b: Typhlosion|0 fnt
|faint|p2b: Typhlosion
|
|win|BaxcaliburFan#1
|inactive|BaxcaliburFan#1 has 30 seconds to confirm battle start!
|inactive|RoninKuroga has 30 seconds to confirm battle start!
||BaxcaliburFan#1 is ready for game 2.
||RoninKuroga is ready for game 2.
|uhtml|next|Next: Game 2 of 3
