|j|☆ground tera
|j|☆vinicio499
|html|ground teravinicio499    
|uhtml|bestof|Game 2 of a best-of-3
|t:|1784380647
|gametype|doubles
|player|p1|ground tera|102|1221
|player|p2|vinicio499|miku-ghost|1107
|gen|9
|tier|[Gen 9 Champions] VGC 2026 Reg M-B (Bo3)
|rated|
|rule|Species Clause: Limit one of each Pokémon
|rule|Item Clause: Limit 1 of each item
|clearpoke
|poke|p1|Whimsicott, L50, F, shiny|
|poke|p1|Garchomp, L50, M|
|poke|p1|Basculegion, L50, M|
|poke|p1|Charizard, L50, F|
|poke|p1|Floette-Eternal, L50, F|
|poke|p1|Kingambit, L50, F|
|poke|p2|Farigiraf, L50, M, shiny|
|poke|p2|Chandelure, L50, F|
|poke|p2|Incineroar, L50, M|
|poke|p2|Sylveon, L50, F|
|poke|p2|Volcarona, L50, F|
|poke|p2|Crabominable, L50, F, shiny|
|teampreview|4
|showteam|p1|Whimsicott||FocusSash|Prankster|Protect,Tailwind,SunnyDay,Moonblast|Timid||F|||50|]Garchomp||LifeOrb|RoughSkin|Protect,RockSlide,Earthquake,DragonClaw|Jolly||M|||50|]Basculegion||MysticWater|Adaptability|Protect,WaveCrash,LastRespects,AquaJet|Adamant||M|||50|]Charizard||CharizarditeY|Blaze|Protect,HeatWave,WeatherBall,SolarBeam|Modest||F|||50|]Floette-Eternal||Floettite|FlowerVeil|Protect,LightofRuin,DazzlingGleam,Moonblast|Timid||F|||50|]Kingambit||ChopleBerry|Defiant|LowKick,SuckerPunch,KowtowCleave,IronHead|Adamant||F|||50|
|showteam|p2|Farigiraf||ColburBerry|ArmorTail|TrickRoom,Psychic,SunnyDay,Protect|Quiet||M|||50|]Chandelure||Chandelurite|FlashFire|HeatWave,ShadowBall,TrickRoom,Protect|Quiet||F|||50|]Incineroar||Charcoal|Intimidate|ThroatChop,FlareBlitz,FakeOut,PartingShot|Adamant||M|||50|]Sylveon||FairyFeather|Pixilate|HyperVoice,Moonblast,HyperBeam,Detect|Quiet||F|||50|]Volcarona||SitrusBerry|FlameBody|RagePowder,StruggleBug,FieryDance,Protect|Timid||F|||50|]Crabominable||Crabominite|HyperCutter|IceHammer,MachPunch,Protect,CloseCombat|Brave||F|||50|
|inactive|Battle timer is ON: inactive players will automatically lose when time's up. (requested by vinicio499)
|inactive|ground tera also wants the timer to be on.
|
|t:|1784380669
|teamsize|p1|4
|teamsize|p2|4
|start
|switch|p1a: Basculegion|Basculegion, L50, M|100/100
|switch|p1b: Kingambit|Kingambit, L50, F|100/100
|switch|p2a: Farigiraf|Farigiraf, L50, M, shiny|100/100
|switch|p2b: Volcarona|Volcarona, L50, F|100/100
|turn|1
|
|t:|1784380687
|move|p2b: Volcarona|Rage Powder|p2b: Volcarona
|-singleturn|p2b: Volcarona|move: Rage Powder
|move|p1a: Basculegion|Wave Crash|p2b: Volcarona
|-supereffective|p2b: Volcarona|1
|-damage|p2b: Volcarona|0 fnt
|faint|p2b: Volcarona
|-damage|p1a: Basculegion|68/100|[from] Recoil
|move|p1b: Kingambit|Kowtow Cleave|p2a: Farigiraf
|-supereffective|p2a: Farigiraf|1
|-enditem|p2a: Farigiraf|Colbur Berry|[eat]
|-enditem|p2a: Farigiraf|Colbur Berry|[weaken]
|-damage|p2a: Farigiraf|63/100
|move|p2a: Farigiraf|Trick Room|p2a: Farigiraf
|-fieldstart|move: Trick Room|[of] p2a: Farigiraf
|
|upkeep
|
|t:|1784380693
|switch|p2b: Pacheco|Crabominable, L50, F, shiny|100/100
|turn|2
|
|t:|1784380709
|detailschange|p2b: Pacheco|Crabominable-Mega, L50, F, shiny
|-mega|p2b: Pacheco|Crabominable|Crabominite
|move|p2b: Pacheco|Close Combat|p1b: Kingambit
|-supereffective|p1b: Kingambit|2
|-enditem|p1b: Kingambit|Chople Berry|[eat]
|-enditem|p1b: Kingambit|Chople Berry|[weaken]
|-damage|p1b: Kingambit|0 fnt
|-unboost|p2b: Pacheco|def|1
|-unboost|p2b: Pacheco|spd|1
|faint|p1b: Kingambit
|move|p2a: Farigiraf|Sunny Day|p2a: Farigiraf
|-weather|SunnyDay
|move|p1a: Basculegion|Wave Crash|p2b: Pacheco
|-damage|p2b: Pacheco|46/100
|-damage|p1a: Basculegion|49/100|[from] Recoil
|
|-weather|SunnyDay|[upkeep]
|upkeep
|
|t:|1784380726
|switch|p1b: Charizard|Charizard, L50, F|100/100
|turn|3
|
|t:|1784380733
|detailschange|p1b: Charizard|Charizard-Mega-Y, L50, F
|-mega|p1b: Charizard|Charizard|Charizardite Y
|move|p2b: Pacheco|Protect|p2b: Pacheco
|-singleturn|p2b: Pacheco|Protect
|move|p2a: Farigiraf|Psychic|p1a: Basculegion
|-damage|p1a: Basculegion|12/100
|move|p1a: Basculegion|Wave Crash|p2b: Pacheco
|-activate|p2b: Pacheco|move: Protect
|move|p1b: Charizard|Heat Wave|p2b: Pacheco|[spread] p2a
|-activate|p2b: Pacheco|move: Protect
|-damage|p2a: Farigiraf|6/100
|
|-weather|SunnyDay|[upkeep]
|upkeep
|turn|4
|
|t:|1784380755
|switch|p2b: Chandelure|Chandelure, L50, F|100/100
|switch|p1a: Garchomp|Garchomp, L50, M|100/100
|move|p1b: Charizard|Protect|p1b: Charizard
|-singleturn|p1b: Charizard|Protect
|move|p2a: Farigiraf|Psychic|p1a: Garchomp
|-crit|p1a: Garchomp
|-damage|p1a: Garchomp|40/100
|
|-weather|SunnyDay|[upkeep]
|upkeep
|turn|5
|inactive|vinicio499 has 30 seconds left.
|inactive|vinicio499 has 20 seconds left.
|
|t:|1784380793
|move|p1b: Charizard|Weather Ball|p2a: Farigiraf
|-damage|p2a: Farigiraf|0 fnt
|faint|p2a: Farigiraf
|move|p1a: Garchomp|Earthquake|p2b: Chandelure|[spread] p2b
|-immune|p1b: Charizard
|-supereffective|p2b: Chandelure|1
|-damage|p2b: Chandelure|1/100
|-damage|p1a: Garchomp|31/100|[from] item: Life Orb
|move|p2b: Chandelure|Trick Room|p2b: Chandelure
|-fieldend|move: Trick Room
|
|-weather|SunnyDay|[upkeep]
|upkeep
|-message|vinicio499 forfeited.
|
|win|ground tera
|raw|ground tera's rating: 1221 → 1238(+17 for winning)
|raw|vinicio499's rating: 1107 → 1090(-17 for losing)
|l|☆vinicio499
|player|p2|
|l|☆ground tera
|player|p1|
|j| Metazerora
|j| sithred8
|l| Metazerora
|n| sithred8|sithred8
