|j|☆Bphind722
|j|☆Fervvvvv
|html|Bphind722Fervvvvv    
|uhtml|bestof|Game 1 of a best-of-3
|t:|1783818249
|gametype|doubles
|player|p1|Bphind722|266|
|player|p2|Fervvvvv|bugcatcher-gen4dp|
|gen|9
|tier|[Gen 9 Champions] VGC 2026 Reg M-B (Bo3)
|rule|Species Clause: Limit one of each Pokémon
|rule|Item Clause: Limit 1 of each item
|clearpoke
|poke|p1|Rotom-Mow, L50|
|poke|p1|Tinkaton, L50, F|
|poke|p1|Charizard, L50, F|
|poke|p1|Milotic, L50, M|
|poke|p1|Glimmora, L50, M|
|poke|p1|Greninja, L50, F|
|poke|p2|Scrafty, L50, M|
|poke|p2|Meowstic-F, L50, F|
|poke|p2|Snorlax, L50, M|
|poke|p2|Slowbro, L50, M|
|poke|p2|Incineroar, L50, F|
|poke|p2|Sinistcha, L50|
|teampreview|4
|showteam|p1|Rotom-Mow||ChoiceScarf|Levitate|VoltSwitch,LeafStorm,Thunderbolt,ShadowBall|Modest|||||50|]Tinkaton||SitrusBerry|MoldBreaker|FakeOut,GigatonHammer,ThunderWave,Protect|Jolly||F|||50|]Charizard||CharizarditeY|Blaze|HeatWave,SolarBeam,AirSlash,Protect|Timid||F|||50|]Milotic||Leftovers|Competitive|Scald,IcyWind,Recover,Protect|Bold||M|||50|]Glimmora||ExpertBelt|ToxicDebris|PowerGem,EarthPower,SludgeBomb,Protect|Timid||M|||50|]Greninja||FocusSash|Protean|HydroPump,DarkPulse,IceBeam,Protect|Timid||F|||50|
|showteam|p2|Scrafty||Scraftinite|Intimidate|FakeOut,KnockOff,CloseCombat,Protect|Adamant||M|||50|]Meowstic-F||Meowsticite|Competitive|Psychic,Thunderbolt,LightScreen,Protect|Timid||F|||50|]Snorlax||LifeOrb|ThickFat|Earthquake,RockSlide,DoubleEdge,SeedBomb|Brave||M|||50|]Slowbro||ExpertBelt|Regenerator|Flamethrower,Scald,ShadowBall,Protect|Modest||M|||50|]Incineroar||Leftovers|Intimidate|FlareBlitz,PartingShot,FakeOut,Protect|Adamant||F|||50|]Sinistcha||SitrusBerry|Heatproof|TrickRoom,MatchaGotcha,RagePowder,Protect|Sassy|||||50|
|
|t:|1783818573
|teamsize|p1|4
|teamsize|p2|4
|start
|switch|p1a: Rotom|Rotom-Mow, L50|100/100
|switch|p1b: Tinkaton|Tinkaton, L50, F|100/100
|switch|p2a: Meowstic|Meowstic-F, L50, F|100/100
|switch|p2b: Sinistcha|Sinistcha, L50|100/100
|-ability|p1b: Tinkaton|Mold Breaker
|turn|1
|j| PJG4487
|c| PJG4487|Someone pls save the games to the sheet
|
|t:|1783818694
|detailschange|p2a: Meowstic|Meowstic-F-Mega, L50, F
|-mega|p2a: Meowstic|Meowstic|Meowsticite
|-ability|p2a: Meowstic|Levitate|Trace|[from] ability: Trace|[of] p1a: Rotom
|move|p1b: Tinkaton|Fake Out|p2a: Meowstic
|-damage|p2a: Meowstic|85/100
|move|p1a: Rotom|Volt Switch|p2a: Meowstic
|-damage|p2a: Meowstic|44/100
|
|t:|1783818707
|switch|p1a: Glimmora|Glimmora, L50, M|100/100|[from] Volt Switch
|cant|p2a: Meowstic|flinch
|move|p2b: Sinistcha|Trick Room|p2b: Sinistcha
|-fieldstart|move: Trick Room|[of] p2b: Sinistcha
|
|upkeep
|turn|2
|
|t:|1783818785
|switch|p2a: Snorlax|Snorlax, L50, M|100/100
|move|p2b: Sinistcha|Protect|p2b: Sinistcha
|-singleturn|p2b: Sinistcha|Protect
|move|p1a: Glimmora|Protect|p1a: Glimmora
|-singleturn|p1a: Glimmora|Protect
|move|p1b: Tinkaton|Gigaton Hammer|p2b: Sinistcha
|-activate|p2b: Sinistcha|move: Protect
|
|upkeep
|turn|3
|
|t:|1783818822
|switch|p1b: Rotom|Rotom-Mow, L50|100/100
|move|p2a: Snorlax|Earthquake|p1a: Glimmora|[spread] p2b,p1a
|-immune|p1b: Rotom|[from] ability: Levitate
|-resisted|p2b: Sinistcha|1
|-supereffective|p1a: Glimmora|2
|-damage|p2b: Sinistcha|87/100
|-damage|p1a: Glimmora|0 fnt
|-activate|p1a: Glimmora|ability: Toxic Debris
|-sidestart|p2: Fervvvvv|move: Toxic Spikes
|faint|p1a: Glimmora
|-damage|p2a: Snorlax|90/100|[from] item: Life Orb
|move|p2b: Sinistcha|Matcha Gotcha|p1b: Rotom
|-resisted|p1b: Rotom|1
|-damage|p1b: Rotom|77/100
|-heal|p2b: Sinistcha|95/100|[from] drain|[of] p1b: Rotom
|-status|p1b: Rotom|brn
|
|-damage|p1b: Rotom|72/100 brn|[from] brn
|upkeep
|
|t:|1783818852
|switch|p1a: Tinkaton|Tinkaton, L50, F|100/100
|-ability|p1a: Tinkaton|Mold Breaker
|turn|4
|
|t:|1783818923
|switch|p2a: Slowbro|Slowbro, L50, M|100/100
|-status|p2a: Slowbro|psn
|move|p2b: Sinistcha|Protect|p2b: Sinistcha
|-singleturn|p2b: Sinistcha|Protect
|move|p1a: Tinkaton|Fake Out|p2a: Slowbro
|-damage|p2a: Slowbro|92/100 psn
|move|p1b: Rotom|Shadow Ball|p2b: Sinistcha
|-activate|p2b: Sinistcha|move: Protect
|
|-damage|p2a: Slowbro|79/100 psn|[from] psn
|-damage|p1b: Rotom|66/100 brn|[from] brn
|upkeep
|turn|5
|
|t:|1783818969
|move|p2b: Sinistcha|Rage Powder|p2b: Sinistcha
|-singleturn|p2b: Sinistcha|move: Rage Powder
|move|p2a: Slowbro|Flamethrower|p1b: Rotom
|-supereffective|p1b: Rotom|1
|-damage|p1b: Rotom|0 fnt
|faint|p1b: Rotom
|move|p1a: Tinkaton|Gigaton Hammer|p2b: Sinistcha
|-damage|p2b: Sinistcha|50/100y
|-enditem|p2b: Sinistcha|Sitrus Berry|[eat]
|-heal|p2b: Sinistcha|74/100|[from] item: Sitrus Berry
|
|-damage|p2a: Slowbro|67/100 psn|[from] psn
|-fieldend|move: Trick Room
|upkeep
|
|t:|1783818982
|switch|p1b: Charizard|Charizard, L50, F|100/100
|turn|6
|
|t:|1783819086
|detailschange|p1b: Charizard|Charizard-Mega-Y, L50, F
|-mega|p1b: Charizard|Charizard|Charizardite Y
|-weather|SunnyDay|[from] ability: Drought|[of] p1b: Charizard
|move|p2a: Slowbro|Protect|p2a: Slowbro
|-singleturn|p2a: Slowbro|Protect
|move|p1b: Charizard|Air Slash|p2b: Sinistcha
|-supereffective|p2b: Sinistcha|1
|-damage|p2b: Sinistcha|0 fnt
|faint|p2b: Sinistcha
|move|p1a: Tinkaton|Thunder Wave|p2a: Slowbro
|-activate|p2a: Slowbro|move: Protect
|
|-weather|SunnyDay|[upkeep]
|-damage|p2a: Slowbro|54/100 psn|[from] psn
|upkeep
|
|t:|1783819146
|switch|p2b: Meowstic|Meowstic-F-Mega, L50, F|44/100
|-status|p2b: Meowstic|psn
|-ability|p2b: Meowstic|Mold Breaker|Trace|[from] ability: Trace|[of] p1a: Tinkaton
|-ability|p2b: Meowstic|Mold Breaker
|turn|7
|
|t:|1783819231
|-heal|p2a: Slowbro|88/100 psn|[from] ability: Regenerator|[silent]
|switch|p2a: Snorlax|Snorlax, L50, M|90/100
|-status|p2a: Snorlax|psn
|move|p2b: Meowstic|Light Screen|p2b: Meowstic
|-sidestart|p2: Fervvvvv|move: Light Screen
|move|p1b: Charizard|Solar Beam||[still]
|-prepare|p1b: Charizard|Solar Beam
|-anim|p1b: Charizard|Solar Beam|p2a: Snorlax
|-damage|p2a: Snorlax|69/100 psn
|move|p1a: Tinkaton|Gigaton Hammer|p2b: Meowstic
|-damage|p2b: Meowstic|0 fnt
|faint|p2b: Meowstic
|
|-weather|SunnyDay|[upkeep]
|-damage|p2a: Snorlax|57/100 psn|[from] psn
|upkeep
|
|t:|1783819245
|switch|p2b: Slowbro|Slowbro, L50, M|88/100 psn
|turn|8
|
|t:|1783819340
|move|p1b: Charizard|Protect|p1b: Charizard
|-singleturn|p1b: Charizard|Protect
|move|p1a: Tinkaton|Protect|p1a: Tinkaton
|-singleturn|p1a: Tinkaton|Protect
|move|p2b: Slowbro|Flamethrower|p1a: Tinkaton
|-activate|p1a: Tinkaton|move: Protect
|move|p2a: Snorlax|Rock Slide|p1b: Charizard|[spread] 
|-activate|p1a: Tinkaton|move: Protect
|-activate|p1b: Charizard|move: Protect
|
|-weather|SunnyDay|[upkeep]
|-damage|p2b: Slowbro|75/100 psn|[from] psn
|-damage|p2a: Snorlax|45/100 psn|[from] psn
|upkeep
|turn|9
|
|t:|1783819389
|move|p2b: Slowbro|Protect|p2b: Slowbro
|-singleturn|p2b: Slowbro|Protect
|move|p1b: Charizard|Solar Beam||[still]
|-prepare|p1b: Charizard|Solar Beam
|-anim|p1b: Charizard|Solar Beam|p2a: Snorlax
|-damage|p2a: Snorlax|20/100y psn
|move|p1a: Tinkaton|Gigaton Hammer|p2a: Snorlax
|-damage|p2a: Snorlax|0 fnt
|faint|p2a: Snorlax
|
|-weather|SunnyDay|[upkeep]
|-damage|p2b: Slowbro|63/100 psn|[from] psn
|upkeep
|turn|10
|l| PJG4487
|j| PJG4487
|
|t:|1783819477
|move|p1a: Tinkaton|Protect|p1a: Tinkaton
|-singleturn|p1a: Tinkaton|Protect
|move|p2b: Slowbro|Protect|p2b: Slowbro
|-singleturn|p2b: Slowbro|Protect
|move|p1b: Charizard|Solar Beam||[still]
|-prepare|p1b: Charizard|Solar Beam
|-anim|p1b: Charizard|Solar Beam|p2b: Slowbro
|-activate|p2b: Slowbro|move: Protect
|
|-weather|none
|-damage|p2b: Slowbro|50/100g psn|[from] psn
|upkeep
|turn|11
|
|t:|1783819517
|move|p1b: Charizard|Air Slash|p2b: Slowbro
|-damage|p2b: Slowbro|17/100 psn
|move|p1a: Tinkaton|Gigaton Hammer|p2b: Slowbro
|-resisted|p2b: Slowbro|1
|-damage|p2b: Slowbro|0 fnt
|faint|p2b: Slowbro
|
|win|Bphind722
|inactive|Bphind722 has 30 seconds to confirm battle start!
|inactive|Fervvvvv has 30 seconds to confirm battle start!
|inactive|Bphind722 has 20 seconds to confirm battle start!
|inactive|Fervvvvv has 20 seconds to confirm battle start!
