|j|☆stevie.bot
|j|☆Cristante terabug
|html|stevie.botCristante terabug    
|uhtml|bestof|Game 2 of a best-of-3
|t:|1756244261
|gametype|doubles
|player|p1|stevie.bot|liza|1199
|player|p2|Cristante terabug|kieran-champion|1146
|gen|9
|tier|[Gen 9] VGC 2025 Reg H (Bo3)
|rated|
|rule|Species Clause: Limit one of each Pokémon
|rule|Item Clause: Limit 1 of each item
|clearpoke
|poke|p1|Sneasler, L50, M|
|poke|p1|Dragapult, L50, M|
|poke|p1|Primarina, L50, M|
|poke|p1|Rillaboom, L50, M|
|poke|p1|Kingambit, L50, M|
|poke|p1|Magmar, L50, F|
|poke|p2|Kommo-o, L50, F|
|poke|p2|Gholdengo, L50|
|poke|p2|Sneasler, L50, F|
|poke|p2|Rillaboom, L50, F|
|poke|p2|Dondozo, L50, F|
|poke|p2|Electabuzz, L50, M|
|teampreview|4
|showteam|p1|Sneasler||FocusSash|PoisonTouch|CloseCombat,DireClaw,FakeOut,Protect|||M|||50|,,,,,Stellar]Dragapult||ChoiceBand|ClearBody|DragonDarts,TeraBlast,PhantomForce,Uturn|||M|||50|,,,,,Ghost]Primarina||SitrusBerry|LiquidVoice|HyperVoice,Moonblast,Haze,Protect|||M|||50|,,,,,Water]Rillaboom||AssaultVest|GrassySurge|WoodHammer,GrassyGlide,HighHorsepower,FakeOut|||M|||50|,,,,,Fire]Kingambit||BlackGlasses|Defiant|KowtowCleave,SuckerPunch,SwordsDance,Protect|||M|||50|,,,,,Ghost]Magmar||Eviolite|VitalSpirit|Overheat,WillOWisp,FollowMe,Protect|||F|||50|,,,,,Fairy
|showteam|p2|Kommo-o||ThroatSpray|Overcoat|ClangorousSoul,ClangingScales,Flamethrower,Protect|||F|||50|,,,,,Fire]Gholdengo||ChoiceSpecs|GoodasGold|MakeItRain,Thunderbolt,DazzlingGleam,ShadowBall||||||50|,,,,,Fairy]Sneasler||FocusSash|PoisonTouch|FakeOut,DireClaw,CloseCombat,Protect|||F|||50|,,,,,Stellar]Rillaboom||AssaultVest|GrassySurge|FakeOut,GrassyGlide,DrumBeating,HighHorsepower|||F|||50|,,,,,Fire]Dondozo||Leftovers|Unaware|WaveCrash,Fissure,Yawn,Protect|||F|||50|,,,,,Poison]Electabuzz||Eviolite|VitalSpirit|Electroweb,FollowMe,Taunt,Protect|||M|||50|,,,,,Ghost
|inactive|Battle timer is ON: inactive players will automatically lose when time's up. (requested by stevie.bot)
|inactive|Cristante terabug has 60 seconds left.
|
|t:|1756244304
|teamsize|p1|4
|teamsize|p2|4
|start
|switch|p1a: Dragapult|Dragapult, L50, M|100/100
|switch|p1b: Sneasler|Sneasler, L50, M|100/100
|switch|p2a: Sneasler|Sneasler, L50, F|100/100
|switch|p2b: Kommo-o|Kommo-o, L50, F|100/100
|turn|1
|inactive|stevie.bot has 30 seconds left.
|inactive|Cristante terabug has 30 seconds left.
|inactive|Cristante terabug has 20 seconds left.
|inactive|Cristante terabug has 15 seconds left.
|inactive|Cristante terabug has 10 seconds left.
|
|t:|1756244351
|-terastallize|p1a: Dragapult|Ghost
|move|p2a: Sneasler|Fake Out|p1b: Sneasler
|-damage|p1b: Sneasler|76/100
|cant|p1b: Sneasler|flinch
|move|p1a: Dragapult|Phantom Force||[still]
|-prepare|p1a: Dragapult|Phantom Force
|move|p2b: Kommo-o|Clangorous Soul|p2b: Kommo-o
|-boost|p2b: Kommo-o|atk|1
|-boost|p2b: Kommo-o|def|1
|-boost|p2b: Kommo-o|spa|1
|-boost|p2b: Kommo-o|spd|1
|-boost|p2b: Kommo-o|spe|1
|-damage|p2b: Kommo-o|68/100
|-enditem|p2b: Kommo-o|Throat Spray
|-boost|p2b: Kommo-o|spa|1|[from] item: Throat Spray
|
|upkeep
|turn|2
|
|t:|1756244375
|switch|p1b: Primarina|Primarina, L50, M|100/100
|move|p2b: Kommo-o|Clanging Scales|p1b: Primarina|[spread] 
|-miss|p2b: Kommo-o|p1a: Dragapult
|-immune|p1b: Primarina
|move|p1a: Dragapult|Phantom Force|p2b: Kommo-o|[from] lockedmove
|-damage|p2b: Kommo-o|18/100
|move|p2a: Sneasler|Dire Claw|p1a: Dragapult
|-resisted|p1a: Dragapult
|-damage|p1a: Dragapult|70/100
|
|upkeep
|turn|3
|
|t:|1756244395
|move|p2b: Kommo-o|Clanging Scales|p1a: Dragapult|[spread] p1a
|-immune|p1b: Primarina
|-damage|p1a: Dragapult|0 fnt
|faint|p1a: Dragapult
|-unboost|p2b: Kommo-o|def|1
|move|p2a: Sneasler|Dire Claw|p1b: Primarina
|-supereffective|p1b: Primarina
|-damage|p1b: Primarina|12/100
|-enditem|p1b: Primarina|Sitrus Berry|[eat]
|-heal|p1b: Primarina|37/100|[from] item: Sitrus Berry
|move|p1b: Primarina|Hyper Voice|p2a: Sneasler|[spread] p2a,p2b
|-resisted|p2b: Kommo-o
|-damage|p2a: Sneasler|52/100
|-damage|p2b: Kommo-o|7/100
|
|upkeep
|
|t:|1756244400
|switch|p1a: Sneasler|Sneasler, L50, M|76/100
|turn|4
|
|t:|1756244416
|move|p2a: Sneasler|Protect|p2a: Sneasler
|-singleturn|p2a: Sneasler|Protect
|move|p1a: Sneasler|Fake Out|p2a: Sneasler
|-activate|p2a: Sneasler|move: Protect
|move|p2b: Kommo-o|Clanging Scales|p1a: Sneasler|[spread] p1a
|-immune|p1b: Primarina
|-damage|p1a: Sneasler|0 fnt
|faint|p1a: Sneasler
|-unboost|p2b: Kommo-o|def|1
|move|p1b: Primarina|Hyper Voice|p2a: Sneasler|[spread] p2b
|-activate|p2a: Sneasler|move: Protect
|-resisted|p2b: Kommo-o
|-damage|p2b: Kommo-o|0 fnt
|faint|p2b: Kommo-o
|
|upkeep
|
|t:|1756244432
|switch|p1a: Kingambit|Kingambit, L50, M|100/100
|switch|p2b: Rillaboom|Rillaboom, L50, F|100/100
|-fieldstart|move: Grassy Terrain|[from] ability: Grassy Surge|[of] p2b: Rillaboom
|turn|5
|
|t:|1756244447
|move|p1b: Primarina|Protect|p1b: Primarina
|-singleturn|p1b: Primarina|Protect
|move|p2b: Rillaboom|Fake Out|p1b: Primarina
|-activate|p1b: Primarina|move: Protect
|move|p1a: Kingambit|Sucker Punch|p2a: Sneasler
|-resisted|p2a: Sneasler
|-damage|p2a: Sneasler|12/100
|move|p2a: Sneasler|Close Combat|p1a: Kingambit
|-supereffective|p1a: Kingambit
|-damage|p1a: Kingambit|0 fnt
|-unboost|p2a: Sneasler|def|1
|-unboost|p2a: Sneasler|spd|1
|faint|p1a: Kingambit
|
|-heal|p2a: Sneasler|18/100|[from] Grassy Terrain
|-heal|p1b: Primarina|43/100|[from] Grassy Terrain
|upkeep
|turn|6
|
|t:|1756244456
|move|p2a: Sneasler|Dire Claw|p1b: Primarina
|-supereffective|p1b: Primarina
|-damage|p1b: Primarina|0 fnt
|faint|p1b: Primarina
|
|win|Cristante terabug
|raw|stevie.bot's rating: 1199 → 1170(-29 for losing)
|raw|Cristante terabug's rating: 1146 → 1175(+29 for winning)
