|j|☆Hjmane
|j|☆User795680
|html|HjmaneUser795680    
|uhtml|bestof|Game 3 of a best-of-3
|t:|1782407854
|gametype|doubles
|player|p1|Hjmane|265|1098
|player|p2|User795680|266|1000
|gen|9
|tier|[Gen 9 Champions] VGC 2026 Reg M-B (Bo3)
|rated|
|rule|Species Clause: Limit one of each Pokémon
|rule|Item Clause: Limit 1 of each item
|clearpoke
|poke|p1|Staraptor, L50, F|
|poke|p1|Whimsicott, L50, F|
|poke|p1|Torkoal, L50, M|
|poke|p1|Venusaur, L50, M|
|poke|p1|Basculegion, L50, M|
|poke|p1|Pelipper, L50, M|
|poke|p2|Staraptor, L50, M|
|poke|p2|Whimsicott, L50, F|
|poke|p2|Grimmsnarl, L50, M|
|poke|p2|Kingambit, L50, M|
|poke|p2|Raichu, L50, M|
|poke|p2|Arcanine-Hisui, L50, M|
|teampreview|4
|showteam|p1|Staraptor||Staraptite|Intimidate|CloseCombat,BraveBird,Protect,QuickAttack|Jolly||F|||50|]Whimsicott||Leftovers|Prankster|Tailwind,Charm,CottonSpore,Moonblast|Bold||F|||50|]Torkoal||LifeOrb|Drought|Eruption,HeatWave,SolarBeam,Protect|Serious||M|||50|]Venusaur||ExpertBelt|Chlorophyll|EnergyBall,EarthPower,SludgeBomb,WeatherBall|Modest||M|||50|]Basculegion||MysticWater|SwiftSwim|WaveCrash,LastRespects,ZenHeadbutt,Protect|Adamant||M|||50|]Pelipper||FocusSash|Drizzle|Tailwind,Hurricane,WeatherBall,IcyWind|Bold||M|||50|
|showteam|p2|Staraptor||Staraptite|Intimidate|BraveBird,CloseCombat,Protect,Roost|Jolly||M|||50|]Whimsicott||CobaBerry|Prankster|DazzlingGleam,Charm,Tailwind,Protect|Modest||F|||50|]Grimmsnarl||RoseliBerry|Prankster|SpiritBreak,PartingShot,SuckerPunch,ScaryFace|Jolly||M|||50|]Kingambit||LifeOrb|Defiant|IronHead,KowtowCleave,SuckerPunch,SwordsDance|Adamant||M|||50|]Raichu||FocusSash|LightningRod|Protect,Thunderbolt,FakeOut,Charm|Timid||M|||50|]Arcanine-Hisui||PasshoBerry|Intimidate|ExtremeSpeed,FlareBlitz,HeadSmash,RockSlide|Jolly||M|||50|
|
|t:|1782407869
|teamsize|p1|4
|teamsize|p2|4
|start
|switch|p1a: Pelipper|Pelipper, L50, M|100/100
|switch|p1b: Basculegion|Basculegion, L50, M|100/100
|switch|p2a: Staraptor|Staraptor, L50, M|100/100
|switch|p2b: Raichu|Raichu, L50, M|100/100
|-ability|p2a: Staraptor|Intimidate|boost
|-unboost|p1a: Pelipper|atk|1
|-unboost|p1b: Basculegion|atk|1
|-weather|RainDance|[from] ability: Drizzle|[of] p1a: Pelipper
|turn|1
|
|t:|1782407914
|detailschange|p2a: Staraptor|Staraptor-Mega, L50, M
|-mega|p2a: Staraptor|Staraptor|Staraptite
|move|p2b: Raichu|Fake Out|p1a: Pelipper
|-damage|p1a: Pelipper|91/100
|move|p1b: Basculegion|Wave Crash|p2b: Raichu
|-enditem|p2b: Raichu|Focus Sash
|-damage|p2b: Raichu|1/100
|-damage|p1b: Basculegion|77/100|[from] Recoil
|move|p2a: Staraptor|Close Combat|p1a: Pelipper
|-resisted|p1a: Pelipper|1
|-damage|p1a: Pelipper|63/100
|-boost|p2a: Staraptor|def|1
|-boost|p2a: Staraptor|spd|1
|cant|p1a: Pelipper|flinch
|
|-weather|RainDance|[upkeep]
|upkeep
|turn|2
|
|t:|1782407957
|move|p1b: Basculegion|Wave Crash|p2a: Staraptor
|-damage|p2a: Staraptor|51/100
|-damage|p1b: Basculegion|63/100|[from] Recoil
|move|p2a: Staraptor|Brave Bird|p1b: Basculegion
|-damage|p1b: Basculegion|0 fnt
|faint|p1b: Basculegion
|-damage|p2a: Staraptor|27/100|[from] Recoil
|move|p2b: Raichu|Thunderbolt|p1a: Pelipper
|-supereffective|p1a: Pelipper|2
|-damage|p1a: Pelipper|0 fnt
|faint|p1a: Pelipper
|
|-weather|RainDance|[upkeep]
|upkeep
|
|t:|1782407968
|switch|p1b: Staraptor|Staraptor, L50, F|100/100
|switch|p1a: Whimsicott|Whimsicott, L50, F|100/100
|-ability|p1b: Staraptor|Intimidate|boost
|-boost|p2a: Staraptor|atk|1
|-unboost|p2b: Raichu|atk|1
|turn|3
|
|t:|1782407995
|detailschange|p1b: Staraptor|Staraptor-Mega, L50, F
|-mega|p1b: Staraptor|Staraptor|Staraptite
|move|p1b: Staraptor|Protect|p1b: Staraptor
|-singleturn|p1b: Staraptor|Protect
|move|p2a: Staraptor|Roost|p2a: Staraptor
|-heal|p2a: Staraptor|77/100
|-singleturn|p2a: Staraptor|move: Roost
|move|p2b: Raichu|Thunderbolt|p1b: Staraptor
|-activate|p1b: Staraptor|move: Protect
|move|p1a: Whimsicott|Moonblast|p2a: Staraptor
|-supereffective|p2a: Staraptor|1
|-damage|p2a: Staraptor|41/100
|-boost|p2a: Staraptor|spa|1
|
|-weather|RainDance|[upkeep]
|upkeep
|turn|4
|
|t:|1782408024
|move|p1b: Staraptor|Quick Attack|p2b: Raichu
|-damage|p2b: Raichu|0 fnt
|faint|p2b: Raichu
|move|p2a: Staraptor|Brave Bird|p1a: Whimsicott
|-supereffective|p1a: Whimsicott|1
|-damage|p1a: Whimsicott|0 fnt
|faint|p1a: Whimsicott
|-damage|p2a: Staraptor|9/100|[from] Recoil
|
|-weather|RainDance|[upkeep]
|upkeep
|
|t:|1782408038
|switch|p2b: Whimsicott|Whimsicott, L50, F|100/100
|turn|5
|
|t:|1782408063
|move|p2a: Staraptor|Protect|p2a: Staraptor
|-singleturn|p2a: Staraptor|Protect
|move|p1b: Staraptor|Brave Bird|p2b: Whimsicott
|-supereffective|p2b: Whimsicott|1
|-enditem|p2b: Whimsicott|Coba Berry|[eat]
|-enditem|p2b: Whimsicott|Coba Berry|[weaken]
|-damage|p2b: Whimsicott|6/100
|-damage|p1b: Staraptor|70/100|[from] Recoil
|move|p2b: Whimsicott|Dazzling Gleam|p1b: Staraptor
|-supereffective|p1b: Staraptor|1
|-damage|p1b: Staraptor|0 fnt
|faint|p1b: Staraptor
|
|win|User795680
|raw|Hjmane's rating: 1098 → 1067(-31 for losing)
|raw|User795680's rating: 1000 → 1051(+51 for winning)
|c|☆User795680|GG
|l|☆Hjmane
|player|p1|
