|j|☆spernerslemma
|j|☆Its Sushiii
|html|spernerslemmaIts Sushiii    
|uhtml|bestof|Game 2 of a best-of-3
|t:|1785270357
|gametype|doubles
|player|p1|spernerslemma|101|1367
|player|p2|Its Sushiii|102|1382
|gen|9
|tier|[Gen 9 Champions] VGC 2026 Reg M-B (Bo3)
|rated|
|rule|Species Clause: Limit one of each Pokémon
|rule|Item Clause: Limit 1 of each item
|clearpoke
|poke|p1|Swampert, L50, F|
|poke|p1|Grimmsnarl, L50, M|
|poke|p1|Archaludon, L50, F|
|poke|p1|Pelipper, L50, M|
|poke|p1|Venusaur, L50, F|
|poke|p1|Sylveon, L50, F|
|poke|p2|Excadrill, L50, M, shiny|
|poke|p2|Tyranitar, L50, M|
|poke|p2|Farigiraf, L50, F|
|poke|p2|Sylveon, L50, M|
|poke|p2|Charizard, L50, F|
|poke|p2|Hydreigon, L50, F|
|teampreview|4
|showteam|p1|Swampert||Swampertite|Torrent|WaveCrash,Protect,Earthquake,IcePunch|Adamant||F|||50|]Grimmsnarl||LightClay|Prankster|FoulPlay,Reflect,LightScreen,PartingShot|Calm||M|||50|]Archaludon||Leftovers|Stamina|ElectroShot,DragonPulse,FlashCannon,Protect|Modest||F|||50|]Pelipper||SitrusBerry|Drizzle|WeatherBall,Hurricane,Tailwind,Protect|Modest||M|||50|]Venusaur||Venusaurite|Chlorophyll|SludgeBomb,Protect,GigaDrain,EarthPower|Modest||F|||50|]Sylveon||FairyFeather|Pixilate|HyperVoice,HyperBeam,QuickAttack,Protect|Modest||F|||50|
|showteam|p2|Excadrill||FocusSash|SandRush|IronHead,HighHorsepower,RockSlide,Protect|Adamant||M|||50|]Tyranitar||Tyranitarite|SandStream|RockSlide,KnockOff,LowKick,Protect|Adamant||M|||50|]Farigiraf||SitrusBerry|ArmorTail|Psychic,Thunderbolt,TrickRoom,Protect|Relaxed||F|||50|]Sylveon||LifeOrb|Pixilate|HyperVoice,HyperBeam,QuickAttack,Detect|Modest||M|||50|]Charizard||CharizarditeY|Blaze|HeatWave,SolarBeam,WeatherBall,Protect|Modest||F|||50|]Hydreigon||ChoiceScarf|Levitate|DarkPulse,DracoMeteor,EarthPower,Snarl|Modest||F|||50|
|inactive|Battle timer is ON: inactive players will automatically lose when time's up. (requested by Its Sushiii)
|inactive|spernerslemma has 60 seconds left.
|
|t:|1785270396
|teamsize|p1|4
|teamsize|p2|4
|start
|switch|p1a: Venusaur|Venusaur, L50, F|100/100
|switch|p1b: Grimmsnarl|Grimmsnarl, L50, M|100/100
|switch|p2a: Farigiraf|Farigiraf, L50, F|100/100
|switch|p2b: Sylveon|Sylveon, L50, M|100/100
|turn|1
|inactive|Its Sushiii has 30 seconds left.
|
|t:|1785270427
|switch|p2b: Charizard|Charizard, L50, F|100/100
|move|p1b: Grimmsnarl|Light Screen|p1b: Grimmsnarl
|-sidestart|p1: spernerslemma|move: Light Screen
|move|p1a: Venusaur|Sludge Bomb|p2a: Farigiraf
|-damage|p2a: Farigiraf|63/100
|move|p2a: Farigiraf|Trick Room|p2a: Farigiraf
|-fieldstart|move: Trick Room|[of] p2a: Farigiraf
|
|upkeep
|turn|2
|inactive|spernerslemma has 30 seconds left.
|inactive|spernerslemma has 20 seconds left.
|
|t:|1785270463
|detailschange|p2b: Charizard|Charizard-Mega-Y, L50, F
|-mega|p2b: Charizard|Charizard|Charizardite Y
|-weather|SunnyDay|[from] ability: Drought|[of] p2b: Charizard
|move|p1a: Venusaur|Protect|p1a: Venusaur
|-singleturn|p1a: Venusaur|Protect
|move|p2a: Farigiraf|Psychic|p1a: Venusaur
|-activate|p1a: Venusaur|move: Protect
|move|p1b: Grimmsnarl|Foul Play|p2a: Farigiraf
|-supereffective|p2a: Farigiraf|1
|-damage|p2a: Farigiraf|16/100
|-enditem|p2a: Farigiraf|Sitrus Berry|[eat]
|-heal|p2a: Farigiraf|41/100|[from] item: Sitrus Berry
|move|p2b: Charizard|Heat Wave|p1b: Grimmsnarl|[spread] p1b
|-activate|p1a: Venusaur|move: Protect
|-damage|p1b: Grimmsnarl|61/100
|
|-weather|SunnyDay|[upkeep]
|upkeep
|turn|3
|inactive|spernerslemma has 30 seconds left.
|inactive|Its Sushiii has 30 seconds left.
|inactive|spernerslemma has 20 seconds left.
|inactive|Its Sushiii has 20 seconds left.
|inactive|spernerslemma has 15 seconds left.
|inactive|Its Sushiii has 15 seconds left.
|
|t:|1785270508
|switch|p1b: Pelipper|Pelipper, L50, M|100/100
|-weather|RainDance|[from] ability: Drizzle|[of] p1b: Pelipper
|switch|p2b: Tyranitar|Tyranitar, L50, M|100/100
|-weather|Sandstorm|[from] ability: Sand Stream|[of] p2b: Tyranitar
|detailschange|p1a: Venusaur|Venusaur-Mega, L50, F
|-mega|p1a: Venusaur|Venusaur|Venusaurite
|move|p2a: Farigiraf|Thunderbolt|p1b: Pelipper
|-supereffective|p1b: Pelipper|2
|-damage|p1b: Pelipper|25/100
|-enditem|p1b: Pelipper|Sitrus Berry|[eat]
|-heal|p1b: Pelipper|50/100g|[from] item: Sitrus Berry
|move|p1a: Venusaur|Sludge Bomb|p2b: Tyranitar
|-resisted|p2b: Tyranitar|1
|-damage|p2b: Tyranitar|87/100
|
|-weather|Sandstorm|[upkeep]
|-damage|p2a: Farigiraf|35/100|[from] Sandstorm
|-damage|p1b: Pelipper|44/100|[from] Sandstorm
|-damage|p1a: Venusaur|94/100|[from] Sandstorm
|upkeep
|turn|4
|inactive|spernerslemma has 30 seconds left.
|inactive|Its Sushiii has 30 seconds left.
|inactive|spernerslemma has 20 seconds left.
|
|t:|1785270547
|switch|p2b: Charizard|Charizard-Mega-Y, L50, F|100/100
|-weather|SunnyDay|[from] ability: Drought|[of] p2b: Charizard
|switch|p1b: Swampert|Swampert, L50, F|100/100
|move|p2a: Farigiraf|Psychic|p1a: Venusaur
|-supereffective|p1a: Venusaur|1
|-damage|p1a: Venusaur|57/100
|move|p1a: Venusaur|Giga Drain|p2b: Charizard
|-resisted|p2b: Charizard|2
|-damage|p2b: Charizard|91/100
|-heal|p1a: Venusaur|61/100|[from] drain|[of] p2b: Charizard
|
|-weather|SunnyDay|[upkeep]
|upkeep
|turn|5
|inactive|spernerslemma has 30 seconds left.
|inactive|Its Sushiii has 30 seconds left.
|inactive|Its Sushiii has 20 seconds left.
|inactive|Its Sushiii has 15 seconds left.
|inactive|Its Sushiii has 10 seconds left.
|inactive|Its Sushiii has 5 seconds left.
|
|t:|1785270600
|switch|p2b: Sylveon|Sylveon, L50, M|100/100
|move|p1a: Venusaur|Protect|p1a: Venusaur
|-singleturn|p1a: Venusaur|Protect
|move|p2a: Farigiraf|Psychic|p1a: Venusaur
|-activate|p1a: Venusaur|move: Protect
|move|p1b: Swampert|Earthquake|p2a: Farigiraf|[spread] p2a,p2b
|-activate|p1a: Venusaur|move: Protect
|-damage|p2a: Farigiraf|5/100
|-damage|p2b: Sylveon|55/100
|
|-weather|SunnyDay|[upkeep]
|-fieldend|move: Trick Room
|upkeep
|turn|6
|inactive|Its Sushiii has 30 seconds left.
|inactive|Its Sushiii has 20 seconds left.
|inactive|Its Sushiii has 15 seconds left.
|
|t:|1785270642
|switch|p2b: Tyranitar|Tyranitar, L50, M|87/100
|-weather|Sandstorm|[from] ability: Sand Stream|[of] p2b: Tyranitar
|switch|p2a: Charizard|Charizard-Mega-Y, L50, F|91/100
|-weather|SunnyDay|[from] ability: Drought|[of] p2a: Charizard
|move|p1a: Venusaur|Sludge Bomb|p2b: Tyranitar
|-resisted|p2b: Tyranitar|1
|-damage|p2b: Tyranitar|68/100
|move|p1b: Swampert|Wave Crash|p2a: Charizard
|-supereffective|p2a: Charizard|1
|-damage|p2a: Charizard|27/100
|-damage|p1b: Swampert|78/100|[from] Recoil
|
|-weather|SunnyDay|[upkeep]
|upkeep
|turn|7
|
|t:|1785270666
|switch|p1b: Pelipper|Pelipper, L50, M|44/100
|-weather|RainDance|[from] ability: Drizzle|[of] p1b: Pelipper
|move|p2a: Charizard|Protect|p2a: Charizard
|-singleturn|p2a: Charizard|Protect
|move|p1a: Venusaur|Giga Drain|p2b: Tyranitar
|-supereffective|p2b: Tyranitar|1
|-damage|p2b: Tyranitar|6/100
|-heal|p1a: Venusaur|96/100|[from] drain|[of] p2b: Tyranitar
|move|p2b: Tyranitar|Knock Off|p1a: Venusaur
|-damage|p1a: Venusaur|63/100
|
|-weather|RainDance|[upkeep]
|upkeep
|turn|8
|-message|Its Sushiii forfeited.
|
|win|spernerslemma
|raw|spernerslemma's rating: 1367 → 1388(+21 for winning)
|raw|Its Sushiii's rating: 1382 → 1361(-21 for losing)
|l|☆spernerslemma
|player|p1|
|l|☆Its Sushiii
|player|p2|
|j| soulmoonvgc
