|j|☆raucho
|j|☆sam smithy
|html|rauchosam smithy    
|uhtml|bestof|Game 2 of a best-of-3
|t:|1757735447
|gametype|doubles
|player|p1|raucho|n|1224
|player|p2|sam smithy|silver|1266
|gen|9
|tier|[Gen 9] VGC 2025 Reg H (Bo3)
|rated|
|rule|Species Clause: Limit one of each Pokémon
|rule|Item Clause: Limit 1 of each item
|clearpoke
|poke|p1|Gholdengo, L50|
|poke|p1|Whimsicott, L50, M|
|poke|p1|Indeedee, L50, M|
|poke|p1|Sneasler, L50, M|
|poke|p1|Electabuzz, L50, F|
|poke|p1|Ursaluna-Bloodmoon, L50, M|
|poke|p2|Charizard, L50, M|
|poke|p2|Murkrow, L50, M|
|poke|p2|Torkoal, L50, M|
|poke|p2|Rillaboom, L50, M|
|poke|p2|Sneasler, L50, M|
|poke|p2|Ursaluna-Bloodmoon, L50, M|
|teampreview|4
|showteam|p1|Gholdengo||IronPlate|GoodasGold|MakeItRain,ShadowBall,NastyPlot,Protect||||||50|,,,,,Dragon]Whimsicott||CovertCloak|Prankster|Moonblast,Tailwind,LightScreen,Encore|||M|||50|,,,,,Rock]Indeedee||FocusSash|PsychicSurge|ExpandingForce,Imprison,TrickRoom,Protect|||M|||50|,,,,,Psychic]Sneasler||PsychicSeed|Unburden|ThroatChop,CloseCombat,DireClaw,Protect|||M|||50|,,,,,Dark]Electabuzz||Eviolite|VitalSpirit|Electroweb,Taunt,FollowMe,Protect|||F|||50|,,,,,Dragon]Ursaluna-Bloodmoon||LifeOrb|MindsEye|HyperVoice,BloodMoon,EarthPower,Protect|||M|||50|,,,,,Normal
|showteam|p2|Charizard||ChoiceSpecs|SolarPower|HeatWave,DragonPulse,ScorchingSands,Overheat|||M|||50|,,,,,Fire]Murkrow||Eviolite|Prankster|FoulPlay,SunnyDay,Haze,Tailwind|||M|||50|,,,,,Ghost]Torkoal||EjectPack|Drought|Eruption,Overheat,HelpingHand,Protect|||M|||50|,,,,,Fire]Rillaboom||MiracleSeed|GrassySurge|WoodHammer,GrassyGlide,FakeOut,HighHorsepower|||M|||50|,,,,,Grass]Sneasler||GrassySeed|Unburden|Acrobatics,DireClaw,CloseCombat,Protect|||M|||50|,,,,,Flying]Ursaluna-Bloodmoon||LifeOrb|MindsEye|BloodMoon,Protect,HyperVoice,EarthPower|||M|||50|,,,,,Normal
|inactive|Battle timer is ON: inactive players will automatically lose when time's up. (requested by raucho)
|inactive|raucho has 60 seconds left.
|inactive|sam smithy has 60 seconds left.
|
|t:|1757735507
|teamsize|p1|4
|teamsize|p2|4
|start
|switch|p1a: Whimsicott|Whimsicott, L50, M, shiny|100/100
|switch|p1b: Electabuzz|Electabuzz, L50, F, shiny|100/100
|switch|p2a: John Cena|Sneasler, L50, M, shiny|100/100
|switch|p2b: Jerry Rivera|Rillaboom, L50, M, shiny|100/100
|-fieldstart|move: Grassy Terrain|[from] ability: Grassy Surge|[of] p2b: Jerry Rivera
|-enditem|p2a: John Cena|Grassy Seed
|-boost|p2a: John Cena|def|1|[from] item: Grassy Seed
|turn|1
|inactive|sam smithy has 30 seconds left.
|
|t:|1757735533
|-terastallize|p2b: Jerry Rivera|Grass
|move|p1a: Whimsicott|Tailwind|p1a: Whimsicott
|-sidestart|p1: raucho|move: Tailwind
|move|p2a: John Cena|Dire Claw|p1a: Whimsicott
|-supereffective|p1a: Whimsicott
|-damage|p1a: Whimsicott|0 fnt
|faint|p1a: Whimsicott
|move|p1b: Electabuzz|Electroweb|p2b: Jerry Rivera|[spread] p2a,p2b
|-resisted|p2b: Jerry Rivera
|-damage|p2a: John Cena|81/100
|-damage|p2b: Jerry Rivera|93/100
|-unboost|p2a: John Cena|spe|1
|-unboost|p2b: Jerry Rivera|spe|1
|move|p2b: Jerry Rivera|Wood Hammer|p1b: Electabuzz
|-damage|p1b: Electabuzz|0 fnt
|faint|p1b: Electabuzz
|-damage|p2b: Jerry Rivera|67/100|[from] Recoil
|
|-heal|p2a: John Cena|87/100|[from] Grassy Terrain
|-heal|p2b: Jerry Rivera|73/100|[from] Grassy Terrain
|upkeep
|
|t:|1757735551
|switch|p1b: Sneasler|Sneasler, L50, M, shiny|100/100
|switch|p1a: Indeedee|Indeedee, L50, M, shiny|100/100
|-fieldstart|move: Psychic Terrain|[from] ability: Psychic Surge|[of] p1a: Indeedee
|-enditem|p1b: Sneasler|Psychic Seed
|-boost|p1b: Sneasler|spd|1|[from] item: Psychic Seed
|turn|2
|
|t:|1757735566
|switch|p2a: AC/DC|Murkrow, L50, M|100/100
|move|p1b: Sneasler|Dire Claw|p2b: Jerry Rivera
|-supereffective|p2b: Jerry Rivera
|-damage|p2b: Jerry Rivera|0 fnt
|faint|p2b: Jerry Rivera
|move|p1a: Indeedee|Expanding Force|p2a: AC/DC
|-immune|p2a: AC/DC
|
|upkeep
|
|t:|1757735584
|switch|p2b: John Cena|Sneasler, L50, M, shiny|87/100
|turn|3
|inactive|raucho has 30 seconds left.
|
|t:|1757735609
|-terastallize|p1b: Sneasler|Dark
|move|p1b: Sneasler|Dire Claw|p2a: AC/DC
|-crit|p2a: AC/DC
|-damage|p2a: AC/DC|20/100
|move|p1a: Indeedee|Expanding Force|p2a: AC/DC|[spread] p2b
|-immune|p2a: AC/DC
|-supereffective|p2b: John Cena
|-damage|p2b: John Cena|0 fnt
|faint|p2b: John Cena
|move|p2a: AC/DC|Foul Play|p1a: Indeedee
|-supereffective|p1a: Indeedee
|-damage|p1a: Indeedee|23/100
|
|upkeep
|
|t:|1757735622
|switch|p2b: TED|Ursaluna-Bloodmoon, L50, M|100/100
|turn|4
|
|t:|1757735638
|move|p2b: TED|Protect|p2b: TED
|-singleturn|p2b: TED|Protect
|move|p2a: AC/DC|Tailwind|p2a: AC/DC
|-sidestart|p2: sam smithy|move: Tailwind
|move|p1b: Sneasler|Dire Claw|p2a: AC/DC
|-damage|p2a: AC/DC|0 fnt
|faint|p2a: AC/DC
|move|p1a: Indeedee|Expanding Force|p2b: TED
|-activate|p2b: TED|move: Protect
|
|-sideend|p1: raucho|move: Tailwind
|upkeep
|turn|5
|
|t:|1757735651
|move|p1b: Sneasler|Close Combat|p2b: TED
|-supereffective|p2b: TED
|-damage|p2b: TED|0 fnt
|-unboost|p1b: Sneasler|def|1
|-unboost|p1b: Sneasler|spd|1
|faint|p2b: TED
|
|win|raucho
