|j|☆sorecruiser
|j|☆Lukato47
|html|sorecruiserLukato47    
|uhtml|bestof|Game 1 of a best-of-3
|t:|1757638166
|gametype|doubles
|player|p1|sorecruiser|furisodegirl-black|1151
|player|p2|Lukato47|dancer|1000
|gen|9
|tier|[Gen 9] VGC 2025 Reg H (Bo3)
|rated|
|rule|Species Clause: Limit one of each Pokémon
|rule|Item Clause: Limit 1 of each item
|clearpoke
|poke|p1|Gholdengo, L50|
|poke|p1|Whimsicott, L50, F|
|poke|p1|Sneasler, L50, M|
|poke|p1|Rillaboom, L50, M|
|poke|p1|Hydreigon, L50, F|
|poke|p1|Magmar, L50, M|
|poke|p2|Ursaluna-Bloodmoon, L50, M|
|poke|p2|Gholdengo, L50|
|poke|p2|Dragonite, L50, M|
|poke|p2|Sneasler, L50, M|
|poke|p2|Incineroar, L50, F|
|poke|p2|Amoonguss, L50, M|
|teampreview|4
|showteam|p1|Gholdengo||MetalCoat|GoodasGold|MakeItRain,ShadowBall,NastyPlot,Protect||||||50|,,,,,Water]Whimsicott||CovertCloak|Prankster|Tailwind,Encore,SunnyDay,Moonblast|||F|||50|,,,,,Dark]Sneasler||WhiteHerb|Unburden|DireClaw,CloseCombat,ThroatChop,Protect|||M|||50|,,,,,Dark]Rillaboom||AssaultVest|GrassySurge|GrassyGlide,WoodHammer,HighHorsepower,FakeOut|||M|||50|,,,,,Fire]Hydreigon||ChoiceSpecs|Levitate|DarkPulse,DracoMeteor,Snarl,HeatWave|||F|||50|,,,,,Fairy]Magmar||Eviolite|VitalSpirit|FollowMe,HeatWave,Taunt,Protect|||M|||50|,,,,,Ghost
|showteam|p2|Ursaluna-Bloodmoon||AssaultVest|MindsEye|BloodMoon,EarthPower,VacuumWave,HyperVoice|||M|||50|,,,,,Water]Gholdengo||LifeOrb|GoodasGold|Protect,MakeItRain,ShadowBall,NastyPlot||||||50|,,,,,Water]Dragonite||LoadedDice|Multiscale|ScaleShot,Tailwind,Haze,Protect|||M|||50|,,,,,Fairy]Sneasler||FocusSash|Unburden|Protect,DireClaw,CloseCombat,ThroatChop|||M|||50|,,,,,Stellar]Incineroar||SafetyGoggles|Intimidate|KnockOff,PartingShot,FlareBlitz,FakeOut|||F|||50|,,,,,Ghost]Amoonguss||SitrusBerry|Regenerator|RagePowder,Spore,PollenPuff,Protect|||M|||50|,,,,,Psychic
|c|☆sorecruiser|glhf
|c|☆Lukato47|???
|c|☆sorecruiser|glhf = good luck have fun
|c|☆Lukato47|ata
|c|☆sorecruiser|friendly way to start a game
|c|☆Lukato47|to ligado
|inactive|Battle timer is ON: inactive players will automatically lose when time's up. (requested by Lukato47)
|
|t:|1757638315
|teamsize|p1|4
|teamsize|p2|4
|start
|switch|p1a: Rillaboom|Rillaboom, L50, M|100/100
|switch|p1b: Gholdengo|Gholdengo, L50|100/100
|switch|p2a: Ursaluna|Ursaluna-Bloodmoon, L50, M|100/100
|switch|p2b: Incineroar|Incineroar, L50, F|100/100
|-fieldstart|move: Grassy Terrain|[from] ability: Grassy Surge|[of] p1a: Rillaboom
|-ability|p2b: Incineroar|Intimidate|boost
|-unboost|p1a: Rillaboom|atk|1
|-unboost|p1b: Gholdengo|atk|1
|turn|1
|inactive|Lukato47 has 30 seconds left.
|inactive|Lukato47 has 20 seconds left.
|
|t:|1757638353
|-terastallize|p1b: Gholdengo|Water
|move|p1a: Rillaboom|Fake Out|p2b: Incineroar
|-damage|p2b: Incineroar|91/100
|cant|p2b: Incineroar|flinch
|move|p1b: Gholdengo|Nasty Plot|p1b: Gholdengo
|-boost|p1b: Gholdengo|spa|2
|move|p2a: Ursaluna|Hyper Voice|p1b: Gholdengo|[spread] p1a,p1b
|-damage|p1a: Rillaboom|77/100
|-damage|p1b: Gholdengo|62/100
|
|-heal|p1b: Gholdengo|68/100|[from] Grassy Terrain
|-heal|p1a: Rillaboom|83/100|[from] Grassy Terrain
|-heal|p2b: Incineroar|97/100|[from] Grassy Terrain
|upkeep
|turn|2
|inactive|Lukato47 has 30 seconds left.
|inactive|Lukato47 has 20 seconds left.
|inactive|Lukato47 has 15 seconds left.
|inactive|Lukato47 has 10 seconds left.
|
|t:|1757638400
|move|p1b: Gholdengo|Make It Rain|p2b: Incineroar|[spread] p2a,p2b
|-resisted|p2b: Incineroar
|-damage|p2a: Ursaluna|29/100
|-damage|p2b: Incineroar|47/100
|-unboost|p1b: Gholdengo|spa|1
|move|p1a: Rillaboom|Wood Hammer|p2a: Ursaluna
|-supereffective|p2a: Ursaluna
|-damage|p2a: Ursaluna|0 fnt
|faint|p2a: Ursaluna
|-damage|p1a: Rillaboom|73/100|[from] Recoil
|move|p2b: Incineroar|Parting Shot|p1b: Gholdengo
|-immune|p1b: Gholdengo|[from] ability: Good as Gold
|
|-heal|p1b: Gholdengo|74/100|[from] Grassy Terrain
|-heal|p1a: Rillaboom|79/100|[from] Grassy Terrain
|-heal|p2b: Incineroar|53/100|[from] Grassy Terrain
|upkeep
|c|☆sorecruiser|huehuehuehuehuehuehuehue
|inactive|Lukato47 has 30 seconds left.
|
|t:|1757638427
|switch|p2a: Sneasler|Sneasler, L50, M|100/100
|turn|3
|
|t:|1757638449
|switch|p2b: Dragonite|Dragonite, L50, M|100/100
|move|p1a: Rillaboom|Grassy Glide|p2a: Sneasler
|-resisted|p2a: Sneasler
|-damage|p2a: Sneasler|82/100
|move|p2a: Sneasler|Close Combat|p1b: Gholdengo
|-damage|p1b: Gholdengo|9/100
|-unboost|p2a: Sneasler|def|1
|-unboost|p2a: Sneasler|spd|1
|move|p1b: Gholdengo|Make It Rain|p2a: Sneasler|[spread] p2a,p2b
|-damage|p2a: Sneasler|0 fnt
|-damage|p2b: Dragonite|63/100
|-unboost|p1b: Gholdengo|spa|1
|faint|p2a: Sneasler
|
|-heal|p1b: Gholdengo|15/100|[from] Grassy Terrain
|-heal|p1a: Rillaboom|85/100|[from] Grassy Terrain
|upkeep
|
|t:|1757638465
|switch|p2a: Incineroar|Incineroar, L50, F|53/100
|-ability|p2a: Incineroar|Intimidate|boost
|-unboost|p1a: Rillaboom|atk|1
|-unboost|p1b: Gholdengo|atk|1
|turn|4
|inactive|sorecruiser has 30 seconds left.
|
|t:|1757638491
|switch|p1a: Hydreigon|Hydreigon, L50, F|100/100
|move|p2a: Incineroar|Fake Out|p1b: Gholdengo
|-damage|p1b: Gholdengo|3/100
|cant|p1b: Gholdengo|flinch
|move|p2b: Dragonite|Scale Shot|p1b: Gholdengo
|-damage|p1b: Gholdengo|0 fnt
|faint|p1b: Gholdengo
|-hitcount|p1: Gholdengo|1
|-unboost|p2b: Dragonite|def|1
|-boost|p2b: Dragonite|spe|1
|
|-heal|p2a: Incineroar|59/100|[from] Grassy Terrain
|upkeep
|
|t:|1757638500
|switch|p1b: Rillaboom|Rillaboom, L50, M|85/100
|turn|5
|inactive|Lukato47 has 30 seconds left.
|inactive|Lukato47 has 20 seconds left.
|inactive|Lukato47 has 15 seconds left.
|
|t:|1757638542
|-terastallize|p2a: Incineroar|Ghost
|move|p1b: Rillaboom|Fake Out|p2b: Dragonite
|-damage|p2b: Dragonite|39/100
|cant|p2b: Dragonite|flinch
|move|p1a: Hydreigon|Draco Meteor|p2a: Incineroar
|-damage|p2a: Incineroar|0 fnt
|-unboost|p1a: Hydreigon|spa|2
|faint|p2a: Incineroar
|
|-heal|p1b: Rillaboom|91/100|[from] Grassy Terrain
|-fieldend|move: Grassy Terrain
|upkeep
|turn|6
|-message|Lukato47 forfeited.
|
|win|sorecruiser
|l|☆Lukato47
|player|p2|
||Lukato47 is ready for game 2.
