|j|☆Ssamuuelll
|j|☆Adriatic Tides
|html|SsamuuelllAdriatic Tides    
|uhtml|bestof|Game 2 of a best-of-3
|t:|1784767709
|gametype|doubles
|player|p1|Ssamuuelll|265|1233
|player|p2|Adriatic Tides|leon|1193
|gen|9
|tier|[Gen 9 Champions] VGC 2026 Reg M-B (Bo3)
|rated|
|rule|Species Clause: Limit one of each Pokémon
|rule|Item Clause: Limit 1 of each item
|clearpoke
|poke|p1|Chandelure, L50, M, shiny|
|poke|p1|Kangaskhan, L50, F|
|poke|p1|Kingambit, L50, F|
|poke|p1|Kommo-o, L50, F|
|poke|p1|Gallade, L50, M|
|poke|p1|Basculegion, L50, M|
|poke|p2|Tyranitar, L50, F|
|poke|p2|Excadrill, L50, F|
|poke|p2|Delphox, L50, M|
|poke|p2|Sinistcha, L50|
|poke|p2|Rotom-Wash, L50|
|poke|p2|Incineroar, L50, F|
|teampreview|4
|showteam|p1|Chandelure||FocusSash|FlashFire|TrickRoom,HeatWave,ShadowBall,Protect|Quiet||M|||50|]Kangaskhan||Kangaskhanite|Scrappy|FakeOut,DoubleEdge,SuckerPunch,BrickBreak|Brave||F|||50|]Kingambit||ChopleBerry|Defiant|KowtowCleave,SuckerPunch,IronHead,LowKick|Brave||F|||50|]Kommo-o||LifeOrb|Soundproof|ClangingScales,AuraSphere,VacuumWave,Protect|Quiet||F|||50|]Gallade||ExpertBelt|Sharpness|SacredSword,LeafBlade,PsychoCut,TrickRoom|Brave||M|||50|]Basculegion||SitrusBerry|Adaptability|Protect,WaveCrash,LastRespects,AquaJet|Brave||M|||50|
|showteam|p2|Tyranitar||Tyranitarite|SandStream|KnockOff,RockSlide,Protect,LowKick|Adamant||F|||50|]Excadrill||FocusSash|SandRush|Protect,Earthquake,IronHead,RockSlide|Adamant||F|||50|]Delphox||Delphoxite|Blaze|NastyPlot,HeatWave,Psyshock,Protect|Timid||M|||50|]Sinistcha||ColburBerry|Hospitality|TrickRoom,MatchaGotcha,Protect,RagePowder|Bold|||||50|]Rotom-Wash||Leftovers|Levitate|Electroweb,HydroPump,Protect,Thunderbolt|Modest|||||50|]Incineroar||SitrusBerry|Intimidate|FakeOut,FlareBlitz,PartingShot,ThroatChop|Careful||F|||50|
|
|t:|1784767751
|teamsize|p1|4
|teamsize|p2|4
|start
|switch|p1a: Kangaskhan|Kangaskhan, L50, F|100/100
|switch|p1b: Chandelure|Chandelure, L50, M, shiny|100/100
|switch|p2a: Tyranitar|Tyranitar, L50, F|100/100
|switch|p2b: Excadrill|Excadrill, L50, F|100/100
|-weather|Sandstorm|[from] ability: Sand Stream|[of] p2a: Tyranitar
|turn|1
|
|t:|1784767772
|detailschange|p1a: Kangaskhan|Kangaskhan-Mega, L50, F
|-mega|p1a: Kangaskhan|Kangaskhan|Kangaskhanite
|move|p2a: Tyranitar|Protect|p2a: Tyranitar
|-singleturn|p2a: Tyranitar|Protect
|move|p1a: Kangaskhan|Fake Out|p2b: Excadrill
|-resisted|p2b: Excadrill|1
|-damage|p2b: Excadrill|83/100
|-resisted|p2b: Excadrill|1
|-damage|p2b: Excadrill|80/100
|-hitcount|p2b: Excadrill|2
|cant|p2b: Excadrill|flinch
|move|p1b: Chandelure|Trick Room|p1b: Chandelure
|-fieldstart|move: Trick Room|[of] p1b: Chandelure
|
|-weather|Sandstorm|[upkeep]
|-damage|p1b: Chandelure|94/100|[from] Sandstorm
|-damage|p1a: Kangaskhan|93/100|[from] Sandstorm
|upkeep
|turn|2
|
|t:|1784767805
|switch|p2b: Sinistcha|Sinistcha, L50|100/100
|detailschange|p2a: Tyranitar|Tyranitar-Mega, L50, F
|-mega|p2a: Tyranitar|Tyranitar|Tyranitarite
|move|p1b: Chandelure|Protect|p1b: Chandelure
|-singleturn|p1b: Chandelure|Protect
|move|p2a: Tyranitar|Low Kick|p1a: Kangaskhan
|-supereffective|p1a: Kangaskhan|1
|-damage|p1a: Kangaskhan|10/100
|move|p1a: Kangaskhan|Brick Break|p2a: Tyranitar
|-supereffective|p2a: Tyranitar|2
|-damage|p2a: Tyranitar|28/100
|-supereffective|p2a: Tyranitar|2
|-damage|p2a: Tyranitar|11/100
|-hitcount|p2a: Tyranitar|2
|
|-weather|Sandstorm|[upkeep]
|-damage|p2b: Sinistcha|93/100|[from] Sandstorm
|-damage|p1b: Chandelure|88/100|[from] Sandstorm
|-damage|p1a: Kangaskhan|4/100|[from] Sandstorm
|upkeep
|turn|3
|
|t:|1784767850
|switch|p1a: Basculegion|Basculegion, L50, M|100/100
|move|p2a: Tyranitar|Protect|p2a: Tyranitar
|-singleturn|p2a: Tyranitar|Protect
|move|p2b: Sinistcha|Matcha Gotcha|p1b: Chandelure|[spread] p1b
|-miss|p2b: Sinistcha|p1a: Basculegion
|-resisted|p1b: Chandelure|1
|-damage|p1b: Chandelure|74/100
|-heal|p2b: Sinistcha|100/100|[from] drain|[of] p1b: Chandelure
|move|p1b: Chandelure|Heat Wave|p2b: Sinistcha|[spread] p2b
|-activate|p2a: Tyranitar|move: Protect
|-supereffective|p2b: Sinistcha|1
|-damage|p2b: Sinistcha|4/100
|
|-weather|Sandstorm|[upkeep]
|-damage|p1a: Basculegion|93/100|[from] Sandstorm
|-damage|p1b: Chandelure|68/100|[from] Sandstorm
|-damage|p2b: Sinistcha|0 fnt|[from] Sandstorm
|faint|p2b: Sinistcha
|upkeep
|
|t:|1784767861
|switch|p2b: Rotom|Rotom-Wash, L50|100/100
|turn|4
|
|t:|1784767883
|switch|p1a: Kommo-o|Kommo-o, L50, F|100/100
|move|p1b: Chandelure|Protect|p1b: Chandelure
|-singleturn|p1b: Chandelure|Protect
|move|p2a: Tyranitar|Knock Off|p1b: Chandelure
|-activate|p1b: Chandelure|move: Protect
|move|p2b: Rotom|Thunderbolt|p1a: Kommo-o
|-resisted|p1a: Kommo-o|1
|-damage|p1a: Kommo-o|82/100
|
|-weather|Sandstorm|[upkeep]
|-damage|p1b: Chandelure|62/100|[from] Sandstorm
|-damage|p1a: Kommo-o|75/100|[from] Sandstorm
|-damage|p2b: Rotom|94/100|[from] Sandstorm
|-heal|p2b: Rotom|100/100|[from] item: Leftovers
|upkeep
|turn|5
|
|t:|1784767921
|move|p2a: Tyranitar|Protect|p2a: Tyranitar
|-singleturn|p2a: Tyranitar|Protect
|move|p1b: Chandelure|Shadow Ball|p2b: Rotom
|-damage|p2b: Rotom|48/100
|move|p1a: Kommo-o|Clanging Scales|p2b: Rotom|[spread] p2b
|-activate|p2a: Tyranitar|move: Protect
|-damage|p2b: Rotom|0 fnt
|faint|p2b: Rotom
|-unboost|p1a: Kommo-o|def|1
|-damage|p1a: Kommo-o|66/100|[from] item: Life Orb
|
|-weather|none
|-fieldend|move: Trick Room
|upkeep
|
|t:|1784767927
|switch|p2b: Excadrill|Excadrill, L50, F|80/100
|turn|6
|
|t:|1784767944
|move|p2a: Tyranitar|Protect||[still]
|-fail|p2a: Tyranitar
|move|p1b: Chandelure|Protect|p1b: Chandelure
|-singleturn|p1b: Chandelure|Protect
|move|p1a: Kommo-o|Vacuum Wave|p2a: Tyranitar
|-supereffective|p2a: Tyranitar|2
|-damage|p2a: Tyranitar|0 fnt
|faint|p2a: Tyranitar
|-damage|p1a: Kommo-o|56/100|[from] item: Life Orb
|move|p2b: Excadrill|Earthquake|p1b: Chandelure|[spread] p1a
|-activate|p1b: Chandelure|move: Protect
|-damage|p1a: Kommo-o|0 fnt
|faint|p1a: Kommo-o
|
|upkeep
|
|t:|1784767962
|switch|p1a: Kangaskhan|Kangaskhan-Mega, L50, F|4/100
|turn|7
|
|t:|1784767968
|move|p2b: Excadrill|Protect|p2b: Excadrill
|-singleturn|p2b: Excadrill|Protect
|move|p1a: Kangaskhan|Fake Out|p2b: Excadrill
|-activate|p2b: Excadrill|move: Protect
|move|p1b: Chandelure|Heat Wave|p2b: Excadrill
|-activate|p2b: Excadrill|move: Protect
|
|upkeep
|turn|8
|
|t:|1784767980
|move|p1a: Kangaskhan|Sucker Punch|p2b: Excadrill
|-damage|p2b: Excadrill|40/100
|-damage|p2b: Excadrill|31/100
|-hitcount|p2b: Excadrill|2
|move|p2b: Excadrill|Earthquake|p1a: Kangaskhan|[spread] p1a,p1b
|-supereffective|p1b: Chandelure|1
|-damage|p1a: Kangaskhan|0 fnt
|-damage|p1b: Chandelure|0 fnt
|faint|p1a: Kangaskhan
|faint|p1b: Chandelure
|
|upkeep
|
|t:|1784767993
|switch|p1a: Basculegion|Basculegion, L50, M|93/100
|turn|9
|
|t:|1784768000
|move|p1a: Basculegion|Aqua Jet|p2b: Excadrill
|-supereffective|p2b: Excadrill|1
|-damage|p2b: Excadrill|0 fnt
|faint|p2b: Excadrill
|
|win|Ssamuuelll
|raw|Ssamuuelll's rating: 1233 → 1255(+22 for winning)
|raw|Adriatic Tides's rating: 1193 → 1171(-22 for losing)
|l|☆Ssamuuelll
|player|p1|
