|j|☆FerKillerVGC
|j|☆Fell Blue
|html|FerKillerVGCFell Blue    
|uhtml|bestof|Game 3 of a best-of-3
|t:|1782185835
|gametype|doubles
|player|p1|FerKillerVGC|102|1077
|player|p2|Fell Blue|fantina|1170
|gen|9
|tier|[Gen 9 Champions] VGC 2026 Reg M-B (Bo3)
|rated|
|rule|Species Clause: Limit one of each Pokémon
|rule|Item Clause: Limit 1 of each item
|clearpoke
|poke|p1|Snorlax, L50, F|
|poke|p1|Sableye, L50, M|
|poke|p1|Armarouge, L50, F|
|poke|p1|Clefable, L50, M|
|poke|p1|Kingambit, L50, M|
|poke|p1|Venusaur, L50, M|
|poke|p2|Mawile, L50, F|
|poke|p2|Farigiraf, L50, M|
|poke|p2|Hatterene, L50, F|
|poke|p2|Ampharos, L50, M|
|poke|p2|Kangaskhan, L50, F|
|poke|p2|Torkoal, L50, F|
|teampreview|4
|showteam|p1|Snorlax||SitrusBerry|ThickFat|Facade,BodyPress,Stockpile,Recycle|Impish||F|||50|]Sableye||RoseliBerry|Prankster|FoulPlay,WillOWisp,Quash,FakeOut|Careful||M|||50|]Armarouge||FocusSash|FlashFire|HeatWave,Psychic,WideGuard,TrickRoom|Quiet||F|||50|]Clefable||Clefablite|Unaware|Moonblast,Flamethrower,FollowMe,Protect|Bold||M|||50|]Kingambit||BlackGlasses|Defiant|KowtowCleave,IronHead,SuckerPunch,Protect|Adamant||M|||50|]Venusaur||Venusaurite|Chlorophyll|SludgeBomb,GigaDrain,EarthPower,Protect|Modest||M|||50|
|showteam|p2|Mawile||Mawilite|Intimidate|IronHead,Protect,SuckerPunch,PlayRough|Brave||F|||50|]Farigiraf||ColburBerry|ArmorTail|Psychic,TrickRoom,SunnyDay,HelpingHand|Modest||M|||50|]Hatterene||LifeOrb|MagicBounce|DazzlingGleam,MysticalFire,Psychic,Protect|Quiet||F|||50|]Ampharos||Ampharosite|Static|PowerGem,Protect,DragonPulse,Thunderbolt|Quiet||M|||50|]Kangaskhan||SilkScarf|Scrappy|FakeOut,LastResort|Brave||F|||50|]Torkoal||Charcoal|Drought|SolarBeam,Eruption,HeatWave,Protect|Quiet||F|||50|
|
|t:|1782185881
|teamsize|p1|4
|teamsize|p2|4
|start
|switch|p1a: Venusaur|Venusaur, L50, M|100/100
|switch|p1b: Clefable|Clefable, L50, M|100/100
|switch|p2a: Mawile|Mawile, L50, F|100/100
|switch|p2b: Kangaskhan|Kangaskhan, L50, F|100/100
|-ability|p2a: Mawile|Intimidate|boost
|-unboost|p1a: Venusaur|atk|1
|-unboost|p1b: Clefable|atk|1
|turn|1
|
|t:|1782185906
|switch|p2a: Farigiraf|Farigiraf, L50, M|100/100
|move|p1a: Venusaur|Protect|p1a: Venusaur
|-singleturn|p1a: Venusaur|Protect
|move|p1b: Clefable|Protect|p1b: Clefable
|-singleturn|p1b: Clefable|Protect
|move|p2b: Kangaskhan|Fake Out|p1a: Venusaur
|-activate|p1a: Venusaur|move: Protect
|
|upkeep
|turn|2
|
|t:|1782185936
|detailschange|p1a: Venusaur|Venusaur-Mega, L50, M
|-mega|p1a: Venusaur|Venusaur|Venusaurite
|move|p1a: Venusaur|Sludge Bomb|p2b: Kangaskhan
|-damage|p2b: Kangaskhan|60/100
|move|p2b: Kangaskhan|Last Resort|p1a: Venusaur
|-damage|p1a: Venusaur|32/100
|move|p1b: Clefable|Moonblast|p2b: Kangaskhan
|-damage|p2b: Kangaskhan|27/100
|move|p2a: Farigiraf|Trick Room|p2a: Farigiraf
|-fieldstart|move: Trick Room|[of] p2a: Farigiraf
|
|upkeep
|turn|3
|
|t:|1782185952
|switch|p1a: Armarouge|Armarouge, L50, F|100/100
|move|p1b: Clefable|Moonblast|p2b: Kangaskhan
|-damage|p2b: Kangaskhan|0 fnt
|faint|p2b: Kangaskhan
|move|p2a: Farigiraf|Psychic|p1a: Armarouge
|-resisted|p1a: Armarouge|1
|-damage|p1a: Armarouge|78/100
|
|upkeep
|
|t:|1782185958
|switch|p2b: Mawile|Mawile, L50, F|100/100
|-ability|p2b: Mawile|Intimidate|boost
|-unboost|p1a: Armarouge|atk|1
|-unboost|p1b: Clefable|atk|1
|turn|4
|
|t:|1782185973
|detailschange|p2b: Mawile|Mawile-Mega, L50, F
|-mega|p2b: Mawile|Mawile|Mawilite
|move|p2a: Farigiraf|Helping Hand|p2b: Mawile
|-singleturn|p2b: Mawile|Helping Hand|[of] p2a: Farigiraf
|move|p1b: Clefable|Follow Me|p1b: Clefable
|-singleturn|p1b: Clefable|move: Follow Me
|move|p2b: Mawile|Play Rough|p1b: Clefable
|-damage|p1b: Clefable|0 fnt
|faint|p1b: Clefable
|move|p1a: Armarouge|Heat Wave|p2b: Mawile|[spread] p2a,p2b
|-supereffective|p2b: Mawile|1
|-damage|p2a: Farigiraf|59/100
|-damage|p2b: Mawile|3/100
|
|upkeep
|
|t:|1782185987
|switch|p1b: Snorlax|Snorlax, L50, F|100/100
|turn|5
|
|t:|1782186000
|move|p2a: Farigiraf|Helping Hand|p2b: Mawile
|-singleturn|p2b: Mawile|Helping Hand|[of] p2a: Farigiraf
|move|p1b: Snorlax|Body Press|p2b: Mawile
|-damage|p2b: Mawile|0 fnt
|faint|p2b: Mawile
|move|p1a: Armarouge|Heat Wave|p2a: Farigiraf|[miss]
|-miss|p1a: Armarouge|p2a: Farigiraf
|
|upkeep
|
|t:|1782186004
|switch|p2b: Torkoal|Torkoal, L50, F|100/100
|-weather|SunnyDay|[from] ability: Drought|[of] p2b: Torkoal
|turn|6
|
|t:|1782186020
|move|p2b: Torkoal|Solar Beam||[still]
|-prepare|p2b: Torkoal|Solar Beam
|-anim|p2b: Torkoal|Solar Beam|p1b: Snorlax
|-damage|p1b: Snorlax|78/100
|move|p1b: Snorlax|Stockpile|p1b: Snorlax
|-start|p1b: Snorlax|stockpile1
|-boost|p1b: Snorlax|def|1
|-boost|p1b: Snorlax|spd|1
|move|p2a: Farigiraf|Psychic|p1a: Armarouge
|-resisted|p1a: Armarouge|1
|-damage|p1a: Armarouge|54/100
|move|p1a: Armarouge|Psychic|p2b: Torkoal
|-damage|p2b: Torkoal|32/100
|
|-weather|SunnyDay|[upkeep]
|-fieldend|move: Trick Room
|upkeep
|turn|7
|-message|Fell Blue forfeited.
|
|win|FerKillerVGC
|raw|FerKillerVGC's rating: 1077 → 1113(+36 for winning)
|raw|Fell Blue's rating: 1170 → 1138(-32 for losing)
|l|☆Fell Blue
|player|p2|
