|j|☆BlackAshura
|j|☆suzerdito
|html|BlackAshurasuzerdito    
|uhtml|bestof|Game 2 of a best-of-3
|t:|1783453186
|gametype|doubles
|player|p1|BlackAshura|samsonoak|1077
|player|p2|suzerdito|169|1091
|gen|9
|tier|[Gen 9 Champions] VGC 2026 Reg M-B (Bo3)
|rated|
|rule|Species Clause: Limit one of each Pokémon
|rule|Item Clause: Limit 1 of each item
|clearpoke
|poke|p1|Metagross, L50, shiny|
|poke|p1|Kleavor, L50, M|
|poke|p1|Hydreigon, L50, M|
|poke|p1|Venusaur, L50, M, shiny|
|poke|p1|Simipour, L50, M, shiny|
|poke|p1|Talonflame, L50, M, shiny|
|poke|p2|Aerodactyl, L50, F|
|poke|p2|Kingambit, L50, F, shiny|
|poke|p2|Charizard, L50, F, shiny|
|poke|p2|Sylveon, L50, M, shiny|
|poke|p2|Farigiraf, L50, F|
|poke|p2|Garchomp, L50, M|
|teampreview|4
|showteam|p1|Metagross||Metagrossite|ClearBody|IronHead,PsychicFangs,IcePunch,Protect|Jolly|||||50|]Kleavor||ChoiceScarf|Sharpness|StoneAxe,CloseCombat,NightSlash,XScissor|Jolly||M|||50|]Hydreigon||LifeOrb|Levitate|DracoMeteor,DarkPulse,EarthPower,Protect|Timid||M|||50|]Venusaur||Venusaurite|Overgrow|GigaDrain,SludgeBomb,EarthPower,Protect|Modest||M|||50|]Simipour||FocusSash|Torrent|FakeOut,Scald,IceBeam,Protect|Timid||M|||50|]Talonflame||Charcoal|GaleWings|Overheat,Taunt,QuickGuard,Tailwind|Timid||M|||50|
|showteam|p2|Aerodactyl||Aerodactylite|RockHead|RockSlide,IceFang,Tailwind,DualWingbeat|Jolly||F|||50|]Kingambit||FocusSash|Defiant|KowtowCleave,IronHead,SuckerPunch,LowKick|Adamant||F|||50|]Charizard||CharizarditeY|Blaze|Protect,HeatWave,SolarBeam,WeatherBall|Timid||F|||50|]Sylveon||FairyFeather|Pixilate|Detect,QuickAttack,HyperVoice,HyperBeam|Timid||M|||50|]Farigiraf||SitrusBerry|ArmorTail|Psychic,Thunderbolt,TrickRoom,Roar|Bold||F|||50|]Garchomp||LifeOrb|RoughSkin|Protect,StompingTantrum,Earthquake,DragonClaw|Jolly||M|||50|
|
|t:|1783453262
|teamsize|p1|4
|teamsize|p2|4
|start
|switch|p1a: Simipour|Simipour, L50, M, shiny|100/100
|switch|p1b: Kleavor|Kleavor, L50, M|100/100
|switch|p2a: Aerodactyl|Aerodactyl, L50, F|100/100
|switch|p2b: Garchomp|Garchomp, L50, M|100/100
|turn|1
|
|t:|1783453288
|detailschange|p2a: Aerodactyl|Aerodactyl-Mega, L50, F
|-mega|p2a: Aerodactyl|Aerodactyl|Aerodactylite
|move|p1a: Simipour|Fake Out|p2a: Aerodactyl
|-resisted|p2a: Aerodactyl|1
|-damage|p2a: Aerodactyl|94/100
|move|p1b: Kleavor|Stone Axe|p2a: Aerodactyl
|-supereffective|p2a: Aerodactyl|1
|-damage|p2a: Aerodactyl|0 fnt
|-sidestart|p2: suzerdito|move: Stealth Rock
|faint|p2a: Aerodactyl
|move|p2b: Garchomp|Earthquake|p1a: Simipour|[spread] p1a,p1b
|-crit|p1a: Simipour
|-enditem|p1a: Simipour|Focus Sash
|-damage|p1a: Simipour|1/100
|-damage|p1b: Kleavor|34/100
|-damage|p2b: Garchomp|90/100|[from] item: Life Orb
|
|upkeep
|
|t:|1783453306
|switch|p2a: Farigiraf|Farigiraf, L50, F|100/100
|-damage|p2a: Farigiraf|87/100|[from] Stealth Rock
|turn|2
|
|t:|1783453340
|switch|p1b: Hydreigon|Hydreigon, L50, M|100/100
|move|p1a: Simipour|Protect|p1a: Simipour
|-singleturn|p1a: Simipour|Protect
|move|p2b: Garchomp|Stomping Tantrum|p1b: Hydreigon
|-immune|p1b: Hydreigon|[from] ability: Levitate
|move|p2a: Farigiraf|Thunderbolt|p1a: Simipour
|-activate|p1a: Simipour|move: Protect
|
|upkeep
|turn|3
|
|t:|1783453361
|switch|p1a: Metagross|Metagross, L50, shiny|100/100
|move|p1b: Hydreigon|Protect|p1b: Hydreigon
|-singleturn|p1b: Hydreigon|Protect
|move|p2b: Garchomp|Dragon Claw|p1b: Hydreigon
|-activate|p1b: Hydreigon|move: Protect
|move|p2a: Farigiraf|Thunderbolt|p1b: Hydreigon
|-activate|p1b: Hydreigon|move: Protect
|
|upkeep
|turn|4
|
|t:|1783453375
|switch|p2a: Kingambit|Kingambit, L50, F, shiny|100/100
|-damage|p2a: Kingambit|93/100|[from] Stealth Rock
|detailschange|p1a: Metagross|Metagross-Mega, L50, shiny
|-mega|p1a: Metagross|Metagross|Metagrossite
|move|p1a: Metagross|Ice Punch|p2b: Garchomp
|-supereffective|p2b: Garchomp|2
|-crit|p2b: Garchomp
|-damage|p2b: Garchomp|0 fnt
|-damage|p1a: Metagross|87/100|[from] ability: Rough Skin|[of] p2b: Garchomp
|faint|p2b: Garchomp
|move|p1b: Hydreigon|Dark Pulse|p2a: Kingambit
|-resisted|p2a: Kingambit|1
|-damage|p2a: Kingambit|61/100
|-damage|p1b: Hydreigon|90/100|[from] item: Life Orb
|
|upkeep
|
|t:|1783453390
|switch|p2b: Farigiraf|Farigiraf, L50, F|87/100
|-damage|p2b: Farigiraf|75/100|[from] Stealth Rock
|turn|5
|
|t:|1783453399
|move|p1a: Metagross|Protect|p1a: Metagross
|-singleturn|p1a: Metagross|Protect
|move|p2a: Kingambit|Sucker Punch||[still]
|-fail|p2a: Kingambit
|move|p1b: Hydreigon|Earth Power|p2a: Kingambit
|-supereffective|p2a: Kingambit|1
|-damage|p2a: Kingambit|0 fnt
|faint|p2a: Kingambit
|-damage|p1b: Hydreigon|81/100|[from] item: Life Orb
|move|p2b: Farigiraf|Trick Room|p2b: Farigiraf
|-fieldstart|move: Trick Room|[of] p2b: Farigiraf
|
|upkeep
|turn|6
|inactive|Battle timer is ON: inactive players will automatically lose when time's up. (requested by suzerdito)
|
|t:|1783453417
|move|p2b: Farigiraf|Thunderbolt|p1a: Metagross
|-damage|p1a: Metagross|63/100
|move|p1b: Hydreigon|Dark Pulse|p2b: Farigiraf
|-supereffective|p2b: Farigiraf|1
|-damage|p2b: Farigiraf|0 fnt
|faint|p2b: Farigiraf
|-damage|p1b: Hydreigon|71/100|[from] item: Life Orb
|
|win|BlackAshura
