|j|☆marcosdeltasena31
|j|☆Sizzle2466
|html|marcosdeltasena31Sizzle2466    
|uhtml|bestof|Game 1 of a best-of-3
|t:|1786047144
|gametype|doubles
|player|p1|marcosdeltasena31|hilbert|1468
|player|p2|Sizzle2466|169|1314
|gen|9
|tier|[Gen 9 Champions] VGC 2026 Reg M-B (Bo3)
|rated|
|rule|Species Clause: Limit one of each Pokémon
|rule|Item Clause: Limit 1 of each item
|clearpoke
|poke|p1|Froslass, L50, F|
|poke|p1|Scovillain, L50, F|
|poke|p1|Sneasler, L50, F|
|poke|p1|Lycanroc-Dusk, L50, M|
|poke|p1|Basculegion, L50, M|
|poke|p1|Kingambit, L50, F|
|poke|p2|Excadrill, L50, M|
|poke|p2|Tyranitar, L50, M|
|poke|p2|Sinistcha, L50|
|poke|p2|Incineroar, L50, F|
|poke|p2|Floette-Eternal, L50, F|
|poke|p2|Sneasler, L50, F|
|teampreview|4
|showteam|p1|Froslass||Froslassite|CursedBody|Blizzard,ShadowBall,AuroraVeil,Protect|Timid||F|||50|]Scovillain||Scovillainite|Moody|Overheat,GigaDrain,RagePowder,Protect|Bold||F|||50|]Sneasler||WhiteHerb|Unburden|CloseCombat,FakeOut,DireClaw,Protect|Adamant||F|||50|]Lycanroc-Dusk||FocusSash|ToughClaws|RockSlide,CloseCombat,Accelerock,Protect|Adamant||M|||50|]Basculegion||SitrusBerry|Adaptability|WaveCrash,LastRespects,AquaJet,Protect|Adamant||M|||50|]Kingambit||LifeOrb|Defiant|KowtowCleave,SuckerPunch,SwordsDance,Protect|Adamant||F|||50|
|showteam|p2|Excadrill||FocusSash|SandRush|IronHead,HighHorsepower,Earthquake,Protect|Adamant||M|||50|]Tyranitar||Tyranitarite|SandStream|DragonDance,RockSlide,KnockOff,Protect|Adamant||M|||50|]Sinistcha||CobaBerry|Hospitality|RagePowder,MatchaGotcha,TrickRoom,Protect|Bold|||||50|]Incineroar||SitrusBerry|Intimidate|FakeOut,FlareBlitz,HelpingHand,PartingShot|Careful||F|||50|]Floette-Eternal||Floettite|FlowerVeil|CalmMind,Moonblast,DazzlingGleam,Protect|Modest||F|||50|]Sneasler||WhiteHerb|Unburden|FakeOut,CloseCombat,DireClaw,Protect|Adamant||F|||50|
|
|t:|1786047173
|teamsize|p1|4
|teamsize|p2|4
|start
|switch|p1a: Scovillain|Scovillain, L50, F|100/100
|switch|p1b: Sneasler|Sneasler, L50, F|100/100
|switch|p2a: Sneasler|Sneasler, L50, F|100/100
|switch|p2b: Floette|Floette-Eternal, L50, F|100/100
|turn|1
|
|t:|1786047196
|detailschange|p2b: Floette|Floette-Mega, L50, F
|-mega|p2b: Floette|Floette|Floettite
|-ability|p2b: Floette|Fairy Aura
|move|p1a: Scovillain|Protect|p1a: Scovillain
|-singleturn|p1a: Scovillain|Protect
|move|p2a: Sneasler|Fake Out|p1b: Sneasler
|-crit|p1b: Sneasler
|-damage|p1b: Sneasler|70/100
|cant|p1b: Sneasler|flinch
|move|p2b: Floette|Calm Mind|p2b: Floette
|-boost|p2b: Floette|spa|1
|-boost|p2b: Floette|spd|1
|
|-ability|p1a: Scovillain|Moody|boost
|-boost|p1a: Scovillain|def|2
|-unboost|p1a: Scovillain|spd|1
|upkeep
|turn|2
|
|t:|1786047217
|switch|p2a: Sinistcha|Sinistcha, L50|100/100
|detailschange|p1a: Scovillain|Scovillain-Mega, L50, F
|-mega|p1a: Scovillain|Scovillain|Scovillainite
|move|p2b: Floette|Protect|p2b: Floette
|-singleturn|p2b: Floette|Protect
|move|p1b: Sneasler|Dire Claw|p2b: Floette
|-activate|p2b: Floette|move: Protect
|move|p1a: Scovillain|Overheat|p2a: Sinistcha
|-supereffective|p2a: Sinistcha|1
|-damage|p2a: Sinistcha|0 fnt
|-unboost|p1a: Scovillain|spa|2
|faint|p2a: Sinistcha
|
|upkeep
|
|t:|1786047233
|switch|p2a: Incineroar|Incineroar, L50, F|100/100
|-ability|p2a: Incineroar|Intimidate|boost
|-unboost|p1a: Scovillain|atk|1
|-unboost|p1b: Sneasler|atk|1
|-enditem|p1b: Sneasler|White Herb
|-clearnegativeboost|p1b: Sneasler|[silent]
|turn|3
|
|t:|1786047241
|switch|p2a: Sneasler|Sneasler, L50, F|100/100
|move|p1b: Sneasler|Protect|p1b: Sneasler
|-singleturn|p1b: Sneasler|Protect
|move|p2b: Floette|Dazzling Gleam|p1a: Scovillain|[spread] p1a
|-activate|p1b: Sneasler|move: Protect
|-resisted|p1a: Scovillain|1
|-damage|p1a: Scovillain|48/100
|-status|p2b: Floette|brn|[from] ability: Spicy Spray|[of] p1a: Scovillain
|move|p1a: Scovillain|Overheat|p2b: Floette
|-damage|p2b: Floette|84/100 brn
|-unboost|p1a: Scovillain|spa|2
|
|-damage|p2b: Floette|78/100 brn|[from] brn
|upkeep
|turn|4
|
|t:|1786047261
|switch|p1b: Kingambit|Kingambit, L50, F|100/100
|move|p2a: Sneasler|Fake Out|p1b: Kingambit
|-resisted|p1b: Kingambit|1
|-damage|p1b: Kingambit|94/100
|move|p2b: Floette|Dazzling Gleam|p1b: Kingambit|[spread] p1a,p1b
|-resisted|p1a: Scovillain|1
|-crit|p1a: Scovillain
|-damage|p1a: Scovillain|0 fnt
|-damage|p1b: Kingambit|19/100
|faint|p1a: Scovillain
|
|-damage|p2b: Floette|72/100 brn|[from] brn
|upkeep
|
|t:|1786047270
|switch|p1a: Sneasler|Sneasler, L50, F|70/100
|turn|5
|
|t:|1786047284
|move|p2b: Floette|Protect|p2b: Floette
|-singleturn|p2b: Floette|Protect
|move|p1a: Sneasler|Close Combat|p2a: Sneasler
|-resisted|p2a: Sneasler|1
|-damage|p2a: Sneasler|60/100
|-unboost|p1a: Sneasler|def|1
|-unboost|p1a: Sneasler|spd|1
|move|p2a: Sneasler|Close Combat|p1a: Sneasler
|-resisted|p1a: Sneasler|1
|-damage|p1a: Sneasler|4/100
|-unboost|p2a: Sneasler|def|1
|-unboost|p2a: Sneasler|spd|1
|-enditem|p2a: Sneasler|White Herb
|-clearnegativeboost|p2a: Sneasler|[silent]
|move|p1b: Kingambit|Kowtow Cleave|p2a: Sneasler
|-resisted|p2a: Sneasler|1
|-damage|p2a: Sneasler|20/100y
|-damage|p1b: Kingambit|9/100|[from] item: Life Orb
|
|-damage|p2b: Floette|65/100 brn|[from] brn
|upkeep
|turn|6
|
|t:|1786047303
|move|p1b: Kingambit|Sucker Punch|p2a: Sneasler
|-resisted|p2a: Sneasler|1
|-damage|p2a: Sneasler|0 fnt
|faint|p2a: Sneasler
|-damage|p1b: Kingambit|0 fnt|[from] item: Life Orb
|faint|p1b: Kingambit
|move|p1a: Sneasler|Dire Claw|p2b: Floette
|-supereffective|p2b: Floette|1
|-crit|p2b: Floette
|-damage|p2b: Floette|0 fnt
|faint|p2b: Floette
|
|upkeep
|
|t:|1786047314
|switch|p2a: Incineroar|Incineroar, L50, F|100/100
|switch|p1b: Basculegion|Basculegion, L50, M|100/100
|-ability|p2a: Incineroar|Intimidate|boost
|-unboost|p1a: Sneasler|atk|1
|-unboost|p1b: Basculegion|atk|1
|turn|7
|-message|Sizzle2466 forfeited.
|
|win|marcosdeltasena31
||Sizzle2466 is ready for game 2.
||marcosdeltasena31 is ready for game 2.
|uhtml|next|Next: Game 2 of 3
|l|☆marcosdeltasena31
|player|p1|
