|j|☆WWEcunhalock
|j|☆sille rovert
|html|WWEcunhalocksille rovert    
|uhtml|bestof|Game 1 of a best-of-3
|t:|1782249325
|gametype|doubles
|player|p1|WWEcunhalock|blackbelt-gen4|1228
|player|p2|sille rovert|trevor|1298
|gen|9
|tier|[Gen 9 Champions] VGC 2026 Reg M-B (Bo3)
|rated|
|rule|Species Clause: Limit one of each Pokémon
|rule|Item Clause: Limit 1 of each item
|clearpoke
|poke|p1|Raichu, L50, F|
|poke|p1|Mawile, L50, F|
|poke|p1|Sinistcha, L50|
|poke|p1|Ceruledge, L50, F|
|poke|p1|Milotic, L50, F|
|poke|p1|Incineroar, L50, F|
|poke|p2|Ceruledge, L50, M|
|poke|p2|Staraptor, L50, F|
|poke|p2|Froslass, L50, F|
|poke|p2|Toxapex, L50, M|
|poke|p2|Incineroar, L50, M|
|poke|p2|Garchomp, L50, M|
|teampreview|4
|showteam|p1|Raichu||RaichuniteY|LightningRod|ZapCannon,FocusBlast,FakeOut,Protect|Timid||F|||50|]Mawile||Mawilite|HyperCutter|PlayRough,SuckerPunch,SwordsDance,Protect|Adamant||F|||50|]Sinistcha||KasibBerry|Hospitality|MatchaGotcha,LifeDew,RagePowder,Protect|Relaxed|||||50|]Ceruledge||ColburBerry|FlashFire|BitterBlade,ShadowSneak,BulkUp,Protect|Adamant||F|||50|]Milotic||Leftovers|Competitive|MuddyWater,Coil,Hypnosis,Protect|Calm||F|||50|]Incineroar||SitrusBerry|Intimidate|FlareBlitz,ThroatChop,FakeOut,PartingShot|Impish||F|||50|
|showteam|p2|Ceruledge||ColburBerry|FlashFire|BitterBlade,ShadowSneak,SwordsDance,Protect|Adamant||M|||50|]Staraptor||Staraptite|Intimidate|CloseCombat,BraveBird,Roost,Protect|Adamant||F|||50|]Froslass||Froslassite|SnowCloak|Blizzard,ShadowBall,AuroraVeil,Protect|Modest||F|||50|]Toxapex||Leftovers|Regenerator|Toxic,Infestation,BanefulBunker,WideGuard|Impish||M|||50|]Incineroar||SitrusBerry|Intimidate|FlareBlitz,ThroatChop,PartingShot,FakeOut|Careful||M|||50|]Garchomp||LifeOrb|RoughSkin|Earthquake,DragonClaw,RockSlide,Protect|Jolly||M|||50|
|inactive|Battle timer is ON: inactive players will automatically lose when time's up. (requested by sille rovert)
|
|t:|1782249382
|teamsize|p1|4
|teamsize|p2|4
|start
|switch|p1a: Incineroar|Incineroar, L50, F|100/100
|switch|p1b: Milotic|Milotic, L50, F|100/100
|switch|p2a: Toxapex|Toxapex, L50, M|100/100
|switch|p2b: Garchomp|Garchomp, L50, M|100/100
|-ability|p1a: Incineroar|Intimidate|boost
|-unboost|p2a: Toxapex|atk|1
|-unboost|p2b: Garchomp|atk|1
|turn|1
|
|t:|1782249396
|move|p1a: Incineroar|Fake Out|p2a: Toxapex
|-damage|p2a: Toxapex|92/100
|move|p2b: Garchomp|Rock Slide|p1a: Incineroar|[spread] p1a,p1b
|-supereffective|p1a: Incineroar|1
|-damage|p1a: Incineroar|75/100
|-damage|p1b: Milotic|86/100
|-damage|p2b: Garchomp|90/100|[from] item: Life Orb
|cant|p1b: Milotic|flinch
|cant|p2a: Toxapex|flinch
|
|-heal|p1b: Milotic|92/100|[from] item: Leftovers
|-heal|p2a: Toxapex|98/100|[from] item: Leftovers
|upkeep
|turn|2
|inactive|WWEcunhalock has 30 seconds left.
|
|t:|1782249421
|move|p2b: Garchomp|Rock Slide|p1b: Milotic|[spread] p1a,p1b
|-supereffective|p1a: Incineroar|1
|-damage|p1a: Incineroar|52/100
|-damage|p1b: Milotic|79/100
|-damage|p2b: Garchomp|80/100|[from] item: Life Orb
|cant|p1b: Milotic|flinch
|move|p1a: Incineroar|Parting Shot|p2b: Garchomp
|-unboost|p2b: Garchomp|atk|1
|-unboost|p2b: Garchomp|spa|1
|
|t:|1782249432
|switch|p1a: Raichu|Raichu, L50, F|100/100|[from] Parting Shot
|move|p2a: Toxapex|Toxic|p1b: Milotic
|-status|p1b: Milotic|tox
|
|-heal|p1b: Milotic|85/100 tox|[from] item: Leftovers
|-heal|p2a: Toxapex|100/100|[from] item: Leftovers
|-damage|p1b: Milotic|79/100 tox|[from] psn
|upkeep
|turn|3
|inactive|WWEcunhalock has 30 seconds left.
|inactive|WWEcunhalock has 20 seconds left.
|inactive|WWEcunhalock has 15 seconds left.
|inactive|WWEcunhalock has 10 seconds left.
|
|t:|1782249482
|detailschange|p1a: Raichu|Raichu-Mega-Y, L50, F
|-mega|p1a: Raichu|Raichu|Raichunite Y
|move|p2a: Toxapex|Baneful Bunker|p2a: Toxapex
|-singleturn|p2a: Toxapex|move: Protect
|move|p1a: Raichu|Focus Blast|p2b: Garchomp
|-damage|p2b: Garchomp|34/100
|move|p2b: Garchomp|Earthquake|p1a: Raichu|[spread] p1a,p1b
|-activate|p2a: Toxapex|move: Protect
|-supereffective|p1a: Raichu|1
|-damage|p1a: Raichu|23/100
|-damage|p1b: Milotic|59/100 tox
|-damage|p2b: Garchomp|24/100|[from] item: Life Orb
|move|p1b: Milotic|Coil|p1b: Milotic
|-boost|p1b: Milotic|atk|1
|-boost|p1b: Milotic|def|1
|-boost|p1b: Milotic|accuracy|1
|
|-heal|p1b: Milotic|65/100 tox|[from] item: Leftovers
|-damage|p1b: Milotic|53/100 tox|[from] psn
|upkeep
|turn|4
|inactive|WWEcunhalock has 30 seconds left.
|inactive|sille rovert has 30 seconds left.
|
|t:|1782249508
|switch|p2b: Froslass|Froslass, L50, F|100/100
|move|p1a: Raichu|Zap Cannon|p2a: Toxapex
|-supereffective|p2a: Toxapex|1
|-damage|p2a: Toxapex|1/100
|-status|p2a: Toxapex|par
|move|p1b: Milotic|Muddy Water|p2a: Toxapex|[spread] p2a,p2b
|-resisted|p2a: Toxapex|1
|-damage|p2a: Toxapex|0 fnt
|-damage|p2b: Froslass|68/100
|faint|p2a: Toxapex
|
|-heal|p1b: Milotic|59/100 tox|[from] item: Leftovers
|-damage|p1b: Milotic|41/100 tox|[from] psn
|upkeep
|
|t:|1782249524
|switch|p2a: Garchomp|Garchomp, L50, M|24/100
|turn|5
|
|t:|1782249541
|switch|p1a: Sinistcha|Sinistcha, L50|100/100
|-heal|p1b: Milotic|66/100 tox|[from] ability: Hospitality|[of] p1a: Sinistcha
|move|p2a: Garchomp|Protect|p2a: Garchomp
|-singleturn|p2a: Garchomp|Protect
|move|p2b: Froslass|Protect|p2b: Froslass
|-singleturn|p2b: Froslass|Protect
|move|p1b: Milotic|Muddy Water|p2b: Froslass|[spread] 
|-activate|p2a: Garchomp|move: Protect
|-activate|p2b: Froslass|move: Protect
|
|-heal|p1b: Milotic|72/100 tox|[from] item: Leftovers
|-damage|p1b: Milotic|48/100 tox|[from] psn
|upkeep
|turn|6
|
|t:|1782249563
|switch|p1b: Incineroar|Incineroar, L50, F|52/100
|-ability|p1b: Incineroar|Intimidate|boost
|-unboost|p2a: Garchomp|atk|1
|-unboost|p2b: Froslass|atk|1
|detailschange|p2b: Froslass|Froslass-Mega, L50, F
|-mega|p2b: Froslass|Froslass|Froslassite
|-weather|Snowscape|[from] ability: Snow Warning|[of] p2b: Froslass
|move|p2b: Froslass|Blizzard|p1a: Sinistcha|[spread] p1a,p1b
|-supereffective|p1a: Sinistcha|1
|-resisted|p1b: Incineroar|1
|-damage|p1a: Sinistcha|22/100
|-damage|p1b: Incineroar|34/100
|-enditem|p1b: Incineroar|Sitrus Berry|[eat]
|-heal|p1b: Incineroar|58/100|[from] item: Sitrus Berry
|move|p2a: Garchomp|Rock Slide|p1b: Incineroar|[spread] p1a,p1b
|-supereffective|p1b: Incineroar|1
|-damage|p1a: Sinistcha|7/100
|-damage|p1b: Incineroar|31/100
|-damage|p2a: Garchomp|14/100|[from] item: Life Orb
|cant|p1a: Sinistcha|flinch
|
|-weather|Snowscape|[upkeep]
|upkeep
|turn|7
|inactive|WWEcunhalock has 30 seconds left.
|inactive|WWEcunhalock has 20 seconds left.
|inactive|WWEcunhalock has 15 seconds left.
|inactive|WWEcunhalock has 10 seconds left.
|
|t:|1782249611
|switch|p2a: Incineroar|Incineroar, L50, M|100/100
|-ability|p2a: Incineroar|Intimidate|boost
|-unboost|p1a: Sinistcha|atk|1
|-unboost|p1b: Incineroar|atk|1
|move|p1b: Incineroar|Fake Out|p2a: Incineroar
|-damage|p2a: Incineroar|93/100
|move|p2b: Froslass|Blizzard|p1a: Sinistcha|[spread] p1a,p1b
|-supereffective|p1a: Sinistcha|1
|-resisted|p1b: Incineroar|1
|-damage|p1a: Sinistcha|0 fnt
|-damage|p1b: Incineroar|13/100
|faint|p1a: Sinistcha
|
|-weather|Snowscape|[upkeep]
|upkeep
|
|t:|1782249628
|switch|p1a: Raichu|Raichu-Mega-Y, L50, F|23/100
|turn|8
|inactive|WWEcunhalock has 30 seconds left.
|
|t:|1782249653
|move|p1a: Raichu|Protect|p1a: Raichu
|-singleturn|p1a: Raichu|Protect
|move|p2a: Incineroar|Fake Out|p1b: Incineroar
|-damage|p1b: Incineroar|4/100
|move|p2b: Froslass|Aurora Veil|p2b: Froslass
|-sidestart|p2: sille rovert|move: Aurora Veil
|cant|p1b: Incineroar|flinch
|
|-weather|Snowscape|[upkeep]
|upkeep
|turn|9
|
|t:|1782249673
|move|p2b: Froslass|Protect|p2b: Froslass
|-singleturn|p2b: Froslass|Protect
|move|p1a: Raichu|Zap Cannon|p2b: Froslass
|-activate|p2b: Froslass|move: Protect
|move|p2a: Incineroar|Throat Chop|p1a: Raichu
|-damage|p1a: Raichu|0 fnt
|faint|p1a: Raichu
|move|p1b: Incineroar|Flare Blitz|p2b: Froslass
|-activate|p2b: Froslass|move: Protect
|
|-weather|Snowscape|[upkeep]
|upkeep
|-message|WWEcunhalock forfeited.
|
|win|sille rovert
||sille rovert is ready for game 2.
||WWEcunhalock is ready for game 2.
|uhtml|next|Next: Game 2 of 3
|l|☆sille rovert
|player|p2|
