|j|☆aHpEl
|j|☆rycully
|html|aHpElrycully    
|uhtml|bestof|Game 2 of a best-of-3
|t:|1783480472
|gametype|doubles
|player|p1|aHpEl|1|1128
|player|p2|rycully|morty|1053
|gen|9
|tier|[Gen 9 Champions] VGC 2026 Reg M-B (Bo3)
|rated|
|rule|Species Clause: Limit one of each Pokémon
|rule|Item Clause: Limit 1 of each item
|clearpoke
|poke|p1|Froslass, L50, F|
|poke|p1|Arcanine-Hisui, L50, M|
|poke|p1|Kingambit, L50, M|
|poke|p1|Sneasler, L50, M|
|poke|p1|Basculegion, L50, M|
|poke|p1|Scovillain, L50, F|
|poke|p2|Grimmsnarl, L50, M|
|poke|p2|Hydreigon, L50, M|
|poke|p2|Garchomp, L50, F|
|poke|p2|Metagross, L50|
|poke|p2|Charizard, L50, M|
|poke|p2|Toxapex, L50, M|
|teampreview|4
|showteam|p1|Froslass||Froslassite|CursedBody|Blizzard,AuroraVeil,ShadowBall,Protect|Timid||F|||50|]Arcanine-Hisui||LifeOrb|RockHead|HeadSmash,FlareBlitz,RockSlide,Protect|Jolly||M|||50|]Kingambit||BlackGlasses|Defiant|KowtowCleave,SuckerPunch,Protect,IronHead|Adamant||M|||50|]Sneasler||FocusSash|Pressure|CloseCombat,FakeOut,DireClaw,Protect|Adamant||M|||50|]Basculegion||SitrusBerry|Adaptability|WaveCrash,LastRespects,AquaJet,Protect|Adamant||M|||50|]Scovillain||Scovillainite|Chlorophyll|RagePowder,Protect,Overheat,GigaDrain|Bold||F|||50|
|showteam|p2|Grimmsnarl||RoseliBerry|Prankster|FakeOut,FoulPlay,Reflect,PartingShot|Sassy||M|||50|]Hydreigon||ChoiceScarf|Levitate|DarkPulse,DracoMeteor,Snarl,HeatWave|Modest||M|||50|]Garchomp||SitrusBerry|RoughSkin|Earthquake,DragonClaw,RockSlide,Protect|Adamant||F|||50|]Metagross||Metagrossite|ClearBody|IronHead,BulletPunch,HammerArm,Protect|Adamant|||||50|]Charizard||CharizarditeY|Blaze|HeatWave,SolarBeam,WeatherBall,Protect|Timid||M|||50|]Toxapex||Leftovers|Regenerator|Infestation,Toxic,WideGuard,BanefulBunker|Impish||M|||50|
|inactive|Battle timer is ON: inactive players will automatically lose when time's up. (requested by rycully)
|inactive|aHpEl has 60 seconds left.
|inactive|aHpEl has 30 seconds left.
|inactive|aHpEl has 20 seconds left.
|
|t:|1783480549
|teamsize|p1|4
|teamsize|p2|4
|start
|switch|p1a: Sneasler|Sneasler, L50, M|100/100
|switch|p1b: Arcanine|Arcanine-Hisui, L50, M|100/100
|switch|p2a: Grimmsnarl|Grimmsnarl, L50, M|100/100
|switch|p2b: Hydreigon|Hydreigon, L50, M|100/100
|-ability|p1a: Sneasler|Pressure
|turn|1
|inactive|rycully has 30 seconds left.
|inactive|rycully has 20 seconds left.
|
|t:|1783480585
|move|p1b: Arcanine|Protect|p1b: Arcanine
|-singleturn|p1b: Arcanine|Protect
|move|p1a: Sneasler|Fake Out|p2a: Grimmsnarl
|-damage|p2a: Grimmsnarl|86/100
|cant|p2a: Grimmsnarl|flinch
|move|p2b: Hydreigon|Draco Meteor|p1a: Sneasler
|-damage|p1a: Sneasler|11/100
|-unboost|p2b: Hydreigon|spa|2
|
|upkeep
|turn|2
|
|t:|1783480605
|move|p2a: Grimmsnarl|Reflect|p2a: Grimmsnarl
|-sidestart|p2: rycully|Reflect
|move|p2b: Hydreigon|Draco Meteor|p1a: Sneasler
|-damage|p1a: Sneasler|0 fnt
|-unboost|p2b: Hydreigon|spa|2
|faint|p1a: Sneasler
|move|p1b: Arcanine|Head Smash|p2a: Grimmsnarl|[miss]
|-miss|p1b: Arcanine|p2a: Grimmsnarl
|
|upkeep
|
|t:|1783480612
|switch|p1a: Froslass|Froslass, L50, F|100/100
|turn|3
|
|t:|1783480631
|switch|p2b: Toxapex|Toxapex, L50, M|100/100
|detailschange|p1a: Froslass|Froslass-Mega, L50, F
|-mega|p1a: Froslass|Froslass|Froslassite
|-weather|Snowscape|[from] ability: Snow Warning|[of] p1a: Froslass
|move|p1a: Froslass|Blizzard|p2a: Grimmsnarl|[spread] p2a,p2b
|-resisted|p2b: Toxapex|1
|-damage|p2a: Grimmsnarl|53/100
|-damage|p2b: Toxapex|85/100
|-status|p2a: Grimmsnarl|frz
|move|p1b: Arcanine|Head Smash|p2a: Grimmsnarl
|-damage|p2a: Grimmsnarl|0 fnt
|faint|p2a: Grimmsnarl
|-damage|p1b: Arcanine|90/100|[from] item: Life Orb
|
|-weather|Snowscape|[upkeep]
|-heal|p2b: Toxapex|91/100|[from] item: Leftovers
|upkeep
|
|t:|1783480653
|switch|p2a: Hydreigon|Hydreigon, L50, M|100/100
|turn|4
|
|t:|1783480670
|move|p2a: Hydreigon|Dark Pulse|p1a: Froslass
|-supereffective|p1a: Froslass|1
|-damage|p1a: Froslass|7/100
|move|p1a: Froslass|Blizzard|p2b: Toxapex|[spread] p2a,p2b
|-supereffective|p2a: Hydreigon|1
|-resisted|p2b: Toxapex|1
|-damage|p2a: Hydreigon|14/100
|-damage|p2b: Toxapex|77/100
|move|p1b: Arcanine|Head Smash|p2b: Toxapex
|-damage|p2b: Toxapex|33/100
|-damage|p1b: Arcanine|80/100|[from] item: Life Orb
|move|p2b: Toxapex|Toxic|p1b: Arcanine
|-status|p1b: Arcanine|tox
|
|-weather|Snowscape|[upkeep]
|-heal|p2b: Toxapex|38/100|[from] item: Leftovers
|-damage|p1b: Arcanine|74/100 tox|[from] psn
|upkeep
|turn|5
|inactive|rycully has 30 seconds left.
|
|t:|1783480695
|move|p1a: Froslass|Protect|p1a: Froslass
|-singleturn|p1a: Froslass|Protect
|move|p2b: Toxapex|Baneful Bunker|p2b: Toxapex
|-singleturn|p2b: Toxapex|move: Protect
|move|p2a: Hydreigon|Dark Pulse|p1a: Froslass
|-activate|p1a: Froslass|move: Protect
|move|p1b: Arcanine|Rock Slide|p2a: Hydreigon|[spread] p2a
|-activate|p2b: Toxapex|move: Protect
|-damage|p2a: Hydreigon|0 fnt
|faint|p2a: Hydreigon
|-damage|p1b: Arcanine|64/100 tox|[from] item: Life Orb
|
|-weather|Snowscape|[upkeep]
|-heal|p2b: Toxapex|44/100|[from] item: Leftovers
|-damage|p1b: Arcanine|52/100 tox|[from] psn
|upkeep
|
|t:|1783480705
|switch|p2a: Charizard|Charizard, L50, M|100/100
|turn|6
|inactive|rycully has 30 seconds left.
|
|t:|1783480732
|switch|p1a: Basculegion|Basculegion, L50, M|100/100
|detailschange|p2a: Charizard|Charizard-Mega-Y, L50, M
|-mega|p2a: Charizard|Charizard|Charizardite Y
|-weather|SunnyDay|[from] ability: Drought|[of] p2a: Charizard
|move|p2a: Charizard|Protect|p2a: Charizard
|-singleturn|p2a: Charizard|Protect
|move|p1b: Arcanine|Head Smash|p2b: Toxapex
|-crit|p2b: Toxapex
|-damage|p2b: Toxapex|0 fnt
|faint|p2b: Toxapex
|-damage|p1b: Arcanine|42/100 tox|[from] item: Life Orb
|
|-weather|SunnyDay|[upkeep]
|-damage|p1b: Arcanine|25/100 tox|[from] psn
|-sideend|p2: rycully|Reflect
|upkeep
|turn|7
|inactive|rycully has 30 seconds left.
|
|t:|1783480762
|move|p2a: Charizard|Solar Beam||[still]
|-prepare|p2a: Charizard|Solar Beam
|-anim|p2a: Charizard|Solar Beam|p1a: Basculegion
|-supereffective|p1a: Basculegion|1
|-damage|p1a: Basculegion|15/100
|-enditem|p1a: Basculegion|Sitrus Berry|[eat]
|-heal|p1a: Basculegion|39/100|[from] item: Sitrus Berry
|move|p1b: Arcanine|Rock Slide|p2a: Charizard|[miss]
|-miss|p1b: Arcanine|p2a: Charizard
|move|p1a: Basculegion|Wave Crash|p2a: Charizard
|-supereffective|p2a: Charizard|1
|-damage|p2a: Charizard|23/100
|-damage|p1a: Basculegion|19/100|[from] Recoil
|
|-weather|SunnyDay|[upkeep]
|-damage|p1b: Arcanine|1/100 tox|[from] psn
|upkeep
|turn|8
|
|t:|1783480774
|move|p1a: Basculegion|Aqua Jet|p2a: Charizard
|-supereffective|p2a: Charizard|1
|-damage|p2a: Charizard|0 fnt
|faint|p2a: Charizard
|
|win|aHpEl
||rycully is ready for game 3.
||aHpEl is ready for game 3.
|uhtml|next|Next: Game 3 of 3
