|j|☆curios d'arte
|j|☆tonsofpax
|html|curios d'artetonsofpax    
|uhtml|bestof|Game 3 of a best-of-3
|t:|1756750303
|gametype|doubles
|player|p1|curios d'arte|miku-ghost|
|player|p2|tonsofpax|bellelba|
|gen|9
|tier|[Gen 9] VGC 2025 Reg H (Bo3)
|rule|Species Clause: Limit one of each Pokémon
|rule|Item Clause: Limit 1 of each item
|clearpoke
|poke|p1|Torkoal, L50, F|
|poke|p1|Crabominable, L50, F|
|poke|p1|Reuniclus, L50, M|
|poke|p1|Indeedee-F, L50, F|
|poke|p1|Bisharp, L50, M|
|poke|p1|Scrafty, L50, M|
|poke|p2|Indeedee-F, L50, F|
|poke|p2|Oricorio-Sensu, L50, F|
|poke|p2|Tauros-Paldea-Blaze, L50, M|
|poke|p2|Gastrodon-East, L50, F|
|poke|p2|Ribombee, L50, F|
|poke|p2|Raichu, L50, F|
|teampreview|4
|showteam|p1|Torkoal||Charcoal|Drought|EarthPower,Eruption,Protect,Flamethrower|||F|||50|,,,,,Fire]Crabominable||ClearAmulet|IronFist|IceHammer,Protect,DrainPunch,ThunderPunch|||F|||50|,,,,,Water]Reuniclus||TwistedSpoon|Overcoat|ExpandingForce,TrickRoom,Protect,FocusBlast|||M|||50|,,,,,Fighting]Indeedee-F||SafetyGoggles|OwnTempo|TrickRoom,FollowMe,Psychic,HelpingHand|||F|||50|,,,,,Water]Bisharp||Eviolite|Defiant|SuckerPunch,IronHead,Protect,ThroatChop|||M|||50|,,,,,Fairy]Scrafty||CovertCloak|Intimidate|Coaching,KnockOff,SuperFang,FakeOut|||M|||50|,,,,,Grass
|showteam|p2|Indeedee-F||RockyHelmet|PsychicSurge|FollowMe,TrickRoom,DazzlingGleam,HelpingHand|||F|||50|,,,,,Grass]Oricorio-Sensu||LifeOrb|Dancer|RevelationDance,AirSlash,QuiverDance,Protect|||F|||50|,,,,,Grass]Tauros-Paldea-Blaze||SafetyGoggles|Intimidate|FlareBlitz,CloseCombat,Protect,RagingBull|||M|||50|,,,,,Fire]Gastrodon-East||SitrusBerry|StormDrain|ClearSmog,EarthPower,Yawn,Protect|||F|||50|,,,,,Ghost]Ribombee||FocusSash|ShieldDust|Tailwind,QuiverDance,PollenPuff,Moonblast|||F|||50|,,,,,Fairy]Raichu||AssaultVest|LightningRod|FakeOut,Nuzzle,KnockOff,VoltSwitch|||F|||50|,,,,,Ghost
|inactive|Battle timer is ON: inactive players will automatically lose when time's up. (requested by curios d'arte)
|inactive|curios d'arte has 60 seconds left.
|inactive|tonsofpax has 60 seconds left.
|inactive|tonsofpax has 30 seconds left.
|
|t:|1756750373
|teamsize|p1|4
|teamsize|p2|4
|start
|switch|p1a: Reuniclus|Reuniclus, L50, M|100/100
|switch|p1b: Torkoal|Torkoal, L50, F|100/100
|switch|p2a: Gastruedon|Gastrodon-East, L50, F|100/100
|switch|p2b: Right U R|Raichu, L50, F|100/100
|-weather|SunnyDay|[from] ability: Drought|[of] p1b: Torkoal
|turn|1
|inactive|curios d'arte has 30 seconds left.
|
|t:|1756750400
|move|p1b: Torkoal|Protect|p1b: Torkoal
|-singleturn|p1b: Torkoal|Protect
|move|p2b: Right U R|Fake Out|p1a: Reuniclus
|-damage|p1a: Reuniclus|91/100
|cant|p1a: Reuniclus|flinch
|move|p2a: Gastruedon|Earth Power|p1b: Torkoal
|-activate|p1b: Torkoal|move: Protect
|
|-weather|SunnyDay|[upkeep]
|upkeep
|turn|2
|
|t:|1756750420
|move|p2b: Right U R|Knock Off|p1b: Torkoal
|-damage|p1b: Torkoal|83/100
|-enditem|p1b: Torkoal|Charcoal|[from] move: Knock Off|[of] p2b: Right U R
|move|p1a: Reuniclus|Expanding Force|p2b: Right U R
|-damage|p2b: Right U R|57/100
|move|p1b: Torkoal|Earth Power|p2b: Right U R
|-supereffective|p2b: Right U R
|-damage|p2b: Right U R|10/100
|move|p2a: Gastruedon|Yawn|p1a: Reuniclus
|-start|p1a: Reuniclus|move: Yawn|[of] p2a: Gastruedon
|
|-weather|SunnyDay|[upkeep]
|upkeep
|turn|3
|
|t:|1756750440
|move|p1b: Torkoal|Protect|p1b: Torkoal
|-singleturn|p1b: Torkoal|Protect
|move|p2b: Right U R|Volt Switch|p1b: Torkoal
|-activate|p1b: Torkoal|move: Protect
|move|p1a: Reuniclus|Expanding Force|p2b: Right U R
|-damage|p2b: Right U R|0 fnt
|faint|p2b: Right U R
|move|p2a: Gastruedon|Earth Power|p1b: Torkoal
|-activate|p1b: Torkoal|move: Protect
|
|-weather|SunnyDay|[upkeep]
|-end|p1a: Reuniclus|move: Yawn|[silent]
|-status|p1a: Reuniclus|slp
|upkeep
|
|t:|1756750452
|switch|p2b: Ribombagree|Ribombee, L50, F, shiny|100/100
|turn|4
|
|t:|1756750476
|move|p2b: Ribombagree|Moonblast|p1a: Reuniclus
|-damage|p1a: Reuniclus|52/100 slp
|-unboost|p1a: Reuniclus|spa|1
|cant|p1a: Reuniclus|slp
|move|p1b: Torkoal|Flamethrower|p2b: Ribombagree
|-supereffective|p2b: Ribombagree
|-enditem|p2b: Ribombagree|Focus Sash
|-damage|p2b: Ribombagree|1/100
|move|p2a: Gastruedon|Earth Power|p1b: Torkoal
|-supereffective|p1b: Torkoal
|-damage|p1b: Torkoal|0 fnt
|faint|p1b: Torkoal
|
|-weather|SunnyDay|[upkeep]
|upkeep
|
|t:|1756750492
|switch|p1b: Bisharp|Bisharp, L50, M|100/100
|turn|5
|
|t:|1756750507
|-terastallize|p1b: Bisharp|Fairy
|move|p1b: Bisharp|Sucker Punch|p2b: Ribombagree
|-resisted|p2b: Ribombagree
|-damage|p2b: Ribombagree|0 fnt
|faint|p2b: Ribombagree
|cant|p1a: Reuniclus|slp
|move|p2a: Gastruedon|Yawn|p1b: Bisharp
|-start|p1b: Bisharp|move: Yawn|[of] p2a: Gastruedon
|
|-weather|none
|upkeep
|
|t:|1756750515
|switch|p2b: Truthos|Tauros-Paldea-Blaze, L50, M|100/100
|-ability|p2b: Truthos|Intimidate|boost
|-unboost|p1a: Reuniclus|atk|1
|-unboost|p1b: Bisharp|atk|1
|-ability|p1b: Bisharp|Defiant|boost
|-boost|p1b: Bisharp|atk|2
|turn|6
|
|t:|1756750535
|-terastallize|p2b: Truthos|Fire
|move|p2b: Truthos|Raging Bull|p1a: Reuniclus
|-damage|p1a: Reuniclus|0 fnt
|faint|p1a: Reuniclus
|move|p1b: Bisharp|Throat Chop|p2a: Gastruedon
|-damage|p2a: Gastruedon|26/100
|-start|p2a: Gastruedon|Throat Chop|[silent]
|-enditem|p2a: Gastruedon|Sitrus Berry|[eat]
|-heal|p2a: Gastruedon|51/100|[from] item: Sitrus Berry
|move|p2a: Gastruedon|Clear Smog|p1b: Bisharp
|-supereffective|p1b: Bisharp
|-damage|p1b: Bisharp|74/100
|-clearboost|p1b: Bisharp
|
|-end|p1b: Bisharp|move: Yawn|[silent]
|-status|p1b: Bisharp|slp
|upkeep
|
|t:|1756750541
|switch|p1a: Crabominable|Crabominable, L50, F|100/100
|turn|7
|inactive|tonsofpax has 30 seconds left.
|
|t:|1756750568
|move|p1a: Crabominable|Protect|p1a: Crabominable
|-singleturn|p1a: Crabominable|Protect
|move|p2b: Truthos|Raging Bull|p1b: Bisharp
|-crit|p1b: Bisharp
|-damage|p1b: Bisharp|10/100 slp
|cant|p1b: Bisharp|slp
|move|p2a: Gastruedon|Earth Power|p1a: Crabominable
|-activate|p1a: Crabominable|move: Protect
|
|-end|p2a: Gastruedon|Throat Chop|[silent]
|upkeep
|turn|8
|
|t:|1756750593
|move|p2b: Truthos|Protect|p2b: Truthos
|-singleturn|p2b: Truthos|Protect
|-curestatus|p1b: Bisharp|slp|[msg]
|move|p1b: Bisharp|Sucker Punch||[still]
|-fail|p1b: Bisharp
|move|p1a: Crabominable|Ice Hammer|p2a: Gastruedon
|-damage|p2a: Gastruedon|0 fnt
|-unboost|p1a: Crabominable|spe|1
|faint|p2a: Gastruedon
|
|upkeep
|turn|9
|
|t:|1756750606
|move|p1b: Bisharp|Sucker Punch|p2b: Truthos
|-damage|p2b: Truthos|56/100
|move|p2b: Truthos|Raging Bull|p1b: Bisharp
|-damage|p1b: Bisharp|0 fnt
|faint|p1b: Bisharp
|move|p1a: Crabominable|Drain Punch|p2b: Truthos
|-damage|p2b: Truthos|0 fnt
|faint|p2b: Truthos
|
|win|curios d'arte
|c|☆tonsofpax|Gg
|c|☆curios d'arte|ggs
