|j|☆Beanybag
|j|☆dustyovengamingttv
|html|Beanybagdustyovengamingttv    
|uhtml|bestof|Game 1 of a best-of-3
|t:|1782997875
|gametype|doubles
|player|p1|Beanybag|266|1113
|player|p2|dustyovengamingttv|1|1070
|gen|9
|tier|[Gen 9 Champions] VGC 2026 Reg M-B (Bo3)
|rated|
|rule|Species Clause: Limit one of each Pokémon
|rule|Item Clause: Limit 1 of each item
|clearpoke
|poke|p1|Ampharos, L50, F|
|poke|p1|Lopunny, L50, F|
|poke|p1|Grimmsnarl, L50, M|
|poke|p1|Bellibolt, L50, M|
|poke|p1|Sinistcha, L50|
|poke|p1|Toxapex, L50, F|
|poke|p2|Eelektross, L50, F|
|poke|p2|Farigiraf, L50, M|
|poke|p2|Blaziken, L50, F|
|poke|p2|Whimsicott, L50, M|
|poke|p2|Sableye, L50, M|
|poke|p2|Primarina, L50, M|
|teampreview|4
|showteam|p1|Ampharos||Ampharosite|Static|CottonGuard,ParabolicCharge,DragonPulse,Protect|Sassy||F|||50|]Lopunny||Lopunnite|Limber|FakeOut,CloseCombat,SwordsDance,BrutalSwing|Jolly||F|||50|]Grimmsnarl||SitrusBerry|Prankster|FakeOut,PartingShot,SpiritBreak,LightScreen|Brave||M|||50|]Bellibolt||ShucaBerry|Electromorphosis|Soak,Toxic,VoltSwitch,SlackOff|Bold||M|||50|]Sinistcha||FocusSash|Hospitality|MatchaGotcha,RagePowder,Protect,TrickRoom|Quiet|||||50|]Toxapex||Leftovers|Merciless|BanefulBunker,Stockpile,Recover,PoisonJab|Sassy||F|||50|
|showteam|p2|Eelektross||Eelektrossite|Levitate|Thunder,DragonPulse,Protect,MuddyWater|Modest||F|||50|]Farigiraf||SitrusBerry|ArmorTail|TrickRoom,HelpingHand,Psychic,Protect|Sassy||M|||50|]Blaziken||Blazikenite|SpeedBoost|CloseCombat,FlareBlitz,Protect,RockSlide|Adamant||F|||50|]Whimsicott||FocusSash|Prankster|Tailwind,Moonblast,Encore,EnergyBall|Timid||M|||50|]Sableye||RoseliBerry|Prankster|RainDance,LightScreen,FakeOut,Reflect|Calm||M|||50|]Primarina||LifeOrb|LiquidVoice|Protect,HyperVoice,Moonblast,ShadowBall|Modest||M|||50|
|
|t:|1782997937
|teamsize|p1|4
|teamsize|p2|4
|start
|switch|p1a: Toxapex|Toxapex, L50, F|100/100
|switch|p1b: Bellibolt|Bellibolt, L50, M|100/100
|switch|p2a: Farigiraf|Farigiraf, L50, M|100/100
|switch|p2b: Primarina|Primarina, L50, M|100/100
|turn|1
|
|t:|1782997966
|move|p2b: Primarina|Protect|p2b: Primarina
|-singleturn|p2b: Primarina|Protect
|move|p2a: Farigiraf|Psychic|p1a: Toxapex
|-supereffective|p1a: Toxapex|1
|-damage|p1a: Toxapex|57/100
|move|p1b: Bellibolt|Volt Switch|p2b: Primarina
|-activate|p2b: Primarina|move: Protect
|move|p1a: Toxapex|Stockpile|p1a: Toxapex
|-start|p1a: Toxapex|stockpile1
|-boost|p1a: Toxapex|def|1
|-boost|p1a: Toxapex|spd|1
|
|-heal|p1a: Toxapex|63/100|[from] item: Leftovers
|upkeep
|turn|2
|
|t:|1782997985
|switch|p2b: Eelektross|Eelektross, L50, F|100/100
|move|p2a: Farigiraf|Psychic|p1a: Toxapex
|-supereffective|p1a: Toxapex|1
|-damage|p1a: Toxapex|31/100
|move|p1b: Bellibolt|Volt Switch|p2b: Eelektross
|-resisted|p2b: Eelektross|1
|-damage|p2b: Eelektross|84/100
|
|t:|1782997991
|switch|p1b: Sinistcha|Sinistcha, L50|100/100|[from] Volt Switch
|-heal|p1a: Toxapex|56/100|[from] ability: Hospitality|[of] p1b: Sinistcha
|move|p1a: Toxapex|Stockpile|p1a: Toxapex
|-start|p1a: Toxapex|stockpile2
|-boost|p1a: Toxapex|def|1
|-boost|p1a: Toxapex|spd|1
|
|-heal|p1a: Toxapex|62/100|[from] item: Leftovers
|upkeep
|turn|3
|
|t:|1782998019
|move|p2b: Eelektross|Protect|p2b: Eelektross
|-singleturn|p2b: Eelektross|Protect
|move|p1a: Toxapex|Baneful Bunker|p1a: Toxapex
|-singleturn|p1a: Toxapex|move: Protect
|move|p2a: Farigiraf|Psychic|p1a: Toxapex
|-activate|p1a: Toxapex|move: Protect
|move|p1b: Sinistcha|Trick Room|p1b: Sinistcha
|-fieldstart|move: Trick Room|[of] p1b: Sinistcha
|
|-heal|p1a: Toxapex|68/100|[from] item: Leftovers
|upkeep
|turn|4
|
|t:|1782998049
|switch|p1b: Bellibolt|Bellibolt, L50, M|100/100
|move|p1a: Toxapex|Stockpile|p1a: Toxapex
|-start|p1a: Toxapex|stockpile3
|-boost|p1a: Toxapex|def|1
|-boost|p1a: Toxapex|spd|1
|move|p2b: Eelektross|Dragon Pulse|p1a: Toxapex
|-damage|p1a: Toxapex|59/100
|move|p2a: Farigiraf|Trick Room|p2a: Farigiraf
|-fieldend|move: Trick Room
|
|-heal|p1a: Toxapex|65/100|[from] item: Leftovers
|upkeep
|turn|5
|
|t:|1782998069
|detailschange|p2b: Eelektross|Eelektross-Mega, L50, F
|-mega|p2b: Eelektross|Eelektross|Eelektrossite
|move|p2a: Farigiraf|Helping Hand|p2b: Eelektross
|-singleturn|p2b: Eelektross|Helping Hand|[of] p2a: Farigiraf
|move|p2b: Eelektross|Dragon Pulse|p1b: Bellibolt
|-damage|p1b: Bellibolt|47/100
|-start|p1b: Bellibolt|Charge|Dragon Pulse|[from] ability: Electromorphosis
|move|p1b: Bellibolt|Toxic|p2b: Eelektross
|-status|p2b: Eelektross|tox
|move|p1a: Toxapex|Poison Jab|p2a: Farigiraf
|-crit|p2a: Farigiraf
|-damage|p2a: Farigiraf|70/100
|
|-heal|p1a: Toxapex|71/100|[from] item: Leftovers
|-damage|p2b: Eelektross|78/100 tox|[from] psn
|upkeep
|turn|6
|
|t:|1782998089
|switch|p1b: Sinistcha|Sinistcha, L50|100/100
|-heal|p1a: Toxapex|96/100|[from] ability: Hospitality|[of] p1b: Sinistcha
|move|p2a: Farigiraf|Helping Hand|p2b: Eelektross
|-singleturn|p2b: Eelektross|Helping Hand|[of] p2a: Farigiraf
|move|p2b: Eelektross|Dragon Pulse|p1b: Sinistcha
|-damage|p1b: Sinistcha|44/100
|move|p1a: Toxapex|Poison Jab|p2b: Eelektross
|-crit|p2b: Eelektross
|-damage|p2b: Eelektross|47/100 tox
|
|-heal|p1a: Toxapex|100/100|[from] item: Leftovers
|-damage|p2b: Eelektross|34/100 tox|[from] psn
|upkeep
|turn|7
|
|t:|1782998110
|move|p1b: Sinistcha|Protect|p1b: Sinistcha
|-singleturn|p1b: Sinistcha|Protect
|move|p2b: Eelektross|Dragon Pulse|p1b: Sinistcha
|-activate|p1b: Sinistcha|move: Protect
|move|p2a: Farigiraf|Psychic|p1a: Toxapex
|-supereffective|p1a: Toxapex|1
|-damage|p1a: Toxapex|80/100
|move|p1a: Toxapex|Poison Jab|p2b: Eelektross
|-crit|p2b: Eelektross
|-damage|p2b: Eelektross|0 fnt
|faint|p2b: Eelektross
|
|-heal|p1a: Toxapex|86/100|[from] item: Leftovers
|upkeep
|
|t:|1782998122
|switch|p2b: Primarina|Primarina, L50, M|100/100
|turn|8
|
|t:|1782998156
|move|p1b: Sinistcha|Rage Powder|p1b: Sinistcha
|-singleturn|p1b: Sinistcha|move: Rage Powder
|move|p2b: Primarina|Shadow Ball|p1b: Sinistcha
|-supereffective|p1b: Sinistcha|1
|-damage|p1b: Sinistcha|0 fnt
|faint|p1b: Sinistcha
|-damage|p2b: Primarina|90/100|[from] item: Life Orb
|move|p2a: Farigiraf|Psychic|p1a: Toxapex
|-supereffective|p1a: Toxapex|1
|-damage|p1a: Toxapex|67/100
|move|p1a: Toxapex|Poison Jab|p2b: Primarina
|-supereffective|p2b: Primarina|1
|-damage|p2b: Primarina|39/100
|-status|p2b: Primarina|psn
|
|-heal|p1a: Toxapex|73/100|[from] item: Leftovers
|-damage|p2b: Primarina|26/100 psn|[from] psn
|upkeep
|
|t:|1782998165
|switch|p1b: Bellibolt|Bellibolt, L50, M|47/100
|turn|9
|
|t:|1782998187
|move|p2a: Farigiraf|Protect|p2a: Farigiraf
|-singleturn|p2a: Farigiraf|Protect
|move|p2b: Primarina|Hyper Voice|p1b: Bellibolt|[spread] p1a,p1b
|-resisted|p1a: Toxapex|1
|-damage|p1a: Toxapex|66/100
|-damage|p1b: Bellibolt|1/100
|-start|p1b: Bellibolt|Charge|Hyper Voice|[from] ability: Electromorphosis
|-damage|p2b: Primarina|17/100 psn|[from] item: Life Orb
|move|p1b: Bellibolt|Slack Off|p1b: Bellibolt
|-heal|p1b: Bellibolt|51/100
|move|p1a: Toxapex|Poison Jab|p2b: Primarina
|-supereffective|p2b: Primarina|1
|-crit|p2b: Primarina
|-damage|p2b: Primarina|0 fnt
|faint|p2b: Primarina
|
|-heal|p1a: Toxapex|72/100|[from] item: Leftovers
|upkeep
|
|t:|1782998202
|switch|p2b: Blaziken|Blaziken, L50, F|100/100
|turn|10
|
|t:|1782998213
|move|p2b: Blaziken|Flare Blitz|p1b: Bellibolt
|-damage|p1b: Bellibolt|9/100
|-status|p1b: Bellibolt|brn
|-start|p1b: Bellibolt|Charge|Flare Blitz|[from] ability: Electromorphosis
|-damage|p2b: Blaziken|80/100|[from] Recoil
|move|p2a: Farigiraf|Psychic|p1a: Toxapex
|-supereffective|p1a: Toxapex|1
|-damage|p1a: Toxapex|53/100
|move|p1b: Bellibolt|Slack Off|p1b: Bellibolt
|-heal|p1b: Bellibolt|60/100 brn
|move|p1a: Toxapex|Poison Jab|p2b: Blaziken
|-damage|p2b: Blaziken|48/100
|-status|p2b: Blaziken|psn
|
|-heal|p1a: Toxapex|59/100|[from] item: Leftovers
|-damage|p2b: Blaziken|36/100 psn|[from] psn
|-damage|p1b: Bellibolt|53/100 brn|[from] brn
|-ability|p2b: Blaziken|Speed Boost|boost
|-boost|p2b: Blaziken|spe|1
|upkeep
|turn|11
|
|t:|1782998234
|move|p2b: Blaziken|Rock Slide|p1b: Bellibolt|[spread] p1a,p1b
|-damage|p1a: Toxapex|52/100
|-damage|p1b: Bellibolt|40/100 brn
|-start|p1b: Bellibolt|Charge|Rock Slide|[from] ability: Electromorphosis
|move|p2a: Farigiraf|Psychic|p1a: Toxapex
|-supereffective|p1a: Toxapex|1
|-damage|p1a: Toxapex|35/100
|cant|p1b: Bellibolt|flinch
|move|p1a: Toxapex|Recover|p1a: Toxapex
|-heal|p1a: Toxapex|85/100
|
|-heal|p1a: Toxapex|91/100|[from] item: Leftovers
|-damage|p2b: Blaziken|24/100 psn|[from] psn
|-damage|p1b: Bellibolt|34/100 brn|[from] brn
|-ability|p2b: Blaziken|Speed Boost|boost
|-boost|p2b: Blaziken|spe|1
|upkeep
|turn|12
|-message|dustyovengamingttv forfeited.
|
|win|Beanybag
|l|☆dustyovengamingttv
|player|p2|
