|j|☆MrTedno
|j|☆crudo de fava
|html|MrTednocrudo de fava    
|uhtml|bestof|Game 3 of a best-of-3
|t:|1757707121
|gametype|doubles
|player|p1|MrTedno|barry|1285
|player|p2|crudo de fava|ingo|1441
|gen|9
|tier|[Gen 9] VGC 2025 Reg H (Bo3)
|rated|
|rule|Species Clause: Limit one of each Pokémon
|rule|Item Clause: Limit 1 of each item
|clearpoke
|poke|p1|Ninetales-Alola, L50, F|
|poke|p1|Garchomp, L50, F|
|poke|p1|Flamigo, L50, M|
|poke|p1|Incineroar, L50, F|
|poke|p1|Gholdengo, L50|
|poke|p1|Amoonguss, L50, M|
|poke|p2|Dragonite, L50, M|
|poke|p2|Gholdengo, L50|
|poke|p2|Archaludon, L50, M|
|poke|p2|Pelipper, L50, M|
|poke|p2|Ursaluna, L50, M|
|poke|p2|Sinistcha, L50|
|teampreview|4
|showteam|p1|Ninetales-Alola||LightClay|SnowWarning|Protect,Blizzard,FreezeDry,AuroraVeil|||F|||50|,,,,,Water]Garchomp||ClearAmulet|RoughSkin|Earthquake,DragonClaw,StompingTantrum,Protect|||F|||50|,,,,,Fire]Flamigo||CovertCloak|Scrappy|BraveBird,CloseCombat,Tailwind,Detect|||M|||50|,,,,,Dark]Incineroar||SafetyGoggles|Intimidate|FakeOut,PartingShot,FlareBlitz,KnockOff|||F|||50|,,,,,Ghost]Gholdengo||LifeOrb|GoodasGold|ShadowBall,MakeItRain,NastyPlot,Protect||||||50|,,,,,Flying]Amoonguss||SitrusBerry|Regenerator|Spore,RagePowder,PollenPuff,ClearSmog|||M|||50|,,,,,Water
|showteam|p2|Dragonite||LoadedDice|Multiscale|ScaleShot,Tailwind,Haze,Protect|||M|||50|,,,,,Fairy]Gholdengo||ChoiceScarf|GoodasGold|MakeItRain,ShadowBall,Trick,PowerGem||||||50|,,,,,Flying]Archaludon||AssaultVest|Stamina|ElectroShot,DragonPulse,BodyPress,Snarl|||M|||50|,,,,,Bug]Pelipper||SafetyGoggles|Drizzle|MuddyWater,Hurricane,Tailwind,Protect|||M|||50|,,,,,Ground]Ursaluna||FlameOrb|Guts|Earthquake,Facade,HeadlongRush,Protect|||M|||50|,,,,,Ghost]Sinistcha||SitrusBerry|Hospitality|MatchaGotcha,RagePowder,TrickRoom,LifeDew||||||50|,,,,,Dark
|
|t:|1757707179
|teamsize|p1|4
|teamsize|p2|4
|start
|switch|p1a: Marty|Flamigo, L50, M|100/100
|switch|p1b: Julien|Incineroar, L50, F|100/100
|switch|p2a: Dragonite|Dragonite, L50, M|100/100
|switch|p2b: Ursaluna|Ursaluna, L50, M|100/100
|-ability|p1b: Julien|Intimidate|boost
|-unboost|p2a: Dragonite|atk|1
|-unboost|p2b: Ursaluna|atk|1
|turn|1
|inactive|Battle timer is ON: inactive players will automatically lose when time's up. (requested by crudo de fava)
|inactive|MrTedno has 60 seconds left.
|inactive|crudo de fava has 60 seconds left.
|inactive|MrTedno has 30 seconds left.
|
|t:|1757707243
|move|p2a: Dragonite|Protect|p2a: Dragonite
|-singleturn|p2a: Dragonite|Protect
|move|p2b: Ursaluna|Protect|p2b: Ursaluna
|-singleturn|p2b: Ursaluna|Protect
|move|p1a: Marty|Tailwind|p1a: Marty
|-sidestart|p1: MrTedno|move: Tailwind
|move|p1b: Julien|Parting Shot|p2b: Ursaluna
|-activate|p2b: Ursaluna|move: Protect
|
|-status|p2b: Ursaluna|brn|[from] item: Flame Orb
|upkeep
|turn|2
|inactive|MrTedno has 30 seconds left.
|inactive|crudo de fava has 30 seconds left.
|inactive|MrTedno has 20 seconds left.
|inactive|MrTedno has 15 seconds left.
|inactive|crudo de fava has 20 seconds left.
|inactive|crudo de fava has 15 seconds left.
|inactive|crudo de fava has 10 seconds left.
|inactive|crudo de fava has 5 seconds left.
|
|t:|1757707308
|-terastallize|p2b: Ursaluna|Ghost
|move|p1a: Marty|Close Combat|p2b: Ursaluna
|-damage|p2b: Ursaluna|58/100 brn
|-unboost|p1a: Marty|def|1
|-unboost|p1a: Marty|spd|1
|move|p1b: Julien|Knock Off|p2b: Ursaluna
|-supereffective|p2b: Ursaluna
|-damage|p2b: Ursaluna|0 fnt
|-enditem|p2b: Ursaluna|Flame Orb|[from] move: Knock Off|[of] p1b: Julien
|faint|p2b: Ursaluna
|move|p2a: Dragonite|Tailwind|p2a: Dragonite
|-sidestart|p2: crudo de fava|move: Tailwind
|
|upkeep
|
|t:|1757707325
|switch|p2b: Gholdengo|Gholdengo, L50|100/100
|turn|3
|inactive|MrTedno has 30 seconds left.
|inactive|MrTedno has 20 seconds left.
|inactive|MrTedno has 15 seconds left.
|inactive|MrTedno has 10 seconds left.
|
|t:|1757707371
|switch|p1b: Skipper|Gholdengo, L50|100/100
|move|p1a: Marty|Detect|p1a: Marty
|-singleturn|p1a: Marty|Protect
|move|p2b: Gholdengo|Make It Rain|p1a: Marty|[spread] p1b
|-activate|p1a: Marty|move: Protect
|-resisted|p1b: Skipper
|-damage|p1b: Skipper|74/100
|-unboost|p2b: Gholdengo|spa|1
|move|p2a: Dragonite|Scale Shot|p1b: Skipper
|-resisted|p1b: Skipper
|-damage|p1b: Skipper|69/100
|-resisted|p1b: Skipper
|-damage|p1b: Skipper|64/100
|-resisted|p1b: Skipper
|-damage|p1b: Skipper|58/100
|-resisted|p1b: Skipper
|-damage|p1b: Skipper|54/100
|-hitcount|p1b: Skipper|4
|-unboost|p2a: Dragonite|def|1
|-boost|p2a: Dragonite|spe|1
|
|upkeep
|turn|4
|inactive|MrTedno has 30 seconds left.
|inactive|MrTedno has 20 seconds left.
|inactive|MrTedno has 15 seconds left.
|inactive|crudo de fava has 30 seconds left.
|
|t:|1757707416
|switch|p2b: Sinistcha|Sinistcha, L50|100/100
|switch|p1a: Julien|Incineroar, L50, F|100/100
|-ability|p1a: Julien|Intimidate|boost
|-unboost|p2a: Dragonite|atk|1
|-unboost|p2b: Sinistcha|atk|1
|move|p2a: Dragonite|Scale Shot|p1a: Julien
|-damage|p1a: Julien|94/100
|-crit|p1a: Julien
|-damage|p1a: Julien|74/100
|-damage|p1a: Julien|68/100
|-damage|p1a: Julien|62/100
|-hitcount|p1a: Julien|4
|-unboost|p2a: Dragonite|def|1
|-boost|p2a: Dragonite|spe|1
|move|p1b: Skipper|Make It Rain|p2a: Dragonite|[spread] p2a,p2b
|-damage|p2a: Dragonite|76/100
|-damage|p2b: Sinistcha|48/100
|-unboost|p1b: Skipper|spa|1
|-enditem|p2b: Sinistcha|Sitrus Berry|[eat]
|-heal|p2b: Sinistcha|72/100|[from] item: Sitrus Berry
|-damage|p1b: Skipper|44/100|[from] item: Life Orb
|
|-sideend|p1: MrTedno|move: Tailwind
|upkeep
|turn|5
|inactive|MrTedno has 30 seconds left.
|inactive|crudo de fava has 30 seconds left.
|inactive|MrTedno has 20 seconds left.
|inactive|MrTedno has 15 seconds left.
|inactive|MrTedno has 10 seconds left.
|inactive|MrTedno has 5 seconds left.
|
|t:|1757707469
|move|p2a: Dragonite|Protect|p2a: Dragonite
|-singleturn|p2a: Dragonite|Protect
|move|p1a: Julien|Fake Out|p2a: Dragonite
|-activate|p2a: Dragonite|move: Protect
|move|p2b: Sinistcha|Matcha Gotcha|p1a: Julien|[spread] p1a,p1b
|-resisted|p1a: Julien
|-resisted|p1b: Skipper
|-damage|p1a: Julien|53/100
|-heal|p2b: Sinistcha|77/100|[from] drain|[of] p1a: Julien
|-damage|p1b: Skipper|32/100
|-heal|p2b: Sinistcha|84/100|[from] drain|[of] p1b: Skipper
|move|p1b: Skipper|Shadow Ball|p2b: Sinistcha
|-supereffective|p2b: Sinistcha
|-damage|p2b: Sinistcha|21/100
|-damage|p1b: Skipper|22/100|[from] item: Life Orb
|
|-sideend|p2: crudo de fava|move: Tailwind
|upkeep
|turn|6
|inactive|crudo de fava has 30 seconds left.
|
|t:|1757707500
|switch|p1a: Gloria|Ninetales-Alola, L50, F|100/100
|-weather|Snowscape|[from] ability: Snow Warning|[of] p1a: Gloria
|move|p2a: Dragonite|Haze|p2a: Dragonite
|-clearallboost
|move|p1b: Skipper|Shadow Ball|p2b: Sinistcha
|-supereffective|p2b: Sinistcha
|-damage|p2b: Sinistcha|0 fnt
|faint|p2b: Sinistcha
|-damage|p1b: Skipper|13/100|[from] item: Life Orb
|
|-weather|Snowscape|[upkeep]
|upkeep
|
|t:|1757707504
|switch|p2b: Gholdengo|Gholdengo, L50|100/100
|turn|7
|inactive|MrTedno has 30 seconds left.
|inactive|MrTedno has 20 seconds left.
|inactive|MrTedno has 15 seconds left.
|inactive|MrTedno has 10 seconds left.
|
|t:|1757707554
|move|p1a: Gloria|Protect|p1a: Gloria
|-singleturn|p1a: Gloria|Protect
|move|p2b: Gholdengo|Make It Rain|p1b: Skipper|[spread] p1b
|-activate|p1a: Gloria|move: Protect
|-resisted|p1b: Skipper
|-damage|p1b: Skipper|0 fnt
|-unboost|p2b: Gholdengo|spa|1
|faint|p1b: Skipper
|move|p2a: Dragonite|Tailwind|p2a: Dragonite
|-sidestart|p2: crudo de fava|move: Tailwind
|
|-weather|Snowscape|[upkeep]
|upkeep
|
|t:|1757707565
|switch|p1b: Julien|Incineroar, L50, F|53/100
|-ability|p1b: Julien|Intimidate|boost
|-unboost|p2a: Dragonite|atk|1
|-unboost|p2b: Gholdengo|atk|1
|turn|8
|
|t:|1757707580
|-terastallize|p1a: Gloria|Water
|move|p2a: Dragonite|Protect|p2a: Dragonite
|-singleturn|p2a: Dragonite|Protect
|move|p1b: Julien|Fake Out|p2a: Dragonite
|-activate|p2a: Dragonite|move: Protect
|move|p2b: Gholdengo|Make It Rain|p1b: Julien|[spread] p1a,p1b
|-resisted|p1a: Gloria
|-resisted|p1b: Julien
|-damage|p1a: Gloria|84/100
|-damage|p1b: Julien|40/100
|-unboost|p2b: Gholdengo|spa|1
|move|p1a: Gloria|Aurora Veil|p1a: Gloria
|-sidestart|p1: MrTedno|move: Aurora Veil
|
|-weather|Snowscape|[upkeep]
|upkeep
|turn|9
|
|t:|1757707597
|move|p2b: Gholdengo|Make It Rain|p1a: Gloria|[spread] p1a,p1b
|-resisted|p1a: Gloria
|-resisted|p1b: Julien
|-damage|p1a: Gloria|76/100
|-damage|p1b: Julien|33/100
|-unboost|p2b: Gholdengo|spa|1
|move|p2a: Dragonite|Scale Shot|p1a: Gloria|[miss]
|-miss|p2a: Dragonite|p1a: Gloria
|move|p1a: Gloria|Blizzard|p2b: Gholdengo|[spread] p2a,p2b
|-supereffective|p2a: Dragonite
|-resisted|p2b: Gholdengo
|-damage|p2a: Dragonite|0 fnt
|-damage|p2b: Gholdengo|86/100
|faint|p2a: Dragonite
|move|p1b: Julien|Knock Off|p2b: Gholdengo
|-supereffective|p2b: Gholdengo
|-damage|p2b: Gholdengo|0 fnt
|-enditem|p2b: Gholdengo|Choice Scarf|[from] move: Knock Off|[of] p1b: Julien
|faint|p2b: Gholdengo
|
|win|MrTedno
|raw|MrTedno's rating: 1285 → 1321(+36 for winning)
|raw|crudo de fava's rating: 1441 → 1413(-28 for losing)
|l|☆crudo de fava
|player|p2|
|c|☆MrTedno|ggwp
|l|☆MrTedno
|player|p1|
