|j|☆0-x ft wayne
|j|☆Brutalandathebozz
|html|0-x ft wayneBrutalandathebozz    
|uhtml|bestof|Game 1 of a best-of-3
|t:|1756309662
|gametype|doubles
|player|p1|0-x ft wayne|kamado-armor|1176
|player|p2|Brutalandathebozz|101|1278
|gen|9
|tier|[Gen 9] VGC 2025 Reg H (Bo3)
|rated|
|rule|Species Clause: Limit one of each Pokémon
|rule|Item Clause: Limit 1 of each item
|clearpoke
|poke|p1|Garchomp, L50, M|
|poke|p1|Sneasler, L50, F|
|poke|p1|Incineroar, L50, M|
|poke|p1|Amoonguss, L50, M|
|poke|p1|Vivillon, L50, M|
|poke|p1|Ninetales-Alola, L50, M|
|poke|p2|Hydreigon, L50, F|
|poke|p2|Sneasler, L50, M|
|poke|p2|Electabuzz, L50, F|
|poke|p2|Rillaboom, L50, M|
|poke|p2|Primarina, L50, M|
|poke|p2|Kingambit, L50, M|
|teampreview|4
|showteam|p1|Garchomp||LifeOrb|RoughSkin|Earthquake,DragonClaw,StompingTantrum,Protect|||M|||50|,,,,,Ground]Sneasler||WhiteHerb|Unburden|FakeOut,Protect,DireClaw,CloseCombat|||F|||50|,,,,,Stellar]Incineroar||SafetyGoggles|Intimidate|FakeOut,FlareBlitz,KnockOff,PartingShot|||M|||50|,,,,,Ghost]Amoonguss||SitrusBerry|Regenerator|Spore,RagePowder,PollenPuff,Protect|||M|||50|,,,,,Water]Vivillon||FocusSash|CompoundEyes|Hurricane,SleepPowder,RagePowder,Protect|||M|||50|,,,,,Ghost]Ninetales-Alola||CovertCloak|SnowWarning|Blizzard,Encore,FreezeDry,IcyWind|||M|||50|,,,,,Water
|showteam|p2|Hydreigon||LifeOrb|Levitate|DracoMeteor,Snarl,Tailwind,Protect|||F|||50|,,,,,Ghost]Sneasler||FocusSash|PoisonTouch|FakeOut,CloseCombat,DireClaw,Protect|||M|||50|,,,,,Ghost]Electabuzz||Eviolite|VitalSpirit|Protect,Taunt,FollowMe,Electroweb|||F|||50|,,,,,Ghost]Rillaboom||AssaultVest|GrassySurge|WoodHammer,GrassyGlide,FakeOut,HighHorsepower|||M|||50|,,,,,Fire]Primarina||SitrusBerry|LiquidVoice|HyperVoice,Moonblast,Protect,Haze|||M|||50|,,,,,Poison]Kingambit||BlackGlasses|Defiant|KowtowCleave,SuckerPunch,Protect,SwordsDance|||M|||50|,,,,,Dark
|inactive|Battle timer is ON: inactive players will automatically lose when time's up. (requested by 0-x ft wayne)
|
|t:|1756309724
|teamsize|p1|4
|teamsize|p2|4
|start
|switch|p1a: Kaladin|Garchomp, L50, M, shiny|100/100
|switch|p1b: Sneasler|Sneasler, L50, F|100/100
|switch|p2a: Electabuzz|Electabuzz, L50, F|100/100
|switch|p2b: Primarina|Primarina, L50, M|100/100
|turn|1
|inactive|0-x ft wayne has 30 seconds left.
|inactive|Brutalandathebozz has 30 seconds left.
|inactive|0-x ft wayne has 20 seconds left.
|
|t:|1756309763
|move|p2a: Electabuzz|Protect|p2a: Electabuzz
|-singleturn|p2a: Electabuzz|Protect
|move|p2b: Primarina|Protect|p2b: Primarina
|-singleturn|p2b: Primarina|Protect
|move|p1b: Sneasler|Fake Out|p2b: Primarina
|-activate|p2b: Primarina|move: Protect
|move|p1a: Kaladin|Stomping Tantrum|p2a: Electabuzz
|-activate|p2a: Electabuzz|move: Protect
|
|upkeep
|turn|2
|inactive|0-x ft wayne has 30 seconds left.
|inactive|Brutalandathebozz has 30 seconds left.
|inactive|Brutalandathebozz has 20 seconds left.
|inactive|Brutalandathebozz has 15 seconds left.
|
|t:|1756309806
|switch|p1b: Vivillon|Vivillon, L50, M|100/100
|switch|p2a: Rillaboom|Rillaboom, L50, M|100/100
|-fieldstart|move: Grassy Terrain|[from] ability: Grassy Surge|[of] p2a: Rillaboom
|-terastallize|p1a: Kaladin|Ground
|-terastallize|p2b: Primarina|Poison
|move|p1a: Kaladin|Earthquake|p2a: Rillaboom|[spread] p2a,p2b
|-immune|p1b: Vivillon
|-resisted|p2a: Rillaboom
|-supereffective|p2b: Primarina
|-damage|p2a: Rillaboom|78/100
|-damage|p2b: Primarina|20/100
|-enditem|p2b: Primarina|Sitrus Berry|[eat]
|-heal|p2b: Primarina|44/100|[from] item: Sitrus Berry
|-damage|p1a: Kaladin|91/100|[from] item: Life Orb
|move|p2b: Primarina|Moonblast|p1a: Kaladin
|-damage|p1a: Kaladin|36/100
|
|-heal|p1a: Kaladin|42/100|[from] Grassy Terrain
|-heal|p2a: Rillaboom|84/100|[from] Grassy Terrain
|-heal|p2b: Primarina|50/100|[from] Grassy Terrain
|upkeep
|turn|3
|inactive|0-x ft wayne has 30 seconds left.
|inactive|Brutalandathebozz has 30 seconds left.
|
|t:|1756309841
|switch|p2b: Electabuzz|Electabuzz, L50, F|100/100
|move|p1a: Kaladin|Protect|p1a: Kaladin
|-singleturn|p1a: Kaladin|Protect
|move|p1b: Vivillon|Protect|p1b: Vivillon
|-singleturn|p1b: Vivillon|Protect
|move|p2a: Rillaboom|Grassy Glide|p1a: Kaladin
|-activate|p1a: Kaladin|move: Protect
|
|-heal|p1a: Kaladin|48/100|[from] Grassy Terrain
|-heal|p2a: Rillaboom|90/100|[from] Grassy Terrain
|upkeep
|turn|4
|inactive|0-x ft wayne has 30 seconds left.
|
|t:|1756309867
|switch|p1a: Sneasler|Sneasler, L50, F|100/100
|move|p2a: Rillaboom|Grassy Glide|p1a: Sneasler
|-resisted|p1a: Sneasler
|-damage|p1a: Sneasler|75/100
|move|p2b: Electabuzz|Taunt|p1b: Vivillon
|-start|p1b: Vivillon|move: Taunt
|move|p1b: Vivillon|Hurricane|p2a: Rillaboom
|-supereffective|p2a: Rillaboom
|-damage|p2a: Rillaboom|24/100
|-start|p2a: Rillaboom|confusion
|
|-heal|p1a: Sneasler|81/100|[from] Grassy Terrain
|-heal|p2a: Rillaboom|31/100|[from] Grassy Terrain
|upkeep
|turn|5
|inactive|0-x ft wayne has 30 seconds left.
|inactive|0-x ft wayne has 20 seconds left.
|inactive|0-x ft wayne has 15 seconds left.
|
|t:|1756309907
|switch|p1b: Ninetales|Ninetales-Alola, L50, M, shiny|100/100
|-weather|Snowscape|[from] ability: Snow Warning|[of] p1b: Ninetales
|switch|p2a: Primarina|Primarina, L50, M, tera:Poison|50/100
|move|p1a: Sneasler|Dire Claw|p2a: Primarina
|-resisted|p2a: Primarina
|-damage|p2a: Primarina|25/100
|-status|p2a: Primarina|slp
|move|p2b: Electabuzz|Electroweb|p1b: Ninetales|[spread] p1a,p1b
|-damage|p1a: Sneasler|63/100
|-damage|p1b: Ninetales|84/100
|-unboost|p1a: Sneasler|spe|1
|-enditem|p1a: Sneasler|White Herb
|-clearnegativeboost|p1a: Sneasler|[silent]
|
|-weather|Snowscape|[upkeep]
|-heal|p1a: Sneasler|69/100|[from] Grassy Terrain
|-heal|p1b: Ninetales|90/100|[from] Grassy Terrain
|-heal|p2a: Primarina|30/100 slp|[from] Grassy Terrain
|upkeep
|turn|6
|inactive|0-x ft wayne has 30 seconds left.
|inactive|Brutalandathebozz has 30 seconds left.
|-message|Brutalandathebozz forfeited.
|
|win|0-x ft wayne
||0-x ft wayne is ready for game 2.
||Brutalandathebozz is ready for game 2.
|uhtml|next|Next: Game 2 of 3
