|j|☆XelaMaster
|j|‽bathoven
|html|XelaMasterbathoven    
|uhtml|bestof|Game 1 of a best-of-3
|t:|1784663636
|gametype|doubles
|player|p1|XelaMaster|volkner|1109
|player|p2|bathoven|pokemaniac|1113
|gen|9
|tier|[Gen 9 Champions] VGC 2026 Reg M-B (Bo3)
|rated|
|rule|Species Clause: Limit one of each Pokémon
|rule|Item Clause: Limit 1 of each item
|clearpoke
|poke|p1|Floette-Eternal, L50, F|
|poke|p1|Basculegion, L50, M|
|poke|p1|Kingambit, L50, M|
|poke|p1|Charizard, L50, M|
|poke|p1|Garchomp, L50, F|
|poke|p1|Whimsicott, L50, M|
|poke|p2|Typhlosion, L50, M|
|poke|p2|Froslass, L50, F|
|poke|p2|Aerodactyl, L50, M|
|poke|p2|Raichu, L50, M|
|poke|p2|Tsareena, L50, F|
|poke|p2|Basculegion, L50, M|
|teampreview|4
|showteam|p1|Floette-Eternal||Floettite|FlowerVeil|DazzlingGleam,Moonblast,LightofRuin,Protect|Timid||F|||50|]Basculegion||MysticWater|SwiftSwim|LastRespects,AquaJet,WaveCrash,Protect|Adamant||M|||50|]Kingambit||BlackGlasses|Defiant|KowtowCleave,IronHead,SuckerPunch,Protect|Adamant||M|||50|]Charizard||CharizarditeY|Blaze|WeatherBall,HeatWave,SolarBeam,Protect|Modest||M|||50|]Garchomp||LifeOrb|SandVeil|Earthquake,DragonClaw,RockSlide,Protect|Jolly||F|||50|]Whimsicott||FocusSash|Prankster|Moonblast,Encore,Tailwind,Protect|Timid||M|||50|
|showteam|p2|Typhlosion||ChoiceScarf|FlashFire|FocusBlast,ShadowBall,HeatWave,Eruption|Modest||M|||50|]Froslass||Froslassite|CursedBody|ShadowBall,AuroraVeil,Protect,Blizzard|Timid||F|||50|]Aerodactyl||Aerodactylite|Unnerve|Tailwind,RockSlide,DualWingbeat,Protect|Jolly||M|||50|]Raichu||FocusSash|LightningRod|FakeOut,HelpingHand,Encore,Thunderbolt|Hasty||M|||50|]Tsareena||SitrusBerry|QueenlyMajesty|LowKick,TropKick,Taunt,TripleAxel|Adamant||F|||50|]Basculegion||LifeOrb|Adaptability|Protect,LastRespects,WaveCrash,AquaJet|Adamant||M|||50|
|inactive|Battle timer is ON: inactive players will automatically lose when time's up. (requested by bathoven)
|inactive|XelaMaster also wants the timer to be on.
|inactive|bathoven has 60 seconds left.
|
|t:|1784663673
|teamsize|p1|4
|teamsize|p2|4
|start
|switch|p1a: Charizard|Charizard, L50, M|100/100
|switch|p1b: Whimsicott|Whimsicott, L50, M|100/100
|switch|p2a: Tsareena|Tsareena, L50, F|100/100
|switch|p2b: Raichu|Raichu, L50, M|100/100
|turn|1
|
|t:|1784663697
|switch|p2a: Typhlosion|Typhlosion, L50, M|100/100
|move|p1b: Whimsicott|Protect|p1b: Whimsicott
|-singleturn|p1b: Whimsicott|Protect
|move|p1a: Charizard|Protect|p1a: Charizard
|-singleturn|p1a: Charizard|Protect
|move|p2b: Raichu|Fake Out|p1b: Whimsicott
|-activate|p1b: Whimsicott|move: Protect
|
|upkeep
|turn|2
|
|t:|1784663713
|switch|p1a: Garchomp|Garchomp, L50, F|100/100
|move|p2b: Raichu|Helping Hand|p2a: Typhlosion
|-singleturn|p2a: Typhlosion|Helping Hand|[of] p2b: Raichu
|move|p1b: Whimsicott|Tailwind|p1b: Whimsicott
|-sidestart|p1: XelaMaster|move: Tailwind
|move|p2a: Typhlosion|Eruption|p1b: Whimsicott|[spread] p1a,p1b
|-resisted|p1a: Garchomp|1
|-supereffective|p1b: Whimsicott|1
|-damage|p1a: Garchomp|50/100g
|-enditem|p1b: Whimsicott|Focus Sash
|-damage|p1b: Whimsicott|1/100
|
|upkeep
|turn|3
|
|t:|1784663737
|switch|p2a: Aerodactyl|Aerodactyl, L50, M|100/100
|-ability|p2a: Aerodactyl|Unnerve
|switch|p2b: Tsareena|Tsareena, L50, F|100/100
|move|p1b: Whimsicott|Moonblast|p2b: Tsareena
|-damage|p2b: Tsareena|67/100
|move|p1a: Garchomp|Earthquake|p2a: Aerodactyl|[spread] p1b,p2b
|-immune|p2a: Aerodactyl
|-resisted|p1b: Whimsicott|1
|-resisted|p2b: Tsareena|1
|-damage|p1b: Whimsicott|0 fnt
|-damage|p2b: Tsareena|45/100
|-enditem|p2b: Tsareena|Sitrus Berry|[eat]
|-heal|p2b: Tsareena|70/100|[from] item: Sitrus Berry
|faint|p1b: Whimsicott
|-damage|p1a: Garchomp|40/100|[from] item: Life Orb
|
|upkeep
|inactive|XelaMaster has 30 seconds left.
|inactive|XelaMaster has 20 seconds left.
|
|t:|1784663776
|switch|p1b: Charizard|Charizard, L50, M|100/100
|turn|4
|
|t:|1784663790
|detailschange|p1b: Charizard|Charizard-Mega-Y, L50, M
|-mega|p1b: Charizard|Charizard|Charizardite Y
|-weather|SunnyDay|[from] ability: Drought|[of] p1b: Charizard
|detailschange|p2a: Aerodactyl|Aerodactyl-Mega, L50, M
|-mega|p2a: Aerodactyl|Aerodactyl|Aerodactylite
|move|p1a: Garchomp|Rock Slide|p2a: Aerodactyl|[spread] p2a,p2b
|-supereffective|p2a: Aerodactyl|1
|-damage|p2a: Aerodactyl|36/100
|-damage|p2b: Tsareena|46/100
|-damage|p1a: Garchomp|31/100|[from] item: Life Orb
|move|p1b: Charizard|Heat Wave|p2a: Aerodactyl|[spread] p2a,p2b
|-resisted|p2a: Aerodactyl|1
|-crit|p2a: Aerodactyl
|-supereffective|p2b: Tsareena|1
|-damage|p2a: Aerodactyl|0 fnt
|-damage|p2b: Tsareena|0 fnt
|faint|p2a: Aerodactyl
|faint|p2b: Tsareena
|
|-weather|SunnyDay|[upkeep]
|upkeep
|
|t:|1784663802
|switch|p2a: Typhlosion|Typhlosion, L50, M|100/100
|switch|p2b: Raichu|Raichu, L50, M|100/100
|turn|5
|
|t:|1784663826
|move|p1b: Charizard|Protect|p1b: Charizard
|-singleturn|p1b: Charizard|Protect
|move|p2b: Raichu|Fake Out|p1a: Garchomp
|-damage|p1a: Garchomp|22/100
|cant|p1a: Garchomp|flinch
|move|p2a: Typhlosion|Eruption|p1a: Garchomp|[spread] p1a
|-activate|p1b: Charizard|move: Protect
|-resisted|p1a: Garchomp|1
|-damage|p1a: Garchomp|0 fnt
|faint|p1a: Garchomp
|
|-weather|SunnyDay|[upkeep]
|-sideend|p1: XelaMaster|move: Tailwind
|upkeep
|
|t:|1784663842
|switch|p1a: Kingambit|Kingambit, L50, M|100/100
|turn|6
|
|t:|1784663850
|move|p2b: Raichu|Helping Hand|p2a: Typhlosion
|-singleturn|p2a: Typhlosion|Helping Hand|[of] p2b: Raichu
|move|p1a: Kingambit|Sucker Punch|p2a: Typhlosion
|-damage|p2a: Typhlosion|44/100
|move|p2a: Typhlosion|Eruption|p1a: Kingambit|[spread] p1a,p1b
|-supereffective|p1a: Kingambit|1
|-resisted|p1b: Charizard|1
|-damage|p1a: Kingambit|9/100
|-damage|p1b: Charizard|70/100
|move|p1b: Charizard|Weather Ball|p2b: Raichu
|-enditem|p2b: Raichu|Focus Sash
|-damage|p2b: Raichu|1/100
|
|-weather|SunnyDay|[upkeep]
|upkeep
|turn|7
|
|t:|1784663872
|move|p1a: Kingambit|Sucker Punch|p2a: Typhlosion
|-damage|p2a: Typhlosion|0 fnt
|faint|p2a: Typhlosion
|move|p2b: Raichu|Thunderbolt|p1a: Kingambit
|-damage|p1a: Kingambit|0 fnt
|faint|p1a: Kingambit
|move|p1b: Charizard|Weather Ball|p2b: Raichu
|-damage|p2b: Raichu|0 fnt
|faint|p2b: Raichu
|
|win|XelaMaster
||bathoven is ready for game 2.
|inactive|XelaMaster has 30 seconds to confirm battle start!
