|j|☆Walkinonsunshine
|j|☆Austinsucksatdraft
|html|WalkinonsunshineAustinsucksatdraft    
|uhtml|bestof|Game 2 of a best-of-3
|t:|1784598755
|gametype|doubles
|player|p1|Walkinonsunshine|102|
|player|p2|Austinsucksatdraft|101|
|gen|9
|tier|[Gen 9 Champions] VGC 2026 Reg M-B (Bo3)
|rule|Species Clause: Limit one of each Pokémon
|rule|Item Clause: Limit 1 of each item
|clearpoke
|poke|p1|Swampert, L50, M|
|poke|p1|Archaludon, L50, M|
|poke|p1|Pelipper, L50, M|
|poke|p1|Toxicroak, L50, F|
|poke|p1|Glimmora, L50, M|
|poke|p1|Metagross, L50|
|poke|p2|Audino, L50, F|
|poke|p2|Kingambit, L50, F|
|poke|p2|Avalugg-Hisui, L50, M|
|poke|p2|Dragapult, L50, M|
|poke|p2|Scovillain, L50, M|
|poke|p2|Quaquaval, L50, M|
|teampreview|4
|showteam|p1|Swampert||Swampertite|Damp|WaveCrash,Earthquake,Protect,FlipTurn|Careful||M|||50|]Archaludon||Leftovers|Stamina|ElectroShot,DragonPulse,FlashCannon,Protect|Timid||M|||50|]Pelipper||FocusSash|Drizzle|Hurricane,WeatherBall,WideGuard,Protect|Calm||M|||50|]Toxicroak||PayapaBerry|DrySkin|CloseCombat,Encore,FakeOut,GunkShot|Jolly||F|||50|]Glimmora||ChoiceScarf|ToxicDebris|PowerGem,MortalSpin,Protect,SludgeBomb|Timid||M|||50|]Metagross||LifeOrb|ClearBody|BulletPunch,MeteorMash,Protect,PsychicFangs|Jolly|||||50|
|showteam|p2|Audino||Audinite|Healer|TrickRoom,GrassKnot,Thunder,SunnyDay|Serious||F|||50|]Kingambit||ChopleBerry|SupremeOverlord|SuckerPunch,SwordsDance,KowtowCleave,Protect|Brave||F|||50|]Avalugg-Hisui||ChestoBerry|Sturdy|WideGuard,BodyPress,IronDefense,Rest|Calm||M|||50|]Dragapult||ChoiceScarf|Infiltrator|DracoMeteor,ShadowBall,Thunder,Uturn|Modest||M|||50|]Scovillain||FocusSash|Chlorophyll|LeafStorm,Overheat,RagePowder,Protect|Timid||M|||50|]Quaquaval||LifeOrb|Moxie|CloseCombat,BulkUp,AquaStep,Protect|Jolly||M|||50|
|j| willowedB3
|j| girlcritter
|
|t:|1784598792
|teamsize|p1|4
|teamsize|p2|4
|start
|switch|p1a: Pelipper|Pelipper, L50, M|100/100
|switch|p1b: Archaludon|Archaludon, L50, M|100/100
|switch|p2a: Audino|Audino, L50, F|100/100
|switch|p2b: Scovillain|Scovillain, L50, M|100/100
|-weather|RainDance|[from] ability: Drizzle|[of] p1a: Pelipper
|turn|1
|
|t:|1784598809
|detailschange|p2a: Audino|Audino-Mega, L50, F
|-mega|p2a: Audino|Audino|Audinite
|move|p1b: Archaludon|Flash Cannon|p2a: Audino
|-supereffective|p2a: Audino|1
|-damage|p2a: Audino|44/100
|move|p2b: Scovillain|Overheat|p1b: Archaludon
|-damage|p1b: Archaludon|53/100
|-unboost|p2b: Scovillain|spa|2
|-ability|p1b: Archaludon|Stamina|boost
|-boost|p1b: Archaludon|def|1
|move|p1a: Pelipper|Hurricane|p2b: Scovillain
|-supereffective|p2b: Scovillain|1
|-enditem|p2b: Scovillain|Focus Sash
|-damage|p2b: Scovillain|1/100
|move|p2a: Audino|Sunny Day|p2a: Audino
|-weather|SunnyDay
|
|-weather|SunnyDay|[upkeep]
|-heal|p1b: Archaludon|59/100|[from] item: Leftovers
|upkeep
|turn|2
|
|t:|1784598839
|switch|p2a: Kingambit|Kingambit, L50, F|100/100
|move|p2b: Scovillain|Protect|p2b: Scovillain
|-singleturn|p2b: Scovillain|Protect
|move|p1b: Archaludon|Flash Cannon|p2a: Kingambit
|-resisted|p2a: Kingambit|1
|-damage|p2a: Kingambit|81/100
|move|p1a: Pelipper|Weather Ball|p2b: Scovillain
|-activate|p2b: Scovillain|move: Protect
|
|-weather|SunnyDay|[upkeep]
|-heal|p1b: Archaludon|65/100|[from] item: Leftovers
|upkeep
|turn|3
|
|t:|1784598859
|move|p1b: Archaludon|Protect|p1b: Archaludon
|-singleturn|p1b: Archaludon|Protect
|move|p2b: Scovillain|Overheat|p1b: Archaludon
|-activate|p1b: Archaludon|move: Protect
|move|p1a: Pelipper|Weather Ball|p2a: Kingambit
|-supereffective|p2a: Kingambit|1
|-damage|p2a: Kingambit|19/100
|move|p2a: Kingambit|Swords Dance|p2a: Kingambit
|-boost|p2a: Kingambit|atk|2
|
|-weather|SunnyDay|[upkeep]
|-heal|p1b: Archaludon|71/100|[from] item: Leftovers
|upkeep
|turn|4
|
|t:|1784598902
|switch|p1b: Swampert|Swampert, L50, M|100/100
|move|p2b: Scovillain|Rage Powder|p2b: Scovillain
|-singleturn|p2b: Scovillain|move: Rage Powder
|move|p2a: Kingambit|Sucker Punch|p1a: Pelipper
|-damage|p1a: Pelipper|17/100
|move|p1a: Pelipper|Weather Ball|p2b: Scovillain
|-damage|p2b: Scovillain|0 fnt
|faint|p2b: Scovillain
|
|-weather|SunnyDay|[upkeep]
|upkeep
|
|t:|1784598916
|switch|p2b: Audino|Audino-Mega, L50, F|44/100
|turn|5
|
|t:|1784598930
|switch|p1a: Metagross|Metagross, L50|100/100
|detailschange|p1b: Swampert|Swampert-Mega, L50, M
|-mega|p1b: Swampert|Swampert|Swampertite
|move|p2a: Kingambit|Sucker Punch|p1b: Swampert
|-damage|p1b: Swampert|18/100
|move|p1b: Swampert|Earthquake|p2a: Kingambit|[spread] p1a,p2a,p2b
|-supereffective|p1a: Metagross|1
|-supereffective|p2a: Kingambit|1
|-damage|p1a: Metagross|14/100
|-damage|p2a: Kingambit|0 fnt
|-damage|p2b: Audino|18/100
|faint|p2a: Kingambit
|-end|p2a: Kingambit|fallenundefined|[silent]
|move|p2b: Audino|Grass Knot|p1b: Swampert
|-supereffective|p1b: Swampert|2
|-damage|p1b: Swampert|0 fnt
|faint|p1b: Swampert
|
|-weather|none
|upkeep
|
|t:|1784598948
|switch|p1b: Pelipper|Pelipper, L50, M|17/100
|switch|p2a: Quaquaval|Quaquaval, L50, M|100/100
|-weather|RainDance|[from] ability: Drizzle|[of] p1b: Pelipper
|turn|6
|
|t:|1784598971
|move|p2a: Quaquaval|Aqua Step|p1a: Metagross
|-damage|p1a: Metagross|0 fnt
|-boost|p2a: Quaquaval|spe|1
|faint|p1a: Metagross
|-ability|p2a: Quaquaval|Moxie|boost
|-boost|p2a: Quaquaval|atk|1
|-damage|p2a: Quaquaval|90/100|[from] item: Life Orb
|move|p1b: Pelipper|Hurricane|p2b: Audino
|-damage|p2b: Audino|0 fnt
|faint|p2b: Audino
|
|-weather|RainDance|[upkeep]
|upkeep
|
|t:|1784598984
|switch|p1a: Archaludon|Archaludon, L50, M|71/100
|turn|7
|
|t:|1784599039
|move|p2a: Quaquaval|Close Combat|p1a: Archaludon
|-supereffective|p1a: Archaludon|1
|-damage|p1a: Archaludon|0 fnt
|-unboost|p2a: Quaquaval|def|1
|-unboost|p2a: Quaquaval|spd|1
|faint|p1a: Archaludon
|-ability|p2a: Quaquaval|Moxie|boost
|-boost|p2a: Quaquaval|atk|1
|-damage|p2a: Quaquaval|80/100|[from] item: Life Orb
|move|p1b: Pelipper|Hurricane|p2a: Quaquaval
|-supereffective|p2a: Quaquaval|1
|-damage|p2a: Quaquaval|0 fnt
|faint|p2a: Quaquaval
|
|win|Walkinonsunshine
|inactive|Walkinonsunshine has 30 seconds to confirm battle start!
|inactive|Austinsucksatdraft has 30 seconds to confirm battle start!
||Walkinonsunshine is ready for game 3.
|inactive|Austinsucksatdraft has 20 seconds to confirm battle start!
|c| girlcritter|holy wild games all around
||Austinsucksatdraft is ready for game 3.
|uhtml|next|Next: Game 3 of 3
|l|☆Walkinonsunshine
|player|p1|
|j|☆Walkinonsunshine
|player|p1|Walkinonsunshine|102|
|l|☆Walkinonsunshine
|player|p1|
|l| girlcritter
|n|☆Austinsucksatdraft|austinsucksatdraft
|n| willowedB3|willowedb3
|j| wee33
