|j|☆Scoseb
|j|☆rZelot
|html|ScosebrZelot    
|uhtml|bestof|Game 3 of a best-of-3
|t:|1783520004
|gametype|doubles
|player|p1|Scoseb|brycenman|1171
|player|p2|rZelot|gardenia|1101
|gen|9
|tier|[Gen 9 Champions] VGC 2026 Reg M-B (Bo3)
|rated|
|rule|Species Clause: Limit one of each Pokémon
|rule|Item Clause: Limit 1 of each item
|clearpoke
|poke|p1|Staraptor, L50, M|
|poke|p1|Zoroark-Hisui, L50, F|
|poke|p1|Gholdengo, L50|
|poke|p1|Whimsicott, L50, F|
|poke|p1|Incineroar, L50, M|
|poke|p1|Drampa, L50, M|
|poke|p2|Scrafty, L50, F, shiny|
|poke|p2|Toxapex, L50, M, shiny|
|poke|p2|Rotom-Heat, L50, shiny|
|poke|p2|Sinistcha, L50|
|poke|p2|Ninetales-Alola, L50, M, shiny|
|poke|p2|Hydreigon, L50, M|
|teampreview|4
|showteam|p1|Staraptor||Staraptite|Reckless|CloseCombat,Protect,BraveBird,Roost|Jolly||M|||50|]Zoroark-Hisui||FocusSash|Illusion|BitterMalice,IcyWind,Taunt,FakeTears|Timid||F|||50|]Gholdengo||LifeOrb|GoodasGold|MakeItRain,ShadowBall,Protect,PowerGem|Modest|||||50|]Whimsicott||FairyFeather|Prankster|Tailwind,Moonblast,Charm,Protect|Timid||F|||50|]Incineroar||SitrusBerry|Intimidate|FakeOut,PartingShot,FlareBlitz,DarkestLariat|Careful||M|||50|]Drampa||Drampanite|CloudNine|HyperVoice,DragonPulse,Protect,CalmMind|Timid||M|||50|
|showteam|p2|Scrafty||Scraftinite|Intimidate|FakeOut,KnockOff,DrainPunch,SwordsDance|Adamant||F|||50|]Toxapex||SitrusBerry|Regenerator|Stockpile,Infestation,Toxic,Recover|Bold||M|||50|]Rotom-Heat||Leftovers|Levitate|VoltSwitch,Overheat,Thunderbolt,WillOWisp|Calm|||||50|]Sinistcha||CobaBerry|Hospitality|MatchaGotcha,TrickRoom,RagePowder,Protect|Sassy|||||50|]Ninetales-Alola||FocusSash|SnowWarning|FreezeDry,Blizzard,AuroraVeil,Protect|Timid||M|||50|]Hydreigon||ChoiceScarf|Levitate|DarkPulse,Snarl,DracoMeteor,EarthPower|Timid||M|||50|
|inactive|Battle timer is ON: inactive players will automatically lose when time's up. (requested by rZelot)
|inactive|Scoseb also wants the timer to be on.
|inactive|rZelot has 60 seconds left.
|
|t:|1783520037
|teamsize|p1|4
|teamsize|p2|4
|start
|switch|p1a: Whimsicott|Whimsicott, L50, F|100/100
|switch|p1b: Staraptor|Staraptor, L50, M|100/100
|switch|p2a: Scrafty|Scrafty, L50, F, shiny|100/100
|switch|p2b: Ninetales|Ninetales-Alola, L50, M, shiny|100/100
|-weather|Snowscape|[from] ability: Snow Warning|[of] p2b: Ninetales
|-ability|p2a: Scrafty|Intimidate|boost
|-unboost|p1a: Whimsicott|atk|1
|-unboost|p1b: Staraptor|atk|1
|turn|1
|inactive|Scoseb has 30 seconds left.
|
|t:|1783520063
|detailschange|p1b: Staraptor|Staraptor-Mega, L50, M
|-mega|p1b: Staraptor|Staraptor|Staraptite
|move|p1a: Whimsicott|Protect|p1a: Whimsicott
|-singleturn|p1a: Whimsicott|Protect
|move|p1b: Staraptor|Protect|p1b: Staraptor
|-singleturn|p1b: Staraptor|Protect
|move|p2a: Scrafty|Fake Out|p1b: Staraptor
|-activate|p1b: Staraptor|move: Protect
|move|p2b: Ninetales|Blizzard|p1a: Whimsicott|[spread] 
|-activate|p1a: Whimsicott|move: Protect
|-activate|p1b: Staraptor|move: Protect
|
|-weather|Snowscape|[upkeep]
|upkeep
|turn|2
|
|t:|1783520079
|switch|p2a: Rotom|Rotom-Heat, L50, shiny|100/100
|move|p1a: Whimsicott|Charm|p1b: Staraptor
|-boost|p1b: Staraptor|atk|2
|move|p2b: Ninetales|Blizzard|p1b: Staraptor|[spread] p1a,p1b
|-supereffective|p1a: Whimsicott|1
|-supereffective|p1b: Staraptor|1
|-damage|p1a: Whimsicott|0 fnt
|-damage|p1b: Staraptor|30/100
|faint|p1a: Whimsicott
|move|p1b: Staraptor|Close Combat|p2a: Rotom
|-damage|p2a: Rotom|3/100
|-boost|p1b: Staraptor|def|1
|-boost|p1b: Staraptor|spd|1
|
|-weather|Snowscape|[upkeep]
|-heal|p2a: Rotom|9/100|[from] item: Leftovers
|upkeep
|
|t:|1783520094
|switch|p1a: Gholdengo|Gholdengo, L50|100/100
|turn|3
|
|t:|1783520112
|move|p1b: Staraptor|Protect|p1b: Staraptor
|-singleturn|p1b: Staraptor|Protect
|move|p1a: Gholdengo|Icy Wind|p2a: Rotom|[spread] p2a,p2b
|-resisted|p2a: Rotom|1
|-resisted|p2b: Ninetales|1
|-damage|p2a: Rotom|4/100
|-damage|p2b: Ninetales|92/100
|-unboost|p2a: Rotom|spe|1
|-unboost|p2b: Ninetales|spe|1
|move|p2b: Ninetales|Aurora Veil|p2b: Ninetales
|-sidestart|p2: rZelot|move: Aurora Veil
|move|p2a: Rotom|Will-O-Wisp|p1b: Staraptor
|-activate|p1b: Staraptor|move: Protect
|
|-weather|Snowscape|[upkeep]
|-heal|p2a: Rotom|10/100|[from] item: Leftovers
|upkeep
|turn|4
|
|t:|1783520130
|move|p2b: Ninetales|Protect|p2b: Ninetales
|-singleturn|p2b: Ninetales|Protect
|move|p1a: Gholdengo|Bitter Malice|p2a: Rotom
|-damage|p2a: Rotom|0 fnt
|faint|p2a: Rotom
|move|p1b: Staraptor|Close Combat|p2b: Ninetales
|-activate|p2b: Ninetales|move: Protect
|
|-weather|Snowscape|[upkeep]
|upkeep
|
|t:|1783520144
|switch|p2a: Hydreigon|Hydreigon, L50, M|100/100
|turn|5
|inactive|rZelot has 30 seconds left.
|inactive|rZelot has 20 seconds left.
|inactive|rZelot has 15 seconds left.
|
|t:|1783520185
|move|p1b: Staraptor|Protect|p1b: Staraptor
|-singleturn|p1b: Staraptor|Protect
|move|p2a: Hydreigon|Draco Meteor|p1b: Staraptor
|-activate|p1b: Staraptor|move: Protect
|move|p1a: Gholdengo|Icy Wind|p2a: Hydreigon|[spread] p2a,p2b
|-supereffective|p2a: Hydreigon|1
|-resisted|p2b: Ninetales|1
|-damage|p2a: Hydreigon|76/100
|-damage|p2b: Ninetales|86/100
|-unboost|p2a: Hydreigon|spe|1
|-unboost|p2b: Ninetales|spe|1
|move|p2b: Ninetales|Blizzard|p1b: Staraptor|[spread] p1a
|-activate|p1b: Staraptor|move: Protect
|-damage|p1a: Gholdengo|38/100
|replace|p1a: Zoroark|Zoroark-Hisui, L50, F
|-end|p1a: Zoroark|Illusion
|
|-weather|none
|upkeep
|turn|6
|
|t:|1783520207
|switch|p2b: Scrafty|Scrafty, L50, F, shiny|100/100
|-ability|p2b: Scrafty|Intimidate|boost
|-unboost|p1a: Zoroark|atk|1
|-boost|p1b: Staraptor|atk|1
|move|p1a: Zoroark|Bitter Malice|p2b: Scrafty
|-resisted|p2b: Scrafty|1
|-damage|p2b: Scrafty|88/100
|-unboost|p2b: Scrafty|atk|1
|move|p1b: Staraptor|Close Combat|p2a: Hydreigon
|-supereffective|p2a: Hydreigon|1
|-damage|p2a: Hydreigon|0 fnt
|-boost|p1b: Staraptor|def|1
|-boost|p1b: Staraptor|spd|1
|faint|p2a: Hydreigon
|
|upkeep
|
|t:|1783520219
|switch|p2a: Ninetales|Ninetales-Alola, L50, M, shiny|86/100
|-weather|Snowscape|[from] ability: Snow Warning|[of] p2a: Ninetales
|turn|7
|
|t:|1783520234
|detailschange|p2b: Scrafty|Scrafty-Mega, L50, F, shiny
|-mega|p2b: Scrafty|Scrafty|Scraftinite
|-ability|p2b: Scrafty|Intimidate|boost
|-unboost|p1a: Zoroark|atk|1
|-boost|p1b: Staraptor|atk|1
|move|p1b: Staraptor|Protect|p1b: Staraptor
|-singleturn|p1b: Staraptor|Protect
|move|p1a: Zoroark|Icy Wind|p2a: Ninetales|[spread] p2a,p2b
|-resisted|p2a: Ninetales|1
|-damage|p2a: Ninetales|80/100
|-damage|p2b: Scrafty|81/100
|-unboost|p2a: Ninetales|spe|1
|-unboost|p2b: Scrafty|spe|1
|move|p2a: Ninetales|Freeze-Dry|p1a: Zoroark
|-damage|p1a: Zoroark|0 fnt
|faint|p1a: Zoroark
|move|p2b: Scrafty|Knock Off|p1b: Staraptor
|-activate|p1b: Staraptor|move: Protect
|
|-weather|Snowscape|[upkeep]
|-sideend|p2: rZelot|move: Aurora Veil
|upkeep
|
|t:|1783520250
|switch|p1a: Gholdengo|Gholdengo, L50|100/100
|turn|8
|
|t:|1783520256
|move|p1b: Staraptor|Close Combat|p2b: Scrafty
|-supereffective|p2b: Scrafty|1
|-damage|p2b: Scrafty|0 fnt
|-boost|p1b: Staraptor|def|1
|-boost|p1b: Staraptor|spd|1
|faint|p2b: Scrafty
|move|p1a: Gholdengo|Make It Rain|p2a: Ninetales
|-supereffective|p2a: Ninetales|2
|-damage|p2a: Ninetales|0 fnt
|-unboost|p1a: Gholdengo|spa|2
|faint|p2a: Ninetales
|-damage|p1a: Gholdengo|90/100|[from] item: Life Orb
|
|win|Scoseb
|raw|Scoseb's rating: 1171 → 1191(+20 for winning)
|raw|rZelot's rating: 1101 → 1081(-20 for losing)
|l|☆rZelot
|player|p2|
