|j|☆randomguy1114s
|j|☆wet blanket song
|html|randomguy1114swet blanket song    
|uhtml|bestof|Game 2 of a best-of-3
|t:|1756272822
|gametype|doubles
|player|p1|randomguy1114s|lillie-masters|1174
|player|p2|wet blanket song|miku-water|1151
|gen|9
|tier|[Gen 9] VGC 2025 Reg H (Bo3)
|rated|
|rule|Species Clause: Limit one of each Pokémon
|rule|Item Clause: Limit 1 of each item
|clearpoke
|poke|p1|Ninetales-Alola, L50, M|
|poke|p1|Arcanine-Hisui, L50, M|
|poke|p1|Dragonite, L50, F|
|poke|p1|Indeedee, L50, M|
|poke|p1|Sneasler, L50, M|
|poke|p1|Amoonguss, L50, M|
|poke|p2|Archaludon, L50, M|
|poke|p2|Rillaboom, L50, F|
|poke|p2|Politoed, L50, M|
|poke|p2|Gholdengo, L50|
|poke|p2|Toedscruel, L50, M|
|teampreview|4
|showteam|p1|Ninetales-Alola||ChoiceSpecs|SnowWarning|Blizzard,IcyWind,Moonblast,FreezeDry|||M|||50|,,,,,Ice]Arcanine-Hisui||ClearAmulet|Intimidate|RockSlide,FlareBlitz,ExtremeSpeed,Protect|||M|||50|,,,,,Water]Dragonite||LoadedDice|Multiscale|ScaleShot,StompingTantrum,Tailwind,Protect|||F|||50|,,,,,Ground]Indeedee||FocusSash|PsychicSurge|ExpandingForce,TrickRoom,Imprison,HelpingHand|||M|||50|,,,,,Psychic]Sneasler||PsychicSeed|Unburden|CloseCombat,DireClaw,ThroatChop,Protect|||M|||50|,,,,,Dark]Amoonguss||RockyHelmet|Regenerator|RagePowder,PollenPuff,Spore,Protect|||M|||50|,,,,,Water
|showteam|p2|Archaludon||AssaultVest|Stamina|ElectroShot,DracoMeteor,Snarl,BodyPress|||M|||50|,,,,,Grass]Rillaboom||MiracleSeed|GrassySurge|Protect,FakeOut,GrassyGlide,Uturn|||F|||50|,,,,,Ghost]Politoed||SitrusBerry|Drizzle|Protect,Encore,PerishSong,WeatherBall|||M|||50|,,,,,Grass]Gholdengo||Leftovers|GoodasGold|Protect,NastyPlot,MakeItRain,ShadowBall||||||50|,,,,,Dragon]Toedscruel||CovertCloak|MyceliumMight|Protect,Spore,EarthPower,KnockOff|||M|||50|,,,,,Steel
|inactive|Battle timer is ON: inactive players will automatically lose when time's up. (requested by wet blanket song)
|inactive|randomguy1114s has 60 seconds left.
|
|t:|1756272873
|teamsize|p1|4
|teamsize|p2|4
|start
|switch|p1a: Dragonite|Dragonite, L50, F|100/100
|switch|p1b: menacetosociety|Sneasler, L50, M, shiny|100/100
|switch|p2a: Gholdengo|Gholdengo, L50, shiny|100/100
|switch|p2b: Toedscruel|Toedscruel, L50, M, shiny|100/100
|turn|1
|inactive|randomguy1114s has 30 seconds left.
|
|t:|1756272901
|move|p1b: menacetosociety|Dire Claw|p2b: Toedscruel
|-damage|p2b: Toedscruel|42/100
|move|p2b: Toedscruel|Earth Power|p1b: menacetosociety
|-supereffective|p1b: menacetosociety
|-damage|p1b: menacetosociety|15/100
|move|p2a: Gholdengo|Nasty Plot|p2a: Gholdengo
|-boost|p2a: Gholdengo|spa|2
|move|p1a: Dragonite|Scale Shot|p2b: Toedscruel
|-damage|p2b: Toedscruel|22/100
|-damage|p2b: Toedscruel|1/100
|-crit|p2b: Toedscruel
|-damage|p2b: Toedscruel|0 fnt
|faint|p2b: Toedscruel
|-hitcount|p2: Toedscruel|3
|-unboost|p1a: Dragonite|def|1
|-boost|p1a: Dragonite|spe|1
|
|upkeep
|
|t:|1756272915
|switch|p2b: Rillaboom|Rillaboom, L50, F, shiny|100/100
|-fieldstart|move: Grassy Terrain|[from] ability: Grassy Surge|[of] p2b: Rillaboom
|turn|2
|
|t:|1756272926
|move|p1a: Dragonite|Protect|p1a: Dragonite
|-singleturn|p1a: Dragonite|Protect
|move|p1b: menacetosociety|Protect|p1b: menacetosociety
|-singleturn|p1b: menacetosociety|Protect
|move|p2b: Rillaboom|Fake Out|p1b: menacetosociety
|-activate|p1b: menacetosociety|move: Protect
|move|p2a: Gholdengo|Make It Rain|p1b: menacetosociety|[spread] 
|-activate|p1a: Dragonite|move: Protect
|-activate|p1b: menacetosociety|move: Protect
|
|-heal|p1b: menacetosociety|21/100|[from] Grassy Terrain
|upkeep
|turn|3
|
|t:|1756272947
|move|p2b: Rillaboom|Grassy Glide|p1b: menacetosociety
|-resisted|p1b: menacetosociety
|-damage|p1b: menacetosociety|0 fnt
|faint|p1b: menacetosociety
|move|p1a: Dragonite|Scale Shot|p2b: Rillaboom
|-damage|p2b: Rillaboom|86/100
|-damage|p2b: Rillaboom|70/100
|-damage|p2b: Rillaboom|57/100
|-damage|p2b: Rillaboom|44/100
|-damage|p2b: Rillaboom|29/100
|-hitcount|p2b: Rillaboom|5
|-unboost|p1a: Dragonite|def|1
|-boost|p1a: Dragonite|spe|1
|move|p2a: Gholdengo|Make It Rain|p1a: Dragonite
|-damage|p1a: Dragonite|42/100
|-unboost|p2a: Gholdengo|spa|1
|
|-heal|p2b: Rillaboom|35/100|[from] Grassy Terrain
|upkeep
|
|t:|1756272955
|switch|p1b: Arcanine|Arcanine-Hisui, L50, M, shiny|100/100
|-ability|p1b: Arcanine|Intimidate|boost
|-unboost|p2a: Gholdengo|atk|1
|-unboost|p2b: Rillaboom|atk|1
|turn|4
|
|t:|1756272965
|move|p2b: Rillaboom|Grassy Glide|p1a: Dragonite
|-resisted|p1a: Dragonite
|-damage|p1a: Dragonite|27/100
|move|p1a: Dragonite|Scale Shot|p2a: Gholdengo
|-resisted|p2a: Gholdengo
|-damage|p2a: Gholdengo|94/100
|-resisted|p2a: Gholdengo
|-damage|p2a: Gholdengo|88/100
|-resisted|p2a: Gholdengo
|-damage|p2a: Gholdengo|81/100
|-resisted|p2a: Gholdengo
|-damage|p2a: Gholdengo|75/100
|-resisted|p2a: Gholdengo
|-damage|p2a: Gholdengo|69/100
|-hitcount|p2a: Gholdengo|5
|-unboost|p1a: Dragonite|def|1
|-boost|p1a: Dragonite|spe|1
|move|p1b: Arcanine|Flare Blitz|p2a: Gholdengo
|-supereffective|p2a: Gholdengo
|-damage|p2a: Gholdengo|0 fnt
|faint|p2a: Gholdengo
|-damage|p1b: Arcanine|75/100|[from] Recoil
|
|-heal|p1b: Arcanine|81/100|[from] Grassy Terrain
|-heal|p2b: Rillaboom|41/100|[from] Grassy Terrain
|upkeep
|
|t:|1756272969
|switch|p2a: Politoed|Politoed, L50, M, shiny|100/100
|-weather|RainDance|[from] ability: Drizzle|[of] p2a: Politoed
|turn|5
|
|t:|1756272986
|-terastallize|p2b: Rillaboom|Ghost
|move|p2b: Rillaboom|Grassy Glide|p1a: Dragonite
|-resisted|p1a: Dragonite
|-damage|p1a: Dragonite|9/100
|move|p1a: Dragonite|Scale Shot|p2a: Politoed
|-damage|p2a: Politoed|89/100
|-damage|p2a: Politoed|77/100
|-damage|p2a: Politoed|64/100
|-damage|p2a: Politoed|52/100
|-hitcount|p2a: Politoed|4
|-unboost|p1a: Dragonite|def|1
|-boost|p1a: Dragonite|spe|1
|move|p1b: Arcanine|Flare Blitz|p2b: Rillaboom
|-damage|p2b: Rillaboom|13/100
|-damage|p1b: Arcanine|70/100|[from] Recoil
|move|p2a: Politoed|Weather Ball|p1b: Arcanine
|-supereffective|p1b: Arcanine
|-damage|p1b: Arcanine|0 fnt
|faint|p1b: Arcanine
|
|-weather|RainDance|[upkeep]
|-heal|p2b: Rillaboom|19/100|[from] Grassy Terrain
|-heal|p2a: Politoed|58/100|[from] Grassy Terrain
|upkeep
|
|t:|1756272994
|switch|p1b: Indeedee|Indeedee, L50, M, shiny|100/100
|-fieldstart|move: Psychic Terrain|[from] ability: Psychic Surge|[of] p1b: Indeedee
|turn|6
|
|t:|1756273013
|-terastallize|p1b: Indeedee|Psychic
|move|p1a: Dragonite|Scale Shot|p2a: Politoed
|-damage|p2a: Politoed|46/100
|-enditem|p2a: Politoed|Sitrus Berry|[eat]
|-heal|p2a: Politoed|71/100|[from] item: Sitrus Berry
|-damage|p2a: Politoed|58/100
|-damage|p2a: Politoed|47/100
|-damage|p2a: Politoed|36/100
|-hitcount|p2a: Politoed|4
|-unboost|p1a: Dragonite|def|1
|-boost|p1a: Dragonite|spe|1
|move|p1b: Indeedee|Expanding Force|p2b: Rillaboom|[spread] p2a,p2b
|-damage|p2a: Politoed|0 fnt
|-damage|p2b: Rillaboom|0 fnt
|faint|p2a: Politoed
|faint|p2b: Rillaboom
|
|win|randomguy1114s
||wet blanket song is ready for game 3.
|inactive|randomguy1114s has 30 seconds to confirm battle start!
