|j|☆ufhednarvgc
|j|☆rokotroko
|html|ufhednarvgcrokotroko    
|uhtml|bestof|Game 2 of a best-of-3
|t:|1786051217
|gametype|doubles
|player|p1|ufhednarvgc|lance|1140
|player|p2|rokotroko|170|1126
|gen|9
|tier|[Gen 9 Champions] VGC 2026 Reg M-B (Bo3)
|rated|
|rule|Species Clause: Limit one of each Pokémon
|rule|Item Clause: Limit 1 of each item
|clearpoke
|poke|p1|Arcanine-Hisui, L50, M|
|poke|p1|Kingambit, L50, F|
|poke|p1|Raichu, L50, M|
|poke|p1|Farigiraf, L50, F|
|poke|p1|Sylveon, L50, F|
|poke|p1|Staraptor, L50, F|
|poke|p2|Skarmory, L50, M|
|poke|p2|Sneasler, L50, M|
|poke|p2|Milotic, L50, M|
|poke|p2|Whimsicott, L50, M|
|poke|p2|Overqwil, L50, M|
|poke|p2|Delphox, L50, F|
|teampreview|4
|showteam|p1|Arcanine-Hisui||FocusSash|RockHead|FlareBlitz,HeadSmash,ExtremeSpeed,Protect|Jolly||M|||50|]Kingambit||LifeOrb|Defiant|KowtowCleave,SuckerPunch,SwordsDance,Protect|Adamant||F|||50|]Raichu||RaichuniteY|LightningRod|ZapCannon,FocusBlast,FakeOut,Protect|Timid||M|||50|]Farigiraf||SitrusBerry|ArmorTail|Psychic,HelpingHand,TrickRoom,Protect|Modest||F|||50|]Sylveon||FairyFeather|Pixilate|HyperVoice,HyperBeam,QuickAttack,Detect|Modest||F|||50|]Staraptor||Staraptite|Intimidate|CloseCombat,DualWingbeat,Roost,Protect|Jolly||F|||50|
|showteam|p2|Skarmory||Skarmorite|KeenEye|BraveBird,IronHead,RockSlide,Protect|Jolly||M|||50|]Sneasler||WhiteHerb|Unburden|DireClaw,CloseCombat,FakeOut,Protect|Jolly||M|||50|]Milotic||SitrusBerry|Competitive|Scald,IcyWind,Recover,Protect|Bold||M|||50|]Whimsicott||FocusSash|Prankster|Moonblast,Tailwind,SunnyDay,Encore|Timid||M|||50|]Overqwil||Leftovers|Intimidate|BarbBarrage,ThroatChop,Taunt,Protect|Careful||M|||50|]Delphox||Delphoxite|Blaze|HeatWave,ShadowBall,Psychic,Protect|Timid||F|||50|
|inactive|Battle timer is ON: inactive players will automatically lose when time's up. (requested by rokotroko)
|inactive|rokotroko has 60 seconds left.
|inactive|rokotroko has 30 seconds left.
|
|t:|1786051290
|teamsize|p1|4
|teamsize|p2|4
|start
|switch|p1a: Raichu|Raichu, L50, M|100/100
|switch|p1b: Farigiraf|Farigiraf, L50, F|100/100
|switch|p2a: Overqwil|Overqwil, L50, M|100/100
|switch|p2b: Sneasler|Sneasler, L50, M|100/100
|-ability|p2a: Overqwil|Intimidate|boost
|-unboost|p1a: Raichu|atk|1
|-unboost|p1b: Farigiraf|atk|1
|turn|1
|
|t:|1786051304
|detailschange|p1a: Raichu|Raichu-Mega-Y, L50, M
|-mega|p1a: Raichu|Raichu|Raichunite Y
|move|p1a: Raichu|Fake Out|p2a: Overqwil
|-damage|p2a: Overqwil|94/100
|move|p2b: Sneasler|Close Combat|p1a: Raichu
|-damage|p1a: Raichu|0 fnt
|-unboost|p2b: Sneasler|def|1
|-unboost|p2b: Sneasler|spd|1
|faint|p1a: Raichu
|-enditem|p2b: Sneasler|White Herb
|-clearnegativeboost|p2b: Sneasler|[silent]
|cant|p2a: Overqwil|flinch
|move|p1b: Farigiraf|Trick Room|p1b: Farigiraf
|-fieldstart|move: Trick Room|[of] p1b: Farigiraf
|
|-heal|p2a: Overqwil|100/100|[from] item: Leftovers
|upkeep
|
|t:|1786051318
|switch|p1a: Arcanine|Arcanine-Hisui, L50, M|100/100
|turn|2
|
|t:|1786051328
|move|p1b: Farigiraf|Helping Hand|p1a: Arcanine
|-singleturn|p1a: Arcanine|Helping Hand|[of] p1b: Farigiraf
|move|p2b: Sneasler|Protect|p2b: Sneasler
|-singleturn|p2b: Sneasler|Protect
|move|p2a: Overqwil|Throat Chop|p1a: Arcanine
|-damage|p1a: Arcanine|49/100
|-start|p1a: Arcanine|Throat Chop|[silent]
|move|p1a: Arcanine|Head Smash|p2a: Overqwil
|-damage|p2a: Overqwil|0 fnt
|faint|p2a: Overqwil
|
|upkeep
|
|t:|1786051340
|switch|p2a: Milotic|Milotic, L50, M|100/100
|turn|3
|
|t:|1786051349
|move|p1b: Farigiraf|Psychic|p2b: Sneasler
|-supereffective|p2b: Sneasler|2
|-damage|p2b: Sneasler|0 fnt
|faint|p2b: Sneasler
|move|p2a: Milotic|Scald|p1a: Arcanine
|-supereffective|p1a: Arcanine|2
|-damage|p1a: Arcanine|0 fnt
|faint|p1a: Arcanine
|
|upkeep
|
|t:|1786051357
|switch|p1a: Kingambit|Kingambit, L50, F|100/100
|switch|p2b: Delphox|Delphox, L50, F|100/100
|turn|4
|
|t:|1786051369
|detailschange|p2b: Delphox|Delphox-Mega, L50, F
|-mega|p2b: Delphox|Delphox|Delphoxite
|move|p2b: Delphox|Protect|p2b: Delphox
|-singleturn|p2b: Delphox|Protect
|move|p1a: Kingambit|Swords Dance|p1a: Kingambit
|-boost|p1a: Kingambit|atk|2
|move|p1b: Farigiraf|Psychic|p2a: Milotic
|-damage|p2a: Milotic|71/100
|move|p2a: Milotic|Scald|p1a: Kingambit
|-damage|p1a: Kingambit|71/100
|-status|p1a: Kingambit|brn
|
|-damage|p1a: Kingambit|65/100 brn|[from] brn
|upkeep
|turn|5
|
|t:|1786051386
|move|p1a: Kingambit|Kowtow Cleave|p2b: Delphox
|-supereffective|p2b: Delphox|1
|-damage|p2b: Delphox|0 fnt
|faint|p2b: Delphox
|-damage|p1a: Kingambit|55/100 brn|[from] item: Life Orb
|move|p1b: Farigiraf|Psychic|p2a: Milotic
|-damage|p2a: Milotic|43/100
|-enditem|p2a: Milotic|Sitrus Berry|[eat]
|-heal|p2a: Milotic|68/100|[from] item: Sitrus Berry
|move|p2a: Milotic|Scald|p1a: Kingambit
|-damage|p1a: Kingambit|26/100 brn
|
|-damage|p1a: Kingambit|20/100y brn|[from] brn
|-fieldend|move: Trick Room
|upkeep
|turn|6
|
|t:|1786051401
|move|p2a: Milotic|Protect|p2a: Milotic
|-singleturn|p2a: Milotic|Protect
|move|p1a: Kingambit|Protect|p1a: Kingambit
|-singleturn|p1a: Kingambit|Protect
|move|p1b: Farigiraf|Trick Room|p1b: Farigiraf
|-fieldstart|move: Trick Room|[of] p1b: Farigiraf
|
|-damage|p1a: Kingambit|14/100 brn|[from] brn
|upkeep
|turn|7
|
|t:|1786051411
|move|p1a: Kingambit|Kowtow Cleave|p2a: Milotic
|-damage|p2a: Milotic|18/100
|-damage|p1a: Kingambit|5/100 brn|[from] item: Life Orb
|move|p1b: Farigiraf|Psychic|p2a: Milotic
|-damage|p2a: Milotic|0 fnt
|faint|p2a: Milotic
|
|win|ufhednarvgc
|raw|ufhednarvgc's rating: 1140 → 1164(+24 for winning)
|raw|rokotroko's rating: 1126 → 1102(-24 for losing)
|l|☆rokotroko
|player|p2|
