|j|☆L3git Pro
|j|☆marcusquinn
|html|L3git Promarcusquinn    
|uhtml|bestof|Game 2 of a best-of-3
|t:|1757649591
|gametype|doubles
|player|p1|L3git Pro|cynthia-gen7|1172
|player|p2|marcusquinn|hilbert-wonderlauncher|1160
|gen|9
|tier|[Gen 9] VGC 2025 Reg H (Bo3)
|rated|
|rule|Species Clause: Limit one of each Pokémon
|rule|Item Clause: Limit 1 of each item
|clearpoke
|poke|p1|Dragonite, L50, M|
|poke|p1|Volcarona, L50, M|
|poke|p1|Kingambit, L50, F|
|poke|p1|Gholdengo, L50|
|poke|p1|Electabuzz, L50, M|
|poke|p1|Ursaluna-Bloodmoon, L50, M|
|poke|p2|Archaludon, L50, M|
|poke|p2|Porygon2, L50|
|poke|p2|Incineroar, L50, M|
|poke|p2|Ursaluna, L50, M|
|poke|p2|Sneasler, L50, M|
|poke|p2|Dragonite, L50, M|
|teampreview|4
|showteam|p1|Dragonite||ClearAmulet|Multiscale|DragonDance,DragonClaw,TeraBlast,Protect|||M|||50|,,,,,Flying]Volcarona||CovertCloak|FlameBody|StruggleBug,FieryDance,RagePowder,Tailwind|||M|||50|,,,,,Fairy]Kingambit||BlackGlasses|Defiant|KowtowCleave,SuckerPunch,SwordsDance,Protect|||F|||50|,,,,,Dark]Gholdengo||LifeOrb|GoodasGold|NastyPlot,ShadowBall,MakeItRain,Protect||||||50|,,,,,Steel]Electabuzz||Eviolite|Static|FollowMe,HelpingHand,VoltSwitch,ThunderWave|||M|||50|,,,,,Grass]Ursaluna-Bloodmoon||AssaultVest|MindsEye|BloodMoon,HyperVoice,EarthPower,VacuumWave|||M|||50|,,,,,Water
|showteam|p2|Archaludon||PowerHerb|Sturdy|Protect,ElectroShot,DracoMeteor,FlashCannon|||M|||50|,,,,,Electric]Porygon2||Eviolite|Download|TeraBlast,IceBeam,Recover,TrickRoom||||||50|,,,,,Fighting]Incineroar||SafetyGoggles|Intimidate|FlareBlitz,KnockOff,FakeOut,PartingShot|||M|||50|,,,,,Ghost]Ursaluna||FlameOrb|Guts|HeadlongRush,Facade,Earthquake,Protect|||M|||50|,,,,,Ghost]Sneasler||FocusSash|Unburden|Protect,CloseCombat,DireClaw,ThroatChop|||M|||50|,,,,,Stellar]Dragonite||LoadedDice|Multiscale|ScaleShot,Tailwind,Haze,Protect|||M|||50|,,,,,Fairy
|inactive|Battle timer is ON: inactive players will automatically lose when time's up. (requested by marcusquinn)
|
|t:|1757649607
|teamsize|p1|4
|teamsize|p2|4
|start
|switch|p1a: Dragonite|Dragonite, L50, M|100/100
|switch|p1b: Volcarona|Volcarona, L50, M|100/100
|switch|p2a: Ursaluna|Ursaluna, L50, M|100/100
|switch|p2b: Dragonite|Dragonite, L50, M, shiny|100/100
|turn|1
|inactive|marcusquinn has 30 seconds left.
|
|t:|1757649641
|-terastallize|p2b: Dragonite|Fairy
|-terastallize|p1a: Dragonite|Flying
|move|p2a: Ursaluna|Protect|p2a: Ursaluna
|-singleturn|p2a: Ursaluna|Protect
|move|p2b: Dragonite|Tailwind|p2b: Dragonite
|-sidestart|p2: marcusquinn|move: Tailwind
|move|p1b: Volcarona|Tailwind|p1b: Volcarona
|-sidestart|p1: L3git Pro|move: Tailwind
|move|p1a: Dragonite|Tera Blast|p2a: Ursaluna|[anim] Tera Blast Flying
|-activate|p2a: Ursaluna|move: Protect
|
|-status|p2a: Ursaluna|brn|[from] item: Flame Orb
|upkeep
|turn|2
|
|t:|1757649659
|move|p2b: Dragonite|Scale Shot|p1a: Dragonite|[miss]
|-miss|p2b: Dragonite|p1a: Dragonite
|move|p1b: Volcarona|Fiery Dance|p2a: Ursaluna
|-damage|p2a: Ursaluna|63/100 brn
|-boost|p1b: Volcarona|spa|1
|move|p1a: Dragonite|Tera Blast|p2a: Ursaluna|[anim] Tera Blast Flying
|-damage|p2a: Ursaluna|18/100 brn
|move|p2a: Ursaluna|Facade|p1b: Volcarona
|-damage|p1b: Volcarona|0 fnt
|faint|p1b: Volcarona
|
|-damage|p2a: Ursaluna|12/100 brn|[from] brn
|upkeep
|
|t:|1757649670
|switch|p1b: Gholdengo|Gholdengo, L50|100/100
|turn|3
|
|t:|1757649687
|switch|p2b: Incineroar|Incineroar, L50, M, shiny|100/100
|-ability|p2b: Incineroar|Intimidate|boost
|-fail|p1a: Dragonite|unboost|[from] item: Clear Amulet|[of] p1a: Dragonite
|-unboost|p1b: Gholdengo|atk|1
|move|p1b: Gholdengo|Make It Rain|p2a: Ursaluna|[spread] p2a,p2b
|-resisted|p2b: Incineroar
|-damage|p2a: Ursaluna|0 fnt
|-damage|p2b: Incineroar|68/100
|-unboost|p1b: Gholdengo|spa|1
|faint|p2a: Ursaluna
|-damage|p1b: Gholdengo|91/100|[from] item: Life Orb
|move|p1a: Dragonite|Dragon Dance|p1a: Dragonite
|-boost|p1a: Dragonite|atk|1
|-boost|p1a: Dragonite|spe|1
|
|upkeep
|
|t:|1757649701
|switch|p2a: Sneasler|Sneasler, L50, M|100/100
|turn|4
|
|t:|1757649716
|switch|p1b: Ursaluna|Ursaluna-Bloodmoon, L50, M|100/100
|move|p2a: Sneasler|Dire Claw|p1a: Dragonite
|-damage|p1a: Dragonite|81/100
|-status|p1a: Dragonite|slp
|cant|p1a: Dragonite|slp
|move|p2b: Incineroar|Flare Blitz|p1b: Ursaluna
|-damage|p1b: Ursaluna|56/100
|-damage|p2b: Incineroar|54/100|[from] Recoil
|
|-sideend|p2: marcusquinn|move: Tailwind
|-sideend|p1: L3git Pro|move: Tailwind
|upkeep
|turn|5
|c|☆L3git Pro|wowwwww
|
|t:|1757649740
|switch|p1b: Gholdengo|Gholdengo, L50|91/100
|move|p2a: Sneasler|Close Combat|p1b: Gholdengo
|-immune|p1b: Gholdengo
|-curestatus|p1a: Dragonite|slp|[msg]
|move|p1a: Dragonite|Tera Blast|p2b: Incineroar|[anim] Tera Blast Flying
|-damage|p2b: Incineroar|0 fnt
|faint|p2b: Incineroar
|
|upkeep
|
|t:|1757649749
|switch|p2b: Dragonite|Dragonite, L50, M, shiny, tera:Fairy|100/100
|turn|6
|c|☆L3git Pro|absolute cinema
|
|t:|1757649770
|move|p2b: Dragonite|Protect|p2b: Dragonite
|-singleturn|p2b: Dragonite|Protect
|move|p2a: Sneasler|Throat Chop|p1b: Gholdengo
|-supereffective|p1b: Gholdengo
|-damage|p1b: Gholdengo|34/100
|-start|p1b: Gholdengo|Throat Chop|[silent]
|move|p1a: Dragonite|Tera Blast|p2a: Sneasler|[anim] Tera Blast Flying
|-supereffective|p2a: Sneasler
|-enditem|p2a: Sneasler|Focus Sash
|-damage|p2a: Sneasler|1/100
|move|p1b: Gholdengo|Make It Rain|p2b: Dragonite|[spread] p2a
|-activate|p2b: Dragonite|move: Protect
|-damage|p2a: Sneasler|0 fnt
|-unboost|p1b: Gholdengo|spa|1
|faint|p2a: Sneasler
|-damage|p1b: Gholdengo|24/100|[from] item: Life Orb
|
|upkeep
|turn|7
|
|t:|1757649788
|move|p1a: Dragonite|Tera Blast|p2b: Dragonite|[anim] Tera Blast Flying
|-damage|p2b: Dragonite|47/100
|move|p2b: Dragonite|Scale Shot|p1b: Gholdengo
|-resisted|p1b: Gholdengo
|-damage|p1b: Gholdengo|17/100
|-resisted|p1b: Gholdengo
|-damage|p1b: Gholdengo|10/100
|-resisted|p1b: Gholdengo
|-damage|p1b: Gholdengo|2/100
|-resisted|p1b: Gholdengo
|-damage|p1b: Gholdengo|0 fnt
|faint|p1b: Gholdengo
|-hitcount|p1: Gholdengo|4
|-unboost|p2b: Dragonite|def|1
|-boost|p2b: Dragonite|spe|1
|
|upkeep
|
|t:|1757649794
|switch|p1b: Ursaluna|Ursaluna-Bloodmoon, L50, M|56/100
|turn|8
|
|t:|1757649803
|move|p2b: Dragonite|Scale Shot|p1a: Dragonite
|-damage|p1a: Dragonite|66/100
|-crit|p1a: Dragonite
|-damage|p1a: Dragonite|43/100
|-damage|p1a: Dragonite|29/100
|-damage|p1a: Dragonite|13/100
|-damage|p1a: Dragonite|0 fnt
|faint|p1a: Dragonite
|-hitcount|p1: Dragonite|5
|-unboost|p2b: Dragonite|def|1
|-boost|p2b: Dragonite|spe|1
|move|p1b: Ursaluna|Hyper Voice|p2b: Dragonite
|-damage|p2b: Dragonite|0 fnt
|faint|p2b: Dragonite
|
|win|L3git Pro
||marcusquinn is ready for game 3.
|l|☆marcusquinn
|player|p2|
|inactive|L3git Pro has 30 seconds to confirm battle start!
||L3git Pro is ready for game 3.
|uhtml|next|Next: Game 3 of 3
|l|☆L3git Pro
|player|p1|
|j|☆marcusquinn
|player|p2|marcusquinn|hilbert-wonderlauncher|
