|j|☆nato9090
|j|☆DilluVGC
|html|nato9090DilluVGC    
|uhtml|bestof|Game 3 of a best-of-3
|t:|1784136211
|gametype|doubles
|player|p1|nato9090|265|1000
|player|p2|DilluVGC|byron|1089
|gen|9
|tier|[Gen 9 Champions] VGC 2026 Reg M-B (Bo3)
|rated|
|rule|Species Clause: Limit one of each Pokémon
|rule|Item Clause: Limit 1 of each item
|clearpoke
|poke|p1|Starmie, L50|
|poke|p1|Alakazam, L50, M|
|poke|p1|Heracross, L50, F|
|poke|p1|Skarmory, L50, F|
|poke|p1|Krookodile, L50, F|
|poke|p1|Goodra-Hisui, L50, F|
|poke|p2|Delphox, L50, F|
|poke|p2|Sneasler, L50, F|
|poke|p2|Incineroar, L50, F|
|poke|p2|Sinistcha, L50|
|poke|p2|Blastoise, L50, F|
|poke|p2|Kingambit, L50, M, shiny|
|teampreview|4
|showteam|p1|Starmie||Starminite|Illuminate|ZenHeadbutt,Protect,AquaJet,SelfDestruct|Adamant|||||50|]Alakazam||FocusSash|InnerFocus|Protect,SpeedSwap,ShadowBall,Psychic|Timid||M|||50|]Heracross||Heracronite|Swarm|BulletSeed,RockBlast,PinMissile,Protect|Brave||F|||50|]Skarmory||SitrusBerry|Sturdy|Tailwind,BraveBird,Protect,RockSlide|Adamant||F|||50|]Krookodile||ChopleBerry|Intimidate|KnockOff,Earthquake,GunkShot,Protect|Adamant||F|||50|]Goodra-Hisui||LifeOrb|ShellArmor|Protect,Shelter,BodyPress,DragonPulse|Quiet||F|||50|
|showteam|p2|Delphox||Delphoxite|Blaze|HeatWave,Psyshock,NastyPlot,Protect|Timid||F|||50|]Sneasler||FocusSash|PoisonTouch|QuickGuard,FakeOut,PoisonJab,CloseCombat|Jolly||F|||50|]Incineroar||SitrusBerry|Intimidate|FakeOut,PartingShot,HelpingHand,FlareBlitz|Impish||F|||50|]Sinistcha||OccaBerry|Hospitality|MatchaGotcha,RagePowder,TrickRoom,Protect|Bold|||||50|]Blastoise||Blastoisinite|Torrent|WaterSpout,DarkPulse,ShellSmash,Protect|Modest||F|||50|]Kingambit||BlackGlasses|Defiant|Protect,SwordsDance,KowtowCleave,SuckerPunch|Adamant||M|||50|
|
|t:|1784136230
|teamsize|p1|4
|teamsize|p2|4
|start
|switch|p1a: Starmie|Starmie, L50|100/100
|switch|p1b: Alakazam|Alakazam, L50, M|100/100
|switch|p2a: The Hangman|Kingambit, L50, M, shiny|100/100
|switch|p2b: Maj. Warren|Sneasler, L50, F|100/100
|turn|1
|
|t:|1784136272
|move|p1a: Starmie|Protect|p1a: Starmie
|-singleturn|p1a: Starmie|Protect
|move|p2b: Maj. Warren|Fake Out|p1b: Alakazam
|-damage|p1b: Alakazam|63/100
|-status|p1b: Alakazam|psn|[from] ability: Poison Touch|[of] p2b: Maj. Warren
|move|p1b: Alakazam|Speed Swap|p1a: Starmie
|-activate|p1a: Starmie|move: Protect
|move|p2a: The Hangman|Swords Dance|p2a: The Hangman
|-boost|p2a: The Hangman|atk|2
|
|-damage|p1b: Alakazam|51/100 psn|[from] psn
|upkeep
|turn|2
|
|t:|1784136307
|switch|p2b: Chris Mannix|Incineroar, L50, F|100/100
|-ability|p2b: Chris Mannix|Intimidate|boost
|-unboost|p1a: Starmie|atk|1
|-fail|p1b: Alakazam|unboost|Attack|[from] ability: Inner Focus|[of] p1b: Alakazam
|detailschange|p1a: Starmie|Starmie-Mega, L50
|-mega|p1a: Starmie|Starmie|Starminite
|move|p1a: Starmie|Aqua Jet|p2a: The Hangman
|-damage|p2a: The Hangman|81/100
|move|p1b: Alakazam|Psychic|p2b: Chris Mannix
|-immune|p2b: Chris Mannix
|move|p2a: The Hangman|Kowtow Cleave|p1a: Starmie
|-supereffective|p1a: Starmie|1
|-damage|p1a: Starmie|0 fnt
|faint|p1a: Starmie
|
|-damage|p1b: Alakazam|39/100 psn|[from] psn
|upkeep
|
|t:|1784136327
|switch|p1a: Goodra|Goodra-Hisui, L50, F|100/100
|turn|3
|
|t:|1784136339
|move|p1a: Goodra|Protect|p1a: Goodra
|-singleturn|p1a: Goodra|Protect
|move|p2b: Chris Mannix|Fake Out|p1a: Goodra
|-activate|p1a: Goodra|move: Protect
|move|p1b: Alakazam|Speed Swap|p1a: Goodra
|-activate|p1a: Goodra|move: Protect
|move|p2a: The Hangman|Kowtow Cleave|p1b: Alakazam
|-supereffective|p1b: Alakazam|1
|-damage|p1b: Alakazam|0 fnt
|faint|p1b: Alakazam
|
|upkeep
|
|t:|1784136349
|switch|p1b: Skarmory|Skarmory, L50, F|100/100
|turn|4
|j| hackervgc
|
|t:|1784136366
|move|p1b: Skarmory|Rock Slide|p2a: The Hangman|[spread] p2a
|-miss|p1b: Skarmory|p2b: Chris Mannix
|-resisted|p2a: The Hangman|1
|-damage|p2a: The Hangman|75/100
|move|p2b: Chris Mannix|Flare Blitz|p1b: Skarmory
|-supereffective|p1b: Skarmory|1
|-damage|p1b: Skarmory|18/100
|-enditem|p1b: Skarmory|Sitrus Berry|[eat]
|-heal|p1b: Skarmory|42/100|[from] item: Sitrus Berry
|-damage|p2b: Chris Mannix|80/100|[from] Recoil
|move|p1a: Goodra|Shelter|p1a: Goodra
|-boost|p1a: Goodra|def|2
|cant|p2a: The Hangman|flinch
|
|upkeep
|turn|5
|
|t:|1784136396
|move|p1a: Goodra|Protect|p1a: Goodra
|-singleturn|p1a: Goodra|Protect
|move|p1b: Skarmory|Tailwind|p1b: Skarmory
|-sidestart|p1: nato9090|move: Tailwind
|move|p2b: Chris Mannix|Flare Blitz|p1b: Skarmory
|-supereffective|p1b: Skarmory|1
|-damage|p1b: Skarmory|0 fnt
|faint|p1b: Skarmory
|-damage|p2b: Chris Mannix|69/100|[from] Recoil
|move|p2a: The Hangman|Kowtow Cleave|p1a: Goodra
|-activate|p1a: Goodra|move: Protect
|
|upkeep
|turn|6
|
|t:|1784136410
|move|p2a: The Hangman|Protect|p2a: The Hangman
|-singleturn|p2a: The Hangman|Protect
|move|p1a: Goodra|Body Press|p2a: The Hangman
|-activate|p2a: The Hangman|move: Protect
|move|p2b: Chris Mannix|Parting Shot|p1a: Goodra
|-unboost|p1a: Goodra|atk|1
|-unboost|p1a: Goodra|spa|1
|
|t:|1784136418
|switch|p2b: Maj. Warren|Sneasler, L50, F|100/100|[from] Parting Shot
|
|upkeep
|turn|7
|
|t:|1784136433
|move|p1a: Goodra|Protect|p1a: Goodra
|-singleturn|p1a: Goodra|Protect
|move|p2b: Maj. Warren|Fake Out|p1a: Goodra
|-activate|p1a: Goodra|move: Protect
|move|p2a: The Hangman|Swords Dance|p2a: The Hangman
|-boost|p2a: The Hangman|atk|2
|
|upkeep
|turn|8
|
|t:|1784136447
|switch|p2b: Chris Mannix|Incineroar, L50, F|69/100
|-ability|p2b: Chris Mannix|Intimidate|boost
|-unboost|p1a: Goodra|atk|1
|move|p2a: The Hangman|Protect|p2a: The Hangman
|-singleturn|p2a: The Hangman|Protect
|move|p1a: Goodra|Shelter|p1a: Goodra
|-boost|p1a: Goodra|def|2
|
|-sideend|p1: nato9090|move: Tailwind
|upkeep
|turn|9
|
|t:|1784136462
|move|p2a: The Hangman|Sucker Punch|p1a: Goodra
|-damage|p1a: Goodra|61/100
|move|p2b: Chris Mannix|Parting Shot|p1a: Goodra
|-unboost|p1a: Goodra|atk|1
|-unboost|p1a: Goodra|spa|1
|
|t:|1784136468
|switch|p2b: Maj. Warren|Sneasler, L50, F|100/100|[from] Parting Shot
|move|p1a: Goodra|Body Press|p2a: The Hangman
|-supereffective|p2a: The Hangman|2
|-damage|p2a: The Hangman|0 fnt
|faint|p2a: The Hangman
|-damage|p1a: Goodra|51/100|[from] item: Life Orb
|
|upkeep
|
|t:|1784136476
|switch|p2a: Domergue|Delphox, L50, F|100/100
|turn|10
|
|t:|1784136484
|detailschange|p2a: Domergue|Delphox-Mega, L50, F
|-mega|p2a: Domergue|Delphox|Delphoxite
|move|p1a: Goodra|Protect|p1a: Goodra
|-singleturn|p1a: Goodra|Protect
|move|p2b: Maj. Warren|Fake Out|p1a: Goodra
|-activate|p1a: Goodra|move: Protect
|move|p2a: Domergue|Nasty Plot|p2a: Domergue
|-boost|p2a: Domergue|spa|2
|
|upkeep
|turn|11
|
|t:|1784136496
|move|p2a: Domergue|Heat Wave|p1a: Goodra
|-damage|p1a: Goodra|0 fnt
|faint|p1a: Goodra
|
|win|DilluVGC
|raw|nato9090's rating: 1000 → 1000(+0 for losing)
|raw|DilluVGC's rating: 1089 → 1109(+20 for winning)
|l| hackervgc
