|j|☆sedrav
|j|☆J.Arch
|html|sedravJ.Arch    
|uhtml|bestof|Game 1 of a best-of-3
|t:|1757039483
|gametype|doubles
|player|p1|sedrav|hilbert|1177
|player|p2|J.Arch|ethan|1165
|gen|9
|tier|[Gen 9] VGC 2025 Reg H (Bo3)
|rated|
|rule|Species Clause: Limit one of each Pokémon
|rule|Item Clause: Limit 1 of each item
|clearpoke
|poke|p1|Garchomp, L50, M|
|poke|p1|Gholdengo, L50|
|poke|p1|Tyranitar, L50, F|
|poke|p1|Amoonguss, L50, F|
|poke|p1|Kilowattrel, L50, M|
|poke|p1|Incineroar, L50, M|
|poke|p2|Annihilape, L50, F|
|poke|p2|Pelipper, L50, M|
|poke|p2|Archaludon, L50, F|
|poke|p2|Breloom, L50, M|
|poke|p2|Farigiraf, L50, F|
|poke|p2|Incineroar, L50, F|
|teampreview|4
|showteam|p1|Garchomp||LifeOrb|RoughSkin|DragonClaw,StompingTantrum,Earthquake,Protect|||M|||50|,,,,,Ground]Gholdengo||MetalCoat|GoodasGold|MakeItRain,ShadowBall,NastyPlot,Protect||||||50|,,,,,Flying]Tyranitar||AssaultVest|SandStream|RockSlide,KnockOff,LowKick,TeraBlast|||F|||50|,,,,,Flying]Amoonguss||SitrusBerry|Regenerator|Spore,RagePowder,PollenPuff,Protect|||F|||50|,,,,,Water]Kilowattrel||FocusSash|Competitive|AirSlash,Tailwind,VoltSwitch,Protect|||M|||50|,,,,,Ghost]Incineroar||SafetyGoggles|Intimidate|FakeOut,FlareBlitz,KnockOff,PartingShot|||M|||50|,,,,,Ghost
|showteam|p2|Annihilape||ChoiceScarf|Defiant|Uturn,FinalGambit,DrainPunch,RageFist|||F|||50|,,,,,Poison]Pelipper||CovertCloak|Drizzle|Tailwind,Hurricane,WeatherBall,Protect|||M|||50|,,,,,Dark]Archaludon||AssaultVest|Stamina|DragonPulse,ElectroShot,BodyPress,FlashCannon|||F|||50|,,,,,Bug]Breloom||FocusSash|Technician|Spore,MachPunch,BulletSeed,SwordsDance|||M|||50|,,,,,Ghost]Farigiraf||ThroatSpray|ArmorTail|HyperVoice,Psychic,HelpingHand,TrickRoom|||F|||50|,,,,,Fairy]Incineroar||SitrusBerry|Intimidate|KnockOff,FakeOut,FlareBlitz,PartingShot|||F|||50|,,,,,Water
|inactive|Battle timer is ON: inactive players will automatically lose when time's up. (requested by sedrav)
|inactive|sedrav has 60 seconds left.
|inactive|J.Arch has 60 seconds left.
|inactive|sedrav has 30 seconds left.
|inactive|J.Arch has 30 seconds left.
|inactive|sedrav has 20 seconds left.
|inactive|J.Arch has 20 seconds left.
|inactive|J.Arch has 15 seconds left.
|
|t:|1757039564
|teamsize|p1|4
|teamsize|p2|4
|start
|switch|p1a: Kilowattrel|Kilowattrel, L50, M|100/100
|switch|p1b: Gholdengo|Gholdengo, L50|100/100
|switch|p2a: Annihilape|Annihilape, L50, F|100/100
|switch|p2b: Pelipper|Pelipper, L50, M|100/100
|-weather|RainDance|[from] ability: Drizzle|[of] p2b: Pelipper
|turn|1
|inactive|J.Arch has 30 seconds left.
|inactive|J.Arch has 20 seconds left.
|inactive|J.Arch has 15 seconds left.
|inactive|J.Arch has 10 seconds left.
|
|t:|1757039613
|switch|p2b: Archaludon|Archaludon, L50, F|100/100
|move|p2a: Annihilape|U-turn|p1a: Kilowattrel
|-resisted|p1a: Kilowattrel
|-damage|p1a: Kilowattrel|82/100
|
|t:|1757039622
|switch|p2a: Pelipper|Pelipper, L50, M|100/100|[from] U-turn
|move|p1a: Kilowattrel|Volt Switch|p2b: Archaludon
|-resisted|p2b: Archaludon
|-damage|p2b: Archaludon|90/100
|-ability|p2b: Archaludon|Stamina|boost
|-boost|p2b: Archaludon|def|1
|
|t:|1757039635
|switch|p1a: Tyranitar|Tyranitar, L50, F|100/100|[from] Volt Switch
|-weather|Sandstorm|[from] ability: Sand Stream|[of] p1a: Tyranitar
|move|p1b: Gholdengo|Nasty Plot|p1b: Gholdengo
|-boost|p1b: Gholdengo|spa|2
|
|-weather|Sandstorm|[upkeep]
|-damage|p2a: Pelipper|94/100|[from] Sandstorm
|upkeep
|turn|2
|inactive|J.Arch has 30 seconds left.
|inactive|J.Arch has 20 seconds left.
|inactive|J.Arch has 15 seconds left.
|inactive|J.Arch has 10 seconds left.
|
|t:|1757039682
|switch|p1a: Kilowattrel|Kilowattrel, L50, M|82/100
|switch|p2a: Incineroar|Incineroar, L50, F|100/100
|-ability|p2a: Incineroar|Intimidate|boost
|-unboost|p1a: Kilowattrel|atk|1
|-ability|p1a: Kilowattrel|Competitive|boost
|-boost|p1a: Kilowattrel|spa|2
|-unboost|p1b: Gholdengo|atk|1
|move|p1b: Gholdengo|Shadow Ball|p2a: Incineroar
|-resisted|p2a: Incineroar
|-damage|p2a: Incineroar|69/100
|-unboost|p2a: Incineroar|spd|1
|move|p2b: Archaludon|Body Press|p1a: Kilowattrel
|-resisted|p1a: Kilowattrel
|-damage|p1a: Kilowattrel|44/100
|
|-weather|Sandstorm|[upkeep]
|-damage|p1a: Kilowattrel|38/100|[from] Sandstorm
|-damage|p2a: Incineroar|63/100|[from] Sandstorm
|upkeep
|turn|3
|inactive|sedrav has 30 seconds left.
|inactive|J.Arch has 30 seconds left.
|inactive|sedrav has 20 seconds left.
|inactive|sedrav has 15 seconds left.
|inactive|sedrav has 10 seconds left.
|
|t:|1757039731
|move|p1a: Kilowattrel|Volt Switch|p2a: Incineroar
|-damage|p2a: Incineroar|0 fnt
|faint|p2a: Incineroar
|
|t:|1757039741
|switch|p1a: Garchomp|Garchomp, L50, M|100/100|[from] Volt Switch
|move|p1b: Gholdengo|Make It Rain|p2b: Archaludon
|-resisted|p2b: Archaludon
|-damage|p2b: Archaludon|37/100
|-unboost|p1b: Gholdengo|spa|1
|-ability|p2b: Archaludon|Stamina|boost
|-boost|p2b: Archaludon|def|1
|move|p2b: Archaludon|Dragon Pulse|p1a: Garchomp
|-supereffective|p1a: Garchomp
|-damage|p1a: Garchomp|4/100
|
|-weather|Sandstorm|[upkeep]
|upkeep
|
|t:|1757039764
|switch|p2a: Pelipper|Pelipper, L50, M|94/100
|-weather|RainDance|[from] ability: Drizzle|[of] p2a: Pelipper
|turn|4
|inactive|sedrav has 30 seconds left.
|inactive|sedrav has 20 seconds left.
|
|t:|1757039801
|switch|p1a: Tyranitar|Tyranitar, L50, F|100/100
|-weather|Sandstorm|[from] ability: Sand Stream|[of] p1a: Tyranitar
|move|p1b: Gholdengo|Shadow Ball|p2b: Archaludon
|-damage|p2b: Archaludon|0 fnt
|faint|p2b: Archaludon
|move|p2a: Pelipper|Tailwind|p2a: Pelipper
|-sidestart|p2: J.Arch|move: Tailwind
|
|-weather|Sandstorm|[upkeep]
|-damage|p2a: Pelipper|88/100|[from] Sandstorm
|upkeep
|
|t:|1757039811
|switch|p2b: Annihilape|Annihilape, L50, F|100/100
|turn|5
|inactive|sedrav has 30 seconds left.
|
|t:|1757039843
|switch|p1a: Garchomp|Garchomp, L50, M|4/100
|move|p1b: Gholdengo|Protect|p1b: Gholdengo
|-singleturn|p1b: Gholdengo|Protect
|move|p2b: Annihilape|Rage Fist|p1b: Gholdengo
|-activate|p1b: Gholdengo|move: Protect
|move|p2a: Pelipper|Hurricane|p1b: Gholdengo
|-activate|p1b: Gholdengo|move: Protect
|
|-weather|Sandstorm|[upkeep]
|-damage|p2b: Annihilape|95/100|[from] Sandstorm
|-damage|p2a: Pelipper|82/100|[from] Sandstorm
|upkeep
|turn|6
|inactive|sedrav has 30 seconds left.
|inactive|J.Arch has 30 seconds left.
|inactive|sedrav has 20 seconds left.
|
|t:|1757039879
|-terastallize|p1b: Gholdengo|Flying
|move|p2b: Annihilape|Rage Fist|p1b: Gholdengo
|-damage|p1b: Gholdengo|75/100
|move|p2a: Pelipper|Weather Ball|p1a: Garchomp
|-resisted|p1a: Garchomp
|-damage|p1a: Garchomp|0 fnt
|faint|p1a: Garchomp
|move|p1b: Gholdengo|Shadow Ball|p2b: Annihilape
|-supereffective|p2b: Annihilape
|-damage|p2b: Annihilape|0 fnt
|faint|p2b: Annihilape
|
|-weather|Sandstorm|[upkeep]
|-damage|p2a: Pelipper|75/100|[from] Sandstorm
|-damage|p1b: Gholdengo|70/100|[from] Sandstorm
|upkeep
|
|t:|1757039900
|switch|p1a: Tyranitar|Tyranitar, L50, F|100/100
|turn|7
|
|t:|1757039915
|-terastallize|p2a: Pelipper|Dark
|move|p1b: Gholdengo|Protect|p1b: Gholdengo
|-singleturn|p1b: Gholdengo|Protect
|move|p2a: Pelipper|Weather Ball|p1b: Gholdengo
|-activate|p1b: Gholdengo|move: Protect
|move|p1a: Tyranitar|Rock Slide|p2a: Pelipper
|-damage|p2a: Pelipper|32/100
|
|-weather|Sandstorm|[upkeep]
|-damage|p2a: Pelipper|26/100|[from] Sandstorm
|-damage|p1b: Gholdengo|64/100|[from] Sandstorm
|-sideend|p2: J.Arch|move: Tailwind
|upkeep
|turn|8
|
|t:|1757039929
|move|p1b: Gholdengo|Make It Rain|p2a: Pelipper
|-damage|p2a: Pelipper|0 fnt
|-unboost|p1b: Gholdengo|spa|1
|faint|p2a: Pelipper
|
|win|sedrav
|l|☆J.Arch
|player|p2|
||J.Arch is ready for game 2.
