|j|☆MrTedno
|j|☆buf91 Lupita
|html|MrTednobuf91 Lupita    
|uhtml|bestof|Game 3 of a best-of-3
|t:|1756247867
|gametype|doubles
|player|p1|MrTedno|barry|1211
|player|p2|buf91 Lupita|lucas|1294
|gen|9
|tier|[Gen 9] VGC 2025 Reg H (Bo3)
|rated|
|rule|Species Clause: Limit one of each Pokémon
|rule|Item Clause: Limit 1 of each item
|clearpoke
|poke|p1|Dondozo, L50, F|
|poke|p1|Tatsugiri, L50, F|
|poke|p1|Politoed, L50, M|
|poke|p1|Archaludon, L50, M|
|poke|p1|Amoonguss, L50, F|
|poke|p1|Overqwil, L50, F|
|poke|p2|Typhlosion-Hisui, L50, M|
|poke|p2|Whimsicott, L50, M|
|poke|p2|Kingambit, L50, F|
|poke|p2|Farigiraf, L50, F|
|poke|p2|Ursaluna-Bloodmoon, L50, M|
|poke|p2|Annihilape, L50, M|
|teampreview|4
|showteam|p1|Dondozo||LifeOrb|Unaware|Surf,Protect,SleepTalk|||F|||50|,,,,,Water]Tatsugiri||FocusSash|Commander|DracoMeteor,Protect,MuddyWater,Taunt|||F|||50|,,,,,Stellar]Politoed||SitrusBerry|Drizzle|WeatherBall,IceBeam,Haze,Protect|||M|||50|,,,,,Steel]Archaludon||AssaultVest|Stamina|BodyPress,ElectroShot,DragonPulse,FlashCannon|||M|||50|,,,,,Grass]Amoonguss||RockyHelmet|Regenerator|Spore,RagePowder,PollenPuff,Protect|||F|||50|,,,,,Fairy]Overqwil||ChoiceBand|SwiftSwim|PoisonJab,ThroatChop,Liquidation,PinMissile|||F|||50|,,,,,Ghost
|showteam|p2|Typhlosion-Hisui||ChoiceSpecs|Blaze|HeatWave,Eruption,ShadowBall,Flamethrower|||M|||50|,,,,,Fire]Whimsicott||CovertCloak|Prankster|SunnyDay,Tailwind,Moonblast,Encore|||M|||50|,,,,,Ghost]Kingambit||AssaultVest|Defiant|KowtowCleave,LowKick,IronHead,SuckerPunch|||F|||50|,,,,,Fairy]Farigiraf||SitrusBerry|ArmorTail|TrickRoom,HelpingHand,Psychic,FoulPlay|||F|||50|,,,,,Fairy]Ursaluna-Bloodmoon||LifeOrb|MindsEye|Protect,BloodMoon,HyperVoice,EarthPower|||M|||50|,,,,,Normal]Annihilape||Leftovers|Defiant|Protect,BulkUp,DrainPunch,RageFist|||M|||50|,,,,,Fire
|
|t:|1756247923
|teamsize|p1|4
|teamsize|p2|4
|start
|switch|p1a: Peso|Tatsugiri, L50, F|100/100
|switch|p1b: Shellington|Overqwil, L50, F|100/100
|switch|p2a: Typhlosion|Typhlosion-Hisui, L50, M|100/100
|switch|p2b: Whimsicott|Whimsicott, L50, M|100/100
|turn|1
|
|t:|1756247973
|move|p1a: Peso|Protect|p1a: Peso
|-singleturn|p1a: Peso|Protect
|move|p2b: Whimsicott|Sunny Day|p2b: Whimsicott
|-weather|SunnyDay
|move|p2a: Typhlosion|Heat Wave|p1a: Peso|[spread] p1b
|-activate|p1a: Peso|move: Protect
|-damage|p1b: Shellington|0 fnt
|faint|p1b: Shellington
|
|-weather|SunnyDay|[upkeep]
|upkeep
|
|t:|1756247980
|switch|p1b: Tweak|Politoed, L50, M|100/100
|-weather|RainDance|[from] ability: Drizzle|[of] p1b: Tweak
|turn|2
|
|t:|1756248034
|switch|p1a: Kwazii|Dondozo, L50, F|100/100
|move|p2b: Whimsicott|Sunny Day|p2b: Whimsicott
|-weather|SunnyDay
|move|p2a: Typhlosion|Heat Wave|p1a: Kwazii|[spread] p1a,p1b
|-resisted|p1a: Kwazii
|-resisted|p1b: Tweak
|-damage|p1a: Kwazii|60/100
|-damage|p1b: Tweak|73/100
|move|p1b: Tweak|Weather Ball|p2b: Whimsicott
|-supereffective|p2b: Whimsicott
|-damage|p2b: Whimsicott|0 fnt
|faint|p2b: Whimsicott
|
|-weather|SunnyDay|[upkeep]
|upkeep
|
|t:|1756248057
|switch|p2b: Ursaluna|Ursaluna-Bloodmoon, L50, M|100/100
|turn|3
|
|t:|1756248080
|switch|p1b: Peso|Tatsugiri, L50, F|100/100
|-activate|p1b: Peso|ability: Commander|[of] p1a: Kwazii
|-boost|p1a: Kwazii|atk|2
|-boost|p1a: Kwazii|spa|2
|-boost|p1a: Kwazii|spe|2
|-boost|p1a: Kwazii|def|2
|-boost|p1a: Kwazii|spd|2
|-terastallize|p2b: Ursaluna|Normal
|move|p1a: Kwazii|Surf|p2a: Typhlosion|[spread] p2a,p2b
|-miss|p1a: Kwazii|p1b: Peso
|-supereffective|p2a: Typhlosion
|-damage|p2a: Typhlosion|17/100
|-damage|p2b: Ursaluna|73/100
|-damage|p1a: Kwazii|50/100|[from] item: Life Orb
|move|p2a: Typhlosion|Heat Wave|p1a: Kwazii|[spread] p1a
|-miss|p2a: Typhlosion|p1b: Peso
|-resisted|p1a: Kwazii
|-damage|p1a: Kwazii|20/100
|move|p2b: Ursaluna|Hyper Voice|p1a: Kwazii|[spread] p1a
|-miss|p2b: Ursaluna|p1b: Peso
|-damage|p1a: Kwazii|0 fnt
|faint|p1a: Kwazii
|-damage|p2b: Ursaluna|63/100|[from] item: Life Orb
|
|-weather|SunnyDay|[upkeep]
|upkeep
|
|t:|1756248095
|switch|p1a: Tweak|Politoed, L50, M|73/100
|-weather|RainDance|[from] ability: Drizzle|[of] p1a: Tweak
|turn|4
|
|t:|1756248141
|switch|p2a: Kingambit|Kingambit, L50, F|100/100
|-terastallize|p1b: Peso|Stellar
|move|p2b: Ursaluna|Protect|p2b: Ursaluna
|-singleturn|p2b: Ursaluna|Protect
|move|p1b: Peso|Draco Meteor|p2b: Ursaluna
|-activate|p2b: Ursaluna|move: Protect
|move|p1a: Tweak|Haze|p1a: Tweak
|-clearallboost
|
|-weather|RainDance|[upkeep]
|upkeep
|turn|5
|
|t:|1756248172
|move|p2a: Kingambit|Sucker Punch|p1b: Peso
|-damage|p1b: Peso|27/100
|move|p1b: Peso|Muddy Water|p2b: Ursaluna|[spread] p2a,p2b
|-damage|p2a: Kingambit|61/100
|-damage|p2b: Ursaluna|0 fnt
|-unboost|p2a: Kingambit|accuracy|1
|-ability|p2a: Kingambit|Defiant|boost
|-boost|p2a: Kingambit|atk|2
|faint|p2b: Ursaluna
|move|p1a: Tweak|Weather Ball|p2a: Kingambit
|-damage|p2a: Kingambit|29/100
|
|-weather|RainDance|[upkeep]
|upkeep
|
|t:|1756248184
|switch|p2b: Typhlosion|Typhlosion-Hisui, L50, M|17/100
|turn|6
|
|t:|1756248222
|move|p1b: Peso|Protect|p1b: Peso
|-singleturn|p1b: Peso|Protect
|move|p1a: Tweak|Protect|p1a: Tweak
|-singleturn|p1a: Tweak|Protect
|move|p2a: Kingambit|Sucker Punch||[still]
|-fail|p2a: Kingambit
|move|p2b: Typhlosion|Shadow Ball|p1b: Peso
|-activate|p1b: Peso|move: Protect
|
|-weather|RainDance|[upkeep]
|upkeep
|turn|7
|
|t:|1756248289
|move|p2a: Kingambit|Sucker Punch|p1a: Tweak
|-damage|p1a: Tweak|0 fnt
|faint|p1a: Tweak
|move|p2b: Typhlosion|Shadow Ball|p1b: Peso
|-damage|p1b: Peso|0 fnt
|faint|p1b: Peso
|
|win|buf91 Lupita
|raw|MrTedno's rating: 1211 → 1192(-19 for losing)
|raw|buf91 Lupita's rating: 1294 → 1313(+19 for winning)
|c|☆MrTedno|gggwp
|c|☆buf91 Lupita|Ggs
|l|☆buf91 Lupita
|player|p2|
