|j|☆vglabmty
|j|☆PenguimSAL
|html|vglabmtyPenguimSAL    
|uhtml|bestof|Game 2 of a best-of-3
|t:|1786054564
|gametype|doubles
|player|p1|vglabmty|170|1131
|player|p2|PenguimSAL|266|1240
|gen|9
|tier|[Gen 9 Champions] VGC 2026 Reg M-B (Bo3)
|rated|
|rule|Species Clause: Limit one of each Pokémon
|rule|Item Clause: Limit 1 of each item
|clearpoke
|poke|p1|Houndstone, L50, M|
|poke|p1|Clefable, L50, F|
|poke|p1|Tyranitar, L50, F|
|poke|p1|Froslass, L50, F|
|poke|p1|Sneasler, L50, M|
|poke|p1|Kingambit, L50, F|
|poke|p2|Charizard, L50, M|
|poke|p2|Venusaur, L50, M|
|poke|p2|Garchomp, L50, M|
|poke|p2|Incineroar, L50, F|
|poke|p2|Toxapex, L50, M|
|poke|p2|Sylveon, L50, F|
|teampreview|4
|showteam|p1|Houndstone||LifeOrb|SandRush|Protect,WillOWisp,ShadowSneak,LastRespects|Adamant||M|||50|]Clefable||SitrusBerry|MagicGuard|Protect,FollowMe,Moonblast,IceBeam|Bold||F|||50|]Tyranitar||Tyranitarite|SandStream|KnockOff,RockSlide,Protect,LowKick|Adamant||F|||50|]Froslass||Froslassite|CursedBody|Thunderbolt,Protect,Blizzard,ShadowBall|Timid||F|||50|]Sneasler||WhiteHerb|Unburden|FakeOut,DireClaw,CloseCombat,Protect|Adamant||M|||50|]Kingambit||BlackGlasses|Defiant|Protect,IronHead,SuckerPunch,KowtowCleave|Adamant||F|||50|
|showteam|p2|Charizard||CharizarditeY|Blaze|HeatWave,WeatherBall,AncientPower,Protect|Modest||M|||50|]Venusaur||LifeOrb|Chlorophyll|SolarBeam,SludgeBomb,EarthPower,Protect|Modest||M|||50|]Garchomp||ChoiceScarf|RoughSkin|DragonClaw,Earthquake,RockSlide,StompingTantrum|Adamant||M|||50|]Incineroar||SitrusBerry|Intimidate|FlareBlitz,ThroatChop,PartingShot,FakeOut|Impish||F|||50|]Toxapex||Leftovers|Regenerator|Toxic,Infestation,WideGuard,BanefulBunker|Bold||M|||50|]Sylveon||FairyFeather|Pixilate|HyperVoice,Yawn,Detect,QuickAttack|Modest||F|||50|
|
|t:|1786054616
|teamsize|p1|4
|teamsize|p2|4
|start
|switch|p1a: Sneasler|Sneasler, L50, M|100/100
|switch|p1b: Kingambit|Kingambit, L50, F|100/100
|switch|p2a: Charizard|Charizard, L50, M|100/100
|switch|p2b: Venusaur|Venusaur, L50, M|100/100
|turn|1
|
|t:|1786054645
|move|p1a: Sneasler|Fake Out|p2a: Charizard
|-damage|p2a: Charizard|85/100
|move|p2b: Venusaur|Earth Power|p1b: Kingambit
|-supereffective|p1b: Kingambit|1
|-damage|p1b: Kingambit|23/100
|-damage|p2b: Venusaur|90/100|[from] item: Life Orb
|cant|p2a: Charizard|flinch
|move|p1b: Kingambit|Kowtow Cleave|p2b: Venusaur
|-damage|p2b: Venusaur|12/100
|
|upkeep
|turn|2
|
|t:|1786054659
|move|p2b: Venusaur|Protect|p2b: Venusaur
|-singleturn|p2b: Venusaur|Protect
|move|p1b: Kingambit|Sucker Punch||[still]
|-fail|p1b: Kingambit
|move|p1a: Sneasler|Dire Claw|p2a: Charizard
|-damage|p2a: Charizard|38/100
|move|p2a: Charizard|Heat Wave|p1a: Sneasler|[spread] p1a,p1b
|-supereffective|p1b: Kingambit|1
|-damage|p1a: Sneasler|59/100
|-damage|p1b: Kingambit|0 fnt
|faint|p1b: Kingambit
|
|upkeep
|
|t:|1786054672
|switch|p1b: Houndstone|Houndstone, L50, M|100/100
|turn|3
|inactive|Battle timer is ON: inactive players will automatically lose when time's up. (requested by vglabmty)
|inactive|PenguimSAL has 60 seconds left.
|
|t:|1786054739
|switch|p2b: Incineroar|Incineroar, L50, F|100/100
|-ability|p2b: Incineroar|Intimidate|boost
|-unboost|p1a: Sneasler|atk|1
|-unboost|p1b: Houndstone|atk|1
|-enditem|p1a: Sneasler|White Herb
|-clearnegativeboost|p1a: Sneasler|[silent]
|detailschange|p2a: Charizard|Charizard-Mega-Y, L50, M
|-mega|p2a: Charizard|Charizard|Charizardite Y
|-weather|SunnyDay|[from] ability: Drought|[of] p2a: Charizard
|move|p1b: Houndstone|Shadow Sneak|p2b: Incineroar
|-resisted|p2b: Incineroar|1
|-damage|p2b: Incineroar|94/100
|-damage|p1b: Houndstone|90/100|[from] item: Life Orb
|move|p1a: Sneasler|Dire Claw|p2a: Charizard
|-damage|p2a: Charizard|0 fnt
|faint|p2a: Charizard
|
|-weather|SunnyDay|[upkeep]
|upkeep
|
|t:|1786054743
|switch|p2a: Garchomp|Garchomp, L50, M|100/100
|turn|4
|
|t:|1786054766
|move|p1a: Sneasler|Protect|p1a: Sneasler
|-singleturn|p1a: Sneasler|Protect
|move|p1b: Houndstone|Protect|p1b: Houndstone
|-singleturn|p1b: Houndstone|Protect
|move|p2a: Garchomp|Stomping Tantrum|p1a: Sneasler
|-activate|p1a: Sneasler|move: Protect
|move|p2b: Incineroar|Throat Chop|p1b: Houndstone
|-activate|p1b: Houndstone|move: Protect
|
|-weather|SunnyDay|[upkeep]
|upkeep
|turn|5
|
|t:|1786054780
|switch|p1a: Tyranitar|Tyranitar, L50, F|100/100
|-weather|Sandstorm|[from] ability: Sand Stream|[of] p1a: Tyranitar
|move|p1b: Houndstone|Will-O-Wisp|p2a: Garchomp
|-status|p2a: Garchomp|brn
|move|p2a: Garchomp|Stomping Tantrum|p1a: Tyranitar
|-supereffective|p1a: Tyranitar|1
|-damage|p1a: Tyranitar|63/100
|move|p2b: Incineroar|Throat Chop|p1b: Houndstone
|-supereffective|p1b: Houndstone|1
|-damage|p1b: Houndstone|15/100
|-start|p1b: Houndstone|Throat Chop|[silent]
|
|-weather|Sandstorm|[upkeep]
|-damage|p2b: Incineroar|88/100|[from] Sandstorm
|-damage|p2a: Garchomp|94/100 brn|[from] brn
|upkeep
|turn|6
|inactive|vglabmty has 30 seconds left.
|
|t:|1786054811
|detailschange|p1a: Tyranitar|Tyranitar-Mega, L50, F
|-mega|p1a: Tyranitar|Tyranitar|Tyranitarite
|move|p1b: Houndstone|Last Respects|p2a: Garchomp
|-damage|p2a: Garchomp|51/100 brn
|-damage|p1b: Houndstone|6/100|[from] item: Life Orb
|move|p2a: Garchomp|Stomping Tantrum|p1a: Tyranitar
|-supereffective|p1a: Tyranitar|1
|-damage|p1a: Tyranitar|33/100
|move|p1a: Tyranitar|Rock Slide|p2b: Incineroar|[spread] p2a
|-miss|p1a: Tyranitar|p2b: Incineroar
|-resisted|p2a: Garchomp|1
|-damage|p2a: Garchomp|32/100 brn
|move|p2b: Incineroar|Throat Chop|p1a: Tyranitar
|-resisted|p1a: Tyranitar|1
|-damage|p1a: Tyranitar|24/100
|-start|p1a: Tyranitar|Throat Chop|[silent]
|
|-weather|Sandstorm|[upkeep]
|-damage|p2b: Incineroar|82/100|[from] Sandstorm
|-damage|p2a: Garchomp|26/100 brn|[from] brn
|-end|p1b: Houndstone|Throat Chop|[silent]
|upkeep
|turn|7
|inactive|vglabmty has 30 seconds left.
|
|t:|1786054839
|move|p1b: Houndstone|Last Respects|p2a: Garchomp
|-damage|p2a: Garchomp|0 fnt
|faint|p2a: Garchomp
|-damage|p1b: Houndstone|0 fnt|[from] item: Life Orb
|faint|p1b: Houndstone
|move|p1a: Tyranitar|Rock Slide|p2b: Incineroar|[miss]
|-miss|p1a: Tyranitar|p2b: Incineroar
|move|p2b: Incineroar|Throat Chop|p1a: Tyranitar
|-resisted|p1a: Tyranitar|1
|-damage|p1a: Tyranitar|14/100
|
|-weather|Sandstorm|[upkeep]
|-damage|p2b: Incineroar|76/100|[from] Sandstorm
|-end|p1a: Tyranitar|Throat Chop|[silent]
|upkeep
|
|t:|1786054850
|switch|p2a: Venusaur|Venusaur, L50, M|12/100
|switch|p1b: Sneasler|Sneasler, L50, M|59/100
|turn|8
|
|t:|1786054863
|move|p1b: Sneasler|Dire Claw|p2a: Venusaur
|-damage|p2a: Venusaur|0 fnt
|faint|p2a: Venusaur
|move|p1a: Tyranitar|Rock Slide|p2b: Incineroar
|-supereffective|p2b: Incineroar|1
|-damage|p2b: Incineroar|1/100
|-enditem|p2b: Incineroar|Sitrus Berry|[eat]
|-heal|p2b: Incineroar|25/100|[from] item: Sitrus Berry
|cant|p2b: Incineroar|flinch
|
|-weather|Sandstorm|[upkeep]
|-damage|p1b: Sneasler|54/100|[from] Sandstorm
|-damage|p2b: Incineroar|19/100|[from] Sandstorm
|upkeep
|turn|9
|c|☆vglabmty|jajajaj haxxxxxxxxxx
|c|☆PenguimSAL|lul
|
|t:|1786054877
|move|p1b: Sneasler|Close Combat|p2b: Incineroar
|-supereffective|p2b: Incineroar|1
|-damage|p2b: Incineroar|0 fnt
|-unboost|p1b: Sneasler|def|1
|-unboost|p1b: Sneasler|spd|1
|faint|p2b: Incineroar
|
|win|vglabmty
|raw|vglabmty's rating: 1131 → 1164(+33 for winning)
|raw|PenguimSAL's rating: 1240 → 1207(-33 for losing)
