|j|☆pokeplaygg
|j|☆wumblesnsuch
|html|pokeplayggwumblesnsuch    
|uhtml|bestof|Game 2 of a best-of-3
|t:|1756662825
|gametype|doubles
|player|p1|pokeplaygg|102|1185
|player|p2|wumblesnsuch|blue|1157
|gen|9
|tier|[Gen 9] VGC 2025 Reg H (Bo3)
|rated|
|rule|Species Clause: Limit one of each Pokémon
|rule|Item Clause: Limit 1 of each item
|clearpoke
|poke|p1|Amoonguss, L50, F|
|poke|p1|Annihilape, L50, M|
|poke|p1|Pelipper, L50, M|
|poke|p1|Maushold, L50|
|poke|p1|Basculegion, L50, M|
|poke|p1|Rillaboom, L50, F|
|poke|p2|Talonflame, L50, M|
|poke|p2|Sneasler, L50, M|
|poke|p2|Indeedee, L50, M|
|poke|p2|Gholdengo, L50|
|poke|p2|Garchomp, L50, M|
|poke|p2|Ninetales-Alola, L50, F|
|teampreview|4
|showteam|p1|Amoonguss||RockyHelmet|Regenerator|ClearSmog,Spore,RagePowder,PollenPuff|||F|||50|,,,,,Water]Annihilape||Leftovers|Defiant|Protect,DrainPunch,BulkUp,RageFist|||M|||50|,,,,,Fire]Pelipper||FocusSash|Drizzle|WeatherBall,Protect,Hurricane,Tailwind|||M|||50|,,,,,Stellar]Maushold||SafetyGoggles|FriendGuard|FollowMe,BeatUp,Taunt,Protect||||||50|,,,,,Ghost]Basculegion||ChoiceBand|SwiftSwim|LastRespects,AquaJet,WaveCrash,FlipTurn|||M|||50|,,,,,Fire]Rillaboom||AssaultVest|GrassySurge|FakeOut,GrassyGlide,WoodHammer,Uturn|||F|||50|,,,,,Fire
|showteam|p2|Talonflame||CovertCloak|GaleWings|BraveBird,Tailwind,WillOWisp,FlareBlitz|||M|||50|,,,,,Flying]Sneasler||PsychicSeed|Unburden|ThroatChop,CloseCombat,DireClaw,AcidSpray|||M|||50|,,,,,Dark]Indeedee||FocusSash|PsychicSurge|Protect,TrickRoom,Imprison,ExpandingForce|||M|||50|,,,,,Psychic]Gholdengo||ChoiceSpecs|GoodasGold|MakeItRain,ShadowBall,Thunderbolt,SteelBeam||||||50|,,,,,Steel]Garchomp||LifeOrb|RoughSkin|Protect,StompingTantrum,Earthquake,Outrage|||M|||50|,,,,,Ground]Ninetales-Alola||NeverMeltIce|SnowWarning|Blizzard,FreezeDry,AuroraVeil,Protect|||F|||50|,,,,,Ice
|inactive|Battle timer is ON: inactive players will automatically lose when time's up. (requested by pokeplaygg)
|inactive|pokeplaygg has 60 seconds left.
|
|t:|1756662860
|teamsize|p1|4
|teamsize|p2|4
|start
|switch|p1a: Annihilape|Annihilape, L50, M|100/100
|switch|p1b: Maushold|Maushold, L50|100/100
|switch|p2a: Talonflame|Talonflame, L50, M, shiny|100/100
|switch|p2b: Gholdengo|Gholdengo, L50|100/100
|turn|1
|
|t:|1756662881
|-terastallize|p1a: Annihilape|Fire
|-terastallize|p2b: Gholdengo|Steel
|move|p2a: Talonflame|Tailwind|p2a: Talonflame
|-sidestart|p2: wumblesnsuch|move: Tailwind
|move|p2b: Gholdengo|Make It Rain|p1b: Maushold|[spread] p1a,p1b
|-resisted|p1a: Annihilape
|-damage|p1a: Annihilape|69/100
|-damage|p1b: Maushold|0 fnt
|-unboost|p2b: Gholdengo|spa|1
|faint|p1b: Maushold
|move|p1a: Annihilape|Rage Fist|p2b: Gholdengo
|-damage|p2b: Gholdengo|55/100
|
|-heal|p1a: Annihilape|75/100|[from] item: Leftovers
|upkeep
|
|t:|1756662900
|switch|p1b: Pelipper|Pelipper, L50, M|100/100
|-weather|RainDance|[from] ability: Drizzle|[of] p1b: Pelipper
|turn|2
|
|t:|1756662907
|move|p1b: Pelipper|Protect|p1b: Pelipper
|-singleturn|p1b: Pelipper|Protect
|move|p2a: Talonflame|Brave Bird|p1b: Pelipper
|-activate|p1b: Pelipper|move: Protect
|move|p2b: Gholdengo|Make It Rain|p1a: Annihilape|[spread] p1a
|-activate|p1b: Pelipper|move: Protect
|-resisted|p1a: Annihilape
|-damage|p1a: Annihilape|44/100
|-unboost|p2b: Gholdengo|spa|1
|move|p1a: Annihilape|Drain Punch|p2b: Gholdengo
|-supereffective|p2b: Gholdengo
|-damage|p2b: Gholdengo|0 fnt
|-heal|p1a: Annihilape|65/100|[from] drain|[of] p2b: Gholdengo
|faint|p2b: Gholdengo
|
|-weather|RainDance|[upkeep]
|-heal|p1a: Annihilape|71/100|[from] item: Leftovers
|upkeep
|
|t:|1756662924
|switch|p2b: Indeedee|Indeedee, L50, M, shiny|100/100
|-fieldstart|move: Psychic Terrain|[from] ability: Psychic Surge|[of] p2b: Indeedee
|turn|3
|
|t:|1756662940
|switch|p1b: Rillaboom|Rillaboom, L50, F|100/100
|-fieldstart|move: Grassy Terrain|[from] ability: Grassy Surge|[of] p1b: Rillaboom
|move|p2a: Talonflame|Brave Bird|p1b: Rillaboom
|-supereffective|p1b: Rillaboom
|-damage|p1b: Rillaboom|8/100
|-damage|p2a: Talonflame|60/100|[from] Recoil
|move|p2b: Indeedee|Expanding Force|p1b: Rillaboom
|-damage|p1b: Rillaboom|0 fnt
|faint|p1b: Rillaboom
|move|p1a: Annihilape|Rage Fist|p2a: Talonflame
|-damage|p2a: Talonflame|0 fnt
|faint|p2a: Talonflame
|
|-weather|RainDance|[upkeep]
|-heal|p1a: Annihilape|77/100|[from] Grassy Terrain
|-heal|p1a: Annihilape|83/100|[from] item: Leftovers
|upkeep
|inactive|pokeplaygg has 30 seconds left.
|
|t:|1756662969
|switch|p2a: Sneasler|Sneasler, L50, M, shiny|100/100
|switch|p1b: Pelipper|Pelipper, L50, M|100/100
|turn|4
|inactive|pokeplaygg has 30 seconds left.
|inactive|pokeplaygg has 20 seconds left.
|inactive|pokeplaygg has 15 seconds left.
|inactive|pokeplaygg has 10 seconds left.
|
|t:|1756663014
|move|p1a: Annihilape|Protect|p1a: Annihilape
|-singleturn|p1a: Annihilape|Protect
|move|p1b: Pelipper|Protect|p1b: Pelipper
|-singleturn|p1b: Pelipper|Protect
|move|p2a: Sneasler|Dire Claw|p1a: Annihilape
|-activate|p1a: Annihilape|move: Protect
|move|p2b: Indeedee|Expanding Force|p1b: Pelipper
|-activate|p1b: Pelipper|move: Protect
|
|-weather|RainDance|[upkeep]
|-heal|p1a: Annihilape|89/100|[from] Grassy Terrain
|-heal|p1a: Annihilape|95/100|[from] item: Leftovers
|-sideend|p2: wumblesnsuch|move: Tailwind
|upkeep
|turn|5
|
|t:|1756663035
|move|p2a: Sneasler|Dire Claw|p1b: Pelipper
|-damage|p1b: Pelipper|43/100
|-status|p1b: Pelipper|par
|move|p2b: Indeedee|Expanding Force|p1b: Pelipper
|-damage|p1b: Pelipper|0 fnt
|faint|p1b: Pelipper
|move|p1a: Annihilape|Rage Fist|p2a: Sneasler
|-damage|p2a: Sneasler|0 fnt
|faint|p2a: Sneasler
|
|-weather|RainDance|[upkeep]
|-heal|p1a: Annihilape|100/100|[from] Grassy Terrain
|upkeep
|turn|6
|
|t:|1756663043
|move|p2b: Indeedee|Expanding Force|p1a: Annihilape
|-damage|p1a: Annihilape|65/100
|move|p1a: Annihilape|Drain Punch|p2b: Indeedee
|-damage|p2b: Indeedee|25/100
|-heal|p1a: Annihilape|89/100|[from] drain|[of] p2b: Indeedee
|
|-weather|none
|-heal|p2b: Indeedee|31/100|[from] Grassy Terrain
|-heal|p1a: Annihilape|95/100|[from] Grassy Terrain
|-heal|p1a: Annihilape|100/100|[from] item: Leftovers
|upkeep
|turn|7
|-message|wumblesnsuch forfeited.
|
|win|pokeplaygg
|raw|pokeplaygg's rating: 1185 → 1208(+23 for winning)
|raw|wumblesnsuch's rating: 1157 → 1134(-23 for losing)
