|j|☆Needels
|j|☆BasedRen
|html|NeedelsBasedRen    
|uhtml|bestof|Game 2 of a best-of-3
|t:|1756498078
|gametype|doubles
|player|p1|Needels|eusine|1137
|player|p2|BasedRen|1|1035
|gen|9
|tier|[Gen 9] VGC 2025 Reg H (Bo3)
|rated|
|rule|Species Clause: Limit one of each Pokémon
|rule|Item Clause: Limit 1 of each item
|clearpoke
|poke|p1|Charizard, L50, F|
|poke|p1|Torkoal, L50, F|
|poke|p1|Porygon2, L50|
|poke|p1|Incineroar, L50, F|
|poke|p1|Jumpluff, L50, F|
|poke|p1|Ursaluna, L50, M|
|poke|p2|Garchomp, L50, M|
|poke|p2|Blaziken, L50, M|
|poke|p2|Ceruledge, L50, M|
|poke|p2|Primarina, L50, F|
|poke|p2|Murkrow, L50, F|
|poke|p2|Zoroark-Hisui, L50, F|
|teampreview|4
|showteam|p1|Charizard||ChoiceSpecs|SolarPower|HeatWave,Overheat,WeatherBall,DragonPulse|||F|||50|,,,,,Ghost]Torkoal||EjectPack|Drought|Eruption,Overheat,HelpingHand,Protect|||F|||50|,,,,,Fire]Porygon2||Eviolite|Download|TeraBlast,IceBeam,Recover,TrickRoom||||||50|,,,,,Fighting]Incineroar||SitrusBerry|Intimidate|FlareBlitz,KnockOff,FakeOut,PartingShot|||F|||50|,,,,,Ghost]Jumpluff||CovertCloak|Chlorophyll|SleepPowder,SunnyDay,RagePowder,Tailwind|||F|||50|,,,,,Water]Ursaluna||FlameOrb|Guts|HeadlongRush,Facade,Earthquake,Protect|||M|||50|,,,,,Ghost
|showteam|p2|Garchomp||SafetyGoggles|RoughSkin|Earthquake,DragonClaw,Protect,BrickBreak|||M|||50|,,,,,Ground]Blaziken||FocusSash|SpeedBoost|Coaching,Protect,Overheat,AuraSphere|||M|||50|,,,,,Flying]Ceruledge||ClearAmulet|FlashFire|BitterBlade,SolarBlade,ShadowSneak,CloseCombat|||M|||50|,,,,,Grass]Primarina||ThroatSpray|LiquidVoice|Moonblast,HyperVoice,MistyTerrain,Protect|||F|||50|,,,,,Fairy]Murkrow||Eviolite|Prankster|Tailwind,FoulPlay,Haze,SunnyDay|||F|||50|,,,,,Ghost]Zoroark-Hisui||ChoiceSpecs|Illusion|BitterMalice,HyperVoice,HyperBeam,FocusBlast|||F|||50|,,,,,Normal
|inactive|Battle timer is ON: inactive players will automatically lose when time's up. (requested by BasedRen)
|inactive|BasedRen has 60 seconds left.
|inactive|BasedRen has 30 seconds left.
|
|t:|1756498148
|teamsize|p1|4
|teamsize|p2|4
|start
|switch|p1a: Porygon2|Porygon2, L50, shiny|100/100
|switch|p1b: Incineroar|Incineroar, L50, F|100/100
|switch|p2a: Ceruledge|Ceruledge, L50, M|100/100
|switch|p2b: Garchomp|Garchomp, L50, M|100/100
|-ability|p1b: Incineroar|Intimidate|boost
|-fail|p2a: Ceruledge|unboost|[from] item: Clear Amulet|[of] p2a: Ceruledge
|-unboost|p2b: Garchomp|atk|1
|-ability|p1a: Porygon2|Download|boost
|-boost|p1a: Porygon2|atk|1
|turn|1
|inactive|Needels has 30 seconds left.
|
|t:|1756498179
|-terastallize|p1a: Porygon2|Fighting
|move|p2b: Garchomp|Focus Blast|p1a: Porygon2|[miss]
|-miss|p2b: Garchomp|p1a: Porygon2
|move|p2a: Ceruledge|Close Combat|p1a: Porygon2
|-damage|p1a: Porygon2|72/100
|-unboost|p2a: Ceruledge|def|1
|-unboost|p2a: Ceruledge|spd|1
|move|p1b: Incineroar|Parting Shot|p2b: Garchomp
|-unboost|p2b: Garchomp|atk|1
|-unboost|p2b: Garchomp|spa|1
|
|t:|1756498190
|switch|p1b: Ursaluna|Ursaluna, L50, M|100/100|[from] Parting Shot
|move|p1a: Porygon2|Trick Room|p1a: Porygon2
|-fieldstart|move: Trick Room|[of] p1a: Porygon2
|
|-status|p1b: Ursaluna|brn|[from] item: Flame Orb
|upkeep
|turn|2
|
|t:|1756498212
|switch|p2a: Garchomp|Garchomp, L50, M|100/100
|switch|p2b: Primarina|Primarina, L50, F|100/100
|move|p1a: Porygon2|Ice Beam|p2b: Primarina
|-resisted|p2b: Primarina
|-damage|p2b: Primarina|88/100
|move|p1b: Ursaluna|Headlong Rush|p2a: Garchomp
|-damage|p2a: Garchomp|0 fnt
|-unboost|p1b: Ursaluna|def|1
|-unboost|p1b: Ursaluna|spd|1
|-damage|p1b: Ursaluna|88/100 brn|[from] ability: Rough Skin|[of] p2a: Garchomp
|faint|p2a: Garchomp
|
|-damage|p1b: Ursaluna|83/100 brn|[from] brn
|upkeep
|
|t:|1756498230
|switch|p2a: Ceruledge|Ceruledge, L50, M|100/100
|turn|3
|inactive|Needels has 30 seconds left.
|inactive|BasedRen has 30 seconds left.
|
|t:|1756498256
|switch|p1a: Torkoal|Torkoal, L50, F|100/100
|-weather|SunnyDay|[from] ability: Drought|[of] p1a: Torkoal
|-terastallize|p2a: Ceruledge|Grass
|move|p1b: Ursaluna|Protect|p1b: Ursaluna
|-singleturn|p1b: Ursaluna|Protect
|move|p2b: Primarina|Hyper Voice|p1a: Torkoal|[spread] p1a
|-activate|p1b: Ursaluna|move: Protect
|-supereffective|p1a: Torkoal
|-damage|p1a: Torkoal|63/100
|-enditem|p2b: Primarina|Throat Spray
|-boost|p2b: Primarina|spa|1|[from] item: Throat Spray
|move|p2a: Ceruledge|Bitter Blade|p1a: Torkoal
|-resisted|p1a: Torkoal
|-damage|p1a: Torkoal|36/100
|
|-weather|SunnyDay|[upkeep]
|-damage|p1b: Ursaluna|77/100 brn|[from] brn
|upkeep
|turn|4
|inactive|Needels has 30 seconds left.
|inactive|BasedRen has 30 seconds left.
|inactive|Needels has 20 seconds left.
|
|t:|1756498294
|switch|p2a: Ceruledge|Ceruledge, L50, M|100/100
|move|p1a: Torkoal|Overheat|p2b: Primarina
|-resisted|p2b: Primarina
|-damage|p2b: Primarina|56/100
|-unboost|p1a: Torkoal|spa|2
|-enditem|p1a: Torkoal|Eject Pack
|
|t:|1756498303
|switch|p1a: Incineroar|Incineroar, L50, F|100/100
|-ability|p1a: Incineroar|Intimidate|boost
|-unboost|p2a: Ceruledge|atk|1
|-unboost|p2b: Primarina|atk|1
|move|p1b: Ursaluna|Facade|p2a: Ceruledge
|-immune|p2a: Ceruledge
|move|p2b: Primarina|Moonblast|p1b: Ursaluna
|-damage|p1b: Ursaluna|0 fnt
|faint|p1b: Ursaluna
|
|-weather|SunnyDay|[upkeep]
|upkeep
|
|t:|1756498312
|switch|p1b: Torkoal|Torkoal, L50, F|36/100
|-start|p2a: Ceruledge|typechange|Grass|[silent]
|turn|5
|inactive|Needels has 30 seconds left.
|inactive|Needels has 20 seconds left.
|
|t:|1756498351
|switch|p2a: Ceruledge|Ceruledge, L50, M, tera:Grass|100/100
|move|p2b: Primarina|Protect|p2b: Primarina
|-singleturn|p2b: Primarina|Protect
|move|p1b: Torkoal|Overheat|p2b: Primarina
|-activate|p2b: Primarina|move: Protect
|move|p1a: Incineroar|Knock Off|p2a: Ceruledge
|-damage|p2a: Ceruledge|37/100
|-enditem|p2a: Ceruledge|Clear Amulet|[from] move: Knock Off|[of] p1a: Incineroar
|
|-weather|SunnyDay|[upkeep]
|-fieldend|move: Trick Room
|upkeep
|turn|6
|
|t:|1756498375
|switch|p1a: Porygon2|Porygon2, L50, shiny, tera:Fighting|72/100
|-ability|p1a: Porygon2|Download|boost
|-boost|p1a: Porygon2|atk|1
|move|p2a: Ceruledge|Close Combat|p1a: Porygon2
|-damage|p1a: Porygon2|46/100
|-unboost|p2a: Ceruledge|def|1
|-unboost|p2a: Ceruledge|spd|1
|move|p2b: Primarina|Hyper Voice|p1a: Porygon2|[spread] p1a,p1b
|-supereffective|p1b: Torkoal
|-damage|p1a: Porygon2|33/100
|-damage|p1b: Torkoal|0 fnt
|faint|p1b: Torkoal
|
|-weather|SunnyDay|[upkeep]
|upkeep
|
|t:|1756498388
|switch|p1b: Incineroar|Incineroar, L50, F|100/100
|-ability|p1b: Incineroar|Intimidate|boost
|-unboost|p2a: Ceruledge|atk|1
|-unboost|p2b: Primarina|atk|1
|turn|7
|
|t:|1756498412
|move|p1b: Incineroar|Fake Out|p2b: Primarina
|-damage|p2b: Primarina|44/100
|move|p2a: Ceruledge|Bitter Blade|p1a: Porygon2
|-damage|p1a: Porygon2|0 fnt
|-heal|p2a: Ceruledge|58/100|[from] drain|[of] p1a: Porygon2
|faint|p1a: Porygon2
|cant|p2b: Primarina|flinch
|
|-weather|none
|upkeep
|turn|8
|-message|Needels forfeited.
|
|win|BasedRen
|raw|Needels's rating: 1137 → 1105(-32 for losing)
|raw|BasedRen's rating: 1035 → 1080(+45 for winning)
