|j|☆Freedom Nachos
|j|☆akucintaindonesia
|html|Freedom Nachosakucintaindonesia    
|uhtml|bestof|Game 1 of a best-of-3
|t:|1783316159
|gametype|doubles
|player|p1|Freedom Nachos|giacomo|1115
|player|p2|akucintaindonesia|266|1063
|gen|9
|tier|[Gen 9 Champions] VGC 2026 Reg M-B (Bo3)
|rated|
|rule|Species Clause: Limit one of each Pokémon
|rule|Item Clause: Limit 1 of each item
|clearpoke
|poke|p1|Mawile, L50, F, shiny|
|poke|p1|Incineroar, L50, F|
|poke|p1|Pelipper, L50, F|
|poke|p1|Sinistcha, L50|
|poke|p1|Garchomp, L50, F|
|poke|p1|Gengar, L50, F|
|poke|p2|Tyranitar, L50, M|
|poke|p2|Farigiraf, L50, F|
|poke|p2|Corviknight, L50, F|
|poke|p2|Toxapex, L50, M|
|poke|p2|Garchomp, L50, F|
|poke|p2|Scizor, L50, M|
|teampreview|4
|showteam|p1|Mawile||Mawilite|HyperCutter|IronHead,PlayRough,SuckerPunch,Protect|Brave||F|||50|]Incineroar||PasshoBerry|Intimidate|ThroatChop,FakeOut,PartingShot,Protect|Sassy||F|||50|]Pelipper||FocusSash|Drizzle|WeatherBall,Hurricane,WideGuard,Protect|Modest||F|||50|]Sinistcha||SitrusBerry|Hospitality|MatchaGotcha,RagePowder,TrickRoom,Protect|Calm|||||50|]Garchomp||LifeOrb|RoughSkin|DragonClaw,StompingTantrum,RockSlide,Protect|Adamant||F|||50|]Gengar||Gengarite|CursedBody|ShadowBall,PerishSong,SludgeBomb,Protect|Timid||F|||50|
|showteam|p2|Tyranitar||ChopleBerry|SandStream|RockSlide,KnockOff,Protect,ThunderWave|Impish||M|||50|]Farigiraf||SitrusBerry|ArmorTail|Protect,Psychic,HyperVoice,TrickRoom|Bold||F|||50|]Corviknight||OccaBerry|MirrorArmor|Protect,BraveBird,BodyPress,BulkUp|Careful||F|||50|]Toxapex||Leftovers|Regenerator|BanefulBunker,Toxic,Infestation,Recover|Careful||M|||50|]Garchomp||Garchompite|SandVeil|ScaleShot,Protect,StompingTantrum,RockSlide|Serious||F|||50|]Scizor||Scizorite|Technician|DualWingbeat,Assurance,BulletPunch,Protect|Careful||M|||50|
|inactive|Battle timer is ON: inactive players will automatically lose when time's up. (requested by Freedom Nachos)
|inactive|akucintaindonesia has 60 seconds left.
|inactive|Freedom Nachos has 60 seconds left.
|inactive|akucintaindonesia has 30 seconds left.
|
|t:|1783316224
|teamsize|p1|4
|teamsize|p2|4
|start
|switch|p1a: Gengar|Gengar, L50, F|100/100
|switch|p1b: Incineroar|Incineroar, L50, F|100/100
|switch|p2a: Corviknight|Corviknight, L50, F|100/100
|switch|p2b: Toxapex|Toxapex, L50, M|100/100
|-ability|p1b: Incineroar|Intimidate|boost
|-ability|p2a: Corviknight|Mirror Armor
|-unboost|p1b: Incineroar|atk|1
|-unboost|p2b: Toxapex|atk|1
|turn|1
|
|t:|1783316240
|detailschange|p1a: Gengar|Gengar-Mega, L50, F
|-mega|p1a: Gengar|Gengar|Gengarite
|move|p1b: Incineroar|Fake Out|p2a: Corviknight
|-resisted|p2a: Corviknight|1
|-damage|p2a: Corviknight|97/100
|move|p1a: Gengar|Perish Song|p1a: Gengar
|-start|p1a: Gengar|perish3|[silent]
|-start|p1b: Incineroar|perish3|[silent]
|-start|p2a: Corviknight|perish3|[silent]
|-start|p2b: Toxapex|perish3|[silent]
|-fieldactivate|move: Perish Song
|cant|p2a: Corviknight|flinch
|move|p2b: Toxapex|Infestation|p1a: Gengar
|-resisted|p1a: Gengar|2
|-damage|p1a: Gengar|99/100
|-activate|p1a: Gengar|move: Infestation|[of] p2b: Toxapex
|
|-damage|p1a: Gengar|87/100|[from] move: Infestation|[partiallytrapped]
|-start|p1a: Gengar|perish3
|-start|p2a: Corviknight|perish3
|-start|p1b: Incineroar|perish3
|-start|p2b: Toxapex|perish3
|upkeep
|turn|2
|
|t:|1783316262
|move|p1a: Gengar|Protect|p1a: Gengar
|-singleturn|p1a: Gengar|Protect
|move|p1b: Incineroar|Protect|p1b: Incineroar
|-singleturn|p1b: Incineroar|Protect
|move|p2a: Corviknight|Bulk Up|p2a: Corviknight
|-boost|p2a: Corviknight|atk|1
|-boost|p2a: Corviknight|def|1
|move|p2b: Toxapex|Infestation|p1b: Incineroar
|-activate|p1b: Incineroar|move: Protect
|
|-damage|p1a: Gengar|75/100|[from] move: Infestation|[partiallytrapped]
|-start|p1a: Gengar|perish2
|-start|p2a: Corviknight|perish2
|-start|p1b: Incineroar|perish2
|-start|p2b: Toxapex|perish2
|upkeep
|turn|3
|
|t:|1783316281
|switch|p1a: Sinistcha|Sinistcha, L50|100/100
|move|p2a: Corviknight|Body Press|p1b: Incineroar
|-supereffective|p1b: Incineroar|1
|-damage|p1b: Incineroar|43/100
|move|p1b: Incineroar|Parting Shot|p1a: Sinistcha
|-unboost|p1a: Sinistcha|atk|1
|-unboost|p1a: Sinistcha|spa|1
|
|t:|1783316290
|switch|p1b: Gengar|Gengar-Mega, L50, F|75/100|[from] Parting Shot
|move|p2b: Toxapex|Infestation|p1b: Gengar
|-resisted|p1b: Gengar|2
|-damage|p1b: Gengar|74/100
|-activate|p1b: Gengar|move: Infestation|[of] p2b: Toxapex
|
|-damage|p1b: Gengar|62/100|[from] move: Infestation|[partiallytrapped]
|-start|p2a: Corviknight|perish1
|-start|p2b: Toxapex|perish1
|upkeep
|turn|4
|
|t:|1783316313
|switch|p1a: Incineroar|Incineroar, L50, F|43/100
|-ability|p1a: Incineroar|Intimidate|boost
|-ability|p2a: Corviknight|Mirror Armor
|-unboost|p1a: Incineroar|atk|1
|-unboost|p2b: Toxapex|atk|1
|move|p1b: Gengar|Protect|p1b: Gengar
|-singleturn|p1b: Gengar|Protect
|move|p2a: Corviknight|Brave Bird|p1a: Incineroar
|-damage|p1a: Incineroar|0 fnt
|faint|p1a: Incineroar
|-damage|p2a: Corviknight|80/100|[from] Recoil
|move|p2b: Toxapex|Toxic|p2a: Corviknight
|-immune|p2a: Corviknight
|
|-damage|p1b: Gengar|50/100g|[from] move: Infestation|[partiallytrapped]
|-start|p2a: Corviknight|perish0
|-start|p2b: Toxapex|perish0
|faint|p2a: Corviknight
|faint|p2b: Toxapex
|upkeep
|
|t:|1783316325
|switch|p2a: Garchomp|Garchomp, L50, F|100/100
|switch|p1a: Sinistcha|Sinistcha, L50|100/100
|switch|p2b: Tyranitar|Tyranitar, L50, M|100/100
|-weather|Sandstorm|[from] ability: Sand Stream|[of] p2b: Tyranitar
|-heal|p1b: Gengar|75/100|[from] ability: Hospitality|[of] p1a: Sinistcha
|turn|5
|
|t:|1783316349
|detailschange|p2a: Garchomp|Garchomp-Mega, L50, F
|-mega|p2a: Garchomp|Garchomp|Garchompite
|move|p1b: Gengar|Shadow Ball|p2a: Garchomp
|-crit|p2a: Garchomp
|-damage|p2a: Garchomp|46/100
|move|p2a: Garchomp|Stomping Tantrum|p1b: Gengar
|-supereffective|p1b: Gengar|1
|-damage|p1b: Gengar|0 fnt
|faint|p1b: Gengar
|move|p1a: Sinistcha|Matcha Gotcha|p2a: Garchomp|[spread] p2a,p2b
|-supereffective|p2b: Tyranitar|1
|-damage|p2a: Garchomp|27/100
|-damage|p2b: Tyranitar|73/100
|-status|p2b: Tyranitar|brn
|move|p2b: Tyranitar|Knock Off|p1a: Sinistcha
|-supereffective|p1a: Sinistcha|1
|-damage|p1a: Sinistcha|61/100
|-enditem|p1a: Sinistcha|Sitrus Berry|[from] move: Knock Off|[of] p2b: Tyranitar
|
|-weather|Sandstorm|[upkeep]
|-damage|p1a: Sinistcha|54/100|[from] Sandstorm
|-damage|p2b: Tyranitar|67/100 brn|[from] brn
|upkeep
|inactive|Freedom Nachos has 30 seconds left.
|
|t:|1783316375
|switch|p1b: Garchomp|Garchomp, L50, F|100/100
|turn|6
|
|t:|1783316389
|move|p1b: Garchomp|Dragon Claw|p2a: Garchomp
|-supereffective|p2a: Garchomp|1
|-damage|p2a: Garchomp|0 fnt
|faint|p2a: Garchomp
|-damage|p1b: Garchomp|90/100|[from] item: Life Orb
|move|p1a: Sinistcha|Matcha Gotcha|p2b: Tyranitar
|-supereffective|p2b: Tyranitar|1
|-damage|p2b: Tyranitar|29/100 brn
|-heal|p1a: Sinistcha|75/100|[from] drain|[of] p2b: Tyranitar
|move|p2b: Tyranitar|Rock Slide|p1a: Sinistcha|[spread] p1b
|-miss|p2b: Tyranitar|p1a: Sinistcha
|-resisted|p1b: Garchomp|1
|-damage|p1b: Garchomp|84/100
|
|-weather|Sandstorm|[upkeep]
|-damage|p1a: Sinistcha|68/100|[from] Sandstorm
|-damage|p2b: Tyranitar|23/100 brn|[from] brn
|upkeep
|turn|7
|-message|akucintaindonesia forfeited.
|
|win|Freedom Nachos
|l|☆akucintaindonesia
|player|p2|
|j|☆akucintaindonesia
|player|p2|akucintaindonesia|266|
||akucintaindonesia is ready for game 2.
|inactive|Freedom Nachos has 30 seconds to confirm battle start!
||Freedom Nachos is ready for game 2.
|uhtml|next|Next: Game 2 of 3
|l|☆Freedom Nachos
|player|p1|
|l|☆akucintaindonesia
|player|p2|
|j|☆Freedom Nachos
|player|p1|Freedom Nachos|giacomo|
