|j|☆Risklineing
|j|☆Marauder1
|html|RisklineingMarauder1    
|uhtml|bestof|Game 1 of a best-of-3
|t:|1784596032
|gametype|doubles
|player|p1|Risklineing|1|1220
|player|p2|Marauder1|265|1234
|gen|9
|tier|[Gen 9 Champions] VGC 2026 Reg M-B (Bo3)
|rated|
|rule|Species Clause: Limit one of each Pokémon
|rule|Item Clause: Limit 1 of each item
|clearpoke
|poke|p1|Staraptor, L50, F|
|poke|p1|Whimsicott, L50, F|
|poke|p1|Gholdengo, L50|
|poke|p1|Sinistcha, L50|
|poke|p1|Ceruledge, L50, M|
|poke|p1|Palafin, L50, M|
|poke|p2|Aerodactyl, L50, F|
|poke|p2|Gholdengo, L50|
|poke|p2|Tsareena, L50, F|
|poke|p2|Lopunny, L50, M|
|poke|p2|Basculegion, L50, M|
|poke|p2|Hydreigon, L50, M|
|teampreview|4
|showteam|p1|Staraptor||Staraptite|Intimidate|BraveBird,CloseCombat,Protect,Roost|Adamant||F|||50|]Whimsicott||FocusSash|Prankster|Tailwind,Charm,FakeTears,Moonblast|Modest||F|||50|]Gholdengo||LifeOrb|GoodasGold|NastyPlot,ShadowBall,MakeItRain,Protect|Modest|||||50|]Sinistcha||SitrusBerry|Hospitality|RagePowder,TrickRoom,MatchaGotcha,StrengthSap|Calm|||||50|]Ceruledge||Leftovers|FlashFire|BulkUp,BitterBlade,CloseCombat,ShadowSneak|Brave||M|||50|]Palafin||MysticWater|ZerotoHero|BulkUp,FlipTurn,WaveCrash,IcePunch|Adamant||M|||50|
|showteam|p2|Aerodactyl||FocusSash|Unnerve|RockSlide,DualWingbeat,Tailwind,Protect|Jolly||F|||50|]Gholdengo||LifeOrb|GoodasGold|MakeItRain,ShadowBall,PowerGem,Protect|Modest|||||50|]Tsareena||CobaBerry|QueenlyMajesty|TropKick,LowKick,Taunt,HelpingHand|Adamant||F|||50|]Lopunny||Lopunnite|Limber|FakeOut,CloseCombat,TripleAxel,Protect|Jolly||M|||50|]Basculegion||MysticWater|Adaptability|WaveCrash,LastRespects,AquaJet,Protect|Adamant||M|||50|]Hydreigon||ChoiceScarf|Levitate|DarkPulse,DracoMeteor,Flamethrower,EarthPower|Modest||M|||50|
|
|t:|1784596074
|teamsize|p1|4
|teamsize|p2|4
|start
|switch|p1a: Palafin|Palafin, L50, M|100/100
|switch|p1b: Sinistcha|Sinistcha, L50|100/100
|switch|p2a: Aerodactyl|Aerodactyl, L50, F|100/100
|switch|p2b: Lopunny|Lopunny, L50, M|100/100
|-ability|p2a: Aerodactyl|Unnerve
|turn|1
|
|t:|1784596102
|detailschange|p2b: Lopunny|Lopunny-Mega, L50, M
|-mega|p2b: Lopunny|Lopunny|Lopunnite
|move|p2b: Lopunny|Fake Out|p1b: Sinistcha
|-damage|p1b: Sinistcha|77/100
|move|p2a: Aerodactyl|Dual Wingbeat|p1b: Sinistcha|[miss]
|-miss|p2a: Aerodactyl|p1b: Sinistcha
|move|p1a: Palafin|Flip Turn|p2a: Aerodactyl
|-supereffective|p2a: Aerodactyl|1
|-damage|p2a: Aerodactyl|15/100
|
|t:|1784596113
|detailschange|p1a: Palafin|Palafin-Hero, L50, M
|switch|p1a: Staraptor|Staraptor, L50, F|100/100|[from] Flip Turn
|-ability|p1a: Staraptor|Intimidate|boost
|-unboost|p2a: Aerodactyl|atk|1
|-fail|p2b: Lopunny|unboost|Attack|[from] ability: Scrappy|[of] p2b: Lopunny
|cant|p1b: Sinistcha|flinch
|
|upkeep
|turn|2
|
|t:|1784596129
|detailschange|p1a: Staraptor|Staraptor-Mega, L50, F
|-mega|p1a: Staraptor|Staraptor|Staraptite
|move|p2b: Lopunny|Triple Axel|p1a: Staraptor
|-supereffective|p1a: Staraptor|1
|-damage|p1a: Staraptor|83/100
|-supereffective|p1a: Staraptor|1
|-damage|p1a: Staraptor|58/100
|-supereffective|p1a: Staraptor|1
|-damage|p1a: Staraptor|16/100
|-hitcount|p1a: Staraptor|3
|move|p2a: Aerodactyl|Rock Slide|p1a: Staraptor|[spread] p1a,p1b
|-damage|p1a: Staraptor|1/100
|-damage|p1b: Sinistcha|62/100
|move|p1a: Staraptor|Close Combat|p2b: Lopunny
|-supereffective|p2b: Lopunny|1
|-damage|p2b: Lopunny|0 fnt
|-boost|p1a: Staraptor|def|1
|-boost|p1a: Staraptor|spd|1
|faint|p2b: Lopunny
|move|p1b: Sinistcha|Trick Room|p1b: Sinistcha
|-fieldstart|move: Trick Room|[of] p1b: Sinistcha
|
|upkeep
|
|t:|1784596146
|switch|p2b: Gholdengo|Gholdengo, L50|100/100
|turn|3
|
|t:|1784596158
|switch|p1b: Palafin|Palafin-Hero, L50, M|100/100
|-activate|p1b: Palafin|ability: Zero to Hero
|switch|p2a: Hydreigon|Hydreigon, L50, M|100/100
|move|p1a: Staraptor|Protect|p1a: Staraptor
|-singleturn|p1a: Staraptor|Protect
|move|p2b: Gholdengo|Make It Rain|p1a: Staraptor|[spread] p1b
|-activate|p1a: Staraptor|move: Protect
|-resisted|p1b: Palafin|1
|-damage|p1b: Palafin|66/100
|-unboost|p2b: Gholdengo|spa|2
|-damage|p2b: Gholdengo|90/100|[from] item: Life Orb
|
|upkeep
|turn|4
|
|t:|1784596177
|switch|p1b: Sinistcha|Sinistcha, L50|62/100
|-heal|p1a: Staraptor|25/100|[from] ability: Hospitality|[of] p1b: Sinistcha
|move|p1a: Staraptor|Roost|p1a: Staraptor
|-heal|p1a: Staraptor|75/100
|-singleturn|p1a: Staraptor|move: Roost
|move|p2b: Gholdengo|Make It Rain|p1b: Sinistcha|[spread] p1a,p1b
|-damage|p1a: Staraptor|56/100
|-damage|p1b: Sinistcha|35/100
|-unboost|p2b: Gholdengo|spa|2
|-enditem|p1b: Sinistcha|Sitrus Berry|[eat]
|-heal|p1b: Sinistcha|60/100|[from] item: Sitrus Berry
|-damage|p2b: Gholdengo|80/100|[from] item: Life Orb
|move|p2a: Hydreigon|Draco Meteor|p1b: Sinistcha
|-damage|p1b: Sinistcha|0 fnt
|-unboost|p2a: Hydreigon|spa|2
|faint|p1b: Sinistcha
|
|upkeep
|
|t:|1784596198
|switch|p1b: Whimsicott|Whimsicott, L50, F|100/100
|turn|5
|
|t:|1784596219
|switch|p2b: Aerodactyl|Aerodactyl, L50, F|15/100
|-ability|p2b: Aerodactyl|Unnerve
|move|p1b: Whimsicott|Charm|p1a: Staraptor
|-boost|p1a: Staraptor|atk|2
|move|p1a: Staraptor|Close Combat|p2a: Hydreigon
|-supereffective|p2a: Hydreigon|1
|-damage|p2a: Hydreigon|0 fnt
|-boost|p1a: Staraptor|def|1
|-boost|p1a: Staraptor|spd|1
|faint|p2a: Hydreigon
|
|upkeep
|
|t:|1784596221
|switch|p2a: Gholdengo|Gholdengo, L50|80/100
|turn|6
|
|t:|1784596243
|move|p1b: Whimsicott|Fake Tears|p1a: Staraptor
|-boost|p1a: Staraptor|spd|2
|move|p1a: Staraptor|Close Combat|p2b: Aerodactyl
|-damage|p2b: Aerodactyl|0 fnt
|-boost|p1a: Staraptor|def|1
|-boost|p1a: Staraptor|spd|1
|faint|p2b: Aerodactyl
|move|p2a: Gholdengo|Make It Rain|p1b: Whimsicott|[spread] p1a,p1b
|-supereffective|p1b: Whimsicott|1
|-damage|p1a: Staraptor|42/100
|-enditem|p1b: Whimsicott|Focus Sash
|-damage|p1b: Whimsicott|1/100
|-unboost|p2a: Gholdengo|spa|2
|-damage|p2a: Gholdengo|70/100|[from] item: Life Orb
|
|-fieldend|move: Trick Room
|upkeep
|turn|7
|
|t:|1784596261
|move|p1b: Whimsicott|Tailwind|p1b: Whimsicott
|-sidestart|p1: Risklineing|move: Tailwind
|move|p1a: Staraptor|Brave Bird|p2a: Gholdengo
|-resisted|p2a: Gholdengo|1
|-damage|p2a: Gholdengo|9/100
|-damage|p1a: Staraptor|23/100|[from] Recoil
|move|p2a: Gholdengo|Make It Rain|p1b: Whimsicott|[spread] p1a,p1b
|-supereffective|p1b: Whimsicott|1
|-damage|p1a: Staraptor|15/100
|-damage|p1b: Whimsicott|0 fnt
|-unboost|p2a: Gholdengo|spa|2
|faint|p1b: Whimsicott
|-damage|p2a: Gholdengo|0 fnt|[from] item: Life Orb
|faint|p2a: Gholdengo
|
|win|Risklineing
||Marauder1 is ready for game 2.
|inactive|Risklineing has 30 seconds to confirm battle start!
||Risklineing is ready for game 2.
|uhtml|next|Next: Game 2 of 3
