|j|☆Crystneel
|j|☆mousse Maracuja
|html|Crystneelmousse Maracuja    
|uhtml|bestof|Game 1 of a best-of-3
|t:|1757166457
|gametype|doubles
|player|p1|Crystneel|ethan|1181
|player|p2|mousse Maracuja|265|1237
|gen|9
|tier|[Gen 9] VGC 2025 Reg H (Bo3)
|rated|
|rule|Species Clause: Limit one of each Pokémon
|rule|Item Clause: Limit 1 of each item
|clearpoke
|poke|p1|Volcarona, L50, M|
|poke|p1|Electabuzz, L50, F|
|poke|p1|Sneasler, L50, M|
|poke|p1|Rillaboom, L50, F|
|poke|p1|Dragonite, L50, F|
|poke|p1|Ursaluna-Bloodmoon, L50, M|
|poke|p2|Gastrodon-East, L50, F|
|poke|p2|Incineroar, L50, F|
|poke|p2|Sneasler, L50, F|
|poke|p2|Dragonite, L50, M|
|poke|p2|Gholdengo, L50|
|poke|p2|Rillaboom, L50, M|
|teampreview|4
|showteam|p1|Volcarona||Leftovers|FlameBody|FieryDance,QuiverDance,GigaDrain,Protect|||M|||50|,,,,,Water]Electabuzz||Eviolite|Static|FollowMe,Electroweb,VoltSwitch,Taunt|||F|||50|,,,,,Fairy]Sneasler||GrassySeed|Unburden|DireClaw,CloseCombat,ThroatChop,Protect|||M|||50|,,,,,Dark]Rillaboom||AssaultVest|GrassySurge|FakeOut,GrassyGlide,WoodHammer,Uturn|||F|||50|,,,,,Fire]Dragonite||LoadedDice|Multiscale|ExtremeSpeed,ScaleShot,IceSpinner,LowKick|||F|||50|,,,,,Normal]Ursaluna-Bloodmoon||ThroatSpray|MindsEye|BloodMoon,HyperVoice,EarthPower,Protect|||M|||50|,,,,,Poison
|showteam|p2|Gastrodon-East||CovertCloak|StormDrain|IceBeam,EarthPower,Recover,Protect|||F|||50|,,,,,Fairy]Incineroar||AssaultVest|Intimidate|FlareBlitz,KnockOff,Uturn,FakeOut|||F|||50|,,,,,Ghost]Sneasler||FocusSash|PoisonTouch|DireClaw,CloseCombat,Coaching,Protect|||F|||50|,,,,,Ghost]Dragonite||LoadedDice|Multiscale|ScaleShot,ExtremeSpeed,Haze,Protect|||M|||50|,,,,,Fairy]Gholdengo||LifeOrb|GoodasGold|MakeItRain,ShadowBall,NastyPlot,Protect||||||50|,,,,,Water]Rillaboom||MiracleSeed|GrassySurge|WoodHammer,GrassyGlide,HighHorsepower,Protect|||M|||50|,,,,,Fire
|inactive|Battle timer is ON: inactive players will automatically lose when time's up. (requested by Crystneel)
|l|☆mousse Maracuja
|inactive|mousse Maracuja disconnected and has a minute to reconnect!
|player|p2|
|j|☆mousse Maracuja
|inactive|mousse Maracuja reconnected and has 85 seconds left.
|player|p2|mousse Maracuja|265|
|
|t:|1757166513
|teamsize|p1|4
|teamsize|p2|4
|start
|switch|p1a: Volcarona|Volcarona, L50, M|100/100
|switch|p1b: Electabuzz|Electabuzz, L50, F|100/100
|switch|p2a: Gastrodon|Gastrodon-East, L50, F|100/100
|switch|p2b: Incineroar|Incineroar, L50, F|100/100
|-ability|p2b: Incineroar|Intimidate|boost
|-unboost|p1a: Volcarona|atk|1
|-unboost|p1b: Electabuzz|atk|1
|turn|1
|inactive|Crystneel has 30 seconds left.
|inactive|Crystneel has 20 seconds left.
|inactive|Crystneel has 15 seconds left.
|inactive|Crystneel has 10 seconds left.
|inactive|Crystneel has 5 seconds left.
|
|t:|1757166568
|move|p2b: Incineroar|Fake Out|p1a: Volcarona
|-crit|p1a: Volcarona
|-damage|p1a: Volcarona|76/100
|move|p1b: Electabuzz|Follow Me|p1b: Electabuzz
|-singleturn|p1b: Electabuzz|move: Follow Me
|cant|p1a: Volcarona|flinch
|move|p2a: Gastrodon|Earth Power|p1b: Electabuzz
|-supereffective|p1b: Electabuzz
|-damage|p1b: Electabuzz|61/100
|
|-heal|p1a: Volcarona|82/100|[from] item: Leftovers
|upkeep
|turn|2
|
|t:|1757166583
|move|p1a: Volcarona|Quiver Dance|p1a: Volcarona
|-boost|p1a: Volcarona|spa|1
|-boost|p1a: Volcarona|spd|1
|-boost|p1a: Volcarona|spe|1
|move|p1b: Electabuzz|Volt Switch|p2b: Incineroar
|-damage|p2b: Incineroar|87/100
|
|t:|1757166589
|switch|p1b: Ursaluna|Ursaluna-Bloodmoon, L50, M|100/100|[from] Volt Switch
|move|p2b: Incineroar|Knock Off|p1b: Ursaluna
|-damage|p1b: Ursaluna|66/100
|-enditem|p1b: Ursaluna|Throat Spray|[from] move: Knock Off|[of] p2b: Incineroar
|move|p2a: Gastrodon|Earth Power|p1b: Ursaluna
|-damage|p1b: Ursaluna|29/100
|
|-heal|p1a: Volcarona|87/100|[from] item: Leftovers
|upkeep
|turn|3
|
|t:|1757166607
|-terastallize|p2a: Gastrodon|Fairy
|move|p1a: Volcarona|Giga Drain|p2a: Gastrodon
|-damage|p2a: Gastrodon|72/100
|-heal|p1a: Volcarona|100/100|[from] drain|[of] p2a: Gastrodon
|move|p2b: Incineroar|Knock Off|p1a: Volcarona
|-damage|p1a: Volcarona|44/100
|-enditem|p1a: Volcarona|Leftovers|[from] move: Knock Off|[of] p2b: Incineroar
|move|p1b: Ursaluna|Blood Moon|p2b: Incineroar
|-damage|p2b: Incineroar|35/100
|move|p2a: Gastrodon|Ice Beam|p1b: Ursaluna
|-supereffective|p1b: Ursaluna
|-damage|p1b: Ursaluna|0 fnt
|faint|p1b: Ursaluna
|
|upkeep
|
|t:|1757166620
|switch|p1b: Dragonite|Dragonite, L50, F|100/100
|turn|4
|
|t:|1757166639
|move|p1a: Volcarona|Fiery Dance|p2a: Gastrodon
|-damage|p2a: Gastrodon|26/100
|move|p1b: Dragonite|Low Kick|p2b: Incineroar
|-supereffective|p2b: Incineroar
|-damage|p2b: Incineroar|0 fnt
|faint|p2b: Incineroar
|move|p2a: Gastrodon|Ice Beam|p1b: Dragonite
|-supereffective|p1b: Dragonite
|-damage|p1b: Dragonite|54/100
|
|upkeep
|inactive|mousse Maracuja has 30 seconds left.
|
|t:|1757166671
|switch|p2b: Sneasler|Sneasler, L50, F|100/100
|turn|5
|
|t:|1757166693
|move|p2a: Gastrodon|Protect|p2a: Gastrodon
|-singleturn|p2a: Gastrodon|Protect
|move|p1a: Volcarona|Giga Drain|p2a: Gastrodon
|-activate|p2a: Gastrodon|move: Protect
|move|p2b: Sneasler|Close Combat|p1a: Volcarona
|-resisted|p1a: Volcarona
|-damage|p1a: Volcarona|5/100
|-unboost|p2b: Sneasler|def|1
|-unboost|p2b: Sneasler|spd|1
|-status|p1a: Volcarona|psn|[from] ability: Poison Touch|[of] p2b: Sneasler
|move|p1b: Dragonite|Scale Shot|p2b: Sneasler
|-damage|p2b: Sneasler|65/100
|-damage|p2b: Sneasler|30/100
|-damage|p2b: Sneasler|0 fnt
|faint|p2b: Sneasler
|-hitcount|p2: Sneasler|3
|-unboost|p1b: Dragonite|def|1
|-boost|p1b: Dragonite|spe|1
|
|-damage|p1a: Volcarona|0 fnt|[from] psn
|faint|p1a: Volcarona
|upkeep
|
|t:|1757166713
|switch|p2b: Dragonite|Dragonite, L50, M|100/100
|switch|p1a: Electabuzz|Electabuzz, L50, F|61/100
|turn|6
|inactive|Crystneel has 30 seconds left.
|inactive|mousse Maracuja has 30 seconds left.
|
|t:|1757166746
|-terastallize|p1a: Electabuzz|Fairy
|move|p1a: Electabuzz|Follow Me|p1a: Electabuzz
|-singleturn|p1a: Electabuzz|move: Follow Me
|move|p1b: Dragonite|Ice Spinner|p2b: Dragonite
|-supereffective|p2b: Dragonite
|-damage|p2b: Dragonite|29/100
|move|p2b: Dragonite|Scale Shot|p1a: Electabuzz
|-immune|p1a: Electabuzz
|move|p2a: Gastrodon|Recover|p2a: Gastrodon
|-heal|p2a: Gastrodon|76/100
|
|upkeep
|turn|7
|
|t:|1757166768
|move|p2b: Dragonite|Protect|p2b: Dragonite
|-singleturn|p2b: Dragonite|Protect
|move|p1a: Electabuzz|Follow Me|p1a: Electabuzz
|-singleturn|p1a: Electabuzz|move: Follow Me
|move|p1b: Dragonite|Ice Spinner|p2a: Gastrodon
|-damage|p2a: Gastrodon|51/100
|move|p2a: Gastrodon|Ice Beam|p1a: Electabuzz
|-damage|p1a: Electabuzz|46/100
|
|upkeep
|turn|8
|
|t:|1757166787
|move|p2b: Dragonite|Extreme Speed|p1a: Electabuzz
|-damage|p1a: Electabuzz|20/100
|-status|p2b: Dragonite|par|[from] ability: Static|[of] p1a: Electabuzz
|move|p1b: Dragonite|Ice Spinner|p2b: Dragonite
|-supereffective|p2b: Dragonite
|-damage|p2b: Dragonite|0 fnt
|faint|p2b: Dragonite
|move|p1a: Electabuzz|Volt Switch|p2a: Gastrodon
|-damage|p2a: Gastrodon|29/100
|move|p2a: Gastrodon|Recover|p2a: Gastrodon
|-heal|p2a: Gastrodon|79/100
|
|upkeep
|turn|9
|
|t:|1757166812
|move|p1b: Dragonite|Ice Spinner|p2a: Gastrodon
|-damage|p2a: Gastrodon|54/100
|move|p1a: Electabuzz|Volt Switch|p2a: Gastrodon
|-damage|p2a: Gastrodon|34/100
|move|p2a: Gastrodon|Earth Power|p1a: Electabuzz
|-damage|p1a: Electabuzz|2/100
|
|upkeep
|turn|10
|
|t:|1757166822
|move|p1b: Dragonite|Ice Spinner|p2a: Gastrodon
|-damage|p2a: Gastrodon|5/100
|move|p1a: Electabuzz|Volt Switch|p2a: Gastrodon
|-damage|p2a: Gastrodon|0 fnt
|faint|p2a: Gastrodon
|
|win|Crystneel
||mousse Maracuja is ready for game 2.
