|j|☆rredl
|j|☆TsukiiVGC
|html|rredlTsukiiVGC    
|uhtml|bestof|Game 1 of a best-of-3
|t:|1757775755
|gametype|doubles
|player|p1|rredl|lucas|1160
|player|p2|TsukiiVGC|riley|1075
|gen|9
|tier|[Gen 9] VGC 2025 Reg H (Bo3)
|rated|
|rule|Species Clause: Limit one of each Pokémon
|rule|Item Clause: Limit 1 of each item
|clearpoke
|poke|p1|Volcarona, L50, F|
|poke|p1|Baxcalibur, L50, M|
|poke|p1|Dondozo, L50, F|
|poke|p1|Sneasler, L50, F|
|poke|p1|Ninetales-Alola, L50, M|
|poke|p1|Rillaboom, L50, M|
|poke|p2|Garchomp, L50, F|
|poke|p2|Gardevoir, L50, F|
|poke|p2|Talonflame, L50, F|
|poke|p2|Toxtricity, L50, M|
|poke|p2|Tsareena, L50, F|
|poke|p2|Basculegion, L50, M|
|teampreview|4
|showteam|p1|Volcarona||CovertCloak|FlameBody|FieryDance,RagePowder,WillOWisp,Protect|||F|||50|,,,,,Fairy]Baxcalibur||LoadedDice|ThermalExchange|ScaleShot,IcicleSpear,IceShard,Protect|||M|||50|,,,,,Fairy]Dondozo||Leftovers|Unaware|Liquidation,Fissure,Yawn,Protect|||F|||50|,,,,,Poison]Sneasler||FocusSash|Unburden|DireClaw,CloseCombat,Coaching,Protect|||F|||50|,,,,,Fighting]Ninetales-Alola||ChoiceScarf|SnowWarning|Blizzard,Moonblast,FreezeDry,IcyWind|||M|||50|,,,,,Ice]Rillaboom||AssaultVest|GrassySurge|WoodHammer,GrassyGlide,FakeOut,Uturn|||M|||50|,,,,,Fire
|showteam|p2|Garchomp||ClearAmulet|RoughSkin|Protect,Earthquake,DragonClaw,StompingTantrum|||F|||50|,,,,,Steel]Gardevoir||FocusSash|Telepathy|Protect,Psychic,TrickRoom,Imprison|||F|||50|,,,,,Ghost]Talonflame||SharpBeak|GaleWings|Protect,BraveBird,WillOWisp,Tailwind|||F|||50|,,,,,Ghost]Toxtricity||ChoiceSpecs|PunkRock|Overdrive,Boomburst,SludgeBomb,VoltSwitch|||M|||50|,,,,,Normal]Tsareena||WideLens|QueenlyMajesty|Protect,PowerWhip,TripleAxel,Taunt|||F|||50|,,,,,Ghost]Basculegion||ChoiceScarf|Adaptability|WaveCrash,LastRespects,FlipTurn,AquaJet|||M|||50|,,,,,Water
|inactive|Battle timer is ON: inactive players will automatically lose when time's up. (requested by rredl)
|inactive|rredl has 60 seconds left.
|inactive|TsukiiVGC has 60 seconds left.
|inactive|rredl has 30 seconds left.
|inactive|rredl has 20 seconds left.
|inactive|rredl has 15 seconds left.
|inactive|rredl has 10 seconds left.
|inactive|rredl has 5 seconds left.
|
|t:|1757775842
|teamsize|p1|4
|teamsize|p2|4
|start
|switch|p1a: Volcarona|Volcarona, L50, F|100/100
|switch|p1b: Dondozo|Dondozo, L50, F|100/100
|switch|p2a: Garchomp|Garchomp, L50, F|100/100
|switch|p2b: Tsareena|Tsareena, L50, F|100/100
|turn|1
|inactive|TsukiiVGC has 30 seconds left.
|
|t:|1757775875
|move|p2a: Garchomp|Protect|p2a: Garchomp
|-singleturn|p2a: Garchomp|Protect
|move|p1b: Dondozo|Protect|p1b: Dondozo
|-singleturn|p1b: Dondozo|Protect
|move|p2b: Tsareena|Taunt|p1a: Volcarona
|-start|p1a: Volcarona|move: Taunt
|cant|p1a: Volcarona|move: Taunt|Will-O-Wisp
|
|upkeep
|turn|2
|inactive|TsukiiVGC has 30 seconds left.
|
|t:|1757775905
|move|p2a: Garchomp|Stomping Tantrum|p1a: Volcarona
|-damage|p1a: Volcarona|68/100
|move|p2b: Tsareena|Power Whip|p1b: Dondozo
|-supereffective|p1b: Dondozo
|-damage|p1b: Dondozo|27/100
|move|p1a: Volcarona|Fiery Dance|p2b: Tsareena
|-supereffective|p2b: Tsareena
|-damage|p2b: Tsareena|14/100
|move|p1b: Dondozo|Yawn|p2a: Garchomp
|-start|p2a: Garchomp|move: Yawn|[of] p1b: Dondozo
|
|-heal|p1b: Dondozo|34/100|[from] item: Leftovers
|upkeep
|turn|3
|inactive|TsukiiVGC has 30 seconds left.
|inactive|TsukiiVGC has 20 seconds left.
|inactive|TsukiiVGC has 15 seconds left.
|inactive|TsukiiVGC has 10 seconds left.
|
|t:|1757775952
|switch|p2a: Basculegion|Basculegion, L50, M|100/100
|move|p2b: Tsareena|Protect|p2b: Tsareena
|-singleturn|p2b: Tsareena|Protect
|move|p1b: Dondozo|Protect|p1b: Dondozo
|-singleturn|p1b: Dondozo|Protect
|move|p1a: Volcarona|Fiery Dance|p2b: Tsareena
|-activate|p2b: Tsareena|move: Protect
|
|-heal|p1b: Dondozo|40/100|[from] item: Leftovers
|-end|p1a: Volcarona|move: Taunt
|upkeep
|turn|4
|
|t:|1757775975
|switch|p1b: Baxcalibur|Baxcalibur, L50, M|100/100
|-terastallize|p1a: Volcarona|Fairy
|move|p2a: Basculegion|Wave Crash|p1a: Volcarona
|-damage|p1a: Volcarona|0 fnt
|-status|p2a: Basculegion|brn|[from] ability: Flame Body|[of] p1a: Volcarona
|faint|p1a: Volcarona
|-damage|p2a: Basculegion|78/100 brn|[from] Recoil
|move|p2b: Tsareena|Power Whip|p1b: Baxcalibur
|-resisted|p1b: Baxcalibur
|-damage|p1b: Baxcalibur|70/100
|
|-damage|p2a: Basculegion|72/100 brn|[from] brn
|upkeep
|c|☆TsukiiVGC|holy jesus
|
|t:|1757775990
|switch|p1a: Dondozo|Dondozo, L50, F|40/100
|turn|5
|inactive|TsukiiVGC has 30 seconds left.
|
|t:|1757776024
|move|p1b: Baxcalibur|Ice Shard||[still]
|cant|p2b: Tsareena|ability: Queenly Majesty|Ice Shard|[of] p1b: Baxcalibur
|move|p2a: Basculegion|Wave Crash|p1a: Dondozo
|-resisted|p1a: Dondozo
|-damage|p1a: Dondozo|27/100
|-damage|p2a: Basculegion|67/100 brn|[from] Recoil
|move|p2b: Tsareena|Triple Axel|p1b: Baxcalibur
|-damage|p1b: Baxcalibur|63/100
|-damage|p1b: Baxcalibur|50/100
|-damage|p1b: Baxcalibur|31/100
|-hitcount|p1b: Baxcalibur|3
|move|p1a: Dondozo|Liquidation|p2a: Basculegion
|-resisted|p2a: Basculegion
|-damage|p2a: Basculegion|50/100 brn
|
|-heal|p1a: Dondozo|34/100|[from] item: Leftovers
|-damage|p2a: Basculegion|44/100 brn|[from] brn
|upkeep
|turn|6
|inactive|rredl has 30 seconds left.
|inactive|TsukiiVGC has 30 seconds left.
|inactive|rredl has 20 seconds left.
|inactive|rredl has 15 seconds left.
|
|t:|1757776066
|move|p1b: Baxcalibur|Protect|p1b: Baxcalibur
|-singleturn|p1b: Baxcalibur|Protect
|move|p1a: Dondozo|Protect|p1a: Dondozo
|-singleturn|p1a: Dondozo|Protect
|move|p2a: Basculegion|Wave Crash|p1b: Baxcalibur
|-activate|p1b: Baxcalibur|move: Protect
|move|p2b: Tsareena|Taunt|p1a: Dondozo
|-activate|p1a: Dondozo|move: Protect
|
|-heal|p1a: Dondozo|40/100|[from] item: Leftovers
|-damage|p2a: Basculegion|38/100 brn|[from] brn
|upkeep
|turn|7
|
|t:|1757776085
|switch|p1a: Sneasler|Sneasler, L50, F|100/100
|move|p2a: Basculegion|Wave Crash|p1b: Baxcalibur
|-resisted|p1b: Baxcalibur
|-damage|p1b: Baxcalibur|11/100
|-damage|p2a: Basculegion|31/100 brn|[from] Recoil
|move|p1b: Baxcalibur|Icicle Spear|p2b: Tsareena
|-supereffective|p2b: Tsareena
|-damage|p2b: Tsareena|0 fnt
|faint|p2b: Tsareena
|-hitcount|p2: Tsareena|1
|
|-damage|p2a: Basculegion|25/100 brn|[from] brn
|upkeep
|
|t:|1757776090
|switch|p2b: Garchomp|Garchomp, L50, F|100/100
|turn|8
|
|t:|1757776110
|move|p1a: Sneasler|Protect|p1a: Sneasler
|-singleturn|p1a: Sneasler|Protect
|move|p2b: Garchomp|Protect|p2b: Garchomp
|-singleturn|p2b: Garchomp|Protect
|move|p1b: Baxcalibur|Protect|p1b: Baxcalibur
|-singleturn|p1b: Baxcalibur|Protect
|move|p2a: Basculegion|Wave Crash|p1a: Sneasler
|-activate|p1a: Sneasler|move: Protect
|
|-damage|p2a: Basculegion|19/100 brn|[from] brn
|upkeep
|turn|9
|
|t:|1757776129
|-terastallize|p2b: Garchomp|Steel
|move|p1b: Baxcalibur|Ice Shard|p2b: Garchomp
|-resisted|p2b: Garchomp
|-damage|p2b: Garchomp|90/100
|move|p2a: Basculegion|Wave Crash|p1a: Sneasler
|-damage|p1a: Sneasler|31/100
|-damage|p2a: Basculegion|0 fnt|[from] Recoil
|faint|p2a: Basculegion
|move|p1a: Sneasler|Dire Claw|p2b: Garchomp
|-immune|p2b: Garchomp
|move|p2b: Garchomp|Earthquake|p1b: Baxcalibur|[spread] p1a,p1b
|-supereffective|p1a: Sneasler
|-damage|p1a: Sneasler|0 fnt
|-damage|p1b: Baxcalibur|0 fnt
|faint|p1a: Sneasler
|faint|p1b: Baxcalibur
|
|upkeep
|
|t:|1757776137
|switch|p1a: Dondozo|Dondozo, L50, F|40/100
|switch|p2a: Toxtricity|Toxtricity, L50, M|100/100
|turn|10
|c|☆TsukiiVGC|why dire claw?
|inactive|TsukiiVGC has 30 seconds left.
|c|☆TsukiiVGC|that’s always worse no matter what
|inactive|TsukiiVGC has 20 seconds left.
|inactive|TsukiiVGC has 15 seconds left.
|
|t:|1757776179
|move|p2b: Garchomp|Dragon Claw|p1a: Dondozo
|-damage|p1a: Dondozo|11/100
|move|p2a: Toxtricity|Overdrive|p1a: Dondozo
|-supereffective|p1a: Dondozo
|-damage|p1a: Dondozo|0 fnt
|faint|p1a: Dondozo
|
|win|TsukiiVGC
|inactive|rredl has 30 seconds to confirm battle start!
|inactive|TsukiiVGC has 30 seconds to confirm battle start!
||rredl is ready for game 2.
||TsukiiVGC is ready for game 2.
|uhtml|next|Next: Game 2 of 3
|l|☆rredl
|player|p1|
