|j|☆PamamoDaisukiKo
|j|☆dycheball
|html|PamamoDaisukiKodycheball    
|uhtml|bestof|Game 1 of a best-of-3
|t:|1756236684
|gametype|doubles
|player|p1|PamamoDaisukiKo|dawn|1204
|player|p2|dycheball|cyrus|1240
|gen|9
|tier|[Gen 9] VGC 2025 Reg H (Bo3)
|rated|
|rule|Species Clause: Limit one of each Pokémon
|rule|Item Clause: Limit 1 of each item
|clearpoke
|poke|p1|Ursaluna-Bloodmoon, L50, M|
|poke|p1|Murkrow, L50, F|
|poke|p1|Gholdengo, L50|
|poke|p1|Pawmot, L50, F|
|poke|p1|Indeedee, L50, M|
|poke|p1|Sneasler, L50, M|
|poke|p2|Gholdengo, L50|
|poke|p2|Sneasler, L50, M|
|poke|p2|Rillaboom, L50, M|
|poke|p2|Dragonite, L50, M|
|poke|p2|Ninetales-Alola, L50, M|
|poke|p2|Arcanine-Hisui, L50, F|
|teampreview|4
|showteam|p1|Ursaluna-Bloodmoon||LifeOrb|MindsEye|EarthPower,BloodMoon,HyperVoice,Protect|||M|||50|,,,,,Normal]Murkrow||Eviolite|Prankster|Tailwind,Haze,FoulPlay,Quash|||F|||50|,,,,,Ghost]Gholdengo||ChoiceSpecs|GoodasGold|MakeItRain,ShadowBall,PowerGem,Trick||||||50|,,,,,Steel]Pawmot||FocusSash|VoltAbsorb|FakeOut,DoubleShock,CloseCombat,Nuzzle|||F|||50|,,,,,Stellar]Indeedee||ChoiceScarf|PsychicSurge|ExpandingForce,TeraBlast,Trick,Protect|||M|||50|,,,,,Psychic]Sneasler||PsychicSeed|Unburden|CloseCombat,DireClaw,ThroatChop,Protect|||M|||50|,,,,,Dark
|showteam|p2|Gholdengo||GrassySeed|GoodasGold|NastyPlot,MakeItRain,ShadowBall,Protect||||||50|,,,,,Water]Sneasler||WhiteHerb|Unburden|CloseCombat,DireClaw,Coaching,Protect|||M|||50|,,,,,Ghost]Rillaboom||AssaultVest|GrassySurge|FakeOut,GrassyGlide,DrumBeating,HighHorsepower|||M|||50|,,,,,Fire]Dragonite||LoadedDice|Multiscale|ScaleShot,StompingTantrum,Tailwind,Protect|||M|||50|,,,,,Steel]Ninetales-Alola||FocusSash|SnowWarning|Blizzard,IcyWind,Encore,AuroraVeil|||M|||50|,,,,,Ghost]Arcanine-Hisui||ClearAmulet|Intimidate|RockSlide,FlareBlitz,ExtremeSpeed,Protect|||F|||50|,,,,,Water
|inactive|Battle timer is ON: inactive players will automatically lose when time's up. (requested by dycheball)
|inactive|PamamoDaisukiKo has 60 seconds left.
|inactive|dycheball has 60 seconds left.
|inactive|PamamoDaisukiKo has 30 seconds left.
|inactive|PamamoDaisukiKo has 20 seconds left.
|inactive|PamamoDaisukiKo has 15 seconds left.
|
|t:|1756236763
|teamsize|p1|4
|teamsize|p2|4
|start
|switch|p1a: Pawmot|Pawmot, L50, F|100/100
|switch|p1b: Murkrow|Murkrow, L50, F|100/100
|switch|p2a: Arcanine|Arcanine-Hisui, L50, F|100/100
|switch|p2b: Rillaboom|Rillaboom, L50, M|100/100
|-ability|p2a: Arcanine|Intimidate|boost
|-unboost|p1a: Pawmot|atk|1
|-unboost|p1b: Murkrow|atk|1
|-fieldstart|move: Grassy Terrain|[from] ability: Grassy Surge|[of] p2b: Rillaboom
|turn|1
|inactive|PamamoDaisukiKo has 30 seconds left.
|inactive|dycheball has 30 seconds left.
|inactive|PamamoDaisukiKo has 20 seconds left.
|inactive|dycheball has 20 seconds left.
|
|t:|1756236800
|switch|p2a: Gholdengo|Gholdengo, L50|100/100
|-enditem|p2a: Gholdengo|Grassy Seed
|-boost|p2a: Gholdengo|def|1|[from] item: Grassy Seed
|move|p1b: Murkrow|Tailwind|p1b: Murkrow
|-sidestart|p1: PamamoDaisukiKo|move: Tailwind
|move|p1a: Pawmot|Close Combat|p2a: Gholdengo
|-immune|p2a: Gholdengo
|move|p2b: Rillaboom|High Horsepower|p1a: Pawmot
|-supereffective|p1a: Pawmot
|-damage|p1a: Pawmot|2/100
|
|-heal|p1a: Pawmot|8/100|[from] Grassy Terrain
|upkeep
|turn|2
|inactive|dycheball has 30 seconds left.
|inactive|dycheball has 20 seconds left.
|inactive|dycheball has 15 seconds left.
|inactive|dycheball has 10 seconds left.
|
|t:|1756236846
|switch|p1b: Indeedee|Indeedee, L50, M|100/100
|-fieldstart|move: Psychic Terrain|[from] ability: Psychic Surge|[of] p1b: Indeedee
|switch|p2b: Arcanine|Arcanine-Hisui, L50, F|100/100
|-ability|p2b: Arcanine|Intimidate|boost
|-unboost|p1a: Pawmot|atk|1
|-unboost|p1b: Indeedee|atk|1
|move|p1a: Pawmot|Nuzzle|p2a: Gholdengo
|-damage|p2a: Gholdengo|97/100
|-status|p2a: Gholdengo|par
|cant|p2a: Gholdengo|par
|
|upkeep
|turn|3
|inactive|PamamoDaisukiKo has 30 seconds left.
|inactive|PamamoDaisukiKo has 20 seconds left.
|inactive|PamamoDaisukiKo has 15 seconds left.
|
|t:|1756236886
|switch|p1a: Murkrow|Murkrow, L50, F|100/100
|switch|p2b: Rillaboom|Rillaboom, L50, M|100/100
|-fieldstart|move: Grassy Terrain|[from] ability: Grassy Surge|[of] p2b: Rillaboom
|move|p1b: Indeedee|Expanding Force|p2b: Rillaboom
|-damage|p2b: Rillaboom|70/100
|move|p2a: Gholdengo|Make It Rain|p1b: Indeedee|[spread] p1a,p1b
|-damage|p1a: Murkrow|59/100
|-damage|p1b: Indeedee|36/100
|-unboost|p2a: Gholdengo|spa|1
|
|-heal|p1b: Indeedee|42/100|[from] Grassy Terrain
|-heal|p2b: Rillaboom|76/100|[from] Grassy Terrain
|-heal|p2a: Gholdengo|100/100 par|[from] Grassy Terrain
|upkeep
|turn|4
|inactive|PamamoDaisukiKo has 30 seconds left.
|inactive|dycheball has 30 seconds left.
|
|t:|1756236917
|move|p2b: Rillaboom|Grassy Glide|p1b: Indeedee
|-damage|p1b: Indeedee|0 fnt
|faint|p1b: Indeedee
|move|p1a: Murkrow|Foul Play|p2b: Rillaboom
|-damage|p2b: Rillaboom|30/100
|move|p2a: Gholdengo|Nasty Plot|p2a: Gholdengo
|-boost|p2a: Gholdengo|spa|2
|
|-heal|p2b: Rillaboom|35/100|[from] Grassy Terrain
|-sideend|p1: PamamoDaisukiKo|move: Tailwind
|upkeep
|
|t:|1756236929
|switch|p1b: Sneasler|Sneasler, L50, M|100/100
|turn|5
|
|t:|1756236947
|switch|p2b: Dragonite|Dragonite, L50, M|100/100
|-terastallize|p1b: Sneasler|Dark
|move|p1a: Murkrow|Haze|p1a: Murkrow
|-clearallboost
|move|p1b: Sneasler|Throat Chop|p2a: Gholdengo
|-supereffective|p2a: Gholdengo
|-crit|p2a: Gholdengo
|-damage|p2a: Gholdengo|0 fnt
|faint|p2a: Gholdengo
|
|upkeep
|
|t:|1756236958
|switch|p2a: Arcanine|Arcanine-Hisui, L50, F|100/100
|-ability|p2a: Arcanine|Intimidate|boost
|-unboost|p1a: Murkrow|atk|1
|-unboost|p1b: Sneasler|atk|1
|turn|6
|inactive|PamamoDaisukiKo has 30 seconds left.
|
|t:|1756236983
|-terastallize|p2a: Arcanine|Water
|move|p1a: Murkrow|Haze|p1a: Murkrow
|-clearallboost
|move|p1b: Sneasler|Close Combat|p2a: Arcanine
|-damage|p2a: Arcanine|16/100
|-unboost|p1b: Sneasler|def|1
|-unboost|p1b: Sneasler|spd|1
|move|p2a: Arcanine|Rock Slide|p1b: Sneasler|[spread] p1a,p1b
|-supereffective|p1a: Murkrow
|-damage|p1a: Murkrow|0 fnt
|-damage|p1b: Sneasler|37/100
|faint|p1a: Murkrow
|move|p2b: Dragonite|Scale Shot|p1b: Sneasler
|-damage|p1b: Sneasler|2/100
|-damage|p1b: Sneasler|0 fnt
|faint|p1b: Sneasler
|-hitcount|p1: Sneasler|2
|-unboost|p2b: Dragonite|def|1
|-boost|p2b: Dragonite|spe|1
|
|-heal|p2a: Arcanine|22/100|[from] Grassy Terrain
|upkeep
|
|t:|1756236986
|switch|p1b: Pawmot|Pawmot, L50, F|8/100
|turn|7
|
|t:|1756237000
|move|p2a: Arcanine|Extreme Speed|p1b: Pawmot
|-damage|p1b: Pawmot|0 fnt
|faint|p1b: Pawmot
|
|win|dycheball
