|j|☆Cristante terabug
|j|☆p2 is ass
|html|Cristante terabugp2 is ass    
|uhtml|bestof|Game 1 of a best-of-3
|t:|1756373292
|gametype|doubles
|player|p1|Cristante terabug|kieran-champion|1060
|player|p2|p2 is ass|cheryl|1000
|gen|9
|tier|[Gen 9] VGC 2025 Reg H (Bo3)
|rated|
|rule|Species Clause: Limit one of each Pokémon
|rule|Item Clause: Limit 1 of each item
|clearpoke
|poke|p1|Tyranitar, L50, M|
|poke|p1|Kommo-o, L50, M|
|poke|p1|Primarina, L50, M|
|poke|p1|Corviknight, L50, F|
|poke|p1|Incineroar, L50, F|
|poke|p1|Sinistcha, L50|
|poke|p2|Incineroar, L50, M|
|poke|p2|Porygon2, L50|
|poke|p2|Amoonguss, L50, M|
|poke|p2|Ursaluna, L50, F|
|poke|p2|Gholdengo, L50|
|poke|p2|Flamigo, L50, F|
|teampreview|4
|showteam|p1|Tyranitar||AssaultVest|SandStream|KnockOff,LowKick,RockSlide,TeraBlast|||M|||50|,,,,,Flying]Kommo-o||Leftovers|Overcoat|BodyPress,IronDefense,ThroatChop,Protect|||M|||50|,,,,,Steel]Primarina||MysticWater|LiquidVoice|Haze,Moonblast,HyperVoice,Protect|||M|||50|,,,,,Poison]Corviknight||SitrusBerry|MirrorArmor|BraveBird,BulkUp,Roost,Tailwind|||F|||50|,,,,,Ghost]Incineroar||SafetyGoggles|Intimidate|KnockOff,PartingShot,FlareBlitz,FakeOut|||F|||50|,,,,,Ghost]Sinistcha||RockyHelmet|Hospitality|Protect,MatchaGotcha,RagePowder,ShadowBall||||||50|,,,,,Water
|showteam|p2|Incineroar||SafetyGoggles|Intimidate|KnockOff,FlareBlitz,PartingShot,FakeOut|||M|||50|,,,,,Grass]Porygon2||Eviolite|Download|TeraBlast,IceBeam,Recover,TrickRoom||||||50|,,,,,Fighting]Amoonguss||MentalHerb|Regenerator|Spore,RagePowder,PollenPuff,ClearSmog|||M|||50|,,,,,Water]Ursaluna||FlameOrb|Guts|Facade,HeadlongRush,Earthquake,Protect|||F|||50|,,,,,Normal]Gholdengo||LifeOrb|GoodasGold|MakeItRain,ShadowBall,NastyPlot,Protect||||||50|,,,,,Dragon]Flamigo||FocusSash|Scrappy|CloseCombat,BraveBird,WideGuard,Protect|||F|||50|,,,,,Ghost
|
|t:|1756373319
|teamsize|p1|4
|teamsize|p2|4
|start
|switch|p1a: Basil|Incineroar, L50, F|100/100
|switch|p1b: Omori|Kommo-o, L50, M|100/100
|switch|p2a: Porygon2|Porygon2, L50, shiny|100/100
|switch|p2b: Flamigo|Flamigo, L50, F, shiny|100/100
|-ability|p1a: Basil|Intimidate|boost
|-unboost|p2a: Porygon2|atk|1
|-fail|p2b: Flamigo|unboost|Attack|[from] ability: Scrappy|[of] p2b: Flamigo
|-ability|p2a: Porygon2|Download|boost
|-boost|p2a: Porygon2|spa|1
|turn|1
|inactive|Battle timer is ON: inactive players will automatically lose when time's up. (requested by Cristante terabug)
|
|t:|1756373331
|-terastallize|p1b: Omori|Steel
|move|p1a: Basil|Fake Out|p2a: Porygon2
|-damage|p2a: Porygon2|93/100
|move|p2b: Flamigo|Close Combat|p1a: Basil
|-supereffective|p1a: Basil
|-damage|p1a: Basil|0 fnt
|-unboost|p2b: Flamigo|def|1
|-unboost|p2b: Flamigo|spd|1
|faint|p1a: Basil
|move|p1b: Omori|Iron Defense|p1b: Omori
|-boost|p1b: Omori|def|2
|cant|p2a: Porygon2|flinch
|
|upkeep
|
|t:|1756373348
|switch|p1a: Hero|Tyranitar, L50, M|100/100
|-weather|Sandstorm|[from] ability: Sand Stream|[of] p1a: Hero
|turn|2
|
|t:|1756373362
|switch|p2b: Amoonguss|Amoonguss, L50, M, shiny|100/100
|switch|p1a: Mari|Sinistcha, L50|100/100
|-terastallize|p2a: Porygon2|Fighting
|move|p1b: Omori|Body Press|p2a: Porygon2
|-damage|p2a: Porygon2|52/100
|move|p2a: Porygon2|Trick Room|p2a: Porygon2
|-fieldstart|move: Trick Room|[of] p2a: Porygon2
|
|-weather|Sandstorm|[upkeep]
|-damage|p2b: Amoonguss|95/100|[from] Sandstorm
|-damage|p2a: Porygon2|46/100|[from] Sandstorm
|-damage|p1a: Mari|94/100|[from] Sandstorm
|upkeep
|turn|3
|
|t:|1756373381
|move|p1a: Mari|Rage Powder|p1a: Mari
|-singleturn|p1a: Mari|move: Rage Powder
|move|p2b: Amoonguss|Spore|p1b: Omori
|-immune|p1b: Omori|[from] ability: Overcoat
|move|p2a: Porygon2|Recover|p2a: Porygon2
|-heal|p2a: Porygon2|96/100
|move|p1b: Omori|Iron Defense|p1b: Omori
|-boost|p1b: Omori|def|2
|
|-weather|Sandstorm|[upkeep]
|-damage|p2b: Amoonguss|89/100|[from] Sandstorm
|-damage|p2a: Porygon2|90/100|[from] Sandstorm
|-damage|p1a: Mari|88/100|[from] Sandstorm
|upkeep
|turn|4
|
|t:|1756373395
|move|p2b: Amoonguss|Rage Powder|p2b: Amoonguss
|-singleturn|p2b: Amoonguss|move: Rage Powder
|move|p1a: Mari|Rage Powder|p1a: Mari
|-singleturn|p1a: Mari|move: Rage Powder
|move|p2a: Porygon2|Ice Beam|p1a: Mari
|-supereffective|p1a: Mari
|-damage|p1a: Mari|20/100
|move|p1b: Omori|Body Press|p2a: Porygon2
|-damage|p2a: Porygon2|22/100
|
|-weather|Sandstorm|[upkeep]
|-damage|p2b: Amoonguss|83/100|[from] Sandstorm
|-damage|p2a: Porygon2|16/100|[from] Sandstorm
|-damage|p1a: Mari|14/100|[from] Sandstorm
|upkeep
|turn|5
|
|t:|1756373413
|move|p1a: Mari|Protect|p1a: Mari
|-singleturn|p1a: Mari|Protect
|move|p2b: Amoonguss|Clear Smog|p1a: Mari
|-activate|p1a: Mari|move: Protect
|move|p2a: Porygon2|Tera Blast|p1b: Omori|[anim] Tera Blast Fighting
|-supereffective|p1b: Omori
|-damage|p1b: Omori|13/100
|move|p1b: Omori|Body Press|p2a: Porygon2
|-damage|p2a: Porygon2|0 fnt
|faint|p2a: Porygon2
|
|-weather|Sandstorm|[upkeep]
|-damage|p2b: Amoonguss|77/100|[from] Sandstorm
|-damage|p1a: Mari|8/100|[from] Sandstorm
|-heal|p1b: Omori|19/100|[from] item: Leftovers
|upkeep
|
|t:|1756373425
|switch|p2a: Ursaluna|Ursaluna, L50, F, shiny|100/100
|turn|6
|
|t:|1756373433
|switch|p2b: Flamigo|Flamigo, L50, F, shiny|100/100
|switch|p1a: Hero|Tyranitar, L50, M|100/100
|move|p1b: Omori|Protect|p1b: Omori
|-singleturn|p1b: Omori|Protect
|move|p2a: Ursaluna|Earthquake|p1b: Omori|[spread] p1a
|-activate|p1b: Omori|move: Protect
|-immune|p2b: Flamigo
|-supereffective|p1a: Hero
|-damage|p1a: Hero|25/100
|
|-weather|none
|-heal|p1b: Omori|25/100|[from] item: Leftovers
|-fieldend|move: Trick Room
|-status|p2a: Ursaluna|brn|[from] item: Flame Orb
|upkeep
|turn|7
|
|t:|1756373453
|switch|p1a: Mari|Sinistcha, L50|8/100
|-heal|p1b: Omori|49/100|[from] ability: Hospitality|[of] p1a: Mari
|move|p2b: Flamigo|Close Combat|p1b: Omori
|-supereffective|p1b: Omori
|-damage|p1b: Omori|22/100
|-unboost|p2b: Flamigo|def|1
|-unboost|p2b: Flamigo|spd|1
|move|p1b: Omori|Body Press|p2a: Ursaluna
|-supereffective|p2a: Ursaluna
|-damage|p2a: Ursaluna|0 fnt
|faint|p2a: Ursaluna
|
|-heal|p1b: Omori|28/100|[from] item: Leftovers
|upkeep
|
|t:|1756373464
|switch|p2a: Amoonguss|Amoonguss, L50, M, shiny|100/100
|turn|8
|
|t:|1756373471
|move|p2b: Flamigo|Protect|p2b: Flamigo
|-singleturn|p2b: Flamigo|Protect
|move|p1a: Mari|Rage Powder|p1a: Mari
|-singleturn|p1a: Mari|move: Rage Powder
|move|p1b: Omori|Body Press|p2b: Flamigo
|-activate|p2b: Flamigo|move: Protect
|move|p2a: Amoonguss|Pollen Puff|p1a: Mari
|-damage|p1a: Mari|0 fnt
|faint|p1a: Mari
|
|-heal|p1b: Omori|33/100|[from] item: Leftovers
|upkeep
|
|t:|1756373474
|switch|p1a: Hero|Tyranitar, L50, M|25/100
|-weather|Sandstorm|[from] ability: Sand Stream|[of] p1a: Hero
|turn|9
|
|t:|1756373485
|move|p2b: Flamigo|Close Combat|p1a: Hero
|-supereffective|p1a: Hero
|-damage|p1a: Hero|0 fnt
|-unboost|p2b: Flamigo|def|1
|-unboost|p2b: Flamigo|spd|1
|faint|p1a: Hero
|move|p1b: Omori|Body Press|p2b: Flamigo
|-resisted|p2b: Flamigo
|-enditem|p2b: Flamigo|Focus Sash
|-damage|p2b: Flamigo|1/100
|move|p2a: Amoonguss|Pollen Puff|p1b: Omori
|-resisted|p1b: Omori
|-damage|p1b: Omori|25/100
|
|-weather|Sandstorm|[upkeep]
|-damage|p2b: Flamigo|0 fnt|[from] Sandstorm
|-damage|p2a: Amoonguss|95/100|[from] Sandstorm
|faint|p2b: Flamigo
|-heal|p1b: Omori|30/100|[from] item: Leftovers
|upkeep
|turn|10
|
|t:|1756373501
|move|p1b: Omori|Body Press|p2a: Amoonguss
|-resisted|p2a: Amoonguss
|-damage|p2a: Amoonguss|49/100
|move|p2a: Amoonguss|Pollen Puff|p1b: Omori
|-resisted|p1b: Omori
|-damage|p1b: Omori|21/100
|
|-weather|Sandstorm|[upkeep]
|-damage|p2a: Amoonguss|43/100|[from] Sandstorm
|-heal|p1b: Omori|27/100|[from] item: Leftovers
|upkeep
|turn|11
|
|t:|1756373506
|move|p1b: Omori|Body Press|p2a: Amoonguss
|-resisted|p2a: Amoonguss
|-damage|p2a: Amoonguss|0 fnt
|faint|p2a: Amoonguss
|
|win|Cristante terabug
