|j|☆ApeEscapeForGC
|j|☆Chaotic Raos
|html|ApeEscapeForGCChaotic Raos    
|uhtml|bestof|Game 3 of a best-of-3
|t:|1757636559
|gametype|doubles
|player|p1|ApeEscapeForGC|101|
|player|p2|Chaotic Raos|bellelba|
|gen|9
|tier|[Gen 9] VGC 2025 Reg H (Bo3)
|rule|Species Clause: Limit one of each Pokémon
|rule|Item Clause: Limit 1 of each item
|clearpoke
|poke|p1|Dondozo, L50, F|
|poke|p1|Tatsugiri, L50, M|
|poke|p1|Gholdengo, L50|
|poke|p1|Sneasler, L50, M|
|poke|p1|Indeedee, L50, M|
|poke|p1|Whimsicott, L50, F|
|poke|p2|Tyranitar, L50, F|
|poke|p2|Sinistcha, L50|
|poke|p2|Talonflame, L50, F|
|poke|p2|Garchomp, L50, M|
|poke|p2|Gholdengo, L50|
|poke|p2|Primarina, L50, F|
|teampreview|4
|showteam|p1|Dondozo||Leftovers|Unaware|WaveCrash,Earthquake,Protect,OrderUp|||F|||50|,,,,,Grass]Tatsugiri||SafetyGoggles|Commander|MuddyWater,DracoMeteor,IcyWind,TeraBlast|||M|||50|,,,,,Normal]Gholdengo||LifeOrb|GoodasGold|MakeItRain,ShadowBall,Protect,NastyPlot||||||50|,,,,,Steel]Sneasler||PsychicSeed|Unburden|ThroatChop,CloseCombat,DireClaw,Protect|||M|||50|,,,,,Dark]Indeedee||FocusSash|PsychicSurge|ExpandingForce,TrickRoom,Imprison,TeraBlast|||M|||50|,,,,,Psychic]Whimsicott||CovertCloak|Prankster|Moonblast,Tailwind,LightScreen,HelpingHand|||F|||50|,,,,,Poison
|showteam|p2|Tyranitar||AssaultVest|SandStream|RockSlide,KnockOff,LowKick,TeraBlast|||F|||50|,,,,,Flying]Sinistcha||RockyHelmet|Hospitality|MatchaGotcha,RagePowder,StrengthSap,Protect||||||50|,,,,,Water]Talonflame||SafetyGoggles|GaleWings|BraveBird,Tailwind,WillOWisp,Protect|||F|||50|,,,,,Ghost]Garchomp||LifeOrb|RoughSkin|StompingTantrum,DragonClaw,RockSlide,Protect|||M|||50|,,,,,Steel]Gholdengo||Leftovers|GoodasGold|NastyPlot,Protect,MakeItRain,ShadowBall||||||50|,,,,,Water]Primarina||SitrusBerry|LiquidVoice|HyperVoice,Moonblast,Haze,Protect|||F|||50|,,,,,Poison
|j| pfizerlordozai
|
|t:|1757636599
|teamsize|p1|4
|teamsize|p2|4
|start
|switch|p1a: Whimsicott|Whimsicott, L50, F|100/100
|switch|p1b: Dondozo|Dondozo, L50, F|100/100
|switch|p2a: Brave Bird|Talonflame, L50, F|100/100
|switch|p2b: Chomper|Garchomp, L50, M|100/100
|turn|1
|j| yeetawheat
|
|t:|1757636634
|switch|p2b: Sipmantha|Sinistcha, L50|100/100
|move|p2a: Brave Bird|Protect|p2a: Brave Bird
|-singleturn|p2a: Brave Bird|Protect
|move|p1a: Whimsicott|Tailwind|p1a: Whimsicott
|-sidestart|p1: ApeEscapeForGC|move: Tailwind
|move|p1b: Dondozo|Wave Crash|p2a: Brave Bird
|-activate|p2a: Brave Bird|move: Protect
|
|upkeep
|turn|2
|
|t:|1757636659
|move|p2b: Sipmantha|Rage Powder|p2b: Sipmantha
|-singleturn|p2b: Sipmantha|move: Rage Powder
|move|p1a: Whimsicott|Light Screen|p1a: Whimsicott
|-sidestart|p1: ApeEscapeForGC|move: Light Screen
|move|p2a: Brave Bird|Will-O-Wisp|p1b: Dondozo
|-status|p1b: Dondozo|brn
|move|p1b: Dondozo|Wave Crash|p2b: Sipmantha
|-resisted|p2b: Sipmantha
|-damage|p2b: Sipmantha|91/100
|-damage|p1b: Dondozo|84/100 brn|[from] item: Rocky Helmet|[of] p2b: Sipmantha
|-damage|p1b: Dondozo|81/100 brn|[from] Recoil
|
|-heal|p1b: Dondozo|88/100 brn|[from] item: Leftovers
|-damage|p1b: Dondozo|81/100 brn|[from] brn
|upkeep
|turn|3
|
|t:|1757636689
|switch|p1a: Gholdengo|Gholdengo, L50|100/100
|switch|p1b: Sneasler|Sneasler, L50, M|100/100
|move|p2a: Brave Bird|Protect|p2a: Brave Bird
|-singleturn|p2a: Brave Bird|Protect
|move|p2b: Sipmantha|Matcha Gotcha|p1a: Gholdengo|[spread] p1a,p1b
|-resisted|p1a: Gholdengo
|-resisted|p1b: Sneasler
|-damage|p1a: Gholdengo|91/100
|-heal|p2b: Sipmantha|95/100|[from] drain|[of] p1a: Gholdengo
|-damage|p1b: Sneasler|90/100
|-heal|p2b: Sipmantha|99/100|[from] drain|[of] p1b: Sneasler
|
|upkeep
|turn|4
|
|t:|1757636718
|switch|p2b: Chomper|Garchomp, L50, M|100/100
|move|p1b: Sneasler|Protect|p1b: Sneasler
|-singleturn|p1b: Sneasler|Protect
|move|p2a: Brave Bird|Tailwind|p2a: Brave Bird
|-sidestart|p2: Chaotic Raos|move: Tailwind
|move|p1a: Gholdengo|Shadow Ball|p2b: Chomper
|-damage|p2b: Chomper|34/100
|-damage|p1a: Gholdengo|81/100|[from] item: Life Orb
|
|-sideend|p1: ApeEscapeForGC|move: Tailwind
|upkeep
|turn|5
|
|t:|1757636739
|switch|p1b: Dondozo|Dondozo, L50, F|81/100 brn
|switch|p1a: Whimsicott|Whimsicott, L50, F|100/100
|move|p2a: Brave Bird|Will-O-Wisp|p1b: Dondozo
|-fail|p1b: Dondozo|brn
|move|p2b: Chomper|Stomping Tantrum|p1a: Whimsicott
|-resisted|p1a: Whimsicott
|-damage|p1a: Whimsicott|64/100
|-damage|p2b: Chomper|25/100|[from] item: Life Orb
|
|-heal|p1b: Dondozo|88/100 brn|[from] item: Leftovers
|-damage|p1b: Dondozo|81/100 brn|[from] brn
|upkeep
|turn|6
|
|t:|1757636766
|switch|p2b: Sipmantha|Sinistcha, L50|99/100
|move|p2a: Brave Bird|Brave Bird|p1a: Whimsicott
|-supereffective|p1a: Whimsicott
|-damage|p1a: Whimsicott|0 fnt
|faint|p1a: Whimsicott
|-damage|p2a: Brave Bird|83/100|[from] Recoil
|move|p1b: Dondozo|Wave Crash|p2a: Brave Bird
|-supereffective|p2a: Brave Bird
|-damage|p2a: Brave Bird|15/100
|-damage|p1b: Dondozo|63/100 brn|[from] Recoil
|
|-heal|p1b: Dondozo|69/100 brn|[from] item: Leftovers
|-damage|p1b: Dondozo|63/100 brn|[from] brn
|-sideend|p1: ApeEscapeForGC|move: Light Screen
|upkeep
|
|t:|1757636776
|switch|p1a: Sneasler|Sneasler, L50, M|90/100
|turn|7
|l| yeetawheat
|
|t:|1757636787
|move|p1a: Sneasler|Protect|p1a: Sneasler
|-singleturn|p1a: Sneasler|Protect
|move|p1b: Dondozo|Protect|p1b: Dondozo
|-singleturn|p1b: Dondozo|Protect
|move|p2b: Sipmantha|Rage Powder|p2b: Sipmantha
|-singleturn|p2b: Sipmantha|move: Rage Powder
|move|p2a: Brave Bird|Will-O-Wisp|p1a: Sneasler
|-activate|p1a: Sneasler|move: Protect
|
|-heal|p1b: Dondozo|69/100 brn|[from] item: Leftovers
|-damage|p1b: Dondozo|63/100 brn|[from] brn
|-sideend|p2: Chaotic Raos|move: Tailwind
|upkeep
|turn|8
|
|t:|1757636794
|-terastallize|p1a: Sneasler|Dark
|move|p2b: Sipmantha|Rage Powder|p2b: Sipmantha
|-singleturn|p2b: Sipmantha|move: Rage Powder
|move|p2a: Brave Bird|Will-O-Wisp|p1a: Sneasler|[miss]
|-miss|p2a: Brave Bird|p1a: Sneasler
|move|p1a: Sneasler|Throat Chop|p2b: Sipmantha
|-supereffective|p2b: Sipmantha
|-damage|p2b: Sipmantha|35/100
|-start|p2b: Sipmantha|Throat Chop|[silent]
|-damage|p1a: Sneasler|74/100|[from] item: Rocky Helmet|[of] p2b: Sipmantha
|move|p1b: Dondozo|Wave Crash|p2b: Sipmantha
|-resisted|p2b: Sipmantha
|-damage|p2b: Sipmantha|25/100
|-damage|p1b: Dondozo|47/100 brn|[from] item: Rocky Helmet|[of] p2b: Sipmantha
|-damage|p1b: Dondozo|44/100 brn|[from] Recoil
|
|-heal|p1b: Dondozo|50/100 brn|[from] item: Leftovers
|-damage|p1b: Dondozo|44/100 brn|[from] brn
|upkeep
|turn|9
|c|☆ApeEscapeForGC|honestly
|c|☆ApeEscapeForGC|totally assuemd that would kill lol
|
|t:|1757636818
|move|p2a: Brave Bird|Tailwind|p2a: Brave Bird
|-sidestart|p2: Chaotic Raos|move: Tailwind
|move|p2b: Sipmantha|Strength Sap|p1a: Sneasler
|-unboost|p1a: Sneasler|atk|1
|-heal|p2b: Sipmantha|100/100
|move|p1a: Sneasler|Throat Chop|p2b: Sipmantha
|-supereffective|p2b: Sipmantha
|-damage|p2b: Sipmantha|59/100
|-damage|p1a: Sneasler|57/100|[from] item: Rocky Helmet|[of] p2b: Sipmantha
|move|p1b: Dondozo|Wave Crash|p2a: Brave Bird
|-supereffective|p2a: Brave Bird
|-damage|p2a: Brave Bird|0 fnt
|faint|p2a: Brave Bird
|-damage|p1b: Dondozo|40/100 brn|[from] Recoil
|
|-heal|p1b: Dondozo|46/100 brn|[from] item: Leftovers
|-damage|p1b: Dondozo|40/100 brn|[from] brn
|-end|p2b: Sipmantha|Throat Chop|[silent]
|upkeep
|c|☆Chaotic Raos|Sipmantha is thicc
|
|t:|1757636834
|switch|p2a: Chomper|Garchomp, L50, M|25/100
|turn|10
|
|t:|1757636844
|move|p1a: Sneasler|Protect|p1a: Sneasler
|-singleturn|p1a: Sneasler|Protect
|move|p2a: Chomper|Stomping Tantrum|p1a: Sneasler
|-activate|p1a: Sneasler|move: Protect
|move|p2b: Sipmantha|Matcha Gotcha|p1a: Sneasler|[spread] p1b
|-activate|p1a: Sneasler|move: Protect
|-supereffective|p1b: Dondozo
|-damage|p1b: Dondozo|0 fnt
|-heal|p2b: Sipmantha|84/100|[from] drain|[of] p1b: Dondozo
|faint|p1b: Dondozo
|
|upkeep
|
|t:|1757636846
|switch|p1b: Gholdengo|Gholdengo, L50|81/100
|turn|11
|c|☆ApeEscapeForGC|ggs I think
|
|t:|1757636865
|move|p2a: Chomper|Stomping Tantrum|p1a: Sneasler
|-damage|p1a: Sneasler|0 fnt
|faint|p1a: Sneasler
|-damage|p2a: Chomper|15/100|[from] item: Life Orb
|move|p2b: Sipmantha|Matcha Gotcha|p1b: Gholdengo
|-resisted|p1b: Gholdengo
|-damage|p1b: Gholdengo|63/100
|-heal|p2b: Sipmantha|93/100|[from] drain|[of] p1b: Gholdengo
|-status|p1b: Gholdengo|brn
|move|p1b: Gholdengo|Make It Rain|p2a: Chomper|[spread] p2a,p2b
|-damage|p2a: Chomper|0 fnt
|-damage|p2b: Sipmantha|22/100
|-unboost|p1b: Gholdengo|spa|1
|faint|p2a: Chomper
|-damage|p1b: Gholdengo|53/100 brn|[from] item: Life Orb
|
|-damage|p1b: Gholdengo|47/100 brn|[from] brn
|upkeep
|c|☆ApeEscapeForGC|hmmm
|c|☆ApeEscapeForGC|okay
|
|t:|1757636883
|switch|p2a: Amethyst|Tyranitar, L50, F|100/100
|-weather|Sandstorm|[from] ability: Sand Stream|[of] p2a: Amethyst
|turn|12
|
|t:|1757636896
|move|p1b: Gholdengo|Protect|p1b: Gholdengo
|-singleturn|p1b: Gholdengo|Protect
|move|p2b: Sipmantha|Strength Sap|p1b: Gholdengo
|-activate|p1b: Gholdengo|move: Protect
|move|p2a: Amethyst|Knock Off|p1b: Gholdengo
|-activate|p1b: Gholdengo|move: Protect
|
|-weather|Sandstorm|[upkeep]
|-damage|p2b: Sipmantha|16/100|[from] Sandstorm
|-damage|p1b: Gholdengo|41/100 brn|[from] brn
|-sideend|p2: Chaotic Raos|move: Tailwind
|upkeep
|turn|13
|c|☆ApeEscapeForGC|does it crit lol
|
|t:|1757636912
|move|p1b: Gholdengo|Make It Rain|p2a: Amethyst|[spread] p2a,p2b
|-supereffective|p2a: Amethyst
|-crit|p2b: Sipmantha
|-damage|p2a: Amethyst|65/100
|-damage|p2b: Sipmantha|0 fnt
|-unboost|p1b: Gholdengo|spa|1
|faint|p2b: Sipmantha
|-damage|p1b: Gholdengo|31/100 brn|[from] item: Life Orb
|move|p2a: Amethyst|Knock Off|p1b: Gholdengo
|-supereffective|p1b: Gholdengo
|-damage|p1b: Gholdengo|0 fnt
|-enditem|p1b: Gholdengo|Life Orb|[from] move: Knock Off|[of] p2a: Amethyst
|faint|p1b: Gholdengo
|
|win|Chaotic Raos
|c|☆ApeEscapeForGC|damn
|c|☆ApeEscapeForGC|ggs
|c|☆Chaotic Raos|crit the wrong Pokemon lol
|c|☆Chaotic Raos|GGS!
|c|☆ApeEscapeForGC|was fun
|c|☆ApeEscapeForGC|ill upload
|l| pfizerlordozai
|c|☆ApeEscapeForGC|or you
|l|☆ApeEscapeForGC
|player|p1|
