|j|☆ThatGuyInAMask
|j|☆Mega Chime Time
|html|ThatGuyInAMaskMega Chime Time    
|uhtml|bestof|Game 2 of a best-of-3
|t:|1783474538
|gametype|doubles
|player|p1|ThatGuyInAMask|burglar|
|player|p2|Mega Chime Time|miku-flying|
|gen|9
|tier|[Gen 9 Champions] VGC 2026 Reg M-B (Bo3)
|rule|Species Clause: Limit one of each Pokémon
|rule|Item Clause: Limit 1 of each item
|clearpoke
|poke|p1|Swampert, L50, F|
|poke|p1|Gardevoir, L50, F, shiny|
|poke|p1|Rotom-Mow, L50|
|poke|p1|Liepard, L50, M, shiny|
|poke|p1|Drampa, L50, M|
|poke|p1|Pidgeot, L50, M|
|poke|p2|Altaria, L50, F|
|poke|p2|Salazzle, L50, F|
|poke|p2|Blastoise, L50, M|
|poke|p2|Rotom-Mow, L50, shiny|
|poke|p2|Chimecho, L50, F, shiny|
|poke|p2|Mudsdale, L50, F|
|teampreview|4
|showteam|p1|Swampert||RindoBerry|Torrent|WaveCrash,Earthquake,HammerArm,Protect|Adamant||F|||50|]Gardevoir||FairyFeather|Synchronize|Protect,Psychic,DazzlingGleam,Moonblast|Timid||F|||50|]Rotom-Mow||ChoiceScarf|Levitate|Electroweb,VoltSwitch,LeafStorm,Thunderbolt|Timid|||||50|]Liepard||FocusSash|Prankster|FakeOut,Encore,Taunt,KnockOff|Jolly||M|||50|]Drampa||SitrusBerry|CloudNine|Protect,DragonPulse,Flamethrower,HyperVoice|Modest||M|||50|]Pidgeot||Pidgeotite|KeenEye|Tailwind,Hurricane,HeatWave,Protect|Timid||M|||50|
|showteam|p2|Altaria||Altarianite|NaturalCure|HyperVoice,Roost,WillOWisp,Protect|Modest||F|||50|]Salazzle||FocusSash|Corrosion|FakeOut,HeatWave,Encore,Protect|Hasty||F|||50|]Blastoise||SitrusBerry|RainDish|FakeOut,WaveCrash,Yawn,LifeDew|Adamant||M|||50|]Rotom-Mow||ChoiceScarf|Levitate|Electroweb,Trick,LeafStorm,Thunderbolt|Timid|||||50|]Chimecho||Chimechite|Levitate|FlashCannon,Psyshock,Protect,EnergyBall|Modest||F|||50|]Mudsdale||Leftovers|Stamina|BodyPress,HighHorsepower,HeavySlam,Protect|Adamant||F|||50|
|inactive|Battle timer is ON: inactive players will automatically lose when time's up. (requested by Mega Chime Time)
|j| lillyrosethedemon
|
|t:|1783474566
|teamsize|p1|4
|teamsize|p2|4
|start
|switch|p1a: Pidgeot|Pidgeot, L50, M|100/100
|switch|p1b: Gardevoir|Gardevoir, L50, F, shiny|100/100
|switch|p2a: Rotom|Rotom-Mow, L50, shiny|100/100
|switch|p2b: Chimecho|Chimecho, L50, F, shiny|100/100
|turn|1
|
|t:|1783474581
|switch|p1a: Swampert|Swampert, L50, F|100/100
|move|p2a: Rotom|Electroweb|p1b: Gardevoir|[spread] p1b
|-immune|p1a: Swampert
|-damage|p1b: Gardevoir|80/100
|-unboost|p1b: Gardevoir|spe|1
|move|p1b: Gardevoir|Dazzling Gleam|p2a: Rotom|[spread] p2a,p2b
|-damage|p2a: Rotom|54/100
|-damage|p2b: Chimecho|58/100
|move|p2b: Chimecho|Flash Cannon|p1b: Gardevoir
|-supereffective|p1b: Gardevoir|1
|-damage|p1b: Gardevoir|26/100
|
|upkeep
|turn|2
|inactive|ThatGuyInAMask has 30 seconds left.
|
|t:|1783474608
|move|p1b: Gardevoir|Protect|p1b: Gardevoir
|-singleturn|p1b: Gardevoir|Protect
|move|p2a: Rotom|Electroweb|p1b: Gardevoir|[spread] 
|-activate|p1b: Gardevoir|move: Protect
|-immune|p1a: Swampert
|move|p2b: Chimecho|Energy Ball|p1a: Swampert
|-supereffective|p1a: Swampert|2
|-enditem|p1a: Swampert|Rindo Berry|[eat]
|-enditem|p1a: Swampert|Rindo Berry|[weaken]
|-damage|p1a: Swampert|47/100
|move|p1a: Swampert|Wave Crash|p2b: Chimecho
|-damage|p2b: Chimecho|0 fnt
|faint|p2b: Chimecho
|-damage|p1a: Swampert|30/100|[from] Recoil
|
|upkeep
|
|t:|1783474615
|switch|p2b: Altaria|Altaria, L50, F|100/100
|turn|3
|
|t:|1783474635
|detailschange|p2b: Altaria|Altaria-Mega, L50, F
|-mega|p2b: Altaria|Altaria|Altarianite
|move|p1a: Swampert|Protect|p1a: Swampert
|-singleturn|p1a: Swampert|Protect
|move|p2a: Rotom|Electroweb|p1a: Swampert|[spread] p1b
|-activate|p1a: Swampert|move: Protect
|-damage|p1b: Gardevoir|4/100
|-unboost|p1b: Gardevoir|spe|1
|move|p2b: Altaria|Will-O-Wisp|p1a: Swampert
|-activate|p1a: Swampert|move: Protect
|move|p1b: Gardevoir|Moonblast|p2a: Rotom
|-damage|p2a: Rotom|0 fnt
|faint|p2a: Rotom
|
|upkeep
|
|t:|1783474643
|switch|p2a: Salazzle|Salazzle, L50, F|100/100
|turn|4
|
|t:|1783474655
|switch|p1a: Rotom|Rotom-Mow, L50|100/100
|move|p1b: Gardevoir|Protect|p1b: Gardevoir
|-singleturn|p1b: Gardevoir|Protect
|move|p2a: Salazzle|Encore||[still]
|-fail|p2a: Salazzle
|move|p2b: Altaria|Hyper Voice|p1a: Rotom|[spread] p1a
|-activate|p1b: Gardevoir|move: Protect
|-damage|p1a: Rotom|42/100
|
|upkeep
|turn|5
|
|t:|1783474674
|move|p1a: Rotom|Electroweb|p2b: Altaria|[spread] p2a,p2b
|-resisted|p2b: Altaria|1
|-damage|p2a: Salazzle|64/100
|-damage|p2b: Altaria|90/100
|-unboost|p2a: Salazzle|spe|1
|-unboost|p2b: Altaria|spe|1
|move|p2a: Salazzle|Heat Wave|p1a: Rotom|[spread] p1a
|-miss|p2a: Salazzle|p1b: Gardevoir
|-supereffective|p1a: Rotom|1
|-damage|p1a: Rotom|0 fnt
|faint|p1a: Rotom
|move|p1b: Gardevoir|Moonblast|p2b: Altaria
|-supereffective|p2b: Altaria|1
|-damage|p2b: Altaria|0 fnt
|faint|p2b: Altaria
|
|upkeep
|c|☆Mega Chime Time|gg
|-message|Mega Chime Time forfeited.
|
|win|ThatGuyInAMask
