|j|☆Zester
|j|☆Zurneus
|html|ZesterZurneus    
|uhtml|bestof|Game 1 of a best-of-3
|t:|1756171834
|gametype|doubles
|player|p1|Zester|hau-masters|1089
|player|p2|Zurneus|silver|1000
|gen|9
|tier|[Gen 9] VGC 2025 Reg H (Bo3)
|rated|
|rule|Species Clause: Limit one of each Pokémon
|rule|Item Clause: Limit 1 of each item
|clearpoke
|poke|p1|Dragonite, L50, M|
|poke|p1|Volcarona, L50, F|
|poke|p1|Sneasler, L50, M|
|poke|p1|Rillaboom, L50, M|
|poke|p1|Electabuzz, L50, M|
|poke|p1|Kingambit, L50, M|
|poke|p2|Gyarados, L50, M|
|poke|p2|Indeedee, L50, M|
|poke|p2|Volcarona, L50, M|
|poke|p2|Excadrill, L50, F|
|poke|p2|Amoonguss, L50, M|
|poke|p2|Tyranitar, L50, M|
|teampreview|4
|showteam|p1|Dragonite||LoadedDice|Multiscale|ScaleShot,ExtremeSpeed,Haze,Protect|||M|||50|,,,,,Fairy]Volcarona||CovertCloak|FlameBody|HeatWave,TeraBlast,QuiverDance,Protect|||F|||50|,,,,,Fairy]Sneasler||FocusSash|PoisonTouch|CloseCombat,DireClaw,Coaching,Protect|||M|||50|,,,,,Stellar]Rillaboom||AssaultVest|GrassySurge|WoodHammer,GrassyGlide,HighHorsepower,FakeOut|||M|||50|,,,,,Water]Electabuzz||Eviolite|VitalSpirit|Thunderbolt,FollowMe,Taunt,Protect|||M|||50|,,,,,Ghost]Kingambit||BlackGlasses|Defiant|KowtowCleave,SuckerPunch,SwordsDance,Protect|||M|||50|,,,,,Dark
|showteam|p2|Gyarados||SafetyGoggles|Intimidate|Taunt,ThunderWave,Waterfall,Protect|||M|||50|,,,,,Steel]Indeedee||ChoiceScarf|PsychicSurge|DazzlingGleam,TeraBlast,Trick,ExpandingForce|||M|||50|,,,,,Psychic]Volcarona||LifeOrb|FlameBody|HeatWave,Tailwind,TeraBlast,Protect|||M|||50|,,,,,Fairy]Excadrill||ClearAmulet|SandRush|Protect,Earthquake,HighHorsepower,IronHead|||F|||50|,,,,,Ghost]Amoonguss||SitrusBerry|Regenerator|Protect,ClearSmog,RagePowder,Spore|||M|||50|,,,,,Water]Tyranitar||AssaultVest|SandStream|LowKick,TeraBlast,KnockOff,RockSlide|||M|||50|,,,,,Flying
|
|t:|1756171890
|teamsize|p1|4
|teamsize|p2|4
|start
|switch|p1a: Kingambit|Kingambit, L50, M, shiny|100/100
|switch|p1b: Sneasler|Sneasler, L50, M|100/100
|switch|p2a: Volcarona|Volcarona, L50, M|100/100
|switch|p2b: Amoonguss|Amoonguss, L50, M|100/100
|turn|1
|
|t:|1756171922
|move|p1a: Kingambit|Protect|p1a: Kingambit
|-singleturn|p1a: Kingambit|Protect
|move|p1b: Sneasler|Coaching|p1a: Kingambit
|-boost|p1a: Kingambit|atk|1
|-boost|p1a: Kingambit|def|1
|move|p2a: Volcarona|Heat Wave|p1b: Sneasler|[spread] p1b
|-activate|p1a: Kingambit|move: Protect
|-damage|p1b: Sneasler|37/100
|-status|p1b: Sneasler|brn
|-damage|p2a: Volcarona|91/100|[from] item: Life Orb
|move|p2b: Amoonguss|Spore||[still]
|-fail|p2b: Amoonguss
|
|-damage|p1b: Sneasler|31/100 brn|[from] brn
|upkeep
|turn|2
|
|t:|1756171969
|-terastallize|p1a: Kingambit|Dark
|move|p2b: Amoonguss|Rage Powder|p2b: Amoonguss
|-singleturn|p2b: Amoonguss|move: Rage Powder
|move|p1a: Kingambit|Sucker Punch||[still]
|-fail|p1a: Kingambit
|move|p1b: Sneasler|Coaching|p1a: Kingambit
|-boost|p1a: Kingambit|atk|1
|-boost|p1a: Kingambit|def|1
|move|p2a: Volcarona|Heat Wave|p1a: Kingambit|[spread] p1b
|-miss|p2a: Volcarona|p1a: Kingambit
|-damage|p1b: Sneasler|0 fnt
|faint|p1b: Sneasler
|-damage|p2a: Volcarona|82/100|[from] item: Life Orb
|
|upkeep
|
|t:|1756171986
|switch|p1b: Rillaboom|Rillaboom, L50, M|100/100
|-fieldstart|move: Grassy Terrain|[from] ability: Grassy Surge|[of] p1b: Rillaboom
|turn|3
|
|t:|1756171998
|move|p2a: Volcarona|Protect|p2a: Volcarona
|-singleturn|p2a: Volcarona|Protect
|move|p1b: Rillaboom|Fake Out|p2a: Volcarona
|-activate|p2a: Volcarona|move: Protect
|move|p1a: Kingambit|Kowtow Cleave|p2b: Amoonguss
|-damage|p2b: Amoonguss|0 fnt
|faint|p2b: Amoonguss
|
|-heal|p2a: Volcarona|88/100|[from] Grassy Terrain
|upkeep
|
|t:|1756172012
|switch|p2b: Indeedee|Indeedee, L50, M|100/100
|-fieldstart|move: Psychic Terrain|[from] ability: Psychic Surge|[of] p2b: Indeedee
|turn|4
|
|t:|1756172042
|switch|p1b: Dragonite|Dragonite, L50, M|100/100
|-terastallize|p2a: Volcarona|Fairy
|move|p2b: Indeedee|Dazzling Gleam|p1b: Dragonite|[spread] p1a,p1b
|-supereffective|p1a: Kingambit
|-supereffective|p1b: Dragonite
|-damage|p1a: Kingambit|62/100
|-damage|p1b: Dragonite|81/100
|move|p2a: Volcarona|Tera Blast|p1a: Kingambit|[anim] Tera Blast Fairy
|-supereffective|p1a: Kingambit
|-damage|p1a: Kingambit|0 fnt
|faint|p1a: Kingambit
|-damage|p2a: Volcarona|78/100|[from] item: Life Orb
|
|upkeep
|
|t:|1756172054
|switch|p1a: Rillaboom|Rillaboom, L50, M|100/100
|-fieldstart|move: Grassy Terrain|[from] ability: Grassy Surge|[of] p1a: Rillaboom
|turn|5
|
|t:|1756172076
|switch|p2b: Gyarados|Gyarados, L50, M|100/100
|-ability|p2b: Gyarados|Intimidate|boost
|-unboost|p1a: Rillaboom|atk|1
|-unboost|p1b: Dragonite|atk|1
|move|p2a: Volcarona|Protect|p2a: Volcarona
|-singleturn|p2a: Volcarona|Protect
|move|p1a: Rillaboom|Fake Out|p2b: Gyarados
|-damage|p2b: Gyarados|93/100
|move|p1b: Dragonite|Extreme Speed|p2a: Volcarona
|-activate|p2a: Volcarona|move: Protect
|
|-heal|p2a: Volcarona|84/100|[from] Grassy Terrain
|upkeep
|turn|6
|
|t:|1756172097
|switch|p2b: Indeedee|Indeedee, L50, M|100/100
|-fieldstart|move: Psychic Terrain|[from] ability: Psychic Surge|[of] p2b: Indeedee
|move|p2a: Volcarona|Heat Wave|p1a: Rillaboom|[spread] p1a,p1b
|-supereffective|p1a: Rillaboom
|-resisted|p1b: Dragonite
|-damage|p1a: Rillaboom|23/100
|-damage|p1b: Dragonite|53/100
|-damage|p2a: Volcarona|75/100|[from] item: Life Orb
|move|p1b: Dragonite|Scale Shot|p2b: Indeedee
|-damage|p2b: Indeedee|81/100
|-damage|p2b: Indeedee|59/100
|-damage|p2b: Indeedee|38/100
|-damage|p2b: Indeedee|18/100
|-hitcount|p2b: Indeedee|4
|-unboost|p1b: Dragonite|def|1
|-boost|p1b: Dragonite|spe|1
|move|p1a: Rillaboom|Wood Hammer|p2a: Volcarona
|-damage|p2a: Volcarona|26/100
|-damage|p1a: Rillaboom|8/100|[from] Recoil
|
|upkeep
|turn|7
|
|t:|1756172138
|switch|p2a: Gyarados|Gyarados, L50, M|93/100
|-ability|p2a: Gyarados|Intimidate|boost
|-unboost|p1a: Rillaboom|atk|1
|-unboost|p1b: Dragonite|atk|1
|move|p2b: Indeedee|Expanding Force|p1b: Dragonite|[spread] p1a,p1b
|-damage|p1a: Rillaboom|0 fnt
|-damage|p1b: Dragonite|0 fnt
|faint|p1a: Rillaboom
|faint|p1b: Dragonite
|
|win|Zurneus
||Zester is ready for game 2.
||Zurneus is ready for game 2.
|uhtml|next|Next: Game 2 of 3
|l|☆Zester
|player|p1|
