|j|☆YoshiForLife
|j|☆Daizia
|html|YoshiForLifeDaizia    
|uhtml|bestof|Game 1 of a best-of-3
|t:|1782438785
|gametype|doubles
|player|p1|YoshiForLife|lance|
|player|p2|Daizia|101|
|gen|9
|tier|[Gen 9 Champions] VGC 2026 Reg M-B (Bo3)
|rule|Species Clause: Limit one of each Pokémon
|rule|Item Clause: Limit 1 of each item
|clearpoke
|poke|p1|Rotom-Heat, L50|
|poke|p1|Sceptile, L50, F|
|poke|p1|Mamoswine, L50, F|
|poke|p1|Glimmora, L50, F|
|poke|p1|Whimsicott, L50, F|
|poke|p1|Dragapult, L50, F|
|poke|p2|Charizard, L50, M|
|poke|p2|Garchomp, L50, F|
|poke|p2|Kingambit, L50, M|
|poke|p2|Basculegion, L50, M|
|poke|p2|Aerodactyl, L50, F|
|poke|p2|Sylveon, L50, M|
|teampreview|4
|showteam|p1|Rotom-Heat||ChoiceScarf|Levitate|Overheat,Thunderbolt,Discharge,VoltSwitch|Timid|||||50|]Sceptile||Sceptilite|Unburden|GrassKnot,DragonPulse,EarthPower,Detect|Timid||F|||50|]Mamoswine||NeverMeltIce|ThickFat|IceShard,IcicleCrash,Earthquake,Protect|Adamant||F|||50|]Glimmora||Glimmoranite|ToxicDebris|EarthPower,PowerGem,SludgeBomb,SpikyShield|Modest||F|||50|]Whimsicott||FocusSash|Prankster|HelpingHand,Moonblast,Tailwind,Protect|Timid||F|||50|]Dragapult||LifeOrb|Infiltrator|DragonClaw,SuckerPunch,PsychicFangs,PhantomForce|Serious||F|||50|
|showteam|p2|Charizard||CharizarditeY|Blaze|Protect,HeatWave,SolarBeam,WeatherBall|Modest||M|||50|]Garchomp||ChoiceScarf|RoughSkin|Earthquake,DragonClaw,RockSlide,StompingTantrum|Jolly||F|||50|]Kingambit||ChopleBerry|Defiant|SuckerPunch,KowtowCleave,IronHead,LowKick|Adamant||M|||50|]Basculegion||FocusSash|Adaptability|LastRespects,AquaJet,Liquidation,Protect|Jolly||M|||50|]Aerodactyl||Aerodactylite|Unnerve|RockSlide,Tailwind,Protect,DualWingbeat|Jolly||F|||50|]Sylveon||FairyFeather|Pixilate|HyperVoice,QuickAttack,Detect,Yawn|Modest||M|||50|
|
|t:|1782438813
|teamsize|p1|4
|teamsize|p2|4
|start
|switch|p1a: Rotom|Rotom-Heat, L50|100/100
|switch|p1b: Sceptile|Sceptile, L50, F|100/100
|switch|p2a: CinCity|Charizard, L50, M|100/100
|switch|p2b: Gam Dada|Kingambit, L50, M|100/100
|turn|1
|
|t:|1782438830
|detailschange|p1b: Sceptile|Sceptile-Mega, L50, F
|-mega|p1b: Sceptile|Sceptile|Sceptilite
|detailschange|p2a: CinCity|Charizard-Mega-Y, L50, M
|-mega|p2a: CinCity|Charizard|Charizardite Y
|-weather|SunnyDay|[from] ability: Drought|[of] p2a: CinCity
|move|p2b: Gam Dada|Sucker Punch|p1b: Sceptile
|-damage|p1b: Sceptile|36/100
|move|p1a: Rotom|Discharge|p2a: CinCity|[spread] p2a,p2b
|-ability|p1b: Sceptile|Lightning Rod|boost
|-boost|p1b: Sceptile|spa|1
|-supereffective|p2a: CinCity|1
|-damage|p2a: CinCity|43/100
|-damage|p2b: Gam Dada|73/100
|-status|p2b: Gam Dada|par
|move|p1b: Sceptile|Dragon Pulse|p2a: CinCity
|-damage|p2a: CinCity|0 fnt
|faint|p2a: CinCity
|
|-weather|SunnyDay|[upkeep]
|upkeep
|
|t:|1782438854
|switch|p2a: Gartholomew|Garchomp, L50, F|100/100
|turn|2
|
|t:|1782438893
|switch|p1a: Mamoswine|Mamoswine, L50, F|100/100
|move|p2b: Gam Dada|Sucker Punch||[still]
|-fail|p2b: Gam Dada
|move|p2a: Gartholomew|Dragon Claw|p1b: Sceptile
|-supereffective|p1b: Sceptile|1
|-damage|p1b: Sceptile|0 fnt
|faint|p1b: Sceptile
|
|-weather|SunnyDay|[upkeep]
|upkeep
|
|t:|1782438907
|switch|p1b: Rotom|Rotom-Heat, L50|100/100
|turn|3
|
|t:|1782438924
|switch|p2a: FoeNotFood|Basculegion, L50, M|100/100
|move|p1a: Mamoswine|Ice Shard|p2a: FoeNotFood
|-resisted|p2a: FoeNotFood|1
|-damage|p2a: FoeNotFood|83/100
|move|p1b: Rotom|Overheat|p2b: Gam Dada
|-supereffective|p2b: Gam Dada|1
|-damage|p2b: Gam Dada|0 fnt
|-unboost|p1b: Rotom|spa|2
|faint|p2b: Gam Dada
|
|-weather|SunnyDay|[upkeep]
|upkeep
|
|t:|1782438934
|switch|p2b: Gartholomew|Garchomp, L50, F|100/100
|turn|4
|
|t:|1782438952
|switch|p1b: Dragapult|Dragapult, L50, F|100/100
|move|p2a: FoeNotFood|Aqua Jet|p1a: Mamoswine
|-supereffective|p1a: Mamoswine|1
|-damage|p1a: Mamoswine|72/100
|move|p1a: Mamoswine|Ice Shard|p2b: Gartholomew
|-supereffective|p2b: Gartholomew|2
|-damage|p2b: Gartholomew|0 fnt
|faint|p2b: Gartholomew
|
|-weather|SunnyDay|[upkeep]
|upkeep
|turn|5
|
|t:|1782438965
|move|p1b: Dragapult|Sucker Punch|p2a: FoeNotFood
|-supereffective|p2a: FoeNotFood|1
|-damage|p2a: FoeNotFood|6/100
|-damage|p1b: Dragapult|90/100|[from] item: Life Orb
|move|p2a: FoeNotFood|Aqua Jet|p1a: Mamoswine
|-supereffective|p1a: Mamoswine|1
|-damage|p1a: Mamoswine|44/100
|move|p1a: Mamoswine|Ice Shard|p2a: FoeNotFood
|-resisted|p2a: FoeNotFood|1
|-damage|p2a: FoeNotFood|0 fnt
|faint|p2a: FoeNotFood
|
|win|YoshiForLife
||Daizia is ready for game 2.
|inactive|YoshiForLife has 30 seconds to confirm battle start!
