|j|☆dabby-lite
|j|☆FrancoilCieco777
|html|dabby-liteFrancoilCieco777    
|uhtml|bestof|Game 1 of a best-of-3
|t:|1756227721
|gametype|doubles
|player|p1|dabby-lite|drayden|1170
|player|p2|FrancoilCieco777|baker|1052
|gen|9
|tier|[Gen 9] VGC 2025 Reg H (Bo3)
|rated|
|rule|Species Clause: Limit one of each Pokémon
|rule|Item Clause: Limit 1 of each item
|clearpoke
|poke|p1|Basculegion-F, L50, F|
|poke|p1|Politoed, L50, M|
|poke|p1|Gothitelle, L50, M|
|poke|p1|Incineroar, L50, F|
|poke|p1|Amoonguss, L50, F|
|poke|p1|Archaludon, L50, M|
|poke|p2|Arcanine, L50, M|
|poke|p2|Haxorus, L50, M|
|poke|p2|Sneasler, L50, F|
|poke|p2|Samurott-Hisui, L50, F|
|poke|p2|Gholdengo, L50|
|poke|p2|Amoonguss, L50, M|
|teampreview|4
|showteam|p1|Basculegion-F||LifeOrb|SwiftSwim|Protect,MuddyWater,ShadowBall,IceBeam|||F|||50|,,,,,Stellar]Politoed||Leftovers|Drizzle|Protect,WeatherBall,Encore,PerishSong|||M|||50|,,,,,Grass]Gothitelle||SitrusBerry|ShadowTag|Protect,Psychic,TrickRoom,FakeOut|||M|||50|,,,,,Dark]Incineroar||SafetyGoggles|Intimidate|Protect,KnockOff,PartingShot,FakeOut|||F|||50|,,,,,Ghost]Amoonguss||EjectButton|Regenerator|Protect,PollenPuff,RagePowder,Spore|||F|||50|,,,,,Fairy]Archaludon||PowerHerb|Sturdy|Protect,ElectroShot,FlashCannon,DragonPulse|||M|||50|,,,,,Electric
|showteam|p2|Arcanine||MirrorHerb|Intimidate|ExtremeSpeed,FlareBlitz,Protect,WillOWisp|||M|||50|,,,,,Normal]Haxorus||ClearAmulet|MoldBreaker|DragonClaw,FirstImpression,IronHead,Protect|||M|||50|,,,,,Steel]Sneasler||FocusSash|Pressure|FakeOut,CloseCombat,DireClaw,Coaching|||F|||50|,,,,,Ghost]Samurott-Hisui||AssaultVest|Sharpness|AquaCutter,SacredSword,NightSlash,SuckerPunch|||F|||50|,,,,,Ghost]Gholdengo||ChoiceScarf|GoodasGold|MakeItRain,ShadowBall,Trick,Protect||||||50|,,,,,Steel]Amoonguss||CovertCloak|Regenerator|Spore,RagePowder,ClearSmog,Protect|||M|||50|,,,,,Electric
|inactive|Battle timer is ON: inactive players will automatically lose when time's up. (requested by FrancoilCieco777)
|inactive|dabby-lite also wants the timer to be on.
|inactive|dabby-lite has 60 seconds left.
|inactive|FrancoilCieco777 has 60 seconds left.
|inactive|FrancoilCieco777 has 30 seconds left.
|inactive|FrancoilCieco777 has 20 seconds left.
|inactive|FrancoilCieco777 has 15 seconds left.
|inactive|FrancoilCieco777 has 10 seconds left.
|
|t:|1756227803
|teamsize|p1|4
|teamsize|p2|4
|start
|switch|p1a: Basculegion|Basculegion-F, L50, F|100/100
|switch|p1b: Incineroar|Incineroar, L50, F|100/100
|switch|p2a: Gholdengo|Gholdengo, L50|100/100
|switch|p2b: Haxorus|Haxorus, L50, M|100/100
|-ability|p2b: Haxorus|Mold Breaker
|-ability|p1b: Incineroar|Intimidate|boost
|-unboost|p2a: Gholdengo|atk|1
|-fail|p2b: Haxorus|unboost|[from] item: Clear Amulet|[of] p2b: Haxorus
|turn|1
|inactive|dabby-lite has 30 seconds left.
|
|t:|1756227837
|-terastallize|p2a: Gholdengo|Steel
|move|p1a: Basculegion|Protect|p1a: Basculegion
|-singleturn|p1a: Basculegion|Protect
|move|p2a: Gholdengo|Shadow Ball|p1a: Basculegion
|-activate|p1a: Basculegion|move: Protect
|move|p2b: Haxorus|Dragon Claw|p1b: Incineroar
|-damage|p1b: Incineroar|57/100
|move|p1b: Incineroar|Knock Off|p2a: Gholdengo
|-damage|p2a: Gholdengo|56/100
|-enditem|p2a: Gholdengo|Choice Scarf|[from] move: Knock Off|[of] p1b: Incineroar
|
|upkeep
|turn|2
|
|t:|1756227853
|switch|p2a: Samurott|Samurott-Hisui, L50, F|100/100
|switch|p1a: Amoonguss|Amoonguss, L50, F|100/100
|move|p2b: Haxorus|Dragon Claw|p1a: Amoonguss
|-damage|p1a: Amoonguss|62/100
|-enditem|p1a: Amoonguss|Eject Button
|
|t:|1756227862
|switch|p1a: Archaludon|Archaludon, L50, M|100/100
|move|p1b: Incineroar|Knock Off|p2b: Haxorus
|-damage|p2b: Haxorus|60/100
|-enditem|p2b: Haxorus|Clear Amulet|[from] move: Knock Off|[of] p1b: Incineroar
|
|upkeep
|turn|3
|
|t:|1756227871
|move|p1a: Archaludon|Electro Shot||[still]
|-prepare|p1a: Archaludon|Electro Shot
|-boost|p1a: Archaludon|spa|1
|-enditem|p1a: Archaludon|Power Herb
|-anim|p1a: Archaludon|Electro Shot|p2a: Samurott
|-supereffective|p2a: Samurott
|-damage|p2a: Samurott|0 fnt
|faint|p2a: Samurott
|move|p2b: Haxorus|Dragon Claw|p1a: Archaludon
|-damage|p1a: Archaludon|62/100
|move|p1b: Incineroar|Parting Shot|p2b: Haxorus
|-unboost|p2b: Haxorus|atk|1
|-unboost|p2b: Haxorus|spa|1
|
|t:|1756227882
|switch|p1b: Amoonguss|Amoonguss, L50, F|95/100|[from] Parting Shot
|
|upkeep
|
|t:|1756227885
|switch|p2a: Sneasler|Sneasler, L50, F|100/100
|-ability|p2a: Sneasler|Pressure
|turn|4
|
|t:|1756227896
|switch|p2b: Gholdengo|Gholdengo, L50, tera:Steel|56/100
|move|p1a: Archaludon|Protect|p1a: Archaludon
|-singleturn|p1a: Archaludon|Protect
|move|p2a: Sneasler|Fake Out|p1b: Amoonguss
|-damage|p1b: Amoonguss|83/100
|cant|p1b: Amoonguss|flinch
|
|upkeep
|turn|5
|
|t:|1756227917
|move|p1b: Amoonguss|Rage Powder|p1b: Amoonguss
|-singleturn|p1b: Amoonguss|move: Rage Powder
|move|p2a: Sneasler|Dire Claw|p1b: Amoonguss
|-damage|p1b: Amoonguss|49/100
|move|p1a: Archaludon|Dragon Pulse|p2a: Sneasler
|-damage|p2a: Sneasler|3/100
|move|p2b: Gholdengo|Make It Rain|p1a: Archaludon|[spread] p1a,p1b
|-resisted|p1a: Archaludon
|-damage|p1a: Archaludon|14/100
|-damage|p1b: Amoonguss|0 fnt
|-unboost|p2b: Gholdengo|spa|1
|faint|p1b: Amoonguss
|
|upkeep
|
|t:|1756227927
|switch|p1b: Incineroar|Incineroar, L50, F|57/100
|-ability|p1b: Incineroar|Intimidate|boost
|-unboost|p2a: Sneasler|atk|1
|-unboost|p2b: Gholdengo|atk|1
|turn|6
|
|t:|1756227942
|switch|p2a: Haxorus|Haxorus, L50, M|60/100
|-ability|p2a: Haxorus|Mold Breaker
|move|p2b: Gholdengo|Protect|p2b: Gholdengo
|-singleturn|p2b: Gholdengo|Protect
|move|p1b: Incineroar|Fake Out|p2a: Haxorus
|-damage|p2a: Haxorus|47/100
|move|p1a: Archaludon|Dragon Pulse|p2b: Gholdengo
|-activate|p2b: Gholdengo|move: Protect
|
|upkeep
|turn|7
|
|t:|1756227958
|move|p1a: Archaludon|Protect|p1a: Archaludon
|-singleturn|p1a: Archaludon|Protect
|move|p2a: Haxorus|Dragon Claw|p1a: Archaludon
|-activate|p1a: Archaludon|move: Protect
|move|p2b: Gholdengo|Trick|p1b: Incineroar
|-activate|p2b: Gholdengo|move: Trick|[of] p1b: Incineroar
|-enditem|p1b: Incineroar|Safety Goggles|[silent]|[from] move: Trick
|-item|p2b: Gholdengo|Safety Goggles|[from] move: Trick
|move|p1b: Incineroar|Parting Shot|p2a: Haxorus
|-unboost|p2a: Haxorus|atk|1
|-unboost|p2a: Haxorus|spa|1
|
|t:|1756227968
|switch|p1b: Basculegion|Basculegion-F, L50, F|100/100|[from] Parting Shot
|
|upkeep
|turn|8
|
|t:|1756227977
|move|p1a: Archaludon|Dragon Pulse|p2a: Haxorus
|-supereffective|p2a: Haxorus
|-damage|p2a: Haxorus|0 fnt
|faint|p2a: Haxorus
|move|p2b: Gholdengo|Make It Rain|p1b: Basculegion|[spread] p1a,p1b
|-resisted|p1a: Archaludon
|-resisted|p1b: Basculegion
|-damage|p1a: Archaludon|0 fnt
|-damage|p1b: Basculegion|75/100
|-unboost|p2b: Gholdengo|spa|1
|faint|p1a: Archaludon
|move|p1b: Basculegion|Muddy Water|p2b: Gholdengo
|-damage|p2b: Gholdengo|0 fnt
|faint|p2b: Gholdengo
|-damage|p1b: Basculegion|65/100|[from] item: Life Orb
|
|upkeep
|-message|FrancoilCieco777 forfeited.
|
|win|dabby-lite
