|j|☆GoPlayCatch
|j|☆lettitripppp
|html|GoPlayCatchlettitripppp    
|uhtml|bestof|Game 1 of a best-of-3
|t:|1784839936
|gametype|doubles
|player|p1|GoPlayCatch|2|1225
|player|p2|lettitripppp|lucas|1212
|gen|9
|tier|[Gen 9 Champions] VGC 2026 Reg M-B (Bo3)
|rated|
|rule|Species Clause: Limit one of each Pokémon
|rule|Item Clause: Limit 1 of each item
|clearpoke
|poke|p1|Pinsir, L50, M|
|poke|p1|Mamoswine, L50, M|
|poke|p1|Hydreigon, L50, F|
|poke|p1|Aegislash, L50, M|
|poke|p1|Meowstic-F, L50, F|
|poke|p1|Azumarill, L50, M|
|poke|p2|Charizard, L50, M, shiny|
|poke|p2|Basculegion, L50, M, shiny|
|poke|p2|Pelipper, L50, M|
|poke|p2|Venusaur, L50, M|
|poke|p2|Archaludon, L50, F|
|poke|p2|Grimmsnarl, L50, M, shiny|
|teampreview|4
|showteam|p1|Pinsir||Pinsirite|HyperCutter|Detect,BodySlam,Feint,StormThrow|Jolly||M|||50|]Mamoswine||LifeOrb|Oblivious|IceShard,Earthquake,IcicleCrash,Protect|Jolly||M|||50|]Hydreigon||FocusSash|Levitate|DarkPulse,DracoMeteor,Tailwind,Protect|Timid||F|||50|]Aegislash||OccaBerry|StanceChange|WideGuard,FlashCannon,ShadowBall,KingsShield|Modest||M|||50|]Meowstic-F||Meowsticite|Competitive|FakeOut,Psychic,Thunderbolt,Protect|Timid||F|||50|]Azumarill||MysticWater|HugePower|AquaJet,PlayRough,Liquidation,Protect|Adamant||M|||50|
|showteam|p2|Charizard||CharizarditeY|Blaze|WeatherBall,SolarBeam,HeatWave,Protect|Modest||M|||50|]Basculegion||ChoiceScarf|Adaptability|LastRespects,WaveCrash,FlipTurn,AquaJet|Jolly||M|||50|]Pelipper||SitrusBerry|Drizzle|WeatherBall,WideGuard,Hurricane,Tailwind|Modest||M|||50|]Venusaur||FocusSash|Chlorophyll|SleepPowder,SludgeBomb,EarthPower,Protect|Modest||M|||50|]Archaludon||Leftovers|Stamina|FlashCannon,DragonPulse,ElectroShot,Protect|Calm||F|||50|]Grimmsnarl||LightClay|Prankster|PartingShot,LightScreen,SpiritBreak,Reflect|Relaxed||M|||50|
|inactive|Battle timer is ON: inactive players will automatically lose when time's up. (requested by lettitripppp)
|j| 8bitbidoof
|l| 8bitbidoof
|inactive|GoPlayCatch has 60 seconds left.
|inactive|lettitripppp has 60 seconds left.
|
|t:|1784839989
|teamsize|p1|4
|teamsize|p2|4
|start
|switch|p1a: Hydreigon|Hydreigon, L50, F|100/100
|switch|p1b: Meowstic|Meowstic-F, L50, F|100/100
|switch|p2a: AGNI|Charizard, L50, M, shiny|100/100
|switch|p2b: SOFT-SLEEP|Venusaur, L50, M|100/100
|turn|1
|inactive|GoPlayCatch has 30 seconds left.
|
|t:|1784840018
|detailschange|p2a: AGNI|Charizard-Mega-Y, L50, M, shiny
|-mega|p2a: AGNI|Charizard|Charizardite Y
|-weather|SunnyDay|[from] ability: Drought|[of] p2a: AGNI
|move|p1b: Meowstic|Fake Out|p2b: SOFT-SLEEP
|-damage|p2b: SOFT-SLEEP|92/100
|cant|p2b: SOFT-SLEEP|flinch
|move|p1a: Hydreigon|Tailwind|p1a: Hydreigon
|-sidestart|p1: GoPlayCatch|move: Tailwind
|move|p2a: AGNI|Weather Ball|p1b: Meowstic
|-damage|p1b: Meowstic|0 fnt
|faint|p1b: Meowstic
|
|-weather|SunnyDay|[upkeep]
|upkeep
|
|t:|1784840031
|switch|p1b: Pinsir|Pinsir, L50, M|100/100
|turn|2
|
|t:|1784840043
|detailschange|p1b: Pinsir|Pinsir-Mega, L50, M
|-mega|p1b: Pinsir|Pinsir|Pinsirite
|move|p1b: Pinsir|Feint|p2a: AGNI
|-damage|p2a: AGNI|78/100
|move|p1a: Hydreigon|Draco Meteor|p2a: AGNI
|-damage|p2a: AGNI|18/100
|-unboost|p1a: Hydreigon|spa|2
|move|p2b: SOFT-SLEEP|Sleep Powder|p1a: Hydreigon
|-status|p1a: Hydreigon|slp|[from] move: Sleep Powder
|move|p2a: AGNI|Heat Wave|p1b: Pinsir|[spread] p1a,p1b
|-resisted|p1a: Hydreigon|1
|-supereffective|p1b: Pinsir|1
|-damage|p1a: Hydreigon|66/100 slp
|-damage|p1b: Pinsir|0 fnt
|faint|p1b: Pinsir
|
|-weather|SunnyDay|[upkeep]
|upkeep
|
|t:|1784840058
|switch|p1b: Mamoswine|Mamoswine, L50, M|100/100
|turn|3
|
|t:|1784840067
|switch|p2a: GO JOHAN|Grimmsnarl, L50, M, shiny|100/100
|move|p1b: Mamoswine|Protect|p1b: Mamoswine
|-singleturn|p1b: Mamoswine|Protect
|move|p2b: SOFT-SLEEP|Protect|p2b: SOFT-SLEEP
|-singleturn|p2b: SOFT-SLEEP|Protect
|cant|p1a: Hydreigon|slp
|
|-weather|SunnyDay|[upkeep]
|upkeep
|turn|4
|
|t:|1784840081
|move|p2a: GO JOHAN|Reflect|p2a: GO JOHAN
|-sidestart|p2: lettitripppp|Reflect
|-curestatus|p1a: Hydreigon|slp|[msg]
|move|p1a: Hydreigon|Dark Pulse|p2b: SOFT-SLEEP
|-damage|p2b: SOFT-SLEEP|69/100
|move|p1b: Mamoswine|Icicle Crash|p2b: SOFT-SLEEP
|-supereffective|p2b: SOFT-SLEEP|1
|-damage|p2b: SOFT-SLEEP|0 fnt
|faint|p2b: SOFT-SLEEP
|-damage|p1b: Mamoswine|90/100|[from] item: Life Orb
|
|-weather|SunnyDay|[upkeep]
|-sideend|p1: GoPlayCatch|move: Tailwind
|upkeep
|
|t:|1784840093
|switch|p2b: GHOSTWAVE|Basculegion, L50, M, shiny|100/100
|turn|5
|
|t:|1784840106
|move|p1b: Mamoswine|Protect|p1b: Mamoswine
|-singleturn|p1b: Mamoswine|Protect
|move|p2b: GHOSTWAVE|Flip Turn|p2a: GO JOHAN
|-damage|p2a: GO JOHAN|88/100
|
|t:|1784840111
|switch|p2b: AGNI|Charizard-Mega-Y, L50, M, shiny|18/100|[from] Flip Turn
|move|p1a: Hydreigon|Tailwind|p1a: Hydreigon
|-sidestart|p1: GoPlayCatch|move: Tailwind
|move|p2a: GO JOHAN|Spirit Break|p1a: Hydreigon
|-supereffective|p1a: Hydreigon|2
|-damage|p1a: Hydreigon|0 fnt
|faint|p1a: Hydreigon
|
|-weather|none
|upkeep
|turn|6
|
|t:|1784840123
|move|p1b: Mamoswine|Ice Shard|p2b: AGNI
|-damage|p2b: AGNI|0 fnt
|faint|p2b: AGNI
|-damage|p1b: Mamoswine|80/100|[from] item: Life Orb
|move|p2a: GO JOHAN|Parting Shot|p1b: Mamoswine
|-unboost|p1b: Mamoswine|atk|1
|-unboost|p1b: Mamoswine|spa|1
|
|t:|1784840127
|switch|p2a: GHOSTWAVE|Basculegion, L50, M, shiny|100/100|[from] Parting Shot
|
|upkeep
|
|t:|1784840129
|switch|p2b: GO JOHAN|Grimmsnarl, L50, M, shiny|88/100
|turn|7
|
|t:|1784840137
|move|p2b: GO JOHAN|Parting Shot|p1b: Mamoswine
|-unboost|p1b: Mamoswine|atk|1
|-unboost|p1b: Mamoswine|spa|1
|move|p1b: Mamoswine|Earthquake|p2b: GO JOHAN|[spread] p2a,p2b
|-damage|p2a: GHOSTWAVE|76/100
|-damage|p2b: GO JOHAN|72/100
|-damage|p1b: Mamoswine|71/100|[from] item: Life Orb
|move|p2a: GHOSTWAVE|Wave Crash|p1b: Mamoswine
|-supereffective|p1b: Mamoswine|1
|-damage|p1b: Mamoswine|0 fnt
|faint|p1b: Mamoswine
|-damage|p2a: GHOSTWAVE|53/100|[from] Recoil
|
|win|lettitripppp
||GoPlayCatch is ready for game 2.
