|j|☆pressinblades
|j|☆Sukzre
|html|pressinbladesSukzre    
|uhtml|bestof|Game 1 of a best-of-3
|t:|1782331346
|gametype|doubles
|player|p1|pressinblades|steven|1160
|player|p2|Sukzre|101|1116
|gen|9
|tier|[Gen 9 Champions] VGC 2026 Reg M-B (Bo3)
|rated|
|rule|Species Clause: Limit one of each Pokémon
|rule|Item Clause: Limit 1 of each item
|clearpoke
|poke|p1|Talonflame, L50, F, shiny|
|poke|p1|Garchomp, L50, F, shiny|
|poke|p1|Maushold, L50|
|poke|p1|Gardevoir, L50, M, shiny|
|poke|p1|Pyroar, L50, M|
|poke|p1|Torkoal, L50, M|
|poke|p2|Tyranitar, L50, F|
|poke|p2|Sinistcha, L50|
|poke|p2|Rotom-Wash, L50|
|poke|p2|Excadrill, L50, M|
|poke|p2|Sneasler, L50, M|
|poke|p2|Clefable, L50, M|
|teampreview|4
|showteam|p1|Talonflame||FocusSash|GaleWings|Protect,DualWingbeat,Tailwind,Overheat|Naive||F|||50|]Garchomp||LifeOrb|RoughSkin|Protect,RockSlide,StompingTantrum,DragonClaw|Adamant||F|||50|]Maushold||WideLens|FriendGuard|Protect,SuperFang,PopulationBomb,FollowMe|Adamant|||||50|]Gardevoir||Gardevoirite|Telepathy|Protect,TrickRoom,HyperVoice,Psychic|Modest||M|||50|]Pyroar||Pyroarite|Unnerve|Protect,HeatWave,Overheat,WildCharge|Naive||M|||50|]Torkoal||Charcoal|Drought|Protect,Overheat,HeatWave,EarthPower|Quiet||M|||50|
|showteam|p2|Tyranitar||Tyranitarite|SandStream|RockSlide,KnockOff,Protect,DragonDance|Adamant||F|||50|]Sinistcha||ColburBerry|Hospitality|TrickRoom,MatchaGotcha,Protect,RagePowder|Bold|||||50|]Rotom-Wash||SitrusBerry|Levitate|WillOWisp,Thunderbolt,Protect,HydroPump|Bold|||||50|]Excadrill||LifeOrb|SandRush|Earthquake,Protect,IronHead,RockSlide|Adamant||M|||50|]Sneasler||WhiteHerb|Unburden|DireClaw,Coaching,CloseCombat,FakeOut|Jolly||M|||50|]Clefable||Leftovers|Unaware|Protect,AlluringVoice,FollowMe,Moonlight|Bold||M|||50|
|inactive|Battle timer is ON: inactive players will automatically lose when time's up. (requested by Sukzre)
|
|t:|1782331386
|teamsize|p1|4
|teamsize|p2|4
|start
|switch|p1a: Talonflame|Talonflame, L50, F, shiny|100/100
|switch|p1b: Garchomp|Garchomp, L50, F, shiny|100/100
|switch|p2a: Rotom|Rotom-Wash, L50|100/100
|switch|p2b: Excadrill|Excadrill, L50, M|100/100
|turn|1
|
|t:|1782331410
|move|p1a: Talonflame|Protect|p1a: Talonflame
|-singleturn|p1a: Talonflame|Protect
|move|p1b: Garchomp|Protect|p1b: Garchomp
|-singleturn|p1b: Garchomp|Protect
|move|p2b: Excadrill|Protect|p2b: Excadrill
|-singleturn|p2b: Excadrill|Protect
|move|p2a: Rotom|Will-O-Wisp|p1b: Garchomp
|-activate|p1b: Garchomp|move: Protect
|
|upkeep
|turn|2
|inactive|Sukzre has 30 seconds left.
|
|t:|1782331436
|switch|p1b: Torkoal|Torkoal, L50, M|100/100
|-weather|SunnyDay|[from] ability: Drought|[of] p1b: Torkoal
|switch|p2b: Tyranitar|Tyranitar, L50, F|100/100
|-weather|Sandstorm|[from] ability: Sand Stream|[of] p2b: Tyranitar
|move|p1a: Talonflame|Overheat|p2b: Tyranitar
|-resisted|p2b: Tyranitar|1
|-damage|p2b: Tyranitar|88/100
|-unboost|p1a: Talonflame|spa|2
|move|p2a: Rotom|Will-O-Wisp|p1b: Torkoal
|-immune|p1b: Torkoal
|
|-weather|Sandstorm|[upkeep]
|-damage|p1a: Talonflame|94/100|[from] Sandstorm
|-damage|p2a: Rotom|94/100|[from] Sandstorm
|-damage|p1b: Torkoal|93/100|[from] Sandstorm
|upkeep
|turn|3
|inactive|pressinblades has 30 seconds left.
|inactive|Sukzre has 30 seconds left.
|inactive|pressinblades has 20 seconds left.
|inactive|pressinblades has 15 seconds left.
|inactive|pressinblades has 10 seconds left.
|
|t:|1782331483
|detailschange|p2b: Tyranitar|Tyranitar-Mega, L50, F
|-mega|p2b: Tyranitar|Tyranitar|Tyranitarite
|move|p1a: Talonflame|Tailwind|p1a: Talonflame
|-sidestart|p1: pressinblades|move: Tailwind
|move|p2b: Tyranitar|Rock Slide|p1b: Torkoal|[spread] p1a
|-miss|p2b: Tyranitar|p1b: Torkoal
|-supereffective|p1a: Talonflame|2
|-damage|p1a: Talonflame|0 fnt
|faint|p1a: Talonflame
|move|p2a: Rotom|Hydro Pump|p1b: Torkoal
|-supereffective|p1b: Torkoal|1
|-damage|p1b: Torkoal|4/100
|move|p1b: Torkoal|Earth Power|p2b: Tyranitar
|-supereffective|p2b: Tyranitar|1
|-crit|p2b: Tyranitar
|-damage|p2b: Tyranitar|54/100
|
|-weather|Sandstorm|[upkeep]
|-damage|p2a: Rotom|88/100|[from] Sandstorm
|-damage|p1b: Torkoal|0 fnt|[from] Sandstorm
|faint|p1b: Torkoal
|upkeep
|
|t:|1782331500
|switch|p1a: Pyroar|Pyroar, L50, M|100/100
|switch|p1b: Garchomp|Garchomp, L50, F, shiny|100/100
|-ability|p1a: Pyroar|Unnerve
|turn|4
|
|t:|1782331510
|detailschange|p1a: Pyroar|Pyroar-Mega, L50, M
|-mega|p1a: Pyroar|Pyroar|Pyroarite
|move|p2b: Tyranitar|Protect|p2b: Tyranitar
|-singleturn|p2b: Tyranitar|Protect
|move|p1a: Pyroar|Heat Wave|p2b: Tyranitar|[spread] p2a
|-activate|p2b: Tyranitar|move: Protect
|-resisted|p2a: Rotom|1
|-damage|p2a: Rotom|59/100
|-status|p2a: Rotom|brn
|move|p1b: Garchomp|Dragon Claw|p2a: Rotom
|-damage|p2a: Rotom|10/100 brn
|-enditem|p2a: Rotom|Sitrus Berry|[eat]
|-heal|p2a: Rotom|35/100 brn|[from] item: Sitrus Berry
|-damage|p1b: Garchomp|90/100|[from] item: Life Orb
|move|p2a: Rotom|Will-O-Wisp|p1b: Garchomp
|-status|p1b: Garchomp|brn
|
|-weather|Sandstorm|[upkeep]
|-damage|p1a: Pyroar|93/100|[from] Sandstorm
|-damage|p2a: Rotom|29/100 brn|[from] Sandstorm
|-damage|p1b: Garchomp|84/100 brn|[from] brn
|-damage|p2a: Rotom|23/100 brn|[from] brn
|upkeep
|turn|5
|inactive|pressinblades has 30 seconds left.
|inactive|Sukzre has 30 seconds left.
|
|t:|1782331543
|move|p1a: Pyroar|Protect|p1a: Pyroar
|-singleturn|p1a: Pyroar|Protect
|move|p1b: Garchomp|Stomping Tantrum|p2b: Tyranitar
|-supereffective|p2b: Tyranitar|1
|-damage|p2b: Tyranitar|21/100
|-damage|p1b: Garchomp|74/100 brn|[from] item: Life Orb
|move|p2b: Tyranitar|Knock Off|p1b: Garchomp
|-damage|p1b: Garchomp|9/100 brn
|-damage|p2b: Tyranitar|9/100|[from] ability: Rough Skin|[of] p1b: Garchomp
|-enditem|p1b: Garchomp|Life Orb|[from] move: Knock Off|[of] p2b: Tyranitar
|move|p2a: Rotom|Hydro Pump|p1a: Pyroar
|-activate|p1a: Pyroar|move: Protect
|
|-weather|Sandstorm|[upkeep]
|-damage|p1a: Pyroar|87/100|[from] Sandstorm
|-damage|p2a: Rotom|17/100 brn|[from] Sandstorm
|-damage|p1b: Garchomp|3/100 brn|[from] brn
|-damage|p2a: Rotom|12/100 brn|[from] brn
|upkeep
|turn|6
|
|t:|1782331563
|move|p2b: Tyranitar|Protect|p2b: Tyranitar
|-singleturn|p2b: Tyranitar|Protect
|move|p2a: Rotom|Protect|p2a: Rotom
|-singleturn|p2a: Rotom|Protect
|move|p1a: Pyroar|Heat Wave|p2b: Tyranitar|[spread] 
|-activate|p2a: Rotom|move: Protect
|-activate|p2b: Tyranitar|move: Protect
|move|p1b: Garchomp|Stomping Tantrum|p2a: Rotom
|-activate|p2a: Rotom|move: Protect
|
|-weather|none
|-damage|p1b: Garchomp|0 fnt|[from] brn
|faint|p1b: Garchomp
|-damage|p2a: Rotom|6/100 brn|[from] brn
|-sideend|p1: pressinblades|move: Tailwind
|upkeep
|turn|7
|
|t:|1782331583
|switch|p2b: Sneasler|Sneasler, L50, M|100/100
|move|p1a: Pyroar|Heat Wave|p2b: Sneasler|[spread] p2a,p2b
|-resisted|p2a: Rotom|1
|-damage|p2a: Rotom|0 fnt
|-damage|p2b: Sneasler|28/100
|-status|p2b: Sneasler|brn
|faint|p2a: Rotom
|
|-damage|p2b: Sneasler|22/100 brn|[from] brn
|upkeep
|
|t:|1782331590
|switch|p2a: Tyranitar|Tyranitar-Mega, L50, F|9/100
|-weather|Sandstorm|[from] ability: Sand Stream|[of] p2a: Tyranitar
|turn|8
|
|t:|1782331598
|move|p1a: Pyroar|Protect|p1a: Pyroar
|-singleturn|p1a: Pyroar|Protect
|move|p2b: Sneasler|Fake Out|p1a: Pyroar
|-activate|p1a: Pyroar|move: Protect
|move|p2a: Tyranitar|Rock Slide|p1a: Pyroar
|-activate|p1a: Pyroar|move: Protect
|
|-weather|Sandstorm|[upkeep]
|-damage|p1a: Pyroar|81/100|[from] Sandstorm
|-damage|p2b: Sneasler|16/100 brn|[from] Sandstorm
|-damage|p2b: Sneasler|10/100 brn|[from] brn
|upkeep
|turn|9
|
|t:|1782331617
|move|p1a: Pyroar|Heat Wave|p2a: Tyranitar|[spread] 
|-miss|p1a: Pyroar|p2a: Tyranitar
|-miss|p1a: Pyroar|p2b: Sneasler
|move|p2b: Sneasler|Close Combat|p1a: Pyroar
|-supereffective|p1a: Pyroar|1
|-damage|p1a: Pyroar|6/100
|-unboost|p2b: Sneasler|def|1
|-unboost|p2b: Sneasler|spd|1
|-enditem|p2b: Sneasler|White Herb
|-clearnegativeboost|p2b: Sneasler|[silent]
|move|p2a: Tyranitar|Rock Slide|p1a: Pyroar
|-supereffective|p1a: Pyroar|1
|-damage|p1a: Pyroar|0 fnt
|faint|p1a: Pyroar
|
|win|Sukzre
||pressinblades is ready for game 2.
