|j|☆minccino fan
|j|☆leonsunp
|html|minccino fanleonsunp    
|uhtml|bestof|Game 1 of a best-of-3
|t:|1756310724
|gametype|doubles
|player|p1|minccino fan|170|1279
|player|p2|leonsunp|colress|1207
|gen|9
|tier|[Gen 9] VGC 2025 Reg H (Bo3)
|rated|
|rule|Species Clause: Limit one of each Pokémon
|rule|Item Clause: Limit 1 of each item
|clearpoke
|poke|p1|Charizard, L50, M|
|poke|p1|Torkoal, L50, M|
|poke|p1|Porygon2, L50|
|poke|p1|Incineroar, L50, M|
|poke|p1|Jumpluff, L50, M|
|poke|p1|Ursaluna, L50, F|
|poke|p2|Sneasler, L50, M|
|poke|p2|Rillaboom, L50, M|
|poke|p2|Kingambit, L50, M|
|poke|p2|Salamence, L50, M|
|poke|p2|Volcarona, L50, M|
|poke|p2|Ninetales-Alola, L50, M|
|teampreview|4
|showteam|p1|Charizard||ChoiceSpecs|SolarPower|HeatWave,Overheat,WeatherBall,AirSlash|||M|||50|,,,,,Ghost]Torkoal||EjectPack|Drought|Eruption,Overheat,HelpingHand,Protect|||M|||50|,,,,,Fire]Porygon2||Eviolite|Download|TeraBlast,IceBeam,Recover,TrickRoom||||||50|,,,,,Fighting]Incineroar||SitrusBerry|Intimidate|FlareBlitz,KnockOff,FakeOut,PartingShot|||M|||50|,,,,,Ghost]Jumpluff||CovertCloak|Chlorophyll|SleepPowder,SunnyDay,RagePowder,Tailwind|||M|||50|,,,,,Water]Ursaluna||FlameOrb|Guts|HeadlongRush,Facade,Earthquake,Protect|||F|||50|,,,,,Ghost
|showteam|p2|Sneasler||WhiteHerb|Unburden|CloseCombat,DireClaw,Coaching,Protect|||M|||50|,,,,,Stellar]Rillaboom||AssaultVest|GrassySurge|WoodHammer,GrassyGlide,HighHorsepower,FakeOut|||M|||50|,,,,,Water]Kingambit||BlackGlasses|Defiant|KowtowCleave,SuckerPunch,SwordsDance,Protect|||M|||50|,,,,,Dark]Salamence||SafetyGoggles|Intimidate|DualWingbeat,DracoMeteor,Tailwind,Protect|||M|||50|,,,,,Fire]Volcarona||Leftovers|FlameBody|HeatWave,TeraBlast,QuiverDance,Protect|||M|||50|,,,,,Fairy]Ninetales-Alola||LightClay|SnowWarning|Encore,FreezeDry,AuroraVeil,Blizzard|||M|||50|,,,,,Ghost
|inactive|Battle timer is ON: inactive players will automatically lose when time's up. (requested by minccino fan)
|inactive|leonsunp has 60 seconds left.
|inactive|leonsunp has 30 seconds left.
|inactive|leonsunp has 20 seconds left.
|inactive|leonsunp has 15 seconds left.
|inactive|leonsunp has 10 seconds left.
|
|t:|1756310806
|teamsize|p1|4
|teamsize|p2|4
|start
|switch|p1a: Porygon2|Porygon2, L50|100/100
|switch|p1b: Charizard|Charizard, L50, M|100/100
|switch|p2a: Salamence|Salamence, L50, M|100/100
|switch|p2b: Rillaboom|Rillaboom, L50, M|100/100
|-ability|p2a: Salamence|Intimidate|boost
|-unboost|p1a: Porygon2|atk|1
|-unboost|p1b: Charizard|atk|1
|-fieldstart|move: Grassy Terrain|[from] ability: Grassy Surge|[of] p2b: Rillaboom
|-ability|p1a: Porygon2|Download|boost
|-boost|p1a: Porygon2|spa|1
|turn|1
|inactive|minccino fan has 30 seconds left.
|inactive|leonsunp has 30 seconds left.
|inactive|leonsunp has 20 seconds left.
|inactive|minccino fan has 20 seconds left.
|inactive|leonsunp has 15 seconds left.
|inactive|minccino fan has 15 seconds left.
|inactive|minccino fan has 10 seconds left.
|inactive|minccino fan has 5 seconds left.
|
|t:|1756310863
|-terastallize|p2b: Rillaboom|Water
|move|p1b: Charizard|Heat Wave|p2a: Salamence|[spread] p2a,p2b
|-resisted|p2a: Salamence
|-resisted|p2b: Rillaboom
|-damage|p2a: Salamence|67/100
|-damage|p2b: Rillaboom|83/100
|move|p2a: Salamence|Draco Meteor|p1a: Porygon2
|-damage|p1a: Porygon2|61/100
|-unboost|p2a: Salamence|spa|2
|move|p2b: Rillaboom|Wood Hammer|p1a: Porygon2
|-damage|p1a: Porygon2|10/100
|-damage|p2b: Rillaboom|66/100|[from] Recoil
|move|p1a: Porygon2|Trick Room|p1a: Porygon2
|-fieldstart|move: Trick Room|[of] p1a: Porygon2
|
|-heal|p1a: Porygon2|16/100|[from] Grassy Terrain
|-heal|p2b: Rillaboom|72/100|[from] Grassy Terrain
|upkeep
|turn|2
|inactive|minccino fan has 30 seconds left.
|inactive|leonsunp has 30 seconds left.
|
|t:|1756310895
|switch|p1b: Ursaluna|Ursaluna, L50, F|100/100
|move|p2b: Rillaboom|Grassy Glide|p1a: Porygon2
|-damage|p1a: Porygon2|0 fnt
|faint|p1a: Porygon2
|move|p2a: Salamence|Dual Wingbeat|p1b: Ursaluna
|-damage|p1b: Ursaluna|83/100
|-damage|p1b: Ursaluna|66/100
|-hitcount|p1b: Ursaluna|2
|
|-heal|p1b: Ursaluna|72/100|[from] Grassy Terrain
|-heal|p2b: Rillaboom|78/100|[from] Grassy Terrain
|-status|p1b: Ursaluna|brn|[from] item: Flame Orb
|upkeep
|
|t:|1756310902
|switch|p1a: Torkoal|Torkoal, L50, M|100/100
|-weather|SunnyDay|[from] ability: Drought|[of] p1a: Torkoal
|turn|3
|inactive|leonsunp has 30 seconds left.
|inactive|leonsunp has 20 seconds left.
|
|t:|1756310939
|switch|p2b: Ninetales|Ninetales-Alola, L50, M|100/100
|-weather|Snowscape|[from] ability: Snow Warning|[of] p2b: Ninetales
|-terastallize|p1a: Torkoal|Fire
|move|p2a: Salamence|Protect|p2a: Salamence
|-singleturn|p2a: Salamence|Protect
|move|p1a: Torkoal|Eruption|p2a: Salamence|[spread] p2b
|-activate|p2a: Salamence|move: Protect
|-supereffective|p2b: Ninetales
|-damage|p2b: Ninetales|0 fnt
|faint|p2b: Ninetales
|move|p1b: Ursaluna|Facade|p2a: Salamence
|-activate|p2a: Salamence|move: Protect
|
|-weather|Snowscape|[upkeep]
|-heal|p1b: Ursaluna|78/100 brn|[from] Grassy Terrain
|-damage|p1b: Ursaluna|72/100 brn|[from] brn
|upkeep
|
|t:|1756310958
|switch|p2b: Rillaboom|Rillaboom, L50, M, tera:Water|78/100
|turn|4
|
|t:|1756310968
|switch|p2a: Kingambit|Kingambit, L50, M|100/100
|move|p2b: Rillaboom|Fake Out|p1a: Torkoal
|-damage|p1a: Torkoal|88/100
|cant|p1a: Torkoal|flinch
|move|p1b: Ursaluna|Facade|p2b: Rillaboom
|-damage|p2b: Rillaboom|0 fnt
|faint|p2b: Rillaboom
|
|-weather|Snowscape|[upkeep]
|-heal|p1a: Torkoal|94/100|[from] Grassy Terrain
|-heal|p1b: Ursaluna|78/100 brn|[from] Grassy Terrain
|-damage|p1b: Ursaluna|72/100 brn|[from] brn
|upkeep
|
|t:|1756310980
|switch|p2b: Salamence|Salamence, L50, M|67/100
|-ability|p2b: Salamence|Intimidate|boost
|-unboost|p1a: Torkoal|atk|1
|-unboost|p1b: Ursaluna|atk|1
|-enditem|p1a: Torkoal|Eject Pack
|
|t:|1756310989
|switch|p1a: Charizard|Charizard, L50, M|100/100
|turn|5
|inactive|minccino fan has 30 seconds left.
|
|t:|1756311022
|switch|p1b: Torkoal|Torkoal, L50, M, tera:Fire|94/100
|-weather|SunnyDay|[from] ability: Drought|[of] p1b: Torkoal
|move|p2a: Kingambit|Protect|p2a: Kingambit
|-singleturn|p2a: Kingambit|Protect
|move|p2b: Salamence|Protect|p2b: Salamence
|-singleturn|p2b: Salamence|Protect
|move|p1a: Charizard|Heat Wave|p2b: Salamence|[spread] 
|-activate|p2a: Kingambit|move: Protect
|-activate|p2b: Salamence|move: Protect
|
|-weather|SunnyDay|[upkeep]
|-damage|p1a: Charizard|88/100|[from] ability: Solar Power|[of] p1a: Charizard
|-heal|p1b: Torkoal|100/100|[from] Grassy Terrain
|-fieldend|move: Trick Room
|-fieldend|move: Grassy Terrain
|upkeep
|turn|6
|
|t:|1756311042
|move|p2a: Kingambit|Sucker Punch|p1a: Charizard
|-damage|p1a: Charizard|19/100
|move|p1a: Charizard|Heat Wave|p2b: Salamence|[spread] p2a,p2b
|-supereffective|p2a: Kingambit
|-resisted|p2b: Salamence
|-damage|p2a: Kingambit|0 fnt
|-damage|p2b: Salamence|0 fnt
|faint|p2a: Kingambit
|faint|p2b: Salamence
|
|win|minccino fan
||leonsunp is ready for game 2.
