|j|☆I LOVE KOMMO-O
|j|☆Elokyyy
|html|I LOVE KOMMO-OElokyyy    
|uhtml|bestof|Game 1 of a best-of-3
|t:|1757860626
|gametype|doubles
|player|p1|I LOVE KOMMO-O|n|1212
|player|p2|Elokyyy|102|1208
|gen|9
|tier|[Gen 9] VGC 2025 Reg H (Bo3)
|rated|
|rule|Species Clause: Limit one of each Pokémon
|rule|Item Clause: Limit 1 of each item
|clearpoke
|poke|p1|Drifblim, L50, M|
|poke|p1|Kommo-o, L50, M|
|poke|p1|Toxtricity-Low-Key, L50, M|
|poke|p1|Indeedee, L50, M|
|poke|p1|Hydreigon, L50, M|
|poke|p1|Arcanine-Hisui, L50, M|
|poke|p2|Sneasler, L50, M|
|poke|p2|Rillaboom, L50, M|
|poke|p2|Dragonite, L50, M|
|poke|p2|Volcarona, L50, F|
|poke|p2|Kingambit, L50, F|
|poke|p2|Electabuzz, L50, M|
|teampreview|4
|showteam|p1|Drifblim||PsychicSeed|Unburden|Acrobatics,WillOWisp,Tailwind,StrengthSap|||M|||50|,,,,,Grass]Kommo-o||Leftovers|Soundproof|BodyPress,IronDefense,Flamethrower,Protect|||M|||50|,,,,,Fire]Toxtricity-Low-Key||ChoiceSpecs|PunkRock|Boomburst,Overdrive,SludgeBomb,VoltSwitch|||M|||50|,,,,,Normal]Indeedee||FocusSash|PsychicSurge|ExpandingForce,TeraBlast,Imprison,TrickRoom|||M|||50|,,,,,Fairy]Hydreigon||AssaultVest|Levitate|DarkPulse,Snarl,DracoMeteor,EarthPower|||M|||50|,,,,,Ghost]Arcanine-Hisui||SafetyGoggles|Intimidate|RockSlide,FlareBlitz,WillOWisp,Protect|||M|||50|,,,,,Water
|showteam|p2|Sneasler||FocusSash|PoisonTouch|CloseCombat,DireClaw,Coaching,FakeOut|||M|||50|,,,,,Ghost]Rillaboom||AssaultVest|GrassySurge|WoodHammer,GrassyGlide,HighHorsepower,FakeOut|||M|||50|,,,,,Fire]Dragonite||LoadedDice|Multiscale|ScaleShot,ExtremeSpeed,Haze,Protect|||M|||50|,,,,,Fairy]Volcarona||Leftovers|FlameBody|HeatWave,TeraBlast,QuiverDance,Protect|||F|||50|,,,,,Fairy]Kingambit||BlackGlasses|Defiant|KowtowCleave,SuckerPunch,SwordsDance,Protect|||F|||50|,,,,,Dark]Electabuzz||Eviolite|VitalSpirit|Thunderbolt,FollowMe,Taunt,Protect|||M|||50|,,,,,Ghost
|inactive|Battle timer is ON: inactive players will automatically lose when time's up. (requested by I LOVE KOMMO-O)
|inactive|Elokyyy has 60 seconds left.
|j| Upsilon Sul G
|
|t:|1757860665
|teamsize|p1|4
|teamsize|p2|4
|start
|switch|p1a: Pani|Drifblim, L50, M|100/100
|switch|p1b: Despacito|Indeedee, L50, M|100/100
|switch|p2a: Kingambit|Kingambit, L50, F|100/100
|switch|p2b: Sneasler|Sneasler, L50, M|100/100
|-fieldstart|move: Psychic Terrain|[from] ability: Psychic Surge|[of] p1b: Despacito
|-enditem|p1a: Pani|Psychic Seed
|-boost|p1a: Pani|spd|1|[from] item: Psychic Seed
|turn|1
|inactive|I LOVE KOMMO-O has 30 seconds left.
|
|t:|1757860695
|switch|p2b: Rillaboom|Rillaboom, L50, M|100/100
|-fieldstart|move: Grassy Terrain|[from] ability: Grassy Surge|[of] p2b: Rillaboom
|move|p1a: Pani|Will-O-Wisp|p2b: Rillaboom
|-status|p2b: Rillaboom|brn
|move|p1b: Despacito|Expanding Force|p2b: Rillaboom
|-damage|p2b: Rillaboom|66/100 brn
|move|p2a: Kingambit|Kowtow Cleave|p1b: Despacito
|-supereffective|p1b: Despacito
|-enditem|p1b: Despacito|Focus Sash
|-damage|p1b: Despacito|1/100
|
|-heal|p1b: Despacito|7/100|[from] Grassy Terrain
|-heal|p2b: Rillaboom|72/100 brn|[from] Grassy Terrain
|-damage|p2b: Rillaboom|66/100 brn|[from] brn
|upkeep
|turn|2
|
|t:|1757860719
|switch|p1b: Kommo-o|Kommo-o, L50, M|100/100
|move|p2b: Rillaboom|Grassy Glide|p1b: Kommo-o
|-resisted|p1b: Kommo-o
|-damage|p1b: Kommo-o|94/100
|move|p1a: Pani|Acrobatics|p2b: Rillaboom
|-supereffective|p2b: Rillaboom
|-damage|p2b: Rillaboom|0 fnt
|faint|p2b: Rillaboom
|move|p2a: Kingambit|Kowtow Cleave|p1a: Pani
|-supereffective|p1a: Pani
|-damage|p1a: Pani|0 fnt
|faint|p1a: Pani
|
|-heal|p1b: Kommo-o|100/100|[from] Grassy Terrain
|upkeep
|
|t:|1757860730
|switch|p2b: Dragonite|Dragonite, L50, M|100/100
|switch|p1a: Despacito|Indeedee, L50, M|7/100
|-fieldstart|move: Psychic Terrain|[from] ability: Psychic Surge|[of] p1a: Despacito
|turn|3
|inactive|I LOVE KOMMO-O has 30 seconds left.
|
|t:|1757860761
|switch|p1a: Arcanine|Arcanine-Hisui, L50, M|100/100
|-ability|p1a: Arcanine|Intimidate|boost
|-unboost|p2a: Kingambit|atk|1
|-ability|p2a: Kingambit|Defiant|boost
|-boost|p2a: Kingambit|atk|2
|-unboost|p2b: Dragonite|atk|1
|-terastallize|p2b: Dragonite|Fairy
|move|p1b: Kommo-o|Body Press|p2a: Kingambit
|-supereffective|p2a: Kingambit
|-damage|p2a: Kingambit|0 fnt
|faint|p2a: Kingambit
|move|p2b: Dragonite|Scale Shot|p1b: Kommo-o
|-supereffective|p1b: Kommo-o
|-damage|p1b: Kommo-o|87/100
|-supereffective|p1b: Kommo-o
|-damage|p1b: Kommo-o|73/100
|-supereffective|p1b: Kommo-o
|-damage|p1b: Kommo-o|60/100
|-supereffective|p1b: Kommo-o
|-damage|p1b: Kommo-o|46/100
|-supereffective|p1b: Kommo-o
|-damage|p1b: Kommo-o|29/100
|-hitcount|p1b: Kommo-o|5
|-unboost|p2b: Dragonite|def|1
|-boost|p2b: Dragonite|spe|1
|
|-heal|p1b: Kommo-o|35/100|[from] item: Leftovers
|upkeep
|
|t:|1757860781
|switch|p2a: Sneasler|Sneasler, L50, M|100/100
|turn|4
|inactive|I LOVE KOMMO-O has 30 seconds left.
|inactive|I LOVE KOMMO-O has 20 seconds left.
|inactive|I LOVE KOMMO-O has 15 seconds left.
|inactive|I LOVE KOMMO-O has 10 seconds left.
|inactive|I LOVE KOMMO-O has 5 seconds left.
|
|t:|1757860833
|move|p2a: Sneasler|Close Combat|p1a: Arcanine
|-supereffective|p1a: Arcanine
|-damage|p1a: Arcanine|0 fnt
|-unboost|p2a: Sneasler|def|1
|-unboost|p2a: Sneasler|spd|1
|faint|p1a: Arcanine
|move|p2b: Dragonite|Scale Shot|p1b: Kommo-o
|-supereffective|p1b: Kommo-o
|-damage|p1b: Kommo-o|22/100
|-supereffective|p1b: Kommo-o
|-damage|p1b: Kommo-o|8/100
|-supereffective|p1b: Kommo-o
|-damage|p1b: Kommo-o|0 fnt
|faint|p1b: Kommo-o
|-hitcount|p1: Kommo-o|3
|-unboost|p2b: Dragonite|def|1
|-boost|p2b: Dragonite|spe|1
|
|upkeep
|
|t:|1757860837
|switch|p1b: Despacito|Indeedee, L50, M|7/100
|turn|5
|-message|I LOVE KOMMO-O forfeited.
|
|win|Elokyyy
||I LOVE KOMMO-O is ready for game 2.
||Elokyyy is ready for game 2.
|uhtml|next|Next: Game 2 of 3
|l|☆Elokyyy
|player|p2|
