|j|☆bigj009
|j|☆PM77Switch
|html|bigj009PM77Switch    
|uhtml|bestof|Game 3 of a best-of-3
|t:|1783722140
|gametype|doubles
|player|p1|bigj009|lucas|1112
|player|p2|PM77Switch|may-masters3|1133
|gen|9
|tier|[Gen 9 Champions] VGC 2026 Reg M-B (Bo3)
|rated|
|rule|Species Clause: Limit one of each Pokémon
|rule|Item Clause: Limit 1 of each item
|clearpoke
|poke|p1|Blastoise, L50, M|
|poke|p1|Maushold, L50|
|poke|p1|Sinistcha, L50|
|poke|p1|Sneasler, L50, F|
|poke|p1|Pelipper, L50, F|
|poke|p1|Incineroar, L50, M|
|poke|p2|Staraptor, L50, M, shiny|
|poke|p2|Farigiraf, L50, M, shiny|
|poke|p2|Charizard, L50, F, shiny|
|poke|p2|Whimsicott, L50, F, shiny|
|poke|p2|Garchomp, L50, M, shiny|
|poke|p2|Gholdengo, L50, shiny|
|teampreview|4
|showteam|p1|Blastoise||Blastoisinite|Torrent|WaterSpout,ShellSmash,DarkPulse,Protect|Modest||M|||50|]Maushold||ChopleBerry|FriendGuard|FollowMe,Feint,Protect,SuperFang|Impish|||||50|]Sinistcha|||Hospitality|MatchaGotcha,RagePowder,TrickRoom,LifeDew|Calm|||||50|]Sneasler||WhiteHerb|Unburden|FakeOut,QuickGuard,Protect,CloseCombat|Jolly||F|||50|]Pelipper||FocusSash|Drizzle|Hurricane,WideGuard,Tailwind,WeatherBall|Modest||F|||50|]Incineroar||PasshoBerry|Intimidate|FakeOut,PartingShot,DarkestLariat,FlareBlitz|Careful||M|||50|
|showteam|p2|Staraptor||Staraptite|Intimidate|DualWingbeat,CloseCombat,BlazeKick,Protect|Jolly||M|||50|]Farigiraf||SitrusBerry|ArmorTail|Psychic,HelpingHand,TrickRoom,Imprison|Bold||M|||50|]Charizard||CharizarditeY|SolarPower|HeatWave,WeatherBall,SolarBeam,Protect|Modest||F|||50|]Whimsicott||FairyFeather|Prankster|Moonblast,Tailwind,SunnyDay,Taunt|Timid||F|||50|]Garchomp||LifeOrb|RoughSkin|StompingTantrum,DragonClaw,RockSlide,Protect|Jolly||M|||50|]Gholdengo||ChoiceScarf|GoodasGold|MakeItRain,ShadowBall,PowerGem,Thunderbolt|Timid|||||50|
|inactive|Battle timer is ON: inactive players will automatically lose when time's up. (requested by PM77Switch)
|
|t:|1783722162
|teamsize|p1|4
|teamsize|p2|4
|start
|switch|p1a: Incineroar|Incineroar, L50, M|100/100
|switch|p1b: Blastoise|Blastoise, L50, M|100/100
|switch|p2a: Gholdengo|Gholdengo, L50, shiny|100/100
|switch|p2b: Whimsicott|Whimsicott, L50, F, shiny|100/100
|-ability|p1a: Incineroar|Intimidate|boost
|-unboost|p2a: Gholdengo|atk|1
|-unboost|p2b: Whimsicott|atk|1
|turn|1
|
|t:|1783722174
|switch|p2a: Garchomp|Garchomp, L50, M, shiny|100/100
|detailschange|p1b: Blastoise|Blastoise-Mega, L50, M
|-mega|p1b: Blastoise|Blastoise|Blastoisinite
|move|p2b: Whimsicott|Moonblast|p1b: Blastoise
|-damage|p1b: Blastoise|60/100
|move|p1b: Blastoise|Dark Pulse|p2a: Garchomp
|-damage|p2a: Garchomp|50/100g
|move|p1a: Incineroar|Flare Blitz|p2b: Whimsicott
|-supereffective|p2b: Whimsicott|1
|-damage|p2b: Whimsicott|0 fnt
|faint|p2b: Whimsicott
|-damage|p1a: Incineroar|77/100|[from] Recoil
|
|upkeep
|
|t:|1783722198
|switch|p2b: Gholdengo|Gholdengo, L50, shiny|100/100
|turn|2
|
|t:|1783722214
|move|p1b: Blastoise|Protect|p1b: Blastoise
|-singleturn|p1b: Blastoise|Protect
|move|p2b: Gholdengo|Thunderbolt|p1a: Incineroar
|-damage|p1a: Incineroar|55/100
|-status|p1a: Incineroar|par
|move|p2a: Garchomp|Stomping Tantrum|p1a: Incineroar
|-supereffective|p1a: Incineroar|1
|-damage|p1a: Incineroar|0 fnt
|faint|p1a: Incineroar
|-damage|p2a: Garchomp|40/100|[from] item: Life Orb
|
|upkeep
|
|t:|1783722222
|switch|p1a: Maushold|Maushold, L50|100/100
|turn|3
|inactive|PM77Switch has 30 seconds left.
|
|t:|1783722248
|move|p1a: Maushold|Follow Me|p1a: Maushold
|-singleturn|p1a: Maushold|move: Follow Me
|move|p2b: Gholdengo|Thunderbolt|p1a: Maushold
|-damage|p1a: Maushold|66/100
|move|p2a: Garchomp|Dragon Claw|p1a: Maushold
|-damage|p1a: Maushold|8/100
|-damage|p2a: Garchomp|30/100|[from] item: Life Orb
|move|p1b: Blastoise|Shell Smash|p1b: Blastoise
|-unboost|p1b: Blastoise|def|1
|-unboost|p1b: Blastoise|spd|1
|-boost|p1b: Blastoise|atk|2
|-boost|p1b: Blastoise|spa|2
|-boost|p1b: Blastoise|spe|2
|
|upkeep
|turn|4
|
|t:|1783722265
|move|p2a: Garchomp|Protect|p2a: Garchomp
|-singleturn|p2a: Garchomp|Protect
|move|p1a: Maushold|Follow Me|p1a: Maushold
|-singleturn|p1a: Maushold|move: Follow Me
|move|p1b: Blastoise|Water Spout|p2b: Gholdengo|[spread] p2b
|-activate|p2a: Garchomp|move: Protect
|-damage|p2b: Gholdengo|3/100
|move|p2b: Gholdengo|Thunderbolt|p1a: Maushold
|-damage|p1a: Maushold|0 fnt
|faint|p1a: Maushold
|
|upkeep
|
|t:|1783722268
|switch|p1a: Pelipper|Pelipper, L50, F|100/100
|-weather|RainDance|[from] ability: Drizzle|[of] p1a: Pelipper
|turn|5
|
|t:|1783722280
|move|p1b: Blastoise|Water Spout|p2b: Gholdengo|[spread] p2a,p2b
|-damage|p2a: Garchomp|0 fnt
|-damage|p2b: Gholdengo|0 fnt
|faint|p2a: Garchomp
|faint|p2b: Gholdengo
|move|p1a: Pelipper|Tailwind|p1a: Pelipper
|-sidestart|p1: bigj009|move: Tailwind
|
|-weather|RainDance|[upkeep]
|upkeep
|
|t:|1783722284
|switch|p2a: Charizard|Charizard, L50, F, shiny|100/100
|turn|6
|
|t:|1783722301
|detailschange|p2a: Charizard|Charizard-Mega-Y, L50, F, shiny
|-mega|p2a: Charizard|Charizard|Charizardite Y
|-weather|SunnyDay|[from] ability: Drought|[of] p2a: Charizard
|move|p1b: Blastoise|Water Spout|p2a: Charizard
|-supereffective|p2a: Charizard|1
|-damage|p2a: Charizard|0 fnt
|faint|p2a: Charizard
|
|win|bigj009
|raw|bigj009's rating: 1112 → 1139(+27 for winning)
|raw|PM77Switch's rating: 1133 → 1106(-27 for losing)
