|j|☆Tractie
|j|☆el_frolo
|html|Tractieel_frolo    
|uhtml|bestof|Game 3 of a best-of-3
|t:|1757184922
|gametype|doubles
|player|p1|Tractie|102|1195
|player|p2|el_frolo|266|1085
|gen|9
|tier|[Gen 9] VGC 2025 Reg H (Bo3)
|rated|
|rule|Species Clause: Limit one of each Pokémon
|rule|Item Clause: Limit 1 of each item
|clearpoke
|poke|p1|Gothitelle, L50, M|
|poke|p1|Dondozo, L50, M|
|poke|p1|Kingambit, L50, F|
|poke|p1|Sinistcha-Masterpiece, L50|
|poke|p1|Tauros-Paldea-Blaze, L50, M|
|poke|p1|Dragapult, L50, M|
|poke|p2|Gholdengo, L50|
|poke|p2|Incineroar, L50, F|
|poke|p2|Amoonguss, L50, F|
|poke|p2|Porygon2, L50|
|poke|p2|Ursaluna, L50, M|
|poke|p2|Dragonite, L50, M|
|teampreview|4
|showteam|p1|Gothitelle||SafetyGoggles|ShadowTag|FakeOut,Psychic,Taunt,Protect|||M|||50|,,,,,Water]Dondozo||Leftovers|Unaware|WaveCrash,BodyPress,Yawn,Protect|||M|||50|,,,,,Electric]Kingambit||BlackGlasses|Defiant|SuckerPunch,KowtowCleave,SwordsDance,Protect|||F|||50|,,,,,Dark]Sinistcha-Masterpiece||SitrusBerry|Hospitality|MatchaGotcha,LifeDew,RagePowder,TrickRoom||||||50|,,,,,Fairy]Tauros-Paldea-Blaze||ClearAmulet|Intimidate|FlareBlitz,RagingBull,CloseCombat,Protect|||M|||50|,,,,,Grass]Dragapult||LifeOrb|ClearBody|ShadowBall,DracoMeteor,TeraBlast,Protect|||M|||50|,,,,,Fairy
|showteam|p2|Gholdengo||LifeOrb|GoodasGold|MakeItRain,ShadowBall,NastyPlot,Protect||||||50|,,,,,Water]Incineroar||SafetyGoggles|Intimidate|KnockOff,FlareBlitz,FakeOut,PartingShot|||F|||50|,,,,,Ghost]Amoonguss||CovertCloak|Regenerator|RagePowder,PollenPuff,Protect,Spore|||F|||50|,,,,,Dark]Porygon2||Eviolite|Download|TeraBlast,IceBeam,TrickRoom,Recover||||||50|,,,,,Fighting]Ursaluna||FlameOrb|Guts|Facade,Earthquake,HeadlongRush,Protect|||M|||50|,,,,,Ghost]Dragonite||LoadedDice|Multiscale|ScaleShot,Tailwind,Protect,Haze|||M|||50|,,,,,Fairy
|inactive|Battle timer is ON: inactive players will automatically lose when time's up. (requested by Tractie)
|l|☆el_frolo
|inactive|el_frolo disconnected and has a minute to reconnect!
|player|p2|
|inactive|Tractie has 60 seconds left.
|j|☆el_frolo
|inactive|el_frolo reconnected.
|player|p2|el_frolo|266|
|inactive|Tractie has 30 seconds left.
|
|t:|1757184991
|teamsize|p1|4
|teamsize|p2|4
|start
|switch|p1a: Gothitelle|Gothitelle, L50, M|100/100
|switch|p1b: Tauros|Tauros-Paldea-Blaze, L50, M|100/100
|switch|p2a: Incineroar|Incineroar, L50, F|100/100
|switch|p2b: Porygon2|Porygon2, L50|100/100
|-ability|p1b: Tauros|Intimidate|boost
|-unboost|p2a: Incineroar|atk|1
|-unboost|p2b: Porygon2|atk|1
|-ability|p2a: Incineroar|Intimidate|boost
|-unboost|p1a: Gothitelle|atk|1
|-fail|p1b: Tauros|unboost|[from] item: Clear Amulet|[of] p1b: Tauros
|-ability|p2b: Porygon2|Download|boost
|-boost|p2b: Porygon2|spa|1
|turn|1
|inactive|el_frolo has 30 seconds left.
|
|t:|1757185017
|move|p2a: Incineroar|Fake Out|p1a: Gothitelle
|-damage|p1a: Gothitelle|94/100
|cant|p1a: Gothitelle|flinch
|move|p1b: Tauros|Close Combat|p2a: Incineroar
|-supereffective|p2a: Incineroar
|-damage|p2a: Incineroar|0 fnt
|-unboost|p1b: Tauros|def|1
|-unboost|p1b: Tauros|spd|1
|faint|p2a: Incineroar
|move|p2b: Porygon2|Trick Room|p2b: Porygon2
|-fieldstart|move: Trick Room|[of] p2b: Porygon2
|
|upkeep
|
|t:|1757185025
|switch|p2a: Ursaluna|Ursaluna, L50, M|100/100
|turn|2
|inactive|Tractie has 30 seconds left.
|
|t:|1757185060
|switch|p1b: Sinistcha|Sinistcha-Masterpiece, L50|100/100
|-heal|p1a: Gothitelle|100/100|[from] ability: Hospitality|[of] p1b: Sinistcha
|move|p2b: Porygon2|Tera Blast|p1b: Sinistcha
|-immune|p1b: Sinistcha
|move|p1a: Gothitelle|Taunt|p2b: Porygon2
|-start|p2b: Porygon2|move: Taunt
|move|p2a: Ursaluna|Headlong Rush|p1b: Sinistcha
|-resisted|p1b: Sinistcha
|-damage|p1b: Sinistcha|68/100
|-unboost|p2a: Ursaluna|def|1
|-unboost|p2a: Ursaluna|spd|1
|
|-status|p2a: Ursaluna|brn|[from] item: Flame Orb
|upkeep
|turn|3
|inactive|el_frolo has 30 seconds left.
|
|t:|1757185089
|switch|p1a: Kingambit|Kingambit, L50, F|100/100
|switch|p1b: Tauros|Tauros-Paldea-Blaze, L50, M|100/100
|-ability|p1b: Tauros|Intimidate|boost
|-unboost|p2a: Ursaluna|atk|1
|-unboost|p2b: Porygon2|atk|1
|move|p2b: Porygon2|Ice Beam|p1b: Tauros
|-resisted|p1b: Tauros
|-crit|p1b: Tauros
|-damage|p1b: Tauros|59/100
|move|p2a: Ursaluna|Headlong Rush|p1b: Tauros
|-supereffective|p1b: Tauros
|-damage|p1b: Tauros|0 fnt
|-unboost|p2a: Ursaluna|def|1
|-unboost|p2a: Ursaluna|spd|1
|faint|p1b: Tauros
|
|-damage|p2a: Ursaluna|95/100 brn|[from] brn
|upkeep
|
|t:|1757185108
|switch|p1b: Gothitelle|Gothitelle, L50, M|100/100
|turn|4
|
|t:|1757185133
|-terastallize|p1a: Kingambit|Dark
|-terastallize|p2b: Porygon2|Fighting
|move|p2a: Ursaluna|Protect|p2a: Ursaluna
|-singleturn|p2a: Ursaluna|Protect
|move|p1b: Gothitelle|Fake Out|p2b: Porygon2
|-damage|p2b: Porygon2|97/100
|move|p1a: Kingambit|Kowtow Cleave|p2a: Ursaluna
|-activate|p2a: Ursaluna|move: Protect
|cant|p2b: Porygon2|flinch
|
|-damage|p2a: Ursaluna|89/100 brn|[from] brn
|upkeep
|turn|5
|inactive|Tractie has 30 seconds left.
|inactive|el_frolo has 30 seconds left.
|inactive|Tractie has 20 seconds left.
|inactive|el_frolo has 20 seconds left.
|
|t:|1757185170
|move|p1a: Kingambit|Protect|p1a: Kingambit
|-singleturn|p1a: Kingambit|Protect
|move|p1b: Gothitelle|Protect|p1b: Gothitelle
|-singleturn|p1b: Gothitelle|Protect
|move|p2b: Porygon2|Tera Blast|p1a: Kingambit|[anim] Tera Blast Fighting
|-activate|p1a: Kingambit|move: Protect
|move|p2a: Ursaluna|Facade|p1b: Gothitelle
|-activate|p1b: Gothitelle|move: Protect
|
|-damage|p2a: Ursaluna|83/100 brn|[from] brn
|-end|p2b: Porygon2|move: Taunt
|-fieldend|move: Trick Room
|upkeep
|turn|6
|inactive|el_frolo has 30 seconds left.
|
|t:|1757185198
|switch|p1a: Sinistcha|Sinistcha-Masterpiece, L50|68/100
|move|p2a: Ursaluna|Headlong Rush|p1a: Sinistcha
|-resisted|p1a: Sinistcha
|-damage|p1a: Sinistcha|33/100
|-unboost|p2a: Ursaluna|def|1
|-unboost|p2a: Ursaluna|spd|1
|-enditem|p1a: Sinistcha|Sitrus Berry|[eat]
|-heal|p1a: Sinistcha|58/100|[from] item: Sitrus Berry
|move|p1b: Gothitelle|Taunt|p2b: Porygon2
|-start|p2b: Porygon2|move: Taunt
|move|p2b: Porygon2|Tera Blast|p1a: Sinistcha|[anim] Tera Blast Fighting
|-immune|p1a: Sinistcha
|
|-damage|p2a: Ursaluna|77/100 brn|[from] brn
|upkeep
|turn|7
|inactive|Tractie has 30 seconds left.
|
|t:|1757185233
|move|p1a: Sinistcha|Matcha Gotcha|p2b: Porygon2|[spread] p2a,p2b
|-supereffective|p2a: Ursaluna
|-damage|p2a: Ursaluna|0 fnt
|-heal|p1a: Sinistcha|100/100|[from] drain|[of] p2a: Ursaluna
|-damage|p2b: Porygon2|80/100
|faint|p2a: Ursaluna
|move|p1b: Gothitelle|Psychic|p2b: Porygon2
|-supereffective|p2b: Porygon2
|-damage|p2b: Porygon2|45/100
|move|p2b: Porygon2|Ice Beam|p1a: Sinistcha
|-supereffective|p1a: Sinistcha
|-damage|p1a: Sinistcha|14/100
|
|upkeep
|
|t:|1757185238
|switch|p2a: Dragonite|Dragonite, L50, M|100/100
|turn|8
|
|t:|1757185260
|move|p2a: Dragonite|Scale Shot|p1b: Gothitelle
|-damage|p1b: Gothitelle|88/100
|-damage|p1b: Gothitelle|76/100
|-damage|p1b: Gothitelle|64/100
|-damage|p1b: Gothitelle|52/100
|-crit|p1b: Gothitelle
|-damage|p1b: Gothitelle|34/100
|-hitcount|p1b: Gothitelle|5
|-unboost|p2a: Dragonite|def|1
|-boost|p2a: Dragonite|spe|1
|move|p1b: Gothitelle|Psychic|p2b: Porygon2
|-supereffective|p2b: Porygon2
|-damage|p2b: Porygon2|7/100
|move|p2b: Porygon2|Ice Beam|p1a: Sinistcha
|-supereffective|p1a: Sinistcha
|-damage|p1a: Sinistcha|0 fnt
|faint|p1a: Sinistcha
|
|-end|p2b: Porygon2|move: Taunt
|upkeep
|
|t:|1757185278
|switch|p1a: Kingambit|Kingambit, L50, F, tera:Dark|100/100
|turn|9
|inactive|Tractie has 30 seconds left.
|
|t:|1757185309
|move|p1b: Gothitelle|Protect|p1b: Gothitelle
|-singleturn|p1b: Gothitelle|Protect
|move|p2a: Dragonite|Tailwind|p2a: Dragonite
|-sidestart|p2: el_frolo|move: Tailwind
|move|p2b: Porygon2|Recover|p2b: Porygon2
|-heal|p2b: Porygon2|57/100
|move|p1a: Kingambit|Kowtow Cleave|p2b: Porygon2
|-resisted|p2b: Porygon2
|-crit|p2b: Porygon2
|-damage|p2b: Porygon2|20/100
|
|upkeep
|turn|10
|
|t:|1757185343
|move|p1a: Kingambit|Protect|p1a: Kingambit
|-singleturn|p1a: Kingambit|Protect
|move|p2a: Dragonite|Scale Shot|p1b: Gothitelle
|-damage|p1b: Gothitelle|22/100
|-damage|p1b: Gothitelle|8/100
|-damage|p1b: Gothitelle|0 fnt
|faint|p1b: Gothitelle
|-hitcount|p1: Gothitelle|3
|-unboost|p2a: Dragonite|def|1
|-boost|p2a: Dragonite|spe|1
|move|p2b: Porygon2|Recover|p2b: Porygon2
|-heal|p2b: Porygon2|70/100
|
|upkeep
|turn|11
|-message|Tractie forfeited.
|
|win|el_frolo
|raw|Tractie's rating: 1195 → 1162(-33 for losing)
|raw|el_frolo's rating: 1085 → 1121(+36 for winning)
