|j|☆saboyita
|j|☆stn_augustine
|html|saboyitastn_augustine    
|uhtml|bestof|Game 1 of a best-of-3
|t:|1756348293
|gametype|doubles
|player|p1|saboyita|grimsley|1098
|player|p2|stn_augustine|265|1146
|gen|9
|tier|[Gen 9] VGC 2025 Reg H (Bo3)
|rated|
|rule|Species Clause: Limit one of each Pokémon
|rule|Item Clause: Limit 1 of each item
|clearpoke
|poke|p1|Amoonguss, L50, F|
|poke|p1|Hydreigon, L50, F|
|poke|p1|Whimsicott, L50, F|
|poke|p1|Maushold-Four, L50|
|poke|p1|Annihilape, L50, M|
|poke|p1|Ursaluna-Bloodmoon, L50, M|
|poke|p2|Porygon2, L50|
|poke|p2|Incineroar, L50, F|
|poke|p2|Ursaluna, L50, M|
|poke|p2|Jumpluff, L50, M|
|poke|p2|Charizard, L50, M|
|poke|p2|Torkoal, L50, M|
|teampreview|4
|showteam|p1|Amoonguss||MentalHerb|Regenerator|ClearSmog,Spore,RagePowder,Protect|||F|||50|,,,,,Water]Hydreigon||ChoiceSpecs|Levitate|Snarl,HeatWave,DarkPulse,DracoMeteor|||F|||50|,,,,,Ghost]Whimsicott||CovertCloak|Prankster|BeatUp,Encore,HelpingHand,Tailwind|||F|||50|,,,,,Dark]Maushold-Four||WideLens|Technician|PopulationBomb,Taunt,FollowMe,Protect||||||50|,,,,,Ghost]Annihilape||Leftovers|Defiant|RageFist,CloseCombat,FinalGambit,Protect|||M|||50|,,,,,Water]Ursaluna-Bloodmoon||LifeOrb|MindsEye|HyperVoice,EarthPower,BloodMoon,Protect|||M|||50|,,,,,Water
|showteam|p2|Porygon2||Eviolite|Download|TeraBlast,IceBeam,TrickRoom,Recover||||||50|,,,,,Fighting]Incineroar||SitrusBerry|Intimidate|FakeOut,KnockOff,FlareBlitz,PartingShot|||F|||50|,,,,,Ghost]Ursaluna||FlameOrb|Guts|HeadlongRush,Facade,Earthquake,Protect|||M|||50|,,,,,Ghost]Jumpluff||CovertCloak|Chlorophyll|RagePowder,SunnyDay,Tailwind,SleepPowder|||M|||50|,,,,,Fire]Charizard||ChoiceSpecs|SolarPower|HeatWave,Overheat,WeatherBall,DragonPulse|||M|||50|,,,,,Ghost]Torkoal||EjectPack|Drought|Overheat,Eruption,HelpingHand,Protect|||M|||50|,,,,,Fire
|inactive|Battle timer is ON: inactive players will automatically lose when time's up. (requested by saboyita)
|inactive|saboyita has 60 seconds left.
|inactive|stn_augustine has 60 seconds left.
|inactive|stn_augustine has 30 seconds left.
|inactive|stn_augustine has 20 seconds left.
|inactive|stn_augustine has 15 seconds left.
|
|t:|1756348373
|teamsize|p1|4
|teamsize|p2|4
|start
|switch|p1a: Whimsicott|Whimsicott, L50, F|100/100
|switch|p1b: Hydreigon|Hydreigon, L50, F|100/100
|switch|p2a: Charizard|Charizard, L50, M|100/100
|switch|p2b: Porygon2|Porygon2, L50|100/100
|-ability|p2b: Porygon2|Download|boost
|-boost|p2b: Porygon2|spa|1
|turn|1
|inactive|stn_augustine has 30 seconds left.
|inactive|stn_augustine has 20 seconds left.
|inactive|stn_augustine has 15 seconds left.
|inactive|stn_augustine has 10 seconds left.
|
|t:|1756348419
|switch|p2a: Incineroar|Incineroar, L50, F|100/100
|-ability|p2a: Incineroar|Intimidate|boost
|-unboost|p1a: Whimsicott|atk|1
|-unboost|p1b: Hydreigon|atk|1
|move|p1a: Whimsicott|Helping Hand|p1b: Hydreigon
|-singleturn|p1b: Hydreigon|Helping Hand|[of] p1a: Whimsicott
|move|p1b: Hydreigon|Draco Meteor|p2b: Porygon2
|-damage|p2b: Porygon2|0 fnt
|-unboost|p1b: Hydreigon|spa|2
|faint|p2b: Porygon2
|
|upkeep
|inactive|stn_augustine has 30 seconds left.
|
|t:|1756348454
|switch|p2b: Charizard|Charizard, L50, M|100/100
|turn|2
|inactive|stn_augustine has 30 seconds left.
|
|t:|1756348485
|switch|p1b: Ursaluna|Ursaluna-Bloodmoon, L50, M|100/100
|move|p2a: Incineroar|Fake Out|p1a: Whimsicott
|-damage|p1a: Whimsicott|83/100
|move|p1a: Whimsicott|Tailwind|p1a: Whimsicott
|-sidestart|p1: saboyita|move: Tailwind
|move|p2b: Charizard|Dragon Pulse|p1b: Ursaluna
|-damage|p1b: Ursaluna|51/100
|
|upkeep
|turn|3
|inactive|stn_augustine has 30 seconds left.
|inactive|stn_augustine has 20 seconds left.
|inactive|stn_augustine has 15 seconds left.
|inactive|stn_augustine has 10 seconds left.
|
|t:|1756348533
|switch|p2b: Ursaluna|Ursaluna, L50, M|100/100
|move|p1a: Whimsicott|Encore||[still]
|-fail|p1a: Whimsicott
|move|p1b: Ursaluna|Earth Power|p2a: Incineroar
|-supereffective|p2a: Incineroar
|-damage|p2a: Incineroar|0 fnt
|faint|p2a: Incineroar
|-damage|p1b: Ursaluna|42/100|[from] item: Life Orb
|
|-status|p2b: Ursaluna|brn|[from] item: Flame Orb
|upkeep
|inactive|stn_augustine has 30 seconds left.
|inactive|stn_augustine has 20 seconds left.
|inactive|stn_augustine has 15 seconds left.
|
|t:|1756348575
|switch|p2a: Charizard|Charizard, L50, M|100/100
|turn|4
|
|t:|1756348593
|move|p1a: Whimsicott|Helping Hand|p1b: Ursaluna
|-singleturn|p1b: Ursaluna|Helping Hand|[of] p1a: Whimsicott
|move|p2b: Ursaluna|Protect|p2b: Ursaluna
|-singleturn|p2b: Ursaluna|Protect
|move|p1b: Ursaluna|Blood Moon|p2a: Charizard
|-damage|p2a: Charizard|0 fnt
|faint|p2a: Charizard
|-damage|p1b: Ursaluna|32/100|[from] item: Life Orb
|
|-damage|p2b: Ursaluna|95/100 brn|[from] brn
|upkeep
|turn|5
|
|t:|1756348607
|move|p1a: Whimsicott|Encore|p2b: Ursaluna
|-start|p2b: Ursaluna|Encore
|move|p1b: Ursaluna|Hyper Voice|p2b: Ursaluna
|-damage|p2b: Ursaluna|28/100 brn
|-damage|p1b: Ursaluna|23/100|[from] item: Life Orb
|move|p2b: Ursaluna|Protect||[still]
|-fail|p2b: Ursaluna
|
|-damage|p2b: Ursaluna|22/100 brn|[from] brn
|-sideend|p1: saboyita|move: Tailwind
|upkeep
|turn|6
|
|t:|1756348623
|move|p2b: Ursaluna|Protect|p2b: Ursaluna
|-singleturn|p2b: Ursaluna|Protect
|move|p1a: Whimsicott|Tailwind|p1a: Whimsicott
|-sidestart|p1: saboyita|move: Tailwind
|move|p1b: Ursaluna|Hyper Voice|p2b: Ursaluna
|-activate|p2b: Ursaluna|move: Protect
|
|-damage|p2b: Ursaluna|16/100 brn|[from] brn
|upkeep
|turn|7
|
|t:|1756348632
|move|p1a: Whimsicott|Helping Hand|p1b: Ursaluna
|-singleturn|p1b: Ursaluna|Helping Hand|[of] p1a: Whimsicott
|move|p2b: Ursaluna|Protect|p2b: Ursaluna
|-singleturn|p2b: Ursaluna|Protect
|move|p1b: Ursaluna|Blood Moon|p2b: Ursaluna
|-activate|p2b: Ursaluna|move: Protect
|
|-damage|p2b: Ursaluna|10/100 brn|[from] brn
|-end|p2b: Ursaluna|Encore
|upkeep
|turn|8
|
|t:|1756348651
|move|p1a: Whimsicott|Helping Hand|p1b: Ursaluna
|-singleturn|p1b: Ursaluna|Helping Hand|[of] p1a: Whimsicott
|move|p2b: Ursaluna|Protect||[still]
|-fail|p2b: Ursaluna
|move|p1b: Ursaluna|Hyper Voice|p2b: Ursaluna
|-damage|p2b: Ursaluna|0 fnt
|faint|p2b: Ursaluna
|-damage|p1b: Ursaluna|13/100|[from] item: Life Orb
|
|win|saboyita
