|j|☆sum1dum
|j|☆matteo2002
|html|sum1dummatteo2002    
|uhtml|bestof|Game 3 of a best-of-3
|t:|1783369876
|gametype|doubles
|player|p1|sum1dum|rosa|1163
|player|p2|matteo2002|2|1139
|gen|9
|tier|[Gen 9 Champions] VGC 2026 Reg M-B (Bo3)
|rated|
|rule|Species Clause: Limit one of each Pokémon
|rule|Item Clause: Limit 1 of each item
|clearpoke
|poke|p1|Gliscor, L50, F|
|poke|p1|Primarina, L50, M|
|poke|p1|Metagross, L50|
|poke|p1|Ninetales-Alola, L50, M|
|poke|p1|Incineroar, L50, F|
|poke|p1|Sinistcha, L50|
|poke|p2|Venusaur, L50, M|
|poke|p2|Charizard, L50, M|
|poke|p2|Sylveon, L50, F|
|poke|p2|Incineroar, L50, F|
|poke|p2|Garchomp, L50, F|
|poke|p2|Farigiraf, L50, F|
|teampreview|4
|showteam|p1|Gliscor||LifeOrb|HyperCutter|DualWingbeat,HighHorsepower,Protect,RockSlide|Jolly||F|||50|]Primarina||Leftovers|LiquidVoice|CalmMind,HyperVoice,Moonblast,Protect|Modest||M|||50|]Metagross||Metagrossite|ClearBody|BulletPunch,IronHead,Protect,PsychicFangs|Jolly|||||50|]Ninetales-Alola||LightClay|SnowWarning|AuroraVeil,FreezeDry,Moonblast,Protect|Timid||M|||50|]Incineroar||ChopleBerry|Intimidate|FakeOut,FlareBlitz,DarkestLariat,PartingShot|Impish||F|||50|]Sinistcha||SitrusBerry|Hospitality|MatchaGotcha,Protect,LifeDew,RagePowder|Bold|||||50|
|showteam|p2|Venusaur||FocusSash|Chlorophyll|SludgeBomb,SleepPowder,LeafStorm,Protect|Modest||M|||50|]Charizard||CharizarditeY|Blaze|Protect,HeatWave,WeatherBall,SolarBeam|Modest||M|||50|]Sylveon||FairyFeather|Pixilate|HyperVoice,HyperBeam,QuickAttack,Detect|Modest||F|||50|]Incineroar||SitrusBerry|Intimidate|DarkestLariat,FlareBlitz,PartingShot,FakeOut|Careful||F|||50|]Garchomp||LifeOrb|RoughSkin|Earthquake,DragonClaw,RockSlide,Protect|Jolly||F|||50|]Farigiraf||ColburBerry|ArmorTail|Psychic,Thunderbolt,TrickRoom,Protect|Modest||F|||50|
|inactive|Battle timer is ON: inactive players will automatically lose when time's up. (requested by sum1dum)
|inactive|sum1dum has 60 seconds left.
|inactive|matteo2002 has 60 seconds left.
|
|t:|1783369928
|teamsize|p1|4
|teamsize|p2|4
|start
|switch|p1a: Justice|Incineroar, L50, F|100/100
|switch|p1b: Patience|Primarina, L50, M|100/100
|switch|p2a: Charizard|Charizard, L50, M|100/100
|switch|p2b: Venusaur|Venusaur, L50, M|100/100
|-ability|p1a: Justice|Intimidate|boost
|-unboost|p2a: Charizard|atk|1
|-unboost|p2b: Venusaur|atk|1
|turn|1
|inactive|matteo2002 has 30 seconds left.
|
|t:|1783369963
|switch|p2a: Farigiraf|Farigiraf, L50, F|100/100
|move|p1b: Patience|Protect|p1b: Patience
|-singleturn|p1b: Patience|Protect
|move|p2b: Venusaur|Sleep Powder|p1a: Justice
|-status|p1a: Justice|slp|[from] move: Sleep Powder
|cant|p1a: Justice|slp
|
|upkeep
|turn|2
|
|t:|1783369986
|switch|p1a: Perserverance|Metagross, L50|100/100
|move|p2b: Venusaur|Sleep Powder|p1b: Patience
|-status|p1b: Patience|slp|[from] move: Sleep Powder
|cant|p1b: Patience|slp
|move|p2a: Farigiraf|Thunderbolt|p1b: Patience
|-supereffective|p1b: Patience|1
|-damage|p1b: Patience|54/100 slp
|
|-heal|p1b: Patience|59/100 slp|[from] item: Leftovers
|upkeep
|turn|3
|
|t:|1783370001
|switch|p2b: Incineroar|Incineroar, L50, F|100/100
|-ability|p2b: Incineroar|Intimidate|boost
|-fail|p1a: Perserverance|unboost|[from] ability: Clear Body|[of] p1a: Perserverance
|-unboost|p1b: Patience|atk|1
|switch|p1b: Justice|Incineroar, L50, F|100/100 slp
|-ability|p1b: Justice|Intimidate|boost
|-unboost|p2a: Farigiraf|atk|1
|-unboost|p2b: Incineroar|atk|1
|detailschange|p1a: Perserverance|Metagross-Mega, L50
|-mega|p1a: Perserverance|Metagross|Metagrossite
|move|p1a: Perserverance|Psychic Fangs|p2b: Incineroar
|-immune|p2b: Incineroar
|move|p2a: Farigiraf|Thunderbolt|p1b: Justice
|-damage|p1b: Justice|80/100 slp
|
|upkeep
|turn|4
|inactive|matteo2002 has 30 seconds left.
|inactive|matteo2002 has 20 seconds left.
|inactive|matteo2002 has 15 seconds left.
|inactive|matteo2002 has 10 seconds left.
|inactive|matteo2002 has 5 seconds left.
|
|t:|1783370052
|switch|p1a: Patience|Primarina, L50, M|59/100 slp
|move|p2b: Incineroar|Flare Blitz|p1a: Patience
|-resisted|p1a: Patience|1
|-damage|p1a: Patience|43/100 slp
|-damage|p2b: Incineroar|95/100|[from] Recoil
|-curestatus|p1b: Justice|slp|[msg]
|move|p1b: Justice|Parting Shot|p2b: Incineroar
|-unboost|p2b: Incineroar|atk|1
|-unboost|p2b: Incineroar|spa|1
|
|t:|1783370059
|switch|p1b: Integrity|Ninetales-Alola, L50, M|100/100|[from] Parting Shot
|-weather|Snowscape|[from] ability: Snow Warning|[of] p1b: Integrity
|move|p2a: Farigiraf|Thunderbolt|p1b: Integrity
|-damage|p1b: Integrity|70/100
|
|-weather|Snowscape|[upkeep]
|-heal|p1a: Patience|49/100 slp|[from] item: Leftovers
|upkeep
|turn|5
|
|t:|1783370076
|move|p1b: Integrity|Aurora Veil|p1b: Integrity
|-sidestart|p1: sum1dum|move: Aurora Veil
|move|p2b: Incineroar|Parting Shot|p1a: Patience
|-unboost|p1a: Patience|atk|1
|-unboost|p1a: Patience|spa|1
|
|t:|1783370082
|switch|p2b: Charizard|Charizard, L50, M|100/100|[from] Parting Shot
|-curestatus|p1a: Patience|slp|[msg]
|move|p1a: Patience|Calm Mind|p1a: Patience
|-boost|p1a: Patience|spa|1
|-boost|p1a: Patience|spd|1
|move|p2a: Farigiraf|Thunderbolt|p1a: Patience
|-supereffective|p1a: Patience|1
|-damage|p1a: Patience|32/100
|
|-weather|Snowscape|[upkeep]
|-heal|p1a: Patience|38/100|[from] item: Leftovers
|upkeep
|turn|6
|
|t:|1783370107
|switch|p1b: Justice|Incineroar, L50, F|80/100
|-ability|p1b: Justice|Intimidate|boost
|-unboost|p2a: Farigiraf|atk|1
|-unboost|p2b: Charizard|atk|1
|detailschange|p2b: Charizard|Charizard-Mega-Y, L50, M
|-mega|p2b: Charizard|Charizard|Charizardite Y
|-weather|SunnyDay|[from] ability: Drought|[of] p2b: Charizard
|move|p2b: Charizard|Heat Wave|p1b: Justice|[spread] p1a,p1b
|-resisted|p1a: Patience|1
|-resisted|p1b: Justice|1
|-damage|p1a: Patience|26/100
|-damage|p1b: Justice|62/100
|move|p2a: Farigiraf|Thunderbolt|p1a: Patience
|-supereffective|p1a: Patience|1
|-damage|p1a: Patience|9/100
|move|p1a: Patience|Calm Mind|p1a: Patience
|-boost|p1a: Patience|spa|1
|-boost|p1a: Patience|spd|1
|
|-weather|SunnyDay|[upkeep]
|-heal|p1a: Patience|14/100|[from] item: Leftovers
|upkeep
|turn|7
|inactive|matteo2002 has 30 seconds left.
|inactive|matteo2002 has 20 seconds left.
|
|t:|1783370144
|switch|p2b: Incineroar|Incineroar, L50, F|95/100
|-ability|p2b: Incineroar|Intimidate|boost
|-unboost|p1a: Patience|atk|1
|-unboost|p1b: Justice|atk|1
|move|p1a: Patience|Protect|p1a: Patience
|-singleturn|p1a: Patience|Protect
|move|p1b: Justice|Parting Shot|p2b: Incineroar
|-unboost|p2b: Incineroar|atk|1
|-unboost|p2b: Incineroar|spa|1
|
|t:|1783370152
|switch|p1b: Perserverance|Metagross-Mega, L50|100/100|[from] Parting Shot
|move|p2a: Farigiraf|Thunderbolt|p1a: Patience
|-activate|p1a: Patience|move: Protect
|
|-weather|SunnyDay|[upkeep]
|-heal|p1a: Patience|20/100y|[from] item: Leftovers
|upkeep
|turn|8
|
|t:|1783370176
|switch|p1b: Justice|Incineroar, L50, F|62/100
|-ability|p1b: Justice|Intimidate|boost
|-unboost|p2a: Farigiraf|atk|1
|-unboost|p2b: Incineroar|atk|1
|move|p2b: Incineroar|Flare Blitz|p1b: Justice
|-resisted|p1b: Justice|1
|-damage|p1b: Justice|53/100
|-damage|p2b: Incineroar|92/100|[from] Recoil
|move|p2a: Farigiraf|Thunderbolt|p1a: Patience
|-supereffective|p1a: Patience|1
|-damage|p1a: Patience|7/100
|move|p1a: Patience|Moonblast|p2a: Farigiraf
|-damage|p2a: Farigiraf|41/100
|
|-weather|SunnyDay|[upkeep]
|-heal|p1a: Patience|13/100|[from] item: Leftovers
|upkeep
|turn|9
|
|t:|1783370196
|move|p1a: Patience|Protect|p1a: Patience
|-singleturn|p1a: Patience|Protect
|move|p2b: Incineroar|Parting Shot|p1a: Patience
|-activate|p1a: Patience|move: Protect
|move|p1b: Justice|Flare Blitz|p2a: Farigiraf
|-damage|p2a: Farigiraf|0 fnt
|faint|p2a: Farigiraf
|-damage|p1b: Justice|38/100|[from] Recoil
|
|-weather|SunnyDay|[upkeep]
|-heal|p1a: Patience|19/100|[from] item: Leftovers
|upkeep
|
|t:|1783370207
|switch|p2a: Venusaur|Venusaur, L50, M|100/100
|turn|10
|inactive|sum1dum has 30 seconds left.
|inactive|matteo2002 has 30 seconds left.
|inactive|sum1dum has 20 seconds left.
|inactive|sum1dum has 15 seconds left.
|inactive|matteo2002 has 20 seconds left.
|inactive|sum1dum has 10 seconds left.
|
|t:|1783370259
|move|p2a: Venusaur|Sleep Powder|p1b: Justice
|-status|p1b: Justice|slp|[from] move: Sleep Powder
|move|p2b: Incineroar|Flare Blitz|p1a: Patience
|-resisted|p1a: Patience|1
|-damage|p1a: Patience|7/100
|-damage|p2b: Incineroar|88/100|[from] Recoil
|cant|p1b: Justice|slp
|move|p1a: Patience|Moonblast|p2a: Venusaur
|-resisted|p2a: Venusaur|1
|-damage|p2a: Venusaur|59/100
|
|-weather|none
|-heal|p1a: Patience|13/100|[from] item: Leftovers
|upkeep
|turn|11
|
|t:|1783370279
|move|p1a: Patience|Protect|p1a: Patience
|-singleturn|p1a: Patience|Protect
|move|p2a: Venusaur|Sludge Bomb|p1a: Patience
|-activate|p1a: Patience|move: Protect
|move|p2b: Incineroar|Parting Shot|p1a: Patience
|-activate|p1a: Patience|move: Protect
|cant|p1b: Justice|slp
|
|-heal|p1a: Patience|19/100|[from] item: Leftovers
|upkeep
|turn|12
|inactive|matteo2002 has 30 seconds left.
|inactive|sum1dum has 30 seconds left.
|inactive|matteo2002 has 20 seconds left.
|
|t:|1783370318
|switch|p1a: Perserverance|Metagross-Mega, L50|100/100
|move|p2a: Venusaur|Protect|p2a: Venusaur
|-singleturn|p2a: Venusaur|Protect
|move|p2b: Incineroar|Parting Shot|p1b: Justice
|-unboost|p1b: Justice|atk|1
|-unboost|p1b: Justice|spa|1
|
|t:|1783370325
|switch|p2b: Charizard|Charizard-Mega-Y, L50, M|100/100|[from] Parting Shot
|-weather|SunnyDay|[from] ability: Drought|[of] p2b: Charizard
|-curestatus|p1b: Justice|slp|[msg]
|move|p1b: Justice|Flare Blitz|p2a: Venusaur
|-activate|p2a: Venusaur|move: Protect
|
|-weather|SunnyDay|[upkeep]
|-sideend|p1: sum1dum|move: Aurora Veil
|upkeep
|turn|13
|inactive|sum1dum has 30 seconds left.
|
|t:|1783370352
|switch|p2a: Incineroar|Incineroar, L50, F|88/100
|-ability|p2a: Incineroar|Intimidate|boost
|-unboost|p1a: Perserverance|atk|1
|-unboost|p1b: Justice|atk|1
|switch|p1b: Integrity|Ninetales-Alola, L50, M|70/100
|-weather|Snowscape|[from] ability: Snow Warning|[of] p1b: Integrity
|move|p1a: Perserverance|Psychic Fangs|p2b: Charizard
|-damage|p2b: Charizard|59/100
|move|p2b: Charizard|Heat Wave|p1a: Perserverance|[spread] p1a,p1b
|-supereffective|p1a: Perserverance|1
|-supereffective|p1b: Integrity|1
|-damage|p1a: Perserverance|10/100
|-damage|p1b: Integrity|0 fnt
|faint|p1b: Integrity
|
|-weather|Snowscape|[upkeep]
|upkeep
|
|t:|1783370357
|switch|p1b: Patience|Primarina, L50, M|19/100
|turn|14
|
|t:|1783370379
|move|p1a: Perserverance|Protect|p1a: Perserverance
|-singleturn|p1a: Perserverance|Protect
|move|p2a: Incineroar|Fake Out|p1b: Patience
|-damage|p1b: Patience|7/100
|move|p2b: Charizard|Heat Wave|p1a: Perserverance|[spread] p1b
|-activate|p1a: Perserverance|move: Protect
|-resisted|p1b: Patience|1
|-damage|p1b: Patience|0 fnt
|faint|p1b: Patience
|
|-weather|Snowscape|[upkeep]
|upkeep
|
|t:|1783370383
|switch|p1b: Justice|Incineroar, L50, F|38/100
|-ability|p1b: Justice|Intimidate|boost
|-unboost|p2a: Incineroar|atk|1
|-unboost|p2b: Charizard|atk|1
|turn|15
|inactive|matteo2002 has 30 seconds left.
|inactive|matteo2002 has 20 seconds left.
|-message|sum1dum forfeited.
|
|win|matteo2002
|raw|sum1dum's rating: 1163 → 1136(-27 for losing)
|raw|matteo2002's rating: 1139 → 1166(+27 for winning)
