|j|â˜†iTornado
|j|â˜†whoupvolcntheyrona
|html|iTornadowhoupvolcntheyrona    
|uhtml|bestof|Game 1 of a best-of-3
|t:|1757651420
|gametype|doubles
|player|p1|iTornado|lucas|1077
|player|p2|whoupvolcntheyrona|scientist-gen4|1173
|gen|9
|tier|[Gen 9] VGC 2025 Reg H (Bo3)
|rated|
|rule|Species Clause: Limit one of each PokÃ©mon
|rule|Item Clause: Limit 1 of each item
|clearpoke
|poke|p1|Annihilape, L50, M|
|poke|p1|Ninetales-Alola, L50, F|
|poke|p1|Talonflame, L50, F|
|poke|p1|Garchomp, L50, M|
|poke|p1|Vivillon-Ocean, L50, F|
|poke|p1|Gholdengo, L50|
|poke|p2|Ursaluna-Bloodmoon, L50, M|
|poke|p2|Gholdengo, L50|
|poke|p2|Dragonite, L50, F|
|poke|p2|Ninetales-Alola, L50, F|
|poke|p2|Annihilape, L50, M|
|poke|p2|Smeargle, L50, F|
|teampreview|4
|showteam|p1|Annihilape||SafetyGoggles|Defiant|RageFist,DrainPunch,BulkUp,Protect|||M|||50|,,,,,Water]Ninetales-Alola||CovertCloak|SnowWarning|Blizzard,FreezeDry,AuroraVeil,Protect|||F|||50|,,,,,Ice]Talonflame||SharpBeak|GaleWings|DualWingbeat,Tailwind,WillOWisp,Protect|||F|||50|,,,,,Ghost]Garchomp||LifeOrb|RoughSkin|Earthquake,StompingTantrum,DragonClaw,Protect|||M|||50|,,,,,Steel]Vivillon-Ocean||FocusSash|CompoundEyes|SleepPowder,Hurricane,RagePowder,Protect|||F|||50|,,,,,Ghost]Gholdengo||IronPlate|GoodasGold|MakeItRain,ShadowBall,NastyPlot,Protect||||||50|,,,,,Steel
|showteam|p2|Ursaluna-Bloodmoon||AssaultVest|MindsEye|BloodMoon,HyperVoice,EarthPower,VacuumWave|||M|||50|,,,,,Ghost]Gholdengo||LifeOrb|GoodasGold|MakeItRain,ShadowBall,NastyPlot,Protect||||||50|,,,,,Water]Dragonite||LoadedDice|Multiscale|ExtremeSpeed,ScaleShot,Tailwind,Protect|||F|||50|,,,,,Normal]Ninetales-Alola||LightClay|SnowWarning|IcicleSpear,IcyWind,AuroraVeil,Blizzard|||F|||50|,,,,,Ghost]Annihilape||SafetyGoggles|Defiant|BulkUp,RageFist,DrainPunch,Protect|||M|||50|,,,,,Fire]Smeargle||FocusSash|Moody|FakeOut,Spore,Decorate,FollowMe|||F|||50|,,,,,Ghost
|inactive|Battle timer is ON: inactive players will automatically lose when time's up. (requested by whoupvolcntheyrona)
|inactive|iTornado has 60 seconds left.
|
|t:|1757651467
|teamsize|p1|4
|teamsize|p2|4
|start
|switch|p1a: Gholdengo|Gholdengo, L50|100/100
|switch|p1b: Vivillon|Vivillon-Ocean, L50, F|100/100
|switch|p2a: Annihilape|Annihilape, L50, M|100/100
|switch|p2b: Ninetales|Ninetales-Alola, L50, F|100/100
|-weather|Snowscape|[from] ability: Snow Warning|[of] p2b: Ninetales
|turn|1
|
|t:|1757651489
|move|p2b: Ninetales|Icicle Spear|p2a: Annihilape
|-damage|p2a: Annihilape|94/100
|-damage|p2a: Annihilape|88/100
|-damage|p2a: Annihilape|82/100
|-hitcount|p2a: Annihilape|3
|move|p2a: Annihilape|Rage Fist|p1a: Gholdengo
|-supereffective|p1a: Gholdengo
|-damage|p1a: Gholdengo|0 fnt
|faint|p1a: Gholdengo
|move|p1b: Vivillon|Hurricane|p2a: Annihilape
|-supereffective|p2a: Annihilape
|-damage|p2a: Annihilape|4/100
|
|-weather|Snowscape|[upkeep]
|upkeep
|
|t:|1757651505
|switch|p1a: Garchomp|Garchomp, L50, M|100/100
|turn|2
|inactive|iTornado has 30 seconds left.
|
|t:|1757651532
|-terastallize|p1a: Garchomp|Steel
|move|p2b: Ninetales|Icy Wind|p1a: Garchomp|[spread] p1b
|-miss|p2b: Ninetales|p1a: Garchomp
|-supereffective|p1b: Vivillon
|-damage|p1b: Vivillon|53/100
|-unboost|p1b: Vivillon|spe|1
|move|p1a: Garchomp|Earthquake|p2b: Ninetales|[spread] p2a,p2b
|-immune|p1b: Vivillon
|-crit|p2a: Annihilape
|-damage|p2a: Annihilape|0 fnt
|-damage|p2b: Ninetales|62/100
|faint|p2a: Annihilape
|-damage|p1a: Garchomp|91/100|[from] item: Life Orb
|move|p1b: Vivillon|Sleep Powder|p2b: Ninetales
|-status|p2b: Ninetales|slp|[from] move: Sleep Powder
|
|-weather|Snowscape|[upkeep]
|upkeep
|
|t:|1757651543
|switch|p2a: Gholdengo|Gholdengo, L50|100/100
|turn|3
|
|t:|1757651554
|move|p2a: Gholdengo|Protect|p2a: Gholdengo
|-singleturn|p2a: Gholdengo|Protect
|move|p1b: Vivillon|Protect|p1b: Vivillon
|-singleturn|p1b: Vivillon|Protect
|cant|p2b: Ninetales|slp
|move|p1a: Garchomp|Earthquake|p2a: Gholdengo|[spread] p2b
|-activate|p1b: Vivillon|move: Protect
|-activate|p2a: Gholdengo|move: Protect
|-damage|p2b: Ninetales|23/100 slp
|-damage|p1a: Garchomp|81/100|[from] item: Life Orb
|
|-weather|Snowscape|[upkeep]
|upkeep
|turn|4
|inactive|iTornado has 30 seconds left.
|
|t:|1757651583
|-terastallize|p2a: Gholdengo|Water
|cant|p2b: Ninetales|slp
|move|p1a: Garchomp|Earthquake|p2a: Gholdengo|[spread] p2a,p2b
|-immune|p1b: Vivillon
|-damage|p2a: Gholdengo|45/100
|-damage|p2b: Ninetales|0 fnt
|faint|p2b: Ninetales
|-damage|p1a: Garchomp|71/100|[from] item: Life Orb
|move|p2a: Gholdengo|Make It Rain|p1a: Garchomp|[spread] p1a,p1b
|-resisted|p1a: Garchomp
|-damage|p1a: Garchomp|41/100
|-damage|p1b: Vivillon|0 fnt
|-unboost|p2a: Gholdengo|spa|1
|faint|p1b: Vivillon
|-damage|p2a: Gholdengo|35/100|[from] item: Life Orb
|
|-weather|Snowscape|[upkeep]
|upkeep
|
|t:|1757651598
|switch|p2b: Ursaluna|Ursaluna-Bloodmoon, L50, M|100/100
|switch|p1b: Ninetales|Ninetales-Alola, L50, F, shiny|100/100
|turn|5
|
|t:|1757651609
|move|p2a: Gholdengo|Protect|p2a: Gholdengo
|-singleturn|p2a: Gholdengo|Protect
|move|p1b: Ninetales|Aurora Veil|p1b: Ninetales
|-sidestart|p1: iTornado|move: Aurora Veil
|move|p1a: Garchomp|Dragon Claw|p2a: Gholdengo
|-activate|p2a: Gholdengo|move: Protect
|move|p2b: Ursaluna|Earth Power|p1a: Garchomp
|-supereffective|p1a: Garchomp
|-damage|p1a: Garchomp|0 fnt
|faint|p1a: Garchomp
|
|-weather|none
|upkeep
|turn|6
|
|t:|1757651620
|move|p1b: Ninetales|Blizzard|p2b: Ursaluna|[spread] p2a,p2b
|-resisted|p2a: Gholdengo
|-supereffective|p2b: Ursaluna
|-damage|p2a: Gholdengo|19/100
|-damage|p2b: Ursaluna|62/100
|move|p2a: Gholdengo|Make It Rain|p1b: Ninetales
|-supereffective|p1b: Ninetales
|-damage|p1b: Ninetales|0 fnt
|-unboost|p2a: Gholdengo|spa|1
|faint|p1b: Ninetales
|-damage|p2a: Gholdengo|9/100|[from] item: Life Orb
|
|win|whoupvolcntheyrona
||iTornado is ready for game 2.
||whoupvolcntheyrona is ready for game 2.
|uhtml|next|Next: Game 2 of 3
