|j|☆Marauder1
|j|☆smellslikeupdawg
|html|Marauder1smellslikeupdawg    
|uhtml|bestof|Game 2 of a best-of-3
|t:|1784438945
|gametype|doubles
|player|p1|Marauder1|170|1101
|player|p2|smellslikeupdawg|2|1115
|gen|9
|tier|[Gen 9 Champions] VGC 2026 Reg M-B (Bo3)
|rated|
|rule|Species Clause: Limit one of each Pokémon
|rule|Item Clause: Limit 1 of each item
|clearpoke
|poke|p1|Aerodactyl, L50, F|
|poke|p1|Gholdengo, L50|
|poke|p1|Tsareena, L50, F|
|poke|p1|Lopunny, L50, M|
|poke|p1|Basculegion, L50, M|
|poke|p1|Hydreigon, L50, F|
|poke|p2|Blaziken, L50, M|
|poke|p2|Kingambit, L50, F|
|poke|p2|Basculegion, L50, M|
|poke|p2|Ninetales-Alola, L50, M|
|poke|p2|Metagross, L50|
|poke|p2|Farigiraf, L50, M|
|teampreview|4
|showteam|p1|Aerodactyl||FocusSash|Unnerve|RockSlide,DualWingbeat,Tailwind,Protect|Jolly||F|||50|]Gholdengo||LifeOrb|GoodasGold|MakeItRain,ShadowBall,PowerGem,Protect|Modest|||||50|]Tsareena||CobaBerry|QueenlyMajesty|TropKick,LowKick,Taunt,HelpingHand|Adamant||F|||50|]Lopunny||Lopunnite|Limber|FakeOut,CloseCombat,TripleAxel,Protect|Jolly||M|||50|]Basculegion||MysticWater|Adaptability|WaveCrash,LastRespects,AquaJet,Protect|Adamant||M|||50|]Hydreigon||ChoiceScarf|Levitate|DarkPulse,DracoMeteor,Flamethrower,EarthPower|Modest||F|||50|
|showteam|p2|Blaziken||Blazikenite|SpeedBoost|Protect,RockSlide,FlareBlitz,CloseCombat|Adamant||M|||50|]Kingambit||LifeOrb|Defiant|SuckerPunch,KowtowCleave,IronHead,Protect|Adamant||F|||50|]Basculegion||FocusSash|Adaptability|Liquidation,AquaJet,LastRespects,Protect|Jolly||M|||50|]Ninetales-Alola||ChoiceScarf|SnowWarning|Blizzard,FreezeDry,Moonblast,Psyshock|Timid||M|||50|]Metagross||Metagrossite|ClearBody|Protect,PsychicFangs,StompingTantrum,IronHead|Jolly|||||50|]Farigiraf||SitrusBerry|ArmorTail|Protect,Roar,Psychic,TrickRoom|Calm||M|||50|
|inactive|Battle timer is ON: inactive players will automatically lose when time's up. (requested by smellslikeupdawg)
|inactive|Marauder1 has 60 seconds left.
|
|t:|1784438978
|teamsize|p1|4
|teamsize|p2|4
|start
|switch|p1a: Basculegion|Basculegion, L50, M|100/100
|switch|p1b: Tsareena|Tsareena, L50, F|100/100
|switch|p2a: Blaziken|Blaziken, L50, M|100/100
|switch|p2b: Kingambit|Kingambit, L50, F|100/100
|turn|1
|inactive|Marauder1 has 30 seconds left.
|
|t:|1784439009
|detailschange|p2a: Blaziken|Blaziken-Mega, L50, M
|-mega|p2a: Blaziken|Blaziken|Blazikenite
|move|p1b: Tsareena|Helping Hand|p1a: Basculegion
|-singleturn|p1a: Basculegion|Helping Hand|[of] p1b: Tsareena
|move|p2a: Blaziken|Protect|p2a: Blaziken
|-singleturn|p2a: Blaziken|Protect
|move|p1a: Basculegion|Wave Crash|p2b: Kingambit
|-damage|p2b: Kingambit|0 fnt
|faint|p2b: Kingambit
|-damage|p1a: Basculegion|67/100|[from] Recoil
|
|-ability|p2a: Blaziken|Speed Boost|boost
|-boost|p2a: Blaziken|spe|1
|upkeep
|
|t:|1784439021
|switch|p2b: Ninetales|Ninetales-Alola, L50, M|100/100
|-weather|Snowscape|[from] ability: Snow Warning|[of] p2b: Ninetales
|turn|2
|
|t:|1784439044
|move|p1a: Basculegion|Aqua Jet|p2a: Blaziken
|-supereffective|p2a: Blaziken|1
|-damage|p2a: Blaziken|1/100
|move|p2b: Ninetales|Freeze-Dry|p1a: Basculegion
|-supereffective|p1a: Basculegion|1
|-damage|p1a: Basculegion|9/100
|move|p2a: Blaziken|Flare Blitz|p1b: Tsareena
|-supereffective|p1b: Tsareena|1
|-damage|p1b: Tsareena|0 fnt
|faint|p1b: Tsareena
|-damage|p2a: Blaziken|0 fnt|[from] Recoil
|faint|p2a: Blaziken
|
|-weather|Snowscape|[upkeep]
|upkeep
|
|t:|1784439062
|switch|p2a: Basculegion|Basculegion, L50, M|100/100
|switch|p1b: Lopunny|Lopunny, L50, M|100/100
|turn|3
|
|t:|1784439075
|detailschange|p1b: Lopunny|Lopunny-Mega, L50, M
|-mega|p1b: Lopunny|Lopunny|Lopunnite
|move|p2a: Basculegion|Protect|p2a: Basculegion
|-singleturn|p2a: Basculegion|Protect
|move|p1b: Lopunny|Fake Out|p2a: Basculegion
|-activate|p2a: Basculegion|move: Protect
|move|p1a: Basculegion|Aqua Jet|p2a: Basculegion
|-activate|p2a: Basculegion|move: Protect
|move|p2b: Ninetales|Freeze-Dry|p1a: Basculegion
|-supereffective|p1a: Basculegion|1
|-damage|p1a: Basculegion|0 fnt
|faint|p1a: Basculegion
|
|-weather|Snowscape|[upkeep]
|upkeep
|
|t:|1784439078
|switch|p1a: Gholdengo|Gholdengo, L50|100/100
|turn|4
|inactive|Marauder1 has 30 seconds left.
|
|t:|1784439110
|move|p1a: Gholdengo|Protect|p1a: Gholdengo
|-singleturn|p1a: Gholdengo|Protect
|move|p2b: Ninetales|Freeze-Dry|p1b: Lopunny
|-damage|p1b: Lopunny|61/100
|move|p1b: Lopunny|Triple Axel|p2a: Basculegion
|-resisted|p2a: Basculegion|1
|-crit|p2a: Basculegion
|-damage|p2a: Basculegion|92/100
|-resisted|p2a: Basculegion|1
|-damage|p2a: Basculegion|83/100
|-resisted|p2a: Basculegion|1
|-damage|p2a: Basculegion|70/100
|-hitcount|p2a: Basculegion|3
|move|p2a: Basculegion|Last Respects|p1a: Gholdengo
|-activate|p1a: Gholdengo|move: Protect
|
|-weather|Snowscape|[upkeep]
|upkeep
|turn|5
|
|t:|1784439127
|move|p2b: Ninetales|Freeze-Dry|p1b: Lopunny
|-damage|p1b: Lopunny|25/100
|move|p1b: Lopunny|Close Combat|p2a: Basculegion
|-damage|p2a: Basculegion|0 fnt
|-unboost|p1b: Lopunny|def|1
|-unboost|p1b: Lopunny|spd|1
|faint|p2a: Basculegion
|move|p1a: Gholdengo|Make It Rain|p2b: Ninetales
|-supereffective|p2b: Ninetales|2
|-damage|p2b: Ninetales|0 fnt
|-unboost|p1a: Gholdengo|spa|2
|faint|p2b: Ninetales
|-damage|p1a: Gholdengo|90/100|[from] item: Life Orb
|
|win|Marauder1
|raw|Marauder1's rating: 1101 → 1127(+26 for winning)
|raw|smellslikeupdawg's rating: 1115 → 1089(-26 for losing)
|c|☆Marauder1|gg
|c|☆smellslikeupdawg|how did you outspeed
|c|☆Marauder1|what
|l|☆smellslikeupdawg
|player|p2|
