|j|☆No.1AnicredibleFan
|j|☆archebol
|html|No.1AnicredibleFanarchebol    
|uhtml|bestof|Game 1 of a best-of-3
|t:|1756401762
|gametype|doubles
|player|p1|No.1AnicredibleFan|hilbert|1096
|player|p2|archebol|265|1064
|gen|9
|tier|[Gen 9] VGC 2025 Reg H (Bo3)
|rated|
|rule|Species Clause: Limit one of each Pokémon
|rule|Item Clause: Limit 1 of each item
|clearpoke
|poke|p1|Baxcalibur, L50, F|
|poke|p1|Ursaluna-Bloodmoon, L50, M|
|poke|p1|Farigiraf, L50, F|
|poke|p1|Murkrow, L50, F|
|poke|p1|Arcanine-Hisui, L50, F|
|poke|p1|Amoonguss, L50, F|
|poke|p2|Rillaboom, L50, M|
|poke|p2|Ninetales-Alola, L50, M|
|poke|p2|Gholdengo, L50|
|poke|p2|Dragonite, L50, M|
|poke|p2|Dondozo, L50, F|
|poke|p2|Annihilape, L50, F|
|teampreview|4
|showteam|p1|Baxcalibur||LoadedDice|ThermalExchange|Protect,SwordsDance,ScaleShot,IcicleSpear|||F|||50|,,,,,Poison]Ursaluna-Bloodmoon||LifeOrb|MindsEye|Protect,EarthPower,HyperVoice,BloodMoon|||M|||50|,,,,,Normal]Farigiraf||ThroatSpray|ArmorTail|Protect,TrickRoom,HyperVoice,Psychic|||F|||50|,,,,,Water]Murkrow||Eviolite|Prankster|Protect,Tailwind,Snarl,Haze|||F|||50|,,,,,Ghost]Arcanine-Hisui||ClearAmulet|Intimidate|FlareBlitz,RockSlide,ExtremeSpeed,CloseCombat|||F|||50|,,,,,Grass]Amoonguss||SitrusBerry|Regenerator|Protect,RagePowder,PollenPuff,Spore|||F|||50|,,,,,Water
|showteam|p2|Rillaboom||MiracleSeed|GrassySurge|WoodHammer,FakeOut,GrassyGlide,Protect|||M|||50|,,,,,Fire]Ninetales-Alola||LightClay|SnowWarning|IcicleSpear,Blizzard,AuroraVeil,IcyWind|||M|||50|,,,,,Ghost]Gholdengo||ChoiceScarf|GoodasGold|MakeItRain,ShadowBall,Trick,NastyPlot||||||50|,,,,,Steel]Dragonite||LoadedDice|Multiscale|ScaleShot,ExtremeSpeed,Protect,Encore|||M|||50|,,,,,Normal]Dondozo||Leftovers|Unaware|Yawn,WaveCrash,Protect,Earthquake|||F|||50|,,,,,Ground]Annihilape||SafetyGoggles|Defiant|DrainPunch,RageFist,Protect,BulkUp|||F|||50|,,,,,Fire
|
|t:|1756401820
|teamsize|p1|4
|teamsize|p2|4
|start
|switch|p1a: Arcanine|Arcanine-Hisui, L50, F|100/100
|switch|p1b: Murkrow|Murkrow, L50, F|100/100
|switch|p2a: Ninetales|Ninetales-Alola, L50, M|100/100
|switch|p2b: Annihilape|Annihilape, L50, F|100/100
|-weather|Snowscape|[from] ability: Snow Warning|[of] p2a: Ninetales
|-ability|p1a: Arcanine|Intimidate|boost
|-unboost|p2a: Ninetales|atk|1
|-unboost|p2b: Annihilape|atk|1
|-ability|p2b: Annihilape|Defiant|boost
|-boost|p2b: Annihilape|atk|2
|turn|1
|
|t:|1756401844
|-terastallize|p1a: Arcanine|Grass
|move|p1b: Murkrow|Tailwind|p1b: Murkrow
|-sidestart|p1: No.1AnicredibleFan|move: Tailwind
|move|p1a: Arcanine|Flare Blitz|p2a: Ninetales
|-supereffective|p2a: Ninetales
|-damage|p2a: Ninetales|0 fnt
|faint|p2a: Ninetales
|-damage|p1a: Arcanine|73/100|[from] Recoil
|move|p2b: Annihilape|Drain Punch|p1a: Arcanine
|-damage|p1a: Arcanine|8/100
|
|-weather|Snowscape|[upkeep]
|upkeep
|
|t:|1756401851
|switch|p2a: Rillaboom|Rillaboom, L50, M|100/100
|-fieldstart|move: Grassy Terrain|[from] ability: Grassy Surge|[of] p2a: Rillaboom
|turn|2
|
|t:|1756401870
|switch|p1b: Farigiraf|Farigiraf, L50, F|100/100
|move|p2a: Rillaboom|Fake Out||[still]
|cant|p1b: Farigiraf|ability: Armor Tail|Fake Out|[of] p2a: Rillaboom
|move|p1a: Arcanine|Flare Blitz|p2a: Rillaboom
|-supereffective|p2a: Rillaboom
|-damage|p2a: Rillaboom|0 fnt
|faint|p2a: Rillaboom
|-damage|p1a: Arcanine|0 fnt|[from] Recoil
|faint|p1a: Arcanine
|move|p2b: Annihilape|Drain Punch|p1b: Farigiraf
|-damage|p1b: Farigiraf|46/100
|
|-weather|Snowscape|[upkeep]
|-heal|p1b: Farigiraf|52/100|[from] Grassy Terrain
|upkeep
|
|t:|1756401887
|switch|p1a: Murkrow|Murkrow, L50, F|100/100
|switch|p2a: Dondozo|Dondozo, L50, F|100/100
|turn|3
|
|t:|1756401898
|switch|p1b: Amoonguss|Amoonguss, L50, F|100/100
|move|p1a: Murkrow|Haze|p1a: Murkrow
|-clearallboost
|move|p2b: Annihilape|Drain Punch|p1b: Amoonguss
|-resisted|p1b: Amoonguss
|-damage|p1b: Amoonguss|86/100
|move|p2a: Dondozo|Wave Crash|p1b: Amoonguss
|-resisted|p1b: Amoonguss
|-damage|p1b: Amoonguss|69/100
|-damage|p2a: Dondozo|95/100|[from] Recoil
|
|-weather|Snowscape|[upkeep]
|-heal|p1b: Amoonguss|75/100|[from] Grassy Terrain
|-heal|p2a: Dondozo|100/100|[from] Grassy Terrain
|upkeep
|turn|4
|
|t:|1756401929
|move|p1a: Murkrow|Protect|p1a: Murkrow
|-singleturn|p1a: Murkrow|Protect
|move|p2b: Annihilape|Drain Punch|p1a: Murkrow
|-activate|p1a: Murkrow|move: Protect
|move|p1b: Amoonguss|Spore|p2a: Dondozo
|-status|p2a: Dondozo|slp|[from] move: Spore
|cant|p2a: Dondozo|slp
|
|-weather|Snowscape|[upkeep]
|-heal|p1b: Amoonguss|80/100|[from] Grassy Terrain
|-sideend|p1: No.1AnicredibleFan|move: Tailwind
|upkeep
|turn|5
|inactive|Battle timer is ON: inactive players will automatically lose when time's up. (requested by No.1AnicredibleFan)
|
|t:|1756401952
|switch|p1a: Farigiraf|Farigiraf, L50, F|52/100
|move|p1b: Amoonguss|Rage Powder|p1b: Amoonguss
|-singleturn|p1b: Amoonguss|move: Rage Powder
|move|p2b: Annihilape|Drain Punch|p1a: Farigiraf
|-damage|p1a: Farigiraf|18/100
|-curestatus|p2a: Dondozo|slp|[msg]
|move|p2a: Dondozo|Yawn|p1b: Amoonguss
|-start|p1b: Amoonguss|move: Yawn|[of] p2a: Dondozo
|
|-weather|none
|-heal|p1a: Farigiraf|24/100|[from] Grassy Terrain
|-heal|p1b: Amoonguss|86/100|[from] Grassy Terrain
|upkeep
|turn|6
|
|t:|1756401976
|switch|p1b: Murkrow|Murkrow, L50, F|100/100
|move|p1a: Farigiraf|Protect|p1a: Farigiraf
|-singleturn|p1a: Farigiraf|Protect
|move|p2a: Dondozo|Protect|p2a: Dondozo
|-singleturn|p2a: Dondozo|Protect
|move|p2b: Annihilape|Drain Punch|p1a: Farigiraf
|-activate|p1a: Farigiraf|move: Protect
|
|-heal|p1a: Farigiraf|30/100|[from] Grassy Terrain
|-fieldend|move: Grassy Terrain
|upkeep
|turn|7
|
|t:|1756401986
|move|p1b: Murkrow|Tailwind|p1b: Murkrow
|-sidestart|p1: No.1AnicredibleFan|move: Tailwind
|move|p1a: Farigiraf|Psychic|p2b: Annihilape
|-supereffective|p2b: Annihilape
|-damage|p2b: Annihilape|29/100
|move|p2b: Annihilape|Drain Punch|p1a: Farigiraf
|-damage|p1a: Farigiraf|0 fnt
|-heal|p2b: Annihilape|42/100|[from] drain|[of] p1a: Farigiraf
|faint|p1a: Farigiraf
|move|p2a: Dondozo|Yawn|p1b: Murkrow
|-start|p1b: Murkrow|move: Yawn|[of] p2a: Dondozo
|
|upkeep
|
|t:|1756401993
|switch|p1a: Amoonguss|Amoonguss, L50, F|100/100
|turn|8
|-message|No.1AnicredibleFan forfeited.
|
|win|archebol
