|j|☆Myfriendgarchomp
|j|☆fili53
|html|Myfriendgarchompfili53    
|uhtml|bestof|Game 1 of a best-of-3
|t:|1757781844
|gametype|doubles
|player|p1|Myfriendgarchomp|colress|1128
|player|p2|fili53|cress|1170
|gen|9
|tier|[Gen 9] VGC 2025 Reg H (Bo3)
|rated|
|rule|Species Clause: Limit one of each Pokémon
|rule|Item Clause: Limit 1 of each item
|clearpoke
|poke|p1|Weezing-Galar, L50, M|
|poke|p1|Baxcalibur, L50, M|
|poke|p1|Dondozo, L50, F|
|poke|p1|Tatsugiri, L50, F|
|poke|p1|Ursaluna-Bloodmoon, L50, M|
|poke|p1|Talonflame, L50, M|
|poke|p2|Arcanine-Hisui, L50, F|
|poke|p2|Rillaboom, L50, M|
|poke|p2|Clefable, L50, F|
|poke|p2|Inteleon, L50, F|
|poke|p2|Sneasler, L50, F|
|poke|p2|Gholdengo, L50|
|teampreview|4
|showteam|p1|Weezing-Galar||SitrusBerry|NeutralizingGas|WillOWisp,PoisonGas,StrangeSteam,Protect|||M|||50|,,,,,Flying]Baxcalibur||LoadedDice|ThermalExchange|ScaleShot,IcicleSpear,Protect,IceShard|||M|||50|,,,,,Ghost]Dondozo||Leftovers|Unaware|WaveCrash,OrderUp,Earthquake,Protect|||F|||50|,,,,,Grass]Tatsugiri||ChoiceScarf|Commander|DragonPulse,DracoMeteor,IcyWind,MuddyWater|||F|||50|,,,,,Dragon]Ursaluna-Bloodmoon||AssaultVest|MindsEye|VacuumWave,HyperVoice,EarthPower,BloodMoon|||M|||50|,,,,,Electric]Talonflame||FocusSash|GaleWings|WillOWisp,BraveBird,Tailwind,Taunt|||M|||50|,,,,,Ghost
|showteam|p2|Arcanine-Hisui||ClearAmulet|Intimidate|FlareBlitz,RockSlide,ExtremeSpeed,Protect|||F|||50|,,,,,Water]Rillaboom||AssaultVest|GrassySurge|WoodHammer,GrassyGlide,HighHorsepower,FakeOut|||M|||50|,,,,,Fire]Clefable||SafetyGoggles|Unaware|Moonblast,FollowMe,HelpingHand,Protect|||F|||50|,,,,,Steel]Inteleon||RazorClaw|Sniper|SnipeShot,IceBeam,Taunt,Protect|||F|||50|,,,,,Water]Sneasler||FocusSash|Unburden|CloseCombat,DireClaw,FakeOut,Protect|||F|||50|,,,,,Stellar]Gholdengo||LifeOrb|GoodasGold|MakeItRain,ShadowBall,NastyPlot,Protect||||||50|,,,,,Water
|
|t:|1757781866
|teamsize|p1|4
|teamsize|p2|4
|start
|switch|p1a: Ursaluna|Ursaluna-Bloodmoon, L50, M|100/100
|switch|p1b: Weezing|Weezing-Galar, L50, M|100/100
|switch|p2a: Inteleon|Inteleon, L50, F|100/100
|switch|p2b: Clefable|Clefable, L50, F|100/100
|-ability|p1b: Weezing|Neutralizing Gas
|turn|1
|
|t:|1757781896
|switch|p2a: Rillaboom|Rillaboom, L50, M|100/100
|-terastallize|p1a: Ursaluna|Electric
|move|p1a: Ursaluna|Hyper Voice|p2b: Clefable|[spread] p2a,p2b
|-damage|p2a: Rillaboom|75/100
|-damage|p2b: Clefable|69/100
|move|p1b: Weezing|Poison Gas|p2a: Rillaboom|[spread] p2a,p2b
|-status|p2a: Rillaboom|psn
|-status|p2b: Clefable|psn
|move|p2b: Clefable|Moonblast|p1a: Ursaluna
|-damage|p1a: Ursaluna|70/100
|-unboost|p1a: Ursaluna|spa|1
|
|-damage|p2a: Rillaboom|63/100 psn|[from] psn
|-damage|p2b: Clefable|56/100 psn|[from] psn
|upkeep
|turn|2
|
|t:|1757781925
|move|p2b: Clefable|Helping Hand|p2a: Rillaboom
|-singleturn|p2a: Rillaboom|Helping Hand|[of] p2b: Clefable
|move|p2a: Rillaboom|High Horsepower|p1b: Weezing
|-supereffective|p1b: Weezing
|-damage|p1b: Weezing|13/100
|-enditem|p1b: Weezing|Sitrus Berry|[eat]
|-heal|p1b: Weezing|38/100|[from] item: Sitrus Berry
|move|p1a: Ursaluna|Blood Moon|p2b: Clefable
|-damage|p2b: Clefable|7/100 psn
|move|p1b: Weezing|Strange Steam|p2a: Rillaboom
|-crit|p2a: Rillaboom
|-damage|p2a: Rillaboom|39/100 psn
|
|-damage|p2a: Rillaboom|26/100 psn|[from] psn
|-damage|p2b: Clefable|0 fnt|[from] psn
|faint|p2b: Clefable
|upkeep
|
|t:|1757781962
|switch|p2b: Gholdengo|Gholdengo, L50|100/100
|turn|3
|inactive|Battle timer is ON: inactive players will automatically lose when time's up. (requested by fili53)
|
|t:|1757782009
|-terastallize|p2b: Gholdengo|Water
|move|p1b: Weezing|Protect|p1b: Weezing
|-singleturn|p1b: Weezing|Protect
|move|p2b: Gholdengo|Nasty Plot|p2b: Gholdengo
|-boost|p2b: Gholdengo|spa|2
|move|p2a: Rillaboom|High Horsepower|p1b: Weezing
|-activate|p1b: Weezing|move: Protect
|move|p1a: Ursaluna|Earth Power|p2b: Gholdengo
|-damage|p2b: Gholdengo|60/100
|
|-damage|p2a: Rillaboom|14/100 psn|[from] psn
|upkeep
|turn|4
|
|t:|1757782025
|switch|p1a: Dondozo|Dondozo, L50, F|100/100
|-end|p1b: Weezing|ability: Neutralizing Gas
|-fieldstart|move: Grassy Terrain|[from] ability: Grassy Surge|[of] p2a: Rillaboom
|switch|p1b: Tatsugiri|Tatsugiri, L50, F|100/100
|-activate|p1b: Tatsugiri|ability: Commander|[of] p1a: Dondozo
|-boost|p1a: Dondozo|atk|2
|-boost|p1a: Dondozo|spa|2
|-boost|p1a: Dondozo|spe|2
|-boost|p1a: Dondozo|def|2
|-boost|p1a: Dondozo|spd|2
|move|p2b: Gholdengo|Shadow Ball|p1a: Dondozo
|-damage|p1a: Dondozo|75/100
|-unboost|p1a: Dondozo|spd|1
|-damage|p2b: Gholdengo|50/100|[from] item: Life Orb
|move|p2a: Rillaboom|High Horsepower|p1b: Tatsugiri|[miss]
|-miss|p2a: Rillaboom|p1b: Tatsugiri
|
|-heal|p1a: Dondozo|81/100|[from] Grassy Terrain
|-heal|p1a: Dondozo|87/100|[from] item: Leftovers
|-heal|p2b: Gholdengo|56/100|[from] Grassy Terrain
|-heal|p2a: Rillaboom|20/100 psn|[from] Grassy Terrain
|-damage|p2a: Rillaboom|7/100 psn|[from] psn
|upkeep
|turn|5
|
|t:|1757782041
|switch|p2a: Inteleon|Inteleon, L50, F|100/100
|move|p2b: Gholdengo|Protect|p2b: Gholdengo
|-singleturn|p2b: Gholdengo|Protect
|move|p1a: Dondozo|Earthquake|p2b: Gholdengo|[spread] p2a
|-miss|p1a: Dondozo|p1b: Tatsugiri
|-activate|p2b: Gholdengo|move: Protect
|-damage|p2a: Inteleon|63/100
|
|-heal|p2a: Inteleon|69/100|[from] Grassy Terrain
|-heal|p1a: Dondozo|93/100|[from] Grassy Terrain
|-heal|p1a: Dondozo|99/100|[from] item: Leftovers
|-heal|p2b: Gholdengo|62/100|[from] Grassy Terrain
|upkeep
|turn|6
|
|t:|1757782063
|move|p2a: Inteleon|Snipe Shot|p1a: Dondozo
|-resisted|p1a: Dondozo
|-crit|p1a: Dondozo
|-damage|p1a: Dondozo|54/100
|move|p1a: Dondozo|Order Up|p2b: Gholdengo
|-damage|p2b: Gholdengo|5/100
|-boost|p1a: Dondozo|atk|1
|move|p2b: Gholdengo|Shadow Ball|p1a: Dondozo
|-damage|p1a: Dondozo|18/100
|-unboost|p1a: Dondozo|spd|1
|-damage|p2b: Gholdengo|0 fnt|[from] item: Life Orb
|faint|p2b: Gholdengo
|
|-heal|p2a: Inteleon|75/100|[from] Grassy Terrain
|-heal|p1a: Dondozo|24/100|[from] Grassy Terrain
|-heal|p1a: Dondozo|30/100|[from] item: Leftovers
|upkeep
|
|t:|1757782072
|switch|p2b: Rillaboom|Rillaboom, L50, M|7/100 psn
|turn|7
|-message|fili53 forfeited.
|
|win|Myfriendgarchomp
|l|☆fili53
|player|p2|
||fili53 is ready for game 2.
||Myfriendgarchomp is ready for game 2.
|uhtml|next|Next: Game 2 of 3
