|j|☆SceptileFan7a0
|j|☆Stalling_colin
|html|SceptileFan7a0Stalling_colin    
|uhtml|bestof|Game 1 of a best-of-3
|t:|1756676638
|gametype|doubles
|player|p1|SceptileFan7a0|steven|1105
|player|p2|Stalling_colin|266|1176
|gen|9
|tier|[Gen 9] VGC 2025 Reg H (Bo3)
|rated|
|rule|Species Clause: Limit one of each Pokémon
|rule|Item Clause: Limit 1 of each item
|clearpoke
|poke|p1|Charizard, L50, F|
|poke|p1|Torkoal, L50, F|
|poke|p1|Porygon2, L50|
|poke|p1|Incineroar, L50, M|
|poke|p1|Jumpluff, L50, F|
|poke|p1|Ursaluna, L50, M|
|poke|p2|Tyranitar, L50, M|
|poke|p2|Gholdengo, L50|
|poke|p2|Garchomp, L50, M|
|poke|p2|Sneasler, L50, F|
|poke|p2|Indeedee, L50, M|
|poke|p2|Talonflame, L50, F|
|teampreview|4
|showteam|p1|Charizard||ChoiceSpecs|SolarPower|HeatWave,Overheat,WeatherBall,AirSlash|||F|||50|,,,,,Ghost]Torkoal||EjectPack|Drought|Eruption,Overheat,HelpingHand,Protect|||F|||50|,,,,,Fire]Porygon2||Eviolite|Download|IceBeam,TeraBlast,TrickRoom,Recover||||||50|,,,,,Fighting]Incineroar||SitrusBerry|Intimidate|FlareBlitz,KnockOff,FakeOut,PartingShot|||M|||50|,,,,,Ghost]Jumpluff||CovertCloak|Chlorophyll|SleepPowder,SunnyDay,RagePowder,Tailwind|||F|||50|,,,,,Water]Ursaluna||FlameOrb|Guts|HeadlongRush,Facade,Earthquake,Protect|||M|||50|,,,,,Ghost
|showteam|p2|Tyranitar||AssaultVest|SandStream|RockSlide,KnockOff,TeraBlast,LowKick|||M|||50|,,,,,Flying]Gholdengo||ChoiceSpecs|GoodasGold|MakeItRain,ShadowBall,PowerGem,Thunderbolt||||||50|,,,,,Steel]Garchomp||ClearAmulet|SandVeil|DragonClaw,StompingTantrum,Earthquake,Protect|||M|||50|,,,,,Water]Sneasler||PsychicSeed|Unburden|DireClaw,CloseCombat,ThroatChop,Coaching|||F|||50|,,,,,Flying]Indeedee||FocusSash|PsychicSurge|ExpandingForce,Imprison,TrickRoom,Protect|||M|||50|,,,,,Psychic]Talonflame||CovertCloak|GaleWings|FlareBlitz,DualWingbeat,Taunt,Tailwind|||F|||50|,,,,,Ghost
|
|t:|1756676704
|teamsize|p1|4
|teamsize|p2|4
|start
|switch|p1a: Porygon2|Porygon2, L50|100/100
|switch|p1b: Incineroar|Incineroar, L50, M|100/100
|switch|p2a: Gholdengo|Gholdengo, L50|100/100
|switch|p2b: Talonflame|Talonflame, L50, F|100/100
|-ability|p1b: Incineroar|Intimidate|boost
|-unboost|p2a: Gholdengo|atk|1
|-unboost|p2b: Talonflame|atk|1
|-ability|p1a: Porygon2|Download|boost
|-boost|p1a: Porygon2|spa|1
|turn|1
|
|t:|1756676722
|move|p1b: Incineroar|Fake Out|p2b: Talonflame
|-crit|p2b: Talonflame
|-damage|p2b: Talonflame|75/100
|move|p2b: Talonflame|Taunt|p1a: Porygon2
|-start|p1a: Porygon2|move: Taunt
|move|p2a: Gholdengo|Power Gem|p1b: Incineroar
|-supereffective|p1b: Incineroar
|-damage|p1b: Incineroar|17/100
|-enditem|p1b: Incineroar|Sitrus Berry|[eat]
|-heal|p1b: Incineroar|42/100|[from] item: Sitrus Berry
|cant|p1a: Porygon2|move: Taunt|Trick Room
|
|upkeep
|turn|2
|
|t:|1756676773
|switch|p1b: Ursaluna|Ursaluna, L50, M|100/100
|move|p2b: Talonflame|Tailwind|p2b: Talonflame
|-sidestart|p2: Stalling_colin|move: Tailwind
|move|p2a: Gholdengo|Power Gem|p1b: Ursaluna
|-resisted|p1b: Ursaluna
|-damage|p1b: Ursaluna|80/100
|move|p1a: Porygon2|Tera Blast|p2b: Talonflame
|-damage|p2b: Talonflame|0 fnt
|faint|p2b: Talonflame
|
|-status|p1b: Ursaluna|brn|[from] item: Flame Orb
|upkeep
|
|t:|1756676786
|switch|p2b: Sneasler|Sneasler, L50, F|100/100
|turn|3
|
|t:|1756676820
|switch|p2a: Garchomp|Garchomp, L50, M|100/100
|-terastallize|p1b: Ursaluna|Ghost
|move|p2b: Sneasler|Close Combat|p1a: Porygon2
|-supereffective|p1a: Porygon2
|-damage|p1a: Porygon2|18/100
|-unboost|p2b: Sneasler|def|1
|-unboost|p2b: Sneasler|spd|1
|move|p1b: Ursaluna|Earthquake|p2b: Sneasler|[spread] p1a,p2a,p2b
|-supereffective|p2b: Sneasler
|-damage|p1a: Porygon2|0 fnt
|-damage|p2a: Garchomp|30/100
|-damage|p2b: Sneasler|0 fnt
|faint|p1a: Porygon2
|faint|p2b: Sneasler
|
|-damage|p1b: Ursaluna|74/100 brn|[from] brn
|upkeep
|
|t:|1756676834
|switch|p2b: Gholdengo|Gholdengo, L50|100/100
|switch|p1a: Incineroar|Incineroar, L50, M|42/100
|-ability|p1a: Incineroar|Intimidate|boost
|-fail|p2a: Garchomp|unboost|[from] item: Clear Amulet|[of] p2a: Garchomp
|-unboost|p2b: Gholdengo|atk|1
|turn|4
|inactive|Battle timer is ON: inactive players will automatically lose when time's up. (requested by Stalling_colin)
|
|t:|1756676881
|-terastallize|p2b: Gholdengo|Steel
|move|p2a: Garchomp|Stomping Tantrum|p1b: Ursaluna
|-damage|p1b: Ursaluna|40/100 brn
|move|p2b: Gholdengo|Make It Rain|p1a: Incineroar|[spread] p1a,p1b
|-resisted|p1a: Incineroar
|-damage|p1a: Incineroar|0 fnt
|-damage|p1b: Ursaluna|0 fnt
|-unboost|p2b: Gholdengo|spa|1
|faint|p1a: Incineroar
|faint|p1b: Ursaluna
|
|upkeep
|
|t:|1756676893
|switch|p1b: Torkoal|Torkoal, L50, F|100/100
|-weather|SunnyDay|[from] ability: Drought|[of] p1b: Torkoal
|turn|5
|
|t:|1756676899
|move|p1b: Torkoal|Helping Hand|p1: Incineroar|[notarget]
|-fail|p1b: Torkoal
|move|p2a: Garchomp|Stomping Tantrum|p1b: Torkoal
|-supereffective|p1b: Torkoal
|-damage|p1b: Torkoal|32/100
|move|p2b: Gholdengo|Make It Rain|p1b: Torkoal
|-resisted|p1b: Torkoal
|-damage|p1b: Torkoal|0 fnt
|-unboost|p2b: Gholdengo|spa|1
|faint|p1b: Torkoal
|
|win|Stalling_colin
||SceptileFan7a0 is ready for game 2.
||Stalling_colin is ready for game 2.
|uhtml|next|Next: Game 2 of 3
|l|☆Stalling_colin
|player|p2|
