|j|☆lol lol lol blue
|j|☆frankino98
|html|lol lol lol bluefrankino98    
|uhtml|bestof|Game 2 of a best-of-3
|t:|1757782939
|gametype|doubles
|player|p1|lol lol lol blue|gentleman-gen4|1110
|player|p2|frankino98|cynthia|1205
|gen|9
|tier|[Gen 9] VGC 2025 Reg H (Bo3)
|rated|
|rule|Species Clause: Limit one of each Pokémon
|rule|Item Clause: Limit 1 of each item
|clearpoke
|poke|p1|Gholdengo, L50|
|poke|p1|Magmar, L50, M|
|poke|p1|Dragonite, L50, F|
|poke|p1|Sneasler, L50, M|
|poke|p1|Ursaluna-Bloodmoon, L50, M|
|poke|p1|Farigiraf, L50, F|
|poke|p2|Annihilape, L50, F|
|poke|p2|Sinistcha, L50|
|poke|p2|Maushold-Four, L50|
|poke|p2|Klefki, L50, F|
|poke|p2|Ursaluna-Bloodmoon, L50, M|
|poke|p2|Ninetales-Alola, L50, F|
|teampreview|4
|showteam|p1|Gholdengo||ChoiceScarf|GoodasGold|MakeItRain,ShadowBall,Trick,TeraBlast||||||50|,,,,,Water]Magmar||Eviolite|VitalSpirit|FollowMe,Protect,Flamethrower,WillOWisp|||M|||50|,,,,,Fairy]Dragonite||LoadedDice|Multiscale|ScaleShot,Protect,Tailwind,Haze|||F|||50|,,,,,Fairy]Sneasler||FocusSash|Unburden|ThroatChop,DireClaw,CloseCombat,Protect|||M|||50|,,,,,Stellar]Ursaluna-Bloodmoon||LifeOrb|MindsEye|BloodMoon,Protect,EarthPower,HyperVoice|||M|||50|,,,,,Normal]Farigiraf||SitrusBerry|ArmorTail|TrickRoom,HelpingHand,Psychic,Protect|||F|||50|,,,,,Water
|showteam|p2|Annihilape||Leftovers|Defiant|Protect,BulkUp,DrainPunch,RageFist|||F|||50|,,,,,Fire]Sinistcha||SitrusBerry|Hospitality|MatchaGotcha,TrickRoom,LifeDew,RagePowder||||||50|,,,,,Water]Maushold-Four||SafetyGoggles|FriendGuard|FollowMe,Taunt,BeatUp,Protect||||||50|,,,,,Ghost]Klefki||LightClay|Prankster|Reflect,LightScreen,MistyTerrain,DazzlingGleam|||F|||50|,,,,,Ghost]Ursaluna-Bloodmoon||AssaultVest|MindsEye|BloodMoon,HyperVoice,EarthPower,VacuumWave|||M|||50|,,,,,Water]Ninetales-Alola||FocusSash|SnowWarning|Protect,Encore,FreezeDry,Blizzard|||F|||50|,,,,,Ghost
|inactive|Battle timer is ON: inactive players will automatically lose when time's up. (requested by frankino98)
|inactive|lol lol lol blue has 60 seconds left.
|
|t:|1757783038
|teamsize|p1|4
|teamsize|p2|4
|start
|switch|p1a: Farigiraf|Farigiraf, L50, F|100/100
|switch|p1b: Gholdengo|Gholdengo, L50|100/100
|switch|p2a: Ursaluna|Ursaluna-Bloodmoon, L50, M|100/100
|switch|p2b: Klefki|Klefki, L50, F|100/100
|turn|1
|inactive|lol lol lol blue has 30 seconds left.
|inactive|frankino98 has 30 seconds left.
|
|t:|1757783070
|-terastallize|p2a: Ursaluna|Water
|move|p2b: Klefki|Light Screen|p2b: Klefki
|-sidestart|p2: frankino98|move: Light Screen
|move|p1b: Gholdengo|Trick|p2a: Ursaluna
|-activate|p1b: Gholdengo|move: Trick|[of] p2a: Ursaluna
|-item|p2a: Ursaluna|Choice Scarf|[from] move: Trick
|-item|p1b: Gholdengo|Assault Vest|[from] move: Trick
|move|p2a: Ursaluna|Blood Moon|p1b: Gholdengo
|-resisted|p1b: Gholdengo
|-damage|p1b: Gholdengo|72/100
|move|p1a: Farigiraf|Trick Room|p1a: Farigiraf
|-fieldstart|move: Trick Room|[of] p1a: Farigiraf
|
|upkeep
|turn|2
|inactive|frankino98 has 30 seconds left.
|inactive|frankino98 has 20 seconds left.
|
|t:|1757783109
|switch|p1a: Ursaluna|Ursaluna-Bloodmoon, L50, M|100/100
|switch|p2a: Maushold|Maushold-Four, L50|100/100
|move|p2b: Klefki|Reflect|p2b: Klefki
|-sidestart|p2: frankino98|Reflect
|move|p1b: Gholdengo|Shadow Ball|p2a: Maushold
|-immune|p2a: Maushold
|
|upkeep
|turn|3
|inactive|frankino98 has 30 seconds left.
|inactive|frankino98 has 20 seconds left.
|inactive|frankino98 has 15 seconds left.
|
|t:|1757783152
|-terastallize|p1a: Ursaluna|Normal
|move|p2a: Maushold|Protect|p2a: Maushold
|-singleturn|p2a: Maushold|Protect
|move|p1a: Ursaluna|Hyper Voice|p2b: Klefki|[spread] p2b
|-activate|p2a: Maushold|move: Protect
|-resisted|p2b: Klefki
|-damage|p2b: Klefki|85/100
|-damage|p1a: Ursaluna|90/100|[from] item: Life Orb
|move|p2b: Klefki|Dazzling Gleam|p1b: Gholdengo|[spread] p1a,p1b
|-resisted|p1b: Gholdengo
|-damage|p1a: Ursaluna|70/100
|-damage|p1b: Gholdengo|65/100
|move|p1b: Gholdengo|Make It Rain|p2a: Maushold|[spread] p2b
|-activate|p2a: Maushold|move: Protect
|-damage|p2b: Klefki|60/100
|-unboost|p1b: Gholdengo|spa|1
|
|upkeep
|turn|4
|inactive|frankino98 has 30 seconds left.
|inactive|frankino98 has 20 seconds left.
|
|t:|1757783187
|switch|p2b: Ursaluna|Ursaluna-Bloodmoon, L50, M, tera:Water|100/100
|move|p1a: Ursaluna|Earth Power|p2b: Ursaluna
|-damage|p2b: Ursaluna|69/100
|-damage|p1a: Ursaluna|60/100|[from] item: Life Orb
|move|p1b: Gholdengo|Make It Rain|p2b: Ursaluna|[spread] p2a,p2b
|-resisted|p2b: Ursaluna
|-damage|p2a: Maushold|71/100
|-damage|p2b: Ursaluna|60/100
|-unboost|p1b: Gholdengo|spa|1
|move|p2a: Maushold|Taunt|p1a: Ursaluna
|-start|p1a: Ursaluna|move: Taunt
|
|upkeep
|turn|5
|inactive|lol lol lol blue has 30 seconds left.
|inactive|frankino98 has 30 seconds left.
|
|t:|1757783217
|switch|p1b: Farigiraf|Farigiraf, L50, F|100/100
|move|p2a: Maushold|Follow Me|p2a: Maushold
|-singleturn|p2a: Maushold|move: Follow Me
|move|p1a: Ursaluna|Blood Moon|p2a: Maushold
|-damage|p2a: Maushold|0 fnt
|faint|p2a: Maushold
|-damage|p1a: Ursaluna|50/100|[from] item: Life Orb
|move|p2b: Ursaluna|Blood Moon|p1a: Ursaluna
|-damage|p1a: Ursaluna|0 fnt
|faint|p1a: Ursaluna
|
|-fieldend|move: Trick Room
|upkeep
|inactive|frankino98 has 30 seconds left.
|
|t:|1757783246
|switch|p2a: Klefki|Klefki, L50, F|60/100
|switch|p1a: Dragonita|Dragonite, L50, F|100/100
|turn|6
|inactive|frankino98 has 30 seconds left.
|
|t:|1757783274
|switch|p2b: Annihilape|Annihilape, L50, F, shiny|100/100
|move|p1a: Dragonita|Scale Shot|p2b: Annihilape
|-damage|p2b: Annihilape|91/100
|-crit|p2b: Annihilape
|-damage|p2b: Annihilape|67/100
|-damage|p2b: Annihilape|58/100
|-damage|p2b: Annihilape|49/100
|-damage|p2b: Annihilape|39/100
|-hitcount|p2b: Annihilape|5
|-unboost|p1a: Dragonita|def|1
|-boost|p1a: Dragonita|spe|1
|move|p2a: Klefki|Dazzling Gleam|p1b: Farigiraf|[spread] p1a,p1b
|-supereffective|p1a: Dragonita
|-damage|p1a: Dragonita|82/100
|-damage|p1b: Farigiraf|86/100
|move|p1b: Farigiraf|Psychic|p2b: Annihilape
|-supereffective|p2b: Annihilape
|-damage|p2b: Annihilape|1/100
|
|-heal|p2b: Annihilape|7/100|[from] item: Leftovers
|upkeep
|turn|7
|inactive|frankino98 has 30 seconds left.
|
|t:|1757783300
|move|p1a: Dragonita|Tailwind|p1a: Dragonita
|-sidestart|p1: lol lol lol blue|move: Tailwind
|move|p1b: Farigiraf|Psychic|p2b: Annihilape
|-supereffective|p2b: Annihilape
|-damage|p2b: Annihilape|0 fnt
|faint|p2b: Annihilape
|move|p2a: Klefki|Dazzling Gleam|p1b: Farigiraf|[spread] p1a,p1b
|-supereffective|p1a: Dragonita
|-damage|p1a: Dragonita|42/100
|-damage|p1b: Farigiraf|71/100
|
|upkeep
|
|t:|1757783308
|switch|p2b: Ursaluna|Ursaluna-Bloodmoon, L50, M, tera:Water|60/100
|turn|8
|inactive|frankino98 has 30 seconds left.
|
|t:|1757783337
|move|p1a: Dragonita|Protect|p1a: Dragonita
|-singleturn|p1a: Dragonita|Protect
|move|p1b: Farigiraf|Psychic|p2b: Ursaluna
|-damage|p2b: Ursaluna|39/100
|-unboost|p2b: Ursaluna|spd|1
|move|p2b: Ursaluna|Earth Power|p1b: Farigiraf
|-damage|p1b: Farigiraf|35/100
|-enditem|p1b: Farigiraf|Sitrus Berry|[eat]
|-heal|p1b: Farigiraf|60/100|[from] item: Sitrus Berry
|move|p2a: Klefki|Dazzling Gleam|p1a: Dragonita|[spread] p1b
|-activate|p1a: Dragonita|move: Protect
|-damage|p1b: Farigiraf|46/100
|
|-sideend|p2: frankino98|move: Light Screen
|upkeep
|turn|9
|
|t:|1757783358
|move|p2a: Klefki|Light Screen|p2a: Klefki
|-sidestart|p2: frankino98|move: Light Screen
|move|p1a: Dragonita|Scale Shot|p2b: Ursaluna
|-damage|p2b: Ursaluna|33/100
|-damage|p2b: Ursaluna|26/100
|-damage|p2b: Ursaluna|20/100
|-damage|p2b: Ursaluna|13/100
|-hitcount|p2b: Ursaluna|4
|-unboost|p1a: Dragonita|def|1
|-boost|p1a: Dragonita|spe|1
|move|p1b: Farigiraf|Psychic|p2b: Ursaluna
|-damage|p2b: Ursaluna|0 fnt
|faint|p2b: Ursaluna
|
|-sideend|p2: frankino98|Reflect
|upkeep
|turn|10
|-message|frankino98 forfeited.
|
|win|lol lol lol blue
|raw|lol lol lol blue's rating: 1110 → 1142(+32 for winning)
|raw|frankino98's rating: 1205 → 1173(-32 for losing)
|l|☆frankino98
|player|p2|
