|j|☆KptainFr
|j|☆Squirrelsarge
|html|KptainFrSquirrelsarge    
|uhtml|bestof|Game 3 of a best-of-3
|t:|1756562382
|gametype|doubles
|player|p1|KptainFr|steven|1108
|player|p2|Squirrelsarge|1|1000
|gen|9
|tier|[Gen 9] VGC 2025 Reg H (Bo3)
|rated|
|rule|Species Clause: Limit one of each Pokémon
|rule|Item Clause: Limit 1 of each item
|clearpoke
|poke|p1|Annihilape, L50, M|
|poke|p1|Maushold-Four, L50|
|poke|p1|Archaludon, L50, F|
|poke|p1|Pelipper, L50, F|
|poke|p1|Sinistcha, L50|
|poke|p1|Rillaboom, L50, F|
|poke|p2|Talonflame, L50, F|
|poke|p2|Torkoal, L50, F|
|poke|p2|Volcarona, L50, F|
|poke|p2|Incineroar, L50, M|
|poke|p2|Arcanine-Hisui, L50, F|
|poke|p2|Oricorio, L50, M|
|teampreview|4
|showteam|p1|Annihilape||Leftovers|Defiant|RageFist,DrainPunch,BulkUp,Protect|||M|||50|,,,,,Grass]Maushold-Four||RockyHelmet|FriendGuard|BeatUp,Taunt,HelpingHand,FollowMe||||||50|,,,,,Ghost]Archaludon||AssaultVest|Stamina|ElectroShot,FlashCannon,DracoMeteor,BodyPress|||F|||50|,,,,,Bug]Pelipper||CovertCloak|Drizzle|WeatherBall,Hurricane,Tailwind,WideGuard|||F|||50|,,,,,Grass]Sinistcha||SitrusBerry|Hospitality|MatchaGotcha,LifeDew,RagePowder,TrickRoom||||||50|,,,,,Water]Rillaboom||ChoiceBand|GrassySurge|WoodHammer,GrassyGlide,HighHorsepower,Uturn|||F|||50|,,,,,Grass
|showteam|p2|Talonflame||CovertCloak|GaleWings|Tailwind,BraveBird,FlareBlitz,DualWingbeat|||F|||50|,,,,,Steel]Torkoal||AssaultVest|Drought|Eruption,SolarBeam,ClearSmog,FireSpin|||F|||50|,,,,,Grass]Volcarona||RockyHelmet|FlameBody|QuiverDance,BugBuzz,FieryDance,Protect|||F|||50|,,,,,Ghost]Incineroar||SafetyGoggles|Intimidate|FakeOut,KnockOff,FlareBlitz,PartingShot|||M|||50|,,,,,Ghost]Arcanine-Hisui||ChoiceBand|Intimidate|RockSlide,FlareBlitz,HeadSmash,CloseCombat|||F|||50|,,,,,Dragon]Oricorio||FocusSash|Dancer|QuiverDance,RevelationDance,Protect,BatonPass|||M|||50|,,,,,Steel
|inactive|Battle timer is ON: inactive players will automatically lose when time's up. (requested by KptainFr)
|inactive|Squirrelsarge has 60 seconds left.
|
|t:|1756562414
|teamsize|p1|4
|teamsize|p2|4
|start
|switch|p1a: Archaludon|Archaludon, L50, F|100/100
|switch|p1b: Maushold|Maushold-Four, L50|100/100
|switch|p2a: Volcarona|Volcarona, L50, F|100/100
|switch|p2b: Oricorio|Oricorio, L50, M|100/100
|turn|1
|
|t:|1756562429
|switch|p1b: Pelipper|Pelipper, L50, F|100/100
|-weather|RainDance|[from] ability: Drizzle|[of] p1b: Pelipper
|move|p2a: Volcarona|Fiery Dance|p1a: Archaludon
|-damage|p1a: Archaludon|86/100
|-boost|p2a: Volcarona|spa|1
|-ability|p1a: Archaludon|Stamina|boost
|-boost|p1a: Archaludon|def|1
|-activate|p2b: Oricorio|ability: Dancer
|move|p2b: Oricorio|Fiery Dance|p1a: Archaludon|[from] ability: Dancer
|-damage|p1a: Archaludon|73/100
|-boost|p2b: Oricorio|spa|1
|-ability|p1a: Archaludon|Stamina|boost
|-boost|p1a: Archaludon|def|1
|move|p2b: Oricorio|Quiver Dance|p2b: Oricorio
|-boost|p2b: Oricorio|spa|1
|-boost|p2b: Oricorio|spd|1
|-boost|p2b: Oricorio|spe|1
|move|p1a: Archaludon|Electro Shot||[still]
|-prepare|p1a: Archaludon|Electro Shot
|-boost|p1a: Archaludon|spa|1
|-anim|p1a: Archaludon|Electro Shot|p2b: Oricorio
|-supereffective|p2b: Oricorio
|-enditem|p2b: Oricorio|Focus Sash
|-damage|p2b: Oricorio|1/100
|
|-weather|RainDance|[upkeep]
|upkeep
|turn|2
|inactive|Squirrelsarge has 30 seconds left.
|inactive|Squirrelsarge has 20 seconds left.
|
|t:|1756562467
|switch|p1b: Maushold|Maushold-Four, L50|100/100
|move|p2b: Oricorio|Baton Pass|p2b: Oricorio
|
|t:|1756562475
|switch|p2b: Torkoal|Torkoal, L50, F|100/100|[from] Baton Pass
|-weather|SunnyDay|[from] ability: Drought|[of] p2b: Torkoal
|move|p2a: Volcarona|Quiver Dance|p2a: Volcarona
|-boost|p2a: Volcarona|spa|1
|-boost|p2a: Volcarona|spd|1
|-boost|p2a: Volcarona|spe|1
|move|p1a: Archaludon|Flash Cannon|p2b: Torkoal
|-resisted|p2b: Torkoal
|-damage|p2b: Torkoal|84/100
|
|-weather|SunnyDay|[upkeep]
|upkeep
|turn|3
|inactive|Squirrelsarge has 30 seconds left.
|
|t:|1756562502
|switch|p1b: Pelipper|Pelipper, L50, F|100/100
|-weather|RainDance|[from] ability: Drizzle|[of] p1b: Pelipper
|move|p2a: Volcarona|Fiery Dance|p1a: Archaludon
|-damage|p1a: Archaludon|43/100
|-ability|p1a: Archaludon|Stamina|boost
|-boost|p1a: Archaludon|def|1
|move|p1a: Archaludon|Electro Shot||[still]
|-prepare|p1a: Archaludon|Electro Shot
|-boost|p1a: Archaludon|spa|1
|-anim|p1a: Archaludon|Electro Shot|p2b: Torkoal
|-damage|p2b: Torkoal|36/100
|move|p2b: Torkoal|Eruption|p1a: Archaludon|[spread] p1a,p1b
|-resisted|p1b: Pelipper
|-damage|p1a: Archaludon|32/100
|-damage|p1b: Pelipper|90/100
|-ability|p1a: Archaludon|Stamina|boost
|-boost|p1a: Archaludon|def|1
|
|-weather|RainDance|[upkeep]
|upkeep
|turn|4
|inactive|KptainFr has 30 seconds left.
|inactive|Squirrelsarge has 30 seconds left.
|
|t:|1756562534
|switch|p1b: Sinistcha|Sinistcha, L50|100/100
|-heal|p1a: Archaludon|57/100|[from] ability: Hospitality|[of] p1b: Sinistcha
|move|p2a: Volcarona|Quiver Dance|p2a: Volcarona
|-boost|p2a: Volcarona|spa|1
|-boost|p2a: Volcarona|spd|1
|-boost|p2a: Volcarona|spe|1
|move|p1a: Archaludon|Electro Shot||[still]
|-prepare|p1a: Archaludon|Electro Shot
|-boost|p1a: Archaludon|spa|1
|-anim|p1a: Archaludon|Electro Shot|p2b: Torkoal
|-damage|p2b: Torkoal|0 fnt
|faint|p2b: Torkoal
|
|-weather|RainDance|[upkeep]
|upkeep
|
|t:|1756562553
|switch|p2b: Incineroar|Incineroar, L50, M|100/100
|-ability|p2b: Incineroar|Intimidate|boost
|-unboost|p1a: Archaludon|atk|1
|-unboost|p1b: Sinistcha|atk|1
|turn|5
|inactive|Squirrelsarge has 30 seconds left.
|
|t:|1756562584
|-terastallize|p1b: Sinistcha|Water
|move|p2b: Incineroar|Fake Out|p1a: Archaludon
|-resisted|p1a: Archaludon
|-damage|p1a: Archaludon|56/100
|-ability|p1a: Archaludon|Stamina|boost
|-boost|p1a: Archaludon|def|1
|move|p2a: Volcarona|Bug Buzz|p1b: Sinistcha
|-damage|p1b: Sinistcha|0 fnt
|faint|p1b: Sinistcha
|cant|p1a: Archaludon|flinch
|
|-weather|RainDance|[upkeep]
|upkeep
|
|t:|1756562596
|switch|p1b: Maushold|Maushold-Four, L50|100/100
|turn|6
|
|t:|1756562618
|move|p1b: Maushold|Follow Me|p1b: Maushold
|-singleturn|p1b: Maushold|move: Follow Me
|move|p2a: Volcarona|Bug Buzz|p1b: Maushold
|-damage|p1b: Maushold|0 fnt
|faint|p1b: Maushold
|move|p1a: Archaludon|Body Press|p2b: Incineroar
|-supereffective|p2b: Incineroar
|-crit|p2b: Incineroar
|-damage|p2b: Incineroar|0 fnt
|faint|p2b: Incineroar
|
|-weather|RainDance|[upkeep]
|upkeep
|inactive|KptainFr has 30 seconds left.
|
|t:|1756562644
|switch|p1b: Pelipper|Pelipper, L50, F|90/100
|switch|p2b: Oricorio|Oricorio, L50, M|1/100
|turn|7
|inactive|Squirrelsarge has 30 seconds left.
|inactive|Squirrelsarge has 20 seconds left.
|
|t:|1756562683
|move|p2a: Volcarona|Fiery Dance|p1a: Archaludon
|-damage|p1a: Archaludon|18/100
|-boost|p2a: Volcarona|spa|1
|-ability|p1a: Archaludon|Stamina|boost
|-boost|p1a: Archaludon|def|1
|-activate|p2b: Oricorio|ability: Dancer
|move|p2b: Oricorio|Fiery Dance|p1a: Archaludon|[from] ability: Dancer
|-damage|p1a: Archaludon|4/100
|-boost|p2b: Oricorio|spa|1
|move|p2b: Oricorio|Revelation Dance|p1a: Archaludon
|-damage|p1a: Archaludon|0 fnt
|faint|p1a: Archaludon
|move|p1b: Pelipper|Hurricane|p2a: Volcarona
|-supereffective|p2a: Volcarona
|-damage|p2a: Volcarona|58/100
|
|-weather|none
|upkeep
|turn|8
|-message|KptainFr forfeited.
|
|win|Squirrelsarge
|raw|KptainFr's rating: 1108 → 1075(-33 for losing)
|raw|Squirrelsarge's rating: 1000 → 1052(+52 for winning)
|l|☆KptainFr
|player|p1|
