|j|☆Frobrad
|j|☆PizzaSanwitch
|html|FrobradPizzaSanwitch    
|uhtml|bestof|Game 2 of a best-of-3
|t:|1783629586
|gametype|doubles
|player|p1|Frobrad|169|1125
|player|p2|PizzaSanwitch|265|1127
|gen|9
|tier|[Gen 9 Champions] VGC 2026 Reg M-B (Bo3)
|rated|
|rule|Species Clause: Limit one of each Pokémon
|rule|Item Clause: Limit 1 of each item
|clearpoke
|poke|p1|Staraptor, L50, M, shiny|
|poke|p1|Rotom-Wash, L50|
|poke|p1|Garchomp, L50, F|
|poke|p1|Metagross, L50, shiny|
|poke|p1|Kingambit, L50, F, shiny|
|poke|p1|Whimsicott, L50, M|
|poke|p2|Sinistcha, L50|
|poke|p2|Pelipper, L50, F|
|poke|p2|Archaludon, L50, M|
|poke|p2|Sableye, L50, F|
|poke|p2|Swampert, L50, M|
|poke|p2|Venusaur, L50, M|
|teampreview|4
|showteam|p1|Staraptor||Staraptite|Intimidate|CloseCombat,Roost,BraveBird,Protect|Jolly||M|||50|]Rotom-Wash||Leftovers|Levitate|HydroPump,Thunderbolt,VoltSwitch,WillOWisp|Modest|||||50|]Garchomp||LifeOrb|RoughSkin|RockSlide,Earthquake,DragonClaw,Protect|Jolly||F|||50|]Metagross||Metagrossite|ClearBody|PsychicFangs,RockSlide,IronHead,Protect|Jolly|||||50|]Kingambit||ExpertBelt|Defiant|KowtowCleave,IronHead,StoneEdge,SuckerPunch|Brave||F|||50|]Whimsicott||FocusSash|Prankster|Moonblast,Tailwind,Encore,Charm|Bold||M|||50|
|showteam|p2|Sinistcha||SitrusBerry|Hospitality|MatchaGotcha,RagePowder,Protect,TrickRoom|Bold|||||50|]Pelipper||FocusSash|Drizzle|WeatherBall,Hurricane,Tailwind,Protect|Modest||F|||50|]Archaludon||Leftovers|Stamina|ElectroShot,FlashCannon,DragonPulse,Protect|Modest||M|||50|]Sableye||RoseliBerry|Prankster|RainDance,LightScreen,Quash,WillOWisp|Calm||F|||50|]Swampert||Swampertite|Damp|WaveCrash,Earthquake,IcePunch,Protect|Adamant||M|||50|]Venusaur||Venusaurite|Chlorophyll|GigaDrain,SludgeBomb,EarthPower,Protect|Modest||M|||50|
|inactive|Battle timer is ON: inactive players will automatically lose when time's up. (requested by PizzaSanwitch)
|
|t:|1783629619
|teamsize|p1|4
|teamsize|p2|4
|start
|switch|p1a: Rotom|Rotom-Wash, L50|100/100
|switch|p1b: Garchomp|Garchomp, L50, F|100/100
|switch|p2a: Pelipper|Pelipper, L50, F|100/100
|switch|p2b: Sableye|Sableye, L50, F|100/100
|-weather|RainDance|[from] ability: Drizzle|[of] p2a: Pelipper
|turn|1
|
|t:|1783629634
|switch|p2a: Archaludon|Archaludon, L50, M|100/100
|move|p2b: Sableye|Will-O-Wisp|p1b: Garchomp
|-status|p1b: Garchomp|brn
|move|p1b: Garchomp|Rock Slide|p2b: Sableye|[spread] p2a,p2b
|-resisted|p2a: Archaludon|1
|-damage|p2a: Archaludon|95/100
|-damage|p2b: Sableye|83/100
|-ability|p2a: Archaludon|Stamina|boost
|-boost|p2a: Archaludon|def|1
|-damage|p1b: Garchomp|90/100 brn|[from] item: Life Orb
|move|p1a: Rotom|Thunderbolt|p2b: Sableye
|-damage|p2b: Sableye|31/100
|
|-weather|RainDance|[upkeep]
|-heal|p2a: Archaludon|100/100|[from] item: Leftovers
|-damage|p1b: Garchomp|84/100 brn|[from] brn
|upkeep
|turn|2
|
|t:|1783629655
|move|p2b: Sableye|Light Screen|p2b: Sableye
|-sidestart|p2: PizzaSanwitch|move: Light Screen
|move|p1b: Garchomp|Earthquake|p2a: Archaludon|[spread] p2a,p2b
|-immune|p1a: Rotom|[from] ability: Levitate
|-supereffective|p2a: Archaludon|1
|-damage|p2a: Archaludon|76/100
|-damage|p2b: Sableye|0 fnt
|-ability|p2a: Archaludon|Stamina|boost
|-boost|p2a: Archaludon|def|1
|faint|p2b: Sableye
|-damage|p1b: Garchomp|74/100 brn|[from] item: Life Orb
|move|p1a: Rotom|Thunderbolt|p2a: Archaludon
|-resisted|p2a: Archaludon|1
|-damage|p2a: Archaludon|62/100
|-ability|p2a: Archaludon|Stamina|boost
|-boost|p2a: Archaludon|def|1
|move|p2a: Archaludon|Electro Shot||[still]
|-prepare|p2a: Archaludon|Electro Shot
|-boost|p2a: Archaludon|spa|1
|-anim|p2a: Archaludon|Electro Shot|p1a: Rotom
|-damage|p1a: Rotom|31/100
|
|-weather|RainDance|[upkeep]
|-heal|p1a: Rotom|37/100|[from] item: Leftovers
|-heal|p2a: Archaludon|68/100|[from] item: Leftovers
|-damage|p1b: Garchomp|68/100 brn|[from] brn
|upkeep
|
|t:|1783629674
|switch|p2b: Swampert|Swampert, L50, M|100/100
|turn|3
|
|t:|1783629693
|detailschange|p2b: Swampert|Swampert-Mega, L50, M
|-mega|p2b: Swampert|Swampert|Swampertite
|move|p2b: Swampert|Wave Crash|p1a: Rotom
|-resisted|p1a: Rotom|1
|-damage|p1a: Rotom|0 fnt
|faint|p1a: Rotom
|-damage|p2b: Swampert|90/100|[from] Recoil
|move|p1b: Garchomp|Earthquake|p2b: Swampert|[spread] p2a,p2b
|-supereffective|p2a: Archaludon|1
|-damage|p2a: Archaludon|53/100
|-damage|p2b: Swampert|70/100
|-ability|p2a: Archaludon|Stamina|boost
|-boost|p2a: Archaludon|def|1
|-damage|p1b: Garchomp|58/100 brn|[from] item: Life Orb
|move|p2a: Archaludon|Dragon Pulse|p1b: Garchomp
|-supereffective|p1b: Garchomp|1
|-damage|p1b: Garchomp|0 fnt
|faint|p1b: Garchomp
|
|-weather|RainDance|[upkeep]
|-heal|p2a: Archaludon|59/100|[from] item: Leftovers
|upkeep
|
|t:|1783629705
|switch|p1b: Kingambit|Kingambit, L50, F, shiny|100/100
|switch|p1a: Metagross|Metagross, L50, shiny|100/100
|turn|4
|inactive|PizzaSanwitch has 30 seconds left.
|
|t:|1783629734
|detailschange|p1a: Metagross|Metagross-Mega, L50, shiny
|-mega|p1a: Metagross|Metagross|Metagrossite
|move|p1a: Metagross|Protect|p1a: Metagross
|-singleturn|p1a: Metagross|Protect
|move|p2a: Archaludon|Protect|p2a: Archaludon
|-singleturn|p2a: Archaludon|Protect
|move|p1b: Kingambit|Sucker Punch|p2b: Swampert
|-damage|p2b: Swampert|32/100
|move|p2b: Swampert|Earthquake|p1a: Metagross|[spread] p1b
|-activate|p2a: Archaludon|move: Protect
|-activate|p1a: Metagross|move: Protect
|-supereffective|p1b: Kingambit|1
|-damage|p1b: Kingambit|30/100
|
|-weather|RainDance|[upkeep]
|-heal|p2a: Archaludon|65/100|[from] item: Leftovers
|upkeep
|turn|5
|
|t:|1783629759
|move|p2b: Swampert|Protect|p2b: Swampert
|-singleturn|p2b: Swampert|Protect
|move|p1b: Kingambit|Sucker Punch||[still]
|-fail|p1b: Kingambit
|move|p1a: Metagross|Psychic Fangs|p2a: Archaludon
|-sideend|p2: PizzaSanwitch|move: Light Screen
|-resisted|p2a: Archaludon|1
|-damage|p2a: Archaludon|58/100
|-ability|p2a: Archaludon|Stamina|boost
|-boost|p2a: Archaludon|def|1
|move|p2a: Archaludon|Electro Shot||[still]
|-prepare|p2a: Archaludon|Electro Shot
|-boost|p2a: Archaludon|spa|1
|-anim|p2a: Archaludon|Electro Shot|p1b: Kingambit
|-damage|p1b: Kingambit|0 fnt
|faint|p1b: Kingambit
|
|-weather|none
|-heal|p2a: Archaludon|64/100|[from] item: Leftovers
|upkeep
|turn|6
|
|t:|1783629774
|switch|p2b: Pelipper|Pelipper, L50, F|100/100
|-weather|RainDance|[from] ability: Drizzle|[of] p2b: Pelipper
|move|p1a: Metagross|Psychic Fangs|p2b: Pelipper
|-damage|p2b: Pelipper|16/100
|move|p2a: Archaludon|Electro Shot||[still]
|-prepare|p2a: Archaludon|Electro Shot
|-boost|p2a: Archaludon|spa|1
|-anim|p2a: Archaludon|Electro Shot|p1a: Metagross
|-damage|p1a: Metagross|0 fnt
|faint|p1a: Metagross
|
|win|PizzaSanwitch
|raw|Frobrad's rating: 1125 → 1100(-25 for losing)
|raw|PizzaSanwitch's rating: 1127 → 1152(+25 for winning)
|l|☆Frobrad
|player|p1|
