|j|☆melon7744
|j|☆Eggy’sDad
|html|melon7744Eggy’sDad    
|uhtml|bestof|Game 2 of a best-of-3
|t:|1785592532
|gametype|doubles
|player|p1|melon7744|rosa|
|player|p2|Eggy’sDad|1|
|gen|9
|tier|[Gen 9 Champions] VGC 2026 Reg M-B (Bo3)
|rule|Species Clause: Limit one of each Pokémon
|rule|Item Clause: Limit 1 of each item
|clearpoke
|poke|p1|Staraptor, L50, F|
|poke|p1|Raichu, L50, M|
|poke|p1|Arcanine-Hisui, L50, M|
|poke|p1|Kingambit, L50, F|
|poke|p1|Sylveon, L50, M|
|poke|p1|Farigiraf, L50, M|
|poke|p2|Pyroar, L50, M|
|poke|p2|Aerodactyl, L50, M|
|poke|p2|Torkoal, L50, M|
|poke|p2|Venusaur, L50, M|
|poke|p2|Farigiraf, L50, F|
|poke|p2|Sylveon, L50, F|
|teampreview|4
|showteam|p1|Staraptor||Staraptite|Intimidate|BraveBird,CloseCombat,Tailwind,Protect|Jolly||F|||50|]Raichu||RaichuniteY|LightningRod|ZapCannon,FocusBlast,FakeOut,Protect|Timid||M|||50|]Arcanine-Hisui||FocusSash|RockHead|FlareBlitz,HeadSmash,ExtremeSpeed,Protect|Jolly||M|||50|]Kingambit||LifeOrb|Defiant|KowtowCleave,SuckerPunch,SwordsDance,Protect|Adamant||F|||50|]Sylveon||FairyFeather|Pixilate|HyperVoice,HyperBeam,QuickAttack,Detect|Modest||M|||50|]Farigiraf||SitrusBerry|ArmorTail|Psychic,HelpingHand,TrickRoom,Protect|Calm||M|||50|
|showteam|p2|Pyroar||Pyroarite|Unnerve|HeatWave,Overheat,SunnyDay,Protect|Modest||M|||50|]Aerodactyl||Aerodactylite|Unnerve|RockSlide,IceFang,Tailwind,Protect|Jolly||M|||50|]Torkoal||Charcoal|Drought|Eruption,WeatherBall,HelpingHand,Protect|Quiet||M|||50|]Venusaur||LifeOrb|Chlorophyll|LeafStorm,SludgeBomb,EarthPower,SleepPowder|Modest||M|||50|]Farigiraf||SitrusBerry|ArmorTail|Psychic,Thunderbolt,TrickRoom,Protect|Quiet||F|||50|]Sylveon||FairyFeather|Pixilate|HyperVoice,QuickAttack,HyperBeam,Detect|Modest||F|||50|
|
|t:|1785592611
|teamsize|p1|4
|teamsize|p2|4
|start
|switch|p1a: Raichu|Raichu, L50, M|100/100
|switch|p1b: Sylveon|Sylveon, L50, M|100/100
|switch|p2a: Aerodactyl|Aerodactyl, L50, M|100/100
|switch|p2b: Venusaur|Venusaur, L50, M|100/100
|-ability|p2a: Aerodactyl|Unnerve
|turn|1
|
|t:|1785592648
|move|p1a: Raichu|Fake Out|p2b: Venusaur
|-damage|p2b: Venusaur|90/100
|move|p2a: Aerodactyl|Tailwind|p2a: Aerodactyl
|-sidestart|p2: Eggy’sDad|move: Tailwind
|cant|p2b: Venusaur|flinch
|move|p1b: Sylveon|Hyper Voice|p2b: Venusaur|[spread] p2a,p2b
|-resisted|p2b: Venusaur|1
|-damage|p2a: Aerodactyl|36/100
|-damage|p2b: Venusaur|64/100
|
|upkeep
|turn|2
|
|t:|1785592684
|detailschange|p1a: Raichu|Raichu-Mega-Y, L50, M
|-mega|p1a: Raichu|Raichu|Raichunite Y
|move|p1b: Sylveon|Detect|p1b: Sylveon
|-singleturn|p1b: Sylveon|Protect
|move|p2a: Aerodactyl|Rock Slide|p1b: Sylveon|[spread] p1a
|-activate|p1b: Sylveon|move: Protect
|-damage|p1a: Raichu|70/100
|move|p2b: Venusaur|Earth Power|p1a: Raichu
|-supereffective|p1a: Raichu|1
|-damage|p1a: Raichu|0 fnt
|faint|p1a: Raichu
|-damage|p2b: Venusaur|54/100|[from] item: Life Orb
|
|upkeep
|
|t:|1785592703
|switch|p1a: Kingambit|Kingambit, L50, F|100/100
|turn|3
|
|t:|1785592741
|switch|p2a: Torkoal|Torkoal, L50, M|100/100
|-weather|SunnyDay|[from] ability: Drought|[of] p2a: Torkoal
|move|p1a: Kingambit|Sucker Punch||[still]
|-fail|p1a: Kingambit
|move|p2b: Venusaur|Sludge Bomb|p1b: Sylveon
|-supereffective|p1b: Sylveon|1
|-damage|p1b: Sylveon|14/100
|-damage|p2b: Venusaur|45/100|[from] item: Life Orb
|move|p1b: Sylveon|Hyper Voice|p2a: Torkoal|[spread] p2a,p2b
|-resisted|p2a: Torkoal|1
|-resisted|p2b: Venusaur|1
|-damage|p2a: Torkoal|71/100
|-damage|p2b: Venusaur|17/100
|
|-weather|SunnyDay|[upkeep]
|upkeep
|turn|4
|
|t:|1785592794
|switch|p2b: Pyroar|Pyroar, L50, M|100/100
|-ability|p2b: Pyroar|Unnerve
|move|p1a: Kingambit|Protect|p1a: Kingambit
|-singleturn|p1a: Kingambit|Protect
|move|p1b: Sylveon|Quick Attack|p2b: Pyroar
|-resisted|p2b: Pyroar|1
|-damage|p2b: Pyroar|91/100
|move|p2a: Torkoal|Weather Ball|p1a: Kingambit
|-activate|p1a: Kingambit|move: Protect
|
|-weather|SunnyDay|[upkeep]
|-sideend|p2: Eggy’sDad|move: Tailwind
|upkeep
|turn|5
|
|t:|1785592823
|switch|p1a: Arcanine|Arcanine-Hisui, L50, M|100/100
|detailschange|p2b: Pyroar|Pyroar-Mega, L50, M
|-mega|p2b: Pyroar|Pyroar|Pyroarite
|move|p1b: Sylveon|Detect|p1b: Sylveon
|-singleturn|p1b: Sylveon|Protect
|move|p2b: Pyroar|Heat Wave|p1a: Arcanine|[spread] p1a
|-activate|p1b: Sylveon|move: Protect
|-resisted|p1a: Arcanine|2
|-damage|p1a: Arcanine|69/100
|move|p2a: Torkoal|Eruption|p1b: Sylveon|[spread] p1a
|-activate|p1b: Sylveon|move: Protect
|-resisted|p1a: Arcanine|2
|-damage|p1a: Arcanine|50/100g
|
|-weather|SunnyDay|[upkeep]
|upkeep
|turn|6
|
|t:|1785592876
|move|p2b: Pyroar|Protect|p2b: Pyroar
|-singleturn|p2b: Pyroar|Protect
|move|p1a: Arcanine|Head Smash|p2b: Pyroar
|-activate|p2b: Pyroar|move: Protect
|move|p1b: Sylveon|Hyper Voice|p2a: Torkoal|[spread] p2a
|-activate|p2b: Pyroar|move: Protect
|-resisted|p2a: Torkoal|1
|-damage|p2a: Torkoal|38/100
|move|p2a: Torkoal|Eruption|p1a: Arcanine|[spread] p1a,p1b
|-resisted|p1a: Arcanine|2
|-damage|p1a: Arcanine|40/100
|-damage|p1b: Sylveon|0 fnt
|faint|p1b: Sylveon
|
|-weather|SunnyDay|[upkeep]
|upkeep
|
|t:|1785592879
|switch|p1b: Kingambit|Kingambit, L50, F|100/100
|turn|7
|
|t:|1785592948
|switch|p2a: Venusaur|Venusaur, L50, M|17/100
|move|p2b: Pyroar|Heat Wave|p1b: Kingambit|[spread] p1a,p1b
|-resisted|p1a: Arcanine|2
|-supereffective|p1b: Kingambit|1
|-damage|p1a: Arcanine|13/100
|-damage|p1b: Kingambit|0 fnt
|faint|p1b: Kingambit
|move|p1a: Arcanine|Head Smash|p2b: Pyroar|[miss]
|-miss|p1a: Arcanine|p2b: Pyroar
|
|-weather|none
|upkeep
|turn|8
|-message|melon7744 forfeited.
|
|win|Eggy’sDad
||melon7744 is ready for game 3.
||Eggy’sDad is ready for game 3.
|uhtml|next|Next: Game 3 of 3
|l|☆melon7744
|player|p1|
|l|☆Eggy’sDad
|player|p2|
|j|☆Eggy’sDad
|player|p2|Eggy’sDad|1|
