|j|☆fujishimamegumi
|j|☆Il Mule
|html|fujishimamegumiIl Mule    
|uhtml|bestof|Game 2 of a best-of-3
|t:|1786097176
|gametype|doubles
|player|p1|fujishimamegumi|169|1245
|player|p2|Il Mule|salvatore|1545
|gen|9
|tier|[Gen 9 Champions] VGC 2026 Reg M-B (Bo3)
|rated|
|rule|Species Clause: Limit one of each Pokémon
|rule|Item Clause: Limit 1 of each item
|clearpoke
|poke|p1|Raichu, L50, M|
|poke|p1|Sylveon, L50, F|
|poke|p1|Arcanine-Hisui, L50, F|
|poke|p1|Kingambit, L50, M|
|poke|p1|Farigiraf, L50, F|
|poke|p1|Staraptor, L50, F|
|poke|p2|Corviknight, L50, F|
|poke|p2|Tyranitar, L50, M|
|poke|p2|Garchomp, L50, M|
|poke|p2|Incineroar, L50, M|
|poke|p2|Venusaur, L50, M|
|poke|p2|Houndstone, L50, F|
|teampreview|4
|showteam|p1|Raichu||RaichuniteY|LightningRod|Protect,ZapCannon,FocusBlast,FakeOut|Timid||M|||50|]Sylveon||FairyFeather|Pixilate|Detect,HyperVoice,HyperBeam,QuickAttack|Modest||F|||50|]Arcanine-Hisui||FocusSash|RockHead|Protect,FlareBlitz,HeadSmash,ExtremeSpeed|Jolly||F|||50|]Kingambit||BlackGlasses|Defiant|Protect,KowtowCleave,SwordsDance,SuckerPunch|Adamant||M|||50|]Farigiraf||SitrusBerry|ArmorTail|Protect,Psychic,HelpingHand,TrickRoom|Calm||F|||50|]Staraptor||Staraptite|Intimidate|Protect,DualWingbeat,CloseCombat,Tailwind|Jolly||F|||50|
|showteam|p2|Corviknight||OccaBerry|MirrorArmor|BraveBird,IronHead,Tailwind,Roost|Impish||F|||50|]Tyranitar||Tyranitarite|SandStream|RockSlide,KnockOff,DragonDance,Protect|Jolly||M|||50|]Garchomp||LifeOrb|RoughSkin|Earthquake,RockSlide,DragonClaw,Protect|Jolly||M|||50|]Incineroar||SitrusBerry|Intimidate|FlareBlitz,HelpingHand,PartingShot,FakeOut|Impish||M|||50|]Venusaur||Venusaurite|Chlorophyll|EnergyBall,SludgeBomb,EarthPower,Protect|Modest||M|||50|]Houndstone||SpellTag|SandRush|Poltergeist,WillOWisp,Howl,Protect|Adamant||F|||50|
|j| Vg0 champ
|j| estupinanthepuledr
|j| Jenny Nencioni
|j| rovesciaporci
|l| Vg0 champ
|inactive|Battle timer is ON: inactive players will automatically lose when time's up. (requested by fujishimamegumi)
|j| cheat99
|
|t:|1786097210
|teamsize|p1|4
|teamsize|p2|4
|start
|switch|p1a: Kingambit|Kingambit, L50, M|100/100
|switch|p1b: Staraptor|Staraptor, L50, F|100/100
|switch|p2a: Corviknight|Corviknight, L50, F|100/100
|switch|p2b: Argo|Houndstone, L50, F|100/100
|-ability|p1b: Staraptor|Intimidate|boost
|-ability|p2a: Corviknight|Mirror Armor
|-unboost|p1b: Staraptor|atk|1
|-unboost|p2b: Argo|atk|1
|turn|1
|inactive|fujishimamegumi has 30 seconds left.
|inactive|Il Mule has 30 seconds left.
|inactive|fujishimamegumi has 20 seconds left.
|inactive|Il Mule has 20 seconds left.
|inactive|fujishimamegumi has 15 seconds left.
|inactive|Il Mule has 15 seconds left.
|inactive|fujishimamegumi has 10 seconds left.
|inactive|Il Mule has 10 seconds left.
|c|☆Il Mule|effettivamente ho il seshe libero
|inactive|Il Mule has 5 seconds left.
|
|t:|1786097261
|switch|p2b: Quando provo|Tyranitar, L50, M|100/100
|-weather|Sandstorm|[from] ability: Sand Stream|[of] p2b: Quando provo
|move|p1b: Staraptor|Tailwind|p1b: Staraptor
|-sidestart|p1: fujishimamegumi|move: Tailwind
|move|p1a: Kingambit|Kowtow Cleave|p2b: Quando provo
|-resisted|p2b: Quando provo|1
|-damage|p2b: Quando provo|77/100
|move|p2a: Corviknight|Tailwind|p2a: Corviknight
|-sidestart|p2: Il Mule|move: Tailwind
|
|-weather|Sandstorm|[upkeep]
|-damage|p1b: Staraptor|94/100|[from] Sandstorm
|upkeep
|turn|2
|j| lakaka siuuu
|
|t:|1786097279
|detailschange|p1b: Staraptor|Staraptor-Mega, L50, F
|-mega|p1b: Staraptor|Staraptor|Staraptite
|move|p2b: Quando provo|Protect|p2b: Quando provo
|-singleturn|p2b: Quando provo|Protect
|move|p1b: Staraptor|Close Combat|p2b: Quando provo
|-activate|p2b: Quando provo|move: Protect
|move|p2a: Corviknight|Brave Bird|p1b: Staraptor
|-supereffective|p1b: Staraptor|1
|-damage|p1b: Staraptor|30/100
|-damage|p2a: Corviknight|80/100|[from] Recoil
|move|p1a: Kingambit|Swords Dance|p1a: Kingambit
|-boost|p1a: Kingambit|atk|2
|
|-weather|Sandstorm|[upkeep]
|-damage|p1b: Staraptor|24/100|[from] Sandstorm
|upkeep
|turn|3
|
|t:|1786097299
|switch|p2b: Argo|Houndstone, L50, F|100/100
|move|p1b: Staraptor|Close Combat|p2b: Argo
|-immune|p2b: Argo
|move|p2a: Corviknight|Brave Bird|p1b: Staraptor
|-supereffective|p1b: Staraptor|1
|-damage|p1b: Staraptor|0 fnt
|faint|p1b: Staraptor
|-damage|p2a: Corviknight|72/100|[from] Recoil
|move|p1a: Kingambit|Kowtow Cleave|p2b: Argo
|-supereffective|p2b: Argo|1
|-damage|p2b: Argo|0 fnt
|faint|p2b: Argo
|
|-weather|Sandstorm|[upkeep]
|upkeep
|c| rovesciaporci|si ma argo ti costringe a giocare in 3 contro staraptor
|c| rovesciaporci|perché ti devi per forza portare quel bye di titar
|
|t:|1786097315
|switch|p1b: Farigiraf|Farigiraf, L50, F|100/100
|switch|p2b: Garchomp|Garchomp, L50, M|100/100
|turn|4
|c| estupinanthepuledr|Rip argo
|j| Vg0 champ
|c|☆Il Mule|intanto corvi credo debba andare pressalo
|
|t:|1786097337
|move|p1b: Farigiraf|Helping Hand|p1a: Kingambit
|-singleturn|p1a: Kingambit|Helping Hand|[of] p1b: Farigiraf
|move|p1a: Kingambit|Sucker Punch|p2b: Garchomp
|-damage|p2b: Garchomp|0 fnt
|-damage|p1a: Kingambit|87/100|[from] ability: Rough Skin|[of] p2b: Garchomp
|faint|p2b: Garchomp
|move|p2a: Corviknight|Iron Head|p1b: Farigiraf
|-damage|p1b: Farigiraf|74/100
|
|-weather|Sandstorm|[upkeep]
|-damage|p1b: Farigiraf|68/100|[from] Sandstorm
|-sideend|p1: fujishimamegumi|move: Tailwind
|-sideend|p2: Il Mule|move: Tailwind
|upkeep
|
|t:|1786097345
|switch|p2b: Quando provo|Tyranitar, L50, M|77/100
|turn|5
|c| estupinanthepuledr|Con pressa era vinta qua si
|
|t:|1786097367
|detailschange|p2b: Quando provo|Tyranitar-Mega, L50, M
|-mega|p2b: Quando provo|Tyranitar|Tyranitarite
|move|p2b: Quando provo|Dragon Dance|p2b: Quando provo
|-boost|p2b: Quando provo|atk|1
|-boost|p2b: Quando provo|spe|1
|move|p2a: Corviknight|Iron Head|p1a: Kingambit
|-resisted|p1a: Kingambit|1
|-damage|p1a: Kingambit|79/100
|move|p1a: Kingambit|Kowtow Cleave|p2a: Corviknight
|-crit|p2a: Corviknight
|-damage|p2a: Corviknight|0 fnt
|faint|p2a: Corviknight
|move|p1b: Farigiraf|Trick Room|p1b: Farigiraf
|-fieldstart|move: Trick Room|[of] p1b: Farigiraf
|
|-weather|none
|upkeep
|turn|6
|l| Jenny Nencioni
|
|t:|1786097382
|move|p1b: Farigiraf|Helping Hand|p1a: Kingambit
|-singleturn|p1a: Kingambit|Helping Hand|[of] p1b: Farigiraf
|move|p2b: Quando provo|Protect|p2b: Quando provo
|-singleturn|p2b: Quando provo|Protect
|move|p1a: Kingambit|Kowtow Cleave|p2b: Quando provo
|-activate|p2b: Quando provo|move: Protect
|
|upkeep
|turn|7
|l| rovesciaporci
|l| Vg0 champ
|inactive|Il Mule has 30 seconds left.
|
|t:|1786097409
|move|p1b: Farigiraf|Helping Hand|p1a: Kingambit
|-singleturn|p1a: Kingambit|Helping Hand|[of] p1b: Farigiraf
|move|p1a: Kingambit|Kowtow Cleave|p2b: Quando provo
|-resisted|p2b: Quando provo|1
|-damage|p2b: Quando provo|22/100
|move|p2b: Quando provo|Rock Slide|p1a: Kingambit|[spread] p1b
|-miss|p2b: Quando provo|p1a: Kingambit
|-damage|p1b: Farigiraf|25/100
|-enditem|p1b: Farigiraf|Sitrus Berry|[eat]
|-heal|p1b: Farigiraf|50/100y|[from] item: Sitrus Berry
|
|upkeep
|turn|8
|-message|Il Mule forfeited.
|
|win|fujishimamegumi
|raw|fujishimamegumi's rating: 1245 → 1287(+42 for winning)
|raw|Il Mule's rating: 1545 → 1511(-34 for losing)
|l|☆Il Mule
|player|p2|
