|j|☆lerry27
|j|☆dgfsas
|html|lerry27dgfsas    
|uhtml|bestof|Game 1 of a best-of-3
|t:|1782558393
|gametype|doubles
|player|p1|lerry27|brycen|1070
|player|p2|dgfsas|cilan|1060
|gen|9
|tier|[Gen 9 Champions] VGC 2026 Reg M-B (Bo3)
|rated|
|rule|Species Clause: Limit one of each Pokémon
|rule|Item Clause: Limit 1 of each item
|clearpoke
|poke|p1|Gengar, L50, M, shiny|
|poke|p1|Maushold-Four, L50|
|poke|p1|Blastoise, L50, F|
|poke|p1|Sinistcha, L50|
|poke|p1|Politoed, L50, M|
|poke|p1|Incineroar, L50, M, shiny|
|poke|p2|Excadrill, L50, F|
|poke|p2|Tyranitar, L50, F|
|poke|p2|Oranguru, L50, F|
|poke|p2|Torkoal, L50, F|
|poke|p2|Whimsicott, L50, F|
|poke|p2|Staraptor, L50, F|
|teampreview|4
|showteam|p1|Gengar||Gengarite|CursedBody|SludgeBomb,PerishSong,ShadowBall,Protect|Modest||M|||50|]Maushold-Four||ChopleBerry|FriendGuard|FollowMe,HelpingHand,Uturn,Protect|Impish|||||50|]Blastoise||Blastoisinite|Torrent|WaterSpout,DarkPulse,ShellSmash,Protect|Modest||F|||50|]Sinistcha||KasibBerry|Hospitality|LifeDew,MatchaGotcha,RagePowder,Protect|Bold|||||50|]Politoed||SitrusBerry|Drizzle|PerishSong,Protect,WeatherBall,IceBeam|Calm||M|||50|]Incineroar||PasshoBerry|Intimidate|FakeOut,ThroatChop,PartingShot,Protect|Careful||M|||50|
|showteam|p2|Excadrill||Leftovers|SandRush|Earthquake,Protect,IronHead,Megahorn|Adamant||F|||50|]Tyranitar||Tyranitarite|SandStream|RockSlide,Protect,KnockOff,ThunderPunch|Brave||F|||50|]Oranguru||MentalHerb|Telepathy|Instruct,TrickRoom,Protect,Thunderbolt|Sassy||F|||50|]Torkoal||Charcoal|Drought|HeatWave,Protect,SolarBeam,EarthPower|Quiet||F|||50|]Whimsicott||FocusSash|Prankster|SunnyDay,Protect,Taunt,Moonblast|Modest||F|||50|]Staraptor||ChoiceScarf|Intimidate|FinalGambit,CloseCombat,BraveBird,Protect|Jolly||F|||50|
|inactive|Battle timer is ON: inactive players will automatically lose when time's up. (requested by dgfsas)
|inactive|lerry27 has 60 seconds left.
|
|t:|1782558431
|teamsize|p1|4
|teamsize|p2|4
|start
|switch|p1a: Incineroar|Incineroar, L50, M, shiny|100/100
|switch|p1b: Gengar|Gengar, L50, M, shiny|100/100
|switch|p2a: Oranguru|Oranguru, L50, F|100/100
|switch|p2b: Staraptor|Staraptor, L50, F|100/100
|-ability|p2b: Staraptor|Intimidate|boost
|-unboost|p1a: Incineroar|atk|1
|-unboost|p1b: Gengar|atk|1
|-ability|p1a: Incineroar|Intimidate|boost
|-unboost|p2a: Oranguru|atk|1
|-unboost|p2b: Staraptor|atk|1
|turn|1
|
|t:|1782558450
|detailschange|p1b: Gengar|Gengar-Mega, L50, M, shiny
|-mega|p1b: Gengar|Gengar|Gengarite
|move|p2a: Oranguru|Protect|p2a: Oranguru
|-singleturn|p2a: Oranguru|Protect
|move|p1a: Incineroar|Fake Out|p2b: Staraptor
|-damage|p2b: Staraptor|90/100
|cant|p2b: Staraptor|flinch
|move|p1b: Gengar|Perish Song|p1b: Gengar
|-start|p1a: Incineroar|perish3|[silent]
|-start|p1b: Gengar|perish3|[silent]
|-start|p2a: Oranguru|perish3|[silent]
|-start|p2b: Staraptor|perish3|[silent]
|-fieldactivate|move: Perish Song
|
|-start|p2b: Staraptor|perish3
|-start|p1b: Gengar|perish3
|-start|p1a: Incineroar|perish3
|-start|p2a: Oranguru|perish3
|upkeep
|turn|2
|
|t:|1782558467
|move|p1b: Gengar|Protect|p1b: Gengar
|-singleturn|p1b: Gengar|Protect
|move|p1a: Incineroar|Protect|p1a: Incineroar
|-singleturn|p1a: Incineroar|Protect
|move|p2b: Staraptor|Final Gambit|p1a: Incineroar
|-activate|p1a: Incineroar|move: Protect
|move|p2a: Oranguru|Trick Room|p2a: Oranguru
|-fieldstart|move: Trick Room|[of] p2a: Oranguru
|
|-start|p2a: Oranguru|perish2
|-start|p1a: Incineroar|perish2
|-start|p1b: Gengar|perish2
|-start|p2b: Staraptor|perish2
|upkeep
|turn|3
|inactive|lerry27 has 30 seconds left.
|
|t:|1782558495
|switch|p1b: Politoed|Politoed, L50, M|100/100
|-weather|RainDance|[from] ability: Drizzle|[of] p1b: Politoed
|move|p2a: Oranguru|Protect|p2a: Oranguru
|-singleturn|p2a: Oranguru|Protect
|move|p1a: Incineroar|Parting Shot|p2a: Oranguru
|-activate|p2a: Oranguru|move: Protect
|move|p2b: Staraptor|Final Gambit|p1a: Incineroar
|-damage|p1a: Incineroar|10/100
|faint|p2b: Staraptor
|
|-weather|RainDance|[upkeep]
|-start|p2a: Oranguru|perish1
|-start|p1a: Incineroar|perish1
|upkeep
|
|t:|1782558510
|switch|p2b: Tyranitar|Tyranitar, L50, F|100/100
|-weather|Sandstorm|[from] ability: Sand Stream|[of] p2b: Tyranitar
|turn|4
|
|t:|1782558528
|switch|p1b: Sinistcha|Sinistcha, L50|100/100
|-heal|p1a: Incineroar|35/100|[from] ability: Hospitality|[of] p1b: Sinistcha
|move|p1a: Incineroar|Protect|p1a: Incineroar
|-singleturn|p1a: Incineroar|Protect
|move|p2b: Tyranitar|Rock Slide|p1b: Sinistcha|[spread] p1b
|-activate|p1a: Incineroar|move: Protect
|-damage|p1b: Sinistcha|69/100
|move|p2a: Oranguru|Instruct|p2b: Tyranitar
|-singleturn|p2b: Tyranitar|move: Instruct|[of] p2a: Oranguru
|move|p2b: Tyranitar|Rock Slide|p1b: Sinistcha|[spread] p1b
|-activate|p1a: Incineroar|move: Protect
|-damage|p1b: Sinistcha|43/100
|
|-weather|Sandstorm|[upkeep]
|-damage|p2a: Oranguru|93/100|[from] Sandstorm
|-damage|p1b: Sinistcha|37/100|[from] Sandstorm
|-damage|p1a: Incineroar|28/100|[from] Sandstorm
|-start|p2a: Oranguru|perish0
|-start|p1a: Incineroar|perish0
|faint|p2a: Oranguru
|faint|p1a: Incineroar
|upkeep
|inactive|lerry27 has 30 seconds left.
|
|t:|1782558556
|switch|p2a: Torkoal|Torkoal, L50, F|100/100
|switch|p1a: Politoed|Politoed, L50, M|100/100
|-weather|SunnyDay|[from] ability: Drought|[of] p2a: Torkoal
|-weather|RainDance|[from] ability: Drizzle|[of] p1a: Politoed
|turn|5
|
|t:|1782558577
|detailschange|p2b: Tyranitar|Tyranitar-Mega, L50, F
|-mega|p2b: Tyranitar|Tyranitar|Tyranitarite
|-weather|Sandstorm|[from] ability: Sand Stream|[of] p2b: Tyranitar
|move|p2a: Torkoal|Heat Wave|p1a: Politoed|[spread] p1a,p1b
|-resisted|p1a: Politoed|1
|-supereffective|p1b: Sinistcha|1
|-damage|p1a: Politoed|85/100
|-damage|p1b: Sinistcha|0 fnt
|faint|p1b: Sinistcha
|move|p2b: Tyranitar|Knock Off|p1a: Politoed
|-damage|p1a: Politoed|27/100
|-enditem|p1a: Politoed|Sitrus Berry|[from] move: Knock Off|[of] p2b: Tyranitar
|move|p1a: Politoed|Perish Song|p1a: Politoed
|-start|p1a: Politoed|perish3|[silent]
|-start|p2a: Torkoal|perish3|[silent]
|-start|p2b: Tyranitar|perish3|[silent]
|-fieldactivate|move: Perish Song
|
|-weather|Sandstorm|[upkeep]
|-damage|p2a: Torkoal|93/100|[from] Sandstorm
|-damage|p1a: Politoed|21/100|[from] Sandstorm
|-start|p2a: Torkoal|perish3
|-start|p2b: Tyranitar|perish3
|-start|p1a: Politoed|perish3
|upkeep
|
|t:|1782558597
|switch|p1b: Gengar|Gengar-Mega, L50, M, shiny|100/100
|turn|6
|
|t:|1782558604
|move|p1a: Politoed|Protect|p1a: Politoed
|-singleturn|p1a: Politoed|Protect
|move|p1b: Gengar|Protect|p1b: Gengar
|-singleturn|p1b: Gengar|Protect
|move|p2a: Torkoal|Heat Wave|p1a: Politoed|[spread] 
|-activate|p1a: Politoed|move: Protect
|-activate|p1b: Gengar|move: Protect
|move|p2b: Tyranitar|Knock Off|p1b: Gengar
|-activate|p1b: Gengar|move: Protect
|
|-weather|Sandstorm|[upkeep]
|-damage|p2a: Torkoal|87/100|[from] Sandstorm
|-damage|p1a: Politoed|15/100|[from] Sandstorm
|-damage|p1b: Gengar|93/100|[from] Sandstorm
|-start|p2a: Torkoal|perish2
|-start|p2b: Tyranitar|perish2
|-start|p1a: Politoed|perish2
|-fieldend|move: Trick Room
|upkeep
|turn|7
|inactive|lerry27 has 30 seconds left.
|
|t:|1782558629
|move|p1b: Gengar|Shadow Ball|p2a: Torkoal
|-damage|p2a: Torkoal|25/100
|move|p1a: Politoed|Weather Ball|p2a: Torkoal
|-supereffective|p2a: Torkoal|1
|-damage|p2a: Torkoal|0 fnt
|faint|p2a: Torkoal
|move|p2b: Tyranitar|Knock Off|p1b: Gengar
|-supereffective|p1b: Gengar|1
|-damage|p1b: Gengar|0 fnt
|faint|p1b: Gengar
|
|-weather|Sandstorm|[upkeep]
|-damage|p1a: Politoed|9/100|[from] Sandstorm
|-start|p1a: Politoed|perish1
|-start|p2b: Tyranitar|perish1
|upkeep
|turn|8
|inactive|dgfsas has 30 seconds left.
|c|☆lerry27|Gg
|
|t:|1782558658
|move|p1a: Politoed|Protect|p1a: Politoed
|-singleturn|p1a: Politoed|Protect
|move|p2b: Tyranitar|Knock Off|p1a: Politoed
|-activate|p1a: Politoed|move: Protect
|
|-weather|Sandstorm|[upkeep]
|-damage|p1a: Politoed|3/100|[from] Sandstorm
|-start|p1a: Politoed|perish0
|-start|p2b: Tyranitar|perish0
|faint|p1a: Politoed
|faint|p2b: Tyranitar
|
|win|dgfsas
|inactive|lerry27 has 30 seconds to confirm battle start!
|inactive|dgfsas has 30 seconds to confirm battle start!
|c|☆dgfsas|gg
||dgfsas is ready for game 2.
|inactive|lerry27 has 20 seconds to confirm battle start!
|l|☆dgfsas
|player|p2|
