|j|☆breloomb01
|j|☆new mental
|html|breloomb01new mental    
|uhtml|bestof|Game 2 of a best-of-3
|t:|1783349395
|gametype|doubles
|player|p1|breloomb01|roughneck|1321
|player|p2|new mental|volkner|1466
|gen|9
|tier|[Gen 9 Champions] VGC 2026 Reg M-B (Bo3)
|rated|
|rule|Species Clause: Limit one of each Pokémon
|rule|Item Clause: Limit 1 of each item
|clearpoke
|poke|p1|Gengar, L50, M, shiny|
|poke|p1|Swampert, L50, F, shiny|
|poke|p1|Incineroar, L50, M, shiny|
|poke|p1|Politoed, L50, M, shiny|
|poke|p1|Archaludon, L50, F, shiny|
|poke|p1|Vivillon-Polar, L50, M|
|poke|p2|Aerodactyl, L50, F|
|poke|p2|Garchomp, L50, F|
|poke|p2|Kingambit, L50, M|
|poke|p2|Charizard, L50, M|
|poke|p2|Sylveon, L50, F|
|poke|p2|Farigiraf, L50, M|
|teampreview|4
|showteam|p1|Gengar||Gengarite|CursedBody|ShadowBall,PerishSong,SludgeBomb,Protect|Timid||M|||50|]Swampert||Swampertite|Torrent|WaveCrash,Earthquake,IcePunch,Protect|Adamant||F|||50|]Incineroar||PasshoBerry|Intimidate|ThroatChop,PartingShot,FakeOut,Protect|Sassy||M|||50|]Politoed||SitrusBerry|Drizzle|WeatherBall,PerishSong,Encore,Protect|Calm||M|||50|]Archaludon||Leftovers|Stamina|DragonPulse,FlashCannon,ElectroShot,Protect|Bold||F|||50|]Vivillon-Polar||FocusSash|CompoundEyes|Hurricane,SleepPowder,RagePowder,Protect|Timid||M|||50|
|showteam|p2|Aerodactyl||Aerodactylite|Unnerve|IceFang,RockSlide,Tailwind,DualWingbeat|Jolly||F|||50|]Garchomp||LifeOrb|RoughSkin|DragonClaw,StompingTantrum,Earthquake,Protect|Jolly||F|||50|]Kingambit||FocusSash|Defiant|SuckerPunch,KowtowCleave,IronHead,LowKick|Adamant||M|||50|]Charizard||CharizarditeY|SolarPower|Protect,HeatWave,SolarBeam,WeatherBall|Timid||M|||50|]Sylveon||FairyFeather|Pixilate|Protect,HyperVoice,HyperBeam,QuickAttack|Modest||F|||50|]Farigiraf||SitrusBerry|ArmorTail|TrickRoom,Thunderbolt,Psychic,Roar|Bold||M|||50|
|
|t:|1783349403
|teamsize|p1|4
|teamsize|p2|4
|start
|switch|p1a: Incineroar|Incineroar, L50, M, shiny|100/100
|switch|p1b: Gengar|Gengar, L50, M, shiny|100/100
|switch|p2a: Sylveon|Sylveon, L50, F|100/100
|switch|p2b: Farigiraf|Farigiraf, L50, M|100/100
|-ability|p1a: Incineroar|Intimidate|boost
|-unboost|p2a: Sylveon|atk|1
|-unboost|p2b: Farigiraf|atk|1
|turn|1
|
|t:|1783349417
|detailschange|p1b: Gengar|Gengar-Mega, L50, M, shiny
|-mega|p1b: Gengar|Gengar|Gengarite
|move|p1b: Gengar|Perish Song|p1b: Gengar
|-start|p1a: Incineroar|perish3|[silent]
|-start|p1b: Gengar|perish3|[silent]
|-start|p2a: Sylveon|perish3|[silent]
|-start|p2b: Farigiraf|perish3|[silent]
|-fieldactivate|move: Perish Song
|move|p2a: Sylveon|Hyper Voice|p1a: Incineroar|[spread] p1a,p1b
|-resisted|p1b: Gengar|1
|-damage|p1a: Incineroar|65/100
|-damage|p1b: Gengar|77/100
|move|p1a: Incineroar|Parting Shot|p2a: Sylveon
|-unboost|p2a: Sylveon|atk|1
|-unboost|p2a: Sylveon|spa|1
|
|t:|1783349419
|switch|p1a: Vivillon|Vivillon-Polar, L50, M|100/100|[from] Parting Shot
|move|p2b: Farigiraf|Roar|p1b: Gengar
|drag|p1b: Politoed|Politoed, L50, M, shiny|100/100
|-weather|RainDance|[from] ability: Drizzle|[of] p1b: Politoed
|
|-weather|RainDance|[upkeep]
|-start|p2a: Sylveon|perish3
|-start|p2b: Farigiraf|perish3
|upkeep
|turn|2
|
|t:|1783349457
|switch|p1b: Gengar|Gengar-Mega, L50, M, shiny|77/100
|move|p1a: Vivillon|Sleep Powder|p2b: Farigiraf
|-status|p2b: Farigiraf|slp|[from] move: Sleep Powder
|move|p2a: Sylveon|Hyper Voice|p1b: Gengar|[spread] p1a,p1b
|-resisted|p1b: Gengar|1
|-crit|p1b: Gengar
|-damage|p1a: Vivillon|40/100
|-damage|p1b: Gengar|39/100
|cant|p2b: Farigiraf|slp
|
|-weather|RainDance|[upkeep]
|-start|p2a: Sylveon|perish2
|-start|p2b: Farigiraf|perish2
|upkeep
|turn|3
|
|t:|1783349474
|move|p1b: Gengar|Protect|p1b: Gengar
|-singleturn|p1b: Gengar|Protect
|move|p1a: Vivillon|Protect|p1a: Vivillon
|-singleturn|p1a: Vivillon|Protect
|move|p2a: Sylveon|Hyper Voice|p1b: Gengar|[spread] 
|-activate|p1a: Vivillon|move: Protect
|-activate|p1b: Gengar|move: Protect
|cant|p2b: Farigiraf|slp
|
|-weather|RainDance|[upkeep]
|-start|p2a: Sylveon|perish1
|-start|p2b: Farigiraf|perish1
|upkeep
|turn|4
|
|t:|1783349485
|switch|p1b: Politoed|Politoed, L50, M, shiny|100/100
|switch|p1a: Incineroar|Incineroar, L50, M, shiny|65/100
|-ability|p1a: Incineroar|Intimidate|boost
|-unboost|p2a: Sylveon|atk|1
|-unboost|p2b: Farigiraf|atk|1
|move|p2a: Sylveon|Quick Attack|p1a: Incineroar
|-damage|p1a: Incineroar|60/100
|-curestatus|p2b: Farigiraf|slp|[msg]
|move|p2b: Farigiraf|Psychic|p1b: Politoed
|-damage|p1b: Politoed|72/100
|
|-weather|RainDance|[upkeep]
|-start|p2a: Sylveon|perish0
|-start|p2b: Farigiraf|perish0
|upkeep
|faint|p2a: Sylveon
|faint|p2b: Farigiraf
|
|t:|1783349490
|switch|p2a: Charizard|Charizard, L50, M|100/100
|switch|p2b: Kingambit|Kingambit, L50, M|100/100
|turn|5
|
|t:|1783349498
|move|p2a: Charizard|Protect|p2a: Charizard
|-singleturn|p2a: Charizard|Protect
|move|p1a: Incineroar|Fake Out|p2a: Charizard
|-activate|p2a: Charizard|move: Protect
|move|p2b: Kingambit|Low Kick|p1a: Incineroar
|-supereffective|p1a: Incineroar|1
|-damage|p1a: Incineroar|3/100
|move|p1b: Politoed|Perish Song|p1b: Politoed
|-start|p1a: Incineroar|perish3|[silent]
|-start|p1b: Politoed|perish3|[silent]
|-start|p2a: Charizard|perish3|[silent]
|-start|p2b: Kingambit|perish3|[silent]
|-fieldactivate|move: Perish Song
|
|-weather|none
|-start|p2a: Charizard|perish3
|-start|p2b: Kingambit|perish3
|-start|p1b: Politoed|perish3
|-start|p1a: Incineroar|perish3
|upkeep
|turn|6
|
|t:|1783349516
|move|p1b: Politoed|Protect|p1b: Politoed
|-singleturn|p1b: Politoed|Protect
|move|p1a: Incineroar|Protect|p1a: Incineroar
|-singleturn|p1a: Incineroar|Protect
|move|p2a: Charizard|Heat Wave|p1a: Incineroar|[spread] 
|-activate|p1a: Incineroar|move: Protect
|-activate|p1b: Politoed|move: Protect
|move|p2b: Kingambit|Low Kick|p1a: Incineroar
|-activate|p1a: Incineroar|move: Protect
|
|-start|p2a: Charizard|perish2
|-start|p2b: Kingambit|perish2
|-start|p1b: Politoed|perish2
|-start|p1a: Incineroar|perish2
|upkeep
|turn|7
|
|t:|1783349535
|move|p2a: Charizard|Heat Wave|p1b: Politoed|[spread] p1a
|-miss|p2a: Charizard|p1b: Politoed
|-resisted|p1a: Incineroar|1
|-damage|p1a: Incineroar|0 fnt
|faint|p1a: Incineroar
|move|p2b: Kingambit|Kowtow Cleave|p1b: Politoed
|-damage|p1b: Politoed|26/100
|-enditem|p1b: Politoed|Sitrus Berry|[eat]
|-heal|p1b: Politoed|51/100|[from] item: Sitrus Berry
|move|p1b: Politoed|Weather Ball|p2b: Kingambit
|-resisted|p2b: Kingambit|1
|-damage|p2b: Kingambit|94/100
|
|-start|p2a: Charizard|perish1
|-start|p2b: Kingambit|perish1
|-start|p1b: Politoed|perish1
|upkeep
|
|t:|1783349540
|switch|p1a: Gengar|Gengar-Mega, L50, M, shiny|39/100
|turn|8
|-message|new mental forfeited.
|
|win|breloomb01
||new mental is ready for game 3.
||breloomb01 is ready for game 3.
|uhtml|next|Next: Game 3 of 3
