|j|☆andyvgc
|j|☆colemarcusvgc
|html|andyvgccolemarcusvgc    
|uhtml|bestof|Game 3 of a best-of-3
|t:|1756869627
|gametype|doubles
|player|p1|andyvgc|265|1157
|player|p2|colemarcusvgc|n|1159
|gen|9
|tier|[Gen 9] VGC 2025 Reg H (Bo3)
|rated|
|rule|Species Clause: Limit one of each Pokémon
|rule|Item Clause: Limit 1 of each item
|clearpoke
|poke|p1|Sneasler, L50, M|
|poke|p1|Indeedee, L50, M|
|poke|p1|Ursaluna-Bloodmoon, L50, M|
|poke|p1|Electabuzz, L50, F|
|poke|p1|Incineroar, L50, F|
|poke|p1|Talonflame, L50, M|
|poke|p2|Indeedee-F, L50, F|
|poke|p2|Hatterene, L50, F|
|poke|p2|Gallade, L50, M|
|poke|p2|Ursaluna, L50, M|
|poke|p2|Lilligant-Hisui, L50, F|
|poke|p2|Torkoal, L50, M|
|teampreview|4
|showteam|p1|Sneasler||PsychicSeed|Unburden|CloseCombat,DireClaw,ThroatChop,Protect|||M|||50|,,,,,Dark]Indeedee||FocusSash|PsychicSurge|ExpandingForce,TrickRoom,HelpingHand,Protect|||M|||50|,,,,,Psychic]Ursaluna-Bloodmoon||LifeOrb|MindsEye|BloodMoon,HyperVoice,EarthPower,Protect|||M|||50|,,,,,Normal]Electabuzz||Eviolite|VitalSpirit|Electroweb,FollowMe,Taunt,Protect|||F|||50|,,,,,Dragon]Incineroar||SafetyGoggles|Intimidate|FlareBlitz,KnockOff,PartingShot,FakeOut|||F|||50|,,,,,Ghost]Talonflame||CovertCloak|GaleWings|FlareBlitz,DualWingbeat,WillOWisp,Tailwind|||M|||50|,,,,,Fairy
|showteam|p2|Indeedee-F||PsychicSeed|PsychicSurge|TrickRoom,FollowMe,HelpingHand,DazzlingGleam|||F|||50|,,,,,Fire]Hatterene||LifeOrb|MagicBounce|ExpandingForce,TrickRoom,DazzlingGleam,Protect|||F|||50|,,,,,Psychic]Gallade||ClearAmulet|Sharpness|PsychoCut,TrickRoom,SacredSword,WideGuard|||M|||50|,,,,,Grass]Ursaluna||FlameOrb|Guts|HeadlongRush,Facade,SwordsDance,Protect|||M|||50|,,,,,Ghost]Lilligant-Hisui||FocusSash|Chlorophyll|SolarBlade,SleepPowder,CloseCombat,AfterYou|||F|||50|,,,,,Ghost]Torkoal||ChoiceSpecs|Drought|Eruption,HeatWave,WeatherBall,EarthPower|||M|||50|,,,,,Fire
|
|t:|1756869657
|teamsize|p1|4
|teamsize|p2|4
|start
|switch|p1a: Electabuzz|Electabuzz, L50, F|100/100
|switch|p1b: Ursaluna|Ursaluna-Bloodmoon, L50, M|100/100
|switch|p2a: Indeedee|Indeedee-F, L50, F|100/100
|switch|p2b: Ursaluna|Ursaluna, L50, M|100/100
|-fieldstart|move: Psychic Terrain|[from] ability: Psychic Surge|[of] p2a: Indeedee
|-enditem|p2a: Indeedee|Psychic Seed
|-boost|p2a: Indeedee|spd|1|[from] item: Psychic Seed
|turn|1
|
|t:|1756869692
|switch|p2a: Hatterene|Hatterene, L50, F, shiny|100/100
|-terastallize|p1b: Ursaluna|Normal
|move|p1a: Electabuzz|Taunt|p2a: Hatterene
|move|p2a: Hatterene|Taunt|p1a: Electabuzz|[from] ability: Magic Bounce
|-start|p1a: Electabuzz|move: Taunt
|move|p1b: Ursaluna|Blood Moon|p2b: Ursaluna
|-damage|p2b: Ursaluna|0 fnt
|faint|p2b: Ursaluna
|-damage|p1b: Ursaluna|91/100|[from] item: Life Orb
|
|upkeep
|
|t:|1756869707
|switch|p2b: Indeedee|Indeedee-F, L50, F|100/100
|turn|2
|
|t:|1756869752
|switch|p1a: Incineroar|Incineroar, L50, F|100/100
|-ability|p1a: Incineroar|Intimidate|boost
|-unboost|p2a: Hatterene|atk|1
|-unboost|p2b: Indeedee|atk|1
|move|p1b: Ursaluna|Hyper Voice|p2a: Hatterene|[spread] p2a,p2b
|-damage|p2a: Hatterene|30/100
|-damage|p2b: Indeedee|39/100
|-damage|p1b: Ursaluna|81/100|[from] item: Life Orb
|move|p2a: Hatterene|Expanding Force|p1b: Ursaluna|[spread] p1b
|-immune|p1a: Incineroar
|-damage|p1b: Ursaluna|0 fnt
|faint|p1b: Ursaluna
|-damage|p2a: Hatterene|21/100|[from] item: Life Orb
|move|p2b: Indeedee|Trick Room|p2b: Indeedee
|-fieldstart|move: Trick Room|[of] p2b: Indeedee
|
|upkeep
|
|t:|1756869772
|switch|p1b: Electabuzz|Electabuzz, L50, F|100/100
|turn|3
|
|t:|1756869790
|move|p1b: Electabuzz|Protect|p1b: Electabuzz
|-singleturn|p1b: Electabuzz|Protect
|move|p2b: Indeedee|Follow Me|p2b: Indeedee
|-singleturn|p2b: Indeedee|move: Follow Me
|move|p2a: Hatterene|Expanding Force|p1a: Incineroar|[spread] 
|-activate|p1b: Electabuzz|move: Protect
|-immune|p1a: Incineroar
|move|p1a: Incineroar|Knock Off|p2b: Indeedee
|-supereffective|p2b: Indeedee
|-damage|p2b: Indeedee|0 fnt
|faint|p2b: Indeedee
|
|upkeep
|
|t:|1756869800
|switch|p2b: Torkoal|Torkoal, L50, M|100/100
|-weather|SunnyDay|[from] ability: Drought|[of] p2b: Torkoal
|turn|4
|
|t:|1756869848
|move|p2a: Hatterene|Protect|p2a: Hatterene
|-singleturn|p2a: Hatterene|Protect
|move|p2b: Torkoal|Earth Power|p1a: Incineroar
|-supereffective|p1a: Incineroar
|-damage|p1a: Incineroar|26/100
|move|p1a: Incineroar|Knock Off|p2a: Hatterene
|-activate|p2a: Hatterene|move: Protect
|move|p1b: Electabuzz|Electroweb|p2a: Hatterene|[spread] p2b
|-activate|p2a: Hatterene|move: Protect
|-damage|p2b: Torkoal|81/100
|-unboost|p2b: Torkoal|spe|1
|
|-weather|SunnyDay|[upkeep]
|upkeep
|turn|5
|
|t:|1756869868
|switch|p1a: Talonflame|Talonflame, L50, M|100/100
|move|p2b: Torkoal|Earth Power|p1a: Talonflame
|-immune|p1a: Talonflame
|move|p2a: Hatterene|Expanding Force|p1a: Talonflame|[spread] p1a,p1b
|-damage|p1a: Talonflame|0 fnt
|-damage|p1b: Electabuzz|29/100
|faint|p1a: Talonflame
|-damage|p2a: Hatterene|11/100|[from] item: Life Orb
|move|p1b: Electabuzz|Electroweb|p2b: Torkoal|[spread] p2a,p2b
|-damage|p2a: Hatterene|0 fnt
|-damage|p2b: Torkoal|63/100
|-unboost|p2b: Torkoal|spe|1
|faint|p2a: Hatterene
|
|-weather|SunnyDay|[upkeep]
|-fieldend|move: Psychic Terrain
|upkeep
|
|t:|1756869882
|switch|p1a: Incineroar|Incineroar, L50, F|26/100
|-ability|p1a: Incineroar|Intimidate|boost
|-unboost|p2b: Torkoal|atk|1
|turn|6
|
|t:|1756869892
|-terastallize|p2b: Torkoal|Fire
|move|p1a: Incineroar|Fake Out|p2b: Torkoal
|-damage|p2b: Torkoal|53/100
|cant|p2b: Torkoal|flinch
|move|p1b: Electabuzz|Electroweb|p2b: Torkoal
|-damage|p2b: Torkoal|29/100
|-unboost|p2b: Torkoal|spe|1
|
|-weather|SunnyDay|[upkeep]
|-fieldend|move: Trick Room
|upkeep
|turn|7
|
|t:|1756869902
|move|p1b: Electabuzz|Electroweb|p2b: Torkoal
|-damage|p2b: Torkoal|2/100
|-unboost|p2b: Torkoal|spe|1
|move|p1a: Incineroar|Knock Off|p2b: Torkoal
|-damage|p2b: Torkoal|0 fnt
|-enditem|p2b: Torkoal|Choice Specs|[from] move: Knock Off|[of] p1a: Incineroar
|faint|p2b: Torkoal
|
|win|andyvgc
|raw|andyvgc's rating: 1157 → 1182(+25 for winning)
|raw|colemarcusvgc's rating: 1159 → 1134(-25 for losing)
|c|☆colemarcusvgc|gg!
|c|☆andyvgc|Gg
|l|☆andyvgc
|player|p1|
