|j|☆VermillionAcademy
|j|☆fookinraw42
|html|VermillionAcademyfookinraw42    
|uhtml|bestof|Game 2 of a best-of-3
|t:|1756330291
|gametype|doubles
|player|p1|VermillionAcademy|2|1019
|player|p2|fookinraw42|flannery|1098
|gen|9
|tier|[Gen 9] VGC 2025 Reg H (Bo3)
|rated|
|rule|Species Clause: Limit one of each Pokémon
|rule|Item Clause: Limit 1 of each item
|clearpoke
|poke|p1|Incineroar, L50, M|
|poke|p1|Rillaboom, L50, F|
|poke|p1|Ninetales-Alola, L50, M|
|poke|p1|Frosmoth, L50, M|
|poke|p1|Maushold-Four, L50|
|poke|p1|Annihilape, L50, F|
|poke|p2|Gholdengo, L50|
|poke|p2|Amoonguss, L50, M|
|poke|p2|Basculegion, L50, M|
|poke|p2|Incineroar, L50, M|
|poke|p2|Archaludon, L50, M|
|poke|p2|Pelipper, L50, M|
|teampreview|4
|showteam|p1|Incineroar||SafetyGoggles|Intimidate|FlareBlitz,KnockOff,FakeOut,PartingShot|||M|||50|,,,,,Ghost]Rillaboom||AssaultVest|GrassySurge|WoodHammer,GrassyGlide,Uturn,FakeOut|||F|||50|,,,,,Fire]Ninetales-Alola||CovertCloak|SnowWarning|Moonblast,AuroraVeil,Disable,Encore|||M|||50|,,,,,Fire]Frosmoth||Leftovers|IceScales|Blizzard,TeraBlast,QuiverDance,Protect|||M|||50|,,,,,Water]Maushold-Four||RockyHelmet|FriendGuard|FollowMe,BeatUp,Taunt,Protect||||||50|,,,,,Water]Annihilape||SitrusBerry|Defiant|RageFist,DrainPunch,BulkUp,Protect|||F|||50|,,,,,Fire
|showteam|p2|Gholdengo||LifeOrb|GoodasGold|MakeItRain,ShadowBall,NastyPlot,Protect||||||50|,,,,,Water]Amoonguss||SitrusBerry|Regenerator|Spore,RagePowder,PollenPuff,ClearSmog|||M|||50|,,,,,Electric]Basculegion||ChoiceBand|SwiftSwim|WaveCrash,FlipTurn,AquaJet,LastRespects|||M|||50|,,,,,Water]Incineroar||SafetyGoggles|Intimidate|KnockOff,PartingShot,WillOWisp,FakeOut|||M|||50|,,,,,Ghost]Archaludon||AssaultVest|Stamina|FlashCannon,DracoMeteor,ElectroShot,BodyPress|||M|||50|,,,,,Bug]Pelipper||CovertCloak|Drizzle|WeatherBall,Hurricane,Tailwind,Protect|||M|||50|,,,,,Dragon
|inactive|Battle timer is ON: inactive players will automatically lose when time's up. (requested by fookinraw42)
|inactive|fookinraw42 has 60 seconds left.
|inactive|fookinraw42 has 30 seconds left.
|
|t:|1756330355
|teamsize|p1|4
|teamsize|p2|4
|start
|switch|p1a: Annihilape|Annihilape, L50, F|100/100
|switch|p1b: Rillaboom|Rillaboom, L50, F|100/100
|switch|p2a: Amoonguss|Amoonguss, L50, M|100/100
|switch|p2b: Basculegion|Basculegion, L50, M|100/100
|-fieldstart|move: Grassy Terrain|[from] ability: Grassy Surge|[of] p1b: Rillaboom
|turn|1
|inactive|VermillionAcademy has 30 seconds left.
|
|t:|1756330388
|move|p1a: Annihilape|Protect|p1a: Annihilape
|-singleturn|p1a: Annihilape|Protect
|move|p2b: Basculegion|Flip Turn|p1b: Rillaboom
|-resisted|p1b: Rillaboom
|-damage|p1b: Rillaboom|78/100
|
|t:|1756330394
|switch|p2b: Gholdengo|Gholdengo, L50|100/100|[from] Flip Turn
|move|p1b: Rillaboom|U-turn|p2a: Amoonguss
|-damage|p2a: Amoonguss|78/100
|
|t:|1756330399
|switch|p1b: Ninetales|Ninetales-Alola, L50, M|100/100|[from] U-turn
|-weather|Snowscape|[from] ability: Snow Warning|[of] p1b: Ninetales
|move|p2a: Amoonguss|Spore|p1a: Annihilape
|-activate|p1a: Annihilape|move: Protect
|
|-weather|Snowscape|[upkeep]
|-heal|p2a: Amoonguss|84/100|[from] Grassy Terrain
|upkeep
|turn|2
|
|t:|1756330417
|switch|p2a: Pelipper|Pelipper, L50, M|100/100
|-weather|RainDance|[from] ability: Drizzle|[of] p2a: Pelipper
|-terastallize|p2b: Gholdengo|Water
|-terastallize|p1a: Annihilape|Fire
|move|p1b: Ninetales|Encore||[still]
|-fail|p1b: Ninetales
|move|p2b: Gholdengo|Shadow Ball|p1a: Annihilape
|-crit|p1a: Annihilape
|-damage|p1a: Annihilape|45/100
|-enditem|p1a: Annihilape|Sitrus Berry|[eat]
|-heal|p1a: Annihilape|69/100|[from] item: Sitrus Berry
|-damage|p2b: Gholdengo|91/100|[from] item: Life Orb
|move|p1a: Annihilape|Bulk Up|p1a: Annihilape
|-boost|p1a: Annihilape|atk|1
|-boost|p1a: Annihilape|def|1
|
|-weather|RainDance|[upkeep]
|-heal|p2b: Gholdengo|97/100|[from] Grassy Terrain
|-heal|p1a: Annihilape|76/100|[from] Grassy Terrain
|upkeep
|turn|3
|inactive|fookinraw42 has 30 seconds left.
|
|t:|1756330451
|switch|p1b: Rillaboom|Rillaboom, L50, F|78/100
|move|p1a: Annihilape|Protect|p1a: Annihilape
|-singleturn|p1a: Annihilape|Protect
|move|p2b: Gholdengo|Nasty Plot|p2b: Gholdengo
|-boost|p2b: Gholdengo|spa|2
|move|p2a: Pelipper|Weather Ball|p1a: Annihilape
|-activate|p1a: Annihilape|move: Protect
|
|-weather|RainDance|[upkeep]
|-heal|p2b: Gholdengo|100/100|[from] Grassy Terrain
|-heal|p1b: Rillaboom|84/100|[from] Grassy Terrain
|-heal|p1a: Annihilape|82/100|[from] Grassy Terrain
|upkeep
|turn|4
|
|t:|1756330471
|move|p2b: Gholdengo|Protect|p2b: Gholdengo
|-singleturn|p2b: Gholdengo|Protect
|move|p1b: Rillaboom|Fake Out|p2b: Gholdengo
|-activate|p2b: Gholdengo|move: Protect
|move|p1a: Annihilape|Bulk Up|p1a: Annihilape
|-boost|p1a: Annihilape|atk|1
|-boost|p1a: Annihilape|def|1
|move|p2a: Pelipper|Weather Ball|p1a: Annihilape
|-supereffective|p1a: Annihilape
|-damage|p1a: Annihilape|4/100
|
|-weather|RainDance|[upkeep]
|-heal|p1b: Rillaboom|90/100|[from] Grassy Terrain
|-heal|p1a: Annihilape|11/100|[from] Grassy Terrain
|upkeep
|turn|5
|
|t:|1756330489
|switch|p2a: Amoonguss|Amoonguss, L50, M|100/100
|move|p1a: Annihilape|Protect|p1a: Annihilape
|-singleturn|p1a: Annihilape|Protect
|move|p2b: Gholdengo|Make It Rain|p1a: Annihilape|[spread] p1b
|-activate|p1a: Annihilape|move: Protect
|-damage|p1b: Rillaboom|0 fnt
|-unboost|p2b: Gholdengo|spa|1
|faint|p1b: Rillaboom
|-damage|p2b: Gholdengo|91/100|[from] item: Life Orb
|
|-weather|RainDance|[upkeep]
|-heal|p2b: Gholdengo|97/100|[from] Grassy Terrain
|-heal|p1a: Annihilape|17/100|[from] Grassy Terrain
|-fieldend|move: Grassy Terrain
|upkeep
|
|t:|1756330500
|switch|p1b: Ninetales|Ninetales-Alola, L50, M|100/100
|-weather|Snowscape|[from] ability: Snow Warning|[of] p1b: Ninetales
|turn|6
|
|t:|1756330518
|switch|p2a: Pelipper|Pelipper, L50, M|100/100
|-weather|RainDance|[from] ability: Drizzle|[of] p2a: Pelipper
|move|p1b: Ninetales|Moonblast|p2b: Gholdengo
|-damage|p2b: Gholdengo|66/100
|-unboost|p2b: Gholdengo|spa|1
|move|p2b: Gholdengo|Make It Rain|p1a: Annihilape|[spread] p1a,p1b
|-resisted|p1a: Annihilape
|-supereffective|p1b: Ninetales
|-damage|p1a: Annihilape|0 fnt
|-damage|p1b: Ninetales|0 fnt
|-unboost|p2b: Gholdengo|spa|1
|faint|p1a: Annihilape
|faint|p1b: Ninetales
|-damage|p2b: Gholdengo|57/100|[from] item: Life Orb
|
|-weather|RainDance|[upkeep]
|upkeep
|
|t:|1756330528
|switch|p1b: Maushold|Maushold-Four, L50|100/100
|turn|7
|
|t:|1756330542
|move|p1b: Maushold|Follow Me|p1b: Maushold
|-singleturn|p1b: Maushold|move: Follow Me
|move|p2b: Gholdengo|Nasty Plot|p2b: Gholdengo
|-boost|p2b: Gholdengo|spa|2
|move|p2a: Pelipper|Tailwind|p2a: Pelipper
|-sidestart|p2: fookinraw42|move: Tailwind
|
|-weather|RainDance|[upkeep]
|upkeep
|turn|8
|-message|VermillionAcademy forfeited.
|
|win|fookinraw42
|raw|VermillionAcademy's rating: 1019 → 1009(-10 for losing)
|raw|fookinraw42's rating: 1098 → 1118(+20 for winning)
|l|☆VermillionAcademy
|player|p1|
