|j|☆123something
|j|☆CrystalGem02
|html|123somethingCrystalGem02    
|uhtml|bestof|Game 2 of a best-of-3
|t:|1755573771
|gametype|doubles
|player|p1|123something|1|1327
|player|p2|CrystalGem02|valerie|1237
|gen|9
|tier|[Gen 9] VGC 2025 Reg H (Bo3)
|rated|
|rule|Species Clause: Limit one of each Pokémon
|rule|Item Clause: Limit 1 of each item
|clearpoke
|poke|p1|Garchomp, L50, M|
|poke|p1|Weezing-Galar, L50, M|
|poke|p1|Archaludon, L50, F|
|poke|p1|Gholdengo, L50|
|poke|p1|Talonflame, L50, M|
|poke|p1|Annihilape, L50, M|
|poke|p2|Incineroar, L50, F|
|poke|p2|Amoonguss, L50, F|
|poke|p2|Ursaluna-Bloodmoon, L50, M|
|poke|p2|Sneasler, L50, F|
|poke|p2|Gholdengo, L50|
|poke|p2|Dragonite, L50, M|
|teampreview|4
|showteam|p1|Garchomp||LifeOrb|RoughSkin|DragonClaw,Earthquake,StompingTantrum,Protect|||M|||50|,,,,,Ground]Weezing-Galar||FocusSash|NeutralizingGas|Protect,SludgeBomb,Taunt,StrangeSteam|||M|||50|,,,,,Flying]Archaludon||PowerHerb|Sturdy|ElectroShot,Thunderbolt,DracoMeteor,Protect|||F|||50|,,,,,Electric]Gholdengo||ChoiceSpecs|GoodasGold|ShadowBall,DazzlingGleam,PowerGem,MakeItRain||||||50|,,,,,Fairy]Talonflame||CovertCloak|GaleWings|Tailwind,DualWingbeat,WillOWisp,FlareBlitz|||M|||50|,,,,,Stellar]Annihilape||AssaultVest|Defiant|CloseCombat,RageFist,FinalGambit,IcePunch|||M|||50|,,,,,Grass
|showteam|p2|Incineroar||SafetyGoggles|Intimidate|FlareBlitz,KnockOff,PartingShot,FakeOut|||F|||50|,,,,,Ghost]Amoonguss||SitrusBerry|Regenerator|Spore,RagePowder,PollenPuff,Protect|||F|||50|,,,,,Psychic]Ursaluna-Bloodmoon||AssaultVest|MindsEye|HyperVoice,BloodMoon,EarthPower,VacuumWave|||M|||50|,,,,,Water]Sneasler||FocusSash|Unburden|CloseCombat,DireClaw,ThroatChop,Protect|||F|||50|,,,,,Stellar]Gholdengo||LifeOrb|GoodasGold|MakeItRain,ShadowBall,NastyPlot,Protect||||||50|,,,,,Water]Dragonite||LoadedDice|Multiscale|ScaleShot,Tailwind,Haze,Protect|||M|||50|,,,,,Fairy
|inactive|Battle timer is ON: inactive players will automatically lose when time's up. (requested by CrystalGem02)
|
|t:|1755573800
|teamsize|p1|4
|teamsize|p2|4
|start
|switch|p1a: Weezing|Weezing-Galar, L50, M|100/100
|switch|p1b: Garchomp|Garchomp, L50, M|100/100
|switch|p2a: Amoonguss|Amoonguss, L50, F, shiny|100/100
|switch|p2b: Gholdengo|Gholdengo, L50|100/100
|-ability|p1a: Weezing|Neutralizing Gas
|turn|1
|
|t:|1755573819
|-terastallize|p2b: Gholdengo|Water
|-terastallize|p1a: Weezing|Flying
|move|p2a: Amoonguss|Rage Powder|p2a: Amoonguss
|-singleturn|p2a: Amoonguss|move: Rage Powder
|move|p1b: Garchomp|Earthquake|p2b: Gholdengo|[spread] p2a,p2b
|-immune|p1a: Weezing
|-damage|p2a: Amoonguss|55/100
|-damage|p2b: Gholdengo|49/100
|-damage|p1b: Garchomp|91/100|[from] item: Life Orb
|move|p2b: Gholdengo|Nasty Plot|p2b: Gholdengo
|-boost|p2b: Gholdengo|spa|2
|move|p1a: Weezing|Taunt|p2a: Amoonguss
|-start|p2a: Amoonguss|move: Taunt
|
|upkeep
|turn|2
|inactive|123something has 30 seconds left.
|
|t:|1755573850
|switch|p2a: Dragonite|Dragonite, L50, M, shiny|100/100
|move|p2b: Gholdengo|Protect|p2b: Gholdengo
|-singleturn|p2b: Gholdengo|Protect
|move|p1b: Garchomp|Earthquake|p2a: Dragonite|[spread] 
|-activate|p2b: Gholdengo|move: Protect
|-immune|p1a: Weezing
|-immune|p2a: Dragonite
|move|p1a: Weezing|Strange Steam|p2a: Dragonite
|-supereffective|p2a: Dragonite
|-damage|p2a: Dragonite|22/100
|
|upkeep
|turn|3
|inactive|123something has 30 seconds left.
|
|t:|1755573876
|move|p2b: Gholdengo|Protect|p2b: Gholdengo
|-singleturn|p2b: Gholdengo|Protect
|move|p1b: Garchomp|Dragon Claw|p2b: Gholdengo
|-activate|p2b: Gholdengo|move: Protect
|move|p2a: Dragonite|Tailwind|p2a: Dragonite
|-sidestart|p2: CrystalGem02|move: Tailwind
|move|p1a: Weezing|Sludge Bomb|p2a: Dragonite
|-damage|p2a: Dragonite|0 fnt
|faint|p2a: Dragonite
|
|upkeep
|
|t:|1755573885
|switch|p2a: Amoonguss|Amoonguss, L50, F, shiny|55/100
|turn|4
|inactive|123something has 30 seconds left.
|inactive|123something has 20 seconds left.
|inactive|123something has 15 seconds left.
|inactive|123something has 10 seconds left.
|
|t:|1755573934
|switch|p1b: Gholdengo|Gholdengo, L50|100/100
|move|p2b: Gholdengo|Make It Rain|p1b: Gholdengo|[spread] p1a,p1b
|-resisted|p1b: Gholdengo
|-enditem|p1a: Weezing|Focus Sash
|-damage|p1a: Weezing|1/100
|-damage|p1b: Gholdengo|39/100
|-unboost|p2b: Gholdengo|spa|1
|-damage|p2b: Gholdengo|39/100|[from] item: Life Orb
|move|p1a: Weezing|Taunt|p2a: Amoonguss
|-start|p2a: Amoonguss|move: Taunt
|move|p2a: Amoonguss|Pollen Puff|p2b: Gholdengo
|-heal|p2b: Gholdengo|89/100
|
|upkeep
|turn|5
|inactive|123something has 30 seconds left.
|inactive|CrystalGem02 has 30 seconds left.
|inactive|123something has 20 seconds left.
|inactive|123something has 15 seconds left.
|
|t:|1755573975
|switch|p1b: Talonflame|Talonflame, L50, M|100/100
|switch|p2a: Ursaluna|Ursaluna-Bloodmoon, L50, M|100/100
|move|p1a: Weezing|Protect|p1a: Weezing
|-singleturn|p1a: Weezing|Protect
|move|p2b: Gholdengo|Make It Rain|p1a: Weezing|[spread] p1b
|-activate|p1a: Weezing|move: Protect
|-resisted|p1b: Talonflame
|-damage|p1b: Talonflame|27/100
|-unboost|p2b: Gholdengo|spa|1
|-damage|p2b: Gholdengo|80/100|[from] item: Life Orb
|
|upkeep
|turn|6
|inactive|123something has 30 seconds left.
|inactive|CrystalGem02 has 30 seconds left.
|inactive|123something has 20 seconds left.
|inactive|123something has 15 seconds left.
|inactive|123something has 10 seconds left.
|
|t:|1755574025
|switch|p1b: Garchomp|Garchomp, L50, M|91/100
|move|p2a: Ursaluna|Vacuum Wave|p1a: Weezing
|-resisted|p1a: Weezing
|-damage|p1a: Weezing|0 fnt
|faint|p1a: Weezing
|-end|p1a: Weezing|ability: Neutralizing Gas
|move|p2b: Gholdengo|Shadow Ball|p1b: Garchomp
|-damage|p1b: Garchomp|25/100
|-damage|p2b: Gholdengo|70/100|[from] item: Life Orb
|
|-sideend|p2: CrystalGem02|move: Tailwind
|upkeep
|
|t:|1755574035
|switch|p1a: Gholdengo|Gholdengo, L50|39/100
|turn|7
|inactive|CrystalGem02 has 30 seconds left.
|
|t:|1755574067
|move|p1b: Garchomp|Protect|p1b: Garchomp
|-singleturn|p1b: Garchomp|Protect
|move|p1a: Gholdengo|Make It Rain|p2b: Gholdengo|[spread] p2a,p2b
|-resisted|p2b: Gholdengo
|-damage|p2a: Ursaluna|58/100
|-damage|p2b: Gholdengo|28/100
|-unboost|p1a: Gholdengo|spa|1
|move|p2b: Gholdengo|Shadow Ball|p1a: Gholdengo
|-supereffective|p1a: Gholdengo
|-damage|p1a: Gholdengo|0 fnt
|faint|p1a: Gholdengo
|-damage|p2b: Gholdengo|19/100|[from] item: Life Orb
|move|p2a: Ursaluna|Hyper Voice|p1b: Garchomp
|-activate|p1b: Garchomp|move: Protect
|
|upkeep
|
|t:|1755574077
|switch|p1a: Talonflame|Talonflame, L50, M|27/100
|turn|8
|
|t:|1755574096
|move|p2b: Gholdengo|Protect|p2b: Gholdengo
|-singleturn|p2b: Gholdengo|Protect
|move|p2a: Ursaluna|Vacuum Wave|p1b: Garchomp
|-damage|p1b: Garchomp|8/100
|move|p1a: Talonflame|Flare Blitz|p2a: Ursaluna
|-damage|p2a: Ursaluna|23/100
|-damage|p1a: Talonflame|12/100|[from] Recoil
|move|p1b: Garchomp|Earthquake|p2a: Ursaluna|[spread] p2a
|-activate|p2b: Gholdengo|move: Protect
|-immune|p1a: Talonflame
|-damage|p2a: Ursaluna|0 fnt
|faint|p2a: Ursaluna
|-damage|p1b: Garchomp|0 fnt|[from] item: Life Orb
|faint|p1b: Garchomp
|
|upkeep
|
|t:|1755574110
|switch|p2a: Amoonguss|Amoonguss, L50, F, shiny|55/100
|turn|9
|
|t:|1755574124
|move|p2a: Amoonguss|Rage Powder|p2a: Amoonguss
|-singleturn|p2a: Amoonguss|move: Rage Powder
|move|p1a: Talonflame|Dual Wingbeat|p2a: Amoonguss
|-supereffective|p2a: Amoonguss
|-damage|p2a: Amoonguss|25/100
|-enditem|p2a: Amoonguss|Sitrus Berry|[eat]
|-heal|p2a: Amoonguss|50/100|[from] item: Sitrus Berry
|-supereffective|p2a: Amoonguss
|-damage|p2a: Amoonguss|24/100
|-hitcount|p2a: Amoonguss|2
|move|p2b: Gholdengo|Shadow Ball|p1a: Talonflame
|-damage|p1a: Talonflame|0 fnt
|faint|p1a: Talonflame
|-damage|p2b: Gholdengo|9/100|[from] item: Life Orb
|
|win|CrystalGem02
|raw|123something's rating: 1327 → 1302(-25 for losing)
|raw|CrystalGem02's rating: 1237 → 1268(+31 for winning)
