|j|☆Nusssack
|j|☆jANMxRin
|html|NusssackjANMxRin    
|uhtml|bestof|Game 1 of a best-of-3
|t:|1783426987
|gametype|doubles
|player|p1|Nusssack|volkner|1104
|player|p2|jANMxRin|1|1221
|gen|9
|tier|[Gen 9 Champions] VGC 2026 Reg M-B (Bo3)
|rated|
|rule|Species Clause: Limit one of each Pokémon
|rule|Item Clause: Limit 1 of each item
|clearpoke
|poke|p1|Farigiraf, L50, M|
|poke|p1|Scrafty, L50, F|
|poke|p1|Gholdengo, L50|
|poke|p1|Primarina, L50, F, shiny|
|poke|p1|Kangaskhan, L50, F, shiny|
|poke|p1|Rotom-Heat, L50|
|poke|p2|Delphox, L50, M|
|poke|p2|Blastoise, L50, F|
|poke|p2|Incineroar, L50, F|
|poke|p2|Sneasler, L50, F|
|poke|p2|Sinistcha, L50|
|poke|p2|Kingambit, L50, F|
|teampreview|4
|showteam|p1|Farigiraf||LumBerry|ArmorTail|PsychicFangs,LightScreen,TrickRoom,Protect|Relaxed||M|||50|]Scrafty||Scraftinite|Intimidate|DrainPunch,KnockOff,ThunderPunch,FakeOut|Brave||F|||50|]Gholdengo||ColburBerry|GoodasGold|FlashCannon,ShadowBall,PowerGem,Protect|Quiet|||||50|]Primarina||LifeOrb|LiquidVoice|HyperVoice,Moonblast,EnergyBall,Protect|Quiet||F|||50|]Kangaskhan||Kangaskhanite|Scrappy|SuckerPunch,DrainPunch,ThunderPunch,FakeOut|Relaxed||F|||50|]Rotom-Heat||WideLens|Levitate|Overheat,VoltSwitch,WillOWisp,EerieImpulse|Calm|||||50|
|showteam|p2|Delphox||Delphoxite|Blaze|HeatWave,Psyshock,Protect,NastyPlot|Timid||M|||50|]Blastoise||Blastoisinite|Torrent|WaterSpout,DarkPulse,ShellSmash,Protect|Timid||F|||50|]Incineroar||SitrusBerry|Intimidate|FlareBlitz,FakeOut,PartingShot,HelpingHand|Careful||F|||50|]Sneasler||FocusSash|PoisonTouch|PoisonJab,CloseCombat,FakeOut,QuickGuard|Jolly||F|||50|]Sinistcha||KasibBerry|Hospitality|MatchaGotcha,RagePowder,Protect,LifeDew|Bold|||||50|]Kingambit||BlackGlasses|Defiant|KowtowCleave,SuckerPunch,SwordsDance,Protect|Adamant||F|||50|
|inactive|Battle timer is ON: inactive players will automatically lose when time's up. (requested by Nusssack)
|inactive|Nusssack has 60 seconds left.
|
|t:|1783427022
|teamsize|p1|4
|teamsize|p2|4
|start
|switch|p1a: BigMom|Kangaskhan, L50, F, shiny|100/100
|switch|p1b: Hoof|Farigiraf, L50, M|100/100
|switch|p2a: Blastoise|Blastoise, L50, F|100/100
|switch|p2b: Kingambit|Kingambit, L50, F|100/100
|turn|1
|inactive|Nusssack has 30 seconds left.
|inactive|jANMxRin has 30 seconds left.
|inactive|jANMxRin has 20 seconds left.
|inactive|Nusssack has 20 seconds left.
|
|t:|1783427064
|detailschange|p2a: Blastoise|Blastoise-Mega, L50, F
|-mega|p2a: Blastoise|Blastoise|Blastoisinite
|move|p1a: BigMom|Fake Out|p2a: Blastoise
|-damage|p2a: Blastoise|86/100
|cant|p2a: Blastoise|flinch
|move|p2b: Kingambit|Kowtow Cleave|p1b: Hoof
|-supereffective|p1b: Hoof|1
|-damage|p1b: Hoof|17/100
|move|p1b: Hoof|Trick Room|p1b: Hoof
|-fieldstart|move: Trick Room|[of] p1b: Hoof
|
|upkeep
|turn|2
|inactive|jANMxRin has 30 seconds left.
|inactive|Nusssack has 30 seconds left.
|
|t:|1783427096
|switch|p1b: Ariell|Primarina, L50, F, shiny|100/100
|detailschange|p1a: BigMom|Kangaskhan-Mega, L50, F, shiny
|-mega|p1a: BigMom|Kangaskhan|Kangaskhanite
|move|p2b: Kingambit|Protect|p2b: Kingambit
|-singleturn|p2b: Kingambit|Protect
|move|p1a: BigMom|Drain Punch|p2b: Kingambit
|-activate|p2b: Kingambit|move: Protect
|move|p2a: Blastoise|Dark Pulse|p1b: Ariell
|-resisted|p1b: Ariell|1
|-damage|p1b: Ariell|81/100
|
|upkeep
|turn|3
|inactive|jANMxRin has 30 seconds left.
|inactive|jANMxRin has 20 seconds left.
|inactive|jANMxRin has 15 seconds left.
|
|t:|1783427138
|switch|p2b: Sinistcha|Sinistcha, L50|100/100
|-heal|p2a: Blastoise|100/100|[from] ability: Hospitality|[of] p2b: Sinistcha
|move|p2a: Blastoise|Protect|p2a: Blastoise
|-singleturn|p2a: Blastoise|Protect
|move|p1b: Ariell|Energy Ball|p2a: Blastoise
|-activate|p2a: Blastoise|move: Protect
|move|p1a: BigMom|Drain Punch|p2b: Sinistcha
|-immune|p2b: Sinistcha
|
|upkeep
|turn|4
|inactive|Nusssack has 30 seconds left.
|inactive|jANMxRin has 30 seconds left.
|inactive|jANMxRin has 20 seconds left.
|
|t:|1783427174
|move|p2b: Sinistcha|Rage Powder|p2b: Sinistcha
|-singleturn|p2b: Sinistcha|move: Rage Powder
|move|p1a: BigMom|Sucker Punch||[still]
|-fail|p1a: BigMom
|move|p1b: Ariell|Hyper Voice|p2b: Sinistcha|[spread] p2a,p2b
|-resisted|p2a: Blastoise|1
|-resisted|p2b: Sinistcha|1
|-damage|p2a: Blastoise|74/100
|-damage|p2b: Sinistcha|73/100
|-damage|p1b: Ariell|71/100|[from] item: Life Orb
|move|p2a: Blastoise|Water Spout|p1b: Ariell|[spread] p1a,p1b
|-resisted|p1b: Ariell|1
|-damage|p1a: BigMom|66/100
|-damage|p1b: Ariell|53/100
|
|upkeep
|turn|5
|
|t:|1783427190
|switch|p1a: Hoof|Farigiraf, L50, M|17/100
|move|p2b: Sinistcha|Rage Powder|p2b: Sinistcha
|-singleturn|p2b: Sinistcha|move: Rage Powder
|move|p1b: Ariell|Hyper Voice|p2a: Blastoise|[spread] p2a,p2b
|-resisted|p2a: Blastoise|1
|-resisted|p2b: Sinistcha|1
|-damage|p2a: Blastoise|49/100
|-damage|p2b: Sinistcha|46/100
|-damage|p1b: Ariell|43/100|[from] item: Life Orb
|move|p2a: Blastoise|Shell Smash|p2a: Blastoise
|-unboost|p2a: Blastoise|def|1
|-unboost|p2a: Blastoise|spd|1
|-boost|p2a: Blastoise|atk|2
|-boost|p2a: Blastoise|spa|2
|-boost|p2a: Blastoise|spe|2
|
|-fieldend|move: Trick Room
|upkeep
|turn|6
|
|t:|1783427205
|move|p2a: Blastoise|Water Spout|p1b: Ariell|[spread] p1a,p1b
|-resisted|p1b: Ariell|1
|-damage|p1a: Hoof|0 fnt
|-damage|p1b: Ariell|19/100
|faint|p1a: Hoof
|move|p2b: Sinistcha|Matcha Gotcha|p1b: Ariell
|-supereffective|p1b: Ariell|1
|-damage|p1b: Ariell|0 fnt
|-heal|p2b: Sinistcha|55/100|[from] drain|[of] p1b: Ariell
|faint|p1b: Ariell
|
|upkeep
|
|t:|1783427216
|switch|p1a: TweakGOAT|Rotom-Heat, L50|100/100
|switch|p1b: BigMom|Kangaskhan-Mega, L50, F, shiny|66/100
|turn|7
|
|t:|1783427230
|move|p2a: Blastoise|Protect|p2a: Blastoise
|-singleturn|p2a: Blastoise|Protect
|move|p2b: Sinistcha|Protect|p2b: Sinistcha
|-singleturn|p2b: Sinistcha|Protect
|move|p1b: BigMom|Fake Out|p2a: Blastoise
|-activate|p2a: Blastoise|move: Protect
|move|p1a: TweakGOAT|Overheat|p2b: Sinistcha
|-activate|p2b: Sinistcha|move: Protect
|
|upkeep
|turn|8
|
|t:|1783427243
|move|p2a: Blastoise|Water Spout|p1a: TweakGOAT|[spread] p1a,p1b
|-supereffective|p1a: TweakGOAT|1
|-damage|p1a: TweakGOAT|0 fnt
|-damage|p1b: BigMom|21/100
|faint|p1a: TweakGOAT
|move|p1b: BigMom|Thunder Punch|p2a: Blastoise
|-supereffective|p2a: Blastoise|1
|-damage|p2a: Blastoise|0 fnt
|faint|p2a: Blastoise
|move|p2b: Sinistcha|Life Dew|p2b: Sinistcha
|-heal|p2b: Sinistcha|80/100
|
|upkeep
|-message|Nusssack forfeited.
|
|win|jANMxRin
