|j|☆sazar saifi
|j|☆GS Barnabe
|html|sazar saifiGS Barnabe    
|uhtml|bestof|Game 2 of a best-of-3
|t:|1785849627
|gametype|doubles
|player|p1|sazar saifi|youngster-gen4dp|1124
|player|p2|GS Barnabe|barry|1277
|gen|9
|tier|[Gen 9 Champions] VGC 2026 Reg M-B (Bo3)
|rated|
|rule|Species Clause: Limit one of each Pokémon
|rule|Item Clause: Limit 1 of each item
|clearpoke
|poke|p1|Staraptor, L50, F|
|poke|p1|Raichu, L50, M|
|poke|p1|Sylveon, L50, M, shiny|
|poke|p1|Farigiraf, L50, F, shiny|
|poke|p1|Arcanine-Hisui, L50, M|
|poke|p1|Kingambit, L50, F|
|poke|p2|Clefable, L50, F|
|poke|p2|Tyranitar, L50, F|
|poke|p2|Garchomp, L50, M|
|poke|p2|Gholdengo, L50|
|poke|p2|Rotom-Wash, L50|
|poke|p2|Aerodactyl, L50, M|
|teampreview|4
|showteam|p1|Staraptor||Staraptite|Intimidate|Tailwind,Protect,CloseCombat,DualWingbeat|Jolly||F|||50|]Raichu||RaichuniteY|LightningRod|FakeOut,ZapCannon,FocusBlast,Protect|Timid||M|||50|]Sylveon||FairyFeather|Pixilate|Detect,HyperVoice,QuickAttack,HyperBeam|Modest||M|||50|]Farigiraf||SitrusBerry|ArmorTail|Psychic,TrickRoom,HelpingHand,Protect|Calm||F|||50|]Arcanine-Hisui||FocusSash|RockHead|Protect,ExtremeSpeed,HeadSmash,FlareBlitz|Jolly||M|||50|]Kingambit||LifeOrb|Defiant|Protect,KowtowCleave,SwordsDance,SuckerPunch|Adamant||F|||50|
|showteam|p2|Clefable||SitrusBerry|Unaware|Moonblast,FollowMe,HealPulse,Protect|Bold||F|||50|]Tyranitar||ChoiceScarf|SandStream|RockSlide,KnockOff,IcePunch,Superpower|Jolly||F|||50|]Garchomp||Garchompite|SandVeil|DracoMeteor,EarthPower,PowerGem,Protect|Modest||M|||50|]Gholdengo||LifeOrb|GoodasGold|MakeItRain,ShadowBall,NastyPlot,Protect|Modest|||||50|]Rotom-Wash||Leftovers|Levitate|HydroPump,VoltSwitch,WillOWisp,Protect|Calm|||||50|]Aerodactyl||Aerodactylite|RockHead|RockSlide,DualWingbeat,Tailwind,Protect|Jolly||M|||50|
|inactive|Battle timer is ON: inactive players will automatically lose when time's up. (requested by sazar saifi)
|inactive|GS Barnabe has 60 seconds left.
|
|t:|1785849674
|teamsize|p1|4
|teamsize|p2|4
|start
|switch|p1a: Sylveon|Sylveon, L50, M, shiny|100/100
|switch|p1b: Raichu|Raichu, L50, M|100/100
|switch|p2a: Garchomp|Garchomp, L50, M|100/100
|switch|p2b: Clefable|Clefable, L50, F|100/100
|turn|1
|
|t:|1785849696
|detailschange|p1b: Raichu|Raichu-Mega-Y, L50, M
|-mega|p1b: Raichu|Raichu|Raichunite Y
|move|p2a: Garchomp|Protect|p2a: Garchomp
|-singleturn|p2a: Garchomp|Protect
|move|p2b: Clefable|Protect|p2b: Clefable
|-singleturn|p2b: Clefable|Protect
|move|p1b: Raichu|Fake Out|p2a: Garchomp
|-activate|p2a: Garchomp|move: Protect
|move|p1a: Sylveon|Hyper Voice|p2a: Garchomp|[spread] 
|-activate|p2a: Garchomp|move: Protect
|-activate|p2b: Clefable|move: Protect
|
|upkeep
|turn|2
|
|t:|1785849719
|detailschange|p2a: Garchomp|Garchomp-Mega, L50, M
|-mega|p2a: Garchomp|Garchomp|Garchompite
|move|p1b: Raichu|Protect|p1b: Raichu
|-singleturn|p1b: Raichu|Protect
|move|p2b: Clefable|Follow Me|p2b: Clefable
|-singleturn|p2b: Clefable|move: Follow Me
|move|p2a: Garchomp|Earth Power|p1b: Raichu
|-activate|p1b: Raichu|move: Protect
|move|p1a: Sylveon|Hyper Voice|p2b: Clefable|[spread] p2a,p2b
|-supereffective|p2a: Garchomp|1
|-damage|p2a: Garchomp|0 fnt
|-damage|p2b: Clefable|60/100
|faint|p2a: Garchomp
|
|upkeep
|
|t:|1785849729
|switch|p2a: Gholdengo|Gholdengo, L50|100/100
|turn|3
|inactive|GS Barnabe has 30 seconds left.
|
|t:|1785849755
|switch|p1a: Kingambit|Kingambit, L50, F|100/100
|move|p2b: Clefable|Protect|p2b: Clefable
|-singleturn|p2b: Clefable|Protect
|move|p1b: Raichu|Zap Cannon|p2a: Gholdengo
|-damage|p2a: Gholdengo|31/100
|-status|p2a: Gholdengo|par
|move|p2a: Gholdengo|Nasty Plot|p2a: Gholdengo
|-boost|p2a: Gholdengo|spa|2
|
|upkeep
|turn|4
|inactive|sazar saifi has 30 seconds left.
|inactive|GS Barnabe has 30 seconds left.
|inactive|GS Barnabe has 20 seconds left.
|
|t:|1785849791
|switch|p1a: Arcanine|Arcanine-Hisui, L50, M|100/100
|move|p1b: Raichu|Protect|p1b: Raichu
|-singleturn|p1b: Raichu|Protect
|move|p2a: Gholdengo|Protect|p2a: Gholdengo
|-singleturn|p2a: Gholdengo|Protect
|move|p2b: Clefable|Moonblast|p1b: Raichu
|-activate|p1b: Raichu|move: Protect
|
|upkeep
|turn|5
|
|t:|1785849803
|move|p2b: Clefable|Follow Me|p2b: Clefable
|-singleturn|p2b: Clefable|move: Follow Me
|move|p1b: Raichu|Zap Cannon|p2b: Clefable
|-damage|p2b: Clefable|2/100
|-status|p2b: Clefable|par
|-enditem|p2b: Clefable|Sitrus Berry|[eat]
|-heal|p2b: Clefable|27/100 par|[from] item: Sitrus Berry
|move|p1a: Arcanine|Flare Blitz|p2b: Clefable
|-damage|p2b: Clefable|0 fnt
|faint|p2b: Clefable
|move|p2a: Gholdengo|Make It Rain|p1a: Arcanine|[spread] p1b
|-miss|p2a: Gholdengo|p1a: Arcanine
|-resisted|p1b: Raichu|1
|-damage|p1b: Raichu|21/100
|-unboost|p2a: Gholdengo|spa|2
|-damage|p2a: Gholdengo|22/100 par|[from] item: Life Orb
|
|upkeep
|
|t:|1785849820
|switch|p2b: Tyranitar|Tyranitar, L50, F|100/100
|-weather|Sandstorm|[from] ability: Sand Stream|[of] p2b: Tyranitar
|turn|6
|
|t:|1785849835
|move|p1b: Raichu|Focus Blast|p2b: Tyranitar
|-supereffective|p2b: Tyranitar|2
|-damage|p2b: Tyranitar|0 fnt
|faint|p2b: Tyranitar
|move|p1a: Arcanine|Flare Blitz|p2a: Gholdengo
|-supereffective|p2a: Gholdengo|1
|-damage|p2a: Gholdengo|0 fnt
|faint|p2a: Gholdengo
|
|win|sazar saifi
|raw|sazar saifi's rating: 1124 → 1159(+35 for winning)
|raw|GS Barnabe's rating: 1277 → 1242(-35 for losing)
|l|☆sazar saifi
|player|p1|
