|j|☆burbujina
|j|☆Dah_tobster
|html|burbujinaDah_tobster    
|uhtml|bestof|Game 2 of a best-of-3
|t:|1755975028
|gametype|doubles
|player|p1|burbujina|clemont|1263
|player|p2|Dah_tobster|169|1157
|gen|9
|tier|[Gen 9] VGC 2025 Reg H (Bo3)
|rated|
|rule|Species Clause: Limit one of each Pokémon
|rule|Item Clause: Limit 1 of each item
|clearpoke
|poke|p1|Indeedee, L50, M|
|poke|p1|Kommo-o, L50, M|
|poke|p1|Incineroar, L50, M|
|poke|p1|Sneasler, L50, M|
|poke|p1|Sinistcha, L50|
|poke|p1|Kingambit, L50, F|
|poke|p2|Tyranitar, L50, F|
|poke|p2|Porygon2, L50|
|poke|p2|Clefable, L50, M|
|poke|p2|Volcarona, L50, M|
|poke|p2|Excadrill, L50, M|
|poke|p2|Sneasler, L50, F|
|teampreview|4
|showteam|p1|Indeedee||FocusSash|PsychicSurge|ExpandingForce,TrickRoom,TeraBlast,Protect|||M|||50|,,,,,Fairy]Kommo-o||Leftovers|Overcoat|ClangorousSoul,ClangingScales,Flamethrower,Protect|||M|||50|,,,,,Fire]Incineroar||RockyHelmet|Intimidate|FakeOut,KnockOff,PartingShot,HelpingHand|||M|||50|,,,,,Ghost]Sneasler||WhiteHerb|Unburden|CloseCombat,DireClaw,Acrobatics,Protect|||M|||50|,,,,,Flying]Sinistcha||SitrusBerry|Hospitality|RagePowder,MatchaGotcha,TrickRoom,Protect||||||50|,,,,,Dark]Kingambit||BlackGlasses|Defiant|KowtowCleave,SuckerPunch,SwordsDance,Protect|||F|||50|,,,,,Ghost
|showteam|p2|Tyranitar||AssaultVest|SandStream|RockSlide,LowKick,TeraBlast,KnockOff|||F|||50|,,,,,Flying]Porygon2||Eviolite|Download|TeraBlast,ShadowBall,TrickRoom,Recover||||||50|,,,,,Fighting]Clefable||RockyHelmet|Unaware|FollowMe,HelpingHand,Moonblast,Protect|||M|||50|,,,,,Water]Volcarona||SafetyGoggles|FlameBody|FieryDance,GigaDrain,QuiverDance,Protect|||M|||50|,,,,,Dragon]Excadrill||ChoiceBand|SandRush|HighHorsepower,IronHead,RockSlide,BrickBreak|||M|||50|,,,,,Water]Sneasler||WhiteHerb|PoisonTouch|FakeOut,CloseCombat,DireClaw,Coaching|||F|||50|,,,,,Fighting
|inactive|Battle timer is ON: inactive players will automatically lose when time's up. (requested by Dah_tobster)
|inactive|burbujina has 60 seconds left.
|inactive|Dah_tobster has 60 seconds left.
|inactive|Dah_tobster has 30 seconds left.
|
|t:|1755975097
|teamsize|p1|4
|teamsize|p2|4
|start
|switch|p1a: Himawari|Sinistcha, L50|100/100
|switch|p1b: Hiroshi|Incineroar, L50, M|100/100
|switch|p2a: Volcarona|Volcarona, L50, M|100/100
|switch|p2b: Clefable|Clefable, L50, M, shiny|100/100
|-ability|p1b: Hiroshi|Intimidate|boost
|-unboost|p2a: Volcarona|atk|1
|-unboost|p2b: Clefable|atk|1
|turn|1
|
|t:|1755975118
|move|p1a: Himawari|Protect|p1a: Himawari
|-singleturn|p1a: Himawari|Protect
|move|p2a: Volcarona|Quiver Dance|p2a: Volcarona
|-boost|p2a: Volcarona|spa|1
|-boost|p2a: Volcarona|spd|1
|-boost|p2a: Volcarona|spe|1
|move|p2b: Clefable|Moonblast|p1b: Hiroshi
|-damage|p1b: Hiroshi|68/100
|-unboost|p1b: Hiroshi|spa|1
|move|p1b: Hiroshi|Knock Off|p2b: Clefable
|-resisted|p2b: Clefable
|-damage|p2b: Clefable|83/100
|-damage|p1b: Hiroshi|51/100|[from] item: Rocky Helmet|[of] p2b: Clefable
|-enditem|p2b: Clefable|Rocky Helmet|[from] move: Knock Off|[of] p1b: Hiroshi
|
|upkeep
|turn|2
|inactive|burbujina has 30 seconds left.
|inactive|burbujina has 20 seconds left.
|
|t:|1755975154
|switch|p1a: Ultra Heroe|Kommo-o, L50, M|100/100
|move|p2a: Volcarona|Quiver Dance|p2a: Volcarona
|-boost|p2a: Volcarona|spa|1
|-boost|p2a: Volcarona|spd|1
|-boost|p2a: Volcarona|spe|1
|move|p2b: Clefable|Moonblast|p1b: Hiroshi
|-damage|p1b: Hiroshi|18/100
|-unboost|p1b: Hiroshi|spa|1
|move|p1b: Hiroshi|Parting Shot|p2a: Volcarona
|-unboost|p2a: Volcarona|atk|1
|-unboost|p2a: Volcarona|spa|1
|
|t:|1755975168
|switch|p1b: Shin Chan|Kingambit, L50, F|100/100|[from] Parting Shot
|
|upkeep
|turn|3
|
|t:|1755975183
|-terastallize|p1a: Ultra Heroe|Fire
|move|p1b: Shin Chan|Protect|p1b: Shin Chan
|-singleturn|p1b: Shin Chan|Protect
|move|p2a: Volcarona|Fiery Dance|p1b: Shin Chan
|-activate|p1b: Shin Chan|move: Protect
|move|p1a: Ultra Heroe|Clangorous Soul|p1a: Ultra Heroe
|-boost|p1a: Ultra Heroe|atk|1
|-boost|p1a: Ultra Heroe|def|1
|-boost|p1a: Ultra Heroe|spa|1
|-boost|p1a: Ultra Heroe|spd|1
|-boost|p1a: Ultra Heroe|spe|1
|-damage|p1a: Ultra Heroe|68/100
|move|p2b: Clefable|Moonblast|p1a: Ultra Heroe
|-resisted|p1a: Ultra Heroe
|-damage|p1a: Ultra Heroe|52/100
|
|-heal|p1a: Ultra Heroe|58/100|[from] item: Leftovers
|upkeep
|turn|4
|inactive|Dah_tobster has 30 seconds left.
|
|t:|1755975214
|switch|p1b: Himawari|Sinistcha, L50|100/100
|-heal|p1a: Ultra Heroe|83/100|[from] ability: Hospitality|[of] p1b: Himawari
|move|p2b: Clefable|Follow Me|p2b: Clefable
|-singleturn|p2b: Clefable|move: Follow Me
|move|p2a: Volcarona|Quiver Dance|p2a: Volcarona
|-boost|p2a: Volcarona|spa|1
|-boost|p2a: Volcarona|spd|1
|-boost|p2a: Volcarona|spe|1
|move|p1a: Ultra Heroe|Clangorous Soul|p1a: Ultra Heroe
|-boost|p1a: Ultra Heroe|atk|1
|-boost|p1a: Ultra Heroe|def|1
|-boost|p1a: Ultra Heroe|spa|1
|-boost|p1a: Ultra Heroe|spd|1
|-boost|p1a: Ultra Heroe|spe|1
|-damage|p1a: Ultra Heroe|50/100
|
|-heal|p1a: Ultra Heroe|56/100|[from] item: Leftovers
|upkeep
|turn|5
|inactive|burbujina has 30 seconds left.
|inactive|Dah_tobster has 30 seconds left.
|
|t:|1755975244
|switch|p2b: Tyranitar|Tyranitar, L50, F|100/100
|-weather|Sandstorm|[from] ability: Sand Stream|[of] p2b: Tyranitar
|move|p2a: Volcarona|Fiery Dance|p1b: Himawari
|-supereffective|p1b: Himawari
|-damage|p1b: Himawari|0 fnt
|-boost|p2a: Volcarona|spa|1
|faint|p1b: Himawari
|move|p1a: Ultra Heroe|Clanging Scales|p2a: Volcarona|[spread] p2a,p2b
|-damage|p2a: Volcarona|73/100
|-damage|p2b: Tyranitar|75/100
|-unboost|p1a: Ultra Heroe|def|1
|
|-weather|Sandstorm|[upkeep]
|-heal|p1a: Ultra Heroe|62/100|[from] item: Leftovers
|upkeep
|
|t:|1755975260
|switch|p1b: Hiroshi|Incineroar, L50, M|18/100
|-ability|p1b: Hiroshi|Intimidate|boost
|-unboost|p2a: Volcarona|atk|1
|-unboost|p2b: Tyranitar|atk|1
|turn|6
|
|t:|1755975272
|move|p1b: Hiroshi|Fake Out|p2b: Tyranitar
|-resisted|p2b: Tyranitar
|-crit|p2b: Tyranitar
|-damage|p2b: Tyranitar|69/100
|move|p2a: Volcarona|Fiery Dance|p1b: Hiroshi
|-resisted|p1b: Hiroshi
|-damage|p1b: Hiroshi|0 fnt
|-boost|p2a: Volcarona|spa|1
|faint|p1b: Hiroshi
|move|p1a: Ultra Heroe|Clanging Scales|p2a: Volcarona|[spread] p2a,p2b
|-damage|p2a: Volcarona|46/100
|-damage|p2b: Tyranitar|42/100
|-unboost|p1a: Ultra Heroe|def|1
|cant|p2b: Tyranitar|flinch
|
|-weather|Sandstorm|[upkeep]
|-heal|p1a: Ultra Heroe|69/100|[from] item: Leftovers
|upkeep
|
|t:|1755975289
|switch|p1b: Shin Chan|Kingambit, L50, F|100/100
|turn|7
|
|t:|1755975306
|move|p1b: Shin Chan|Sucker Punch|p2a: Volcarona
|-damage|p2a: Volcarona|0 fnt
|-status|p1b: Shin Chan|brn|[from] ability: Flame Body|[of] p2a: Volcarona
|faint|p2a: Volcarona
|move|p1a: Ultra Heroe|Flamethrower|p2b: Tyranitar
|-resisted|p2b: Tyranitar
|-damage|p2b: Tyranitar|28/100
|move|p2b: Tyranitar|Rock Slide|p1a: Ultra Heroe|[spread] p1a
|-miss|p2b: Tyranitar|p1b: Shin Chan
|-supereffective|p1a: Ultra Heroe
|-damage|p1a: Ultra Heroe|37/100
|
|-weather|Sandstorm|[upkeep]
|-heal|p1a: Ultra Heroe|43/100|[from] item: Leftovers
|-damage|p1b: Shin Chan|95/100 brn|[from] brn
|upkeep
|
|t:|1755975320
|switch|p2a: Excadrill|Excadrill, L50, M|100/100
|turn|8
|inactive|burbujina has 30 seconds left.
|
|t:|1755975347
|move|p1a: Ultra Heroe|Protect|p1a: Ultra Heroe
|-singleturn|p1a: Ultra Heroe|Protect
|move|p2a: Excadrill|Rock Slide|p1a: Ultra Heroe|[spread] p1b
|-activate|p1a: Ultra Heroe|move: Protect
|-resisted|p1b: Shin Chan
|-damage|p1b: Shin Chan|84/100 brn
|move|p2b: Tyranitar|Low Kick|p1b: Shin Chan
|-supereffective|p1b: Shin Chan
|-damage|p1b: Shin Chan|18/100 brn
|cant|p1b: Shin Chan|flinch
|
|-weather|Sandstorm|[upkeep]
|-heal|p1a: Ultra Heroe|49/100|[from] item: Leftovers
|-damage|p1b: Shin Chan|13/100 brn|[from] brn
|upkeep
|turn|9
|
|t:|1755975365
|move|p1b: Shin Chan|Sucker Punch|p2a: Excadrill
|-damage|p2a: Excadrill|70/100
|move|p2a: Excadrill|Rock Slide|p1a: Ultra Heroe|[spread] p1a,p1b
|-supereffective|p1a: Ultra Heroe
|-resisted|p1b: Shin Chan
|-damage|p1a: Ultra Heroe|0 fnt
|-damage|p1b: Shin Chan|2/100 brn
|faint|p1a: Ultra Heroe
|move|p2b: Tyranitar|Rock Slide|p1b: Shin Chan
|-resisted|p1b: Shin Chan
|-damage|p1b: Shin Chan|0 fnt
|faint|p1b: Shin Chan
|
|win|Dah_tobster
|raw|burbujina's rating: 1263 → 1231(-32 for losing)
|raw|Dah_tobster's rating: 1157 → 1189(+32 for winning)
|l|☆burbujina
|player|p1|
