|j|☆robby w
|j|☆akabaki
|html|robby wakabaki    
|uhtml|bestof|Game 2 of a best-of-3
|t:|1756667763
|gametype|doubles
|player|p1|robby w|pokefan-gen4|1331
|player|p2|akabaki|266|1371
|gen|9
|tier|[Gen 9] VGC 2025 Reg H (Bo3)
|rated|
|rule|Species Clause: Limit one of each Pokémon
|rule|Item Clause: Limit 1 of each item
|clearpoke
|poke|p1|Dondozo, L50, F|
|poke|p1|Tatsugiri, L50, M|
|poke|p1|Sneasler, L50, F|
|poke|p1|Indeedee, L50, M|
|poke|p1|Archaludon, L50, F|
|poke|p1|Whimsicott, L50, M|
|poke|p2|Gholdengo, L50|
|poke|p2|Hydreigon, L50, F|
|poke|p2|Talonflame, L50, F|
|poke|p2|Annihilape, L50, F|
|poke|p2|Clefable, L50, M|
|poke|p2|Garchomp, L50, F|
|teampreview|4
|showteam|p1|Dondozo||Leftovers|Unaware|Protect,WaveCrash,Earthquake,OrderUp|||F|||50|,,,,,Grass]Tatsugiri||ChoiceScarf|Commander|DragonPulse,IcyWind,DracoMeteor,MuddyWater|||M|||50|,,,,,Stellar]Sneasler||PsychicSeed|Unburden|DireClaw,CloseCombat,Protect,ThroatChop|||F|||50|,,,,,Dark]Indeedee||FocusSash|PsychicSurge|DazzlingGleam,HelpingHand,ExpandingForce,Protect|||M|||50|,,,,,Fairy]Archaludon||AssaultVest|Stamina|BodyPress,FlashCannon,Snarl,DracoMeteor|||F|||50|,,,,,Fighting]Whimsicott||CovertCloak|Prankster|Tailwind,Moonblast,Taunt,HelpingHand|||M|||50|,,,,,Grass
|showteam|p2|Gholdengo||MetalCoat|GoodasGold|MakeItRain,ShadowBall,NastyPlot,Protect||||||50|,,,,,Water]Hydreigon||ChoiceSpecs|Levitate|DracoMeteor,DarkPulse,Snarl,HeatWave|||F|||50|,,,,,Fire]Talonflame||CovertCloak|GaleWings|BraveBird,Tailwind,Taunt,WillOWisp|||F|||50|,,,,,Grass]Annihilape||SafetyGoggles|Defiant|RageFist,DrainPunch,BulkUp,Protect|||F|||50|,,,,,Water]Clefable||SitrusBerry|Unaware|Moonblast,Protect,FollowMe,ThunderWave|||M|||50|,,,,,Water]Garchomp||LifeOrb|RoughSkin|DragonClaw,StompingTantrum,Earthquake,Protect|||F|||50|,,,,,Steel
|inactive|Battle timer is ON: inactive players will automatically lose when time's up. (requested by akabaki)
|inactive|akabaki has 60 seconds left.
|
|t:|1756667819
|teamsize|p1|4
|teamsize|p2|4
|start
|switch|p1a: Whimsicott|Whimsicott, L50, M|100/100
|switch|p1b: Archaludon|Archaludon, L50, F|100/100
|switch|p2a: Garchomp|Garchomp, L50, F|100/100
|switch|p2b: Talonflame|Talonflame, L50, F|100/100
|turn|1
|inactive|robby w has 30 seconds left.
|inactive|akabaki has 30 seconds left.
|inactive|robby w has 20 seconds left.
|inactive|akabaki has 20 seconds left.
|inactive|robby w has 15 seconds left.
|inactive|akabaki has 15 seconds left.
|inactive|akabaki has 10 seconds left.
|inactive|akabaki has 5 seconds left.
|
|t:|1756667872
|switch|p1b: Indeedee|Indeedee, L50, M|100/100
|-fieldstart|move: Psychic Terrain|[from] ability: Psychic Surge|[of] p1b: Indeedee
|-terastallize|p2a: Garchomp|Steel
|move|p2b: Talonflame|Brave Bird|p1a: Whimsicott
|-activate|p1a: Whimsicott|move: Psychic Terrain
|move|p1a: Whimsicott|Tailwind|p1a: Whimsicott
|-sidestart|p1: robby w|move: Tailwind
|move|p2a: Garchomp|Stomping Tantrum|p1b: Indeedee
|-enditem|p1b: Indeedee|Focus Sash
|-damage|p1b: Indeedee|1/100
|-damage|p2a: Garchomp|91/100|[from] item: Life Orb
|
|upkeep
|turn|2
|inactive|robby w has 30 seconds left.
|inactive|akabaki has 30 seconds left.
|
|t:|1756667899
|switch|p2b: Hydreigon|Hydreigon, L50, F|100/100
|move|p1a: Whimsicott|Taunt|p2b: Hydreigon
|-hint|Since gen 7, Dark is immune to Prankster moves.
|-immune|p2b: Hydreigon
|move|p1b: Indeedee|Expanding Force|p2a: Garchomp|[spread] p2a
|-immune|p2b: Hydreigon
|-resisted|p2a: Garchomp
|-damage|p2a: Garchomp|62/100
|move|p2a: Garchomp|Earthquake|p1a: Whimsicott|[spread] p1a,p1b
|-immune|p2b: Hydreigon|[from] ability: Levitate
|-resisted|p1a: Whimsicott
|-damage|p1a: Whimsicott|60/100
|-damage|p1b: Indeedee|0 fnt
|faint|p1b: Indeedee
|-damage|p2a: Garchomp|52/100|[from] item: Life Orb
|
|upkeep
|
|t:|1756667921
|switch|p1b: Sneasler|Sneasler, L50, F|100/100
|-enditem|p1b: Sneasler|Psychic Seed
|-boost|p1b: Sneasler|spd|1|[from] item: Psychic Seed
|turn|3
|inactive|akabaki has 30 seconds left.
|
|t:|1756667951
|switch|p2b: Talonflame|Talonflame, L50, F|100/100
|move|p2a: Garchomp|Protect|p2a: Garchomp
|-singleturn|p2a: Garchomp|Protect
|move|p1b: Sneasler|Close Combat|p2a: Garchomp
|-activate|p2a: Garchomp|move: Protect
|move|p1a: Whimsicott|Moonblast|p2b: Talonflame
|-resisted|p2b: Talonflame
|-damage|p2b: Talonflame|75/100
|
|upkeep
|turn|4
|inactive|robby w has 30 seconds left.
|inactive|akabaki has 30 seconds left.
|
|t:|1756667981
|switch|p1a: Archaludon|Archaludon, L50, F|100/100
|move|p1b: Sneasler|Close Combat|p2a: Garchomp
|-supereffective|p2a: Garchomp
|-damage|p2a: Garchomp|0 fnt
|-unboost|p1b: Sneasler|def|1
|-unboost|p1b: Sneasler|spd|1
|-damage|p1b: Sneasler|88/100|[from] ability: Rough Skin|[of] p2a: Garchomp
|faint|p2a: Garchomp
|move|p2b: Talonflame|Brave Bird|p1b: Sneasler
|-supereffective|p1b: Sneasler
|-damage|p1b: Sneasler|0 fnt
|faint|p1b: Sneasler
|-damage|p2b: Talonflame|46/100|[from] Recoil
|
|-sideend|p1: robby w|move: Tailwind
|upkeep
|
|t:|1756667998
|switch|p1b: Whimsicott|Whimsicott, L50, M|60/100
|switch|p2a: Clefable|Clefable, L50, M|100/100
|turn|5
|inactive|robby w has 30 seconds left.
|
|t:|1756668026
|move|p2a: Clefable|Follow Me|p2a: Clefable
|-singleturn|p2a: Clefable|move: Follow Me
|move|p1b: Whimsicott|Tailwind|p1b: Whimsicott
|-sidestart|p1: robby w|move: Tailwind
|move|p1a: Archaludon|Snarl|p2b: Talonflame|[spread] p2a,p2b
|-resisted|p2a: Clefable
|-damage|p2a: Clefable|95/100
|-damage|p2b: Talonflame|25/100
|-unboost|p2a: Clefable|spa|1
|move|p2b: Talonflame|Brave Bird|p1b: Whimsicott
|-supereffective|p1b: Whimsicott
|-damage|p1b: Whimsicott|0 fnt
|faint|p1b: Whimsicott
|-damage|p2b: Talonflame|8/100|[from] Recoil
|
|-fieldend|move: Psychic Terrain
|upkeep
|turn|6
|
|t:|1756668047
|move|p1a: Archaludon|Snarl|p2a: Clefable|[spread] p2a,p2b
|-resisted|p2a: Clefable
|-damage|p2a: Clefable|89/100
|-damage|p2b: Talonflame|0 fnt
|-unboost|p2a: Clefable|spa|1
|faint|p2b: Talonflame
|move|p2a: Clefable|Thunder Wave|p1a: Archaludon
|-status|p1a: Archaludon|par
|
|upkeep
|
|t:|1756668055
|switch|p2b: Hydreigon|Hydreigon, L50, F|100/100
|turn|7
|inactive|akabaki has 30 seconds left.
|
|t:|1756668080
|-terastallize|p1a: Archaludon|Fighting
|move|p2b: Hydreigon|Draco Meteor|p1a: Archaludon
|-damage|p1a: Archaludon|0 fnt
|-unboost|p2b: Hydreigon|spa|2
|faint|p1a: Archaludon
|
|win|akabaki
|raw|robby w's rating: 1331 → 1313(-18 for losing)
|raw|akabaki's rating: 1371 → 1389(+18 for winning)
|l|☆akabaki
|player|p2|
