|j|☆tonygaruga
|j|☆worldenddominat0r
|html|tonygarugaworldenddominat0r    
|uhtml|bestof|Game 1 of a best-of-3
|t:|1782266981
|gametype|doubles
|player|p1|tonygaruga|170|1040
|player|p2|worldenddominat0r|maid-gen6|1197
|gen|9
|tier|[Gen 9 Champions] VGC 2026 Reg M-B (Bo3)
|rated|
|rule|Species Clause: Limit one of each Pokémon
|rule|Item Clause: Limit 1 of each item
|clearpoke
|poke|p1|Scrafty, L50, F|
|poke|p1|Whimsicott, L50, F|
|poke|p1|Gholdengo, L50|
|poke|p1|Skeledirge, L50, M|
|poke|p1|Swampert, L50, M|
|poke|p1|Meowscarada, L50, M|
|poke|p2|Staraptor, L50, F|
|poke|p2|Maushold-Four, L50|
|poke|p2|Ninetales-Alola, L50, F|
|poke|p2|Delphox, L50, F|
|poke|p2|Basculegion, L50, M|
|poke|p2|Kingambit, L50, F|
|teampreview|4
|showteam|p1|Scrafty||Scraftinite|Intimidate|DrainPunch,KnockOff,PoisonJab,Swagger|Adamant||F|||50|]Whimsicott|||Prankster|Tailwind,Moonblast,Encore,StunSpore|Bold||F|||50|]Gholdengo||ChoiceScarf|GoodasGold|MakeItRain,ShadowBall,FocusBlast,Trick|Timid|||||50|]Skeledirge||MentalHerb|Unaware|TorchSong,WillOWisp,Hex,SlackOff|Calm||M|||50|]Swampert||Leftovers|Torrent|Waterfall,Roar,Protect,Earthquake|Careful||M|||50|]Meowscarada||LifeOrb|Protean|FlowerTrick,KnockOff,Uturn,TripleAxel|Jolly||M|||50|
|showteam|p2|Staraptor||Staraptite|Intimidate|CloseCombat,BraveBird,Protect,Tailwind|Adamant||F|||50|]Maushold-Four||FocusSash|FriendGuard|SuperFang,Protect,FollowMe,Encore|Jolly|||||50|]Ninetales-Alola||NeverMeltIce|SnowWarning|Blizzard,FreezeDry,IcyWind,Protect|Timid||F|||50|]Delphox||Delphoxite|Blaze|HeatWave,Psyshock,Protect,Substitute|Timid||F|||50|]Basculegion||ChoiceScarf|Adaptability|WaveCrash,LastRespects,FlipTurn,AquaJet|Jolly||M|||50|]Kingambit||BlackGlasses|Defiant|KowtowCleave,SuckerPunch,IronHead,Protect|Adamant||F|||50|
|inactive|Battle timer is ON: inactive players will automatically lose when time's up. (requested by worldenddominat0r)
|inactive|worldenddominat0r has 60 seconds left.
|inactive|worldenddominat0r has 30 seconds left.
|inactive|worldenddominat0r has 20 seconds left.
|
|t:|1782267055
|teamsize|p1|4
|teamsize|p2|4
|start
|switch|p1a: Whimsicott|Whimsicott, L50, F|100/100
|switch|p1b: Scrafty|Scrafty, L50, F|100/100
|switch|p2a: Delphox|Delphox, L50, F|100/100
|switch|p2b: Basculegion|Basculegion, L50, M|100/100
|-ability|p1b: Scrafty|Intimidate|boost
|-unboost|p2a: Delphox|atk|1
|-unboost|p2b: Basculegion|atk|1
|turn|1
|inactive|worldenddominat0r has 30 seconds left.
|inactive|worldenddominat0r has 20 seconds left.
|inactive|worldenddominat0r has 15 seconds left.
|
|t:|1782267098
|switch|p2a: Staraptor|Staraptor, L50, F|100/100
|-ability|p2a: Staraptor|Intimidate|boost
|-unboost|p1a: Whimsicott|atk|1
|-unboost|p1b: Scrafty|atk|1
|detailschange|p1b: Scrafty|Scrafty-Mega, L50, F
|-mega|p1b: Scrafty|Scrafty|Scraftinite
|-ability|p1b: Scrafty|Intimidate|boost
|-unboost|p2a: Staraptor|atk|1
|-unboost|p2b: Basculegion|atk|1
|move|p1a: Whimsicott|Tailwind|p1a: Whimsicott
|-sidestart|p1: tonygaruga|move: Tailwind
|move|p2b: Basculegion|Flip Turn|p1b: Scrafty
|-damage|p1b: Scrafty|83/100
|
|t:|1782267110
|switch|p2b: Maushold|Maushold-Four, L50|100/100|[from] Flip Turn
|move|p1b: Scrafty|Knock Off|p2a: Staraptor
|-damage|p2a: Staraptor|76/100
|
|upkeep
|turn|2
|inactive|worldenddominat0r has 30 seconds left.
|inactive|worldenddominat0r has 20 seconds left.
|inactive|worldenddominat0r has 15 seconds left.
|inactive|worldenddominat0r has 10 seconds left.
|inactive|worldenddominat0r has 5 seconds left.
|
|t:|1782267165
|move|p1a: Whimsicott|Stun Spore|p2a: Staraptor|[miss]
|-miss|p1a: Whimsicott|p2a: Staraptor
|move|p2b: Maushold|Super Fang|p1b: Scrafty|[miss]
|-miss|p2b: Maushold|p1b: Scrafty
|move|p1b: Scrafty|Swagger|p2a: Staraptor
|-boost|p2a: Staraptor|atk|2
|-start|p2a: Staraptor|confusion
|-activate|p2a: Staraptor|confusion
|-damage|p2a: Staraptor|50/100g|[from] confusion
|
|upkeep
|turn|3
|
|t:|1782267191
|move|p1a: Whimsicott|Stun Spore|p2a: Staraptor
|-status|p2a: Staraptor|par
|move|p2b: Maushold|Encore|p1a: Whimsicott
|-start|p1a: Whimsicott|Encore
|move|p1b: Scrafty|Drain Punch|p2b: Maushold
|-supereffective|p2b: Maushold|1
|-damage|p2b: Maushold|25/100
|-heal|p1b: Scrafty|100/100|[from] drain|[of] p2b: Maushold
|-end|p2a: Staraptor|confusion
|move|p2a: Staraptor|Tailwind|p2a: Staraptor
|-sidestart|p2: worldenddominat0r|move: Tailwind
|
|upkeep
|turn|4
|
|t:|1782267210
|switch|p2a: Delphox|Delphox, L50, F|100/100
|move|p1a: Whimsicott|Stun Spore|p2b: Maushold
|-status|p2b: Maushold|par
|move|p2b: Maushold|Super Fang|p1b: Scrafty
|-damage|p1b: Scrafty|50/100y
|move|p1b: Scrafty|Drain Punch|p2b: Maushold
|-supereffective|p2b: Maushold|1
|-damage|p2b: Maushold|0 fnt
|-heal|p1b: Scrafty|63/100|[from] drain|[of] p2b: Maushold
|faint|p2b: Maushold
|
|-sideend|p1: tonygaruga|move: Tailwind
|upkeep
|
|t:|1782267214
|switch|p2b: Basculegion|Basculegion, L50, M|100/100
|turn|5
|
|t:|1782267219
|detailschange|p2a: Delphox|Delphox-Mega, L50, F
|-mega|p2a: Delphox|Delphox|Delphoxite
|move|p1a: Whimsicott|Stun Spore|p2a: Delphox|[miss]
|-miss|p1a: Whimsicott|p2a: Delphox
|move|p2b: Basculegion|Wave Crash|p1b: Scrafty
|-damage|p1b: Scrafty|5/100
|-damage|p2b: Basculegion|83/100|[from] Recoil
|move|p2a: Delphox|Heat Wave|p1a: Whimsicott|[spread] p1a,p1b
|-supereffective|p1a: Whimsicott|1
|-damage|p1a: Whimsicott|0 fnt
|-damage|p1b: Scrafty|0 fnt
|faint|p1a: Whimsicott
|faint|p1b: Scrafty
|
|upkeep
|
|t:|1782267231
|switch|p1a: Skeledirge|Skeledirge, L50, M|100/100
|switch|p1b: Swampert|Swampert, L50, M|100/100
|turn|6
|
|t:|1782267243
|move|p2b: Basculegion|Wave Crash|p1a: Skeledirge
|-supereffective|p1a: Skeledirge|1
|-damage|p1a: Skeledirge|0 fnt
|faint|p1a: Skeledirge
|-damage|p2b: Basculegion|47/100|[from] Recoil
|move|p2a: Delphox|Psyshock|p1b: Swampert
|-damage|p1b: Swampert|56/100
|move|p1b: Swampert|Waterfall|p2a: Delphox
|-supereffective|p2a: Delphox|1
|-damage|p2a: Delphox|5/100
|
|-heal|p1b: Swampert|61/100|[from] item: Leftovers
|-sideend|p2: worldenddominat0r|move: Tailwind
|upkeep
|turn|7
|
|t:|1782267251
|move|p2b: Basculegion|Wave Crash|p1b: Swampert
|-damage|p1b: Swampert|0 fnt
|faint|p1b: Swampert
|-damage|p2b: Basculegion|25/100|[from] Recoil
|
|win|worldenddominat0r
