|j|☆beeetch
|j|☆flubberbut
|html|beeetchflubberbut    
|uhtml|bestof|Game 3 of a best-of-3
|t:|1756671823
|gametype|doubles
|player|p1|beeetch|beauty-gen4dp|1263
|player|p2|flubberbut|benga|1319
|gen|9
|tier|[Gen 9] VGC 2025 Reg H (Bo3)
|rated|
|rule|Species Clause: Limit one of each Pokémon
|rule|Item Clause: Limit 1 of each item
|clearpoke
|poke|p1|Toedscruel, L50, M|
|poke|p1|Weezing-Galar, L50, M|
|poke|p1|Corviknight, L50, M|
|poke|p1|Pawmot, L50, M|
|poke|p1|Garchomp, L50, M|
|poke|p1|Typhlosion-Hisui, L50, M|
|poke|p2|Gholdengo, L50|
|poke|p2|Dragonite, L50, M|
|poke|p2|Talonflame, L50, F|
|poke|p2|Ursaluna-Bloodmoon, L50, M|
|poke|p2|Dondozo, L50, F|
|poke|p2|Tatsugiri, L50, F|
|teampreview|4
|showteam|p1|Toedscruel||CovertCloak|MyceliumMight|Spore,EarthPower,AcidSpray,RagePowder|||M|||50|,,,,,Water]Weezing-Galar||ChoiceSpecs|NeutralizingGas|DazzlingGleam,SludgeBomb,StrangeSteam,Flamethrower|||M|||50|,,,,,Fire]Corviknight||SitrusBerry|MirrorArmor|Protect,Tailwind,Roost,BraveBird|||M|||50|,,,,,Dragon]Pawmot||FocusSash|NaturalCure|Protect,CloseCombat,DoubleShock,FakeOut|||M|||50|,,,,,Electric]Garchomp||LifeOrb|RoughSkin|Protect,Earthquake,DragonClaw,StompingTantrum|||M|||50|,,,,,Ground]Typhlosion-Hisui||ChoiceScarf|Blaze|Eruption,SleepTalk,HeatWave,ShadowBall|||M|||50|,,,,,Fire
|showteam|p2|Gholdengo||ChoiceSpecs|GoodasGold|MakeItRain,PowerGem,ShadowBall,Trick||||||50|,,,,,Steel]Dragonite||ChoiceBand|InnerFocus|ExtremeSpeed,Outrage,LowKick,Earthquake|||M|||50|,,,,,Normal]Talonflame||ClearAmulet|GaleWings|Tailwind,FlareBlitz,BraveBird,WillOWisp|||F|||50|,,,,,Ghost]Ursaluna-Bloodmoon||LifeOrb|MindsEye|HyperVoice,EarthPower,BloodMoon,Protect|||M|||50|,,,,,Normal]Dondozo||SafetyGoggles|Unaware|Protect,WaveCrash,OrderUp,Earthquake|||F|||50|,,,,,Ghost]Tatsugiri||FocusSash|Commander|DracoMeteor,MuddyWater,Protect,MirrorCoat|||F|||50|,,,,,Fairy
|
|t:|1756671857
|teamsize|p1|4
|teamsize|p2|4
|start
|switch|p1a: Typhlosion|Typhlosion-Hisui, L50, M|100/100
|switch|p1b: Pawmot|Pawmot, L50, M|100/100
|switch|p2a: Talonflame|Talonflame, L50, F|100/100
|switch|p2b: Ursaluna|Ursaluna-Bloodmoon, L50, M|100/100
|turn|1
|
|t:|1756671893
|switch|p1a: Corviknight|Corviknight, L50, M|100/100
|move|p2b: Ursaluna|Protect|p2b: Ursaluna
|-singleturn|p2b: Ursaluna|Protect
|move|p2a: Talonflame|Tailwind|p2a: Talonflame
|-sidestart|p2: flubberbut|move: Tailwind
|move|p1b: Pawmot|Close Combat|p2b: Ursaluna
|-activate|p2b: Ursaluna|move: Protect
|
|upkeep
|turn|2
|
|t:|1756671911
|-terastallize|p2b: Ursaluna|Normal
|move|p1b: Pawmot|Protect|p1b: Pawmot
|-singleturn|p1b: Pawmot|Protect
|move|p2a: Talonflame|Flare Blitz|p1a: Corviknight
|-supereffective|p1a: Corviknight
|-damage|p1a: Corviknight|27/100
|-enditem|p1a: Corviknight|Sitrus Berry|[eat]
|-heal|p1a: Corviknight|52/100|[from] item: Sitrus Berry
|-damage|p2a: Talonflame|68/100|[from] Recoil
|move|p2b: Ursaluna|Blood Moon|p1a: Corviknight
|-resisted|p1a: Corviknight
|-damage|p1a: Corviknight|0 fnt
|faint|p1a: Corviknight
|-damage|p2b: Ursaluna|91/100|[from] item: Life Orb
|
|upkeep
|
|t:|1756671923
|switch|p1a: Typhlosion|Typhlosion-Hisui, L50, M|100/100
|turn|3
|
|t:|1756671939
|-terastallize|p1b: Pawmot|Electric
|move|p2a: Talonflame|Brave Bird|p1a: Typhlosion
|-damage|p1a: Typhlosion|42/100
|-damage|p2a: Talonflame|50/100|[from] Recoil
|move|p1a: Typhlosion|Eruption|p2b: Ursaluna|[spread] p2a,p2b
|-resisted|p2a: Talonflame
|-crit|p2b: Ursaluna
|-damage|p2a: Talonflame|31/100
|-damage|p2b: Ursaluna|42/100
|move|p2b: Ursaluna|Hyper Voice|p1a: Typhlosion|[spread] p1a,p1b
|-damage|p1a: Typhlosion|0 fnt
|-enditem|p1b: Pawmot|Focus Sash
|-damage|p1b: Pawmot|1/100
|faint|p1a: Typhlosion
|-damage|p2b: Ursaluna|32/100|[from] item: Life Orb
|move|p1b: Pawmot|Double Shock|p2a: Talonflame
|-supereffective|p2a: Talonflame
|-crit|p2a: Talonflame
|-damage|p2a: Talonflame|0 fnt
|-start|p1b: Pawmot|typechange|Electric|[from] move: Double Shock
|faint|p2a: Talonflame
|
|upkeep
|
|t:|1756671963
|switch|p2a: Dragonite|Dragonite, L50, M|100/100
|switch|p1a: Garchomp|Garchomp, L50, M|100/100
|turn|4
|
|t:|1756671979
|move|p1b: Pawmot|Protect|p1b: Pawmot
|-singleturn|p1b: Pawmot|Protect
|move|p1a: Garchomp|Protect|p1a: Garchomp
|-singleturn|p1a: Garchomp|Protect
|move|p2a: Dragonite|Extreme Speed|p1a: Garchomp
|-activate|p1a: Garchomp|move: Protect
|move|p2b: Ursaluna|Hyper Voice|p1b: Pawmot|[spread] 
|-activate|p1a: Garchomp|move: Protect
|-activate|p1b: Pawmot|move: Protect
|
|-sideend|p2: flubberbut|move: Tailwind
|upkeep
|turn|5
|
|t:|1756671994
|move|p2a: Dragonite|Extreme Speed|p1b: Pawmot
|-damage|p1b: Pawmot|0 fnt
|faint|p1b: Pawmot
|move|p1a: Garchomp|Dragon Claw|p2a: Dragonite
|-supereffective|p2a: Dragonite
|-damage|p2a: Dragonite|0 fnt
|faint|p2a: Dragonite
|-damage|p1a: Garchomp|91/100|[from] item: Life Orb
|move|p2b: Ursaluna|Blood Moon|p1a: Garchomp
|-damage|p1a: Garchomp|0 fnt
|faint|p1a: Garchomp
|-damage|p2b: Ursaluna|23/100|[from] item: Life Orb
|
|win|flubberbut
|raw|beeetch's rating: 1263 → 1242(-21 for losing)
|raw|flubberbut's rating: 1319 → 1336(+17 for winning)
