|j|☆LegionVGC
|j|☆veryreally
|html|LegionVGCveryreally    
|uhtml|bestof|Game 1 of a best-of-3
|t:|1757860488
|gametype|doubles
|player|p1|LegionVGC|170|1204
|player|p2|veryreally|2|1111
|gen|9
|tier|[Gen 9] VGC 2025 Reg H (Bo3)
|rated|
|rule|Species Clause: Limit one of each Pokémon
|rule|Item Clause: Limit 1 of each item
|clearpoke
|poke|p1|Jumpluff, L50, M|
|poke|p1|Charizard, L50, M|
|poke|p1|Incineroar, L50, M|
|poke|p1|Ursaluna, L50, M|
|poke|p1|Porygon2, L50|
|poke|p1|Torkoal, L50, M|
|poke|p2|Baxcalibur, L50, F|
|poke|p2|Dondozo, L50, M|
|poke|p2|Kingambit, L50, M|
|poke|p2|Rillaboom, L50, M|
|poke|p2|Sneasler, L50, F|
|poke|p2|Volcarona, L50, M|
|teampreview|4
|showteam|p1|Jumpluff||CovertCloak|Chlorophyll|RagePowder,SleepPowder,SunnyDay,Tailwind|||M|||50|,,,,,Water]Charizard||ChoiceSpecs|SolarPower|HeatWave,Overheat,WeatherBall,AirSlash|||M|||50|,,,,,Ghost]Incineroar||SafetyGoggles|Intimidate|FlareBlitz,KnockOff,FakeOut,PartingShot|||M|||50|,,,,,Ghost]Ursaluna||FlameOrb|Guts|HeadlongRush,Facade,Earthquake,Protect|||M|||50|,,,,,Ghost]Porygon2||Eviolite|Download|TeraBlast,IceBeam,Recover,TrickRoom||||||50|,,,,,Fighting]Torkoal||EjectPack|Drought|Eruption,Overheat,HelpingHand,Protect|||M|||50|,,,,,Fire
|showteam|p2|Baxcalibur||LoadedDice|ThermalExchange|IcicleSpear,ScaleShot,Protect,IceShard|||F|||50|,,,,,Ghost]Dondozo||Leftovers|Unaware|Liquidation,Fissure,Protect,Yawn|||M|||50|,,,,,Bug]Kingambit||SafetyGoggles|Defiant|KowtowCleave,SuckerPunch,Protect,SwordsDance|||M|||50|,,,,,Dark]Rillaboom||AssaultVest|GrassySurge|FakeOut,GrassyGlide,HighHorsepower,WoodHammer|||M|||50|,,,,,Water]Sneasler||FocusSash|Unburden|DireClaw,CloseCombat,Protect,Coaching|||F|||50|,,,,,Stellar]Volcarona||CovertCloak|FlameBody|HeatWave,TeraBlast,RagePowder,QuiverDance|||M|||50|,,,,,Fairy
|inactive|Battle timer is ON: inactive players will automatically lose when time's up. (requested by veryreally)
|
|t:|1757860522
|teamsize|p1|4
|teamsize|p2|4
|start
|switch|p1a: Starbreaker|Porygon2, L50|100/100
|switch|p1b: Turtle|Torkoal, L50, M|100/100
|switch|p2a: Sneasler|Sneasler, L50, F|100/100
|switch|p2b: Rillaboom|Rillaboom, L50, M|100/100
|-fieldstart|move: Grassy Terrain|[from] ability: Grassy Surge|[of] p2b: Rillaboom
|-ability|p1a: Starbreaker|Download|boost
|-boost|p1a: Starbreaker|atk|1
|-weather|SunnyDay|[from] ability: Drought|[of] p1b: Turtle
|turn|1
|
|t:|1757860545
|switch|p1b: Scat Pack|Incineroar, L50, M|100/100
|-ability|p1b: Scat Pack|Intimidate|boost
|-unboost|p2a: Sneasler|atk|1
|-unboost|p2b: Rillaboom|atk|1
|-terastallize|p2b: Rillaboom|Water
|-terastallize|p1a: Starbreaker|Fighting
|move|p2b: Rillaboom|Fake Out|p1a: Starbreaker
|-damage|p1a: Starbreaker|94/100
|move|p2a: Sneasler|Close Combat|p1b: Scat Pack
|-supereffective|p1b: Scat Pack
|-damage|p1b: Scat Pack|14/100
|-unboost|p2a: Sneasler|def|1
|-unboost|p2a: Sneasler|spd|1
|cant|p1a: Starbreaker|flinch
|
|-weather|SunnyDay|[upkeep]
|-heal|p1b: Scat Pack|20/100|[from] Grassy Terrain
|-heal|p1a: Starbreaker|100/100|[from] Grassy Terrain
|upkeep
|turn|2
|
|t:|1757860568
|switch|p2a: Dondozo|Dondozo, L50, M|100/100
|switch|p2b: Kingambit|Kingambit, L50, M|100/100
|move|p1b: Scat Pack|Parting Shot|p2b: Kingambit
|-unboost|p2b: Kingambit|atk|1
|-ability|p2b: Kingambit|Defiant|boost
|-boost|p2b: Kingambit|atk|2
|-unboost|p2b: Kingambit|spa|1
|-ability|p2b: Kingambit|Defiant|boost
|-boost|p2b: Kingambit|atk|2
|
|t:|1757860581
|switch|p1b: Turtle|Torkoal, L50, M|100/100|[from] Parting Shot
|move|p1a: Starbreaker|Trick Room|p1a: Starbreaker
|-fieldstart|move: Trick Room|[of] p1a: Starbreaker
|
|-weather|SunnyDay|[upkeep]
|upkeep
|turn|3
|
|t:|1757860598
|switch|p1a: Baloo|Ursaluna, L50, M, shiny|100/100
|move|p2b: Kingambit|Protect|p2b: Kingambit
|-singleturn|p2b: Kingambit|Protect
|move|p1b: Turtle|Overheat|p2b: Kingambit
|-activate|p2b: Kingambit|move: Protect
|move|p2a: Dondozo|Yawn|p1a: Baloo
|-start|p1a: Baloo|move: Yawn|[of] p2a: Dondozo
|
|-weather|SunnyDay|[upkeep]
|-status|p1a: Baloo|brn|[from] item: Flame Orb
|upkeep
|turn|4
|
|t:|1757860621
|switch|p1b: Scat Pack|Incineroar, L50, M|20/100
|-ability|p1b: Scat Pack|Intimidate|boost
|-unboost|p2a: Dondozo|atk|1
|-unboost|p2b: Kingambit|atk|1
|-ability|p2b: Kingambit|Defiant|boost
|-boost|p2b: Kingambit|atk|2
|move|p2b: Kingambit|Sucker Punch||[still]
|-fail|p2b: Kingambit
|move|p2a: Dondozo|Liquidation|p1a: Baloo
|-supereffective|p1a: Baloo
|-damage|p1a: Baloo|87/100 brn
|move|p1a: Baloo|Headlong Rush|p2b: Kingambit
|-supereffective|p2b: Kingambit
|-damage|p2b: Kingambit|0 fnt
|-unboost|p1a: Baloo|def|1
|-unboost|p1a: Baloo|spd|1
|faint|p2b: Kingambit
|
|-weather|SunnyDay|[upkeep]
|-heal|p1a: Baloo|93/100 brn|[from] Grassy Terrain
|-heal|p1b: Scat Pack|26/100|[from] Grassy Terrain
|-damage|p1a: Baloo|87/100 brn|[from] brn
|-end|p1a: Baloo|move: Yawn|[silent]
|upkeep
|
|t:|1757860630
|switch|p2b: Sneasler|Sneasler, L50, F|100/100
|turn|5
|inactive|LegionVGC has 30 seconds left.
|inactive|LegionVGC has 20 seconds left.
|inactive|LegionVGC has 15 seconds left.
|inactive|LegionVGC has 10 seconds left.
|
|t:|1757860676
|switch|p1b: Turtle|Torkoal, L50, M|100/100
|move|p2a: Dondozo|Protect|p2a: Dondozo
|-singleturn|p2a: Dondozo|Protect
|move|p1a: Baloo|Protect|p1a: Baloo
|-singleturn|p1a: Baloo|Protect
|move|p2b: Sneasler|Protect||[still]
|-fail|p2b: Sneasler
|
|-weather|none
|-heal|p1a: Baloo|93/100 brn|[from] Grassy Terrain
|-damage|p1a: Baloo|87/100 brn|[from] brn
|-fieldend|move: Grassy Terrain
|upkeep
|turn|6
|
|t:|1757860690
|switch|p2b: Rillaboom|Rillaboom, L50, M, tera:Water|100/100
|-fieldstart|move: Grassy Terrain|[from] ability: Grassy Surge|[of] p2b: Rillaboom
|move|p1b: Turtle|Eruption|p2a: Dondozo|[spread] p2a,p2b
|-resisted|p2a: Dondozo
|-resisted|p2b: Rillaboom
|-damage|p2a: Dondozo|85/100
|-damage|p2b: Rillaboom|85/100
|move|p2a: Dondozo|Liquidation|p1a: Baloo
|-supereffective|p1a: Baloo
|-damage|p1a: Baloo|57/100 brn
|move|p1a: Baloo|Facade|p2b: Rillaboom
|-damage|p2b: Rillaboom|0 fnt
|faint|p2b: Rillaboom
|
|-heal|p2a: Dondozo|92/100|[from] Grassy Terrain
|-heal|p2a: Dondozo|98/100|[from] item: Leftovers
|-heal|p1a: Baloo|62/100 brn|[from] Grassy Terrain
|-damage|p1a: Baloo|57/100 brn|[from] brn
|-fieldend|move: Trick Room
|upkeep
|
|t:|1757860703
|switch|p2b: Sneasler|Sneasler, L50, F|100/100
|turn|7
|
|t:|1757860717
|switch|p1a: Scat Pack|Incineroar, L50, M|26/100
|-ability|p1a: Scat Pack|Intimidate|boost
|-unboost|p2a: Dondozo|atk|1
|-unboost|p2b: Sneasler|atk|1
|move|p2b: Sneasler|Close Combat|p1b: Turtle
|-damage|p1b: Turtle|67/100
|-unboost|p2b: Sneasler|def|1
|-unboost|p2b: Sneasler|spd|1
|move|p2a: Dondozo|Yawn|p1a: Scat Pack
|-start|p1a: Scat Pack|move: Yawn|[of] p2a: Dondozo
|move|p1b: Turtle|Eruption|p2a: Dondozo|[spread] p2a,p2b
|-resisted|p2a: Dondozo
|-damage|p2a: Dondozo|87/100
|-damage|p2b: Sneasler|35/100
|
|-heal|p2b: Sneasler|41/100|[from] Grassy Terrain
|-heal|p1a: Scat Pack|32/100|[from] Grassy Terrain
|-heal|p2a: Dondozo|93/100|[from] Grassy Terrain
|-heal|p2a: Dondozo|99/100|[from] item: Leftovers
|-heal|p1b: Turtle|73/100|[from] Grassy Terrain
|upkeep
|turn|8
|
|t:|1757860741
|switch|p1a: Starbreaker|Porygon2, L50, tera:Fighting|100/100
|-ability|p1a: Starbreaker|Download|boost
|-boost|p1a: Starbreaker|spa|1
|move|p2b: Sneasler|Close Combat|p1b: Turtle
|-damage|p1b: Turtle|42/100
|-unboost|p2b: Sneasler|def|1
|-unboost|p2b: Sneasler|spd|1
|move|p2a: Dondozo|Liquidation|p1a: Starbreaker
|-damage|p1a: Starbreaker|90/100
|move|p1b: Turtle|Overheat|p2b: Sneasler
|-damage|p2b: Sneasler|0 fnt
|-unboost|p1b: Turtle|spa|2
|faint|p2b: Sneasler
|-enditem|p1b: Turtle|Eject Pack
|-message|veryreally forfeited.
|
|win|LegionVGC
|l|☆veryreally
|player|p2|
||veryreally is ready for game 2.
||LegionVGC is ready for game 2.
|uhtml|next|Next: Game 2 of 3
